{
  "id": "gen9championsvgc2026regma-2582010424",
  "format": "[Gen 9 Champions] VGC 2026 Reg M-A",
  "players": [
    "Goodusername69",
    "bgirds"
  ],
  "log": "|j|\u2606Goodusername69\n|j|\u2606bgirds\n|t:|1776048071\n|gametype|doubles\n|player|p1|Goodusername69|lady-gen4|1039\n|player|p2|bgirds|266|1078\n|gen|9\n|tier|[Gen 9 Champions] VGC 2026 Reg M-A\n|rated|\n|rule|Species Clause: Limit one of each Pok\u00e9mon\n|rule|Item Clause: Limit 1 of each item\n|clearpoke\n|poke|p1|Beedrill, L50, F|\n|poke|p1|Incineroar, L50, M|\n|poke|p1|Clefable, L50, M|\n|poke|p1|Basculegion, L50, M|\n|poke|p1|Garchomp, L50, M|\n|poke|p1|Tsareena, L50, F|\n|poke|p2|Crabominable, L50, F|\n|poke|p2|Farigiraf, L50, M|\n|poke|p2|Sinistcha, L50|\n|poke|p2|Incineroar, L50, F|\n|poke|p2|Aggron, L50, F|\n|poke|p2|Basculegion, L50, M|\n|teampreview|4\n|inactive|Battle timer is ON: inactive players will automatically lose when time's up. (requested by bgirds)\n|inactive|Goodusername69 has 60 seconds left.\n|inactive|bgirds has 60 seconds left.\n|inactive|Goodusername69 has 30 seconds left.\n|inactive|Goodusername69 has 20 seconds left.\n|inactive|Goodusername69 has 15 seconds left.\n|inactive|Goodusername69 has 10 seconds left.\n|\n|t:|1776048153\n|teamsize|p1|4\n|teamsize|p2|4\n|start\n|switch|p1a: Tsareena|Tsareena, L50, F|100/100\n|switch|p1b: Incineroar|Incineroar, L50, M|100/100\n|switch|p2a: Farigiraf|Farigiraf, L50, M|100/100\n|switch|p2b: Incineroar|Incineroar, L50, F|100/100\n|-ability|p1b: Incineroar|Intimidate|boost\n|-unboost|p2a: Farigiraf|atk|1\n|-unboost|p2b: Incineroar|atk|1\n|-ability|p2b: Incineroar|Intimidate|boost\n|-unboost|p1a: Tsareena|atk|1\n|-unboost|p1b: Incineroar|atk|1\n|turn|1\n|inactive|bgirds has 30 seconds left.\n|inactive|bgirds has 20 seconds left.\n|inactive|bgirds has 15 seconds left.\n|\n|t:|1776048194\n|move|p1a: Tsareena|Taunt|p2a: Farigiraf\n|-start|p2a: Farigiraf|move: Taunt\n|-enditem|p2a: Farigiraf|Mental Herb\n|-end|p2a: Farigiraf|move: Taunt\n|move|p1b: Incineroar|Throat Chop|p2b: Incineroar\n|-resisted|p2b: Incineroar|1\n|-damage|p2b: Incineroar|92/100\n|-start|p2b: Incineroar|Throat Chop|[silent]\n|cant|p2b: Incineroar|move: Throat Chop\n|move|p2a: Farigiraf|Trick Room|p2a: Farigiraf\n|-fieldstart|move: Trick Room|[of] p2a: Farigiraf\n|\n|upkeep\n|turn|2\n|inactive|Goodusername69 has 30 seconds left.\n|\n|t:|1776048220\n|move|p2b: Incineroar|Helping Hand|p2a: Farigiraf\n|-singleturn|p2a: Farigiraf|Helping Hand|[of] p2b: Incineroar\n|move|p2a: Farigiraf|Hyper Voice|p1b: Incineroar|[spread] p1a,p1b\n|-crit|p1b: Incineroar\n|-damage|p1a: Tsareena|47/100\n|-damage|p1b: Incineroar|39/100\n|move|p1b: Incineroar|Throat Chop|p2a: Farigiraf\n|-supereffective|p2a: Farigiraf|1\n|-damage|p2a: Farigiraf|59/100\n|-start|p2a: Farigiraf|Throat Chop|[silent]\n|move|p1a: Tsareena|Low Kick|p2b: Incineroar\n|-supereffective|p2b: Incineroar|1\n|-damage|p2b: Incineroar|60/100\n|\n|-end|p2b: Incineroar|Throat Chop|[silent]\n|upkeep\n|turn|3\n|inactive|bgirds has 30 seconds left.\n|inactive|Goodusername69 has 30 seconds left.\n|\n|t:|1776048253\n|move|p2b: Incineroar|Helping Hand|p2a: Farigiraf\n|-singleturn|p2a: Farigiraf|Helping Hand|[of] p2b: Incineroar\n|move|p2a: Farigiraf|Psychic|p1a: Tsareena\n|-damage|p1a: Tsareena|0 fnt\n|faint|p1a: Tsareena\n|move|p1b: Incineroar|Parting Shot|p2a: Farigiraf\n|-unboost|p2a: Farigiraf|atk|1\n|-unboost|p2a: Farigiraf|spa|1\n|\n|t:|1776048261\n|switch|p1b: Garchomp|Garchomp, L50, M|100/100|[from] Parting Shot\n|\n|-end|p2a: Farigiraf|Throat Chop|[silent]\n|upkeep\n|\n|t:|1776048267\n|switch|p1a: Incineroar|Incineroar, L50, M|39/100\n|-ability|p1a: Incineroar|Intimidate|boost\n|-unboost|p2a: Farigiraf|atk|1\n|-unboost|p2b: Incineroar|atk|1\n|turn|4\n|inactive|bgirds has 30 seconds left.\n|\n|t:|1776048299\n|switch|p2a: Crabominable|Crabominable, L50, F, shiny|100/100\n|move|p2b: Incineroar|Parting Shot|p1b: Garchomp\n|-unboost|p1b: Garchomp|atk|1\n|-unboost|p1b: Garchomp|spa|1\n|\n|t:|1776048311\n|switch|p2b: Sinistcha|Sinistcha, L50|100/100|[from] Parting Shot\n|move|p1a: Incineroar|Throat Chop|p2a: Crabominable\n|-resisted|p2a: Crabominable|1\n|-damage|p2a: Crabominable|85/100\n|-start|p2a: Crabominable|Throat Chop|[silent]\n|move|p1b: Garchomp|Dragon Claw|p2a: Crabominable\n|-damage|p2a: Crabominable|53/100\n|\n|upkeep\n|turn|5\n|inactive|Goodusername69 has 30 seconds left.\n|inactive|bgirds has 30 seconds left.\n|inactive|bgirds has 20 seconds left.\n|inactive|Goodusername69 has 20 seconds left.\n|\n|t:|1776048352\n|switch|p1b: Basculegion|Basculegion, L50, M|100/100\n|move|p2b: Sinistcha|Rage Powder|p2b: Sinistcha\n|-singleturn|p2b: Sinistcha|move: Rage Powder\n|move|p2a: Crabominable|Drain Punch|p1a: Incineroar\n|-supereffective|p1a: Incineroar|1\n|-enditem|p1a: Incineroar|Chople Berry|[eat]\n|-enditem|p1a: Incineroar|Chople Berry|[weaken]\n|-damage|p1a: Incineroar|9/100\n|-heal|p2a: Crabominable|68/100|[from] drain|[of] p1a: Incineroar\n|move|p1a: Incineroar|Flare Blitz|p2b: Sinistcha\n|-supereffective|p2b: Sinistcha|1\n|-damage|p2b: Sinistcha|21/100\n|-damage|p1a: Incineroar|0 fnt|[from] Recoil\n|faint|p1a: Incineroar\n|\n|-heal|p2b: Sinistcha|28/100|[from] item: Leftovers\n|-end|p2a: Crabominable|Throat Chop|[silent]\n|-fieldend|move: Trick Room\n|upkeep\n|\n|t:|1776048363\n|switch|p1a: Garchomp|Garchomp, L50, M|100/100\n|turn|6\n|inactive|Goodusername69 has 30 seconds left.\n|inactive|bgirds has 30 seconds left.\n|inactive|Goodusername69 has 20 seconds left.\n|\n|t:|1776048403\n|move|p1a: Garchomp|Protect|p1a: Garchomp\n|-singleturn|p1a: Garchomp|Protect\n|move|p2a: Crabominable|Protect|p2a: Crabominable\n|-singleturn|p2a: Crabominable|Protect\n|move|p1b: Basculegion|Last Respects|p2b: Sinistcha\n|-supereffective|p2b: Sinistcha|1\n|-damage|p2b: Sinistcha|0 fnt\n|faint|p2b: Sinistcha\n|\n|upkeep\n|\n|t:|1776048417\n|switch|p2b: Incineroar|Incineroar, L50, F|60/100\n|-ability|p2b: Incineroar|Intimidate|boost\n|-unboost|p1a: Garchomp|atk|1\n|-unboost|p1b: Basculegion|atk|1\n|turn|7\n|\n|t:|1776048442\n|move|p2b: Incineroar|Fake Out|p1a: Garchomp\n|-damage|p1a: Garchomp|90/100\n|-damage|p2b: Incineroar|48/100|[from] ability: Rough Skin|[of] p1a: Garchomp\n|-enditem|p2b: Incineroar|Sitrus Berry|[eat]\n|-heal|p2b: Incineroar|72/100|[from] item: Sitrus Berry\n|move|p1b: Basculegion|Last Respects|p2a: Crabominable\n|-damage|p2a: Crabominable|0 fnt\n|faint|p2a: Crabominable\n|cant|p1a: Garchomp|flinch\n|\n|upkeep\n|\n|t:|1776048452\n|switch|p2a: Farigiraf|Farigiraf, L50, M|59/100\n|turn|8\n|inactive|Goodusername69 has 30 seconds left.\n|inactive|bgirds has 30 seconds left.\n|inactive|Goodusername69 has 20 seconds left.\n|inactive|bgirds has 20 seconds left.\n|inactive|Goodusername69 has 15 seconds left.\n|\n|t:|1776048493\n|move|p1b: Basculegion|Last Respects|p2b: Incineroar\n|-resisted|p2b: Incineroar|1\n|-damage|p2b: Incineroar|43/100\n|move|p1a: Garchomp|Earthquake|p2b: Incineroar|[spread] p1b,p2a,p2b\n|-supereffective|p2b: Incineroar|1\n|-damage|p1b: Basculegion|70/100\n|-damage|p2a: Farigiraf|34/100\n|-damage|p2b: Incineroar|0 fnt\n|faint|p2b: Incineroar\n|move|p2a: Farigiraf|Trick Room|p2a: Farigiraf\n|-fieldstart|move: Trick Room|[of] p2a: Farigiraf\n|\n|upkeep\n|turn|9\n|\n|t:|1776048512\n|move|p2a: Farigiraf|Protect|p2a: Farigiraf\n|-singleturn|p2a: Farigiraf|Protect\n|move|p1a: Garchomp|Protect|p1a: Garchomp\n|-singleturn|p1a: Garchomp|Protect\n|move|p1b: Basculegion|Last Respects|p2a: Farigiraf\n|-activate|p2a: Farigiraf|move: Protect\n|\n|upkeep\n|turn|10\n|\n|t:|1776048524\n|move|p2a: Farigiraf|Psychic|p1a: Garchomp\n|-damage|p1a: Garchomp|48/100\n|move|p1a: Garchomp|Dragon Claw|p2a: Farigiraf\n|-crit|p2a: Farigiraf\n|-damage|p2a: Farigiraf|0 fnt\n|faint|p2a: Farigiraf\n|\n|win|Goodusername69\n|raw|Goodusername69's rating: 1039 &rarr; <strong>1077</strong><br />(+38 for winning)\n|raw|bgirds's rating: 1078 &rarr; <strong>1054</strong><br />(-24 for losing)\n|l|\u2606bgirds\n|player|p2|\n",
  "uploadtime": 1776048531,
  "views": 11,
  "formatid": "gen9championsvgc2026regma",
  "rating": 1054,
  "private": 0,
  "password": null
}