{
  "id": "gen9championsvgc2026regma-2588421714",
  "format": "[Gen 9 Champions] VGC 2026 Reg M-A",
  "players": [
    "campeondelfitness",
    "BHPO"
  ],
  "log": "|j|\u2606campeondelfitness\n|j|\u2606BHPO\n|t:|1776632130\n|gametype|doubles\n|player|p1|campeondelfitness|swimmer|1256\n|player|p2|BHPO|benga|1344\n|gen|9\n|tier|[Gen 9 Champions] VGC 2026 Reg M-A\n|rated|\n|rule|Species Clause: Limit one of each Pok\u00e9mon\n|rule|Item Clause: Limit 1 of each item\n|clearpoke\n|poke|p1|Tyranitar, L50, F|\n|poke|p1|Garchomp, L50, F|\n|poke|p1|Heliolisk, L50, F|\n|poke|p1|Rotom-Heat, L50|\n|poke|p1|Orthworm, L50, F|\n|poke|p1|Aerodactyl, L50, M|\n|poke|p2|Tyranitar, L50, F|\n|poke|p2|Garchomp, L50, M|\n|poke|p2|Corviknight, L50, M, shiny|\n|poke|p2|Rotom-Wash, L50|\n|poke|p2|Sinistcha, L50|\n|poke|p2|Glimmora, L50, F|\n|teampreview|4\n|inactive|Battle timer is ON: inactive players will automatically lose when time's up. (requested by campeondelfitness)\n|inactive|campeondelfitness has 60 seconds left.\n|inactive|BHPO has 60 seconds left.\n|inactive|campeondelfitness has 30 seconds left.\n|inactive|campeondelfitness has 20 seconds left.\n|inactive|campeondelfitness has 15 seconds left.\n|\n|t:|1776632206\n|teamsize|p1|4\n|teamsize|p2|4\n|start\n|switch|p1a: Rotom|Rotom-Heat, L50|100/100\n|switch|p1b: Aerodactyl|Aerodactyl, L50, M|100/100\n|switch|p2a: Garchomp|Garchomp, L50, M|100/100\n|switch|p2b: Corviknight|Corviknight, L50, M, shiny|100/100\n|-ability|p1b: Aerodactyl|Unnerve\n|turn|1\n|\n|t:|1776632229\n|move|p2a: Garchomp|Rock Slide|p1b: Aerodactyl|[spread] p1a,p1b\n|-supereffective|p1a: Rotom|1\n|-supereffective|p1b: Aerodactyl|1\n|-damage|p1a: Rotom|60/100\n|-damage|p1b: Aerodactyl|46/100\n|move|p1b: Aerodactyl|Tailwind|p1b: Aerodactyl\n|-sidestart|p1: campeondelfitness|move: Tailwind\n|move|p1a: Rotom|Overheat|p2b: Corviknight\n|-supereffective|p2b: Corviknight|1\n|-damage|p2b: Corviknight|0 fnt\n|-unboost|p1a: Rotom|spa|2\n|faint|p2b: Corviknight\n|-enditem|p1a: Rotom|White Herb\n|-clearnegativeboost|p1a: Rotom|[silent]\n|\n|upkeep\n|\n|t:|1776632245\n|switch|p2b: Glimmora|Glimmora, L50, F|100/100\n|turn|2\n|inactive|campeondelfitness has 30 seconds left.\n|inactive|campeondelfitness has 20 seconds left.\n|inactive|campeondelfitness has 15 seconds left.\n|inactive|campeondelfitness has 10 seconds left.\n|\n|t:|1776632290\n|switch|p1b: Orthworm|Orthworm, L50, F|100/100\n|detailschange|p2b: Glimmora|Glimmora-Mega, L50, F\n|-mega|p2b: Glimmora|Glimmora|Glimmoranite\n|move|p1a: Rotom|Volt Switch|p2b: Glimmora\n|-damage|p2b: Glimmora|73/100\n|\n|t:|1776632303\n|switch|p1a: Garchomp|Garchomp, L50, F|100/100|[from] Volt Switch\n|move|p2a: Garchomp|Rock Slide|p1a: Garchomp|[spread] p1a\n|-miss|p2a: Garchomp|p1b: Orthworm\n|-resisted|p1a: Garchomp|1\n|-damage|p1a: Garchomp|91/100\n|move|p2b: Glimmora|Power Gem|p1a: Garchomp\n|-resisted|p1a: Garchomp|1\n|-damage|p1a: Garchomp|61/100\n|\n|upkeep\n|turn|3\n|inactive|BHPO has 30 seconds left.\n|\n|t:|1776632332\n|switch|p2a: Rotom|Rotom-Wash, L50|100/100\n|move|p1a: Garchomp|Protect|p1a: Garchomp\n|-singleturn|p1a: Garchomp|Protect\n|move|p2b: Glimmora|Spiky Shield|p2b: Glimmora\n|-singleturn|p2b: Glimmora|move: Protect\n|move|p1b: Orthworm|Iron Defense|p1b: Orthworm\n|-boost|p1b: Orthworm|def|2\n|\n|upkeep\n|turn|4\n|\n|t:|1776632353\n|detailschange|p1a: Garchomp|Garchomp-Mega, L50, F\n|-mega|p1a: Garchomp|Garchomp|Garchompite\n|move|p1a: Garchomp|Dragon Claw|p2a: Rotom\n|-damage|p2a: Rotom|50/100\n|move|p1b: Orthworm|Body Press|p2b: Glimmora\n|-damage|p2b: Glimmora|14/100\n|move|p2b: Glimmora|Earth Power|p1b: Orthworm\n|-immune|p1b: Orthworm|[from] ability: Earth Eater\n|move|p2a: Rotom|Hydro Pump|p1a: Garchomp\n|-damage|p1a: Garchomp|8/100\n|\n|-heal|p2a: Rotom|56/100|[from] item: Leftovers\n|-sideend|p1: campeondelfitness|move: Tailwind\n|upkeep\n|turn|5\n|\n|t:|1776632371\n|move|p2b: Glimmora|Spiky Shield|p2b: Glimmora\n|-singleturn|p2b: Glimmora|move: Protect\n|move|p1a: Garchomp|Protect|p1a: Garchomp\n|-singleturn|p1a: Garchomp|Protect\n|move|p2a: Rotom|Hydro Pump|p1a: Garchomp\n|-activate|p1a: Garchomp|move: Protect\n|move|p1b: Orthworm|Iron Defense|p1b: Orthworm\n|-boost|p1b: Orthworm|def|2\n|\n|-heal|p2a: Rotom|62/100|[from] item: Leftovers\n|upkeep\n|turn|6\n|inactive|BHPO has 30 seconds left.\n|\n|t:|1776632401\n|switch|p2b: Garchomp|Garchomp, L50, M|100/100\n|move|p1a: Garchomp|Dragon Claw|p2a: Rotom\n|-damage|p2a: Rotom|2/100\n|move|p2a: Rotom|Hydro Pump|p1a: Garchomp|[miss]\n|-miss|p2a: Rotom|p1a: Garchomp\n|move|p1b: Orthworm|Body Press|p2a: Rotom\n|-damage|p2a: Rotom|0 fnt\n|faint|p2a: Rotom\n|\n|upkeep\n|\n|t:|1776632413\n|switch|p2a: Glimmora|Glimmora-Mega, L50, F|14/100\n|turn|7\n|\n|t:|1776632423\n|move|p2a: Glimmora|Spiky Shield|p2a: Glimmora\n|-singleturn|p2a: Glimmora|move: Protect\n|move|p2b: Garchomp|Stomping Tantrum|p1a: Garchomp\n|-damage|p1a: Garchomp|0 fnt\n|faint|p1a: Garchomp\n|move|p1b: Orthworm|Body Press|p2a: Glimmora\n|-activate|p2a: Glimmora|move: Protect\n|-damage|p1b: Orthworm|88/100|[from] Spiky Shield|[of] p2a: Glimmora\n|\n|-heal|p1b: Orthworm|94/100|[from] item: Leftovers\n|upkeep\n|\n|t:|1776632440\n|switch|p1a: Aerodactyl|Aerodactyl, L50, M|46/100\n|-ability|p1a: Aerodactyl|Unnerve\n|turn|8\n|\n|t:|1776632452\n|move|p2b: Garchomp|Stomping Tantrum|p1a: Aerodactyl\n|-immune|p1a: Aerodactyl\n|move|p1a: Aerodactyl|Rock Slide|p2b: Garchomp|[spread] p2b\n|-miss|p1a: Aerodactyl|p2a: Glimmora\n|-resisted|p2b: Garchomp|1\n|-damage|p2b: Garchomp|89/100\n|move|p2a: Glimmora|Power Gem|p1a: Aerodactyl\n|-supereffective|p1a: Aerodactyl|1\n|-damage|p1a: Aerodactyl|0 fnt\n|faint|p1a: Aerodactyl\n|move|p1b: Orthworm|Iron Defense|p1b: Orthworm\n|-boost|p1b: Orthworm|def|2\n|\n|-heal|p1b: Orthworm|100/100|[from] item: Leftovers\n|upkeep\n|\n|t:|1776632466\n|switch|p1a: Rotom|Rotom-Heat, L50|60/100\n|turn|9\n|\n|t:|1776632474\n|move|p2b: Garchomp|Stomping Tantrum|p1b: Orthworm\n|-immune|p1b: Orthworm|[from] ability: Earth Eater\n|move|p2a: Glimmora|Power Gem|p1a: Rotom\n|-supereffective|p1a: Rotom|1\n|-damage|p1a: Rotom|0 fnt\n|faint|p1a: Rotom\n|move|p1b: Orthworm|Body Press|p2a: Glimmora\n|-damage|p2a: Glimmora|0 fnt\n|faint|p2a: Glimmora\n|\n|upkeep\n|turn|10\n|-message|BHPO forfeited.\n|\n|win|campeondelfitness\n|raw|campeondelfitness's rating: 1256 &rarr; <strong>1287</strong><br />(+31 for winning)\n|raw|BHPO's rating: 1344 &rarr; <strong>1319</strong><br />(-25 for losing)\n|l|\u2606BHPO\n|player|p2|\n",
  "uploadtime": 1776632493,
  "views": 16,
  "formatid": "gen9championsvgc2026regma",
  "rating": 1287,
  "private": 0,
  "password": null
}