{
  "id": "gen9championsvgc2026regma-2582644105",
  "format": "[Gen 9 Champions] VGC 2026 Reg M-A",
  "players": [
    "iPegTw1nks",
    "lol2439"
  ],
  "log": "|j|\u2606iPegTw1nks\n|j|\u2606lol2439\n|t:|1776104571\n|gametype|doubles\n|player|p1|iPegTw1nks|266|1000\n|player|p2|lol2439|1|1073\n|gen|9\n|tier|[Gen 9 Champions] VGC 2026 Reg M-A\n|rated|\n|rule|Species Clause: Limit one of each Pok\u00e9mon\n|rule|Item Clause: Limit 1 of each item\n|clearpoke\n|poke|p1|Hawlucha, L50, M|\n|poke|p1|Clefable, L50, M|\n|poke|p1|Whimsicott, L50, M|\n|poke|p1|Decidueye, L50, F|\n|poke|p1|Florges, L50, F|\n|poke|p1|Aggron, L50, F|\n|poke|p2|Drampa, L50, M|\n|poke|p2|Alakazam, L50, M|\n|poke|p2|Pelipper, L50, F|\n|poke|p2|Basculegion, L50, M|\n|poke|p2|Scizor, L50, M|\n|poke|p2|Sinistcha, L50|\n|teampreview|4\n|l|\u2606iPegTw1nks\n|player|p1|\n|j|\u2606iPegTw1nks\n|player|p1|iPegTw1nks|266|\n|\n|t:|1776104619\n|teamsize|p1|4\n|teamsize|p2|4\n|start\n|switch|p1a: Artemis|Clefable, L50, M, shiny|100/100\n|switch|p1b: Grallistrix|Decidueye, L50, F, shiny|100/100\n|switch|p2a: Drampa|Drampa, L50, M|100/100\n|switch|p2b: Alakazam|Alakazam, L50, M|100/100\n|turn|1\n|\n|t:|1776104637\n|detailschange|p2a: Drampa|Drampa-Mega, L50, M\n|-mega|p2a: Drampa|Drampa|Drampanite\n|move|p2b: Alakazam|Light Screen|p2b: Alakazam\n|-sidestart|p2: lol2439|move: Light Screen\n|move|p1b: Grallistrix|Swords Dance|p1b: Grallistrix\n|-boost|p1b: Grallistrix|atk|2\n|move|p1a: Artemis|Light Screen|p1a: Artemis\n|-sidestart|p1: iPegTw1nks|move: Light Screen\n|move|p2a: Drampa|Calm Mind|p2a: Drampa\n|-boost|p2a: Drampa|spa|1\n|-boost|p2a: Drampa|spd|1\n|\n|upkeep\n|turn|2\n|\n|t:|1776104682\n|move|p1a: Artemis|Follow Me|p1a: Artemis\n|-singleturn|p1a: Artemis|move: Follow Me\n|move|p2b: Alakazam|Speed Swap|p1a: Artemis\n|-activate|p2b: Alakazam|move: Speed Swap|[of] p1a: Artemis\n|move|p1b: Grallistrix|Swords Dance|p1b: Grallistrix\n|-boost|p1b: Grallistrix|atk|2\n|move|p2a: Drampa|Hyper Voice|p1b: Grallistrix|[spread] p1a\n|-immune|p1b: Grallistrix\n|-damage|p1a: Artemis|76/100\n|\n|-heal|p1a: Artemis|82/100|[from] item: Leftovers\n|upkeep\n|turn|3\n|\n|t:|1776104700\n|switch|p2b: Scizor|Scizor, L50, M|100/100\n|move|p2a: Drampa|Protect|p2a: Drampa\n|-singleturn|p2a: Drampa|Protect\n|move|p1a: Artemis|Follow Me|p1a: Artemis\n|-singleturn|p1a: Artemis|move: Follow Me\n|move|p1b: Grallistrix|Swords Dance|p1b: Grallistrix\n|-boost|p1b: Grallistrix|atk|2\n|\n|-heal|p1a: Artemis|88/100|[from] item: Leftovers\n|upkeep\n|turn|4\n|\n|t:|1776104721\n|move|p1a: Artemis|Follow Me|p1a: Artemis\n|-singleturn|p1a: Artemis|move: Follow Me\n|move|p1b: Grallistrix|Baton Pass|p1b: Grallistrix\n|\n|t:|1776104726\n|switch|p1b: Don Juan|Hawlucha, L50, M, shiny|100/100|[from] Baton Pass\n|move|p2b: Scizor|Swords Dance|p2b: Scizor\n|-boost|p2b: Scizor|atk|2\n|move|p2a: Drampa|Calm Mind|p2a: Drampa\n|-boost|p2a: Drampa|spa|1\n|-boost|p2a: Drampa|spd|1\n|\n|-heal|p1a: Artemis|94/100|[from] item: Leftovers\n|upkeep\n|turn|5\n|\n|t:|1776104747\n|detailschange|p1b: Don Juan|Hawlucha-Mega, L50, M, shiny\n|-mega|p1b: Don Juan|Hawlucha|Hawluchanite\n|move|p2a: Drampa|Protect|p2a: Drampa\n|-singleturn|p2a: Drampa|Protect\n|move|p2b: Scizor|Bullet Punch|p1a: Artemis\n|-supereffective|p1a: Artemis|1\n|-damage|p1a: Artemis|37/100\n|move|p1a: Artemis|Light Screen||[still]\n|-fail|p1a: Artemis\n|move|p1b: Don Juan|High Jump Kick|p2b: Scizor\n|-damage|p2b: Scizor|0 fnt\n|faint|p2b: Scizor\n|\n|-heal|p1a: Artemis|43/100|[from] item: Leftovers\n|-sideend|p1: iPegTw1nks|move: Light Screen\n|-sideend|p2: lol2439|move: Light Screen\n|upkeep\n|\n|t:|1776104774\n|switch|p2b: Sinistcha|Sinistcha, L50|100/100\n|turn|6\n|\n|t:|1776104786\n|-singleturn|p1b: Don Juan|move: Focus Punch\n|move|p2a: Drampa|Protect||[still]\n|-fail|p2a: Drampa\n|move|p1a: Artemis|Wish|p1a: Artemis\n|move|p1b: Don Juan|Focus Punch|p2a: Drampa\n|-supereffective|p2a: Drampa|1\n|-damage|p2a: Drampa|0 fnt\n|faint|p2a: Drampa\n|move|p2b: Sinistcha|Trick Room|p2b: Sinistcha\n|-fieldstart|move: Trick Room|[of] p2b: Sinistcha\n|\n|-heal|p1a: Artemis|49/100|[from] item: Leftovers\n|upkeep\n|\n|t:|1776104800\n|switch|p2a: Alakazam|Alakazam, L50, M|100/100\n|turn|7\n|\n|t:|1776104817\n|move|p2b: Sinistcha|Rage Powder|p2b: Sinistcha\n|-singleturn|p2b: Sinistcha|move: Rage Powder\n|move|p1b: Don Juan|High Jump Kick|p2b: Sinistcha\n|-immune|p2b: Sinistcha\n|-damage|p1b: Don Juan|51/100|[from] highjumpkick\n|move|p1a: Artemis|Wish||[still]\n|-fail|p1a: Artemis\n|move|p2a: Alakazam|Speed Swap|p2b: Sinistcha\n|-activate|p2a: Alakazam|move: Speed Swap|[of] p2b: Sinistcha\n|\n|-heal|p1a: Artemis|99/100|[from] move: Wish|[wisher] Artemis\n|-heal|p1a: Artemis|100/100|[from] item: Leftovers\n|upkeep\n|turn|8\n|\n|t:|1776104843\n|move|p1a: Artemis|Follow Me|p1a: Artemis\n|-singleturn|p1a: Artemis|move: Follow Me\n|move|p2a: Alakazam|Psychic|p1a: Artemis\n|-damage|p1a: Artemis|63/100\n|move|p1b: Don Juan|Drain Punch|p2a: Alakazam\n|-resisted|p2a: Alakazam|1\n|-damage|p2a: Alakazam|0 fnt\n|-heal|p1b: Don Juan|93/100|[from] drain|[of] p2a: Alakazam\n|faint|p2a: Alakazam\n|move|p2b: Sinistcha|Matcha Gotcha|p1a: Artemis|[spread] p1a,p1b\n|-resisted|p1b: Don Juan|1\n|-damage|p1a: Artemis|44/100\n|-damage|p1b: Don Juan|79/100\n|\n|-heal|p1a: Artemis|50/100|[from] item: Leftovers\n|upkeep\n|turn|9\n|\n|t:|1776104890\n|move|p1b: Don Juan|Roost|p1b: Don Juan\n|-heal|p1b: Don Juan|100/100\n|-singleturn|p1b: Don Juan|move: Roost\n|move|p1a: Artemis|Wish|p1a: Artemis\n|move|p2b: Sinistcha|Matcha Gotcha|p1b: Don Juan|[spread] p1a,p1b\n|-damage|p1a: Artemis|30/100\n|-damage|p1b: Don Juan|73/100\n|\n|-heal|p1a: Artemis|36/100|[from] item: Leftovers\n|upkeep\n|turn|10\n|\n|t:|1776104907\n|move|p1a: Artemis|Follow Me|p1a: Artemis\n|-singleturn|p1a: Artemis|move: Follow Me\n|move|p1b: Don Juan|Roost|p1b: Don Juan\n|-heal|p1b: Don Juan|100/100\n|-singleturn|p1b: Don Juan|move: Roost\n|move|p2b: Sinistcha|Matcha Gotcha|p1a: Artemis|[spread] p1a,p1b\n|-damage|p1a: Artemis|17/100\n|-damage|p1b: Don Juan|71/100\n|\n|-heal|p1a: Artemis|67/100|[from] move: Wish|[wisher] Artemis\n|-heal|p1a: Artemis|73/100|[from] item: Leftovers\n|-fieldend|move: Trick Room\n|upkeep\n|turn|11\n|\n|t:|1776104937\n|switch|p1a: Tartary|Whimsicott, L50, M, shiny|100/100\n|move|p2b: Sinistcha|Matcha Gotcha|p1b: Don Juan|[spread] p1a,p1b\n|-resisted|p1a: Tartary|1\n|-resisted|p1b: Don Juan|1\n|-damage|p1a: Tartary|85/100\n|-damage|p1b: Don Juan|56/100\n|move|p1b: Don Juan|Roost|p1b: Don Juan\n|-heal|p1b: Don Juan|100/100\n|-singleturn|p1b: Don Juan|move: Roost\n|\n|upkeep\n|turn|12\n|c|\u2606lol2439|Bruh i think i should forfeit at this pont lol\n|\n|t:|1776104973\n|move|p1a: Tartary|Switcheroo|p2b: Sinistcha\n|-activate|p1a: Tartary|move: Trick|[of] p2b: Sinistcha\n|-item|p2b: Sinistcha|Choice Scarf|[from] move: Switcheroo\n|-item|p1a: Tartary|Sitrus Berry|[from] move: Switcheroo\n|move|p2b: Sinistcha|Matcha Gotcha|p1a: Tartary|[spread] p1a,p1b\n|-resisted|p1a: Tartary|1\n|-resisted|p1b: Don Juan|1\n|-damage|p1a: Tartary|69/100\n|-damage|p1b: Don Juan|85/100\n|move|p1b: Don Juan|High Jump Kick|p2b: Sinistcha\n|-immune|p2b: Sinistcha\n|-damage|p1b: Don Juan|35/100|[from] highjumpkick\n|\n|upkeep\n|turn|13\n|\n|t:|1776104997\n|move|p1a: Tartary|Tailwind|p1a: Tartary\n|-sidestart|p1: iPegTw1nks|move: Tailwind\n|move|p1b: Don Juan|Roost|p1b: Don Juan\n|-heal|p1b: Don Juan|85/100\n|-singleturn|p1b: Don Juan|move: Roost\n|move|p2b: Sinistcha|Matcha Gotcha|p1b: Don Juan|[spread] p1a,p1b\n|-resisted|p1a: Tartary|1\n|-crit|p1a: Tartary\n|-damage|p1a: Tartary|42/100\n|-damage|p1b: Don Juan|55/100\n|-enditem|p1a: Tartary|Sitrus Berry|[eat]\n|-heal|p1a: Tartary|67/100|[from] item: Sitrus Berry\n|\n|upkeep\n|turn|14\n|c|\u2606iPegTw1nks|i only have fighting moves on my hawlucha...\n|c|\u2606lol2439|Lol\n|c|\u2606iPegTw1nks|and hes the only pokemon that i have attack moves on\n|c|\u2606iPegTw1nks|im an idiot\n|c|\u2606iPegTw1nks|gg\n|-message|iPegTw1nks forfeited.\n|\n|win|lol2439\n|raw|iPegTw1nks's rating: 1000 &rarr; <strong>1000</strong><br />(+0 for losing)\n|raw|lol2439's rating: 1073 &rarr; <strong>1096</strong><br />(+23 for winning)\n|l|\u2606iPegTw1nks\n|player|p1|\n",
  "uploadtime": 1776105053,
  "views": 38,
  "formatid": "gen9championsvgc2026regma",
  "rating": 1000,
  "private": 0,
  "password": null
}