{
  "id": "gen9championsvgc2026regma-2588500251",
  "format": "[Gen 9 Champions] VGC 2026 Reg M-A",
  "players": [
    "Thelongesticando",
    "venusaurrr"
  ],
  "log": "|j|\u2606Thelongesticando\n|j|\u203dvenusaurrr\n|t:|1776639173\n|gametype|doubles\n|player|p1|Thelongesticando|102|1435\n|player|p2|venusaurrr|boarder|1481\n|gen|9\n|tier|[Gen 9 Champions] VGC 2026 Reg M-A\n|rated|\n|rule|Species Clause: Limit one of each Pok\u00e9mon\n|rule|Item Clause: Limit 1 of each item\n|clearpoke\n|poke|p1|Meganium, L50, M|\n|poke|p1|Archaludon, L50, M|\n|poke|p1|Aerodactyl, L50, M|\n|poke|p1|Typhlosion-Hisui, L50, M|\n|poke|p1|Tauros-Paldea-Aqua, L50, M|\n|poke|p1|Kangaskhan, L50, F|\n|poke|p2|Golurk, L50|\n|poke|p2|Farigiraf, L50, F|\n|poke|p2|Incineroar, L50, F|\n|poke|p2|Torkoal, L50, M|\n|poke|p2|Sneasler, L50, M|\n|poke|p2|Venusaur, L50, M|\n|teampreview|4\n|\n|t:|1776639197\n|teamsize|p1|4\n|teamsize|p2|4\n|start\n|switch|p1a: Archaludon|Archaludon, L50, M|100/100\n|switch|p1b: Kangaskhan|Kangaskhan, L50, F|100/100\n|switch|p2a: Incineroar|Incineroar, L50, F|100/100\n|switch|p2b: Farigiraf|Farigiraf, L50, F|100/100\n|-ability|p2a: Incineroar|Intimidate|boost\n|-unboost|p1a: Archaludon|atk|1\n|-fail|p1b: Kangaskhan|unboost|Attack|[from] ability: Inner Focus|[of] p1b: Kangaskhan\n|turn|1\n|inactive|Battle timer is ON: inactive players will automatically lose when time's up. (requested by venusaurrr)\n|\n|t:|1776639217\n|move|p2a: Incineroar|Fake Out|p1b: Kangaskhan\n|-damage|p1b: Kangaskhan|89/100\n|move|p1a: Archaludon|Dragon Pulse|p2b: Farigiraf\n|-damage|p2b: Farigiraf|59/100\n|move|p1b: Kangaskhan|Drain Punch|p2a: Incineroar\n|-supereffective|p2a: Incineroar|1\n|-damage|p2a: Incineroar|65/100\n|-heal|p1b: Kangaskhan|100/100|[from] drain|[of] p2a: Incineroar\n|move|p2b: Farigiraf|Trick Room|p2b: Farigiraf\n|-fieldstart|move: Trick Room|[of] p2b: Farigiraf\n|\n|upkeep\n|turn|2\n|inactive|Thelongesticando has 30 seconds left.\n|inactive|venusaurrr has 30 seconds left.\n|inactive|Thelongesticando has 20 seconds left.\n|\n|t:|1776639256\n|detailschange|p1b: Kangaskhan|Kangaskhan-Mega, L50, F\n|-mega|p1b: Kangaskhan|Kangaskhan|Kangaskhanite\n|move|p2b: Farigiraf|Psychic|p1b: Kangaskhan\n|-damage|p1b: Kangaskhan|71/100\n|move|p2a: Incineroar|Parting Shot|p1a: Archaludon\n|-unboost|p1a: Archaludon|atk|1\n|-unboost|p1a: Archaludon|spa|1\n|\n|t:|1776639264\n|switch|p2a: Golurk|Golurk, L50|100/100|[from] Parting Shot\n|move|p1b: Kangaskhan|Double-Edge|p2a: Golurk\n|-immune|p2a: Golurk\n|move|p1a: Archaludon|Dragon Pulse|p2b: Farigiraf\n|-damage|p2b: Farigiraf|28/100\n|-enditem|p2b: Farigiraf|Sitrus Berry|[eat]\n|-heal|p2b: Farigiraf|53/100|[from] item: Sitrus Berry\n|\n|upkeep\n|turn|3\n|inactive|venusaurrr has 30 seconds left.\n|\n|t:|1776639289\n|switch|p2b: Torkoal|Torkoal, L50, M|100/100\n|-weather|SunnyDay|[from] ability: Drought|[of] p2b: Torkoal\n|detailschange|p2a: Golurk|Golurk-Mega, L50\n|-mega|p2a: Golurk|Golurk|Golurkite\n|move|p1b: Kangaskhan|Sucker Punch|p2a: Golurk\n|-supereffective|p2a: Golurk|1\n|-damage|p2a: Golurk|51/100\n|-supereffective|p2a: Golurk|1\n|-damage|p2a: Golurk|40/100\n|-hitcount|p2a: Golurk|2\n|move|p2a: Golurk|Headlong Rush|p1a: Archaludon\n|-supereffective|p1a: Archaludon|1\n|-ability|p1a: Archaludon|Sturdy\n|-damage|p1a: Archaludon|1/100\n|-unboost|p2a: Golurk|def|1\n|-unboost|p2a: Golurk|spd|1\n|move|p1a: Archaludon|Dragon Pulse|p2b: Torkoal\n|-damage|p2b: Torkoal|64/100\n|\n|-weather|SunnyDay|[upkeep]\n|-heal|p1a: Archaludon|7/100|[from] item: Leftovers\n|upkeep\n|turn|4\n|\n|t:|1776639313\n|switch|p2a: Incineroar|Incineroar, L50, F|65/100\n|-ability|p2a: Incineroar|Intimidate|boost\n|-unboost|p1a: Archaludon|atk|1\n|-unboost|p1b: Kangaskhan|atk|1\n|move|p1a: Archaludon|Protect|p1a: Archaludon\n|-singleturn|p1a: Archaludon|Protect\n|move|p1b: Kangaskhan|Sucker Punch|p2b: Torkoal\n|-damage|p2b: Torkoal|50/100\n|-damage|p2b: Torkoal|47/100\n|-hitcount|p2b: Torkoal|2\n|move|p2b: Torkoal|Heat Wave|p1b: Kangaskhan|[spread] \n|-activate|p1a: Archaludon|move: Protect\n|-miss|p2b: Torkoal|p1b: Kangaskhan\n|\n|-weather|SunnyDay|[upkeep]\n|-heal|p1a: Archaludon|13/100|[from] item: Leftovers\n|upkeep\n|turn|5\n|inactive|venusaurrr has 30 seconds left.\n|inactive|Thelongesticando has 30 seconds left.\n|inactive|venusaurrr has 20 seconds left.\n|inactive|venusaurrr has 15 seconds left.\n|\n|t:|1776639354\n|switch|p2a: Farigiraf|Farigiraf, L50, F|53/100\n|switch|p1a: Typhlosion|Typhlosion-Hisui, L50, M|100/100\n|move|p2b: Torkoal|Weather Ball|p1a: Typhlosion\n|-resisted|p1a: Typhlosion|1\n|-damage|p1a: Typhlosion|44/100\n|move|p1b: Kangaskhan|Drain Punch|p2a: Farigiraf\n|-damage|p2a: Farigiraf|37/100\n|-heal|p1b: Kangaskhan|80/100|[from] drain|[of] p2a: Farigiraf\n|-damage|p2a: Farigiraf|33/100\n|-heal|p1b: Kangaskhan|82/100|[from] drain|[of] p2a: Farigiraf\n|-hitcount|p2a: Farigiraf|2\n|\n|-weather|SunnyDay|[upkeep]\n|-fieldend|move: Trick Room\n|upkeep\n|turn|6\n|inactive|venusaurrr has 30 seconds left.\n|\n|t:|1776639380\n|switch|p2b: Incineroar|Incineroar, L50, F|65/100\n|-ability|p2b: Incineroar|Intimidate|boost\n|-unboost|p1a: Typhlosion|atk|1\n|-unboost|p1b: Kangaskhan|atk|1\n|move|p1a: Typhlosion|Heat Wave|p2a: Farigiraf|[spread] p2a,p2b\n|-resisted|p2b: Incineroar|1\n|-damage|p2a: Farigiraf|0 fnt\n|-damage|p2b: Incineroar|37/100\n|faint|p2a: Farigiraf\n|move|p1b: Kangaskhan|Drain Punch|p2b: Incineroar\n|-supereffective|p2b: Incineroar|1\n|-damage|p2b: Incineroar|15/100\n|-heal|p1b: Kangaskhan|92/100|[from] drain|[of] p2b: Incineroar\n|-supereffective|p2b: Incineroar|1\n|-damage|p2b: Incineroar|9/100\n|-heal|p1b: Kangaskhan|95/100|[from] drain|[of] p2b: Incineroar\n|-hitcount|p2b: Incineroar|2\n|\n|-weather|SunnyDay|[upkeep]\n|upkeep\n|\n|t:|1776639398\n|switch|p2a: Golurk|Golurk-Mega, L50|40/100\n|turn|7\n|\n|t:|1776639414\n|switch|p1b: Tauros|Tauros-Paldea-Aqua, L50, M|100/100\n|-ability|p1b: Tauros|Intimidate|boost\n|-unboost|p2a: Golurk|atk|1\n|-unboost|p2b: Incineroar|atk|1\n|move|p2b: Incineroar|Fake Out|p1b: Tauros\n|-damage|p1b: Tauros|93/100\n|move|p1a: Typhlosion|Heat Wave|p2a: Golurk|[spread] p2b\n|-miss|p1a: Typhlosion|p2a: Golurk\n|-resisted|p2b: Incineroar|1\n|-crit|p2b: Incineroar\n|-damage|p2b: Incineroar|0 fnt\n|faint|p2b: Incineroar\n|move|p2a: Golurk|Poltergeist|p1a: Typhlosion\n|-activate|p1a: Typhlosion|move: Poltergeist|Choice Scarf\n|-supereffective|p1a: Typhlosion|1\n|-damage|p1a: Typhlosion|0 fnt\n|faint|p1a: Typhlosion\n|\n|-weather|none\n|upkeep\n|\n|t:|1776639428\n|switch|p1a: Archaludon|Archaludon, L50, M|13/100\n|switch|p2b: Torkoal|Torkoal, L50, M|47/100\n|-weather|SunnyDay|[from] ability: Drought|[of] p2b: Torkoal\n|turn|8\n|\n|t:|1776639435\n|move|p2a: Golurk|Protect|p2a: Golurk\n|-singleturn|p2a: Golurk|Protect\n|move|p1b: Tauros|Wave Crash|p2a: Golurk\n|-activate|p2a: Golurk|move: Protect\n|move|p1a: Archaludon|Dragon Pulse|p2b: Torkoal\n|-damage|p2b: Torkoal|0 fnt\n|faint|p2b: Torkoal\n|\n|-weather|SunnyDay|[upkeep]\n|-heal|p1a: Archaludon|19/100|[from] item: Leftovers\n|upkeep\n|turn|9\n|-message|venusaurrr forfeited.\n|\n|win|Thelongesticando\n|raw|Thelongesticando's rating: 1435 &rarr; <strong>1458</strong><br />(+23 for winning)\n|raw|venusaurrr's rating: 1481 &rarr; <strong>1458</strong><br />(-23 for losing)\n|l|\u203dvenusaurrr\n|player|p2|\n",
  "uploadtime": 1776639446,
  "views": 11,
  "formatid": "gen9championsvgc2026regma",
  "rating": 1458,
  "private": 0,
  "password": null
}