{
  "id": "gen9championsvgc2026regma-2588549044",
  "format": "[Gen 9 Champions] VGC 2026 Reg M-A",
  "players": [
    "Better Luck VGC",
    "falfk"
  ],
  "log": "|j|\u2606Better Luck VGC\n|j|\u2606falfk\n|t:|1776643921\n|gametype|doubles\n|player|p1|Better Luck VGC|caitlin|1137\n|player|p2|falfk|102|1039\n|gen|9\n|tier|[Gen 9 Champions] VGC 2026 Reg M-A\n|rated|\n|rule|Species Clause: Limit one of each Pok\u00e9mon\n|rule|Item Clause: Limit 1 of each item\n|clearpoke\n|poke|p1|Meganium, L50, M|\n|poke|p1|Tyranitar, L50, F|\n|poke|p1|Sinistcha, L50|\n|poke|p1|Basculegion, L50, M|\n|poke|p1|Incineroar, L50, F|\n|poke|p1|Aerodactyl, L50, F|\n|poke|p2|Venusaur, L50, F|\n|poke|p2|Sableye, L50, M|\n|poke|p2|Milotic, L50, F|\n|poke|p2|Incineroar, L50, F|\n|poke|p2|Espathra, L50, F|\n|poke|p2|Alcremie, L50, F|\n|teampreview|4\n|inactive|Battle timer is ON: inactive players will automatically lose when time's up. (requested by falfk)\n|inactive|Better Luck VGC has 60 seconds left.\n|\n|t:|1776643984\n|teamsize|p1|4\n|teamsize|p2|4\n|start\n|switch|p1a: Cecilily|Meganium, L50, M|100/100\n|switch|p1b: Aerodactyl|Aerodactyl, L50, F|100/100\n|switch|p2a: Espathra|Espathra, L50, F|100/100\n|switch|p2b: Sableye|Sableye, L50, M|100/100\n|-ability|p1b: Aerodactyl|Unnerve\n|turn|1\n|\n|t:|1776644007\n|detailschange|p1a: Cecilily|Meganium-Mega, L50, M\n|-mega|p1a: Cecilily|Meganium|Meganiumite\n|move|p2b: Sableye|Fake Out|p1a: Cecilily\n|-damage|p1a: Cecilily|94/100\n|move|p1b: Aerodactyl|Rock Slide|p2a: Espathra|[spread] p2a,p2b\n|-damage|p2a: Espathra|60/100\n|-damage|p2b: Sableye|68/100\n|move|p2a: Espathra|Calm Mind|p2a: Espathra\n|-boost|p2a: Espathra|spa|1\n|-boost|p2a: Espathra|spd|1\n|cant|p1a: Cecilily|flinch\n|\n|-ability|p2a: Espathra|Speed Boost|boost\n|-boost|p2a: Espathra|spe|1\n|upkeep\n|turn|2\n|\n|t:|1776644029\n|move|p2b: Sableye|Gravity|p2b: Sableye\n|-fieldstart|move: Gravity\n|move|p2a: Espathra|Baton Pass|p2a: Espathra\n|\n|t:|1776644040\n|switch|p2a: Venusaur|Venusaur, L50, F|100/100|[from] Baton Pass\n|move|p1b: Aerodactyl|Rock Slide|p2a: Venusaur|[spread] p2a,p2b\n|-damage|p2a: Venusaur|78/100\n|-damage|p2b: Sableye|37/100\n|move|p1a: Cecilily|Dazzling Gleam|p2b: Sableye|[spread] p2a,p2b\n|-resisted|p2a: Venusaur|1\n|-supereffective|p2b: Sableye|1\n|-damage|p2a: Venusaur|65/100\n|-damage|p2b: Sableye|0 fnt\n|faint|p2b: Sableye\n|\n|upkeep\n|\n|t:|1776644052\n|switch|p2b: Espathra|Espathra, L50, F|60/100\n|turn|3\n|\n|t:|1776644063\n|switch|p1a: Incineroar|Incineroar, L50, F|100/100\n|-ability|p1a: Incineroar|Intimidate|boost\n|-unboost|p2a: Venusaur|atk|1\n|-unboost|p2b: Espathra|atk|1\n|detailschange|p2a: Venusaur|Venusaur-Mega, L50, F\n|-mega|p2a: Venusaur|Venusaur|Venusaurite\n|move|p1b: Aerodactyl|Dual Wingbeat|p2a: Venusaur\n|-supereffective|p2a: Venusaur|1\n|-damage|p2a: Venusaur|41/100\n|-supereffective|p2a: Venusaur|1\n|-damage|p2a: Venusaur|17/100\n|-hitcount|p2a: Venusaur|2\n|move|p2b: Espathra|Calm Mind|p2b: Espathra\n|-boost|p2b: Espathra|spa|1\n|-boost|p2b: Espathra|spd|1\n|move|p2a: Venusaur|Giga Drain|p1b: Aerodactyl\n|-damage|p1b: Aerodactyl|19/100\n|-heal|p2a: Venusaur|51/100|[from] drain|[of] p1b: Aerodactyl\n|\n|-ability|p2b: Espathra|Speed Boost|boost\n|-boost|p2b: Espathra|spe|1\n|upkeep\n|turn|4\n|inactive|Better Luck VGC has 30 seconds left.\n|\n|t:|1776644092\n|move|p2a: Venusaur|Protect|p2a: Venusaur\n|-singleturn|p2a: Venusaur|Protect\n|move|p2b: Espathra|Baton Pass|p2b: Espathra\n|\n|t:|1776644095\n|switch|p2b: Milotic|Milotic, L50, F|100/100|[from] Baton Pass\n|move|p1b: Aerodactyl|Dual Wingbeat|p2a: Venusaur\n|-activate|p2a: Venusaur|move: Protect\n|move|p1a: Incineroar|Flare Blitz|p2a: Venusaur\n|-activate|p2a: Venusaur|move: Protect\n|\n|upkeep\n|turn|5\n|\n|t:|1776644116\n|move|p1b: Aerodactyl|Tailwind|p1b: Aerodactyl\n|-sidestart|p1: Better Luck VGC|move: Tailwind\n|move|p1a: Incineroar|Flare Blitz|p2a: Venusaur\n|-supereffective|p2a: Venusaur|1\n|-damage|p2a: Venusaur|14/100\n|-damage|p1a: Incineroar|89/100|[from] Recoil\n|move|p2b: Milotic|Scald|p1a: Incineroar\n|-supereffective|p1a: Incineroar|1\n|-damage|p1a: Incineroar|0 fnt\n|faint|p1a: Incineroar\n|move|p2a: Venusaur|Giga Drain|p1b: Aerodactyl\n|-damage|p1b: Aerodactyl|0 fnt\n|-heal|p2a: Venusaur|22/100|[from] drain|[of] p1b: Aerodactyl\n|faint|p1b: Aerodactyl\n|\n|upkeep\n|\n|t:|1776644128\n|switch|p1b: Sinistcha|Sinistcha, L50|100/100\n|switch|p1a: Cecilily|Meganium-Mega, L50, M|94/100\n|-heal|p1a: Cecilily|100/100|[from] ability: Hospitality|[of] p1b: Sinistcha\n|turn|6\n|\n|t:|1776644145\n|move|p2a: Venusaur|Protect|p2a: Venusaur\n|-singleturn|p2a: Venusaur|Protect\n|move|p1b: Sinistcha|Rage Powder|p1b: Sinistcha\n|-singleturn|p1b: Sinistcha|move: Rage Powder\n|move|p1a: Cecilily|Weather Ball|p2a: Venusaur\n|-activate|p2a: Venusaur|move: Protect\n|move|p2b: Milotic|Hypnosis|p1b: Sinistcha\n|-status|p1b: Sinistcha|slp|[from] move: Hypnosis\n|\n|-fieldend|move: Gravity\n|upkeep\n|turn|7\n|\n|t:|1776644164\n|switch|p2a: Espathra|Espathra, L50, F|60/100\n|cant|p1b: Sinistcha|slp\n|move|p1a: Cecilily|Weather Ball|p2a: Espathra\n|-damage|p2a: Espathra|0 fnt\n|faint|p2a: Espathra\n|move|p2b: Milotic|Hypnosis|p1a: Cecilily\n|-status|p1a: Cecilily|slp|[from] move: Hypnosis\n|\n|upkeep\n|\n|t:|1776644174\n|switch|p2a: Venusaur|Venusaur-Mega, L50, F|22/100\n|turn|8\n|\n|t:|1776644189\n|cant|p1b: Sinistcha|slp\n|cant|p1a: Cecilily|slp\n|move|p2b: Milotic|Icy Wind|p1b: Sinistcha|[spread] p1a,p1b\n|-supereffective|p1a: Cecilily|1\n|-supereffective|p1b: Sinistcha|1\n|-damage|p1a: Cecilily|68/100 slp\n|-damage|p1b: Sinistcha|67/100 slp\n|-unboost|p1a: Cecilily|spe|1\n|-unboost|p1b: Sinistcha|spe|1\n|move|p2a: Venusaur|Sludge Bomb|p1b: Sinistcha\n|-damage|p1b: Sinistcha|21/100 slp\n|-enditem|p1b: Sinistcha|Sitrus Berry|[eat]\n|-heal|p1b: Sinistcha|46/100 slp|[from] item: Sitrus Berry\n|\n|-sideend|p1: Better Luck VGC|move: Tailwind\n|upkeep\n|turn|9\n|inactive|Better Luck VGC has 30 seconds left.\n|inactive|Better Luck VGC has 20 seconds left.\n|\n|t:|1776644227\n|-curestatus|p1b: Sinistcha|slp|[msg]\n|move|p1b: Sinistcha|Rage Powder|p1b: Sinistcha\n|-singleturn|p1b: Sinistcha|move: Rage Powder\n|move|p2b: Milotic|Icy Wind|p1b: Sinistcha|[spread] p1a,p1b\n|-supereffective|p1a: Cecilily|1\n|-supereffective|p1b: Sinistcha|1\n|-damage|p1a: Cecilily|33/100 slp\n|-damage|p1b: Sinistcha|14/100\n|-unboost|p1a: Cecilily|spe|1\n|-unboost|p1b: Sinistcha|spe|1\n|move|p2a: Venusaur|Sludge Bomb|p1b: Sinistcha\n|-damage|p1b: Sinistcha|0 fnt\n|faint|p1b: Sinistcha\n|cant|p1a: Cecilily|slp\n|\n|upkeep\n|turn|10\n|c|\u2606Better Luck VGC|ggwp\n|-message|Better Luck VGC forfeited.\n|\n|win|falfk\n|raw|Better Luck VGC's rating: 1137 &rarr; <strong>1105</strong><br />(-32 for losing)\n|raw|falfk's rating: 1039 &rarr; <strong>1083</strong><br />(+44 for winning)\n",
  "uploadtime": 1776644247,
  "views": 6,
  "formatid": "gen9championsvgc2026regma",
  "rating": 1083,
  "private": 0,
  "password": null
}