{
  "id": "gen9championsvgc2026regma-2581296443",
  "format": "[Gen 9 Champions] VGC 2026 Reg M-A",
  "players": [
    "JustJakeyVGC",
    "morkemon"
  ],
  "log": "|j|\u2606JustJakeyVGC\n|j|\u2606morkemon\n|t:|1775982892\n|gametype|doubles\n|player|p1|JustJakeyVGC|169|1121\n|player|p2|morkemon|biker-gen4|1059\n|gen|9\n|tier|[Gen 9 Champions] VGC 2026 Reg M-A\n|rated|\n|rule|Species Clause: Limit one of each Pok\u00e9mon\n|rule|Item Clause: Limit 1 of each item\n|clearpoke\n|poke|p1|Pelipper, L50, M|\n|poke|p1|Gengar, L50, F|\n|poke|p1|Archaludon, L50, F|\n|poke|p1|Incineroar, L50, F|\n|poke|p1|Basculegion, L50, M|\n|poke|p1|Sinistcha, L50|\n|poke|p2|Krookodile, L50, M|\n|poke|p2|Froslass, L50, F|\n|poke|p2|Tauros-Paldea-Aqua, L50, M|\n|poke|p2|Pelipper, L50, F|\n|poke|p2|Farigiraf, L50, F|\n|poke|p2|Sinistcha, L50|\n|teampreview|4\n|\n|t:|1775982934\n|teamsize|p1|4\n|teamsize|p2|4\n|start\n|switch|p1a: Pelipper|Pelipper, L50, M|100/100\n|switch|p1b: Gengar|Gengar, L50, F|100/100\n|switch|p2a: Im gonna mega|Froslass, L50, F|100/100\n|switch|p2b: The Dile|Krookodile, L50, M|100/100\n|-weather|RainDance|[from] ability: Drizzle|[of] p1a: Pelipper\n|turn|1\n|\n|t:|1775982957\n|detailschange|p1b: Gengar|Gengar-Mega, L50, F\n|-mega|p1b: Gengar|Gengar|Gengarite\n|move|p1b: Gengar|Protect|p1b: Gengar\n|-singleturn|p1b: Gengar|Protect\n|move|p1a: Pelipper|U-turn|p2b: The Dile\n|-supereffective|p2b: The Dile|1\n|-damage|p2b: The Dile|80/100\n|\n|t:|1775982978\n|switch|p1a: Incineroar|Incineroar, L50, F|100/100|[from] U-turn\n|-ability|p1a: Incineroar|Intimidate|boost\n|-unboost|p2a: Im gonna mega|atk|1\n|-unboost|p2b: The Dile|atk|1\n|move|p2a: Im gonna mega|Frost Breath|p2b: The Dile\n|-supereffective|p2b: The Dile|1\n|-crit|p2b: The Dile\n|-enditem|p2b: The Dile|Yache Berry|[eat]\n|-enditem|p2b: The Dile|Yache Berry|[weaken]\n|-damage|p2b: The Dile|46/100\n|-setboost|p2b: The Dile|atk|6|[from] ability: Anger Point\n|move|p2b: The Dile|Power Trip|p1b: Gengar\n|-activate|p1b: Gengar|move: Protect\n|\n|-weather|RainDance|[upkeep]\n|upkeep\n|turn|2\n|\n|t:|1775983038\n|switch|p2a: Raf|Farigiraf, L50, F|100/100\n|move|p1a: Incineroar|Fake Out||[still]\n|cant|p2a: Raf|ability: Armor Tail|Fake Out|[of] p1a: Incineroar\n|move|p1b: Gengar|Shadow Ball|p2a: Raf\n|-immune|p2a: Raf\n|move|p2b: The Dile|High Horsepower|p1b: Gengar|[miss]\n|-miss|p2b: The Dile|p1b: Gengar\n|\n|-weather|RainDance|[upkeep]\n|upkeep\n|turn|3\n|\n|t:|1775983060\n|switch|p1a: Pelipper|Pelipper, L50, M|100/100\n|move|p1b: Gengar|Protect|p1b: Gengar\n|-singleturn|p1b: Gengar|Protect\n|move|p2b: The Dile|Power Trip|p1b: Gengar\n|-activate|p1b: Gengar|move: Protect\n|move|p2a: Raf|Expanding Force|p1b: Gengar\n|-activate|p1b: Gengar|move: Protect\n|\n|-weather|RainDance|[upkeep]\n|upkeep\n|turn|4\n|\n|t:|1775983087\n|move|p2b: The Dile|Protect|p2b: The Dile\n|-singleturn|p2b: The Dile|Protect\n|move|p1a: Pelipper|Weather Ball|p2b: The Dile\n|-activate|p2b: The Dile|move: Protect\n|move|p1b: Gengar|Nasty Plot|p1b: Gengar\n|-boost|p1b: Gengar|spa|2\n|move|p2a: Raf|Trick Room|p2a: Raf\n|-fieldstart|move: Trick Room|[of] p2a: Raf\n|\n|-weather|RainDance|[upkeep]\n|upkeep\n|turn|5\n|\n|t:|1775983115\n|move|p1b: Gengar|Protect|p1b: Gengar\n|-singleturn|p1b: Gengar|Protect\n|move|p2a: Raf|Expanding Force|p1b: Gengar\n|-activate|p1b: Gengar|move: Protect\n|move|p2b: The Dile|Power Trip|p1a: Pelipper\n|-damage|p1a: Pelipper|0 fnt\n|faint|p1a: Pelipper\n|\n|-weather|none\n|upkeep\n|\n|t:|1775983123\n|switch|p1a: Incineroar|Incineroar, L50, F|100/100\n|-ability|p1a: Incineroar|Intimidate|boost\n|-unboost|p2a: Raf|atk|1\n|-unboost|p2b: The Dile|atk|1\n|turn|6\n|\n|t:|1775983147\n|move|p2a: Raf|Dazzling Gleam|p1b: Gengar|[spread] p1a,p1b\n|-resisted|p1b: Gengar|1\n|-damage|p1a: Incineroar|85/100\n|-damage|p1b: Gengar|89/100\n|move|p1a: Incineroar|Flare Blitz|p2b: The Dile\n|-damage|p2b: The Dile|0 fnt\n|faint|p2b: The Dile\n|-damage|p1a: Incineroar|72/100|[from] Recoil\n|move|p1b: Gengar|Dazzling Gleam|p2a: Raf\n|-damage|p2a: Raf|34/100\n|\n|-heal|p2a: Raf|41/100|[from] item: Leftovers\n|upkeep\n|\n|t:|1775983169\n|switch|p2b: Im gonna mega|Froslass, L50, F|100/100\n|turn|7\n|\n|t:|1775983183\n|move|p2b: Im gonna mega|Protect|p2b: Im gonna mega\n|-singleturn|p2b: Im gonna mega|Protect\n|move|p1b: Gengar|Protect|p1b: Gengar\n|-singleturn|p1b: Gengar|Protect\n|move|p2a: Raf|Expanding Force|p1b: Gengar\n|-activate|p1b: Gengar|move: Protect\n|move|p1a: Incineroar|Parting Shot|p2b: Im gonna mega\n|-activate|p2b: Im gonna mega|move: Protect\n|\n|-heal|p2a: Raf|47/100|[from] item: Leftovers\n|upkeep\n|turn|8\n|\n|t:|1775983222\n|switch|p1b: Basculegion|Basculegion, L50, M|100/100\n|move|p2b: Im gonna mega|Helping Hand|p2a: Raf\n|-singleturn|p2a: Raf|Helping Hand|[of] p2b: Im gonna mega\n|move|p2a: Raf|Expanding Force|p1b: Basculegion\n|-damage|p1b: Basculegion|37/100\n|move|p1a: Incineroar|Parting Shot|p2b: Im gonna mega\n|-unboost|p2b: Im gonna mega|atk|1\n|-unboost|p2b: Im gonna mega|spa|1\n|\n|t:|1775983231\n|switch|p1a: Gengar|Gengar-Mega, L50, F|89/100|[from] Parting Shot\n|\n|-heal|p2a: Raf|53/100|[from] item: Leftovers\n|-fieldend|move: Trick Room\n|upkeep\n|turn|9\n|\n|t:|1775983259\n|move|p2b: Im gonna mega|Protect|p2b: Im gonna mega\n|-singleturn|p2b: Im gonna mega|Protect\n|move|p1a: Gengar|Shadow Ball|p2b: Im gonna mega\n|-activate|p2b: Im gonna mega|move: Protect\n|move|p1b: Basculegion|Wave Crash|p2a: Raf\n|-damage|p2a: Raf|0 fnt\n|faint|p2a: Raf\n|-damage|p1b: Basculegion|18/100|[from] Recoil\n|\n|upkeep\n|\n|t:|1775983270\n|switch|p2a: Tam Tam|Tauros-Paldea-Aqua, L50, M|100/100\n|turn|10\n|\n|t:|1775983282\n|move|p1a: Gengar|Shadow Ball|p2b: Im gonna mega\n|-supereffective|p2b: Im gonna mega|1\n|-enditem|p2b: Im gonna mega|Focus Sash\n|-damage|p2b: Im gonna mega|1/100\n|-start|p1a: Gengar|Disable|Shadow Ball|[from] ability: Cursed Body|[of] p2b: Im gonna mega\n|move|p2b: Im gonna mega|Frost Breath|p2a: Tam Tam\n|-resisted|p2a: Tam Tam|1\n|-crit|p2a: Tam Tam\n|-damage|p2a: Tam Tam|83/100\n|-setboost|p2a: Tam Tam|atk|6|[from] ability: Anger Point\n|move|p2a: Tam Tam|Raging Bull|p1a: Gengar\n|-damage|p1a: Gengar|0 fnt\n|faint|p1a: Gengar\n|move|p1b: Basculegion|Flip Turn|p2a: Tam Tam\n|-resisted|p2a: Tam Tam|1\n|-damage|p2a: Tam Tam|61/100\n|\n|t:|1775983289\n|switch|p1b: Incineroar|Incineroar, L50, F|72/100|[from] Flip Turn\n|-ability|p1b: Incineroar|Intimidate|boost\n|-unboost|p2a: Tam Tam|atk|1\n|-unboost|p2b: Im gonna mega|atk|1\n|\n|upkeep\n|\n|t:|1775983290\n|switch|p1a: Basculegion|Basculegion, L50, M|18/100\n|turn|11\n|\n|t:|1775983325\n|move|p2a: Tam Tam|Protect|p2a: Tam Tam\n|-singleturn|p2a: Tam Tam|Protect\n|move|p1b: Incineroar|Fake Out|p2a: Tam Tam\n|-activate|p2a: Tam Tam|move: Protect\n|move|p2b: Im gonna mega|Triple Axel|p1a: Basculegion|[miss]\n|-miss|p2b: Im gonna mega|p1a: Basculegion\n|move|p1a: Basculegion|Last Respects|p2a: Tam Tam\n|-activate|p2a: Tam Tam|move: Protect\n|\n|upkeep\n|turn|12\n|\n|t:|1775983346\n|move|p1a: Basculegion|Protect|p1a: Basculegion\n|-singleturn|p1a: Basculegion|Protect\n|move|p2b: Im gonna mega|Triple Axel|p1a: Basculegion\n|-activate|p1a: Basculegion|move: Protect\n|move|p2a: Tam Tam|Raging Bull|p1a: Basculegion\n|-activate|p1a: Basculegion|move: Protect\n|move|p1b: Incineroar|Flare Blitz|p2b: Im gonna mega\n|-supereffective|p2b: Im gonna mega|1\n|-damage|p2b: Im gonna mega|0 fnt\n|faint|p2b: Im gonna mega\n|-damage|p1b: Incineroar|71/100|[from] Recoil\n|\n|upkeep\n|turn|13\n|\n|t:|1775983378\n|move|p1a: Basculegion|Protect||[still]\n|-fail|p1a: Basculegion\n|move|p2a: Tam Tam|Raging Bull|p1a: Basculegion\n|-resisted|p1a: Basculegion|1\n|-damage|p1a: Basculegion|0 fnt\n|faint|p1a: Basculegion\n|move|p1b: Incineroar|Flare Blitz|p2a: Tam Tam\n|-resisted|p2a: Tam Tam|1\n|-damage|p2a: Tam Tam|34/100\n|-damage|p1b: Incineroar|65/100|[from] Recoil\n|\n|upkeep\n|turn|14\n|\n|t:|1775983389\n|move|p2a: Tam Tam|Raging Bull|p1b: Incineroar\n|-supereffective|p1b: Incineroar|1\n|-damage|p1b: Incineroar|0 fnt\n|faint|p1b: Incineroar\n|\n|win|morkemon\n|raw|JustJakeyVGC's rating: 1121 &rarr; <strong>1092</strong><br />(-29 for losing)\n|raw|morkemon's rating: 1059 &rarr; <strong>1096</strong><br />(+37 for winning)\n|l|\u2606JustJakeyVGC\n|player|p1|\n",
  "uploadtime": 1775983401,
  "views": 17,
  "formatid": "gen9championsvgc2026regma",
  "rating": 1092,
  "private": 0,
  "password": null
}