{
  "id": "gen9championsvgc2026regma-2581870355",
  "format": "[Gen 9 Champions] VGC 2026 Reg M-A",
  "players": [
    "CptQuiggley",
    "finn_omega"
  ],
  "log": "|j|\u2606CptQuiggley\n|j|\u2606finn_omega\n|t:|1776035343\n|gametype|doubles\n|player|p1|CptQuiggley|veteran|1015\n|player|p2|finn_omega|ethan|1102\n|gen|9\n|tier|[Gen 9 Champions] VGC 2026 Reg M-A\n|rated|\n|rule|Species Clause: Limit one of each Pok\u00e9mon\n|rule|Item Clause: Limit 1 of each item\n|clearpoke\n|poke|p1|Charizard, L50, M|\n|poke|p1|Starmie, L50|\n|poke|p1|Meowscarada, L50, F|\n|poke|p1|Sneasler, L50, F|\n|poke|p1|Milotic, L50, F|\n|poke|p1|Zoroark-Hisui, L50, F|\n|poke|p2|Whimsicott, L50, F|\n|poke|p2|Farigiraf, L50, M|\n|poke|p2|Camerupt, L50, M|\n|poke|p2|Reuniclus, L50, M|\n|poke|p2|Clawitzer, L50, M|\n|poke|p2|Kingambit, L50, F|\n|teampreview|4\n|inactive|Battle timer is ON: inactive players will automatically lose when time's up. (requested by finn_omega)\n|\n|t:|1776035371\n|teamsize|p1|4\n|teamsize|p2|4\n|start\n|switch|p1a: Charizard|Charizard, L50, M|100/100\n|switch|p1b: Sneasler|Sneasler, L50, F|100/100\n|switch|p2a: Farigiraf|Farigiraf, L50, M|100/100\n|switch|p2b: Clawitzer|Clawitzer, L50, M|100/100\n|turn|1\n|inactive|CptQuiggley has 30 seconds left.\n|\n|t:|1776035405\n|switch|p2b: Kingambit|Kingambit, L50, F, shiny|100/100\n|move|p1a: Charizard|Protect|p1a: Charizard\n|-singleturn|p1a: Charizard|Protect\n|move|p1b: Sneasler|Hyper Voice|p2b: Kingambit|[spread] p2a,p2b\n|-resisted|p2b: Kingambit|1\n|-damage|p2a: Farigiraf|65/100\n|-damage|p2b: Kingambit|83/100\n|move|p2a: Farigiraf|Trick Room|p2a: Farigiraf\n|-fieldstart|move: Trick Room|[of] p2a: Farigiraf\n|\n|upkeep\n|turn|2\n|\n|t:|1776035420\n|detailschange|p1a: Charizard|Charizard-Mega-X, L50, M\n|-mega|p1a: Charizard|Charizard|Charizardite X\n|move|p2b: Kingambit|Kowtow Cleave|p1a: Charizard\n|-damage|p1a: Charizard|55/100\n|-heal|p2b: Kingambit|89/100|[from] item: Shell Bell|[of] p1a: Charizard\n|move|p2a: Farigiraf|Psyshock|p1b: Sneasler\n|-damage|p1b: Sneasler|20/100\n|replace|p1b: Zoroark|Zoroark-Hisui, L50, F, shiny\n|-end|p1b: Zoroark|Illusion\n|move|p1a: Charizard|Flare Blitz|p2b: Kingambit\n|-supereffective|p2b: Kingambit|1\n|-damage|p2b: Kingambit|0 fnt\n|faint|p2b: Kingambit\n|-end|p2b: Kingambit|fallenundefined|[silent]\n|-damage|p1a: Charizard|27/100|[from] Recoil\n|move|p1b: Zoroark|Hyper Voice|p2a: Farigiraf\n|-damage|p2a: Farigiraf|13/100\n|-enditem|p2a: Farigiraf|Sitrus Berry|[eat]\n|-heal|p2a: Farigiraf|38/100|[from] item: Sitrus Berry\n|\n|upkeep\n|\n|t:|1776035438\n|switch|p2b: Camerupt|Camerupt, L50, M|100/100\n|turn|3\n|\n|t:|1776035449\n|detailschange|p2b: Camerupt|Camerupt-Mega, L50, M\n|-mega|p2b: Camerupt|Camerupt|Cameruptite\n|move|p1a: Charizard|Protect|p1a: Charizard\n|-singleturn|p1a: Charizard|Protect\n|move|p2b: Camerupt|Earth Power|p1a: Charizard\n|-activate|p1a: Charizard|move: Protect\n|move|p2a: Farigiraf|Psyshock|p1b: Zoroark\n|-damage|p1b: Zoroark|0 fnt\n|faint|p1b: Zoroark\n|\n|upkeep\n|\n|t:|1776035461\n|switch|p1b: Meowscarada|Meowscarada, L50, F|100/100\n|turn|4\n|\n|t:|1776035477\n|switch|p2a: Clawitzer|Clawitzer, L50, M|100/100\n|switch|p1a: Sneasler|Sneasler, L50, F|100/100\n|move|p1b: Meowscarada|Sucker Punch||[still]\n|-fail|p1b: Meowscarada\n|move|p2b: Camerupt|Earth Power|p1a: Sneasler\n|-supereffective|p1a: Sneasler|1\n|-enditem|p1a: Sneasler|Focus Sash\n|-damage|p1a: Sneasler|1/100\n|\n|upkeep\n|turn|5\n|\n|t:|1776035499\n|move|p1a: Sneasler|Fake Out|p2b: Camerupt\n|-damage|p2b: Camerupt|85/100\n|cant|p2b: Camerupt|flinch\n|move|p2a: Clawitzer|Water Pulse|p1a: Sneasler\n|-damage|p1a: Sneasler|0 fnt\n|faint|p1a: Sneasler\n|move|p1b: Meowscarada|Flower Trick|p2a: Clawitzer\n|-start|p1b: Meowscarada|typechange|Grass|[from] ability: Protean\n|-supereffective|p2a: Clawitzer|1\n|-crit|p2a: Clawitzer\n|-damage|p2a: Clawitzer|0 fnt\n|faint|p2a: Clawitzer\n|\n|-fieldend|move: Trick Room\n|upkeep\n|\n|t:|1776035512\n|switch|p1a: Charizard|Charizard-Mega-X, L50, M|27/100\n|switch|p2a: Farigiraf|Farigiraf, L50, M|38/100\n|turn|6\n|\n|t:|1776035528\n|move|p1a: Charizard|Protect|p1a: Charizard\n|-singleturn|p1a: Charizard|Protect\n|move|p1b: Meowscarada|Sucker Punch||[still]\n|cant|p2a: Farigiraf|ability: Armor Tail|Sucker Punch|[of] p1b: Meowscarada\n|move|p2a: Farigiraf|Hyper Voice|p1a: Charizard|[spread] p1b\n|-activate|p1a: Charizard|move: Protect\n|-damage|p1b: Meowscarada|45/100\n|move|p2b: Camerupt|Flamethrower|p1b: Meowscarada\n|-supereffective|p1b: Meowscarada|1\n|-damage|p1b: Meowscarada|0 fnt\n|faint|p1b: Meowscarada\n|\n|upkeep\n|turn|7\n|-message|CptQuiggley forfeited.\n|\n|win|finn_omega\n|raw|CptQuiggley's rating: 1015 &rarr; <strong>1006</strong><br />(-9 for losing)\n|raw|finn_omega's rating: 1102 &rarr; <strong>1121</strong><br />(+19 for winning)\n|l|\u2606CptQuiggley\n|player|p1|\n",
  "uploadtime": 1776035554,
  "views": 12,
  "formatid": "gen9championsvgc2026regma",
  "rating": 1006,
  "private": 0,
  "password": null
}