{
  "id": "gen9championsvgc2026regma-2585886600",
  "format": "[Gen 9 Champions] VGC 2026 Reg M-A",
  "players": [
    "fmichilotfkms",
    "BallsNotBrains"
  ],
  "log": "|j|\u2606fmichilotfkms\n|j|\u2606BallsNotBrains\n|t:|1776378481\n|gametype|doubles\n|player|p1|fmichilotfkms|1|1144\n|player|p2|BallsNotBrains|265|1059\n|gen|9\n|tier|[Gen 9 Champions] VGC 2026 Reg M-A\n|rated|\n|rule|Species Clause: Limit one of each Pok\u00e9mon\n|rule|Item Clause: Limit 1 of each item\n|clearpoke\n|poke|p1|Incineroar, L50, F|\n|poke|p1|Corviknight, L50, M|\n|poke|p1|Milotic, L50, M|\n|poke|p1|Tyranitar, L50, M|\n|poke|p1|Archaludon, L50, M|\n|poke|p1|Rotom-Frost, L50|\n|poke|p2|Sneasler, L50, F|\n|poke|p2|Whimsicott, L50, M|\n|poke|p2|Lucario, L50, F|\n|poke|p2|Charizard, L50, F|\n|poke|p2|Venusaur, L50, M|\n|poke|p2|Rotom-Wash, L50|\n|teampreview|4\n|inactive|Battle timer is ON: inactive players will automatically lose when time's up. (requested by BallsNotBrains)\n|\n|t:|1776378509\n|teamsize|p1|4\n|teamsize|p2|4\n|start\n|switch|p1a: Rotom|Rotom-Frost, L50|100/100\n|switch|p1b: Milotic|Milotic, L50, M|100/100\n|switch|p2a: Whimsicott|Whimsicott, L50, M|100/100\n|switch|p2b: Lucario|Lucario, L50, F|100/100\n|turn|1\n|\n|t:|1776378530\n|move|p2a: Whimsicott|Tailwind|p2a: Whimsicott\n|-sidestart|p2: BallsNotBrains|move: Tailwind\n|move|p2b: Lucario|Vacuum Wave|p1a: Rotom\n|-supereffective|p1a: Rotom|1\n|-damage|p1a: Rotom|34/100\n|move|p1a: Rotom|Blizzard|p2b: Lucario|[spread] p2a,p2b\n|-supereffective|p2a: Whimsicott|1\n|-resisted|p2b: Lucario|1\n|-enditem|p2a: Whimsicott|Focus Sash\n|-damage|p2a: Whimsicott|1/100\n|-damage|p2b: Lucario|68/100\n|move|p1b: Milotic|Scald|p2b: Lucario\n|-damage|p2b: Lucario|16/100\n|\n|upkeep\n|turn|2\n|\n|t:|1776378553\n|switch|p1a: Incineroar|Incineroar, L50, F, shiny|100/100\n|-ability|p1a: Incineroar|Intimidate|boost\n|-unboost|p2a: Whimsicott|atk|1\n|-fail|p2b: Lucario|unboost|Attack|[from] ability: Inner Focus|[of] p2b: Lucario\n|move|p2b: Lucario|Protect|p2b: Lucario\n|-singleturn|p2b: Lucario|Protect\n|move|p2a: Whimsicott|Dazzling Gleam|p1b: Milotic|[spread] p1a,p1b\n|-damage|p1a: Incineroar|74/100\n|-damage|p1b: Milotic|84/100\n|move|p1b: Milotic|Scald|p2b: Lucario\n|-activate|p2b: Lucario|move: Protect\n|\n|upkeep\n|turn|3\n|inactive|fmichilotfkms has 30 seconds left.\n|inactive|BallsNotBrains has 30 seconds left.\n|inactive|fmichilotfkms has 20 seconds left.\n|\n|t:|1776378590\n|switch|p2a: Charizard|Charizard, L50, F|100/100\n|move|p2b: Lucario|Upper Hand|p1a: Incineroar\n|-supereffective|p1a: Incineroar|1\n|-enditem|p1a: Incineroar|Chople Berry|[eat]\n|-enditem|p1a: Incineroar|Chople Berry|[weaken]\n|-damage|p1a: Incineroar|39/100\n|cant|p1a: Incineroar|flinch\n|move|p1b: Milotic|Scald|p2b: Lucario\n|-damage|p2b: Lucario|0 fnt\n|faint|p2b: Lucario\n|\n|upkeep\n|\n|t:|1776378608\n|switch|p2b: Venusaur|Venusaur, L50, M|100/100\n|turn|4\n|l|\u2606fmichilotfkms\n|inactive|fmichilotfkms disconnected and has a minute to reconnect!\n|player|p1|\n|inactive|fmichilotfkms has 30 seconds left.\n|inactive|BallsNotBrains has 30 seconds left.\n|j|\u2606fmichilotfkms\n|inactive|fmichilotfkms reconnected and has 30 seconds left.\n|player|p1|fmichilotfkms|1|\n|inactive|BallsNotBrains has 20 seconds left.\n|inactive|BallsNotBrains has 15 seconds left.\n|\n|t:|1776378650\n|detailschange|p2a: Charizard|Charizard-Mega-Y, L50, F\n|-mega|p2a: Charizard|Charizard|Charizardite Y\n|-weather|SunnyDay|[from] ability: Drought|[of] p2a: Charizard\n|move|p1a: Incineroar|Protect|p1a: Incineroar\n|-singleturn|p1a: Incineroar|Protect\n|move|p2b: Venusaur|Sludge Wave|p1a: Incineroar|[spread] p2a,p1b\n|-activate|p1a: Incineroar|move: Protect\n|-damage|p2a: Charizard|79/100\n|-damage|p1b: Milotic|66/100\n|-status|p1b: Milotic|psn\n|-enditem|p1b: Milotic|Lum Berry|[eat]\n|-curestatus|p1b: Milotic|psn|[msg]\n|move|p2a: Charizard|Solar Beam||[still]\n|-prepare|p2a: Charizard|Solar Beam\n|-anim|p2a: Charizard|Solar Beam|p1b: Milotic\n|-supereffective|p1b: Milotic|1\n|-damage|p1b: Milotic|0 fnt\n|faint|p1b: Milotic\n|\n|-weather|SunnyDay|[upkeep]\n|-sideend|p2: BallsNotBrains|move: Tailwind\n|upkeep\n|\n|t:|1776378675\n|switch|p1b: Tyranitar|Tyranitar, L50, M|100/100\n|-weather|Sandstorm|[from] ability: Sand Stream|[of] p1b: Tyranitar\n|turn|5\n|\n|t:|1776378686\n|detailschange|p1b: Tyranitar|Tyranitar-Mega, L50, M\n|-mega|p1b: Tyranitar|Tyranitar|Tyranitarite\n|move|p2a: Charizard|Protect|p2a: Charizard\n|-singleturn|p2a: Charizard|Protect\n|move|p1a: Incineroar|Parting Shot|p2b: Venusaur\n|-unboost|p2b: Venusaur|atk|1\n|-unboost|p2b: Venusaur|spa|1\n|\n|t:|1776378703\n|switch|p1a: Rotom|Rotom-Frost, L50|34/100|[from] Parting Shot\n|move|p2b: Venusaur|Sunny Day|p2b: Venusaur\n|-weather|SunnyDay\n|move|p1b: Tyranitar|Rock Slide|p2a: Charizard|[spread] p2b\n|-activate|p2a: Charizard|move: Protect\n|-damage|p2b: Venusaur|71/100\n|\n|-weather|SunnyDay|[upkeep]\n|-heal|p2b: Venusaur|77/100|[from] item: Leftovers\n|upkeep\n|turn|6\n|\n|t:|1776378728\n|switch|p1b: Incineroar|Incineroar, L50, F, shiny|39/100\n|-ability|p1b: Incineroar|Intimidate|boost\n|-unboost|p2a: Charizard|atk|1\n|-unboost|p2b: Venusaur|atk|1\n|move|p2b: Venusaur|Solar Beam||[still]\n|-prepare|p2b: Venusaur|Solar Beam\n|-anim|p2b: Venusaur|Solar Beam|p1b: Incineroar\n|-resisted|p1b: Incineroar|1\n|-damage|p1b: Incineroar|23/100\n|move|p1a: Rotom|Blizzard|p2a: Charizard|[spread] p2b\n|-miss|p1a: Rotom|p2a: Charizard\n|-supereffective|p2b: Venusaur|1\n|-damage|p2b: Venusaur|16/100\n|move|p2a: Charizard|Heat Wave|p1b: Incineroar|[spread] p1a,p1b\n|-supereffective|p1a: Rotom|1\n|-resisted|p1b: Incineroar|1\n|-damage|p1a: Rotom|0 fnt\n|-damage|p1b: Incineroar|0 fnt\n|faint|p1a: Rotom\n|faint|p1b: Incineroar\n|\n|-weather|SunnyDay|[upkeep]\n|-heal|p2b: Venusaur|22/100|[from] item: Leftovers\n|upkeep\n|\n|t:|1776378752\n|switch|p1b: Tyranitar|Tyranitar-Mega, L50, M|100/100\n|-weather|Sandstorm|[from] ability: Sand Stream|[of] p1b: Tyranitar\n|turn|7\n|\n|t:|1776378773\n|switch|p2a: Whimsicott|Whimsicott, L50, M|1/100\n|move|p2b: Venusaur|Leech Seed|p1b: Tyranitar\n|-start|p1b: Tyranitar|move: Leech Seed\n|move|p1b: Tyranitar|Crunch|p2b: Venusaur\n|-damage|p2b: Venusaur|0 fnt\n|faint|p2b: Venusaur\n|\n|-weather|Sandstorm|[upkeep]\n|-damage|p2a: Whimsicott|0 fnt|[from] Sandstorm\n|faint|p2a: Whimsicott\n|upkeep\n|\n|t:|1776378792\n|switch|p2a: Charizard|Charizard-Mega-Y, L50, F|79/100\n|-weather|SunnyDay|[from] ability: Drought|[of] p2a: Charizard\n|turn|8\n|\n|t:|1776378805\n|move|p2a: Charizard|Protect|p2a: Charizard\n|-singleturn|p2a: Charizard|Protect\n|move|p1b: Tyranitar|Rock Slide|p2a: Charizard\n|-activate|p2a: Charizard|move: Protect\n|\n|-weather|SunnyDay|[upkeep]\n|upkeep\n|turn|9\n|n|!fmichilotfkms|fmichilotfkms\n|\n|t:|1776378824\n|move|p2a: Charizard|Solar Beam||[still]\n|-prepare|p2a: Charizard|Solar Beam\n|-anim|p2a: Charizard|Solar Beam|p1b: Tyranitar\n|-supereffective|p1b: Tyranitar|1\n|-damage|p1b: Tyranitar|20/100\n|move|p1b: Tyranitar|Rock Slide|p2a: Charizard\n|-supereffective|p2a: Charizard|2\n|-damage|p2a: Charizard|0 fnt\n|faint|p2a: Charizard\n|\n|win|fmichilotfkms\n",
  "uploadtime": 1776378820,
  "views": 13,
  "formatid": "gen9championsvgc2026regma",
  "rating": null,
  "private": 0,
  "password": null
}