{
  "id": "gen9championsvgc2026regma-2587564739",
  "format": "[Gen 9 Champions] VGC 2026 Reg M-A",
  "players": [
    "Licenciado",
    "DuckSupreme"
  ],
  "log": "|j|\u2606Licenciado\n|j|\u2606DuckSupreme\n|t:|1776542704\n|gametype|doubles\n|player|p1|Licenciado|giovanni|1172\n|player|p2|DuckSupreme|265|1080\n|gen|9\n|tier|[Gen 9 Champions] VGC 2026 Reg M-A\n|rated|\n|rule|Species Clause: Limit one of each Pok\u00e9mon\n|rule|Item Clause: Limit 1 of each item\n|clearpoke\n|poke|p1|Sableye, L50, M|\n|poke|p1|Gyarados, L50, F|\n|poke|p1|Aegislash, L50, F|\n|poke|p1|Glimmora, L50, F|\n|poke|p1|Sinistcha-Masterpiece, L50|\n|poke|p1|Dragonite, L50, M|\n|poke|p2|Aggron, L50, F|\n|poke|p2|Sinistcha, L50|\n|poke|p2|Incineroar, L50, M|\n|poke|p2|Pelipper, L50, M|\n|poke|p2|Archaludon, L50, M|\n|poke|p2|Sneasler, L50, F|\n|teampreview|4\n|inactive|Battle timer is ON: inactive players will automatically lose when time's up. (requested by Licenciado)\n|\n|t:|1776542817\n|teamsize|p1|4\n|teamsize|p2|4\n|start\n|switch|p1a: Glimmora|Glimmora, L50, F|100/100\n|switch|p1b: Dragonite|Dragonite, L50, M|100/100\n|switch|p2a: Aggron|Aggron, L50, F|100/100\n|switch|p2b: Pelipper|Pelipper, L50, M|100/100\n|-weather|RainDance|[from] ability: Drizzle|[of] p2b: Pelipper\n|turn|1\n|\n|t:|1776542834\n|detailschange|p2a: Aggron|Aggron-Mega, L50, F\n|-mega|p2a: Aggron|Aggron|Aggronite\n|move|p1a: Glimmora|Earth Power|p2a: Aggron\n|-supereffective|p2a: Aggron|1\n|-damage|p2a: Aggron|56/100\n|move|p1b: Dragonite|Dragon Claw|p2b: Pelipper\n|-damage|p2b: Pelipper|46/100\n|move|p2b: Pelipper|U-turn|p1b: Dragonite\n|-resisted|p1b: Dragonite|1\n|-damage|p1b: Dragonite|99/100\n|\n|t:|1776542846\n|switch|p2b: Sinistcha|Sinistcha, L50|100/100|[from] U-turn\n|-heal|p2a: Aggron|81/100|[from] ability: Hospitality|[of] p2b: Sinistcha\n|move|p2a: Aggron|Heavy Slam|p1a: Glimmora\n|-supereffective|p1a: Glimmora|1\n|-damage|p1a: Glimmora|0 fnt\n|-activate|p1a: Glimmora|ability: Toxic Debris\n|-sidestart|p2: DuckSupreme|move: Toxic Spikes\n|faint|p1a: Glimmora\n|\n|-weather|RainDance|[upkeep]\n|upkeep\n|\n|t:|1776542857\n|switch|p1a: Gyarados|Gyarados, L50, F|100/100\n|-ability|p1a: Gyarados|Intimidate|boost\n|-unboost|p2a: Aggron|atk|1\n|-unboost|p2b: Sinistcha|atk|1\n|turn|2\n|\n|t:|1776542873\n|switch|p2b: Incineroar|Incineroar, L50, M|100/100\n|-status|p2b: Incineroar|psn\n|-ability|p2b: Incineroar|Intimidate|boost\n|-unboost|p1a: Gyarados|atk|1\n|-unboost|p1b: Dragonite|atk|1\n|move|p1a: Gyarados|Ice Fang|p2b: Incineroar\n|-resisted|p2b: Incineroar|1\n|-damage|p2b: Incineroar|94/100 psn\n|move|p1b: Dragonite|Dragon Claw|p2b: Incineroar\n|-damage|p2b: Incineroar|64/100 psn\n|move|p2a: Aggron|Iron Defense|p2a: Aggron\n|-boost|p2a: Aggron|def|2\n|\n|-weather|RainDance|[upkeep]\n|-damage|p2b: Incineroar|51/100 psn|[from] psn\n|upkeep\n|turn|3\n|\n|t:|1776542898\n|switch|p1a: Aegislash|Aegislash, L50, F|100/100\n|move|p1b: Dragonite|Protect|p1b: Dragonite\n|-singleturn|p1b: Dragonite|Protect\n|move|p2b: Incineroar|Parting Shot|p1b: Dragonite\n|-activate|p1b: Dragonite|move: Protect\n|move|p2a: Aggron|Iron Defense|p2a: Aggron\n|-boost|p2a: Aggron|def|2\n|\n|-weather|RainDance|[upkeep]\n|-damage|p2b: Incineroar|39/100 psn|[from] psn\n|upkeep\n|-enditem|p2b: Incineroar|Sitrus Berry|[eat]\n|-heal|p2b: Incineroar|64/100 psn|[from] item: Sitrus Berry\n|turn|4\n|\n|t:|1776542915\n|switch|p1b: Gyarados|Gyarados, L50, F|100/100\n|-ability|p1b: Gyarados|Intimidate|boost\n|-unboost|p2a: Aggron|atk|1\n|-unboost|p2b: Incineroar|atk|1\n|-formechange|p1a: Aegislash|Aegislash-Blade|\n|move|p1a: Aegislash|Shadow Ball|p2a: Aggron\n|-damage|p2a: Aggron|40/100\n|move|p2b: Incineroar|Darkest Lariat|p1a: Aegislash\n|-supereffective|p1a: Aegislash|1\n|-damage|p1a: Aegislash|27/100\n|move|p2a: Aggron|Body Press|p1b: Gyarados\n|-resisted|p1b: Gyarados|1\n|-damage|p1b: Gyarados|32/100\n|\n|-weather|RainDance|[upkeep]\n|-heal|p1a: Aegislash|33/100|[from] item: Leftovers\n|-damage|p2b: Incineroar|51/100 psn|[from] psn\n|upkeep\n|turn|5\n|\n|t:|1776542930\n|-formechange|p1a: Aegislash|Aegislash|\n|move|p1a: Aegislash|King's Shield|p1a: Aegislash\n|-singleturn|p1a: Aegislash|Protect\n|move|p2a: Aggron|Protect|p2a: Aggron\n|-singleturn|p2a: Aggron|Protect\n|move|p1b: Gyarados|Earthquake|p2a: Aggron|[spread] p2b\n|-activate|p1a: Aegislash|move: Protect\n|-activate|p2a: Aggron|move: Protect\n|-supereffective|p2b: Incineroar|1\n|-damage|p2b: Incineroar|4/100 psn\n|move|p2b: Incineroar|Darkest Lariat|p1a: Aegislash\n|-activate|p1a: Aegislash|move: Protect\n|-unboost|p2b: Incineroar|atk|1\n|\n|-weather|none\n|-heal|p1a: Aegislash|39/100|[from] item: Leftovers\n|-damage|p2b: Incineroar|0 fnt|[from] psn\n|faint|p2b: Incineroar\n|upkeep\n|\n|t:|1776542935\n|switch|p2b: Sinistcha|Sinistcha, L50|100/100\n|-status|p2b: Sinistcha|psn\n|-heal|p2a: Aggron|65/100|[from] ability: Hospitality|[of] p2b: Sinistcha\n|turn|6\n|\n|t:|1776542954\n|switch|p1b: Dragonite|Dragonite, L50, M|99/100\n|move|p2b: Sinistcha|Rage Powder|p2b: Sinistcha\n|-singleturn|p2b: Sinistcha|move: Rage Powder\n|-formechange|p1a: Aegislash|Aegislash-Blade|\n|move|p1a: Aegislash|Shadow Ball|p2b: Sinistcha\n|-supereffective|p2b: Sinistcha|1\n|-damage|p2b: Sinistcha|0 fnt\n|faint|p2b: Sinistcha\n|move|p2a: Aggron|Body Press|p1b: Dragonite\n|-resisted|p1b: Dragonite|1\n|-damage|p1b: Dragonite|30/100\n|\n|-heal|p1a: Aegislash|45/100|[from] item: Leftovers\n|upkeep\n|\n|t:|1776542963\n|switch|p2b: Pelipper|Pelipper, L50, M|46/100\n|-weather|RainDance|[from] ability: Drizzle|[of] p2b: Pelipper\n|turn|7\n|\n|t:|1776542969\n|-formechange|p1a: Aegislash|Aegislash|\n|move|p1a: Aegislash|King's Shield|p1a: Aegislash\n|-singleturn|p1a: Aegislash|Protect\n|move|p1b: Dragonite|Roost|p1b: Dragonite\n|-heal|p1b: Dragonite|80/100\n|-singleturn|p1b: Dragonite|move: Roost\n|move|p2b: Pelipper|Weather Ball|p1a: Aegislash\n|-activate|p1a: Aegislash|move: Protect\n|move|p2a: Aggron|Body Press|p1b: Dragonite\n|-damage|p1b: Dragonite|0 fnt\n|faint|p1b: Dragonite\n|\n|-weather|RainDance|[upkeep]\n|-heal|p1a: Aegislash|51/100|[from] item: Leftovers\n|upkeep\n|\n|t:|1776542981\n|switch|p1b: Gyarados|Gyarados, L50, F|32/100\n|-ability|p1b: Gyarados|Intimidate|boost\n|-unboost|p2a: Aggron|atk|1\n|-unboost|p2b: Pelipper|atk|1\n|turn|8\n|\n|t:|1776543004\n|move|p2a: Aggron|Protect|p2a: Aggron\n|-singleturn|p2a: Aggron|Protect\n|move|p1b: Gyarados|Waterfall|p2b: Pelipper\n|-resisted|p2b: Pelipper|1\n|-damage|p2b: Pelipper|8/100\n|move|p2b: Pelipper|Weather Ball|p1a: Aegislash\n|-damage|p1a: Aegislash|0 fnt\n|faint|p1a: Aegislash\n|\n|-weather|RainDance|[upkeep]\n|upkeep\n|turn|9\n|\n|t:|1776543021\n|move|p1b: Gyarados|Waterfall|p2b: Pelipper\n|-resisted|p2b: Pelipper|1\n|-damage|p2b: Pelipper|0 fnt\n|faint|p2b: Pelipper\n|move|p2a: Aggron|Body Press|p1b: Gyarados\n|-resisted|p1b: Gyarados|1\n|-damage|p1b: Gyarados|0 fnt\n|faint|p1b: Gyarados\n|\n|win|DuckSupreme\n|raw|Licenciado's rating: 1172 &rarr; <strong>1141</strong><br />(-31 for losing)\n|raw|DuckSupreme's rating: 1080 &rarr; <strong>1115</strong><br />(+35 for winning)\n|l|\u2606Licenciado\n|player|p1|\n",
  "uploadtime": 1776543039,
  "views": 19,
  "formatid": "gen9championsvgc2026regma",
  "rating": 1115,
  "private": 0,
  "password": null
}