{
  "id": "gen9championsvgc2026regma-2586954366",
  "format": "[Gen 9 Champions] VGC 2026 Reg M-A",
  "players": [
    "MacDad48",
    "nakoharuno"
  ],
  "log": "|j|\u2606MacDad48\n|j|\u2606nakoharuno\n|t:|1776475241\n|gametype|doubles\n|player|p1|MacDad48|2|1130\n|player|p2|nakoharuno|dawn|1103\n|gen|9\n|tier|[Gen 9 Champions] VGC 2026 Reg M-A\n|rated|\n|rule|Species Clause: Limit one of each Pok\u00e9mon\n|rule|Item Clause: Limit 1 of each item\n|clearpoke\n|poke|p1|Froslass, L50, F|\n|poke|p1|Clefable, L50, M|\n|poke|p1|Incineroar, L50, M|\n|poke|p1|Basculegion, L50, M|\n|poke|p1|Orthworm, L50, M|\n|poke|p1|Blastoise, L50, F|\n|poke|p2|Kangaskhan, L50, F|\n|poke|p2|Oranguru, L50, F|\n|poke|p2|Torkoal, L50, F|\n|poke|p2|Decidueye-Hisui, L50, M|\n|poke|p2|Cofagrigus, L50, F|\n|poke|p2|Blastoise, L50, F|\n|teampreview|4\n|\n|t:|1776475253\n|teamsize|p1|4\n|teamsize|p2|4\n|start\n|switch|p1a: Incineroar|Incineroar, L50, M|100/100\n|switch|p1b: Orthworm|Orthworm, L50, M|100/100\n|switch|p2a: Cofagrigus|Cofagrigus, L50, F, shiny|100/100\n|switch|p2b: Ygona|Blastoise, L50, F, shiny|100/100\n|-ability|p1a: Incineroar|Intimidate|boost\n|-unboost|p2a: Cofagrigus|atk|1\n|-unboost|p2b: Ygona|atk|1\n|turn|1\n|\n|t:|1776475277\n|detailschange|p2b: Ygona|Blastoise-Mega, L50, F, shiny\n|-mega|p2b: Ygona|Blastoise|Blastoisinite\n|move|p2b: Ygona|Fake Out|p1a: Incineroar\n|-damage|p1a: Incineroar|96/100\n|cant|p1a: Incineroar|flinch\n|move|p1b: Orthworm|Shed Tail|p1b: Orthworm\n|-start|p1b: Orthworm|Substitute|[from] move: Shed Tail\n|-damage|p1b: Orthworm|50/100\n|-enditem|p1b: Orthworm|Sitrus Berry|[eat]\n|-heal|p1b: Orthworm|75/100|[from] item: Sitrus Berry\n|\n|t:|1776475287\n|switch|p1b: Froslass|Froslass, L50, F|100/100|[from] Shed Tail\n|move|p2a: Cofagrigus|Trick Room|p2a: Cofagrigus\n|-fieldstart|move: Trick Room|[of] p2a: Cofagrigus\n|\n|upkeep\n|turn|2\n|\n|t:|1776475305\n|switch|p2a: Dequidui|Decidueye-Hisui, L50, M|100/100\n|detailschange|p1b: Froslass|Froslass-Mega, L50, F\n|-mega|p1b: Froslass|Froslass|Froslassite\n|-weather|Snowscape|[from] ability: Snow Warning|[of] p1b: Froslass\n|move|p1a: Incineroar|Parting Shot|p2b: Ygona\n|-unboost|p2b: Ygona|atk|1\n|-unboost|p2b: Ygona|spa|1\n|\n|t:|1776475314\n|switch|p1a: Basculegion|Basculegion, L50, M|100/100|[from] Parting Shot\n|move|p2b: Ygona|Water Spout|p1b: Froslass|[spread] p1a,p1b\n|-end|p1b: Froslass|Substitute\n|-resisted|p1a: Basculegion|1\n|-damage|p1a: Basculegion|76/100\n|move|p1b: Froslass|Nasty Plot|p1b: Froslass\n|-boost|p1b: Froslass|spa|2\n|\n|-weather|Snowscape|[upkeep]\n|upkeep\n|turn|3\n|\n|t:|1776475342\n|switch|p1a: Incineroar|Incineroar, L50, M|96/100\n|-ability|p1a: Incineroar|Intimidate|boost\n|-fail|p2a: Dequidui|unboost|Attack|[from] ability: Scrappy|[of] p2a: Dequidui\n|-unboost|p2b: Ygona|atk|1\n|move|p2a: Dequidui|Triple Arrows|p1b: Froslass\n|-supereffective|p1b: Froslass|1\n|-damage|p1b: Froslass|1/100\n|-unboost|p1b: Froslass|def|1\n|move|p2b: Ygona|Water Pulse|p1a: Incineroar\n|-supereffective|p1a: Incineroar|1\n|-damage|p1a: Incineroar|32/100\n|-start|p1a: Incineroar|confusion\n|cant|p1b: Froslass|flinch\n|\n|-weather|Snowscape|[upkeep]\n|upkeep\n|turn|4\n|\n|t:|1776475369\n|switch|p2b: Cofagrigus|Cofagrigus, L50, F, shiny|100/100\n|-activate|p1a: Incineroar|confusion\n|move|p1a: Incineroar|Fake Out|p2b: Cofagrigus\n|-immune|p2b: Cofagrigus\n|move|p2a: Dequidui|Triple Arrows|p1b: Froslass\n|-supereffective|p1b: Froslass|1\n|-crit|p1b: Froslass\n|-damage|p1b: Froslass|0 fnt\n|faint|p1b: Froslass\n|\n|-weather|Snowscape|[upkeep]\n|upkeep\n|\n|t:|1776475380\n|switch|p1b: Basculegion|Basculegion, L50, M|76/100\n|turn|5\n|\n|t:|1776475388\n|move|p2b: Cofagrigus|Iron Defense|p2b: Cofagrigus\n|-boost|p2b: Cofagrigus|def|2\n|move|p2a: Dequidui|Leaf Blade|p1b: Basculegion\n|-supereffective|p1b: Basculegion|1\n|-damage|p1b: Basculegion|0 fnt\n|faint|p1b: Basculegion\n|-activate|p1a: Incineroar|confusion\n|move|p1a: Incineroar|Flare Blitz|p2a: Dequidui\n|-supereffective|p2a: Dequidui|1\n|-damage|p2a: Dequidui|6/100\n|-damage|p1a: Incineroar|5/100|[from] Recoil\n|\n|-weather|Snowscape|[upkeep]\n|-fieldend|move: Trick Room\n|upkeep\n|-message|MacDad48 forfeited.\n|\n|win|nakoharuno\n|raw|MacDad48's rating: 1130 &rarr; <strong>1103</strong><br />(-27 for losing)\n|raw|nakoharuno's rating: 1103 &rarr; <strong>1130</strong><br />(+27 for winning)\n|l|\u2606MacDad48\n|player|p1|\n|c|\u2606nakoharuno|GG\n",
  "uploadtime": 1776475408,
  "views": 30,
  "formatid": "gen9championsvgc2026regma",
  "rating": 1103,
  "private": 0,
  "password": null
}