{
  "id": "gen9championsvgc2026regma-2583873986",
  "format": "[Gen 9 Champions] VGC 2026 Reg M-A",
  "players": [
    "creepyobserver414",
    "colin quinn"
  ],
  "log": "|j|\u2606creepyobserver414\n|j|\u2606colin quinn\n|t:|1776204481\n|gametype|doubles\n|player|p1|creepyobserver414|266|1130\n|player|p2|colin quinn|blue|1158\n|gen|9\n|tier|[Gen 9 Champions] VGC 2026 Reg M-A\n|rated|\n|rule|Species Clause: Limit one of each Pok\u00e9mon\n|rule|Item Clause: Limit 1 of each item\n|clearpoke\n|poke|p1|Froslass, L50, F|\n|poke|p1|Dragapult, L50, M|\n|poke|p1|Incineroar, L50, F|\n|poke|p1|Sneasler, L50, F|\n|poke|p1|Tyranitar, L50, M|\n|poke|p1|Primarina, L50, F|\n|poke|p2|Alakazam, L50, F|\n|poke|p2|Camerupt, L50, F|\n|poke|p2|Sinistcha, L50|\n|poke|p2|Lucario, L50, M|\n|poke|p2|Weavile, L50, F|\n|poke|p2|Rotom-Wash, L50|\n|teampreview|4\n|\n|t:|1776204521\n|teamsize|p1|4\n|teamsize|p2|4\n|start\n|switch|p1a: Tyranitar|Tyranitar, L50, M|100/100\n|switch|p1b: Primarina|Primarina, L50, F|100/100\n|switch|p2a: Lucario|Lucario, L50, M|100/100\n|switch|p2b: Weavile|Weavile, L50, F|100/100\n|-ability|p2b: Weavile|Pressure\n|-weather|Sandstorm|[from] ability: Sand Stream|[of] p1a: Tyranitar\n|turn|1\n|inactive|Battle timer is ON: inactive players will automatically lose when time's up. (requested by colin quinn)\n|\n|t:|1776204547\n|switch|p1a: Dragapult|Dragapult, L50, M|100/100\n|move|p2b: Weavile|Beat Up|p2a: Lucario\n|-resisted|p2a: Lucario|1\n|-damage|p2a: Lucario|94/100\n|-ability|p2a: Lucario|Justified|boost\n|-boost|p2a: Lucario|atk|1\n|-resisted|p2a: Lucario|1\n|-damage|p2a: Lucario|86/100\n|-ability|p2a: Lucario|Justified|boost\n|-boost|p2a: Lucario|atk|1\n|-resisted|p2a: Lucario|1\n|-damage|p2a: Lucario|81/100\n|-ability|p2a: Lucario|Justified|boost\n|-boost|p2a: Lucario|atk|1\n|-resisted|p2a: Lucario|1\n|-damage|p2a: Lucario|75/100\n|-ability|p2a: Lucario|Justified|boost\n|-boost|p2a: Lucario|atk|1\n|-hitcount|p2a: Lucario|4\n|move|p2a: Lucario|Close Combat|p1a: Dragapult\n|-immune|p1a: Dragapult\n|move|p1b: Primarina|Calm Mind|p1b: Primarina\n|-boost|p1b: Primarina|spa|1\n|-boost|p1b: Primarina|spd|1\n|\n|-weather|Sandstorm|[upkeep]\n|-damage|p1a: Dragapult|94/100|[from] Sandstorm\n|-damage|p2b: Weavile|94/100|[from] Sandstorm\n|-damage|p1b: Primarina|95/100|[from] Sandstorm\n|-heal|p1b: Primarina|100/100|[from] item: Leftovers\n|upkeep\n|turn|2\n|inactive|creepyobserver414 has 30 seconds left.\n|inactive|creepyobserver414 has 20 seconds left.\n|\n|t:|1776204585\n|detailschange|p2a: Lucario|Lucario-Mega, L50, M\n|-mega|p2a: Lucario|Lucario|Lucarionite\n|move|p2a: Lucario|Protect|p2a: Lucario\n|-singleturn|p2a: Lucario|Protect\n|move|p1a: Dragapult|Surf|p2b: Weavile|[spread] p1b,p2b\n|-activate|p2a: Lucario|move: Protect\n|-resisted|p1b: Primarina|1\n|-damage|p1b: Primarina|95/100\n|-damage|p2b: Weavile|66/100\n|move|p2b: Weavile|Ice Spinner|p1a: Dragapult\n|-supereffective|p1a: Dragapult|1\n|-damage|p1a: Dragapult|0 fnt\n|faint|p1a: Dragapult\n|move|p1b: Primarina|Hyper Voice|p2a: Lucario|[spread] p2b\n|-activate|p2a: Lucario|move: Protect\n|-damage|p2b: Weavile|24/100\n|\n|-weather|Sandstorm|[upkeep]\n|-damage|p2b: Weavile|18/100|[from] Sandstorm\n|-damage|p1b: Primarina|89/100|[from] Sandstorm\n|-heal|p1b: Primarina|95/100|[from] item: Leftovers\n|upkeep\n|\n|t:|1776204609\n|switch|p1a: Sneasler|Sneasler, L50, F|100/100\n|turn|3\n|\n|t:|1776204627\n|switch|p2b: Sinistcha|Sinistcha, L50|100/100\n|-heal|p2a: Lucario|99/100|[from] ability: Hospitality|[of] p2b: Sinistcha\n|move|p1a: Sneasler|Fake Out|p2b: Sinistcha\n|-immune|p2b: Sinistcha\n|move|p2a: Lucario|Meteor Mash|p1b: Primarina\n|-damage|p1b: Primarina|0 fnt\n|faint|p1b: Primarina\n|\n|-weather|Sandstorm|[upkeep]\n|-damage|p1a: Sneasler|95/100|[from] Sandstorm\n|-damage|p2b: Sinistcha|94/100|[from] Sandstorm\n|upkeep\n|\n|t:|1776204641\n|switch|p1b: Tyranitar|Tyranitar, L50, M|100/100\n|turn|4\n|\n|t:|1776204653\n|move|p2b: Sinistcha|Rage Powder|p2b: Sinistcha\n|-singleturn|p2b: Sinistcha|move: Rage Powder\n|move|p1a: Sneasler|Close Combat|p2b: Sinistcha\n|-immune|p2b: Sinistcha\n|move|p2a: Lucario|Close Combat|p1b: Tyranitar\n|-supereffective|p1b: Tyranitar|2\n|-damage|p1b: Tyranitar|0 fnt\n|-unboost|p2a: Lucario|def|1\n|-unboost|p2a: Lucario|spd|1\n|faint|p1b: Tyranitar\n|\n|-weather|Sandstorm|[upkeep]\n|-damage|p1a: Sneasler|89/100|[from] Sandstorm\n|-damage|p2b: Sinistcha|88/100|[from] Sandstorm\n|upkeep\n|turn|5\n|\n|t:|1776204675\n|move|p2a: Lucario|Extreme Speed|p1a: Sneasler\n|-damage|p1a: Sneasler|0 fnt\n|faint|p1a: Sneasler\n|\n|win|colin quinn\n|raw|creepyobserver414's rating: 1130 &rarr; <strong>1107</strong><br />(-23 for losing)\n|raw|colin quinn's rating: 1158 &rarr; <strong>1181</strong><br />(+23 for winning)\n|l|\u2606creepyobserver414\n|player|p1|\n",
  "uploadtime": 1776204696,
  "views": 25,
  "formatid": "gen9championsvgc2026regma",
  "rating": 1107,
  "private": 0,
  "password": null
}