{
  "id": "gen9championsvgc2026regma-2585011094",
  "format": "[Gen 9 Champions] VGC 2026 Reg M-A",
  "players": [
    "celticlion17",
    "TheRealZaxon"
  ],
  "log": "|j|\u2606celticlion17\n|j|\u2606TheRealZaxon\n|t:|1776303126\n|gametype|doubles\n|player|p1|celticlion17|hugh|1055\n|player|p2|TheRealZaxon|red|1111\n|gen|9\n|tier|[Gen 9 Champions] VGC 2026 Reg M-A\n|rated|\n|rule|Species Clause: Limit one of each Pok\u00e9mon\n|rule|Item Clause: Limit 1 of each item\n|clearpoke\n|poke|p1|Farigiraf, L50, M|\n|poke|p1|Incineroar, L50, M|\n|poke|p1|Orthworm, L50, M|\n|poke|p1|Quaquaval, L50, F|\n|poke|p1|Delphox, L50, F|\n|poke|p1|Torkoal, L50, F|\n|poke|p2|Tyranitar, L50, M|\n|poke|p2|Excadrill, L50, M|\n|poke|p2|Gyarados, L50, M|\n|poke|p2|Gengar, L50, M|\n|poke|p2|Ditto, L50|\n|poke|p2|Pikachu, L50, M|\n|teampreview|4\n|inactive|Battle timer is ON: inactive players will automatically lose when time's up. (requested by TheRealZaxon)\ncelticlion17 has agreed to open team sheets.\n|inactive|TheRealZaxon has 60 seconds left.\nTheRealZaxon has agreed to open team sheets.\n|showteam|p1|Farigiraf||SilkScarf|ArmorTail|TrickRoom,HyperVoice,NastyPlot,BatonPass|||M|||50|]Incineroar||Leftovers|Intimidate|PartingShot,FakeOut,LeechLife,DarkestLariat|||M|||50|]Orthworm||SitrusBerry|EarthEater|ShedTail,BodyPress,IronHead,Bulldoze|||M|||50|]Quaquaval||MysticWater|Moxie|CloseCombat,AirSlash,IceSpinner,AquaStep|||F|||50|]Delphox||Delphoxite|Blaze|RolePlay,Psychic,HeatWave,Protect|||F|||50|]Torkoal||WhiteHerb|Drought|EarthPower,ShellSmash,HeatWave,Yawn|||F|||50|\n|showteam|p2|Tyranitar||Tyranitarite|SandStream|RockSlide,KnockOff,DragonDance,Protect|||M|||50|]Excadrill||FocusSash|SandRush|HighHorsepower,IronHead,RockSlide,Protect|||M|||50|]Gyarados||SitrusBerry|Intimidate|Waterfall,Taunt,ThunderWave,Protect|||M|||50|]Gengar||Gengarite|CursedBody|ShadowBall,SludgeBomb,IcyWind,Protect|||M|||50|]Ditto||ChoiceScarf|Limber|Transform||||||50|]Pikachu||LightBall|Static|Agility,AlluringVoice,BodySlam,BrickBreak|||M|||50|\n|inactive|TheRealZaxon has 30 seconds left.\n|inactive|TheRealZaxon has 20 seconds left.\n|\n|t:|1776303230\n|teamsize|p1|4\n|teamsize|p2|4\n|start\n|switch|p1a: Farigiraf|Farigiraf, L50, M, shiny|100/100\n|switch|p1b: Incineroar|Incineroar, L50, M|100/100\n|switch|p2a: Gyarados|Gyarados, L50, M, shiny|100/100\n|switch|p2b: Gengar|Gengar, L50, M, shiny|100/100\n|-ability|p2a: Gyarados|Intimidate|boost\n|-unboost|p1a: Farigiraf|atk|1\n|-unboost|p1b: Incineroar|atk|1\n|-ability|p1b: Incineroar|Intimidate|boost\n|-unboost|p2a: Gyarados|atk|1\n|-unboost|p2b: Gengar|atk|1\n|turn|1\n|inactive|celticlion17 has 30 seconds left.\n|inactive|TheRealZaxon has 30 seconds left.\n|inactive|celticlion17 has 20 seconds left.\n|inactive|TheRealZaxon has 20 seconds left.\n|inactive|celticlion17 has 15 seconds left.\n|inactive|celticlion17 has 10 seconds left.\n|\n|t:|1776303279\n|detailschange|p2b: Gengar|Gengar-Mega, L50, M, shiny\n|-mega|p2b: Gengar|Gengar|Gengarite\n|move|p2b: Gengar|Protect|p2b: Gengar\n|-singleturn|p2b: Gengar|Protect\n|move|p1b: Incineroar|Fake Out|p2a: Gyarados\n|-damage|p2a: Gyarados|94/100\n|cant|p2a: Gyarados|flinch\n|move|p1a: Farigiraf|Trick Room|p1a: Farigiraf\n|-fieldstart|move: Trick Room|[of] p1a: Farigiraf\n|\n|upkeep\n|turn|2\n|inactive|TheRealZaxon has 30 seconds left.\n|\n|t:|1776303312\n|switch|p2b: Tyranitar|Tyranitar, L50, M, shiny|100/100\n|-weather|Sandstorm|[from] ability: Sand Stream|[of] p2b: Tyranitar\n|move|p1a: Farigiraf|Nasty Plot|p1a: Farigiraf\n|-boost|p1a: Farigiraf|spa|2\n|move|p1b: Incineroar|Darkest Lariat|p2a: Gyarados\n|-damage|p2a: Gyarados|71/100\n|move|p2a: Gyarados|Waterfall|p1b: Incineroar\n|-supereffective|p1b: Incineroar|1\n|-damage|p1b: Incineroar|65/100\n|\n|-weather|Sandstorm|[upkeep]\n|-damage|p1a: Farigiraf|94/100|[from] Sandstorm\n|-damage|p1b: Incineroar|59/100|[from] Sandstorm\n|-damage|p2a: Gyarados|65/100|[from] Sandstorm\n|-heal|p1b: Incineroar|65/100|[from] item: Leftovers\n|upkeep\n|turn|3\n|inactive|celticlion17 has 30 seconds left.\n|inactive|TheRealZaxon has 30 seconds left.\n|inactive|celticlion17 has 20 seconds left.\n|\n|t:|1776303350\n|move|p1a: Farigiraf|Hyper Voice|p2a: Gyarados|[spread] p2a,p2b\n|-resisted|p2b: Tyranitar|1\n|-damage|p2a: Gyarados|24/100\n|-damage|p2b: Tyranitar|79/100\n|-enditem|p2a: Gyarados|Sitrus Berry|[eat]\n|-heal|p2a: Gyarados|49/100|[from] item: Sitrus Berry\n|move|p1b: Incineroar|Leech Life|p2b: Tyranitar\n|-supereffective|p2b: Tyranitar|1\n|-damage|p2b: Tyranitar|51/100\n|-heal|p1b: Incineroar|77/100|[from] drain|[of] p2b: Tyranitar\n|move|p2a: Gyarados|Taunt|p1a: Farigiraf\n|-start|p1a: Farigiraf|move: Taunt\n|move|p2b: Tyranitar|Rock Slide|p1b: Incineroar|[spread] p1a,p1b\n|-supereffective|p1b: Incineroar|1\n|-damage|p1a: Farigiraf|70/100\n|-damage|p1b: Incineroar|23/100\n|\n|-weather|Sandstorm|[upkeep]\n|-damage|p1a: Farigiraf|64/100|[from] Sandstorm\n|-damage|p1b: Incineroar|17/100|[from] Sandstorm\n|-damage|p2a: Gyarados|43/100|[from] Sandstorm\n|-heal|p1b: Incineroar|23/100|[from] item: Leftovers\n|upkeep\n|turn|4\n|inactive|TheRealZaxon has 30 seconds left.\n|inactive|TheRealZaxon has 20 seconds left.\n|inactive|TheRealZaxon has 15 seconds left.\n|\n|t:|1776303391\n|move|p2b: Tyranitar|Protect|p2b: Tyranitar\n|-singleturn|p2b: Tyranitar|Protect\n|move|p1a: Farigiraf|Hyper Voice|p2b: Tyranitar|[spread] p2a\n|-activate|p2b: Tyranitar|move: Protect\n|-damage|p2a: Gyarados|3/100\n|move|p1b: Incineroar|Parting Shot|p2b: Tyranitar\n|-activate|p2b: Tyranitar|move: Protect\n|move|p2a: Gyarados|Waterfall|p1b: Incineroar\n|-supereffective|p1b: Incineroar|1\n|-damage|p1b: Incineroar|0 fnt\n|faint|p1b: Incineroar\n|\n|-weather|Sandstorm|[upkeep]\n|-damage|p1a: Farigiraf|57/100|[from] Sandstorm\n|-damage|p2a: Gyarados|0 fnt|[from] Sandstorm\n|faint|p2a: Gyarados\n|upkeep\n|inactive|celticlion17 has 30 seconds left.\n|\n|t:|1776303424\n|switch|p1b: Torkoal|Torkoal, L50, F|100/100\n|switch|p2a: Excadrill|Excadrill, L50, M, shiny|100/100\n|-weather|SunnyDay|[from] ability: Drought|[of] p1b: Torkoal\n|turn|5\n|\n|t:|1776303442\n|move|p2a: Excadrill|Protect|p2a: Excadrill\n|-singleturn|p2a: Excadrill|Protect\n|move|p1b: Torkoal|Heat Wave|p2a: Excadrill|[spread] p2b\n|-activate|p2a: Excadrill|move: Protect\n|-resisted|p2b: Tyranitar|1\n|-damage|p2b: Tyranitar|34/100\n|-status|p2b: Tyranitar|brn\n|move|p1a: Farigiraf|Hyper Voice|p2a: Excadrill|[spread] p2b\n|-activate|p2a: Excadrill|move: Protect\n|-resisted|p2b: Tyranitar|1\n|-damage|p2b: Tyranitar|3/100 brn\n|move|p2b: Tyranitar|Dragon Dance|p2b: Tyranitar\n|-boost|p2b: Tyranitar|atk|1\n|-boost|p2b: Tyranitar|spe|1\n|\n|-weather|SunnyDay|[upkeep]\n|-damage|p2b: Tyranitar|0 fnt|[from] brn\n|faint|p2b: Tyranitar\n|-fieldend|move: Trick Room\n|upkeep\n|\n|t:|1776303454\n|switch|p2b: Gengar|Gengar-Mega, L50, M, shiny|100/100\n|turn|6\n|\n|t:|1776303478\n|move|p2b: Gengar|Shadow Ball|p1b: Torkoal\n|-damage|p1b: Torkoal|32/100\n|move|p2a: Excadrill|High Horsepower|p1b: Torkoal\n|-supereffective|p1b: Torkoal|1\n|-damage|p1b: Torkoal|0 fnt\n|faint|p1b: Torkoal\n|move|p1a: Farigiraf|Hyper Voice|p2b: Gengar|[spread] p2a\n|-immune|p2b: Gengar\n|-resisted|p2a: Excadrill|1\n|-damage|p2a: Excadrill|62/100\n|\n|-weather|SunnyDay|[upkeep]\n|-end|p1a: Farigiraf|move: Taunt\n|upkeep\n|\n|t:|1776303490\n|switch|p1b: Delphox|Delphox, L50, F|100/100\n|turn|7\n|\n|t:|1776303514\n|detailschange|p1b: Delphox|Delphox-Mega, L50, F\n|-mega|p1b: Delphox|Delphox|Delphoxite\n|move|p2b: Gengar|Protect|p2b: Gengar\n|-singleturn|p2b: Gengar|Protect\n|move|p1b: Delphox|Heat Wave|p2a: Excadrill|[spread] p2a\n|-activate|p2b: Gengar|move: Protect\n|-supereffective|p2a: Excadrill|1\n|-crit|p2a: Excadrill\n|-damage|p2a: Excadrill|0 fnt\n|faint|p2a: Excadrill\n|move|p1a: Farigiraf|Hyper Voice|p2b: Gengar\n|-activate|p2b: Gengar|move: Protect\n|\n|-weather|SunnyDay|[upkeep]\n|upkeep\n|turn|8\n|inactive|celticlion17 has 30 seconds left.\n|\n|t:|1776303543\n|move|p2b: Gengar|Shadow Ball|p1b: Delphox\n|-supereffective|p1b: Delphox|1\n|-damage|p1b: Delphox|0 fnt\n|faint|p1b: Delphox\n|move|p1a: Farigiraf|Nasty Plot|p1a: Farigiraf\n|-boost|p1a: Farigiraf|spa|2\n|\n|-weather|SunnyDay|[upkeep]\n|upkeep\n|turn|9\n|\n|t:|1776303558\n|move|p2b: Gengar|Icy Wind|p1a: Farigiraf\n|-damage|p1a: Farigiraf|35/100\n|-unboost|p1a: Farigiraf|spe|1\n|move|p1a: Farigiraf|Hyper Voice|p2b: Gengar\n|-immune|p2b: Gengar\n|\n|-weather|none\n|upkeep\n|turn|10\n|c|\u2606TheRealZaxon|ggs lad\n|-message|celticlion17 forfeited.\n|\n|win|TheRealZaxon\n|raw|celticlion17's rating: 1082 &rarr; <strong>1062</strong><br />(-20 for losing)\n|raw|TheRealZaxon's rating: 1111 &rarr; <strong>1134</strong><br />(+23 for winning)\n|l|\u2606celticlion17\n|player|p1|\n",
  "uploadtime": 1776303710,
  "views": 18,
  "formatid": "gen9championsvgc2026regma",
  "rating": 1062,
  "private": 0,
  "password": null
}