{
  "id": "gen9championsvgc2026regma-2581889339",
  "format": "[Gen 9 Champions] VGC 2026 Reg M-A",
  "players": [
    "nhytfxjfjhtf",
    "lohpezhoh"
  ],
  "log": "|j|\u2606nhytfxjfjhtf\n|j|\u2606lohpezhoh\n|t:|1776037036\n|gametype|doubles\n|player|p1|nhytfxjfjhtf|102|1000\n|player|p2|lohpezhoh|102|1034\n|gen|9\n|tier|[Gen 9 Champions] VGC 2026 Reg M-A\n|rated|\n|rule|Species Clause: Limit one of each Pok\u00e9mon\n|rule|Item Clause: Limit 1 of each item\n|clearpoke\n|poke|p1|Charizard, L50, M|\n|poke|p1|Venusaur, L50, M|\n|poke|p1|Farigiraf, L50, M|\n|poke|p1|Basculegion, L50, M|\n|poke|p1|Sneasler, L50, M|\n|poke|p1|Kingambit, L50, F|\n|poke|p2|Incineroar, L50, M|\n|poke|p2|Gengar, L50, F|\n|poke|p2|Sinistcha, L50|\n|poke|p2|Kingambit, L50, F|\n|poke|p2|Tyranitar, L50, F|\n|poke|p2|Kommo-o, L50, F|\n|teampreview|4\n|inactive|Battle timer is ON: inactive players will automatically lose when time's up. (requested by nhytfxjfjhtf)\n|inactive|lohpezhoh has 60 seconds left.\n|\n|t:|1776037107\n|teamsize|p1|4\n|teamsize|p2|4\n|start\n|switch|p1a: Charizard|Charizard, L50, M, shiny|100/100\n|switch|p1b: Kingambit|Kingambit, L50, F, shiny|100/100\n|switch|p2a: Gengar|Gengar, L50, F, shiny|100/100\n|switch|p2b: Tyranitar|Tyranitar, L50, F, shiny|100/100\n|-weather|Sandstorm|[from] ability: Sand Stream|[of] p2b: Tyranitar\n|turn|1\n|inactive|nhytfxjfjhtf has 30 seconds left.\n|inactive|lohpezhoh has 30 seconds left.\n|\n|t:|1776037141\n|detailschange|p2a: Gengar|Gengar-Mega, L50, F, shiny\n|-mega|p2a: Gengar|Gengar|Gengarite\n|move|p2a: Gengar|Protect|p2a: Gengar\n|-singleturn|p2a: Gengar|Protect\n|move|p1a: Charizard|Protect|p1a: Charizard\n|-singleturn|p1a: Charizard|Protect\n|move|p2b: Tyranitar|Rock Slide|p1b: Kingambit|[spread] p1b\n|-activate|p1a: Charizard|move: Protect\n|-resisted|p1b: Kingambit|1\n|-damage|p1b: Kingambit|90/100\n|cant|p1b: Kingambit|flinch\n|\n|-weather|Sandstorm|[upkeep]\n|-damage|p2a: Gengar|95/100|[from] Sandstorm\n|-damage|p1a: Charizard|95/100|[from] Sandstorm\n|upkeep\n|turn|2\n|inactive|nhytfxjfjhtf has 30 seconds left.\n|inactive|nhytfxjfjhtf has 20 seconds left.\n|inactive|nhytfxjfjhtf has 15 seconds left.\n|inactive|nhytfxjfjhtf has 10 seconds left.\n|\n|t:|1776037190\n|switch|p2a: Sinistcha|Sinistcha, L50|100/100\n|move|p2b: Tyranitar|Rock Slide|p1a: Charizard|[spread] p1a,p1b\n|-supereffective|p1a: Charizard|2\n|-resisted|p1b: Kingambit|1\n|-damage|p1a: Charizard|0 fnt\n|-damage|p1b: Kingambit|80/100\n|faint|p1a: Charizard\n|move|p1b: Kingambit|Kowtow Cleave|p2a: Sinistcha\n|-supereffective|p2a: Sinistcha|1\n|-damage|p2a: Sinistcha|6/100\n|-enditem|p2a: Sinistcha|Sitrus Berry|[eat]\n|-heal|p2a: Sinistcha|30/100|[from] item: Sitrus Berry\n|\n|-weather|Sandstorm|[upkeep]\n|-damage|p2a: Sinistcha|24/100|[from] Sandstorm\n|upkeep\n|\n|t:|1776037201\n|switch|p1a: Sneasler|Sneasler, L50, M, shiny|100/100\n|turn|3\n|inactive|lohpezhoh has 30 seconds left.\n|\n|t:|1776037226\n|move|p1a: Sneasler|Fake Out|p2b: Tyranitar\n|-resisted|p2b: Tyranitar|1\n|-damage|p2b: Tyranitar|94/100\n|move|p2a: Sinistcha|Rage Powder|p2a: Sinistcha\n|-singleturn|p2a: Sinistcha|move: Rage Powder\n|cant|p2b: Tyranitar|flinch\n|move|p1b: Kingambit|Kowtow Cleave|p2a: Sinistcha\n|-supereffective|p2a: Sinistcha|1\n|-damage|p2a: Sinistcha|0 fnt\n|faint|p2a: Sinistcha\n|\n|-weather|Sandstorm|[upkeep]\n|-damage|p1a: Sneasler|95/100|[from] Sandstorm\n|upkeep\n|\n|t:|1776037238\n|switch|p2a: Gengar|Gengar-Mega, L50, F, shiny|95/100\n|turn|4\n|inactive|nhytfxjfjhtf has 30 seconds left.\n|inactive|lohpezhoh has 30 seconds left.\n|inactive|lohpezhoh has 20 seconds left.\n|inactive|lohpezhoh has 15 seconds left.\n|inactive|lohpezhoh has 10 seconds left.\n|\n|t:|1776037284\n|switch|p2b: Incineroar|Incineroar, L50, M|100/100\n|-ability|p2b: Incineroar|Intimidate|boost\n|-unboost|p1a: Sneasler|atk|1\n|-unboost|p1b: Kingambit|atk|1\n|-ability|p1b: Kingambit|Defiant|boost\n|-boost|p1b: Kingambit|atk|2\n|-enditem|p1a: Sneasler|White Herb\n|-clearnegativeboost|p1a: Sneasler|[silent]\n|move|p1a: Sneasler|Protect|p1a: Sneasler\n|-singleturn|p1a: Sneasler|Protect\n|move|p2a: Gengar|Protect|p2a: Gengar\n|-singleturn|p2a: Gengar|Protect\n|move|p1b: Kingambit|Kowtow Cleave|p2a: Gengar\n|-activate|p2a: Gengar|move: Protect\n|\n|-weather|Sandstorm|[upkeep]\n|-damage|p1a: Sneasler|89/100|[from] Sandstorm\n|-damage|p2a: Gengar|89/100|[from] Sandstorm\n|-damage|p2b: Incineroar|95/100|[from] Sandstorm\n|upkeep\n|turn|5\n|inactive|nhytfxjfjhtf has 30 seconds left.\n|inactive|lohpezhoh has 30 seconds left.\n|\n|t:|1776037314\n|move|p2b: Incineroar|Fake Out|p1b: Kingambit\n|-resisted|p1b: Kingambit|1\n|-damage|p1b: Kingambit|76/100\n|cant|p1b: Kingambit|flinch\n|move|p1a: Sneasler|Close Combat|p2b: Incineroar\n|-supereffective|p2b: Incineroar|1\n|-damage|p2b: Incineroar|0 fnt\n|-unboost|p1a: Sneasler|def|1\n|-unboost|p1a: Sneasler|spd|1\n|faint|p2b: Incineroar\n|move|p2a: Gengar|Shadow Ball|p1a: Sneasler\n|-damage|p1a: Sneasler|4/100\n|\n|-weather|none\n|upkeep\n|\n|t:|1776037330\n|switch|p2b: Tyranitar|Tyranitar, L50, F, shiny|94/100\n|-weather|Sandstorm|[from] ability: Sand Stream|[of] p2b: Tyranitar\n|turn|6\n|inactive|lohpezhoh has 30 seconds left.\n|\n|t:|1776037355\n|move|p2a: Gengar|Protect|p2a: Gengar\n|-singleturn|p2a: Gengar|Protect\n|move|p1a: Sneasler|Close Combat|p2b: Tyranitar\n|-supereffective|p2b: Tyranitar|2\n|-damage|p2b: Tyranitar|0 fnt\n|-unboost|p1a: Sneasler|def|1\n|-unboost|p1a: Sneasler|spd|1\n|faint|p2b: Tyranitar\n|move|p1b: Kingambit|Kowtow Cleave|p2a: Gengar\n|-activate|p2a: Gengar|move: Protect\n|\n|-weather|Sandstorm|[upkeep]\n|-damage|p1a: Sneasler|0 fnt|[from] Sandstorm\n|-damage|p2a: Gengar|83/100|[from] Sandstorm\n|faint|p1a: Sneasler\n|upkeep\n|\n|t:|1776037361\n|switch|p1a: Farigiraf|Farigiraf, L50, M|100/100\n|turn|7\n|\n|t:|1776037378\n|move|p1a: Farigiraf|Helping Hand|p1b: Kingambit\n|-singleturn|p1b: Kingambit|Helping Hand|[of] p1a: Farigiraf\n|move|p2a: Gengar|Perish Song|p2a: Gengar\n|-start|p1a: Farigiraf|perish3|[silent]\n|-start|p1b: Kingambit|perish3|[silent]\n|-start|p2a: Gengar|perish3|[silent]\n|-fieldactivate|move: Perish Song\n|move|p1b: Kingambit|Kowtow Cleave|p2a: Gengar\n|-supereffective|p2a: Gengar|1\n|-damage|p2a: Gengar|0 fnt\n|faint|p2a: Gengar\n|\n|win|nhytfxjfjhtf\n|raw|nhytfxjfjhtf's rating: 1000 &rarr; <strong>1044</strong><br />(+44 for winning)\n|raw|lohpezhoh's rating: 1034 &rarr; <strong>1017</strong><br />(-17 for losing)\n|l|\u2606lohpezhoh\n|player|p2|\n",
  "uploadtime": 1776037388,
  "views": 29,
  "formatid": "gen9championsvgc2026regma",
  "rating": 1017,
  "private": 0,
  "password": null
}