{
  "id": "gen9championsvgc2026regma-2588484708",
  "format": "[Gen 9 Champions] VGC 2026 Reg M-A",
  "players": [
    "brazzers777",
    "combeeuwu"
  ],
  "log": "|j|\u2606brazzers777\n|j|\u2606combeeuwu\n|t:|1776637709\n|gametype|doubles\n|player|p1|brazzers777|101|1338\n|player|p2|combeeuwu|1|1374\n|gen|9\n|tier|[Gen 9 Champions] VGC 2026 Reg M-A\n|rated|\n|rule|Species Clause: Limit one of each Pok\u00e9mon\n|rule|Item Clause: Limit 1 of each item\n|clearpoke\n|poke|p1|Basculegion, L50, M|\n|poke|p1|Delphox, L50, M|\n|poke|p1|Garchomp, L50, M|\n|poke|p1|Talonflame, L50, F|\n|poke|p1|Floette-Eternal, L50, F|\n|poke|p1|Kingambit, L50, F|\n|poke|p2|Aerodactyl, L50, F|\n|poke|p2|Incineroar, L50, M|\n|poke|p2|Floette-Eternal, L50, F|\n|poke|p2|Garchomp, L50, F|\n|poke|p2|Rotom-Wash, L50|\n|poke|p2|Sneasler, L50, M|\n|teampreview|4\n|inactive|Battle timer is ON: inactive players will automatically lose when time's up. (requested by combeeuwu)\n|inactive|brazzers777 also wants the timer to be on.\n|inactive|brazzers777 has 60 seconds left.\n|\n|t:|1776637756\n|teamsize|p1|4\n|teamsize|p2|4\n|start\n|switch|p1a: Talonflame|Talonflame, L50, F|100/100\n|switch|p1b: Basculegion|Basculegion, L50, M|100/100\n|switch|p2a: Rotom|Rotom-Wash, L50|100/100\n|switch|p2b: Aerodactyl|Aerodactyl, L50, F|100/100\n|-ability|p2b: Aerodactyl|Unnerve\n|turn|1\n|\n|t:|1776637778\n|move|p1a: Talonflame|Protect|p1a: Talonflame\n|-singleturn|p1a: Talonflame|Protect\n|move|p2a: Rotom|Electroweb|p1a: Talonflame|[spread] p1b\n|-activate|p1a: Talonflame|move: Protect\n|-supereffective|p1b: Basculegion|1\n|-damage|p1b: Basculegion|66/100\n|-unboost|p1b: Basculegion|spe|1\n|move|p2b: Aerodactyl|Tailwind|p2b: Aerodactyl\n|-sidestart|p2: combeeuwu|move: Tailwind\n|move|p1b: Basculegion|Flip Turn|p2a: Rotom\n|-resisted|p2a: Rotom|1\n|-damage|p2a: Rotom|81/100\n|\n|t:|1776637794\n|switch|p1b: Garchomp|Garchomp, L50, M|100/100|[from] Flip Turn\n|\n|upkeep\n|turn|2\n|\n|t:|1776637811\n|move|p1a: Talonflame|Tailwind|p1a: Talonflame\n|-sidestart|p1: brazzers777|move: Tailwind\n|move|p2a: Rotom|Electroweb|p1a: Talonflame|[spread] p1a\n|-immune|p1b: Garchomp\n|-supereffective|p1a: Talonflame|1\n|-damage|p1a: Talonflame|64/100\n|-unboost|p1a: Talonflame|spe|1\n|move|p2b: Aerodactyl|Rock Slide|p1a: Talonflame|[spread] p1a,p1b\n|-supereffective|p1a: Talonflame|2\n|-resisted|p1b: Garchomp|1\n|-damage|p1a: Talonflame|0 fnt\n|-damage|p1b: Garchomp|90/100\n|faint|p1a: Talonflame\n|move|p1b: Garchomp|Rock Slide|p2b: Aerodactyl|[spread] p2a,p2b\n|-supereffective|p2b: Aerodactyl|1\n|-damage|p2a: Rotom|59/100\n|-damage|p2b: Aerodactyl|33/100\n|\n|upkeep\n|inactive|brazzers777 has 30 seconds left.\n|\n|t:|1776637838\n|switch|p1a: Basculegion|Basculegion, L50, M|66/100\n|turn|3\n|\n|t:|1776637844\n|move|p1a: Basculegion|Aqua Jet|p2b: Aerodactyl\n|-supereffective|p2b: Aerodactyl|1\n|-damage|p2b: Aerodactyl|0 fnt\n|faint|p2b: Aerodactyl\n|move|p2a: Rotom|Electroweb|p1a: Basculegion|[spread] \n|-immune|p1b: Garchomp\n|-miss|p2a: Rotom|p1a: Basculegion\n|move|p1b: Garchomp|Dragon Claw|p2a: Rotom\n|-damage|p2a: Rotom|8/100\n|\n|upkeep\n|\n|t:|1776637854\n|switch|p2b: Garchomp|Garchomp, L50, F|100/100\n|turn|4\n|\n|t:|1776637863\n|move|p1a: Basculegion|Aqua Jet|p2a: Rotom\n|-resisted|p2a: Rotom|1\n|-damage|p2a: Rotom|0 fnt\n|faint|p2a: Rotom\n|move|p2b: Garchomp|Dragon Claw|p1b: Garchomp\n|-supereffective|p1b: Garchomp|1\n|-damage|p1b: Garchomp|17/100\n|-damage|p2b: Garchomp|88/100|[from] ability: Rough Skin|[of] p1b: Garchomp\n|move|p1b: Garchomp|Dragon Claw|p2b: Garchomp\n|-supereffective|p2b: Garchomp|1\n|-damage|p2b: Garchomp|3/100\n|-damage|p1b: Garchomp|5/100|[from] ability: Rough Skin|[of] p2b: Garchomp\n|\n|-sideend|p2: combeeuwu|move: Tailwind\n|upkeep\n|\n|t:|1776637872\n|switch|p2a: Floette|Floette-Eternal, L50, F|100/100\n|turn|5\n|\n|t:|1776637891\n|detailschange|p2a: Floette|Floette-Mega, L50, F\n|-mega|p2a: Floette|Floette|Floettite\n|-ability|p2a: Floette|Fairy Aura\n|move|p2a: Floette|Protect|p2a: Floette\n|-singleturn|p2a: Floette|Protect\n|move|p1a: Basculegion|Aqua Jet|p2b: Garchomp\n|-crit|p2b: Garchomp\n|-damage|p2b: Garchomp|0 fnt\n|-damage|p1a: Basculegion|54/100|[from] ability: Rough Skin|[of] p2b: Garchomp\n|faint|p2b: Garchomp\n|move|p1b: Garchomp|Rock Slide|p2a: Floette\n|-activate|p2a: Floette|move: Protect\n|\n|-sideend|p1: brazzers777|move: Tailwind\n|upkeep\n|turn|6\n|\n|t:|1776637909\n|switch|p1a: Delphox|Delphox, L50, M|100/100\n|move|p2a: Floette|Dazzling Gleam|p1b: Garchomp|[spread] p1a,p1b\n|-resisted|p1a: Delphox|1\n|-supereffective|p1b: Garchomp|1\n|-damage|p1a: Delphox|71/100\n|-damage|p1b: Garchomp|0 fnt\n|faint|p1b: Garchomp\n|\n|upkeep\n|\n|t:|1776637914\n|switch|p1b: Basculegion|Basculegion, L50, M|54/100\n|turn|7\n|\n|t:|1776637923\n|detailschange|p1a: Delphox|Delphox-Mega, L50, M\n|-mega|p1a: Delphox|Delphox|Delphoxite\n|move|p1b: Basculegion|Last Respects|p2a: Floette\n|-damage|p2a: Floette|0 fnt\n|faint|p2a: Floette\n|\n|win|brazzers777\n|raw|brazzers777's rating: 1338 &rarr; <strong>1360</strong><br />(+22 for winning)\n|raw|combeeuwu's rating: 1374 &rarr; <strong>1352</strong><br />(-22 for losing)\n|l|\u2606combeeuwu\n|player|p2|\n",
  "uploadtime": 1776637947,
  "views": 13,
  "formatid": "gen9championsvgc2026regma",
  "rating": 1352,
  "private": 0,
  "password": null
}