{
  "id": "gen9championsvgc2026regma-2588336617",
  "format": "[Gen 9 Champions] VGC 2026 Reg M-A",
  "players": [
    "Voraxu",
    "Lioxim"
  ],
  "log": "|j|\u2606Voraxu\n|j|\u2606Lioxim\n|t:|1776625167\n|gametype|doubles\n|player|p1|Voraxu|cynthia-gen4|1145\n|player|p2|Lioxim|102|1223\n|gen|9\n|tier|[Gen 9 Champions] VGC 2026 Reg M-A\n|rated|\n|rule|Species Clause: Limit one of each Pok\u00e9mon\n|rule|Item Clause: Limit 1 of each item\n|clearpoke\n|poke|p1|Tyranitar, L50, M|\n|poke|p1|Garchomp, L50, M|\n|poke|p1|Whimsicott, L50, M, shiny|\n|poke|p1|Rotom-Wash, L50, shiny|\n|poke|p1|Talonflame, L50, F|\n|poke|p1|Aegislash, L50, F, shiny|\n|poke|p2|Charizard, L50, M|\n|poke|p2|Whimsicott, L50, M|\n|poke|p2|Sneasler, L50, M|\n|poke|p2|Incineroar, L50, M|\n|poke|p2|Aegislash, L50, M|\n|poke|p2|Garchomp, L50, F|\n|teampreview|4\n|inactive|Battle timer is ON: inactive players will automatically lose when time's up. (requested by Voraxu)\n|inactive|Voraxu has 60 seconds left.\n|inactive|Lioxim has 60 seconds left.\n|\n|t:|1776625222\n|teamsize|p1|4\n|teamsize|p2|4\n|start\n|switch|p1a: Tyranitar|Tyranitar, L50, M|100/100\n|switch|p1b: Rotom|Rotom-Wash, L50, shiny|100/100\n|switch|p2a: Charizard|Charizard, L50, M|100/100\n|switch|p2b: Whimsicott|Whimsicott, L50, M|100/100\n|-weather|Sandstorm|[from] ability: Sand Stream|[of] p1a: Tyranitar\n|turn|1\n|inactive|Voraxu has 30 seconds left.\n|inactive|Voraxu has 20 seconds left.\n|\n|t:|1776625260\n|switch|p1a: Talonflame|Talonflame, L50, F|100/100\n|detailschange|p2a: Charizard|Charizard-Mega-Y, L50, M\n|-mega|p2a: Charizard|Charizard|Charizardite Y\n|-weather|SunnyDay|[from] ability: Drought|[of] p2a: Charizard\n|move|p2b: Whimsicott|Sunny Day||[still]\n|-fail|p2b: Whimsicott\n|move|p2a: Charizard|Solar Beam||[still]\n|-prepare|p2a: Charizard|Solar Beam\n|-anim|p2a: Charizard|Solar Beam|p1b: Rotom\n|-supereffective|p1b: Rotom|1\n|-damage|p1b: Rotom|0 fnt\n|faint|p1b: Rotom\n|\n|-weather|SunnyDay|[upkeep]\n|upkeep\n|\n|t:|1776625276\n|switch|p1b: Tyranitar|Tyranitar, L50, M|100/100\n|-weather|Sandstorm|[from] ability: Sand Stream|[of] p1b: Tyranitar\n|turn|2\n|\n|t:|1776625294\n|detailschange|p1b: Tyranitar|Tyranitar-Mega, L50, M\n|-mega|p1b: Tyranitar|Tyranitar|Tyranitarite\n|move|p2b: Whimsicott|Sunny Day|p2b: Whimsicott\n|-weather|SunnyDay\n|move|p1a: Talonflame|Dual Wingbeat|p2b: Whimsicott\n|-supereffective|p2b: Whimsicott|1\n|-damage|p2b: Whimsicott|51/100\n|-supereffective|p2b: Whimsicott|1\n|-damage|p2b: Whimsicott|0 fnt\n|faint|p2b: Whimsicott\n|-hitcount|p2: Whimsicott|2\n|move|p2a: Charizard|Solar Beam||[still]\n|-prepare|p2a: Charizard|Solar Beam\n|-anim|p2a: Charizard|Solar Beam|p1b: Tyranitar\n|-supereffective|p1b: Tyranitar|1\n|-damage|p1b: Tyranitar|25/100\n|move|p1b: Tyranitar|Rock Slide|p2a: Charizard|[miss]\n|-miss|p1b: Tyranitar|p2a: Charizard\n|\n|-weather|SunnyDay|[upkeep]\n|upkeep\n|\n|t:|1776625317\n|switch|p2b: Aegislash|Aegislash, L50, M|100/100\n|turn|3\n|\n|t:|1776625334\n|switch|p2a: Garchomp|Garchomp, L50, F|100/100\n|switch|p1b: Garchomp|Garchomp, L50, M|100/100\n|move|p1a: Talonflame|Protect|p1a: Talonflame\n|-singleturn|p1a: Talonflame|Protect\n|move|p2b: Aegislash|King's Shield||[still]\n|-fail|p2b: Aegislash\n|\n|-weather|SunnyDay|[upkeep]\n|upkeep\n|turn|4\n|inactive|Voraxu has 30 seconds left.\n|inactive|Voraxu has 20 seconds left.\n|\n|t:|1776625370\n|move|p2a: Garchomp|Rock Slide|p1b: Garchomp|[spread] p1b\n|-miss|p2a: Garchomp|p1a: Talonflame\n|-resisted|p1b: Garchomp|1\n|-damage|p1b: Garchomp|91/100\n|move|p1b: Garchomp|Dragon Claw|p2a: Garchomp\n|-supereffective|p2a: Garchomp|1\n|-damage|p2a: Garchomp|2/100\n|-damage|p1b: Garchomp|79/100|[from] ability: Rough Skin|[of] p2a: Garchomp\n|move|p1a: Talonflame|U-turn|p2b: Aegislash\n|-resisted|p2b: Aegislash|2\n|-damage|p2b: Aegislash|97/100\n|\n|t:|1776625383\n|switch|p1a: Tyranitar|Tyranitar-Mega, L50, M|25/100|[from] U-turn\n|-weather|Sandstorm|[from] ability: Sand Stream|[of] p1a: Tyranitar\n|-formechange|p2b: Aegislash|Aegislash-Blade|\n|move|p2b: Aegislash|Flash Cannon|p1a: Tyranitar\n|-supereffective|p1a: Tyranitar|1\n|-damage|p1a: Tyranitar|0 fnt\n|faint|p1a: Tyranitar\n|\n|-weather|Sandstorm|[upkeep]\n|upkeep\n|\n|t:|1776625394\n|switch|p1a: Talonflame|Talonflame, L50, F|100/100\n|turn|5\n|\n|t:|1776625403\n|-formechange|p2b: Aegislash|Aegislash|\n|move|p2b: Aegislash|King's Shield|p2b: Aegislash\n|-singleturn|p2b: Aegislash|Protect\n|move|p1a: Talonflame|Dual Wingbeat|p2a: Garchomp\n|-damage|p2a: Garchomp|0 fnt\n|-damage|p1a: Talonflame|88/100|[from] ability: Rough Skin|[of] p2a: Garchomp\n|faint|p2a: Garchomp\n|-hitcount|p2: Garchomp|1\n|move|p1b: Garchomp|Dragon Claw|p2b: Aegislash\n|-activate|p2b: Aegislash|move: Protect\n|-unboost|p1b: Garchomp|atk|1\n|\n|-weather|Sandstorm|[upkeep]\n|-damage|p1a: Talonflame|82/100|[from] Sandstorm\n|upkeep\n|\n|t:|1776625410\n|switch|p2a: Charizard|Charizard-Mega-Y, L50, M|100/100\n|-weather|SunnyDay|[from] ability: Drought|[of] p2a: Charizard\n|turn|6\n|\n|t:|1776625426\n|move|p1b: Garchomp|Dragon Claw|p2a: Charizard\n|-crit|p2a: Charizard\n|-damage|p2a: Charizard|4/100\n|move|p1a: Talonflame|Dual Wingbeat|p2a: Charizard\n|-damage|p2a: Charizard|0 fnt\n|faint|p2a: Charizard\n|-hitcount|p2: Charizard|1\n|-formechange|p2b: Aegislash|Aegislash-Blade|\n|move|p2b: Aegislash|Shadow Ball|p1a: Talonflame\n|-crit|p1a: Talonflame\n|-damage|p1a: Talonflame|0 fnt\n|faint|p1a: Talonflame\n|\n|-weather|SunnyDay|[upkeep]\n|upkeep\n|turn|7\n|\n|t:|1776625442\n|-formechange|p2b: Aegislash|Aegislash|\n|move|p2b: Aegislash|King's Shield|p2b: Aegislash\n|-singleturn|p2b: Aegislash|Protect\n|move|p1b: Garchomp|Dragon Claw|p2b: Aegislash\n|-activate|p2b: Aegislash|move: Protect\n|-unboost|p1b: Garchomp|atk|1\n|\n|-weather|SunnyDay|[upkeep]\n|upkeep\n|turn|8\n|\n|t:|1776625453\n|move|p1b: Garchomp|Dragon Claw|p2b: Aegislash\n|-resisted|p2b: Aegislash|1\n|-damage|p2b: Aegislash|87/100\n|-formechange|p2b: Aegislash|Aegislash-Blade|\n|move|p2b: Aegislash|Shadow Ball|p1b: Garchomp\n|-damage|p1b: Garchomp|25/100\n|\n|-weather|SunnyDay|[upkeep]\n|upkeep\n|turn|9\n|-message|Voraxu forfeited.\n|\n|win|Lioxim\n|raw|Voraxu's rating: 1145 &rarr; <strong>1126</strong><br />(-19 for losing)\n|raw|Lioxim's rating: 1223 &rarr; <strong>1242</strong><br />(+19 for winning)\n|l|\u2606Voraxu\n|player|p1|\n",
  "uploadtime": 1776625476,
  "views": 11,
  "formatid": "gen9championsvgc2026regma",
  "rating": 1126,
  "private": 0,
  "password": null
}