{
  "id": "gen9championsvgc2026regma-2584890022",
  "format": "[Gen 9 Champions] VGC 2026 Reg M-A",
  "players": [
    "Baconduh1",
    "AkioKira"
  ],
  "log": "|j|\u2606Baconduh1\n|j|\u2606AkioKira\n|t:|1776291900\n|gametype|doubles\n|player|p1|Baconduh1|n|1068\n|player|p2|AkioKira|miku-ground|1052\n|gen|9\n|tier|[Gen 9 Champions] VGC 2026 Reg M-A\n|rated|\n|rule|Species Clause: Limit one of each Pok\u00e9mon\n|rule|Item Clause: Limit 1 of each item\n|clearpoke\n|poke|p1|Charizard, L50, M|\n|poke|p1|Blastoise, L50, M|\n|poke|p1|Venusaur, L50, M|\n|poke|p1|Typhlosion-Hisui, L50, M|\n|poke|p1|Spiritomb, L50, F|\n|poke|p1|Whimsicott, L50, F|\n|poke|p2|Beedrill, L50, F|\n|poke|p2|Rotom-Wash, L50|\n|poke|p2|Aegislash, L50, F|\n|poke|p2|Incineroar, L50, F|\n|poke|p2|Sinistcha, L50|\n|poke|p2|Aerodactyl, L50, M|\n|teampreview|4\n|\n|t:|1776291939\n|teamsize|p1|4\n|teamsize|p2|4\n|start\n|switch|p1a: Typhlosion|Typhlosion-Hisui, L50, M, shiny|100/100\n|switch|p1b: Whimsicott|Whimsicott, L50, F|100/100\n|switch|p2a: POTENUINELY|Beedrill, L50, F|100/100\n|switch|p2b: AERO|Aerodactyl, L50, M|100/100\n|-ability|p2b: AERO|Unnerve\n|-item|p2a: POTENUINELY|Beedrillite|[from] ability: Frisk|[of] p1a: Typhlosion\n|-item|p2b: AERO|Focus Sash|[from] ability: Frisk|[of] p1a: Typhlosion\n|turn|1\n|\n|t:|1776291957\n|detailschange|p2a: POTENUINELY|Beedrill-Mega, L50, F\n|-mega|p2a: POTENUINELY|Beedrill|Beedrillite\n|move|p1a: Typhlosion|Eruption|p2b: AERO|[spread] p2a,p2b\n|-supereffective|p2a: POTENUINELY|1\n|-resisted|p2b: AERO|1\n|-damage|p2a: POTENUINELY|0 fnt\n|-damage|p2b: AERO|62/100\n|faint|p2a: POTENUINELY\n|move|p2b: AERO|Tailwind|p2b: AERO\n|-sidestart|p2: AkioKira|move: Tailwind\n|move|p1b: Whimsicott|Moonblast|p2b: AERO\n|-damage|p2b: AERO|13/100\n|\n|upkeep\n|\n|t:|1776291972\n|switch|p2a: UNWASHED|Rotom-Wash, L50|100/100\n|turn|2\n|\n|t:|1776291985\n|switch|p1a: Venusaur|Venusaur, L50, M, shiny|100/100\n|move|p1b: Whimsicott|Tailwind|p1b: Whimsicott\n|-sidestart|p1: Baconduh1|move: Tailwind\n|move|p2b: AERO|Dual Wingbeat|p1b: Whimsicott\n|-supereffective|p1b: Whimsicott|1\n|-damage|p1b: Whimsicott|42/100\n|-supereffective|p1b: Whimsicott|1\n|-damage|p1b: Whimsicott|0 fnt\n|faint|p1b: Whimsicott\n|-hitcount|p1: Whimsicott|2\n|move|p2a: UNWASHED|Hydro Pump|p1a: Venusaur\n|-resisted|p1a: Venusaur|1\n|-damage|p1a: Venusaur|68/100\n|\n|upkeep\n|\n|t:|1776291990\n|switch|p1b: Charizard|Charizard, L50, M, shiny|100/100\n|turn|3\n|\n|t:|1776292004\n|detailschange|p1b: Charizard|Charizard-Mega-Y, L50, M, shiny\n|-mega|p1b: Charizard|Charizard|Charizardite Y\n|-weather|SunnyDay|[from] ability: Drought|[of] p1b: Charizard\n|move|p1a: Venusaur|Giga Drain|p2a: UNWASHED\n|-supereffective|p2a: UNWASHED|1\n|-damage|p2a: UNWASHED|16/100\n|-heal|p1a: Venusaur|100/100|[from] drain|[of] p2a: UNWASHED\n|move|p2b: AERO|Dual Wingbeat|p1a: Venusaur\n|-supereffective|p1a: Venusaur|1\n|-damage|p1a: Venusaur|54/100\n|-supereffective|p1a: Venusaur|1\n|-damage|p1a: Venusaur|2/100\n|-hitcount|p1a: Venusaur|2\n|move|p1b: Charizard|Heat Wave|p2b: AERO|[spread] p2a\n|-miss|p1b: Charizard|p2b: AERO\n|-resisted|p2a: UNWASHED|1\n|-damage|p2a: UNWASHED|0 fnt\n|faint|p2a: UNWASHED\n|\n|-weather|SunnyDay|[upkeep]\n|upkeep\n|\n|t:|1776292021\n|switch|p2a: HIM|Incineroar, L50, F|100/100\n|-ability|p2a: HIM|Intimidate|boost\n|-unboost|p1a: Venusaur|atk|1\n|-unboost|p1b: Charizard|atk|1\n|turn|4\n|\n|t:|1776292027\n|move|p1a: Venusaur|Protect|p1a: Venusaur\n|-singleturn|p1a: Venusaur|Protect\n|move|p1b: Charizard|Protect|p1b: Charizard\n|-singleturn|p1b: Charizard|Protect\n|move|p2a: HIM|Fake Out|p1a: Venusaur\n|-activate|p1a: Venusaur|move: Protect\n|move|p2b: AERO|Rock Slide|p1b: Charizard|[spread] \n|-activate|p1a: Venusaur|move: Protect\n|-activate|p1b: Charizard|move: Protect\n|\n|-weather|SunnyDay|[upkeep]\n|-sideend|p2: AkioKira|move: Tailwind\n|upkeep\n|turn|5\n|\n|t:|1776292039\n|move|p2b: AERO|Protect|p2b: AERO\n|-singleturn|p2b: AERO|Protect\n|move|p1a: Venusaur|Earth Power|p2a: HIM\n|-supereffective|p2a: HIM|1\n|-enditem|p2a: HIM|Shuca Berry|[eat]\n|-enditem|p2a: HIM|Shuca Berry|[weaken]\n|-damage|p2a: HIM|76/100\n|move|p1b: Charizard|Solar Beam||[still]\n|-prepare|p1b: Charizard|Solar Beam\n|-anim|p1b: Charizard|Solar Beam|p2b: AERO\n|-activate|p2b: AERO|move: Protect\n|move|p2a: HIM|Darkest Lariat|p1a: Venusaur\n|-damage|p1a: Venusaur|0 fnt\n|faint|p1a: Venusaur\n|\n|-weather|SunnyDay|[upkeep]\n|-sideend|p1: Baconduh1|move: Tailwind\n|upkeep\n|\n|t:|1776292045\n|switch|p1a: Typhlosion|Typhlosion-Hisui, L50, M, shiny|100/100\n|-item|p2b: AERO|Focus Sash|[from] ability: Frisk|[of] p1a: Typhlosion\n|turn|6\n|\n|t:|1776292062\n|move|p1a: Typhlosion|Focus Blast|p2a: HIM\n|-supereffective|p2a: HIM|1\n|-damage|p2a: HIM|7/100\n|move|p2b: AERO|Rock Slide|p1a: Typhlosion|[spread] p1a,p1b\n|-supereffective|p1a: Typhlosion|1\n|-supereffective|p1b: Charizard|2\n|-damage|p1a: Typhlosion|32/100\n|-damage|p1b: Charizard|0 fnt\n|faint|p1b: Charizard\n|move|p2a: HIM|Darkest Lariat|p1a: Typhlosion\n|-supereffective|p1a: Typhlosion|1\n|-damage|p1a: Typhlosion|0 fnt\n|faint|p1a: Typhlosion\n|\n|win|AkioKira\n|raw|Baconduh1's rating: 1068 &rarr; <strong>1047</strong><br />(-21 for losing)\n|raw|AkioKira's rating: 1052 &rarr; <strong>1086</strong><br />(+34 for winning)\n|l|\u2606Baconduh1\n|player|p1|\n",
  "uploadtime": 1776292074,
  "views": 19,
  "formatid": "gen9championsvgc2026regma",
  "rating": 1047,
  "private": 0,
  "password": null
}