{
  "id": "gen9championsvgc2026regma-2585020578",
  "format": "[Gen 9 Champions] VGC 2026 Reg M-A",
  "players": [
    "retrojp",
    "Astil_ice"
  ],
  "log": "|j|\u2606retrojp\n|j|\u2606Astil_ice\n|t:|1776304009\n|gametype|doubles\n|player|p1|retrojp|170|1048\n|player|p2|Astil_ice|169|1143\n|gen|9\n|tier|[Gen 9 Champions] VGC 2026 Reg M-A\n|rated|\n|rule|Species Clause: Limit one of each Pok\u00e9mon\n|rule|Item Clause: Limit 1 of each item\n|clearpoke\n|poke|p1|Aggron, L50, F|\n|poke|p1|Aerodactyl, L50, F|\n|poke|p1|Hydreigon, L50, F|\n|poke|p1|Tyranitar, L50, M|\n|poke|p1|Sneasler, L50, M|\n|poke|p1|Sinistcha, L50|\n|poke|p2|Charizard, L50, F|\n|poke|p2|Sneasler, L50, M|\n|poke|p2|Basculegion, L50, M|\n|poke|p2|Garchomp, L50, F|\n|poke|p2|Incineroar, L50, M|\n|poke|p2|Venusaur, L50, F|\n|teampreview|4\n|\n|t:|1776304037\n|teamsize|p1|4\n|teamsize|p2|4\n|start\n|switch|p1a: Aggron|Aggron, L50, F|100/100\n|switch|p1b: Sneasler|Sneasler, L50, M|100/100\n|switch|p2a: Charizard|Charizard, L50, F|100/100\n|switch|p2b: Sneasler|Sneasler, L50, M|100/100\n|-ability|p1b: Sneasler|Pressure\n|turn|1\n|\n|t:|1776304059\n|detailschange|p2a: Charizard|Charizard-Mega-Y, L50, F\n|-mega|p2a: Charizard|Charizard|Charizardite Y\n|-weather|SunnyDay|[from] ability: Drought|[of] p2a: Charizard\n|move|p1b: Sneasler|Fake Out|p2a: Charizard\n|-damage|p2a: Charizard|84/100\n|move|p2b: Sneasler|Close Combat|p1a: Aggron\n|-supereffective|p1a: Aggron|2\n|-ability|p1a: Aggron|Sturdy\n|-damage|p1a: Aggron|1/100\n|-unboost|p2b: Sneasler|def|1\n|-unboost|p2b: Sneasler|spd|1\n|-enditem|p2b: Sneasler|White Herb\n|-clearnegativeboost|p2b: Sneasler|[silent]\n|cant|p2a: Charizard|flinch\n|move|p1a: Aggron|Iron Defense|p1a: Aggron\n|-boost|p1a: Aggron|def|2\n|\n|-weather|SunnyDay|[upkeep]\n|upkeep\n|turn|2\n|\n|t:|1776304085\n|move|p1a: Aggron|Protect|p1a: Aggron\n|-singleturn|p1a: Aggron|Protect\n|move|p2b: Sneasler|Rock Slide|p1b: Sneasler|[spread] p1b\n|-activate|p1a: Aggron|move: Protect\n|-resisted|p1b: Sneasler|1\n|-damage|p1b: Sneasler|82/100\n|move|p1b: Sneasler|Coaching|p1a: Aggron\n|-boost|p1a: Aggron|atk|1\n|-boost|p1a: Aggron|def|1\n|move|p2a: Charizard|Air Slash|p1b: Sneasler\n|-supereffective|p1b: Sneasler|1\n|-damage|p1b: Sneasler|0 fnt\n|faint|p1b: Sneasler\n|\n|-weather|SunnyDay|[upkeep]\n|upkeep\n|\n|t:|1776304105\n|switch|p1b: Aerodactyl|Aerodactyl, L50, F|100/100\n|-ability|p1b: Aerodactyl|Unnerve\n|turn|3\n|\n|t:|1776304122\n|switch|p2a: Incineroar|Incineroar, L50, M|100/100\n|-ability|p2a: Incineroar|Intimidate|boost\n|-unboost|p1a: Aggron|atk|1\n|-unboost|p1b: Aerodactyl|atk|1\n|detailschange|p1a: Aggron|Aggron-Mega, L50, F\n|-mega|p1a: Aggron|Aggron|Aggronite\n|move|p2b: Sneasler|Rock Slide|p1a: Aggron|[spread] p1b\n|-miss|p2b: Sneasler|p1a: Aggron\n|-supereffective|p1b: Aerodactyl|1\n|-damage|p1b: Aerodactyl|37/100\n|move|p1b: Aerodactyl|Rock Slide|p2a: Incineroar|[spread] p2a,p2b\n|-supereffective|p2a: Incineroar|1\n|-resisted|p2b: Sneasler|1\n|-damage|p2a: Incineroar|70/100\n|-damage|p2b: Sneasler|86/100\n|move|p1a: Aggron|Body Press|p2b: Sneasler\n|-resisted|p2b: Sneasler|1\n|-damage|p2b: Sneasler|0 fnt\n|faint|p2b: Sneasler\n|\n|-weather|SunnyDay|[upkeep]\n|upkeep\n|\n|t:|1776304143\n|switch|p2b: Charizard|Charizard-Mega-Y, L50, F|84/100\n|turn|4\n|\n|t:|1776304148\n|move|p1b: Aerodactyl|Protect|p1b: Aerodactyl\n|-singleturn|p1b: Aerodactyl|Protect\n|move|p1a: Aggron|Protect|p1a: Aggron\n|-singleturn|p1a: Aggron|Protect\n|move|p2a: Incineroar|Fake Out|p1b: Aerodactyl\n|-activate|p1b: Aerodactyl|move: Protect\n|move|p2b: Charizard|Heat Wave|p1a: Aggron|[spread] \n|-activate|p1a: Aggron|move: Protect\n|-activate|p1b: Aerodactyl|move: Protect\n|\n|-weather|SunnyDay|[upkeep]\n|upkeep\n|turn|5\n|\n|t:|1776304183\n|switch|p2b: Basculegion|Basculegion, L50, M|100/100\n|move|p1b: Aerodactyl|Rock Slide|p2a: Incineroar|[spread] p2a,p2b\n|-supereffective|p2a: Incineroar|1\n|-damage|p2a: Incineroar|37/100\n|-damage|p2b: Basculegion|79/100\n|cant|p2a: Incineroar|flinch\n|move|p1a: Aggron|Body Press|p2a: Incineroar\n|-supereffective|p2a: Incineroar|1\n|-damage|p2a: Incineroar|0 fnt\n|faint|p2a: Incineroar\n|\n|-weather|none\n|upkeep\n|\n|t:|1776304195\n|switch|p2a: Charizard|Charizard-Mega-Y, L50, F|84/100\n|-weather|SunnyDay|[from] ability: Drought|[of] p2a: Charizard\n|turn|6\n|\n|t:|1776304208\n|switch|p1b: Tyranitar|Tyranitar, L50, M|100/100\n|-weather|Sandstorm|[from] ability: Sand Stream|[of] p1b: Tyranitar\n|move|p1a: Aggron|Protect|p1a: Aggron\n|-singleturn|p1a: Aggron|Protect\n|move|p2b: Basculegion|Aqua Jet|p1b: Tyranitar\n|-supereffective|p1b: Tyranitar|1\n|-damage|p1b: Tyranitar|62/100\n|move|p2a: Charizard|Heat Wave|p1a: Aggron|[spread] \n|-activate|p1a: Aggron|move: Protect\n|-miss|p2a: Charizard|p1b: Tyranitar\n|\n|-weather|Sandstorm|[upkeep]\n|-damage|p2b: Basculegion|73/100|[from] Sandstorm\n|-damage|p2a: Charizard|78/100|[from] Sandstorm\n|upkeep\n|turn|7\n|\n|t:|1776304243\n|move|p2b: Basculegion|Aqua Jet|p1b: Tyranitar\n|-supereffective|p1b: Tyranitar|1\n|-damage|p1b: Tyranitar|21/100\n|move|p2a: Charizard|Heat Wave|p1a: Aggron|[spread] p1a,p1b\n|-supereffective|p1a: Aggron|1\n|-resisted|p1b: Tyranitar|1\n|-damage|p1a: Aggron|0 fnt\n|-damage|p1b: Tyranitar|8/100\n|faint|p1a: Aggron\n|move|p1b: Tyranitar|Rock Slide|p2a: Charizard|[spread] p2a\n|-miss|p1b: Tyranitar|p2b: Basculegion\n|-supereffective|p2a: Charizard|2\n|-damage|p2a: Charizard|0 fnt\n|faint|p2a: Charizard\n|\n|-weather|Sandstorm|[upkeep]\n|-damage|p2b: Basculegion|67/100|[from] Sandstorm\n|upkeep\n|\n|t:|1776304258\n|switch|p1a: Aerodactyl|Aerodactyl, L50, F|37/100\n|-ability|p1a: Aerodactyl|Unnerve\n|turn|8\n|\n|t:|1776304266\n|move|p1a: Aerodactyl|Protect|p1a: Aerodactyl\n|-singleturn|p1a: Aerodactyl|Protect\n|move|p1b: Tyranitar|Protect|p1b: Tyranitar\n|-singleturn|p1b: Tyranitar|Protect\n|move|p2b: Basculegion|Aqua Jet|p1b: Tyranitar\n|-activate|p1b: Tyranitar|move: Protect\n|\n|-weather|Sandstorm|[upkeep]\n|-damage|p2b: Basculegion|60/100|[from] Sandstorm\n|upkeep\n|turn|9\n|\n|t:|1776304299\n|move|p2b: Basculegion|Aqua Jet|p1b: Tyranitar\n|-supereffective|p1b: Tyranitar|1\n|-damage|p1b: Tyranitar|0 fnt\n|faint|p1b: Tyranitar\n|move|p1a: Aerodactyl|Rock Slide|p2b: Basculegion\n|-damage|p2b: Basculegion|22/100\n|\n|-weather|Sandstorm|[upkeep]\n|-damage|p2b: Basculegion|15/100|[from] Sandstorm\n|upkeep\n|turn|10\n|\n|t:|1776304309\n|move|p1a: Aerodactyl|Protect|p1a: Aerodactyl\n|-singleturn|p1a: Aerodactyl|Protect\n|move|p2b: Basculegion|Aqua Jet|p1a: Aerodactyl\n|-activate|p1a: Aerodactyl|move: Protect\n|\n|-weather|none\n|upkeep\n|turn|11\n|\n|t:|1776304318\n|move|p2b: Basculegion|Aqua Jet|p1a: Aerodactyl\n|-supereffective|p1a: Aerodactyl|1\n|-damage|p1a: Aerodactyl|0 fnt\n|faint|p1a: Aerodactyl\n|\n|win|Astil_ice\n|raw|retrojp's rating: 1048 &rarr; <strong>1035</strong><br />(-13 for losing)\n|raw|Astil_ice's rating: 1143 &rarr; <strong>1161</strong><br />(+18 for winning)\n|c|\u2606retrojp|Gg\n|l|\u2606Astil_ice\n|player|p2|\n",
  "uploadtime": 1776304331,
  "views": 18,
  "formatid": "gen9championsvgc2026regma",
  "rating": 1035,
  "private": 0,
  "password": null
}