{
  "id": "gen9championsvgc2026regma-2587947272",
  "format": "[Gen 9 Champions] VGC 2026 Reg M-A",
  "players": [
    "ssshjsj",
    "stromini"
  ],
  "log": "|j|\u2606ssshjsj\n|j|\u2606stromini\n|t:|1776583152\n|gametype|doubles\n|player|p1|ssshjsj|169|1117\n|player|p2|stromini|169|1054\n|gen|9\n|tier|[Gen 9 Champions] VGC 2026 Reg M-A\n|rated|\n|rule|Species Clause: Limit one of each Pok\u00e9mon\n|rule|Item Clause: Limit 1 of each item\n|clearpoke\n|poke|p1|Incineroar, L50, M|\n|poke|p1|Slowking, L50, M|\n|poke|p1|Camerupt, L50, M|\n|poke|p1|Crabominable, L50, M|\n|poke|p1|Tsareena, L50, F|\n|poke|p1|Hatterene, L50, F|\n|poke|p2|Gengar, L50, F|\n|poke|p2|Pelipper, L50, M|\n|poke|p2|Blastoise, L50, F|\n|poke|p2|Sneasler, L50, M|\n|poke|p2|Incineroar, L50, F|\n|poke|p2|Archaludon, L50, M|\n|teampreview|4\n|inactive|Battle timer is ON: inactive players will automatically lose when time's up. (requested by stromini)\n|\n|t:|1776583175\n|teamsize|p1|4\n|teamsize|p2|4\n|start\n|switch|p1a: Incineroar|Incineroar, L50, M|100/100\n|switch|p1b: Slowking|Slowking, L50, M|100/100\n|switch|p2a: Gengar|Gengar, L50, F|100/100\n|switch|p2b: Incineroar|Incineroar, L50, F|100/100\n|-ability|p2b: Incineroar|Intimidate|boost\n|-unboost|p1a: Incineroar|atk|1\n|-fail|p1b: Slowking|unboost|Attack|[from] ability: Oblivious|[of] p1b: Slowking\n|-ability|p1a: Incineroar|Intimidate|boost\n|-unboost|p2a: Gengar|atk|1\n|-unboost|p2b: Incineroar|atk|1\n|turn|1\n|inactive|stromini has 30 seconds left.\n|\n|t:|1776583202\n|switch|p1a: Tsareena|Tsareena, L50, F|100/100\n|detailschange|p2a: Gengar|Gengar-Mega, L50, F\n|-mega|p2a: Gengar|Gengar|Gengarite\n|move|p2b: Incineroar|Fake Out||[still]\n|cant|p1a: Tsareena|ability: Queenly Majesty|Fake Out|[of] p2b: Incineroar\n|move|p2a: Gengar|Shadow Ball|p1b: Slowking\n|-supereffective|p1b: Slowking|1\n|-damage|p1b: Slowking|2/100\n|move|p1b: Slowking|Trick Room|p1b: Slowking\n|-fieldstart|move: Trick Room|[of] p1b: Slowking\n|\n|upkeep\n|turn|2\n|l|\u2606ssshjsj\n|inactive|ssshjsj disconnected and has a minute to reconnect!\n|player|p1|\n|j|\u2606ssshjsj\n|inactive|ssshjsj reconnected and has 40 seconds left.\n|player|p1|ssshjsj|169|\n|inactive|ssshjsj has 30 seconds left.\n|\n|t:|1776583229\n|switch|p2a: Archaludon|Archaludon, L50, M|100/100\n|move|p1b: Slowking|Psychic|p2a: Archaludon\n|-resisted|p2a: Archaludon|1\n|-damage|p2a: Archaludon|83/100\n|move|p2b: Incineroar|Flare Blitz|p1a: Tsareena\n|-supereffective|p1a: Tsareena|1\n|-enditem|p1a: Tsareena|Occa Berry|[eat]\n|-enditem|p1a: Tsareena|Occa Berry|[weaken]\n|-damage|p1a: Tsareena|69/100\n|-damage|p2b: Incineroar|91/100|[from] Recoil\n|move|p1a: Tsareena|Knock Off|p2a: Archaludon\n|-damage|p2a: Archaludon|55/100\n|-enditem|p2a: Archaludon|Magnet|[from] move: Knock Off|[of] p1a: Tsareena\n|\n|upkeep\n|turn|3\n|inactive|stromini has 30 seconds left.\n|\n|t:|1776583258\n|switch|p1a: Incineroar|Incineroar, L50, M|100/100\n|-ability|p1a: Incineroar|Intimidate|boost\n|-unboost|p2a: Archaludon|atk|1\n|-unboost|p2b: Incineroar|atk|1\n|-prepare|p1b: Slowking|Chilly Reception|[premajor]\n|move|p1b: Slowking|Chilly Reception|p1b: Slowking\n|-weather|Snowscape\n|\n|t:|1776583269\n|switch|p1b: Tsareena|Tsareena, L50, F|69/100|[from] Chilly Reception\n|move|p2b: Incineroar|Flare Blitz|p1a: Incineroar\n|-resisted|p1a: Incineroar|1\n|-damage|p1a: Incineroar|91/100\n|-damage|p2b: Incineroar|88/100|[from] Recoil\n|move|p2a: Archaludon|Dragon Pulse|p1a: Incineroar\n|-damage|p1a: Incineroar|53/100\n|\n|-weather|Snowscape|[upkeep]\n|upkeep\n|turn|4\n|\n|t:|1776583293\n|move|p2b: Incineroar|Protect|p2b: Incineroar\n|-singleturn|p2b: Incineroar|Protect\n|move|p2a: Archaludon|Protect|p2a: Archaludon\n|-singleturn|p2a: Archaludon|Protect\n|move|p1a: Incineroar|Fake Out|p2b: Incineroar\n|-activate|p2b: Incineroar|move: Protect\n|move|p1b: Tsareena|Triple Axel|p2a: Archaludon\n|-activate|p2a: Archaludon|move: Protect\n|\n|-weather|Snowscape|[upkeep]\n|upkeep\n|turn|5\n|inactive|stromini has 30 seconds left.\n|inactive|ssshjsj has 30 seconds left.\n|inactive|ssshjsj has 20 seconds left.\n|\n|t:|1776583335\n|switch|p1b: Slowking|Slowking, L50, M|2/100\n|move|p1a: Incineroar|Parting Shot|p2a: Archaludon\n|-unboost|p2a: Archaludon|atk|1\n|-unboost|p2a: Archaludon|spa|1\n|\n|t:|1776583342\n|switch|p1a: Crabominable|Crabominable, L50, M|100/100|[from] Parting Shot\n|move|p2b: Incineroar|Parting Shot|p1b: Slowking\n|-unboost|p1b: Slowking|atk|1\n|-unboost|p1b: Slowking|spa|1\n|\n|t:|1776583346\n|switch|p2b: Gengar|Gengar-Mega, L50, F|100/100|[from] Parting Shot\n|move|p2a: Archaludon|Dragon Pulse|p1a: Crabominable\n|-damage|p1a: Crabominable|71/100\n|\n|-weather|Snowscape|[upkeep]\n|-fieldend|move: Trick Room\n|upkeep\n|turn|6\n|\n|t:|1776583367\n|switch|p2a: Incineroar|Incineroar, L50, F|88/100\n|-ability|p2a: Incineroar|Intimidate|boost\n|-unboost|p1a: Crabominable|atk|1\n|-fail|p1b: Slowking|unboost|Attack|[from] ability: Oblivious|[of] p1b: Slowking\n|detailschange|p1a: Crabominable|Crabominable-Mega, L50, M\n|-mega|p1a: Crabominable|Crabominable|Crabominite\n|move|p2b: Gengar|Shadow Ball|p1b: Slowking\n|-supereffective|p1b: Slowking|1\n|-damage|p1b: Slowking|0 fnt\n|faint|p1b: Slowking\n|move|p1a: Crabominable|Ice Punch|p2b: Gengar\n|-damage|p2b: Gengar|44/100\n|\n|-weather|Snowscape|[upkeep]\n|upkeep\n|\n|t:|1776583382\n|switch|p1b: Incineroar|Incineroar, L50, M|53/100\n|-ability|p1b: Incineroar|Intimidate|boost\n|-unboost|p2a: Incineroar|atk|1\n|-unboost|p2b: Gengar|atk|1\n|turn|7\n|\n|t:|1776583401\n|move|p1a: Crabominable|Protect|p1a: Crabominable\n|-singleturn|p1a: Crabominable|Protect\n|move|p2b: Gengar|Shadow Ball|p1a: Crabominable\n|-activate|p1a: Crabominable|move: Protect\n|move|p2a: Incineroar|Parting Shot|p1a: Crabominable\n|-activate|p1a: Crabominable|move: Protect\n|move|p1b: Incineroar|Flare Blitz|p2b: Gengar\n|-damage|p2b: Gengar|0 fnt\n|faint|p2b: Gengar\n|-damage|p1b: Incineroar|42/100|[from] Recoil\n|-enditem|p1b: Incineroar|Sitrus Berry|[eat]\n|-heal|p1b: Incineroar|67/100|[from] item: Sitrus Berry\n|\n|-weather|none\n|upkeep\n|\n|t:|1776583405\n|switch|p2b: Sneasler|Sneasler, L50, M|100/100\n|turn|8\n|\n|t:|1776583427\n|switch|p1a: Tsareena|Tsareena, L50, F|69/100\n|move|p2b: Sneasler|Close Combat|p1a: Tsareena\n|-damage|p1a: Tsareena|0 fnt\n|-unboost|p2b: Sneasler|def|1\n|-unboost|p2b: Sneasler|spd|1\n|faint|p1a: Tsareena\n|-enditem|p2b: Sneasler|White Herb\n|-clearnegativeboost|p2b: Sneasler|[silent]\n|move|p2a: Incineroar|Flare Blitz|p1b: Incineroar\n|-resisted|p1b: Incineroar|1\n|-damage|p1b: Incineroar|53/100\n|-damage|p2a: Incineroar|83/100|[from] Recoil\n|move|p1b: Incineroar|Parting Shot|p2b: Sneasler\n|-unboost|p2b: Sneasler|atk|1\n|-unboost|p2b: Sneasler|spa|1\n|\n|t:|1776583442\n|switch|p1b: Crabominable|Crabominable-Mega, L50, M|71/100|[from] Parting Shot\n|\n|upkeep\n|\n|t:|1776583445\n|switch|p1a: Incineroar|Incineroar, L50, M|53/100\n|-ability|p1a: Incineroar|Intimidate|boost\n|-unboost|p2a: Incineroar|atk|1\n|-unboost|p2b: Sneasler|atk|1\n|turn|9\n|\n|t:|1776583462\n|switch|p2b: Archaludon|Archaludon, L50, M|55/100\n|move|p1a: Incineroar|Fake Out|p2b: Archaludon\n|-resisted|p2b: Archaludon|1\n|-damage|p2b: Archaludon|50/100\n|move|p2a: Incineroar|Flare Blitz|p1b: Crabominable\n|-supereffective|p1b: Crabominable|1\n|-damage|p1b: Crabominable|38/100\n|-damage|p2a: Incineroar|72/100|[from] Recoil\n|move|p1b: Crabominable|Drain Punch|p2a: Incineroar\n|-supereffective|p2a: Incineroar|1\n|-damage|p2a: Incineroar|0 fnt\n|-heal|p1b: Crabominable|74/100|[from] drain|[of] p2a: Incineroar\n|faint|p2a: Incineroar\n|\n|upkeep\n|\n|t:|1776583468\n|switch|p2a: Sneasler|Sneasler, L50, M|100/100\n|turn|10\n|inactive|ssshjsj has 30 seconds left.\n|inactive|ssshjsj has 20 seconds left.\n|\n|t:|1776583505\n|move|p2a: Sneasler|Close Combat|p1b: Crabominable\n|-supereffective|p1b: Crabominable|1\n|-damage|p1b: Crabominable|0 fnt\n|-unboost|p2a: Sneasler|def|1\n|-unboost|p2a: Sneasler|spd|1\n|faint|p1b: Crabominable\n|move|p2b: Archaludon|Dragon Pulse|p1a: Incineroar\n|-damage|p1a: Incineroar|15/100\n|move|p1a: Incineroar|Flare Blitz|p2a: Sneasler\n|-damage|p2a: Sneasler|0 fnt\n|faint|p2a: Sneasler\n|-damage|p1a: Incineroar|0 fnt|[from] Recoil\n|faint|p1a: Incineroar\n|\n|win|stromini\n|raw|ssshjsj's rating: 1117 &rarr; <strong>1088</strong><br />(-29 for losing)\n|raw|stromini's rating: 1054 &rarr; <strong>1092</strong><br />(+38 for winning)\n",
  "uploadtime": 1776583515,
  "views": 7,
  "formatid": "gen9championsvgc2026regma",
  "rating": 1088,
  "private": 0,
  "password": null
}