{
  "id": "gen9championsvgc2026regma-2580783672",
  "format": "[Gen 9 Champions] VGC 2026 Reg M-A",
  "players": [
    "Champofchampions",
    "ChefTatsugiri"
  ],
  "log": "|j|\u2606Champofchampions\n|j|\u2606ChefTatsugiri\n|t:|1775932160\n|gametype|doubles\n|player|p1|Champofchampions|101|1018\n|player|p2|ChefTatsugiri|youngcouple|1047\n|gen|9\n|tier|[Gen 9 Champions] VGC 2026 Reg M-A\n|rated|\n|rule|Species Clause: Limit one of each Pok\u00e9mon\n|rule|Item Clause: Limit 1 of each item\n|clearpoke\n|poke|p1|Dragonite, L50, M|\n|poke|p1|Pelipper, L50, M|\n|poke|p1|Slowbro, L50, M|\n|poke|p1|Krookodile, L50, M|\n|poke|p1|Basculegion, L50, M|\n|poke|p1|Klefki, L50, F|\n|poke|p2|Floette-Eternal, L50, F|\n|poke|p2|Garchomp, L50, M|\n|poke|p2|Milotic, L50, F|\n|poke|p2|Whimsicott, L50, F|\n|poke|p2|Sneasler, L50, F|\n|poke|p2|Incineroar, L50, F|\n|teampreview|4\n|inactive|Battle timer is ON: inactive players will automatically lose when time's up. (requested by ChefTatsugiri)\n|c|\u2606Champofchampions|gl\n|\n|t:|1775932188\n|teamsize|p1|4\n|teamsize|p2|4\n|start\n|switch|p1a: RQ-4 Global Hawk|Pelipper, L50, M|100/100\n|switch|p1b: MQ-1 Predator|Dragonite, L50, M|100/100\n|switch|p2a: Garchomp|Garchomp, L50, M|100/100\n|switch|p2b: Sneasler|Sneasler, L50, F|100/100\n|-weather|RainDance|[from] ability: Drizzle|[of] p1a: RQ-4 Global Hawk\n|turn|1\n|\n|t:|1775932203\n|move|p1b: MQ-1 Predator|Protect|p1b: MQ-1 Predator\n|-singleturn|p1b: MQ-1 Predator|Protect\n|move|p2b: Sneasler|Coaching|p2a: Garchomp\n|-boost|p2a: Garchomp|atk|1\n|-boost|p2a: Garchomp|def|1\n|move|p2a: Garchomp|Rock Slide|p1b: MQ-1 Predator|[spread] p1a\n|-activate|p1b: MQ-1 Predator|move: Protect\n|-supereffective|p1a: RQ-4 Global Hawk|1\n|-enditem|p1a: RQ-4 Global Hawk|Charti Berry|[eat]\n|-enditem|p1a: RQ-4 Global Hawk|Charti Berry|[weaken]\n|-damage|p1a: RQ-4 Global Hawk|69/100\n|cant|p1a: RQ-4 Global Hawk|flinch\n|\n|-weather|RainDance|[upkeep]\n|upkeep\n|turn|2\n|\n|t:|1775932221\n|detailschange|p1b: MQ-1 Predator|Dragonite-Mega, L50, M\n|-mega|p1b: MQ-1 Predator|Dragonite|Dragoninite\n|move|p2b: Sneasler|Coaching|p2a: Garchomp\n|-boost|p2a: Garchomp|atk|1\n|-boost|p2a: Garchomp|def|1\n|move|p2a: Garchomp|Rock Slide|p1b: MQ-1 Predator|[spread] p1b\n|-miss|p2a: Garchomp|p1a: RQ-4 Global Hawk\n|-supereffective|p1b: MQ-1 Predator|1\n|-damage|p1b: MQ-1 Predator|62/100\n|move|p1b: MQ-1 Predator|Draco Meteor|p2a: Garchomp\n|-supereffective|p2a: Garchomp|1\n|-damage|p2a: Garchomp|0 fnt\n|-unboost|p1b: MQ-1 Predator|spa|2\n|faint|p2a: Garchomp\n|move|p1a: RQ-4 Global Hawk|Tailwind|p1a: RQ-4 Global Hawk\n|-sidestart|p1: Champofchampions|move: Tailwind\n|\n|-weather|RainDance|[upkeep]\n|upkeep\n|\n|t:|1775932239\n|switch|p2a: Milotic|Milotic, L50, F|100/100\n|turn|3\n|\n|t:|1775932245\n|move|p1b: MQ-1 Predator|Hurricane|p2b: Sneasler\n|-supereffective|p2b: Sneasler|1\n|-damage|p2b: Sneasler|9/100\n|move|p1a: RQ-4 Global Hawk|Air Slash|p2a: Milotic\n|-damage|p2a: Milotic|80/100\n|move|p2b: Sneasler|Dire Claw|p1a: RQ-4 Global Hawk\n|-damage|p1a: RQ-4 Global Hawk|29/100\n|move|p2a: Milotic|Icy Wind|p1a: RQ-4 Global Hawk|[spread] p1a,p1b\n|-crit|p1a: RQ-4 Global Hawk\n|-supereffective|p1b: MQ-1 Predator|2\n|-damage|p1a: RQ-4 Global Hawk|12/100\n|-damage|p1b: MQ-1 Predator|26/100\n|-unboost|p1a: RQ-4 Global Hawk|spe|1\n|-unboost|p1b: MQ-1 Predator|spe|1\n|\n|-weather|RainDance|[upkeep]\n|-heal|p2a: Milotic|86/100|[from] item: Leftovers\n|upkeep\n|turn|4\n|inactive|Champofchampions has 30 seconds left.\n|inactive|ChefTatsugiri has 30 seconds left.\n|\n|t:|1775932277\n|move|p1b: MQ-1 Predator|Protect|p1b: MQ-1 Predator\n|-singleturn|p1b: MQ-1 Predator|Protect\n|move|p1a: RQ-4 Global Hawk|Protect|p1a: RQ-4 Global Hawk\n|-singleturn|p1a: RQ-4 Global Hawk|Protect\n|move|p2a: Milotic|Protect|p2a: Milotic\n|-singleturn|p2a: Milotic|Protect\n|move|p2b: Sneasler|Dire Claw|p1b: MQ-1 Predator\n|-activate|p1b: MQ-1 Predator|move: Protect\n|\n|-weather|RainDance|[upkeep]\n|-heal|p2a: Milotic|92/100|[from] item: Leftovers\n|upkeep\n|turn|5\n|\n|t:|1775932292\n|switch|p1b: FV101 Scorpion|Basculegion, L50, M|100/100\n|switch|p1a: Military Rangers|Krookodile, L50, M|100/100\n|-ability|p1a: Military Rangers|Intimidate|boost\n|-unboost|p2a: Milotic|atk|1\n|-ability|p2a: Milotic|Competitive|boost\n|-boost|p2a: Milotic|spa|2\n|-unboost|p2b: Sneasler|atk|1\n|-enditem|p2b: Sneasler|White Herb\n|-clearnegativeboost|p2b: Sneasler|[silent]\n|move|p2b: Sneasler|Protect|p2b: Sneasler\n|-singleturn|p2b: Sneasler|Protect\n|move|p2a: Milotic|Icy Wind|p1a: Military Rangers|[spread] p1b\n|-miss|p2a: Milotic|p1a: Military Rangers\n|-resisted|p1b: FV101 Scorpion|1\n|-damage|p1b: FV101 Scorpion|90/100\n|-unboost|p1b: FV101 Scorpion|spe|1\n|\n|-weather|none\n|-heal|p2a: Milotic|98/100|[from] item: Leftovers\n|-sideend|p1: Champofchampions|move: Tailwind\n|upkeep\n|turn|6\n|inactive|Champofchampions has 30 seconds left.\n|inactive|ChefTatsugiri has 30 seconds left.\n|\n|t:|1775932332\n|move|p2b: Sneasler|Close Combat|p1a: Military Rangers\n|-supereffective|p1a: Military Rangers|1\n|-enditem|p1a: Military Rangers|Focus Sash\n|-damage|p1a: Military Rangers|1/100\n|-unboost|p2b: Sneasler|def|1\n|-unboost|p2b: Sneasler|spd|1\n|move|p1a: Military Rangers|Rock Slide|p2a: Milotic|[spread] p2a\n|-miss|p1a: Military Rangers|p2b: Sneasler\n|-damage|p2a: Milotic|84/100\n|cant|p2a: Milotic|flinch\n|move|p1b: FV101 Scorpion|Flip Turn|p2a: Milotic\n|-resisted|p2a: Milotic|1\n|-damage|p2a: Milotic|70/100\n|\n|t:|1775932344\n|switch|p1b: RQ-4 Global Hawk|Pelipper, L50, M|12/100|[from] Flip Turn\n|-weather|RainDance|[from] ability: Drizzle|[of] p1b: RQ-4 Global Hawk\n|\n|-weather|RainDance|[upkeep]\n|-heal|p2a: Milotic|76/100|[from] item: Leftovers\n|upkeep\n|turn|7\n|\n|t:|1775932356\n|move|p2b: Sneasler|Protect|p2b: Sneasler\n|-singleturn|p2b: Sneasler|Protect\n|move|p1b: RQ-4 Global Hawk|Protect|p1b: RQ-4 Global Hawk\n|-singleturn|p1b: RQ-4 Global Hawk|Protect\n|move|p1a: Military Rangers|Rock Slide|p2b: Sneasler|[spread] p2a\n|-activate|p2b: Sneasler|move: Protect\n|-damage|p2a: Milotic|63/100\n|cant|p2a: Milotic|flinch\n|\n|-weather|RainDance|[upkeep]\n|-heal|p2a: Milotic|69/100|[from] item: Leftovers\n|upkeep\n|turn|8\n|\n|t:|1775932373\n|move|p2b: Sneasler|Coaching|p2a: Milotic\n|-boost|p2a: Milotic|atk|1\n|-boost|p2a: Milotic|def|1\n|move|p1a: Military Rangers|Rock Slide|p2a: Milotic|[spread] p2a,p2b\n|-resisted|p2b: Sneasler|1\n|-damage|p2a: Milotic|59/100\n|-damage|p2b: Sneasler|0 fnt\n|faint|p2b: Sneasler\n|move|p2a: Milotic|Icy Wind|p1a: Military Rangers|[spread] p1a,p1b\n|-supereffective|p1a: Military Rangers|1\n|-crit|p1a: Military Rangers\n|-damage|p1a: Military Rangers|0 fnt\n|-damage|p1b: RQ-4 Global Hawk|0 fnt\n|faint|p1a: Military Rangers\n|faint|p1b: RQ-4 Global Hawk\n|\n|-weather|RainDance|[upkeep]\n|-heal|p2a: Milotic|65/100|[from] item: Leftovers\n|upkeep\n|\n|t:|1775932384\n|switch|p2b: Floette|Floette-Eternal, L50, F|100/100\n|switch|p1a: FV101 Scorpion|Basculegion, L50, M|90/100\n|switch|p1b: MQ-1 Predator|Dragonite-Mega, L50, M|26/100\n|turn|9\n|\n|t:|1775932404\n|move|p2b: Floette|Protect|p2b: Floette\n|-singleturn|p2b: Floette|Protect\n|move|p2a: Milotic|Protect|p2a: Milotic\n|-singleturn|p2a: Milotic|Protect\n|move|p1a: FV101 Scorpion|Wave Crash|p2b: Floette\n|-activate|p2b: Floette|move: Protect\n|move|p1b: MQ-1 Predator|Thunder|p2a: Milotic\n|-activate|p2a: Milotic|move: Protect\n|\n|-weather|RainDance|[upkeep]\n|-heal|p2a: Milotic|71/100|[from] item: Leftovers\n|upkeep\n|turn|10\n|\n|t:|1775932421\n|detailschange|p2b: Floette|Floette-Mega, L50, F\n|-mega|p2b: Floette|Floette|Floettite\n|-ability|p2b: Floette|Fairy Aura\n|move|p1a: FV101 Scorpion|Wave Crash|p2b: Floette\n|-damage|p2b: Floette|4/100\n|-damage|p1a: FV101 Scorpion|61/100|[from] Recoil\n|move|p1b: MQ-1 Predator|Thunder|p2a: Milotic\n|-supereffective|p2a: Milotic|1\n|-damage|p2a: Milotic|4/100\n|move|p2b: Floette|Dazzling Gleam|p1a: FV101 Scorpion|[spread] p1a,p1b\n|-supereffective|p1b: MQ-1 Predator|1\n|-damage|p1a: FV101 Scorpion|14/100\n|-damage|p1b: MQ-1 Predator|0 fnt\n|faint|p1b: MQ-1 Predator\n|move|p2a: Milotic|Icy Wind|p1a: FV101 Scorpion\n|-resisted|p1a: FV101 Scorpion|1\n|-damage|p1a: FV101 Scorpion|0 fnt\n|faint|p1a: FV101 Scorpion\n|\n|win|ChefTatsugiri\n|raw|Champofchampions's rating: 1018 &rarr; <strong>1006</strong><br />(-12 for losing)\n|raw|ChefTatsugiri's rating: 1047 &rarr; <strong>1077</strong><br />(+30 for winning)\n|c|\u2606Champofchampions|wp\n|l|\u2606Champofchampions\n|player|p1|\n",
  "uploadtime": 1775932451,
  "views": 19,
  "formatid": "gen9championsvgc2026regma",
  "rating": 1006,
  "private": 0,
  "password": null
}