{
  "id": "gen9championsvgc2026regma-2583474369",
  "format": "[Gen 9 Champions] VGC 2026 Reg M-A",
  "players": [
    "OkayCreature38",
    "Diazmaster99"
  ],
  "log": "|j|\u203dOkayCreature38\n|j|\u2606Diazmaster99\n|t:|1776177959\n|gametype|doubles\n|player|p1|OkayCreature38|2|1076\n|player|p2|Diazmaster99|266|1000\n|gen|9\n|tier|[Gen 9 Champions] VGC 2026 Reg M-A\n|rated|\n|rule|Species Clause: Limit one of each Pok\u00e9mon\n|rule|Item Clause: Limit 1 of each item\n|clearpoke\n|poke|p1|Charizard, L50, F|\n|poke|p1|Whimsicott, L50, F|\n|poke|p1|Incineroar, L50, M|\n|poke|p1|Torkoal, L50, M|\n|poke|p1|Sneasler, L50, M|\n|poke|p1|Garchomp, L50, M|\n|poke|p2|Golurk, L50|\n|poke|p2|Aegislash, L50, M|\n|poke|p2|Hatterene, L50, F|\n|poke|p2|Rotom-Heat, L50|\n|poke|p2|Appletun, L50, M|\n|poke|p2|Oranguru, L50, M|\n|teampreview|4\n|inactive|Battle timer is ON: inactive players will automatically lose when time's up. (requested by Diazmaster99)\n|\n|t:|1776177991\n|teamsize|p1|4\n|teamsize|p2|4\n|start\n|switch|p1a: Charizard|Charizard, L50, F, shiny|100/100\n|switch|p1b: Whimsicott|Whimsicott, L50, F, shiny|100/100\n|switch|p2a: Hatterene|Hatterene, L50, F|100/100\n|switch|p2b: Rotom|Rotom-Heat, L50|100/100\n|turn|1\n|inactive|OkayCreature38 has 30 seconds left.\n|\n|t:|1776178023\n|detailschange|p1a: Charizard|Charizard-Mega-Y, L50, F, shiny\n|-mega|p1a: Charizard|Charizard|Charizardite Y\n|-weather|SunnyDay|[from] ability: Drought|[of] p1a: Charizard\n|move|p1b: Whimsicott|Tailwind|p1b: Whimsicott\n|-sidestart|p1: OkayCreature38|move: Tailwind\n|move|p1a: Charizard|Solar Beam||[still]\n|-prepare|p1a: Charizard|Solar Beam\n|-anim|p1a: Charizard|Solar Beam|p2a: Hatterene\n|-damage|p2a: Hatterene|50/100\n|move|p2b: Rotom|Volt Switch|p1a: Charizard\n|-supereffective|p1a: Charizard|1\n|-damage|p1a: Charizard|36/100\n|\n|t:|1776178041\n|switch|p2b: Aegislash|Aegislash, L50, M|100/100|[from] Volt Switch\n|move|p2a: Hatterene|Trick Room|p2a: Hatterene\n|-fieldstart|move: Trick Room|[of] p2a: Hatterene\n|\n|-weather|SunnyDay|[upkeep]\n|upkeep\n|turn|2\n|inactive|OkayCreature38 has 30 seconds left.\n|\n|t:|1776178071\n|move|p1b: Whimsicott|Protect|p1b: Whimsicott\n|-singleturn|p1b: Whimsicott|Protect\n|move|p2a: Hatterene|Psychic Noise|p1a: Charizard\n|-damage|p1a: Charizard|0 fnt\n|faint|p1a: Charizard\n|move|p2b: Aegislash|Swords Dance|p2b: Aegislash\n|-boost|p2b: Aegislash|atk|2\n|\n|-weather|SunnyDay|[upkeep]\n|upkeep\n|\n|t:|1776178092\n|switch|p1a: Garchomp|Garchomp, L50, M|100/100\n|turn|3\n|inactive|OkayCreature38 has 30 seconds left.\n|\n|t:|1776178123\n|-formechange|p2b: Aegislash|Aegislash-Blade|\n|move|p2b: Aegislash|Shadow Sneak|p1a: Garchomp\n|-damage|p1a: Garchomp|50/100\n|-damage|p2b: Aegislash|89/100|[from] ability: Rough Skin|[of] p1a: Garchomp\n|move|p2a: Hatterene|Dazzling Gleam|p1a: Garchomp|[spread] p1a,p1b\n|-supereffective|p1a: Garchomp|1\n|-damage|p1a: Garchomp|0 fnt\n|-damage|p1b: Whimsicott|55/100\n|faint|p1a: Garchomp\n|move|p1b: Whimsicott|Moonblast|p2a: Hatterene\n|-damage|p2a: Hatterene|21/100\n|\n|-weather|SunnyDay|[upkeep]\n|-heal|p2b: Aegislash|95/100|[from] item: Leftovers\n|upkeep\n|\n|t:|1776178129\n|switch|p1a: Incineroar|Incineroar, L50, M|100/100\n|-ability|p1a: Incineroar|Intimidate|boost\n|-unboost|p2a: Hatterene|atk|1\n|-unboost|p2b: Aegislash|atk|1\n|turn|4\n|inactive|OkayCreature38 has 30 seconds left.\n|\n|t:|1776178155\n|switch|p2a: Rotom|Rotom-Heat, L50|100/100\n|move|p1b: Whimsicott|Protect|p1b: Whimsicott\n|-singleturn|p1b: Whimsicott|Protect\n|-formechange|p2b: Aegislash|Aegislash|\n|move|p2b: Aegislash|King's Shield|p2b: Aegislash\n|-singleturn|p2b: Aegislash|Protect\n|move|p1a: Incineroar|Fake Out|p2a: Rotom\n|-damage|p2a: Rotom|86/100\n|\n|-weather|SunnyDay|[upkeep]\n|-heal|p2b: Aegislash|100/100|[from] item: Leftovers\n|-sideend|p1: OkayCreature38|move: Tailwind\n|upkeep\n|turn|5\n|\n|t:|1776178177\n|-formechange|p2b: Aegislash|Aegislash-Blade|\n|move|p2b: Aegislash|Close Combat|p1a: Incineroar\n|-supereffective|p1a: Incineroar|1\n|-damage|p1a: Incineroar|0 fnt\n|-unboost|p2b: Aegislash|def|1\n|-unboost|p2b: Aegislash|spd|1\n|faint|p1a: Incineroar\n|move|p2a: Rotom|Overheat|p1b: Whimsicott\n|-supereffective|p1b: Whimsicott|1\n|-damage|p1b: Whimsicott|0 fnt\n|-unboost|p2a: Rotom|spa|2\n|faint|p1b: Whimsicott\n|\n|win|Diazmaster99\n|raw|OkayCreature38's rating: 1076 &rarr; <strong>1050</strong><br />(-26 for losing)\n|raw|Diazmaster99's rating: 1000 &rarr; <strong>1049</strong><br />(+49 for winning)\n|l|\u203dOkayCreature38\n|player|p1|\n",
  "uploadtime": 1776178255,
  "views": 19,
  "formatid": "gen9championsvgc2026regma",
  "rating": 1049,
  "private": 0,
  "password": null
}