{
  "id": "gen9championsvgc2026regma-2587200119",
  "format": "[Gen 9 Champions] VGC 2026 Reg M-A",
  "players": [
    "B00MB055",
    "Yalper"
  ],
  "log": "|j|\u2606B00MB055\n|j|\u2606Yalper\n|t:|1776507973\n|gametype|doubles\n|player|p1|B00MB055|swimmerf-gen4dp|1217\n|player|p2|Yalper|2|1272\n|gen|9\n|tier|[Gen 9 Champions] VGC 2026 Reg M-A\n|rated|\n|rule|Species Clause: Limit one of each Pok\u00e9mon\n|rule|Item Clause: Limit 1 of each item\n|clearpoke\n|poke|p1|Floette-Eternal, L50, F|\n|poke|p1|Sinistcha, L50|\n|poke|p1|Incineroar, L50, F|\n|poke|p1|Sneasler, L50, F|\n|poke|p1|Garchomp, L50, F|\n|poke|p1|Aerodactyl, L50, M|\n|poke|p2|Delphox, L50, M|\n|poke|p2|Garchomp, L50, F|\n|poke|p2|Whimsicott, L50, F|\n|poke|p2|Rotom-Wash, L50|\n|poke|p2|Sneasler, L50, M|\n|poke|p2|Aerodactyl, L50, M|\n|teampreview|4\n|inactive|Battle timer is ON: inactive players will automatically lose when time's up. (requested by B00MB055)\n|\n|t:|1776508023\n|teamsize|p1|4\n|teamsize|p2|4\n|start\n|switch|p1a: Incineroar|Incineroar, L50, F|100/100\n|switch|p1b: Aerodactyl|Aerodactyl, L50, M|100/100\n|switch|p2a: Garchomp|Garchomp, L50, F|100/100\n|switch|p2b: Aerodactyl|Aerodactyl, L50, M|100/100\n|-ability|p1b: Aerodactyl|Unnerve\n|-ability|p2b: Aerodactyl|Unnerve\n|-ability|p1a: Incineroar|Intimidate|boost\n|-unboost|p2a: Garchomp|atk|1\n|-unboost|p2b: Aerodactyl|atk|1\n|turn|1\n|inactive|Yalper has 30 seconds left.\n|\n|t:|1776508056\n|move|p1a: Incineroar|Fake Out|p2a: Garchomp\n|-damage|p2a: Garchomp|90/100\n|-damage|p1a: Incineroar|88/100|[from] ability: Rough Skin|[of] p2a: Garchomp\n|cant|p2a: Garchomp|flinch\n|move|p2b: Aerodactyl|Rock Slide|p1a: Incineroar|[spread] p1a,p1b\n|-supereffective|p1a: Incineroar|1\n|-supereffective|p1b: Aerodactyl|1\n|-damage|p1a: Incineroar|60/100\n|-damage|p1b: Aerodactyl|46/100\n|move|p1b: Aerodactyl|Tailwind|p1b: Aerodactyl\n|-sidestart|p1: B00MB055|move: Tailwind\n|\n|-heal|p1a: Incineroar|66/100|[from] item: Leftovers\n|upkeep\n|turn|2\n|inactive|Yalper has 30 seconds left.\n|\n|t:|1776508088\n|switch|p2b: Sneasler|Sneasler, L50, M|100/100\n|move|p1b: Aerodactyl|Protect|p1b: Aerodactyl\n|-singleturn|p1b: Aerodactyl|Protect\n|move|p2a: Garchomp|Rock Slide|p1b: Aerodactyl|[spread] p1a\n|-activate|p1b: Aerodactyl|move: Protect\n|-supereffective|p1a: Incineroar|1\n|-damage|p1a: Incineroar|43/100\n|cant|p1a: Incineroar|flinch\n|\n|-heal|p1a: Incineroar|49/100|[from] item: Leftovers\n|upkeep\n|turn|3\n|\n|t:|1776508112\n|move|p2b: Sneasler|Fake Out|p1b: Aerodactyl\n|-resisted|p1b: Aerodactyl|1\n|-damage|p1b: Aerodactyl|34/100\n|cant|p1b: Aerodactyl|flinch\n|move|p2a: Garchomp|Rock Slide|p1a: Incineroar|[spread] p1a,p1b\n|-supereffective|p1a: Incineroar|1\n|-supereffective|p1b: Aerodactyl|1\n|-damage|p1a: Incineroar|27/100\n|-damage|p1b: Aerodactyl|0 fnt\n|faint|p1b: Aerodactyl\n|move|p1a: Incineroar|Parting Shot|p2a: Garchomp\n|-unboost|p2a: Garchomp|atk|1\n|-unboost|p2a: Garchomp|spa|1\n|\n|t:|1776508124\n|switch|p1a: Floette|Floette-Eternal, L50, F|100/100|[from] Parting Shot\n|\n|upkeep\n|\n|t:|1776508129\n|switch|p1b: Incineroar|Incineroar, L50, F|27/100\n|-ability|p1b: Incineroar|Intimidate|boost\n|-unboost|p2a: Garchomp|atk|1\n|-unboost|p2b: Sneasler|atk|1\n|-enditem|p2b: Sneasler|White Herb\n|-clearnegativeboost|p2b: Sneasler|[silent]\n|turn|4\n|\n|t:|1776508146\n|switch|p2a: Delphox|Delphox, L50, M|100/100\n|detailschange|p1a: Floette|Floette-Mega, L50, F\n|-mega|p1a: Floette|Floette|Floettite\n|-ability|p1a: Floette|Fairy Aura\n|move|p2b: Sneasler|Protect|p2b: Sneasler\n|-singleturn|p2b: Sneasler|Protect\n|move|p1b: Incineroar|Fake Out|p2b: Sneasler\n|-activate|p2b: Sneasler|move: Protect\n|move|p1a: Floette|Calm Mind|p1a: Floette\n|-boost|p1a: Floette|spa|1\n|-boost|p1a: Floette|spd|1\n|\n|-heal|p1b: Incineroar|33/100|[from] item: Leftovers\n|-sideend|p1: B00MB055|move: Tailwind\n|upkeep\n|turn|5\n|inactive|B00MB055 has 30 seconds left.\n|\n|t:|1776508178\n|detailschange|p2a: Delphox|Delphox-Mega, L50, M\n|-mega|p2a: Delphox|Delphox|Delphoxite\n|move|p1a: Floette|Protect|p1a: Floette\n|-singleturn|p1a: Floette|Protect\n|move|p2b: Sneasler|Close Combat|p1b: Incineroar\n|-supereffective|p1b: Incineroar|1\n|-damage|p1b: Incineroar|0 fnt\n|-unboost|p2b: Sneasler|def|1\n|-unboost|p2b: Sneasler|spd|1\n|faint|p1b: Incineroar\n|move|p2a: Delphox|Encore|p1a: Floette\n|-activate|p1a: Floette|move: Protect\n|\n|upkeep\n|\n|t:|1776508189\n|switch|p1b: Sinistcha|Sinistcha, L50|100/100\n|turn|6\n|\n|t:|1776508213\n|move|p1b: Sinistcha|Rage Powder|p1b: Sinistcha\n|-singleturn|p1b: Sinistcha|move: Rage Powder\n|move|p2b: Sneasler|Dire Claw|p1b: Sinistcha\n|-crit|p1b: Sinistcha\n|-damage|p1b: Sinistcha|45/100\n|-status|p1b: Sinistcha|par\n|move|p2a: Delphox|Heat Wave|p1b: Sinistcha|[spread] p1a,p1b\n|-supereffective|p1b: Sinistcha|1\n|-damage|p1a: Floette|82/100\n|-damage|p1b: Sinistcha|0 fnt\n|-status|p1a: Floette|brn\n|faint|p1b: Sinistcha\n|move|p1a: Floette|Dazzling Gleam|p2a: Delphox|[spread] p2a,p2b\n|-resisted|p2a: Delphox|1\n|-damage|p2a: Delphox|68/100\n|-damage|p2b: Sneasler|0 fnt\n|faint|p2b: Sneasler\n|\n|-damage|p1a: Floette|76/100 brn|[from] brn\n|upkeep\n|\n|t:|1776508235\n|switch|p2b: Aerodactyl|Aerodactyl, L50, M|100/100\n|-ability|p2b: Aerodactyl|Unnerve\n|turn|7\n|\n|t:|1776508242\n|move|p2a: Delphox|Psychic|p1a: Floette\n|-damage|p1a: Floette|52/100 brn\n|move|p2b: Aerodactyl|Iron Head|p1a: Floette\n|-supereffective|p1a: Floette|1\n|-damage|p1a: Floette|7/100 brn\n|move|p1a: Floette|Draining Kiss|p2b: Aerodactyl\n|-damage|p2b: Aerodactyl|13/100\n|-heal|p1a: Floette|64/100 brn|[from] drain|[of] p2b: Aerodactyl\n|\n|-damage|p1a: Floette|58/100 brn|[from] brn\n|upkeep\n|turn|8\n|\n|t:|1776508256\n|move|p2a: Delphox|Psychic|p1a: Floette\n|-damage|p1a: Floette|34/100 brn\n|-unboost|p1a: Floette|spd|1\n|move|p2b: Aerodactyl|Iron Head|p1a: Floette\n|-supereffective|p1a: Floette|1\n|-damage|p1a: Floette|0 fnt\n|faint|p1a: Floette\n|\n|win|Yalper\n|raw|B00MB055's rating: 1217 &rarr; <strong>1196</strong><br />(-21 for losing)\n|raw|Yalper's rating: 1272 &rarr; <strong>1293</strong><br />(+21 for winning)\n",
  "uploadtime": 1776508265,
  "views": 12,
  "formatid": "gen9championsvgc2026regma",
  "rating": 1196,
  "private": 0,
  "password": null
}