{
  "id": "gen9championsvgc2026regma-2581217361",
  "format": "[Gen 9 Champions] VGC 2026 Reg M-A",
  "players": [
    "gymnmons",
    "lolgz"
  ],
  "log": "|j|\u2606gymnmons\n|j|\u2606lolgz\n|t:|1775972042\n|gametype|doubles\n|player|p1|gymnmons|lance|\n|player|p2|lolgz|170|\n|gen|9\n|tier|[Gen 9 Champions] VGC 2026 Reg M-A\n|rated|Tournament battle\n|rule|Species Clause: Limit one of each Pok\u00e9mon\n|rule|Item Clause: Limit 1 of each item\n|clearpoke\n|poke|p1|Floette-Eternal, L50, F|\n|poke|p1|Dragapult, L50, F|\n|poke|p1|Garchomp, L50, M|\n|poke|p1|Blastoise, L50, M|\n|poke|p1|Incineroar, L50, M|\n|poke|p1|Maushold, L50|\n|poke|p2|Charizard, L50, F|\n|poke|p2|Whimsicott, L50, F|\n|poke|p2|Milotic, L50, F|\n|poke|p2|Sneasler, L50, M|\n|poke|p2|Floette-Eternal, L50, F|\n|poke|p2|Garchomp, L50, M|\n|teampreview|4\n|\n|t:|1775972087\n|teamsize|p1|4\n|teamsize|p2|4\n|start\n|switch|p1a: Dragapult|Dragapult, L50, F|100/100\n|switch|p1b: Garchomp|Garchomp, L50, M|100/100\n|switch|p2a: Milotic|Milotic, L50, F|100/100\n|switch|p2b: Floette|Floette-Eternal, L50, F|100/100\n|turn|1\n|j| todohim39\n|\n|t:|1775972104\n|detailschange|p2b: Floette|Floette-Mega, L50, F\n|-mega|p2b: Floette|Floette|Floettite\n|-ability|p2b: Floette|Fairy Aura\n|move|p2a: Milotic|Icy Wind|p1b: Garchomp|[spread] p1a,p1b\n|-supereffective|p1a: Dragapult|1\n|-supereffective|p1b: Garchomp|2\n|-damage|p1a: Dragapult|68/100\n|-damage|p1b: Garchomp|50/100\n|-unboost|p1b: Garchomp|spe|1\n|move|p1a: Dragapult|Phantom Force||[still]\n|-prepare|p1a: Dragapult|Phantom Force\n|move|p2b: Floette|Dazzling Gleam|p1a: Dragapult|[spread] p1b\n|-miss|p2b: Floette|p1a: Dragapult\n|-supereffective|p1b: Garchomp|1\n|-damage|p1b: Garchomp|0 fnt\n|faint|p1b: Garchomp\n|\n|upkeep\n|l| todohim39\n|\n|t:|1775972114\n|switch|p1b: Floette|Floette-Eternal, L50, F|100/100\n|turn|2\n|\n|t:|1775972122\n|detailschange|p1b: Floette|Floette-Mega, L50, F\n|-mega|p1b: Floette|Floette|Floettite\n|-ability|p1b: Floette|Fairy Aura\n|move|p2a: Milotic|Icy Wind|p1b: Floette|[spread] p1b\n|-miss|p2a: Milotic|p1a: Dragapult\n|-damage|p1b: Floette|92/100\n|-unboost|p1b: Floette|spe|1\n|move|p1a: Dragapult|Phantom Force|p2b: Floette|[from] lockedmove\n|-damage|p2b: Floette|39/100\n|move|p2b: Floette|Moonblast|p1b: Floette\n|-damage|p1b: Floette|42/100\n|-unboost|p1b: Floette|spa|1\n|move|p1b: Floette|Calm Mind|p1b: Floette\n|-boost|p1b: Floette|spa|1\n|-boost|p1b: Floette|spd|1\n|\n|upkeep\n|turn|3\n|\n|t:|1775972140\n|move|p1b: Floette|Protect|p1b: Floette\n|-singleturn|p1b: Floette|Protect\n|move|p2a: Milotic|Icy Wind|p1a: Dragapult|[spread] p1a\n|-activate|p1b: Floette|move: Protect\n|-supereffective|p1a: Dragapult|1\n|-damage|p1a: Dragapult|35/100\n|move|p1a: Dragapult|Phantom Force||[still]\n|-prepare|p1a: Dragapult|Phantom Force\n|move|p2b: Floette|Moonblast|p1b: Floette\n|-activate|p1b: Floette|move: Protect\n|\n|upkeep\n|turn|4\n|\n|t:|1775972150\n|move|p2a: Milotic|Icy Wind|p1b: Floette|[spread] p1b\n|-miss|p2a: Milotic|p1a: Dragapult\n|-damage|p1b: Floette|37/100\n|-unboost|p1b: Floette|spe|1\n|move|p1a: Dragapult|Phantom Force|p2b: Floette|[from] lockedmove\n|-damage|p2b: Floette|0 fnt\n|faint|p2b: Floette\n|move|p1b: Floette|Draining Kiss|p2a: Milotic\n|-damage|p2a: Milotic|72/100\n|-heal|p1b: Floette|57/100|[from] drain|[of] p2a: Milotic\n|\n|upkeep\n|\n|t:|1775972158\n|switch|p2b: Sneasler|Sneasler, L50, M|100/100\n|turn|5\n|\n|t:|1775972171\n|move|p1b: Floette|Protect|p1b: Floette\n|-singleturn|p1b: Floette|Protect\n|move|p2a: Milotic|Icy Wind|p1b: Floette|[spread] p1a\n|-activate|p1b: Floette|move: Protect\n|-supereffective|p1a: Dragapult|1\n|-damage|p1a: Dragapult|3/100\n|move|p1a: Dragapult|U-turn|p2b: Sneasler\n|-resisted|p2b: Sneasler|2\n|-damage|p2b: Sneasler|92/100\n|\n|t:|1775972179\n|switch|p1a: Maushold|Maushold, L50|100/100|[from] U-turn\n|move|p2b: Sneasler|Dire Claw|p1b: Floette\n|-activate|p1b: Floette|move: Protect\n|\n|upkeep\n|turn|6\n|\n|t:|1775972191\n|move|p1a: Maushold|Follow Me|p1a: Maushold\n|-singleturn|p1a: Maushold|move: Follow Me\n|move|p2a: Milotic|Icy Wind|p1a: Maushold|[spread] p1a,p1b\n|-crit|p1b: Floette\n|-damage|p1a: Maushold|88/100\n|-damage|p1b: Floette|49/100\n|-unboost|p1a: Maushold|spe|1\n|-unboost|p1b: Floette|spe|1\n|move|p2b: Sneasler|Dire Claw|p1a: Maushold\n|-damage|p1a: Maushold|46/100\n|move|p1b: Floette|Draining Kiss|p2b: Sneasler\n|-damage|p2b: Sneasler|40/100\n|-heal|p1b: Floette|82/100|[from] drain|[of] p2b: Sneasler\n|\n|upkeep\n|turn|7\n|\n|t:|1775972207\n|move|p1a: Maushold|Follow Me|p1a: Maushold\n|-singleturn|p1a: Maushold|move: Follow Me\n|move|p2a: Milotic|Icy Wind|p1a: Maushold|[spread] p1a,p1b\n|-damage|p1a: Maushold|34/100\n|-damage|p1b: Floette|78/100\n|-unboost|p1a: Maushold|spe|1\n|-unboost|p1b: Floette|spe|1\n|move|p2b: Sneasler|Close Combat|p1a: Maushold\n|-supereffective|p1a: Maushold|1\n|-damage|p1a: Maushold|0 fnt\n|-unboost|p2b: Sneasler|def|1\n|-unboost|p2b: Sneasler|spd|1\n|faint|p1a: Maushold\n|-enditem|p2b: Sneasler|White Herb\n|-clearnegativeboost|p2b: Sneasler|[silent]\n|move|p1b: Floette|Draining Kiss|p2b: Sneasler\n|-damage|p2b: Sneasler|0 fnt\n|-heal|p1b: Floette|100/100|[from] drain|[of] p2b: Sneasler\n|faint|p2b: Sneasler\n|\n|upkeep\n|\n|t:|1775972211\n|switch|p2b: Whimsicott|Whimsicott, L50, F|100/100\n|switch|p1a: Dragapult|Dragapult, L50, F|3/100\n|turn|8\n|\n|t:|1775972218\n|move|p1a: Dragapult|Protect|p1a: Dragapult\n|-singleturn|p1a: Dragapult|Protect\n|move|p2a: Milotic|Icy Wind|p1a: Dragapult|[spread] p1b\n|-activate|p1a: Dragapult|move: Protect\n|-crit|p1b: Floette\n|-damage|p1b: Floette|87/100\n|-unboost|p1b: Floette|spe|1\n|move|p2b: Whimsicott|Moonblast|p1b: Floette\n|-damage|p1b: Floette|66/100\n|move|p1b: Floette|Draining Kiss|p2b: Whimsicott\n|-damage|p2b: Whimsicott|39/100\n|-heal|p1b: Floette|100/100|[from] drain|[of] p2b: Whimsicott\n|\n|upkeep\n|turn|9\n|-message|lolgz forfeited.\n|\n|win|gymnmons\n|n|\u2606gymnmons|gymnmons\n|n|\u2606lolgz|lolgz\n",
  "uploadtime": 1775972222,
  "views": 10,
  "formatid": "gen9championsvgc2026regma",
  "rating": null,
  "private": 0,
  "password": null
}