{
  "id": "gen9championsvgc2026regma-2584944221",
  "format": "[Gen 9 Champions] VGC 2026 Reg M-A",
  "players": [
    "reydegonnet",
    "chapstick eater"
  ],
  "log": "|j|\u2606reydegonnet\n|j|\u2606chapstick eater\n|t:|1776296837\n|gametype|doubles\n|player|p1|reydegonnet|265|1049\n|player|p2|chapstick eater|101|1082\n|gen|9\n|tier|[Gen 9 Champions] VGC 2026 Reg M-A\n|rated|\n|rule|Species Clause: Limit one of each Pok\u00e9mon\n|rule|Item Clause: Limit 1 of each item\n|clearpoke\n|poke|p1|Kommo-o, L50, F|\n|poke|p1|Floette-Eternal, L50, F|\n|poke|p1|Aegislash, L50, M|\n|poke|p1|Incineroar, L50, M|\n|poke|p1|Rotom-Wash, L50|\n|poke|p1|Sneasler, L50, F|\n|poke|p2|Glimmora, L50, F|\n|poke|p2|Primarina, L50, F|\n|poke|p2|Corviknight, L50, F|\n|poke|p2|Ninetales-Alola, L50, F|\n|poke|p2|Whimsicott, L50, F|\n|poke|p2|Garchomp, L50, F|\n|teampreview|4\nreydegonnet rejected open team sheets.\n|\n|t:|1776296880\n|teamsize|p1|4\n|teamsize|p2|4\n|start\n|switch|p1a: Aegislash|Aegislash, L50, M, shiny|100/100\n|switch|p1b: Rotom|Rotom-Wash, L50, shiny|100/100\n|switch|p2a: Primarina|Primarina, L50, F, shiny|100/100\n|switch|p2b: Whimsicott|Whimsicott, L50, F|100/100\n|turn|1\n|\n|t:|1776296896\n|switch|p2a: Ninetales|Ninetales-Alola, L50, F|100/100\n|-weather|Snowscape|[from] ability: Snow Warning|[of] p2a: Ninetales\n|move|p2b: Whimsicott|Tailwind|p2b: Whimsicott\n|-sidestart|p2: chapstick eater|move: Tailwind\n|-formechange|p1a: Aegislash|Aegislash-Blade|\n|move|p1a: Aegislash|Shadow Sneak|p2b: Whimsicott\n|-damage|p2b: Whimsicott|56/100\n|move|p1b: Rotom|Electroweb|p2a: Ninetales|[spread] p2a,p2b\n|-resisted|p2b: Whimsicott|1\n|-damage|p2a: Ninetales|76/100\n|-damage|p2b: Whimsicott|41/100\n|-unboost|p2a: Ninetales|spe|1\n|-unboost|p2b: Whimsicott|spe|1\n|\n|-weather|Snowscape|[upkeep]\n|upkeep\n|turn|2\n|\n|t:|1776296916\n|move|p2b: Whimsicott|Protect|p2b: Whimsicott\n|-singleturn|p2b: Whimsicott|Protect\n|move|p2a: Ninetales|Freeze-Dry|p1b: Rotom\n|-supereffective|p1b: Rotom|1\n|-damage|p1b: Rotom|34/100\n|move|p1b: Rotom|Electroweb|p2b: Whimsicott|[spread] p2a\n|-activate|p2b: Whimsicott|move: Protect\n|-damage|p2a: Ninetales|55/100\n|-unboost|p2a: Ninetales|spe|1\n|move|p1a: Aegislash|Iron Head|p2a: Ninetales\n|-supereffective|p2a: Ninetales|2\n|-damage|p2a: Ninetales|0 fnt\n|faint|p2a: Ninetales\n|\n|-weather|Snowscape|[upkeep]\n|upkeep\n|\n|t:|1776296925\n|switch|p2a: Primarina|Primarina, L50, F, shiny|100/100\n|turn|3\n|\n|t:|1776296936\n|move|p2b: Whimsicott|Protect|p2b: Whimsicott\n|-singleturn|p2b: Whimsicott|Protect\n|move|p1a: Aegislash|Shadow Sneak|p2b: Whimsicott\n|-activate|p2b: Whimsicott|move: Protect\n|move|p1b: Rotom|Electroweb|p2a: Primarina|[spread] p2a\n|-activate|p2b: Whimsicott|move: Protect\n|-supereffective|p2a: Primarina|1\n|-damage|p2a: Primarina|68/100\n|-unboost|p2a: Primarina|spe|1\n|move|p2a: Primarina|Sparkling Aria|p1a: Aegislash|[spread] p1a,p1b\n|-activate|p2b: Whimsicott|move: Protect\n|-resisted|p1b: Rotom|1\n|-damage|p1a: Aegislash|30/100\n|-damage|p1b: Rotom|12/100\n|\n|-weather|Snowscape|[upkeep]\n|-heal|p2a: Primarina|74/100|[from] item: Leftovers\n|upkeep\n|turn|4\n|\n|t:|1776296969\n|switch|p1b: Floette|Floette-Eternal, L50, F|100/100\n|move|p1a: Aegislash|Shadow Sneak|p2b: Whimsicott\n|-damage|p2b: Whimsicott|0 fnt\n|faint|p2b: Whimsicott\n|move|p2a: Primarina|Dazzling Gleam|p1b: Floette|[spread] p1a,p1b\n|-resisted|p1a: Aegislash|1\n|-damage|p1a: Aegislash|0 fnt\n|-damage|p1b: Floette|76/100\n|faint|p1a: Aegislash\n|\n|-weather|Snowscape|[upkeep]\n|-heal|p2a: Primarina|80/100|[from] item: Leftovers\n|-sideend|p2: chapstick eater|move: Tailwind\n|upkeep\n|l|\u2606chapstick eater\n|player|p2|\n|\n|t:|1776296980\n|switch|p2b: Corviknight|Corviknight, L50, F|100/100\n|switch|p1a: Rotom|Rotom-Wash, L50, shiny|12/100\n|turn|5\n|j|\u2606chapstick eater\n|player|p2|chapstick eater|101|\n|\n|t:|1776297014\n|detailschange|p1b: Floette|Floette-Mega, L50, F\n|-mega|p1b: Floette|Floette|Floettite\n|-ability|p1b: Floette|Fairy Aura\n|move|p1b: Floette|Protect|p1b: Floette\n|-singleturn|p1b: Floette|Protect\n|move|p1a: Rotom|Electroweb|p2b: Corviknight|[spread] p2a,p2b\n|-supereffective|p2a: Primarina|1\n|-supereffective|p2b: Corviknight|1\n|-damage|p2a: Primarina|48/100\n|-damage|p2b: Corviknight|65/100\n|-unboost|p2a: Primarina|spe|1\n|-ability|p2b: Corviknight|Mirror Armor\n|-unboost|p1a: Rotom|spe|1\n|move|p2b: Corviknight|Iron Head|p1b: Floette\n|-activate|p1b: Floette|move: Protect\n|move|p2a: Primarina|Dazzling Gleam|p1a: Rotom|[spread] p1a\n|-activate|p1b: Floette|move: Protect\n|-damage|p1a: Rotom|0 fnt\n|faint|p1a: Rotom\n|\n|-weather|none\n|-heal|p2a: Primarina|54/100|[from] item: Leftovers\n|upkeep\n|\n|t:|1776297032\n|switch|p1a: Incineroar|Incineroar, L50, M|100/100\n|-ability|p1a: Incineroar|Intimidate|boost\n|-unboost|p2a: Primarina|atk|1\n|-ability|p2b: Corviknight|Mirror Armor\n|-unboost|p1a: Incineroar|atk|1\n|turn|6\n|\n|t:|1776297041\n|move|p1a: Incineroar|Fake Out|p2b: Corviknight\n|-resisted|p2b: Corviknight|1\n|-damage|p2b: Corviknight|63/100\n|move|p1b: Floette|Calm Mind|p1b: Floette\n|-boost|p1b: Floette|spa|1\n|-boost|p1b: Floette|spd|1\n|cant|p2b: Corviknight|flinch\n|move|p2a: Primarina|Sparkling Aria|p1a: Incineroar|[spread] p2b,p1a,p1b\n|-supereffective|p1a: Incineroar|1\n|-damage|p2b: Corviknight|27/100\n|-damage|p1a: Incineroar|38/100\n|-damage|p1b: Floette|56/100\n|-enditem|p1a: Incineroar|Sitrus Berry|[eat]\n|-heal|p1a: Incineroar|63/100|[from] item: Sitrus Berry\n|\n|-heal|p2a: Primarina|60/100|[from] item: Leftovers\n|upkeep\n|turn|7\n|\n|t:|1776297056\n|move|p1a: Incineroar|Helping Hand|p1b: Floette\n|-singleturn|p1b: Floette|Helping Hand|[of] p1a: Incineroar\n|move|p1b: Floette|Dazzling Gleam|p2b: Corviknight|[spread] p2a,p2b\n|-crit|p2a: Primarina\n|-resisted|p2b: Corviknight|1\n|-damage|p2a: Primarina|0 fnt\n|-damage|p2b: Corviknight|0 fnt\n|faint|p2a: Primarina\n|faint|p2b: Corviknight\n|\n|win|reydegonnet\n|raw|reydegonnet's rating: 1049 &rarr; <strong>1085</strong><br />(+36 for winning)\n|raw|chapstick eater's rating: 1082 &rarr; <strong>1058</strong><br />(-24 for losing)\n|l|\u2606chapstick eater\n|player|p2|\n",
  "uploadtime": 1776297070,
  "views": 17,
  "formatid": "gen9championsvgc2026regma",
  "rating": 1058,
  "private": 0,
  "password": null
}