{
  "id": "gen9championsvgc2026regma-2588660994",
  "format": "[Gen 9 Champions] VGC 2026 Reg M-A",
  "players": [
    "happidoodledoo",
    "houses6\u80e1\u841d\u535c\u4fa0"
  ],
  "log": "|j|\u2606happidoodledoo\n|j|\u2606houses6\u80e1\u841d\u535c\u4fa0\n|t:|1776654918\n|gametype|doubles\n|player|p1|happidoodledoo|ghetsis|1640\n|player|p2|houses6\u80e1\u841d\u535c\u4fa0|102|1616\n|gen|9\n|tier|[Gen 9 Champions] VGC 2026 Reg M-A\n|rated|\n|rule|Species Clause: Limit one of each Pok\u00e9mon\n|rule|Item Clause: Limit 1 of each item\n|clearpoke\n|poke|p1|Basculegion, L50, M|\n|poke|p1|Pelipper, L50, F|\n|poke|p1|Archaludon, L50, F|\n|poke|p1|Kangaskhan, L50, F|\n|poke|p1|Glimmora, L50, F|\n|poke|p1|Farigiraf, L50, F|\n|poke|p2|Basculegion, L50, M|\n|poke|p2|Aerodactyl, L50, M|\n|poke|p2|Floette-Eternal, L50, F|\n|poke|p2|Incineroar, L50, M|\n|poke|p2|Sinistcha-Masterpiece, L50|\n|poke|p2|Garchomp, L50, F|\n|teampreview|4\n|j| youwillbow\n|inactive|Battle timer is ON: inactive players will automatically lose when time's up. (requested by happidoodledoo)\n|\n|t:|1776654967\n|teamsize|p1|4\n|teamsize|p2|4\n|start\n|switch|p1a: Pelipper|Pelipper, L50, F|100/100\n|switch|p1b: Archaludon|Archaludon, L50, F|100/100\n|switch|p2a: Sinistcha|Sinistcha-Masterpiece, L50|100/100\n|switch|p2b: Floette|Floette-Eternal, L50, F|100/100\n|-weather|RainDance|[from] ability: Drizzle|[of] p1a: Pelipper\n|turn|1\n|inactive|happidoodledoo has 30 seconds left.\n|inactive|happidoodledoo has 20 seconds left.\n|\n|t:|1776655003\n|switch|p1a: Glimmora|Glimmora, L50, F|100/100\n|switch|p2a: Aerodactyl|Aerodactyl, L50, M|100/100\n|-ability|p2a: Aerodactyl|Unnerve\n|detailschange|p2b: Floette|Floette-Mega, L50, F\n|-mega|p2b: Floette|Floette|Floettite\n|-ability|p2b: Floette|Fairy Aura\n|move|p1b: Archaludon|Dragon Pulse|p2a: Aerodactyl\n|-damage|p2a: Aerodactyl|37/100\n|move|p2b: Floette|Calm Mind|p2b: Floette\n|-boost|p2b: Floette|spa|1\n|-boost|p2b: Floette|spd|1\n|\n|-weather|RainDance|[upkeep]\n|upkeep\n|turn|2\n|inactive|houses6\u80e1\u841d\u535c\u4fa0 has 30 seconds left.\n|\n|t:|1776655033\n|detailschange|p1a: Glimmora|Glimmora-Mega, L50, F\n|-mega|p1a: Glimmora|Glimmora|Glimmoranite\n|move|p1b: Archaludon|Dragon Pulse|p2a: Aerodactyl\n|-damage|p2a: Aerodactyl|0 fnt\n|faint|p2a: Aerodactyl\n|move|p1a: Glimmora|Sludge Wave|p2b: Floette|[spread] p2b\n|-immune|p1b: Archaludon\n|-supereffective|p2b: Floette|1\n|-damage|p2b: Floette|44/100\n|move|p2b: Floette|Moonblast|p1b: Archaludon\n|-ability|p1b: Archaludon|Sturdy\n|-damage|p1b: Archaludon|1/100\n|-unboost|p1b: Archaludon|spa|1\n|\n|-weather|RainDance|[upkeep]\n|upkeep\n|\n|t:|1776655049\n|switch|p2a: Basculegion|Basculegion, L50, M|100/100\n|turn|3\n|\n|t:|1776655068\n|move|p1a: Glimmora|Protect|p1a: Glimmora\n|-singleturn|p1a: Glimmora|Protect\n|move|p2a: Basculegion|Wave Crash|p1a: Glimmora\n|-activate|p1a: Glimmora|move: Protect\n|move|p1b: Archaludon|Dragon Pulse|p2a: Basculegion\n|-damage|p2a: Basculegion|67/100\n|move|p2b: Floette|Dazzling Gleam|p1a: Glimmora|[spread] p1b\n|-activate|p1a: Glimmora|move: Protect\n|-damage|p1b: Archaludon|0 fnt\n|faint|p1b: Archaludon\n|\n|-weather|RainDance|[upkeep]\n|upkeep\n|inactive|happidoodledoo has 30 seconds left.\n|\n|t:|1776655096\n|switch|p1b: Basculegion|Basculegion, L50, M|100/100\n|turn|4\n|inactive|houses6\u80e1\u841d\u535c\u4fa0 has 30 seconds left.\n|inactive|happidoodledoo has 30 seconds left.\n|\n|t:|1776655132\n|move|p2b: Floette|Protect|p2b: Floette\n|-singleturn|p2b: Floette|Protect\n|move|p1b: Basculegion|Last Respects|p2b: Floette\n|-activate|p2b: Floette|move: Protect\n|move|p2a: Basculegion|Wave Crash|p1a: Glimmora\n|-supereffective|p1a: Glimmora|1\n|-damage|p1a: Glimmora|0 fnt\n|faint|p1a: Glimmora\n|-damage|p2a: Basculegion|41/100|[from] Recoil\n|\n|-weather|RainDance|[upkeep]\n|upkeep\n|\n|t:|1776655141\n|switch|p1a: Pelipper|Pelipper, L50, F|100/100\n|turn|5\n|inactive|happidoodledoo has 30 seconds left.\n|inactive|houses6\u80e1\u841d\u535c\u4fa0 has 30 seconds left.\n|\n|t:|1776655168\n|switch|p2a: Sinistcha|Sinistcha-Masterpiece, L50|100/100\n|-heal|p2b: Floette|69/100|[from] ability: Hospitality|[of] p2a: Sinistcha\n|move|p2b: Floette|Protect||[still]\n|-fail|p2b: Floette\n|move|p1b: Basculegion|Last Respects|p2b: Floette\n|-damage|p2b: Floette|0 fnt\n|faint|p2b: Floette\n|move|p1a: Pelipper|Hurricane|p2a: Sinistcha\n|-supereffective|p2a: Sinistcha|1\n|-damage|p2a: Sinistcha|5/100\n|\n|-weather|none\n|upkeep\n|\n|t:|1776655174\n|switch|p2b: Basculegion|Basculegion, L50, M|41/100\n|turn|6\n|inactive|happidoodledoo has 30 seconds left.\n|inactive|houses6\u80e1\u841d\u535c\u4fa0 has 30 seconds left.\n|\n|t:|1776655208\n|move|p1b: Basculegion|Protect|p1b: Basculegion\n|-singleturn|p1b: Basculegion|Protect\n|move|p2b: Basculegion|Last Respects|p1a: Pelipper\n|-enditem|p1a: Pelipper|Focus Sash\n|-damage|p1a: Pelipper|1/100\n|move|p1a: Pelipper|Hurricane|p2a: Sinistcha\n|-supereffective|p2a: Sinistcha|1\n|-crit|p2a: Sinistcha\n|-damage|p2a: Sinistcha|0 fnt\n|faint|p2a: Sinistcha\n|\n|upkeep\n|turn|7\n|inactive|happidoodledoo has 30 seconds left.\n|\n|t:|1776655241\n|move|p2b: Basculegion|Last Respects|p1b: Basculegion\n|-supereffective|p1b: Basculegion|1\n|-damage|p1b: Basculegion|0 fnt\n|faint|p1b: Basculegion\n|move|p1a: Pelipper|Hurricane|p2b: Basculegion|[miss]\n|-miss|p1a: Pelipper|p2b: Basculegion\n|\n|upkeep\n|turn|8\n|\n|t:|1776655253\n|move|p2b: Basculegion|Last Respects|p1a: Pelipper\n|-damage|p1a: Pelipper|0 fnt\n|faint|p1a: Pelipper\n|\n|win|houses6\u80e1\u841d\u535c\u4fa0\n|raw|happidoodledoo's rating: 1640 &rarr; <strong>1619</strong><br />(-21 for losing)\n|raw|houses6\u80e1\u841d\u535c\u4fa0's rating: 1616 &rarr; <strong>1637</strong><br />(+21 for winning)\n|l|\u2606happidoodledoo\n|player|p1|\n",
  "uploadtime": 1776655261,
  "views": 14,
  "formatid": "gen9championsvgc2026regma",
  "rating": 1619,
  "private": 0,
  "password": null
}