{
  "id": "gen9championsvgc2026regma-2582792147",
  "format": "[Gen 9 Champions] VGC 2026 Reg M-A",
  "players": [
    "masticant3",
    "doomwhisper"
  ],
  "log": "|j|\u2606masticant3\n|j|\u2606doomwhisper\n|t:|1776114474\n|gametype|doubles\n|player|p1|masticant3|cress|1120\n|player|p2|doomwhisper|marshal|1179\n|gen|9\n|tier|[Gen 9 Champions] VGC 2026 Reg M-A\n|rated|\n|rule|Species Clause: Limit one of each Pok\u00e9mon\n|rule|Item Clause: Limit 1 of each item\n|clearpoke\n|poke|p1|Gyarados, L50, F|\n|poke|p1|Palafin, L50, M|\n|poke|p1|Milotic, L50, M|\n|poke|p1|Pelipper, L50, M|\n|poke|p1|Rotom-Wash, L50|\n|poke|p1|Blastoise, L50, M|\n|poke|p2|Floette-Eternal, L50, F|\n|poke|p2|Aerodactyl, L50, M|\n|poke|p2|Sneasler, L50, M|\n|poke|p2|Garchomp, L50, M|\n|poke|p2|Incineroar, L50, M|\n|poke|p2|Sinistcha, L50|\n|teampreview|4\n|inactive|Battle timer is ON: inactive players will automatically lose when time's up. (requested by masticant3)\n|inactive|masticant3 has 60 seconds left.\n|\n|t:|1776114524\n|teamsize|p1|4\n|teamsize|p2|4\n|start\n|switch|p1a: Pelipper|Pelipper, L50, M|100/100\n|switch|p1b: Blastoise|Blastoise, L50, M|100/100\n|switch|p2a: Sneasler|Sneasler, L50, M|100/100\n|switch|p2b: Floette|Floette-Eternal, L50, F|100/100\n|-weather|RainDance|[from] ability: Drizzle|[of] p1a: Pelipper\n|turn|1\n|inactive|doomwhisper has 30 seconds left.\n|\n|t:|1776114552\n|detailschange|p2b: Floette|Floette-Mega, L50, F\n|-mega|p2b: Floette|Floette|Floettite\n|-ability|p2b: Floette|Fairy Aura\n|detailschange|p1b: Blastoise|Blastoise-Mega, L50, M\n|-mega|p1b: Blastoise|Blastoise|Blastoisinite\n|move|p1a: Pelipper|Protect|p1a: Pelipper\n|-singleturn|p1a: Pelipper|Protect\n|move|p2a: Sneasler|Fake Out|p1a: Pelipper\n|-activate|p1a: Pelipper|move: Protect\n|move|p2b: Floette|Calm Mind|p2b: Floette\n|-boost|p2b: Floette|spa|1\n|-boost|p2b: Floette|spd|1\n|move|p1b: Blastoise|Water Spout|p2b: Floette|[spread] p2a,p2b\n|-damage|p2a: Sneasler|0 fnt\n|-damage|p2b: Floette|49/100\n|faint|p2a: Sneasler\n|\n|-weather|RainDance|[upkeep]\n|upkeep\n|\n|t:|1776114561\n|switch|p2a: Sinistcha|Sinistcha, L50|100/100\n|-heal|p2b: Floette|74/100|[from] ability: Hospitality|[of] p2a: Sinistcha\n|turn|2\n|\n|t:|1776114583\n|switch|p1b: Palafin|Palafin, L50, M|100/100\n|move|p2b: Floette|Dazzling Gleam|p1a: Pelipper|[spread] p1a,p1b\n|-enditem|p1a: Pelipper|Focus Sash\n|-damage|p1a: Pelipper|1/100\n|-damage|p1b: Palafin|0 fnt\n|faint|p1b: Palafin\n|move|p1a: Pelipper|Tailwind|p1a: Pelipper\n|-sidestart|p1: masticant3|move: Tailwind\n|move|p2a: Sinistcha|Life Dew||[still]|[spread] p2a,p2b\n|-fail|p2a: Sinistcha|heal\n|-heal|p2b: Floette|99/100\n|\n|-weather|RainDance|[upkeep]\n|upkeep\n|\n|t:|1776114595\n|switch|p1b: Blastoise|Blastoise-Mega, L50, M|100/100\n|turn|3\n|\n|t:|1776114603\n|move|p1b: Blastoise|Fake Out|p2b: Floette\n|-damage|p2b: Floette|89/100\n|move|p1a: Pelipper|Hurricane|p2a: Sinistcha\n|-supereffective|p2a: Sinistcha|1\n|-damage|p2a: Sinistcha|2/100\n|-start|p2a: Sinistcha|confusion\n|-enditem|p2a: Sinistcha|Sitrus Berry|[eat]\n|-heal|p2a: Sinistcha|26/100|[from] item: Sitrus Berry\n|cant|p2b: Floette|flinch\n|-activate|p2a: Sinistcha|confusion\n|-damage|p2a: Sinistcha|21/100|[from] confusion\n|\n|-weather|RainDance|[upkeep]\n|upkeep\n|turn|4\n|\n|t:|1776114626\n|-activate|p2a: Sinistcha|confusion\n|move|p2a: Sinistcha|Rage Powder|p2a: Sinistcha\n|-singleturn|p2a: Sinistcha|move: Rage Powder\n|move|p1a: Pelipper|Hurricane|p2a: Sinistcha\n|-supereffective|p2a: Sinistcha|1\n|-damage|p2a: Sinistcha|0 fnt\n|faint|p2a: Sinistcha\n|move|p1b: Blastoise|Water Spout|p2b: Floette\n|-damage|p2b: Floette|19/100\n|move|p2b: Floette|Dazzling Gleam|p1b: Blastoise|[spread] p1a,p1b\n|-damage|p1a: Pelipper|0 fnt\n|-damage|p1b: Blastoise|30/100\n|faint|p1a: Pelipper\n|\n|-weather|RainDance|[upkeep]\n|upkeep\n|\n|t:|1776114638\n|switch|p1a: Milotic|Milotic, L50, M|100/100\n|switch|p2a: Garchomp|Garchomp, L50, M|100/100\n|turn|5\n|\n|t:|1776114644\n|move|p2b: Floette|Protect|p2b: Floette\n|-singleturn|p2b: Floette|Protect\n|move|p2a: Garchomp|Earthquake|p1a: Milotic|[spread] p1a,p1b\n|-activate|p2b: Floette|move: Protect\n|-damage|p1a: Milotic|56/100\n|-damage|p1b: Blastoise|0 fnt\n|faint|p1b: Blastoise\n|move|p1a: Milotic|Icy Wind|p2a: Garchomp|[spread] p2a\n|-activate|p2b: Floette|move: Protect\n|-supereffective|p2a: Garchomp|2\n|-damage|p2a: Garchomp|38/100\n|-unboost|p2a: Garchomp|spe|1\n|\n|-weather|none\n|-heal|p1a: Milotic|62/100|[from] item: Leftovers\n|-sideend|p1: masticant3|move: Tailwind\n|upkeep\n|turn|6\n|\n|t:|1776114665\n|move|p2b: Floette|Protect||[still]\n|-fail|p2b: Floette\n|move|p2a: Garchomp|Earthquake|p1a: Milotic|[spread] p2b,p1a\n|-damage|p2b: Floette|0 fnt\n|-damage|p1a: Milotic|16/100\n|faint|p2b: Floette\n|move|p1a: Milotic|Scald|p2a: Garchomp\n|-damage|p2a: Garchomp|0 fnt\n|faint|p2a: Garchomp\n|\n|win|masticant3\n|raw|masticant3's rating: 1120 &rarr; <strong>1149</strong><br />(+29 for winning)\n|raw|doomwhisper's rating: 1179 &rarr; <strong>1150</strong><br />(-29 for losing)\n|l|\u2606doomwhisper\n|player|p2|\n",
  "uploadtime": 1776114674,
  "views": 21,
  "formatid": "gen9championsvgc2026regma",
  "rating": 1149,
  "private": 0,
  "password": null
}