{
  "id": "gen9championsvgc2026regma-2588317241",
  "format": "[Gen 9 Champions] VGC 2026 Reg M-A",
  "players": [
    "pipibro",
    "justluke7750"
  ],
  "log": "|j|\u2606pipibro\n|j|\u2606justluke7750\n|t:|1776623585\n|gametype|doubles\n|player|p1|pipibro|266|1165\n|player|p2|justluke7750|2|1160\n|gen|9\n|tier|[Gen 9 Champions] VGC 2026 Reg M-A\n|rated|\n|rule|Species Clause: Limit one of each Pok\u00e9mon\n|rule|Item Clause: Limit 1 of each item\n|clearpoke\n|poke|p1|Sinistcha, L50|\n|poke|p1|Farigiraf, L50, F, shiny|\n|poke|p1|Tyranitar, L50, M|\n|poke|p1|Incineroar, L50, M|\n|poke|p1|Dragonite, L50, F|\n|poke|p1|Empoleon, L50, M, shiny|\n|poke|p2|Charizard, L50, M|\n|poke|p2|Whimsicott, L50, M|\n|poke|p2|Farigiraf, L50, M|\n|poke|p2|Sneasler, L50, M|\n|poke|p2|Garchomp, L50, M|\n|poke|p2|Kingambit, L50, M|\n|teampreview|4\njustluke7750 has agreed to open team sheets.\n|inactive|Battle timer is ON: inactive players will automatically lose when time's up. (requested by justluke7750)\n|\n|t:|1776623634\n|teamsize|p1|4\n|teamsize|p2|4\n|start\n|switch|p1a: Farigiraf|Farigiraf, L50, F, shiny|100/100\n|switch|p1b: Incineroar|Incineroar, L50, M|100/100\n|switch|p2a: Kingambit|Kingambit, L50, M|100/100\n|switch|p2b: Farigiraf|Farigiraf, L50, M|100/100\n|-ability|p1b: Incineroar|Intimidate|boost\n|-unboost|p2a: Kingambit|atk|1\n|-ability|p2a: Kingambit|Defiant|boost\n|-boost|p2a: Kingambit|atk|2\n|-unboost|p2b: Farigiraf|atk|1\n|turn|1\n|inactive|justluke7750 has 30 seconds left.\n|\n|t:|1776623660\n|move|p1a: Farigiraf|Protect|p1a: Farigiraf\n|-singleturn|p1a: Farigiraf|Protect\n|move|p2a: Kingambit|Protect|p2a: Kingambit\n|-singleturn|p2a: Kingambit|Protect\n|move|p1b: Incineroar|Will-O-Wisp|p2a: Kingambit\n|-activate|p2a: Kingambit|move: Protect\n|move|p2b: Farigiraf|Hyper Voice|p1a: Farigiraf|[spread] p1b\n|-activate|p1a: Farigiraf|move: Protect\n|-damage|p1b: Incineroar|76/100\n|\n|upkeep\n|turn|2\n|\n|t:|1776623683\n|switch|p1a: Empoleon|Empoleon, L50, M, shiny|100/100\n|move|p1b: Incineroar|Will-O-Wisp|p2a: Kingambit\n|-status|p2a: Kingambit|brn\n|move|p2a: Kingambit|Kowtow Cleave|p1a: Empoleon\n|-damage|p1a: Empoleon|62/100\n|move|p2b: Farigiraf|Trick Room|p2b: Farigiraf\n|-fieldstart|move: Trick Room|[of] p2b: Farigiraf\n|\n|-damage|p2a: Kingambit|94/100 brn|[from] brn\n|upkeep\n|turn|3\n|\n|t:|1776623707\n|move|p1b: Incineroar|Protect|p1b: Incineroar\n|-singleturn|p1b: Incineroar|Protect\n|move|p2a: Kingambit|Swords Dance|p2a: Kingambit\n|-boost|p2a: Kingambit|atk|2\n|move|p2b: Farigiraf|Hyper Voice|p1a: Empoleon|[spread] p1a\n|-activate|p1b: Incineroar|move: Protect\n|-resisted|p1a: Empoleon|1\n|-damage|p1a: Empoleon|42/100\n|move|p1a: Empoleon|Surf|p2a: Kingambit|[spread] p2a,p2b\n|-activate|p1b: Incineroar|move: Protect\n|-damage|p2a: Kingambit|65/100 brn\n|-damage|p2b: Farigiraf|69/100\n|\n|-damage|p2a: Kingambit|59/100 brn|[from] brn\n|upkeep\n|turn|4\n|inactive|pipibro has 30 seconds left.\n|\n|t:|1776623733\n|switch|p2b: Garchomp|Garchomp, L50, M|100/100\n|move|p1a: Empoleon|Protect|p1a: Empoleon\n|-singleturn|p1a: Empoleon|Protect\n|move|p2a: Kingambit|Sucker Punch||[still]\n|-fail|p2a: Kingambit\n|move|p1b: Incineroar|Parting Shot|p2b: Garchomp\n|-unboost|p2b: Garchomp|atk|1\n|-unboost|p2b: Garchomp|spa|1\n|\n|t:|1776623741\n|switch|p1b: Farigiraf|Farigiraf, L50, F, shiny|100/100|[from] Parting Shot\n|\n|-damage|p2a: Kingambit|53/100 brn|[from] brn\n|upkeep\n|turn|5\n|\n|t:|1776623754\n|switch|p1a: Tyranitar|Tyranitar, L50, M|100/100\n|-weather|Sandstorm|[from] ability: Sand Stream|[of] p1a: Tyranitar\n|move|p2a: Kingambit|Kowtow Cleave|p1b: Farigiraf\n|-supereffective|p1b: Farigiraf|1\n|-damage|p1b: Farigiraf|0 fnt\n|faint|p1b: Farigiraf\n|move|p2b: Garchomp|Stomping Tantrum|p1a: Tyranitar\n|-supereffective|p1a: Tyranitar|1\n|-damage|p1a: Tyranitar|52/100\n|\n|-weather|Sandstorm|[upkeep]\n|-damage|p2a: Kingambit|47/100 brn|[from] brn\n|upkeep\n|\n|t:|1776623768\n|switch|p1b: Incineroar|Incineroar, L50, M|76/100\n|-ability|p1b: Incineroar|Intimidate|boost\n|-unboost|p2a: Kingambit|atk|1\n|-ability|p2a: Kingambit|Defiant|boost\n|-boost|p2a: Kingambit|atk|2\n|-unboost|p2b: Garchomp|atk|1\n|turn|6\n|\n|t:|1776623781\n|detailschange|p1a: Tyranitar|Tyranitar-Mega, L50, M\n|-mega|p1a: Tyranitar|Tyranitar|Tyranitarite\n|move|p1b: Incineroar|Fake Out|p2a: Kingambit\n|-resisted|p2a: Kingambit|1\n|-damage|p2a: Kingambit|43/100 brn\n|cant|p2a: Kingambit|flinch\n|move|p1a: Tyranitar|Dragon Dance|p1a: Tyranitar\n|-boost|p1a: Tyranitar|atk|1\n|-boost|p1a: Tyranitar|spe|1\n|move|p2b: Garchomp|Stomping Tantrum|p1a: Tyranitar\n|-supereffective|p1a: Tyranitar|1\n|-damage|p1a: Tyranitar|20/100\n|\n|-weather|Sandstorm|[upkeep]\n|-damage|p1b: Incineroar|70/100|[from] Sandstorm\n|-damage|p2a: Kingambit|37/100 brn|[from] brn\n|-fieldend|move: Trick Room\n|upkeep\n|turn|7\n|inactive|justluke7750 has 30 seconds left.\n|\n|t:|1776623810\n|switch|p2b: Farigiraf|Farigiraf, L50, M|69/100\n|move|p1a: Tyranitar|Rock Slide|p2b: Farigiraf|[spread] p2a,p2b\n|-resisted|p2a: Kingambit|1\n|-damage|p2a: Kingambit|12/100 brn\n|-damage|p2b: Farigiraf|9/100\n|-enditem|p2b: Farigiraf|Sitrus Berry|[eat]\n|-heal|p2b: Farigiraf|34/100|[from] item: Sitrus Berry\n|move|p1b: Incineroar|Will-O-Wisp|p2b: Farigiraf\n|-status|p2b: Farigiraf|brn\n|cant|p2a: Kingambit|flinch\n|\n|-weather|Sandstorm|[upkeep]\n|-damage|p1b: Incineroar|64/100|[from] Sandstorm\n|-damage|p2b: Farigiraf|28/100 brn|[from] Sandstorm\n|-damage|p2b: Farigiraf|22/100 brn|[from] brn\n|-damage|p2a: Kingambit|6/100 brn|[from] brn\n|upkeep\n|turn|8\n|inactive|justluke7750 has 30 seconds left.\n|\n|t:|1776623840\n|move|p2a: Kingambit|Protect|p2a: Kingambit\n|-singleturn|p2a: Kingambit|Protect\n|move|p1a: Tyranitar|Rock Slide|p2a: Kingambit|[spread] p2b\n|-activate|p2a: Kingambit|move: Protect\n|-damage|p2b: Farigiraf|0 fnt\n|faint|p2b: Farigiraf\n|move|p1b: Incineroar|Parting Shot|p2a: Kingambit\n|-activate|p2a: Kingambit|move: Protect\n|\n|-weather|Sandstorm|[upkeep]\n|-damage|p1b: Incineroar|58/100|[from] Sandstorm\n|-damage|p2a: Kingambit|0 fnt|[from] brn\n|faint|p2a: Kingambit\n|upkeep\n|\n|t:|1776623854\n|switch|p2b: Charizard|Charizard, L50, M|100/100\n|switch|p2a: Garchomp|Garchomp, L50, M|100/100\n|turn|9\n|\n|t:|1776623869\n|detailschange|p2b: Charizard|Charizard-Mega-Y, L50, M\n|-mega|p2b: Charizard|Charizard|Charizardite Y\n|-weather|SunnyDay|[from] ability: Drought|[of] p2b: Charizard\n|move|p2a: Garchomp|Earthquake|p1b: Incineroar|[spread] p1a,p1b\n|-immune|p2b: Charizard\n|-supereffective|p1a: Tyranitar|1\n|-supereffective|p1b: Incineroar|1\n|-damage|p1a: Tyranitar|0 fnt\n|-damage|p1b: Incineroar|0 fnt\n|faint|p1a: Tyranitar\n|faint|p1b: Incineroar\n|move|p2b: Charizard|Heat Wave|p1: Tyranitar|[notarget]\n|-fail|p2b: Charizard\n|\n|-weather|SunnyDay|[upkeep]\n|upkeep\n|\n|t:|1776623893\n|switch|p1a: Empoleon|Empoleon, L50, M, shiny|42/100\n|turn|10\n|\n|t:|1776623905\n|move|p2a: Garchomp|Earthquake|p1a: Empoleon|[spread] p1a\n|-immune|p2b: Charizard\n|-supereffective|p1a: Empoleon|1\n|-enditem|p1a: Empoleon|Shuca Berry|[eat]\n|-enditem|p1a: Empoleon|Shuca Berry|[weaken]\n|-damage|p1a: Empoleon|7/100\n|move|p2b: Charizard|Heat Wave|p1a: Empoleon\n|-damage|p1a: Empoleon|0 fnt\n|faint|p1a: Empoleon\n|\n|win|justluke7750\n|raw|pipibro's rating: 1165 &rarr; <strong>1140</strong><br />(-25 for losing)\n|raw|justluke7750's rating: 1160 &rarr; <strong>1185</strong><br />(+25 for winning)\n|l|\u2606pipibro\n|player|p1|\n|c|\u2606justluke7750|gg\n",
  "uploadtime": 1776624095,
  "views": 20,
  "formatid": "gen9championsvgc2026regma",
  "rating": 1140,
  "private": 0,
  "password": null
}