{
  "id": "gen9championsvgc2026regma-2587751383",
  "format": "[Gen 9 Champions] VGC 2026 Reg M-A",
  "players": [
    "Snog2273",
    "redistr"
  ],
  "log": "|j|\u2606Snog2273\n|j|\u2606redistr\n|t:|1776560349\n|gametype|doubles\n|player|p1|Snog2273|scientist-gen4|1363\n|player|p2|redistr|chili|1312\n|gen|9\n|tier|[Gen 9 Champions] VGC 2026 Reg M-A\n|rated|\n|rule|Species Clause: Limit one of each Pok\u00e9mon\n|rule|Item Clause: Limit 1 of each item\n|clearpoke\n|poke|p1|Heliolisk, L50, M|\n|poke|p1|Charizard, L50, F|\n|poke|p1|Garchomp, L50, M|\n|poke|p1|Vivillon-Marine, L50, F, shiny|\n|poke|p1|Aegislash, L50, F, shiny|\n|poke|p1|Sneasler, L50, M, shiny|\n|poke|p2|Garchomp, L50, F, shiny|\n|poke|p2|Sneasler, L50, F, shiny|\n|poke|p2|Kingambit, L50, M, shiny|\n|poke|p2|Incineroar, L50, F|\n|poke|p2|Delphox, L50, F, shiny|\n|poke|p2|Floette-Eternal, L50, F|\n|teampreview|4\n|inactive|Battle timer is ON: inactive players will automatically lose when time's up. (requested by redistr)\n|inactive|Snog2273 also wants the timer to be on.\nSnog2273 has agreed to open team sheets.\n|j| we love marioparty\n|inactive|Snog2273 has 60 seconds left.\n|inactive|redistr has 60 seconds left.\n|inactive|Snog2273 has 30 seconds left.\n|l| we love marioparty\n|\n|t:|1776560418\n|teamsize|p1|4\n|teamsize|p2|4\n|start\n|switch|p1a: King Garthrecule|Sneasler, L50, M, shiny|100/100\n|switch|p1b: Scriffle Hunt x2|Charizard, L50, F|100/100\n|switch|p2a: Man Eater|Sneasler, L50, F, shiny|100/100\n|switch|p2b: Again Again!|Delphox, L50, F, shiny|100/100\n|turn|1\n|inactive|Snog2273 has 30 seconds left.\n|inactive|Snog2273 has 20 seconds left.\n|inactive|Snog2273 has 15 seconds left.\n|inactive|Snog2273 has 10 seconds left.\n|\n|t:|1776560466\n|detailschange|p2b: Again Again!|Delphox-Mega, L50, F, shiny\n|-mega|p2b: Again Again!|Delphox|Delphoxite\n|move|p2a: Man Eater|Fake Out|p1a: King Garthrecule\n|-damage|p1a: King Garthrecule|78/100\n|cant|p1a: King Garthrecule|flinch\n|move|p2b: Again Again!|Psychic|p1a: King Garthrecule\n|-supereffective|p1a: King Garthrecule|2\n|-damage|p1a: King Garthrecule|0 fnt\n|faint|p1a: King Garthrecule\n|move|p1b: Scriffle Hunt x2|Air Slash|p2a: Man Eater\n|-supereffective|p2a: Man Eater|1\n|-damage|p2a: Man Eater|14/100\n|\n|upkeep\n|\n|t:|1776560476\n|switch|p1a: Bobimbly T.|Heliolisk, L50, M|100/100\n|turn|2\n|inactive|redistr has 30 seconds left.\n|\n|t:|1776560513\n|detailschange|p1b: Scriffle Hunt x2|Charizard-Mega-Y, L50, F\n|-mega|p1b: Scriffle Hunt x2|Charizard|Charizardite Y\n|-weather|SunnyDay|[from] ability: Drought|[of] p1b: Scriffle Hunt x2\n|move|p1a: Bobimbly T.|Hyper Voice|p2a: Man Eater|[spread] p2a,p2b\n|-crit|p2a: Man Eater\n|-damage|p2a: Man Eater|0 fnt\n|-damage|p2b: Again Again!|53/100\n|faint|p2a: Man Eater\n|move|p2b: Again Again!|Heat Wave|p1b: Scriffle Hunt x2|[spread] p1a,p1b\n|-resisted|p1b: Scriffle Hunt x2|1\n|-damage|p1a: Bobimbly T.|38/100\n|-damage|p1b: Scriffle Hunt x2|78/100\n|move|p1b: Scriffle Hunt x2|Air Slash|p2b: Again Again!\n|-damage|p2b: Again Again!|12/100\n|\n|-weather|SunnyDay|[upkeep]\n|-damage|p1a: Bobimbly T.|26/100|[from] ability: Solar Power|[of] p1a: Bobimbly T.\n|upkeep\n|\n|t:|1776560519\n|switch|p2a: Karma|Incineroar, L50, F|100/100\n|-ability|p2a: Karma|Intimidate|boost\n|-unboost|p1a: Bobimbly T.|atk|1\n|-unboost|p1b: Scriffle Hunt x2|atk|1\n|turn|3\n|\n|t:|1776560538\n|switch|p1a: Dent Yunkletrip Jr|Aegislash, L50, F, shiny|100/100\n|move|p2a: Karma|Fake Out|p1b: Scriffle Hunt x2\n|-damage|p1b: Scriffle Hunt x2|67/100\n|move|p2b: Again Again!|Heat Wave|p1b: Scriffle Hunt x2|[spread] p1b\n|-miss|p2b: Again Again!|p1a: Dent Yunkletrip Jr\n|-resisted|p1b: Scriffle Hunt x2|1\n|-damage|p1b: Scriffle Hunt x2|43/100\n|cant|p1b: Scriffle Hunt x2|flinch\n|\n|-weather|SunnyDay|[upkeep]\n|upkeep\n|turn|4\n|inactive|Snog2273 has 30 seconds left.\n|\n|t:|1776560566\n|switch|p2b: A Diva|Garchomp, L50, F, shiny|100/100\n|move|p1b: Scriffle Hunt x2|Protect|p1b: Scriffle Hunt x2\n|-singleturn|p1b: Scriffle Hunt x2|Protect\n|move|p2a: Karma|Parting Shot|p1b: Scriffle Hunt x2\n|-activate|p1b: Scriffle Hunt x2|move: Protect\n|-formechange|p1a: Dent Yunkletrip Jr|Aegislash-Blade|\n|move|p1a: Dent Yunkletrip Jr|Iron Head|p2b: A Diva\n|-damage|p2b: A Diva|60/100\n|-damage|p1a: Dent Yunkletrip Jr|89/100|[from] ability: Rough Skin|[of] p2b: A Diva\n|\n|-weather|SunnyDay|[upkeep]\n|upkeep\n|turn|5\n|inactive|redistr has 30 seconds left.\n|\n|t:|1776560598\n|move|p1a: Dent Yunkletrip Jr|Wide Guard|p1a: Dent Yunkletrip Jr\n|-singleturn|p1a: Dent Yunkletrip Jr|Wide Guard\n|move|p1b: Scriffle Hunt x2|Roost|p1b: Scriffle Hunt x2\n|-heal|p1b: Scriffle Hunt x2|93/100\n|-singleturn|p1b: Scriffle Hunt x2|move: Roost\n|move|p2b: A Diva|Rock Slide|p1b: Scriffle Hunt x2|[spread] \n|-activate|p1a: Dent Yunkletrip Jr|move: Wide Guard\n|-activate|p1b: Scriffle Hunt x2|move: Wide Guard\n|move|p2a: Karma|Flare Blitz|p1b: Scriffle Hunt x2\n|-resisted|p1b: Scriffle Hunt x2|1\n|-damage|p1b: Scriffle Hunt x2|52/100\n|-damage|p2a: Karma|88/100|[from] Recoil\n|\n|-weather|SunnyDay|[upkeep]\n|-heal|p2a: Karma|94/100|[from] item: Leftovers\n|upkeep\n|turn|6\n|inactive|Snog2273 has 30 seconds left.\n|\n|t:|1776560630\n|move|p1b: Scriffle Hunt x2|Roost|p1b: Scriffle Hunt x2\n|-heal|p1b: Scriffle Hunt x2|100/100\n|-singleturn|p1b: Scriffle Hunt x2|move: Roost\n|move|p2b: A Diva|Dragon Claw|p1b: Scriffle Hunt x2\n|-damage|p1b: Scriffle Hunt x2|59/100\n|move|p2a: Karma|Parting Shot|p1a: Dent Yunkletrip Jr\n|-unboost|p1a: Dent Yunkletrip Jr|atk|1\n|-unboost|p1a: Dent Yunkletrip Jr|spa|1\n|\n|t:|1776560639\n|switch|p2a: Again Again!|Delphox-Mega, L50, F, shiny|12/100|[from] Parting Shot\n|move|p1a: Dent Yunkletrip Jr|Poltergeist|p2b: A Diva\n|-activate|p2b: A Diva|move: Poltergeist|Sitrus Berry\n|-damage|p2b: A Diva|21/100\n|-enditem|p2b: A Diva|Sitrus Berry|[eat]\n|-heal|p2b: A Diva|46/100|[from] item: Sitrus Berry\n|\n|-weather|none\n|upkeep\n|turn|7\n|inactive|Snog2273 has 30 seconds left.\n|inactive|redistr has 30 seconds left.\n|inactive|Snog2273 has 20 seconds left.\n|inactive|Snog2273 has 15 seconds left.\n|inactive|Snog2273 has 10 seconds left.\n|inactive|redistr has 20 seconds left.\n|\n|t:|1776560691\n|move|p2a: Again Again!|Protect|p2a: Again Again!\n|-singleturn|p2a: Again Again!|Protect\n|move|p1b: Scriffle Hunt x2|Heat Wave|p2a: Again Again!|[spread] p2b\n|-activate|p2a: Again Again!|move: Protect\n|-resisted|p2b: A Diva|1\n|-damage|p2b: A Diva|27/100\n|move|p2b: A Diva|Earthquake|p1b: Scriffle Hunt x2|[spread] p1a\n|-activate|p2a: Again Again!|move: Protect\n|-immune|p1b: Scriffle Hunt x2\n|-supereffective|p1a: Dent Yunkletrip Jr|1\n|-damage|p1a: Dent Yunkletrip Jr|0 fnt\n|faint|p1a: Dent Yunkletrip Jr\n|\n|upkeep\n|\n|t:|1776560699\n|switch|p1a: Bobimbly T.|Heliolisk, L50, M|26/100\n|turn|8\n|\n|t:|1776560714\n|switch|p2b: Karma|Incineroar, L50, F|94/100\n|-ability|p2b: Karma|Intimidate|boost\n|-unboost|p1a: Bobimbly T.|atk|1\n|-unboost|p1b: Scriffle Hunt x2|atk|1\n|move|p1a: Bobimbly T.|Hyper Voice|p2b: Karma|[spread] p2a,p2b\n|-damage|p2a: Again Again!|0 fnt\n|-damage|p2b: Karma|60/100\n|faint|p2a: Again Again!\n|move|p1b: Scriffle Hunt x2|Air Slash|p2b: Karma\n|-damage|p2b: Karma|21/100\n|\n|-heal|p2b: Karma|27/100|[from] item: Leftovers\n|upkeep\n|\n|t:|1776560721\n|switch|p2a: A Diva|Garchomp, L50, F, shiny|27/100\n|turn|9\n|inactive|redistr has 30 seconds left.\n|\n|t:|1776560754\n|move|p2b: Karma|Fake Out|p1a: Bobimbly T.\n|-damage|p1a: Bobimbly T.|5/100\n|cant|p1a: Bobimbly T.|flinch\n|move|p1b: Scriffle Hunt x2|Air Slash|p2a: A Diva\n|-damage|p2a: A Diva|0 fnt\n|faint|p2a: A Diva\n|\n|-heal|p2b: Karma|33/100|[from] item: Leftovers\n|upkeep\n|turn|10\n|c|\u2606redistr|ggs\n|c|\u2606Snog2273|gg\n|\n|t:|1776560765\n|move|p1a: Bobimbly T.|Hyper Voice|p2b: Karma\n|-damage|p2b: Karma|0 fnt\n|faint|p2b: Karma\n|\n|win|Snog2273\n|raw|Snog2273's rating: 1363 &rarr; <strong>1380</strong><br />(+17 for winning)\n|raw|redistr's rating: 1312 &rarr; <strong>1295</strong><br />(-17 for losing)\n|l|\u2606redistr\n|player|p2|\n",
  "uploadtime": 1776560770,
  "views": 19,
  "formatid": "gen9championsvgc2026regma",
  "rating": 1295,
  "private": 0,
  "password": null
}