{
  "id": "gen9championsvgc2026regma-2586641812",
  "format": "[Gen 9 Champions] VGC 2026 Reg M-A",
  "players": [
    "thacrow",
    "Bman311"
  ],
  "log": "|j|\u2606thacrow\n|j|\u2606Bman311\n|t:|1776448853\n|gametype|doubles\n|player|p1|thacrow|#thacrow|\n|player|p2|Bman311|102|\n|gen|9\n|tier|[Gen 9 Champions] VGC 2026 Reg M-A\n|rated|Tournament battle\n|rule|Species Clause: Limit one of each Pok\u00e9mon\n|rule|Item Clause: Limit 1 of each item\n|raw|<div class=\"infobox\"><details class=\"readmore\" open><summary><strong>1 custom rule:</strong></summary> Force Open Team Sheets</details></div>\n|clearpoke\n|poke|p1|Garchomp, L50, F|\n|poke|p1|Milotic, L50, M|\n|poke|p1|Scovillain, L50, F|\n|poke|p1|Aegislash, L50, M|\n|poke|p1|Incineroar, L50, F|\n|poke|p1|Sneasler, L50, F|\n|poke|p2|Floette-Eternal, L50, F|\n|poke|p2|Aerodactyl, L50, F|\n|poke|p2|Sneasler, L50, F|\n|poke|p2|Incineroar, L50, M|\n|poke|p2|Sinistcha, L50|\n|poke|p2|Basculegion, L50, M|\n|teampreview|4\n|showteam|p1|Garchomp||SitrusBerry|RoughSkin|StompingTantrum,RockSlide,SwordsDance,Protect|||F|||50|]Milotic||Leftovers|Competitive|Scald,IcyWind,LifeDew,Protect|||M|||50|]Scovillain||Scovillainite|Moody|RagePowder,EnergyBall,LeechSeed,Protect|||F|||50|]Aegislash||SpellTag|StanceChange|IronHead,Poltergeist,ShadowSneak,KingsShield|||M|||50|]Incineroar||ShucaBerry|Intimidate|FakeOut,FlareBlitz,DarkestLariat,PartingShot|||F|||50|]Sneasler||WhiteHerb|Unburden|FakeOut,CloseCombat,GunkShot,Coaching|||F|||50|\n|showteam|p2|Floette-Eternal||Floettite|FlowerVeil|Moonblast,DazzlingGleam,CalmMind,Protect|||F|||50|]Aerodactyl||FocusSash|Unnerve|Tailwind,RockSlide,DualWingbeat,Protect|||F|||50|]Sneasler||WhiteHerb|Unburden|FakeOut,DireClaw,CloseCombat,Protect|||F|||50|]Incineroar||ChopleBerry|Intimidate|FakeOut,ThroatChop,FlareBlitz,PartingShot|||M|||50|]Sinistcha||SitrusBerry|Hospitality|MatchaGotcha,RagePowder,LifeDew,TrickRoom||||||50|]Basculegion||ChoiceScarf|Adaptability|WaveCrash,LastRespects,AquaJet,FlipTurn|||M|||50|\n|inactive|Battle timer is ON: inactive players will automatically lose when time's up. (requested by Bman311)\n|j|@llefface\n|\n|t:|1776448877\n|teamsize|p1|4\n|teamsize|p2|4\n|start\n|switch|p1a: Scovillain|Scovillain, L50, F|100/100\n|switch|p1b: Aegislash|Aegislash, L50, M|100/100\n|switch|p2a: Sneasler|Sneasler, L50, F|100/100\n|switch|p2b: Basculegion|Basculegion, L50, M|100/100\n|turn|1\n|j|@Radio Free C-Side\n|j| mysticmarshtomp\n|\n|t:|1776448902\n|switch|p2b: Incineroar|Incineroar, L50, M|100/100\n|-ability|p2b: Incineroar|Intimidate|boost\n|-unboost|p1a: Scovillain|atk|1\n|-unboost|p1b: Aegislash|atk|1\n|detailschange|p1a: Scovillain|Scovillain-Mega, L50, F\n|-mega|p1a: Scovillain|Scovillain|Scovillainite\n|move|p1a: Scovillain|Protect|p1a: Scovillain\n|-singleturn|p1a: Scovillain|Protect\n|move|p1b: Aegislash|King's Shield|p1b: Aegislash\n|-singleturn|p1b: Aegislash|Protect\n|move|p2a: Sneasler|Dire Claw|p1a: Scovillain\n|-activate|p1a: Scovillain|move: Protect\n|\n|upkeep\n|turn|2\n|\n|t:|1776448913\n|switch|p1a: Sneasler|Sneasler, L50, F|100/100\n|switch|p1b: Milotic|Milotic, L50, M|100/100\n|move|p2b: Incineroar|Fake Out|p1a: Sneasler\n|-damage|p1a: Sneasler|85/100\n|move|p2a: Sneasler|Dire Claw|p1a: Sneasler\n|-resisted|p1a: Sneasler|1\n|-damage|p1a: Sneasler|47/100\n|\n|upkeep\n|turn|3\n|inactive|Bman311 has 30 seconds left.\n|\n|t:|1776448941\n|switch|p2b: Basculegion|Basculegion, L50, M|100/100\n|move|p2a: Sneasler|Protect|p2a: Sneasler\n|-singleturn|p2a: Sneasler|Protect\n|move|p1a: Sneasler|Coaching|p1b: Milotic\n|-boost|p1b: Milotic|atk|1\n|-boost|p1b: Milotic|def|1\n|move|p1b: Milotic|Scald|p2b: Basculegion\n|-resisted|p2b: Basculegion|1\n|-crit|p2b: Basculegion\n|-damage|p2b: Basculegion|68/100\n|-status|p2b: Basculegion|brn\n|\n|-damage|p2b: Basculegion|62/100 brn|[from] brn\n|upkeep\n|turn|4\n|\n|t:|1776448955\n|move|p2b: Basculegion|Wave Crash|p1a: Sneasler\n|-damage|p1a: Sneasler|0 fnt\n|faint|p1a: Sneasler\n|-damage|p2b: Basculegion|49/100 brn|[from] Recoil\n|move|p2a: Sneasler|Dire Claw|p1b: Milotic\n|-damage|p1b: Milotic|73/100\n|move|p1b: Milotic|Scald|p2a: Sneasler\n|-damage|p2a: Sneasler|54/100\n|-status|p2a: Sneasler|brn\n|\n|-heal|p1b: Milotic|79/100|[from] item: Leftovers\n|-damage|p2b: Basculegion|43/100 brn|[from] brn\n|-damage|p2a: Sneasler|48/100 brn|[from] brn\n|upkeep\n|\n|t:|1776448962\n|switch|p1a: Aegislash|Aegislash, L50, M|100/100\n|turn|5\n|c|\u2606Bman311|Damn\n|\n|t:|1776448983\n|switch|p2b: Floette|Floette-Eternal, L50, F|100/100\n|-formechange|p1a: Aegislash|Aegislash-Blade|\n|move|p1a: Aegislash|Shadow Sneak|p2b: Floette\n|-damage|p2b: Floette|67/100\n|move|p2a: Sneasler|Dire Claw|p1b: Milotic\n|-crit|p1b: Milotic\n|-damage|p1b: Milotic|47/100\n|-status|p1b: Milotic|psn\n|move|p1b: Milotic|Life Dew||[still]|[spread] p1a,p1b\n|-fail|p1a: Aegislash|heal\n|-heal|p1b: Milotic|72/100 psn\n|\n|-heal|p1b: Milotic|78/100 psn|[from] item: Leftovers\n|-damage|p1b: Milotic|66/100 psn|[from] psn\n|-damage|p2a: Sneasler|43/100 brn|[from] brn\n|upkeep\n|turn|6\n|\n|t:|1776449006\n|switch|p2a: Incineroar|Incineroar, L50, M|100/100\n|-ability|p2a: Incineroar|Intimidate|boost\n|-unboost|p1a: Aegislash|atk|1\n|-unboost|p1b: Milotic|atk|1\n|-ability|p1b: Milotic|Competitive|boost\n|-boost|p1b: Milotic|spa|2\n|detailschange|p2b: Floette|Floette-Mega, L50, F\n|-mega|p2b: Floette|Floette|Floettite\n|-ability|p2b: Floette|Fairy Aura\n|move|p2b: Floette|Moonblast|p1b: Milotic\n|-damage|p1b: Milotic|7/100 psn\n|move|p1b: Milotic|Life Dew||[still]|[spread] p1a,p1b\n|-fail|p1a: Aegislash|heal\n|-heal|p1b: Milotic|32/100 psn\n|move|p1a: Aegislash|Iron Head|p2b: Floette\n|-supereffective|p2b: Floette|1\n|-damage|p2b: Floette|9/100\n|\n|-heal|p1b: Milotic|38/100 psn|[from] item: Leftovers\n|-damage|p1b: Milotic|26/100 psn|[from] psn\n|upkeep\n|turn|7\n|\n|t:|1776449026\n|move|p2b: Floette|Protect|p2b: Floette\n|-singleturn|p2b: Floette|Protect\n|move|p1b: Milotic|Protect|p1b: Milotic\n|-singleturn|p1b: Milotic|Protect\n|-formechange|p1a: Aegislash|Aegislash|\n|move|p1a: Aegislash|King's Shield|p1a: Aegislash\n|-singleturn|p1a: Aegislash|Protect\n|move|p2a: Incineroar|Flare Blitz|p1a: Aegislash\n|-activate|p1a: Aegislash|move: Protect\n|-unboost|p2a: Incineroar|atk|1\n|\n|-heal|p1b: Milotic|32/100 psn|[from] item: Leftovers\n|-damage|p1b: Milotic|20/100 psn|[from] psn\n|upkeep\n|turn|8\n|l|@llefface\n|\n|t:|1776449039\n|switch|p2b: Sneasler|Sneasler, L50, F|43/100 brn\n|-formechange|p1a: Aegislash|Aegislash-Blade|\n|move|p1a: Aegislash|Shadow Sneak|p2b: Sneasler\n|-damage|p2b: Sneasler|11/100 brn\n|move|p1b: Milotic|Scald|p2a: Incineroar\n|-supereffective|p2a: Incineroar|1\n|-damage|p2a: Incineroar|0 fnt\n|faint|p2a: Incineroar\n|\n|-heal|p1b: Milotic|26/100 psn|[from] item: Leftovers\n|-damage|p1b: Milotic|14/100 psn|[from] psn\n|-damage|p2b: Sneasler|6/100 brn|[from] brn\n|upkeep\n|j| BIGGY STEELS\n|inactive|Bman311 has 30 seconds left.\n|\n|t:|1776449066\n|switch|p2a: Floette|Floette-Mega, L50, F|9/100\n|-ability|p2a: Floette|Fairy Aura\n|turn|9\n|\n|t:|1776449074\n|move|p1a: Aegislash|Shadow Sneak|p2a: Floette\n|-damage|p2a: Floette|0 fnt\n|faint|p2a: Floette\n|move|p2b: Sneasler|Dire Claw|p1b: Milotic\n|-damage|p1b: Milotic|0 fnt\n|faint|p1b: Milotic\n|\n|-damage|p2b: Sneasler|0 fnt|[from] brn\n|faint|p2b: Sneasler\n|upkeep\n|\n|t:|1776449077\n|switch|p2b: Basculegion|Basculegion, L50, M|43/100 brn\n|switch|p1b: Scovillain|Scovillain-Mega, L50, F|100/100\n|turn|10\n|\n|t:|1776449081\n|move|p1b: Scovillain|Protect|p1b: Scovillain\n|-singleturn|p1b: Scovillain|Protect\n|-formechange|p1a: Aegislash|Aegislash|\n|move|p1a: Aegislash|King's Shield|p1a: Aegislash\n|-singleturn|p1a: Aegislash|Protect\n|move|p2b: Basculegion|Last Respects|p1a: Aegislash\n|-activate|p1a: Aegislash|move: Protect\n|\n|-damage|p2b: Basculegion|37/100 brn|[from] brn\n|upkeep\n|turn|11\n|\n|t:|1776449089\n|move|p1b: Scovillain|Rage Powder|p1b: Scovillain\n|-singleturn|p1b: Scovillain|move: Rage Powder\n|-formechange|p1a: Aegislash|Aegislash-Blade|\n|move|p1a: Aegislash|Shadow Sneak|p2b: Basculegion\n|-supereffective|p2b: Basculegion|1\n|-damage|p2b: Basculegion|0 fnt\n|faint|p2b: Basculegion\n|\n|win|thacrow\n|n|\u2606thacrow|thacrow\n|n|\u2606Bman311|bman311\n|n|+Radio Free C-Side|radiofreecside\n|n| mysticmarshtomp|mysticmarshtomp\n|n| BIGGY STEELS|biggysteels\n|c|\u2606thacrow|Gg\n|l| mysticmarshtomp\n|c|\u2606Bman311|ggwp\n|l|\u2606thacrow\n|player|p1|\n|l|\u2606Bman311\n|player|p2|\n|c| BIGGY STEELS|scobilin :O\n",
  "uploadtime": 1776449105,
  "views": 22,
  "formatid": "gen9championsvgc2026regma",
  "rating": null,
  "private": 0,
  "password": null
}