{
  "id": "gen9championsvgc2026regma-2584593475",
  "format": "[Gen 9 Champions] VGC 2026 Reg M-A",
  "players": [
    "snappler18",
    "LGPESWEEPER"
  ],
  "log": "|j|\u2606snappler18\n|j|\u2606LGPESWEEPER\n|t:|1776270902\n|gametype|doubles\n|player|p1|snappler18|170|1167\n|player|p2|LGPESWEEPER|101|1209\n|gen|9\n|tier|[Gen 9 Champions] VGC 2026 Reg M-A\n|rated|\n|rule|Species Clause: Limit one of each Pok\u00e9mon\n|rule|Item Clause: Limit 1 of each item\n|clearpoke\n|poke|p1|Heracross, L50, F|\n|poke|p1|Sneasler, L50, F|\n|poke|p1|Whimsicott, L50, F|\n|poke|p1|Talonflame, L50, M|\n|poke|p1|Floette-Eternal, L50, F|\n|poke|p1|Hatterene, L50, F|\n|poke|p2|Gyarados, L50, F|\n|poke|p2|Garchomp, L50, F|\n|poke|p2|Tinkaton, L50, F|\n|poke|p2|Sneasler, L50, F|\n|poke|p2|Sinistcha, L50|\n|poke|p2|Pelipper, L50, F|\n|teampreview|4\n|\n|t:|1776270946\n|teamsize|p1|4\n|teamsize|p2|4\n|start\n|switch|p1a: Sneasler|Sneasler, L50, F|100/100\n|switch|p1b: Whimsicott|Whimsicott, L50, F|100/100\n|switch|p2a: Tinkaton|Tinkaton, L50, F|100/100\n|switch|p2b: Sneasler|Sneasler, L50, F|100/100\n|-ability|p2a: Tinkaton|Mold Breaker\n|turn|1\n|\n|t:|1776270976\n|move|p1a: Sneasler|Fake Out|p2a: Tinkaton\n|-resisted|p2a: Tinkaton|1\n|-damage|p2a: Tinkaton|92/100\n|move|p1b: Whimsicott|Tailwind|p1b: Whimsicott\n|-sidestart|p1: snappler18|move: Tailwind\n|move|p2b: Sneasler|Dire Claw|p1b: Whimsicott\n|-supereffective|p1b: Whimsicott|2\n|-damage|p1b: Whimsicott|0 fnt\n|faint|p1b: Whimsicott\n|cant|p2a: Tinkaton|flinch\n|\n|upkeep\n|\n|t:|1776270989\n|switch|p1b: Heracross|Heracross, L50, F|100/100\n|turn|2\n|\n|t:|1776271014\n|switch|p2a: Gyarados|Gyarados, L50, F|100/100\n|-ability|p2a: Gyarados|Intimidate|boost\n|-unboost|p1a: Sneasler|atk|1\n|-unboost|p1b: Heracross|atk|1\n|-enditem|p1a: Sneasler|White Herb\n|-clearnegativeboost|p1a: Sneasler|[silent]\n|detailschange|p1b: Heracross|Heracross-Mega, L50, F\n|-mega|p1b: Heracross|Heracross|Heracronite\n|move|p1a: Sneasler|Close Combat|p2b: Sneasler\n|-resisted|p2b: Sneasler|1\n|-damage|p2b: Sneasler|50/100\n|-unboost|p1a: Sneasler|def|1\n|-unboost|p1a: Sneasler|spd|1\n|move|p1b: Heracross|Close Combat|p2b: Sneasler\n|-resisted|p2b: Sneasler|1\n|-damage|p2b: Sneasler|0 fnt\n|-unboost|p1b: Heracross|def|1\n|-unboost|p1b: Heracross|spd|1\n|faint|p2b: Sneasler\n|\n|upkeep\n|\n|t:|1776271031\n|switch|p2b: Tinkaton|Tinkaton, L50, F|92/100\n|-ability|p2b: Tinkaton|Mold Breaker\n|turn|3\n|\n|t:|1776271064\n|move|p1b: Heracross|Detect|p1b: Heracross\n|-singleturn|p1b: Heracross|Protect\n|move|p2b: Tinkaton|Fake Out|p1b: Heracross\n|-activate|p1b: Heracross|move: Protect\n|move|p1a: Sneasler|Close Combat|p2a: Gyarados\n|-resisted|p2a: Gyarados|1\n|-damage|p2a: Gyarados|61/100\n|-unboost|p1a: Sneasler|def|1\n|-unboost|p1a: Sneasler|spd|1\n|move|p2a: Gyarados|Dragon Dance|p2a: Gyarados\n|-boost|p2a: Gyarados|atk|1\n|-boost|p2a: Gyarados|spe|1\n|\n|upkeep\n|turn|4\n|\n|t:|1776271084\n|move|p2a: Gyarados|Protect|p2a: Gyarados\n|-singleturn|p2a: Gyarados|Protect\n|move|p1a: Sneasler|Dire Claw|p2a: Gyarados\n|-activate|p2a: Gyarados|move: Protect\n|move|p1b: Heracross|Rock Blast|p2a: Gyarados\n|-activate|p2a: Gyarados|move: Protect\n|move|p2b: Tinkaton|Gigaton Hammer|p1a: Sneasler\n|-damage|p1a: Sneasler|0 fnt\n|faint|p1a: Sneasler\n|\n|-sideend|p1: snappler18|move: Tailwind\n|upkeep\n|\n|t:|1776271098\n|switch|p1a: Talonflame|Talonflame, L50, M|100/100\n|turn|5\n|\n|t:|1776271106\n|move|p1a: Talonflame|Tailwind|p1a: Talonflame\n|-sidestart|p1: snappler18|move: Tailwind\n|move|p2a: Gyarados|Waterfall|p1a: Talonflame\n|-supereffective|p1a: Talonflame|1\n|-enditem|p1a: Talonflame|Focus Sash\n|-damage|p1a: Talonflame|1/100\n|move|p1b: Heracross|Rock Blast|p2a: Gyarados\n|-supereffective|p2a: Gyarados|1\n|-damage|p2a: Gyarados|39/100\n|-supereffective|p2a: Gyarados|1\n|-damage|p2a: Gyarados|17/100\n|-supereffective|p2a: Gyarados|1\n|-damage|p2a: Gyarados|0 fnt\n|faint|p2a: Gyarados\n|-hitcount|p2: Gyarados|3\n|move|p2b: Tinkaton|Play Rough|p1b: Heracross\n|-supereffective|p1b: Heracross|1\n|-damage|p1b: Heracross|3/100\n|\n|upkeep\n|\n|t:|1776271123\n|switch|p2a: Sinistcha|Sinistcha, L50|100/100\n|-heal|p2b: Tinkaton|100/100|[from] ability: Hospitality|[of] p2a: Sinistcha\n|turn|6\n|\n|t:|1776271150\n|move|p2a: Sinistcha|Rage Powder|p2a: Sinistcha\n|-singleturn|p2a: Sinistcha|move: Rage Powder\n|move|p1a: Talonflame|Brave Bird|p2a: Sinistcha\n|-supereffective|p2a: Sinistcha|1\n|-damage|p2a: Sinistcha|26/100\n|-damage|p1a: Talonflame|0 fnt|[from] Recoil\n|faint|p1a: Talonflame\n|move|p1b: Heracross|Close Combat|p2a: Sinistcha\n|-immune|p2a: Sinistcha\n|move|p2b: Tinkaton|Gigaton Hammer|p1b: Heracross\n|-crit|p1b: Heracross\n|-damage|p1b: Heracross|0 fnt\n|faint|p1b: Heracross\n|\n|win|LGPESWEEPER\n|raw|snappler18's rating: 1167 &rarr; <strong>1145</strong><br />(-22 for losing)\n|raw|LGPESWEEPER's rating: 1209 &rarr; <strong>1231</strong><br />(+22 for winning)\n|l|\u2606snappler18\n|player|p1|\n",
  "uploadtime": 1776271163,
  "views": 27,
  "formatid": "gen9championsvgc2026regma",
  "rating": 1145,
  "private": 0,
  "password": null
}