{
  "id": "gen9championsvgc2026regma-2589454630",
  "format": "[Gen 9 Champions] VGC 2026 Reg M-A",
  "players": [
    "King L5",
    "joej m"
  ],
  "log": "|j|\u2606King L5\n|j|\u2606joej m\n|t:|1776724414\n|gametype|doubles\n|player|p1|King L5|#dcliiinfernalarmory|1531\n|player|p2|joej m|169|1595\n|gen|9\n|tier|[Gen 9 Champions] VGC 2026 Reg M-A\n|rated|\n|rule|Species Clause: Limit one of each Pok\u00e9mon\n|rule|Item Clause: Limit 1 of each item\n|clearpoke\n|poke|p1|Floette-Eternal, L50, F|\n|poke|p1|Incineroar, L50, M|\n|poke|p1|Sinistcha, L50|\n|poke|p1|Basculegion, L50, M|\n|poke|p1|Aerodactyl, L50, F|\n|poke|p1|Garchomp, L50, M|\n|poke|p2|Floette-Eternal, L50, F|\n|poke|p2|Blastoise, L50, M|\n|poke|p2|Kingambit, L50, M|\n|poke|p2|Aerodactyl, L50, M|\n|poke|p2|Garchomp, L50, M|\n|poke|p2|Sneasler, L50, F|\n|teampreview|4\n|\n|t:|1776724504\n|teamsize|p1|4\n|teamsize|p2|4\n|start\n|switch|p1a: Floette|Floette-Eternal, L50, F|100/100\n|switch|p1b: Incineroar|Incineroar, L50, M|100/100\n|switch|p2a: Aerodactyl|Aerodactyl, L50, M|100/100\n|switch|p2b: Blastoise|Blastoise, L50, M|100/100\n|-ability|p2a: Aerodactyl|Unnerve\n|-ability|p1b: Incineroar|Intimidate|boost\n|-unboost|p2a: Aerodactyl|atk|1\n|-unboost|p2b: Blastoise|atk|1\n|turn|1\n|\n|t:|1776724532\n|detailschange|p1a: Floette|Floette-Mega, L50, F\n|-mega|p1a: Floette|Floette|Floettite\n|-ability|p1a: Floette|Fairy Aura\n|move|p1b: Incineroar|Fake Out|p2b: Blastoise\n|-damage|p2b: Blastoise|90/100\n|cant|p2b: Blastoise|flinch\n|move|p2a: Aerodactyl|Tailwind|p2a: Aerodactyl\n|-sidestart|p2: joej m|move: Tailwind\n|move|p1a: Floette|Calm Mind|p1a: Floette\n|-boost|p1a: Floette|spa|1\n|-boost|p1a: Floette|spd|1\n|\n|upkeep\n|turn|2\n|\n|t:|1776724572\n|switch|p1b: Garchomp|Garchomp, L50, M|100/100\n|move|p2a: Aerodactyl|Rock Slide|p1b: Garchomp|[spread] p1a,p1b\n|-resisted|p1b: Garchomp|1\n|-damage|p1a: Floette|84/100\n|-damage|p1b: Garchomp|92/100\n|move|p2b: Blastoise|Icy Wind|p1b: Garchomp|[spread] p1a,p1b\n|-supereffective|p1b: Garchomp|2\n|-damage|p1a: Floette|80/100\n|-damage|p1b: Garchomp|55/100\n|-unboost|p1a: Floette|spe|1\n|-unboost|p1b: Garchomp|spe|1\n|move|p1a: Floette|Moonblast|p2b: Blastoise\n|-damage|p2b: Blastoise|0 fnt\n|faint|p2b: Blastoise\n|\n|upkeep\n|\n|t:|1776724593\n|switch|p2b: Kingambit|Kingambit, L50, M|100/100\n|turn|3\n|\n|t:|1776724606\n|switch|p2a: Floette|Floette-Eternal, L50, F|100/100\n|switch|p1a: Sinistcha|Sinistcha, L50|100/100\n|-heal|p1b: Garchomp|80/100|[from] ability: Hospitality|[of] p1a: Sinistcha\n|move|p2b: Kingambit|Protect|p2b: Kingambit\n|-singleturn|p2b: Kingambit|Protect\n|move|p1b: Garchomp|Stomping Tantrum|p2b: Kingambit\n|-activate|p2b: Kingambit|move: Protect\n|\n|upkeep\n|turn|4\n|\n|t:|1776724644\n|switch|p1a: Incineroar|Incineroar, L50, M|100/100\n|-ability|p1a: Incineroar|Intimidate|boost\n|-unboost|p2a: Floette|atk|1\n|-unboost|p2b: Kingambit|atk|1\n|-ability|p2b: Kingambit|Defiant|boost\n|-boost|p2b: Kingambit|atk|2\n|detailschange|p2a: Floette|Floette-Mega, L50, F\n|-mega|p2a: Floette|Floette|Floettite\n|-ability|p2a: Floette|Fairy Aura\n|move|p2a: Floette|Dazzling Gleam|p1b: Garchomp|[spread] p1a,p1b\n|-supereffective|p1b: Garchomp|1\n|-damage|p1a: Incineroar|51/100\n|-damage|p1b: Garchomp|0 fnt\n|faint|p1b: Garchomp\n|move|p2b: Kingambit|Kowtow Cleave|p1a: Incineroar\n|-resisted|p1a: Incineroar|1\n|-damage|p1a: Incineroar|11/100\n|-enditem|p1a: Incineroar|Sitrus Berry|[eat]\n|-heal|p1a: Incineroar|36/100|[from] item: Sitrus Berry\n|\n|-sideend|p2: joej m|move: Tailwind\n|upkeep\n|\n|t:|1776724662\n|switch|p1b: Floette|Floette-Mega, L50, F|80/100\n|-ability|p1b: Floette|Fairy Aura\n|turn|5\n|\n|t:|1776724708\n|switch|p2b: Aerodactyl|Aerodactyl, L50, M|100/100\n|-ability|p2b: Aerodactyl|Unnerve\n|move|p1a: Incineroar|Fake Out|p2b: Aerodactyl\n|-resisted|p2b: Aerodactyl|1\n|-damage|p2b: Aerodactyl|91/100\n|move|p2a: Floette|Dazzling Gleam|p1a: Incineroar|[spread] p1a,p1b\n|-damage|p1a: Incineroar|0 fnt\n|-damage|p1b: Floette|43/100\n|faint|p1a: Incineroar\n|move|p1b: Floette|Calm Mind|p1b: Floette\n|-boost|p1b: Floette|spa|1\n|-boost|p1b: Floette|spd|1\n|\n|upkeep\n|\n|t:|1776724718\n|switch|p1a: Sinistcha|Sinistcha, L50|100/100\n|-heal|p1b: Floette|68/100|[from] ability: Hospitality|[of] p1a: Sinistcha\n|turn|6\n|\n|t:|1776724800\n|move|p2b: Aerodactyl|Protect|p2b: Aerodactyl\n|-singleturn|p2b: Aerodactyl|Protect\n|move|p2a: Floette|Light of Ruin|p1a: Sinistcha\n|-damage|p1a: Sinistcha|0 fnt\n|faint|p1a: Sinistcha\n|-damage|p2a: Floette|51/100|[from] Recoil\n|move|p1b: Floette|Calm Mind|p1b: Floette\n|-boost|p1b: Floette|spa|1\n|-boost|p1b: Floette|spd|1\n|\n|upkeep\n|turn|7\n|j| Reign1997\n|j| uipohnpuik\n|\n|t:|1776724823\n|move|p2b: Aerodactyl|Tailwind|p2b: Aerodactyl\n|-sidestart|p2: joej m|move: Tailwind\n|move|p2a: Floette|Moonblast|p1b: Floette\n|-damage|p1b: Floette|42/100\n|-unboost|p1b: Floette|spa|1\n|move|p1b: Floette|Draining Kiss|p2b: Aerodactyl\n|-damage|p2b: Aerodactyl|13/100\n|-heal|p1b: Floette|93/100|[from] drain|[of] p2b: Aerodactyl\n|\n|upkeep\n|turn|8\n|\n|t:|1776724852\n|move|p1b: Floette|Protect|p1b: Floette\n|-singleturn|p1b: Floette|Protect\n|move|p2b: Aerodactyl|Rock Slide|p1b: Floette\n|-activate|p1b: Floette|move: Protect\n|move|p2a: Floette|Moonblast|p1b: Floette\n|-activate|p1b: Floette|move: Protect\n|\n|upkeep\n|turn|9\n|\n|t:|1776724880\n|move|p2b: Aerodactyl|Protect|p2b: Aerodactyl\n|-singleturn|p2b: Aerodactyl|Protect\n|move|p2a: Floette|Protect|p2a: Floette\n|-singleturn|p2a: Floette|Protect\n|move|p1b: Floette|Draining Kiss|p2b: Aerodactyl\n|-activate|p2b: Aerodactyl|move: Protect\n|\n|upkeep\n|turn|10\n|l| Reign1997\n|\n|t:|1776724905\n|switch|p2b: Kingambit|Kingambit, L50, M|100/100\n|move|p2a: Floette|Moonblast|p1b: Floette\n|-damage|p1b: Floette|65/100\n|move|p1b: Floette|Draining Kiss|p2b: Kingambit\n|-damage|p2b: Kingambit|44/100\n|-heal|p1b: Floette|100/100|[from] drain|[of] p2b: Kingambit\n|\n|-sideend|p2: joej m|move: Tailwind\n|upkeep\n|turn|11\n|c|\u2606joej m|i can't believe that the special attack drop is losing me this game\n|\n|t:|1776724980\n|switch|p2b: Aerodactyl|Aerodactyl, L50, M|13/100\n|-ability|p2b: Aerodactyl|Unnerve\n|move|p2a: Floette|Moonblast|p1b: Floette\n|-damage|p1b: Floette|76/100\n|move|p1b: Floette|Moonblast|p2a: Floette\n|-damage|p2a: Floette|0 fnt\n|faint|p2a: Floette\n|\n|upkeep\n|\n|t:|1776724983\n|switch|p2a: Kingambit|Kingambit, L50, M|44/100\n|turn|12\n|\n|t:|1776724991\n|move|p2b: Aerodactyl|Tailwind|p2b: Aerodactyl\n|-sidestart|p2: joej m|move: Tailwind\n|move|p2a: Kingambit|Iron Head|p1b: Floette\n|-supereffective|p1b: Floette|1\n|-crit|p1b: Floette\n|-damage|p1b: Floette|0 fnt\n|faint|p1b: Floette\n|\n|win|joej m\n|raw|King L5's rating: 1531 &rarr; <strong>1515</strong><br />(-16 for losing)\n|raw|joej m's rating: 1595 &rarr; <strong>1611</strong><br />(+16 for winning)\n|c|\u2606joej m|gg\n|c|\u2606King L5|Gg\n|l|\u2606King L5\n|player|p1|\n",
  "uploadtime": 1776725013,
  "views": 16,
  "formatid": "gen9championsvgc2026regma",
  "rating": 1515,
  "private": 0,
  "password": null
}