{
  "id": "gen9championsvgc2026regma-2589470453",
  "format": "[Gen 9 Champions] VGC 2026 Reg M-A",
  "players": [
    "Govek314",
    "MorganaRoyal"
  ],
  "log": "|j|\u2606Govek314\n|j|\u2606MorganaRoyal\n|t:|1776725849\n|gametype|doubles\n|player|p1|Govek314|170|1233\n|player|p2|MorganaRoyal|morgan|1174\n|gen|9\n|tier|[Gen 9 Champions] VGC 2026 Reg M-A\n|rated|\n|rule|Species Clause: Limit one of each Pok\u00e9mon\n|rule|Item Clause: Limit 1 of each item\n|clearpoke\n|poke|p1|Charizard, L50, M, shiny|\n|poke|p1|Milotic, L50, M, shiny|\n|poke|p1|Sinistcha, L50, shiny|\n|poke|p1|Sneasler, L50, M|\n|poke|p1|Aerodactyl, L50, M, shiny|\n|poke|p1|Scizor, L50, F, shiny|\n|poke|p2|Zoroark-Hisui, L50, F|\n|poke|p2|Kangaskhan, L50, F|\n|poke|p2|Aegislash, L50, F|\n|poke|p2|Talonflame, L50, F|\n|poke|p2|Sneasler, L50, F|\n|poke|p2|Milotic, L50, F|\n|teampreview|4\n|\n|t:|1776725909\n|teamsize|p1|4\n|teamsize|p2|4\n|start\n|switch|p1a: Aerodactyl|Aerodactyl, L50, M, shiny|100/100\n|switch|p1b: Sneasler|Sneasler, L50, M|100/100\n|switch|p2a: Kangaskhan|Kangaskhan, L50, F|100/100\n|switch|p2b: Aegislash|Aegislash, L50, F|100/100\n|-ability|p1a: Aerodactyl|Unnerve\n|turn|1\n|\n|t:|1776725942\n|move|p2b: Aegislash|Protect|p2b: Aegislash\n|-singleturn|p2b: Aegislash|Protect\n|move|p2a: Kangaskhan|Protect|p2a: Kangaskhan\n|-singleturn|p2a: Kangaskhan|Protect\n|move|p1a: Aerodactyl|Rock Slide|p2b: Aegislash|[spread] \n|-activate|p2a: Kangaskhan|move: Protect\n|-activate|p2b: Aegislash|move: Protect\n|move|p1b: Sneasler|Dire Claw|p2a: Kangaskhan\n|-activate|p2a: Kangaskhan|move: Protect\n|\n|upkeep\n|turn|2\n|\n|t:|1776725980\n|detailschange|p2a: Kangaskhan|Kangaskhan-Mega, L50, F\n|-mega|p2a: Kangaskhan|Kangaskhan|Kangaskhanite\n|move|p1a: Aerodactyl|Rock Slide|p2a: Kangaskhan|[spread] p2a,p2b\n|-crit|p2b: Aegislash\n|-damage|p2a: Kangaskhan|74/100\n|-damage|p2b: Aegislash|30/100\n|replace|p2b: Zoroark|Zoroark-Hisui, L50, F\n|-end|p2b: Zoroark|Illusion\n|move|p2b: Zoroark|Icy Wind|p1b: Sneasler|[spread] p1a\n|-miss|p2b: Zoroark|p1b: Sneasler\n|-supereffective|p1a: Aerodactyl|1\n|-damage|p1a: Aerodactyl|61/100\n|-unboost|p1a: Aerodactyl|spe|1\n|move|p1b: Sneasler|Coaching|p1a: Aerodactyl\n|-boost|p1a: Aerodactyl|atk|1\n|-boost|p1a: Aerodactyl|def|1\n|move|p2a: Kangaskhan|Double-Edge|p1b: Sneasler\n|-damage|p1b: Sneasler|0 fnt\n|faint|p1b: Sneasler\n|-hitcount|p1: Sneasler|1\n|-damage|p2a: Kangaskhan|46/100|[from] Recoil\n|\n|upkeep\n|\n|t:|1776726005\n|switch|p1b: Charizard|Charizard, L50, M, shiny|100/100\n|turn|3\n|\n|t:|1776726023\n|detailschange|p1b: Charizard|Charizard-Mega-X, L50, M, shiny\n|-mega|p1b: Charizard|Charizard|Charizardite X\n|move|p1b: Charizard|Protect|p1b: Charizard\n|-singleturn|p1b: Charizard|Protect\n|move|p2b: Zoroark|Icy Wind|p1b: Charizard|[spread] p1a\n|-activate|p1b: Charizard|move: Protect\n|-supereffective|p1a: Aerodactyl|1\n|-damage|p1a: Aerodactyl|18/100\n|-unboost|p1a: Aerodactyl|spe|1\n|move|p2a: Kangaskhan|Double-Edge|p1b: Charizard\n|-activate|p1b: Charizard|move: Protect\n|move|p1a: Aerodactyl|Dual Wingbeat|p2b: Zoroark\n|-damage|p2b: Zoroark|0 fnt\n|faint|p2b: Zoroark\n|-hitcount|p2: Zoroark|1\n|\n|upkeep\n|\n|t:|1776726045\n|switch|p2b: Sneasler|Sneasler, L50, F|100/100\n|turn|4\n|\n|t:|1776726063\n|switch|p1b: Milotic|Milotic, L50, M, shiny|100/100\n|move|p1a: Aerodactyl|Protect|p1a: Aerodactyl\n|-singleturn|p1a: Aerodactyl|Protect\n|move|p2b: Sneasler|Fake Out|p1b: Milotic\n|-damage|p1b: Milotic|88/100\n|move|p2a: Kangaskhan|Double-Edge|p1b: Milotic\n|-damage|p1b: Milotic|33/100\n|-damage|p1b: Milotic|18/100\n|-hitcount|p1b: Milotic|2\n|-damage|p2a: Kangaskhan|20/100|[from] Recoil\n|\n|upkeep\n|turn|5\n|\n|t:|1776726079\n|move|p2a: Kangaskhan|Sucker Punch||[still]\n|-fail|p2a: Kangaskhan\n|move|p2b: Sneasler|Dire Claw|p1b: Milotic\n|-damage|p1b: Milotic|0 fnt\n|faint|p1b: Milotic\n|move|p1a: Aerodactyl|Tailwind|p1a: Aerodactyl\n|-sidestart|p1: Govek314|move: Tailwind\n|\n|upkeep\n|\n|t:|1776726086\n|switch|p1b: Charizard|Charizard-Mega-X, L50, M, shiny|100/100\n|turn|6\n|\n|t:|1776726112\n|move|p2a: Kangaskhan|Protect|p2a: Kangaskhan\n|-singleturn|p2a: Kangaskhan|Protect\n|move|p1b: Charizard|Flare Blitz|p2b: Sneasler\n|-crit|p2b: Sneasler\n|-damage|p2b: Sneasler|0 fnt\n|faint|p2b: Sneasler\n|-damage|p1b: Charizard|71/100|[from] Recoil\n|move|p1a: Aerodactyl|Dual Wingbeat|p2a: Kangaskhan\n|-activate|p2a: Kangaskhan|move: Protect\n|\n|upkeep\n|\n|t:|1776726116\n|switch|p2b: Aegislash|Aegislash, L50, F|100/100\n|turn|7\n|\n|t:|1776726135\n|move|p2a: Kangaskhan|Sucker Punch||[still]\n|-fail|p2a: Kangaskhan\n|move|p1b: Charizard|Dragon Dance|p1b: Charizard\n|-boost|p1b: Charizard|atk|1\n|-boost|p1b: Charizard|spe|1\n|move|p1a: Aerodactyl|Dual Wingbeat|p2a: Kangaskhan\n|-damage|p2a: Kangaskhan|0 fnt\n|faint|p2a: Kangaskhan\n|-hitcount|p2: Kangaskhan|1\n|-formechange|p2b: Aegislash|Aegislash-Blade|\n|move|p2b: Aegislash|Iron Head|p1a: Aerodactyl\n|-supereffective|p1a: Aerodactyl|1\n|-damage|p1a: Aerodactyl|0 fnt\n|faint|p1a: Aerodactyl\n|\n|upkeep\n|turn|8\n|\n|t:|1776726151\n|move|p1b: Charizard|Dragon Dance|p1b: Charizard\n|-boost|p1b: Charizard|atk|1\n|-boost|p1b: Charizard|spe|1\n|move|p2b: Aegislash|Sacred Sword|p1b: Charizard\n|-crit|p1b: Charizard\n|-damage|p1b: Charizard|23/100\n|\n|-sideend|p1: Govek314|move: Tailwind\n|upkeep\n|turn|9\n|\n|t:|1776726159\n|-formechange|p2b: Aegislash|Aegislash|\n|move|p2b: Aegislash|King's Shield|p2b: Aegislash\n|-singleturn|p2b: Aegislash|Protect\n|move|p1b: Charizard|Flare Blitz|p2b: Aegislash\n|-activate|p2b: Aegislash|move: Protect\n|-unboost|p1b: Charizard|atk|1\n|\n|upkeep\n|turn|10\n|\n|t:|1776726166\n|move|p1b: Charizard|Flare Blitz|p2b: Aegislash\n|-supereffective|p2b: Aegislash|1\n|-crit|p2b: Aegislash\n|-damage|p2b: Aegislash|0 fnt\n|faint|p2b: Aegislash\n|-damage|p1b: Charizard|0 fnt|[from] Recoil\n|faint|p1b: Charizard\n|\n|win|Govek314\n|raw|Govek314's rating: 1233 &rarr; <strong>1254</strong><br />(+21 for winning)\n|raw|MorganaRoyal's rating: 1174 &rarr; <strong>1153</strong><br />(-21 for losing)\n|l|\u2606MorganaRoyal\n|player|p2|\n",
  "uploadtime": 1776726329,
  "views": 4,
  "formatid": "gen9championsvgc2026regma",
  "rating": 1153,
  "private": 0,
  "password": null
}