{
  "id": "gen9championsvgc2026regma-2586523418",
  "format": "[Gen 9 Champions] VGC 2026 Reg M-A",
  "players": [
    "heroisemcalssa",
    "uh789"
  ],
  "log": "|j|\u2606heroisemcalssa\n|j|\u2606uh789\n|t:|1776440486\n|gametype|doubles\n|player|p1|heroisemcalssa|swimmer|1097\n|player|p2|uh789|benga|1000\n|gen|9\n|tier|[Gen 9 Champions] VGC 2026 Reg M-A\n|rated|\n|rule|Species Clause: Limit one of each Pok\u00e9mon\n|rule|Item Clause: Limit 1 of each item\n|clearpoke\n|poke|p1|Manectric, L50, M|\n|poke|p1|Pelipper, L50, M|\n|poke|p1|Weavile, L50, M|\n|poke|p1|Empoleon, L50, M|\n|poke|p1|Lucario, L50, F|\n|poke|p1|Starmie, L50|\n|poke|p2|Gengar, L50, F|\n|poke|p2|Sneasler, L50, F|\n|poke|p2|Sinistcha, L50|\n|poke|p2|Dragonite, L50, M|\n|poke|p2|Farigiraf, L50, M|\n|poke|p2|Palafin, L50, F|\n|teampreview|4\n|inactive|Battle timer is ON: inactive players will automatically lose when time's up. (requested by uh789)\n|\n|t:|1776440518\n|teamsize|p1|4\n|teamsize|p2|4\n|start\n|switch|p1a: Lucario|Lucario, L50, F|100/100\n|switch|p1b: Weavile|Weavile, L50, M|100/100\n|switch|p2a: Sneasler|Sneasler, L50, F|100/100\n|switch|p2b: Palafin|Palafin, L50, F|100/100\n|-ability|p1b: Weavile|Pressure\n|turn|1\n|inactive|heroisemcalssa has 30 seconds left.\n|inactive|heroisemcalssa has 20 seconds left.\n|inactive|heroisemcalssa has 15 seconds left.\n|\n|t:|1776440561\n|move|p2a: Sneasler|Fake Out|p1b: Weavile\n|-damage|p1b: Weavile|72/100\n|cant|p1b: Weavile|flinch\n|move|p2b: Palafin|Flip Turn|p1a: Lucario\n|-damage|p1a: Lucario|64/100\n|\n|t:|1776440572\n|detailschange|p2b: Palafin|Palafin-Hero, L50, F\n|switch|p2b: Dragonite|Dragonite, L50, M|100/100|[from] Flip Turn\n|move|p1a: Lucario|Psychic|p2a: Sneasler\n|-supereffective|p2a: Sneasler|2\n|-damage|p2a: Sneasler|0 fnt\n|faint|p2a: Sneasler\n|\n|upkeep\n|\n|t:|1776440581\n|switch|p2a: Palafin|Palafin-Hero, L50, F|100/100\n|-activate|p2a: Palafin|ability: Zero to Hero\n|turn|2\n|\n|t:|1776440598\n|detailschange|p2b: Dragonite|Dragonite-Mega, L50, M\n|-mega|p2b: Dragonite|Dragonite|Dragoninite\n|move|p1a: Lucario|Protect|p1a: Lucario\n|-singleturn|p1a: Lucario|Protect\n|move|p1b: Weavile|Ice Spinner|p2b: Dragonite\n|-supereffective|p2b: Dragonite|2\n|-damage|p2b: Dragonite|30/100\n|move|p2a: Palafin|Drain Punch|p1b: Weavile\n|-supereffective|p1b: Weavile|2\n|-damage|p1b: Weavile|0 fnt\n|faint|p1b: Weavile\n|move|p2b: Dragonite|Flamethrower|p1a: Lucario\n|-activate|p1a: Lucario|move: Protect\n|\n|upkeep\n|\n|t:|1776440620\n|switch|p1b: Starmie|Starmie, L50|100/100\n|turn|3\n|\n|t:|1776440644\n|switch|p1a: Pelipper|Pelipper, L50, M|100/100\n|-weather|RainDance|[from] ability: Drizzle|[of] p1a: Pelipper\n|detailschange|p1b: Starmie|Starmie-Mega, L50\n|-mega|p1b: Starmie|Starmie|Starminite\n|move|p2a: Palafin|Drain Punch|p1a: Pelipper\n|-resisted|p1a: Pelipper|1\n|-damage|p1a: Pelipper|87/100\n|move|p1b: Starmie|Psycho Cut|p2b: Dragonite\n|-damage|p2b: Dragonite|0 fnt\n|faint|p2b: Dragonite\n|\n|-weather|RainDance|[upkeep]\n|-heal|p1a: Pelipper|92/100|[from] item: Leftovers\n|upkeep\n|\n|t:|1776440659\n|switch|p2b: Sinistcha|Sinistcha, L50|100/100\n|turn|4\n|\n|t:|1776440682\n|move|p2a: Palafin|Drain Punch|p1a: Pelipper\n|-resisted|p1a: Pelipper|1\n|-damage|p1a: Pelipper|79/100\n|move|p1b: Starmie|Flip Turn|p2b: Sinistcha\n|-resisted|p2b: Sinistcha|1\n|-damage|p2b: Sinistcha|57/100\n|\n|t:|1776440689\n|switch|p1b: Lucario|Lucario, L50, F|64/100|[from] Flip Turn\n|move|p2b: Sinistcha|Matcha Gotcha|p1a: Pelipper|[spread] p1a,p1b\n|-resisted|p1b: Lucario|1\n|-damage|p1a: Pelipper|34/100\n|-heal|p2b: Sinistcha|79/100|[from] drain|[of] p1a: Pelipper\n|-damage|p1b: Lucario|39/100\n|-heal|p2b: Sinistcha|91/100|[from] drain|[of] p1b: Lucario\n|move|p1a: Pelipper|Hurricane|p2b: Sinistcha\n|-supereffective|p2b: Sinistcha|1\n|-damage|p2b: Sinistcha|0 fnt\n|faint|p2b: Sinistcha\n|\n|-weather|RainDance|[upkeep]\n|-heal|p1a: Pelipper|40/100|[from] item: Leftovers\n|upkeep\n|turn|5\n|inactive|heroisemcalssa has 30 seconds left.\n|\n|t:|1776440718\n|move|p1b: Lucario|Protect|p1b: Lucario\n|-singleturn|p1b: Lucario|Protect\n|move|p2a: Palafin|Drain Punch|p1b: Lucario\n|-activate|p1b: Lucario|move: Protect\n|move|p1a: Pelipper|U-turn|p2a: Palafin\n|-damage|p2a: Palafin|91/100\n|\n|t:|1776440726\n|switch|p1a: Starmie|Starmie-Mega, L50|100/100|[from] U-turn\n|\n|-weather|RainDance|[upkeep]\n|upkeep\n|turn|6\n|\n|t:|1776440742\n|switch|p1b: Pelipper|Pelipper, L50, M|40/100\n|move|p2a: Palafin|Drain Punch|p1b: Pelipper\n|-resisted|p1b: Pelipper|1\n|-damage|p1b: Pelipper|25/100\n|-heal|p2a: Palafin|98/100|[from] drain|[of] p1b: Pelipper\n|move|p1a: Starmie|Psycho Cut|p2a: Palafin\n|-crit|p2a: Palafin\n|-damage|p2a: Palafin|0 fnt\n|faint|p2a: Palafin\n|\n|win|heroisemcalssa\n|raw|heroisemcalssa's rating: 1097 &rarr; <strong>1116</strong><br />(+19 for winning)\n|raw|uh789's rating: 1000 &rarr; <strong>1000</strong><br />(+0 for losing)\n",
  "uploadtime": 1776440756,
  "views": 19,
  "formatid": "gen9championsvgc2026regma",
  "rating": 1000,
  "private": 0,
  "password": null
}