{
  "id": "gen9championsvgc2026regma-2582327930",
  "format": "[Gen 9 Champions] VGC 2026 Reg M-A",
  "players": [
    "Osdkiller",
    "Eradorr"
  ],
  "log": "|j|\u2606Osdkiller\n|j|\u2606Eradorr\n|t:|1776083715\n|gametype|doubles\n|player|p1|Osdkiller|roxanne|1149\n|player|p2|Eradorr|colress|1134\n|gen|9\n|tier|[Gen 9 Champions] VGC 2026 Reg M-A\n|rated|\n|rule|Species Clause: Limit one of each Pok\u00e9mon\n|rule|Item Clause: Limit 1 of each item\n|clearpoke\n|poke|p1|Froslass, L50, F|\n|poke|p1|Incineroar, L50, M|\n|poke|p1|Rotom-Frost, L50|\n|poke|p1|Garchomp, L50, M|\n|poke|p1|Basculegion, L50, M|\n|poke|p1|Orthworm, L50, F|\n|poke|p2|Gengar, L50, F|\n|poke|p2|Whimsicott, L50, M|\n|poke|p2|Incineroar, L50, F|\n|poke|p2|Kommo-o, L50, F|\n|poke|p2|Kingambit, L50, M|\n|poke|p2|Milotic, L50, F|\n|teampreview|4\n|\n|t:|1776083747\n|teamsize|p1|4\n|teamsize|p2|4\n|start\n|switch|p1a: Froslass|Froslass, L50, F, shiny|100/100\n|switch|p1b: Rotom|Rotom-Frost, L50|100/100\n|switch|p2a: Kingambit|Kingambit, L50, M|100/100\n|switch|p2b: Gengar|Gengar, L50, F, shiny|100/100\n|turn|1\n|inactive|Battle timer is ON: inactive players will automatically lose when time's up. (requested by Eradorr)\n|\n|t:|1776083797\n|detailschange|p2b: Gengar|Gengar-Mega, L50, F, shiny\n|-mega|p2b: Gengar|Gengar|Gengarite\n|detailschange|p1a: Froslass|Froslass-Mega, L50, F, shiny\n|-mega|p1a: Froslass|Froslass|Froslassite\n|-weather|Snowscape|[from] ability: Snow Warning|[of] p1a: Froslass\n|move|p2b: Gengar|Protect|p2b: Gengar\n|-singleturn|p2b: Gengar|Protect\n|move|p1a: Froslass|Protect|p1a: Froslass\n|-singleturn|p1a: Froslass|Protect\n|move|p2a: Kingambit|Sucker Punch||[still]\n|-fail|p2a: Kingambit\n|move|p1b: Rotom|Volt Switch|p2b: Gengar\n|-activate|p2b: Gengar|move: Protect\n|\n|-weather|Snowscape|[upkeep]\n|upkeep\n|turn|2\n|inactive|Osdkiller has 30 seconds left.\n|inactive|Eradorr has 30 seconds left.\n|l|\u2606Eradorr\n|inactive|Eradorr disconnected and has a minute to reconnect!\n|player|p2|\n|j|\u2606Eradorr\n|inactive|Eradorr reconnected and has 25 seconds left.\n|player|p2|Eradorr|colress|\n|inactive|Eradorr has 20 seconds left.\n|inactive|Eradorr has 15 seconds left.\n|inactive|Eradorr has 10 seconds left.\n|\n|t:|1776083847\n|switch|p1a: Orthworm|Orthworm, L50, F|100/100\n|move|p2b: Gengar|Substitute|p2b: Gengar\n|-start|p2b: Gengar|Substitute\n|-damage|p2b: Gengar|76/100\n|move|p1b: Rotom|Volt Switch|p2a: Kingambit\n|-damage|p2a: Kingambit|59/100\n|\n|t:|1776083856\n|switch|p1b: Basculegion|Basculegion, L50, M|100/100|[from] Volt Switch\n|move|p2a: Kingambit|Kowtow Cleave|p1a: Orthworm\n|-damage|p1a: Orthworm|69/100\n|\n|-weather|Snowscape|[upkeep]\n|upkeep\n|turn|3\n|\n|t:|1776083868\n|move|p2a: Kingambit|Sucker Punch|p1b: Basculegion\n|-supereffective|p1b: Basculegion|1\n|-damage|p1b: Basculegion|0 fnt\n|faint|p1b: Basculegion\n|move|p2b: Gengar|Shadow Ball|p1a: Orthworm\n|-damage|p1a: Orthworm|0 fnt\n|faint|p1a: Orthworm\n|\n|-weather|Snowscape|[upkeep]\n|upkeep\n|\n|t:|1776083871\n|switch|p1b: Rotom|Rotom-Frost, L50|100/100\n|switch|p1a: Froslass|Froslass-Mega, L50, F, shiny|100/100\n|turn|4\n|\n|t:|1776083881\n|move|p2a: Kingambit|Sucker Punch|p1b: Rotom\n|-damage|p1b: Rotom|52/100\n|move|p2b: Gengar|Shadow Ball|p1a: Froslass\n|-supereffective|p1a: Froslass|1\n|-damage|p1a: Froslass|0 fnt\n|faint|p1a: Froslass\n|move|p1b: Rotom|Blizzard|p2a: Kingambit|[spread] p2a,p2b\n|-end|p2b: Gengar|Substitute\n|-resisted|p2a: Kingambit|1\n|-damage|p2a: Kingambit|41/100\n|\n|-weather|Snowscape|[upkeep]\n|upkeep\n|turn|5\n|\n|t:|1776083892\n|move|p2b: Gengar|Sludge Bomb|p1b: Rotom\n|-damage|p1b: Rotom|0 fnt\n|faint|p1b: Rotom\n|\n|win|Eradorr\n|raw|Osdkiller's rating: 1149 &rarr; <strong>1123</strong><br />(-26 for losing)\n|raw|Eradorr's rating: 1134 &rarr; <strong>1160</strong><br />(+26 for winning)\n|c|\u2606Osdkiller|gg\n|l|\u2606Eradorr\n|player|p2|\n",
  "uploadtime": 1776083967,
  "views": 14,
  "formatid": "gen9championsvgc2026regma",
  "rating": 1123,
  "private": 0,
  "password": null
}