{
  "id": "gen9championsvgc2026regma-2587852711",
  "format": "[Gen 9 Champions] VGC 2026 Reg M-A",
  "players": [
    "busterbunner",
    "MvillMpersonality"
  ],
  "log": "|j|\u2606busterbunner\n|j|\u2606MvillMpersonality\n|t:|1776570761\n|gametype|doubles\n|player|p1|busterbunner|grimsley|1216\n|player|p2|MvillMpersonality|pokemaniac|1118\n|gen|9\n|tier|[Gen 9 Champions] VGC 2026 Reg M-A\n|rated|\n|rule|Species Clause: Limit one of each Pok\u00e9mon\n|rule|Item Clause: Limit 1 of each item\n|clearpoke\n|poke|p1|Kangaskhan, L50, F|\n|poke|p1|Farigiraf, L50, M|\n|poke|p1|Golurk, L50|\n|poke|p1|Sinistcha, L50|\n|poke|p1|Pelipper, L50, M|\n|poke|p1|Mimikyu, L50, M|\n|poke|p2|Scovillain, L50, F|\n|poke|p2|Sinistcha, L50|\n|poke|p2|Gallade, L50, M|\n|poke|p2|Kingambit, L50, M|\n|poke|p2|Rhyperior, L50, M|\n|poke|p2|Primarina, L50, F|\n|teampreview|4\n|inactive|Battle timer is ON: inactive players will automatically lose when time's up. (requested by busterbunner)\n|c|\u2606MvillMpersonality|glhf\n|c|\u2606busterbunner|Same to u\n|inactive|MvillMpersonality has 60 seconds left.\n|\n|t:|1776570808\n|teamsize|p1|4\n|teamsize|p2|4\n|start\n|switch|p1a: Pelipper|Pelipper, L50, M|100/100\n|switch|p1b: Sinistcha|Sinistcha, L50|100/100\n|switch|p2a: Scovillain|Scovillain, L50, F|100/100\n|switch|p2b: Rhyperior|Rhyperior, L50, M|100/100\n|-weather|RainDance|[from] ability: Drizzle|[of] p1a: Pelipper\n|turn|1\n|\n|t:|1776570823\n|detailschange|p2a: Scovillain|Scovillain-Mega, L50, F\n|-mega|p2a: Scovillain|Scovillain|Scovillainite\n|move|p2b: Rhyperior|Protect|p2b: Rhyperior\n|-singleturn|p2b: Rhyperior|Protect\n|move|p1a: Pelipper|Muddy Water|p2a: Scovillain|[spread] p2a\n|-activate|p2b: Rhyperior|move: Protect\n|-damage|p2a: Scovillain|67/100\n|-status|p1a: Pelipper|brn|[from] ability: Spicy Spray|[of] p2a: Scovillain\n|move|p1b: Sinistcha|Matcha Gotcha|p2b: Rhyperior|[spread] p2a\n|-activate|p2b: Rhyperior|move: Protect\n|-resisted|p2a: Scovillain|2\n|-damage|p2a: Scovillain|62/100\n|-status|p1b: Sinistcha|brn|[from] ability: Spicy Spray|[of] p2a: Scovillain\n|move|p2a: Scovillain|Leaf Storm|p1a: Pelipper\n|-damage|p1a: Pelipper|26/100 brn\n|-unboost|p2a: Scovillain|spa|2\n|\n|-weather|RainDance|[upkeep]\n|-damage|p1a: Pelipper|20/100 brn|[from] brn\n|-damage|p1b: Sinistcha|94/100 brn|[from] brn\n|upkeep\n|turn|2\n|inactive|MvillMpersonality has 30 seconds left.\n|inactive|MvillMpersonality has 20 seconds left.\n|inactive|MvillMpersonality has 15 seconds left.\n|\n|t:|1776570866\n|switch|p2a: Kingambit|Kingambit, L50, M|100/100\n|switch|p2b: Gallade|Gallade, L50, M|100/100\n|move|p1a: Pelipper|Muddy Water|p2b: Gallade|[spread] p2a\n|-miss|p1a: Pelipper|p2b: Gallade\n|-damage|p2a: Kingambit|55/100\n|-unboost|p2a: Kingambit|accuracy|1\n|-ability|p2a: Kingambit|Defiant|boost\n|-boost|p2a: Kingambit|atk|2\n|move|p1b: Sinistcha|Matcha Gotcha|p2b: Gallade|[spread] p2b\n|-miss|p1b: Sinistcha|p2a: Kingambit\n|-damage|p2b: Gallade|83/100\n|-heal|p1b: Sinistcha|100/100 brn|[from] drain|[of] p2b: Gallade\n|\n|-weather|RainDance|[upkeep]\n|-damage|p1a: Pelipper|14/100 brn|[from] brn\n|-damage|p1b: Sinistcha|94/100 brn|[from] brn\n|upkeep\n|turn|3\n|inactive|busterbunner has 30 seconds left.\n|inactive|MvillMpersonality has 30 seconds left.\n|\n|t:|1776570895\n|move|p1a: Pelipper|Muddy Water|p2b: Gallade|[spread] p2a,p2b\n|-damage|p2a: Kingambit|11/100\n|-damage|p2b: Gallade|50/100\n|-unboost|p2a: Kingambit|accuracy|1\n|-ability|p2a: Kingambit|Defiant|boost\n|-boost|p2a: Kingambit|atk|2\n|move|p1b: Sinistcha|Shadow Ball|p2b: Gallade\n|-supereffective|p2b: Gallade|1\n|-damage|p2b: Gallade|1/100\n|move|p2a: Kingambit|Kowtow Cleave|p1a: Pelipper\n|-damage|p1a: Pelipper|0 fnt\n|faint|p1a: Pelipper\n|move|p2b: Gallade|Trick Room|p2b: Gallade\n|-fieldstart|move: Trick Room|[of] p2b: Gallade\n|\n|-weather|RainDance|[upkeep]\n|-damage|p1b: Sinistcha|88/100 brn|[from] brn\n|upkeep\n|\n|t:|1776570910\n|switch|p1a: Mimikyu|Mimikyu, L50, M|100/100\n|turn|4\n|c|\u2606MvillMpersonality|Craziest turn of a while\n|\n|t:|1776570931\n|switch|p2b: Scovillain|Scovillain-Mega, L50, F|62/100\n|move|p2a: Kingambit|Sucker Punch|p1b: Sinistcha|[miss]\n|-miss|p2a: Kingambit|p1b: Sinistcha\n|move|p1a: Mimikyu|Shadow Sneak|p2a: Kingambit\n|-resisted|p2a: Kingambit|1\n|-damage|p2a: Kingambit|4/100\n|move|p1b: Sinistcha|Matcha Gotcha|p2b: Scovillain|[spread] p2a,p2b\n|-resisted|p2a: Kingambit|1\n|-resisted|p2b: Scovillain|2\n|-damage|p2a: Kingambit|0 fnt\n|-heal|p1b: Sinistcha|90/100 brn|[from] drain|[of] p2a: Kingambit\n|-damage|p2b: Scovillain|57/100\n|-heal|p1b: Sinistcha|92/100 brn|[from] drain|[of] p2b: Scovillain\n|faint|p2a: Kingambit\n|\n|-weather|RainDance|[upkeep]\n|-damage|p1b: Sinistcha|86/100 brn|[from] brn\n|upkeep\n|c|\u2606busterbunner|Ngl it's true\n|c|\u2606MvillMpersonality|fr\n|c|\u2606MvillMpersonality|it got crazier\n|inactive|MvillMpersonality has 30 seconds left.\n|\n|t:|1776570957\n|switch|p2a: Gallade|Gallade, L50, M|1/100\n|turn|5\n|c|\u2606busterbunner|Oh crap, I know what happens now\n|c|\u2606MvillMpersonality|Wish I did\n|inactive|MvillMpersonality has 30 seconds left.\n|c|\u2606MvillMpersonality|Other than rage powder, that I do know\n|inactive|MvillMpersonality has 20 seconds left.\n|inactive|MvillMpersonality has 15 seconds left.\n|\n|t:|1776570998\n|move|p2b: Scovillain|Rage Powder|p2b: Scovillain\n|-singleturn|p2b: Scovillain|move: Rage Powder\n|move|p1a: Mimikyu|Shadow Sneak|p2b: Scovillain\n|-damage|p2b: Scovillain|43/100\n|-status|p1a: Mimikyu|brn|[from] ability: Spicy Spray|[of] p2b: Scovillain\n|move|p2a: Gallade|Psycho Cut|p1b: Sinistcha\n|-damage|p1b: Sinistcha|34/100 brn\n|move|p1b: Sinistcha|Trick Room|p1b: Sinistcha\n|-fieldend|move: Trick Room\n|\n|-weather|none\n|-damage|p1a: Mimikyu|94/100 brn|[from] brn\n|-damage|p1b: Sinistcha|27/100 brn|[from] brn\n|upkeep\n|turn|6\n|inactive|MvillMpersonality has 30 seconds left.\n|inactive|MvillMpersonality has 20 seconds left.\n|\n|t:|1776571035\n|move|p2a: Gallade|Protect|p2a: Gallade\n|-singleturn|p2a: Gallade|Protect\n|move|p1a: Mimikyu|Shadow Sneak|p2a: Gallade\n|-activate|p2a: Gallade|move: Protect\n|move|p1b: Sinistcha|Shadow Ball|p2b: Scovillain\n|-damage|p2b: Scovillain|12/100\n|move|p2b: Scovillain|Overheat|p1b: Sinistcha\n|-supereffective|p1b: Sinistcha|1\n|-enditem|p1b: Sinistcha|Occa Berry|[eat]\n|-enditem|p1b: Sinistcha|Occa Berry|[weaken]\n|-damage|p1b: Sinistcha|0 fnt\n|-unboost|p2b: Scovillain|spa|2\n|faint|p1b: Sinistcha\n|\n|-damage|p1a: Mimikyu|88/100 brn|[from] brn\n|upkeep\n|\n|t:|1776571040\n|switch|p1b: Kangaskhan|Kangaskhan, L50, F|100/100\n|turn|7\n|\n|t:|1776571052\n|switch|p2a: Rhyperior|Rhyperior, L50, M|100/100\n|detailschange|p1b: Kangaskhan|Kangaskhan-Mega, L50, F\n|-mega|p1b: Kangaskhan|Kangaskhan|Kangaskhanite\n|move|p1b: Kangaskhan|Fake Out|p2a: Rhyperior\n|-resisted|p2a: Rhyperior|1\n|-damage|p2a: Rhyperior|94/100\n|-resisted|p2a: Rhyperior|1\n|-damage|p2a: Rhyperior|93/100\n|-hitcount|p2a: Rhyperior|2\n|move|p2b: Scovillain|Rage Powder|p2b: Scovillain\n|-singleturn|p2b: Scovillain|move: Rage Powder\n|move|p1a: Mimikyu|Shadow Sneak|p2b: Scovillain\n|-damage|p2b: Scovillain|5/100\n|\n|-damage|p1a: Mimikyu|82/100 brn|[from] brn\n|upkeep\n|turn|8\n|inactive|MvillMpersonality has 30 seconds left.\n|c|\u2606busterbunner|Well, this isn't good for me\n|inactive|MvillMpersonality has 20 seconds left.\n|inactive|MvillMpersonality has 15 seconds left.\n|\n|t:|1776571094\n|move|p2b: Scovillain|Rage Powder|p2b: Scovillain\n|-singleturn|p2b: Scovillain|move: Rage Powder\n|move|p1a: Mimikyu|Shadow Sneak|p2b: Scovillain\n|-damage|p2b: Scovillain|0 fnt\n|faint|p2b: Scovillain\n|move|p1b: Kangaskhan|Double-Edge|p2a: Rhyperior\n|-resisted|p2a: Rhyperior|1\n|-damage|p2a: Rhyperior|73/100\n|-resisted|p2a: Rhyperior|1\n|-damage|p2a: Rhyperior|67/100\n|-hitcount|p2a: Rhyperior|2\n|-damage|p1b: Kangaskhan|92/100|[from] Recoil\n|move|p2a: Rhyperior|High Horsepower|p1b: Kangaskhan\n|-damage|p1b: Kangaskhan|43/100\n|\n|-damage|p1a: Mimikyu|76/100 brn|[from] brn\n|upkeep\n|c|\u2606busterbunner|I don't have single move to stop that rhyperior\n|c|\u2606MvillMpersonality|Tough position\n|c|\u2606busterbunner|Yep\n|\n|t:|1776571107\n|switch|p2b: Gallade|Gallade, L50, M|1/100\n|turn|9\n|\n|t:|1776571121\n|move|p1a: Mimikyu|Shadow Sneak|p2b: Gallade\n|-supereffective|p2b: Gallade|1\n|-damage|p2b: Gallade|0 fnt\n|faint|p2b: Gallade\n|move|p1b: Kangaskhan|Double-Edge|p2a: Rhyperior\n|-resisted|p2a: Rhyperior|1\n|-damage|p2a: Rhyperior|46/100\n|-resisted|p2a: Rhyperior|1\n|-damage|p2a: Rhyperior|40/100\n|-hitcount|p2a: Rhyperior|2\n|-damage|p1b: Kangaskhan|34/100|[from] Recoil\n|move|p2a: Rhyperior|Rock Slide|p1a: Mimikyu|[spread] p1a,p1b\n|-activate|p1a: Mimikyu|ability: Disguise\n|-damage|p1a: Mimikyu|76/100 brn\n|-damage|p1b: Kangaskhan|0 fnt\n|detailschange|p1a: Mimikyu|Mimikyu-Busted, L50, M\n|-damage|p1a: Mimikyu|63/100 brn|[from] pokemon: Mimikyu-Busted\n|faint|p1b: Kangaskhan\n|\n|-damage|p1a: Mimikyu|57/100 brn|[from] brn\n|upkeep\n|turn|10\n|c|\u2606busterbunner|Well, Ig I lose this\n|\n|t:|1776571144\n|move|p1a: Mimikyu|Play Rough|p2a: Rhyperior\n|-damage|p2a: Rhyperior|29/100\n|move|p2a: Rhyperior|High Horsepower|p1a: Mimikyu|[miss]\n|-miss|p2a: Rhyperior|p1a: Mimikyu\n|\n|-damage|p1a: Mimikyu|51/100 brn|[from] brn\n|upkeep\n|turn|11\n|c|\u2606MvillMpersonality|Great game\n|c|\u2606busterbunner|Gg\n|\n|t:|1776571156\n|move|p1a: Mimikyu|Play Rough|p2a: Rhyperior\n|-damage|p2a: Rhyperior|16/100\n|move|p2a: Rhyperior|High Horsepower|p1a: Mimikyu\n|-damage|p1a: Mimikyu|0 fnt\n|faint|p1a: Mimikyu\n|\n|win|MvillMpersonality\n|raw|busterbunner's rating: 1216 &rarr; <strong>1184</strong><br />(-32 for losing)\n|raw|MvillMpersonality's rating: 1118 &rarr; <strong>1150</strong><br />(+32 for winning)\n|l|\u2606busterbunner\n|player|p1|\n",
  "uploadtime": 1776571184,
  "views": 9,
  "formatid": "gen9championsvgc2026regma",
  "rating": 1150,
  "private": 0,
  "password": null
}