{
  "id": "gen9championsvgc2026regma-2583842057",
  "format": "[Gen 9 Champions] VGC 2026 Reg M-A",
  "players": [
    "lukelby",
    "PaPiJeRo23"
  ],
  "log": "|j|\u2606lukelby\n|j|\u2606PaPiJeRo23\n|t:|1776201945\n|gametype|doubles\n|player|p1|lukelby|hiker-gen4|1202\n|player|p2|PaPiJeRo23|266|1199\n|gen|9\n|tier|[Gen 9 Champions] VGC 2026 Reg M-A\n|rated|\n|rule|Species Clause: Limit one of each Pok\u00e9mon\n|rule|Item Clause: Limit 1 of each item\n|clearpoke\n|poke|p1|Ninetales-Alola, L50, F|\n|poke|p1|Sinistcha, L50|\n|poke|p1|Crabominable, L50, F|\n|poke|p1|Incineroar, L50, F|\n|poke|p1|Farigiraf, L50, F|\n|poke|p1|Glimmora, L50, M|\n|poke|p2|Charizard, L50, F|\n|poke|p2|Sneasler, L50, F|\n|poke|p2|Incineroar, L50, M|\n|poke|p2|Milotic, L50, F|\n|poke|p2|Sinistcha, L50|\n|poke|p2|Hydreigon, L50, M|\n|teampreview|4\n|\n|t:|1776201978\n|teamsize|p1|4\n|teamsize|p2|4\n|start\n|switch|p1a: Farigiraf|Farigiraf, L50, F|100/100\n|switch|p1b: Glimmora|Glimmora, L50, M|100/100\n|switch|p2a: Charizard|Charizard, L50, F|100/100\n|switch|p2b: Incineroar|Incineroar, L50, M|100/100\n|-ability|p2b: Incineroar|Intimidate|boost\n|-unboost|p1a: Farigiraf|atk|1\n|-unboost|p1b: Glimmora|atk|1\n|turn|1\n|\n|t:|1776202000\n|detailschange|p2a: Charizard|Charizard-Mega-X, L50, F\n|-mega|p2a: Charizard|Charizard|Charizardite X\n|move|p2b: Incineroar|Fake Out||[still]\n|cant|p1a: Farigiraf|ability: Armor Tail|Fake Out|[of] p2b: Incineroar\n|move|p2a: Charizard|Dragon Dance|p2a: Charizard\n|-boost|p2a: Charizard|atk|1\n|-boost|p2a: Charizard|spe|1\n|move|p1b: Glimmora|Stealth Rock|p2b: Incineroar\n|-sidestart|p2: PaPiJeRo23|move: Stealth Rock\n|move|p1a: Farigiraf|Trick Room|p1a: Farigiraf\n|-fieldstart|move: Trick Room|[of] p1a: Farigiraf\n|\n|upkeep\n|turn|2\n|\n|t:|1776202017\n|detailschange|p1b: Glimmora|Glimmora-Mega, L50, M\n|-mega|p1b: Glimmora|Glimmora|Glimmoranite\n|move|p2a: Charizard|Protect|p2a: Charizard\n|-singleturn|p2a: Charizard|Protect\n|move|p1a: Farigiraf|Dazzling Gleam|p2b: Incineroar|[spread] p2b\n|-activate|p2a: Charizard|move: Protect\n|-damage|p2b: Incineroar|86/100\n|move|p2b: Incineroar|Throat Chop|p1a: Farigiraf\n|-supereffective|p1a: Farigiraf|1\n|-damage|p1a: Farigiraf|10/100\n|-start|p1a: Farigiraf|Throat Chop|[silent]\n|-enditem|p1a: Farigiraf|Sitrus Berry|[eat]\n|-heal|p1a: Farigiraf|34/100|[from] item: Sitrus Berry\n|move|p1b: Glimmora|Power Gem|p2a: Charizard\n|-activate|p2a: Charizard|move: Protect\n|\n|upkeep\n|turn|3\n|\n|t:|1776202044\n|switch|p1a: mimmer|Incineroar, L50, F|100/100\n|-ability|p1a: mimmer|Intimidate|boost\n|-unboost|p2a: Charizard|atk|1\n|-unboost|p2b: Incineroar|atk|1\n|switch|p2a: Sinistcha|Sinistcha, L50|100/100\n|-damage|p2a: Sinistcha|88/100|[from] Stealth Rock\n|-heal|p2b: Incineroar|100/100|[from] ability: Hospitality|[of] p2a: Sinistcha\n|move|p2b: Incineroar|Parting Shot|p1b: Glimmora\n|-unboost|p1b: Glimmora|atk|1\n|-unboost|p1b: Glimmora|spa|1\n|\n|t:|1776202059\n|switch|p2b: Charizard|Charizard-Mega-X, L50, F|100/100|[from] Parting Shot\n|-damage|p2b: Charizard|76/100|[from] Stealth Rock\n|move|p1b: Glimmora|Power Gem|p2a: Sinistcha\n|-damage|p2a: Sinistcha|52/100\n|\n|upkeep\n|turn|4\n|\n|t:|1776202076\n|move|p2b: Charizard|Protect|p2b: Charizard\n|-singleturn|p2b: Charizard|Protect\n|move|p1a: mimmer|Fake Out|p2b: Charizard\n|-activate|p2b: Charizard|move: Protect\n|move|p2a: Sinistcha|Life Dew|p2a: Sinistcha|[spread] p2a,p2b\n|-heal|p2a: Sinistcha|77/100\n|-heal|p2b: Charizard|100/100\n|move|p1b: Glimmora|Sludge Bomb|p2a: Sinistcha\n|-damage|p2a: Sinistcha|31/100\n|-status|p2a: Sinistcha|psn\n|\n|-damage|p2a: Sinistcha|19/100 psn|[from] psn\n|upkeep\n|turn|5\n|\n|t:|1776202096\n|move|p2a: Sinistcha|Rage Powder|p2a: Sinistcha\n|-singleturn|p2a: Sinistcha|move: Rage Powder\n|move|p1a: mimmer|Darkest Lariat|p2a: Sinistcha\n|-supereffective|p2a: Sinistcha|1\n|-damage|p2a: Sinistcha|0 fnt\n|faint|p2a: Sinistcha\n|move|p1b: Glimmora|Power Gem|p2b: Charizard\n|-supereffective|p2b: Charizard|1\n|-damage|p2b: Charizard|0 fnt\n|faint|p2b: Charizard\n|\n|-fieldend|move: Trick Room\n|upkeep\n|\n|t:|1776202106\n|switch|p2b: Incineroar|Incineroar, L50, M|100/100\n|switch|p2a: Sneasler|Sneasler, L50, F|100/100\n|-damage|p2a: Sneasler|95/100|[from] Stealth Rock\n|-damage|p2b: Incineroar|75/100|[from] Stealth Rock\n|-ability|p2b: Incineroar|Intimidate|boost\n|-unboost|p1a: mimmer|atk|1\n|-unboost|p1b: Glimmora|atk|1\n|turn|6\n|\n|t:|1776202126\n|switch|p1a: Farigiraf|Farigiraf, L50, F|34/100\n|move|p1b: Glimmora|Spiky Shield|p1b: Glimmora\n|-singleturn|p1b: Glimmora|move: Protect\n|move|p2b: Incineroar|Fake Out||[still]\n|cant|p1a: Farigiraf|ability: Armor Tail|Fake Out|[of] p2b: Incineroar\n|move|p2a: Sneasler|Close Combat|p1b: Glimmora\n|-activate|p1b: Glimmora|move: Protect\n|-damage|p2a: Sneasler|83/100|[from] Spiky Shield|[of] p1b: Glimmora\n|\n|upkeep\n|turn|7\n|\n|t:|1776202150\n|switch|p1b: blobl|Sinistcha, L50|100/100\n|-heal|p1a: Farigiraf|59/100|[from] ability: Hospitality|[of] p1b: blobl\n|switch|p1a: mimmer|Incineroar, L50, F|100/100\n|-ability|p1a: mimmer|Intimidate|boost\n|-unboost|p2a: Sneasler|atk|1\n|-unboost|p2b: Incineroar|atk|1\n|-enditem|p2a: Sneasler|White Herb\n|-clearnegativeboost|p2a: Sneasler|[silent]\n|move|p2a: Sneasler|Close Combat|p1b: blobl\n|-immune|p1b: blobl\n|move|p2b: Incineroar|Throat Chop|p1a: mimmer\n|-resisted|p1a: mimmer|1\n|-damage|p1a: mimmer|86/100\n|-start|p1a: mimmer|Throat Chop|[silent]\n|\n|upkeep\n|turn|8\n|\n|t:|1776202169\n|move|p1a: mimmer|Fake Out|p2b: Incineroar\n|-damage|p2b: Incineroar|63/100\n|move|p2a: Sneasler|Close Combat|p1a: mimmer\n|-supereffective|p1a: mimmer|1\n|-enditem|p1a: mimmer|Chople Berry|[eat]\n|-enditem|p1a: mimmer|Chople Berry|[weaken]\n|-damage|p1a: mimmer|17/100\n|-unboost|p2a: Sneasler|def|1\n|-unboost|p2a: Sneasler|spd|1\n|cant|p2b: Incineroar|flinch\n|move|p1b: blobl|Trick Room|p1b: blobl\n|-fieldstart|move: Trick Room|[of] p1b: blobl\n|\n|-end|p1a: mimmer|Throat Chop|[silent]\n|upkeep\n|turn|9\n|\n|t:|1776202189\n|move|p1b: blobl|Life Dew||[still]|[spread] p1a,p1b\n|-heal|p1a: mimmer|43/100\n|-fail|p1b: blobl|heal\n|move|p1a: mimmer|Parting Shot|p2a: Sneasler\n|-unboost|p2a: Sneasler|atk|1\n|-unboost|p2a: Sneasler|spa|1\n|\n|t:|1776202196\n|switch|p1a: Glimmora|Glimmora-Mega, L50, M|100/100|[from] Parting Shot\n|move|p2b: Incineroar|Throat Chop|p1b: blobl\n|-supereffective|p1b: blobl|1\n|-damage|p1b: blobl|60/100\n|-start|p1b: blobl|Throat Chop|[silent]\n|move|p2a: Sneasler|Close Combat|p1a: Glimmora\n|-damage|p1a: Glimmora|61/100\n|-unboost|p2a: Sneasler|def|1\n|-unboost|p2a: Sneasler|spd|1\n|\n|-heal|p1b: blobl|66/100|[from] item: Leftovers\n|upkeep\n|turn|10\n|\n|t:|1776202210\n|move|p1b: blobl|Matcha Gotcha|p2a: Sneasler|[spread] p2a,p2b\n|-resisted|p2a: Sneasler|1\n|-resisted|p2b: Incineroar|1\n|-damage|p2a: Sneasler|48/100\n|-heal|p1b: blobl|81/100|[from] drain|[of] p2a: Sneasler\n|-damage|p2b: Incineroar|52/100\n|-heal|p1b: blobl|88/100|[from] drain|[of] p2b: Incineroar\n|move|p2b: Incineroar|Throat Chop|p1a: Glimmora\n|-damage|p1a: Glimmora|39/100\n|-start|p1a: Glimmora|Throat Chop|[silent]\n|move|p1a: Glimmora|Power Gem|p2b: Incineroar\n|-supereffective|p2b: Incineroar|1\n|-damage|p2b: Incineroar|0 fnt\n|faint|p2b: Incineroar\n|move|p2a: Sneasler|Close Combat|p1a: Glimmora\n|-damage|p1a: Glimmora|6/100\n|-unboost|p2a: Sneasler|def|1\n|-unboost|p2a: Sneasler|spd|1\n|\n|-heal|p1b: blobl|94/100|[from] item: Leftovers\n|-end|p1b: blobl|Throat Chop|[silent]\n|upkeep\n|turn|11\n|\n|t:|1776202234\n|move|p1b: blobl|Matcha Gotcha|p2a: Sneasler\n|-resisted|p2a: Sneasler|1\n|-damage|p2a: Sneasler|0 fnt\n|-heal|p1b: blobl|100/100|[from] drain|[of] p2a: Sneasler\n|faint|p2a: Sneasler\n|\n|win|lukelby\n|raw|lukelby's rating: 1202 &rarr; <strong>1227</strong><br />(+25 for winning)\n|raw|PaPiJeRo23's rating: 1199 &rarr; <strong>1174</strong><br />(-25 for losing)\n|l|\u2606PaPiJeRo23\n|player|p2|\n",
  "uploadtime": 1776202244,
  "views": 19,
  "formatid": "gen9championsvgc2026regma",
  "rating": 1174,
  "private": 0,
  "password": null
}