{
  "id": "gen9championsvgc2026regma-2584757264",
  "format": "[Gen 9 Champions] VGC 2026 Reg M-A",
  "players": [
    "Artorius365",
    "ellocopadrino7"
  ],
  "log": "|j|\u2606Artorius365\n|j|\u2606ellocopadrino7\n|t:|1776281509\n|gametype|doubles\n|player|p1|Artorius365|paxton|\n|player|p2|ellocopadrino7|102|\n|gen|9\n|tier|[Gen 9 Champions] VGC 2026 Reg M-A\n|rule|Species Clause: Limit one of each Pok\u00e9mon\n|rule|Item Clause: Limit 1 of each item\n|clearpoke\n|poke|p1|Clefable, L50, F|\n|poke|p1|Tyranitar, L50, F|\n|poke|p1|Pelipper, L50, M|\n|poke|p1|Manectric, L50, F|\n|poke|p1|Incineroar, L50, F|\n|poke|p1|Sneasler, L50, F|\n|poke|p2|Kangaskhan, L50, F|\n|poke|p2|Torkoal, L50, F|\n|poke|p2|Dragapult, L50, F|\n|poke|p2|Farigiraf, L50, F|\n|poke|p2|Aerodactyl, L50, M|\n|poke|p2|Sneasler, L50, F|\n|teampreview|4\n|\n|t:|1776281532\n|teamsize|p1|4\n|teamsize|p2|4\n|start\n|switch|p1a: Incineroar|Incineroar, L50, F|100/100\n|switch|p1b: Sneasler|Sneasler, L50, F|100/100\n|switch|p2a: Torkoal|Torkoal, L50, F|100/100\n|switch|p2b: Aerodactyl|Aerodactyl, L50, M|100/100\n|-ability|p2b: Aerodactyl|Unnerve\n|-ability|p1a: Incineroar|Intimidate|boost\n|-unboost|p2a: Torkoal|atk|1\n|-unboost|p2b: Aerodactyl|atk|1\n|-weather|SunnyDay|[from] ability: Drought|[of] p2a: Torkoal\n|turn|1\n|\n|t:|1776281562\n|move|p1b: Sneasler|Fake Out|p2b: Aerodactyl\n|-resisted|p2b: Aerodactyl|1\n|-crit|p2b: Aerodactyl\n|-damage|p2b: Aerodactyl|83/100\n|-status|p2b: Aerodactyl|psn|[from] ability: Poison Touch|[of] p1b: Sneasler\n|cant|p2b: Aerodactyl|flinch\n|move|p1a: Incineroar|Taunt|p2a: Torkoal\n|-start|p2a: Torkoal|move: Taunt\n|move|p2a: Torkoal|Earth Power|p1b: Sneasler\n|-supereffective|p1b: Sneasler|1\n|-crit|p1b: Sneasler\n|-damage|p1b: Sneasler|0 fnt\n|faint|p1b: Sneasler\n|\n|-weather|SunnyDay|[upkeep]\n|-damage|p2b: Aerodactyl|71/100 psn|[from] psn\n|upkeep\n|c|\u2606ellocopadrino7|yes isne 4 pokemon kyun chose karaye\n|c|\u2606Artorius365|wo choro mer shuca berry activate nahi hoi bc\n|c|\u2606Artorius365|jo ground super effective ko half karta hai\n|c|\u2606ellocopadrino7|:)\n|c|\u2606Artorius365|abayyy\n|c|\u2606Artorius365|aerodactyl ki abbility hai\n|c|\u2606Artorius365|unnerve\n|c|\u2606ellocopadrino7|:)\n|c|\u2606Artorius365|field mein koi berry nahi chala sakta\n|\n|t:|1776281656\n|switch|p1b: Clefable|Clefable, L50, F|100/100\n|turn|2\n|c|\u2606ellocopadrino7|han :D\n|\n|t:|1776281683\n|move|p2b: Aerodactyl|Rock Slide|p1a: Incineroar|[spread] p1a,p1b\n|-supereffective|p1a: Incineroar|1\n|-damage|p1a: Incineroar|70/100\n|-damage|p1b: Clefable|81/100\n|move|p1a: Incineroar|Parting Shot|p2b: Aerodactyl\n|-unboost|p2b: Aerodactyl|atk|1\n|-unboost|p2b: Aerodactyl|spa|1\n|\n|t:|1776281720\n|switch|p1a: Tyranitar|Tyranitar, L50, F|100/100|[from] Parting Shot\n|-weather|Sandstorm|[from] ability: Sand Stream|[of] p1a: Tyranitar\n|move|p1b: Clefable|Encore|p2a: Torkoal\n|-start|p2a: Torkoal|Encore\n|move|p2a: Torkoal|Earth Power|p1a: Tyranitar\n|-supereffective|p1a: Tyranitar|1\n|-damage|p1a: Tyranitar|65/100\n|\n|-weather|Sandstorm|[upkeep]\n|-damage|p1b: Clefable|75/100|[from] Sandstorm\n|-damage|p2a: Torkoal|94/100|[from] Sandstorm\n|-heal|p1b: Clefable|81/100|[from] item: Leftovers\n|-damage|p2b: Aerodactyl|59/100 psn|[from] psn\n|upkeep\n|turn|3\n|\n|t:|1776281743\n|switch|p2a: Kangaskhan|Kangaskhan, L50, F|100/100\n|detailschange|p1a: Tyranitar|Tyranitar-Mega, L50, F\n|-mega|p1a: Tyranitar|Tyranitar|Tyranitarite\n|move|p1b: Clefable|Follow Me|p1b: Clefable\n|-singleturn|p1b: Clefable|move: Follow Me\n|move|p2b: Aerodactyl|Tailwind|p2b: Aerodactyl\n|-sidestart|p2: ellocopadrino7|move: Tailwind\n|move|p1a: Tyranitar|Dragon Dance|p1a: Tyranitar\n|-boost|p1a: Tyranitar|atk|1\n|-boost|p1a: Tyranitar|spe|1\n|\n|-weather|Sandstorm|[upkeep]\n|-damage|p2a: Kangaskhan|94/100|[from] Sandstorm\n|-damage|p1b: Clefable|75/100|[from] Sandstorm\n|-heal|p1b: Clefable|81/100|[from] item: Leftovers\n|-damage|p2b: Aerodactyl|47/100 psn|[from] psn\n|upkeep\n|turn|4\n|\n|t:|1776281770\n|switch|p2b: Torkoal|Torkoal, L50, F|94/100\n|-weather|SunnyDay|[from] ability: Drought|[of] p2b: Torkoal\n|detailschange|p2a: Kangaskhan|Kangaskhan-Mega, L50, F\n|-mega|p2a: Kangaskhan|Kangaskhan|Kangaskhanite\n|move|p1a: Tyranitar|Protect|p1a: Tyranitar\n|-singleturn|p1a: Tyranitar|Protect\n|move|p2a: Kangaskhan|Drain Punch|p1a: Tyranitar\n|-activate|p1a: Tyranitar|move: Protect\n|move|p1b: Clefable|Thunder Wave|p2a: Kangaskhan\n|-status|p2a: Kangaskhan|par\n|\n|-weather|SunnyDay|[upkeep]\n|-heal|p1b: Clefable|87/100|[from] item: Leftovers\n|upkeep\n|turn|5\n|\n|t:|1776281812\n|move|p1b: Clefable|Follow Me|p1b: Clefable\n|-singleturn|p1b: Clefable|move: Follow Me\n|move|p1a: Tyranitar|Rock Slide|p2b: Torkoal|[spread] p2a,p2b\n|-supereffective|p2b: Torkoal|1\n|-damage|p2a: Kangaskhan|50/100 par\n|-damage|p2b: Torkoal|20/100\n|cant|p2a: Kangaskhan|flinch\n|move|p2b: Torkoal|Weather Ball|p1b: Clefable\n|-damage|p1b: Clefable|11/100\n|\n|-weather|SunnyDay|[upkeep]\n|-heal|p1b: Clefable|17/100|[from] item: Leftovers\n|upkeep\n|turn|6\n|\n|t:|1776281871\n|move|p1a: Tyranitar|Protect|p1a: Tyranitar\n|-singleturn|p1a: Tyranitar|Protect\n|move|p2b: Torkoal|Protect|p2b: Torkoal\n|-singleturn|p2b: Torkoal|Protect\n|move|p2a: Kangaskhan|Drain Punch|p1a: Tyranitar\n|-activate|p1a: Tyranitar|move: Protect\n|move|p1b: Clefable|Dazzling Gleam|p2b: Torkoal|[spread] p2a\n|-activate|p2b: Torkoal|move: Protect\n|-damage|p2a: Kangaskhan|35/100 par\n|\n|-weather|SunnyDay|[upkeep]\n|-heal|p1b: Clefable|23/100|[from] item: Leftovers\n|-sideend|p2: ellocopadrino7|move: Tailwind\n|upkeep\n|turn|7\n|\n|t:|1776281890\n|move|p1a: Tyranitar|Rock Slide|p2a: Kangaskhan|[spread] p2a,p2b\n|-supereffective|p2b: Torkoal|1\n|-damage|p2a: Kangaskhan|0 fnt\n|-damage|p2b: Torkoal|0 fnt\n|faint|p2a: Kangaskhan\n|faint|p2b: Torkoal\n|move|p1b: Clefable|Dazzling Gleam|p2: Kangaskhan|[notarget]\n|-fail|p1b: Clefable\n|\n|-weather|SunnyDay|[upkeep]\n|-heal|p1b: Clefable|29/100|[from] item: Leftovers\n|upkeep\n|\n|t:|1776281896\n|switch|p2a: Aerodactyl|Aerodactyl, L50, M|47/100 psn\n|switch|p2b: Dragapult|Dragapult, L50, F|100/100\n|-ability|p2a: Aerodactyl|Unnerve\n|turn|8\n|\n|t:|1776281919\n|move|p1b: Clefable|Follow Me|p1b: Clefable\n|-singleturn|p1b: Clefable|move: Follow Me\n|move|p1a: Tyranitar|Rock Slide|p2a: Aerodactyl|[spread] p2a,p2b\n|-supereffective|p2a: Aerodactyl|1\n|-damage|p2a: Aerodactyl|0 fnt\n|-damage|p2b: Dragapult|37/100\n|faint|p2a: Aerodactyl\n|cant|p2b: Dragapult|flinch\n|\n|-weather|none\n|-heal|p1b: Clefable|35/100|[from] item: Leftovers\n|upkeep\n|turn|9\n|c|\u2606ellocopadrino7|mujhe tou bhai samajh he nai lagi yeh baad mein he khelte\n|\n|t:|1776281952\n|move|p1b: Clefable|Follow Me|p1b: Clefable\n|-singleturn|p1b: Clefable|move: Follow Me\n|move|p2b: Dragapult|Phantom Force||[still]\n|-prepare|p2b: Dragapult|Phantom Force\n|move|p1a: Tyranitar|Rock Slide|p2b: Dragapult|[miss]\n|-miss|p1a: Tyranitar|p2b: Dragapult\n|\n|-heal|p1b: Clefable|41/100|[from] item: Leftovers\n|upkeep\n|turn|10\n|\n|t:|1776281961\n|move|p1b: Clefable|Follow Me|p1b: Clefable\n|-singleturn|p1b: Clefable|move: Follow Me\n|move|p1a: Tyranitar|Rock Slide|p2b: Dragapult|[miss]\n|-miss|p1a: Tyranitar|p2b: Dragapult\n|move|p2b: Dragapult|Phantom Force|p1b: Clefable|[from] lockedmove\n|-damage|p1b: Clefable|6/100\n|\n|-heal|p1b: Clefable|12/100|[from] item: Leftovers\n|upkeep\n|turn|11\n|\n|t:|1776281972\n|move|p1b: Clefable|Follow Me|p1b: Clefable\n|-singleturn|p1b: Clefable|move: Follow Me\n|move|p1a: Tyranitar|Dragon Dance|p1a: Tyranitar\n|-boost|p1a: Tyranitar|atk|1\n|-boost|p1a: Tyranitar|spe|1\n|move|p2b: Dragapult|Phantom Force||[still]\n|-prepare|p2b: Dragapult|Phantom Force\n|\n|-heal|p1b: Clefable|18/100|[from] item: Leftovers\n|upkeep\n|turn|12\n|\n|t:|1776281982\n|move|p1b: Clefable|Follow Me|p1b: Clefable\n|-singleturn|p1b: Clefable|move: Follow Me\n|move|p1a: Tyranitar|Dragon Dance|p1a: Tyranitar\n|-boost|p1a: Tyranitar|atk|1\n|-boost|p1a: Tyranitar|spe|1\n|move|p2b: Dragapult|Phantom Force|p1b: Clefable|[from] lockedmove\n|-damage|p1b: Clefable|0 fnt\n|faint|p1b: Clefable\n|\n|upkeep\n|\n|t:|1776281986\n|switch|p1b: Incineroar|Incineroar, L50, F|70/100\n|-ability|p1b: Incineroar|Intimidate|boost\n|-fail|p2b: Dragapult|unboost|[from] ability: Clear Body|[of] p2b: Dragapult\n|turn|13\n|\n|t:|1776281994\n|move|p1a: Tyranitar|Rock Slide|p2b: Dragapult\n|-damage|p2b: Dragapult|0 fnt\n|faint|p2b: Dragapult\n|\n|win|Artorius365\n",
  "uploadtime": 1776282000,
  "views": 14,
  "formatid": "gen9championsvgc2026regma",
  "rating": null,
  "private": 0,
  "password": null
}