{
  "id": "gen9championsvgc2026regma-2586077031",
  "format": "[Gen 9 Champions] VGC 2026 Reg M-A",
  "players": [
    "XxAtahualpa",
    "orionsayshi"
  ],
  "log": "|j|\u2606XxAtahualpa\n|j|\u2606orionsayshi\n|t:|1776396499\n|gametype|doubles\n|player|p1|XxAtahualpa|hilbert|1164\n|player|p2|orionsayshi|elesa|1154\n|gen|9\n|tier|[Gen 9 Champions] VGC 2026 Reg M-A\n|rated|\n|rule|Species Clause: Limit one of each Pok\u00e9mon\n|rule|Item Clause: Limit 1 of each item\n|clearpoke\n|poke|p1|Samurott-Hisui, L50, F|\n|poke|p1|Scizor, L50, F|\n|poke|p1|Talonflame, L50, M|\n|poke|p1|Rotom-Wash, L50|\n|poke|p1|Milotic, L50, M|\n|poke|p1|Mimikyu, L50, F|\n|poke|p2|Incineroar, L50, M|\n|poke|p2|Gengar, L50, F|\n|poke|p2|Sableye, L50, F|\n|poke|p2|Arcanine-Hisui, L50, M|\n|poke|p2|Bellibolt, L50, F|\n|poke|p2|Sinistcha, L50|\n|teampreview|4\n|\n|t:|1776396529\n|teamsize|p1|4\n|teamsize|p2|4\n|start\n|switch|p1a: Milotic|Milotic, L50, M, shiny|100/100\n|switch|p1b: Rotom|Rotom-Wash, L50|100/100\n|switch|p2a: Bellibolt|Bellibolt, L50, F|100/100\n|switch|p2b: Arcanine|Arcanine-Hisui, L50, M|100/100\n|-ability|p2b: Arcanine|Intimidate|boost\n|-unboost|p1a: Milotic|atk|1\n|-ability|p1a: Milotic|Competitive|boost\n|-boost|p1a: Milotic|spa|2\n|-unboost|p1b: Rotom|atk|1\n|turn|1\n|inactive|Battle timer is ON: inactive players will automatically lose when time's up. (requested by XxAtahualpa)\n|\n|t:|1776396542\n|move|p2b: Arcanine|Head Smash|p1a: Milotic\n|-damage|p1a: Milotic|38/100\n|-damage|p2b: Arcanine|64/100|[from] Recoil\n|move|p1b: Rotom|Will-O-Wisp|p2a: Bellibolt\n|-status|p2a: Bellibolt|brn\n|-enditem|p2a: Bellibolt|Lum Berry|[eat]\n|-curestatus|p2a: Bellibolt|brn|[msg]\n|move|p1a: Milotic|Scald|p2b: Arcanine\n|-supereffective|p2b: Arcanine|2\n|-damage|p2b: Arcanine|0 fnt\n|faint|p2b: Arcanine\n|move|p2a: Bellibolt|Parabolic Charge|p1b: Rotom|[spread] p1a,p1b\n|-supereffective|p1a: Milotic|1\n|-damage|p1a: Milotic|4/100\n|-damage|p1b: Rotom|78/100\n|\n|-heal|p1a: Milotic|10/100|[from] item: Leftovers\n|upkeep\n|\n|t:|1776396556\n|switch|p2b: Sinistcha|Sinistcha, L50|100/100\n|turn|2\n|inactive|XxAtahualpa has 30 seconds left.\n|\n|t:|1776396586\n|move|p2b: Sinistcha|Protect|p2b: Sinistcha\n|-singleturn|p2b: Sinistcha|Protect\n|move|p1b: Rotom|Will-O-Wisp|p2b: Sinistcha\n|-activate|p2b: Sinistcha|move: Protect\n|move|p1a: Milotic|Ice Beam|p2b: Sinistcha\n|-activate|p2b: Sinistcha|move: Protect\n|move|p2a: Bellibolt|Parabolic Charge|p1b: Rotom|[spread] p1a,p1b\n|-activate|p2b: Sinistcha|move: Protect\n|-supereffective|p1a: Milotic|1\n|-crit|p1b: Rotom\n|-damage|p1a: Milotic|0 fnt\n|-damage|p1b: Rotom|44/100\n|-enditem|p1b: Rotom|Sitrus Berry|[eat]\n|-heal|p1b: Rotom|69/100|[from] item: Sitrus Berry\n|faint|p1a: Milotic\n|\n|upkeep\n|\n|t:|1776396592\n|switch|p1a: Samurott|Samurott-Hisui, L50, F|100/100\n|turn|3\n|\n|t:|1776396612\n|move|p1a: Samurott|Ceaseless Edge|p2b: Sinistcha|[miss]\n|-miss|p1a: Samurott|p2b: Sinistcha\n|move|p1b: Rotom|Volt Switch|p2b: Sinistcha\n|-resisted|p2b: Sinistcha|1\n|-damage|p2b: Sinistcha|84/100\n|\n|t:|1776396621\n|switch|p1b: Mimikyu|Mimikyu, L50, F|100/100|[from] Volt Switch\n|move|p2b: Sinistcha|Strength Sap|p1a: Samurott\n|-unboost|p1a: Samurott|atk|1\n|-heal|p2b: Sinistcha|100/100\n|move|p2a: Bellibolt|Parabolic Charge|p1b: Mimikyu|[spread] p2b,p1a,p1b\n|-resisted|p2b: Sinistcha|1\n|-supereffective|p1a: Samurott|1\n|-damage|p2b: Sinistcha|88/100\n|-damage|p1a: Samurott|34/100\n|-activate|p1b: Mimikyu|ability: Disguise\n|-damage|p1b: Mimikyu|100/100\n|detailschange|p1b: Mimikyu|Mimikyu-Busted, L50, F\n|-damage|p1b: Mimikyu|88/100|[from] pokemon: Mimikyu-Busted\n|\n|upkeep\n|turn|4\n|\n|t:|1776396628\n|move|p1a: Samurott|Ceaseless Edge|p2b: Sinistcha\n|-supereffective|p2b: Sinistcha|1\n|-damage|p2b: Sinistcha|36/100\n|-sidestart|p2: orionsayshi|Spikes\n|move|p1b: Mimikyu|Swords Dance|p1b: Mimikyu\n|-boost|p1b: Mimikyu|atk|2\n|move|p2b: Sinistcha|Matcha Gotcha|p1a: Samurott|[spread] p1a,p1b\n|-supereffective|p1a: Samurott|1\n|-damage|p1a: Samurott|0 fnt\n|-heal|p2b: Sinistcha|52/100|[from] drain|[of] p1a: Samurott\n|-damage|p1b: Mimikyu|42/100\n|-heal|p2b: Sinistcha|68/100|[from] drain|[of] p1b: Mimikyu\n|faint|p1a: Samurott\n|move|p2a: Bellibolt|Parabolic Charge|p1b: Mimikyu|[spread] p2b,p1b\n|-resisted|p2b: Sinistcha|1\n|-damage|p2b: Sinistcha|54/100\n|-damage|p1b: Mimikyu|16/100\n|\n|upkeep\n|\n|t:|1776396631\n|switch|p1a: Rotom|Rotom-Wash, L50|69/100\n|turn|5\n|\n|t:|1776396648\n|move|p1a: Rotom|Protect|p1a: Rotom\n|-singleturn|p1a: Rotom|Protect\n|move|p2b: Sinistcha|Rage Powder|p2b: Sinistcha\n|-singleturn|p2b: Sinistcha|move: Rage Powder\n|move|p1b: Mimikyu|Shadow Sneak|p2b: Sinistcha\n|-supereffective|p2b: Sinistcha|1\n|-damage|p2b: Sinistcha|0 fnt\n|faint|p2b: Sinistcha\n|move|p2a: Bellibolt|Parabolic Charge|p1a: Rotom|[spread] p1b\n|-activate|p1a: Rotom|move: Protect\n|-damage|p1b: Mimikyu|0 fnt\n|faint|p1b: Mimikyu\n|\n|upkeep\n|\n|t:|1776396654\n|switch|p2b: Gengar|Gengar, L50, F|100/100\n|-damage|p2b: Gengar|89/100|[from] Spikes\n|turn|6\n|-message|XxAtahualpa forfeited.\n|\n|win|orionsayshi\n|raw|XxAtahualpa's rating: 1164 &rarr; <strong>1138</strong><br />(-26 for losing)\n|raw|orionsayshi's rating: 1154 &rarr; <strong>1180</strong><br />(+26 for winning)\n|l|\u2606XxAtahualpa\n|player|p1|\n",
  "uploadtime": 1776396666,
  "views": 30,
  "formatid": "gen9championsvgc2026regma",
  "rating": 1138,
  "private": 0,
  "password": null
}