{
  "id": "gen9championsvgc2026regma-2583794883",
  "format": "[Gen 9 Champions] VGC 2026 Reg M-A",
  "players": [
    "abidan40",
    "CoolTrainerBu"
  ],
  "log": "|j|\u2606abidan40\n|j|\u2606CoolTrainerBu\n|t:|1776198227\n|gametype|doubles\n|player|p1|abidan40|2|1153\n|player|p2|CoolTrainerBu|2|1253\n|gen|9\n|tier|[Gen 9 Champions] VGC 2026 Reg M-A\n|rated|\n|rule|Species Clause: Limit one of each Pok\u00e9mon\n|rule|Item Clause: Limit 1 of each item\n|clearpoke\n|poke|p1|Aurorus, L50, F|\n|poke|p1|Arcanine, L50, M|\n|poke|p1|Sinistcha, L50|\n|poke|p1|Tyranitar, L50, F|\n|poke|p1|Heracross, L50, F|\n|poke|p1|Chimecho, L50, F|\n|poke|p2|Charizard, L50, M|\n|poke|p2|Whimsicott, L50, M|\n|poke|p2|Garchomp, L50, F|\n|poke|p2|Sneasler, L50, M|\n|poke|p2|Maushold, L50|\n|poke|p2|Incineroar, L50, F|\n|teampreview|4\n|inactive|Battle timer is ON: inactive players will automatically lose when time's up. (requested by abidan40)\n|inactive|abidan40 has 60 seconds left.\n|inactive|CoolTrainerBu has 60 seconds left.\n|\n|t:|1776198282\n|teamsize|p1|4\n|teamsize|p2|4\n|start\n|switch|p1a: Tyranitar|Tyranitar, L50, F|100/100\n|switch|p1b: Arcanine|Arcanine, L50, M|100/100\n|switch|p2a: Charizard|Charizard, L50, M|100/100\n|switch|p2b: Garchomp|Garchomp, L50, F|100/100\n|-ability|p1b: Arcanine|Intimidate|boost\n|-unboost|p2a: Charizard|atk|1\n|-unboost|p2b: Garchomp|atk|1\n|-weather|Sandstorm|[from] ability: Sand Stream|[of] p1a: Tyranitar\n|turn|1\n|inactive|CoolTrainerBu has 30 seconds left.\n|\n|t:|1776198313\n|detailschange|p2a: Charizard|Charizard-Mega-Y, L50, M\n|-mega|p2a: Charizard|Charizard|Charizardite Y\n|-weather|SunnyDay|[from] ability: Drought|[of] p2a: Charizard\n|detailschange|p1a: Tyranitar|Tyranitar-Mega, L50, F\n|-mega|p1a: Tyranitar|Tyranitar|Tyranitarite\n|-weather|Sandstorm|[from] ability: Sand Stream|[of] p1a: Tyranitar\n|move|p2a: Charizard|Protect|p2a: Charizard\n|-singleturn|p2a: Charizard|Protect\n|move|p2b: Garchomp|Earthquake|p1b: Arcanine|[spread] p1a,p1b\n|-activate|p2a: Charizard|move: Protect\n|-supereffective|p1a: Tyranitar|1\n|-supereffective|p1b: Arcanine|1\n|-damage|p1a: Tyranitar|68/100\n|-damage|p1b: Arcanine|39/100\n|move|p1b: Arcanine|Will-O-Wisp|p2b: Garchomp\n|-status|p2b: Garchomp|brn\n|move|p1a: Tyranitar|Dragon Dance|p1a: Tyranitar\n|-boost|p1a: Tyranitar|atk|1\n|-boost|p1a: Tyranitar|spe|1\n|\n|-weather|Sandstorm|[upkeep]\n|-damage|p2a: Charizard|95/100|[from] Sandstorm\n|-damage|p1b: Arcanine|32/100|[from] Sandstorm\n|-heal|p1b: Arcanine|39/100|[from] item: Leftovers\n|-damage|p2b: Garchomp|95/100 brn|[from] brn\n|upkeep\n|turn|2\n|inactive|abidan40 has 30 seconds left.\n|inactive|CoolTrainerBu has 30 seconds left.\n|inactive|abidan40 has 20 seconds left.\n|inactive|CoolTrainerBu has 20 seconds left.\n|inactive|CoolTrainerBu has 15 seconds left.\n|\n|t:|1776198356\n|switch|p2b: Incineroar|Incineroar, L50, F|100/100\n|-ability|p2b: Incineroar|Intimidate|boost\n|-unboost|p1a: Tyranitar|atk|1\n|-unboost|p1b: Arcanine|atk|1\n|switch|p1b: cachetes|Sinistcha, L50|100/100\n|-heal|p1a: Tyranitar|92/100|[from] ability: Hospitality|[of] p1b: cachetes\n|move|p1a: Tyranitar|Rock Slide|p2a: Charizard|[spread] p2a,p2b\n|-supereffective|p2a: Charizard|2\n|-supereffective|p2b: Incineroar|1\n|-damage|p2a: Charizard|0 fnt\n|-damage|p2b: Incineroar|31/100\n|faint|p2a: Charizard\n|\n|-weather|Sandstorm|[upkeep]\n|-damage|p1b: cachetes|94/100|[from] Sandstorm\n|-damage|p2b: Incineroar|25/100|[from] Sandstorm\n|upkeep\n|\n|t:|1776198372\n|switch|p2a: Whimsicott|Whimsicott, L50, M|100/100\n|turn|3\n|\n|t:|1776198389\n|switch|p1b: Aurorus|Aurorus, L50, F|100/100\n|move|p2b: Incineroar|Fake Out|p1a: Tyranitar\n|-resisted|p1a: Tyranitar|1\n|-damage|p1a: Tyranitar|89/100\n|move|p2a: Whimsicott|Tailwind|p2a: Whimsicott\n|-sidestart|p2: CoolTrainerBu|move: Tailwind\n|cant|p1a: Tyranitar|flinch\n|\n|-weather|Sandstorm|[upkeep]\n|-damage|p2a: Whimsicott|95/100|[from] Sandstorm\n|-damage|p2b: Incineroar|19/100|[from] Sandstorm\n|upkeep\n|turn|4\n|inactive|abidan40 has 30 seconds left.\n|inactive|CoolTrainerBu has 30 seconds left.\n|inactive|abidan40 has 20 seconds left.\n|inactive|abidan40 has 15 seconds left.\n|inactive|abidan40 has 10 seconds left.\n|inactive|abidan40 has 5 seconds left.\n|\n|t:|1776198439\n|move|p2a: Whimsicott|Sunny Day|p2a: Whimsicott\n|-weather|SunnyDay\n|move|p2b: Incineroar|Flare Blitz|p1b: Aurorus\n|-damage|p1b: Aurorus|38/100\n|-damage|p2b: Incineroar|0 fnt|[from] Recoil\n|faint|p2b: Incineroar\n|move|p1a: Tyranitar|Ice Punch|p2a: Whimsicott\n|-supereffective|p2a: Whimsicott|1\n|-damage|p2a: Whimsicott|0 fnt\n|faint|p2a: Whimsicott\n|move|p1b: Aurorus|Calm Mind|p1b: Aurorus\n|-boost|p1b: Aurorus|spa|1\n|-boost|p1b: Aurorus|spd|1\n|\n|-weather|SunnyDay|[upkeep]\n|upkeep\n|\n|t:|1776198451\n|switch|p2b: Garchomp|Garchomp, L50, F|95/100 brn\n|turn|5\n|\n|t:|1776198464\n|switch|p1a: Arcanine|Arcanine, L50, M|39/100\n|-ability|p1a: Arcanine|Intimidate|boost\n|-unboost|p2b: Garchomp|atk|1\n|move|p1b: Aurorus|Protect|p1b: Aurorus\n|-singleturn|p1b: Aurorus|Protect\n|move|p2b: Garchomp|Earthquake|p1b: Aurorus|[spread] p1a\n|-activate|p1b: Aurorus|move: Protect\n|-supereffective|p1a: Arcanine|1\n|-damage|p1a: Arcanine|13/100\n|\n|-weather|SunnyDay|[upkeep]\n|-heal|p1a: Arcanine|19/100|[from] item: Leftovers\n|-damage|p2b: Garchomp|89/100 brn|[from] brn\n|upkeep\n|turn|6\n|\n|t:|1776198478\n|switch|p1a: cachetes|Sinistcha, L50|94/100\n|-heal|p1b: Aurorus|63/100|[from] ability: Hospitality|[of] p1a: cachetes\n|move|p2b: Garchomp|Earthquake|p1b: Aurorus|[spread] p1a,p1b\n|-resisted|p1a: cachetes|1\n|-supereffective|p1b: Aurorus|1\n|-damage|p1a: cachetes|90/100\n|-damage|p1b: Aurorus|45/100\n|move|p1b: Aurorus|Hyper Voice|p2b: Garchomp\n|-supereffective|p2b: Garchomp|2\n|-enditem|p2b: Garchomp|Yache Berry|[eat]\n|-enditem|p2b: Garchomp|Yache Berry|[weaken]\n|-damage|p2b: Garchomp|0 fnt\n|faint|p2b: Garchomp\n|\n|win|abidan40\n|raw|abidan40's rating: 1153 &rarr; <strong>1185</strong><br />(+32 for winning)\n|raw|CoolTrainerBu's rating: 1253 &rarr; <strong>1221</strong><br />(-32 for losing)\n",
  "uploadtime": 1776198486,
  "views": 17,
  "formatid": "gen9championsvgc2026regma",
  "rating": 1185,
  "private": 0,
  "password": null
}