{
  "id": "gen9championsvgc2026regma-2586014825",
  "format": "[Gen 9 Champions] VGC 2026 Reg M-A",
  "players": [
    "MegaLucarioisgod",
    "dxiss"
  ],
  "log": "|j|\u2606MegaLucarioisgod\n|j|\u2606dxiss\n|t:|1776390400\n|gametype|doubles\n|player|p1|MegaLucarioisgod|lucas|1133\n|player|p2|dxiss|skyla|1113\n|gen|9\n|tier|[Gen 9 Champions] VGC 2026 Reg M-A\n|rated|\n|rule|Species Clause: Limit one of each Pok\u00e9mon\n|rule|Item Clause: Limit 1 of each item\n|clearpoke\n|poke|p1|Charizard, L50, M|\n|poke|p1|Sylveon, L50, M|\n|poke|p1|Incineroar, L50, F|\n|poke|p1|Venusaur, L50, M|\n|poke|p1|Aerodactyl, L50, M|\n|poke|p1|Dragapult, L50, M|\n|poke|p2|Blastoise, L50, F|\n|poke|p2|Scizor, L50, F|\n|poke|p2|Politoed, L50, M|\n|poke|p2|Farigiraf, L50, M|\n|poke|p2|Aerodactyl, L50, F|\n|poke|p2|Primarina, L50, M|\n|teampreview|4\n|inactive|Battle timer is ON: inactive players will automatically lose when time's up. (requested by MegaLucarioisgod)\n|inactive|dxiss has 60 seconds left.\nMegaLucarioisgod has agreed to open team sheets.\n|inactive|dxiss has 30 seconds left.\n|inactive|dxiss has 20 seconds left.\n|inactive|dxiss has 15 seconds left.\n|inactive|dxiss has 10 seconds left.\n|inactive|dxiss has 5 seconds left.\n|\n|t:|1776390488\n|teamsize|p1|4\n|teamsize|p2|4\n|start\n|switch|p1a: Charizard|Charizard, L50, M|100/100\n|switch|p1b: Venusaur|Venusaur, L50, M|100/100\n|switch|p2a: Aerodactyl|Aerodactyl, L50, F|100/100\n|switch|p2b: Blastoise|Blastoise, L50, F|100/100\n|-ability|p2a: Aerodactyl|Unnerve\n|turn|1\n|\n|t:|1776390505\n|detailschange|p1a: Charizard|Charizard-Mega-Y, L50, M\n|-mega|p1a: Charizard|Charizard|Charizardite Y\n|-weather|SunnyDay|[from] ability: Drought|[of] p1a: Charizard\n|move|p1a: Charizard|Protect|p1a: Charizard\n|-singleturn|p1a: Charizard|Protect\n|move|p2b: Blastoise|Fake Out|p1b: Venusaur\n|-damage|p1b: Venusaur|93/100\n|cant|p1b: Venusaur|flinch\n|move|p2a: Aerodactyl|Tailwind|p2a: Aerodactyl\n|-sidestart|p2: dxiss|move: Tailwind\n|\n|-weather|SunnyDay|[upkeep]\n|upkeep\n|turn|2\n|inactive|dxiss has 30 seconds left.\n|\n|t:|1776390531\n|switch|p2b: Politoed|Politoed, L50, M|100/100\n|-weather|RainDance|[from] ability: Drizzle|[of] p2b: Politoed\n|switch|p1a: Dragapult|Dragapult, L50, M|100/100\n|move|p2a: Aerodactyl|Dual Wingbeat|p1b: Venusaur\n|-supereffective|p1b: Venusaur|1\n|-damage|p1b: Venusaur|50/100\n|-supereffective|p1b: Venusaur|1\n|-damage|p1b: Venusaur|11/100\n|-hitcount|p1b: Venusaur|2\n|move|p1b: Venusaur|Solar Beam||[still]\n|-prepare|p1b: Venusaur|Solar Beam\n|\n|-weather|RainDance|[upkeep]\n|upkeep\n|turn|3\n|inactive|dxiss has 30 seconds left.\n|\n|t:|1776390558\n|switch|p2b: Blastoise|Blastoise, L50, F|100/100\n|move|p2a: Aerodactyl|Rock Slide|p1a: Dragapult|[spread] p1a,p1b\n|-damage|p1a: Dragapult|67/100\n|-damage|p1b: Venusaur|0 fnt\n|faint|p1b: Venusaur\n|move|p1a: Dragapult|Dragon Darts|p2b: Blastoise\n|-damage|p2b: Blastoise|76/100\n|-anim|p1a: Dragapult|Dragon Darts|p2a: Aerodactyl\n|-damage|p2a: Aerodactyl|60/100\n|\n|-weather|RainDance|[upkeep]\n|-heal|p2b: Blastoise|82/100|[from] ability: Rain Dish\n|upkeep\n|\n|t:|1776390571\n|switch|p1b: Aerodactyl|Aerodactyl, L50, M|100/100\n|-ability|p1b: Aerodactyl|Unnerve\n|turn|4\n|\n|t:|1776390588\n|move|p1a: Dragapult|Protect|p1a: Dragapult\n|-singleturn|p1a: Dragapult|Protect\n|move|p1b: Aerodactyl|Protect|p1b: Aerodactyl\n|-singleturn|p1b: Aerodactyl|Protect\n|move|p2a: Aerodactyl|Rock Slide|p1b: Aerodactyl|[spread] \n|-activate|p1a: Dragapult|move: Protect\n|-activate|p1b: Aerodactyl|move: Protect\n|move|p2b: Blastoise|Yawn|p1a: Dragapult\n|-activate|p1a: Dragapult|move: Protect\n|\n|-weather|RainDance|[upkeep]\n|-heal|p2b: Blastoise|88/100|[from] ability: Rain Dish\n|-sideend|p2: dxiss|move: Tailwind\n|upkeep\n|turn|5\n|\n|t:|1776390607\n|move|p2a: Aerodactyl|Protect|p2a: Aerodactyl\n|-singleturn|p2a: Aerodactyl|Protect\n|move|p1a: Dragapult|Dragon Darts|p2b: Blastoise\n|-damage|p2b: Blastoise|62/100\n|-anim|p1a: Dragapult|Dragon Darts|p2b: Blastoise\n|-damage|p2b: Blastoise|39/100\n|move|p1b: Aerodactyl|Rock Slide|p2a: Aerodactyl|[spread] p2b\n|-activate|p2a: Aerodactyl|move: Protect\n|-damage|p2b: Blastoise|16/100\n|move|p2b: Blastoise|Yawn|p1a: Dragapult\n|-start|p1a: Dragapult|move: Yawn|[of] p2b: Blastoise\n|\n|-weather|RainDance|[upkeep]\n|-heal|p2b: Blastoise|21/100|[from] ability: Rain Dish\n|upkeep\n|turn|6\n|\n|t:|1776390626\n|move|p2b: Blastoise|Protect|p2b: Blastoise\n|-singleturn|p2b: Blastoise|Protect\n|move|p1a: Dragapult|Dragon Darts|p2a: Aerodactyl\n|-damage|p2a: Aerodactyl|17/100\n|-anim|p1a: Dragapult|Dragon Darts|p2a: Aerodactyl\n|-crit|p2a: Aerodactyl\n|-damage|p2a: Aerodactyl|0 fnt\n|faint|p2a: Aerodactyl\n|move|p1b: Aerodactyl|Rock Slide|p2b: Blastoise\n|-activate|p2b: Blastoise|move: Protect\n|\n|-weather|none\n|-end|p1a: Dragapult|move: Yawn|[silent]\n|-status|p1a: Dragapult|slp\n|upkeep\n|\n|t:|1776390640\n|switch|p2a: Primarina|Primarina, L50, M|100/100\n|turn|7\n|\n|t:|1776390661\n|cant|p1a: Dragapult|slp\n|move|p1b: Aerodactyl|Rock Slide|p2b: Blastoise|[spread] p2a,p2b\n|-crit|p2b: Blastoise\n|-damage|p2a: Primarina|66/100\n|-damage|p2b: Blastoise|0 fnt\n|faint|p2b: Blastoise\n|move|p2a: Primarina|Hyper Voice|p1a: Dragapult|[spread] p1a,p1b\n|-resisted|p1a: Dragapult|1\n|-supereffective|p1b: Aerodactyl|1\n|-damage|p1a: Dragapult|35/100 slp\n|-damage|p1b: Aerodactyl|0 fnt\n|faint|p1b: Aerodactyl\n|\n|upkeep\n|\n|t:|1776390673\n|switch|p1b: Charizard|Charizard-Mega-Y, L50, M|100/100\n|switch|p2b: Politoed|Politoed, L50, M|100/100\n|-weather|SunnyDay|[from] ability: Drought|[of] p1b: Charizard\n|-weather|RainDance|[from] ability: Drizzle|[of] p2b: Politoed\n|turn|8\n|\n|t:|1776390686\n|move|p2b: Politoed|Helping Hand|p2a: Primarina\n|-singleturn|p2a: Primarina|Helping Hand|[of] p2b: Politoed\n|move|p1b: Charizard|Protect|p1b: Charizard\n|-singleturn|p1b: Charizard|Protect\n|cant|p1a: Dragapult|slp\n|move|p2a: Primarina|Hyper Voice|p1a: Dragapult|[spread] p1a\n|-activate|p1b: Charizard|move: Protect\n|-resisted|p1a: Dragapult|1\n|-damage|p1a: Dragapult|0 fnt\n|faint|p1a: Dragapult\n|\n|-weather|RainDance|[upkeep]\n|upkeep\n|turn|9\n|\n|t:|1776390704\n|move|p1b: Charizard|Heat Wave|p2a: Primarina|[spread] p2a,p2b\n|-resisted|p2a: Primarina|1\n|-resisted|p2b: Politoed|1\n|-damage|p2a: Primarina|57/100\n|-damage|p2b: Politoed|90/100\n|-status|p2a: Primarina|brn\n|move|p2a: Primarina|Hyper Voice|p1b: Charizard\n|-supereffective|p1b: Charizard|1\n|-damage|p1b: Charizard|0 fnt\n|faint|p1b: Charizard\n|\n|win|dxiss\n|raw|MegaLucarioisgod's rating: 1133 &rarr; <strong>1107</strong><br />(-26 for losing)\n|raw|dxiss's rating: 1113 &rarr; <strong>1139</strong><br />(+26 for winning)\n|l|\u2606MegaLucarioisgod\n|player|p1|\n",
  "uploadtime": 1776390716,
  "views": 40,
  "formatid": "gen9championsvgc2026regma",
  "rating": 1107,
  "private": 0,
  "password": null
}