{
  "id": "gen9championsvgc2026regma-2588773097",
  "format": "[Gen 9 Champions] VGC 2026 Reg M-A",
  "players": [
    "purpleraven122",
    "Noobilio"
  ],
  "log": "|j|\u2606purpleraven122\n|j|\u2606Noobilio\n|t:|1776668915\n|gametype|doubles\n|player|p1|purpleraven122|170|1248\n|player|p2|Noobilio|nurse|1327\n|gen|9\n|tier|[Gen 9 Champions] VGC 2026 Reg M-A\n|rated|\n|rule|Species Clause: Limit one of each Pok\u00e9mon\n|rule|Item Clause: Limit 1 of each item\n|clearpoke\n|poke|p1|Gengar, L50, M|\n|poke|p1|Incineroar, L50, M|\n|poke|p1|Politoed, L50, F|\n|poke|p1|Palafin, L50, M|\n|poke|p1|Ninetales-Alola, L50, M|\n|poke|p1|Volcarona, L50, M|\n|poke|p2|Froslass, L50, F|\n|poke|p2|Palafin, L50, F|\n|poke|p2|Kingambit, L50, F|\n|poke|p2|Arcanine-Hisui, L50, F|\n|poke|p2|Sinistcha, L50|\n|poke|p2|Sneasler, L50, F|\n|teampreview|4\n|\n|t:|1776668958\n|teamsize|p1|4\n|teamsize|p2|4\n|start\n|switch|p1a: Gengar|Gengar, L50, M|100/100\n|switch|p1b: Incineroar|Incineroar, L50, M|100/100\n|switch|p2a: Palafin|Palafin, L50, F|100/100\n|switch|p2b: Kingambit|Kingambit, L50, F|100/100\n|-ability|p1b: Incineroar|Intimidate|boost\n|-unboost|p2a: Palafin|atk|1\n|-unboost|p2b: Kingambit|atk|1\n|-ability|p2b: Kingambit|Defiant|boost\n|-boost|p2b: Kingambit|atk|2\n|turn|1\n|\n|t:|1776668993\n|detailschange|p2a: Palafin|Palafin-Hero, L50, F\n|switch|p2a: Sneasler|Sneasler, L50, F|100/100\n|detailschange|p1a: Gengar|Gengar-Mega, L50, M\n|-mega|p1a: Gengar|Gengar|Gengarite\n|move|p1b: Incineroar|Fake Out|p2b: Kingambit\n|-resisted|p2b: Kingambit|1\n|-crit|p2b: Kingambit\n|-damage|p2b: Kingambit|95/100\n|move|p1a: Gengar|Perish Song|p1a: Gengar\n|-start|p1a: Gengar|perish3|[silent]\n|-start|p1b: Incineroar|perish3|[silent]\n|-start|p2a: Sneasler|perish3|[silent]\n|-start|p2b: Kingambit|perish3|[silent]\n|-fieldactivate|move: Perish Song\n|cant|p2b: Kingambit|flinch\n|\n|-start|p1a: Gengar|perish3\n|-start|p2a: Sneasler|perish3\n|-start|p1b: Incineroar|perish3\n|-start|p2b: Kingambit|perish3\n|upkeep\n|turn|2\n|\n|t:|1776669014\n|move|p1a: Gengar|Protect|p1a: Gengar\n|-singleturn|p1a: Gengar|Protect\n|move|p1b: Incineroar|Protect|p1b: Incineroar\n|-singleturn|p1b: Incineroar|Protect\n|move|p2a: Sneasler|Coaching|p2b: Kingambit\n|-boost|p2b: Kingambit|atk|1\n|-boost|p2b: Kingambit|def|1\n|move|p2b: Kingambit|Kowtow Cleave|p1b: Incineroar\n|-activate|p1b: Incineroar|move: Protect\n|\n|-start|p1a: Gengar|perish2\n|-start|p2a: Sneasler|perish2\n|-start|p1b: Incineroar|perish2\n|-start|p2b: Kingambit|perish2\n|upkeep\n|turn|3\n|\n|t:|1776669061\n|switch|p1a: Volcarona|Volcarona, L50, M|100/100\n|move|p2a: Sneasler|Close Combat|p1b: Incineroar\n|-supereffective|p1b: Incineroar|1\n|-crit|p1b: Incineroar\n|-damage|p1b: Incineroar|0 fnt\n|-unboost|p2a: Sneasler|def|1\n|-unboost|p2a: Sneasler|spd|1\n|faint|p1b: Incineroar\n|-enditem|p2a: Sneasler|White Herb\n|-clearnegativeboost|p2a: Sneasler|[silent]\n|move|p2b: Kingambit|Kowtow Cleave|p1a: Volcarona\n|-crit|p1a: Volcarona\n|-damage|p1a: Volcarona|0 fnt\n|-status|p2b: Kingambit|brn|[from] ability: Flame Body|[of] p1a: Volcarona\n|faint|p1a: Volcarona\n|\n|-damage|p2b: Kingambit|89/100 brn|[from] brn\n|-start|p2a: Sneasler|perish1\n|-start|p2b: Kingambit|perish1\n|upkeep\n|\n|t:|1776669080\n|switch|p1a: Gengar|Gengar-Mega, L50, M|100/100\n|switch|p1b: Ninetales|Ninetales-Alola, L50, M|100/100\n|-weather|Snowscape|[from] ability: Snow Warning|[of] p1b: Ninetales\n|turn|4\n|\n|t:|1776669089\n|move|p1a: Gengar|Protect|p1a: Gengar\n|-singleturn|p1a: Gengar|Protect\n|move|p1b: Ninetales|Protect|p1b: Ninetales\n|-singleturn|p1b: Ninetales|Protect\n|move|p2b: Kingambit|Sucker Punch||[still]\n|-fail|p2b: Kingambit\n|move|p2a: Sneasler|Dire Claw|p1b: Ninetales\n|-activate|p1b: Ninetales|move: Protect\n|\n|-weather|Snowscape|[upkeep]\n|-damage|p2b: Kingambit|84/100 brn|[from] brn\n|-start|p2a: Sneasler|perish0\n|-start|p2b: Kingambit|perish0\n|faint|p2a: Sneasler\n|faint|p2b: Kingambit\n|upkeep\n|\n|t:|1776669094\n|switch|p2a: Sinistcha|Sinistcha, L50|100/100\n|switch|p2b: Palafin|Palafin-Hero, L50, F|100/100\n|-activate|p2b: Palafin|ability: Zero to Hero\n|turn|5\n|\n|t:|1776669127\n|move|p2a: Sinistcha|Rage Powder|p2a: Sinistcha\n|-singleturn|p2a: Sinistcha|move: Rage Powder\n|move|p1a: Gengar|Shadow Ball|p2a: Sinistcha\n|-supereffective|p2a: Sinistcha|1\n|-damage|p2a: Sinistcha|25/100\n|-enditem|p2a: Sinistcha|Sitrus Berry|[eat]\n|-heal|p2a: Sinistcha|50/100|[from] item: Sitrus Berry\n|move|p1b: Ninetales|Blizzard|p2a: Sinistcha|[spread] p2a,p2b\n|-supereffective|p2a: Sinistcha|1\n|-resisted|p2b: Palafin|1\n|-damage|p2a: Sinistcha|0 fnt\n|-damage|p2b: Palafin|82/100\n|faint|p2a: Sinistcha\n|move|p2b: Palafin|Wave Crash|p1a: Gengar\n|-damage|p1a: Gengar|0 fnt\n|faint|p1a: Gengar\n|-damage|p2b: Palafin|56/100|[from] Recoil\n|\n|-weather|Snowscape|[upkeep]\n|upkeep\n|turn|6\n|\n|t:|1776669166\n|move|p1b: Ninetales|Protect|p1b: Ninetales\n|-singleturn|p1b: Ninetales|Protect\n|move|p2b: Palafin|Protect||[still]\n|-fail|p2b: Palafin\n|\n|-weather|Snowscape|[upkeep]\n|upkeep\n|turn|7\n|\n|t:|1776669178\n|move|p2b: Palafin|Jet Punch|p1b: Ninetales\n|-damage|p1b: Ninetales|52/100\n|move|p1b: Ninetales|Encore|p2b: Palafin\n|-start|p2b: Palafin|Encore\n|\n|-weather|Snowscape|[upkeep]\n|upkeep\n|turn|8\n|\n|t:|1776669188\n|move|p2b: Palafin|Jet Punch|p1b: Ninetales\n|-damage|p1b: Ninetales|8/100\n|move|p1b: Ninetales|Disable|p2b: Palafin\n|-start|p2b: Palafin|Disable|Jet Punch\n|\n|-weather|none\n|upkeep\n|turn|9\n|\n|t:|1776669194\n|move|p1b: Ninetales|Blizzard|p2b: Palafin|[miss]\n|-miss|p1b: Ninetales|p2b: Palafin\n|-activate|p2b: Palafin|move: Struggle\n|move|p2b: Palafin|Struggle|p1b: Ninetales\n|-damage|p1b: Ninetales|0 fnt\n|faint|p1b: Ninetales\n|-damage|p2b: Palafin|30/100|[from] recoil\n|\n|win|Noobilio\n|raw|purpleraven122's rating: 1248 &rarr; <strong>1229</strong><br />(-19 for losing)\n|raw|Noobilio's rating: 1327 &rarr; <strong>1343</strong><br />(+16 for winning)\n",
  "uploadtime": 1776669200,
  "views": 15,
  "formatid": "gen9championsvgc2026regma",
  "rating": 1229,
  "private": 0,
  "password": null
}