{
  "id": "gen9championsvgc2026regma-2582107678",
  "format": "[Gen 9 Champions] VGC 2026 Reg M-A",
  "players": [
    "willcodeforpokemon",
    "no1.pokemon"
  ],
  "log": "|j|\u2606willcodeforpokemon\n|j|\u2606no1.pokemon\n|t:|1776058839\n|gametype|doubles\n|player|p1|willcodeforpokemon|265|1217\n|player|p2|no1.pokemon|alec-anime|1139\n|gen|9\n|tier|[Gen 9 Champions] VGC 2026 Reg M-A\n|rated|\n|rule|Species Clause: Limit one of each Pok\u00e9mon\n|rule|Item Clause: Limit 1 of each item\n|clearpoke\n|poke|p1|Chimecho, L50, F|\n|poke|p1|Delphox, L50, M|\n|poke|p1|Clefable, L50, M|\n|poke|p1|Sneasler, L50, F|\n|poke|p1|Garchomp, L50, F|\n|poke|p1|Hydreigon, L50, F|\n|poke|p2|Charizard, L50, M|\n|poke|p2|Incineroar, L50, M|\n|poke|p2|Garchomp, L50, F|\n|poke|p2|Whimsicott, L50, M|\n|poke|p2|Aerodactyl, L50, M|\n|poke|p2|Venusaur, L50, M|\n|teampreview|4\n|inactive|Battle timer is ON: inactive players will automatically lose when time's up. (requested by no1.pokemon)\n|inactive|willcodeforpokemon has 60 seconds left.\n|inactive|no1.pokemon has 60 seconds left.\n|\n|t:|1776058883\n|teamsize|p1|4\n|teamsize|p2|4\n|start\n|switch|p1a: Sneasler|Sneasler, L50, F|100/100\n|switch|p1b: Delphox|Delphox, L50, M|100/100\n|switch|p2a: Charizard|Charizard, L50, M, shiny|100/100\n|switch|p2b: Whimsicott|Whimsicott, L50, M, shiny|100/100\n|turn|1\n|inactive|no1.pokemon has 30 seconds left.\n|inactive|no1.pokemon has 20 seconds left.\n|\n|t:|1776058918\n|detailschange|p1b: Delphox|Delphox-Mega, L50, M\n|-mega|p1b: Delphox|Delphox|Delphoxite\n|move|p2a: Charizard|Protect|p2a: Charizard\n|-singleturn|p2a: Charizard|Protect\n|move|p1a: Sneasler|Fake Out|p2b: Whimsicott\n|-damage|p2b: Whimsicott|83/100\n|cant|p2b: Whimsicott|flinch\n|move|p1b: Delphox|Psychic|p2a: Charizard\n|-activate|p2a: Charizard|move: Protect\n|\n|upkeep\n|turn|2\n|\n|t:|1776058931\n|detailschange|p2a: Charizard|Charizard-Mega-Y, L50, M, shiny\n|-mega|p2a: Charizard|Charizard|Charizardite Y\n|-weather|SunnyDay|[from] ability: Drought|[of] p2a: Charizard\n|move|p2b: Whimsicott|Tailwind|p2b: Whimsicott\n|-sidestart|p2: no1.pokemon|move: Tailwind\n|move|p2a: Charizard|Heat Wave|p1a: Sneasler|[spread] p1a,p1b\n|-resisted|p1b: Delphox|1\n|-damage|p1a: Sneasler|16/100\n|-damage|p1b: Delphox|72/100\n|move|p1b: Delphox|Heat Wave|p2a: Charizard|[spread] p2a,p2b\n|-resisted|p2a: Charizard|1\n|-supereffective|p2b: Whimsicott|1\n|-crit|p2b: Whimsicott\n|-damage|p2a: Charizard|68/100\n|-damage|p2b: Whimsicott|0 fnt\n|faint|p2b: Whimsicott\n|move|p1a: Sneasler|Dire Claw|p2a: Charizard\n|-damage|p2a: Charizard|7/100\n|\n|-weather|SunnyDay|[upkeep]\n|upkeep\n|inactive|no1.pokemon has 30 seconds left.\n|\n|t:|1776058958\n|switch|p2b: Garchomp|Garchomp, L50, F|100/100\n|turn|3\n|\n|t:|1776058961\n|move|p1b: Delphox|Protect|p1b: Delphox\n|-singleturn|p1b: Delphox|Protect\n|move|p1a: Sneasler|Protect|p1a: Sneasler\n|-singleturn|p1a: Sneasler|Protect\n|move|p2b: Garchomp|Rock Slide|p1a: Sneasler|[spread] \n|-activate|p1a: Sneasler|move: Protect\n|-activate|p1b: Delphox|move: Protect\n|move|p2a: Charizard|Heat Wave|p1a: Sneasler|[spread] \n|-activate|p1a: Sneasler|move: Protect\n|-activate|p1b: Delphox|move: Protect\n|\n|-weather|SunnyDay|[upkeep]\n|upkeep\n|turn|4\n|\n|t:|1776058977\n|switch|p1b: Garchomp|Garchomp, L50, F|100/100\n|switch|p1a: Hydreigon|Hydreigon, L50, F|100/100\n|move|p2b: Garchomp|Rock Slide|p1b: Garchomp|[spread] p1a,p1b\n|-resisted|p1b: Garchomp|1\n|-damage|p1a: Hydreigon|82/100\n|-damage|p1b: Garchomp|91/100\n|move|p2a: Charizard|Heat Wave|p1b: Garchomp|[spread] p1a,p1b\n|-resisted|p1a: Hydreigon|1\n|-resisted|p1b: Garchomp|1\n|-damage|p1a: Hydreigon|49/100\n|-damage|p1b: Garchomp|52/100\n|\n|-weather|SunnyDay|[upkeep]\n|upkeep\n|turn|5\n|\n|t:|1776058991\n|move|p1a: Hydreigon|Protect|p1a: Hydreigon\n|-singleturn|p1a: Hydreigon|Protect\n|move|p2b: Garchomp|Scale Shot|p1b: Garchomp|[miss]\n|-miss|p2b: Garchomp|p1b: Garchomp\n|move|p2a: Charizard|Heat Wave|p1a: Hydreigon|[spread] p1b\n|-activate|p1a: Hydreigon|move: Protect\n|-resisted|p1b: Garchomp|1\n|-damage|p1b: Garchomp|15/100\n|-status|p1b: Garchomp|brn\n|move|p1b: Garchomp|Rock Slide|p2b: Garchomp|[spread] p2a,p2b\n|-supereffective|p2a: Charizard|2\n|-resisted|p2b: Garchomp|1\n|-damage|p2a: Charizard|0 fnt\n|-damage|p2b: Garchomp|96/100\n|faint|p2a: Charizard\n|\n|-weather|SunnyDay|[upkeep]\n|-damage|p1b: Garchomp|9/100 brn|[from] brn\n|-sideend|p2: no1.pokemon|move: Tailwind\n|upkeep\n|\n|t:|1776058997\n|switch|p2a: Venusaur|Venusaur, L50, M|100/100\n|turn|6\n|\n|t:|1776059017\n|switch|p1a: Sneasler|Sneasler, L50, F|16/100\n|move|p1b: Garchomp|Rock Slide|p2a: Venusaur|[spread] p2a,p2b\n|-crit|p2a: Venusaur\n|-resisted|p2b: Garchomp|1\n|-damage|p2a: Venusaur|83/100\n|-damage|p2b: Garchomp|91/100\n|move|p2a: Venusaur|Sludge Bomb|p1b: Garchomp\n|-resisted|p1b: Garchomp|1\n|-damage|p1b: Garchomp|0 fnt\n|faint|p1b: Garchomp\n|move|p2b: Garchomp|Scale Shot|p1a: Sneasler\n|-damage|p1a: Sneasler|0 fnt\n|faint|p1a: Sneasler\n|-hitcount|p1: Sneasler|1\n|-unboost|p2b: Garchomp|def|1\n|-boost|p2b: Garchomp|spe|1\n|\n|-weather|none\n|-heal|p2a: Venusaur|89/100|[from] item: Leftovers\n|upkeep\n|\n|t:|1776059028\n|switch|p1a: Delphox|Delphox-Mega, L50, M|72/100\n|switch|p1b: Hydreigon|Hydreigon, L50, F|49/100\n|turn|7\n|inactive|willcodeforpokemon has 30 seconds left.\n|\n|t:|1776059060\n|move|p2b: Garchomp|Scale Shot|p1b: Hydreigon\n|-supereffective|p1b: Hydreigon|1\n|-damage|p1b: Hydreigon|21/100\n|-supereffective|p1b: Hydreigon|1\n|-damage|p1b: Hydreigon|0 fnt\n|faint|p1b: Hydreigon\n|-hitcount|p1: Hydreigon|2\n|-unboost|p2b: Garchomp|def|1\n|-boost|p2b: Garchomp|spe|1\n|move|p1a: Delphox|Heat Wave|p2a: Venusaur|[spread] p2a,p2b\n|-supereffective|p2a: Venusaur|1\n|-crit|p2a: Venusaur\n|-resisted|p2b: Garchomp|1\n|-damage|p2a: Venusaur|0 fnt\n|-damage|p2b: Garchomp|68/100\n|faint|p2a: Venusaur\n|\n|upkeep\n|turn|8\n|\n|t:|1776059084\n|move|p2b: Garchomp|Rock Slide|p1a: Delphox|[miss]\n|-miss|p2b: Garchomp|p1a: Delphox\n|move|p1a: Delphox|Psychic|p2b: Garchomp\n|-damage|p2b: Garchomp|7/100\n|\n|upkeep\n|turn|9\n|\n|t:|1776059097\n|move|p1a: Delphox|Protect|p1a: Delphox\n|-singleturn|p1a: Delphox|Protect\n|move|p2b: Garchomp|Rock Slide|p1a: Delphox\n|-activate|p1a: Delphox|move: Protect\n|\n|upkeep\n|turn|10\n|\n|t:|1776059105\n|move|p2b: Garchomp|Rock Slide|p1a: Delphox|[miss]\n|-miss|p2b: Garchomp|p1a: Delphox\n|move|p1a: Delphox|Psychic|p2b: Garchomp\n|-damage|p2b: Garchomp|0 fnt\n|faint|p2b: Garchomp\n|\n|win|willcodeforpokemon\n|raw|willcodeforpokemon's rating: 1217 &rarr; <strong>1238</strong><br />(+21 for winning)\n|raw|no1.pokemon's rating: 1165 &rarr; <strong>1144</strong><br />(-21 for losing)\n",
  "uploadtime": 1776059108,
  "views": 21,
  "formatid": "gen9championsvgc2026regma",
  "rating": 1144,
  "private": 0,
  "password": null
}