{
  "id": "gen9championsvgc2026regma-2582829082",
  "format": "[Gen 9 Champions] VGC 2026 Reg M-A",
  "players": [
    "CoolTrainerBu",
    "Heracross Catcher"
  ],
  "log": "|j|\u2606CoolTrainerBu\n|j|\u2606Heracross Catcher\n|t:|1776117280\n|gametype|doubles\n|player|p1|CoolTrainerBu|101|1096\n|player|p2|Heracross Catcher|baker|1128\n|gen|9\n|tier|[Gen 9 Champions] VGC 2026 Reg M-A\n|rated|\n|rule|Species Clause: Limit one of each Pok\u00e9mon\n|rule|Item Clause: Limit 1 of each item\n|clearpoke\n|poke|p1|Charizard, L50, F|\n|poke|p1|Whimsicott, L50, M|\n|poke|p1|Garchomp, L50, F|\n|poke|p1|Sneasler, L50, M|\n|poke|p1|Maushold, L50|\n|poke|p1|Incineroar, L50, F|\n|poke|p2|Kangaskhan, L50, F|\n|poke|p2|Talonflame, L50, F|\n|poke|p2|Zoroark-Hisui, L50, M|\n|poke|p2|Typhlosion-Hisui, L50, F|\n|poke|p2|Kingambit, L50, F|\n|poke|p2|Vivillon-Icy Snow, L50, F|\n|teampreview|4\n|\n|t:|1776117333\n|teamsize|p1|4\n|teamsize|p2|4\n|start\n|switch|p1a: Sneasler|Sneasler, L50, M|100/100\n|switch|p1b: Incineroar|Incineroar, L50, F|100/100\n|switch|p2a: Talonflame|Talonflame, L50, F|100/100\n|switch|p2b: Typhlosion|Typhlosion-Hisui, L50, F|100/100\n|-item|p1a: Sneasler|White Herb|[from] ability: Frisk|[of] p2b: Typhlosion\n|-item|p1b: Incineroar|Shuca Berry|[from] ability: Frisk|[of] p2b: Typhlosion\n|-ability|p1b: Incineroar|Intimidate|boost\n|-unboost|p2a: Talonflame|atk|1\n|-unboost|p2b: Typhlosion|atk|1\n|turn|1\n|inactive|Battle timer is ON: inactive players will automatically lose when time's up. (requested by CoolTrainerBu)\n|\n|t:|1776117356\n|move|p1b: Incineroar|Fake Out|p2a: Talonflame\n|-immune|p2a: Talonflame\n|move|p2b: Typhlosion|Eruption|p1b: Incineroar|[spread] p1a,p1b\n|-resisted|p1b: Incineroar|1\n|-damage|p1a: Sneasler|31/100\n|-damage|p1b: Incineroar|78/100\n|move|p2a: Talonflame|Hyper Voice|p1b: Incineroar|[spread] p1a,p1b\n|-damage|p1a: Sneasler|0 fnt\n|-damage|p1b: Incineroar|42/100\n|faint|p1a: Sneasler\n|\n|upkeep\n|\n|t:|1776117367\n|switch|p1a: Whimsicott|Whimsicott, L50, M|100/100\n|turn|2\n|\n|t:|1776117390\n|move|p1a: Whimsicott|Tailwind|p1a: Whimsicott\n|-sidestart|p1: CoolTrainerBu|move: Tailwind\n|move|p2b: Typhlosion|Eruption|p1a: Whimsicott|[spread] p1a,p1b\n|-supereffective|p1a: Whimsicott|1\n|-resisted|p1b: Incineroar|1\n|-enditem|p1a: Whimsicott|Focus Sash\n|-damage|p1a: Whimsicott|1/100\n|-damage|p1b: Incineroar|18/100\n|move|p1b: Incineroar|Darkest Lariat|p2a: Talonflame\n|-supereffective|p2a: Talonflame|1\n|-damage|p2a: Talonflame|0 fnt\n|replace|p2a: Zoroark|Zoroark-Hisui, L50, M\n|-end|p2a: Zoroark|Illusion\n|faint|p2a: Zoroark\n|\n|upkeep\n|\n|t:|1776117401\n|switch|p2a: Talonflame|Talonflame, L50, F|100/100\n|turn|3\n|\n|t:|1776117416\n|switch|p1a: Garchomp|Garchomp, L50, F|100/100\n|move|p2a: Talonflame|Tailwind|p2a: Talonflame\n|-sidestart|p2: Heracross Catcher|move: Tailwind\n|move|p2b: Typhlosion|Eruption|p1b: Incineroar|[spread] p1a,p1b\n|-resisted|p1a: Garchomp|1\n|-resisted|p1b: Incineroar|1\n|-damage|p1a: Garchomp|72/100\n|-damage|p1b: Incineroar|0 fnt\n|faint|p1b: Incineroar\n|\n|upkeep\n|\n|t:|1776117425\n|switch|p1b: Whimsicott|Whimsicott, L50, M|1/100\n|turn|4\n|\n|t:|1776117436\n|move|p2a: Talonflame|Protect|p2a: Talonflame\n|-singleturn|p2a: Talonflame|Protect\n|move|p1b: Whimsicott|Encore|p2a: Talonflame\n|-activate|p2a: Talonflame|move: Protect\n|move|p2b: Typhlosion|Eruption|p1b: Whimsicott|[spread] p1a,p1b\n|-resisted|p1a: Garchomp|1\n|-supereffective|p1b: Whimsicott|1\n|-damage|p1a: Garchomp|41/100\n|-damage|p1b: Whimsicott|0 fnt\n|faint|p1b: Whimsicott\n|move|p1a: Garchomp|Rock Slide|p2a: Talonflame|[spread] p2b\n|-activate|p2a: Talonflame|move: Protect\n|-supereffective|p2b: Typhlosion|1\n|-damage|p2b: Typhlosion|40/100\n|\n|upkeep\n|turn|5\n|\n|t:|1776117452\n|move|p2a: Talonflame|Brave Bird|p1a: Garchomp\n|-damage|p1a: Garchomp|0 fnt\n|-damage|p2a: Talonflame|88/100|[from] ability: Rough Skin|[of] p1a: Garchomp\n|faint|p1a: Garchomp\n|-damage|p2a: Talonflame|72/100|[from] Recoil\n|\n|win|Heracross Catcher\n|raw|CoolTrainerBu's rating: 1096 &rarr; <strong>1074</strong><br />(-22 for losing)\n|raw|Heracross Catcher's rating: 1128 &rarr; <strong>1151</strong><br />(+23 for winning)\n",
  "uploadtime": 1776117454,
  "views": 15,
  "formatid": "gen9championsvgc2026regma",
  "rating": 1074,
  "private": 0,
  "password": null
}