{
  "id": "gen9championsvgc2026regma-2584421925",
  "format": "[Gen 9 Champions] VGC 2026 Reg M-A",
  "players": [
    "Volcano0",
    "Bananen Pa Banen"
  ],
  "log": "|j|\u203dVolcano0\n|j|\u2606Bananen Pa Banen\n|t:|1776259728\n|gametype|doubles\n|player|p1|Volcano0|n|1145\n|player|p2|Bananen Pa Banen|1|1159\n|gen|9\n|tier|[Gen 9 Champions] VGC 2026 Reg M-A\n|rated|\n|rule|Species Clause: Limit one of each Pok\u00e9mon\n|rule|Item Clause: Limit 1 of each item\n|clearpoke\n|poke|p1|Charizard, L50, F|\n|poke|p1|Venusaur, L50, F|\n|poke|p1|Incineroar, L50, F|\n|poke|p1|Garchomp, L50, F|\n|poke|p1|Floette-Eternal, L50, F|\n|poke|p1|Maushold-Four, L50|\n|poke|p2|Blastoise, L50, M|\n|poke|p2|Sinistcha, L50|\n|poke|p2|Incineroar, L50, F|\n|poke|p2|Jolteon, L50, F|\n|poke|p2|Kingambit, L50, F|\n|poke|p2|Sneasler, L50, M|\n|teampreview|4\n|inactive|Battle timer is ON: inactive players will automatically lose when time's up. (requested by Volcano0)\n|inactive|Volcano0 has 60 seconds left.\n|inactive|Bananen Pa Banen has 60 seconds left.\n|inactive|Bananen Pa Banen has 30 seconds left.\n|inactive|Bananen Pa Banen has 20 seconds left.\n|inactive|Bananen Pa Banen has 15 seconds left.\n|inactive|Bananen Pa Banen has 10 seconds left.\n|inactive|Bananen Pa Banen has 5 seconds left.\n|\n|t:|1776259819\n|teamsize|p1|4\n|teamsize|p2|4\n|start\n|switch|p1a: Charizard|Charizard, L50, F, shiny|100/100\n|switch|p1b: Garchomp|Garchomp, L50, F|100/100\n|switch|p2a: Blastoise|Blastoise, L50, M|100/100\n|switch|p2b: Sinistcha|Sinistcha, L50|100/100\n|turn|1\n|inactive|Bananen Pa Banen has 30 seconds left.\n|inactive|Bananen Pa Banen has 20 seconds left.\n|inactive|Bananen Pa Banen has 15 seconds left.\n|inactive|Bananen Pa Banen has 10 seconds left.\n|inactive|Bananen Pa Banen has 5 seconds left.\n|\n|t:|1776259874\n|move|p1b: Garchomp|Dragon Claw|p2a: Blastoise\n|-damage|p2a: Blastoise|57/100\n|move|p1a: Charizard|Overheat|p2b: Sinistcha\n|-supereffective|p2b: Sinistcha|1\n|-damage|p2b: Sinistcha|0 fnt\n|-unboost|p1a: Charizard|spa|2\n|faint|p2b: Sinistcha\n|move|p2a: Blastoise|Water Pulse|p1b: Garchomp\n|-damage|p1b: Garchomp|78/100\n|\n|upkeep\n|inactive|Bananen Pa Banen has 30 seconds left.\n|inactive|Bananen Pa Banen has 20 seconds left.\n|inactive|Bananen Pa Banen has 15 seconds left.\n|inactive|Bananen Pa Banen has 10 seconds left.\n|inactive|Bananen Pa Banen has 5 seconds left.\n|\n|t:|1776259930\n|switch|p2b: Incineroar|Incineroar, L50, F|100/100\n|-ability|p2b: Incineroar|Intimidate|boost\n|-unboost|p1a: Charizard|atk|1\n|-unboost|p1b: Garchomp|atk|1\n|turn|2\n|inactive|Bananen Pa Banen has 30 seconds left.\n|inactive|Volcano0 has 30 seconds left.\n|inactive|Bananen Pa Banen has 20 seconds left.\n|inactive|Bananen Pa Banen has 15 seconds left.\n|inactive|Bananen Pa Banen has 10 seconds left.\n|inactive|Bananen Pa Banen has 5 seconds left.\n|\n|t:|1776259981\n|switch|p1a: Venusaur|Venusaur, L50, F, shiny|100/100\n|detailschange|p2a: Blastoise|Blastoise-Mega, L50, M\n|-mega|p2a: Blastoise|Blastoise|Blastoisinite\n|move|p2b: Incineroar|Fake Out|p1a: Venusaur\n|-damage|p1a: Venusaur|85/100\n|move|p1b: Garchomp|Dragon Claw|p2a: Blastoise\n|-damage|p2a: Blastoise|35/100\n|move|p2a: Blastoise|Dragon Pulse|p1b: Garchomp\n|-supereffective|p1b: Garchomp|1\n|-damage|p1b: Garchomp|0 fnt\n|faint|p1b: Garchomp\n|\n|upkeep\n|\n|t:|1776259994\n|switch|p1b: Floette|Floette-Eternal, L50, F|100/100\n|turn|3\n|\n|t:|1776260015\n|detailschange|p1b: Floette|Floette-Mega, L50, F\n|-mega|p1b: Floette|Floette|Floettite\n|-ability|p1b: Floette|Fairy Aura\n|move|p2a: Blastoise|Protect|p2a: Blastoise\n|-singleturn|p2a: Blastoise|Protect\n|move|p1b: Floette|Dazzling Gleam|p2b: Incineroar|[spread] p2b\n|-activate|p2a: Blastoise|move: Protect\n|-damage|p2b: Incineroar|64/100\n|move|p1a: Venusaur|Earth Power|p2b: Incineroar\n|-supereffective|p2b: Incineroar|1\n|-damage|p2b: Incineroar|22/100\n|-enditem|p2b: Incineroar|Sitrus Berry|[eat]\n|-heal|p2b: Incineroar|47/100|[from] item: Sitrus Berry\n|move|p2b: Incineroar|Flare Blitz|p1a: Venusaur\n|-supereffective|p1a: Venusaur|1\n|-damage|p1a: Venusaur|0 fnt\n|faint|p1a: Venusaur\n|-damage|p2b: Incineroar|25/100|[from] Recoil\n|\n|upkeep\n|\n|t:|1776260031\n|switch|p1a: Charizard|Charizard, L50, F, shiny|100/100\n|turn|4\n|inactive|Bananen Pa Banen has 30 seconds left.\n|inactive|Bananen Pa Banen has 20 seconds left.\n|\n|t:|1776260071\n|switch|p2b: Jolteon|Jolteon, L50, F|100/100\n|move|p1a: Charizard|Protect|p1a: Charizard\n|-singleturn|p1a: Charizard|Protect\n|move|p1b: Floette|Dazzling Gleam|p2b: Jolteon|[spread] p2a,p2b\n|-damage|p2a: Blastoise|2/100\n|-damage|p2b: Jolteon|37/100\n|move|p2a: Blastoise|Water Pulse|p1a: Charizard\n|-activate|p1a: Charizard|move: Protect\n|\n|upkeep\n|turn|5\n|inactive|Bananen Pa Banen has 30 seconds left.\n|inactive|Bananen Pa Banen has 20 seconds left.\n|\n|t:|1776260109\n|move|p2b: Jolteon|Protect|p2b: Jolteon\n|-singleturn|p2b: Jolteon|Protect\n|move|p1a: Charizard|Heat Wave|p2a: Blastoise|[spread] p2a\n|-activate|p2b: Jolteon|move: Protect\n|-resisted|p2a: Blastoise|1\n|-damage|p2a: Blastoise|0 fnt\n|faint|p2a: Blastoise\n|move|p1b: Floette|Dazzling Gleam|p2b: Jolteon\n|-activate|p2b: Jolteon|move: Protect\n|\n|upkeep\n|\n|t:|1776260119\n|switch|p2a: Incineroar|Incineroar, L50, F|25/100\n|-ability|p2a: Incineroar|Intimidate|boost\n|-unboost|p1a: Charizard|atk|1\n|-unboost|p1b: Floette|atk|1\n|turn|6\n|\n|t:|1776260140\n|move|p2a: Incineroar|Helping Hand|p2b: Jolteon\n|-singleturn|p2b: Jolteon|Helping Hand|[of] p2a: Incineroar\n|move|p1b: Floette|Protect|p1b: Floette\n|-singleturn|p1b: Floette|Protect\n|move|p1a: Charizard|Protect|p1a: Charizard\n|-singleturn|p1a: Charizard|Protect\n|move|p2b: Jolteon|Thunderbolt|p1a: Charizard\n|-activate|p1a: Charizard|move: Protect\n|\n|upkeep\n|turn|7\n|\n|t:|1776260156\n|move|p2a: Incineroar|Helping Hand|p2b: Jolteon\n|-singleturn|p2b: Jolteon|Helping Hand|[of] p2a: Incineroar\n|move|p2b: Jolteon|Thunderbolt|p1a: Charizard\n|-supereffective|p1a: Charizard|1\n|-damage|p1a: Charizard|0 fnt\n|faint|p1a: Charizard\n|move|p1b: Floette|Dazzling Gleam|p2b: Jolteon|[spread] p2a,p2b\n|-damage|p2a: Incineroar|0 fnt\n|-damage|p2b: Jolteon|0 fnt\n|faint|p2a: Incineroar\n|faint|p2b: Jolteon\n|\n|win|Volcano0\n|raw|Volcano0's rating: 1145 &rarr; <strong>1171</strong><br />(+26 for winning)\n|raw|Bananen Pa Banen's rating: 1159 &rarr; <strong>1133</strong><br />(-26 for losing)\n|l|\u2606Bananen Pa Banen\n|player|p2|\n",
  "uploadtime": 1776260168,
  "views": 23,
  "formatid": "gen9championsvgc2026regma",
  "rating": 1133,
  "private": 0,
  "password": null
}