{
  "id": "gen9championsvgc2026regma-2588390225",
  "format": "[Gen 9 Champions] VGC 2026 Reg M-A",
  "players": [
    "dhsjsmbfbfdd",
    "BBJr"
  ],
  "log": "|j|\u2606dhsjsmbfbfdd\n|j|\u2606BBJr\n|t:|1776629504\n|gametype|doubles\n|player|p1|dhsjsmbfbfdd|101|1020\n|player|p2|BBJr|266|1000\n|gen|9\n|tier|[Gen 9 Champions] VGC 2026 Reg M-A\n|rated|\n|rule|Species Clause: Limit one of each Pok\u00e9mon\n|rule|Item Clause: Limit 1 of each item\n|clearpoke\n|poke|p1|Scovillain, L50, M|\n|poke|p1|Ninetales-Alola, L50, M|\n|poke|p1|Froslass, L50, F|\n|poke|p1|Heliolisk, L50, M|\n|poke|p1|Glimmora, L50, M|\n|poke|p1|Sinistcha-Masterpiece, L50|\n|poke|p2|Greninja, L50, F|\n|poke|p2|Sylveon, L50, F|\n|poke|p2|Infernape, L50, F|\n|poke|p2|Gliscor, L50, F|\n|poke|p2|Zoroark-Hisui, L50, F|\n|poke|p2|Rotom-Wash, L50|\n|teampreview|4\n|\n|t:|1776629562\n|teamsize|p1|4\n|teamsize|p2|4\n|start\n|switch|p1a: Heliolisk|Heliolisk, L50, M|100/100\n|switch|p1b: Ninetales|Ninetales-Alola, L50, M|100/100\n|switch|p2a: Infernape|Infernape, L50, F|100/100\n|switch|p2b: Gliscor|Gliscor, L50, F|100/100\n|-weather|Snowscape|[from] ability: Snow Warning|[of] p1b: Ninetales\n|turn|1\n|\n|t:|1776629581\n|move|p2a: Infernape|Fake Out|p1b: Ninetales\n|-damage|p1b: Ninetales|91/100\n|cant|p1b: Ninetales|flinch\n|move|p2b: Gliscor|Nasty Plot|p2b: Gliscor\n|-boost|p2b: Gliscor|spa|2\n|move|p1a: Heliolisk|Shed Tail|p1a: Heliolisk\n|-start|p1a: Heliolisk|Substitute|[from] move: Shed Tail\n|-damage|p1a: Heliolisk|50/100\n|\n|t:|1776629588\n|switch|p1a: Scovillain|Scovillain, L50, M|100/100|[from] Shed Tail\n|\n|-weather|Snowscape|[upkeep]\n|-ability|p1a: Scovillain|Moody|boost\n|-boost|p1a: Scovillain|def|2\n|-unboost|p1a: Scovillain|spe|1\n|upkeep\n|turn|2\n|\n|t:|1776629598\n|detailschange|p1a: Scovillain|Scovillain-Mega, L50, M\n|-mega|p1a: Scovillain|Scovillain|Scovillainite\n|move|p1b: Ninetales|Aurora Veil|p1b: Ninetales\n|-sidestart|p1: dhsjsmbfbfdd|move: Aurora Veil\n|move|p2b: Gliscor|Bitter Malice|p1a: Scovillain\n|-end|p1a: Scovillain|Substitute\n|move|p2a: Infernape|Raging Fury|p1b: Ninetales\n|-supereffective|p1b: Ninetales|1\n|-damage|p1b: Ninetales|15/100\n|move|p1a: Scovillain|Ingrain|p1a: Scovillain\n|-start|p1a: Scovillain|move: Ingrain\n|\n|-weather|Snowscape|[upkeep]\n|upkeep\n|turn|3\n|\n|t:|1776629619\n|switch|p1b: Heliolisk|Heliolisk, L50, M|50/100\n|move|p2b: Gliscor|Protect|p2b: Gliscor\n|-singleturn|p2b: Gliscor|Protect\n|move|p2a: Infernape|Raging Fury|p1a: Scovillain|[from] lockedmove\n|-damage|p1a: Scovillain|74/100\n|-immune|p2a: Infernape\n|-start|p2a: Infernape|confusion|[fatigue]\n|move|p1a: Scovillain|Leech Seed|p2b: Gliscor\n|-activate|p2b: Gliscor|move: Protect\n|\n|-weather|Snowscape|[upkeep]\n|-heal|p1a: Scovillain|79/100|[from] Ingrain\n|upkeep\n|turn|4\n|\n|t:|1776629641\n|switch|p1b: Sinistcha|Sinistcha-Masterpiece, L50|100/100\n|-heal|p1a: Scovillain|100/100|[from] ability: Hospitality|[of] p1b: Sinistcha\n|move|p2b: Gliscor|Psychic|p1a: Scovillain\n|-crit|p1a: Scovillain\n|-damage|p1a: Scovillain|3/100\n|-status|p2b: Gliscor|brn|[from] ability: Spicy Spray|[of] p1a: Scovillain\n|-activate|p2a: Infernape|confusion\n|move|p2a: Infernape|Close Combat|p1b: Sinistcha\n|-immune|p1b: Sinistcha\n|move|p1a: Scovillain|Leech Seed|p2b: Gliscor|[miss]\n|-miss|p1a: Scovillain|p2b: Gliscor\n|\n|-weather|Snowscape|[upkeep]\n|-heal|p1a: Scovillain|9/100|[from] Ingrain\n|-damage|p2b: Gliscor|94/100 brn|[from] brn\n|upkeep\n|turn|5\n|\n|t:|1776629663\n|move|p1a: Scovillain|Protect|p1a: Scovillain\n|-singleturn|p1a: Scovillain|Protect\n|move|p2b: Gliscor|Bitter Malice|p1b: Sinistcha\n|-supereffective|p1b: Sinistcha|1\n|-damage|p1b: Sinistcha|0 fnt\n|faint|p1b: Sinistcha\n|-activate|p2a: Infernape|confusion\n|-damage|p2a: Infernape|79/100|[from] confusion\n|\n|-weather|none\n|-heal|p1a: Scovillain|15/100|[from] Ingrain\n|-damage|p2b: Gliscor|88/100 brn|[from] brn\n|upkeep\n|\n|t:|1776629676\n|switch|p1b: Heliolisk|Heliolisk, L50, M|50/100\n|turn|6\n|-message|dhsjsmbfbfdd forfeited.\n|\n|win|BBJr\n|raw|dhsjsmbfbfdd's rating: 1020 &rarr; <strong>1006</strong><br />(-14 for losing)\n|raw|BBJr's rating: 1000 &rarr; <strong>1042</strong><br />(+42 for winning)\n|l|\u2606dhsjsmbfbfdd\n|player|p1|\n",
  "uploadtime": 1776629721,
  "views": 20,
  "formatid": "gen9championsvgc2026regma",
  "rating": 1006,
  "private": 0,
  "password": null
}