{
  "id": "gen9championsvgc2026regma-2588479148",
  "format": "[Gen 9 Champions] VGC 2026 Reg M-A",
  "players": [
    "Charliemander2030",
    "Pokeventurer"
  ],
  "log": "|j|\u2606Charliemander2030\n|j|\u2606Pokeventurer\n|t:|1776637195\n|gametype|doubles\n|player|p1|Charliemander2030|265|1412\n|player|p2|Pokeventurer|1|1508\n|gen|9\n|tier|[Gen 9 Champions] VGC 2026 Reg M-A\n|rated|\n|rule|Species Clause: Limit one of each Pok\u00e9mon\n|rule|Item Clause: Limit 1 of each item\n|clearpoke\n|poke|p1|Incineroar, L50, F|\n|poke|p1|Aerodactyl, L50, F|\n|poke|p1|Garchomp, L50, M|\n|poke|p1|Rotom-Wash, L50|\n|poke|p1|Floette-Eternal, L50, F|\n|poke|p1|Delphox, L50, M|\n|poke|p2|Talonflame, L50, M|\n|poke|p2|Kingambit, L50, F|\n|poke|p2|Garchomp, L50, F|\n|poke|p2|Basculegion, L50, M|\n|poke|p2|Floette-Eternal, L50, F|\n|poke|p2|Corviknight, L50, F|\n|teampreview|4\n|inactive|Battle timer is ON: inactive players will automatically lose when time's up. (requested by Pokeventurer)\n|inactive|Charliemander2030 has 60 seconds left.\n|inactive|Charliemander2030 has 30 seconds left.\n|\n|t:|1776637267\n|teamsize|p1|4\n|teamsize|p2|4\n|start\n|switch|p1a: Aerodactyl|Aerodactyl, L50, F|100/100\n|switch|p1b: Rotom|Rotom-Wash, L50|100/100\n|switch|p2a: Garchomp|Garchomp, L50, F|100/100\n|switch|p2b: Talonflame|Talonflame, L50, M|100/100\n|-ability|p1a: Aerodactyl|Unnerve\n|turn|1\n|\n|t:|1776637287\n|move|p2b: Talonflame|Tailwind|p2b: Talonflame\n|-sidestart|p2: Pokeventurer|move: Tailwind\n|move|p2a: Garchomp|Rock Slide|p1b: Rotom|[spread] p1a,p1b\n|-supereffective|p1a: Aerodactyl|1\n|-damage|p1a: Aerodactyl|28/100\n|-damage|p1b: Rotom|72/100\n|cant|p1b: Rotom|flinch\n|move|p1a: Aerodactyl|Tailwind|p1a: Aerodactyl\n|-sidestart|p1: Charliemander2030|move: Tailwind\n|\n|upkeep\n|turn|2\n|\n|t:|1776637299\n|switch|p2b: Basculegion|Basculegion, L50, M|100/100\n|move|p1b: Rotom|Hydro Pump|p2a: Garchomp\n|-damage|p2a: Garchomp|39/100\n|move|p1a: Aerodactyl|Rock Slide|p2b: Basculegion|[spread] p2a,p2b\n|-resisted|p2a: Garchomp|1\n|-damage|p2a: Garchomp|25/100\n|-damage|p2b: Basculegion|69/100\n|cant|p2a: Garchomp|flinch\n|\n|upkeep\n|turn|3\n|j| fancy cucudrula\n|\n|t:|1776637318\n|switch|p1b: Garchomp|Garchomp, L50, M|100/100\n|move|p1a: Aerodactyl|Protect|p1a: Aerodactyl\n|-singleturn|p1a: Aerodactyl|Protect\n|move|p2b: Basculegion|Wave Crash|p1b: Garchomp\n|-damage|p1b: Garchomp|22/100\n|-damage|p2b: Basculegion|56/100|[from] ability: Rough Skin|[of] p1b: Garchomp\n|-damage|p2b: Basculegion|32/100|[from] Recoil\n|move|p2a: Garchomp|Rock Slide|p1b: Garchomp|[spread] p1b\n|-activate|p1a: Aerodactyl|move: Protect\n|-resisted|p1b: Garchomp|1\n|-damage|p1b: Garchomp|11/100\n|\n|upkeep\n|turn|4\n|inactive|Charliemander2030 has 30 seconds left.\n|\n|t:|1776637345\n|move|p2a: Garchomp|Protect|p2a: Garchomp\n|-singleturn|p2a: Garchomp|Protect\n|move|p2b: Basculegion|Wave Crash|p1a: Aerodactyl\n|-supereffective|p1a: Aerodactyl|1\n|-damage|p1a: Aerodactyl|0 fnt\n|faint|p1a: Aerodactyl\n|-damage|p2b: Basculegion|25/100|[from] Recoil\n|move|p1b: Garchomp|Earthquake|p2a: Garchomp|[spread] p2b\n|-activate|p2a: Garchomp|move: Protect\n|-damage|p2b: Basculegion|0 fnt\n|faint|p2b: Basculegion\n|\n|-sideend|p1: Charliemander2030|move: Tailwind\n|-sideend|p2: Pokeventurer|move: Tailwind\n|upkeep\n|\n|t:|1776637356\n|switch|p1a: Delphox|Delphox, L50, M|100/100\n|switch|p2b: Talonflame|Talonflame, L50, M|100/100\n|turn|5\n|\n|t:|1776637369\n|detailschange|p1a: Delphox|Delphox-Mega, L50, M\n|-mega|p1a: Delphox|Delphox|Delphoxite\n|move|p2b: Talonflame|Tailwind|p2b: Talonflame\n|-sidestart|p2: Pokeventurer|move: Tailwind\n|move|p2a: Garchomp|Rock Slide|p1b: Garchomp|[spread] p1a,p1b\n|-supereffective|p1a: Delphox|1\n|-resisted|p1b: Garchomp|1\n|-damage|p1a: Delphox|37/100\n|-damage|p1b: Garchomp|0 fnt\n|faint|p1b: Garchomp\n|move|p1a: Delphox|Heat Wave|p2b: Talonflame|[spread] p2a,p2b\n|-resisted|p2a: Garchomp|1\n|-resisted|p2b: Talonflame|1\n|-damage|p2a: Garchomp|0 fnt\n|-damage|p2b: Talonflame|68/100\n|faint|p2a: Garchomp\n|\n|upkeep\n|\n|t:|1776637380\n|switch|p1b: Rotom|Rotom-Wash, L50|72/100\n|switch|p2a: Kingambit|Kingambit, L50, F|100/100\n|turn|6\n|\n|t:|1776637387\n|move|p1a: Delphox|Protect|p1a: Delphox\n|-singleturn|p1a: Delphox|Protect\n|move|p2b: Talonflame|Brave Bird|p1b: Rotom\n|-resisted|p1b: Rotom|1\n|-damage|p1b: Rotom|34/100\n|-damage|p2b: Talonflame|57/100|[from] Recoil\n|move|p1b: Rotom|Discharge|p2b: Talonflame|[spread] p2a,p2b\n|-activate|p1a: Delphox|move: Protect\n|-supereffective|p2b: Talonflame|1\n|-damage|p2a: Kingambit|68/100\n|-damage|p2b: Talonflame|0 fnt\n|-status|p2a: Kingambit|par\n|faint|p2b: Talonflame\n|move|p2a: Kingambit|Kowtow Cleave|p1b: Rotom\n|-damage|p1b: Rotom|0 fnt\n|faint|p1b: Rotom\n|\n|upkeep\n|turn|7\n|\n|t:|1776637404\n|move|p2a: Kingambit|Sucker Punch|p1a: Delphox\n|-supereffective|p1a: Delphox|1\n|-damage|p1a: Delphox|0 fnt\n|faint|p1a: Delphox\n|\n|win|Pokeventurer\n|raw|Charliemander2030's rating: 1412 &rarr; <strong>1397</strong><br />(-15 for losing)\n|raw|Pokeventurer's rating: 1508 &rarr; <strong>1523</strong><br />(+15 for winning)\n",
  "uploadtime": 1776637408,
  "views": 11,
  "formatid": "gen9championsvgc2026regma",
  "rating": 1397,
  "private": 0,
  "password": null
}