{
  "id": "gen9championsvgc2026regma-2581986278",
  "format": "[Gen 9 Champions] VGC 2026 Reg M-A",
  "players": [
    "salt_water123",
    "Loppi Loppi"
  ],
  "log": "|j|\u2606salt_water123\n|j|\u2606Loppi Loppi\n|t:|1776045786\n|gametype|doubles\n|player|p1|salt_water123|harmony|\n|player|p2|Loppi Loppi|101|\n|gen|9\n|tier|[Gen 9 Champions] VGC 2026 Reg M-A\n|rated|Tournament battle\n|rule|Species Clause: Limit one of each Pok\u00e9mon\n|rule|Item Clause: Limit 1 of each item\n|clearpoke\n|poke|p1|Chandelure, L50, F|\n|poke|p1|Milotic, L50, M|\n|poke|p1|Sneasler, L50, F|\n|poke|p1|Talonflame, L50, F|\n|poke|p1|Sinistcha, L50|\n|poke|p1|Garchomp, L50, F|\n|poke|p2|Lopunny, L50, F|\n|poke|p2|Kingambit, L50, M|\n|poke|p2|Talonflame, L50, M|\n|poke|p2|Milotic, L50, F|\n|poke|p2|Sinistcha, L50|\n|poke|p2|Garchomp, L50, M|\n|teampreview|4\n|inactive|Battle timer is ON: inactive players will automatically lose when time's up. (requested by salt_water123)\n|inactive|Loppi Loppi also wants the timer to be on.\n|j| zamazenta nerd\n|j| island pocket\n|j| mishedngI\n|j| yukki0207\n|j| Misstaken Magic\n|j| Riczi\n|j| knoxxzeta\n|\n|t:|1776045808\n|teamsize|p1|4\n|teamsize|p2|4\n|start\n|switch|p1a: Milotic|Milotic, L50, M|100/100\n|switch|p1b: Sneasler|Sneasler, L50, F|100/100\n|switch|p2a: Talonflame|Talonflame, L50, M|100/100\n|switch|p2b: Garchomp|Garchomp, L50, M|100/100\n|turn|1\n|\n|t:|1776045818\n|move|p1b: Sneasler|Fake Out|p2b: Garchomp\n|-damage|p2b: Garchomp|87/100\n|-damage|p1b: Sneasler|88/100|[from] ability: Rough Skin|[of] p2b: Garchomp\n|move|p2a: Talonflame|Brave Bird|p1b: Sneasler\n|-supereffective|p1b: Sneasler|1\n|-damage|p1b: Sneasler|0 fnt\n|faint|p1b: Sneasler\n|-damage|p2a: Talonflame|71/100|[from] Recoil\n|cant|p2b: Garchomp|flinch\n|move|p1a: Milotic|Coil|p1a: Milotic\n|-boost|p1a: Milotic|atk|1\n|-boost|p1a: Milotic|def|1\n|-boost|p1a: Milotic|accuracy|1\n|\n|upkeep\n|\n|t:|1776045832\n|switch|p1b: Chandelure|Chandelure, L50, F|100/100\n|turn|2\n|j| hesolk\n|\n|t:|1776045842\n|move|p1b: Chandelure|Protect|p1b: Chandelure\n|-singleturn|p1b: Chandelure|Protect\n|move|p2b: Garchomp|Earthquake|p1b: Chandelure|[spread] p1a\n|-activate|p1b: Chandelure|move: Protect\n|-immune|p2a: Talonflame\n|-damage|p1a: Milotic|71/100\n|move|p2a: Talonflame|Taunt|p1a: Milotic\n|-start|p1a: Milotic|move: Taunt\n|cant|p1a: Milotic|move: Taunt|Hypnosis\n|\n|-heal|p1a: Milotic|77/100|[from] item: Leftovers\n|upkeep\n|turn|3\n|l| hesolk\n|\n|t:|1776045858\n|switch|p1b: Talonflame|Talonflame, L50, F|100/100\n|move|p2b: Garchomp|Earthquake|p1b: Talonflame|[spread] p1a\n|-immune|p2a: Talonflame\n|-immune|p1b: Talonflame\n|-damage|p1a: Milotic|48/100\n|move|p2a: Talonflame|Brave Bird|p1a: Milotic\n|-damage|p1a: Milotic|5/100\n|-damage|p2a: Talonflame|53/100|[from] Recoil\n|move|p1a: Milotic|Muddy Water|p2a: Talonflame|[spread] p2a,p2b\n|-supereffective|p2a: Talonflame|1\n|-damage|p2a: Talonflame|0 fnt\n|-damage|p2b: Garchomp|62/100\n|-unboost|p2b: Garchomp|accuracy|1\n|faint|p2a: Talonflame\n|\n|-heal|p1a: Milotic|11/100|[from] item: Leftovers\n|upkeep\n|j| Thogi_\n|j| smokey23\n|inactive|Loppi Loppi has 30 seconds left.\n|inactive|Loppi Loppi has 20 seconds left.\n|l| yukki0207\n|inactive|Loppi Loppi has 15 seconds left.\n|j|+Gross Sweep \u2603\n|c|\u2606salt_water123|what is that talonflame smoking to be doing 43 to +1 def milo wtf\n|inactive|Loppi Loppi has 10 seconds left.\n|inactive|Loppi Loppi has 5 seconds left.\n|\n|t:|1776045908\n|switch|p2a: Lopunny|Lopunny, L50, F|100/100\n|turn|4\n|j| ootama\n|inactive|Loppi Loppi has 30 seconds left.\n|inactive|Loppi Loppi has 20 seconds left.\n|inactive|Loppi Loppi has 15 seconds left.\n|\n|t:|1776045948\n|switch|p2b: Kingambit|Kingambit, L50, M|100/100\n|detailschange|p2a: Lopunny|Lopunny-Mega, L50, F\n|-mega|p2a: Lopunny|Lopunny|Lopunnite\n|move|p1b: Talonflame|Protect|p1b: Talonflame\n|-singleturn|p1b: Talonflame|Protect\n|move|p2a: Lopunny|Fake Out|p1a: Milotic\n|-damage|p1a: Milotic|0 fnt\n|faint|p1a: Milotic\n|\n|upkeep\n|\n|t:|1776045955\n|switch|p1a: Chandelure|Chandelure, L50, F|100/100\n|turn|5\n|\n|t:|1776045969\n|detailschange|p1a: Chandelure|Chandelure-Mega, L50, F\n|-mega|p1a: Chandelure|Chandelure|Chandelurite\n|move|p2a: Lopunny|Quick Attack|p1b: Talonflame\n|-damage|p1b: Talonflame|69/100\n|move|p2b: Kingambit|Sucker Punch|p1a: Chandelure\n|-supereffective|p1a: Chandelure|1\n|-damage|p1a: Chandelure|10/100\n|move|p1b: Talonflame|Acrobatics|p2a: Lopunny\n|-supereffective|p2a: Lopunny|1\n|-damage|p2a: Lopunny|0 fnt\n|faint|p2a: Lopunny\n|move|p1a: Chandelure|Heat Wave|p2b: Kingambit\n|-supereffective|p2b: Kingambit|1\n|-damage|p2b: Kingambit|0 fnt\n|faint|p2b: Kingambit\n|\n|upkeep\n|\n|t:|1776045972\n|switch|p2b: Garchomp|Garchomp, L50, M|62/100\n|turn|6\n|\n|t:|1776045985\n|move|p1a: Chandelure|Protect|p1a: Chandelure\n|-singleturn|p1a: Chandelure|Protect\n|move|p2b: Garchomp|Rock Slide|p1a: Chandelure|[spread] p1b\n|-activate|p1a: Chandelure|move: Protect\n|-supereffective|p1b: Talonflame|2\n|-damage|p1b: Talonflame|0 fnt\n|faint|p1b: Talonflame\n|\n|upkeep\n|turn|7\n|\n|t:|1776045990\n|move|p2b: Garchomp|Rock Slide|p1a: Chandelure\n|-supereffective|p1a: Chandelure|1\n|-damage|p1a: Chandelure|0 fnt\n|faint|p1a: Chandelure\n|\n|win|Loppi Loppi\n|n|\u2606salt_water123|saltwater123\n|n|\u2606Loppi Loppi|loppiloppi\n|n| zamazenta nerd|zamazentanerd\n|n| island pocket|islandpocket\n|n| mishedngI|mishedngi\n|n| Misstaken Magic|misstakenmagic\n|n| Riczi|riczi\n|n| knoxxzeta|knoxxzeta\n|n| Thogi_|thogi\n|n| smokey23|smokey23\n|n|+Gross Sweep \u2603|grosssweep\n|n| ootama|ootama\n",
  "uploadtime": 1776045990,
  "views": 13,
  "formatid": "gen9championsvgc2026regma",
  "rating": null,
  "private": 0,
  "password": null
}