{
  "id": "gen9championsvgc2026regma-2582980551",
  "format": "[Gen 9 Champions] VGC 2026 Reg M-A",
  "players": [
    "JuliPipi",
    "A5h3r"
  ],
  "log": "|j|\u2606JuliPipi\n|j|\u2606A5h3r\n|t:|1776130426\n|gametype|doubles\n|player|p1|JuliPipi|169|1025\n|player|p2|A5h3r|alder|1044\n|gen|9\n|tier|[Gen 9 Champions] VGC 2026 Reg M-A\n|rated|\n|rule|Species Clause: Limit one of each Pok\u00e9mon\n|rule|Item Clause: Limit 1 of each item\n|clearpoke\n|poke|p1|Kingambit, L50, F|\n|poke|p1|Sneasler, L50, F|\n|poke|p1|Charizard, L50, M|\n|poke|p1|Whimsicott, L50, M|\n|poke|p1|Maushold, L50|\n|poke|p1|Garchomp, L50, F|\n|poke|p2|Farigiraf, L50, M|\n|poke|p2|Pelipper, L50, F|\n|poke|p2|Feraligatr, L50, M|\n|poke|p2|Sinistcha-Masterpiece, L50|\n|poke|p2|Sneasler, L50, F|\n|poke|p2|Archaludon, L50, F|\n|teampreview|4\n|inactive|Battle timer is ON: inactive players will automatically lose when time's up. (requested by JuliPipi)\n|\n|t:|1776130491\n|teamsize|p1|4\n|teamsize|p2|4\n|start\n|switch|p1a: Sneasler|Sneasler, L50, F|100/100\n|switch|p1b: Charizard|Charizard, L50, M|100/100\n|switch|p2a: performative|Sinistcha-Masterpiece, L50|100/100\n|switch|p2b: Climber Guy|Sneasler, L50, F, shiny|100/100\n|turn|1\n|\n|t:|1776130504\n|detailschange|p1b: Charizard|Charizard-Mega-Y, L50, M\n|-mega|p1b: Charizard|Charizard|Charizardite Y\n|-weather|SunnyDay|[from] ability: Drought|[of] p1b: Charizard\n|move|p2a: performative|Protect|p2a: performative\n|-singleturn|p2a: performative|Protect\n|move|p2b: Climber Guy|Fake Out|p1b: Charizard\n|-damage|p1b: Charizard|83/100\n|move|p1a: Sneasler|Fake Out|p2b: Climber Guy\n|-damage|p2b: Climber Guy|71/100\n|cant|p1b: Charizard|flinch\n|\n|-weather|SunnyDay|[upkeep]\n|upkeep\n|turn|2\n|inactive|A5h3r has 30 seconds left.\n|inactive|A5h3r has 20 seconds left.\n|\n|t:|1776130540\n|switch|p2a: DUMPSTER|Pelipper, L50, F|100/100\n|-weather|RainDance|[from] ability: Drizzle|[of] p2a: DUMPSTER\n|move|p1b: Charizard|Protect|p1b: Charizard\n|-singleturn|p1b: Charizard|Protect\n|move|p2b: Climber Guy|Dire Claw|p1b: Charizard\n|-activate|p1b: Charizard|move: Protect\n|move|p1a: Sneasler|Poison Jab|p2a: DUMPSTER\n|-damage|p2a: DUMPSTER|53/100\n|\n|-weather|RainDance|[upkeep]\n|upkeep\n|turn|3\n|inactive|JuliPipi has 30 seconds left.\n|\n|t:|1776130573\n|switch|p2b: aussie|Feraligatr, L50, M|100/100\n|switch|p1b: Whimsicott|Whimsicott, L50, M|100/100\n|move|p1a: Sneasler|Protect|p1a: Sneasler\n|-singleturn|p1a: Sneasler|Protect\n|move|p2a: DUMPSTER|Tailwind|p2a: DUMPSTER\n|-sidestart|p2: A5h3r|move: Tailwind\n|\n|-weather|RainDance|[upkeep]\n|upkeep\n|turn|4\n|inactive|A5h3r has 30 seconds left.\n|inactive|A5h3r has 20 seconds left.\n|inactive|A5h3r has 15 seconds left.\n|\n|t:|1776130614\n|detailschange|p2b: aussie|Feraligatr-Mega, L50, M\n|-mega|p2b: aussie|Feraligatr|Feraligite\n|move|p1b: Whimsicott|Sunny Day|p1b: Whimsicott\n|-weather|SunnyDay\n|move|p2b: aussie|Double-Edge|p1a: Sneasler\n|-damage|p1a: Sneasler|0 fnt\n|faint|p1a: Sneasler\n|-damage|p2b: aussie|73/100|[from] Recoil\n|move|p2a: DUMPSTER|Hurricane|p1b: Whimsicott\n|-supereffective|p1b: Whimsicott|1\n|-enditem|p1b: Whimsicott|Focus Sash\n|-damage|p1b: Whimsicott|1/100\n|\n|-weather|SunnyDay|[upkeep]\n|upkeep\n|\n|t:|1776130634\n|switch|p1a: Charizard|Charizard-Mega-Y, L50, M|83/100\n|turn|5\n|\n|t:|1776130648\n|switch|p2a: performative|Sinistcha-Masterpiece, L50|100/100\n|-heal|p2b: aussie|98/100|[from] ability: Hospitality|[of] p2a: performative\n|move|p2b: aussie|Aqua Jet|p1b: Whimsicott\n|-resisted|p1b: Whimsicott|1\n|-damage|p1b: Whimsicott|0 fnt\n|faint|p1b: Whimsicott\n|move|p1a: Charizard|Solar Beam||[still]\n|-prepare|p1a: Charizard|Solar Beam\n|-anim|p1a: Charizard|Solar Beam|p2b: aussie\n|-damage|p2b: aussie|50/100\n|\n|-weather|SunnyDay|[upkeep]\n|upkeep\n|\n|t:|1776130655\n|switch|p1b: Garchomp|Garchomp, L50, F|100/100\n|turn|6\n|inactive|A5h3r has 30 seconds left.\n|\n|t:|1776130692\n|move|p1a: Charizard|Protect|p1a: Charizard\n|-singleturn|p1a: Charizard|Protect\n|move|p2a: performative|Rage Powder|p2a: performative\n|-singleturn|p2a: performative|move: Rage Powder\n|move|p1b: Garchomp|Stomping Tantrum|p2a: performative\n|-resisted|p2a: performative|1\n|-crit|p2a: performative\n|-damage|p2a: performative|70/100\n|move|p2b: aussie|Double-Edge|p1b: Garchomp\n|-supereffective|p1b: Garchomp|1\n|-damage|p1b: Garchomp|0 fnt\n|-damage|p2b: aussie|38/100|[from] ability: Rough Skin|[of] p1b: Garchomp\n|faint|p1b: Garchomp\n|-damage|p2b: aussie|5/100|[from] Recoil\n|\n|-weather|SunnyDay|[upkeep]\n|-heal|p2a: performative|76/100|[from] item: Leftovers\n|-sideend|p2: A5h3r|move: Tailwind\n|upkeep\n|turn|7\n|\n|t:|1776130710\n|switch|p2a: DUMPSTER|Pelipper, L50, F|53/100\n|-weather|RainDance|[from] ability: Drizzle|[of] p2a: DUMPSTER\n|move|p2b: aussie|Aqua Jet|p1a: Charizard\n|-supereffective|p1a: Charizard|1\n|-damage|p1a: Charizard|0 fnt\n|faint|p1a: Charizard\n|\n|win|A5h3r\n|raw|JuliPipi's rating: 1025 &rarr; <strong>1012</strong><br />(-13 for losing)\n|raw|A5h3r's rating: 1044 &rarr; <strong>1076</strong><br />(+32 for winning)\n|c|\u2606A5h3r|ggwp\n|l|\u2606JuliPipi\n|player|p1|\n",
  "uploadtime": 1776130726,
  "views": 13,
  "formatid": "gen9championsvgc2026regma",
  "rating": 1012,
  "private": 0,
  "password": null
}