{
  "id": "gen9championsvgc2026regma-2584040759",
  "format": "[Gen 9 Champions] VGC 2026 Reg M-A",
  "players": [
    "pedricolul",
    "Missed Ledgedash"
  ],
  "log": "|j|\u2606pedricolul\n|j|\u2606Missed Ledgedash\n|t:|1776219302\n|gametype|doubles\n|player|p1|pedricolul|waiter|1117\n|player|p2|Missed Ledgedash|juan-gen3|1181\n|gen|9\n|tier|[Gen 9 Champions] VGC 2026 Reg M-A\n|rated|\n|rule|Species Clause: Limit one of each Pok\u00e9mon\n|rule|Item Clause: Limit 1 of each item\n|clearpoke\n|poke|p1|Gardevoir, L50, M|\n|poke|p1|Talonflame, L50, F|\n|poke|p1|Milotic, L50, M|\n|poke|p1|Arcanine, L50, F|\n|poke|p1|Alcremie-Matcha-Cream, L50, F|\n|poke|p1|Mamoswine, L50, F|\n|poke|p2|Incineroar, L50, F|\n|poke|p2|Gengar, L50, F|\n|poke|p2|Gyarados, L50, F|\n|poke|p2|Tyranitar, L50, M|\n|poke|p2|Sneasler, L50, M|\n|poke|p2|Excadrill, L50, M|\n|teampreview|4\n|\n|t:|1776219362\n|teamsize|p1|4\n|teamsize|p2|4\n|start\n|switch|p1a: Talonflame|Talonflame, L50, F, shiny|100/100\n|switch|p1b: Arcanine|Arcanine, L50, F|100/100\n|switch|p2a: Gengar|Gengar, L50, F|100/100\n|switch|p2b: Incineroar|Incineroar, L50, F|100/100\n|-ability|p1b: Arcanine|Intimidate|boost\n|-unboost|p2a: Gengar|atk|1\n|-unboost|p2b: Incineroar|atk|1\n|-ability|p2b: Incineroar|Intimidate|boost\n|-unboost|p1a: Talonflame|atk|1\n|-unboost|p1b: Arcanine|atk|1\n|turn|1\n|\n|t:|1776219376\n|detailschange|p2a: Gengar|Gengar-Mega, L50, F\n|-mega|p2a: Gengar|Gengar|Gengarite\n|move|p2b: Incineroar|Fake Out|p1a: Talonflame\n|-damage|p1a: Talonflame|91/100\n|cant|p1a: Talonflame|flinch\n|move|p2a: Gengar|Perish Song|p2a: Gengar\n|-start|p1a: Talonflame|perish3|[silent]\n|-start|p1b: Arcanine|perish3|[silent]\n|-start|p2a: Gengar|perish3|[silent]\n|-start|p2b: Incineroar|perish3|[silent]\n|-fieldactivate|move: Perish Song\n|move|p1b: Arcanine|Snarl|p2b: Incineroar|[spread] p2a,p2b\n|-supereffective|p2a: Gengar|1\n|-resisted|p2b: Incineroar|1\n|-damage|p2a: Gengar|81/100\n|-damage|p2b: Incineroar|97/100\n|-unboost|p2a: Gengar|spa|1\n|-unboost|p2b: Incineroar|spa|1\n|\n|-start|p1a: Talonflame|perish3\n|-start|p2a: Gengar|perish3\n|-start|p1b: Arcanine|perish3\n|-start|p2b: Incineroar|perish3\n|upkeep\n|turn|2\n|\n|t:|1776219402\n|move|p2a: Gengar|Protect|p2a: Gengar\n|-singleturn|p2a: Gengar|Protect\n|move|p2b: Incineroar|Protect|p2b: Incineroar\n|-singleturn|p2b: Incineroar|Protect\n|move|p1a: Talonflame|Tailwind|p1a: Talonflame\n|-sidestart|p1: pedricolul|move: Tailwind\n|move|p1b: Arcanine|Snarl|p2b: Incineroar|[spread] \n|-activate|p2a: Gengar|move: Protect\n|-activate|p2b: Incineroar|move: Protect\n|\n|-start|p1a: Talonflame|perish2\n|-start|p1b: Arcanine|perish2\n|-start|p2a: Gengar|perish2\n|-start|p2b: Incineroar|perish2\n|upkeep\n|turn|3\n|inactive|Battle timer is ON: inactive players will automatically lose when time's up. (requested by pedricolul)\n|\n|t:|1776219438\n|switch|p2a: Gyarados|Gyarados, L50, F|100/100\n|-ability|p2a: Gyarados|Intimidate|boost\n|-unboost|p1a: Talonflame|atk|1\n|-unboost|p1b: Arcanine|atk|1\n|move|p1a: Talonflame|U-turn|p2a: Gyarados\n|-resisted|p2a: Gyarados|1\n|-damage|p2a: Gyarados|96/100\n|\n|t:|1776219445\n|switch|p1a: Mamoswine|Mamoswine, L50, F|100/100|[from] U-turn\n|move|p1b: Arcanine|Flare Blitz|p2a: Gyarados\n|-resisted|p2a: Gyarados|1\n|-damage|p2a: Gyarados|82/100\n|-damage|p1b: Arcanine|95/100|[from] Recoil\n|move|p2b: Incineroar|Parting Shot|p1a: Mamoswine\n|-unboost|p1a: Mamoswine|atk|1\n|-unboost|p1a: Mamoswine|spa|1\n|\n|t:|1776219454\n|switch|p2b: Gengar|Gengar-Mega, L50, F|81/100|[from] Parting Shot\n|\n|-start|p1b: Arcanine|perish1\n|upkeep\n|turn|4\n|\n|t:|1776219478\n|move|p1a: Mamoswine|High Horsepower|p2b: Gengar|[miss]\n|-miss|p1a: Mamoswine|p2b: Gengar\n|move|p1b: Arcanine|Snarl|p2a: Gyarados|[spread] p2a,p2b\n|-supereffective|p2b: Gengar|1\n|-damage|p2a: Gyarados|74/100\n|-damage|p2b: Gengar|61/100\n|-unboost|p2a: Gyarados|spa|1\n|-unboost|p2b: Gengar|spa|1\n|move|p2b: Gengar|Shadow Ball|p1a: Mamoswine\n|-damage|p1a: Mamoswine|63/100\n|move|p2a: Gyarados|Waterfall|p1a: Mamoswine\n|-supereffective|p1a: Mamoswine|1\n|-damage|p1a: Mamoswine|0 fnt\n|faint|p1a: Mamoswine\n|\n|-start|p1b: Arcanine|perish0\n|faint|p1b: Arcanine\n|upkeep\n|\n|t:|1776219494\n|switch|p1a: Talonflame|Talonflame, L50, F, shiny|91/100\n|switch|p1b: Gardevoir|Gardevoir, L50, M|100/100\n|-ability|p1b: Gardevoir|Intimidate|Trace|[from] ability: Trace|[of] p2a: Gyarados\n|-ability|p1b: Gardevoir|Intimidate|boost\n|-unboost|p2a: Gyarados|atk|1\n|-unboost|p2b: Gengar|atk|1\n|turn|5\n|inactive|pedricolul has 30 seconds left.\n|\n|t:|1776219525\n|switch|p2b: Incineroar|Incineroar, L50, F|97/100\n|-ability|p2b: Incineroar|Intimidate|boost\n|-unboost|p1a: Talonflame|atk|1\n|-unboost|p1b: Gardevoir|atk|1\n|detailschange|p1b: Gardevoir|Gardevoir-Mega, L50, M\n|-mega|p1b: Gardevoir|Gardevoir|Gardevoirite\n|move|p1a: Talonflame|U-turn|p2a: Gyarados\n|-resisted|p2a: Gyarados|1\n|-damage|p2a: Gyarados|68/100\n|move|p1b: Gardevoir|Expanding Force|p2b: Incineroar\n|-immune|p2b: Incineroar\n|move|p2a: Gyarados|Waterfall|p1a: Talonflame\n|-supereffective|p1a: Talonflame|1\n|-damage|p1a: Talonflame|23/100\n|\n|-sideend|p1: pedricolul|move: Tailwind\n|upkeep\n|turn|6\n|inactive|Missed Ledgedash has 30 seconds left.\n|inactive|Missed Ledgedash has 20 seconds left.\n|inactive|Missed Ledgedash has 15 seconds left.\n|inactive|Missed Ledgedash has 10 seconds left.\n|inactive|Missed Ledgedash has 5 seconds left.\n|\n|t:|1776219580\n|move|p2a: Gyarados|Protect|p2a: Gyarados\n|-singleturn|p2a: Gyarados|Protect\n|move|p2b: Incineroar|Protect|p2b: Incineroar\n|-singleturn|p2b: Incineroar|Protect\n|move|p1a: Talonflame|Roost|p1a: Talonflame\n|-heal|p1a: Talonflame|73/100\n|-singleturn|p1a: Talonflame|move: Roost\n|move|p1b: Gardevoir|Hyper Voice|p2a: Gyarados|[spread] \n|-activate|p2a: Gyarados|move: Protect\n|-activate|p2b: Incineroar|move: Protect\n|\n|upkeep\n|turn|7\n|\n|t:|1776219599\n|move|p1a: Talonflame|Tailwind|p1a: Talonflame\n|-sidestart|p1: pedricolul|move: Tailwind\n|move|p1b: Gardevoir|Hyper Voice|p2b: Incineroar|[spread] p2a,p2b\n|-damage|p2a: Gyarados|18/100\n|-damage|p2b: Incineroar|46/100\n|-enditem|p2a: Gyarados|Sitrus Berry|[eat]\n|-heal|p2a: Gyarados|43/100|[from] item: Sitrus Berry\n|move|p2a: Gyarados|Waterfall|p1a: Talonflame\n|-supereffective|p1a: Talonflame|1\n|-damage|p1a: Talonflame|12/100\n|move|p2b: Incineroar|Parting Shot|p1b: Gardevoir\n|-unboost|p1b: Gardevoir|atk|1\n|-unboost|p1b: Gardevoir|spa|1\n|\n|t:|1776219611\n|switch|p2b: Sneasler|Sneasler, L50, M|100/100|[from] Parting Shot\n|\n|upkeep\n|turn|8\n|\n|t:|1776219633\n|move|p2b: Sneasler|Fake Out|p1b: Gardevoir\n|-damage|p1b: Gardevoir|78/100\n|move|p1a: Talonflame|Roost|p1a: Talonflame\n|-heal|p1a: Talonflame|62/100\n|-singleturn|p1a: Talonflame|move: Roost\n|cant|p1b: Gardevoir|flinch\n|move|p2a: Gyarados|Waterfall|p1a: Talonflame\n|-supereffective|p1a: Talonflame|1\n|-damage|p1a: Talonflame|4/100\n|\n|upkeep\n|turn|9\n|\n|t:|1776219650\n|switch|p2b: Incineroar|Incineroar, L50, F|46/100\n|-ability|p2b: Incineroar|Intimidate|boost\n|-unboost|p1a: Talonflame|atk|1\n|-unboost|p1b: Gardevoir|atk|1\n|move|p1a: Talonflame|U-turn|p2a: Gyarados\n|-resisted|p2a: Gyarados|1\n|-damage|p2a: Gyarados|39/100\n|move|p1b: Gardevoir|Expanding Force|p2b: Incineroar\n|-immune|p2b: Incineroar\n|move|p2a: Gyarados|Waterfall|p1a: Talonflame\n|-supereffective|p1a: Talonflame|1\n|-damage|p1a: Talonflame|0 fnt\n|faint|p1a: Talonflame\n|\n|upkeep\n|turn|10\n|\n|t:|1776219665\n|switch|p2a: Sneasler|Sneasler, L50, M|100/100\n|move|p2b: Incineroar|Fake Out|p1b: Gardevoir\n|-damage|p1b: Gardevoir|60/100\n|cant|p1b: Gardevoir|flinch\n|\n|-sideend|p1: pedricolul|move: Tailwind\n|upkeep\n|turn|11\n|\n|t:|1776219673\n|move|p2a: Sneasler|Dire Claw|p1b: Gardevoir\n|-supereffective|p1b: Gardevoir|1\n|-damage|p1b: Gardevoir|0 fnt\n|faint|p1b: Gardevoir\n|\n|win|Missed Ledgedash\n|raw|pedricolul's rating: 1117 &rarr; <strong>1097</strong><br />(-20 for losing)\n|raw|Missed Ledgedash's rating: 1181 &rarr; <strong>1201</strong><br />(+20 for winning)\n",
  "uploadtime": 1776219674,
  "views": 17,
  "formatid": "gen9championsvgc2026regma",
  "rating": 1097,
  "private": 0,
  "password": null
}