{
  "id": "gen9championsvgc2026regma-2586781444",
  "format": "[Gen 9 Champions] VGC 2026 Reg M-A",
  "players": [
    "EpicPedros",
    "Kylow901"
  ],
  "log": "|j|\u2606EpicPedros\n|j|\u2606Kylow901\n|t:|1776459415\n|gametype|doubles\n|player|p1|EpicPedros|steven|1000\n|player|p2|Kylow901|red|1062\n|gen|9\n|tier|[Gen 9 Champions] VGC 2026 Reg M-A\n|rated|\n|rule|Species Clause: Limit one of each Pok\u00e9mon\n|rule|Item Clause: Limit 1 of each item\n|clearpoke\n|poke|p1|Primarina, L50, M|\n|poke|p1|Farigiraf, L50, M|\n|poke|p1|Aggron, L50, M|\n|poke|p1|Meganium, L50, M|\n|poke|p1|Sneasler, L50, F|\n|poke|p1|Armarouge, L50, F|\n|poke|p2|Mr. Rime, L50, F|\n|poke|p2|Chandelure, L50, M|\n|poke|p2|Sinistcha, L50|\n|poke|p2|Crabominable, L50, F|\n|poke|p2|Maushold, L50|\n|poke|p2|Tinkaton, L50, F|\n|teampreview|4\n|\n|t:|1776459436\n|teamsize|p1|4\n|teamsize|p2|4\n|start\n|switch|p1a: Farigiraf|Farigiraf, L50, M|100/100\n|switch|p1b: Armarouge|Armarouge, L50, F|100/100\n|switch|p2a: Mr. Rime|Mr. Rime, L50, F, shiny|100/100\n|switch|p2b: Chandelure|Chandelure, L50, M, shiny|100/100\n|turn|1\n|\n|t:|1776459456\n|move|p2b: Chandelure|Minimize|p2b: Chandelure\n|-boost|p2b: Chandelure|evasion|2\n|move|p1b: Armarouge|Heat Wave|p2a: Mr. Rime|[spread] p2a,p2b\n|-supereffective|p2a: Mr. Rime|1\n|-resisted|p2b: Chandelure|1\n|-damage|p2a: Mr. Rime|27/100\n|-damage|p2b: Chandelure|77/100\n|move|p2a: Mr. Rime|Skill Swap|p2b: Chandelure\n|-activate|p2a: Mr. Rime|Skill Swap|||[of] p2b: Chandelure\n|move|p1a: Farigiraf|Trick Room|p1a: Farigiraf\n|-fieldstart|move: Trick Room|[of] p1a: Farigiraf\n|\n|upkeep\n|turn|2\n|inactive|Battle timer is ON: inactive players will automatically lose when time's up. (requested by EpicPedros)\n|\n|t:|1776459474\n|detailschange|p2b: Chandelure|Chandelure-Mega, L50, M, shiny\n|-mega|p2b: Chandelure|Chandelure|Chandelurite\n|move|p1a: Farigiraf|Expanding Force|p2b: Chandelure\n|-damage|p2b: Chandelure|47/100\n|move|p2a: Mr. Rime|Teeter Dance|p1b: Armarouge|[spread] p1a,p1b\n|-miss|p2a: Mr. Rime|p2b: Chandelure\n|-start|p1a: Farigiraf|confusion\n|-start|p1b: Armarouge|confusion\n|-activate|p1b: Armarouge|confusion\n|move|p1b: Armarouge|Heat Wave|p2b: Chandelure|[spread] p2a,p2b\n|-supereffective|p2a: Mr. Rime|1\n|-resisted|p2b: Chandelure|1\n|-damage|p2a: Mr. Rime|0 fnt\n|-damage|p2b: Chandelure|27/100\n|faint|p2a: Mr. Rime\n|move|p2b: Chandelure|Minimize|p2b: Chandelure\n|-boost|p2b: Chandelure|evasion|2\n|\n|upkeep\n|\n|t:|1776459484\n|switch|p2a: Maushold|Maushold, L50|100/100\n|turn|3\n|\n|t:|1776459492\n|move|p2a: Maushold|Follow Me|p2a: Maushold\n|-singleturn|p2a: Maushold|move: Follow Me\n|-activate|p1a: Farigiraf|confusion\n|move|p1a: Farigiraf|Expanding Force|p2a: Maushold\n|-damage|p2a: Maushold|62/100\n|-end|p1b: Armarouge|confusion\n|move|p1b: Armarouge|Dark Pulse|p2a: Maushold\n|-damage|p2a: Maushold|23/100\n|-enditem|p2a: Maushold|Sitrus Berry|[eat]\n|-heal|p2a: Maushold|47/100|[from] item: Sitrus Berry\n|move|p2b: Chandelure|Minimize|p2b: Chandelure\n|-boost|p2b: Chandelure|evasion|2\n|\n|upkeep\n|turn|4\n|inactive|EpicPedros has 30 seconds left.\n|\n|t:|1776459527\n|-activate|p1a: Farigiraf|confusion\n|move|p1a: Farigiraf|Expanding Force|p2a: Maushold\n|-damage|p2a: Maushold|14/100\n|move|p1b: Armarouge|Dark Pulse|p2b: Chandelure|[miss]\n|-miss|p1b: Armarouge|p2b: Chandelure\n|move|p2b: Chandelure|Calm Mind|p2b: Chandelure\n|-boost|p2b: Chandelure|spa|1\n|-boost|p2b: Chandelure|spd|1\n|move|p2a: Maushold|Super Fang|p1b: Armarouge\n|-damage|p1b: Armarouge|50/100\n|\n|upkeep\n|turn|5\n|\n|t:|1776459540\n|move|p2a: Maushold|Follow Me|p2a: Maushold\n|-singleturn|p2a: Maushold|move: Follow Me\n|-activate|p1a: Farigiraf|confusion\n|move|p1a: Farigiraf|Expanding Force|p2a: Maushold\n|-damage|p2a: Maushold|0 fnt\n|faint|p2a: Maushold\n|move|p1b: Armarouge|Dark Pulse|p2b: Chandelure|[miss]\n|-miss|p1b: Armarouge|p2b: Chandelure\n|move|p2b: Chandelure|Calm Mind|p2b: Chandelure\n|-boost|p2b: Chandelure|spa|1\n|-boost|p2b: Chandelure|spd|1\n|\n|-fieldend|move: Trick Room\n|upkeep\n|\n|t:|1776459550\n|switch|p2a: Tinkaton|Tinkaton, L50, F, shiny|100/100\n|turn|6\n|\n|t:|1776459564\n|move|p2a: Tinkaton|Fake Out||[still]\n|cant|p1a: Farigiraf|ability: Armor Tail|Fake Out|[of] p2a: Tinkaton\n|move|p2b: Chandelure|Shadow Ball|p1b: Armarouge\n|-supereffective|p1b: Armarouge|1\n|-damage|p1b: Armarouge|0 fnt\n|faint|p1b: Armarouge\n|-end|p1a: Farigiraf|confusion\n|move|p1a: Farigiraf|Trick Room|p1a: Farigiraf\n|-fieldstart|move: Trick Room|[of] p1a: Farigiraf\n|\n|upkeep\n|\n|t:|1776459574\n|switch|p1b: Aggron|Aggron, L50, M|100/100\n|turn|7\n|\n|t:|1776459588\n|detailschange|p1b: Aggron|Aggron-Mega, L50, M\n|-mega|p1b: Aggron|Aggron|Aggronite\n|move|p1a: Farigiraf|Protect|p1a: Farigiraf\n|-singleturn|p1a: Farigiraf|Protect\n|move|p1b: Aggron|Heavy Slam|p2b: Chandelure\n|-resisted|p2b: Chandelure|1\n|-crit|p2b: Chandelure\n|-damage|p2b: Chandelure|0 fnt\n|faint|p2b: Chandelure\n|move|p2a: Tinkaton|Gigaton Hammer|p1a: Farigiraf\n|-activate|p1a: Farigiraf|move: Protect\n|\n|upkeep\n|turn|8\n|-message|Kylow901 forfeited.\n|\n|win|EpicPedros\n|raw|EpicPedros's rating: 1000 &rarr; <strong>1047</strong><br />(+47 for winning)\n|raw|Kylow901's rating: 1062 &rarr; <strong>1039</strong><br />(-23 for losing)\n",
  "uploadtime": 1776459602,
  "views": 23,
  "formatid": "gen9championsvgc2026regma",
  "rating": 1039,
  "private": 0,
  "password": null
}