{
  "id": "gen9championsvgc2026regma-2583122576",
  "format": "[Gen 9 Champions] VGC 2026 Reg M-A",
  "players": [
    "Gaby Glytxii",
    "SebastianCH2205"
  ],
  "log": "|j|\u2606Gaby Glytxii\n|j|\u2606SebastianCH2205\n|t:|1776144688\n|gametype|doubles\n|player|p1|Gaby Glytxii|102|1062\n|player|p2|SebastianCH2205|265|1134\n|gen|9\n|tier|[Gen 9 Champions] VGC 2026 Reg M-A\n|rated|\n|rule|Species Clause: Limit one of each Pok\u00e9mon\n|rule|Item Clause: Limit 1 of each item\n|clearpoke\n|poke|p1|Slowbro-Galar, L50, F|\n|poke|p1|Sableye, L50, M|\n|poke|p1|Aurorus, L50, M|\n|poke|p1|Zoroark-Hisui, L50, M|\n|poke|p1|Goodra-Hisui, L50, M|\n|poke|p1|Tsareena, L50, F|\n|poke|p2|Pelipper, L50, M|\n|poke|p2|Archaludon, L50, M|\n|poke|p2|Sinistcha, L50|\n|poke|p2|Dragonite, L50, F|\n|poke|p2|Sneasler, L50, M|\n|poke|p2|Starmie, L50|\n|teampreview|4\n|\n|t:|1776144705\n|teamsize|p1|4\n|teamsize|p2|4\n|start\n|switch|p1a: Slowbro|Slowbro-Galar, L50, F|100/100\n|switch|p1b: Sableye|Sableye, L50, M|100/100\n|switch|p2a: Archaludon|Archaludon, L50, M|100/100\n|switch|p2b: Pelipper|Pelipper, L50, M|100/100\n|-weather|RainDance|[from] ability: Drizzle|[of] p2b: Pelipper\n|turn|1\n|\n|t:|1776144725\n|detailschange|p1b: Sableye|Sableye-Mega, L50, M\n|-mega|p1b: Sableye|Sableye|Sablenite\n|move|p2b: Pelipper|Protect|p2b: Pelipper\n|-singleturn|p2b: Pelipper|Protect\n|move|p2a: Archaludon|Electro Shot||[still]\n|-prepare|p2a: Archaludon|Electro Shot\n|-boost|p2a: Archaludon|spa|1\n|-anim|p2a: Archaludon|Electro Shot|p1a: Slowbro\n|-damage|p1a: Slowbro|28/100\n|move|p1b: Sableye|Light Screen|p1b: Sableye\n|-sidestart|p1: Gaby Glytxii|move: Light Screen\n|move|p1a: Slowbro|Trick Room|p1a: Slowbro\n|-fieldstart|move: Trick Room|[of] p1a: Slowbro\n|\n|-weather|RainDance|[upkeep]\n|-heal|p1a: Slowbro|34/100|[from] item: Leftovers\n|upkeep\n|turn|2\n|\n|t:|1776144752\n|switch|p2b: Sneasler|Sneasler, L50, M|100/100\n|move|p1b: Sableye|Flatter|p1a: Slowbro\n|-boost|p1a: Slowbro|spa|1\n|-immune|p1a: Slowbro|confusion|[from] ability: Own Tempo\n|move|p1a: Slowbro|Muddy Water|p2a: Archaludon|[spread] p2a,p2b\n|-resisted|p2a: Archaludon|1\n|-crit|p2b: Sneasler\n|-damage|p2a: Archaludon|76/100\n|-damage|p2b: Sneasler|13/100\n|-ability|p2a: Archaludon|Stamina|boost\n|-boost|p2a: Archaludon|def|1\n|move|p2a: Archaludon|Electro Shot||[still]\n|-prepare|p2a: Archaludon|Electro Shot\n|-boost|p2a: Archaludon|spa|1\n|-anim|p2a: Archaludon|Electro Shot|p1b: Sableye\n|-damage|p1b: Sableye|50/100\n|\n|-weather|RainDance|[upkeep]\n|-heal|p1a: Slowbro|40/100|[from] item: Leftovers\n|-heal|p2a: Archaludon|82/100|[from] item: Leftovers\n|upkeep\n|turn|3\n|\n|t:|1776144776\n|move|p2b: Sneasler|Fake Out|p1a: Slowbro\n|-damage|p1a: Slowbro|25/100\n|move|p1b: Sableye|Flatter|p1a: Slowbro\n|-boost|p1a: Slowbro|spa|1\n|-immune|p1a: Slowbro|confusion|[from] ability: Own Tempo\n|cant|p1a: Slowbro|flinch\n|move|p2a: Archaludon|Electro Shot||[still]\n|-prepare|p2a: Archaludon|Electro Shot\n|-boost|p2a: Archaludon|spa|1\n|-anim|p2a: Archaludon|Electro Shot|p1b: Sableye\n|-damage|p1b: Sableye|0 fnt\n|faint|p1b: Sableye\n|\n|-weather|RainDance|[upkeep]\n|-heal|p1a: Slowbro|31/100|[from] item: Leftovers\n|-heal|p2a: Archaludon|88/100|[from] item: Leftovers\n|upkeep\n|\n|t:|1776144780\n|switch|p1b: Aurorus|Aurorus, L50, M|100/100\n|-weather|Snowscape|[from] ability: Snow Warning|[of] p1b: Aurorus\n|turn|4\n|\n|t:|1776144802\n|move|p1a: Slowbro|Blizzard|p2b: Sneasler|[spread] p2a,p2b\n|-damage|p2a: Archaludon|36/100\n|-damage|p2b: Sneasler|0 fnt\n|-status|p2a: Archaludon|frz\n|-ability|p2a: Archaludon|Stamina|boost\n|-boost|p2a: Archaludon|def|1\n|faint|p2b: Sneasler\n|move|p1b: Aurorus|Aurora Veil|p1b: Aurorus\n|-sidestart|p1: Gaby Glytxii|move: Aurora Veil\n|cant|p2a: Archaludon|frz\n|\n|-weather|Snowscape|[upkeep]\n|-heal|p1a: Slowbro|37/100|[from] item: Leftovers\n|-heal|p2a: Archaludon|42/100 frz|[from] item: Leftovers\n|upkeep\n|\n|t:|1776144813\n|switch|p2b: Starmie|Starmie, L50|100/100\n|turn|5\n|\n|t:|1776144827\n|detailschange|p2b: Starmie|Starmie-Mega, L50\n|-mega|p2b: Starmie|Starmie|Starminite\n|move|p1a: Slowbro|Sludge Wave|p2a: Archaludon|[spread] p1b,p2b\n|-immune|p2a: Archaludon\n|-resisted|p1b: Aurorus|1\n|-damage|p1b: Aurorus|88/100\n|-damage|p2b: Starmie|15/100\n|move|p1b: Aurorus|Freeze-Dry|p2b: Starmie\n|-supereffective|p2b: Starmie|1\n|-damage|p2b: Starmie|0 fnt\n|faint|p2b: Starmie\n|cant|p2a: Archaludon|frz\n|\n|-weather|Snowscape|[upkeep]\n|-heal|p1a: Slowbro|43/100|[from] item: Leftovers\n|-heal|p2a: Archaludon|48/100 frz|[from] item: Leftovers\n|-sideend|p1: Gaby Glytxii|move: Light Screen\n|-fieldend|move: Trick Room\n|upkeep\n|-message|SebastianCH2205 forfeited.\n|\n|win|Gaby Glytxii\n|raw|Gaby Glytxii's rating: 1062 &rarr; <strong>1099</strong><br />(+37 for winning)\n|raw|SebastianCH2205's rating: 1134 &rarr; <strong>1104</strong><br />(-30 for losing)\n|l|\u2606SebastianCH2205\n|player|p2|\n",
  "uploadtime": 1776144843,
  "views": 25,
  "formatid": "gen9championsvgc2026regma",
  "rating": 1099,
  "private": 0,
  "password": null
}