{
  "id": "gen9championsvgc2026regma-2583829534",
  "format": "[Gen 9 Champions] VGC 2026 Reg M-A",
  "players": [
    "Maskedwolf56",
    "ganglyg"
  ],
  "log": "|j|\u2606Maskedwolf56\n|j|\u2606ganglyg\n|t:|1776200985\n|gametype|doubles\n|player|p1|Maskedwolf56|170|1000\n|player|p2|ganglyg|n|1040\n|gen|9\n|tier|[Gen 9 Champions] VGC 2026 Reg M-A\n|rated|\n|rule|Species Clause: Limit one of each Pok\u00e9mon\n|rule|Item Clause: Limit 1 of each item\n|clearpoke\n|poke|p1|Floette-Eternal, L50, F|\n|poke|p1|Whimsicott, L50, M|\n|poke|p1|Scovillain, L50, M|\n|poke|p1|Pelipper, L50, M|\n|poke|p1|Incineroar, L50, M|\n|poke|p1|Sneasler, L50, F|\n|poke|p2|Floette-Eternal, L50, F|\n|poke|p2|Incineroar, L50, M|\n|poke|p2|Sneasler, L50, M|\n|poke|p2|Sinistcha, L50|\n|poke|p2|Aerodactyl, L50, M|\n|poke|p2|Dragapult, L50, M|\n|teampreview|4\n|inactive|Battle timer is ON: inactive players will automatically lose when time's up. (requested by Maskedwolf56)\n|\n|t:|1776201022\n|teamsize|p1|4\n|teamsize|p2|4\n|start\n|switch|p1a: Incineroar|Incineroar, L50, M|100/100\n|switch|p1b: Whimsicott|Whimsicott, L50, M|100/100\n|switch|p2a: Dragapult|Dragapult, L50, M|100/100\n|switch|p2b: Incineroar|Incineroar, L50, M|100/100\n|-ability|p1a: Incineroar|Intimidate|boost\n|-fail|p2a: Dragapult|unboost|[from] ability: Clear Body|[of] p2a: Dragapult\n|-unboost|p2b: Incineroar|atk|1\n|-ability|p2b: Incineroar|Intimidate|boost\n|-unboost|p1a: Incineroar|atk|1\n|-unboost|p1b: Whimsicott|atk|1\n|turn|1\n|inactive|ganglyg has 30 seconds left.\n|inactive|ganglyg has 20 seconds left.\n|\n|t:|1776201058\n|move|p1a: Incineroar|Fake Out|p2b: Incineroar\n|-damage|p2b: Incineroar|94/100\n|cant|p2b: Incineroar|flinch\n|move|p1b: Whimsicott|Tailwind|p1b: Whimsicott\n|-sidestart|p1: Maskedwolf56|move: Tailwind\n|move|p2a: Dragapult|Light Screen|p2a: Dragapult\n|-sidestart|p2: ganglyg|move: Light Screen\n|\n|upkeep\n|turn|2\n|inactive|Maskedwolf56 has 30 seconds left.\n|inactive|Maskedwolf56 has 20 seconds left.\n|inactive|Maskedwolf56 has 15 seconds left.\n|inactive|Maskedwolf56 has 10 seconds left.\n|inactive|Maskedwolf56 has 5 seconds left.\n|\n|t:|1776201113\n|move|p1b: Whimsicott|Tailwind||[still]\n|-fail|p1b: Whimsicott\n|move|p1a: Incineroar|Flame Charge|p2b: Incineroar\n|-resisted|p2b: Incineroar|1\n|-damage|p2b: Incineroar|88/100\n|-boost|p1a: Incineroar|spe|1\n|move|p2a: Dragapult|Reflect|p2a: Dragapult\n|-sidestart|p2: ganglyg|Reflect\n|move|p2b: Incineroar|Flare Blitz|p1b: Whimsicott\n|-supereffective|p1b: Whimsicott|1\n|-damage|p1b: Whimsicott|13/100\n|-damage|p2b: Incineroar|65/100|[from] Recoil\n|\n|upkeep\n|turn|3\n|inactive|Maskedwolf56 has 30 seconds left.\n|\n|t:|1776201148\n|switch|p2a: Sinistcha|Sinistcha, L50|100/100\n|-heal|p2b: Incineroar|90/100|[from] ability: Hospitality|[of] p2a: Sinistcha\n|move|p1b: Whimsicott|Encore||[still]\n|-fail|p1b: Whimsicott\n|move|p1a: Incineroar|Drain Punch|p2b: Incineroar\n|-supereffective|p2b: Incineroar|1\n|-enditem|p2b: Incineroar|Chople Berry|[eat]\n|-enditem|p2b: Incineroar|Chople Berry|[weaken]\n|-damage|p2b: Incineroar|83/100\n|move|p2b: Incineroar|Parting Shot|p1a: Incineroar\n|-unboost|p1a: Incineroar|atk|1\n|-unboost|p1a: Incineroar|spa|1\n|\n|t:|1776201161\n|switch|p2b: Floette|Floette-Eternal, L50, F|100/100|[from] Parting Shot\n|\n|upkeep\n|turn|4\n|\n|t:|1776201179\n|move|p2a: Sinistcha|Rage Powder|p2a: Sinistcha\n|-singleturn|p2a: Sinistcha|move: Rage Powder\n|move|p1b: Whimsicott|Taunt|p2a: Sinistcha\n|-start|p2a: Sinistcha|move: Taunt\n|move|p1a: Incineroar|Flame Charge|p2a: Sinistcha\n|-supereffective|p2a: Sinistcha|1\n|-crit|p2a: Sinistcha\n|-damage|p2a: Sinistcha|43/100\n|-boost|p1a: Incineroar|spe|1\n|-enditem|p2a: Sinistcha|Sitrus Berry|[eat]\n|-heal|p2a: Sinistcha|68/100|[from] item: Sitrus Berry\n|move|p2b: Floette|Calm Mind|p2b: Floette\n|-boost|p2b: Floette|spa|1\n|-boost|p2b: Floette|spd|1\n|\n|-sideend|p1: Maskedwolf56|move: Tailwind\n|upkeep\n|turn|5\n|inactive|Maskedwolf56 has 30 seconds left.\n|\n|t:|1776201212\n|detailschange|p2b: Floette|Floette-Mega, L50, F\n|-mega|p2b: Floette|Floette|Floettite\n|-ability|p2b: Floette|Fairy Aura\n|move|p1b: Whimsicott|Encore|p2b: Floette\n|-start|p2b: Floette|Encore\n|move|p1a: Incineroar|Flame Charge|p2b: Floette\n|-damage|p2b: Floette|93/100\n|-boost|p1a: Incineroar|spe|1\n|move|p2b: Floette|Calm Mind|p2b: Floette\n|-boost|p2b: Floette|spa|1\n|-boost|p2b: Floette|spd|1\n|move|p2a: Sinistcha|Matcha Gotcha|p1b: Whimsicott|[spread] p1a,p1b\n|-resisted|p1a: Incineroar|1\n|-resisted|p1b: Whimsicott|1\n|-damage|p1a: Incineroar|88/100\n|-heal|p2a: Sinistcha|75/100|[from] drain|[of] p1a: Incineroar\n|-damage|p1b: Whimsicott|0 fnt\n|-heal|p2a: Sinistcha|80/100|[from] drain|[of] p1b: Whimsicott\n|faint|p1b: Whimsicott\n|\n|-sideend|p2: ganglyg|move: Light Screen\n|upkeep\n|\n|t:|1776201226\n|switch|p1b: Sneasler|Sneasler, L50, F|100/100\n|turn|6\n|\n|t:|1776201235\n|move|p1b: Sneasler|Fake Out|p2b: Floette\n|-damage|p2b: Floette|82/100\n|move|p1a: Incineroar|Flame Charge|p2a: Sinistcha\n|-supereffective|p2a: Sinistcha|1\n|-crit|p2a: Sinistcha\n|-damage|p2a: Sinistcha|22/100\n|-boost|p1a: Incineroar|spe|1\n|cant|p2b: Floette|flinch\n|move|p2a: Sinistcha|Matcha Gotcha|p1a: Incineroar|[spread] p1a,p1b\n|-resisted|p1a: Incineroar|1\n|-resisted|p1b: Sneasler|1\n|-damage|p1a: Incineroar|74/100\n|-heal|p2a: Sinistcha|29/100|[from] drain|[of] p1a: Incineroar\n|-damage|p1b: Sneasler|85/100\n|-heal|p2a: Sinistcha|36/100|[from] drain|[of] p1b: Sneasler\n|\n|-sideend|p2: ganglyg|Reflect\n|upkeep\n|turn|7\n|inactive|Maskedwolf56 has 30 seconds left.\n|inactive|Maskedwolf56 has 20 seconds left.\n|inactive|Maskedwolf56 has 15 seconds left.\n|inactive|Maskedwolf56 has 10 seconds left.\n|inactive|ganglyg has 30 seconds left.\n|inactive|Maskedwolf56 has 5 seconds left.\n|\n|t:|1776201286\n|switch|p2a: Incineroar|Incineroar, L50, M|83/100\n|-ability|p2a: Incineroar|Intimidate|boost\n|-unboost|p1a: Incineroar|atk|1\n|-unboost|p1b: Sneasler|atk|1\n|-enditem|p1b: Sneasler|White Herb\n|-clearnegativeboost|p1b: Sneasler|[silent]\n|move|p1a: Incineroar|Flame Charge|p2a: Incineroar\n|-resisted|p2a: Incineroar|1\n|-damage|p2a: Incineroar|80/100\n|-boost|p1a: Incineroar|spe|1\n|move|p1b: Sneasler|Dire Claw|p2b: Floette\n|-supereffective|p2b: Floette|1\n|-damage|p2b: Floette|0 fnt\n|faint|p2b: Floette\n|\n|upkeep\n|\n|t:|1776201299\n|switch|p2b: Dragapult|Dragapult, L50, M|100/100\n|turn|8\n|\n|t:|1776201313\n|move|p1b: Sneasler|Protect|p1b: Sneasler\n|-singleturn|p1b: Sneasler|Protect\n|move|p2a: Incineroar|Fake Out|p1b: Sneasler\n|-activate|p1b: Sneasler|move: Protect\n|move|p1a: Incineroar|Earthquake|p2b: Dragapult|[spread] p2a,p2b\n|-activate|p1b: Sneasler|move: Protect\n|-supereffective|p2a: Incineroar|1\n|-damage|p2a: Incineroar|68/100\n|-damage|p2b: Dragapult|90/100\n|move|p2b: Dragapult|Reflect|p2b: Dragapult\n|-sidestart|p2: ganglyg|Reflect\n|\n|upkeep\n|turn|9\n|\n|t:|1776201337\n|switch|p1a: Scovillain|Scovillain, L50, M, shiny|100/100\n|move|p1b: Sneasler|Dire Claw|p2a: Incineroar\n|-damage|p2a: Incineroar|44/100\n|move|p2b: Dragapult|Light Screen|p2b: Dragapult\n|-sidestart|p2: ganglyg|move: Light Screen\n|move|p2a: Incineroar|Flare Blitz|p1b: Sneasler\n|-damage|p1b: Sneasler|3/100\n|-damage|p2a: Incineroar|21/100|[from] Recoil\n|\n|-ability|p1a: Scovillain|Moody|boost\n|-boost|p1a: Scovillain|def|2\n|-unboost|p1a: Scovillain|spa|1\n|upkeep\n|turn|10\n|inactive|Maskedwolf56 has 30 seconds left.\n|inactive|Maskedwolf56 has 20 seconds left.\n|inactive|Maskedwolf56 has 15 seconds left.\n|inactive|Maskedwolf56 has 10 seconds left.\n|\n|t:|1776201386\n|detailschange|p1a: Scovillain|Scovillain-Mega, L50, M, shiny\n|-mega|p1a: Scovillain|Scovillain|Scovillainite\n|move|p1b: Sneasler|Dire Claw|p2a: Incineroar\n|-damage|p2a: Incineroar|0 fnt\n|faint|p2a: Incineroar\n|move|p2b: Dragapult|Shadow Ball|p1a: Scovillain\n|-damage|p1a: Scovillain|58/100\n|-unboost|p1a: Scovillain|spd|1\n|-status|p2b: Dragapult|brn|[from] ability: Spicy Spray|[of] p1a: Scovillain\n|move|p1a: Scovillain|Substitute|p1a: Scovillain\n|-start|p1a: Scovillain|Substitute\n|-damage|p1a: Scovillain|33/100\n|\n|-damage|p2b: Dragapult|84/100 brn|[from] brn\n|upkeep\n|\n|t:|1776201399\n|switch|p2a: Sinistcha|Sinistcha, L50|36/100\n|-heal|p2b: Dragapult|100/100 brn|[from] ability: Hospitality|[of] p2a: Sinistcha\n|turn|11\n|\n|t:|1776201412\n|move|p1b: Sneasler|Dire Claw|p2a: Sinistcha\n|-damage|p2a: Sinistcha|7/100\n|move|p2b: Dragapult|Breaking Swipe|p1b: Sneasler|[spread] p1a,p1b\n|-activate|p1a: Scovillain|move: Substitute|[damage]\n|-damage|p1b: Sneasler|0 fnt\n|faint|p1b: Sneasler\n|move|p1a: Scovillain|Leech Seed|p2b: Dragapult\n|-start|p2b: Dragapult|move: Leech Seed\n|move|p2a: Sinistcha|Matcha Gotcha|p1a: Scovillain\n|-resisted|p1a: Scovillain|2\n|-end|p1a: Scovillain|Substitute\n|-heal|p2a: Sinistcha|15/100|[from] drain|[of] p1a: Scovillain\n|\n|-damage|p2b: Dragapult|88/100 brn|[from] Leech Seed|[of] p1a: Scovillain\n|-heal|p1a: Scovillain|50/100|[silent]\n|-damage|p2b: Dragapult|82/100 brn|[from] brn\n|upkeep\n|\n|t:|1776201432\n|switch|p1b: Incineroar|Incineroar, L50, M|74/100\n|-ability|p1b: Incineroar|Intimidate|boost\n|-unboost|p2a: Sinistcha|atk|1\n|-fail|p2b: Dragapult|unboost|[from] ability: Clear Body|[of] p2b: Dragapult\n|turn|12\n|\n|t:|1776201449\n|move|p2b: Dragapult|Shadow Ball|p1a: Scovillain\n|-crit|p1a: Scovillain\n|-damage|p1a: Scovillain|0 fnt\n|faint|p1a: Scovillain\n|move|p1b: Incineroar|Flame Charge|p2b: Dragapult\n|-resisted|p2b: Dragapult|1\n|-damage|p2b: Dragapult|74/100 brn\n|-boost|p1b: Incineroar|spe|1\n|move|p2a: Sinistcha|Matcha Gotcha|p1b: Incineroar\n|-resisted|p1b: Incineroar|1\n|-damage|p1b: Incineroar|56/100\n|-heal|p2a: Sinistcha|25/100|[from] drain|[of] p1b: Incineroar\n|\n|-damage|p2b: Dragapult|68/100 brn|[from] brn\n|-sideend|p2: ganglyg|Reflect\n|upkeep\n|turn|13\n|inactive|ganglyg has 30 seconds left.\n|\n|t:|1776201481\n|move|p2a: Sinistcha|Rage Powder|p2a: Sinistcha\n|-singleturn|p2a: Sinistcha|move: Rage Powder\n|move|p2b: Dragapult|Reflect|p2b: Dragapult\n|-sidestart|p2: ganglyg|Reflect\n|move|p1b: Incineroar|Flame Charge|p2a: Sinistcha\n|-supereffective|p2a: Sinistcha|1\n|-damage|p2a: Sinistcha|0 fnt\n|-boost|p1b: Incineroar|spe|1\n|faint|p2a: Sinistcha\n|\n|-damage|p2b: Dragapult|62/100 brn|[from] brn\n|-sideend|p2: ganglyg|move: Light Screen\n|upkeep\n|turn|14\n|\n|t:|1776201503\n|move|p1b: Incineroar|Earthquake|p2b: Dragapult\n|-damage|p2b: Dragapult|38/100 brn\n|move|p2b: Dragapult|Shadow Ball|p1b: Incineroar\n|-resisted|p1b: Incineroar|1\n|-damage|p1b: Incineroar|43/100\n|\n|-damage|p2b: Dragapult|32/100 brn|[from] brn\n|upkeep\n|turn|15\n|\n|t:|1776201515\n|move|p1b: Incineroar|Earthquake|p2b: Dragapult\n|-damage|p2b: Dragapult|11/100 brn\n|move|p2b: Dragapult|Breaking Swipe|p1b: Incineroar\n|-damage|p1b: Incineroar|32/100\n|-unboost|p1b: Incineroar|atk|1\n|\n|-damage|p2b: Dragapult|5/100 brn|[from] brn\n|upkeep\n|turn|16\n|\n|t:|1776201527\n|move|p1b: Incineroar|Earthquake|p2b: Dragapult\n|-damage|p2b: Dragapult|0 fnt\n|faint|p2b: Dragapult\n|\n|win|Maskedwolf56\n|raw|Maskedwolf56's rating: 1000 &rarr; <strong>1045</strong><br />(+45 for winning)\n|raw|ganglyg's rating: 1040 &rarr; <strong>1022</strong><br />(-18 for losing)\n|l|\u2606ganglyg\n|player|p2|\n",
  "uploadtime": 1776201735,
  "views": 28,
  "formatid": "gen9championsvgc2026regma",
  "rating": 1022,
  "private": 0,
  "password": null
}