{
  "id": "gen9championsvgc2026regma-2582585720",
  "format": "[Gen 9 Champions] VGC 2026 Reg M-A",
  "players": [
    "Tamejo",
    "GoodraSweetheart76"
  ],
  "log": "|j|\u2606Tamejo\n|j|\u2606GoodraSweetheart76\n|t:|1776100975\n|gametype|doubles\n|player|p1|Tamejo|caitlin|1294\n|player|p2|GoodraSweetheart76|caitlin|1307\n|gen|9\n|tier|[Gen 9 Champions] VGC 2026 Reg M-A\n|rated|\n|rule|Species Clause: Limit one of each Pok\u00e9mon\n|rule|Item Clause: Limit 1 of each item\n|clearpoke\n|poke|p1|Dragapult, L50, F|\n|poke|p1|Farigiraf, L50, F|\n|poke|p1|Sylveon, L50, F|\n|poke|p1|Whimsicott, L50, F|\n|poke|p1|Glimmora, L50, M|\n|poke|p1|Crabominable, L50, M|\n|poke|p2|Gardevoir, L50, M|\n|poke|p2|Incineroar, L50, M|\n|poke|p2|Crabominable, L50, F|\n|poke|p2|Sneasler, L50, M|\n|poke|p2|Corviknight, L50, F|\n|poke|p2|Sinistcha, L50|\n|teampreview|4\n|inactive|Battle timer is ON: inactive players will automatically lose when time's up. (requested by GoodraSweetheart76)\n|inactive|Tamejo has 60 seconds left.\n|inactive|GoodraSweetheart76 has 60 seconds left.\n|\n|t:|1776101038\n|teamsize|p1|4\n|teamsize|p2|4\n|start\n|switch|p1a: Sylveon|Sylveon, L50, F|100/100\n|switch|p1b: Dragapult|Dragapult, L50, F|100/100\n|switch|p2a: Incineroar|Incineroar, L50, M, shiny|100/100\n|switch|p2b: Gardevoir|Gardevoir, L50, M, shiny|100/100\n|-ability|p2b: Gardevoir|Pixilate|Trace|[from] ability: Trace|[of] p1a: Sylveon\n|-ability|p2a: Incineroar|Intimidate|boost\n|-unboost|p1a: Sylveon|atk|1\n|-fail|p1b: Dragapult|unboost|[from] ability: Clear Body|[of] p1b: Dragapult\n|turn|1\n|\n|t:|1776101057\n|move|p2b: Gardevoir|Protect|p2b: Gardevoir\n|-singleturn|p2b: Gardevoir|Protect\n|move|p1a: Sylveon|Protect|p1a: Sylveon\n|-singleturn|p1a: Sylveon|Protect\n|move|p1b: Dragapult|Phantom Force||[still]\n|-prepare|p1b: Dragapult|Phantom Force\n|move|p2a: Incineroar|Darkest Lariat|p1b: Dragapult|[miss]\n|-miss|p2a: Incineroar|p1b: Dragapult\n|\n|upkeep\n|turn|2\n|\n|t:|1776101075\n|switch|p2b: Corviknight|Corviknight, L50, F|100/100\n|move|p1b: Dragapult|Phantom Force|p2b: Corviknight|[from] lockedmove\n|-damage|p2b: Corviknight|66/100\n|move|p1a: Sylveon|Calm Mind|p1a: Sylveon\n|-boost|p1a: Sylveon|spa|1\n|-boost|p1a: Sylveon|spd|1\n|move|p2a: Incineroar|Parting Shot|p1a: Sylveon\n|-unboost|p1a: Sylveon|atk|1\n|-unboost|p1a: Sylveon|spa|1\n|\n|t:|1776101085\n|switch|p2a: Sneasler|Sneasler, L50, M|100/100|[from] Parting Shot\n|\n|-heal|p2b: Corviknight|72/100|[from] item: Leftovers\n|upkeep\n|turn|3\n|inactive|Tamejo has 30 seconds left.\n|\n|t:|1776101114\n|switch|p1a: Glimmora|Glimmora, L50, M|100/100\n|move|p1b: Dragapult|Phantom Force||[still]\n|-prepare|p1b: Dragapult|Phantom Force\n|move|p2a: Sneasler|Coaching|p2b: Corviknight\n|-boost|p2b: Corviknight|atk|1\n|-boost|p2b: Corviknight|def|1\n|move|p2b: Corviknight|Tailwind|p2b: Corviknight\n|-sidestart|p2: GoodraSweetheart76|move: Tailwind\n|\n|-heal|p2b: Corviknight|78/100|[from] item: Leftovers\n|upkeep\n|turn|4\n|inactive|Tamejo has 30 seconds left.\n|\n|t:|1776101144\n|move|p1a: Glimmora|Spiky Shield|p1a: Glimmora\n|-singleturn|p1a: Glimmora|move: Protect\n|move|p2a: Sneasler|Close Combat|p1a: Glimmora\n|-activate|p1a: Glimmora|move: Protect\n|-damage|p2a: Sneasler|88/100|[from] Spiky Shield|[of] p1a: Glimmora\n|move|p1b: Dragapult|Phantom Force|p2a: Sneasler|[from] lockedmove\n|-damage|p2a: Sneasler|19/100\n|move|p2b: Corviknight|Body Press|p1a: Glimmora\n|-activate|p1a: Glimmora|move: Protect\n|-damage|p2b: Corviknight|66/100|[from] Spiky Shield|[of] p1a: Glimmora\n|\n|-heal|p2b: Corviknight|72/100|[from] item: Leftovers\n|upkeep\n|turn|5\n|inactive|Tamejo has 30 seconds left.\n|\n|t:|1776101173\n|switch|p1a: Sylveon|Sylveon, L50, F|100/100\n|move|p2a: Sneasler|Close Combat|p1a: Sylveon\n|-resisted|p1a: Sylveon|1\n|-damage|p1a: Sylveon|63/100\n|-unboost|p2a: Sneasler|def|1\n|-unboost|p2a: Sneasler|spd|1\n|move|p1b: Dragapult|Dragon Darts|p2a: Sneasler\n|-damage|p2a: Sneasler|0 fnt\n|-anim|p1b: Dragapult|Dragon Darts|p2b: Corviknight\n|-resisted|p2b: Corviknight|1\n|-damage|p2b: Corviknight|65/100\n|faint|p2a: Sneasler\n|move|p2b: Corviknight|Brave Bird|p1b: Dragapult\n|-damage|p1b: Dragapult|30/100\n|-damage|p2b: Corviknight|46/100|[from] Recoil\n|\n|-heal|p2b: Corviknight|52/100|[from] item: Leftovers\n|-heal|p1a: Sylveon|69/100|[from] item: Leftovers\n|upkeep\n|\n|t:|1776101189\n|switch|p2a: Gardevoir|Gardevoir, L50, M, shiny|100/100\n|-ability|p2a: Gardevoir|Clear Body|Trace|[from] ability: Trace|[of] p1b: Dragapult\n|turn|6\n|\n|t:|1776101198\n|detailschange|p2a: Gardevoir|Gardevoir-Mega, L50, M, shiny\n|-mega|p2a: Gardevoir|Gardevoir|Gardevoirite\n|move|p1b: Dragapult|Protect|p1b: Dragapult\n|-singleturn|p1b: Dragapult|Protect\n|move|p1a: Sylveon|Protect|p1a: Sylveon\n|-singleturn|p1a: Sylveon|Protect\n|move|p2a: Gardevoir|Hyper Voice|p1b: Dragapult|[spread] \n|-activate|p1a: Sylveon|move: Protect\n|-activate|p1b: Dragapult|move: Protect\n|move|p2b: Corviknight|Brave Bird|p1a: Sylveon\n|-activate|p1a: Sylveon|move: Protect\n|\n|-heal|p2b: Corviknight|58/100|[from] item: Leftovers\n|-heal|p1a: Sylveon|75/100|[from] item: Leftovers\n|-sideend|p2: GoodraSweetheart76|move: Tailwind\n|upkeep\n|turn|7\n|\n|t:|1776101222\n|switch|p1a: Crabominable|Crabominable, L50, M|100/100\n|move|p1b: Dragapult|Phantom Force||[still]\n|-prepare|p1b: Dragapult|Phantom Force\n|move|p2a: Gardevoir|Psychic|p1a: Crabominable\n|-supereffective|p1a: Crabominable|1\n|-damage|p1a: Crabominable|0 fnt\n|faint|p1a: Crabominable\n|move|p2b: Corviknight|Brave Bird|p1b: Dragapult|[miss]\n|-miss|p2b: Corviknight|p1b: Dragapult\n|\n|-heal|p2b: Corviknight|64/100|[from] item: Leftovers\n|upkeep\n|inactive|Tamejo has 30 seconds left.\n|inactive|Tamejo has 20 seconds left.\n|inactive|Tamejo has 15 seconds left.\n|inactive|Tamejo has 10 seconds left.\n|\n|t:|1776101267\n|switch|p1a: Sylveon|Sylveon, L50, F|75/100\n|turn|8\n|\n|t:|1776101285\n|switch|p2a: Incineroar|Incineroar, L50, M, shiny|100/100\n|-ability|p2a: Incineroar|Intimidate|boost\n|-unboost|p1a: Sylveon|atk|1\n|-fail|p1b: Dragapult|unboost|[from] ability: Clear Body|[of] p1b: Dragapult\n|move|p1b: Dragapult|Phantom Force|p2b: Corviknight|[from] lockedmove\n|-crit|p2b: Corviknight\n|-damage|p2b: Corviknight|9/100\n|move|p1a: Sylveon|Mystical Fire|p2b: Corviknight\n|-supereffective|p2b: Corviknight|1\n|-damage|p2b: Corviknight|0 fnt\n|faint|p2b: Corviknight\n|\n|-heal|p1a: Sylveon|81/100|[from] item: Leftovers\n|upkeep\n|\n|t:|1776101296\n|switch|p2b: Gardevoir|Gardevoir-Mega, L50, M, shiny|100/100\n|turn|9\n|\n|t:|1776101305\n|move|p1a: Sylveon|Protect|p1a: Sylveon\n|-singleturn|p1a: Sylveon|Protect\n|move|p1b: Dragapult|Phantom Force||[still]\n|-prepare|p1b: Dragapult|Phantom Force\n|move|p2a: Incineroar|Flare Blitz|p1a: Sylveon\n|-activate|p1a: Sylveon|move: Protect\n|move|p2b: Gardevoir|Trick Room|p2b: Gardevoir\n|-fieldstart|move: Trick Room|[of] p2b: Gardevoir\n|\n|-heal|p1a: Sylveon|87/100|[from] item: Leftovers\n|upkeep\n|turn|10\n|\n|t:|1776101319\n|move|p2a: Incineroar|Flare Blitz|p1a: Sylveon\n|-damage|p1a: Sylveon|33/100\n|-damage|p2a: Incineroar|83/100|[from] Recoil\n|move|p1a: Sylveon|Hyper Voice|p2a: Incineroar|[spread] p2a,p2b\n|-damage|p2a: Incineroar|53/100\n|-damage|p2b: Gardevoir|71/100\n|move|p2b: Gardevoir|Hyper Voice|p1a: Sylveon|[spread] p1a\n|-miss|p2b: Gardevoir|p1b: Dragapult\n|-damage|p1a: Sylveon|0 fnt\n|faint|p1a: Sylveon\n|move|p1b: Dragapult|Phantom Force|p2b: Gardevoir|[from] lockedmove\n|-supereffective|p2b: Gardevoir|1\n|-damage|p2b: Gardevoir|0 fnt\n|faint|p2b: Gardevoir\n|\n|upkeep\n|\n|t:|1776101329\n|switch|p1a: Glimmora|Glimmora, L50, M|100/100\n|turn|11\n|\n|t:|1776101336\n|detailschange|p1a: Glimmora|Glimmora-Mega, L50, M\n|-mega|p1a: Glimmora|Glimmora|Glimmoranite\n|move|p2a: Incineroar|Darkest Lariat|p1b: Dragapult\n|-supereffective|p1b: Dragapult|1\n|-enditem|p1b: Dragapult|Colbur Berry|[eat]\n|-enditem|p1b: Dragapult|Colbur Berry|[weaken]\n|-damage|p1b: Dragapult|0 fnt\n|faint|p1b: Dragapult\n|move|p1a: Glimmora|Power Gem|p2a: Incineroar\n|-supereffective|p2a: Incineroar|1\n|-damage|p2a: Incineroar|0 fnt\n|faint|p2a: Incineroar\n|\n|win|Tamejo\n|raw|Tamejo's rating: 1294 &rarr; <strong>1320</strong><br />(+26 for winning)\n|raw|GoodraSweetheart76's rating: 1307 &rarr; <strong>1286</strong><br />(-21 for losing)\n|l|\u2606GoodraSweetheart76\n|player|p2|\n",
  "uploadtime": 1776101346,
  "views": 20,
  "formatid": "gen9championsvgc2026regma",
  "rating": 1286,
  "private": 0,
  "password": null
}