{
  "id": "gen9championsvgc2026regma-2584026870",
  "format": "[Gen 9 Champions] VGC 2026 Reg M-A",
  "players": [
    "soten soten",
    "Azure Resolution"
  ],
  "log": "|j|\u2606soten soten\n|j|\u2606Azure Resolution\n|t:|1776218013\n|gametype|doubles\n|player|p1|soten soten|hilbert|1348\n|player|p2|Azure Resolution|gentleman-gen4dp|1327\n|gen|9\n|tier|[Gen 9 Champions] VGC 2026 Reg M-A\n|rated|\n|rule|Species Clause: Limit one of each Pok\u00e9mon\n|rule|Item Clause: Limit 1 of each item\n|clearpoke\n|poke|p1|Gallade, L50, M|\n|poke|p1|Floette-Eternal, L50, F|\n|poke|p1|Incineroar, L50, M|\n|poke|p1|Sinistcha, L50|\n|poke|p1|Aerodactyl, L50, F|\n|poke|p1|Palafin, L50, M|\n|poke|p2|Altaria, L50, F|\n|poke|p2|Delphox, L50, F|\n|poke|p2|Kingambit, L50, M|\n|poke|p2|Milotic, L50, F|\n|poke|p2|Raichu, L50, M|\n|poke|p2|Incineroar, L50, F|\n|teampreview|4\n|inactive|Battle timer is ON: inactive players will automatically lose when time's up. (requested by soten soten)\n|inactive|Azure Resolution has 60 seconds left.\n|\n|t:|1776218071\n|teamsize|p1|4\n|teamsize|p2|4\n|start\n|switch|p1a: Gallade|Gallade, L50, M|100/100\n|switch|p1b: Palafin|Palafin, L50, M|100/100\n|switch|p2a: Silly Goose|Altaria, L50, F|100/100\n|switch|p2b: Milotic|Milotic, L50, F|100/100\n|-ability|p2a: Silly Goose|Cloud Nine\n|turn|1\n|inactive|soten soten has 30 seconds left.\n|inactive|Azure Resolution has 30 seconds left.\n|inactive|soten soten has 20 seconds left.\n|inactive|Azure Resolution has 20 seconds left.\n|\n|t:|1776218106\n|detailschange|p1a: Gallade|Gallade-Mega, L50, M\n|-mega|p1a: Gallade|Gallade|Galladite\n|move|p1a: Gallade|Protect|p1a: Gallade\n|-singleturn|p1a: Gallade|Protect\n|move|p1b: Palafin|Flip Turn|p2a: Silly Goose\n|-resisted|p2a: Silly Goose|1\n|-damage|p2a: Silly Goose|87/100\n|\n|t:|1776218108\n|detailschange|p1b: Palafin|Palafin-Hero, L50, M\n|switch|p1b: Aerodactyl|Aerodactyl, L50, F|100/100|[from] Flip Turn\n|-ability|p1b: Aerodactyl|Pressure\n|move|p2b: Milotic|Scald|p1a: Gallade\n|-activate|p1a: Gallade|move: Protect\n|move|p2a: Silly Goose|Brave Bird|p1a: Gallade\n|-activate|p1a: Gallade|move: Protect\n|\n|upkeep\n|turn|2\n|inactive|Azure Resolution has 30 seconds left.\n|inactive|Azure Resolution has 20 seconds left.\n|inactive|Azure Resolution has 15 seconds left.\n|\n|t:|1776218149\n|move|p1b: Aerodactyl|Rock Slide|p2a: Silly Goose|[spread] p2a,p2b\n|-supereffective|p2a: Silly Goose|1\n|-damage|p2a: Silly Goose|30/100\n|-damage|p2b: Milotic|75/100\n|-enditem|p2a: Silly Goose|Sitrus Berry|[eat]\n|-heal|p2a: Silly Goose|54/100|[from] item: Sitrus Berry\n|move|p1a: Gallade|Close Combat|p2b: Milotic\n|-damage|p2b: Milotic|0 fnt\n|-unboost|p1a: Gallade|def|1\n|-unboost|p1a: Gallade|spd|1\n|faint|p2b: Milotic\n|move|p2a: Silly Goose|Tailwind|p2a: Silly Goose\n|-sidestart|p2: Azure Resolution|move: Tailwind\n|\n|upkeep\n|inactive|Azure Resolution has 30 seconds left.\n|inactive|Azure Resolution has 20 seconds left.\n|\n|t:|1776218188\n|switch|p2b: Delphox|Delphox, L50, F|100/100\n|turn|3\n|\n|t:|1776218197\n|switch|p1a: Incineroar|Incineroar, L50, M|100/100\n|-ability|p1a: Incineroar|Intimidate|boost\n|-unboost|p2a: Silly Goose|atk|1\n|-unboost|p2b: Delphox|atk|1\n|detailschange|p2b: Delphox|Delphox-Mega, L50, F\n|-mega|p2b: Delphox|Delphox|Delphoxite\n|move|p2b: Delphox|Heat Wave|p1b: Aerodactyl|[spread] p1a,p1b\n|-resisted|p1a: Incineroar|1\n|-resisted|p1b: Aerodactyl|1\n|-damage|p1a: Incineroar|80/100\n|-damage|p1b: Aerodactyl|70/100\n|move|p2a: Silly Goose|Breaking Swipe|p1a: Incineroar|[spread] p1a,p1b\n|-damage|p1a: Incineroar|74/100\n|-damage|p1b: Aerodactyl|57/100\n|-unboost|p1a: Incineroar|atk|1\n|-unboost|p1b: Aerodactyl|atk|1\n|move|p1b: Aerodactyl|Tailwind|p1b: Aerodactyl\n|-sidestart|p1: soten soten|move: Tailwind\n|\n|upkeep\n|turn|4\n|inactive|Azure Resolution has 30 seconds left.\n|inactive|Azure Resolution has 20 seconds left.\n|\n|t:|1776218236\n|move|p2b: Delphox|Protect|p2b: Delphox\n|-singleturn|p2b: Delphox|Protect\n|move|p2a: Silly Goose|Protect|p2a: Silly Goose\n|-singleturn|p2a: Silly Goose|Protect\n|move|p1a: Incineroar|Fake Out|p2b: Delphox\n|-activate|p2b: Delphox|move: Protect\n|move|p1b: Aerodactyl|Rock Slide|p2a: Silly Goose|[spread] \n|-activate|p2a: Silly Goose|move: Protect\n|-activate|p2b: Delphox|move: Protect\n|\n|upkeep\n|turn|5\n|inactive|Azure Resolution has 30 seconds left.\n|inactive|Azure Resolution has 20 seconds left.\n|inactive|Azure Resolution has 15 seconds left.\n|\n|t:|1776218277\n|move|p1b: Aerodactyl|Protect|p1b: Aerodactyl\n|-singleturn|p1b: Aerodactyl|Protect\n|move|p2b: Delphox|Substitute|p2b: Delphox\n|-start|p2b: Delphox|Substitute\n|-damage|p2b: Delphox|75/100\n|move|p2a: Silly Goose|Breaking Swipe|p1a: Incineroar|[spread] p1a\n|-activate|p1b: Aerodactyl|move: Protect\n|-damage|p1a: Incineroar|68/100\n|-unboost|p1a: Incineroar|atk|1\n|move|p1a: Incineroar|Parting Shot|p2b: Delphox\n|-unboost|p2b: Delphox|atk|1\n|-unboost|p2b: Delphox|spa|1\n|\n|t:|1776218292\n|switch|p1a: Palafin|Palafin-Hero, L50, M|100/100|[from] Parting Shot\n|-activate|p1a: Palafin|ability: Zero to Hero\n|\n|-sideend|p2: Azure Resolution|move: Tailwind\n|upkeep\n|turn|6\n|inactive|Azure Resolution has 30 seconds left.\n|inactive|Azure Resolution has 20 seconds left.\n|inactive|Azure Resolution has 15 seconds left.\n|\n|t:|1776218335\n|switch|p1b: Incineroar|Incineroar, L50, M|68/100\n|-ability|p1b: Incineroar|Intimidate|boost\n|-unboost|p2a: Silly Goose|atk|1\n|-immune|p2b: Delphox\n|move|p1a: Palafin|Protect|p1a: Palafin\n|-singleturn|p1a: Palafin|Protect\n|move|p2a: Silly Goose|Protect|p2a: Silly Goose\n|-singleturn|p2a: Silly Goose|Protect\n|move|p2b: Delphox|Psychic|p1b: Incineroar\n|-immune|p1b: Incineroar\n|\n|-sideend|p1: soten soten|move: Tailwind\n|upkeep\n|turn|7\n|inactive|Azure Resolution has 30 seconds left.\n|inactive|Azure Resolution has 20 seconds left.\n|inactive|Azure Resolution has 15 seconds left.\n|inactive|Azure Resolution has 10 seconds left.\n|\n|t:|1776218381\n|move|p1b: Incineroar|Fake Out|p2a: Silly Goose\n|-damage|p2a: Silly Goose|44/100\n|move|p2b: Delphox|Heat Wave|p1a: Palafin|[spread] p1a,p1b\n|-resisted|p1a: Palafin|1\n|-resisted|p1b: Incineroar|1\n|-damage|p1a: Palafin|86/100\n|-damage|p1b: Incineroar|54/100\n|move|p1a: Palafin|Flip Turn|p2b: Delphox\n|-supereffective|p2b: Delphox|1\n|-end|p2b: Delphox|Substitute\n|\n|t:|1776218389\n|switch|p1a: Aerodactyl|Aerodactyl, L50, F|57/100|[from] Flip Turn\n|-ability|p1a: Aerodactyl|Pressure\n|cant|p2a: Silly Goose|flinch\n|\n|upkeep\n|turn|8\n|\n|t:|1776218403\n|switch|p2b: Kingambit|Kingambit, L50, M|100/100\n|switch|p1b: Palafin|Palafin-Hero, L50, M|86/100\n|move|p1a: Aerodactyl|Rock Slide|p2a: Silly Goose|[spread] p2a,p2b\n|-supereffective|p2a: Silly Goose|1\n|-resisted|p2b: Kingambit|1\n|-damage|p2a: Silly Goose|0 fnt\n|-damage|p2b: Kingambit|91/100\n|faint|p2a: Silly Goose\n|\n|upkeep\n|\n|t:|1776218411\n|switch|p2a: Delphox|Delphox-Mega, L50, F|75/100\n|turn|9\n|inactive|Azure Resolution has 30 seconds left.\n|\n|t:|1776218437\n|move|p1b: Palafin|Protect|p1b: Palafin\n|-singleturn|p1b: Palafin|Protect\n|move|p2a: Delphox|Psychic|p1b: Palafin\n|-activate|p1b: Palafin|move: Protect\n|move|p1a: Aerodactyl|Tailwind|p1a: Aerodactyl\n|-sidestart|p1: soten soten|move: Tailwind\n|move|p2b: Kingambit|Iron Head|p1a: Aerodactyl\n|-supereffective|p1a: Aerodactyl|1\n|-damage|p1a: Aerodactyl|0 fnt\n|faint|p1a: Aerodactyl\n|\n|upkeep\n|\n|t:|1776218443\n|switch|p1a: Gallade|Gallade-Mega, L50, M|100/100\n|turn|10\n|\n|t:|1776218463\n|move|p2a: Delphox|Protect|p2a: Delphox\n|-singleturn|p2a: Delphox|Protect\n|move|p1b: Palafin|Jet Punch|p2a: Delphox\n|-activate|p2a: Delphox|move: Protect\n|move|p1a: Gallade|Close Combat|p2b: Kingambit\n|-supereffective|p2b: Kingambit|2\n|-enditem|p2b: Kingambit|Chople Berry|[eat]\n|-enditem|p2b: Kingambit|Chople Berry|[weaken]\n|-damage|p2b: Kingambit|0 fnt\n|-unboost|p1a: Gallade|def|1\n|-unboost|p1a: Gallade|spd|1\n|faint|p2b: Kingambit\n|\n|upkeep\n|turn|11\n|\n|t:|1776218476\n|move|p1b: Palafin|Jet Punch|p2a: Delphox\n|-supereffective|p2a: Delphox|1\n|-damage|p2a: Delphox|0 fnt\n|faint|p2a: Delphox\n|\n|win|soten soten\n|raw|soten soten's rating: 1348 &rarr; <strong>1367</strong><br />(+19 for winning)\n|raw|Azure Resolution's rating: 1327 &rarr; <strong>1308</strong><br />(-19 for losing)\n|l|\u2606soten soten\n|player|p1|\n",
  "uploadtime": 1776218515,
  "views": 31,
  "formatid": "gen9championsvgc2026regma",
  "rating": 1308,
  "private": 0,
  "password": null
}