{
  "id": "gen9championsvgc2026regma-2586674445",
  "format": "[Gen 9 Champions] VGC 2026 Reg M-A",
  "players": [
    "edxecece",
    "Kyooby"
  ],
  "log": "|j|\u2606edxecece\n|j|\u2606Kyooby\n|t:|1776451100\n|gametype|doubles\n|player|p1|edxecece|2|1066\n|player|p2|Kyooby|volkner|1162\n|gen|9\n|tier|[Gen 9 Champions] VGC 2026 Reg M-A\n|rated|\n|rule|Species Clause: Limit one of each Pok\u00e9mon\n|rule|Item Clause: Limit 1 of each item\n|clearpoke\n|poke|p1|Dragapult, L50, M|\n|poke|p1|Primarina, L50, F|\n|poke|p1|Skarmory, L50, F|\n|poke|p1|Maushold-Four, L50|\n|poke|p1|Basculegion, L50, M|\n|poke|p1|Clefable, L50, F|\n|poke|p2|Maushold-Four, L50|\n|poke|p2|Floette-Eternal, L50, F|\n|poke|p2|Espathra, L50, M|\n|poke|p2|Kommo-o, L50, M|\n|poke|p2|Kingambit, L50, F|\n|poke|p2|Heliolisk, L50, M|\n|teampreview|4\n|inactive|Battle timer is ON: inactive players will automatically lose when time's up. (requested by Kyooby)\n|\n|t:|1776451118\n|teamsize|p1|4\n|teamsize|p2|4\n|start\n|switch|p1a: Skarmory|Skarmory, L50, F|100/100\n|switch|p1b: Dragapult|Dragapult, L50, M|100/100\n|switch|p2a: Maushold|Maushold-Four, L50|100/100\n|switch|p2b: Floette|Floette-Eternal, L50, F|100/100\n|turn|1\n|\n|t:|1776451139\n|detailschange|p2b: Floette|Floette-Mega, L50, F\n|-mega|p2b: Floette|Floette|Floettite\n|-ability|p2b: Floette|Fairy Aura\n|detailschange|p1a: Skarmory|Skarmory-Mega, L50, F\n|-mega|p1a: Skarmory|Skarmory|Skarmorite\n|move|p2a: Maushold|Protect|p2a: Maushold\n|-singleturn|p2a: Maushold|Protect\n|move|p1b: Dragapult|Flamethrower|p2b: Floette\n|-damage|p2b: Floette|85/100\n|move|p1a: Skarmory|Iron Head|p2b: Floette\n|-supereffective|p2b: Floette|1\n|-damage|p2b: Floette|15/100\n|cant|p2b: Floette|flinch\n|\n|upkeep\n|turn|2\n|\n|t:|1776451164\n|move|p2a: Maushold|Follow Me|p2a: Maushold\n|-singleturn|p2a: Maushold|move: Follow Me\n|move|p1b: Dragapult|Flamethrower|p2a: Maushold\n|-damage|p2a: Maushold|67/100\n|-status|p2a: Maushold|brn\n|move|p1a: Skarmory|Swords Dance|p1a: Skarmory\n|-boost|p1a: Skarmory|atk|2\n|move|p2b: Floette|Dazzling Gleam|p1a: Skarmory|[spread] p1a,p1b\n|-resisted|p1a: Skarmory|1\n|-supereffective|p1b: Dragapult|1\n|-damage|p1a: Skarmory|72/100\n|-enditem|p1b: Dragapult|Focus Sash\n|-damage|p1b: Dragapult|1/100\n|\n|-damage|p2a: Maushold|61/100 brn|[from] brn\n|upkeep\n|turn|3\n|\n|t:|1776451186\n|switch|p1b: Clefable|Clefable, L50, F|100/100\n|move|p2b: Floette|Protect|p2b: Floette\n|-singleturn|p2b: Floette|Protect\n|move|p2a: Maushold|Encore|p1a: Skarmory\n|-start|p1a: Skarmory|Encore\n|move|p1a: Skarmory|Swords Dance|p1a: Skarmory\n|-boost|p1a: Skarmory|atk|2\n|\n|-damage|p2a: Maushold|55/100 brn|[from] brn\n|upkeep\n|turn|4\n|\n|t:|1776451202\n|move|p2a: Maushold|Super Fang|p1a: Skarmory\n|-damage|p1a: Skarmory|36/100\n|move|p1a: Skarmory|Swords Dance|p1a: Skarmory\n|-boost|p1a: Skarmory|atk|2\n|move|p2b: Floette|Dazzling Gleam|p1b: Clefable|[spread] p1a,p1b\n|-resisted|p1a: Skarmory|1\n|-damage|p1a: Skarmory|9/100\n|-damage|p1b: Clefable|68/100\n|move|p1b: Clefable|Life Dew|p1b: Clefable|[spread] p1a,p1b\n|-heal|p1a: Skarmory|33/100\n|-heal|p1b: Clefable|93/100\n|\n|-heal|p1b: Clefable|99/100|[from] item: Leftovers\n|-damage|p2a: Maushold|49/100 brn|[from] brn\n|upkeep\n|turn|5\n|\n|t:|1776451220\n|move|p2a: Maushold|Encore|p1b: Clefable\n|-start|p1b: Clefable|Encore\n|move|p1a: Skarmory|Swords Dance|p1a: Skarmory\n|-boost|p1a: Skarmory|atk|0\n|move|p2b: Floette|Moonblast|p1a: Skarmory\n|-resisted|p1a: Skarmory|1\n|-crit|p1a: Skarmory\n|-damage|p1a: Skarmory|0 fnt\n|faint|p1a: Skarmory\n|move|p1b: Clefable|Life Dew|p1b: Clefable\n|-heal|p1b: Clefable|100/100\n|\n|-damage|p2a: Maushold|42/100 brn|[from] brn\n|upkeep\n|\n|t:|1776451227\n|switch|p1a: Basculegion|Basculegion, L50, M|100/100\n|turn|6\n|\n|t:|1776451236\n|switch|p2b: Heliolisk|Heliolisk, L50, M, shiny|100/100\n|move|p2a: Maushold|Protect|p2a: Maushold\n|-singleturn|p2a: Maushold|Protect\n|move|p1a: Basculegion|Wave Crash|p2b: Heliolisk\n|-immune|p2b: Heliolisk|[from] ability: Dry Skin\n|move|p1b: Clefable|Life Dew||[still]|[still]|[spread] \n|-fail|p1a: Basculegion|heal\n|-fail|p1b: Clefable|heal\n|\n|-damage|p2a: Maushold|36/100 brn|[from] brn\n|upkeep\n|turn|7\n|\n|t:|1776451277\n|move|p2a: Maushold|Super Fang|p1b: Clefable\n|-damage|p1b: Clefable|50/100\n|move|p2b: Heliolisk|Thunderbolt|p1a: Basculegion\n|-supereffective|p1a: Basculegion|1\n|-damage|p1a: Basculegion|8/100\n|move|p1a: Basculegion|Substitute|p1a: Basculegion\n|-fail|p1a: Basculegion|move: Substitute|[weak]\n|move|p1b: Clefable|Life Dew|p1b: Clefable|[spread] p1a,p1b\n|-heal|p1a: Basculegion|33/100\n|-heal|p1b: Clefable|76/100\n|\n|-heal|p1b: Clefable|82/100|[from] item: Leftovers\n|-damage|p2a: Maushold|30/100 brn|[from] brn\n|-end|p1b: Clefable|Encore\n|upkeep\n|turn|8\n|inactive|edxecece has 30 seconds left.\n|inactive|Kyooby has 30 seconds left.\n|l|\u2606edxecece\n|inactive|edxecece disconnected and has a minute to reconnect!\n|player|p1|\n|inactive|edxecece has 20 seconds left.\n|inactive|Kyooby has 20 seconds left.\n|inactive|edxecece has 15 seconds left.\n|inactive|Kyooby has 15 seconds left.\n|inactive|edxecece has 10 seconds left.\n|inactive|Kyooby has 10 seconds left.\n|inactive|edxecece has 5 seconds left.\n|-message|edxecece lost due to inactivity.\n|\n|win|Kyooby\n|raw|edxecece's rating: 1066 &rarr; <strong>1051</strong><br />(-15 for losing)\n|raw|Kyooby's rating: 1162 &rarr; <strong>1180</strong><br />(+18 for winning)\n",
  "uploadtime": 1776451380,
  "views": 24,
  "formatid": "gen9championsvgc2026regma",
  "rating": 1051,
  "private": 0,
  "password": null
}