{
  "id": "gen9championsvgc2026regma-2587786283",
  "format": "[Gen 9 Champions] VGC 2026 Reg M-A",
  "players": [
    "Regei",
    "strings3"
  ],
  "log": "|j|\u2606Regei\n|j|\u2606strings3\n|t:|1776563877\n|gametype|doubles\n|player|p1|Regei|drayton|1238\n|player|p2|strings3|pokemaniac|1190\n|gen|9\n|tier|[Gen 9 Champions] VGC 2026 Reg M-A\n|rated|\n|rule|Species Clause: Limit one of each Pok\u00e9mon\n|rule|Item Clause: Limit 1 of each item\n|clearpoke\n|poke|p1|Lucario, L50, M, shiny|\n|poke|p1|Weavile, L50, F, shiny|\n|poke|p1|Milotic, L50, M, shiny|\n|poke|p1|Volcarona, L50, F, shiny|\n|poke|p1|Tsareena, L50, F|\n|poke|p1|Feraligatr, L50, F|\n|poke|p2|Skarmory, L50, F|\n|poke|p2|Sneasler, L50, F|\n|poke|p2|Garchomp, L50, F|\n|poke|p2|Incineroar, L50, M|\n|poke|p2|Sinistcha, L50|\n|poke|p2|Milotic, L50, F|\n|teampreview|4\n|inactive|Battle timer is ON: inactive players will automatically lose when time's up. (requested by strings3)\n|inactive|Regei has 60 seconds left.\n|\n|t:|1776563956\n|teamsize|p1|4\n|teamsize|p2|4\n|start\n|switch|p1a: Weavile|Weavile, L50, F, shiny|100/100\n|switch|p1b: Milotic|Milotic, L50, M, shiny|100/100\n|switch|p2a: Sneasler|Sneasler, L50, F|100/100\n|switch|p2b: Milotic|Milotic, L50, F|100/100\n|turn|1\n|\n|t:|1776563972\n|move|p1a: Weavile|Fake Out|p2a: Sneasler\n|-damage|p2a: Sneasler|78/100\n|cant|p2a: Sneasler|flinch\n|move|p2b: Milotic|Coil|p2b: Milotic\n|-boost|p2b: Milotic|atk|1\n|-boost|p2b: Milotic|def|1\n|-boost|p2b: Milotic|accuracy|1\n|move|p1b: Milotic|Coil|p1b: Milotic\n|-boost|p1b: Milotic|atk|1\n|-boost|p1b: Milotic|def|1\n|-boost|p1b: Milotic|accuracy|1\n|\n|upkeep\n|turn|2\n|\n|t:|1776563983\n|move|p1a: Weavile|Triple Axel|p2a: Sneasler\n|-damage|p2a: Sneasler|62/100\n|-damage|p2a: Sneasler|27/100\n|-damage|p2a: Sneasler|0 fnt\n|faint|p2a: Sneasler\n|-hitcount|p2: Sneasler|3\n|move|p2b: Milotic|Hypnosis|p1b: Milotic\n|-status|p1b: Milotic|slp|[from] move: Hypnosis\n|cant|p1b: Milotic|slp\n|\n|upkeep\n|\n|t:|1776563999\n|switch|p2a: Skarmory|Skarmory, L50, F|100/100\n|turn|3\n|\n|t:|1776564010\n|move|p1a: Weavile|Protect|p1a: Weavile\n|-singleturn|p1a: Weavile|Protect\n|move|p2a: Skarmory|Body Press|p1a: Weavile\n|-activate|p1a: Weavile|move: Protect\n|move|p2b: Milotic|Coil|p2b: Milotic\n|-boost|p2b: Milotic|atk|1\n|-boost|p2b: Milotic|def|1\n|-boost|p2b: Milotic|accuracy|1\n|-curestatus|p1b: Milotic|slp|[msg]\n|move|p1b: Milotic|Muddy Water|p2a: Skarmory|[spread] p2a,p2b\n|-resisted|p2b: Milotic|1\n|-damage|p2a: Skarmory|55/100\n|-damage|p2b: Milotic|92/100\n|-unboost|p2a: Skarmory|accuracy|1\n|-unboost|p2b: Milotic|accuracy|1\n|-ability|p2b: Milotic|Competitive|boost\n|-boost|p2b: Milotic|spa|2\n|\n|-heal|p2b: Milotic|98/100|[from] item: Leftovers\n|upkeep\n|turn|4\n|inactive|strings3 has 30 seconds left.\n|\n|t:|1776564038\n|move|p1a: Weavile|Knock Off|p2b: Milotic\n|-damage|p2b: Milotic|78/100\n|-enditem|p2b: Milotic|Leftovers|[from] move: Knock Off|[of] p1a: Weavile\n|move|p2a: Skarmory|Body Press|p1a: Weavile\n|-supereffective|p1a: Weavile|2\n|-enditem|p1a: Weavile|Focus Sash\n|-damage|p1a: Weavile|1/100\n|move|p2b: Milotic|Muddy Water|p1b: Milotic|[spread] p1a,p1b\n|-resisted|p1b: Milotic|1\n|-damage|p1a: Weavile|0 fnt\n|-damage|p1b: Milotic|83/100\n|-unboost|p1b: Milotic|accuracy|1\n|-ability|p1b: Milotic|Competitive|boost\n|-boost|p1b: Milotic|spa|2\n|faint|p1a: Weavile\n|move|p1b: Milotic|Muddy Water|p2b: Milotic|[spread] p2a,p2b\n|-resisted|p2b: Milotic|1\n|-damage|p2a: Skarmory|0 fnt\n|-damage|p2b: Milotic|62/100\n|faint|p2a: Skarmory\n|\n|-heal|p1b: Milotic|89/100|[from] item: Leftovers\n|upkeep\n|\n|t:|1776564056\n|switch|p1a: Feraligatr|Feraligatr, L50, F|100/100\n|switch|p2a: Sinistcha|Sinistcha, L50|100/100\n|-heal|p2b: Milotic|87/100|[from] ability: Hospitality|[of] p2a: Sinistcha\n|turn|5\n|\n|t:|1776564078\n|detailschange|p1a: Feraligatr|Feraligatr-Mega, L50, F\n|-mega|p1a: Feraligatr|Feraligatr|Feraligite\n|move|p1a: Feraligatr|Double-Edge|p2a: Sinistcha\n|-damage|p2a: Sinistcha|29/100\n|-enditem|p2a: Sinistcha|Sitrus Berry|[eat]\n|-heal|p2a: Sinistcha|54/100|[from] item: Sitrus Berry\n|-damage|p1a: Feraligatr|78/100|[from] Recoil\n|move|p2b: Milotic|Muddy Water|p1a: Feraligatr|[spread] p1a,p1b\n|-resisted|p1a: Feraligatr|2\n|-resisted|p1b: Milotic|1\n|-damage|p1a: Feraligatr|66/100\n|-damage|p1b: Milotic|71/100\n|-unboost|p1b: Milotic|accuracy|1\n|-ability|p1b: Milotic|Competitive|boost\n|-boost|p1b: Milotic|spa|2\n|move|p1b: Milotic|Muddy Water|p2b: Milotic|[spread] p2b\n|-miss|p1b: Milotic|p2a: Sinistcha\n|-resisted|p2b: Milotic|1\n|-damage|p2b: Milotic|62/100\n|-unboost|p2b: Milotic|accuracy|1\n|-ability|p2b: Milotic|Competitive|boost\n|-boost|p2b: Milotic|spa|2\n|move|p2a: Sinistcha|Matcha Gotcha|p1b: Milotic|[spread] p1a,p1b\n|-supereffective|p1b: Milotic|1\n|-damage|p1a: Feraligatr|43/100\n|-heal|p2a: Sinistcha|67/100|[from] drain|[of] p1a: Feraligatr\n|-damage|p1b: Milotic|39/100\n|-heal|p2a: Sinistcha|85/100|[from] drain|[of] p1b: Milotic\n|\n|-heal|p1b: Milotic|45/100|[from] item: Leftovers\n|upkeep\n|turn|6\n|inactive|strings3 has 30 seconds left.\n|\n|t:|1776564112\n|move|p1a: Feraligatr|Double-Edge|p2a: Sinistcha\n|-damage|p2a: Sinistcha|14/100\n|-damage|p1a: Feraligatr|20/100|[from] Recoil\n|move|p2b: Milotic|Coil|p2b: Milotic\n|-boost|p2b: Milotic|atk|1\n|-boost|p2b: Milotic|def|1\n|-boost|p2b: Milotic|accuracy|1\n|move|p1b: Milotic|Muddy Water|p2a: Sinistcha|[spread] p2a,p2b\n|-resisted|p2a: Sinistcha|1\n|-crit|p2a: Sinistcha\n|-resisted|p2b: Milotic|1\n|-damage|p2a: Sinistcha|0 fnt\n|-damage|p2b: Milotic|39/100\n|-unboost|p2b: Milotic|accuracy|1\n|-ability|p2b: Milotic|Competitive|boost\n|-boost|p2b: Milotic|spa|2\n|faint|p2a: Sinistcha\n|\n|-heal|p1b: Milotic|50/100|[from] item: Leftovers\n|upkeep\n|turn|7\n|\n|t:|1776564124\n|move|p1a: Feraligatr|Double-Edge|p2b: Milotic\n|-damage|p2b: Milotic|10/100\n|-damage|p1a: Feraligatr|10/100|[from] Recoil\n|move|p2b: Milotic|Muddy Water|p1b: Milotic|[spread] p1a,p1b\n|-resisted|p1a: Feraligatr|2\n|-resisted|p1b: Milotic|1\n|-damage|p1a: Feraligatr|0 fnt\n|-damage|p1b: Milotic|15/100\n|-unboost|p1b: Milotic|accuracy|1\n|-ability|p1b: Milotic|Competitive|boost\n|-boost|p1b: Milotic|spa|2\n|faint|p1a: Feraligatr\n|move|p1b: Milotic|Hypnosis|p2b: Milotic|[miss]\n|-miss|p1b: Milotic|p2b: Milotic\n|\n|-heal|p1b: Milotic|21/100|[from] item: Leftovers\n|upkeep\n|\n|t:|1776564127\n|switch|p1a: Tsareena|Tsareena, L50, F|100/100\n|turn|8\n|\n|t:|1776564141\n|move|p1a: Tsareena|Power Whip|p2b: Milotic\n|-supereffective|p2b: Milotic|1\n|-damage|p2b: Milotic|0 fnt\n|faint|p2b: Milotic\n|\n|win|Regei\n|raw|Regei's rating: 1238 &rarr; <strong>1261</strong><br />(+23 for winning)\n|raw|strings3's rating: 1210 &rarr; <strong>1187</strong><br />(-23 for losing)\n|l|\u2606strings3\n|player|p2|\n",
  "uploadtime": 1776564147,
  "views": 14,
  "formatid": "gen9championsvgc2026regma",
  "rating": 1187,
  "private": 0,
  "password": null
}