{
  "id": "gen9championsvgc2026regma-2581336608",
  "format": "[Gen 9 Champions] VGC 2026 Reg M-A",
  "players": [
    "chrisjhall11",
    "noedpr"
  ],
  "log": "|j|\u2606chrisjhall11\n|j|\u2606noedpr\n|t:|1775988422\n|gametype|doubles\n|player|p1|chrisjhall11|dawn|1204\n|player|p2|noedpr|102|1301\n|gen|9\n|tier|[Gen 9 Champions] VGC 2026 Reg M-A\n|rated|\n|rule|Species Clause: Limit one of each Pok\u00e9mon\n|rule|Item Clause: Limit 1 of each item\n|clearpoke\n|poke|p1|Froslass, L50, F|\n|poke|p1|Kingambit, L50, F|\n|poke|p1|Sneasler, L50, F|\n|poke|p1|Clefable, L50, F|\n|poke|p1|Garchomp, L50, F|\n|poke|p1|Gyarados, L50, M|\n|poke|p2|Tyranitar, L50, M|\n|poke|p2|Excadrill, L50, M|\n|poke|p2|Milotic, L50, F|\n|poke|p2|Sinistcha, L50|\n|poke|p2|Kommo-o, L50, M|\n|poke|p2|Corviknight, L50, M|\n|teampreview|4\n|inactive|Battle timer is ON: inactive players will automatically lose when time's up. (requested by noedpr)\n|inactive|chrisjhall11 has 60 seconds left.\n|inactive|noedpr has 60 seconds left.\n|inactive|chrisjhall11 has 30 seconds left.\n|\n|t:|1775988490\n|teamsize|p1|4\n|teamsize|p2|4\n|start\n|switch|p1a: Garchomp|Garchomp, L50, F|100/100\n|switch|p1b: Kingambit|Kingambit, L50, F|100/100\n|switch|p2a: Milotic|Milotic, L50, F, shiny|100/100\n|switch|p2b: Excadrill|Excadrill, L50, M, shiny|100/100\n|turn|1\n|\n|t:|1775988510\n|move|p2b: Excadrill|Protect|p2b: Excadrill\n|-singleturn|p2b: Excadrill|Protect\n|move|p1b: Kingambit|Protect|p1b: Kingambit\n|-singleturn|p1b: Kingambit|Protect\n|move|p1a: Garchomp|Earthquake|p2a: Milotic|[spread] p2a\n|-activate|p1b: Kingambit|move: Protect\n|-activate|p2b: Excadrill|move: Protect\n|-damage|p2a: Milotic|65/100\n|move|p2a: Milotic|Scald|p1a: Garchomp\n|-damage|p1a: Garchomp|71/100\n|-status|p1a: Garchomp|brn\n|\n|-damage|p1a: Garchomp|65/100 brn|[from] brn\n|upkeep\n|turn|2\n|inactive|noedpr has 30 seconds left.\n|\n|t:|1775988538\n|switch|p1a: Froslass|Froslass, L50, F|100/100\n|switch|p2b: Sinistcha|Sinistcha, L50, shiny|100/100\n|-heal|p2a: Milotic|90/100|[from] ability: Hospitality|[of] p2b: Sinistcha\n|move|p2a: Milotic|Scald|p1b: Kingambit\n|-damage|p1b: Kingambit|77/100\n|-status|p1b: Kingambit|brn\n|move|p1b: Kingambit|Swords Dance|p1b: Kingambit\n|-boost|p1b: Kingambit|atk|2\n|\n|-damage|p1b: Kingambit|71/100 brn|[from] brn\n|upkeep\n|turn|3\n|inactive|noedpr has 30 seconds left.\n|\n|t:|1775988565\n|detailschange|p1a: Froslass|Froslass-Mega, L50, F\n|-mega|p1a: Froslass|Froslass|Froslassite\n|-weather|Snowscape|[from] ability: Snow Warning|[of] p1a: Froslass\n|move|p2b: Sinistcha|Protect|p2b: Sinistcha\n|-singleturn|p2b: Sinistcha|Protect\n|move|p1a: Froslass|Blizzard|p2b: Sinistcha|[spread] p2a\n|-activate|p2b: Sinistcha|move: Protect\n|-resisted|p2a: Milotic|1\n|-damage|p2a: Milotic|72/100\n|move|p2a: Milotic|Scald|p1b: Kingambit\n|-damage|p1b: Kingambit|46/100 brn\n|move|p1b: Kingambit|Kowtow Cleave|p2a: Milotic\n|-damage|p2a: Milotic|26/100\n|\n|-weather|Snowscape|[upkeep]\n|-damage|p1b: Kingambit|40/100 brn|[from] brn\n|upkeep\n|turn|4\n|inactive|noedpr has 30 seconds left.\n|inactive|noedpr has 20 seconds left.\n|\n|t:|1775988601\n|switch|p2b: Tyranitar|Tyranitar, L50, M|100/100\n|-weather|Sandstorm|[from] ability: Sand Stream|[of] p2b: Tyranitar\n|move|p1a: Froslass|Blizzard|p2b: Tyranitar|[spread] p2a,p2b\n|-resisted|p2a: Milotic|1\n|-damage|p2a: Milotic|10/100\n|-damage|p2b: Tyranitar|73/100\n|move|p2a: Milotic|Scald|p1b: Kingambit\n|-crit|p1b: Kingambit\n|-damage|p1b: Kingambit|5/100 brn\n|move|p1b: Kingambit|Kowtow Cleave|p2a: Milotic\n|-damage|p2a: Milotic|0 fnt\n|faint|p2a: Milotic\n|\n|-weather|Sandstorm|[upkeep]\n|-damage|p1a: Froslass|95/100|[from] Sandstorm\n|-damage|p1b: Kingambit|0 fnt|[from] brn\n|faint|p1b: Kingambit\n|upkeep\n|\n|t:|1775988623\n|switch|p2a: Excadrill|Excadrill, L50, M, shiny|100/100\n|switch|p1b: Garchomp|Garchomp, L50, F|65/100 brn\n|turn|5\n|\n|t:|1775988645\n|switch|p1a: Clefable|Clefable, L50, F|100/100\n|detailschange|p2b: Tyranitar|Tyranitar-Mega, L50, M\n|-mega|p2b: Tyranitar|Tyranitar|Tyranitarite\n|move|p2b: Tyranitar|Protect|p2b: Tyranitar\n|-singleturn|p2b: Tyranitar|Protect\n|move|p2a: Excadrill|Earthquake|p1b: Garchomp|[spread] p1a,p1b\n|-activate|p2b: Tyranitar|move: Protect\n|-damage|p1a: Clefable|63/100\n|-damage|p1b: Garchomp|26/100 brn\n|move|p1b: Garchomp|Earthquake|p2b: Tyranitar|[spread] p1a,p2a\n|-activate|p2b: Tyranitar|move: Protect\n|-supereffective|p2a: Excadrill|1\n|-damage|p1a: Clefable|44/100\n|-damage|p2a: Excadrill|38/100\n|-enditem|p1a: Clefable|Sitrus Berry|[eat]\n|-heal|p1a: Clefable|69/100|[from] item: Sitrus Berry\n|\n|-weather|Sandstorm|[upkeep]\n|-damage|p1a: Clefable|63/100|[from] Sandstorm\n|-damage|p1b: Garchomp|20/100 brn|[from] brn\n|upkeep\n|turn|6\n|inactive|chrisjhall11 has 30 seconds left.\n|inactive|noedpr has 30 seconds left.\n|inactive|chrisjhall11 has 20 seconds left.\n|\n|t:|1775988684\n|switch|p2a: Sinistcha|Sinistcha, L50, shiny|100/100\n|-heal|p2b: Tyranitar|97/100|[from] ability: Hospitality|[of] p2a: Sinistcha\n|move|p1b: Garchomp|Earthquake|p2a: Sinistcha|[spread] p1a,p2a,p2b\n|-resisted|p2a: Sinistcha|1\n|-supereffective|p2b: Tyranitar|1\n|-damage|p1a: Clefable|46/100\n|-damage|p2a: Sinistcha|92/100\n|-damage|p2b: Tyranitar|71/100\n|move|p2b: Tyranitar|Crunch|p1a: Clefable\n|-resisted|p1a: Clefable|1\n|-damage|p1a: Clefable|27/100\n|move|p1a: Clefable|Life Dew|p1a: Clefable|[spread] p1a,p1b\n|-heal|p1a: Clefable|52/100\n|-heal|p1b: Garchomp|45/100 brn\n|\n|-weather|Sandstorm|[upkeep]\n|-damage|p2a: Sinistcha|85/100|[from] Sandstorm\n|-damage|p1a: Clefable|46/100|[from] Sandstorm\n|-damage|p1b: Garchomp|39/100 brn|[from] brn\n|upkeep\n|turn|7\n|\n|t:|1775988709\n|move|p1b: Garchomp|Earthquake|p2b: Tyranitar|[spread] p1a,p2a,p2b\n|-resisted|p2a: Sinistcha|1\n|-supereffective|p2b: Tyranitar|1\n|-crit|p2b: Tyranitar\n|-damage|p1a: Clefable|27/100\n|-damage|p2a: Sinistcha|75/100\n|-damage|p2b: Tyranitar|36/100\n|move|p2b: Tyranitar|Rock Slide|p1a: Clefable|[spread] p1a,p1b\n|-resisted|p1b: Garchomp|1\n|-damage|p1a: Clefable|1/100\n|-damage|p1b: Garchomp|24/100 brn\n|move|p2a: Sinistcha|Matcha Gotcha|p1b: Garchomp|[spread] p1a\n|-miss|p2a: Sinistcha|p1b: Garchomp\n|-damage|p1a: Clefable|0 fnt\n|-heal|p2a: Sinistcha|76/100|[from] drain|[of] p1a: Clefable\n|faint|p1a: Clefable\n|\n|-weather|Sandstorm|[upkeep]\n|-damage|p2a: Sinistcha|70/100|[from] Sandstorm\n|-damage|p1b: Garchomp|18/100 brn|[from] brn\n|upkeep\n|\n|t:|1775988723\n|switch|p1a: Froslass|Froslass-Mega, L50, F|95/100\n|-weather|Snowscape|[from] ability: Snow Warning|[of] p1a: Froslass\n|turn|8\n|\n|t:|1775988744\n|switch|p2b: Excadrill|Excadrill, L50, M, shiny|38/100\n|move|p2a: Sinistcha|Protect|p2a: Sinistcha\n|-singleturn|p2a: Sinistcha|Protect\n|move|p1b: Garchomp|Earthquake|p2b: Excadrill|[spread] p1a,p2b\n|-activate|p2a: Sinistcha|move: Protect\n|-supereffective|p2b: Excadrill|1\n|-damage|p1a: Froslass|75/100\n|-damage|p2b: Excadrill|0 fnt\n|faint|p2b: Excadrill\n|move|p1a: Froslass|Blizzard|p2a: Sinistcha\n|-activate|p2a: Sinistcha|move: Protect\n|\n|-weather|Snowscape|[upkeep]\n|-damage|p1b: Garchomp|12/100 brn|[from] brn\n|upkeep\n|\n|t:|1775988760\n|switch|p2b: Tyranitar|Tyranitar-Mega, L50, M|36/100\n|-weather|Sandstorm|[from] ability: Sand Stream|[of] p2b: Tyranitar\n|turn|9\n|\n|t:|1775988769\n|move|p2b: Tyranitar|Protect|p2b: Tyranitar\n|-singleturn|p2b: Tyranitar|Protect\n|move|p1b: Garchomp|Earthquake|p2a: Sinistcha|[spread] p1a,p2a\n|-activate|p2b: Tyranitar|move: Protect\n|-resisted|p2a: Sinistcha|1\n|-damage|p1a: Froslass|40/100\n|-damage|p2a: Sinistcha|60/100\n|move|p1a: Froslass|Blizzard|p2b: Tyranitar|[spread] p2a\n|-activate|p2b: Tyranitar|move: Protect\n|-supereffective|p2a: Sinistcha|1\n|-damage|p2a: Sinistcha|0 fnt\n|faint|p2a: Sinistcha\n|\n|-weather|Sandstorm|[upkeep]\n|-damage|p1a: Froslass|34/100|[from] Sandstorm\n|-damage|p1b: Garchomp|6/100 brn|[from] brn\n|upkeep\n|turn|10\n|inactive|noedpr has 30 seconds left.\n|\n|t:|1775988798\n|move|p2b: Tyranitar|Protect||[still]\n|-fail|p2b: Tyranitar\n|move|p1b: Garchomp|Earthquake|p2b: Tyranitar|[spread] p1a,p2b\n|-supereffective|p2b: Tyranitar|1\n|-damage|p1a: Froslass|1/100\n|-damage|p2b: Tyranitar|11/100\n|move|p1a: Froslass|Shadow Ball|p2b: Tyranitar\n|-resisted|p2b: Tyranitar|1\n|-damage|p2b: Tyranitar|0 fnt\n|faint|p2b: Tyranitar\n|\n|win|chrisjhall11\n|raw|chrisjhall11's rating: 1204 &rarr; <strong>1236</strong><br />(+32 for winning)\n|raw|noedpr's rating: 1301 &rarr; <strong>1276</strong><br />(-25 for losing)\n",
  "uploadtime": 1775988839,
  "views": 24,
  "formatid": "gen9championsvgc2026regma",
  "rating": 1236,
  "private": 0,
  "password": null
}