{
  "id": "gen9championsvgc2026regma-2581829164",
  "format": "[Gen 9 Champions] VGC 2026 Reg M-A",
  "players": [
    "LichMcKnee",
    "uwugamer77"
  ],
  "log": "|j|\u2606LichMcKnee\n|j|\u2606uwugamer77\n|t:|1776031801\n|gametype|doubles\n|player|p1|LichMcKnee|ruinmaniac|1045\n|player|p2|uwugamer77|psychic-gen4|1000\n|gen|9\n|tier|[Gen 9 Champions] VGC 2026 Reg M-A\n|rated|\n|rule|Species Clause: Limit one of each Pok\u00e9mon\n|rule|Item Clause: Limit 1 of each item\n|clearpoke\n|poke|p1|Typhlosion-Hisui, L50, M|\n|poke|p1|Charizard, L50, M|\n|poke|p1|Venusaur, L50, F|\n|poke|p1|Krookodile, L50, F|\n|poke|p1|Whimsicott, L50, M|\n|poke|p1|Sneasler, L50, M|\n|poke|p2|Froslass, L50, F|\n|poke|p2|Basculegion, L50, M|\n|poke|p2|Maushold-Four, L50|\n|poke|p2|Incineroar, L50, F|\n|poke|p2|Aerodactyl, L50, M|\n|poke|p2|Garchomp, L50, M|\n|teampreview|4\n|inactive|Battle timer is ON: inactive players will automatically lose when time's up. (requested by LichMcKnee)\nLichMcKnee has agreed to open team sheets.\n|c|\u2606LichMcKnee|glhf\nuwugamer77 has agreed to open team sheets.\n|showteam|p1|Typhlosion-Hisui||Charcoal|Frisk|Eruption,InfernalParade,Protect,BurningJealousy|||M|||50|]Charizard||CharizarditeY|SolarPower|HeatWave,SolarBeam,AncientPower,Protect|||M|||50|]Venusaur||Leftovers|Chlorophyll|SunnyDay,SludgeBomb,EnergyBall,SleepPowder|||F|||50|]Krookodile||ChopleBerry|Intimidate|HighHorsepower,Earthquake,KnockOff,Protect|||F|||50|]Whimsicott||FocusSash|Prankster|Moonblast,Protect,Tailwind,Encore|||M|||50|]Sneasler||MentalHerb|Unburden|Acrobatics,FakeOut,CloseCombat,DireClaw|||M|||50|\n|showteam|p2|Froslass||Froslassite|CursedBody|Blizzard,ShadowBall,AuroraVeil,Protect|||F|||50|]Basculegion||ChoiceScarf|Adaptability|WaveCrash,LastRespects,FlipTurn,AquaJet|||M|||50|]Maushold-Four||ChestoBerry|FriendGuard|FollowMe,PopulationBomb,Encore,Protect||||||50|]Incineroar||SitrusBerry|Intimidate|PartingShot,FakeOut,FlareBlitz,Protect|||F|||50|]Aerodactyl||MentalHerb|Unnerve|Tailwind,Taunt,RockSlide,Protect|||M|||50|]Garchomp||LumBerry|RoughSkin|RockSlide,IronHead,Protect,StompingTantrum|||M|||50|\n|c|\u2606uwugamer77|glhf\n|inactive|LichMcKnee has 60 seconds left.\n|inactive|uwugamer77 has 60 seconds left.\n|\n|t:|1776031857\n|teamsize|p1|4\n|teamsize|p2|4\n|start\n|switch|p1a: Charizard|Charizard, L50, M, shiny|100/100\n|switch|p1b: Typhlosion|Typhlosion-Hisui, L50, M|100/100\n|switch|p2a: Basculegion|Basculegion, L50, M|100/100\n|switch|p2b: Maushold|Maushold-Four, L50|100/100\n|-item|p2a: Basculegion|Choice Scarf|[from] ability: Frisk|[of] p1b: Typhlosion\n|-item|p2b: Maushold|Chesto Berry|[from] ability: Frisk|[of] p1b: Typhlosion\n|turn|1\n|inactive|LichMcKnee has 30 seconds left.\n|inactive|uwugamer77 has 30 seconds left.\n|\n|t:|1776031891\n|detailschange|p1a: Charizard|Charizard-Mega-Y, L50, M, shiny\n|-mega|p1a: Charizard|Charizard|Charizardite Y\n|-weather|SunnyDay|[from] ability: Drought|[of] p1a: Charizard\n|move|p2b: Maushold|Protect|p2b: Maushold\n|-singleturn|p2b: Maushold|Protect\n|move|p2a: Basculegion|Wave Crash|p1a: Charizard\n|-supereffective|p1a: Charizard|1\n|-damage|p1a: Charizard|0 fnt\n|faint|p1a: Charizard\n|-damage|p2a: Basculegion|77/100|[from] Recoil\n|move|p1b: Typhlosion|Eruption|p2a: Basculegion|[spread] p2a\n|-activate|p2b: Maushold|move: Protect\n|-resisted|p2a: Basculegion|1\n|-damage|p2a: Basculegion|36/100\n|\n|-weather|SunnyDay|[upkeep]\n|upkeep\n|\n|t:|1776031907\n|switch|p1a: Venusaur|Venusaur, L50, F|100/100\n|turn|2\n|\n|t:|1776031928\n|move|p1b: Typhlosion|Protect|p1b: Typhlosion\n|-singleturn|p1b: Typhlosion|Protect\n|move|p2b: Maushold|Follow Me|p2b: Maushold\n|-singleturn|p2b: Maushold|move: Follow Me\n|move|p1a: Venusaur|Energy Ball|p2b: Maushold\n|-damage|p2b: Maushold|52/100\n|-unboost|p2b: Maushold|spd|1\n|move|p2a: Basculegion|Wave Crash|p1b: Typhlosion\n|-activate|p1b: Typhlosion|move: Protect\n|\n|-weather|SunnyDay|[upkeep]\n|upkeep\n|turn|3\n|\n|t:|1776031948\n|move|p2b: Maushold|Follow Me|p2b: Maushold\n|-singleturn|p2b: Maushold|move: Follow Me\n|move|p1a: Venusaur|Energy Ball|p2b: Maushold\n|-crit|p2b: Maushold\n|-damage|p2b: Maushold|0 fnt\n|faint|p2b: Maushold\n|move|p2a: Basculegion|Wave Crash|p1b: Typhlosion\n|-supereffective|p1b: Typhlosion|1\n|-damage|p1b: Typhlosion|0 fnt\n|faint|p1b: Typhlosion\n|-damage|p2a: Basculegion|13/100|[from] Recoil\n|\n|-weather|SunnyDay|[upkeep]\n|upkeep\n|\n|t:|1776031962\n|switch|p2b: Incineroar|Incineroar, L50, F|100/100\n|switch|p1b: Krookodile|Krookodile, L50, F|100/100\n|-ability|p1b: Krookodile|Intimidate|boost\n|-unboost|p2a: Basculegion|atk|1\n|-unboost|p2b: Incineroar|atk|1\n|-ability|p2b: Incineroar|Intimidate|boost\n|-unboost|p1a: Venusaur|atk|1\n|-unboost|p1b: Krookodile|atk|1\n|turn|4\n|\n|t:|1776031986\n|move|p1b: Krookodile|Protect|p1b: Krookodile\n|-singleturn|p1b: Krookodile|Protect\n|move|p2b: Incineroar|Fake Out|p1a: Venusaur\n|-damage|p1a: Venusaur|93/100\n|cant|p1a: Venusaur|flinch\n|move|p2a: Basculegion|Wave Crash|p1b: Krookodile\n|-activate|p1b: Krookodile|move: Protect\n|\n|-weather|SunnyDay|[upkeep]\n|-heal|p1a: Venusaur|99/100|[from] item: Leftovers\n|upkeep\n|turn|5\n|\n|t:|1776032008\n|switch|p2a: Aerodactyl|Aerodactyl, L50, M|100/100\n|-ability|p2a: Aerodactyl|Unnerve\n|move|p1b: Krookodile|Protect|p1b: Krookodile\n|-singleturn|p1b: Krookodile|Protect\n|move|p1a: Venusaur|Sleep Powder|p2a: Aerodactyl|[miss]\n|-miss|p1a: Venusaur|p2a: Aerodactyl\n|move|p2b: Incineroar|Flare Blitz|p1a: Venusaur\n|-supereffective|p1a: Venusaur|1\n|-damage|p1a: Venusaur|14/100\n|-damage|p2b: Incineroar|75/100|[from] Recoil\n|\n|-weather|none\n|-heal|p1a: Venusaur|20/100|[from] item: Leftovers\n|upkeep\n|turn|6\n|-message|LichMcKnee forfeited.\n|\n|win|uwugamer77\n|raw|LichMcKnee's rating: 1045 &rarr; <strong>1026</strong><br />(-19 for losing)\n|raw|uwugamer77's rating: 1000 &rarr; <strong>1045</strong><br />(+45 for winning)\n|l|\u2606LichMcKnee\n|player|p1|\n",
  "uploadtime": 1776032030,
  "views": 13,
  "formatid": "gen9championsvgc2026regma",
  "rating": 1026,
  "private": 0,
  "password": null
}