{
  "id": "gen9championsvgc2026regma-2583542092",
  "format": "[Gen 9 Champions] VGC 2026 Reg M-A",
  "players": [
    "poly love",
    "kanako-kun"
  ],
  "log": "|j|\u2606poly love\n|j|\u2606kanako-kun\n|t:|1776182208\n|gametype|doubles\n|player|p1|poly love|dawn-masters2|\n|player|p2|kanako-kun|proton|\n|gen|9\n|tier|[Gen 9 Champions] VGC 2026 Reg M-A\n|rule|Species Clause: Limit one of each Pok\u00e9mon\n|rule|Item Clause: Limit 1 of each item\n|clearpoke\n|poke|p1|Cofagrigus, L50, M|\n|poke|p1|Aromatisse, L50, F|\n|poke|p1|Drampa, L50, F|\n|poke|p1|Crabominable, L50, F|\n|poke|p1|Scizor, L50, F|\n|poke|p1|Milotic, L50, F|\n|poke|p2|Tyranitar, L50, F|\n|poke|p2|Lycanroc, L50, F|\n|poke|p2|Gallade, L50, M|\n|poke|p2|Farigiraf, L50, F|\n|poke|p2|Sneasler, L50, M|\n|poke|p2|Milotic, L50, F|\n|teampreview|4\n|c|\u2606kanako-kun|Ese tr que\n|c|\u2606kanako-kun|CFFF\n|c|\u2606poly love|Respeta\n|c|\u2606kanako-kun|Esa mierda que cffff\n|\n|t:|1776182238\n|teamsize|p1|4\n|teamsize|p2|4\n|start\n|switch|p1a: Cofagrigus|Cofagrigus, L50, M|100/100\n|switch|p1b: Milotic|Milotic, L50, F|100/100\n|switch|p2a: Tyranitar|Tyranitar, L50, F|100/100\n|switch|p2b: Lycanroc|Lycanroc, L50, F|100/100\n|-weather|Sandstorm|[from] ability: Sand Stream|[of] p2a: Tyranitar\n|turn|1\n|\n|t:|1776182250\n|detailschange|p2a: Tyranitar|Tyranitar-Mega, L50, F\n|-mega|p2a: Tyranitar|Tyranitar|Tyranitarite\n|move|p1a: Cofagrigus|Protect|p1a: Cofagrigus\n|-singleturn|p1a: Cofagrigus|Protect\n|move|p2b: Lycanroc|Taunt|p1a: Cofagrigus\n|-activate|p1a: Cofagrigus|move: Protect\n|move|p2a: Tyranitar|Rock Slide|p1a: Cofagrigus|[spread] p1b\n|-activate|p1a: Cofagrigus|move: Protect\n|-damage|p1b: Milotic|72/100\n|cant|p1b: Milotic|flinch\n|\n|-weather|Sandstorm|[upkeep]\n|-damage|p1b: Milotic|66/100|[from] Sandstorm\n|-damage|p1a: Cofagrigus|95/100|[from] Sandstorm\n|-heal|p1a: Cofagrigus|100/100|[from] item: Leftovers\n|upkeep\n|turn|2\n|c|\u2606kanako-kun|Robamos\n|c|\u2606poly love|Que robas\n|\n|t:|1776182273\n|switch|p1a: Scizor|Scizor, L50, F|100/100\n|move|p2b: Lycanroc|Rock Slide|p1b: Milotic|[spread] p1a,p1b\n|-damage|p1a: Scizor|79/100\n|-damage|p1b: Milotic|41/100\n|-enditem|p1b: Milotic|Sitrus Berry|[eat]\n|-heal|p1b: Milotic|66/100|[from] item: Sitrus Berry\n|move|p2a: Tyranitar|Knock Off|p1a: Scizor\n|-damage|p1a: Scizor|27/100\n|-enditem|p1a: Scizor|Metal Coat|[from] move: Knock Off|[of] p2a: Tyranitar\n|move|p1b: Milotic|Surf|p2b: Lycanroc|[spread] p1a,p2a,p2b\n|-supereffective|p2a: Tyranitar|1\n|-supereffective|p2b: Lycanroc|1\n|-damage|p1a: Scizor|0 fnt\n|-damage|p2a: Tyranitar|79/100\n|-damage|p2b: Lycanroc|47/100\n|faint|p1a: Scizor\n|\n|-weather|Sandstorm|[upkeep]\n|-damage|p1b: Milotic|60/100|[from] Sandstorm\n|upkeep\n|c|\u2606kanako-kun|Pues llevo rocs del rey\n|\n|t:|1776182280\n|switch|p1a: Cofagrigus|Cofagrigus, L50, M|100/100\n|turn|3\n|c|\u2606kanako-kun|Surf cfff\n|\n|t:|1776182293\n|move|p2b: Lycanroc|Rock Slide|p1a: Cofagrigus|[spread] p1b\n|-miss|p2b: Lycanroc|p1a: Cofagrigus\n|-damage|p1b: Milotic|38/100\n|move|p2a: Tyranitar|Rock Slide|p1a: Cofagrigus|[spread] p1b\n|-miss|p2a: Tyranitar|p1a: Cofagrigus\n|-damage|p1b: Milotic|9/100\n|move|p1b: Milotic|Recover|p1b: Milotic\n|-heal|p1b: Milotic|59/100\n|move|p1a: Cofagrigus|Will-O-Wisp|p2a: Tyranitar\n|-status|p2a: Tyranitar|brn\n|\n|-weather|Sandstorm|[upkeep]\n|-damage|p1b: Milotic|53/100|[from] Sandstorm\n|-damage|p1a: Cofagrigus|95/100|[from] Sandstorm\n|-heal|p1a: Cofagrigus|100/100|[from] item: Leftovers\n|-damage|p2a: Tyranitar|73/100 brn|[from] brn\n|upkeep\n|turn|4\n|c|\u2606kanako-kun|Cfffff\n|c|\u2606poly love|Osi\n|\n|t:|1776182318\n|move|p2b: Lycanroc|Rock Slide|p1b: Milotic|[spread] p1a,p1b\n|-damage|p1a: Cofagrigus|81/100\n|-damage|p1b: Milotic|29/100\n|move|p2a: Tyranitar|Dragon Dance|p2a: Tyranitar\n|-boost|p2a: Tyranitar|atk|1\n|-boost|p2a: Tyranitar|spe|1\n|cant|p1b: Milotic|flinch\n|cant|p1a: Cofagrigus|flinch\n|\n|-weather|Sandstorm|[upkeep]\n|-damage|p1b: Milotic|23/100|[from] Sandstorm\n|-damage|p1a: Cofagrigus|75/100|[from] Sandstorm\n|-heal|p1a: Cofagrigus|81/100|[from] item: Leftovers\n|-damage|p2a: Tyranitar|67/100 brn|[from] brn\n|upkeep\n|turn|5\n|c|\u2606kanako-kun|CFFFFFF\n|c|\u2606poly love|Justo tir\u00e9 te\n|c|\u2606poly love|Te\n|c|\u2606poly love|Tr\n|c|\u2606kanako-kun|Te????\n|c|\u2606poly love|Que robas\n|c|\u2606poly love|Cff\n|c|\u2606kanako-kun|El team es pa eso oe\n|\n|t:|1776182358\n|move|p2b: Lycanroc|Rock Slide|p1a: Cofagrigus|[spread] p1a,p1b\n|-damage|p1a: Cofagrigus|60/100\n|-damage|p1b: Milotic|1/100\n|move|p2a: Tyranitar|Knock Off|p1a: Cofagrigus\n|-supereffective|p1a: Cofagrigus|1\n|-damage|p1a: Cofagrigus|0 fnt\n|-activate|p1a: Cofagrigus|ability: Mummy|p2a: Tyranitar|[ability] Sand Stream\n|-enditem|p1a: Cofagrigus|Leftovers|[from] move: Knock Off|[of] p2a: Tyranitar\n|faint|p1a: Cofagrigus\n|move|p1b: Milotic|Recover|p1b: Milotic\n|-heal|p1b: Milotic|51/100\n|\n|-weather|none\n|-damage|p2a: Tyranitar|60/100 brn|[from] brn\n|upkeep\n|c|\u2606kanako-kun|Por algo llevo 2 rock slide\n|\n|t:|1776182362\n|switch|p1a: Aromatisse|Aromatisse, L50, F|100/100\n|turn|6\n|c|\u2606kanako-kun|O\u00f1o\n|c|\u2606kanako-kun|Mi clima\n|\n|t:|1776182381\n|move|p2b: Lycanroc|Rock Slide|p1a: Aromatisse|[spread] p1a,p1b\n|-damage|p1a: Aromatisse|70/100\n|-damage|p1b: Milotic|27/100\n|move|p2a: Tyranitar|Rock Slide|p1a: Aromatisse|[spread] p1a,p1b\n|-crit|p1a: Aromatisse\n|-damage|p1a: Aromatisse|27/100\n|-damage|p1b: Milotic|4/100\n|move|p1b: Milotic|Recover|p1b: Milotic\n|-heal|p1b: Milotic|54/100\n|cant|p1a: Aromatisse|flinch\n|\n|-damage|p2a: Tyranitar|54/100 brn|[from] brn\n|upkeep\n|turn|7\n|c|\u2606kanako-kun|CFFFF\n|c|\u2606poly love|C robos\n|\n|t:|1776182398\n|move|p1a: Aromatisse|Protect|p1a: Aromatisse\n|-singleturn|p1a: Aromatisse|Protect\n|move|p2b: Lycanroc|Rock Slide|p1b: Milotic|[spread] p1b\n|-activate|p1a: Aromatisse|move: Protect\n|-damage|p1b: Milotic|29/100\n|move|p2a: Tyranitar|Rock Slide|p1b: Milotic|[spread] p1b\n|-activate|p1a: Aromatisse|move: Protect\n|-damage|p1b: Milotic|8/100\n|cant|p1b: Milotic|flinch\n|\n|-damage|p2a: Tyranitar|48/100 brn|[from] brn\n|upkeep\n|turn|8\n|c|\u2606poly love|Est\u00e1 kk\n|c|\u2606kanako-kun|A robar\n|\n|t:|1776182410\n|move|p2b: Lycanroc|Rock Slide|p1b: Milotic|[spread] p1a,p1b\n|-damage|p1a: Aromatisse|0 fnt\n|-damage|p1b: Milotic|0 fnt\n|faint|p1a: Aromatisse\n|faint|p1b: Milotic\n|\n|win|kanako-kun\n|c|\u2606kanako-kun|CFFF\n",
  "uploadtime": 1776182417,
  "views": 22,
  "formatid": "gen9championsvgc2026regma",
  "rating": null,
  "private": 0,
  "password": null
}