{
  "id": "gen9championsvgc2026regma-2580680536",
  "format": "[Gen 9 Champions] VGC 2026 Reg M-A",
  "players": [
    "azelflux",
    "higs14"
  ],
  "log": "|j|\u203dazelflux\n|j|\u2606higs14\n|t:|1775923765\n|gametype|doubles\n|player|p1|azelflux|n|1104\n|player|p2|higs14|fisherman-gen4|1096\n|gen|9\n|tier|[Gen 9 Champions] VGC 2026 Reg M-A\n|rated|\n|rule|Species Clause: Limit one of each Pok\u00e9mon\n|rule|Item Clause: Limit 1 of each item\n|clearpoke\n|poke|p1|Meganium, L50, F|\n|poke|p1|Farigiraf, L50, F|\n|poke|p1|Pelipper, L50, M|\n|poke|p1|Basculegion-F, L50, F|\n|poke|p1|Excadrill, L50, M|\n|poke|p1|Raichu, L50, F|\n|poke|p2|Froslass, L50, F|\n|poke|p2|Zoroark-Hisui, L50, M|\n|poke|p2|Incineroar, L50, F|\n|poke|p2|Tyranitar, L50, M|\n|poke|p2|Garchomp, L50, F|\n|poke|p2|Palafin, L50, M|\n|teampreview|4\n|inactive|Battle timer is ON: inactive players will automatically lose when time's up. (requested by higs14)\n|\n|t:|1775923795\n|teamsize|p1|4\n|teamsize|p2|4\n|start\n|switch|p1a: Excadrill|Excadrill, L50, M|100/100\n|switch|p1b: Raichu|Raichu, L50, F|100/100\n|switch|p2a: Froslass|Froslass, L50, F|100/100\n|switch|p2b: Garchomp|Garchomp, L50, F|100/100\n|-ability|p1a: Excadrill|Mold Breaker\n|turn|1\n|\n|t:|1775923819\n|detailschange|p2a: Froslass|Froslass-Mega, L50, F\n|-mega|p2a: Froslass|Froslass|Froslassite\n|-weather|Snowscape|[from] ability: Snow Warning|[of] p2a: Froslass\n|move|p1b: Raichu|Fake Out|p2b: Garchomp\n|-immune|p2b: Garchomp\n|move|p1a: Excadrill|Rock Slide|p2b: Garchomp|[spread] p2a,p2b\n|-supereffective|p2a: Froslass|1\n|-damage|p2a: Froslass|50/100\n|-damage|p2b: Garchomp|67/100\n|replace|p2b: Zoroark|Zoroark-Hisui, L50, M\n|-end|p2b: Zoroark|Illusion\n|cant|p2a: Froslass|flinch\n|move|p2b: Zoroark|Nasty Plot|p2b: Zoroark\n|-boost|p2b: Zoroark|spa|2\n|\n|-weather|Snowscape|[upkeep]\n|upkeep\n|turn|2\n|inactive|azelflux has 30 seconds left.\n|\n|t:|1775923846\n|move|p1a: Excadrill|Rock Slide|p2b: Zoroark|[spread] p2a,p2b\n|-supereffective|p2a: Froslass|1\n|-damage|p2a: Froslass|0 fnt\n|-damage|p2b: Zoroark|33/100\n|faint|p2a: Froslass\n|cant|p2b: Zoroark|flinch\n|move|p1b: Raichu|Nuzzle|p2b: Zoroark\n|-damage|p2b: Zoroark|23/100\n|-status|p2b: Zoroark|par\n|\n|-weather|Snowscape|[upkeep]\n|upkeep\n|\n|t:|1775923859\n|switch|p2a: Palafin|Palafin, L50, M|100/100\n|turn|3\n|\n|t:|1775923867\n|switch|p1a: Pelipper|Pelipper, L50, M|100/100\n|-weather|RainDance|[from] ability: Drizzle|[of] p1a: Pelipper\n|detailschange|p2a: Palafin|Palafin-Hero, L50, M\n|switch|p2a: Garchomp|Garchomp, L50, F|100/100\n|move|p1b: Raichu|Volt Switch|p2a: Garchomp\n|-immune|p2a: Garchomp\n|cant|p2b: Zoroark|par\n|\n|-weather|RainDance|[upkeep]\n|upkeep\n|turn|4\n|\n|t:|1775923888\n|move|p1b: Raichu|Volt Switch|p2b: Zoroark\n|-damage|p2b: Zoroark|0 fnt\n|faint|p2b: Zoroark\n|\n|t:|1775923899\n|switch|p1b: Meganium|Meganium, L50, F|100/100|[from] Volt Switch\n|move|p2a: Garchomp|Swords Dance|p2a: Garchomp\n|-boost|p2a: Garchomp|atk|2\n|move|p1a: Pelipper|Weather Ball|p2a: Garchomp\n|-damage|p2a: Garchomp|41/100\n|\n|-weather|RainDance|[upkeep]\n|upkeep\n|\n|t:|1775923904\n|switch|p2b: Palafin|Palafin-Hero, L50, M|100/100\n|-activate|p2b: Palafin|ability: Zero to Hero\n|turn|5\n|\n|t:|1775923920\n|switch|p1b: Excadrill|Excadrill, L50, M|100/100\n|-ability|p1b: Excadrill|Mold Breaker\n|move|p2a: Garchomp|Dragon Claw|p1a: Pelipper\n|-damage|p1a: Pelipper|0 fnt\n|faint|p1a: Pelipper\n|move|p2b: Palafin|Bulk Up|p2b: Palafin\n|-boost|p2b: Palafin|atk|1\n|-boost|p2b: Palafin|def|1\n|\n|-weather|RainDance|[upkeep]\n|upkeep\n|\n|t:|1775923940\n|switch|p1a: Raichu|Raichu, L50, F|100/100\n|turn|6\n|\n|t:|1775923958\n|move|p2b: Palafin|Jet Punch|p1a: Raichu\n|-enditem|p1a: Raichu|Focus Sash\n|-damage|p1a: Raichu|1/100\n|move|p1b: Excadrill|High Horsepower|p2a: Garchomp\n|-damage|p2a: Garchomp|0 fnt\n|-damage|p1b: Excadrill|88/100|[from] ability: Rough Skin|[of] p2a: Garchomp\n|faint|p2a: Garchomp\n|move|p1a: Raichu|Volt Switch|p2b: Palafin\n|-supereffective|p2b: Palafin|1\n|-damage|p2b: Palafin|47/100\n|\n|t:|1775923969\n|switch|p1a: Meganium|Meganium, L50, F|100/100|[from] Volt Switch\n|\n|-weather|RainDance|[upkeep]\n|upkeep\n|turn|7\n|\n|t:|1775923977\n|detailschange|p1a: Meganium|Meganium-Mega, L50, F\n|-mega|p1a: Meganium|Meganium|Meganiumite\n|move|p2b: Palafin|Jet Punch|p1b: Excadrill\n|-supereffective|p1b: Excadrill|1\n|-damage|p1b: Excadrill|0 fnt\n|faint|p1b: Excadrill\n|move|p1a: Meganium|Solar Beam||[still]\n|-prepare|p1a: Meganium|Solar Beam\n|-activate|p1a: Meganium|ability: Mega Sol\n|-anim|p1a: Meganium|Solar Beam|p2b: Palafin\n|-supereffective|p2b: Palafin|1\n|-damage|p2b: Palafin|0 fnt\n|faint|p2b: Palafin\n|\n|win|azelflux\n|raw|azelflux's rating: 1104 &rarr; <strong>1128</strong><br />(+24 for winning)\n|raw|higs14's rating: 1096 &rarr; <strong>1072</strong><br />(-24 for losing)\n|l|\u2606higs14\n|player|p2|\n",
  "uploadtime": 1775924002,
  "views": 13,
  "formatid": "gen9championsvgc2026regma",
  "rating": 1072,
  "private": 0,
  "password": null
}