{
  "id": "gen9championsvgc2026regma-2586545670",
  "format": "[Gen 9 Champions] VGC 2026 Reg M-A",
  "players": [
    "notmkyl",
    "appatheboppa"
  ],
  "log": "|j|\u2606notmkyl\n|j|\u2606appatheboppa\n|t:|1776442063\n|gametype|doubles\n|player|p1|notmkyl|101|1033\n|player|p2|appatheboppa|rocketgrunt|1020\n|gen|9\n|tier|[Gen 9 Champions] VGC 2026 Reg M-A\n|rated|\n|rule|Species Clause: Limit one of each Pok\u00e9mon\n|rule|Item Clause: Limit 1 of each item\n|clearpoke\n|poke|p1|Talonflame, L50, M|\n|poke|p1|Whimsicott, L50, F|\n|poke|p1|Aegislash, L50, M|\n|poke|p1|Gyarados, L50, M|\n|poke|p1|Espeon, L50, M|\n|poke|p1|Flapple, L50, F|\n|poke|p2|Charizard, L50, F|\n|poke|p2|Whimsicott, L50, F|\n|poke|p2|Farigiraf, L50, M|\n|poke|p2|Sneasler, L50, F|\n|poke|p2|Garchomp, L50, F|\n|poke|p2|Kingambit, L50, M|\n|teampreview|4\n|\n|t:|1776442097\n|teamsize|p1|4\n|teamsize|p2|4\n|start\n|switch|p1a: Talonflame|Talonflame, L50, M, shiny|100/100\n|switch|p1b: Gyarados|Gyarados, L50, M, shiny|100/100\n|switch|p2a: Charizard|Charizard, L50, F|100/100\n|switch|p2b: Whimsicott|Whimsicott, L50, F|100/100\n|-ability|p1b: Gyarados|Intimidate|boost\n|-unboost|p2a: Charizard|atk|1\n|-unboost|p2b: Whimsicott|atk|1\n|turn|1\n|\n|t:|1776442129\n|detailschange|p2a: Charizard|Charizard-Mega-Y, L50, F\n|-mega|p2a: Charizard|Charizard|Charizardite Y\n|-weather|SunnyDay|[from] ability: Drought|[of] p2a: Charizard\n|detailschange|p1b: Gyarados|Gyarados-Mega, L50, M, shiny\n|-mega|p1b: Gyarados|Gyarados|Gyaradosite\n|-ability|p1b: Gyarados|Mold Breaker\n|move|p1a: Talonflame|Brave Bird|p2b: Whimsicott\n|-supereffective|p2b: Whimsicott|1\n|-enditem|p2b: Whimsicott|Focus Sash\n|-damage|p2b: Whimsicott|1/100\n|-damage|p1a: Talonflame|72/100|[from] Recoil\n|move|p2b: Whimsicott|Tailwind|p2b: Whimsicott\n|-sidestart|p2: appatheboppa|move: Tailwind\n|move|p2a: Charizard|Solar Beam||[still]\n|-prepare|p2a: Charizard|Solar Beam\n|-anim|p2a: Charizard|Solar Beam|p1b: Gyarados\n|-supereffective|p1b: Gyarados|1\n|-damage|p1b: Gyarados|24/100\n|move|p1b: Gyarados|Dragon Dance|p1b: Gyarados\n|-boost|p1b: Gyarados|atk|1\n|-boost|p1b: Gyarados|spe|1\n|\n|-weather|SunnyDay|[upkeep]\n|upkeep\n|turn|2\n|inactive|Battle timer is ON: inactive players will automatically lose when time's up. (requested by notmkyl)\n|\n|t:|1776442205\n|switch|p2a: Sneasler|Sneasler, L50, F|100/100\n|move|p2b: Whimsicott|Moonblast|p1b: Gyarados\n|-supereffective|p1b: Gyarados|1\n|-damage|p1b: Gyarados|0 fnt\n|faint|p1b: Gyarados\n|move|p1a: Talonflame|Tailwind|p1a: Talonflame\n|-sidestart|p1: notmkyl|move: Tailwind\n|\n|-weather|SunnyDay|[upkeep]\n|upkeep\n|\n|t:|1776442214\n|switch|p1b: Espeon|Espeon, L50, M, shiny|100/100\n|turn|3\n|inactive|appatheboppa has 30 seconds left.\n|\n|t:|1776442247\n|move|p2b: Whimsicott|Protect|p2b: Whimsicott\n|-singleturn|p2b: Whimsicott|Protect\n|move|p2a: Sneasler|Fake Out|p1b: Espeon\n|-damage|p1b: Espeon|72/100\n|cant|p1b: Espeon|flinch\n|move|p1a: Talonflame|U-turn|p2b: Whimsicott\n|-activate|p2b: Whimsicott|move: Protect\n|\n|-weather|SunnyDay|[upkeep]\n|upkeep\n|turn|4\n|inactive|appatheboppa has 30 seconds left.\n|\n|t:|1776442281\n|switch|p2a: Garchomp|Garchomp, L50, F|100/100\n|move|p2b: Whimsicott|Protect||[still]\n|-fail|p2b: Whimsicott\n|move|p1b: Espeon|Psychic|p2a: Garchomp\n|-damage|p2a: Garchomp|39/100\n|-unboost|p2a: Garchomp|spd|1\n|move|p1a: Talonflame|U-turn|p2b: Whimsicott\n|-damage|p2b: Whimsicott|0 fnt\n|faint|p2b: Whimsicott\n|\n|t:|1776442292\n|switch|p1a: Flapple|Flapple, L50, F, shiny|100/100|[from] U-turn\n|\n|-weather|SunnyDay|[upkeep]\n|-sideend|p2: appatheboppa|move: Tailwind\n|upkeep\n|\n|t:|1776442296\n|switch|p2b: Charizard|Charizard-Mega-Y, L50, F|100/100\n|turn|5\n|\n|t:|1776442317\n|move|p1b: Espeon|Psychic|p2b: Charizard\n|-damage|p2b: Charizard|44/100\n|move|p1a: Flapple|Outrage|p2b: Charizard\n|-damage|p2b: Charizard|0 fnt\n|faint|p2b: Charizard\n|move|p2a: Garchomp|Dragon Claw|p1a: Flapple\n|-supereffective|p1a: Flapple|1\n|-damage|p1a: Flapple|0 fnt\n|faint|p1a: Flapple\n|\n|-weather|none\n|-sideend|p1: notmkyl|move: Tailwind\n|upkeep\n|\n|t:|1776442329\n|switch|p2b: Sneasler|Sneasler, L50, F|100/100\n|switch|p1a: Talonflame|Talonflame, L50, M, shiny|72/100\n|turn|6\n|\n|t:|1776442344\n|move|p2b: Sneasler|Fake Out|p1b: Espeon\n|-damage|p1b: Espeon|40/100\n|cant|p1b: Espeon|flinch\n|move|p2a: Garchomp|Dragon Claw|p1a: Talonflame\n|-damage|p1a: Talonflame|8/100\n|-enditem|p1a: Talonflame|Sitrus Berry|[eat]\n|-heal|p1a: Talonflame|33/100|[from] item: Sitrus Berry\n|move|p1a: Talonflame|Tailwind|p1a: Talonflame\n|-sidestart|p1: notmkyl|move: Tailwind\n|\n|upkeep\n|turn|7\n|\n|t:|1776442362\n|move|p2b: Sneasler|Fake Out||[still]\n|-hint|Fake Out only works on your first turn out.\n|-fail|p2b: Sneasler\n|move|p1b: Espeon|Psychic|p2b: Sneasler\n|-supereffective|p2b: Sneasler|2\n|-crit|p2b: Sneasler\n|-damage|p2b: Sneasler|0 fnt\n|faint|p2b: Sneasler\n|move|p1a: Talonflame|Brave Bird|p2a: Garchomp\n|-damage|p2a: Garchomp|0 fnt\n|-damage|p1a: Talonflame|21/100|[from] ability: Rough Skin|[of] p2a: Garchomp\n|faint|p2a: Garchomp\n|-damage|p1a: Talonflame|6/100|[from] Recoil\n|\n|win|notmkyl\n|raw|notmkyl's rating: 1033 &rarr; <strong>1067</strong><br />(+34 for winning)\n|raw|appatheboppa's rating: 1020 &rarr; <strong>1007</strong><br />(-13 for losing)\n|l|\u2606notmkyl\n|player|p1|\n",
  "uploadtime": 1776442376,
  "views": 24,
  "formatid": "gen9championsvgc2026regma",
  "rating": 1007,
  "private": 0,
  "password": null
}