{
  "id": "gen9championsvgc2026regma-2583860557",
  "format": "[Gen 9 Champions] VGC 2026 Reg M-A",
  "players": [
    "dylvgc",
    "Remy&Henny"
  ],
  "log": "|j|\u2606dylvgc\n|j|\u2606Remy&Henny\n|t:|1776203397\n|gametype|doubles\n|player|p1|dylvgc|lida|1109\n|player|p2|Remy&Henny|scientist-gen4dp|1138\n|gen|9\n|tier|[Gen 9 Champions] VGC 2026 Reg M-A\n|rated|\n|rule|Species Clause: Limit one of each Pok\u00e9mon\n|rule|Item Clause: Limit 1 of each item\n|clearpoke\n|poke|p1|Clefable, L50, F|\n|poke|p1|Garchomp, L50, M|\n|poke|p1|Delphox, L50, M|\n|poke|p1|Rotom-Wash, L50|\n|poke|p1|Sneasler, L50, F|\n|poke|p1|Arcanine-Hisui, L50, F|\n|poke|p2|Aerodactyl, L50, F|\n|poke|p2|Charizard, L50, F|\n|poke|p2|Venusaur, L50, F|\n|poke|p2|Chandelure, L50, M|\n|poke|p2|Starmie, L50|\n|poke|p2|Talonflame, L50, F|\n|teampreview|4\n|\n|t:|1776203427\n|teamsize|p1|4\n|teamsize|p2|4\n|start\n|switch|p1a: Sneasler|Sneasler, L50, F|100/100\n|switch|p1b: Arcanine|Arcanine-Hisui, L50, F|100/100\n|switch|p2a: Aerodactyl|Aerodactyl, L50, F|100/100\n|switch|p2b: Talonflame|Talonflame, L50, F|100/100\n|-ability|p2a: Aerodactyl|Unnerve\n|-ability|p1b: Arcanine|Intimidate|boost\n|-unboost|p2a: Aerodactyl|atk|1\n|-unboost|p2b: Talonflame|atk|1\n|-enditem|p2a: Aerodactyl|White Herb\n|-clearnegativeboost|p2a: Aerodactyl|[silent]\n|turn|1\n|\n|t:|1776203453\n|move|p1a: Sneasler|Protect|p1a: Sneasler\n|-singleturn|p1a: Sneasler|Protect\n|move|p2a: Aerodactyl|Wide Guard|p2a: Aerodactyl\n|-singleturn|p2a: Aerodactyl|Wide Guard\n|move|p2b: Talonflame|Quick Guard|p2b: Talonflame\n|-singleturn|p2b: Talonflame|Quick Guard\n|move|p1b: Arcanine|Rock Slide|p2a: Aerodactyl|[spread] \n|-activate|p2a: Aerodactyl|move: Wide Guard\n|-activate|p2b: Talonflame|move: Wide Guard\n|\n|upkeep\n|turn|2\n|\n|t:|1776203484\n|switch|p1a: Garchomp|Garchomp, L50, M|100/100\n|move|p1b: Arcanine|Extreme Speed|p2b: Talonflame\n|-damage|p2b: Talonflame|59/100\n|move|p2a: Aerodactyl|Rock Slide|p1a: Garchomp|[spread] p1a,p1b\n|-resisted|p1a: Garchomp|1\n|-supereffective|p1b: Arcanine|1\n|-damage|p1a: Garchomp|87/100\n|-damage|p1b: Arcanine|34/100\n|move|p2b: Talonflame|Tailwind|p2b: Talonflame\n|-sidestart|p2: Remy&Henny|move: Tailwind\n|\n|upkeep\n|turn|3\n|\n|t:|1776203514\n|move|p1b: Arcanine|Protect|p1b: Arcanine\n|-singleturn|p1b: Arcanine|Protect\n|move|p2a: Aerodactyl|Rock Slide|p1a: Garchomp|[spread] p1a\n|-activate|p1b: Arcanine|move: Protect\n|-resisted|p1a: Garchomp|1\n|-damage|p1a: Garchomp|74/100\n|move|p2b: Talonflame|Dual Wingbeat|p1a: Garchomp\n|-damage|p1a: Garchomp|62/100\n|-damage|p2b: Talonflame|47/100|[from] ability: Rough Skin|[of] p1a: Garchomp\n|-damage|p1a: Garchomp|51/100\n|-damage|p2b: Talonflame|35/100|[from] ability: Rough Skin|[of] p1a: Garchomp\n|-hitcount|p1a: Garchomp|2\n|move|p1a: Garchomp|Dragon Claw|p2b: Talonflame\n|-damage|p2b: Talonflame|0 fnt\n|faint|p2b: Talonflame\n|\n|upkeep\n|\n|t:|1776203533\n|switch|p2b: Charizard|Charizard, L50, F|100/100\n|turn|4\n|\n|t:|1776203562\n|detailschange|p2b: Charizard|Charizard-Mega-Y, L50, F\n|-mega|p2b: Charizard|Charizard|Charizardite Y\n|-weather|SunnyDay|[from] ability: Drought|[of] p2b: Charizard\n|move|p1b: Arcanine|Extreme Speed|p2b: Charizard\n|-damage|p2b: Charizard|62/100\n|move|p2a: Aerodactyl|Rock Slide|p1b: Arcanine|[spread] p1a,p1b\n|-resisted|p1a: Garchomp|1\n|-supereffective|p1b: Arcanine|1\n|-damage|p1a: Garchomp|38/100\n|-damage|p1b: Arcanine|0 fnt\n|faint|p1b: Arcanine\n|move|p2b: Charizard|Solar Beam||[still]\n|-prepare|p2b: Charizard|Solar Beam\n|-anim|p2b: Charizard|Solar Beam|p1a: Garchomp\n|-damage|p1a: Garchomp|0 fnt\n|faint|p1a: Garchomp\n|\n|-weather|SunnyDay|[upkeep]\n|upkeep\n|\n|t:|1776203579\n|switch|p1a: Sneasler|Sneasler, L50, F|100/100\n|switch|p1b: Delphox|Delphox, L50, M|100/100\n|turn|5\n|\n|t:|1776203591\n|switch|p2a: Chandelure|Chandelure, L50, M, shiny|100/100\n|detailschange|p1b: Delphox|Delphox-Mega, L50, M\n|-mega|p1b: Delphox|Delphox|Delphoxite\n|move|p2b: Charizard|Protect|p2b: Charizard\n|-singleturn|p2b: Charizard|Protect\n|move|p1a: Sneasler|Fake Out|p2a: Chandelure\n|-immune|p2a: Chandelure\n|move|p1b: Delphox|Psychic|p2b: Charizard\n|-activate|p2b: Charizard|move: Protect\n|\n|-weather|SunnyDay|[upkeep]\n|-sideend|p2: Remy&Henny|move: Tailwind\n|upkeep\n|turn|6\n|l|\u2606Remy&Henny\n|player|p2|\n|j|\u2606Remy&Henny\n|player|p2|Remy&Henny|scientist-gen4dp|\n|\n|t:|1776203665\n|move|p2a: Chandelure|Shadow Ball|p1b: Delphox\n|-supereffective|p1b: Delphox|1\n|-damage|p1b: Delphox|12/100\n|move|p1b: Delphox|Encore|p2b: Charizard\n|-start|p2b: Charizard|Encore\n|move|p2b: Charizard|Protect|p2b: Charizard\n|-singleturn|p2b: Charizard|Protect\n|move|p1a: Sneasler|Dire Claw|p2a: Chandelure\n|-resisted|p2a: Chandelure|1\n|-damage|p2a: Chandelure|71/100\n|-status|p2a: Chandelure|par\n|\n|-weather|SunnyDay|[upkeep]\n|upkeep\n|turn|7\n|\n|t:|1776203694\n|switch|p2b: Aerodactyl|Aerodactyl, L50, F|100/100\n|-ability|p2b: Aerodactyl|Unnerve\n|move|p1b: Delphox|Psychic|p2a: Chandelure\n|-damage|p2a: Chandelure|0 fnt\n|faint|p2a: Chandelure\n|move|p1a: Sneasler|Close Combat|p2b: Aerodactyl\n|-damage|p2b: Aerodactyl|0 fnt\n|-unboost|p1a: Sneasler|def|1\n|-unboost|p1a: Sneasler|spd|1\n|faint|p2b: Aerodactyl\n|-enditem|p1a: Sneasler|White Herb\n|-clearnegativeboost|p1a: Sneasler|[silent]\n|\n|-weather|SunnyDay|[upkeep]\n|upkeep\n|\n|t:|1776203704\n|switch|p2b: Charizard|Charizard-Mega-Y, L50, F|62/100\n|turn|8\n|\n|t:|1776203710\n|move|p1a: Sneasler|Dire Claw|p2b: Charizard\n|-damage|p2b: Charizard|3/100\n|move|p1b: Delphox|Psychic|p2b: Charizard\n|-damage|p2b: Charizard|0 fnt\n|faint|p2b: Charizard\n|\n|win|dylvgc\n|raw|dylvgc's rating: 1109 &rarr; <strong>1136</strong><br />(+27 for winning)\n|raw|Remy&amp;Henny's rating: 1138 &rarr; <strong>1111</strong><br />(-27 for losing)\n|c|\u2606Remy&Henny|ggs\n",
  "uploadtime": 1776203720,
  "views": 37,
  "formatid": "gen9championsvgc2026regma",
  "rating": 1111,
  "private": 0,
  "password": null
}