{
  "id": "gen9championsvgc2026regma-2581759978",
  "format": "[Gen 9 Champions] VGC 2026 Reg M-A",
  "players": [
    "slienciotovarish",
    "Plaweh"
  ],
  "log": "|j|\u2606slienciotovarish\n|j|\u2606Plaweh\n|html|<table width=\"100%\"><tr><td align=\"left\">slienciotovarish</td><td align=\"right\">Plaweh</tr><tr><td align=\"left\"><i class=\"fa fa-circle-o\"></i> <i class=\"fa fa-circle-o\"></i> </td><td align=\"right\"><i class=\"fa fa-circle-o\"></i> <i class=\"fa fa-circle\"></i> </tr></table>\n|uhtml|bestof|<h2><strong>Game 2</strong> of <a href=\"/game-bestof3-gen9championsvgc2026regma-2581755035\">a best-of-3</a></h2>\n|t:|1776026254\n|gametype|doubles\n|player|p1|slienciotovarish|cynthia-gen4|\n|player|p2|Plaweh|elesa|\n|gen|9\n|tier|[Gen 9 Champions] VGC 2026 Reg M-A\n|rule|Species Clause: Limit one of each Pok\u00e9mon\n|rule|Item Clause: Limit 1 of each item\n|raw|<div class=\"infobox\"><details class=\"readmore\" open><summary><strong>1 custom rule:</strong></summary> Best of = 3</details></div>\n|clearpoke\n|poke|p1|Froslass, L50, F|\n|poke|p1|Noivern, L50, F|\n|poke|p1|Incineroar, L50, M|\n|poke|p1|Sinistcha-Masterpiece, L50|\n|poke|p1|Jolteon, L50, M|\n|poke|p1|Garchomp, L50, M|\n|poke|p2|Basculegion, L50, M|\n|poke|p2|Pelipper, L50, F|\n|poke|p2|Archaludon, L50, M|\n|poke|p2|Incineroar, L50, F|\n|poke|p2|Venusaur, L50, M|\n|poke|p2|Farigiraf, L50, M|\n|teampreview|4\n|\n|t:|1776026279\n|teamsize|p1|4\n|teamsize|p2|4\n|start\n|switch|p1a: Gar|Garchomp, L50, M|100/100\n|switch|p1b: Thin-Mint|Noivern, L50, F, shiny|100/100\n|switch|p2a: Incineroar|Incineroar, L50, F|100/100\n|switch|p2b: Pelipper|Pelipper, L50, F|100/100\n|-item|p2a: Incineroar|Sitrus Berry|[from] ability: Frisk|[of] p1b: Thin-Mint\n|-item|p2b: Pelipper|Focus Sash|[from] ability: Frisk|[of] p1b: Thin-Mint\n|-weather|RainDance|[from] ability: Drizzle|[of] p2b: Pelipper\n|-ability|p2a: Incineroar|Intimidate|boost\n|-unboost|p1a: Gar|atk|1\n|-unboost|p1b: Thin-Mint|atk|1\n|turn|1\n|\n|t:|1776026309\n|switch|p1a: Worldchampdif|Incineroar, L50, M|100/100\n|-ability|p1a: Worldchampdif|Intimidate|boost\n|-unboost|p2a: Incineroar|atk|1\n|-unboost|p2b: Pelipper|atk|1\n|move|p2a: Incineroar|Fake Out|p1a: Worldchampdif\n|-damage|p1a: Worldchampdif|94/100\n|move|p1b: Thin-Mint|Tailwind|p1b: Thin-Mint\n|-sidestart|p1: slienciotovarish|move: Tailwind\n|move|p2b: Pelipper|Hurricane|p1a: Worldchampdif\n|-damage|p1a: Worldchampdif|71/100\n|\n|-weather|RainDance|[upkeep]\n|upkeep\n|turn|2\n|\n|t:|1776026340\n|switch|p1b: Valk|Jolteon, L50, M|100/100\n|move|p1a: Worldchampdif|Fake Out|p2a: Incineroar\n|-damage|p2a: Incineroar|93/100\n|move|p2b: Pelipper|Chilling Water|p1b: Valk\n|-damage|p1b: Valk|62/100\n|-unboost|p1b: Valk|atk|1\n|cant|p2a: Incineroar|flinch\n|\n|-weather|RainDance|[upkeep]\n|upkeep\n|turn|3\n|\n|t:|1776026356\n|switch|p2b: Archaludon|Archaludon, L50, M|100/100\n|move|p1b: Valk|Volt Switch|p2b: Archaludon\n|-resisted|p2b: Archaludon|1\n|-damage|p2b: Archaludon|78/100\n|-ability|p2b: Archaludon|Stamina|boost\n|-boost|p2b: Archaludon|def|1\n|\n|t:|1776026366\n|switch|p1b: Gar|Garchomp, L50, M|100/100|[from] Volt Switch\n|move|p1a: Worldchampdif|Parting Shot|p2a: Incineroar\n|-unboost|p2a: Incineroar|atk|1\n|-unboost|p2a: Incineroar|spa|1\n|\n|t:|1776026372\n|switch|p1a: Thin-Mint|Noivern, L50, F, shiny|100/100|[from] Parting Shot\n|-item|p2a: Incineroar|Sitrus Berry|[from] ability: Frisk|[of] p1a: Thin-Mint\n|-item|p2b: Archaludon|Metal Coat|[from] ability: Frisk|[of] p1a: Thin-Mint\n|move|p2a: Incineroar|Parting Shot|p1b: Gar\n|-unboost|p1b: Gar|atk|1\n|-unboost|p1b: Gar|spa|1\n|\n|t:|1776026384\n|switch|p2a: Basculegion|Basculegion, L50, M|100/100|[from] Parting Shot\n|\n|-weather|RainDance|[upkeep]\n|upkeep\n|turn|4\n|\n|t:|1776026413\n|move|p1b: Gar|Swords Dance|p1b: Gar\n|-boost|p1b: Gar|atk|2\n|move|p2a: Basculegion|Wave Crash|p1b: Gar\n|-damage|p1b: Gar|0 fnt\n|-damage|p2a: Basculegion|88/100|[from] ability: Rough Skin|[of] p1b: Gar\n|faint|p1b: Gar\n|-damage|p2a: Basculegion|57/100|[from] Recoil\n|move|p2b: Archaludon|Dragon Pulse|p1a: Thin-Mint\n|-supereffective|p1a: Thin-Mint|1\n|-damage|p1a: Thin-Mint|0 fnt\n|faint|p1a: Thin-Mint\n|\n|-weather|RainDance|[upkeep]\n|-sideend|p1: slienciotovarish|move: Tailwind\n|upkeep\n|c|\u2606Plaweh|bascu is so strong wtf\n|c|\u2606slienciotovarish|I forgot about awift swim\n|\n|t:|1776026433\n|switch|p1a: Worldchampdif|Incineroar, L50, M|71/100\n|switch|p1b: Valk|Jolteon, L50, M|62/100\n|-ability|p1a: Worldchampdif|Intimidate|boost\n|-unboost|p2a: Basculegion|atk|1\n|-unboost|p2b: Archaludon|atk|1\n|turn|5\n|\n|t:|1776026463\n|switch|p2a: Incineroar|Incineroar, L50, F|93/100\n|-ability|p2a: Incineroar|Intimidate|boost\n|-unboost|p1a: Worldchampdif|atk|1\n|-unboost|p1b: Valk|atk|1\n|move|p1a: Worldchampdif|Fake Out|p2b: Archaludon\n|-resisted|p2b: Archaludon|1\n|-damage|p2b: Archaludon|76/100\n|-ability|p2b: Archaludon|Stamina|boost\n|-boost|p2b: Archaludon|def|1\n|move|p1b: Valk|Volt Switch|p2a: Incineroar\n|-damage|p2a: Incineroar|60/100\n|cant|p2b: Archaludon|flinch\n|\n|-weather|none\n|upkeep\n|turn|6\n|\n|t:|1776026490\n|move|p2a: Incineroar|Fake Out|p1b: Valk\n|-damage|p1b: Valk|44/100\n|cant|p1b: Valk|flinch\n|move|p2b: Archaludon|Dragon Pulse|p1b: Valk\n|-damage|p1b: Valk|0 fnt\n|faint|p1b: Valk\n|move|p1a: Worldchampdif|Flare Blitz|p2b: Archaludon\n|-damage|p2b: Archaludon|65/100\n|-ability|p2b: Archaludon|Stamina|boost\n|-boost|p2b: Archaludon|def|1\n|-damage|p1a: Worldchampdif|67/100|[from] Recoil\n|\n|upkeep\n|turn|7\n|\n|t:|1776026510\n|move|p2b: Archaludon|Dragon Pulse|p1a: Worldchampdif\n|-damage|p1a: Worldchampdif|34/100\n|move|p2a: Incineroar|Parting Shot|p1a: Worldchampdif\n|-unboost|p1a: Worldchampdif|atk|1\n|-unboost|p1a: Worldchampdif|spa|1\n|\n|t:|1776026515\n|switch|p2a: Pelipper|Pelipper, L50, F|100/100|[from] Parting Shot\n|-weather|RainDance|[from] ability: Drizzle|[of] p2a: Pelipper\n|move|p1a: Worldchampdif|Flare Blitz|p2a: Pelipper\n|-resisted|p2a: Pelipper|1\n|-damage|p2a: Pelipper|95/100\n|-damage|p1a: Worldchampdif|33/100|[from] Recoil\n|\n|-weather|RainDance|[upkeep]\n|upkeep\n|turn|8\n|\n|t:|1776026537\n|move|p2a: Pelipper|Chilling Water|p1a: Worldchampdif\n|-supereffective|p1a: Worldchampdif|1\n|-damage|p1a: Worldchampdif|0 fnt\n|faint|p1a: Worldchampdif\n|\n|win|Plaweh\n|c|\u2606Plaweh|ggs!!! wp have good night!\n|c|\u2606Plaweh|i leave\n|l|\u2606Plaweh\n|player|p2|\n|l|\u2606slienciotovarish\n|player|p1|\n|j|\u2606Plaweh\n|player|p2|Plaweh|elesa|\n",
  "uploadtime": 1776026546,
  "views": 13,
  "formatid": "gen9championsvgc2026regma",
  "rating": null,
  "private": 0,
  "password": null
}