{
  "id": "gen9championsvgc2026regma-2582806459",
  "format": "[Gen 9 Champions] VGC 2026 Reg M-A",
  "players": [
    "fangyusuhe",
    "Kiryuri"
  ],
  "log": "|j|\u2606fangyusuhe\n|j|\u2606Kiryuri\n|t:|1776115541\n|gametype|doubles\n|player|p1|fangyusuhe|dawn|1411\n|player|p2|Kiryuri|acetrainerf|1388\n|gen|9\n|tier|[Gen 9 Champions] VGC 2026 Reg M-A\n|rated|\n|rule|Species Clause: Limit one of each Pok\u00e9mon\n|rule|Item Clause: Limit 1 of each item\n|clearpoke\n|poke|p1|Incineroar, L50, F|\n|poke|p1|Sinistcha, L50|\n|poke|p1|Kingambit, L50, M|\n|poke|p1|Floette-Eternal, L50, F|\n|poke|p1|Dragapult, L50, M|\n|poke|p1|Sneasler, L50, M|\n|poke|p2|Froslass, L50, F|\n|poke|p2|Milotic, L50, F|\n|poke|p2|Scizor, L50, F|\n|poke|p2|Sinistcha, L50|\n|poke|p2|Basculegion, L50, M|\n|poke|p2|Maushold-Four, L50|\n|teampreview|4\nKiryuri has agreed to open team sheets.\n|inactive|Battle timer is ON: inactive players will automatically lose when time's up. (requested by Kiryuri)\n|inactive|Kiryuri has 60 seconds left.\n|\n|t:|1776115597\n|teamsize|p1|4\n|teamsize|p2|4\n|start\n|switch|p1a: Sneasler|Sneasler, L50, M|100/100\n|switch|p1b: Dragapult|Dragapult, L50, M|100/100\n|switch|p2a: Milotic|Milotic, L50, F|100/100\n|switch|p2b: Scizor|Scizor, L50, F|100/100\n|turn|1\n|inactive|Kiryuri has 30 seconds left.\n|\n|t:|1776115628\n|detailschange|p2b: Scizor|Scizor-Mega, L50, F\n|-mega|p2b: Scizor|Scizor|Scizorite\n|move|p2b: Scizor|Protect|p2b: Scizor\n|-singleturn|p2b: Scizor|Protect\n|move|p1b: Dragapult|Will-O-Wisp|p2b: Scizor\n|-activate|p2b: Scizor|move: Protect\n|move|p1a: Sneasler|Close Combat|p2a: Milotic\n|-damage|p2a: Milotic|44/100\n|-unboost|p1a: Sneasler|def|1\n|-unboost|p1a: Sneasler|spd|1\n|-enditem|p1a: Sneasler|White Herb\n|-clearnegativeboost|p1a: Sneasler|[silent]\n|move|p2a: Milotic|Coil|p2a: Milotic\n|-boost|p2a: Milotic|atk|1\n|-boost|p2a: Milotic|def|1\n|-boost|p2a: Milotic|accuracy|1\n|\n|upkeep\n|turn|2\n|inactive|Kiryuri has 30 seconds left.\n|\n|t:|1776115656\n|switch|p2b: Sinistcha|Sinistcha, L50|100/100\n|-heal|p2a: Milotic|69/100|[from] ability: Hospitality|[of] p2b: Sinistcha\n|move|p1a: Sneasler|Close Combat|p2a: Milotic\n|-damage|p2a: Milotic|33/100\n|-unboost|p1a: Sneasler|def|1\n|-unboost|p1a: Sneasler|spd|1\n|move|p1b: Dragapult|Dragon Darts|p2a: Milotic\n|-damage|p2a: Milotic|19/100\n|-anim|p1b: Dragapult|Dragon Darts|p2b: Sinistcha\n|-damage|p2b: Sinistcha|78/100\n|move|p2a: Milotic|Recover|p2a: Milotic\n|-heal|p2a: Milotic|69/100\n|\n|upkeep\n|turn|3\n|inactive|Kiryuri has 30 seconds left.\n|\n|t:|1776115686\n|move|p2b: Sinistcha|Rage Powder|p2b: Sinistcha\n|-singleturn|p2b: Sinistcha|move: Rage Powder\n|move|p1a: Sneasler|Dire Claw|p2b: Sinistcha\n|-crit|p2b: Sinistcha\n|-damage|p2b: Sinistcha|10/100\n|-enditem|p2b: Sinistcha|Sitrus Berry|[eat]\n|-heal|p2b: Sinistcha|35/100|[from] item: Sitrus Berry\n|move|p1b: Dragapult|Dragon Darts|p2b: Sinistcha\n|-damage|p2b: Sinistcha|12/100\n|-anim|p1b: Dragapult|Dragon Darts|p2b: Sinistcha\n|-damage|p2b: Sinistcha|0 fnt\n|faint|p2b: Sinistcha\n|move|p2a: Milotic|Hydro Pump|p1a: Sneasler\n|-damage|p1a: Sneasler|0 fnt\n|faint|p1a: Sneasler\n|\n|upkeep\n|inactive|Kiryuri has 30 seconds left.\n|\n|t:|1776115716\n|switch|p1a: Kingambit|Kingambit, L50, M|100/100\n|switch|p2b: Scizor|Scizor-Mega, L50, F|100/100\n|turn|4\n|\n|t:|1776115736\n|move|p1b: Dragapult|Will-O-Wisp|p2b: Scizor\n|-status|p2b: Scizor|brn\n|move|p2b: Scizor|Swords Dance|p2b: Scizor\n|-boost|p2b: Scizor|atk|2\n|move|p2a: Milotic|Hypnosis|p1a: Kingambit|[miss]\n|-miss|p2a: Milotic|p1a: Kingambit\n|move|p1a: Kingambit|Swords Dance|p1a: Kingambit\n|-boost|p1a: Kingambit|atk|2\n|\n|-damage|p2b: Scizor|94/100 brn|[from] brn\n|upkeep\n|turn|5\n|\n|t:|1776115761\n|move|p2b: Scizor|Protect|p2b: Scizor\n|-singleturn|p2b: Scizor|Protect\n|move|p1b: Dragapult|Dragon Darts|p2a: Milotic\n|-damage|p2a: Milotic|54/100\n|-anim|p1b: Dragapult|Dragon Darts|p2a: Milotic\n|-damage|p2a: Milotic|40/100\n|move|p2a: Milotic|Coil|p2a: Milotic\n|-boost|p2a: Milotic|atk|1\n|-boost|p2a: Milotic|def|1\n|-boost|p2a: Milotic|accuracy|1\n|move|p1a: Kingambit|Kowtow Cleave|p2b: Scizor\n|-activate|p2b: Scizor|move: Protect\n|\n|-damage|p2b: Scizor|88/100 brn|[from] brn\n|upkeep\n|turn|6\n|inactive|Kiryuri has 30 seconds left.\n|\n|t:|1776115786\n|move|p2b: Scizor|Bullet Punch|p1b: Dragapult\n|-damage|p1b: Dragapult|47/100\n|move|p1b: Dragapult|Dragon Darts|p2a: Milotic\n|-damage|p2a: Milotic|29/100\n|-anim|p1b: Dragapult|Dragon Darts|p2b: Scizor\n|-resisted|p2b: Scizor|1\n|-damage|p2b: Scizor|78/100 brn\n|move|p2a: Milotic|Hypnosis|p1a: Kingambit\n|-status|p1a: Kingambit|slp|[from] move: Hypnosis\n|cant|p1a: Kingambit|slp\n|\n|-damage|p2b: Scizor|72/100 brn|[from] brn\n|upkeep\n|turn|7\n|\n|t:|1776115798\n|move|p2b: Scizor|Bullet Punch|p1b: Dragapult\n|-damage|p1b: Dragapult|0 fnt\n|faint|p1b: Dragapult\n|move|p2a: Milotic|Recover|p2a: Milotic\n|-heal|p2a: Milotic|79/100\n|cant|p1a: Kingambit|slp\n|\n|-damage|p2b: Scizor|65/100 brn|[from] brn\n|upkeep\n|\n|t:|1776115806\n|switch|p1b: Floette|Floette-Eternal, L50, F|100/100\n|turn|8\n|\n|t:|1776115816\n|move|p1b: Floette|Protect|p1b: Floette\n|-singleturn|p1b: Floette|Protect\n|move|p2b: Scizor|Bullet Punch|p1b: Floette\n|-activate|p1b: Floette|move: Protect\n|move|p2a: Milotic|Hydro Pump|p1a: Kingambit\n|-damage|p1a: Kingambit|54/100 slp\n|-curestatus|p1a: Kingambit|slp|[msg]\n|move|p1a: Kingambit|Kowtow Cleave|p2b: Scizor\n|-damage|p2b: Scizor|0 fnt\n|faint|p2b: Scizor\n|\n|upkeep\n|\n|t:|1776115828\n|switch|p2b: Basculegion|Basculegion, L50, M|100/100\n|turn|9\n|\n|t:|1776115849\n|move|p2b: Basculegion|Last Respects|p1b: Floette\n|-damage|p1b: Floette|0 fnt\n|faint|p1b: Floette\n|move|p2a: Milotic|Hydro Pump|p1a: Kingambit\n|-damage|p1a: Kingambit|8/100\n|move|p1a: Kingambit|Kowtow Cleave|p2b: Basculegion\n|-supereffective|p2b: Basculegion|1\n|-damage|p2b: Basculegion|0 fnt\n|faint|p2b: Basculegion\n|\n|upkeep\n|turn|10\n|\n|t:|1776115860\n|move|p2a: Milotic|Hydro Pump|p1a: Kingambit\n|-damage|p1a: Kingambit|0 fnt\n|faint|p1a: Kingambit\n|\n|win|Kiryuri\n|raw|fangyusuhe's rating: 1411 &rarr; <strong>1390</strong><br />(-21 for losing)\n|raw|Kiryuri's rating: 1388 &rarr; <strong>1409</strong><br />(+21 for winning)\n|l|\u2606fangyusuhe\n|player|p1|\n",
  "uploadtime": 1776115871,
  "views": 51,
  "formatid": "gen9championsvgc2026regma",
  "rating": 1390,
  "private": 0,
  "password": null
}