{
  "id": "gen9championsvgc2026regma-2584869477",
  "format": "[Gen 9 Champions] VGC 2026 Reg M-A",
  "players": [
    "astonished_25",
    "yurrrrmama"
  ],
  "log": "|j|\u2606astonished_25\n|j|\u2606yurrrrmama\n|t:|1776290137\n|gametype|doubles\n|player|p1|astonished_25|caitlin|1098\n|player|p2|yurrrrmama|steven|1000\n|gen|9\n|tier|[Gen 9 Champions] VGC 2026 Reg M-A\n|rated|\n|rule|Species Clause: Limit one of each Pok\u00e9mon\n|rule|Item Clause: Limit 1 of each item\n|clearpoke\n|poke|p1|Aerodactyl, L50, F|\n|poke|p1|Tyranitar, L50, F|\n|poke|p1|Farigiraf, L50, F|\n|poke|p1|Kingambit, L50, M|\n|poke|p1|Floette-Eternal, L50, F|\n|poke|p1|Dragapult, L50, M|\n|poke|p2|Hawlucha, L50, M|\n|poke|p2|Krookodile, L50, F|\n|poke|p2|Sinistcha, L50|\n|poke|p2|Clawitzer, L50, M|\n|poke|p2|Raichu, L50, M|\n|poke|p2|Gyarados, L50, M|\n|teampreview|4\n|inactive|Battle timer is ON: inactive players will automatically lose when time's up. (requested by yurrrrmama)\n|inactive|astonished_25 also wants the timer to be on.\nyurrrrmama rejected open team sheets.\n|inactive|astonished_25 has 60 seconds left.\n|\n|t:|1776290172\n|teamsize|p1|4\n|teamsize|p2|4\n|start\n|switch|p1a: Aerodactyl|Aerodactyl, L50, F|100/100\n|switch|p1b: Kingambit|Kingambit, L50, M|100/100\n|switch|p2a: Hawlucha|Hawlucha, L50, M|100/100\n|switch|p2b: Krookodile|Krookodile, L50, F|100/100\n|-ability|p1a: Aerodactyl|Unnerve\n|-ability|p2b: Krookodile|Intimidate|boost\n|-unboost|p1a: Aerodactyl|atk|1\n|-unboost|p1b: Kingambit|atk|1\n|-ability|p1b: Kingambit|Defiant|boost\n|-boost|p1b: Kingambit|atk|2\n|turn|1\n|inactive|astonished_25 has 30 seconds left.\n|\n|t:|1776290197\n|detailschange|p2a: Hawlucha|Hawlucha-Mega, L50, M\n|-mega|p2a: Hawlucha|Hawlucha|Hawluchanite\n|move|p1b: Kingambit|Protect|p1b: Kingambit\n|-singleturn|p1b: Kingambit|Protect\n|move|p2b: Krookodile|Fissure|p1b: Kingambit\n|-activate|p1b: Kingambit|move: Protect\n|move|p1a: Aerodactyl|Tailwind|p1a: Aerodactyl\n|-sidestart|p1: astonished_25|move: Tailwind\n|move|p2a: Hawlucha|Entrainment|p2b: Krookodile\n|-ability|p2b: Krookodile|No Guard|Intimidate|[from] move: Entrainment|[of] p2a: Hawlucha\n|\n|upkeep\n|turn|2\n|\n|t:|1776290213\n|move|p1a: Aerodactyl|Dual Wingbeat|p2a: Hawlucha\n|-supereffective|p2a: Hawlucha|1\n|-damage|p2a: Hawlucha|72/100\n|-supereffective|p2a: Hawlucha|1\n|-damage|p2a: Hawlucha|44/100\n|-hitcount|p2a: Hawlucha|2\n|move|p2b: Krookodile|Fissure|p1b: Kingambit\n|-damage|p1b: Kingambit|0 fnt\n|faint|p1b: Kingambit\n|-ohko\n|move|p2a: Hawlucha|Swords Dance|p2a: Hawlucha\n|-boost|p2a: Hawlucha|atk|2\n|\n|upkeep\n|\n|t:|1776290225\n|switch|p1b: Dragapult|Dragapult, L50, M|100/100\n|turn|3\n|\n|t:|1776290235\n|move|p1b: Dragapult|Protect|p1b: Dragapult\n|-singleturn|p1b: Dragapult|Protect\n|move|p1a: Aerodactyl|Dual Wingbeat|p2a: Hawlucha\n|-supereffective|p2a: Hawlucha|1\n|-damage|p2a: Hawlucha|11/100\n|-supereffective|p2a: Hawlucha|1\n|-damage|p2a: Hawlucha|0 fnt\n|faint|p2a: Hawlucha\n|-hitcount|p2: Hawlucha|2\n|move|p2b: Krookodile|Fissure|p1b: Dragapult\n|-activate|p1b: Dragapult|move: Protect\n|\n|upkeep\n|\n|t:|1776290248\n|switch|p2a: cadence|Sinistcha, L50|100/100\n|turn|4\n|\n|t:|1776290253\n|move|p2a: cadence|Rage Powder|p2a: cadence\n|-singleturn|p2a: cadence|move: Rage Powder\n|move|p1b: Dragapult|Phantom Force||[still]\n|-prepare|p1b: Dragapult|Phantom Force\n|move|p1a: Aerodactyl|Dual Wingbeat|p2a: cadence\n|-supereffective|p2a: cadence|1\n|-damage|p2a: cadence|77/100\n|-supereffective|p2a: cadence|1\n|-damage|p2a: cadence|56/100\n|-hitcount|p2a: cadence|2\n|move|p2b: Krookodile|Fissure|p1b: Dragapult\n|-damage|p1b: Dragapult|0 fnt\n|faint|p1b: Dragapult\n|-ohko\n|\n|-sideend|p1: astonished_25|move: Tailwind\n|upkeep\n|\n|t:|1776290260\n|switch|p1b: Floette|Floette-Eternal, L50, F|100/100\n|turn|5\n|\n|t:|1776290272\n|move|p1b: Floette|Protect|p1b: Floette\n|-singleturn|p1b: Floette|Protect\n|move|p2a: cadence|Rage Powder|p2a: cadence\n|-singleturn|p2a: cadence|move: Rage Powder\n|move|p2b: Krookodile|Fissure|p1b: Floette\n|-activate|p1b: Floette|move: Protect\n|move|p1a: Aerodactyl|Tailwind|p1a: Aerodactyl\n|-sidestart|p1: astonished_25|move: Tailwind\n|\n|upkeep\n|turn|6\n|\n|t:|1776290284\n|detailschange|p1b: Floette|Floette-Mega, L50, F\n|-mega|p1b: Floette|Floette|Floettite\n|-ability|p1b: Floette|Fairy Aura\n|move|p2a: cadence|Rage Powder|p2a: cadence\n|-singleturn|p2a: cadence|move: Rage Powder\n|move|p1a: Aerodactyl|Dual Wingbeat|p2a: cadence\n|-supereffective|p2a: cadence|1\n|-damage|p2a: cadence|31/100\n|-supereffective|p2a: cadence|1\n|-damage|p2a: cadence|6/100\n|-hitcount|p2a: cadence|2\n|move|p1b: Floette|Dazzling Gleam|p2b: Krookodile|[spread] p2b\n|-miss|p1b: Floette|p2a: cadence\n|-supereffective|p2b: Krookodile|1\n|-damage|p2b: Krookodile|0 fnt\n|faint|p2b: Krookodile\n|\n|upkeep\n|\n|t:|1776290298\n|switch|p2b: Clawitzer|Clawitzer, L50, M|100/100\n|turn|7\n|c|\u2606astonished_25|Muere mierda\n|c|\u2606yurrrrmama|fires\n|c|\u2606yurrrrmama|fries\n|c|\u2606yurrrrmama|gg\n|inactive|yurrrrmama has 30 seconds left.\n|\n|t:|1776290325\n|move|p2a: cadence|Rage Powder|p2a: cadence\n|-singleturn|p2a: cadence|move: Rage Powder\n|move|p1a: Aerodactyl|Rock Slide|p2b: Clawitzer|[spread] p2a,p2b\n|-damage|p2a: cadence|0 fnt\n|-damage|p2b: Clawitzer|81/100\n|faint|p2a: cadence\n|move|p1b: Floette|Calm Mind|p1b: Floette\n|-boost|p1b: Floette|spa|1\n|-boost|p1b: Floette|spd|1\n|move|p2b: Clawitzer|Water Pulse|p1b: Floette\n|-damage|p1b: Floette|75/100\n|\n|upkeep\n|turn|8\n|\n|t:|1776290335\n|move|p1a: Aerodactyl|Dual Wingbeat|p2b: Clawitzer\n|-damage|p2b: Clawitzer|66/100\n|-damage|p2b: Clawitzer|52/100\n|-hitcount|p2b: Clawitzer|2\n|move|p1b: Floette|Draining Kiss|p2b: Clawitzer\n|-damage|p2b: Clawitzer|0 fnt\n|-heal|p1b: Floette|100/100|[from] drain|[of] p2b: Clawitzer\n|faint|p2b: Clawitzer\n|\n|win|astonished_25\n|raw|astonished_25's rating: 1098 &rarr; <strong>1116</strong><br />(+18 for winning)\n|raw|yurrrrmama's rating: 1000 &rarr; <strong>1000</strong><br />(+0 for losing)\n",
  "uploadtime": 1776290300,
  "views": 21,
  "formatid": "gen9championsvgc2026regma",
  "rating": 1000,
  "private": 0,
  "password": null
}