{
  "id": "gen9championsvgc2026regma-2588276837",
  "format": "[Gen 9 Champions] VGC 2026 Reg M-A",
  "players": [
    "vnunesp12",
    "JemJar"
  ],
  "log": "|j|\u2606vnunesp12\n|j|\u2606JemJar\n|t:|1776620284\n|gametype|doubles\n|player|p1|vnunesp12|red|1163\n|player|p2|JemJar|2|1133\n|gen|9\n|tier|[Gen 9 Champions] VGC 2026 Reg M-A\n|rated|\n|rule|Species Clause: Limit one of each Pok\u00e9mon\n|rule|Item Clause: Limit 1 of each item\n|clearpoke\n|poke|p1|Froslass, L50, F|\n|poke|p1|Sneasler, L50, F|\n|poke|p1|Kingambit, L50, F|\n|poke|p1|Garchomp, L50, M|\n|poke|p1|Talonflame, L50, F|\n|poke|p1|Primarina, L50, F|\n|poke|p2|Delphox, L50, F|\n|poke|p2|Floette-Eternal, L50, F|\n|poke|p2|Maushold, L50|\n|poke|p2|Aerodactyl, L50, F|\n|poke|p2|Garchomp, L50, M|\n|poke|p2|Incineroar, L50, M|\n|teampreview|4\n|inactive|Battle timer is ON: inactive players will automatically lose when time's up. (requested by vnunesp12)\n|inactive|vnunesp12 has 60 seconds left.\n|inactive|JemJar has 60 seconds left.\n|\n|t:|1776620335\n|teamsize|p1|4\n|teamsize|p2|4\n|start\n|switch|p1a: Everaldo|Froslass, L50, F|100/100\n|switch|p1b: Caio Alexandre|Talonflame, L50, F|100/100\n|switch|p2a: Garchomp|Garchomp, L50, M|100/100\n|switch|p2b: Delphox|Delphox, L50, F|100/100\n|turn|1\n|\n|t:|1776620359\n|detailschange|p1a: Everaldo|Froslass-Mega, L50, F\n|-mega|p1a: Everaldo|Froslass|Froslassite\n|-weather|Snowscape|[from] ability: Snow Warning|[of] p1a: Everaldo\n|detailschange|p2b: Delphox|Delphox-Mega, L50, F\n|-mega|p2b: Delphox|Delphox|Delphoxite\n|move|p1b: Caio Alexandre|Tailwind|p1b: Caio Alexandre\n|-sidestart|p1: vnunesp12|move: Tailwind\n|move|p1a: Everaldo|Shadow Ball|p2b: Delphox\n|-supereffective|p2b: Delphox|1\n|-damage|p2b: Delphox|24/100\n|move|p2b: Delphox|Heat Wave|p1b: Caio Alexandre|[spread] p1a,p1b\n|-supereffective|p1a: Everaldo|1\n|-resisted|p1b: Caio Alexandre|1\n|-crit|p1b: Caio Alexandre\n|-damage|p1a: Everaldo|1/100\n|-damage|p1b: Caio Alexandre|64/100\n|move|p2a: Garchomp|Rock Slide|p1b: Caio Alexandre|[spread] p1a,p1b\n|-supereffective|p1a: Everaldo|1\n|-crit|p1a: Everaldo\n|-supereffective|p1b: Caio Alexandre|2\n|-damage|p1a: Everaldo|0 fnt\n|-damage|p1b: Caio Alexandre|0 fnt\n|faint|p1a: Everaldo\n|faint|p1b: Caio Alexandre\n|\n|-weather|Snowscape|[upkeep]\n|upkeep\n|\n|t:|1776620383\n|switch|p1b: Pulga|Sneasler, L50, F|100/100\n|switch|p1a: Sanabria|Primarina, L50, F|100/100\n|turn|2\n|\n|t:|1776620407\n|move|p2b: Delphox|Protect|p2b: Delphox\n|-singleturn|p2b: Delphox|Protect\n|move|p1b: Pulga|Fake Out|p2a: Garchomp\n|-damage|p2a: Garchomp|89/100\n|-damage|p1b: Pulga|88/100|[from] ability: Rough Skin|[of] p2a: Garchomp\n|move|p1a: Sanabria|Calm Mind|p1a: Sanabria\n|-boost|p1a: Sanabria|spa|1\n|-boost|p1a: Sanabria|spd|1\n|cant|p2a: Garchomp|flinch\n|\n|-weather|Snowscape|[upkeep]\n|upkeep\n|turn|3\n|inactive|JemJar has 30 seconds left.\n|\n|t:|1776620433\n|switch|p2b: Maushold|Maushold, L50|100/100\n|switch|p2a: Aerodactyl|Aerodactyl, L50, F|100/100\n|move|p1b: Pulga|Close Combat|p2a: Aerodactyl\n|-damage|p2a: Aerodactyl|27/100\n|-unboost|p1b: Pulga|def|1\n|-unboost|p1b: Pulga|spd|1\n|-enditem|p1b: Pulga|White Herb\n|-clearnegativeboost|p1b: Pulga|[silent]\n|move|p1a: Sanabria|Hyper Voice|p2b: Maushold|[spread] p2a,p2b\n|-supereffective|p2a: Aerodactyl|1\n|-damage|p2a: Aerodactyl|0 fnt\n|-damage|p2b: Maushold|44/100\n|faint|p2a: Aerodactyl\n|\n|-weather|Snowscape|[upkeep]\n|upkeep\n|\n|t:|1776620448\n|switch|p2a: Delphox|Delphox-Mega, L50, F|24/100\n|turn|4\n|\n|t:|1776620464\n|move|p1b: Pulga|Protect|p1b: Pulga\n|-singleturn|p1b: Pulga|Protect\n|move|p2a: Delphox|Protect|p2a: Delphox\n|-singleturn|p2a: Delphox|Protect\n|move|p2b: Maushold|Protect|p2b: Maushold\n|-singleturn|p2b: Maushold|Protect\n|move|p1a: Sanabria|Calm Mind|p1a: Sanabria\n|-boost|p1a: Sanabria|spa|1\n|-boost|p1a: Sanabria|spd|1\n|\n|-weather|Snowscape|[upkeep]\n|-sideend|p1: vnunesp12|move: Tailwind\n|upkeep\n|turn|5\n|\n|t:|1776620486\n|move|p1b: Pulga|Close Combat|p2b: Maushold\n|-supereffective|p2b: Maushold|1\n|-enditem|p2b: Maushold|Chople Berry|[eat]\n|-enditem|p2b: Maushold|Chople Berry|[weaken]\n|-damage|p2b: Maushold|0 fnt\n|-unboost|p1b: Pulga|def|1\n|-unboost|p1b: Pulga|spd|1\n|faint|p2b: Maushold\n|move|p2a: Delphox|Psychic|p1b: Pulga\n|-supereffective|p1b: Pulga|2\n|-damage|p1b: Pulga|0 fnt\n|faint|p1b: Pulga\n|move|p1a: Sanabria|Hyper Voice|p2a: Delphox\n|-supereffective|p2a: Delphox|1\n|-damage|p2a: Delphox|0 fnt\n|faint|p2a: Delphox\n|\n|-weather|none\n|upkeep\n|\n|t:|1776620502\n|switch|p2a: Garchomp|Garchomp, L50, M|89/100\n|turn|6\n|\n|t:|1776620510\n|move|p2a: Garchomp|Earthquake|p1a: Sanabria\n|-damage|p1a: Sanabria|60/100\n|move|p1a: Sanabria|Moonblast|p2a: Garchomp\n|-supereffective|p2a: Garchomp|1\n|-damage|p2a: Garchomp|0 fnt\n|faint|p2a: Garchomp\n|\n|win|vnunesp12\n|raw|vnunesp12's rating: 1163 &rarr; <strong>1186</strong><br />(+23 for winning)\n|raw|JemJar's rating: 1133 &rarr; <strong>1110</strong><br />(-23 for losing)\n|l|\u2606JemJar\n|player|p2|\n",
  "uploadtime": 1776620531,
  "views": 15,
  "formatid": "gen9championsvgc2026regma",
  "rating": 1110,
  "private": 0,
  "password": null
}