{
  "id": "gen9championsvgc2026regma-2585634781",
  "format": "[Gen 9 Champions] VGC 2026 Reg M-A",
  "players": [
    "divra7",
    "yamzinyobooty"
  ],
  "log": "|j|\u2606divra7\n|j|\u2606yamzinyobooty\n|html|<table width=\"100%\"><tr><td align=\"left\">divra7</td><td align=\"right\">yamzinyobooty</tr><tr><td align=\"left\"><i class=\"fa fa-circle-o\"></i> <i class=\"fa fa-circle-o\"></i> </td><td align=\"right\"><i class=\"fa fa-circle-o\"></i> <i class=\"fa fa-circle-o\"></i> </tr></table>\n|uhtml|bestof|<h2><strong>Game 1</strong> of <a href=\"/game-bestof3-gen9championsvgc2026regma-2585634780\">a best-of-3</a></h2>\n|t:|1776360284\n|gametype|doubles\n|player|p1|divra7|ballguy|\n|player|p2|yamzinyobooty|266|\n|gen|9\n|tier|[Gen 9 Champions] VGC 2026 Reg M-A\n|rated|Tournament battle\n|rule|Species Clause: Limit one of each Pok\u00e9mon\n|rule|Item Clause: Limit 1 of each item\n|raw|<div class=\"infobox\"><details class=\"readmore\" open><summary><strong>2 custom rules:</strong></summary> Force Open Team Sheets, Best of = 3</details></div>\n|clearpoke\n|poke|p1|Charizard, L50, M|\n|poke|p1|Venusaur, L50, F|\n|poke|p1|Garchomp, L50, F|\n|poke|p1|Sneasler, L50, F|\n|poke|p1|Aegislash, L50, M|\n|poke|p1|Kingambit, L50, M|\n|poke|p2|Charizard, L50, F|\n|poke|p2|Venusaur, L50, F|\n|poke|p2|Garchomp, L50, M|\n|poke|p2|Incineroar, L50, F|\n|poke|p2|Gardevoir, L50, M|\n|poke|p2|Milotic, L50, F|\n|teampreview|4\n|showteam|p1|Charizard||CharizarditeY|Blaze|HeatWave,WeatherBall,Overheat,Protect|||M|||50|]Venusaur||FocusSash|Chlorophyll|EnergyBall,SleepPowder,SludgeBomb,Protect|||F|||50|]Garchomp||HabanBerry|RoughSkin|DragonClaw,RockSlide,Bulldoze,Protect|||F|||50|]Sneasler||WhiteHerb|Unburden|DireClaw,CloseCombat,Feint,FakeOut|||F|||50|]Aegislash||SpellTag|StanceChange|Poltergeist,ShadowSneak,WideGuard,KingsShield|||M|||50|]Kingambit||ChopleBerry|Defiant|KowtowCleave,SuckerPunch,IronHead,Protect|||M|||50|\n|showteam|p2|Charizard||CharizarditeY|SolarPower|HeatWave,WeatherBall,SolarBeam,Protect|||F|||50|]Venusaur||FocusSash|Chlorophyll|EnergyBall,SludgeBomb,SleepPowder,Protect|||F|||50|]Garchomp||YacheBerry|RoughSkin|DragonClaw,Earthquake,RockSlide,Protect|||M|||50|]Incineroar||SitrusBerry|Intimidate|FlareBlitz,ThroatChop,HelpingHand,FakeOut|||F|||50|]Gardevoir||ChoiceScarf|Telepathy|Moonblast,DazzlingGleam,Psychic,IcyWind|||M|||50|]Milotic||Leftovers|Competitive|Scald,IceBeam,LifeDew,Protect|||F|||50|\n|inactive|Battle timer is ON: inactive players will automatically lose when time's up. (requested by divra7)\n|inactive|divra7 has 60 seconds left.\n|\n|t:|1776360316\n|teamsize|p1|4\n|teamsize|p2|4\n|start\n|switch|p1a: Sneasler|Sneasler, L50, F, shiny|100/100\n|switch|p1b: Garchomp|Garchomp, L50, F|100/100\n|switch|p2a: Venusaur|Venusaur, L50, F|100/100\n|switch|p2b: Gardevoir|Gardevoir, L50, M|100/100\n|turn|1\n|\n|t:|1776360340\n|switch|p2b: Garchomp|Garchomp, L50, M|100/100\n|move|p1a: Sneasler|Feint|p2a: Venusaur\n|-damage|p2a: Venusaur|86/100\n|move|p1b: Garchomp|Rock Slide|p2b: Garchomp|[spread] p2a\n|-miss|p1b: Garchomp|p2b: Garchomp\n|-damage|p2a: Venusaur|60/100\n|cant|p2a: Venusaur|flinch\n|\n|upkeep\n|turn|2\n|inactive|divra7 has 30 seconds left.\n|\n|t:|1776360372\n|move|p2a: Venusaur|Protect|p2a: Venusaur\n|-singleturn|p2a: Venusaur|Protect\n|move|p1a: Sneasler|Close Combat|p2b: Garchomp\n|-damage|p2b: Garchomp|31/100\n|-unboost|p1a: Sneasler|def|1\n|-unboost|p1a: Sneasler|spd|1\n|-damage|p1a: Sneasler|88/100|[from] ability: Rough Skin|[of] p2b: Garchomp\n|-enditem|p1a: Sneasler|White Herb\n|-clearnegativeboost|p1a: Sneasler|[silent]\n|move|p2b: Garchomp|Earthquake|p1b: Garchomp|[spread] p1a,p1b\n|-activate|p2a: Venusaur|move: Protect\n|-supereffective|p1a: Sneasler|1\n|-damage|p1a: Sneasler|0 fnt\n|-damage|p1b: Garchomp|66/100\n|faint|p1a: Sneasler\n|move|p1b: Garchomp|Dragon Claw|p2b: Garchomp\n|-supereffective|p2b: Garchomp|1\n|-damage|p2b: Garchomp|0 fnt\n|-damage|p1b: Garchomp|54/100|[from] ability: Rough Skin|[of] p2b: Garchomp\n|faint|p2b: Garchomp\n|\n|upkeep\n|inactive|yamzinyobooty has 30 seconds left.\n|\n|t:|1776360406\n|switch|p1a: Aegislash|Aegislash, L50, M|100/100\n|switch|p2b: Milotic|Milotic, L50, F|100/100\n|turn|3\n|inactive|divra7 has 30 seconds left.\n|\n|t:|1776360434\n|move|p1b: Garchomp|Rock Slide|p2a: Venusaur|[spread] p2a,p2b\n|-damage|p2a: Venusaur|36/100\n|-damage|p2b: Milotic|87/100\n|cant|p2a: Venusaur|flinch\n|move|p2b: Milotic|Scald|p1b: Garchomp\n|-damage|p1b: Garchomp|26/100\n|-status|p1b: Garchomp|brn\n|-formechange|p1a: Aegislash|Aegislash-Blade|\n|move|p1a: Aegislash|Poltergeist|p2a: Venusaur|[miss]\n|-miss|p1a: Aegislash|p2a: Venusaur\n|\n|-heal|p2b: Milotic|93/100|[from] item: Leftovers\n|-damage|p1b: Garchomp|20/100 brn|[from] brn\n|upkeep\n|turn|4\n|inactive|divra7 has 30 seconds left.\n|inactive|yamzinyobooty has 30 seconds left.\n|inactive|yamzinyobooty has 20 seconds left.\n|inactive|yamzinyobooty has 15 seconds left.\n|\n|t:|1776360478\n|move|p2a: Venusaur|Protect|p2a: Venusaur\n|-singleturn|p2a: Venusaur|Protect\n|move|p1a: Aegislash|Shadow Sneak|p2a: Venusaur\n|-activate|p2a: Venusaur|move: Protect\n|move|p1b: Garchomp|Dragon Claw|p2b: Milotic\n|-damage|p2b: Milotic|78/100\n|move|p2b: Milotic|Life Dew|p2b: Milotic|[spread] p2a,p2b\n|-heal|p2a: Venusaur|61/100\n|-heal|p2b: Milotic|100/100\n|\n|-damage|p1b: Garchomp|14/100 brn|[from] brn\n|upkeep\n|turn|5\n|inactive|divra7 has 30 seconds left.\n|\n|t:|1776360504\n|move|p1b: Garchomp|Rock Slide|p2b: Milotic|[spread] p2a\n|-miss|p1b: Garchomp|p2b: Milotic\n|-damage|p2a: Venusaur|48/100\n|cant|p2a: Venusaur|flinch\n|move|p2b: Milotic|Life Dew||[still]|[spread] p2a,p2b\n|-heal|p2a: Venusaur|73/100\n|-fail|p2b: Milotic|heal\n|move|p1a: Aegislash|Poltergeist|p2a: Venusaur\n|-activate|p2a: Venusaur|move: Poltergeist|Focus Sash\n|-damage|p2a: Venusaur|0 fnt\n|faint|p2a: Venusaur\n|\n|-damage|p1b: Garchomp|8/100 brn|[from] brn\n|upkeep\n|\n|t:|1776360519\n|switch|p2a: Gardevoir|Gardevoir, L50, M|100/100\n|turn|6\n|\n|t:|1776360533\n|move|p1a: Aegislash|Shadow Sneak|p2a: Gardevoir\n|-supereffective|p2a: Gardevoir|1\n|-damage|p2a: Gardevoir|15/100\n|move|p2a: Gardevoir|Icy Wind|p1b: Garchomp|[spread] p1a,p1b\n|-resisted|p1a: Aegislash|1\n|-supereffective|p1b: Garchomp|2\n|-damage|p1a: Aegislash|89/100\n|-damage|p1b: Garchomp|0 fnt\n|-unboost|p1a: Aegislash|spe|1\n|faint|p1b: Garchomp\n|move|p2b: Milotic|Scald|p1a: Aegislash\n|-damage|p1a: Aegislash|45/100\n|\n|upkeep\n|\n|t:|1776360539\n|switch|p1b: Charizard|Charizard, L50, M|100/100\n|turn|7\n|\n|t:|1776360555\n|detailschange|p1b: Charizard|Charizard-Mega-Y, L50, M\n|-mega|p1b: Charizard|Charizard|Charizardite Y\n|-weather|SunnyDay|[from] ability: Drought|[of] p1b: Charizard\n|move|p1a: Aegislash|Shadow Sneak|p2a: Gardevoir\n|-supereffective|p2a: Gardevoir|1\n|-damage|p2a: Gardevoir|0 fnt\n|faint|p2a: Gardevoir\n|move|p1b: Charizard|Weather Ball|p2b: Milotic\n|-resisted|p2b: Milotic|1\n|-damage|p2b: Milotic|65/100\n|move|p2b: Milotic|Scald|p1b: Charizard\n|-supereffective|p1b: Charizard|1\n|-damage|p1b: Charizard|77/100\n|\n|-weather|SunnyDay|[upkeep]\n|-heal|p2b: Milotic|71/100|[from] item: Leftovers\n|upkeep\n|turn|8\n|c|\u2606yamzinyobooty|ggs\n|-message|yamzinyobooty forfeited.\n|\n|win|divra7\n",
  "uploadtime": 1776360574,
  "views": 13,
  "formatid": "gen9championsvgc2026regma",
  "rating": null,
  "private": 0,
  "password": null
}