{
  "id": "gen9championsvgc2026regma-2580684374",
  "format": "[Gen 9 Champions] VGC 2026 Reg M-A",
  "players": [
    "WhiteBoySharia",
    "pretzel_galaxian"
  ],
  "log": "|j|\u2606WhiteBoySharia\n|j|\u2606pretzel_galaxian\n|t:|1775924075\n|gametype|doubles\n|player|p1|WhiteBoySharia|kieran|1101\n|player|p2|pretzel_galaxian|170|1119\n|gen|9\n|tier|[Gen 9 Champions] VGC 2026 Reg M-A\n|rated|\n|rule|Species Clause: Limit one of each Pok\u00e9mon\n|rule|Item Clause: Limit 1 of each item\n|clearpoke\n|poke|p1|Incineroar, L50, M|\n|poke|p1|Charizard, L50, M|\n|poke|p1|Venusaur, L50, F|\n|poke|p1|Whimsicott, L50, F|\n|poke|p1|Archaludon, L50, M|\n|poke|p1|Garchomp, L50, F|\n|poke|p2|Medicham, L50, F|\n|poke|p2|Sneasler, L50, M|\n|poke|p2|Clefable, L50, M|\n|poke|p2|Runerigus, L50, M|\n|poke|p2|Torkoal, L50, M|\n|poke|p2|Scovillain, L50, M|\n|teampreview|4\n|inactive|Battle timer is ON: inactive players will automatically lose when time's up. (requested by WhiteBoySharia)\n|inactive|WhiteBoySharia has 60 seconds left.\n|\n|t:|1775924120\n|teamsize|p1|4\n|teamsize|p2|4\n|start\n|switch|p1a: Charizard|Charizard, L50, M|100/100\n|switch|p1b: Venusaur|Venusaur, L50, F|100/100\n|switch|p2a: Medicham|Medicham, L50, F, shiny|100/100\n|switch|p2b: Sneasler|Sneasler, L50, M|100/100\n|turn|1\n|\n|t:|1775924136\n|move|p1a: Charizard|Protect|p1a: Charizard\n|-singleturn|p1a: Charizard|Protect\n|move|p1b: Venusaur|Protect|p1b: Venusaur\n|-singleturn|p1b: Venusaur|Protect\n|move|p2a: Medicham|Skill Swap|p2b: Sneasler\n|-activate|p2a: Medicham|Skill Swap|||[of] p2b: Sneasler\n|move|p2b: Sneasler|Dire Claw|p1a: Charizard\n|-activate|p1a: Charizard|move: Protect\n|\n|upkeep\n|turn|2\n|\n|t:|1775924160\n|switch|p2a: Clefable|Clefable, L50, M|100/100\n|detailschange|p1a: Charizard|Charizard-Mega-Y, L50, M\n|-mega|p1a: Charizard|Charizard|Charizardite Y\n|-weather|SunnyDay|[from] ability: Drought|[of] p1a: Charizard\n|move|p2b: Sneasler|Protect|p2b: Sneasler\n|-singleturn|p2b: Sneasler|Protect\n|move|p1b: Venusaur|Sleep Powder|p2b: Sneasler\n|-activate|p2b: Sneasler|move: Protect\n|move|p1a: Charizard|Heat Wave|p2a: Clefable|[spread] p2a\n|-activate|p2b: Sneasler|move: Protect\n|-crit|p2a: Clefable\n|-damage|p2a: Clefable|20/100\n|-status|p2a: Clefable|brn\n|\n|-weather|SunnyDay|[upkeep]\n|upkeep\n|turn|3\n|inactive|WhiteBoySharia has 30 seconds left.\n|inactive|pretzel_galaxian has 30 seconds left.\n|inactive|pretzel_galaxian has 20 seconds left.\n|inactive|pretzel_galaxian has 15 seconds left.\n|inactive|pretzel_galaxian has 10 seconds left.\n|\n|t:|1775924206\n|detailschange|p2a: Clefable|Clefable-Mega, L50, M\n|-mega|p2a: Clefable|Clefable|Clefablite\n|move|p1a: Charizard|Protect|p1a: Charizard\n|-singleturn|p1a: Charizard|Protect\n|move|p2a: Clefable|Follow Me|p2a: Clefable\n|-singleturn|p2a: Clefable|move: Follow Me\n|move|p1b: Venusaur|Weather Ball|p2a: Clefable\n|-damage|p2a: Clefable|0 fnt\n|faint|p2a: Clefable\n|move|p2b: Sneasler|Dire Claw|p1a: Charizard\n|-activate|p1a: Charizard|move: Protect\n|\n|-weather|SunnyDay|[upkeep]\n|upkeep\n|\n|t:|1775924219\n|switch|p2a: Medicham|Medicham, L50, F, shiny|100/100\n|turn|4\n|\n|t:|1775924240\n|move|p2b: Sneasler|Protect|p2b: Sneasler\n|-singleturn|p2b: Sneasler|Protect\n|move|p1b: Venusaur|Sleep Powder|p2b: Sneasler\n|-activate|p2b: Sneasler|move: Protect\n|move|p2a: Medicham|Zen Headbutt|p1b: Venusaur|[miss]\n|-miss|p2a: Medicham|p1b: Venusaur\n|move|p1a: Charizard|Heat Wave|p2b: Sneasler|[spread] p2a\n|-activate|p2b: Sneasler|move: Protect\n|-damage|p2a: Medicham|3/100\n|\n|-weather|SunnyDay|[upkeep]\n|upkeep\n|turn|5\n|\n|t:|1775924262\n|move|p1b: Venusaur|Sleep Powder|p2b: Sneasler\n|-status|p2b: Sneasler|slp|[from] move: Sleep Powder\n|move|p2a: Medicham|Zen Headbutt|p1b: Venusaur\n|-supereffective|p1b: Venusaur|1\n|-enditem|p1b: Venusaur|Focus Sash\n|-damage|p1b: Venusaur|1/100\n|cant|p2b: Sneasler|slp\n|move|p1a: Charizard|Heat Wave|p2a: Medicham|[spread] p2a,p2b\n|-damage|p2a: Medicham|0 fnt\n|-damage|p2b: Sneasler|11/100 slp\n|faint|p2a: Medicham\n|\n|-weather|SunnyDay|[upkeep]\n|upkeep\n|\n|t:|1775924270\n|switch|p2a: Runerigus|Runerigus, L50, M|100/100\n|turn|6\n|\n|t:|1775924282\n|cant|p2b: Sneasler|slp\n|move|p1b: Venusaur|Weather Ball|p2b: Sneasler\n|-damage|p2b: Sneasler|0 fnt\n|faint|p2b: Sneasler\n|move|p1a: Charizard|Solar Beam||[still]\n|-prepare|p1a: Charizard|Solar Beam\n|-anim|p1a: Charizard|Solar Beam|p2a: Runerigus\n|-supereffective|p2a: Runerigus|1\n|-damage|p2a: Runerigus|0 fnt\n|faint|p2a: Runerigus\n|\n|win|WhiteBoySharia\n|raw|WhiteBoySharia's rating: 1101 &rarr; <strong>1127</strong><br />(+26 for winning)\n|raw|pretzel_galaxian's rating: 1119 &rarr; <strong>1093</strong><br />(-26 for losing)\n|l|\u2606pretzel_galaxian\n|player|p2|\n",
  "uploadtime": 1775924356,
  "views": 11,
  "formatid": "gen9championsvgc2026regma",
  "rating": 1093,
  "private": 0,
  "password": null
}