{
  "id": "gen9championsvgc2026regma-2588627947",
  "format": "[Gen 9 Champions] VGC 2026 Reg M-A",
  "players": [
    "3vtyr",
    "CBKreme"
  ],
  "log": "|j|\u26063vtyr\n|j|\u2606CBKreme\n|t:|1776651590\n|gametype|doubles\n|player|p1|3vtyr|koga|1045\n|player|p2|CBKreme|interviewers|1023\n|gen|9\n|tier|[Gen 9 Champions] VGC 2026 Reg M-A\n|rated|\n|rule|Species Clause: Limit one of each Pok\u00e9mon\n|rule|Item Clause: Limit 1 of each item\n|clearpoke\n|poke|p1|Skarmory, L50, F|\n|poke|p1|Whimsicott, L50, M|\n|poke|p1|Maushold-Four, L50|\n|poke|p1|Garchomp, L50, F|\n|poke|p1|Charizard, L50, M|\n|poke|p1|Rotom-Wash, L50|\n|poke|p2|Gardevoir, L50, F, shiny|\n|poke|p2|Ninetales-Alola, L50, F|\n|poke|p2|Froslass, L50, F, shiny|\n|poke|p2|Hatterene, L50, F|\n|poke|p2|Flapple, L50, M, shiny|\n|poke|p2|Sableye, L50, M, shiny|\n|teampreview|4\n|inactive|Battle timer is ON: inactive players will automatically lose when time's up. (requested by CBKreme)\n|inactive|CBKreme has 60 seconds left.\n|\n|t:|1776651628\n|teamsize|p1|4\n|teamsize|p2|4\n|start\n|switch|p1a: Whimsicott|Whimsicott, L50, M|100/100\n|switch|p1b: Skarmory|Skarmory, L50, F|100/100\n|switch|p2a: Ninetales|Ninetales-Alola, L50, F|100/100\n|switch|p2b: Sableye|Sableye, L50, M, shiny|100/100\n|-weather|Snowscape|[from] ability: Snow Warning|[of] p2a: Ninetales\n|turn|1\n|\n|t:|1776651643\n|detailschange|p1b: Skarmory|Skarmory-Mega, L50, F\n|-mega|p1b: Skarmory|Skarmory|Skarmorite\n|move|p2b: Sableye|Fake Out|p1a: Whimsicott\n|-damage|p1a: Whimsicott|95/100\n|cant|p1a: Whimsicott|flinch\n|move|p2a: Ninetales|Aurora Veil|p2a: Ninetales\n|-sidestart|p2: CBKreme|move: Aurora Veil\n|move|p1b: Skarmory|Iron Head|p2a: Ninetales\n|-supereffective|p2a: Ninetales|2\n|-damage|p2a: Ninetales|1/100\n|\n|-weather|Snowscape|[upkeep]\n|upkeep\n|turn|2\n|\n|t:|1776651666\n|move|p1a: Whimsicott|Tailwind|p1a: Whimsicott\n|-sidestart|p1: 3vtyr|move: Tailwind\n|move|p2b: Sableye|Skill Swap|p2a: Ninetales\n|-activate|p2b: Sableye|Skill Swap|||[of] p2a: Ninetales\n|move|p2a: Ninetales|Disable|p1b: Skarmory\n|-start|p1b: Skarmory|Disable|Iron Head\n|move|p1b: Skarmory|Swords Dance|p1b: Skarmory\n|-boost|p1b: Skarmory|atk|2\n|\n|-weather|Snowscape|[upkeep]\n|upkeep\n|turn|3\n|\n|t:|1776651687\n|move|p1a: Whimsicott|Taunt|p2a: Ninetales\n|-start|p2a: Ninetales|move: Taunt\n|cant|p2a: Ninetales|move: Taunt|Encore\n|move|p1b: Skarmory|Brave Bird|p2b: Sableye\n|-damage|p2b: Sableye|0 fnt\n|faint|p2b: Sableye\n|-damage|p1b: Skarmory|70/100|[from] Recoil\n|\n|-weather|Snowscape|[upkeep]\n|upkeep\n|\n|t:|1776651708\n|switch|p2b: Gardevoir|Gardevoir, L50, F, shiny|100/100\n|-ability|p2b: Gardevoir|Stalwart|Trace|[from] ability: Trace|[of] p1b: Skarmory\n|turn|4\n|\n|t:|1776651721\n|switch|p2a: Froslass|Froslass, L50, F, shiny|100/100\n|move|p2b: Gardevoir|Protect|p2b: Gardevoir\n|-singleturn|p2b: Gardevoir|Protect\n|move|p1a: Whimsicott|Moonblast|p2a: Froslass\n|-damage|p2a: Froslass|76/100\n|move|p1b: Skarmory|Brave Bird|p2b: Gardevoir\n|-activate|p2b: Gardevoir|move: Protect\n|\n|-weather|Snowscape|[upkeep]\n|upkeep\n|turn|5\n|inactive|CBKreme has 30 seconds left.\n|inactive|CBKreme has 20 seconds left.\n|inactive|CBKreme has 15 seconds left.\n|inactive|CBKreme has 10 seconds left.\n|inactive|CBKreme has 5 seconds left.\n|\n|t:|1776651771\n|detailschange|p2b: Gardevoir|Gardevoir-Mega, L50, F, shiny\n|-mega|p2b: Gardevoir|Gardevoir|Gardevoirite\n|move|p2a: Froslass|Protect|p2a: Froslass\n|-singleturn|p2a: Froslass|Protect\n|move|p1a: Whimsicott|Stun Spore|p2a: Froslass\n|-activate|p2a: Froslass|move: Protect\n|move|p1b: Skarmory|Brave Bird|p2b: Gardevoir\n|-damage|p2b: Gardevoir|0 fnt\n|faint|p2b: Gardevoir\n|-damage|p1b: Skarmory|42/100|[from] Recoil\n|\n|-weather|none\n|-end|p1b: Skarmory|Disable\n|-sideend|p1: 3vtyr|move: Tailwind\n|-sideend|p2: CBKreme|move: Aurora Veil\n|upkeep\n|\n|t:|1776651781\n|switch|p2b: Ninetales|Ninetales-Alola, L50, F|1/100\n|-weather|Snowscape|[from] ability: Snow Warning|[of] p2b: Ninetales\n|turn|6\n|\n|t:|1776651803\n|move|p1a: Whimsicott|Tailwind|p1a: Whimsicott\n|-sidestart|p1: 3vtyr|move: Tailwind\n|move|p1b: Skarmory|Iron Head|p2a: Froslass\n|-supereffective|p2a: Froslass|1\n|-damage|p2a: Froslass|0 fnt\n|faint|p2a: Froslass\n|move|p2b: Ninetales|Disable|p1b: Skarmory\n|-start|p1b: Skarmory|Disable|Iron Head\n|\n|-weather|Snowscape|[upkeep]\n|upkeep\n|turn|7\n|-message|CBKreme forfeited.\n|\n|win|3vtyr\n|raw|3vtyr's rating: 1045 &rarr; <strong>1076</strong><br />(+31 for winning)\n|raw|CBKreme's rating: 1023 &rarr; <strong>1010</strong><br />(-13 for losing)\n|l|\u2606CBKreme\n|player|p2|\n",
  "uploadtime": 1776651818,
  "views": 4,
  "formatid": "gen9championsvgc2026regma",
  "rating": 1010,
  "private": 0,
  "password": null
}