{
  "id": "gen9championsvgc2026regma-2583667363",
  "format": "[Gen 9 Champions] VGC 2026 Reg M-A",
  "players": [
    "Mirthinion",
    "Delphichomp"
  ],
  "log": "|j|\u2606Mirthinion\n|j|\u2606Delphichomp\n|t:|1776189828\n|gametype|doubles\n|player|p1|Mirthinion|janitor|1278\n|player|p2|Delphichomp|1|1348\n|gen|9\n|tier|[Gen 9 Champions] VGC 2026 Reg M-A\n|rated|\n|rule|Species Clause: Limit one of each Pok\u00e9mon\n|rule|Item Clause: Limit 1 of each item\n|clearpoke\n|poke|p1|Tyranitar, L50, M|\n|poke|p1|Lycanroc, L50, M|\n|poke|p1|Primarina, L50, F|\n|poke|p1|Corviknight, L50, M|\n|poke|p1|Kommo-o, L50, M|\n|poke|p1|Incineroar, L50, M|\n|poke|p2|Delphox, L50, F|\n|poke|p2|Sneasler, L50, M|\n|poke|p2|Garchomp, L50, M|\n|poke|p2|Kingambit, L50, M|\n|poke|p2|Gyarados, L50, M|\n|poke|p2|Tsareena, L50, F|\n|teampreview|4\n|inactive|Battle timer is ON: inactive players will automatically lose when time's up. (requested by Mirthinion)\nMirthinion rejected open team sheets.\n|inactive|Mirthinion has 60 seconds left.\n|inactive|Delphichomp has 60 seconds left.\n|\n|t:|1776189888\n|teamsize|p1|4\n|teamsize|p2|4\n|start\n|switch|p1a: Corviknight|Corviknight, L50, M|100/100\n|switch|p1b: Primarina|Primarina, L50, F|100/100\n|switch|p2a: Sneasler|Sneasler, L50, M|100/100\n|switch|p2b: Garchomp|Garchomp, L50, M|100/100\n|turn|1\n|inactive|Delphichomp has 30 seconds left.\n|\n|t:|1776189917\n|switch|p1b: Incineroar|Incineroar, L50, M|100/100\n|-ability|p1b: Incineroar|Intimidate|boost\n|-unboost|p2a: Sneasler|atk|1\n|-unboost|p2b: Garchomp|atk|1\n|-enditem|p2a: Sneasler|White Herb\n|-clearnegativeboost|p2a: Sneasler|[silent]\n|move|p2a: Sneasler|Fake Out|p1b: Incineroar\n|-damage|p1b: Incineroar|88/100\n|move|p2b: Garchomp|Swords Dance|p2b: Garchomp\n|-boost|p2b: Garchomp|atk|2\n|move|p1a: Corviknight|Tailwind|p1a: Corviknight\n|-sidestart|p1: Mirthinion|move: Tailwind\n|\n|upkeep\n|turn|2\n|inactive|Delphichomp has 30 seconds left.\n|\n|t:|1776189945\n|switch|p2a: Gyarados|Gyarados, L50, M|100/100\n|-ability|p2a: Gyarados|Intimidate|boost\n|-ability|p1a: Corviknight|Mirror Armor\n|-unboost|p2a: Gyarados|atk|1\n|-unboost|p1b: Incineroar|atk|1\n|move|p1a: Corviknight|Brave Bird|p2a: Gyarados\n|-damage|p2a: Gyarados|55/100\n|-damage|p1a: Corviknight|88/100|[from] Recoil\n|move|p1b: Incineroar|Will-O-Wisp|p2b: Garchomp\n|-status|p2b: Garchomp|brn\n|move|p2b: Garchomp|Earthquake|p1b: Incineroar|[spread] p1b\n|-immune|p2a: Gyarados\n|-immune|p1a: Corviknight\n|-supereffective|p1b: Incineroar|1\n|-damage|p1b: Incineroar|45/100\n|\n|-damage|p2b: Garchomp|94/100 brn|[from] brn\n|upkeep\n|turn|3\n|inactive|Mirthinion has 30 seconds left.\n|inactive|Delphichomp has 30 seconds left.\n|inactive|Delphichomp has 20 seconds left.\n|\n|t:|1776189982\n|move|p2a: Gyarados|Waterfall|p1b: Incineroar\n|-supereffective|p1b: Incineroar|1\n|-damage|p1b: Incineroar|3/100\n|move|p1a: Corviknight|Brave Bird|p2a: Gyarados\n|-damage|p2a: Gyarados|10/100\n|-damage|p1a: Corviknight|75/100|[from] Recoil\n|move|p1b: Incineroar|Parting Shot|p2b: Garchomp\n|-unboost|p2b: Garchomp|atk|1\n|-unboost|p2b: Garchomp|spa|1\n|\n|t:|1776189995\n|switch|p1b: Primarina|Primarina, L50, F|100/100|[from] Parting Shot\n|move|p2b: Garchomp|Swords Dance|p2b: Garchomp\n|-boost|p2b: Garchomp|atk|2\n|\n|-heal|p2b: Garchomp|100/100 brn|[from] item: Leftovers\n|-damage|p2b: Garchomp|94/100 brn|[from] brn\n|upkeep\n|turn|4\n|\n|t:|1776190026\n|switch|p2b: Delphox|Delphox, L50, F|100/100\n|move|p1b: Primarina|Hyper Voice|p2b: Delphox|[spread] p2a,p2b\n|-resisted|p2a: Gyarados|1\n|-supereffective|p2b: Delphox|1\n|-damage|p2a: Gyarados|0 fnt\n|-damage|p2b: Delphox|11/100\n|faint|p2a: Gyarados\n|move|p1a: Corviknight|Roost|p1a: Corviknight\n|-heal|p1a: Corviknight|100/100\n|-singleturn|p1a: Corviknight|move: Roost\n|\n|-sideend|p1: Mirthinion|move: Tailwind\n|upkeep\n|\n|t:|1776190031\n|switch|p2a: Sneasler|Sneasler, L50, M|100/100\n|turn|5\n|inactive|Mirthinion has 30 seconds left.\n|\n|t:|1776190058\n|switch|p1a: Incineroar|Incineroar, L50, M|3/100\n|-ability|p1a: Incineroar|Intimidate|boost\n|-unboost|p2a: Sneasler|atk|1\n|-unboost|p2b: Delphox|atk|1\n|detailschange|p2b: Delphox|Delphox-Mega, L50, F\n|-mega|p2b: Delphox|Delphox|Delphoxite\n|move|p2b: Delphox|Encore||[still]\n|-fail|p2b: Delphox\n|move|p2a: Sneasler|Dire Claw|p1b: Primarina\n|-supereffective|p1b: Primarina|1\n|-damage|p1b: Primarina|27/100\n|move|p1b: Primarina|Psychic|p2a: Sneasler\n|-supereffective|p2a: Sneasler|2\n|-damage|p2a: Sneasler|0 fnt\n|faint|p2a: Sneasler\n|\n|upkeep\n|\n|t:|1776190062\n|switch|p2a: Garchomp|Garchomp, L50, M|94/100 brn\n|turn|6\n|\n|t:|1776190083\n|switch|p1b: Corviknight|Corviknight, L50, M|100/100\n|move|p2b: Delphox|Protect|p2b: Delphox\n|-singleturn|p2b: Delphox|Protect\n|move|p2a: Garchomp|Protect|p2a: Garchomp\n|-singleturn|p2a: Garchomp|Protect\n|move|p1a: Incineroar|Fake Out|p2b: Delphox\n|-activate|p2b: Delphox|move: Protect\n|\n|-heal|p2a: Garchomp|100/100 brn|[from] item: Leftovers\n|-damage|p2a: Garchomp|94/100 brn|[from] brn\n|upkeep\n|turn|7\n|inactive|Delphichomp has 30 seconds left.\n|\n|t:|1776190112\n|move|p2b: Delphox|Heat Wave|p1a: Incineroar|[spread] p1a,p1b\n|-resisted|p1a: Incineroar|1\n|-supereffective|p1b: Corviknight|1\n|-damage|p1a: Incineroar|0 fnt\n|-damage|p1b: Corviknight|35/100\n|-enditem|p1b: Corviknight|Sitrus Berry|[eat]\n|-heal|p1b: Corviknight|60/100|[from] item: Sitrus Berry\n|faint|p1a: Incineroar\n|move|p2a: Garchomp|Swords Dance|p2a: Garchomp\n|-boost|p2a: Garchomp|atk|2\n|move|p1b: Corviknight|Tailwind|p1b: Corviknight\n|-sidestart|p1: Mirthinion|move: Tailwind\n|\n|-heal|p2a: Garchomp|100/100 brn|[from] item: Leftovers\n|-damage|p2a: Garchomp|94/100 brn|[from] brn\n|upkeep\n|\n|t:|1776190129\n|switch|p1a: Primarina|Primarina, L50, F|27/100\n|turn|8\n|\n|t:|1776190136\n|move|p2b: Delphox|Protect|p2b: Delphox\n|-singleturn|p2b: Delphox|Protect\n|move|p2a: Garchomp|Protect|p2a: Garchomp\n|-singleturn|p2a: Garchomp|Protect\n|move|p1a: Primarina|Moonblast|p2a: Garchomp\n|-activate|p2a: Garchomp|move: Protect\n|move|p1b: Corviknight|Brave Bird|p2b: Delphox\n|-activate|p2b: Delphox|move: Protect\n|\n|-heal|p2a: Garchomp|100/100 brn|[from] item: Leftovers\n|-damage|p2a: Garchomp|94/100 brn|[from] brn\n|upkeep\n|turn|9\n|-activate|p1a: Primarina|item: Quick Claw\n|\n|t:|1776190153\n|move|p2b: Delphox|Protect|p2b: Delphox\n|-singleturn|p2b: Delphox|Protect\n|move|p1a: Primarina|Moonblast|p2a: Garchomp\n|-supereffective|p2a: Garchomp|1\n|-damage|p2a: Garchomp|5/100 brn\n|move|p1b: Corviknight|Brave Bird|p2b: Delphox\n|-activate|p2b: Delphox|move: Protect\n|move|p2a: Garchomp|Earthquake|p1b: Corviknight|[spread] p1a\n|-activate|p2b: Delphox|move: Protect\n|-immune|p1b: Corviknight\n|-damage|p1a: Primarina|0 fnt\n|faint|p1a: Primarina\n|\n|-heal|p2a: Garchomp|11/100 brn|[from] item: Leftovers\n|-damage|p2a: Garchomp|5/100 brn|[from] brn\n|upkeep\n|\n|t:|1776190170\n|switch|p1a: Lycanroc|Lycanroc, L50, M|100/100\n|turn|10\n|\n|t:|1776190180\n|move|p2b: Delphox|Protect||[still]\n|-fail|p2b: Delphox\n|move|p2a: Garchomp|Protect|p2a: Garchomp\n|-singleturn|p2a: Garchomp|Protect\n|move|p1a: Lycanroc|Accelerock|p2b: Delphox\n|-supereffective|p2b: Delphox|1\n|-damage|p2b: Delphox|0 fnt\n|faint|p2b: Delphox\n|move|p1b: Corviknight|Brave Bird|p2a: Garchomp\n|-activate|p2a: Garchomp|move: Protect\n|\n|-heal|p2a: Garchomp|11/100 brn|[from] item: Leftovers\n|-damage|p2a: Garchomp|5/100 brn|[from] brn\n|-sideend|p1: Mirthinion|move: Tailwind\n|upkeep\n|turn|11\n|\n|t:|1776190195\n|move|p1a: Lycanroc|Accelerock|p2a: Garchomp\n|-resisted|p2a: Garchomp|1\n|-damage|p2a: Garchomp|0 fnt\n|-damage|p1a: Lycanroc|88/100|[from] ability: Rough Skin|[of] p2a: Garchomp\n|faint|p2a: Garchomp\n|\n|win|Mirthinion\n|raw|Mirthinion's rating: 1278 &rarr; <strong>1308</strong><br />(+30 for winning)\n|raw|Delphichomp's rating: 1348 &rarr; <strong>1324</strong><br />(-24 for losing)\n",
  "uploadtime": 1776190203,
  "views": 62,
  "formatid": "gen9championsvgc2026regma",
  "rating": 1308,
  "private": 0,
  "password": null
}