{
  "id": "gen9championsvgc2026regma-2583081412",
  "format": "[Gen 9 Champions] VGC 2026 Reg M-A",
  "players": [
    "spurr12",
    "lilyflows"
  ],
  "log": "|j|\u2606spurr12\n|j|\u2606lilyflows\n|t:|1776139871\n|gametype|doubles\n|player|p1|spurr12|102|1022\n|player|p2|lilyflows|266|1102\n|gen|9\n|tier|[Gen 9 Champions] VGC 2026 Reg M-A\n|rated|\n|rule|Species Clause: Limit one of each Pok\u00e9mon\n|rule|Item Clause: Limit 1 of each item\n|clearpoke\n|poke|p1|Crabominable, L50, F|\n|poke|p1|Rotom-Wash, L50|\n|poke|p1|Sinistcha, L50|\n|poke|p1|Incineroar, L50, F|\n|poke|p1|Farigiraf, L50, F|\n|poke|p1|Ninetales-Alola, L50, F|\n|poke|p2|Floette-Eternal, L50, F|\n|poke|p2|Incineroar, L50, M|\n|poke|p2|Ninetales-Alola, L50, M|\n|poke|p2|Aerodactyl, L50, F|\n|poke|p2|Sinistcha, L50|\n|poke|p2|Delphox, L50, F|\n|teampreview|4\n|c|\u2606lilyflows|gl\n|c|\u2606spurr12|Gl\n|\n|t:|1776139908\n|teamsize|p1|4\n|teamsize|p2|4\n|start\n|switch|p1a: Rotom|Rotom-Wash, L50|100/100\n|switch|p1b: Sinistcha|Sinistcha, L50|100/100\n|switch|p2a: Aerodactyl|Aerodactyl, L50, F|100/100\n|switch|p2b: Incineroar|Incineroar, L50, M|100/100\n|-ability|p2a: Aerodactyl|Unnerve\n|-ability|p2b: Incineroar|Intimidate|boost\n|-unboost|p1a: Rotom|atk|1\n|-unboost|p1b: Sinistcha|atk|1\n|turn|1\n|inactive|Battle timer is ON: inactive players will automatically lose when time's up. (requested by spurr12)\n|inactive|spurr12 has 60 seconds left.\n|\n|t:|1776139962\n|switch|p1a: Farigiraf|Farigiraf, L50, F|100/100\n|move|p2b: Incineroar|Fake Out|p1a: Farigiraf\n|-damage|p1a: Farigiraf|86/100\n|move|p2a: Aerodactyl|Tailwind|p2a: Aerodactyl\n|-sidestart|p2: lilyflows|move: Tailwind\n|move|p1b: Sinistcha|Trick Room|p1b: Sinistcha\n|-fieldstart|move: Trick Room|[of] p1b: Sinistcha\n|\n|upkeep\n|turn|2\n|inactive|spurr12 has 30 seconds left.\n|\n|t:|1776139988\n|switch|p1a: Crabominable|Crabominable, L50, F|100/100\n|move|p1b: Sinistcha|Protect|p1b: Sinistcha\n|-singleturn|p1b: Sinistcha|Protect\n|move|p2b: Incineroar|Darkest Lariat|p1a: Crabominable\n|-resisted|p1a: Crabominable|1\n|-damage|p1a: Crabominable|80/100\n|move|p2a: Aerodactyl|Dual Wingbeat|p1b: Sinistcha\n|-activate|p1b: Sinistcha|move: Protect\n|\n|upkeep\n|turn|3\n|inactive|spurr12 has 30 seconds left.\n|inactive|spurr12 has 20 seconds left.\n|\n|t:|1776140027\n|move|p2a: Aerodactyl|Protect|p2a: Aerodactyl\n|-singleturn|p2a: Aerodactyl|Protect\n|move|p1a: Crabominable|Bulk Up|p1a: Crabominable\n|-boost|p1a: Crabominable|atk|1\n|-boost|p1a: Crabominable|def|1\n|move|p1b: Sinistcha|Matcha Gotcha|p2a: Aerodactyl|[spread] p2b\n|-activate|p2a: Aerodactyl|move: Protect\n|-resisted|p2b: Incineroar|1\n|-damage|p2b: Incineroar|88/100\n|move|p2b: Incineroar|Flare Blitz|p1a: Crabominable\n|-supereffective|p1a: Crabominable|1\n|-damage|p1a: Crabominable|7/100\n|-status|p1a: Crabominable|brn\n|-damage|p2b: Incineroar|63/100|[from] Recoil\n|\n|-damage|p1a: Crabominable|1/100 brn|[from] brn\n|upkeep\n|turn|4\n|inactive|lilyflows has 30 seconds left.\n|\n|t:|1776140059\n|switch|p1b: Farigiraf|Farigiraf, L50, F|86/100\n|move|p1a: Crabominable|Drain Punch|p2b: Incineroar\n|-supereffective|p2b: Incineroar|1\n|-damage|p2b: Incineroar|0 fnt\n|-heal|p1a: Crabominable|32/100 brn|[from] drain|[of] p2b: Incineroar\n|faint|p2b: Incineroar\n|move|p2a: Aerodactyl|Dual Wingbeat|p1b: Farigiraf\n|-damage|p1b: Farigiraf|64/100\n|-damage|p1b: Farigiraf|44/100\n|-hitcount|p1b: Farigiraf|2\n|\n|-damage|p1a: Crabominable|25/100 brn|[from] brn\n|-sideend|p2: lilyflows|move: Tailwind\n|upkeep\n|\n|t:|1776140073\n|switch|p2b: Sinistcha|Sinistcha, L50|100/100\n|turn|5\n|\n|t:|1776140089\n|switch|p1b: Sinistcha|Sinistcha, L50|100/100\n|-heal|p1a: Crabominable|50/100 brn|[from] ability: Hospitality|[of] p1b: Sinistcha\n|move|p2a: Aerodactyl|Protect|p2a: Aerodactyl\n|-singleturn|p2a: Aerodactyl|Protect\n|move|p1a: Crabominable|Ice Hammer|p2b: Sinistcha\n|-supereffective|p2b: Sinistcha|1\n|-damage|p2b: Sinistcha|14/100\n|-unboost|p1a: Crabominable|spe|1\n|move|p2b: Sinistcha|Matcha Gotcha|p1a: Crabominable|[spread] p1a\n|-miss|p2b: Sinistcha|p1b: Sinistcha\n|-damage|p1a: Crabominable|19/100 brn\n|-heal|p2b: Sinistcha|34/100|[from] drain|[of] p1a: Crabominable\n|\n|-damage|p1a: Crabominable|13/100 brn|[from] brn\n|-fieldend|move: Trick Room\n|upkeep\n|turn|6\n|inactive|spurr12 has 30 seconds left.\n|inactive|lilyflows has 30 seconds left.\n|inactive|spurr12 has 20 seconds left.\n|inactive|spurr12 has 15 seconds left.\n|inactive|spurr12 has 10 seconds left.\n|inactive|spurr12 has 5 seconds left.\n|\n|t:|1776140140\n|detailschange|p1a: Crabominable|Crabominable-Mega, L50, F\n|-mega|p1a: Crabominable|Crabominable|Crabominite\n|move|p1a: Crabominable|Mach Punch|p2a: Aerodactyl\n|-damage|p2a: Aerodactyl|64/100\n|move|p2a: Aerodactyl|Dual Wingbeat|p1b: Sinistcha\n|-supereffective|p1b: Sinistcha|1\n|-damage|p1b: Sinistcha|68/100\n|-supereffective|p1b: Sinistcha|1\n|-damage|p1b: Sinistcha|38/100\n|-hitcount|p1b: Sinistcha|2\n|move|p2b: Sinistcha|Night Shade|p1b: Sinistcha\n|-damage|p1b: Sinistcha|5/100\n|move|p1b: Sinistcha|Matcha Gotcha|p2b: Sinistcha|[spread] p2a,p2b\n|-resisted|p2b: Sinistcha|1\n|-damage|p2a: Aerodactyl|32/100\n|-heal|p1b: Sinistcha|22/100|[from] drain|[of] p2a: Aerodactyl\n|-damage|p2b: Sinistcha|20/100\n|-heal|p1b: Sinistcha|30/100|[from] drain|[of] p2b: Sinistcha\n|-status|p2b: Sinistcha|brn\n|-enditem|p2b: Sinistcha|Lum Berry|[eat]\n|-curestatus|p2b: Sinistcha|brn|[msg]\n|\n|-damage|p1a: Crabominable|7/100 brn|[from] brn\n|upkeep\n|turn|7\n|inactive|spurr12 has 30 seconds left.\n|\n|t:|1776140168\n|move|p1b: Sinistcha|Protect|p1b: Sinistcha\n|-singleturn|p1b: Sinistcha|Protect\n|move|p2b: Sinistcha|Rage Powder|p2b: Sinistcha\n|-singleturn|p2b: Sinistcha|move: Rage Powder\n|move|p1a: Crabominable|Mach Punch|p2b: Sinistcha\n|-immune|p2b: Sinistcha\n|move|p2a: Aerodactyl|Dual Wingbeat|p1b: Sinistcha\n|-activate|p1b: Sinistcha|move: Protect\n|\n|-damage|p1a: Crabominable|0 fnt|[from] brn\n|faint|p1a: Crabominable\n|upkeep\n|\n|t:|1776140175\n|switch|p1a: Rotom|Rotom-Wash, L50|100/100\n|turn|8\n|inactive|lilyflows has 30 seconds left.\n|\n|t:|1776140203\n|move|p2a: Aerodactyl|Dual Wingbeat|p1b: Sinistcha\n|-supereffective|p1b: Sinistcha|1\n|-crit|p1b: Sinistcha\n|-damage|p1b: Sinistcha|0 fnt\n|faint|p1b: Sinistcha\n|-hitcount|p1: Sinistcha|1\n|move|p1a: Rotom|Volt Switch|p2a: Aerodactyl\n|-supereffective|p2a: Aerodactyl|1\n|-damage|p2a: Aerodactyl|0 fnt\n|faint|p2a: Aerodactyl\n|\n|t:|1776140211\n|switch|p1a: Farigiraf|Farigiraf, L50, F|44/100|[from] Volt Switch\n|move|p2b: Sinistcha|Matcha Gotcha|p1a: Farigiraf\n|-crit|p1a: Farigiraf\n|-damage|p1a: Farigiraf|1/100\n|-heal|p2b: Sinistcha|48/100|[from] drain|[of] p1a: Farigiraf\n|\n|upkeep\n|\n|t:|1776140221\n|switch|p2a: Delphox|Delphox, L50, F|100/100\n|switch|p1b: Rotom|Rotom-Wash, L50|100/100\n|turn|9\n|inactive|spurr12 has 30 seconds left.\n|inactive|spurr12 has 20 seconds left.\n|\n|t:|1776140260\n|detailschange|p2a: Delphox|Delphox-Mega, L50, F\n|-mega|p2a: Delphox|Delphox|Delphoxite\n|move|p2b: Sinistcha|Rage Powder|p2b: Sinistcha\n|-singleturn|p2b: Sinistcha|move: Rage Powder\n|move|p1b: Rotom|Hydro Pump|p2b: Sinistcha\n|-resisted|p2b: Sinistcha|1\n|-damage|p2b: Sinistcha|18/100\n|move|p2a: Delphox|Heat Wave|p1a: Farigiraf|[spread] p1a,p1b\n|-resisted|p1b: Rotom|1\n|-damage|p1a: Farigiraf|0 fnt\n|-damage|p1b: Rotom|66/100\n|faint|p1a: Farigiraf\n|\n|upkeep\n|turn|10\n|\n|t:|1776140275\n|move|p1b: Rotom|Hydro Pump|p2a: Delphox\n|-supereffective|p2a: Delphox|1\n|-damage|p2a: Delphox|0 fnt\n|faint|p2a: Delphox\n|move|p2b: Sinistcha|Matcha Gotcha|p1b: Rotom\n|-supereffective|p1b: Rotom|1\n|-damage|p1b: Rotom|0 fnt\n|-heal|p2b: Sinistcha|46/100|[from] drain|[of] p1b: Rotom\n|faint|p1b: Rotom\n|\n|win|lilyflows\n|raw|spurr12's rating: 1022 &rarr; <strong>1012</strong><br />(-10 for losing)\n|raw|lilyflows's rating: 1102 &rarr; <strong>1121</strong><br />(+19 for winning)\n|l|\u2606spurr12\n|player|p1|\n",
  "uploadtime": 1776140285,
  "views": 30,
  "formatid": "gen9championsvgc2026regma",
  "rating": 1012,
  "private": 0,
  "password": null
}