{
  "id": "gen9championsvgc2026regma-2585850937",
  "format": "[Gen 9 Champions] VGC 2026 Reg M-A",
  "players": [
    "gemd6",
    "newbie999999"
  ],
  "log": "|j|\u2606gemd6\n|j|\u2606newbie999999\n|t:|1776375468\n|gametype|doubles\n|player|p1|gemd6|169|1000\n|player|p2|newbie999999|170|1000\n|gen|9\n|tier|[Gen 9 Champions] VGC 2026 Reg M-A\n|rated|\n|rule|Species Clause: Limit one of each Pok\u00e9mon\n|rule|Item Clause: Limit 1 of each item\n|clearpoke\n|poke|p1|Starmie, L50|\n|poke|p1|Garchomp, L50, F|\n|poke|p1|Tyranitar, L50, F|\n|poke|p1|Rotom-Heat, L50|\n|poke|p1|Aegislash, L50, F|\n|poke|p1|Aerodactyl, L50, F|\n|poke|p2|Hawlucha, L50, M|\n|poke|p2|Krookodile, L50, M|\n|poke|p2|Gengar, L50, M|\n|poke|p2|Sinistcha, L50|\n|poke|p2|Gliscor, L50, M|\n|poke|p2|Sandaconda, L50, M|\n|teampreview|4\n|\n|t:|1776375536\n|teamsize|p1|4\n|teamsize|p2|4\n|start\n|switch|p1a: Starmie|Starmie, L50|100/100\n|switch|p1b: Garchomp|Garchomp, L50, F|100/100\n|switch|p2a: Sinistcha|Sinistcha, L50, shiny|100/100\n|switch|p2b: Gliscor|Gliscor, L50, M, shiny|100/100\n|turn|1\n|\n|t:|1776375566\n|detailschange|p1a: Starmie|Starmie-Mega, L50\n|-mega|p1a: Starmie|Starmie|Starminite\n|move|p1a: Starmie|Liquidation|p2b: Gliscor\n|-supereffective|p2b: Gliscor|1\n|-enditem|p2b: Gliscor|Focus Sash\n|-damage|p2b: Gliscor|1/100\n|move|p1b: Garchomp|Dragon Claw|p2a: Sinistcha\n|-damage|p2a: Sinistcha|67/100\n|move|p2b: Gliscor|Toxic Spikes|p1b: Garchomp\n|-sidestart|p1: gemd6|move: Toxic Spikes\n|move|p2a: Sinistcha|Matcha Gotcha|p1a: Starmie|[spread] p1a,p1b\n|-supereffective|p1a: Starmie|1\n|-damage|p1a: Starmie|44/100\n|-heal|p2a: Sinistcha|89/100|[from] drain|[of] p1a: Starmie\n|-damage|p1b: Garchomp|75/100\n|-heal|p2a: Sinistcha|100/100|[from] drain|[of] p1b: Garchomp\n|-status|p1a: Starmie|brn\n|\n|-damage|p1a: Starmie|38/100 brn|[from] brn\n|upkeep\n|turn|2\n|\n|t:|1776375594\n|move|p2b: Gliscor|Protect|p2b: Gliscor\n|-singleturn|p2b: Gliscor|Protect\n|move|p1a: Starmie|Skill Swap|p1b: Garchomp\n|-activate|p1a: Starmie|Skill Swap|||[of] p1b: Garchomp\n|move|p1b: Garchomp|Dragon Claw|p2b: Gliscor\n|-activate|p2b: Gliscor|move: Protect\n|move|p2a: Sinistcha|Matcha Gotcha|p1b: Garchomp|[spread] \n|-miss|p2a: Sinistcha|p1a: Starmie\n|-miss|p2a: Sinistcha|p1b: Garchomp\n|\n|-damage|p1a: Starmie|32/100 brn|[from] brn\n|upkeep\n|turn|3\n|\n|t:|1776375638\n|move|p1a: Starmie|Liquidation|p2b: Gliscor\n|-supereffective|p2b: Gliscor|1\n|-damage|p2b: Gliscor|0 fnt\n|faint|p2b: Gliscor\n|move|p1b: Garchomp|Dragon Claw|p2a: Sinistcha\n|-damage|p2a: Sinistcha|42/100\n|move|p2a: Sinistcha|Matcha Gotcha|p1a: Starmie|[spread] p1a,p1b\n|-supereffective|p1a: Starmie|1\n|-damage|p1a: Starmie|0 fnt\n|-heal|p2a: Sinistcha|54/100|[from] drain|[of] p1a: Starmie\n|-damage|p1b: Garchomp|49/100\n|-heal|p2a: Sinistcha|67/100|[from] drain|[of] p1b: Garchomp\n|faint|p1a: Starmie\n|\n|upkeep\n|\n|t:|1776375660\n|switch|p1a: Tyranitar|Tyranitar, L50, F|100/100\n|switch|p2b: Sandaconda|Sandaconda, L50, M, shiny|100/100\n|-status|p1a: Tyranitar|psn\n|-weather|Sandstorm|[from] ability: Sand Stream|[of] p1a: Tyranitar\n|turn|4\n|\n|t:|1776375701\n|move|p1a: Tyranitar|Knock Off|p2a: Sinistcha\n|-supereffective|p2a: Sinistcha|1\n|-damage|p2a: Sinistcha|0 fnt\n|-enditem|p2a: Sinistcha|Mental Herb|[from] move: Knock Off|[of] p1a: Tyranitar\n|faint|p2a: Sinistcha\n|move|p1b: Garchomp|Dragon Claw|p2b: Sandaconda|[miss]\n|-miss|p1b: Garchomp|p2b: Sandaconda\n|move|p2b: Sandaconda|Minimize|p2b: Sandaconda\n|-boost|p2b: Sandaconda|evasion|2\n|\n|-weather|Sandstorm|[upkeep]\n|-damage|p1a: Tyranitar|88/100 psn|[from] psn\n|upkeep\n|\n|t:|1776375715\n|switch|p2a: Gengar|Gengar, L50, M, shiny|100/100\n|turn|5\n|\n|t:|1776375727\n|move|p2a: Gengar|Protect|p2a: Gengar\n|-singleturn|p2a: Gengar|Protect\n|move|p1b: Garchomp|Protect|p1b: Garchomp\n|-singleturn|p1b: Garchomp|Protect\n|move|p1a: Tyranitar|Knock Off|p2a: Gengar\n|-activate|p2a: Gengar|move: Protect\n|move|p2b: Sandaconda|Minimize|p2b: Sandaconda\n|-boost|p2b: Sandaconda|evasion|2\n|\n|-weather|Sandstorm|[upkeep]\n|-damage|p2a: Gengar|95/100|[from] Sandstorm\n|-damage|p1a: Tyranitar|76/100 psn|[from] psn\n|upkeep\n|turn|6\n|\n|t:|1776375746\n|detailschange|p2a: Gengar|Gengar-Mega, L50, M, shiny\n|-mega|p2a: Gengar|Gengar|Gengarite\n|move|p2a: Gengar|Psych Up|p2b: Sandaconda\n|-copyboost|p2a: Gengar|p2b: Sandaconda|[from] move: Psych Up\n|move|p1a: Tyranitar|Knock Off|p2a: Gengar|[miss]\n|-miss|p1a: Tyranitar|p2a: Gengar\n|move|p1b: Garchomp|Stomping Tantrum|p2b: Sandaconda|[miss]\n|-miss|p1b: Garchomp|p2b: Sandaconda\n|move|p2b: Sandaconda|Minimize|p2b: Sandaconda\n|-boost|p2b: Sandaconda|evasion|2\n|\n|-weather|Sandstorm|[upkeep]\n|-damage|p2a: Gengar|89/100|[from] Sandstorm\n|-damage|p1a: Tyranitar|63/100 psn|[from] psn\n|upkeep\n|turn|7\n|\n|t:|1776375771\n|move|p2a: Gengar|Hex|p1b: Garchomp\n|-damage|p1b: Garchomp|2/100\n|move|p1a: Tyranitar|Knock Off|p2a: Gengar\n|-supereffective|p2a: Gengar|1\n|-damage|p2a: Gengar|0 fnt\n|faint|p2a: Gengar\n|move|p1b: Garchomp|Dragon Claw|p2b: Sandaconda|[miss]\n|-miss|p1b: Garchomp|p2b: Sandaconda\n|move|p2b: Sandaconda|Body Press|p1a: Tyranitar\n|-supereffective|p1a: Tyranitar|2\n|-damage|p1a: Tyranitar|0 fnt\n|faint|p1a: Tyranitar\n|\n|-weather|Sandstorm|[upkeep]\n|upkeep\n|\n|t:|1776375780\n|switch|p1a: Rotom|Rotom-Heat, L50|100/100\n|turn|8\n|\n|t:|1776375797\n|move|p1a: Rotom|Helping Hand|p1b: Garchomp\n|-singleturn|p1b: Garchomp|Helping Hand|[of] p1a: Rotom\n|move|p1b: Garchomp|Earthquake|p2b: Sandaconda|[spread] \n|-immune|p1a: Rotom|[from] ability: Levitate\n|-miss|p1b: Garchomp|p2b: Sandaconda\n|move|p2b: Sandaconda|Body Press|p1b: Garchomp\n|-damage|p1b: Garchomp|0 fnt\n|faint|p1b: Garchomp\n|\n|-weather|none\n|upkeep\n|turn|9\n|\n|t:|1776375819\n|move|p1a: Rotom|Overheat|p2b: Sandaconda|[miss]\n|-miss|p1a: Rotom|p2b: Sandaconda\n|move|p2b: Sandaconda|Sandstorm|p2b: Sandaconda\n|-weather|Sandstorm\n|\n|-weather|Sandstorm|[upkeep]\n|-damage|p1a: Rotom|95/100|[from] Sandstorm\n|upkeep\n|turn|10\n|\n|t:|1776375828\n|move|p1a: Rotom|Overheat|p2b: Sandaconda|[miss]\n|-miss|p1a: Rotom|p2b: Sandaconda\n|move|p2b: Sandaconda|Body Press|p1a: Rotom\n|-damage|p1a: Rotom|62/100\n|\n|-weather|Sandstorm|[upkeep]\n|-damage|p1a: Rotom|57/100|[from] Sandstorm\n|upkeep\n|turn|11\n|\n|t:|1776375841\n|move|p1a: Rotom|Overheat|p2b: Sandaconda|[miss]\n|-miss|p1a: Rotom|p2b: Sandaconda\n|move|p2b: Sandaconda|Body Press|p1a: Rotom\n|-damage|p1a: Rotom|23/100\n|-enditem|p1a: Rotom|Sitrus Berry|[eat]\n|-heal|p1a: Rotom|48/100|[from] item: Sitrus Berry\n|\n|-weather|Sandstorm|[upkeep]\n|-damage|p1a: Rotom|43/100|[from] Sandstorm\n|upkeep\n|turn|12\n|\n|t:|1776375853\n|move|p1a: Rotom|Overheat|p2b: Sandaconda|[miss]\n|-miss|p1a: Rotom|p2b: Sandaconda\n|move|p2b: Sandaconda|Body Press|p1a: Rotom\n|-damage|p1a: Rotom|13/100\n|\n|-weather|Sandstorm|[upkeep]\n|-damage|p1a: Rotom|8/100|[from] Sandstorm\n|upkeep\n|turn|13\n|\n|t:|1776375863\n|move|p1a: Rotom|Overheat|p2b: Sandaconda|[miss]\n|-miss|p1a: Rotom|p2b: Sandaconda\n|move|p2b: Sandaconda|Body Press|p1a: Rotom\n|-damage|p1a: Rotom|0 fnt\n|faint|p1a: Rotom\n|\n|win|newbie999999\n|raw|gemd6's rating: 1000 &rarr; <strong>1000</strong><br />(+0 for losing)\n|raw|newbie999999's rating: 1000 &rarr; <strong>1040</strong><br />(+40 for winning)\n",
  "uploadtime": 1776375922,
  "views": 33,
  "formatid": "gen9championsvgc2026regma",
  "rating": 1000,
  "private": 0,
  "password": null
}