{
  "id": "gen9championsvgc2026regma-2586916666",
  "format": "[Gen 9 Champions] VGC 2026 Reg M-A",
  "players": [
    "DoctorGrizzman",
    "Lizardons"
  ],
  "log": "|j|\u2606DoctorGrizzman\n|j|\u2606Lizardons\n|t:|1776471546\n|gametype|doubles\n|player|p1|DoctorGrizzman|cynthia|1362\n|player|p2|Lizardons|pokemaniac|1425\n|gen|9\n|tier|[Gen 9 Champions] VGC 2026 Reg M-A\n|rated|\n|rule|Species Clause: Limit one of each Pok\u00e9mon\n|rule|Item Clause: Limit 1 of each item\n|clearpoke\n|poke|p1|Runerigus, L50, F|\n|poke|p1|Ampharos, L50, M|\n|poke|p1|Primarina, L50, F|\n|poke|p1|Chimecho, L50, M|\n|poke|p1|Rhyperior, L50, M|\n|poke|p1|Sinistcha, L50|\n|poke|p2|Charizard, L50, M|\n|poke|p2|Goodra-Hisui, L50, F|\n|poke|p2|Milotic, L50, F|\n|poke|p2|Sinistcha, L50|\n|poke|p2|Aerodactyl, L50, M|\n|poke|p2|Mamoswine, L50, M|\n|teampreview|4\n|inactive|Battle timer is ON: inactive players will automatically lose when time's up. (requested by Lizardons)\n|\n|t:|1776471586\n|teamsize|p1|4\n|teamsize|p2|4\n|start\n|switch|p1a: Sinistcha|Sinistcha, L50|100/100\n|switch|p1b: Primarina|Primarina, L50, F|100/100\n|switch|p2a: Blueberry|Goodra-Hisui, L50, F|100/100\n|switch|p2b: Zippo|Charizard, L50, M, shiny|100/100\n|turn|1\n|\n|t:|1776471606\n|detailschange|p2b: Zippo|Charizard-Mega-Y, L50, M, shiny\n|-mega|p2b: Zippo|Charizard|Charizardite Y\n|-weather|SunnyDay|[from] ability: Drought|[of] p2b: Zippo\n|move|p2b: Zippo|Weather Ball|p1a: Sinistcha\n|-supereffective|p1a: Sinistcha|1\n|-enditem|p1a: Sinistcha|Occa Berry|[eat]\n|-enditem|p1a: Sinistcha|Occa Berry|[weaken]\n|-damage|p1a: Sinistcha|56/100\n|move|p2a: Blueberry|Thunderbolt|p1b: Primarina\n|-supereffective|p1b: Primarina|1\n|-damage|p1b: Primarina|41/100\n|move|p1b: Primarina|Moonblast|p2a: Blueberry\n|-damage|p2a: Blueberry|66/100\n|move|p1a: Sinistcha|Trick Room|p1a: Sinistcha\n|-fieldstart|move: Trick Room|[of] p1a: Sinistcha\n|\n|-weather|SunnyDay|[upkeep]\n|-heal|p1b: Primarina|47/100|[from] item: Leftovers\n|upkeep\n|turn|2\n|inactive|Lizardons has 30 seconds left.\n|\n|t:|1776471633\n|move|p1a: Sinistcha|Strength Sap|p2a: Blueberry\n|-ability|p2a: Blueberry|Sap Sipper|boost\n|-boost|p2a: Blueberry|atk|1\n|move|p1b: Primarina|Moonblast|p2a: Blueberry\n|-damage|p2a: Blueberry|27/100\n|-enditem|p2a: Blueberry|Sitrus Berry|[eat]\n|-heal|p2a: Blueberry|52/100|[from] item: Sitrus Berry\n|move|p2a: Blueberry|Ice Beam|p1a: Sinistcha\n|-supereffective|p1a: Sinistcha|1\n|-damage|p1a: Sinistcha|0 fnt\n|faint|p1a: Sinistcha\n|move|p2b: Zippo|Heat Wave|p1b: Primarina\n|-resisted|p1b: Primarina|1\n|-damage|p1b: Primarina|4/100\n|\n|-weather|SunnyDay|[upkeep]\n|-heal|p1b: Primarina|10/100|[from] item: Leftovers\n|upkeep\n|\n|t:|1776471646\n|switch|p1a: Rhyperior|Rhyperior, L50, M|100/100\n|turn|3\n|\n|t:|1776471661\n|move|p2a: Blueberry|Protect|p2a: Blueberry\n|-singleturn|p2a: Blueberry|Protect\n|move|p2b: Zippo|Protect|p2b: Zippo\n|-singleturn|p2b: Zippo|Protect\n|move|p1a: Rhyperior|Rock Slide|p2a: Blueberry|[spread] \n|-activate|p2a: Blueberry|move: Protect\n|-activate|p2b: Zippo|move: Protect\n|move|p1b: Primarina|Moonblast|p2a: Blueberry\n|-activate|p2a: Blueberry|move: Protect\n|\n|-weather|SunnyDay|[upkeep]\n|-heal|p1b: Primarina|16/100|[from] item: Leftovers\n|upkeep\n|turn|4\n|\n|t:|1776471678\n|switch|p2b: Starbucks|Sinistcha, L50|100/100\n|-heal|p2a: Blueberry|77/100|[from] ability: Hospitality|[of] p2b: Starbucks\n|move|p1a: Rhyperior|Rock Slide|p2b: Starbucks|[spread] p2a,p2b\n|-resisted|p2a: Blueberry|1\n|-damage|p2a: Blueberry|59/100\n|-damage|p2b: Starbucks|75/100\n|move|p1b: Primarina|Moonblast|p2a: Blueberry\n|-damage|p2a: Blueberry|23/100\n|move|p2a: Blueberry|Flash Cannon|p1b: Primarina\n|-damage|p1b: Primarina|0 fnt\n|faint|p1b: Primarina\n|\n|-weather|SunnyDay|[upkeep]\n|upkeep\n|\n|t:|1776471689\n|switch|p1b: Ampharos|Ampharos, L50, M|100/100\n|turn|5\n|\n|t:|1776471705\n|switch|p2b: Sabrina|Milotic, L50, F, shiny|100/100\n|detailschange|p1b: Ampharos|Ampharos-Mega, L50, M\n|-mega|p1b: Ampharos|Ampharos|Ampharosite\n|-ability|p1b: Ampharos|Mold Breaker\n|move|p2a: Blueberry|Protect|p2a: Blueberry\n|-singleturn|p2a: Blueberry|Protect\n|move|p1a: Rhyperior|Poison Jab|p2b: Sabrina\n|-damage|p2b: Sabrina|75/100\n|move|p1b: Ampharos|Dragon Pulse|p2a: Blueberry\n|-activate|p2a: Blueberry|move: Protect\n|\n|-weather|none\n|-heal|p2b: Sabrina|81/100|[from] item: Leftovers\n|-fieldend|move: Trick Room\n|upkeep\n|turn|6\n|\n|t:|1776471728\n|move|p1b: Ampharos|Protect|p1b: Ampharos\n|-singleturn|p1b: Ampharos|Protect\n|move|p2b: Sabrina|Life Dew|p2b: Sabrina|[spread] p2a,p2b\n|-heal|p2a: Blueberry|48/100\n|-heal|p2b: Sabrina|100/100\n|move|p2a: Blueberry|Flash Cannon|p1a: Rhyperior\n|-supereffective|p1a: Rhyperior|1\n|-damage|p1a: Rhyperior|28/100\n|move|p1a: Rhyperior|Earthquake|p2b: Sabrina|[spread] p2a,p2b\n|-activate|p1b: Ampharos|move: Protect\n|-supereffective|p2a: Blueberry|1\n|-damage|p2a: Blueberry|0 fnt\n|-damage|p2b: Sabrina|66/100\n|faint|p2a: Blueberry\n|\n|-heal|p2b: Sabrina|72/100|[from] item: Leftovers\n|upkeep\n|\n|t:|1776471743\n|switch|p2a: Starbucks|Sinistcha, L50|75/100\n|-heal|p2b: Sabrina|97/100|[from] ability: Hospitality|[of] p2a: Starbucks\n|turn|7\n|\n|t:|1776471763\n|move|p1a: Rhyperior|Protect|p1a: Rhyperior\n|-singleturn|p1a: Rhyperior|Protect\n|move|p2b: Sabrina|Icy Wind|p1a: Rhyperior|[spread] p1b\n|-activate|p1a: Rhyperior|move: Protect\n|-supereffective|p1b: Ampharos|1\n|-damage|p1b: Ampharos|84/100\n|-unboost|p1b: Ampharos|spe|1\n|move|p2a: Starbucks|Matcha Gotcha|p1b: Ampharos|[spread] p1b\n|-activate|p1a: Rhyperior|move: Protect\n|-resisted|p1b: Ampharos|1\n|-damage|p1b: Ampharos|75/100\n|-heal|p2a: Starbucks|80/100|[from] drain|[of] p1b: Ampharos\n|-status|p1b: Ampharos|brn\n|move|p1b: Ampharos|Dragon Pulse|p2a: Starbucks\n|-damage|p2a: Starbucks|26/100\n|\n|-heal|p2b: Sabrina|100/100|[from] item: Leftovers\n|-damage|p1b: Ampharos|69/100 brn|[from] brn\n|upkeep\n|turn|8\n|\n|t:|1776471783\n|move|p2b: Sabrina|Life Dew||[still]|[spread] p2a,p2b\n|-heal|p2a: Starbucks|51/100\n|-fail|p2b: Sabrina|heal\n|move|p2a: Starbucks|Matcha Gotcha|p1b: Ampharos|[spread] p1a,p1b\n|-supereffective|p1a: Rhyperior|2\n|-resisted|p1b: Ampharos|1\n|-crit|p1b: Ampharos\n|-damage|p1a: Rhyperior|0 fnt\n|-heal|p2a: Starbucks|67/100|[from] drain|[of] p1a: Rhyperior\n|-damage|p1b: Ampharos|54/100 brn\n|-heal|p2a: Starbucks|76/100|[from] drain|[of] p1b: Ampharos\n|faint|p1a: Rhyperior\n|move|p1b: Ampharos|Parabolic Charge|p2a: Starbucks|[spread] p2a,p2b\n|-resisted|p2a: Starbucks|1\n|-supereffective|p2b: Sabrina|1\n|-damage|p2a: Starbucks|60/100\n|-heal|p1b: Ampharos|61/100 brn|[from] drain|[of] p2a: Starbucks\n|-damage|p2b: Sabrina|56/100\n|-heal|p1b: Ampharos|84/100 brn|[from] drain|[of] p2b: Sabrina\n|\n|-heal|p2b: Sabrina|62/100|[from] item: Leftovers\n|-damage|p1b: Ampharos|78/100 brn|[from] brn\n|upkeep\n|turn|9\n|\n|t:|1776471798\n|move|p2b: Sabrina|Icy Wind|p1b: Ampharos\n|-supereffective|p1b: Ampharos|1\n|-damage|p1b: Ampharos|56/100 brn\n|-unboost|p1b: Ampharos|spe|1\n|move|p2a: Starbucks|Life Dew|p2a: Starbucks|[spread] p2a,p2b\n|-heal|p2a: Starbucks|85/100\n|-heal|p2b: Sabrina|87/100\n|move|p1b: Ampharos|Parabolic Charge|p2b: Sabrina|[spread] p2a,p2b\n|-resisted|p2a: Starbucks|1\n|-crit|p2a: Starbucks\n|-supereffective|p2b: Sabrina|1\n|-damage|p2a: Starbucks|62/100\n|-heal|p1b: Ampharos|66/100 brn|[from] drain|[of] p2a: Starbucks\n|-damage|p2b: Sabrina|40/100\n|-heal|p1b: Ampharos|91/100 brn|[from] drain|[of] p2b: Sabrina\n|\n|-heal|p2b: Sabrina|46/100|[from] item: Leftovers\n|-damage|p1b: Ampharos|85/100 brn|[from] brn\n|upkeep\n|turn|10\n|\n|t:|1776471813\n|move|p2b: Sabrina|Icy Wind|p1b: Ampharos|[miss]\n|-miss|p2b: Sabrina|p1b: Ampharos\n|move|p2a: Starbucks|Life Dew|p2a: Starbucks|[spread] p2a,p2b\n|-heal|p2a: Starbucks|87/100\n|-heal|p2b: Sabrina|71/100\n|move|p1b: Ampharos|Parabolic Charge|p2b: Sabrina|[spread] p2a,p2b\n|-resisted|p2a: Starbucks|1\n|-supereffective|p2b: Sabrina|1\n|-damage|p2a: Starbucks|70/100\n|-heal|p1b: Ampharos|93/100 brn|[from] drain|[of] p2a: Starbucks\n|-damage|p2b: Sabrina|20/100\n|-heal|p1b: Ampharos|100/100 brn|[from] drain|[of] p2b: Sabrina\n|\n|-heal|p2b: Sabrina|26/100|[from] item: Leftovers\n|-damage|p1b: Ampharos|94/100 brn|[from] brn\n|upkeep\n|turn|11\n|\n|t:|1776471826\n|move|p2b: Sabrina|Protect|p2b: Sabrina\n|-singleturn|p2b: Sabrina|Protect\n|move|p2a: Starbucks|Matcha Gotcha|p1b: Ampharos\n|-resisted|p1b: Ampharos|1\n|-damage|p1b: Ampharos|79/100 brn\n|-heal|p2a: Starbucks|78/100|[from] drain|[of] p1b: Ampharos\n|move|p1b: Ampharos|Parabolic Charge|p2b: Sabrina|[spread] p2a\n|-activate|p2b: Sabrina|move: Protect\n|-resisted|p2a: Starbucks|1\n|-damage|p2a: Starbucks|62/100\n|-heal|p1b: Ampharos|86/100 brn|[from] drain|[of] p2a: Starbucks\n|\n|-heal|p2b: Sabrina|32/100|[from] item: Leftovers\n|-damage|p1b: Ampharos|80/100 brn|[from] brn\n|upkeep\n|turn|12\n|\n|t:|1776471843\n|move|p2b: Sabrina|Icy Wind|p1b: Ampharos\n|-supereffective|p1b: Ampharos|1\n|-damage|p1b: Ampharos|58/100 brn\n|-unboost|p1b: Ampharos|spe|1\n|move|p2a: Starbucks|Matcha Gotcha|p1b: Ampharos\n|-resisted|p1b: Ampharos|1\n|-damage|p1b: Ampharos|44/100 brn\n|-heal|p2a: Starbucks|70/100|[from] drain|[of] p1b: Ampharos\n|move|p1b: Ampharos|Parabolic Charge|p2b: Sabrina|[spread] p2a,p2b\n|-resisted|p2a: Starbucks|1\n|-supereffective|p2b: Sabrina|1\n|-damage|p2a: Starbucks|53/100\n|-heal|p1b: Ampharos|51/100 brn|[from] drain|[of] p2a: Starbucks\n|-damage|p2b: Sabrina|0 fnt\n|-heal|p1b: Ampharos|68/100 brn|[from] drain|[of] p2b: Sabrina\n|faint|p2b: Sabrina\n|\n|-damage|p1b: Ampharos|61/100 brn|[from] brn\n|upkeep\n|\n|t:|1776471860\n|switch|p2b: Zippo|Charizard-Mega-Y, L50, M, shiny|100/100\n|-weather|SunnyDay|[from] ability: Drought|[of] p2b: Zippo\n|turn|13\n|\n|t:|1776471863\n|move|p2b: Zippo|Weather Ball|p1b: Ampharos\n|-resisted|p1b: Ampharos|1\n|-damage|p1b: Ampharos|23/100 brn\n|move|p2a: Starbucks|Matcha Gotcha|p1b: Ampharos|[miss]\n|-miss|p2a: Starbucks|p1b: Ampharos\n|move|p1b: Ampharos|Parabolic Charge|p2a: Starbucks|[spread] p2a,p2b\n|-resisted|p2a: Starbucks|1\n|-supereffective|p2b: Zippo|1\n|-damage|p2a: Starbucks|37/100\n|-heal|p1b: Ampharos|31/100 brn|[from] drain|[of] p2a: Starbucks\n|-damage|p2b: Zippo|44/100\n|-heal|p1b: Ampharos|57/100 brn|[from] drain|[of] p2b: Zippo\n|\n|-weather|SunnyDay|[upkeep]\n|-damage|p1b: Ampharos|51/100 brn|[from] brn\n|upkeep\n|turn|14\n|\n|t:|1776471878\n|move|p2b: Zippo|Weather Ball|p1b: Ampharos\n|-resisted|p1b: Ampharos|1\n|-damage|p1b: Ampharos|13/100 brn\n|move|p2a: Starbucks|Life Dew|p2a: Starbucks|[spread] p2a,p2b\n|-heal|p2a: Starbucks|62/100\n|-heal|p2b: Zippo|69/100\n|move|p1b: Ampharos|Parabolic Charge|p2a: Starbucks|[spread] p2a,p2b\n|-resisted|p2a: Starbucks|1\n|-supereffective|p2b: Zippo|1\n|-damage|p2a: Starbucks|46/100\n|-heal|p1b: Ampharos|21/100 brn|[from] drain|[of] p2a: Starbucks\n|-damage|p2b: Zippo|14/100\n|-heal|p1b: Ampharos|47/100 brn|[from] drain|[of] p2b: Zippo\n|\n|-weather|SunnyDay|[upkeep]\n|-damage|p1b: Ampharos|41/100 brn|[from] brn\n|upkeep\n|turn|15\n|\n|t:|1776471894\n|move|p2b: Zippo|Weather Ball|p1b: Ampharos\n|-resisted|p1b: Ampharos|1\n|-damage|p1b: Ampharos|1/100 brn\n|move|p2a: Starbucks|Life Dew|p2a: Starbucks|[spread] p2a,p2b\n|-heal|p2a: Starbucks|71/100\n|-heal|p2b: Zippo|39/100\n|move|p1b: Ampharos|Parabolic Charge|p2a: Starbucks|[spread] p2a,p2b\n|-resisted|p2a: Starbucks|1\n|-supereffective|p2b: Zippo|1\n|-damage|p2a: Starbucks|54/100\n|-heal|p1b: Ampharos|9/100 brn|[from] drain|[of] p2a: Starbucks\n|-damage|p2b: Zippo|0 fnt\n|-heal|p1b: Ampharos|27/100 brn|[from] drain|[of] p2b: Zippo\n|faint|p2b: Zippo\n|\n|-weather|SunnyDay|[upkeep]\n|-damage|p1b: Ampharos|21/100 brn|[from] brn\n|upkeep\n|turn|16\n|\n|t:|1776471908\n|move|p2a: Starbucks|Matcha Gotcha|p1b: Ampharos|[miss]\n|-miss|p2a: Starbucks|p1b: Ampharos\n|move|p1b: Ampharos|Dragon Pulse|p2a: Starbucks\n|-damage|p2a: Starbucks|0 fnt\n|faint|p2a: Starbucks\n|\n|win|DoctorGrizzman\n|raw|DoctorGrizzman's rating: 1362 &rarr; <strong>1386</strong><br />(+24 for winning)\n|raw|Lizardons's rating: 1425 &rarr; <strong>1401</strong><br />(-24 for losing)\n|l|\u2606Lizardons\n|player|p2|\n",
  "uploadtime": 1776471916,
  "views": 40,
  "formatid": "gen9championsvgc2026regma",
  "rating": 1386,
  "private": 0,
  "password": null
}