{
  "id": "gen9championsvgc2026regma-2587509615",
  "format": "[Gen 9 Champions] VGC 2026 Reg M-A",
  "players": [
    "Odddish262",
    "MilkTeaWayGalaxy"
  ],
  "log": "|j|\u2606Odddish262\n|j|\u2606MilkTeaWayGalaxy\n|t:|1776537910\n|gametype|doubles\n|player|p1|Odddish262|caitlin|1395\n|player|p2|MilkTeaWayGalaxy|rosa-pokestar3|1450\n|gen|9\n|tier|[Gen 9 Champions] VGC 2026 Reg M-A\n|rated|\n|rule|Species Clause: Limit one of each Pok\u00e9mon\n|rule|Item Clause: Limit 1 of each item\n|clearpoke\n|poke|p1|Floette-Eternal, L50, F|\n|poke|p1|Garchomp, L50, M|\n|poke|p1|Kingambit, L50, M|\n|poke|p1|Basculegion, L50, M|\n|poke|p1|Sneasler, L50, F|\n|poke|p1|Froslass, L50, F|\n|poke|p2|Milotic, L50, F|\n|poke|p2|Froslass, L50, F|\n|poke|p2|Sneasler, L50, M|\n|poke|p2|Gyarados, L50, F|\n|poke|p2|Incineroar, L50, F|\n|poke|p2|Sinistcha, L50|\n|teampreview|4\n|inactive|Battle timer is ON: inactive players will automatically lose when time's up. (requested by Odddish262)\n|inactive|MilkTeaWayGalaxy has 60 seconds left.\n|\n|t:|1776537947\n|teamsize|p1|4\n|teamsize|p2|4\n|start\n|switch|p1a: Sneasler|Sneasler, L50, F|100/100\n|switch|p1b: Floette|Floette-Eternal, L50, F|100/100\n|switch|p2a: Gyarados|Gyarados, L50, F|100/100\n|switch|p2b: Sneasler|Sneasler, L50, M|100/100\n|-ability|p2a: Gyarados|Intimidate|boost\n|-unboost|p1a: Sneasler|atk|1\n|-unboost|p1b: Floette|atk|1\n|turn|1\n|inactive|Odddish262 has 30 seconds left.\n|\n|t:|1776537973\n|move|p1b: Floette|Protect|p1b: Floette\n|-singleturn|p1b: Floette|Protect\n|move|p2b: Sneasler|Fake Out|p1a: Sneasler\n|-damage|p1a: Sneasler|81/100\n|cant|p1a: Sneasler|flinch\n|move|p2a: Gyarados|Dragon Dance|p2a: Gyarados\n|-boost|p2a: Gyarados|atk|1\n|-boost|p2a: Gyarados|spe|1\n|\n|upkeep\n|turn|2\n|\n|t:|1776537988\n|detailschange|p1b: Floette|Floette-Mega, L50, F\n|-mega|p1b: Floette|Floette|Floettite\n|-ability|p1b: Floette|Fairy Aura\n|move|p2b: Sneasler|Dire Claw|p1b: Floette\n|-supereffective|p1b: Floette|1\n|-damage|p1b: Floette|1/100\n|move|p1a: Sneasler|Close Combat|p2a: Gyarados\n|-resisted|p2a: Gyarados|1\n|-damage|p2a: Gyarados|76/100\n|-unboost|p1a: Sneasler|def|1\n|-unboost|p1a: Sneasler|spd|1\n|move|p2a: Gyarados|Dragon Dance|p2a: Gyarados\n|-boost|p2a: Gyarados|atk|1\n|-boost|p2a: Gyarados|spe|1\n|move|p1b: Floette|Dazzling Gleam|p2a: Gyarados|[spread] p2a,p2b\n|-damage|p2a: Gyarados|35/100\n|-damage|p2b: Sneasler|39/100\n|\n|upkeep\n|turn|3\n|\n|t:|1776538012\n|move|p2a: Gyarados|Waterfall|p1a: Sneasler\n|-damage|p1a: Sneasler|0 fnt\n|faint|p1a: Sneasler\n|move|p2b: Sneasler|Close Combat|p1b: Floette\n|-resisted|p1b: Floette|1\n|-damage|p1b: Floette|0 fnt\n|-unboost|p2b: Sneasler|def|1\n|-unboost|p2b: Sneasler|spd|1\n|faint|p1b: Floette\n|-enditem|p2b: Sneasler|White Herb\n|-clearnegativeboost|p2b: Sneasler|[silent]\n|\n|upkeep\n|\n|t:|1776538015\n|switch|p1a: Basculegion|Basculegion, L50, M|100/100\n|switch|p1b: Garchomp|Garchomp, L50, M|100/100\n|turn|4\n|\n|t:|1776538030\n|move|p1a: Basculegion|Protect|p1a: Basculegion\n|-singleturn|p1a: Basculegion|Protect\n|move|p2b: Sneasler|Close Combat|p1b: Garchomp\n|-damage|p1b: Garchomp|53/100\n|-unboost|p2b: Sneasler|def|1\n|-unboost|p2b: Sneasler|spd|1\n|-damage|p2b: Sneasler|26/100|[from] ability: Rough Skin|[of] p1b: Garchomp\n|move|p2a: Gyarados|Crunch|p1a: Basculegion\n|-activate|p1a: Basculegion|move: Protect\n|move|p1b: Garchomp|Rock Slide|p2a: Gyarados|[spread] p2a,p2b\n|-supereffective|p2a: Gyarados|1\n|-resisted|p2b: Sneasler|1\n|-damage|p2a: Gyarados|0 fnt\n|-damage|p2b: Sneasler|8/100\n|faint|p2a: Gyarados\n|\n|upkeep\n|\n|t:|1776538046\n|switch|p2a: Milotic|Milotic, L50, F|100/100\n|turn|5\n|\n|t:|1776538059\n|switch|p2b: Sinistcha|Sinistcha, L50|100/100\n|move|p1a: Basculegion|Aqua Jet|p2b: Sinistcha\n|-resisted|p2b: Sinistcha|1\n|-damage|p2b: Sinistcha|88/100\n|move|p1b: Garchomp|Rock Slide|p2b: Sinistcha|[spread] p2a,p2b\n|-damage|p2a: Milotic|85/100\n|-damage|p2b: Sinistcha|72/100\n|cant|p2a: Milotic|flinch\n|\n|upkeep\n|turn|6\n|\n|t:|1776538073\n|move|p2b: Sinistcha|Protect|p2b: Sinistcha\n|-singleturn|p2b: Sinistcha|Protect\n|move|p1b: Garchomp|Rock Slide|p2a: Milotic|[spread] p2a\n|-activate|p2b: Sinistcha|move: Protect\n|-damage|p2a: Milotic|67/100\n|move|p1a: Basculegion|Last Respects|p2b: Sinistcha\n|-activate|p2b: Sinistcha|move: Protect\n|move|p2a: Milotic|Icy Wind|p1a: Basculegion|[spread] p1b\n|-miss|p2a: Milotic|p1a: Basculegion\n|-supereffective|p1b: Garchomp|2\n|-damage|p1b: Garchomp|12/100\n|-unboost|p1b: Garchomp|spe|1\n|\n|upkeep\n|turn|7\n|\n|t:|1776538090\n|switch|p2b: Sneasler|Sneasler, L50, M|8/100\n|move|p1a: Basculegion|Last Respects|p2b: Sneasler\n|-damage|p2b: Sneasler|0 fnt\n|faint|p2b: Sneasler\n|move|p2a: Milotic|Icy Wind|p1b: Garchomp|[spread] p1a,p1b\n|-resisted|p1a: Basculegion|1\n|-supereffective|p1b: Garchomp|2\n|-damage|p1a: Basculegion|95/100\n|-damage|p1b: Garchomp|0 fnt\n|-unboost|p1a: Basculegion|spe|1\n|faint|p1b: Garchomp\n|\n|upkeep\n|\n|t:|1776538094\n|switch|p2b: Sinistcha|Sinistcha, L50|72/100\n|-heal|p2a: Milotic|92/100|[from] ability: Hospitality|[of] p2b: Sinistcha\n|turn|8\n|-message|Odddish262 forfeited.\n|\n|win|MilkTeaWayGalaxy\n|raw|Odddish262's rating: 1395 &rarr; <strong>1378</strong><br />(-17 for losing)\n|raw|MilkTeaWayGalaxy's rating: 1450 &rarr; <strong>1467</strong><br />(+17 for winning)\n|l|\u2606Odddish262\n|player|p1|\n",
  "uploadtime": 1776538102,
  "views": 21,
  "formatid": "gen9championsvgc2026regma",
  "rating": 1378,
  "private": 0,
  "password": null
}