{
  "id": "gen9championsvgc2026regma-2586935272",
  "format": "[Gen 9 Champions] VGC 2026 Reg M-A",
  "players": [
    "Softw4R3",
    "Wo-Chien<3"
  ],
  "log": "|j|\u2606Softw4R3\n|j|\u2606Wo-Chien<3\n|t:|1776473362\n|gametype|doubles\n|player|p1|Softw4R3|1|1312\n|player|p2|Wo-Chien<3|miku-ground|1243\n|gen|9\n|tier|[Gen 9 Champions] VGC 2026 Reg M-A\n|rated|\n|rule|Species Clause: Limit one of each Pok\u00e9mon\n|rule|Item Clause: Limit 1 of each item\n|clearpoke\n|poke|p1|Tyranitar, L50, M|\n|poke|p1|Excadrill, L50, M|\n|poke|p1|Milotic, L50, M|\n|poke|p1|Sinistcha, L50|\n|poke|p1|Gliscor, L50, F|\n|poke|p1|Rotom-Heat, L50|\n|poke|p2|Froslass, L50, F|\n|poke|p2|Rotom-Frost, L50|\n|poke|p2|Sneasler, L50, F|\n|poke|p2|Kingambit, L50, F|\n|poke|p2|Garchomp, L50, M|\n|poke|p2|Aerodactyl, L50, F|\n|teampreview|4\n|\n|t:|1776473395\n|teamsize|p1|4\n|teamsize|p2|4\n|start\n|switch|p1a: Tyranitar|Tyranitar, L50, M, shiny|100/100\n|switch|p1b: Excadrill|Excadrill, L50, M, shiny|100/100\n|switch|p2a: Froslass|Froslass, L50, F|100/100\n|switch|p2b: Sneasler|Sneasler, L50, F|100/100\n|-weather|Sandstorm|[from] ability: Sand Stream|[of] p1a: Tyranitar\n|turn|1\n|\n|t:|1776473411\n|detailschange|p2a: Froslass|Froslass-Mega, L50, F\n|-mega|p2a: Froslass|Froslass|Froslassite\n|-weather|Snowscape|[from] ability: Snow Warning|[of] p2a: Froslass\n|move|p1b: Excadrill|Protect|p1b: Excadrill\n|-singleturn|p1b: Excadrill|Protect\n|move|p1a: Tyranitar|Protect|p1a: Tyranitar\n|-singleturn|p1a: Tyranitar|Protect\n|move|p2b: Sneasler|Close Combat|p1b: Excadrill\n|-activate|p1b: Excadrill|move: Protect\n|move|p2a: Froslass|Blizzard|p1b: Excadrill|[spread] \n|-activate|p1a: Tyranitar|move: Protect\n|-activate|p1b: Excadrill|move: Protect\n|\n|-weather|Snowscape|[upkeep]\n|upkeep\n|turn|2\n|\n|t:|1776473441\n|switch|p2a: Garchomp|Garchomp, L50, M|100/100\n|detailschange|p1a: Tyranitar|Tyranitar-Mega, L50, M, shiny\n|-mega|p1a: Tyranitar|Tyranitar|Tyranitarite\n|-weather|Sandstorm|[from] ability: Sand Stream|[of] p1a: Tyranitar\n|move|p2b: Sneasler|Protect|p2b: Sneasler\n|-singleturn|p2b: Sneasler|Protect\n|move|p1b: Excadrill|High Horsepower|p2b: Sneasler\n|-activate|p2b: Sneasler|move: Protect\n|move|p1a: Tyranitar|Rock Slide|p2a: Garchomp|[spread] p2a\n|-activate|p2b: Sneasler|move: Protect\n|-resisted|p2a: Garchomp|1\n|-damage|p2a: Garchomp|85/100\n|\n|-weather|Sandstorm|[upkeep]\n|-damage|p2b: Sneasler|95/100|[from] Sandstorm\n|upkeep\n|turn|3\n|\n|t:|1776473461\n|switch|p2b: Rotom|Rotom-Frost, L50|100/100\n|move|p1b: Excadrill|High Horsepower|p2b: Rotom\n|-immune|p2b: Rotom|[from] ability: Levitate\n|move|p2a: Garchomp|Earthquake|p1b: Excadrill|[spread] p1a,p1b\n|-immune|p2b: Rotom|[from] ability: Levitate\n|-supereffective|p1a: Tyranitar|1\n|-supereffective|p1b: Excadrill|1\n|-damage|p1a: Tyranitar|57/100\n|-enditem|p1b: Excadrill|Focus Sash\n|-damage|p1b: Excadrill|1/100\n|move|p1a: Tyranitar|Ice Punch|p2a: Garchomp\n|-supereffective|p2a: Garchomp|2\n|-damage|p2a: Garchomp|0 fnt\n|-damage|p1a: Tyranitar|45/100|[from] ability: Rough Skin|[of] p2a: Garchomp\n|faint|p2a: Garchomp\n|\n|-weather|Sandstorm|[upkeep]\n|-damage|p2b: Rotom|95/100|[from] Sandstorm\n|upkeep\n|\n|t:|1776473475\n|switch|p2a: Froslass|Froslass-Mega, L50, F|100/100\n|-weather|Snowscape|[from] ability: Snow Warning|[of] p2a: Froslass\n|turn|4\n|\n|t:|1776473494\n|switch|p1a: Rotom|Rotom-Heat, L50, shiny|100/100\n|move|p1b: Excadrill|Protect|p1b: Excadrill\n|-singleturn|p1b: Excadrill|Protect\n|move|p2b: Rotom|Volt Switch|p1a: Rotom\n|-resisted|p1a: Rotom|1\n|-damage|p1a: Rotom|81/100\n|\n|t:|1776473498\n|switch|p2b: Sneasler|Sneasler, L50, F|95/100|[from] Volt Switch\n|move|p2a: Froslass|Blizzard|p1b: Excadrill|[spread] p1a\n|-activate|p1b: Excadrill|move: Protect\n|-resisted|p1a: Rotom|1\n|-damage|p1a: Rotom|54/100\n|\n|-weather|Snowscape|[upkeep]\n|upkeep\n|turn|5\n|\n|t:|1776473522\n|switch|p1a: Milotic|Milotic, L50, M, shiny|100/100\n|switch|p2a: Rotom|Rotom-Frost, L50|95/100\n|switch|p1b: Tyranitar|Tyranitar-Mega, L50, M, shiny|45/100\n|-weather|Sandstorm|[from] ability: Sand Stream|[of] p1b: Tyranitar\n|move|p2b: Sneasler|Close Combat|p1a: Milotic\n|-crit|p1a: Milotic\n|-damage|p1a: Milotic|0 fnt\n|-unboost|p2b: Sneasler|def|1\n|-unboost|p2b: Sneasler|spd|1\n|faint|p1a: Milotic\n|-enditem|p2b: Sneasler|White Herb\n|-clearnegativeboost|p2b: Sneasler|[silent]\n|\n|-weather|Sandstorm|[upkeep]\n|-damage|p2b: Sneasler|89/100|[from] Sandstorm\n|-damage|p2a: Rotom|89/100|[from] Sandstorm\n|upkeep\n|\n|t:|1776473541\n|switch|p1a: Rotom|Rotom-Heat, L50, shiny|54/100\n|turn|6\n|\n|t:|1776473567\n|move|p1b: Tyranitar|Protect|p1b: Tyranitar\n|-singleturn|p1b: Tyranitar|Protect\n|move|p2b: Sneasler|Close Combat|p1a: Rotom\n|-damage|p1a: Rotom|0 fnt\n|-unboost|p2b: Sneasler|def|1\n|-unboost|p2b: Sneasler|spd|1\n|faint|p1a: Rotom\n|move|p2a: Rotom|Blizzard|p1b: Tyranitar\n|-activate|p1b: Tyranitar|move: Protect\n|\n|-weather|Sandstorm|[upkeep]\n|-damage|p2b: Sneasler|83/100|[from] Sandstorm\n|-damage|p2a: Rotom|84/100|[from] Sandstorm\n|upkeep\n|-message|Softw4R3 forfeited.\n|\n|win|Wo-Chien<3\n|raw|Softw4R3's rating: 1312 &rarr; <strong>1288</strong><br />(-24 for losing)\n|raw|Wo-Chien&lt;3's rating: 1243 &rarr; <strong>1273</strong><br />(+30 for winning)\n|l|\u2606Softw4R3\n|player|p1|\n",
  "uploadtime": 1776473583,
  "views": 26,
  "formatid": "gen9championsvgc2026regma",
  "rating": 1273,
  "private": 0,
  "password": null
}