{
  "id": "gen9championsvgc2026regma-2586482358",
  "format": "[Gen 9 Champions] VGC 2026 Reg M-A",
  "players": [
    "tyfdgsfyjgtdy",
    "ian12286252"
  ],
  "log": "|j|\u2606tyfdgsfyjgtdy\n|j|\u2606ian12286252\n|t:|1776437711\n|gametype|doubles\n|player|p1|tyfdgsfyjgtdy|102|1000\n|player|p2|ian12286252|pokemaniac|1049\n|gen|9\n|tier|[Gen 9 Champions] VGC 2026 Reg M-A\n|rated|\n|rule|Species Clause: Limit one of each Pok\u00e9mon\n|rule|Item Clause: Limit 1 of each item\n|clearpoke\n|poke|p1|Floette-Eternal, L50, F|\n|poke|p1|Espathra, L50, M|\n|poke|p1|Incineroar, L50, F|\n|poke|p1|Aggron, L50, F|\n|poke|p1|Pelipper, L50, M|\n|poke|p1|Sneasler, L50, M|\n|poke|p2|Aggron, L50, M|\n|poke|p2|Aerodactyl, L50, M|\n|poke|p2|Sinistcha, L50|\n|poke|p2|Sneasler, L50, M|\n|poke|p2|Tyranitar, L50, M|\n|poke|p2|Hydreigon, L50, M|\n|teampreview|4\n|\n|t:|1776437749\n|teamsize|p1|4\n|teamsize|p2|4\n|start\n|switch|p1a: Espathra|Espathra, L50, M|100/100\n|switch|p1b: Sneasler|Sneasler, L50, M|100/100\n|switch|p2a: Sneasler|Sneasler, L50, M, shiny|100/100\n|switch|p2b: Sinistcha|Sinistcha, L50, shiny|100/100\n|turn|1\n|inactive|Battle timer is ON: inactive players will automatically lose when time's up. (requested by ian12286252)\n|\n|t:|1776437766\n|move|p2a: Sneasler|Fake Out|p1b: Sneasler\n|-damage|p1b: Sneasler|75/100\n|cant|p1b: Sneasler|flinch\n|move|p1a: Espathra|Lumina Crash|p2a: Sneasler\n|-supereffective|p2a: Sneasler|2\n|-damage|p2a: Sneasler|0 fnt\n|faint|p2a: Sneasler\n|move|p2b: Sinistcha|Trick Room|p2b: Sinistcha\n|-fieldstart|move: Trick Room|[of] p2b: Sinistcha\n|\n|-ability|p1a: Espathra|Speed Boost|boost\n|-boost|p1a: Espathra|spe|1\n|upkeep\n|\n|t:|1776437778\n|switch|p2a: Tyranitar|Tyranitar, L50, M, shiny|100/100\n|-weather|Sandstorm|[from] ability: Sand Stream|[of] p2a: Tyranitar\n|turn|2\n|inactive|tyfdgsfyjgtdy has 30 seconds left.\n|\n|t:|1776437811\n|switch|p1b: Incineroar|Incineroar, L50, F|100/100\n|-ability|p1b: Incineroar|Intimidate|boost\n|-unboost|p2a: Tyranitar|atk|1\n|-unboost|p2b: Sinistcha|atk|1\n|move|p1a: Espathra|Protect|p1a: Espathra\n|-singleturn|p1a: Espathra|Protect\n|move|p2b: Sinistcha|Rage Powder|p2b: Sinistcha\n|-singleturn|p2b: Sinistcha|move: Rage Powder\n|move|p2a: Tyranitar|Knock Off|p1a: Espathra\n|-activate|p1a: Espathra|move: Protect\n|\n|-weather|Sandstorm|[upkeep]\n|-damage|p1b: Incineroar|95/100|[from] Sandstorm\n|-damage|p2b: Sinistcha|94/100|[from] Sandstorm\n|-damage|p1a: Espathra|95/100|[from] Sandstorm\n|-ability|p1a: Espathra|Speed Boost|boost\n|-boost|p1a: Espathra|spe|1\n|upkeep\n|turn|3\n|inactive|tyfdgsfyjgtdy has 30 seconds left.\n|inactive|ian12286252 has 30 seconds left.\n|inactive|tyfdgsfyjgtdy has 20 seconds left.\n|inactive|tyfdgsfyjgtdy has 15 seconds left.\n|inactive|tyfdgsfyjgtdy has 10 seconds left.\n|inactive|tyfdgsfyjgtdy has 5 seconds left.\n|\n|t:|1776437861\n|switch|p2a: Aggron|Aggron, L50, M, shiny|100/100\n|switch|p1a: Sneasler|Sneasler, L50, M|75/100\n|move|p2b: Sinistcha|Rage Powder|p2b: Sinistcha\n|-singleturn|p2b: Sinistcha|move: Rage Powder\n|move|p1b: Incineroar|Darkest Lariat|p2b: Sinistcha\n|-supereffective|p2b: Sinistcha|1\n|-crit|p2b: Sinistcha\n|-damage|p2b: Sinistcha|16/100\n|\n|-weather|Sandstorm|[upkeep]\n|-damage|p1b: Incineroar|89/100|[from] Sandstorm\n|-damage|p2b: Sinistcha|10/100|[from] Sandstorm\n|-damage|p1a: Sneasler|69/100|[from] Sandstorm\n|upkeep\n|turn|4\n|inactive|tyfdgsfyjgtdy has 30 seconds left.\n|inactive|ian12286252 has 30 seconds left.\n|inactive|tyfdgsfyjgtdy has 20 seconds left.\n|inactive|tyfdgsfyjgtdy has 15 seconds left.\n|inactive|tyfdgsfyjgtdy has 10 seconds left.\n|inactive|ian12286252 has 20 seconds left.\n|inactive|tyfdgsfyjgtdy has 5 seconds left.\n|\n|t:|1776437917\n|detailschange|p2a: Aggron|Aggron-Mega, L50, M, shiny\n|-mega|p2a: Aggron|Aggron|Aggronite\n|move|p1b: Incineroar|Fake Out||[still]\n|-hint|Fake Out only works on your first turn out.\n|-fail|p1b: Incineroar\n|move|p2b: Sinistcha|Rage Powder|p2b: Sinistcha\n|-singleturn|p2b: Sinistcha|move: Rage Powder\n|move|p2a: Aggron|Body Press|p1b: Incineroar\n|-supereffective|p1b: Incineroar|1\n|-enditem|p1b: Incineroar|Chople Berry|[eat]\n|-enditem|p1b: Incineroar|Chople Berry|[weaken]\n|-damage|p1b: Incineroar|55/100\n|move|p1a: Sneasler|Close Combat|p2b: Sinistcha\n|-immune|p2b: Sinistcha\n|\n|-weather|Sandstorm|[upkeep]\n|-damage|p1b: Incineroar|49/100|[from] Sandstorm\n|-damage|p2b: Sinistcha|3/100|[from] Sandstorm\n|-damage|p1a: Sneasler|63/100|[from] Sandstorm\n|upkeep\n|turn|5\n|inactive|tyfdgsfyjgtdy has 30 seconds left.\n|inactive|ian12286252 has 30 seconds left.\n|inactive|tyfdgsfyjgtdy has 20 seconds left.\n|inactive|ian12286252 has 20 seconds left.\n|inactive|ian12286252 has 15 seconds left.\n|inactive|ian12286252 has 10 seconds left.\n|\n|t:|1776437968\n|move|p2b: Sinistcha|Rage Powder|p2b: Sinistcha\n|-singleturn|p2b: Sinistcha|move: Rage Powder\n|move|p2a: Aggron|Iron Defense|p2a: Aggron\n|-boost|p2a: Aggron|def|2\n|move|p1b: Incineroar|Parting Shot|p2b: Sinistcha\n|-unboost|p2b: Sinistcha|atk|1\n|-unboost|p2b: Sinistcha|spa|1\n|\n|t:|1776437981\n|switch|p1b: Floette|Floette-Eternal, L50, F|100/100|[from] Parting Shot\n|move|p1a: Sneasler|Dire Claw|p2b: Sinistcha\n|-damage|p2b: Sinistcha|0 fnt\n|faint|p2b: Sinistcha\n|\n|-weather|Sandstorm|[upkeep]\n|-damage|p1b: Floette|94/100|[from] Sandstorm\n|-damage|p1a: Sneasler|57/100|[from] Sandstorm\n|-fieldend|move: Trick Room\n|upkeep\n|\n|t:|1776437991\n|switch|p2b: Tyranitar|Tyranitar, L50, M, shiny|100/100\n|turn|6\n|inactive|tyfdgsfyjgtdy has 30 seconds left.\n|\n|t:|1776438017\n|detailschange|p1b: Floette|Floette-Mega, L50, F\n|-mega|p1b: Floette|Floette|Floettite\n|-ability|p1b: Floette|Fairy Aura\n|move|p2b: Tyranitar|Protect|p2b: Tyranitar\n|-singleturn|p2b: Tyranitar|Protect\n|move|p1a: Sneasler|Close Combat|p2a: Aggron\n|-supereffective|p2a: Aggron|1\n|-damage|p2a: Aggron|79/100\n|-unboost|p1a: Sneasler|def|1\n|-unboost|p1a: Sneasler|spd|1\n|-enditem|p1a: Sneasler|White Herb\n|-clearnegativeboost|p1a: Sneasler|[silent]\n|move|p1b: Floette|Draining Kiss|p2b: Tyranitar\n|-activate|p2b: Tyranitar|move: Protect\n|move|p2a: Aggron|Heavy Slam|p1b: Floette\n|-supereffective|p1b: Floette|1\n|-damage|p1b: Floette|5/100\n|\n|-weather|none\n|upkeep\n|turn|7\n|\n|t:|1776438041\n|move|p1b: Floette|Protect|p1b: Floette\n|-singleturn|p1b: Floette|Protect\n|move|p2b: Tyranitar|Protect||[still]\n|-fail|p2b: Tyranitar\n|move|p1a: Sneasler|Close Combat|p2b: Tyranitar\n|-supereffective|p2b: Tyranitar|2\n|-enditem|p2b: Tyranitar|Focus Sash\n|-damage|p2b: Tyranitar|1/100\n|-unboost|p1a: Sneasler|def|1\n|-unboost|p1a: Sneasler|spd|1\n|move|p2a: Aggron|Iron Defense|p2a: Aggron\n|-boost|p2a: Aggron|def|2\n|\n|upkeep\n|turn|8\n|\n|t:|1776438060\n|switch|p1b: Incineroar|Incineroar, L50, F|49/100\n|-ability|p1b: Incineroar|Intimidate|boost\n|-unboost|p2a: Aggron|atk|1\n|-unboost|p2b: Tyranitar|atk|1\n|move|p1a: Sneasler|Protect|p1a: Sneasler\n|-singleturn|p1a: Sneasler|Protect\n|move|p2b: Tyranitar|Protect|p2b: Tyranitar\n|-singleturn|p2b: Tyranitar|Protect\n|move|p2a: Aggron|Heavy Slam|p1b: Incineroar\n|-resisted|p1b: Incineroar|1\n|-damage|p1b: Incineroar|38/100\n|\n|upkeep\n|turn|9\n|inactive|tyfdgsfyjgtdy has 30 seconds left.\n|\n|t:|1776438087\n|move|p1b: Incineroar|Fake Out|p2a: Aggron\n|-resisted|p2a: Aggron|1\n|-damage|p2a: Aggron|78/100\n|move|p1a: Sneasler|Dire Claw|p2b: Tyranitar\n|-resisted|p2b: Tyranitar|1\n|-damage|p2b: Tyranitar|0 fnt\n|faint|p2b: Tyranitar\n|cant|p2a: Aggron|flinch\n|\n|upkeep\n|turn|10\n|\n|t:|1776438106\n|move|p1b: Incineroar|Protect|p1b: Incineroar\n|-singleturn|p1b: Incineroar|Protect\n|move|p2a: Aggron|Protect|p2a: Aggron\n|-singleturn|p2a: Aggron|Protect\n|move|p1a: Sneasler|Close Combat|p2a: Aggron\n|-activate|p2a: Aggron|move: Protect\n|\n|upkeep\n|turn|11\n|\n|t:|1776438119\n|move|p1a: Sneasler|Close Combat|p2a: Aggron\n|-supereffective|p2a: Aggron|1\n|-damage|p2a: Aggron|64/100\n|-unboost|p1a: Sneasler|def|1\n|-unboost|p1a: Sneasler|spd|1\n|move|p1b: Incineroar|Parting Shot|p2a: Aggron\n|-unboost|p2a: Aggron|atk|1\n|-unboost|p2a: Aggron|spa|1\n|\n|t:|1776438132\n|switch|p1b: Espathra|Espathra, L50, M|95/100|[from] Parting Shot\n|move|p2a: Aggron|Iron Defense|p2a: Aggron\n|-boost|p2a: Aggron|def|2\n|\n|upkeep\n|turn|12\n|\n|t:|1776438152\n|move|p1b: Espathra|Protect|p1b: Espathra\n|-singleturn|p1b: Espathra|Protect\n|move|p1a: Sneasler|Close Combat|p2a: Aggron\n|-supereffective|p2a: Aggron|1\n|-damage|p2a: Aggron|53/100\n|-unboost|p1a: Sneasler|def|1\n|-unboost|p1a: Sneasler|spd|1\n|move|p2a: Aggron|Heavy Slam|p1a: Sneasler\n|-damage|p1a: Sneasler|0 fnt\n|faint|p1a: Sneasler\n|\n|-ability|p1b: Espathra|Speed Boost|boost\n|-boost|p1b: Espathra|spe|1\n|upkeep\n|\n|t:|1776438166\n|switch|p1a: Incineroar|Incineroar, L50, F|38/100\n|-ability|p1a: Incineroar|Intimidate|boost\n|-unboost|p2a: Aggron|atk|1\n|turn|13\n|\n|t:|1776438184\n|switch|p1a: Floette|Floette-Mega, L50, F|5/100\n|-ability|p1a: Floette|Fairy Aura\n|move|p2a: Aggron|Protect|p2a: Aggron\n|-singleturn|p2a: Aggron|Protect\n|move|p1b: Espathra|Calm Mind|p1b: Espathra\n|-boost|p1b: Espathra|spa|1\n|-boost|p1b: Espathra|spd|1\n|\n|-ability|p1b: Espathra|Speed Boost|boost\n|-boost|p1b: Espathra|spe|1\n|upkeep\n|turn|14\n|inactive|tyfdgsfyjgtdy has 30 seconds left.\n|inactive|ian12286252 has 30 seconds left.\n|\n|t:|1776438222\n|switch|p1a: Incineroar|Incineroar, L50, F|38/100\n|-ability|p1a: Incineroar|Intimidate|boost\n|-unboost|p2a: Aggron|atk|1\n|move|p1b: Espathra|Baton Pass|p1b: Espathra\n|inactive|tyfdgsfyjgtdy has 30 seconds left.\n|\n|t:|1776438246\n|switch|p1b: Floette|Floette-Mega, L50, F|5/100|[from] Baton Pass\n|-ability|p1b: Floette|Fairy Aura\n|move|p2a: Aggron|Body Press|p1b: Floette\n|-resisted|p1b: Floette|1\n|-damage|p1b: Floette|0 fnt\n|faint|p1b: Floette\n|\n|upkeep\n|inactive|tyfdgsfyjgtdy has 25 seconds left this turn.\n|inactive|tyfdgsfyjgtdy has 20 seconds left.\n|inactive|tyfdgsfyjgtdy has 15 seconds left.\n|inactive|tyfdgsfyjgtdy has 10 seconds left.\n|\n|t:|1776438266\n|switch|p1b: Espathra|Espathra, L50, M|95/100\n|turn|15\n|inactive|tyfdgsfyjgtdy has 10 seconds left this turn.\n|inactive|tyfdgsfyjgtdy has 5 seconds left.\n|-message|tyfdgsfyjgtdy lost due to inactivity.\n|\n|win|ian12286252\n|raw|tyfdgsfyjgtdy's rating: 1000 &rarr; <strong>1000</strong><br />(+0 for losing)\n|raw|ian12286252's rating: 1049 &rarr; <strong>1077</strong><br />(+28 for winning)\n|l|\u2606tyfdgsfyjgtdy\n|player|p1|\n",
  "uploadtime": 1776438307,
  "views": 19,
  "formatid": "gen9championsvgc2026regma",
  "rating": 1000,
  "private": 0,
  "password": null
}