{
  "id": "gen9championsvgc2026regma-2582113370",
  "format": "[Gen 9 Champions] VGC 2026 Reg M-A",
  "players": [
    "TheParasectKing",
    "Thogi_"
  ],
  "log": "|j|\u2606TheParasectKing\n|j|\u2606Thogi_\n|t:|1776059590\n|gametype|doubles\n|player|p1|TheParasectKing|acetrainer-gen4dp|\n|player|p2|Thogi_|harlequin|\n|gen|9\n|tier|[Gen 9 Champions] VGC 2026 Reg M-A\n|rated|Tournament battle\n|rule|Species Clause: Limit one of each Pok\u00e9mon\n|rule|Item Clause: Limit 1 of each item\n|raw|<div class=\"infobox\"><details class=\"readmore\" open><summary><strong>1 custom rule:</strong></summary> Force Open Team Sheets</details></div>\n|clearpoke\n|poke|p1|Victreebel, L50, M|\n|poke|p1|Pelipper, L50, M|\n|poke|p1|Basculegion, L50, M|\n|poke|p1|Raichu, L50, M|\n|poke|p1|Krookodile, L50, F|\n|poke|p1|Corviknight, L50, M|\n|poke|p2|Araquanid, L50, F|\n|poke|p2|Farigiraf, L50, M|\n|poke|p2|Sableye, L50, M|\n|poke|p2|Rotom-Wash, L50|\n|poke|p2|Sylveon, L50, M|\n|poke|p2|Torkoal, L50, F|\n|teampreview|4\n|showteam|p1|Victreebel||Victreebelite|Chlorophyll|LeafBlade,PoisonJab,SwordsDance,Protect|||M|||50|]Pelipper||ChoiceScarf|Drizzle|WeatherBall,Hurricane,IcyWind,MuddyWater|||M|||50|]Basculegion||WhiteHerb|SwiftSwim|WaveCrash,LastRespects,AquaJet,Protect|||M|||50|]Raichu||FocusSash|LightningRod|Electroweb,Feint,FakeOut,Encore|||M|||50|]Krookodile||LumBerry|Intimidate|StompingTantrum,Crunch,Taunt,Protect|||F|||50|]Corviknight||Leftovers|MirrorArmor|BodyPress,IronDefense,Roost,IronHead|||M|||50|\n|showteam|p2|Araquanid||MysticWater|WaterBubble|Liquidation,LeechLife,WideGuard,Protect|||F|||50|]Farigiraf||SitrusBerry|ArmorTail|TrickRoom,HyperVoice,Psychic,Protect|||M|||50|]Sableye||FocusSash|Prankster|FakeOut,Quash,WillOWisp,FoulPlay|||M|||50|]Rotom-Wash||Leftovers|Levitate|HydroPump,Thunderbolt,VoltSwitch,Protect||||||50|]Sylveon||BabiriBerry|Pixilate|HyperVoice,Moonblast,Protect,HelpingHand|||M|||50|]Torkoal||Charcoal|Drought|Eruption,HeatWave,EarthPower,Protect|||F|||50|\n|inactive|Battle timer is ON: inactive players will automatically lose when time's up. (requested by TheParasectKing)\n|c|\u2606TheParasectKing|glhf!\n|inactive|TheParasectKing has 60 seconds left.\n|inactive|Thogi_ has 60 seconds left.\n|\n|t:|1776059646\n|teamsize|p1|4\n|teamsize|p2|4\n|start\n|switch|p1a: Victreebel|Victreebel, L50, M|100/100\n|switch|p1b: Krookodile|Krookodile, L50, F|100/100\n|switch|p2a: Farigiraf|Farigiraf, L50, M|100/100\n|switch|p2b: Sableye|Sableye, L50, M|100/100\n|-ability|p1b: Krookodile|Intimidate|boost\n|-unboost|p2a: Farigiraf|atk|1\n|-unboost|p2b: Sableye|atk|1\n|turn|1\n|\n|t:|1776059671\n|detailschange|p1a: Victreebel|Victreebel-Mega, L50, M\n|-mega|p1a: Victreebel|Victreebel|Victreebelite\n|move|p2b: Sableye|Fake Out|p1b: Krookodile\n|-damage|p1b: Krookodile|94/100\n|cant|p1b: Krookodile|flinch\n|move|p1a: Victreebel|Swords Dance|p1a: Victreebel\n|-boost|p1a: Victreebel|atk|2\n|move|p2a: Farigiraf|Trick Room|p2a: Farigiraf\n|-fieldstart|move: Trick Room|[of] p2a: Farigiraf\n|\n|upkeep\n|turn|2\n|inactive|Thogi_ has 30 seconds left.\n|inactive|Thogi_ has 20 seconds left.\n|inactive|Thogi_ has 15 seconds left.\n|\n|t:|1776059712\n|move|p1a: Victreebel|Protect|p1a: Victreebel\n|-singleturn|p1a: Victreebel|Protect\n|move|p2b: Sableye|Will-O-Wisp|p1a: Victreebel\n|-activate|p1a: Victreebel|move: Protect\n|move|p2a: Farigiraf|Psychic|p1a: Victreebel\n|-activate|p1a: Victreebel|move: Protect\n|move|p1b: Krookodile|Crunch|p2a: Farigiraf\n|-supereffective|p2a: Farigiraf|1\n|-damage|p2a: Farigiraf|31/100\n|-enditem|p2a: Farigiraf|Sitrus Berry|[eat]\n|-heal|p2a: Farigiraf|56/100|[from] item: Sitrus Berry\n|\n|upkeep\n|turn|3\n|\n|t:|1776059722\n|move|p2b: Sableye|Will-O-Wisp|p1a: Victreebel\n|-status|p1a: Victreebel|brn\n|move|p2a: Farigiraf|Psychic|p1a: Victreebel\n|-supereffective|p1a: Victreebel|1\n|-damage|p1a: Victreebel|0 fnt\n|-damage|p2a: Farigiraf|0 fnt|[from] ability: Innards Out|[of] p1a: Victreebel\n|faint|p1a: Victreebel\n|faint|p2a: Farigiraf\n|move|p1b: Krookodile|Crunch|p2b: Sableye\n|-damage|p2b: Sableye|58/100\n|\n|upkeep\n|\n|t:|1776059734\n|switch|p2a: Rotom|Rotom-Wash, L50, shiny|100/100\n|switch|p1a: Pelipper|Pelipper, L50, M|100/100\n|-weather|RainDance|[from] ability: Drizzle|[of] p1a: Pelipper\n|turn|4\n|\n|t:|1776059756\n|move|p2b: Sableye|Quash|p1a: Pelipper\n|-activate|p1a: Pelipper|move: Quash\n|move|p2a: Rotom|Hydro Pump|p1b: Krookodile\n|-supereffective|p1b: Krookodile|1\n|-damage|p1b: Krookodile|0 fnt\n|faint|p1b: Krookodile\n|move|p1a: Pelipper|Muddy Water|p2b: Sableye|[spread] p2a\n|-miss|p1a: Pelipper|p2b: Sableye\n|-resisted|p2a: Rotom|1\n|-damage|p2a: Rotom|76/100\n|\n|-weather|RainDance|[upkeep]\n|-heal|p2a: Rotom|81/100|[from] item: Leftovers\n|upkeep\n|\n|t:|1776059771\n|switch|p1b: Basculegion|Basculegion, L50, M|100/100\n|turn|5\n|\n|t:|1776059786\n|move|p1b: Basculegion|Protect|p1b: Basculegion\n|-singleturn|p1b: Basculegion|Protect\n|move|p2b: Sableye|Will-O-Wisp|p1b: Basculegion\n|-activate|p1b: Basculegion|move: Protect\n|move|p2a: Rotom|Thunderbolt|p1a: Pelipper\n|-supereffective|p1a: Pelipper|2\n|-damage|p1a: Pelipper|0 fnt\n|faint|p1a: Pelipper\n|\n|-weather|RainDance|[upkeep]\n|-heal|p2a: Rotom|87/100|[from] item: Leftovers\n|-fieldend|move: Trick Room\n|upkeep\n|turn|6\n|j| 21Kieran\n|\n|t:|1776059803\n|move|p2b: Sableye|Will-O-Wisp|p1b: Basculegion\n|-status|p1b: Basculegion|brn\n|move|p1b: Basculegion|Last Respects|p2a: Rotom\n|-damage|p2a: Rotom|39/100\n|move|p2a: Rotom|Thunderbolt|p1b: Basculegion\n|-supereffective|p1b: Basculegion|1\n|-damage|p1b: Basculegion|0 fnt\n|faint|p1b: Basculegion\n|\n|win|Thogi_\n|n|\u2606TheParasectKing|theparasectking\n|n|\u2606Thogi_|thogi\n|n| 21Kieran|21kieran\n",
  "uploadtime": 1776059808,
  "views": 9,
  "formatid": "gen9championsvgc2026regma",
  "rating": null,
  "private": 0,
  "password": null
}