{
  "id": "gen9championsvgc2026regma-2587630627",
  "format": "[Gen 9 Champions] VGC 2026 Reg M-A",
  "players": [
    "capt_dx",
    "KennarDH"
  ],
  "log": "|j|\u2606capt_dx\n|j|\u2606KennarDH\n|t:|1776548575\n|gametype|doubles\n|player|p1|capt_dx|cynthia-gen4|1249\n|player|p2|KennarDH|rocketgruntf|1257\n|gen|9\n|tier|[Gen 9 Champions] VGC 2026 Reg M-A\n|rated|\n|rule|Species Clause: Limit one of each Pok\u00e9mon\n|rule|Item Clause: Limit 1 of each item\n|clearpoke\n|poke|p1|Froslass, L50, F|\n|poke|p1|Glaceon, L50, M|\n|poke|p1|Aerodactyl, L50, F|\n|poke|p1|Orthworm, L50, F|\n|poke|p1|Garchomp, L50, M|\n|poke|p1|Milotic, L50, F|\n|poke|p2|Froslass, L50, F|\n|poke|p2|Glaceon, L50, M|\n|poke|p2|Slowking, L50, F|\n|poke|p2|Raichu-Alola, L50, F|\n|poke|p2|Quaquaval, L50, F|\n|poke|p2|Kangaskhan, L50, F|\n|teampreview|4\n|inactive|Battle timer is ON: inactive players will automatically lose when time's up. (requested by capt_dx)\n|\n|t:|1776548607\n|teamsize|p1|4\n|teamsize|p2|4\n|start\n|switch|p1a: Orthworm|Orthworm, L50, F|100/100\n|switch|p1b: Garchomp|Garchomp, L50, M|100/100\n|switch|p2a: Slowking|Slowking, L50, F|100/100\n|switch|p2b: Raichu|Raichu-Alola, L50, F|100/100\n|turn|1\n|\n|t:|1776548621\n|move|p2b: Raichu|Fake Out|p1a: Orthworm\n|-resisted|p1a: Orthworm|1\n|-damage|p1a: Orthworm|98/100\n|move|p1b: Garchomp|Rock Slide|p2b: Raichu|[spread] p2a,p2b\n|-damage|p2a: Slowking|85/100\n|-damage|p2b: Raichu|57/100\n|cant|p1a: Orthworm|flinch\n|move|p2a: Slowking|Trick Room|p2a: Slowking\n|-fieldstart|move: Trick Room|[of] p2a: Slowking\n|\n|upkeep\n|turn|2\n|\n|t:|1776548643\n|switch|p2b: Quaquaval|Quaquaval, L50, F|100/100\n|move|p2a: Slowking|Scald|p1a: Orthworm\n|-damage|p1a: Orthworm|59/100\n|move|p1a: Orthworm|Heavy Slam|p2b: Quaquaval\n|-resisted|p2b: Quaquaval|1\n|-damage|p2b: Quaquaval|83/100\n|move|p1b: Garchomp|Earthquake|p2a: Slowking|[spread] p2a,p2b\n|-heal|p1a: Orthworm|84/100|[from] ability: Earth Eater|[of] p1b: Garchomp\n|-damage|p2a: Slowking|51/100\n|-damage|p2b: Quaquaval|35/100\n|\n|upkeep\n|turn|3\n|\n|t:|1776548666\n|move|p1a: Orthworm|Protect|p1a: Orthworm\n|-singleturn|p1a: Orthworm|Protect\n|move|p1b: Garchomp|Protect|p1b: Garchomp\n|-singleturn|p1b: Garchomp|Protect\n|move|p2a: Slowking|Scald|p1b: Garchomp\n|-activate|p1b: Garchomp|move: Protect\n|move|p2b: Quaquaval|Close Combat|p1a: Orthworm\n|-activate|p1a: Orthworm|move: Protect\n|\n|upkeep\n|turn|4\n|\n|t:|1776548686\n|move|p2a: Slowking|Scald|p1b: Garchomp\n|-damage|p1b: Garchomp|69/100\n|move|p1a: Orthworm|Body Press|p2b: Quaquaval\n|-damage|p2b: Quaquaval|2/100\n|move|p2b: Quaquaval|Close Combat|p1b: Garchomp\n|-crit|p1b: Garchomp\n|-damage|p1b: Garchomp|0 fnt\n|-unboost|p2b: Quaquaval|def|1\n|-unboost|p2b: Quaquaval|spd|1\n|-damage|p2b: Quaquaval|0 fnt|[from] ability: Rough Skin|[of] p1b: Garchomp\n|faint|p1b: Garchomp\n|faint|p2b: Quaquaval\n|\n|upkeep\n|\n|t:|1776548703\n|switch|p2b: Froslass|Froslass, L50, F|100/100\n|switch|p1b: Glaceon|Glaceon, L50, M|100/100\n|turn|5\n|\n|t:|1776548714\n|move|p2b: Froslass|Protect|p2b: Froslass\n|-singleturn|p2b: Froslass|Protect\n|move|p2a: Slowking|Scald|p1a: Orthworm\n|-damage|p1a: Orthworm|47/100\n|-enditem|p1a: Orthworm|Sitrus Berry|[eat]\n|-heal|p1a: Orthworm|72/100|[from] item: Sitrus Berry\n|move|p1a: Orthworm|Heavy Slam|p2b: Froslass\n|-activate|p2b: Froslass|move: Protect\n|move|p1b: Glaceon|Calm Mind|p1b: Glaceon\n|-boost|p1b: Glaceon|spa|1\n|-boost|p1b: Glaceon|spd|1\n|\n|-fieldend|move: Trick Room\n|upkeep\n|turn|6\n|\n|t:|1776548735\n|detailschange|p2b: Froslass|Froslass-Mega, L50, F\n|-mega|p2b: Froslass|Froslass|Froslassite\n|-weather|Snowscape|[from] ability: Snow Warning|[of] p2b: Froslass\n|move|p2b: Froslass|Aurora Veil|p2b: Froslass\n|-sidestart|p2: KennarDH|move: Aurora Veil\n|move|p1b: Glaceon|Freeze-Dry|p2a: Slowking\n|-supereffective|p2a: Slowking|1\n|-damage|p2a: Slowking|0 fnt\n|faint|p2a: Slowking\n|move|p1a: Orthworm|Heavy Slam|p2b: Froslass\n|-supereffective|p2b: Froslass|1\n|-damage|p2b: Froslass|61/100\n|\n|-weather|Snowscape|[upkeep]\n|upkeep\n|\n|t:|1776548746\n|switch|p2a: Raichu|Raichu-Alola, L50, F|57/100\n|turn|7\n|\n|t:|1776548761\n|move|p2a: Raichu|Fake Out|p1a: Orthworm\n|-resisted|p1a: Orthworm|1\n|-damage|p1a: Orthworm|70/100\n|move|p2b: Froslass|Shadow Ball|p1b: Glaceon|[miss]\n|-miss|p2b: Froslass|p1b: Glaceon\n|move|p1b: Glaceon|Blizzard|p2b: Froslass|[spread] p2a,p2b\n|-resisted|p2b: Froslass|1\n|-damage|p2a: Raichu|0 fnt\n|-damage|p2b: Froslass|31/100\n|faint|p2a: Raichu\n|cant|p1a: Orthworm|flinch\n|\n|-weather|Snowscape|[upkeep]\n|upkeep\n|turn|8\n|-message|KennarDH forfeited.\n|\n|win|capt_dx\n|raw|capt_dx's rating: 1249 &rarr; <strong>1275</strong><br />(+26 for winning)\n|raw|KennarDH's rating: 1257 &rarr; <strong>1231</strong><br />(-26 for losing)\n|l|\u2606capt_dx\n|player|p1|\n",
  "uploadtime": 1776548774,
  "views": 20,
  "formatid": "gen9championsvgc2026regma",
  "rating": 1231,
  "private": 0,
  "password": null
}