{
  "id": "gen9championsvgc2026regma-2588313277",
  "format": "[Gen 9 Champions] VGC 2026 Reg M-A",
  "players": [
    "BeckyTheLesb",
    "Alfredope"
  ],
  "log": "|j|\u2606BeckyTheLesb\n|j|\u2606Alfredope\n|t:|1776623259\n|gametype|doubles\n|player|p1|BeckyTheLesb|265|1170\n|player|p2|Alfredope|n|1142\n|gen|9\n|tier|[Gen 9 Champions] VGC 2026 Reg M-A\n|rated|\n|rule|Species Clause: Limit one of each Pok\u00e9mon\n|rule|Item Clause: Limit 1 of each item\n|clearpoke\n|poke|p1|Aerodactyl, L50, F|\n|poke|p1|Froslass, L50, F|\n|poke|p1|Orthworm, L50, F, shiny|\n|poke|p1|Milotic, L50, F|\n|poke|p1|Beedrill, L50, F|\n|poke|p1|Kommo-o, L50, M|\n|poke|p2|Crabominable, L50, M, shiny|\n|poke|p2|Mr. Rime, L50, M, shiny|\n|poke|p2|Sinistcha-Masterpiece, L50|\n|poke|p2|Primarina, L50, M|\n|poke|p2|Incineroar, L50, M, shiny|\n|poke|p2|Rhyperior, L50, M|\n|teampreview|4\n|\n|t:|1776623282\n|teamsize|p1|4\n|teamsize|p2|4\n|start\n|switch|p1a: Aerodactyl|Aerodactyl, L50, F|100/100\n|switch|p1b: Orthworm|Orthworm, L50, F, shiny|100/100\n|switch|p2a: Crabominable|Crabominable, L50, M, shiny|100/100\n|switch|p2b: Mr. Rime|Mr. Rime, L50, M, shiny|100/100\n|-ability|p1a: Aerodactyl|Unnerve\n|turn|1\n|\n|t:|1776623327\n|move|p2a: Crabominable|Protect|p2a: Crabominable\n|-singleturn|p2a: Crabominable|Protect\n|move|p1a: Aerodactyl|Tailwind|p1a: Aerodactyl\n|-sidestart|p1: BeckyTheLesb|move: Tailwind\n|move|p1b: Orthworm|Shed Tail|p1b: Orthworm\n|-start|p1b: Orthworm|Substitute|[from] move: Shed Tail\n|-damage|p1b: Orthworm|50/100\n|-enditem|p1b: Orthworm|Sitrus Berry|[eat]\n|-heal|p1b: Orthworm|75/100|[from] item: Sitrus Berry\n|\n|t:|1776623336\n|switch|p1b: Kommo-o|Kommo-o, L50, M|100/100|[from] Shed Tail\n|move|p2b: Mr. Rime|Trick Room|p2b: Mr. Rime\n|-fieldstart|move: Trick Room|[of] p2b: Mr. Rime\n|\n|upkeep\n|turn|2\n|\n|t:|1776623373\n|switch|p1a: Orthworm|Orthworm, L50, F, shiny|75/100\n|move|p2a: Crabominable|Ice Hammer|p1a: Orthworm\n|-resisted|p1a: Orthworm|1\n|-damage|p1a: Orthworm|56/100\n|-unboost|p2a: Crabominable|spe|1\n|move|p2b: Mr. Rime|Frost Breath|p2a: Crabominable\n|-resisted|p2a: Crabominable|1\n|-crit|p2a: Crabominable\n|-damage|p2a: Crabominable|76/100\n|-setboost|p2a: Crabominable|atk|6|[from] ability: Anger Point\n|move|p1b: Kommo-o|Earthquake|p2a: Crabominable|[spread] p2a,p2b\n|-heal|p1a: Orthworm|81/100|[from] ability: Earth Eater|[of] p1b: Kommo-o\n|-damage|p2a: Crabominable|57/100\n|-damage|p2b: Mr. Rime|77/100\n|\n|upkeep\n|turn|3\n|\n|t:|1776623393\n|switch|p2b: Sinistcha|Sinistcha-Masterpiece, L50|100/100\n|-heal|p2a: Crabominable|82/100|[from] ability: Hospitality|[of] p2b: Sinistcha\n|detailschange|p2a: Crabominable|Crabominable-Mega, L50, M, shiny\n|-mega|p2a: Crabominable|Crabominable|Crabominite\n|move|p2a: Crabominable|Protect|p2a: Crabominable\n|-singleturn|p2a: Crabominable|Protect\n|move|p1a: Orthworm|Iron Head|p2a: Crabominable\n|-activate|p2a: Crabominable|move: Protect\n|move|p1b: Kommo-o|Body Press|p2a: Crabominable\n|-activate|p2a: Crabominable|move: Protect\n|\n|upkeep\n|turn|4\n|\n|t:|1776623436\n|switch|p1a: Aerodactyl|Aerodactyl, L50, F|100/100\n|-ability|p1a: Aerodactyl|Unnerve\n|move|p2a: Crabominable|Close Combat|p1a: Aerodactyl\n|-enditem|p1a: Aerodactyl|Focus Sash\n|-damage|p1a: Aerodactyl|1/100\n|-unboost|p2a: Crabominable|def|1\n|-unboost|p2a: Crabominable|spd|1\n|move|p2b: Sinistcha|Matcha Gotcha|p1b: Kommo-o|[spread] p1a,p1b\n|-resisted|p1b: Kommo-o|1\n|-activate|p1b: Kommo-o|move: Substitute|[damage]\n|-damage|p1a: Aerodactyl|0 fnt\n|faint|p1a: Aerodactyl\n|move|p1b: Kommo-o|Bulk Up|p1b: Kommo-o\n|-boost|p1b: Kommo-o|atk|1\n|-boost|p1b: Kommo-o|def|1\n|\n|-sideend|p1: BeckyTheLesb|move: Tailwind\n|upkeep\n|\n|t:|1776623455\n|switch|p1a: Orthworm|Orthworm, L50, F, shiny|81/100\n|turn|5\n|\n|t:|1776623472\n|move|p1a: Orthworm|Protect|p1a: Orthworm\n|-singleturn|p1a: Orthworm|Protect\n|move|p1b: Kommo-o|Protect|p1b: Kommo-o\n|-singleturn|p1b: Kommo-o|Protect\n|move|p2a: Crabominable|Ice Hammer|p1b: Kommo-o\n|-activate|p1b: Kommo-o|move: Protect\n|move|p2b: Sinistcha|Shadow Ball|p1a: Orthworm\n|-activate|p1a: Orthworm|move: Protect\n|\n|-fieldend|move: Trick Room\n|upkeep\n|turn|6\n|\n|t:|1776623487\n|move|p2a: Crabominable|Protect|p2a: Crabominable\n|-singleturn|p2a: Crabominable|Protect\n|move|p1b: Kommo-o|Body Press|p2a: Crabominable\n|-activate|p2a: Crabominable|move: Protect\n|move|p1a: Orthworm|Shed Tail|p1a: Orthworm\n|-start|p1a: Orthworm|Substitute|[from] move: Shed Tail\n|-damage|p1a: Orthworm|31/100\n|\n|t:|1776623495\n|switch|p1a: Beedrill|Beedrill, L50, F|100/100|[from] Shed Tail\n|move|p2b: Sinistcha|Trick Room|p2b: Sinistcha\n|-fieldstart|move: Trick Room|[of] p2b: Sinistcha\n|\n|upkeep\n|turn|7\n|\n|t:|1776623521\n|detailschange|p1a: Beedrill|Beedrill-Mega, L50, F\n|-mega|p1a: Beedrill|Beedrill|Beedrillite\n|move|p2a: Crabominable|Ice Hammer|p1a: Beedrill\n|-end|p1a: Beedrill|Substitute\n|-unboost|p2a: Crabominable|spe|1\n|move|p2b: Sinistcha|Shadow Ball|p1b: Kommo-o\n|-end|p1b: Kommo-o|Substitute\n|move|p1b: Kommo-o|Body Press|p2a: Crabominable\n|-supereffective|p2a: Crabominable|1\n|-damage|p2a: Crabominable|0 fnt\n|faint|p2a: Crabominable\n|move|p1a: Beedrill|Poison Jab|p2b: Sinistcha\n|-damage|p2b: Sinistcha|44/100\n|-status|p2b: Sinistcha|psn\n|-enditem|p2b: Sinistcha|Sitrus Berry|[eat]\n|-heal|p2b: Sinistcha|69/100 psn|[from] item: Sitrus Berry\n|\n|-damage|p2b: Sinistcha|57/100 psn|[from] psn\n|upkeep\n|\n|t:|1776623532\n|switch|p2a: Primarina|Primarina, L50, M|100/100\n|turn|8\n|\n|t:|1776623551\n|switch|p2b: Mr. Rime|Mr. Rime, L50, M, shiny|77/100\n|move|p1b: Kommo-o|Protect|p1b: Kommo-o\n|-singleturn|p1b: Kommo-o|Protect\n|move|p2a: Primarina|Dazzling Gleam|p1a: Beedrill|[spread] p1a\n|-activate|p1b: Kommo-o|move: Protect\n|-resisted|p1a: Beedrill|1\n|-damage|p1a: Beedrill|77/100\n|move|p1a: Beedrill|Poison Jab|p2a: Primarina\n|-supereffective|p2a: Primarina|1\n|-damage|p2a: Primarina|0 fnt\n|faint|p2a: Primarina\n|\n|upkeep\n|\n|t:|1776623561\n|switch|p2a: Sinistcha|Sinistcha-Masterpiece, L50|57/100 psn\n|-heal|p2b: Mr. Rime|100/100|[from] ability: Hospitality|[of] p2a: Sinistcha\n|turn|9\n|\n|t:|1776623587\n|move|p2b: Mr. Rime|Psychic|p1a: Beedrill\n|-supereffective|p1a: Beedrill|1\n|-damage|p1a: Beedrill|0 fnt\n|faint|p1a: Beedrill\n|move|p2a: Sinistcha|Strength Sap|p1b: Kommo-o\n|-unboost|p1b: Kommo-o|atk|1\n|-heal|p2a: Sinistcha|100/100 psn\n|move|p1b: Kommo-o|Body Press|p2b: Mr. Rime\n|-damage|p2b: Mr. Rime|7/100\n|\n|-damage|p2a: Sinistcha|88/100 psn|[from] psn\n|upkeep\n|\n|t:|1776623599\n|switch|p1a: Orthworm|Orthworm, L50, F, shiny|31/100\n|turn|10\n|\n|t:|1776623609\n|move|p2b: Mr. Rime|Protect|p2b: Mr. Rime\n|-singleturn|p2b: Mr. Rime|Protect\n|move|p1a: Orthworm|Protect|p1a: Orthworm\n|-singleturn|p1a: Orthworm|Protect\n|move|p1b: Kommo-o|Protect|p1b: Kommo-o\n|-singleturn|p1b: Kommo-o|Protect\n|move|p2a: Sinistcha|Shadow Ball|p1a: Orthworm\n|-activate|p1a: Orthworm|move: Protect\n|\n|-damage|p2a: Sinistcha|76/100 psn|[from] psn\n|-fieldend|move: Trick Room\n|upkeep\n|turn|11\n|\n|t:|1776623628\n|move|p1b: Kommo-o|Earthquake|p2b: Mr. Rime|[spread] p2a,p2b\n|-heal|p1a: Orthworm|56/100|[from] ability: Earth Eater|[of] p1b: Kommo-o\n|-resisted|p2a: Sinistcha|1\n|-damage|p2a: Sinistcha|67/100 psn\n|-damage|p2b: Mr. Rime|0 fnt\n|faint|p2b: Mr. Rime\n|move|p2a: Sinistcha|Shadow Ball|p1a: Orthworm\n|-damage|p1a: Orthworm|0 fnt\n|faint|p1a: Orthworm\n|\n|-damage|p2a: Sinistcha|55/100 psn|[from] psn\n|upkeep\n|turn|12\n|\n|t:|1776623646\n|move|p1b: Kommo-o|Earthquake|p2a: Sinistcha\n|-resisted|p2a: Sinistcha|1\n|-damage|p2a: Sinistcha|43/100 psn\n|move|p2a: Sinistcha|Trick Room|p2a: Sinistcha\n|-fieldstart|move: Trick Room|[of] p2a: Sinistcha\n|\n|-damage|p2a: Sinistcha|31/100 psn|[from] psn\n|upkeep\n|turn|13\n|\n|t:|1776623659\n|move|p2a: Sinistcha|Strength Sap|p1b: Kommo-o\n|-unboost|p1b: Kommo-o|atk|1\n|-heal|p2a: Sinistcha|97/100 psn\n|-enditem|p1b: Kommo-o|White Herb\n|-clearnegativeboost|p1b: Kommo-o|[silent]\n|move|p1b: Kommo-o|Earthquake|p2a: Sinistcha\n|-resisted|p2a: Sinistcha|1\n|-damage|p2a: Sinistcha|86/100 psn\n|\n|-damage|p2a: Sinistcha|74/100 psn|[from] psn\n|upkeep\n|turn|14\n|\n|t:|1776623676\n|move|p2a: Sinistcha|Matcha Gotcha|p1b: Kommo-o\n|-resisted|p1b: Kommo-o|1\n|-damage|p1b: Kommo-o|77/100\n|-heal|p2a: Sinistcha|84/100 psn|[from] drain|[of] p1b: Kommo-o\n|move|p1b: Kommo-o|Bulk Up|p1b: Kommo-o\n|-boost|p1b: Kommo-o|atk|1\n|-boost|p1b: Kommo-o|def|1\n|\n|-damage|p2a: Sinistcha|71/100 psn|[from] psn\n|upkeep\n|turn|15\n|\n|t:|1776623686\n|move|p1b: Kommo-o|Protect|p1b: Kommo-o\n|-singleturn|p1b: Kommo-o|Protect\n|move|p2a: Sinistcha|Strength Sap|p1b: Kommo-o\n|-activate|p1b: Kommo-o|move: Protect\n|\n|-damage|p2a: Sinistcha|59/100 psn|[from] psn\n|upkeep\n|turn|16\n|\n|t:|1776623700\n|move|p2a: Sinistcha|Strength Sap|p1b: Kommo-o\n|-unboost|p1b: Kommo-o|atk|1\n|-heal|p2a: Sinistcha|100/100 psn\n|move|p1b: Kommo-o|Earthquake|p2a: Sinistcha\n|-resisted|p2a: Sinistcha|1\n|-damage|p2a: Sinistcha|90/100 psn\n|\n|-damage|p2a: Sinistcha|77/100 psn|[from] psn\n|-fieldend|move: Trick Room\n|upkeep\n|turn|17\n|\n|t:|1776623716\n|move|p1b: Kommo-o|Earthquake|p2a: Sinistcha\n|-resisted|p2a: Sinistcha|1\n|-damage|p2a: Sinistcha|66/100 psn\n|move|p2a: Sinistcha|Trick Room|p2a: Sinistcha\n|-fieldstart|move: Trick Room|[of] p2a: Sinistcha\n|\n|-damage|p2a: Sinistcha|54/100 psn|[from] psn\n|upkeep\n|turn|18\n|\n|t:|1776623727\n|move|p1b: Kommo-o|Protect|p1b: Kommo-o\n|-singleturn|p1b: Kommo-o|Protect\n|move|p2a: Sinistcha|Matcha Gotcha|p1b: Kommo-o\n|-activate|p1b: Kommo-o|move: Protect\n|\n|-damage|p2a: Sinistcha|42/100 psn|[from] psn\n|upkeep\n|turn|19\n|\n|t:|1776623737\n|move|p2a: Sinistcha|Matcha Gotcha|p1b: Kommo-o\n|-resisted|p1b: Kommo-o|1\n|-damage|p1b: Kommo-o|50/100\n|-heal|p2a: Sinistcha|53/100 psn|[from] drain|[of] p1b: Kommo-o\n|move|p1b: Kommo-o|Earthquake|p2a: Sinistcha\n|-resisted|p2a: Sinistcha|1\n|-damage|p2a: Sinistcha|42/100 psn\n|\n|-damage|p2a: Sinistcha|30/100 psn|[from] psn\n|upkeep\n|turn|20\n|\n|t:|1776623748\n|move|p1b: Kommo-o|Protect|p1b: Kommo-o\n|-singleturn|p1b: Kommo-o|Protect\n|move|p2a: Sinistcha|Strength Sap|p1b: Kommo-o\n|-activate|p1b: Kommo-o|move: Protect\n|\n|-damage|p2a: Sinistcha|17/100 psn|[from] psn\n|upkeep\n|turn|21\n|inactive|Battle timer is ON: inactive players will automatically lose when time's up. (requested by Alfredope)\n|\n|t:|1776623763\n|move|p1b: Kommo-o|Protect||[still]\n|-fail|p1b: Kommo-o\n|move|p2a: Sinistcha|Strength Sap|p1b: Kommo-o\n|-unboost|p1b: Kommo-o|atk|1\n|-heal|p2a: Sinistcha|83/100 psn\n|\n|-damage|p2a: Sinistcha|71/100 psn|[from] psn\n|-fieldend|move: Trick Room\n|upkeep\n|turn|22\n|c|\u2606Alfredope|we gonna be here for a while gng\n|\n|t:|1776623775\n|move|p1b: Kommo-o|Earthquake|p2a: Sinistcha\n|-resisted|p2a: Sinistcha|1\n|-damage|p2a: Sinistcha|64/100 psn\n|move|p2a: Sinistcha|Trick Room|p2a: Sinistcha\n|-fieldstart|move: Trick Room|[of] p2a: Sinistcha\n|\n|-damage|p2a: Sinistcha|52/100 psn|[from] psn\n|upkeep\n|turn|23\n|\n|t:|1776623784\n|move|p2a: Sinistcha|Shadow Ball|p1b: Kommo-o\n|-crit|p1b: Kommo-o\n|-damage|p1b: Kommo-o|0 fnt\n|faint|p1b: Kommo-o\n|\n|win|Alfredope\n|raw|BeckyTheLesb's rating: 1170 &rarr; <strong>1143</strong><br />(-27 for losing)\n|raw|Alfredope's rating: 1142 &rarr; <strong>1169</strong><br />(+27 for winning)\n|c|\u2606Alfredope|HUH\n|c|\u2606BeckyTheLesb|gg\n|c|\u2606Alfredope|gg\n|c|\u2606BeckyTheLesb|fuck\n|c|\u2606Alfredope|i didnt think that would even kill\n",
  "uploadtime": 1776623810,
  "views": 17,
  "formatid": "gen9championsvgc2026regma",
  "rating": 1143,
  "private": 0,
  "password": null
}