{
  "id": "gen9championsvgc2026regma-2586653261",
  "format": "[Gen 9 Champions] VGC 2026 Reg M-A",
  "players": [
    "Xelemental 4ever",
    "Demoledorsus"
  ],
  "log": "|j|\u2606Xelemental 4ever\n|j|\u2606Demoledorsus\n|t:|1776449631\n|gametype|doubles\n|player|p1|Xelemental 4ever|2|1215\n|player|p2|Demoledorsus|101|1217\n|gen|9\n|tier|[Gen 9 Champions] VGC 2026 Reg M-A\n|rated|\n|rule|Species Clause: Limit one of each Pok\u00e9mon\n|rule|Item Clause: Limit 1 of each item\n|clearpoke\n|poke|p1|Froslass, L50, F|\n|poke|p1|Empoleon, L50, F|\n|poke|p1|Tsareena, L50, F|\n|poke|p1|Garchomp, L50, M|\n|poke|p1|Armarouge, L50, F|\n|poke|p1|Sableye, L50, F|\n|poke|p2|Aggron, L50, M|\n|poke|p2|Azumarill, L50, F|\n|poke|p2|Sinistcha, L50|\n|poke|p2|Torkoal, L50, M|\n|poke|p2|Farigiraf, L50, M|\n|poke|p2|Sneasler, L50, F|\n|teampreview|4\n|c|\u2606Xelemental 4ever|Gl hf\n|l|\u2606Xelemental 4ever\n|player|p1|\n|j|\u2606Xelemental 4ever\n|player|p1|Xelemental 4ever|2|\n|inactive|Battle timer is ON: inactive players will automatically lose when time's up. (requested by Demoledorsus)\n|c|\u2606Demoledorsus|gfhl :D\n|\n|t:|1776449682\n|teamsize|p1|4\n|teamsize|p2|4\n|start\n|switch|p1a: Garchomp|Garchomp, L50, M|100/100\n|switch|p1b: Armarouge|Armarouge, L50, F|100/100\n|switch|p2a: THE WALL|Aggron, L50, M|100/100\n|switch|p2b: Farigiraf|Farigiraf, L50, M|100/100\n|turn|1\n|\n|t:|1776449697\n|detailschange|p2a: THE WALL|Aggron-Mega, L50, M\n|-mega|p2a: THE WALL|Aggron|Aggronite\n|move|p2a: THE WALL|Protect|p2a: THE WALL\n|-singleturn|p2a: THE WALL|Protect\n|move|p1b: Armarouge|Wide Guard|p1b: Armarouge\n|-singleturn|p1b: Armarouge|Wide Guard\n|move|p1a: Garchomp|Earthquake|p2a: THE WALL|[spread] p2b\n|-activate|p1b: Armarouge|move: Wide Guard\n|-activate|p2a: THE WALL|move: Protect\n|-damage|p2b: Farigiraf|51/100\n|move|p2b: Farigiraf|Trick Room|p2b: Farigiraf\n|-fieldstart|move: Trick Room|[of] p2b: Farigiraf\n|\n|upkeep\n|turn|2\n|\n|t:|1776449716\n|move|p2a: THE WALL|Heavy Slam|p1a: Garchomp\n|-damage|p1a: Garchomp|53/100\n|-damage|p2a: THE WALL|88/100|[from] ability: Rough Skin|[of] p1a: Garchomp\n|move|p2b: Farigiraf|Hyper Voice|p1b: Armarouge|[spread] p1a,p1b\n|-damage|p1a: Garchomp|16/100\n|-damage|p1b: Armarouge|61/100\n|move|p1b: Armarouge|Heat Wave|p2a: THE WALL|[spread] p2b\n|-miss|p1b: Armarouge|p2a: THE WALL\n|-damage|p2b: Farigiraf|6/100\n|move|p1a: Garchomp|Dragon Claw|p2b: Farigiraf\n|-damage|p2b: Farigiraf|0 fnt\n|faint|p2b: Farigiraf\n|\n|upkeep\n|\n|t:|1776449721\n|switch|p2b: Azumarill|Azumarill, L50, F, shiny|100/100\n|turn|3\n|inactive|Demoledorsus has 30 seconds left.\n|inactive|Xelemental 4ever has 30 seconds left.\n|\n|t:|1776449751\n|switch|p1b: Tsareena|Tsareena, L50, F|100/100\n|move|p1a: Garchomp|Protect|p1a: Garchomp\n|-singleturn|p1a: Garchomp|Protect\n|move|p2a: THE WALL|Body Press|p1a: Garchomp\n|-activate|p1a: Garchomp|move: Protect\n|move|p2b: Azumarill|Liquidation|p1b: Tsareena\n|-resisted|p1b: Tsareena|1\n|-damage|p1b: Tsareena|72/100\n|-unboost|p1b: Tsareena|def|1\n|\n|upkeep\n|turn|4\n|\n|t:|1776449770\n|switch|p1a: Froslass|Froslass, L50, F|100/100\n|move|p2b: Azumarill|Aqua Jet||[still]\n|cant|p1b: Tsareena|ability: Queenly Majesty|Aqua Jet|[of] p2b: Azumarill\n|move|p2a: THE WALL|Body Press|p1b: Tsareena\n|-damage|p1b: Tsareena|4/100\n|move|p1b: Tsareena|Trop Kick|p2b: Azumarill\n|-supereffective|p2b: Azumarill|1\n|-damage|p2b: Azumarill|0 fnt\n|faint|p2b: Azumarill\n|\n|upkeep\n|\n|t:|1776449780\n|switch|p2b: Sinistcha|Sinistcha, L50, shiny|100/100\n|-heal|p2a: THE WALL|100/100|[from] ability: Hospitality|[of] p2b: Sinistcha\n|turn|5\n|\n|t:|1776449790\n|move|p1b: Tsareena|Protect|p1b: Tsareena\n|-singleturn|p1b: Tsareena|Protect\n|move|p1a: Froslass|Protect|p1a: Froslass\n|-singleturn|p1a: Froslass|Protect\n|move|p2a: THE WALL|Heavy Slam|p1a: Froslass\n|-activate|p1a: Froslass|move: Protect\n|move|p2b: Sinistcha|Matcha Gotcha|p1a: Froslass|[spread] \n|-activate|p1a: Froslass|move: Protect\n|-activate|p1b: Tsareena|move: Protect\n|\n|-fieldend|move: Trick Room\n|upkeep\n|turn|6\n|\n|t:|1776449807\n|detailschange|p1a: Froslass|Froslass-Mega, L50, F\n|-mega|p1a: Froslass|Froslass|Froslassite\n|-weather|Snowscape|[from] ability: Snow Warning|[of] p1a: Froslass\n|move|p1a: Froslass|Aurora Veil|p1a: Froslass\n|-sidestart|p1: Xelemental 4ever|move: Aurora Veil\n|move|p1b: Tsareena|Triple Axel|p2b: Sinistcha\n|-supereffective|p2b: Sinistcha|1\n|-damage|p2b: Sinistcha|85/100\n|-supereffective|p2b: Sinistcha|1\n|-damage|p2b: Sinistcha|60/100\n|-supereffective|p2b: Sinistcha|1\n|-crit|p2b: Sinistcha\n|-damage|p2b: Sinistcha|0 fnt\n|faint|p2b: Sinistcha\n|-hitcount|p2: Sinistcha|3\n|move|p2a: THE WALL|Heavy Slam|p1a: Froslass\n|-supereffective|p1a: Froslass|1\n|-damage|p1a: Froslass|23/100\n|\n|-weather|Snowscape|[upkeep]\n|upkeep\n|turn|7\n|\n|t:|1776449829\n|switch|p1b: Garchomp|Garchomp, L50, M|16/100\n|move|p1a: Froslass|Shadow Ball|p2a: THE WALL\n|-damage|p2a: THE WALL|43/100\n|move|p2a: THE WALL|Heavy Slam|p1a: Froslass\n|-supereffective|p1a: Froslass|1\n|-damage|p1a: Froslass|0 fnt\n|faint|p1a: Froslass\n|\n|-weather|Snowscape|[upkeep]\n|upkeep\n|\n|t:|1776449836\n|switch|p1a: Armarouge|Armarouge, L50, F|61/100\n|turn|8\n|\n|t:|1776449842\n|move|p2a: THE WALL|Protect|p2a: THE WALL\n|-singleturn|p2a: THE WALL|Protect\n|move|p1b: Garchomp|Dragon Claw|p2a: THE WALL\n|-activate|p2a: THE WALL|move: Protect\n|move|p1a: Armarouge|Heat Wave|p2a: THE WALL\n|-activate|p2a: THE WALL|move: Protect\n|\n|-weather|Snowscape|[upkeep]\n|upkeep\n|turn|9\n|\n|t:|1776449852\n|move|p2a: THE WALL|Protect||[still]\n|-fail|p2a: THE WALL\n|move|p1b: Garchomp|Dragon Claw|p2a: THE WALL\n|-resisted|p2a: THE WALL|1\n|-damage|p2a: THE WALL|34/100\n|move|p1a: Armarouge|Heat Wave|p2a: THE WALL\n|-supereffective|p2a: THE WALL|1\n|-damage|p2a: THE WALL|0 fnt\n|faint|p2a: THE WALL\n|\n|win|Xelemental 4ever\n|raw|Xelemental 4ever's rating: 1215 &rarr; <strong>1240</strong><br />(+25 for winning)\n|raw|Demoledorsus's rating: 1217 &rarr; <strong>1192</strong><br />(-25 for losing)\n|l|\u2606Demoledorsus\n|player|p2|\n|c|\u2606Xelemental 4ever|Gg\n",
  "uploadtime": 1776449868,
  "views": 35,
  "formatid": "gen9championsvgc2026regma",
  "rating": 1192,
  "private": 0,
  "password": null
}