{
  "id": "gen9championsvgc2026regma-2586709813",
  "format": "[Gen 9 Champions] VGC 2026 Reg M-A",
  "players": [
    "yunoiaj",
    "V4LCON"
  ],
  "log": "|j|\u2606yunoiaj\n|j|\u2606V4LCON\n|inactive|Battle timer is ON: inactive players will automatically lose when time's up.\n|html|<table width=\"100%\"><tr><td align=\"left\">yunoiaj</td><td align=\"right\">V4LCON</tr><tr><td align=\"left\"><i class=\"fa fa-circle-o\"></i> <i class=\"fa fa-circle-o\"></i> </td><td align=\"right\"><i class=\"fa fa-circle-o\"></i> <i class=\"fa fa-circle-o\"></i> </tr></table>\n|uhtml|bestof|<h2><strong>Game 1</strong> of <a href=\"/game-bestof3-gen9championsvgc2026regma-2586709812\">a best-of-3</a></h2>\n|t:|1776453908\n|gametype|doubles\n|player|p1|yunoiaj|blue|\n|player|p2|V4LCON|alder|\n|gen|9\n|tier|[Gen 9 Champions] VGC 2026 Reg M-A\n|rated|Tournament battle\n|rule|Species Clause: Limit one of each Pok\u00e9mon\n|rule|Item Clause: Limit 1 of each item\n|raw|<div class=\"infobox\"><details class=\"readmore\" open><summary><strong>1 custom rule:</strong></summary> bestof = 3</details></div>\n|clearpoke\n|poke|p1|Gengar, L50, M|\n|poke|p1|Incineroar, L50, F|\n|poke|p1|Araquanid, L50, M|\n|poke|p1|Pelipper, L50, M|\n|poke|p1|Lopunny, L50, M|\n|poke|p1|Slowking, L50, M|\n|poke|p2|Starmie, L50|\n|poke|p2|Garchomp, L50, M|\n|poke|p2|Aerodactyl, L50, F|\n|poke|p2|Rotom-Heat, L50|\n|poke|p2|Aegislash, L50, M|\n|poke|p2|Venusaur, L50, F|\n|teampreview|4\n|c|\u2606V4LCON|glhf\nV4LCON rejected open team sheets.\n|c|\u2606yunoiaj|glhf\n|j|@The Carkol Rider\n|inactive|yunoiaj has 60 seconds left.\n|inactive|V4LCON has 60 seconds left.\n|j| kaminjaw\n|\n|t:|1776453947\n|teamsize|p1|4\n|teamsize|p2|4\n|start\n|switch|p1a: Pelipper|Pelipper, L50, M|100/100\n|switch|p1b: Incineroar|Incineroar, L50, F|100/100\n|switch|p2a: Aerodactyl|Aerodactyl, L50, F|100/100\n|switch|p2b: Garchomp|Garchomp, L50, M|100/100\n|-ability|p2a: Aerodactyl|Unnerve\n|-weather|RainDance|[from] ability: Drizzle|[of] p1a: Pelipper\n|turn|1\n|\n|t:|1776453957\n|move|p2a: Aerodactyl|Protect|p2a: Aerodactyl\n|-singleturn|p2a: Aerodactyl|Protect\n|move|p1b: Incineroar|Fake Out|p2a: Aerodactyl\n|-activate|p2a: Aerodactyl|move: Protect\n|move|p2b: Garchomp|Rock Slide|p1b: Incineroar|[spread] p1a,p1b\n|-supereffective|p1a: Pelipper|1\n|-supereffective|p1b: Incineroar|1\n|-damage|p1a: Pelipper|54/100\n|-damage|p1b: Incineroar|71/100\n|move|p1a: Pelipper|Tailwind|p1a: Pelipper\n|-sidestart|p1: yunoiaj|move: Tailwind\n|\n|-weather|RainDance|[upkeep]\n|upkeep\n|turn|2\n|c|\u2606yunoiaj|oops no intim :)\n|inactive|yunoiaj has 30 seconds left.\n|\n|t:|1776453986\n|move|p2b: Garchomp|Rock Slide|p1b: Incineroar|[spread] p1a,p1b\n|-supereffective|p1a: Pelipper|1\n|-supereffective|p1b: Incineroar|1\n|-damage|p1a: Pelipper|6/100\n|-damage|p1b: Incineroar|41/100\n|move|p2a: Aerodactyl|Tailwind|p2a: Aerodactyl\n|-sidestart|p2: V4LCON|move: Tailwind\n|cant|p1a: Pelipper|flinch\n|move|p1b: Incineroar|Parting Shot|p2b: Garchomp\n|-unboost|p2b: Garchomp|atk|1\n|-unboost|p2b: Garchomp|spa|1\n|\n|t:|1776453995\n|switch|p1b: Slowking|Slowking, L50, M|100/100|[from] Parting Shot\n|\n|-weather|RainDance|[upkeep]\n|upkeep\n|turn|3\n|\n|t:|1776454011\n|move|p2b: Garchomp|Rock Slide|p1a: Pelipper|[spread] p1b\n|-miss|p2b: Garchomp|p1a: Pelipper\n|-damage|p1b: Slowking|84/100\n|move|p2a: Aerodactyl|Dual Wingbeat|p1b: Slowking\n|-damage|p1b: Slowking|65/100\n|-damage|p1b: Slowking|46/100\n|-hitcount|p1b: Slowking|2\n|move|p1a: Pelipper|Muddy Water|p2b: Garchomp|[spread] p2a,p2b\n|-supereffective|p2a: Aerodactyl|1\n|-enditem|p2a: Aerodactyl|Focus Sash\n|-damage|p2a: Aerodactyl|1/100\n|-damage|p2b: Garchomp|49/100\n|-unboost|p2b: Garchomp|accuracy|1\n|cant|p1b: Slowking|flinch\n|\n|-weather|RainDance|[upkeep]\n|upkeep\n|turn|4\n|\n|t:|1776454031\n|move|p2b: Garchomp|Rock Slide|p1b: Slowking|[spread] p1b\n|-miss|p2b: Garchomp|p1a: Pelipper\n|-damage|p1b: Slowking|30/100\n|move|p2a: Aerodactyl|Dual Wingbeat|p1b: Slowking\n|-damage|p1b: Slowking|10/100\n|-damage|p1b: Slowking|0 fnt\n|faint|p1b: Slowking\n|-hitcount|p1: Slowking|2\n|move|p1a: Pelipper|Muddy Water|p2a: Aerodactyl|[spread] p2b\n|-miss|p1a: Pelipper|p2a: Aerodactyl\n|-damage|p2b: Garchomp|0 fnt\n|faint|p2b: Garchomp\n|\n|-weather|RainDance|[upkeep]\n|-sideend|p1: yunoiaj|move: Tailwind\n|upkeep\n|c|\u2606V4LCON|what is happening\n|c|\u2606V4LCON|holy rng\n|c|\u2606yunoiaj|my slowking :(\n|inactive|yunoiaj has 30 seconds left.\n|inactive|yunoiaj has 20 seconds left.\n|\n|t:|1776454068\n|switch|p2b: Rotom|Rotom-Heat, L50|100/100\n|switch|p1b: Incineroar|Incineroar, L50, F|41/100\n|turn|5\n|c|\u2606V4LCON|i flinch i miss you miss\n|\n|t:|1776454080\n|move|p2a: Aerodactyl|Protect|p2a: Aerodactyl\n|-singleturn|p2a: Aerodactyl|Protect\n|move|p1a: Pelipper|Protect|p1a: Pelipper\n|-singleturn|p1a: Pelipper|Protect\n|move|p1b: Incineroar|Fake Out|p2b: Rotom\n|-damage|p2b: Rotom|89/100\n|cant|p2b: Rotom|flinch\n|\n|-weather|none\n|-sideend|p2: V4LCON|move: Tailwind\n|upkeep\n|turn|6\n|\n|t:|1776454098\n|switch|p1a: Araquanid|Araquanid, L50, M|100/100\n|move|p2a: Aerodactyl|Rock Slide|p1b: Incineroar|[spread] p1a,p1b\n|-supereffective|p1a: Araquanid|1\n|-supereffective|p1b: Incineroar|1\n|-damage|p1a: Araquanid|49/100\n|-damage|p1b: Incineroar|2/100\n|move|p2b: Rotom|Electroweb|p1a: Araquanid|[spread] p1a,p1b\n|-supereffective|p1a: Araquanid|1\n|-damage|p1a: Araquanid|24/100\n|-damage|p1b: Incineroar|0 fnt\n|-unboost|p1a: Araquanid|spe|1\n|faint|p1b: Incineroar\n|\n|upkeep\n|\n|t:|1776454109\n|switch|p1b: Pelipper|Pelipper, L50, M|6/100\n|-weather|RainDance|[from] ability: Drizzle|[of] p1b: Pelipper\n|turn|7\n|\n|t:|1776454125\n|move|p2a: Aerodactyl|Rock Slide|p1a: Araquanid|[spread] p1a,p1b\n|-supereffective|p1a: Araquanid|1\n|-supereffective|p1b: Pelipper|1\n|-damage|p1a: Araquanid|0 fnt\n|-damage|p1b: Pelipper|0 fnt\n|faint|p1a: Araquanid\n|faint|p1b: Pelipper\n|\n|win|V4LCON\n||yunoiaj is ready for game 2.\n||V4LCON is ready for game 2.\n|uhtml|next|Next: <a href=\"/battle-gen9championsvgc2026regma-2586712750\"><strong>Game 2 of 3</strong></a>\n|l|@The Carkol Rider\n",
  "uploadtime": 1776454424,
  "views": 28,
  "formatid": "gen9championsvgc2026regma",
  "rating": null,
  "private": 0,
  "password": null
}