{
  "id": "gen9championsvgc2026regma-2587077955",
  "format": "[Gen 9 Champions] VGC 2026 Reg M-A",
  "players": [
    "mrbluejello",
    "teeju"
  ],
  "log": "|j|\u2606mrbluejello\n|j|\u2606teeju\n|t:|1776490361\n|gametype|doubles\n|player|p1|mrbluejello|265|1119\n|player|p2|teeju|alder|1040\n|gen|9\n|tier|[Gen 9 Champions] VGC 2026 Reg M-A\n|rated|\n|rule|Species Clause: Limit one of each Pok\u00e9mon\n|rule|Item Clause: Limit 1 of each item\n|clearpoke\n|poke|p1|Tyranitar, L50, M|\n|poke|p1|Excadrill, L50, F|\n|poke|p1|Garchomp, L50, F|\n|poke|p1|Aerodactyl, L50, M|\n|poke|p1|Gardevoir, L50, F|\n|poke|p1|Incineroar, L50, M|\n|poke|p2|Gengar, L50, M|\n|poke|p2|Excadrill, L50, F|\n|poke|p2|Incineroar, L50, M|\n|poke|p2|Tyranitar, L50, F|\n|poke|p2|Hydreigon, L50, F|\n|poke|p2|Corviknight, L50, M|\n|teampreview|4\n|inactive|Battle timer is ON: inactive players will automatically lose when time's up. (requested by teeju)\n|\n|t:|1776490395\n|teamsize|p1|4\n|teamsize|p2|4\n|start\n|switch|p1a: Aerodactyl|Aerodactyl, L50, M|100/100\n|switch|p1b: Tyranitar|Tyranitar, L50, M|100/100\n|switch|p2a: Excadrill|Excadrill, L50, F|100/100\n|switch|p2b: Corviknight|Corviknight, L50, M|100/100\n|-ability|p1a: Aerodactyl|Unnerve\n|-weather|Sandstorm|[from] ability: Sand Stream|[of] p1b: Tyranitar\n|-ability|p2b: Corviknight|Pressure\n|turn|1\n|inactive|mrbluejello has 30 seconds left.\n|inactive|mrbluejello has 20 seconds left.\n|inactive|mrbluejello has 15 seconds left.\n|inactive|mrbluejello has 10 seconds left.\n|\n|t:|1776490440\n|switch|p1b: Incineroar|Incineroar, L50, M|100/100\n|-ability|p1b: Incineroar|Intimidate|boost\n|-unboost|p2a: Excadrill|atk|1\n|-unboost|p2b: Corviknight|atk|1\n|move|p2a: Excadrill|Rock Slide|p1a: Aerodactyl|[spread] p1a,p1b\n|-supereffective|p1a: Aerodactyl|1\n|-supereffective|p1b: Incineroar|1\n|-damage|p1a: Aerodactyl|54/100\n|-damage|p1b: Incineroar|81/100\n|move|p1a: Aerodactyl|Tailwind|p1a: Aerodactyl\n|-sidestart|p1: mrbluejello|move: Tailwind\n|move|p2b: Corviknight|Body Press|p1b: Incineroar\n|-supereffective|p1b: Incineroar|1\n|-damage|p1b: Incineroar|57/100\n|\n|-weather|Sandstorm|[upkeep]\n|-damage|p1b: Incineroar|51/100|[from] Sandstorm\n|upkeep\n|turn|2\n|inactive|teeju has 30 seconds left.\n|\n|t:|1776490468\n|move|p1b: Incineroar|Fake Out|p2a: Excadrill\n|-resisted|p2a: Excadrill|1\n|-damage|p2a: Excadrill|94/100\n|move|p1a: Aerodactyl|Rock Slide|p2a: Excadrill|[spread] p2a,p2b\n|-resisted|p2a: Excadrill|2\n|-damage|p2a: Excadrill|84/100\n|-damage|p2b: Corviknight|79/100\n|cant|p2a: Excadrill|flinch\n|move|p2b: Corviknight|Body Press|p1b: Incineroar\n|-supereffective|p1b: Incineroar|1\n|-crit|p1b: Incineroar\n|-damage|p1b: Incineroar|14/100\n|-enditem|p1b: Incineroar|Sitrus Berry|[eat]\n|-heal|p1b: Incineroar|39/100|[from] item: Sitrus Berry\n|\n|-weather|Sandstorm|[upkeep]\n|-damage|p1b: Incineroar|33/100|[from] Sandstorm\n|-heal|p2b: Corviknight|84/100|[from] item: Leftovers\n|upkeep\n|turn|3\n|\n|t:|1776490494\n|move|p1a: Aerodactyl|Rock Slide|p2b: Corviknight|[spread] p2a,p2b\n|-resisted|p2a: Excadrill|2\n|-damage|p2a: Excadrill|75/100\n|-damage|p2b: Corviknight|63/100\n|move|p2a: Excadrill|Earthquake|p1a: Aerodactyl|[spread] p1b\n|-immune|p2b: Corviknight\n|-immune|p1a: Aerodactyl\n|-supereffective|p1b: Incineroar|1\n|-crit|p1b: Incineroar\n|-damage|p1b: Incineroar|0 fnt\n|faint|p1b: Incineroar\n|cant|p2b: Corviknight|flinch\n|\n|-weather|Sandstorm|[upkeep]\n|-heal|p2b: Corviknight|69/100|[from] item: Leftovers\n|upkeep\n|\n|t:|1776490508\n|switch|p1b: Tyranitar|Tyranitar, L50, M|100/100\n|turn|4\n|\n|t:|1776490524\n|detailschange|p1b: Tyranitar|Tyranitar-Mega, L50, M\n|-mega|p1b: Tyranitar|Tyranitar|Tyranitarite\n|move|p1a: Aerodactyl|Rock Slide|p2a: Excadrill|[spread] p2a,p2b\n|-resisted|p2a: Excadrill|2\n|-damage|p2a: Excadrill|66/100\n|-damage|p2b: Corviknight|45/100\n|move|p2a: Excadrill|Rock Slide|p1b: Tyranitar|[spread] p1a,p1b\n|-supereffective|p1a: Aerodactyl|1\n|-damage|p1a: Aerodactyl|6/100\n|-damage|p1b: Tyranitar|91/100\n|move|p1b: Tyranitar|Dragon Dance|p1b: Tyranitar\n|-boost|p1b: Tyranitar|atk|1\n|-boost|p1b: Tyranitar|spe|1\n|move|p2b: Corviknight|Body Press|p1b: Tyranitar\n|-supereffective|p1b: Tyranitar|2\n|-damage|p1b: Tyranitar|46/100\n|\n|-weather|Sandstorm|[upkeep]\n|-heal|p2b: Corviknight|51/100|[from] item: Leftovers\n|-sideend|p1: mrbluejello|move: Tailwind\n|upkeep\n|turn|5\n|inactive|mrbluejello has 30 seconds left.\n|inactive|teeju has 30 seconds left.\n|\n|t:|1776490551\n|move|p1a: Aerodactyl|Protect|p1a: Aerodactyl\n|-singleturn|p1a: Aerodactyl|Protect\n|move|p1b: Tyranitar|Protect|p1b: Tyranitar\n|-singleturn|p1b: Tyranitar|Protect\n|move|p2a: Excadrill|Iron Head|p1b: Tyranitar\n|-activate|p1b: Tyranitar|move: Protect\n|move|p2b: Corviknight|Body Press|p1b: Tyranitar\n|-activate|p1b: Tyranitar|move: Protect\n|\n|-weather|none\n|-heal|p2b: Corviknight|57/100|[from] item: Leftovers\n|upkeep\n|turn|6\n|\n|t:|1776490576\n|move|p1a: Aerodactyl|Tailwind|p1a: Aerodactyl\n|-sidestart|p1: mrbluejello|move: Tailwind\n|move|p1b: Tyranitar|Knock Off|p2b: Corviknight\n|-damage|p2b: Corviknight|0 fnt\n|-enditem|p2b: Corviknight|Leftovers|[from] move: Knock Off|[of] p1b: Tyranitar\n|faint|p2b: Corviknight\n|move|p2a: Excadrill|Earthquake|p1a: Aerodactyl|[spread] p1b\n|-immune|p1a: Aerodactyl\n|-supereffective|p1b: Tyranitar|1\n|-damage|p1b: Tyranitar|10/100\n|\n|upkeep\n|\n|t:|1776490588\n|switch|p2b: Tyranitar|Tyranitar, L50, F|100/100\n|-weather|Sandstorm|[from] ability: Sand Stream|[of] p2b: Tyranitar\n|turn|7\n|inactive|teeju has 30 seconds left.\n|\n|t:|1776490616\n|detailschange|p2b: Tyranitar|Tyranitar-Mega, L50, F\n|-mega|p2b: Tyranitar|Tyranitar|Tyranitarite\n|move|p1a: Aerodactyl|Rock Slide|p2a: Excadrill|[spread] p2a,p2b\n|-resisted|p2a: Excadrill|2\n|-damage|p2a: Excadrill|57/100\n|-damage|p2b: Tyranitar|84/100\n|move|p1b: Tyranitar|Knock Off|p2a: Excadrill\n|-damage|p2a: Excadrill|0 fnt\n|-enditem|p2a: Excadrill|Focus Sash|[from] move: Knock Off|[of] p1b: Tyranitar\n|faint|p2a: Excadrill\n|cant|p2b: Tyranitar|flinch\n|\n|-weather|Sandstorm|[upkeep]\n|upkeep\n|\n|t:|1776490627\n|switch|p2a: Gengar|Gengar, L50, M|100/100\n|turn|8\n|\n|t:|1776490638\n|move|p1a: Aerodactyl|Rock Slide|p2b: Tyranitar|[spread] p2a,p2b\n|-damage|p2a: Gengar|52/100\n|-damage|p2b: Tyranitar|70/100\n|move|p1b: Tyranitar|Knock Off|p2a: Gengar\n|-supereffective|p2a: Gengar|1\n|-damage|p2a: Gengar|0 fnt\n|faint|p2a: Gengar\n|move|p2b: Tyranitar|Low Kick|p1b: Tyranitar\n|-supereffective|p1b: Tyranitar|2\n|-damage|p1b: Tyranitar|0 fnt\n|faint|p1b: Tyranitar\n|\n|-weather|Sandstorm|[upkeep]\n|upkeep\n|\n|t:|1776490654\n|switch|p1b: Gardevoir|Gardevoir, L50, F|100/100\n|turn|9\n|\n|t:|1776490659\n|move|p1a: Aerodactyl|Rock Slide|p2b: Tyranitar\n|-damage|p2b: Tyranitar|50/100\n|move|p1b: Gardevoir|Moonblast|p2b: Tyranitar\n|-supereffective|p2b: Tyranitar|1\n|-damage|p2b: Tyranitar|4/100\n|move|p2b: Tyranitar|Rock Slide|p1b: Gardevoir|[spread] p1a,p1b\n|-supereffective|p1a: Aerodactyl|1\n|-damage|p1a: Aerodactyl|0 fnt\n|-damage|p1b: Gardevoir|35/100\n|faint|p1a: Aerodactyl\n|\n|-weather|Sandstorm|[upkeep]\n|-damage|p1b: Gardevoir|30/100|[from] Sandstorm\n|-sideend|p1: mrbluejello|move: Tailwind\n|upkeep\n|turn|10\n|\n|t:|1776490681\n|move|p1b: Gardevoir|Moonblast|p2b: Tyranitar\n|-supereffective|p2b: Tyranitar|1\n|-damage|p2b: Tyranitar|0 fnt\n|faint|p2b: Tyranitar\n|\n|win|mrbluejello\n|raw|mrbluejello's rating: 1119 &rarr; <strong>1138</strong><br />(+19 for winning)\n|raw|teeju's rating: 1040 &rarr; <strong>1028</strong><br />(-12 for losing)\n|l|\u2606teeju\n|player|p2|\n",
  "uploadtime": 1776490698,
  "views": 15,
  "formatid": "gen9championsvgc2026regma",
  "rating": 1028,
  "private": 0,
  "password": null
}