{
  "id": "gen9championsvgc2026regma-2585297363",
  "format": "[Gen 9 Champions] VGC 2026 Reg M-A",
  "players": [
    "junleg-098",
    "comprestrict"
  ],
  "log": "|j|\u2606junleg-098\n|j|\u2606comprestrict\n|t:|1776335097\n|gametype|doubles\n|player|p1|junleg-098|102|1045\n|player|p2|comprestrict|266|1130\n|gen|9\n|tier|[Gen 9 Champions] VGC 2026 Reg M-A\n|rated|\n|rule|Species Clause: Limit one of each Pok\u00e9mon\n|rule|Item Clause: Limit 1 of each item\n|clearpoke\n|poke|p1|Basculegion, L50, M|\n|poke|p1|Archaludon, L50, F|\n|poke|p1|Pelipper, L50, F|\n|poke|p1|Meganium, L50, M|\n|poke|p1|Sinistcha, L50|\n|poke|p1|Sneasler, L50, F|\n|poke|p2|Hydreigon, L50, M|\n|poke|p2|Gallade, L50, M|\n|poke|p2|Drampa, L50, M|\n|poke|p2|Talonflame, L50, M|\n|poke|p2|Banette, L50, M|\n|poke|p2|Milotic, L50, F|\n|teampreview|4\n|inactive|Battle timer is ON: inactive players will automatically lose when time's up. (requested by comprestrict)\n|inactive|junleg-098 has 60 seconds left.\n|\n|t:|1776335151\n|teamsize|p1|4\n|teamsize|p2|4\n|start\n|switch|p1a: Pelipper|Pelipper, L50, F|100/100\n|switch|p1b: Sneasler|Sneasler, L50, F|100/100\n|switch|p2a: Hydreigon|Hydreigon, L50, M|100/100\n|switch|p2b: Talonflame|Talonflame, L50, M|100/100\n|-weather|RainDance|[from] ability: Drizzle|[of] p1a: Pelipper\n|turn|1\n|\n|t:|1776335166\n|move|p2b: Talonflame|Upper Hand|p1b: Sneasler\n|-resisted|p1b: Sneasler|1\n|-damage|p1b: Sneasler|83/100\n|cant|p1b: Sneasler|flinch\n|move|p2a: Hydreigon|Draco Meteor|p1b: Sneasler\n|-damage|p1b: Sneasler|0 fnt\n|-unboost|p2a: Hydreigon|spa|2\n|faint|p1b: Sneasler\n|move|p1a: Pelipper|Weather Ball|p2b: Talonflame\n|-supereffective|p2b: Talonflame|1\n|-damage|p2b: Talonflame|0 fnt\n|faint|p2b: Talonflame\n|\n|-weather|RainDance|[upkeep]\n|upkeep\n|\n|t:|1776335187\n|switch|p2b: Banette|Banette, L50, M|100/100\n|switch|p1b: Meganium|Meganium, L50, M, shiny|100/100\n|-item|p1a: Pelipper|Focus Sash|[from] ability: Frisk|[of] p2b: Banette\n|-item|p1b: Meganium|Meganiumite|[from] ability: Frisk|[of] p2b: Banette\n|turn|2\n|inactive|junleg-098 has 30 seconds left.\n|inactive|comprestrict has 30 seconds left.\n|inactive|junleg-098 has 20 seconds left.\n|inactive|junleg-098 has 15 seconds left.\n|inactive|junleg-098 has 10 seconds left.\n|\n|t:|1776335235\n|detailschange|p1b: Meganium|Meganium-Mega, L50, M, shiny\n|-mega|p1b: Meganium|Meganium|Meganiumite\n|detailschange|p2b: Banette|Banette-Mega, L50, M\n|-mega|p2b: Banette|Banette|Banettite\n|move|p2a: Hydreigon|Snarl|p1b: Meganium|[spread] p1a,p1b\n|-resisted|p1b: Meganium|1\n|-damage|p1a: Pelipper|82/100\n|-damage|p1b: Meganium|96/100\n|-unboost|p1a: Pelipper|spa|1\n|-unboost|p1b: Meganium|spa|1\n|move|p1a: Pelipper|Tailwind|p1a: Pelipper\n|-sidestart|p1: junleg-098|move: Tailwind\n|move|p1b: Meganium|Dazzling Gleam|p2a: Hydreigon|[spread] p2a,p2b\n|-supereffective|p2a: Hydreigon|2\n|-damage|p2a: Hydreigon|0 fnt\n|-damage|p2b: Banette|71/100\n|faint|p2a: Hydreigon\n|move|p2b: Banette|Poltergeist|p1b: Meganium\n|-activate|p1b: Meganium|move: Poltergeist|Meganiumite\n|-damage|p1b: Meganium|33/100\n|\n|-weather|RainDance|[upkeep]\n|upkeep\n|\n|t:|1776335253\n|switch|p2a: Drampa|Drampa, L50, M|100/100\n|-ability|p2a: Drampa|Cloud Nine\n|turn|3\n|\n|t:|1776335277\n|switch|p1a: Sinistcha|Sinistcha, L50|100/100\n|-heal|p1b: Meganium|57/100|[from] ability: Hospitality|[of] p1a: Sinistcha\n|move|p1b: Meganium|Protect|p1b: Meganium\n|-singleturn|p1b: Meganium|Protect\n|move|p2b: Banette|Destiny Bond|p2b: Banette\n|-singlemove|p2b: Banette|Destiny Bond\n|move|p2a: Drampa|Calm Mind|p2a: Drampa\n|-boost|p2a: Drampa|spa|1\n|-boost|p2a: Drampa|spd|1\n|\n|-weather|RainDance|[upkeep]\n|upkeep\n|turn|4\n|inactive|junleg-098 has 30 seconds left.\n|inactive|junleg-098 has 20 seconds left.\n|\n|t:|1776335315\n|move|p1b: Meganium|Giga Drain|p2b: Banette\n|-damage|p2b: Banette|32/100\n|-heal|p1b: Meganium|75/100|[from] drain|[of] p2b: Banette\n|move|p1a: Sinistcha|Life Dew||[still]|[spread] p1a,p1b\n|-fail|p1a: Sinistcha|heal\n|-heal|p1b: Meganium|99/100\n|move|p2b: Banette|Poltergeist|p1a: Sinistcha\n|-activate|p1a: Sinistcha|move: Poltergeist|Sitrus Berry\n|-supereffective|p1a: Sinistcha|1\n|-damage|p1a: Sinistcha|0 fnt\n|faint|p1a: Sinistcha\n|move|p2a: Drampa|Hyper Voice|p1b: Meganium\n|-damage|p1b: Meganium|37/100\n|\n|-weather|RainDance|[upkeep]\n|upkeep\n|\n|t:|1776335324\n|switch|p1a: Pelipper|Pelipper, L50, F|82/100\n|turn|5\n|\n|t:|1776335337\n|move|p2b: Banette|Taunt|p1a: Pelipper\n|-start|p1a: Pelipper|move: Taunt\n|move|p1a: Pelipper|Hurricane|p2b: Banette\n|-damage|p2b: Banette|0 fnt\n|faint|p2b: Banette\n|move|p1b: Meganium|Dazzling Gleam|p2a: Drampa\n|-supereffective|p2a: Drampa|1\n|-damage|p2a: Drampa|57/100\n|move|p2a: Drampa|Hyper Voice|p1b: Meganium|[spread] p1a,p1b\n|-damage|p1a: Pelipper|0 fnt\n|-damage|p1b: Meganium|0 fnt\n|faint|p1a: Pelipper\n|faint|p1b: Meganium\n|\n|win|comprestrict\n|raw|junleg-098's rating: 1045 &rarr; <strong>1032</strong><br />(-13 for losing)\n|raw|comprestrict's rating: 1130 &rarr; <strong>1149</strong><br />(+19 for winning)\n|l|\u2606junleg-098\n|player|p1|\n",
  "uploadtime": 1776335351,
  "views": 17,
  "formatid": "gen9championsvgc2026regma",
  "rating": 1032,
  "private": 0,
  "password": null
}