{
  "id": "gen9championsvgc2026regma-2584139615",
  "format": "[Gen 9 Champions] VGC 2026 Reg M-A",
  "players": [
    "pokeveteran04",
    "yuirs gsb"
  ],
  "log": "|j|\u2606pokeveteran04\n|j|\u2606yuirs gsb\n|t:|1776229678\n|gametype|doubles\n|player|p1|pokeveteran04|red|\n|player|p2|yuirs gsb|101|\n|gen|9\n|tier|[Gen 9 Champions] VGC 2026 Reg M-A\n|rated|Tournament battle\n|rule|Species Clause: Limit one of each Pok\u00e9mon\n|rule|Item Clause: Limit 1 of each item\n|raw|<div class=\"infobox\"><details class=\"readmore\" open><summary><strong>1 custom rule:</strong></summary> Force Open Team Sheets</details></div>\n|clearpoke\n|poke|p1|Charizard, L50, F|\n|poke|p1|Garchomp, L50, F|\n|poke|p1|Rotom-Wash, L50|\n|poke|p1|Sneasler, L50, M|\n|poke|p1|Incineroar, L50, M|\n|poke|p1|Whimsicott, L50, F|\n|poke|p2|Torkoal, L50, M|\n|poke|p2|Farigiraf, L50, M|\n|poke|p2|Maushold-Four, L50|\n|poke|p2|Whimsicott, L50, F|\n|poke|p2|Glimmora, L50, F|\n|poke|p2|Delphox, L50, M|\n|teampreview|4\n|showteam|p1|Charizard||CharizarditeY|SolarPower|HeatWave,SolarBeam,WeatherBall,Protect|||F|||50|]Garchomp||ChoiceScarf|RoughSkin|Earthquake,Bulldoze,DragonClaw,RockSlide|||F|||50|]Rotom-Wash||Leftovers|Levitate|WillOWisp,Thunderbolt,HydroPump,Protect||||||50|]Sneasler||WhiteHerb|Unburden|FakeOut,CloseCombat,RockTomb,DireClaw|||M|||50|]Incineroar||SitrusBerry|Intimidate|FakeOut,FlareBlitz,PartingShot,DarkestLariat|||M|||50|]Whimsicott||FocusSash|Prankster|Moonblast,Tailwind,Encore,Protect|||F|||50|\n|showteam|p2|Torkoal||Charcoal|Drought|Eruption,WeatherBall,Yawn,Protect|||M|||50|]Farigiraf||ColburBerry|ArmorTail|Psychic,DazzlingGleam,Protect,TrickRoom|||M|||50|]Maushold-Four||FocusSash|FriendGuard|PopulationBomb,Protect,FollowMe,Taunt||||||50|]Whimsicott||MentalHerb|Prankster|SunnyDay,Tailwind,Encore,Moonblast|||F|||50|]Glimmora||Glimmoranite|ToxicDebris|EarthPower,PowerGem,SludgeBomb,SpikyShield|||F|||50|]Delphox||Delphoxite|Magician|HeatWave,Psychic,Protect,NastyPlot|||M|||50|\n|inactive|Battle timer is ON: inactive players will automatically lose when time's up. (requested by yuirs gsb)\n|c|\u2606yuirs gsb|Glhf\n|inactive|pokeveteran04 has 60 seconds left.\n|\n|t:|1776229721\n|teamsize|p1|4\n|teamsize|p2|4\n|start\n|switch|p1a: Rotom|Rotom-Wash, L50|100/100\n|switch|p1b: Sneasler|Sneasler, L50, M|100/100\n|switch|p2a: Delphox|Delphox, L50, M|100/100\n|switch|p2b: Farigiraf|Farigiraf, L50, M|100/100\n|turn|1\n|\n|t:|1776229744\n|switch|p1b: Incineroar|Incineroar, L50, M|100/100\n|-ability|p1b: Incineroar|Intimidate|boost\n|-unboost|p2a: Delphox|atk|1\n|-unboost|p2b: Farigiraf|atk|1\n|switch|p2a: Whimsicott|Whimsicott, L50, F|100/100\n|move|p1a: Rotom|Thunderbolt|p2a: Whimsicott\n|-resisted|p2a: Whimsicott|1\n|-damage|p2a: Whimsicott|78/100\n|move|p2b: Farigiraf|Psychic|p1b: Incineroar\n|-immune|p1b: Incineroar\n|\n|upkeep\n|turn|2\n|inactive|pokeveteran04 has 30 seconds left.\n|\n|t:|1776229771\n|move|p2b: Farigiraf|Protect|p2b: Farigiraf\n|-singleturn|p2b: Farigiraf|Protect\n|move|p2a: Whimsicott|Encore|p1a: Rotom\n|-start|p1a: Rotom|Encore\n|move|p1a: Rotom|Thunderbolt|p2b: Farigiraf\n|-activate|p2b: Farigiraf|move: Protect\n|move|p1b: Incineroar|Flare Blitz|p2a: Whimsicott\n|-supereffective|p2a: Whimsicott|1\n|-damage|p2a: Whimsicott|0 fnt\n|faint|p2a: Whimsicott\n|-damage|p1b: Incineroar|79/100|[from] Recoil\n|\n|upkeep\n|\n|t:|1776229790\n|switch|p2a: Delphox|Delphox, L50, M|100/100\n|turn|3\n|\n|t:|1776229813\n|move|p2a: Delphox|Protect|p2a: Delphox\n|-singleturn|p2a: Delphox|Protect\n|move|p1a: Rotom|Thunderbolt|p2b: Farigiraf\n|-damage|p2b: Farigiraf|66/100\n|move|p1b: Incineroar|Darkest Lariat|p2b: Farigiraf\n|-supereffective|p2b: Farigiraf|1\n|-enditem|p2b: Farigiraf|Colbur Berry|[eat]\n|-enditem|p2b: Farigiraf|Colbur Berry|[weaken]\n|-damage|p2b: Farigiraf|34/100\n|move|p2b: Farigiraf|Dazzling Gleam|p1a: Rotom|[spread] p1a,p1b\n|-damage|p1a: Rotom|86/100\n|-damage|p1b: Incineroar|63/100\n|\n|-heal|p1a: Rotom|92/100|[from] item: Leftovers\n|upkeep\n|turn|4\n|\n|t:|1776229832\n|switch|p2b: Torkoal|Torkoal, L50, M|100/100\n|-weather|SunnyDay|[from] ability: Drought|[of] p2b: Torkoal\n|detailschange|p2a: Delphox|Delphox-Mega, L50, M\n|-mega|p2a: Delphox|Delphox|Delphoxite\n|move|p2a: Delphox|Heat Wave|p1b: Incineroar|[spread] p1a,p1b\n|-resisted|p1a: Rotom|1\n|-resisted|p1b: Incineroar|1\n|-damage|p1a: Rotom|57/100\n|-damage|p1b: Incineroar|33/100\n|-enditem|p1b: Incineroar|Sitrus Berry|[eat]\n|-heal|p1b: Incineroar|57/100|[from] item: Sitrus Berry\n|move|p1a: Rotom|Thunderbolt|p2a: Delphox\n|-damage|p2a: Delphox|67/100\n|move|p1b: Incineroar|Darkest Lariat|p2a: Delphox\n|-supereffective|p2a: Delphox|1\n|-damage|p2a: Delphox|0 fnt\n|faint|p2a: Delphox\n|\n|-weather|SunnyDay|[upkeep]\n|-heal|p1a: Rotom|63/100|[from] item: Leftovers\n|-end|p1a: Rotom|Encore\n|upkeep\n|\n|t:|1776229844\n|switch|p2a: Farigiraf|Farigiraf, L50, M|34/100\n|turn|5\n|\n|t:|1776229860\n|move|p1a: Rotom|Thunderbolt|p2b: Torkoal\n|-damage|p2b: Torkoal|56/100\n|-status|p2b: Torkoal|par\n|move|p1b: Incineroar|Darkest Lariat|p2a: Farigiraf\n|-supereffective|p2a: Farigiraf|1\n|-damage|p2a: Farigiraf|0 fnt\n|faint|p2a: Farigiraf\n|move|p2b: Torkoal|Weather Ball|p1b: Incineroar\n|-resisted|p1b: Incineroar|1\n|-damage|p1b: Incineroar|17/100\n|\n|-weather|SunnyDay|[upkeep]\n|-heal|p1a: Rotom|69/100|[from] item: Leftovers\n|upkeep\n|turn|6\n|c|\u2606yuirs gsb|GG\n|\n|t:|1776229874\n|move|p1a: Rotom|Thunderbolt|p2b: Torkoal\n|-damage|p2b: Torkoal|7/100 par\n|move|p1b: Incineroar|Parting Shot|p2b: Torkoal\n|-unboost|p2b: Torkoal|atk|1\n|-unboost|p2b: Torkoal|spa|1\n|c|\u2606pokeveteran04|gg\n|\n|t:|1776229880\n|switch|p1b: Garchomp|Garchomp, L50, F|100/100|[from] Parting Shot\n|move|p2b: Torkoal|Weather Ball|p1b: Garchomp\n|-resisted|p1b: Garchomp|1\n|-damage|p1b: Garchomp|73/100\n|\n|-weather|SunnyDay|[upkeep]\n|-heal|p1a: Rotom|74/100|[from] item: Leftovers\n|upkeep\n|turn|7\n|\n|t:|1776229889\n|move|p1b: Garchomp|Earthquake|p2b: Torkoal|[spread] p2b\n|-immune|p1a: Rotom|[from] ability: Levitate\n|-supereffective|p2b: Torkoal|1\n|-damage|p2b: Torkoal|0 fnt\n|faint|p2b: Torkoal\n|\n|win|pokeveteran04\n|n|\u2606pokeveteran04|pokeveteran04\n|n|\u2606yuirs gsb|yuirsgsb\n",
  "uploadtime": 1776229890,
  "views": 14,
  "formatid": "gen9championsvgc2026regma",
  "rating": null,
  "private": 0,
  "password": null
}