{
  "id": "gen9championsvgc2026regma-2581130224",
  "format": "[Gen 9 Champions] VGC 2026 Reg M-A",
  "players": [
    "cj firestorm",
    "CorporateBrimstone"
  ],
  "log": "|j|\u2606cj firestorm\n|j|\u2606CorporateBrimstone\n|t:|1775962775\n|gametype|doubles\n|player|p1|cj firestorm|harlequin|1000\n|player|p2|CorporateBrimstone|coin|1000\n|gen|9\n|tier|[Gen 9 Champions] VGC 2026 Reg M-A\n|rated|\n|rule|Species Clause: Limit one of each Pok\u00e9mon\n|rule|Item Clause: Limit 1 of each item\n|clearpoke\n|poke|p1|Torkoal, L50, F|\n|poke|p1|Whimsicott, L50, M|\n|poke|p1|Gallade, L50, M|\n|poke|p1|Typhlosion-Hisui, L50, M|\n|poke|p1|Gliscor, L50, F|\n|poke|p1|Meganium, L50, F|\n|poke|p2|Slowbro, L50, F|\n|poke|p2|Weavile, L50, M|\n|poke|p2|Sinistcha, L50|\n|poke|p2|Floette-Eternal, L50, F|\n|poke|p2|Aegislash, L50, M|\n|poke|p2|Garchomp, L50, F|\n|teampreview|4\n|inactive|Battle timer is ON: inactive players will automatically lose when time's up. (requested by CorporateBrimstone)\n|inactive|cj firestorm has 60 seconds left.\n|\n|t:|1775962828\n|teamsize|p1|4\n|teamsize|p2|4\n|start\n|switch|p1a: Torkoal|Torkoal, L50, F, shiny|100/100\n|switch|p1b: Whimsicott|Whimsicott, L50, M, shiny|100/100\n|switch|p2a: Slowbro|Slowbro, L50, F|100/100\n|switch|p2b: Weavile|Weavile, L50, M|100/100\n|-ability|p2b: Weavile|Pressure\n|-weather|SunnyDay|[from] ability: Drought|[of] p1a: Torkoal\n|turn|1\n|inactive|cj firestorm has 30 seconds left.\n|inactive|cj firestorm has 20 seconds left.\n|inactive|cj firestorm has 15 seconds left.\n|\n|t:|1775962872\n|detailschange|p2a: Slowbro|Slowbro-Mega, L50, F\n|-mega|p2a: Slowbro|Slowbro|Slowbronite\n|move|p2b: Weavile|Fake Out|p1a: Torkoal\n|-damage|p1a: Torkoal|89/100\n|move|p1b: Whimsicott|Taunt|p2a: Slowbro\n|-start|p2a: Slowbro|move: Taunt\n|cant|p2a: Slowbro|move: Taunt|Amnesia\n|cant|p1a: Torkoal|flinch\n|\n|-weather|SunnyDay|[upkeep]\n|upkeep\n|turn|2\n|inactive|CorporateBrimstone has 30 seconds left.\n|\n|t:|1775962897\n|switch|p2a: Garchomp|Garchomp, L50, F|100/100\n|move|p1b: Whimsicott|Tailwind|p1b: Whimsicott\n|-sidestart|p1: cj firestorm|move: Tailwind\n|move|p2b: Weavile|Fling|p1a: Torkoal\n|-damage|p1a: Torkoal|74/100\n|-enditem|p2b: Weavile|King's Rock|[from] move: Fling\n|cant|p1a: Torkoal|flinch\n|\n|-weather|SunnyDay|[upkeep]\n|upkeep\n|turn|3\n|\n|t:|1775962917\n|switch|p2b: Slowbro|Slowbro-Mega, L50, F|100/100\n|move|p1a: Torkoal|Protect|p1a: Torkoal\n|-singleturn|p1a: Torkoal|Protect\n|move|p1b: Whimsicott|Moonblast|p2a: Garchomp\n|-supereffective|p2a: Garchomp|1\n|-damage|p2a: Garchomp|19/100\n|move|p2a: Garchomp|Stomping Tantrum|p1a: Torkoal\n|-activate|p1a: Torkoal|move: Protect\n|\n|-weather|SunnyDay|[upkeep]\n|upkeep\n|turn|4\n|\n|t:|1775962941\n|switch|p2b: Weavile|Weavile, L50, M|100/100\n|-ability|p2b: Weavile|Pressure\n|move|p1b: Whimsicott|Taunt|p2b: Weavile\n|-hint|Since gen 7, Dark is immune to Prankster moves.\n|-immune|p2b: Weavile\n|move|p2a: Garchomp|Stomping Tantrum|p1a: Torkoal\n|-supereffective|p1a: Torkoal|1\n|-damage|p1a: Torkoal|0 fnt\n|faint|p1a: Torkoal\n|\n|-weather|SunnyDay|[upkeep]\n|upkeep\n|\n|t:|1775962948\n|switch|p1a: Gallade|Gallade, L50, M|100/100\n|turn|5\n|\n|t:|1775962972\n|switch|p2a: Sinistcha|Sinistcha, L50|100/100\n|detailschange|p1a: Gallade|Gallade-Mega, L50, M\n|-mega|p1a: Gallade|Gallade|Galladite\n|move|p2b: Weavile|Fake Out|p1a: Gallade\n|-damage|p1a: Gallade|80/100\n|move|p1b: Whimsicott|Moonblast|p2b: Weavile\n|-supereffective|p2b: Weavile|1\n|-damage|p2b: Weavile|0 fnt\n|faint|p2b: Weavile\n|move|p1a: Gallade|Sacred Sword|p2a: Sinistcha\n|-immune|p2a: Sinistcha\n|\n|-weather|none\n|-sideend|p1: cj firestorm|move: Tailwind\n|upkeep\n|\n|t:|1775962983\n|switch|p2b: Garchomp|Garchomp, L50, F|19/100\n|turn|6\n|\n|t:|1775963002\n|switch|p2b: Slowbro|Slowbro-Mega, L50, F|100/100\n|move|p1b: Whimsicott|Taunt|p2a: Sinistcha\n|-start|p2a: Sinistcha|move: Taunt\n|move|p1a: Gallade|Aqua Cutter|p2b: Slowbro\n|-resisted|p2b: Slowbro|1\n|-damage|p2b: Slowbro|93/100\n|move|p2a: Sinistcha|Matcha Gotcha|p1b: Whimsicott|[spread] p1a,p1b\n|-resisted|p1b: Whimsicott|1\n|-crit|p1b: Whimsicott\n|-damage|p1a: Gallade|52/100\n|-damage|p1b: Whimsicott|69/100\n|\n|upkeep\n|turn|7\n|\n|t:|1775963025\n|move|p1b: Whimsicott|Sunny Day|p1b: Whimsicott\n|-weather|SunnyDay\n|move|p1a: Gallade|Solar Blade||[still]\n|-prepare|p1a: Gallade|Solar Blade\n|-anim|p1a: Gallade|Solar Blade|p2b: Slowbro\n|-supereffective|p2b: Slowbro|1\n|-damage|p2b: Slowbro|42/100\n|move|p2a: Sinistcha|Matcha Gotcha|p1b: Whimsicott|[spread] p1a,p1b\n|-resisted|p1b: Whimsicott|1\n|-damage|p1a: Gallade|26/100\n|-damage|p1b: Whimsicott|49/100\n|-status|p1b: Whimsicott|brn\n|move|p2b: Slowbro|Body Press|p1b: Whimsicott\n|-resisted|p1b: Whimsicott|1\n|-damage|p1b: Whimsicott|25/100 brn\n|\n|-weather|SunnyDay|[upkeep]\n|-damage|p1b: Whimsicott|19/100 brn|[from] brn\n|upkeep\n|turn|8\n|\n|t:|1775963047\n|switch|p2b: Garchomp|Garchomp, L50, F|19/100\n|move|p1b: Whimsicott|Tailwind|p1b: Whimsicott\n|-sidestart|p1: cj firestorm|move: Tailwind\n|move|p1a: Gallade|Solar Blade||[still]\n|-prepare|p1a: Gallade|Solar Blade\n|-anim|p1a: Gallade|Solar Blade|p2b: Garchomp\n|-damage|p2b: Garchomp|0 fnt\n|-damage|p1a: Gallade|14/100|[from] ability: Rough Skin|[of] p2b: Garchomp\n|faint|p2b: Garchomp\n|move|p2a: Sinistcha|Matcha Gotcha|p1a: Gallade|[spread] p1a,p1b\n|-resisted|p1b: Whimsicott|1\n|-damage|p1a: Gallade|0 fnt\n|-damage|p1b: Whimsicott|0 fnt\n|faint|p1a: Gallade\n|faint|p1b: Whimsicott\n|\n|-weather|SunnyDay|[upkeep]\n|-end|p2a: Sinistcha|move: Taunt\n|upkeep\n|inactive|cj firestorm has 30 seconds left.\n|\n|t:|1775963073\n|switch|p1b: Typhlosion|Typhlosion-Hisui, L50, M|100/100\n|switch|p2b: Slowbro|Slowbro-Mega, L50, F|42/100\n|-item|p2a: Sinistcha|Sitrus Berry|[from] ability: Frisk|[of] p1b: Typhlosion\n|-item|p2b: Slowbro|Slowbronite|[from] ability: Frisk|[of] p1b: Typhlosion\n|turn|9\n|\n|t:|1775963083\n|move|p2a: Sinistcha|Rage Powder|p2a: Sinistcha\n|-singleturn|p2a: Sinistcha|move: Rage Powder\n|move|p1b: Typhlosion|Eruption|p2a: Sinistcha|[spread] p2a,p2b\n|-supereffective|p2a: Sinistcha|1\n|-resisted|p2b: Slowbro|1\n|-damage|p2a: Sinistcha|0 fnt\n|-damage|p2b: Slowbro|12/100\n|faint|p2a: Sinistcha\n|move|p2b: Slowbro|Slack Off|p2b: Slowbro\n|-heal|p2b: Slowbro|62/100\n|\n|-weather|SunnyDay|[upkeep]\n|upkeep\n|turn|10\n|\n|t:|1775963096\n|move|p1b: Typhlosion|Eruption|p2b: Slowbro\n|-resisted|p2b: Slowbro|1\n|-damage|p2b: Slowbro|22/100\n|move|p2b: Slowbro|Slack Off|p2b: Slowbro\n|-heal|p2b: Slowbro|72/100\n|\n|-weather|SunnyDay|[upkeep]\n|upkeep\n|turn|11\n|\n|t:|1775963104\n|move|p1b: Typhlosion|Eruption|p2b: Slowbro\n|-resisted|p2b: Slowbro|1\n|-damage|p2b: Slowbro|30/100\n|move|p2b: Slowbro|Slack Off|p2b: Slowbro\n|-heal|p2b: Slowbro|80/100\n|\n|-weather|none\n|-sideend|p1: cj firestorm|move: Tailwind\n|upkeep\n|turn|12\n|\n|t:|1775963115\n|move|p1b: Typhlosion|Eruption|p2b: Slowbro\n|-resisted|p2b: Slowbro|1\n|-damage|p2b: Slowbro|54/100\n|move|p2b: Slowbro|Amnesia|p2b: Slowbro\n|-boost|p2b: Slowbro|spd|2\n|\n|upkeep\n|turn|13\n|-message|cj firestorm forfeited.\n|\n|win|CorporateBrimstone\n|raw|cj firestorm's rating: 1000 &rarr; <strong>1000</strong><br />(+0 for losing)\n|raw|CorporateBrimstone's rating: 1000 &rarr; <strong>1040</strong><br />(+40 for winning)\n|l|\u2606cj firestorm\n|player|p1|\n",
  "uploadtime": 1775963136,
  "views": 19,
  "formatid": "gen9championsvgc2026regma",
  "rating": 1000,
  "private": 0,
  "password": null
}