{
  "id": "gen9championsvgc2026regma-2586086146",
  "format": "[Gen 9 Champions] VGC 2026 Reg M-A",
  "players": [
    "kicks_menacingly",
    "airpodjuniors"
  ],
  "log": "|j|\u2606kicks_menacingly\n|j|\u2606airpodjuniors\n|t:|1776397459\n|gametype|doubles\n|player|p1|kicks_menacingly|blackbelt|1271\n|player|p2|airpodjuniors|102|1350\n|gen|9\n|tier|[Gen 9 Champions] VGC 2026 Reg M-A\n|rated|\n|rule|Species Clause: Limit one of each Pok\u00e9mon\n|rule|Item Clause: Limit 1 of each item\n|clearpoke\n|poke|p1|Gallade, L50, M|\n|poke|p1|Corviknight, L50, F|\n|poke|p1|Incineroar, L50, F|\n|poke|p1|Garchomp, L50, M|\n|poke|p1|Milotic, L50, F|\n|poke|p1|Meganium, L50, M|\n|poke|p2|Tyranitar, L50, F|\n|poke|p2|Excadrill, L50, M|\n|poke|p2|Primarina, L50, M|\n|poke|p2|Incineroar, L50, M|\n|poke|p2|Gardevoir, L50, F|\n|poke|p2|Sinistcha-Masterpiece, L50|\n|teampreview|4\nkicks_menacingly rejected open team sheets.\n|\n|t:|1776397536\n|teamsize|p1|4\n|teamsize|p2|4\n|start\n|switch|p1a: Gallade|Gallade, L50, M, shiny|100/100\n|switch|p1b: Corviknight|Corviknight, L50, F|100/100\n|switch|p2a: Primarina|Primarina, L50, M|100/100\n|switch|p2b: Gardevoir|Gardevoir, L50, F|100/100\n|turn|1\n|\n|t:|1776397550\n|move|p1a: Gallade|Shadow Claw|p2b: Gardevoir\n|-supereffective|p2b: Gardevoir|1\n|-damage|p2b: Gardevoir|0 fnt\n|faint|p2b: Gardevoir\n|move|p1b: Corviknight|Tailwind|p1b: Corviknight\n|-sidestart|p1: kicks_menacingly|move: Tailwind\n|move|p2a: Primarina|Hyper Voice|p1b: Corviknight|[spread] p1a,p1b\n|-damage|p1a: Gallade|52/100\n|-damage|p1b: Corviknight|54/100\n|\n|-heal|p1b: Corviknight|60/100|[from] item: Leftovers\n|upkeep\n|\n|t:|1776397560\n|switch|p2b: Tyranitar|Tyranitar, L50, F|100/100\n|-weather|Sandstorm|[from] ability: Sand Stream|[of] p2b: Tyranitar\n|turn|2\n|\n|t:|1776397567\n|switch|p1a: Milotic|Milotic, L50, F|100/100\n|move|p1b: Corviknight|Iron Head|p2b: Tyranitar\n|-supereffective|p2b: Tyranitar|1\n|-damage|p2b: Tyranitar|59/100\n|move|p2b: Tyranitar|Dragon Dance|p2b: Tyranitar\n|-boost|p2b: Tyranitar|atk|1\n|-boost|p2b: Tyranitar|spe|1\n|move|p2a: Primarina|Hyper Voice|p1a: Milotic|[spread] p1a,p1b\n|-resisted|p1a: Milotic|1\n|-damage|p1a: Milotic|83/100\n|-damage|p1b: Corviknight|17/100\n|\n|-weather|Sandstorm|[upkeep]\n|-damage|p1a: Milotic|77/100|[from] Sandstorm\n|-damage|p2a: Primarina|95/100|[from] Sandstorm\n|-heal|p1b: Corviknight|22/100|[from] item: Leftovers\n|upkeep\n|turn|3\n|\n|t:|1776397585\n|detailschange|p2b: Tyranitar|Tyranitar-Mega, L50, F\n|-mega|p2b: Tyranitar|Tyranitar|Tyranitarite\n|move|p1a: Milotic|Scald|p2b: Tyranitar\n|-supereffective|p2b: Tyranitar|1\n|-damage|p2b: Tyranitar|23/100\n|-status|p2b: Tyranitar|brn\n|move|p1b: Corviknight|Roost|p1b: Corviknight\n|-heal|p1b: Corviknight|73/100\n|-singleturn|p1b: Corviknight|move: Roost\n|move|p2b: Tyranitar|Rock Slide|p1a: Milotic|[spread] p1a,p1b\n|-resisted|p1b: Corviknight|1\n|-damage|p1a: Milotic|56/100\n|-damage|p1b: Corviknight|65/100\n|move|p2a: Primarina|Hyper Voice|p1a: Milotic|[spread] p1a,p1b\n|-resisted|p1a: Milotic|1\n|-damage|p1a: Milotic|39/100\n|-damage|p1b: Corviknight|18/100\n|\n|-weather|Sandstorm|[upkeep]\n|-damage|p1a: Milotic|33/100|[from] Sandstorm\n|-damage|p2a: Primarina|89/100|[from] Sandstorm\n|-heal|p1b: Corviknight|24/100|[from] item: Leftovers\n|-damage|p2b: Tyranitar|17/100 brn|[from] brn\n|upkeep\n|turn|4\n|\n|t:|1776397606\n|move|p2b: Tyranitar|Protect|p2b: Tyranitar\n|-singleturn|p2b: Tyranitar|Protect\n|move|p1a: Milotic|Icy Wind|p2b: Tyranitar|[spread] p2a\n|-activate|p2b: Tyranitar|move: Protect\n|-resisted|p2a: Primarina|1\n|-damage|p2a: Primarina|85/100\n|-unboost|p2a: Primarina|spe|1\n|move|p1b: Corviknight|Iron Head|p2b: Tyranitar\n|-activate|p2b: Tyranitar|move: Protect\n|move|p2a: Primarina|Hyper Voice|p1a: Milotic|[spread] p1a,p1b\n|-resisted|p1a: Milotic|1\n|-damage|p1a: Milotic|15/100\n|-damage|p1b: Corviknight|0 fnt\n|faint|p1b: Corviknight\n|\n|-weather|Sandstorm|[upkeep]\n|-damage|p1a: Milotic|9/100|[from] Sandstorm\n|-damage|p2a: Primarina|79/100|[from] Sandstorm\n|-damage|p2b: Tyranitar|11/100 brn|[from] brn\n|-sideend|p1: kicks_menacingly|move: Tailwind\n|upkeep\n|\n|t:|1776397609\n|switch|p1b: Meganium|Meganium, L50, M|100/100\n|turn|5\n|\n|t:|1776397633\n|detailschange|p1b: Meganium|Meganium-Mega, L50, M\n|-mega|p1b: Meganium|Meganium|Meganiumite\n|move|p1a: Milotic|Protect|p1a: Milotic\n|-singleturn|p1a: Milotic|Protect\n|move|p2b: Tyranitar|Rock Slide|p1b: Meganium|[spread] p1b\n|-activate|p1a: Milotic|move: Protect\n|-damage|p1b: Meganium|74/100\n|move|p1b: Meganium|Dazzling Gleam|p2b: Tyranitar|[spread] p2a,p2b\n|-supereffective|p2b: Tyranitar|1\n|-crit|p2b: Tyranitar\n|-damage|p2a: Primarina|50/100\n|-damage|p2b: Tyranitar|0 fnt\n|faint|p2b: Tyranitar\n|move|p2a: Primarina|Moonblast|p1a: Milotic\n|-activate|p1a: Milotic|move: Protect\n|\n|-weather|Sandstorm|[upkeep]\n|-damage|p1b: Meganium|68/100|[from] Sandstorm\n|-damage|p1a: Milotic|3/100|[from] Sandstorm\n|-damage|p2a: Primarina|44/100|[from] Sandstorm\n|upkeep\n|\n|t:|1776397648\n|switch|p2b: Excadrill|Excadrill, L50, M|100/100\n|turn|6\n|\n|t:|1776397659\n|move|p2b: Excadrill|Iron Head|p1b: Meganium\n|-supereffective|p1b: Meganium|1\n|-damage|p1b: Meganium|0 fnt\n|faint|p1b: Meganium\n|move|p1a: Milotic|Icy Wind|p2a: Primarina|[spread] p2a,p2b\n|-resisted|p2a: Primarina|1\n|-crit|p2b: Excadrill\n|-damage|p2a: Primarina|41/100\n|-damage|p2b: Excadrill|80/100\n|-unboost|p2a: Primarina|spe|1\n|-unboost|p2b: Excadrill|spe|1\n|move|p2a: Primarina|Moonblast|p1a: Milotic\n|-damage|p1a: Milotic|0 fnt\n|faint|p1a: Milotic\n|\n|-weather|none\n|upkeep\n|\n|t:|1776397662\n|switch|p1b: Gallade|Gallade, L50, M, shiny|52/100\n|turn|7\n|\n|t:|1776397674\n|move|p2b: Excadrill|Protect|p2b: Excadrill\n|-singleturn|p2b: Excadrill|Protect\n|move|p2a: Primarina|Protect|p2a: Primarina\n|-singleturn|p2a: Primarina|Protect\n|move|p1b: Gallade|Sacred Sword|p2b: Excadrill\n|-activate|p2b: Excadrill|move: Protect\n|\n|upkeep\n|turn|8\n|\n|t:|1776397685\n|move|p1b: Gallade|Sacred Sword|p2b: Excadrill\n|-supereffective|p2b: Excadrill|1\n|-damage|p2b: Excadrill|0 fnt\n|faint|p2b: Excadrill\n|move|p2a: Primarina|Moonblast|p1b: Gallade\n|-supereffective|p1b: Gallade|1\n|-damage|p1b: Gallade|0 fnt\n|faint|p1b: Gallade\n|\n|win|airpodjuniors\n|raw|kicks_menacingly's rating: 1271 &rarr; <strong>1252</strong><br />(-19 for losing)\n|raw|airpodjuniors's rating: 1350 &rarr; <strong>1366</strong><br />(+16 for winning)\n|l|\u2606kicks_menacingly\n|player|p1|\n",
  "uploadtime": 1776397695,
  "views": 35,
  "formatid": "gen9championsvgc2026regma",
  "rating": 1252,
  "private": 0,
  "password": null
}