{
  "id": "gen9championsvgc2026regma-2581447964",
  "format": "[Gen 9 Champions] VGC 2026 Reg M-A",
  "players": [
    "Braute",
    "hugoggg"
  ],
  "log": "|j|\u2606Braute\n|j|\u2606hugoggg\n|html|<table width=\"100%\"><tr><td align=\"left\">Braute</td><td align=\"right\">hugoggg</tr><tr><td align=\"left\"><i class=\"fa fa-circle\"></i> <i class=\"fa fa-circle-o\"></i> </td><td align=\"right\"><i class=\"fa fa-circle-o\"></i> <i class=\"fa fa-circle-o\"></i> </tr></table>\n|uhtml|bestof|<h2><strong>Game 2</strong> of <a href=\"/game-bestof3-gen9championsvgc2026regma-2581445013\">a best-of-3</a></h2>\n|t:|1776001385\n|gametype|doubles\n|player|p1|Braute|miku-fire|\n|player|p2|hugoggg|2|\n|gen|9\n|tier|[Gen 9 Champions] VGC 2026 Reg M-A\n|rule|Species Clause: Limit one of each Pok\u00e9mon\n|rule|Item Clause: Limit 1 of each item\n|raw|<div class=\"infobox\"><details class=\"readmore\" open><summary><strong>1 custom rule:</strong></summary> Best of = 3</details></div>\n|clearpoke\n|poke|p1|Beedrill, L50, M|\n|poke|p1|Incineroar, L50, F|\n|poke|p1|Talonflame, L50, M|\n|poke|p1|Kingambit, L50, F|\n|poke|p1|Tyranitar, L50, F|\n|poke|p1|Excadrill, L50, F|\n|poke|p2|Alakazam, L50, M|\n|poke|p2|Meowstic, L50, M|\n|poke|p2|Incineroar, L50, F|\n|poke|p2|Whimsicott, L50, F|\n|poke|p2|Maushold-Four, L50|\n|poke|p2|Sneasler, L50, M|\n|teampreview|4\n|inactive|Battle timer is ON: inactive players will automatically lose when time's up. (requested by Braute)\n|\n|t:|1776001406\n|teamsize|p1|4\n|teamsize|p2|4\n|start\n|switch|p1a: Kingambit|Kingambit, L50, F, shiny|100/100\n|switch|p1b: Beedrill|Beedrill, L50, M, shiny|100/100\n|switch|p2a: Alakazam|Alakazam, L50, M, shiny|100/100\n|switch|p2b: Meowstic|Meowstic, L50, M|100/100\n|turn|1\n|inactive|hugoggg has 30 seconds left.\n|\n|t:|1776001437\n|detailschange|p2a: Alakazam|Alakazam-Mega, L50, M, shiny\n|-mega|p2a: Alakazam|Alakazam|Alakazite\n|-ability|p2a: Alakazam|Swarm|Trace|[from] ability: Trace|[of] p1b: Beedrill\n|detailschange|p1b: Beedrill|Beedrill-Mega, L50, M, shiny\n|-mega|p1b: Beedrill|Beedrill|Beedrillite\n|move|p2b: Meowstic|Fake Tears|p1b: Beedrill\n|-unboost|p1b: Beedrill|spd|2\n|move|p2a: Alakazam|Dazzling Gleam|p1b: Beedrill|[spread] p1a,p1b\n|-resisted|p1b: Beedrill|1\n|-damage|p1a: Kingambit|79/100\n|-damage|p1b: Beedrill|63/100\n|move|p1b: Beedrill|U-turn|p2b: Meowstic\n|-supereffective|p2b: Meowstic|1\n|-damage|p2b: Meowstic|0 fnt\n|faint|p2b: Meowstic\n|\n|t:|1776001454\n|switch|p1b: Excadrill|Excadrill, L50, F|100/100|[from] U-turn\n|move|p1a: Kingambit|Kowtow Cleave|p2a: Alakazam\n|-supereffective|p2a: Alakazam|1\n|-damage|p2a: Alakazam|0 fnt\n|faint|p2a: Alakazam\n|\n|upkeep\n|c|\u2606hugoggg|vent er alakazam virkelig s\u00e5 svak\n|c|\u2606hugoggg|eller er det beedrill som er sterk\n|inactive|hugoggg has 30 seconds left.\n|c|\u2606Braute|beedrill har 65 hp 80 spdef\n|inactive|hugoggg has 20 seconds left.\n|c|\u2606hugoggg|for dgleam +2 gjorde 80% mot incin i stad\n|\n|t:|1776001492\n|switch|p2a: Incineroar|Incineroar, L50, F|100/100\n|switch|p2b: Maushold|Maushold-Four, L50|100/100\n|-ability|p2a: Incineroar|Intimidate|boost\n|-unboost|p1a: Kingambit|atk|1\n|-ability|p1a: Kingambit|Defiant|boost\n|-boost|p1a: Kingambit|atk|2\n|-unboost|p1b: Excadrill|atk|1\n|turn|2\n|inactive|Braute has 30 seconds left.\n|inactive|Braute has 20 seconds left.\n|c|\u2606Braute|hadde den en annen ability da eller noe?\n|inactive|Braute has 15 seconds left.\n|c|\u2606Braute|med trace\n|\n|t:|1776001535\n|move|p1b: Excadrill|Protect|p1b: Excadrill\n|-singleturn|p1b: Excadrill|Protect\n|move|p1a: Kingambit|Protect|p1a: Kingambit\n|-singleturn|p1a: Kingambit|Protect\n|move|p2b: Maushold|Thunder Wave|p1a: Kingambit\n|-activate|p1a: Kingambit|move: Protect\n|move|p2a: Incineroar|Flare Blitz|p1a: Kingambit\n|-activate|p1a: Kingambit|move: Protect\n|\n|upkeep\n|turn|3\n|c|\u2606hugoggg|det er kanskje mulig\n|\n|t:|1776001553\n|switch|p1a: Tyranitar|Tyranitar, L50, F|100/100\n|-weather|Sandstorm|[from] ability: Sand Stream|[of] p1a: Tyranitar\n|move|p1b: Excadrill|High Horsepower|p2a: Incineroar\n|-supereffective|p2a: Incineroar|1\n|-damage|p2a: Incineroar|56/100\n|move|p2b: Maushold|Encore||[still]\n|-fail|p2b: Maushold\n|move|p2a: Incineroar|Flare Blitz|p1b: Excadrill\n|-supereffective|p1b: Excadrill|1\n|-enditem|p1b: Excadrill|Focus Sash\n|-damage|p1b: Excadrill|1/100\n|-damage|p2a: Incineroar|26/100|[from] Recoil\n|-enditem|p2a: Incineroar|Sitrus Berry|[eat]\n|-heal|p2a: Incineroar|50/100|[from] item: Sitrus Berry\n|\n|-weather|Sandstorm|[upkeep]\n|-damage|p2b: Maushold|95/100|[from] Sandstorm\n|-damage|p2a: Incineroar|45/100|[from] Sandstorm\n|upkeep\n|turn|4\n|\n|t:|1776001569\n|move|p2b: Maushold|Follow Me|p2b: Maushold\n|-singleturn|p2b: Maushold|move: Follow Me\n|move|p1b: Excadrill|Rock Slide|p2b: Maushold|[spread] p2a,p2b\n|-supereffective|p2a: Incineroar|1\n|-damage|p2a: Incineroar|28/100\n|-damage|p2b: Maushold|71/100\n|move|p1a: Tyranitar|Rock Slide|p2b: Maushold|[spread] p2a,p2b\n|-supereffective|p2a: Incineroar|1\n|-crit|p2a: Incineroar\n|-damage|p2a: Incineroar|0 fnt\n|-damage|p2b: Maushold|15/100\n|faint|p2a: Incineroar\n|\n|-weather|Sandstorm|[upkeep]\n|-damage|p2b: Maushold|9/100|[from] Sandstorm\n|upkeep\n|turn|5\n|\n|t:|1776001580\n|move|p1b: Excadrill|Iron Head|p2b: Maushold\n|-damage|p2b: Maushold|0 fnt\n|faint|p2b: Maushold\n|\n|win|Braute\n",
  "uploadtime": 1776001581,
  "views": 37,
  "formatid": "gen9championsvgc2026regma",
  "rating": null,
  "private": 0,
  "password": null
}