{
  "id": "gen9championsvgc2026regma-2586859569",
  "format": "[Gen 9 Champions] VGC 2026 Reg M-A",
  "players": [
    "Anicredible",
    "Ferdura123"
  ],
  "log": "|j|\u2606Anicredible\n|j|\u2606Ferdura123\n|t:|1776466053\n|gametype|doubles\n|player|p1|Anicredible|schoolkid-gen4|1055\n|player|p2|Ferdura123|2|1103\n|gen|9\n|tier|[Gen 9 Champions] VGC 2026 Reg M-A\n|rated|\n|rule|Species Clause: Limit one of each Pok\u00e9mon\n|rule|Item Clause: Limit 1 of each item\n|clearpoke\n|poke|p1|Kangaskhan, L50, F|\n|poke|p1|Sinistcha, L50|\n|poke|p1|Sneasler, L50, F|\n|poke|p1|Talonflame, L50, M|\n|poke|p1|Corviknight, L50, F|\n|poke|p1|Primarina, L50, F|\n|poke|p2|Gengar, L50, M|\n|poke|p2|Incineroar, L50, M|\n|poke|p2|Palafin, L50, M|\n|poke|p2|Whimsicott, L50, F|\n|poke|p2|Froslass, L50, F|\n|poke|p2|Hydreigon, L50, M|\n|teampreview|4\n|inactive|Battle timer is ON: inactive players will automatically lose when time's up. (requested by Ferdura123)\n|inactive|Anicredible also wants the timer to be on.\nFerdura123 has agreed to open team sheets.\nAnicredible rejected open team sheets.\n|c|\u2606Anicredible|glhf\n|inactive|Anicredible has 60 seconds left.\n|inactive|Ferdura123 has 60 seconds left.\n|c|\u2606Ferdura123|glhf\n|inactive|Anicredible has 30 seconds left.\n|\n|t:|1776466121\n|teamsize|p1|4\n|teamsize|p2|4\n|start\n|switch|p1a: Kangaskhan|Kangaskhan, L50, F|100/100\n|switch|p1b: Sneasler|Sneasler, L50, F|100/100\n|switch|p2a: Froslass|Froslass, L50, F|100/100\n|switch|p2b: Palafin|Palafin, L50, M|100/100\n|turn|1\n|\n|t:|1776466138\n|detailschange|p2b: Palafin|Palafin-Hero, L50, M\n|switch|p2b: Incineroar|Incineroar, L50, M|100/100\n|-ability|p2b: Incineroar|Intimidate|boost\n|-fail|p1a: Kangaskhan|unboost|Attack|[from] ability: Inner Focus|[of] p1a: Kangaskhan\n|-unboost|p1b: Sneasler|atk|1\n|-enditem|p1b: Sneasler|White Herb\n|-clearnegativeboost|p1b: Sneasler|[silent]\n|detailschange|p2a: Froslass|Froslass-Mega, L50, F\n|-mega|p2a: Froslass|Froslass|Froslassite\n|-weather|Snowscape|[from] ability: Snow Warning|[of] p2a: Froslass\n|detailschange|p1a: Kangaskhan|Kangaskhan-Mega, L50, F\n|-mega|p1a: Kangaskhan|Kangaskhan|Kangaskhanite\n|move|p1a: Kangaskhan|Fake Out|p2b: Incineroar\n|-damage|p2b: Incineroar|84/100\n|-damage|p2b: Incineroar|79/100\n|-hitcount|p2b: Incineroar|2\n|move|p1b: Sneasler|Coaching|p1a: Kangaskhan\n|-boost|p1a: Kangaskhan|atk|1\n|-boost|p1a: Kangaskhan|def|1\n|move|p2a: Froslass|Blizzard|p1a: Kangaskhan|[spread] p1a,p1b\n|-damage|p1a: Kangaskhan|62/100\n|-damage|p1b: Sneasler|41/100\n|-status|p1b: Sneasler|frz\n|\n|-weather|Snowscape|[upkeep]\n|upkeep\n|turn|2\n|inactive|Anicredible has 30 seconds left.\n|inactive|Ferdura123 has 30 seconds left.\n|\n|t:|1776466168\n|move|p1a: Kangaskhan|Protect|p1a: Kangaskhan\n|-singleturn|p1a: Kangaskhan|Protect\n|move|p2b: Incineroar|Fake Out|p1a: Kangaskhan\n|-activate|p1a: Kangaskhan|move: Protect\n|cant|p1b: Sneasler|frz\n|move|p2a: Froslass|Blizzard|p1b: Sneasler|[spread] p1b\n|-activate|p1a: Kangaskhan|move: Protect\n|-damage|p1b: Sneasler|0 fnt\n|faint|p1b: Sneasler\n|\n|-weather|Snowscape|[upkeep]\n|upkeep\n|\n|t:|1776466180\n|switch|p1b: Talonflame|Talonflame, L50, M|100/100\n|turn|3\n|\n|t:|1776466193\n|move|p2a: Froslass|Protect|p2a: Froslass\n|-singleturn|p2a: Froslass|Protect\n|move|p1b: Talonflame|Tailwind|p1b: Talonflame\n|-sidestart|p1: Anicredible|move: Tailwind\n|move|p1a: Kangaskhan|Sucker Punch||[still]\n|-fail|p1a: Kangaskhan\n|move|p2b: Incineroar|Parting Shot|p1a: Kangaskhan\n|-unboost|p1a: Kangaskhan|atk|1\n|-unboost|p1a: Kangaskhan|spa|1\n|\n|t:|1776466202\n|switch|p2b: Whimsicott|Whimsicott, L50, F|100/100|[from] Parting Shot\n|\n|-weather|Snowscape|[upkeep]\n|upkeep\n|turn|4\n|\n|t:|1776466225\n|switch|p2a: Incineroar|Incineroar, L50, M|79/100\n|-ability|p2a: Incineroar|Intimidate|boost\n|-unboost|p1a: Kangaskhan|atk|1\n|-unboost|p1b: Talonflame|atk|1\n|move|p2b: Whimsicott|Encore|p1a: Kangaskhan\n|-start|p1a: Kangaskhan|Encore\n|move|p1a: Kangaskhan|Sucker Punch||[still]\n|-fail|p1a: Kangaskhan\n|move|p1b: Talonflame|Flamethrower|p2a: Incineroar\n|-resisted|p2a: Incineroar|1\n|-damage|p2a: Incineroar|72/100\n|\n|-weather|Snowscape|[upkeep]\n|upkeep\n|turn|5\n|\n|t:|1776466244\n|switch|p1a: Primarina|Primarina, L50, F|100/100\n|move|p1b: Talonflame|Protect|p1b: Talonflame\n|-singleturn|p1b: Talonflame|Protect\n|move|p2b: Whimsicott|Tailwind|p2b: Whimsicott\n|-sidestart|p2: Ferdura123|move: Tailwind\n|move|p2a: Incineroar|Parting Shot|p1b: Talonflame\n|-activate|p1b: Talonflame|move: Protect\n|\n|-weather|none\n|upkeep\n|turn|6\n|inactive|Ferdura123 has 30 seconds left.\n|\n|t:|1776466272\n|switch|p1b: Kangaskhan|Kangaskhan-Mega, L50, F|62/100\n|switch|p2b: Palafin|Palafin-Hero, L50, M|100/100\n|-activate|p2b: Palafin|ability: Zero to Hero\n|move|p2a: Incineroar|Snarl|p1a: Primarina|[spread] p1a,p1b\n|-resisted|p1a: Primarina|1\n|-damage|p1a: Primarina|96/100\n|-damage|p1b: Kangaskhan|52/100\n|-unboost|p1a: Primarina|spa|1\n|-unboost|p1b: Kangaskhan|spa|1\n|move|p1a: Primarina|Hyper Voice|p2a: Incineroar|[spread] p2a,p2b\n|-supereffective|p2a: Incineroar|1\n|-resisted|p2b: Palafin|1\n|-damage|p2a: Incineroar|28/100\n|-damage|p2b: Palafin|82/100\n|-enditem|p2a: Incineroar|Sitrus Berry|[eat]\n|-heal|p2a: Incineroar|52/100|[from] item: Sitrus Berry\n|\n|-sideend|p1: Anicredible|move: Tailwind\n|upkeep\n|turn|7\n|inactive|Anicredible has 30 seconds left.\n|inactive|Anicredible has 20 seconds left.\n|inactive|Anicredible has 15 seconds left.\n|\n|t:|1776466316\n|move|p2b: Palafin|Protect|p2b: Palafin\n|-singleturn|p2b: Palafin|Protect\n|move|p1b: Kangaskhan|Fake Out|p2b: Palafin\n|-activate|p2b: Palafin|move: Protect\n|move|p2a: Incineroar|Parting Shot|p1b: Kangaskhan\n|-unboost|p1b: Kangaskhan|atk|1\n|-unboost|p1b: Kangaskhan|spa|1\n|\n|t:|1776466326\n|switch|p2a: Froslass|Froslass-Mega, L50, F|100/100|[from] Parting Shot\n|-weather|Snowscape|[from] ability: Snow Warning|[of] p2a: Froslass\n|move|p1a: Primarina|Calm Mind|p1a: Primarina\n|-boost|p1a: Primarina|spa|1\n|-boost|p1a: Primarina|spd|1\n|\n|-weather|Snowscape|[upkeep]\n|upkeep\n|turn|8\n|\n|t:|1776466347\n|move|p1b: Kangaskhan|Sucker Punch|p2b: Palafin\n|-damage|p2b: Palafin|65/100\n|-damage|p2b: Palafin|62/100\n|-hitcount|p2b: Palafin|2\n|move|p2a: Froslass|Nasty Plot|p2a: Froslass\n|-boost|p2a: Froslass|spa|2\n|move|p2b: Palafin|Wave Crash|p1a: Primarina\n|-resisted|p1a: Primarina|1\n|-damage|p1a: Primarina|38/100\n|-damage|p2b: Palafin|41/100|[from] Recoil\n|move|p1a: Primarina|Calm Mind|p1a: Primarina\n|-boost|p1a: Primarina|spa|1\n|-boost|p1a: Primarina|spd|1\n|\n|-weather|Snowscape|[upkeep]\n|-sideend|p2: Ferdura123|move: Tailwind\n|upkeep\n|turn|9\n|\n|t:|1776466370\n|move|p1a: Primarina|Protect|p1a: Primarina\n|-singleturn|p1a: Primarina|Protect\n|move|p2b: Palafin|Aqua Jet|p1a: Primarina\n|-activate|p1a: Primarina|move: Protect\n|move|p2a: Froslass|Blizzard|p1a: Primarina|[spread] p1b\n|-activate|p1a: Primarina|move: Protect\n|-damage|p1b: Kangaskhan|0 fnt\n|faint|p1b: Kangaskhan\n|\n|-weather|Snowscape|[upkeep]\n|upkeep\n|\n|t:|1776466381\n|switch|p1b: Talonflame|Talonflame, L50, M|100/100\n|turn|10\n|\n|t:|1776466394\n|switch|p2b: Whimsicott|Whimsicott, L50, F|100/100\n|move|p2a: Froslass|Protect|p2a: Froslass\n|-singleturn|p2a: Froslass|Protect\n|move|p1b: Talonflame|Tailwind|p1b: Talonflame\n|-sidestart|p1: Anicredible|move: Tailwind\n|move|p1a: Primarina|Hyper Voice|p2b: Whimsicott|[spread] p2b\n|-activate|p2a: Froslass|move: Protect\n|-resisted|p2b: Whimsicott|1\n|-damage|p2b: Whimsicott|59/100\n|\n|-weather|Snowscape|[upkeep]\n|upkeep\n|turn|11\n|inactive|Anicredible has 30 seconds left.\n|inactive|Anicredible has 20 seconds left.\n|\n|t:|1776466432\n|move|p2b: Whimsicott|Encore|p1b: Talonflame\n|-start|p1b: Talonflame|Encore\n|move|p1b: Talonflame|Tailwind||[still]\n|-fail|p1b: Talonflame\n|move|p2a: Froslass|Blizzard|p1b: Talonflame|[spread] p1a,p1b\n|-resisted|p1a: Primarina|1\n|-damage|p1a: Primarina|20/100\n|-enditem|p1b: Talonflame|Focus Sash\n|-damage|p1b: Talonflame|1/100\n|move|p1a: Primarina|Moonblast|p2b: Whimsicott\n|-damage|p2b: Whimsicott|0 fnt\n|faint|p2b: Whimsicott\n|\n|-weather|none\n|upkeep\n|\n|t:|1776466447\n|switch|p2b: Incineroar|Incineroar, L50, M|52/100\n|-ability|p2b: Incineroar|Intimidate|boost\n|-unboost|p1a: Primarina|atk|1\n|-unboost|p1b: Talonflame|atk|1\n|turn|12\n|\n|t:|1776466456\n|move|p2b: Incineroar|Fake Out|p1b: Talonflame\n|-damage|p1b: Talonflame|0 fnt\n|faint|p1b: Talonflame\n|move|p2a: Froslass|Shadow Ball|p1a: Primarina\n|-damage|p1a: Primarina|0 fnt\n|faint|p1a: Primarina\n|\n|win|Ferdura123\n|raw|Anicredible's rating: 1055 &rarr; <strong>1039</strong><br />(-16 for losing)\n|raw|Ferdura123's rating: 1103 &rarr; <strong>1125</strong><br />(+22 for winning)\n",
  "uploadtime": 1776466463,
  "views": 23,
  "formatid": "gen9championsvgc2026regma",
  "rating": 1039,
  "private": 0,
  "password": null
}