{
  "id": "gen9championsvgc2026regma-2588509269",
  "format": "[Gen 9 Champions] VGC 2026 Reg M-A",
  "players": [
    "Kazuma Yato",
    "sdlt 2krl coolguy"
  ],
  "log": "|j|\u2606Kazuma Yato\n|j|\u2606sdlt 2krl coolguy\n|t:|1776640045\n|gametype|doubles\n|player|p1|Kazuma Yato|2|1234\n|player|p2|sdlt 2krl coolguy|leon-masters2|1188\n|gen|9\n|tier|[Gen 9 Champions] VGC 2026 Reg M-A\n|rated|\n|rule|Species Clause: Limit one of each Pok\u00e9mon\n|rule|Item Clause: Limit 1 of each item\n|clearpoke\n|poke|p1|Scizor, L50, F|\n|poke|p1|Sneasler, L50, F|\n|poke|p1|Sinistcha, L50|\n|poke|p1|Tyranitar, L50, F|\n|poke|p1|Milotic, L50, M|\n|poke|p1|Mamoswine, L50, M|\n|poke|p2|Floette-Eternal, L50, F|\n|poke|p2|Incineroar, L50, M|\n|poke|p2|Sinistcha, L50|\n|poke|p2|Garchomp, L50, F|\n|poke|p2|Sneasler, L50, M|\n|poke|p2|Kingambit, L50, M|\n|teampreview|4\n|inactive|Battle timer is ON: inactive players will automatically lose when time's up. (requested by sdlt 2krl coolguy)\n|inactive|Kazuma Yato has 60 seconds left.\n|\n|t:|1776640092\n|teamsize|p1|4\n|teamsize|p2|4\n|start\n|switch|p1a: Milotic|Milotic, L50, M|100/100\n|switch|p1b: Sneasler|Sneasler, L50, F|100/100\n|switch|p2a: Incineroar|Incineroar, L50, M|100/100\n|switch|p2b: Floette|Floette-Eternal, L50, F|100/100\n|-ability|p2a: Incineroar|Intimidate|boost\n|-unboost|p1a: Milotic|atk|1\n|-ability|p1a: Milotic|Competitive|boost\n|-boost|p1a: Milotic|spa|2\n|-unboost|p1b: Sneasler|atk|1\n|-enditem|p1b: Sneasler|White Herb\n|-clearnegativeboost|p1b: Sneasler|[silent]\n|turn|1\n|inactive|Kazuma Yato has 30 seconds left.\n|inactive|Kazuma Yato has 20 seconds left.\n|inactive|Kazuma Yato has 15 seconds left.\n|inactive|Kazuma Yato has 10 seconds left.\n|\n|t:|1776640141\n|switch|p2a: Sinistcha|Sinistcha, L50|100/100\n|move|p2b: Floette|Protect|p2b: Floette\n|-singleturn|p2b: Floette|Protect\n|move|p1b: Sneasler|Dire Claw|p2b: Floette\n|-activate|p2b: Floette|move: Protect\n|move|p1a: Milotic|Icy Wind|p2a: Sinistcha|[spread] p2a\n|-activate|p2b: Floette|move: Protect\n|-supereffective|p2a: Sinistcha|1\n|-damage|p2a: Sinistcha|56/100\n|\n|upkeep\n|turn|2\n|inactive|Kazuma Yato has 30 seconds left.\n|inactive|Kazuma Yato has 20 seconds left.\n|\n|t:|1776640178\n|detailschange|p2b: Floette|Floette-Mega, L50, F\n|-mega|p2b: Floette|Floette|Floettite\n|-ability|p2b: Floette|Fairy Aura\n|move|p1b: Sneasler|Dire Claw|p2b: Floette\n|-supereffective|p2b: Floette|1\n|-damage|p2b: Floette|21/100\n|move|p2b: Floette|Moonblast|p1b: Sneasler\n|-damage|p1b: Sneasler|0 fnt\n|faint|p1b: Sneasler\n|move|p1a: Milotic|Icy Wind|p2a: Sinistcha|[spread] p2a,p2b\n|-supereffective|p2a: Sinistcha|1\n|-damage|p2a: Sinistcha|15/100\n|-damage|p2b: Floette|3/100\n|-unboost|p2a: Sinistcha|spe|1\n|-unboost|p2b: Floette|spe|1\n|-enditem|p2a: Sinistcha|Sitrus Berry|[eat]\n|-heal|p2a: Sinistcha|40/100|[from] item: Sitrus Berry\n|move|p2a: Sinistcha|Matcha Gotcha|p1a: Milotic\n|-supereffective|p1a: Milotic|1\n|-damage|p1a: Milotic|49/100\n|-heal|p2a: Sinistcha|69/100|[from] drain|[of] p1a: Milotic\n|\n|-heal|p1a: Milotic|55/100|[from] item: Leftovers\n|upkeep\n|inactive|Kazuma Yato has 30 seconds left.\n|\n|t:|1776640206\n|switch|p1b: Mamoswine|Mamoswine, L50, M|100/100\n|turn|3\n|\n|t:|1776640221\n|switch|p2b: Incineroar|Incineroar, L50, M|100/100\n|-ability|p2b: Incineroar|Intimidate|boost\n|-unboost|p1a: Milotic|atk|1\n|-ability|p1a: Milotic|Competitive|boost\n|-boost|p1a: Milotic|spa|2\n|-unboost|p1b: Mamoswine|atk|1\n|move|p1b: Mamoswine|Icicle Crash|p2a: Sinistcha\n|-supereffective|p2a: Sinistcha|1\n|-damage|p2a: Sinistcha|12/100\n|move|p1a: Milotic|Icy Wind|p2b: Incineroar|[spread] p2a,p2b\n|-supereffective|p2a: Sinistcha|1\n|-resisted|p2b: Incineroar|1\n|-damage|p2a: Sinistcha|0 fnt\n|-damage|p2b: Incineroar|85/100\n|-unboost|p2b: Incineroar|spe|1\n|faint|p2a: Sinistcha\n|\n|-heal|p1a: Milotic|61/100|[from] item: Leftovers\n|upkeep\n|\n|t:|1776640239\n|switch|p2a: Floette|Floette-Mega, L50, F|3/100\n|-ability|p2a: Floette|Fairy Aura\n|turn|4\n|inactive|Kazuma Yato has 30 seconds left.\n|inactive|Kazuma Yato has 20 seconds left.\n|\n|t:|1776640276\n|move|p2b: Incineroar|Fake Out|p1b: Mamoswine\n|-damage|p1b: Mamoswine|88/100\n|cant|p1b: Mamoswine|flinch\n|move|p2a: Floette|Moonblast|p1a: Milotic\n|-damage|p1a: Milotic|7/100\n|move|p1a: Milotic|Scald|p2a: Floette\n|-damage|p2a: Floette|0 fnt\n|faint|p2a: Floette\n|\n|-heal|p1a: Milotic|13/100|[from] item: Leftovers\n|upkeep\n|\n|t:|1776640300\n|switch|p2a: Garchomp|Garchomp, L50, F|100/100\n|turn|5\n|inactive|Kazuma Yato has 30 seconds left.\n|inactive|Kazuma Yato has 20 seconds left.\n|inactive|Kazuma Yato has 15 seconds left.\n|\n|t:|1776640345\n|switch|p1b: Scizor|Scizor, L50, F|100/100\n|move|p2a: Garchomp|Rock Slide|p1a: Milotic|[spread] p1a\n|-miss|p2a: Garchomp|p1b: Scizor\n|-damage|p1a: Milotic|0 fnt\n|faint|p1a: Milotic\n|move|p2b: Incineroar|Flare Blitz|p1b: Scizor\n|-supereffective|p1b: Scizor|2\n|-damage|p1b: Scizor|0 fnt\n|faint|p1b: Scizor\n|-damage|p2b: Incineroar|56/100|[from] Recoil\n|\n|upkeep\n|\n|t:|1776640357\n|switch|p1b: Mamoswine|Mamoswine, L50, M|88/100\n|turn|6\n|inactive|Kazuma Yato has 30 seconds left.\n|\n|t:|1776640383\n|move|p2a: Garchomp|Protect|p2a: Garchomp\n|-singleturn|p2a: Garchomp|Protect\n|move|p1b: Mamoswine|Earthquake|p2a: Garchomp|[spread] p2b\n|-activate|p2a: Garchomp|move: Protect\n|-supereffective|p2b: Incineroar|1\n|-damage|p2b: Incineroar|0 fnt\n|faint|p2b: Incineroar\n|\n|upkeep\n|turn|7\n|\n|t:|1776640392\n|move|p1b: Mamoswine|Earthquake|p2a: Garchomp\n|-damage|p2a: Garchomp|46/100\n|move|p2a: Garchomp|Rock Slide|p1b: Mamoswine\n|-damage|p1b: Mamoswine|51/100\n|\n|upkeep\n|turn|8\n|\n|t:|1776640400\n|move|p2a: Garchomp|Protect|p2a: Garchomp\n|-singleturn|p2a: Garchomp|Protect\n|move|p1b: Mamoswine|Earthquake|p2a: Garchomp\n|-activate|p2a: Garchomp|move: Protect\n|\n|upkeep\n|turn|9\n|\n|t:|1776640401\n|move|p1b: Mamoswine|Earthquake|p2a: Garchomp\n|-damage|p2a: Garchomp|0 fnt\n|faint|p2a: Garchomp\n|\n|win|Kazuma Yato\n|raw|Kazuma Yato's rating: 1234 &rarr; <strong>1256</strong><br />(+22 for winning)\n|raw|sdlt 2krl coolguy's rating: 1188 &rarr; <strong>1166</strong><br />(-22 for losing)\n|l|\u2606sdlt 2krl coolguy\n|player|p2|\n|l|\u2606Kazuma Yato\n|player|p1|\n|j|\u2606Kazuma Yato\n|player|p1|Kazuma Yato|2|\n",
  "uploadtime": 1776640402,
  "views": 15,
  "formatid": "gen9championsvgc2026regma",
  "rating": 1166,
  "private": 0,
  "password": null
}