{
  "id": "gen9championsvgc2026regma-2588905288",
  "format": "[Gen 9 Champions] VGC 2026 Reg M-A",
  "players": [
    "AstoriaXeno",
    "StosMac33"
  ],
  "log": "|j|\u2606AstoriaXeno\n|j|\u2606StosMac33\n|t:|1776684475\n|gametype|doubles\n|player|p1|AstoriaXeno|266|1118\n|player|p2|StosMac33|dawn|1119\n|gen|9\n|tier|[Gen 9 Champions] VGC 2026 Reg M-A\n|rated|\n|rule|Species Clause: Limit one of each Pok\u00e9mon\n|rule|Item Clause: Limit 1 of each item\n|clearpoke\n|poke|p1|Drampa, L50, M|\n|poke|p1|Farigiraf, L50, M|\n|poke|p1|Kingambit, L50, F|\n|poke|p1|Sinistcha-Masterpiece, L50|\n|poke|p1|Volcarona, L50, F|\n|poke|p1|Gyarados, L50, M|\n|poke|p2|Whimsicott, L50, F|\n|poke|p2|Gallade, L50, M|\n|poke|p2|Charizard, L50, F|\n|poke|p2|Garchomp, L50, F|\n|poke|p2|Armarouge, L50, F|\n|poke|p2|Farigiraf, L50, M|\n|teampreview|4\n|inactive|Battle timer is ON: inactive players will automatically lose when time's up. (requested by StosMac33)\n|inactive|StosMac33 has 60 seconds left.\n|inactive|StosMac33 has 30 seconds left.\n|inactive|StosMac33 has 20 seconds left.\n|inactive|StosMac33 has 15 seconds left.\n|\n|t:|1776684552\n|teamsize|p1|4\n|teamsize|p2|4\n|start\n|switch|p1a: Kingambit|Kingambit, L50, F|100/100\n|switch|p1b: Volcarona|Volcarona, L50, F|100/100\n|switch|p2a: Garchomp|Garchomp, L50, F|100/100\n|switch|p2b: Whimsicott|Whimsicott, L50, F|100/100\n|turn|1\n|inactive|StosMac33 has 30 seconds left.\n|\n|t:|1776684578\n|switch|p1b: Drampa|Drampa, L50, M|100/100\n|-ability|p1b: Drampa|Cloud Nine\n|switch|p1a: Sinistcha|Sinistcha-Masterpiece, L50|100/100\n|move|p2a: Garchomp|Earthquake|p1a: Sinistcha|[spread] p2b,p1a,p1b\n|-resisted|p2b: Whimsicott|1\n|-resisted|p1a: Sinistcha|1\n|-damage|p2b: Whimsicott|78/100\n|-damage|p1a: Sinistcha|86/100\n|-damage|p1b: Drampa|62/100\n|move|p2b: Whimsicott|Dazzling Gleam|p1b: Drampa|[spread] p1a,p1b\n|-supereffective|p1b: Drampa|1\n|-damage|p1a: Sinistcha|70/100\n|-damage|p1b: Drampa|25/100\n|\n|-heal|p1a: Sinistcha|76/100|[from] item: Leftovers\n|upkeep\n|turn|2\n|inactive|StosMac33 has 30 seconds left.\n|\n|t:|1776684605\n|switch|p1b: Volcarona|Volcarona, L50, F|100/100\n|move|p2a: Garchomp|Dragon Claw|p1a: Sinistcha\n|-damage|p1a: Sinistcha|42/100\n|move|p2b: Whimsicott|Dazzling Gleam|p1b: Volcarona|[spread] p1a,p1b\n|-resisted|p1b: Volcarona|1\n|-damage|p1a: Sinistcha|25/100\n|-damage|p1b: Volcarona|93/100\n|move|p1a: Sinistcha|Trick Room|p1a: Sinistcha\n|-fieldstart|move: Trick Room|[of] p1a: Sinistcha\n|\n|-heal|p1a: Sinistcha|31/100|[from] item: Leftovers\n|upkeep\n|turn|3\n|inactive|AstoriaXeno has 30 seconds left.\n|\n|t:|1776684632\n|move|p2a: Garchomp|Protect|p2a: Garchomp\n|-singleturn|p2a: Garchomp|Protect\n|move|p2b: Whimsicott|Encore|p1a: Sinistcha\n|-start|p1a: Sinistcha|Encore\n|move|p1b: Volcarona|Fiery Dance|p2b: Whimsicott\n|-supereffective|p2b: Whimsicott|1\n|-damage|p2b: Whimsicott|0 fnt\n|faint|p2b: Whimsicott\n|move|p1a: Sinistcha|Trick Room|p1a: Sinistcha\n|-fieldend|move: Trick Room\n|\n|-heal|p1a: Sinistcha|37/100|[from] item: Leftovers\n|upkeep\n|\n|t:|1776684655\n|switch|p2b: Gallade|Gallade, L50, M|100/100\n|turn|4\n|\n|t:|1776684679\n|detailschange|p2b: Gallade|Gallade-Mega, L50, M\n|-mega|p2b: Gallade|Gallade|Galladite\n|move|p1b: Volcarona|Rage Powder|p1b: Volcarona\n|-singleturn|p1b: Volcarona|move: Rage Powder\n|move|p2a: Garchomp|Earthquake|p1b: Volcarona|[spread] p2b,p1a,p1b\n|-resisted|p1a: Sinistcha|1\n|-damage|p2b: Gallade|69/100\n|-damage|p1a: Sinistcha|20/100\n|-damage|p1b: Volcarona|52/100\n|move|p2b: Gallade|Psycho Cut|p1b: Volcarona\n|-damage|p1b: Volcarona|11/100\n|move|p1a: Sinistcha|Trick Room|p1a: Sinistcha\n|-fieldstart|move: Trick Room|[of] p1a: Sinistcha\n|\n|-heal|p1a: Sinistcha|26/100|[from] item: Leftovers\n|upkeep\n|turn|5\n|\n|t:|1776684700\n|switch|p1a: Drampa|Drampa, L50, M|25/100\n|-ability|p1a: Drampa|Cloud Nine\n|switch|p2b: Armarouge|Armarouge, L50, F|100/100\n|move|p1b: Volcarona|Bug Buzz|p2b: Armarouge\n|-damage|p2b: Armarouge|52/100\n|move|p2a: Garchomp|Earthquake|p1a: Drampa|[spread] p2b,p1a,p1b\n|-supereffective|p2b: Armarouge|1\n|-damage|p2b: Armarouge|0 fnt\n|-damage|p1a: Drampa|0 fnt\n|-damage|p1b: Volcarona|0 fnt\n|faint|p2b: Armarouge\n|faint|p1a: Drampa\n|faint|p1b: Volcarona\n|\n|upkeep\n|\n|t:|1776684716\n|switch|p1a: Kingambit|Kingambit, L50, F|100/100\n|switch|p2b: Gallade|Gallade-Mega, L50, M|69/100\n|switch|p1b: Sinistcha|Sinistcha-Masterpiece, L50|26/100\n|turn|6\n|\n|t:|1776684729\n|move|p2b: Gallade|Protect|p2b: Gallade\n|-singleturn|p2b: Gallade|Protect\n|move|p2a: Garchomp|Protect|p2a: Garchomp\n|-singleturn|p2a: Garchomp|Protect\n|move|p1a: Kingambit|Kowtow Cleave|p2b: Gallade\n|-activate|p2b: Gallade|move: Protect\n|move|p1b: Sinistcha|Matcha Gotcha|p2b: Gallade|[spread] \n|-activate|p2a: Garchomp|move: Protect\n|-activate|p2b: Gallade|move: Protect\n|\n|-heal|p1b: Sinistcha|33/100|[from] item: Leftovers\n|upkeep\n|turn|7\n|inactive|StosMac33 has 30 seconds left.\n|\n|t:|1776684757\n|move|p2b: Gallade|Protect|p2b: Gallade\n|-singleturn|p2b: Gallade|Protect\n|move|p1a: Kingambit|Kowtow Cleave|p2b: Gallade\n|-activate|p2b: Gallade|move: Protect\n|move|p1b: Sinistcha|Life Dew||[still]|[spread] p1a,p1b\n|-fail|p1a: Kingambit|heal\n|-heal|p1b: Sinistcha|58/100\n|move|p2a: Garchomp|Earthquake|p1a: Kingambit|[spread] p1a,p1b\n|-activate|p2b: Gallade|move: Protect\n|-supereffective|p1a: Kingambit|1\n|-resisted|p1b: Sinistcha|1\n|-damage|p1a: Kingambit|43/100\n|-damage|p1b: Sinistcha|44/100\n|\n|-heal|p1b: Sinistcha|50/100|[from] item: Leftovers\n|upkeep\n|turn|8\n|\n|t:|1776684780\n|move|p2a: Garchomp|Protect|p2a: Garchomp\n|-singleturn|p2a: Garchomp|Protect\n|move|p1a: Kingambit|Kowtow Cleave|p2b: Gallade\n|-damage|p2b: Gallade|31/100\n|move|p1b: Sinistcha|Life Dew|p1b: Sinistcha|[spread] p1a,p1b\n|-heal|p1a: Kingambit|68/100\n|-heal|p1b: Sinistcha|75/100\n|move|p2b: Gallade|Sacred Sword|p1a: Kingambit\n|-supereffective|p1a: Kingambit|2\n|-enditem|p1a: Kingambit|Chople Berry|[eat]\n|-enditem|p1a: Kingambit|Chople Berry|[weaken]\n|-damage|p1a: Kingambit|1/100\n|\n|-heal|p1b: Sinistcha|81/100|[from] item: Leftovers\n|-fieldend|move: Trick Room\n|upkeep\n|turn|9\n|inactive|StosMac33 has 30 seconds left.\n|inactive|StosMac33 has 20 seconds left.\n|\n|t:|1776684817\n|move|p1a: Kingambit|Sucker Punch|p2b: Gallade\n|-damage|p2b: Gallade|0 fnt\n|faint|p2b: Gallade\n|move|p2a: Garchomp|Dragon Claw|p1b: Sinistcha\n|-damage|p1b: Sinistcha|49/100\n|move|p1b: Sinistcha|Matcha Gotcha|p2a: Garchomp\n|-damage|p2a: Garchomp|63/100\n|-heal|p1b: Sinistcha|68/100|[from] drain|[of] p2a: Garchomp\n|\n|-heal|p1b: Sinistcha|75/100|[from] item: Leftovers\n|upkeep\n|turn|10\n|\n|t:|1776684833\n|move|p1a: Kingambit|Sucker Punch|p2a: Garchomp\n|-damage|p2a: Garchomp|20/100\n|-damage|p1a: Kingambit|0 fnt|[from] ability: Rough Skin|[of] p2a: Garchomp\n|faint|p1a: Kingambit\n|move|p2a: Garchomp|Earthquake|p1b: Sinistcha\n|-resisted|p1b: Sinistcha|1\n|-damage|p1b: Sinistcha|56/100\n|move|p1b: Sinistcha|Matcha Gotcha|p2a: Garchomp\n|-damage|p2a: Garchomp|0 fnt\n|-heal|p1b: Sinistcha|67/100|[from] drain|[of] p2a: Garchomp\n|faint|p2a: Garchomp\n|\n|win|AstoriaXeno\n|raw|AstoriaXeno's rating: 1118 &rarr; <strong>1143</strong><br />(+25 for winning)\n|raw|StosMac33's rating: 1119 &rarr; <strong>1094</strong><br />(-25 for losing)\n|c|\u2606StosMac33|LOL\n|c|\u2606AstoriaXeno|Ez\n|c|\u2606StosMac33|LOL\n|c|\u2606StosMac33|LOL\n|c|\u2606AstoriaXeno|Ez\n|c|\u2606AstoriaXeno|Ez\n|c|\u2606AstoriaXeno|Ez\n|c|\u2606AstoriaXeno|Ez\n|c|\u2606StosMac33|LOL\n|c|\u2606AstoriaXeno|Ez\n|c|\u2606AstoriaXeno|Ez\n|c|\u2606AstoriaXeno|Ez\n|c|\u2606StosMac33|Dumbass\n|c|\u2606AstoriaXeno|I win\n|c|\u2606AstoriaXeno|You lose\n|c|\u2606AstoriaXeno|Ez\n|c|\u2606StosMac33|Read you like a book\n|c|\u2606AstoriaXeno|I won?\n|c|\u2606AstoriaXeno|Ty for freelo\n|c|\u2606StosMac33|1hp LOL\n|c|\u2606AstoriaXeno|Freelo freelo\n|c|\u2606StosMac33|SACRED SWORD MEGA GALLADE 4x Weakness kongambit LOL\n|c|\u2606AstoriaXeno|The berry stupid\n|c|\u2606StosMac33|15 0 power move\n|c|\u2606AstoriaXeno|The berry stupid\n|c|\u2606StosMac33|So 2x weakness 150 power moves doesn\u2019t kill 68% kingambit?\n|c|\u2606StosMac33|LOL\n|c|\u2606StosMac33|DUMBASS\n|c|\u2606AstoriaXeno|Defense is high, and my berry halfed the damage\n|c|\u2606AstoriaXeno|Holy stupid\n|c|\u2606StosMac33|Or ur just a hacker LOL\n|c|\u2606AstoriaXeno|Yeah im def hacking\n|c|\u2606StosMac33|MAGIC 1HP LEFT from a 500 HP ATTACK\n|c|\u2606StosMac33|\ud83e\udd23\ud83e\udd23\ud83e\udd23\ud83e\udd23\ud83e\udd23\n|c|\u2606AstoriaXeno|500 hp attack? Where are you getting these numbers my boy, put close combat on and you woukd have killed\n|n|!AstoriaXeno|astoriaxeno\n|c|\u2606StosMac33|SACRED SWORD 90+50% DUMBASS\n|c|\u2606StosMac33|CLOSE COMBAT NOT SLICING MOVE IDIOT LOL\n|c|\u2606StosMac33|HOLY STUPID\n|l|!AstoriaXeno\n|player|p1|\n",
  "uploadtime": 1776685067,
  "views": 8,
  "formatid": "gen9championsvgc2026regma",
  "rating": 1094,
  "private": 0,
  "password": null
}