{
  "id": "gen9championsvgc2026regma-2584414306",
  "format": "[Gen 9 Champions] VGC 2026 Reg M-A",
  "players": [
    "npachon1231",
    "kcook117"
  ],
  "log": "|j|\u2606npachon1231\n|j|\u2606kcook117\n|t:|1776259171\n|gametype|doubles\n|player|p1|npachon1231|169|1093\n|player|p2|kcook117|265|1153\n|gen|9\n|tier|[Gen 9 Champions] VGC 2026 Reg M-A\n|rated|\n|rule|Species Clause: Limit one of each Pok\u00e9mon\n|rule|Item Clause: Limit 1 of each item\n|clearpoke\n|poke|p1|Heracross, L50, F|\n|poke|p1|Maushold-Four, L50|\n|poke|p1|Sableye, L50, M|\n|poke|p1|Meganium, L50, M|\n|poke|p1|Dragonite, L50, M|\n|poke|p1|Volcarona, L50, M|\n|poke|p2|Incineroar, L50, F|\n|poke|p2|Basculegion, L50, M|\n|poke|p2|Sinistcha, L50|\n|poke|p2|Sneasler, L50, F|\n|poke|p2|Floette-Eternal, L50, F|\n|poke|p2|Dragonite, L50, M|\n|teampreview|4\n|inactive|Battle timer is ON: inactive players will automatically lose when time's up. (requested by npachon1231)\n|\n|t:|1776259197\n|teamsize|p1|4\n|teamsize|p2|4\n|start\n|switch|p1a: Heracross|Heracross, L50, F|100/100\n|switch|p1b: Maushold|Maushold-Four, L50, shiny|100/100\n|switch|p2a: Incineroar|Incineroar, L50, F|100/100\n|switch|p2b: Sneasler|Sneasler, L50, F|100/100\n|-ability|p2a: Incineroar|Intimidate|boost\n|-unboost|p1a: Heracross|atk|1\n|-unboost|p1b: Maushold|atk|1\n|turn|1\n|inactive|npachon1231 has 30 seconds left.\n|inactive|kcook117 has 30 seconds left.\n|inactive|npachon1231 has 20 seconds left.\n|\n|t:|1776259235\n|move|p1b: Maushold|Protect|p1b: Maushold\n|-singleturn|p1b: Maushold|Protect\n|move|p1a: Heracross|Detect|p1a: Heracross\n|-singleturn|p1a: Heracross|Protect\n|move|p2a: Incineroar|Fake Out|p1b: Maushold\n|-activate|p1b: Maushold|move: Protect\n|move|p2b: Sneasler|Coaching|p2a: Incineroar\n|-boost|p2a: Incineroar|atk|1\n|-boost|p2a: Incineroar|def|1\n|\n|upkeep\n|turn|2\n|\n|t:|1776259259\n|move|p1b: Maushold|Follow Me|p1b: Maushold\n|-singleturn|p1b: Maushold|move: Follow Me\n|move|p2b: Sneasler|Dire Claw|p1b: Maushold\n|-damage|p1b: Maushold|39/100\n|move|p1a: Heracross|Swords Dance|p1a: Heracross\n|-boost|p1a: Heracross|atk|2\n|move|p2a: Incineroar|Flare Blitz|p1b: Maushold\n|-damage|p1b: Maushold|0 fnt\n|faint|p1b: Maushold\n|-damage|p2a: Incineroar|89/100|[from] Recoil\n|\n|upkeep\n|\n|t:|1776259277\n|switch|p1b: Sableye|Sableye, L50, M|100/100\n|turn|3\n|\n|t:|1776259291\n|detailschange|p1a: Heracross|Heracross-Mega, L50, F\n|-mega|p1a: Heracross|Heracross|Heracronite\n|move|p1b: Sableye|Fake Out|p2b: Sneasler\n|-damage|p2b: Sneasler|90/100\n|cant|p2b: Sneasler|flinch\n|move|p1a: Heracross|Rock Blast|p2a: Incineroar\n|-supereffective|p2a: Incineroar|1\n|-damage|p2a: Incineroar|69/100\n|-supereffective|p2a: Incineroar|1\n|-damage|p2a: Incineroar|49/100\n|-enditem|p2a: Incineroar|Sitrus Berry|[eat]\n|-heal|p2a: Incineroar|73/100|[from] item: Sitrus Berry\n|-supereffective|p2a: Incineroar|1\n|-damage|p2a: Incineroar|52/100\n|-supereffective|p2a: Incineroar|1\n|-damage|p2a: Incineroar|32/100\n|-supereffective|p2a: Incineroar|1\n|-damage|p2a: Incineroar|11/100\n|-hitcount|p2a: Incineroar|5\n|move|p2a: Incineroar|Flare Blitz|p1a: Heracross\n|-supereffective|p1a: Heracross|1\n|-damage|p1a: Heracross|0 fnt\n|faint|p1a: Heracross\n|-damage|p2a: Incineroar|0 fnt|[from] Recoil\n|faint|p2a: Incineroar\n|\n|upkeep\n|\n|t:|1776259315\n|switch|p1a: Volcarona|Volcarona, L50, M|100/100\n|switch|p2a: Basculegion|Basculegion, L50, M|100/100\n|turn|4\n|\n|t:|1776259334\n|move|p1b: Sableye|Reflect|p1b: Sableye\n|-sidestart|p1: npachon1231|Reflect\n|move|p2a: Basculegion|Last Respects|p1b: Sableye\n|-damage|p1b: Sableye|39/100\n|move|p2b: Sneasler|Dire Claw|p1a: Volcarona\n|-damage|p1a: Volcarona|73/100\n|-status|p1a: Volcarona|par\n|move|p1a: Volcarona|Quiver Dance|p1a: Volcarona\n|-boost|p1a: Volcarona|spa|1\n|-boost|p1a: Volcarona|spd|1\n|-boost|p1a: Volcarona|spe|1\n|\n|-heal|p1a: Volcarona|80/100 par|[from] item: Leftovers\n|upkeep\n|turn|5\n|inactive|npachon1231 has 30 seconds left.\n|\n|t:|1776259367\n|move|p1b: Sableye|Disable|p2b: Sneasler\n|-start|p2b: Sneasler|Disable|Dire Claw\n|move|p2a: Basculegion|Last Respects|p1a: Volcarona\n|-damage|p1a: Volcarona|36/100 par\n|cant|p2b: Sneasler|Disable|Dire Claw\n|move|p1a: Volcarona|Heat Wave|p2b: Sneasler|[spread] p2a,p2b\n|-resisted|p2a: Basculegion|1\n|-damage|p2a: Basculegion|73/100\n|-damage|p2b: Sneasler|22/100\n|\n|-heal|p1a: Volcarona|42/100 par|[from] item: Leftovers\n|upkeep\n|turn|6\n|inactive|kcook117 has 30 seconds left.\n|\n|t:|1776259394\n|move|p1b: Sableye|Disable|p2a: Basculegion\n|-start|p2a: Basculegion|Disable|Last Respects\n|cant|p2a: Basculegion|Disable|Last Respects\n|move|p2b: Sneasler|Close Combat|p1a: Volcarona\n|-resisted|p1a: Volcarona|1\n|-damage|p1a: Volcarona|19/100 par\n|-unboost|p2b: Sneasler|def|1\n|-unboost|p2b: Sneasler|spd|1\n|-enditem|p2b: Sneasler|White Herb\n|-clearnegativeboost|p2b: Sneasler|[silent]\n|move|p1a: Volcarona|Heat Wave|p2a: Basculegion|[spread] p2a\n|-miss|p1a: Volcarona|p2b: Sneasler\n|-resisted|p2a: Basculegion|1\n|-damage|p2a: Basculegion|43/100\n|\n|-heal|p1a: Volcarona|25/100 par|[from] item: Leftovers\n|upkeep\n|turn|7\n|inactive|kcook117 has 30 seconds left.\n|\n|t:|1776259421\n|move|p1b: Sableye|Disable||[still]\n|-fail|p1b: Sableye\n|move|p2b: Sneasler|Close Combat|p1a: Volcarona\n|-resisted|p1a: Volcarona|1\n|-damage|p1a: Volcarona|4/100 par\n|-unboost|p2b: Sneasler|def|1\n|-unboost|p2b: Sneasler|spd|1\n|-activate|p2a: Basculegion|move: Struggle\n|move|p2a: Basculegion|Struggle|p1a: Volcarona\n|-damage|p1a: Volcarona|0 fnt\n|-status|p2a: Basculegion|brn|[from] ability: Flame Body|[of] p1a: Volcarona\n|faint|p1a: Volcarona\n|-damage|p2a: Basculegion|18/100 brn|[from] recoil\n|\n|-damage|p2a: Basculegion|12/100 brn|[from] brn\n|upkeep\n|turn|8\n|inactive|kcook117 has 30 seconds left.\n|\n|t:|1776259449\n|switch|p2a: Floette|Floette-Eternal, L50, F|100/100\n|move|p1b: Sableye|Light Screen|p1b: Sableye\n|-sidestart|p1: npachon1231|move: Light Screen\n|move|p2b: Sneasler|Coaching|p2a: Floette\n|-boost|p2a: Floette|atk|1\n|-boost|p2a: Floette|def|1\n|\n|-end|p2b: Sneasler|Disable\n|-sideend|p1: npachon1231|Reflect\n|upkeep\n|turn|9\n|c|\u2606npachon1231|gg\n|-message|npachon1231 forfeited.\n|\n|win|kcook117\n|raw|npachon1231's rating: 1093 &rarr; <strong>1073</strong><br />(-20 for losing)\n|raw|kcook117's rating: 1153 &rarr; <strong>1174</strong><br />(+21 for winning)\n|l|\u2606npachon1231\n|player|p1|\n",
  "uploadtime": 1776259467,
  "views": 27,
  "formatid": "gen9championsvgc2026regma",
  "rating": 1073,
  "private": 0,
  "password": null
}