{
  "id": "gen9championsvgc2026regma-2581108880",
  "format": "[Gen 9 Champions] VGC 2026 Reg M-A",
  "players": [
    "Okaywut",
    "ruddyreboot"
  ],
  "log": "|j|\u2606Okaywut\n|j|\u2606ruddyreboot\n|t:|1775960688\n|gametype|doubles\n|player|p1|Okaywut|102|1238\n|player|p2|ruddyreboot|peony|1199\n|gen|9\n|tier|[Gen 9 Champions] VGC 2026 Reg M-A\n|rated|\n|rule|Species Clause: Limit one of each Pok\u00e9mon\n|rule|Item Clause: Limit 1 of each item\n|clearpoke\n|poke|p1|Floette-Eternal, L50, F|\n|poke|p1|Talonflame, L50, M|\n|poke|p1|Sneasler, L50, F|\n|poke|p1|Sinistcha, L50|\n|poke|p1|Kingambit, L50, F|\n|poke|p1|Garchomp, L50, M|\n|poke|p2|Venusaur, L50, M|\n|poke|p2|Milotic, L50, M|\n|poke|p2|Aegislash, L50, F|\n|poke|p2|Kingambit, L50, F|\n|poke|p2|Incineroar, L50, F|\n|poke|p2|Pelipper, L50, M|\n|teampreview|4\n|inactive|Battle timer is ON: inactive players will automatically lose when time's up. (requested by ruddyreboot)\n|inactive|Okaywut has 60 seconds left.\n|inactive|ruddyreboot has 60 seconds left.\n|\n|t:|1775960720\n|teamsize|p1|4\n|teamsize|p2|4\n|start\n|switch|p1a: Talonflame|Talonflame, L50, M|100/100\n|switch|p1b: Kingambit|Kingambit, L50, F|100/100\n|switch|p2a: Incineroar|Incineroar, L50, F|100/100\n|switch|p2b: Milotic|Milotic, L50, M|100/100\n|-ability|p2a: Incineroar|Intimidate|boost\n|-unboost|p1a: Talonflame|atk|1\n|-unboost|p1b: Kingambit|atk|1\n|-ability|p1b: Kingambit|Defiant|boost\n|-boost|p1b: Kingambit|atk|2\n|turn|1\n|\n|t:|1775960739\n|move|p1a: Talonflame|Quick Guard|p1a: Talonflame\n|-singleturn|p1a: Talonflame|Quick Guard\n|move|p2b: Milotic|Coil|p2b: Milotic\n|-boost|p2b: Milotic|atk|1\n|-boost|p2b: Milotic|def|1\n|-boost|p2b: Milotic|accuracy|1\n|move|p2a: Incineroar|Flare Blitz|p1b: Kingambit\n|-supereffective|p1b: Kingambit|1\n|-damage|p1b: Kingambit|28/100\n|-damage|p2a: Incineroar|74/100|[from] Recoil\n|move|p1b: Kingambit|Kowtow Cleave|p2b: Milotic\n|-damage|p2b: Milotic|63/100\n|\n|upkeep\n|turn|2\n|\n|t:|1775960760\n|move|p1b: Kingambit|Protect|p1b: Kingambit\n|-singleturn|p1b: Kingambit|Protect\n|move|p1a: Talonflame|Tailwind|p1a: Talonflame\n|-sidestart|p1: Okaywut|move: Tailwind\n|move|p2b: Milotic|Muddy Water|p1a: Talonflame|[spread] p1a\n|-activate|p1b: Kingambit|move: Protect\n|-supereffective|p1a: Talonflame|1\n|-damage|p1a: Talonflame|26/100\n|move|p2a: Incineroar|Parting Shot|p1a: Talonflame\n|-unboost|p1a: Talonflame|atk|1\n|-unboost|p1a: Talonflame|spa|1\n|\n|t:|1775960771\n|switch|p2a: Venusaur|Venusaur, L50, M|100/100|[from] Parting Shot\n|\n|upkeep\n|turn|3\n|\n|t:|1775960783\n|switch|p1a: Sinistcha|Sinistcha, L50|100/100\n|-heal|p1b: Kingambit|53/100|[from] ability: Hospitality|[of] p1a: Sinistcha\n|detailschange|p2a: Venusaur|Venusaur-Mega, L50, M\n|-mega|p2a: Venusaur|Venusaur|Venusaurite\n|move|p1b: Kingambit|Kowtow Cleave|p2b: Milotic\n|-damage|p2b: Milotic|28/100\n|-enditem|p2b: Milotic|Sitrus Berry|[eat]\n|-heal|p2b: Milotic|52/100|[from] item: Sitrus Berry\n|move|p2b: Milotic|Muddy Water|p1a: Sinistcha|[spread] p1a,p1b\n|-resisted|p1a: Sinistcha|1\n|-damage|p1a: Sinistcha|91/100\n|-damage|p1b: Kingambit|33/100\n|-unboost|p1a: Sinistcha|accuracy|1\n|-unboost|p1b: Kingambit|accuracy|1\n|-ability|p1b: Kingambit|Defiant|boost\n|-boost|p1b: Kingambit|atk|2\n|move|p2a: Venusaur|Leech Seed|p1b: Kingambit|[miss]\n|-miss|p2a: Venusaur|p1b: Kingambit\n|\n|upkeep\n|turn|4\n|\n|t:|1775960805\n|move|p1b: Kingambit|Sucker Punch||[still]\n|-fail|p1b: Kingambit\n|move|p1a: Sinistcha|Matcha Gotcha|p2a: Venusaur|[spread] p2a,p2b\n|-resisted|p2a: Venusaur|2\n|-supereffective|p2b: Milotic|1\n|-damage|p2a: Venusaur|96/100\n|-heal|p1a: Sinistcha|93/100|[from] drain|[of] p2a: Venusaur\n|-damage|p2b: Milotic|14/100\n|-heal|p1a: Sinistcha|100/100|[from] drain|[of] p2b: Milotic\n|move|p2b: Milotic|Hypnosis|p1a: Sinistcha\n|-status|p1a: Sinistcha|slp|[from] move: Hypnosis\n|move|p2a: Venusaur|Leech Seed|p1b: Kingambit\n|-start|p1b: Kingambit|move: Leech Seed\n|\n|-damage|p1b: Kingambit|21/100|[from] Leech Seed|[of] p2a: Venusaur\n|-heal|p2a: Venusaur|100/100|[silent]\n|upkeep\n|turn|5\n|\n|t:|1775960828\n|cant|p1a: Sinistcha|slp\n|move|p1b: Kingambit|Kowtow Cleave|p2b: Milotic\n|-damage|p2b: Milotic|0 fnt\n|faint|p2b: Milotic\n|move|p2a: Venusaur|Earth Power|p1b: Kingambit\n|-supereffective|p1b: Kingambit|1\n|-damage|p1b: Kingambit|0 fnt\n|faint|p1b: Kingambit\n|\n|-sideend|p1: Okaywut|move: Tailwind\n|upkeep\n|\n|t:|1775960840\n|switch|p2b: Pelipper|Pelipper, L50, M|100/100\n|switch|p1b: Garchomp|Garchomp, L50, M|100/100\n|-weather|RainDance|[from] ability: Drizzle|[of] p2b: Pelipper\n|turn|6\n|\n|t:|1775960859\n|move|p1b: Garchomp|Rock Slide|p2b: Pelipper|[spread] p2a,p2b\n|-supereffective|p2b: Pelipper|1\n|-damage|p2a: Venusaur|86/100\n|-damage|p2b: Pelipper|46/100\n|move|p2b: Pelipper|Hurricane|p1a: Sinistcha\n|-supereffective|p1a: Sinistcha|1\n|-damage|p1a: Sinistcha|6/100 slp\n|-enditem|p1a: Sinistcha|Sitrus Berry|[eat]\n|-heal|p1a: Sinistcha|31/100 slp|[from] item: Sitrus Berry\n|move|p2a: Venusaur|Leech Seed|p1b: Garchomp\n|-start|p1b: Garchomp|move: Leech Seed\n|cant|p1a: Sinistcha|slp\n|\n|-weather|RainDance|[upkeep]\n|-damage|p1b: Garchomp|88/100|[from] Leech Seed|[of] p2a: Venusaur\n|-heal|p2a: Venusaur|98/100|[silent]\n|upkeep\n|turn|7\n|inactive|Okaywut has 30 seconds left.\n|\n|t:|1775960885\n|switch|p1b: Talonflame|Talonflame, L50, M|26/100\n|move|p2b: Pelipper|Protect|p2b: Pelipper\n|-singleturn|p2b: Pelipper|Protect\n|-curestatus|p1a: Sinistcha|slp|[msg]\n|move|p1a: Sinistcha|Rage Powder|p1a: Sinistcha\n|-singleturn|p1a: Sinistcha|move: Rage Powder\n|move|p2a: Venusaur|Sludge Bomb|p1a: Sinistcha\n|-damage|p1a: Sinistcha|0 fnt\n|faint|p1a: Sinistcha\n|\n|-weather|RainDance|[upkeep]\n|upkeep\n|\n|t:|1775960897\n|switch|p1a: Garchomp|Garchomp, L50, M|88/100\n|turn|8\n|\n|t:|1775960907\n|switch|p2b: Incineroar|Incineroar, L50, F|74/100\n|-ability|p2b: Incineroar|Intimidate|boost\n|-unboost|p1a: Garchomp|atk|1\n|-unboost|p1b: Talonflame|atk|1\n|move|p1b: Talonflame|Dual Wingbeat|p2a: Venusaur\n|-supereffective|p2a: Venusaur|1\n|-damage|p2a: Venusaur|84/100\n|-supereffective|p2a: Venusaur|1\n|-damage|p2a: Venusaur|68/100\n|-hitcount|p2a: Venusaur|2\n|move|p1a: Garchomp|Rock Slide|p2b: Incineroar|[spread] p2a\n|-miss|p1a: Garchomp|p2b: Incineroar\n|-damage|p2a: Venusaur|57/100\n|move|p2a: Venusaur|Leech Seed|p1a: Garchomp\n|-start|p1a: Garchomp|move: Leech Seed\n|\n|-weather|RainDance|[upkeep]\n|-damage|p1a: Garchomp|75/100|[from] Leech Seed|[of] p2a: Venusaur\n|-heal|p2a: Venusaur|69/100|[silent]\n|upkeep\n|turn|9\n|\n|t:|1775960927\n|move|p1b: Talonflame|Quick Guard|p1b: Talonflame\n|-singleturn|p1b: Talonflame|Quick Guard\n|move|p2b: Incineroar|Fake Out|p1b: Talonflame\n|-activate|p1b: Talonflame|move: Quick Guard\n|move|p1a: Garchomp|Earthquake|p2b: Incineroar|[spread] p2a,p2b\n|-immune|p1b: Talonflame\n|-supereffective|p2b: Incineroar|1\n|-damage|p2a: Venusaur|46/100\n|-damage|p2b: Incineroar|15/100\n|move|p2a: Venusaur|Leech Seed|p1b: Talonflame\n|-start|p1b: Talonflame|move: Leech Seed\n|\n|-weather|RainDance|[upkeep]\n|-damage|p1b: Talonflame|14/100|[from] Leech Seed|[of] p2a: Venusaur\n|-heal|p2a: Venusaur|57/100|[silent]\n|-damage|p1a: Garchomp|63/100|[from] Leech Seed|[of] p2a: Venusaur\n|-heal|p2a: Venusaur|69/100|[silent]\n|upkeep\n|turn|10\n|\n|t:|1775960943\n|move|p2a: Venusaur|Protect|p2a: Venusaur\n|-singleturn|p2a: Venusaur|Protect\n|move|p1b: Talonflame|Dual Wingbeat|p2a: Venusaur\n|-activate|p2a: Venusaur|move: Protect\n|move|p1a: Garchomp|Earthquake|p2b: Incineroar|[spread] p2b\n|-activate|p2a: Venusaur|move: Protect\n|-immune|p1b: Talonflame\n|-supereffective|p2b: Incineroar|1\n|-damage|p2b: Incineroar|0 fnt\n|faint|p2b: Incineroar\n|\n|-weather|none\n|-damage|p1b: Talonflame|1/100|[from] Leech Seed|[of] p2a: Venusaur\n|-heal|p2a: Venusaur|79/100|[silent]\n|-damage|p1a: Garchomp|50/100|[from] Leech Seed|[of] p2a: Venusaur\n|-heal|p2a: Venusaur|91/100|[silent]\n|upkeep\n|\n|t:|1775960956\n|switch|p2b: Pelipper|Pelipper, L50, M|46/100\n|-weather|RainDance|[from] ability: Drizzle|[of] p2b: Pelipper\n|turn|11\n|\n|t:|1775960962\n|move|p1b: Talonflame|Dual Wingbeat|p2a: Venusaur\n|-supereffective|p2a: Venusaur|1\n|-damage|p2a: Venusaur|75/100\n|-supereffective|p2a: Venusaur|1\n|-damage|p2a: Venusaur|61/100\n|-hitcount|p2a: Venusaur|2\n|move|p1a: Garchomp|Rock Slide|p2a: Venusaur|[spread] p2a,p2b\n|-supereffective|p2b: Pelipper|1\n|-damage|p2a: Venusaur|52/100\n|-damage|p2b: Pelipper|10/100\n|cant|p2b: Pelipper|flinch\n|cant|p2a: Venusaur|flinch\n|\n|-weather|RainDance|[upkeep]\n|-damage|p1b: Talonflame|0 fnt|[from] Leech Seed|[of] p2a: Venusaur\n|-heal|p2a: Venusaur|52/100|[silent]\n|faint|p1b: Talonflame\n|-damage|p1a: Garchomp|38/100|[from] Leech Seed|[of] p2a: Venusaur\n|-heal|p2a: Venusaur|65/100|[silent]\n|upkeep\n|turn|12\n|\n|t:|1775960980\n|move|p2a: Venusaur|Protect|p2a: Venusaur\n|-singleturn|p2a: Venusaur|Protect\n|move|p1a: Garchomp|Rock Slide|p2a: Venusaur|[spread] p2b\n|-activate|p2a: Venusaur|move: Protect\n|-supereffective|p2b: Pelipper|1\n|-damage|p2b: Pelipper|0 fnt\n|faint|p2b: Pelipper\n|\n|-weather|RainDance|[upkeep]\n|-damage|p1a: Garchomp|25/100|[from] Leech Seed|[of] p2a: Venusaur\n|-heal|p2a: Venusaur|77/100|[silent]\n|upkeep\n|turn|13\n|\n|t:|1775960993\n|move|p1a: Garchomp|Earthquake|p2a: Venusaur\n|-crit|p2a: Venusaur\n|-damage|p2a: Venusaur|12/100\n|move|p2a: Venusaur|Sludge Bomb|p1a: Garchomp\n|-resisted|p1a: Garchomp|1\n|-damage|p1a: Garchomp|6/100\n|-status|p1a: Garchomp|psn\n|\n|-weather|RainDance|[upkeep]\n|-damage|p1a: Garchomp|0 fnt|[from] Leech Seed|[of] p2a: Venusaur\n|-heal|p2a: Venusaur|18/100|[silent]\n|faint|p1a: Garchomp\n|\n|win|ruddyreboot\n|raw|Okaywut's rating: 1238 &rarr; <strong>1210</strong><br />(-28 for losing)\n|raw|ruddyreboot's rating: 1199 &rarr; <strong>1227</strong><br />(+28 for winning)\n|l|\u2606Okaywut\n|player|p1|\n",
  "uploadtime": 1775961003,
  "views": 46,
  "formatid": "gen9championsvgc2026regma",
  "rating": 1210,
  "private": 0,
  "password": null
}