{
  "id": "gen9championsvgc2026regma-2586984303",
  "format": "[Gen 9 Champions] VGC 2026 Reg M-A",
  "players": [
    "testingtesting101",
    "BopLOL"
  ],
  "log": "|j|\u2606testingtesting101\n|j|\u2606BopLOL\n|t:|1776478260\n|gametype|doubles\n|player|p1|testingtesting101|buck|1123\n|player|p2|BopLOL|265|1025\n|gen|9\n|tier|[Gen 9 Champions] VGC 2026 Reg M-A\n|rated|\n|rule|Species Clause: Limit one of each Pok\u00e9mon\n|rule|Item Clause: Limit 1 of each item\n|clearpoke\n|poke|p1|Delphox, L50, F|\n|poke|p1|Hydrapple, L50, M|\n|poke|p1|Garchomp, L50, M|\n|poke|p1|Torkoal, L50, M|\n|poke|p1|Mimikyu, L50, F|\n|poke|p1|Pidgeot, L50, F|\n|poke|p2|Reuniclus, L50, M|\n|poke|p2|Meowstic-F, L50, F|\n|poke|p2|Aggron, L50, F|\n|poke|p2|Rotom-Wash, L50|\n|poke|p2|Sinistcha, L50|\n|poke|p2|Clefable, L50, M|\n|teampreview|4\ntestingtesting101 rejected open team sheets.\n|\n|t:|1776478284\n|teamsize|p1|4\n|teamsize|p2|4\n|start\n|switch|p1a: Kamik|Delphox, L50, F|100/100\n|switch|p1b: Garchomp|Garchomp, L50, M|100/100\n|switch|p2a: Meowstic|Meowstic-F, L50, F|100/100\n|switch|p2b: Reuniclus|Reuniclus, L50, M|100/100\n|turn|1\n|\n|t:|1776478319\n|detailschange|p1a: Kamik|Delphox-Mega, L50, F\n|-mega|p1a: Kamik|Delphox|Delphoxite\n|detailschange|p2a: Meowstic|Meowstic-F-Mega, L50, F\n|-mega|p2a: Meowstic|Meowstic|Meowsticite\n|-ability|p2a: Meowstic|Levitate|Trace|[from] ability: Trace|[of] p1a: Kamik\n|move|p2a: Meowstic|Protect|p2a: Meowstic\n|-singleturn|p2a: Meowstic|Protect\n|move|p1b: Garchomp|Earthquake|p2a: Meowstic|[spread] p2b\n|-activate|p2a: Meowstic|move: Protect\n|-immune|p1a: Kamik|[from] ability: Levitate\n|-damage|p2b: Reuniclus|61/100\n|move|p1a: Kamik|Heat Wave|p2a: Meowstic|[spread] \n|-activate|p2a: Meowstic|move: Protect\n|-miss|p1a: Kamik|p2b: Reuniclus\n|move|p2b: Reuniclus|Psychic Terrain|p2b: Reuniclus\n|-fieldstart|move: Psychic Terrain\n|\n|upkeep\n|turn|2\n|\n|t:|1776478352\n|move|p2b: Reuniclus|Ally Switch|p2b: Reuniclus\n|swap|p2b: Reuniclus|0|[from] move: Ally Switch\n|move|p1b: Garchomp|Earthquake|p2b: Meowstic|[spread] p2a\n|-immune|p1a: Kamik|[from] ability: Levitate\n|-immune|p2b: Meowstic|[from] ability: Levitate\n|-damage|p2a: Reuniclus|25/100\n|move|p1a: Kamik|Encore|p2a: Reuniclus\n|-start|p2a: Reuniclus|Encore\n|move|p2b: Meowstic|Dark Pulse|p1a: Kamik\n|-supereffective|p1a: Kamik|1\n|-damage|p1a: Kamik|39/100\n|\n|upkeep\n|turn|3\n|\n|t:|1776478371\n|switch|p1a: Kaboom!|Hydrapple, L50, M|100/100\n|-ability|p1a: Kaboom!|Supersweet Syrup\n|-unboost|p2a: Reuniclus|evasion|1\n|-unboost|p2b: Meowstic|evasion|1\n|switch|p2a: Rotom|Rotom-Wash, L50|100/100\n|move|p1b: Garchomp|Earthquake|p2a: Rotom|[spread] p1a\n|-immune|p2a: Rotom|[from] ability: Levitate\n|-immune|p2b: Meowstic|[from] ability: Levitate\n|-resisted|p1a: Kaboom!|1\n|-damage|p1a: Kaboom!|87/100\n|move|p2b: Meowstic|Dark Pulse|p1a: Kaboom!\n|-damage|p1a: Kaboom!|54/100\n|\n|-heal|p1a: Kaboom!|60/100|[from] item: Leftovers\n|upkeep\n|turn|4\n|\n|t:|1776478395\n|switch|p1b: Torkoal|Torkoal, L50, M|100/100\n|-weather|SunnyDay|[from] ability: Drought|[of] p1b: Torkoal\n|move|p2a: Rotom|Helping Hand|p2b: Meowstic\n|-singleturn|p2b: Meowstic|Helping Hand|[of] p2a: Rotom\n|move|p1a: Kaboom!|Protect|p1a: Kaboom!\n|-singleturn|p1a: Kaboom!|Protect\n|move|p2b: Meowstic|Expanding Force|p1a: Kaboom!\n|-activate|p1a: Kaboom!|move: Protect\n|\n|-weather|SunnyDay|[upkeep]\n|-heal|p1a: Kaboom!|65/100|[from] item: Leftovers\n|upkeep\n|turn|5\n|c|\u2606testingtesting101|Umm\n|c|\u2606testingtesting101|Buddy\n|c|\u2606testingtesting101|Your like mega delphox rn\n|\n|t:|1776478428\n|move|p2b: Meowstic|Dark Pulse|p1a: Kaboom!\n|-damage|p1a: Kaboom!|36/100\n|move|p2a: Rotom|Thunder Wave|p1b: Torkoal\n|-status|p1b: Torkoal|par\n|move|p1a: Kaboom!|Energy Ball|p2a: Rotom\n|-supereffective|p2a: Rotom|1\n|-damage|p2a: Rotom|20/100\n|move|p1b: Torkoal|Heat Wave|p2b: Meowstic|[spread] p2a,p2b\n|-resisted|p2a: Rotom|1\n|-damage|p2a: Rotom|0 fnt\n|-damage|p2b: Meowstic|40/100\n|faint|p2a: Rotom\n|\n|-weather|SunnyDay|[upkeep]\n|-heal|p1a: Kaboom!|42/100|[from] item: Leftovers\n|-fieldend|move: Psychic Terrain\n|upkeep\n|\n|t:|1776478431\n|switch|p2a: Sinistcha|Sinistcha, L50|100/100\n|-heal|p2b: Meowstic|65/100|[from] ability: Hospitality|[of] p2a: Sinistcha\n|turn|6\n|\n|t:|1776478448\n|move|p2b: Meowstic|Expanding Force|p1b: Torkoal\n|-damage|p1b: Torkoal|39/100 par\n|move|p2a: Sinistcha|Matcha Gotcha|p1b: Torkoal|[spread] p1a,p1b\n|-resisted|p1a: Kaboom!|2\n|-resisted|p1b: Torkoal|1\n|-damage|p1a: Kaboom!|36/100\n|-damage|p1b: Torkoal|24/100 par\n|-status|p1a: Kaboom!|brn\n|move|p1a: Kaboom!|Draco Meteor|p2b: Meowstic\n|-damage|p2b: Meowstic|0 fnt\n|-unboost|p1a: Kaboom!|spa|2\n|faint|p2b: Meowstic\n|move|p1b: Torkoal|Heat Wave|p2a: Sinistcha\n|-supereffective|p2a: Sinistcha|1\n|-damage|p2a: Sinistcha|0 fnt\n|faint|p2a: Sinistcha\n|\n|-weather|SunnyDay|[upkeep]\n|-heal|p1a: Kaboom!|42/100 brn|[from] item: Leftovers\n|-damage|p1a: Kaboom!|36/100 brn|[from] brn\n|upkeep\n|-message|BopLOL forfeited.\n|\n|win|testingtesting101\n|raw|testingtesting101's rating: 1123 &rarr; <strong>1141</strong><br />(+18 for winning)\n|raw|BopLOL's rating: 1025 &rarr; <strong>1015</strong><br />(-10 for losing)\n|c|\u2606testingtesting101|Gg\n|l|\u2606BopLOL\n|player|p2|\n",
  "uploadtime": 1776478459,
  "views": 13,
  "formatid": "gen9championsvgc2026regma",
  "rating": 1015,
  "private": 0,
  "password": null
}