{
  "id": "gen9championsvgc2026regma-2584478687",
  "format": "[Gen 9 Champions] VGC 2026 Reg M-A",
  "players": [
    "endershovel",
    "omempoderoso"
  ],
  "log": "|j|\u2606endershovel\n|j|\u203domempoderoso\n|t:|1776263570\n|gametype|doubles\n|player|p1|endershovel|266|1093\n|player|p2|omempoderoso|170|1123\n|gen|9\n|tier|[Gen 9 Champions] VGC 2026 Reg M-A\n|rated|\n|rule|Species Clause: Limit one of each Pok\u00e9mon\n|rule|Item Clause: Limit 1 of each item\n|clearpoke\n|poke|p1|Starmie, L50|\n|poke|p1|Heliolisk, L50, M|\n|poke|p1|Sneasler, L50, M|\n|poke|p1|Krookodile, L50, F|\n|poke|p1|Politoed, L50, F|\n|poke|p1|Talonflame, L50, F|\n|poke|p2|Lucario, L50, F|\n|poke|p2|Pelipper, L50, M|\n|poke|p2|Dragonite, L50, M|\n|poke|p2|Whimsicott, L50, M|\n|poke|p2|Excadrill, L50, M|\n|poke|p2|Basculegion, L50, M|\n|teampreview|4\n|inactive|Battle timer is ON: inactive players will automatically lose when time's up. (requested by omempoderoso)\n|\n|t:|1776263599\n|teamsize|p1|4\n|teamsize|p2|4\n|start\n|switch|p1a: Talonflame|Talonflame, L50, F|100/100\n|switch|p1b: Heliolisk|Heliolisk, L50, M|100/100\n|switch|p2a: Dragonite|Dragonite, L50, M|100/100\n|switch|p2b: Lucario|Lucario, L50, F|100/100\n|turn|1\n|\n|t:|1776263619\n|switch|p2b: Pelipper|Pelipper, L50, M|100/100\n|-weather|RainDance|[from] ability: Drizzle|[of] p2b: Pelipper\n|detailschange|p2a: Dragonite|Dragonite-Mega, L50, M\n|-mega|p2a: Dragonite|Dragonite|Dragoninite\n|move|p1a: Talonflame|Tailwind|p1a: Talonflame\n|-sidestart|p1: endershovel|move: Tailwind\n|move|p1b: Heliolisk|Glare|p2a: Dragonite\n|-status|p2a: Dragonite|par\n|cant|p2a: Dragonite|par\n|\n|-weather|RainDance|[upkeep]\n|upkeep\n|turn|2\n|\n|t:|1776263637\n|move|p1a: Talonflame|Brave Bird|p2b: Pelipper\n|-damage|p2b: Pelipper|30/100\n|-damage|p1a: Talonflame|80/100|[from] Recoil\n|move|p1b: Heliolisk|Volt Switch|p2b: Pelipper\n|-supereffective|p2b: Pelipper|2\n|-damage|p2b: Pelipper|0 fnt\n|faint|p2b: Pelipper\n|\n|t:|1776263648\n|switch|p1b: Starmie|Starmie, L50|100/100|[from] Volt Switch\n|move|p2a: Dragonite|Thunder|p1a: Talonflame\n|-supereffective|p1a: Talonflame|1\n|-damage|p1a: Talonflame|0 fnt\n|faint|p1a: Talonflame\n|\n|-weather|RainDance|[upkeep]\n|upkeep\n|\n|t:|1776263662\n|switch|p1a: Heliolisk|Heliolisk, L50, M|100/100\n|switch|p2b: Excadrill|Excadrill, L50, M|100/100\n|-ability|p2b: Excadrill|Mold Breaker\n|turn|3\n|\n|t:|1776263675\n|move|p1b: Starmie|Protect|p1b: Starmie\n|-singleturn|p1b: Starmie|Protect\n|move|p1a: Heliolisk|Thunderbolt|p2a: Dragonite\n|-damage|p2a: Dragonite|84/100 par\n|move|p2b: Excadrill|Earthquake|p1a: Heliolisk|[spread] p1a\n|-activate|p1b: Starmie|move: Protect\n|-immune|p2a: Dragonite\n|-supereffective|p1a: Heliolisk|1\n|-enditem|p1a: Heliolisk|Focus Sash\n|-damage|p1a: Heliolisk|1/100\n|move|p2a: Dragonite|Thunder|p1b: Starmie\n|-activate|p1b: Starmie|move: Protect\n|\n|-weather|RainDance|[upkeep]\n|-heal|p1a: Heliolisk|13/100|[from] ability: Dry Skin\n|upkeep\n|turn|4\n|inactive|endershovel has 30 seconds left.\n|\n|t:|1776263703\n|detailschange|p1b: Starmie|Starmie-Mega, L50\n|-mega|p1b: Starmie|Starmie|Starminite\n|move|p1a: Heliolisk|Ally Switch|p1a: Heliolisk\n|swap|p1a: Heliolisk|1|[from] move: Ally Switch\n|move|p1a: Starmie|Liquidation|p2b: Excadrill\n|-supereffective|p2b: Excadrill|1\n|-damage|p2b: Excadrill|0 fnt\n|faint|p2b: Excadrill\n|move|p2a: Dragonite|Thunder|p1b: Heliolisk\n|-resisted|p1b: Heliolisk|1\n|-damage|p1b: Heliolisk|0 fnt\n|faint|p1b: Heliolisk\n|\n|-weather|RainDance|[upkeep]\n|-sideend|p1: endershovel|move: Tailwind\n|upkeep\n|\n|t:|1776263717\n|switch|p1b: Sneasler|Sneasler, L50, M|100/100\n|switch|p2b: Lucario|Lucario, L50, F|100/100\n|turn|5\n|\n|t:|1776263726\n|move|p1a: Starmie|Ice Spinner|p2a: Dragonite\n|-supereffective|p2a: Dragonite|2\n|-damage|p2a: Dragonite|0 fnt\n|faint|p2a: Dragonite\n|move|p1b: Sneasler|Close Combat|p2b: Lucario\n|-supereffective|p2b: Lucario|1\n|-enditem|p2b: Lucario|Chople Berry|[eat]\n|-enditem|p2b: Lucario|Chople Berry|[weaken]\n|-damage|p2b: Lucario|23/100\n|-unboost|p1b: Sneasler|def|1\n|-unboost|p1b: Sneasler|spd|1\n|-enditem|p1b: Sneasler|White Herb\n|-clearnegativeboost|p1b: Sneasler|[silent]\n|move|p2b: Lucario|Zen Headbutt|p1b: Sneasler\n|-supereffective|p1b: Sneasler|2\n|-damage|p1b: Sneasler|0 fnt\n|faint|p1b: Sneasler\n|\n|-weather|none\n|upkeep\n|turn|6\n|\n|t:|1776263745\n|move|p1a: Starmie|Liquidation|p2b: Lucario\n|-damage|p2b: Lucario|0 fnt\n|faint|p2b: Lucario\n|\n|win|endershovel\n|raw|endershovel's rating: 1093 &rarr; <strong>1121</strong><br />(+28 for winning)\n|raw|omempoderoso's rating: 1123 &rarr; <strong>1096</strong><br />(-27 for losing)\n",
  "uploadtime": 1776263751,
  "views": 22,
  "formatid": "gen9championsvgc2026regma",
  "rating": 1096,
  "private": 0,
  "password": null
}