{
  "id": "gen9championsvgc2026regma-2585506826",
  "format": "[Gen 9 Champions] VGC 2026 Reg M-A",
  "players": [
    "Russell47",
    "soulo333"
  ],
  "log": "|j|\u2606Russell47\n|j|\u2606soulo333\n|t:|1776352155\n|gametype|doubles\n|player|p1|Russell47|170|1052\n|player|p2|soulo333|1|1148\n|gen|9\n|tier|[Gen 9 Champions] VGC 2026 Reg M-A\n|rated|\n|rule|Species Clause: Limit one of each Pok\u00e9mon\n|rule|Item Clause: Limit 1 of each item\n|clearpoke\n|poke|p1|Pangoro, L50, M|\n|poke|p1|Arcanine-Hisui, L50, M|\n|poke|p1|Whimsicott, L50, F|\n|poke|p1|Aggron, L50, F|\n|poke|p1|Drampa, L50, F|\n|poke|p1|Farigiraf, L50, F|\n|poke|p2|Charizard, L50, F|\n|poke|p2|Sneasler, L50, M|\n|poke|p2|Sinistcha, L50|\n|poke|p2|Incineroar, L50, F|\n|poke|p2|Milotic, L50, M|\n|poke|p2|Tyranitar, L50, M|\n|teampreview|4\n|\n|t:|1776352176\n|teamsize|p1|4\n|teamsize|p2|4\n|start\n|switch|p1a: Whimsicott|Whimsicott, L50, F|100/100\n|switch|p1b: Drampa|Drampa, L50, F|100/100\n|switch|p2a: Sneasler|Sneasler, L50, M|100/100\n|switch|p2b: Incineroar|Incineroar, L50, F|100/100\n|-ability|p2b: Incineroar|Intimidate|boost\n|-unboost|p1a: Whimsicott|atk|1\n|-unboost|p1b: Drampa|atk|1\n|-ability|p1b: Drampa|Cloud Nine\n|turn|1\n|\n|t:|1776352186\n|move|p1a: Whimsicott|Protect|p1a: Whimsicott\n|-singleturn|p1a: Whimsicott|Protect\n|move|p1b: Drampa|Protect|p1b: Drampa\n|-singleturn|p1b: Drampa|Protect\n|move|p2a: Sneasler|Close Combat|p1b: Drampa\n|-activate|p1b: Drampa|move: Protect\n|move|p2b: Incineroar|Flare Blitz|p1a: Whimsicott\n|-activate|p1a: Whimsicott|move: Protect\n|\n|upkeep\n|turn|2\n|\n|t:|1776352214\n|move|p2a: Sneasler|Close Combat|p1b: Drampa\n|-supereffective|p1b: Drampa|1\n|-damage|p1b: Drampa|0 fnt\n|-unboost|p2a: Sneasler|def|1\n|-unboost|p2a: Sneasler|spd|1\n|faint|p1b: Drampa\n|move|p1a: Whimsicott|Moonblast|p2b: Incineroar\n|-damage|p2b: Incineroar|78/100\n|move|p2b: Incineroar|Flare Blitz|p1a: Whimsicott\n|-supereffective|p1a: Whimsicott|1\n|-enditem|p1a: Whimsicott|Focus Sash\n|-damage|p1a: Whimsicott|1/100\n|-damage|p2b: Incineroar|56/100|[from] Recoil\n|\n|upkeep\n|\n|t:|1776352219\n|switch|p1b: Pangoro|Pangoro, L50, M|100/100\n|turn|3\n|\n|t:|1776352233\n|switch|p2a: Sinistcha|Sinistcha, L50|100/100\n|-heal|p2b: Incineroar|81/100|[from] ability: Hospitality|[of] p2a: Sinistcha\n|move|p1a: Whimsicott|Tailwind|p1a: Whimsicott\n|-sidestart|p1: Russell47|move: Tailwind\n|move|p1b: Pangoro|Drain Punch|p2b: Incineroar\n|-supereffective|p2b: Incineroar|1\n|-crit|p2b: Incineroar\n|-damage|p2b: Incineroar|0 fnt\n|faint|p2b: Incineroar\n|\n|upkeep\n|\n|t:|1776352240\n|switch|p2b: Sneasler|Sneasler, L50, M|100/100\n|turn|4\n|\n|t:|1776352249\n|move|p1a: Whimsicott|Protect|p1a: Whimsicott\n|-singleturn|p1a: Whimsicott|Protect\n|move|p1b: Pangoro|Detect|p1b: Pangoro\n|-singleturn|p1b: Pangoro|Protect\n|move|p2b: Sneasler|Close Combat|p1b: Pangoro\n|-activate|p1b: Pangoro|move: Protect\n|move|p2a: Sinistcha|Trick Room|p2a: Sinistcha\n|-fieldstart|move: Trick Room|[of] p2a: Sinistcha\n|\n|upkeep\n|turn|5\n|\n|t:|1776352262\n|switch|p2a: Tyranitar|Tyranitar, L50, M|100/100\n|-weather|Sandstorm|[from] ability: Sand Stream|[of] p2a: Tyranitar\n|move|p1b: Pangoro|Darkest Lariat|p2a: Tyranitar\n|-resisted|p2a: Tyranitar|1\n|-damage|p2a: Tyranitar|85/100\n|move|p2b: Sneasler|Close Combat|p1b: Pangoro\n|-supereffective|p1b: Pangoro|1\n|-damage|p1b: Pangoro|0 fnt\n|-unboost|p2b: Sneasler|def|1\n|-unboost|p2b: Sneasler|spd|1\n|faint|p1b: Pangoro\n|move|p1a: Whimsicott|Moonblast|p2b: Sneasler\n|-damage|p2b: Sneasler|34/100\n|\n|-weather|Sandstorm|[upkeep]\n|-damage|p2b: Sneasler|29/100|[from] Sandstorm\n|-damage|p1a: Whimsicott|0 fnt|[from] Sandstorm\n|faint|p1a: Whimsicott\n|upkeep\n|\n|t:|1776352272\n|switch|p1b: Aggron|Aggron, L50, F|100/100\n|turn|6\n|\n|t:|1776352283\n|detailschange|p2a: Tyranitar|Tyranitar-Mega, L50, M\n|-mega|p2a: Tyranitar|Tyranitar|Tyranitarite\n|detailschange|p1b: Aggron|Aggron-Mega, L50, F\n|-mega|p1b: Aggron|Aggron|Aggronite\n|move|p2a: Tyranitar|High Horsepower|p1b: Aggron\n|-supereffective|p1b: Aggron|1\n|-damage|p1b: Aggron|75/100\n|move|p1b: Aggron|Iron Defense|p1b: Aggron\n|-boost|p1b: Aggron|def|2\n|move|p2b: Sneasler|Coaching|p2a: Tyranitar\n|-boost|p2a: Tyranitar|atk|1\n|-boost|p2a: Tyranitar|def|1\n|\n|-weather|Sandstorm|[upkeep]\n|-damage|p2b: Sneasler|23/100|[from] Sandstorm\n|-sideend|p1: Russell47|move: Tailwind\n|upkeep\n|turn|7\n|\n|t:|1776352305\n|move|p1b: Aggron|Body Press|p2b: Sneasler\n|-resisted|p2b: Sneasler|1\n|-damage|p2b: Sneasler|0 fnt\n|faint|p2b: Sneasler\n|move|p2a: Tyranitar|High Horsepower|p1b: Aggron\n|-supereffective|p1b: Aggron|1\n|-damage|p1b: Aggron|53/100\n|\n|-weather|Sandstorm|[upkeep]\n|upkeep\n|\n|t:|1776352307\n|switch|p2b: Sinistcha|Sinistcha, L50|100/100\n|-heal|p2a: Tyranitar|100/100|[from] ability: Hospitality|[of] p2b: Sinistcha\n|turn|8\n|\n|t:|1776352313\n|move|p2a: Tyranitar|Protect|p2a: Tyranitar\n|-singleturn|p2a: Tyranitar|Protect\n|move|p1b: Aggron|Body Press|p2a: Tyranitar\n|-activate|p2a: Tyranitar|move: Protect\n|move|p2b: Sinistcha|Matcha Gotcha|p1b: Aggron\n|-resisted|p1b: Aggron|1\n|-crit|p1b: Aggron\n|-damage|p1b: Aggron|16/100\n|\n|-weather|Sandstorm|[upkeep]\n|-damage|p2b: Sinistcha|94/100|[from] Sandstorm\n|-fieldend|move: Trick Room\n|upkeep\n|turn|9\n|\n|t:|1776352324\n|move|p2b: Sinistcha|Shadow Ball|p1b: Aggron\n|-damage|p1b: Aggron|0 fnt\n|faint|p1b: Aggron\n|\n|win|soulo333\n|raw|Russell47's rating: 1052 &rarr; <strong>1039</strong><br />(-13 for losing)\n|raw|soulo333's rating: 1148 &rarr; <strong>1166</strong><br />(+18 for winning)\n",
  "uploadtime": 1776352325,
  "views": 24,
  "formatid": "gen9championsvgc2026regma",
  "rating": 1039,
  "private": 0,
  "password": null
}