{
  "id": "gen9championsvgc2026regma-2587595442",
  "format": "[Gen 9 Champions] VGC 2026 Reg M-A",
  "players": [
    "MoeTurnips",
    "DuckSupreme"
  ],
  "log": "|j|\u2606MoeTurnips\n|j|\u2606DuckSupreme\n|t:|1776545413\n|gametype|doubles\n|player|p1|MoeTurnips|266|1151\n|player|p2|DuckSupreme|265|1182\n|gen|9\n|tier|[Gen 9 Champions] VGC 2026 Reg M-A\n|rated|\n|rule|Species Clause: Limit one of each Pok\u00e9mon\n|rule|Item Clause: Limit 1 of each item\n|clearpoke\n|poke|p1|Meganium, L50, F|\n|poke|p1|Basculegion, L50, M|\n|poke|p1|Whimsicott, L50, M|\n|poke|p1|Pelipper, L50, F|\n|poke|p1|Archaludon, L50, F|\n|poke|p1|Lopunny, L50, M|\n|poke|p2|Aggron, L50, F|\n|poke|p2|Sinistcha, L50|\n|poke|p2|Incineroar, L50, M|\n|poke|p2|Pelipper, L50, F|\n|poke|p2|Archaludon, L50, M|\n|poke|p2|Sneasler, L50, M|\n|teampreview|4\n|inactive|Battle timer is ON: inactive players will automatically lose when time's up. (requested by MoeTurnips)\n|inactive|DuckSupreme has 60 seconds left.\n|\n|t:|1776545492\n|teamsize|p1|4\n|teamsize|p2|4\n|start\n|switch|p1a: Basculegion|Basculegion, L50, M|100/100\n|switch|p1b: Whimsicott|Whimsicott, L50, M|100/100\n|switch|p2a: Aggron|Aggron, L50, F|100/100\n|switch|p2b: Pelipper|Pelipper, L50, F|100/100\n|-weather|RainDance|[from] ability: Drizzle|[of] p2b: Pelipper\n|turn|1\n|inactive|DuckSupreme has 30 seconds left.\n|\n|t:|1776545518\n|detailschange|p2a: Aggron|Aggron-Mega, L50, F\n|-mega|p2a: Aggron|Aggron|Aggronite\n|move|p1b: Whimsicott|Tailwind|p1b: Whimsicott\n|-sidestart|p1: MoeTurnips|move: Tailwind\n|move|p1a: Basculegion|Flip Turn|p2b: Pelipper\n|-resisted|p2b: Pelipper|1\n|-damage|p2b: Pelipper|62/100\n|\n|t:|1776545525\n|switch|p1a: Meganium|Meganium, L50, F|100/100|[from] Flip Turn\n|move|p2b: Pelipper|Hurricane|p1b: Whimsicott\n|-supereffective|p1b: Whimsicott|1\n|-enditem|p1b: Whimsicott|Focus Sash\n|-damage|p1b: Whimsicott|1/100\n|-start|p1b: Whimsicott|confusion\n|move|p2a: Aggron|Iron Defense|p2a: Aggron\n|-boost|p2a: Aggron|def|2\n|\n|-weather|RainDance|[upkeep]\n|upkeep\n|turn|2\n|\n|t:|1776545544\n|switch|p1b: Pelipper|Pelipper, L50, F|100/100\n|detailschange|p1a: Meganium|Meganium-Mega, L50, F\n|-mega|p1a: Meganium|Meganium|Meganiumite\n|move|p2a: Aggron|Protect|p2a: Aggron\n|-singleturn|p2a: Aggron|Protect\n|move|p1a: Meganium|Weather Ball|p2a: Aggron\n|-activate|p2a: Aggron|move: Protect\n|move|p2b: Pelipper|Hurricane|p1a: Meganium\n|-supereffective|p1a: Meganium|1\n|-damage|p1a: Meganium|16/100\n|-start|p1a: Meganium|confusion\n|\n|-weather|RainDance|[upkeep]\n|upkeep\n|turn|3\n|\n|t:|1776545564\n|-activate|p1a: Meganium|confusion\n|-damage|p1a: Meganium|8/100|[from] confusion\n|move|p1b: Pelipper|Hurricane|p2b: Pelipper\n|-damage|p2b: Pelipper|0 fnt\n|faint|p2b: Pelipper\n|move|p2a: Aggron|Heavy Slam|p1a: Meganium\n|-supereffective|p1a: Meganium|1\n|-damage|p1a: Meganium|0 fnt\n|faint|p1a: Meganium\n|\n|-weather|RainDance|[upkeep]\n|upkeep\n|\n|t:|1776545579\n|switch|p1a: Basculegion|Basculegion, L50, M|100/100\n|switch|p2b: Sneasler|Sneasler, L50, M|100/100\n|turn|4\n|inactive|DuckSupreme has 30 seconds left.\n|\n|t:|1776545609\n|move|p1a: Basculegion|Flip Turn|p2b: Sneasler\n|-crit|p2b: Sneasler\n|-damage|p2b: Sneasler|0 fnt\n|faint|p2b: Sneasler\n|\n|t:|1776545614\n|switch|p1a: Whimsicott|Whimsicott, L50, M|1/100|[from] Flip Turn\n|move|p1b: Pelipper|Muddy Water|p2a: Aggron\n|-damage|p2a: Aggron|51/100\n|-unboost|p2a: Aggron|accuracy|1\n|move|p2a: Aggron|Body Press|p1b: Pelipper\n|-resisted|p1b: Pelipper|1\n|-damage|p1b: Pelipper|54/100\n|\n|-weather|RainDance|[upkeep]\n|-sideend|p1: MoeTurnips|move: Tailwind\n|upkeep\n|\n|t:|1776545616\n|switch|p2b: Sinistcha|Sinistcha, L50|100/100\n|-heal|p2a: Aggron|76/100|[from] ability: Hospitality|[of] p2b: Sinistcha\n|turn|5\n|inactive|MoeTurnips has 30 seconds left.\n|\n|t:|1776545647\n|move|p1a: Whimsicott|Encore|p2a: Aggron\n|-start|p2a: Aggron|Encore\n|move|p2b: Sinistcha|Matcha Gotcha|p1b: Pelipper|[spread] p1a,p1b\n|-resisted|p1a: Whimsicott|1\n|-damage|p1a: Whimsicott|0 fnt\n|-damage|p1b: Pelipper|22/100\n|faint|p1a: Whimsicott\n|move|p1b: Pelipper|Hurricane|p2b: Sinistcha\n|-supereffective|p2b: Sinistcha|1\n|-damage|p2b: Sinistcha|0 fnt\n|faint|p2b: Sinistcha\n|move|p2a: Aggron|Body Press|p1b: Pelipper\n|-resisted|p1b: Pelipper|1\n|-damage|p1b: Pelipper|0 fnt\n|faint|p1b: Pelipper\n|\n|-weather|none\n|upkeep\n|\n|t:|1776545663\n|switch|p1b: Basculegion|Basculegion, L50, M|100/100\n|turn|6\n|\n|t:|1776545667\n|move|p1b: Basculegion|Last Respects|p2a: Aggron\n|-damage|p2a: Aggron|43/100\n|move|p2a: Aggron|Body Press|p1b: Basculegion\n|-immune|p1b: Basculegion\n|\n|upkeep\n|turn|7\n|-message|DuckSupreme forfeited.\n|\n|win|MoeTurnips\n|raw|MoeTurnips's rating: 1151 &rarr; <strong>1178</strong><br />(+27 for winning)\n|raw|DuckSupreme's rating: 1182 &rarr; <strong>1155</strong><br />(-27 for losing)\n",
  "uploadtime": 1776545678,
  "views": 20,
  "formatid": "gen9championsvgc2026regma",
  "rating": 1155,
  "private": 0,
  "password": null
}