{
  "id": "gen9championsvgc2026regma-2587185915",
  "format": "[Gen 9 Champions] VGC 2026 Reg M-A",
  "players": [
    "pokeman8511megacup",
    "theerase"
  ],
  "log": "|j|\u2606pokeman8511megacup\n|j|\u2606theerase\n|t:|1776505956\n|gametype|doubles\n|player|p1|pokeman8511megacup|alder|1034\n|player|p2|theerase|170|1115\n|gen|9\n|tier|[Gen 9 Champions] VGC 2026 Reg M-A\n|rated|\n|rule|Species Clause: Limit one of each Pok\u00e9mon\n|rule|Item Clause: Limit 1 of each item\n|clearpoke\n|poke|p1|Meowstic, L50, M|\n|poke|p1|Sableye, L50, F|\n|poke|p1|Flapple, L50, F|\n|poke|p1|Aerodactyl, L50, M|\n|poke|p1|Lopunny, L50, F|\n|poke|p1|Dragonite, L50, M|\n|poke|p2|Talonflame, L50, F|\n|poke|p2|Charizard, L50, F|\n|poke|p2|Kingambit, L50, M|\n|poke|p2|Kangaskhan, L50, F|\n|poke|p2|Garchomp, L50, F|\n|poke|p2|Appletun, L50, M|\n|teampreview|4\n|\n|t:|1776505983\n|teamsize|p1|4\n|teamsize|p2|4\n|start\n|switch|p1a: Meowstic|Meowstic, L50, M|100/100\n|switch|p1b: Dragonite|Dragonite, L50, M|100/100\n|switch|p2a: Appletun|Appletun, L50, M|100/100\n|switch|p2b: Kingambit|Kingambit, L50, M|100/100\n|turn|1\n|\n|t:|1776506017\n|move|p1a: Meowstic|Gravity|p1a: Meowstic\n|-fieldstart|move: Gravity\n|move|p1b: Dragonite|Blizzard|p2b: Kingambit|[spread] p2a,p2b\n|-supereffective|p2a: Appletun|2\n|-resisted|p2b: Kingambit|1\n|-crit|p2b: Kingambit\n|-damage|p2a: Appletun|51/100\n|-damage|p2b: Kingambit|85/100\n|move|p2b: Kingambit|Kowtow Cleave|p1a: Meowstic\n|-supereffective|p1a: Meowstic|1\n|-enditem|p1a: Meowstic|Focus Sash\n|-damage|p1a: Meowstic|1/100\n|move|p2a: Appletun|Leech Seed|p1b: Dragonite\n|-start|p1b: Dragonite|move: Leech Seed\n|\n|-heal|p2a: Appletun|57/100|[from] item: Leftovers\n|-damage|p1b: Dragonite|88/100|[from] Leech Seed|[of] p2a: Appletun\n|-heal|p2a: Appletun|66/100|[silent]\n|upkeep\n|turn|2\n|\n|t:|1776506039\n|switch|p1b: Sableye|Sableye, L50, F|100/100\n|move|p1a: Meowstic|Reflect|p1a: Meowstic\n|-sidestart|p1: pokeman8511megacup|Reflect\n|move|p2b: Kingambit|Sucker Punch||[still]\n|-fail|p2b: Kingambit\n|move|p2a: Appletun|Light Screen|p2a: Appletun\n|-sidestart|p2: theerase|move: Light Screen\n|\n|-heal|p2a: Appletun|72/100|[from] item: Leftovers\n|upkeep\n|turn|3\n|\n|t:|1776506055\n|move|p1a: Meowstic|Light Screen|p1a: Meowstic\n|-sidestart|p1: pokeman8511megacup|move: Light Screen\n|move|p1b: Sableye|Will-O-Wisp|p2b: Kingambit\n|-hint|Since gen 7, Dark is immune to Prankster moves.\n|-immune|p2b: Kingambit\n|move|p2b: Kingambit|Iron Head|p1b: Sableye\n|-damage|p1b: Sableye|67/100\n|move|p2a: Appletun|Leech Seed|p1b: Sableye\n|-start|p1b: Sableye|move: Leech Seed\n|\n|-heal|p1b: Sableye|72/100|[from] item: Leftovers\n|-heal|p2a: Appletun|78/100|[from] item: Leftovers\n|-damage|p1b: Sableye|60/100|[from] Leech Seed|[of] p2a: Appletun\n|-heal|p2a: Appletun|85/100|[silent]\n|upkeep\n|turn|4\n|\n|t:|1776506081\n|move|p2b: Kingambit|Sucker Punch|p1a: Meowstic\n|-supereffective|p1a: Meowstic|1\n|-damage|p1a: Meowstic|0 fnt\n|faint|p1a: Meowstic\n|move|p1b: Sableye|Knock Off|p2a: Appletun\n|-damage|p2a: Appletun|65/100\n|-enditem|p2a: Appletun|Leftovers|[from] move: Knock Off|[of] p1b: Sableye\n|move|p2a: Appletun|Leech Seed||[still]\n|-fail|p2a: Appletun\n|\n|-heal|p1b: Sableye|66/100|[from] item: Leftovers\n|-damage|p1b: Sableye|54/100|[from] Leech Seed|[of] p2a: Appletun\n|-heal|p2a: Appletun|72/100|[silent]\n|upkeep\n|\n|t:|1776506089\n|switch|p1a: Lopunny|Lopunny, L50, F|100/100\n|turn|5\n|\n|t:|1776506131\n|switch|p2b: Garchomp|Garchomp, L50, F|100/100\n|detailschange|p1a: Lopunny|Lopunny-Mega, L50, F\n|-mega|p1a: Lopunny|Lopunny|Lopunnite\n|move|p1b: Sableye|Will-O-Wisp|p2a: Appletun\n|-status|p2a: Appletun|brn\n|move|p1a: Lopunny|Close Combat|p2b: Garchomp\n|-damage|p2b: Garchomp|34/100\n|-unboost|p1a: Lopunny|def|1\n|-unboost|p1a: Lopunny|spd|1\n|-damage|p1a: Lopunny|88/100|[from] ability: Rough Skin|[of] p2b: Garchomp\n|move|p2a: Appletun|Leech Seed|p1a: Lopunny\n|-start|p1a: Lopunny|move: Leech Seed\n|\n|-heal|p1b: Sableye|60/100|[from] item: Leftovers\n|-damage|p1a: Lopunny|76/100|[from] Leech Seed|[of] p2a: Appletun\n|-heal|p2a: Appletun|80/100 brn|[silent]\n|-damage|p1b: Sableye|48/100|[from] Leech Seed|[of] p2a: Appletun\n|-heal|p2a: Appletun|87/100 brn|[silent]\n|-damage|p2a: Appletun|81/100 brn|[from] brn\n|-fieldend|move: Gravity\n|upkeep\n|turn|6\n|\n|t:|1776506161\n|move|p2a: Appletun|Protect|p2a: Appletun\n|-singleturn|p2a: Appletun|Protect\n|move|p1b: Sableye|Quash|p2b: Garchomp\n|-activate|p2b: Garchomp|move: Quash\n|move|p1a: Lopunny|Mega Kick|p2b: Garchomp\n|-damage|p2b: Garchomp|0 fnt\n|-damage|p1a: Lopunny|64/100|[from] ability: Rough Skin|[of] p2b: Garchomp\n|faint|p2b: Garchomp\n|\n|-heal|p1b: Sableye|53/100|[from] item: Leftovers\n|-damage|p1a: Lopunny|52/100|[from] Leech Seed|[of] p2a: Appletun\n|-heal|p2a: Appletun|89/100 brn|[silent]\n|-damage|p1b: Sableye|41/100|[from] Leech Seed|[of] p2a: Appletun\n|-heal|p2a: Appletun|96/100 brn|[silent]\n|-damage|p2a: Appletun|90/100 brn|[from] brn\n|-sideend|p1: pokeman8511megacup|Reflect\n|-sideend|p2: theerase|move: Light Screen\n|upkeep\n|\n|t:|1776506168\n|switch|p2b: Kangaskhan|Kangaskhan, L50, F|100/100\n|turn|7\n|\n|t:|1776506195\n|move|p2b: Kangaskhan|Fake Out|p1b: Sableye\n|-damage|p1b: Sableye|15/100\n|cant|p1b: Sableye|flinch\n|move|p1a: Lopunny|Close Combat|p2b: Kangaskhan\n|-supereffective|p2b: Kangaskhan|1\n|-damage|p2b: Kangaskhan|0 fnt\n|-unboost|p1a: Lopunny|def|1\n|-unboost|p1a: Lopunny|spd|1\n|faint|p2b: Kangaskhan\n|move|p2a: Appletun|Recover|p2a: Appletun\n|-heal|p2a: Appletun|100/100 brn\n|\n|-heal|p1b: Sableye|20/100|[from] item: Leftovers\n|-damage|p1a: Lopunny|40/100|[from] Leech Seed|[of] p2a: Appletun\n|-damage|p1b: Sableye|8/100|[from] Leech Seed|[of] p2a: Appletun\n|-damage|p2a: Appletun|95/100 brn|[from] brn\n|-sideend|p1: pokeman8511megacup|move: Light Screen\n|upkeep\n|\n|t:|1776506201\n|switch|p2b: Kingambit|Kingambit, L50, M|85/100\n|turn|8\n|\n|t:|1776506212\n|switch|p1a: Dragonite|Dragonite, L50, M|88/100\n|move|p2b: Kingambit|Sucker Punch||[still]\n|-fail|p2b: Kingambit\n|move|p1b: Sableye|Gravity|p1b: Sableye\n|-fieldstart|move: Gravity\n|move|p2a: Appletun|Light Screen|p2a: Appletun\n|-sidestart|p2: theerase|move: Light Screen\n|\n|-heal|p1b: Sableye|14/100|[from] item: Leftovers\n|-damage|p1b: Sableye|2/100|[from] Leech Seed|[of] p2a: Appletun\n|-heal|p2a: Appletun|100/100 brn|[silent]\n|-damage|p2a: Appletun|95/100 brn|[from] brn\n|upkeep\n|turn|9\n|\n|t:|1776506236\n|move|p2b: Kingambit|Protect|p2b: Kingambit\n|-singleturn|p2b: Kingambit|Protect\n|move|p1a: Dragonite|Blizzard|p2b: Kingambit|[spread] p2a\n|-activate|p2b: Kingambit|move: Protect\n|-supereffective|p2a: Appletun|2\n|-damage|p2a: Appletun|56/100 brn\n|move|p1b: Sableye|Knock Off|p2b: Kingambit\n|-activate|p2b: Kingambit|move: Protect\n|move|p2a: Appletun|Leech Seed|p1a: Dragonite\n|-start|p1a: Dragonite|move: Leech Seed\n|\n|-heal|p1b: Sableye|8/100|[from] item: Leftovers\n|-damage|p1a: Dragonite|76/100|[from] Leech Seed|[of] p2a: Appletun\n|-heal|p2a: Appletun|65/100 brn|[silent]\n|-damage|p1b: Sableye|0 fnt|[from] Leech Seed|[of] p2a: Appletun\n|-heal|p2a: Appletun|70/100 brn|[silent]\n|faint|p1b: Sableye\n|-damage|p2a: Appletun|64/100 brn|[from] brn\n|upkeep\n|\n|t:|1776506238\n|switch|p1b: Lopunny|Lopunny-Mega, L50, F|40/100\n|turn|10\n|\n|t:|1776506254\n|move|p2b: Kingambit|Sucker Punch|p1a: Dragonite\n|-damage|p1a: Dragonite|29/100\n|move|p1b: Lopunny|Close Combat|p2b: Kingambit\n|-supereffective|p2b: Kingambit|2\n|-damage|p2b: Kingambit|0 fnt\n|-unboost|p1b: Lopunny|def|1\n|-unboost|p1b: Lopunny|spd|1\n|faint|p2b: Kingambit\n|move|p1a: Dragonite|Hurricane|p2a: Appletun\n|-supereffective|p2a: Appletun|1\n|-damage|p2a: Appletun|0 fnt\n|faint|p2a: Appletun\n|\n|win|pokeman8511megacup\n|raw|pokeman8511megacup's rating: 1034 &rarr; <strong>1077</strong><br />(+43 for winning)\n|raw|theerase's rating: 1115 &rarr; <strong>1084</strong><br />(-31 for losing)\n",
  "uploadtime": 1776506266,
  "views": 12,
  "formatid": "gen9championsvgc2026regma",
  "rating": 1077,
  "private": 0,
  "password": null
}