{
  "id": "gen9championsvgc2026regma-2587005461",
  "format": "[Gen 9 Champions] VGC 2026 Reg M-A",
  "players": [
    "Amukhan",
    "Quetzal06"
  ],
  "log": "|j|\u2606Amukhan\n|j|\u2606Quetzal06\n|t:|1776480410\n|gametype|doubles\n|player|p1|Amukhan|ingo|1148\n|player|p2|Quetzal06|volkner|1200\n|gen|9\n|tier|[Gen 9 Champions] VGC 2026 Reg M-A\n|rated|\n|rule|Species Clause: Limit one of each Pok\u00e9mon\n|rule|Item Clause: Limit 1 of each item\n|clearpoke\n|poke|p1|Tyranitar, L50, F|\n|poke|p1|Garchomp, L50, M|\n|poke|p1|Basculegion, L50, M|\n|poke|p1|Glimmora, L50, F|\n|poke|p1|Corviknight, L50, F|\n|poke|p1|Klefki, L50, F|\n|poke|p2|Tyranitar, L50, M|\n|poke|p2|Excadrill, L50, M|\n|poke|p2|Corviknight, L50, F|\n|poke|p2|Sinistcha, L50|\n|poke|p2|Sneasler, L50, M|\n|poke|p2|Rotom-Wash, L50|\n|teampreview|4\n|c|\u2606Amukhan|Oops I chose the wrong team\n|c|\u2606Amukhan|O well\n|inactive|Battle timer is ON: inactive players will automatically lose when time's up. (requested by Amukhan)\n|\n|t:|1776480506\n|teamsize|p1|4\n|teamsize|p2|4\n|start\n|switch|p1a: Garchomp|Garchomp, L50, M|100/100\n|switch|p1b: Corviknight|Corviknight, L50, F, shiny|100/100\n|switch|p2a: Dreadwing|Corviknight, L50, F, shiny|100/100\n|switch|p2b: Slade|Sneasler, L50, M|100/100\n|turn|1\n|inactive|Quetzal06 has 30 seconds left.\n|inactive|Quetzal06 has 20 seconds left.\n|inactive|Quetzal06 has 15 seconds left.\n|inactive|Quetzal06 has 10 seconds left.\n|\n|t:|1776480552\n|move|p2b: Slade|Protect|p2b: Slade\n|-singleturn|p2b: Slade|Protect\n|move|p1a: Garchomp|Protect|p1a: Garchomp\n|-singleturn|p1a: Garchomp|Protect\n|move|p2a: Dreadwing|Tailwind|p2a: Dreadwing\n|-sidestart|p2: Quetzal06|move: Tailwind\n|move|p1b: Corviknight|Tailwind|p1b: Corviknight\n|-sidestart|p1: Amukhan|move: Tailwind\n|\n|upkeep\n|turn|2\n|c|\u2606Amukhan|Lol\n|c|\u2606Quetzal06|xd\n|inactive|Amukhan has 30 seconds left.\n|inactive|Quetzal06 has 30 seconds left.\n|inactive|Quetzal06 has 20 seconds left.\n|inactive|Amukhan has 20 seconds left.\n|inactive|Quetzal06 has 15 seconds left.\n|inactive|Quetzal06 has 10 seconds left.\n|\n|t:|1776480600\n|switch|p2b: Grudge|Sinistcha, L50|100/100\n|detailschange|p1a: Garchomp|Garchomp-Mega, L50, M\n|-mega|p1a: Garchomp|Garchomp|Garchompite\n|move|p1a: Garchomp|Rock Slide|p2b: Grudge|[spread] p2a,p2b\n|-damage|p2a: Dreadwing|85/100\n|-damage|p2b: Grudge|81/100\n|move|p2a: Dreadwing|Body Press|p1b: Corviknight\n|-damage|p1b: Corviknight|76/100\n|move|p1b: Corviknight|Drill Peck|p2b: Grudge\n|-supereffective|p2b: Grudge|1\n|-damage|p2b: Grudge|37/100\n|-enditem|p2b: Grudge|Sitrus Berry|[eat]\n|-heal|p2b: Grudge|62/100|[from] item: Sitrus Berry\n|\n|-heal|p1b: Corviknight|82/100|[from] item: Leftovers\n|-heal|p2a: Dreadwing|91/100|[from] item: Leftovers\n|upkeep\n|turn|3\n|inactive|Quetzal06 has 30 seconds left.\n|\n|t:|1776480628\n|move|p1a: Garchomp|Scale Shot|p2b: Grudge\n|-damage|p2b: Grudge|48/100\n|-damage|p2b: Grudge|35/100\n|-damage|p2b: Grudge|23/100\n|-hitcount|p2b: Grudge|3\n|-unboost|p1a: Garchomp|def|1\n|-boost|p1a: Garchomp|spe|1\n|move|p2b: Grudge|Strength Sap|p1a: Garchomp\n|-unboost|p1a: Garchomp|atk|1\n|-heal|p2b: Grudge|100/100\n|move|p2a: Dreadwing|Body Press|p1a: Garchomp\n|-crit|p1a: Garchomp\n|-damage|p1a: Garchomp|47/100\n|move|p1b: Corviknight|Drill Peck|p2b: Grudge\n|-supereffective|p2b: Grudge|1\n|-damage|p2b: Grudge|56/100\n|\n|-heal|p2a: Dreadwing|97/100|[from] item: Leftovers\n|-heal|p1b: Corviknight|88/100|[from] item: Leftovers\n|upkeep\n|turn|4\n|inactive|Amukhan has 30 seconds left.\n|inactive|Quetzal06 has 30 seconds left.\n|inactive|Amukhan has 20 seconds left.\n|inactive|Quetzal06 has 20 seconds left.\n|inactive|Amukhan has 15 seconds left.\n|inactive|Quetzal06 has 15 seconds left.\n|inactive|Amukhan has 10 seconds left.\n|inactive|Quetzal06 has 10 seconds left.\n|\n|t:|1776480678\n|move|p2b: Grudge|Protect|p2b: Grudge\n|-singleturn|p2b: Grudge|Protect\n|move|p1a: Garchomp|Rock Slide|p2b: Grudge|[spread] p2a\n|-activate|p2b: Grudge|move: Protect\n|-damage|p2a: Dreadwing|87/100\n|move|p1b: Corviknight|Drill Peck|p2b: Grudge\n|-activate|p2b: Grudge|move: Protect\n|move|p2a: Dreadwing|Brave Bird|p1a: Garchomp\n|-damage|p1a: Garchomp|0 fnt\n|faint|p1a: Garchomp\n|-damage|p2a: Dreadwing|73/100|[from] Recoil\n|\n|-heal|p2a: Dreadwing|79/100|[from] item: Leftovers\n|-heal|p1b: Corviknight|94/100|[from] item: Leftovers\n|-sideend|p1: Amukhan|move: Tailwind\n|-sideend|p2: Quetzal06|move: Tailwind\n|upkeep\n|\n|t:|1776480702\n|switch|p1a: Tyranitar|Tyranitar, L50, F|100/100\n|-weather|Sandstorm|[from] ability: Sand Stream|[of] p1a: Tyranitar\n|turn|5\n|inactive|Quetzal06 has 30 seconds left.\n|\n|t:|1776480737\n|switch|p2b: Ragnar|Excadrill, L50, M|100/100\n|move|p1a: Tyranitar|Knock Off|p2b: Ragnar\n|-damage|p2b: Ragnar|32/100\n|-enditem|p2b: Ragnar|Focus Sash|[from] move: Knock Off|[of] p1a: Tyranitar\n|move|p1b: Corviknight|Tailwind|p1b: Corviknight\n|-sidestart|p1: Amukhan|move: Tailwind\n|move|p2a: Dreadwing|Tailwind|p2a: Dreadwing\n|-sidestart|p2: Quetzal06|move: Tailwind\n|\n|-weather|Sandstorm|[upkeep]\n|-heal|p1b: Corviknight|99/100|[from] item: Leftovers\n|-heal|p2a: Dreadwing|85/100|[from] item: Leftovers\n|upkeep\n|turn|6\n|inactive|Amukhan has 30 seconds left.\n|inactive|Quetzal06 has 30 seconds left.\n|inactive|Amukhan has 20 seconds left.\n|inactive|Quetzal06 has 20 seconds left.\n|inactive|Quetzal06 has 15 seconds left.\n|inactive|Amukhan has 15 seconds left.\n|inactive|Quetzal06 has 10 seconds left.\n|\n|t:|1776480786\n|move|p2b: Ragnar|Iron Head|p1b: Corviknight\n|-resisted|p1b: Corviknight|1\n|-damage|p1b: Corviknight|82/100\n|move|p1a: Tyranitar|Rock Slide|p2a: Dreadwing|[spread] p2a,p2b\n|-resisted|p2b: Ragnar|2\n|-damage|p2a: Dreadwing|67/100\n|-damage|p2b: Ragnar|20/100\n|move|p2a: Dreadwing|Body Press|p1a: Tyranitar\n|-supereffective|p1a: Tyranitar|2\n|-enditem|p1a: Tyranitar|Chople Berry|[eat]\n|-enditem|p1a: Tyranitar|Chople Berry|[weaken]\n|-damage|p1a: Tyranitar|53/100\n|move|p1b: Corviknight|Iron Head|p2b: Ragnar\n|-resisted|p2b: Ragnar|1\n|-crit|p2b: Ragnar\n|-damage|p2b: Ragnar|0 fnt\n|faint|p2b: Ragnar\n|\n|-weather|Sandstorm|[upkeep]\n|-heal|p1b: Corviknight|88/100|[from] item: Leftovers\n|-heal|p2a: Dreadwing|73/100|[from] item: Leftovers\n|upkeep\n|\n|t:|1776480803\n|switch|p2b: Slade|Sneasler, L50, M|100/100\n|turn|7\n|inactive|Amukhan has 30 seconds left.\n|inactive|Quetzal06 has 30 seconds left.\n|\n|t:|1776480830\n|switch|p1a: Basculegion|Basculegion, L50, M|100/100\n|move|p2b: Slade|Fake Out|p1b: Corviknight\n|-resisted|p1b: Corviknight|1\n|-damage|p1b: Corviknight|81/100\n|move|p2a: Dreadwing|Body Press|p1a: Basculegion\n|-immune|p1a: Basculegion\n|cant|p1b: Corviknight|flinch\n|\n|-weather|Sandstorm|[upkeep]\n|-damage|p1a: Basculegion|94/100|[from] Sandstorm\n|-damage|p2b: Slade|95/100|[from] Sandstorm\n|-heal|p1b: Corviknight|87/100|[from] item: Leftovers\n|-heal|p2a: Dreadwing|79/100|[from] item: Leftovers\n|upkeep\n|turn|8\n|inactive|Amukhan has 30 seconds left.\n|inactive|Quetzal06 has 30 seconds left.\n|inactive|Quetzal06 has 20 seconds left.\n|inactive|Quetzal06 has 15 seconds left.\n|inactive|Quetzal06 has 10 seconds left.\n|\n|t:|1776480877\n|move|p2b: Slade|Protect|p2b: Slade\n|-singleturn|p2b: Slade|Protect\n|move|p1a: Basculegion|Wave Crash|p2a: Dreadwing\n|-damage|p2a: Dreadwing|36/100\n|-damage|p1a: Basculegion|79/100|[from] Recoil\n|move|p2a: Dreadwing|Brave Bird|p1a: Basculegion\n|-damage|p1a: Basculegion|31/100\n|-damage|p2a: Dreadwing|21/100|[from] Recoil\n|move|p1b: Corviknight|Drill Peck|p2b: Slade\n|-activate|p2b: Slade|move: Protect\n|\n|-weather|Sandstorm|[upkeep]\n|-damage|p1a: Basculegion|25/100|[from] Sandstorm\n|-damage|p2b: Slade|89/100|[from] Sandstorm\n|-heal|p2a: Dreadwing|27/100|[from] item: Leftovers\n|-heal|p1b: Corviknight|93/100|[from] item: Leftovers\n|-sideend|p2: Quetzal06|move: Tailwind\n|-sideend|p1: Amukhan|move: Tailwind\n|upkeep\n|turn|9\n|\n|t:|1776480901\n|switch|p2b: Grudge|Sinistcha, L50|56/100\n|-heal|p2a: Dreadwing|52/100|[from] ability: Hospitality|[of] p2b: Grudge\n|move|p1a: Basculegion|Wave Crash|p2a: Dreadwing\n|-damage|p2a: Dreadwing|8/100\n|-damage|p1a: Basculegion|10/100|[from] Recoil\n|move|p2a: Dreadwing|Roost|p2a: Dreadwing\n|-heal|p2a: Dreadwing|58/100\n|-singleturn|p2a: Dreadwing|move: Roost\n|move|p1b: Corviknight|Drill Peck|p2b: Grudge\n|-supereffective|p2b: Grudge|1\n|-damage|p2b: Grudge|7/100\n|\n|-weather|none\n|-heal|p2a: Dreadwing|64/100|[from] item: Leftovers\n|-heal|p1b: Corviknight|99/100|[from] item: Leftovers\n|upkeep\n|turn|10\n|\n|t:|1776480924\n|move|p2b: Grudge|Protect|p2b: Grudge\n|-singleturn|p2b: Grudge|Protect\n|move|p1a: Basculegion|Wave Crash|p2a: Dreadwing\n|-damage|p2a: Dreadwing|15/100\n|-damage|p1a: Basculegion|0 fnt|[from] Recoil\n|faint|p1a: Basculegion\n|move|p2a: Dreadwing|Tailwind|p2a: Dreadwing\n|-sidestart|p2: Quetzal06|move: Tailwind\n|move|p1b: Corviknight|Drill Peck|p2b: Grudge\n|-activate|p2b: Grudge|move: Protect\n|\n|-heal|p2a: Dreadwing|21/100|[from] item: Leftovers\n|-heal|p1b: Corviknight|100/100|[from] item: Leftovers\n|upkeep\n|\n|t:|1776480932\n|switch|p1a: Tyranitar|Tyranitar, L50, F|53/100\n|-weather|Sandstorm|[from] ability: Sand Stream|[of] p1a: Tyranitar\n|turn|11\n|\n|t:|1776480950\n|move|p2b: Grudge|Strength Sap|p1b: Corviknight\n|-ability|p1b: Corviknight|Mirror Armor\n|-unboost|p2b: Grudge|atk|1\n|-heal|p2b: Grudge|75/100\n|move|p2a: Dreadwing|Roost|p2a: Dreadwing\n|-heal|p2a: Dreadwing|71/100\n|-singleturn|p2a: Dreadwing|move: Roost\n|move|p1a: Tyranitar|Rock Slide|p2a: Dreadwing|[spread] p2a,p2b\n|-resisted|p2a: Dreadwing|1\n|-damage|p2a: Dreadwing|63/100\n|-damage|p2b: Grudge|53/100\n|move|p1b: Corviknight|Iron Head|p2b: Grudge\n|-damage|p2b: Grudge|33/100\n|\n|-weather|Sandstorm|[upkeep]\n|-damage|p2b: Grudge|27/100|[from] Sandstorm\n|-heal|p2a: Dreadwing|69/100|[from] item: Leftovers\n|upkeep\n|turn|12\n|inactive|Quetzal06 has 30 seconds left.\n|inactive|Amukhan has 30 seconds left.\n|\n|t:|1776480976\n|move|p1a: Tyranitar|Protect|p1a: Tyranitar\n|-singleturn|p1a: Tyranitar|Protect\n|move|p2b: Grudge|Strength Sap|p1b: Corviknight\n|-ability|p1b: Corviknight|Mirror Armor\n|-unboost|p2b: Grudge|atk|1\n|-heal|p2b: Grudge|95/100\n|move|p2a: Dreadwing|Body Press|p1a: Tyranitar\n|-activate|p1a: Tyranitar|move: Protect\n|move|p1b: Corviknight|Tailwind|p1b: Corviknight\n|-sidestart|p1: Amukhan|move: Tailwind\n|\n|-weather|Sandstorm|[upkeep]\n|-damage|p2b: Grudge|89/100|[from] Sandstorm\n|-heal|p2a: Dreadwing|75/100|[from] item: Leftovers\n|upkeep\n|turn|13\n|inactive|Quetzal06 has 25 seconds left this turn.\n|inactive|Quetzal06 has 20 seconds left.\n|inactive|Quetzal06 has 15 seconds left.\n|inactive|Quetzal06 has 10 seconds left.\n|\n|t:|1776480998\n|move|p2b: Grudge|Protect|p2b: Grudge\n|-singleturn|p2b: Grudge|Protect\n|move|p1a: Tyranitar|Knock Off|p2a: Dreadwing\n|-damage|p2a: Dreadwing|41/100\n|-enditem|p2a: Dreadwing|Leftovers|[from] move: Knock Off|[of] p1a: Tyranitar\n|move|p1b: Corviknight|Iron Head|p2a: Dreadwing\n|-resisted|p2a: Dreadwing|1\n|-damage|p2a: Dreadwing|33/100\n|move|p2a: Dreadwing|Body Press|p1a: Tyranitar\n|-supereffective|p1a: Tyranitar|2\n|-damage|p1a: Tyranitar|0 fnt\n|faint|p1a: Tyranitar\n|\n|-weather|Sandstorm|[upkeep]\n|-damage|p2b: Grudge|83/100|[from] Sandstorm\n|-sideend|p2: Quetzal06|move: Tailwind\n|upkeep\n|turn|14\n|inactive|Quetzal06 has 10 seconds left this turn.\n|inactive|Quetzal06 has 5 seconds left.\n|-message|Quetzal06 lost due to inactivity.\n|\n|win|Amukhan\n|raw|Amukhan's rating: 1148 &rarr; <strong>1177</strong><br />(+29 for winning)\n|raw|Quetzal06's rating: 1200 &rarr; <strong>1171</strong><br />(-29 for losing)\n|c|\u2606Quetzal06|gg\n",
  "uploadtime": 1776481023,
  "views": 17,
  "formatid": "gen9championsvgc2026regma",
  "rating": 1171,
  "private": 0,
  "password": null
}