{
  "id": "gen9championsvgc2026regma-2583404800",
  "format": "[Gen 9 Champions] VGC 2026 Reg M-A",
  "players": [
    "Blumagination",
    "Jah_08"
  ],
  "log": "|j|\u2606Blumagination\n|j|\u2606Jah_08\n|t:|1776173403\n|gametype|doubles\n|player|p1|Blumagination|266|1284\n|player|p2|Jah_08|alder|1345\n|gen|9\n|tier|[Gen 9 Champions] VGC 2026 Reg M-A\n|rated|\n|rule|Species Clause: Limit one of each Pok\u00e9mon\n|rule|Item Clause: Limit 1 of each item\n|clearpoke\n|poke|p1|Sinistcha, L50|\n|poke|p1|Tyranitar, L50, F|\n|poke|p1|Floette-Eternal, L50, F|\n|poke|p1|Sneasler, L50, F|\n|poke|p1|Basculegion, L50, M|\n|poke|p1|Dragonite, L50, F|\n|poke|p2|Excadrill, L50, M|\n|poke|p2|Whimsicott, L50, M|\n|poke|p2|Chandelure, L50, M|\n|poke|p2|Zoroark-Hisui, L50, M|\n|poke|p2|Basculegion, L50, M|\n|poke|p2|Conkeldurr, L50, M|\n|teampreview|4\nBlumagination has agreed to open team sheets.\n|inactive|Battle timer is ON: inactive players will automatically lose when time's up. (requested by Blumagination)\n|inactive|Jah_08 has 60 seconds left.\n|\n|t:|1776173453\n|teamsize|p1|4\n|teamsize|p2|4\n|start\n|switch|p1a: Tyranitar|Tyranitar, L50, F|100/100\n|switch|p1b: Basculegion|Basculegion, L50, M|100/100\n|switch|p2a: Whimsicott|Whimsicott, L50, M, shiny|100/100\n|switch|p2b: Basculegion|Basculegion, L50, M|100/100\n|-weather|Sandstorm|[from] ability: Sand Stream|[of] p1a: Tyranitar\n|turn|1\n|inactive|Blumagination has 30 seconds left.\n|\n|t:|1776173479\n|move|p2a: Whimsicott|Tailwind|p2a: Whimsicott\n|-sidestart|p2: Jah_08|move: Tailwind\n|move|p2b: Basculegion|Shadow Ball|p1b: Basculegion\n|-supereffective|p1b: Basculegion|1\n|-damage|p1b: Basculegion|0 fnt\n|faint|p1b: Basculegion\n|move|p1a: Tyranitar|Knock Off|p2b: Basculegion\n|-supereffective|p2b: Basculegion|1\n|-damage|p2b: Basculegion|0 fnt\n|replace|p2b: Zoroark|Zoroark-Hisui, L50, M\n|-end|p2b: Zoroark|Illusion\n|-enditem|p2b: Zoroark|Spell Tag|[from] move: Knock Off|[of] p1a: Tyranitar\n|faint|p2b: Zoroark\n|\n|-weather|Sandstorm|[upkeep]\n|-damage|p2a: Whimsicott|95/100|[from] Sandstorm\n|upkeep\n|\n|t:|1776173500\n|switch|p2b: Excadrill|Excadrill, L50, M|100/100\n|switch|p1b: Floette|Floette-Eternal, L50, F|100/100\n|-ability|p2b: Excadrill|Mold Breaker\n|turn|2\n|inactive|Blumagination has 30 seconds left.\n|inactive|Jah_08 has 30 seconds left.\n|inactive|Blumagination has 20 seconds left.\n|\n|t:|1776173540\n|switch|p1b: Sinistcha|Sinistcha, L50|100/100\n|move|p2a: Whimsicott|Moonblast|p1a: Tyranitar\n|-supereffective|p1a: Tyranitar|1\n|-damage|p1a: Tyranitar|62/100\n|move|p2b: Excadrill|Iron Head|p1a: Tyranitar\n|-supereffective|p1a: Tyranitar|1\n|-damage|p1a: Tyranitar|0 fnt\n|faint|p1a: Tyranitar\n|\n|-weather|Sandstorm|[upkeep]\n|-damage|p2a: Whimsicott|89/100|[from] Sandstorm\n|-damage|p1b: Sinistcha|94/100|[from] Sandstorm\n|upkeep\n|\n|t:|1776173547\n|switch|p1a: Floette|Floette-Eternal, L50, F|100/100\n|turn|3\n|\n|t:|1776173562\n|detailschange|p1a: Floette|Floette-Mega, L50, F\n|-mega|p1a: Floette|Floette|Floettite\n|-ability|p1a: Floette|Fairy Aura\n|move|p2a: Whimsicott|Protect|p2a: Whimsicott\n|-singleturn|p2a: Whimsicott|Protect\n|move|p2b: Excadrill|Protect|p2b: Excadrill\n|-singleturn|p2b: Excadrill|Protect\n|move|p1a: Floette|Protect|p1a: Floette\n|-singleturn|p1a: Floette|Protect\n|move|p1b: Sinistcha|Trick Room|p1b: Sinistcha\n|-fieldstart|move: Trick Room|[of] p1b: Sinistcha\n|\n|-weather|Sandstorm|[upkeep]\n|-damage|p1b: Sinistcha|88/100|[from] Sandstorm\n|-damage|p1a: Floette|94/100|[from] Sandstorm\n|-damage|p2a: Whimsicott|83/100|[from] Sandstorm\n|upkeep\n|turn|4\n|inactive|Jah_08 has 30 seconds left.\n|inactive|Blumagination has 30 seconds left.\n|\n|t:|1776173596\n|move|p1b: Sinistcha|Rage Powder|p1b: Sinistcha\n|-singleturn|p1b: Sinistcha|move: Rage Powder\n|move|p2a: Whimsicott|Encore|p1b: Sinistcha\n|-start|p1b: Sinistcha|Encore\n|move|p1a: Floette|Calm Mind|p1a: Floette\n|-boost|p1a: Floette|spa|1\n|-boost|p1a: Floette|spd|1\n|move|p2b: Excadrill|Iron Head|p1b: Sinistcha\n|-damage|p1b: Sinistcha|49/100\n|-enditem|p1b: Sinistcha|Sitrus Berry|[eat]\n|-heal|p1b: Sinistcha|74/100|[from] item: Sitrus Berry\n|\n|-weather|Sandstorm|[upkeep]\n|-damage|p1b: Sinistcha|67/100|[from] Sandstorm\n|-damage|p1a: Floette|88/100|[from] Sandstorm\n|-damage|p2a: Whimsicott|77/100|[from] Sandstorm\n|-sideend|p2: Jah_08|move: Tailwind\n|upkeep\n|turn|5\n|inactive|Jah_08 has 30 seconds left.\n|\n|t:|1776173628\n|move|p1b: Sinistcha|Rage Powder|p1b: Sinistcha\n|-singleturn|p1b: Sinistcha|move: Rage Powder\n|move|p2a: Whimsicott|Encore|p1a: Floette\n|-start|p1a: Floette|Encore\n|move|p1a: Floette|Calm Mind|p1a: Floette\n|-boost|p1a: Floette|spa|1\n|-boost|p1a: Floette|spd|1\n|move|p2b: Excadrill|Iron Head|p1b: Sinistcha\n|-damage|p1b: Sinistcha|27/100\n|\n|-weather|none\n|upkeep\n|turn|6\n|\n|t:|1776173651\n|move|p1b: Sinistcha|Rage Powder|p1b: Sinistcha\n|-singleturn|p1b: Sinistcha|move: Rage Powder\n|move|p1a: Floette|Calm Mind|p1a: Floette\n|-boost|p1a: Floette|spa|1\n|-boost|p1a: Floette|spd|1\n|move|p2b: Excadrill|Iron Head|p1b: Sinistcha\n|-damage|p1b: Sinistcha|0 fnt\n|faint|p1b: Sinistcha\n|move|p2a: Whimsicott|Moonblast|p1a: Floette\n|-damage|p1a: Floette|76/100\n|\n|upkeep\n|turn|7\n|-message|Blumagination forfeited.\n|\n|win|Jah_08\n|raw|Blumagination's rating: 1284 &rarr; <strong>1263</strong><br />(-21 for losing)\n|raw|Jah_08's rating: 1345 &rarr; <strong>1362</strong><br />(+17 for winning)\n|l|\u2606Blumagination\n|player|p1|\n",
  "uploadtime": 1776173667,
  "views": 33,
  "formatid": "gen9championsvgc2026regma",
  "rating": 1263,
  "private": 0,
  "password": null
}