{
  "id": "gen9championsvgc2026regma-2585685174",
  "format": "[Gen 9 Champions] VGC 2026 Reg M-A",
  "players": [
    "miruna11",
    "Phillip Blevin"
  ],
  "log": "|j|\u2606miruna11\n|j|\u2606Phillip Blevin\n|t:|1776363634\n|gametype|doubles\n|player|p1|miruna11|unknownf|1322\n|player|p2|Phillip Blevin|cynthia-masters4|1270\n|gen|9\n|tier|[Gen 9 Champions] VGC 2026 Reg M-A\n|rated|\n|rule|Species Clause: Limit one of each Pok\u00e9mon\n|rule|Item Clause: Limit 1 of each item\n|clearpoke\n|poke|p1|Sneasler, L50, M|\n|poke|p1|Maushold-Four, L50|\n|poke|p1|Incineroar, L50, F|\n|poke|p1|Aerodactyl, L50, M|\n|poke|p1|Basculegion, L50, M|\n|poke|p1|Floette-Eternal, L50, F|\n|poke|p2|Lopunny, L50, M|\n|poke|p2|Corviknight, L50, M|\n|poke|p2|Garchomp, L50, F|\n|poke|p2|Arcanine-Hisui, L50, F|\n|poke|p2|Froslass, L50, F|\n|poke|p2|Rotom-Wash, L50|\n|teampreview|4\n|inactive|Battle timer is ON: inactive players will automatically lose when time's up. (requested by Phillip Blevin)\n|inactive|miruna11 also wants the timer to be on.\nPhillip Blevin has agreed to open team sheets.\n|inactive|Phillip Blevin has 60 seconds left.\n|\n|t:|1776363670\n|teamsize|p1|4\n|teamsize|p2|4\n|start\n|switch|p1a: Sneasler|Sneasler, L50, M|100/100\n|switch|p1b: Basculegion|Basculegion, L50, M|100/100\n|switch|p2a: Rotom|Rotom-Wash, L50|100/100\n|switch|p2b: Garchomp|Garchomp, L50, F|100/100\n|turn|1\n|inactive|miruna11 has 30 seconds left.\n|\n|t:|1776363697\n|move|p1a: Sneasler|Fake Out|p2b: Garchomp\n|-damage|p2b: Garchomp|85/100\n|-damage|p1a: Sneasler|88/100|[from] ability: Rough Skin|[of] p2b: Garchomp\n|move|p2a: Rotom|Electroweb|p1a: Sneasler|[spread] p1a,p1b\n|-supereffective|p1b: Basculegion|1\n|-damage|p1a: Sneasler|66/100\n|-damage|p1b: Basculegion|67/100\n|-unboost|p1a: Sneasler|spe|1\n|-unboost|p1b: Basculegion|spe|1\n|-enditem|p1a: Sneasler|White Herb\n|-clearnegativeboost|p1a: Sneasler|[silent]\n|cant|p2b: Garchomp|flinch\n|move|p1b: Basculegion|Flip Turn|p2a: Rotom\n|-resisted|p2a: Rotom|1\n|-damage|p2a: Rotom|79/100\n|\n|t:|1776363711\n|switch|p1b: Floette|Floette-Eternal, L50, F|100/100|[from] Flip Turn\n|\n|upkeep\n|turn|2\n|\n|t:|1776363722\n|switch|p1a: Maushold|Maushold-Four, L50|100/100\n|detailschange|p1b: Floette|Floette-Mega, L50, F\n|-mega|p1b: Floette|Floette|Floettite\n|-ability|p1b: Floette|Fairy Aura\n|move|p2b: Garchomp|Protect|p2b: Garchomp\n|-singleturn|p2b: Garchomp|Protect\n|move|p2a: Rotom|Electroweb|p1b: Floette|[spread] p1a,p1b\n|-damage|p1a: Maushold|83/100\n|-damage|p1b: Floette|93/100\n|-unboost|p1a: Maushold|spe|1\n|-unboost|p1b: Floette|spe|1\n|move|p1b: Floette|Dazzling Gleam|p2b: Garchomp|[spread] p2a\n|-activate|p2b: Garchomp|move: Protect\n|-damage|p2a: Rotom|28/100\n|\n|upkeep\n|turn|3\n|\n|t:|1776363741\n|switch|p2a: Corviknight|Corviknight, L50, M|100/100\n|move|p1a: Maushold|Helping Hand|p1b: Floette\n|-singleturn|p1b: Floette|Helping Hand|[of] p1a: Maushold\n|move|p2b: Garchomp|Earthquake|p1a: Maushold|[spread] p1a,p1b\n|-immune|p2a: Corviknight\n|-crit|p1a: Maushold\n|-damage|p1a: Maushold|0 fnt\n|-damage|p1b: Floette|56/100\n|faint|p1a: Maushold\n|move|p1b: Floette|Dazzling Gleam|p2b: Garchomp|[spread] p2a,p2b\n|-resisted|p2a: Corviknight|1\n|-supereffective|p2b: Garchomp|1\n|-damage|p2a: Corviknight|67/100\n|-damage|p2b: Garchomp|0 fnt\n|faint|p2b: Garchomp\n|\n|-heal|p2a: Corviknight|73/100|[from] item: Leftovers\n|upkeep\n|\n|t:|1776363759\n|switch|p1a: Sneasler|Sneasler, L50, M|66/100\n|switch|p2b: Lopunny|Lopunny, L50, M|100/100\n|turn|4\n|\n|t:|1776363775\n|detailschange|p2b: Lopunny|Lopunny-Mega, L50, M\n|-mega|p2b: Lopunny|Lopunny|Lopunnite\n|move|p2b: Lopunny|Protect|p2b: Lopunny\n|-singleturn|p2b: Lopunny|Protect\n|move|p1a: Sneasler|Protect|p1a: Sneasler\n|-singleturn|p1a: Sneasler|Protect\n|move|p1b: Floette|Moonblast|p2b: Lopunny\n|-activate|p2b: Lopunny|move: Protect\n|move|p2a: Corviknight|Bulk Up|p2a: Corviknight\n|-boost|p2a: Corviknight|atk|1\n|-boost|p2a: Corviknight|def|1\n|\n|-heal|p2a: Corviknight|79/100|[from] item: Leftovers\n|upkeep\n|turn|5\n|\n|t:|1776363796\n|move|p2b: Lopunny|Encore|p1a: Sneasler\n|-start|p1a: Sneasler|Encore\n|move|p1a: Sneasler|Protect|p1a: Sneasler\n|-singleturn|p1a: Sneasler|Protect\n|move|p1b: Floette|Moonblast|p2a: Corviknight\n|-resisted|p2a: Corviknight|1\n|-damage|p2a: Corviknight|44/100\n|move|p2a: Corviknight|Brave Bird|p1b: Floette\n|-damage|p1b: Floette|0 fnt\n|faint|p1b: Floette\n|-damage|p2a: Corviknight|29/100|[from] Recoil\n|\n|-heal|p2a: Corviknight|35/100|[from] item: Leftovers\n|upkeep\n|\n|t:|1776363804\n|switch|p1b: Basculegion|Basculegion, L50, M|67/100\n|turn|6\n|\n|t:|1776363815\n|move|p1a: Sneasler|Protect|p1a: Sneasler\n|-singleturn|p1a: Sneasler|Protect\n|move|p2b: Lopunny|Close Combat|p1b: Basculegion\n|-crit|p1b: Basculegion\n|-damage|p1b: Basculegion|0 fnt\n|-unboost|p2b: Lopunny|def|1\n|-unboost|p2b: Lopunny|spd|1\n|faint|p1b: Basculegion\n|move|p2a: Corviknight|Roost|p2a: Corviknight\n|-heal|p2a: Corviknight|85/100\n|-singleturn|p2a: Corviknight|move: Roost\n|\n|-heal|p2a: Corviknight|91/100|[from] item: Leftovers\n|upkeep\n|turn|7\n|-message|miruna11 forfeited.\n|\n|win|Phillip Blevin\n|raw|miruna11's rating: 1322 &rarr; <strong>1299</strong><br />(-23 for losing)\n|raw|Phillip Blevin's rating: 1270 &rarr; <strong>1299</strong><br />(+29 for winning)\n",
  "uploadtime": 1776363826,
  "views": 22,
  "formatid": "gen9championsvgc2026regma",
  "rating": 1299,
  "private": 0,
  "password": null
}