{
  "id": "gen9championsvgc2026regma-2586196444",
  "format": "[Gen 9 Champions] VGC 2026 Reg M-A",
  "players": [
    "MaK2012",
    "yamzinyobooty"
  ],
  "log": "|j|\u2606MaK2012\n|j|\u2606yamzinyobooty\n|t:|1776411143\n|gametype|doubles\n|player|p1|MaK2012|1|1020\n|player|p2|yamzinyobooty|102|1110\n|gen|9\n|tier|[Gen 9 Champions] VGC 2026 Reg M-A\n|rated|\n|rule|Species Clause: Limit one of each Pok\u00e9mon\n|rule|Item Clause: Limit 1 of each item\n|clearpoke\n|poke|p1|Blastoise, L50, F|\n|poke|p1|Pelipper, L50, F|\n|poke|p1|Clefable, L50, M|\n|poke|p1|Corviknight, L50, M|\n|poke|p1|Tauros-Paldea-Aqua, L50, M|\n|poke|p1|Klefki, L50, M|\n|poke|p2|Charizard, L50, F|\n|poke|p2|Venusaur, L50, F|\n|poke|p2|Garchomp, L50, F|\n|poke|p2|Incineroar, L50, F|\n|poke|p2|Gardevoir, L50, M|\n|poke|p2|Milotic, L50, M|\n|teampreview|4\n|\n|t:|1776411194\n|teamsize|p1|4\n|teamsize|p2|4\n|start\n|switch|p1a: Tauros|Tauros-Paldea-Aqua, L50, M|100/100\n|switch|p1b: Clefable|Clefable, L50, M|100/100\n|switch|p2a: Venusaur|Venusaur, L50, F|100/100\n|switch|p2b: Incineroar|Incineroar, L50, F|100/100\n|-ability|p1a: Tauros|Intimidate|boost\n|-unboost|p2a: Venusaur|atk|1\n|-unboost|p2b: Incineroar|atk|1\n|-ability|p2b: Incineroar|Intimidate|boost\n|-unboost|p1a: Tauros|atk|1\n|-unboost|p1b: Clefable|atk|1\n|-enditem|p1a: Tauros|White Herb\n|-clearnegativeboost|p1a: Tauros|[silent]\n|turn|1\n|inactive|Battle timer is ON: inactive players will automatically lose when time's up. (requested by yamzinyobooty)\n|\n|t:|1776411226\n|move|p2b: Incineroar|Helping Hand|p2a: Venusaur\n|-singleturn|p2a: Venusaur|Helping Hand|[of] p2b: Incineroar\n|move|p1a: Tauros|Aqua Jet|p2b: Incineroar\n|-supereffective|p2b: Incineroar|1\n|-damage|p2b: Incineroar|65/100\n|move|p2a: Venusaur|Sludge Bomb|p1b: Clefable\n|-supereffective|p1b: Clefable|1\n|-crit|p1b: Clefable\n|-damage|p1b: Clefable|0 fnt\n|faint|p1b: Clefable\n|\n|upkeep\n|\n|t:|1776411241\n|switch|p1b: Pelipper|Pelipper, L50, F|100/100\n|-weather|RainDance|[from] ability: Drizzle|[of] p1b: Pelipper\n|turn|2\n|inactive|yamzinyobooty has 30 seconds left.\n|inactive|yamzinyobooty has 20 seconds left.\n|inactive|yamzinyobooty has 15 seconds left.\n|inactive|yamzinyobooty has 10 seconds left.\n|\n|t:|1776411289\n|switch|p2b: Milotic|Milotic, L50, M|100/100\n|move|p2a: Venusaur|Protect|p2a: Venusaur\n|-singleturn|p2a: Venusaur|Protect\n|move|p1a: Tauros|Aqua Jet|p2b: Milotic\n|-resisted|p2b: Milotic|1\n|-damage|p2b: Milotic|90/100\n|move|p1b: Pelipper|Hurricane|p2a: Venusaur\n|-activate|p2a: Venusaur|move: Protect\n|\n|-weather|RainDance|[upkeep]\n|-heal|p2b: Milotic|96/100|[from] item: Leftovers\n|upkeep\n|turn|3\n|inactive|MaK2012 has 30 seconds left.\n|\n|t:|1776411314\n|switch|p2a: Incineroar|Incineroar, L50, F|65/100\n|-ability|p2a: Incineroar|Intimidate|boost\n|-unboost|p1a: Tauros|atk|1\n|-unboost|p1b: Pelipper|atk|1\n|move|p1a: Tauros|Rock Slide|p2b: Milotic|[spread] p2a,p2b\n|-supereffective|p2a: Incineroar|1\n|-damage|p2a: Incineroar|43/100\n|-damage|p2b: Milotic|87/100\n|-enditem|p2a: Incineroar|Sitrus Berry|[eat]\n|-heal|p2a: Incineroar|68/100|[from] item: Sitrus Berry\n|move|p1b: Pelipper|Hurricane|p2a: Incineroar\n|-damage|p2a: Incineroar|40/100\n|move|p2b: Milotic|Ice Beam|p1b: Pelipper\n|-damage|p1b: Pelipper|72/100\n|\n|-weather|RainDance|[upkeep]\n|-heal|p2b: Milotic|93/100|[from] item: Leftovers\n|upkeep\n|turn|4\n|inactive|MaK2012 has 30 seconds left.\n|inactive|yamzinyobooty has 30 seconds left.\n|\n|t:|1776411349\n|switch|p2b: Charizard|Charizard, L50, F|100/100\n|move|p2a: Incineroar|Fake Out|p1a: Tauros\n|-damage|p1a: Tauros|89/100\n|cant|p1a: Tauros|flinch\n|move|p1b: Pelipper|Hurricane|p2b: Charizard\n|-damage|p2b: Charizard|50/100\n|\n|-weather|RainDance|[upkeep]\n|upkeep\n|turn|5\n|\n|t:|1776411373\n|switch|p1b: Blastoise|Blastoise, L50, F|100/100\n|switch|p2a: Milotic|Milotic, L50, M|93/100\n|detailschange|p2b: Charizard|Charizard-Mega-Y, L50, F\n|-mega|p2b: Charizard|Charizard|Charizardite Y\n|-weather|SunnyDay|[from] ability: Drought|[of] p2b: Charizard\n|move|p2b: Charizard|Solar Beam||[still]\n|-prepare|p2b: Charizard|Solar Beam\n|-anim|p2b: Charizard|Solar Beam|p1a: Tauros\n|-supereffective|p1a: Tauros|1\n|-damage|p1a: Tauros|0 fnt\n|faint|p1a: Tauros\n|\n|-weather|SunnyDay|[upkeep]\n|-heal|p2a: Milotic|99/100|[from] item: Leftovers\n|upkeep\n|\n|t:|1776411389\n|switch|p1a: Pelipper|Pelipper, L50, F|72/100\n|-weather|RainDance|[from] ability: Drizzle|[of] p1a: Pelipper\n|turn|6\n|c|\u2606yamzinyobooty|ggs\n|\n|t:|1776411409\n|switch|p2b: Incineroar|Incineroar, L50, F|40/100\n|-ability|p2b: Incineroar|Intimidate|boost\n|-unboost|p1a: Pelipper|atk|1\n|-unboost|p1b: Blastoise|atk|1\n|move|p1a: Pelipper|Wide Guard|p1a: Pelipper\n|-singleturn|p1a: Pelipper|Wide Guard\n|move|p2a: Milotic|Ice Beam|p1a: Pelipper\n|-damage|p1a: Pelipper|43/100\n|move|p1b: Blastoise|Water Spout|p2b: Incineroar|[spread] p2a,p2b\n|-resisted|p2a: Milotic|1\n|-supereffective|p2b: Incineroar|1\n|-damage|p2a: Milotic|77/100\n|-damage|p2b: Incineroar|0 fnt\n|faint|p2b: Incineroar\n|\n|-weather|RainDance|[upkeep]\n|-heal|p2a: Milotic|83/100|[from] item: Leftovers\n|upkeep\n|\n|t:|1776411416\n|switch|p2b: Charizard|Charizard-Mega-Y, L50, F|50/100\n|-weather|SunnyDay|[from] ability: Drought|[of] p2b: Charizard\n|turn|7\n|inactive|MaK2012 has 30 seconds left.\n|\n|t:|1776411449\n|move|p2b: Charizard|Protect|p2b: Charizard\n|-singleturn|p2b: Charizard|Protect\n|move|p1b: Blastoise|Aqua Jet|p2b: Charizard\n|-activate|p2b: Charizard|move: Protect\n|move|p1a: Pelipper|Chilling Water|p2b: Charizard\n|-activate|p2b: Charizard|move: Protect\n|move|p2a: Milotic|Ice Beam|p1a: Pelipper\n|-damage|p1a: Pelipper|13/100\n|\n|-weather|SunnyDay|[upkeep]\n|-heal|p2a: Milotic|89/100|[from] item: Leftovers\n|upkeep\n|turn|8\n|inactive|yamzinyobooty has 30 seconds left.\n|\n|t:|1776411474\n|move|p1b: Blastoise|Aqua Jet|p2b: Charizard\n|-supereffective|p2b: Charizard|1\n|-damage|p2b: Charizard|40/100\n|move|p2b: Charizard|Solar Beam||[still]\n|-prepare|p2b: Charizard|Solar Beam\n|-anim|p2b: Charizard|Solar Beam|p1b: Blastoise\n|-supereffective|p1b: Blastoise|1\n|-damage|p1b: Blastoise|8/100\n|move|p1a: Pelipper|Chilling Water|p2b: Charizard\n|-supereffective|p2b: Charizard|1\n|-damage|p2b: Charizard|25/100\n|-unboost|p2b: Charizard|atk|1\n|move|p2a: Milotic|Ice Beam|p1a: Pelipper\n|-damage|p1a: Pelipper|0 fnt\n|faint|p1a: Pelipper\n|\n|-weather|SunnyDay|[upkeep]\n|-heal|p2a: Milotic|95/100|[from] item: Leftovers\n|upkeep\n|turn|9\n|c|\u2606yamzinyobooty|no mega?\n|\n|t:|1776411491\n|move|p1b: Blastoise|Aqua Jet|p2b: Charizard\n|-supereffective|p2b: Charizard|1\n|-damage|p2b: Charizard|10/100\n|move|p2b: Charizard|Solar Beam||[still]\n|-prepare|p2b: Charizard|Solar Beam\n|-anim|p2b: Charizard|Solar Beam|p1b: Blastoise\n|-supereffective|p1b: Blastoise|1\n|-damage|p1b: Blastoise|0 fnt\n|faint|p1b: Blastoise\n|\n|win|yamzinyobooty\n|raw|MaK2012's rating: 1020 &rarr; <strong>1010</strong><br />(-10 for losing)\n|raw|yamzinyobooty's rating: 1110 &rarr; <strong>1129</strong><br />(+19 for winning)\n",
  "uploadtime": 1776411491,
  "views": 18,
  "formatid": "gen9championsvgc2026regma",
  "rating": 1010,
  "private": 0,
  "password": null
}