{
  "id": "gen9championsvgc2026regma-2581246612",
  "format": "[Gen 9 Champions] VGC 2026 Reg M-A",
  "players": [
    "Despairing Sadness",
    "Prtbl_Trash"
  ],
  "log": "|j|\u203dDespairing Sadness\n|j|\u2606Prtbl_Trash\n|t:|1775975820\n|gametype|doubles\n|player|p1|Despairing Sadness|skier|1067\n|player|p2|Prtbl_Trash|ortega|1000\n|gen|9\n|tier|[Gen 9 Champions] VGC 2026 Reg M-A\n|rated|\n|rule|Species Clause: Limit one of each Pok\u00e9mon\n|rule|Item Clause: Limit 1 of each item\n|clearpoke\n|poke|p1|Gardevoir, L50, M|\n|poke|p1|Garchomp, L50, F|\n|poke|p1|Sneasler, L50, M|\n|poke|p1|Gyarados, L50, M|\n|poke|p1|Sinistcha, L50|\n|poke|p1|Glimmora, L50, M|\n|poke|p2|Chimecho, L50, M|\n|poke|p2|Incineroar, L50, F|\n|poke|p2|Chesnaught, L50, M|\n|poke|p2|Garchomp, L50, F|\n|poke|p2|Pelipper, L50, F|\n|poke|p2|Dragapult, L50, F|\n|teampreview|4\n|\n|t:|1775975847\n|teamsize|p1|4\n|teamsize|p2|4\n|start\n|switch|p1a: Gardevoir|Gardevoir, L50, M|100/100\n|switch|p1b: Garchomp|Garchomp, L50, F|100/100\n|switch|p2a: Chimecho|Chimecho, L50, M|100/100\n|switch|p2b: Incineroar|Incineroar, L50, F|100/100\n|-ability|p1a: Gardevoir|Levitate|Trace|[from] ability: Trace|[of] p2a: Chimecho\n|-ability|p2b: Incineroar|Intimidate|boost\n|-unboost|p1a: Gardevoir|atk|1\n|-unboost|p1b: Garchomp|atk|1\n|turn|1\n|inactive|Battle timer is ON: inactive players will automatically lose when time's up. (requested by Prtbl_Trash)\n|\n|t:|1775975867\n|detailschange|p2a: Chimecho|Chimecho-Mega, L50, M\n|-mega|p2a: Chimecho|Chimecho|Chimechite\n|move|p2b: Incineroar|Fake Out|p1a: Gardevoir\n|-damage|p1a: Gardevoir|84/100\n|cant|p1a: Gardevoir|flinch\n|move|p1b: Garchomp|Stomping Tantrum|p2b: Incineroar\n|-supereffective|p2b: Incineroar|1\n|-damage|p2b: Incineroar|64/100\n|move|p2a: Chimecho|Calm Mind|p2a: Chimecho\n|-boost|p2a: Chimecho|spa|1\n|-boost|p2a: Chimecho|spd|1\n|\n|upkeep\n|turn|2\n|\n|t:|1775975882\n|move|p1a: Gardevoir|Moonblast|p2b: Incineroar\n|-crit|p2b: Incineroar\n|-damage|p2b: Incineroar|0 fnt\n|faint|p2b: Incineroar\n|move|p1b: Garchomp|Rock Slide|p2a: Chimecho\n|-resisted|p2a: Chimecho|1\n|-damage|p2a: Chimecho|92/100\n|cant|p2a: Chimecho|flinch\n|\n|upkeep\n|\n|t:|1775975893\n|switch|p2b: Garchomp|Garchomp, L50, F|100/100\n|turn|3\n|\n|t:|1775975908\n|switch|p1b: Sinistcha|Sinistcha, L50|100/100\n|-heal|p1a: Gardevoir|100/100|[from] ability: Hospitality|[of] p1b: Sinistcha\n|move|p1a: Gardevoir|Moonblast|p2b: Garchomp\n|-supereffective|p2b: Garchomp|1\n|-damage|p2b: Garchomp|0 fnt\n|faint|p2b: Garchomp\n|move|p2a: Chimecho|Dazzling Gleam|p1b: Sinistcha|[spread] p1a,p1b\n|-damage|p1a: Gardevoir|62/100\n|-damage|p1b: Sinistcha|63/100\n|\n|-heal|p1b: Sinistcha|70/100|[from] item: Leftovers\n|upkeep\n|\n|t:|1775975917\n|switch|p2b: Chesnaught|Chesnaught, L50, M|100/100\n|turn|4\n|\n|t:|1775975929\n|move|p1a: Gardevoir|Moonblast|p2b: Chesnaught\n|-supereffective|p2b: Chesnaught|1\n|-damage|p2b: Chesnaught|0 fnt\n|faint|p2b: Chesnaught\n|move|p2a: Chimecho|Calm Mind|p2a: Chimecho\n|-boost|p2a: Chimecho|spa|1\n|-boost|p2a: Chimecho|spd|1\n|move|p1b: Sinistcha|Matcha Gotcha|p2a: Chimecho\n|-resisted|p2a: Chimecho|1\n|-damage|p2a: Chimecho|84/100\n|-heal|p1b: Sinistcha|73/100|[from] drain|[of] p2a: Chimecho\n|\n|-heal|p1b: Sinistcha|79/100|[from] item: Leftovers\n|upkeep\n|turn|5\n|\n|t:|1775975943\n|move|p1a: Gardevoir|Moonblast|p2a: Chimecho\n|-resisted|p2a: Chimecho|1\n|-damage|p2a: Chimecho|73/100\n|move|p2a: Chimecho|Dazzling Gleam|p1b: Sinistcha|[spread] p1a,p1b\n|-damage|p1a: Gardevoir|18/100\n|-damage|p1b: Sinistcha|34/100\n|move|p1b: Sinistcha|Matcha Gotcha|p2a: Chimecho|[miss]\n|-miss|p1b: Sinistcha|p2a: Chimecho\n|\n|-heal|p1b: Sinistcha|40/100|[from] item: Leftovers\n|upkeep\n|turn|6\n|\n|t:|1775975951\n|move|p1a: Gardevoir|Moonblast|p2a: Chimecho\n|-resisted|p2a: Chimecho|1\n|-damage|p2a: Chimecho|62/100\n|-unboost|p2a: Chimecho|spa|1\n|move|p2a: Chimecho|Calm Mind|p2a: Chimecho\n|-boost|p2a: Chimecho|spa|1\n|-boost|p2a: Chimecho|spd|1\n|move|p1b: Sinistcha|Matcha Gotcha|p2a: Chimecho\n|-resisted|p2a: Chimecho|1\n|-damage|p2a: Chimecho|56/100\n|-heal|p1b: Sinistcha|43/100|[from] drain|[of] p2a: Chimecho\n|\n|-heal|p1b: Sinistcha|49/100|[from] item: Leftovers\n|upkeep\n|turn|7\n|\n|t:|1775975962\n|move|p1a: Gardevoir|Moonblast|p2a: Chimecho\n|-resisted|p2a: Chimecho|1\n|-damage|p2a: Chimecho|48/100\n|move|p2a: Chimecho|Recover|p2a: Chimecho\n|-heal|p2a: Chimecho|99/100\n|move|p1b: Sinistcha|Matcha Gotcha|p2a: Chimecho\n|-resisted|p2a: Chimecho|1\n|-damage|p2a: Chimecho|92/100\n|-heal|p1b: Sinistcha|52/100|[from] drain|[of] p2a: Chimecho\n|\n|-heal|p1b: Sinistcha|58/100|[from] item: Leftovers\n|upkeep\n|turn|8\n|\n|t:|1775975968\n|move|p1a: Gardevoir|Moonblast|p2a: Chimecho\n|-resisted|p2a: Chimecho|1\n|-damage|p2a: Chimecho|84/100\n|move|p2a: Chimecho|Calm Mind|p2a: Chimecho\n|-boost|p2a: Chimecho|spa|1\n|-boost|p2a: Chimecho|spd|1\n|move|p1b: Sinistcha|Matcha Gotcha|p2a: Chimecho\n|-resisted|p2a: Chimecho|1\n|-damage|p2a: Chimecho|79/100\n|-heal|p1b: Sinistcha|61/100|[from] drain|[of] p2a: Chimecho\n|\n|-heal|p1b: Sinistcha|67/100|[from] item: Leftovers\n|upkeep\n|turn|9\n|\n|t:|1775975977\n|switch|p1a: Garchomp|Garchomp, L50, F|100/100\n|move|p2a: Chimecho|Dazzling Gleam|p1a: Garchomp|[spread] p1a,p1b\n|-supereffective|p1a: Garchomp|1\n|-enditem|p1a: Garchomp|Focus Sash\n|-damage|p1a: Garchomp|1/100\n|-damage|p1b: Sinistcha|8/100\n|move|p1b: Sinistcha|Matcha Gotcha|p2a: Chimecho\n|-resisted|p2a: Chimecho|1\n|-damage|p2a: Chimecho|74/100\n|-heal|p1b: Sinistcha|11/100|[from] drain|[of] p2a: Chimecho\n|-status|p2a: Chimecho|brn\n|\n|-heal|p1b: Sinistcha|17/100|[from] item: Leftovers\n|-damage|p2a: Chimecho|68/100 brn|[from] brn\n|upkeep\n|turn|10\n|\n|t:|1775975991\n|switch|p1b: Glimmora|Glimmora, L50, M|100/100\n|move|p1a: Garchomp|Rock Slide|p2a: Chimecho\n|-resisted|p2a: Chimecho|1\n|-damage|p2a: Chimecho|54/100 brn\n|move|p2a: Chimecho|Dazzling Gleam|p1a: Garchomp|[spread] p1a,p1b\n|-supereffective|p1a: Garchomp|1\n|-resisted|p1b: Glimmora|1\n|-damage|p1a: Garchomp|0 fnt\n|-damage|p1b: Glimmora|61/100\n|faint|p1a: Garchomp\n|\n|-damage|p2a: Chimecho|48/100 brn|[from] brn\n|upkeep\n|\n|t:|1775975994\n|switch|p1a: Gardevoir|Gardevoir, L50, M|18/100\n|-ability|p1a: Gardevoir|Levitate|Trace|[from] ability: Trace|[of] p2a: Chimecho\n|turn|11\n|\n|t:|1775975999\n|detailschange|p1b: Glimmora|Glimmora-Mega, L50, M\n|-mega|p1b: Glimmora|Glimmora|Glimmoranite\n|move|p1a: Gardevoir|Thunderbolt|p2a: Chimecho\n|-damage|p2a: Chimecho|38/100 brn\n|move|p1b: Glimmora|Power Gem|p2a: Chimecho\n|-resisted|p2a: Chimecho|1\n|-damage|p2a: Chimecho|28/100 brn\n|move|p2a: Chimecho|Recover|p2a: Chimecho\n|-heal|p2a: Chimecho|79/100 brn\n|\n|-damage|p2a: Chimecho|73/100 brn|[from] brn\n|upkeep\n|turn|12\n|\n|t:|1775976012\n|move|p1a: Gardevoir|Thunderbolt|p2a: Chimecho\n|-damage|p2a: Chimecho|63/100 brn\n|move|p1b: Glimmora|Power Gem|p2a: Chimecho\n|-resisted|p2a: Chimecho|1\n|-damage|p2a: Chimecho|54/100 brn\n|move|p2a: Chimecho|Dazzling Gleam|p1b: Glimmora|[spread] p1a,p1b\n|-resisted|p1b: Glimmora|1\n|-damage|p1a: Gardevoir|0 fnt\n|-damage|p1b: Glimmora|27/100\n|faint|p1a: Gardevoir\n|\n|-damage|p2a: Chimecho|48/100 brn|[from] brn\n|upkeep\n|\n|t:|1775976015\n|switch|p1a: Sinistcha|Sinistcha, L50|17/100\n|-heal|p1b: Glimmora|52/100|[from] ability: Hospitality|[of] p1a: Sinistcha\n|turn|13\n|\n|t:|1775976024\n|move|p1b: Glimmora|Power Gem|p2a: Chimecho\n|-resisted|p2a: Chimecho|1\n|-damage|p2a: Chimecho|38/100 brn\n|move|p2a: Chimecho|Dazzling Gleam|p1a: Sinistcha|[spread] p1a,p1b\n|-resisted|p1b: Glimmora|1\n|-damage|p1a: Sinistcha|0 fnt\n|-damage|p1b: Glimmora|16/100\n|faint|p1a: Sinistcha\n|\n|-damage|p2a: Chimecho|32/100 brn|[from] brn\n|upkeep\n|turn|14\n|\n|t:|1775976028\n|move|p1b: Glimmora|Power Gem|p2a: Chimecho\n|-resisted|p2a: Chimecho|1\n|-damage|p2a: Chimecho|23/100 brn\n|move|p2a: Chimecho|Psychic|p1b: Glimmora\n|-supereffective|p1b: Glimmora|1\n|-damage|p1b: Glimmora|0 fnt\n|faint|p1b: Glimmora\n|\n|win|Prtbl_Trash\n|raw|Despairing Sadness's rating: 1067 &rarr; <strong>1043</strong><br />(-24 for losing)\n|raw|Prtbl_Trash's rating: 1000 &rarr; <strong>1048</strong><br />(+48 for winning)\n|l|\u203dDespairing Sadness\n|player|p1|\n",
  "uploadtime": 1775976042,
  "views": 31,
  "formatid": "gen9championsvgc2026regma",
  "rating": 1043,
  "private": 0,
  "password": null
}