{
  "id": "gen9championsvgc2026regma-2580618231",
  "format": "[Gen 9 Champions] VGC 2026 Reg M-A",
  "players": [
    "yourmomishotfgc",
    "AAACompanyBtw"
  ],
  "log": "|j|\u2606yourmomishotfgc\n|j|\u2606AAACompanyBtw\n|t:|1775918563\n|gametype|doubles\n|player|p1|yourmomishotfgc|riley|1129\n|player|p2|AAACompanyBtw|2|1091\n|gen|9\n|tier|[Gen 9 Champions] VGC 2026 Reg M-A\n|rated|\n|rule|Species Clause: Limit one of each Pok\u00e9mon\n|rule|Item Clause: Limit 1 of each item\n|clearpoke\n|poke|p1|Hawlucha, L50, F|\n|poke|p1|Sinistcha, L50|\n|poke|p1|Snorlax, L50, F|\n|poke|p1|Incineroar, L50, F|\n|poke|p1|Clefable, L50, M|\n|poke|p1|Sneasler, L50, F|\n|poke|p2|Incineroar, L50, M|\n|poke|p2|Pelipper, L50, M|\n|poke|p2|Basculegion, L50, M|\n|poke|p2|Mamoswine, L50, M|\n|poke|p2|Rotom-Wash, L50|\n|poke|p2|Dragonite, L50, M|\n|teampreview|4\n|\n|t:|1775918626\n|teamsize|p1|4\n|teamsize|p2|4\n|start\n|switch|p1a: Sneasler|Sneasler, L50, F|100/100\n|switch|p1b: Incineroar|Incineroar, L50, F|100/100\n|switch|p2a: Pelipper|Pelipper, L50, M|100/100\n|switch|p2b: Dragonite|Dragonite, L50, M|100/100\n|-weather|RainDance|[from] ability: Drizzle|[of] p2a: Pelipper\n|-ability|p1b: Incineroar|Intimidate|boost\n|-unboost|p2a: Pelipper|atk|1\n|-fail|p2b: Dragonite|unboost|Attack|[from] ability: Inner Focus|[of] p2b: Dragonite\n|turn|1\n|\n|t:|1775918640\n|move|p2b: Dragonite|Protect|p2b: Dragonite\n|-singleturn|p2b: Dragonite|Protect\n|move|p2a: Pelipper|Protect|p2a: Pelipper\n|-singleturn|p2a: Pelipper|Protect\n|move|p1b: Incineroar|Fake Out|p2b: Dragonite\n|-activate|p2b: Dragonite|move: Protect\n|move|p1a: Sneasler|Dire Claw|p2b: Dragonite\n|-activate|p2b: Dragonite|move: Protect\n|\n|-weather|RainDance|[upkeep]\n|upkeep\n|turn|2\n|\n|t:|1775918669\n|detailschange|p2b: Dragonite|Dragonite-Mega, L50, M\n|-mega|p2b: Dragonite|Dragonite|Dragoninite\n|move|p1a: Sneasler|Dire Claw|p2b: Dragonite\n|-damage|p2b: Dragonite|80/100\n|move|p2b: Dragonite|Hurricane|p1a: Sneasler\n|-supereffective|p1a: Sneasler|1\n|-enditem|p1a: Sneasler|Focus Sash\n|-damage|p1a: Sneasler|1/100\n|move|p2a: Pelipper|Tailwind|p2a: Pelipper\n|-sidestart|p2: AAACompanyBtw|move: Tailwind\n|move|p1b: Incineroar|Parting Shot|p2b: Dragonite\n|-unboost|p2b: Dragonite|atk|1\n|-unboost|p2b: Dragonite|spa|1\n|\n|t:|1775918689\n|switch|p1b: Snorlax|Snorlax, L50, F|100/100|[from] Parting Shot\n|\n|-weather|RainDance|[upkeep]\n|upkeep\n|turn|3\n|\n|t:|1775918703\n|switch|p2b: Incineroar|Incineroar, L50, M|100/100\n|-ability|p2b: Incineroar|Intimidate|boost\n|-unboost|p1a: Sneasler|atk|1\n|-unboost|p1b: Snorlax|atk|1\n|move|p1a: Sneasler|Dire Claw|p2b: Incineroar\n|-damage|p2b: Incineroar|69/100\n|move|p2a: Pelipper|Muddy Water|p1a: Sneasler|[spread] p1a,p1b\n|-damage|p1a: Sneasler|0 fnt\n|-damage|p1b: Snorlax|76/100\n|faint|p1a: Sneasler\n|move|p1b: Snorlax|Body Slam|p2b: Incineroar\n|-damage|p2b: Incineroar|42/100\n|-status|p2b: Incineroar|par\n|-enditem|p2b: Incineroar|Lum Berry|[eat]\n|-curestatus|p2b: Incineroar|par|[msg]\n|\n|-weather|RainDance|[upkeep]\n|-heal|p1b: Snorlax|82/100|[from] item: Leftovers\n|upkeep\n|\n|t:|1775918716\n|switch|p1a: Hawlucha|Hawlucha, L50, F|100/100\n|turn|4\n|\n|t:|1775918735\n|detailschange|p1a: Hawlucha|Hawlucha-Mega, L50, F\n|-mega|p1a: Hawlucha|Hawlucha|Hawluchanite\n|move|p2b: Incineroar|Fake Out|p1a: Hawlucha\n|-damage|p1a: Hawlucha|90/100\n|cant|p1a: Hawlucha|flinch\n|move|p2a: Pelipper|Hurricane|p1a: Hawlucha\n|-supereffective|p1a: Hawlucha|1\n|-damage|p1a: Hawlucha|12/100\n|-start|p1a: Hawlucha|confusion\n|move|p1b: Snorlax|Body Slam|p2a: Pelipper\n|-damage|p2a: Pelipper|78/100\n|\n|-weather|RainDance|[upkeep]\n|-heal|p1b: Snorlax|88/100|[from] item: Leftovers\n|upkeep\n|turn|5\n|\n|t:|1775918756\n|switch|p2b: Mamoswine|Mamoswine, L50, M|100/100\n|-activate|p1a: Hawlucha|confusion\n|move|p1a: Hawlucha|High Jump Kick|p2b: Mamoswine\n|-supereffective|p2b: Mamoswine|1\n|-damage|p2b: Mamoswine|0 fnt\n|faint|p2b: Mamoswine\n|move|p2a: Pelipper|Muddy Water|p1b: Snorlax|[spread] p1a\n|-miss|p2a: Pelipper|p1b: Snorlax\n|-damage|p1a: Hawlucha|0 fnt\n|faint|p1a: Hawlucha\n|move|p1b: Snorlax|Body Slam|p2a: Pelipper\n|-damage|p2a: Pelipper|58/100\n|\n|-weather|none\n|-heal|p1b: Snorlax|94/100|[from] item: Leftovers\n|-sideend|p2: AAACompanyBtw|move: Tailwind\n|upkeep\n|\n|t:|1775918772\n|switch|p1a: Incineroar|Incineroar, L50, F|100/100\n|switch|p2b: Incineroar|Incineroar, L50, M|42/100\n|-ability|p1a: Incineroar|Intimidate|boost\n|-unboost|p2a: Pelipper|atk|1\n|-unboost|p2b: Incineroar|atk|1\n|-ability|p2b: Incineroar|Intimidate|boost\n|-unboost|p1a: Incineroar|atk|1\n|-unboost|p1b: Snorlax|atk|1\n|turn|6\n|\n|t:|1775918786\n|switch|p2a: Dragonite|Dragonite-Mega, L50, M|80/100\n|move|p2b: Incineroar|Fake Out|p1b: Snorlax\n|-damage|p1b: Snorlax|87/100\n|move|p1a: Incineroar|Fake Out|p2b: Incineroar\n|-damage|p2b: Incineroar|32/100\n|cant|p1b: Snorlax|flinch\n|\n|-heal|p1b: Snorlax|93/100|[from] item: Leftovers\n|upkeep\n|turn|7\n|\n|t:|1775918820\n|switch|p2b: Pelipper|Pelipper, L50, M|58/100\n|-weather|RainDance|[from] ability: Drizzle|[of] p2b: Pelipper\n|move|p2a: Dragonite|Hurricane|p1b: Snorlax\n|-damage|p1b: Snorlax|42/100\n|move|p1a: Incineroar|Flare Blitz|p2b: Pelipper\n|-resisted|p2b: Pelipper|1\n|-damage|p2b: Pelipper|51/100\n|-damage|p1a: Incineroar|98/100|[from] Recoil\n|move|p1b: Snorlax|Body Slam|p2a: Dragonite\n|-damage|p2a: Dragonite|61/100\n|-status|p2a: Dragonite|par\n|\n|-weather|RainDance|[upkeep]\n|-heal|p1b: Snorlax|48/100|[from] item: Leftovers\n|upkeep\n|turn|8\n|\n|t:|1775918840\n|move|p1b: Snorlax|Protect|p1b: Snorlax\n|-singleturn|p1b: Snorlax|Protect\n|move|p2b: Pelipper|Muddy Water|p1a: Incineroar|[spread] \n|-activate|p1b: Snorlax|move: Protect\n|-miss|p2b: Pelipper|p1a: Incineroar\n|move|p1a: Incineroar|Parting Shot|p2a: Dragonite\n|-unboost|p2a: Dragonite|atk|1\n|-unboost|p2a: Dragonite|spa|1\n|move|p2a: Dragonite|Hurricane|p1b: Snorlax\n|-activate|p1b: Snorlax|move: Protect\n|\n|-weather|RainDance|[upkeep]\n|-heal|p1b: Snorlax|54/100|[from] item: Leftovers\n|upkeep\n|turn|9\n|\n|t:|1775918864\n|move|p2b: Pelipper|Muddy Water|p1b: Snorlax|[spread] p1a,p1b\n|-supereffective|p1a: Incineroar|1\n|-enditem|p1a: Incineroar|Passho Berry|[eat]\n|-enditem|p1a: Incineroar|Passho Berry|[weaken]\n|-damage|p1a: Incineroar|70/100\n|-damage|p1b: Snorlax|32/100\n|-unboost|p1a: Incineroar|accuracy|1\n|-unboost|p1b: Snorlax|accuracy|1\n|move|p1a: Incineroar|Parting Shot|p2a: Dragonite\n|-unboost|p2a: Dragonite|atk|1\n|-unboost|p2a: Dragonite|spa|1\n|cant|p2a: Dragonite|par\n|move|p1b: Snorlax|Body Slam|p2b: Pelipper|[miss]\n|-miss|p1b: Snorlax|p2b: Pelipper\n|\n|-weather|RainDance|[upkeep]\n|-heal|p1b: Snorlax|38/100|[from] item: Leftovers\n|upkeep\n|turn|10\n|\n|t:|1775918882\n|switch|p2a: Incineroar|Incineroar, L50, M|32/100\n|-ability|p2a: Incineroar|Intimidate|boost\n|-unboost|p1a: Incineroar|atk|1\n|-unboost|p1b: Snorlax|atk|1\n|move|p1b: Snorlax|Protect|p1b: Snorlax\n|-singleturn|p1b: Snorlax|Protect\n|move|p2b: Pelipper|Muddy Water|p1a: Incineroar|[spread] p1a\n|-activate|p1b: Snorlax|move: Protect\n|-supereffective|p1a: Incineroar|1\n|-damage|p1a: Incineroar|12/100\n|move|p1a: Incineroar|Darkest Lariat|p2a: Incineroar\n|-resisted|p2a: Incineroar|1\n|-damage|p2a: Incineroar|21/100\n|\n|-weather|RainDance|[upkeep]\n|-heal|p1b: Snorlax|43/100|[from] item: Leftovers\n|upkeep\n|turn|11\n|\n|t:|1775918901\n|move|p2b: Pelipper|Muddy Water|p1a: Incineroar|[spread] \n|-miss|p2b: Pelipper|p1a: Incineroar\n|-miss|p2b: Pelipper|p1b: Snorlax\n|move|p2a: Incineroar|Darkest Lariat|p1b: Snorlax\n|-damage|p1b: Snorlax|18/100\n|move|p1a: Incineroar|Darkest Lariat|p2b: Pelipper\n|-damage|p2b: Pelipper|32/100\n|move|p1b: Snorlax|Substitute|p1b: Snorlax\n|-fail|p1b: Snorlax|move: Substitute|[weak]\n|\n|-weather|none\n|-heal|p1b: Snorlax|23/100|[from] item: Leftovers\n|upkeep\n|turn|12\n|-message|yourmomishotfgc forfeited.\n|\n|win|AAACompanyBtw\n|raw|yourmomishotfgc's rating: 1129 &rarr; <strong>1101</strong><br />(-28 for losing)\n|raw|AAACompanyBtw's rating: 1091 &rarr; <strong>1120</strong><br />(+29 for winning)\n|l|\u2606yourmomishotfgc\n|player|p1|\n",
  "uploadtime": 1775918924,
  "views": 14,
  "formatid": "gen9championsvgc2026regma",
  "rating": 1101,
  "private": 0,
  "password": null
}