{
  "id": "gen9championsvgc2026regma-2587925335",
  "format": "[Gen 9 Champions] VGC 2026 Reg M-A",
  "players": [
    "sdgfdggddgd",
    "michaelgscott"
  ],
  "log": "|j|\u2606sdgfdggddgd\n|j|\u2606michaelgscott\n|t:|1776579914\n|gametype|doubles\n|player|p1|sdgfdggddgd|burglar|1094\n|player|p2|michaelgscott|veteran|1186\n|gen|9\n|tier|[Gen 9 Champions] VGC 2026 Reg M-A\n|rated|\n|rule|Species Clause: Limit one of each Pok\u00e9mon\n|rule|Item Clause: Limit 1 of each item\n|clearpoke\n|poke|p1|Slowking, L50, M|\n|poke|p1|Incineroar, L50, F|\n|poke|p1|Sinistcha-Masterpiece, L50|\n|poke|p1|Manectric, L50, M|\n|poke|p1|Aurorus, L50, F|\n|poke|p1|Aggron, L50, F|\n|poke|p2|Dragapult, L50, F|\n|poke|p2|Kingambit, L50, F|\n|poke|p2|Basculegion, L50, M|\n|poke|p2|Sneasler, L50, M|\n|poke|p2|Meganium, L50, M|\n|poke|p2|Zoroark-Hisui, L50, M|\n|teampreview|4\n|\n|t:|1776579942\n|teamsize|p1|4\n|teamsize|p2|4\n|start\n|switch|p1a: Manectric|Manectric, L50, M|100/100\n|switch|p1b: Slowking|Slowking, L50, M|100/100\n|switch|p2a: Dragapult|Dragapult, L50, F|100/100\n|switch|p2b: Sneasler|Sneasler, L50, M|100/100\n|turn|1\n|\n|t:|1776579960\n|detailschange|p1a: Manectric|Manectric-Mega, L50, M\n|-mega|p1a: Manectric|Manectric|Manectite\n|-ability|p1a: Manectric|Intimidate|boost\n|-fail|p2a: Dragapult|unboost|[from] ability: Clear Body|[of] p2a: Dragapult\n|-unboost|p2b: Sneasler|atk|1\n|move|p1a: Manectric|Protect|p1a: Manectric\n|-singleturn|p1a: Manectric|Protect\n|move|p1b: Slowking|Protect|p1b: Slowking\n|-singleturn|p1b: Slowking|Protect\n|move|p2a: Dragapult|Phantom Force||[still]\n|-prepare|p2a: Dragapult|Phantom Force\n|move|p2b: Sneasler|Hyper Voice|p1a: Manectric|[spread] \n|-activate|p1a: Manectric|move: Protect\n|-activate|p1b: Slowking|move: Protect\n|\n|upkeep\n|turn|2\n|\n|t:|1776579980\n|move|p2a: Dragapult|Phantom Force|p1b: Slowking|[from] lockedmove\n|-supereffective|p1b: Slowking|1\n|-damage|p1b: Slowking|0 fnt\n|faint|p1b: Slowking\n|move|p1a: Manectric|Thunderbolt|p2b: Sneasler\n|-damage|p2b: Sneasler|7/100\n|-status|p2b: Sneasler|par\n|replace|p2b: Zoroark|Zoroark-Hisui, L50, M\n|-end|p2b: Zoroark|Illusion\n|move|p2b: Zoroark|Hyper Voice|p1a: Manectric\n|-damage|p1a: Manectric|31/100\n|\n|upkeep\n|\n|t:|1776579997\n|switch|p1b: Aurorus|Aurorus, L50, F|100/100\n|turn|3\n|\n|t:|1776580024\n|move|p1a: Manectric|Protect|p1a: Manectric\n|-singleturn|p1a: Manectric|Protect\n|move|p2a: Dragapult|Phantom Force||[still]\n|-prepare|p2a: Dragapult|Phantom Force\n|move|p1b: Aurorus|Hyper Voice|p2a: Dragapult|[spread] p2b\n|-miss|p1b: Aurorus|p2a: Dragapult\n|-crit|p2b: Zoroark\n|-damage|p2b: Zoroark|0 fnt\n|faint|p2b: Zoroark\n|\n|upkeep\n|\n|t:|1776580042\n|switch|p2b: Meganium|Meganium, L50, M|100/100\n|turn|4\n|\n|t:|1776580052\n|detailschange|p2b: Meganium|Meganium-Mega, L50, M\n|-mega|p2b: Meganium|Meganium|Meganiumite\n|move|p2a: Dragapult|Phantom Force|p1b: Aurorus|[from] lockedmove\n|-damage|p1b: Aurorus|34/100\n|move|p1a: Manectric|Volt Switch|p2b: Meganium\n|-resisted|p2b: Meganium|1\n|-damage|p2b: Meganium|84/100\n|\n|t:|1776580060\n|switch|p1a: Aggron|Aggron, L50, F|100/100|[from] Volt Switch\n|move|p1b: Aurorus|Hyper Voice|p2a: Dragapult|[spread] p2a,p2b\n|-supereffective|p2a: Dragapult|1\n|-supereffective|p2b: Meganium|1\n|-damage|p2a: Dragapult|6/100\n|-damage|p2b: Meganium|25/100\n|move|p2b: Meganium|Solar Beam||[still]\n|-prepare|p2b: Meganium|Solar Beam\n|-activate|p2b: Meganium|ability: Mega Sol\n|-anim|p2b: Meganium|Solar Beam|p1b: Aurorus\n|-supereffective|p1b: Aurorus|1\n|-damage|p1b: Aurorus|0 fnt\n|faint|p1b: Aurorus\n|\n|upkeep\n|\n|t:|1776580073\n|switch|p1b: Manectric|Manectric-Mega, L50, M|31/100\n|-ability|p1b: Manectric|Intimidate|boost\n|-fail|p2a: Dragapult|unboost|[from] ability: Clear Body|[of] p2a: Dragapult\n|-unboost|p2b: Meganium|atk|1\n|turn|5\n|\n|t:|1776580092\n|move|p2b: Meganium|Protect|p2b: Meganium\n|-singleturn|p2b: Meganium|Protect\n|move|p2a: Dragapult|Phantom Force||[still]\n|-prepare|p2a: Dragapult|Phantom Force\n|move|p1b: Manectric|Thunderbolt|p2b: Meganium\n|-activate|p2b: Meganium|move: Protect\n|move|p1a: Aggron|Rock Slide|p2b: Meganium|[spread] \n|-miss|p1a: Aggron|p2a: Dragapult\n|-activate|p2b: Meganium|move: Protect\n|\n|upkeep\n|turn|6\n|\n|t:|1776580109\n|move|p1b: Manectric|Protect|p1b: Manectric\n|-singleturn|p1b: Manectric|Protect\n|move|p2a: Dragapult|Phantom Force|p1b: Manectric|[from] lockedmove\n|-activate|p1b: Manectric|move: Phantom Force|[broken]\n|-crit|p1b: Manectric\n|-damage|p1b: Manectric|0 fnt\n|faint|p1b: Manectric\n|move|p2b: Meganium|Solar Beam||[still]\n|-prepare|p2b: Meganium|Solar Beam\n|-activate|p2b: Meganium|ability: Mega Sol\n|-anim|p2b: Meganium|Solar Beam|p1a: Aggron\n|-enditem|p1a: Aggron|Focus Sash\n|-damage|p1a: Aggron|1/100\n|move|p1a: Aggron|Rock Slide|p2a: Dragapult|[spread] p2a,p2b\n|-damage|p2a: Dragapult|0 fnt\n|-damage|p2b: Meganium|1/100\n|faint|p2a: Dragapult\n|\n|upkeep\n|\n|t:|1776580125\n|switch|p2a: Sneasler|Sneasler, L50, M|100/100\n|turn|7\n|-message|sdgfdggddgd forfeited.\n|\n|win|michaelgscott\n|raw|sdgfdggddgd's rating: 1094 &rarr; <strong>1076</strong><br />(-18 for losing)\n|raw|michaelgscott's rating: 1186 &rarr; <strong>1205</strong><br />(+19 for winning)\n|l|\u2606sdgfdggddgd\n|player|p1|\n",
  "uploadtime": 1776580131,
  "views": 16,
  "formatid": "gen9championsvgc2026regma",
  "rating": 1076,
  "private": 0,
  "password": null
}