{
  "id": "gen9championsvgc2026regma-2588603693",
  "format": "[Gen 9 Champions] VGC 2026 Reg M-A",
  "players": [
    "taterstotz",
    "Forbranna"
  ],
  "log": "|j|\u203dtaterstotz\n|j|\u2606Forbranna\n|t:|1776649242\n|gametype|doubles\n|player|p1|taterstotz|266|1554\n|player|p2|Forbranna|102|1556\n|gen|9\n|tier|[Gen 9 Champions] VGC 2026 Reg M-A\n|rated|\n|rule|Species Clause: Limit one of each Pok\u00e9mon\n|rule|Item Clause: Limit 1 of each item\n|clearpoke\n|poke|p1|Tyranitar, L50, M|\n|poke|p1|Excadrill, L50, M|\n|poke|p1|Rotom-Wash, L50|\n|poke|p1|Sinistcha, L50|\n|poke|p1|Gengar, L50, M|\n|poke|p1|Corviknight, L50, F|\n|poke|p2|Meganium, L50, F|\n|poke|p2|Tyranitar, L50, M, shiny|\n|poke|p2|Excadrill, L50, M, shiny|\n|poke|p2|Aegislash, L50, M|\n|poke|p2|Sinistcha, L50|\n|poke|p2|Talonflame, L50, M, shiny|\n|teampreview|4\n|inactive|Battle timer is ON: inactive players will automatically lose when time's up. (requested by Forbranna)\n|\n|t:|1776649268\n|teamsize|p1|4\n|teamsize|p2|4\n|start\n|switch|p1a: Rotom|Rotom-Wash, L50|100/100\n|switch|p1b: Excadrill|Excadrill, L50, M|100/100\n|switch|p2a: Charles V|Aegislash, L50, M|100/100\n|switch|p2b: Ivan IV|Tyranitar, L50, M, shiny|100/100\n|-weather|Sandstorm|[from] ability: Sand Stream|[of] p2b: Ivan IV\n|turn|1\n|\n|t:|1776649289\n|switch|p2b: Sappho|Meganium, L50, F|100/100\n|move|p1b: Excadrill|Earthquake|p2a: Charles V|[spread] p2a,p2b\n|-immune|p1a: Rotom|[from] ability: Levitate\n|-supereffective|p2a: Charles V|1\n|-resisted|p2b: Sappho|1\n|-damage|p2a: Charles V|28/100\n|-damage|p2b: Sappho|79/100\n|-enditem|p2a: Charles V|Sitrus Berry|[eat]\n|-heal|p2a: Charles V|53/100|[from] item: Sitrus Berry\n|move|p1a: Rotom|Will-O-Wisp|p2b: Sappho\n|-status|p2b: Sappho|brn\n|-formechange|p2a: Charles V|Aegislash-Blade|\n|move|p2a: Charles V|Shadow Ball|p1b: Excadrill\n|-damage|p1b: Excadrill|35/100\n|\n|-weather|Sandstorm|[upkeep]\n|-damage|p1a: Rotom|95/100|[from] Sandstorm\n|-damage|p2b: Sappho|73/100 brn|[from] Sandstorm\n|-damage|p2b: Sappho|67/100 brn|[from] brn\n|upkeep\n|turn|2\n|inactive|taterstotz has 30 seconds left.\n|\n|t:|1776649319\n|switch|p2a: Charlemagne|Sinistcha, L50|100/100\n|-heal|p2b: Sappho|92/100 brn|[from] ability: Hospitality|[of] p2a: Charlemagne\n|move|p1b: Excadrill|Protect|p1b: Excadrill\n|-singleturn|p1b: Excadrill|Protect\n|move|p2b: Sappho|Protect|p2b: Sappho\n|-singleturn|p2b: Sappho|Protect\n|move|p1a: Rotom|Thunderbolt|p2a: Charlemagne\n|-resisted|p2a: Charlemagne|1\n|-damage|p2a: Charlemagne|77/100\n|\n|-weather|Sandstorm|[upkeep]\n|-damage|p2b: Sappho|86/100 brn|[from] Sandstorm\n|-damage|p1a: Rotom|89/100|[from] Sandstorm\n|-damage|p2a: Charlemagne|71/100|[from] Sandstorm\n|-damage|p2b: Sappho|80/100 brn|[from] brn\n|upkeep\n|turn|3\n|j| V GPF V\n|j| D3ggster\n|l| D3ggster\n|\n|t:|1776649342\n|detailschange|p2b: Sappho|Meganium-Mega, L50, F\n|-mega|p2b: Sappho|Meganium|Meganiumite\n|move|p2a: Charlemagne|Rage Powder|p2a: Charlemagne\n|-singleturn|p2a: Charlemagne|move: Rage Powder\n|move|p1b: Excadrill|Iron Head|p2a: Charlemagne\n|-damage|p2a: Charlemagne|26/100\n|move|p2b: Sappho|Solar Beam||[still]\n|-prepare|p2b: Sappho|Solar Beam\n|-activate|p2b: Sappho|ability: Mega Sol\n|-anim|p2b: Sappho|Solar Beam|p1a: Rotom\n|-supereffective|p1a: Rotom|1\n|-damage|p1a: Rotom|0 fnt\n|faint|p1a: Rotom\n|\n|-weather|Sandstorm|[upkeep]\n|-damage|p2b: Sappho|74/100 brn|[from] Sandstorm\n|-damage|p2a: Charlemagne|20/100|[from] Sandstorm\n|-damage|p2b: Sappho|68/100 brn|[from] brn\n|upkeep\n|\n|t:|1776649352\n|switch|p1a: Tyranitar|Tyranitar, L50, M|100/100\n|turn|4\n|\n|t:|1776649369\n|detailschange|p1a: Tyranitar|Tyranitar-Mega, L50, M\n|-mega|p1a: Tyranitar|Tyranitar|Tyranitarite\n|move|p1b: Excadrill|Protect|p1b: Excadrill\n|-singleturn|p1b: Excadrill|Protect\n|move|p2a: Charlemagne|Rage Powder|p2a: Charlemagne\n|-singleturn|p2a: Charlemagne|move: Rage Powder\n|move|p2b: Sappho|Weather Ball|p1b: Excadrill\n|-activate|p1b: Excadrill|move: Protect\n|move|p1a: Tyranitar|Knock Off|p2a: Charlemagne\n|-supereffective|p2a: Charlemagne|1\n|-damage|p2a: Charlemagne|0 fnt\n|-enditem|p2a: Charlemagne|Occa Berry|[from] move: Knock Off|[of] p1a: Tyranitar\n|faint|p2a: Charlemagne\n|\n|-weather|Sandstorm|[upkeep]\n|-damage|p2b: Sappho|62/100 brn|[from] Sandstorm\n|-damage|p2b: Sappho|56/100 brn|[from] brn\n|upkeep\n|j| do something babe\n|\n|t:|1776649388\n|switch|p2a: Ivan IV|Tyranitar, L50, M, shiny|100/100\n|turn|5\n|\n|t:|1776649399\n|move|p2b: Sappho|Protect|p2b: Sappho\n|-singleturn|p2b: Sappho|Protect\n|move|p1b: Excadrill|High Horsepower|p2a: Ivan IV\n|-supereffective|p2a: Ivan IV|1\n|-damage|p2a: Ivan IV|0 fnt\n|faint|p2a: Ivan IV\n|move|p1a: Tyranitar|Knock Off|p2b: Sappho\n|-activate|p2b: Sappho|move: Protect\n|\n|-weather|none\n|-damage|p2b: Sappho|50/100 brn|[from] brn\n|upkeep\n|\n|t:|1776649411\n|switch|p2a: Charles V|Aegislash, L50, M|53/100\n|turn|6\n|j| Samuelvo\n|\n|t:|1776649421\n|move|p1b: Excadrill|Iron Head|p2b: Sappho\n|-supereffective|p2b: Sappho|1\n|-damage|p2b: Sappho|0 fnt\n|faint|p2b: Sappho\n|move|p1a: Tyranitar|Knock Off|p2a: Charles V\n|-supereffective|p2a: Charles V|1\n|-damage|p2a: Charles V|0 fnt\n|faint|p2a: Charles V\n|\n|win|taterstotz\n|raw|taterstotz's rating: 1554 &rarr; <strong>1574</strong><br />(+20 for winning)\n|raw|Forbranna's rating: 1556 &rarr; <strong>1536</strong><br />(-20 for losing)\n",
  "uploadtime": 1776649428,
  "views": 10,
  "formatid": "gen9championsvgc2026regma",
  "rating": 1536,
  "private": 0,
  "password": null
}