{
  "id": "gen9championsvgc2026regma-2586887285",
  "format": "[Gen 9 Champions] VGC 2026 Reg M-A",
  "players": [
    "Laithani",
    "Jberry"
  ],
  "log": "|j|\u2606Laithani\n|j|\u2606Jberry\n|t:|1776468673\n|gametype|doubles\n|player|p1|Laithani|1|1226\n|player|p2|Jberry|roughneck|1158\n|gen|9\n|tier|[Gen 9 Champions] VGC 2026 Reg M-A\n|rated|\n|rule|Species Clause: Limit one of each Pok\u00e9mon\n|rule|Item Clause: Limit 1 of each item\n|clearpoke\n|poke|p1|Sableye, L50, M|\n|poke|p1|Aggron, L50, F|\n|poke|p1|Sinistcha-Masterpiece, L50|\n|poke|p1|Garchomp, L50, M|\n|poke|p1|Milotic, L50, F|\n|poke|p1|Pelipper, L50, F|\n|poke|p2|Sinistcha, L50|\n|poke|p2|Decidueye-Hisui, L50, F|\n|poke|p2|Golurk, L50|\n|poke|p2|Oranguru, L50, F|\n|poke|p2|Farigiraf, L50, M|\n|poke|p2|Hatterene, L50, F|\n|teampreview|4\n|inactive|Battle timer is ON: inactive players will automatically lose when time's up. (requested by Jberry)\n|inactive|Laithani has 60 seconds left.\n|inactive|Jberry has 60 seconds left.\n|\n|t:|1776468715\n|teamsize|p1|4\n|teamsize|p2|4\n|start\n|switch|p1a: Aggron|Aggron, L50, F|100/100\n|switch|p1b: Pelipper|Pelipper, L50, F|100/100\n|switch|p2a: Hatterene|Hatterene, L50, F|100/100\n|switch|p2b: Oranguru|Oranguru, L50, F|100/100\n|-weather|RainDance|[from] ability: Drizzle|[of] p1b: Pelipper\n|turn|1\n|\n|t:|1776468730\n|detailschange|p1a: Aggron|Aggron-Mega, L50, F\n|-mega|p1a: Aggron|Aggron|Aggronite\n|move|p1b: Pelipper|Weather Ball|p2b: Oranguru\n|-damage|p2b: Oranguru|58/100\n|move|p2b: Oranguru|Psychic|p1b: Pelipper\n|-damage|p1b: Pelipper|55/100\n|move|p1a: Aggron|Iron Defense|p1a: Aggron\n|-boost|p1a: Aggron|def|2\n|move|p2a: Hatterene|Dazzling Gleam|p1a: Aggron|[spread] p1a,p1b\n|-resisted|p1a: Aggron|1\n|-damage|p1a: Aggron|82/100\n|-damage|p1b: Pelipper|0 fnt\n|faint|p1b: Pelipper\n|\n|-weather|RainDance|[upkeep]\n|upkeep\n|\n|t:|1776468745\n|switch|p1b: Sableye|Sableye, L50, M|100/100\n|turn|2\n|\n|t:|1776468754\n|move|p1b: Sableye|Fake Out|p2a: Hatterene\n|-damage|p2a: Hatterene|92/100\n|move|p1a: Aggron|Iron Defense|p1a: Aggron\n|-boost|p1a: Aggron|def|2\n|cant|p2a: Hatterene|flinch\n|move|p2b: Oranguru|Trick Room|p2b: Oranguru\n|-fieldstart|move: Trick Room|[of] p2b: Oranguru\n|\n|-weather|RainDance|[upkeep]\n|upkeep\n|turn|3\n|\n|t:|1776468775\n|move|p1b: Sableye|Quash|p2a: Hatterene\n|-activate|p2a: Hatterene|move: Quash\n|move|p1a: Aggron|Heavy Slam|p2a: Hatterene\n|-supereffective|p2a: Hatterene|1\n|-damage|p2a: Hatterene|0 fnt\n|faint|p2a: Hatterene\n|move|p2b: Oranguru|Psychic|p1a: Aggron\n|-resisted|p1a: Aggron|1\n|-damage|p1a: Aggron|71/100\n|-unboost|p1a: Aggron|spd|1\n|\n|-weather|RainDance|[upkeep]\n|upkeep\n|\n|t:|1776468787\n|switch|p2a: Decidueye|Decidueye-Hisui, L50, F|100/100\n|turn|4\n|\n|t:|1776468794\n|move|p1b: Sableye|Light Screen|p1b: Sableye\n|-sidestart|p1: Laithani|move: Light Screen\n|move|p1a: Aggron|Body Press|p2a: Decidueye\n|-damage|p2a: Decidueye|0 fnt\n|faint|p2a: Decidueye\n|move|p2b: Oranguru|Instruct|p2: Decidueye|[notarget]\n|-fail|p2b: Oranguru\n|\n|-weather|RainDance|[upkeep]\n|upkeep\n|\n|t:|1776468799\n|switch|p2a: Golurk|Golurk, L50, shiny|100/100\n|turn|5\n|\n|t:|1776468822\n|detailschange|p2a: Golurk|Golurk-Mega, L50, shiny\n|-mega|p2a: Golurk|Golurk|Golurkite\n|move|p1b: Sableye|Quash|p2a: Golurk\n|-activate|p2a: Golurk|move: Quash\n|move|p1a: Aggron|Body Press|p2b: Oranguru\n|-damage|p2b: Oranguru|0 fnt\n|faint|p2b: Oranguru\n|move|p2a: Golurk|Poltergeist|p1a: Aggron\n|-activate|p1a: Aggron|move: Poltergeist|Aggronite\n|-damage|p1a: Aggron|59/100\n|\n|-weather|none\n|upkeep\n|turn|6\n|\n|t:|1776468836\n|move|p1b: Sableye|Quash|p2a: Golurk\n|-activate|p2a: Golurk|move: Quash\n|move|p1a: Aggron|Heavy Slam|p2a: Golurk\n|-damage|p2a: Golurk|83/100\n|move|p2a: Golurk|Headlong Rush|p1a: Aggron\n|-supereffective|p1a: Aggron|1\n|-damage|p1a: Aggron|40/100\n|-unboost|p2a: Golurk|def|1\n|-unboost|p2a: Golurk|spd|1\n|\n|-fieldend|move: Trick Room\n|upkeep\n|turn|7\n|\n|t:|1776468853\n|switch|p1b: Sinistcha|Sinistcha-Masterpiece, L50|100/100\n|-heal|p1a: Aggron|65/100|[from] ability: Hospitality|[of] p1b: Sinistcha\n|move|p1a: Aggron|Iron Defense|p1a: Aggron\n|-boost|p1a: Aggron|def|2\n|move|p2a: Golurk|Headlong Rush|p1a: Aggron\n|-supereffective|p1a: Aggron|1\n|-damage|p1a: Aggron|49/100\n|-unboost|p2a: Golurk|def|1\n|-unboost|p2a: Golurk|spd|1\n|\n|upkeep\n|turn|8\n|\n|t:|1776468862\n|move|p1b: Sinistcha|Matcha Gotcha|p2a: Golurk\n|-supereffective|p2a: Golurk|1\n|-damage|p2a: Golurk|0 fnt\n|faint|p2a: Golurk\n|\n|win|Laithani\n|raw|Laithani's rating: 1226 &rarr; <strong>1246</strong><br />(+20 for winning)\n|raw|Jberry's rating: 1158 &rarr; <strong>1138</strong><br />(-20 for losing)\n|l|\u2606Jberry\n|player|p2|\n",
  "uploadtime": 1776468874,
  "views": 42,
  "formatid": "gen9championsvgc2026regma",
  "rating": 1138,
  "private": 0,
  "password": null
}