{
  "id": "gen9championsvgc2026regma-2581312500",
  "format": "[Gen 9 Champions] VGC 2026 Reg M-A",
  "players": [
    "bpmw0711",
    "tryson69"
  ],
  "log": "|j|\u2606bpmw0711\n|j|\u2606tryson69\n|t:|1775985125\n|gametype|doubles\n|player|p1|bpmw0711|lana|1000\n|player|p2|tryson69|crasherwake|1089\n|gen|9\n|tier|[Gen 9 Champions] VGC 2026 Reg M-A\n|rated|\n|rule|Species Clause: Limit one of each Pok\u00e9mon\n|rule|Item Clause: Limit 1 of each item\n|clearpoke\n|poke|p1|Clefable, L50, M|\n|poke|p1|Kommo-o, L50, F|\n|poke|p1|Snorlax, L50, F|\n|poke|p1|Sinistcha-Masterpiece, L50|\n|poke|p1|Incineroar, L50, M|\n|poke|p1|Sneasler, L50, F|\n|poke|p2|Froslass, L50, F|\n|poke|p2|Kingambit, L50, M|\n|poke|p2|Rotom-Wash, L50|\n|poke|p2|Incineroar, L50, F|\n|poke|p2|Garchomp, L50, F|\n|poke|p2|Farigiraf, L50, M|\n|teampreview|4\n|\n|t:|1775985147\n|teamsize|p1|4\n|teamsize|p2|4\n|start\n|switch|p1a: Clefable|Clefable, L50, M|100/100\n|switch|p1b: Snorlax|Snorlax, L50, F|100/100\n|switch|p2a: Froslass|Froslass, L50, F|100/100\n|switch|p2b: Kingambit|Kingambit, L50, M|100/100\n|turn|1\n|\n|t:|1775985161\n|detailschange|p2a: Froslass|Froslass-Mega, L50, F\n|-mega|p2a: Froslass|Froslass|Froslassite\n|-weather|Snowscape|[from] ability: Snow Warning|[of] p2a: Froslass\n|move|p2a: Froslass|Blizzard|p1a: Clefable|[spread] p1a,p1b\n|-damage|p1a: Clefable|60/100\n|-damage|p1b: Snorlax|72/100\n|move|p1a: Clefable|Encore|p2a: Froslass\n|-start|p2a: Froslass|Encore\n|move|p2b: Kingambit|Iron Head|p1a: Clefable\n|-supereffective|p1a: Clefable|1\n|-damage|p1a: Clefable|0 fnt\n|faint|p1a: Clefable\n|move|p1b: Snorlax|Belly Drum|p1b: Snorlax\n|-damage|p1b: Snorlax|22/100\n|-setboost|p1b: Snorlax|atk|6|[from] move: Belly Drum\n|-enditem|p1b: Snorlax|Sitrus Berry|[eat]\n|-heal|p1b: Snorlax|47/100|[from] item: Sitrus Berry\n|\n|-weather|Snowscape|[upkeep]\n|upkeep\n|\n|t:|1775985177\n|switch|p1a: Sinistcha|Sinistcha-Masterpiece, L50|100/100\n|-heal|p1b: Snorlax|72/100|[from] ability: Hospitality|[of] p1a: Sinistcha\n|turn|2\n|\n|t:|1775985206\n|move|p2a: Froslass|Blizzard|p1a: Sinistcha|[spread] p1a,p1b\n|-supereffective|p1a: Sinistcha|1\n|-damage|p1a: Sinistcha|6/100\n|-damage|p1b: Snorlax|45/100\n|move|p1a: Sinistcha|Life Dew|p1a: Sinistcha|[spread] p1a,p1b\n|-heal|p1a: Sinistcha|31/100\n|-heal|p1b: Snorlax|70/100\n|move|p2b: Kingambit|Kowtow Cleave|p1b: Snorlax\n|-damage|p1b: Snorlax|23/100\n|move|p1b: Snorlax|High Horsepower|p2b: Kingambit\n|-supereffective|p2b: Kingambit|1\n|-damage|p2b: Kingambit|0 fnt\n|faint|p2b: Kingambit\n|\n|-weather|Snowscape|[upkeep]\n|upkeep\n|\n|t:|1775985215\n|switch|p2b: Farigiraf|Farigiraf, L50, M|100/100\n|turn|3\n|inactive|Battle timer is ON: inactive players will automatically lose when time's up. (requested by tryson69)\n|\n|t:|1775985237\n|switch|p1a: Incineroar|Incineroar, L50, M|100/100\n|-ability|p1a: Incineroar|Intimidate|boost\n|-unboost|p2a: Froslass|atk|1\n|-unboost|p2b: Farigiraf|atk|1\n|move|p2b: Farigiraf|Helping Hand|p2a: Froslass\n|-singleturn|p2a: Froslass|Helping Hand|[of] p2b: Farigiraf\n|move|p1b: Snorlax|Protect|p1b: Snorlax\n|-singleturn|p1b: Snorlax|Protect\n|move|p2a: Froslass|Blizzard|p1a: Incineroar|[spread] p1a\n|-activate|p1b: Snorlax|move: Protect\n|-resisted|p1a: Incineroar|1\n|-damage|p1a: Incineroar|70/100\n|\n|-weather|Snowscape|[upkeep]\n|upkeep\n|turn|4\n|\n|t:|1775985253\n|switch|p1a: Sinistcha|Sinistcha-Masterpiece, L50|31/100\n|-heal|p1b: Snorlax|48/100|[from] ability: Hospitality|[of] p1a: Sinistcha\n|move|p2b: Farigiraf|Helping Hand|p2a: Froslass\n|-singleturn|p2a: Froslass|Helping Hand|[of] p2b: Farigiraf\n|move|p2a: Froslass|Blizzard|p1b: Snorlax|[spread] p1a,p1b\n|-supereffective|p1a: Sinistcha|1\n|-damage|p1a: Sinistcha|0 fnt\n|-damage|p1b: Snorlax|2/100\n|-status|p1b: Snorlax|frz\n|faint|p1a: Sinistcha\n|-curestatus|p1b: Snorlax|frz|[msg]\n|move|p1b: Snorlax|High Horsepower|p2a: Froslass\n|-damage|p2a: Froslass|0 fnt\n|faint|p2a: Froslass\n|\n|-weather|Snowscape|[upkeep]\n|upkeep\n|\n|t:|1775985267\n|switch|p2a: Mr Cat|Incineroar, L50, F|100/100\n|switch|p1a: Incineroar|Incineroar, L50, M|70/100\n|-ability|p2a: Mr Cat|Intimidate|boost\n|-unboost|p1a: Incineroar|atk|1\n|-unboost|p1b: Snorlax|atk|1\n|-ability|p1a: Incineroar|Intimidate|boost\n|-unboost|p2a: Mr Cat|atk|1\n|-unboost|p2b: Farigiraf|atk|1\n|-enditem|p2a: Mr Cat|White Herb\n|-clearnegativeboost|p2a: Mr Cat|[silent]\n|turn|5\n|\n|t:|1775985279\n|move|p1b: Snorlax|Protect|p1b: Snorlax\n|-singleturn|p1b: Snorlax|Protect\n|move|p1a: Incineroar|Throat Chop|p2b: Farigiraf\n|-supereffective|p2b: Farigiraf|1\n|-damage|p2b: Farigiraf|63/100\n|-start|p2b: Farigiraf|Throat Chop|[silent]\n|move|p2b: Farigiraf|Psychic|p1b: Snorlax\n|-activate|p1b: Snorlax|move: Protect\n|move|p2a: Mr Cat|Close Combat|p1a: Incineroar\n|-supereffective|p1a: Incineroar|1\n|-enditem|p1a: Incineroar|Chople Berry|[eat]\n|-enditem|p1a: Incineroar|Chople Berry|[weaken]\n|-damage|p1a: Incineroar|40/100\n|-unboost|p2a: Mr Cat|def|1\n|-unboost|p2a: Mr Cat|spd|1\n|\n|-weather|none\n|upkeep\n|turn|6\n|\n|t:|1775985303\n|move|p2a: Mr Cat|Close Combat|p1a: Incineroar\n|-supereffective|p1a: Incineroar|1\n|-damage|p1a: Incineroar|0 fnt\n|-unboost|p2a: Mr Cat|def|1\n|-unboost|p2a: Mr Cat|spd|1\n|faint|p1a: Incineroar\n|move|p2b: Farigiraf|Psychic|p1b: Snorlax\n|-damage|p1b: Snorlax|0 fnt\n|faint|p1b: Snorlax\n|\n|win|tryson69\n|raw|bpmw0711's rating: 1000 &rarr; <strong>1000</strong><br />(+0 for losing)\n|raw|tryson69's rating: 1089 &rarr; <strong>1109</strong><br />(+20 for winning)\n",
  "uploadtime": 1775985306,
  "views": 17,
  "formatid": "gen9championsvgc2026regma",
  "rating": 1000,
  "private": 0,
  "password": null
}