{
  "id": "gen9championsvgc2026regma-2582686120",
  "format": "[Gen 9 Champions] VGC 2026 Reg M-A",
  "players": [
    "MilkTeaWayGalaxy",
    "4sonic5"
  ],
  "log": "|j|\u2606MilkTeaWayGalaxy\n|j|\u26064sonic5\n|html|<table width=\"100%\"><tr><td align=\"left\">MilkTeaWayGalaxy</td><td align=\"right\">4sonic5</tr><tr><td align=\"left\"><i class=\"fa fa-circle-o\"></i> <i class=\"fa fa-circle-o\"></i> </td><td align=\"right\"><i class=\"fa fa-circle-o\"></i> <i class=\"fa fa-circle-o\"></i> </tr></table>\n|uhtml|bestof|<h2><strong>Game 1</strong> of <a href=\"/game-bestof3-gen9championsvgc2026regma-2582686119\">a best-of-3</a></h2>\n|t:|1776107237\n|gametype|doubles\n|player|p1|MilkTeaWayGalaxy|rosa-pokestar3|\n|player|p2|4sonic5|steven|\n|gen|9\n|tier|[Gen 9 Champions] VGC 2026 Reg M-A\n|rated|Tournament battle\n|rule|Species Clause: Limit one of each Pok\u00e9mon\n|rule|Item Clause: Limit 1 of each item\n|raw|<div class=\"infobox\"><details class=\"readmore\" open><summary><strong>2 custom rules:</strong></summary> Force Open Team Sheets, Best of = 3</details></div>\n|clearpoke\n|poke|p1|Froslass, L50, F|\n|poke|p1|Sinistcha, L50|\n|poke|p1|Kingambit, L50, M|\n|poke|p1|Sneasler, L50, F|\n|poke|p1|Incineroar, L50, F|\n|poke|p1|Basculegion, L50, M|\n|poke|p2|Glimmora, L50, M|\n|poke|p2|Aegislash, L50, M|\n|poke|p2|Incineroar, L50, M|\n|poke|p2|Ninetales-Alola, L50, M|\n|poke|p2|Sneasler, L50, M|\n|poke|p2|Hydreigon, L50, F|\n|teampreview|4\n|showteam|p1|Froslass||Froslassite|CursedBody|Protect,Blizzard,AuroraVeil,ShadowBall|||F|||50|]Sinistcha||SitrusBerry|Hospitality|MatchaGotcha,RagePowder,LifeDew,Protect||||||50|]Kingambit||BlackGlasses|Defiant|SuckerPunch,KowtowCleave,IronHead,Protect|||M|||50|]Sneasler||WhiteHerb|Unburden|Coaching,Protect,DireClaw,CloseCombat|||F|||50|]Incineroar||Leftovers|Intimidate|DarkestLariat,FlareBlitz,FakeOut,PartingShot|||F|||50|]Basculegion||MysticWater|Adaptability|WaveCrash,Protect,AquaJet,LastRespects|||M|||50|\n|showteam|p2|Glimmora||Glimmoranite|ToxicDebris|Protect,SludgeWave,EarthPower,PowerGem|||M|||50|]Aegislash||SpellTag|StanceChange|KingsShield,Poltergeist,IronHead,ShadowSneak|||M|||50|]Incineroar||SitrusBerry|Intimidate|DarkestLariat,FakeOut,PartingShot,FlareBlitz|||M|||50|]Ninetales-Alola||Leftovers|SnowWarning|AuroraVeil,Protect,Blizzard,Encore|||M|||50|]Sneasler||WhiteHerb|Unburden|CloseCombat,DireClaw,FakeOut,Protect|||M|||50|]Hydreigon||HabanBerry|Levitate|DracoMeteor,DarkPulse,Protect,Tailwind|||F|||50|\n|c|\u26064sonic5|glhf\n|c|\u2606MilkTeaWayGalaxy|glhf\n|inactive|Battle timer is ON: inactive players will automatically lose when time's up. (requested by 4sonic5)\n|\n|t:|1776107307\n|teamsize|p1|4\n|teamsize|p2|4\n|start\n|switch|p1a: Froslass|Froslass, L50, F|100/100\n|switch|p1b: Kingambit|Kingambit, L50, M|100/100\n|switch|p2a: Ninetales|Ninetales-Alola, L50, M|100/100\n|switch|p2b: Hydreigon|Hydreigon, L50, F|100/100\n|-weather|Snowscape|[from] ability: Snow Warning|[of] p2a: Ninetales\n|turn|1\n|\n|t:|1776107319\n|detailschange|p1a: Froslass|Froslass-Mega, L50, F\n|-mega|p1a: Froslass|Froslass|Froslassite\n|move|p1a: Froslass|Aurora Veil|p1a: Froslass\n|-sidestart|p1: MilkTeaWayGalaxy|move: Aurora Veil\n|move|p2b: Hydreigon|Tailwind|p2b: Hydreigon\n|-sidestart|p2: 4sonic5|move: Tailwind\n|move|p2a: Ninetales|Aurora Veil|p2a: Ninetales\n|-sidestart|p2: 4sonic5|move: Aurora Veil\n|move|p1b: Kingambit|Iron Head|p2a: Ninetales\n|-supereffective|p2a: Ninetales|2\n|-damage|p2a: Ninetales|0 fnt\n|faint|p2a: Ninetales\n|\n|-weather|Snowscape|[upkeep]\n|upkeep\n|\n|t:|1776107327\n|switch|p2a: Aegislash|Aegislash, L50, M|100/100\n|turn|2\n|\n|t:|1776107348\n|switch|p1a: Incineroar|Incineroar, L50, F|100/100\n|-ability|p1a: Incineroar|Intimidate|boost\n|-unboost|p2a: Aegislash|atk|1\n|-unboost|p2b: Hydreigon|atk|1\n|move|p2b: Hydreigon|Dark Pulse|p1a: Incineroar\n|-resisted|p1a: Incineroar|1\n|-damage|p1a: Incineroar|90/100\n|-formechange|p2a: Aegislash|Aegislash-Blade|\n|move|p2a: Aegislash|Poltergeist|p1a: Incineroar\n|-activate|p1a: Incineroar|move: Poltergeist|Leftovers\n|-resisted|p1a: Incineroar|1\n|-damage|p1a: Incineroar|75/100\n|move|p1b: Kingambit|Kowtow Cleave|p2a: Aegislash\n|-supereffective|p2a: Aegislash|1\n|-damage|p2a: Aegislash|0 fnt\n|faint|p2a: Aegislash\n|\n|-weather|Snowscape|[upkeep]\n|-heal|p1a: Incineroar|80/100|[from] item: Leftovers\n|upkeep\n|\n|t:|1776107350\n|switch|p2a: Glimmora|Glimmora, L50, M|100/100\n|turn|3\n|c|\u26064sonic5|damn\n|\n|t:|1776107363\n|move|p2b: Hydreigon|Protect|p2b: Hydreigon\n|-singleturn|p2b: Hydreigon|Protect\n|move|p2a: Glimmora|Protect|p2a: Glimmora\n|-singleturn|p2a: Glimmora|Protect\n|move|p1a: Incineroar|Fake Out|p2b: Hydreigon\n|-activate|p2b: Hydreigon|move: Protect\n|move|p1b: Kingambit|Iron Head|p2a: Glimmora\n|-activate|p2a: Glimmora|move: Protect\n|\n|-weather|Snowscape|[upkeep]\n|-heal|p1a: Incineroar|86/100|[from] item: Leftovers\n|upkeep\n|turn|4\n|inactive|4sonic5 has 30 seconds left.\n|\n|t:|1776107390\n|detailschange|p2a: Glimmora|Glimmora-Mega, L50, M\n|-mega|p2a: Glimmora|Glimmora|Glimmoranite\n|move|p2a: Glimmora|Earth Power|p1b: Kingambit\n|-supereffective|p1b: Kingambit|1\n|-damage|p1b: Kingambit|58/100\n|move|p2b: Hydreigon|Dark Pulse|p1b: Kingambit\n|-resisted|p1b: Kingambit|1\n|-damage|p1b: Kingambit|47/100\n|move|p1a: Incineroar|Parting Shot|p2b: Hydreigon\n|-unboost|p2b: Hydreigon|atk|1\n|-unboost|p2b: Hydreigon|spa|1\n|\n|t:|1776107400\n|switch|p1a: Froslass|Froslass-Mega, L50, F|100/100|[from] Parting Shot\n|move|p1b: Kingambit|Iron Head|p2a: Glimmora\n|-supereffective|p2a: Glimmora|1\n|-damage|p2a: Glimmora|40/100\n|\n|-weather|Snowscape|[upkeep]\n|-sideend|p2: 4sonic5|move: Tailwind\n|upkeep\n|turn|5\n|\n|t:|1776107421\n|move|p1a: Froslass|Blizzard|p2a: Glimmora|[spread] p2a,p2b\n|-supereffective|p2b: Hydreigon|1\n|-damage|p2a: Glimmora|11/100\n|-damage|p2b: Hydreigon|38/100\n|move|p2a: Glimmora|Earth Power|p1b: Kingambit\n|-supereffective|p1b: Kingambit|1\n|-damage|p1b: Kingambit|4/100\n|move|p2b: Hydreigon|Dark Pulse|p1a: Froslass\n|-supereffective|p1a: Froslass|1\n|-damage|p1a: Froslass|62/100\n|move|p1b: Kingambit|Iron Head|p2a: Glimmora\n|-supereffective|p2a: Glimmora|1\n|-damage|p2a: Glimmora|0 fnt\n|faint|p2a: Glimmora\n|\n|-weather|none\n|-sideend|p2: 4sonic5|move: Aurora Veil\n|-sideend|p1: MilkTeaWayGalaxy|move: Aurora Veil\n|upkeep\n|turn|6\n|-message|4sonic5 forfeited.\n|\n|win|MilkTeaWayGalaxy\n|l|\u26064sonic5\n|player|p2|\n||MilkTeaWayGalaxy is ready for game 2.\n||4sonic5 is ready for game 2.\n|uhtml|next|Next: <a href=\"/battle-gen9championsvgc2026regma-2582689147\"><strong>Game 2 of 3</strong></a>\n",
  "uploadtime": 1776107608,
  "views": 13,
  "formatid": "gen9championsvgc2026regma",
  "rating": null,
  "private": 0,
  "password": null
}