{
  "id": "gen9championsvgc2026regma-2583770253",
  "format": "[Gen 9 Champions] VGC 2026 Reg M-A",
  "players": [
    "xBabis_",
    "sparkman123"
  ],
  "log": "|j|\u2606xBabis_\n|j|\u2606sparkman123\n|t:|1776196526\n|gametype|doubles\n|player|p1|xBabis_|169|1083\n|player|p2|sparkman123|265|1061\n|gen|9\n|tier|[Gen 9 Champions] VGC 2026 Reg M-A\n|rated|\n|rule|Species Clause: Limit one of each Pok\u00e9mon\n|rule|Item Clause: Limit 1 of each item\n|clearpoke\n|poke|p1|Feraligatr, L50, M|\n|poke|p1|Empoleon, L50, F|\n|poke|p1|Scizor, L50, M|\n|poke|p1|Garchomp, L50, M|\n|poke|p1|Talonflame, L50, M|\n|poke|p1|Clefable, L50, F|\n|poke|p2|Blastoise, L50, M|\n|poke|p2|Pelipper, L50, F|\n|poke|p2|Sinistcha, L50|\n|poke|p2|Sneasler, L50, M|\n|poke|p2|Garchomp, L50, F|\n|poke|p2|Kingambit, L50, M|\n|teampreview|4\n|inactive|Battle timer is ON: inactive players will automatically lose when time's up. (requested by sparkman123)\nsparkman123 rejected open team sheets.\n|inactive|xBabis_ has 60 seconds left.\n|\n|t:|1776196566\n|teamsize|p1|4\n|teamsize|p2|4\n|start\n|switch|p1a: Talonflame|Talonflame, L50, M|100/100\n|switch|p1b: Feraligatr|Feraligatr, L50, M|100/100\n|switch|p2a: Pelipper|Pelipper, L50, F|100/100\n|switch|p2b: Blastoise|Blastoise, L50, M|100/100\n|-weather|RainDance|[from] ability: Drizzle|[of] p2a: Pelipper\n|turn|1\n|inactive|xBabis_ has 30 seconds left.\n|inactive|sparkman123 has 30 seconds left.\n|\n|t:|1776196601\n|detailschange|p1b: Feraligatr|Feraligatr-Mega, L50, M\n|-mega|p1b: Feraligatr|Feraligatr|Feraligite\n|detailschange|p2b: Blastoise|Blastoise-Mega, L50, M\n|-mega|p2b: Blastoise|Blastoise|Blastoisinite\n|move|p1a: Talonflame|Tailwind|p1a: Talonflame\n|-sidestart|p1: xBabis_|move: Tailwind\n|move|p1b: Feraligatr|Double-Edge|p2a: Pelipper\n|-damage|p2a: Pelipper|0 fnt\n|faint|p2a: Pelipper\n|-damage|p1b: Feraligatr|72/100|[from] Recoil\n|move|p2b: Blastoise|Water Spout|p1b: Feraligatr|[spread] p1a,p1b\n|-supereffective|p1a: Talonflame|1\n|-resisted|p1b: Feraligatr|2\n|-enditem|p1a: Talonflame|Focus Sash\n|-damage|p1a: Talonflame|1/100\n|-damage|p1b: Feraligatr|46/100\n|\n|-weather|RainDance|[upkeep]\n|upkeep\n|\n|t:|1776196622\n|switch|p2a: Sinistcha|Sinistcha, L50|100/100\n|turn|2\n|inactive|xBabis_ has 30 seconds left.\n|\n|t:|1776196649\n|move|p1a: Talonflame|Protect|p1a: Talonflame\n|-singleturn|p1a: Talonflame|Protect\n|move|p2a: Sinistcha|Rage Powder|p2a: Sinistcha\n|-singleturn|p2a: Sinistcha|move: Rage Powder\n|move|p1b: Feraligatr|Double-Edge|p2a: Sinistcha\n|-damage|p2a: Sinistcha|40/100\n|-damage|p1b: Feraligatr|25/100|[from] Recoil\n|move|p2b: Blastoise|Water Spout|p1a: Talonflame|[spread] p1b\n|-activate|p1a: Talonflame|move: Protect\n|-resisted|p1b: Feraligatr|2\n|-damage|p1b: Feraligatr|0 fnt\n|faint|p1b: Feraligatr\n|\n|-weather|RainDance|[upkeep]\n|upkeep\n|\n|t:|1776196672\n|switch|p1b: Empoleon|Empoleon, L50, F|100/100\n|turn|3\n|inactive|xBabis_ has 30 seconds left.\n|inactive|xBabis_ has 20 seconds left.\n|inactive|xBabis_ has 15 seconds left.\n|\n|t:|1776196713\n|move|p2a: Sinistcha|Rage Powder|p2a: Sinistcha\n|-singleturn|p2a: Sinistcha|move: Rage Powder\n|move|p1a: Talonflame|Brave Bird|p2a: Sinistcha\n|-supereffective|p2a: Sinistcha|1\n|-damage|p2a: Sinistcha|0 fnt\n|faint|p2a: Sinistcha\n|-damage|p1a: Talonflame|0 fnt|[from] Recoil\n|faint|p1a: Talonflame\n|move|p1b: Empoleon|Icy Wind|p2b: Blastoise\n|-resisted|p2b: Blastoise|1\n|-damage|p2b: Blastoise|94/100\n|-unboost|p2b: Blastoise|spe|1\n|move|p2b: Blastoise|Water Spout|p1b: Empoleon\n|-resisted|p1b: Empoleon|1\n|-damage|p1b: Empoleon|47/100\n|\n|-weather|RainDance|[upkeep]\n|-heal|p1b: Empoleon|53/100|[from] item: Leftovers\n|upkeep\n|\n|t:|1776196729\n|switch|p1a: Garchomp|Garchomp, L50, M|100/100\n|switch|p2a: Garchomp|Garchomp, L50, F|100/100\n|turn|4\n|inactive|xBabis_ has 30 seconds left.\n|\n|t:|1776196759\n|move|p1a: Garchomp|Protect|p1a: Garchomp\n|-singleturn|p1a: Garchomp|Protect\n|move|p2a: Garchomp|Protect|p2a: Garchomp\n|-singleturn|p2a: Garchomp|Protect\n|move|p2b: Blastoise|Protect|p2b: Blastoise\n|-singleturn|p2b: Blastoise|Protect\n|move|p1b: Empoleon|Icy Wind|p2a: Garchomp|[spread] \n|-activate|p2a: Garchomp|move: Protect\n|-activate|p2b: Blastoise|move: Protect\n|\n|-weather|RainDance|[upkeep]\n|-heal|p1b: Empoleon|59/100|[from] item: Leftovers\n|-sideend|p1: xBabis_|move: Tailwind\n|upkeep\n|turn|5\n|inactive|xBabis_ has 30 seconds left.\n|inactive|sparkman123 has 30 seconds left.\n|inactive|xBabis_ has 20 seconds left.\n|inactive|xBabis_ has 15 seconds left.\n|\n|t:|1776196802\n|move|p2a: Garchomp|Dragon Claw|p1a: Garchomp\n|-supereffective|p1a: Garchomp|1\n|-damage|p1a: Garchomp|28/100\n|-damage|p2a: Garchomp|88/100|[from] ability: Rough Skin|[of] p1a: Garchomp\n|move|p1a: Garchomp|Dragon Claw|p2a: Garchomp\n|-supereffective|p2a: Garchomp|1\n|-damage|p2a: Garchomp|9/100\n|-damage|p1a: Garchomp|16/100|[from] ability: Rough Skin|[of] p2a: Garchomp\n|move|p1b: Empoleon|Icy Wind|p2a: Garchomp|[spread] p2a\n|-miss|p1b: Empoleon|p2b: Blastoise\n|-supereffective|p2a: Garchomp|2\n|-damage|p2a: Garchomp|0 fnt\n|faint|p2a: Garchomp\n|move|p2b: Blastoise|Water Pulse|p1a: Garchomp\n|-damage|p1a: Garchomp|0 fnt\n|faint|p1a: Garchomp\n|\n|-weather|none\n|-heal|p1b: Empoleon|64/100|[from] item: Leftovers\n|upkeep\n|turn|6\n|inactive|xBabis_ has 30 seconds left.\n|inactive|sparkman123 has 30 seconds left.\n|\n|t:|1776196830\n|move|p1b: Empoleon|Protect|p1b: Empoleon\n|-singleturn|p1b: Empoleon|Protect\n|move|p2b: Blastoise|Water Pulse|p1b: Empoleon\n|-activate|p1b: Empoleon|move: Protect\n|\n|-heal|p1b: Empoleon|70/100|[from] item: Leftovers\n|upkeep\n|turn|7\n|\n|t:|1776196853\n|move|p1b: Empoleon|Flash Cannon|p2b: Blastoise\n|-resisted|p2b: Blastoise|1\n|-damage|p2b: Blastoise|80/100\n|move|p2b: Blastoise|Water Pulse|p1b: Empoleon\n|-resisted|p1b: Empoleon|1\n|-damage|p1b: Empoleon|50/100\n|\n|-heal|p1b: Empoleon|55/100|[from] item: Leftovers\n|upkeep\n|turn|8\n|\n|t:|1776196861\n|move|p1b: Empoleon|Protect|p1b: Empoleon\n|-singleturn|p1b: Empoleon|Protect\n|move|p2b: Blastoise|Water Pulse|p1b: Empoleon\n|-activate|p1b: Empoleon|move: Protect\n|\n|-heal|p1b: Empoleon|61/100|[from] item: Leftovers\n|upkeep\n|turn|9\n|\n|t:|1776196873\n|move|p1b: Empoleon|Flash Cannon|p2b: Blastoise\n|-resisted|p2b: Blastoise|1\n|-damage|p2b: Blastoise|66/100\n|move|p2b: Blastoise|Water Pulse|p1b: Empoleon\n|-resisted|p1b: Empoleon|1\n|-crit|p1b: Empoleon\n|-damage|p1b: Empoleon|25/100\n|\n|-heal|p1b: Empoleon|31/100|[from] item: Leftovers\n|upkeep\n|turn|10\n|\n|t:|1776196883\n|move|p1b: Empoleon|Protect|p1b: Empoleon\n|-singleturn|p1b: Empoleon|Protect\n|move|p2b: Blastoise|Water Pulse|p1b: Empoleon\n|-activate|p1b: Empoleon|move: Protect\n|\n|-heal|p1b: Empoleon|37/100|[from] item: Leftovers\n|upkeep\n|turn|11\n|\n|t:|1776196891\n|move|p1b: Empoleon|Flash Cannon|p2b: Blastoise\n|-resisted|p2b: Blastoise|1\n|-damage|p2b: Blastoise|52/100\n|move|p2b: Blastoise|Water Pulse|p1b: Empoleon\n|-resisted|p1b: Empoleon|1\n|-damage|p1b: Empoleon|13/100\n|-start|p1b: Empoleon|confusion\n|\n|-heal|p1b: Empoleon|19/100|[from] item: Leftovers\n|upkeep\n|turn|12\n|\n|t:|1776196901\n|-activate|p1b: Empoleon|confusion\n|-damage|p1b: Empoleon|13/100|[from] confusion\n|move|p2b: Blastoise|Water Pulse|p1b: Empoleon\n|-resisted|p1b: Empoleon|1\n|-damage|p1b: Empoleon|0 fnt\n|faint|p1b: Empoleon\n|\n|win|sparkman123\n|raw|xBabis_'s rating: 1083 &rarr; <strong>1059</strong><br />(-24 for losing)\n|raw|sparkman123's rating: 1061 &rarr; <strong>1094</strong><br />(+33 for winning)\n|l|\u2606sparkman123\n|player|p2|\n|c|\u2606xBabis_|gg\n",
  "uploadtime": 1776196942,
  "views": 20,
  "formatid": "gen9championsvgc2026regma",
  "rating": 1059,
  "private": 0,
  "password": null
}