{
  "id": "gen9championsvgc2026regma-2589473704",
  "format": "[Gen 9 Champions] VGC 2026 Reg M-A",
  "players": [
    "angeallen455",
    "RedBoyBR"
  ],
  "log": "|j|\u2606angeallen455\n|j|\u2606RedBoyBR\n|t:|1776726154\n|gametype|doubles\n|player|p1|angeallen455|colress|1286\n|player|p2|RedBoyBR|266|1222\n|gen|9\n|tier|[Gen 9 Champions] VGC 2026 Reg M-A\n|rated|\n|rule|Species Clause: Limit one of each Pok\u00e9mon\n|rule|Item Clause: Limit 1 of each item\n|clearpoke\n|poke|p1|Golurk, L50|\n|poke|p1|Farigiraf, L50, M|\n|poke|p1|Incineroar, L50, F|\n|poke|p1|Torkoal, L50, F|\n|poke|p1|Venusaur, L50, M|\n|poke|p1|Sneasler, L50, M|\n|poke|p2|Meowscarada, L50, M|\n|poke|p2|Sneasler, L50, F|\n|poke|p2|Hatterene, L50, F|\n|poke|p2|Golurk, L50|\n|poke|p2|Incineroar, L50, F|\n|poke|p2|Torkoal, L50, F|\n|teampreview|4\n|c|\u2606angeallen455|glhf\n|c|\u2606RedBoyBR|bruh\n|c|\u2606RedBoyBR|equal, but different\n|c|\u2606angeallen455|same idea\n|\n|t:|1776726235\n|teamsize|p1|4\n|teamsize|p2|4\n|start\n|switch|p1a: Sneasler|Sneasler, L50, M|100/100\n|switch|p1b: Farigiraf|Farigiraf, L50, M|100/100\n|switch|p2a: Hatterene|Hatterene, L50, F|100/100\n|switch|p2b: Sneasler|Sneasler, L50, F|100/100\n|turn|1\n|c|\u2606RedBoyBR|it's literally the same, but i'm more off meta\n|\n|t:|1776726256\n|switch|p1b: Golurk|Golurk, L50|100/100\n|move|p2a: Hatterene|Protect|p2a: Hatterene\n|-singleturn|p2a: Hatterene|Protect\n|move|p1a: Sneasler|Coaching|p1b: Golurk\n|-boost|p1b: Golurk|atk|1\n|-boost|p1b: Golurk|def|1\n|move|p2b: Sneasler|Coaching|p2a: Hatterene\n|-boost|p2a: Hatterene|atk|1\n|-boost|p2a: Hatterene|def|1\n|\n|upkeep\n|turn|2\n|c|\u2606angeallen455|yeah your team is a bit more unique\n|c|\u2606angeallen455|lmao\n|c|\u2606RedBoyBR|bruh\n|c|\u2606RedBoyBR|kkkk\n|c|\u2606angeallen455|imagine if hatterene's magic bounce just made sneasler stronger\n|c|\u2606RedBoyBR|i tried it now\n|c|\u2606angeallen455|ohhh\n|\n|t:|1776726309\n|switch|p2b: Golurk|Golurk, L50|100/100\n|switch|p1a: Incineroar|Incineroar, L50, F|100/100\n|-ability|p1a: Incineroar|Intimidate|boost\n|-unboost|p2a: Hatterene|atk|1\n|-unboost|p2b: Golurk|atk|1\n|detailschange|p1b: Golurk|Golurk-Mega, L50\n|-mega|p1b: Golurk|Golurk|Golurkite\n|move|p1b: Golurk|Poltergeist|p2a: Hatterene\n|-activate|p2a: Hatterene|move: Poltergeist|Focus Sash\n|-supereffective|p2a: Hatterene|1\n|-enditem|p2a: Hatterene|Focus Sash\n|-damage|p2a: Hatterene|1/100\n|move|p2a: Hatterene|Psychic|p1a: Incineroar\n|-immune|p1a: Incineroar\n|\n|upkeep\n|turn|3\n|c|\u2606RedBoyBR|damn\n|c|\u2606angeallen455|indeed\n|c|\u2606RedBoyBR|who is slower?\n|\n|t:|1776726347\n|detailschange|p2b: Golurk|Golurk-Mega, L50\n|-mega|p2b: Golurk|Golurk|Golurkite\n|move|p2a: Hatterene|Protect|p2a: Hatterene\n|-singleturn|p2a: Hatterene|Protect\n|move|p1a: Incineroar|Throat Chop|p2a: Hatterene\n|-activate|p2a: Hatterene|move: Protect\n|move|p1b: Golurk|Poltergeist|p2b: Golurk\n|-activate|p2b: Golurk|move: Poltergeist|Golurkite\n|-supereffective|p2b: Golurk|1\n|-damage|p2b: Golurk|0 fnt\n|faint|p2b: Golurk\n|\n|upkeep\n|c|\u2606RedBoyBR|me\n|c|\u2606RedBoyBR|damn\n|\n|t:|1776726363\n|switch|p2b: Sneasler|Sneasler, L50, F|100/100\n|turn|4\n|c|\u2606angeallen455|it was probably not a tie\n|c|\u2606angeallen455|my golurk is 80 speed stat\n|c|\u2606angeallen455|specifically for situations like this\n|c|\u2606RedBoyBR|hmmm\n|c|\u2606RedBoyBR|makes sense\n|\n|t:|1776726402\n|switch|p1a: Farigiraf|Farigiraf, L50, M|100/100\n|move|p2b: Sneasler|Fake Out||[still]\n|cant|p1a: Farigiraf|ability: Armor Tail|Fake Out|[of] p2b: Sneasler\n|move|p1b: Golurk|Poltergeist||[still]\n|-fail|p1b: Golurk\n|move|p2a: Hatterene|Trick Room|p2a: Hatterene\n|-fieldstart|move: Trick Room|[of] p2a: Hatterene\n|\n|upkeep\n|turn|5\n|c|\u2606angeallen455|ohh right\n|c|\u2606angeallen455|sash is gone\n|\n|t:|1776726434\n|switch|p2b: Torkoal|Torkoal, L50, F|100/100\n|-weather|SunnyDay|[from] ability: Drought|[of] p2b: Torkoal\n|move|p2a: Hatterene|Dazzling Gleam|p1b: Golurk|[spread] p1a,p1b\n|-damage|p1a: Farigiraf|66/100\n|-damage|p1b: Golurk|68/100\n|move|p1b: Golurk|Ice Punch|p2a: Hatterene\n|-damage|p2a: Hatterene|0 fnt\n|faint|p2a: Hatterene\n|move|p1a: Farigiraf|Psychic|p2b: Torkoal\n|-damage|p2b: Torkoal|56/100\n|\n|-weather|SunnyDay|[upkeep]\n|upkeep\n|\n|t:|1776726446\n|switch|p2a: Sneasler|Sneasler, L50, F|100/100\n|turn|6\n|c|\u2606RedBoyBR|and i lost\n|\n|t:|1776726460\n|move|p2b: Torkoal|Heat Wave|p1a: Farigiraf|[spread] p1a,p1b\n|-damage|p1a: Farigiraf|5/100\n|-damage|p1b: Golurk|21/100\n|-enditem|p1a: Farigiraf|Sitrus Berry|[eat]\n|-heal|p1a: Farigiraf|30/100|[from] item: Sitrus Berry\n|move|p1b: Golurk|Headlong Rush|p2a: Sneasler\n|-supereffective|p2a: Sneasler|1\n|-damage|p2a: Sneasler|0 fnt\n|-unboost|p1b: Golurk|def|1\n|-unboost|p1b: Golurk|spd|1\n|faint|p2a: Sneasler\n|move|p1a: Farigiraf|Psychic|p2b: Torkoal\n|-damage|p2b: Torkoal|10/100\n|\n|-weather|SunnyDay|[upkeep]\n|upkeep\n|turn|7\n|c|\u2606RedBoyBR|but i learned good things\n|c|\u2606angeallen455|yeah interesting game\n|\n|t:|1776726475\n|move|p2b: Torkoal|Heat Wave|p1a: Farigiraf|[spread] p1a,p1b\n|-damage|p1a: Farigiraf|0 fnt\n|-damage|p1b: Golurk|0 fnt\n|faint|p1a: Farigiraf\n|faint|p1b: Golurk\n|\n|-weather|SunnyDay|[upkeep]\n|upkeep\n|\n|t:|1776726477\n|switch|p1b: Sneasler|Sneasler, L50, M|100/100\n|switch|p1a: Incineroar|Incineroar, L50, F|100/100\n|-ability|p1a: Incineroar|Intimidate|boost\n|-unboost|p2b: Torkoal|atk|1\n|turn|8\n|\n|t:|1776726485\n|move|p2b: Torkoal|Protect|p2b: Torkoal\n|-singleturn|p2b: Torkoal|Protect\n|move|p1a: Incineroar|Fake Out|p2b: Torkoal\n|-activate|p2b: Torkoal|move: Protect\n|move|p1b: Sneasler|Close Combat|p2b: Torkoal\n|-activate|p2b: Torkoal|move: Protect\n|\n|-weather|SunnyDay|[upkeep]\n|-fieldend|move: Trick Room\n|upkeep\n|turn|9\n|\n|t:|1776726497\n|move|p1b: Sneasler|Close Combat|p2b: Torkoal\n|-damage|p2b: Torkoal|0 fnt\n|-unboost|p1b: Sneasler|def|1\n|-unboost|p1b: Sneasler|spd|1\n|faint|p2b: Torkoal\n|\n|win|angeallen455\n|raw|angeallen455's rating: 1286 &rarr; <strong>1306</strong><br />(+20 for winning)\n|raw|RedBoyBR's rating: 1222 &rarr; <strong>1202</strong><br />(-20 for losing)\n|c|\u2606RedBoyBR|GG\n|c|\u2606angeallen455|ggs\n|c|\u2606RedBoyBR|nice to meet u\n|c|\u2606angeallen455|you too!\n",
  "uploadtime": 1776726520,
  "views": 16,
  "formatid": "gen9championsvgc2026regma",
  "rating": 1202,
  "private": 0,
  "password": null
}