{
  "id": "gen9championsvgc2026regma-2586314360",
  "format": "[Gen 9 Champions] VGC 2026 Reg M-A",
  "players": [
    "Afr1995",
    "shadowkirbydeluxe"
  ],
  "log": "|j|\u2606Afr1995\n|j|\u2606shadowkirbydeluxe\n|t:|1776424364\n|gametype|doubles\n|player|p1|Afr1995|2|1093\n|player|p2|shadowkirbydeluxe|n-masters3|1116\n|gen|9\n|tier|[Gen 9 Champions] VGC 2026 Reg M-A\n|rated|\n|rule|Species Clause: Limit one of each Pok\u00e9mon\n|rule|Item Clause: Limit 1 of each item\n|clearpoke\n|poke|p1|Dragonite, L50, F|\n|poke|p1|Starmie, L50|\n|poke|p1|Pelipper, L50, F|\n|poke|p1|Basculegion, L50, M|\n|poke|p1|Incineroar, L50, F|\n|poke|p1|Sneasler, L50, F|\n|poke|p2|Politoed, L50, F|\n|poke|p2|Gengar, L50, M|\n|poke|p2|Espathra, L50, M|\n|poke|p2|Lopunny, L50, F|\n|poke|p2|Garganacl, L50, F|\n|poke|p2|Sableye, L50, M|\n|teampreview|4\n|\n|t:|1776424410\n|teamsize|p1|4\n|teamsize|p2|4\n|start\n|switch|p1a: Basculegion|Basculegion, L50, M|100/100\n|switch|p1b: Incineroar|Incineroar, L50, F|100/100\n|switch|p2a: Sableye|Sableye, L50, M|100/100\n|switch|p2b: Lopunny|Lopunny, L50, F|100/100\n|-ability|p1b: Incineroar|Intimidate|boost\n|-unboost|p2a: Sableye|atk|1\n|-unboost|p2b: Lopunny|atk|1\n|turn|1\n|\n|t:|1776424442\n|detailschange|p2b: Lopunny|Lopunny-Mega, L50, F\n|-mega|p2b: Lopunny|Lopunny|Lopunnite\n|move|p2b: Lopunny|Protect|p2b: Lopunny\n|-singleturn|p2b: Lopunny|Protect\n|move|p1b: Incineroar|Fake Out|p2b: Lopunny\n|-activate|p2b: Lopunny|move: Protect\n|move|p2a: Sableye|Gravity|p2a: Sableye\n|-fieldstart|move: Gravity\n|move|p1a: Basculegion|Wave Crash|p2a: Sableye\n|-damage|p2a: Sableye|25/100\n|-damage|p1a: Basculegion|80/100|[from] Recoil\n|\n|upkeep\n|turn|2\n|\n|t:|1776424462\n|move|p2a: Sableye|Disable|p1a: Basculegion\n|-start|p1a: Basculegion|Disable|Wave Crash\n|move|p2b: Lopunny|Dynamic Punch|p1b: Incineroar\n|-supereffective|p1b: Incineroar|1\n|-damage|p1b: Incineroar|41/100\n|-start|p1b: Incineroar|confusion\n|-enditem|p1b: Incineroar|Sitrus Berry|[eat]\n|-heal|p1b: Incineroar|66/100|[from] item: Sitrus Berry\n|cant|p1a: Basculegion|Disable|Wave Crash\n|-activate|p1b: Incineroar|confusion\n|move|p1b: Incineroar|Parting Shot|p2b: Lopunny\n|-unboost|p2b: Lopunny|atk|1\n|-unboost|p2b: Lopunny|spa|1\n|\n|t:|1776424478\n|switch|p1b: Dragonite|Dragonite, L50, F|100/100|[from] Parting Shot\n|\n|upkeep\n|turn|3\n|\n|t:|1776424494\n|switch|p1a: Incineroar|Incineroar, L50, F|66/100\n|-ability|p1a: Incineroar|Intimidate|boost\n|-unboost|p2a: Sableye|atk|1\n|-fail|p2b: Lopunny|unboost|Attack|[from] ability: Scrappy|[of] p2b: Lopunny\n|move|p2b: Lopunny|Triple Axel|p1b: Dragonite\n|-supereffective|p1b: Dragonite|2\n|-damage|p1b: Dragonite|94/100\n|-supereffective|p1b: Dragonite|2\n|-crit|p1b: Dragonite\n|-damage|p1b: Dragonite|18/100\n|-supereffective|p1b: Dragonite|2\n|-damage|p1b: Dragonite|0 fnt\n|faint|p1b: Dragonite\n|-hitcount|p1: Dragonite|3\n|move|p2a: Sableye|Foul Play|p1a: Incineroar\n|-resisted|p1a: Incineroar|1\n|-damage|p1a: Incineroar|52/100\n|\n|upkeep\n|\n|t:|1776424514\n|switch|p1b: Basculegion|Basculegion, L50, M|80/100\n|turn|4\n|\n|t:|1776424530\n|switch|p1b: Starmie|Starmie, L50|100/100\n|move|p2b: Lopunny|Protect|p2b: Lopunny\n|-singleturn|p2b: Lopunny|Protect\n|move|p1a: Incineroar|Flare Blitz|p2a: Sableye\n|-damage|p2a: Sableye|0 fnt\n|faint|p2a: Sableye\n|-damage|p1a: Incineroar|44/100|[from] Recoil\n|\n|upkeep\n|\n|t:|1776424538\n|switch|p2a: Espathra|Espathra, L50, M|100/100\n|turn|5\n|\n|t:|1776424548\n|switch|p2b: Politoed|Politoed, L50, F|100/100\n|-weather|RainDance|[from] ability: Drizzle|[of] p2b: Politoed\n|detailschange|p1b: Starmie|Starmie-Mega, L50\n|-mega|p1b: Starmie|Starmie|Starminite\n|move|p1b: Starmie|Zen Headbutt|p2b: Politoed\n|-damage|p2b: Politoed|34/100\n|move|p2a: Espathra|Hypnosis|p1b: Starmie\n|-status|p1b: Starmie|slp|[from] move: Hypnosis\n|move|p1a: Incineroar|Lash Out|p2a: Espathra\n|-supereffective|p2a: Espathra|1\n|-damage|p2a: Espathra|9/100\n|\n|-weather|RainDance|[upkeep]\n|-heal|p2b: Politoed|40/100|[from] item: Leftovers\n|-fieldend|move: Gravity\n|-ability|p2a: Espathra|Speed Boost|boost\n|-boost|p2a: Espathra|spe|1\n|upkeep\n|turn|6\n|\n|t:|1776424571\n|switch|p1a: Basculegion|Basculegion, L50, M|80/100\n|cant|p1b: Starmie|slp\n|move|p2a: Espathra|Hypnosis|p1a: Basculegion\n|-status|p1a: Basculegion|slp|[from] move: Hypnosis\n|move|p2b: Politoed|Icy Wind|p1a: Basculegion|[spread] p1a,p1b\n|-resisted|p1a: Basculegion|1\n|-resisted|p1b: Starmie|1\n|-damage|p1a: Basculegion|75/100 slp\n|-damage|p1b: Starmie|95/100 slp\n|-unboost|p1a: Basculegion|spe|1\n|-unboost|p1b: Starmie|spe|1\n|\n|-weather|RainDance|[upkeep]\n|-heal|p2b: Politoed|46/100|[from] item: Leftovers\n|-ability|p2a: Espathra|Speed Boost|boost\n|-boost|p2a: Espathra|spe|1\n|upkeep\n|turn|7\n|\n|t:|1776424592\n|switch|p1b: Incineroar|Incineroar, L50, F|44/100\n|-ability|p1b: Incineroar|Intimidate|boost\n|-unboost|p2a: Espathra|atk|1\n|-unboost|p2b: Politoed|atk|1\n|switch|p2b: Lopunny|Lopunny-Mega, L50, F|100/100\n|move|p2a: Espathra|Protect|p2a: Espathra\n|-singleturn|p2a: Espathra|Protect\n|cant|p1a: Basculegion|slp\n|\n|-weather|RainDance|[upkeep]\n|-ability|p2a: Espathra|Speed Boost|boost\n|-boost|p2a: Espathra|spe|1\n|upkeep\n|turn|8\n|\n|t:|1776424611\n|move|p1b: Incineroar|Fake Out|p2a: Espathra\n|-damage|p2a: Espathra|0 fnt\n|faint|p2a: Espathra\n|-curestatus|p1a: Basculegion|slp|[msg]\n|move|p1a: Basculegion|Wave Crash|p2b: Lopunny\n|-damage|p2b: Lopunny|0 fnt\n|faint|p2b: Lopunny\n|-damage|p1a: Basculegion|51/100|[from] Recoil\n|\n|-weather|RainDance|[upkeep]\n|upkeep\n|\n|t:|1776424615\n|switch|p2b: Politoed|Politoed, L50, F|46/100\n|turn|9\n|\n|t:|1776424628\n|switch|p1a: Starmie|Starmie-Mega, L50|95/100 slp\n|move|p1b: Incineroar|Lash Out|p2b: Politoed\n|-damage|p2b: Politoed|17/100\n|move|p2b: Politoed|Icy Wind|p1a: Starmie|[spread] p1a,p1b\n|-resisted|p1a: Starmie|1\n|-resisted|p1b: Incineroar|1\n|-damage|p1a: Starmie|90/100 slp\n|-damage|p1b: Incineroar|41/100\n|-unboost|p1a: Starmie|spe|1\n|-unboost|p1b: Incineroar|spe|1\n|\n|-weather|none\n|-heal|p2b: Politoed|23/100|[from] item: Leftovers\n|upkeep\n|turn|10\n|\n|t:|1776424646\n|cant|p1a: Starmie|slp\n|move|p2b: Politoed|Hypnosis|p1b: Incineroar|[miss]\n|-miss|p2b: Politoed|p1b: Incineroar\n|move|p1b: Incineroar|Parting Shot|p2b: Politoed\n|-unboost|p2b: Politoed|atk|1\n|-unboost|p2b: Politoed|spa|1\n|\n|t:|1776424653\n|switch|p1b: Basculegion|Basculegion, L50, M|51/100|[from] Parting Shot\n|\n|-heal|p2b: Politoed|29/100|[from] item: Leftovers\n|upkeep\n|turn|11\n|\n|t:|1776424672\n|-curestatus|p1a: Starmie|slp|[msg]\n|move|p1a: Starmie|Aqua Jet|p2b: Politoed\n|-resisted|p2b: Politoed|1\n|-damage|p2b: Politoed|10/100\n|move|p1b: Basculegion|Last Respects|p2b: Politoed\n|-damage|p2b: Politoed|0 fnt\n|faint|p2b: Politoed\n|\n|win|Afr1995\n|raw|Afr1995's rating: 1093 &rarr; <strong>1121</strong><br />(+28 for winning)\n|raw|shadowkirbydeluxe's rating: 1116 &rarr; <strong>1089</strong><br />(-27 for losing)\n|l|\u2606shadowkirbydeluxe\n|player|p2|\n",
  "uploadtime": 1776424683,
  "views": 27,
  "formatid": "gen9championsvgc2026regma",
  "rating": 1089,
  "private": 0,
  "password": null
}