{
  "id": "gen9championsvgc2026regma-2581978763",
  "format": "[Gen 9 Champions] VGC 2026 Reg M-A",
  "players": [
    "dantici",
    "BigRoflet"
  ],
  "log": "|j|\u2606dantici\n|j|\u203dBigRoflet\n|t:|1776045110\n|gametype|doubles\n|player|p1|dantici|170|1108\n|player|p2|BigRoflet|harlequin|1026\n|gen|9\n|tier|[Gen 9 Champions] VGC 2026 Reg M-A\n|rated|\n|rule|Species Clause: Limit one of each Pok\u00e9mon\n|rule|Item Clause: Limit 1 of each item\n|clearpoke\n|poke|p1|Garchomp, L50, F|\n|poke|p1|Charizard, L50, M|\n|poke|p1|Milotic, L50, M|\n|poke|p1|Incineroar, L50, M|\n|poke|p1|Venusaur, L50, M|\n|poke|p1|Gardevoir, L50, F|\n|poke|p2|Sneasler, L50, F|\n|poke|p2|Feraligatr, L50, F|\n|poke|p2|Aerodactyl, L50, M|\n|poke|p2|Incineroar, L50, F|\n|poke|p2|Sinistcha, L50|\n|poke|p2|Orthworm, L50, F|\n|teampreview|4\n|\n|t:|1776045140\n|teamsize|p1|4\n|teamsize|p2|4\n|start\n|switch|p1a: Charizard|Charizard, L50, M|100/100\n|switch|p1b: Venusaur|Venusaur, L50, M|100/100\n|switch|p2a: Sneasler|Sneasler, L50, F|100/100\n|switch|p2b: Incineroar|Incineroar, L50, F|100/100\n|-ability|p2b: Incineroar|Intimidate|boost\n|-unboost|p1a: Charizard|atk|1\n|-unboost|p1b: Venusaur|atk|1\n|turn|1\n|\n|t:|1776045184\n|detailschange|p1a: Charizard|Charizard-Mega-Y, L50, M\n|-mega|p1a: Charizard|Charizard|Charizardite Y\n|-weather|SunnyDay|[from] ability: Drought|[of] p1a: Charizard\n|move|p1b: Venusaur|Protect|p1b: Venusaur\n|-singleturn|p1b: Venusaur|Protect\n|move|p1a: Charizard|Protect|p1a: Charizard\n|-singleturn|p1a: Charizard|Protect\n|move|p2a: Sneasler|Coaching|p2b: Incineroar\n|-boost|p2b: Incineroar|atk|1\n|-boost|p2b: Incineroar|def|1\n|move|p2b: Incineroar|Flare Blitz|p1b: Venusaur\n|-activate|p1b: Venusaur|move: Protect\n|\n|-weather|SunnyDay|[upkeep]\n|upkeep\n|turn|2\n|\n|t:|1776045225\n|switch|p2a: Aerodactyl|Aerodactyl, L50, M|100/100\n|move|p2b: Incineroar|Protect|p2b: Incineroar\n|-singleturn|p2b: Incineroar|Protect\n|move|p1b: Venusaur|Sleep Powder|p2b: Incineroar\n|-activate|p2b: Incineroar|move: Protect\n|move|p1a: Charizard|Heat Wave|p2a: Aerodactyl|[spread] p2a\n|-activate|p2b: Incineroar|move: Protect\n|-resisted|p2a: Aerodactyl|1\n|-damage|p2a: Aerodactyl|58/100\n|\n|-weather|SunnyDay|[upkeep]\n|upkeep\n|turn|3\n|\n|t:|1776045248\n|move|p1a: Charizard|Protect|p1a: Charizard\n|-singleturn|p1a: Charizard|Protect\n|move|p2a: Aerodactyl|Wide Guard|p2a: Aerodactyl\n|-singleturn|p2a: Aerodactyl|Wide Guard\n|move|p1b: Venusaur|Sleep Powder|p2b: Incineroar\n|-status|p2b: Incineroar|slp|[from] move: Sleep Powder\n|cant|p2b: Incineroar|slp\n|\n|-weather|SunnyDay|[upkeep]\n|upkeep\n|turn|4\n|\n|t:|1776045271\n|switch|p2b: Sneasler|Sneasler, L50, F|100/100\n|move|p1b: Venusaur|Sludge Bomb|p2a: Aerodactyl\n|-resisted|p2a: Aerodactyl|1\n|-damage|p2a: Aerodactyl|28/100\n|move|p2a: Aerodactyl|Rock Slide|p1a: Charizard|[spread] p1a,p1b\n|-supereffective|p1a: Charizard|2\n|-damage|p1a: Charizard|0 fnt\n|-damage|p1b: Venusaur|67/100\n|faint|p1a: Charizard\n|\n|-weather|SunnyDay|[upkeep]\n|upkeep\n|\n|t:|1776045288\n|switch|p1a: Incineroar|Incineroar, L50, M|100/100\n|-ability|p1a: Incineroar|Intimidate|boost\n|-unboost|p2a: Aerodactyl|atk|1\n|-unboost|p2b: Sneasler|atk|1\n|turn|5\n|\n|t:|1776045307\n|move|p2b: Sneasler|Fake Out|p1b: Venusaur\n|-damage|p1b: Venusaur|55/100\n|move|p1a: Incineroar|Fake Out|p2b: Sneasler\n|-damage|p2b: Sneasler|82/100\n|cant|p1b: Venusaur|flinch\n|move|p2a: Aerodactyl|Tailwind|p2a: Aerodactyl\n|-sidestart|p2: BigRoflet|move: Tailwind\n|\n|-weather|none\n|upkeep\n|turn|6\n|\n|t:|1776045326\n|move|p1b: Venusaur|Protect|p1b: Venusaur\n|-singleturn|p1b: Venusaur|Protect\n|move|p2a: Aerodactyl|Rock Slide|p1a: Incineroar|[spread] p1a\n|-activate|p1b: Venusaur|move: Protect\n|-supereffective|p1a: Incineroar|1\n|-damage|p1a: Incineroar|74/100\n|move|p2b: Sneasler|Dire Claw|p1b: Venusaur\n|-activate|p1b: Venusaur|move: Protect\n|cant|p1a: Incineroar|flinch\n|\n|upkeep\n|turn|7\n|\n|t:|1776045346\n|move|p2a: Aerodactyl|Dual Wingbeat|p1b: Venusaur\n|-supereffective|p1b: Venusaur|1\n|-damage|p1b: Venusaur|20/100\n|-supereffective|p1b: Venusaur|1\n|-damage|p1b: Venusaur|0 fnt\n|faint|p1b: Venusaur\n|-hitcount|p1: Venusaur|2\n|move|p2b: Sneasler|Close Combat|p1a: Incineroar\n|-supereffective|p1a: Incineroar|1\n|-damage|p1a: Incineroar|2/100\n|-unboost|p2b: Sneasler|def|1\n|-unboost|p2b: Sneasler|spd|1\n|-enditem|p1a: Incineroar|Sitrus Berry|[eat]\n|-heal|p1a: Incineroar|27/100|[from] item: Sitrus Berry\n|move|p1a: Incineroar|Parting Shot|p2b: Sneasler\n|-unboost|p2b: Sneasler|atk|1\n|-unboost|p2b: Sneasler|spa|1\n|\n|t:|1776045360\n|switch|p1a: Milotic|Milotic, L50, M|100/100|[from] Parting Shot\n|\n|upkeep\n|\n|t:|1776045363\n|switch|p1b: Incineroar|Incineroar, L50, M|27/100\n|-ability|p1b: Incineroar|Intimidate|boost\n|-unboost|p2a: Aerodactyl|atk|1\n|-unboost|p2b: Sneasler|atk|1\n|turn|8\n|\n|t:|1776045380\n|switch|p2a: Incineroar|Incineroar, L50, F|100/100 slp\n|-ability|p2a: Incineroar|Intimidate|boost\n|-unboost|p1a: Milotic|atk|1\n|-ability|p1a: Milotic|Competitive|boost\n|-boost|p1a: Milotic|spa|2\n|-unboost|p1b: Incineroar|atk|1\n|switch|p2b: Feraligatr|Feraligatr, L50, F|100/100\n|move|p1b: Incineroar|Fake Out|p2b: Feraligatr\n|-damage|p2b: Feraligatr|92/100\n|move|p1a: Milotic|Scald|p2a: Incineroar\n|-supereffective|p2a: Incineroar|1\n|-damage|p2a: Incineroar|1/100 slp\n|\n|-sideend|p2: BigRoflet|move: Tailwind\n|upkeep\n|turn|9\n|\n|t:|1776045406\n|detailschange|p2b: Feraligatr|Feraligatr-Mega, L50, F\n|-mega|p2b: Feraligatr|Feraligatr|Feraligite\n|cant|p2a: Incineroar|slp\n|move|p1a: Milotic|Scald|p2b: Feraligatr\n|-resisted|p2b: Feraligatr|2\n|-damage|p2b: Feraligatr|81/100\n|move|p2b: Feraligatr|Trailblaze|p1a: Milotic\n|-supereffective|p1a: Milotic|1\n|-damage|p1a: Milotic|67/100\n|-boost|p2b: Feraligatr|spe|1\n|move|p1b: Incineroar|Darkest Lariat|p2b: Feraligatr\n|-damage|p2b: Feraligatr|62/100\n|\n|-heal|p1a: Milotic|73/100|[from] item: Leftovers\n|upkeep\n|turn|10\n|\n|t:|1776045437\n|move|p2b: Feraligatr|Double-Edge|p1a: Milotic\n|-damage|p1a: Milotic|0 fnt\n|faint|p1a: Milotic\n|-damage|p2b: Feraligatr|32/100|[from] Recoil\n|-curestatus|p2a: Incineroar|slp|[msg]\n|move|p2a: Incineroar|Flare Blitz|p1b: Incineroar\n|-resisted|p1b: Incineroar|1\n|-damage|p1b: Incineroar|0 fnt\n|faint|p1b: Incineroar\n|-damage|p2a: Incineroar|0 fnt|[from] Recoil\n|faint|p2a: Incineroar\n|\n|win|BigRoflet\n|raw|dantici's rating: 1108 &rarr; <strong>1077</strong><br />(-31 for losing)\n|raw|BigRoflet's rating: 1026 &rarr; <strong>1070</strong><br />(+44 for winning)\n",
  "uploadtime": 1776045462,
  "views": 27,
  "formatid": "gen9championsvgc2026regma",
  "rating": 1070,
  "private": 0,
  "password": null
}