{
  "id": "gen9championsvgc2026regma-2582066983",
  "format": "[Gen 9 Champions] VGC 2026 Reg M-A",
  "players": [
    "zeranojugador188",
    "Nerumy07"
  ],
  "log": "|j|\u2606zeranojugador188\n|j|\u2606Nerumy07\n|t:|1776053837\n|gametype|doubles\n|player|p1|zeranojugador188|169|1290\n|player|p2|Nerumy07|acetrainer|1312\n|gen|9\n|tier|[Gen 9 Champions] VGC 2026 Reg M-A\n|rated|\n|rule|Species Clause: Limit one of each Pok\u00e9mon\n|rule|Item Clause: Limit 1 of each item\n|clearpoke\n|poke|p1|Charizard, L50, F|\n|poke|p1|Venusaur, L50, M|\n|poke|p1|Garchomp, L50, M|\n|poke|p1|Gardevoir, L50, F|\n|poke|p1|Milotic, L50, M|\n|poke|p1|Incineroar, L50, M|\n|poke|p2|Dragonite, L50, M|\n|poke|p2|Politoed, L50, M|\n|poke|p2|Archaludon, L50, F|\n|poke|p2|Basculegion, L50, M|\n|poke|p2|Sneasler, L50, M|\n|poke|p2|Sinistcha, L50|\n|teampreview|4\n|\n|t:|1776053874\n|teamsize|p1|4\n|teamsize|p2|4\n|start\n|switch|p1a: Charizard|Charizard, L50, F|100/100\n|switch|p1b: Venusaur|Venusaur, L50, M|100/100\n|switch|p2a: Sneasler|Sneasler, L50, M, shiny|100/100\n|switch|p2b: Basculegion|Basculegion, L50, M|100/100\n|turn|1\n|\n|t:|1776053909\n|move|p1a: Charizard|Protect|p1a: Charizard\n|-singleturn|p1a: Charizard|Protect\n|move|p1b: Venusaur|Protect|p1b: Venusaur\n|-singleturn|p1b: Venusaur|Protect\n|move|p2a: Sneasler|Fake Out|p1b: Venusaur\n|-activate|p1b: Venusaur|move: Protect\n|move|p2b: Basculegion|Flip Turn|p1a: Charizard\n|-activate|p1a: Charizard|move: Protect\n|\n|upkeep\n|turn|2\n|\n|t:|1776053945\n|switch|p2b: Dragonite|Dragonite, L50, M|100/100\n|detailschange|p1a: Charizard|Charizard-Mega-Y, L50, F\n|-mega|p1a: Charizard|Charizard|Charizardite Y\n|-weather|SunnyDay|[from] ability: Drought|[of] p1a: Charizard\n|move|p2a: Sneasler|Protect|p2a: Sneasler\n|-singleturn|p2a: Sneasler|Protect\n|move|p1b: Venusaur|Leaf Storm|p2b: Dragonite|[miss]\n|-miss|p1b: Venusaur|p2b: Dragonite\n|move|p1a: Charizard|Overheat|p2a: Sneasler\n|-activate|p2a: Sneasler|move: Protect\n|\n|-weather|SunnyDay|[upkeep]\n|upkeep\n|turn|3\n|\n|t:|1776053969\n|switch|p2a: Politoed|Politoed, L50, M, shiny|100/100\n|-weather|RainDance|[from] ability: Drizzle|[of] p2a: Politoed\n|detailschange|p2b: Dragonite|Dragonite-Mega, L50, M\n|-mega|p2b: Dragonite|Dragonite|Dragoninite\n|move|p2b: Dragonite|Tailwind|p2b: Dragonite\n|-sidestart|p2: Nerumy07|move: Tailwind\n|move|p1a: Charizard|Heat Wave|p2a: Politoed|[spread] p2a,p2b\n|-resisted|p2a: Politoed|1\n|-resisted|p2b: Dragonite|1\n|-damage|p2a: Politoed|91/100\n|-damage|p2b: Dragonite|97/100\n|move|p1b: Venusaur|Sludge Bomb|p2a: Politoed\n|-damage|p2a: Politoed|53/100\n|-status|p2a: Politoed|psn\n|\n|-weather|RainDance|[upkeep]\n|-damage|p2a: Politoed|41/100 psn|[from] psn\n|upkeep\n|-enditem|p2a: Politoed|Sitrus Berry|[eat]\n|-heal|p2a: Politoed|66/100 psn|[from] item: Sitrus Berry\n|turn|4\n|\n|t:|1776053990\n|switch|p1a: Incineroar|Incineroar, L50, M|100/100\n|-ability|p1a: Incineroar|Intimidate|boost\n|-unboost|p2a: Politoed|atk|1\n|-unboost|p2b: Dragonite|atk|1\n|move|p2b: Dragonite|Hurricane|p1b: Venusaur\n|-supereffective|p1b: Venusaur|1\n|-enditem|p1b: Venusaur|Focus Sash\n|-damage|p1b: Venusaur|1/100\n|-start|p1b: Venusaur|confusion\n|move|p2a: Politoed|Weather Ball|p1a: Incineroar\n|-supereffective|p1a: Incineroar|1\n|-damage|p1a: Incineroar|9/100\n|-enditem|p1a: Incineroar|Sitrus Berry|[eat]\n|-heal|p1a: Incineroar|34/100|[from] item: Sitrus Berry\n|-activate|p1b: Venusaur|confusion\n|-damage|p1b: Venusaur|0 fnt|[from] confusion\n|faint|p1b: Venusaur\n|\n|-weather|RainDance|[upkeep]\n|-damage|p2a: Politoed|54/100 psn|[from] psn\n|upkeep\n|\n|t:|1776054007\n|switch|p1b: Charizard|Charizard-Mega-Y, L50, F|100/100\n|-weather|SunnyDay|[from] ability: Drought|[of] p1b: Charizard\n|turn|5\n|\n|t:|1776054022\n|switch|p2a: Sneasler|Sneasler, L50, M, shiny|100/100\n|move|p1a: Incineroar|Fake Out|p2b: Dragonite\n|-damage|p2b: Dragonite|84/100\n|cant|p2b: Dragonite|flinch\n|move|p1b: Charizard|Heat Wave|p2a: Sneasler|[spread] p2a,p2b\n|-resisted|p2b: Dragonite|1\n|-damage|p2a: Sneasler|9/100\n|-damage|p2b: Dragonite|58/100\n|\n|-weather|SunnyDay|[upkeep]\n|upkeep\n|turn|6\n|\n|t:|1776054038\n|move|p1b: Charizard|Protect|p1b: Charizard\n|-singleturn|p1b: Charizard|Protect\n|move|p2a: Sneasler|Fake Out|p1b: Charizard\n|-activate|p1b: Charizard|move: Protect\n|move|p2b: Dragonite|Dragon Pulse|p1a: Incineroar\n|-damage|p1a: Incineroar|0 fnt\n|faint|p1a: Incineroar\n|\n|-weather|SunnyDay|[upkeep]\n|-sideend|p2: Nerumy07|move: Tailwind\n|upkeep\n|\n|t:|1776054044\n|switch|p1a: Gardevoir|Gardevoir, L50, F|100/100\n|-ability|p1a: Gardevoir|Unburden|Trace|[from] ability: Trace|[of] p2a: Sneasler\n|turn|7\n|\n|t:|1776054069\n|switch|p2a: Politoed|Politoed, L50, M, shiny|54/100 psn\n|-weather|RainDance|[from] ability: Drizzle|[of] p2a: Politoed\n|move|p2b: Dragonite|Protect|p2b: Dragonite\n|-singleturn|p2b: Dragonite|Protect\n|move|p1a: Gardevoir|Dazzling Gleam|p2b: Dragonite|[spread] p2a\n|-activate|p2b: Dragonite|move: Protect\n|-damage|p2a: Politoed|27/100 psn\n|move|p1b: Charizard|Heat Wave|p2b: Dragonite|[spread] p2a\n|-activate|p2b: Dragonite|move: Protect\n|-resisted|p2a: Politoed|1\n|-damage|p2a: Politoed|19/100 psn\n|\n|-weather|RainDance|[upkeep]\n|-damage|p2a: Politoed|7/100 psn|[from] psn\n|upkeep\n|turn|8\n|\n|t:|1776054092\n|move|p1b: Charizard|Protect|p1b: Charizard\n|-singleturn|p1b: Charizard|Protect\n|move|p1a: Gardevoir|Dazzling Gleam|p2b: Dragonite|[spread] p2a,p2b\n|-supereffective|p2b: Dragonite|1\n|-damage|p2a: Politoed|0 fnt\n|-damage|p2b: Dragonite|0 fnt\n|faint|p2a: Politoed\n|faint|p2b: Dragonite\n|\n|-weather|RainDance|[upkeep]\n|upkeep\n|\n|t:|1776054099\n|switch|p2b: Basculegion|Basculegion, L50, M|100/100\n|switch|p2a: Sneasler|Sneasler, L50, M, shiny|9/100\n|turn|9\n|\n|t:|1776054115\n|move|p2a: Sneasler|Fake Out|p1a: Gardevoir\n|-crit|p1a: Gardevoir\n|-damage|p1a: Gardevoir|62/100\n|cant|p1a: Gardevoir|flinch\n|move|p2b: Basculegion|Wave Crash|p1b: Charizard\n|-supereffective|p1b: Charizard|1\n|-damage|p1b: Charizard|0 fnt\n|faint|p1b: Charizard\n|-damage|p2b: Basculegion|74/100|[from] Recoil\n|\n|-weather|RainDance|[upkeep]\n|upkeep\n|turn|10\n|\n|t:|1776054133\n|move|p2a: Sneasler|Protect|p2a: Sneasler\n|-singleturn|p2a: Sneasler|Protect\n|move|p1a: Gardevoir|Dazzling Gleam|p2b: Basculegion|[spread] p2b\n|-activate|p2a: Sneasler|move: Protect\n|-damage|p2b: Basculegion|42/100\n|move|p2b: Basculegion|Wave Crash|p1a: Gardevoir\n|-damage|p1a: Gardevoir|0 fnt\n|faint|p1a: Gardevoir\n|-damage|p2b: Basculegion|27/100|[from] Recoil\n|\n|win|Nerumy07\n|raw|zeranojugador188's rating: 1290 &rarr; <strong>1267</strong><br />(-23 for losing)\n|raw|Nerumy07's rating: 1312 &rarr; <strong>1331</strong><br />(+19 for winning)\n|l|\u2606zeranojugador188\n|player|p1|\n",
  "uploadtime": 1776054142,
  "views": 29,
  "formatid": "gen9championsvgc2026regma",
  "rating": 1267,
  "private": 0,
  "password": null
}