{
  "id": "gen9championsvgc2026regma-2586405938",
  "format": "[Gen 9 Champions] VGC 2026 Reg M-A",
  "players": [
    "hoshinaga ryo",
    "huchuachua"
  ],
  "log": "|j|\u2606hoshinaga ryo\n|j|\u2606huchuachua\n|t:|1776432388\n|gametype|doubles\n|player|p1|hoshinaga ryo|169|1156\n|player|p2|huchuachua|102|1235\n|gen|9\n|tier|[Gen 9 Champions] VGC 2026 Reg M-A\n|rated|\n|rule|Species Clause: Limit one of each Pok\u00e9mon\n|rule|Item Clause: Limit 1 of each item\n|clearpoke\n|poke|p1|Delphox, L50, F|\n|poke|p1|Incineroar, L50, M|\n|poke|p1|Whimsicott, L50, M|\n|poke|p1|Garchomp, L50, M|\n|poke|p1|Rotom-Wash, L50|\n|poke|p1|Skarmory, L50, F|\n|poke|p2|Kingambit, L50, F|\n|poke|p2|Gardevoir, L50, F|\n|poke|p2|Aerodactyl, L50, F|\n|poke|p2|Maushold, L50|\n|poke|p2|Incineroar, L50, M|\n|poke|p2|Sneasler, L50, F|\n|teampreview|4\n|\n|t:|1776432426\n|teamsize|p1|4\n|teamsize|p2|4\n|start\n|switch|p1a: Skarmory|Skarmory, L50, F|100/100\n|switch|p1b: Whimsicott|Whimsicott, L50, M|100/100\n|switch|p2a: Aerodactyl|Aerodactyl, L50, F|100/100\n|switch|p2b: Incineroar|Incineroar, L50, M|100/100\n|-ability|p2a: Aerodactyl|Pressure\n|-ability|p2b: Incineroar|Intimidate|boost\n|-unboost|p1a: Skarmory|atk|1\n|-unboost|p1b: Whimsicott|atk|1\n|turn|1\n|\n|t:|1776432450\n|move|p2b: Incineroar|Fake Out|p1b: Whimsicott\n|-damage|p1b: Whimsicott|84/100\n|cant|p1b: Whimsicott|flinch\n|move|p2a: Aerodactyl|Tailwind|p2a: Aerodactyl\n|-sidestart|p2: huchuachua|move: Tailwind\n|move|p1a: Skarmory|Swords Dance|p1a: Skarmory\n|-boost|p1a: Skarmory|atk|2\n|\n|upkeep\n|turn|2\n|\n|t:|1776432462\n|move|p1b: Whimsicott|Encore|p2a: Aerodactyl\n|-start|p2a: Aerodactyl|Encore\n|move|p2a: Aerodactyl|Tailwind||[still]\n|-fail|p2a: Aerodactyl\n|move|p2b: Incineroar|Parting Shot|p1a: Skarmory\n|-unboost|p1a: Skarmory|atk|1\n|-unboost|p1a: Skarmory|spa|1\n|\n|t:|1776432468\n|switch|p2b: Gardevoir|Gardevoir, L50, F|100/100|[from] Parting Shot\n|-ability|p2b: Gardevoir|Prankster|Trace|[from] ability: Trace|[of] p1b: Whimsicott\n|move|p1a: Skarmory|Iron Head|p2a: Aerodactyl\n|-supereffective|p2a: Aerodactyl|1\n|-damage|p2a: Aerodactyl|6/100\n|\n|upkeep\n|turn|3\n|\n|t:|1776432479\n|switch|p2a: Incineroar|Incineroar, L50, M|100/100\n|-ability|p2a: Incineroar|Intimidate|boost\n|-unboost|p1a: Skarmory|atk|1\n|-unboost|p1b: Whimsicott|atk|1\n|detailschange|p2b: Gardevoir|Gardevoir-Mega, L50, F\n|-mega|p2b: Gardevoir|Gardevoir|Gardevoirite\n|detailschange|p1a: Skarmory|Skarmory-Mega, L50, F\n|-mega|p1a: Skarmory|Skarmory|Skarmorite\n|move|p1b: Whimsicott|Tailwind|p1b: Whimsicott\n|-sidestart|p1: hoshinaga ryo|move: Tailwind\n|move|p1a: Skarmory|Swords Dance|p1a: Skarmory\n|-boost|p1a: Skarmory|atk|2\n|move|p2b: Gardevoir|Hyper Voice|p1b: Whimsicott|[spread] p1a,p1b\n|-resisted|p1a: Skarmory|1\n|-damage|p1a: Skarmory|70/100\n|-damage|p1b: Whimsicott|11/100\n|\n|upkeep\n|turn|4\n|\n|t:|1776432495\n|move|p1a: Skarmory|Protect|p1a: Skarmory\n|-singleturn|p1a: Skarmory|Protect\n|move|p1b: Whimsicott|Moonblast|p2b: Gardevoir\n|-damage|p2b: Gardevoir|74/100\n|move|p2b: Gardevoir|Hyper Voice|p1a: Skarmory|[spread] p1b\n|-activate|p1a: Skarmory|move: Protect\n|-damage|p1b: Whimsicott|0 fnt\n|faint|p1b: Whimsicott\n|move|p2a: Incineroar|Parting Shot|p1a: Skarmory\n|-activate|p1a: Skarmory|move: Protect\n|\n|-sideend|p2: huchuachua|move: Tailwind\n|upkeep\n|\n|t:|1776432498\n|switch|p1b: Garchomp|Garchomp, L50, M|100/100\n|turn|5\n|\n|t:|1776432517\n|move|p2b: Gardevoir|Protect|p2b: Gardevoir\n|-singleturn|p2b: Gardevoir|Protect\n|move|p1b: Garchomp|Earthquake|p2a: Incineroar|[spread] p2a\n|-activate|p2b: Gardevoir|move: Protect\n|-immune|p1a: Skarmory\n|-supereffective|p2a: Incineroar|1\n|-crit|p2a: Incineroar\n|-damage|p2a: Incineroar|14/100\n|-enditem|p2a: Incineroar|Sitrus Berry|[eat]\n|-heal|p2a: Incineroar|39/100|[from] item: Sitrus Berry\n|move|p1a: Skarmory|Iron Head|p2a: Incineroar\n|-resisted|p2a: Incineroar|1\n|-damage|p2a: Incineroar|15/100\n|move|p2a: Incineroar|Parting Shot|p1a: Skarmory\n|-unboost|p1a: Skarmory|atk|1\n|-unboost|p1a: Skarmory|spa|1\n|\n|t:|1776432531\n|switch|p2a: Aerodactyl|Aerodactyl, L50, F|6/100|[from] Parting Shot\n|-ability|p2a: Aerodactyl|Pressure\n|\n|upkeep\n|turn|6\n|\n|t:|1776432546\n|switch|p2b: Incineroar|Incineroar, L50, M|15/100\n|-ability|p2b: Incineroar|Intimidate|boost\n|-unboost|p1a: Skarmory|atk|1\n|-unboost|p1b: Garchomp|atk|1\n|move|p2a: Aerodactyl|Protect|p2a: Aerodactyl\n|-singleturn|p2a: Aerodactyl|Protect\n|move|p1b: Garchomp|Earthquake|p2b: Incineroar|[spread] p2b\n|-activate|p2a: Aerodactyl|move: Protect\n|-immune|p1a: Skarmory\n|-supereffective|p2b: Incineroar|1\n|-damage|p2b: Incineroar|0 fnt\n|faint|p2b: Incineroar\n|move|p1a: Skarmory|Iron Head|p2a: Aerodactyl\n|-activate|p2a: Aerodactyl|move: Protect\n|\n|-sideend|p1: hoshinaga ryo|move: Tailwind\n|upkeep\n|\n|t:|1776432560\n|switch|p2b: Gardevoir|Gardevoir-Mega, L50, F|74/100\n|turn|7\n|\n|t:|1776432572\n|move|p1b: Garchomp|Earthquake|p2b: Gardevoir|[spread] p2b\n|-immune|p1a: Skarmory\n|-immune|p2a: Aerodactyl\n|-damage|p2b: Gardevoir|42/100\n|move|p2a: Aerodactyl|Tailwind|p2a: Aerodactyl\n|-sidestart|p2: huchuachua|move: Tailwind\n|move|p2b: Gardevoir|Hyper Voice|p1a: Skarmory|[spread] p1a,p1b\n|-resisted|p1a: Skarmory|1\n|-supereffective|p1b: Garchomp|1\n|-damage|p1a: Skarmory|40/100\n|-damage|p1b: Garchomp|0 fnt\n|faint|p1b: Garchomp\n|move|p1a: Skarmory|Iron Head|p2b: Gardevoir\n|-supereffective|p2b: Gardevoir|1\n|-damage|p2b: Gardevoir|0 fnt\n|faint|p2b: Gardevoir\n|\n|upkeep\n|\n|t:|1776432584\n|switch|p1b: Rotom|Rotom-Wash, L50|100/100\n|switch|p2b: Sneasler|Sneasler, L50, F|100/100\n|turn|8\n|\n|t:|1776432591\n|move|p1a: Skarmory|Protect|p1a: Skarmory\n|-singleturn|p1a: Skarmory|Protect\n|move|p2b: Sneasler|Close Combat|p1a: Skarmory\n|-activate|p1a: Skarmory|move: Protect\n|move|p2a: Aerodactyl|Rock Slide|p1a: Skarmory|[spread] p1b\n|-activate|p1a: Skarmory|move: Protect\n|-damage|p1b: Rotom|79/100\n|cant|p1b: Rotom|flinch\n|\n|-heal|p1b: Rotom|85/100|[from] item: Leftovers\n|upkeep\n|turn|9\n|\n|t:|1776432608\n|move|p2b: Sneasler|Close Combat|p1a: Skarmory\n|-damage|p1a: Skarmory|0 fnt\n|-unboost|p2b: Sneasler|def|1\n|-unboost|p2b: Sneasler|spd|1\n|faint|p1a: Skarmory\n|-enditem|p2b: Sneasler|White Herb\n|-clearnegativeboost|p2b: Sneasler|[silent]\n|move|p2a: Aerodactyl|Rock Slide|p1b: Rotom\n|-damage|p1b: Rotom|52/100\n|cant|p1b: Rotom|flinch\n|\n|-heal|p1b: Rotom|58/100|[from] item: Leftovers\n|upkeep\n|turn|10\n|\n|t:|1776432628\n|move|p2b: Sneasler|Close Combat|p1b: Rotom\n|-damage|p1b: Rotom|4/100\n|-unboost|p2b: Sneasler|def|1\n|-unboost|p2b: Sneasler|spd|1\n|move|p2a: Aerodactyl|Rock Slide|p1b: Rotom\n|-damage|p1b: Rotom|0 fnt\n|faint|p1b: Rotom\n|\n|win|huchuachua\n|raw|hoshinaga ryo's rating: 1156 &rarr; <strong>1137</strong><br />(-19 for losing)\n|raw|huchuachua's rating: 1235 &rarr; <strong>1254</strong><br />(+19 for winning)\n|l|\u2606hoshinaga ryo\n|player|p1|\n",
  "uploadtime": 1776432638,
  "views": 32,
  "formatid": "gen9championsvgc2026regma",
  "rating": 1137,
  "private": 0,
  "password": null
}