{
  "id": "gen9championsvgc2026regma-2587599666",
  "format": "[Gen 9 Champions] VGC 2026 Reg M-A",
  "players": [
    "gasertheegyptain",
    "Peter Panshrew\u2714\ufe0f"
  ],
  "log": "|j|\u2606gasertheegyptain\n|j|\u2606Peter Panshrew\u2714\ufe0f\n|t:|1776545788\n|gametype|doubles\n|player|p1|gasertheegyptain|unknown|\n|player|p2|Peter Panshrew\u2714\ufe0f|169|\n|gen|9\n|tier|[Gen 9 Champions] VGC 2026 Reg M-A\n|rated|Tournament battle\n|rule|Species Clause: Limit one of each Pok\u00e9mon\n|rule|Item Clause: Limit 1 of each item\n|clearpoke\n|poke|p1|Floette-Eternal, L50, F|\n|poke|p1|Ditto, L50|\n|poke|p1|Clefable, L50, F|\n|poke|p1|Vivillon, L50, M|\n|poke|p1|Sinistcha-Masterpiece, L50|\n|poke|p1|Polteageist, L50|\n|poke|p2|Medicham, L50, M|\n|poke|p2|Incineroar, L50, F|\n|poke|p2|Venusaur, L50, F|\n|poke|p2|Politoed, L50, F|\n|poke|p2|Basculegion, L50, M|\n|poke|p2|Goodra-Hisui, L50, M|\n|teampreview|4\n|c|\u2606Peter Panshrew\u2714\ufe0f|you made me very happy with double tea ghosts\n|c|\u2606gasertheegyptain|oh dont worry about it\n|c|\u2606gasertheegyptain|that smile is gonna go right off\n|j| regiseal\n|c|\u2606Peter Panshrew\u2714\ufe0f|good\n|inactive|Battle timer is ON: inactive players will automatically lose when time's up. (requested by gasertheegyptain)\n|\n|t:|1776545903\n|teamsize|p1|4\n|teamsize|p2|4\n|start\n|switch|p1a: Polteageist|Polteageist, L50|100/100\n|switch|p1b: Clefable|Clefable, L50, F|100/100\n|switch|p2a: Incineroar|Incineroar, L50, F|100/100\n|switch|p2b: Venusaur|Venusaur, L50, F|100/100\n|-ability|p2a: Incineroar|Intimidate|boost\n|-unboost|p1a: Polteageist|atk|1\n|-unboost|p1b: Clefable|atk|1\n|-enditem|p1a: Polteageist|White Herb\n|-clearnegativeboost|p1a: Polteageist|[silent]\n|turn|1\n|\n|t:|1776545921\n|move|p1b: Clefable|Protect|p1b: Clefable\n|-singleturn|p1b: Clefable|Protect\n|move|p2b: Venusaur|Leech Seed|p1a: Polteageist\n|-start|p1a: Polteageist|move: Leech Seed\n|move|p1a: Polteageist|Shell Smash|p1a: Polteageist\n|-unboost|p1a: Polteageist|def|1\n|-unboost|p1a: Polteageist|spd|1\n|-boost|p1a: Polteageist|atk|2\n|-boost|p1a: Polteageist|spa|2\n|-boost|p1a: Polteageist|spe|2\n|move|p2a: Incineroar|Snarl|p1b: Clefable|[spread] p1a\n|-activate|p1b: Clefable|move: Protect\n|-supereffective|p1a: Polteageist|1\n|-damage|p1a: Polteageist|65/100\n|-unboost|p1a: Polteageist|spa|1\n|\n|-damage|p1a: Polteageist|53/100|[from] Leech Seed|[of] p2b: Venusaur\n|upkeep\n|turn|2\n|j|@krangune\u2764\n|inactive|Peter Panshrew\u2714\ufe0f has 30 seconds left.\n|\n|t:|1776545950\n|detailschange|p2b: Venusaur|Venusaur-Mega, L50, F\n|-mega|p2b: Venusaur|Venusaur|Venusaurite\n|move|p1b: Clefable|Follow Me|p1b: Clefable\n|-singleturn|p1b: Clefable|move: Follow Me\n|move|p1a: Polteageist|Baton Pass|p1a: Polteageist\n|\n|t:|1776545956\n|switch|p1a: Floette|Floette-Eternal, L50, F|100/100|[from] Baton Pass\n|move|p2b: Venusaur|Sludge Bomb|p1b: Clefable\n|-supereffective|p1b: Clefable|1\n|-damage|p1b: Clefable|34/100\n|move|p2a: Incineroar|Snarl|p1a: Floette|[spread] p1a,p1b\n|-resisted|p1a: Floette|1\n|-resisted|p1b: Clefable|1\n|-damage|p1a: Floette|92/100\n|-damage|p1b: Clefable|29/100\n|-unboost|p1a: Floette|spa|1\n|-unboost|p1b: Clefable|spa|1\n|\n|-damage|p1a: Floette|80/100|[from] Leech Seed|[of] p2b: Venusaur\n|upkeep\n|turn|3\n|c|@krangune\u2764|i thought mega scovillain would be your mega peter\n|\n|t:|1776545974\n|detailschange|p1a: Floette|Floette-Mega, L50, F\n|-mega|p1a: Floette|Floette|Floettite\n|-ability|p1a: Floette|Fairy Aura\n|move|p1b: Clefable|Follow Me|p1b: Clefable\n|-singleturn|p1b: Clefable|move: Follow Me\n|move|p1a: Floette|Moonblast|p2a: Incineroar\n|-damage|p2a: Incineroar|33/100\n|-unboost|p2a: Incineroar|spa|1\n|-enditem|p2a: Incineroar|Sitrus Berry|[eat]\n|-heal|p2a: Incineroar|58/100|[from] item: Sitrus Berry\n|move|p2b: Venusaur|Sludge Bomb|p1b: Clefable\n|-supereffective|p1b: Clefable|1\n|-damage|p1b: Clefable|0 fnt\n|faint|p1b: Clefable\n|move|p2a: Incineroar|Snarl|p1a: Floette\n|-resisted|p1a: Floette|1\n|-damage|p1a: Floette|73/100\n|-unboost|p1a: Floette|spa|1\n|\n|-damage|p1a: Floette|61/100|[from] Leech Seed|[of] p2b: Venusaur\n|upkeep\n|c|\u2606Peter Panshrew\u2714\ufe0f|I'm old and bad\n|l| regiseal\n|j|+holdingb\n|\n|t:|1776545992\n|switch|p1b: Polteageist|Polteageist, L50|53/100\n|turn|4\n|j| regiseal\n|l| regiseal\n|\n|t:|1776546011\n|move|p1b: Polteageist|Protect|p1b: Polteageist\n|-singleturn|p1b: Polteageist|Protect\n|move|p1a: Floette|Calm Mind|p1a: Floette\n|-boost|p1a: Floette|spa|1\n|-boost|p1a: Floette|spd|1\n|move|p2b: Venusaur|Sludge Bomb|p1a: Floette\n|-supereffective|p1a: Floette|1\n|-damage|p1a: Floette|0 fnt\n|faint|p1a: Floette\n|move|p2a: Incineroar|Snarl|p1b: Polteageist\n|-activate|p1b: Polteageist|move: Protect\n|\n|upkeep\n|\n|t:|1776546018\n|switch|p1a: Ditto|Ditto, L50|100/100\n|turn|5\n|\n|t:|1776546027\n|move|p2b: Venusaur|Giga Drain|p1b: Polteageist\n|-damage|p1b: Polteageist|23/100\n|move|p1b: Polteageist|Shell Smash|p1b: Polteageist\n|-unboost|p1b: Polteageist|def|1\n|-unboost|p1b: Polteageist|spd|1\n|-boost|p1b: Polteageist|atk|2\n|-boost|p1b: Polteageist|spa|2\n|-boost|p1b: Polteageist|spe|2\n|move|p2a: Incineroar|Snarl|p1b: Polteageist|[spread] p1a,p1b\n|-supereffective|p1b: Polteageist|1\n|-damage|p1a: Ditto|85/100\n|-damage|p1b: Polteageist|2/100\n|-unboost|p1a: Ditto|spa|1\n|-unboost|p1b: Polteageist|spa|1\n|move|p1a: Ditto|Transform|p1b: Polteageist\n|-transform|p1a: Ditto|p1b: Polteageist\n|\n|-heal|p1a: Ditto|91/100|[from] item: Leftovers\n|upkeep\n|turn|6\n|c|\u2606Peter Panshrew\u2714\ufe0f|clever\n|inactive|gasertheegyptain has 30 seconds left.\n|\n|t:|1776546060\n|move|p1b: Polteageist|Giga Drain|p2b: Venusaur\n|-resisted|p2b: Venusaur|2\n|-damage|p2b: Venusaur|94/100\n|-heal|p1b: Polteageist|5/100|[from] drain|[of] p2b: Venusaur\n|move|p1a: Ditto|Giga Drain|p2a: Incineroar\n|-resisted|p2a: Incineroar|1\n|-damage|p2a: Incineroar|36/100\n|-heal|p1a: Ditto|100/100|[from] drain|[of] p2a: Incineroar\n|move|p2b: Venusaur|Giga Drain|p1a: Ditto\n|-damage|p1a: Ditto|51/100\n|-heal|p2b: Venusaur|100/100|[from] drain|[of] p1a: Ditto\n|move|p2a: Incineroar|Snarl|p1b: Polteageist|[spread] p1a,p1b\n|-supereffective|p1a: Ditto|1\n|-supereffective|p1b: Polteageist|1\n|-damage|p1a: Ditto|27/100\n|-damage|p1b: Polteageist|0 fnt\n|-unboost|p1a: Ditto|spa|1\n|-start|p2a: Incineroar|Disable|Snarl|[from] ability: Cursed Body|[of] p1a: Ditto\n|faint|p1b: Polteageist\n|\n|-heal|p1a: Ditto|33/100|[from] item: Leftovers\n|upkeep\n|turn|7\n|c|\u2606gasertheegyptain|i saw baton pass and took it\n|c|\u2606Peter Panshrew\u2714\ufe0f|fair\n|c|\u2606gasertheegyptain|but yeah gg\n|c|\u2606Peter Panshrew\u2714\ufe0f|I used to do that too\n|c|\u2606gasertheegyptain|this was a shit post im gonan be so honest\n|c|\u2606Peter Panshrew\u2714\ufe0f|gg\n|inactive|Peter Panshrew\u2714\ufe0f has 30 seconds left.\n|c|\u2606Peter Panshrew\u2714\ufe0f|lol\n|\n|t:|1776546090\n|move|p1a: Ditto|Giga Drain|p2a: Incineroar\n|-resisted|p2a: Incineroar|1\n|-damage|p2a: Incineroar|22/100\n|-heal|p1a: Ditto|42/100|[from] drain|[of] p2a: Incineroar\n|move|p2b: Venusaur|Giga Drain|p1a: Ditto\n|-damage|p1a: Ditto|0 fnt\n|-start|p2b: Venusaur|Disable|Giga Drain|[from] ability: Cursed Body|[of] p1a: Ditto\n|faint|p1a: Ditto\n|\n|win|Peter Panshrew\u2714\ufe0f\n|n|\u2606gasertheegyptain|gasertheegyptain\n|n|\u2606Peter Panshrew\u2714\ufe0f|peterpanshrew\n|n| krangune\u2764|krangune\n|n| holdingb|holdingb\n",
  "uploadtime": 1776546094,
  "views": 11,
  "formatid": "gen9championsvgc2026regma",
  "rating": null,
  "private": 0,
  "password": null
}