{
  "id": "gen9championsvgc2026regma-2584853669",
  "format": "[Gen 9 Champions] VGC 2026 Reg M-A",
  "players": [
    "lisarb660",
    "zCesarsub"
  ],
  "log": "|j|\u2606lisarb660\n|j|\u2606zCesarsub\n|t:|1776288831\n|gametype|doubles\n|player|p1|lisarb660|1|\n|player|p2|zCesarsub|iris-gen5bw2|\n|gen|9\n|tier|[Gen 9 Champions] VGC 2026 Reg M-A\n|rule|Species Clause: Limit one of each Pok\u00e9mon\n|rule|Item Clause: Limit 1 of each item\n|clearpoke\n|poke|p1|Basculegion, L50, M|\n|poke|p1|Pelipper, L50, M|\n|poke|p1|Dragonite, L50, F|\n|poke|p1|Archaludon, L50, F|\n|poke|p1|Sneasler, L50, M|\n|poke|p1|Rotom-Heat, L50|\n|poke|p2|Politoed, L50, M|\n|poke|p2|Basculegion, L50, M|\n|poke|p2|Sinistcha, L50|\n|poke|p2|Incineroar, L50, M|\n|poke|p2|Jolteon, L50, F|\n|poke|p2|Scizor, L50, M|\n|teampreview|4\n|j| felipe_officiale\n|\n|t:|1776288925\n|teamsize|p1|4\n|teamsize|p2|4\n|start\n|switch|p1a: pelicano|Pelipper, L50, M|100/100\n|switch|p1b: lagartixa pan\u00e7uda|Dragonite, L50, F, shiny|100/100\n|switch|p2a: Incineroar|Incineroar, L50, M|100/100\n|switch|p2b: Sinistcha|Sinistcha, L50|100/100\n|-weather|RainDance|[from] ability: Drizzle|[of] p1a: pelicano\n|-ability|p2a: Incineroar|Intimidate|boost\n|-unboost|p1a: pelicano|atk|1\n|-unboost|p1b: lagartixa pan\u00e7uda|atk|1\n|turn|1\n|\n|t:|1776288979\n|move|p2b: Sinistcha|Rage Powder|p2b: Sinistcha\n|-singleturn|p2b: Sinistcha|move: Rage Powder\n|move|p1b: lagartixa pan\u00e7uda|Hurricane|p2b: Sinistcha\n|-supereffective|p2b: Sinistcha|1\n|-crit|p2b: Sinistcha\n|-damage|p2b: Sinistcha|0 fnt\n|faint|p2b: Sinistcha\n|move|p1a: pelicano|Tailwind|p1a: pelicano\n|-sidestart|p1: lisarb660|move: Tailwind\n|move|p2a: Incineroar|Parting Shot|p1a: pelicano\n|-unboost|p1a: pelicano|atk|1\n|-unboost|p1a: pelicano|spa|1\n|\n|t:|1776288991\n|switch|p2a: Basculegion|Basculegion, L50, M, shiny|100/100|[from] Parting Shot\n|\n|-weather|RainDance|[upkeep]\n|upkeep\n|\n|t:|1776288996\n|switch|p2b: Politoed|Politoed, L50, M|100/100\n|turn|2\n|\n|t:|1776289018\n|move|p1b: lagartixa pan\u00e7uda|Thunder|p2b: Politoed\n|-supereffective|p2b: Politoed|1\n|-enditem|p2b: Politoed|Wacan Berry|[eat]\n|-enditem|p2b: Politoed|Wacan Berry|[weaken]\n|-damage|p2b: Politoed|79/100\n|-status|p2b: Politoed|par\n|move|p2a: Basculegion|Ice Fang|p1b: lagartixa pan\u00e7uda\n|-supereffective|p1b: lagartixa pan\u00e7uda|2\n|-damage|p1b: lagartixa pan\u00e7uda|49/100\n|move|p1a: pelicano|Hurricane|p2a: Basculegion\n|-damage|p2a: Basculegion|61/100\n|move|p2b: Politoed|Blizzard|p1b: lagartixa pan\u00e7uda|[spread] p1a\n|-miss|p2b: Politoed|p1b: lagartixa pan\u00e7uda\n|-damage|p1a: pelicano|68/100\n|\n|-weather|RainDance|[upkeep]\n|upkeep\n|turn|3\n|\n|t:|1776289040\n|move|p2b: Politoed|Helping Hand|p2a: Basculegion\n|-singleturn|p2a: Basculegion|Helping Hand|[of] p2b: Politoed\n|move|p1b: lagartixa pan\u00e7uda|Thunder|p2a: Basculegion\n|-supereffective|p2a: Basculegion|1\n|-damage|p2a: Basculegion|0 fnt\n|faint|p2a: Basculegion\n|move|p1a: pelicano|Hurricane|p2b: Politoed\n|-damage|p2b: Politoed|53/100 par\n|-start|p2b: Politoed|confusion\n|\n|-weather|RainDance|[upkeep]\n|upkeep\n|\n|t:|1776289051\n|switch|p2a: Incineroar|Incineroar, L50, M|100/100\n|-ability|p2a: Incineroar|Intimidate|boost\n|-unboost|p1a: pelicano|atk|1\n|-unboost|p1b: lagartixa pan\u00e7uda|atk|1\n|turn|4\n|\n|t:|1776289059\n|detailschange|p1b: lagartixa pan\u00e7uda|Dragonite-Mega, L50, F, shiny\n|-mega|p1b: lagartixa pan\u00e7uda|Dragonite|Dragoninite\n|move|p2a: Incineroar|Fake Out|p1b: lagartixa pan\u00e7uda\n|-damage|p1b: lagartixa pan\u00e7uda|40/100\n|cant|p1b: lagartixa pan\u00e7uda|flinch\n|move|p1a: pelicano|Weather Ball|p2a: Incineroar\n|-supereffective|p2a: Incineroar|1\n|-damage|p2a: Incineroar|32/100\n|-enditem|p2a: Incineroar|Sitrus Berry|[eat]\n|-heal|p2a: Incineroar|57/100|[from] item: Sitrus Berry\n|-activate|p2b: Politoed|confusion\n|-damage|p2b: Politoed|47/100 par|[from] confusion\n|\n|-weather|RainDance|[upkeep]\n|-sideend|p1: lisarb660|move: Tailwind\n|upkeep\n|turn|5\n|\n|t:|1776289088\n|-end|p2b: Politoed|confusion\n|move|p2b: Politoed|Helping Hand|p2a: Incineroar\n|-singleturn|p2a: Incineroar|Helping Hand|[of] p2b: Politoed\n|move|p1b: lagartixa pan\u00e7uda|Thunder|p2b: Politoed\n|-supereffective|p2b: Politoed|1\n|-damage|p2b: Politoed|0 fnt\n|faint|p2b: Politoed\n|move|p1a: pelicano|Weather Ball|p2a: Incineroar\n|-supereffective|p2a: Incineroar|1\n|-damage|p2a: Incineroar|0 fnt\n|faint|p2a: Incineroar\n|\n|win|lisarb660\n|l|\u2606zCesarsub\n|player|p2|\n",
  "uploadtime": 1776289103,
  "views": 22,
  "formatid": "gen9championsvgc2026regma",
  "rating": null,
  "private": 0,
  "password": null
}