{
  "id": "gen9championsvgc2026regma-2581241341",
  "format": "[Gen 9 Champions] VGC 2026 Reg M-A",
  "players": [
    "testlapras",
    "ian_sirjar"
  ],
  "log": "|j|\u2606testlapras\n|j|\u2606ian_sirjar\n|t:|1775975100\n|gametype|doubles\n|player|p1|testlapras|169|1091\n|player|p2|ian_sirjar|raihan-masters|1033\n|gen|9\n|tier|[Gen 9 Champions] VGC 2026 Reg M-A\n|rated|\n|rule|Species Clause: Limit one of each Pok\u00e9mon\n|rule|Item Clause: Limit 1 of each item\n|clearpoke\n|poke|p1|Drampa, L50, M|\n|poke|p1|Sinistcha, L50|\n|poke|p1|Zoroark-Hisui, L50, F|\n|poke|p1|Maushold-Four, L50|\n|poke|p1|Clefable, L50, M|\n|poke|p1|Victreebel, L50, F|\n|poke|p2|Floette-Eternal, L50, F|\n|poke|p2|Garchomp, L50, F|\n|poke|p2|Sinistcha, L50|\n|poke|p2|Incineroar, L50, F|\n|poke|p2|Basculegion, L50, M|\n|poke|p2|Whimsicott, L50, F|\n|teampreview|4\n|inactive|Battle timer is ON: inactive players will automatically lose when time's up. (requested by testlapras)\n|inactive|testlapras has 60 seconds left.\n|\n|t:|1775975144\n|teamsize|p1|4\n|teamsize|p2|4\n|start\n|switch|p1a: Drampa|Drampa, L50, M|100/100\n|switch|p1b: Victreebel|Victreebel, L50, F|100/100\n|switch|p2a: Floette|Floette-Eternal, L50, F|100/100\n|switch|p2b: Whimsicott|Whimsicott, L50, F|100/100\n|-ability|p1a: Drampa|Cloud Nine\n|turn|1\n|inactive|testlapras has 30 seconds left.\n|inactive|ian_sirjar has 30 seconds left.\n|inactive|testlapras has 20 seconds left.\n|inactive|ian_sirjar has 20 seconds left.\n|inactive|ian_sirjar has 15 seconds left.\n|inactive|ian_sirjar has 10 seconds left.\n|\n|t:|1775975197\n|detailschange|p2a: Floette|Floette-Mega, L50, F\n|-mega|p2a: Floette|Floette|Floettite\n|-ability|p2a: Floette|Fairy Aura\n|move|p2b: Whimsicott|Protect|p2b: Whimsicott\n|-singleturn|p2b: Whimsicott|Protect\n|move|p1b: Victreebel|Protect|p1b: Victreebel\n|-singleturn|p1b: Victreebel|Protect\n|move|p2a: Floette|Protect|p2a: Floette\n|-singleturn|p2a: Floette|Protect\n|move|p1a: Drampa|Protect||[still]\n|-fail|p1a: Drampa\n|\n|upkeep\n|turn|2\n|inactive|testlapras has 30 seconds left.\n|inactive|testlapras has 20 seconds left.\n|inactive|testlapras has 15 seconds left.\n|inactive|testlapras has 10 seconds left.\n|\n|t:|1775975242\n|switch|p1a: Maushold|Maushold-Four, L50|100/100\n|move|p2b: Whimsicott|Encore|p1b: Victreebel\n|-start|p1b: Victreebel|Encore\n|move|p1b: Victreebel|Protect||[still]\n|-fail|p1b: Victreebel\n|move|p2a: Floette|Calm Mind|p2a: Floette\n|-boost|p2a: Floette|spa|1\n|-boost|p2a: Floette|spd|1\n|\n|upkeep\n|turn|3\n|inactive|ian_sirjar has 30 seconds left.\n|inactive|ian_sirjar has 20 seconds left.\n|inactive|ian_sirjar has 15 seconds left.\n|\n|t:|1775975282\n|switch|p1b: Victreebel|Victreebel, L50, F|100/100\n|move|p2b: Whimsicott|Moonblast|p1b: Victreebel\n|-resisted|p1b: Victreebel|1\n|-damage|p1b: Victreebel|72/100\n|move|p1a: Maushold|Encore|p2a: Floette\n|-start|p2a: Floette|Encore\n|move|p2a: Floette|Calm Mind|p2a: Floette\n|-boost|p2a: Floette|spa|1\n|-boost|p2a: Floette|spd|1\n|\n|upkeep\n|turn|4\n|inactive|ian_sirjar has 30 seconds left.\n|inactive|ian_sirjar has 20 seconds left.\n|inactive|ian_sirjar has 15 seconds left.\n|inactive|ian_sirjar has 10 seconds left.\n|inactive|ian_sirjar has 5 seconds left.\n|\n|t:|1775975333\n|move|p2b: Whimsicott|Tailwind|p2b: Whimsicott\n|-sidestart|p2: ian_sirjar|move: Tailwind\n|move|p2a: Floette|Calm Mind|p2a: Floette\n|-boost|p2a: Floette|spa|1\n|-boost|p2a: Floette|spd|1\n|move|p1a: Maushold|Population Bomb|p2a: Floette\n|-damage|p2a: Floette|87/100\n|-damage|p2a: Floette|73/100\n|-crit|p2a: Floette\n|-damage|p2a: Floette|54/100\n|-damage|p2a: Floette|41/100\n|-damage|p2a: Floette|28/100\n|-damage|p2a: Floette|14/100\n|-damage|p2a: Floette|0 fnt\n|faint|p2a: Floette\n|-hitcount|p2: Floette|7\n|move|p1b: Victreebel|Poison Jab|p2b: Whimsicott\n|-supereffective|p2b: Whimsicott|2\n|-enditem|p2b: Whimsicott|Focus Sash\n|-damage|p2b: Whimsicott|1/100\n|-status|p2b: Whimsicott|psn\n|\n|-damage|p2b: Whimsicott|0 fnt|[from] psn\n|faint|p2b: Whimsicott\n|upkeep\n|\n|t:|1775975355\n|switch|p2b: Garchomp|Garchomp, L50, F|100/100\n|switch|p2a: Incineroar|Incineroar, L50, F|100/100\n|-ability|p2a: Incineroar|Intimidate|boost\n|-unboost|p1a: Maushold|atk|1\n|-unboost|p1b: Victreebel|atk|1\n|turn|5\n|inactive|testlapras has 30 seconds left.\n|inactive|testlapras has 20 seconds left.\n|inactive|testlapras has 15 seconds left.\n|inactive|testlapras has 10 seconds left.\n|inactive|testlapras has 5 seconds left.\n|\n|t:|1775975406\n|detailschange|p1b: Victreebel|Victreebel-Mega, L50, F\n|-mega|p1b: Victreebel|Victreebel|Victreebelite\n|move|p1a: Maushold|Protect|p1a: Maushold\n|-singleturn|p1a: Maushold|Protect\n|move|p2a: Incineroar|Fake Out|p1a: Maushold\n|-activate|p1a: Maushold|move: Protect\n|move|p2b: Garchomp|Rock Slide|p1b: Victreebel|[spread] p1b\n|-activate|p1a: Maushold|move: Protect\n|-damage|p1b: Victreebel|51/100\n|move|p1b: Victreebel|Sleep Powder|p2b: Garchomp|[miss]\n|-miss|p1b: Victreebel|p2b: Garchomp\n|\n|upkeep\n|turn|6\n|inactive|ian_sirjar has 30 seconds left.\n|inactive|ian_sirjar has 20 seconds left.\n|inactive|ian_sirjar has 15 seconds left.\n|inactive|ian_sirjar has 10 seconds left.\n|inactive|ian_sirjar has 5 seconds left.\n|\n|t:|1775975458\n|move|p2b: Garchomp|Rock Slide|p1b: Victreebel|[spread] p1a,p1b\n|-damage|p1a: Maushold|69/100\n|-damage|p1b: Victreebel|30/100\n|move|p2a: Incineroar|Flare Blitz|p1b: Victreebel\n|-supereffective|p1b: Victreebel|1\n|-damage|p1b: Victreebel|0 fnt\n|-damage|p2a: Incineroar|73/100|[from] ability: Innards Out|[of] p1b: Victreebel\n|faint|p1b: Victreebel\n|-damage|p2a: Incineroar|64/100|[from] Recoil\n|cant|p1a: Maushold|flinch\n|\n|-heal|p2a: Incineroar|70/100|[from] item: Leftovers\n|upkeep\n|\n|t:|1775975480\n|switch|p1b: Drampa|Drampa, L50, M|100/100\n|-ability|p1b: Drampa|Cloud Nine\n|turn|7\n|inactive|testlapras has 30 seconds left.\n|inactive|testlapras has 20 seconds left.\n|inactive|testlapras has 15 seconds left.\n|\n|t:|1775975523\n|move|p2b: Garchomp|Breaking Swipe|p1a: Maushold|[spread] p1a,p1b\n|-supereffective|p1b: Drampa|1\n|-damage|p1a: Maushold|31/100\n|-damage|p1b: Drampa|48/100\n|-unboost|p1a: Maushold|atk|1\n|-unboost|p1b: Drampa|atk|1\n|-enditem|p1a: Maushold|Sitrus Berry|[eat]\n|-heal|p1a: Maushold|55/100|[from] item: Sitrus Berry\n|move|p2a: Incineroar|Throat Chop|p1b: Drampa\n|-damage|p1b: Drampa|7/100\n|-start|p1b: Drampa|Throat Chop|[silent]\n|move|p1a: Maushold|Thief|p2b: Garchomp\n|-damage|p2b: Garchomp|88/100\n|-damage|p1a: Maushold|44/100|[from] ability: Rough Skin|[of] p2b: Garchomp\n|-enditem|p1a: Maushold|White Herb\n|-clearnegativeboost|p1a: Maushold|[silent]\n|-enditem|p2b: Garchomp|White Herb|[silent]|[from] move: Thief|[of] p1a: Maushold\n|-item|p1a: Maushold|White Herb|[from] move: Thief|[of] p2b: Garchomp\n|move|p1b: Drampa|Earth Power|p2a: Incineroar\n|-supereffective|p2a: Incineroar|1\n|-damage|p2a: Incineroar|12/100\n|\n|-heal|p2a: Incineroar|18/100|[from] item: Leftovers\n|-sideend|p2: ian_sirjar|move: Tailwind\n|upkeep\n|turn|8\n|inactive|testlapras has 30 seconds left.\n|inactive|ian_sirjar has 30 seconds left.\n|inactive|testlapras has 20 seconds left.\n|inactive|testlapras has 15 seconds left.\n|inactive|testlapras has 10 seconds left.\n|inactive|testlapras has 5 seconds left.\n|\n|t:|1775975573\n|move|p1b: Drampa|Protect|p1b: Drampa\n|-singleturn|p1b: Drampa|Protect\n|move|p2b: Garchomp|Breaking Swipe|p1b: Drampa|[spread] p1a\n|-activate|p1b: Drampa|move: Protect\n|-damage|p1a: Maushold|9/100\n|-unboost|p1a: Maushold|atk|1\n|move|p1a: Maushold|Population Bomb|p2b: Garchomp|[miss]\n|-miss|p1a: Maushold|p2b: Garchomp\n|move|p2a: Incineroar|Throat Chop|p1a: Maushold\n|-damage|p1a: Maushold|0 fnt\n|faint|p1a: Maushold\n|\n|-heal|p2a: Incineroar|24/100|[from] item: Leftovers\n|-end|p1b: Drampa|Throat Chop|[silent]\n|upkeep\n|\n|t:|1775975587\n|switch|p1a: Drampa|Drampa, L50, M|100/100\n|turn|9\n|\n|t:|1775975603\n|move|p1a: Drampa|Round|p2b: Garchomp\n|-damage|p2b: Garchomp|55/100\n|move|p1b: Drampa|Round|p2b: Garchomp|[from] move: Round\n|-damage|p2b: Garchomp|0 fnt\n|faint|p2b: Garchomp\n|move|p2a: Incineroar|Throat Chop|p1a: Drampa\n|-supereffective|p1a: Drampa|1\n|-enditem|p1a: Drampa|Focus Sash\n|-damage|p1a: Drampa|1/100\n|-start|p1a: Drampa|Throat Chop|[silent]\n|replace|p1a: Zoroark|Zoroark-Hisui, L50, F\n|-end|p1a: Zoroark|Illusion\n|\n|-heal|p2a: Incineroar|30/100|[from] item: Leftovers\n|upkeep\n|turn|10\n|\n|t:|1775975624\n|move|p1a: Zoroark|Sludge Bomb|p2a: Incineroar\n|-damage|p2a: Incineroar|0 fnt\n|faint|p2a: Incineroar\n|\n|win|testlapras\n|raw|testlapras's rating: 1091 &rarr; <strong>1113</strong><br />(+22 for winning)\n|raw|ian_sirjar's rating: 1033 &rarr; <strong>1021</strong><br />(-12 for losing)\n",
  "uploadtime": 1775975634,
  "views": 14,
  "formatid": "gen9championsvgc2026regma",
  "rating": 1021,
  "private": 0,
  "password": null
}