{
  "id": "gen9championsvgc2026regma-2582545531",
  "format": "[Gen 9 Champions] VGC 2026 Reg M-A",
  "players": [
    "nuovosangue",
    "bugbav !!"
  ],
  "log": "|j|\u2606nuovosangue\n|j|\u2606bugbav !!\n|t:|1776098490\n|gametype|doubles\n|player|p1|nuovosangue|grimsley|1115\n|player|p2|bugbav !!|elesa|1030\n|gen|9\n|tier|[Gen 9 Champions] VGC 2026 Reg M-A\n|rated|\n|rule|Species Clause: Limit one of each Pok\u00e9mon\n|rule|Item Clause: Limit 1 of each item\n|clearpoke\n|poke|p1|Charizard, L50, F|\n|poke|p1|Venusaur, L50, F|\n|poke|p1|Whimsicott, L50, F|\n|poke|p1|Garchomp, L50, F|\n|poke|p1|Sneasler, L50, M|\n|poke|p1|Incineroar, L50, F|\n|poke|p2|Tsareena, L50, F|\n|poke|p2|Meowstic-F, L50, F|\n|poke|p2|Talonflame, L50, M|\n|poke|p2|Aegislash, L50, M|\n|poke|p2|Gyarados, L50, M|\n|poke|p2|Aerodactyl, L50, F|\n|teampreview|4\nbugbav !! has agreed to open team sheets.\n|inactive|Battle timer is ON: inactive players will automatically lose when time's up. (requested by nuovosangue)\n|\n|t:|1776098526\n|teamsize|p1|4\n|teamsize|p2|4\n|start\n|switch|p1a: Sneasler|Sneasler, L50, M|100/100\n|switch|p1b: Whimsicott|Whimsicott, L50, F|100/100\n|switch|p2a: Talonflame|Talonflame, L50, M|100/100\n|switch|p2b: Aerodactyl|Aerodactyl, L50, F|100/100\n|-ability|p2b: Aerodactyl|Pressure\n|turn|1\n|inactive|nuovosangue has 30 seconds left.\n|\n|t:|1776098554\n|switch|p2b: Tsareena|Tsareena, L50, F|100/100\n|move|p1a: Sneasler|Fake Out||[still]\n|cant|p2b: Tsareena|ability: Queenly Majesty|Fake Out|[of] p1a: Sneasler\n|move|p2a: Talonflame|Tailwind|p2a: Talonflame\n|-sidestart|p2: bugbav !!|move: Tailwind\n|move|p1b: Whimsicott|Tailwind|p1b: Whimsicott\n|-sidestart|p1: nuovosangue|move: Tailwind\n|\n|upkeep\n|turn|2\n|inactive|nuovosangue has 30 seconds left.\n|\n|t:|1776098584\n|move|p1b: Whimsicott|Encore||[still]\n|cant|p2b: Tsareena|ability: Queenly Majesty|Encore|[of] p1b: Whimsicott\n|move|p2a: Talonflame|Will-O-Wisp|p1a: Sneasler\n|-status|p1a: Sneasler|brn\n|move|p1a: Sneasler|Dire Claw|p2b: Tsareena\n|-supereffective|p2b: Tsareena|1\n|-damage|p2b: Tsareena|49/100\n|-status|p2b: Tsareena|par\n|move|p2b: Tsareena|Taunt|p1b: Whimsicott\n|-start|p1b: Whimsicott|move: Taunt\n|\n|-damage|p1a: Sneasler|95/100 brn|[from] brn\n|upkeep\n|turn|3\n|\n|t:|1776098606\n|switch|p1b: Incineroar|Incineroar, L50, F|100/100\n|-ability|p1b: Incineroar|Intimidate|boost\n|-unboost|p2a: Talonflame|atk|1\n|-unboost|p2b: Tsareena|atk|1\n|switch|p2b: Aerodactyl|Aerodactyl, L50, F|100/100\n|-ability|p2b: Aerodactyl|Pressure\n|move|p2a: Talonflame|Brave Bird|p1a: Sneasler\n|-supereffective|p1a: Sneasler|1\n|-damage|p1a: Sneasler|0 fnt\n|faint|p1a: Sneasler\n|-damage|p2a: Talonflame|71/100|[from] Recoil\n|\n|upkeep\n|\n|t:|1776098623\n|switch|p1a: Whimsicott|Whimsicott, L50, F|100/100\n|turn|4\n|\n|t:|1776098646\n|move|p2b: Aerodactyl|Protect|p2b: Aerodactyl\n|-singleturn|p2b: Aerodactyl|Protect\n|move|p1b: Incineroar|Fake Out|p2b: Aerodactyl\n|-activate|p2b: Aerodactyl|move: Protect\n|move|p2a: Talonflame|Brave Bird|p1a: Whimsicott\n|-supereffective|p1a: Whimsicott|1\n|-damage|p1a: Whimsicott|25/100\n|-damage|p2a: Talonflame|50/100|[from] Recoil\n|move|p1a: Whimsicott|Moonblast|p2a: Talonflame\n|-resisted|p2a: Talonflame|1\n|-damage|p2a: Talonflame|25/100\n|-unboost|p2a: Talonflame|spa|1\n|\n|-sideend|p2: bugbav !!|move: Tailwind\n|-sideend|p1: nuovosangue|move: Tailwind\n|upkeep\n|turn|5\n|inactive|nuovosangue has 30 seconds left.\n|inactive|nuovosangue has 20 seconds left.\n|inactive|nuovosangue has 15 seconds left.\n|inactive|bugbav !! has 30 seconds left.\n|\n|t:|1776098690\n|switch|p2a: Tsareena|Tsareena, L50, F|49/100 par\n|move|p1a: Whimsicott|Encore||[still]\n|cant|p2a: Tsareena|ability: Queenly Majesty|Encore|[of] p1a: Whimsicott\n|move|p2b: Aerodactyl|Rock Slide|p1a: Whimsicott|[spread] p1a,p1b\n|-supereffective|p1b: Incineroar|1\n|-crit|p1b: Incineroar\n|-damage|p1a: Whimsicott|0 fnt\n|-damage|p1b: Incineroar|5/100\n|faint|p1a: Whimsicott\n|move|p1b: Incineroar|Flare Blitz|p2a: Tsareena\n|-supereffective|p2a: Tsareena|1\n|-damage|p2a: Tsareena|0 fnt\n|faint|p2a: Tsareena\n|-damage|p1b: Incineroar|0 fnt|[from] Recoil\n|faint|p1b: Incineroar\n|\n|upkeep\n|inactive|nuovosangue has 30 seconds left.\n|inactive|nuovosangue has 20 seconds left.\n|inactive|nuovosangue has 15 seconds left.\n|inactive|nuovosangue has 10 seconds left.\n|inactive|nuovosangue has 5 seconds left.\n|\n|t:|1776098745\n|switch|p1a: Charizard|Charizard, L50, F|100/100\n|switch|p2a: Talonflame|Talonflame, L50, M|25/100\n|turn|6\n|\n|t:|1776098770\n|detailschange|p1a: Charizard|Charizard-Mega-Y, L50, F\n|-mega|p1a: Charizard|Charizard|Charizardite Y\n|-weather|SunnyDay|[from] ability: Drought|[of] p1a: Charizard\n|move|p2a: Talonflame|Tailwind|p2a: Talonflame\n|-sidestart|p2: bugbav !!|move: Tailwind\n|move|p2b: Aerodactyl|Rock Slide|p1a: Charizard\n|-supereffective|p1a: Charizard|2\n|-damage|p1a: Charizard|0 fnt\n|faint|p1a: Charizard\n|\n|win|bugbav !!\n|raw|nuovosangue's rating: 1115 &rarr; <strong>1084</strong><br />(-31 for losing)\n|raw|bugbav !!'s rating: 1030 &rarr; <strong>1074</strong><br />(+44 for winning)\n|l|\u2606nuovosangue\n|player|p1|\n",
  "uploadtime": 1776098782,
  "views": 10,
  "formatid": "gen9championsvgc2026regma",
  "rating": 1074,
  "private": 0,
  "password": null
}