{
  "id": "gen9championsvgc2026regma-2582040577",
  "format": "[Gen 9 Champions] VGC 2026 Reg M-A",
  "players": [
    "erasure44",
    "SpaghettiBoy25"
  ],
  "log": "|j|\u2606erasure44\n|j|\u2606SpaghettiBoy25\n|t:|1776051012\n|gametype|doubles\n|player|p1|erasure44|psychic-gen4|1139\n|player|p2|SpaghettiBoy25|fantina|1232\n|gen|9\n|tier|[Gen 9 Champions] VGC 2026 Reg M-A\n|rated|\n|rule|Species Clause: Limit one of each Pok\u00e9mon\n|rule|Item Clause: Limit 1 of each item\n|clearpoke\n|poke|p1|Lucario, L50, M|\n|poke|p1|Ceruledge, L50, F|\n|poke|p1|Sneasler, L50, M|\n|poke|p1|Pelipper, L50, M|\n|poke|p1|Basculegion, L50, M|\n|poke|p1|Rotom-Wash, L50|\n|poke|p2|Whimsicott, L50, F|\n|poke|p2|Charizard, L50, M|\n|poke|p2|Sneasler, L50, M|\n|poke|p2|Venusaur, L50, M|\n|poke|p2|Garchomp, L50, F|\n|poke|p2|Rotom-Wash, L50|\n|teampreview|4\n|\n|t:|1776051061\n|teamsize|p1|4\n|teamsize|p2|4\n|start\n|switch|p1a: Basculegion|Basculegion, L50, M|100/100\n|switch|p1b: Pelipper|Pelipper, L50, M|100/100\n|switch|p2a: Whimsicott|Whimsicott, L50, F|100/100\n|switch|p2b: Sneasler|Sneasler, L50, M|100/100\n|-weather|RainDance|[from] ability: Drizzle|[of] p1b: Pelipper\n|turn|1\n|\n|t:|1776051084\n|switch|p2b: Rotom|Rotom-Wash, L50|100/100\n|move|p2a: Whimsicott|Tailwind|p2a: Whimsicott\n|-sidestart|p2: SpaghettiBoy25|move: Tailwind\n|move|p1a: Basculegion|Wave Crash|p2b: Rotom\n|-resisted|p2b: Rotom|1\n|-damage|p2b: Rotom|45/100\n|-damage|p1a: Basculegion|86/100|[from] Recoil\n|move|p1b: Pelipper|Tailwind|p1b: Pelipper\n|-sidestart|p1: erasure44|move: Tailwind\n|\n|-weather|RainDance|[upkeep]\n|-heal|p2b: Rotom|51/100|[from] item: Leftovers\n|upkeep\n|turn|2\n|\n|t:|1776051103\n|switch|p1b: Ceruledge|Ceruledge, L50, F|100/100\n|move|p2a: Whimsicott|Encore||[still]\n|-fail|p2a: Whimsicott\n|move|p1a: Basculegion|Wave Crash|p2b: Rotom\n|-resisted|p2b: Rotom|1\n|-damage|p2b: Rotom|0 fnt\n|faint|p2b: Rotom\n|-damage|p1a: Basculegion|72/100|[from] Recoil\n|\n|-weather|RainDance|[upkeep]\n|upkeep\n|\n|t:|1776051113\n|switch|p2b: Charizard|Charizard, L50, M|100/100\n|turn|3\n|\n|t:|1776051142\n|detailschange|p2b: Charizard|Charizard-Mega-Y, L50, M\n|-mega|p2b: Charizard|Charizard|Charizardite Y\n|-weather|SunnyDay|[from] ability: Drought|[of] p2b: Charizard\n|move|p1a: Basculegion|Protect|p1a: Basculegion\n|-singleturn|p1a: Basculegion|Protect\n|move|p2a: Whimsicott|Moonblast|p1a: Basculegion\n|-activate|p1a: Basculegion|move: Protect\n|move|p2b: Charizard|Solar Beam||[still]\n|-prepare|p2b: Charizard|Solar Beam\n|-anim|p2b: Charizard|Solar Beam|p1a: Basculegion\n|-activate|p1a: Basculegion|move: Protect\n|move|p1b: Ceruledge|Bitter Blade|p2b: Charizard\n|-resisted|p2b: Charizard|1\n|-damage|p2b: Charizard|48/100\n|\n|-weather|SunnyDay|[upkeep]\n|upkeep\n|turn|4\n|\n|t:|1776051179\n|switch|p1a: Pelipper|Pelipper, L50, M|100/100\n|-weather|RainDance|[from] ability: Drizzle|[of] p1a: Pelipper\n|move|p2a: Whimsicott|Encore||[still]\n|-fail|p2a: Whimsicott\n|move|p1b: Ceruledge|Shadow Sneak|p2b: Charizard\n|-damage|p2b: Charizard|13/100\n|move|p2b: Charizard|Weather Ball|p1b: Ceruledge\n|-supereffective|p1b: Ceruledge|1\n|-damage|p1b: Ceruledge|0 fnt\n|faint|p1b: Ceruledge\n|\n|-weather|RainDance|[upkeep]\n|-sideend|p1: erasure44|move: Tailwind\n|-sideend|p2: SpaghettiBoy25|move: Tailwind\n|upkeep\n|\n|t:|1776051192\n|switch|p1b: Basculegion|Basculegion, L50, M|72/100\n|turn|5\n|\n|t:|1776051208\n|move|p2b: Charizard|Protect|p2b: Charizard\n|-singleturn|p2b: Charizard|Protect\n|move|p1a: Pelipper|Wide Guard|p1a: Pelipper\n|-singleturn|p1a: Pelipper|Wide Guard\n|move|p1b: Basculegion|Aqua Jet|p2b: Charizard\n|-activate|p2b: Charizard|move: Protect\n|move|p2a: Whimsicott|Sunny Day|p2a: Whimsicott\n|-weather|SunnyDay\n|\n|-weather|SunnyDay|[upkeep]\n|upkeep\n|turn|6\n|\n|t:|1776051220\n|switch|p2b: Sneasler|Sneasler, L50, M|100/100\n|move|p1b: Basculegion|Aqua Jet|p2b: Sneasler\n|-damage|p2b: Sneasler|83/100\n|move|p2a: Whimsicott|Moonblast|p1b: Basculegion\n|-damage|p1b: Basculegion|32/100\n|move|p1a: Pelipper|Rain Dance|p1a: Pelipper\n|-weather|RainDance\n|\n|-weather|RainDance|[upkeep]\n|upkeep\n|turn|7\n|\n|t:|1776051237\n|switch|p1b: aura farmer|Lucario, L50, M|100/100\n|move|p2a: Whimsicott|Sunny Day|p2a: Whimsicott\n|-weather|SunnyDay\n|move|p2b: Sneasler|Throat Chop|p1b: aura farmer\n|-resisted|p1b: aura farmer|1\n|-damage|p1b: aura farmer|77/100\n|-start|p1b: aura farmer|Throat Chop|[silent]\n|move|p1a: Pelipper|Hurricane|p2b: Sneasler|[miss]\n|-miss|p1a: Pelipper|p2b: Sneasler\n|\n|-weather|SunnyDay|[upkeep]\n|upkeep\n|turn|8\n|\n|t:|1776051259\n|detailschange|p1b: aura farmer|Lucario-Mega, L50, M\n|-mega|p1b: aura farmer|Lucario|Lucarionite\n|move|p2a: Whimsicott|Tailwind|p2a: Whimsicott\n|-sidestart|p2: SpaghettiBoy25|move: Tailwind\n|move|p2b: Sneasler|Close Combat|p1b: aura farmer\n|-supereffective|p1b: aura farmer|1\n|-damage|p1b: aura farmer|0 fnt\n|-unboost|p2b: Sneasler|def|1\n|-unboost|p2b: Sneasler|spd|1\n|faint|p1b: aura farmer\n|-enditem|p2b: Sneasler|White Herb\n|-clearnegativeboost|p2b: Sneasler|[silent]\n|move|p1a: Pelipper|Tailwind|p1a: Pelipper\n|-sidestart|p1: erasure44|move: Tailwind\n|\n|-weather|SunnyDay|[upkeep]\n|upkeep\n|\n|t:|1776051265\n|switch|p1b: Basculegion|Basculegion, L50, M|32/100\n|turn|9\n|\n|t:|1776051274\n|move|p1b: Basculegion|Protect|p1b: Basculegion\n|-singleturn|p1b: Basculegion|Protect\n|move|p2a: Whimsicott|Encore|p1a: Pelipper\n|-start|p1a: Pelipper|Encore\n|move|p2b: Sneasler|Throat Chop|p1b: Basculegion\n|-activate|p1b: Basculegion|move: Protect\n|move|p1a: Pelipper|Tailwind||[still]\n|-fail|p1a: Pelipper\n|\n|-weather|SunnyDay|[upkeep]\n|upkeep\n|turn|10\n|-message|erasure44 forfeited.\n|\n|win|SpaghettiBoy25\n|raw|erasure44's rating: 1139 &rarr; <strong>1121</strong><br />(-18 for losing)\n|raw|SpaghettiBoy25's rating: 1232 &rarr; <strong>1250</strong><br />(+18 for winning)\n",
  "uploadtime": 1776051903,
  "views": 20,
  "formatid": "gen9championsvgc2026regma",
  "rating": 1121,
  "private": 0,
  "password": null
}