{
  "id": "gen9championsvgc2026regma-2581867398",
  "format": "[Gen 9 Champions] VGC 2026 Reg M-A",
  "players": [
    "Jfurb28",
    "injuryreserv3"
  ],
  "log": "|j|\u2606Jfurb28\n|j|\u2606injuryreserv3\n|t:|1776035083\n|gametype|doubles\n|player|p1|Jfurb28|266|1301\n|player|p2|injuryreserv3|sabrina|1304\n|gen|9\n|tier|[Gen 9 Champions] VGC 2026 Reg M-A\n|rated|\n|rule|Species Clause: Limit one of each Pok\u00e9mon\n|rule|Item Clause: Limit 1 of each item\n|clearpoke\n|poke|p1|Torkoal, L50, F|\n|poke|p1|Meowscarada, L50, F|\n|poke|p1|Oranguru, L50, F|\n|poke|p1|Golurk, L50|\n|poke|p1|Sneasler, L50, M|\n|poke|p1|Incineroar, L50, M|\n|poke|p2|Whimsicott, L50, M|\n|poke|p2|Charizard, L50, M|\n|poke|p2|Sneasler, L50, F|\n|poke|p2|Basculegion, L50, M|\n|poke|p2|Floette-Eternal, L50, F|\n|poke|p2|Incineroar, L50, M|\n|teampreview|4\n|inactive|Battle timer is ON: inactive players will automatically lose when time's up. (requested by Jfurb28)\n|\n|t:|1776035124\n|teamsize|p1|4\n|teamsize|p2|4\n|start\n|switch|p1a: Sneasler|Sneasler, L50, M|100/100\n|switch|p1b: Oranguru|Oranguru, L50, F|100/100\n|switch|p2a: Charizard|Charizard, L50, M|100/100\n|switch|p2b: Incineroar|Incineroar, L50, M|100/100\n|-ability|p2b: Incineroar|Intimidate|boost\n|-unboost|p1a: Sneasler|atk|1\n|-fail|p1b: Oranguru|unboost|Attack|[from] ability: Inner Focus|[of] p1b: Oranguru\n|-enditem|p1a: Sneasler|White Herb\n|-clearnegativeboost|p1a: Sneasler|[silent]\n|turn|1\n|inactive|Jfurb28 has 30 seconds left.\n|inactive|injuryreserv3 has 30 seconds left.\n|inactive|injuryreserv3 has 20 seconds left.\n|inactive|injuryreserv3 has 15 seconds left.\n|inactive|injuryreserv3 has 10 seconds left.\n|inactive|injuryreserv3 has 5 seconds left.\n|\n|t:|1776035177\n|move|p2a: Charizard|Protect|p2a: Charizard\n|-singleturn|p2a: Charizard|Protect\n|move|p2b: Incineroar|Fake Out|p1a: Sneasler\n|-damage|p1a: Sneasler|82/100\n|cant|p1a: Sneasler|flinch\n|move|p1b: Oranguru|Trick Room|p1b: Oranguru\n|-fieldstart|move: Trick Room|[of] p1b: Oranguru\n|\n|upkeep\n|turn|2\n|j| faetaso\n|\n|t:|1776035193\n|detailschange|p2a: Charizard|Charizard-Mega-Y, L50, M\n|-mega|p2a: Charizard|Charizard|Charizardite Y\n|-weather|SunnyDay|[from] ability: Drought|[of] p2a: Charizard\n|move|p1b: Oranguru|Encore|p2a: Charizard\n|-start|p2a: Charizard|Encore\n|move|p2a: Charizard|Protect||[still]\n|-fail|p2a: Charizard\n|move|p2b: Incineroar|Parting Shot|p1a: Sneasler\n|-unboost|p1a: Sneasler|atk|1\n|-unboost|p1a: Sneasler|spa|1\n|\n|t:|1776035206\n|switch|p2b: Basculegion|Basculegion, L50, M|100/100|[from] Parting Shot\n|move|p1a: Sneasler|Close Combat|p2b: Basculegion\n|-immune|p2b: Basculegion\n|\n|-weather|SunnyDay|[upkeep]\n|upkeep\n|turn|3\n|\n|t:|1776035224\n|switch|p2a: Incineroar|Incineroar, L50, M|100/100\n|-ability|p2a: Incineroar|Intimidate|boost\n|-unboost|p1a: Sneasler|atk|1\n|-fail|p1b: Oranguru|unboost|Attack|[from] ability: Inner Focus|[of] p1b: Oranguru\n|move|p1b: Oranguru|Psychic Noise|p2a: Incineroar\n|-immune|p2a: Incineroar\n|move|p2b: Basculegion|Crunch|p1b: Oranguru\n|-supereffective|p1b: Oranguru|1\n|-crit|p1b: Oranguru\n|-damage|p1b: Oranguru|40/100\n|-unboost|p1b: Oranguru|def|1\n|move|p1a: Sneasler|Dire Claw|p2a: Incineroar\n|-damage|p2a: Incineroar|84/100\n|\n|-weather|SunnyDay|[upkeep]\n|-heal|p2a: Incineroar|90/100|[from] item: Leftovers\n|upkeep\n|turn|4\n|\n|t:|1776035244\n|switch|p1b: Golurk|Golurk, L50|100/100\n|switch|p1a: Torkoal|Torkoal, L50, F|100/100\n|move|p2a: Incineroar|Flare Blitz|p1a: Torkoal\n|-resisted|p1a: Torkoal|1\n|-damage|p1a: Torkoal|75/100\n|-damage|p2a: Incineroar|82/100|[from] Recoil\n|move|p2b: Basculegion|Crunch|p1b: Golurk\n|-supereffective|p1b: Golurk|1\n|-damage|p1b: Golurk|34/100\n|\n|-weather|SunnyDay|[upkeep]\n|-heal|p2a: Incineroar|88/100|[from] item: Leftovers\n|upkeep\n|turn|5\n|inactive|injuryreserv3 has 30 seconds left.\n|inactive|injuryreserv3 has 20 seconds left.\n|\n|t:|1776035282\n|switch|p2b: Sneasler|Sneasler, L50, F|100/100\n|detailschange|p1b: Golurk|Golurk-Mega, L50\n|-mega|p1b: Golurk|Golurk|Golurkite\n|move|p1a: Torkoal|Earth Power|p2a: Incineroar\n|-supereffective|p2a: Incineroar|1\n|-damage|p2a: Incineroar|46/100\n|move|p1b: Golurk|Poltergeist|p2b: Sneasler\n|-activate|p2b: Sneasler|move: Poltergeist|White Herb\n|-damage|p2b: Sneasler|0 fnt\n|faint|p2b: Sneasler\n|move|p2a: Incineroar|Flare Blitz|p1b: Golurk\n|-damage|p1b: Golurk|0 fnt\n|faint|p1b: Golurk\n|-damage|p2a: Incineroar|35/100|[from] Recoil\n|\n|-weather|SunnyDay|[upkeep]\n|-heal|p2a: Incineroar|41/100|[from] item: Leftovers\n|-fieldend|move: Trick Room\n|upkeep\n|\n|t:|1776035297\n|switch|p2b: Basculegion|Basculegion, L50, M|100/100\n|switch|p1b: Sneasler|Sneasler, L50, M|82/100\n|turn|6\n|\n|t:|1776035313\n|move|p2a: Incineroar|Protect|p2a: Incineroar\n|-singleturn|p2a: Incineroar|Protect\n|move|p2b: Basculegion|Wave Crash|p1a: Torkoal\n|-supereffective|p1a: Torkoal|1\n|-damage|p1a: Torkoal|13/100\n|-damage|p2b: Basculegion|82/100|[from] Recoil\n|move|p1b: Sneasler|Dire Claw|p2b: Basculegion\n|-resisted|p2b: Basculegion|1\n|-damage|p2b: Basculegion|58/100\n|move|p1a: Torkoal|Earth Power|p2a: Incineroar\n|-activate|p2a: Incineroar|move: Protect\n|\n|-weather|none\n|-heal|p2a: Incineroar|47/100|[from] item: Leftovers\n|upkeep\n|turn|7\n|\n|t:|1776035332\n|move|p2b: Basculegion|Wave Crash|p1a: Torkoal\n|-supereffective|p1a: Torkoal|1\n|-damage|p1a: Torkoal|0 fnt\n|faint|p1a: Torkoal\n|-damage|p2b: Basculegion|54/100|[from] Recoil\n|move|p1b: Sneasler|Close Combat|p2a: Incineroar\n|-supereffective|p2a: Incineroar|1\n|-damage|p2a: Incineroar|0 fnt\n|-unboost|p1b: Sneasler|def|1\n|-unboost|p1b: Sneasler|spd|1\n|faint|p2a: Incineroar\n|\n|upkeep\n|\n|t:|1776035340\n|switch|p2a: Charizard|Charizard-Mega-Y, L50, M|100/100\n|switch|p1a: Oranguru|Oranguru, L50, F|40/100\n|-weather|SunnyDay|[from] ability: Drought|[of] p2a: Charizard\n|turn|8\n|\n|t:|1776035351\n|move|p2b: Basculegion|Wave Crash|p1b: Sneasler\n|-damage|p1b: Sneasler|0 fnt\n|faint|p1b: Sneasler\n|-damage|p2b: Basculegion|32/100|[from] Recoil\n|move|p2a: Charizard|Heat Wave|p1a: Oranguru\n|-damage|p1a: Oranguru|0 fnt\n|faint|p1a: Oranguru\n|\n|win|injuryreserv3\n|raw|Jfurb28's rating: 1301 &rarr; <strong>1281</strong><br />(-20 for losing)\n|raw|injuryreserv3's rating: 1304 &rarr; <strong>1324</strong><br />(+20 for winning)\n|c|\u2606injuryreserv3|gg\n|l|\u2606Jfurb28\n|player|p1|\n",
  "uploadtime": 1776035361,
  "views": 23,
  "formatid": "gen9championsvgc2026regma",
  "rating": 1281,
  "private": 0,
  "password": null
}