{
  "id": "gen9championsvgc2026regma-2583900030",
  "format": "[Gen 9 Champions] VGC 2026 Reg M-A",
  "players": [
    "The Carkol Rider",
    "NoShinnyJustDrugs"
  ],
  "log": "|j|\u2606The Carkol Rider\n|j|\u2606NoShinnyJustDrugs\n|t:|1776206650\n|gametype|doubles\n|player|p1|The Carkol Rider|grimsley|1029\n|player|p2|NoShinnyJustDrugs|102|1039\n|gen|9\n|tier|[Gen 9 Champions] VGC 2026 Reg M-A\n|rated|\n|rule|Species Clause: Limit one of each Pok\u00e9mon\n|rule|Item Clause: Limit 1 of each item\n|clearpoke\n|poke|p1|Floette-Eternal, L50, F|\n|poke|p1|Maushold, L50|\n|poke|p1|Garchomp, L50, M|\n|poke|p1|Talonflame, L50, M|\n|poke|p1|Rotom-Wash, L50|\n|poke|p1|Aegislash, L50, F|\n|poke|p2|Sneasler, L50, M|\n|poke|p2|Aegislash, L50, F|\n|poke|p2|Starmie, L50|\n|poke|p2|Garchomp, L50, F|\n|poke|p2|Floette-Eternal, L50, F|\n|poke|p2|Vivillon, L50, M|\n|teampreview|4\n|inactive|Battle timer is ON: inactive players will automatically lose when time's up. (requested by NoShinnyJustDrugs)\nNoShinnyJustDrugs rejected open team sheets.\n|j| LanternComic\n|j| CloudySkies17695\n|inactive|The Carkol Rider has 60 seconds left.\n|inactive|NoShinnyJustDrugs has 60 seconds left.\n|\n|t:|1776206700\n|teamsize|p1|4\n|teamsize|p2|4\n|start\n|switch|p1a: Floette|Floette-Eternal, L50, F|100/100\n|switch|p1b: Talonflame|Talonflame, L50, M|100/100\n|switch|p2a: Vivillon|Vivillon, L50, M|100/100\n|switch|p2b: Floette|Floette-Eternal, L50, F|100/100\n|turn|1\n|inactive|The Carkol Rider has 30 seconds left.\n|\n|t:|1776206726\n|detailschange|p2b: Floette|Floette-Mega, L50, F\n|-mega|p2b: Floette|Floette|Floettite\n|-ability|p2b: Floette|Fairy Aura\n|move|p1a: Floette|Protect|p1a: Floette\n|-singleturn|p1a: Floette|Protect\n|move|p1b: Talonflame|Tailwind|p1b: Talonflame\n|-sidestart|p1: The Carkol Rider|move: Tailwind\n|move|p2a: Vivillon|Sleep Powder|p1a: Floette\n|-activate|p1a: Floette|move: Protect\n|move|p2b: Floette|Calm Mind|p2b: Floette\n|-boost|p2b: Floette|spa|1\n|-boost|p2b: Floette|spd|1\n|\n|upkeep\n|turn|2\n|\n|t:|1776206741\n|detailschange|p1a: Floette|Floette-Mega, L50, F\n|-mega|p1a: Floette|Floette|Floettite\n|-ability|p1a: Floette|Fairy Aura\n|move|p1b: Talonflame|Acrobatics|p2a: Vivillon\n|-supereffective|p2a: Vivillon|1\n|-enditem|p2a: Vivillon|Focus Sash\n|-damage|p2a: Vivillon|1/100\n|move|p1a: Floette|Dazzling Gleam|p2b: Floette|[spread] p2a,p2b\n|-damage|p2a: Vivillon|0 fnt\n|-damage|p2b: Floette|76/100\n|faint|p2a: Vivillon\n|move|p2b: Floette|Calm Mind|p2b: Floette\n|-boost|p2b: Floette|spa|1\n|-boost|p2b: Floette|spd|1\n|\n|upkeep\n|\n|t:|1776206754\n|switch|p2a: Sneasler|Sneasler, L50, M|100/100\n|turn|3\n|\n|t:|1776206765\n|move|p1b: Talonflame|Protect|p1b: Talonflame\n|-singleturn|p1b: Talonflame|Protect\n|move|p2a: Sneasler|Fake Out|p1b: Talonflame\n|-activate|p1b: Talonflame|move: Protect\n|move|p1a: Floette|Dazzling Gleam|p2a: Sneasler|[spread] p2a,p2b\n|-crit|p2a: Sneasler\n|-damage|p2a: Sneasler|0 fnt\n|-damage|p2b: Floette|59/100\n|faint|p2a: Sneasler\n|move|p2b: Floette|Calm Mind|p2b: Floette\n|-boost|p2b: Floette|spa|1\n|-boost|p2b: Floette|spd|1\n|\n|upkeep\n|\n|t:|1776206779\n|switch|p2a: Aegislash|Aegislash, L50, F|100/100\n|turn|4\n|\n|t:|1776206795\n|move|p2a: Aegislash|King's Shield|p2a: Aegislash\n|-singleturn|p2a: Aegislash|Protect\n|move|p1b: Talonflame|Acrobatics|p2b: Floette\n|-damage|p2b: Floette|21/100\n|move|p1a: Floette|Moonblast|p2b: Floette\n|-damage|p2b: Floette|0 fnt\n|faint|p2b: Floette\n|\n|-sideend|p1: The Carkol Rider|move: Tailwind\n|upkeep\n|turn|5\n|-message|NoShinnyJustDrugs forfeited.\n|\n|win|The Carkol Rider\n|raw|The Carkol Rider's rating: 1029 &rarr; <strong>1066</strong><br />(+37 for winning)\n|raw|NoShinnyJustDrugs's rating: 1039 &rarr; <strong>1023</strong><br />(-16 for losing)\n|l|\u2606NoShinnyJustDrugs\n|player|p2|\n|l|\u2606The Carkol Rider\n|player|p1|\n|l| LanternComic\n",
  "uploadtime": 1776207431,
  "views": 17,
  "formatid": "gen9championsvgc2026regma",
  "rating": 1023,
  "private": 0,
  "password": null
}