{
  "id": "gen9championsvgc2026regma-2580836633",
  "format": "[Gen 9 Champions] VGC 2026 Reg M-A",
  "players": [
    "seannnmcg",
    "CappyCappy"
  ],
  "log": "|j|\u2606seannnmcg\n|j|\u2606CappyCappy\n|t:|1775936475\n|gametype|doubles\n|player|p1|seannnmcg|265|1000\n|player|p2|CappyCappy|miku-fairy|1053\n|gen|9\n|tier|[Gen 9 Champions] VGC 2026 Reg M-A\n|rated|\n|rule|Species Clause: Limit one of each Pok\u00e9mon\n|rule|Item Clause: Limit 1 of each item\n|clearpoke\n|poke|p1|Alakazam, L50, M|\n|poke|p1|Drampa, L50, M|\n|poke|p1|Torkoal, L50, F|\n|poke|p1|Venusaur, L50, F|\n|poke|p1|Whimsicott, L50, M|\n|poke|p1|Incineroar, L50, M|\n|poke|p2|Arcanine-Hisui, L50, F|\n|poke|p2|Archaludon, L50, M|\n|poke|p2|Sneasler, L50, F|\n|poke|p2|Whimsicott, L50, F|\n|poke|p2|Incineroar, L50, M|\n|poke|p2|Gallade, L50, M|\n|teampreview|4\n|inactive|Battle timer is ON: inactive players will automatically lose when time's up. (requested by CappyCappy)\nCappyCappy rejected open team sheets.\n|inactive|seannnmcg has 60 seconds left.\n|\n|t:|1775936515\n|teamsize|p1|4\n|teamsize|p2|4\n|start\n|switch|p1a: Alakazam|Alakazam, L50, M, shiny|100/100\n|switch|p1b: Whimsicott|Whimsicott, L50, M|100/100\n|switch|p2a: Whimsicott|Whimsicott, L50, F|100/100\n|switch|p2b: Gallade|Gallade, L50, M, shiny|100/100\n|turn|1\n|inactive|seannnmcg has 30 seconds left.\n|inactive|CappyCappy has 30 seconds left.\n|\n|t:|1775936542\n|switch|p1b: Torkoal|Torkoal, L50, F, shiny|100/100\n|-weather|SunnyDay|[from] ability: Drought|[of] p1b: Torkoal\n|detailschange|p2b: Gallade|Gallade-Mega, L50, M, shiny\n|-mega|p2b: Gallade|Gallade|Galladite\n|move|p2a: Whimsicott|Tailwind|p2a: Whimsicott\n|-sidestart|p2: CappyCappy|move: Tailwind\n|move|p2b: Gallade|Night Slash|p1a: Alakazam\n|-supereffective|p1a: Alakazam|1\n|-enditem|p1a: Alakazam|Colbur Berry|[eat]\n|-enditem|p1a: Alakazam|Colbur Berry|[weaken]\n|-damage|p1a: Alakazam|35/100\n|move|p1a: Alakazam|Trick Room|p1a: Alakazam\n|-fieldstart|move: Trick Room|[of] p1a: Alakazam\n|\n|-weather|SunnyDay|[upkeep]\n|upkeep\n|turn|2\n|inactive|seannnmcg has 30 seconds left.\n|\n|t:|1775936572\n|move|p2b: Gallade|Protect|p2b: Gallade\n|-singleturn|p2b: Gallade|Protect\n|move|p2a: Whimsicott|Encore|p1a: Alakazam\n|-start|p1a: Alakazam|Encore\n|move|p1b: Torkoal|Eruption|p2a: Whimsicott|[spread] p2a\n|-activate|p2b: Gallade|move: Protect\n|-supereffective|p2a: Whimsicott|1\n|-enditem|p2a: Whimsicott|Focus Sash\n|-damage|p2a: Whimsicott|1/100\n|move|p1a: Alakazam|Trick Room|p1a: Alakazam\n|-fieldend|move: Trick Room\n|\n|-weather|SunnyDay|[upkeep]\n|upkeep\n|turn|3\n|inactive|seannnmcg has 30 seconds left.\n|inactive|CappyCappy has 30 seconds left.\n|inactive|CappyCappy has 20 seconds left.\n|inactive|CappyCappy has 15 seconds left.\n|\n|t:|1775936612\n|switch|p1a: Whimsicott|Whimsicott, L50, M|100/100\n|move|p2b: Gallade|Sacred Sword|p1b: Torkoal\n|-damage|p1b: Torkoal|51/100\n|move|p2a: Whimsicott|Moonblast|p1a: Whimsicott\n|-damage|p1a: Whimsicott|66/100\n|move|p1b: Torkoal|Eruption|p2b: Gallade|[spread] p2a,p2b\n|-supereffective|p2a: Whimsicott|1\n|-damage|p2a: Whimsicott|0 fnt\n|-damage|p2b: Gallade|54/100\n|faint|p2a: Whimsicott\n|\n|-weather|SunnyDay|[upkeep]\n|upkeep\n|\n|t:|1775936629\n|switch|p2a: Sneasler|Sneasler, L50, F|100/100\n|turn|4\n|\n|t:|1775936654\n|move|p1b: Torkoal|Protect|p1b: Torkoal\n|-singleturn|p1b: Torkoal|Protect\n|move|p2a: Sneasler|Fake Out|p1a: Whimsicott\n|-damage|p1a: Whimsicott|47/100\n|cant|p1a: Whimsicott|flinch\n|move|p2b: Gallade|Psycho Cut|p1a: Whimsicott\n|-damage|p1a: Whimsicott|0 fnt\n|faint|p1a: Whimsicott\n|\n|-weather|SunnyDay|[upkeep]\n|-sideend|p2: CappyCappy|move: Tailwind\n|upkeep\n|\n|t:|1775936669\n|switch|p1a: Alakazam|Alakazam, L50, M, shiny|35/100\n|turn|5\n|\n|t:|1775936686\n|move|p1a: Alakazam|Psychic|p2a: Sneasler\n|-supereffective|p2a: Sneasler|2\n|-damage|p2a: Sneasler|0 fnt\n|faint|p2a: Sneasler\n|move|p2b: Gallade|Night Slash|p1a: Alakazam\n|-supereffective|p1a: Alakazam|1\n|-damage|p1a: Alakazam|0 fnt\n|faint|p1a: Alakazam\n|move|p1b: Torkoal|Flamethrower|p2b: Gallade\n|-damage|p2b: Gallade|0 fnt\n|faint|p2b: Gallade\n|\n|-weather|none\n|upkeep\n|\n|t:|1775936697\n|switch|p1a: Drampa|Drampa, L50, M, shiny|100/100\n|switch|p2b: Arcanine|Arcanine-Hisui, L50, F|100/100\n|-ability|p2b: Arcanine|Intimidate|boost\n|-unboost|p1a: Drampa|atk|1\n|-unboost|p1b: Torkoal|atk|1\n|turn|6\n|\n|t:|1775936710\n|detailschange|p1a: Drampa|Drampa-Mega, L50, M, shiny\n|-mega|p1a: Drampa|Drampa|Drampanite\n|move|p2b: Arcanine|Rock Slide|p1a: Drampa|[spread] \n|-miss|p2b: Arcanine|p1a: Drampa\n|-miss|p2b: Arcanine|p1b: Torkoal\n|move|p1a: Drampa|Calm Mind|p1a: Drampa\n|-boost|p1a: Drampa|spa|1\n|-boost|p1a: Drampa|spd|1\n|move|p1b: Torkoal|Earth Power|p2b: Arcanine\n|-supereffective|p2b: Arcanine|2\n|-damage|p2b: Arcanine|0 fnt\n|faint|p2b: Arcanine\n|\n|win|seannnmcg\n|raw|seannnmcg's rating: 1000 &rarr; <strong>1046</strong><br />(+46 for winning)\n|raw|CappyCappy's rating: 1053 &rarr; <strong>1032</strong><br />(-21 for losing)\n",
  "uploadtime": 1775936710,
  "views": 11,
  "formatid": "gen9championsvgc2026regma",
  "rating": 1032,
  "private": 0,
  "password": null
}