{
  "id": "gen9championsvgc2026regma-2583865153",
  "format": "[Gen 9 Champions] VGC 2026 Reg M-A",
  "players": [
    "Jah_08",
    "alvin776"
  ],
  "log": "|j|\u2606Jah_08\n|j|\u2606alvin776\n|t:|1776203764\n|gametype|doubles\n|player|p1|Jah_08|alder|1351\n|player|p2|alvin776|169|1325\n|gen|9\n|tier|[Gen 9 Champions] VGC 2026 Reg M-A\n|rated|\n|rule|Species Clause: Limit one of each Pok\u00e9mon\n|rule|Item Clause: Limit 1 of each item\n|clearpoke\n|poke|p1|Excadrill, L50, M|\n|poke|p1|Whimsicott, L50, M|\n|poke|p1|Chandelure, L50, M|\n|poke|p1|Zoroark-Hisui, L50, M|\n|poke|p1|Basculegion, L50, M|\n|poke|p1|Krookodile, L50, M|\n|poke|p2|Gengar, L50, F|\n|poke|p2|Arcanine, L50, F|\n|poke|p2|Whimsicott, L50, M|\n|poke|p2|Archaludon, L50, M|\n|poke|p2|Sneasler, L50, F|\n|poke|p2|Politoed, L50, F|\n|teampreview|4\n|inactive|Battle timer is ON: inactive players will automatically lose when time's up. (requested by Jah_08)\nJah_08 rejected open team sheets.\n|\n|t:|1776203821\n|teamsize|p1|4\n|teamsize|p2|4\n|start\n|switch|p1a: Whimsicott|Whimsicott, L50, M, shiny|100/100\n|switch|p1b: Excadrill|Excadrill, L50, M|100/100\n|switch|p2a: Sneasler|Sneasler, L50, F|100/100\n|switch|p2b: Arcanine|Arcanine, L50, F|100/100\n|-ability|p1b: Excadrill|Mold Breaker\n|-ability|p2b: Arcanine|Intimidate|boost\n|-unboost|p1a: Whimsicott|atk|1\n|-unboost|p1b: Excadrill|atk|1\n|turn|1\n|\n|t:|1776203837\n|move|p1a: Whimsicott|Protect|p1a: Whimsicott\n|-singleturn|p1a: Whimsicott|Protect\n|move|p2a: Sneasler|Protect|p2a: Sneasler\n|-singleturn|p2a: Sneasler|Protect\n|move|p1b: Excadrill|Protect|p1b: Excadrill\n|-singleturn|p1b: Excadrill|Protect\n|move|p2b: Arcanine|Heat Wave|p1a: Whimsicott|[spread] \n|-activate|p1a: Whimsicott|move: Protect\n|-activate|p1b: Excadrill|move: Protect\n|\n|upkeep\n|turn|2\n|inactive|alvin776 has 30 seconds left.\n|inactive|alvin776 has 20 seconds left.\n|\n|t:|1776203873\n|switch|p2a: Archaludon|Archaludon, L50, M|100/100\n|move|p1a: Whimsicott|Encore||[still]\n|-fail|p1a: Whimsicott\n|move|p1b: Excadrill|High Horsepower|p2b: Arcanine\n|-supereffective|p2b: Arcanine|1\n|-damage|p2b: Arcanine|34/100\n|-enditem|p2b: Arcanine|Sitrus Berry|[eat]\n|-heal|p2b: Arcanine|59/100|[from] item: Sitrus Berry\n|move|p2b: Arcanine|Heat Wave|p1b: Excadrill|[spread] p1a,p1b\n|-supereffective|p1a: Whimsicott|1\n|-supereffective|p1b: Excadrill|1\n|-damage|p1a: Whimsicott|27/100\n|-damage|p1b: Excadrill|23/100\n|-status|p1a: Whimsicott|brn\n|\n|-damage|p1a: Whimsicott|21/100 brn|[from] brn\n|upkeep\n|turn|3\n|inactive|Jah_08 has 30 seconds left.\n|inactive|alvin776 has 30 seconds left.\n|inactive|Jah_08 has 20 seconds left.\n|inactive|Jah_08 has 15 seconds left.\n|\n|t:|1776203914\n|switch|p2b: Politoed|Politoed, L50, F|100/100\n|-weather|RainDance|[from] ability: Drizzle|[of] p2b: Politoed\n|move|p1b: Excadrill|Protect|p1b: Excadrill\n|-singleturn|p1b: Excadrill|Protect\n|move|p1a: Whimsicott|Tailwind|p1a: Whimsicott\n|-sidestart|p1: Jah_08|move: Tailwind\n|move|p2a: Archaludon|Electro Shot||[still]\n|-prepare|p2a: Archaludon|Electro Shot\n|-boost|p2a: Archaludon|spa|1\n|-anim|p2a: Archaludon|Electro Shot|p1a: Whimsicott\n|-resisted|p1a: Whimsicott|1\n|-damage|p1a: Whimsicott|0 fnt\n|faint|p1a: Whimsicott\n|\n|-weather|RainDance|[upkeep]\n|upkeep\n|inactive|Jah_08 has 30 seconds left.\n|\n|t:|1776203942\n|switch|p1a: Basculegion|Basculegion, L50, M|100/100\n|turn|4\n|\n|t:|1776203967\n|switch|p2b: Arcanine|Arcanine, L50, F|59/100\n|-ability|p2b: Arcanine|Intimidate|boost\n|-unboost|p1a: Basculegion|atk|1\n|-unboost|p1b: Excadrill|atk|1\n|move|p1a: Basculegion|Last Respects|p2a: Archaludon\n|-damage|p2a: Archaludon|68/100\n|-ability|p2a: Archaludon|Stamina|boost\n|-boost|p2a: Archaludon|def|1\n|move|p1b: Excadrill|High Horsepower|p2a: Archaludon\n|-supereffective|p2a: Archaludon|1\n|-damage|p2a: Archaludon|43/100\n|-ability|p2a: Archaludon|Stamina|boost\n|-boost|p2a: Archaludon|def|1\n|move|p2a: Archaludon|Flash Cannon|p1b: Excadrill\n|-resisted|p1b: Excadrill|1\n|-damage|p1b: Excadrill|0 fnt\n|faint|p1b: Excadrill\n|\n|-weather|RainDance|[upkeep]\n|upkeep\n|\n|t:|1776203987\n|switch|p1b: Zoroark|Zoroark-Hisui, L50, M|100/100\n|turn|5\n|\n|t:|1776203996\n|switch|p2b: Politoed|Politoed, L50, F|100/100\n|move|p2a: Archaludon|Protect|p2a: Archaludon\n|-singleturn|p2a: Archaludon|Protect\n|move|p1a: Basculegion|Last Respects|p2b: Politoed\n|-damage|p2b: Politoed|31/100\n|move|p1b: Zoroark|Shadow Ball|p2a: Archaludon\n|-activate|p2a: Archaludon|move: Protect\n|\n|-weather|RainDance|[upkeep]\n|-heal|p2b: Politoed|38/100|[from] item: Leftovers\n|upkeep\n|turn|6\n|\n|t:|1776204016\n|switch|p2b: Arcanine|Arcanine, L50, F|59/100\n|-ability|p2b: Arcanine|Intimidate|boost\n|-unboost|p1a: Basculegion|atk|1\n|-unboost|p1b: Zoroark|atk|1\n|move|p1a: Basculegion|Last Respects|p2b: Arcanine\n|-damage|p2b: Arcanine|12/100\n|move|p1b: Zoroark|Shadow Ball|p2a: Archaludon\n|-damage|p2a: Archaludon|0 fnt\n|faint|p2a: Archaludon\n|\n|-weather|RainDance|[upkeep]\n|-sideend|p1: Jah_08|move: Tailwind\n|upkeep\n|\n|t:|1776204026\n|switch|p2a: Sneasler|Sneasler, L50, F|100/100\n|turn|7\n|inactive|Jah_08 has 30 seconds left.\n|inactive|Jah_08 has 20 seconds left.\n|\n|t:|1776204063\n|move|p1a: Basculegion|Last Respects|p2a: Sneasler\n|-damage|p2a: Sneasler|22/100\n|move|p2a: Sneasler|Rock Slide|p1a: Basculegion|[spread] p1a,p1b\n|-damage|p1a: Basculegion|77/100\n|-damage|p1b: Zoroark|61/100\n|move|p1b: Zoroark|Shadow Ball|p2a: Sneasler\n|-damage|p2a: Sneasler|0 fnt\n|faint|p2a: Sneasler\n|move|p2b: Arcanine|Snarl|p1b: Zoroark|[spread] p1a,p1b\n|-supereffective|p1a: Basculegion|1\n|-supereffective|p1b: Zoroark|1\n|-damage|p1a: Basculegion|54/100\n|-damage|p1b: Zoroark|20/100\n|-unboost|p1a: Basculegion|spa|1\n|-unboost|p1b: Zoroark|spa|1\n|\n|-weather|none\n|upkeep\n|\n|t:|1776204077\n|switch|p2a: Politoed|Politoed, L50, F|38/100\n|-weather|RainDance|[from] ability: Drizzle|[of] p2a: Politoed\n|turn|8\n|\n|t:|1776204095\n|move|p2b: Arcanine|Protect|p2b: Arcanine\n|-singleturn|p2b: Arcanine|Protect\n|move|p1a: Basculegion|Last Respects|p2b: Arcanine\n|-activate|p2b: Arcanine|move: Protect\n|move|p1b: Zoroark|Shadow Ball|p2a: Politoed\n|-damage|p2a: Politoed|11/100\n|move|p2a: Politoed|Icy Wind|p1b: Zoroark|[spread] p1a,p1b\n|-resisted|p1a: Basculegion|1\n|-damage|p1a: Basculegion|49/100\n|-damage|p1b: Zoroark|1/100\n|-unboost|p1a: Basculegion|spe|1\n|-unboost|p1b: Zoroark|spe|1\n|\n|-weather|RainDance|[upkeep]\n|-heal|p2a: Politoed|17/100|[from] item: Leftovers\n|upkeep\n|turn|9\n|\n|t:|1776204115\n|move|p1a: Basculegion|Last Respects|p2a: Politoed\n|-damage|p2a: Politoed|0 fnt\n|faint|p2a: Politoed\n|move|p2b: Arcanine|Snarl|p1b: Zoroark|[spread] p1b\n|-miss|p2b: Arcanine|p1a: Basculegion\n|-supereffective|p1b: Zoroark|1\n|-damage|p1b: Zoroark|0 fnt\n|faint|p1b: Zoroark\n|\n|-weather|RainDance|[upkeep]\n|upkeep\n|turn|10\n|\n|t:|1776204129\n|move|p2b: Arcanine|Protect|p2b: Arcanine\n|-singleturn|p2b: Arcanine|Protect\n|move|p1a: Basculegion|Last Respects|p2b: Arcanine\n|-activate|p2b: Arcanine|move: Protect\n|\n|-weather|RainDance|[upkeep]\n|upkeep\n|turn|11\n|\n|t:|1776204138\n|move|p1a: Basculegion|Last Respects|p2b: Arcanine\n|-damage|p2b: Arcanine|0 fnt\n|faint|p2b: Arcanine\n|\n|win|Jah_08\n|raw|Jah_08's rating: 1351 &rarr; <strong>1370</strong><br />(+19 for winning)\n|raw|alvin776's rating: 1325 &rarr; <strong>1306</strong><br />(-19 for losing)\n|l|\u2606alvin776\n|player|p2|\n|c|\u2606Jah_08|gg well played\n",
  "uploadtime": 1776204149,
  "views": 40,
  "formatid": "gen9championsvgc2026regma",
  "rating": 1306,
  "private": 0,
  "password": null
}