{
  "id": "gen9championsvgc2026regma-2580984418",
  "format": "[Gen 9 Champions] VGC 2026 Reg M-A",
  "players": [
    "bwahacough",
    "roodlethenoodle"
  ],
  "log": "|j|\u2606bwahacough\n|j|\u2606roodlethenoodle\n|t:|1775949034\n|gametype|doubles\n|player|p1|bwahacough|102|1442\n|player|p2|roodlethenoodle|cilan|1323\n|gen|9\n|tier|[Gen 9 Champions] VGC 2026 Reg M-A\n|rated|\n|rule|Species Clause: Limit one of each Pok\u00e9mon\n|rule|Item Clause: Limit 1 of each item\n|clearpoke\n|poke|p1|Lycanroc, L50, M|\n|poke|p1|Tyranitar, L50, F|\n|poke|p1|Farigiraf, L50, F|\n|poke|p1|Meganium, L50, F|\n|poke|p1|Garchomp, L50, M|\n|poke|p1|Milotic, L50, F|\n|poke|p2|Incineroar, L50, F|\n|poke|p2|Floette-Eternal, L50, F|\n|poke|p2|Rotom-Wash, L50|\n|poke|p2|Garchomp, L50, M|\n|poke|p2|Sinistcha, L50|\n|poke|p2|Orthworm, L50, M|\n|teampreview|4\n|j| gE1xjZRtuhW2DdT0AK\nbwahacough has agreed to open team sheets.\n|\n|t:|1775949098\n|teamsize|p1|4\n|teamsize|p2|4\n|start\n|switch|p1a: Milotic|Milotic, L50, F, shiny|100/100\n|switch|p1b: Farigiraf|Farigiraf, L50, F, shiny|100/100\n|switch|p2a: Orthworm|Orthworm, L50, M|100/100\n|switch|p2b: Garchomp|Garchomp, L50, M|100/100\n|turn|1\n|\n|t:|1775949128\n|move|p2b: Garchomp|Protect|p2b: Garchomp\n|-singleturn|p2b: Garchomp|Protect\n|move|p1a: Milotic|Icy Wind|p2b: Garchomp|[spread] p2a\n|-activate|p2b: Garchomp|move: Protect\n|-resisted|p2a: Orthworm|1\n|-damage|p2a: Orthworm|94/100\n|-unboost|p2a: Orthworm|spe|1\n|move|p1b: Farigiraf|Imprison|p1b: Farigiraf\n|-start|p1b: Farigiraf|move: Imprison\n|move|p2a: Orthworm|Shed Tail|p2a: Orthworm\n|-start|p2a: Orthworm|Substitute|[from] move: Shed Tail\n|-damage|p2a: Orthworm|43/100\n|-enditem|p2a: Orthworm|Sitrus Berry|[eat]\n|-heal|p2a: Orthworm|68/100|[from] item: Sitrus Berry\n|\n|t:|1775949142\n|switch|p2a: Floette|Floette-Eternal, L50, F|100/100|[from] Shed Tail\n|\n|upkeep\n|turn|2\n|\n|t:|1775949162\n|switch|p2b: Sinistcha|Sinistcha, L50|100/100\n|detailschange|p2a: Floette|Floette-Mega, L50, F\n|-mega|p2a: Floette|Floette|Floettite\n|-ability|p2a: Floette|Fairy Aura\n|move|p2a: Floette|Calm Mind|p2a: Floette\n|-boost|p2a: Floette|spa|1\n|-boost|p2a: Floette|spd|1\n|move|p1a: Milotic|Icy Wind|p2a: Floette|[spread] p2a,p2b\n|-activate|p2a: Floette|move: Substitute|[damage]\n|-supereffective|p2b: Sinistcha|1\n|-damage|p2b: Sinistcha|77/100\n|-unboost|p2b: Sinistcha|spe|1\n|move|p1b: Farigiraf|Psychic|p2a: Floette\n|-end|p2a: Floette|Substitute\n|\n|upkeep\n|turn|3\n|\n|t:|1775949183\n|move|p1b: Farigiraf|Protect|p1b: Farigiraf\n|-singleturn|p1b: Farigiraf|Protect\n|move|p2a: Floette|Calm Mind|p2a: Floette\n|-boost|p2a: Floette|spa|1\n|-boost|p2a: Floette|spd|1\n|move|p1a: Milotic|Icy Wind|p2b: Sinistcha|[spread] p2a,p2b\n|-supereffective|p2b: Sinistcha|1\n|-damage|p2a: Floette|95/100\n|-damage|p2b: Sinistcha|56/100\n|-unboost|p2a: Floette|spe|1\n|-unboost|p2b: Sinistcha|spe|1\n|move|p2b: Sinistcha|Matcha Gotcha|p1a: Milotic|[spread] p1a\n|-activate|p1b: Farigiraf|move: Protect\n|-supereffective|p1a: Milotic|1\n|-damage|p1a: Milotic|67/100\n|-heal|p2b: Sinistcha|74/100|[from] drain|[of] p1a: Milotic\n|\n|-heal|p1a: Milotic|73/100|[from] item: Leftovers\n|upkeep\n|turn|4\n|\n|t:|1775949200\n|move|p1a: Milotic|Scald|p2a: Floette\n|-damage|p2a: Floette|83/100\n|move|p2a: Floette|Dazzling Gleam|p1a: Milotic|[spread] p1a,p1b\n|-damage|p1a: Milotic|4/100\n|-damage|p1b: Farigiraf|6/100\n|-enditem|p1b: Farigiraf|Sitrus Berry|[eat]\n|-heal|p1b: Farigiraf|31/100|[from] item: Sitrus Berry\n|move|p1b: Farigiraf|Psychic|p2b: Sinistcha\n|-damage|p2b: Sinistcha|42/100\n|move|p2b: Sinistcha|Matcha Gotcha|p1b: Farigiraf|[spread] p1a,p1b\n|-supereffective|p1a: Milotic|1\n|-crit|p1a: Milotic\n|-damage|p1a: Milotic|0 fnt\n|-heal|p2b: Sinistcha|44/100|[from] drain|[of] p1a: Milotic\n|-damage|p1b: Farigiraf|7/100\n|-heal|p2b: Sinistcha|58/100|[from] drain|[of] p1b: Farigiraf\n|faint|p1a: Milotic\n|\n|upkeep\n|\n|t:|1775949216\n|switch|p1a: Tyranitar|Tyranitar, L50, F|100/100\n|-weather|Sandstorm|[from] ability: Sand Stream|[of] p1a: Tyranitar\n|turn|5\n|\n|t:|1775949243\n|switch|p2b: Orthworm|Orthworm, L50, M|68/100\n|move|p1a: Tyranitar|Rock Slide|p2b: Orthworm|[spread] p2a,p2b\n|-resisted|p2b: Orthworm|1\n|-damage|p2a: Floette|47/100\n|-damage|p2b: Orthworm|57/100\n|cant|p2a: Floette|flinch\n|move|p1b: Farigiraf|Psychic|p2a: Floette\n|-damage|p2a: Floette|34/100\n|\n|-weather|Sandstorm|[upkeep]\n|-damage|p2a: Floette|28/100|[from] Sandstorm\n|-damage|p1b: Farigiraf|1/100|[from] Sandstorm\n|upkeep\n|turn|6\n|\n|t:|1775949262\n|move|p1a: Tyranitar|Rock Slide|p2a: Floette|[spread] p2a,p2b\n|-resisted|p2b: Orthworm|1\n|-damage|p2a: Floette|0 fnt\n|-damage|p2b: Orthworm|46/100\n|faint|p2a: Floette\n|cant|p2b: Orthworm|flinch\n|move|p1b: Farigiraf|Psychic|p2b: Orthworm\n|-resisted|p2b: Orthworm|1\n|-damage|p2b: Orthworm|28/100\n|-unboost|p2b: Orthworm|spd|1\n|\n|-weather|Sandstorm|[upkeep]\n|-damage|p1b: Farigiraf|0 fnt|[from] Sandstorm\n|faint|p1b: Farigiraf\n|upkeep\n|\n|t:|1775949270\n|switch|p2a: Garchomp|Garchomp, L50, M|100/100\n|switch|p1b: Meganium|Meganium, L50, F, shiny|100/100\n|turn|7\n|\n|t:|1775949284\n|detailschange|p1b: Meganium|Meganium-Mega, L50, F, shiny\n|-mega|p1b: Meganium|Meganium|Meganiumite\n|move|p2a: Garchomp|Earthquake|p1a: Tyranitar|[spread] p1a,p1b\n|-heal|p2b: Orthworm|53/100|[from] ability: Earth Eater|[of] p2a: Garchomp\n|-supereffective|p1a: Tyranitar|1\n|-resisted|p1b: Meganium|1\n|-damage|p1a: Tyranitar|31/100\n|-damage|p1b: Meganium|81/100\n|move|p1b: Meganium|Weather Ball|p2b: Orthworm\n|-supereffective|p2b: Orthworm|1\n|-damage|p2b: Orthworm|0 fnt\n|faint|p2b: Orthworm\n|move|p1a: Tyranitar|Ice Punch|p2a: Garchomp\n|-supereffective|p2a: Garchomp|2\n|-damage|p2a: Garchomp|0 fnt\n|-damage|p1a: Tyranitar|19/100|[from] ability: Rough Skin|[of] p2a: Garchomp\n|faint|p2a: Garchomp\n|\n|-weather|Sandstorm|[upkeep]\n|-damage|p1b: Meganium|75/100|[from] Sandstorm\n|upkeep\n|\n|t:|1775949294\n|switch|p2b: Sinistcha|Sinistcha, L50|58/100\n|turn|8\n|\n|t:|1775949301\n|move|p1b: Meganium|Weather Ball|p2b: Sinistcha\n|-supereffective|p2b: Sinistcha|1\n|-enditem|p2b: Sinistcha|Occa Berry|[eat]\n|-enditem|p2b: Sinistcha|Occa Berry|[weaken]\n|-damage|p2b: Sinistcha|22/100\n|move|p2b: Sinistcha|Matcha Gotcha|p1a: Tyranitar|[spread] p1a,p1b\n|-supereffective|p1a: Tyranitar|1\n|-resisted|p1b: Meganium|1\n|-damage|p1a: Tyranitar|0 fnt\n|-heal|p2b: Sinistcha|33/100|[from] drain|[of] p1a: Tyranitar\n|-damage|p1b: Meganium|66/100\n|-heal|p2b: Sinistcha|38/100|[from] drain|[of] p1b: Meganium\n|faint|p1a: Tyranitar\n|\n|-weather|Sandstorm|[upkeep]\n|-damage|p1b: Meganium|60/100|[from] Sandstorm\n|-damage|p2b: Sinistcha|31/100|[from] Sandstorm\n|upkeep\n|turn|9\n|-message|roodlethenoodle forfeited.\n|\n|win|bwahacough\n|raw|bwahacough's rating: 1470 &rarr; <strong>1482</strong><br />(+12 for winning)\n|raw|roodlethenoodle's rating: 1323 &rarr; <strong>1311</strong><br />(-12 for losing)\n|l|\u2606roodlethenoodle\n|player|p2|\n|l|\u2606bwahacough\n|player|p1|\n",
  "uploadtime": 1775949325,
  "views": 116,
  "formatid": "gen9championsvgc2026regma",
  "rating": 1311,
  "private": 0,
  "password": null
}