{
  "id": "gen9championsvgc2026regma-2580398420",
  "format": "[Gen 9 Champions] VGC 2026 Reg M-A",
  "players": [
    "lolgz",
    "Skrillfury21"
  ],
  "log": "|j|\u2606lolgz\n|j|\u2606Skrillfury21\n|t:|1775890520\n|gametype|doubles\n|player|p1|lolgz|266|1083\n|player|p2|Skrillfury21|2|1131\n|gen|9\n|tier|[Gen 9 Champions] VGC 2026 Reg M-A\n|rated|\n|rule|Species Clause: Limit one of each Pok\u00e9mon\n|rule|Item Clause: Limit 1 of each item\n|clearpoke\n|poke|p1|Charizard, L50, M|\n|poke|p1|Whimsicott, L50, M|\n|poke|p1|Basculegion, L50, M|\n|poke|p1|Farigiraf, L50, F|\n|poke|p1|Kangaskhan, L50, F|\n|poke|p1|Sneasler, L50, M|\n|poke|p2|Incineroar, L50, M|\n|poke|p2|Sinistcha, L50|\n|poke|p2|Volcarona, L50, F|\n|poke|p2|Kommo-o, L50, M|\n|poke|p2|Milotic, L50, F|\n|poke|p2|Kangaskhan, L50, F|\n|teampreview|4\n|\n|t:|1775890557\n|teamsize|p1|4\n|teamsize|p2|4\n|start\n|switch|p1a: Whimsicott|Whimsicott, L50, M|100/100\n|switch|p1b: Charizard|Charizard, L50, M|100/100\n|switch|p2a: Skateside|Milotic, L50, F|100/100\n|switch|p2b: Dschingis Khan|Kangaskhan, L50, F|100/100\n|turn|1\n|\n|t:|1775890568\n|detailschange|p2b: Dschingis Khan|Kangaskhan-Mega, L50, F\n|-mega|p2b: Dschingis Khan|Kangaskhan|Kangaskhanite\n|move|p1b: Charizard|Protect|p1b: Charizard\n|-singleturn|p1b: Charizard|Protect\n|move|p2b: Dschingis Khan|Fake Out|p1b: Charizard\n|-activate|p1b: Charizard|move: Protect\n|move|p1a: Whimsicott|Tailwind|p1a: Whimsicott\n|-sidestart|p1: lolgz|move: Tailwind\n|move|p2a: Skateside|Icy Wind|p1a: Whimsicott|[spread] p1a\n|-activate|p1b: Charizard|move: Protect\n|-supereffective|p1a: Whimsicott|1\n|-damage|p1a: Whimsicott|71/100\n|-unboost|p1a: Whimsicott|spe|1\n|\n|upkeep\n|turn|2\n|\n|t:|1775890587\n|detailschange|p1b: Charizard|Charizard-Mega-Y, L50, M\n|-mega|p1b: Charizard|Charizard|Charizardite Y\n|-weather|SunnyDay|[from] ability: Drought|[of] p1b: Charizard\n|move|p2b: Dschingis Khan|Sucker Punch|p1b: Charizard\n|-damage|p1b: Charizard|60/100\n|-damage|p1b: Charizard|51/100\n|-hitcount|p1b: Charizard|2\n|move|p1b: Charizard|Solar Beam||[still]\n|-prepare|p1b: Charizard|Solar Beam\n|-anim|p1b: Charizard|Solar Beam|p2a: Skateside\n|-supereffective|p2a: Skateside|1\n|-damage|p2a: Skateside|27/100\n|move|p1a: Whimsicott|Moonblast|p2b: Dschingis Khan\n|-damage|p2b: Dschingis Khan|64/100\n|move|p2a: Skateside|Icy Wind|p1b: Charizard|[spread] p1a,p1b\n|-supereffective|p1a: Whimsicott|1\n|-damage|p1a: Whimsicott|38/100\n|-damage|p1b: Charizard|42/100\n|-unboost|p1a: Whimsicott|spe|1\n|-unboost|p1b: Charizard|spe|1\n|\n|-weather|SunnyDay|[upkeep]\n|upkeep\n|turn|3\n|\n|t:|1775890611\n|move|p2a: Skateside|Helping Hand|p2b: Dschingis Khan\n|-singleturn|p2b: Dschingis Khan|Helping Hand|[of] p2a: Skateside\n|move|p2b: Dschingis Khan|Sucker Punch|p1b: Charizard\n|-damage|p1b: Charizard|0 fnt\n|faint|p1b: Charizard\n|-hitcount|p1: Charizard|1\n|move|p1a: Whimsicott|Moonblast|p2b: Dschingis Khan\n|-damage|p2b: Dschingis Khan|31/100\n|\n|-weather|SunnyDay|[upkeep]\n|upkeep\n|\n|t:|1775890618\n|switch|p1b: Sneasler|Sneasler, L50, M|100/100\n|turn|4\n|\n|t:|1775890637\n|switch|p2a: Crumpets|Sinistcha, L50|100/100\n|-heal|p2b: Dschingis Khan|55/100|[from] ability: Hospitality|[of] p2a: Crumpets\n|move|p2b: Dschingis Khan|Protect|p2b: Dschingis Khan\n|-singleturn|p2b: Dschingis Khan|Protect\n|move|p1b: Sneasler|Fake Out|p2a: Crumpets\n|-immune|p2a: Crumpets\n|move|p1a: Whimsicott|Moonblast|p2b: Dschingis Khan\n|-activate|p2b: Dschingis Khan|move: Protect\n|\n|-weather|SunnyDay|[upkeep]\n|-sideend|p1: lolgz|move: Tailwind\n|upkeep\n|turn|5\n|\n|t:|1775890654\n|move|p2a: Crumpets|Rage Powder|p2a: Crumpets\n|-singleturn|p2a: Crumpets|move: Rage Powder\n|move|p1a: Whimsicott|Encore|p2b: Dschingis Khan\n|-start|p2b: Dschingis Khan|Encore\n|move|p2b: Dschingis Khan|Protect|p2b: Dschingis Khan\n|-singleturn|p2b: Dschingis Khan|Protect\n|move|p1b: Sneasler|Dire Claw|p2a: Crumpets\n|-damage|p2a: Crumpets|62/100\n|-status|p2a: Crumpets|slp\n|\n|-weather|SunnyDay|[upkeep]\n|upkeep\n|turn|6\n|\n|t:|1775890668\n|switch|p2b: El Fray del Fuego|Incineroar, L50, M|100/100\n|-ability|p2b: El Fray del Fuego|Intimidate|boost\n|-unboost|p1a: Whimsicott|atk|1\n|-unboost|p1b: Sneasler|atk|1\n|-enditem|p1b: Sneasler|White Herb\n|-clearnegativeboost|p1b: Sneasler|[silent]\n|switch|p2a: Skateside|Milotic, L50, F|27/100\n|move|p1b: Sneasler|Close Combat|p2b: El Fray del Fuego\n|-supereffective|p2b: El Fray del Fuego|1\n|-enditem|p2b: El Fray del Fuego|Chople Berry|[eat]\n|-enditem|p2b: El Fray del Fuego|Chople Berry|[weaken]\n|-damage|p2b: El Fray del Fuego|39/100\n|-unboost|p1b: Sneasler|def|1\n|-unboost|p1b: Sneasler|spd|1\n|move|p1a: Whimsicott|Moonblast|p2a: Skateside\n|-damage|p2a: Skateside|0 fnt\n|faint|p2a: Skateside\n|\n|-weather|none\n|upkeep\n|\n|t:|1775890687\n|switch|p2a: Dschingis Khan|Kangaskhan-Mega, L50, F|55/100\n|turn|7\n|\n|t:|1775890709\n|switch|p1b: Basculegion|Basculegion, L50, M|100/100\n|move|p2a: Dschingis Khan|Fake Out|p1b: Basculegion\n|-immune|p1b: Basculegion\n|move|p1a: Whimsicott|Moonblast|p2a: Dschingis Khan\n|-damage|p2a: Dschingis Khan|20/100\n|-unboost|p2a: Dschingis Khan|spa|1\n|move|p2b: El Fray del Fuego|Flare Blitz|p1a: Whimsicott\n|-supereffective|p1a: Whimsicott|1\n|-damage|p1a: Whimsicott|0 fnt\n|faint|p1a: Whimsicott\n|-damage|p2b: El Fray del Fuego|31/100|[from] Recoil\n|\n|upkeep\n|\n|t:|1775890720\n|switch|p1a: Sneasler|Sneasler, L50, M|100/100\n|turn|8\n|\n|t:|1775890744\n|switch|p2b: Crumpets|Sinistcha, L50|62/100 slp\n|-heal|p2a: Dschingis Khan|45/100|[from] ability: Hospitality|[of] p2b: Crumpets\n|move|p2a: Dschingis Khan|Protect|p2a: Dschingis Khan\n|-singleturn|p2a: Dschingis Khan|Protect\n|move|p1a: Sneasler|Fake Out|p2a: Dschingis Khan\n|-activate|p2a: Dschingis Khan|move: Protect\n|move|p1b: Basculegion|Wave Crash|p2b: Crumpets\n|-resisted|p2b: Crumpets|1\n|-damage|p2b: Crumpets|26/100 slp\n|-enditem|p2b: Crumpets|Sitrus Berry|[eat]\n|-heal|p2b: Crumpets|50/100 slp|[from] item: Sitrus Berry\n|-damage|p1b: Basculegion|90/100|[from] Recoil\n|\n|upkeep\n|turn|9\n|\n|t:|1775890759\n|switch|p2b: El Fray del Fuego|Incineroar, L50, M|31/100\n|-ability|p2b: El Fray del Fuego|Intimidate|boost\n|-unboost|p1a: Sneasler|atk|1\n|-unboost|p1b: Basculegion|atk|1\n|move|p2a: Dschingis Khan|Sucker Punch|p1b: Basculegion\n|-supereffective|p1b: Basculegion|1\n|-damage|p1b: Basculegion|21/100\n|-supereffective|p1b: Basculegion|1\n|-damage|p1b: Basculegion|5/100\n|-hitcount|p1b: Basculegion|2\n|move|p1b: Basculegion|Wave Crash|p2a: Dschingis Khan\n|-damage|p2a: Dschingis Khan|0 fnt\n|faint|p2a: Dschingis Khan\n|-damage|p1b: Basculegion|0 fnt|[from] Recoil\n|faint|p1b: Basculegion\n|move|p1a: Sneasler|Dire Claw|p2b: El Fray del Fuego\n|-damage|p2b: El Fray del Fuego|3/100\n|\n|upkeep\n|\n|t:|1775890775\n|switch|p2a: Crumpets|Sinistcha, L50|50/100 slp\n|-heal|p2b: El Fray del Fuego|28/100|[from] ability: Hospitality|[of] p2a: Crumpets\n|turn|10\n|\n|t:|1775890783\n|move|p2b: El Fray del Fuego|Fake Out|p1a: Sneasler\n|-damage|p1a: Sneasler|76/100\n|cant|p1a: Sneasler|flinch\n|cant|p2a: Crumpets|slp\n|\n|upkeep\n|turn|11\n|\n|t:|1775890792\n|move|p1a: Sneasler|Dire Claw|p2a: Crumpets\n|-damage|p2a: Crumpets|21/100 slp\n|cant|p2a: Crumpets|slp\n|move|p2b: El Fray del Fuego|Flare Blitz|p1a: Sneasler\n|-damage|p1a: Sneasler|0 fnt\n|faint|p1a: Sneasler\n|-damage|p2b: El Fray del Fuego|9/100|[from] Recoil\n|\n|win|Skrillfury21\n|raw|lolgz's rating: 1083 &rarr; <strong>1064</strong><br />(-19 for losing)\n|raw|Skrillfury21's rating: 1131 &rarr; <strong>1153</strong><br />(+22 for winning)\n",
  "uploadtime": 1775890792,
  "views": 14,
  "formatid": "gen9championsvgc2026regma",
  "rating": 1064,
  "private": 0,
  "password": null
}