{
  "id": "gen9championsvgc2026regma-2580864519",
  "format": "[Gen 9 Champions] VGC 2026 Reg M-A",
  "players": [
    "EagleWizard",
    "Autin Mago"
  ],
  "log": "|j|\u2606EagleWizard\n|j|\u2606Autin Mago\n|t:|1775938783\n|gametype|doubles\n|player|p1|EagleWizard|170|1160\n|player|p2|Autin Mago|flannery|1085\n|gen|9\n|tier|[Gen 9 Champions] VGC 2026 Reg M-A\n|rated|\n|rule|Species Clause: Limit one of each Pok\u00e9mon\n|rule|Item Clause: Limit 1 of each item\n|clearpoke\n|poke|p1|Tyranitar, L50, M|\n|poke|p1|Excadrill, L50, M|\n|poke|p1|Sneasler, L50, M|\n|poke|p1|Sinistcha, L50|\n|poke|p1|Gyarados, L50, M|\n|poke|p1|Kangaskhan, L50, F|\n|poke|p2|Floette-Eternal, L50, F|\n|poke|p2|Maushold-Four, L50|\n|poke|p2|Sneasler, L50, F|\n|poke|p2|Talonflame, L50, F|\n|poke|p2|Corviknight, L50, F|\n|poke|p2|Garchomp, L50, M|\n|teampreview|4\nAutin Mago has agreed to open team sheets.\nEagleWizard has agreed to open team sheets.\n|showteam|p1|Tyranitar||Tyranitarite|SandStream|Protect,KnockOff,RockSlide,DragonDance|||M|||50|]Excadrill||ShucaBerry|SandRush|Protect,HighHorsepower,RockSlide,SwordsDance|||M|||50|]Sneasler||WhiteHerb|Unburden|Protect,CloseCombat,DireClaw,FakeOut|||M|||50|]Sinistcha||Leftovers|Hospitality|RagePowder,Protect,MatchaGotcha,LifeDew||||||50|]Gyarados||SitrusBerry|Intimidate|Protect,Waterfall,ThunderWave,HelpingHand|||M|||50|]Kangaskhan||Kangaskhanite|Scrappy|Protect,FakeOut,DoubleEdge,RockTomb|||F|||50|\n|showteam|p2|Floette-Eternal||Floettite|FlowerVeil|Protect,Moonblast,CalmMind,DazzlingGleam|||F|||50|]Maushold-Four||FocusSash|FriendGuard|Protect,SuperFang,Taunt,FollowMe||||||50|]Sneasler||WhiteHerb|Unburden|Protect,GunkShot,FakeOut,CloseCombat|||F|||50|]Talonflame|||GaleWings|Protect,Tailwind,FlareBlitz,Acrobatics|||F|||50|]Corviknight||Leftovers|MirrorArmor|BraveBird,BodyPress,IronDefense,Roost|||F|||50|]Garchomp||SoftSand|RoughSkin|Protect,Earthquake,DragonClaw,RockSlide|||M|||50|\n|c|\u2606Autin Mago|Glhf!\n|c|\u2606EagleWizard|gl hf\n|\n|t:|1775938840\n|teamsize|p1|4\n|teamsize|p2|4\n|start\n|switch|p1a: Sneasler|Sneasler, L50, M|100/100\n|switch|p1b: Excadrill|Excadrill, L50, M|100/100\n|switch|p2a: Corviknight|Corviknight, L50, F|100/100\n|switch|p2b: Garchomp|Garchomp, L50, M|100/100\n|turn|1\n|\n|t:|1775938863\n|move|p1a: Sneasler|Fake Out|p2b: Garchomp\n|-damage|p2b: Garchomp|88/100\n|-damage|p1a: Sneasler|88/100|[from] ability: Rough Skin|[of] p2b: Garchomp\n|move|p1b: Excadrill|Swords Dance|p1b: Excadrill\n|-boost|p1b: Excadrill|atk|2\n|cant|p2b: Garchomp|flinch\n|move|p2a: Corviknight|Body Press|p1b: Excadrill\n|-supereffective|p1b: Excadrill|1\n|-crit|p1b: Excadrill\n|-damage|p1b: Excadrill|0 fnt\n|faint|p1b: Excadrill\n|\n|upkeep\n|\n|t:|1775938890\n|switch|p1b: Sinistcha|Sinistcha, L50|100/100\n|-heal|p1a: Sneasler|100/100|[from] ability: Hospitality|[of] p1b: Sinistcha\n|turn|2\n|\n|t:|1775938912\n|move|p1a: Sneasler|Close Combat|p2b: Garchomp\n|-damage|p2b: Garchomp|35/100\n|-unboost|p1a: Sneasler|def|1\n|-unboost|p1a: Sneasler|spd|1\n|-damage|p1a: Sneasler|88/100|[from] ability: Rough Skin|[of] p2b: Garchomp\n|-enditem|p1a: Sneasler|White Herb\n|-clearnegativeboost|p1a: Sneasler|[silent]\n|move|p2b: Garchomp|Earthquake|p1b: Sinistcha|[spread] p1a,p1b\n|-immune|p2a: Corviknight\n|-supereffective|p1a: Sneasler|1\n|-resisted|p1b: Sinistcha|1\n|-damage|p1a: Sneasler|0 fnt\n|-damage|p1b: Sinistcha|81/100\n|faint|p1a: Sneasler\n|move|p1b: Sinistcha|Matcha Gotcha|p2b: Garchomp|[spread] p2a,p2b\n|-resisted|p2a: Corviknight|2\n|-damage|p2a: Corviknight|95/100\n|-heal|p1b: Sinistcha|85/100|[from] drain|[of] p2a: Corviknight\n|-damage|p2b: Garchomp|12/100\n|-heal|p1b: Sinistcha|99/100|[from] drain|[of] p2b: Garchomp\n|-status|p2b: Garchomp|brn\n|move|p2a: Corviknight|Brave Bird|p1b: Sinistcha\n|-supereffective|p1b: Sinistcha|1\n|-damage|p1b: Sinistcha|41/100\n|-damage|p2a: Corviknight|78/100|[from] Recoil\n|\n|-heal|p1b: Sinistcha|47/100|[from] item: Leftovers\n|-heal|p2a: Corviknight|84/100|[from] item: Leftovers\n|-damage|p2b: Garchomp|6/100 brn|[from] brn\n|upkeep\n|\n|t:|1775938924\n|switch|p1a: Kangaskhan|Kangaskhan, L50, F|100/100\n|turn|3\n|\n|t:|1775938961\n|detailschange|p1a: Kangaskhan|Kangaskhan-Mega, L50, F\n|-mega|p1a: Kangaskhan|Kangaskhan|Kangaskhanite\n|move|p1a: Kangaskhan|Fake Out|p2b: Garchomp\n|-damage|p2b: Garchomp|0 fnt\n|-damage|p1a: Kangaskhan|88/100|[from] ability: Rough Skin|[of] p2b: Garchomp\n|faint|p2b: Garchomp\n|-hitcount|p2: Garchomp|1\n|move|p1b: Sinistcha|Matcha Gotcha|p2a: Corviknight\n|-resisted|p2a: Corviknight|2\n|-damage|p2a: Corviknight|76/100\n|-heal|p1b: Sinistcha|52/100|[from] drain|[of] p2a: Corviknight\n|-status|p2a: Corviknight|brn\n|move|p2a: Corviknight|Iron Defense|p2a: Corviknight\n|-boost|p2a: Corviknight|def|2\n|\n|-heal|p1b: Sinistcha|58/100|[from] item: Leftovers\n|-heal|p2a: Corviknight|82/100 brn|[from] item: Leftovers\n|-damage|p2a: Corviknight|76/100 brn|[from] brn\n|upkeep\n|\n|t:|1775938971\n|switch|p2b: Maushold|Maushold-Four, L50|100/100\n|turn|4\n|\n|t:|1775939007\n|move|p2b: Maushold|Taunt|p1b: Sinistcha\n|-start|p1b: Sinistcha|move: Taunt\n|move|p1a: Kangaskhan|Double-Edge|p2b: Maushold\n|-damage|p2b: Maushold|25/100\n|-damage|p2b: Maushold|7/100\n|-hitcount|p2b: Maushold|2\n|-damage|p1a: Kangaskhan|58/100|[from] Recoil\n|move|p1b: Sinistcha|Matcha Gotcha|p2a: Corviknight|[spread] p2a,p2b\n|-resisted|p2a: Corviknight|2\n|-damage|p2a: Corviknight|72/100 brn\n|-heal|p1b: Sinistcha|60/100|[from] drain|[of] p2a: Corviknight\n|-damage|p2b: Maushold|0 fnt\n|-heal|p1b: Sinistcha|63/100|[from] drain|[of] p2b: Maushold\n|faint|p2b: Maushold\n|move|p2a: Corviknight|Iron Defense|p2a: Corviknight\n|-boost|p2a: Corviknight|def|2\n|\n|-heal|p1b: Sinistcha|70/100|[from] item: Leftovers\n|-heal|p2a: Corviknight|78/100 brn|[from] item: Leftovers\n|-damage|p2a: Corviknight|72/100 brn|[from] brn\n|upkeep\n|\n|t:|1775939014\n|switch|p2b: Floette|Floette-Eternal, L50, F|100/100\n|turn|5\n|\n|t:|1775939049\n|detailschange|p2b: Floette|Floette-Mega, L50, F\n|-mega|p2b: Floette|Floette|Floettite\n|-ability|p2b: Floette|Fairy Aura\n|move|p2b: Floette|Protect|p2b: Floette\n|-singleturn|p2b: Floette|Protect\n|move|p1a: Kangaskhan|Rock Tomb|p2a: Corviknight\n|-damage|p2a: Corviknight|67/100 brn\n|-ability|p2a: Corviknight|Mirror Armor\n|-unboost|p1a: Kangaskhan|spe|1\n|-damage|p2a: Corviknight|66/100 brn\n|-ability|p2a: Corviknight|Mirror Armor\n|-unboost|p1a: Kangaskhan|spe|1\n|-hitcount|p2a: Corviknight|2\n|move|p1b: Sinistcha|Matcha Gotcha|p2a: Corviknight|[spread] p2a\n|-activate|p2b: Floette|move: Protect\n|-resisted|p2a: Corviknight|2\n|-damage|p2a: Corviknight|61/100 brn\n|-heal|p1b: Sinistcha|72/100|[from] drain|[of] p2a: Corviknight\n|move|p2a: Corviknight|Body Press|p1a: Kangaskhan\n|-supereffective|p1a: Kangaskhan|1\n|-crit|p1a: Kangaskhan\n|-damage|p1a: Kangaskhan|0 fnt\n|faint|p1a: Kangaskhan\n|\n|-heal|p1b: Sinistcha|79/100|[from] item: Leftovers\n|-heal|p2a: Corviknight|67/100 brn|[from] item: Leftovers\n|-damage|p2a: Corviknight|61/100 brn|[from] brn\n|upkeep\n|turn|6\n|c|\u2606Autin Mago|Gg wp\n|\n|t:|1775939072\n|move|p2b: Floette|Moonblast|p1b: Sinistcha\n|-damage|p1b: Sinistcha|0 fnt\n|faint|p1b: Sinistcha\n|\n|win|Autin Mago\n|raw|EagleWizard's rating: 1160 &rarr; <strong>1130</strong><br />(-30 for losing)\n|raw|Autin Mago's rating: 1085 &rarr; <strong>1118</strong><br />(+33 for winning)\n",
  "uploadtime": 1775939076,
  "views": 26,
  "formatid": "gen9championsvgc2026regma",
  "rating": 1118,
  "private": 0,
  "password": null
}