{
  "id": "gen9championsvgc2026regma-2581515623",
  "format": "[Gen 9 Champions] VGC 2026 Reg M-A",
  "players": [
    "phantom_Ashes",
    "disciple of blahaj"
  ],
  "log": "|j|\u2606phantom_Ashes\n|j|\u2606disciple of blahaj\n|t:|1776007396\n|gametype|doubles\n|player|p1|phantom_Ashes|265|1076\n|player|p2|disciple of blahaj|jacinthe|1155\n|gen|9\n|tier|[Gen 9 Champions] VGC 2026 Reg M-A\n|rated|\n|rule|Species Clause: Limit one of each Pok\u00e9mon\n|rule|Item Clause: Limit 1 of each item\n|clearpoke\n|poke|p1|Golurk, L50|\n|poke|p1|Torkoal, L50, M|\n|poke|p1|Incineroar, L50, F|\n|poke|p1|Sinistcha, L50|\n|poke|p1|Farigiraf, L50, F|\n|poke|p1|Aegislash, L50, F|\n|poke|p2|Floette-Eternal, L50, F|\n|poke|p2|Aegislash, L50, F|\n|poke|p2|Mimikyu, L50, F|\n|poke|p2|Incineroar, L50, F|\n|poke|p2|Maushold-Four, L50|\n|poke|p2|Rotom-Wash, L50|\n|teampreview|4\n|inactive|Battle timer is ON: inactive players will automatically lose when time's up. (requested by disciple of blahaj)\n|inactive|phantom_Ashes has 60 seconds left.\n|inactive|disciple of blahaj has 60 seconds left.\n|\n|t:|1776007443\n|teamsize|p1|4\n|teamsize|p2|4\n|start\n|switch|p1a: Incineroar|Incineroar, L50, F|100/100\n|switch|p1b: Sinistcha|Sinistcha, L50|100/100\n|switch|p2a: Mimikyu|Mimikyu, L50, F|100/100\n|switch|p2b: Incineroar|Incineroar, L50, F|100/100\n|-ability|p2b: Incineroar|Intimidate|boost\n|-unboost|p1a: Incineroar|atk|1\n|-unboost|p1b: Sinistcha|atk|1\n|-ability|p1a: Incineroar|Intimidate|boost\n|-unboost|p2a: Mimikyu|atk|1\n|-unboost|p2b: Incineroar|atk|1\n|turn|1\n|\n|t:|1776007457\n|move|p2b: Incineroar|Fake Out|p1a: Incineroar\n|-damage|p1a: Incineroar|93/100\n|cant|p1a: Incineroar|flinch\n|move|p2a: Mimikyu|Curse|p1b: Sinistcha\n|-start|p1b: Sinistcha|Curse|[of] p2a: Mimikyu\n|-damage|p2a: Mimikyu|50/100\n|move|p1b: Sinistcha|Trick Room|p1b: Sinistcha\n|-fieldstart|move: Trick Room|[of] p1b: Sinistcha\n|\n|-damage|p1b: Sinistcha|76/100|[from] Curse\n|upkeep\n|turn|2\n|\n|t:|1776007475\n|switch|p1b: Golurk|Golurk, L50|100/100\n|move|p2b: Incineroar|Parting Shot|p1a: Incineroar\n|-unboost|p1a: Incineroar|atk|1\n|-unboost|p1a: Incineroar|spa|1\n|\n|t:|1776007494\n|switch|p2b: Maushold|Maushold-Four, L50|100/100|[from] Parting Shot\n|move|p1a: Incineroar|Flare Blitz|p2a: Mimikyu\n|-activate|p2a: Mimikyu|ability: Disguise\n|-damage|p2a: Mimikyu|50/100\n|detailschange|p2a: Mimikyu|Mimikyu-Busted, L50, F\n|-damage|p2a: Mimikyu|38/100|[from] pokemon: Mimikyu-Busted\n|move|p2a: Mimikyu|Curse|p1a: Incineroar\n|-start|p1a: Incineroar|Curse|[of] p2a: Mimikyu\n|-damage|p2a: Mimikyu|0 fnt\n|faint|p2a: Mimikyu\n|\n|-damage|p1a: Incineroar|69/100|[from] Curse\n|upkeep\n|\n|t:|1776007501\n|switch|p2a: Floette|Floette-Eternal, L50, F|100/100\n|turn|3\n|\n|t:|1776007517\n|detailschange|p1b: Golurk|Golurk-Mega, L50\n|-mega|p1b: Golurk|Golurk|Golurkite\n|detailschange|p2a: Floette|Floette-Mega, L50, F\n|-mega|p2a: Floette|Floette|Floettite\n|-ability|p2a: Floette|Fairy Aura\n|move|p2b: Maushold|Follow Me|p2b: Maushold\n|-singleturn|p2b: Maushold|move: Follow Me\n|move|p1b: Golurk|Heavy Slam|p2b: Maushold\n|-damage|p2b: Maushold|48/100\n|move|p1a: Incineroar|Parting Shot|p2b: Maushold\n|-unboost|p2b: Maushold|atk|1\n|-unboost|p2b: Maushold|spa|1\n|\n|t:|1776007529\n|switch|p1a: Aegislash|Aegislash, L50, F|100/100|[from] Parting Shot\n|move|p2a: Floette|Calm Mind|p2a: Floette\n|-boost|p2a: Floette|spa|1\n|-boost|p2a: Floette|spd|1\n|\n|upkeep\n|turn|4\n|\n|t:|1776007538\n|move|p2a: Floette|Protect|p2a: Floette\n|-singleturn|p2a: Floette|Protect\n|move|p2b: Maushold|Protect|p2b: Maushold\n|-singleturn|p2b: Maushold|Protect\n|move|p1b: Golurk|Heavy Slam|p2a: Floette\n|-supereffective|p2a: Floette|1\n|-ability|p1b: Golurk|Unseen Fist\n|-zbroken|p2a: Floette\n|-damage|p2a: Floette|92/100\n|-formechange|p1a: Aegislash|Aegislash-Blade|\n|move|p1a: Aegislash|Flash Cannon|p2a: Floette\n|-activate|p2a: Floette|move: Protect\n|\n|upkeep\n|turn|5\n|\n|t:|1776007558\n|move|p2b: Maushold|Follow Me|p2b: Maushold\n|-singleturn|p2b: Maushold|move: Follow Me\n|move|p1b: Golurk|Heavy Slam|p2b: Maushold\n|-damage|p2b: Maushold|0 fnt\n|faint|p2b: Maushold\n|move|p1a: Aegislash|Flash Cannon|p2a: Floette\n|-supereffective|p2a: Floette|1\n|-damage|p2a: Floette|47/100\n|move|p2a: Floette|Calm Mind|p2a: Floette\n|-boost|p2a: Floette|spa|1\n|-boost|p2a: Floette|spd|1\n|\n|-fieldend|move: Trick Room\n|upkeep\n|\n|t:|1776007566\n|switch|p2b: Incineroar|Incineroar, L50, F|100/100\n|-ability|p2b: Incineroar|Intimidate|boost\n|-unboost|p1a: Aegislash|atk|1\n|-unboost|p1b: Golurk|atk|1\n|turn|6\n|\n|t:|1776007575\n|move|p1a: Aegislash|Wide Guard|p1a: Aegislash\n|-singleturn|p1a: Aegislash|Wide Guard\n|move|p2a: Floette|Draining Kiss|p1b: Golurk\n|-damage|p1b: Golurk|41/100\n|-heal|p2a: Floette|95/100|[from] drain|[of] p1b: Golurk\n|move|p2b: Incineroar|Parting Shot|p1a: Aegislash\n|-unboost|p1a: Aegislash|atk|1\n|-unboost|p1a: Aegislash|spa|1\n|move|p1b: Golurk|Heavy Slam|p2a: Floette\n|-supereffective|p2a: Floette|1\n|-damage|p2a: Floette|60/100\n|\n|upkeep\n|turn|7\n|-message|phantom_Ashes forfeited.\n|\n|win|disciple of blahaj\n|raw|phantom_Ashes's rating: 1076 &rarr; <strong>1059</strong><br />(-17 for losing)\n|raw|disciple of blahaj's rating: 1155 &rarr; <strong>1174</strong><br />(+19 for winning)\n|l|\u2606phantom_Ashes\n|player|p1|\n",
  "uploadtime": 1776007610,
  "views": 15,
  "formatid": "gen9championsvgc2026regma",
  "rating": 1059,
  "private": 0,
  "password": null
}