{
  "id": "gen9championsvgc2026regma-2581227286",
  "format": "[Gen 9 Champions] VGC 2026 Reg M-A",
  "players": [
    "Hailey Welch",
    "gymnmons"
  ],
  "log": "|j|\u2606Hailey Welch\n|j|\u2606gymnmons\n|t:|1775973275\n|gametype|doubles\n|player|p1|Hailey Welch|1|\n|player|p2|gymnmons|lance|\n|gen|9\n|tier|[Gen 9 Champions] VGC 2026 Reg M-A\n|rated|Tournament battle\n|rule|Species Clause: Limit one of each Pok\u00e9mon\n|rule|Item Clause: Limit 1 of each item\n|clearpoke\n|poke|p1|Venusaur, L50, F|\n|poke|p1|Charizard, L50, F|\n|poke|p1|Incineroar, L50, F|\n|poke|p1|Garchomp, L50, F|\n|poke|p1|Aerodactyl, L50, M|\n|poke|p1|Sneasler, L50, F|\n|poke|p2|Floette-Eternal, L50, F|\n|poke|p2|Dragapult, L50, M|\n|poke|p2|Garchomp, L50, M|\n|poke|p2|Blastoise, L50, M|\n|poke|p2|Incineroar, L50, M|\n|poke|p2|Maushold, L50|\n|teampreview|4\n|j| Ali_0009\n|j| khungcanh\n|j| kritath\n|j| Jackleton\n|l| kritath\n|j| Ice124567890\n|j| NoobIsLearning\n|l| Jackleton\n|j| Avi 2007\nHailey Welch has agreed to open team sheets.\n|\n|t:|1775973363\n|teamsize|p1|4\n|teamsize|p2|4\n|start\n|switch|p1a: Charizard|Charizard, L50, F|100/100\n|switch|p1b: Sneasler|Sneasler, L50, F, shiny|100/100\n|switch|p2a: Maushold|Maushold, L50|100/100\n|switch|p2b: Floette|Floette-Eternal, L50, F|100/100\n|turn|1\n|\n|t:|1775973378\n|detailschange|p1a: Charizard|Charizard-Mega-Y, L50, F\n|-mega|p1a: Charizard|Charizard|Charizardite Y\n|-weather|SunnyDay|[from] ability: Drought|[of] p1a: Charizard\n|move|p2a: Maushold|Protect|p2a: Maushold\n|-singleturn|p2a: Maushold|Protect\n|move|p2b: Floette|Protect|p2b: Floette\n|-singleturn|p2b: Floette|Protect\n|move|p1b: Sneasler|Fake Out|p2b: Floette\n|-activate|p2b: Floette|move: Protect\n|move|p1a: Charizard|Heat Wave|p2b: Floette|[spread] \n|-activate|p2a: Maushold|move: Protect\n|-activate|p2b: Floette|move: Protect\n|\n|-weather|SunnyDay|[upkeep]\n|upkeep\n|turn|2\n|j| Lyiter\n|\n|t:|1775973391\n|detailschange|p2b: Floette|Floette-Mega, L50, F\n|-mega|p2b: Floette|Floette|Floettite\n|-ability|p2b: Floette|Fairy Aura\n|move|p2a: Maushold|Follow Me|p2a: Maushold\n|-singleturn|p2a: Maushold|move: Follow Me\n|move|p1b: Sneasler|Close Combat|p2a: Maushold\n|-supereffective|p2a: Maushold|1\n|-enditem|p2a: Maushold|Focus Sash\n|-damage|p2a: Maushold|1/100\n|-unboost|p1b: Sneasler|def|1\n|-unboost|p1b: Sneasler|spd|1\n|-enditem|p1b: Sneasler|White Herb\n|-clearnegativeboost|p1b: Sneasler|[silent]\n|move|p1a: Charizard|Heat Wave|p2a: Maushold|[spread] p2b\n|-miss|p1a: Charizard|p2a: Maushold\n|-damage|p2b: Floette|65/100\n|-status|p2b: Floette|brn\n|move|p2b: Floette|Calm Mind|p2b: Floette\n|-boost|p2b: Floette|spa|1\n|-boost|p2b: Floette|spd|1\n|\n|-weather|SunnyDay|[upkeep]\n|-damage|p2b: Floette|59/100 brn|[from] brn\n|upkeep\n|turn|3\n|\n|t:|1775973409\n|move|p2a: Maushold|Follow Me|p2a: Maushold\n|-singleturn|p2a: Maushold|move: Follow Me\n|move|p1b: Sneasler|Dire Claw|p2a: Maushold\n|-damage|p2a: Maushold|0 fnt\n|faint|p2a: Maushold\n|move|p1a: Charizard|Weather Ball|p2b: Floette\n|-damage|p2b: Floette|17/100 brn\n|move|p2b: Floette|Draining Kiss|p1b: Sneasler\n|-damage|p1b: Sneasler|33/100\n|-heal|p2b: Floette|61/100 brn|[from] drain|[of] p1b: Sneasler\n|\n|-weather|SunnyDay|[upkeep]\n|-damage|p2b: Floette|55/100 brn|[from] brn\n|upkeep\n|\n|t:|1775973424\n|switch|p2a: Incineroar|Incineroar, L50, M|100/100\n|-ability|p2a: Incineroar|Intimidate|boost\n|-unboost|p1a: Charizard|atk|1\n|-unboost|p1b: Sneasler|atk|1\n|turn|4\n|\n|t:|1775973451\n|move|p2a: Incineroar|Fake Out|p1b: Sneasler\n|-damage|p1b: Sneasler|15/100\n|cant|p1b: Sneasler|flinch\n|move|p1a: Charizard|Weather Ball|p2b: Floette\n|-damage|p2b: Floette|9/100 brn\n|move|p2b: Floette|Draining Kiss|p1a: Charizard\n|-resisted|p1a: Charizard|1\n|-damage|p1a: Charizard|76/100\n|-heal|p2b: Floette|25/100 brn|[from] drain|[of] p1a: Charizard\n|\n|-weather|SunnyDay|[upkeep]\n|-damage|p2b: Floette|19/100 brn|[from] brn\n|upkeep\n|turn|5\n|j| kritath\n|l| Lyiter\n|j| VaatiMan92\n|l| Avi 2007\n|l| VaatiMan92\n|\n|t:|1775973499\n|move|p1b: Sneasler|Close Combat|p2a: Incineroar\n|-supereffective|p2a: Incineroar|1\n|-damage|p2a: Incineroar|19/100\n|-unboost|p1b: Sneasler|def|1\n|-unboost|p1b: Sneasler|spd|1\n|-enditem|p2a: Incineroar|Sitrus Berry|[eat]\n|-heal|p2a: Incineroar|44/100|[from] item: Sitrus Berry\n|move|p1a: Charizard|Heat Wave|p2b: Floette|[spread] p2a,p2b\n|-resisted|p2a: Incineroar|1\n|-damage|p2a: Incineroar|17/100\n|-damage|p2b: Floette|0 fnt\n|faint|p2b: Floette\n|move|p2a: Incineroar|Flare Blitz|p1b: Sneasler\n|-crit|p1b: Sneasler\n|-damage|p1b: Sneasler|0 fnt\n|faint|p1b: Sneasler\n|-damage|p2a: Incineroar|13/100|[from] Recoil\n|\n|-weather|none\n|upkeep\n|\n|t:|1775973512\n|switch|p1b: Venusaur|Venusaur, L50, F|100/100\n|switch|p2b: Dragapult|Dragapult, L50, M|100/100\n|turn|6\n|j|+Ramen Broth\n|\n|t:|1775973526\n|switch|p1a: Incineroar|Incineroar, L50, F|100/100\n|-ability|p1a: Incineroar|Intimidate|boost\n|-unboost|p2a: Incineroar|atk|1\n|-fail|p2b: Dragapult|unboost|[from] ability: Clear Body|[of] p2b: Dragapult\n|move|p1b: Venusaur|Protect|p1b: Venusaur\n|-singleturn|p1b: Venusaur|Protect\n|move|p2b: Dragapult|Dragon Darts|p1a: Incineroar\n|-damage|p1a: Incineroar|76/100\n|-anim|p2b: Dragapult|Dragon Darts|p1a: Incineroar\n|-damage|p1a: Incineroar|52/100\n|move|p2a: Incineroar|Flare Blitz|p1b: Venusaur\n|-activate|p1b: Venusaur|move: Protect\n|\n|upkeep\n|turn|7\n|j| Lyiter\n|\n|t:|1775973570\n|move|p2b: Dragapult|Phantom Force||[still]\n|-prepare|p2b: Dragapult|Phantom Force\n|move|p1b: Venusaur|Sleep Powder|p2b: Dragapult|[miss]\n|-miss|p1b: Venusaur|p2b: Dragapult\n|move|p2a: Incineroar|Flare Blitz|p1a: Incineroar\n|-resisted|p1a: Incineroar|1\n|-damage|p1a: Incineroar|39/100\n|-damage|p2a: Incineroar|9/100|[from] Recoil\n|move|p1a: Incineroar|Throat Chop|p2b: Dragapult|[miss]\n|-miss|p1a: Incineroar|p2b: Dragapult\n|\n|upkeep\n|turn|8\n|j| tubbys\n|j| Cannon14\n|\n|t:|1775973584\n|move|p2b: Dragapult|Phantom Force|p1b: Venusaur|[from] lockedmove\n|-damage|p1b: Venusaur|46/100\n|move|p1b: Venusaur|Sludge Bomb|p2a: Incineroar\n|-damage|p2a: Incineroar|0 fnt\n|faint|p2a: Incineroar\n|move|p1a: Incineroar|Throat Chop|p2b: Dragapult\n|-supereffective|p2b: Dragapult|1\n|-enditem|p2b: Dragapult|Colbur Berry|[eat]\n|-enditem|p2b: Dragapult|Colbur Berry|[weaken]\n|-damage|p2b: Dragapult|54/100\n|-start|p2b: Dragapult|Throat Chop|[silent]\n|\n|upkeep\n|turn|9\n|\n|t:|1775973601\n|switch|p1a: Charizard|Charizard-Mega-Y, L50, F|76/100\n|-weather|SunnyDay|[from] ability: Drought|[of] p1a: Charizard\n|move|p1b: Venusaur|Sleep Powder|p2b: Dragapult\n|-status|p2b: Dragapult|slp|[from] move: Sleep Powder\n|cant|p2b: Dragapult|slp\n|\n|-weather|SunnyDay|[upkeep]\n|-end|p2b: Dragapult|Throat Chop|[silent]\n|upkeep\n|turn|10\n|c|\u2606gymnmons|gg\n|-message|gymnmons forfeited.\n|\n|win|Hailey Welch\n|n|\u2606Hailey Welch|haileywelch\n|n|\u2606gymnmons|gymnmons\n|n| Ali_0009|ali0009\n|n| khungcanh|khungcanh\n|n| Ice124567890|ice124567890\n|n| NoobIsLearning|noobislearning\n|n| kritath|kritath\n|n| Ramen Broth|ramenbroth\n|n| Lyiter|lyiter\n|n| tubbys|tubbys\n|n| Cannon14|cannon14\n",
  "uploadtime": 1775973609,
  "views": 15,
  "formatid": "gen9championsvgc2026regma",
  "rating": null,
  "private": 0,
  "password": null
}