{
  "id": "gen9championsvgc2026regma-2583572052",
  "format": "[Gen 9 Champions] VGC 2026 Reg M-A",
  "players": [
    "michael19987",
    "Akvagirl"
  ],
  "log": "|j|\u2606michael19987\n|j|\u2606Akvagirl\n|t:|1776184065\n|gametype|doubles\n|player|p1|michael19987|plasmagrunt|1000\n|player|p2|Akvagirl|102|1059\n|gen|9\n|tier|[Gen 9 Champions] VGC 2026 Reg M-A\n|rated|\n|rule|Species Clause: Limit one of each Pok\u00e9mon\n|rule|Item Clause: Limit 1 of each item\n|clearpoke\n|poke|p1|Slowbro, L50, F|\n|poke|p1|Pelipper, L50, M|\n|poke|p1|Farigiraf, L50, F|\n|poke|p1|Rotom-Heat, L50|\n|poke|p1|Archaludon, L50, F|\n|poke|p1|Toxicroak, L50, M|\n|poke|p2|Pelipper, L50, M|\n|poke|p2|Manectric, L50, F|\n|poke|p2|Sinistcha, L50|\n|poke|p2|Archaludon, L50, M|\n|poke|p2|Basculegion, L50, M|\n|poke|p2|Sneasler, L50, F|\n|teampreview|4\nmichael19987 rejected open team sheets.\n|inactive|Battle timer is ON: inactive players will automatically lose when time's up. (requested by michael19987)\n|\n|t:|1776184134\n|teamsize|p1|4\n|teamsize|p2|4\n|start\n|switch|p1a: Slowbro|Slowbro, L50, F|100/100\n|switch|p1b: Farigiraf|Farigiraf, L50, F|100/100\n|switch|p2a: Pelipper|Pelipper, L50, M|100/100\n|switch|p2b: Archaludon|Archaludon, L50, M|100/100\n|-weather|RainDance|[from] ability: Drizzle|[of] p2a: Pelipper\n|turn|1\n|inactive|michael19987 has 30 seconds left.\n|inactive|Akvagirl has 30 seconds left.\n|inactive|michael19987 has 20 seconds left.\n|\n|t:|1776184172\n|detailschange|p1a: Slowbro|Slowbro-Mega, L50, F\n|-mega|p1a: Slowbro|Slowbro|Slowbronite\n|move|p2a: Pelipper|Hurricane|p1b: Farigiraf\n|-damage|p1b: Farigiraf|67/100\n|move|p2b: Archaludon|Electro Shot||[still]\n|-prepare|p2b: Archaludon|Electro Shot\n|-boost|p2b: Archaludon|spa|1\n|-anim|p2b: Archaludon|Electro Shot|p1b: Farigiraf\n|-damage|p1b: Farigiraf|24/100\n|move|p1a: Slowbro|Calm Mind|p1a: Slowbro\n|-boost|p1a: Slowbro|spa|1\n|-boost|p1a: Slowbro|spd|1\n|move|p1b: Farigiraf|Trick Room|p1b: Farigiraf\n|-fieldstart|move: Trick Room|[of] p1b: Farigiraf\n|\n|-weather|RainDance|[upkeep]\n|-heal|p1b: Farigiraf|30/100|[from] item: Leftovers\n|upkeep\n|turn|2\n|inactive|Akvagirl has 30 seconds left.\n|\n|t:|1776184207\n|move|p1a: Slowbro|Ice Beam|p2b: Archaludon\n|-damage|p2b: Archaludon|49/100\n|-ability|p2b: Archaludon|Stamina|boost\n|-boost|p2b: Archaludon|def|1\n|move|p1b: Farigiraf|Light Screen|p1b: Farigiraf\n|-sidestart|p1: michael19987|move: Light Screen\n|move|p2b: Archaludon|Electro Shot||[still]\n|-prepare|p2b: Archaludon|Electro Shot\n|-boost|p2b: Archaludon|spa|1\n|-anim|p2b: Archaludon|Electro Shot|p1a: Slowbro\n|-supereffective|p1a: Slowbro|1\n|-damage|p1a: Slowbro|29/100\n|move|p2a: Pelipper|Weather Ball|p1b: Farigiraf\n|-crit|p1b: Farigiraf\n|-damage|p1b: Farigiraf|0 fnt\n|faint|p1b: Farigiraf\n|\n|-weather|RainDance|[upkeep]\n|-heal|p2b: Archaludon|55/100|[from] item: Leftovers\n|upkeep\n|\n|t:|1776184223\n|switch|p1b: Archaludon|Archaludon, L50, F|100/100\n|turn|3\n|inactive|michael19987 has 30 seconds left.\n|inactive|Akvagirl has 30 seconds left.\n|inactive|Akvagirl has 20 seconds left.\n|inactive|Akvagirl has 15 seconds left.\n|inactive|michael19987 has 20 seconds left.\n|inactive|Akvagirl has 10 seconds left.\n|inactive|michael19987 has 15 seconds left.\n|inactive|Akvagirl has 5 seconds left.\n|\n|t:|1776184275\n|move|p2b: Archaludon|Protect|p2b: Archaludon\n|-singleturn|p2b: Archaludon|Protect\n|move|p1a: Slowbro|Ice Beam|p2a: Pelipper\n|-damage|p2a: Pelipper|17/100\n|move|p1b: Archaludon|Dragon Pulse|p2b: Archaludon\n|-activate|p2b: Archaludon|move: Protect\n|move|p2a: Pelipper|Hurricane|p1a: Slowbro\n|-damage|p1a: Slowbro|9/100\n|\n|-weather|RainDance|[upkeep]\n|-heal|p2b: Archaludon|61/100|[from] item: Leftovers\n|upkeep\n|turn|4\n|\n|t:|1776184294\n|move|p2a: Pelipper|Protect|p2a: Pelipper\n|-singleturn|p2a: Pelipper|Protect\n|move|p1a: Slowbro|Psychic|p2a: Pelipper\n|-activate|p2a: Pelipper|move: Protect\n|move|p1b: Archaludon|Dragon Pulse|p2b: Archaludon\n|-damage|p2b: Archaludon|13/100\n|-ability|p2b: Archaludon|Stamina|boost\n|-boost|p2b: Archaludon|def|1\n|move|p2b: Archaludon|Aura Sphere|p1b: Archaludon\n|-supereffective|p1b: Archaludon|1\n|-damage|p1b: Archaludon|23/100\n|-ability|p1b: Archaludon|Stamina|boost\n|-boost|p1b: Archaludon|def|1\n|-enditem|p1b: Archaludon|Sitrus Berry|[eat]\n|-heal|p1b: Archaludon|48/100|[from] item: Sitrus Berry\n|\n|-weather|RainDance|[upkeep]\n|-heal|p2b: Archaludon|19/100|[from] item: Leftovers\n|upkeep\n|turn|5\n|inactive|michael19987 has 30 seconds left.\n|inactive|Akvagirl has 30 seconds left.\n|inactive|Akvagirl has 20 seconds left.\n|inactive|Akvagirl has 15 seconds left.\n|\n|t:|1776184335\n|switch|p2a: Sinistcha|Sinistcha, L50|100/100\n|-heal|p2b: Archaludon|44/100|[from] ability: Hospitality|[of] p2a: Sinistcha\n|move|p2b: Archaludon|Protect|p2b: Archaludon\n|-singleturn|p2b: Archaludon|Protect\n|move|p1a: Slowbro|Ice Beam|p2b: Archaludon\n|-activate|p2b: Archaludon|move: Protect\n|move|p1b: Archaludon|Electro Shot||[still]\n|-prepare|p1b: Archaludon|Electro Shot\n|-boost|p1b: Archaludon|spa|1\n|-anim|p1b: Archaludon|Electro Shot|p2a: Sinistcha\n|-resisted|p2a: Sinistcha|1\n|-damage|p2a: Sinistcha|69/100\n|\n|-weather|none\n|-heal|p2b: Archaludon|50/100|[from] item: Leftovers\n|-fieldend|move: Trick Room\n|upkeep\n|turn|6\n|inactive|michael19987 has 30 seconds left.\n|inactive|Akvagirl has 30 seconds left.\n|inactive|Akvagirl has 20 seconds left.\n|inactive|Akvagirl has 15 seconds left.\n|\n|t:|1776184375\n|move|p1b: Archaludon|Protect|p1b: Archaludon\n|-singleturn|p1b: Archaludon|Protect\n|move|p2b: Archaludon|Aura Sphere|p1b: Archaludon\n|-activate|p1b: Archaludon|move: Protect\n|move|p2a: Sinistcha|Matcha Gotcha|p1b: Archaludon|[spread] p1a\n|-activate|p1b: Archaludon|move: Protect\n|-supereffective|p1a: Slowbro|1\n|-damage|p1a: Slowbro|0 fnt\n|-heal|p2a: Sinistcha|74/100|[from] drain|[of] p1a: Slowbro\n|faint|p1a: Slowbro\n|\n|-heal|p2b: Archaludon|56/100|[from] item: Leftovers\n|-sideend|p1: michael19987|move: Light Screen\n|upkeep\n|\n|t:|1776184385\n|switch|p1a: Pelipper|Pelipper, L50, M|100/100\n|-weather|RainDance|[from] ability: Drizzle|[of] p1a: Pelipper\n|turn|7\n|inactive|Akvagirl has 30 seconds left.\n|inactive|Akvagirl has 20 seconds left.\n|inactive|Akvagirl has 15 seconds left.\n|inactive|Akvagirl has 10 seconds left.\n|inactive|Akvagirl has 5 seconds left.\n|\n|t:|1776184440\n|move|p2b: Archaludon|Protect|p2b: Archaludon\n|-singleturn|p2b: Archaludon|Protect\n|move|p1a: Pelipper|Wide Guard|p1a: Pelipper\n|-singleturn|p1a: Pelipper|Wide Guard\n|move|p1b: Archaludon|Dragon Pulse|p2b: Archaludon\n|-activate|p2b: Archaludon|move: Protect\n|move|p2a: Sinistcha|Matcha Gotcha|p1b: Archaludon|[spread] \n|-activate|p1a: Pelipper|move: Wide Guard\n|-activate|p1b: Archaludon|move: Wide Guard\n|\n|-weather|RainDance|[upkeep]\n|-heal|p2b: Archaludon|62/100|[from] item: Leftovers\n|upkeep\n|turn|8\n|inactive|Akvagirl has 30 seconds left.\n|\n|t:|1776184470\n|switch|p2a: Basculegion|Basculegion, L50, M|100/100\n|move|p1b: Archaludon|Protect|p1b: Archaludon\n|-singleturn|p1b: Archaludon|Protect\n|move|p2b: Archaludon|Aura Sphere|p1b: Archaludon\n|-activate|p1b: Archaludon|move: Protect\n|move|p1a: Pelipper|Hurricane|p2a: Basculegion\n|-damage|p2a: Basculegion|39/100\n|\n|-weather|RainDance|[upkeep]\n|-heal|p2b: Archaludon|68/100|[from] item: Leftovers\n|upkeep\n|turn|9\n|inactive|michael19987 has 30 seconds left.\n|inactive|Akvagirl has 30 seconds left.\n|inactive|michael19987 has 20 seconds left.\n|inactive|Akvagirl has 20 seconds left.\n|inactive|Akvagirl has 15 seconds left.\n|inactive|Akvagirl has 10 seconds left.\n|\n|t:|1776184516\n|switch|p2a: Sinistcha|Sinistcha, L50|74/100\n|-heal|p2b: Archaludon|93/100|[from] ability: Hospitality|[of] p2a: Sinistcha\n|move|p2b: Archaludon|Aura Sphere|p1b: Archaludon\n|-supereffective|p1b: Archaludon|1\n|-damage|p1b: Archaludon|0 fnt\n|faint|p1b: Archaludon\n|move|p1a: Pelipper|Hurricane|p2a: Sinistcha\n|-supereffective|p2a: Sinistcha|1\n|-damage|p2a: Sinistcha|0 fnt\n|faint|p2a: Sinistcha\n|\n|-weather|RainDance|[upkeep]\n|-heal|p2b: Archaludon|99/100|[from] item: Leftovers\n|upkeep\n|inactive|Akvagirl has 30 seconds left.\n|inactive|Akvagirl has 20 seconds left.\n|\n|t:|1776184554\n|switch|p2a: Basculegion|Basculegion, L50, M|39/100\n|turn|10\n|\n|t:|1776184576\n|move|p2a: Basculegion|Last Respects|p1a: Pelipper\n|-damage|p1a: Pelipper|45/100\n|move|p2b: Archaludon|Electro Shot||[still]\n|-prepare|p2b: Archaludon|Electro Shot\n|-boost|p2b: Archaludon|spa|1\n|-anim|p2b: Archaludon|Electro Shot|p1a: Pelipper\n|-supereffective|p1a: Pelipper|2\n|-enditem|p1a: Pelipper|Wacan Berry|[eat]\n|-enditem|p1a: Pelipper|Wacan Berry|[weaken]\n|-damage|p1a: Pelipper|0 fnt\n|faint|p1a: Pelipper\n|\n|win|Akvagirl\n|raw|michael19987's rating: 1000 &rarr; <strong>1000</strong><br />(+0 for losing)\n|raw|Akvagirl's rating: 1059 &rarr; <strong>1085</strong><br />(+26 for winning)\n",
  "uploadtime": 1776184588,
  "views": 22,
  "formatid": "gen9championsvgc2026regma",
  "rating": 1000,
  "private": 0,
  "password": null
}