{
  "id": "gen9championsvgc2026regma-2582139599",
  "format": "[Gen 9 Champions] VGC 2026 Reg M-A",
  "players": [
    "Arcadia Yune",
    "ItzMaxx"
  ],
  "log": "|j|\u2606Arcadia Yune\n|j|\u2606ItzMaxx\n|t:|1776063096\n|gametype|doubles\n|player|p1|Arcadia Yune|li|1129\n|player|p2|ItzMaxx|1|1112\n|gen|9\n|tier|[Gen 9 Champions] VGC 2026 Reg M-A\n|rated|\n|rule|Species Clause: Limit one of each Pok\u00e9mon\n|rule|Item Clause: Limit 1 of each item\n|clearpoke\n|poke|p1|Pelipper, L50, M|\n|poke|p1|Archaludon, L50, M|\n|poke|p1|Dragonite, L50, M|\n|poke|p1|Sinistcha, L50|\n|poke|p1|Basculegion, L50, M|\n|poke|p1|Sneasler, L50, M|\n|poke|p2|Floette-Eternal, L50, F|\n|poke|p2|Talonflame, L50, F|\n|poke|p2|Incineroar, L50, M|\n|poke|p2|Garchomp, L50, M|\n|teampreview|4\n|\n|t:|1776063141\n|teamsize|p1|4\n|teamsize|p2|4\n|start\n|switch|p1a: Pelipper|Pelipper, L50, M|100/100\n|switch|p1b: Basculegion|Basculegion, L50, M|100/100\n|switch|p2a: Talonflame|Talonflame, L50, F, shiny|100/100\n|switch|p2b: Floette|Floette-Eternal, L50, F|100/100\n|-weather|RainDance|[from] ability: Drizzle|[of] p1a: Pelipper\n|turn|1\n|\n|t:|1776063175\n|detailschange|p2b: Floette|Floette-Mega, L50, F\n|-mega|p2b: Floette|Floette|Floettite\n|-ability|p2b: Floette|Fairy Aura\n|move|p2a: Talonflame|Tailwind|p2a: Talonflame\n|-sidestart|p2: ItzMaxx|move: Tailwind\n|move|p2b: Floette|Calm Mind|p2b: Floette\n|-boost|p2b: Floette|spa|1\n|-boost|p2b: Floette|spd|1\n|move|p1b: Basculegion|Flip Turn|p2a: Talonflame\n|-supereffective|p2a: Talonflame|1\n|-enditem|p2a: Talonflame|Focus Sash\n|-damage|p2a: Talonflame|1/100\n|\n|t:|1776063186\n|switch|p1b: Archaludon|Archaludon, L50, M|100/100|[from] Flip Turn\n|move|p1a: Pelipper|Weather Ball|p2b: Floette\n|-damage|p2b: Floette|62/100\n|\n|-weather|RainDance|[upkeep]\n|upkeep\n|turn|2\n|\n|t:|1776063214\n|move|p1a: Pelipper|Wide Guard|p1a: Pelipper\n|-singleturn|p1a: Pelipper|Wide Guard\n|move|p2a: Talonflame|Brave Bird|p1b: Archaludon\n|-resisted|p1b: Archaludon|1\n|-damage|p1b: Archaludon|83/100\n|-ability|p1b: Archaludon|Stamina|boost\n|-boost|p1b: Archaludon|def|1\n|-damage|p2a: Talonflame|0 fnt|[from] Recoil\n|faint|p2a: Talonflame\n|move|p2b: Floette|Draining Kiss|p1b: Archaludon\n|-damage|p1b: Archaludon|16/100\n|-heal|p2b: Floette|100/100|[from] drain|[of] p1b: Archaludon\n|-ability|p1b: Archaludon|Stamina|boost\n|-boost|p1b: Archaludon|def|1\n|move|p1b: Archaludon|Flash Cannon|p2b: Floette\n|-supereffective|p2b: Floette|1\n|-damage|p2b: Floette|51/100\n|\n|-weather|RainDance|[upkeep]\n|-heal|p1b: Archaludon|22/100|[from] item: Leftovers\n|upkeep\n|\n|t:|1776063231\n|switch|p2a: Incineroar|Incineroar, L50, M|100/100\n|-ability|p2a: Incineroar|Intimidate|boost\n|-unboost|p1a: Pelipper|atk|1\n|-unboost|p1b: Archaludon|atk|1\n|turn|3\n|\n|t:|1776063238\n|move|p1b: Archaludon|Protect|p1b: Archaludon\n|-singleturn|p1b: Archaludon|Protect\n|move|p2a: Incineroar|Fake Out|p1a: Pelipper\n|-damage|p1a: Pelipper|87/100\n|move|p2b: Floette|Dazzling Gleam|p1a: Pelipper|[spread] p1a\n|-activate|p1b: Archaludon|move: Protect\n|-damage|p1a: Pelipper|0 fnt\n|faint|p1a: Pelipper\n|\n|-weather|RainDance|[upkeep]\n|-heal|p1b: Archaludon|28/100|[from] item: Leftovers\n|upkeep\n|\n|t:|1776063250\n|switch|p1a: Basculegion|Basculegion, L50, M|100/100\n|turn|4\n|\n|t:|1776063277\n|move|p2b: Floette|Draining Kiss|p1b: Archaludon\n|-damage|p1b: Archaludon|0 fnt\n|-heal|p2b: Floette|79/100|[from] drain|[of] p1b: Archaludon\n|faint|p1b: Archaludon\n|move|p1a: Basculegion|Wave Crash|p2b: Floette\n|-damage|p2b: Floette|0 fnt\n|faint|p2b: Floette\n|-damage|p1a: Basculegion|81/100|[from] Recoil\n|move|p2a: Incineroar|Throat Chop|p1a: Basculegion\n|-supereffective|p1a: Basculegion|1\n|-damage|p1a: Basculegion|4/100\n|-start|p1a: Basculegion|Throat Chop|[silent]\n|\n|-weather|RainDance|[upkeep]\n|-sideend|p2: ItzMaxx|move: Tailwind\n|upkeep\n|\n|t:|1776063289\n|switch|p2b: Garchomp|Garchomp, L50, M|100/100\n|switch|p1b: Dragonite|Dragonite, L50, M|100/100\n|turn|5\n|\n|t:|1776063322\n|detailschange|p1b: Dragonite|Dragonite-Mega, L50, M\n|-mega|p1b: Dragonite|Dragonite|Dragoninite\n|move|p1a: Basculegion|Wave Crash|p2a: Incineroar\n|-supereffective|p2a: Incineroar|1\n|-damage|p2a: Incineroar|0 fnt\n|faint|p2a: Incineroar\n|-damage|p1a: Basculegion|0 fnt|[from] Recoil\n|faint|p1a: Basculegion\n|move|p2b: Garchomp|Rock Slide|p1b: Dragonite\n|-supereffective|p1b: Dragonite|1\n|-damage|p1b: Dragonite|75/100\n|move|p1b: Dragonite|Draco Meteor|p2b: Garchomp\n|-supereffective|p2b: Garchomp|1\n|-damage|p2b: Garchomp|0 fnt\n|-unboost|p1b: Dragonite|spa|2\n|faint|p2b: Garchomp\n|\n|win|Arcadia Yune\n|raw|Arcadia Yune's rating: 1129 &rarr; <strong>1153</strong><br />(+24 for winning)\n|raw|ItzMaxx's rating: 1112 &rarr; <strong>1088</strong><br />(-24 for losing)\n|l|\u2606ItzMaxx\n|player|p2|\n",
  "uploadtime": 1776063337,
  "views": 15,
  "formatid": "gen9championsvgc2026regma",
  "rating": 1088,
  "private": 0,
  "password": null
}