{
  "id": "gen9championsvgc2026regma-2582821948",
  "format": "[Gen 9 Champions] VGC 2026 Reg M-A",
  "players": [
    "lakeandbake",
    "zanski"
  ],
  "log": "|j|\u203dlakeandbake\n|j|\u2606zanski\n|t:|1776116719\n|gametype|doubles\n|player|p1|lakeandbake|iono-masters|1184\n|player|p2|zanski|ltsurge-gen2|1125\n|gen|9\n|tier|[Gen 9 Champions] VGC 2026 Reg M-A\n|rated|\n|rule|Species Clause: Limit one of each Pok\u00e9mon\n|rule|Item Clause: Limit 1 of each item\n|clearpoke\n|poke|p1|Aerodactyl, L50, F|\n|poke|p1|Rotom-Wash, L50|\n|poke|p1|Sneasler, L50, M|\n|poke|p1|Incineroar, L50, M|\n|poke|p1|Garchomp, L50, M|\n|poke|p1|Floette-Eternal, L50, F|\n|poke|p2|Primarina, L50, F|\n|poke|p2|Farigiraf, L50, M|\n|poke|p2|Torkoal, L50, F|\n|poke|p2|Incineroar, L50, M|\n|poke|p2|Golurk, L50|\n|poke|p2|Sneasler, L50, M|\n|teampreview|4\n|inactive|Battle timer is ON: inactive players will automatically lose when time's up. (requested by lakeandbake)\n|inactive|zanski has 60 seconds left.\n|\n|t:|1776116765\n|teamsize|p1|4\n|teamsize|p2|4\n|start\n|switch|p1a: Garchomp|Garchomp, L50, M|100/100\n|switch|p1b: Aerodactyl|Aerodactyl, L50, F|100/100\n|switch|p2a: Farigiraf|Farigiraf, L50, M|100/100\n|switch|p2b: Primarina|Primarina, L50, F|100/100\n|-ability|p1b: Aerodactyl|Pressure\n|turn|1\n|\n|t:|1776116775\n|move|p1a: Garchomp|Rock Slide|p2a: Farigiraf|[spread] p2a,p2b\n|-damage|p2a: Farigiraf|83/100\n|-damage|p2b: Primarina|77/100\n|move|p1b: Aerodactyl|Rock Slide|p2a: Farigiraf|[spread] p2b\n|-miss|p1b: Aerodactyl|p2a: Farigiraf\n|-damage|p2b: Primarina|46/100\n|move|p2b: Primarina|Calm Mind|p2b: Primarina\n|-boost|p2b: Primarina|spa|1\n|-boost|p2b: Primarina|spd|1\n|move|p2a: Farigiraf|Trick Room|p2a: Farigiraf\n|-fieldstart|move: Trick Room|[of] p2a: Farigiraf\n|\n|-heal|p2b: Primarina|52/100|[from] item: Leftovers\n|upkeep\n|turn|2\n|inactive|zanski has 30 seconds left.\n|\n|t:|1776116807\n|move|p2a: Farigiraf|Hyper Voice|p1b: Aerodactyl|[spread] p1a,p1b\n|-resisted|p1b: Aerodactyl|1\n|-damage|p1a: Garchomp|68/100\n|-damage|p1b: Aerodactyl|81/100\n|move|p2b: Primarina|Hyper Voice|p1a: Garchomp|[spread] p1a,p1b\n|-supereffective|p1b: Aerodactyl|1\n|-damage|p1a: Garchomp|15/100\n|-damage|p1b: Aerodactyl|0 fnt\n|faint|p1b: Aerodactyl\n|move|p1a: Garchomp|Rock Slide|p2b: Primarina|[spread] p2a\n|-miss|p1a: Garchomp|p2b: Primarina\n|-damage|p2a: Farigiraf|65/100\n|\n|-heal|p2b: Primarina|58/100|[from] item: Leftovers\n|upkeep\n|\n|t:|1776116822\n|switch|p1b: Floette|Floette-Eternal, L50, F|100/100\n|turn|3\n|inactive|zanski has 30 seconds left.\n|inactive|zanski has 20 seconds left.\n|inactive|zanski has 15 seconds left.\n|\n|t:|1776116862\n|detailschange|p1b: Floette|Floette-Mega, L50, F\n|-mega|p1b: Floette|Floette|Floettite\n|-ability|p1b: Floette|Fairy Aura\n|move|p1b: Floette|Protect|p1b: Floette\n|-singleturn|p1b: Floette|Protect\n|move|p2a: Farigiraf|Imprison|p2a: Farigiraf\n|-start|p2a: Farigiraf|move: Imprison\n|move|p2b: Primarina|Hyper Voice|p1b: Floette|[spread] p1a\n|-activate|p1b: Floette|move: Protect\n|-damage|p1a: Garchomp|0 fnt\n|faint|p1a: Garchomp\n|\n|-heal|p2b: Primarina|64/100|[from] item: Leftovers\n|upkeep\n|\n|t:|1776116876\n|switch|p1a: Incineroar|Incineroar, L50, M|100/100\n|-ability|p1a: Incineroar|Intimidate|boost\n|-unboost|p2a: Farigiraf|atk|1\n|-unboost|p2b: Primarina|atk|1\n|turn|4\n|\n|t:|1776116897\n|move|p2a: Farigiraf|Protect|p2a: Farigiraf\n|-singleturn|p2a: Farigiraf|Protect\n|move|p2b: Primarina|Hyper Voice|p1a: Incineroar|[spread] p1a,p1b\n|-supereffective|p1a: Incineroar|1\n|-damage|p1a: Incineroar|22/100\n|-damage|p1b: Floette|63/100\n|-enditem|p1a: Incineroar|Sitrus Berry|[eat]\n|-heal|p1a: Incineroar|47/100|[from] item: Sitrus Berry\n|move|p1a: Incineroar|Darkest Lariat|p2a: Farigiraf\n|-activate|p2a: Farigiraf|move: Protect\n|move|p1b: Floette|Calm Mind|p1b: Floette\n|-boost|p1b: Floette|spa|1\n|-boost|p1b: Floette|spd|1\n|\n|-heal|p2b: Primarina|69/100|[from] item: Leftovers\n|upkeep\n|turn|5\n|\n|t:|1776116917\n|move|p2a: Farigiraf|Hyper Voice|p1a: Incineroar|[spread] p1a,p1b\n|-damage|p1a: Incineroar|24/100\n|-damage|p1b: Floette|47/100\n|move|p2b: Primarina|Hyper Voice|p1a: Incineroar|[spread] p1a,p1b\n|-supereffective|p1a: Incineroar|1\n|-damage|p1a: Incineroar|0 fnt\n|-damage|p1b: Floette|24/100\n|faint|p1a: Incineroar\n|move|p1b: Floette|Calm Mind|p1b: Floette\n|-boost|p1b: Floette|spa|1\n|-boost|p1b: Floette|spd|1\n|\n|-heal|p2b: Primarina|75/100|[from] item: Leftovers\n|-fieldend|move: Trick Room\n|upkeep\n|turn|6\n|inactive|zanski has 30 seconds left.\n|inactive|zanski has 20 seconds left.\n|inactive|zanski has 15 seconds left.\n|inactive|zanski has 10 seconds left.\n|inactive|zanski has 5 seconds left.\n|\n|t:|1776116969\n|move|p1b: Floette|Draining Kiss|p2a: Farigiraf\n|-damage|p2a: Farigiraf|0 fnt\n|-heal|p1b: Floette|86/100|[from] drain|[of] p2a: Farigiraf\n|faint|p2a: Farigiraf\n|move|p2b: Primarina|Moonblast|p1b: Floette\n|-damage|p1b: Floette|49/100\n|\n|-heal|p2b: Primarina|81/100|[from] item: Leftovers\n|upkeep\n|\n|t:|1776116972\n|switch|p2a: Golurk|Golurk, L50|100/100\n|turn|7\n|\n|t:|1776116988\n|detailschange|p2a: Golurk|Golurk-Mega, L50\n|-mega|p2a: Golurk|Golurk|Golurkite\n|move|p2a: Golurk|Protect|p2a: Golurk\n|-singleturn|p2a: Golurk|Protect\n|move|p1b: Floette|Draining Kiss|p2a: Golurk\n|-activate|p2a: Golurk|move: Protect\n|move|p2b: Primarina|Calm Mind|p2b: Primarina\n|-boost|p2b: Primarina|spa|1\n|-boost|p2b: Primarina|spd|1\n|\n|-heal|p2b: Primarina|87/100|[from] item: Leftovers\n|upkeep\n|turn|8\n|\n|t:|1776117009\n|move|p1b: Floette|Draining Kiss|p2a: Golurk\n|-damage|p2a: Golurk|36/100\n|-heal|p1b: Floette|100/100|[from] drain|[of] p2a: Golurk\n|move|p2b: Primarina|Moonblast|p1b: Floette\n|-damage|p1b: Floette|56/100\n|move|p2a: Golurk|Headlong Rush|p1b: Floette\n|-damage|p1b: Floette|0 fnt\n|-unboost|p2a: Golurk|def|1\n|-unboost|p2a: Golurk|spd|1\n|faint|p1b: Floette\n|\n|win|zanski\n|raw|lakeandbake's rating: 1184 &rarr; <strong>1155</strong><br />(-29 for losing)\n|raw|zanski's rating: 1125 &rarr; <strong>1154</strong><br />(+29 for winning)\n",
  "uploadtime": 1776117009,
  "views": 15,
  "formatid": "gen9championsvgc2026regma",
  "rating": 1154,
  "private": 0,
  "password": null
}