{
  "id": "gen9championsvgc2026regma-2581449119",
  "format": "[Gen 9 Champions] VGC 2026 Reg M-A",
  "players": [
    "TogoVGC",
    "Quaza15"
  ],
  "log": "|j|\u2606TogoVGC\n|j|\u2606Quaza15\n|t:|1776001500\n|gametype|doubles\n|player|p1|TogoVGC|265|1257\n|player|p2|Quaza15|ruinmaniac|1251\n|gen|9\n|tier|[Gen 9 Champions] VGC 2026 Reg M-A\n|rated|\n|rule|Species Clause: Limit one of each Pok\u00e9mon\n|rule|Item Clause: Limit 1 of each item\n|clearpoke\n|poke|p1|Basculegion, L50, M|\n|poke|p1|Pelipper, L50, M|\n|poke|p1|Toxicroak, L50, M|\n|poke|p1|Whimsicott, L50, F|\n|poke|p1|Houndoom, L50, M|\n|poke|p1|Rotom-Frost, L50|\n|poke|p2|Incineroar, L50, F|\n|poke|p2|Floette-Eternal, L50, F|\n|poke|p2|Sableye, L50, M|\n|poke|p2|Farigiraf, L50, F|\n|poke|p2|Sneasler, L50, M|\n|poke|p2|Garchomp, L50, M|\n|teampreview|4\n|\n|t:|1776001534\n|teamsize|p1|4\n|teamsize|p2|4\n|start\n|switch|p1a: Pelipper|Pelipper, L50, M|100/100\n|switch|p1b: Basculegion|Basculegion, L50, M|100/100\n|switch|p2a: Incineroar|Incineroar, L50, F|100/100\n|switch|p2b: Floette|Floette-Eternal, L50, F|100/100\n|-weather|RainDance|[from] ability: Drizzle|[of] p1a: Pelipper\n|-ability|p2a: Incineroar|Intimidate|boost\n|-unboost|p1a: Pelipper|atk|1\n|-unboost|p1b: Basculegion|atk|1\n|turn|1\n|\n|t:|1776001554\n|switch|p2b: Sableye|Sableye, L50, M|100/100\n|move|p1a: Pelipper|Helping Hand|p1b: Basculegion\n|-singleturn|p1b: Basculegion|Helping Hand|[of] p1a: Pelipper\n|move|p1b: Basculegion|Wave Crash|p2b: Sableye\n|-damage|p2b: Sableye|0 fnt\n|faint|p2b: Sableye\n|-damage|p1b: Basculegion|74/100|[from] Recoil\n|move|p2a: Incineroar|Throat Chop|p1b: Basculegion\n|-supereffective|p1b: Basculegion|1\n|-damage|p1b: Basculegion|0 fnt\n|faint|p1b: Basculegion\n|\n|-weather|RainDance|[upkeep]\n|upkeep\n|\n|t:|1776001565\n|switch|p1b: Whimsicott|Whimsicott, L50, F|100/100\n|switch|p2b: Floette|Floette-Eternal, L50, F|100/100\n|turn|2\n|\n|t:|1776001577\n|detailschange|p2b: Floette|Floette-Mega, L50, F\n|-mega|p2b: Floette|Floette|Floettite\n|-ability|p2b: Floette|Fairy Aura\n|move|p1b: Whimsicott|Tailwind|p1b: Whimsicott\n|-sidestart|p1: TogoVGC|move: Tailwind\n|move|p1a: Pelipper|Weather Ball|p2a: Incineroar\n|-supereffective|p2a: Incineroar|1\n|-damage|p2a: Incineroar|0 fnt\n|faint|p2a: Incineroar\n|move|p2b: Floette|Moonblast|p1b: Whimsicott\n|-damage|p1b: Whimsicott|10/100\n|\n|-weather|RainDance|[upkeep]\n|upkeep\n|\n|t:|1776001585\n|switch|p2a: Garchomp|Garchomp, L50, M|100/100\n|turn|3\n|\n|t:|1776001599\n|move|p1a: Pelipper|Protect|p1a: Pelipper\n|-singleturn|p1a: Pelipper|Protect\n|move|p1b: Whimsicott|Sunny Day|p1b: Whimsicott\n|-weather|SunnyDay\n|move|p2a: Garchomp|Rock Slide|p1a: Pelipper|[spread] p1b\n|-activate|p1a: Pelipper|move: Protect\n|-damage|p1b: Whimsicott|0 fnt\n|faint|p1b: Whimsicott\n|move|p2b: Floette|Moonblast|p1a: Pelipper\n|-activate|p1a: Pelipper|move: Protect\n|\n|-weather|SunnyDay|[upkeep]\n|upkeep\n|\n|t:|1776001601\n|switch|p1b: Houndoom|Houndoom, L50, M|100/100\n|turn|4\n|\n|t:|1776001625\n|move|p1b: Houndoom|Protect|p1b: Houndoom\n|-singleturn|p1b: Houndoom|Protect\n|move|p1a: Pelipper|Weather Ball|p2a: Garchomp\n|-resisted|p2a: Garchomp|1\n|-damage|p2a: Garchomp|76/100\n|move|p2a: Garchomp|Rock Slide|p1b: Houndoom|[spread] p1a\n|-activate|p1b: Houndoom|move: Protect\n|-supereffective|p1a: Pelipper|1\n|-damage|p1a: Pelipper|50/100\n|move|p2b: Floette|Moonblast|p1b: Houndoom\n|-activate|p1b: Houndoom|move: Protect\n|\n|-weather|SunnyDay|[upkeep]\n|upkeep\n|turn|5\n|\n|t:|1776001645\n|detailschange|p1b: Houndoom|Houndoom-Mega, L50, M\n|-mega|p1b: Houndoom|Houndoom|Houndoominite\n|move|p1b: Houndoom|Solar Beam||[still]\n|-prepare|p1b: Houndoom|Solar Beam\n|-anim|p1b: Houndoom|Solar Beam|p2a: Garchomp\n|-damage|p2a: Garchomp|7/100\n|move|p1a: Pelipper|Weather Ball|p2a: Garchomp\n|-resisted|p2a: Garchomp|1\n|-damage|p2a: Garchomp|0 fnt\n|faint|p2a: Garchomp\n|move|p2b: Floette|Moonblast|p1a: Pelipper\n|-damage|p1a: Pelipper|0 fnt\n|faint|p1a: Pelipper\n|\n|-weather|SunnyDay|[upkeep]\n|-damage|p1b: Houndoom|88/100|[from] ability: Solar Power|[of] p1b: Houndoom\n|-sideend|p1: TogoVGC|move: Tailwind\n|upkeep\n|turn|6\n|\n|t:|1776001654\n|move|p2b: Floette|Protect|p2b: Floette\n|-singleturn|p2b: Floette|Protect\n|move|p1b: Houndoom|Heat Wave|p2b: Floette\n|-activate|p2b: Floette|move: Protect\n|\n|-weather|SunnyDay|[upkeep]\n|-damage|p1b: Houndoom|76/100|[from] ability: Solar Power|[of] p1b: Houndoom\n|upkeep\n|turn|7\n|\n|t:|1776001659\n|move|p1b: Houndoom|Heat Wave|p2b: Floette\n|-damage|p2b: Floette|12/100\n|-status|p2b: Floette|brn\n|move|p2b: Floette|Moonblast|p1b: Houndoom\n|-damage|p1b: Houndoom|0 fnt\n|faint|p1b: Houndoom\n|\n|win|Quaza15\n|raw|TogoVGC's rating: 1257 &rarr; <strong>1232</strong><br />(-25 for losing)\n|raw|Quaza15's rating: 1251 &rarr; <strong>1276</strong><br />(+25 for winning)\n",
  "uploadtime": 1776001660,
  "views": 21,
  "formatid": "gen9championsvgc2026regma",
  "rating": 1232,
  "private": 0,
  "password": null
}