{
  "id": "gen9championsvgc2026regma-2582414086",
  "format": "[Gen 9 Champions] VGC 2026 Reg M-A",
  "players": [
    "Dutherino",
    "CoffeeMoffee"
  ],
  "log": "|j|\u2606Dutherino\n|j|\u2606CoffeeMoffee\n|t:|1776090110\n|gametype|doubles\n|player|p1|Dutherino|boarder|1077\n|player|p2|CoffeeMoffee|scientist|1167\n|gen|9\n|tier|[Gen 9 Champions] VGC 2026 Reg M-A\n|rated|\n|rule|Species Clause: Limit one of each Pok\u00e9mon\n|rule|Item Clause: Limit 1 of each item\n|clearpoke\n|poke|p1|Kangaskhan, L50, F|\n|poke|p1|Aerodactyl, L50, F|\n|poke|p1|Incineroar, L50, M|\n|poke|p1|Drampa, L50, M|\n|poke|p1|Whimsicott, L50, F|\n|poke|p1|Sneasler, L50, M|\n|poke|p2|Floette-Eternal, L50, F|\n|poke|p2|Talonflame, L50, F|\n|poke|p2|Garchomp, L50, F|\n|poke|p2|Rotom-Wash, L50|\n|poke|p2|Sinistcha, L50|\n|poke|p2|Aegislash, L50, F|\n|teampreview|4\n|inactive|Battle timer is ON: inactive players will automatically lose when time's up. (requested by CoffeeMoffee)\n|inactive|CoffeeMoffee has 60 seconds left.\n|\n|t:|1776090150\n|teamsize|p1|4\n|teamsize|p2|4\n|start\n|switch|p1a: Aerodactyl|Aerodactyl, L50, F|100/100\n|switch|p1b: Incineroar|Incineroar, L50, M|100/100\n|switch|p2a: Talonflame|Talonflame, L50, F, shiny|100/100\n|switch|p2b: Aegislash|Aegislash, L50, F, shiny|100/100\n|-ability|p1b: Incineroar|Intimidate|boost\n|-unboost|p2a: Talonflame|atk|1\n|-unboost|p2b: Aegislash|atk|1\n|turn|1\n|\n|t:|1776090165\n|move|p2a: Talonflame|Protect|p2a: Talonflame\n|-singleturn|p2a: Talonflame|Protect\n|move|p1b: Incineroar|Fake Out|p2a: Talonflame\n|-activate|p2a: Talonflame|move: Protect\n|move|p1a: Aerodactyl|Tailwind|p1a: Aerodactyl\n|-sidestart|p1: Dutherino|move: Tailwind\n|-formechange|p2b: Aegislash|Aegislash-Blade|\n|move|p2b: Aegislash|Flash Cannon|p1a: Aerodactyl\n|-supereffective|p1a: Aerodactyl|1\n|-damage|p1a: Aerodactyl|0 fnt\n|faint|p1a: Aerodactyl\n|\n|upkeep\n|\n|t:|1776090182\n|switch|p1a: Kangaskhan|Kangaskhan, L50, F|100/100\n|turn|2\n|\n|t:|1776090194\n|detailschange|p1a: Kangaskhan|Kangaskhan-Mega, L50, F\n|-mega|p1a: Kangaskhan|Kangaskhan|Kangaskhanite\n|-formechange|p2b: Aegislash|Aegislash|\n|move|p2b: Aegislash|King's Shield|p2b: Aegislash\n|-singleturn|p2b: Aegislash|Protect\n|move|p1a: Kangaskhan|Fake Out|p2a: Talonflame\n|-damage|p2a: Talonflame|68/100\n|-damage|p2a: Talonflame|60/100\n|-hitcount|p2a: Talonflame|2\n|move|p1b: Incineroar|Throat Chop|p2b: Aegislash\n|-activate|p2b: Aegislash|move: Protect\n|-unboost|p1b: Incineroar|atk|1\n|cant|p2a: Talonflame|flinch\n|\n|upkeep\n|turn|3\n|inactive|CoffeeMoffee has 30 seconds left.\n|inactive|Dutherino has 30 seconds left.\n|inactive|CoffeeMoffee has 20 seconds left.\n|inactive|CoffeeMoffee has 15 seconds left.\n|\n|t:|1776090237\n|switch|p2b: Sinistcha|Sinistcha, L50, shiny|100/100\n|-heal|p2a: Talonflame|84/100|[from] ability: Hospitality|[of] p2b: Sinistcha\n|move|p2a: Talonflame|Protect|p2a: Talonflame\n|-singleturn|p2a: Talonflame|Protect\n|move|p1a: Kangaskhan|Sucker Punch||[still]\n|-fail|p1a: Kangaskhan\n|move|p1b: Incineroar|Parting Shot|p2b: Sinistcha\n|-unboost|p2b: Sinistcha|atk|1\n|-unboost|p2b: Sinistcha|spa|1\n|\n|t:|1776090249\n|switch|p1b: Sneasler|Sneasler, L50, M|100/100|[from] Parting Shot\n|\n|upkeep\n|turn|4\n|\n|t:|1776090266\n|switch|p2a: Aegislash|Aegislash, L50, F, shiny|100/100\n|move|p1b: Sneasler|Dire Claw|p2b: Sinistcha\n|-damage|p2b: Sinistcha|63/100\n|move|p1a: Kangaskhan|Double-Edge|p2a: Aegislash\n|-immune|p2a: Aegislash\n|move|p2b: Sinistcha|Matcha Gotcha|p1a: Kangaskhan|[spread] p1a\n|-miss|p2b: Sinistcha|p1b: Sneasler\n|-damage|p1a: Kangaskhan|85/100\n|-heal|p2b: Sinistcha|71/100|[from] drain|[of] p1a: Kangaskhan\n|\n|-sideend|p1: Dutherino|move: Tailwind\n|upkeep\n|turn|5\n|inactive|CoffeeMoffee has 30 seconds left.\n|inactive|CoffeeMoffee has 20 seconds left.\n|\n|t:|1776090301\n|move|p2b: Sinistcha|Rage Powder|p2b: Sinistcha\n|-singleturn|p2b: Sinistcha|move: Rage Powder\n|move|p1a: Kangaskhan|Sucker Punch||[still]\n|-fail|p1a: Kangaskhan\n|move|p1b: Sneasler|Acrobatics|p2b: Sinistcha\n|-supereffective|p2b: Sinistcha|1\n|-damage|p2b: Sinistcha|38/100\n|-formechange|p2a: Aegislash|Aegislash-Blade|\n|move|p2a: Aegislash|Flash Cannon|p1b: Sneasler\n|-damage|p1b: Sneasler|37/100\n|\n|upkeep\n|turn|6\n|inactive|Dutherino has 30 seconds left.\n|inactive|CoffeeMoffee has 30 seconds left.\n|\n|t:|1776090327\n|switch|p1a: Incineroar|Incineroar, L50, M|100/100\n|-ability|p1a: Incineroar|Intimidate|boost\n|-unboost|p2a: Aegislash|atk|1\n|-unboost|p2b: Sinistcha|atk|1\n|switch|p2b: Talonflame|Talonflame, L50, F, shiny|84/100\n|-formechange|p2a: Aegislash|Aegislash|\n|move|p2a: Aegislash|King's Shield|p2a: Aegislash\n|-singleturn|p2a: Aegislash|Protect\n|move|p1b: Sneasler|U-turn|p2b: Talonflame\n|-resisted|p2b: Talonflame|2\n|-damage|p2b: Talonflame|75/100\n|\n|t:|1776090340\n|switch|p1b: Kangaskhan|Kangaskhan-Mega, L50, F|85/100|[from] U-turn\n|\n|upkeep\n|turn|7\n|inactive|CoffeeMoffee has 30 seconds left.\n|-activate|p1a: Incineroar|item: Quick Claw\n|\n|t:|1776090374\n|switch|p2a: Sinistcha|Sinistcha, L50, shiny|38/100\n|-heal|p2b: Talonflame|99/100|[from] ability: Hospitality|[of] p2a: Sinistcha\n|move|p2b: Talonflame|Protect|p2b: Talonflame\n|-singleturn|p2b: Talonflame|Protect\n|move|p1b: Kangaskhan|Fake Out|p2b: Talonflame\n|-activate|p2b: Talonflame|move: Protect\n|move|p1a: Incineroar|Flare Blitz|p2a: Sinistcha\n|-supereffective|p2a: Sinistcha|1\n|-enditem|p2a: Sinistcha|Occa Berry|[eat]\n|-enditem|p2a: Sinistcha|Occa Berry|[weaken]\n|-damage|p2a: Sinistcha|0 fnt\n|faint|p2a: Sinistcha\n|-damage|p1a: Incineroar|88/100|[from] Recoil\n|\n|upkeep\n|\n|t:|1776090396\n|switch|p2a: Floette|Floette-Eternal, L50, F|100/100\n|turn|8\n|\n|t:|1776090416\n|detailschange|p2a: Floette|Floette-Mega, L50, F\n|-mega|p2a: Floette|Floette|Floettite\n|-ability|p2a: Floette|Fairy Aura\n|move|p2b: Talonflame|Tailwind|p2b: Talonflame\n|-sidestart|p2: CoffeeMoffee|move: Tailwind\n|move|p2a: Floette|Moonblast|p1b: Kangaskhan\n|-damage|p1b: Kangaskhan|5/100\n|-unboost|p1b: Kangaskhan|spa|1\n|move|p1b: Kangaskhan|Double-Edge|p2b: Talonflame\n|-damage|p2b: Talonflame|4/100\n|-damage|p2b: Talonflame|0 fnt\n|faint|p2b: Talonflame\n|-hitcount|p2: Talonflame|2\n|-damage|p1b: Kangaskhan|0 fnt|[from] Recoil\n|faint|p1b: Kangaskhan\n|move|p1a: Incineroar|Parting Shot|p2a: Floette\n|-unboost|p2a: Floette|atk|1\n|-unboost|p2a: Floette|spa|1\n|\n|t:|1776090436\n|switch|p1a: Sneasler|Sneasler, L50, M|37/100|[from] Parting Shot\n|\n|upkeep\n|\n|t:|1776090441\n|switch|p2b: Aegislash|Aegislash, L50, F, shiny|100/100\n|switch|p1b: Incineroar|Incineroar, L50, M|88/100\n|-ability|p1b: Incineroar|Intimidate|boost\n|-unboost|p2a: Floette|atk|1\n|-unboost|p2b: Aegislash|atk|1\n|turn|9\n|\n|t:|1776090465\n|move|p2a: Floette|Protect|p2a: Floette\n|-singleturn|p2a: Floette|Protect\n|move|p2b: Aegislash|King's Shield|p2b: Aegislash\n|-singleturn|p2b: Aegislash|Protect\n|move|p1a: Sneasler|Dire Claw|p2a: Floette\n|-activate|p2a: Floette|move: Protect\n|move|p1b: Incineroar|Throat Chop|p2b: Aegislash\n|-activate|p2b: Aegislash|move: Protect\n|-unboost|p1b: Incineroar|atk|1\n|\n|upkeep\n|turn|10\n|inactive|CoffeeMoffee has 30 seconds left.\n|\n|t:|1776090492\n|move|p2a: Floette|Moonblast|p1a: Sneasler\n|-damage|p1a: Sneasler|0 fnt\n|faint|p1a: Sneasler\n|-formechange|p2b: Aegislash|Aegislash-Blade|\n|move|p2b: Aegislash|Shadow Ball|p1b: Incineroar\n|-resisted|p1b: Incineroar|1\n|-damage|p1b: Incineroar|63/100\n|move|p1b: Incineroar|Flare Blitz|p2b: Aegislash\n|-supereffective|p2b: Aegislash|1\n|-damage|p2b: Aegislash|0 fnt\n|faint|p2b: Aegislash\n|-damage|p1b: Incineroar|31/100|[from] Recoil\n|\n|upkeep\n|turn|11\n|\n|t:|1776090508\n|move|p2a: Floette|Light of Ruin|p1b: Incineroar\n|-damage|p1b: Incineroar|0 fnt\n|faint|p1b: Incineroar\n|-damage|p2a: Floette|83/100|[from] Recoil\n|\n|win|CoffeeMoffee\n|raw|Dutherino's rating: 1077 &rarr; <strong>1061</strong><br />(-16 for losing)\n|raw|CoffeeMoffee's rating: 1167 &rarr; <strong>1186</strong><br />(+19 for winning)\n",
  "uploadtime": 1776090515,
  "views": 10,
  "formatid": "gen9championsvgc2026regma",
  "rating": 1061,
  "private": 0,
  "password": null
}