{
  "id": "gen9championsvgc2026regma-2582076997",
  "format": "[Gen 9 Champions] VGC 2026 Reg M-A",
  "players": [
    "PharrowXL",
    "Nixstar22"
  ],
  "log": "|j|\u2606PharrowXL\n|j|\u2606Nixstar22\n|t:|1776054990\n|gametype|doubles\n|player|p1|PharrowXL|linebacker|1133\n|player|p2|Nixstar22|170|1032\n|gen|9\n|tier|[Gen 9 Champions] VGC 2026 Reg M-A\n|rated|\n|rule|Species Clause: Limit one of each Pok\u00e9mon\n|rule|Item Clause: Limit 1 of each item\n|clearpoke\n|poke|p1|Aerodactyl, L50, F|\n|poke|p1|Volcarona, L50, F|\n|poke|p1|Sableye, L50, M|\n|poke|p1|Farigiraf, L50, M|\n|poke|p1|Whimsicott, L50, M|\n|poke|p1|Aggron, L50, F|\n|poke|p2|Meganium, L50, F|\n|poke|p2|Archaludon, L50, F|\n|poke|p2|Basculegion, L50, M|\n|poke|p2|Politoed, L50, F|\n|poke|p2|Talonflame, L50, F|\n|poke|p2|Farigiraf, L50, M|\n|teampreview|4\n|inactive|Battle timer is ON: inactive players will automatically lose when time's up. (requested by PharrowXL)\n|\n|t:|1776055016\n|teamsize|p1|4\n|teamsize|p2|4\n|start\n|switch|p1a: Dead Dino|Aerodactyl, L50, F|100/100\n|switch|p1b: Rug Rat|Sableye, L50, M|100/100\n|switch|p2a: Talonflame|Talonflame, L50, F|100/100\n|switch|p2b: Politoed|Politoed, L50, F|100/100\n|-ability|p1a: Dead Dino|Unnerve\n|-weather|RainDance|[from] ability: Drizzle|[of] p2b: Politoed\n|turn|1\n|inactive|Nixstar22 has 30 seconds left.\n|\n|t:|1776055041\n|move|p1b: Rug Rat|Fake Out|p2b: Politoed\n|-damage|p2b: Politoed|93/100\n|move|p2a: Talonflame|Tailwind|p2a: Talonflame\n|-sidestart|p2: Nixstar22|move: Tailwind\n|move|p1a: Dead Dino|Rock Slide|p2b: Politoed|[spread] p2b\n|-miss|p1a: Dead Dino|p2a: Talonflame\n|-damage|p2b: Politoed|63/100\n|cant|p2b: Politoed|flinch\n|\n|-weather|RainDance|[upkeep]\n|-heal|p2b: Politoed|70/100|[from] item: Leftovers\n|upkeep\n|turn|2\n|\n|t:|1776055061\n|move|p1b: Rug Rat|Encore|p2a: Talonflame\n|-start|p2a: Talonflame|Encore\n|move|p2a: Talonflame|Tailwind||[still]\n|-fail|p2a: Talonflame\n|move|p1a: Dead Dino|Rock Slide|p2b: Politoed|[spread] p2a,p2b\n|-supereffective|p2a: Talonflame|2\n|-enditem|p2a: Talonflame|Focus Sash\n|-damage|p2a: Talonflame|1/100\n|-damage|p2b: Politoed|42/100\n|move|p2b: Politoed|Weather Ball|p1a: Dead Dino\n|-supereffective|p1a: Dead Dino|1\n|-damage|p1a: Dead Dino|0 fnt\n|faint|p1a: Dead Dino\n|\n|-weather|RainDance|[upkeep]\n|-heal|p2b: Politoed|48/100|[from] item: Leftovers\n|upkeep\n|\n|t:|1776055069\n|switch|p1a: Fat Fck|Aggron, L50, F|100/100\n|turn|3\n|\n|t:|1776055086\n|switch|p2a: Archaludon|Archaludon, L50, F|100/100\n|detailschange|p1a: Fat Fck|Aggron-Mega, L50, F\n|-mega|p1a: Fat Fck|Aggron|Aggronite\n|move|p1b: Rug Rat|Taunt|p2a: Archaludon\n|-start|p2a: Archaludon|move: Taunt\n|move|p2b: Politoed|Weather Ball|p1a: Fat Fck\n|-damage|p1a: Fat Fck|49/100\n|move|p1a: Fat Fck|Body Press|p2b: Politoed\n|-damage|p2b: Politoed|12/100\n|\n|-weather|RainDance|[upkeep]\n|-heal|p2b: Politoed|18/100|[from] item: Leftovers\n|upkeep\n|turn|4\n|\n|t:|1776055107\n|move|p2b: Politoed|Protect|p2b: Politoed\n|-singleturn|p2b: Politoed|Protect\n|move|p1b: Rug Rat|Will-O-Wisp|p2a: Archaludon\n|-status|p2a: Archaludon|brn\n|move|p2a: Archaludon|Electro Shot||[still]\n|-prepare|p2a: Archaludon|Electro Shot\n|-boost|p2a: Archaludon|spa|1\n|-anim|p2a: Archaludon|Electro Shot|p1a: Fat Fck\n|-damage|p1a: Fat Fck|0 fnt\n|faint|p1a: Fat Fck\n|\n|-weather|RainDance|[upkeep]\n|-heal|p2b: Politoed|25/100|[from] item: Leftovers\n|-damage|p2a: Archaludon|94/100 brn|[from] brn\n|-sideend|p2: Nixstar22|move: Tailwind\n|upkeep\n|\n|t:|1776055112\n|switch|p1a: Stupid Bug|Volcarona, L50, F|100/100\n|turn|5\n|-message|PharrowXL forfeited.\n|\n|win|Nixstar22\n|raw|PharrowXL's rating: 1133 &rarr; <strong>1101</strong><br />(-32 for losing)\n|raw|Nixstar22's rating: 1032 &rarr; <strong>1077</strong><br />(+45 for winning)\n",
  "uploadtime": 1776055136,
  "views": 14,
  "formatid": "gen9championsvgc2026regma",
  "rating": 1077,
  "private": 0,
  "password": null
}