{
  "id": "gen9championsvgc2026regma-2583491749",
  "format": "[Gen 9 Champions] VGC 2026 Reg M-A",
  "players": [
    "BmacMcFluff",
    "skinny1907"
  ],
  "log": "|j|\u2606BmacMcFluff\n|j|\u2606skinny1907\n|t:|1776179056\n|gametype|doubles\n|player|p1|BmacMcFluff|169|1101\n|player|p2|skinny1907|fisherman-gen4|1126\n|gen|9\n|tier|[Gen 9 Champions] VGC 2026 Reg M-A\n|rated|\n|rule|Species Clause: Limit one of each Pok\u00e9mon\n|rule|Item Clause: Limit 1 of each item\n|clearpoke\n|poke|p1|Farigiraf, L50, F|\n|poke|p1|Chesnaught, L50, F|\n|poke|p1|Drampa, L50, M|\n|poke|p1|Incineroar, L50, M|\n|poke|p1|Blastoise, L50, M|\n|poke|p1|Aromatisse, L50, M|\n|poke|p2|Gengar, L50, F|\n|poke|p2|Blastoise, L50, M|\n|poke|p2|Politoed, L50, M|\n|poke|p2|Incineroar, L50, M|\n|poke|p2|Whimsicott, L50, M|\n|poke|p2|Archaludon, L50, F|\n|teampreview|4\n|inactive|Battle timer is ON: inactive players will automatically lose when time's up. (requested by skinny1907)\n|inactive|skinny1907 has 60 seconds left.\n|\n|t:|1776179096\n|teamsize|p1|4\n|teamsize|p2|4\n|start\n|switch|p1a: Farigiraf|Farigiraf, L50, F|100/100\n|switch|p1b: Aromatisse|Aromatisse, L50, M, shiny|100/100\n|switch|p2a: Politoed|Politoed, L50, M, shiny|100/100\n|switch|p2b: Blastoise|Blastoise, L50, M|100/100\n|-weather|RainDance|[from] ability: Drizzle|[of] p2a: Politoed\n|turn|1\n|inactive|BmacMcFluff has 30 seconds left.\n|inactive|BmacMcFluff has 20 seconds left.\n|inactive|skinny1907 has 30 seconds left.\n|\n|t:|1776179135\n|switch|p1b: Drampa|Drampa, L50, M, shiny|100/100\n|-ability|p1b: Drampa|Cloud Nine\n|move|p2b: Blastoise|Water Spout|p1a: Farigiraf|[spread] p1a,p1b\n|-resisted|p1b: Drampa|1\n|-damage|p1a: Farigiraf|59/100\n|-damage|p1b: Drampa|78/100\n|move|p2a: Politoed|Weather Ball|p1a: Farigiraf\n|-damage|p1a: Farigiraf|49/100\n|-enditem|p1a: Farigiraf|Sitrus Berry|[eat]\n|-heal|p1a: Farigiraf|73/100|[from] item: Sitrus Berry\n|move|p1a: Farigiraf|Trick Room|p1a: Farigiraf\n|-fieldstart|move: Trick Room|[of] p1a: Farigiraf\n|\n|-weather|RainDance|[upkeep]\n|upkeep\n|turn|2\n|inactive|BmacMcFluff has 30 seconds left.\n|inactive|skinny1907 has 30 seconds left.\n|inactive|skinny1907 has 20 seconds left.\n|\n|t:|1776179174\n|switch|p2b: Incineroar|Incineroar, L50, M, shiny|100/100\n|-ability|p2b: Incineroar|Intimidate|boost\n|-unboost|p1a: Farigiraf|atk|1\n|-unboost|p1b: Drampa|atk|1\n|-enditem|p1b: Drampa|White Herb\n|-clearnegativeboost|p1b: Drampa|[silent]\n|move|p2a: Politoed|Protect|p2a: Politoed\n|-singleturn|p2a: Politoed|Protect\n|move|p1b: Drampa|Hyper Voice|p2b: Incineroar|[spread] p2b\n|-activate|p2a: Politoed|move: Protect\n|-damage|p2b: Incineroar|67/100\n|move|p1a: Farigiraf|Hyper Voice|p2a: Politoed|[spread] p2b\n|-activate|p2a: Politoed|move: Protect\n|-damage|p2b: Incineroar|40/100\n|-enditem|p2b: Incineroar|Sitrus Berry|[eat]\n|-heal|p2b: Incineroar|65/100|[from] item: Sitrus Berry\n|\n|-weather|RainDance|[upkeep]\n|upkeep\n|turn|3\n|inactive|BmacMcFluff has 30 seconds left.\n|inactive|skinny1907 has 30 seconds left.\n|inactive|BmacMcFluff has 20 seconds left.\n|inactive|skinny1907 has 20 seconds left.\n|inactive|skinny1907 has 15 seconds left.\n|inactive|skinny1907 has 10 seconds left.\n|\n|t:|1776179219\n|switch|p1a: Aromatisse|Aromatisse, L50, M, shiny|100/100\n|move|p1b: Drampa|Hyper Voice|p2b: Incineroar|[spread] p2a,p2b\n|-damage|p2a: Politoed|67/100\n|-damage|p2b: Incineroar|32/100\n|move|p2a: Politoed|Perish Song|p2a: Politoed\n|-start|p1a: Aromatisse|perish3|[silent]\n|-start|p1b: Drampa|perish3|[silent]\n|-start|p2a: Politoed|perish3|[silent]\n|-start|p2b: Incineroar|perish3|[silent]\n|-fieldactivate|move: Perish Song\n|move|p2b: Incineroar|Darkest Lariat|p1a: Aromatisse\n|-resisted|p1a: Aromatisse|1\n|-damage|p1a: Aromatisse|82/100\n|\n|-weather|RainDance|[upkeep]\n|-heal|p2a: Politoed|73/100|[from] item: Leftovers\n|-start|p1a: Aromatisse|perish3\n|-start|p1b: Drampa|perish3\n|-start|p2a: Politoed|perish3\n|-start|p2b: Incineroar|perish3\n|upkeep\n|turn|4\n|inactive|BmacMcFluff has 30 seconds left.\n|inactive|skinny1907 has 30 seconds left.\n|inactive|BmacMcFluff has 20 seconds left.\n|\n|t:|1776179256\n|switch|p2a: Gengar|Gengar, L50, F, shiny|100/100\n|move|p1a: Aromatisse|Moonblast|p2b: Incineroar\n|-damage|p2b: Incineroar|0 fnt\n|faint|p2b: Incineroar\n|move|p1b: Drampa|Draco Meteor|p2a: Gengar|[miss]\n|-miss|p1b: Drampa|p2a: Gengar\n|\n|-weather|RainDance|[upkeep]\n|-start|p1a: Aromatisse|perish2\n|-start|p1b: Drampa|perish2\n|upkeep\n|\n|t:|1776179273\n|switch|p2b: Blastoise|Blastoise, L50, M|100/100\n|turn|5\n|\n|t:|1776179297\n|detailschange|p2a: Gengar|Gengar-Mega, L50, F, shiny\n|-mega|p2a: Gengar|Gengar|Gengarite\n|move|p2a: Gengar|Protect|p2a: Gengar\n|-singleturn|p2a: Gengar|Protect\n|move|p1a: Aromatisse|Heal Pulse|p1b: Drampa\n|-heal|p1b: Drampa|100/100\n|move|p1b: Drampa|Draco Meteor|p2a: Gengar\n|-activate|p2a: Gengar|move: Protect\n|move|p2b: Blastoise|Flip Turn|p1a: Aromatisse\n|-damage|p1a: Aromatisse|64/100\n|\n|t:|1776179309\n|switch|p2b: Politoed|Politoed, L50, M, shiny|73/100|[from] Flip Turn\n|\n|-weather|none\n|-heal|p2b: Politoed|79/100|[from] item: Leftovers\n|-start|p1a: Aromatisse|perish1\n|-start|p1b: Drampa|perish1\n|-fieldend|move: Trick Room\n|upkeep\n|turn|6\n|inactive|BmacMcFluff has 30 seconds left.\n|inactive|BmacMcFluff has 20 seconds left.\n|inactive|BmacMcFluff has 15 seconds left.\n|inactive|BmacMcFluff has 10 seconds left.\n|inactive|BmacMcFluff has 5 seconds left.\n|\n|t:|1776179364\n|move|p2b: Politoed|Protect|p2b: Politoed\n|-singleturn|p2b: Politoed|Protect\n|move|p2a: Gengar|Disable|p1b: Drampa\n|-block|p1b: Drampa|ability: Aroma Veil|[of] p1a: Aromatisse\n|move|p1b: Drampa|Draco Meteor|p2b: Politoed\n|-activate|p2b: Politoed|move: Protect\n|move|p1a: Aromatisse|Moonblast|p2a: Gengar\n|-resisted|p2a: Gengar|1\n|-damage|p2a: Gengar|80/100\n|\n|-heal|p2b: Politoed|85/100|[from] item: Leftovers\n|-start|p1b: Drampa|perish0\n|-start|p1a: Aromatisse|perish0\n|faint|p1b: Drampa\n|faint|p1a: Aromatisse\n|upkeep\n|inactive|BmacMcFluff has 30 seconds left.\n|\n|t:|1776179390\n|switch|p1b: Farigiraf|Farigiraf, L50, F|73/100\n|switch|p1a: Chesnaught|Chesnaught, L50, F|100/100\n|turn|7\n|inactive|BmacMcFluff has 30 seconds left.\n|\n|t:|1776179424\n|switch|p2b: Blastoise|Blastoise, L50, M|100/100\n|detailschange|p1a: Chesnaught|Chesnaught-Mega, L50, F\n|-mega|p1a: Chesnaught|Chesnaught|Chesnaughtite\n|move|p2a: Gengar|Perish Song|p2a: Gengar\n|-start|p1a: Chesnaught|perish3|[silent]\n|-start|p1b: Farigiraf|perish3|[silent]\n|-start|p2a: Gengar|perish3|[silent]\n|-start|p2b: Blastoise|perish3|[silent]\n|-fieldactivate|move: Perish Song\n|move|p1a: Chesnaught|Wood Hammer|p2b: Blastoise\n|-supereffective|p2b: Blastoise|1\n|-damage|p2b: Blastoise|0 fnt\n|faint|p2b: Blastoise\n|-damage|p1a: Chesnaught|70/100|[from] Recoil\n|move|p1b: Farigiraf|Trick Room|p1b: Farigiraf\n|-fieldstart|move: Trick Room|[of] p1b: Farigiraf\n|\n|-start|p1a: Chesnaught|perish3\n|-start|p1b: Farigiraf|perish3\n|-start|p2a: Gengar|perish3\n|upkeep\n|\n|t:|1776179437\n|switch|p2b: Politoed|Politoed, L50, M, shiny|85/100\n|-weather|RainDance|[from] ability: Drizzle|[of] p2b: Politoed\n|turn|8\n|inactive|skinny1907 has 30 seconds left.\n|\n|t:|1776179466\n|move|p2b: Politoed|Protect|p2b: Politoed\n|-singleturn|p2b: Politoed|Protect\n|move|p1a: Chesnaught|Wood Hammer|p2b: Politoed\n|-activate|p2b: Politoed|move: Protect\n|move|p1b: Farigiraf|Twin Beam|p2a: Gengar\n|-supereffective|p2a: Gengar|1\n|-damage|p2a: Gengar|37/100\n|-supereffective|p2a: Gengar|1\n|-damage|p2a: Gengar|0 fnt\n|faint|p2a: Gengar\n|-hitcount|p2: Gengar|2\n|\n|-weather|RainDance|[upkeep]\n|-heal|p2b: Politoed|91/100|[from] item: Leftovers\n|-start|p1a: Chesnaught|perish2\n|-start|p1b: Farigiraf|perish2\n|upkeep\n|turn|9\n|inactive|BmacMcFluff has 30 seconds left.\n|inactive|BmacMcFluff has 20 seconds left.\n|\n|t:|1776179503\n|move|p2b: Politoed|Protect|p2b: Politoed\n|-singleturn|p2b: Politoed|Protect\n|move|p1a: Chesnaught|Wood Hammer|p2b: Politoed\n|-activate|p2b: Politoed|move: Protect\n|move|p1b: Farigiraf|Hyper Voice|p2b: Politoed\n|-activate|p2b: Politoed|move: Protect\n|\n|-weather|RainDance|[upkeep]\n|-heal|p2b: Politoed|97/100|[from] item: Leftovers\n|-start|p1a: Chesnaught|perish1\n|-start|p1b: Farigiraf|perish1\n|upkeep\n|turn|10\n|inactive|BmacMcFluff has 30 seconds left.\n|\n|t:|1776179536\n|move|p2b: Politoed|Protect||[still]\n|-fail|p2b: Politoed\n|move|p1a: Chesnaught|Wood Hammer|p2b: Politoed\n|-supereffective|p2b: Politoed|1\n|-damage|p2b: Politoed|0 fnt\n|faint|p2b: Politoed\n|-damage|p1a: Chesnaught|32/100|[from] Recoil\n|\n|win|BmacMcFluff\n|raw|BmacMcFluff's rating: 1101 &rarr; <strong>1129</strong><br />(+28 for winning)\n|raw|skinny1907's rating: 1146 &rarr; <strong>1118</strong><br />(-28 for losing)\n|l|\u2606skinny1907\n|player|p2|\n",
  "uploadtime": 1776179554,
  "views": 15,
  "formatid": "gen9championsvgc2026regma",
  "rating": 1118,
  "private": 0,
  "password": null
}