{
  "id": "gen9championsvgc2026regma-2587861865",
  "format": "[Gen 9 Champions] VGC 2026 Reg M-A",
  "players": [
    "TheBallistic1",
    "Aki73"
  ],
  "log": "|j|\u2606TheBallistic1\n|j|\u2606Aki73\n|t:|1776571793\n|gametype|doubles\n|player|p1|TheBallistic1|colress|1111\n|player|p2|Aki73|101|1042\n|gen|9\n|tier|[Gen 9 Champions] VGC 2026 Reg M-A\n|rated|\n|rule|Species Clause: Limit one of each Pok\u00e9mon\n|rule|Item Clause: Limit 1 of each item\n|clearpoke\n|poke|p1|Floette-Eternal, L50, F|\n|poke|p1|Sneasler, L50, M|\n|poke|p1|Milotic, L50, F|\n|poke|p1|Incineroar, L50, F|\n|poke|p1|Sinistcha, L50|\n|poke|p1|Charizard, L50, F|\n|poke|p2|Charizard, L50, M|\n|poke|p2|Venusaur, L50, F|\n|poke|p2|Garchomp, L50, F|\n|poke|p2|Incineroar, L50, F|\n|poke|p2|Gardevoir, L50, M|\n|poke|p2|Milotic, L50, F|\n|teampreview|4\n|inactive|Battle timer is ON: inactive players will automatically lose when time's up. (requested by TheBallistic1)\n|\n|t:|1776571849\n|teamsize|p1|4\n|teamsize|p2|4\n|start\n|switch|p1a: Sneasler|Sneasler, L50, M|100/100\n|switch|p1b: Milotic|Milotic, L50, F|100/100\n|switch|p2a: Charizard|Charizard, L50, M|100/100\n|switch|p2b: Venusaur|Venusaur, L50, F|100/100\n|turn|1\n|\n|t:|1776571868\n|detailschange|p2a: Charizard|Charizard-Mega-Y, L50, M\n|-mega|p2a: Charizard|Charizard|Charizardite Y\n|-weather|SunnyDay|[from] ability: Drought|[of] p2a: Charizard\n|move|p2a: Charizard|Protect|p2a: Charizard\n|-singleturn|p2a: Charizard|Protect\n|move|p1a: Sneasler|Fake Out|p2b: Venusaur\n|-damage|p2b: Venusaur|83/100\n|cant|p2b: Venusaur|flinch\n|move|p1b: Milotic|Scald|p2a: Charizard\n|-activate|p2a: Charizard|move: Protect\n|\n|-weather|SunnyDay|[upkeep]\n|upkeep\n|turn|2\n|\n|t:|1776571892\n|move|p2b: Venusaur|Energy Ball|p1b: Milotic\n|-supereffective|p1b: Milotic|1\n|-damage|p1b: Milotic|32/100\n|move|p1a: Sneasler|Dire Claw|p2a: Charizard\n|-damage|p2a: Charizard|40/100\n|-status|p2a: Charizard|slp\n|cant|p2a: Charizard|slp\n|move|p1b: Milotic|Ice Beam|p2b: Venusaur\n|-supereffective|p2b: Venusaur|1\n|-damage|p2b: Venusaur|20/100\n|\n|-weather|SunnyDay|[upkeep]\n|-heal|p1b: Milotic|38/100|[from] item: Leftovers\n|upkeep\n|turn|3\n|inactive|Aki73 has 30 seconds left.\n|inactive|Aki73 has 20 seconds left.\n|inactive|Aki73 has 15 seconds left.\n|\n|t:|1776571934\n|switch|p1b: Charizard|Charizard, L50, F|100/100\n|move|p2b: Venusaur|Energy Ball|p1b: Charizard\n|-resisted|p1b: Charizard|2\n|-damage|p1b: Charizard|86/100\n|move|p1a: Sneasler|Dire Claw|p2b: Venusaur\n|-damage|p2b: Venusaur|0 fnt\n|faint|p2b: Venusaur\n|cant|p2a: Charizard|slp\n|\n|-weather|SunnyDay|[upkeep]\n|upkeep\n|\n|t:|1776571951\n|switch|p2b: Gardevoir|Gardevoir, L50, M|100/100\n|turn|4\n|\n|t:|1776571973\n|detailschange|p1b: Charizard|Charizard-Mega-Y, L50, F\n|-mega|p1b: Charizard|Charizard|Charizardite Y\n|move|p2b: Gardevoir|Psychic|p1a: Sneasler\n|-supereffective|p1a: Sneasler|2\n|-damage|p1a: Sneasler|0 fnt\n|faint|p1a: Sneasler\n|move|p1b: Charizard|Heat Wave|p2a: Charizard|[spread] p2b\n|-miss|p1b: Charizard|p2a: Charizard\n|-damage|p2b: Gardevoir|34/100\n|-curestatus|p2a: Charizard|slp|[msg]\n|move|p2a: Charizard|Heat Wave|p1b: Charizard\n|-resisted|p1b: Charizard|1\n|-damage|p1b: Charizard|41/100\n|\n|-weather|SunnyDay|[upkeep]\n|upkeep\n|\n|t:|1776571981\n|switch|p1a: Sinistcha|Sinistcha, L50|100/100\n|-heal|p1b: Charizard|66/100|[from] ability: Hospitality|[of] p1a: Sinistcha\n|turn|5\n|inactive|Aki73 has 30 seconds left.\n|inactive|Aki73 has 20 seconds left.\n|inactive|Aki73 has 15 seconds left.\n|\n|t:|1776572022\n|move|p1a: Sinistcha|Rage Powder|p1a: Sinistcha\n|-singleturn|p1a: Sinistcha|move: Rage Powder\n|move|p2b: Gardevoir|Psychic|p1a: Sinistcha\n|-damage|p1a: Sinistcha|44/100\n|move|p2a: Charizard|Heat Wave|p1b: Charizard|[spread] p1a,p1b\n|-supereffective|p1a: Sinistcha|1\n|-resisted|p1b: Charizard|1\n|-damage|p1a: Sinistcha|0 fnt\n|-damage|p1b: Charizard|34/100\n|faint|p1a: Sinistcha\n|move|p1b: Charizard|Heat Wave|p2b: Gardevoir|[spread] p2a,p2b\n|-resisted|p2a: Charizard|1\n|-damage|p2a: Charizard|7/100\n|-damage|p2b: Gardevoir|0 fnt\n|faint|p2b: Gardevoir\n|\n|-weather|none\n|upkeep\n|\n|t:|1776572034\n|switch|p2b: Milotic|Milotic, L50, F|100/100\n|switch|p1a: Milotic|Milotic, L50, F|38/100\n|turn|6\n|inactive|Aki73 has 30 seconds left.\n|\n|t:|1776572063\n|move|p1a: Milotic|Protect|p1a: Milotic\n|-singleturn|p1a: Milotic|Protect\n|move|p2a: Charizard|Heat Wave|p1b: Charizard|[spread] p1b\n|-activate|p1a: Milotic|move: Protect\n|-resisted|p1b: Charizard|1\n|-damage|p1b: Charizard|12/100\n|move|p1b: Charizard|Heat Wave|p2b: Milotic|[spread] p2a,p2b\n|-resisted|p2a: Charizard|1\n|-resisted|p2b: Milotic|1\n|-damage|p2a: Charizard|0 fnt\n|-damage|p2b: Milotic|89/100\n|faint|p2a: Charizard\n|move|p2b: Milotic|Life Dew|p2b: Milotic\n|-heal|p2b: Milotic|100/100\n|\n|-heal|p1a: Milotic|44/100|[from] item: Leftovers\n|upkeep\n|turn|7\n|inactive|Aki73 has 30 seconds left.\n|\n|t:|1776572091\n|move|p1b: Charizard|Air Slash|p2b: Milotic\n|-damage|p2b: Milotic|72/100\n|move|p1a: Milotic|Scald|p2b: Milotic\n|-resisted|p2b: Milotic|1\n|-damage|p2b: Milotic|61/100\n|move|p2b: Milotic|Scald|p1a: Milotic\n|-resisted|p1a: Milotic|1\n|-damage|p1a: Milotic|32/100\n|\n|-heal|p1a: Milotic|38/100|[from] item: Leftovers\n|-heal|p2b: Milotic|67/100|[from] item: Leftovers\n|upkeep\n|turn|8\n|\n|t:|1776572110\n|move|p2b: Milotic|Protect|p2b: Milotic\n|-singleturn|p2b: Milotic|Protect\n|move|p1b: Charizard|Air Slash|p2b: Milotic\n|-activate|p2b: Milotic|move: Protect\n|move|p1a: Milotic|Scald|p2b: Milotic\n|-activate|p2b: Milotic|move: Protect\n|\n|-heal|p1a: Milotic|44/100|[from] item: Leftovers\n|-heal|p2b: Milotic|73/100|[from] item: Leftovers\n|upkeep\n|turn|9\n|\n|t:|1776572120\n|move|p1b: Charizard|Air Slash|p2b: Milotic\n|-damage|p2b: Milotic|45/100\n|move|p1a: Milotic|Scald|p2b: Milotic\n|-resisted|p2b: Milotic|1\n|-damage|p2b: Milotic|34/100\n|cant|p2b: Milotic|flinch\n|\n|-heal|p1a: Milotic|50/100|[from] item: Leftovers\n|-heal|p2b: Milotic|40/100|[from] item: Leftovers\n|upkeep\n|turn|10\n|\n|t:|1776572130\n|move|p2b: Milotic|Protect|p2b: Milotic\n|-singleturn|p2b: Milotic|Protect\n|move|p1b: Charizard|Solar Beam||[still]\n|-prepare|p1b: Charizard|Solar Beam\n|move|p1a: Milotic|Scald|p2b: Milotic\n|-activate|p2b: Milotic|move: Protect\n|\n|-heal|p1a: Milotic|56/100|[from] item: Leftovers\n|-heal|p2b: Milotic|46/100|[from] item: Leftovers\n|upkeep\n|turn|11\n|\n|t:|1776572139\n|move|p1b: Charizard|Solar Beam|p2b: Milotic|[from] lockedmove\n|-supereffective|p2b: Milotic|1\n|-damage|p2b: Milotic|0 fnt\n|faint|p2b: Milotic\n|\n|win|TheBallistic1\n|raw|TheBallistic1's rating: 1111 &rarr; <strong>1131</strong><br />(+20 for winning)\n|raw|Aki73's rating: 1042 &rarr; <strong>1029</strong><br />(-13 for losing)\n",
  "uploadtime": 1776572141,
  "views": 8,
  "formatid": "gen9championsvgc2026regma",
  "rating": 1029,
  "private": 0,
  "password": null
}