{
  "id": "gen9championsvgc2026regma-2588920119",
  "format": "[Gen 9 Champions] VGC 2026 Reg M-A",
  "players": [
    "CEExy",
    "Mahmood23"
  ],
  "log": "|j|\u2606CEExy\n|j|\u2606Mahmood23\n|t:|1776685946\n|gametype|doubles\n|player|p1|CEExy|hilbert|1383\n|player|p2|Mahmood23|linebacker|1377\n|gen|9\n|tier|[Gen 9 Champions] VGC 2026 Reg M-A\n|rated|\n|rule|Species Clause: Limit one of each Pok\u00e9mon\n|rule|Item Clause: Limit 1 of each item\n|clearpoke\n|poke|p1|Floette-Eternal, L50, F|\n|poke|p1|Kingambit, L50, M|\n|poke|p1|Charizard, L50, M|\n|poke|p1|Sneasler, L50, M|\n|poke|p1|Aerodactyl, L50, M|\n|poke|p1|Garchomp, L50, M, shiny|\n|poke|p2|Aerodactyl, L50, F|\n|poke|p2|Basculegion, L50, M|\n|poke|p2|Kommo-o, L50, F|\n|poke|p2|Scizor, L50, M|\n|poke|p2|Scovillain, L50, F|\n|poke|p2|Sneasler, L50, F|\n|teampreview|4\n|\n|t:|1776685989\n|teamsize|p1|4\n|teamsize|p2|4\n|start\n|switch|p1a: Floette|Floette-Eternal, L50, F|100/100\n|switch|p1b: Aerodactyl|Aerodactyl, L50, M|100/100\n|switch|p2a: Aerodactyl|Aerodactyl, L50, F|100/100\n|switch|p2b: Sneasler|Sneasler, L50, F|100/100\n|-ability|p2a: Aerodactyl|Unnerve\n|turn|1\n|\n|t:|1776686008\n|detailschange|p1a: Floette|Floette-Mega, L50, F\n|-mega|p1a: Floette|Floette|Floettite\n|-ability|p1a: Floette|Fairy Aura\n|move|p2b: Sneasler|Fake Out|p1b: Aerodactyl\n|-resisted|p1b: Aerodactyl|1\n|-damage|p1b: Aerodactyl|89/100\n|move|p2a: Aerodactyl|Tailwind|p2a: Aerodactyl\n|-sidestart|p2: Mahmood23|move: Tailwind\n|cant|p1b: Aerodactyl|flinch\n|move|p1a: Floette|Moonblast|p2b: Sneasler\n|-damage|p2b: Sneasler|0 fnt\n|faint|p2b: Sneasler\n|\n|upkeep\n|\n|t:|1776686026\n|switch|p2b: Scovillain|Scovillain, L50, F|100/100\n|turn|2\n|\n|t:|1776686037\n|detailschange|p2b: Scovillain|Scovillain-Mega, L50, F\n|-mega|p2b: Scovillain|Scovillain|Scovillainite\n|move|p2b: Scovillain|Rage Powder|p2b: Scovillain\n|-singleturn|p2b: Scovillain|move: Rage Powder\n|move|p2a: Aerodactyl|Rock Slide|p1b: Aerodactyl|[spread] p1a,p1b\n|-supereffective|p1b: Aerodactyl|1\n|-damage|p1a: Floette|71/100\n|-damage|p1b: Aerodactyl|8/100\n|move|p1b: Aerodactyl|Tailwind|p1b: Aerodactyl\n|-sidestart|p1: CEExy|move: Tailwind\n|cant|p1a: Floette|flinch\n|\n|upkeep\n|turn|3\n|\n|t:|1776686052\n|move|p2a: Aerodactyl|Rock Slide|p1b: Aerodactyl|[spread] p1a,p1b\n|-supereffective|p1b: Aerodactyl|1\n|-damage|p1a: Floette|46/100\n|-damage|p1b: Aerodactyl|0 fnt\n|faint|p1b: Aerodactyl\n|move|p1a: Floette|Calm Mind|p1a: Floette\n|-boost|p1a: Floette|spa|1\n|-boost|p1a: Floette|spd|1\n|move|p2b: Scovillain|Leaf Storm|p1a: Floette\n|-damage|p1a: Floette|19/100\n|-unboost|p2b: Scovillain|spa|2\n|\n|upkeep\n|\n|t:|1776686064\n|switch|p1b: Sneasler|Sneasler, L50, M|100/100\n|turn|4\n|\n|t:|1776686089\n|move|p2a: Aerodactyl|Protect|p2a: Aerodactyl\n|-singleturn|p2a: Aerodactyl|Protect\n|move|p2b: Scovillain|Protect|p2b: Scovillain\n|-singleturn|p2b: Scovillain|Protect\n|move|p1b: Sneasler|Fake Out|p2a: Aerodactyl\n|-activate|p2a: Aerodactyl|move: Protect\n|move|p1a: Floette|Calm Mind|p1a: Floette\n|-boost|p1a: Floette|spa|1\n|-boost|p1a: Floette|spd|1\n|\n|-sideend|p2: Mahmood23|move: Tailwind\n|upkeep\n|turn|5\n|\n|t:|1776686116\n|move|p2b: Scovillain|Rage Powder|p2b: Scovillain\n|-singleturn|p2b: Scovillain|move: Rage Powder\n|move|p1b: Sneasler|Close Combat|p2b: Scovillain\n|-damage|p2b: Scovillain|45/100\n|-unboost|p1b: Sneasler|def|1\n|-unboost|p1b: Sneasler|spd|1\n|-status|p1b: Sneasler|brn|[from] ability: Spicy Spray|[of] p2b: Scovillain\n|-enditem|p1b: Sneasler|White Herb\n|-clearnegativeboost|p1b: Sneasler|[silent]\n|move|p1a: Floette|Dazzling Gleam|p2b: Scovillain|[spread] p2a,p2b\n|-resisted|p2b: Scovillain|1\n|-enditem|p2a: Aerodactyl|Focus Sash\n|-damage|p2a: Aerodactyl|1/100\n|-damage|p2b: Scovillain|0 fnt\n|-status|p1a: Floette|brn|[from] ability: Spicy Spray|[of] p2b: Scovillain\n|faint|p2b: Scovillain\n|move|p2a: Aerodactyl|Tailwind|p2a: Aerodactyl\n|-sidestart|p2: Mahmood23|move: Tailwind\n|\n|-damage|p1b: Sneasler|95/100 brn|[from] brn\n|-damage|p1a: Floette|12/100 brn|[from] brn\n|-sideend|p1: CEExy|move: Tailwind\n|upkeep\n|\n|t:|1776686129\n|switch|p2b: Kommo-o|Kommo-o, L50, F|100/100\n|turn|6\n|\n|t:|1776686146\n|move|p2a: Aerodactyl|Rock Slide|p1a: Floette|[spread] p1a,p1b\n|-resisted|p1b: Sneasler|1\n|-damage|p1a: Floette|0 fnt\n|-damage|p1b: Sneasler|73/100 brn\n|faint|p1a: Floette\n|move|p1b: Sneasler|Close Combat|p2b: Kommo-o\n|-damage|p2b: Kommo-o|71/100\n|-unboost|p1b: Sneasler|def|1\n|-unboost|p1b: Sneasler|spd|1\n|move|p2b: Kommo-o|Clanging Scales|p1b: Sneasler\n|-damage|p1b: Sneasler|0 fnt\n|faint|p1b: Sneasler\n|-unboost|p2b: Kommo-o|def|1\n|\n|-heal|p2b: Kommo-o|77/100|[from] item: Leftovers\n|upkeep\n|\n|t:|1776686156\n|switch|p1b: Garchomp|Garchomp, L50, M, shiny|100/100\n|turn|7\n|\n|t:|1776686173\n|move|p2a: Aerodactyl|Rock Slide|p1b: Garchomp|[miss]\n|-miss|p2a: Aerodactyl|p1b: Garchomp\n|move|p2b: Kommo-o|Clanging Scales|p1b: Garchomp\n|-supereffective|p1b: Garchomp|1\n|-damage|p1b: Garchomp|2/100\n|-unboost|p2b: Kommo-o|def|1\n|move|p1b: Garchomp|Rock Slide|p2b: Kommo-o|[spread] p2a,p2b\n|-supereffective|p2a: Aerodactyl|1\n|-resisted|p2b: Kommo-o|1\n|-damage|p2a: Aerodactyl|0 fnt\n|-damage|p2b: Kommo-o|57/100\n|-enditem|p1b: Garchomp|Sitrus Berry|[eat]\n|-heal|p1b: Garchomp|27/100|[from] item: Sitrus Berry\n|faint|p2a: Aerodactyl\n|\n|-heal|p2b: Kommo-o|63/100|[from] item: Leftovers\n|upkeep\n|turn|8\n|\n|t:|1776686197\n|move|p1b: Garchomp|Protect|p1b: Garchomp\n|-singleturn|p1b: Garchomp|Protect\n|move|p2b: Kommo-o|Clanging Scales|p1b: Garchomp\n|-activate|p1b: Garchomp|move: Protect\n|\n|-heal|p2b: Kommo-o|69/100|[from] item: Leftovers\n|-sideend|p2: Mahmood23|move: Tailwind\n|upkeep\n|turn|9\n|\n|t:|1776686202\n|move|p1b: Garchomp|Dragon Claw|p2b: Kommo-o\n|-supereffective|p2b: Kommo-o|1\n|-damage|p2b: Kommo-o|0 fnt\n|faint|p2b: Kommo-o\n|\n|win|CEExy\n|raw|CEExy's rating: 1383 &rarr; <strong>1403</strong><br />(+20 for winning)\n|raw|Mahmood23's rating: 1377 &rarr; <strong>1357</strong><br />(-20 for losing)\n|l|\u2606Mahmood23\n|player|p2|\n",
  "uploadtime": 1776686208,
  "views": 8,
  "formatid": "gen9championsvgc2026regma",
  "rating": 1357,
  "private": 0,
  "password": null
}