{
  "id": "gen9championsvgc2026regma-2582756327",
  "format": "[Gen 9 Champions] VGC 2026 Reg M-A",
  "players": [
    "Navicula",
    "whynotelmo"
  ],
  "log": "|j|\u2606Navicula\n|j|\u2606whynotelmo\n|t:|1776111915\n|gametype|doubles\n|player|p1|Navicula|scientist-gen4|1099\n|player|p2|whynotelmo|101|1153\n|gen|9\n|tier|[Gen 9 Champions] VGC 2026 Reg M-A\n|rated|\n|rule|Species Clause: Limit one of each Pok\u00e9mon\n|rule|Item Clause: Limit 1 of each item\n|clearpoke\n|poke|p1|Audino, L50, M|\n|poke|p1|Kommo-o, L50, F|\n|poke|p1|Sinistcha, L50|\n|poke|p1|Lucario, L50, F|\n|poke|p1|Aegislash, L50, M|\n|poke|p1|Toucannon, L50, M|\n|poke|p2|Greninja-*, L50, M|\n|poke|p2|Pelipper, L50, M|\n|poke|p2|Palafin, L50, M|\n|poke|p2|Sneasler, L50, F|\n|poke|p2|Maushold, L50|\n|poke|p2|Archaludon, L50, F|\n|teampreview|4\n|inactive|Battle timer is ON: inactive players will automatically lose when time's up. (requested by Navicula)\n|\n|t:|1776111977\n|teamsize|p1|4\n|teamsize|p2|4\n|start\n|switch|p1a: Freud Loops|Toucannon, L50, M, shiny|100/100\n|switch|p1b: Moop|Audino, L50, M, shiny|100/100\n|switch|p2a: Pelipper|Pelipper, L50, M|100/100\n|switch|p2b: Greninja|Greninja, L50, M, shiny|100/100\n|-weather|RainDance|[from] ability: Drizzle|[of] p2a: Pelipper\n|turn|1\n|inactive|Navicula has 30 seconds left.\n|\n|t:|1776112009\n|switch|p2a: Palafin|Palafin, L50, M, shiny|100/100\n|-singleturn|p1a: Freud Loops|move: Beak Blast\n|move|p1b: Moop|Ally Switch|p1b: Moop\n|swap|p1b: Moop|0|[from] move: Ally Switch\n|move|p2b: Greninja|Ice Beam|p1a: Moop\n|-start|p2b: Greninja|typechange|Ice|[from] ability: Protean\n|-damage|p1a: Moop|59/100\n|move|p1b: Freud Loops|Beak Blast|p2b: Greninja\n|-damage|p2b: Greninja|3/100\n|\n|-weather|RainDance|[upkeep]\n|upkeep\n|turn|2\n|inactive|Navicula has 30 seconds left.\n|\n|t:|1776112035\n|-singleturn|p1b: Freud Loops|move: Beak Blast\n|move|p2b: Greninja|Ice Beam|p1a: Moop\n|-damage|p1a: Moop|14/100\n|move|p2a: Palafin|Ice Punch|p1b: Freud Loops\n|-supereffective|p1b: Freud Loops|1\n|-damage|p1b: Freud Loops|58/100\n|-status|p2a: Palafin|brn\n|move|p1a: Moop|Wish|p1a: Moop\n|move|p1b: Freud Loops|Beak Blast|p2b: Greninja\n|-crit|p2b: Greninja\n|-damage|p2b: Greninja|0 fnt\n|faint|p2b: Greninja\n|\n|-weather|RainDance|[upkeep]\n|-damage|p2a: Palafin|94/100 brn|[from] brn\n|upkeep\n|inactive|whynotelmo has 30 seconds left.\n|\n|t:|1776112062\n|switch|p2b: Pelipper|Pelipper, L50, M|100/100\n|turn|3\n|\n|t:|1776112081\n|detailschange|p2a: Palafin|Palafin-Hero, L50, M, shiny\n|switch|p2a: Maushold|Maushold, L50|100/100\n|move|p2b: Pelipper|Weather Ball|p1a: Moop\n|-damage|p1a: Moop|0 fnt\n|faint|p1a: Moop\n|move|p1b: Freud Loops|Tailwind|p1b: Freud Loops\n|-sidestart|p1: Navicula|move: Tailwind\n|\n|-weather|RainDance|[upkeep]\n|upkeep\n|inactive|Navicula has 30 seconds left.\n|\n|t:|1776112116\n|switch|p1a: Himothy Cool|Lucario, L50, F|100/100\n|turn|4\n|\n|t:|1776112141\n|detailschange|p1a: Himothy Cool|Lucario-Mega, L50, F\n|-mega|p1a: Himothy Cool|Lucario|Lucarionite\n|move|p1a: Himothy Cool|Drain Punch|p2a: Maushold\n|-supereffective|p2a: Maushold|1\n|-enditem|p2a: Maushold|Chople Berry|[eat]\n|-enditem|p2a: Maushold|Chople Berry|[weaken]\n|-damage|p2a: Maushold|30/100\n|move|p2a: Maushold|Super Fang|p1a: Himothy Cool\n|-damage|p1a: Himothy Cool|51/100\n|move|p1b: Freud Loops|Gunk Shot|p2b: Pelipper\n|-damage|p2b: Pelipper|49/100\n|move|p2b: Pelipper|Tailwind|p2b: Pelipper\n|-sidestart|p2: whynotelmo|move: Tailwind\n|\n|-weather|RainDance|[upkeep]\n|upkeep\n|turn|5\n|inactive|Navicula has 30 seconds left.\n|inactive|whynotelmo has 30 seconds left.\n|\n|t:|1776112172\n|-singleturn|p1b: Freud Loops|move: Beak Blast\n|move|p1a: Himothy Cool|Drain Punch|p2a: Maushold\n|-supereffective|p2a: Maushold|1\n|-damage|p2a: Maushold|0 fnt\n|-heal|p1a: Himothy Cool|66/100|[from] drain|[of] p2a: Maushold\n|faint|p2a: Maushold\n|move|p2b: Pelipper|Hurricane|p1a: Himothy Cool\n|-damage|p1a: Himothy Cool|2/100\n|-start|p1a: Himothy Cool|confusion\n|move|p1b: Freud Loops|Beak Blast|p2b: Pelipper\n|-damage|p2b: Pelipper|0 fnt\n|faint|p2b: Pelipper\n|\n|-weather|none\n|upkeep\n|\n|t:|1776112182\n|switch|p2a: Palafin|Palafin-Hero, L50, M, shiny|94/100 brn\n|-activate|p2a: Palafin|ability: Zero to Hero\n|turn|6\n|\n|t:|1776112196\n|-singleturn|p1b: Freud Loops|move: Beak Blast\n|move|p2a: Palafin|Jet Punch|p1a: Himothy Cool\n|-damage|p1a: Himothy Cool|0 fnt\n|faint|p1a: Himothy Cool\n|move|p1b: Freud Loops|Beak Blast|p2a: Palafin\n|-damage|p2a: Palafin|30/100 brn\n|\n|-damage|p2a: Palafin|24/100 brn|[from] brn\n|-sideend|p1: Navicula|move: Tailwind\n|upkeep\n|\n|t:|1776112205\n|switch|p1a: Rangus Bumclappa|Kommo-o, L50, F|100/100\n|turn|7\n|\n|t:|1776112215\n|-singleturn|p1b: Freud Loops|move: Beak Blast\n|move|p2a: Palafin|Ice Punch|p1b: Freud Loops\n|-supereffective|p1b: Freud Loops|1\n|-crit|p1b: Freud Loops\n|-damage|p1b: Freud Loops|3/100\n|move|p1a: Rangus Bumclappa|Drain Punch|p2a: Palafin\n|-damage|p2a: Palafin|0 fnt\n|faint|p2a: Palafin\n|\n|win|Navicula\n|raw|Navicula's rating: 1099 &rarr; <strong>1128</strong><br />(+29 for winning)\n|raw|whynotelmo's rating: 1153 &rarr; <strong>1124</strong><br />(-29 for losing)\n|l|\u2606whynotelmo\n|player|p2|\n",
  "uploadtime": 1776112227,
  "views": 22,
  "formatid": "gen9championsvgc2026regma",
  "rating": 1124,
  "private": 0,
  "password": null
}