{
  "id": "gen9championsvgc2026regma-2586580846",
  "format": "[Gen 9 Champions] VGC 2026 Reg M-A",
  "players": [
    "VorvaV",
    "Tubes69"
  ],
  "log": "|j|\u2606VorvaV\n|j|\u2606Tubes69\n|t:|1776444607\n|gametype|doubles\n|player|p1|VorvaV|2|1156\n|player|p2|Tubes69|2|1236\n|gen|9\n|tier|[Gen 9 Champions] VGC 2026 Reg M-A\n|rated|\n|rule|Species Clause: Limit one of each Pok\u00e9mon\n|rule|Item Clause: Limit 1 of each item\n|clearpoke\n|poke|p1|Delphox, L50, F|\n|poke|p1|Garchomp, L50, F|\n|poke|p1|Rotom-Wash, L50|\n|poke|p1|Maushold-Four, L50|\n|poke|p1|Corviknight, L50, F|\n|poke|p1|Ninetales-Alola, L50, F|\n|poke|p2|Maushold, L50|\n|poke|p2|Dragonite, L50, M|\n|poke|p2|Pelipper, L50, M|\n|poke|p2|Basculegion, L50, M|\n|poke|p2|Sneasler, L50, F|\n|poke|p2|Glimmora, L50, M|\n|teampreview|4\n|inactive|Battle timer is ON: inactive players will automatically lose when time's up. (requested by Tubes69)\n|inactive|VorvaV has 60 seconds left.\n|inactive|Tubes69 has 60 seconds left.\n|\n|t:|1776444660\n|teamsize|p1|4\n|teamsize|p2|4\n|start\n|switch|p1a: Corviknight|Corviknight, L50, F|100/100\n|switch|p1b: Rotom|Rotom-Wash, L50|100/100\n|switch|p2a: Sneasler|Sneasler, L50, F|100/100\n|switch|p2b: Basculegion|Basculegion, L50, M|100/100\n|turn|1\n|\n|t:|1776444681\n|move|p2a: Sneasler|Fake Out|p1b: Rotom\n|-damage|p1b: Rotom|85/100\n|move|p2b: Basculegion|Flip Turn|p1b: Rotom\n|-resisted|p1b: Rotom|1\n|-damage|p1b: Rotom|62/100\n|\n|t:|1776444686\n|switch|p2b: Pelipper|Pelipper, L50, M|100/100|[from] Flip Turn\n|-weather|RainDance|[from] ability: Drizzle|[of] p2b: Pelipper\n|cant|p1b: Rotom|flinch\n|move|p1a: Corviknight|Brave Bird|p2a: Sneasler\n|-supereffective|p2a: Sneasler|1\n|-damage|p2a: Sneasler|0 fnt\n|faint|p2a: Sneasler\n|-damage|p1a: Corviknight|76/100|[from] Recoil\n|\n|-weather|RainDance|[upkeep]\n|-heal|p1a: Corviknight|81/100|[from] item: Leftovers\n|upkeep\n|\n|t:|1776444707\n|switch|p2a: Dragonite|Dragonite, L50, M|100/100\n|turn|2\n|inactive|VorvaV has 30 seconds left.\n|inactive|Tubes69 has 30 seconds left.\n|\n|t:|1776444743\n|switch|p1a: Ninetales|Ninetales-Alola, L50, F|100/100\n|-weather|Snowscape|[from] ability: Snow Warning|[of] p1a: Ninetales\n|detailschange|p2a: Dragonite|Dragonite-Mega, L50, M\n|-mega|p2a: Dragonite|Dragonite|Dragoninite\n|move|p2b: Pelipper|Protect|p2b: Pelipper\n|-singleturn|p2b: Pelipper|Protect\n|move|p2a: Dragonite|Dragon Pulse|p1b: Rotom\n|-damage|p1b: Rotom|15/100\n|-enditem|p1b: Rotom|Sitrus Berry|[eat]\n|-heal|p1b: Rotom|40/100|[from] item: Sitrus Berry\n|move|p1b: Rotom|Thunderbolt|p2b: Pelipper\n|-activate|p2b: Pelipper|move: Protect\n|\n|-weather|Snowscape|[upkeep]\n|upkeep\n|turn|3\n|inactive|VorvaV has 30 seconds left.\n|\n|t:|1776444770\n|move|p2a: Dragonite|Protect|p2a: Dragonite\n|-singleturn|p2a: Dragonite|Protect\n|move|p1a: Ninetales|Blizzard|p2a: Dragonite|[spread] p2b\n|-activate|p2a: Dragonite|move: Protect\n|-damage|p2b: Pelipper|70/100\n|move|p1b: Rotom|Electroweb|p2a: Dragonite|[spread] p2b\n|-activate|p2a: Dragonite|move: Protect\n|-supereffective|p2b: Pelipper|2\n|-damage|p2b: Pelipper|3/100\n|-unboost|p2b: Pelipper|spe|1\n|move|p2b: Pelipper|Tailwind|p2b: Pelipper\n|-sidestart|p2: Tubes69|move: Tailwind\n|\n|-weather|Snowscape|[upkeep]\n|upkeep\n|turn|4\n|inactive|VorvaV has 30 seconds left.\n|inactive|Tubes69 has 30 seconds left.\n|\n|t:|1776444799\n|move|p1a: Ninetales|Protect|p1a: Ninetales\n|-singleturn|p1a: Ninetales|Protect\n|move|p2a: Dragonite|Dragon Pulse|p1b: Rotom\n|-damage|p1b: Rotom|0 fnt\n|faint|p1b: Rotom\n|move|p2b: Pelipper|Hurricane|p1a: Ninetales\n|-activate|p1a: Ninetales|move: Protect\n|\n|-weather|Snowscape|[upkeep]\n|upkeep\n|\n|t:|1776444811\n|switch|p1b: Corviknight|Corviknight, L50, F|81/100\n|turn|5\n|\n|t:|1776444832\n|switch|p2b: Basculegion|Basculegion, L50, M|100/100\n|move|p2a: Dragonite|Protect|p2a: Dragonite\n|-singleturn|p2a: Dragonite|Protect\n|move|p1a: Ninetales|Blizzard|p2b: Basculegion|[spread] p2b\n|-activate|p2a: Dragonite|move: Protect\n|-resisted|p2b: Basculegion|1\n|-damage|p2b: Basculegion|82/100\n|move|p1b: Corviknight|Bulk Up|p1b: Corviknight\n|-boost|p1b: Corviknight|atk|1\n|-boost|p1b: Corviknight|def|1\n|\n|-weather|Snowscape|[upkeep]\n|-heal|p1b: Corviknight|87/100|[from] item: Leftovers\n|upkeep\n|turn|6\n|inactive|VorvaV has 30 seconds left.\n|inactive|VorvaV has 20 seconds left.\n|inactive|Tubes69 has 30 seconds left.\n|inactive|VorvaV has 15 seconds left.\n|inactive|VorvaV has 10 seconds left.\n|\n|t:|1776444879\n|move|p1a: Ninetales|Protect|p1a: Ninetales\n|-singleturn|p1a: Ninetales|Protect\n|move|p2b: Basculegion|Flip Turn|p1b: Corviknight\n|-damage|p1b: Corviknight|62/100\n|\n|t:|1776444883\n|switch|p2b: Pelipper|Pelipper, L50, M|3/100|[from] Flip Turn\n|-weather|RainDance|[from] ability: Drizzle|[of] p2b: Pelipper\n|move|p2a: Dragonite|Thunder|p1b: Corviknight\n|-supereffective|p1b: Corviknight|1\n|-damage|p1b: Corviknight|0 fnt\n|faint|p1b: Corviknight\n|\n|-weather|RainDance|[upkeep]\n|-sideend|p2: Tubes69|move: Tailwind\n|upkeep\n|\n|t:|1776444892\n|switch|p1b: Delphox|Delphox, L50, F|100/100\n|turn|7\n|\n|t:|1776444910\n|detailschange|p1b: Delphox|Delphox-Mega, L50, F\n|-mega|p1b: Delphox|Delphox|Delphoxite\n|move|p1b: Delphox|Protect|p1b: Delphox\n|-singleturn|p1b: Delphox|Protect\n|move|p2a: Dragonite|Protect|p2a: Dragonite\n|-singleturn|p2a: Dragonite|Protect\n|move|p1a: Ninetales|Blizzard|p2b: Pelipper|[spread] \n|-activate|p2a: Dragonite|move: Protect\n|-miss|p1a: Ninetales|p2b: Pelipper\n|move|p2b: Pelipper|Weather Ball|p1b: Delphox\n|-activate|p1b: Delphox|move: Protect\n|\n|-weather|RainDance|[upkeep]\n|upkeep\n|turn|8\n|inactive|VorvaV has 30 seconds left.\n|\n|t:|1776444943\n|move|p1b: Delphox|Psychic|p2a: Dragonite\n|-damage|p2a: Dragonite|77/100\n|move|p1a: Ninetales|Freeze-Dry|p2a: Dragonite\n|-supereffective|p2a: Dragonite|2\n|-damage|p2a: Dragonite|0 fnt\n|faint|p2a: Dragonite\n|move|p2b: Pelipper|Weather Ball|p1b: Delphox\n|-supereffective|p1b: Delphox|1\n|-crit|p1b: Delphox\n|-damage|p1b: Delphox|0 fnt\n|faint|p1b: Delphox\n|\n|-weather|RainDance|[upkeep]\n|upkeep\n|\n|t:|1776444958\n|switch|p2a: Basculegion|Basculegion, L50, M|82/100\n|turn|9\n|\n|t:|1776444973\n|move|p2a: Basculegion|Last Respects|p1a: Ninetales\n|-enditem|p1a: Ninetales|Focus Sash\n|-damage|p1a: Ninetales|1/100\n|move|p1a: Ninetales|Blizzard|p2a: Basculegion|[spread] p2a,p2b\n|-resisted|p2a: Basculegion|1\n|-damage|p2a: Basculegion|63/100\n|-damage|p2b: Pelipper|0 fnt\n|-status|p2a: Basculegion|frz\n|faint|p2b: Pelipper\n|\n|-weather|RainDance|[upkeep]\n|upkeep\n|turn|10\n|c|\u2606Tubes69|No way\n|\n|t:|1776444987\n|cant|p2a: Basculegion|frz\n|move|p1a: Ninetales|Freeze-Dry|p2a: Basculegion\n|-supereffective|p2a: Basculegion|1\n|-damage|p2a: Basculegion|0 fnt\n|faint|p2a: Basculegion\n|\n|win|VorvaV\n|raw|VorvaV's rating: 1156 &rarr; <strong>1187</strong><br />(+31 for winning)\n|raw|Tubes69's rating: 1236 &rarr; <strong>1205</strong><br />(-31 for losing)\n|c|\u2606Tubes69|Bruh\n|c|\u2606Tubes69|Insane lol\n",
  "uploadtime": 1776445005,
  "views": 34,
  "formatid": "gen9championsvgc2026regma",
  "rating": 1187,
  "private": 0,
  "password": null
}