{
  "id": "gen9championsvgc2026regma-2583603459",
  "format": "[Gen 9 Champions] VGC 2026 Reg M-A",
  "players": [
    "joej m",
    "speedyturtle87"
  ],
  "log": "|j|\u2606joej m\n|j|\u2606speedyturtle87\n|t:|1776185967\n|gametype|doubles\n|player|p1|joej m|266|1436\n|player|p2|speedyturtle87|canari|1402\n|gen|9\n|tier|[Gen 9 Champions] VGC 2026 Reg M-A\n|rated|\n|rule|Species Clause: Limit one of each Pok\u00e9mon\n|rule|Item Clause: Limit 1 of each item\n|clearpoke\n|poke|p1|Floette-Eternal, L50, F|\n|poke|p1|Aerodactyl, L50, F|\n|poke|p1|Garchomp, L50, F|\n|poke|p1|Sneasler, L50, F|\n|poke|p1|Incineroar, L50, M|\n|poke|p1|Rotom-Wash, L50|\n|poke|p2|Hatterene, L50, F|\n|poke|p2|Oranguru, L50, F|\n|poke|p2|Golurk, L50|\n|poke|p2|Clefable, L50, F|\n|poke|p2|Hydreigon, L50, M|\n|poke|p2|Torkoal, L50, M|\n|teampreview|4\n|inactive|Battle timer is ON: inactive players will automatically lose when time's up. (requested by speedyturtle87)\n|inactive|joej m has 60 seconds left.\n|inactive|speedyturtle87 has 60 seconds left.\n|\n|t:|1776186024\n|teamsize|p1|4\n|teamsize|p2|4\n|start\n|switch|p1a: Sneasler|Sneasler, L50, F|100/100\n|switch|p1b: Floette|Floette-Eternal, L50, F|100/100\n|switch|p2a: Hydreigon|Hydreigon, L50, M|100/100\n|switch|p2b: Oranguru|Oranguru, L50, F|100/100\n|turn|1\n|\n|t:|1776186043\n|detailschange|p1b: Floette|Floette-Mega, L50, F\n|-mega|p1b: Floette|Floette|Floettite\n|-ability|p1b: Floette|Fairy Aura\n|move|p1a: Sneasler|Protect|p1a: Sneasler\n|-singleturn|p1a: Sneasler|Protect\n|move|p2a: Hydreigon|Flash Cannon|p1b: Floette\n|-supereffective|p1b: Floette|1\n|-damage|p1b: Floette|57/100\n|move|p1b: Floette|Calm Mind|p1b: Floette\n|-boost|p1b: Floette|spa|1\n|-boost|p1b: Floette|spd|1\n|move|p2b: Oranguru|Trick Room|p2b: Oranguru\n|-fieldstart|move: Trick Room|[of] p2b: Oranguru\n|\n|upkeep\n|turn|2\n|j| Zohan2025\n|\n|t:|1776186057\n|switch|p1a: Incineroar|Incineroar, L50, M|100/100\n|-ability|p1a: Incineroar|Intimidate|boost\n|-unboost|p2a: Hydreigon|atk|1\n|-fail|p2b: Oranguru|unboost|Attack|[from] ability: Inner Focus|[of] p2b: Oranguru\n|move|p1b: Floette|Protect|p1b: Floette\n|-singleturn|p1b: Floette|Protect\n|move|p2b: Oranguru|Psychic|p1a: Incineroar\n|-immune|p1a: Incineroar\n|move|p2a: Hydreigon|Flash Cannon|p1b: Floette\n|-activate|p1b: Floette|move: Protect\n|\n|upkeep\n|turn|3\n|\n|t:|1776186077\n|move|p1a: Incineroar|Fake Out|p2a: Hydreigon\n|-damage|p2a: Hydreigon|88/100\n|move|p2b: Oranguru|Instruct|p2a: Hydreigon\n|-singleturn|p2a: Hydreigon|move: Instruct|[of] p2b: Oranguru\n|cant|p2a: Hydreigon|flinch\n|move|p1b: Floette|Calm Mind|p1b: Floette\n|-boost|p1b: Floette|spa|1\n|-boost|p1b: Floette|spd|1\n|cant|p2a: Hydreigon|flinch\n|\n|upkeep\n|turn|4\n|\n|t:|1776186091\n|move|p1b: Floette|Protect|p1b: Floette\n|-singleturn|p1b: Floette|Protect\n|move|p2b: Oranguru|Instruct|p2a: Hydreigon\n|-singleturn|p2a: Hydreigon|move: Instruct|[of] p2b: Oranguru\n|move|p2a: Hydreigon|Flash Cannon|p1b: Floette\n|-activate|p1b: Floette|move: Protect\n|move|p1a: Incineroar|Parting Shot|p2a: Hydreigon\n|-unboost|p2a: Hydreigon|atk|1\n|-unboost|p2a: Hydreigon|spa|1\n|\n|t:|1776186098\n|switch|p1a: Sneasler|Sneasler, L50, F|100/100|[from] Parting Shot\n|move|p2a: Hydreigon|Flash Cannon|p1b: Floette\n|-activate|p1b: Floette|move: Protect\n|\n|upkeep\n|turn|5\n|\n|t:|1776186111\n|switch|p1a: Incineroar|Incineroar, L50, M|100/100\n|-ability|p1a: Incineroar|Intimidate|boost\n|-unboost|p2a: Hydreigon|atk|1\n|-fail|p2b: Oranguru|unboost|Attack|[from] ability: Inner Focus|[of] p2b: Oranguru\n|move|p2b: Oranguru|Psychic|p1a: Incineroar\n|-immune|p1a: Incineroar\n|move|p1b: Floette|Dazzling Gleam|p2a: Hydreigon|[spread] p2a,p2b\n|-supereffective|p2a: Hydreigon|2\n|-damage|p2a: Hydreigon|0 fnt\n|-damage|p2b: Oranguru|30/100\n|faint|p2a: Hydreigon\n|\n|-fieldend|move: Trick Room\n|upkeep\n|c|\u2606speedyturtle87|ggwp\n|-message|speedyturtle87 forfeited.\n|\n|win|joej m\n|raw|joej m's rating: 1436 &rarr; <strong>1454</strong><br />(+18 for winning)\n|raw|speedyturtle87's rating: 1402 &rarr; <strong>1384</strong><br />(-18 for losing)\n|c|\u2606joej m|gg\n|c|\u2606speedyturtle87|i got every turn wrong lol\n|l|\u2606speedyturtle87\n|player|p2|\n",
  "uploadtime": 1776186158,
  "views": 56,
  "formatid": "gen9championsvgc2026regma",
  "rating": 1384,
  "private": 0,
  "password": null
}