{
  "id": "gen9championsvgc2026regma-2584302656",
  "format": "[Gen 9 Champions] VGC 2026 Reg M-A",
  "players": [
    "Keyan_Sans",
    "mondher"
  ],
  "log": "|j|\u2606Keyan_Sans\n|j|\u2606mondher\n|t:|1776249035\n|gametype|doubles\n|player|p1|Keyan_Sans|hugh|1218\n|player|p2|mondher|101|1240\n|gen|9\n|tier|[Gen 9 Champions] VGC 2026 Reg M-A\n|rated|\n|rule|Species Clause: Limit one of each Pok\u00e9mon\n|rule|Item Clause: Limit 1 of each item\n|clearpoke\n|poke|p1|Charizard, L50, F|\n|poke|p1|Venusaur, L50, F|\n|poke|p1|Incineroar, L50, M|\n|poke|p1|Whimsicott, L50, M|\n|poke|p1|Sneasler, L50, F|\n|poke|p1|Typhlosion-Hisui, L50, M|\n|poke|p2|Charizard, L50, M|\n|poke|p2|Archaludon, L50, M|\n|poke|p2|Milotic, L50, M|\n|poke|p2|Venusaur, L50, M|\n|poke|p2|Sneasler, L50, F|\n|poke|p2|Whimsicott, L50, F|\n|teampreview|4\nKeyan_Sans rejected open team sheets.\n|inactive|Battle timer is ON: inactive players will automatically lose when time's up. (requested by Keyan_Sans)\n|inactive|mondher has 60 seconds left.\n|\n|t:|1776249093\n|teamsize|p1|4\n|teamsize|p2|4\n|start\n|switch|p1a: Sneasler|Sneasler, L50, F|100/100\n|switch|p1b: Whimsicott|Whimsicott, L50, M|100/100\n|switch|p2a: Sneasler|Sneasler, L50, F|100/100\n|switch|p2b: Archaludon|Archaludon, L50, M|100/100\n|turn|1\n|\n|t:|1776249106\n|move|p2a: Sneasler|Fake Out|p1a: Sneasler\n|-damage|p1a: Sneasler|75/100\n|cant|p1a: Sneasler|flinch\n|move|p1b: Whimsicott|Tailwind|p1b: Whimsicott\n|-sidestart|p1: Keyan_Sans|move: Tailwind\n|move|p2b: Archaludon|Flash Cannon|p1b: Whimsicott\n|-supereffective|p1b: Whimsicott|1\n|-enditem|p1b: Whimsicott|Focus Sash\n|-damage|p1b: Whimsicott|1/100\n|\n|upkeep\n|turn|2\n|\n|t:|1776249125\n|switch|p1a: Typhlosion|Typhlosion-Hisui, L50, M|100/100\n|switch|p2b: Whimsicott|Whimsicott, L50, F|100/100\n|move|p1b: Whimsicott|Sunny Day|p1b: Whimsicott\n|-weather|SunnyDay\n|move|p2a: Sneasler|Dire Claw|p1b: Whimsicott\n|-supereffective|p1b: Whimsicott|2\n|-damage|p1b: Whimsicott|0 fnt\n|faint|p1b: Whimsicott\n|\n|-weather|SunnyDay|[upkeep]\n|upkeep\n|\n|t:|1776249129\n|switch|p1b: Sneasler|Sneasler, L50, F|75/100\n|turn|3\n|\n|t:|1776249149\n|switch|p2a: Charizard|Charizard, L50, M|100/100\n|move|p1b: Sneasler|Fake Out|p2b: Whimsicott\n|-damage|p2b: Whimsicott|80/100\n|cant|p2b: Whimsicott|flinch\n|move|p1a: Typhlosion|Eruption|p2a: Charizard|[spread] p2a,p2b\n|-resisted|p2a: Charizard|1\n|-supereffective|p2b: Whimsicott|1\n|-damage|p2a: Charizard|58/100\n|-damage|p2b: Whimsicott|0 fnt\n|faint|p2b: Whimsicott\n|\n|-weather|SunnyDay|[upkeep]\n|upkeep\n|\n|t:|1776249167\n|switch|p2b: Sneasler|Sneasler, L50, F|100/100\n|turn|4\n|\n|t:|1776249176\n|detailschange|p2a: Charizard|Charizard-Mega-X, L50, M\n|-mega|p2a: Charizard|Charizard|Charizardite X\n|move|p2b: Sneasler|Fake Out|p1b: Sneasler\n|-damage|p1b: Sneasler|51/100\n|move|p1a: Typhlosion|Eruption|p2b: Sneasler|[spread] p2a,p2b\n|-resisted|p2a: Charizard|2\n|-damage|p2a: Charizard|38/100\n|-damage|p2b: Sneasler|0 fnt\n|faint|p2b: Sneasler\n|cant|p1b: Sneasler|flinch\n|move|p2a: Charizard|Dragon Claw|p1a: Typhlosion\n|-damage|p1a: Typhlosion|23/100\n|\n|-weather|SunnyDay|[upkeep]\n|-sideend|p1: Keyan_Sans|move: Tailwind\n|upkeep\n|\n|t:|1776249189\n|switch|p2b: Archaludon|Archaludon, L50, M|100/100\n|turn|5\n|\n|t:|1776249202\n|switch|p1a: Charizard|Charizard, L50, F|100/100\n|move|p2b: Archaludon|Thunderbolt|p1b: Sneasler\n|-damage|p1b: Sneasler|9/100\n|move|p1b: Sneasler|Close Combat|p2a: Charizard\n|-damage|p2a: Charizard|0 fnt\n|-unboost|p1b: Sneasler|def|1\n|-unboost|p1b: Sneasler|spd|1\n|faint|p2a: Charizard\n|-enditem|p1b: Sneasler|White Herb\n|-clearnegativeboost|p1b: Sneasler|[silent]\n|\n|-weather|SunnyDay|[upkeep]\n|upkeep\n|turn|6\n|c|\u2606Keyan_Sans|Gg\n|-message|mondher forfeited.\n|\n|win|Keyan_Sans\n|raw|Keyan_Sans's rating: 1218 &rarr; <strong>1245</strong><br />(+27 for winning)\n|raw|mondher's rating: 1240 &rarr; <strong>1213</strong><br />(-27 for losing)\n|l|\u2606mondher\n|player|p2|\n",
  "uploadtime": 1776249217,
  "views": 40,
  "formatid": "gen9championsvgc2026regma",
  "rating": 1213,
  "private": 0,
  "password": null
}