{
  "id": "gen9championsvgc2026regma-2586097544",
  "format": "[Gen 9 Champions] VGC 2026 Reg M-A",
  "players": [
    "molecctecc",
    "StarStorm295"
  ],
  "log": "|j|\u203dmolecctecc\n|j|\u2606StarStorm295\n|t:|1776398704\n|gametype|doubles\n|player|p1|molecctecc|1|1076\n|player|p2|StarStorm295|marley|1130\n|gen|9\n|tier|[Gen 9 Champions] VGC 2026 Reg M-A\n|rated|\n|rule|Species Clause: Limit one of each Pok\u00e9mon\n|rule|Item Clause: Limit 1 of each item\n|clearpoke\n|poke|p1|Camerupt, L50, M|\n|poke|p1|Torkoal, L50, M|\n|poke|p1|Hatterene, L50, F|\n|poke|p1|Farigiraf, L50, M|\n|poke|p1|Corviknight, L50, F|\n|poke|p1|Rotom-Wash, L50|\n|poke|p2|Lopunny, L50, F|\n|poke|p2|Milotic, L50, M|\n|poke|p2|Garchomp, L50, M|\n|poke|p2|Volcarona, L50, F|\n|poke|p2|Aegislash, L50, F|\n|poke|p2|Tsareena, L50, F|\n|teampreview|4\n|inactive|Battle timer is ON: inactive players will automatically lose when time's up. (requested by molecctecc)\nmolecctecc has agreed to open team sheets.\n|\n|t:|1776398757\n|teamsize|p1|4\n|teamsize|p2|4\n|start\n|switch|p1a: Camerupt|Camerupt, L50, M|100/100\n|switch|p1b: Hatterene|Hatterene, L50, F, shiny|100/100\n|switch|p2a: Hesper|Volcarona, L50, F|100/100\n|switch|p2b: Tsareena|Tsareena, L50, F, shiny|100/100\n|turn|1\n|inactive|StarStorm295 has 30 seconds left.\n|inactive|StarStorm295 has 20 seconds left.\n|inactive|StarStorm295 has 15 seconds left.\n|inactive|StarStorm295 has 10 seconds left.\n|\n|t:|1776398805\n|move|p1a: Camerupt|Protect|p1a: Camerupt\n|-singleturn|p1a: Camerupt|Protect\n|move|p2a: Hesper|Heat Wave|p1a: Camerupt|[spread] p1b\n|-activate|p1a: Camerupt|move: Protect\n|-damage|p1b: Hatterene|63/100\n|move|p2b: Tsareena|Taunt|p1b: Hatterene\n|move|p1b: Hatterene|Taunt|p2b: Tsareena|[from] ability: Magic Bounce\n|-start|p2b: Tsareena|move: Taunt\n|move|p1b: Hatterene|Trick Room|p1b: Hatterene\n|-fieldstart|move: Trick Room|[of] p1b: Hatterene\n|\n|upkeep\n|turn|2\n|inactive|molecctecc has 30 seconds left.\n|inactive|StarStorm295 has 30 seconds left.\n|inactive|molecctecc has 20 seconds left.\n|inactive|StarStorm295 has 20 seconds left.\n|\n|t:|1776398844\n|switch|p1b: Torkoal|Torkoal, L50, M|100/100\n|-weather|SunnyDay|[from] ability: Drought|[of] p1b: Torkoal\n|switch|p2b: Scylla|Milotic, L50, M, shiny|100/100\n|detailschange|p1a: Camerupt|Camerupt-Mega, L50, M\n|-mega|p1a: Camerupt|Camerupt|Cameruptite\n|move|p1a: Camerupt|Earth Power|p2a: Hesper\n|-damage|p2a: Hesper|39/100\n|move|p2a: Hesper|Struggle Bug|p1a: Camerupt|[spread] p1a,p1b\n|-resisted|p1a: Camerupt|1\n|-resisted|p1b: Torkoal|1\n|-damage|p1a: Camerupt|91/100\n|-damage|p1b: Torkoal|87/100\n|-unboost|p1a: Camerupt|spa|1\n|-unboost|p1b: Torkoal|spa|1\n|\n|-weather|SunnyDay|[upkeep]\n|upkeep\n|turn|3\n|inactive|molecctecc has 30 seconds left.\n|inactive|StarStorm295 has 30 seconds left.\n|inactive|molecctecc has 20 seconds left.\n|inactive|StarStorm295 has 20 seconds left.\n|\n|t:|1776398881\n|move|p1a: Camerupt|Protect|p1a: Camerupt\n|-singleturn|p1a: Camerupt|Protect\n|move|p1b: Torkoal|Solar Beam||[still]\n|-prepare|p1b: Torkoal|Solar Beam\n|-anim|p1b: Torkoal|Solar Beam|p2b: Scylla\n|-supereffective|p2b: Scylla|1\n|-damage|p2b: Scylla|67/100\n|move|p2b: Scylla|Muddy Water|p1b: Torkoal|[spread] p1b\n|-activate|p1a: Camerupt|move: Protect\n|-supereffective|p1b: Torkoal|1\n|-crit|p1b: Torkoal\n|-damage|p1b: Torkoal|11/100\n|move|p2a: Hesper|Struggle Bug|p1b: Torkoal|[spread] p1b\n|-activate|p1a: Camerupt|move: Protect\n|-resisted|p1b: Torkoal|1\n|-damage|p1b: Torkoal|0 fnt\n|faint|p1b: Torkoal\n|\n|-weather|SunnyDay|[upkeep]\n|-heal|p2b: Scylla|73/100|[from] item: Leftovers\n|upkeep\n|\n|t:|1776398905\n|switch|p1b: Rotom|Rotom-Wash, L50|100/100\n|turn|4\n|inactive|StarStorm295 has 30 seconds left.\n|inactive|StarStorm295 has 20 seconds left.\n|\n|t:|1776398940\n|move|p1a: Camerupt|Earth Power|p2a: Hesper\n|-damage|p2a: Hesper|0 fnt\n|faint|p2a: Hesper\n|move|p2b: Scylla|Muddy Water|p1b: Rotom|[spread] p1a,p1b\n|-supereffective|p1a: Camerupt|2\n|-resisted|p1b: Rotom|1\n|-damage|p1a: Camerupt|28/100\n|-damage|p1b: Rotom|89/100\n|move|p1b: Rotom|Thunderbolt|p2b: Scylla\n|-supereffective|p2b: Scylla|1\n|-damage|p2b: Scylla|0 fnt\n|faint|p2b: Scylla\n|\n|-weather|SunnyDay|[upkeep]\n|upkeep\n|\n|t:|1776398953\n|switch|p2b: Tsareena|Tsareena, L50, F, shiny|100/100\n|switch|p2a: Bonnie|Lopunny, L50, F, shiny|100/100\n|turn|5\n|inactive|molecctecc has 30 seconds left.\n|inactive|StarStorm295 has 30 seconds left.\n|inactive|StarStorm295 has 20 seconds left.\n|inactive|molecctecc has 20 seconds left.\n|\n|t:|1776399000\n|detailschange|p2a: Bonnie|Lopunny-Mega, L50, F, shiny\n|-mega|p2a: Bonnie|Lopunny|Lopunnite\n|move|p1b: Rotom|Protect|p1b: Rotom\n|-singleturn|p1b: Rotom|Protect\n|move|p2a: Bonnie|Fake Out|p1a: Camerupt\n|-damage|p1a: Camerupt|6/100\n|cant|p1a: Camerupt|flinch\n|move|p2b: Tsareena|Fling|p1b: Rotom\n|-activate|p1b: Rotom|move: Protect\n|-enditem|p2b: Tsareena|King's Rock|[from] move: Fling\n|\n|-weather|SunnyDay|[upkeep]\n|-fieldend|move: Trick Room\n|upkeep\n|turn|6\n|inactive|molecctecc has 30 seconds left.\n|inactive|molecctecc has 20 seconds left.\n|inactive|molecctecc has 15 seconds left.\n|\n|t:|1776399040\n|move|p2a: Bonnie|Encore|p1b: Rotom\n|-start|p1b: Rotom|Encore\n|move|p1b: Rotom|Protect||[still]\n|-fail|p1b: Rotom\n|move|p2b: Tsareena|Trop Kick|p1a: Camerupt\n|-damage|p1a: Camerupt|0 fnt\n|faint|p1a: Camerupt\n|\n|-weather|none\n|upkeep\n|\n|t:|1776399049\n|switch|p1a: Hatterene|Hatterene, L50, F, shiny|63/100\n|turn|7\n|\n|t:|1776399063\n|move|p1b: Rotom|Protect|p1b: Rotom\n|-singleturn|p1b: Rotom|Protect\n|move|p2a: Bonnie|Close Combat|p1a: Hatterene\n|-resisted|p1a: Hatterene|2\n|-damage|p1a: Hatterene|43/100\n|-unboost|p2a: Bonnie|def|1\n|-unboost|p2a: Bonnie|spd|1\n|move|p2b: Tsareena|Trop Kick|p1a: Hatterene\n|-damage|p1a: Hatterene|0 fnt\n|faint|p1a: Hatterene\n|\n|upkeep\n|turn|8\n|\n|t:|1776399084\n|move|p1b: Rotom|Protect||[still]\n|-fail|p1b: Rotom\n|move|p2a: Bonnie|Close Combat|p1b: Rotom\n|-damage|p1b: Rotom|0 fnt\n|-unboost|p2a: Bonnie|def|1\n|-unboost|p2a: Bonnie|spd|1\n|faint|p1b: Rotom\n|\n|win|StarStorm295\n|raw|molecctecc's rating: 1076 &rarr; <strong>1058</strong><br />(-18 for losing)\n|raw|StarStorm295's rating: 1130 &rarr; <strong>1151</strong><br />(+21 for winning)\n",
  "uploadtime": 1776399087,
  "views": 14,
  "formatid": "gen9championsvgc2026regma",
  "rating": 1058,
  "private": 0,
  "password": null
}