{
  "id": "gen9championsvgc2026regma-2582800419",
  "format": "[Gen 9 Champions] VGC 2026 Reg M-A",
  "players": [
    "Coconutticus",
    "itsmegreen"
  ],
  "log": "|j|\u2606Coconutticus\n|j|\u2606itsmegreen\n|t:|1776115088\n|gametype|doubles\n|player|p1|Coconutticus|ingo|1000\n|player|p2|itsmegreen|2|1041\n|gen|9\n|tier|[Gen 9 Champions] VGC 2026 Reg M-A\n|rated|\n|rule|Species Clause: Limit one of each Pok\u00e9mon\n|rule|Item Clause: Limit 1 of each item\n|clearpoke\n|poke|p1|Froslass, L50, F|\n|poke|p1|Glaceon, L50, M|\n|poke|p1|Abomasnow, L50, M|\n|poke|p1|Mamoswine, L50, F|\n|poke|p1|Vanilluxe, L50, M|\n|poke|p1|Hawlucha, L50, M|\n|poke|p2|Froslass, L50, F|\n|poke|p2|Orthworm, L50, F|\n|poke|p2|Garchomp, L50, F|\n|poke|p2|Incineroar, L50, M|\n|poke|p2|Basculegion, L50, M|\n|poke|p2|Rotom-Frost, L50|\n|teampreview|4\n|\n|t:|1776115108\n|teamsize|p1|4\n|teamsize|p2|4\n|start\n|switch|p1a: Hawlucha|Hawlucha, L50, M|100/100\n|switch|p1b: Vanilluxe|Vanilluxe, L50, M|100/100\n|switch|p2a: Orthworm|Orthworm, L50, F|100/100\n|switch|p2b: Garchomp|Garchomp, L50, F|100/100\n|-weather|Snowscape|[from] ability: Snow Warning|[of] p1b: Vanilluxe\n|turn|1\n|inactive|Battle timer is ON: inactive players will automatically lose when time's up. (requested by Coconutticus)\n|\n|t:|1776115138\n|switch|p1b: Glaceon|Glaceon, L50, M|100/100\n|detailschange|p1a: Hawlucha|Hawlucha-Mega, L50, M\n|-mega|p1a: Hawlucha|Hawlucha|Hawluchanite\n|move|p2b: Garchomp|Protect|p2b: Garchomp\n|-singleturn|p2b: Garchomp|Protect\n|move|p1a: Hawlucha|Baton Pass|p1a: Hawlucha\n|\n|t:|1776115147\n|switch|p1a: Vanilluxe|Vanilluxe, L50, M|100/100|[from] Baton Pass\n|move|p2a: Orthworm|Body Press|p1b: Glaceon\n|-supereffective|p1b: Glaceon|1\n|-damage|p1b: Glaceon|57/100\n|\n|-weather|Snowscape|[upkeep]\n|upkeep\n|turn|2\n|-activate|p1b: Glaceon|item: Quick Claw\n|\n|t:|1776115163\n|move|p1b: Glaceon|Blizzard|p2b: Garchomp|[spread] p2a,p2b\n|-resisted|p2a: Orthworm|1\n|-supereffective|p2b: Garchomp|2\n|-damage|p2a: Orthworm|65/100\n|-enditem|p2b: Garchomp|Focus Sash\n|-damage|p2b: Garchomp|1/100\n|move|p1a: Vanilluxe|Sheer Cold|p2a: Orthworm|[miss]\n|-miss|p1a: Vanilluxe|p2a: Orthworm\n|move|p2b: Garchomp|Rock Slide|p1a: Vanilluxe|[spread] p1a,p1b\n|-supereffective|p1a: Vanilluxe|1\n|-supereffective|p1b: Glaceon|1\n|-damage|p1a: Vanilluxe|59/100\n|-damage|p1b: Glaceon|29/100\n|move|p2a: Orthworm|Iron Defense|p2a: Orthworm\n|-boost|p2a: Orthworm|def|2\n|\n|-weather|Snowscape|[upkeep]\n|upkeep\n|turn|3\n|\n|t:|1776115183\n|move|p2b: Garchomp|Protect|p2b: Garchomp\n|-singleturn|p2b: Garchomp|Protect\n|move|p1a: Vanilluxe|Sheer Cold|p2a: Orthworm|[miss]\n|-miss|p1a: Vanilluxe|p2a: Orthworm\n|move|p2a: Orthworm|Body Press|p1a: Vanilluxe\n|-supereffective|p1a: Vanilluxe|1\n|-damage|p1a: Vanilluxe|0 fnt\n|faint|p1a: Vanilluxe\n|move|p1b: Glaceon|Blizzard|p2a: Orthworm|[spread] p2a\n|-activate|p2b: Garchomp|move: Protect\n|-resisted|p2a: Orthworm|1\n|-damage|p2a: Orthworm|26/100\n|-enditem|p2a: Orthworm|Sitrus Berry|[eat]\n|-heal|p2a: Orthworm|51/100|[from] item: Sitrus Berry\n|\n|-weather|Snowscape|[upkeep]\n|upkeep\n|\n|t:|1776115192\n|switch|p1a: Hawlucha|Hawlucha-Mega, L50, M|100/100\n|turn|4\n|\n|t:|1776115207\n|move|p1a: Hawlucha|Drain Punch|p2a: Orthworm\n|-supereffective|p2a: Orthworm|1\n|-damage|p2a: Orthworm|33/100\n|move|p2b: Garchomp|Rock Slide|p1a: Hawlucha|[spread] p1a,p1b\n|-supereffective|p1b: Glaceon|1\n|-damage|p1a: Hawlucha|78/100\n|-damage|p1b: Glaceon|0 fnt\n|faint|p1b: Glaceon\n|move|p2a: Orthworm|Body Press|p1a: Hawlucha\n|-resisted|p1a: Hawlucha|1\n|-damage|p1a: Hawlucha|45/100\n|\n|-weather|Snowscape|[upkeep]\n|upkeep\n|\n|t:|1776115214\n|switch|p1b: Abomasnow|Abomasnow, L50, M|100/100\n|turn|5\n|-message|Coconutticus forfeited.\n|\n|win|itsmegreen\n|raw|Coconutticus's rating: 1000 &rarr; <strong>1000</strong><br />(+0 for losing)\n|raw|itsmegreen's rating: 1041 &rarr; <strong>1071</strong><br />(+30 for winning)\n|l|\u2606Coconutticus\n|player|p1|\n",
  "uploadtime": 1776115227,
  "views": 12,
  "formatid": "gen9championsvgc2026regma",
  "rating": 1000,
  "private": 0,
  "password": null
}