{
  "id": "gen9championsvgc2026regma-2588084648",
  "format": "[Gen 9 Champions] VGC 2026 Reg M-A",
  "players": [
    "TwiddleStick",
    "23456789XB"
  ],
  "log": "|j|\u2606TwiddleStick\n|j|\u260623456789XB\n|t:|1776602488\n|gametype|doubles\n|player|p1|TwiddleStick|169|1094\n|player|p2|23456789XB|cynthia|1187\n|gen|9\n|tier|[Gen 9 Champions] VGC 2026 Reg M-A\n|rated|\n|rule|Species Clause: Limit one of each Pok\u00e9mon\n|rule|Item Clause: Limit 1 of each item\n|clearpoke\n|poke|p1|Aggron, L50, F|\n|poke|p1|Farigiraf, L50, M|\n|poke|p1|Tyranitar, L50, M|\n|poke|p1|Primarina, L50, F|\n|poke|p1|Garchomp, L50, M|\n|poke|p1|Sinistcha, L50|\n|poke|p2|Slowbro, L50, F|\n|poke|p2|Goodra-Hisui, L50, M|\n|poke|p2|Incineroar, L50, F|\n|poke|p2|Sinistcha, L50|\n|poke|p2|Sneasler, L50, F|\n|poke|p2|Rotom-Heat, L50|\n|teampreview|4\n|inactive|Battle timer is ON: inactive players will automatically lose when time's up. (requested by 23456789XB)\n|inactive|TwiddleStick has 60 seconds left.\n|\n|t:|1776602526\n|teamsize|p1|4\n|teamsize|p2|4\n|start\n|switch|p1a: Aggron|Aggron, L50, F|100/100\n|switch|p1b: Sinistcha|Sinistcha, L50|100/100\n|switch|p2a: Goodra|Goodra-Hisui, L50, M|100/100\n|switch|p2b: Wolfe bot|Incineroar, L50, F|100/100\n|-ability|p2b: Wolfe bot|Intimidate|boost\n|-unboost|p1a: Aggron|atk|1\n|-unboost|p1b: Sinistcha|atk|1\n|turn|1\n|inactive|TwiddleStick has 30 seconds left.\n|\n|t:|1776602551\n|detailschange|p1a: Aggron|Aggron-Mega, L50, F\n|-mega|p1a: Aggron|Aggron|Aggronite\n|move|p2b: Wolfe bot|Fake Out|p1a: Aggron\n|-resisted|p1a: Aggron|1\n|-damage|p1a: Aggron|98/100\n|move|p2a: Goodra|Shelter|p2a: Goodra\n|-boost|p2a: Goodra|def|2\n|cant|p1a: Aggron|flinch\n|move|p1b: Sinistcha|Trick Room|p1b: Sinistcha\n|-fieldstart|move: Trick Room|[of] p1b: Sinistcha\n|\n|upkeep\n|turn|2\n|inactive|TwiddleStick has 30 seconds left.\n|\n|t:|1776602578\n|switch|p1b: Primarina|Primarina, L50, F|100/100\n|move|p1a: Aggron|Iron Defense|p1a: Aggron\n|-boost|p1a: Aggron|def|2\n|move|p2a: Goodra|Body Press|p1a: Aggron\n|-supereffective|p1a: Aggron|1\n|-damage|p1a: Aggron|82/100\n|move|p2b: Wolfe bot|Parting Shot|p1a: Aggron\n|-unboost|p1a: Aggron|atk|1\n|-unboost|p1a: Aggron|spa|1\n|\n|t:|1776602585\n|switch|p2b: Slowvro|Slowbro, L50, F|100/100|[from] Parting Shot\n|\n|upkeep\n|turn|3\n|\n|t:|1776602603\n|detailschange|p2b: Slowvro|Slowbro-Mega, L50, F\n|-mega|p2b: Slowvro|Slowbro|Slowbronite\n|move|p2b: Slowvro|Calm Mind|p2b: Slowvro\n|-boost|p2b: Slowvro|spa|1\n|-boost|p2b: Slowvro|spd|1\n|move|p1a: Aggron|Iron Defense|p1a: Aggron\n|-boost|p1a: Aggron|def|2\n|move|p1b: Primarina|Calm Mind|p1b: Primarina\n|-boost|p1b: Primarina|spa|1\n|-boost|p1b: Primarina|spd|1\n|move|p2a: Goodra|Iron Head|p1b: Primarina\n|-damage|p1b: Primarina|65/100\n|\n|upkeep\n|turn|4\n|inactive|TwiddleStick has 30 seconds left.\n|\n|t:|1776602630\n|move|p2b: Slowvro|Scald|p1a: Aggron\n|-damage|p1a: Aggron|24/100\n|move|p1a: Aggron|Body Press|p2a: Goodra\n|-supereffective|p2a: Goodra|1\n|-damage|p2a: Goodra|11/100\n|move|p2a: Goodra|Iron Head|p1b: Primarina\n|-damage|p1b: Primarina|34/100\n|cant|p1b: Primarina|flinch\n|\n|-heal|p2a: Goodra|17/100|[from] item: Leftovers\n|upkeep\n|turn|5\n|\n|t:|1776602652\n|move|p1a: Aggron|Protect|p1a: Aggron\n|-singleturn|p1a: Aggron|Protect\n|move|p2b: Slowvro|Scald|p1a: Aggron\n|-activate|p1a: Aggron|move: Protect\n|move|p2a: Goodra|Iron Head|p1b: Primarina\n|-damage|p1b: Primarina|0 fnt\n|faint|p1b: Primarina\n|\n|-heal|p2a: Goodra|22/100|[from] item: Leftovers\n|-fieldend|move: Trick Room\n|upkeep\n|\n|t:|1776602665\n|switch|p1b: Sinistcha|Sinistcha, L50|100/100\n|-heal|p1a: Aggron|49/100|[from] ability: Hospitality|[of] p1b: Sinistcha\n|turn|6\n|\n|t:|1776602685\n|move|p1b: Sinistcha|Rage Powder|p1b: Sinistcha\n|-singleturn|p1b: Sinistcha|move: Rage Powder\n|move|p2a: Goodra|Iron Head|p1b: Sinistcha\n|-damage|p1b: Sinistcha|76/100\n|move|p1a: Aggron|Body Press|p2a: Goodra\n|-supereffective|p2a: Goodra|1\n|-damage|p2a: Goodra|0 fnt\n|faint|p2a: Goodra\n|move|p2b: Slowvro|Scald|p1b: Sinistcha\n|-resisted|p1b: Sinistcha|1\n|-damage|p1b: Sinistcha|49/100\n|-enditem|p1b: Sinistcha|Sitrus Berry|[eat]\n|-heal|p1b: Sinistcha|74/100|[from] item: Sitrus Berry\n|\n|upkeep\n|\n|t:|1776602697\n|switch|p2a: Wolfe bot|Incineroar, L50, F|100/100\n|-ability|p2a: Wolfe bot|Intimidate|boost\n|-unboost|p1a: Aggron|atk|1\n|-unboost|p1b: Sinistcha|atk|1\n|turn|7\n|\n|t:|1776602716\n|switch|p1b: Farigiraf|Farigiraf, L50, M|100/100\n|move|p1a: Aggron|Protect|p1a: Aggron\n|-singleturn|p1a: Aggron|Protect\n|move|p2a: Wolfe bot|Flare Blitz|p1b: Farigiraf\n|-damage|p1b: Farigiraf|62/100\n|-damage|p2a: Wolfe bot|88/100|[from] Recoil\n|move|p2b: Slowvro|Scald|p1a: Aggron\n|-activate|p1a: Aggron|move: Protect\n|\n|upkeep\n|turn|8\n|inactive|TwiddleStick has 30 seconds left.\n|inactive|TwiddleStick has 20 seconds left.\n|\n|t:|1776602755\n|switch|p1b: Sinistcha|Sinistcha, L50|74/100\n|-heal|p1a: Aggron|74/100|[from] ability: Hospitality|[of] p1b: Sinistcha\n|move|p2a: Wolfe bot|Throat Chop|p1b: Sinistcha\n|-supereffective|p1b: Sinistcha|1\n|-damage|p1b: Sinistcha|16/100\n|-start|p1b: Sinistcha|Throat Chop|[silent]\n|move|p1a: Aggron|Body Press|p2b: Slowvro\n|-resisted|p2b: Slowvro|1\n|-damage|p2b: Slowvro|69/100\n|move|p2b: Slowvro|Scald|p1a: Aggron\n|-damage|p1a: Aggron|16/100\n|-status|p1a: Aggron|brn\n|\n|-damage|p1a: Aggron|10/100 brn|[from] brn\n|upkeep\n|turn|9\n|\n|t:|1776602775\n|switch|p2a: Health pack|Sinistcha, L50|100/100\n|-heal|p2b: Slowvro|94/100|[from] ability: Hospitality|[of] p2a: Health pack\n|move|p1b: Sinistcha|Matcha Gotcha|p2b: Slowvro|[spread] p2a,p2b\n|-resisted|p2a: Health pack|1\n|-supereffective|p2b: Slowvro|1\n|-damage|p2a: Health pack|90/100\n|-heal|p1b: Sinistcha|21/100|[from] drain|[of] p2a: Health pack\n|-damage|p2b: Slowvro|64/100\n|-heal|p1b: Sinistcha|38/100|[from] drain|[of] p2b: Slowvro\n|-status|p2a: Health pack|brn\n|move|p1a: Aggron|Body Press|p2a: Health pack\n|-immune|p2a: Health pack\n|move|p2b: Slowvro|Psychic|p1b: Sinistcha\n|-damage|p1b: Sinistcha|0 fnt\n|faint|p1b: Sinistcha\n|\n|-damage|p2a: Health pack|84/100 brn|[from] brn\n|-damage|p1a: Aggron|4/100 brn|[from] brn\n|upkeep\n|\n|t:|1776602798\n|switch|p1b: Farigiraf|Farigiraf, L50, M|62/100\n|turn|10\n|\n|t:|1776602815\n|move|p2a: Health pack|Rage Powder|p2a: Health pack\n|-singleturn|p2a: Health pack|move: Rage Powder\n|move|p1b: Farigiraf|Psychic|p2a: Health pack\n|-damage|p2a: Health pack|49/100 brn\n|move|p1a: Aggron|Heavy Slam|p2a: Health pack\n|-damage|p2a: Health pack|39/100 brn\n|move|p2b: Slowvro|Scald|p1b: Farigiraf\n|-damage|p1b: Farigiraf|5/100\n|\n|-damage|p2a: Health pack|33/100 brn|[from] brn\n|-damage|p1a: Aggron|0 fnt|[from] brn\n|faint|p1a: Aggron\n|upkeep\n|turn|11\n|inactive|TwiddleStick has 30 seconds left.\n|inactive|TwiddleStick has 20 seconds left.\n|inactive|TwiddleStick has 15 seconds left.\n|inactive|TwiddleStick has 10 seconds left.\n|inactive|TwiddleStick has 5 seconds left.\n|\n|t:|1776602870\n|move|p2a: Health pack|Matcha Gotcha|p1b: Farigiraf\n|-damage|p1b: Farigiraf|0 fnt\n|-heal|p2a: Health pack|35/100 brn|[from] drain|[of] p1b: Farigiraf\n|faint|p1b: Farigiraf\n|\n|win|23456789XB\n|raw|TwiddleStick's rating: 1094 &rarr; <strong>1076</strong><br />(-18 for losing)\n|raw|23456789XB's rating: 1187 &rarr; <strong>1205</strong><br />(+18 for winning)\n|l|\u2606TwiddleStick\n|player|p1|\n",
  "uploadtime": 1776602876,
  "views": 13,
  "formatid": "gen9championsvgc2026regma",
  "rating": 1076,
  "private": 0,
  "password": null
}