{
  "id": "gen9championsvgc2026regma-2587941582",
  "format": "[Gen 9 Champions] VGC 2026 Reg M-A",
  "players": [
    "Veltrii",
    "brojonski"
  ],
  "log": "|j|\u2606Veltrii\n|j|\u2606brojonski\n|t:|1776582306\n|gametype|doubles\n|player|p1|Veltrii|serena-masters|1201\n|player|p2|brojonski|brock|1251\n|gen|9\n|tier|[Gen 9 Champions] VGC 2026 Reg M-A\n|rated|\n|rule|Species Clause: Limit one of each Pok\u00e9mon\n|rule|Item Clause: Limit 1 of each item\n|clearpoke\n|poke|p1|Meganium, L50, F|\n|poke|p1|Noivern, L50, M|\n|poke|p1|Whimsicott, L50, F|\n|poke|p1|Typhlosion-Hisui, L50, M|\n|poke|p1|Arcanine-Hisui, L50, M|\n|poke|p1|Tauros-Paldea-Aqua, L50, M|\n|poke|p2|Kommo-o, L50, F|\n|poke|p2|Gengar, L50, F|\n|poke|p2|Tyranitar, L50, M|\n|poke|p2|Incineroar, L50, F|\n|poke|p2|Sinistcha, L50|\n|poke|p2|Excadrill, L50, M|\n|teampreview|4\n|inactive|Battle timer is ON: inactive players will automatically lose when time's up. (requested by brojonski)\n|inactive|brojonski has 60 seconds left.\n|\n|t:|1776582349\n|teamsize|p1|4\n|teamsize|p2|4\n|start\n|switch|p1a: Typhlosion|Typhlosion-Hisui, L50, M|100/100\n|switch|p1b: Tauros|Tauros-Paldea-Aqua, L50, M|100/100\n|switch|p2a: Kommo-o|Kommo-o, L50, F|100/100\n|switch|p2b: Gengar|Gengar, L50, F|100/100\n|-ability|p1b: Tauros|Intimidate|boost\n|-unboost|p2a: Kommo-o|atk|1\n|-unboost|p2b: Gengar|atk|1\n|turn|1\n|inactive|brojonski has 30 seconds left.\n|\n|t:|1776582382\n|detailschange|p2b: Gengar|Gengar-Mega, L50, F\n|-mega|p2b: Gengar|Gengar|Gengarite\n|move|p2b: Gengar|Protect|p2b: Gengar\n|-singleturn|p2b: Gengar|Protect\n|move|p1a: Typhlosion|Shadow Ball|p2b: Gengar\n|-activate|p2b: Gengar|move: Protect\n|move|p1b: Tauros|Close Combat|p2a: Kommo-o\n|-damage|p2a: Kommo-o|46/100\n|-unboost|p1b: Tauros|def|1\n|-unboost|p1b: Tauros|spd|1\n|-enditem|p1b: Tauros|White Herb\n|-clearnegativeboost|p1b: Tauros|[silent]\n|move|p2a: Kommo-o|Clangorous Soul|p2a: Kommo-o\n|-boost|p2a: Kommo-o|atk|1\n|-boost|p2a: Kommo-o|def|1\n|-boost|p2a: Kommo-o|spa|1\n|-boost|p2a: Kommo-o|spd|1\n|-boost|p2a: Kommo-o|spe|1\n|-damage|p2a: Kommo-o|13/100\n|\n|-heal|p2a: Kommo-o|19/100|[from] item: Leftovers\n|upkeep\n|turn|2\n|inactive|Veltrii has 30 seconds left.\n|inactive|brojonski has 30 seconds left.\n|\n|t:|1776582410\n|switch|p2b: Tyranitar|Tyranitar, L50, M|100/100\n|-weather|Sandstorm|[from] ability: Sand Stream|[of] p2b: Tyranitar\n|move|p2a: Kommo-o|Protect|p2a: Kommo-o\n|-singleturn|p2a: Kommo-o|Protect\n|move|p1a: Typhlosion|Shadow Ball|p2b: Tyranitar\n|-resisted|p2b: Tyranitar|1\n|-damage|p2b: Tyranitar|87/100\n|move|p1b: Tauros|Close Combat|p2a: Kommo-o\n|-activate|p2a: Kommo-o|move: Protect\n|\n|-weather|Sandstorm|[upkeep]\n|-damage|p1a: Typhlosion|94/100|[from] Sandstorm\n|-damage|p2a: Kommo-o|13/100|[from] Sandstorm\n|-damage|p1b: Tauros|94/100|[from] Sandstorm\n|-heal|p2a: Kommo-o|19/100|[from] item: Leftovers\n|upkeep\n|turn|3\n|inactive|brojonski has 30 seconds left.\n|\n|t:|1776582445\n|switch|p1a: Whimsicott|Whimsicott, L50, F|100/100\n|move|p1b: Tauros|Protect|p1b: Tauros\n|-singleturn|p1b: Tauros|Protect\n|move|p2a: Kommo-o|Clanging Scales|p1a: Whimsicott|[spread] \n|-activate|p1b: Tauros|move: Protect\n|-immune|p1a: Whimsicott\n|move|p2b: Tyranitar|Stone Edge|p1a: Whimsicott\n|-damage|p1a: Whimsicott|23/100\n|\n|-weather|Sandstorm|[upkeep]\n|-damage|p2a: Kommo-o|13/100|[from] Sandstorm\n|-damage|p1a: Whimsicott|17/100|[from] Sandstorm\n|-damage|p1b: Tauros|88/100|[from] Sandstorm\n|-heal|p2a: Kommo-o|19/100|[from] item: Leftovers\n|upkeep\n|turn|4\n|inactive|brojonski has 30 seconds left.\n|\n|t:|1776582471\n|move|p1a: Whimsicott|Tailwind|p1a: Whimsicott\n|-sidestart|p1: Veltrii|move: Tailwind\n|move|p1b: Tauros|Close Combat|p2b: Tyranitar\n|-supereffective|p2b: Tyranitar|2\n|-damage|p2b: Tyranitar|0 fnt\n|-unboost|p1b: Tauros|def|1\n|-unboost|p1b: Tauros|spd|1\n|faint|p2b: Tyranitar\n|move|p2a: Kommo-o|Clanging Scales|p1a: Whimsicott|[spread] p1b\n|-immune|p1a: Whimsicott\n|-damage|p1b: Tauros|0 fnt\n|faint|p1b: Tauros\n|-unboost|p2a: Kommo-o|def|1\n|\n|-weather|Sandstorm|[upkeep]\n|-damage|p1a: Whimsicott|11/100|[from] Sandstorm\n|-damage|p2a: Kommo-o|13/100|[from] Sandstorm\n|-heal|p2a: Kommo-o|19/100|[from] item: Leftovers\n|upkeep\n|\n|t:|1776582493\n|switch|p1b: Typhlosion|Typhlosion-Hisui, L50, M|94/100\n|switch|p2b: Gengar|Gengar-Mega, L50, F|100/100\n|turn|5\n|\n|t:|1776582501\n|switch|p2a: Excadrill|Excadrill, L50, M|100/100\n|move|p2b: Gengar|Protect|p2b: Gengar\n|-singleturn|p2b: Gengar|Protect\n|move|p1b: Typhlosion|Shadow Ball|p2b: Gengar\n|-activate|p2b: Gengar|move: Protect\n|move|p1a: Whimsicott|Moonblast|p2a: Excadrill\n|-resisted|p2a: Excadrill|1\n|-damage|p2a: Excadrill|78/100\n|\n|-weather|Sandstorm|[upkeep]\n|-damage|p1b: Typhlosion|88/100|[from] Sandstorm\n|-damage|p1a: Whimsicott|5/100|[from] Sandstorm\n|-damage|p2b: Gengar|94/100|[from] Sandstorm\n|upkeep\n|turn|6\n|\n|t:|1776582523\n|switch|p2b: Kommo-o|Kommo-o, L50, F|19/100\n|move|p1a: Whimsicott|Protect|p1a: Whimsicott\n|-singleturn|p1a: Whimsicott|Protect\n|move|p1b: Typhlosion|Shadow Ball|p2b: Kommo-o\n|-damage|p2b: Kommo-o|0 fnt\n|faint|p2b: Kommo-o\n|move|p2a: Excadrill|High Horsepower|p1b: Typhlosion\n|-supereffective|p1b: Typhlosion|1\n|-damage|p1b: Typhlosion|0 fnt\n|faint|p1b: Typhlosion\n|\n|-weather|none\n|upkeep\n|\n|t:|1776582535\n|switch|p1b: Meganium|Meganium, L50, F|100/100\n|switch|p2b: Gengar|Gengar-Mega, L50, F|94/100\n|turn|7\n|\n|t:|1776582559\n|detailschange|p1b: Meganium|Meganium-Mega, L50, F\n|-mega|p1b: Meganium|Meganium|Meganiumite\n|move|p2a: Excadrill|Protect|p2a: Excadrill\n|-singleturn|p2a: Excadrill|Protect\n|move|p1a: Whimsicott|Moonblast|p2b: Gengar\n|-resisted|p2b: Gengar|1\n|-damage|p2b: Gengar|72/100\n|move|p1b: Meganium|Weather Ball|p2b: Gengar\n|-damage|p2b: Gengar|0 fnt\n|faint|p2b: Gengar\n|\n|-sideend|p1: Veltrii|move: Tailwind\n|upkeep\n|turn|8\n|\n|t:|1776582574\n|move|p1a: Whimsicott|Tailwind|p1a: Whimsicott\n|-sidestart|p1: Veltrii|move: Tailwind\n|move|p1b: Meganium|Weather Ball|p2a: Excadrill\n|-supereffective|p2a: Excadrill|1\n|-damage|p2a: Excadrill|0 fnt\n|faint|p2a: Excadrill\n|\n|win|Veltrii\n|raw|Veltrii's rating: 1201 &rarr; <strong>1230</strong><br />(+29 for winning)\n|raw|brojonski's rating: 1251 &rarr; <strong>1222</strong><br />(-29 for losing)\n",
  "uploadtime": 1776582582,
  "views": 17,
  "formatid": "gen9championsvgc2026regma",
  "rating": 1222,
  "private": 0,
  "password": null
}