{
  "id": "gen9championsvgc2026regma-2587713519",
  "format": "[Gen 9 Champions] VGC 2026 Reg M-A",
  "players": [
    "MysticalHippo",
    "uao"
  ],
  "log": "|j|\u2606MysticalHippo\n|j|\u2606uao\n|t:|1776556539\n|gametype|doubles\n|player|p1|MysticalHippo|ethan|1195\n|player|p2|uao|palmer|1193\n|gen|9\n|tier|[Gen 9 Champions] VGC 2026 Reg M-A\n|rated|\n|rule|Species Clause: Limit one of each Pok\u00e9mon\n|rule|Item Clause: Limit 1 of each item\n|clearpoke\n|poke|p1|Meganium, L50, F|\n|poke|p1|Tyranitar, L50, M, shiny|\n|poke|p1|Excadrill, L50, M|\n|poke|p1|Aerodactyl, L50, F|\n|poke|p1|Milotic, L50, F|\n|poke|p1|Sinistcha-Masterpiece, L50|\n|poke|p2|Excadrill, L50, F|\n|poke|p2|Gardevoir, L50, F|\n|poke|p2|Gyarados, L50, F, shiny|\n|poke|p2|Sinistcha, L50, shiny|\n|poke|p2|Tyranitar, L50, M|\n|poke|p2|Rotom-Heat, L50|\n|teampreview|4\n|inactive|Battle timer is ON: inactive players will automatically lose when time's up. (requested by uao)\n|\n|t:|1776556594\n|teamsize|p1|4\n|teamsize|p2|4\n|start\n|switch|p1a: Milotic|Milotic, L50, F|100/100\n|switch|p1b: Excadrill|Excadrill, L50, M|100/100\n|switch|p2a: Gyarados|Gyarados, L50, F, shiny|100/100\n|switch|p2b: Tyranitar|Tyranitar, L50, M|100/100\n|-weather|Sandstorm|[from] ability: Sand Stream|[of] p2b: Tyranitar\n|-ability|p2a: Gyarados|Intimidate|boost\n|-unboost|p1a: Milotic|atk|1\n|-ability|p1a: Milotic|Competitive|boost\n|-boost|p1a: Milotic|spa|2\n|-unboost|p1b: Excadrill|atk|1\n|turn|1\n|inactive|uao has 30 seconds left.\n|\n|t:|1776556624\n|move|p2b: Tyranitar|Protect|p2b: Tyranitar\n|-singleturn|p2b: Tyranitar|Protect\n|move|p1b: Excadrill|Rock Slide|p2a: Gyarados|[spread] p2a\n|-activate|p2b: Tyranitar|move: Protect\n|-supereffective|p2a: Gyarados|1\n|-damage|p2a: Gyarados|76/100\n|cant|p2a: Gyarados|flinch\n|move|p1a: Milotic|Scald|p2b: Tyranitar\n|-activate|p2b: Tyranitar|move: Protect\n|\n|-weather|Sandstorm|[upkeep]\n|-damage|p2a: Gyarados|70/100|[from] Sandstorm\n|-damage|p1a: Milotic|95/100|[from] Sandstorm\n|-heal|p2a: Gyarados|76/100|[from] item: Leftovers\n|-heal|p1a: Milotic|100/100|[from] item: Leftovers\n|upkeep\n|turn|2\n|\n|t:|1776556646\n|switch|p2b: Sinistcha|Sinistcha, L50, shiny|100/100\n|-heal|p2a: Gyarados|100/100|[from] ability: Hospitality|[of] p2b: Sinistcha\n|move|p1b: Excadrill|Rock Slide|p2a: Gyarados|[spread] p2a,p2b\n|-supereffective|p2a: Gyarados|1\n|-damage|p2a: Gyarados|77/100\n|-damage|p2b: Sinistcha|89/100\n|cant|p2a: Gyarados|flinch\n|move|p1a: Milotic|Scald|p2b: Sinistcha\n|-resisted|p2b: Sinistcha|1\n|-damage|p2b: Sinistcha|54/100\n|\n|-weather|Sandstorm|[upkeep]\n|-damage|p2a: Gyarados|71/100|[from] Sandstorm\n|-damage|p1a: Milotic|95/100|[from] Sandstorm\n|-damage|p2b: Sinistcha|48/100|[from] Sandstorm\n|-enditem|p2b: Sinistcha|Sitrus Berry|[eat]\n|-heal|p2b: Sinistcha|72/100|[from] item: Sitrus Berry\n|-heal|p2a: Gyarados|77/100|[from] item: Leftovers\n|-heal|p1a: Milotic|100/100|[from] item: Leftovers\n|upkeep\n|turn|3\n|inactive|uao has 30 seconds left.\n|inactive|uao has 20 seconds left.\n|\n|t:|1776556682\n|switch|p1b: Meganium|Meganium, L50, F|100/100\n|move|p2a: Gyarados|Thunder Wave|p1a: Milotic\n|-status|p1a: Milotic|par\n|move|p2b: Sinistcha|Matcha Gotcha|p1a: Milotic|[spread] p1a,p1b\n|-supereffective|p1a: Milotic|1\n|-resisted|p1b: Meganium|1\n|-damage|p1a: Milotic|62/100 par\n|-heal|p2b: Sinistcha|94/100|[from] drain|[of] p1a: Milotic\n|-damage|p1b: Meganium|88/100\n|-heal|p2b: Sinistcha|100/100|[from] drain|[of] p1b: Meganium\n|move|p1a: Milotic|Ice Beam|p2b: Sinistcha\n|-supereffective|p2b: Sinistcha|1\n|-damage|p2b: Sinistcha|0 fnt\n|faint|p2b: Sinistcha\n|\n|-weather|Sandstorm|[upkeep]\n|-damage|p2a: Gyarados|71/100|[from] Sandstorm\n|-damage|p1b: Meganium|82/100|[from] Sandstorm\n|-damage|p1a: Milotic|56/100 par|[from] Sandstorm\n|-heal|p2a: Gyarados|77/100|[from] item: Leftovers\n|-heal|p1a: Milotic|62/100 par|[from] item: Leftovers\n|upkeep\n|\n|t:|1776556704\n|switch|p2b: Excadrill|Excadrill, L50, F|100/100\n|turn|4\n|\n|t:|1776556721\n|move|p2b: Excadrill|Protect|p2b: Excadrill\n|-singleturn|p2b: Excadrill|Protect\n|move|p1b: Meganium|Protect|p1b: Meganium\n|-singleturn|p1b: Meganium|Protect\n|move|p2a: Gyarados|Waterfall|p1a: Milotic\n|-resisted|p1a: Milotic|1\n|-damage|p1a: Milotic|44/100 par\n|move|p1a: Milotic|Substitute|p1a: Milotic\n|-start|p1a: Milotic|Substitute\n|-damage|p1a: Milotic|19/100 par\n|\n|-weather|Sandstorm|[upkeep]\n|-damage|p2a: Gyarados|71/100|[from] Sandstorm\n|-damage|p1b: Meganium|76/100|[from] Sandstorm\n|-damage|p1a: Milotic|13/100 par|[from] Sandstorm\n|-heal|p2a: Gyarados|77/100|[from] item: Leftovers\n|-heal|p1a: Milotic|19/100 par|[from] item: Leftovers\n|upkeep\n|turn|5\n|\n|t:|1776556744\n|switch|p1b: Excadrill|Excadrill, L50, M|100/100\n|move|p1a: Milotic|Protect|p1a: Milotic\n|-singleturn|p1a: Milotic|Protect\n|move|p2b: Excadrill|Earthquake|p1a: Milotic|[spread] p1b\n|-activate|p1a: Milotic|move: Protect\n|-immune|p2a: Gyarados\n|-supereffective|p1b: Excadrill|1\n|-damage|p1b: Excadrill|0 fnt\n|faint|p1b: Excadrill\n|move|p2a: Gyarados|Thunder Wave|p1a: Milotic\n|-activate|p1a: Milotic|move: Protect\n|\n|-weather|none\n|-heal|p2a: Gyarados|83/100|[from] item: Leftovers\n|-heal|p1a: Milotic|25/100 par|[from] item: Leftovers\n|upkeep\n|\n|t:|1776556763\n|switch|p1b: Tyranitar|Tyranitar, L50, M, shiny|100/100\n|-weather|Sandstorm|[from] ability: Sand Stream|[of] p1b: Tyranitar\n|turn|6\n|inactive|uao has 30 seconds left.\n|\n|t:|1776556794\n|switch|p1b: Meganium|Meganium, L50, F|76/100\n|move|p2b: Excadrill|Protect|p2b: Excadrill\n|-singleturn|p2b: Excadrill|Protect\n|move|p2a: Gyarados|Waterfall|p1a: Milotic\n|-resisted|p1a: Milotic|1\n|-activate|p1a: Milotic|move: Substitute|[damage]\n|move|p1a: Milotic|Scald|p2b: Excadrill\n|-activate|p2b: Excadrill|move: Protect\n|\n|-weather|Sandstorm|[upkeep]\n|-damage|p2a: Gyarados|77/100|[from] Sandstorm\n|-damage|p1b: Meganium|70/100|[from] Sandstorm\n|-damage|p1a: Milotic|19/100 par|[from] Sandstorm\n|-heal|p2a: Gyarados|83/100|[from] item: Leftovers\n|-heal|p1a: Milotic|25/100 par|[from] item: Leftovers\n|upkeep\n|turn|7\n|inactive|MysticalHippo has 30 seconds left.\n|inactive|MysticalHippo has 20 seconds left.\n|inactive|MysticalHippo has 15 seconds left.\n|inactive|MysticalHippo has 10 seconds left.\n|\n|t:|1776556840\n|detailschange|p1b: Meganium|Meganium-Mega, L50, F\n|-mega|p1b: Meganium|Meganium|Meganiumite\n|move|p2b: Excadrill|Iron Head|p1b: Meganium\n|-supereffective|p1b: Meganium|1\n|-damage|p1b: Meganium|0 fnt\n|faint|p1b: Meganium\n|move|p2a: Gyarados|Waterfall|p1a: Milotic\n|-resisted|p1a: Milotic|1\n|-end|p1a: Milotic|Substitute\n|move|p1a: Milotic|Scald|p2b: Excadrill\n|-supereffective|p2b: Excadrill|1\n|-enditem|p2b: Excadrill|Focus Sash\n|-damage|p2b: Excadrill|1/100\n|-status|p2b: Excadrill|brn\n|\n|-weather|Sandstorm|[upkeep]\n|-damage|p2a: Gyarados|77/100|[from] Sandstorm\n|-damage|p1a: Milotic|19/100 par|[from] Sandstorm\n|-heal|p2a: Gyarados|83/100|[from] item: Leftovers\n|-heal|p1a: Milotic|25/100 par|[from] item: Leftovers\n|-damage|p2b: Excadrill|0 fnt|[from] brn\n|faint|p2b: Excadrill\n|upkeep\n|\n|t:|1776556857\n|switch|p2b: Tyranitar|Tyranitar, L50, M|100/100\n|switch|p1b: Tyranitar|Tyranitar, L50, M, shiny|100/100\n|turn|8\n|inactive|MysticalHippo has 30 seconds left.\n|inactive|uao has 30 seconds left.\n|inactive|MysticalHippo has 20 seconds left.\n|inactive|uao has 20 seconds left.\n|inactive|MysticalHippo has 15 seconds left.\n|inactive|uao has 15 seconds left.\n|inactive|MysticalHippo has 10 seconds left.\n|inactive|uao has 10 seconds left.\n|inactive|MysticalHippo has 5 seconds left.\n|\n|t:|1776556911\n|detailschange|p2b: Tyranitar|Tyranitar-Mega, L50, M\n|-mega|p2b: Tyranitar|Tyranitar|Tyranitarite\n|move|p2b: Tyranitar|Crunch|p1a: Milotic\n|-damage|p1a: Milotic|0 fnt\n|faint|p1a: Milotic\n|move|p2a: Gyarados|Thunder Wave|p1b: Tyranitar\n|-status|p1b: Tyranitar|par\n|cant|p1b: Tyranitar|par\n|\n|-weather|Sandstorm|[upkeep]\n|-damage|p2a: Gyarados|77/100|[from] Sandstorm\n|-heal|p2a: Gyarados|83/100|[from] item: Leftovers\n|upkeep\n|turn|9\n|-message|MysticalHippo forfeited.\n|\n|win|uao\n|raw|MysticalHippo's rating: 1195 &rarr; <strong>1170</strong><br />(-25 for losing)\n|raw|uao's rating: 1193 &rarr; <strong>1218</strong><br />(+25 for winning)\n|l|\u2606MysticalHippo\n|player|p1|\n",
  "uploadtime": 1776557094,
  "views": 20,
  "formatid": "gen9championsvgc2026regma",
  "rating": 1170,
  "private": 0,
  "password": null
}