{
  "id": "gen9championsvgc2026regma-2584892394",
  "format": "[Gen 9 Champions] VGC 2026 Reg M-A",
  "players": [
    "FallenJedi97",
    "lSuis"
  ],
  "log": "|j|\u2606FallenJedi97\n|j|\u2606lSuis\n|t:|1776292107\n|gametype|doubles\n|player|p1|FallenJedi97|blaine|1077\n|player|p2|lSuis|clerk|1103\n|gen|9\n|tier|[Gen 9 Champions] VGC 2026 Reg M-A\n|rated|\n|rule|Species Clause: Limit one of each Pok\u00e9mon\n|rule|Item Clause: Limit 1 of each item\n|clearpoke\n|poke|p1|Aggron, L50, M|\n|poke|p1|Zoroark-Hisui, L50, M|\n|poke|p1|Araquanid, L50, F|\n|poke|p1|Arcanine-Hisui, L50, M|\n|poke|p1|Sinistcha, L50|\n|poke|p1|Hatterene, L50, F|\n|poke|p2|Gengar, L50, M|\n|poke|p2|Sableye, L50, M|\n|poke|p2|Garchomp, L50, M|\n|poke|p2|Aerodactyl, L50, M|\n|poke|p2|Sneasler, L50, M|\n|poke|p2|Milotic, L50, F|\n|teampreview|4\nFallenJedi97 rejected open team sheets.\n|inactive|Battle timer is ON: inactive players will automatically lose when time's up. (requested by FallenJedi97)\n|inactive|FallenJedi97 has 60 seconds left.\n|inactive|lSuis has 60 seconds left.\n|\n|t:|1776292164\n|teamsize|p1|4\n|teamsize|p2|4\n|start\n|switch|p1a: Araquanid|Araquanid, L50, F|100/100\n|switch|p1b: Hatterene|Hatterene, L50, F|100/100\n|switch|p2a: Aerodactyl|Aerodactyl, L50, M, shiny|100/100\n|switch|p2b: Sneasler|Sneasler, L50, M, shiny|100/100\n|-ability|p2a: Aerodactyl|Unnerve\n|turn|1\n|\n|t:|1776292183\n|move|p2b: Sneasler|Fake Out|p1b: Hatterene\n|-immune|p1b: Hatterene\n|move|p1a: Araquanid|Wide Guard|p1a: Araquanid\n|-singleturn|p1a: Araquanid|Wide Guard\n|move|p2a: Aerodactyl|Rock Slide|p1b: Hatterene|[spread] \n|-activate|p1a: Araquanid|move: Wide Guard\n|-activate|p1b: Hatterene|move: Wide Guard\n|move|p1b: Hatterene|Psychic|p2b: Sneasler\n|-supereffective|p2b: Sneasler|2\n|-damage|p2b: Sneasler|0 fnt\n|faint|p2b: Sneasler\n|\n|upkeep\n|\n|t:|1776292194\n|switch|p2b: Sableye|Sableye, L50, M, shiny|100/100\n|turn|2\n|inactive|FallenJedi97 has 30 seconds left.\n|inactive|FallenJedi97 has 20 seconds left.\n|\n|t:|1776292231\n|move|p1a: Araquanid|Protect||[still]\n|-fail|p1a: Araquanid\n|move|p2b: Sableye|Disable|p1a: Araquanid\n|-start|p1a: Araquanid|Disable|Protect\n|move|p2a: Aerodactyl|Tailwind|p2a: Aerodactyl\n|-sidestart|p2: lSuis|move: Tailwind\n|move|p1b: Hatterene|Bitter Malice|p2a: Aerodactyl\n|-crit|p2a: Aerodactyl\n|-damage|p2a: Aerodactyl|22/100\n|-unboost|p2a: Aerodactyl|atk|1\n|\n|upkeep\n|turn|3\n|\n|t:|1776292251\n|move|p1a: Araquanid|Wide Guard|p1a: Araquanid\n|-singleturn|p1a: Araquanid|Wide Guard\n|move|p2b: Sableye|Quash|p1b: Hatterene\n|-activate|p1b: Hatterene|move: Quash\n|move|p2a: Aerodactyl|Dual Wingbeat|p1b: Hatterene\n|-damage|p1b: Hatterene|75/100\n|replace|p1b: Zoroark|Zoroark-Hisui, L50, M\n|-end|p1b: Zoroark|Illusion\n|-damage|p1b: Zoroark|52/100\n|-hitcount|p1b: Zoroark|2\n|move|p1b: Zoroark|Bitter Malice|p2a: Aerodactyl\n|-damage|p2a: Aerodactyl|0 fnt\n|faint|p2a: Aerodactyl\n|\n|upkeep\n|\n|t:|1776292263\n|switch|p2a: C.R.O|Gengar, L50, M, shiny|100/100\n|turn|4\n|\n|t:|1776292270\n|detailschange|p2a: C.R.O|Gengar-Mega, L50, M, shiny\n|-mega|p2a: C.R.O|Gengar|Gengarite\n|move|p2b: Sableye|Gravity|p2b: Sableye\n|-fieldstart|move: Gravity\n|move|p2a: C.R.O|Hypnosis|p1b: Zoroark\n|-status|p1b: Zoroark|slp|[from] move: Hypnosis\n|cant|p1b: Zoroark|slp\n|move|p1a: Araquanid|Liquidation|p2a: C.R.O\n|-damage|p2a: C.R.O|0 fnt\n|faint|p2a: C.R.O\n|\n|upkeep\n|turn|5\n|c|\u2606lSuis|lol\n|c|\u2606FallenJedi97|don't sleep on araquanid\n|inactive|FallenJedi97 has 30 seconds left.\n|inactive|lSuis has 30 seconds left.\n|c|\u2606lSuis|gg\n|inactive|lSuis has 20 seconds left.\n|-message|lSuis forfeited.\n|\n|win|FallenJedi97\n|raw|FallenJedi97's rating: 1077 &rarr; <strong>1108</strong><br />(+31 for winning)\n|raw|lSuis's rating: 1103 &rarr; <strong>1076</strong><br />(-27 for losing)\n|l|\u2606lSuis\n|player|p2|\n",
  "uploadtime": 1776292313,
  "views": 19,
  "formatid": "gen9championsvgc2026regma",
  "rating": 1076,
  "private": 0,
  "password": null
}