{
  "id": "gen9championsvgc2026regma-2584772989",
  "format": "[Gen 9 Champions] VGC 2026 Reg M-A",
  "players": [
    "lolgz",
    "corek"
  ],
  "log": "|j|\u2606lolgz\n|j|\u2606corek\n|t:|1776282628\n|gametype|doubles\n|player|p1|lolgz|265|1153\n|player|p2|corek|lucas|1066\n|gen|9\n|tier|[Gen 9 Champions] VGC 2026 Reg M-A\n|rated|\n|rule|Species Clause: Limit one of each Pok\u00e9mon\n|rule|Item Clause: Limit 1 of each item\n|clearpoke\n|poke|p1|Floette-Eternal, L50, F|\n|poke|p1|Incineroar, L50, F|\n|poke|p1|Sneasler, L50, M|\n|poke|p1|Charizard, L50, F|\n|poke|p1|Basculegion, L50, M|\n|poke|p1|Whimsicott, L50, F|\n|poke|p2|Lucario, L50, F|\n|poke|p2|Meowscarada, L50, F|\n|poke|p2|Infernape, L50, M|\n|poke|p2|Scizor, L50, M|\n|poke|p2|Farigiraf, L50, F|\n|poke|p2|Sharpedo, L50, M|\n|teampreview|4\n|\n|t:|1776282655\n|teamsize|p1|4\n|teamsize|p2|4\n|start\n|switch|p1a: Incineroar|Incineroar, L50, F|100/100\n|switch|p1b: Whimsicott|Whimsicott, L50, F|100/100\n|switch|p2a: Scizor|Scizor, L50, M|100/100\n|switch|p2b: Farigiraf|Farigiraf, L50, F|100/100\n|-ability|p1a: Incineroar|Intimidate|boost\n|-unboost|p2a: Scizor|atk|1\n|-unboost|p2b: Farigiraf|atk|1\n|turn|1\n|inactive|Battle timer is ON: inactive players will automatically lose when time's up. (requested by corek)\n|\n|t:|1776282674\n|move|p1b: Whimsicott|Moonblast|p2b: Farigiraf\n|-damage|p2b: Farigiraf|55/100\n|move|p2b: Farigiraf|Rain Dance|p2b: Farigiraf\n|-weather|RainDance\n|move|p2a: Scizor|Tailwind|p2a: Scizor\n|-sidestart|p2: corek|move: Tailwind\n|move|p1a: Incineroar|Throat Chop|p2b: Farigiraf\n|-supereffective|p2b: Farigiraf|1\n|-damage|p2b: Farigiraf|0 fnt\n|faint|p2b: Farigiraf\n|\n|-weather|RainDance|[upkeep]\n|upkeep\n|\n|t:|1776282689\n|switch|p2b: Sharpedo|Sharpedo, L50, M|100/100\n|turn|2\n|\n|t:|1776282697\n|move|p1b: Whimsicott|Sunny Day|p1b: Whimsicott\n|-weather|SunnyDay\n|move|p2a: Scizor|Bullet Punch|p1b: Whimsicott\n|-supereffective|p1b: Whimsicott|1\n|-damage|p1b: Whimsicott|37/100\n|move|p2b: Sharpedo|Surf|p1a: Incineroar|[spread] p2a,p1a,p1b\n|-supereffective|p1a: Incineroar|1\n|-resisted|p1b: Whimsicott|1\n|-damage|p2a: Scizor|85/100\n|-damage|p1a: Incineroar|77/100\n|-damage|p1b: Whimsicott|26/100\n|move|p1a: Incineroar|Parting Shot|p2a: Scizor\n|-unboost|p2a: Scizor|atk|1\n|-unboost|p2a: Scizor|spa|1\n|\n|t:|1776282703\n|switch|p1a: Basculegion|Basculegion, L50, M|100/100|[from] Parting Shot\n|\n|-weather|SunnyDay|[upkeep]\n|-ability|p2b: Sharpedo|Speed Boost|boost\n|-boost|p2b: Sharpedo|spe|1\n|upkeep\n|turn|3\n|\n|t:|1776282722\n|switch|p1b: Incineroar|Incineroar, L50, F|77/100\n|-ability|p1b: Incineroar|Intimidate|boost\n|-unboost|p2a: Scizor|atk|1\n|-unboost|p2b: Sharpedo|atk|1\n|detailschange|p2b: Sharpedo|Sharpedo-Mega, L50, M\n|-mega|p2b: Sharpedo|Sharpedo|Sharpedonite\n|move|p2a: Scizor|Bullet Punch|p1b: Incineroar\n|-resisted|p1b: Incineroar|1\n|-damage|p1b: Incineroar|71/100\n|move|p2b: Sharpedo|Dark Pulse|p1a: Basculegion\n|-supereffective|p1a: Basculegion|1\n|-damage|p1a: Basculegion|8/100\n|move|p1a: Basculegion|Flip Turn|p2a: Scizor\n|-damage|p2a: Scizor|60/100\n|\n|t:|1776282727\n|switch|p1a: Whimsicott|Whimsicott, L50, F|26/100|[from] Flip Turn\n|\n|-weather|SunnyDay|[upkeep]\n|upkeep\n|turn|4\n|inactive|corek has 30 seconds left.\n|\n|t:|1776282753\n|switch|p2a: Infernape|Infernape, L50, M|100/100\n|move|p1b: Incineroar|Fake Out|p2a: Infernape\n|-damage|p2a: Infernape|84/100\n|move|p1a: Whimsicott|Tailwind|p1a: Whimsicott\n|-sidestart|p1: lolgz|move: Tailwind\n|move|p2b: Sharpedo|Dark Pulse|p1a: Whimsicott\n|-resisted|p1a: Whimsicott|1\n|-damage|p1a: Whimsicott|0 fnt\n|faint|p1a: Whimsicott\n|\n|-weather|SunnyDay|[upkeep]\n|-sideend|p2: corek|move: Tailwind\n|upkeep\n|inactive|lolgz has 30 seconds left.\n|inactive|lolgz has 20 seconds left.\n|inactive|lolgz has 15 seconds left.\n|inactive|lolgz has 10 seconds left.\n|\n|t:|1776282800\n|switch|p1a: Floette|Floette-Eternal, L50, F|100/100\n|turn|5\n|inactive|corek has 30 seconds left.\n|\n|t:|1776282835\n|switch|p2b: Scizor|Scizor, L50, M|60/100\n|detailschange|p1a: Floette|Floette-Mega, L50, F\n|-mega|p1a: Floette|Floette|Floettite\n|-ability|p1a: Floette|Fairy Aura\n|move|p1a: Floette|Calm Mind|p1a: Floette\n|-boost|p1a: Floette|spa|1\n|-boost|p1a: Floette|spd|1\n|move|p2a: Infernape|Close Combat|p1b: Incineroar\n|-supereffective|p1b: Incineroar|1\n|-damage|p1b: Incineroar|0 fnt\n|-unboost|p2a: Infernape|def|1\n|-unboost|p2a: Infernape|spd|1\n|faint|p1b: Incineroar\n|-enditem|p2a: Infernape|White Herb\n|-clearnegativeboost|p2a: Infernape|[silent]\n|\n|-weather|SunnyDay|[upkeep]\n|upkeep\n|\n|t:|1776282851\n|switch|p1b: Basculegion|Basculegion, L50, M|8/100\n|turn|6\n|\n|t:|1776282865\n|move|p2b: Scizor|Bullet Punch|p1a: Floette\n|-supereffective|p1a: Floette|1\n|-damage|p1a: Floette|20/100\n|move|p1b: Basculegion|Last Respects|p2b: Scizor\n|-damage|p2b: Scizor|0 fnt\n|faint|p2b: Scizor\n|move|p1a: Floette|Draining Kiss|p2a: Infernape\n|-damage|p2a: Infernape|0 fnt\n|-heal|p1a: Floette|84/100|[from] drain|[of] p2a: Infernape\n|faint|p2a: Infernape\n|\n|-weather|none\n|upkeep\n|\n|t:|1776282878\n|switch|p2a: Sharpedo|Sharpedo-Mega, L50, M|100/100\n|turn|7\n|\n|t:|1776282888\n|move|p1b: Basculegion|Last Respects|p2a: Sharpedo\n|-resisted|p2a: Sharpedo|1\n|-damage|p2a: Sharpedo|24/100\n|move|p1a: Floette|Draining Kiss|p2a: Sharpedo\n|-supereffective|p2a: Sharpedo|1\n|-damage|p2a: Sharpedo|0 fnt\n|-heal|p1a: Floette|100/100|[from] drain|[of] p2a: Sharpedo\n|faint|p2a: Sharpedo\n|\n|win|lolgz\n|raw|lolgz's rating: 1153 &rarr; <strong>1172</strong><br />(+19 for winning)\n|raw|corek's rating: 1066 &rarr; <strong>1051</strong><br />(-15 for losing)\n",
  "uploadtime": 1776282888,
  "views": 16,
  "formatid": "gen9championsvgc2026regma",
  "rating": 1051,
  "private": 0,
  "password": null
}