{
  "id": "gen9championsvgc2026regma-2583556387",
  "format": "[Gen 9 Champions] VGC 2026 Reg M-A",
  "players": [
    "Aurasteal",
    "Northgdh"
  ],
  "log": "|j|\u2606Aurasteal\n|j|\u2606Northgdh\n|t:|1776183099\n|gametype|doubles\n|player|p1|Aurasteal|caitlin|1260\n|player|p2|Northgdh|pokemonranger-gen4|1251\n|gen|9\n|tier|[Gen 9 Champions] VGC 2026 Reg M-A\n|rated|\n|rule|Species Clause: Limit one of each Pok\u00e9mon\n|rule|Item Clause: Limit 1 of each item\n|clearpoke\n|poke|p1|Charizard, L50, M|\n|poke|p1|Garchomp, L50, M|\n|poke|p1|Sneasler, L50, M|\n|poke|p1|Whimsicott, L50, F|\n|poke|p1|Rotom-Wash, L50|\n|poke|p1|Kingambit, L50, M|\n|poke|p2|Gengar, L50, M|\n|poke|p2|Vivillon-Polar, L50, M|\n|poke|p2|Incineroar, L50, F|\n|poke|p2|Basculegion, L50, M|\n|poke|p2|Kingambit, L50, M|\n|poke|p2|Politoed, L50, M|\n|teampreview|4\n|inactive|Battle timer is ON: inactive players will automatically lose when time's up. (requested by Northgdh)\n|inactive|Northgdh has 60 seconds left.\n|\n|t:|1776183130\n|teamsize|p1|4\n|teamsize|p2|4\n|start\n|switch|p1a: Charizard|Charizard, L50, M, shiny|100/100\n|switch|p1b: Sneasler|Sneasler, L50, M, shiny|100/100\n|switch|p2a: Squabblin|Gengar, L50, M, shiny|100/100\n|switch|p2b: CheeseLeague|Incineroar, L50, F, shiny|100/100\n|-ability|p2b: CheeseLeague|Intimidate|boost\n|-unboost|p1a: Charizard|atk|1\n|-unboost|p1b: Sneasler|atk|1\n|-enditem|p1b: Sneasler|White Herb\n|-clearnegativeboost|p1b: Sneasler|[silent]\n|turn|1\n|\n|t:|1776183152\n|detailschange|p2a: Squabblin|Gengar-Mega, L50, M, shiny\n|-mega|p2a: Squabblin|Gengar|Gengarite\n|detailschange|p1a: Charizard|Charizard-Mega-Y, L50, M, shiny\n|-mega|p1a: Charizard|Charizard|Charizardite Y\n|-weather|SunnyDay|[from] ability: Drought|[of] p1a: Charizard\n|move|p2a: Squabblin|Protect|p2a: Squabblin\n|-singleturn|p2a: Squabblin|Protect\n|move|p1b: Sneasler|Fake Out|p2b: CheeseLeague\n|-damage|p2b: CheeseLeague|90/100\n|cant|p2b: CheeseLeague|flinch\n|move|p1a: Charizard|Heat Wave|p2b: CheeseLeague|[spread] p2b\n|-activate|p2a: Squabblin|move: Protect\n|-resisted|p2b: CheeseLeague|1\n|-damage|p2b: CheeseLeague|62/100\n|\n|-weather|SunnyDay|[upkeep]\n|upkeep\n|turn|2\n|\n|t:|1776183175\n|switch|p2b: Battleground|Politoed, L50, M, shiny|100/100\n|-weather|RainDance|[from] ability: Drizzle|[of] p2b: Battleground\n|move|p1b: Sneasler|Close Combat|p2b: Battleground\n|-damage|p2b: Battleground|27/100\n|-unboost|p1b: Sneasler|def|1\n|-unboost|p1b: Sneasler|spd|1\n|move|p2a: Squabblin|Perish Song|p2a: Squabblin\n|-start|p1a: Charizard|perish3|[silent]\n|-start|p1b: Sneasler|perish3|[silent]\n|-start|p2a: Squabblin|perish3|[silent]\n|-start|p2b: Battleground|perish3|[silent]\n|-fieldactivate|move: Perish Song\n|move|p1a: Charizard|Weather Ball|p2a: Squabblin\n|-damage|p2a: Squabblin|33/100\n|\n|-weather|RainDance|[upkeep]\n|-heal|p2b: Battleground|33/100|[from] item: Leftovers\n|-start|p1b: Sneasler|perish3\n|-start|p2a: Squabblin|perish3\n|-start|p1a: Charizard|perish3\n|-start|p2b: Battleground|perish3\n|upkeep\n|turn|3\n|\n|t:|1776183203\n|switch|p2b: Pegasus|Basculegion, L50, M|100/100\n|move|p2a: Squabblin|Protect|p2a: Squabblin\n|-singleturn|p2a: Squabblin|Protect\n|move|p1b: Sneasler|Close Combat|p2b: Pegasus\n|-immune|p2b: Pegasus\n|move|p1a: Charizard|Heat Wave|p2b: Pegasus|[spread] p2b\n|-activate|p2a: Squabblin|move: Protect\n|-resisted|p2b: Pegasus|1\n|-crit|p2b: Pegasus\n|-damage|p2b: Pegasus|81/100\n|\n|-weather|RainDance|[upkeep]\n|-start|p1b: Sneasler|perish2\n|-start|p2a: Squabblin|perish2\n|-start|p1a: Charizard|perish2\n|upkeep\n|turn|4\n|inactive|Northgdh has 30 seconds left.\n|\n|t:|1776183235\n|switch|p2a: CheeseLeague|Incineroar, L50, F, shiny|62/100\n|-ability|p2a: CheeseLeague|Intimidate|boost\n|-unboost|p1a: Charizard|atk|1\n|-unboost|p1b: Sneasler|atk|1\n|move|p1b: Sneasler|Protect|p1b: Sneasler\n|-singleturn|p1b: Sneasler|Protect\n|move|p2b: Pegasus|Flip Turn|p1a: Charizard\n|-supereffective|p1a: Charizard|1\n|-damage|p1a: Charizard|0 fnt\n|faint|p1a: Charizard\n|\n|t:|1776183244\n|switch|p2b: Squabblin|Gengar-Mega, L50, M, shiny|33/100|[from] Flip Turn\n|\n|-weather|RainDance|[upkeep]\n|-start|p1b: Sneasler|perish1\n|upkeep\n|\n|t:|1776183255\n|switch|p1a: Rotom|Rotom-Wash, L50, shiny|100/100\n|turn|5\n|\n|t:|1776183272\n|move|p2b: Squabblin|Protect|p2b: Squabblin\n|-singleturn|p2b: Squabblin|Protect\n|move|p2a: CheeseLeague|Protect|p2a: CheeseLeague\n|-singleturn|p2a: CheeseLeague|Protect\n|move|p1b: Sneasler|Close Combat|p2a: CheeseLeague\n|-activate|p2a: CheeseLeague|move: Protect\n|move|p1a: Rotom|Hydro Pump|p2a: CheeseLeague\n|-activate|p2a: CheeseLeague|move: Protect\n|\n|-weather|RainDance|[upkeep]\n|-start|p1b: Sneasler|perish0\n|faint|p1b: Sneasler\n|upkeep\n|\n|t:|1776183277\n|switch|p1b: Kingambit|Kingambit, L50, M, shiny|100/100\n|turn|6\n|\n|t:|1776183283\n|move|p2b: Squabblin|Perish Song|p2b: Squabblin\n|-start|p1a: Rotom|perish3|[silent]\n|-start|p1b: Kingambit|perish3|[silent]\n|-start|p2a: CheeseLeague|perish3|[silent]\n|-start|p2b: Squabblin|perish3|[silent]\n|-fieldactivate|move: Perish Song\n|move|p1a: Rotom|Hydro Pump|p2a: CheeseLeague|[miss]\n|-miss|p1a: Rotom|p2a: CheeseLeague\n|move|p2a: CheeseLeague|Parting Shot|p1a: Rotom\n|-unboost|p1a: Rotom|atk|1\n|-unboost|p1a: Rotom|spa|1\n|\n|t:|1776183291\n|switch|p2a: Pegasus|Basculegion, L50, M|81/100|[from] Parting Shot\n|move|p1b: Kingambit|Kowtow Cleave|p2b: Squabblin\n|-supereffective|p2b: Squabblin|1\n|-damage|p2b: Squabblin|0 fnt\n|faint|p2b: Squabblin\n|\n|-weather|none\n|-start|p1a: Rotom|perish3\n|-start|p1b: Kingambit|perish3\n|upkeep\n|\n|t:|1776183297\n|switch|p2b: Battleground|Politoed, L50, M, shiny|33/100\n|-weather|RainDance|[from] ability: Drizzle|[of] p2b: Battleground\n|turn|7\n|\n|t:|1776183309\n|switch|p2a: CheeseLeague|Incineroar, L50, F, shiny|62/100\n|-ability|p2a: CheeseLeague|Intimidate|boost\n|-unboost|p1a: Rotom|atk|1\n|-unboost|p1b: Kingambit|atk|1\n|-ability|p1b: Kingambit|Defiant|boost\n|-boost|p1b: Kingambit|atk|2\n|move|p2b: Battleground|Protect|p2b: Battleground\n|-singleturn|p2b: Battleground|Protect\n|move|p1b: Kingambit|Sucker Punch||[still]\n|-fail|p1b: Kingambit\n|move|p1a: Rotom|Thunderbolt|p2b: Battleground\n|-activate|p2b: Battleground|move: Protect\n|\n|-weather|RainDance|[upkeep]\n|-heal|p2b: Battleground|40/100|[from] item: Leftovers\n|-start|p1a: Rotom|perish2\n|-start|p1b: Kingambit|perish2\n|upkeep\n|turn|8\n|\n|t:|1776183325\n|switch|p2b: Pegasus|Basculegion, L50, M|81/100\n|move|p2a: CheeseLeague|Fake Out|p1b: Kingambit\n|-resisted|p1b: Kingambit|1\n|-damage|p1b: Kingambit|97/100\n|move|p1a: Rotom|Thunderbolt|p2b: Pegasus\n|-supereffective|p2b: Pegasus|1\n|-damage|p2b: Pegasus|35/100\n|cant|p1b: Kingambit|flinch\n|\n|-weather|RainDance|[upkeep]\n|-start|p1a: Rotom|perish1\n|-start|p1b: Kingambit|perish1\n|upkeep\n|turn|9\n|-message|Aurasteal forfeited.\n|\n|win|Northgdh\n|raw|Aurasteal's rating: 1260 &rarr; <strong>1234</strong><br />(-26 for losing)\n|raw|Northgdh's rating: 1251 &rarr; <strong>1277</strong><br />(+26 for winning)\n|l|\u2606Aurasteal\n|player|p1|\n",
  "uploadtime": 1776183336,
  "views": 37,
  "formatid": "gen9championsvgc2026regma",
  "rating": 1234,
  "private": 0,
  "password": null
}