{
  "id": "gen9championsvgc2026regma-2586493782",
  "format": "[Gen 9 Champions] VGC 2026 Reg M-A",
  "players": [
    "penledzuu",
    "gogogogogogoj"
  ],
  "log": "|j|\u2606penledzuu\n|j|\u2606gogogogogogoj\n|t:|1776438524\n|gametype|doubles\n|player|p1|penledzuu|ninjaboy|1120\n|player|p2|gogogogogogoj|crasherwake|1118\n|gen|9\n|tier|[Gen 9 Champions] VGC 2026 Reg M-A\n|rated|\n|rule|Species Clause: Limit one of each Pok\u00e9mon\n|rule|Item Clause: Limit 1 of each item\n|clearpoke\n|poke|p1|Gengar, L50, M|\n|poke|p1|Gardevoir, L50, M|\n|poke|p1|Arcanine-Hisui, L50, M|\n|poke|p1|Charizard, L50, M|\n|poke|p1|Machamp, L50, M|\n|poke|p1|Sneasler, L50, M|\n|poke|p2|Farigiraf, L50, F|\n|poke|p2|Torkoal, L50, F|\n|poke|p2|Incineroar, L50, M|\n|poke|p2|Sneasler, L50, M|\n|poke|p2|Venusaur, L50, M|\n|poke|p2|Golurk, L50|\n|teampreview|4\n|inactive|Battle timer is ON: inactive players will automatically lose when time's up. (requested by penledzuu)\n|\n|t:|1776438550\n|teamsize|p1|4\n|teamsize|p2|4\n|start\n|switch|p1a: Gengar|Gengar, L50, M, shiny|100/100\n|switch|p1b: Sneasler|Sneasler, L50, M|100/100\n|switch|p2a: Incineroar|Incineroar, L50, M|100/100\n|switch|p2b: Farigiraf|Farigiraf, L50, F|100/100\n|-ability|p2a: Incineroar|Intimidate|boost\n|-unboost|p1a: Gengar|atk|1\n|-unboost|p1b: Sneasler|atk|1\n|-enditem|p1b: Sneasler|White Herb\n|-clearnegativeboost|p1b: Sneasler|[silent]\n|turn|1\n|\n|t:|1776438567\n|move|p1b: Sneasler|Close Combat|p2b: Farigiraf\n|-damage|p2b: Farigiraf|42/100\n|-unboost|p1b: Sneasler|def|1\n|-unboost|p1b: Sneasler|spd|1\n|move|p1a: Gengar|Sludge Bomb|p2b: Farigiraf\n|-damage|p2b: Farigiraf|0 fnt\n|faint|p2b: Farigiraf\n|move|p2a: Incineroar|Parting Shot|p1a: Gengar\n|-unboost|p1a: Gengar|atk|1\n|-unboost|p1a: Gengar|spa|1\n|\n|t:|1776438577\n|switch|p2a: Golurk|Golurk, L50|100/100|[from] Parting Shot\n|\n|upkeep\n|\n|t:|1776438584\n|switch|p2b: Incineroar|Incineroar, L50, M|100/100\n|-ability|p2b: Incineroar|Intimidate|boost\n|-unboost|p1a: Gengar|atk|1\n|-unboost|p1b: Sneasler|atk|1\n|turn|2\n|\n|t:|1776438598\n|switch|p1b: Charizard|Charizard, L50, M, shiny|100/100\n|detailschange|p2a: Golurk|Golurk-Mega, L50\n|-mega|p2a: Golurk|Golurk|Golurkite\n|move|p1a: Gengar|Icy Wind|p2b: Incineroar|[spread] p2a\n|-miss|p1a: Gengar|p2b: Incineroar\n|-supereffective|p2a: Golurk|1\n|-damage|p2a: Golurk|81/100\n|-unboost|p2a: Golurk|spe|1\n|move|p2b: Incineroar|Throat Chop|p1a: Gengar\n|-supereffective|p1a: Gengar|1\n|-enditem|p1a: Gengar|Focus Sash\n|-damage|p1a: Gengar|1/100\n|-start|p1a: Gengar|Throat Chop|[silent]\n|move|p2a: Golurk|Poltergeist|p1b: Charizard\n|-activate|p1b: Charizard|move: Poltergeist|Charizardite Y\n|-damage|p1b: Charizard|9/100\n|\n|upkeep\n|turn|3\n|inactive|penledzuu has 30 seconds left.\n|\n|t:|1776438623\n|detailschange|p1b: Charizard|Charizard-Mega-Y, L50, M, shiny\n|-mega|p1b: Charizard|Charizard|Charizardite Y\n|-weather|SunnyDay|[from] ability: Drought|[of] p1b: Charizard\n|move|p2a: Golurk|Protect|p2a: Golurk\n|-singleturn|p2a: Golurk|Protect\n|move|p1a: Gengar|Destiny Bond|p1a: Gengar\n|-singlemove|p1a: Gengar|Destiny Bond\n|move|p1b: Charizard|Flamethrower|p2a: Golurk\n|-activate|p2a: Golurk|move: Protect\n|move|p2b: Incineroar|Throat Chop|p1b: Charizard\n|-damage|p1b: Charizard|0 fnt\n|faint|p1b: Charizard\n|\n|-weather|SunnyDay|[upkeep]\n|-end|p1a: Gengar|Throat Chop|[silent]\n|upkeep\n|\n|t:|1776438643\n|switch|p1b: Gardevoir|Gardevoir, L50, M|100/100\n|-ability|p1b: Gardevoir|Unseen Fist|Trace|[from] ability: Trace|[of] p2a: Golurk\n|turn|4\n|\n|t:|1776438662\n|move|p1a: Gengar|Shadow Ball|p2a: Golurk\n|-supereffective|p2a: Golurk|1\n|-damage|p2a: Golurk|27/100\n|move|p1b: Gardevoir|Psychic|p2a: Golurk\n|-damage|p2a: Golurk|0 fnt\n|faint|p2a: Golurk\n|move|p2b: Incineroar|Parting Shot|p1b: Gardevoir\n|-unboost|p1b: Gardevoir|atk|1\n|-unboost|p1b: Gardevoir|spa|1\n|\n|t:|1776438670\n|switch|p2b: Sneasler|Sneasler, L50, M|100/100|[from] Parting Shot\n|\n|-weather|SunnyDay|[upkeep]\n|upkeep\n|\n|t:|1776438674\n|switch|p2a: Incineroar|Incineroar, L50, M|100/100\n|-ability|p2a: Incineroar|Intimidate|boost\n|-unboost|p1a: Gengar|atk|1\n|-unboost|p1b: Gardevoir|atk|1\n|turn|5\n|\n|t:|1776438686\n|move|p2b: Sneasler|Dire Claw|p1b: Gardevoir\n|-supereffective|p1b: Gardevoir|1\n|-damage|p1b: Gardevoir|0 fnt\n|faint|p1b: Gardevoir\n|move|p1a: Gengar|Destiny Bond|p1a: Gengar\n|-singlemove|p1a: Gengar|Destiny Bond\n|move|p2a: Incineroar|Throat Chop|p1a: Gengar\n|-supereffective|p1a: Gengar|1\n|-damage|p1a: Gengar|0 fnt\n|faint|p1a: Gengar\n|-activate|p1a: Gengar|move: Destiny Bond\n|faint|p2a: Incineroar\n|\n|-weather|SunnyDay|[upkeep]\n|upkeep\n|\n|t:|1776438698\n|switch|p1b: Sneasler|Sneasler, L50, M|100/100\n|turn|6\n|\n|t:|1776438707\n|move|p1b: Sneasler|Fake Out|p2b: Sneasler\n|-damage|p2b: Sneasler|75/100\n|cant|p2b: Sneasler|flinch\n|\n|-weather|SunnyDay|[upkeep]\n|upkeep\n|turn|7\n|\n|t:|1776438714\n|move|p2b: Sneasler|Close Combat|p1b: Sneasler\n|-resisted|p1b: Sneasler|1\n|-damage|p1b: Sneasler|47/100\n|-unboost|p2b: Sneasler|def|1\n|-unboost|p2b: Sneasler|spd|1\n|-enditem|p2b: Sneasler|White Herb\n|-clearnegativeboost|p2b: Sneasler|[silent]\n|move|p1b: Sneasler|Acrobatics|p2b: Sneasler\n|-supereffective|p2b: Sneasler|1\n|-damage|p2b: Sneasler|0 fnt\n|faint|p2b: Sneasler\n|\n|win|penledzuu\n|raw|penledzuu's rating: 1120 &rarr; <strong>1145</strong><br />(+25 for winning)\n|raw|gogogogogogoj's rating: 1118 &rarr; <strong>1093</strong><br />(-25 for losing)\n",
  "uploadtime": 1776438724,
  "views": 22,
  "formatid": "gen9championsvgc2026regma",
  "rating": 1093,
  "private": 0,
  "password": null
}