{
  "id": "gen9championsvgc2026regma-2584852655",
  "format": "[Gen 9 Champions] VGC 2026 Reg M-A",
  "players": [
    "andrxspkmn",
    "zanmar"
  ],
  "log": "|j|\u2606andrxspkmn\n|j|\u2606zanmar\n|t:|1776288750\n|gametype|doubles\n|player|p1|andrxspkmn|n|1046\n|player|p2|zanmar|cynthia-gen4|1078\n|gen|9\n|tier|[Gen 9 Champions] VGC 2026 Reg M-A\n|rated|\n|rule|Species Clause: Limit one of each Pok\u00e9mon\n|rule|Item Clause: Limit 1 of each item\n|clearpoke\n|poke|p1|Floette-Eternal, L50, F|\n|poke|p1|Aegislash, L50, M|\n|poke|p1|Talonflame, L50, F|\n|poke|p1|Incineroar, L50, M|\n|poke|p1|Garchomp, L50, F|\n|poke|p1|Rotom-Wash, L50|\n|poke|p2|Gengar, L50, M|\n|poke|p2|Incineroar, L50, F|\n|poke|p2|Archaludon, L50, M|\n|poke|p2|Politoed, L50, F|\n|poke|p2|Basculegion, L50, M|\n|poke|p2|Sinistcha-Masterpiece, L50|\n|teampreview|4\n|inactive|Battle timer is ON: inactive players will automatically lose when time's up. (requested by andrxspkmn)\n|\n|t:|1776288794\n|teamsize|p1|4\n|teamsize|p2|4\n|start\n|switch|p1a: Garchomp|Garchomp, L50, F|100/100\n|switch|p1b: Talonflame|Talonflame, L50, F|100/100\n|switch|p2a: Gengar|Gengar, L50, M|100/100\n|switch|p2b: Incineroar|Incineroar, L50, F|100/100\n|-ability|p2b: Incineroar|Intimidate|boost\n|-unboost|p1a: Garchomp|atk|1\n|-unboost|p1b: Talonflame|atk|1\n|-enditem|p1a: Garchomp|White Herb\n|-clearnegativeboost|p1a: Garchomp|[silent]\n|turn|1\n|inactive|andrxspkmn has 30 seconds left.\n|inactive|zanmar has 30 seconds left.\n|\n|t:|1776288833\n|detailschange|p2a: Gengar|Gengar-Mega, L50, M\n|-mega|p2a: Gengar|Gengar|Gengarite\n|move|p2b: Incineroar|Fake Out|p1a: Garchomp\n|-damage|p1a: Garchomp|91/100\n|-damage|p2b: Incineroar|88/100|[from] ability: Rough Skin|[of] p1a: Garchomp\n|move|p1b: Talonflame|Tailwind|p1b: Talonflame\n|-sidestart|p1: andrxspkmn|move: Tailwind\n|cant|p1a: Garchomp|flinch\n|move|p2a: Gengar|Perish Song|p2a: Gengar\n|-start|p1a: Garchomp|perish3|[silent]\n|-start|p1b: Talonflame|perish3|[silent]\n|-start|p2a: Gengar|perish3|[silent]\n|-start|p2b: Incineroar|perish3|[silent]\n|-fieldactivate|move: Perish Song\n|\n|-start|p1b: Talonflame|perish3\n|-start|p1a: Garchomp|perish3\n|-start|p2a: Gengar|perish3\n|-start|p2b: Incineroar|perish3\n|upkeep\n|turn|2\n|\n|t:|1776288853\n|move|p2a: Gengar|Protect|p2a: Gengar\n|-singleturn|p2a: Gengar|Protect\n|move|p2b: Incineroar|Protect|p2b: Incineroar\n|-singleturn|p2b: Incineroar|Protect\n|move|p1b: Talonflame|Acrobatics|p2a: Gengar\n|-activate|p2a: Gengar|move: Protect\n|move|p1a: Garchomp|Earthquake|p2a: Gengar|[spread] \n|-activate|p2a: Gengar|move: Protect\n|-activate|p2b: Incineroar|move: Protect\n|-immune|p1b: Talonflame\n|\n|-start|p1b: Talonflame|perish2\n|-start|p1a: Garchomp|perish2\n|-start|p2a: Gengar|perish2\n|-start|p2b: Incineroar|perish2\n|upkeep\n|turn|3\n|\n|t:|1776288877\n|switch|p2a: Politoed|Politoed, L50, F|100/100\n|-weather|RainDance|[from] ability: Drizzle|[of] p2a: Politoed\n|move|p1b: Talonflame|Protect|p1b: Talonflame\n|-singleturn|p1b: Talonflame|Protect\n|move|p1a: Garchomp|Protect|p1a: Garchomp\n|-singleturn|p1a: Garchomp|Protect\n|move|p2b: Incineroar|Parting Shot|p1a: Garchomp\n|-activate|p1a: Garchomp|move: Protect\n|\n|-weather|RainDance|[upkeep]\n|-start|p1b: Talonflame|perish1\n|-start|p1a: Garchomp|perish1\n|-start|p2b: Incineroar|perish1\n|upkeep\n|turn|4\n|\n|t:|1776288892\n|switch|p1b: Floette|Floette-Eternal, L50, F|100/100\n|switch|p1a: Rotom|Rotom-Wash, L50|100/100\n|switch|p2b: Gengar|Gengar-Mega, L50, M|100/100\n|move|p2a: Politoed|Perish Song|p2a: Politoed\n|-start|p1a: Rotom|perish3|[silent]\n|-start|p1b: Floette|perish3|[silent]\n|-start|p2a: Politoed|perish3|[silent]\n|-start|p2b: Gengar|perish3|[silent]\n|-fieldactivate|move: Perish Song\n|\n|-weather|RainDance|[upkeep]\n|-start|p1a: Rotom|perish3\n|-start|p1b: Floette|perish3\n|-start|p2b: Gengar|perish3\n|-start|p2a: Politoed|perish3\n|-sideend|p1: andrxspkmn|move: Tailwind\n|upkeep\n|turn|5\n|\n|t:|1776288910\n|detailschange|p1b: Floette|Floette-Mega, L50, F\n|-mega|p1b: Floette|Floette|Floettite\n|-ability|p1b: Floette|Fairy Aura\n|move|p2b: Gengar|Protect|p2b: Gengar\n|-singleturn|p2b: Gengar|Protect\n|move|p2a: Politoed|Protect|p2a: Politoed\n|-singleturn|p2a: Politoed|Protect\n|move|p1b: Floette|Moonblast|p2b: Gengar\n|-activate|p2b: Gengar|move: Protect\n|move|p1a: Rotom|Hydro Pump|p2b: Gengar\n|-activate|p2b: Gengar|move: Protect\n|\n|-weather|RainDance|[upkeep]\n|-start|p2b: Gengar|perish2\n|-start|p1b: Floette|perish2\n|-start|p1a: Rotom|perish2\n|-start|p2a: Politoed|perish2\n|upkeep\n|turn|6\n|inactive|zanmar has 30 seconds left.\n|inactive|zanmar has 20 seconds left.\n|inactive|zanmar has 15 seconds left.\n|\n|t:|1776288951\n|move|p2b: Gengar|Disable|p1b: Floette\n|-start|p1b: Floette|Disable|Moonblast\n|move|p1b: Floette|Dazzling Gleam|p2b: Gengar|[spread] p2a,p2b\n|-resisted|p2b: Gengar|1\n|-damage|p2a: Politoed|71/100\n|-damage|p2b: Gengar|74/100\n|move|p1a: Rotom|Hydro Pump|p2b: Gengar\n|-damage|p2b: Gengar|2/100\n|move|p2a: Politoed|Encore|p1a: Rotom\n|-start|p1a: Rotom|Encore\n|\n|-weather|RainDance|[upkeep]\n|-start|p2b: Gengar|perish1\n|-start|p1b: Floette|perish1\n|-start|p1a: Rotom|perish1\n|-start|p2a: Politoed|perish1\n|upkeep\n|turn|7\n|inactive|zanmar has 30 seconds left.\n|\n|t:|1776288982\n|switch|p2a: Incineroar|Incineroar, L50, F|88/100\n|-ability|p2a: Incineroar|Intimidate|boost\n|-unboost|p1a: Rotom|atk|1\n|-unboost|p1b: Floette|atk|1\n|move|p2b: Gengar|Sludge Bomb|p1a: Rotom\n|-damage|p1a: Rotom|47/100\n|-enditem|p1a: Rotom|Sitrus Berry|[eat]\n|-heal|p1a: Rotom|72/100|[from] item: Sitrus Berry\n|move|p1b: Floette|Dazzling Gleam|p2a: Incineroar|[spread] p2a,p2b\n|-resisted|p2b: Gengar|1\n|-damage|p2a: Incineroar|58/100\n|-damage|p2b: Gengar|0 fnt\n|faint|p2b: Gengar\n|move|p1a: Rotom|Hydro Pump|p2a: Incineroar\n|-supereffective|p2a: Incineroar|1\n|-enditem|p2a: Incineroar|Passho Berry|[eat]\n|-enditem|p2a: Incineroar|Passho Berry|[weaken]\n|-damage|p2a: Incineroar|13/100\n|\n|-weather|none\n|-start|p1b: Floette|perish0\n|-start|p1a: Rotom|perish0\n|upkeep\n|faint|p1b: Floette\n|faint|p1a: Rotom\n|\n|t:|1776289001\n|switch|p2b: Politoed|Politoed, L50, F|71/100\n|switch|p1b: Talonflame|Talonflame, L50, F|100/100\n|switch|p1a: Garchomp|Garchomp, L50, F|91/100\n|-weather|RainDance|[from] ability: Drizzle|[of] p2b: Politoed\n|turn|8\n|\n|t:|1776289014\n|move|p2a: Incineroar|Fake Out|p1a: Garchomp\n|-damage|p1a: Garchomp|81/100\n|-damage|p2a: Incineroar|1/100|[from] ability: Rough Skin|[of] p1a: Garchomp\n|move|p1b: Talonflame|Tailwind|p1b: Talonflame\n|-sidestart|p1: andrxspkmn|move: Tailwind\n|cant|p1a: Garchomp|flinch\n|move|p2b: Politoed|Perish Song|p2b: Politoed\n|-start|p1a: Garchomp|perish3|[silent]\n|-start|p1b: Talonflame|perish3|[silent]\n|-start|p2a: Incineroar|perish3|[silent]\n|-start|p2b: Politoed|perish3|[silent]\n|-fieldactivate|move: Perish Song\n|\n|-weather|RainDance|[upkeep]\n|-start|p1b: Talonflame|perish3\n|-start|p1a: Garchomp|perish3\n|-start|p2a: Incineroar|perish3\n|-start|p2b: Politoed|perish3\n|upkeep\n|turn|9\n|\n|t:|1776289023\n|move|p2a: Incineroar|Protect|p2a: Incineroar\n|-singleturn|p2a: Incineroar|Protect\n|move|p2b: Politoed|Protect|p2b: Politoed\n|-singleturn|p2b: Politoed|Protect\n|move|p1b: Talonflame|Acrobatics|p2b: Politoed\n|-activate|p2b: Politoed|move: Protect\n|move|p1a: Garchomp|Earthquake|p2a: Incineroar|[spread] \n|-activate|p2a: Incineroar|move: Protect\n|-activate|p2b: Politoed|move: Protect\n|-immune|p1b: Talonflame\n|\n|-weather|RainDance|[upkeep]\n|-start|p1b: Talonflame|perish2\n|-start|p1a: Garchomp|perish2\n|-start|p2a: Incineroar|perish2\n|-start|p2b: Politoed|perish2\n|upkeep\n|turn|10\n|\n|t:|1776289037\n|move|p1b: Talonflame|Acrobatics|p2b: Politoed\n|-damage|p2b: Politoed|27/100\n|-enditem|p2b: Politoed|Sitrus Berry|[eat]\n|-heal|p2b: Politoed|52/100|[from] item: Sitrus Berry\n|move|p1a: Garchomp|Earthquake|p2b: Politoed|[spread] p2a,p2b\n|-immune|p1b: Talonflame\n|-supereffective|p2a: Incineroar|1\n|-damage|p2a: Incineroar|0 fnt\n|-damage|p2b: Politoed|7/100\n|faint|p2a: Incineroar\n|move|p2b: Politoed|Weather Ball|p1b: Talonflame\n|-supereffective|p1b: Talonflame|1\n|-damage|p1b: Talonflame|0 fnt\n|faint|p1b: Talonflame\n|\n|-weather|RainDance|[upkeep]\n|-start|p1a: Garchomp|perish1\n|-start|p2b: Politoed|perish1\n|upkeep\n|-message|andrxspkmn forfeited.\n|\n|win|zanmar\n|raw|andrxspkmn's rating: 1046 &rarr; <strong>1031</strong><br />(-15 for losing)\n|raw|zanmar's rating: 1078 &rarr; <strong>1104</strong><br />(+26 for winning)\n|l|\u2606andrxspkmn\n|player|p1|\n",
  "uploadtime": 1776289053,
  "views": 23,
  "formatid": "gen9championsvgc2026regma",
  "rating": 1031,
  "private": 0,
  "password": null
}