{
  "id": "gen9championsvgc2026regma-2583001258",
  "format": "[Gen 9 Champions] VGC 2026 Reg M-A",
  "players": [
    "Bambinator88",
    "underlinegui"
  ],
  "log": "|j|\u2606Bambinator88\n|j|\u2606underlinegui\n|t:|1776132267\n|gametype|doubles\n|player|p1|Bambinator88|nate|1030\n|player|p2|underlinegui|169|1012\n|gen|9\n|tier|[Gen 9 Champions] VGC 2026 Reg M-A\n|rated|\n|rule|Species Clause: Limit one of each Pok\u00e9mon\n|rule|Item Clause: Limit 1 of each item\n|clearpoke\n|poke|p1|Froslass, L50, F|\n|poke|p1|Milotic, L50, F|\n|poke|p1|Arcanine-Hisui, L50, M|\n|poke|p1|Sneasler, L50, F|\n|poke|p1|Farigiraf, L50, M|\n|poke|p1|Archaludon, L50, M|\n|poke|p2|Dragapult, L50, F|\n|poke|p2|Sneasler, L50, M|\n|poke|p2|Froslass, L50, F|\n|poke|p2|Glimmora, L50, F|\n|poke|p2|Whimsicott, L50, F|\n|poke|p2|Incineroar, L50, M|\n|teampreview|4\n|inactive|Battle timer is ON: inactive players will automatically lose when time's up. (requested by underlinegui)\n|inactive|Bambinator88 has 60 seconds left.\n|\n|t:|1776132298\n|teamsize|p1|4\n|teamsize|p2|4\n|start\n|switch|p1a: Milotic|Milotic, L50, F|100/100\n|switch|p1b: Froslass|Froslass, L50, F|100/100\n|switch|p2a: Whimsicott|Whimsicott, L50, F|100/100\n|switch|p2b: Glimmora|Glimmora, L50, F|100/100\n|turn|1\n|\n|t:|1776132318\n|detailschange|p1b: Froslass|Froslass-Mega, L50, F\n|-mega|p1b: Froslass|Froslass|Froslassite\n|-weather|Snowscape|[from] ability: Snow Warning|[of] p1b: Froslass\n|move|p2b: Glimmora|Spiky Shield|p2b: Glimmora\n|-singleturn|p2b: Glimmora|move: Protect\n|move|p2a: Whimsicott|Tailwind|p2a: Whimsicott\n|-sidestart|p2: underlinegui|move: Tailwind\n|move|p1b: Froslass|Aurora Veil|p1b: Froslass\n|-sidestart|p1: Bambinator88|move: Aurora Veil\n|move|p1a: Milotic|Scald|p2b: Glimmora\n|-activate|p2b: Glimmora|move: Protect\n|\n|-weather|Snowscape|[upkeep]\n|upkeep\n|turn|2\n|\n|t:|1776132340\n|move|p2a: Whimsicott|Moonblast|p1b: Froslass\n|-damage|p1b: Froslass|73/100\n|move|p2b: Glimmora|Power Gem|p1b: Froslass\n|-supereffective|p1b: Froslass|1\n|-damage|p1b: Froslass|11/100\n|move|p1b: Froslass|Blizzard|p2b: Glimmora|[spread] p2a,p2b\n|-supereffective|p2a: Whimsicott|1\n|-enditem|p2a: Whimsicott|Focus Sash\n|-damage|p2a: Whimsicott|1/100\n|-damage|p2b: Glimmora|42/100\n|move|p1a: Milotic|Scald|p2b: Glimmora\n|-supereffective|p2b: Glimmora|1\n|-damage|p2b: Glimmora|0 fnt\n|faint|p2b: Glimmora\n|\n|-weather|Snowscape|[upkeep]\n|upkeep\n|\n|t:|1776132360\n|switch|p2b: Sneasler|Sneasler, L50, M|100/100\n|turn|3\n|\n|t:|1776132369\n|move|p1b: Froslass|Protect|p1b: Froslass\n|-singleturn|p1b: Froslass|Protect\n|move|p1a: Milotic|Protect|p1a: Milotic\n|-singleturn|p1a: Milotic|Protect\n|move|p2a: Whimsicott|Moonblast|p1a: Milotic\n|-activate|p1a: Milotic|move: Protect\n|move|p2b: Sneasler|Dire Claw|p1a: Milotic\n|-activate|p1a: Milotic|move: Protect\n|\n|-weather|Snowscape|[upkeep]\n|upkeep\n|turn|4\n|\n|t:|1776132387\n|switch|p1b: Arcanine|Arcanine-Hisui, L50, M|100/100\n|switch|p1a: Archaludon|Archaludon, L50, M|100/100\n|move|p2a: Whimsicott|Encore||[still]\n|-fail|p2a: Whimsicott\n|move|p2b: Sneasler|Dire Claw|p1b: Arcanine\n|-resisted|p1b: Arcanine|1\n|-damage|p1b: Arcanine|80/100\n|\n|-weather|Snowscape|[upkeep]\n|-sideend|p2: underlinegui|move: Tailwind\n|upkeep\n|turn|5\n|inactive|Bambinator88 has 30 seconds left.\n|\n|t:|1776132420\n|switch|p2a: Dragapult|Dragapult, L50, F|100/100\n|move|p1a: Archaludon|Thunderbolt|p2a: Dragapult\n|-resisted|p2a: Dragapult|1\n|-damage|p2a: Dragapult|78/100\n|move|p2b: Sneasler|Close Combat|p1a: Archaludon\n|-supereffective|p1a: Archaludon|1\n|-damage|p1a: Archaludon|26/100\n|-unboost|p2b: Sneasler|def|1\n|-unboost|p2b: Sneasler|spd|1\n|-enditem|p2b: Sneasler|White Herb\n|-clearnegativeboost|p2b: Sneasler|[silent]\n|move|p1b: Arcanine|Flare Blitz|p2b: Sneasler\n|-damage|p2b: Sneasler|0 fnt\n|faint|p2b: Sneasler\n|\n|-weather|none\n|-sideend|p1: Bambinator88|move: Aurora Veil\n|upkeep\n|\n|t:|1776132427\n|switch|p2b: Whimsicott|Whimsicott, L50, F|1/100\n|turn|6\n|\n|t:|1776132447\n|switch|p1a: Milotic|Milotic, L50, F|100/100\n|move|p1b: Arcanine|Extreme Speed|p2b: Whimsicott\n|-damage|p2b: Whimsicott|0 fnt\n|faint|p2b: Whimsicott\n|move|p2a: Dragapult|Dragon Darts|p1b: Arcanine\n|-damage|p1b: Arcanine|45/100\n|-enditem|p1b: Arcanine|Sitrus Berry|[eat]\n|-heal|p1b: Arcanine|70/100|[from] item: Sitrus Berry\n|-anim|p2a: Dragapult|Dragon Darts|p1a: Milotic\n|-damage|p1a: Milotic|67/100\n|\n|-heal|p1a: Milotic|73/100|[from] item: Leftovers\n|upkeep\n|turn|7\n|-message|underlinegui forfeited.\n|\n|win|Bambinator88\n|raw|Bambinator88's rating: 1030 &rarr; <strong>1064</strong><br />(+34 for winning)\n|raw|underlinegui's rating: 1012 &rarr; <strong>1001</strong><br />(-11 for losing)\n|l|\u2606underlinegui\n|player|p2|\n",
  "uploadtime": 1776132467,
  "views": 13,
  "formatid": "gen9championsvgc2026regma",
  "rating": 1001,
  "private": 0,
  "password": null
}