{
  "id": "gen9championsvgc2026regma-2584446991",
  "format": "[Gen 9 Champions] VGC 2026 Reg M-A",
  "players": [
    "Drgonballzzz",
    "ChronicNikos"
  ],
  "log": "|j|\u2606Drgonballzzz\n|j|\u2606ChronicNikos\n|t:|1776261488\n|gametype|doubles\n|player|p1|Drgonballzzz|bruno|1151\n|player|p2|ChronicNikos|cynthia-gen4|1229\n|gen|9\n|tier|[Gen 9 Champions] VGC 2026 Reg M-A\n|rated|\n|rule|Species Clause: Limit one of each Pok\u00e9mon\n|rule|Item Clause: Limit 1 of each item\n|clearpoke\n|poke|p1|Charizard, L50, F|\n|poke|p1|Basculegion, L50, M|\n|poke|p1|Incineroar, L50, F|\n|poke|p1|Sneasler, L50, M|\n|poke|p1|Garchomp, L50, M|\n|poke|p1|Venusaur, L50, M|\n|poke|p2|Gengar, L50, F|\n|poke|p2|Incineroar, L50, M|\n|poke|p2|Tsareena, L50, F|\n|poke|p2|Politoed, L50, M|\n|poke|p2|Archaludon, L50, F|\n|poke|p2|Basculegion, L50, M|\n|teampreview|4\n|inactive|Battle timer is ON: inactive players will automatically lose when time's up. (requested by Drgonballzzz)\nChronicNikos rejected open team sheets.\n|inactive|ChronicNikos has 60 seconds left.\n|\n|t:|1776261527\n|teamsize|p1|4\n|teamsize|p2|4\n|start\n|switch|p1a: Charizard|Charizard, L50, F, shiny|100/100\n|switch|p1b: Venusaur|Venusaur, L50, M, shiny|100/100\n|switch|p2a: AllThingsMustDie|Gengar, L50, F, shiny|100/100\n|switch|p2b: GambolShroud|Tsareena, L50, F|100/100\n|turn|1\n|\n|t:|1776261542\n|detailschange|p2a: AllThingsMustDie|Gengar-Mega, L50, F, shiny\n|-mega|p2a: AllThingsMustDie|Gengar|Gengarite\n|detailschange|p1a: Charizard|Charizard-Mega-Y, L50, F, shiny\n|-mega|p1a: Charizard|Charizard|Charizardite Y\n|-weather|SunnyDay|[from] ability: Drought|[of] p1a: Charizard\n|move|p2a: AllThingsMustDie|Protect|p2a: AllThingsMustDie\n|-singleturn|p2a: AllThingsMustDie|Protect\n|move|p2b: GambolShroud|Protect|p2b: GambolShroud\n|-singleturn|p2b: GambolShroud|Protect\n|move|p1b: Venusaur|Earth Power|p2a: AllThingsMustDie\n|-activate|p2a: AllThingsMustDie|move: Protect\n|move|p1a: Charizard|Heat Wave|p2b: GambolShroud|[spread] \n|-activate|p2a: AllThingsMustDie|move: Protect\n|-activate|p2b: GambolShroud|move: Protect\n|\n|-weather|SunnyDay|[upkeep]\n|upkeep\n|turn|2\n|inactive|ChronicNikos has 30 seconds left.\n|\n|t:|1776261568\n|switch|p2a: Time2SayGB|Politoed, L50, M|100/100\n|-weather|RainDance|[from] ability: Drizzle|[of] p2a: Time2SayGB\n|move|p1a: Charizard|Heat Wave|p2a: Time2SayGB|[spread] p2b\n|-miss|p1a: Charizard|p2a: Time2SayGB\n|-supereffective|p2b: GambolShroud|1\n|-damage|p2b: GambolShroud|42/100\n|move|p1b: Venusaur|Earth Power|p2a: Time2SayGB\n|-damage|p2a: Time2SayGB|82/100\n|move|p2b: GambolShroud|Triple Axel|p1b: Venusaur\n|-supereffective|p1b: Venusaur|1\n|-damage|p1b: Venusaur|80/100\n|-supereffective|p1b: Venusaur|1\n|-damage|p1b: Venusaur|39/100\n|-supereffective|p1b: Venusaur|1\n|-damage|p1b: Venusaur|0 fnt\n|faint|p1b: Venusaur\n|-hitcount|p1: Venusaur|3\n|\n|-weather|RainDance|[upkeep]\n|-heal|p2a: Time2SayGB|88/100|[from] item: Leftovers\n|upkeep\n|inactive|Drgonballzzz has 30 seconds left.\n|inactive|Drgonballzzz has 20 seconds left.\n|inactive|Drgonballzzz has 15 seconds left.\n|inactive|Drgonballzzz has 10 seconds left.\n|\n|t:|1776261617\n|switch|p1b: Garchomp|Garchomp, L50, M, shiny|100/100\n|turn|3\n|inactive|Drgonballzzz has 30 seconds left.\n|inactive|ChronicNikos has 30 seconds left.\n|\n|t:|1776261647\n|switch|p1a: Incineroar|Incineroar, L50, F, shiny|100/100\n|-ability|p1a: Incineroar|Intimidate|boost\n|-unboost|p2a: Time2SayGB|atk|1\n|-unboost|p2b: GambolShroud|atk|1\n|move|p1b: Garchomp|Protect|p1b: Garchomp\n|-singleturn|p1b: Garchomp|Protect\n|move|p2a: Time2SayGB|Protect|p2a: Time2SayGB\n|-singleturn|p2a: Time2SayGB|Protect\n|move|p2b: GambolShroud|Triple Axel|p1b: Garchomp\n|-activate|p1b: Garchomp|move: Protect\n|\n|-weather|RainDance|[upkeep]\n|-heal|p2a: Time2SayGB|94/100|[from] item: Leftovers\n|upkeep\n|turn|4\n|inactive|Drgonballzzz has 30 seconds left.\n|inactive|ChronicNikos has 30 seconds left.\n|inactive|Drgonballzzz has 20 seconds left.\n|inactive|ChronicNikos has 20 seconds left.\n|inactive|Drgonballzzz has 15 seconds left.\n|inactive|ChronicNikos has 15 seconds left.\n|inactive|Drgonballzzz has 10 seconds left.\n|inactive|ChronicNikos has 10 seconds left.\n|inactive|Drgonballzzz has 5 seconds left.\n|\n|t:|1776261702\n|switch|p2a: Tri-Hard|Basculegion, L50, M|100/100\n|move|p1a: Incineroar|Fake Out||[still]\n|cant|p2b: GambolShroud|ability: Queenly Majesty|Fake Out|[of] p1a: Incineroar\n|move|p1b: Garchomp|Earthquake|p2b: GambolShroud|[spread] p1a,p2a,p2b\n|-supereffective|p1a: Incineroar|1\n|-resisted|p2b: GambolShroud|1\n|-damage|p1a: Incineroar|26/100\n|-damage|p2a: Tri-Hard|53/100\n|-damage|p2b: GambolShroud|15/100\n|-enditem|p1a: Incineroar|Sitrus Berry|[eat]\n|-heal|p1a: Incineroar|51/100|[from] item: Sitrus Berry\n|move|p2b: GambolShroud|Triple Axel|p1b: Garchomp\n|-supereffective|p1b: Garchomp|2\n|-damage|p1b: Garchomp|83/100\n|-damage|p2b: GambolShroud|3/100|[from] ability: Rough Skin|[of] p1b: Garchomp\n|-supereffective|p1b: Garchomp|2\n|-damage|p1b: Garchomp|48/100\n|-damage|p2b: GambolShroud|0 fnt|[from] ability: Rough Skin|[of] p1b: Garchomp\n|faint|p2b: GambolShroud\n|-hitcount|p1b: Garchomp|2\n|\n|-weather|RainDance|[upkeep]\n|upkeep\n|inactive|ChronicNikos has 30 seconds left.\n|\n|t:|1776261728\n|switch|p2b: Time2SayGB|Politoed, L50, M|94/100\n|turn|5\n|inactive|ChronicNikos has 30 seconds left.\n|inactive|ChronicNikos has 20 seconds left.\n|inactive|ChronicNikos has 15 seconds left.\n|\n|t:|1776261772\n|switch|p1b: Charizard|Charizard-Mega-Y, L50, F, shiny|100/100\n|-weather|SunnyDay|[from] ability: Drought|[of] p1b: Charizard\n|switch|p2b: AllThingsMustDie|Gengar-Mega, L50, F, shiny|100/100\n|move|p1a: Incineroar|Fake Out||[still]\n|-hint|Fake Out only works on your first turn out.\n|-fail|p1a: Incineroar\n|move|p2a: Tri-Hard|Flip Turn|p1a: Incineroar\n|-supereffective|p1a: Incineroar|1\n|-damage|p1a: Incineroar|19/100\n|\n|t:|1776261783\n|switch|p2a: Time2SayGB|Politoed, L50, M|94/100|[from] Flip Turn\n|-weather|RainDance|[from] ability: Drizzle|[of] p2a: Time2SayGB\n|\n|-weather|RainDance|[upkeep]\n|-heal|p2a: Time2SayGB|99/100|[from] item: Leftovers\n|upkeep\n|turn|6\n|-message|Drgonballzzz forfeited.\n|\n|win|ChronicNikos\n|raw|Drgonballzzz's rating: 1151 &rarr; <strong>1132</strong><br />(-19 for losing)\n|raw|ChronicNikos's rating: 1229 &rarr; <strong>1248</strong><br />(+19 for winning)\n|l|\u2606Drgonballzzz\n|player|p1|\n",
  "uploadtime": 1776261840,
  "views": 29,
  "formatid": "gen9championsvgc2026regma",
  "rating": 1132,
  "private": 0,
  "password": null
}