{
  "id": "gen9championsvgc2026regma-2581339434",
  "format": "[Gen 9 Champions] VGC 2026 Reg M-A",
  "players": [
    "nKnown",
    "lakeandbake"
  ],
  "log": "|j|\u2606nKnown\n|j|\u203dlakeandbake\n|t:|1775988804\n|gametype|doubles\n|player|p1|nKnown|hilbert-wonderlauncher|1118\n|player|p2|lakeandbake|iono-masters|1109\n|gen|9\n|tier|[Gen 9 Champions] VGC 2026 Reg M-A\n|rated|\n|rule|Species Clause: Limit one of each Pok\u00e9mon\n|rule|Item Clause: Limit 1 of each item\n|clearpoke\n|poke|p1|Charizard, L50, M|\n|poke|p1|Venusaur, L50, M|\n|poke|p1|Incineroar, L50, M|\n|poke|p1|Gardevoir, L50, F|\n|poke|p1|Garchomp, L50, F|\n|poke|p1|Milotic, L50, F|\n|poke|p2|Garchomp, L50, F|\n|poke|p2|Aerodactyl, L50, M|\n|poke|p2|Rotom-Wash, L50|\n|poke|p2|Sneasler, L50, F|\n|poke|p2|Incineroar, L50, M|\n|poke|p2|Delphox, L50, F|\n|teampreview|4\nnKnown has agreed to open team sheets.\n|inactive|Battle timer is ON: inactive players will automatically lose when time's up. (requested by nKnown)\nlakeandbake has agreed to open team sheets.\n|showteam|p1|Charizard||CharizarditeY|SolarPower|HeatWave,WeatherBall,SolarBeam,Protect|||M|||50|]Venusaur||FocusSash|Chlorophyll|LeafStorm,SludgeBomb,SleepPowder,AcidSpray|||M|||50|]Incineroar||ShucaBerry|Intimidate|ThroatChop,FlareBlitz,FakeOut,PartingShot|||M|||50|]Gardevoir||ChoiceScarf|Trace|Psyshock,Moonblast,Trick,IcyWind|||F|||50|]Garchomp||HabanBerry|RoughSkin|DragonClaw,Earthquake,RockSlide,Protect|||F|||50|]Milotic||SitrusBerry|Competitive|Scald,IceBeam,LifeDew,Protect|||F|||50|\n|showteam|p2|Garchomp||ChoiceScarf|RoughSkin|RockSlide,Earthquake,Bulldoze,DragonClaw|||F|||50|]Aerodactyl||FocusSash|Pressure|RockSlide,DualWingbeat,Tailwind,Protect|||M|||50|]Rotom-Wash||Leftovers|Levitate|HydroPump,Thunderbolt,WillOWisp,Protect||||||50|]Sneasler||WhiteHerb|Unburden|FakeOut,DireClaw,CloseCombat,Protect|||F|||50|]Incineroar||SitrusBerry|Intimidate|FakeOut,FlareBlitz,ThroatChop,PartingShot|||M|||50|]Delphox||Delphoxite|Blaze|HeatWave,Psychic,Substitute,Protect|||F|||50|\n|inactive|lakeandbake has 60 seconds left.\n|\n|t:|1775988863\n|teamsize|p1|4\n|teamsize|p2|4\n|start\n|switch|p1a: Gardevoir|Gardevoir, L50, F|100/100\n|switch|p1b: Garchomp|Garchomp, L50, F|100/100\n|switch|p2a: Rotom|Rotom-Wash, L50|100/100\n|switch|p2b: Garchomp|Garchomp, L50, F|100/100\n|-ability|p1a: Gardevoir|Levitate|Trace|[from] ability: Trace|[of] p2a: Rotom\n|turn|1\n|inactive|nKnown has 30 seconds left.\n|inactive|lakeandbake has 30 seconds left.\n|inactive|lakeandbake has 20 seconds left.\n|\n|t:|1775988902\n|switch|p2b: Sneasler|Sneasler, L50, F|100/100\n|move|p1b: Garchomp|Protect|p1b: Garchomp\n|-singleturn|p1b: Garchomp|Protect\n|move|p2a: Rotom|Protect|p2a: Rotom\n|-singleturn|p2a: Rotom|Protect\n|move|p1a: Gardevoir|Moonblast|p2b: Sneasler\n|-damage|p2b: Sneasler|31/100\n|\n|upkeep\n|turn|2\n|\n|t:|1775988920\n|switch|p1a: Incineroar|Incineroar, L50, M|100/100\n|-ability|p1a: Incineroar|Intimidate|boost\n|-unboost|p2a: Rotom|atk|1\n|-unboost|p2b: Sneasler|atk|1\n|-enditem|p2b: Sneasler|White Herb\n|-clearnegativeboost|p2b: Sneasler|[silent]\n|move|p2b: Sneasler|Dire Claw|p1a: Incineroar\n|-damage|p1a: Incineroar|64/100\n|move|p1b: Garchomp|Dragon Claw|p2b: Sneasler\n|-damage|p2b: Sneasler|0 fnt\n|faint|p2b: Sneasler\n|move|p2a: Rotom|Will-O-Wisp|p1b: Garchomp|[miss]\n|-miss|p2a: Rotom|p1b: Garchomp\n|\n|upkeep\n|\n|t:|1775988935\n|switch|p2b: Garchomp|Garchomp, L50, F|100/100\n|turn|3\n|inactive|lakeandbake has 30 seconds left.\n|inactive|lakeandbake has 20 seconds left.\n|inactive|lakeandbake has 15 seconds left.\n|inactive|lakeandbake has 10 seconds left.\n|\n|t:|1775988983\n|move|p1a: Incineroar|Fake Out|p2a: Rotom\n|-damage|p2a: Rotom|89/100\n|move|p2b: Garchomp|Earthquake|p1a: Incineroar|[spread] p1a,p1b\n|-immune|p2a: Rotom|[from] ability: Levitate\n|-supereffective|p1a: Incineroar|1\n|-enditem|p1a: Incineroar|Shuca Berry|[eat]\n|-enditem|p1a: Incineroar|Shuca Berry|[weaken]\n|-damage|p1a: Incineroar|29/100\n|-damage|p1b: Garchomp|67/100\n|move|p1b: Garchomp|Dragon Claw|p2b: Garchomp\n|-supereffective|p2b: Garchomp|1\n|-damage|p2b: Garchomp|21/100\n|-damage|p1b: Garchomp|55/100|[from] ability: Rough Skin|[of] p2b: Garchomp\n|cant|p2a: Rotom|flinch\n|\n|-heal|p2a: Rotom|95/100|[from] item: Leftovers\n|upkeep\n|turn|4\n|\n|t:|1775989004\n|switch|p1a: Gardevoir|Gardevoir, L50, F|100/100\n|-ability|p1a: Gardevoir|Levitate|Trace|[from] ability: Trace|[of] p2a: Rotom\n|move|p1b: Garchomp|Protect|p1b: Garchomp\n|-singleturn|p1b: Garchomp|Protect\n|move|p2b: Garchomp|Earthquake|p1b: Garchomp|[spread] \n|-activate|p1b: Garchomp|move: Protect\n|-immune|p2a: Rotom|[from] ability: Levitate\n|-immune|p1a: Gardevoir|[from] ability: Levitate\n|move|p2a: Rotom|Hydro Pump|p1b: Garchomp\n|-activate|p1b: Garchomp|move: Protect\n|\n|-heal|p2a: Rotom|100/100|[from] item: Leftovers\n|upkeep\n|turn|5\n|inactive|nKnown has 30 seconds left.\n|\n|t:|1775989036\n|switch|p2b: Delphox|Delphox, L50, F|100/100\n|move|p1b: Garchomp|Protect|p1b: Garchomp\n|-singleturn|p1b: Garchomp|Protect\n|move|p2a: Rotom|Protect|p2a: Rotom\n|-singleturn|p2a: Rotom|Protect\n|move|p1a: Gardevoir|Icy Wind|p2b: Delphox|[spread] p2b\n|-activate|p2a: Rotom|move: Protect\n|-resisted|p2b: Delphox|1\n|-damage|p2b: Delphox|92/100\n|-unboost|p2b: Delphox|spe|1\n|\n|upkeep\n|turn|6\n|inactive|lakeandbake has 30 seconds left.\n|inactive|lakeandbake has 20 seconds left.\n|inactive|lakeandbake has 15 seconds left.\n|inactive|lakeandbake has 10 seconds left.\n|\n|t:|1775989085\n|detailschange|p2b: Delphox|Delphox-Mega, L50, F\n|-mega|p2b: Delphox|Delphox|Delphoxite\n|move|p1a: Gardevoir|Icy Wind|p2b: Delphox|[spread] p2a,p2b\n|-resisted|p2a: Rotom|1\n|-resisted|p2b: Delphox|1\n|-damage|p2a: Rotom|93/100\n|-damage|p2b: Delphox|85/100\n|-unboost|p2a: Rotom|spe|1\n|-unboost|p2b: Delphox|spe|1\n|move|p1b: Garchomp|Rock Slide|p2b: Delphox|[spread] p2b\n|-miss|p1b: Garchomp|p2a: Rotom\n|-supereffective|p2b: Delphox|1\n|-damage|p2b: Delphox|37/100\n|move|p2b: Delphox|Substitute|p2b: Delphox\n|-start|p2b: Delphox|Substitute\n|-damage|p2b: Delphox|12/100\n|move|p2a: Rotom|Hydro Pump|p1b: Garchomp\n|-damage|p1b: Garchomp|12/100\n|\n|-heal|p2a: Rotom|99/100|[from] item: Leftovers\n|upkeep\n|turn|7\n|\n|t:|1775989109\n|move|p1a: Gardevoir|Icy Wind|p2b: Delphox|[spread] p2a,p2b\n|-resisted|p2b: Delphox|1\n|-activate|p2b: Delphox|move: Substitute|[damage]\n|-resisted|p2a: Rotom|1\n|-damage|p2a: Rotom|90/100\n|-unboost|p2a: Rotom|spe|1\n|move|p1b: Garchomp|Dragon Claw|p2b: Delphox\n|-end|p2b: Delphox|Substitute\n|move|p2b: Delphox|Heat Wave|p1a: Gardevoir|[spread] p1a,p1b\n|-resisted|p1b: Garchomp|1\n|-damage|p1a: Gardevoir|52/100\n|-damage|p1b: Garchomp|0 fnt\n|faint|p1b: Garchomp\n|move|p2a: Rotom|Thunderbolt|p1a: Gardevoir\n|-damage|p1a: Gardevoir|9/100\n|\n|-heal|p2a: Rotom|96/100|[from] item: Leftovers\n|upkeep\n|\n|t:|1775989125\n|switch|p1b: Charizard|Charizard, L50, M|100/100\n|turn|8\n|\n|t:|1775989134\n|switch|p2b: Garchomp|Garchomp, L50, F|21/100\n|detailschange|p1b: Charizard|Charizard-Mega-Y, L50, M\n|-mega|p1b: Charizard|Charizard|Charizardite Y\n|-weather|SunnyDay|[from] ability: Drought|[of] p1b: Charizard\n|move|p1a: Gardevoir|Icy Wind|p2a: Rotom|[spread] p2a,p2b\n|-resisted|p2a: Rotom|1\n|-supereffective|p2b: Garchomp|2\n|-damage|p2a: Rotom|87/100\n|-damage|p2b: Garchomp|0 fnt\n|-unboost|p2a: Rotom|spe|1\n|faint|p2b: Garchomp\n|move|p1b: Charizard|Heat Wave|p2a: Rotom\n|-resisted|p2a: Rotom|1\n|-damage|p2a: Rotom|32/100\n|move|p2a: Rotom|Thunderbolt|p1b: Charizard\n|-supereffective|p1b: Charizard|1\n|-damage|p1b: Charizard|25/100\n|\n|-weather|SunnyDay|[upkeep]\n|-heal|p2a: Rotom|37/100|[from] item: Leftovers\n|upkeep\n|\n|t:|1775989151\n|switch|p2b: Delphox|Delphox-Mega, L50, F|12/100\n|turn|9\n|\n|t:|1775989163\n|move|p1b: Charizard|Protect|p1b: Charizard\n|-singleturn|p1b: Charizard|Protect\n|move|p2b: Delphox|Heat Wave|p1a: Gardevoir|[spread] p1a\n|-activate|p1b: Charizard|move: Protect\n|-damage|p1a: Gardevoir|0 fnt\n|faint|p1a: Gardevoir\n|move|p2a: Rotom|Thunderbolt|p1b: Charizard\n|-activate|p1b: Charizard|move: Protect\n|\n|-weather|SunnyDay|[upkeep]\n|-heal|p2a: Rotom|43/100|[from] item: Leftovers\n|upkeep\n|\n|t:|1775989173\n|switch|p1a: Incineroar|Incineroar, L50, M|29/100\n|-ability|p1a: Incineroar|Intimidate|boost\n|-unboost|p2a: Rotom|atk|1\n|-unboost|p2b: Delphox|atk|1\n|turn|10\n|inactive|nKnown has 30 seconds left.\n|\n|t:|1775989205\n|move|p2b: Delphox|Protect|p2b: Delphox\n|-singleturn|p2b: Delphox|Protect\n|move|p2a: Rotom|Protect|p2a: Rotom\n|-singleturn|p2a: Rotom|Protect\n|move|p1a: Incineroar|Fake Out|p2b: Delphox\n|-activate|p2b: Delphox|move: Protect\n|move|p1b: Charizard|Heat Wave|p2a: Rotom|[spread] \n|-activate|p2a: Rotom|move: Protect\n|-activate|p2b: Delphox|move: Protect\n|\n|-weather|SunnyDay|[upkeep]\n|-heal|p2a: Rotom|49/100|[from] item: Leftovers\n|upkeep\n|turn|11\n|\n|t:|1775989223\n|move|p2b: Delphox|Heat Wave|p1b: Charizard|[spread] p1a,p1b\n|-resisted|p1a: Incineroar|1\n|-resisted|p1b: Charizard|1\n|-damage|p1a: Incineroar|2/100\n|-damage|p1b: Charizard|0 fnt\n|faint|p1b: Charizard\n|move|p1a: Incineroar|Throat Chop|p2b: Delphox\n|-supereffective|p2b: Delphox|1\n|-damage|p2b: Delphox|0 fnt\n|faint|p2b: Delphox\n|move|p2a: Rotom|Thunderbolt|p1a: Incineroar\n|-damage|p1a: Incineroar|0 fnt\n|faint|p1a: Incineroar\n|\n|win|lakeandbake\n|raw|nKnown's rating: 1118 &rarr; <strong>1092</strong><br />(-26 for losing)\n|raw|lakeandbake's rating: 1109 &rarr; <strong>1135</strong><br />(+26 for winning)\n",
  "uploadtime": 1775989223,
  "views": 18,
  "formatid": "gen9championsvgc2026regma",
  "rating": 1092,
  "private": 0,
  "password": null
}