{
  "id": "gen9championsvgc2026regma-2587124925",
  "format": "[Gen 9 Champions] VGC 2026 Reg M-A",
  "players": [
    "chaini xD",
    "Rubi5"
  ],
  "log": "|j|\u2606chaini xD\n|j|\u2606Rubi5\n|t:|1776496956\n|gametype|doubles\n|player|p1|chaini xD|nurseryaide|1273\n|player|p2|Rubi5|miku-fairy|1276\n|gen|9\n|tier|[Gen 9 Champions] VGC 2026 Reg M-A\n|rated|\n|rule|Species Clause: Limit one of each Pok\u00e9mon\n|rule|Item Clause: Limit 1 of each item\n|clearpoke\n|poke|p1|Skarmory, L50, M|\n|poke|p1|Sneasler, L50, M, shiny|\n|poke|p1|Tyranitar, L50, F|\n|poke|p1|Sinistcha, L50|\n|poke|p1|Incineroar, L50, M, shiny|\n|poke|p1|Rotom-Wash, L50, shiny|\n|poke|p2|Floette-Eternal, L50, F|\n|poke|p2|Sneasler, L50, F|\n|poke|p2|Sinistcha, L50|\n|poke|p2|Incineroar, L50, M|\n|poke|p2|Garchomp, L50, M|\n|poke|p2|Maushold-Four, L50|\n|teampreview|4\n|inactive|Battle timer is ON: inactive players will automatically lose when time's up. (requested by Rubi5)\n|inactive|chaini xD has 60 seconds left.\n|inactive|Rubi5 has 60 seconds left.\n|inactive|Rubi5 has 30 seconds left.\n|inactive|Rubi5 has 20 seconds left.\n|inactive|Rubi5 has 15 seconds left.\n|inactive|chaini xD has 30 seconds left.\n|\n|t:|1776497046\n|teamsize|p1|4\n|teamsize|p2|4\n|start\n|switch|p1a: Incineroar|Incineroar, L50, M, shiny|100/100\n|switch|p1b: Rotom|Rotom-Wash, L50, shiny|100/100\n|switch|p2a: Incineroar|Incineroar, L50, M|100/100\n|switch|p2b: Garchomp|Garchomp, L50, M|100/100\n|-ability|p1a: Incineroar|Intimidate|boost\n|-unboost|p2a: Incineroar|atk|1\n|-unboost|p2b: Garchomp|atk|1\n|-ability|p2a: Incineroar|Intimidate|boost\n|-unboost|p1a: Incineroar|atk|1\n|-unboost|p1b: Rotom|atk|1\n|turn|1\n|\n|t:|1776497071\n|move|p1a: Incineroar|Fake Out|p2b: Garchomp\n|-damage|p2b: Garchomp|93/100\n|-damage|p1a: Incineroar|88/100|[from] ability: Rough Skin|[of] p2b: Garchomp\n|move|p2a: Incineroar|Fake Out|p1b: Rotom\n|-damage|p1b: Rotom|93/100\n|cant|p2b: Garchomp|flinch\n|cant|p1b: Rotom|flinch\n|\n|upkeep\n|turn|2\n|\n|t:|1776497085\n|move|p2b: Garchomp|Rock Slide|p1a: Incineroar|[spread] p1a,p1b\n|-supereffective|p1a: Incineroar|1\n|-damage|p1a: Incineroar|70/100\n|-damage|p1b: Rotom|79/100\n|move|p1b: Rotom|Hydro Pump|p2b: Garchomp\n|-damage|p2b: Garchomp|50/100\n|move|p1a: Incineroar|Parting Shot|p2b: Garchomp\n|-unboost|p2b: Garchomp|atk|1\n|-unboost|p2b: Garchomp|spa|1\n|\n|t:|1776497099\n|switch|p1a: DAAAAAMMMM|Skarmory, L50, M|100/100|[from] Parting Shot\n|move|p2a: Incineroar|Darkest Lariat|p1b: Rotom\n|-damage|p1b: Rotom|55/100\n|\n|upkeep\n|turn|3\n|\n|t:|1776497112\n|switch|p2b: Sinistcha|Sinistcha, L50|100/100\n|move|p1a: DAAAAAMMMM|Protect|p1a: DAAAAAMMMM\n|-singleturn|p1a: DAAAAAMMMM|Protect\n|move|p1b: Rotom|Hydro Pump|p2a: Incineroar\n|-supereffective|p2a: Incineroar|1\n|-damage|p2a: Incineroar|43/100\n|move|p2a: Incineroar|Flare Blitz|p1a: DAAAAAMMMM\n|-activate|p1a: DAAAAAMMMM|move: Protect\n|\n|upkeep\n|turn|4\n|inactive|chaini xD has 30 seconds left.\n|\n|t:|1776497139\n|switch|p1b: Incineroar|Incineroar, L50, M, shiny|70/100\n|-ability|p1b: Incineroar|Intimidate|boost\n|-unboost|p2a: Incineroar|atk|1\n|-unboost|p2b: Sinistcha|atk|1\n|detailschange|p1a: DAAAAAMMMM|Skarmory-Mega, L50, M\n|-mega|p1a: DAAAAAMMMM|Skarmory|Skarmorite\n|move|p1a: DAAAAAMMMM|Brave Bird|p2a: Incineroar\n|-damage|p2a: Incineroar|0 fnt\n|faint|p2a: Incineroar\n|-damage|p1a: DAAAAAMMMM|83/100|[from] Recoil\n|move|p2b: Sinistcha|Matcha Gotcha|p1b: Incineroar|[spread] p1b\n|-miss|p2b: Sinistcha|p1a: DAAAAAMMMM\n|-resisted|p1b: Incineroar|1\n|-damage|p1b: Incineroar|60/100\n|\n|upkeep\n|\n|t:|1776497155\n|switch|p2a: Garchomp|Garchomp, L50, M|50/100\n|turn|5\n|\n|t:|1776497172\n|move|p1b: Incineroar|Fake Out|p2a: Garchomp\n|-damage|p2a: Garchomp|38/100\n|-damage|p1b: Incineroar|48/100|[from] ability: Rough Skin|[of] p2a: Garchomp\n|cant|p2a: Garchomp|flinch\n|move|p1a: DAAAAAMMMM|Swords Dance|p1a: DAAAAAMMMM\n|-boost|p1a: DAAAAAMMMM|atk|2\n|move|p2b: Sinistcha|Trick Room|p2b: Sinistcha\n|-fieldstart|move: Trick Room|[of] p2b: Sinistcha\n|\n|upkeep\n|turn|6\n|\n|t:|1776497186\n|switch|p1b: Sinistcha|Sinistcha, L50|100/100\n|-heal|p1a: DAAAAAMMMM|100/100|[from] ability: Hospitality|[of] p1b: Sinistcha\n|move|p2b: Sinistcha|Matcha Gotcha|p1b: Sinistcha|[spread] p1a,p1b\n|-resisted|p1a: DAAAAAMMMM|2\n|-crit|p1a: DAAAAAMMMM\n|-resisted|p1b: Sinistcha|1\n|-damage|p1a: DAAAAAMMMM|90/100\n|-damage|p1b: Sinistcha|88/100\n|-status|p1a: DAAAAAMMMM|brn\n|-status|p1b: Sinistcha|brn\n|move|p1a: DAAAAAMMMM|Brave Bird|p2b: Sinistcha\n|-supereffective|p2b: Sinistcha|1\n|-damage|p2b: Sinistcha|0 fnt\n|faint|p2b: Sinistcha\n|-damage|p1a: DAAAAAMMMM|52/100 brn|[from] Recoil\n|move|p2a: Garchomp|Rock Slide|p1b: Sinistcha|[spread] p1a,p1b\n|-damage|p1a: DAAAAAMMMM|33/100 brn\n|-damage|p1b: Sinistcha|72/100 brn\n|\n|-damage|p1b: Sinistcha|66/100 brn|[from] brn\n|-damage|p1a: DAAAAAMMMM|27/100 brn|[from] brn\n|upkeep\n|\n|t:|1776497204\n|switch|p2b: Floette|Floette-Eternal, L50, F|100/100\n|turn|7\n|\n|t:|1776497216\n|detailschange|p2b: Floette|Floette-Mega, L50, F\n|-mega|p2b: Floette|Floette|Floettite\n|-ability|p2b: Floette|Fairy Aura\n|move|p1a: DAAAAAMMMM|Protect|p1a: DAAAAAMMMM\n|-singleturn|p1a: DAAAAAMMMM|Protect\n|move|p1b: Sinistcha|Life Dew|p1b: Sinistcha|[spread] p1a,p1b\n|-heal|p1a: DAAAAAMMMM|52/100 brn\n|-heal|p1b: Sinistcha|92/100 brn\n|move|p2b: Floette|Dazzling Gleam|p1a: DAAAAAMMMM|[spread] p1b\n|-activate|p1a: DAAAAAMMMM|move: Protect\n|-damage|p1b: Sinistcha|40/100 brn\n|-enditem|p1b: Sinistcha|Sitrus Berry|[eat]\n|-heal|p1b: Sinistcha|65/100 brn|[from] item: Sitrus Berry\n|move|p2a: Garchomp|Rock Slide|p1a: DAAAAAMMMM|[spread] p1b\n|-activate|p1a: DAAAAAMMMM|move: Protect\n|-damage|p1b: Sinistcha|49/100 brn\n|\n|-damage|p1b: Sinistcha|43/100 brn|[from] brn\n|-damage|p1a: DAAAAAMMMM|47/100 brn|[from] brn\n|upkeep\n|turn|8\n|\n|t:|1776497232\n|move|p1b: Sinistcha|Matcha Gotcha|p2a: Garchomp|[spread] p2a,p2b\n|-damage|p2a: Garchomp|13/100\n|-heal|p1b: Sinistcha|57/100 brn|[from] drain|[of] p2a: Garchomp\n|-damage|p2b: Floette|83/100\n|-heal|p1b: Sinistcha|65/100 brn|[from] drain|[of] p2b: Floette\n|-status|p2b: Floette|brn\n|move|p2b: Floette|Moonblast|p1a: DAAAAAMMMM\n|-resisted|p1a: DAAAAAMMMM|1\n|-damage|p1a: DAAAAAMMMM|0 fnt\n|faint|p1a: DAAAAAMMMM\n|move|p2a: Garchomp|Rock Slide|p1b: Sinistcha\n|-damage|p1b: Sinistcha|44/100 brn\n|\n|-damage|p1b: Sinistcha|38/100 brn|[from] brn\n|-damage|p2b: Floette|77/100 brn|[from] brn\n|upkeep\n|\n|t:|1776497246\n|switch|p1a: Incineroar|Incineroar, L50, M, shiny|48/100\n|-ability|p1a: Incineroar|Intimidate|boost\n|-unboost|p2a: Garchomp|atk|1\n|-unboost|p2b: Floette|atk|1\n|turn|9\n|\n|t:|1776497256\n|move|p1a: Incineroar|Fake Out|p2b: Floette\n|-damage|p2b: Floette|62/100 brn\n|move|p1b: Sinistcha|Matcha Gotcha|p2a: Garchomp|[spread] p2a,p2b\n|-damage|p2a: Garchomp|0 fnt\n|-heal|p1b: Sinistcha|45/100 brn|[from] drain|[of] p2a: Garchomp\n|-damage|p2b: Floette|44/100 brn\n|-heal|p1b: Sinistcha|53/100 brn|[from] drain|[of] p2b: Floette\n|faint|p2a: Garchomp\n|cant|p2b: Floette|flinch\n|\n|-damage|p1b: Sinistcha|48/100 brn|[from] brn\n|-damage|p2b: Floette|38/100 brn|[from] brn\n|-fieldend|move: Trick Room\n|upkeep\n|turn|10\n|\n|t:|1776497274\n|move|p1b: Sinistcha|Protect|p1b: Sinistcha\n|-singleturn|p1b: Sinistcha|Protect\n|move|p2b: Floette|Dazzling Gleam|p1a: Incineroar|[spread] p1a\n|-activate|p1b: Sinistcha|move: Protect\n|-damage|p1a: Incineroar|0 fnt\n|faint|p1a: Incineroar\n|\n|-damage|p2b: Floette|32/100 brn|[from] brn\n|-damage|p1b: Sinistcha|42/100 brn|[from] brn\n|upkeep\n|\n|t:|1776497280\n|switch|p1a: Rotom|Rotom-Wash, L50, shiny|55/100\n|turn|11\n|\n|t:|1776497288\n|move|p1a: Rotom|Hydro Pump|p2b: Floette\n|-damage|p2b: Floette|4/100 brn\n|move|p2b: Floette|Dazzling Gleam|p1a: Rotom|[spread] p1a,p1b\n|-damage|p1a: Rotom|1/100\n|-damage|p1b: Sinistcha|0 fnt\n|faint|p1b: Sinistcha\n|\n|-damage|p2b: Floette|0 fnt|[from] brn\n|faint|p2b: Floette\n|\n|win|chaini xD\n|raw|chaini xD's rating: 1273 &rarr; <strong>1298</strong><br />(+25 for winning)\n|raw|Rubi5's rating: 1276 &rarr; <strong>1251</strong><br />(-25 for losing)\n",
  "uploadtime": 1776497304,
  "views": 32,
  "formatid": "gen9championsvgc2026regma",
  "rating": 1251,
  "private": 0,
  "password": null
}