{
  "id": "gen9championsvgc2026regma-2584780257",
  "format": "[Gen 9 Champions] VGC 2026 Reg M-A",
  "players": [
    "mayhemicdimise",
    "TreantDays"
  ],
  "log": "|j|\u2606mayhemicdimise\n|j|\u2606TreantDays\n|t:|1776283132\n|gametype|doubles\n|player|p1|mayhemicdimise|benga|1086\n|player|p2|TreantDays|266|1000\n|gen|9\n|tier|[Gen 9 Champions] VGC 2026 Reg M-A\n|rated|\n|rule|Species Clause: Limit one of each Pok\u00e9mon\n|rule|Item Clause: Limit 1 of each item\n|clearpoke\n|poke|p1|Aggron, L50, F|\n|poke|p1|Sableye, L50, F|\n|poke|p1|Pelipper, L50, M|\n|poke|p1|Sinistcha, L50|\n|poke|p1|Zoroark-Hisui, L50, F|\n|poke|p1|Sneasler, L50, F|\n|poke|p2|Venusaur, L50, M|\n|poke|p2|Garganacl, L50, M|\n|poke|p2|Sinistcha-Masterpiece, L50|\n|poke|p2|Sneasler, L50, M|\n|poke|p2|Charizard, L50, M|\n|poke|p2|Milotic, L50, F|\n|teampreview|4\nmayhemicdimise rejected open team sheets.\n|c|\u2606mayhemicdimise|Hello\n|c|\u2606mayhemicdimise|Would u like to play a game\n|\n|t:|1776283173\n|teamsize|p1|4\n|teamsize|p2|4\n|start\n|switch|p1a: Sableye|Sableye, L50, F, shiny|100/100\n|switch|p1b: Aggron|Aggron, L50, F, shiny|100/100\n|switch|p2a: Sneasler|Sneasler, L50, M|100/100\n|switch|p2b: Garganacl|Garganacl, L50, M|100/100\n|turn|1\n|\n|t:|1776283195\n|move|p1b: Aggron|Protect|p1b: Aggron\n|-singleturn|p1b: Aggron|Protect\n|move|p2a: Sneasler|Fake Out|p1b: Aggron\n|-activate|p1b: Aggron|move: Protect\n|move|p1a: Sableye|Light Screen|p1a: Sableye\n|-sidestart|p1: mayhemicdimise|move: Light Screen\n|move|p2b: Garganacl|Stealth Rock|p1b: Aggron\n|-sidestart|p1: mayhemicdimise|move: Stealth Rock\n|\n|upkeep\n|turn|2\n|\n|t:|1776283220\n|detailschange|p1b: Aggron|Aggron-Mega, L50, F, shiny\n|-mega|p1b: Aggron|Aggron|Aggronite\n|move|p1a: Sableye|Quash|p2a: Sneasler\n|-activate|p2a: Sneasler|move: Quash\n|move|p1b: Aggron|Body Press|p2b: Garganacl\n|-supereffective|p2b: Garganacl|1\n|-damage|p2b: Garganacl|56/100\n|move|p2b: Garganacl|Salt Cure|p1a: Sableye\n|-damage|p1a: Sableye|82/100\n|-start|p1a: Sableye|Salt Cure\n|move|p2a: Sneasler|Close Combat|p1b: Aggron\n|-supereffective|p1b: Aggron|1\n|-crit|p1b: Aggron\n|-damage|p1b: Aggron|34/100\n|-unboost|p2a: Sneasler|def|1\n|-unboost|p2a: Sneasler|spd|1\n|\n|-damage|p1a: Sableye|76/100|[from] Salt Cure\n|upkeep\n|turn|3\n|\n|t:|1776283252\n|move|p1b: Aggron|Protect|p1b: Aggron\n|-singleturn|p1b: Aggron|Protect\n|move|p1a: Sableye|Disable|p2b: Garganacl\n|-start|p2b: Garganacl|Disable|Salt Cure\n|move|p2a: Sneasler|Close Combat|p1b: Aggron\n|-activate|p1b: Aggron|move: Protect\n|move|p2b: Garganacl|Recover|p2b: Garganacl\n|-heal|p2b: Garganacl|100/100\n|\n|-damage|p1a: Sableye|71/100|[from] Salt Cure\n|upkeep\n|turn|4\n|\n|t:|1776283285\n|switch|p2b: Sinistcha|Sinistcha-Masterpiece, L50|100/100\n|move|p1a: Sableye|Disable|p2a: Sneasler\n|-start|p2a: Sneasler|Disable|Close Combat\n|cant|p2a: Sneasler|Disable|Close Combat\n|move|p1b: Aggron|Body Press|p2b: Sinistcha\n|-immune|p2b: Sinistcha\n|\n|-damage|p1a: Sableye|65/100|[from] Salt Cure\n|upkeep\n|turn|5\n|\n|t:|1776283312\n|switch|p2a: Charizard|Charizard, L50, M|100/100\n|switch|p1a: Sinistcha|Sinistcha, L50, shiny|100/100\n|-damage|p1a: Sinistcha|88/100|[from] Stealth Rock\n|-heal|p1b: Aggron|59/100|[from] ability: Hospitality|[of] p1a: Sinistcha\n|move|p2b: Sinistcha|Matcha Gotcha|p1a: Sinistcha|[spread] p1a,p1b\n|-resisted|p1a: Sinistcha|1\n|-resisted|p1b: Aggron|1\n|-damage|p1a: Sinistcha|77/100\n|-damage|p1b: Aggron|52/100\n|move|p1b: Aggron|Iron Defense|p1b: Aggron\n|-boost|p1b: Aggron|def|2\n|\n|-sideend|p1: mayhemicdimise|move: Light Screen\n|upkeep\n|turn|6\n|\n|t:|1776283348\n|switch|p2b: Garganacl|Garganacl, L50, M|100/100\n|detailschange|p2a: Charizard|Charizard-Mega-Y, L50, M\n|-mega|p2a: Charizard|Charizard|Charizardite Y\n|-weather|SunnyDay|[from] ability: Drought|[of] p2a: Charizard\n|move|p1b: Aggron|Protect|p1b: Aggron\n|-singleturn|p1b: Aggron|Protect\n|move|p2a: Charizard|Flamethrower|p1a: Sinistcha\n|-supereffective|p1a: Sinistcha|1\n|-damage|p1a: Sinistcha|0 fnt\n|faint|p1a: Sinistcha\n|\n|-weather|SunnyDay|[upkeep]\n|upkeep\n|\n|t:|1776283363\n|switch|p1a: Pelipper|Pelipper, L50, M, shiny|100/100\n|-damage|p1a: Pelipper|76/100|[from] Stealth Rock\n|-weather|RainDance|[from] ability: Drizzle|[of] p1a: Pelipper\n|turn|7\n|\n|t:|1776283388\n|move|p2a: Charizard|Flamethrower|p1b: Aggron\n|-supereffective|p1b: Aggron|1\n|-damage|p1b: Aggron|21/100\n|move|p1a: Pelipper|Weather Ball|p2a: Charizard\n|-supereffective|p2a: Charizard|1\n|-damage|p2a: Charizard|0 fnt\n|faint|p2a: Charizard\n|move|p1b: Aggron|Body Press|p2b: Garganacl\n|-supereffective|p2b: Garganacl|1\n|-damage|p2b: Garganacl|17/100\n|move|p2b: Garganacl|Salt Cure|p1a: Pelipper\n|-supereffective|p1a: Pelipper|1\n|-damage|p1a: Pelipper|45/100\n|-start|p1a: Pelipper|Salt Cure\n|\n|-weather|RainDance|[upkeep]\n|-damage|p1a: Pelipper|33/100|[from] Salt Cure\n|upkeep\n|\n|t:|1776283407\n|switch|p2a: Sinistcha|Sinistcha-Masterpiece, L50|100/100\n|-heal|p2b: Garganacl|42/100|[from] ability: Hospitality|[of] p2a: Sinistcha\n|turn|8\n|\n|t:|1776283417\n|move|p2a: Sinistcha|Rage Powder|p2a: Sinistcha\n|-singleturn|p2a: Sinistcha|move: Rage Powder\n|move|p1a: Pelipper|Weather Ball|p2a: Sinistcha\n|-resisted|p2a: Sinistcha|1\n|-crit|p2a: Sinistcha\n|-damage|p2a: Sinistcha|58/100\n|move|p1b: Aggron|Heavy Slam|p2a: Sinistcha\n|-damage|p2a: Sinistcha|7/100\n|move|p2b: Garganacl|Salt Cure|p1a: Pelipper\n|-supereffective|p1a: Pelipper|1\n|-damage|p1a: Pelipper|5/100\n|\n|-weather|RainDance|[upkeep]\n|-damage|p1a: Pelipper|0 fnt|[from] Salt Cure\n|faint|p1a: Pelipper\n|upkeep\n|\n|t:|1776283432\n|switch|p1a: Sableye|Sableye, L50, F, shiny|65/100\n|-damage|p1a: Sableye|53/100|[from] Stealth Rock\n|turn|9\n|\n|t:|1776283454\n|move|p1b: Aggron|Protect|p1b: Aggron\n|-singleturn|p1b: Aggron|Protect\n|move|p2a: Sinistcha|Matcha Gotcha|p1b: Aggron|[spread] p1a\n|-activate|p1b: Aggron|move: Protect\n|-crit|p1a: Sableye\n|-damage|p1a: Sableye|1/100\n|-heal|p2a: Sinistcha|30/100|[from] drain|[of] p1a: Sableye\n|move|p1a: Sableye|Foul Play|p2a: Sinistcha\n|-supereffective|p2a: Sinistcha|1\n|-damage|p2a: Sinistcha|0 fnt\n|faint|p2a: Sinistcha\n|move|p2b: Garganacl|Salt Cure|p1b: Aggron\n|-activate|p1b: Aggron|move: Protect\n|\n|-weather|RainDance|[upkeep]\n|upkeep\n|\n|t:|1776283471\n|switch|p2a: Sneasler|Sneasler, L50, M|100/100\n|turn|10\n|\n|t:|1776283486\n|move|p2a: Sneasler|Fake Out|p1b: Aggron\n|-resisted|p1b: Aggron|1\n|-damage|p1b: Aggron|20/100\n|cant|p1b: Aggron|flinch\n|move|p1a: Sableye|Foul Play|p2b: Garganacl\n|-damage|p2b: Garganacl|24/100\n|move|p2b: Garganacl|Recover|p2b: Garganacl\n|-heal|p2b: Garganacl|74/100\n|\n|-weather|RainDance|[upkeep]\n|upkeep\n|turn|11\n|\n|t:|1776283513\n|move|p1a: Sableye|Quash|p2a: Sneasler\n|-activate|p2a: Sneasler|move: Quash\n|move|p1b: Aggron|Body Press|p2b: Garganacl\n|-supereffective|p2b: Garganacl|1\n|-damage|p2b: Garganacl|0 fnt\n|faint|p2b: Garganacl\n|move|p2a: Sneasler|Close Combat|p1b: Aggron\n|-supereffective|p1b: Aggron|1\n|-damage|p1b: Aggron|0 fnt\n|-unboost|p2a: Sneasler|def|1\n|-unboost|p2a: Sneasler|spd|1\n|faint|p1b: Aggron\n|\n|-weather|none\n|upkeep\n|turn|12\n|\n|t:|1776283554\n|move|p2a: Sneasler|Dire Claw|p1a: Sableye\n|-resisted|p1a: Sableye|1\n|-damage|p1a: Sableye|0 fnt\n|faint|p1a: Sableye\n|\n|win|TreantDays\n|raw|mayhemicdimise's rating: 1086 &rarr; <strong>1058</strong><br />(-28 for losing)\n|raw|TreantDays's rating: 1000 &rarr; <strong>1050</strong><br />(+50 for winning)\n|c|\u2606mayhemicdimise|Ggs\n",
  "uploadtime": 1776283561,
  "views": 16,
  "formatid": "gen9championsvgc2026regma",
  "rating": 1050,
  "private": 0,
  "password": null
}