{
  "id": "gen9championsvgc2026regma-2583382318",
  "format": "[Gen 9 Champions] VGC 2026 Reg M-A",
  "players": [
    "CorinWickesIRL",
    "316x"
  ],
  "log": "|j|\u2606CorinWickesIRL\n|j|\u2606316x\n|t:|1776171767\n|gametype|doubles\n|player|p1|CorinWickesIRL|skierf|1000\n|player|p2|316x|102|1029\n|gen|9\n|tier|[Gen 9 Champions] VGC 2026 Reg M-A\n|rated|\n|rule|Species Clause: Limit one of each Pok\u00e9mon\n|rule|Item Clause: Limit 1 of each item\n|clearpoke\n|poke|p1|Meowscarada, L50, F|\n|poke|p1|Pelipper, L50, M|\n|poke|p1|Skarmory, L50, M|\n|poke|p1|Garchomp, L50, F|\n|poke|p1|Lycanroc-Dusk, L50, M|\n|poke|p1|Farigiraf, L50, F|\n|poke|p2|Toxapex, L50, M|\n|poke|p2|Sableye, L50, M|\n|poke|p2|Runerigus, L50, M|\n|poke|p2|Goodra-Hisui, L50, M|\n|poke|p2|Hatterene, L50, F|\n|poke|p2|Ampharos, L50, F|\n|teampreview|4\n|\n|t:|1776171833\n|teamsize|p1|4\n|teamsize|p2|4\n|start\n|switch|p1a: Lorelei|Garchomp, L50, F, shiny|100/100\n|switch|p1b: Stormbird|Skarmory, L50, M, shiny|100/100\n|switch|p2a: Toxapex|Toxapex, L50, M|100/100\n|switch|p2b: Sableye|Sableye, L50, M|100/100\n|turn|1\n|inactive|Battle timer is ON: inactive players will automatically lose when time's up. (requested by 316x)\n|inactive|316x has 60 seconds left.\n|\n|t:|1776171868\n|detailschange|p1b: Stormbird|Skarmory-Mega, L50, M, shiny\n|-mega|p1b: Stormbird|Skarmory|Skarmorite\n|move|p2b: Sableye|Skill Swap|p2a: Toxapex\n|-activate|p2b: Sableye|Skill Swap|||[of] p2a: Toxapex\n|move|p2a: Toxapex|Stockpile|p2a: Toxapex\n|-start|p2a: Toxapex|stockpile1\n|-boost|p2a: Toxapex|def|1\n|-boost|p2a: Toxapex|spd|1\n|move|p1a: Lorelei|Earthquake|p2a: Toxapex|[spread] p2a,p2b\n|-immune|p1b: Stormbird\n|-supereffective|p2a: Toxapex|1\n|-damage|p2a: Toxapex|58/100\n|-damage|p2b: Sableye|50/100\n|move|p1b: Stormbird|Swords Dance|p1b: Stormbird\n|-boost|p1b: Stormbird|atk|2\n|\n|upkeep\n|turn|2\n|inactive|CorinWickesIRL has 30 seconds left.\n|inactive|CorinWickesIRL has 20 seconds left.\n|\n|t:|1776171906\n|detailschange|p2b: Sableye|Sableye-Mega, L50, M\n|-mega|p2b: Sableye|Sableye|Sablenite\n|move|p2a: Toxapex|Stockpile|p2a: Toxapex\n|-start|p2a: Toxapex|stockpile2\n|-boost|p2a: Toxapex|def|1\n|-boost|p2a: Toxapex|spd|1\n|move|p1a: Lorelei|Earthquake|p2a: Toxapex|[spread] p2a,p2b\n|-immune|p1b: Stormbird\n|-supereffective|p2a: Toxapex|1\n|-damage|p2a: Toxapex|27/100\n|-damage|p2b: Sableye|13/100\n|move|p1b: Stormbird|Drill Run|p2b: Sableye\n|-damage|p2b: Sableye|0 fnt\n|faint|p2b: Sableye\n|\n|upkeep\n|\n|t:|1776171922\n|switch|p2b: Runerigus|Runerigus, L50, M|100/100\n|turn|3\n|\n|t:|1776171941\n|move|p2a: Toxapex|Recover|p2a: Toxapex\n|-heal|p2a: Toxapex|77/100\n|move|p1a: Lorelei|Earthquake|p2b: Runerigus|[spread] p2a,p2b\n|-immune|p1b: Stormbird\n|-supereffective|p2a: Toxapex|1\n|-crit|p2b: Runerigus\n|-damage|p2a: Toxapex|49/100\n|-damage|p2b: Runerigus|49/100\n|-enditem|p2b: Runerigus|Sitrus Berry|[eat]\n|-heal|p2b: Runerigus|74/100|[from] item: Sitrus Berry\n|move|p1b: Stormbird|Drill Run|p2a: Toxapex\n|-supereffective|p2a: Toxapex|1\n|-damage|p2a: Toxapex|0 fnt\n|faint|p2a: Toxapex\n|move|p2b: Runerigus|Trick Room|p2b: Runerigus\n|-fieldstart|move: Trick Room|[of] p2b: Runerigus\n|\n|upkeep\n|\n|t:|1776171954\n|switch|p2a: Ampharos|Ampharos, L50, F|100/100\n|turn|4\n|inactive|CorinWickesIRL has 30 seconds left.\n|inactive|316x has 30 seconds left.\n|inactive|316x has 20 seconds left.\n|inactive|316x has 15 seconds left.\n|inactive|316x has 10 seconds left.\n|inactive|316x has 5 seconds left.\n|\n|t:|1776172009\n|move|p2a: Ampharos|Cotton Guard|p2a: Ampharos\n|-boost|p2a: Ampharos|def|3\n|move|p1b: Stormbird|Drill Run|p2a: Ampharos\n|-supereffective|p2a: Ampharos|1\n|-damage|p2a: Ampharos|44/100\n|move|p1a: Lorelei|Earthquake|p2a: Ampharos|[spread] p2a,p2b\n|-immune|p1b: Stormbird\n|-supereffective|p2a: Ampharos|1\n|-damage|p2a: Ampharos|11/100\n|-damage|p2b: Runerigus|43/100\n|move|p2b: Runerigus|Trick Room|p2b: Runerigus\n|-fieldend|move: Trick Room\n|\n|upkeep\n|turn|5\n|inactive|316x has 30 seconds left.\n|inactive|316x has 20 seconds left.\n|inactive|316x has 15 seconds left.\n|inactive|316x has 10 seconds left.\n|inactive|316x has 5 seconds left.\n|\n|t:|1776172064\n|move|p1a: Lorelei|Earthquake|p2a: Ampharos|[spread] p2a,p2b\n|-immune|p1b: Stormbird\n|-supereffective|p2a: Ampharos|1\n|-damage|p2a: Ampharos|0 fnt\n|-damage|p2b: Runerigus|13/100\n|faint|p2a: Ampharos\n|move|p1b: Stormbird|Drill Run|p2b: Runerigus\n|-damage|p2b: Runerigus|0 fnt\n|-activate|p1b: Stormbird|Skill Swap|Wandering Spirit|Stalwart|[of] p2b: Runerigus\n|faint|p2b: Runerigus\n|\n|win|CorinWickesIRL\n|raw|CorinWickesIRL's rating: 1000 &rarr; <strong>1043</strong><br />(+43 for winning)\n|raw|316x's rating: 1029 &rarr; <strong>1013</strong><br />(-16 for losing)\n",
  "uploadtime": 1776172079,
  "views": 31,
  "formatid": "gen9championsvgc2026regma",
  "rating": 1013,
  "private": 0,
  "password": null
}