{
  "id": "gen9championsvgc2026regma-2580410925",
  "format": "[Gen 9 Champions] VGC 2026 Reg M-A",
  "players": [
    "lolgz",
    "binghuan233"
  ],
  "log": "|j|\u2606lolgz\n|j|\u2606binghuan233\n|t:|1775892372\n|gametype|doubles\n|player|p1|lolgz|266|1111\n|player|p2|binghuan233|lana|1129\n|gen|9\n|tier|[Gen 9 Champions] VGC 2026 Reg M-A\n|rated|\n|rule|Species Clause: Limit one of each Pok\u00e9mon\n|rule|Item Clause: Limit 1 of each item\n|clearpoke\n|poke|p1|Charizard, L50, M|\n|poke|p1|Whimsicott, L50, M|\n|poke|p1|Basculegion, L50, M|\n|poke|p1|Farigiraf, L50, F|\n|poke|p1|Kangaskhan, L50, F|\n|poke|p1|Sneasler, L50, M|\n|poke|p2|Glimmora, L50, M|\n|poke|p2|Incineroar, L50, F|\n|poke|p2|Whimsicott, L50, F|\n|poke|p2|Rotom-Wash, L50|\n|poke|p2|Dragapult, L50, M|\n|poke|p2|Kingambit, L50, M|\n|teampreview|4\n|inactive|Battle timer is ON: inactive players will automatically lose when time's up. (requested by binghuan233)\n|j| MyBad20\n|inactive|lolgz has 60 seconds left.\n|inactive|binghuan233 has 60 seconds left.\n|inactive|lolgz has 30 seconds left.\n|inactive|lolgz has 20 seconds left.\n|inactive|lolgz has 15 seconds left.\n|\n|t:|1775892450\n|teamsize|p1|4\n|teamsize|p2|4\n|start\n|switch|p1a: Whimsicott|Whimsicott, L50, M|100/100\n|switch|p1b: Kangaskhan|Kangaskhan, L50, F|100/100\n|switch|p2a: Incineroar|Incineroar, L50, F|100/100\n|switch|p2b: Glimmora|Glimmora, L50, M|100/100\n|-ability|p2a: Incineroar|Intimidate|boost\n|-unboost|p1a: Whimsicott|atk|1\n|-fail|p1b: Kangaskhan|unboost|Attack|[from] ability: Scrappy|[of] p1b: Kangaskhan\n|turn|1\n|inactive|binghuan233 has 30 seconds left.\n|\n|t:|1775892476\n|detailschange|p2b: Glimmora|Glimmora-Mega, L50, M\n|-mega|p2b: Glimmora|Glimmora|Glimmoranite\n|detailschange|p1b: Kangaskhan|Kangaskhan-Mega, L50, F\n|-mega|p1b: Kangaskhan|Kangaskhan|Kangaskhanite\n|move|p1b: Kangaskhan|Fake Out|p2b: Glimmora\n|-resisted|p2b: Glimmora|1\n|-damage|p2b: Glimmora|88/100\n|-resisted|p2b: Glimmora|1\n|-crit|p2b: Glimmora\n|-damage|p2b: Glimmora|85/100\n|-hitcount|p2b: Glimmora|2\n|move|p1a: Whimsicott|Tailwind|p1a: Whimsicott\n|-sidestart|p1: lolgz|move: Tailwind\n|cant|p2b: Glimmora|flinch\n|move|p2a: Incineroar|Flare Blitz|p1a: Whimsicott\n|-supereffective|p1a: Whimsicott|1\n|-enditem|p1a: Whimsicott|Focus Sash\n|-damage|p1a: Whimsicott|1/100\n|-damage|p2a: Incineroar|78/100|[from] Recoil\n|\n|upkeep\n|turn|2\n|inactive|lolgz has 30 seconds left.\n|\n|t:|1775892502\n|move|p1a: Whimsicott|Moonblast|p2b: Glimmora\n|-resisted|p2b: Glimmora|1\n|-damage|p2b: Glimmora|65/100\n|-unboost|p2b: Glimmora|spa|1\n|move|p1b: Kangaskhan|Double-Edge|p2b: Glimmora\n|-resisted|p2b: Glimmora|1\n|-damage|p2b: Glimmora|31/100\n|-resisted|p2b: Glimmora|1\n|-damage|p2b: Glimmora|23/100\n|-hitcount|p2b: Glimmora|2\n|-damage|p1b: Kangaskhan|88/100|[from] Recoil\n|move|p2b: Glimmora|Sludge Bomb|p1a: Whimsicott\n|-supereffective|p1a: Whimsicott|2\n|-crit|p1a: Whimsicott\n|-damage|p1a: Whimsicott|0 fnt\n|faint|p1a: Whimsicott\n|move|p2a: Incineroar|Parting Shot|p1b: Kangaskhan\n|-unboost|p1b: Kangaskhan|atk|1\n|-unboost|p1b: Kangaskhan|spa|1\n|\n|t:|1775892521\n|switch|p2a: Kingambit|Kingambit, L50, M|100/100|[from] Parting Shot\n|\n|upkeep\n|\n|t:|1775892530\n|switch|p1a: Sneasler|Sneasler, L50, M|100/100\n|turn|3\n|\n|t:|1775892542\n|switch|p2b: Incineroar|Incineroar, L50, F|78/100\n|-ability|p2b: Incineroar|Intimidate|boost\n|-unboost|p1a: Sneasler|atk|1\n|-unboost|p1b: Kangaskhan|atk|1\n|-enditem|p1a: Sneasler|White Herb\n|-clearnegativeboost|p1a: Sneasler|[silent]\n|move|p2a: Kingambit|Protect|p2a: Kingambit\n|-singleturn|p2a: Kingambit|Protect\n|move|p1a: Sneasler|Close Combat|p2a: Kingambit\n|-activate|p2a: Kingambit|move: Protect\n|move|p1b: Kangaskhan|Drain Punch|p2b: Incineroar\n|-supereffective|p2b: Incineroar|1\n|-damage|p2b: Incineroar|56/100\n|-heal|p1b: Kangaskhan|100/100|[from] drain|[of] p2b: Incineroar\n|-supereffective|p2b: Incineroar|1\n|-damage|p2b: Incineroar|51/100\n|-hitcount|p2b: Incineroar|2\n|\n|upkeep\n|turn|4\n|\n|t:|1775892563\n|move|p2b: Incineroar|Fake Out|p1a: Sneasler\n|-damage|p1a: Sneasler|81/100\n|cant|p1a: Sneasler|flinch\n|move|p1b: Kangaskhan|Drain Punch|p2a: Kingambit\n|-supereffective|p2a: Kingambit|2\n|-damage|p2a: Kingambit|55/100\n|-supereffective|p2a: Kingambit|2\n|-damage|p2a: Kingambit|45/100\n|-hitcount|p2a: Kingambit|2\n|move|p2a: Kingambit|Iron Head|p1a: Sneasler\n|-damage|p1a: Sneasler|0 fnt\n|faint|p1a: Sneasler\n|\n|-sideend|p1: lolgz|move: Tailwind\n|upkeep\n|\n|t:|1775892572\n|switch|p1a: Basculegion|Basculegion, L50, M|100/100\n|turn|5\n|inactive|binghuan233 has 30 seconds left.\n|\n|t:|1775892597\n|switch|p2b: Rotom|Rotom-Wash, L50|100/100\n|move|p2a: Kingambit|Sucker Punch|p1a: Basculegion\n|-supereffective|p1a: Basculegion|1\n|-damage|p1a: Basculegion|0 fnt\n|faint|p1a: Basculegion\n|move|p1b: Kangaskhan|Drain Punch|p2a: Kingambit\n|-supereffective|p2a: Kingambit|2\n|-damage|p2a: Kingambit|4/100\n|-supereffective|p2a: Kingambit|2\n|-damage|p2a: Kingambit|0 fnt\n|faint|p2a: Kingambit\n|-hitcount|p2: Kingambit|2\n|\n|upkeep\n|\n|t:|1775892608\n|switch|p2a: Incineroar|Incineroar, L50, F|51/100\n|-ability|p2a: Incineroar|Intimidate|boost\n|-unboost|p1b: Kangaskhan|atk|1\n|turn|6\n|l| MyBad20\n|inactive|lolgz has 30 seconds left.\n|-message|lolgz forfeited.\n|\n|win|binghuan233\n|raw|lolgz's rating: 1138 &rarr; <strong>1112</strong><br />(-26 for losing)\n|raw|binghuan233's rating: 1129 &rarr; <strong>1155</strong><br />(+26 for winning)\n",
  "uploadtime": 1775892636,
  "views": 15,
  "formatid": "gen9championsvgc2026regma",
  "rating": 1112,
  "private": 0,
  "password": null
}