{
  "id": "gen9championsvgc2026regma-2585191792",
  "format": "[Gen 9 Champions] VGC 2026 Reg M-A",
  "players": [
    "Jinxed_lll",
    "Unwelcome School"
  ],
  "log": "|j|\u2606Jinxed_lll\n|j|\u2606Unwelcome School\n|t:|1776323168\n|gametype|doubles\n|player|p1|Jinxed_lll|ltsurge|1144\n|player|p2|Unwelcome School|emmet|1092\n|gen|9\n|tier|[Gen 9 Champions] VGC 2026 Reg M-A\n|rated|\n|rule|Species Clause: Limit one of each Pok\u00e9mon\n|rule|Item Clause: Limit 1 of each item\n|clearpoke\n|poke|p1|Excadrill, L50, M|\n|poke|p1|Tyranitar, L50, F|\n|poke|p1|Sinistcha-Masterpiece, L50|\n|poke|p1|Primarina, L50, M|\n|poke|p1|Incineroar, L50, M|\n|poke|p1|Corviknight, L50, F|\n|poke|p2|Whimsicott, L50, M|\n|poke|p2|Kingambit, L50, F|\n|poke|p2|Arcanine-Hisui, L50, F|\n|poke|p2|Floette-Eternal, L50, F|\n|poke|p2|Garchomp, L50, M|\n|poke|p2|Gengar, L50, M|\n|teampreview|4\n|inactive|Battle timer is ON: inactive players will automatically lose when time's up. (requested by Unwelcome School)\n|inactive|Jinxed_lll has 60 seconds left.\n|inactive|Unwelcome School has 60 seconds left.\n|\n|t:|1776323225\n|teamsize|p1|4\n|teamsize|p2|4\n|start\n|switch|p1a: Matcha|Sinistcha-Masterpiece, L50|100/100\n|switch|p1b: Kamina|Tyranitar, L50, F, shiny|100/100\n|switch|p2a: Whimsicott|Whimsicott, L50, M|100/100\n|switch|p2b: Garchomp|Garchomp, L50, M|100/100\n|-weather|Sandstorm|[from] ability: Sand Stream|[of] p1b: Kamina\n|turn|1\n|\n|t:|1776323244\n|move|p1b: Kamina|Protect|p1b: Kamina\n|-singleturn|p1b: Kamina|Protect\n|move|p2a: Whimsicott|Taunt|p1a: Matcha\n|-start|p1a: Matcha|move: Taunt\n|move|p2b: Garchomp|Dragon Claw|p1a: Matcha\n|-damage|p1a: Matcha|72/100\n|cant|p1a: Matcha|move: Taunt|Trick Room\n|\n|-weather|Sandstorm|[upkeep]\n|-damage|p2a: Whimsicott|95/100|[from] Sandstorm\n|-damage|p1a: Matcha|65/100|[from] Sandstorm\n|upkeep\n|turn|2\n|inactive|Jinxed_lll has 30 seconds left.\n|\n|t:|1776323272\n|switch|p1b: Yoko|Primarina, L50, M, shiny|100/100\n|move|p2b: Garchomp|Stomping Tantrum|p1b: Yoko\n|-damage|p1b: Yoko|47/100\n|move|p2a: Whimsicott|Moonblast|p1b: Yoko\n|-damage|p1b: Yoko|22/100\n|move|p1a: Matcha|Matcha Gotcha|p2a: Whimsicott|[spread] p2a,p2b\n|-resisted|p2a: Whimsicott|1\n|-damage|p2a: Whimsicott|79/100\n|-heal|p1a: Matcha|73/100|[from] drain|[of] p2a: Whimsicott\n|-damage|p2b: Garchomp|76/100\n|-heal|p1a: Matcha|86/100|[from] drain|[of] p2b: Garchomp\n|-status|p2b: Garchomp|brn\n|\n|-weather|Sandstorm|[upkeep]\n|-damage|p2a: Whimsicott|73/100|[from] Sandstorm\n|-damage|p1b: Yoko|16/100|[from] Sandstorm\n|-damage|p1a: Matcha|79/100|[from] Sandstorm\n|-damage|p2b: Garchomp|70/100 brn|[from] brn\n|upkeep\n|turn|3\n|\n|t:|1776323296\n|switch|p1a: Jirid|Incineroar, L50, M, shiny|100/100\n|-ability|p1a: Jirid|Intimidate|boost\n|-unboost|p2a: Whimsicott|atk|1\n|-unboost|p2b: Garchomp|atk|1\n|move|p2b: Garchomp|Dragon Claw|p1a: Jirid\n|-damage|p1a: Jirid|87/100\n|move|p2a: Whimsicott|Moonblast|p1b: Yoko\n|-damage|p1b: Yoko|0 fnt\n|faint|p1b: Yoko\n|\n|-weather|Sandstorm|[upkeep]\n|-damage|p2a: Whimsicott|67/100|[from] Sandstorm\n|-damage|p1a: Jirid|81/100|[from] Sandstorm\n|-damage|p2b: Garchomp|64/100 brn|[from] brn\n|upkeep\n|inactive|Jinxed_lll has 30 seconds left.\n|inactive|Jinxed_lll has 20 seconds left.\n|inactive|Jinxed_lll has 15 seconds left.\n|\n|t:|1776323337\n|switch|p1b: Matcha|Sinistcha-Masterpiece, L50|79/100\n|-heal|p1a: Jirid|100/100|[from] ability: Hospitality|[of] p1b: Matcha\n|turn|4\n|\n|t:|1776323348\n|move|p2a: Whimsicott|Taunt|p1b: Matcha\n|-start|p1b: Matcha|move: Taunt\n|move|p2b: Garchomp|Stomping Tantrum|p1a: Jirid\n|-supereffective|p1a: Jirid|1\n|-crit|p1a: Jirid\n|-enditem|p1a: Jirid|Shuca Berry|[eat]\n|-enditem|p1a: Jirid|Shuca Berry|[weaken]\n|-damage|p1a: Jirid|68/100\n|move|p1a: Jirid|Darkest Lariat|p2b: Garchomp\n|-damage|p2b: Garchomp|19/100 brn\n|-damage|p1a: Jirid|56/100|[from] ability: Rough Skin|[of] p2b: Garchomp\n|move|p1b: Matcha|Matcha Gotcha|p2b: Garchomp|[spread] p2a,p2b\n|-resisted|p2a: Whimsicott|1\n|-damage|p2a: Whimsicott|51/100\n|-heal|p1b: Matcha|87/100|[from] drain|[of] p2a: Whimsicott\n|-damage|p2b: Garchomp|0 fnt\n|-heal|p1b: Matcha|97/100|[from] drain|[of] p2b: Garchomp\n|faint|p2b: Garchomp\n|\n|-weather|Sandstorm|[upkeep]\n|-damage|p2a: Whimsicott|45/100|[from] Sandstorm\n|-damage|p1a: Jirid|50/100|[from] Sandstorm\n|-damage|p1b: Matcha|91/100|[from] Sandstorm\n|upkeep\n|\n|t:|1776323368\n|switch|p2b: Floette|Floette-Eternal, L50, F|100/100\n|turn|5\n|\n|t:|1776323389\n|switch|p1b: Kamina|Tyranitar, L50, F, shiny|100/100\n|detailschange|p2b: Floette|Floette-Mega, L50, F\n|-mega|p2b: Floette|Floette|Floettite\n|-ability|p2b: Floette|Fairy Aura\n|move|p2b: Floette|Dazzling Gleam|p1a: Jirid|[spread] p1a,p1b\n|-supereffective|p1b: Kamina|1\n|-damage|p1a: Jirid|6/100\n|-damage|p1b: Kamina|45/100\n|move|p2a: Whimsicott|Moonblast|p1a: Jirid\n|-damage|p1a: Jirid|0 fnt\n|faint|p1a: Jirid\n|\n|-weather|none\n|upkeep\n|\n|t:|1776323401\n|switch|p1a: Matcha|Sinistcha-Masterpiece, L50|91/100\n|-heal|p1b: Kamina|70/100|[from] ability: Hospitality|[of] p1a: Matcha\n|turn|6\n|\n|t:|1776323418\n|detailschange|p1b: Kamina|Tyranitar-Mega, L50, F, shiny\n|-mega|p1b: Kamina|Tyranitar|Tyranitarite\n|-weather|Sandstorm|[from] ability: Sand Stream|[of] p1b: Kamina\n|move|p2a: Whimsicott|Sunny Day|p2a: Whimsicott\n|-weather|SunnyDay\n|move|p2b: Floette|Dazzling Gleam|p1a: Matcha|[spread] p1a,p1b\n|-supereffective|p1b: Kamina|1\n|-damage|p1a: Matcha|38/100\n|-damage|p1b: Kamina|0 fnt\n|-enditem|p1a: Matcha|Sitrus Berry|[eat]\n|-heal|p1a: Matcha|63/100|[from] item: Sitrus Berry\n|faint|p1b: Kamina\n|move|p1a: Matcha|Life Dew|p1a: Matcha\n|-heal|p1a: Matcha|88/100\n|\n|-weather|SunnyDay|[upkeep]\n|upkeep\n|turn|7\n|\n|t:|1776323435\n|move|p2a: Whimsicott|Taunt|p1a: Matcha\n|-start|p1a: Matcha|move: Taunt\n|move|p2b: Floette|Light of Ruin|p1a: Matcha\n|-damage|p1a: Matcha|0 fnt\n|faint|p1a: Matcha\n|-damage|p2b: Floette|49/100|[from] Recoil\n|\n|win|Unwelcome School\n|raw|Jinxed_lll's rating: 1144 &rarr; <strong>1115</strong><br />(-29 for losing)\n|raw|Unwelcome School's rating: 1092 &rarr; <strong>1122</strong><br />(+30 for winning)\n|c|\u2606Unwelcome School|gg\n|l|\u2606Jinxed_lll\n|player|p1|\n",
  "uploadtime": 1776323450,
  "views": 19,
  "formatid": "gen9championsvgc2026regma",
  "rating": 1115,
  "private": 0,
  "password": null
}