{
  "id": "gen9championsvgc2026regma-2583589442",
  "format": "[Gen 9 Champions] VGC 2026 Reg M-A",
  "players": [
    "reggiehedge",
    "Mikitrash"
  ],
  "log": "|j|\u2606reggiehedge\n|j|\u2606Mikitrash\n|t:|1776185130\n|gametype|doubles\n|player|p1|reggiehedge|medium|1066\n|player|p2|Mikitrash|tourist|1101\n|gen|9\n|tier|[Gen 9 Champions] VGC 2026 Reg M-A\n|rated|\n|rule|Species Clause: Limit one of each Pok\u00e9mon\n|rule|Item Clause: Limit 1 of each item\n|clearpoke\n|poke|p1|Golurk, L50|\n|poke|p1|Farigiraf, L50, F|\n|poke|p1|Sinistcha, L50|\n|poke|p1|Torkoal, L50, M|\n|poke|p1|Incineroar, L50, M|\n|poke|p1|Sneasler, L50, F|\n|poke|p2|Chandelure, L50, F|\n|poke|p2|Hydreigon, L50, M|\n|poke|p2|Whimsicott, L50, M|\n|poke|p2|Primarina, L50, F|\n|poke|p2|Tsareena, L50, F|\n|poke|p2|Excadrill, L50, M|\n|teampreview|4\n|j| laillanci\n|l| laillanci\n|\n|t:|1776185217\n|teamsize|p1|4\n|teamsize|p2|4\n|start\n|switch|p1a: Incineroar|Incineroar, L50, M|100/100\n|switch|p1b: Sinistcha|Sinistcha, L50|100/100\n|switch|p2a: Chandelure|Chandelure, L50, F, shiny|100/100\n|switch|p2b: Tsareena|Tsareena, L50, F|100/100\n|-ability|p1a: Incineroar|Intimidate|boost\n|-unboost|p2a: Chandelure|atk|1\n|-unboost|p2b: Tsareena|atk|1\n|turn|1\n|\n|t:|1776185255\n|switch|p1b: Sneasler|Sneasler, L50, F|100/100\n|detailschange|p2a: Chandelure|Chandelure-Mega, L50, F, shiny\n|-mega|p2a: Chandelure|Chandelure|Chandelurite\n|move|p2a: Chandelure|Heat Wave|p1a: Incineroar|[spread] p1a,p1b\n|-resisted|p1a: Incineroar|1\n|-damage|p1a: Incineroar|78/100\n|-damage|p1b: Sneasler|34/100\n|move|p2b: Tsareena|High Jump Kick|p1a: Incineroar\n|-supereffective|p1a: Incineroar|1\n|-damage|p1a: Incineroar|27/100\n|move|p1a: Incineroar|Darkest Lariat|p2a: Chandelure\n|-supereffective|p2a: Chandelure|1\n|-damage|p2a: Chandelure|1/100\n|\n|upkeep\n|turn|2\n|\n|t:|1776185300\n|switch|p1a: Sinistcha|Sinistcha, L50|100/100\n|-heal|p1b: Sneasler|59/100|[from] ability: Hospitality|[of] p1a: Sinistcha\n|move|p1b: Sneasler|Dire Claw|p2a: Chandelure\n|-resisted|p2a: Chandelure|1\n|-damage|p2a: Chandelure|0 fnt\n|faint|p2a: Chandelure\n|move|p2b: Tsareena|High Jump Kick|p1a: Sinistcha\n|-immune|p1a: Sinistcha\n|-damage|p2b: Tsareena|51/100|[from] highjumpkick\n|\n|upkeep\n|\n|t:|1776185306\n|switch|p2a: Hydreigon|Hydreigon, L50, M|100/100\n|turn|3\n|\n|t:|1776185328\n|switch|p2a: Primarina|Primarina, L50, F|100/100\n|move|p1b: Sneasler|Close Combat|p2a: Primarina\n|-resisted|p2a: Primarina|1\n|-damage|p2a: Primarina|53/100\n|-unboost|p1b: Sneasler|def|1\n|-unboost|p1b: Sneasler|spd|1\n|move|p2b: Tsareena|Triple Axel|p1a: Sinistcha\n|-supereffective|p1a: Sinistcha|1\n|-damage|p1a: Sinistcha|93/100\n|-supereffective|p1a: Sinistcha|1\n|-damage|p1a: Sinistcha|78/100\n|-supereffective|p1a: Sinistcha|1\n|-damage|p1a: Sinistcha|57/100\n|-hitcount|p1a: Sinistcha|3\n|move|p1a: Sinistcha|Trick Room|p1a: Sinistcha\n|-fieldstart|move: Trick Room|[of] p1a: Sinistcha\n|\n|upkeep\n|turn|4\n|\n|t:|1776185359\n|move|p1a: Sinistcha|Matcha Gotcha|p2b: Tsareena|[spread] p2a,p2b\n|-supereffective|p2a: Primarina|1\n|-resisted|p2b: Tsareena|1\n|-damage|p2a: Primarina|0 fnt\n|-heal|p1a: Sinistcha|80/100|[from] drain|[of] p2a: Primarina\n|-damage|p2b: Tsareena|35/100\n|-heal|p1a: Sinistcha|86/100|[from] drain|[of] p2b: Tsareena\n|faint|p2a: Primarina\n|move|p2b: Tsareena|Triple Axel|p1b: Sneasler|[miss]\n|-miss|p2b: Tsareena|p1b: Sneasler\n|move|p1b: Sneasler|Dire Claw|p2b: Tsareena\n|-supereffective|p2b: Tsareena|1\n|-damage|p2b: Tsareena|0 fnt\n|faint|p2b: Tsareena\n|\n|upkeep\n|\n|t:|1776185387\n|switch|p2b: Hydreigon|Hydreigon, L50, M|100/100\n|turn|5\n|\n|t:|1776185393\n|move|p1a: Sinistcha|Matcha Gotcha|p2b: Hydreigon\n|-resisted|p2b: Hydreigon|1\n|-damage|p2b: Hydreigon|85/100\n|-heal|p1a: Sinistcha|95/100|[from] drain|[of] p2b: Hydreigon\n|-status|p2b: Hydreigon|brn\n|move|p2b: Hydreigon|Snarl|p1a: Sinistcha|[spread] p1b\n|-miss|p2b: Hydreigon|p1a: Sinistcha\n|-resisted|p1b: Sneasler|1\n|-damage|p1b: Sneasler|41/100\n|-unboost|p1b: Sneasler|spa|1\n|move|p1b: Sneasler|Close Combat|p2b: Hydreigon\n|-supereffective|p2b: Hydreigon|1\n|-damage|p2b: Hydreigon|0 fnt\n|-unboost|p1b: Sneasler|def|1\n|-unboost|p1b: Sneasler|spd|1\n|faint|p2b: Hydreigon\n|\n|win|reggiehedge\n|raw|reggiehedge's rating: 1066 &rarr; <strong>1099</strong><br />(+33 for winning)\n|raw|Mikitrash's rating: 1101 &rarr; <strong>1073</strong><br />(-28 for losing)\n",
  "uploadtime": 1776185394,
  "views": 12,
  "formatid": "gen9championsvgc2026regma",
  "rating": 1073,
  "private": 0,
  "password": null
}