{
  "id": "gen9championsvgc2026regma-2584048304",
  "format": "[Gen 9 Champions] VGC 2026 Reg M-A",
  "players": [
    "proudcloud49",
    "joshferd"
  ],
  "log": "|j|\u2606proudcloud49\n|j|\u2606joshferd\n|t:|1776220014\n|gametype|doubles\n|player|p1|proudcloud49|170|1070\n|player|p2|joshferd|1|1116\n|gen|9\n|tier|[Gen 9 Champions] VGC 2026 Reg M-A\n|rated|\n|rule|Species Clause: Limit one of each Pok\u00e9mon\n|rule|Item Clause: Limit 1 of each item\n|clearpoke\n|poke|p1|Garchomp, L50, F|\n|poke|p1|Talonflame, L50, F|\n|poke|p1|Primarina, L50, M|\n|poke|p1|Sinistcha, L50|\n|poke|p1|Tyranitar, L50, M|\n|poke|p1|Excadrill, L50, F|\n|poke|p2|Ditto, L50|\n|poke|p2|Lopunny, L50, M|\n|poke|p2|Aegislash, L50, M|\n|poke|p2|Manectric, L50, F|\n|poke|p2|Pelipper, L50, M|\n|poke|p2|Farigiraf, L50, F|\n|teampreview|4\n|\n|t:|1776220036\n|teamsize|p1|4\n|teamsize|p2|4\n|start\n|switch|p1a: Garchomp|Garchomp, L50, F|100/100\n|switch|p1b: Talonflame|Talonflame, L50, F|100/100\n|switch|p2a: Manectric|Manectric, L50, F|100/100\n|switch|p2b: Lopunny|Lopunny, L50, M|100/100\n|turn|1\n|\n|t:|1776220057\n|detailschange|p2a: Manectric|Manectric-Mega, L50, F\n|-mega|p2a: Manectric|Manectric|Manectite\n|-ability|p2a: Manectric|Intimidate|boost\n|-unboost|p1a: Garchomp|atk|1\n|-unboost|p1b: Talonflame|atk|1\n|detailschange|p1a: Garchomp|Garchomp-Mega, L50, F\n|-mega|p1a: Garchomp|Garchomp|Garchompite\n|move|p1b: Talonflame|Upper Hand|p2b: Lopunny\n|-supereffective|p2b: Lopunny|1\n|-damage|p2b: Lopunny|71/100\n|cant|p2b: Lopunny|flinch\n|move|p2a: Manectric|Volt Switch|p1b: Talonflame\n|-supereffective|p1b: Talonflame|1\n|-damage|p1b: Talonflame|0 fnt\n|faint|p1b: Talonflame\n|inactive|Battle timer is ON: inactive players will automatically lose when time's up. (requested by proudcloud49)\n|\n|t:|1776220072\n|switch|p2a: Pelipper|Pelipper, L50, M|100/100|[from] Volt Switch\n|-weather|RainDance|[from] ability: Drizzle|[of] p2a: Pelipper\n|move|p1a: Garchomp|Earthquake|p2a: Pelipper|[spread] p2b\n|-immune|p2a: Pelipper\n|-damage|p2b: Lopunny|24/100\n|\n|-weather|RainDance|[upkeep]\n|upkeep\n|\n|t:|1776220081\n|switch|p1b: Primarina|Primarina, L50, M|100/100\n|turn|2\n|\n|t:|1776220101\n|move|p2b: Lopunny|Protect|p2b: Lopunny\n|-singleturn|p2b: Lopunny|Protect\n|move|p1a: Garchomp|Dragon Claw|p2b: Lopunny\n|-activate|p2b: Lopunny|move: Protect\n|move|p2a: Pelipper|Tailwind|p2a: Pelipper\n|-sidestart|p2: joshferd|move: Tailwind\n|move|p1b: Primarina|Moonblast|p2a: Pelipper\n|-damage|p2a: Pelipper|9/100\n|\n|-weather|RainDance|[upkeep]\n|upkeep\n|turn|3\n|\n|t:|1776220118\n|move|p1a: Garchomp|Protect|p1a: Garchomp\n|-singleturn|p1a: Garchomp|Protect\n|move|p2b: Lopunny|Close Combat|p1a: Garchomp\n|-activate|p1a: Garchomp|move: Protect\n|move|p2a: Pelipper|Weather Ball|p1a: Garchomp\n|-activate|p1a: Garchomp|move: Protect\n|move|p1b: Primarina|Hyper Voice|p2b: Lopunny|[spread] p2a,p2b\n|-resisted|p2a: Pelipper|1\n|-damage|p2a: Pelipper|0 fnt\n|-damage|p2b: Lopunny|0 fnt\n|faint|p2a: Pelipper\n|faint|p2b: Lopunny\n|\n|-weather|RainDance|[upkeep]\n|upkeep\n|\n|t:|1776220137\n|switch|p2b: Manectric|Manectric-Mega, L50, F|100/100\n|switch|p2a: Ditto|Ditto, L50|100/100\n|-ability|p2b: Manectric|Intimidate|boost\n|-unboost|p1a: Garchomp|atk|1\n|-unboost|p1b: Primarina|atk|1\n|-transform|p2a: Ditto|p1b: Primarina|[from] ability: Imposter\n|turn|4\n|\n|t:|1776220154\n|switch|p1a: Sinistcha|Sinistcha, L50|100/100\n|move|p2b: Manectric|Protect|p2b: Manectric\n|-singleturn|p2b: Manectric|Protect\n|move|p1b: Primarina|Protect|p1b: Primarina\n|-singleturn|p1b: Primarina|Protect\n|move|p2a: Ditto|Moonblast|p1a: Sinistcha\n|-damage|p1a: Sinistcha|32/100\n|\n|-weather|RainDance|[upkeep]\n|upkeep\n|turn|5\n|\n|t:|1776220170\n|move|p1a: Sinistcha|Rage Powder|p1a: Sinistcha\n|-singleturn|p1a: Sinistcha|move: Rage Powder\n|move|p2b: Manectric|Snarl|p1a: Sinistcha|[spread] p1b\n|-miss|p2b: Manectric|p1a: Sinistcha\n|-resisted|p1b: Primarina|1\n|-damage|p1b: Primarina|94/100\n|-unboost|p1b: Primarina|spa|1\n|move|p2a: Ditto|Moonblast|p1a: Sinistcha|[miss]\n|-miss|p2a: Ditto|p1a: Sinistcha\n|move|p1b: Primarina|Moonblast|p2b: Manectric\n|-damage|p2b: Manectric|45/100\n|\n|-weather|none\n|-heal|p1b: Primarina|100/100|[from] item: Leftovers\n|-sideend|p2: joshferd|move: Tailwind\n|upkeep\n|turn|6\n|\n|t:|1776220193\n|move|p2b: Manectric|Protect|p2b: Manectric\n|-singleturn|p2b: Manectric|Protect\n|move|p1a: Sinistcha|Rage Powder|p1a: Sinistcha\n|-singleturn|p1a: Sinistcha|move: Rage Powder\n|move|p2a: Ditto|Moonblast|p1a: Sinistcha\n|-damage|p1a: Sinistcha|0 fnt\n|faint|p1a: Sinistcha\n|move|p1b: Primarina|Moonblast|p2b: Manectric\n|-activate|p2b: Manectric|move: Protect\n|\n|upkeep\n|\n|t:|1776220199\n|switch|p1a: Garchomp|Garchomp-Mega, L50, F|100/100\n|turn|7\n|\n|t:|1776220210\n|move|p2b: Manectric|Thunderbolt|p1b: Primarina\n|-supereffective|p1b: Primarina|1\n|-crit|p1b: Primarina\n|-damage|p1b: Primarina|0 fnt\n|faint|p1b: Primarina\n|move|p1a: Garchomp|Earthquake|p2a: Ditto|[spread] p2a,p2b\n|-supereffective|p2b: Manectric|1\n|-damage|p2a: Ditto|26/100\n|-damage|p2b: Manectric|0 fnt\n|faint|p2b: Manectric\n|move|p2a: Ditto|Moonblast|p1a: Garchomp\n|-supereffective|p1a: Garchomp|1\n|-damage|p1a: Garchomp|0 fnt\n|faint|p1a: Garchomp\n|\n|win|joshferd\n|raw|proudcloud49's rating: 1070 &rarr; <strong>1052</strong><br />(-18 for losing)\n|raw|joshferd's rating: 1116 &rarr; <strong>1138</strong><br />(+22 for winning)\n|l|\u2606proudcloud49\n|player|p1|\n",
  "uploadtime": 1776220283,
  "views": 25,
  "formatid": "gen9championsvgc2026regma",
  "rating": 1052,
  "private": 0,
  "password": null
}