{
  "id": "gen9championsvgc2026regma-2584969652",
  "format": "[Gen 9 Champions] VGC 2026 Reg M-A",
  "players": [
    "PokeMooney",
    "MUTED1337"
  ],
  "log": "|j|\u2606PokeMooney\n|j|\u2606MUTED1337\n|t:|1776299230\n|gametype|doubles\n|player|p1|PokeMooney|giovanni|1208\n|player|p2|MUTED1337|1|1210\n|gen|9\n|tier|[Gen 9 Champions] VGC 2026 Reg M-A\n|rated|\n|rule|Species Clause: Limit one of each Pok\u00e9mon\n|rule|Item Clause: Limit 1 of each item\n|clearpoke\n|poke|p1|Charizard, L50, M|\n|poke|p1|Aegislash, L50, F|\n|poke|p1|Garchomp, L50, M|\n|poke|p1|Venusaur, L50, F|\n|poke|p1|Incineroar, L50, M|\n|poke|p1|Rotom-Wash, L50|\n|poke|p2|Milotic, L50, F|\n|poke|p2|Aerodactyl, L50, M|\n|poke|p2|Gardevoir, L50, F|\n|poke|p2|Espathra, L50, F|\n|poke|p2|Typhlosion-Hisui, L50, M|\n|poke|p2|Scizor, L50, M|\n|teampreview|4\n|\n|t:|1776299264\n|teamsize|p1|4\n|teamsize|p2|4\n|start\n|switch|p1a: Charizard|Charizard, L50, M|100/100\n|switch|p1b: Garchomp|Garchomp, L50, M|100/100\n|switch|p2a: Milotic|Milotic, L50, F|100/100\n|switch|p2b: Espathra|Espathra, L50, F|100/100\n|turn|1\n|inactive|Battle timer is ON: inactive players will automatically lose when time's up. (requested by MUTED1337)\n|\n|t:|1776299287\n|detailschange|p1a: Charizard|Charizard-Mega-Y, L50, M\n|-mega|p1a: Charizard|Charizard|Charizardite Y\n|-weather|SunnyDay|[from] ability: Drought|[of] p1a: Charizard\n|move|p2b: Espathra|Protect|p2b: Espathra\n|-singleturn|p2b: Espathra|Protect\n|move|p1b: Garchomp|Rock Slide|p2a: Milotic|[spread] p2a\n|-activate|p2b: Espathra|move: Protect\n|-damage|p2a: Milotic|77/100\n|move|p1a: Charizard|Solar Beam||[still]\n|-prepare|p1a: Charizard|Solar Beam\n|-anim|p1a: Charizard|Solar Beam|p2a: Milotic\n|-supereffective|p2a: Milotic|1\n|-damage|p2a: Milotic|19/100\n|cant|p2a: Milotic|flinch\n|\n|-weather|SunnyDay|[upkeep]\n|-heal|p2a: Milotic|25/100|[from] item: Leftovers\n|-ability|p2b: Espathra|Speed Boost|boost\n|-boost|p2b: Espathra|spe|1\n|upkeep\n|turn|2\n|inactive|MUTED1337 has 30 seconds left.\n|\n|t:|1776299316\n|switch|p1a: Incineroar|Incineroar, L50, M|100/100\n|-ability|p1a: Incineroar|Intimidate|boost\n|-unboost|p2a: Milotic|atk|1\n|-ability|p2a: Milotic|Competitive|boost\n|-boost|p2a: Milotic|spa|2\n|-unboost|p2b: Espathra|atk|1\n|move|p2a: Milotic|Protect|p2a: Milotic\n|-singleturn|p2a: Milotic|Protect\n|move|p1b: Garchomp|Rock Slide|p2b: Espathra|[spread] p2b\n|-activate|p2a: Milotic|move: Protect\n|-damage|p2b: Espathra|77/100\n|cant|p2b: Espathra|flinch\n|\n|-weather|SunnyDay|[upkeep]\n|-heal|p2a: Milotic|31/100|[from] item: Leftovers\n|-ability|p2b: Espathra|Speed Boost|boost\n|-boost|p2b: Espathra|spe|1\n|upkeep\n|turn|3\n|inactive|PokeMooney has 30 seconds left.\n|inactive|PokeMooney has 20 seconds left.\n|inactive|MUTED1337 has 30 seconds left.\n|\n|t:|1776299355\n|move|p2b: Espathra|Protect|p2b: Espathra\n|-singleturn|p2b: Espathra|Protect\n|move|p1b: Garchomp|Rock Slide|p2a: Milotic|[spread] p2a\n|-activate|p2b: Espathra|move: Protect\n|-damage|p2a: Milotic|7/100\n|cant|p2a: Milotic|flinch\n|move|p1a: Incineroar|Throat Chop|p2b: Espathra\n|-activate|p2b: Espathra|move: Protect\n|\n|-weather|SunnyDay|[upkeep]\n|-heal|p2a: Milotic|13/100|[from] item: Leftovers\n|-ability|p2b: Espathra|Speed Boost|boost\n|-boost|p2b: Espathra|spe|1\n|upkeep\n|turn|4\n|\n|t:|1776299375\n|move|p2b: Espathra|Baton Pass|p2b: Espathra\n|\n|t:|1776299377\n|switch|p2b: Gardevoir|Gardevoir, L50, F, shiny|100/100|[from] Baton Pass\n|move|p1b: Garchomp|Rock Slide|p2a: Milotic|[spread] p2a,p2b\n|-crit|p2a: Milotic\n|-damage|p2a: Milotic|0 fnt\n|-damage|p2b: Gardevoir|70/100\n|faint|p2a: Milotic\n|move|p1a: Incineroar|Throat Chop|p2b: Gardevoir\n|-damage|p2b: Gardevoir|27/100\n|-start|p2b: Gardevoir|Throat Chop|[silent]\n|\n|-weather|SunnyDay|[upkeep]\n|upkeep\n|\n|t:|1776299382\n|switch|p2a: Espathra|Espathra, L50, F|77/100\n|turn|5\n|\n|t:|1776299399\n|switch|p1b: Rotom|Rotom-Wash, L50|100/100\n|detailschange|p2b: Gardevoir|Gardevoir-Mega, L50, F, shiny\n|-mega|p2b: Gardevoir|Gardevoir|Gardevoirite\n|move|p2b: Gardevoir|Protect|p2b: Gardevoir\n|-singleturn|p2b: Gardevoir|Protect\n|move|p2a: Espathra|Calm Mind|p2a: Espathra\n|-boost|p2a: Espathra|spa|1\n|-boost|p2a: Espathra|spd|1\n|move|p1a: Incineroar|Parting Shot|p2b: Gardevoir\n|-activate|p2b: Gardevoir|move: Protect\n|\n|-weather|none\n|-end|p2b: Gardevoir|Throat Chop|[silent]\n|-ability|p2a: Espathra|Speed Boost|boost\n|-boost|p2a: Espathra|spe|1\n|upkeep\n|turn|6\n|inactive|MUTED1337 has 30 seconds left.\n|\n|t:|1776299433\n|switch|p2b: Typhlosion|Typhlosion-Hisui, L50, M, shiny|100/100\n|move|p2a: Espathra|Baton Pass|p2a: Espathra\n|\n|t:|1776299437\n|switch|p2a: Gardevoir|Gardevoir-Mega, L50, F, shiny|27/100|[from] Baton Pass\n|move|p1b: Rotom|Hydro Pump|p2b: Typhlosion\n|-supereffective|p2b: Typhlosion|1\n|-damage|p2b: Typhlosion|0 fnt\n|faint|p2b: Typhlosion\n|move|p1a: Incineroar|Throat Chop|p2a: Gardevoir\n|-damage|p2a: Gardevoir|0 fnt\n|faint|p2a: Gardevoir\n|\n|upkeep\n|-message|MUTED1337 forfeited.\n|\n|win|PokeMooney\n|raw|PokeMooney's rating: 1208 &rarr; <strong>1233</strong><br />(+25 for winning)\n|raw|MUTED1337's rating: 1210 &rarr; <strong>1185</strong><br />(-25 for losing)\n|l|\u2606MUTED1337\n|player|p2|\n|c|\u2606PokeMooney|Lol\n",
  "uploadtime": 1776299454,
  "views": 22,
  "formatid": "gen9championsvgc2026regma",
  "rating": 1185,
  "private": 0,
  "password": null
}