{
  "id": "gen9championsvgc2026regma-2588035741",
  "format": "[Gen 9 Champions] VGC 2026 Reg M-A",
  "players": [
    "Thepr3ttiestfemcel",
    "blaze0618"
  ],
  "log": "|j|\u2606Thepr3ttiestfemcel\n|j|\u2606blaze0618\n|t:|1776596121\n|gametype|doubles\n|player|p1|Thepr3ttiestfemcel|karen|1228\n|player|p2|blaze0618|furisodegirl-black|1194\n|gen|9\n|tier|[Gen 9 Champions] VGC 2026 Reg M-A\n|rated|\n|rule|Species Clause: Limit one of each Pok\u00e9mon\n|rule|Item Clause: Limit 1 of each item\n|clearpoke\n|poke|p1|Archaludon, L50, F|\n|poke|p1|Pelipper, L50, M|\n|poke|p1|Sinistcha, L50|\n|poke|p1|Victreebel, L50, F|\n|poke|p1|Maushold-Four, L50|\n|poke|p1|Emolga, L50, M|\n|poke|p2|Charizard, L50, M|\n|poke|p2|Whimsicott, L50, M, shiny|\n|poke|p2|Venusaur, L50, F|\n|poke|p2|Incineroar, L50, M|\n|poke|p2|Farigiraf, L50, F|\n|poke|p2|Torkoal, L50, M|\n|teampreview|4\n|inactive|Battle timer is ON: inactive players will automatically lose when time's up. (requested by Thepr3ttiestfemcel)\n|\n|t:|1776596138\n|teamsize|p1|4\n|teamsize|p2|4\n|start\n|switch|p1a: Gassy|Victreebel, L50, F|100/100\n|switch|p1b: Brige|Archaludon, L50, F|100/100\n|switch|p2a: Charizard|Charizard, L50, M|100/100\n|switch|p2b: Whimsicott|Whimsicott, L50, M, shiny|100/100\n|turn|1\n|\n|t:|1776596150\n|detailschange|p2a: Charizard|Charizard-Mega-Y, L50, M\n|-mega|p2a: Charizard|Charizard|Charizardite Y\n|-weather|SunnyDay|[from] ability: Drought|[of] p2a: Charizard\n|detailschange|p1a: Gassy|Victreebel-Mega, L50, F\n|-mega|p1a: Gassy|Victreebel|Victreebelite\n|move|p1b: Brige|Protect|p1b: Brige\n|-singleturn|p1b: Brige|Protect\n|move|p2b: Whimsicott|Tailwind|p2b: Whimsicott\n|-sidestart|p2: blaze0618|move: Tailwind\n|move|p2a: Charizard|Heat Wave|p1a: Gassy|[spread] p1a\n|-activate|p1b: Brige|move: Protect\n|-supereffective|p1a: Gassy|1\n|-damage|p1a: Gassy|0 fnt\n|-damage|p2a: Charizard|0 fnt|[from] ability: Innards Out|[of] p1a: Gassy\n|faint|p1a: Gassy\n|faint|p2a: Charizard\n|\n|-weather|SunnyDay|[upkeep]\n|upkeep\n|\n|t:|1776596173\n|switch|p2a: Venusaur|Venusaur, L50, F|100/100\n|switch|p1a: Toilet Bird|Pelipper, L50, M|100/100\n|-weather|RainDance|[from] ability: Drizzle|[of] p1a: Toilet Bird\n|turn|2\n|\n|t:|1776596185\n|move|p2b: Whimsicott|Sunny Day|p2b: Whimsicott\n|-weather|SunnyDay\n|move|p2a: Venusaur|Sleep Powder|p1a: Toilet Bird|[miss]\n|-miss|p2a: Venusaur|p1a: Toilet Bird\n|move|p1a: Toilet Bird|Hurricane|p2a: Venusaur\n|-supereffective|p2a: Venusaur|1\n|-damage|p2a: Venusaur|0 fnt\n|faint|p2a: Venusaur\n|move|p1b: Brige|Flash Cannon|p2b: Whimsicott\n|-supereffective|p2b: Whimsicott|1\n|-crit|p2b: Whimsicott\n|-enditem|p2b: Whimsicott|Focus Sash\n|-damage|p2b: Whimsicott|1/100\n|\n|-weather|SunnyDay|[upkeep]\n|upkeep\n|\n|t:|1776596191\n|switch|p2a: Incineroar|Incineroar, L50, M|100/100\n|-ability|p2a: Incineroar|Intimidate|boost\n|-unboost|p1a: Toilet Bird|atk|1\n|-unboost|p1b: Brige|atk|1\n|turn|3\n|inactive|Thepr3ttiestfemcel has 30 seconds left.\n|inactive|blaze0618 has 30 seconds left.\n|l|\u2606Thepr3ttiestfemcel\n|inactive|Thepr3ttiestfemcel disconnected and has a minute to reconnect!\n|player|p1|\n|inactive|Thepr3ttiestfemcel has 20 seconds left.\n|inactive|blaze0618 has 20 seconds left.\n|inactive|Thepr3ttiestfemcel has 15 seconds left.\n|inactive|blaze0618 has 15 seconds left.\n|j|\u2606Thepr3ttiestfemcel\n|inactive|Thepr3ttiestfemcel reconnected and has 15 seconds left.\n|player|p1|Thepr3ttiestfemcel|karen|\n|inactive|Thepr3ttiestfemcel has 10 seconds left.\n|inactive|blaze0618 has 10 seconds left.\n|inactive|Thepr3ttiestfemcel has 5 seconds left.\n|\n|t:|1776596246\n|move|p1b: Brige|Protect|p1b: Brige\n|-singleturn|p1b: Brige|Protect\n|move|p2b: Whimsicott|Moonblast|p1a: Toilet Bird\n|-damage|p1a: Toilet Bird|45/100\n|move|p2a: Incineroar|Flare Blitz|p1b: Brige\n|-activate|p1b: Brige|move: Protect\n|move|p1a: Toilet Bird|Hurricane|p2a: Incineroar|[miss]\n|-miss|p1a: Toilet Bird|p2a: Incineroar\n|\n|-weather|SunnyDay|[upkeep]\n|upkeep\n|turn|4\n|\n|t:|1776596260\n|move|p2b: Whimsicott|Moonblast|p1a: Toilet Bird\n|-damage|p1a: Toilet Bird|0 fnt\n|faint|p1a: Toilet Bird\n|move|p2a: Incineroar|Flare Blitz|p1b: Brige\n|-damage|p1b: Brige|53/100\n|-ability|p1b: Brige|Stamina|boost\n|-boost|p1b: Brige|def|1\n|-damage|p2a: Incineroar|85/100|[from] Recoil\n|move|p1b: Brige|Aura Sphere|p2a: Incineroar\n|-supereffective|p2a: Incineroar|1\n|-damage|p2a: Incineroar|39/100\n|-enditem|p2a: Incineroar|Sitrus Berry|[eat]\n|-heal|p2a: Incineroar|63/100|[from] item: Sitrus Berry\n|\n|-weather|SunnyDay|[upkeep]\n|-heal|p1b: Brige|59/100|[from] item: Leftovers\n|-sideend|p2: blaze0618|move: Tailwind\n|upkeep\n|\n|t:|1776596265\n|switch|p1a: Dubai Labubu|Sinistcha, L50|100/100\n|-heal|p1b: Brige|84/100|[from] ability: Hospitality|[of] p1a: Dubai Labubu\n|turn|5\n|\n|t:|1776596279\n|move|p2b: Whimsicott|Tailwind|p2b: Whimsicott\n|-sidestart|p2: blaze0618|move: Tailwind\n|move|p2a: Incineroar|Flare Blitz|p1a: Dubai Labubu\n|-supereffective|p1a: Dubai Labubu|1\n|-crit|p1a: Dubai Labubu\n|-enditem|p1a: Dubai Labubu|Occa Berry|[eat]\n|-enditem|p1a: Dubai Labubu|Occa Berry|[weaken]\n|-damage|p1a: Dubai Labubu|25/100\n|-damage|p2a: Incineroar|41/100|[from] Recoil\n|move|p1b: Brige|Aura Sphere|p2a: Incineroar\n|-supereffective|p2a: Incineroar|1\n|-damage|p2a: Incineroar|0 fnt\n|faint|p2a: Incineroar\n|move|p1a: Dubai Labubu|Matcha Gotcha|p2b: Whimsicott\n|-resisted|p2b: Whimsicott|1\n|-damage|p2b: Whimsicott|0 fnt\n|-heal|p1a: Dubai Labubu|25/100|[from] drain|[of] p2b: Whimsicott\n|faint|p2b: Whimsicott\n|\n|win|Thepr3ttiestfemcel\n|raw|Thepr3ttiestfemcel's rating: 1228 &rarr; <strong>1251</strong><br />(+23 for winning)\n|raw|blaze0618's rating: 1194 &rarr; <strong>1171</strong><br />(-23 for losing)\n",
  "uploadtime": 1776596284,
  "views": 12,
  "formatid": "gen9championsvgc2026regma",
  "rating": 1171,
  "private": 0,
  "password": null
}