{
  "id": "gen9championsvgc2026regma-2582129225",
  "format": "[Gen 9 Champions] VGC 2026 Reg M-A",
  "players": [
    "gshh10",
    "xixibin124"
  ],
  "log": "|j|\u2606gshh10\n|j|\u2606xixibin124\n|t:|1776061738\n|gametype|doubles\n|player|p1|gshh10|102|1000\n|player|p2|xixibin124|170|1063\n|gen|9\n|tier|[Gen 9 Champions] VGC 2026 Reg M-A\n|rated|\n|rule|Species Clause: Limit one of each Pok\u00e9mon\n|rule|Item Clause: Limit 1 of each item\n|clearpoke\n|poke|p1|Gengar, L50, F|\n|poke|p1|Garchomp, L50, F|\n|poke|p1|Basculegion, L50, M|\n|poke|p1|Politoed, L50, F|\n|poke|p1|Palafin, L50, M|\n|poke|p1|Incineroar, L50, F|\n|poke|p2|Charizard, L50, F|\n|poke|p2|Garchomp, L50, M|\n|poke|p2|Rotom-Wash, L50|\n|poke|p2|Incineroar, L50, F|\n|poke|p2|Sneasler, L50, M|\n|poke|p2|Whimsicott, L50, F|\n|teampreview|4\n|inactive|Battle timer is ON: inactive players will automatically lose when time's up. (requested by xixibin124)\n|\n|t:|1776061763\n|teamsize|p1|4\n|teamsize|p2|4\n|start\n|switch|p1a: Gengar|Gengar, L50, F, shiny|100/100\n|switch|p1b: Garchomp|Garchomp, L50, F|100/100\n|switch|p2a: Rotom|Rotom-Wash, L50|100/100\n|switch|p2b: Incineroar|Incineroar, L50, F|100/100\n|-ability|p2b: Incineroar|Intimidate|boost\n|-unboost|p1a: Gengar|atk|1\n|-unboost|p1b: Garchomp|atk|1\n|turn|1\n|\n|t:|1776061778\n|detailschange|p1a: Gengar|Gengar-Mega, L50, F, shiny\n|-mega|p1a: Gengar|Gengar|Gengarite\n|move|p1a: Gengar|Protect|p1a: Gengar\n|-singleturn|p1a: Gengar|Protect\n|move|p2a: Rotom|Protect|p2a: Rotom\n|-singleturn|p2a: Rotom|Protect\n|move|p1b: Garchomp|Rock Slide|p2b: Incineroar|[spread] \n|-activate|p2a: Rotom|move: Protect\n|-miss|p1b: Garchomp|p2b: Incineroar\n|move|p2b: Incineroar|Will-O-Wisp|p1b: Garchomp\n|-status|p1b: Garchomp|brn\n|\n|-damage|p1b: Garchomp|95/100 brn|[from] brn\n|upkeep\n|turn|2\n|inactive|gshh10 has 30 seconds left.\n|inactive|gshh10 has 20 seconds left.\n|\n|t:|1776061814\n|switch|p1b: Basculegion|Basculegion, L50, M|100/100\n|switch|p1a: Politoed|Politoed, L50, F|100/100\n|-weather|RainDance|[from] ability: Drizzle|[of] p1a: Politoed\n|move|p2a: Rotom|Hydro Pump|p1b: Basculegion\n|-resisted|p1b: Basculegion|1\n|-damage|p1b: Basculegion|60/100\n|move|p2b: Incineroar|Parting Shot|p1a: Politoed\n|-unboost|p1a: Politoed|atk|1\n|-unboost|p1a: Politoed|spa|1\n|\n|t:|1776061829\n|switch|p2b: Charizard|Charizard, L50, F|100/100|[from] Parting Shot\n|\n|-weather|RainDance|[upkeep]\n|upkeep\n|turn|3\n|\n|t:|1776061845\n|switch|p1b: Garchomp|Garchomp, L50, F|95/100 brn\n|detailschange|p2b: Charizard|Charizard-Mega-Y, L50, F\n|-mega|p2b: Charizard|Charizard|Charizardite Y\n|-weather|SunnyDay|[from] ability: Drought|[of] p2b: Charizard\n|move|p2b: Charizard|Protect|p2b: Charizard\n|-singleturn|p2b: Charizard|Protect\n|move|p1a: Politoed|Protect|p1a: Politoed\n|-singleturn|p1a: Politoed|Protect\n|move|p2a: Rotom|Thunderbolt|p1b: Garchomp\n|-immune|p1b: Garchomp\n|\n|-weather|SunnyDay|[upkeep]\n|-damage|p1b: Garchomp|89/100 brn|[from] brn\n|upkeep\n|turn|4\n|\n|t:|1776061867\n|switch|p2a: Incineroar|Incineroar, L50, F|100/100\n|-ability|p2a: Incineroar|Intimidate|boost\n|-unboost|p1a: Politoed|atk|1\n|-unboost|p1b: Garchomp|atk|1\n|switch|p1a: Basculegion|Basculegion, L50, M|60/100\n|move|p1b: Garchomp|Rock Slide|p2a: Incineroar|[spread] p2a,p2b\n|-supereffective|p2a: Incineroar|1\n|-supereffective|p2b: Charizard|2\n|-damage|p2a: Incineroar|88/100\n|-damage|p2b: Charizard|57/100\n|move|p2b: Charizard|Heat Wave|p1a: Basculegion|[spread] p1a,p1b\n|-resisted|p1a: Basculegion|1\n|-resisted|p1b: Garchomp|1\n|-damage|p1a: Basculegion|22/100\n|-damage|p1b: Garchomp|51/100 brn\n|\n|-weather|SunnyDay|[upkeep]\n|-damage|p1b: Garchomp|45/100 brn|[from] brn\n|upkeep\n|turn|5\n|inactive|gshh10 has 30 seconds left.\n|\n|t:|1776061893\n|move|p2b: Charizard|Protect|p2b: Charizard\n|-singleturn|p2b: Charizard|Protect\n|move|p1b: Garchomp|Stomping Tantrum|p2a: Incineroar\n|-supereffective|p2a: Incineroar|1\n|-damage|p2a: Incineroar|65/100\n|move|p1a: Basculegion|Wave Crash|p2b: Charizard\n|-activate|p2b: Charizard|move: Protect\n|move|p2a: Incineroar|Will-O-Wisp|p1a: Basculegion\n|-status|p1a: Basculegion|brn\n|\n|-weather|SunnyDay|[upkeep]\n|-damage|p1b: Garchomp|39/100 brn|[from] brn\n|-damage|p1a: Basculegion|16/100 brn|[from] brn\n|upkeep\n|turn|6\n|inactive|xixibin124 has 30 seconds left.\n|inactive|xixibin124 has 20 seconds left.\n|\n|t:|1776061933\n|switch|p1b: Politoed|Politoed, L50, F|100/100\n|-weather|RainDance|[from] ability: Drizzle|[of] p1b: Politoed\n|move|p1a: Basculegion|Wave Crash|p2b: Charizard\n|-supereffective|p2b: Charizard|1\n|-damage|p2b: Charizard|0 fnt\n|faint|p2b: Charizard\n|-damage|p1a: Basculegion|3/100 brn|[from] Recoil\n|move|p2a: Incineroar|Flare Blitz|p1a: Basculegion\n|-resisted|p1a: Basculegion|1\n|-damage|p1a: Basculegion|0 fnt\n|faint|p1a: Basculegion\n|-damage|p2a: Incineroar|64/100|[from] Recoil\n|\n|-weather|RainDance|[upkeep]\n|upkeep\n|inactive|gshh10 has 30 seconds left.\n|\n|t:|1776061960\n|switch|p2b: Whimsicott|Whimsicott, L50, F|100/100\n|switch|p1a: Garchomp|Garchomp, L50, F|39/100 brn\n|turn|7\n|\n|t:|1776061976\n|switch|p1a: Gengar|Gengar-Mega, L50, F, shiny|100/100\n|move|p2b: Whimsicott|Tailwind|p2b: Whimsicott\n|-sidestart|p2: xixibin124|move: Tailwind\n|move|p2a: Incineroar|Parting Shot|p1a: Gengar\n|-unboost|p1a: Gengar|atk|1\n|-unboost|p1a: Gengar|spa|1\n|\n|t:|1776061984\n|switch|p2a: Rotom|Rotom-Wash, L50|100/100|[from] Parting Shot\n|move|p1b: Politoed|Perish Song|p1b: Politoed\n|-start|p1a: Gengar|perish3|[silent]\n|-start|p1b: Politoed|perish3|[silent]\n|-start|p2a: Rotom|perish3|[silent]\n|-start|p2b: Whimsicott|perish3|[silent]\n|-fieldactivate|move: Perish Song\n|\n|-weather|RainDance|[upkeep]\n|-start|p2b: Whimsicott|perish3\n|-start|p2a: Rotom|perish3\n|-start|p1a: Gengar|perish3\n|-start|p1b: Politoed|perish3\n|upkeep\n|turn|8\n|\n|t:|1776062002\n|move|p2b: Whimsicott|Moonblast|p1b: Politoed\n|-damage|p1b: Politoed|72/100\n|move|p2a: Rotom|Hydro Pump|p1b: Politoed\n|-resisted|p1b: Politoed|1\n|-damage|p1b: Politoed|41/100\n|move|p1a: Gengar|Disable|p2a: Rotom\n|-start|p2a: Rotom|Disable|Hydro Pump\n|move|p1b: Politoed|Encore|p2a: Rotom\n|-start|p2a: Rotom|Encore\n|\n|-weather|RainDance|[upkeep]\n|-heal|p1b: Politoed|47/100|[from] item: Leftovers\n|-start|p2b: Whimsicott|perish2\n|-start|p2a: Rotom|perish2\n|-start|p1a: Gengar|perish2\n|-start|p1b: Politoed|perish2\n|upkeep\n|turn|9\n|\n|t:|1776062024\n|move|p2b: Whimsicott|Moonblast|p1b: Politoed\n|-crit|p1b: Politoed\n|-damage|p1b: Politoed|4/100\n|-activate|p2a: Rotom|move: Struggle\n|move|p2a: Rotom|Struggle|p1a: Gengar\n|-damage|p1a: Gengar|93/100\n|-damage|p2a: Rotom|76/100|[from] recoil\n|move|p1a: Gengar|Disable|p2b: Whimsicott\n|-start|p2b: Whimsicott|Disable|Moonblast\n|move|p1b: Politoed|Encore|p2b: Whimsicott\n|-start|p2b: Whimsicott|Encore\n|\n|-weather|RainDance|[upkeep]\n|-heal|p2a: Rotom|81/100|[from] item: Leftovers\n|-heal|p1b: Politoed|10/100|[from] item: Leftovers\n|-start|p2b: Whimsicott|perish1\n|-start|p2a: Rotom|perish1\n|-start|p1a: Gengar|perish1\n|-start|p1b: Politoed|perish1\n|upkeep\n|turn|10\n|inactive|gshh10 has 30 seconds left.\n|\n|t:|1776062053\n|switch|p1a: Garchomp|Garchomp, L50, F|39/100 brn\n|move|p1b: Politoed|Protect|p1b: Politoed\n|-singleturn|p1b: Politoed|Protect\n|-activate|p2b: Whimsicott|move: Struggle\n|move|p2b: Whimsicott|Struggle|p1a: Garchomp\n|-damage|p1a: Garchomp|32/100 brn\n|-damage|p2b: Whimsicott|89/100|[from] ability: Rough Skin|[of] p1a: Garchomp\n|-damage|p2b: Whimsicott|63/100|[from] recoil\n|-activate|p2a: Rotom|move: Struggle\n|move|p2a: Rotom|Struggle|p1a: Garchomp\n|-damage|p1a: Garchomp|24/100 brn\n|-damage|p2a: Rotom|69/100|[from] ability: Rough Skin|[of] p1a: Garchomp\n|-damage|p2a: Rotom|44/100|[from] recoil\n|\n|-weather|none\n|-heal|p2a: Rotom|50/100|[from] item: Leftovers\n|-heal|p1b: Politoed|16/100|[from] item: Leftovers\n|-damage|p1a: Garchomp|18/100 brn|[from] brn\n|-start|p2b: Whimsicott|perish0\n|-start|p2a: Rotom|perish0\n|-start|p1b: Politoed|perish0\n|-sideend|p2: xixibin124|move: Tailwind\n|faint|p2b: Whimsicott\n|faint|p2a: Rotom\n|faint|p1b: Politoed\n|upkeep\n|inactive|xixibin124 has 30 seconds left.\n|\n|t:|1776062079\n|switch|p2a: Incineroar|Incineroar, L50, F|64/100\n|switch|p1b: Gengar|Gengar-Mega, L50, F, shiny|93/100\n|-ability|p2a: Incineroar|Intimidate|boost\n|-unboost|p1a: Garchomp|atk|1\n|-unboost|p1b: Gengar|atk|1\n|turn|11\n|\n|t:|1776062092\n|move|p1a: Garchomp|Rock Slide|p2a: Incineroar\n|-supereffective|p2a: Incineroar|1\n|-damage|p2a: Incineroar|49/100\n|-enditem|p2a: Incineroar|Sitrus Berry|[eat]\n|-heal|p2a: Incineroar|73/100|[from] item: Sitrus Berry\n|move|p1b: Gengar|Sludge Bomb|p2a: Incineroar\n|-damage|p2a: Incineroar|33/100\n|move|p2a: Incineroar|Flare Blitz|p1b: Gengar\n|-damage|p1b: Gengar|47/100\n|-damage|p2a: Incineroar|20/100|[from] Recoil\n|\n|-damage|p1a: Garchomp|12/100 brn|[from] brn\n|upkeep\n|turn|12\n|\n|t:|1776062108\n|move|p1a: Garchomp|Stomping Tantrum|p2a: Incineroar\n|-supereffective|p2a: Incineroar|1\n|-damage|p2a: Incineroar|0 fnt\n|faint|p2a: Incineroar\n|\n|win|gshh10\n|raw|gshh10's rating: 1000 &rarr; <strong>1047</strong><br />(+47 for winning)\n|raw|xixibin124's rating: 1063 &rarr; <strong>1040</strong><br />(-23 for losing)\n|l|\u2606xixibin124\n|player|p2|\n",
  "uploadtime": 1776062123,
  "views": 8,
  "formatid": "gen9championsvgc2026regma",
  "rating": 1040,
  "private": 0,
  "password": null
}