{
  "id": "gen9championsvgc2026regma-2583514793",
  "format": "[Gen 9 Champions] VGC 2026 Reg M-A",
  "players": [
    "chris466",
    "NeonEclipse2"
  ],
  "log": "|j|\u2606chris466\n|j|\u2606NeonEclipse2\n|t:|1776180492\n|gametype|doubles\n|player|p1|chris466|red|1091\n|player|p2|NeonEclipse2|265|1068\n|gen|9\n|tier|[Gen 9 Champions] VGC 2026 Reg M-A\n|rated|\n|rule|Species Clause: Limit one of each Pok\u00e9mon\n|rule|Item Clause: Limit 1 of each item\n|clearpoke\n|poke|p1|Sneasler, L50, M|\n|poke|p1|Golurk, L50|\n|poke|p1|Ninetales-Alola, L50, F|\n|poke|p1|Incineroar, L50, M|\n|poke|p1|Archaludon, L50, F|\n|poke|p1|Primarina, L50, F|\n|poke|p2|Charizard, L50, F|\n|poke|p2|Rotom-Mow, L50|\n|poke|p2|Empoleon, L50, F|\n|poke|p2|Sneasler, L50, M|\n|poke|p2|Talonflame, L50, F|\n|poke|p2|Sinistcha, L50|\n|teampreview|4\n|inactive|Battle timer is ON: inactive players will automatically lose when time's up. (requested by NeonEclipse2)\nNeonEclipse2 has agreed to open team sheets.\n|\n|t:|1776180539\n|teamsize|p1|4\n|teamsize|p2|4\n|start\n|switch|p1a: Primarina|Primarina, L50, F|100/100\n|switch|p1b: Golurk|Golurk, L50|100/100\n|switch|p2a: Charizard|Charizard, L50, F, shiny|100/100\n|switch|p2b: Empoleon|Empoleon, L50, F, shiny|100/100\n|turn|1\n|\n|t:|1776180561\n|detailschange|p1b: Golurk|Golurk-Mega, L50\n|-mega|p1b: Golurk|Golurk|Golurkite\n|move|p2a: Charizard|Protect|p2a: Charizard\n|-singleturn|p2a: Charizard|Protect\n|move|p2b: Empoleon|Ice Beam|p1b: Golurk\n|-supereffective|p1b: Golurk|1\n|-damage|p1b: Golurk|52/100\n|move|p1a: Primarina|Calm Mind|p1a: Primarina\n|-boost|p1a: Primarina|spa|1\n|-boost|p1a: Primarina|spd|1\n|move|p1b: Golurk|Headlong Rush|p2b: Empoleon\n|-supereffective|p2b: Empoleon|1\n|-damage|p2b: Empoleon|0 fnt\n|-unboost|p1b: Golurk|def|1\n|-unboost|p1b: Golurk|spd|1\n|faint|p2b: Empoleon\n|\n|upkeep\n|\n|t:|1776180571\n|switch|p2b: Rotom|Rotom-Mow, L50, shiny|100/100\n|turn|2\n|\n|t:|1776180593\n|detailschange|p2a: Charizard|Charizard-Mega-X, L50, F, shiny\n|-mega|p2a: Charizard|Charizard|Charizardite X\n|move|p1a: Primarina|Protect|p1a: Primarina\n|-singleturn|p1a: Primarina|Protect\n|move|p2a: Charizard|Dragon Claw|p1b: Golurk\n|-damage|p1b: Golurk|0 fnt\n|faint|p1b: Golurk\n|move|p2b: Rotom|Leaf Storm|p1a: Primarina\n|-activate|p1a: Primarina|move: Protect\n|\n|upkeep\n|\n|t:|1776180607\n|switch|p1b: Sneasler|Sneasler, L50, M|100/100\n|turn|3\n|\n|t:|1776180618\n|switch|p2a: Sinistcha|Sinistcha, L50, shiny|100/100\n|switch|p1a: Ninetales|Ninetales-Alola, L50, F|100/100\n|-weather|Snowscape|[from] ability: Snow Warning|[of] p1a: Ninetales\n|move|p2b: Rotom|Protect|p2b: Rotom\n|-singleturn|p2b: Rotom|Protect\n|move|p1b: Sneasler|Dire Claw|p2a: Sinistcha\n|-damage|p2a: Sinistcha|72/100\n|-status|p2a: Sinistcha|psn\n|\n|-weather|Snowscape|[upkeep]\n|-heal|p2a: Sinistcha|78/100 psn|[from] item: Leftovers\n|-damage|p2a: Sinistcha|66/100 psn|[from] psn\n|upkeep\n|turn|4\n|\n|t:|1776180641\n|move|p1b: Sneasler|Protect|p1b: Sneasler\n|-singleturn|p1b: Sneasler|Protect\n|move|p2b: Rotom|Volt Switch|p1a: Ninetales\n|-damage|p1a: Ninetales|70/100\n|\n|t:|1776180645\n|switch|p2b: Charizard|Charizard-Mega-X, L50, F, shiny|100/100|[from] Volt Switch\n|move|p1a: Ninetales|Aurora Veil|p1a: Ninetales\n|-sidestart|p1: chris466|move: Aurora Veil\n|move|p2a: Sinistcha|Strength Sap|p1b: Sneasler\n|-activate|p1b: Sneasler|move: Protect\n|\n|-weather|Snowscape|[upkeep]\n|-heal|p2a: Sinistcha|72/100 psn|[from] item: Leftovers\n|-damage|p2a: Sinistcha|59/100 psn|[from] psn\n|upkeep\n|turn|5\n|\n|t:|1776180658\n|switch|p1b: Primarina|Primarina, L50, F|100/100\n|move|p2a: Sinistcha|Protect|p2a: Sinistcha\n|-singleturn|p2a: Sinistcha|Protect\n|move|p2b: Charizard|Flare Blitz|p1a: Ninetales\n|-supereffective|p1a: Ninetales|1\n|-damage|p1a: Ninetales|1/100\n|-damage|p2b: Charizard|74/100|[from] Recoil\n|move|p1a: Ninetales|Icy Wind|p2b: Charizard|[spread] p2b\n|-activate|p2a: Sinistcha|move: Protect\n|-damage|p2b: Charizard|58/100\n|-unboost|p2b: Charizard|spe|1\n|\n|-weather|Snowscape|[upkeep]\n|-heal|p2a: Sinistcha|66/100 psn|[from] item: Leftovers\n|-damage|p2a: Sinistcha|53/100 psn|[from] psn\n|upkeep\n|turn|6\n|\n|t:|1776180678\n|move|p2b: Charizard|Protect|p2b: Charizard\n|-singleturn|p2b: Charizard|Protect\n|move|p1a: Ninetales|Encore|p2a: Sinistcha\n|-start|p2a: Sinistcha|Encore\n|move|p2a: Sinistcha|Protect|p2a: Sinistcha\n|-singleturn|p2a: Sinistcha|Protect\n|move|p1b: Primarina|Calm Mind|p1b: Primarina\n|-boost|p1b: Primarina|spa|1\n|-boost|p1b: Primarina|spd|1\n|\n|-weather|Snowscape|[upkeep]\n|-heal|p2a: Sinistcha|59/100 psn|[from] item: Leftovers\n|-damage|p2a: Sinistcha|47/100 psn|[from] psn\n|upkeep\n|turn|7\n|\n|t:|1776180698\n|switch|p2a: Rotom|Rotom-Mow, L50, shiny|100/100\n|move|p1a: Ninetales|Encore|p2b: Charizard\n|-start|p2b: Charizard|Encore\n|move|p2b: Charizard|Protect|p2b: Charizard\n|-singleturn|p2b: Charizard|Protect\n|move|p1b: Primarina|Calm Mind|p1b: Primarina\n|-boost|p1b: Primarina|spa|1\n|-boost|p1b: Primarina|spd|1\n|\n|-weather|none\n|upkeep\n|turn|8\n|\n|t:|1776180712\n|switch|p2b: Sinistcha|Sinistcha, L50, shiny|47/100 psn\n|move|p1b: Primarina|Protect|p1b: Primarina\n|-singleturn|p1b: Primarina|Protect\n|move|p2a: Rotom|Thunderbolt|p1b: Primarina\n|-activate|p1b: Primarina|move: Protect\n|move|p1a: Ninetales|Icy Wind|p2a: Rotom|[spread] p2a,p2b\n|-supereffective|p2a: Rotom|1\n|-supereffective|p2b: Sinistcha|1\n|-damage|p2a: Rotom|70/100\n|-damage|p2b: Sinistcha|17/100 psn\n|-unboost|p2a: Rotom|spe|1\n|-unboost|p2b: Sinistcha|spe|1\n|\n|-heal|p2b: Sinistcha|23/100 psn|[from] item: Leftovers\n|-damage|p2b: Sinistcha|11/100 psn|[from] psn\n|-sideend|p1: chris466|move: Aurora Veil\n|upkeep\n|turn|9\n|\n|t:|1776180724\n|move|p1a: Ninetales|Icy Wind|p2b: Sinistcha|[spread] p2a,p2b\n|-supereffective|p2a: Rotom|1\n|-supereffective|p2b: Sinistcha|1\n|-damage|p2a: Rotom|36/100\n|-damage|p2b: Sinistcha|0 fnt\n|-unboost|p2a: Rotom|spe|1\n|faint|p2b: Sinistcha\n|move|p1b: Primarina|Moonblast|p2a: Rotom\n|-damage|p2a: Rotom|0 fnt\n|faint|p2a: Rotom\n|\n|upkeep\n|\n|t:|1776180728\n|switch|p2b: Charizard|Charizard-Mega-X, L50, F, shiny|58/100\n|turn|10\n|-message|NeonEclipse2 forfeited.\n|\n|win|chris466\n|raw|chris466's rating: 1091 &rarr; <strong>1116</strong><br />(+25 for winning)\n|raw|NeonEclipse2's rating: 1068 &rarr; <strong>1049</strong><br />(-19 for losing)\n|l|\u2606NeonEclipse2\n|player|p2|\n",
  "uploadtime": 1776180735,
  "views": 13,
  "formatid": "gen9championsvgc2026regma",
  "rating": 1049,
  "private": 0,
  "password": null
}