{
  "id": "gen9championsvgc2026regma-2580477758",
  "format": "[Gen 9 Champions] VGC 2026 Reg M-A",
  "players": [
    "blobbymcgee",
    "nextxenp"
  ],
  "log": "|j|\u2606blobbymcgee\n|j|\u2606nextxenp\n|t:|1775902408\n|gametype|doubles\n|player|p1|blobbymcgee|depotagent|1051\n|player|p2|nextxenp|skier|1091\n|gen|9\n|tier|[Gen 9 Champions] VGC 2026 Reg M-A\n|rated|\n|rule|Species Clause: Limit one of each Pok\u00e9mon\n|rule|Item Clause: Limit 1 of each item\n|clearpoke\n|poke|p1|Palafin, L50, M|\n|poke|p1|Gengar, L50, F|\n|poke|p1|Incineroar, L50, F|\n|poke|p1|Sinistcha, L50|\n|poke|p1|Kingambit, L50, M|\n|poke|p1|Politoed, L50, F|\n|poke|p2|Gengar, L50, F|\n|poke|p2|Incineroar, L50, M|\n|poke|p2|Sinistcha, L50|\n|poke|p2|Kingambit, L50, F|\n|poke|p2|Tyranitar, L50, M|\n|poke|p2|Kommo-o, L50, F|\n|teampreview|4\n|\n|t:|1775902450\n|teamsize|p1|4\n|teamsize|p2|4\n|start\n|switch|p1a: Palafin|Palafin, L50, M|100/100\n|switch|p1b: Gengar|Gengar, L50, F|100/100\n|switch|p2a: Kommo-o|Kommo-o, L50, F|100/100\n|switch|p2b: Sinistcha|Sinistcha, L50|100/100\n|turn|1\n|\n|t:|1775902479\n|detailschange|p1b: Gengar|Gengar-Mega, L50, F\n|-mega|p1b: Gengar|Gengar|Gengarite\n|move|p1b: Gengar|Shadow Ball|p2b: Sinistcha\n|-supereffective|p2b: Sinistcha|1\n|-damage|p2b: Sinistcha|15/100\n|-enditem|p2b: Sinistcha|Sitrus Berry|[eat]\n|-heal|p2b: Sinistcha|39/100|[from] item: Sitrus Berry\n|move|p2a: Kommo-o|Clangorous Soul|p2a: Kommo-o\n|-boost|p2a: Kommo-o|atk|1\n|-boost|p2a: Kommo-o|def|1\n|-boost|p2a: Kommo-o|spa|1\n|-boost|p2a: Kommo-o|spd|1\n|-boost|p2a: Kommo-o|spe|1\n|-damage|p2a: Kommo-o|68/100\n|move|p1a: Palafin|Flip Turn|p2b: Sinistcha\n|-resisted|p2b: Sinistcha|1\n|-damage|p2b: Sinistcha|26/100\n|\n|t:|1775902493\n|detailschange|p1a: Palafin|Palafin-Hero, L50, M\n|switch|p1a: Politoed|Politoed, L50, F|100/100|[from] Flip Turn\n|-weather|RainDance|[from] ability: Drizzle|[of] p1a: Politoed\n|move|p2b: Sinistcha|Matcha Gotcha|p1a: Politoed|[spread] p1a\n|-miss|p2b: Sinistcha|p1b: Gengar\n|-supereffective|p1a: Politoed|1\n|-damage|p1a: Politoed|70/100\n|-heal|p2b: Sinistcha|43/100|[from] drain|[of] p1a: Politoed\n|\n|-weather|RainDance|[upkeep]\n|-heal|p2a: Kommo-o|73/100|[from] item: Leftovers\n|upkeep\n|turn|2\n|\n|t:|1775902540\n|switch|p2b: Gengar|Gengar, L50, F|100/100\n|move|p2a: Kommo-o|Clanging Scales|p1b: Gengar|[spread] p1a,p1b\n|-damage|p1a: Politoed|30/100\n|-damage|p1b: Gengar|33/100\n|-unboost|p2a: Kommo-o|def|1\n|move|p1b: Gengar|Shadow Ball|p2b: Gengar\n|-supereffective|p2b: Gengar|1\n|-damage|p2b: Gengar|0 fnt\n|faint|p2b: Gengar\n|move|p1a: Politoed|Haze|p1a: Politoed\n|-clearallboost\n|\n|-weather|RainDance|[upkeep]\n|-heal|p2a: Kommo-o|79/100|[from] item: Leftovers\n|upkeep\n|\n|t:|1775902554\n|switch|p2b: Sinistcha|Sinistcha, L50|43/100\n|-heal|p2a: Kommo-o|100/100|[from] ability: Hospitality|[of] p2b: Sinistcha\n|turn|3\n|\n|t:|1775902581\n|move|p2b: Sinistcha|Protect|p2b: Sinistcha\n|-singleturn|p2b: Sinistcha|Protect\n|move|p1b: Gengar|Shadow Ball|p2b: Sinistcha\n|-activate|p2b: Sinistcha|move: Protect\n|move|p2a: Kommo-o|Clangorous Soul|p2a: Kommo-o\n|-boost|p2a: Kommo-o|atk|1\n|-boost|p2a: Kommo-o|def|1\n|-boost|p2a: Kommo-o|spa|1\n|-boost|p2a: Kommo-o|spd|1\n|-boost|p2a: Kommo-o|spe|1\n|-damage|p2a: Kommo-o|68/100\n|move|p1a: Politoed|Perish Song|p1a: Politoed\n|-start|p1a: Politoed|perish3|[silent]\n|-start|p1b: Gengar|perish3|[silent]\n|-immune|p2a: Kommo-o|[from] ability: Soundproof\n|-start|p2b: Sinistcha|perish3|[silent]\n|-fieldactivate|move: Perish Song\n|\n|-weather|RainDance|[upkeep]\n|-heal|p2a: Kommo-o|73/100|[from] item: Leftovers\n|-start|p1b: Gengar|perish3\n|-start|p2b: Sinistcha|perish3\n|-start|p1a: Politoed|perish3\n|upkeep\n|turn|4\n|\n|t:|1775902613\n|switch|p1b: Sinistcha|Sinistcha, L50|100/100\n|-heal|p1a: Politoed|55/100|[from] ability: Hospitality|[of] p1b: Sinistcha\n|move|p1a: Politoed|Protect|p1a: Politoed\n|-singleturn|p1a: Politoed|Protect\n|move|p2b: Sinistcha|Rage Powder|p2b: Sinistcha\n|-singleturn|p2b: Sinistcha|move: Rage Powder\n|move|p2a: Kommo-o|Clanging Scales|p1a: Politoed|[spread] p1b\n|-activate|p1a: Politoed|move: Protect\n|-damage|p1b: Sinistcha|23/100\n|-unboost|p2a: Kommo-o|def|1\n|\n|-weather|RainDance|[upkeep]\n|-heal|p2a: Kommo-o|79/100|[from] item: Leftovers\n|-heal|p1b: Sinistcha|29/100|[from] item: Leftovers\n|-start|p2b: Sinistcha|perish2\n|-start|p1a: Politoed|perish2\n|upkeep\n|turn|5\n|\n|t:|1775902645\n|switch|p2b: Kingambit|Kingambit, L50, F|100/100\n|move|p1b: Sinistcha|Protect|p1b: Sinistcha\n|-singleturn|p1b: Sinistcha|Protect\n|move|p2a: Kommo-o|Clanging Scales|p1b: Sinistcha|[spread] p1a\n|-activate|p1b: Sinistcha|move: Protect\n|-crit|p1a: Politoed\n|-damage|p1a: Politoed|0 fnt\n|faint|p1a: Politoed\n|-unboost|p2a: Kommo-o|def|1\n|\n|-weather|none\n|-heal|p2a: Kommo-o|85/100|[from] item: Leftovers\n|-heal|p1b: Sinistcha|36/100|[from] item: Leftovers\n|upkeep\n|\n|t:|1775902652\n|switch|p1a: Palafin|Palafin-Hero, L50, M|100/100\n|-activate|p1a: Palafin|ability: Zero to Hero\n|turn|6\n|\n|t:|1775902683\n|move|p2a: Kommo-o|Protect|p2a: Kommo-o\n|-singleturn|p2a: Kommo-o|Protect\n|move|p1b: Sinistcha|Protect|p1b: Sinistcha\n|-singleturn|p1b: Sinistcha|Protect\n|move|p2b: Kingambit|Sucker Punch||[still]\n|-fail|p2b: Kingambit\n|move|p1a: Palafin|Wave Crash|p2a: Kommo-o\n|-activate|p2a: Kommo-o|move: Protect\n|\n|-heal|p2a: Kommo-o|91/100|[from] item: Leftovers\n|-heal|p1b: Sinistcha|42/100|[from] item: Leftovers\n|upkeep\n|turn|7\n|\n|t:|1775902711\n|switch|p2b: Sinistcha|Sinistcha, L50|43/100\n|-heal|p2a: Kommo-o|100/100|[from] ability: Hospitality|[of] p2b: Sinistcha\n|move|p1b: Sinistcha|Rage Powder|p1b: Sinistcha\n|-singleturn|p1b: Sinistcha|move: Rage Powder\n|move|p2a: Kommo-o|Clanging Scales|p1b: Sinistcha|[spread] p1a,p1b\n|-damage|p1a: Palafin|43/100\n|-damage|p1b: Sinistcha|0 fnt\n|faint|p1b: Sinistcha\n|-unboost|p2a: Kommo-o|def|1\n|move|p1a: Palafin|Wave Crash|p2a: Kommo-o\n|-resisted|p2a: Kommo-o|1\n|-crit|p2a: Kommo-o\n|-damage|p2a: Kommo-o|0 fnt\n|faint|p2a: Kommo-o\n|-damage|p1a: Palafin|19/100|[from] Recoil\n|\n|upkeep\n|\n|t:|1775902726\n|switch|p2a: Kingambit|Kingambit, L50, F|100/100\n|switch|p1b: Gengar|Gengar-Mega, L50, F|33/100\n|turn|8\n|\n|t:|1775902752\n|move|p2a: Kingambit|Sucker Punch||[still]\n|-fail|p2a: Kingambit\n|move|p1b: Gengar|Substitute|p1b: Gengar\n|-start|p1b: Gengar|Substitute\n|-damage|p1b: Gengar|9/100\n|move|p1a: Palafin|Wave Crash|p2b: Sinistcha\n|-resisted|p2b: Sinistcha|1\n|-damage|p2b: Sinistcha|3/100\n|-damage|p1a: Palafin|7/100|[from] Recoil\n|move|p2b: Sinistcha|Matcha Gotcha|p1a: Palafin|[spread] p1a,p1b\n|-resisted|p1b: Gengar|1\n|-activate|p1b: Gengar|move: Substitute|[damage]\n|-heal|p2b: Sinistcha|10/100|[from] drain|[of] p1b: Gengar\n|-supereffective|p1a: Palafin|1\n|-damage|p1a: Palafin|0 fnt\n|-heal|p2b: Sinistcha|13/100|[from] drain|[of] p1a: Palafin\n|faint|p1a: Palafin\n|\n|upkeep\n|turn|9\n|-message|blobbymcgee forfeited.\n|\n|win|nextxenp\n|raw|blobbymcgee's rating: 1051 &rarr; <strong>1035</strong><br />(-16 for losing)\n|raw|nextxenp's rating: 1091 &rarr; <strong>1114</strong><br />(+23 for winning)\n|l|\u2606blobbymcgee\n|player|p1|\n",
  "uploadtime": 1775902783,
  "views": 42,
  "formatid": "gen9championsvgc2026regma",
  "rating": 1035,
  "private": 0,
  "password": null
}