{
  "id": "gen9championsvgc2026regma-2582725928",
  "format": "[Gen 9 Champions] VGC 2026 Reg M-A",
  "players": [
    "Henryy_404",
    "snothrowing9"
  ],
  "log": "|j|\u2606Henryy_404\n|j|\u2606snothrowing9\n|t:|1776109862\n|gametype|doubles\n|player|p1|Henryy_404|266|1242\n|player|p2|snothrowing9|green|1269\n|gen|9\n|tier|[Gen 9 Champions] VGC 2026 Reg M-A\n|rated|\n|rule|Species Clause: Limit one of each Pok\u00e9mon\n|rule|Item Clause: Limit 1 of each item\n|clearpoke\n|poke|p1|Drampa, L50, M|\n|poke|p1|Alakazam, L50, M|\n|poke|p1|Sinistcha-Masterpiece, L50|\n|poke|p1|Pelipper, L50, M|\n|poke|p1|Scizor, L50, M|\n|poke|p1|Basculegion, L50, M|\n|poke|p2|Floette-Eternal, L50, F|\n|poke|p2|Incineroar, L50, F|\n|poke|p2|Kingambit, L50, F|\n|poke|p2|Aerodactyl, L50, F|\n|poke|p2|Garchomp, L50, M|\n|poke|p2|Sinistcha, L50|\n|teampreview|4\n|\n|t:|1776109879\n|teamsize|p1|4\n|teamsize|p2|4\n|start\n|switch|p1a: Drampa|Drampa, L50, M, shiny|100/100\n|switch|p1b: Alakazam|Alakazam, L50, M|100/100\n|switch|p2a: Sinistcha|Sinistcha, L50|100/100\n|switch|p2b: Floette|Floette-Eternal, L50, F|100/100\n|-ability|p1a: Drampa|Cloud Nine\n|turn|1\n|inactive|Battle timer is ON: inactive players will automatically lose when time's up. (requested by snothrowing9)\n|inactive|Henryy_404 has 60 seconds left.\n|\n|t:|1776109931\n|detailschange|p2b: Floette|Floette-Mega, L50, F\n|-mega|p2b: Floette|Floette|Floettite\n|-ability|p2b: Floette|Fairy Aura\n|detailschange|p1a: Drampa|Drampa-Mega, L50, M, shiny\n|-mega|p1a: Drampa|Drampa|Drampanite\n|move|p1a: Drampa|Protect|p1a: Drampa\n|-singleturn|p1a: Drampa|Protect\n|move|p1b: Alakazam|Light Screen|p1b: Alakazam\n|-sidestart|p1: Henryy_404|move: Light Screen\n|move|p2b: Floette|Calm Mind|p2b: Floette\n|-boost|p2b: Floette|spa|1\n|-boost|p2b: Floette|spd|1\n|move|p2a: Sinistcha|Trick Room|p2a: Sinistcha\n|-fieldstart|move: Trick Room|[of] p2a: Sinistcha\n|\n|upkeep\n|turn|2\n|inactive|Henryy_404 has 30 seconds left.\n|\n|t:|1776109965\n|move|p2b: Floette|Protect|p2b: Floette\n|-singleturn|p2b: Floette|Protect\n|move|p1a: Drampa|Hyper Voice|p2a: Sinistcha|[spread] \n|-activate|p2b: Floette|move: Protect\n|-immune|p2a: Sinistcha\n|move|p1b: Alakazam|Reflect|p1b: Alakazam\n|-sidestart|p1: Henryy_404|Reflect\n|move|p2a: Sinistcha|Trick Room|p2a: Sinistcha\n|-fieldend|move: Trick Room\n|\n|upkeep\n|turn|3\n|\n|t:|1776109980\n|move|p2a: Sinistcha|Rage Powder|p2a: Sinistcha\n|-singleturn|p2a: Sinistcha|move: Rage Powder\n|move|p1b: Alakazam|Speed Swap|p2a: Sinistcha\n|-activate|p1b: Alakazam|move: Speed Swap|[of] p2a: Sinistcha\n|move|p2b: Floette|Calm Mind|p2b: Floette\n|-boost|p2b: Floette|spa|1\n|-boost|p2b: Floette|spd|1\n|move|p1a: Drampa|Hyper Voice|p2b: Floette|[spread] p2b\n|-immune|p2a: Sinistcha\n|-damage|p2b: Floette|83/100\n|\n|upkeep\n|turn|4\n|inactive|Henryy_404 has 30 seconds left.\n|\n|t:|1776110012\n|move|p2a: Sinistcha|Rage Powder|p2a: Sinistcha\n|-singleturn|p2a: Sinistcha|move: Rage Powder\n|move|p2b: Floette|Calm Mind|p2b: Floette\n|-boost|p2b: Floette|spa|1\n|-boost|p2b: Floette|spd|1\n|move|p1b: Alakazam|Speed Swap|p2a: Sinistcha\n|-activate|p1b: Alakazam|move: Speed Swap|[of] p2a: Sinistcha\n|move|p1a: Drampa|Calm Mind|p1a: Drampa\n|-boost|p1a: Drampa|spa|1\n|-boost|p1a: Drampa|spd|1\n|\n|upkeep\n|turn|5\n|inactive|Henryy_404 has 30 seconds left.\n|\n|t:|1776110040\n|move|p2a: Sinistcha|Rage Powder|p2a: Sinistcha\n|-singleturn|p2a: Sinistcha|move: Rage Powder\n|move|p1b: Alakazam|Psychic|p2a: Sinistcha\n|-damage|p2a: Sinistcha|51/100\n|move|p2b: Floette|Calm Mind|p2b: Floette\n|-boost|p2b: Floette|spa|1\n|-boost|p2b: Floette|spd|1\n|move|p1a: Drampa|Calm Mind|p1a: Drampa\n|-boost|p1a: Drampa|spa|1\n|-boost|p1a: Drampa|spd|1\n|\n|-sideend|p1: Henryy_404|move: Light Screen\n|upkeep\n|turn|6\n|\n|t:|1776110064\n|move|p2a: Sinistcha|Rage Powder|p2a: Sinistcha\n|-singleturn|p2a: Sinistcha|move: Rage Powder\n|move|p1b: Alakazam|Psychic|p2a: Sinistcha\n|-damage|p2a: Sinistcha|0 fnt\n|faint|p2a: Sinistcha\n|move|p2b: Floette|Dazzling Gleam|p1b: Alakazam|[spread] p1a,p1b\n|-supereffective|p1a: Drampa|1\n|-crit|p1a: Drampa\n|-damage|p1a: Drampa|0 fnt\n|-damage|p1b: Alakazam|0 fnt\n|faint|p1a: Drampa\n|faint|p1b: Alakazam\n|\n|-sideend|p1: Henryy_404|Reflect\n|upkeep\n|\n|t:|1776110076\n|switch|p1b: Pelipper|Pelipper, L50, M|100/100\n|switch|p2a: Incineroar|Incineroar, L50, F|100/100\n|switch|p1a: Sinistcha|Sinistcha-Masterpiece, L50|100/100\n|-weather|RainDance|[from] ability: Drizzle|[of] p1b: Pelipper\n|-ability|p2a: Incineroar|Intimidate|boost\n|-unboost|p1a: Sinistcha|atk|1\n|-unboost|p1b: Pelipper|atk|1\n|turn|7\n|-message|Henryy_404 forfeited.\n|\n|win|snothrowing9\n|raw|Henryy_404's rating: 1242 &rarr; <strong>1219</strong><br />(-23 for losing)\n|raw|snothrowing9's rating: 1269 &rarr; <strong>1292</strong><br />(+23 for winning)\n|l|\u2606Henryy_404\n|player|p1|\n",
  "uploadtime": 1776110082,
  "views": 25,
  "formatid": "gen9championsvgc2026regma",
  "rating": 1219,
  "private": 0,
  "password": null
}