{
  "id": "gen9championsvgc2026regma-2584221093",
  "format": "[Gen 9 Champions] VGC 2026 Reg M-A",
  "players": [
    "iceycheeze",
    "malucy"
  ],
  "log": "|j|\u2606iceycheeze\n|j|\u2606malucy\n|t:|1776239866\n|gametype|doubles\n|player|p1|iceycheeze|morty|1219\n|player|p2|malucy|101|1165\n|gen|9\n|tier|[Gen 9 Champions] VGC 2026 Reg M-A\n|rated|\n|rule|Species Clause: Limit one of each Pok\u00e9mon\n|rule|Item Clause: Limit 1 of each item\n|clearpoke\n|poke|p1|Froslass, L50, F|\n|poke|p1|Incineroar, L50, M|\n|poke|p1|Rotom-Frost, L50|\n|poke|p1|Kingambit, L50, M|\n|poke|p1|Milotic, L50, F|\n|poke|p1|Garchomp, L50, M|\n|poke|p2|Delphox, L50, F|\n|poke|p2|Farigiraf, L50, F|\n|poke|p2|Whimsicott, L50, F|\n|poke|p2|Incineroar, L50, F|\n|poke|p2|Milotic, L50, M|\n|poke|p2|Decidueye-Hisui, L50, M|\n|teampreview|4\n|inactive|Battle timer is ON: inactive players will automatically lose when time's up. (requested by iceycheeze)\n|inactive|iceycheeze has 60 seconds left.\n|inactive|malucy has 60 seconds left.\n|\n|t:|1776239913\n|teamsize|p1|4\n|teamsize|p2|4\n|start\n|switch|p1a: Garchomp|Garchomp, L50, M|100/100\n|switch|p1b: Rotom|Rotom-Frost, L50|100/100\n|switch|p2a: Whimsicott|Whimsicott, L50, F|100/100\n|switch|p2b: Farigiraf|Farigiraf, L50, F|100/100\n|turn|1\n|inactive|iceycheeze has 30 seconds left.\n|\n|t:|1776239944\n|move|p2a: Whimsicott|Tailwind|p2a: Whimsicott\n|-sidestart|p2: malucy|move: Tailwind\n|move|p1a: Garchomp|Earthquake|p2b: Farigiraf|[spread] p2a,p2b\n|-immune|p1b: Rotom|[from] ability: Levitate\n|-resisted|p2a: Whimsicott|1\n|-damage|p2a: Whimsicott|76/100\n|-damage|p2b: Farigiraf|74/100\n|move|p2b: Farigiraf|Calm Mind|p2b: Farigiraf\n|-boost|p2b: Farigiraf|spa|1\n|-boost|p2b: Farigiraf|spd|1\n|move|p1b: Rotom|Thunderbolt|p2b: Farigiraf\n|-damage|p2b: Farigiraf|47/100\n|\n|upkeep\n|turn|2\n|inactive|iceycheeze has 30 seconds left.\n|inactive|malucy has 30 seconds left.\n|\n|t:|1776239977\n|move|p2a: Whimsicott|Memento|p1a: Garchomp\n|-unboost|p1a: Garchomp|atk|2\n|-unboost|p1a: Garchomp|spa|2\n|faint|p2a: Whimsicott\n|-enditem|p1a: Garchomp|White Herb\n|-clearnegativeboost|p1a: Garchomp|[silent]\n|move|p1a: Garchomp|Earthquake|p2b: Farigiraf|[spread] p2b\n|-immune|p1b: Rotom|[from] ability: Levitate\n|-damage|p2b: Farigiraf|18/100\n|move|p2b: Farigiraf|Calm Mind|p2b: Farigiraf\n|-boost|p2b: Farigiraf|spa|1\n|-boost|p2b: Farigiraf|spd|1\n|move|p1b: Rotom|Blizzard|p2b: Farigiraf|[miss]\n|-miss|p1b: Rotom|p2b: Farigiraf\n|\n|upkeep\n|\n|t:|1776239992\n|switch|p2a: Delphox|Delphox, L50, F|100/100\n|turn|3\n|inactive|malucy has 30 seconds left.\n|\n|t:|1776240024\n|detailschange|p2a: Delphox|Delphox-Mega, L50, F\n|-mega|p2a: Delphox|Delphox|Delphoxite\n|move|p2b: Farigiraf|Protect|p2b: Farigiraf\n|-singleturn|p2b: Farigiraf|Protect\n|move|p2a: Delphox|Heat Wave|p1b: Rotom|[spread] p1a,p1b\n|-resisted|p1a: Garchomp|1\n|-supereffective|p1b: Rotom|1\n|-crit|p1b: Rotom\n|-damage|p1a: Garchomp|73/100\n|-damage|p1b: Rotom|0 fnt\n|faint|p1b: Rotom\n|move|p1a: Garchomp|Earthquake|p2a: Delphox|[spread] \n|-activate|p2b: Farigiraf|move: Protect\n|-immune|p2a: Delphox|[from] ability: Levitate\n|\n|upkeep\n|\n|t:|1776240042\n|switch|p1b: Froslass|Froslass, L50, F, shiny|100/100\n|turn|4\n|\n|t:|1776240059\n|detailschange|p1b: Froslass|Froslass-Mega, L50, F, shiny\n|-mega|p1b: Froslass|Froslass|Froslassite\n|-weather|Snowscape|[from] ability: Snow Warning|[of] p1b: Froslass\n|move|p1b: Froslass|Protect|p1b: Froslass\n|-singleturn|p1b: Froslass|Protect\n|move|p2a: Delphox|Heat Wave|p1a: Garchomp|[spread] p1a\n|-activate|p1b: Froslass|move: Protect\n|-resisted|p1a: Garchomp|1\n|-damage|p1a: Garchomp|48/100\n|move|p1a: Garchomp|Rock Slide|p2b: Farigiraf|[spread] p2a,p2b\n|-supereffective|p2a: Delphox|1\n|-damage|p2a: Delphox|45/100\n|-damage|p2b: Farigiraf|5/100\n|cant|p2b: Farigiraf|flinch\n|\n|-weather|Snowscape|[upkeep]\n|-sideend|p2: malucy|move: Tailwind\n|upkeep\n|turn|5\n|inactive|iceycheeze has 30 seconds left.\n|inactive|malucy has 30 seconds left.\n|\n|t:|1776240093\n|move|p1b: Froslass|Aurora Veil|p1b: Froslass\n|-sidestart|p1: iceycheeze|move: Aurora Veil\n|move|p1a: Garchomp|Rock Slide|p2b: Farigiraf|[spread] p2b\n|-miss|p1a: Garchomp|p2a: Delphox\n|-damage|p2b: Farigiraf|0 fnt\n|faint|p2b: Farigiraf\n|move|p2a: Delphox|Dazzling Gleam|p1b: Froslass|[spread] p1a,p1b\n|-supereffective|p1a: Garchomp|1\n|-damage|p1a: Garchomp|5/100\n|-damage|p1b: Froslass|77/100\n|\n|-weather|Snowscape|[upkeep]\n|upkeep\n|\n|t:|1776240102\n|switch|p2b: Milotic|Milotic, L50, M|100/100\n|turn|6\n|\n|t:|1776240125\n|move|p2a: Delphox|Protect|p2a: Delphox\n|-singleturn|p2a: Delphox|Protect\n|move|p1b: Froslass|Shadow Ball|p2a: Delphox\n|-activate|p2a: Delphox|move: Protect\n|move|p1a: Garchomp|Dragon Claw|p2b: Milotic\n|-damage|p2b: Milotic|55/100\n|move|p2b: Milotic|Icy Wind|p1b: Froslass|[spread] p1a,p1b\n|-supereffective|p1a: Garchomp|2\n|-resisted|p1b: Froslass|1\n|-damage|p1a: Garchomp|0 fnt\n|-damage|p1b: Froslass|74/100\n|-unboost|p1b: Froslass|spe|1\n|faint|p1a: Garchomp\n|\n|-weather|Snowscape|[upkeep]\n|-heal|p2b: Milotic|61/100|[from] item: Leftovers\n|upkeep\n|\n|t:|1776240144\n|switch|p1a: Milotic|Milotic, L50, F, shiny|100/100\n|turn|7\n|\n|t:|1776240162\n|move|p2a: Delphox|Heat Wave|p1b: Froslass|[spread] p1a,p1b\n|-resisted|p1a: Milotic|1\n|-supereffective|p1b: Froslass|1\n|-damage|p1a: Milotic|90/100\n|-damage|p1b: Froslass|0 fnt\n|faint|p1b: Froslass\n|move|p2b: Milotic|Icy Wind|p1a: Milotic\n|-resisted|p1a: Milotic|1\n|-damage|p1a: Milotic|87/100\n|-unboost|p1a: Milotic|spe|1\n|-ability|p1a: Milotic|Competitive|boost\n|-boost|p1a: Milotic|spa|2\n|move|p1a: Milotic|Muddy Water|p2a: Delphox|[spread] p2a,p2b\n|-supereffective|p2a: Delphox|1\n|-resisted|p2b: Milotic|1\n|-damage|p2a: Delphox|0 fnt\n|-damage|p2b: Milotic|42/100\n|faint|p2a: Delphox\n|\n|-weather|Snowscape|[upkeep]\n|-heal|p2b: Milotic|48/100|[from] item: Leftovers\n|-heal|p1a: Milotic|93/100|[from] item: Leftovers\n|upkeep\n|turn|8\n|c|\u2606iceycheeze|ty\n|\n|t:|1776240184\n|move|p2b: Milotic|Scald|p1a: Milotic\n|-resisted|p1a: Milotic|1\n|-damage|p1a: Milotic|86/100\n|move|p1a: Milotic|Muddy Water|p2b: Milotic\n|-resisted|p2b: Milotic|1\n|-damage|p2b: Milotic|18/100\n|\n|-weather|none\n|-heal|p2b: Milotic|24/100|[from] item: Leftovers\n|-heal|p1a: Milotic|92/100|[from] item: Leftovers\n|upkeep\n|turn|9\n|\n|t:|1776240195\n|move|p2b: Milotic|Protect|p2b: Milotic\n|-singleturn|p2b: Milotic|Protect\n|move|p1a: Milotic|Muddy Water|p2b: Milotic\n|-activate|p2b: Milotic|move: Protect\n|\n|-heal|p2b: Milotic|30/100|[from] item: Leftovers\n|-heal|p1a: Milotic|98/100|[from] item: Leftovers\n|-sideend|p1: iceycheeze|move: Aurora Veil\n|upkeep\n|turn|10\n|\n|t:|1776240214\n|move|p2b: Milotic|Scald|p1a: Milotic\n|-resisted|p1a: Milotic|1\n|-damage|p1a: Milotic|88/100\n|-status|p1a: Milotic|brn\n|move|p1a: Milotic|Muddy Water|p2b: Milotic\n|-resisted|p2b: Milotic|1\n|-damage|p2b: Milotic|3/100\n|-unboost|p2b: Milotic|accuracy|1\n|-ability|p2b: Milotic|Competitive|boost\n|-boost|p2b: Milotic|spa|2\n|\n|-heal|p2b: Milotic|9/100|[from] item: Leftovers\n|-heal|p1a: Milotic|94/100 brn|[from] item: Leftovers\n|-damage|p1a: Milotic|88/100 brn|[from] brn\n|upkeep\n|turn|11\n|\n|t:|1776240231\n|move|p2b: Milotic|Protect|p2b: Milotic\n|-singleturn|p2b: Milotic|Protect\n|move|p1a: Milotic|Muddy Water|p2b: Milotic\n|-activate|p2b: Milotic|move: Protect\n|\n|-heal|p2b: Milotic|15/100|[from] item: Leftovers\n|-heal|p1a: Milotic|94/100 brn|[from] item: Leftovers\n|-damage|p1a: Milotic|88/100 brn|[from] brn\n|upkeep\n|turn|12\n|\n|t:|1776240247\n|move|p2b: Milotic|Protect||[still]\n|-fail|p2b: Milotic\n|move|p1a: Milotic|Muddy Water|p2b: Milotic\n|-resisted|p2b: Milotic|1\n|-damage|p2b: Milotic|0 fnt\n|faint|p2b: Milotic\n|\n|win|iceycheeze\n|raw|iceycheeze's rating: 1219 &rarr; <strong>1240</strong><br />(+21 for winning)\n|raw|malucy's rating: 1165 &rarr; <strong>1144</strong><br />(-21 for losing)\n|c|\u2606iceycheeze|gg\n",
  "uploadtime": 1776240256,
  "views": 24,
  "formatid": "gen9championsvgc2026regma",
  "rating": 1144,
  "private": 0,
  "password": null
}