{
  "id": "gen9championsvgc2026regma-2587747191",
  "format": "[Gen 9 Champions] VGC 2026 Reg M-A",
  "players": [
    "TheAdmiral7946",
    "Dddddsf"
  ],
  "log": "|j|\u2606TheAdmiral7946\n|j|\u2606Dddddsf\n|inactive|Battle timer is ON: inactive players will automatically lose when time's up.\n|html|<table width=\"100%\"><tr><td align=\"left\">TheAdmiral7946</td><td align=\"right\">Dddddsf</tr><tr><td align=\"left\"><i class=\"fa fa-circle-o\"></i> <i class=\"fa fa-circle-o\"></i> </td><td align=\"right\"><i class=\"fa fa-circle-o\"></i> <i class=\"fa fa-circle-o\"></i> </tr></table>\n|uhtml|bestof|<h2><strong>Game 1</strong> of <a href=\"/game-bestof3-gen9championsvgc2026regma-2587747190\">a best-of-3</a></h2>\n|t:|1776559932\n|gametype|doubles\n|player|p1|TheAdmiral7946|larry|\n|player|p2|Dddddsf|red-masters3|\n|gen|9\n|tier|[Gen 9 Champions] VGC 2026 Reg M-A\n|rated|Tournament battle\n|rule|Species Clause: Limit one of each Pok\u00e9mon\n|rule|Item Clause: Limit 1 of each item\n|rule|Evasion Abilities Clause: Evasion abilities are banned\n|rule|Evasion Items Clause: Evasion items are banned\n|rule|Evasion Moves Clause: Evasion moves are banned\n|rule|OHKO Clause: OHKO moves are banned\n|raw|<div class=\"infobox\"><details class=\"readmore\" open><summary><strong>5 custom rules:</strong></summary> bestof = 3, Evasion Abilities Clause, Evasion Items Clause, Evasion Moves Clause, OHKO Clause</details></div>\n|clearpoke\n|poke|p1|Gengar, L50, M|\n|poke|p1|Gyarados, L50, M|\n|poke|p1|Manectric, L50, M|\n|poke|p1|Samurott, L50, M|\n|poke|p1|Incineroar, L50, F|\n|poke|p1|Excadrill, L50, F|\n|poke|p2|Aegislash, L50, M, shiny|\n|poke|p2|Aerodactyl, L50, F, shiny|\n|poke|p2|Wyrdeer, L50, M, shiny|\n|poke|p2|Sneasler, L50, F, shiny|\n|poke|p2|Blastoise, L50, M, shiny|\n|poke|p2|Jolteon, L50, M, shiny|\n|teampreview|4\n|c|\u2606Dddddsf|hf!\n|c|\u2606TheAdmiral7946|hf\n|j| Rats220\n|inactive|TheAdmiral7946 has 60 seconds left.\n|inactive|Dddddsf has 60 seconds left.\n|j| Elsandyas\n|inactive|TheAdmiral7946 has 30 seconds left.\n|\n|t:|1776559998\n|teamsize|p1|4\n|teamsize|p2|4\n|start\n|switch|p1a: Gengar|Gengar, L50, M|100/100\n|switch|p1b: Incineroar|Incineroar, L50, F|100/100\n|switch|p2a: Helmet Head|Aerodactyl, L50, F, shiny|100/100\n|switch|p2b: Artex|Wyrdeer, L50, M, shiny|100/100\n|-ability|p2a: Helmet Head|Unnerve\n|-ability|p1b: Incineroar|Intimidate|boost\n|-unboost|p2a: Helmet Head|atk|1\n|-unboost|p2b: Artex|atk|1\n|-ability|p2b: Artex|Intimidate|boost\n|-unboost|p1a: Gengar|atk|1\n|-unboost|p1b: Incineroar|atk|1\n|turn|1\n|l| Rats220\n|inactive|TheAdmiral7946 has 30 seconds left.\n|inactive|TheAdmiral7946 has 20 seconds left.\n|inactive|TheAdmiral7946 has 15 seconds left.\n|\n|t:|1776560039\n|switch|p1a: Manectric|Manectric, L50, M|100/100\n|move|p2a: Helmet Head|Protect|p2a: Helmet Head\n|-singleturn|p2a: Helmet Head|Protect\n|move|p2b: Artex|Protect|p2b: Artex\n|-singleturn|p2b: Artex|Protect\n|move|p1b: Incineroar|Fake Out|p2a: Helmet Head\n|-activate|p2a: Helmet Head|move: Protect\n|\n|upkeep\n|turn|2\n|\n|t:|1776560058\n|move|p2a: Helmet Head|Tailwind|p2a: Helmet Head\n|-sidestart|p2: Dddddsf|move: Tailwind\n|move|p1a: Manectric|Volt Switch|p2a: Helmet Head\n|-supereffective|p2a: Helmet Head|1\n|-damage|p2a: Helmet Head|9/100\n|\n|t:|1776560072\n|switch|p1a: Gyarados|Gyarados, L50, M|100/100|[from] Volt Switch\n|-ability|p1a: Gyarados|Intimidate|boost\n|-unboost|p2a: Helmet Head|atk|1\n|-unboost|p2b: Artex|atk|1\n|move|p2b: Artex|Earth Power|p1a: Gyarados\n|-immune|p1a: Gyarados\n|move|p1b: Incineroar|Darkest Lariat|p2b: Artex\n|-supereffective|p2b: Artex|1\n|-damage|p2b: Artex|52/100\n|\n|upkeep\n|turn|3\n|inactive|TheAdmiral7946 has 30 seconds left.\n|inactive|TheAdmiral7946 has 20 seconds left.\n|\n|t:|1776560111\n|switch|p1a: Manectric|Manectric, L50, M|100/100\n|move|p2a: Helmet Head|Rock Slide|p1a: Manectric|[spread] p1a,p1b\n|-supereffective|p1b: Incineroar|1\n|-damage|p1a: Manectric|82/100\n|-damage|p1b: Incineroar|79/100\n|move|p2b: Artex|Thunderbolt|p1a: Manectric\n|-ability|p1a: Manectric|Lightning Rod|boost\n|-boost|p1a: Manectric|spa|1\n|move|p1b: Incineroar|Darkest Lariat|p2a: Helmet Head\n|-damage|p2a: Helmet Head|0 fnt\n|faint|p2a: Helmet Head\n|\n|-heal|p1b: Incineroar|85/100|[from] item: Leftovers\n|upkeep\n|\n|t:|1776560119\n|switch|p2a: No Covert Cloak?|Sneasler, L50, F, shiny|100/100\n|turn|4\n|\n|t:|1776560143\n|switch|p1b: Gengar|Gengar, L50, M|100/100\n|move|p2b: Artex|Protect|p2b: Artex\n|-singleturn|p2b: Artex|Protect\n|move|p2a: No Covert Cloak?|Close Combat|p1b: Gengar\n|-immune|p1b: Gengar\n|move|p1a: Manectric|Snarl|p2a: No Covert Cloak?|[spread] p2a\n|-activate|p2b: Artex|move: Protect\n|-resisted|p2a: No Covert Cloak?|1\n|-damage|p2a: No Covert Cloak?|90/100\n|-unboost|p2a: No Covert Cloak?|spa|1\n|-enditem|p2a: No Covert Cloak?|White Herb\n|-clearnegativeboost|p2a: No Covert Cloak?|[silent]\n|\n|upkeep\n|turn|5\n|inactive|TheAdmiral7946 has 30 seconds left.\n|\n|t:|1776560173\n|detailschange|p1b: Gengar|Gengar-Mega, L50, M\n|-mega|p1b: Gengar|Gengar|Gengarite\n|move|p1b: Gengar|Protect|p1b: Gengar\n|-singleturn|p1b: Gengar|Protect\n|move|p2a: No Covert Cloak?|Dire Claw|p1a: Manectric\n|-damage|p1a: Manectric|20/100\n|move|p1a: Manectric|Snarl|p2b: Artex|[spread] p2a,p2b\n|-resisted|p2a: No Covert Cloak?|1\n|-supereffective|p2b: Artex|1\n|-damage|p2a: No Covert Cloak?|79/100\n|-damage|p2b: Artex|21/100\n|-unboost|p2a: No Covert Cloak?|spa|1\n|-unboost|p2b: Artex|spa|1\n|-enditem|p2b: Artex|Sitrus Berry|[eat]\n|-heal|p2b: Artex|46/100|[from] item: Sitrus Berry\n|move|p2b: Artex|Psychic|p1b: Gengar\n|-activate|p1b: Gengar|move: Protect\n|\n|-sideend|p2: Dddddsf|move: Tailwind\n|upkeep\n|turn|6\n|inactive|TheAdmiral7946 has 30 seconds left.\n|inactive|TheAdmiral7946 has 20 seconds left.\n|inactive|TheAdmiral7946 has 15 seconds left.\n|inactive|TheAdmiral7946 has 10 seconds left.\n|\n|t:|1776560220\n|move|p2a: No Covert Cloak?|Dire Claw|p1a: Manectric\n|-damage|p1a: Manectric|0 fnt\n|faint|p1a: Manectric\n|move|p1b: Gengar|Shadow Ball|p2a: No Covert Cloak?\n|-damage|p2a: No Covert Cloak?|21/100\n|move|p2b: Artex|Psychic|p1b: Gengar\n|-supereffective|p1b: Gengar|1\n|-damage|p1b: Gengar|36/100\n|\n|upkeep\n|\n|t:|1776560239\n|switch|p1a: Gyarados|Gyarados, L50, M|100/100\n|-ability|p1a: Gyarados|Intimidate|boost\n|-unboost|p2a: No Covert Cloak?|atk|1\n|-unboost|p2b: Artex|atk|1\n|turn|7\n|\n|t:|1776560256\n|move|p2a: No Covert Cloak?|Protect|p2a: No Covert Cloak?\n|-singleturn|p2a: No Covert Cloak?|Protect\n|move|p1b: Gengar|Protect|p1b: Gengar\n|-singleturn|p1b: Gengar|Protect\n|move|p1a: Gyarados|Waterfall|p2b: Artex\n|-damage|p2b: Artex|8/100\n|move|p2b: Artex|Thunderbolt|p1a: Gyarados\n|-supereffective|p1a: Gyarados|2\n|-damage|p1a: Gyarados|41/100\n|-enditem|p1a: Gyarados|Sitrus Berry|[eat]\n|-heal|p1a: Gyarados|66/100|[from] item: Sitrus Berry\n|\n|upkeep\n|turn|8\n|inactive|TheAdmiral7946 has 30 seconds left.\n|\n|t:|1776560283\n|move|p2a: No Covert Cloak?|Dire Claw|p1a: Gyarados\n|-damage|p1a: Gyarados|42/100\n|move|p1b: Gengar|Shadow Ball|p2a: No Covert Cloak?\n|-damage|p2a: No Covert Cloak?|0 fnt\n|faint|p2a: No Covert Cloak?\n|move|p1a: Gyarados|Waterfall|p2b: Artex\n|-damage|p2b: Artex|0 fnt\n|faint|p2b: Artex\n|\n|upkeep\n|\n|t:|1776560292\n|switch|p2b: Tank|Blastoise, L50, M, shiny|100/100\n|turn|9\n|\n|t:|1776560307\n|detailschange|p2b: Tank|Blastoise-Mega, L50, M, shiny\n|-mega|p2b: Tank|Blastoise|Blastoisinite\n|move|p1b: Gengar|Perish Song|p1b: Gengar\n|-start|p1a: Gyarados|perish3|[silent]\n|-start|p1b: Gengar|perish3|[silent]\n|-start|p2b: Tank|perish3|[silent]\n|-fieldactivate|move: Perish Song\n|move|p1a: Gyarados|Thunder Wave|p2b: Tank\n|-status|p2b: Tank|par\n|move|p2b: Tank|Dark Pulse|p1a: Gyarados\n|-damage|p1a: Gyarados|7/100\n|\n|-start|p1b: Gengar|perish3\n|-start|p1a: Gyarados|perish3\n|-start|p2b: Tank|perish3\n|upkeep\n|turn|10\n|\n|t:|1776560322\n|move|p1b: Gengar|Protect|p1b: Gengar\n|-singleturn|p1b: Gengar|Protect\n|move|p1a: Gyarados|Protect|p1a: Gyarados\n|-singleturn|p1a: Gyarados|Protect\n|move|p2b: Tank|Dark Pulse|p1a: Gyarados\n|-activate|p1a: Gyarados|move: Protect\n|\n|-start|p1b: Gengar|perish2\n|-start|p1a: Gyarados|perish2\n|-start|p2b: Tank|perish2\n|upkeep\n|turn|11\n|l| Elsandyas\n|inactive|TheAdmiral7946 has 30 seconds left.\n|\n|t:|1776560348\n|switch|p1a: Incineroar|Incineroar, L50, F|85/100\n|-ability|p1a: Incineroar|Intimidate|boost\n|-unboost|p2b: Tank|atk|1\n|move|p1b: Gengar|Substitute|p1b: Gengar\n|-start|p1b: Gengar|Substitute\n|-damage|p1b: Gengar|12/100\n|move|p2b: Tank|Dark Pulse|p1b: Gengar\n|-supereffective|p1b: Gengar|1\n|-end|p1b: Gengar|Substitute\n|\n|-heal|p1a: Incineroar|91/100|[from] item: Leftovers\n|-start|p1b: Gengar|perish1\n|-start|p2b: Tank|perish1\n|upkeep\n|turn|12\n|\n|t:|1776560362\n|switch|p1b: Gyarados|Gyarados, L50, M|7/100\n|-ability|p1b: Gyarados|Intimidate|boost\n|-unboost|p2b: Tank|atk|1\n|move|p1a: Incineroar|Fake Out|p2b: Tank\n|-damage|p2b: Tank|92/100 par\n|cant|p2b: Tank|flinch\n|\n|-heal|p1a: Incineroar|97/100|[from] item: Leftovers\n|-start|p2b: Tank|perish0\n|upkeep\n|faint|p2b: Tank\n|\n|win|TheAdmiral7946\n||Dddddsf is ready for game 2.\n|inactive|TheAdmiral7946 has 30 seconds to confirm battle start!\n||TheAdmiral7946 is ready for game 2.\n|uhtml|next|Next: <a href=\"/battle-gen9championsvgc2026regma-2587751686\"><strong>Game 2 of 3</strong></a>\n|l|\u2606TheAdmiral7946\n|player|p1|\n|j| Icewing96\n|l|\u2606Dddddsf\n|player|p2|\n",
  "uploadtime": 1776560527,
  "views": 11,
  "formatid": "gen9championsvgc2026regma",
  "rating": null,
  "private": 0,
  "password": null
}