{
  "id": "gen9championsvgc2026regma-2586692238",
  "format": "[Gen 9 Champions] VGC 2026 Reg M-A",
  "players": [
    "timmevb",
    "AveryCreativeName"
  ],
  "log": "|j|\u2606timmevb\n|j|\u2606AveryCreativeName\n|t:|1776452592\n|gametype|doubles\n|player|p1|timmevb|2|1074\n|player|p2|AveryCreativeName|265|1000\n|gen|9\n|tier|[Gen 9 Champions] VGC 2026 Reg M-A\n|rated|\n|rule|Species Clause: Limit one of each Pok\u00e9mon\n|rule|Item Clause: Limit 1 of each item\n|clearpoke\n|poke|p1|Sneasler, L50, M|\n|poke|p1|Corviknight, L50, M|\n|poke|p1|Meganium, L50, F|\n|poke|p1|Arcanine-Hisui, L50, F|\n|poke|p1|Maushold-Four, L50|\n|poke|p1|Feraligatr, L50, M|\n|poke|p2|Tyranitar, L50, F|\n|poke|p2|Excadrill, L50, F|\n|poke|p2|Rotom-Wash, L50|\n|poke|p2|Sneasler, L50, F|\n|poke|p2|Aerodactyl, L50, F|\n|poke|p2|Floette-Eternal, L50, F|\n|teampreview|4\n|inactive|Battle timer is ON: inactive players will automatically lose when time's up. (requested by AveryCreativeName)\n|inactive|AveryCreativeName has 60 seconds left.\ntimmevb rejected open team sheets.\n|\n|t:|1776452645\n|teamsize|p1|4\n|teamsize|p2|4\n|start\n|switch|p1a: Sneasler|Sneasler, L50, M|100/100\n|switch|p1b: Corviknight|Corviknight, L50, M|100/100\n|switch|p2a: Tyranitar|Tyranitar, L50, F, shiny|100/100\n|switch|p2b: Excadrill|Excadrill, L50, F|100/100\n|-weather|Sandstorm|[from] ability: Sand Stream|[of] p2a: Tyranitar\n|turn|1\n|inactive|AveryCreativeName has 30 seconds left.\n|\n|t:|1776452676\n|detailschange|p2a: Tyranitar|Tyranitar-Mega, L50, F, shiny\n|-mega|p2a: Tyranitar|Tyranitar|Tyranitarite\n|move|p2b: Excadrill|Protect|p2b: Excadrill\n|-singleturn|p2b: Excadrill|Protect\n|move|p1a: Sneasler|Fake Out|p2b: Excadrill\n|-activate|p2b: Excadrill|move: Protect\n|move|p2a: Tyranitar|Taunt|p1b: Corviknight\n|-start|p1b: Corviknight|move: Taunt\n|cant|p1b: Corviknight|move: Taunt|Tailwind\n|\n|-weather|Sandstorm|[upkeep]\n|-damage|p1a: Sneasler|95/100|[from] Sandstorm\n|upkeep\n|turn|2\n|\n|t:|1776452700\n|switch|p1a: Maushold|Maushold-Four, L50|100/100\n|move|p2b: Excadrill|Swords Dance|p2b: Excadrill\n|-boost|p2b: Excadrill|atk|2\n|move|p2a: Tyranitar|Knock Off|p1b: Corviknight\n|-damage|p1b: Corviknight|67/100\n|-enditem|p1b: Corviknight|Leftovers|[from] move: Knock Off|[of] p2a: Tyranitar\n|move|p1b: Corviknight|Body Press|p2a: Tyranitar\n|-supereffective|p2a: Tyranitar|2\n|-damage|p2a: Tyranitar|35/100\n|\n|-weather|Sandstorm|[upkeep]\n|-damage|p1a: Maushold|94/100|[from] Sandstorm\n|upkeep\n|turn|3\n|inactive|timmevb has 30 seconds left.\n|\n|t:|1776452729\n|move|p2b: Excadrill|Iron Head|p1a: Maushold\n|-damage|p1a: Maushold|0 fnt\n|faint|p1a: Maushold\n|move|p2a: Tyranitar|Rock Slide|p1b: Corviknight\n|-damage|p1b: Corviknight|28/100\n|cant|p1b: Corviknight|flinch\n|\n|-weather|Sandstorm|[upkeep]\n|-end|p1b: Corviknight|move: Taunt\n|upkeep\n|\n|t:|1776452739\n|switch|p1a: Sneasler|Sneasler, L50, M|95/100\n|turn|4\n|c|\u2606AveryCreativeName|omg that mattered\n|\n|t:|1776452753\n|move|p2b: Excadrill|Protect|p2b: Excadrill\n|-singleturn|p2b: Excadrill|Protect\n|move|p2a: Tyranitar|Protect|p2a: Tyranitar\n|-singleturn|p2a: Tyranitar|Protect\n|move|p1a: Sneasler|Close Combat|p2a: Tyranitar\n|-activate|p2a: Tyranitar|move: Protect\n|move|p1b: Corviknight|Body Press|p2b: Excadrill\n|-activate|p2b: Excadrill|move: Protect\n|\n|-weather|Sandstorm|[upkeep]\n|-damage|p1a: Sneasler|89/100|[from] Sandstorm\n|upkeep\n|turn|5\n|\n|t:|1776452771\n|move|p1a: Sneasler|Protect|p1a: Sneasler\n|-singleturn|p1a: Sneasler|Protect\n|move|p1b: Corviknight|Protect|p1b: Corviknight\n|-singleturn|p1b: Corviknight|Protect\n|move|p2b: Excadrill|Iron Head|p1a: Sneasler\n|-activate|p1a: Sneasler|move: Protect\n|move|p2a: Tyranitar|Rock Slide|p1a: Sneasler|[spread] \n|-activate|p1a: Sneasler|move: Protect\n|-activate|p1b: Corviknight|move: Protect\n|\n|-weather|none\n|upkeep\n|turn|6\n|inactive|AveryCreativeName has 30 seconds left.\n|inactive|AveryCreativeName has 20 seconds left.\n|inactive|AveryCreativeName has 15 seconds left.\n|\n|t:|1776452815\n|move|p2b: Excadrill|Protect|p2b: Excadrill\n|-singleturn|p2b: Excadrill|Protect\n|move|p1a: Sneasler|Close Combat|p2b: Excadrill\n|-activate|p2b: Excadrill|move: Protect\n|move|p2a: Tyranitar|Rock Slide|p1a: Sneasler|[spread] p1a,p1b\n|-resisted|p1a: Sneasler|1\n|-damage|p1a: Sneasler|57/100\n|-damage|p1b: Corviknight|0 fnt\n|faint|p1b: Corviknight\n|\n|upkeep\n|\n|t:|1776452824\n|switch|p1b: Feraligatr|Feraligatr, L50, M|100/100\n|turn|7\n|\n|t:|1776452840\n|switch|p2b: Sneasler|Sneasler, L50, F|100/100\n|switch|p2a: Rotom|Rotom-Wash, L50|100/100\n|detailschange|p1b: Feraligatr|Feraligatr-Mega, L50, M\n|-mega|p1b: Feraligatr|Feraligatr|Feraligite\n|move|p1a: Sneasler|Close Combat|p2b: Sneasler\n|-resisted|p2b: Sneasler|1\n|-damage|p2b: Sneasler|43/100\n|-unboost|p1a: Sneasler|def|1\n|-unboost|p1a: Sneasler|spd|1\n|move|p1b: Feraligatr|Liquidation|p2a: Rotom\n|-resisted|p2a: Rotom|1\n|-damage|p2a: Rotom|75/100\n|\n|-heal|p2a: Rotom|81/100|[from] item: Leftovers\n|upkeep\n|turn|8\n|\n|t:|1776452864\n|move|p1b: Feraligatr|Protect|p1b: Feraligatr\n|-singleturn|p1b: Feraligatr|Protect\n|move|p2b: Sneasler|Fake Out|p1a: Sneasler\n|-damage|p1a: Sneasler|17/100\n|cant|p1a: Sneasler|flinch\n|move|p2a: Rotom|Reflect|p2a: Rotom\n|-sidestart|p2: AveryCreativeName|Reflect\n|\n|-heal|p2a: Rotom|86/100|[from] item: Leftovers\n|upkeep\n|turn|9\n|\n|t:|1776452887\n|move|p1a: Sneasler|Dire Claw|p2a: Rotom\n|-damage|p2a: Rotom|60/100\n|move|p2b: Sneasler|Close Combat|p1b: Feraligatr\n|-damage|p1b: Feraligatr|41/100\n|-unboost|p2b: Sneasler|def|1\n|-unboost|p2b: Sneasler|spd|1\n|-enditem|p2b: Sneasler|White Herb\n|-clearnegativeboost|p2b: Sneasler|[silent]\n|move|p1b: Feraligatr|Dragon Dance|p1b: Feraligatr\n|-boost|p1b: Feraligatr|atk|1\n|-boost|p1b: Feraligatr|spe|1\n|move|p2a: Rotom|Light Screen|p2a: Rotom\n|-sidestart|p2: AveryCreativeName|move: Light Screen\n|\n|-heal|p2a: Rotom|66/100|[from] item: Leftovers\n|upkeep\n|turn|10\n|\n|t:|1776452908\n|move|p2b: Sneasler|Dire Claw|p1a: Sneasler\n|-resisted|p1a: Sneasler|1\n|-damage|p1a: Sneasler|0 fnt\n|faint|p1a: Sneasler\n|move|p1b: Feraligatr|Double-Edge|p2a: Rotom\n|-damage|p2a: Rotom|0 fnt\n|faint|p2a: Rotom\n|-damage|p1b: Feraligatr|20/100|[from] Recoil\n|\n|upkeep\n|\n|t:|1776452919\n|switch|p2a: Tyranitar|Tyranitar-Mega, L50, F, shiny|35/100\n|-weather|Sandstorm|[from] ability: Sand Stream|[of] p2a: Tyranitar\n|turn|11\n|\n|t:|1776452932\n|move|p2b: Sneasler|Dire Claw|p1b: Feraligatr\n|-damage|p1b: Feraligatr|0 fnt\n|faint|p1b: Feraligatr\n|\n|win|AveryCreativeName\n|raw|timmevb's rating: 1074 &rarr; <strong>1048</strong><br />(-26 for losing)\n|raw|AveryCreativeName's rating: 1000 &rarr; <strong>1048</strong><br />(+48 for winning)\n|l|\u2606timmevb\n|player|p1|\n|c|\u2606AveryCreativeName|gg\n",
  "uploadtime": 1776452949,
  "views": 33,
  "formatid": "gen9championsvgc2026regma",
  "rating": 1048,
  "private": 0,
  "password": null
}