{
  "id": "gen9championsvgc2026regma-2580548556",
  "format": "[Gen 9 Champions] VGC 2026 Reg M-A",
  "players": [
    "Digimon betta",
    "joel5305"
  ],
  "log": "|j|\u2606Digimon betta\n|j|\u2606joel5305\n|t:|1775911594\n|gametype|doubles\n|player|p1|Digimon betta|raihan-masters|1040\n|player|p2|joel5305|n|1000\n|gen|9\n|tier|[Gen 9 Champions] VGC 2026 Reg M-A\n|rated|\n|rule|Species Clause: Limit one of each Pok\u00e9mon\n|rule|Item Clause: Limit 1 of each item\n|clearpoke\n|poke|p1|Golurk, L50|\n|poke|p1|Oranguru, L50, M|\n|poke|p1|Incineroar, L50, M|\n|poke|p1|Glalie, L50, M|\n|poke|p1|Ditto, L50|\n|poke|p1|Gengar, L50, M|\n|poke|p2|Golurk, L50|\n|poke|p2|Hatterene, L50, F|\n|poke|p2|Whimsicott, L50, M|\n|poke|p2|Incineroar, L50, M|\n|poke|p2|Dragonite, L50, F|\n|poke|p2|Torkoal, L50, M|\n|teampreview|4\n|inactive|Battle timer is ON: inactive players will automatically lose when time's up. (requested by Digimon betta)\nDigimon betta rejected open team sheets.\n|inactive|joel5305 has 60 seconds left.\n|\n|t:|1775911629\n|teamsize|p1|4\n|teamsize|p2|4\n|start\n|switch|p1a: Incineroar|Incineroar, L50, M|100/100\n|switch|p1b: Glalie|Glalie, L50, M|100/100\n|switch|p2a: Hatterene|Hatterene, L50, F|100/100\n|switch|p2b: Dragonite|Dragonite, L50, F|100/100\n|-ability|p1a: Incineroar|Intimidate|boost\n|-unboost|p2a: Hatterene|atk|1\n|-unboost|p2b: Dragonite|atk|1\n|turn|1\n|\n|t:|1775911643\n|move|p1b: Glalie|Explosion|p2a: Hatterene|[spread] p1a,p2a,p2b\n|-damage|p1a: Incineroar|48/100\n|-damage|p2a: Hatterene|45/100\n|-damage|p2b: Dragonite|74/100\n|-enditem|p1a: Incineroar|Sitrus Berry|[eat]\n|-heal|p1a: Incineroar|73/100|[from] item: Sitrus Berry\n|faint|p1b: Glalie\n|move|p2b: Dragonite|Fire Blast|p1a: Incineroar\n|-resisted|p1a: Incineroar|1\n|-crit|p1a: Incineroar\n|-damage|p1a: Incineroar|42/100\n|move|p1a: Incineroar|Flare Blitz|p2a: Hatterene\n|-damage|p2a: Hatterene|0 fnt\n|faint|p2a: Hatterene\n|-damage|p1a: Incineroar|28/100|[from] Recoil\n|\n|upkeep\n|\n|t:|1775911658\n|switch|p1b: Gengar|Gengar, L50, M|100/100\n|switch|p2a: Torkoal|Torkoal, L50, M|100/100\n|-weather|SunnyDay|[from] ability: Drought|[of] p2a: Torkoal\n|turn|2\n|\n|t:|1775911669\n|switch|p2b: Incineroar|Incineroar, L50, M|100/100\n|-ability|p2b: Incineroar|Intimidate|boost\n|-unboost|p1a: Incineroar|atk|1\n|-unboost|p1b: Gengar|atk|1\n|detailschange|p1b: Gengar|Gengar-Mega, L50, M\n|-mega|p1b: Gengar|Gengar|Gengarite\n|move|p1b: Gengar|Protect|p1b: Gengar\n|-singleturn|p1b: Gengar|Protect\n|move|p1a: Incineroar|Darkest Lariat|p2a: Torkoal\n|-damage|p2a: Torkoal|80/100\n|move|p2a: Torkoal|Earth Power|p1b: Gengar\n|-activate|p1b: Gengar|move: Protect\n|\n|-weather|SunnyDay|[upkeep]\n|upkeep\n|turn|3\n|\n|t:|1775911691\n|move|p2b: Incineroar|Fake Out|p1a: Incineroar\n|-damage|p1a: Incineroar|11/100\n|move|p1b: Gengar|Sludge Bomb|p2a: Torkoal\n|-damage|p2a: Torkoal|0 fnt\n|faint|p2a: Torkoal\n|cant|p1a: Incineroar|flinch\n|\n|-weather|SunnyDay|[upkeep]\n|upkeep\n|\n|t:|1775911694\n|switch|p2a: Dragonite|Dragonite, L50, F|74/100\n|turn|4\n|\n|t:|1775911714\n|switch|p1a: Ditto|Ditto, L50|100/100\n|-transform|p1a: Ditto|p2b: Incineroar|[from] ability: Imposter\n|-ability|p1a: Ditto|Intimidate|boost\n|-unboost|p2a: Dragonite|atk|1\n|-unboost|p2b: Incineroar|atk|1\n|detailschange|p2a: Dragonite|Dragonite-Mega, L50, F\n|-mega|p2a: Dragonite|Dragonite|Dragoninite\n|move|p1b: Gengar|Protect|p1b: Gengar\n|-singleturn|p1b: Gengar|Protect\n|move|p2a: Dragonite|Draco Meteor|p1b: Gengar\n|-activate|p1b: Gengar|move: Protect\n|move|p2b: Incineroar|Brutal Swing|p1a: Ditto|[spread] p2a,p1a\n|-activate|p1b: Gengar|move: Protect\n|-crit|p2a: Dragonite\n|-resisted|p1a: Ditto|1\n|-damage|p2a: Dragonite|40/100\n|-damage|p1a: Ditto|91/100\n|\n|-weather|SunnyDay|[upkeep]\n|upkeep\n|turn|5\n|\n|t:|1775911732\n|switch|p1a: Incineroar|Incineroar, L50, M|11/100\n|-ability|p1a: Incineroar|Intimidate|boost\n|-unboost|p2a: Dragonite|atk|1\n|-unboost|p2b: Incineroar|atk|1\n|move|p2a: Dragonite|Extreme Speed|p1a: Incineroar\n|-damage|p1a: Incineroar|0 fnt\n|faint|p1a: Incineroar\n|move|p1b: Gengar|Focus Blast|p2b: Incineroar\n|-supereffective|p2b: Incineroar|1\n|-damage|p2b: Incineroar|0 fnt\n|faint|p2b: Incineroar\n|\n|-weather|SunnyDay|[upkeep]\n|upkeep\n|\n|t:|1775911742\n|switch|p1a: Ditto|Ditto, L50|91/100\n|turn|6\n|\n|t:|1775911750\n|move|p1b: Gengar|Protect|p1b: Gengar\n|-singleturn|p1b: Gengar|Protect\n|move|p1a: Ditto|Transform|p2a: Dragonite\n|-transform|p1a: Ditto|p2a: Dragonite\n|move|p2a: Dragonite|Draco Meteor|p1b: Gengar\n|-activate|p1b: Gengar|move: Protect\n|\n|-weather|none\n|upkeep\n|turn|7\n|\n|t:|1775911762\n|move|p1a: Ditto|Ice Beam|p2a: Dragonite\n|-supereffective|p2a: Dragonite|2\n|-damage|p2a: Dragonite|0 fnt\n|faint|p2a: Dragonite\n|\n|win|Digimon betta\n|raw|Digimon betta's rating: 1040 &rarr; <strong>1070</strong><br />(+30 for winning)\n|raw|joel5305's rating: 1000 &rarr; <strong>1000</strong><br />(+0 for losing)\n|l|\u2606joel5305\n|player|p2|\n",
  "uploadtime": 1775911767,
  "views": 11,
  "formatid": "gen9championsvgc2026regma",
  "rating": 1000,
  "private": 0,
  "password": null
}