{
  "id": "gen9championsvgc2026regma-2586186866",
  "format": "[Gen 9 Champions] VGC 2026 Reg M-A",
  "players": [
    "RedCharonKnight",
    "caustic soda"
  ],
  "log": "|j|\u2606RedCharonKnight\n|j|\u2606caustic soda\n|t:|1776409982\n|gametype|doubles\n|player|p1|RedCharonKnight|170|1187\n|player|p2|caustic soda|1|1218\n|gen|9\n|tier|[Gen 9 Champions] VGC 2026 Reg M-A\n|rated|\n|rule|Species Clause: Limit one of each Pok\u00e9mon\n|rule|Item Clause: Limit 1 of each item\n|clearpoke\n|poke|p1|Scovillain, L50, F|\n|poke|p1|Incineroar, L50, M|\n|poke|p1|Farigiraf, L50, F|\n|poke|p1|Gardevoir, L50, F|\n|poke|p1|Kingambit, L50, M|\n|poke|p1|Primarina, L50, M|\n|poke|p2|Chandelure, L50, F|\n|poke|p2|Torkoal, L50, M|\n|poke|p2|Mimikyu, L50, F|\n|poke|p2|Floette-Eternal, L50, F|\n|poke|p2|Corviknight, L50, F|\n|poke|p2|Dragonite, L50, F|\n|teampreview|4\n|inactive|Battle timer is ON: inactive players will automatically lose when time's up. (requested by RedCharonKnight)\n|inactive|RedCharonKnight has 60 seconds left.\n|inactive|caustic soda has 60 seconds left.\nRedCharonKnight rejected open team sheets.\n|inactive|caustic soda has 30 seconds left.\n|\n|t:|1776410054\n|teamsize|p1|4\n|teamsize|p2|4\n|start\n|switch|p1a: Scovillain|Scovillain, L50, F|100/100\n|switch|p1b: Farigiraf|Farigiraf, L50, F|100/100\n|switch|p2a: Chandelure|Chandelure, L50, F, shiny|100/100\n|switch|p2b: Torkoal|Torkoal, L50, M, shiny|100/100\n|-weather|SunnyDay|[from] ability: Drought|[of] p2b: Torkoal\n|turn|1\n|\n|t:|1776410077\n|detailschange|p1a: Scovillain|Scovillain-Mega, L50, F\n|-mega|p1a: Scovillain|Scovillain|Scovillainite\n|move|p2a: Chandelure|Heat Wave|p1b: Farigiraf|[spread] p1a,p1b\n|-damage|p1a: Scovillain|39/100\n|-damage|p1b: Farigiraf|41/100\n|-status|p1b: Farigiraf|brn\n|-immune|p2a: Chandelure\n|-enditem|p1b: Farigiraf|Sitrus Berry|[eat]\n|-heal|p1b: Farigiraf|66/100 brn|[from] item: Sitrus Berry\n|move|p1a: Scovillain|Overheat|p2b: Torkoal\n|-resisted|p2b: Torkoal|1\n|-damage|p2b: Torkoal|37/100\n|-unboost|p1a: Scovillain|spa|2\n|move|p1b: Farigiraf|Psychic|p2b: Torkoal\n|-damage|p2b: Torkoal|0 fnt\n|faint|p2b: Torkoal\n|\n|-weather|SunnyDay|[upkeep]\n|-damage|p1b: Farigiraf|60/100 brn|[from] brn\n|upkeep\n|\n|t:|1776410094\n|switch|p2b: Floette|Floette-Eternal, L50, F|100/100\n|turn|2\n|\n|t:|1776410105\n|detailschange|p2b: Floette|Floette-Mega, L50, F\n|-mega|p2b: Floette|Floette|Floettite\n|-ability|p2b: Floette|Fairy Aura\n|move|p1a: Scovillain|Rage Powder|p1a: Scovillain\n|-singleturn|p1a: Scovillain|move: Rage Powder\n|move|p2a: Chandelure|Heat Wave|p1b: Farigiraf|[spread] p1a,p1b\n|-damage|p1a: Scovillain|0 fnt\n|-damage|p1b: Farigiraf|0 fnt\n|-immune|p2a: Chandelure\n|faint|p1a: Scovillain\n|faint|p1b: Farigiraf\n|move|p2b: Floette|Moonblast|p1: Scovillain|[notarget]\n|-fail|p2b: Floette\n|\n|-weather|SunnyDay|[upkeep]\n|upkeep\n|\n|t:|1776410112\n|switch|p1a: Incineroar|Incineroar, L50, M|100/100\n|switch|p1b: Kingambit|Kingambit, L50, M, shiny|100/100\n|-ability|p1a: Incineroar|Intimidate|boost\n|-unboost|p2a: Chandelure|atk|1\n|-unboost|p2b: Floette|atk|1\n|turn|3\n|\n|t:|1776410131\n|switch|p2a: Corviknight|Corviknight, L50, F, shiny|100/100\n|move|p2b: Floette|Protect|p2b: Floette\n|-singleturn|p2b: Floette|Protect\n|move|p1a: Incineroar|Fake Out|p2b: Floette\n|-activate|p2b: Floette|move: Protect\n|move|p1b: Kingambit|Sucker Punch||[still]\n|-fail|p1b: Kingambit\n|\n|-weather|SunnyDay|[upkeep]\n|upkeep\n|turn|4\n|inactive|caustic soda has 30 seconds left.\n|\n|t:|1776410161\n|move|p2b: Floette|Dazzling Gleam|p1b: Kingambit|[spread] p1a,p1b\n|-damage|p1a: Incineroar|54/100\n|-damage|p1b: Kingambit|51/100\n|move|p2a: Corviknight|Body Press|p1b: Kingambit\n|-supereffective|p1b: Kingambit|2\n|-damage|p1b: Kingambit|0 fnt\n|faint|p1b: Kingambit\n|move|p1a: Incineroar|Flare Blitz|p2a: Corviknight\n|-supereffective|p2a: Corviknight|1\n|-damage|p2a: Corviknight|0 fnt\n|faint|p2a: Corviknight\n|-damage|p1a: Incineroar|21/100|[from] Recoil\n|\n|-weather|SunnyDay|[upkeep]\n|upkeep\n|\n|t:|1776410165\n|switch|p2a: Chandelure|Chandelure, L50, F, shiny|100/100\n|turn|5\n|\n|t:|1776410181\n|move|p2a: Chandelure|Shadow Ball|p1a: Incineroar\n|-resisted|p1a: Incineroar|1\n|-damage|p1a: Incineroar|0 fnt\n|faint|p1a: Incineroar\n|\n|win|caustic soda\n|raw|RedCharonKnight's rating: 1187 &rarr; <strong>1164</strong><br />(-23 for losing)\n|raw|caustic soda's rating: 1218 &rarr; <strong>1241</strong><br />(+23 for winning)\n",
  "uploadtime": 1776410198,
  "views": 25,
  "formatid": "gen9championsvgc2026regma",
  "rating": 1164,
  "private": 0,
  "password": null
}