{
  "id": "gen9championsvgc2026regma-2584842079",
  "format": "[Gen 9 Champions] VGC 2026 Reg M-A",
  "players": [
    "TTT x",
    "Jay is decent"
  ],
  "log": "|j|\u2606TTT x\n|j|\u2606Jay is decent\n|t:|1776287889\n|gametype|doubles\n|player|p1|TTT x|#smogonxnpa2025draftee|\n|player|p2|Jay is decent|1|\n|gen|9\n|tier|[Gen 9 Champions] VGC 2026 Reg M-A\n|rated|Tournament battle\n|rule|Species Clause: Limit one of each Pok\u00e9mon\n|rule|Item Clause: Limit 1 of each item\n|raw|<div class=\"infobox\"><details class=\"readmore\" open><summary><strong>1 custom rule:</strong></summary> Force Open Team Sheets</details></div>\n|clearpoke\n|poke|p1|Manectric, L50, F|\n|poke|p1|Archaludon, L50, M|\n|poke|p1|Sinistcha, L50|\n|poke|p1|Politoed, L50, F|\n|poke|p1|Scizor, L50, F|\n|poke|p1|Incineroar, L50, F|\n|poke|p2|Politoed, L50, F|\n|poke|p2|Kangaskhan, L50, F|\n|poke|p2|Aerodactyl, L50, M|\n|poke|p2|Archaludon, L50, F|\n|poke|p2|Meganium, L50, F|\n|poke|p2|Basculegion, L50, M|\n|teampreview|4\n|showteam|p1|Manectric||Manectite|LightningRod|VoltSwitch,Snarl,LightScreen,Protect|||F|||50|]Archaludon||Leftovers|Stamina|ElectroShot,DragonPulse,FlashCannon,Protect|||M|||50|]Sinistcha||KasibBerry|Hospitality|MatchaGotcha,ShadowBall,RagePowder,Protect||||||50|]Politoed||SitrusBerry|Drizzle|WeatherBall,RainDance,Encore,Protect|||F|||50|]Scizor||Scizorite|Technician|BulletPunch,BugBite,SwordsDance,Protect|||F|||50|]Incineroar||ChopleBerry|Intimidate|FakeOut,FlareBlitz,WillOWisp,PartingShot|||F|||50|\n|showteam|p2|Politoed||MysticWater|Drizzle|MuddyWater,IceBeam,WeatherBall,Protect|||F|||50|]Kangaskhan||Kangaskhanite|Scrappy|FakeOut,DoubleEdge,SuckerPunch,DrainPunch|||F|||50|]Aerodactyl||FocusSash|Unnerve|RockSlide,DualWingbeat,Tailwind,Protect|||M|||50|]Archaludon||Leftovers|Sturdy|DragonPulse,ElectroShot,FlashCannon,Protect|||F|||50|]Meganium||Meganiumite|Overgrow|SolarBeam,DazzlingGleam,WeatherBall,Protect|||F|||50|]Basculegion||ChoiceScarf|Adaptability|WaveCrash,AquaJet,FlipTurn,LastRespects|||M|||50|\n|j| Carrielis\n|j|+crystalninetales\n|j|+holdingb\n|j| reisquaza1\n|j| Tiefighter450\n|j| OnToTheOther\n|c|\u2606TTT x|Glhf\n|c|\u2606Jay is decent|u2\n|j|+TheLoanRanger\n|j|+Hasayo\n|j| masuper432\n|j| azorions\n|\n|t:|1776287942\n|teamsize|p1|4\n|teamsize|p2|4\n|start\n|switch|p1a: Manectric|Manectric, L50, F|100/100\n|switch|p1b: Archaludon|Archaludon, L50, M|100/100\n|switch|p2a: Aerodactyl|Aerodactyl, L50, M|100/100\n|switch|p2b: Basculegion|Basculegion, L50, M|100/100\n|-ability|p2a: Aerodactyl|Unnerve\n|turn|1\n|\n|t:|1776287961\n|detailschange|p1a: Manectric|Manectric-Mega, L50, F\n|-mega|p1a: Manectric|Manectric|Manectite\n|-ability|p1a: Manectric|Intimidate|boost\n|-unboost|p2a: Aerodactyl|atk|1\n|-unboost|p2b: Basculegion|atk|1\n|move|p2b: Basculegion|Flip Turn|p1a: Manectric\n|-damage|p1a: Manectric|69/100\n|\n|t:|1776287971\n|switch|p2b: Archaludon|Archaludon, L50, F|100/100|[from] Flip Turn\n|move|p1a: Manectric|Volt Switch|p1b: Archaludon\n|-resisted|p1b: Archaludon|1\n|-damage|p1b: Archaludon|85/100\n|-ability|p1b: Archaludon|Stamina|boost\n|-boost|p1b: Archaludon|def|1\n|j| ray_on_1248_\n|\n|t:|1776287977\n|switch|p1a: Incineroar|Incineroar, L50, F|100/100|[from] Volt Switch\n|-ability|p1a: Incineroar|Intimidate|boost\n|-unboost|p2a: Aerodactyl|atk|1\n|-unboost|p2b: Archaludon|atk|1\n|move|p2a: Aerodactyl|Tailwind|p2a: Aerodactyl\n|-sidestart|p2: Jay is decent|move: Tailwind\n|move|p1b: Archaludon|Dragon Pulse|p2b: Archaludon\n|-damage|p2b: Archaludon|42/100\n|\n|-heal|p2b: Archaludon|48/100|[from] item: Leftovers\n|-heal|p1b: Archaludon|92/100|[from] item: Leftovers\n|upkeep\n|turn|2\n|l| masuper432\n|\n|t:|1776287991\n|move|p1b: Archaludon|Protect|p1b: Archaludon\n|-singleturn|p1b: Archaludon|Protect\n|move|p2a: Aerodactyl|Rock Slide|p1a: Incineroar|[spread] p1a\n|-activate|p1b: Archaludon|move: Protect\n|-supereffective|p1a: Incineroar|1\n|-damage|p1a: Incineroar|74/100\n|move|p2b: Archaludon|Dragon Pulse|p1a: Incineroar\n|-damage|p1a: Incineroar|42/100\n|cant|p1a: Incineroar|flinch\n|\n|-heal|p2b: Archaludon|54/100|[from] item: Leftovers\n|-heal|p1b: Archaludon|98/100|[from] item: Leftovers\n|upkeep\n|turn|3\n|j| z123z\n|\n|t:|1776288011\n|switch|p1a: Manectric|Manectric-Mega, L50, F|69/100\n|-ability|p1a: Manectric|Intimidate|boost\n|-unboost|p2a: Aerodactyl|atk|1\n|-unboost|p2b: Archaludon|atk|1\n|move|p2a: Aerodactyl|Rock Slide|p1a: Manectric|[spread] p1a\n|-miss|p2a: Aerodactyl|p1b: Archaludon\n|-damage|p1a: Manectric|56/100\n|move|p2b: Archaludon|Dragon Pulse|p1b: Archaludon\n|-damage|p1b: Archaludon|61/100\n|-ability|p1b: Archaludon|Stamina|boost\n|-boost|p1b: Archaludon|def|1\n|move|p1b: Archaludon|Dragon Pulse|p2b: Archaludon\n|-damage|p2b: Archaludon|3/100\n|\n|-heal|p2b: Archaludon|9/100|[from] item: Leftovers\n|-heal|p1b: Archaludon|68/100|[from] item: Leftovers\n|upkeep\n|turn|4\n|j| pokemonpengu\n|j| Hy3ll0\n|\n|t:|1776288026\n|move|p1a: Manectric|Protect|p1a: Manectric\n|-singleturn|p1a: Manectric|Protect\n|move|p1b: Archaludon|Protect|p1b: Archaludon\n|-singleturn|p1b: Archaludon|Protect\n|move|p2a: Aerodactyl|Rock Slide|p1a: Manectric|[spread] \n|-activate|p1a: Manectric|move: Protect\n|-activate|p1b: Archaludon|move: Protect\n|move|p2b: Archaludon|Dragon Pulse|p1a: Manectric\n|-activate|p1a: Manectric|move: Protect\n|\n|-heal|p2b: Archaludon|15/100|[from] item: Leftovers\n|-heal|p1b: Archaludon|74/100|[from] item: Leftovers\n|-sideend|p2: Jay is decent|move: Tailwind\n|upkeep\n|turn|5\n|j| PoisonzK\n|c| Carrielis|Surprised people are dropping stamina\n|\n|t:|1776288037\n|move|p2b: Archaludon|Protect|p2b: Archaludon\n|-singleturn|p2b: Archaludon|Protect\n|move|p1a: Manectric|Light Screen|p1a: Manectric\n|-sidestart|p1: TTT x|move: Light Screen\n|move|p2a: Aerodactyl|Tailwind|p2a: Aerodactyl\n|-sidestart|p2: Jay is decent|move: Tailwind\n|move|p1b: Archaludon|Dragon Pulse|p2b: Archaludon\n|-activate|p2b: Archaludon|move: Protect\n|\n|-heal|p2b: Archaludon|21/100|[from] item: Leftovers\n|-heal|p1b: Archaludon|80/100|[from] item: Leftovers\n|upkeep\n|turn|6\n|j| knoxxzeta\n|c| PoisonzK|Yo another manectri user\n|\n|t:|1776288048\n|move|p1a: Manectric|Protect|p1a: Manectric\n|-singleturn|p1a: Manectric|Protect\n|move|p2a: Aerodactyl|Rock Slide|p1a: Manectric|[spread] p1b\n|-activate|p1a: Manectric|move: Protect\n|-resisted|p1b: Archaludon|1\n|-damage|p1b: Archaludon|79/100\n|-ability|p1b: Archaludon|Stamina|boost\n|-boost|p1b: Archaludon|def|1\n|move|p2b: Archaludon|Dragon Pulse|p1a: Manectric\n|-activate|p1a: Manectric|move: Protect\n|cant|p1b: Archaludon|flinch\n|\n|-heal|p2b: Archaludon|27/100|[from] item: Leftovers\n|-heal|p1b: Archaludon|85/100|[from] item: Leftovers\n|upkeep\n|turn|7\n|\n|t:|1776288067\n|switch|p1a: Sinistcha|Sinistcha, L50|100/100\n|-heal|p1b: Archaludon|100/100|[from] ability: Hospitality|[of] p1a: Sinistcha\n|move|p2a: Aerodactyl|Rock Slide|p1a: Sinistcha|[spread] p1a,p1b\n|-resisted|p1b: Archaludon|1\n|-damage|p1a: Sinistcha|92/100\n|-damage|p1b: Archaludon|99/100\n|-ability|p1b: Archaludon|Stamina|boost\n|-boost|p1b: Archaludon|def|1\n|move|p2b: Archaludon|Dragon Pulse|p1b: Archaludon\n|-damage|p1b: Archaludon|70/100\n|-ability|p1b: Archaludon|Stamina|boost\n|-boost|p1b: Archaludon|def|1\n|move|p1b: Archaludon|Flash Cannon|p2a: Aerodactyl\n|-supereffective|p2a: Aerodactyl|1\n|-damage|p2a: Aerodactyl|9/100\n|\n|-heal|p2b: Archaludon|33/100|[from] item: Leftovers\n|-heal|p1b: Archaludon|77/100|[from] item: Leftovers\n|upkeep\n|turn|8\n|\n|t:|1776288085\n|move|p2a: Aerodactyl|Protect|p2a: Aerodactyl\n|-singleturn|p2a: Aerodactyl|Protect\n|move|p2b: Archaludon|Dragon Pulse|p1b: Archaludon\n|-damage|p1b: Archaludon|52/100\n|-ability|p1b: Archaludon|Stamina|boost\n|-boost|p1b: Archaludon|def|1\n|move|p1b: Archaludon|Dragon Pulse|p2b: Archaludon\n|-damage|p2b: Archaludon|0 fnt\n|faint|p2b: Archaludon\n|move|p1a: Sinistcha|Matcha Gotcha|p2a: Aerodactyl\n|-activate|p2a: Aerodactyl|move: Protect\n|\n|-heal|p1b: Archaludon|58/100|[from] item: Leftovers\n|-sideend|p2: Jay is decent|move: Tailwind\n|upkeep\n|\n|t:|1776288096\n|switch|p2b: Basculegion|Basculegion, L50, M|100/100\n|turn|9\n|\n|t:|1776288115\n|switch|p1a: Incineroar|Incineroar, L50, F|42/100\n|-ability|p1a: Incineroar|Intimidate|boost\n|-unboost|p2a: Aerodactyl|atk|1\n|-unboost|p2b: Basculegion|atk|1\n|move|p2b: Basculegion|Flip Turn|p1a: Incineroar\n|-supereffective|p1a: Incineroar|1\n|-damage|p1a: Incineroar|0 fnt\n|faint|p1a: Incineroar\n|\n|t:|1776288121\n|switch|p2b: Meganium|Meganium, L50, F|100/100|[from] Flip Turn\n|move|p2a: Aerodactyl|Tailwind|p2a: Aerodactyl\n|-sidestart|p2: Jay is decent|move: Tailwind\n|move|p1b: Archaludon|Dragon Pulse|p2b: Meganium\n|-damage|p2b: Meganium|68/100\n|\n|-heal|p1b: Archaludon|64/100|[from] item: Leftovers\n|-sideend|p1: TTT x|move: Light Screen\n|upkeep\n|\n|t:|1776288130\n|switch|p1a: Sinistcha|Sinistcha, L50|92/100\n|-heal|p1b: Archaludon|89/100|[from] ability: Hospitality|[of] p1a: Sinistcha\n|turn|10\n|\n|t:|1776288137\n|detailschange|p2b: Meganium|Meganium-Mega, L50, F\n|-mega|p2b: Meganium|Meganium|Meganiumite\n|move|p2a: Aerodactyl|Rock Slide|p1a: Sinistcha|[spread] p1a,p1b\n|-resisted|p1b: Archaludon|1\n|-damage|p1a: Sinistcha|85/100\n|-damage|p1b: Archaludon|89/100\n|move|p2b: Meganium|Weather Ball|p1b: Archaludon\n|-damage|p1b: Archaludon|32/100\n|move|p1b: Archaludon|Flash Cannon|p2b: Meganium\n|-supereffective|p2b: Meganium|1\n|-damage|p2b: Meganium|13/100\n|move|p1a: Sinistcha|Matcha Gotcha|p2b: Meganium|[spread] p2a,p2b\n|-resisted|p2b: Meganium|1\n|-damage|p2a: Aerodactyl|0 fnt\n|-heal|p1a: Sinistcha|89/100|[from] drain|[of] p2a: Aerodactyl\n|-damage|p2b: Meganium|3/100\n|-heal|p1a: Sinistcha|94/100|[from] drain|[of] p2b: Meganium\n|faint|p2a: Aerodactyl\n|\n|-heal|p1b: Archaludon|38/100|[from] item: Leftovers\n|upkeep\n|\n|t:|1776288145\n|switch|p2a: Basculegion|Basculegion, L50, M|100/100\n|turn|11\n|\n|t:|1776288164\n|move|p1b: Archaludon|Protect|p1b: Archaludon\n|-singleturn|p1b: Archaludon|Protect\n|move|p1a: Sinistcha|Protect|p1a: Sinistcha\n|-singleturn|p1a: Sinistcha|Protect\n|move|p2a: Basculegion|Last Respects|p1b: Archaludon\n|-activate|p1b: Archaludon|move: Protect\n|move|p2b: Meganium|Weather Ball|p1a: Sinistcha\n|-activate|p1a: Sinistcha|move: Protect\n|\n|-heal|p1b: Archaludon|44/100|[from] item: Leftovers\n|upkeep\n|turn|12\n|\n|t:|1776288178\n|move|p2a: Basculegion|Last Respects|p1a: Sinistcha\n|-supereffective|p1a: Sinistcha|1\n|-crit|p1a: Sinistcha\n|-enditem|p1a: Sinistcha|Kasib Berry|[eat]\n|-enditem|p1a: Sinistcha|Kasib Berry|[weaken]\n|-damage|p1a: Sinistcha|0 fnt\n|faint|p1a: Sinistcha\n|move|p2b: Meganium|Weather Ball|p1b: Archaludon\n|-damage|p1b: Archaludon|0 fnt\n|faint|p1b: Archaludon\n|\n|-sideend|p2: Jay is decent|move: Tailwind\n|upkeep\n|\n|t:|1776288184\n|switch|p1b: Manectric|Manectric-Mega, L50, F|56/100\n|-ability|p1b: Manectric|Intimidate|boost\n|-unboost|p2a: Basculegion|atk|1\n|-unboost|p2b: Meganium|atk|1\n|turn|13\n|c|\u2606Jay is decent|my bad\n|l| z123z\n|c|\u2606TTT x|All good\n|c|\u2606TTT x|gg\n|c|\u2606Jay is decent|ggs\n|\n|t:|1776288202\n|move|p2a: Basculegion|Last Respects|p1b: Manectric\n|-damage|p1b: Manectric|0 fnt\n|faint|p1b: Manectric\n|\n|win|Jay is decent\n|n|\u2606TTT x|tttx\n|n|\u2606Jay is decent|jayisdecent\n|n| Carrielis|carrielis\n|n| crystalninetales|crystalninetales\n|n| holdingb|holdingb\n|n| reisquaza1|reisquaza1\n|n| Tiefighter450|tiefighter450\n|n| OnToTheOther|ontotheother\n|n| TheLoanRanger|theloanranger\n|n| Hasayo|hasayo\n|n| azorions|azorions\n|n| ray_on_1248_|rayon1248\n|n| pokemonpengu|pokemonpengu\n|n| Hy3ll0|hy3ll0\n|n| PoisonzK|poisonzk\n|n| knoxxzeta|knoxxzeta\n|l| TheLoanRanger\n|l|\u2606TTT x\n|player|p1|\n|l| knoxxzeta\n|l| PoisonzK\n",
  "uploadtime": 1776288202,
  "views": 130,
  "formatid": "gen9championsvgc2026regma",
  "rating": null,
  "private": 0,
  "password": null
}