{
  "id": "gen9championsvgc2026regma-2588827419",
  "format": "[Gen 9 Champions] VGC 2026 Reg M-A",
  "players": [
    "Ackr0",
    "hard tr bd"
  ],
  "log": "|j|\u2606Ackr0\n|j|\u2606hard tr bd\n|t:|1776675721\n|gametype|doubles\n|player|p1|Ackr0|flannery|1429\n|player|p2|hard tr bd|nate|1527\n|gen|9\n|tier|[Gen 9 Champions] VGC 2026 Reg M-A\n|rated|\n|rule|Species Clause: Limit one of each Pok\u00e9mon\n|rule|Item Clause: Limit 1 of each item\n|clearpoke\n|poke|p1|Lopunny, L50, F, shiny|\n|poke|p1|Aegislash, L50, M, shiny|\n|poke|p1|Vanilluxe, L50, F|\n|poke|p1|Garchomp, L50, M|\n|poke|p1|Kingambit, L50, M|\n|poke|p1|Basculegion, L50, M|\n|poke|p2|Sneasler, L50, M|\n|poke|p2|Garchomp, L50, F|\n|poke|p2|Incineroar, L50, M|\n|poke|p2|Sinistcha-Masterpiece, L50|\n|poke|p2|Aerodactyl, L50, M|\n|poke|p2|Gardevoir, L50, F|\n|teampreview|4\n|inactive|Battle timer is ON: inactive players will automatically lose when time's up. (requested by Ackr0)\n|inactive|Ackr0 has 60 seconds left.\n|inactive|hard tr bd has 60 seconds left.\nAckr0 rejected open team sheets.\n|inactive|Ackr0 has 30 seconds left.\n|\n|t:|1776675791\n|teamsize|p1|4\n|teamsize|p2|4\n|start\n|switch|p1a: Lopunny|Lopunny, L50, F, shiny|100/100\n|switch|p1b: Vanilluxe|Vanilluxe, L50, F|100/100\n|switch|p2a: Aerodactyl|Aerodactyl, L50, M|100/100\n|switch|p2b: Gardevoir|Gardevoir, L50, F|100/100\n|-ability|p2a: Aerodactyl|Unnerve\n|-weather|Snowscape|[from] ability: Snow Warning|[of] p1b: Vanilluxe\n|turn|1\n|\n|t:|1776675805\n|detailschange|p1a: Lopunny|Lopunny-Mega, L50, F, shiny\n|-mega|p1a: Lopunny|Lopunny|Lopunnite\n|move|p2a: Aerodactyl|Protect|p2a: Aerodactyl\n|-singleturn|p2a: Aerodactyl|Protect\n|move|p2b: Gardevoir|Protect|p2b: Gardevoir\n|-singleturn|p2b: Gardevoir|Protect\n|move|p1a: Lopunny|Fake Out|p2b: Gardevoir\n|-activate|p2b: Gardevoir|move: Protect\n|move|p1b: Vanilluxe|Icy Wind|p2a: Aerodactyl|[spread] \n|-activate|p2a: Aerodactyl|move: Protect\n|-activate|p2b: Gardevoir|move: Protect\n|\n|-weather|Snowscape|[upkeep]\n|upkeep\n|turn|2\n|\n|t:|1776675821\n|detailschange|p2b: Gardevoir|Gardevoir-Mega, L50, F\n|-mega|p2b: Gardevoir|Gardevoir|Gardevoirite\n|move|p1b: Vanilluxe|Icy Wind|p2b: Gardevoir|[spread] p2a,p2b\n|-supereffective|p2a: Aerodactyl|1\n|-damage|p2a: Aerodactyl|43/100\n|-damage|p2b: Gardevoir|85/100\n|-unboost|p2a: Aerodactyl|spe|1\n|-unboost|p2b: Gardevoir|spe|1\n|move|p1a: Lopunny|Encore|p2b: Gardevoir\n|-start|p2b: Gardevoir|Encore\n|move|p2b: Gardevoir|Protect|p2b: Gardevoir\n|-singleturn|p2b: Gardevoir|Protect\n|move|p2a: Aerodactyl|Rock Slide|p1b: Vanilluxe|[spread] p1a,p1b\n|-resisted|p1a: Lopunny|1\n|-supereffective|p1b: Vanilluxe|1\n|-damage|p1a: Lopunny|84/100\n|-damage|p1b: Vanilluxe|56/100\n|\n|-weather|Snowscape|[upkeep]\n|upkeep\n|turn|3\n|\n|t:|1776675840\n|switch|p2a: Sneasler|Sneasler, L50, M|100/100\n|move|p2b: Gardevoir|Protect||[still]\n|-fail|p2b: Gardevoir\n|move|p1b: Vanilluxe|Icy Wind|p2b: Gardevoir|[spread] p2a,p2b\n|-crit|p2b: Gardevoir\n|-damage|p2a: Sneasler|76/100\n|-damage|p2b: Gardevoir|59/100\n|-unboost|p2a: Sneasler|spe|1\n|-unboost|p2b: Gardevoir|spe|1\n|-enditem|p2a: Sneasler|White Herb\n|-clearnegativeboost|p2a: Sneasler|[silent]\n|move|p1a: Lopunny|Close Combat|p2a: Sneasler\n|-resisted|p2a: Sneasler|1\n|-damage|p2a: Sneasler|24/100\n|-unboost|p1a: Lopunny|def|1\n|-unboost|p1a: Lopunny|spd|1\n|\n|-weather|Snowscape|[upkeep]\n|upkeep\n|turn|4\n|inactive|Ackr0 has 30 seconds left.\n|\n|t:|1776675865\n|switch|p1b: Aegislash|Aegislash, L50, M, shiny|100/100\n|switch|p2b: Garchomp|Garchomp, L50, F|100/100\n|move|p2a: Sneasler|Close Combat|p1b: Aegislash\n|-immune|p1b: Aegislash\n|move|p1a: Lopunny|Close Combat|p2a: Sneasler\n|-resisted|p2a: Sneasler|1\n|-damage|p2a: Sneasler|0 fnt\n|-unboost|p1a: Lopunny|def|1\n|-unboost|p1a: Lopunny|spd|1\n|faint|p2a: Sneasler\n|\n|-weather|Snowscape|[upkeep]\n|upkeep\n|\n|t:|1776675874\n|switch|p2a: Aerodactyl|Aerodactyl, L50, M|43/100\n|-ability|p2a: Aerodactyl|Unnerve\n|turn|5\n|inactive|Ackr0 has 30 seconds left.\n|inactive|Ackr0 has 20 seconds left.\n|inactive|Ackr0 has 15 seconds left.\n|\n|t:|1776675915\n|move|p1b: Aegislash|King's Shield|p1b: Aegislash\n|-singleturn|p1b: Aegislash|Protect\n|move|p2b: Garchomp|Earthquake|p1b: Aegislash|[spread] p1a\n|-activate|p1b: Aegislash|move: Protect\n|-immune|p2a: Aerodactyl\n|-damage|p1a: Lopunny|0 fnt\n|faint|p1a: Lopunny\n|move|p2a: Aerodactyl|Tailwind|p2a: Aerodactyl\n|-sidestart|p2: hard tr bd|move: Tailwind\n|\n|-weather|none\n|upkeep\n|\n|t:|1776675921\n|switch|p1a: Vanilluxe|Vanilluxe, L50, F|56/100\n|-weather|Snowscape|[from] ability: Snow Warning|[of] p1a: Vanilluxe\n|turn|6\n|\n|t:|1776675933\n|move|p1a: Vanilluxe|Ice Shard|p2b: Garchomp\n|-supereffective|p2b: Garchomp|2\n|-damage|p2b: Garchomp|56/100\n|-formechange|p1b: Aegislash|Aegislash-Blade|\n|move|p1b: Aegislash|Shadow Sneak|p2b: Garchomp\n|-damage|p2b: Garchomp|28/100\n|-damage|p1b: Aegislash|89/100|[from] ability: Rough Skin|[of] p2b: Garchomp\n|move|p2b: Garchomp|Earthquake|p1a: Vanilluxe|[spread] p1a,p1b\n|-immune|p2a: Aerodactyl\n|-supereffective|p1b: Aegislash|1\n|-damage|p1a: Vanilluxe|15/100\n|-damage|p1b: Aegislash|0 fnt\n|faint|p1b: Aegislash\n|move|p2a: Aerodactyl|Rock Slide|p1a: Vanilluxe\n|-supereffective|p1a: Vanilluxe|1\n|-damage|p1a: Vanilluxe|0 fnt\n|faint|p1a: Vanilluxe\n|\n|-weather|Snowscape|[upkeep]\n|upkeep\n|\n|t:|1776675939\n|switch|p1b: Basculegion|Basculegion, L50, M|100/100\n|turn|7\n|\n|t:|1776675950\n|switch|p2b: Gardevoir|Gardevoir-Mega, L50, F|59/100\n|move|p1b: Basculegion|Aqua Jet|p2b: Gardevoir\n|-damage|p2b: Gardevoir|25/100\n|move|p2a: Aerodactyl|Rock Slide|p1b: Basculegion\n|-damage|p1b: Basculegion|71/100\n|\n|-weather|Snowscape|[upkeep]\n|upkeep\n|turn|8\n|inactive|hard tr bd has 30 seconds left.\n|\n|t:|1776675981\n|move|p1b: Basculegion|Aqua Jet|p2b: Gardevoir\n|-damage|p2b: Gardevoir|0 fnt\n|faint|p2b: Gardevoir\n|move|p2a: Aerodactyl|Dual Wingbeat|p1b: Basculegion\n|-damage|p1b: Basculegion|55/100\n|-damage|p1b: Basculegion|38/100\n|-hitcount|p1b: Basculegion|2\n|\n|-weather|Snowscape|[upkeep]\n|-sideend|p2: hard tr bd|move: Tailwind\n|upkeep\n|\n|t:|1776675989\n|switch|p2b: Garchomp|Garchomp, L50, F|28/100\n|turn|9\n|\n|t:|1776675994\n|move|p1b: Basculegion|Aqua Jet|p2a: Aerodactyl\n|-supereffective|p2a: Aerodactyl|1\n|-damage|p2a: Aerodactyl|0 fnt\n|-enditem|p1b: Basculegion|Sitrus Berry|[eat]\n|-heal|p1b: Basculegion|63/100|[from] item: Sitrus Berry\n|faint|p2a: Aerodactyl\n|move|p2b: Garchomp|Dragon Claw|p1b: Basculegion\n|-damage|p1b: Basculegion|21/100\n|\n|-weather|Snowscape|[upkeep]\n|upkeep\n|turn|10\n|\n|t:|1776676001\n|move|p1b: Basculegion|Aqua Jet|p2b: Garchomp\n|-damage|p2b: Garchomp|6/100\n|-damage|p1b: Basculegion|9/100|[from] ability: Rough Skin|[of] p2b: Garchomp\n|move|p2b: Garchomp|Dragon Claw|p1b: Basculegion\n|-damage|p1b: Basculegion|0 fnt\n|faint|p1b: Basculegion\n|\n|win|hard tr bd\n|raw|Ackr0's rating: 1429 &rarr; <strong>1414</strong><br />(-15 for losing)\n|raw|hard tr bd's rating: 1527 &rarr; <strong>1542</strong><br />(+15 for winning)\n",
  "uploadtime": 1776676006,
  "views": 9,
  "formatid": "gen9championsvgc2026regma",
  "rating": 1414,
  "private": 0,
  "password": null
}