{
  "id": "gen9championsvgc2026regma-2584282868",
  "format": "[Gen 9 Champions] VGC 2026 Reg M-A",
  "players": [
    "Morvith007",
    "weaknoobano"
  ],
  "log": "|j|\u2606Morvith007\n|j|\u2606weaknoobano\n|t:|1776246859\n|gametype|doubles\n|player|p1|Morvith007|n|1217\n|player|p2|weaknoobano|102|1242\n|gen|9\n|tier|[Gen 9 Champions] VGC 2026 Reg M-A\n|rated|\n|rule|Species Clause: Limit one of each Pok\u00e9mon\n|rule|Item Clause: Limit 1 of each item\n|clearpoke\n|poke|p1|Pelipper, L50, F|\n|poke|p1|Archaludon, L50, M|\n|poke|p1|Dragonite, L50, F|\n|poke|p1|Basculegion, L50, M|\n|poke|p1|Sneasler, L50, M|\n|poke|p1|Rotom-Wash, L50|\n|poke|p2|Venusaur, L50, M|\n|poke|p2|Charizard, L50, M|\n|poke|p2|Incineroar, L50, M|\n|poke|p2|Garchomp, L50, F|\n|poke|p2|Snorlax, L50, M|\n|poke|p2|Sinistcha, L50|\n|teampreview|4\nweaknoobano rejected open team sheets.\n|inactive|Battle timer is ON: inactive players will automatically lose when time's up. (requested by weaknoobano)\n|\n|t:|1776246897\n|teamsize|p1|4\n|teamsize|p2|4\n|start\n|switch|p1a: Kurourushi|Pelipper, L50, F, shiny|100/100\n|switch|p1b: Gojo|Dragonite, L50, F, shiny|100/100\n|switch|p2a: Charizard|Charizard, L50, M|100/100\n|switch|p2b: Garchomp|Garchomp, L50, F|100/100\n|-weather|RainDance|[from] ability: Drizzle|[of] p1a: Kurourushi\n|turn|1\n|inactive|weaknoobano has 30 seconds left.\n|\n|t:|1776246928\n|switch|p2b: Sinistcha|Sinistcha, L50|100/100\n|detailschange|p2a: Charizard|Charizard-Mega-Y, L50, M\n|-mega|p2a: Charizard|Charizard|Charizardite Y\n|-weather|SunnyDay|[from] ability: Drought|[of] p2a: Charizard\n|detailschange|p1b: Gojo|Dragonite-Mega, L50, F, shiny\n|-mega|p1b: Gojo|Dragonite|Dragoninite\n|move|p2a: Charizard|Heat Wave|p1b: Gojo|[spread] p1a,p1b\n|-resisted|p1a: Kurourushi|1\n|-resisted|p1b: Gojo|1\n|-damage|p1a: Kurourushi|44/100\n|-damage|p1b: Gojo|87/100\n|-status|p1a: Kurourushi|brn\n|move|p1b: Gojo|Dragon Pulse|p2b: Sinistcha\n|-damage|p2b: Sinistcha|50/100\n|move|p1a: Kurourushi|Tailwind|p1a: Kurourushi\n|-sidestart|p1: Morvith007|move: Tailwind\n|\n|-weather|SunnyDay|[upkeep]\n|-heal|p2b: Sinistcha|56/100|[from] item: Leftovers\n|-damage|p1a: Kurourushi|38/100 brn|[from] brn\n|upkeep\n|turn|2\n|inactive|Morvith007 has 30 seconds left.\n|\n|t:|1776246960\n|switch|p1a: Skanda|Rotom-Wash, L50|100/100\n|move|p1b: Gojo|Dragon Pulse|p2b: Sinistcha\n|-damage|p2b: Sinistcha|6/100\n|move|p2a: Charizard|Solar Beam||[still]\n|-prepare|p2a: Charizard|Solar Beam\n|-anim|p2a: Charizard|Solar Beam|p1a: Skanda\n|-supereffective|p1a: Skanda|1\n|-damage|p1a: Skanda|2/100\n|move|p2b: Sinistcha|Trick Room|p2b: Sinistcha\n|-fieldstart|move: Trick Room|[of] p2b: Sinistcha\n|\n|-weather|SunnyDay|[upkeep]\n|-heal|p2b: Sinistcha|12/100|[from] item: Leftovers\n|upkeep\n|turn|3\n|\n|t:|1776246983\n|switch|p2a: Garchomp|Garchomp, L50, F|100/100\n|move|p2b: Sinistcha|Matcha Gotcha|p1a: Skanda|[spread] p1a,p1b\n|-supereffective|p1a: Skanda|1\n|-resisted|p1b: Gojo|2\n|-damage|p1a: Skanda|0 fnt\n|-heal|p2b: Sinistcha|13/100|[from] drain|[of] p1a: Skanda\n|-damage|p1b: Gojo|82/100\n|-heal|p2b: Sinistcha|16/100|[from] drain|[of] p1b: Gojo\n|faint|p1a: Skanda\n|move|p1b: Gojo|Dragon Pulse|p2b: Sinistcha\n|-damage|p2b: Sinistcha|0 fnt\n|faint|p2b: Sinistcha\n|\n|-weather|SunnyDay|[upkeep]\n|upkeep\n|\n|t:|1776247002\n|switch|p2b: Charizard|Charizard-Mega-Y, L50, M|100/100\n|switch|p1a: Kurourushi|Pelipper, L50, F, shiny|38/100 brn\n|-weather|RainDance|[from] ability: Drizzle|[of] p1a: Kurourushi\n|turn|4\n|\n|t:|1776247026\n|move|p2b: Charizard|Weather Ball|p1a: Kurourushi\n|-resisted|p1a: Kurourushi|1\n|-damage|p1a: Kurourushi|0 fnt\n|faint|p1a: Kurourushi\n|move|p2a: Garchomp|Dragon Claw|p1b: Gojo\n|-supereffective|p1b: Gojo|1\n|-damage|p1b: Gojo|6/100\n|move|p1b: Gojo|Thunder|p2b: Charizard\n|-supereffective|p2b: Charizard|1\n|-damage|p2b: Charizard|0 fnt\n|faint|p2b: Charizard\n|\n|-weather|RainDance|[upkeep]\n|-sideend|p1: Morvith007|move: Tailwind\n|upkeep\n|\n|t:|1776247040\n|switch|p1a: Mahito|Sneasler, L50, M|100/100\n|switch|p2b: Venusaur|Venusaur, L50, M|100/100\n|turn|5\n|inactive|weaknoobano has 30 seconds left.\n|\n|t:|1776247065\n|move|p1a: Mahito|Fake Out|p2a: Garchomp\n|-damage|p2a: Garchomp|86/100\n|-damage|p1a: Mahito|88/100|[from] ability: Rough Skin|[of] p2a: Garchomp\n|move|p2b: Venusaur|Sludge Bomb|p1b: Gojo\n|-damage|p1b: Gojo|0 fnt\n|faint|p1b: Gojo\n|cant|p2a: Garchomp|flinch\n|\n|-weather|RainDance|[upkeep]\n|upkeep\n|turn|6\n|\n|t:|1776247077\n|move|p2b: Venusaur|Weather Ball|p1a: Mahito\n|-damage|p1a: Mahito|30/100\n|move|p1a: Mahito|Close Combat|p2a: Garchomp\n|-damage|p2a: Garchomp|27/100\n|-unboost|p1a: Mahito|def|1\n|-unboost|p1a: Mahito|spd|1\n|-damage|p1a: Mahito|18/100|[from] ability: Rough Skin|[of] p2a: Garchomp\n|-enditem|p1a: Mahito|White Herb\n|-clearnegativeboost|p1a: Mahito|[silent]\n|move|p2a: Garchomp|Dragon Claw|p1a: Mahito\n|-damage|p1a: Mahito|0 fnt\n|faint|p1a: Mahito\n|\n|win|weaknoobano\n|raw|Morvith007's rating: 1217 &rarr; <strong>1194</strong><br />(-23 for losing)\n|raw|weaknoobano's rating: 1242 &rarr; <strong>1265</strong><br />(+23 for winning)\n",
  "uploadtime": 1776247085,
  "views": 29,
  "formatid": "gen9championsvgc2026regma",
  "rating": 1194,
  "private": 0,
  "password": null
}