{
  "id": "gen9championsvgc2026regma-2583069960",
  "format": "[Gen 9 Champions] VGC 2026 Reg M-A",
  "players": [
    "vegemite360",
    "Adomince"
  ],
  "log": "|j|\u2606vegemite360\n|j|\u2606Adomince\n|t:|1776138674\n|gametype|doubles\n|player|p1|vegemite360|bugcatcher-gen4dp|1198\n|player|p2|Adomince|266|1125\n|gen|9\n|tier|[Gen 9 Champions] VGC 2026 Reg M-A\n|rated|\n|rule|Species Clause: Limit one of each Pok\u00e9mon\n|rule|Item Clause: Limit 1 of each item\n|clearpoke\n|poke|p1|Crabominable, L50, M|\n|poke|p1|Primarina, L50, M|\n|poke|p1|Armarouge, L50, M|\n|poke|p1|Kingambit, L50, M|\n|poke|p1|Slowking-Galar, L50, F|\n|poke|p1|Incineroar, L50, M|\n|poke|p2|Froslass, L50, F|\n|poke|p2|Sneasler, L50, F|\n|poke|p2|Kingambit, L50, M|\n|poke|p2|Whimsicott, L50, M|\n|poke|p2|Garchomp, L50, F|\n|poke|p2|Milotic, L50, F|\n|teampreview|4\n|inactive|Battle timer is ON: inactive players will automatically lose when time's up. (requested by vegemite360)\n|inactive|vegemite360 has 60 seconds left.\n|\n|t:|1776138706\n|teamsize|p1|4\n|teamsize|p2|4\n|start\n|switch|p1a: Kingambit|Kingambit, L50, M|100/100\n|switch|p1b: Slowking|Slowking-Galar, L50, F|100/100\n|switch|p2a: Froslass|Froslass, L50, F|100/100\n|switch|p2b: Sneasler|Sneasler, L50, F|100/100\n|-ability|p2b: Sneasler|Pressure\n|turn|1\n|inactive|vegemite360 has 30 seconds left.\n|inactive|vegemite360 has 20 seconds left.\n|\n|t:|1776138743\n|detailschange|p2a: Froslass|Froslass-Mega, L50, F\n|-mega|p2a: Froslass|Froslass|Froslassite\n|-weather|Snowscape|[from] ability: Snow Warning|[of] p2a: Froslass\n|move|p2b: Sneasler|Fake Out|p1a: Kingambit\n|-resisted|p1a: Kingambit|1\n|-damage|p1a: Kingambit|95/100\n|move|p2a: Froslass|Aurora Veil|p2a: Froslass\n|-sidestart|p2: Adomince|move: Aurora Veil\n|cant|p1a: Kingambit|flinch\n|move|p1b: Slowking|Trick Room|p1b: Slowking\n|-fieldstart|move: Trick Room|[of] p1b: Slowking\n|\n|-weather|Snowscape|[upkeep]\n|upkeep\n|turn|2\n|inactive|vegemite360 has 30 seconds left.\n|inactive|vegemite360 has 20 seconds left.\n|\n|t:|1776138780\n|switch|p2b: Kingambit|Kingambit, L50, M|100/100\n|move|p1b: Slowking|Sludge Bomb|p2b: Kingambit\n|-immune|p2b: Kingambit\n|move|p1a: Kingambit|Kowtow Cleave|p2a: Froslass\n|-supereffective|p2a: Froslass|1\n|-damage|p2a: Froslass|28/100\n|move|p2a: Froslass|Blizzard|p1b: Slowking|[spread] p1a,p1b\n|-resisted|p1a: Kingambit|1\n|-damage|p1a: Kingambit|71/100\n|-damage|p1b: Slowking|63/100\n|\n|-weather|Snowscape|[upkeep]\n|upkeep\n|turn|3\n|inactive|Adomince has 30 seconds left.\n|\n|t:|1776138806\n|switch|p2a: Sneasler|Sneasler, L50, F|100/100\n|-ability|p2a: Sneasler|Pressure\n|move|p2b: Kingambit|Sucker Punch|p1b: Slowking\n|-supereffective|p1b: Slowking|1\n|-damage|p1b: Slowking|0 fnt\n|faint|p1b: Slowking\n|move|p1a: Kingambit|Kowtow Cleave|p2a: Sneasler\n|-resisted|p2a: Sneasler|1\n|-damage|p2a: Sneasler|67/100\n|\n|-weather|Snowscape|[upkeep]\n|upkeep\n|\n|t:|1776138817\n|switch|p1b: Crabominable|Crabominable, L50, M|100/100\n|turn|4\n|\n|t:|1776138835\n|move|p1b: Crabominable|Protect|p1b: Crabominable\n|-singleturn|p1b: Crabominable|Protect\n|move|p2a: Sneasler|Fake Out|p1a: Kingambit\n|-resisted|p1a: Kingambit|1\n|-damage|p1a: Kingambit|66/100\n|cant|p1a: Kingambit|flinch\n|move|p2b: Kingambit|Iron Head|p1b: Crabominable\n|-activate|p1b: Crabominable|move: Protect\n|\n|-weather|Snowscape|[upkeep]\n|upkeep\n|turn|5\n|\n|t:|1776138860\n|detailschange|p1b: Crabominable|Crabominable-Mega, L50, M\n|-mega|p1b: Crabominable|Crabominable|Crabominite\n|move|p2b: Kingambit|Protect|p2b: Kingambit\n|-singleturn|p2b: Kingambit|Protect\n|move|p1b: Crabominable|Ice Hammer|p2a: Sneasler\n|-damage|p2a: Sneasler|0 fnt\n|-unboost|p1b: Crabominable|spe|1\n|faint|p2a: Sneasler\n|move|p1a: Kingambit|Iron Head|p2b: Kingambit\n|-activate|p2b: Kingambit|move: Protect\n|\n|-weather|none\n|-sideend|p2: Adomince|move: Aurora Veil\n|-fieldend|move: Trick Room\n|upkeep\n|\n|t:|1776138876\n|switch|p2a: Froslass|Froslass-Mega, L50, F|28/100\n|-weather|Snowscape|[from] ability: Snow Warning|[of] p2a: Froslass\n|turn|6\n|\n|t:|1776138898\n|switch|p2a: Whimsicott|Whimsicott, L50, M|100/100\n|move|p1b: Crabominable|Mach Punch|p2b: Kingambit\n|-supereffective|p2b: Kingambit|2\n|-crit|p2b: Kingambit\n|-damage|p2b: Kingambit|0 fnt\n|faint|p2b: Kingambit\n|move|p1a: Kingambit|Kowtow Cleave|p2a: Whimsicott\n|-resisted|p2a: Whimsicott|1\n|-damage|p2a: Whimsicott|65/100\n|\n|-weather|Snowscape|[upkeep]\n|upkeep\n|\n|t:|1776138909\n|switch|p2b: Froslass|Froslass-Mega, L50, F|28/100\n|turn|7\n|\n|t:|1776138925\n|move|p2b: Froslass|Protect|p2b: Froslass\n|-singleturn|p2b: Froslass|Protect\n|move|p2a: Whimsicott|Moonblast|p1b: Crabominable\n|-supereffective|p1b: Crabominable|1\n|-damage|p1b: Crabominable|36/100\n|move|p1a: Kingambit|Iron Head|p2b: Froslass\n|-activate|p2b: Froslass|move: Protect\n|move|p1b: Crabominable|Ice Hammer|p2a: Whimsicott\n|-supereffective|p2a: Whimsicott|1\n|-damage|p2a: Whimsicott|0 fnt\n|-unboost|p1b: Crabominable|spe|1\n|faint|p2a: Whimsicott\n|\n|-weather|Snowscape|[upkeep]\n|upkeep\n|turn|8\n|\n|t:|1776138941\n|move|p1a: Kingambit|Sucker Punch|p2b: Froslass\n|-supereffective|p2b: Froslass|1\n|-damage|p2b: Froslass|0 fnt\n|faint|p2b: Froslass\n|\n|win|vegemite360\n|raw|vegemite360's rating: 1198 &rarr; <strong>1218</strong><br />(+20 for winning)\n|raw|Adomince's rating: 1125 &rarr; <strong>1105</strong><br />(-20 for losing)\n",
  "uploadtime": 1776138943,
  "views": 19,
  "formatid": "gen9championsvgc2026regma",
  "rating": 1105,
  "private": 0,
  "password": null
}