{
  "id": "gen9championsvgc2026regma-2588645917",
  "format": "[Gen 9 Champions] VGC 2026 Reg M-A",
  "players": [
    "INCENEDORUS",
    "rentorar_lvl50"
  ],
  "log": "|j|\u2606INCENEDORUS\n|j|\u2606rentorar_lvl50\n|t:|1776653378\n|gametype|doubles\n|player|p1|INCENEDORUS|gambler|1317\n|player|p2|rentorar_lvl50|volkner|1352\n|gen|9\n|tier|[Gen 9 Champions] VGC 2026 Reg M-A\n|rated|\n|rule|Species Clause: Limit one of each Pok\u00e9mon\n|rule|Item Clause: Limit 1 of each item\n|clearpoke\n|poke|p1|Aerodactyl, L50, F|\n|poke|p1|Volcarona, L50, M|\n|poke|p1|Incineroar, L50, F|\n|poke|p1|Archaludon, L50, F|\n|poke|p1|Charizard, L50, F|\n|poke|p1|Venusaur, L50, F|\n|poke|p2|Meganium, L50, F|\n|poke|p2|Incineroar, L50, F|\n|poke|p2|Garchomp, L50, M|\n|poke|p2|Rotom-Wash, L50|\n|poke|p2|Sneasler, L50, F|\n|poke|p2|Ninetales-Alola, L50, M|\n|teampreview|4\n|inactive|Battle timer is ON: inactive players will automatically lose when time's up. (requested by rentorar_lvl50)\n|\n|t:|1776653398\n|teamsize|p1|4\n|teamsize|p2|4\n|start\n|switch|p1a: Volcarona|Volcarona, L50, M|100/100\n|switch|p1b: Incineroar|Incineroar, L50, F|100/100\n|switch|p2a: Garchomp|Garchomp, L50, M|100/100\n|switch|p2b: Sneasler|Sneasler, L50, F|100/100\n|-ability|p1b: Incineroar|Intimidate|boost\n|-unboost|p2a: Garchomp|atk|1\n|-unboost|p2b: Sneasler|atk|1\n|-enditem|p2b: Sneasler|White Herb\n|-clearnegativeboost|p2b: Sneasler|[silent]\n|turn|1\n|\n|t:|1776653423\n|move|p2b: Sneasler|Fake Out|p1b: Incineroar\n|-damage|p1b: Incineroar|89/100\n|cant|p1b: Incineroar|flinch\n|move|p2a: Garchomp|Rock Slide|p1a: Volcarona|[spread] p1b\n|-miss|p2a: Garchomp|p1a: Volcarona\n|-supereffective|p1b: Incineroar|1\n|-damage|p1b: Incineroar|69/100\n|move|p1a: Volcarona|Heat Wave|p2a: Garchomp|[spread] p2a,p2b\n|-resisted|p2a: Garchomp|1\n|-damage|p2a: Garchomp|83/100\n|-damage|p2b: Sneasler|55/100\n|\n|upkeep\n|turn|2\n|\n|t:|1776653443\n|switch|p1a: Archaludon|Archaludon, L50, F|100/100\n|move|p2b: Sneasler|Close Combat|p1b: Incineroar\n|-supereffective|p1b: Incineroar|1\n|-crit|p1b: Incineroar\n|-damage|p1b: Incineroar|0 fnt\n|-unboost|p2b: Sneasler|def|1\n|-unboost|p2b: Sneasler|spd|1\n|faint|p1b: Incineroar\n|move|p2a: Garchomp|Rock Slide|p1a: Archaludon\n|-resisted|p1a: Archaludon|1\n|-damage|p1a: Archaludon|93/100\n|\n|upkeep\n|\n|t:|1776653460\n|switch|p1b: Aerodactyl|Aerodactyl, L50, F|100/100\n|turn|3\n|inactive|INCENEDORUS has 30 seconds left.\n|\n|t:|1776653494\n|switch|p2b: Rotom|Rotom-Wash, L50|100/100\n|switch|p1a: Volcarona|Volcarona, L50, M|100/100\n|detailschange|p1b: Aerodactyl|Aerodactyl-Mega, L50, F\n|-mega|p1b: Aerodactyl|Aerodactyl|Aerodactylite\n|move|p1b: Aerodactyl|Tailwind|p1b: Aerodactyl\n|-sidestart|p1: INCENEDORUS|move: Tailwind\n|move|p2a: Garchomp|Earthquake|p1b: Aerodactyl|[spread] p1a\n|-immune|p2b: Rotom|[from] ability: Levitate\n|-immune|p1b: Aerodactyl\n|-crit|p1a: Volcarona\n|-damage|p1a: Volcarona|41/100\n|\n|-heal|p1a: Volcarona|47/100|[from] item: Leftovers\n|upkeep\n|turn|4\n|\n|t:|1776653514\n|move|p1b: Aerodactyl|Protect|p1b: Aerodactyl\n|-singleturn|p1b: Aerodactyl|Protect\n|move|p1a: Volcarona|Giga Drain|p2b: Rotom\n|-supereffective|p2b: Rotom|1\n|-damage|p2b: Rotom|49/100\n|-heal|p1a: Volcarona|66/100|[from] drain|[of] p2b: Rotom\n|move|p2b: Rotom|Electroweb|p1b: Aerodactyl|[spread] p1a\n|-activate|p1b: Aerodactyl|move: Protect\n|-damage|p1a: Volcarona|47/100\n|-unboost|p1a: Volcarona|spe|1\n|move|p2a: Garchomp|Rock Slide|p1b: Aerodactyl|[spread] p1a\n|-activate|p1b: Aerodactyl|move: Protect\n|-supereffective|p1a: Volcarona|2\n|-damage|p1a: Volcarona|0 fnt\n|faint|p1a: Volcarona\n|\n|upkeep\n|\n|t:|1776653527\n|switch|p1a: Archaludon|Archaludon, L50, F|93/100\n|turn|5\n|\n|t:|1776653540\n|move|p1a: Archaludon|Dragon Pulse|p2a: Garchomp\n|-supereffective|p2a: Garchomp|1\n|-damage|p2a: Garchomp|0 fnt\n|faint|p2a: Garchomp\n|move|p1b: Aerodactyl|Rock Blast|p2b: Rotom\n|-damage|p2b: Rotom|32/100\n|-damage|p2b: Rotom|15/100\n|-hitcount|p2b: Rotom|2\n|move|p2b: Rotom|Electroweb|p1b: Aerodactyl|[spread] p1a,p1b\n|-resisted|p1a: Archaludon|1\n|-supereffective|p1b: Aerodactyl|1\n|-damage|p1a: Archaludon|78/100\n|-damage|p1b: Aerodactyl|50/100\n|-unboost|p1a: Archaludon|spe|1\n|-unboost|p1b: Aerodactyl|spe|1\n|\n|upkeep\n|\n|t:|1776653544\n|switch|p2a: Ninetales|Ninetales-Alola, L50, M|100/100\n|-weather|Snowscape|[from] ability: Snow Warning|[of] p2a: Ninetales\n|turn|6\n|\n|t:|1776653553\n|move|p1a: Archaludon|Dragon Pulse|p2b: Rotom\n|-damage|p2b: Rotom|0 fnt\n|faint|p2b: Rotom\n|move|p1b: Aerodactyl|Rock Blast|p2a: Ninetales\n|-supereffective|p2a: Ninetales|1\n|-damage|p2a: Ninetales|80/100\n|-supereffective|p2a: Ninetales|1\n|-damage|p2a: Ninetales|60/100\n|-supereffective|p2a: Ninetales|1\n|-damage|p2a: Ninetales|39/100\n|-hitcount|p2a: Ninetales|3\n|move|p2a: Ninetales|Aurora Veil|p2a: Ninetales\n|-sidestart|p2: rentorar_lvl50|move: Aurora Veil\n|\n|-weather|Snowscape|[upkeep]\n|-sideend|p1: INCENEDORUS|move: Tailwind\n|upkeep\n|\n|t:|1776653556\n|switch|p2b: Sneasler|Sneasler, L50, F|55/100\n|turn|7\n|\n|t:|1776653576\n|move|p1b: Aerodactyl|Protect|p1b: Aerodactyl\n|-singleturn|p1b: Aerodactyl|Protect\n|move|p2b: Sneasler|Fake Out|p1b: Aerodactyl\n|-activate|p1b: Aerodactyl|move: Protect\n|move|p1a: Archaludon|Dragon Pulse|p2b: Sneasler\n|-damage|p2b: Sneasler|15/100\n|move|p2a: Ninetales|Blizzard|p1a: Archaludon|[spread] p1a\n|-activate|p1b: Aerodactyl|move: Protect\n|-damage|p1a: Archaludon|18/100\n|\n|-weather|Snowscape|[upkeep]\n|upkeep\n|turn|8\n|\n|t:|1776653596\n|move|p2b: Sneasler|Close Combat|p1b: Aerodactyl\n|-damage|p1b: Aerodactyl|0 fnt\n|-unboost|p2b: Sneasler|def|1\n|-unboost|p2b: Sneasler|spd|1\n|faint|p1b: Aerodactyl\n|move|p1a: Archaludon|Dragon Pulse|p2b: Sneasler\n|-damage|p2b: Sneasler|0 fnt\n|faint|p2b: Sneasler\n|move|p2a: Ninetales|Blizzard|p1a: Archaludon\n|-damage|p1a: Archaludon|0 fnt\n|faint|p1a: Archaludon\n|\n|win|rentorar_lvl50\n|raw|INCENEDORUS's rating: 1317 &rarr; <strong>1299</strong><br />(-18 for losing)\n|raw|rentorar_lvl50's rating: 1352 &rarr; <strong>1370</strong><br />(+18 for winning)\n|l|\u2606INCENEDORUS\n|player|p1|\n",
  "uploadtime": 1776653618,
  "views": 6,
  "formatid": "gen9championsvgc2026regma",
  "rating": 1299,
  "private": 0,
  "password": null
}