{
  "id": "gen9championsvgc2026regma-2583495628",
  "format": "[Gen 9 Champions] VGC 2026 Reg M-A",
  "players": [
    "Aigashu-15",
    "PalWorldMoney"
  ],
  "log": "|j|\u2606Aigashu-15\n|j|\u2606PalWorldMoney\n|t:|1776179299\n|gametype|doubles\n|player|p1|Aigashu-15|170|1000\n|player|p2|PalWorldMoney|101|1001\n|gen|9\n|tier|[Gen 9 Champions] VGC 2026 Reg M-A\n|rated|\n|rule|Species Clause: Limit one of each Pok\u00e9mon\n|rule|Item Clause: Limit 1 of each item\n|clearpoke\n|poke|p1|Milotic, L50, M|\n|poke|p1|Ampharos, L50, F|\n|poke|p1|Sinistcha, L50|\n|poke|p1|Arcanine, L50, F|\n|poke|p1|Tyranitar, L50, M|\n|poke|p1|Corviknight, L50, M|\n|poke|p2|Charizard, L50, F|\n|poke|p2|Leafeon, L50, F|\n|poke|p2|Milotic, L50, M|\n|poke|p2|Gengar, L50, F|\n|poke|p2|Whimsicott, L50, F|\n|poke|p2|Sneasler, L50, F|\n|teampreview|4\nAigashu-15 has agreed to open team sheets.\n|\n|t:|1776179335\n|teamsize|p1|4\n|teamsize|p2|4\n|start\n|switch|p1a: Tyranitar|Tyranitar, L50, M|100/100\n|switch|p1b: Milotic|Milotic, L50, M|100/100\n|switch|p2a: Whimsicott|Whimsicott, L50, F|100/100\n|switch|p2b: Leafeon|Leafeon, L50, F|100/100\n|-weather|Sandstorm|[from] ability: Sand Stream|[of] p1a: Tyranitar\n|turn|1\n|\n|t:|1776179381\n|switch|p1a: Arcanine|Arcanine, L50, F|100/100\n|-ability|p1a: Arcanine|Intimidate|boost\n|-unboost|p2a: Whimsicott|atk|1\n|-unboost|p2b: Leafeon|atk|1\n|move|p2a: Whimsicott|Sunny Day|p2a: Whimsicott\n|-weather|SunnyDay\n|move|p2b: Leafeon|Leaf Blade|p1a: Arcanine\n|-resisted|p1a: Arcanine|1\n|-damage|p1a: Arcanine|87/100\n|move|p1b: Milotic|Ice Beam|p2b: Leafeon\n|-supereffective|p2b: Leafeon|1\n|-damage|p2b: Leafeon|31/100\n|\n|-weather|SunnyDay|[upkeep]\n|-heal|p1a: Arcanine|93/100|[from] item: Leftovers\n|upkeep\n|turn|2\n|\n|t:|1776179424\n|move|p1b: Milotic|Protect|p1b: Milotic\n|-singleturn|p1b: Milotic|Protect\n|move|p2a: Whimsicott|Tailwind|p2a: Whimsicott\n|-sidestart|p2: PalWorldMoney|move: Tailwind\n|move|p2b: Leafeon|Knock Off|p1b: Milotic\n|-activate|p1b: Milotic|move: Protect\n|move|p1a: Arcanine|Flare Blitz|p2a: Whimsicott\n|-supereffective|p2a: Whimsicott|1\n|-enditem|p2a: Whimsicott|Focus Sash\n|-damage|p2a: Whimsicott|1/100\n|-damage|p1a: Arcanine|66/100|[from] Recoil\n|\n|-weather|SunnyDay|[upkeep]\n|-heal|p1a: Arcanine|72/100|[from] item: Leftovers\n|upkeep\n|turn|3\n|\n|t:|1776179439\n|move|p2a: Whimsicott|Encore|p1b: Milotic\n|-start|p1b: Milotic|Encore\n|move|p1b: Milotic|Protect||[still]\n|-fail|p1b: Milotic\n|move|p2b: Leafeon|Knock Off|p1a: Arcanine\n|-damage|p1a: Arcanine|52/100\n|-enditem|p1a: Arcanine|Leftovers|[from] move: Knock Off|[of] p2b: Leafeon\n|move|p1a: Arcanine|Snarl|p2a: Whimsicott|[spread] p2a,p2b\n|-resisted|p2a: Whimsicott|1\n|-damage|p2a: Whimsicott|0 fnt\n|-damage|p2b: Leafeon|17/100\n|-unboost|p2b: Leafeon|spa|1\n|faint|p2a: Whimsicott\n|\n|-weather|SunnyDay|[upkeep]\n|upkeep\n|\n|t:|1776179456\n|switch|p2a: Sneasler|Sneasler, L50, F|100/100\n|turn|4\n|\n|t:|1776179463\n|switch|p2b: Charizard|Charizard, L50, F|100/100\n|switch|p1b: Sinistcha|Sinistcha, L50|100/100\n|-heal|p1a: Arcanine|77/100|[from] ability: Hospitality|[of] p1b: Sinistcha\n|move|p1a: Arcanine|Protect|p1a: Arcanine\n|-singleturn|p1a: Arcanine|Protect\n|move|p2a: Sneasler|Close Combat|p1a: Arcanine\n|-activate|p1a: Arcanine|move: Protect\n|\n|-weather|SunnyDay|[upkeep]\n|-damage|p2b: Charizard|88/100|[from] ability: Solar Power|[of] p2b: Charizard\n|upkeep\n|turn|5\n|\n|t:|1776179489\n|switch|p1b: Tyranitar|Tyranitar, L50, M|100/100\n|-weather|Sandstorm|[from] ability: Sand Stream|[of] p1b: Tyranitar\n|detailschange|p2b: Charizard|Charizard-Mega-X, L50, F\n|-mega|p2b: Charizard|Charizard|Charizardite X\n|move|p2a: Sneasler|Close Combat|p1a: Arcanine\n|-damage|p1a: Arcanine|6/100\n|-unboost|p2a: Sneasler|def|1\n|-unboost|p2a: Sneasler|spd|1\n|-enditem|p2a: Sneasler|White Herb\n|-clearnegativeboost|p2a: Sneasler|[silent]\n|move|p2b: Charizard|Dragon Dance|p2b: Charizard\n|-boost|p2b: Charizard|atk|1\n|-boost|p2b: Charizard|spe|1\n|move|p1a: Arcanine|Will-O-Wisp|p2a: Sneasler\n|-status|p2a: Sneasler|brn\n|\n|-weather|Sandstorm|[upkeep]\n|-damage|p2a: Sneasler|95/100 brn|[from] Sandstorm\n|-damage|p2b: Charizard|82/100|[from] Sandstorm\n|-damage|p1a: Arcanine|0 fnt|[from] Sandstorm\n|faint|p1a: Arcanine\n|-damage|p2a: Sneasler|89/100 brn|[from] brn\n|-sideend|p2: PalWorldMoney|move: Tailwind\n|upkeep\n|\n|t:|1776179509\n|switch|p1a: Milotic|Milotic, L50, M|100/100\n|turn|6\n|\n|t:|1776179526\n|move|p1b: Tyranitar|Protect|p1b: Tyranitar\n|-singleturn|p1b: Tyranitar|Protect\n|move|p2a: Sneasler|Close Combat|p1b: Tyranitar\n|-activate|p1b: Tyranitar|move: Protect\n|move|p2b: Charizard|Dragon Claw|p1b: Tyranitar\n|-activate|p1b: Tyranitar|move: Protect\n|move|p1a: Milotic|Weather Ball|p2b: Charizard\n|-supereffective|p2b: Charizard|1\n|-damage|p2b: Charizard|31/100\n|\n|-weather|Sandstorm|[upkeep]\n|-damage|p2a: Sneasler|83/100 brn|[from] Sandstorm\n|-damage|p2b: Charizard|25/100|[from] Sandstorm\n|-damage|p1a: Milotic|95/100|[from] Sandstorm\n|-damage|p2a: Sneasler|78/100 brn|[from] brn\n|upkeep\n|turn|7\n|\n|t:|1776179546\n|switch|p1b: Sinistcha|Sinistcha, L50|100/100\n|-heal|p1a: Milotic|100/100|[from] ability: Hospitality|[of] p1b: Sinistcha\n|move|p2a: Sneasler|Close Combat|p1b: Sinistcha\n|-immune|p1b: Sinistcha\n|move|p2b: Charizard|Dragon Claw|p1a: Milotic\n|-damage|p1a: Milotic|36/100\n|move|p1a: Milotic|Weather Ball|p2b: Charizard\n|-supereffective|p2b: Charizard|1\n|-damage|p2b: Charizard|0 fnt\n|faint|p2b: Charizard\n|\n|-weather|Sandstorm|[upkeep]\n|-damage|p2a: Sneasler|72/100 brn|[from] Sandstorm\n|-damage|p1a: Milotic|30/100|[from] Sandstorm\n|-damage|p1b: Sinistcha|94/100|[from] Sandstorm\n|-damage|p2a: Sneasler|66/100 brn|[from] brn\n|upkeep\n|\n|t:|1776179552\n|switch|p2b: Leafeon|Leafeon, L50, F|17/100\n|turn|8\n|-message|PalWorldMoney forfeited.\n|\n|win|Aigashu-15\n|raw|Aigashu-15's rating: 1000 &rarr; <strong>1040</strong><br />(+40 for winning)\n|raw|PalWorldMoney's rating: 1001 &rarr; <strong>1000</strong><br />(-1 for losing)\n|l|\u2606PalWorldMoney\n|player|p2|\n",
  "uploadtime": 1776179563,
  "views": 19,
  "formatid": "gen9championsvgc2026regma",
  "rating": 1000,
  "private": 0,
  "password": null
}