{
  "id": "gen9championsvgc2026regma-2583539168",
  "format": "[Gen 9 Champions] VGC 2026 Reg M-A",
  "players": [
    "PixilmonRED",
    "torrmentor20"
  ],
  "log": "|j|\u2606PixilmonRED\n|j|\u2606torrmentor20\n|t:|1776182025\n|gametype|doubles\n|player|p1|PixilmonRED|169|1113\n|player|p2|torrmentor20|volo|1145\n|gen|9\n|tier|[Gen 9 Champions] VGC 2026 Reg M-A\n|rated|\n|rule|Species Clause: Limit one of each Pok\u00e9mon\n|rule|Item Clause: Limit 1 of each item\n|clearpoke\n|poke|p1|Tyranitar, L50, M|\n|poke|p1|Garchomp, L50, M|\n|poke|p1|Runerigus, L50, M|\n|poke|p1|Goodra-Hisui, L50, F|\n|poke|p1|Excadrill, L50, M|\n|poke|p1|Farigiraf, L50, F|\n|poke|p2|Blastoise, L50, F|\n|poke|p2|Whimsicott, L50, M|\n|poke|p2|Kingambit, L50, M|\n|poke|p2|Sinistcha, L50|\n|poke|p2|Pelipper, L50, F|\n|poke|p2|Dragonite, L50, M|\n|teampreview|4\n|inactive|Battle timer is ON: inactive players will automatically lose when time's up. (requested by PixilmonRED)\nPixilmonRED has agreed to open team sheets.\n|\n|t:|1776182061\n|teamsize|p1|4\n|teamsize|p2|4\n|start\n|switch|p1a: Farigiraf|Farigiraf, L50, F|100/100\n|switch|p1b: Garchomp|Garchomp, L50, M|100/100\n|switch|p2a: Blastoise|Blastoise, L50, F|100/100\n|switch|p2b: Sinistcha|Sinistcha, L50|100/100\n|turn|1\n|\n|t:|1776182083\n|detailschange|p2a: Blastoise|Blastoise-Mega, L50, F\n|-mega|p2a: Blastoise|Blastoise|Blastoisinite\n|move|p1b: Garchomp|Poison Jab|p2b: Sinistcha\n|-damage|p2b: Sinistcha|75/100\n|move|p2a: Blastoise|Dragon Pulse|p1b: Garchomp|[miss]\n|-miss|p2a: Blastoise|p1b: Garchomp\n|move|p2b: Sinistcha|Matcha Gotcha|p1b: Garchomp|[spread] p1a\n|-miss|p2b: Sinistcha|p1b: Garchomp\n|-damage|p1a: Farigiraf|78/100\n|-heal|p2b: Sinistcha|90/100|[from] drain|[of] p1a: Farigiraf\n|move|p1a: Farigiraf|Dazzling Gleam|p2a: Blastoise|[spread] p2a,p2b\n|-damage|p2a: Blastoise|87/100\n|-damage|p2b: Sinistcha|75/100\n|\n|-heal|p2b: Sinistcha|81/100|[from] item: Leftovers\n|upkeep\n|turn|2\n|inactive|torrmentor20 has 30 seconds left.\n|inactive|torrmentor20 has 20 seconds left.\n|inactive|torrmentor20 has 15 seconds left.\n|\n|t:|1776182126\n|move|p1b: Garchomp|Dragon Claw|p2a: Blastoise\n|-damage|p2a: Blastoise|52/100\n|move|p2a: Blastoise|Dark Pulse|p1a: Farigiraf\n|-supereffective|p1a: Farigiraf|1\n|-damage|p1a: Farigiraf|0 fnt\n|faint|p1a: Farigiraf\n|move|p2b: Sinistcha|Trick Room|p2b: Sinistcha\n|-fieldstart|move: Trick Room|[of] p2b: Sinistcha\n|\n|-heal|p2b: Sinistcha|88/100|[from] item: Leftovers\n|upkeep\n|\n|t:|1776182141\n|switch|p1a: Tyranitar|Tyranitar, L50, M, shiny|100/100\n|-weather|Sandstorm|[from] ability: Sand Stream|[of] p1a: Tyranitar\n|turn|3\n|\n|t:|1776182153\n|switch|p2b: Pelipper|Pelipper, L50, F|100/100\n|-weather|RainDance|[from] ability: Drizzle|[of] p2b: Pelipper\n|detailschange|p1a: Tyranitar|Tyranitar-Mega, L50, M, shiny\n|-mega|p1a: Tyranitar|Tyranitar|Tyranitarite\n|-weather|Sandstorm|[from] ability: Sand Stream|[of] p1a: Tyranitar\n|move|p1a: Tyranitar|Crunch|p2a: Blastoise\n|-damage|p2a: Blastoise|8/100\n|move|p2a: Blastoise|Surf|p1b: Garchomp|[spread] p2b,p1a,p1b\n|-resisted|p2b: Pelipper|1\n|-supereffective|p1a: Tyranitar|1\n|-damage|p2b: Pelipper|74/100\n|-damage|p1a: Tyranitar|65/100\n|-damage|p1b: Garchomp|55/100\n|move|p1b: Garchomp|Dragon Claw|p2b: Pelipper\n|-damage|p2b: Pelipper|27/100\n|\n|-weather|Sandstorm|[upkeep]\n|-damage|p2a: Blastoise|2/100|[from] Sandstorm\n|-damage|p2b: Pelipper|21/100|[from] Sandstorm\n|upkeep\n|turn|4\n|inactive|torrmentor20 has 30 seconds left.\n|inactive|torrmentor20 has 20 seconds left.\n|inactive|torrmentor20 has 15 seconds left.\n|\n|t:|1776182197\n|switch|p2a: Kingambit|Kingambit, L50, M|100/100\n|switch|p2b: Sinistcha|Sinistcha, L50|88/100\n|move|p1a: Tyranitar|Rock Slide|p2b: Sinistcha|[spread] p2a,p2b\n|-resisted|p2a: Kingambit|1\n|-damage|p2a: Kingambit|87/100\n|-damage|p2b: Sinistcha|48/100\n|move|p1b: Garchomp|Dragon Claw|p2a: Kingambit\n|-resisted|p2a: Kingambit|1\n|-damage|p2a: Kingambit|73/100\n|\n|-weather|Sandstorm|[upkeep]\n|-damage|p2b: Sinistcha|42/100|[from] Sandstorm\n|-heal|p2b: Sinistcha|48/100|[from] item: Leftovers\n|upkeep\n|turn|5\n|inactive|torrmentor20 has 30 seconds left.\n|inactive|torrmentor20 has 20 seconds left.\n|inactive|torrmentor20 has 15 seconds left.\n|inactive|torrmentor20 has 10 seconds left.\n|inactive|torrmentor20 has 5 seconds left.\n|\n|t:|1776182252\n|move|p1a: Tyranitar|Protect|p1a: Tyranitar\n|-singleturn|p1a: Tyranitar|Protect\n|move|p2b: Sinistcha|Rage Powder|p2b: Sinistcha\n|-singleturn|p2b: Sinistcha|move: Rage Powder\n|move|p2a: Kingambit|Sucker Punch||[still]\n|-fail|p2a: Kingambit\n|move|p1b: Garchomp|Earthquake|p2b: Sinistcha|[spread] p2a,p2b\n|-activate|p1a: Tyranitar|move: Protect\n|-supereffective|p2a: Kingambit|1\n|-resisted|p2b: Sinistcha|1\n|-damage|p2a: Kingambit|14/100\n|-damage|p2b: Sinistcha|31/100\n|\n|-weather|Sandstorm|[upkeep]\n|-damage|p2b: Sinistcha|25/100|[from] Sandstorm\n|-heal|p2b: Sinistcha|31/100|[from] item: Leftovers\n|upkeep\n|turn|6\n|inactive|torrmentor20 has 30 seconds left.\n|inactive|torrmentor20 has 20 seconds left.\n|inactive|torrmentor20 has 15 seconds left.\n|inactive|torrmentor20 has 10 seconds left.\n|inactive|torrmentor20 has 5 seconds left.\n|\n|t:|1776182307\n|move|p2b: Sinistcha|Rage Powder|p2b: Sinistcha\n|-singleturn|p2b: Sinistcha|move: Rage Powder\n|move|p2a: Kingambit|Sucker Punch|p1b: Garchomp|[miss]\n|-miss|p2a: Kingambit|p1b: Garchomp\n|move|p1a: Tyranitar|Rock Slide|p2a: Kingambit|[spread] p2a,p2b\n|-resisted|p2a: Kingambit|1\n|-crit|p2b: Sinistcha\n|-damage|p2a: Kingambit|0 fnt\n|-damage|p2b: Sinistcha|0 fnt\n|faint|p2a: Kingambit\n|-end|p2a: Kingambit|fallenundefined|[silent]\n|faint|p2b: Sinistcha\n|move|p1b: Garchomp|Dragon Claw|p2: Kingambit|[notarget]\n|-fail|p1b: Garchomp\n|\n|-weather|Sandstorm|[upkeep]\n|-fieldend|move: Trick Room\n|upkeep\n|c|\u2606PixilmonRED|Gg I thiji\n|\n|t:|1776182325\n|switch|p2b: Pelipper|Pelipper, L50, F|21/100\n|switch|p2a: Blastoise|Blastoise-Mega, L50, F|2/100\n|-weather|RainDance|[from] ability: Drizzle|[of] p2b: Pelipper\n|turn|7\n|\n|t:|1776182333\n|move|p2b: Pelipper|Wide Guard|p2b: Pelipper\n|-singleturn|p2b: Pelipper|Wide Guard\n|move|p1b: Garchomp|Dragon Claw|p2a: Blastoise\n|-damage|p2a: Blastoise|0 fnt\n|faint|p2a: Blastoise\n|move|p1a: Tyranitar|Rock Slide|p2b: Pelipper\n|-activate|p2b: Pelipper|move: Wide Guard\n|\n|-weather|RainDance|[upkeep]\n|upkeep\n|turn|8\n|c|\u2606PixilmonRED|Gg\n|inactive|torrmentor20 has 30 seconds left.\n|inactive|torrmentor20 has 20 seconds left.\n|inactive|torrmentor20 has 15 seconds left.\n|inactive|torrmentor20 has 10 seconds left.\n|inactive|torrmentor20 has 5 seconds left.\n|\n|t:|1776182388\n|move|p1b: Garchomp|Dragon Claw|p2b: Pelipper\n|-damage|p2b: Pelipper|0 fnt\n|faint|p2b: Pelipper\n|\n|win|PixilmonRED\n|raw|PixilmonRED's rating: 1113 &rarr; <strong>1140</strong><br />(+27 for winning)\n|raw|torrmentor20's rating: 1145 &rarr; <strong>1118</strong><br />(-27 for losing)\n|l|\u2606torrmentor20\n|player|p2|\n|c|\u2606PixilmonRED|Gg\n",
  "uploadtime": 1776182396,
  "views": 32,
  "formatid": "gen9championsvgc2026regma",
  "rating": 1118,
  "private": 0,
  "password": null
}