{
  "id": "gen9championsvgc2026regma-2587084233",
  "format": "[Gen 9 Champions] VGC 2026 Reg M-A",
  "players": [
    "laksh18k",
    "joymaxxing"
  ],
  "log": "|j|\u2606laksh18k\n|j|\u2606joymaxxing\n|t:|1776491191\n|gametype|doubles\n|player|p1|laksh18k|lucas|1358\n|player|p2|joymaxxing|elesa|1440\n|gen|9\n|tier|[Gen 9 Champions] VGC 2026 Reg M-A\n|rated|\n|rule|Species Clause: Limit one of each Pok\u00e9mon\n|rule|Item Clause: Limit 1 of each item\n|clearpoke\n|poke|p1|Charizard, L50, M, shiny|\n|poke|p1|Venusaur, L50, F|\n|poke|p1|Garchomp, L50, M|\n|poke|p1|Rotom-Wash, L50|\n|poke|p1|Sneasler, L50, F|\n|poke|p1|Incineroar, L50, F, shiny|\n|poke|p2|Scovillain, L50, M, shiny|\n|poke|p2|Incineroar, L50, M, shiny|\n|poke|p2|Milotic, L50, F|\n|poke|p2|Sylveon, L50, F|\n|poke|p2|Farigiraf, L50, M, shiny|\n|poke|p2|Aegislash, L50, F|\n|teampreview|4\n|inactive|Battle timer is ON: inactive players will automatically lose when time's up. (requested by laksh18k)\n|inactive|laksh18k has 60 seconds left.\n|inactive|joymaxxing has 60 seconds left.\n|inactive|laksh18k has 30 seconds left.\n|\n|t:|1776491255\n|teamsize|p1|4\n|teamsize|p2|4\n|start\n|switch|p1a: Sneasler|Sneasler, L50, F|100/100\n|switch|p1b: Venusaur|Venusaur, L50, F|100/100\n|switch|p2a: Incineroar|Incineroar, L50, M, shiny|100/100\n|switch|p2b: Farigiraf|Farigiraf, L50, M, shiny|100/100\n|-ability|p2a: Incineroar|Intimidate|boost\n|-unboost|p1a: Sneasler|atk|1\n|-unboost|p1b: Venusaur|atk|1\n|-enditem|p1a: Sneasler|White Herb\n|-clearnegativeboost|p1a: Sneasler|[silent]\n|turn|1\n|\n|t:|1776491275\n|move|p2a: Incineroar|Fake Out|p1a: Sneasler\n|-damage|p1a: Sneasler|84/100\n|cant|p1a: Sneasler|flinch\n|move|p1b: Venusaur|Sleep Powder|p2b: Farigiraf|[miss]\n|-miss|p1b: Venusaur|p2b: Farigiraf\n|move|p2b: Farigiraf|Trick Room|p2b: Farigiraf\n|-fieldstart|move: Trick Room|[of] p2b: Farigiraf\n|\n|upkeep\n|turn|2\n|\n|t:|1776491295\n|switch|p1a: Incineroar|Incineroar, L50, F, shiny|100/100\n|-ability|p1a: Incineroar|Intimidate|boost\n|-unboost|p2a: Incineroar|atk|1\n|-unboost|p2b: Farigiraf|atk|1\n|move|p1b: Venusaur|Protect|p1b: Venusaur\n|-singleturn|p1b: Venusaur|Protect\n|move|p2a: Incineroar|Throat Chop|p1b: Venusaur\n|-activate|p1b: Venusaur|move: Protect\n|move|p2b: Farigiraf|Psychic|p1b: Venusaur\n|-activate|p1b: Venusaur|move: Protect\n|\n|upkeep\n|turn|3\n|inactive|laksh18k has 30 seconds left.\n|inactive|laksh18k has 20 seconds left.\n|\n|t:|1776491332\n|switch|p1b: Charizard|Charizard, L50, M, shiny|100/100\n|move|p1a: Incineroar|Parting Shot|p2a: Incineroar\n|-unboost|p2a: Incineroar|atk|1\n|-unboost|p2a: Incineroar|spa|1\n|\n|t:|1776491349\n|switch|p1a: Venusaur|Venusaur, L50, F|100/100|[from] Parting Shot\n|move|p2a: Incineroar|Parting Shot|p1a: Venusaur\n|-unboost|p1a: Venusaur|atk|1\n|-unboost|p1a: Venusaur|spa|1\n|\n|t:|1776491353\n|switch|p2a: Aegislash|Aegislash, L50, F|100/100|[from] Parting Shot\n|move|p2b: Farigiraf|Hyper Voice|p1a: Venusaur|[spread] p1a,p1b\n|-damage|p1a: Venusaur|58/100\n|-damage|p1b: Charizard|48/100\n|\n|upkeep\n|turn|4\n|\n|t:|1776491369\n|move|p1a: Venusaur|Protect|p1a: Venusaur\n|-singleturn|p1a: Venusaur|Protect\n|move|p1b: Charizard|Protect|p1b: Charizard\n|-singleturn|p1b: Charizard|Protect\n|move|p2b: Farigiraf|Psychic|p1a: Venusaur\n|-activate|p1a: Venusaur|move: Protect\n|-formechange|p2a: Aegislash|Aegislash-Blade|\n|move|p2a: Aegislash|Poltergeist|p1b: Charizard\n|-activate|p1b: Charizard|move: Protect\n|\n|upkeep\n|turn|5\n|inactive|laksh18k has 30 seconds left.\n|\n|t:|1776491395\n|switch|p1b: Incineroar|Incineroar, L50, F, shiny|100/100\n|-ability|p1b: Incineroar|Intimidate|boost\n|-unboost|p2a: Aegislash|atk|1\n|-unboost|p2b: Farigiraf|atk|1\n|move|p1a: Venusaur|Protect|p1a: Venusaur\n|-singleturn|p1a: Venusaur|Protect\n|move|p2b: Farigiraf|Hyper Voice|p1a: Venusaur|[spread] p1b\n|-activate|p1a: Venusaur|move: Protect\n|-damage|p1b: Incineroar|69/100\n|move|p2a: Aegislash|Sacred Sword|p1b: Incineroar\n|-supereffective|p1b: Incineroar|1\n|-damage|p1b: Incineroar|31/100\n|-enditem|p1b: Incineroar|Sitrus Berry|[eat]\n|-heal|p1b: Incineroar|55/100|[from] item: Sitrus Berry\n|\n|-fieldend|move: Trick Room\n|upkeep\n|turn|6\n|\n|t:|1776491418\n|switch|p2b: Incineroar|Incineroar, L50, M, shiny|100/100\n|-ability|p2b: Incineroar|Intimidate|boost\n|-unboost|p1a: Venusaur|atk|1\n|-unboost|p1b: Incineroar|atk|1\n|-formechange|p2a: Aegislash|Aegislash|\n|move|p2a: Aegislash|King's Shield|p2a: Aegislash\n|-singleturn|p2a: Aegislash|Protect\n|move|p1a: Venusaur|Sleep Powder|p2b: Incineroar|[miss]\n|-miss|p1a: Venusaur|p2b: Incineroar\n|move|p1b: Incineroar|Flare Blitz|p2b: Incineroar\n|-resisted|p2b: Incineroar|1\n|-damage|p2b: Incineroar|87/100\n|-damage|p1b: Incineroar|51/100|[from] Recoil\n|\n|upkeep\n|turn|7\n|\n|t:|1776491434\n|move|p2b: Incineroar|Fake Out|p1a: Venusaur\n|-damage|p1a: Venusaur|43/100\n|cant|p1a: Venusaur|flinch\n|-formechange|p2a: Aegislash|Aegislash-Blade|\n|move|p2a: Aegislash|Sacred Sword|p1b: Incineroar\n|-supereffective|p1b: Incineroar|1\n|-crit|p1b: Incineroar\n|-damage|p1b: Incineroar|0 fnt\n|faint|p1b: Incineroar\n|\n|upkeep\n|\n|t:|1776491443\n|switch|p1b: Charizard|Charizard, L50, M, shiny|48/100\n|turn|8\n|\n|t:|1776491450\n|detailschange|p1b: Charizard|Charizard-Mega-Y, L50, M, shiny\n|-mega|p1b: Charizard|Charizard|Charizardite Y\n|-weather|SunnyDay|[from] ability: Drought|[of] p1b: Charizard\n|-formechange|p2a: Aegislash|Aegislash|\n|move|p2a: Aegislash|King's Shield|p2a: Aegislash\n|-singleturn|p2a: Aegislash|Protect\n|move|p1a: Venusaur|Sleep Powder|p2b: Incineroar|[miss]\n|-miss|p1a: Venusaur|p2b: Incineroar\n|move|p1b: Charizard|Heat Wave|p2a: Aegislash|[spread] p2b\n|-activate|p2a: Aegislash|move: Protect\n|-resisted|p2b: Incineroar|1\n|-damage|p2b: Incineroar|64/100\n|move|p2b: Incineroar|Parting Shot|p1b: Charizard\n|-unboost|p1b: Charizard|atk|1\n|-unboost|p1b: Charizard|spa|1\n|\n|t:|1776491453\n|switch|p2b: Farigiraf|Farigiraf, L50, M, shiny|100/100|[from] Parting Shot\n|\n|-weather|SunnyDay|[upkeep]\n|upkeep\n|turn|9\n|\n|t:|1776491468\n|move|p2b: Farigiraf|Protect|p2b: Farigiraf\n|-singleturn|p2b: Farigiraf|Protect\n|-formechange|p2a: Aegislash|Aegislash-Blade|\n|move|p2a: Aegislash|Shadow Sneak|p1a: Venusaur\n|-damage|p1a: Venusaur|20/100\n|move|p1a: Venusaur|Sleep Powder|p2b: Farigiraf\n|-activate|p2b: Farigiraf|move: Protect\n|move|p1b: Charizard|Heat Wave|p2a: Aegislash|[spread] p2a\n|-activate|p2b: Farigiraf|move: Protect\n|-supereffective|p2a: Aegislash|1\n|-damage|p2a: Aegislash|0 fnt\n|faint|p2a: Aegislash\n|\n|-weather|SunnyDay|[upkeep]\n|upkeep\n|\n|t:|1776491473\n|switch|p2a: Incineroar|Incineroar, L50, M, shiny|64/100\n|-ability|p2a: Incineroar|Intimidate|boost\n|-unboost|p1a: Venusaur|atk|1\n|-unboost|p1b: Charizard|atk|1\n|turn|10\n|\n|t:|1776491484\n|move|p2a: Incineroar|Fake Out|p1a: Venusaur\n|-damage|p1a: Venusaur|6/100\n|cant|p1a: Venusaur|flinch\n|move|p1b: Charizard|Weather Ball|p2b: Farigiraf\n|-damage|p2b: Farigiraf|45/100\n|move|p2b: Farigiraf|Trick Room|p2b: Farigiraf\n|-fieldstart|move: Trick Room|[of] p2b: Farigiraf\n|\n|-weather|SunnyDay|[upkeep]\n|upkeep\n|turn|11\n|\n|t:|1776491497\n|move|p1b: Charizard|Protect|p1b: Charizard\n|-singleturn|p1b: Charizard|Protect\n|move|p1a: Venusaur|Protect|p1a: Venusaur\n|-singleturn|p1a: Venusaur|Protect\n|move|p2a: Incineroar|Flare Blitz|p1b: Charizard\n|-activate|p1b: Charizard|move: Protect\n|move|p2b: Farigiraf|Hyper Voice|p1b: Charizard|[spread] \n|-activate|p1a: Venusaur|move: Protect\n|-activate|p1b: Charizard|move: Protect\n|\n|-weather|SunnyDay|[upkeep]\n|upkeep\n|turn|12\n|-message|laksh18k forfeited.\n|\n|win|joymaxxing\n|raw|laksh18k's rating: 1358 &rarr; <strong>1343</strong><br />(-15 for losing)\n|raw|joymaxxing's rating: 1440 &rarr; <strong>1455</strong><br />(+15 for winning)\n",
  "uploadtime": 1776491518,
  "views": 57,
  "formatid": "gen9championsvgc2026regma",
  "rating": 1343,
  "private": 0,
  "password": null
}