{
  "id": "gen9championsvgc2026regma-2585796476",
  "format": "[Gen 9 Champions] VGC 2026 Reg M-A",
  "players": [
    "fernsthedruids",
    "SoyGomezLoco"
  ],
  "log": "|j|\u2606fernsthedruids\n|j|\u2606SoyGomezLoco\n|t:|1776371275\n|gametype|doubles\n|player|p1|fernsthedruids|1|1071\n|player|p2|SoyGomezLoco|hiker-gen4|1142\n|gen|9\n|tier|[Gen 9 Champions] VGC 2026 Reg M-A\n|rated|\n|rule|Species Clause: Limit one of each Pok\u00e9mon\n|rule|Item Clause: Limit 1 of each item\n|clearpoke\n|poke|p1|Garchomp, L50, F|\n|poke|p1|Incineroar, L50, F|\n|poke|p1|Milotic, L50, F|\n|poke|p1|Charizard, L50, M|\n|poke|p1|Venusaur, L50, M|\n|poke|p1|Gardevoir, L50, F|\n|poke|p2|Alakazam, L50, M|\n|poke|p2|Ampharos, L50, M|\n|poke|p2|Sinistcha, L50|\n|poke|p2|Basculegion, L50, M|\n|poke|p2|Pelipper, L50, M|\n|poke|p2|Scizor, L50, M|\n|teampreview|4\n|\n|t:|1776371307\n|teamsize|p1|4\n|teamsize|p2|4\n|start\n|switch|p1a: Charizard|Charizard, L50, M|100/100\n|switch|p1b: Garchomp|Garchomp, L50, F|100/100\n|switch|p2a: Alan|Ampharos, L50, M|100/100\n|switch|p2b: ELMago|Alakazam, L50, M, shiny|100/100\n|turn|1\n|\n|t:|1776371324\n|detailschange|p2a: Alan|Ampharos-Mega, L50, M\n|-mega|p2a: Alan|Ampharos|Ampharosite\n|-ability|p2a: Alan|Mold Breaker\n|move|p1a: Charizard|Protect|p1a: Charizard\n|-singleturn|p1a: Charizard|Protect\n|move|p1b: Garchomp|Earthquake|p2b: ELMago|[spread] p2a,p2b\n|-activate|p1a: Charizard|move: Protect\n|-supereffective|p2a: Alan|1\n|-damage|p2a: Alan|23/100\n|-damage|p2b: ELMago|13/100\n|move|p2b: ELMago|Speed Swap|p1b: Garchomp\n|-activate|p2b: ELMago|move: Speed Swap|[of] p1b: Garchomp\n|move|p2a: Alan|Dragon Pulse|p1b: Garchomp\n|-supereffective|p1b: Garchomp|1\n|-damage|p1b: Garchomp|0 fnt\n|faint|p1b: Garchomp\n|\n|upkeep\n|\n|t:|1776371352\n|switch|p1b: Incineroar|Incineroar, L50, F|100/100\n|-ability|p1b: Incineroar|Intimidate|boost\n|-unboost|p2a: Alan|atk|1\n|-fail|p2b: ELMago|unboost|Attack|[from] ability: Inner Focus|[of] p2b: ELMago\n|turn|2\n|\n|t:|1776371374\n|detailschange|p1a: Charizard|Charizard-Mega-Y, L50, M\n|-mega|p1a: Charizard|Charizard|Charizardite Y\n|-weather|SunnyDay|[from] ability: Drought|[of] p1a: Charizard\n|move|p2a: Alan|Protect|p2a: Alan\n|-singleturn|p2a: Alan|Protect\n|move|p1a: Charizard|Heat Wave|p2a: Alan|[spread] \n|-activate|p2a: Alan|move: Protect\n|-miss|p1a: Charizard|p2b: ELMago\n|move|p2b: ELMago|Psychic|p1a: Charizard\n|-damage|p1a: Charizard|59/100\n|move|p1b: Incineroar|Darkest Lariat|p2b: ELMago\n|-supereffective|p2b: ELMago|1\n|-damage|p2b: ELMago|0 fnt\n|faint|p2b: ELMago\n|\n|-weather|SunnyDay|[upkeep]\n|upkeep\n|\n|t:|1776371395\n|switch|p2b: Escusado|Pelipper, L50, M|100/100\n|-weather|RainDance|[from] ability: Drizzle|[of] p2b: Escusado\n|turn|3\n|\n|t:|1776371408\n|switch|p1b: Milotic|Milotic, L50, F|100/100\n|move|p1a: Charizard|Air Slash|p2a: Alan\n|-resisted|p2a: Alan|1\n|-damage|p2a: Alan|3/100\n|move|p2b: Escusado|Weather Ball|p1a: Charizard\n|-supereffective|p1a: Charizard|1\n|-damage|p1a: Charizard|0 fnt\n|faint|p1a: Charizard\n|move|p2a: Alan|Electroweb|p1b: Milotic\n|-supereffective|p1b: Milotic|1\n|-damage|p1b: Milotic|53/100\n|-unboost|p1b: Milotic|spe|1\n|-ability|p1b: Milotic|Competitive|boost\n|-boost|p1b: Milotic|spa|2\n|\n|-weather|RainDance|[upkeep]\n|-heal|p1b: Milotic|59/100|[from] item: Leftovers\n|upkeep\n|\n|t:|1776371420\n|switch|p1a: Incineroar|Incineroar, L50, F|100/100\n|-ability|p1a: Incineroar|Intimidate|boost\n|-unboost|p2a: Alan|atk|1\n|-unboost|p2b: Escusado|atk|1\n|turn|4\n|\n|t:|1776371432\n|move|p2a: Alan|Protect|p2a: Alan\n|-singleturn|p2a: Alan|Protect\n|move|p1a: Incineroar|Fake Out|p2b: Escusado\n|-damage|p2b: Escusado|90/100\n|cant|p2b: Escusado|flinch\n|move|p1b: Milotic|Icy Wind|p2b: Escusado|[spread] p2b\n|-activate|p2a: Alan|move: Protect\n|-damage|p2b: Escusado|68/100\n|-unboost|p2b: Escusado|spe|1\n|\n|-weather|RainDance|[upkeep]\n|-heal|p1b: Milotic|65/100|[from] item: Leftovers\n|upkeep\n|turn|5\n|\n|t:|1776371455\n|move|p1a: Incineroar|Darkest Lariat|p2b: Escusado\n|-damage|p2b: Escusado|37/100\n|-enditem|p2b: Escusado|Sitrus Berry|[eat]\n|-heal|p2b: Escusado|62/100|[from] item: Sitrus Berry\n|move|p1b: Milotic|Icy Wind|p2b: Escusado|[spread] p2a,p2b\n|-supereffective|p2a: Alan|1\n|-damage|p2a: Alan|0 fnt\n|-damage|p2b: Escusado|40/100\n|-unboost|p2b: Escusado|spe|1\n|faint|p2a: Alan\n|move|p2b: Escusado|Weather Ball|p1a: Incineroar\n|-supereffective|p1a: Incineroar|1\n|-damage|p1a: Incineroar|13/100\n|-enditem|p1a: Incineroar|Sitrus Berry|[eat]\n|-heal|p1a: Incineroar|38/100|[from] item: Sitrus Berry\n|\n|-weather|RainDance|[upkeep]\n|-heal|p1b: Milotic|71/100|[from] item: Leftovers\n|upkeep\n|\n|t:|1776371474\n|switch|p2a: CapituloMuerto|Basculegion, L50, M|100/100\n|turn|6\n|\n|t:|1776371486\n|move|p2a: CapituloMuerto|Last Respects|p1b: Milotic\n|-damage|p1b: Milotic|0 fnt\n|faint|p1b: Milotic\n|move|p1a: Incineroar|Darkest Lariat|p2a: CapituloMuerto\n|-supereffective|p2a: CapituloMuerto|1\n|-crit|p2a: CapituloMuerto\n|-damage|p2a: CapituloMuerto|0 fnt\n|faint|p2a: CapituloMuerto\n|move|p2b: Escusado|Weather Ball|p1a: Incineroar\n|-supereffective|p1a: Incineroar|1\n|-damage|p1a: Incineroar|0 fnt\n|faint|p1a: Incineroar\n|\n|win|SoyGomezLoco\n|raw|fernsthedruids's rating: 1071 &rarr; <strong>1055</strong><br />(-16 for losing)\n|raw|SoyGomezLoco's rating: 1142 &rarr; <strong>1162</strong><br />(+20 for winning)\n|l|\u2606fernsthedruids\n|player|p1|\n",
  "uploadtime": 1776371501,
  "views": 22,
  "formatid": "gen9championsvgc2026regma",
  "rating": 1055,
  "private": 0,
  "password": null
}