{
  "id": "gen9championsvgc2026regma-2586154741",
  "format": "[Gen 9 Champions] VGC 2026 Reg M-A",
  "players": [
    "cremess",
    "Phillip Blevin"
  ],
  "log": "|j|\u2606cremess\n|j|\u2606Phillip Blevin\n|t:|1776405952\n|gametype|doubles\n|player|p1|cremess|ghetsis-gen5bw|1227\n|player|p2|Phillip Blevin|cynthia-masters4|1314\n|gen|9\n|tier|[Gen 9 Champions] VGC 2026 Reg M-A\n|rated|\n|rule|Species Clause: Limit one of each Pok\u00e9mon\n|rule|Item Clause: Limit 1 of each item\n|clearpoke\n|poke|p1|Gengar, L50, F|\n|poke|p1|Tinkaton, L50, F|\n|poke|p1|Pelipper, L50, M|\n|poke|p1|Aegislash, L50, F|\n|poke|p1|Basculegion, L50, M|\n|poke|p1|Incineroar, L50, M|\n|poke|p2|Froslass, L50, F|\n|poke|p2|Corviknight, L50, M|\n|poke|p2|Arcanine-Hisui, L50, M|\n|poke|p2|Rotom-Wash, L50|\n|poke|p2|Sneasler, L50, M|\n|poke|p2|Kommo-o, L50, M|\n|teampreview|4\n|inactive|Battle timer is ON: inactive players will automatically lose when time's up. (requested by Phillip Blevin)\nPhillip Blevin has agreed to open team sheets.\n|\n|t:|1776405977\n|teamsize|p1|4\n|teamsize|p2|4\n|start\n|switch|p1a: Gengar|Gengar, L50, F|100/100\n|switch|p1b: Tinkaton|Tinkaton, L50, F|100/100\n|switch|p2a: Kommo-o|Kommo-o, L50, M|100/100\n|switch|p2b: Rotom|Rotom-Wash, L50|100/100\n|turn|1\n|\n|t:|1776405990\n|detailschange|p1a: Gengar|Gengar-Mega, L50, F\n|-mega|p1a: Gengar|Gengar|Gengarite\n|move|p2a: Kommo-o|Protect|p2a: Kommo-o\n|-singleturn|p2a: Kommo-o|Protect\n|move|p1b: Tinkaton|Fake Out|p2b: Rotom\n|-damage|p2b: Rotom|88/100\n|cant|p2b: Rotom|flinch\n|move|p1a: Gengar|Sludge Wave|p2b: Rotom|[spread] p2b\n|-activate|p2a: Kommo-o|move: Protect\n|-immune|p1b: Tinkaton\n|-damage|p2b: Rotom|38/100\n|\n|upkeep\n|turn|2\n|\n|t:|1776406008\n|move|p2b: Rotom|Electroweb|p1a: Gengar|[spread] p1a,p1b\n|-damage|p1a: Gengar|81/100\n|-damage|p1b: Tinkaton|88/100\n|-unboost|p1a: Gengar|spe|1\n|-unboost|p1b: Tinkaton|spe|1\n|move|p2a: Kommo-o|Clanging Scales|p1a: Gengar|[spread] p1a\n|-immune|p1b: Tinkaton\n|-damage|p1a: Gengar|26/100\n|-unboost|p2a: Kommo-o|def|1\n|move|p1a: Gengar|Sludge Wave|p2b: Rotom|[spread] p2a,p2b\n|-immune|p1b: Tinkaton\n|-damage|p2a: Kommo-o|50/100\n|-damage|p2b: Rotom|0 fnt\n|-enditem|p2a: Kommo-o|Sitrus Berry|[eat]\n|-heal|p2a: Kommo-o|74/100|[from] item: Sitrus Berry\n|faint|p2b: Rotom\n|move|p1b: Tinkaton|Gigaton Hammer|p2a: Kommo-o\n|-damage|p2a: Kommo-o|0 fnt\n|faint|p2a: Kommo-o\n|\n|upkeep\n|\n|t:|1776406014\n|switch|p2b: Sneasler|Sneasler, L50, M|100/100\n|switch|p2a: Froslass|Froslass, L50, F|100/100\n|turn|3\n|inactive|cremess has 30 seconds left.\n|\n|t:|1776406047\n|switch|p1a: Incineroar|Incineroar, L50, M|100/100\n|-ability|p1a: Incineroar|Intimidate|boost\n|-unboost|p2a: Froslass|atk|1\n|-unboost|p2b: Sneasler|atk|1\n|detailschange|p2a: Froslass|Froslass-Mega, L50, F\n|-mega|p2a: Froslass|Froslass|Froslassite\n|-weather|Snowscape|[from] ability: Snow Warning|[of] p2a: Froslass\n|move|p2a: Froslass|Blizzard|p1b: Tinkaton|[spread] p1a,p1b\n|-resisted|p1a: Incineroar|1\n|-resisted|p1b: Tinkaton|1\n|-damage|p1a: Incineroar|86/100\n|-damage|p1b: Tinkaton|69/100\n|-status|p1a: Incineroar|frz\n|move|p2b: Sneasler|Close Combat|p1b: Tinkaton\n|-damage|p1b: Tinkaton|12/100\n|-unboost|p2b: Sneasler|def|1\n|-unboost|p2b: Sneasler|spd|1\n|-immune|p1b: Tinkaton\n|move|p1b: Tinkaton|Thunder Wave|p2b: Sneasler\n|-status|p2b: Sneasler|par\n|\n|-weather|Snowscape|[upkeep]\n|upkeep\n|turn|4\n|\n|t:|1776406072\n|cant|p1a: Incineroar|frz\n|move|p2a: Froslass|Blizzard|p1a: Incineroar|[spread] p1a,p1b\n|-resisted|p1a: Incineroar|1\n|-resisted|p1b: Tinkaton|1\n|-crit|p1b: Tinkaton\n|-damage|p1a: Incineroar|71/100 frz\n|-damage|p1b: Tinkaton|0 fnt\n|faint|p1b: Tinkaton\n|move|p2b: Sneasler|Close Combat|p1a: Incineroar\n|-supereffective|p1a: Incineroar|1\n|-damage|p1a: Incineroar|0 fnt\n|-unboost|p2b: Sneasler|def|1\n|-unboost|p2b: Sneasler|spd|1\n|faint|p1a: Incineroar\n|\n|-weather|Snowscape|[upkeep]\n|upkeep\n|\n|t:|1776406085\n|switch|p1b: Basculegion|Basculegion, L50, M|100/100\n|switch|p1a: Gengar|Gengar-Mega, L50, F|26/100\n|turn|5\n|\n|t:|1776406096\n|move|p2a: Froslass|Protect|p2a: Froslass\n|-singleturn|p2a: Froslass|Protect\n|move|p1b: Basculegion|Last Respects|p2b: Sneasler\n|-enditem|p2b: Sneasler|Focus Sash\n|-damage|p2b: Sneasler|1/100 par\n|move|p1a: Gengar|Shadow Ball|p2a: Froslass\n|-activate|p2a: Froslass|move: Protect\n|move|p2b: Sneasler|Dire Claw|p1a: Gengar\n|-resisted|p1a: Gengar|2\n|-damage|p1a: Gengar|15/100\n|-immune|p1a: Gengar\n|\n|-weather|Snowscape|[upkeep]\n|upkeep\n|turn|6\n|\n|t:|1776406114\n|move|p1b: Basculegion|Last Respects|p2a: Froslass\n|-supereffective|p2a: Froslass|1\n|-damage|p2a: Froslass|0 fnt\n|faint|p2a: Froslass\n|move|p1a: Gengar|Shadow Ball|p2b: Sneasler\n|-damage|p2b: Sneasler|0 fnt\n|faint|p2b: Sneasler\n|\n|win|cremess\n|raw|cremess's rating: 1227 &rarr; <strong>1258</strong><br />(+31 for winning)\n|raw|Phillip Blevin's rating: 1314 &rarr; <strong>1289</strong><br />(-25 for losing)\n",
  "uploadtime": 1776406114,
  "views": 34,
  "formatid": "gen9championsvgc2026regma",
  "rating": 1258,
  "private": 0,
  "password": null
}