{
  "id": "gen9championsvgc2026regma-2589483643",
  "format": "[Gen 9 Champions] VGC 2026 Reg M-A",
  "players": [
    "Ratman937402",
    "GenericEdgeLrd"
  ],
  "log": "|j|\u2606Ratman937402\n|j|\u2606GenericEdgeLrd\n|t:|1776727076\n|gametype|doubles\n|player|p1|Ratman937402|wallace|1115\n|player|p2|GenericEdgeLrd|gentleman-gen4|1122\n|gen|9\n|tier|[Gen 9 Champions] VGC 2026 Reg M-A\n|rated|\n|rule|Species Clause: Limit one of each Pok\u00e9mon\n|rule|Item Clause: Limit 1 of each item\n|clearpoke\n|poke|p1|Garchomp, L50, F|\n|poke|p1|Gardevoir, L50, F|\n|poke|p1|Aerodactyl, L50, F, shiny|\n|poke|p1|Scizor, L50, M, shiny|\n|poke|p1|Rotom-Wash, L50|\n|poke|p1|Incineroar, L50, M, shiny|\n|poke|p2|Floette-Eternal, L50, F, shiny|\n|poke|p2|Aerodactyl, L50, F|\n|poke|p2|Garchomp, L50, M|\n|poke|p2|Orthworm, L50, M|\n|poke|p2|Sinistcha, L50|\n|poke|p2|Milotic, L50, M|\n|teampreview|4\n|\n|t:|1776727103\n|teamsize|p1|4\n|teamsize|p2|4\n|start\n|switch|p1a: the Green one|Scizor, L50, M, shiny|100/100\n|switch|p1b: Rathian|Aerodactyl, L50, F, shiny|100/100\n|switch|p2a: Aerodactyl|Aerodactyl, L50, F|100/100\n|switch|p2b: Milotic|Milotic, L50, M|100/100\n|-ability|p2a: Aerodactyl|Unnerve\n|-ability|p1b: Rathian|Unnerve\n|turn|1\n|\n|t:|1776727117\n|detailschange|p1a: the Green one|Scizor-Mega, L50, M, shiny\n|-mega|p1a: the Green one|Scizor|Scizorite\n|move|p2a: Aerodactyl|Protect|p2a: Aerodactyl\n|-singleturn|p2a: Aerodactyl|Protect\n|move|p1a: the Green one|Bullet Punch|p2a: Aerodactyl\n|-activate|p2a: Aerodactyl|move: Protect\n|move|p1b: Rathian|Tailwind|p1b: Rathian\n|-sidestart|p1: Ratman937402|move: Tailwind\n|move|p2b: Milotic|Coil|p2b: Milotic\n|-boost|p2b: Milotic|atk|1\n|-boost|p2b: Milotic|def|1\n|-boost|p2b: Milotic|accuracy|1\n|\n|upkeep\n|turn|2\n|\n|t:|1776727140\n|move|p1b: Rathian|Rock Slide|p2b: Milotic|[spread] p2b\n|-miss|p1b: Rathian|p2a: Aerodactyl\n|-damage|p2b: Milotic|81/100\n|move|p2a: Aerodactyl|Tailwind|p2a: Aerodactyl\n|-sidestart|p2: GenericEdgeLrd|move: Tailwind\n|cant|p2b: Milotic|flinch\n|move|p1a: the Green one|Swords Dance|p1a: the Green one\n|-boost|p1a: the Green one|atk|2\n|\n|upkeep\n|turn|3\n|inactive|Battle timer is ON: inactive players will automatically lose when time's up. (requested by GenericEdgeLrd)\n|\n|t:|1776727158\n|move|p2a: Aerodactyl|Protect|p2a: Aerodactyl\n|-singleturn|p2a: Aerodactyl|Protect\n|move|p1b: Rathian|Rock Slide|p2a: Aerodactyl|[spread] p2b\n|-activate|p2a: Aerodactyl|move: Protect\n|-damage|p2b: Milotic|63/100\n|move|p2b: Milotic|Hypnosis|p1a: the Green one\n|-status|p1a: the Green one|slp|[from] move: Hypnosis\n|cant|p1a: the Green one|slp\n|\n|upkeep\n|turn|4\n|\n|t:|1776727180\n|switch|p1b: Wet-Inator|Rotom-Wash, L50|100/100\n|move|p2a: Aerodactyl|Rock Slide|p1a: the Green one|[spread] p1a,p1b\n|-damage|p1a: the Green one|82/100 slp\n|-damage|p1b: Wet-Inator|72/100\n|move|p2b: Milotic|Icy Wind|p1b: Wet-Inator|[spread] p1a,p1b\n|-resisted|p1a: the Green one|1\n|-resisted|p1b: Wet-Inator|1\n|-damage|p1a: the Green one|76/100 slp\n|-damage|p1b: Wet-Inator|65/100\n|-unboost|p1a: the Green one|spe|1\n|-unboost|p1b: Wet-Inator|spe|1\n|-curestatus|p1a: the Green one|slp|[msg]\n|move|p1a: the Green one|Close Combat|p2b: Milotic\n|-damage|p2b: Milotic|0 fnt\n|-unboost|p1a: the Green one|def|1\n|-unboost|p1a: the Green one|spd|1\n|faint|p2b: Milotic\n|\n|-sideend|p1: Ratman937402|move: Tailwind\n|upkeep\n|\n|t:|1776727185\n|switch|p2b: Garchomp|Garchomp, L50, M|100/100\n|turn|5\n|\n|t:|1776727207\n|switch|p1b: Gardevoir|Gardevoir, L50, F|100/100\n|move|p1a: the Green one|Protect|p1a: the Green one\n|-singleturn|p1a: the Green one|Protect\n|move|p2a: Aerodactyl|Rock Slide|p1a: the Green one|[spread] p1b\n|-activate|p1a: the Green one|move: Protect\n|-damage|p1b: Gardevoir|60/100\n|move|p2b: Garchomp|Earthquake|p1a: the Green one|[spread] p1b\n|-activate|p1a: the Green one|move: Protect\n|-immune|p2a: Aerodactyl\n|-damage|p1b: Gardevoir|0 fnt\n|faint|p1b: Gardevoir\n|\n|-sideend|p2: GenericEdgeLrd|move: Tailwind\n|upkeep\n|\n|t:|1776727222\n|switch|p1b: Rathian|Aerodactyl, L50, F, shiny|100/100\n|-ability|p1b: Rathian|Unnerve\n|turn|6\n|\n|t:|1776727233\n|move|p1b: Rathian|Tailwind|p1b: Rathian\n|-sidestart|p1: Ratman937402|move: Tailwind\n|move|p2a: Aerodactyl|Tailwind|p2a: Aerodactyl\n|-sidestart|p2: GenericEdgeLrd|move: Tailwind\n|move|p2b: Garchomp|Earthquake|p1a: the Green one|[spread] p1a\n|-immune|p2a: Aerodactyl\n|-immune|p1b: Rathian\n|-damage|p1a: the Green one|20/100\n|move|p1a: the Green one|Close Combat|p2b: Garchomp\n|-damage|p2b: Garchomp|0 fnt\n|-unboost|p1a: the Green one|def|1\n|-unboost|p1a: the Green one|spd|1\n|-damage|p1a: the Green one|7/100|[from] ability: Rough Skin|[of] p2b: Garchomp\n|faint|p2b: Garchomp\n|\n|upkeep\n|\n|t:|1776727243\n|switch|p2b: Floette|Floette-Eternal, L50, F, shiny|100/100\n|turn|7\n|\n|t:|1776727249\n|detailschange|p2b: Floette|Floette-Mega, L50, F, shiny\n|-mega|p2b: Floette|Floette|Floettite\n|-ability|p2b: Floette|Fairy Aura\n|move|p2b: Floette|Protect|p2b: Floette\n|-singleturn|p2b: Floette|Protect\n|move|p1a: the Green one|Bullet Punch|p2b: Floette\n|-activate|p2b: Floette|move: Protect\n|move|p2a: Aerodactyl|Rock Slide|p1b: Rathian|[spread] p1a,p1b\n|-supereffective|p1b: Rathian|1\n|-damage|p1a: the Green one|0 fnt\n|-damage|p1b: Rathian|27/100\n|faint|p1a: the Green one\n|move|p1b: Rathian|Rock Slide|p2a: Aerodactyl|[spread] p2a\n|-activate|p2b: Floette|move: Protect\n|-supereffective|p2a: Aerodactyl|1\n|-damage|p2a: Aerodactyl|19/100\n|\n|upkeep\n|\n|t:|1776727260\n|switch|p1a: Wet-Inator|Rotom-Wash, L50|65/100\n|turn|8\n|\n|t:|1776727274\n|move|p2a: Aerodactyl|Protect|p2a: Aerodactyl\n|-singleturn|p2a: Aerodactyl|Protect\n|move|p1b: Rathian|Rock Slide|p2b: Floette|[spread] p2b\n|-activate|p2a: Aerodactyl|move: Protect\n|-damage|p2b: Floette|68/100\n|move|p1a: Wet-Inator|Thunderbolt|p2b: Floette\n|-damage|p2b: Floette|29/100\n|move|p2b: Floette|Dazzling Gleam|p1a: Wet-Inator|[spread] p1a,p1b\n|-damage|p1a: Wet-Inator|2/100\n|-damage|p1b: Rathian|0 fnt\n|faint|p1b: Rathian\n|\n|upkeep\n|turn|9\n|\n|t:|1776727293\n|move|p2b: Floette|Protect|p2b: Floette\n|-singleturn|p2b: Floette|Protect\n|move|p2a: Aerodactyl|Rock Slide|p1a: Wet-Inator\n|-damage|p1a: Wet-Inator|0 fnt\n|faint|p1a: Wet-Inator\n|\n|win|GenericEdgeLrd\n|raw|Ratman937402's rating: 1115 &rarr; <strong>1091</strong><br />(-24 for losing)\n|raw|GenericEdgeLrd's rating: 1122 &rarr; <strong>1146</strong><br />(+24 for winning)\n|l|\u2606Ratman937402\n|player|p1|\n",
  "uploadtime": 1776727303,
  "views": 4,
  "formatid": "gen9championsvgc2026regma",
  "rating": 1091,
  "private": 0,
  "password": null
}