{
  "id": "gen9championsvgc2026regma-2581522509",
  "format": "[Gen 9 Champions] VGC 2026 Reg M-A",
  "players": [
    "CallMeLexi",
    "sirae"
  ],
  "log": "|j|\u2606CallMeLexi\n|j|\u2606sirae\n|t:|1776007961\n|gametype|doubles\n|player|p1|CallMeLexi|rosa|1068\n|player|p2|sirae|caitlin|1169\n|gen|9\n|tier|[Gen 9 Champions] VGC 2026 Reg M-A\n|rated|\n|rule|Species Clause: Limit one of each Pok\u00e9mon\n|rule|Item Clause: Limit 1 of each item\n|clearpoke\n|poke|p1|Excadrill, L50, M|\n|poke|p1|Tyranitar, L50, M|\n|poke|p1|Clefable, L50, F|\n|poke|p1|Milotic, L50, F|\n|poke|p1|Sinistcha, L50|\n|poke|p1|Talonflame, L50, M|\n|poke|p2|Floette-Eternal, L50, F|\n|poke|p2|Sylveon, L50, F|\n|poke|p2|Tyranitar, L50, F|\n|poke|p2|Excadrill, L50, F|\n|poke|p2|Sableye, L50, F|\n|poke|p2|Incineroar, L50, F|\n|teampreview|4\n|inactive|Battle timer is ON: inactive players will automatically lose when time's up. (requested by CallMeLexi)\n|inactive|sirae also wants the timer to be on.\n|inactive|CallMeLexi has 60 seconds left.\n|inactive|sirae has 60 seconds left.\n|\n|t:|1776008001\n|teamsize|p1|4\n|teamsize|p2|4\n|start\n|switch|p1a: Talonflame|Talonflame, L50, M|100/100\n|switch|p1b: Excadrill|Excadrill, L50, M|100/100\n|switch|p2a: 1# Best pokemon|Incineroar, L50, F|100/100\n|switch|p2b: the only one|Sableye, L50, F|100/100\n|-ability|p2a: 1# Best pokemon|Intimidate|boost\n|-unboost|p1a: Talonflame|atk|1\n|-unboost|p1b: Excadrill|atk|1\n|turn|1\n|\n|t:|1776008022\n|move|p1b: Excadrill|Protect|p1b: Excadrill\n|-singleturn|p1b: Excadrill|Protect\n|move|p1a: Talonflame|Upper Hand||[still]\n|-fail|p1a: Talonflame\n|move|p2b: the only one|Fake Out|p1a: Talonflame\n|-damage|p1a: Talonflame|89/100\n|move|p2a: 1# Best pokemon|Flare Blitz|p1b: Excadrill\n|-activate|p1b: Excadrill|move: Protect\n|\n|upkeep\n|turn|2\n|\n|t:|1776008039\n|switch|p1b: Milotic|Milotic, L50, F|100/100\n|move|p2b: the only one|Taunt|p1a: Talonflame\n|-start|p1a: Talonflame|move: Taunt\n|cant|p1a: Talonflame|move: Taunt|Taunt\n|move|p2a: 1# Best pokemon|Flare Blitz|p1b: Milotic\n|-resisted|p1b: Milotic|1\n|-damage|p1b: Milotic|73/100\n|-damage|p2a: 1# Best pokemon|90/100|[from] Recoil\n|\n|-heal|p1b: Milotic|79/100|[from] item: Leftovers\n|upkeep\n|turn|3\n|\n|t:|1776008057\n|move|p2b: the only one|Light Screen|p2b: the only one\n|-sidestart|p2: sirae|move: Light Screen\n|move|p1a: Talonflame|Dual Wingbeat|p2b: the only one\n|-damage|p2b: the only one|87/100\n|-damage|p2b: the only one|73/100\n|-hitcount|p2b: the only one|2\n|move|p1b: Milotic|Scald|p2b: the only one\n|-damage|p2b: the only one|47/100\n|move|p2a: 1# Best pokemon|Parting Shot|p1a: Talonflame\n|-unboost|p1a: Talonflame|atk|1\n|-unboost|p1a: Talonflame|spa|1\n|\n|t:|1776008071\n|switch|p2a: Just this once|Floette-Eternal, L50, F|100/100|[from] Parting Shot\n|\n|-heal|p1b: Milotic|85/100|[from] item: Leftovers\n|upkeep\n|turn|4\n|\n|t:|1776008088\n|switch|p1a: Excadrill|Excadrill, L50, M|100/100\n|switch|p1b: Clefable|Clefable, L50, F|100/100\n|switch|p2b: Transgender|Sylveon, L50, F|100/100\n|detailschange|p2a: Just this once|Floette-Mega, L50, F\n|-mega|p2a: Just this once|Floette|Floettite\n|-ability|p2a: Just this once|Fairy Aura\n|move|p2a: Just this once|Protect||[still]\n|-fail|p2a: Just this once\n|\n|upkeep\n|turn|5\n|inactive|CallMeLexi has 30 seconds left.\n|inactive|sirae has 30 seconds left.\n|\n|t:|1776008121\n|switch|p1b: Milotic|Milotic, L50, F|85/100\n|detailschange|p1a: Excadrill|Excadrill-Mega, L50, M\n|-mega|p1a: Excadrill|Excadrill|Excadrite\n|move|p2a: Just this once|Helping Hand|p2b: Transgender\n|-singleturn|p2b: Transgender|Helping Hand|[of] p2a: Just this once\n|move|p2b: Transgender|Hyper Beam|p1a: Excadrill\n|-resisted|p1a: Excadrill|1\n|-damage|p1a: Excadrill|0 fnt\n|-mustrecharge|p2b: Transgender\n|faint|p1a: Excadrill\n|\n|-heal|p1b: Milotic|91/100|[from] item: Leftovers\n|upkeep\n|\n|t:|1776008134\n|switch|p1a: Talonflame|Talonflame, L50, M|89/100\n|turn|6\n|\n|t:|1776008143\n|move|p1a: Talonflame|Taunt|p2a: Just this once\n|-start|p2a: Just this once|move: Taunt\n|cant|p2b: Transgender|recharge\n|move|p2a: Just this once|Energy Ball|p1b: Milotic\n|-supereffective|p1b: Milotic|1\n|-damage|p1b: Milotic|39/100\n|move|p1b: Milotic|Scald|p2b: Transgender\n|-damage|p2b: Transgender|82/100\n|\n|-heal|p1b: Milotic|45/100|[from] item: Leftovers\n|upkeep\n|turn|7\n|-message|CallMeLexi forfeited.\n|\n|win|sirae\n|raw|CallMeLexi's rating: 1068 &rarr; <strong>1054</strong><br />(-14 for losing)\n|raw|sirae's rating: 1169 &rarr; <strong>1187</strong><br />(+18 for winning)\n|l|\u2606CallMeLexi\n|player|p1|\n",
  "uploadtime": 1776008212,
  "views": 18,
  "formatid": "gen9championsvgc2026regma",
  "rating": 1054,
  "private": 0,
  "password": null
}