{
  "id": "gen9championsvgc2026regma-2581641520",
  "format": "[Gen 9 Champions] VGC 2026 Reg M-A",
  "players": [
    "Hiusi guy %\u25d5\u203f\u203f\u25d5%",
    "Pikachar2"
  ],
  "log": "|j|\u2606Hiusi guy %\u25d5\u203f\u203f\u25d5%\n|j|\u2606Pikachar2\n|t:|1776017301\n|gametype|doubles\n|player|p1|Hiusi guy %\u25d5\u203f\u203f\u25d5%|bugsy-masters|1099\n|player|p2|Pikachar2|hilbert|1074\n|gen|9\n|tier|[Gen 9 Champions] VGC 2026 Reg M-A\n|rated|\n|rule|Species Clause: Limit one of each Pok\u00e9mon\n|rule|Item Clause: Limit 1 of each item\n|clearpoke\n|poke|p1|Whimsicott, L50, M|\n|poke|p1|Venusaur, L50, F|\n|poke|p1|Charizard, L50, F|\n|poke|p1|Sylveon, L50, F|\n|poke|p1|Garchomp, L50, F|\n|poke|p1|Volcarona, L50, F|\n|poke|p2|Clefable, L50, F|\n|poke|p2|Golurk, L50|\n|poke|p2|Torkoal, L50, M|\n|poke|p2|Typhlosion-Hisui, L50, F|\n|poke|p2|Whimsicott, L50, M|\n|poke|p2|Hatterene, L50, F|\n|teampreview|4\n|inactive|Battle timer is ON: inactive players will automatically lose when time's up. (requested by Pikachar2)\n|inactive|Hiusi guy %\u25d5\u203f\u203f\u25d5% has 60 seconds left.\n|\n|t:|1776017332\n|teamsize|p1|4\n|teamsize|p2|4\n|start\n|switch|p1a: Venusaur|Venusaur, L50, F|100/100\n|switch|p1b: Charizard|Charizard, L50, F|100/100\n|switch|p2a: Clefable|Clefable, L50, F|100/100\n|switch|p2b: Hatterene|Hatterene, L50, F|100/100\n|turn|1\n|\n|t:|1776017343\n|detailschange|p1b: Charizard|Charizard-Mega-Y, L50, F\n|-mega|p1b: Charizard|Charizard|Charizardite Y\n|-weather|SunnyDay|[from] ability: Drought|[of] p1b: Charizard\n|move|p2a: Clefable|Follow Me|p2a: Clefable\n|-singleturn|p2a: Clefable|move: Follow Me\n|move|p1a: Venusaur|Sludge Bomb|p2a: Clefable\n|-supereffective|p2a: Clefable|1\n|-damage|p2a: Clefable|14/100\n|-status|p2a: Clefable|psn\n|move|p1b: Charizard|Heat Wave|p2a: Clefable|[spread] p2a,p2b\n|-damage|p2a: Clefable|0 fnt\n|-damage|p2b: Hatterene|35/100\n|-status|p2b: Hatterene|brn\n|faint|p2a: Clefable\n|move|p2b: Hatterene|Trick Room|p2b: Hatterene\n|-fieldstart|move: Trick Room|[of] p2b: Hatterene\n|\n|-weather|SunnyDay|[upkeep]\n|-damage|p2b: Hatterene|29/100 brn|[from] brn\n|upkeep\n|\n|t:|1776017357\n|switch|p2a: Golurk|Golurk, L50|100/100\n|turn|2\n|inactive|Hiusi guy %\u25d5\u203f\u203f\u25d5% has 30 seconds left.\n|\n|t:|1776017385\n|detailschange|p2a: Golurk|Golurk-Mega, L50\n|-mega|p2a: Golurk|Golurk|Golurkite\n|move|p1a: Venusaur|Protect|p1a: Venusaur\n|-singleturn|p1a: Venusaur|Protect\n|move|p2b: Hatterene|Psychic|p1a: Venusaur\n|-activate|p1a: Venusaur|move: Protect\n|move|p2a: Golurk|Poltergeist|p1b: Charizard\n|-activate|p1b: Charizard|move: Poltergeist|Charizardite Y\n|-damage|p1b: Charizard|0 fnt\n|faint|p1b: Charizard\n|\n|-weather|SunnyDay|[upkeep]\n|-damage|p2b: Hatterene|22/100 brn|[from] brn\n|upkeep\n|\n|t:|1776017401\n|switch|p1b: Volcarona|Volcarona, L50, F|100/100\n|turn|3\n|\n|t:|1776017414\n|move|p1b: Volcarona|Rage Powder|p1b: Volcarona\n|-singleturn|p1b: Volcarona|move: Rage Powder\n|move|p2b: Hatterene|Psychic|p1b: Volcarona\n|-damage|p1b: Volcarona|58/100\n|move|p2a: Golurk|Headlong Rush|p1b: Volcarona\n|-damage|p1b: Volcarona|0 fnt\n|-unboost|p2a: Golurk|def|1\n|-unboost|p2a: Golurk|spd|1\n|faint|p1b: Volcarona\n|move|p1a: Venusaur|Sludge Bomb|p2b: Hatterene\n|-supereffective|p2b: Hatterene|1\n|-damage|p2b: Hatterene|0 fnt\n|faint|p2b: Hatterene\n|\n|-weather|SunnyDay|[upkeep]\n|upkeep\n|\n|t:|1776017425\n|switch|p2b: Torkoal|Torkoal, L50, M|100/100\n|switch|p1b: Sylveon|Sylveon, L50, F|100/100\n|turn|4\n|\n|t:|1776017432\n|move|p1b: Sylveon|Protect|p1b: Sylveon\n|-singleturn|p1b: Sylveon|Protect\n|move|p1a: Venusaur|Protect|p1a: Venusaur\n|-singleturn|p1a: Venusaur|Protect\n|move|p2b: Torkoal|Eruption|p1a: Venusaur|[spread] \n|-activate|p1a: Venusaur|move: Protect\n|-activate|p1b: Sylveon|move: Protect\n|move|p2a: Golurk|Heavy Slam|p1b: Sylveon\n|-supereffective|p1b: Sylveon|1\n|-ability|p2a: Golurk|Unseen Fist\n|-zbroken|p1b: Sylveon\n|-damage|p1b: Sylveon|61/100\n|\n|-weather|SunnyDay|[upkeep]\n|upkeep\n|turn|5\n|\n|t:|1776017446\n|move|p1b: Sylveon|Protect||[still]\n|-fail|p1b: Sylveon\n|move|p1a: Venusaur|Protect||[still]\n|-fail|p1a: Venusaur\n|move|p2b: Torkoal|Eruption|p1b: Sylveon|[spread] p1a,p1b\n|-supereffective|p1a: Venusaur|1\n|-damage|p1a: Venusaur|0 fnt\n|-damage|p1b: Sylveon|0 fnt\n|faint|p1a: Venusaur\n|faint|p1b: Sylveon\n|\n|win|Pikachar2\n|raw|Hiusi guy %\u25d5\u203f\u203f\u25d5%'s rating: 1099 &rarr; <strong>1072</strong><br />(-27 for losing)\n|raw|Pikachar2's rating: 1074 &rarr; <strong>1105</strong><br />(+31 for winning)\n|l|\u2606Hiusi guy %\u25d5\u203f\u203f\u25d5%\n|player|p1|\n",
  "uploadtime": 1776017540,
  "views": 17,
  "formatid": "gen9championsvgc2026regma",
  "rating": 1072,
  "private": 0,
  "password": null
}