{
  "id": "gen9championsvgc2026regma-2582204085",
  "format": "[Gen 9 Champions] VGC 2026 Reg M-A",
  "players": [
    "Mistagoh",
    "AAAlelele"
  ],
  "log": "|j|\u2606Mistagoh\n|j|\u2606AAAlelele\n|t:|1776070946\n|gametype|doubles\n|player|p1|Mistagoh|266|1128\n|player|p2|AAAlelele|ninjaboy|1108\n|gen|9\n|tier|[Gen 9 Champions] VGC 2026 Reg M-A\n|rated|\n|rule|Species Clause: Limit one of each Pok\u00e9mon\n|rule|Item Clause: Limit 1 of each item\n|clearpoke\n|poke|p1|Farigiraf, L50, F|\n|poke|p1|Drampa, L50, F|\n|poke|p1|Sinistcha, L50|\n|poke|p1|Torkoal, L50, M|\n|poke|p1|Incineroar, L50, M|\n|poke|p1|Kingambit, L50, M|\n|poke|p2|Farigiraf, L50, F|\n|poke|p2|Sinistcha, L50|\n|poke|p2|Camerupt, L50, F|\n|poke|p2|Conkeldurr, L50, M|\n|poke|p2|Bellibolt, L50, M|\n|poke|p2|Basculegion, L50, M|\n|teampreview|4\n|\n|t:|1776070986\n|teamsize|p1|4\n|teamsize|p2|4\n|start\n|switch|p1a: Incineroar|Incineroar, L50, M|100/100\n|switch|p1b: Drampa|Drampa, L50, F|100/100\n|switch|p2a: Farigiraf|Farigiraf, L50, F, shiny|100/100\n|switch|p2b: Basculegion|Basculegion, L50, M|100/100\n|-ability|p1a: Incineroar|Intimidate|boost\n|-unboost|p2a: Farigiraf|atk|1\n|-unboost|p2b: Basculegion|atk|1\n|turn|1\n|\n|t:|1776071000\n|detailschange|p1b: Drampa|Drampa-Mega, L50, F\n|-mega|p1b: Drampa|Drampa|Drampanite\n|move|p1a: Incineroar|Fake Out||[still]\n|cant|p2a: Farigiraf|ability: Armor Tail|Fake Out|[of] p1a: Incineroar\n|move|p2b: Basculegion|Flip Turn|p1a: Incineroar\n|-supereffective|p1a: Incineroar|1\n|-damage|p1a: Incineroar|59/100\n|\n|t:|1776071011\n|switch|p2b: Conkeldurr|Conkeldurr, L50, M|100/100|[from] Flip Turn\n|move|p2a: Farigiraf|Imprison|p2a: Farigiraf\n|-start|p2a: Farigiraf|move: Imprison\n|cant|p1b: Drampa|move: Imprison|Hyper Voice\n|\n|upkeep\n|turn|2\n|\n|t:|1776071050\n|switch|p1a: Farigiraf|Farigiraf, L50, F|100/100\n|move|p1b: Drampa|Protect|p1b: Drampa\n|-singleturn|p1b: Drampa|Protect\n|move|p2a: Farigiraf|Hyper Voice|p1b: Drampa|[spread] p1a\n|-activate|p1b: Drampa|move: Protect\n|-damage|p1a: Farigiraf|77/100\n|move|p2b: Conkeldurr|Drain Punch|p1b: Drampa\n|-activate|p1b: Drampa|move: Protect\n|\n|upkeep\n|turn|3\n|\n|t:|1776071076\n|switch|p1b: Incineroar|Incineroar, L50, M|59/100\n|-ability|p1b: Incineroar|Intimidate|boost\n|-unboost|p2a: Farigiraf|atk|1\n|-unboost|p2b: Conkeldurr|atk|1\n|move|p1a: Farigiraf|Protect|p1a: Farigiraf\n|-singleturn|p1a: Farigiraf|Protect\n|move|p2a: Farigiraf|Hyper Voice|p1b: Incineroar|[spread] p1b\n|-activate|p1a: Farigiraf|move: Protect\n|-damage|p1b: Incineroar|27/100\n|move|p2b: Conkeldurr|Drain Punch|p1b: Incineroar\n|-supereffective|p1b: Incineroar|1\n|-damage|p1b: Incineroar|0 fnt\n|faint|p1b: Incineroar\n|\n|upkeep\n|\n|t:|1776071092\n|switch|p1b: Torkoal|Torkoal, L50, M|100/100\n|-weather|SunnyDay|[from] ability: Drought|[of] p1b: Torkoal\n|turn|4\n|\n|t:|1776071099\n|move|p1a: Farigiraf|Protect|p1a: Farigiraf\n|-singleturn|p1a: Farigiraf|Protect\n|move|p2a: Farigiraf|Psychic|p1b: Torkoal\n|-damage|p1b: Torkoal|46/100\n|move|p2b: Conkeldurr|Drain Punch|p1b: Torkoal\n|-damage|p1b: Torkoal|12/100\n|move|p1b: Torkoal|Eruption|p2a: Farigiraf|[spread] p2a,p2b\n|-damage|p2a: Farigiraf|91/100\n|-damage|p2b: Conkeldurr|89/100\n|\n|-weather|SunnyDay|[upkeep]\n|upkeep\n|turn|5\n|-message|Mistagoh forfeited.\n|\n|win|AAAlelele\n|raw|Mistagoh's rating: 1128 &rarr; <strong>1102</strong><br />(-26 for losing)\n|raw|AAAlelele's rating: 1108 &rarr; <strong>1134</strong><br />(+26 for winning)\n|l|\u2606Mistagoh\n|player|p1|\n",
  "uploadtime": 1776071110,
  "views": 29,
  "formatid": "gen9championsvgc2026regma",
  "rating": 1102,
  "private": 0,
  "password": null
}