{
  "id": "gen9championsvgc2026regma-2581570243",
  "format": "[Gen 9 Champions] VGC 2026 Reg M-A",
  "players": [
    "Slapme2",
    "Almirzitoz"
  ],
  "log": "|j|\u2606Slapme2\n|j|\u2606Almirzitoz\n|t:|1776011791\n|gametype|doubles\n|player|p1|Slapme2|chili|1010\n|player|p2|Almirzitoz|drayden|1066\n|gen|9\n|tier|[Gen 9 Champions] VGC 2026 Reg M-A\n|rated|\n|rule|Species Clause: Limit one of each Pok\u00e9mon\n|rule|Item Clause: Limit 1 of each item\n|clearpoke\n|poke|p1|Froslass, L50, F|\n|poke|p1|Rotom-Frost, L50|\n|poke|p1|Incineroar, L50, M|\n|poke|p1|Garchomp, L50, F|\n|poke|p1|Empoleon, L50, M|\n|poke|p1|Kingambit, L50, M|\n|poke|p2|Aggron, L50, M|\n|poke|p2|Gardevoir, L50, M|\n|poke|p2|Bellibolt, L50, F|\n|poke|p2|Goodra-Hisui, L50, M|\n|poke|p2|Corviknight, L50, F|\n|poke|p2|Rotom-Wash, L50|\n|teampreview|4\n|\n|t:|1776011829\n|teamsize|p1|4\n|teamsize|p2|4\n|start\n|switch|p1a: Rotom|Rotom-Frost, L50|100/100\n|switch|p1b: Garchomp|Garchomp, L50, F|100/100\n|switch|p2a: Corviknight|Corviknight, L50, F|100/100\n|switch|p2b: Gardevoir|Gardevoir, L50, M, shiny|100/100\n|-ability|p2b: Gardevoir|Levitate|Trace|[from] ability: Trace|[of] p1a: Rotom\n|turn|1\n|\n|t:|1776011848\n|move|p1a: Rotom|Electroweb|p2a: Corviknight|[spread] p2a,p2b\n|-supereffective|p2a: Corviknight|1\n|-damage|p2a: Corviknight|62/100\n|-damage|p2b: Gardevoir|78/100\n|-ability|p2a: Corviknight|Mirror Armor\n|-unboost|p1a: Rotom|spe|1\n|-unboost|p2b: Gardevoir|spe|1\n|move|p1b: Garchomp|Earthquake|p2a: Corviknight|[spread] \n|-immune|p1a: Rotom|[from] ability: Levitate\n|-immune|p2a: Corviknight\n|-immune|p2b: Gardevoir|[from] ability: Levitate\n|move|p2a: Corviknight|Tailwind|p2a: Corviknight\n|-sidestart|p2: Almirzitoz|move: Tailwind\n|move|p2b: Gardevoir|Aura Sphere|p1a: Rotom\n|-supereffective|p1a: Rotom|1\n|-damage|p1a: Rotom|36/100\n|\n|upkeep\n|turn|2\n|\n|t:|1776011872\n|detailschange|p2b: Gardevoir|Gardevoir-Mega, L50, M, shiny\n|-mega|p2b: Gardevoir|Gardevoir|Gardevoirite\n|move|p2b: Gardevoir|Hyper Voice|p1a: Rotom|[spread] p1a,p1b\n|-supereffective|p1b: Garchomp|1\n|-damage|p1a: Rotom|0 fnt\n|-damage|p1b: Garchomp|11/100\n|faint|p1a: Rotom\n|move|p2a: Corviknight|Roost|p2a: Corviknight\n|-heal|p2a: Corviknight|100/100\n|-singleturn|p2a: Corviknight|move: Roost\n|move|p1b: Garchomp|Rock Slide|p2b: Gardevoir|[spread] p2a,p2b\n|-resisted|p2a: Corviknight|1\n|-damage|p2a: Corviknight|93/100\n|-damage|p2b: Gardevoir|43/100\n|\n|upkeep\n|\n|t:|1776011880\n|switch|p1a: Froslass|Froslass, L50, F|100/100\n|turn|3\n|\n|t:|1776011895\n|detailschange|p1a: Froslass|Froslass-Mega, L50, F\n|-mega|p1a: Froslass|Froslass|Froslassite\n|-weather|Snowscape|[from] ability: Snow Warning|[of] p1a: Froslass\n|move|p1b: Garchomp|Protect|p1b: Garchomp\n|-singleturn|p1b: Garchomp|Protect\n|move|p1a: Froslass|Aurora Veil|p1a: Froslass\n|-sidestart|p1: Slapme2|move: Aurora Veil\n|move|p2b: Gardevoir|Hyper Voice|p1a: Froslass|[spread] p1a\n|-activate|p1b: Garchomp|move: Protect\n|-damage|p1a: Froslass|65/100\n|move|p2a: Corviknight|Iron Head|p1a: Froslass\n|-supereffective|p1a: Froslass|1\n|-damage|p1a: Froslass|22/100\n|\n|-weather|Snowscape|[upkeep]\n|upkeep\n|turn|4\n|\n|t:|1776011919\n|move|p1a: Froslass|Blizzard|p2b: Gardevoir|[spread] p2a,p2b\n|-crit|p2b: Gardevoir\n|-damage|p2a: Corviknight|40/100\n|-damage|p2b: Gardevoir|0 fnt\n|faint|p2b: Gardevoir\n|move|p2a: Corviknight|Iron Head|p1a: Froslass\n|-supereffective|p1a: Froslass|1\n|-damage|p1a: Froslass|0 fnt\n|faint|p1a: Froslass\n|move|p1b: Garchomp|Rock Slide|p2a: Corviknight\n|-damage|p2a: Corviknight|17/100\n|\n|-weather|Snowscape|[upkeep]\n|-sideend|p2: Almirzitoz|move: Tailwind\n|upkeep\n|\n|t:|1776011934\n|switch|p1a: Kingambit|Kingambit, L50, M|100/100\n|switch|p2b: Rotom|Rotom-Wash, L50|100/100\n|turn|5\n|\n|t:|1776011949\n|move|p1b: Garchomp|Rock Slide|p2b: Rotom|[spread] p2a,p2b\n|-damage|p2a: Corviknight|0 fnt\n|-damage|p2b: Rotom|73/100\n|faint|p2a: Corviknight\n|move|p2b: Rotom|Hydro Pump|p1b: Garchomp\n|-damage|p1b: Garchomp|0 fnt\n|faint|p1b: Garchomp\n|move|p1a: Kingambit|Iron Head|p2b: Rotom\n|-resisted|p2b: Rotom|2\n|-crit|p2b: Rotom\n|-damage|p2b: Rotom|51/100\n|\n|-weather|Snowscape|[upkeep]\n|upkeep\n|\n|t:|1776011962\n|switch|p2a: Bellibolt|Bellibolt, L50, F|100/100\n|turn|6\n|\n|t:|1776011973\n|move|p1a: Kingambit|Sucker Punch|p2b: Rotom\n|-damage|p2b: Rotom|0 fnt\n|faint|p2b: Rotom\n|move|p2a: Bellibolt|Charge Beam|p1a: Kingambit\n|-damage|p1a: Kingambit|86/100\n|-boost|p2a: Bellibolt|spa|1\n|\n|-weather|Snowscape|[upkeep]\n|upkeep\n|turn|7\n|\n|t:|1776011983\n|move|p1a: Kingambit|Iron Head|p2a: Bellibolt\n|-resisted|p2a: Bellibolt|1\n|-damage|p2a: Bellibolt|78/100\n|-start|p2a: Bellibolt|Charge|Iron Head|[from] ability: Electromorphosis\n|cant|p2a: Bellibolt|flinch\n|-end|p2a: Bellibolt|Charge|[silent]\n|\n|-weather|none\n|-sideend|p1: Slapme2|move: Aurora Veil\n|upkeep\n|turn|8\n|\n|t:|1776011993\n|move|p1a: Kingambit|Iron Head|p2a: Bellibolt\n|-resisted|p2a: Bellibolt|1\n|-damage|p2a: Bellibolt|52/100\n|-start|p2a: Bellibolt|Charge|Iron Head|[from] ability: Electromorphosis\n|move|p2a: Bellibolt|Parabolic Charge|p1a: Kingambit\n|-damage|p1a: Kingambit|2/100\n|-heal|p2a: Bellibolt|91/100|[from] drain|[of] p1a: Kingambit\n|-end|p2a: Bellibolt|Charge|[silent]\n|\n|upkeep\n|turn|9\n|\n|t:|1776012005\n|move|p1a: Kingambit|Iron Head|p2a: Bellibolt\n|-resisted|p2a: Bellibolt|1\n|-damage|p2a: Bellibolt|66/100\n|-start|p2a: Bellibolt|Charge|Iron Head|[from] ability: Electromorphosis\n|cant|p2a: Bellibolt|flinch\n|-end|p2a: Bellibolt|Charge|[silent]\n|\n|upkeep\n|turn|10\n|\n|t:|1776012013\n|move|p1a: Kingambit|Sucker Punch|p2a: Bellibolt\n|-damage|p2a: Bellibolt|24/100\n|-start|p2a: Bellibolt|Charge|Sucker Punch|[from] ability: Electromorphosis\n|move|p2a: Bellibolt|Parabolic Charge|p1a: Kingambit\n|-damage|p1a: Kingambit|0 fnt\n|-heal|p2a: Bellibolt|24/100|[from] drain|[of] p1a: Kingambit\n|faint|p1a: Kingambit\n|-end|p2a: Bellibolt|Charge|[silent]\n|\n|win|Almirzitoz\n|raw|Slapme2's rating: 1010 &rarr; <strong>1000</strong><br />(-10 for losing)\n|raw|Almirzitoz's rating: 1066 &rarr; <strong>1091</strong><br />(+25 for winning)\n|l|\u2606Slapme2\n|player|p1|\n",
  "uploadtime": 1776012024,
  "views": 15,
  "formatid": "gen9championsvgc2026regma",
  "rating": 1000,
  "private": 0,
  "password": null
}