{
  "id": "gen9championsvgc2026regma-2588917351",
  "format": "[Gen 9 Champions] VGC 2026 Reg M-A",
  "players": [
    "jingming",
    "jov_nni"
  ],
  "log": "|j|\u2606jingming\n|j|\u2606jov_nni\n|t:|1776685679\n|gametype|doubles\n|player|p1|jingming|rosa|1197\n|player|p2|jov_nni|giovanni|1141\n|gen|9\n|tier|[Gen 9 Champions] VGC 2026 Reg M-A\n|rated|\n|rule|Species Clause: Limit one of each Pok\u00e9mon\n|rule|Item Clause: Limit 1 of each item\n|clearpoke\n|poke|p1|Aerodactyl, L50, M|\n|poke|p1|Tyranitar, L50, M|\n|poke|p1|Excadrill, L50, M|\n|poke|p1|Corviknight, L50, M|\n|poke|p1|Sinistcha, L50|\n|poke|p1|Dragapult, L50, M|\n|poke|p2|Glimmora, L50, M, shiny|\n|poke|p2|Tinkaton, L50, F|\n|poke|p2|Conkeldurr, L50, F|\n|poke|p2|Corviknight, L50, F|\n|poke|p2|Basculegion, L50, M, shiny|\n|poke|p2|Meowscarada, L50, F, shiny|\n|teampreview|4\n|inactive|Battle timer is ON: inactive players will automatically lose when time's up. (requested by jingming)\n|inactive|jingming has 60 seconds left.\n|\n|t:|1776685719\n|teamsize|p1|4\n|teamsize|p2|4\n|start\n|switch|p1a: Dragapult|Dragapult, L50, M|100/100\n|switch|p1b: Aerodactyl|Aerodactyl, L50, M|100/100\n|switch|p2a: Tinkaton|Tinkaton, L50, F|100/100\n|switch|p2b: Corviknight|Corviknight, L50, F|100/100\n|-ability|p1b: Aerodactyl|Unnerve\n|-ability|p2a: Tinkaton|Mold Breaker\n|turn|1\n|\n|t:|1776685733\n|move|p2a: Tinkaton|Fake Out|p1b: Aerodactyl\n|-resisted|p1b: Aerodactyl|1\n|-damage|p1b: Aerodactyl|95/100\n|move|p1a: Dragapult|Will-O-Wisp|p2a: Tinkaton\n|-status|p2a: Tinkaton|brn\n|cant|p1b: Aerodactyl|flinch\n|move|p2b: Corviknight|Tailwind|p2b: Corviknight\n|-sidestart|p2: jov_nni|move: Tailwind\n|\n|-damage|p2a: Tinkaton|94/100 brn|[from] brn\n|upkeep\n|turn|2\n|inactive|jov_nni has 30 seconds left.\n|\n|t:|1776685762\n|move|p2a: Tinkaton|Helping Hand|p2b: Corviknight\n|-singleturn|p2b: Corviknight|Helping Hand|[of] p2a: Tinkaton\n|move|p2b: Corviknight|Body Press|p1b: Aerodactyl\n|-damage|p1b: Aerodactyl|41/100\n|move|p1a: Dragapult|Will-O-Wisp|p2b: Corviknight\n|-status|p2b: Corviknight|brn\n|move|p1b: Aerodactyl|Tailwind|p1b: Aerodactyl\n|-sidestart|p1: jingming|move: Tailwind\n|\n|-damage|p2a: Tinkaton|88/100 brn|[from] brn\n|-damage|p2b: Corviknight|95/100 brn|[from] brn\n|upkeep\n|turn|3\n|\n|t:|1776685776\n|move|p1a: Dragapult|Shadow Ball|p2b: Corviknight\n|-damage|p2b: Corviknight|50/100 brn\n|move|p1b: Aerodactyl|Rock Slide|p2a: Tinkaton|[spread] p2a,p2b\n|-resisted|p2a: Tinkaton|1\n|-crit|p2b: Corviknight\n|-damage|p2a: Tinkaton|74/100 brn\n|-damage|p2b: Corviknight|24/100 brn\n|cant|p2a: Tinkaton|flinch\n|move|p2b: Corviknight|Body Press|p1b: Aerodactyl\n|-damage|p1b: Aerodactyl|24/100\n|\n|-damage|p2a: Tinkaton|68/100 brn|[from] brn\n|-damage|p2b: Corviknight|18/100 brn|[from] brn\n|upkeep\n|turn|4\n|\n|t:|1776685797\n|switch|p1b: Corviknight|Corviknight, L50, M|100/100\n|-enditem|p2b: Corviknight|Sitrus Berry|[eat]\n|-heal|p2b: Corviknight|43/100 brn|[from] item: Sitrus Berry\n|switch|p2b: Glimmora|Glimmora, L50, M, shiny|100/100\n|move|p2a: Tinkaton|Feint|p1b: Corviknight\n|-resisted|p1b: Corviknight|1\n|-damage|p1b: Corviknight|99/100\n|move|p1a: Dragapult|Shadow Ball|p2b: Glimmora\n|-damage|p2b: Glimmora|49/100\n|\n|-heal|p1b: Corviknight|100/100|[from] item: Leftovers\n|-damage|p2a: Tinkaton|61/100 brn|[from] brn\n|-sideend|p2: jov_nni|move: Tailwind\n|upkeep\n|turn|5\n|\n|t:|1776685816\n|move|p2b: Glimmora|Spiky Shield|p2b: Glimmora\n|-singleturn|p2b: Glimmora|move: Protect\n|move|p1a: Dragapult|Draco Meteor|p2b: Glimmora\n|-activate|p2b: Glimmora|move: Protect\n|move|p1b: Corviknight|Iron Defense|p1b: Corviknight\n|-boost|p1b: Corviknight|def|2\n|move|p2a: Tinkaton|Gigaton Hammer|p1a: Dragapult\n|-damage|p1a: Dragapult|70/100\n|\n|-damage|p2a: Tinkaton|55/100 brn|[from] brn\n|-sideend|p1: jingming|move: Tailwind\n|upkeep\n|turn|6\n|inactive|jov_nni has 30 seconds left.\n|\n|t:|1776685850\n|detailschange|p2b: Glimmora|Glimmora-Mega, L50, M, shiny\n|-mega|p2b: Glimmora|Glimmora|Glimmoranite\n|move|p2a: Tinkaton|Helping Hand|p2b: Glimmora\n|-singleturn|p2b: Glimmora|Helping Hand|[of] p2a: Tinkaton\n|move|p1a: Dragapult|Draco Meteor|p2b: Glimmora\n|-damage|p2b: Glimmora|0 fnt\n|-unboost|p1a: Dragapult|spa|2\n|faint|p2b: Glimmora\n|move|p1b: Corviknight|Body Press|p2a: Tinkaton\n|-crit|p2a: Tinkaton\n|-damage|p2a: Tinkaton|0 fnt\n|faint|p2a: Tinkaton\n|\n|upkeep\n|\n|t:|1776685863\n|switch|p2b: Corviknight|Corviknight, L50, F|43/100 brn\n|switch|p2a: Basculegion|Basculegion, L50, M, shiny|100/100\n|turn|7\n|\n|t:|1776685879\n|move|p2a: Basculegion|Last Respects|p1a: Dragapult\n|-supereffective|p1a: Dragapult|1\n|-damage|p1a: Dragapult|0 fnt\n|faint|p1a: Dragapult\n|move|p2b: Corviknight|Body Press|p1b: Corviknight\n|-damage|p1b: Corviknight|96/100\n|move|p1b: Corviknight|Iron Defense|p1b: Corviknight\n|-boost|p1b: Corviknight|def|2\n|\n|-heal|p1b: Corviknight|100/100|[from] item: Leftovers\n|-damage|p2b: Corviknight|37/100 brn|[from] brn\n|upkeep\n|\n|t:|1776685891\n|switch|p1a: Aerodactyl|Aerodactyl, L50, M|24/100\n|-ability|p1a: Aerodactyl|Unnerve\n|turn|8\n|\n|t:|1776685899\n|move|p2a: Basculegion|Last Respects|p1a: Aerodactyl\n|-damage|p1a: Aerodactyl|0 fnt\n|faint|p1a: Aerodactyl\n|move|p2b: Corviknight|Iron Defense|p2b: Corviknight\n|-boost|p2b: Corviknight|def|2\n|move|p1b: Corviknight|Brave Bird|p2a: Basculegion\n|-damage|p2a: Basculegion|51/100\n|-damage|p1b: Corviknight|85/100|[from] Recoil\n|\n|-heal|p1b: Corviknight|91/100|[from] item: Leftovers\n|-damage|p2b: Corviknight|31/100 brn|[from] brn\n|upkeep\n|\n|t:|1776685909\n|switch|p1a: Sinistcha|Sinistcha, L50|100/100\n|-heal|p1b: Corviknight|100/100|[from] ability: Hospitality|[of] p1a: Sinistcha\n|turn|9\n|\n|t:|1776685919\n|move|p2a: Basculegion|Last Respects|p1a: Sinistcha\n|-supereffective|p1a: Sinistcha|1\n|-damage|p1a: Sinistcha|0 fnt\n|faint|p1a: Sinistcha\n|move|p2b: Corviknight|Iron Defense|p2b: Corviknight\n|-boost|p2b: Corviknight|def|2\n|move|p1b: Corviknight|Brave Bird|p2a: Basculegion\n|-damage|p2a: Basculegion|7/100\n|-damage|p1b: Corviknight|86/100|[from] Recoil\n|\n|-heal|p1b: Corviknight|92/100|[from] item: Leftovers\n|-damage|p2b: Corviknight|25/100 brn|[from] brn\n|upkeep\n|turn|10\n|\n|t:|1776685935\n|move|p2a: Basculegion|Last Respects|p1b: Corviknight\n|-damage|p1b: Corviknight|65/100\n|move|p2b: Corviknight|Body Press|p1b: Corviknight\n|-damage|p1b: Corviknight|56/100\n|move|p1b: Corviknight|Brave Bird|p2a: Basculegion\n|-crit|p2a: Basculegion\n|-damage|p2a: Basculegion|0 fnt\n|faint|p2a: Basculegion\n|-damage|p1b: Corviknight|54/100|[from] Recoil\n|\n|-heal|p1b: Corviknight|60/100|[from] item: Leftovers\n|-damage|p2b: Corviknight|20/100 brn|[from] brn\n|upkeep\n|turn|11\n|-message|jov_nni forfeited.\n|\n|win|jingming\n|raw|jingming's rating: 1197 &rarr; <strong>1218</strong><br />(+21 for winning)\n|raw|jov_nni's rating: 1141 &rarr; <strong>1120</strong><br />(-21 for losing)\n|l|\u2606jov_nni\n|player|p2|\n",
  "uploadtime": 1776685948,
  "views": 11,
  "formatid": "gen9championsvgc2026regma",
  "rating": 1120,
  "private": 0,
  "password": null
}