{
  "id": "gen9championsvgc2026regma-2580893551",
  "format": "[Gen 9 Champions] VGC 2026 Reg M-A",
  "players": [
    "renjiNL",
    "femboykitte"
  ],
  "log": "|j|\u2606renjiNL\n|j|\u2606femboykitte\n|t:|1775941157\n|gametype|doubles\n|player|p1|renjiNL|265|1000\n|player|p2|femboykitte|170|1052\n|gen|9\n|tier|[Gen 9 Champions] VGC 2026 Reg M-A\n|rated|\n|rule|Species Clause: Limit one of each Pok\u00e9mon\n|rule|Item Clause: Limit 1 of each item\n|clearpoke\n|poke|p1|Aerodactyl, L50, F|\n|poke|p1|Aegislash, L50, M|\n|poke|p1|Blastoise, L50, F|\n|poke|p1|Whimsicott, L50, M|\n|poke|p1|Volcarona, L50, M|\n|poke|p1|Tsareena, L50, F|\n|poke|p2|Floette-Eternal, L50, F|\n|poke|p2|Sinistcha-Masterpiece, L50|\n|poke|p2|Meowstic, L50, M|\n|poke|p2|Talonflame, L50, F|\n|poke|p2|Alcremie, L50, F|\n|poke|p2|Empoleon, L50, F|\n|teampreview|4\n|\n|t:|1775941169\n|teamsize|p1|4\n|teamsize|p2|4\n|start\n|switch|p1a: Whimsicott|Whimsicott, L50, M|100/100\n|switch|p1b: Blastoise|Blastoise, L50, F|100/100\n|switch|p2a: Thing bird|Talonflame, L50, F|100/100\n|switch|p2b: FUCK YOU|Meowstic, L50, M|100/100\n|turn|1\n|\n|t:|1775941187\n|move|p2b: FUCK YOU|Fake Out|p1a: Whimsicott\n|-damage|p1a: Whimsicott|96/100\n|move|p1b: Blastoise|Fake Out|p2a: Thing bird\n|-damage|p2a: Thing bird|91/100\n|cant|p1a: Whimsicott|flinch\n|cant|p2a: Thing bird|flinch\n|\n|upkeep\n|turn|2\n|\n|t:|1775941214\n|detailschange|p1b: Blastoise|Blastoise-Mega, L50, F\n|-mega|p1b: Blastoise|Blastoise|Blastoisinite\n|move|p2b: FUCK YOU|Sunny Day|p2b: FUCK YOU\n|-weather|SunnyDay\n|move|p1a: Whimsicott|Encore|p2b: FUCK YOU\n|-start|p2b: FUCK YOU|Encore\n|move|p2a: Thing bird|Tailwind|p2a: Thing bird\n|-sidestart|p2: femboykitte|move: Tailwind\n|move|p1b: Blastoise|Water Pulse|p2a: Thing bird\n|-supereffective|p2a: Thing bird|1\n|-damage|p2a: Thing bird|21/100\n|\n|-weather|SunnyDay|[upkeep]\n|upkeep\n|turn|3\n|\n|t:|1775941231\n|switch|p2b: Im trans|Floette-Eternal, L50, F|100/100\n|move|p1a: Whimsicott|Tailwind|p1a: Whimsicott\n|-sidestart|p1: renjiNL|move: Tailwind\n|move|p2a: Thing bird|Flare Blitz|p1a: Whimsicott|[miss]\n|-miss|p2a: Thing bird|p1a: Whimsicott\n|move|p1b: Blastoise|Water Pulse|p2a: Thing bird\n|-supereffective|p2a: Thing bird|1\n|-damage|p2a: Thing bird|0 fnt\n|faint|p2a: Thing bird\n|\n|-weather|SunnyDay|[upkeep]\n|upkeep\n|\n|t:|1775941234\n|switch|p2a: tea|Sinistcha-Masterpiece, L50|100/100\n|turn|4\n|\n|t:|1775941259\n|detailschange|p2b: Im trans|Floette-Mega, L50, F\n|-mega|p2b: Im trans|Floette|Floettite\n|-ability|p2b: Im trans|Fairy Aura\n|move|p2a: tea|Rage Powder|p2a: tea\n|-singleturn|p2a: tea|move: Rage Powder\n|move|p1a: Whimsicott|Misty Terrain|p1a: Whimsicott\n|-fieldstart|move: Misty Terrain\n|move|p2b: Im trans|Calm Mind|p2b: Im trans\n|-boost|p2b: Im trans|spa|1\n|-boost|p2b: Im trans|spd|1\n|move|p1b: Blastoise|Terrain Pulse|p2a: tea\n|-damage|p2a: tea|17/100\n|-enditem|p2a: tea|Sitrus Berry|[eat]\n|-heal|p2a: tea|42/100|[from] item: Sitrus Berry\n|\n|-weather|SunnyDay|[upkeep]\n|upkeep\n|turn|5\n|\n|t:|1775941282\n|move|p2a: tea|Rage Powder|p2a: tea\n|-singleturn|p2a: tea|move: Rage Powder\n|move|p1a: Whimsicott|Worry Seed|p2b: Im trans\n|-ability|p2b: Im trans|Insomnia|Fairy Aura|[from] move: Worry Seed\n|move|p2b: Im trans|Dazzling Gleam|p1b: Blastoise|[spread] p1a,p1b\n|-damage|p1a: Whimsicott|30/100\n|-damage|p1b: Blastoise|55/100\n|move|p1b: Blastoise|Dark Pulse|p2a: tea\n|-supereffective|p2a: tea|1\n|-damage|p2a: tea|0 fnt\n|faint|p2a: tea\n|\n|-weather|SunnyDay|[upkeep]\n|-sideend|p2: femboykitte|move: Tailwind\n|upkeep\n|\n|t:|1775941289\n|switch|p2a: FUCK YOU|Meowstic, L50, M|100/100\n|turn|6\n|inactive|Battle timer is ON: inactive players will automatically lose when time's up. (requested by femboykitte)\n|\n|t:|1775941315\n|move|p2a: FUCK YOU|Fake Out|p1a: Whimsicott\n|-damage|p1a: Whimsicott|26/100\n|cant|p1a: Whimsicott|flinch\n|move|p1b: Blastoise|Dark Pulse|p2a: FUCK YOU\n|-supereffective|p2a: FUCK YOU|1\n|-enditem|p2a: FUCK YOU|Focus Sash\n|-damage|p2a: FUCK YOU|1/100\n|move|p2b: Im trans|Dazzling Gleam|p1a: Whimsicott|[spread] p1a,p1b\n|-damage|p1a: Whimsicott|0 fnt\n|-damage|p1b: Blastoise|9/100\n|faint|p1a: Whimsicott\n|\n|-weather|none\n|-sideend|p1: renjiNL|move: Tailwind\n|upkeep\n|\n|t:|1775941332\n|switch|p1a: Aegislash|Aegislash, L50, M|100/100\n|turn|7\n|inactive|femboykitte has 30 seconds left.\n|\n|t:|1775941358\n|move|p2a: FUCK YOU|Sunny Day|p2a: FUCK YOU\n|-weather|SunnyDay\n|move|p2b: Im trans|Dazzling Gleam|p1b: Blastoise|[spread] p1a,p1b\n|-resisted|p1a: Aegislash|1\n|-damage|p1a: Aegislash|74/100\n|-damage|p1b: Blastoise|0 fnt\n|faint|p1b: Blastoise\n|-formechange|p1a: Aegislash|Aegislash-Blade|\n|move|p1a: Aegislash|Iron Head|p2b: Im trans\n|-supereffective|p2b: Im trans|1\n|-damage|p2b: Im trans|0 fnt\n|faint|p2b: Im trans\n|\n|-weather|SunnyDay|[upkeep]\n|upkeep\n|-message|femboykitte forfeited.\n|\n|win|renjiNL\n|raw|renjiNL's rating: 1000 &rarr; <strong>1046</strong><br />(+46 for winning)\n|raw|femboykitte's rating: 1052 &rarr; <strong>1032</strong><br />(-20 for losing)\n|l|\u2606femboykitte\n|player|p2|\n",
  "uploadtime": 1775941375,
  "views": 12,
  "formatid": "gen9championsvgc2026regma",
  "rating": 1032,
  "private": 0,
  "password": null
}