{
  "id": "gen9championsvgc2026regma-2584707897",
  "format": "[Gen 9 Champions] VGC 2026 Reg M-A",
  "players": [
    "Poliwhirl100",
    "camchaotix"
  ],
  "log": "|j|\u2606Poliwhirl100\n|j|\u2606camchaotix\n|t:|1776278155\n|gametype|doubles\n|player|p1|Poliwhirl100|preschooler|1310\n|player|p2|camchaotix|lass-gen4dp|1253\n|gen|9\n|tier|[Gen 9 Champions] VGC 2026 Reg M-A\n|rated|\n|rule|Species Clause: Limit one of each Pok\u00e9mon\n|rule|Item Clause: Limit 1 of each item\n|clearpoke\n|poke|p1|Dragapult, L50, M|\n|poke|p1|Sneasler, L50, M|\n|poke|p1|Excadrill, L50, F|\n|poke|p1|Tyranitar, L50, F|\n|poke|p1|Charizard, L50, M|\n|poke|p1|Corviknight, L50, M|\n|poke|p2|Tyranitar, L50, M|\n|poke|p2|Excadrill, L50, F|\n|poke|p2|Garchomp, L50, M|\n|poke|p2|Incineroar, L50, M|\n|poke|p2|Primarina, L50, M|\n|poke|p2|Sinistcha, L50|\n|teampreview|4\ncamchaotix rejected open team sheets.\n|\n|t:|1776278168\n|teamsize|p1|4\n|teamsize|p2|4\n|start\n|switch|p1a: Sneasler|Sneasler, L50, M|100/100\n|switch|p1b: Corviknight|Corviknight, L50, M|100/100\n|switch|p2a: Tyranitar|Tyranitar, L50, M, shiny|100/100\n|switch|p2b: Excadrill|Excadrill, L50, F, shiny|100/100\n|-weather|Sandstorm|[from] ability: Sand Stream|[of] p2a: Tyranitar\n|turn|1\n|\n|t:|1776278179\n|move|p2b: Excadrill|High Horsepower|p1a: Sneasler\n|-supereffective|p1a: Sneasler|1\n|-enditem|p1a: Sneasler|Shuca Berry|[eat]\n|-enditem|p1a: Sneasler|Shuca Berry|[weaken]\n|-damage|p1a: Sneasler|0 fnt\n|faint|p1a: Sneasler\n|move|p1b: Corviknight|Bulk Up|p1b: Corviknight\n|-boost|p1b: Corviknight|atk|1\n|-boost|p1b: Corviknight|def|1\n|move|p2a: Tyranitar|Rock Slide|p1b: Corviknight\n|-damage|p1b: Corviknight|72/100\n|\n|-weather|Sandstorm|[upkeep]\n|-heal|p1b: Corviknight|78/100|[from] item: Leftovers\n|upkeep\n|\n|t:|1776278195\n|switch|p1a: Excadrill|Excadrill, L50, F|100/100\n|turn|2\n|\n|t:|1776278229\n|move|p1a: Excadrill|High Horsepower|p2b: Excadrill\n|-supereffective|p2b: Excadrill|1\n|-damage|p2b: Excadrill|0 fnt\n|faint|p2b: Excadrill\n|move|p1b: Corviknight|Bulk Up|p1b: Corviknight\n|-boost|p1b: Corviknight|atk|1\n|-boost|p1b: Corviknight|def|1\n|move|p2a: Tyranitar|Knock Off|p1b: Corviknight\n|-damage|p1b: Corviknight|54/100\n|-enditem|p1b: Corviknight|Leftovers|[from] move: Knock Off|[of] p2a: Tyranitar\n|\n|-weather|Sandstorm|[upkeep]\n|upkeep\n|c|\u2606camchaotix|has to be speed tie there then both sandrush with scarf yeah\n|c|\u2606Poliwhirl100|nope\n|\n|t:|1776278254\n|switch|p2b: Incineroar|Incineroar, L50, M, shiny|100/100\n|-ability|p2b: Incineroar|Intimidate|boost\n|-unboost|p1a: Excadrill|atk|1\n|-ability|p1b: Corviknight|Mirror Armor\n|-unboost|p2b: Incineroar|atk|1\n|turn|3\n|c|\u2606Poliwhirl100|mines faster\n|c|\u2606camchaotix|so how tf are you moving faster\n|c|\u2606Poliwhirl100|Its a secret\n|c|\u2606camchaotix|mines sandrush and scarf outpace everything\n|\n|t:|1776278279\n|move|p1b: Corviknight|Protect|p1b: Corviknight\n|-singleturn|p1b: Corviknight|Protect\n|move|p2b: Incineroar|Fake Out|p1a: Excadrill\n|-resisted|p1a: Excadrill|1\n|-damage|p1a: Excadrill|95/100\n|cant|p1a: Excadrill|flinch\n|move|p2a: Tyranitar|Superpower|p1a: Excadrill\n|-supereffective|p1a: Excadrill|1\n|-damage|p1a: Excadrill|0 fnt\n|-unboost|p2a: Tyranitar|atk|1\n|-unboost|p2a: Tyranitar|def|1\n|faint|p1a: Excadrill\n|\n|-weather|Sandstorm|[upkeep]\n|-damage|p2b: Incineroar|95/100|[from] Sandstorm\n|upkeep\n|c|\u2606camchaotix|there is no possible way for yours to be\n|\n|t:|1776278284\n|switch|p1a: Tyranitar|Tyranitar, L50, F|100/100\n|turn|4\n|c|\u2606Poliwhirl100|Of course there is\n|c|\u2606camchaotix|how then\n|\n|t:|1776278303\n|move|p1a: Tyranitar|Protect|p1a: Tyranitar\n|-singleturn|p1a: Tyranitar|Protect\n|move|p1b: Corviknight|Body Press|p2b: Incineroar\n|-supereffective|p2b: Incineroar|1\n|-damage|p2b: Incineroar|21/100\n|-enditem|p2b: Incineroar|Sitrus Berry|[eat]\n|-heal|p2b: Incineroar|46/100|[from] item: Sitrus Berry\n|move|p2a: Tyranitar|Superpower|p1a: Tyranitar\n|-activate|p1a: Tyranitar|move: Protect\n|move|p2b: Incineroar|Flare Blitz|p1b: Corviknight\n|-supereffective|p1b: Corviknight|1\n|-damage|p1b: Corviknight|20/100\n|-damage|p2b: Incineroar|35/100|[from] Recoil\n|\n|-weather|Sandstorm|[upkeep]\n|-damage|p2b: Incineroar|29/100|[from] Sandstorm\n|upkeep\n|turn|5\n|c|\u2606Poliwhirl100|its a ssecret\n|c|\u2606camchaotix|whatever you say boss\n|\n|t:|1776278320\n|detailschange|p1a: Tyranitar|Tyranitar-Mega, L50, F\n|-mega|p1a: Tyranitar|Tyranitar|Tyranitarite\n|move|p1b: Corviknight|Body Press|p2b: Incineroar\n|-supereffective|p2b: Incineroar|1\n|-damage|p2b: Incineroar|0 fnt\n|faint|p2b: Incineroar\n|move|p1a: Tyranitar|Low Kick|p2a: Tyranitar\n|-supereffective|p2a: Tyranitar|2\n|-enditem|p2a: Tyranitar|Chople Berry|[eat]\n|-enditem|p2a: Tyranitar|Chople Berry|[weaken]\n|-damage|p2a: Tyranitar|0 fnt\n|faint|p2a: Tyranitar\n|\n|-weather|none\n|upkeep\n|c|\u2606camchaotix|even with chople berry no way\n|c|\u2606camchaotix|hahahahahha this shit\n|\n|t:|1776278336\n|switch|p2b: Garchomp|Garchomp, L50, M, shiny|100/100\n|turn|6\n|\n|t:|1776278343\n|detailschange|p2b: Garchomp|Garchomp-Mega, L50, M, shiny\n|-mega|p2b: Garchomp|Garchomp|Garchompite\n|move|p2b: Garchomp|Earthquake|p1a: Tyranitar|[spread] p1a\n|-immune|p1b: Corviknight\n|-supereffective|p1a: Tyranitar|1\n|-damage|p1a: Tyranitar|43/100\n|move|p1b: Corviknight|Body Press|p2b: Garchomp\n|-damage|p2b: Garchomp|68/100\n|move|p1a: Tyranitar|Knock Off|p2b: Garchomp\n|-crit|p2b: Garchomp\n|-damage|p2b: Garchomp|9/100\n|\n|upkeep\n|turn|7\n|-message|camchaotix forfeited.\n|\n|win|Poliwhirl100\n|raw|Poliwhirl100's rating: 1310 &rarr; <strong>1327</strong><br />(+17 for winning)\n|raw|camchaotix's rating: 1253 &rarr; <strong>1232</strong><br />(-21 for losing)\n|l|\u2606camchaotix\n|player|p2|\n",
  "uploadtime": 1776278367,
  "views": 26,
  "formatid": "gen9championsvgc2026regma",
  "rating": 1232,
  "private": 0,
  "password": null
}