{
  "id": "gen9championsvgc2026regma-2581912849",
  "format": "[Gen 9 Champions] VGC 2026 Reg M-A",
  "players": [
    "PaintMakesArt",
    "YaOctoBoi"
  ],
  "log": "|j|\u2606PaintMakesArt\n|j|\u2606YaOctoBoi\n|t:|1776039162\n|gametype|doubles\n|player|p1|PaintMakesArt|canari|\n|player|p2|YaOctoBoi|depotagent|\n|gen|9\n|tier|[Gen 9 Champions] VGC 2026 Reg M-A\n|rule|Species Clause: Limit one of each Pok\u00e9mon\n|rule|Item Clause: Limit 1 of each item\n|clearpoke\n|poke|p1|Garchomp, L50, F|\n|poke|p1|Tyranitar, L50, M|\n|poke|p1|Arcanine-Hisui, L50, M|\n|poke|p1|Glimmora, L50, M|\n|poke|p1|Kingambit, L50, M|\n|poke|p1|Whimsicott, L50, F|\n|poke|p2|Pelipper, L50, M|\n|poke|p2|Dragonite, L50, M|\n|poke|p2|Archaludon, L50, M|\n|poke|p2|Rotom-Wash, L50|\n|poke|p2|Incineroar, L50, F|\n|poke|p2|Kingambit, L50, F|\n|teampreview|4\n|c|\u2606YaOctoBoi|sorry, was doing a task\n|c|\u2606PaintMakesArt|gee i wonder what weather im using\n|c|\u2606YaOctoBoi|Sun. (:\n|c|\u2606PaintMakesArt|(:\n|\n|t:|1776039215\n|teamsize|p1|4\n|teamsize|p2|4\n|start\n|switch|p1a: Whimsicott|Whimsicott, L50, F|100/100\n|switch|p1b: Garchomp|Garchomp, L50, F|100/100\n|switch|p2a: mr electric|Rotom-Wash, L50|100/100\n|switch|p2b: rude buster|Incineroar, L50, F|100/100\n|-ability|p2b: rude buster|Intimidate|boost\n|-unboost|p1a: Whimsicott|atk|1\n|-unboost|p1b: Garchomp|atk|1\n|turn|1\n|c|\u2606PaintMakesArt|very glad u have no fighting types\n|c|\u2606YaOctoBoi|don't even worry about it...\n|\n|t:|1776039246\n|switch|p1a: Tyranitar|Tyranitar, L50, M|100/100\n|-weather|Sandstorm|[from] ability: Sand Stream|[of] p1a: Tyranitar\n|move|p2b: rude buster|Fake Out|p1a: Tyranitar\n|-resisted|p1a: Tyranitar|1\n|-damage|p1a: Tyranitar|94/100\n|move|p2a: mr electric|Hydro Pump|p1b: Garchomp|[miss]\n|-miss|p2a: mr electric|p1b: Garchomp\n|move|p1b: Garchomp|Substitute|p1b: Garchomp\n|-start|p1b: Garchomp|Substitute\n|-damage|p1b: Garchomp|76/100\n|\n|-weather|Sandstorm|[upkeep]\n|-damage|p2a: mr electric|95/100|[from] Sandstorm\n|-damage|p2b: rude buster|95/100|[from] Sandstorm\n|-heal|p1a: Tyranitar|99/100|[from] item: Leftovers\n|upkeep\n|turn|2\n|c|\u2606PaintMakesArt|:)\n|c|\u2606YaOctoBoi|it is hard to contain this rage in my body.\n|c|\u2606PaintMakesArt|:))))))))\n|\n|t:|1776039294\n|switch|p2a: snowball|Archaludon, L50, M|100/100\n|move|p1b: Garchomp|Swords Dance|p1b: Garchomp\n|-boost|p1b: Garchomp|atk|2\n|move|p1a: Tyranitar|Knock Off|p2a: snowball\n|-damage|p2a: snowball|50/100\n|-ability|p2a: snowball|Stamina|boost\n|-boost|p2a: snowball|def|1\n|-enditem|p2a: snowball|Leftovers|[from] move: Knock Off|[of] p1a: Tyranitar\n|move|p2b: rude buster|Close Combat|p1a: Tyranitar\n|-supereffective|p1a: Tyranitar|2\n|-damage|p1a: Tyranitar|0 fnt\n|-unboost|p2b: rude buster|def|1\n|-unboost|p2b: rude buster|spd|1\n|faint|p1a: Tyranitar\n|\n|-weather|Sandstorm|[upkeep]\n|-damage|p2b: rude buster|89/100|[from] Sandstorm\n|upkeep\n|\n|t:|1776039309\n|switch|p1a: Whimsicott|Whimsicott, L50, F|100/100\n|turn|3\n|c|\u2606YaOctoBoi|no fighting types, right?\n|c|\u2606PaintMakesArt|yep :)))\n|c|\u2606PaintMakesArt|absolutely no worries\n|\n|t:|1776039334\n|switch|p2b: patches|Pelipper, L50, M|100/100\n|-weather|RainDance|[from] ability: Drizzle|[of] p2b: patches\n|move|p1a: Whimsicott|Tailwind|p1a: Whimsicott\n|-sidestart|p1: PaintMakesArt|move: Tailwind\n|move|p1b: Garchomp|Earthquake|p2b: patches|[spread] p1a,p2a\n|-immune|p2b: patches\n|-resisted|p1a: Whimsicott|1\n|-supereffective|p2a: snowball|1\n|-damage|p1a: Whimsicott|55/100\n|-damage|p2a: snowball|0 fnt\n|faint|p2a: snowball\n|\n|-weather|RainDance|[upkeep]\n|upkeep\n|\n|t:|1776039348\n|switch|p2a: mr electric|Rotom-Wash, L50|95/100\n|turn|4\n|c|\u2606YaOctoBoi|im realizing i really shoulda brought udon\n|\n|t:|1776039364\n|move|p1a: Whimsicott|Moonblast|p2a: mr electric\n|-damage|p2a: mr electric|44/100\n|move|p1b: Garchomp|Dragon Claw|p2a: mr electric\n|-damage|p2a: mr electric|0 fnt\n|faint|p2a: mr electric\n|move|p2b: patches|Hurricane|p1a: Whimsicott\n|-supereffective|p1a: Whimsicott|1\n|-damage|p1a: Whimsicott|0 fnt\n|faint|p1a: Whimsicott\n|\n|-weather|RainDance|[upkeep]\n|upkeep\n|c|\u2606PaintMakesArt|yea\n|\n|t:|1776039375\n|switch|p1a: Kingambit|Kingambit, L50, M|100/100\n|switch|p2a: rude buster|Incineroar, L50, F|89/100\n|-activate|p1a: Kingambit|ability: Supreme Overlord\n|-start|p1a: Kingambit|fallen2|[silent]\n|-ability|p2a: rude buster|Intimidate|boost\n|-unboost|p1a: Kingambit|atk|1\n|-immune|p1b: Garchomp\n|turn|5\n|\n|t:|1776039392\n|move|p2a: rude buster|Fake Out|p1a: Kingambit\n|-resisted|p1a: Kingambit|1\n|-damage|p1a: Kingambit|94/100\n|cant|p1a: Kingambit|flinch\n|move|p1b: Garchomp|Dragon Claw|p2b: patches\n|-damage|p2b: patches|37/100\n|-enditem|p2b: patches|Sitrus Berry|[eat]\n|-heal|p2b: patches|62/100|[from] item: Sitrus Berry\n|move|p2b: patches|Weather Ball|p1b: Garchomp\n|-end|p1b: Garchomp|Substitute\n|\n|-weather|RainDance|[upkeep]\n|upkeep\n|turn|6\n|c|\u2606PaintMakesArt|negative worries even\n|c|\u2606YaOctoBoi|this is it. my final hamon.\n|\n|t:|1776039438\n|move|p1a: Kingambit|Sucker Punch|p2b: patches\n|-damage|p2b: patches|25/100\n|move|p1b: Garchomp|Earthquake|p2b: patches|[spread] p1a,p2a\n|-immune|p2b: patches\n|-supereffective|p1a: Kingambit|1\n|-supereffective|p2a: rude buster|1\n|-damage|p1a: Kingambit|0 fnt\n|-damage|p2a: rude buster|0 fnt\n|faint|p1a: Kingambit\n|-end|p1a: Kingambit|fallen2|[silent]\n|faint|p2a: rude buster\n|move|p2b: patches|Weather Ball|p1b: Garchomp\n|-damage|p1b: Garchomp|5/100\n|\n|-weather|RainDance|[upkeep]\n|-sideend|p1: PaintMakesArt|move: Tailwind\n|upkeep\n|turn|7\n|c|\u2606PaintMakesArt|sorry internet\n|c|\u2606PaintMakesArt|LMAO THE GAMBLE WORKED\n|\n|t:|1776039470\n|move|p2b: patches|Protect|p2b: patches\n|-singleturn|p2b: patches|Protect\n|move|p1b: Garchomp|Dragon Claw|p2b: patches\n|-activate|p2b: patches|move: Protect\n|\n|-weather|none\n|upkeep\n|turn|8\n|\n|t:|1776039478\n|move|p1b: Garchomp|Dragon Claw|p2b: patches\n|-damage|p2b: patches|0 fnt\n|faint|p2b: patches\n|\n|win|PaintMakesArt\n|c|\u2606YaOctoBoi|ough\n|c|\u2606PaintMakesArt|only delaying the inevitable\n",
  "uploadtime": 1776039486,
  "views": 9,
  "formatid": "gen9championsvgc2026regma",
  "rating": null,
  "private": 0,
  "password": null
}