{
  "id": "gen9championsvgc2026regma-2582902825",
  "format": "[Gen 9 Champions] VGC 2026 Reg M-A",
  "players": [
    "Stillhung",
    "ArthurGate"
  ],
  "log": "|j|\u2606Stillhung\n|j|\u203dArthurGate\n|t:|1776123516\n|gametype|doubles\n|player|p1|Stillhung|2|1050\n|player|p2|ArthurGate|veteran|1053\n|gen|9\n|tier|[Gen 9 Champions] VGC 2026 Reg M-A\n|rated|\n|rule|Species Clause: Limit one of each Pok\u00e9mon\n|rule|Item Clause: Limit 1 of each item\n|clearpoke\n|poke|p1|Sneasler, L50, M|\n|poke|p1|Archaludon, L50, F|\n|poke|p1|Gengar, L50, F|\n|poke|p1|Basculegion, L50, M|\n|poke|p1|Incineroar, L50, M|\n|poke|p1|Pelipper, L50, F|\n|poke|p2|Kommo-o, L50, M|\n|poke|p2|Gengar, L50, M|\n|poke|p2|Sinistcha-Masterpiece, L50|\n|poke|p2|Incineroar, L50, F|\n|poke|p2|Volcarona, L50, F|\n|poke|p2|Aegislash, L50, M|\n|teampreview|4\n|inactive|Battle timer is ON: inactive players will automatically lose when time's up. (requested by ArthurGate)\nArthurGate rejected open team sheets.\n|\n|t:|1776123555\n|teamsize|p1|4\n|teamsize|p2|4\n|start\n|switch|p1a: Incineroar|Incineroar, L50, M|100/100\n|switch|p1b: Gengar|Gengar, L50, F|100/100\n|switch|p2a: Kommo-o|Kommo-o, L50, M|100/100\n|switch|p2b: Incineroar|Incineroar, L50, F|100/100\n|-ability|p2b: Incineroar|Intimidate|boost\n|-unboost|p1a: Incineroar|atk|1\n|-unboost|p1b: Gengar|atk|1\n|-ability|p1a: Incineroar|Intimidate|boost\n|-unboost|p2a: Kommo-o|atk|1\n|-unboost|p2b: Incineroar|atk|1\n|turn|1\n|\n|t:|1776123576\n|detailschange|p1b: Gengar|Gengar-Mega, L50, F\n|-mega|p1b: Gengar|Gengar|Gengarite\n|move|p2b: Incineroar|Fake Out|p1a: Incineroar\n|-crit|p1a: Incineroar\n|-damage|p1a: Incineroar|81/100\n|cant|p1a: Incineroar|flinch\n|move|p1b: Gengar|Will-O-Wisp|p2a: Kommo-o\n|-status|p2a: Kommo-o|brn\n|move|p2a: Kommo-o|Clangorous Soul|p2a: Kommo-o\n|-boost|p2a: Kommo-o|atk|1\n|-boost|p2a: Kommo-o|def|1\n|-boost|p2a: Kommo-o|spa|1\n|-boost|p2a: Kommo-o|spd|1\n|-boost|p2a: Kommo-o|spe|1\n|-damage|p2a: Kommo-o|68/100 brn\n|\n|-damage|p2a: Kommo-o|62/100 brn|[from] brn\n|upkeep\n|turn|2\n|\n|t:|1776123599\n|move|p1b: Gengar|Protect|p1b: Gengar\n|-singleturn|p1b: Gengar|Protect\n|move|p2a: Kommo-o|Clangorous Soul|p2a: Kommo-o\n|-boost|p2a: Kommo-o|atk|1\n|-boost|p2a: Kommo-o|def|1\n|-boost|p2a: Kommo-o|spa|1\n|-boost|p2a: Kommo-o|spd|1\n|-boost|p2a: Kommo-o|spe|1\n|-damage|p2a: Kommo-o|29/100 brn\n|move|p2b: Incineroar|Parting Shot|p1b: Gengar\n|-activate|p1b: Gengar|move: Protect\n|move|p1a: Incineroar|Parting Shot|p2a: Kommo-o\n|-immune|p2a: Kommo-o|[from] ability: Soundproof\n|\n|-damage|p2a: Kommo-o|23/100 brn|[from] brn\n|upkeep\n|turn|3\n|inactive|Stillhung has 30 seconds left.\n|inactive|Stillhung has 20 seconds left.\n|\n|t:|1776123639\n|switch|p1b: Pelipper|Pelipper, L50, F|100/100\n|-weather|RainDance|[from] ability: Drizzle|[of] p1b: Pelipper\n|switch|p1a: Basculegion|Basculegion, L50, M|100/100\n|move|p2a: Kommo-o|Drain Punch|p1a: Basculegion\n|-immune|p1a: Basculegion\n|move|p2b: Incineroar|Parting Shot|p1b: Pelipper\n|-unboost|p1b: Pelipper|atk|1\n|-unboost|p1b: Pelipper|spa|1\n|\n|t:|1776123650\n|switch|p2b: Aegislash|Aegislash, L50, M, shiny|100/100|[from] Parting Shot\n|\n|-weather|RainDance|[upkeep]\n|-damage|p2a: Kommo-o|17/100 brn|[from] brn\n|upkeep\n|turn|4\n|inactive|Stillhung has 30 seconds left.\n|inactive|ArthurGate has 30 seconds left.\n|\n|t:|1776123681\n|move|p1a: Basculegion|Protect|p1a: Basculegion\n|-singleturn|p1a: Basculegion|Protect\n|move|p2a: Kommo-o|Boomburst|p1b: Pelipper|[spread] p1b\n|-activate|p1a: Basculegion|move: Protect\n|-immune|p2b: Aegislash\n|-damage|p1b: Pelipper|41/100\n|move|p1b: Pelipper|Hurricane|p2a: Kommo-o\n|-supereffective|p2a: Kommo-o|1\n|-damage|p2a: Kommo-o|0 fnt\n|faint|p2a: Kommo-o\n|-formechange|p2b: Aegislash|Aegislash-Blade|\n|move|p2b: Aegislash|Shadow Ball|p1a: Basculegion\n|-activate|p1a: Basculegion|move: Protect\n|\n|-weather|RainDance|[upkeep]\n|upkeep\n|\n|t:|1776123696\n|switch|p2a: Gengar|Gengar, L50, M, shiny|100/100\n|turn|5\n|\n|t:|1776123706\n|switch|p1b: Incineroar|Incineroar, L50, M|81/100\n|-ability|p1b: Incineroar|Intimidate|boost\n|-unboost|p2a: Gengar|atk|1\n|-unboost|p2b: Aegislash|atk|1\n|-enditem|p2b: Aegislash|White Herb\n|-clearnegativeboost|p2b: Aegislash|[silent]\n|detailschange|p2a: Gengar|Gengar-Mega, L50, M, shiny\n|-mega|p2a: Gengar|Gengar|Gengarite\n|move|p2a: Gengar|Protect|p2a: Gengar\n|-singleturn|p2a: Gengar|Protect\n|-formechange|p2b: Aegislash|Aegislash|\n|move|p2b: Aegislash|King's Shield|p2b: Aegislash\n|-singleturn|p2b: Aegislash|Protect\n|move|p1a: Basculegion|Phantom Force||[still]\n|-prepare|p1a: Basculegion|Phantom Force\n|\n|-weather|RainDance|[upkeep]\n|upkeep\n|turn|6\n|\n|t:|1776123728\n|switch|p2a: Incineroar|Incineroar, L50, F|100/100\n|-ability|p2a: Incineroar|Intimidate|boost\n|-unboost|p1a: Basculegion|atk|1\n|-unboost|p1b: Incineroar|atk|1\n|move|p1a: Basculegion|Phantom Force|p2b: Aegislash|[from] lockedmove\n|-supereffective|p2b: Aegislash|1\n|-damage|p2b: Aegislash|50/100\n|move|p1b: Incineroar|Parting Shot|p2a: Incineroar\n|-unboost|p2a: Incineroar|atk|1\n|-unboost|p2a: Incineroar|spa|1\n|\n|t:|1776123738\n|switch|p1b: Gengar|Gengar-Mega, L50, F|100/100|[from] Parting Shot\n|-formechange|p2b: Aegislash|Aegislash-Blade|\n|move|p2b: Aegislash|Shadow Ball|p1a: Basculegion\n|-supereffective|p1a: Basculegion|1\n|-damage|p1a: Basculegion|16/100\n|-unboost|p1a: Basculegion|spd|1\n|\n|-weather|RainDance|[upkeep]\n|upkeep\n|turn|7\n|\n|t:|1776123757\n|-formechange|p2b: Aegislash|Aegislash|\n|move|p2b: Aegislash|King's Shield|p2b: Aegislash\n|-singleturn|p2b: Aegislash|Protect\n|move|p1a: Basculegion|Phantom Force||[still]\n|-prepare|p1a: Basculegion|Phantom Force\n|move|p1b: Gengar|Sludge Bomb|p2a: Incineroar\n|-damage|p2a: Incineroar|51/100\n|move|p2a: Incineroar|Parting Shot|p1b: Gengar\n|-unboost|p1b: Gengar|atk|1\n|-unboost|p1b: Gengar|spa|1\n|\n|t:|1776123770\n|switch|p2a: Gengar|Gengar-Mega, L50, M, shiny|100/100|[from] Parting Shot\n|\n|-weather|none\n|upkeep\n|turn|8\n|\n|t:|1776123786\n|switch|p1b: Pelipper|Pelipper, L50, F|41/100\n|-weather|RainDance|[from] ability: Drizzle|[of] p1b: Pelipper\n|move|p1a: Basculegion|Phantom Force|p2b: Aegislash|[from] lockedmove\n|-supereffective|p2b: Aegislash|1\n|-damage|p2b: Aegislash|2/100\n|move|p2a: Gengar|Shadow Ball|p1b: Pelipper\n|-damage|p1b: Pelipper|0 fnt\n|faint|p1b: Pelipper\n|-formechange|p2b: Aegislash|Aegislash-Blade|\n|move|p2b: Aegislash|Shadow Ball|p1a: Basculegion\n|-supereffective|p1a: Basculegion|1\n|-crit|p1a: Basculegion\n|-damage|p1a: Basculegion|0 fnt\n|faint|p1a: Basculegion\n|\n|-weather|RainDance|[upkeep]\n|upkeep\n|\n|t:|1776123800\n|switch|p1a: Incineroar|Incineroar, L50, M|81/100\n|switch|p1b: Gengar|Gengar-Mega, L50, F|100/100\n|-ability|p1a: Incineroar|Intimidate|boost\n|-unboost|p2a: Gengar|atk|1\n|-unboost|p2b: Aegislash|atk|1\n|turn|9\n|\n|t:|1776123823\n|move|p2a: Gengar|Protect|p2a: Gengar\n|-singleturn|p2a: Gengar|Protect\n|-formechange|p2b: Aegislash|Aegislash|\n|move|p2b: Aegislash|King's Shield|p2b: Aegislash\n|-singleturn|p2b: Aegislash|Protect\n|move|p1b: Gengar|Shadow Ball|p2b: Aegislash\n|-activate|p2b: Aegislash|move: Protect\n|move|p1a: Incineroar|Darkest Lariat|p2a: Gengar\n|-activate|p2a: Gengar|move: Protect\n|\n|-weather|RainDance|[upkeep]\n|upkeep\n|turn|10\n|\n|t:|1776123844\n|switch|p2b: Incineroar|Incineroar, L50, F|51/100\n|-ability|p2b: Incineroar|Intimidate|boost\n|-unboost|p1a: Incineroar|atk|1\n|-unboost|p1b: Gengar|atk|1\n|move|p1b: Gengar|Protect|p1b: Gengar\n|-singleturn|p1b: Gengar|Protect\n|move|p2a: Gengar|Shadow Ball|p1b: Gengar\n|-activate|p1b: Gengar|move: Protect\n|move|p1a: Incineroar|Darkest Lariat|p2a: Gengar\n|-supereffective|p2a: Gengar|1\n|-damage|p2a: Gengar|25/100\n|\n|-weather|RainDance|[upkeep]\n|upkeep\n|turn|11\n|inactive|Stillhung has 30 seconds left.\n|\n|t:|1776123877\n|move|p2a: Gengar|Shadow Ball|p1b: Gengar\n|-supereffective|p1b: Gengar|1\n|-damage|p1b: Gengar|0 fnt\n|faint|p1b: Gengar\n|move|p2b: Incineroar|Darkest Lariat|p1a: Incineroar\n|-resisted|p1a: Incineroar|1\n|-damage|p1a: Incineroar|63/100\n|move|p1a: Incineroar|Darkest Lariat|p2a: Gengar\n|-supereffective|p2a: Gengar|1\n|-damage|p2a: Gengar|0 fnt\n|faint|p2a: Gengar\n|\n|-weather|RainDance|[upkeep]\n|upkeep\n|\n|t:|1776123888\n|switch|p2a: Aegislash|Aegislash, L50, M, shiny|2/100\n|turn|12\n|\n|t:|1776123906\n|move|p2a: Aegislash|King's Shield|p2a: Aegislash\n|-singleturn|p2a: Aegislash|Protect\n|move|p2b: Incineroar|Parting Shot|p1a: Incineroar\n|-unboost|p1a: Incineroar|atk|1\n|-unboost|p1a: Incineroar|spa|1\n|move|p1a: Incineroar|Darkest Lariat|p2b: Incineroar\n|-resisted|p2b: Incineroar|1\n|-damage|p2b: Incineroar|41/100\n|-enditem|p2b: Incineroar|Sitrus Berry|[eat]\n|-heal|p2b: Incineroar|66/100|[from] item: Sitrus Berry\n|\n|-weather|none\n|upkeep\n|turn|13\n|\n|t:|1776123923\n|move|p2b: Incineroar|Darkest Lariat|p1a: Incineroar\n|-resisted|p1a: Incineroar|1\n|-damage|p1a: Incineroar|43/100\n|-enditem|p1a: Incineroar|Sitrus Berry|[eat]\n|-heal|p1a: Incineroar|68/100|[from] item: Sitrus Berry\n|move|p1a: Incineroar|Darkest Lariat|p2a: Aegislash\n|-supereffective|p2a: Aegislash|1\n|-damage|p2a: Aegislash|0 fnt\n|faint|p2a: Aegislash\n|\n|upkeep\n|turn|14\n|\n|t:|1776123931\n|move|p2b: Incineroar|Darkest Lariat|p1a: Incineroar\n|-resisted|p1a: Incineroar|1\n|-damage|p1a: Incineroar|48/100\n|move|p1a: Incineroar|Parting Shot|p2b: Incineroar\n|-unboost|p2b: Incineroar|atk|1\n|-unboost|p2b: Incineroar|spa|1\n|\n|upkeep\n|turn|15\n|\n|t:|1776123942\n|move|p2b: Incineroar|Darkest Lariat|p1a: Incineroar\n|-resisted|p1a: Incineroar|1\n|-damage|p1a: Incineroar|36/100\n|move|p1a: Incineroar|Parting Shot|p2b: Incineroar\n|-unboost|p2b: Incineroar|atk|1\n|-unboost|p2b: Incineroar|spa|1\n|\n|upkeep\n|turn|16\n|\n|t:|1776123952\n|move|p2b: Incineroar|Parting Shot|p1a: Incineroar\n|-unboost|p1a: Incineroar|atk|1\n|-unboost|p1a: Incineroar|spa|1\n|move|p1a: Incineroar|Flare Blitz|p2b: Incineroar\n|-resisted|p2b: Incineroar|1\n|-damage|p2b: Incineroar|56/100\n|-damage|p1a: Incineroar|32/100|[from] Recoil\n|\n|upkeep\n|turn|17\n|\n|t:|1776123961\n|move|p2b: Incineroar|Darkest Lariat|p1a: Incineroar\n|-resisted|p1a: Incineroar|1\n|-damage|p1a: Incineroar|23/100\n|move|p1a: Incineroar|Darkest Lariat|p2b: Incineroar\n|-resisted|p2b: Incineroar|1\n|-damage|p2b: Incineroar|49/100\n|\n|upkeep\n|turn|18\n|\n|t:|1776123968\n|move|p2b: Incineroar|Darkest Lariat|p1a: Incineroar\n|-resisted|p1a: Incineroar|1\n|-damage|p1a: Incineroar|14/100\n|move|p1a: Incineroar|Parting Shot|p2b: Incineroar\n|-unboost|p2b: Incineroar|atk|1\n|-unboost|p2b: Incineroar|spa|1\n|\n|upkeep\n|turn|19\n|\n|t:|1776123975\n|move|p2b: Incineroar|Darkest Lariat|p1a: Incineroar\n|-resisted|p1a: Incineroar|1\n|-damage|p1a: Incineroar|7/100\n|move|p1a: Incineroar|Darkest Lariat|p2b: Incineroar\n|-resisted|p2b: Incineroar|1\n|-damage|p2b: Incineroar|42/100\n|\n|upkeep\n|turn|20\n|\n|t:|1776123981\n|move|p2b: Incineroar|Darkest Lariat|p1a: Incineroar\n|-resisted|p1a: Incineroar|1\n|-damage|p1a: Incineroar|0 fnt\n|faint|p1a: Incineroar\n|\n|win|ArthurGate\n|raw|Stillhung's rating: 1050 &rarr; <strong>1033</strong><br />(-17 for losing)\n|raw|ArthurGate's rating: 1053 &rarr; <strong>1085</strong><br />(+32 for winning)\n|c|\u2606Stillhung|Hilarious endgame\n|c|\u2606Stillhung|gg\n",
  "uploadtime": 1776123988,
  "views": 31,
  "formatid": "gen9championsvgc2026regma",
  "rating": 1033,
  "private": 0,
  "password": null
}