{
  "id": "gen9championsvgc2026regma-2582948479",
  "format": "[Gen 9 Champions] VGC 2026 Reg M-A",
  "players": [
    "UnloshTheWash",
    "yufgyukyu6k"
  ],
  "log": "|j|\u203dUnloshTheWash\n|j|\u2606yufgyukyu6k\n|t:|1776127593\n|gametype|doubles\n|player|p1|UnloshTheWash|red|1214\n|player|p2|yufgyukyu6k|265|1321\n|gen|9\n|tier|[Gen 9 Champions] VGC 2026 Reg M-A\n|rated|\n|rule|Species Clause: Limit one of each Pok\u00e9mon\n|rule|Item Clause: Limit 1 of each item\n|clearpoke\n|poke|p1|Delphox, L50, M|\n|poke|p1|Mamoswine, L50, M|\n|poke|p1|Orthworm, L50, F|\n|poke|p1|Rotom-Wash, L50|\n|poke|p1|Maushold-Four, L50|\n|poke|p1|Sneasler, L50, F|\n|poke|p2|Delphox, L50, F|\n|poke|p2|Garchomp, L50, M|\n|poke|p2|Whimsicott, L50, F|\n|poke|p2|Sneasler, L50, M|\n|poke|p2|Kingambit, L50, M|\n|poke|p2|Rotom-Wash, L50|\n|teampreview|4\n|\n|t:|1776127634\n|teamsize|p1|4\n|teamsize|p2|4\n|start\n|switch|p1a: Orthworm|Orthworm, L50, F|100/100\n|switch|p1b: Mamoswine|Mamoswine, L50, M|100/100\n|switch|p2a: Sneasler|Sneasler, L50, M|100/100\n|switch|p2b: Whimsicott|Whimsicott, L50, F|100/100\n|turn|1\n|\n|t:|1776127665\n|move|p2b: Whimsicott|Tailwind|p2b: Whimsicott\n|-sidestart|p2: yufgyukyu6k|move: Tailwind\n|move|p2a: Sneasler|Close Combat|p1b: Mamoswine\n|-supereffective|p1b: Mamoswine|1\n|-enditem|p1b: Mamoswine|Focus Sash\n|-damage|p1b: Mamoswine|1/100\n|-unboost|p2a: Sneasler|def|1\n|-unboost|p2a: Sneasler|spd|1\n|-enditem|p2a: Sneasler|White Herb\n|-clearnegativeboost|p2a: Sneasler|[silent]\n|move|p1b: Mamoswine|Earthquake|p2b: Whimsicott|[spread] p2a,p2b\n|-immune|p1a: Orthworm|[from] ability: Earth Eater\n|-supereffective|p2a: Sneasler|1\n|-resisted|p2b: Whimsicott|1\n|-damage|p2a: Sneasler|0 fnt\n|-damage|p2b: Whimsicott|70/100\n|faint|p2a: Sneasler\n|move|p1a: Orthworm|Heavy Slam|p2b: Whimsicott\n|-supereffective|p2b: Whimsicott|1\n|-damage|p2b: Whimsicott|0 fnt\n|faint|p2b: Whimsicott\n|\n|upkeep\n|\n|t:|1776127683\n|switch|p2a: Delphox|Delphox, L50, F|100/100\n|switch|p2b: Garchomp|Garchomp, L50, M|100/100\n|turn|2\n|\n|t:|1776127707\n|detailschange|p2a: Delphox|Delphox-Mega, L50, F\n|-mega|p2a: Delphox|Delphox|Delphoxite\n|move|p1b: Mamoswine|Protect|p1b: Mamoswine\n|-singleturn|p1b: Mamoswine|Protect\n|move|p1a: Orthworm|Protect|p1a: Orthworm\n|-singleturn|p1a: Orthworm|Protect\n|move|p2b: Garchomp|Earthquake|p1a: Orthworm|[spread] \n|-activate|p1a: Orthworm|move: Protect\n|-activate|p1b: Mamoswine|move: Protect\n|-immune|p2a: Delphox|[from] ability: Levitate\n|move|p2a: Delphox|Heat Wave|p1b: Mamoswine|[spread] \n|-activate|p1a: Orthworm|move: Protect\n|-activate|p1b: Mamoswine|move: Protect\n|\n|upkeep\n|turn|3\n|\n|t:|1776127732\n|move|p1b: Mamoswine|Ice Shard|p2b: Garchomp\n|-supereffective|p2b: Garchomp|2\n|-damage|p2b: Garchomp|0 fnt\n|faint|p2b: Garchomp\n|move|p2a: Delphox|Heat Wave|p1a: Orthworm|[spread] p1a,p1b\n|-supereffective|p1a: Orthworm|1\n|-supereffective|p1b: Mamoswine|1\n|-damage|p1a: Orthworm|5/100\n|-damage|p1b: Mamoswine|0 fnt\n|-enditem|p1a: Orthworm|Sitrus Berry|[eat]\n|-heal|p1a: Orthworm|30/100|[from] item: Sitrus Berry\n|faint|p1b: Mamoswine\n|move|p1a: Orthworm|Body Press|p2a: Delphox\n|-resisted|p2a: Delphox|1\n|-damage|p2a: Delphox|80/100\n|\n|upkeep\n|\n|t:|1776127747\n|switch|p1b: Sneasler|Sneasler, L50, F|100/100\n|turn|4\n|\n|t:|1776127756\n|move|p2a: Delphox|Protect|p2a: Delphox\n|-singleturn|p2a: Delphox|Protect\n|move|p1b: Sneasler|Fake Out|p2a: Delphox\n|-activate|p2a: Delphox|move: Protect\n|move|p1a: Orthworm|Body Press|p2a: Delphox\n|-activate|p2a: Delphox|move: Protect\n|\n|-sideend|p2: yufgyukyu6k|move: Tailwind\n|upkeep\n|turn|5\n|\n|t:|1776127766\n|move|p2a: Delphox|Psychic|p1b: Sneasler\n|-supereffective|p1b: Sneasler|2\n|-damage|p1b: Sneasler|0 fnt\n|faint|p1b: Sneasler\n|move|p1a: Orthworm|Body Press|p2a: Delphox\n|-resisted|p2a: Delphox|1\n|-damage|p2a: Delphox|59/100\n|\n|upkeep\n|\n|t:|1776127768\n|switch|p1b: Delphox|Delphox, L50, M|100/100\n|turn|6\n|\n|t:|1776127778\n|detailschange|p1b: Delphox|Delphox-Mega, L50, M\n|-mega|p1b: Delphox|Delphox|Delphoxite\n|move|p2a: Delphox|Heat Wave|p1b: Delphox|[spread] p1b\n|-miss|p2a: Delphox|p1a: Orthworm\n|-resisted|p1b: Delphox|1\n|-damage|p1b: Delphox|81/100\n|move|p1b: Delphox|Psychic|p2a: Delphox\n|-resisted|p2a: Delphox|1\n|-damage|p2a: Delphox|35/100\n|move|p1a: Orthworm|Body Press|p2a: Delphox\n|-resisted|p2a: Delphox|1\n|-damage|p2a: Delphox|12/100\n|\n|upkeep\n|turn|7\n|\n|t:|1776127789\n|move|p2a: Delphox|Heat Wave|p1a: Orthworm|[spread] p1a,p1b\n|-supereffective|p1a: Orthworm|1\n|-resisted|p1b: Delphox|1\n|-damage|p1a: Orthworm|0 fnt\n|-damage|p1b: Delphox|60/100\n|faint|p1a: Orthworm\n|move|p1b: Delphox|Psychic|p2a: Delphox\n|-resisted|p2a: Delphox|1\n|-damage|p2a: Delphox|0 fnt\n|faint|p2a: Delphox\n|\n|win|UnloshTheWash\n|raw|UnloshTheWash's rating: 1214 &rarr; <strong>1246</strong><br />(+32 for winning)\n|raw|yufgyukyu6k's rating: 1321 &rarr; <strong>1295</strong><br />(-26 for losing)\n|l|\u2606yufgyukyu6k\n|player|p2|\n",
  "uploadtime": 1776127802,
  "views": 20,
  "formatid": "gen9championsvgc2026regma",
  "rating": 1246,
  "private": 0,
  "password": null
}