{
  "id": "gen9championsvgc2026regma-2584532876",
  "format": "[Gen 9 Champions] VGC 2026 Reg M-A",
  "players": [
    "nikbutawesome",
    "Creamflux"
  ],
  "log": "|j|\u2606nikbutawesome\n|j|\u2606Creamflux\n|t:|1776267055\n|gametype|doubles\n|player|p1|nikbutawesome|265|1192\n|player|p2|Creamflux|265|1230\n|gen|9\n|tier|[Gen 9 Champions] VGC 2026 Reg M-A\n|rated|\n|rule|Species Clause: Limit one of each Pok\u00e9mon\n|rule|Item Clause: Limit 1 of each item\n|clearpoke\n|poke|p1|Scizor, L50, M|\n|poke|p1|Tyranitar, L50, F|\n|poke|p1|Incineroar, L50, F|\n|poke|p1|Aerodactyl, L50, M|\n|poke|p1|Rotom-Wash, L50|\n|poke|p1|Maushold-Four, L50|\n|poke|p2|Ceruledge, L50, F|\n|poke|p2|Sneasler, L50, F|\n|poke|p2|Rotom-Mow, L50|\n|poke|p2|Milotic, L50, F|\n|poke|p2|Aerodactyl, L50, F|\n|poke|p2|Floette-Eternal, L50, F|\n|teampreview|4\n|\n|t:|1776267087\n|teamsize|p1|4\n|teamsize|p2|4\n|start\n|switch|p1a: Maushold|Maushold-Four, L50|100/100\n|switch|p1b: Scizor|Scizor, L50, M|100/100\n|switch|p2a: Rotom|Rotom-Mow, L50|100/100\n|switch|p2b: Ceruledge|Ceruledge, L50, F|100/100\n|turn|1\n|\n|t:|1776267129\n|detailschange|p1b: Scizor|Scizor-Mega, L50, M\n|-mega|p1b: Scizor|Scizor|Scizorite\n|move|p1a: Maushold|Follow Me|p1a: Maushold\n|-singleturn|p1a: Maushold|move: Follow Me\n|move|p2a: Rotom|Volt Switch|p1a: Maushold\n|-damage|p1a: Maushold|63/100\n|\n|t:|1776267139\n|switch|p2a: Sneasler|Sneasler, L50, F|100/100|[from] Volt Switch\n|move|p1b: Scizor|Swords Dance|p1b: Scizor\n|-boost|p1b: Scizor|atk|2\n|move|p2b: Ceruledge|Bulk Up|p2b: Ceruledge\n|-boost|p2b: Ceruledge|atk|1\n|-boost|p2b: Ceruledge|def|1\n|\n|upkeep\n|turn|2\n|\n|t:|1776267153\n|move|p1a: Maushold|Follow Me|p1a: Maushold\n|-singleturn|p1a: Maushold|move: Follow Me\n|move|p2a: Sneasler|Close Combat|p1a: Maushold\n|-supereffective|p1a: Maushold|1\n|-enditem|p1a: Maushold|Chople Berry|[eat]\n|-enditem|p1a: Maushold|Chople Berry|[weaken]\n|-damage|p1a: Maushold|0 fnt\n|-unboost|p2a: Sneasler|def|1\n|-unboost|p2a: Sneasler|spd|1\n|faint|p1a: Maushold\n|-enditem|p2a: Sneasler|White Herb\n|-clearnegativeboost|p2a: Sneasler|[silent]\n|move|p1b: Scizor|Dual Wingbeat|p2a: Sneasler\n|-supereffective|p2a: Sneasler|1\n|-damage|p2a: Sneasler|0 fnt\n|faint|p2a: Sneasler\n|-hitcount|p2: Sneasler|1\n|move|p2b: Ceruledge|Bitter Blade|p1b: Scizor\n|-supereffective|p1b: Scizor|2\n|-damage|p1b: Scizor|0 fnt\n|faint|p1b: Scizor\n|\n|upkeep\n|\n|t:|1776267177\n|switch|p2a: Milotic|Milotic, L50, F|100/100\n|switch|p1a: Rotom|Rotom-Wash, L50|100/100\n|switch|p1b: Aerodactyl|Aerodactyl, L50, M|100/100\n|-ability|p1b: Aerodactyl|Unnerve\n|turn|3\n|\n|t:|1776267197\n|move|p2b: Ceruledge|Protect|p2b: Ceruledge\n|-singleturn|p2b: Ceruledge|Protect\n|move|p1a: Rotom|Thunderbolt|p2a: Milotic\n|-supereffective|p2a: Milotic|1\n|-damage|p2a: Milotic|44/100\n|move|p1b: Aerodactyl|Rock Slide|p2a: Milotic|[spread] p2a\n|-activate|p2b: Ceruledge|move: Protect\n|-damage|p2a: Milotic|26/100\n|move|p2a: Milotic|Scald|p1b: Aerodactyl\n|-supereffective|p1b: Aerodactyl|1\n|-damage|p1b: Aerodactyl|19/100\n|-status|p1b: Aerodactyl|brn\n|\n|-heal|p2a: Milotic|32/100|[from] item: Leftovers\n|-damage|p1b: Aerodactyl|13/100 brn|[from] brn\n|upkeep\n|turn|4\n|\n|t:|1776267227\n|move|p1a: Rotom|Thunderbolt|p2a: Milotic\n|-supereffective|p2a: Milotic|1\n|-damage|p2a: Milotic|0 fnt\n|faint|p2a: Milotic\n|move|p1b: Aerodactyl|Rock Slide|p2b: Ceruledge\n|-supereffective|p2b: Ceruledge|1\n|-damage|p2b: Ceruledge|77/100\n|move|p2b: Ceruledge|Bitter Blade|p1a: Rotom\n|-resisted|p1a: Rotom|1\n|-damage|p1a: Rotom|49/100\n|-heal|p2b: Ceruledge|96/100|[from] drain|[of] p1a: Rotom\n|\n|-damage|p1b: Aerodactyl|8/100 brn|[from] brn\n|upkeep\n|\n|t:|1776267241\n|switch|p2a: Rotom|Rotom-Mow, L50|100/100\n|turn|5\n|\n|t:|1776267254\n|move|p2b: Ceruledge|Shadow Sneak|p1b: Aerodactyl\n|-damage|p1b: Aerodactyl|0 fnt\n|faint|p1b: Aerodactyl\n|move|p1a: Rotom|Thunderbolt|p2b: Ceruledge\n|-damage|p2b: Ceruledge|54/100\n|-status|p2b: Ceruledge|par\n|move|p2a: Rotom|Leaf Storm|p1a: Rotom\n|-supereffective|p1a: Rotom|1\n|-damage|p1a: Rotom|0 fnt\n|-unboost|p2a: Rotom|spa|2\n|faint|p1a: Rotom\n|\n|win|Creamflux\n|raw|nikbutawesome's rating: 1192 &rarr; <strong>1170</strong><br />(-22 for losing)\n|raw|Creamflux's rating: 1230 &rarr; <strong>1252</strong><br />(+22 for winning)\n",
  "uploadtime": 1776267262,
  "views": 26,
  "formatid": "gen9championsvgc2026regma",
  "rating": 1170,
  "private": 0,
  "password": null
}