{
  "id": "gen9championsvgc2026regma-2580410332",
  "format": "[Gen 9 Champions] VGC 2026 Reg M-A",
  "players": [
    "TorkoalWQuickclaw",
    "gyvesd"
  ],
  "log": "|j|\u2606TorkoalWQuickclaw\n|j|\u2606gyvesd\n|t:|1775892285\n|gametype|doubles\n|player|p1|TorkoalWQuickclaw|169|1114\n|player|p2|gyvesd|265|1114\n|gen|9\n|tier|[Gen 9 Champions] VGC 2026 Reg M-A\n|rated|\n|rule|Species Clause: Limit one of each Pok\u00e9mon\n|rule|Item Clause: Limit 1 of each item\n|clearpoke\n|poke|p1|Floette-Eternal, L50, F|\n|poke|p1|Maushold, L50|\n|poke|p1|Garchomp, L50, M|\n|poke|p1|Talonflame, L50, M|\n|poke|p1|Rotom-Wash, L50|\n|poke|p1|Aegislash, L50, F|\n|poke|p2|Froslass, L50, F|\n|poke|p2|Vivillon, L50, F|\n|poke|p2|Glimmora, L50, F|\n|poke|p2|Archaludon, L50, M|\n|poke|p2|Volcarona, L50, F|\n|poke|p2|Sharpedo, L50, M|\n|teampreview|4\nTorkoalWQuickclaw has agreed to open team sheets.\n|j| DragonDefense\n|\n|t:|1775892324\n|teamsize|p1|4\n|teamsize|p2|4\n|start\n|switch|p1a: Floette|Floette-Eternal, L50, F|100/100\n|switch|p1b: Aegislash|Aegislash, L50, F|100/100\n|switch|p2a: Vivillon|Vivillon, L50, F|100/100\n|switch|p2b: Archaludon|Archaludon, L50, M|100/100\n|turn|1\n|j| gE1xjZRtuhW2DdT0AK\n|-activate|p2a: Vivillon|item: Quick Claw\n|\n|t:|1775892335\n|detailschange|p1a: Floette|Floette-Mega, L50, F\n|-mega|p1a: Floette|Floette|Floettite\n|-ability|p1a: Floette|Fairy Aura\n|move|p2a: Vivillon|Sleep Powder|p1a: Floette\n|-status|p1a: Floette|slp|[from] move: Sleep Powder\n|cant|p1a: Floette|slp\n|move|p2b: Archaludon|Heavy Slam|p1a: Floette\n|-supereffective|p1a: Floette|1\n|-damage|p1a: Floette|61/100 slp\n|-formechange|p1b: Aegislash|Aegislash-Blade|\n|move|p1b: Aegislash|Iron Head|p2a: Vivillon\n|-damage|p2a: Vivillon|27/100\n|\n|upkeep\n|turn|2\n|c|\u2606TorkoalWQuickclaw|Insane strat\\\n|\n|t:|1775892369\n|-formechange|p1b: Aegislash|Aegislash|\n|move|p1b: Aegislash|King's Shield|p1b: Aegislash\n|-singleturn|p1b: Aegislash|Protect\n|move|p2a: Vivillon|Sleep Powder|p1b: Aegislash\n|-status|p1b: Aegislash|slp|[from] move: Sleep Powder\n|-curestatus|p1a: Floette|slp|[msg]\n|move|p1a: Floette|Dazzling Gleam|p2b: Archaludon|[spread] p2a,p2b\n|-damage|p2a: Vivillon|0 fnt\n|-damage|p2b: Archaludon|42/100\n|faint|p2a: Vivillon\n|move|p2b: Archaludon|Electro Shot||[still]\n|-prepare|p2b: Archaludon|Electro Shot\n|-boost|p2b: Archaludon|spa|1\n|\n|upkeep\n|\n|t:|1775892385\n|switch|p2a: Froslass|Froslass, L50, F|100/100\n|turn|3\n|\n|t:|1775892397\n|detailschange|p2a: Froslass|Froslass-Mega, L50, F\n|-mega|p2a: Froslass|Froslass|Froslassite\n|-weather|Snowscape|[from] ability: Snow Warning|[of] p2a: Froslass\n|move|p1a: Floette|Protect|p1a: Floette\n|-singleturn|p1a: Floette|Protect\n|cant|p1b: Aegislash|slp\n|move|p2a: Froslass|Nasty Plot|p2a: Froslass\n|-boost|p2a: Froslass|spa|2\n|move|p2b: Archaludon|Electro Shot|p1a: Floette|[from] lockedmove\n|-activate|p1a: Floette|move: Protect\n|\n|-weather|Snowscape|[upkeep]\n|upkeep\n|turn|4\n|\n|t:|1775892425\n|switch|p1a: Rotom|Rotom-Wash, L50|100/100\n|-curestatus|p1b: Aegislash|slp|[msg]\n|-formechange|p1b: Aegislash|Aegislash-Blade|\n|move|p1b: Aegislash|Shadow Sneak|p2a: Froslass\n|-supereffective|p2a: Froslass|1\n|-damage|p2a: Froslass|39/100\n|move|p2a: Froslass|Blizzard|p1a: Rotom|[spread] p1a,p1b\n|-resisted|p1a: Rotom|1\n|-resisted|p1b: Aegislash|1\n|-damage|p1a: Rotom|49/100\n|-damage|p1b: Aegislash|3/100\n|-enditem|p1a: Rotom|Sitrus Berry|[eat]\n|-heal|p1a: Rotom|74/100|[from] item: Sitrus Berry\n|move|p2b: Archaludon|Heavy Slam|p1a: Rotom\n|-resisted|p1a: Rotom|2\n|-damage|p1a: Rotom|60/100\n|\n|-weather|Snowscape|[upkeep]\n|upkeep\n|turn|5\n|\n|t:|1775892458\n|move|p2a: Froslass|Protect|p2a: Froslass\n|-singleturn|p2a: Froslass|Protect\n|move|p1b: Aegislash|Shadow Sneak|p2b: Archaludon\n|-damage|p2b: Archaludon|18/100\n|move|p1a: Rotom|Thunderbolt|p2b: Archaludon\n|-resisted|p2b: Archaludon|1\n|-damage|p2b: Archaludon|0 fnt\n|faint|p2b: Archaludon\n|\n|-weather|Snowscape|[upkeep]\n|upkeep\n|\n|t:|1775892475\n|switch|p2b: Volcarona|Volcarona, L50, F|100/100\n|turn|6\n|\n|t:|1775892482\n|-formechange|p1b: Aegislash|Aegislash|\n|move|p1b: Aegislash|King's Shield|p1b: Aegislash\n|-singleturn|p1b: Aegislash|Protect\n|move|p2a: Froslass|Blizzard|p1b: Aegislash|[spread] p1a\n|-activate|p1b: Aegislash|move: Protect\n|-resisted|p1a: Rotom|1\n|-damage|p1a: Rotom|4/100\n|move|p2b: Volcarona|Quiver Dance|p2b: Volcarona\n|-boost|p2b: Volcarona|spa|1\n|-boost|p2b: Volcarona|spd|1\n|-boost|p2b: Volcarona|spe|1\n|move|p1a: Rotom|Hydro Pump|p2b: Volcarona|[miss]\n|-miss|p1a: Rotom|p2b: Volcarona\n|\n|-weather|Snowscape|[upkeep]\n|upkeep\n|turn|7\n|\n|t:|1775892502\n|-formechange|p1b: Aegislash|Aegislash-Blade|\n|move|p1b: Aegislash|Shadow Sneak|p2a: Froslass\n|-supereffective|p2a: Froslass|1\n|-damage|p2a: Froslass|0 fnt\n|faint|p2a: Froslass\n|move|p2b: Volcarona|Quiver Dance|p2b: Volcarona\n|-boost|p2b: Volcarona|spa|1\n|-boost|p2b: Volcarona|spd|1\n|-boost|p2b: Volcarona|spe|1\n|move|p1a: Rotom|Thunderbolt|p2b: Volcarona\n|-damage|p2b: Volcarona|76/100\n|\n|-weather|none\n|upkeep\n|turn|8\n|\n|t:|1775892517\n|move|p1b: Aegislash|Shadow Sneak|p2b: Volcarona\n|-damage|p2b: Volcarona|30/100\n|move|p2b: Volcarona|Giga Drain|p1a: Rotom\n|-supereffective|p1a: Rotom|1\n|-damage|p1a: Rotom|0 fnt\n|-heal|p2b: Volcarona|31/100|[from] drain|[of] p1a: Rotom\n|faint|p1a: Rotom\n|\n|upkeep\n|\n|t:|1775892522\n|switch|p1a: Talonflame|Talonflame, L50, M|100/100\n|turn|9\n|\n|t:|1775892526\n|move|p1a: Talonflame|Acrobatics|p2b: Volcarona\n|-supereffective|p2b: Volcarona|1\n|-damage|p2b: Volcarona|0 fnt\n|faint|p2b: Volcarona\n|\n|win|TorkoalWQuickclaw\n|raw|TorkoalWQuickclaw's rating: 1114 &rarr; <strong>1139</strong><br />(+25 for winning)\n|raw|gyvesd's rating: 1114 &rarr; <strong>1089</strong><br />(-25 for losing)\n|l|\u2606gyvesd\n|player|p2|\n|l|\u2606TorkoalWQuickclaw\n|player|p1|\n|l| DragonDefense\n|l| ge1xjzrtuhw2ddt0ak\n",
  "uploadtime": 1775892632,
  "views": 23,
  "formatid": "gen9championsvgc2026regma",
  "rating": 1089,
  "private": 0,
  "password": null
}