{
  "id": "gen9championsvgc2026regma-2583617912",
  "format": "[Gen 9 Champions] VGC 2026 Reg M-A",
  "players": [
    "caozera93",
    "perhapsXolas"
  ],
  "log": "|j|\u2606caozera93\n|j|\u2606perhapsXolas\n|t:|1776186847\n|gametype|doubles\n|player|p1|caozera93|1|1095\n|player|p2|perhapsXolas|cynthia-gen4|1095\n|gen|9\n|tier|[Gen 9 Champions] VGC 2026 Reg M-A\n|rated|\n|rule|Species Clause: Limit one of each Pok\u00e9mon\n|rule|Item Clause: Limit 1 of each item\n|clearpoke\n|poke|p1|Pelipper, L50, F|\n|poke|p1|Archaludon, L50, F|\n|poke|p1|Palafin, L50, F|\n|poke|p1|Sneasler, L50, M|\n|poke|p1|Sinistcha, L50|\n|poke|p1|Dragonite, L50, M|\n|poke|p2|Araquanid, L50, M|\n|poke|p2|Gallade, L50, M|\n|poke|p2|Floette-Eternal, L50, F|\n|poke|p2|Whimsicott, L50, M|\n|poke|p2|Pelipper, L50, F|\n|poke|p2|Archaludon, L50, M|\n|teampreview|4\n|inactive|Battle timer is ON: inactive players will automatically lose when time's up. (requested by perhapsXolas)\n|inactive|caozera93 has 60 seconds left.\nperhapsXolas rejected open team sheets.\n|inactive|caozera93 has 30 seconds left.\n|inactive|caozera93 has 20 seconds left.\n|inactive|caozera93 has 15 seconds left.\n|inactive|caozera93 has 10 seconds left.\n|inactive|caozera93 has 5 seconds left.\n|\n|t:|1776186937\n|teamsize|p1|4\n|teamsize|p2|4\n|start\n|switch|p1a: Pelipper|Pelipper, L50, F|100/100\n|switch|p1b: Archaludon|Archaludon, L50, F|100/100\n|switch|p2a: Gallade|Gallade, L50, M|100/100\n|switch|p2b: Pelipper|Pelipper, L50, F|100/100\n|-weather|RainDance|[from] ability: Drizzle|[of] p1a: Pelipper\n|turn|1\n|inactive|caozera93 has 30 seconds left.\n|\n|t:|1776186965\n|move|p1b: Archaludon|Protect|p1b: Archaludon\n|-singleturn|p1b: Archaludon|Protect\n|move|p1a: Pelipper|Tailwind|p1a: Pelipper\n|-sidestart|p1: caozera93|move: Tailwind\n|move|p2b: Pelipper|Weather Ball|p1a: Pelipper\n|-resisted|p1a: Pelipper|1\n|-damage|p1a: Pelipper|57/100\n|move|p2a: Gallade|Trick Room|p2a: Gallade\n|-fieldstart|move: Trick Room|[of] p2a: Gallade\n|\n|-weather|RainDance|[upkeep]\n|upkeep\n|turn|2\n|\n|t:|1776186985\n|detailschange|p2a: Gallade|Gallade-Mega, L50, M\n|-mega|p2a: Gallade|Gallade|Galladite\n|move|p2b: Pelipper|U-turn|p1a: Pelipper\n|-resisted|p1a: Pelipper|1\n|-damage|p1a: Pelipper|52/100\n|\n|t:|1776186989\n|switch|p2b: Araquanid|Araquanid, L50, M|100/100|[from] U-turn\n|move|p2a: Gallade|Low Kick|p1b: Archaludon\n|-supereffective|p1b: Archaludon|1\n|-damage|p1b: Archaludon|0 fnt\n|faint|p1b: Archaludon\n|move|p1a: Pelipper|Hurricane|p2a: Gallade\n|-supereffective|p2a: Gallade|1\n|-damage|p2a: Gallade|17/100\n|\n|-weather|RainDance|[upkeep]\n|upkeep\n|inactive|caozera93 has 30 seconds left.\n|inactive|caozera93 has 20 seconds left.\n|inactive|caozera93 has 15 seconds left.\n|inactive|caozera93 has 10 seconds left.\n|inactive|caozera93 has 5 seconds left.\n|\n|t:|1776187044\n|switch|p1b: Palafin|Palafin, L50, F|100/100\n|turn|3\n|\n|t:|1776187063\n|detailschange|p1b: Palafin|Palafin-Hero, L50, F\n|switch|p1b: Sneasler|Sneasler, L50, M|100/100\n|move|p2b: Araquanid|Hydro Pump|p1b: Sneasler\n|-damage|p1b: Sneasler|0 fnt\n|faint|p1b: Sneasler\n|move|p2a: Gallade|Low Kick|p1a: Pelipper\n|-resisted|p1a: Pelipper|1\n|-damage|p1a: Pelipper|23/100\n|move|p1a: Pelipper|Hurricane|p2b: Araquanid\n|-supereffective|p2b: Araquanid|1\n|-damage|p2b: Araquanid|31/100\n|\n|-weather|RainDance|[upkeep]\n|upkeep\n|inactive|caozera93 has 30 seconds left.\n|\n|t:|1776187095\n|switch|p1b: Palafin|Palafin-Hero, L50, F|100/100\n|-activate|p1b: Palafin|ability: Zero to Hero\n|turn|4\n|\n|t:|1776187111\n|move|p1b: Palafin|Jet Punch|p2a: Gallade\n|-damage|p2a: Gallade|0 fnt\n|faint|p2a: Gallade\n|move|p2b: Araquanid|Hydro Pump|p1b: Palafin|[miss]\n|-miss|p2b: Araquanid|p1b: Palafin\n|move|p1a: Pelipper|Hurricane|p2b: Araquanid\n|-supereffective|p2b: Araquanid|1\n|-damage|p2b: Araquanid|0 fnt\n|faint|p2b: Araquanid\n|\n|-weather|RainDance|[upkeep]\n|-sideend|p1: caozera93|move: Tailwind\n|upkeep\n|\n|t:|1776187125\n|switch|p2b: Archaludon|Archaludon, L50, M|100/100\n|switch|p2a: Pelipper|Pelipper, L50, F|100/100\n|turn|5\n|inactive|caozera93 has 30 seconds left.\n|\n|t:|1776187156\n|move|p1b: Palafin|Jet Punch|p2b: Archaludon\n|-resisted|p2b: Archaludon|1\n|-damage|p2b: Archaludon|80/100\n|-ability|p2b: Archaludon|Stamina|boost\n|-boost|p2b: Archaludon|def|1\n|move|p2a: Pelipper|Weather Ball|p1a: Pelipper\n|-resisted|p1a: Pelipper|1\n|-damage|p1a: Pelipper|0 fnt\n|faint|p1a: Pelipper\n|move|p2b: Archaludon|Electro Shot||[still]\n|-prepare|p2b: Archaludon|Electro Shot\n|-boost|p2b: Archaludon|spa|1\n|-anim|p2b: Archaludon|Electro Shot|p1b: Palafin\n|-supereffective|p1b: Palafin|1\n|-damage|p1b: Palafin|0 fnt\n|faint|p1b: Palafin\n|\n|win|perhapsXolas\n|raw|caozera93's rating: 1095 &rarr; <strong>1071</strong><br />(-24 for losing)\n|raw|perhapsXolas's rating: 1095 &rarr; <strong>1121</strong><br />(+26 for winning)\n",
  "uploadtime": 1776187188,
  "views": 14,
  "formatid": "gen9championsvgc2026regma",
  "rating": 1071,
  "private": 0,
  "password": null
}