{
  "id": "gen9championsvgc2026regma-2587659999",
  "format": "[Gen 9 Champions] VGC 2026 Reg M-A",
  "players": [
    "TiredPerson16",
    "Deltanaa"
  ],
  "log": "|j|\u2606TiredPerson16\n|j|\u2606Deltanaa\n|t:|1776551303\n|gametype|doubles\n|player|p1|TiredPerson16|266|1035\n|player|p2|Deltanaa|dawn-gen4pt|1088\n|gen|9\n|tier|[Gen 9 Champions] VGC 2026 Reg M-A\n|rated|\n|rule|Species Clause: Limit one of each Pok\u00e9mon\n|rule|Item Clause: Limit 1 of each item\n|clearpoke\n|poke|p1|Meganium, L50, F|\n|poke|p1|Feraligatr, L50, F|\n|poke|p1|Whimsicott, L50, M|\n|poke|p1|Arcanine-Hisui, L50, M|\n|poke|p1|Sinistcha, L50|\n|poke|p1|Hydreigon, L50, M|\n|poke|p2|Aggron, L50, F|\n|poke|p2|Tyranitar, L50, F|\n|poke|p2|Klefki, L50, M|\n|poke|p2|Glimmora, L50, M|\n|poke|p2|Farigiraf, L50, M|\n|poke|p2|Hatterene, L50, F|\n|teampreview|4\nTiredPerson16 rejected open team sheets.\n|\n|t:|1776551330\n|teamsize|p1|4\n|teamsize|p2|4\n|start\n|switch|p1a: Feraligatr|Feraligatr, L50, F|100/100\n|switch|p1b: Whimsicott|Whimsicott, L50, M|100/100\n|switch|p2a: Aggron|Aggron, L50, F|100/100\n|switch|p2b: Klefki|Klefki, L50, M|100/100\n|turn|1\n|inactive|Battle timer is ON: inactive players will automatically lose when time's up. (requested by TiredPerson16)\n|\n|t:|1776551347\n|detailschange|p1a: Feraligatr|Feraligatr-Mega, L50, F\n|-mega|p1a: Feraligatr|Feraligatr|Feraligite\n|detailschange|p2a: Aggron|Aggron-Mega, L50, F\n|-mega|p2a: Aggron|Aggron|Aggronite\n|move|p1b: Whimsicott|Tailwind|p1b: Whimsicott\n|-sidestart|p1: TiredPerson16|move: Tailwind\n|move|p1a: Feraligatr|Dragon Dance|p1a: Feraligatr\n|-boost|p1a: Feraligatr|atk|1\n|-boost|p1a: Feraligatr|spe|1\n|move|p2a: Aggron|Iron Defense|p2a: Aggron\n|-boost|p2a: Aggron|def|2\n|move|p2b: Klefki|Trick Room|p2b: Klefki\n|-fieldstart|move: Trick Room|[of] p2b: Klefki\n|\n|upkeep\n|turn|2\n|\n|t:|1776551364\n|move|p2b: Klefki|Reflect|p2b: Klefki\n|-sidestart|p2: Deltanaa|Reflect\n|move|p1b: Whimsicott|Encore|p2b: Klefki\n|-start|p2b: Klefki|Encore\n|-enditem|p2b: Klefki|Mental Herb\n|-end|p2b: Klefki|Encore\n|move|p2a: Aggron|Iron Defense|p2a: Aggron\n|-boost|p2a: Aggron|def|2\n|move|p1a: Feraligatr|Liquidation|p2a: Aggron\n|-damage|p2a: Aggron|91/100\n|\n|upkeep\n|turn|3\n|\n|t:|1776551378\n|move|p1b: Whimsicott|Encore|p2a: Aggron\n|-start|p2a: Aggron|Encore\n|move|p2a: Aggron|Iron Defense|p2a: Aggron\n|-boost|p2a: Aggron|def|2\n|move|p2b: Klefki|Dazzling Gleam|p1b: Whimsicott|[spread] p1a,p1b\n|-supereffective|p1a: Feraligatr|1\n|-damage|p1a: Feraligatr|56/100\n|-damage|p1b: Whimsicott|80/100\n|move|p1a: Feraligatr|Liquidation|p2b: Klefki\n|-damage|p2b: Klefki|38/100\n|\n|upkeep\n|turn|4\n|inactive|Deltanaa has 30 seconds left.\n|\n|t:|1776551404\n|switch|p2b: Glimmora|Glimmora, L50, M|100/100\n|switch|p1b: Sinistcha|Sinistcha, L50|100/100\n|-heal|p1a: Feraligatr|81/100|[from] ability: Hospitality|[of] p1b: Sinistcha\n|move|p2a: Aggron|Iron Defense|p2a: Aggron\n|-boost|p2a: Aggron|def|0\n|move|p1a: Feraligatr|Liquidation|p2b: Glimmora\n|-supereffective|p2b: Glimmora|1\n|-enditem|p2b: Glimmora|Focus Sash\n|-damage|p2b: Glimmora|1/100\n|-activate|p2b: Glimmora|ability: Toxic Debris\n|-sidestart|p1: TiredPerson16|move: Toxic Spikes\n|\n|-sideend|p1: TiredPerson16|move: Tailwind\n|upkeep\n|turn|5\n|\n|t:|1776551429\n|move|p2a: Aggron|Iron Defense|p2a: Aggron\n|-boost|p2a: Aggron|def|0\n|move|p1b: Sinistcha|Matcha Gotcha|p2b: Glimmora|[spread] p2a,p2b\n|-resisted|p2a: Aggron|1\n|-damage|p2a: Aggron|81/100\n|-damage|p2b: Glimmora|0 fnt\n|faint|p2b: Glimmora\n|move|p1a: Feraligatr|Liquidation|p2a: Aggron\n|-damage|p2a: Aggron|74/100\n|\n|-end|p2a: Aggron|Encore\n|-fieldend|move: Trick Room\n|upkeep\n|\n|t:|1776551438\n|switch|p2b: Tyranitar|Tyranitar, L50, F|100/100\n|-weather|Sandstorm|[from] ability: Sand Stream|[of] p2b: Tyranitar\n|turn|6\n|\n|t:|1776551454\n|move|p1b: Sinistcha|Rage Powder|p1b: Sinistcha\n|-singleturn|p1b: Sinistcha|move: Rage Powder\n|move|p1a: Feraligatr|Liquidation|p2b: Tyranitar\n|-supereffective|p2b: Tyranitar|1\n|-damage|p2b: Tyranitar|5/100\n|move|p2b: Tyranitar|Snarl|p1b: Sinistcha|[spread] p1a,p1b\n|-supereffective|p1b: Sinistcha|1\n|-damage|p1a: Feraligatr|66/100\n|-damage|p1b: Sinistcha|76/100\n|-unboost|p1a: Feraligatr|spa|1\n|-unboost|p1b: Sinistcha|spa|1\n|move|p2a: Aggron|Body Press|p1b: Sinistcha\n|-immune|p1b: Sinistcha\n|\n|-weather|Sandstorm|[upkeep]\n|-damage|p1a: Feraligatr|60/100|[from] Sandstorm\n|-damage|p1b: Sinistcha|70/100|[from] Sandstorm\n|-sideend|p2: Deltanaa|Reflect\n|upkeep\n|turn|7\n|\n|t:|1776551469\n|move|p2b: Tyranitar|Protect|p2b: Tyranitar\n|-singleturn|p2b: Tyranitar|Protect\n|move|p1b: Sinistcha|Rage Powder|p1b: Sinistcha\n|-singleturn|p1b: Sinistcha|move: Rage Powder\n|move|p1a: Feraligatr|Liquidation|p2b: Tyranitar\n|-activate|p2b: Tyranitar|move: Protect\n|move|p2a: Aggron|Heavy Slam|p1b: Sinistcha\n|-damage|p1b: Sinistcha|27/100\n|-enditem|p1b: Sinistcha|Sitrus Berry|[eat]\n|-heal|p1b: Sinistcha|52/100|[from] item: Sitrus Berry\n|\n|-weather|Sandstorm|[upkeep]\n|-damage|p1a: Feraligatr|54/100|[from] Sandstorm\n|-damage|p1b: Sinistcha|46/100|[from] Sandstorm\n|upkeep\n|turn|8\n|\n|t:|1776551490\n|move|p2b: Tyranitar|Protect||[still]\n|-fail|p2b: Tyranitar\n|move|p1b: Sinistcha|Rage Powder|p1b: Sinistcha\n|-singleturn|p1b: Sinistcha|move: Rage Powder\n|move|p1a: Feraligatr|Liquidation|p2b: Tyranitar\n|-supereffective|p2b: Tyranitar|1\n|-damage|p2b: Tyranitar|0 fnt\n|faint|p2b: Tyranitar\n|move|p2a: Aggron|Heavy Slam|p1b: Sinistcha\n|-damage|p1b: Sinistcha|2/100\n|\n|-weather|Sandstorm|[upkeep]\n|-damage|p1a: Feraligatr|47/100|[from] Sandstorm\n|-damage|p1b: Sinistcha|0 fnt|[from] Sandstorm\n|faint|p1b: Sinistcha\n|upkeep\n|\n|t:|1776551503\n|switch|p1b: Hydreigon|Hydreigon, L50, M|100/100\n|switch|p2b: Klefki|Klefki, L50, M|38/100\n|turn|9\n|\n|t:|1776551514\n|move|p1b: Hydreigon|Protect|p1b: Hydreigon\n|-singleturn|p1b: Hydreigon|Protect\n|move|p1a: Feraligatr|Liquidation|p2b: Klefki\n|-damage|p2b: Klefki|0 fnt\n|faint|p2b: Klefki\n|move|p2a: Aggron|Body Press|p1b: Hydreigon\n|-activate|p1b: Hydreigon|move: Protect\n|\n|-weather|Sandstorm|[upkeep]\n|-damage|p1a: Feraligatr|41/100|[from] Sandstorm\n|-damage|p1b: Hydreigon|95/100|[from] Sandstorm\n|upkeep\n|turn|10\n|\n|t:|1776551530\n|move|p1a: Feraligatr|Liquidation|p2a: Aggron\n|-damage|p2a: Aggron|62/100\n|-unboost|p2a: Aggron|def|1\n|move|p1b: Hydreigon|Dark Pulse|p2a: Aggron\n|-damage|p2a: Aggron|28/100\n|move|p2a: Aggron|Body Press|p1b: Hydreigon\n|-supereffective|p1b: Hydreigon|1\n|-damage|p1b: Hydreigon|0 fnt\n|faint|p1b: Hydreigon\n|\n|-weather|none\n|upkeep\n|\n|t:|1776551537\n|switch|p1b: Whimsicott|Whimsicott, L50, M|80/100\n|-status|p1b: Whimsicott|psn\n|turn|11\n|\n|t:|1776551551\n|move|p1a: Feraligatr|Liquidation|p2a: Aggron\n|-damage|p2a: Aggron|16/100\n|move|p1b: Whimsicott|Moonblast|p2a: Aggron\n|-resisted|p2a: Aggron|1\n|-damage|p2a: Aggron|6/100\n|move|p2a: Aggron|Body Press|p1a: Feraligatr\n|-damage|p1a: Feraligatr|0 fnt\n|faint|p1a: Feraligatr\n|\n|-damage|p1b: Whimsicott|68/100 psn|[from] psn\n|upkeep\n|turn|12\n|\n|t:|1776551562\n|move|p2a: Aggron|Protect|p2a: Aggron\n|-singleturn|p2a: Aggron|Protect\n|move|p1b: Whimsicott|Moonblast|p2a: Aggron\n|-activate|p2a: Aggron|move: Protect\n|\n|-damage|p1b: Whimsicott|56/100 psn|[from] psn\n|upkeep\n|turn|13\n|\n|t:|1776551574\n|move|p1b: Whimsicott|Moonblast|p2a: Aggron\n|-resisted|p2a: Aggron|1\n|-damage|p2a: Aggron|0 fnt\n|faint|p2a: Aggron\n|\n|win|TiredPerson16\n|raw|TiredPerson16's rating: 1035 &rarr; <strong>1075</strong><br />(+40 for winning)\n|raw|Deltanaa's rating: 1088 &rarr; <strong>1061</strong><br />(-27 for losing)\n|c|\u2606Deltanaa|gg\n",
  "uploadtime": 1776551579,
  "views": 10,
  "formatid": "gen9championsvgc2026regma",
  "rating": 1061,
  "private": 0,
  "password": null
}