{
  "id": "gen9championsvgc2026regma-2582957276",
  "format": "[Gen 9 Champions] VGC 2026 Reg M-A",
  "players": [
    "Kamad3va",
    "keslezz"
  ],
  "log": "|j|\u2606Kamad3va\n|j|\u2606keslezz\n|t:|1776128366\n|gametype|doubles\n|player|p1|Kamad3va|cynthia|1178\n|player|p2|keslezz|ethan|1236\n|gen|9\n|tier|[Gen 9 Champions] VGC 2026 Reg M-A\n|rated|\n|rule|Species Clause: Limit one of each Pok\u00e9mon\n|rule|Item Clause: Limit 1 of each item\n|clearpoke\n|poke|p1|Archaludon, L50, F|\n|poke|p1|Pelipper, L50, F|\n|poke|p1|Farigiraf, L50, F|\n|poke|p1|Sinistcha, L50|\n|poke|p1|Dragonite, L50, F|\n|poke|p1|Incineroar, L50, M|\n|poke|p2|Kingambit, L50, F|\n|poke|p2|Sneasler, L50, F|\n|poke|p2|Incineroar, L50, M|\n|poke|p2|Dragonite, L50, M|\n|poke|p2|Venusaur, L50, F|\n|poke|p2|Basculegion, L50, M|\n|teampreview|4\n|\n|t:|1776128411\n|teamsize|p1|4\n|teamsize|p2|4\n|start\n|switch|p1a: Sinistcha|Sinistcha, L50|100/100\n|switch|p1b: Incineroar|Incineroar, L50, M|100/100\n|switch|p2a: Venusaur|Venusaur, L50, F|100/100\n|switch|p2b: Dragonite|Dragonite, L50, M|100/100\n|-ability|p1b: Incineroar|Intimidate|boost\n|-unboost|p2a: Venusaur|atk|1\n|-unboost|p2b: Dragonite|atk|1\n|turn|1\n|\n|t:|1776128461\n|detailschange|p2b: Dragonite|Dragonite-Mega, L50, M\n|-mega|p2b: Dragonite|Dragonite|Dragoninite\n|move|p1b: Incineroar|Fake Out|p2a: Venusaur\n|-damage|p2a: Venusaur|82/100\n|move|p2b: Dragonite|Fire Spin|p1a: Sinistcha|[miss]\n|-miss|p2b: Dragonite|p1a: Sinistcha\n|cant|p2a: Venusaur|flinch\n|move|p1a: Sinistcha|Shadow Ball|p2b: Dragonite\n|-damage|p2b: Dragonite|87/100\n|\n|upkeep\n|turn|2\n|\n|t:|1776128491\n|move|p2b: Dragonite|Fire Spin|p1a: Sinistcha|[miss]\n|-miss|p2b: Dragonite|p1a: Sinistcha\n|move|p2a: Venusaur|Leech Seed|p1b: Incineroar\n|-start|p1b: Incineroar|move: Leech Seed\n|move|p1a: Sinistcha|Shadow Ball|p2b: Dragonite\n|-damage|p2b: Dragonite|58/100\n|-unboost|p2b: Dragonite|spd|1\n|move|p1b: Incineroar|Parting Shot|p2b: Dragonite\n|-unboost|p2b: Dragonite|atk|1\n|-unboost|p2b: Dragonite|spa|1\n|\n|t:|1776128512\n|switch|p1b: Archaludon|Archaludon, L50, F|100/100|[from] Parting Shot\n|\n|upkeep\n|turn|3\n|\n|t:|1776128530\n|move|p1b: Archaludon|Protect|p1b: Archaludon\n|-singleturn|p1b: Archaludon|Protect\n|move|p2b: Dragonite|Dragon Pulse|p1b: Archaludon\n|-activate|p1b: Archaludon|move: Protect\n|move|p2a: Venusaur|Earth Power|p1b: Archaludon\n|-activate|p1b: Archaludon|move: Protect\n|move|p1a: Sinistcha|Shadow Ball|p2b: Dragonite\n|-damage|p2b: Dragonite|16/100\n|\n|upkeep\n|turn|4\n|\n|t:|1776128590\n|switch|p1b: Pelipper|Pelipper, L50, F|100/100\n|-weather|RainDance|[from] ability: Drizzle|[of] p1b: Pelipper\n|move|p2b: Dragonite|Roost|p2b: Dragonite\n|-heal|p2b: Dragonite|66/100\n|-singleturn|p2b: Dragonite|move: Roost\n|move|p2a: Venusaur|Earth Power|p1b: Pelipper\n|-immune|p1b: Pelipper\n|move|p1a: Sinistcha|Shadow Ball|p2b: Dragonite\n|-damage|p2b: Dragonite|23/100\n|\n|-weather|RainDance|[upkeep]\n|upkeep\n|turn|5\n|\n|t:|1776128617\n|move|p2b: Dragonite|Protect|p2b: Dragonite\n|-singleturn|p2b: Dragonite|Protect\n|move|p1b: Pelipper|Hurricane|p2a: Venusaur\n|-supereffective|p2a: Venusaur|1\n|-damage|p2a: Venusaur|0 fnt\n|faint|p2a: Venusaur\n|move|p1a: Sinistcha|Shadow Ball|p2b: Dragonite\n|-activate|p2b: Dragonite|move: Protect\n|\n|-weather|RainDance|[upkeep]\n|upkeep\n|\n|t:|1776128625\n|switch|p2a: Sneasler|Sneasler, L50, F|100/100\n|turn|6\n|\n|t:|1776128646\n|move|p1a: Sinistcha|Rage Powder|p1a: Sinistcha\n|-singleturn|p1a: Sinistcha|move: Rage Powder\n|move|p2a: Sneasler|Dire Claw|p1a: Sinistcha\n|-damage|p1a: Sinistcha|62/100\n|move|p2b: Dragonite|Fire Spin|p1a: Sinistcha\n|-supereffective|p1a: Sinistcha|1\n|-damage|p1a: Sinistcha|53/100\n|-activate|p1a: Sinistcha|move: Fire Spin|[of] p2b: Dragonite\n|move|p1b: Pelipper|Hurricane|p2b: Dragonite\n|-damage|p2b: Dragonite|0 fnt\n|faint|p2b: Dragonite\n|\n|-weather|RainDance|[upkeep]\n|-heal|p1a: Sinistcha|58/100|[from] item: Leftovers\n|-end|p1a: Sinistcha|Fire Spin|[partiallytrapped]|[silent]\n|upkeep\n|\n|t:|1776128655\n|switch|p2b: Basculegion|Basculegion, L50, M|100/100\n|turn|7\n|\n|t:|1776128674\n|move|p2a: Sneasler|Close Combat|p1a: Sinistcha\n|-immune|p1a: Sinistcha\n|move|p2b: Basculegion|Last Respects|p1a: Sinistcha\n|-supereffective|p1a: Sinistcha|1\n|-damage|p1a: Sinistcha|0 fnt\n|faint|p1a: Sinistcha\n|move|p1b: Pelipper|Hurricane|p2a: Sneasler\n|-supereffective|p2a: Sneasler|1\n|-enditem|p2a: Sneasler|Focus Sash\n|-damage|p2a: Sneasler|1/100\n|\n|-weather|RainDance|[upkeep]\n|upkeep\n|\n|t:|1776128685\n|switch|p1a: Archaludon|Archaludon, L50, F|100/100\n|turn|8\n|\n|t:|1776128746\n|switch|p1a: Incineroar|Incineroar, L50, M|100/100\n|-ability|p1a: Incineroar|Intimidate|boost\n|-unboost|p2a: Sneasler|atk|1\n|-unboost|p2b: Basculegion|atk|1\n|move|p2a: Sneasler|Rock Tomb|p1b: Pelipper\n|-supereffective|p1b: Pelipper|1\n|-damage|p1b: Pelipper|64/100\n|-unboost|p1b: Pelipper|spe|1\n|move|p2b: Basculegion|Last Respects|p1b: Pelipper\n|-damage|p1b: Pelipper|0 fnt\n|faint|p1b: Pelipper\n|\n|-weather|none\n|upkeep\n|\n|t:|1776128756\n|switch|p1b: Archaludon|Archaludon, L50, F|100/100\n|turn|9\n|\n|t:|1776128775\n|move|p2a: Sneasler|Protect|p2a: Sneasler\n|-singleturn|p2a: Sneasler|Protect\n|move|p2b: Basculegion|Last Respects|p1a: Incineroar\n|-resisted|p1a: Incineroar|1\n|-damage|p1a: Incineroar|72/100\n|move|p1b: Archaludon|Flash Cannon|p2a: Sneasler\n|-activate|p2a: Sneasler|move: Protect\n|move|p1a: Incineroar|Darkest Lariat|p2b: Basculegion\n|-supereffective|p2b: Basculegion|1\n|-damage|p2b: Basculegion|20/100\n|\n|upkeep\n|turn|10\n|\n|t:|1776128805\n|move|p2a: Sneasler|Close Combat|p1a: Incineroar\n|-supereffective|p1a: Incineroar|1\n|-damage|p1a: Incineroar|0 fnt\n|-unboost|p2a: Sneasler|def|1\n|-unboost|p2a: Sneasler|spd|1\n|faint|p1a: Incineroar\n|move|p2b: Basculegion|Last Respects|p1b: Archaludon\n|-damage|p1b: Archaludon|51/100\n|-ability|p1b: Archaludon|Stamina|boost\n|-boost|p1b: Archaludon|def|1\n|move|p1b: Archaludon|Flash Cannon|p2a: Sneasler\n|-crit|p2a: Sneasler\n|-damage|p2a: Sneasler|0 fnt\n|faint|p2a: Sneasler\n|\n|upkeep\n|turn|11\n|\n|t:|1776128821\n|move|p2b: Basculegion|Last Respects|p1b: Archaludon\n|-damage|p1b: Archaludon|8/100\n|-ability|p1b: Archaludon|Stamina|boost\n|-boost|p1b: Archaludon|def|1\n|move|p1b: Archaludon|Draco Meteor|p2b: Basculegion\n|-damage|p2b: Basculegion|0 fnt\n|-unboost|p1b: Archaludon|spa|2\n|faint|p2b: Basculegion\n|\n|win|Kamad3va\n|raw|Kamad3va's rating: 1178 &rarr; <strong>1207</strong><br />(+29 for winning)\n|raw|keslezz's rating: 1236 &rarr; <strong>1207</strong><br />(-29 for losing)\n|c|\u2606Kamad3va|gg\n",
  "uploadtime": 1776128834,
  "views": 38,
  "formatid": "gen9championsvgc2026regma",
  "rating": 1207,
  "private": 0,
  "password": null
}