{
  "id": "gen9championsvgc2026regma-2585488703",
  "format": "[Gen 9 Champions] VGC 2026 Reg M-A",
  "players": [
    "Onyx45310",
    "MvillMpersonality"
  ],
  "log": "|j|\u2606Onyx45310\n|j|\u2606MvillMpersonality\n|t:|1776350933\n|gametype|doubles\n|player|p1|Onyx45310|li|1038\n|player|p2|MvillMpersonality|pokemaniac|1044\n|gen|9\n|tier|[Gen 9 Champions] VGC 2026 Reg M-A\n|rated|\n|rule|Species Clause: Limit one of each Pok\u00e9mon\n|rule|Item Clause: Limit 1 of each item\n|clearpoke\n|poke|p1|Charizard, L50, M|\n|poke|p1|Venusaur, L50, M|\n|poke|p1|Incineroar, L50, F|\n|poke|p1|Sneasler, L50, F|\n|poke|p1|Whimsicott, L50, M|\n|poke|p1|Typhlosion-Hisui, L50, F|\n|poke|p2|Scovillain, L50, M|\n|poke|p2|Sinistcha, L50|\n|poke|p2|Hatterene, L50, F|\n|poke|p2|Kingambit, L50, M|\n|poke|p2|Rhyperior, L50, F|\n|poke|p2|Tyranitar, L50, F|\n|teampreview|4\n|\n|t:|1776350957\n|teamsize|p1|4\n|teamsize|p2|4\n|start\n|switch|p1a: Whimsicott|Whimsicott, L50, M|100/100\n|switch|p1b: Typhlosion|Typhlosion-Hisui, L50, F|100/100\n|switch|p2a: Scovillain|Scovillain, L50, M|100/100\n|switch|p2b: Rhyperior|Rhyperior, L50, F|100/100\n|turn|1\n|\n|t:|1776350992\n|detailschange|p2a: Scovillain|Scovillain-Mega, L50, M\n|-mega|p2a: Scovillain|Scovillain|Scovillainite\n|move|p2a: Scovillain|Rage Powder|p2a: Scovillain\n|-singleturn|p2a: Scovillain|move: Rage Powder\n|move|p1a: Whimsicott|Tailwind|p1a: Whimsicott\n|-sidestart|p1: Onyx45310|move: Tailwind\n|move|p1b: Typhlosion|Eruption|p2b: Rhyperior|[spread] p2a,p2b\n|-resisted|p2b: Rhyperior|1\n|-damage|p2a: Scovillain|43/100\n|-damage|p2b: Rhyperior|74/100\n|-immune|p1b: Typhlosion\n|move|p2b: Rhyperior|Rock Slide|p1a: Whimsicott|[spread] p1a,p1b\n|-supereffective|p1b: Typhlosion|1\n|-damage|p1a: Whimsicott|55/100\n|-damage|p1b: Typhlosion|0 fnt\n|faint|p1b: Typhlosion\n|\n|upkeep\n|\n|t:|1776351009\n|switch|p1b: Sneasler|Sneasler, L50, F|100/100\n|turn|2\n|\n|t:|1776351038\n|switch|p2b: Sinistcha|Sinistcha, L50|100/100\n|-heal|p2a: Scovillain|67/100|[from] ability: Hospitality|[of] p2b: Sinistcha\n|move|p2a: Scovillain|Protect|p2a: Scovillain\n|-singleturn|p2a: Scovillain|Protect\n|move|p1b: Sneasler|Close Combat|p2b: Sinistcha\n|-immune|p2b: Sinistcha\n|move|p1a: Whimsicott|Moonblast|p2a: Scovillain\n|-activate|p2a: Scovillain|move: Protect\n|\n|upkeep\n|turn|3\n|\n|t:|1776351065\n|move|p2a: Scovillain|Rage Powder|p2a: Scovillain\n|-singleturn|p2a: Scovillain|move: Rage Powder\n|move|p1a: Whimsicott|Encore|p2a: Scovillain\n|-start|p2a: Scovillain|Encore\n|move|p1b: Sneasler|Dire Claw|p2a: Scovillain\n|-supereffective|p2a: Scovillain|1\n|-damage|p2a: Scovillain|0 fnt\n|-status|p1b: Sneasler|brn|[from] ability: Spicy Spray|[of] p2a: Scovillain\n|faint|p2a: Scovillain\n|move|p2b: Sinistcha|Trick Room|p2b: Sinistcha\n|-fieldstart|move: Trick Room|[of] p2b: Sinistcha\n|\n|-damage|p1b: Sneasler|95/100 brn|[from] brn\n|upkeep\n|\n|t:|1776351079\n|switch|p2a: Rhyperior|Rhyperior, L50, F|74/100\n|turn|4\n|inactive|Battle timer is ON: inactive players will automatically lose when time's up. (requested by Onyx45310)\n|\n|t:|1776351092\n|switch|p2b: Tyranitar|Tyranitar, L50, F|100/100\n|-weather|Sandstorm|[from] ability: Sand Stream|[of] p2b: Tyranitar\n|move|p1b: Sneasler|Protect|p1b: Sneasler\n|-singleturn|p1b: Sneasler|Protect\n|move|p1a: Whimsicott|Encore|p2b: Tyranitar\n|-hint|Since gen 7, Dark is immune to Prankster moves.\n|-immune|p2b: Tyranitar\n|move|p2a: Rhyperior|Swords Dance|p2a: Rhyperior\n|-boost|p2a: Rhyperior|atk|2\n|\n|-weather|Sandstorm|[upkeep]\n|-damage|p1a: Whimsicott|49/100|[from] Sandstorm\n|-damage|p1b: Sneasler|89/100 brn|[from] Sandstorm\n|-damage|p1b: Sneasler|83/100 brn|[from] brn\n|-sideend|p1: Onyx45310|move: Tailwind\n|upkeep\n|turn|5\n|\n|t:|1776351114\n|move|p1a: Whimsicott|Encore|p2a: Rhyperior\n|-start|p2a: Rhyperior|Encore\n|move|p2a: Rhyperior|Swords Dance|p2a: Rhyperior\n|-boost|p2a: Rhyperior|atk|2\n|move|p2b: Tyranitar|Rock Slide|p1b: Sneasler|[spread] p1a,p1b\n|-resisted|p1b: Sneasler|1\n|-damage|p1a: Whimsicott|9/100\n|-damage|p1b: Sneasler|55/100 brn\n|move|p1b: Sneasler|Close Combat|p2b: Tyranitar\n|-supereffective|p2b: Tyranitar|2\n|-crit|p2b: Tyranitar\n|-enditem|p2b: Tyranitar|Chople Berry|[eat]\n|-enditem|p2b: Tyranitar|Chople Berry|[weaken]\n|-damage|p2b: Tyranitar|22/100\n|-unboost|p1b: Sneasler|def|1\n|-unboost|p1b: Sneasler|spd|1\n|\n|-weather|Sandstorm|[upkeep]\n|-damage|p1a: Whimsicott|3/100|[from] Sandstorm\n|-damage|p1b: Sneasler|49/100 brn|[from] Sandstorm\n|-damage|p1b: Sneasler|43/100 brn|[from] brn\n|upkeep\n|turn|6\n|inactive|Onyx45310 has 30 seconds left.\n|inactive|Onyx45310 has 20 seconds left.\n|\n|t:|1776351151\n|switch|p2b: Sinistcha|Sinistcha, L50|100/100\n|-heal|p2a: Rhyperior|98/100|[from] ability: Hospitality|[of] p2b: Sinistcha\n|move|p2a: Rhyperior|Swords Dance|p2a: Rhyperior\n|-boost|p2a: Rhyperior|atk|2\n|move|p1a: Whimsicott|Moonblast|p2b: Sinistcha\n|-damage|p2b: Sinistcha|68/100\n|move|p1b: Sneasler|Close Combat|p2a: Rhyperior\n|-supereffective|p2a: Rhyperior|1\n|-damage|p2a: Rhyperior|66/100\n|-unboost|p1b: Sneasler|def|1\n|-unboost|p1b: Sneasler|spd|1\n|\n|-weather|Sandstorm|[upkeep]\n|-damage|p2b: Sinistcha|62/100|[from] Sandstorm\n|-damage|p1a: Whimsicott|0 fnt|[from] Sandstorm\n|-damage|p1b: Sneasler|37/100 brn|[from] Sandstorm\n|faint|p1a: Whimsicott\n|-damage|p1b: Sneasler|32/100 brn|[from] brn\n|upkeep\n|\n|t:|1776351171\n|switch|p1a: Charizard|Charizard, L50, M|100/100\n|turn|7\n|\n|t:|1776351183\n|detailschange|p1a: Charizard|Charizard-Mega-Y, L50, M\n|-mega|p1a: Charizard|Charizard|Charizardite Y\n|-weather|SunnyDay|[from] ability: Drought|[of] p1a: Charizard\n|move|p2b: Sinistcha|Protect|p2b: Sinistcha\n|-singleturn|p2b: Sinistcha|Protect\n|move|p1a: Charizard|Protect|p1a: Charizard\n|-singleturn|p1a: Charizard|Protect\n|move|p2a: Rhyperior|Swords Dance|p2a: Rhyperior\n|-boost|p2a: Rhyperior|atk|0\n|move|p1b: Sneasler|Dire Claw|p2b: Sinistcha\n|-activate|p2b: Sinistcha|move: Protect\n|\n|-weather|SunnyDay|[upkeep]\n|-damage|p1b: Sneasler|26/100 brn|[from] brn\n|-end|p2a: Rhyperior|Encore\n|-fieldend|move: Trick Room\n|upkeep\n|turn|8\n|inactive|Onyx45310 has 30 seconds left.\n|inactive|MvillMpersonality has 30 seconds left.\n|\n|t:|1776351214\n|move|p2a: Rhyperior|Protect|p2a: Rhyperior\n|-singleturn|p2a: Rhyperior|Protect\n|move|p1b: Sneasler|Dire Claw|p2b: Sinistcha\n|-damage|p2b: Sinistcha|43/100\n|move|p1a: Charizard|Solar Beam||[still]\n|-prepare|p1a: Charizard|Solar Beam\n|-anim|p1a: Charizard|Solar Beam|p2a: Rhyperior\n|-activate|p2a: Rhyperior|move: Protect\n|move|p2b: Sinistcha|Trick Room|p2b: Sinistcha\n|-fieldstart|move: Trick Room|[of] p2b: Sinistcha\n|\n|-weather|SunnyDay|[upkeep]\n|-damage|p1b: Sneasler|20/100 brn|[from] brn\n|upkeep\n|turn|9\n|\n|t:|1776351238\n|switch|p2b: Tyranitar|Tyranitar, L50, F|22/100\n|-weather|Sandstorm|[from] ability: Sand Stream|[of] p2b: Tyranitar\n|move|p2a: Rhyperior|Rock Slide|p1a: Charizard|[spread] p1a,p1b\n|-supereffective|p1a: Charizard|2\n|-resisted|p1b: Sneasler|1\n|-damage|p1a: Charizard|0 fnt\n|-damage|p1b: Sneasler|0 fnt\n|faint|p1a: Charizard\n|faint|p1b: Sneasler\n|\n|win|MvillMpersonality\n|raw|Onyx45310's rating: 1038 &rarr; <strong>1023</strong><br />(-15 for losing)\n|raw|MvillMpersonality's rating: 1044 &rarr; <strong>1077</strong><br />(+33 for winning)\n",
  "uploadtime": 1776351249,
  "views": 34,
  "formatid": "gen9championsvgc2026regma",
  "rating": 1023,
  "private": 0,
  "password": null
}