{
  "id": "gen9championsvgc2026regma-2588066900",
  "format": "[Gen 9 Champions] VGC 2026 Reg M-A",
  "players": [
    "kirbybreaker",
    "Keyan_Sans"
  ],
  "log": "|j|\u2606kirbybreaker\n|j|\u2606Keyan_Sans\n|t:|1776600314\n|gametype|doubles\n|player|p1|kirbybreaker|miku-ghost|1294\n|player|p2|Keyan_Sans|hugh|1349\n|gen|9\n|tier|[Gen 9 Champions] VGC 2026 Reg M-A\n|rated|\n|rule|Species Clause: Limit one of each Pok\u00e9mon\n|rule|Item Clause: Limit 1 of each item\n|clearpoke\n|poke|p1|Lopunny, L50, M, shiny|\n|poke|p1|Delphox, L50, F, shiny|\n|poke|p1|Gardevoir, L50, F, shiny|\n|poke|p1|Tsareena, L50, F|\n|poke|p1|Primarina, L50, F|\n|poke|p1|Runerigus, L50, M|\n|poke|p2|Dragonite, L50, M|\n|poke|p2|Pelipper, L50, F|\n|poke|p2|Basculegion, L50, M|\n|poke|p2|Archaludon, L50, M|\n|poke|p2|Sneasler, L50, F|\n|poke|p2|Maushold-Four, L50|\n|teampreview|4\nKeyan_Sans rejected open team sheets.\n|inactive|Battle timer is ON: inactive players will automatically lose when time's up. (requested by Keyan_Sans)\n|inactive|Keyan_Sans has 60 seconds left.\n|\n|t:|1776600366\n|teamsize|p1|4\n|teamsize|p2|4\n|start\n|switch|p1a: Lopunny|Lopunny, L50, M, shiny|100/100\n|switch|p1b: Tsareena|Tsareena, L50, F|100/100\n|switch|p2a: Pelipper|Pelipper, L50, F|100/100\n|switch|p2b: Basculegion|Basculegion, L50, M|100/100\n|-weather|RainDance|[from] ability: Drizzle|[of] p2a: Pelipper\n|turn|1\n|\n|t:|1776600380\n|switch|p2b: Archaludon|Archaludon, L50, M|100/100\n|detailschange|p1a: Lopunny|Lopunny-Mega, L50, M, shiny\n|-mega|p1a: Lopunny|Lopunny|Lopunnite\n|move|p1a: Lopunny|Fake Out|p2b: Archaludon\n|-resisted|p2b: Archaludon|1\n|-damage|p2b: Archaludon|90/100\n|-ability|p2b: Archaludon|Stamina|boost\n|-boost|p2b: Archaludon|def|1\n|move|p1b: Tsareena|Trop Kick|p2b: Archaludon\n|-resisted|p2b: Archaludon|2\n|-damage|p2b: Archaludon|84/100\n|-unboost|p2b: Archaludon|atk|1\n|-ability|p2b: Archaludon|Stamina|boost\n|-boost|p2b: Archaludon|def|1\n|move|p2a: Pelipper|Tailwind|p2a: Pelipper\n|-sidestart|p2: Keyan_Sans|move: Tailwind\n|\n|-weather|RainDance|[upkeep]\n|-heal|p2b: Archaludon|90/100|[from] item: Leftovers\n|upkeep\n|turn|2\n|\n|t:|1776600400\n|switch|p2a: Sneasler|Sneasler, L50, F|100/100\n|move|p2b: Archaludon|Electro Shot||[still]\n|-prepare|p2b: Archaludon|Electro Shot\n|-boost|p2b: Archaludon|spa|1\n|-anim|p2b: Archaludon|Electro Shot|p1a: Lopunny\n|-damage|p1a: Lopunny|16/100\n|move|p1a: Lopunny|Close Combat|p2b: Archaludon\n|-supereffective|p2b: Archaludon|1\n|-damage|p2b: Archaludon|34/100\n|-unboost|p1a: Lopunny|def|1\n|-unboost|p1a: Lopunny|spd|1\n|-ability|p2b: Archaludon|Stamina|boost\n|-boost|p2b: Archaludon|def|1\n|move|p1b: Tsareena|Trop Kick|p2a: Sneasler\n|-resisted|p2a: Sneasler|1\n|-damage|p2a: Sneasler|64/100\n|-unboost|p2a: Sneasler|atk|1\n|-enditem|p2a: Sneasler|White Herb\n|-clearnegativeboost|p2a: Sneasler|[silent]\n|\n|-weather|RainDance|[upkeep]\n|-heal|p2b: Archaludon|40/100|[from] item: Leftovers\n|upkeep\n|turn|3\n|\n|t:|1776600421\n|move|p1a: Lopunny|Protect|p1a: Lopunny\n|-singleturn|p1a: Lopunny|Protect\n|move|p2a: Sneasler|Close Combat|p1b: Tsareena\n|-damage|p1b: Tsareena|31/100\n|-unboost|p2a: Sneasler|def|1\n|-unboost|p2a: Sneasler|spd|1\n|move|p2b: Archaludon|Electro Shot||[still]\n|-prepare|p2b: Archaludon|Electro Shot\n|-boost|p2b: Archaludon|spa|1\n|-anim|p2b: Archaludon|Electro Shot|p1a: Lopunny\n|-activate|p1a: Lopunny|move: Protect\n|move|p1b: Tsareena|Triple Axel|p2a: Sneasler\n|-damage|p2a: Sneasler|44/100\n|-damage|p2a: Sneasler|8/100\n|-damage|p2a: Sneasler|0 fnt\n|faint|p2a: Sneasler\n|-hitcount|p2: Sneasler|3\n|\n|-weather|RainDance|[upkeep]\n|-heal|p2b: Archaludon|47/100|[from] item: Leftovers\n|upkeep\n|\n|t:|1776600430\n|switch|p2a: Basculegion|Basculegion, L50, M|100/100\n|turn|4\n|\n|t:|1776600445\n|switch|p1a: Runerigus|Runerigus, L50, M|100/100\n|move|p2a: Basculegion|Flip Turn|p1a: Runerigus\n|-supereffective|p1a: Runerigus|1\n|-damage|p1a: Runerigus|16/100\n|-activate|p2a: Basculegion|Skill Swap|Wandering Spirit|Swift Swim|[of] p1a: Runerigus\n|\n|t:|1776600453\n|switch|p2a: Pelipper|Pelipper, L50, F|100/100|[from] Flip Turn\n|move|p2b: Archaludon|Flash Cannon|p1b: Tsareena\n|-damage|p1b: Tsareena|0 fnt\n|faint|p1b: Tsareena\n|\n|-weather|RainDance|[upkeep]\n|-heal|p2b: Archaludon|53/100|[from] item: Leftovers\n|-heal|p1a: Runerigus|22/100|[from] item: Leftovers\n|-sideend|p2: Keyan_Sans|move: Tailwind\n|upkeep\n|\n|t:|1776600459\n|switch|p1b: Lopunny|Lopunny-Mega, L50, M, shiny|16/100\n|turn|5\n|\n|t:|1776600464\n|switch|p2a: Basculegion|Basculegion, L50, M|100/100\n|move|p2b: Archaludon|Protect|p2b: Archaludon\n|-singleturn|p2b: Archaludon|Protect\n|move|p1b: Lopunny|Close Combat|p2b: Archaludon\n|-activate|p2b: Archaludon|move: Protect\n|move|p1a: Runerigus|Stone Edge|p2a: Basculegion\n|-damage|p2a: Basculegion|65/100\n|\n|-weather|none\n|-heal|p2b: Archaludon|59/100|[from] item: Leftovers\n|-heal|p1a: Runerigus|28/100|[from] item: Leftovers\n|upkeep\n|turn|6\n|\n|t:|1776600481\n|switch|p2a: Pelipper|Pelipper, L50, F|100/100\n|-weather|RainDance|[from] ability: Drizzle|[of] p2a: Pelipper\n|move|p1b: Lopunny|Close Combat|p2b: Archaludon\n|-supereffective|p2b: Archaludon|1\n|-damage|p2b: Archaludon|8/100\n|-unboost|p1b: Lopunny|def|1\n|-unboost|p1b: Lopunny|spd|1\n|-ability|p2b: Archaludon|Stamina|boost\n|-boost|p2b: Archaludon|def|1\n|move|p2b: Archaludon|Flash Cannon|p1b: Lopunny\n|-damage|p1b: Lopunny|0 fnt\n|faint|p1b: Lopunny\n|move|p1a: Runerigus|Poltergeist|p2a: Pelipper\n|-activate|p2a: Pelipper|move: Poltergeist|Focus Sash\n|-damage|p2a: Pelipper|53/100\n|\n|-weather|RainDance|[upkeep]\n|-heal|p2b: Archaludon|14/100|[from] item: Leftovers\n|-heal|p1a: Runerigus|34/100|[from] item: Leftovers\n|upkeep\n|\n|t:|1776600487\n|switch|p1b: Primarina|Primarina, L50, F|100/100\n|turn|7\n|\n|t:|1776600504\n|move|p2b: Archaludon|Electro Shot||[still]\n|-prepare|p2b: Archaludon|Electro Shot\n|-boost|p2b: Archaludon|spa|1\n|-anim|p2b: Archaludon|Electro Shot|p1b: Primarina\n|-supereffective|p1b: Primarina|1\n|-damage|p1b: Primarina|0 fnt\n|faint|p1b: Primarina\n|move|p1a: Runerigus|Stone Edge|p2a: Pelipper\n|-supereffective|p2a: Pelipper|1\n|-damage|p2a: Pelipper|0 fnt\n|faint|p2a: Pelipper\n|\n|-weather|RainDance|[upkeep]\n|-heal|p2b: Archaludon|20/100|[from] item: Leftovers\n|-heal|p1a: Runerigus|40/100|[from] item: Leftovers\n|upkeep\n|\n|t:|1776600506\n|switch|p2a: Basculegion|Basculegion, L50, M|65/100\n|turn|8\n|-message|kirbybreaker forfeited.\n|\n|win|Keyan_Sans\n|raw|kirbybreaker's rating: 1294 &rarr; <strong>1273</strong><br />(-21 for losing)\n|raw|Keyan_Sans's rating: 1349 &rarr; <strong>1366</strong><br />(+17 for winning)\n|l|\u2606kirbybreaker\n|player|p1|\n|l|\u2606Keyan_Sans\n|player|p2|\n|j|\u2606Keyan_Sans\n|player|p2|Keyan_Sans|hugh|\n",
  "uploadtime": 1776600518,
  "views": 28,
  "formatid": "gen9championsvgc2026regma",
  "rating": 1273,
  "private": 0,
  "password": null
}