{
  "id": "gen9championsvgc2026regma-2586069496",
  "format": "[Gen 9 Champions] VGC 2026 Reg M-A",
  "players": [
    "thewanderingwitch",
    "b(r)2"
  ],
  "log": "|j|\u2606thewanderingwitch\n|j|\u2606b(r)2\n|t:|1776395728\n|gametype|doubles\n|player|p1|thewanderingwitch|caitlin|1195\n|player|p2|b(r)2|pryce|1131\n|gen|9\n|tier|[Gen 9 Champions] VGC 2026 Reg M-A\n|rated|\n|rule|Species Clause: Limit one of each Pok\u00e9mon\n|rule|Item Clause: Limit 1 of each item\n|clearpoke\n|poke|p1|Froslass, L50, F|\n|poke|p1|Garchomp, L50, F|\n|poke|p1|Rotom-Frost, L50|\n|poke|p1|Incineroar, L50, M|\n|poke|p1|Kingambit, L50, M|\n|poke|p1|Empoleon, L50, M|\n|poke|p2|Mimikyu, L50, M|\n|poke|p2|Sinistcha, L50|\n|poke|p2|Torkoal, L50, F|\n|poke|p2|Ampharos, L50, M|\n|poke|p2|Rhyperior, L50, M|\n|poke|p2|Incineroar, L50, F|\n|teampreview|4\n|\n|t:|1776395760\n|teamsize|p1|4\n|teamsize|p2|4\n|start\n|switch|p1a: Empoleon|Empoleon, L50, M|100/100\n|switch|p1b: Garchomp|Garchomp, L50, F|100/100\n|switch|p2a: Mimikyu|Mimikyu, L50, M|100/100\n|switch|p2b: Sinistcha|Sinistcha, L50|100/100\n|turn|1\n|\n|t:|1776395784\n|move|p2b: Sinistcha|Rage Powder|p2b: Sinistcha\n|-singleturn|p2b: Sinistcha|move: Rage Powder\n|move|p1b: Garchomp|Rock Slide|p2b: Sinistcha|[spread] p2a,p2b\n|-activate|p2a: Mimikyu|ability: Disguise\n|-damage|p2a: Mimikyu|100/100\n|-damage|p2b: Sinistcha|86/100\n|detailschange|p2a: Mimikyu|Mimikyu-Busted, L50, M\n|-damage|p2a: Mimikyu|88/100|[from] pokemon: Mimikyu-Busted\n|move|p1a: Empoleon|Flash Cannon|p2b: Sinistcha\n|-damage|p2b: Sinistcha|47/100\n|move|p2a: Mimikyu|Trick Room|p2a: Mimikyu\n|-fieldstart|move: Trick Room|[of] p2a: Mimikyu\n|\n|-heal|p2b: Sinistcha|53/100|[from] item: Leftovers\n|upkeep\n|turn|2\n|\n|t:|1776395811\n|move|p1b: Garchomp|Protect|p1b: Garchomp\n|-singleturn|p1b: Garchomp|Protect\n|move|p2b: Sinistcha|Matcha Gotcha|p1a: Empoleon|[spread] p1a\n|-activate|p1b: Garchomp|move: Protect\n|-crit|p1a: Empoleon\n|-damage|p1a: Empoleon|68/100\n|-heal|p2b: Sinistcha|72/100|[from] drain|[of] p1a: Empoleon\n|move|p1a: Empoleon|Flash Cannon|p2a: Mimikyu\n|-supereffective|p2a: Mimikyu|1\n|-damage|p2a: Mimikyu|21/100\n|move|p2a: Mimikyu|Curse|p1b: Garchomp\n|-start|p1b: Garchomp|Curse|[of] p2a: Mimikyu\n|-damage|p2a: Mimikyu|0 fnt\n|faint|p2a: Mimikyu\n|\n|-heal|p2b: Sinistcha|78/100|[from] item: Leftovers\n|-heal|p1a: Empoleon|73/100|[from] item: Leftovers\n|-damage|p1b: Garchomp|75/100|[from] Curse\n|upkeep\n|\n|t:|1776395828\n|switch|p2a: Ampharos|Ampharos, L50, M|100/100\n|turn|3\n|\n|t:|1776395846\n|detailschange|p2a: Ampharos|Ampharos-Mega, L50, M\n|-mega|p2a: Ampharos|Ampharos|Ampharosite\n|-ability|p2a: Ampharos|Mold Breaker\n|move|p2a: Ampharos|Dragon Pulse|p1b: Garchomp\n|-supereffective|p1b: Garchomp|1\n|-damage|p1b: Garchomp|0 fnt\n|faint|p1b: Garchomp\n|move|p2b: Sinistcha|Matcha Gotcha|p1a: Empoleon\n|-damage|p1a: Empoleon|43/100\n|-heal|p2b: Sinistcha|94/100|[from] drain|[of] p1a: Empoleon\n|move|p1a: Empoleon|Flash Cannon|p2b: Sinistcha\n|-damage|p2b: Sinistcha|53/100\n|\n|-heal|p2b: Sinistcha|59/100|[from] item: Leftovers\n|-heal|p1a: Empoleon|49/100|[from] item: Leftovers\n|upkeep\n|\n|t:|1776395871\n|switch|p1b: Rotom|Rotom-Frost, L50|100/100\n|turn|4\n|\n|t:|1776395895\n|move|p2a: Ampharos|Thunderbolt|p1a: Empoleon\n|-supereffective|p1a: Empoleon|1\n|-damage|p1a: Empoleon|0 fnt\n|faint|p1a: Empoleon\n|move|p2b: Sinistcha|Matcha Gotcha|p1b: Rotom\n|-damage|p1b: Rotom|60/100\n|-heal|p2b: Sinistcha|74/100|[from] drain|[of] p1b: Rotom\n|move|p1b: Rotom|Blizzard|p2a: Ampharos|[spread] p2b\n|-miss|p1b: Rotom|p2a: Ampharos\n|-supereffective|p2b: Sinistcha|1\n|-damage|p2b: Sinistcha|0 fnt\n|faint|p2b: Sinistcha\n|\n|upkeep\n|\n|t:|1776395906\n|switch|p2b: Rhyperior|Rhyperior, L50, M|100/100\n|switch|p1a: Froslass|Froslass, L50, F, shiny|100/100\n|turn|5\n|\n|t:|1776395920\n|detailschange|p1a: Froslass|Froslass-Mega, L50, F, shiny\n|-mega|p1a: Froslass|Froslass|Froslassite\n|-weather|Snowscape|[from] ability: Snow Warning|[of] p1a: Froslass\n|move|p1a: Froslass|Protect|p1a: Froslass\n|-singleturn|p1a: Froslass|Protect\n|move|p2a: Ampharos|Discharge|p1b: Rotom|[spread] p1b\n|-activate|p1a: Froslass|move: Protect\n|-immune|p2b: Rhyperior\n|-resisted|p1b: Rotom|1\n|-damage|p1b: Rotom|32/100\n|move|p2b: Rhyperior|Rock Slide|p1b: Rotom|[spread] p1b\n|-activate|p1a: Froslass|move: Protect\n|-supereffective|p1b: Rotom|1\n|-damage|p1b: Rotom|0 fnt\n|faint|p1b: Rotom\n|\n|-weather|Snowscape|[upkeep]\n|-fieldend|move: Trick Room\n|upkeep\n|turn|6\n|inactive|Battle timer is ON: inactive players will automatically lose when time's up. (requested by thewanderingwitch)\n|\n|t:|1776395947\n|move|p1a: Froslass|Blizzard|p2b: Rhyperior|[spread] p2a,p2b\n|-supereffective|p2a: Ampharos|1\n|-supereffective|p2b: Rhyperior|1\n|-damage|p2a: Ampharos|26/100\n|-damage|p2b: Rhyperior|29/100\n|move|p2b: Rhyperior|Rock Wrecker|p1a: Froslass\n|-supereffective|p1a: Froslass|1\n|-damage|p1a: Froslass|0 fnt\n|-mustrecharge|p2b: Rhyperior\n|faint|p1a: Froslass\n|\n|win|b(r)2\n|raw|thewanderingwitch's rating: 1195 &rarr; <strong>1165</strong><br />(-30 for losing)\n|raw|b(r)2's rating: 1131 &rarr; <strong>1161</strong><br />(+30 for winning)\n|l|\u2606thewanderingwitch\n|player|p1|\n",
  "uploadtime": 1776395956,
  "views": 29,
  "formatid": "gen9championsvgc2026regma",
  "rating": 1161,
  "private": 0,
  "password": null
}