{
  "id": "gen9championsvgc2026regma-2580294820",
  "format": "[Gen 9 Champions] VGC 2026 Reg M-A",
  "players": [
    "Platypus1000",
    "vapzitar"
  ],
  "log": "|j|\u2606Platypus1000\n|j|\u2606vapzitar\n|t:|1775877001\n|gametype|doubles\n|player|p1|Platypus1000|101|1000\n|player|p2|vapzitar|265|1070\n|gen|9\n|tier|[Gen 9 Champions] VGC 2026 Reg M-A\n|rated|\n|rule|Species Clause: Limit one of each Pok\u00e9mon\n|rule|Item Clause: Limit 1 of each item\n|clearpoke\n|poke|p1|Kingambit, L50, M|\n|poke|p1|Venusaur, L50, F|\n|poke|p1|Charizard, L50, F|\n|poke|p1|Torkoal, L50, F|\n|poke|p1|Corviknight, L50, F|\n|poke|p1|Decidueye-Hisui, L50, F|\n|poke|p2|Aromatisse, L50, M|\n|poke|p2|Gengar, L50, F|\n|poke|p2|Politoed, L50, F|\n|poke|p2|Aegislash, L50, F|\n|poke|p2|Azumarill, L50, F|\n|poke|p2|Gardevoir, L50, M|\n|teampreview|4\nvapzitar rejected open team sheets.\n|inactive|Battle timer is ON: inactive players will automatically lose when time's up. (requested by Platypus1000)\n|\n|t:|1775877037\n|teamsize|p1|4\n|teamsize|p2|4\n|start\n|switch|p1a: Corviknight|Corviknight, L50, F|100/100\n|switch|p1b: Venusaur|Venusaur, L50, F|100/100\n|switch|p2a: Gengar|Gengar, L50, F|100/100\n|switch|p2b: Aegislash|Aegislash, L50, F|100/100\n|-ability|p1a: Corviknight|Pressure\n|turn|1\n|inactive|vapzitar has 30 seconds left.\n|\n|t:|1775877064\n|detailschange|p2a: Gengar|Gengar-Mega, L50, F\n|-mega|p2a: Gengar|Gengar|Gengarite\n|move|p2a: Gengar|Disable||[still]\n|-fail|p2a: Gengar\n|move|p1b: Venusaur|Earth Power|p2b: Aegislash\n|-supereffective|p2b: Aegislash|1\n|-damage|p2b: Aegislash|63/100\n|move|p1a: Corviknight|Tailwind|p1a: Corviknight\n|-sidestart|p1: Platypus1000|move: Tailwind\n|-formechange|p2b: Aegislash|Aegislash-Blade|\n|move|p2b: Aegislash|Iron Head|p1b: Venusaur\n|-damage|p1b: Venusaur|42/100\n|\n|-heal|p2b: Aegislash|69/100|[from] item: Leftovers\n|upkeep\n|turn|2\n|inactive|Platypus1000 has 30 seconds left.\n|inactive|vapzitar has 30 seconds left.\n|\n|t:|1775877098\n|move|p2a: Gengar|Protect|p2a: Gengar\n|-singleturn|p2a: Gengar|Protect\n|move|p1b: Venusaur|Earth Power|p2a: Gengar\n|-activate|p2a: Gengar|move: Protect\n|move|p1a: Corviknight|Brave Bird|p2a: Gengar\n|-activate|p2a: Gengar|move: Protect\n|move|p2b: Aegislash|Iron Head|p1b: Venusaur\n|-damage|p1b: Venusaur|0 fnt\n|faint|p1b: Venusaur\n|\n|-heal|p2b: Aegislash|75/100|[from] item: Leftovers\n|upkeep\n|\n|t:|1775877104\n|switch|p1b: Charizard|Charizard, L50, F|100/100\n|turn|3\n|\n|t:|1775877123\n|detailschange|p1b: Charizard|Charizard-Mega-Y, L50, F\n|-mega|p1b: Charizard|Charizard|Charizardite Y\n|-weather|SunnyDay|[from] ability: Drought|[of] p1b: Charizard\n|move|p2b: Aegislash|Wide Guard|p2b: Aegislash\n|-singleturn|p2b: Aegislash|Wide Guard\n|move|p1b: Charizard|Heat Wave|p2a: Gengar|[spread] \n|-activate|p2a: Gengar|move: Wide Guard\n|-activate|p2b: Aegislash|move: Wide Guard\n|move|p2a: Gengar|Disable|p1b: Charizard\n|-start|p1b: Charizard|Disable|Heat Wave\n|move|p1a: Corviknight|Brave Bird|p2a: Gengar\n|-damage|p2a: Gengar|57/100\n|-damage|p1a: Corviknight|89/100|[from] Recoil\n|\n|-weather|SunnyDay|[upkeep]\n|-heal|p1a: Corviknight|95/100|[from] item: Leftovers\n|-heal|p2b: Aegislash|81/100|[from] item: Leftovers\n|upkeep\n|turn|4\n|inactive|Platypus1000 has 30 seconds left.\n|\n|t:|1775877157\n|switch|p2b: Politoed|Politoed, L50, F|100/100\n|-weather|RainDance|[from] ability: Drizzle|[of] p2b: Politoed\n|move|p1b: Charizard|Air Slash|p2a: Gengar\n|-damage|p2a: Gengar|6/100\n|move|p2a: Gengar|Disable|p1a: Corviknight\n|-start|p1a: Corviknight|Disable|Brave Bird\n|cant|p1a: Corviknight|Disable|Brave Bird\n|\n|-weather|RainDance|[upkeep]\n|-heal|p1a: Corviknight|100/100|[from] item: Leftovers\n|-sideend|p1: Platypus1000|move: Tailwind\n|upkeep\n|turn|5\n|inactive|vapzitar has 30 seconds left.\n|\n|t:|1775877188\n|move|p2a: Gengar|Pain Split|p1a: Corviknight\n|-sethp|p1a: Corviknight|53/100|[from] move: Pain Split|[silent]\n|-sethp|p2a: Gengar|65/100|[from] move: Pain Split\n|move|p1b: Charizard|Air Slash|p2a: Gengar|[miss]\n|-miss|p1b: Charizard|p2a: Gengar\n|move|p2b: Politoed|Hydro Pump|p1b: Charizard\n|-supereffective|p1b: Charizard|1\n|-damage|p1b: Charizard|0 fnt\n|faint|p1b: Charizard\n|move|p1a: Corviknight|Body Press|p2b: Politoed\n|-damage|p2b: Politoed|79/100\n|\n|-weather|RainDance|[upkeep]\n|-heal|p1a: Corviknight|59/100|[from] item: Leftovers\n|upkeep\n|\n|t:|1775877202\n|switch|p1b: Kingambit|Kingambit, L50, M|100/100\n|turn|6\n|inactive|vapzitar has 30 seconds left.\n|\n|t:|1775877230\n|move|p2a: Gengar|Protect|p2a: Gengar\n|-singleturn|p2a: Gengar|Protect\n|move|p2b: Politoed|Perish Song|p2b: Politoed\n|-start|p1a: Corviknight|perish3|[silent]\n|-start|p1b: Kingambit|perish3|[silent]\n|-start|p2a: Gengar|perish3|[silent]\n|-start|p2b: Politoed|perish3|[silent]\n|-fieldactivate|move: Perish Song\n|move|p1a: Corviknight|Iron Defense|p1a: Corviknight\n|-boost|p1a: Corviknight|def|2\n|move|p1b: Kingambit|Kowtow Cleave|p2b: Politoed\n|-damage|p2b: Politoed|40/100\n|\n|-weather|RainDance|[upkeep]\n|-heal|p1a: Corviknight|64/100|[from] item: Leftovers\n|-start|p2a: Gengar|perish3\n|-start|p2b: Politoed|perish3\n|-start|p1a: Corviknight|perish3\n|-start|p1b: Kingambit|perish3\n|upkeep\n|turn|7\n|-message|Platypus1000 forfeited.\n|\n|win|vapzitar\n|raw|Platypus1000's rating: 1000 &rarr; <strong>1000</strong><br />(+0 for losing)\n|raw|vapzitar's rating: 1070 &rarr; <strong>1094</strong><br />(+24 for winning)\n|l|\u2606Platypus1000\n|player|p1|\n",
  "uploadtime": 1775877253,
  "views": 13,
  "formatid": "gen9championsvgc2026regma",
  "rating": 1000,
  "private": 0,
  "password": null
}