{
  "id": "gen9championsvgc2026regma-2586045933",
  "format": "[Gen 9 Champions] VGC 2026 Reg M-A",
  "players": [
    "focusedbug",
    "123heyhey123"
  ],
  "log": "|j|\u2606focusedbug\n|j|\u2606123heyhey123\n|t:|1776393408\n|gametype|doubles\n|player|p1|focusedbug|cheren-gen5bw2|1000\n|player|p2|123heyhey123|2|1062\n|gen|9\n|tier|[Gen 9 Champions] VGC 2026 Reg M-A\n|rated|\n|rule|Species Clause: Limit one of each Pok\u00e9mon\n|rule|Item Clause: Limit 1 of each item\n|clearpoke\n|poke|p1|Sneasler, L50, M|\n|poke|p1|Floette-Eternal, L50, F|\n|poke|p1|Aerodactyl, L50, M|\n|poke|p1|Scizor, L50, M|\n|poke|p1|Drampa, L50, F|\n|poke|p1|Incineroar, L50, F|\n|poke|p2|Gengar, L50, F|\n|poke|p2|Archaludon, L50, F|\n|poke|p2|Primarina, L50, F|\n|poke|p2|Altaria, L50, M|\n|poke|p2|Dragonite, L50, M|\n|poke|p2|Whimsicott, L50, M|\n|teampreview|4\n|\n|t:|1776393456\n|teamsize|p1|4\n|teamsize|p2|4\n|start\n|switch|p1a: Sneasler|Sneasler, L50, M|100/100\n|switch|p1b: Floette|Floette-Eternal, L50, F|100/100\n|switch|p2a: Gengar|Gengar, L50, F|100/100\n|switch|p2b: Primarina|Primarina, L50, F|100/100\n|turn|1\n|\n|t:|1776393489\n|detailschange|p2a: Gengar|Gengar-Mega, L50, F\n|-mega|p2a: Gengar|Gengar|Gengarite\n|detailschange|p1b: Floette|Floette-Mega, L50, F\n|-mega|p1b: Floette|Floette|Floettite\n|-ability|p1b: Floette|Fairy Aura\n|move|p1a: Sneasler|Fake Out|p2b: Primarina\n|-damage|p2b: Primarina|82/100\n|move|p2a: Gengar|Sludge Bomb|p1b: Floette\n|-supereffective|p1b: Floette|1\n|-crit|p1b: Floette\n|-damage|p1b: Floette|0 fnt\n|faint|p1b: Floette\n|cant|p2b: Primarina|flinch\n|\n|upkeep\n|\n|t:|1776393503\n|switch|p1b: Aerodactyl|Aerodactyl, L50, M|100/100\n|-ability|p1b: Aerodactyl|Unnerve\n|turn|2\n|\n|t:|1776393527\n|move|p1a: Sneasler|Protect|p1a: Sneasler\n|-singleturn|p1a: Sneasler|Protect\n|move|p2a: Gengar|Shadow Ball|p1b: Aerodactyl\n|-damage|p1b: Aerodactyl|30/100\n|move|p1b: Aerodactyl|Tailwind|p1b: Aerodactyl\n|-sidestart|p1: focusedbug|move: Tailwind\n|move|p2b: Primarina|Moonblast|p1a: Sneasler\n|-activate|p1a: Sneasler|move: Protect\n|\n|upkeep\n|turn|3\n|\n|t:|1776393546\n|move|p1a: Sneasler|Dire Claw|p2b: Primarina\n|-supereffective|p2b: Primarina|1\n|-damage|p2b: Primarina|0 fnt\n|faint|p2b: Primarina\n|move|p1b: Aerodactyl|Rock Slide|p2a: Gengar|[miss]\n|-miss|p1b: Aerodactyl|p2a: Gengar\n|move|p2a: Gengar|Shadow Ball|p1b: Aerodactyl\n|-damage|p1b: Aerodactyl|0 fnt\n|faint|p1b: Aerodactyl\n|\n|upkeep\n|\n|t:|1776393562\n|switch|p1b: Incineroar|Incineroar, L50, F|100/100\n|switch|p2b: Altaria|Altaria, L50, M|100/100\n|-ability|p1b: Incineroar|Intimidate|boost\n|-unboost|p2a: Gengar|atk|1\n|-unboost|p2b: Altaria|atk|1\n|-ability|p2b: Altaria|Cloud Nine\n|turn|4\n|\n|t:|1776393597\n|move|p1b: Incineroar|Fake Out|p2b: Altaria\n|-damage|p2b: Altaria|83/100\n|move|p1a: Sneasler|Dire Claw|p2b: Altaria\n|-damage|p2b: Altaria|31/100\n|move|p2a: Gengar|Dazzling Gleam|p1b: Incineroar|[spread] p1a,p1b\n|-crit|p1b: Incineroar\n|-damage|p1a: Sneasler|69/100\n|-damage|p1b: Incineroar|65/100\n|cant|p2b: Altaria|flinch\n|\n|upkeep\n|turn|5\n|\n|t:|1776393613\n|move|p1a: Sneasler|Dire Claw|p2b: Altaria\n|-damage|p2b: Altaria|0 fnt\n|faint|p2b: Altaria\n|move|p2a: Gengar|Dazzling Gleam|p1b: Incineroar|[spread] p1a,p1b\n|-damage|p1a: Sneasler|37/100\n|-damage|p1b: Incineroar|39/100\n|move|p1b: Incineroar|Parting Shot|p2a: Gengar\n|-unboost|p2a: Gengar|atk|1\n|-unboost|p2a: Gengar|spa|1\n|\n|-sideend|p1: focusedbug|move: Tailwind\n|upkeep\n|\n|t:|1776393625\n|switch|p2b: Dragonite|Dragonite, L50, M|100/100\n|turn|6\n|-message|focusedbug forfeited.\n|\n|win|123heyhey123\n|raw|focusedbug's rating: 1000 &rarr; <strong>1000</strong><br />(+0 for losing)\n|raw|123heyhey123's rating: 1062 &rarr; <strong>1087</strong><br />(+25 for winning)\n|l|\u2606focusedbug\n|player|p1|\n|c|\u2606123heyhey123|Gg\n",
  "uploadtime": 1776393695,
  "views": 15,
  "formatid": "gen9championsvgc2026regma",
  "rating": 1000,
  "private": 0,
  "password": null
}