{
  "id": "gen9championsvgc2026regma-2588092367",
  "format": "[Gen 9 Champions] VGC 2026 Reg M-A",
  "players": [
    "AveryCreativeName",
    "Osorambo_123"
  ],
  "log": "|j|\u2606AveryCreativeName\n|j|\u2606Osorambo_123\n|t:|1776603377\n|gametype|doubles\n|player|p1|AveryCreativeName|hiker-gen4|1118\n|player|p2|Osorambo_123|shadowtriad|1201\n|gen|9\n|tier|[Gen 9 Champions] VGC 2026 Reg M-A\n|rated|\n|rule|Species Clause: Limit one of each Pok\u00e9mon\n|rule|Item Clause: Limit 1 of each item\n|clearpoke\n|poke|p1|Tyranitar, L50, M, shiny|\n|poke|p1|Scizor, L50, F|\n|poke|p1|Rotom-Wash, L50|\n|poke|p1|Sneasler, L50, F|\n|poke|p1|Whimsicott, L50, M|\n|poke|p1|Garchomp, L50, F, shiny|\n|poke|p2|Pelipper, L50, M, shiny|\n|poke|p2|Incineroar, L50, F, shiny|\n|poke|p2|Dragonite, L50, F, shiny|\n|poke|p2|Sneasler, L50, F, shiny|\n|poke|p2|Basculegion, L50, M, shiny|\n|poke|p2|Archaludon, L50, F, shiny|\n|teampreview|4\n|inactive|Battle timer is ON: inactive players will automatically lose when time's up. (requested by AveryCreativeName)\n|inactive|AveryCreativeName has 60 seconds left.\nOsorambo_123 has agreed to open team sheets.\n|inactive|AveryCreativeName has 30 seconds left.\n|inactive|AveryCreativeName has 20 seconds left.\n|\n|t:|1776603450\n|teamsize|p1|4\n|teamsize|p2|4\n|start\n|switch|p1a: Rotom|Rotom-Wash, L50|100/100\n|switch|p1b: Scizor|Scizor, L50, F|100/100\n|switch|p2a: Incineroar|Incineroar, L50, F, shiny|100/100\n|switch|p2b: Sneasler|Sneasler, L50, F, shiny|100/100\n|-ability|p2a: Incineroar|Intimidate|boost\n|-unboost|p1a: Rotom|atk|1\n|-unboost|p1b: Scizor|atk|1\n|turn|1\n|\n|t:|1776603468\n|move|p2b: Sneasler|Fake Out|p1a: Rotom\n|-damage|p1a: Rotom|86/100\n|cant|p1a: Rotom|flinch\n|move|p2a: Incineroar|Flare Blitz|p1b: Scizor\n|-supereffective|p1b: Scizor|2\n|-enditem|p1b: Scizor|Occa Berry|[eat]\n|-enditem|p1b: Scizor|Occa Berry|[weaken]\n|-damage|p1b: Scizor|6/100\n|-damage|p2a: Incineroar|73/100|[from] Recoil\n|move|p1b: Scizor|Swords Dance|p1b: Scizor\n|-boost|p1b: Scizor|atk|2\n|\n|upkeep\n|turn|2\n|\n|t:|1776603491\n|move|p1b: Scizor|Bullet Punch|p2b: Sneasler\n|-damage|p2b: Sneasler|16/100\n|move|p2b: Sneasler|Rock Slide|p1a: Rotom|[spread] p1b\n|-miss|p2b: Sneasler|p1a: Rotom\n|-damage|p1b: Scizor|0 fnt\n|faint|p1b: Scizor\n|move|p1a: Rotom|Trick|p2a: Incineroar\n|-activate|p1a: Rotom|move: Trick|[of] p2a: Incineroar\n|-item|p2a: Incineroar|Choice Scarf|[from] move: Trick\n|-item|p1a: Rotom|Sitrus Berry|[from] move: Trick\n|move|p2a: Incineroar|Parting Shot|p1a: Rotom\n|-unboost|p1a: Rotom|atk|1\n|-unboost|p1a: Rotom|spa|1\n|\n|t:|1776603505\n|switch|p2a: Pelipper|Pelipper, L50, M, shiny|100/100|[from] Parting Shot\n|-weather|RainDance|[from] ability: Drizzle|[of] p2a: Pelipper\n|\n|-weather|RainDance|[upkeep]\n|upkeep\n|\n|t:|1776603514\n|switch|p1b: Whimsicott|Whimsicott, L50, M|100/100\n|turn|3\n|\n|t:|1776603530\n|switch|p2a: Incineroar|Incineroar, L50, F, shiny|73/100\n|-ability|p2a: Incineroar|Intimidate|boost\n|-unboost|p1a: Rotom|atk|1\n|-unboost|p1b: Whimsicott|atk|1\n|move|p1b: Whimsicott|Protect|p1b: Whimsicott\n|-singleturn|p1b: Whimsicott|Protect\n|move|p2b: Sneasler|Dire Claw|p1b: Whimsicott\n|-activate|p1b: Whimsicott|move: Protect\n|move|p1a: Rotom|Thunderbolt|p2a: Incineroar\n|-damage|p2a: Incineroar|50/100\n|\n|-weather|RainDance|[upkeep]\n|upkeep\n|turn|4\n|inactive|AveryCreativeName has 30 seconds left.\n|\n|t:|1776603556\n|move|p2a: Incineroar|Fake Out|p1a: Rotom\n|-damage|p1a: Rotom|75/100\n|move|p1b: Whimsicott|Tailwind|p1b: Whimsicott\n|-sidestart|p1: AveryCreativeName|move: Tailwind\n|cant|p1a: Rotom|flinch\n|move|p2b: Sneasler|Dire Claw|p1b: Whimsicott\n|-supereffective|p1b: Whimsicott|2\n|-crit|p1b: Whimsicott\n|-enditem|p1b: Whimsicott|Focus Sash\n|-damage|p1b: Whimsicott|1/100\n|\n|-weather|RainDance|[upkeep]\n|upkeep\n|turn|5\n|\n|t:|1776603578\n|switch|p2b: Pelipper|Pelipper, L50, M, shiny|100/100\n|switch|p2a: Dragonite|Dragonite, L50, F, shiny|100/100\n|move|p1b: Whimsicott|Moonblast|p2a: Dragonite\n|-supereffective|p2a: Dragonite|1\n|-damage|p2a: Dragonite|43/100\n|move|p1a: Rotom|Thunderbolt|p2b: Pelipper\n|-supereffective|p2b: Pelipper|2\n|-crit|p2b: Pelipper\n|-enditem|p2b: Pelipper|Focus Sash\n|-damage|p2b: Pelipper|1/100\n|\n|-weather|RainDance|[upkeep]\n|upkeep\n|turn|6\n|\n|t:|1776603598\n|detailschange|p2a: Dragonite|Dragonite-Mega, L50, F, shiny\n|-mega|p2a: Dragonite|Dragonite|Dragoninite\n|move|p2a: Dragonite|Protect|p2a: Dragonite\n|-singleturn|p2a: Dragonite|Protect\n|move|p2b: Pelipper|Protect|p2b: Pelipper\n|-singleturn|p2b: Pelipper|Protect\n|move|p1b: Whimsicott|Moonblast|p2a: Dragonite\n|-activate|p2a: Dragonite|move: Protect\n|move|p1a: Rotom|Thunderbolt|p2b: Pelipper\n|-activate|p2b: Pelipper|move: Protect\n|\n|-weather|none\n|upkeep\n|turn|7\n|\n|t:|1776603616\n|switch|p2a: Sneasler|Sneasler, L50, F, shiny|16/100\n|switch|p2b: Incineroar|Incineroar, L50, F, shiny|50/100\n|-ability|p2b: Incineroar|Intimidate|boost\n|-unboost|p1a: Rotom|atk|1\n|-unboost|p1b: Whimsicott|atk|1\n|move|p1b: Whimsicott|Moonblast|p2a: Sneasler\n|-damage|p2a: Sneasler|0 fnt\n|faint|p2a: Sneasler\n|move|p1a: Rotom|Thunderbolt|p2b: Incineroar\n|-damage|p2b: Incineroar|26/100\n|\n|-sideend|p1: AveryCreativeName|move: Tailwind\n|upkeep\n|\n|t:|1776603634\n|switch|p2a: Dragonite|Dragonite-Mega, L50, F, shiny|43/100\n|turn|8\n|\n|t:|1776603659\n|move|p1b: Whimsicott|Protect|p1b: Whimsicott\n|-singleturn|p1b: Whimsicott|Protect\n|move|p2b: Incineroar|Fake Out|p1b: Whimsicott\n|-activate|p1b: Whimsicott|move: Protect\n|move|p2a: Dragonite|Thunder|p1a: Rotom\n|-damage|p1a: Rotom|27/100\n|-enditem|p1a: Rotom|Sitrus Berry|[eat]\n|-heal|p1a: Rotom|52/100|[from] item: Sitrus Berry\n|move|p1a: Rotom|Thunderbolt|p2b: Incineroar\n|-damage|p2b: Incineroar|2/100\n|\n|upkeep\n|turn|9\n|\n|t:|1776603680\n|switch|p2b: Pelipper|Pelipper, L50, M, shiny|1/100\n|-weather|RainDance|[from] ability: Drizzle|[of] p2b: Pelipper\n|move|p1b: Whimsicott|Tailwind|p1b: Whimsicott\n|-sidestart|p1: AveryCreativeName|move: Tailwind\n|move|p1a: Rotom|Thunderbolt|p2b: Pelipper\n|-supereffective|p2b: Pelipper|2\n|-damage|p2b: Pelipper|0 fnt\n|faint|p2b: Pelipper\n|move|p2a: Dragonite|Hurricane|p1b: Whimsicott\n|-supereffective|p1b: Whimsicott|1\n|-damage|p1b: Whimsicott|0 fnt\n|faint|p1b: Whimsicott\n|\n|-weather|RainDance|[upkeep]\n|upkeep\n|\n|t:|1776603695\n|switch|p1b: Sneasler|Sneasler, L50, F|100/100\n|switch|p2b: Incineroar|Incineroar, L50, F, shiny|2/100\n|-ability|p2b: Incineroar|Intimidate|boost\n|-unboost|p1a: Rotom|atk|1\n|-unboost|p1b: Sneasler|atk|1\n|-enditem|p1b: Sneasler|White Herb\n|-clearnegativeboost|p1b: Sneasler|[silent]\n|turn|10\n|\n|t:|1776603711\n|move|p1b: Sneasler|Fake Out|p2a: Dragonite\n|-damage|p2a: Dragonite|28/100\n|move|p2b: Incineroar|Fake Out|p1a: Rotom\n|-damage|p1a: Rotom|39/100\n|cant|p1a: Rotom|flinch\n|cant|p2a: Dragonite|flinch\n|\n|-weather|RainDance|[upkeep]\n|upkeep\n|turn|11\n|\n|t:|1776603723\n|move|p2b: Incineroar|Fake Out||[still]\n|-hint|Fake Out only works on your first turn out.\n|-fail|p2b: Incineroar\n|move|p1b: Sneasler|Dire Claw|p2a: Dragonite\n|-damage|p2a: Dragonite|0 fnt\n|faint|p2a: Dragonite\n|move|p1a: Rotom|Thunderbolt|p2b: Incineroar\n|-damage|p2b: Incineroar|0 fnt\n|faint|p2b: Incineroar\n|\n|win|AveryCreativeName\n|raw|AveryCreativeName's rating: 1118 &rarr; <strong>1149</strong><br />(+31 for winning)\n|raw|Osorambo_123's rating: 1201 &rarr; <strong>1170</strong><br />(-31 for losing)\n|l|\u2606Osorambo_123\n|player|p2|\n|c|\u2606AveryCreativeName|gg\n",
  "uploadtime": 1776603867,
  "views": 14,
  "formatid": "gen9championsvgc2026regma",
  "rating": 1149,
  "private": 0,
  "password": null
}