{
  "id": "gen9championsvgc2026regma-2589579488",
  "format": "[Gen 9 Champions] VGC 2026 Reg M-A",
  "players": [
    "magskboyz",
    "szadek"
  ],
  "log": "|j|\u2606magskboyz\n|j|\u2606szadek\n|t:|1776735959\n|gametype|doubles\n|player|p1|magskboyz|2|1033\n|player|p2|szadek|veteran|1120\n|gen|9\n|tier|[Gen 9 Champions] VGC 2026 Reg M-A\n|rated|\n|rule|Species Clause: Limit one of each Pok\u00e9mon\n|rule|Item Clause: Limit 1 of each item\n|clearpoke\n|poke|p1|Archaludon, L50, F|\n|poke|p1|Sinistcha, L50|\n|poke|p1|Basculegion, L50, M, shiny|\n|poke|p1|Incineroar, L50, M|\n|poke|p1|Gardevoir, L50, F, shiny|\n|poke|p1|Pelipper, L50, M|\n|poke|p2|Charizard, L50, F|\n|poke|p2|Venusaur, L50, M, shiny|\n|poke|p2|Archaludon, L50, M, shiny|\n|poke|p2|Sneasler, L50, M|\n|poke|p2|Milotic, L50, M, shiny|\n|poke|p2|Whimsicott, L50, M, shiny|\n|teampreview|4\n|inactive|Battle timer is ON: inactive players will automatically lose when time's up. (requested by szadek)\n|\n|t:|1776736028\n|teamsize|p1|4\n|teamsize|p2|4\n|start\n|switch|p1a: Basculegion|Basculegion, L50, M, shiny|100/100\n|switch|p1b: Incineroar|Incineroar, L50, M|100/100\n|switch|p2a: Whimsicott|Whimsicott, L50, M, shiny|100/100\n|switch|p2b: Milotic|Milotic, L50, M, shiny|100/100\n|-ability|p1b: Incineroar|Intimidate|boost\n|-unboost|p2a: Whimsicott|atk|1\n|-unboost|p2b: Milotic|atk|1\n|turn|1\n|c|\u2606szadek|LMAO\n|c|\u2606szadek|Wrong ability\n|inactive|szadek has 30 seconds left.\n|\n|t:|1776736054\n|move|p2a: Whimsicott|Protect|p2a: Whimsicott\n|-singleturn|p2a: Whimsicott|Protect\n|move|p1b: Incineroar|Fake Out|p2a: Whimsicott\n|-activate|p2a: Whimsicott|move: Protect\n|move|p1a: Basculegion|Flip Turn|p2b: Milotic\n|-resisted|p2b: Milotic|1\n|-damage|p2b: Milotic|82/100\n|\n|t:|1776736061\n|switch|p1a: Gardevoir|Gardevoir, L50, F, shiny|100/100|[from] Flip Turn\n|-ability|p1a: Gardevoir|Marvel Scale|Trace|[from] ability: Trace|[of] p2b: Milotic\n|move|p2b: Milotic|Icy Wind|p1a: Gardevoir|[spread] p1a,p1b\n|-resisted|p1b: Incineroar|1\n|-damage|p1a: Gardevoir|91/100\n|-damage|p1b: Incineroar|97/100\n|-unboost|p1a: Gardevoir|spe|1\n|-unboost|p1b: Incineroar|spe|1\n|\n|-heal|p2b: Milotic|88/100|[from] item: Leftovers\n|upkeep\n|turn|2\n|\n|t:|1776736080\n|detailschange|p1a: Gardevoir|Gardevoir-Mega, L50, F, shiny\n|-mega|p1a: Gardevoir|Gardevoir|Gardevoirite\n|move|p2a: Whimsicott|Tailwind|p2a: Whimsicott\n|-sidestart|p2: szadek|move: Tailwind\n|move|p2b: Milotic|Scald|p1b: Incineroar\n|-supereffective|p1b: Incineroar|1\n|-damage|p1b: Incineroar|51/100\n|move|p1a: Gardevoir|Calm Mind|p1a: Gardevoir\n|-boost|p1a: Gardevoir|spa|1\n|-boost|p1a: Gardevoir|spd|1\n|move|p1b: Incineroar|Parting Shot|p2b: Milotic\n|-unboost|p2b: Milotic|atk|1\n|-unboost|p2b: Milotic|spa|1\n|inactive|magskboyz has 30 seconds left.\n|\n|t:|1776736108\n|switch|p1b: Pelipper|Pelipper, L50, M|100/100|[from] Parting Shot\n|-weather|RainDance|[from] ability: Drizzle|[of] p1b: Pelipper\n|\n|-weather|RainDance|[upkeep]\n|-heal|p2b: Milotic|94/100|[from] item: Leftovers\n|upkeep\n|turn|3\n|\n|t:|1776736123\n|move|p1b: Pelipper|Protect|p1b: Pelipper\n|-singleturn|p1b: Pelipper|Protect\n|move|p2a: Whimsicott|Encore|p1a: Gardevoir\n|-start|p1a: Gardevoir|Encore\n|move|p2b: Milotic|Icy Wind|p1b: Pelipper|[spread] p1a\n|-activate|p1b: Pelipper|move: Protect\n|-damage|p1a: Gardevoir|88/100\n|-unboost|p1a: Gardevoir|spe|1\n|move|p1a: Gardevoir|Calm Mind|p1a: Gardevoir\n|-boost|p1a: Gardevoir|spa|1\n|-boost|p1a: Gardevoir|spd|1\n|\n|-weather|RainDance|[upkeep]\n|-heal|p2b: Milotic|99/100|[from] item: Leftovers\n|upkeep\n|turn|4\n|\n|t:|1776736142\n|switch|p2a: Venusaur|Venusaur, L50, M, shiny|100/100\n|switch|p1b: Basculegion|Basculegion, L50, M, shiny|100/100\n|move|p2b: Milotic|Icy Wind|p1b: Basculegion|[spread] p1a,p1b\n|-resisted|p1b: Basculegion|1\n|-damage|p1a: Gardevoir|85/100\n|-damage|p1b: Basculegion|96/100\n|-unboost|p1a: Gardevoir|spe|1\n|-unboost|p1b: Basculegion|spe|1\n|move|p1a: Gardevoir|Calm Mind|p1a: Gardevoir\n|-boost|p1a: Gardevoir|spa|1\n|-boost|p1a: Gardevoir|spd|1\n|\n|-weather|RainDance|[upkeep]\n|-heal|p2b: Milotic|100/100|[from] item: Leftovers\n|upkeep\n|turn|5\n|\n|t:|1776736161\n|switch|p1b: Incineroar|Incineroar, L50, M|51/100\n|-ability|p1b: Incineroar|Intimidate|boost\n|-unboost|p2a: Venusaur|atk|1\n|-unboost|p2b: Milotic|atk|1\n|move|p2a: Venusaur|Sleep Powder|p1a: Gardevoir\n|-status|p1a: Gardevoir|slp|[from] move: Sleep Powder\n|move|p2b: Milotic|Icy Wind|p1a: Gardevoir|[spread] p1a,p1b\n|-resisted|p1b: Incineroar|1\n|-damage|p1a: Gardevoir|83/100 slp\n|-damage|p1b: Incineroar|48/100\n|-unboost|p1a: Gardevoir|spe|1\n|-unboost|p1b: Incineroar|spe|1\n|-enditem|p1b: Incineroar|Sitrus Berry|[eat]\n|-heal|p1b: Incineroar|73/100|[from] item: Sitrus Berry\n|cant|p1a: Gardevoir|slp\n|\n|-weather|RainDance|[upkeep]\n|-end|p1a: Gardevoir|Encore\n|-sideend|p2: szadek|move: Tailwind\n|upkeep\n|turn|6\n|\n|t:|1776736184\n|switch|p2b: Charizard|Charizard, L50, F|100/100\n|move|p1b: Incineroar|Fake Out|p2b: Charizard\n|-damage|p2b: Charizard|87/100\n|move|p2a: Venusaur|Sludge Bomb|p1a: Gardevoir\n|-supereffective|p1a: Gardevoir|1\n|-damage|p1a: Gardevoir|59/100 slp\n|cant|p1a: Gardevoir|slp\n|\n|-weather|none\n|upkeep\n|turn|7\n|\n|t:|1776736200\n|detailschange|p2b: Charizard|Charizard-Mega-X, L50, F\n|-mega|p2b: Charizard|Charizard|Charizardite X\n|move|p2a: Venusaur|Sunny Day|p2a: Venusaur\n|-weather|SunnyDay\n|move|p2b: Charizard|Flare Blitz|p1a: Gardevoir\n|-damage|p1a: Gardevoir|0 fnt\n|faint|p1a: Gardevoir\n|-damage|p2b: Charizard|69/100|[from] Recoil\n|move|p1b: Incineroar|Parting Shot|p2b: Charizard\n|-unboost|p2b: Charizard|atk|1\n|-unboost|p2b: Charizard|spa|1\n|\n|t:|1776736208\n|switch|p1b: Basculegion|Basculegion, L50, M, shiny|96/100|[from] Parting Shot\n|\n|-weather|SunnyDay|[upkeep]\n|upkeep\n|\n|t:|1776736209\n|switch|p1a: Pelipper|Pelipper, L50, M|100/100\n|-weather|RainDance|[from] ability: Drizzle|[of] p1a: Pelipper\n|turn|8\n|\n|t:|1776736234\n|switch|p2b: Milotic|Milotic, L50, M, shiny|100/100\n|move|p1b: Basculegion|Last Respects|p2a: Venusaur\n|-damage|p2a: Venusaur|30/100\n|move|p2a: Venusaur|Sunny Day|p2a: Venusaur\n|-weather|SunnyDay\n|move|p1a: Pelipper|Hurricane|p2a: Venusaur|[miss]\n|-miss|p1a: Pelipper|p2a: Venusaur\n|\n|-weather|SunnyDay|[upkeep]\n|upkeep\n|turn|9\n|\n|t:|1776736254\n|move|p2a: Venusaur|Energy Ball|p1b: Basculegion\n|-supereffective|p1b: Basculegion|1\n|-damage|p1b: Basculegion|10/100\n|move|p1b: Basculegion|Last Respects|p2b: Milotic\n|-damage|p2b: Milotic|45/100\n|move|p1a: Pelipper|Weather Ball|p2a: Venusaur\n|-supereffective|p2a: Venusaur|1\n|-damage|p2a: Venusaur|0 fnt\n|faint|p2a: Venusaur\n|move|p2b: Milotic|Life Dew|p2b: Milotic\n|-heal|p2b: Milotic|70/100\n|\n|-weather|SunnyDay|[upkeep]\n|-heal|p2b: Milotic|76/100|[from] item: Leftovers\n|upkeep\n|\n|t:|1776736269\n|switch|p2a: Charizard|Charizard-Mega-X, L50, F|69/100\n|turn|10\n|\n|t:|1776736279\n|switch|p1b: Incineroar|Incineroar, L50, M|73/100\n|-ability|p1b: Incineroar|Intimidate|boost\n|-unboost|p2a: Charizard|atk|1\n|-unboost|p2b: Milotic|atk|1\n|move|p2a: Charizard|Dragon Claw|p1b: Incineroar\n|-damage|p1b: Incineroar|46/100\n|move|p1a: Pelipper|Tailwind|p1a: Pelipper\n|-sidestart|p1: magskboyz|move: Tailwind\n|move|p2b: Milotic|Life Dew|p2b: Milotic|[spread] p2a,p2b\n|-heal|p2a: Charizard|93/100\n|-heal|p2b: Milotic|100/100\n|\n|-weather|SunnyDay|[upkeep]\n|upkeep\n|turn|11\n|\n|t:|1776736298\n|switch|p1a: Basculegion|Basculegion, L50, M, shiny|10/100\n|move|p2a: Charizard|Protect|p2a: Charizard\n|-singleturn|p2a: Charizard|Protect\n|move|p1b: Incineroar|Fake Out|p2a: Charizard\n|-activate|p2a: Charizard|move: Protect\n|move|p2b: Milotic|Icy Wind|p1b: Incineroar|[spread] p1a,p1b\n|-resisted|p1a: Basculegion|1\n|-crit|p1a: Basculegion\n|-resisted|p1b: Incineroar|1\n|-damage|p1a: Basculegion|2/100\n|-damage|p1b: Incineroar|42/100\n|-unboost|p1a: Basculegion|spe|1\n|-unboost|p1b: Incineroar|spe|1\n|\n|-weather|SunnyDay|[upkeep]\n|upkeep\n|turn|12\n|\n|t:|1776736321\n|switch|p1b: Pelipper|Pelipper, L50, M|100/100\n|-weather|RainDance|[from] ability: Drizzle|[of] p1b: Pelipper\n|move|p1a: Basculegion|Flip Turn|p2a: Charizard\n|-damage|p2a: Charizard|42/100\n|\n|t:|1776736328\n|switch|p1a: Incineroar|Incineroar, L50, M|42/100|[from] Flip Turn\n|-ability|p1a: Incineroar|Intimidate|boost\n|-unboost|p2a: Charizard|atk|1\n|-unboost|p2b: Milotic|atk|1\n|move|p2a: Charizard|Dragon Claw|p1a: Incineroar\n|-damage|p1a: Incineroar|21/100\n|move|p2b: Milotic|Icy Wind|p1a: Incineroar|[spread] p1a,p1b\n|-resisted|p1a: Incineroar|1\n|-damage|p1a: Incineroar|17/100\n|-damage|p1b: Pelipper|84/100\n|-unboost|p1a: Incineroar|spe|1\n|-unboost|p1b: Pelipper|spe|1\n|\n|-weather|RainDance|[upkeep]\n|upkeep\n|turn|13\n|\n|t:|1776736349\n|move|p2a: Charizard|Protect|p2a: Charizard\n|-singleturn|p2a: Charizard|Protect\n|move|p1a: Incineroar|Fake Out|p2b: Milotic\n|-crit|p2b: Milotic\n|-damage|p2b: Milotic|82/100\n|move|p1b: Pelipper|Hurricane|p2a: Charizard\n|-activate|p2a: Charizard|move: Protect\n|cant|p2b: Milotic|flinch\n|\n|-weather|RainDance|[upkeep]\n|-heal|p2b: Milotic|88/100|[from] item: Leftovers\n|-sideend|p1: magskboyz|move: Tailwind\n|upkeep\n|turn|14\n|inactive|szadek has 30 seconds left.\n|inactive|magskboyz has 30 seconds left.\n|\n|t:|1776736395\n|switch|p2a: Whimsicott|Whimsicott, L50, M, shiny|100/100\n|move|p2b: Milotic|Scald|p1a: Incineroar\n|-supereffective|p1a: Incineroar|1\n|-damage|p1a: Incineroar|0 fnt\n|faint|p1a: Incineroar\n|move|p1b: Pelipper|Weather Ball|p2a: Whimsicott\n|-resisted|p2a: Whimsicott|1\n|-damage|p2a: Whimsicott|48/100\n|\n|-weather|RainDance|[upkeep]\n|-heal|p2b: Milotic|94/100|[from] item: Leftovers\n|upkeep\n|\n|t:|1776736400\n|switch|p1a: Basculegion|Basculegion, L50, M, shiny|2/100\n|turn|15\n|\n|t:|1776736410\n|move|p2a: Whimsicott|Tailwind|p2a: Whimsicott\n|-sidestart|p2: szadek|move: Tailwind\n|move|p1a: Basculegion|Last Respects|p2b: Milotic\n|-damage|p2b: Milotic|5/100\n|move|p2b: Milotic|Scald|p1a: Basculegion\n|-resisted|p1a: Basculegion|1\n|-damage|p1a: Basculegion|0 fnt\n|faint|p1a: Basculegion\n|move|p1b: Pelipper|Weather Ball|p2a: Whimsicott\n|-resisted|p2a: Whimsicott|1\n|-damage|p2a: Whimsicott|0 fnt\n|faint|p2a: Whimsicott\n|\n|-weather|RainDance|[upkeep]\n|-heal|p2b: Milotic|11/100|[from] item: Leftovers\n|upkeep\n|\n|t:|1776736424\n|switch|p2a: Charizard|Charizard-Mega-X, L50, F|42/100\n|turn|16\n|\n|t:|1776736445\n|move|p2a: Charizard|Dragon Claw|p1b: Pelipper\n|-damage|p1b: Pelipper|25/100\n|move|p2b: Milotic|Life Dew|p2b: Milotic|[spread] p2a,p2b\n|-heal|p2a: Charizard|66/100\n|-heal|p2b: Milotic|37/100\n|move|p1b: Pelipper|Hurricane|p2b: Milotic\n|-damage|p2b: Milotic|9/100\n|\n|-weather|none\n|-heal|p2b: Milotic|15/100|[from] item: Leftovers\n|upkeep\n|turn|17\n|-message|magskboyz forfeited.\n|\n|win|szadek\n|raw|magskboyz's rating: 1033 &rarr; <strong>1022</strong><br />(-11 for losing)\n|raw|szadek's rating: 1120 &rarr; <strong>1139</strong><br />(+19 for winning)\n|l|\u2606magskboyz\n|player|p1|\n|c|\u2606szadek|gg\n",
  "uploadtime": 1776736459,
  "views": 0,
  "formatid": "gen9championsvgc2026regma",
  "rating": 1022,
  "private": 0,
  "password": null
}