{
  "id": "gen9championsvgc2026regma-2580532944",
  "format": "[Gen 9 Champions] VGC 2026 Reg M-A",
  "players": [
    "GhetsisTime",
    "Aleeck17"
  ],
  "log": "|j|\u2606GhetsisTime\n|j|\u2606Aleeck17\n|t:|1775909721\n|gametype|doubles\n|player|p1|GhetsisTime|ghetsis|1048\n|player|p2|Aleeck17|170|1000\n|gen|9\n|tier|[Gen 9 Champions] VGC 2026 Reg M-A\n|rated|\n|rule|Species Clause: Limit one of each Pok\u00e9mon\n|rule|Item Clause: Limit 1 of each item\n|clearpoke\n|poke|p1|Pelipper, L50, M|\n|poke|p1|Sneasler, L50, M|\n|poke|p1|Archaludon, L50, F|\n|poke|p1|Sinistcha, L50|\n|poke|p1|Basculegion, L50, M|\n|poke|p1|Incineroar, L50, F|\n|poke|p2|Vanilluxe, L50, F|\n|poke|p2|Hawlucha, L50, F|\n|poke|p2|Pikachu, L50, F|\n|poke|p2|Castform, L50, F|\n|teampreview|4\n|inactive|Battle timer is ON: inactive players will automatically lose when time's up. (requested by GhetsisTime)\n|\n|t:|1775909744\n|teamsize|p1|4\n|teamsize|p2|4\n|start\n|switch|p1a: Incineroar|Incineroar, L50, F|100/100\n|switch|p1b: Sneasler|Sneasler, L50, M|100/100\n|switch|p2a: Vanilluxe|Vanilluxe, L50, F|100/100\n|switch|p2b: Hawlucha|Hawlucha, L50, F|100/100\n|-ability|p2b: Hawlucha|Mold Breaker\n|-ability|p1a: Incineroar|Intimidate|boost\n|-unboost|p2a: Vanilluxe|atk|1\n|-unboost|p2b: Hawlucha|atk|1\n|turn|1\n|\n|t:|1775909764\n|detailschange|p2b: Hawlucha|Hawlucha-Mega, L50, F\n|-mega|p2b: Hawlucha|Hawlucha|Hawluchanite\n|move|p1a: Incineroar|Fake Out|p2b: Hawlucha\n|-damage|p2b: Hawlucha|87/100\n|move|p2a: Vanilluxe|Sheer Cold|p1a: Incineroar|[miss]\n|-miss|p2a: Vanilluxe|p1a: Incineroar\n|move|p1b: Sneasler|Dire Claw|p2b: Hawlucha\n|-damage|p2b: Hawlucha|48/100\n|cant|p2b: Hawlucha|flinch\n|\n|upkeep\n|turn|2\n|\n|t:|1775909788\n|move|p2a: Vanilluxe|Sheer Cold|p1b: Sneasler|[miss]\n|-miss|p2a: Vanilluxe|p1b: Sneasler\n|move|p1b: Sneasler|Dire Claw|p2b: Hawlucha\n|-damage|p2b: Hawlucha|9/100\n|move|p2b: Hawlucha|Entrainment|p2a: Vanilluxe\n|-ability|p2a: Vanilluxe|No Guard|Weak Armor|[from] move: Entrainment|[of] p2b: Hawlucha\n|move|p1a: Incineroar|Parting Shot|p2b: Hawlucha\n|-unboost|p2b: Hawlucha|atk|1\n|-unboost|p2b: Hawlucha|spa|1\n|\n|t:|1775909799\n|switch|p1a: Pelipper|Pelipper, L50, M|100/100|[from] Parting Shot\n|-weather|RainDance|[from] ability: Drizzle|[of] p1a: Pelipper\n|\n|-weather|RainDance|[upkeep]\n|upkeep\n|turn|3\n|\n|t:|1775909812\n|move|p2a: Vanilluxe|Sheer Cold|p1a: Pelipper\n|-damage|p1a: Pelipper|0 fnt\n|faint|p1a: Pelipper\n|-ohko\n|move|p1b: Sneasler|Close Combat|p2a: Vanilluxe\n|-supereffective|p2a: Vanilluxe|1\n|-damage|p2a: Vanilluxe|0 fnt\n|-unboost|p1b: Sneasler|def|1\n|-unboost|p1b: Sneasler|spd|1\n|faint|p2a: Vanilluxe\n|move|p2b: Hawlucha|Brave Bird|p1b: Sneasler\n|-supereffective|p1b: Sneasler|1\n|-enditem|p1b: Sneasler|Focus Sash\n|-damage|p1b: Sneasler|1/100\n|-damage|p2b: Hawlucha|0 fnt|[from] Recoil\n|faint|p2b: Hawlucha\n|\n|-weather|RainDance|[upkeep]\n|upkeep\n|\n|t:|1775909824\n|switch|p2b: Castform|Castform, L50, F|100/100\n|switch|p2a: Pikachu|Pikachu, L50, F|100/100\n|switch|p1a: Archaludon|Archaludon, L50, F|100/100\n|-formechange|p2b: Castform|Castform-Rainy|[msg]|[from] ability: Forecast\n|turn|4\n|\n|t:|1775909832\n|move|p2a: Pikachu|Fake Out|p1b: Sneasler\n|-crit|p1b: Sneasler\n|-damage|p1b: Sneasler|0 fnt\n|faint|p1b: Sneasler\n|move|p1a: Archaludon|Electro Shot||[still]\n|-prepare|p1a: Archaludon|Electro Shot\n|-boost|p1a: Archaludon|spa|1\n|-anim|p1a: Archaludon|Electro Shot|p2b: Castform\n|-supereffective|p2b: Castform|1\n|-damage|p2b: Castform|0 fnt\n|faint|p2b: Castform\n|\n|-weather|RainDance|[upkeep]\n|upkeep\n|\n|t:|1775909834\n|switch|p1b: Incineroar|Incineroar, L50, F|100/100\n|-ability|p1b: Incineroar|Intimidate|boost\n|-unboost|p2a: Pikachu|atk|1\n|turn|5\n|\n|t:|1775909842\n|move|p1b: Incineroar|Fake Out|p2a: Pikachu\n|-damage|p2a: Pikachu|51/100\n|cant|p2a: Pikachu|flinch\n|move|p1a: Archaludon|Flash Cannon|p2a: Pikachu\n|-resisted|p2a: Pikachu|1\n|-damage|p2a: Pikachu|0 fnt\n|faint|p2a: Pikachu\n|\n|win|GhetsisTime\n|raw|GhetsisTime's rating: 1048 &rarr; <strong>1076</strong><br />(+28 for winning)\n|raw|Aleeck17's rating: 1000 &rarr; <strong>1000</strong><br />(+0 for losing)\n|l|\u2606GhetsisTime\n|player|p1|\n",
  "uploadtime": 1775909723,
  "views": 16,
  "formatid": "gen9championsvgc2026regma",
  "rating": 1000,
  "private": 0,
  "password": null
}