{
  "id": "gen9championsvgc2026regma-2582751581",
  "format": "[Gen 9 Champions] VGC 2026 Reg M-A",
  "players": [
    "23rgh",
    "derpybaits"
  ],
  "log": "|j|\u260623rgh\n|j|\u2606derpybaits\n|t:|1776111596\n|gametype|doubles\n|player|p1|23rgh|1|1060\n|player|p2|derpybaits|265|1088\n|gen|9\n|tier|[Gen 9 Champions] VGC 2026 Reg M-A\n|rated|\n|rule|Species Clause: Limit one of each Pok\u00e9mon\n|rule|Item Clause: Limit 1 of each item\n|clearpoke\n|poke|p1|Aggron, L50, F|\n|poke|p1|Sinistcha-Masterpiece, L50|\n|poke|p1|Zoroark-Hisui, L50, M|\n|poke|p1|Armarouge, L50, F|\n|poke|p1|Dragonite, L50, M|\n|poke|p2|Chandelure, L50, M|\n|poke|p2|Basculegion, L50, M|\n|poke|p2|Kingambit, L50, M|\n|poke|p2|Aerodactyl, L50, F|\n|poke|p2|Conkeldurr, L50, F|\n|poke|p2|Clefable, L50, M|\n|teampreview|4\n|\n|t:|1776111619\n|teamsize|p1|4\n|teamsize|p2|4\n|start\n|switch|p1a: Armarouge|Armarouge, L50, F|100/100\n|switch|p1b: THE WALL|Aggron, L50, F|100/100\n|switch|p2a: Aerodactyl|Aerodactyl, L50, F|100/100\n|switch|p2b: Clefable|Clefable, L50, M|100/100\n|-ability|p2a: Aerodactyl|Unnerve\n|turn|1\n|\n|t:|1776111663\n|detailschange|p2a: Aerodactyl|Aerodactyl-Mega, L50, F\n|-mega|p2a: Aerodactyl|Aerodactyl|Aerodactylite\n|move|p2b: Clefable|Follow Me|p2b: Clefable\n|-singleturn|p2b: Clefable|move: Follow Me\n|move|p2a: Aerodactyl|Rock Slide|p1b: THE WALL|[spread] p1a,p1b\n|-supereffective|p1a: Armarouge|1\n|-damage|p1a: Armarouge|34/100\n|-damage|p1b: THE WALL|41/100\n|replace|p1b: Zoroark|Zoroark-Hisui, L50, M\n|-end|p1b: Zoroark|Illusion\n|move|p1b: Zoroark|Shadow Ball|p2b: Clefable\n|-damage|p2b: Clefable|65/100\n|cant|p1a: Armarouge|flinch\n|\n|upkeep\n|turn|2\n|\n|t:|1776111681\n|move|p2b: Clefable|Follow Me|p2b: Clefable\n|-singleturn|p2b: Clefable|move: Follow Me\n|move|p2a: Aerodactyl|Rock Slide|p1b: Zoroark|[spread] p1b\n|-miss|p2a: Aerodactyl|p1a: Armarouge\n|-damage|p1b: Zoroark|0 fnt\n|faint|p1b: Zoroark\n|move|p1a: Armarouge|Light Screen|p1a: Armarouge\n|-sidestart|p1: 23rgh|move: Light Screen\n|\n|upkeep\n|\n|t:|1776111690\n|switch|p1b: THE WALL|Aggron, L50, F|100/100\n|turn|3\n|\n|t:|1776111708\n|detailschange|p1b: THE WALL|Aggron-Mega, L50, F\n|-mega|p1b: THE WALL|Aggron|Aggronite\n|move|p2b: Clefable|Follow Me|p2b: Clefable\n|-singleturn|p2b: Clefable|move: Follow Me\n|move|p2a: Aerodactyl|Rock Slide|p1a: Armarouge|[spread] p1a,p1b\n|-supereffective|p1a: Armarouge|1\n|-crit|p1a: Armarouge\n|-resisted|p1b: THE WALL|1\n|-damage|p1a: Armarouge|0 fnt\n|-damage|p1b: THE WALL|95/100\n|faint|p1a: Armarouge\n|move|p1b: THE WALL|Iron Defense|p1b: THE WALL\n|-boost|p1b: THE WALL|def|2\n|\n|upkeep\n|\n|t:|1776111719\n|switch|p1a: Sinistcha|Sinistcha-Masterpiece, L50|100/100\n|-heal|p1b: THE WALL|100/100|[from] ability: Hospitality|[of] p1a: Sinistcha\n|turn|4\n|\n|t:|1776111730\n|move|p2b: Clefable|Follow Me|p2b: Clefable\n|-singleturn|p2b: Clefable|move: Follow Me\n|move|p2a: Aerodactyl|Rock Slide|p1a: Sinistcha|[spread] p1a,p1b\n|-resisted|p1b: THE WALL|1\n|-damage|p1a: Sinistcha|79/100\n|-damage|p1b: THE WALL|97/100\n|move|p1b: THE WALL|Iron Defense|p1b: THE WALL\n|-boost|p1b: THE WALL|def|2\n|move|p1a: Sinistcha|Trick Room|p1a: Sinistcha\n|-fieldstart|move: Trick Room|[of] p1a: Sinistcha\n|\n|upkeep\n|turn|5\n|\n|t:|1776111745\n|move|p2b: Clefable|Follow Me|p2b: Clefable\n|-singleturn|p2b: Clefable|move: Follow Me\n|move|p1b: THE WALL|Body Press|p2b: Clefable\n|-resisted|p2b: Clefable|1\n|-damage|p2b: Clefable|43/100\n|-enditem|p2b: Clefable|Sitrus Berry|[eat]\n|-heal|p2b: Clefable|68/100|[from] item: Sitrus Berry\n|move|p1a: Sinistcha|Shadow Ball|p2b: Clefable\n|-damage|p2b: Clefable|44/100\n|move|p2a: Aerodactyl|Rock Slide|p1a: Sinistcha|[spread] \n|-miss|p2a: Aerodactyl|p1a: Sinistcha\n|-miss|p2a: Aerodactyl|p1b: THE WALL\n|\n|upkeep\n|turn|6\n|\n|t:|1776111764\n|move|p2b: Clefable|Follow Me|p2b: Clefable\n|-singleturn|p2b: Clefable|move: Follow Me\n|move|p1b: THE WALL|Iron Defense|p1b: THE WALL\n|-boost|p1b: THE WALL|def|2\n|move|p1a: Sinistcha|Shadow Ball|p2b: Clefable\n|-damage|p2b: Clefable|19/100\n|move|p2a: Aerodactyl|Dual Wingbeat|p1a: Sinistcha\n|-supereffective|p1a: Sinistcha|1\n|-damage|p1a: Sinistcha|42/100\n|-supereffective|p1a: Sinistcha|1\n|-damage|p1a: Sinistcha|0 fnt\n|faint|p1a: Sinistcha\n|-hitcount|p1: Sinistcha|2\n|\n|-sideend|p1: 23rgh|move: Light Screen\n|upkeep\n|turn|7\n|\n|t:|1776111805\n|move|p1b: THE WALL|Body Press|p2b: Clefable\n|-resisted|p2b: Clefable|1\n|-damage|p2b: Clefable|0 fnt\n|faint|p2b: Clefable\n|move|p2a: Aerodactyl|Rock Slide|p1b: THE WALL\n|-resisted|p1b: THE WALL|1\n|-damage|p1b: THE WALL|95/100\n|\n|upkeep\n|\n|t:|1776111817\n|switch|p2b: Basculegion|Basculegion, L50, M|100/100\n|turn|8\n|\n|t:|1776111832\n|move|p1b: THE WALL|Body Press|p2a: Aerodactyl\n|-damage|p2a: Aerodactyl|0 fnt\n|faint|p2a: Aerodactyl\n|move|p2b: Basculegion|Wave Crash|p1b: THE WALL\n|-damage|p1b: THE WALL|85/100\n|-damage|p2b: Basculegion|97/100|[from] Recoil\n|\n|-fieldend|move: Trick Room\n|upkeep\n|\n|t:|1776111835\n|switch|p2a: Kingambit|Kingambit, L50, M|100/100\n|turn|9\n|\n|t:|1776111845\n|move|p2b: Basculegion|Wave Crash|p1b: THE WALL\n|-damage|p1b: THE WALL|75/100\n|-damage|p2b: Basculegion|94/100|[from] Recoil\n|move|p2a: Kingambit|Kowtow Cleave|p1b: THE WALL\n|-damage|p1b: THE WALL|69/100\n|move|p1b: THE WALL|Body Press|p2a: Kingambit\n|-supereffective|p2a: Kingambit|2\n|-damage|p2a: Kingambit|0 fnt\n|faint|p2a: Kingambit\n|\n|upkeep\n|turn|10\n|\n|t:|1776111859\n|move|p2b: Basculegion|Wave Crash|p1b: THE WALL\n|-damage|p1b: THE WALL|60/100\n|-damage|p2b: Basculegion|92/100|[from] Recoil\n|move|p1b: THE WALL|Iron Defense|p1b: THE WALL\n|-boost|p1b: THE WALL|def|0\n|\n|upkeep\n|turn|11\n|\n|t:|1776111867\n|move|p2b: Basculegion|Wave Crash|p1b: THE WALL\n|-crit|p1b: THE WALL\n|-damage|p1b: THE WALL|4/100\n|-damage|p2b: Basculegion|76/100|[from] Recoil\n|move|p1b: THE WALL|Iron Defense|p1b: THE WALL\n|-boost|p1b: THE WALL|def|0\n|\n|upkeep\n|turn|12\n|\n|t:|1776111882\n|move|p2b: Basculegion|Wave Crash|p1b: THE WALL\n|-damage|p1b: THE WALL|0 fnt\n|faint|p1b: THE WALL\n|-damage|p2b: Basculegion|75/100|[from] Recoil\n|\n|win|derpybaits\n|raw|23rgh's rating: 1060 &rarr; <strong>1043</strong><br />(-17 for losing)\n|raw|derpybaits's rating: 1088 &rarr; <strong>1113</strong><br />(+25 for winning)\n|l|\u260623rgh\n|player|p1|\n",
  "uploadtime": 1776111889,
  "views": 17,
  "formatid": "gen9championsvgc2026regma",
  "rating": 1043,
  "private": 0,
  "password": null
}