{
  "id": "gen9championsvgc2026regma-2587335988",
  "format": "[Gen 9 Champions] VGC 2026 Reg M-A",
  "players": [
    "inosely",
    "Frejjo"
  ],
  "log": "|j|\u2606inosely\n|j|\u2606Frejjo\n|t:|1776523131\n|gametype|doubles\n|player|p1|inosely|266|1137\n|player|p2|Frejjo|2|1215\n|gen|9\n|tier|[Gen 9 Champions] VGC 2026 Reg M-A\n|rated|\n|rule|Species Clause: Limit one of each Pok\u00e9mon\n|rule|Item Clause: Limit 1 of each item\n|clearpoke\n|poke|p1|Pinsir, L50, M, shiny|\n|poke|p1|Archaludon, L50, F|\n|poke|p1|Pelipper, L50, M|\n|poke|p1|Weavile, L50, F|\n|poke|p1|Basculegion, L50, M|\n|poke|p1|Gengar, L50, F|\n|poke|p2|Feraligatr, L50, F|\n|poke|p2|Aerodactyl, L50, M|\n|poke|p2|Mimikyu, L50, M|\n|poke|p2|Chimecho, L50, M|\n|poke|p2|Torkoal, L50, F|\n|poke|p2|Bastiodon, L50, F|\n|teampreview|4\n|inactive|Battle timer is ON: inactive players will automatically lose when time's up. (requested by inosely)\n|\n|t:|1776523169\n|teamsize|p1|4\n|teamsize|p2|4\n|start\n|switch|p1a: Pelipper|Pelipper, L50, M|100/100\n|switch|p1b: Basculegion|Basculegion, L50, M|100/100\n|switch|p2a: Feraligatr|Feraligatr, L50, F|100/100\n|switch|p2b: Mimikyu|Mimikyu, L50, M|100/100\n|-weather|RainDance|[from] ability: Drizzle|[of] p1a: Pelipper\n|turn|1\n|inactive|Frejjo has 30 seconds left.\n|\n|t:|1776523204\n|detailschange|p2a: Feraligatr|Feraligatr-Mega, L50, F\n|-mega|p2a: Feraligatr|Feraligatr|Feraligite\n|move|p1b: Basculegion|Flip Turn|p2b: Mimikyu\n|-activate|p2b: Mimikyu|ability: Disguise\n|-damage|p2b: Mimikyu|100/100\n|detailschange|p2b: Mimikyu|Mimikyu-Busted, L50, M\n|-damage|p2b: Mimikyu|88/100|[from] pokemon: Mimikyu-Busted\n|\n|t:|1776523215\n|switch|p1b: Gengar|Gengar, L50, F|100/100|[from] Flip Turn\n|move|p2a: Feraligatr|Double-Edge|p1b: Gengar\n|-damage|p1b: Gengar|0 fnt\n|-start|p2a: Feraligatr|Disable|Double-Edge|[from] ability: Cursed Body|[of] p1b: Gengar\n|faint|p1b: Gengar\n|-damage|p2a: Feraligatr|77/100|[from] Recoil\n|move|p1a: Pelipper|Tailwind|p1a: Pelipper\n|-sidestart|p1: inosely|move: Tailwind\n|move|p2b: Mimikyu|Trick Room|p2b: Mimikyu\n|-fieldstart|move: Trick Room|[of] p2b: Mimikyu\n|\n|-weather|RainDance|[upkeep]\n|upkeep\n|\n|t:|1776523236\n|switch|p1b: Archaludon|Archaludon, L50, F|100/100\n|turn|2\n|\n|t:|1776523253\n|move|p2a: Feraligatr|Earthquake|p1b: Archaludon|[spread] p2b,p1b\n|-immune|p1a: Pelipper\n|-supereffective|p1b: Archaludon|1\n|-damage|p2b: Mimikyu|49/100\n|-damage|p1b: Archaludon|48/100\n|-ability|p1b: Archaludon|Stamina|boost\n|-boost|p1b: Archaludon|def|1\n|-enditem|p1b: Archaludon|Sitrus Berry|[eat]\n|-heal|p1b: Archaludon|72/100|[from] item: Sitrus Berry\n|move|p2b: Mimikyu|Play Rough|p1b: Archaludon\n|-damage|p1b: Archaludon|56/100\n|-ability|p1b: Archaludon|Stamina|boost\n|-boost|p1b: Archaludon|def|1\n|move|p1a: Pelipper|Hurricane|p2b: Mimikyu\n|-damage|p2b: Mimikyu|19/100\n|move|p1b: Archaludon|Draco Meteor|p2a: Feraligatr\n|-supereffective|p2a: Feraligatr|1\n|-damage|p2a: Feraligatr|0 fnt\n|-unboost|p1b: Archaludon|spa|2\n|faint|p2a: Feraligatr\n|\n|-weather|RainDance|[upkeep]\n|upkeep\n|\n|t:|1776523273\n|switch|p2a: Torkoal|Torkoal, L50, F|100/100\n|-weather|SunnyDay|[from] ability: Drought|[of] p2a: Torkoal\n|turn|3\n|\n|t:|1776523290\n|switch|p2b: Bastiodon|Bastiodon, L50, F|100/100\n|move|p1a: Pelipper|Protect|p1a: Pelipper\n|-singleturn|p1a: Pelipper|Protect\n|move|p1b: Archaludon|Protect|p1b: Archaludon\n|-singleturn|p1b: Archaludon|Protect\n|move|p2a: Torkoal|Eruption|p1b: Archaludon|[spread] \n|-activate|p1a: Pelipper|move: Protect\n|-activate|p1b: Archaludon|move: Protect\n|\n|-weather|SunnyDay|[upkeep]\n|upkeep\n|turn|4\n|inactive|inosely has 30 seconds left.\n|\n|t:|1776523320\n|switch|p1b: Basculegion|Basculegion, L50, M|100/100\n|move|p1a: Pelipper|Protect||[still]\n|-fail|p1a: Pelipper\n|move|p2a: Torkoal|Eruption|p1b: Basculegion|[spread] p1a,p1b\n|-resisted|p1a: Pelipper|1\n|-resisted|p1b: Basculegion|1\n|-damage|p1a: Pelipper|44/100\n|-damage|p1b: Basculegion|51/100\n|move|p2b: Bastiodon|Iron Defense|p2b: Bastiodon\n|-boost|p2b: Bastiodon|def|2\n|\n|-weather|SunnyDay|[upkeep]\n|-heal|p1a: Pelipper|50/100|[from] item: Leftovers\n|-sideend|p1: inosely|move: Tailwind\n|upkeep\n|turn|5\n|inactive|Frejjo has 30 seconds left.\n|\n|t:|1776523349\n|switch|p2a: Mimikyu|Mimikyu-Busted, L50, M|19/100\n|move|p2b: Bastiodon|Body Press|p1a: Pelipper\n|-resisted|p1a: Pelipper|1\n|-damage|p1a: Pelipper|14/100\n|move|p1a: Pelipper|Tailwind|p1a: Pelipper\n|-sidestart|p1: inosely|move: Tailwind\n|move|p1b: Basculegion|Flip Turn|p2a: Mimikyu\n|-damage|p2a: Mimikyu|0 fnt\n|faint|p2a: Mimikyu\n|\n|t:|1776523361\n|switch|p1b: Archaludon|Archaludon, L50, F|56/100|[from] Flip Turn\n|\n|-weather|SunnyDay|[upkeep]\n|-heal|p1a: Pelipper|20/100|[from] item: Leftovers\n|-fieldend|move: Trick Room\n|upkeep\n|\n|t:|1776523368\n|switch|p2a: Torkoal|Torkoal, L50, F|100/100\n|turn|6\n|\n|t:|1776523385\n|switch|p1a: Basculegion|Basculegion, L50, M|51/100\n|move|p1b: Archaludon|Protect|p1b: Archaludon\n|-singleturn|p1b: Archaludon|Protect\n|move|p2b: Bastiodon|Body Press|p1a: Basculegion\n|-immune|p1a: Basculegion\n|move|p2a: Torkoal|Earth Power|p1b: Archaludon\n|-activate|p1b: Archaludon|move: Protect\n|\n|-weather|SunnyDay|[upkeep]\n|upkeep\n|turn|7\n|inactive|inosely has 30 seconds left.\n|inactive|Frejjo has 30 seconds left.\n|\n|t:|1776523411\n|switch|p1a: Pelipper|Pelipper, L50, M|20/100\n|-weather|RainDance|[from] ability: Drizzle|[of] p1a: Pelipper\n|move|p1b: Archaludon|Aura Sphere|p2b: Bastiodon\n|-supereffective|p2b: Bastiodon|2\n|-damage|p2b: Bastiodon|17/100\n|move|p2b: Bastiodon|Body Press|p1b: Archaludon\n|-supereffective|p1b: Archaludon|1\n|-damage|p1b: Archaludon|0 fnt\n|faint|p1b: Archaludon\n|move|p2a: Torkoal|Earth Power|p1a: Pelipper\n|-immune|p1a: Pelipper\n|\n|-weather|RainDance|[upkeep]\n|-heal|p1a: Pelipper|26/100|[from] item: Leftovers\n|-heal|p2b: Bastiodon|23/100|[from] item: Leftovers\n|upkeep\n|\n|t:|1776523420\n|switch|p1b: Basculegion|Basculegion, L50, M|51/100\n|turn|8\n|\n|t:|1776523432\n|move|p2b: Bastiodon|Wide Guard|p2b: Bastiodon\n|-singleturn|p2b: Bastiodon|Wide Guard\n|move|p1b: Basculegion|Wave Crash|p2a: Torkoal\n|-supereffective|p2a: Torkoal|1\n|-damage|p2a: Torkoal|0 fnt\n|faint|p2a: Torkoal\n|-damage|p1b: Basculegion|22/100|[from] Recoil\n|move|p1a: Pelipper|Weather Ball|p2b: Bastiodon\n|-supereffective|p2b: Bastiodon|1\n|-damage|p2b: Bastiodon|0 fnt\n|faint|p2b: Bastiodon\n|\n|win|inosely\n|raw|inosely's rating: 1137 &rarr; <strong>1168</strong><br />(+31 for winning)\n|raw|Frejjo's rating: 1215 &rarr; <strong>1184</strong><br />(-31 for losing)\n|l|\u2606Frejjo\n|player|p2|\n",
  "uploadtime": 1776523446,
  "views": 17,
  "formatid": "gen9championsvgc2026regma",
  "rating": 1168,
  "private": 0,
  "password": null
}