{
  "id": "gen9championsvgc2026regma-2587075716",
  "format": "[Gen 9 Champions] VGC 2026 Reg M-A",
  "players": [
    "Kito Tayak",
    "inosely"
  ],
  "log": "|j|\u2606Kito Tayak\n|j|\u2606inosely\n|t:|1776490069\n|gametype|doubles\n|player|p1|Kito Tayak|265|1237\n|player|p2|inosely|102|1168\n|gen|9\n|tier|[Gen 9 Champions] VGC 2026 Reg M-A\n|rated|\n|rule|Species Clause: Limit one of each Pok\u00e9mon\n|rule|Item Clause: Limit 1 of each item\n|clearpoke\n|poke|p1|Delphox, L50, F|\n|poke|p1|Basculegion, L50, M|\n|poke|p1|Clefable, L50, F|\n|poke|p1|Kingambit, L50, F|\n|poke|p1|Dragonite, L50, M|\n|poke|p1|Sneasler, L50, M|\n|poke|p2|Pinsir, L50, M, shiny|\n|poke|p2|Archaludon, L50, M|\n|poke|p2|Pelipper, L50, F|\n|poke|p2|Weavile, L50, F|\n|poke|p2|Basculegion, L50, M|\n|poke|p2|Gengar, L50, F|\n|teampreview|4\n|inactive|Battle timer is ON: inactive players will automatically lose when time's up. (requested by Kito Tayak)\n|inactive|Kito Tayak has 60 seconds left.\n|\n|t:|1776490106\n|teamsize|p1|4\n|teamsize|p2|4\n|start\n|switch|p1a: Basculegion|Basculegion, L50, M|100/100\n|switch|p1b: Sneasler|Sneasler, L50, M|100/100\n|switch|p2a: Pelipper|Pelipper, L50, F|100/100\n|switch|p2b: Basculegion|Basculegion, L50, M|100/100\n|-weather|RainDance|[from] ability: Drizzle|[of] p2a: Pelipper\n|turn|1\n|\n|t:|1776490130\n|move|p2a: Pelipper|Protect|p2a: Pelipper\n|-singleturn|p2a: Pelipper|Protect\n|move|p1b: Sneasler|Fake Out|p2a: Pelipper\n|-activate|p2a: Pelipper|move: Protect\n|move|p1a: Basculegion|Flip Turn|p2b: Basculegion\n|-resisted|p2b: Basculegion|1\n|-damage|p2b: Basculegion|64/100\n|\n|t:|1776490136\n|switch|p1a: Clefable|Clefable, L50, F|100/100|[from] Flip Turn\n|move|p2b: Basculegion|Wave Crash|p1b: Sneasler\n|-enditem|p1b: Sneasler|Focus Sash\n|-damage|p1b: Sneasler|1/100\n|-damage|p2b: Basculegion|38/100|[from] Recoil\n|\n|-weather|RainDance|[upkeep]\n|upkeep\n|turn|2\n|\n|t:|1776490149\n|switch|p2b: Archaludon|Archaludon, L50, M|100/100\n|move|p1a: Clefable|Follow Me|p1a: Clefable\n|-singleturn|p1a: Clefable|move: Follow Me\n|move|p1b: Sneasler|Dire Claw|p2b: Archaludon\n|-immune|p2b: Archaludon\n|move|p2a: Pelipper|Tailwind|p2a: Pelipper\n|-sidestart|p2: inosely|move: Tailwind\n|\n|-weather|RainDance|[upkeep]\n|upkeep\n|turn|3\n|inactive|inosely has 30 seconds left.\n|\n|t:|1776490181\n|switch|p2b: Basculegion|Basculegion, L50, M|38/100\n|move|p1a: Clefable|Helping Hand|p1b: Sneasler\n|-singleturn|p1b: Sneasler|Helping Hand|[of] p1a: Clefable\n|move|p1b: Sneasler|Close Combat|p2b: Basculegion\n|-immune|p2b: Basculegion\n|move|p2a: Pelipper|Hurricane|p1a: Clefable\n|-damage|p1a: Clefable|63/100\n|\n|-weather|RainDance|[upkeep]\n|upkeep\n|turn|4\n|\n|t:|1776490206\n|move|p1a: Clefable|Helping Hand|p1b: Sneasler\n|-singleturn|p1b: Sneasler|Helping Hand|[of] p1a: Clefable\n|move|p2b: Basculegion|Aqua Jet|p1b: Sneasler\n|-damage|p1b: Sneasler|0 fnt\n|faint|p1b: Sneasler\n|move|p2a: Pelipper|Weather Ball|p1a: Clefable\n|-damage|p1a: Clefable|12/100\n|-enditem|p1a: Clefable|Sitrus Berry|[eat]\n|-heal|p1a: Clefable|37/100|[from] item: Sitrus Berry\n|\n|-weather|RainDance|[upkeep]\n|upkeep\n|\n|t:|1776490213\n|switch|p1b: Basculegion|Basculegion, L50, M|100/100\n|turn|5\n|\n|t:|1776490230\n|switch|p2b: Archaludon|Archaludon, L50, M|100/100\n|move|p2a: Pelipper|Protect|p2a: Pelipper\n|-singleturn|p2a: Pelipper|Protect\n|move|p1a: Clefable|Protect|p1a: Clefable\n|-singleturn|p1a: Clefable|Protect\n|move|p1b: Basculegion|Last Respects|p2b: Archaludon\n|-damage|p2b: Archaludon|41/100\n|-ability|p2b: Archaludon|Stamina|boost\n|-boost|p2b: Archaludon|def|1\n|-enditem|p2b: Archaludon|Sitrus Berry|[eat]\n|-heal|p2b: Archaludon|65/100|[from] item: Sitrus Berry\n|\n|-weather|none\n|-sideend|p2: inosely|move: Tailwind\n|upkeep\n|turn|6\n|\n|t:|1776490252\n|move|p1a: Clefable|Helping Hand|p1b: Basculegion\n|-singleturn|p1b: Basculegion|Helping Hand|[of] p1a: Clefable\n|move|p1b: Basculegion|Last Respects|p2b: Archaludon\n|-damage|p2b: Archaludon|2/100\n|-ability|p2b: Archaludon|Stamina|boost\n|-boost|p2b: Archaludon|def|1\n|move|p2b: Archaludon|Draco Meteor|p1b: Basculegion\n|-damage|p1b: Basculegion|22/100\n|-unboost|p2b: Archaludon|spa|2\n|move|p2a: Pelipper|Tailwind|p2a: Pelipper\n|-sidestart|p2: inosely|move: Tailwind\n|\n|upkeep\n|turn|7\n|\n|t:|1776490273\n|move|p2b: Archaludon|Draco Meteor|p1b: Basculegion\n|-damage|p1b: Basculegion|0 fnt\n|-unboost|p2b: Archaludon|spa|2\n|faint|p1b: Basculegion\n|move|p2a: Pelipper|Hurricane|p1a: Clefable|[miss]\n|-miss|p2a: Pelipper|p1a: Clefable\n|move|p1a: Clefable|Moonblast|p2a: Pelipper\n|-damage|p2a: Pelipper|60/100\n|\n|-heal|p2a: Pelipper|66/100|[from] item: Leftovers\n|upkeep\n|\n|t:|1776490279\n|switch|p1b: Dragonite|Dragonite, L50, M|100/100\n|turn|8\n|\n|t:|1776490298\n|move|p1b: Dragonite|Extreme Speed|p2b: Archaludon\n|-resisted|p2b: Archaludon|1\n|-damage|p2b: Archaludon|0 fnt\n|faint|p2b: Archaludon\n|move|p2a: Pelipper|Hurricane|p1b: Dragonite\n|-damage|p1b: Dragonite|82/100\n|move|p1a: Clefable|Moonblast|p2a: Pelipper\n|-damage|p2a: Pelipper|22/100\n|\n|-heal|p2a: Pelipper|28/100|[from] item: Leftovers\n|upkeep\n|\n|t:|1776490309\n|switch|p2b: Weavile|Weavile, L50, F|100/100\n|turn|9\n|\n|t:|1776490318\n|move|p1a: Clefable|Follow Me|p1a: Clefable\n|-singleturn|p1a: Clefable|move: Follow Me\n|move|p2b: Weavile|Triple Axel|p1a: Clefable\n|-damage|p1a: Clefable|28/100\n|-damage|p1a: Clefable|11/100\n|-hitcount|p1a: Clefable|2\n|move|p2a: Pelipper|Hurricane|p1a: Clefable\n|-damage|p1a: Clefable|0 fnt\n|faint|p1a: Clefable\n|move|p1b: Dragonite|Scale Shot|p2b: Weavile\n|-damage|p2b: Weavile|76/100\n|-damage|p2b: Weavile|50/100\n|-damage|p2b: Weavile|23/100\n|-hitcount|p2b: Weavile|3\n|-unboost|p1b: Dragonite|def|1\n|-boost|p1b: Dragonite|spe|1\n|\n|-heal|p2a: Pelipper|34/100|[from] item: Leftovers\n|-sideend|p2: inosely|move: Tailwind\n|upkeep\n|turn|10\n|inactive|inosely has 30 seconds left.\n|\n|t:|1776490345\n|move|p1b: Dragonite|Extreme Speed|p2b: Weavile\n|-damage|p2b: Weavile|0 fnt\n|faint|p2b: Weavile\n|move|p2a: Pelipper|Tailwind|p2a: Pelipper\n|-sidestart|p2: inosely|move: Tailwind\n|\n|-heal|p2a: Pelipper|40/100|[from] item: Leftovers\n|upkeep\n|\n|t:|1776490349\n|switch|p2b: Basculegion|Basculegion, L50, M|38/100\n|turn|11\n|\n|t:|1776490361\n|move|p1b: Dragonite|Protect|p1b: Dragonite\n|-singleturn|p1b: Dragonite|Protect\n|move|p2b: Basculegion|Last Respects|p1b: Dragonite\n|-activate|p1b: Dragonite|move: Protect\n|move|p2a: Pelipper|Hurricane|p1b: Dragonite\n|-activate|p1b: Dragonite|move: Protect\n|\n|-heal|p2a: Pelipper|46/100|[from] item: Leftovers\n|upkeep\n|turn|12\n|\n|t:|1776490378\n|move|p2b: Basculegion|Last Respects|p1b: Dragonite\n|-damage|p1b: Dragonite|0 fnt\n|faint|p1b: Dragonite\n|\n|win|inosely\n|raw|Kito Tayak's rating: 1237 &rarr; <strong>1207</strong><br />(-30 for losing)\n|raw|inosely's rating: 1168 &rarr; <strong>1198</strong><br />(+30 for winning)\n|l|\u2606Kito Tayak\n|player|p1|\n",
  "uploadtime": 1776490384,
  "views": 22,
  "formatid": "gen9championsvgc2026regma",
  "rating": 1198,
  "private": 0,
  "password": null
}