{
  "id": "gen9championsvgc2026regma-2583838257",
  "format": "[Gen 9 Champions] VGC 2026 Reg M-A",
  "players": [
    "SETX Sneaslers",
    "HawaiiCookieCo"
  ],
  "log": "|j|\u2606SETX Sneaslers\n|j|\u2606HawaiiCookieCo\n|t:|1776201651\n|gametype|doubles\n|player|p1|SETX Sneaslers|drayden|1062\n|player|p2|HawaiiCookieCo|swimmer-gen4dp|1083\n|gen|9\n|tier|[Gen 9 Champions] VGC 2026 Reg M-A\n|rated|\n|rule|Species Clause: Limit one of each Pok\u00e9mon\n|rule|Item Clause: Limit 1 of each item\n|clearpoke\n|poke|p1|Drampa, L50, M|\n|poke|p1|Oranguru, L50, M|\n|poke|p1|Typhlosion-Hisui, L50, M|\n|poke|p1|Sableye, L50, M|\n|poke|p1|Sinistcha-Masterpiece, L50|\n|poke|p1|Golurk, L50|\n|poke|p2|Volcarona, L50, F|\n|poke|p2|Incineroar, L50, M|\n|poke|p2|Mamoswine, L50, F|\n|poke|p2|Sinistcha, L50|\n|poke|p2|Sneasler, L50, F|\n|poke|p2|Tyranitar, L50, M|\n|teampreview|4\n|inactive|Battle timer is ON: inactive players will automatically lose when time's up. (requested by HawaiiCookieCo)\n|inactive|SETX Sneaslers also wants the timer to be on.\n|inactive|HawaiiCookieCo has 60 seconds left.\n|\n|t:|1776201684\n|teamsize|p1|4\n|teamsize|p2|4\n|start\n|switch|p1a: Sableye|Sableye, L50, M, shiny|100/100\n|switch|p1b: Typhlosion|Typhlosion-Hisui, L50, M|100/100\n|switch|p2a: Tyranitar|Tyranitar, L50, M|100/100\n|switch|p2b: Incineroar|Incineroar, L50, M|100/100\n|-item|p2a: Tyranitar|Tyranitarite|[from] ability: Frisk|[of] p1b: Typhlosion\n|-item|p2b: Incineroar|Sitrus Berry|[from] ability: Frisk|[of] p1b: Typhlosion\n|-weather|Sandstorm|[from] ability: Sand Stream|[of] p2a: Tyranitar\n|-ability|p2b: Incineroar|Intimidate|boost\n|-unboost|p1a: Sableye|atk|1\n|-unboost|p1b: Typhlosion|atk|1\n|turn|1\n|\n|t:|1776201702\n|move|p1a: Sableye|Sunny Day|p1a: Sableye\n|-weather|SunnyDay\n|move|p1b: Typhlosion|Eruption|p2a: Tyranitar|[spread] p2a,p2b\n|-resisted|p2a: Tyranitar|1\n|-resisted|p2b: Incineroar|1\n|-damage|p2a: Tyranitar|61/100\n|-damage|p2b: Incineroar|68/100\n|move|p2a: Tyranitar|Dragon Dance|p2a: Tyranitar\n|-boost|p2a: Tyranitar|atk|1\n|-boost|p2a: Tyranitar|spe|1\n|move|p2b: Incineroar|Parting Shot|p1b: Typhlosion\n|-unboost|p1b: Typhlosion|atk|1\n|-unboost|p1b: Typhlosion|spa|1\n|\n|t:|1776201712\n|switch|p2b: Volcarona|Volcarona, L50, F|100/100|[from] Parting Shot\n|\n|-weather|SunnyDay|[upkeep]\n|upkeep\n|turn|2\n|\n|t:|1776201724\n|move|p2b: Volcarona|Protect|p2b: Volcarona\n|-singleturn|p2b: Volcarona|Protect\n|move|p1a: Sableye|Taunt|p2b: Volcarona\n|-activate|p2b: Volcarona|move: Protect\n|move|p1b: Typhlosion|Eruption|p2a: Tyranitar|[spread] p2a\n|-activate|p2b: Volcarona|move: Protect\n|-resisted|p2a: Tyranitar|1\n|-damage|p2a: Tyranitar|33/100\n|move|p2a: Tyranitar|Knock Off|p1b: Typhlosion\n|-supereffective|p1b: Typhlosion|1\n|-crit|p1b: Typhlosion\n|-damage|p1b: Typhlosion|0 fnt\n|-enditem|p1b: Typhlosion|Choice Scarf|[from] move: Knock Off|[of] p2a: Tyranitar\n|faint|p1b: Typhlosion\n|\n|-weather|SunnyDay|[upkeep]\n|upkeep\n|\n|t:|1776201729\n|switch|p1b: Oranguru|Oranguru, L50, M, shiny|100/100\n|turn|3\n|\n|t:|1776201749\n|switch|p2b: Incineroar|Incineroar, L50, M|68/100\n|-ability|p2b: Incineroar|Intimidate|boost\n|-unboost|p1a: Sableye|atk|1\n|-fail|p1b: Oranguru|unboost|Attack|[from] ability: Inner Focus|[of] p1b: Oranguru\n|detailschange|p2a: Tyranitar|Tyranitar-Mega, L50, M\n|-mega|p2a: Tyranitar|Tyranitar|Tyranitarite\n|-weather|Sandstorm|[from] ability: Sand Stream|[of] p2a: Tyranitar\n|move|p1a: Sableye|Taunt|p2b: Incineroar\n|-hint|Since gen 7, Dark is immune to Prankster moves.\n|-immune|p2b: Incineroar\n|move|p2a: Tyranitar|Knock Off|p1b: Oranguru\n|-supereffective|p1b: Oranguru|1\n|-damage|p1b: Oranguru|0 fnt\n|-enditem|p1b: Oranguru|Mental Herb|[from] move: Knock Off|[of] p2a: Tyranitar\n|faint|p1b: Oranguru\n|\n|-weather|Sandstorm|[upkeep]\n|-damage|p2b: Incineroar|62/100|[from] Sandstorm\n|-damage|p1a: Sableye|95/100|[from] Sandstorm\n|upkeep\n|\n|t:|1776201762\n|switch|p1b: Drampa|Drampa, L50, M, shiny|100/100\n|turn|4\n|\n|t:|1776201774\n|detailschange|p1b: Drampa|Drampa-Mega, L50, M, shiny\n|-mega|p1b: Drampa|Drampa|Drampanite\n|move|p2b: Incineroar|Fake Out|p1b: Drampa\n|-damage|p1b: Drampa|93/100\n|move|p1a: Sableye|Sunny Day|p1a: Sableye\n|-weather|SunnyDay\n|move|p2a: Tyranitar|Knock Off|p1b: Drampa\n|-damage|p1b: Drampa|42/100\n|-ability|p1b: Drampa|Berserk|boost\n|-boost|p1b: Drampa|spa|1\n|cant|p1b: Drampa|flinch\n|\n|-weather|SunnyDay|[upkeep]\n|upkeep\n|turn|5\n|\n|t:|1776201790\n|move|p1a: Sableye|Taunt|p2a: Tyranitar\n|-hint|Since gen 7, Dark is immune to Prankster moves.\n|-immune|p2a: Tyranitar\n|move|p2a: Tyranitar|Rock Slide|p1b: Drampa|[spread] p1b\n|-miss|p2a: Tyranitar|p1a: Sableye\n|-damage|p1b: Drampa|2/100\n|move|p2b: Incineroar|Parting Shot|p1b: Drampa\n|-unboost|p1b: Drampa|atk|1\n|-unboost|p1b: Drampa|spa|1\n|\n|t:|1776201800\n|switch|p2b: Volcarona|Volcarona, L50, F|100/100|[from] Parting Shot\n|move|p1b: Drampa|Roost|p1b: Drampa\n|-heal|p1b: Drampa|52/100\n|-singleturn|p1b: Drampa|move: Roost\n|\n|-weather|SunnyDay|[upkeep]\n|upkeep\n|turn|6\n|\n|t:|1776201807\n|move|p1a: Sableye|Taunt|p2b: Volcarona\n|-start|p2b: Volcarona|move: Taunt\n|move|p2a: Tyranitar|Rock Slide|p1b: Drampa|[spread] p1a,p1b\n|-damage|p1a: Sableye|23/100\n|-damage|p1b: Drampa|13/100\n|-ability|p1b: Drampa|Berserk|boost\n|-boost|p1b: Drampa|spa|1\n|move|p2b: Volcarona|Heat Wave|p1a: Sableye|[spread] p1b\n|-miss|p2b: Volcarona|p1a: Sableye\n|-resisted|p1b: Drampa|1\n|-damage|p1b: Drampa|0 fnt\n|faint|p1b: Drampa\n|\n|-weather|SunnyDay|[upkeep]\n|upkeep\n|turn|7\n|-message|SETX Sneaslers forfeited.\n|\n|win|HawaiiCookieCo\n|raw|SETX Sneaslers's rating: 1062 &rarr; <strong>1044</strong><br />(-18 for losing)\n|raw|HawaiiCookieCo's rating: 1083 &rarr; <strong>1109</strong><br />(+26 for winning)\n|l|\u2606SETX Sneaslers\n|player|p1|\n",
  "uploadtime": 1776201824,
  "views": 18,
  "formatid": "gen9championsvgc2026regma",
  "rating": 1044,
  "private": 0,
  "password": null
}