{
  "id": "gen9championsvgc2026regma-2581115555",
  "format": "[Gen 9 Champions] VGC 2026 Reg M-A",
  "players": [
    "PokiMikey",
    "shinyalphamegasawk"
  ],
  "log": "|j|\u2606PokiMikey\n|j|\u2606shinyalphamegasawk\n|t:|1775961341\n|gametype|doubles\n|player|p1|PokiMikey|alder|1098\n|player|p2|shinyalphamegasawk|steven|1168\n|gen|9\n|tier|[Gen 9 Champions] VGC 2026 Reg M-A\n|rated|\n|rule|Species Clause: Limit one of each Pok\u00e9mon\n|rule|Item Clause: Limit 1 of each item\n|clearpoke\n|poke|p1|Pelipper, L50, F|\n|poke|p1|Feraligatr, L50, M|\n|poke|p1|Incineroar, L50, F|\n|poke|p1|Sinistcha, L50|\n|poke|p1|Rotom-Wash, L50|\n|poke|p1|Tinkaton, L50, F|\n|poke|p2|Gengar, L50, M|\n|poke|p2|Kommo-o, L50, M|\n|poke|p2|Incineroar, L50, M|\n|poke|p2|Kingambit, L50, F|\n|poke|p2|Tyranitar, L50, M|\n|poke|p2|Sinistcha-Masterpiece, L50|\n|teampreview|4\n|inactive|Battle timer is ON: inactive players will automatically lose when time's up. (requested by PokiMikey)\nPokiMikey has agreed to open team sheets.\n|inactive|PokiMikey has 60 seconds left.\n|inactive|shinyalphamegasawk has 60 seconds left.\n|\n|t:|1775961398\n|teamsize|p1|4\n|teamsize|p2|4\n|start\n|switch|p1a: Tinkaton|Tinkaton, L50, F|100/100\n|switch|p1b: Rotom|Rotom-Wash, L50|100/100\n|switch|p2a: Kingambit|Kingambit, L50, F|100/100\n|switch|p2b: Incineroar|Incineroar, L50, M|100/100\n|-ability|p2b: Incineroar|Intimidate|boost\n|-fail|p1a: Tinkaton|unboost|Attack|[from] ability: Own Tempo|[of] p1a: Tinkaton\n|-unboost|p1b: Rotom|atk|1\n|turn|1\n|inactive|PokiMikey has 30 seconds left.\n|inactive|shinyalphamegasawk has 30 seconds left.\n|\n|t:|1775961431\n|move|p2b: Incineroar|Fake Out|p1b: Rotom\n|-damage|p1b: Rotom|84/100\n|cant|p1b: Rotom|flinch\n|move|p1a: Tinkaton|Play Rough|p2a: Kingambit\n|-damage|p2a: Kingambit|71/100\n|move|p2a: Kingambit|Iron Head|p1a: Tinkaton\n|-damage|p1a: Tinkaton|50/100\n|\n|upkeep\n|turn|2\n|inactive|PokiMikey has 30 seconds left.\n|inactive|shinyalphamegasawk has 30 seconds left.\n|\n|t:|1775961466\n|move|p2a: Kingambit|Protect|p2a: Kingambit\n|-singleturn|p2a: Kingambit|Protect\n|move|p1b: Rotom|Volt Switch|p2a: Kingambit\n|-activate|p2a: Kingambit|move: Protect\n|move|p1a: Tinkaton|Play Rough|p2b: Incineroar\n|-damage|p2b: Incineroar|60/100\n|move|p2b: Incineroar|Parting Shot|p1b: Rotom\n|-unboost|p1b: Rotom|atk|1\n|-unboost|p1b: Rotom|spa|1\n|\n|t:|1775961483\n|switch|p2b: Kommo-o|Kommo-o, L50, M|100/100|[from] Parting Shot\n|\n|upkeep\n|turn|3\n|\n|t:|1775961503\n|move|p2b: Kommo-o|Protect|p2b: Kommo-o\n|-singleturn|p2b: Kommo-o|Protect\n|move|p1b: Rotom|Volt Switch|p2a: Kingambit\n|-damage|p2a: Kingambit|49/100\n|\n|t:|1775961515\n|switch|p1b: Feraligatr|Feraligatr, L50, M|100/100|[from] Volt Switch\n|move|p1a: Tinkaton|Play Rough|p2b: Kommo-o\n|-activate|p2b: Kommo-o|move: Protect\n|move|p2a: Kingambit|Iron Head|p1a: Tinkaton\n|-damage|p1a: Tinkaton|0 fnt\n|faint|p1a: Tinkaton\n|\n|upkeep\n|\n|t:|1775961523\n|switch|p1a: Rotom|Rotom-Wash, L50|84/100\n|turn|4\n|inactive|PokiMikey has 30 seconds left.\n|\n|t:|1775961553\n|switch|p2b: Incineroar|Incineroar, L50, M|60/100\n|-ability|p2b: Incineroar|Intimidate|boost\n|-unboost|p1a: Rotom|atk|1\n|-unboost|p1b: Feraligatr|atk|1\n|detailschange|p1b: Feraligatr|Feraligatr-Mega, L50, M\n|-mega|p1b: Feraligatr|Feraligatr|Feraligite\n|move|p2a: Kingambit|Sucker Punch|p1b: Feraligatr\n|-damage|p1b: Feraligatr|61/100\n|move|p1a: Rotom|Hydro Pump|p2a: Kingambit|[miss]\n|-miss|p1a: Rotom|p2a: Kingambit\n|move|p1b: Feraligatr|Double-Edge|p2b: Incineroar\n|-damage|p2b: Incineroar|0 fnt\n|faint|p2b: Incineroar\n|-damage|p1b: Feraligatr|36/100|[from] Recoil\n|\n|upkeep\n|inactive|shinyalphamegasawk has 30 seconds left.\n|\n|t:|1775961580\n|switch|p2b: Kommo-o|Kommo-o, L50, M|100/100\n|turn|5\n|\n|t:|1775961590\n|switch|p1b: Pelipper|Pelipper, L50, F|100/100\n|-weather|RainDance|[from] ability: Drizzle|[of] p1b: Pelipper\n|move|p2a: Kingambit|Sucker Punch||[still]\n|-fail|p2a: Kingambit\n|move|p1a: Rotom|Hydro Pump|p2a: Kingambit\n|-damage|p2a: Kingambit|0 fnt\n|faint|p2a: Kingambit\n|move|p2b: Kommo-o|Clangorous Soul|p2b: Kommo-o\n|-boost|p2b: Kommo-o|atk|1\n|-boost|p2b: Kommo-o|def|1\n|-boost|p2b: Kommo-o|spa|1\n|-boost|p2b: Kommo-o|spd|1\n|-boost|p2b: Kommo-o|spe|1\n|-damage|p2b: Kommo-o|68/100\n|\n|-weather|RainDance|[upkeep]\n|-heal|p2b: Kommo-o|73/100|[from] item: Leftovers\n|upkeep\n|\n|t:|1775961597\n|switch|p2a: Tyranitar|Tyranitar, L50, M|100/100\n|-weather|Sandstorm|[from] ability: Sand Stream|[of] p2a: Tyranitar\n|turn|6\n|\n|t:|1775961622\n|move|p2b: Kommo-o|Clanging Scales|p1a: Rotom|[spread] p1a,p1b\n|-damage|p1a: Rotom|10/100\n|-damage|p1b: Pelipper|22/100\n|-unboost|p2b: Kommo-o|def|1\n|move|p2a: Tyranitar|Stone Edge|p1b: Pelipper\n|-supereffective|p1b: Pelipper|1\n|-damage|p1b: Pelipper|0 fnt\n|faint|p1b: Pelipper\n|move|p1a: Rotom|Hydro Pump|p2a: Tyranitar\n|-supereffective|p2a: Tyranitar|1\n|-damage|p2a: Tyranitar|11/100\n|\n|-weather|Sandstorm|[upkeep]\n|-damage|p2b: Kommo-o|68/100|[from] Sandstorm\n|-damage|p1a: Rotom|4/100|[from] Sandstorm\n|-heal|p2b: Kommo-o|73/100|[from] item: Leftovers\n|upkeep\n|\n|t:|1775961634\n|switch|p1b: Feraligatr|Feraligatr-Mega, L50, M|36/100\n|turn|7\n|inactive|PokiMikey has 30 seconds left.\n|\n|t:|1775961666\n|move|p2b: Kommo-o|Clanging Scales|p1a: Rotom|[spread] p1a,p1b\n|-supereffective|p1b: Feraligatr|1\n|-damage|p1a: Rotom|0 fnt\n|-damage|p1b: Feraligatr|0 fnt\n|faint|p1a: Rotom\n|faint|p1b: Feraligatr\n|\n|win|shinyalphamegasawk\n|raw|PokiMikey's rating: 1098 &rarr; <strong>1078</strong><br />(-20 for losing)\n|raw|shinyalphamegasawk's rating: 1168 &rarr; <strong>1188</strong><br />(+20 for winning)\n",
  "uploadtime": 1775961672,
  "views": 23,
  "formatid": "gen9championsvgc2026regma",
  "rating": 1078,
  "private": 0,
  "password": null
}