{
  "id": "gen9championsvgc2026regma-2588604581",
  "format": "[Gen 9 Champions] VGC 2026 Reg M-A",
  "players": [
    "gogozeppeli190",
    "adalove"
  ],
  "log": "|j|\u2606gogozeppeli190\n|j|\u2606adalove\n|t:|1776649322\n|gametype|doubles\n|player|p1|gogozeppeli190|266|1108\n|player|p2|adalove|dragontamer|1124\n|gen|9\n|tier|[Gen 9 Champions] VGC 2026 Reg M-A\n|rated|\n|rule|Species Clause: Limit one of each Pok\u00e9mon\n|rule|Item Clause: Limit 1 of each item\n|clearpoke\n|poke|p1|Tinkaton, L50, F|\n|poke|p1|Pelipper, L50, M|\n|poke|p1|Basculegion, L50, M|\n|poke|p1|Dragonite, L50, M|\n|poke|p1|Sinistcha, L50|\n|poke|p1|Sneasler, L50, F|\n|poke|p2|Tyranitar, L50, F|\n|poke|p2|Excadrill, L50, F|\n|poke|p2|Corviknight, L50, M|\n|poke|p2|Milotic, L50, F|\n|poke|p2|Farigiraf, L50, M|\n|poke|p2|Floette-Eternal, L50, F|\n|teampreview|4\n|inactive|Battle timer is ON: inactive players will automatically lose when time's up. (requested by adalove)\n|\n|t:|1776649348\n|teamsize|p1|4\n|teamsize|p2|4\n|start\n|switch|p1a: Tinkaton|Tinkaton, L50, F|100/100\n|switch|p1b: Basculegion|Basculegion, L50, M|100/100\n|switch|p2a: Corviknight|Corviknight, L50, M|100/100\n|switch|p2b: Milotic|Milotic, L50, F|100/100\n|turn|1\n|inactive|gogozeppeli190 has 30 seconds left.\n|\n|t:|1776649376\n|move|p1a: Tinkaton|Fake Out|p2a: Corviknight\n|-resisted|p2a: Corviknight|1\n|-damage|p2a: Corviknight|97/100\n|move|p1b: Basculegion|Wave Crash|p2a: Corviknight\n|-damage|p2a: Corviknight|60/100\n|-damage|p1b: Basculegion|88/100|[from] Recoil\n|move|p2b: Milotic|Life Dew||[still]|[spread] p2a,p2b\n|-heal|p2a: Corviknight|85/100\n|-fail|p2b: Milotic|heal\n|cant|p2a: Corviknight|flinch\n|\n|upkeep\n|turn|2\n|\n|t:|1776649395\n|switch|p1b: Sneasler|Sneasler, L50, F|100/100\n|move|p1a: Tinkaton|Encore|p2b: Milotic\n|-start|p2b: Milotic|Encore\n|move|p2b: Milotic|Life Dew||[still]|[spread] p2a,p2b\n|-heal|p2a: Corviknight|100/100\n|-fail|p2b: Milotic|heal\n|move|p2a: Corviknight|Tailwind|p2a: Corviknight\n|-sidestart|p2: adalove|move: Tailwind\n|\n|upkeep\n|turn|3\n|\n|t:|1776649411\n|move|p2b: Milotic|Life Dew||[still]|[still]|[spread] \n|-fail|p2a: Corviknight|heal\n|-fail|p2b: Milotic|heal\n|move|p2a: Corviknight|Brave Bird|p1b: Sneasler\n|-supereffective|p1b: Sneasler|1\n|-damage|p1b: Sneasler|0 fnt\n|faint|p1b: Sneasler\n|-damage|p2a: Corviknight|75/100|[from] Recoil\n|move|p1a: Tinkaton|Encore|p2a: Corviknight\n|-start|p2a: Corviknight|Encore\n|\n|upkeep\n|\n|t:|1776649422\n|switch|p1b: Basculegion|Basculegion, L50, M|88/100\n|turn|4\n|\n|t:|1776649443\n|move|p1b: Basculegion|Last Respects|p2a: Corviknight\n|-damage|p2a: Corviknight|46/100\n|-enditem|p2a: Corviknight|Sitrus Berry|[eat]\n|-heal|p2a: Corviknight|71/100|[from] item: Sitrus Berry\n|move|p2b: Milotic|Life Dew||[still]|[spread] p2a,p2b\n|-heal|p2a: Corviknight|96/100\n|-fail|p2b: Milotic|heal\n|move|p2a: Corviknight|Brave Bird|p1b: Basculegion\n|-damage|p1b: Basculegion|31/100\n|-damage|p2a: Corviknight|77/100|[from] Recoil\n|move|p1a: Tinkaton|Gigaton Hammer|p2a: Corviknight\n|-resisted|p2a: Corviknight|1\n|-damage|p2a: Corviknight|52/100\n|\n|-end|p2b: Milotic|Encore\n|upkeep\n|turn|5\n|inactive|gogozeppeli190 has 30 seconds left.\n|inactive|adalove has 30 seconds left.\n|\n|t:|1776649470\n|move|p1b: Basculegion|Last Respects|p2a: Corviknight\n|-damage|p2a: Corviknight|19/100\n|move|p2b: Milotic|Life Dew||[still]|[spread] p2a,p2b\n|-heal|p2a: Corviknight|44/100\n|-fail|p2b: Milotic|heal\n|move|p2a: Corviknight|Brave Bird|p1b: Basculegion\n|-damage|p1b: Basculegion|0 fnt\n|faint|p1b: Basculegion\n|-damage|p2a: Corviknight|35/100|[from] Recoil\n|move|p1a: Tinkaton|Play Rough|p2a: Corviknight\n|-resisted|p2a: Corviknight|1\n|-damage|p2a: Corviknight|23/100\n|\n|-sideend|p2: adalove|move: Tailwind\n|upkeep\n|\n|t:|1776649485\n|switch|p1b: Sinistcha|Sinistcha, L50|100/100\n|turn|6\n|\n|t:|1776649495\n|move|p1a: Tinkaton|Gigaton Hammer|p2a: Corviknight\n|-resisted|p2a: Corviknight|1\n|-damage|p2a: Corviknight|0 fnt\n|faint|p2a: Corviknight\n|move|p2b: Milotic|Life Dew||[still]\n|-fail|p2b: Milotic|heal\n|move|p1b: Sinistcha|Matcha Gotcha|p2b: Milotic\n|-supereffective|p2b: Milotic|1\n|-damage|p2b: Milotic|41/100\n|\n|-heal|p2b: Milotic|48/100|[from] item: Leftovers\n|upkeep\n|\n|t:|1776649500\n|switch|p2a: Tyranitar|Tyranitar, L50, F|100/100\n|-weather|Sandstorm|[from] ability: Sand Stream|[of] p2a: Tyranitar\n|turn|7\n|\n|t:|1776649515\n|detailschange|p2a: Tyranitar|Tyranitar-Mega, L50, F\n|-mega|p2a: Tyranitar|Tyranitar|Tyranitarite\n|move|p1a: Tinkaton|Play Rough|p2a: Tyranitar|[miss]\n|-miss|p1a: Tinkaton|p2a: Tyranitar\n|move|p2b: Milotic|Life Dew||[still]|[spread] p2a,p2b\n|-fail|p2a: Tyranitar|heal\n|-heal|p2b: Milotic|73/100\n|move|p2a: Tyranitar|Knock Off|p1b: Sinistcha\n|-supereffective|p1b: Sinistcha|1\n|-crit|p1b: Sinistcha\n|-damage|p1b: Sinistcha|0 fnt\n|-enditem|p1b: Sinistcha|Sitrus Berry|[from] move: Knock Off|[of] p2a: Tyranitar\n|faint|p1b: Sinistcha\n|\n|-weather|Sandstorm|[upkeep]\n|-damage|p2b: Milotic|66/100|[from] Sandstorm\n|-heal|p2b: Milotic|73/100|[from] item: Leftovers\n|upkeep\n|turn|8\n|\n|t:|1776649534\n|move|p1a: Tinkaton|Gigaton Hammer|p2a: Tyranitar\n|-supereffective|p2a: Tyranitar|1\n|-damage|p2a: Tyranitar|14/100\n|move|p2b: Milotic|Scald|p1a: Tinkaton\n|-damage|p1a: Tinkaton|66/100\n|move|p2a: Tyranitar|Low Kick|p1a: Tinkaton\n|-damage|p1a: Tinkaton|13/100\n|\n|-weather|Sandstorm|[upkeep]\n|-damage|p2b: Milotic|66/100|[from] Sandstorm\n|-heal|p2b: Milotic|73/100|[from] item: Leftovers\n|upkeep\n|turn|9\n|\n|t:|1776649550\n|move|p2a: Tyranitar|Protect|p2a: Tyranitar\n|-singleturn|p2a: Tyranitar|Protect\n|move|p1a: Tinkaton|Play Rough|p2a: Tyranitar\n|-activate|p2a: Tyranitar|move: Protect\n|move|p2b: Milotic|Scald|p1a: Tinkaton\n|-damage|p1a: Tinkaton|0 fnt\n|faint|p1a: Tinkaton\n|\n|win|adalove\n|raw|gogozeppeli190's rating: 1108 &rarr; <strong>1084</strong><br />(-24 for losing)\n|raw|adalove's rating: 1124 &rarr; <strong>1148</strong><br />(+24 for winning)\n",
  "uploadtime": 1776649550,
  "views": 5,
  "formatid": "gen9championsvgc2026regma",
  "rating": 1084,
  "private": 0,
  "password": null
}