{
  "id": "gen9championsvgc2026regma-2581510295",
  "format": "[Gen 9 Champions] VGC 2026 Reg M-A",
  "players": [
    "albuseverus19",
    "cottonface"
  ],
  "log": "|j|\u2606albuseverus19\n|j|\u2606cottonface\n|t:|1776006963\n|gametype|doubles\n|player|p1|albuseverus19|blue|1000\n|player|p2|cottonface|collector|1000\n|gen|9\n|tier|[Gen 9 Champions] VGC 2026 Reg M-A\n|rated|\n|rule|Species Clause: Limit one of each Pok\u00e9mon\n|rule|Item Clause: Limit 1 of each item\n|clearpoke\n|poke|p1|Charizard, L50, M|\n|poke|p1|Venusaur, L50, M|\n|poke|p1|Garchomp, L50, M|\n|poke|p1|Rotom-Wash, L50|\n|poke|p1|Incineroar, L50, M|\n|poke|p1|Sneasler, L50, M|\n|poke|p2|Kangaskhan, L50, F|\n|poke|p2|Snorlax, L50, M|\n|poke|p2|Audino, L50, M|\n|poke|p2|Lopunny, L50, M|\n|poke|p2|Zoroark-Hisui, L50, F|\n|poke|p2|Ditto, L50|\n|teampreview|4\n|\n|t:|1776006985\n|teamsize|p1|4\n|teamsize|p2|4\n|start\n|switch|p1a: Charizard|Charizard, L50, M, shiny|100/100\n|switch|p1b: Venusaur|Venusaur, L50, M|100/100\n|switch|p2a: Snorlax|Snorlax, L50, M|100/100\n|switch|p2b: Audino|Audino, L50, M|100/100\n|turn|1\n|\n|t:|1776007039\n|detailschange|p1a: Charizard|Charizard-Mega-Y, L50, M, shiny\n|-mega|p1a: Charizard|Charizard|Charizardite Y\n|-weather|SunnyDay|[from] ability: Drought|[of] p1a: Charizard\n|move|p1b: Venusaur|Sludge Bomb|p2a: Snorlax\n|-damage|p2a: Snorlax|77/100\n|move|p2b: Audino|Nasty Plot|p2b: Audino\n|-boost|p2b: Audino|spa|2\n|move|p1a: Charizard|Heat Wave|p2a: Snorlax|[spread] p2a,p2b\n|-damage|p2a: Snorlax|59/100\n|-enditem|p2b: Audino|Focus Sash\n|-damage|p2b: Audino|1/100\n|replace|p2b: Zoroark|Zoroark-Hisui, L50, F\n|-end|p2b: Zoroark|Illusion\n|move|p2a: Snorlax|Curse|p2a: Snorlax\n|-unboost|p2a: Snorlax|spe|1\n|-boost|p2a: Snorlax|atk|1\n|-boost|p2a: Snorlax|def|1\n|\n|-weather|SunnyDay|[upkeep]\n|-heal|p2a: Snorlax|65/100|[from] item: Leftovers\n|upkeep\n|turn|2\n|\n|t:|1776007080\n|move|p1b: Venusaur|Sludge Bomb|p2a: Snorlax\n|-damage|p2a: Snorlax|38/100\n|move|p2b: Zoroark|Hyper Voice|p1b: Venusaur|[spread] p1a,p1b\n|-damage|p1a: Charizard|28/100\n|-damage|p1b: Venusaur|23/100\n|move|p1a: Charizard|Solar Beam||[still]\n|-prepare|p1a: Charizard|Solar Beam\n|-anim|p1a: Charizard|Solar Beam|p2a: Snorlax\n|-damage|p2a: Snorlax|9/100\n|move|p2a: Snorlax|Curse|p2a: Snorlax\n|-unboost|p2a: Snorlax|spe|1\n|-boost|p2a: Snorlax|atk|1\n|-boost|p2a: Snorlax|def|1\n|\n|-weather|SunnyDay|[upkeep]\n|-heal|p2a: Snorlax|15/100|[from] item: Leftovers\n|upkeep\n|turn|3\n|\n|t:|1776007106\n|switch|p1b: Garchomp|Garchomp, L50, M|100/100\n|move|p2b: Zoroark|Hyper Voice|p1b: Garchomp|[spread] p1a,p1b\n|-damage|p1a: Charizard|0 fnt\n|-damage|p1b: Garchomp|27/100\n|faint|p1a: Charizard\n|move|p2a: Snorlax|Rest|p2a: Snorlax\n|-status|p2a: Snorlax|slp|[from] move: Rest\n|-heal|p2a: Snorlax|100/100 slp|[silent]\n|\n|-weather|SunnyDay|[upkeep]\n|upkeep\n|\n|t:|1776007120\n|switch|p1a: Incineroar|Incineroar, L50, M|100/100\n|-ability|p1a: Incineroar|Intimidate|boost\n|-unboost|p2a: Snorlax|atk|1\n|-unboost|p2b: Zoroark|atk|1\n|turn|4\n|\n|t:|1776007138\n|move|p1b: Garchomp|Earthquake|p2a: Snorlax|[spread] p1a,p2a,p2b\n|-supereffective|p1a: Incineroar|1\n|-damage|p1a: Incineroar|14/100\n|-damage|p2a: Snorlax|87/100 slp\n|-damage|p2b: Zoroark|0 fnt\n|-enditem|p1a: Incineroar|Sitrus Berry|[eat]\n|-heal|p1a: Incineroar|39/100|[from] item: Sitrus Berry\n|faint|p2b: Zoroark\n|move|p1a: Incineroar|Darkest Lariat|p2a: Snorlax\n|-damage|p2a: Snorlax|56/100 slp\n|cant|p2a: Snorlax|slp\n|\n|-weather|SunnyDay|[upkeep]\n|-heal|p2a: Snorlax|62/100 slp|[from] item: Leftovers\n|upkeep\n|\n|t:|1776007151\n|switch|p2b: Kangaskhan|Kangaskhan, L50, F|100/100\n|turn|5\n|\n|t:|1776007171\n|switch|p1b: Venusaur|Venusaur, L50, M|23/100\n|detailschange|p2b: Kangaskhan|Kangaskhan-Mega, L50, F\n|-mega|p2b: Kangaskhan|Kangaskhan|Kangaskhanite\n|move|p2b: Kangaskhan|Fake Out|p1b: Venusaur\n|-damage|p1b: Venusaur|0 fnt\n|faint|p1b: Venusaur\n|-hitcount|p1: Venusaur|1\n|move|p1a: Incineroar|Flare Blitz|p2b: Kangaskhan\n|-damage|p2b: Kangaskhan|5/100\n|-damage|p1a: Incineroar|11/100|[from] Recoil\n|cant|p2a: Snorlax|slp\n|\n|-weather|none\n|-heal|p2a: Snorlax|69/100 slp|[from] item: Leftovers\n|upkeep\n|\n|t:|1776007189\n|switch|p1b: Garchomp|Garchomp, L50, M|27/100\n|turn|6\n|\n|t:|1776007210\n|switch|p2b: Audino|Audino, L50, M|100/100\n|move|p1b: Garchomp|Dragon Claw|p2a: Snorlax\n|-damage|p2a: Snorlax|52/100 slp\n|move|p1a: Incineroar|Darkest Lariat|p2a: Snorlax\n|-damage|p2a: Snorlax|20/100 slp\n|-curestatus|p2a: Snorlax|slp|[msg]\n|move|p2a: Snorlax|Body Slam|p1a: Incineroar\n|-damage|p1a: Incineroar|0 fnt\n|faint|p1a: Incineroar\n|\n|-heal|p2a: Snorlax|27/100|[from] item: Leftovers\n|upkeep\n|turn|7\n|\n|t:|1776007228\n|move|p1b: Garchomp|Dragon Claw|p2a: Snorlax\n|-damage|p2a: Snorlax|10/100\n|move|p2b: Audino|Wish|p2b: Audino\n|move|p2a: Snorlax|Rest|p2a: Snorlax\n|-status|p2a: Snorlax|slp|[from] move: Rest\n|-heal|p2a: Snorlax|100/100 slp|[silent]\n|\n|-activate|p2b: Audino|ability: Healer\n|-curestatus|p2a: Snorlax|slp|[msg]\n|upkeep\n|turn|8\n|\n|t:|1776007243\n|switch|p2b: Kangaskhan|Kangaskhan-Mega, L50, F|5/100\n|move|p1b: Garchomp|Dragon Claw|p2b: Kangaskhan\n|-damage|p2b: Kangaskhan|0 fnt\n|faint|p2b: Kangaskhan\n|move|p2a: Snorlax|Body Slam|p1b: Garchomp\n|-damage|p1b: Garchomp|0 fnt\n|-damage|p2a: Snorlax|88/100|[from] ability: Rough Skin|[of] p1b: Garchomp\n|faint|p1b: Garchomp\n|\n|win|cottonface\n|raw|albuseverus19's rating: 1000 &rarr; <strong>1000</strong><br />(+0 for losing)\n|raw|cottonface's rating: 1000 &rarr; <strong>1040</strong><br />(+40 for winning)\n|l|\u2606albuseverus19\n|player|p1|\n|c|\u2606cottonface|ggwp\n",
  "uploadtime": 1776007382,
  "views": 21,
  "formatid": "gen9championsvgc2026regma",
  "rating": 1000,
  "private": 0,
  "password": null
}