{
  "id": "gen9championsvgc2026regma-2583924951",
  "format": "[Gen 9 Champions] VGC 2026 Reg M-A",
  "players": [
    "XxStpYTxX",
    "fjfgyk"
  ],
  "log": "|j|\u2606XxStpYTxX\n|j|\u2606fjfgyk\n|t:|1776208807\n|gametype|doubles\n|player|p1|XxStpYTxX|169|1121\n|player|p2|fjfgyk|2|1051\n|gen|9\n|tier|[Gen 9 Champions] VGC 2026 Reg M-A\n|rated|\n|rule|Species Clause: Limit one of each Pok\u00e9mon\n|rule|Item Clause: Limit 1 of each item\n|clearpoke\n|poke|p1|Meganium, L50, F|\n|poke|p1|Archaludon, L50, M|\n|poke|p1|Aerodactyl, L50, M|\n|poke|p1|Typhlosion-Hisui, L50, F|\n|poke|p1|Tauros-Paldea-Aqua, L50, M|\n|poke|p1|Kangaskhan, L50, F|\n|poke|p2|Farigiraf, L50, F|\n|poke|p2|Tyranitar, L50, M|\n|poke|p2|Incineroar, L50, M|\n|poke|p2|Kingambit, L50, F|\n|poke|p2|Torkoal, L50, M|\n|poke|p2|Garchomp, L50, M|\n|teampreview|4\n|inactive|Battle timer is ON: inactive players will automatically lose when time's up. (requested by fjfgyk)\n|inactive|XxStpYTxX has 60 seconds left.\n|inactive|fjfgyk has 60 seconds left.\n|\n|t:|1776208867\n|teamsize|p1|4\n|teamsize|p2|4\n|start\n|switch|p1a: Sua|Typhlosion-Hisui, L50, F|100/100\n|switch|p1b: Byrd V2|Aerodactyl, L50, M, shiny|100/100\n|switch|p2a: Farigiraf|Farigiraf, L50, F|100/100\n|switch|p2b: Incineroar|Incineroar, L50, M|100/100\n|-ability|p1b: Byrd V2|Unnerve\n|-item|p2a: Farigiraf|Leftovers|[from] ability: Frisk|[of] p1a: Sua\n|-item|p2b: Incineroar|Sitrus Berry|[from] ability: Frisk|[of] p1a: Sua\n|-ability|p2b: Incineroar|Intimidate|boost\n|-unboost|p1a: Sua|atk|1\n|-unboost|p1b: Byrd V2|atk|1\n|turn|1\n|\n|t:|1776208888\n|move|p1b: Byrd V2|Protect|p1b: Byrd V2\n|-singleturn|p1b: Byrd V2|Protect\n|move|p2b: Incineroar|Fake Out|p1b: Byrd V2\n|-activate|p1b: Byrd V2|move: Protect\n|move|p1a: Sua|Eruption|p2a: Farigiraf|[spread] p2a,p2b\n|-resisted|p2b: Incineroar|1\n|-damage|p2a: Farigiraf|34/100\n|-damage|p2b: Incineroar|74/100\n|move|p2a: Farigiraf|Trick Room|p2a: Farigiraf\n|-fieldstart|move: Trick Room|[of] p2a: Farigiraf\n|\n|-heal|p2a: Farigiraf|41/100|[from] item: Leftovers\n|upkeep\n|turn|2\n|\n|t:|1776208909\n|move|p2b: Incineroar|Darkest Lariat|p1a: Sua\n|-supereffective|p1a: Sua|1\n|-damage|p1a: Sua|19/100\n|move|p2a: Farigiraf|Hyper Voice|p1a: Sua|[spread] p1b\n|-immune|p1a: Sua\n|-resisted|p1b: Byrd V2|1\n|-damage|p1b: Byrd V2|79/100\n|move|p1a: Sua|Eruption|p2a: Farigiraf|[spread] p2a,p2b\n|-resisted|p2b: Incineroar|1\n|-damage|p2a: Farigiraf|29/100\n|-damage|p2b: Incineroar|69/100\n|move|p1b: Byrd V2|Rock Slide|p2a: Farigiraf|[spread] p2a,p2b\n|-supereffective|p2b: Incineroar|1\n|-damage|p2a: Farigiraf|14/100\n|-damage|p2b: Incineroar|47/100\n|\n|-heal|p2a: Farigiraf|20/100|[from] item: Leftovers\n|upkeep\n|turn|3\n|inactive|fjfgyk has 30 seconds left.\n|\n|t:|1776208935\n|move|p2a: Farigiraf|Psychic|p1a: Sua\n|-damage|p1a: Sua|0 fnt\n|faint|p1a: Sua\n|move|p2b: Incineroar|Darkest Lariat|p1b: Byrd V2\n|-damage|p1b: Byrd V2|23/100\n|move|p1b: Byrd V2|Rock Slide|p2b: Incineroar|[spread] p2a\n|-miss|p1b: Byrd V2|p2b: Incineroar\n|-damage|p2a: Farigiraf|4/100\n|\n|-heal|p2a: Farigiraf|10/100|[from] item: Leftovers\n|upkeep\n|\n|t:|1776208951\n|switch|p1a: Mom|Kangaskhan, L50, F|100/100\n|turn|4\n|\n|t:|1776208974\n|detailschange|p1a: Mom|Kangaskhan-Mega, L50, F\n|-mega|p1a: Mom|Kangaskhan|Kangaskhanite\n|move|p1b: Byrd V2|Protect|p1b: Byrd V2\n|-singleturn|p1b: Byrd V2|Protect\n|move|p2b: Incineroar|Darkest Lariat|p1b: Byrd V2\n|-activate|p1b: Byrd V2|move: Protect\n|move|p2a: Farigiraf|Psychic|p1a: Mom\n|-crit|p1a: Mom\n|-damage|p1a: Mom|43/100\n|move|p1a: Mom|Low Kick|p2b: Incineroar\n|-supereffective|p2b: Incineroar|1\n|-damage|p2b: Incineroar|10/100\n|-supereffective|p2b: Incineroar|1\n|-damage|p2b: Incineroar|1/100\n|-hitcount|p2b: Incineroar|2\n|\n|-heal|p2a: Farigiraf|16/100|[from] item: Leftovers\n|upkeep\n|turn|5\n|\n|t:|1776208996\n|switch|p1a: Dad|Tauros-Paldea-Aqua, L50, M, shiny|100/100\n|-ability|p1a: Dad|Intimidate|boost\n|-unboost|p2a: Farigiraf|atk|1\n|-unboost|p2b: Incineroar|atk|1\n|move|p2a: Farigiraf|Psychic|p1a: Dad\n|-supereffective|p1a: Dad|1\n|-damage|p1a: Dad|9/100\n|move|p2b: Incineroar|Darkest Lariat|p1b: Byrd V2\n|-damage|p1b: Byrd V2|0 fnt\n|-enditem|p2b: Incineroar|Sitrus Berry|[eat]\n|-heal|p2b: Incineroar|26/100|[from] item: Sitrus Berry\n|faint|p1b: Byrd V2\n|\n|-heal|p2a: Farigiraf|23/100|[from] item: Leftovers\n|-fieldend|move: Trick Room\n|upkeep\n|\n|t:|1776209009\n|switch|p1b: Mom|Kangaskhan-Mega, L50, F|43/100\n|turn|6\n|inactive|XxStpYTxX has 30 seconds left.\n|inactive|fjfgyk has 30 seconds left.\n|\n|t:|1776209037\n|move|p1b: Mom|Fake Out||[still]\n|cant|p2a: Farigiraf|ability: Armor Tail|Fake Out|[of] p1b: Mom\n|move|p1a: Dad|Close Combat|p2b: Incineroar\n|-supereffective|p2b: Incineroar|1\n|-damage|p2b: Incineroar|0 fnt\n|-unboost|p1a: Dad|def|1\n|-unboost|p1a: Dad|spd|1\n|faint|p2b: Incineroar\n|-enditem|p1a: Dad|White Herb\n|-clearnegativeboost|p1a: Dad|[silent]\n|move|p2a: Farigiraf|Hyper Voice|p1b: Mom|[spread] p1a,p1b\n|-damage|p1a: Dad|0 fnt\n|-damage|p1b: Mom|18/100\n|faint|p1a: Dad\n|\n|-heal|p2a: Farigiraf|29/100|[from] item: Leftovers\n|upkeep\n|\n|t:|1776209052\n|switch|p2b: Kingambit|Kingambit, L50, F|100/100\n|turn|7\n|\n|t:|1776209060\n|move|p2b: Kingambit|Sucker Punch|p1b: Mom\n|-damage|p1b: Mom|0 fnt\n|faint|p1b: Mom\n|\n|win|fjfgyk\n|raw|XxStpYTxX's rating: 1121 &rarr; <strong>1091</strong><br />(-30 for losing)\n|raw|fjfgyk's rating: 1051 &rarr; <strong>1090</strong><br />(+39 for winning)\n|l|\u2606fjfgyk\n|player|p2|\n|c|\u2606XxStpYTxX|gg\n",
  "uploadtime": 1776209068,
  "views": 13,
  "formatid": "gen9championsvgc2026regma",
  "rating": 1090,
  "private": 0,
  "password": null
}