{
  "id": "gen9championsvgc2026regma-2583601679",
  "format": "[Gen 9 Champions] VGC 2026 Reg M-A",
  "players": [
    "HisuianPaperBoy",
    "George Mcgriffen"
  ],
  "log": "|j|\u2606HisuianPaperBoy\n|j|\u2606George Mcgriffen\n|t:|1776185861\n|gametype|doubles\n|player|p1|HisuianPaperBoy|lenora|1095\n|player|p2|George Mcgriffen|dawn|1160\n|gen|9\n|tier|[Gen 9 Champions] VGC 2026 Reg M-A\n|rated|\n|rule|Species Clause: Limit one of each Pok\u00e9mon\n|rule|Item Clause: Limit 1 of each item\n|clearpoke\n|poke|p1|Froslass, L50, F|\n|poke|p1|Arcanine-Hisui, L50, M|\n|poke|p1|Kingambit, L50, M|\n|poke|p1|Clefable, L50, M|\n|poke|p1|Palafin, L50, F|\n|poke|p1|Kommo-o, L50, M|\n|poke|p2|Aggron, L50, F|\n|poke|p2|Incineroar, L50, F|\n|poke|p2|Sinistcha, L50|\n|poke|p2|Sneasler, L50, F|\n|poke|p2|Tyranitar, L50, F|\n|poke|p2|Excadrill, L50, M|\n|teampreview|4\n|inactive|Battle timer is ON: inactive players will automatically lose when time's up. (requested by George Mcgriffen)\n|\n|t:|1776185917\n|teamsize|p1|4\n|teamsize|p2|4\n|start\n|switch|p1a: Kingambit|Kingambit, L50, M|100/100\n|switch|p1b: Palafin|Palafin, L50, F|100/100\n|switch|p2a: Aggron|Aggron, L50, F|100/100\n|switch|p2b: Incineroar|Incineroar, L50, F|100/100\n|-ability|p2b: Incineroar|Intimidate|boost\n|-unboost|p1a: Kingambit|atk|1\n|-ability|p1a: Kingambit|Defiant|boost\n|-boost|p1a: Kingambit|atk|2\n|-unboost|p1b: Palafin|atk|1\n|turn|1\n|inactive|HisuianPaperBoy has 30 seconds left.\n|inactive|HisuianPaperBoy has 20 seconds left.\n|\n|t:|1776185954\n|move|p1a: Kingambit|Protect|p1a: Kingambit\n|-singleturn|p1a: Kingambit|Protect\n|move|p1b: Palafin|Jet Punch|p2b: Incineroar\n|-supereffective|p2b: Incineroar|1\n|-damage|p2b: Incineroar|58/100\n|move|p2b: Incineroar|Parting Shot|p1b: Palafin\n|-unboost|p1b: Palafin|atk|1\n|-unboost|p1b: Palafin|spa|1\n|\n|t:|1776185970\n|switch|p2b: Sinistcha|Sinistcha, L50|100/100|[from] Parting Shot\n|move|p2a: Aggron|Body Press|p1a: Kingambit\n|-activate|p1a: Kingambit|move: Protect\n|\n|upkeep\n|turn|2\n|inactive|HisuianPaperBoy has 30 seconds left.\n|inactive|George Mcgriffen has 30 seconds left.\n|inactive|HisuianPaperBoy has 20 seconds left.\n|\n|t:|1776186009\n|detailschange|p1b: Palafin|Palafin-Hero, L50, F\n|switch|p1b: Clefable|Clefable, L50, M|100/100\n|switch|p1a: Froslass|Froslass, L50, F|100/100\n|detailschange|p2a: Aggron|Aggron-Mega, L50, F\n|-mega|p2a: Aggron|Aggron|Aggronite\n|move|p2a: Aggron|Body Press|p1a: Froslass\n|-immune|p1a: Froslass\n|move|p2b: Sinistcha|Trick Room|p2b: Sinistcha\n|-fieldstart|move: Trick Room|[of] p2b: Sinistcha\n|\n|upkeep\n|turn|3\n|inactive|HisuianPaperBoy has 30 seconds left.\n|inactive|HisuianPaperBoy has 20 seconds left.\n|inactive|HisuianPaperBoy has 15 seconds left.\n|\n|t:|1776186051\n|switch|p2b: Incineroar|Incineroar, L50, F|58/100\n|-ability|p2b: Incineroar|Intimidate|boost\n|-unboost|p1a: Froslass|atk|1\n|-unboost|p1b: Clefable|atk|1\n|detailschange|p1a: Froslass|Froslass-Mega, L50, F\n|-mega|p1a: Froslass|Froslass|Froslassite\n|-weather|Snowscape|[from] ability: Snow Warning|[of] p1a: Froslass\n|move|p2a: Aggron|Iron Defense|p2a: Aggron\n|-boost|p2a: Aggron|def|2\n|move|p1b: Clefable|Thunder Wave|p2a: Aggron\n|-status|p2a: Aggron|par\n|move|p1a: Froslass|Aurora Veil|p1a: Froslass\n|-sidestart|p1: HisuianPaperBoy|move: Aurora Veil\n|\n|-weather|Snowscape|[upkeep]\n|upkeep\n|turn|4\n|inactive|HisuianPaperBoy has 30 seconds left.\n|\n|t:|1776186076\n|switch|p1b: Kingambit|Kingambit, L50, M|100/100\n|switch|p1a: Palafin|Palafin-Hero, L50, F|100/100\n|-activate|p1a: Palafin|ability: Zero to Hero\n|move|p2a: Aggron|Heavy Slam|p1b: Kingambit\n|-resisted|p1b: Kingambit|1\n|-damage|p1b: Kingambit|92/100\n|move|p2b: Incineroar|Flare Blitz|p1a: Palafin\n|-resisted|p1a: Palafin|1\n|-damage|p1a: Palafin|83/100\n|-damage|p2b: Incineroar|51/100|[from] Recoil\n|\n|-weather|Snowscape|[upkeep]\n|upkeep\n|turn|5\n|inactive|HisuianPaperBoy has 30 seconds left.\n|inactive|HisuianPaperBoy has 20 seconds left.\n|inactive|HisuianPaperBoy has 15 seconds left.\n|\n|t:|1776186120\n|move|p1b: Kingambit|Protect|p1b: Kingambit\n|-singleturn|p1b: Kingambit|Protect\n|move|p1a: Palafin|Jet Punch|p2b: Incineroar\n|-supereffective|p2b: Incineroar|1\n|-damage|p2b: Incineroar|0 fnt\n|faint|p2b: Incineroar\n|cant|p2a: Aggron|par\n|\n|-weather|Snowscape|[upkeep]\n|upkeep\n|c|\u2606George Mcgriffen|lucky\n|inactive|George Mcgriffen has 30 seconds left.\n|\n|t:|1776186145\n|switch|p2b: Sinistcha|Sinistcha, L50|100/100\n|turn|6\n|\n|t:|1776186160\n|switch|p1b: Froslass|Froslass-Mega, L50, F|100/100\n|cant|p2a: Aggron|par\n|move|p1a: Palafin|Wave Crash|p2a: Aggron\n|-damage|p2a: Aggron|81/100 par\n|-damage|p1a: Palafin|77/100|[from] Recoil\n|move|p2b: Sinistcha|Matcha Gotcha|p1b: Froslass|[spread] p1a,p1b\n|-supereffective|p1a: Palafin|1\n|-damage|p1a: Palafin|46/100\n|-damage|p1b: Froslass|82/100\n|-status|p1a: Palafin|brn\n|\n|-weather|Snowscape|[upkeep]\n|-damage|p1a: Palafin|40/100 brn|[from] brn\n|-fieldend|move: Trick Room\n|upkeep\n|turn|7\n|c|\u2606George Mcgriffen|BRO\n|inactive|HisuianPaperBoy has 30 seconds left.\n|c|\u2606George Mcgriffen|I also predicted that\n|\n|t:|1776186195\n|move|p1b: Froslass|Blizzard|p2b: Sinistcha|[spread] p2a,p2b\n|-resisted|p2a: Aggron|1\n|-supereffective|p2b: Sinistcha|1\n|-damage|p2a: Aggron|54/100 par\n|-damage|p2b: Sinistcha|0 fnt\n|faint|p2b: Sinistcha\n|move|p1a: Palafin|Close Combat|p2a: Aggron\n|-supereffective|p2a: Aggron|1\n|-damage|p2a: Aggron|46/100 par\n|-unboost|p1a: Palafin|def|1\n|-unboost|p1a: Palafin|spd|1\n|move|p2a: Aggron|Heavy Slam|p1b: Froslass\n|-supereffective|p1b: Froslass|1\n|-damage|p1b: Froslass|9/100\n|\n|-weather|none\n|-damage|p1a: Palafin|34/100 brn|[from] brn\n|-sideend|p1: HisuianPaperBoy|move: Aurora Veil\n|upkeep\n|\n|t:|1776186209\n|switch|p2b: Tyranitar|Tyranitar, L50, F|100/100\n|-weather|Sandstorm|[from] ability: Sand Stream|[of] p2b: Tyranitar\n|turn|8\n|\n|t:|1776186228\n|switch|p1b: Clefable|Clefable, L50, M|100/100\n|move|p1a: Palafin|Close Combat|p2b: Tyranitar\n|-supereffective|p2b: Tyranitar|2\n|-damage|p2b: Tyranitar|22/100\n|-unboost|p1a: Palafin|def|1\n|-unboost|p1a: Palafin|spd|1\n|move|p2b: Tyranitar|Rock Slide|p1b: Clefable|[spread] p1a,p1b\n|-damage|p1a: Palafin|0 fnt\n|-damage|p1b: Clefable|74/100\n|faint|p1a: Palafin\n|move|p2a: Aggron|Body Press|p1b: Clefable\n|-resisted|p1b: Clefable|1\n|-damage|p1b: Clefable|55/100\n|\n|-weather|Sandstorm|[upkeep]\n|-damage|p1b: Clefable|49/100|[from] Sandstorm\n|-enditem|p1b: Clefable|Sitrus Berry|[eat]\n|-heal|p1b: Clefable|74/100|[from] item: Sitrus Berry\n|upkeep\n|\n|t:|1776186252\n|switch|p1a: Froslass|Froslass-Mega, L50, F|9/100\n|-weather|Snowscape|[from] ability: Snow Warning|[of] p1a: Froslass\n|turn|9\n|\n|t:|1776186271\n|move|p1a: Froslass|Shadow Ball|p2a: Aggron\n|-damage|p2a: Aggron|0 fnt\n|faint|p2a: Aggron\n|move|p1b: Clefable|Moonblast|p2b: Tyranitar\n|-supereffective|p2b: Tyranitar|1\n|-damage|p2b: Tyranitar|0 fnt\n|faint|p2b: Tyranitar\n|\n|win|HisuianPaperBoy\n|raw|HisuianPaperBoy's rating: 1095 &rarr; <strong>1126</strong><br />(+31 for winning)\n|raw|George Mcgriffen's rating: 1160 &rarr; <strong>1130</strong><br />(-30 for losing)\n|l|\u2606George Mcgriffen\n|player|p2|\n|l|\u2606HisuianPaperBoy\n|player|p1|\n|j|\u2606HisuianPaperBoy\n|player|p1|HisuianPaperBoy|lenora|\n",
  "uploadtime": 1776186364,
  "views": 17,
  "formatid": "gen9championsvgc2026regma",
  "rating": 1126,
  "private": 0,
  "password": null
}