{
  "id": "gen9championsvgc2026regma-2588247515",
  "format": "[Gen 9 Champions] VGC 2026 Reg M-A",
  "players": [
    "Jgold23",
    "ronjansje"
  ],
  "log": "|j|\u2606Jgold23\n|j|\u2606ronjansje\n|t:|1776617835\n|gametype|doubles\n|player|p1|Jgold23|266|1319\n|player|p2|ronjansje|ninjaboy|1426\n|gen|9\n|tier|[Gen 9 Champions] VGC 2026 Reg M-A\n|rated|\n|rule|Species Clause: Limit one of each Pok\u00e9mon\n|rule|Item Clause: Limit 1 of each item\n|clearpoke\n|poke|p1|Oranguru, L50, M|\n|poke|p1|Sinistcha, L50|\n|poke|p1|Crabominable, L50, M|\n|poke|p1|Camerupt, L50, M|\n|poke|p1|Torkoal, L50, M|\n|poke|p1|Tauros-Paldea-Aqua, L50, M|\n|poke|p2|Farigiraf, L50, M|\n|poke|p2|Camerupt, L50, F|\n|poke|p2|Maushold-Four, L50|\n|poke|p2|Sylveon, L50, F|\n|poke|p2|Kingambit, L50, F|\n|poke|p2|Dragonite, L50, F|\n|teampreview|4\n|inactive|Battle timer is ON: inactive players will automatically lose when time's up. (requested by ronjansje)\nronjansje rejected open team sheets.\n|inactive|ronjansje has 60 seconds left.\n|inactive|ronjansje has 30 seconds left.\n|inactive|ronjansje has 20 seconds left.\n|inactive|ronjansje has 15 seconds left.\n|inactive|ronjansje has 10 seconds left.\n|\n|t:|1776617921\n|teamsize|p1|4\n|teamsize|p2|4\n|start\n|switch|p1a: Oranguru|Oranguru, L50, M|100/100\n|switch|p1b: Camerupt|Camerupt, L50, M|100/100\n|switch|p2a: Kingambit|Kingambit, L50, F|100/100\n|switch|p2b: Sylveon|Sylveon, L50, F|100/100\n|turn|1\n|inactive|ronjansje has 30 seconds left.\n|inactive|ronjansje has 20 seconds left.\n|\n|t:|1776617958\n|switch|p2a: Dragonite|Dragonite, L50, F|100/100\n|detailschange|p1b: Camerupt|Camerupt-Mega, L50, M\n|-mega|p1b: Camerupt|Camerupt|Cameruptite\n|move|p1b: Camerupt|Protect|p1b: Camerupt\n|-singleturn|p1b: Camerupt|Protect\n|move|p2b: Sylveon|Hyper Voice|p1a: Oranguru|[spread] p1a\n|-activate|p1b: Camerupt|move: Protect\n|-damage|p1a: Oranguru|59/100\n|move|p1a: Oranguru|Trick Room|p1a: Oranguru\n|-fieldstart|move: Trick Room|[of] p1a: Oranguru\n|\n|upkeep\n|turn|2\n|inactive|ronjansje has 30 seconds left.\n|inactive|ronjansje has 20 seconds left.\n|inactive|ronjansje has 15 seconds left.\n|\n|t:|1776618001\n|move|p2a: Dragonite|Extreme Speed|p1b: Camerupt\n|-damage|p1b: Camerupt|70/100\n|move|p1b: Camerupt|Eruption|p2a: Dragonite|[spread] p2a,p2b\n|-resisted|p2a: Dragonite|1\n|-damage|p2a: Dragonite|89/100\n|-damage|p2b: Sylveon|69/100\n|move|p1a: Oranguru|Instruct|p1b: Camerupt\n|-singleturn|p1b: Camerupt|move: Instruct|[of] p1a: Oranguru\n|move|p1b: Camerupt|Eruption|p2a: Dragonite|[spread] p2a,p2b\n|-resisted|p2a: Dragonite|1\n|-crit|p2a: Dragonite\n|-damage|p2a: Dragonite|55/100\n|-damage|p2b: Sylveon|36/100\n|move|p2b: Sylveon|Hyper Voice|p1b: Camerupt|[spread] p1a,p1b\n|-resisted|p1b: Camerupt|1\n|-damage|p1a: Oranguru|14/100\n|-damage|p1b: Camerupt|48/100\n|\n|upkeep\n|turn|3\n|inactive|ronjansje has 30 seconds left.\n|\n|t:|1776618034\n|move|p2b: Sylveon|Protect|p2b: Sylveon\n|-singleturn|p2b: Sylveon|Protect\n|move|p2a: Dragonite|Extreme Speed|p1a: Oranguru\n|-damage|p1a: Oranguru|0 fnt\n|faint|p1a: Oranguru\n|move|p1b: Camerupt|Heat Wave|p2a: Dragonite|[spread] p2a\n|-activate|p2b: Sylveon|move: Protect\n|-resisted|p2a: Dragonite|1\n|-damage|p2a: Dragonite|29/100\n|\n|upkeep\n|\n|t:|1776618045\n|switch|p1a: Sinistcha|Sinistcha, L50|100/100\n|-heal|p1b: Camerupt|73/100|[from] ability: Hospitality|[of] p1a: Sinistcha\n|turn|4\n|\n|t:|1776618069\n|move|p1a: Sinistcha|Rage Powder|p1a: Sinistcha\n|-singleturn|p1a: Sinistcha|move: Rage Powder\n|move|p2a: Dragonite|Extreme Speed|p1a: Sinistcha\n|-immune|p1a: Sinistcha\n|move|p1b: Camerupt|Heat Wave|p2b: Sylveon|[spread] p2a,p2b\n|-resisted|p2a: Dragonite|1\n|-damage|p2a: Dragonite|3/100\n|-damage|p2b: Sylveon|0 fnt\n|faint|p2b: Sylveon\n|\n|upkeep\n|\n|t:|1776618079\n|switch|p2b: Camerupt|Camerupt, L50, F|100/100\n|turn|5\n|\n|t:|1776618095\n|switch|p1a: Tauros|Tauros-Paldea-Aqua, L50, M|100/100\n|-ability|p1a: Tauros|Intimidate|boost\n|-unboost|p2a: Dragonite|atk|1\n|-unboost|p2b: Camerupt|atk|1\n|-enditem|p2a: Dragonite|White Herb\n|-clearnegativeboost|p2a: Dragonite|[silent]\n|move|p2b: Camerupt|Protect|p2b: Camerupt\n|-singleturn|p2b: Camerupt|Protect\n|move|p2a: Dragonite|Extreme Speed|p1b: Camerupt\n|-damage|p1b: Camerupt|39/100\n|move|p1b: Camerupt|Earth Power|p2b: Camerupt\n|-activate|p2b: Camerupt|move: Protect\n|\n|-fieldend|move: Trick Room\n|upkeep\n|turn|6\n|inactive|Jgold23 has 30 seconds left.\n|inactive|ronjansje has 30 seconds left.\n|\n|t:|1776618128\n|switch|p2b: Kingambit|Kingambit, L50, F|100/100\n|move|p1b: Camerupt|Protect|p1b: Camerupt\n|-singleturn|p1b: Camerupt|Protect\n|move|p1a: Tauros|Wave Crash|p2b: Kingambit\n|-damage|p2b: Kingambit|61/100\n|-damage|p1a: Tauros|83/100|[from] Recoil\n|move|p2a: Dragonite|Dragon Claw|p1b: Camerupt\n|-activate|p1b: Camerupt|move: Protect\n|\n|upkeep\n|turn|7\n|\n|t:|1776618142\n|switch|p1a: Sinistcha|Sinistcha, L50|100/100\n|-heal|p1b: Camerupt|64/100|[from] ability: Hospitality|[of] p1a: Sinistcha\n|move|p2a: Dragonite|Dragon Claw|p1b: Camerupt\n|-damage|p1b: Camerupt|18/100\n|move|p2b: Kingambit|Kowtow Cleave|p1b: Camerupt\n|-damage|p1b: Camerupt|0 fnt\n|faint|p1b: Camerupt\n|\n|upkeep\n|\n|t:|1776618153\n|switch|p1b: Tauros|Tauros-Paldea-Aqua, L50, M|83/100\n|-ability|p1b: Tauros|Intimidate|boost\n|-unboost|p2a: Dragonite|atk|1\n|-unboost|p2b: Kingambit|atk|1\n|-ability|p2b: Kingambit|Defiant|boost\n|-boost|p2b: Kingambit|atk|2\n|turn|8\n|inactive|Jgold23 has 30 seconds left.\n|\n|t:|1776618187\n|move|p1b: Tauros|Aqua Jet|p2a: Dragonite\n|-resisted|p2a: Dragonite|1\n|-damage|p2a: Dragonite|0 fnt\n|faint|p2a: Dragonite\n|move|p1a: Sinistcha|Matcha Gotcha|p2b: Kingambit\n|-resisted|p2b: Kingambit|1\n|-damage|p2b: Kingambit|40/100\n|move|p2b: Kingambit|Kowtow Cleave|p1a: Sinistcha\n|-supereffective|p1a: Sinistcha|1\n|-damage|p1a: Sinistcha|0 fnt\n|faint|p1a: Sinistcha\n|\n|upkeep\n|\n|t:|1776618190\n|switch|p2a: Camerupt|Camerupt, L50, F|100/100\n|turn|9\n|\n|t:|1776618214\n|detailschange|p2a: Camerupt|Camerupt-Mega, L50, F\n|-mega|p2a: Camerupt|Camerupt|Cameruptite\n|move|p1b: Tauros|Aqua Jet|p2a: Camerupt\n|-supereffective|p2a: Camerupt|2\n|-damage|p2a: Camerupt|17/100\n|move|p2b: Kingambit|Kowtow Cleave|p1b: Tauros\n|-resisted|p1b: Tauros|1\n|-damage|p1b: Tauros|45/100\n|move|p2a: Camerupt|Earth Power|p1b: Tauros\n|-damage|p1b: Tauros|0 fnt\n|faint|p1b: Tauros\n|\n|win|ronjansje\n|raw|Jgold23's rating: 1319 &rarr; <strong>1305</strong><br />(-14 for losing)\n|raw|ronjansje's rating: 1426 &rarr; <strong>1440</strong><br />(+14 for winning)\n|l|\u2606Jgold23\n|player|p1|\n",
  "uploadtime": 1776618223,
  "views": 12,
  "formatid": "gen9championsvgc2026regma",
  "rating": 1305,
  "private": 0,
  "password": null
}