{
  "id": "gen9championsvgc2026regma-2583501070",
  "format": "[Gen 9 Champions] VGC 2026 Reg M-A",
  "players": [
    "aeneasbobux",
    "Shadowflamepkm"
  ],
  "log": "|j|\u2606aeneasbobux\n|j|\u2606Shadowflamepkm\n|t:|1776179634\n|gametype|doubles\n|player|p1|aeneasbobux|serena-masters2|1125\n|player|p2|Shadowflamepkm|red|1032\n|gen|9\n|tier|[Gen 9 Champions] VGC 2026 Reg M-A\n|rated|\n|rule|Species Clause: Limit one of each Pok\u00e9mon\n|rule|Item Clause: Limit 1 of each item\n|clearpoke\n|poke|p1|Corviknight, L50, M|\n|poke|p1|Glimmora, L50, F|\n|poke|p1|Sableye, L50, F|\n|poke|p1|Aerodactyl, L50, M|\n|poke|p1|Aegislash, L50, F|\n|poke|p1|Tyranitar, L50, F|\n|poke|p2|Charizard, L50, M|\n|poke|p2|Venusaur, L50, M|\n|poke|p2|Sneasler, L50, M|\n|poke|p2|Incineroar, L50, F|\n|poke|p2|Farigiraf, L50, F|\n|poke|p2|Torkoal, L50, F|\n|teampreview|4\naeneasbobux rejected open team sheets.\n|\n|t:|1776179670\n|teamsize|p1|4\n|teamsize|p2|4\n|start\n|switch|p1a: Sableye|Sableye, L50, F, shiny|100/100\n|switch|p1b: Aerodactyl|Aerodactyl, L50, M, shiny|100/100\n|switch|p2a: Farigiraf|Farigiraf, L50, F|100/100\n|switch|p2b: Sneasler|Sneasler, L50, M|100/100\n|-ability|p1b: Aerodactyl|Unnerve\n|turn|1\n|inactive|Battle timer is ON: inactive players will automatically lose when time's up. (requested by Shadowflamepkm)\n|c|\u2606Shadowflamepkm|Glhf\n|\n|t:|1776179711\n|switch|p1a: Tyranitar|Tyranitar, L50, F|100/100\n|-weather|Sandstorm|[from] ability: Sand Stream|[of] p1a: Tyranitar\n|move|p1b: Aerodactyl|Dual Wingbeat|p2b: Sneasler\n|-supereffective|p2b: Sneasler|1\n|-damage|p2b: Sneasler|31/100\n|-supereffective|p2b: Sneasler|1\n|-crit|p2b: Sneasler\n|-damage|p2b: Sneasler|0 fnt\n|faint|p2b: Sneasler\n|-hitcount|p2: Sneasler|2\n|move|p2a: Farigiraf|Trick Room|p2a: Farigiraf\n|-fieldstart|move: Trick Room|[of] p2a: Farigiraf\n|\n|-weather|Sandstorm|[upkeep]\n|-damage|p2a: Farigiraf|94/100|[from] Sandstorm\n|upkeep\n|c|\u2606aeneasbobux|glhf\n|\n|t:|1776179722\n|switch|p2b: Incineroar|Incineroar, L50, F|100/100\n|-ability|p2b: Incineroar|Intimidate|boost\n|-unboost|p1a: Tyranitar|atk|1\n|-unboost|p1b: Aerodactyl|atk|1\n|turn|2\n|\n|t:|1776179735\n|move|p2a: Farigiraf|Psychic|p1b: Aerodactyl\n|-damage|p1b: Aerodactyl|64/100\n|move|p2b: Incineroar|Low Kick|p1a: Tyranitar\n|-supereffective|p1a: Tyranitar|2\n|-damage|p1a: Tyranitar|0 fnt\n|faint|p1a: Tyranitar\n|move|p1b: Aerodactyl|Rock Slide|p2a: Farigiraf|[spread] p2a,p2b\n|-supereffective|p2b: Incineroar|1\n|-damage|p2a: Farigiraf|78/100\n|-damage|p2b: Incineroar|66/100\n|\n|-weather|Sandstorm|[upkeep]\n|-damage|p2a: Farigiraf|72/100|[from] Sandstorm\n|-damage|p2b: Incineroar|60/100|[from] Sandstorm\n|upkeep\n|\n|t:|1776179758\n|switch|p1a: Glimmora|Glimmora, L50, F|100/100\n|turn|3\n|\n|t:|1776179782\n|detailschange|p1a: Glimmora|Glimmora-Mega, L50, F\n|-mega|p1a: Glimmora|Glimmora|Glimmoranite\n|move|p1b: Aerodactyl|Protect|p1b: Aerodactyl\n|-singleturn|p1b: Aerodactyl|Protect\n|move|p2a: Farigiraf|Psychic|p1a: Glimmora\n|-supereffective|p1a: Glimmora|1\n|-damage|p1a: Glimmora|46/100\n|move|p2b: Incineroar|Parting Shot|p1b: Aerodactyl\n|-activate|p1b: Aerodactyl|move: Protect\n|move|p1a: Glimmora|Sludge Wave|p2b: Incineroar|[spread] p2a,p2b\n|-activate|p1b: Aerodactyl|move: Protect\n|-damage|p2a: Farigiraf|29/100\n|-damage|p2b: Incineroar|17/100\n|\n|-weather|Sandstorm|[upkeep]\n|-damage|p2a: Farigiraf|23/100|[from] Sandstorm\n|-damage|p2b: Incineroar|11/100|[from] Sandstorm\n|upkeep\n|turn|4\n|\n|t:|1776179811\n|move|p1a: Glimmora|Spiky Shield|p1a: Glimmora\n|-singleturn|p1a: Glimmora|move: Protect\n|move|p2a: Farigiraf|Psychic|p1a: Glimmora\n|-activate|p1a: Glimmora|move: Protect\n|move|p2b: Incineroar|Darkest Lariat|p1b: Aerodactyl\n|-damage|p1b: Aerodactyl|7/100\n|move|p1b: Aerodactyl|Dual Wingbeat|p2a: Farigiraf\n|-damage|p2a: Farigiraf|11/100\n|-damage|p2a: Farigiraf|0 fnt\n|faint|p2a: Farigiraf\n|-hitcount|p2: Farigiraf|2\n|\n|-weather|Sandstorm|[upkeep]\n|-damage|p2b: Incineroar|5/100|[from] Sandstorm\n|upkeep\n|\n|t:|1776179814\n|switch|p2a: Torkoal|Torkoal, L50, F|100/100\n|-weather|SunnyDay|[from] ability: Drought|[of] p2a: Torkoal\n|turn|5\n|\n|t:|1776179836\n|switch|p1a: Sableye|Sableye, L50, F, shiny|100/100\n|move|p1b: Aerodactyl|Protect|p1b: Aerodactyl\n|-singleturn|p1b: Aerodactyl|Protect\n|move|p2a: Torkoal|Earth Power|p1a: Sableye\n|-damage|p1a: Sableye|69/100\n|move|p2b: Incineroar|Darkest Lariat|p1b: Aerodactyl\n|-activate|p1b: Aerodactyl|move: Protect\n|\n|-weather|SunnyDay|[upkeep]\n|-fieldend|move: Trick Room\n|upkeep\n|turn|6\n|\n|t:|1776179858\n|move|p1a: Sableye|Disable|p2a: Torkoal\n|-start|p2a: Torkoal|Disable|Earth Power\n|move|p1b: Aerodactyl|Rock Slide|p2a: Torkoal|[spread] p2a,p2b\n|-supereffective|p2a: Torkoal|1\n|-supereffective|p2b: Incineroar|1\n|-damage|p2a: Torkoal|77/100\n|-damage|p2b: Incineroar|0 fnt\n|faint|p2b: Incineroar\n|move|p2a: Torkoal|Heat Wave|p1a: Sableye|[spread] p1a,p1b\n|-resisted|p1b: Aerodactyl|1\n|-damage|p1a: Sableye|6/100\n|-damage|p1b: Aerodactyl|0 fnt\n|faint|p1b: Aerodactyl\n|\n|-weather|SunnyDay|[upkeep]\n|upkeep\n|\n|t:|1776179867\n|switch|p1b: Glimmora|Glimmora-Mega, L50, F|46/100\n|turn|7\n|\n|t:|1776179879\n|move|p1a: Sableye|Encore|p2a: Torkoal\n|-start|p2a: Torkoal|Encore\n|move|p1b: Glimmora|Power Gem|p2a: Torkoal\n|-supereffective|p2a: Torkoal|1\n|-damage|p2a: Torkoal|0 fnt\n|faint|p2a: Torkoal\n|\n|win|aeneasbobux\n|raw|aeneasbobux's rating: 1125 &rarr; <strong>1143</strong><br />(+18 for winning)\n|raw|Shadowflamepkm's rating: 1032 &rarr; <strong>1021</strong><br />(-11 for losing)\n|c|\u2606aeneasbobux|gg\n|l|\u2606Shadowflamepkm\n|player|p2|\n|j|\u2606Shadowflamepkm\n|player|p2|Shadowflamepkm|red|\n",
  "uploadtime": 1776179931,
  "views": 11,
  "formatid": "gen9championsvgc2026regma",
  "rating": 1021,
  "private": 0,
  "password": null
}