{
  "id": "gen9championsvgc2026regma-2587189660",
  "format": "[Gen 9 Champions] VGC 2026 Reg M-A",
  "players": [
    "p3elz",
    "lostexits"
  ],
  "log": "|j|\u2606p3elz\n|j|\u2606lostexits\n|t:|1776506501\n|gametype|doubles\n|player|p1|p3elz|2|1101\n|player|p2|lostexits|265|1050\n|gen|9\n|tier|[Gen 9 Champions] VGC 2026 Reg M-A\n|rated|\n|rule|Species Clause: Limit one of each Pok\u00e9mon\n|rule|Item Clause: Limit 1 of each item\n|clearpoke\n|poke|p1|Toucannon, L50, M|\n|poke|p1|Farigiraf, L50, M|\n|poke|p1|Rotom-Wash, L50|\n|poke|p1|Banette, L50, M|\n|poke|p1|Sinistcha, L50|\n|poke|p1|Kingambit, L50, M|\n|poke|p2|Alakazam, L50, F|\n|poke|p2|Excadrill, L50, F|\n|poke|p2|Arcanine-Hisui, L50, F|\n|poke|p2|Florges, L50, F|\n|poke|p2|Chesnaught, L50, F|\n|poke|p2|Greninja, L50, M|\n|teampreview|4\n|inactive|Battle timer is ON: inactive players will automatically lose when time's up. (requested by lostexits)\n|inactive|lostexits has 60 seconds left.\n|\n|t:|1776506547\n|teamsize|p1|4\n|teamsize|p2|4\n|start\n|switch|p1a: Toucannon|Toucannon, L50, M|100/100\n|switch|p1b: Farigiraf|Farigiraf, L50, M|100/100\n|switch|p2a: Arcanine|Arcanine-Hisui, L50, F|100/100\n|switch|p2b: Florges|Florges, L50, F|100/100\n|-ability|p2a: Arcanine|Intimidate|boost\n|-unboost|p1a: Toucannon|atk|1\n|-unboost|p1b: Farigiraf|atk|1\n|turn|1\n|inactive|lostexits has 30 seconds left.\n|inactive|lostexits has 20 seconds left.\n|inactive|lostexits has 15 seconds left.\n|\n|t:|1776506591\n|move|p1a: Toucannon|Protect|p1a: Toucannon\n|-singleturn|p1a: Toucannon|Protect\n|move|p2a: Arcanine|Rock Slide|p1a: Toucannon|[spread] \n|-activate|p1a: Toucannon|move: Protect\n|-miss|p2a: Arcanine|p1b: Farigiraf\n|move|p2b: Florges|Trick|p1b: Farigiraf\n|-activate|p2b: Florges|move: Trick|[of] p1b: Farigiraf\n|-item|p1b: Farigiraf|Choice Scarf|[from] move: Trick\n|-item|p2b: Florges|Mental Herb|[from] move: Trick\n|move|p1b: Farigiraf|Trick Room|p1b: Farigiraf\n|-fieldstart|move: Trick Room|[of] p1b: Farigiraf\n|\n|upkeep\n|turn|2\n|\n|t:|1776506614\n|switch|p1b: Banette|Banette, L50, M|100/100\n|-item|p2a: Arcanine|Leftovers|[from] ability: Frisk|[of] p1b: Banette\n|-item|p2b: Florges|Mental Herb|[from] ability: Frisk|[of] p1b: Banette\n|move|p1a: Toucannon|Rock Blast|p2a: Arcanine\n|-supereffective|p2a: Arcanine|1\n|-damage|p2a: Arcanine|84/100\n|-supereffective|p2a: Arcanine|1\n|-damage|p2a: Arcanine|68/100\n|-supereffective|p2a: Arcanine|1\n|-damage|p2a: Arcanine|52/100\n|-supereffective|p2a: Arcanine|1\n|-damage|p2a: Arcanine|36/100\n|-supereffective|p2a: Arcanine|1\n|-damage|p2a: Arcanine|20/100\n|-hitcount|p2a: Arcanine|5\n|move|p2b: Florges|Psychic Noise|p1a: Toucannon\n|-damage|p1a: Toucannon|73/100\n|-start|p1a: Toucannon|move: Heal Block\n|cant|p2a: Arcanine|flinch\n|\n|-heal|p2a: Arcanine|26/100|[from] item: Leftovers\n|upkeep\n|turn|3\n|inactive|p3elz has 30 seconds left.\n|\n|t:|1776506643\n|switch|p2a: Excadrill|Excadrill, L50, F|100/100\n|-ability|p2a: Excadrill|Mold Breaker\n|detailschange|p1b: Banette|Banette-Mega, L50, M\n|-mega|p1b: Banette|Banette|Banettite\n|move|p1a: Toucannon|Bullet Seed|p2b: Florges\n|-damage|p2b: Florges|91/100\n|-damage|p2b: Florges|82/100\n|-damage|p2b: Florges|73/100\n|-damage|p2b: Florges|63/100\n|-damage|p2b: Florges|54/100\n|-hitcount|p2b: Florges|5\n|move|p1b: Banette|Knock Off|p2a: Excadrill\n|-damage|p2a: Excadrill|41/100\n|-enditem|p2a: Excadrill|Focus Sash|[from] move: Knock Off|[of] p1b: Banette\n|cant|p2b: Florges|flinch\n|\n|-end|p1a: Toucannon|move: Heal Block\n|upkeep\n|turn|4\n|\n|t:|1776506665\n|move|p2b: Florges|Protect|p2b: Florges\n|-singleturn|p2b: Florges|Protect\n|move|p2a: Excadrill|Protect|p2a: Excadrill\n|-singleturn|p2a: Excadrill|Protect\n|move|p1a: Toucannon|Bullet Seed|p2b: Florges\n|-activate|p2b: Florges|move: Protect\n|move|p1b: Banette|Knock Off|p2a: Excadrill\n|-activate|p2a: Excadrill|move: Protect\n|\n|upkeep\n|turn|5\n|inactive|lostexits has 30 seconds left.\n|\n|t:|1776506693\n|move|p1b: Banette|Swords Dance|p1b: Banette\n|-boost|p1b: Banette|atk|2\n|move|p1a: Toucannon|Bullet Seed|p2b: Florges\n|-damage|p2b: Florges|45/100\n|-damage|p2b: Florges|35/100\n|-damage|p2b: Florges|26/100\n|-damage|p2b: Florges|18/100\n|-damage|p2b: Florges|9/100\n|-hitcount|p2b: Florges|5\n|cant|p2b: Florges|flinch\n|move|p2a: Excadrill|Iron Head|p1a: Toucannon\n|-damage|p1a: Toucannon|20/100\n|\n|-fieldend|move: Trick Room\n|upkeep\n|turn|6\n|\n|t:|1776506716\n|switch|p1a: Farigiraf|Farigiraf, L50, M|100/100\n|move|p2a: Excadrill|Iron Head|p1a: Farigiraf\n|-damage|p1a: Farigiraf|52/100\n|move|p2b: Florges|Draining Kiss|p1b: Banette\n|-damage|p1b: Banette|71/100\n|-heal|p2b: Florges|31/100|[from] drain|[of] p1b: Banette\n|move|p1b: Banette|Shadow Claw|p2a: Excadrill\n|-damage|p2a: Excadrill|0 fnt\n|faint|p2a: Excadrill\n|\n|upkeep\n|\n|t:|1776506727\n|switch|p2a: Alakazam|Alakazam, L50, F|100/100\n|turn|7\n|\n|t:|1776506750\n|detailschange|p2a: Alakazam|Alakazam-Mega, L50, F\n|-mega|p2a: Alakazam|Alakazam|Alakazite\n|-ability|p2a: Alakazam|Prankster|Trace|[from] ability: Trace|[of] p1b: Banette\n|move|p1b: Banette|Taunt|p2a: Alakazam\n|-start|p2a: Alakazam|move: Taunt\n|move|p2a: Alakazam|Psychic|p1a: Farigiraf\n|-resisted|p1a: Farigiraf|1\n|-damage|p1a: Farigiraf|27/100\n|move|p2b: Florges|Psychic Noise|p1a: Farigiraf\n|-resisted|p1a: Farigiraf|1\n|-damage|p1a: Farigiraf|14/100\n|-start|p1a: Farigiraf|move: Heal Block\n|move|p1a: Farigiraf|Trick Room|p1a: Farigiraf\n|-fieldstart|move: Trick Room|[of] p1a: Farigiraf\n|\n|upkeep\n|turn|8\n|\n|t:|1776506775\n|switch|p1a: Kingambit|Kingambit, L50, M|100/100\n|move|p2b: Florges|Protect|p2b: Florges\n|-singleturn|p2b: Florges|Protect\n|move|p1b: Banette|Shadow Claw|p2a: Alakazam\n|-supereffective|p2a: Alakazam|1\n|-damage|p2a: Alakazam|0 fnt\n|faint|p2a: Alakazam\n|\n|upkeep\n|\n|t:|1776506783\n|switch|p2a: Arcanine|Arcanine-Hisui, L50, F|26/100\n|-ability|p2a: Arcanine|Intimidate|boost\n|-unboost|p1a: Kingambit|atk|1\n|-ability|p1a: Kingambit|Defiant|boost\n|-boost|p1a: Kingambit|atk|2\n|-unboost|p1b: Banette|atk|1\n|turn|9\n|-message|lostexits forfeited.\n|\n|win|p3elz\n|raw|p3elz's rating: 1101 &rarr; <strong>1122</strong><br />(+21 for winning)\n|raw|lostexits's rating: 1050 &rarr; <strong>1035</strong><br />(-15 for losing)\n|l|\u2606lostexits\n|player|p2|\n",
  "uploadtime": 1776506799,
  "views": 19,
  "formatid": "gen9championsvgc2026regma",
  "rating": 1035,
  "private": 0,
  "password": null
}