{
  "id": "gen9championsvgc2026regma-2587409706",
  "format": "[Gen 9 Champions] VGC 2026 Reg M-A",
  "players": [
    "Pabrotti",
    "plixim"
  ],
  "log": "|j|\u2606Pabrotti\n|j|\u2606plixim\n|t:|1776529447\n|gametype|doubles\n|player|p1|Pabrotti|rosa|1030\n|player|p2|plixim|265|1067\n|gen|9\n|tier|[Gen 9 Champions] VGC 2026 Reg M-A\n|rated|\n|rule|Species Clause: Limit one of each Pok\u00e9mon\n|rule|Item Clause: Limit 1 of each item\n|clearpoke\n|poke|p1|Gengar, L50, M, shiny|\n|poke|p1|Aerodactyl, L50, M, shiny|\n|poke|p1|Glimmora, L50, F, shiny|\n|poke|p1|Aegislash, L50, M|\n|poke|p1|Incineroar, L50, F|\n|poke|p1|Garchomp, L50, M|\n|poke|p2|Maushold, L50|\n|poke|p2|Zoroark-Hisui, L50, M|\n|poke|p2|Glalie, L50, M, shiny|\n|poke|p2|Froslass, L50, F|\n|poke|p2|Kingambit, L50, M|\n|poke|p2|Floette-Eternal, L50, F|\n|teampreview|4\n|inactive|Battle timer is ON: inactive players will automatically lose when time's up. (requested by plixim)\n|inactive|Pabrotti has 60 seconds left.\n|inactive|plixim has 60 seconds left.\n|\n|t:|1776529515\n|teamsize|p1|4\n|teamsize|p2|4\n|start\n|switch|p1a: Aerodactyl|Aerodactyl, L50, M, shiny|100/100\n|switch|p1b: Incineroar|Incineroar, L50, F|100/100\n|switch|p2a: Kingambit|Kingambit, L50, M|100/100\n|switch|p2b: Froslass|Froslass, L50, F|100/100\n|-ability|p1a: Aerodactyl|Unnerve\n|-ability|p1b: Incineroar|Intimidate|boost\n|-unboost|p2a: Kingambit|atk|1\n|-ability|p2a: Kingambit|Defiant|boost\n|-boost|p2a: Kingambit|atk|2\n|-unboost|p2b: Froslass|atk|1\n|turn|1\n|\n|t:|1776529534\n|detailschange|p2b: Froslass|Froslass-Mega, L50, F\n|-mega|p2b: Froslass|Froslass|Froslassite\n|-weather|Snowscape|[from] ability: Snow Warning|[of] p2b: Froslass\n|move|p1b: Incineroar|Fake Out|p2a: Kingambit\n|-resisted|p2a: Kingambit|1\n|-damage|p2a: Kingambit|96/100\n|move|p1a: Aerodactyl|Tailwind|p1a: Aerodactyl\n|-sidestart|p1: Pabrotti|move: Tailwind\n|move|p2b: Froslass|Aurora Veil|p2b: Froslass\n|-sidestart|p2: plixim|move: Aurora Veil\n|cant|p2a: Kingambit|flinch\n|\n|-weather|Snowscape|[upkeep]\n|upkeep\n|turn|2\n|\n|t:|1776529554\n|switch|p2b: Wonel|Glalie, L50, M, shiny|100/100\n|move|p1a: Aerodactyl|Rock Slide|p2a: Kingambit|[spread] p2a,p2b\n|-resisted|p2a: Kingambit|1\n|-supereffective|p2b: Wonel|1\n|-damage|p2a: Kingambit|89/100\n|-damage|p2b: Wonel|82/100\n|move|p1b: Incineroar|Flare Blitz|p2a: Kingambit\n|-supereffective|p2a: Kingambit|1\n|-damage|p2a: Kingambit|36/100\n|-damage|p1b: Incineroar|85/100|[from] Recoil\n|move|p2a: Kingambit|Iron Head|p1a: Aerodactyl\n|-supereffective|p1a: Aerodactyl|1\n|-enditem|p1a: Aerodactyl|Focus Sash\n|-damage|p1a: Aerodactyl|1/100\n|\n|-weather|Snowscape|[upkeep]\n|-heal|p2b: Wonel|88/100|[from] item: Leftovers\n|-ability|p2b: Wonel|Moody|boost\n|-boost|p2b: Wonel|atk|2\n|-unboost|p2b: Wonel|spe|1\n|upkeep\n|turn|3\n|inactive|plixim has 30 seconds left.\n|\n|t:|1776529580\n|move|p2a: Kingambit|Sucker Punch||[still]\n|-fail|p2a: Kingambit\n|move|p1a: Aerodactyl|Roost|p1a: Aerodactyl\n|-heal|p1a: Aerodactyl|51/100\n|-singleturn|p1a: Aerodactyl|move: Roost\n|move|p1b: Incineroar|Flare Blitz|p2a: Kingambit\n|-supereffective|p2a: Kingambit|1\n|-damage|p2a: Kingambit|0 fnt\n|faint|p2a: Kingambit\n|-damage|p1b: Incineroar|75/100|[from] Recoil\n|move|p2b: Wonel|Double Team|p2b: Wonel\n|-boost|p2b: Wonel|evasion|1\n|\n|-weather|Snowscape|[upkeep]\n|-heal|p2b: Wonel|94/100|[from] item: Leftovers\n|-ability|p2b: Wonel|Moody|boost\n|-boost|p2b: Wonel|spe|2\n|-unboost|p2b: Wonel|def|1\n|upkeep\n|\n|t:|1776529592\n|switch|p2a: Maushold|Maushold, L50|100/100\n|turn|4\n|\n|t:|1776529604\n|move|p1a: Aerodactyl|Rock Slide|p2a: Maushold|[spread] p2b\n|-miss|p1a: Aerodactyl|p2a: Maushold\n|-supereffective|p2b: Wonel|1\n|-damage|p2b: Wonel|72/100\n|move|p1b: Incineroar|Flare Blitz|p2b: Wonel|[miss]\n|-miss|p1b: Incineroar|p2b: Wonel\n|move|p2b: Wonel|Frost Breath|p1a: Aerodactyl\n|-supereffective|p1a: Aerodactyl|1\n|-crit|p1a: Aerodactyl\n|-damage|p1a: Aerodactyl|0 fnt\n|faint|p1a: Aerodactyl\n|move|p2a: Maushold|Population Bomb|p1b: Incineroar\n|-damage|p1b: Incineroar|69/100\n|-damage|p1b: Incineroar|63/100\n|-damage|p1b: Incineroar|57/100\n|-damage|p1b: Incineroar|52/100\n|-damage|p1b: Incineroar|46/100\n|-damage|p1b: Incineroar|40/100\n|-damage|p1b: Incineroar|34/100\n|-damage|p1b: Incineroar|28/100\n|-damage|p1b: Incineroar|22/100\n|-damage|p1b: Incineroar|16/100\n|-hitcount|p1b: Incineroar|10\n|\n|-weather|Snowscape|[upkeep]\n|-heal|p2b: Wonel|78/100|[from] item: Leftovers\n|-sideend|p1: Pabrotti|move: Tailwind\n|-ability|p2b: Wonel|Moody|boost\n|-boost|p2b: Wonel|spd|2\n|-unboost|p2b: Wonel|spa|1\n|upkeep\n|\n|t:|1776529617\n|switch|p1a: Garchomp|Garchomp, L50, M|100/100\n|turn|5\n|\n|t:|1776529625\n|move|p1a: Garchomp|Iron Head|p2b: Wonel\n|-supereffective|p2b: Wonel|1\n|-damage|p2b: Wonel|53/100\n|move|p2b: Wonel|Substitute|p2b: Wonel\n|-start|p2b: Wonel|Substitute\n|-damage|p2b: Wonel|28/100\n|move|p2a: Maushold|Population Bomb|p1b: Incineroar\n|-damage|p1b: Incineroar|10/100\n|-hitcount|p1b: Incineroar|1\n|move|p1b: Incineroar|Parting Shot|p2b: Wonel\n|-unboost|p2b: Wonel|atk|1\n|-unboost|p2b: Wonel|spa|1\n|\n|t:|1776529646\n|switch|p1b: Gengar|Gengar, L50, M, shiny|100/100|[from] Parting Shot\n|\n|-weather|none\n|-heal|p2b: Wonel|34/100|[from] item: Leftovers\n|-sideend|p2: plixim|move: Aurora Veil\n|-ability|p2b: Wonel|Moody|boost\n|-boost|p2b: Wonel|def|2\n|-unboost|p2b: Wonel|atk|1\n|upkeep\n|turn|6\n|inactive|Pabrotti has 30 seconds left.\n|inactive|Pabrotti has 20 seconds left.\n|inactive|Pabrotti has 15 seconds left.\n|\n|t:|1776529688\n|switch|p2a: Froslass|Froslass-Mega, L50, F|100/100\n|-weather|Snowscape|[from] ability: Snow Warning|[of] p2a: Froslass\n|detailschange|p1b: Gengar|Gengar-Mega, L50, M, shiny\n|-mega|p1b: Gengar|Gengar|Gengarite\n|move|p1a: Garchomp|Iron Head|p2b: Wonel\n|-supereffective|p2b: Wonel|1\n|-activate|p2b: Wonel|move: Substitute|[damage]\n|move|p1b: Gengar|Perish Song|p1b: Gengar\n|-start|p1a: Garchomp|perish3|[silent]\n|-start|p1b: Gengar|perish3|[silent]\n|-start|p2a: Froslass|perish3|[silent]\n|-start|p2b: Wonel|perish3|[silent]\n|-fieldactivate|move: Perish Song\n|move|p2b: Wonel|Double Team|p2b: Wonel\n|-boost|p2b: Wonel|evasion|1\n|\n|-weather|Snowscape|[upkeep]\n|-heal|p2b: Wonel|41/100|[from] item: Leftovers\n|-start|p1a: Garchomp|perish3\n|-start|p1b: Gengar|perish3\n|-start|p2a: Froslass|perish3\n|-start|p2b: Wonel|perish3\n|-ability|p2b: Wonel|Moody|boost\n|-boost|p2b: Wonel|atk|2\n|-unboost|p2b: Wonel|spd|1\n|upkeep\n|turn|7\n|inactive|Pabrotti has 30 seconds left.\n|inactive|Pabrotti has 20 seconds left.\n|inactive|Pabrotti has 15 seconds left.\n|inactive|Pabrotti has 10 seconds left.\n|inactive|Pabrotti has 5 seconds left.\n|\n|t:|1776529742\n|move|p1a: Garchomp|Iron Head|p2b: Wonel|[miss]\n|-miss|p1a: Garchomp|p2b: Wonel\n|move|p1b: Gengar|Shadow Ball|p2a: Froslass\n|-supereffective|p2a: Froslass|1\n|-damage|p2a: Froslass|12/100\n|move|p2a: Froslass|Blizzard|p1a: Garchomp|[spread] p1a,p1b\n|-supereffective|p1a: Garchomp|2\n|-damage|p1a: Garchomp|0 fnt\n|-damage|p1b: Gengar|54/100\n|faint|p1a: Garchomp\n|move|p2b: Wonel|Bite|p1b: Gengar\n|-supereffective|p1b: Gengar|1\n|-crit|p1b: Gengar\n|-damage|p1b: Gengar|0 fnt\n|faint|p1b: Gengar\n|\n|-weather|Snowscape|[upkeep]\n|-heal|p2b: Wonel|47/100|[from] item: Leftovers\n|-start|p2a: Froslass|perish2\n|-start|p2b: Wonel|perish2\n|-ability|p2b: Wonel|Moody|boost\n|-boost|p2b: Wonel|spa|2\n|-unboost|p2b: Wonel|spd|1\n|upkeep\n|\n|t:|1776529753\n|switch|p1b: Incineroar|Incineroar, L50, F|10/100\n|-ability|p1b: Incineroar|Intimidate|boost\n|-unboost|p2a: Froslass|atk|1\n|-immune|p2b: Wonel\n|turn|8\n|-message|Pabrotti forfeited.\n|\n|win|plixim\n|raw|Pabrotti's rating: 1030 &rarr; <strong>1017</strong><br />(-13 for losing)\n|raw|plixim's rating: 1067 &rarr; <strong>1094</strong><br />(+27 for winning)\n|l|\u2606Pabrotti\n|player|p1|\n",
  "uploadtime": 1776529763,
  "views": 16,
  "formatid": "gen9championsvgc2026regma",
  "rating": 1017,
  "private": 0,
  "password": null
}