{
  "id": "gen9championsvgc2026regma-2588608266",
  "format": "[Gen 9 Champions] VGC 2026 Reg M-A",
  "players": [
    "DBWaffles",
    "mattun"
  ],
  "log": "|j|\u203dDBWaffles\n|j|\u2606mattun\n|t:|1776649660\n|gametype|doubles\n|player|p1|DBWaffles|swimmer-gen4dp|1551\n|player|p2|mattun|2|1631\n|gen|9\n|tier|[Gen 9 Champions] VGC 2026 Reg M-A\n|rated|\n|rule|Species Clause: Limit one of each Pok\u00e9mon\n|rule|Item Clause: Limit 1 of each item\n|clearpoke\n|poke|p1|Floette-Eternal, L50, F|\n|poke|p1|Garchomp, L50, M|\n|poke|p1|Corviknight, L50, M|\n|poke|p1|Incineroar, L50, F|\n|poke|p1|Whimsicott, L50, F|\n|poke|p1|Gyarados, L50, F|\n|poke|p2|Talonflame, L50, M|\n|poke|p2|Basculegion, L50, M|\n|poke|p2|Excadrill, L50, M|\n|poke|p2|Dragonite, L50, F|\n|poke|p2|Machamp, L50, M|\n|poke|p2|Froslass, L50, F|\n|teampreview|4\n|inactive|Battle timer is ON: inactive players will automatically lose when time's up. (requested by DBWaffles)\n|inactive|DBWaffles has 60 seconds left.\n|\n|t:|1776649709\n|teamsize|p1|4\n|teamsize|p2|4\n|start\n|switch|p1a: Gyarados|Gyarados, L50, F|100/100\n|switch|p1b: Incineroar|Incineroar, L50, F|100/100\n|switch|p2a: Talonflame|Talonflame, L50, M|100/100\n|switch|p2b: Froslass|Froslass, L50, F|100/100\n|-ability|p1a: Gyarados|Intimidate|boost\n|-unboost|p2a: Talonflame|atk|1\n|-unboost|p2b: Froslass|atk|1\n|-ability|p1b: Incineroar|Intimidate|boost\n|-unboost|p2a: Talonflame|atk|1\n|-unboost|p2b: Froslass|atk|1\n|turn|1\n|inactive|mattun has 30 seconds left.\n|inactive|mattun has 20 seconds left.\n|inactive|mattun has 15 seconds left.\n|\n|t:|1776649752\n|switch|p2a: Basculegion|Basculegion, L50, M|100/100\n|detailschange|p2b: Froslass|Froslass-Mega, L50, F\n|-mega|p2b: Froslass|Froslass|Froslassite\n|-weather|Snowscape|[from] ability: Snow Warning|[of] p2b: Froslass\n|move|p1b: Incineroar|Fake Out|p2a: Basculegion\n|-immune|p2a: Basculegion\n|move|p2b: Froslass|Thunderbolt|p1a: Gyarados\n|-supereffective|p1a: Gyarados|2\n|-enditem|p1a: Gyarados|Wacan Berry|[eat]\n|-enditem|p1a: Gyarados|Wacan Berry|[weaken]\n|-damage|p1a: Gyarados|61/100\n|move|p1a: Gyarados|Thunder Wave|p2b: Froslass\n|-status|p2b: Froslass|par\n|\n|-weather|Snowscape|[upkeep]\n|upkeep\n|turn|2\n|\n|t:|1776649766\n|move|p2a: Basculegion|Flip Turn|p1b: Incineroar\n|-supereffective|p1b: Incineroar|1\n|-damage|p1b: Incineroar|33/100\n|-enditem|p1b: Incineroar|Sitrus Berry|[eat]\n|-heal|p1b: Incineroar|58/100|[from] item: Sitrus Berry\n|\n|t:|1776649771\n|switch|p2a: Talonflame|Talonflame, L50, M|100/100|[from] Flip Turn\n|move|p1a: Gyarados|Iron Head|p2b: Froslass\n|-supereffective|p2b: Froslass|1\n|-damage|p2b: Froslass|58/100 par\n|cant|p2b: Froslass|flinch\n|move|p1b: Incineroar|Flare Blitz|p2b: Froslass\n|-supereffective|p2b: Froslass|1\n|-damage|p2b: Froslass|0 fnt\n|faint|p2b: Froslass\n|-damage|p1b: Incineroar|44/100|[from] Recoil\n|\n|-weather|Snowscape|[upkeep]\n|upkeep\n|\n|t:|1776649784\n|switch|p2b: Excadrill|Excadrill, L50, M|100/100\n|-ability|p2b: Excadrill|Mold Breaker\n|turn|3\n|\n|t:|1776649801\n|switch|p1b: Corviknight|Corviknight, L50, M|100/100\n|move|p2a: Talonflame|Dual Wingbeat|p1b: Corviknight\n|-resisted|p1b: Corviknight|1\n|-damage|p1b: Corviknight|95/100\n|-resisted|p1b: Corviknight|1\n|-damage|p1b: Corviknight|89/100\n|-hitcount|p1b: Corviknight|2\n|move|p2b: Excadrill|Rock Slide|p1b: Corviknight|[spread] p1a,p1b\n|-supereffective|p1a: Gyarados|1\n|-damage|p1a: Gyarados|16/100\n|-damage|p1b: Corviknight|76/100\n|move|p1a: Gyarados|Waterfall|p2a: Talonflame\n|-supereffective|p2a: Talonflame|1\n|-damage|p2a: Talonflame|9/100\n|\n|-weather|Snowscape|[upkeep]\n|-heal|p1b: Corviknight|82/100|[from] item: Leftovers\n|upkeep\n|turn|4\n|\n|t:|1776649816\n|switch|p1b: Incineroar|Incineroar, L50, F|44/100\n|-ability|p1b: Incineroar|Intimidate|boost\n|-unboost|p2a: Talonflame|atk|1\n|-unboost|p2b: Excadrill|atk|1\n|move|p1a: Gyarados|Protect|p1a: Gyarados\n|-singleturn|p1a: Gyarados|Protect\n|move|p2a: Talonflame|Will-O-Wisp|p1b: Incineroar|[miss]\n|-miss|p2a: Talonflame|p1b: Incineroar\n|move|p2b: Excadrill|Rock Slide|p1a: Gyarados|[spread] p1b\n|-activate|p1a: Gyarados|move: Protect\n|-supereffective|p1b: Incineroar|1\n|-damage|p1b: Incineroar|20/100\n|\n|-weather|Snowscape|[upkeep]\n|upkeep\n|turn|5\n|\n|t:|1776649834\n|switch|p2a: Basculegion|Basculegion, L50, M|100/100\n|switch|p1a: Floette|Floette-Eternal, L50, F|100/100\n|move|p2b: Excadrill|Protect|p2b: Excadrill\n|-singleturn|p2b: Excadrill|Protect\n|move|p1b: Incineroar|Fake Out|p2b: Excadrill\n|-activate|p2b: Excadrill|move: Protect\n|\n|-weather|none\n|upkeep\n|turn|6\n|\n|t:|1776649856\n|switch|p1b: Gyarados|Gyarados, L50, F|16/100\n|-ability|p1b: Gyarados|Intimidate|boost\n|-unboost|p2a: Basculegion|atk|1\n|-unboost|p2b: Excadrill|atk|1\n|detailschange|p1a: Floette|Floette-Mega, L50, F\n|-mega|p1a: Floette|Floette|Floettite\n|-ability|p1a: Floette|Fairy Aura\n|move|p2a: Basculegion|Flip Turn|p1a: Floette\n|-damage|p1a: Floette|69/100\n|\n|t:|1776649860\n|switch|p2a: Talonflame|Talonflame, L50, M|9/100|[from] Flip Turn\n|move|p2b: Excadrill|Iron Head|p1a: Floette\n|-supereffective|p1a: Floette|1\n|-damage|p1a: Floette|13/100\n|move|p1a: Floette|Moonblast|p2a: Talonflame\n|-resisted|p2a: Talonflame|1\n|-damage|p2a: Talonflame|0 fnt\n|faint|p2a: Talonflame\n|\n|upkeep\n|\n|t:|1776649863\n|switch|p2a: Basculegion|Basculegion, L50, M|100/100\n|turn|7\n|\n|t:|1776649876\n|move|p2a: Basculegion|Last Respects|p1a: Floette\n|-damage|p1a: Floette|0 fnt\n|faint|p1a: Floette\n|move|p2b: Excadrill|Rock Slide|p1b: Gyarados\n|-supereffective|p1b: Gyarados|1\n|-damage|p1b: Gyarados|0 fnt\n|faint|p1b: Gyarados\n|\n|upkeep\n|\n|t:|1776649880\n|switch|p1a: Incineroar|Incineroar, L50, F|20/100\n|switch|p1b: Corviknight|Corviknight, L50, M|82/100\n|-ability|p1a: Incineroar|Intimidate|boost\n|-unboost|p2a: Basculegion|atk|1\n|-unboost|p2b: Excadrill|atk|1\n|turn|8\n|\n|t:|1776649884\n|move|p2b: Excadrill|Protect|p2b: Excadrill\n|-singleturn|p2b: Excadrill|Protect\n|move|p1a: Incineroar|Fake Out|p2b: Excadrill\n|-activate|p2b: Excadrill|move: Protect\n|move|p2a: Basculegion|Last Respects|p1b: Corviknight\n|-damage|p1b: Corviknight|42/100\n|move|p1b: Corviknight|Iron Defense|p1b: Corviknight\n|-boost|p1b: Corviknight|def|2\n|\n|-heal|p1b: Corviknight|48/100|[from] item: Leftovers\n|upkeep\n|turn|9\n|\n|t:|1776649899\n|move|p2a: Basculegion|Last Respects|p1b: Corviknight\n|-damage|p1b: Corviknight|29/100\n|move|p2b: Excadrill|Rock Slide|p1b: Corviknight|[spread] p1a,p1b\n|-supereffective|p1a: Incineroar|1\n|-damage|p1a: Incineroar|4/100\n|-damage|p1b: Corviknight|26/100\n|move|p1b: Corviknight|Roost|p1b: Corviknight\n|-heal|p1b: Corviknight|77/100\n|-singleturn|p1b: Corviknight|move: Roost\n|move|p1a: Incineroar|Parting Shot|p2a: Basculegion\n|-unboost|p2a: Basculegion|atk|1\n|-unboost|p2a: Basculegion|spa|1\n|\n|-heal|p1b: Corviknight|82/100|[from] item: Leftovers\n|upkeep\n|turn|10\n|\n|t:|1776649911\n|move|p2a: Basculegion|Last Respects|p1b: Corviknight\n|-damage|p1b: Corviknight|69/100\n|move|p2b: Excadrill|Rock Slide|p1a: Incineroar|[spread] p1a,p1b\n|-supereffective|p1a: Incineroar|1\n|-crit|p1b: Corviknight\n|-damage|p1a: Incineroar|0 fnt\n|-damage|p1b: Corviknight|50/100\n|faint|p1a: Incineroar\n|move|p1b: Corviknight|Iron Defense|p1b: Corviknight\n|-boost|p1b: Corviknight|def|2\n|\n|-heal|p1b: Corviknight|56/100|[from] item: Leftovers\n|upkeep\n|turn|11\n|\n|t:|1776649920\n|move|p2a: Basculegion|Last Respects|p1b: Corviknight\n|-damage|p1b: Corviknight|45/100\n|move|p2b: Excadrill|Rock Slide|p1b: Corviknight\n|-damage|p1b: Corviknight|42/100\n|move|p1b: Corviknight|Roost|p1b: Corviknight\n|-heal|p1b: Corviknight|93/100\n|-singleturn|p1b: Corviknight|move: Roost\n|\n|-heal|p1b: Corviknight|99/100|[from] item: Leftovers\n|upkeep\n|turn|12\n|\n|t:|1776649930\n|move|p2a: Basculegion|Last Respects|p1b: Corviknight\n|-damage|p1b: Corviknight|88/100\n|move|p2b: Excadrill|Rock Slide|p1b: Corviknight\n|-damage|p1b: Corviknight|85/100\n|move|p1b: Corviknight|Iron Defense|p1b: Corviknight\n|-boost|p1b: Corviknight|def|2\n|\n|-heal|p1b: Corviknight|91/100|[from] item: Leftovers\n|upkeep\n|turn|13\n|\n|t:|1776649936\n|move|p2a: Basculegion|Last Respects|p1b: Corviknight\n|-damage|p1b: Corviknight|83/100\n|move|p2b: Excadrill|Rock Slide|p1b: Corviknight\n|-damage|p1b: Corviknight|81/100\n|move|p1b: Corviknight|Iron Head|p2a: Basculegion\n|-resisted|p2a: Basculegion|1\n|-damage|p2a: Basculegion|84/100\n|\n|-heal|p1b: Corviknight|87/100|[from] item: Leftovers\n|upkeep\n|turn|14\n|\n|t:|1776649945\n|move|p2a: Basculegion|Last Respects|p1b: Corviknight\n|-damage|p1b: Corviknight|80/100\n|move|p2b: Excadrill|Rock Slide|p1b: Corviknight\n|-crit|p1b: Corviknight\n|-damage|p1b: Corviknight|56/100\n|move|p1b: Corviknight|Iron Head|p2a: Basculegion\n|-resisted|p2a: Basculegion|1\n|-damage|p2a: Basculegion|68/100\n|\n|-heal|p1b: Corviknight|62/100|[from] item: Leftovers\n|upkeep\n|turn|15\n|\n|t:|1776649957\n|move|p2a: Basculegion|Last Respects|p1b: Corviknight\n|-damage|p1b: Corviknight|55/100\n|move|p2b: Excadrill|Iron Head|p1b: Corviknight\n|-resisted|p1b: Corviknight|1\n|-damage|p1b: Corviknight|54/100\n|cant|p1b: Corviknight|flinch\n|\n|-heal|p1b: Corviknight|60/100|[from] item: Leftovers\n|upkeep\n|turn|16\n|\n|t:|1776649966\n|move|p2a: Basculegion|Last Respects|p1b: Corviknight\n|-damage|p1b: Corviknight|52/100\n|move|p2b: Excadrill|Iron Head|p1b: Corviknight\n|-resisted|p1b: Corviknight|1\n|-damage|p1b: Corviknight|50/100\n|move|p1b: Corviknight|Roost|p1b: Corviknight\n|-heal|p1b: Corviknight|100/100\n|-singleturn|p1b: Corviknight|move: Roost\n|\n|upkeep\n|turn|17\n|\n|t:|1776649974\n|move|p2a: Basculegion|Last Respects|p1b: Corviknight\n|-damage|p1b: Corviknight|93/100\n|move|p2b: Excadrill|Iron Head|p1b: Corviknight\n|-resisted|p1b: Corviknight|1\n|-damage|p1b: Corviknight|91/100\n|move|p1b: Corviknight|Iron Head|p2a: Basculegion\n|-resisted|p2a: Basculegion|1\n|-damage|p2a: Basculegion|54/100\n|\n|-heal|p1b: Corviknight|97/100|[from] item: Leftovers\n|upkeep\n|turn|18\n|j| Un Aweonao\n|\n|t:|1776649981\n|move|p2a: Basculegion|Last Respects|p1b: Corviknight\n|-damage|p1b: Corviknight|89/100\n|move|p2b: Excadrill|Iron Head|p1b: Corviknight\n|-resisted|p1b: Corviknight|1\n|-damage|p1b: Corviknight|88/100\n|move|p1b: Corviknight|Iron Head|p2a: Basculegion\n|-resisted|p2a: Basculegion|1\n|-damage|p2a: Basculegion|38/100\n|\n|-heal|p1b: Corviknight|94/100|[from] item: Leftovers\n|upkeep\n|turn|19\n|-message|mattun forfeited.\n|\n|win|DBWaffles\n|raw|DBWaffles's rating: 1551 &rarr; <strong>1576</strong><br />(+25 for winning)\n|raw|mattun's rating: 1631 &rarr; <strong>1606</strong><br />(-25 for losing)\n|l|\u2606mattun\n|player|p2|\n",
  "uploadtime": 1776650102,
  "views": 14,
  "formatid": "gen9championsvgc2026regma",
  "rating": 1576,
  "private": 0,
  "password": null
}