{
  "id": "gen9championsvgc2026regma-2589491955",
  "format": "[Gen 9 Champions] VGC 2026 Reg M-A",
  "players": [
    "flyynn",
    "Ratman937402"
  ],
  "log": "|j|\u2606flyynn\n|j|\u2606Ratman937402\n|t:|1776727843\n|gametype|doubles\n|player|p1|flyynn|lady|1116\n|player|p2|Ratman937402|wallace|1090\n|gen|9\n|tier|[Gen 9 Champions] VGC 2026 Reg M-A\n|rated|\n|rule|Species Clause: Limit one of each Pok\u00e9mon\n|rule|Item Clause: Limit 1 of each item\n|clearpoke\n|poke|p1|Volcarona, L50, M|\n|poke|p1|Basculegion, L50, M|\n|poke|p1|Sinistcha-Masterpiece, L50|\n|poke|p1|Scizor, L50, M|\n|poke|p1|Garchomp, L50, M|\n|poke|p1|Sneasler, L50, M|\n|poke|p2|Garchomp, L50, M|\n|poke|p2|Gardevoir, L50, M|\n|poke|p2|Aerodactyl, L50, F, shiny|\n|poke|p2|Scizor, L50, M, shiny|\n|poke|p2|Rotom-Wash, L50|\n|poke|p2|Incineroar, L50, M, shiny|\n|teampreview|4\n|\n|t:|1776727883\n|teamsize|p1|4\n|teamsize|p2|4\n|start\n|switch|p1a: Sinistcha|Sinistcha-Masterpiece, L50|100/100\n|switch|p1b: Garchomp|Garchomp, L50, M|100/100\n|switch|p2a: Rathian|Aerodactyl, L50, F, shiny|100/100\n|switch|p2b: the Green one|Scizor, L50, M, shiny|100/100\n|-ability|p2a: Rathian|Unnerve\n|turn|1\n|\n|t:|1776727907\n|detailschange|p2b: the Green one|Scizor-Mega, L50, M, shiny\n|-mega|p2b: the Green one|Scizor|Scizorite\n|move|p1a: Sinistcha|Protect|p1a: Sinistcha\n|-singleturn|p1a: Sinistcha|Protect\n|move|p2a: Rathian|Tailwind|p2a: Rathian\n|-sidestart|p2: Ratman937402|move: Tailwind\n|move|p2b: the Green one|Swords Dance|p2b: the Green one\n|-boost|p2b: the Green one|atk|2\n|move|p1b: Garchomp|Earthquake|p2b: the Green one|[spread] p2b\n|-activate|p1a: Sinistcha|move: Protect\n|-immune|p2a: Rathian\n|-damage|p2b: the Green one|71/100\n|\n|upkeep\n|turn|2\n|\n|t:|1776727941\n|switch|p1b: Sneasler|Sneasler, L50, M|100/100\n|move|p2b: the Green one|Bullet Punch|p1b: Sneasler\n|-damage|p1b: Sneasler|0 fnt\n|faint|p1b: Sneasler\n|move|p2a: Rathian|Dual Wingbeat|p1a: Sinistcha\n|-supereffective|p1a: Sinistcha|1\n|-damage|p1a: Sinistcha|63/100\n|-supereffective|p1a: Sinistcha|1\n|-damage|p1a: Sinistcha|29/100\n|-hitcount|p1a: Sinistcha|2\n|move|p1a: Sinistcha|Matcha Gotcha|p2b: the Green one|[spread] p2a,p2b\n|-resisted|p2b: the Green one|2\n|-damage|p2a: Rathian|64/100\n|-heal|p1a: Sinistcha|45/100|[from] drain|[of] p2a: Rathian\n|-damage|p2b: the Green one|65/100\n|-heal|p1a: Sinistcha|48/100|[from] drain|[of] p2b: the Green one\n|\n|-heal|p1a: Sinistcha|54/100|[from] item: Leftovers\n|upkeep\n|\n|t:|1776727962\n|switch|p1b: Garchomp|Garchomp, L50, M|100/100\n|turn|3\n|\n|t:|1776727981\n|move|p1a: Sinistcha|Rage Powder|p1a: Sinistcha\n|-singleturn|p1a: Sinistcha|move: Rage Powder\n|move|p2b: the Green one|Bullet Punch|p1a: Sinistcha\n|-damage|p1a: Sinistcha|0 fnt\n|faint|p1a: Sinistcha\n|move|p2a: Rathian|Rock Slide|p1b: Garchomp\n|-resisted|p1b: Garchomp|1\n|-damage|p1b: Garchomp|84/100\n|cant|p1b: Garchomp|flinch\n|\n|upkeep\n|\n|t:|1776727992\n|switch|p1a: Volcarona|Volcarona, L50, M|100/100\n|turn|4\n|\n|t:|1776728006\n|move|p2b: the Green one|Protect|p2b: the Green one\n|-singleturn|p2b: the Green one|Protect\n|move|p2a: Rathian|Rock Slide|p1b: Garchomp|[spread] p1a,p1b\n|-supereffective|p1a: Volcarona|2\n|-resisted|p1b: Garchomp|1\n|-enditem|p1a: Volcarona|Focus Sash\n|-damage|p1a: Volcarona|1/100\n|-damage|p1b: Garchomp|73/100\n|move|p1b: Garchomp|Dragon Claw|p2a: Rathian\n|-damage|p2a: Rathian|0 fnt\n|faint|p2a: Rathian\n|move|p1a: Volcarona|Heat Wave|p2b: the Green one\n|-activate|p2b: the Green one|move: Protect\n|\n|-sideend|p2: Ratman937402|move: Tailwind\n|upkeep\n|\n|t:|1776728021\n|switch|p2a: Piano|Garchomp, L50, M|100/100\n|turn|5\n|\n|t:|1776728038\n|move|p1a: Volcarona|Protect|p1a: Volcarona\n|-singleturn|p1a: Volcarona|Protect\n|move|p2a: Piano|Protect|p2a: Piano\n|-singleturn|p2a: Piano|Protect\n|move|p2b: the Green one|Bullet Punch|p1a: Volcarona\n|-activate|p1a: Volcarona|move: Protect\n|move|p1b: Garchomp|Dragon Claw|p2a: Piano\n|-activate|p2a: Piano|move: Protect\n|\n|upkeep\n|turn|6\n|\n|t:|1776728054\n|move|p2b: the Green one|Bullet Punch|p1a: Volcarona\n|-resisted|p1a: Volcarona|1\n|-damage|p1a: Volcarona|0 fnt\n|-status|p2b: the Green one|brn|[from] ability: Flame Body|[of] p1a: Volcarona\n|faint|p1a: Volcarona\n|move|p1b: Garchomp|Dragon Claw|p2a: Piano\n|-supereffective|p2a: Piano|1\n|-damage|p2a: Piano|22/100\n|-damage|p1b: Garchomp|60/100|[from] ability: Rough Skin|[of] p2a: Piano\n|move|p2a: Piano|Earthquake|p1b: Garchomp|[spread] p2b,p1b\n|-damage|p2b: the Green one|26/100 brn\n|-damage|p1b: Garchomp|13/100\n|-enditem|p1b: Garchomp|Sitrus Berry|[eat]\n|-heal|p1b: Garchomp|38/100|[from] item: Sitrus Berry\n|\n|-damage|p2b: the Green one|20/100 brn|[from] brn\n|upkeep\n|turn|7\n|\n|t:|1776728071\n|move|p1b: Garchomp|Protect|p1b: Garchomp\n|-singleturn|p1b: Garchomp|Protect\n|move|p2b: the Green one|Bullet Punch|p1b: Garchomp\n|-activate|p1b: Garchomp|move: Protect\n|move|p2a: Piano|Dragon Claw|p1b: Garchomp\n|-activate|p1b: Garchomp|move: Protect\n|\n|-damage|p2b: the Green one|13/100 brn|[from] brn\n|upkeep\n|turn|8\n|\n|t:|1776728084\n|move|p2b: the Green one|Bullet Punch|p1b: Garchomp\n|-damage|p1b: Garchomp|2/100\n|-damage|p2b: the Green one|1/100 brn|[from] ability: Rough Skin|[of] p1b: Garchomp\n|move|p1b: Garchomp|Dragon Claw|p2a: Piano\n|-supereffective|p2a: Piano|1\n|-damage|p2a: Piano|0 fnt\n|-damage|p1b: Garchomp|0 fnt|[from] ability: Rough Skin|[of] p2a: Piano\n|faint|p2a: Piano\n|faint|p1b: Garchomp\n|\n|win|Ratman937402\n|raw|flyynn's rating: 1116 &rarr; <strong>1089</strong><br />(-27 for losing)\n|raw|Ratman937402's rating: 1090 &rarr; <strong>1118</strong><br />(+28 for winning)\n",
  "uploadtime": 1776728094,
  "views": 12,
  "formatid": "gen9championsvgc2026regma",
  "rating": 1089,
  "private": 0,
  "password": null
}