{
  "id": "gen9championsvgc2026regma-2583434674",
  "format": "[Gen 9 Champions] VGC 2026 Reg M-A",
  "players": [
    "Fitz Chilvary",
    "L_Yami_H"
  ],
  "log": "|j|\u2606Fitz Chilvary\n|j|\u2606L_Yami_H\n|t:|1776175428\n|gametype|doubles\n|player|p1|Fitz Chilvary|morty|1149\n|player|p2|L_Yami_H|ghetsis|1232\n|gen|9\n|tier|[Gen 9 Champions] VGC 2026 Reg M-A\n|rated|\n|rule|Species Clause: Limit one of each Pok\u00e9mon\n|rule|Item Clause: Limit 1 of each item\n|clearpoke\n|poke|p1|Sneasler, L50, F|\n|poke|p1|Kingambit, L50, F|\n|poke|p1|Clefable, L50, F|\n|poke|p1|Delphox, L50, M|\n|poke|p1|Dragonite, L50, F|\n|poke|p1|Basculegion, L50, M|\n|poke|p2|Sableye, L50, M|\n|poke|p2|Victreebel, L50, F|\n|poke|p2|Sneasler, L50, F|\n|poke|p2|Araquanid, L50, F|\n|poke|p2|Kingambit, L50, M|\n|poke|p2|Arcanine, L50, M|\n|teampreview|4\n|inactive|Battle timer is ON: inactive players will automatically lose when time's up. (requested by L_Yami_H)\n|inactive|Fitz Chilvary has 60 seconds left.\n|\n|t:|1776175489\n|teamsize|p1|4\n|teamsize|p2|4\n|start\n|switch|p1a: Dragonite|Dragonite, L50, F|100/100\n|switch|p1b: Delphox|Delphox, L50, M|100/100\n|switch|p2a: Weeber|Araquanid, L50, F|100/100\n|switch|p2b: Yami|Sableye, L50, M|100/100\n|turn|1\n|\n|t:|1776175510\n|detailschange|p1b: Delphox|Delphox-Mega, L50, M\n|-mega|p1b: Delphox|Delphox|Delphoxite\n|move|p2b: Yami|Fake Out|p1a: Dragonite\n|-damage|p1a: Dragonite|96/100\n|cant|p1a: Dragonite|flinch\n|move|p1b: Delphox|Heat Wave|p2a: Weeber|[spread] p2a,p2b\n|-damage|p2a: Weeber|84/100\n|-damage|p2b: Yami|30/100\n|move|p2a: Weeber|Liquidation|p1b: Delphox\n|-supereffective|p1b: Delphox|1\n|-damage|p1b: Delphox|0 fnt\n|faint|p1b: Delphox\n|\n|-heal|p2a: Weeber|90/100|[from] item: Leftovers\n|upkeep\n|\n|t:|1776175526\n|switch|p1b: Sneasler|Sneasler, L50, F|100/100\n|turn|2\n|\n|t:|1776175549\n|switch|p2a: Gabu|Arcanine, L50, M|100/100\n|-ability|p2a: Gabu|Intimidate|boost\n|-unboost|p1a: Dragonite|atk|1\n|-unboost|p1b: Sneasler|atk|1\n|move|p1b: Sneasler|Fake Out|p2a: Gabu\n|-damage|p2a: Gabu|91/100\n|move|p2b: Yami|Skill Swap|p2a: Gabu\n|-activate|p2b: Yami|Skill Swap|||[of] p2a: Gabu\n|-ability|p2b: Yami|Intimidate|boost\n|-unboost|p1a: Dragonite|atk|1\n|-unboost|p1b: Sneasler|atk|1\n|move|p1a: Dragonite|Scale Shot|p2b: Yami\n|-damage|p2b: Yami|20/100\n|-damage|p2b: Yami|10/100\n|-damage|p2b: Yami|0 fnt\n|faint|p2b: Yami\n|-hitcount|p2: Yami|3\n|-unboost|p1a: Dragonite|def|1\n|-boost|p1a: Dragonite|spe|1\n|\n|upkeep\n|\n|t:|1776175562\n|switch|p2b: Weeber|Araquanid, L50, F|90/100\n|turn|3\n|\n|t:|1776175584\n|move|p2a: Gabu|Will-O-Wisp|p1a: Dragonite\n|-status|p1a: Dragonite|brn\n|-enditem|p1a: Dragonite|Lum Berry|[eat]\n|-curestatus|p1a: Dragonite|brn|[msg]\n|move|p1a: Dragonite|Haze|p1a: Dragonite\n|-clearallboost\n|move|p1b: Sneasler|Dire Claw|p2b: Weeber\n|-damage|p2b: Weeber|42/100\n|-status|p2b: Weeber|par\n|move|p2b: Weeber|Liquidation|p1b: Sneasler\n|-enditem|p1b: Sneasler|Focus Sash\n|-damage|p1b: Sneasler|1/100\n|\n|-heal|p2b: Weeber|48/100 par|[from] item: Leftovers\n|upkeep\n|turn|4\n|inactive|L_Yami_H has 30 seconds left.\n|\n|t:|1776175611\n|move|p2a: Gabu|Will-O-Wisp|p1b: Sneasler\n|-status|p1b: Sneasler|brn\n|move|p1b: Sneasler|Dire Claw|p2b: Weeber\n|-damage|p2b: Weeber|23/100 par\n|move|p1a: Dragonite|Scale Shot|p2a: Gabu|[miss]\n|-miss|p1a: Dragonite|p2a: Gabu\n|move|p2b: Weeber|Liquidation|p1a: Dragonite\n|-resisted|p1a: Dragonite|1\n|-damage|p1a: Dragonite|61/100\n|-unboost|p1a: Dragonite|def|1\n|\n|-heal|p2b: Weeber|28/100 par|[from] item: Leftovers\n|-damage|p1b: Sneasler|0 fnt|[from] brn\n|faint|p1b: Sneasler\n|upkeep\n|\n|t:|1776175621\n|switch|p1b: Basculegion|Basculegion, L50, M|100/100\n|turn|5\n|inactive|Fitz Chilvary has 30 seconds left.\n|inactive|Fitz Chilvary has 20 seconds left.\n|\n|t:|1776175658\n|move|p2b: Weeber|Protect|p2b: Weeber\n|-singleturn|p2b: Weeber|Protect\n|move|p1a: Dragonite|Extreme Speed|p2b: Weeber\n|-activate|p2b: Weeber|move: Protect\n|move|p2a: Gabu|Will-O-Wisp|p1b: Basculegion|[miss]\n|-miss|p2a: Gabu|p1b: Basculegion\n|move|p1b: Basculegion|Last Respects|p2a: Gabu\n|-damage|p2a: Gabu|0 fnt\n|faint|p2a: Gabu\n|\n|-heal|p2b: Weeber|34/100 par|[from] item: Leftovers\n|upkeep\n|\n|t:|1776175673\n|switch|p2a: Checkers|Kingambit, L50, M, shiny|100/100\n|turn|6\n|\n|t:|1776175682\n|move|p1a: Dragonite|Extreme Speed|p2b: Weeber\n|-damage|p2b: Weeber|3/100 par\n|move|p1b: Basculegion|Last Respects|p2a: Checkers\n|-resisted|p2a: Checkers|1\n|-damage|p2a: Checkers|64/100\n|move|p2a: Checkers|Kowtow Cleave|p1b: Basculegion\n|-supereffective|p1b: Basculegion|1\n|-damage|p1b: Basculegion|0 fnt\n|faint|p1b: Basculegion\n|move|p2b: Weeber|Liquidation|p1a: Dragonite\n|-resisted|p1a: Dragonite|1\n|-damage|p1a: Dragonite|12/100\n|\n|-heal|p2b: Weeber|8/100 par|[from] item: Leftovers\n|upkeep\n|turn|7\n|-message|Fitz Chilvary forfeited.\n|\n|win|L_Yami_H\n|raw|Fitz Chilvary's rating: 1149 &rarr; <strong>1130</strong><br />(-19 for losing)\n|raw|L_Yami_H's rating: 1232 &rarr; <strong>1251</strong><br />(+19 for winning)\n|l|\u2606Fitz Chilvary\n|player|p1|\n",
  "uploadtime": 1776175704,
  "views": 25,
  "formatid": "gen9championsvgc2026regma",
  "rating": 1130,
  "private": 0,
  "password": null
}