{
  "id": "gen9championsvgc2026regma-2583807411",
  "format": "[Gen 9 Champions] VGC 2026 Reg M-A",
  "players": [
    "eevee1ynn",
    "Riverlow"
  ],
  "log": "|j|\u2606eevee1ynn\n|j|\u2606Riverlow\n|t:|1776199140\n|gametype|doubles\n|player|p1|eevee1ynn|irida|1166\n|player|p2|Riverlow|169|1184\n|gen|9\n|tier|[Gen 9 Champions] VGC 2026 Reg M-A\n|rated|\n|rule|Species Clause: Limit one of each Pok\u00e9mon\n|rule|Item Clause: Limit 1 of each item\n|clearpoke\n|poke|p1|Altaria, L50, M|\n|poke|p1|Torkoal, L50, M|\n|poke|p1|Incineroar, L50, F|\n|poke|p1|Farigiraf, L50, F|\n|poke|p1|Kingambit, L50, F|\n|poke|p1|Cofagrigus, L50, M|\n|poke|p2|Farigiraf, L50, F|\n|poke|p2|Primarina, L50, M|\n|poke|p2|Excadrill, L50, F|\n|poke|p2|Conkeldurr, L50, M|\n|poke|p2|Froslass, L50, F|\n|poke|p2|Incineroar, L50, F|\n|teampreview|4\n|inactive|Battle timer is ON: inactive players will automatically lose when time's up. (requested by Riverlow)\n|\n|t:|1776199167\n|teamsize|p1|4\n|teamsize|p2|4\n|start\n|switch|p1a: Incineroar|Incineroar, L50, F|100/100\n|switch|p1b: Farigiraf|Farigiraf, L50, F|100/100\n|switch|p2a: Primarina|Primarina, L50, M|100/100\n|switch|p2b: Farigiraf|Farigiraf, L50, F|100/100\n|-ability|p1a: Incineroar|Intimidate|boost\n|-unboost|p2a: Primarina|atk|1\n|-unboost|p2b: Farigiraf|atk|1\n|turn|1\n|inactive|Riverlow has 30 seconds left.\n|\n|t:|1776199193\n|switch|p1a: Altaria|Altaria, L50, M|100/100\n|-ability|p1a: Altaria|Cloud Nine\n|move|p1b: Farigiraf|Hyper Voice|p2b: Farigiraf|[spread] p2a,p2b\n|-damage|p2a: Primarina|75/100\n|-damage|p2b: Farigiraf|65/100\n|move|p2a: Primarina|Hyper Voice|p1a: Altaria|[spread] p1a,p1b\n|-resisted|p1a: Altaria|1\n|-damage|p1a: Altaria|82/100\n|-damage|p1b: Farigiraf|62/100\n|move|p2b: Farigiraf|Trick Room|p2b: Farigiraf\n|-fieldstart|move: Trick Room|[of] p2b: Farigiraf\n|\n|-heal|p2a: Primarina|80/100|[from] item: Leftovers\n|upkeep\n|turn|2\n|\n|t:|1776199212\n|move|p1a: Altaria|Protect|p1a: Altaria\n|-singleturn|p1a: Altaria|Protect\n|move|p1b: Farigiraf|Twin Beam|p2a: Primarina\n|-damage|p2a: Primarina|65/100\n|-damage|p2a: Primarina|50/100\n|-hitcount|p2a: Primarina|2\n|move|p2a: Primarina|Ice Beam|p1a: Altaria\n|-activate|p1a: Altaria|move: Protect\n|move|p2b: Farigiraf|Nasty Plot|p2b: Farigiraf\n|-boost|p2b: Farigiraf|spa|2\n|\n|-heal|p2a: Primarina|55/100|[from] item: Leftovers\n|upkeep\n|turn|3\n|\n|t:|1776199236\n|detailschange|p1a: Altaria|Altaria-Mega, L50, M\n|-mega|p1a: Altaria|Altaria|Altarianite\n|move|p1b: Farigiraf|Hyper Voice|p2b: Farigiraf|[spread] p2a,p2b\n|-damage|p2a: Primarina|30/100\n|-damage|p2b: Farigiraf|35/100\n|move|p2a: Primarina|Ice Beam|p1a: Altaria\n|-supereffective|p1a: Altaria|1\n|-damage|p1a: Altaria|22/100\n|move|p2b: Farigiraf|Dazzling Gleam|p1a: Altaria|[spread] p1a,p1b\n|-supereffective|p1a: Altaria|1\n|-damage|p1a: Altaria|0 fnt\n|-damage|p1b: Farigiraf|24/100\n|-enditem|p1b: Farigiraf|Sitrus Berry|[eat]\n|-heal|p1b: Farigiraf|49/100|[from] item: Sitrus Berry\n|faint|p1a: Altaria\n|\n|-heal|p2a: Primarina|35/100|[from] item: Leftovers\n|upkeep\n|\n|t:|1776199247\n|switch|p1a: Torkoal|Torkoal, L50, M|100/100\n|-weather|SunnyDay|[from] ability: Drought|[of] p1a: Torkoal\n|turn|4\n|\n|t:|1776199263\n|move|p1a: Torkoal|Eruption|p2b: Farigiraf|[spread] p2a,p2b\n|-resisted|p2a: Primarina|1\n|-damage|p2a: Primarina|2/100\n|-damage|p2b: Farigiraf|0 fnt\n|faint|p2b: Farigiraf\n|move|p2a: Primarina|Hyper Voice|p1b: Farigiraf|[spread] p1a,p1b\n|-supereffective|p1a: Torkoal|1\n|-damage|p1a: Torkoal|57/100\n|-damage|p1b: Farigiraf|30/100\n|move|p1b: Farigiraf|Hyper Voice|p2a: Primarina\n|-damage|p2a: Primarina|0 fnt\n|faint|p2a: Primarina\n|\n|-weather|SunnyDay|[upkeep]\n|upkeep\n|\n|t:|1776199279\n|switch|p2b: Froslass|Froslass, L50, F|100/100\n|switch|p2a: Conkeldurr|Conkeldurr, L50, M|100/100\n|turn|5\n|\n|t:|1776199299\n|detailschange|p2b: Froslass|Froslass-Mega, L50, F\n|-mega|p2b: Froslass|Froslass|Froslassite\n|-weather|Snowscape|[from] ability: Snow Warning|[of] p2b: Froslass\n|move|p1a: Torkoal|Eruption|p2b: Froslass|[spread] p2a,p2b\n|-supereffective|p2b: Froslass|1\n|-damage|p2a: Conkeldurr|50/100\n|-damage|p2b: Froslass|22/100\n|move|p2a: Conkeldurr|Drain Punch|p1b: Farigiraf\n|-damage|p1b: Farigiraf|0 fnt\n|-heal|p2a: Conkeldurr|69/100|[from] drain|[of] p1b: Farigiraf\n|faint|p1b: Farigiraf\n|move|p2b: Froslass|Aurora Veil|p2b: Froslass\n|-sidestart|p2: Riverlow|move: Aurora Veil\n|\n|-weather|Snowscape|[upkeep]\n|-fieldend|move: Trick Room\n|upkeep\n|\n|t:|1776199308\n|switch|p1b: Incineroar|Incineroar, L50, F|100/100\n|-ability|p1b: Incineroar|Intimidate|boost\n|-unboost|p2a: Conkeldurr|atk|1\n|-unboost|p2b: Froslass|atk|1\n|turn|6\n|\n|t:|1776199391\n|move|p1b: Incineroar|Fake Out|p2a: Conkeldurr\n|-damage|p2a: Conkeldurr|61/100\n|move|p2b: Froslass|Shadow Ball|p1a: Torkoal\n|-damage|p1a: Torkoal|4/100\n|cant|p2a: Conkeldurr|flinch\n|move|p1a: Torkoal|Flamethrower|p2b: Froslass\n|-supereffective|p2b: Froslass|1\n|-damage|p2b: Froslass|0 fnt\n|faint|p2b: Froslass\n|\n|-weather|Snowscape|[upkeep]\n|upkeep\n|turn|7\n|inactive|eevee1ynn has 30 seconds left.\n|inactive|Riverlow has 30 seconds left.\n|inactive|Riverlow has 20 seconds left.\n|inactive|Riverlow has 15 seconds left.\n|\n|t:|1776199445\n|move|p1a: Torkoal|Helping Hand|p1b: Incineroar\n|-singleturn|p1b: Incineroar|Helping Hand|[of] p1a: Torkoal\n|move|p1b: Incineroar|Flare Blitz|p2a: Conkeldurr\n|-damage|p2a: Conkeldurr|12/100\n|-damage|p1b: Incineroar|86/100|[from] Recoil\n|move|p2a: Conkeldurr|Drain Punch|p1b: Incineroar\n|-supereffective|p1b: Incineroar|1\n|-damage|p1b: Incineroar|8/100\n|-heal|p2a: Conkeldurr|56/100|[from] drain|[of] p1b: Incineroar\n|\n|-weather|Snowscape|[upkeep]\n|upkeep\n|turn|8\n|\n|t:|1776199465\n|move|p2a: Conkeldurr|Mach Punch|p1b: Incineroar\n|-supereffective|p1b: Incineroar|1\n|-damage|p1b: Incineroar|0 fnt\n|faint|p1b: Incineroar\n|move|p1a: Torkoal|Flamethrower|p2a: Conkeldurr\n|-damage|p2a: Conkeldurr|14/100\n|\n|-weather|Snowscape|[upkeep]\n|upkeep\n|turn|9\n|\n|t:|1776199475\n|move|p2a: Conkeldurr|Mach Punch|p1a: Torkoal\n|-damage|p1a: Torkoal|0 fnt\n|faint|p1a: Torkoal\n|\n|win|Riverlow\n|raw|eevee1ynn's rating: 1166 &rarr; <strong>1142</strong><br />(-24 for losing)\n|raw|Riverlow's rating: 1184 &rarr; <strong>1208</strong><br />(+24 for winning)\n",
  "uploadtime": 1776199475,
  "views": 16,
  "formatid": "gen9championsvgc2026regma",
  "rating": 1142,
  "private": 0,
  "password": null
}