{
  "id": "gen9championsvgc2026regma-2582176941",
  "format": "[Gen 9 Champions] VGC 2026 Reg M-A",
  "players": [
    "fsdfsdsfdsfddsfdfs",
    "tho0o"
  ],
  "log": "|j|\u2606fsdfsdsfdsfddsfdfs\n|j|\u2606tho0o\n|t:|1776067736\n|gametype|doubles\n|player|p1|fsdfsdsfdsfddsfdfs|102|1074\n|player|p2|tho0o|170|1104\n|gen|9\n|tier|[Gen 9 Champions] VGC 2026 Reg M-A\n|rated|\n|rule|Species Clause: Limit one of each Pok\u00e9mon\n|rule|Item Clause: Limit 1 of each item\n|clearpoke\n|poke|p1|Excadrill, L50, M|\n|poke|p1|Dragapult, L50, F|\n|poke|p1|Sneasler, L50, M|\n|poke|p1|Incineroar, L50, F|\n|poke|p1|Glimmora, L50, F|\n|poke|p1|Froslass, L50, F|\n|poke|p2|Kingambit, L50, M|\n|poke|p2|Gengar, L50, F|\n|poke|p2|Vivillon, L50, M|\n|poke|p2|Politoed, L50, M|\n|poke|p2|Incineroar, L50, F|\n|poke|p2|Basculegion, L50, M|\n|teampreview|4\n|inactive|Battle timer is ON: inactive players will automatically lose when time's up. (requested by tho0o)\n|inactive|fsdfsdsfdsfddsfdfs has 60 seconds left.\n|\n|t:|1776067782\n|teamsize|p1|4\n|teamsize|p2|4\n|start\n|switch|p1a: Dragapult|Dragapult, L50, F|100/100\n|switch|p1b: Froslass|Froslass, L50, F|100/100\n|switch|p2a: Politoed|Politoed, L50, M|100/100\n|switch|p2b: Basculegion|Basculegion, L50, M|100/100\n|-weather|RainDance|[from] ability: Drizzle|[of] p2a: Politoed\n|turn|1\n|\n|t:|1776067805\n|detailschange|p1b: Froslass|Froslass-Mega, L50, F\n|-mega|p1b: Froslass|Froslass|Froslassite\n|-weather|Snowscape|[from] ability: Snow Warning|[of] p1b: Froslass\n|move|p2a: Politoed|Protect|p2a: Politoed\n|-singleturn|p2a: Politoed|Protect\n|move|p1a: Dragapult|Thunderbolt|p2b: Basculegion\n|-supereffective|p2b: Basculegion|1\n|-damage|p2b: Basculegion|38/100\n|move|p1b: Froslass|Thunderbolt|p2b: Basculegion\n|-supereffective|p2b: Basculegion|1\n|-damage|p2b: Basculegion|0 fnt\n|faint|p2b: Basculegion\n|\n|-weather|Snowscape|[upkeep]\n|upkeep\n|\n|t:|1776067816\n|switch|p2b: Kingambit|Kingambit, L50, M|100/100\n|turn|2\n|\n|t:|1776067822\n|switch|p1b: Sneasler|Sneasler, L50, M|100/100\n|move|p1a: Dragapult|Protect|p1a: Dragapult\n|-singleturn|p1a: Dragapult|Protect\n|move|p2a: Politoed|Perish Song|p2a: Politoed\n|-start|p1a: Dragapult|perish3|[silent]\n|-start|p1b: Sneasler|perish3|[silent]\n|-start|p2a: Politoed|perish3|[silent]\n|-start|p2b: Kingambit|perish3|[silent]\n|-fieldactivate|move: Perish Song\n|move|p2b: Kingambit|Kowtow Cleave|p1b: Sneasler\n|-resisted|p1b: Sneasler|1\n|-damage|p1b: Sneasler|50/100\n|-enditem|p1b: Sneasler|Sitrus Berry|[eat]\n|-heal|p1b: Sneasler|75/100|[from] item: Sitrus Berry\n|\n|-weather|Snowscape|[upkeep]\n|-start|p1b: Sneasler|perish3\n|-start|p1a: Dragapult|perish3\n|-start|p2a: Politoed|perish3\n|-start|p2b: Kingambit|perish3\n|upkeep\n|turn|3\n|\n|t:|1776067846\n|switch|p1b: Froslass|Froslass-Mega, L50, F|100/100\n|switch|p1a: Incineroar|Incineroar, L50, F|100/100\n|move|p2b: Kingambit|Protect|p2b: Kingambit\n|-singleturn|p2b: Kingambit|Protect\n|move|p2a: Politoed|Weather Ball|p1a: Incineroar\n|-resisted|p1a: Incineroar|1\n|-damage|p1a: Incineroar|91/100\n|\n|-weather|Snowscape|[upkeep]\n|-heal|p1a: Incineroar|97/100|[from] item: Leftovers\n|-start|p2a: Politoed|perish2\n|-start|p2b: Kingambit|perish2\n|upkeep\n|turn|4\n|inactive|fsdfsdsfdsfddsfdfs has 30 seconds left.\n|\n|t:|1776067874\n|switch|p2a: Incineroar|Incineroar, L50, F|100/100\n|-ability|p2a: Incineroar|Intimidate|boost\n|-unboost|p1a: Incineroar|atk|1\n|-unboost|p1b: Froslass|atk|1\n|move|p1a: Incineroar|Fake Out|p2b: Kingambit\n|-resisted|p2b: Kingambit|1\n|-damage|p2b: Kingambit|98/100\n|cant|p2b: Kingambit|flinch\n|move|p1b: Froslass|Thunderbolt|p2b: Kingambit\n|-damage|p2b: Kingambit|64/100\n|\n|-weather|Snowscape|[upkeep]\n|-heal|p1a: Incineroar|100/100|[from] item: Leftovers\n|-start|p2b: Kingambit|perish1\n|upkeep\n|turn|5\n|\n|t:|1776067901\n|switch|p1b: Sneasler|Sneasler, L50, M|75/100\n|switch|p2b: Politoed|Politoed, L50, M|100/100\n|-weather|RainDance|[from] ability: Drizzle|[of] p2b: Politoed\n|move|p1a: Incineroar|Protect|p1a: Incineroar\n|-singleturn|p1a: Incineroar|Protect\n|move|p2a: Incineroar|Fake Out|p1a: Incineroar\n|-activate|p1a: Incineroar|move: Protect\n|\n|-weather|RainDance|[upkeep]\n|upkeep\n|turn|6\n|inactive|fsdfsdsfdsfddsfdfs has 30 seconds left.\n|inactive|fsdfsdsfdsfddsfdfs has 20 seconds left.\n|\n|t:|1776067941\n|move|p1b: Sneasler|Close Combat|p2a: Incineroar\n|-supereffective|p2a: Incineroar|1\n|-damage|p2a: Incineroar|8/100\n|-unboost|p1b: Sneasler|def|1\n|-unboost|p1b: Sneasler|spd|1\n|-enditem|p2a: Incineroar|Sitrus Berry|[eat]\n|-heal|p2a: Incineroar|33/100|[from] item: Sitrus Berry\n|move|p1a: Incineroar|Darkest Lariat|p2a: Incineroar\n|-resisted|p2a: Incineroar|1\n|-damage|p2a: Incineroar|25/100\n|move|p2b: Politoed|Weather Ball|p1b: Sneasler\n|-damage|p1b: Sneasler|0 fnt\n|faint|p1b: Sneasler\n|move|p2a: Incineroar|Throat Chop|p1a: Incineroar\n|-resisted|p1a: Incineroar|1\n|-damage|p1a: Incineroar|87/100\n|-start|p1a: Incineroar|Throat Chop|[silent]\n|\n|-weather|RainDance|[upkeep]\n|-heal|p1a: Incineroar|93/100|[from] item: Leftovers\n|upkeep\n|inactive|fsdfsdsfdsfddsfdfs has 30 seconds left.\n|\n|t:|1776067970\n|switch|p1b: Dragapult|Dragapult, L50, F|100/100\n|turn|7\n|inactive|fsdfsdsfdsfddsfdfs has 30 seconds left.\n|inactive|tho0o has 30 seconds left.\n|inactive|fsdfsdsfdsfddsfdfs has 20 seconds left.\n|inactive|tho0o has 20 seconds left.\n|inactive|tho0o has 15 seconds left.\n|inactive|tho0o has 10 seconds left.\n|inactive|tho0o has 5 seconds left.\n|\n|t:|1776068025\n|move|p1b: Dragapult|Thunderbolt|p2a: Incineroar\n|-damage|p2a: Incineroar|0 fnt\n|faint|p2a: Incineroar\n|move|p1a: Incineroar|Darkest Lariat|p2b: Politoed\n|-damage|p2b: Politoed|79/100\n|move|p2b: Politoed|Weather Ball|p1a: Incineroar\n|-supereffective|p1a: Incineroar|1\n|-damage|p1a: Incineroar|9/100\n|\n|-weather|RainDance|[upkeep]\n|-heal|p1a: Incineroar|15/100|[from] item: Leftovers\n|-heal|p2b: Politoed|85/100|[from] item: Leftovers\n|-end|p1a: Incineroar|Throat Chop|[silent]\n|upkeep\n|\n|t:|1776068036\n|switch|p2a: Kingambit|Kingambit, L50, M|64/100\n|turn|8\n|inactive|fsdfsdsfdsfddsfdfs has 30 seconds left.\n|\n|t:|1776068061\n|move|p1b: Dragapult|Protect|p1b: Dragapult\n|-singleturn|p1b: Dragapult|Protect\n|move|p1a: Incineroar|Protect|p1a: Incineroar\n|-singleturn|p1a: Incineroar|Protect\n|move|p2b: Politoed|Protect|p2b: Politoed\n|-singleturn|p2b: Politoed|Protect\n|move|p2a: Kingambit|Sucker Punch||[still]\n|-fail|p2a: Kingambit\n|\n|-weather|RainDance|[upkeep]\n|-heal|p1a: Incineroar|21/100|[from] item: Leftovers\n|-heal|p2b: Politoed|91/100|[from] item: Leftovers\n|upkeep\n|turn|9\n|inactive|fsdfsdsfdsfddsfdfs has 30 seconds left.\n|inactive|fsdfsdsfdsfddsfdfs has 20 seconds left.\n|\n|t:|1776068101\n|switch|p1b: Froslass|Froslass-Mega, L50, F|100/100\n|-weather|Snowscape|[from] ability: Snow Warning|[of] p1b: Froslass\n|move|p2a: Kingambit|Sucker Punch||[still]\n|-fail|p2a: Kingambit\n|move|p1a: Incineroar|Flare Blitz|p2a: Kingambit\n|-supereffective|p2a: Kingambit|1\n|-damage|p2a: Kingambit|0 fnt\n|faint|p2a: Kingambit\n|-damage|p1a: Incineroar|0 fnt|[from] Recoil\n|faint|p1a: Incineroar\n|move|p2b: Politoed|Weather Ball|p1b: Froslass\n|-resisted|p1b: Froslass|1\n|-damage|p1b: Froslass|87/100\n|\n|-weather|Snowscape|[upkeep]\n|-heal|p2b: Politoed|97/100|[from] item: Leftovers\n|upkeep\n|\n|t:|1776068104\n|switch|p1a: Dragapult|Dragapult, L50, F|100/100\n|turn|10\n|\n|t:|1776068111\n|move|p1a: Dragapult|Thunderbolt|p2b: Politoed\n|-supereffective|p2b: Politoed|1\n|-damage|p2b: Politoed|55/100\n|move|p1b: Froslass|Thunderbolt|p2b: Politoed\n|-supereffective|p2b: Politoed|1\n|-damage|p2b: Politoed|6/100\n|move|p2b: Politoed|Weather Ball|p1a: Dragapult\n|-supereffective|p1a: Dragapult|1\n|-crit|p1a: Dragapult\n|-damage|p1a: Dragapult|11/100\n|\n|-weather|Snowscape|[upkeep]\n|-heal|p2b: Politoed|12/100|[from] item: Leftovers\n|upkeep\n|turn|11\n|-message|tho0o forfeited.\n|\n|win|fsdfsdsfdsfddsfdfs\n|raw|fsdfsdsfdsfddsfdfs's rating: 1074 &rarr; <strong>1105</strong><br />(+31 for winning)\n|raw|tho0o's rating: 1104 &rarr; <strong>1077</strong><br />(-27 for losing)\n|l|\u2606tho0o\n|player|p2|\n",
  "uploadtime": 1776068129,
  "views": 16,
  "formatid": "gen9championsvgc2026regma",
  "rating": 1077,
  "private": 0,
  "password": null
}