{
  "id": "gen9championsvgc2026regma-2581229593",
  "format": "[Gen 9 Champions] VGC 2026 Reg M-A",
  "players": [
    "JasmineThia",
    "huygg"
  ],
  "log": "|j|\u2606JasmineThia\n|j|\u2606huygg\n|t:|1775973562\n|gametype|doubles\n|player|p1|JasmineThia|selene-masters2|1218\n|player|p2|huygg|elesa|1321\n|gen|9\n|tier|[Gen 9 Champions] VGC 2026 Reg M-A\n|rated|\n|rule|Species Clause: Limit one of each Pok\u00e9mon\n|rule|Item Clause: Limit 1 of each item\n|clearpoke\n|poke|p1|Meowscarada, L50, M|\n|poke|p1|Kommo-o, L50, M|\n|poke|p1|Rotom-Wash, L50|\n|poke|p1|Gengar, L50, F|\n|poke|p1|Whimsicott, L50, F|\n|poke|p1|Arcanine-Hisui, L50, M|\n|poke|p2|Tyranitar, L50, M|\n|poke|p2|Sinistcha, L50|\n|poke|p2|Aerodactyl, L50, F|\n|poke|p2|Sneasler, L50, M|\n|poke|p2|Excadrill, L50, F|\n|poke|p2|Rotom-Wash, L50|\n|teampreview|4\n|inactive|Battle timer is ON: inactive players will automatically lose when time's up. (requested by JasmineThia)\n|\n|t:|1775973589\n|teamsize|p1|4\n|teamsize|p2|4\n|start\n|switch|p1a: Whimsicott|Whimsicott, L50, F|100/100\n|switch|p1b: Meowscarada|Meowscarada, L50, M|100/100\n|switch|p2a: Tyranitar|Tyranitar, L50, M|100/100\n|switch|p2b: Sneasler|Sneasler, L50, M|100/100\n|-weather|Sandstorm|[from] ability: Sand Stream|[of] p2a: Tyranitar\n|turn|1\n|inactive|huygg has 30 seconds left.\n|\n|t:|1775973621\n|detailschange|p2a: Tyranitar|Tyranitar-Mega, L50, M\n|-mega|p2a: Tyranitar|Tyranitar|Tyranitarite\n|move|p2b: Sneasler|Fake Out|p1b: Meowscarada\n|-damage|p1b: Meowscarada|75/100\n|move|p1a: Whimsicott|Tailwind|p1a: Whimsicott\n|-sidestart|p1: JasmineThia|move: Tailwind\n|cant|p1b: Meowscarada|flinch\n|move|p2a: Tyranitar|Rock Slide|p1a: Whimsicott|[spread] p1a,p1b\n|-damage|p1a: Whimsicott|38/100\n|-damage|p1b: Meowscarada|19/100\n|\n|-weather|Sandstorm|[upkeep]\n|-damage|p1a: Whimsicott|32/100|[from] Sandstorm\n|-damage|p1b: Meowscarada|13/100|[from] Sandstorm\n|-damage|p2b: Sneasler|95/100|[from] Sandstorm\n|upkeep\n|turn|2\n|l|\u2606JasmineThia\n|inactive|JasmineThia disconnected and has a minute to reconnect!\n|player|p1|\n|inactive|JasmineThia has 30 seconds left.\n|j|\u2606JasmineThia\n|inactive|JasmineThia reconnected and has 25 seconds left.\n|player|p1|JasmineThia|selene-masters2|\n|inactive|JasmineThia has 20 seconds left.\n|inactive|huygg has 30 seconds left.\n|inactive|JasmineThia has 15 seconds left.\n|inactive|JasmineThia has 10 seconds left.\n|\n|t:|1775973667\n|switch|p2b: Aerodactyl|Aerodactyl, L50, F|100/100\n|-ability|p2b: Aerodactyl|Unnerve\n|move|p2a: Tyranitar|Protect|p2a: Tyranitar\n|-singleturn|p2a: Tyranitar|Protect\n|move|p1a: Whimsicott|Encore||[still]\n|-fail|p1a: Whimsicott\n|move|p1b: Meowscarada|Low Kick|p2a: Tyranitar\n|-activate|p2a: Tyranitar|move: Protect\n|\n|-weather|Sandstorm|[upkeep]\n|-damage|p1a: Whimsicott|26/100|[from] Sandstorm\n|-damage|p1b: Meowscarada|7/100|[from] Sandstorm\n|upkeep\n|turn|3\n|\n|t:|1775973692\n|switch|p2a: Sneasler|Sneasler, L50, M|95/100\n|move|p1a: Whimsicott|Moonblast|p2b: Aerodactyl\n|-damage|p2b: Aerodactyl|69/100\n|-unboost|p2b: Aerodactyl|spa|1\n|move|p1b: Meowscarada|Flower Trick|p2b: Aerodactyl\n|-crit|p2b: Aerodactyl\n|-damage|p2b: Aerodactyl|0 fnt\n|faint|p2b: Aerodactyl\n|\n|-weather|Sandstorm|[upkeep]\n|-damage|p1a: Whimsicott|20/100|[from] Sandstorm\n|-damage|p1b: Meowscarada|1/100|[from] Sandstorm\n|-damage|p2a: Sneasler|89/100|[from] Sandstorm\n|upkeep\n|\n|t:|1775973709\n|switch|p2b: Tyranitar|Tyranitar-Mega, L50, M|100/100\n|turn|4\n|inactive|huygg has 30 seconds left.\n|l|\u2606JasmineThia\n|inactive|JasmineThia disconnected and has a minute to reconnect!\n|player|p1|\n|\n|t:|1775973739\n|switch|p1b: Kommo-o|Kommo-o, L50, M|100/100\n|move|p2a: Sneasler|Fake Out|p1b: Kommo-o\n|-damage|p1b: Kommo-o|89/100\n|move|p1a: Whimsicott|Charm|p2a: Sneasler\n|-unboost|p2a: Sneasler|atk|2\n|-enditem|p2a: Sneasler|White Herb\n|-clearnegativeboost|p2a: Sneasler|[silent]\n|move|p2b: Tyranitar|Dragon Dance|p2b: Tyranitar\n|-boost|p2b: Tyranitar|atk|1\n|-boost|p2b: Tyranitar|spe|1\n|\n|-weather|Sandstorm|[upkeep]\n|-damage|p1a: Whimsicott|15/100|[from] Sandstorm\n|-damage|p2a: Sneasler|83/100|[from] Sandstorm\n|-heal|p1b: Kommo-o|95/100|[from] item: Leftovers\n|-sideend|p1: JasmineThia|move: Tailwind\n|upkeep\n|turn|5\n|inactive|JasmineThia has 30 seconds left.\n|inactive|huygg has 30 seconds left.\n|inactive|JasmineThia has 20 seconds left.\n|inactive|huygg has 20 seconds left.\n|inactive|JasmineThia has 15 seconds left.\n|inactive|huygg has 15 seconds left.\n|j|\u2606JasmineThia\n|inactive|JasmineThia reconnected and has 15 seconds left.\n|player|p1|JasmineThia|selene-masters2|\n|inactive|JasmineThia has 10 seconds left.\n|\n|t:|1775973789\n|move|p2b: Tyranitar|Protect|p2b: Tyranitar\n|-singleturn|p2b: Tyranitar|Protect\n|move|p1a: Whimsicott|Tailwind|p1a: Whimsicott\n|-sidestart|p1: JasmineThia|move: Tailwind\n|move|p2a: Sneasler|Close Combat|p1b: Kommo-o\n|-damage|p1b: Kommo-o|44/100\n|-unboost|p2a: Sneasler|def|1\n|-unboost|p2a: Sneasler|spd|1\n|move|p1b: Kommo-o|Body Press|p2b: Tyranitar\n|-activate|p2b: Tyranitar|move: Protect\n|\n|-weather|none\n|-heal|p1b: Kommo-o|50/100|[from] item: Leftovers\n|upkeep\n|turn|6\n|\n|t:|1775973809\n|move|p1a: Whimsicott|Charm|p2a: Sneasler\n|-unboost|p2a: Sneasler|atk|2\n|move|p2a: Sneasler|Close Combat|p1b: Kommo-o\n|-damage|p1b: Kommo-o|23/100\n|-unboost|p2a: Sneasler|def|1\n|-unboost|p2a: Sneasler|spd|1\n|move|p1b: Kommo-o|Body Press|p2b: Tyranitar\n|-supereffective|p2b: Tyranitar|2\n|-damage|p2b: Tyranitar|0 fnt\n|faint|p2b: Tyranitar\n|\n|-heal|p1b: Kommo-o|29/100|[from] item: Leftovers\n|upkeep\n|\n|t:|1775973820\n|switch|p2b: Excadrill|Excadrill, L50, F|100/100\n|turn|7\n|inactive|JasmineThia has 30 seconds left.\n|inactive|huygg has 30 seconds left.\n|\n|t:|1775973857\n|move|p2b: Excadrill|Protect|p2b: Excadrill\n|-singleturn|p2b: Excadrill|Protect\n|move|p1a: Whimsicott|Charm|p2b: Excadrill\n|-activate|p2b: Excadrill|move: Protect\n|move|p2a: Sneasler|Dire Claw|p1a: Whimsicott\n|-supereffective|p1a: Whimsicott|2\n|-damage|p1a: Whimsicott|0 fnt\n|faint|p1a: Whimsicott\n|move|p1b: Kommo-o|Iron Defense|p1b: Kommo-o\n|-boost|p1b: Kommo-o|def|2\n|\n|-heal|p1b: Kommo-o|35/100|[from] item: Leftovers\n|upkeep\n|\n|t:|1775973874\n|switch|p1a: Arcanine|Arcanine-Hisui, L50, M|100/100\n|-ability|p1a: Arcanine|Intimidate|boost\n|-unboost|p2a: Sneasler|atk|1\n|-unboost|p2b: Excadrill|atk|1\n|turn|8\n|\n|t:|1775973891\n|move|p1a: Arcanine|Flare Blitz|p2a: Sneasler\n|-damage|p2a: Sneasler|0 fnt\n|faint|p2a: Sneasler\n|-damage|p1a: Arcanine|75/100|[from] Recoil\n|move|p1b: Kommo-o|Body Press|p2b: Excadrill\n|-supereffective|p2b: Excadrill|1\n|-damage|p2b: Excadrill|0 fnt\n|faint|p2b: Excadrill\n|\n|win|JasmineThia\n|raw|JasmineThia's rating: 1218 &rarr; <strong>1250</strong><br />(+32 for winning)\n|raw|huygg's rating: 1321 &rarr; <strong>1295</strong><br />(-26 for losing)\n",
  "uploadtime": 1775973898,
  "views": 43,
  "formatid": "gen9championsvgc2026regma",
  "rating": 1250,
  "private": 0,
  "password": null
}