{
  "id": "gen9championsvgc2026regma-2583566133",
  "format": "[Gen 9 Champions] VGC 2026 Reg M-A",
  "players": [
    "Saltsizzle",
    "Mirthinion"
  ],
  "log": "|j|\u2606Saltsizzle\n|j|\u2606Mirthinion\n|t:|1776183699\n|gametype|doubles\n|player|p1|Saltsizzle|swimmerf|1122\n|player|p2|Mirthinion|janitor|1129\n|gen|9\n|tier|[Gen 9 Champions] VGC 2026 Reg M-A\n|rated|\n|rule|Species Clause: Limit one of each Pok\u00e9mon\n|rule|Item Clause: Limit 1 of each item\n|clearpoke\n|poke|p1|Mimikyu, L50, M|\n|poke|p1|Sableye, L50, F|\n|poke|p1|Farigiraf, L50, F|\n|poke|p1|Torkoal, L50, F|\n|poke|p1|Crabominable, L50, M|\n|poke|p1|Dragapult, L50, F|\n|poke|p2|Tyranitar, L50, M|\n|poke|p2|Lycanroc, L50, M|\n|poke|p2|Primarina, L50, F|\n|poke|p2|Corviknight, L50, M|\n|poke|p2|Kommo-o, L50, M|\n|poke|p2|Incineroar, L50, M|\n|teampreview|4\n|inactive|Battle timer is ON: inactive players will automatically lose when time's up. (requested by Mirthinion)\nMirthinion rejected open team sheets.\n|inactive|Saltsizzle has 60 seconds left.\n|inactive|Mirthinion has 60 seconds left.\n|\n|t:|1776183755\n|teamsize|p1|4\n|teamsize|p2|4\n|start\n|switch|p1a: Mimikyu|Mimikyu, L50, M, shiny|100/100\n|switch|p1b: Dragapult|Dragapult, L50, F, shiny|100/100\n|switch|p2a: Incineroar|Incineroar, L50, M|100/100\n|switch|p2b: Primarina|Primarina, L50, F|100/100\n|turn|1\n|inactive|Saltsizzle has 30 seconds left.\n|-activate|p2b: Primarina|item: Quick Claw\n|\n|t:|1776183781\n|move|p2b: Primarina|Hyper Voice|p1a: Mimikyu|[spread] p1a,p1b\n|-resisted|p1b: Dragapult|1\n|-activate|p1a: Mimikyu|ability: Disguise\n|-damage|p1a: Mimikyu|100/100\n|-damage|p1b: Dragapult|79/100\n|detailschange|p1a: Mimikyu|Mimikyu-Busted, L50, M, shiny\n|-damage|p1a: Mimikyu|88/100|[from] pokemon: Mimikyu-Busted\n|move|p1b: Dragapult|Dragon Darts|p2a: Incineroar\n|-damage|p2a: Incineroar|81/100\n|-anim|p1b: Dragapult|Dragon Darts|p2a: Incineroar\n|-damage|p2a: Incineroar|62/100\n|move|p2a: Incineroar|Will-O-Wisp|p1b: Dragapult\n|-status|p1b: Dragapult|brn\n|move|p1a: Mimikyu|Trick Room|p1a: Mimikyu\n|-fieldstart|move: Trick Room|[of] p1a: Mimikyu\n|\n|-damage|p1b: Dragapult|73/100 brn|[from] brn\n|upkeep\n|turn|2\n|inactive|Mirthinion has 30 seconds left.\n|\n|t:|1776183807\n|move|p2a: Incineroar|Will-O-Wisp|p1a: Mimikyu\n|-status|p1a: Mimikyu|brn\n|move|p1a: Mimikyu|Curse|p2b: Primarina\n|-start|p2b: Primarina|Curse|[of] p1a: Mimikyu\n|-damage|p1a: Mimikyu|38/100 brn\n|move|p2b: Primarina|Hyper Voice|p1b: Dragapult|[spread] p1a,p1b\n|-resisted|p1b: Dragapult|1\n|-damage|p1a: Mimikyu|2/100 brn\n|-damage|p1b: Dragapult|47/100 brn\n|move|p1b: Dragapult|Dragon Darts|p2a: Incineroar\n|-damage|p2a: Incineroar|53/100\n|-anim|p1b: Dragapult|Dragon Darts|p2a: Incineroar\n|-damage|p2a: Incineroar|43/100\n|\n|-damage|p1a: Mimikyu|0 fnt|[from] brn\n|faint|p1a: Mimikyu\n|-damage|p1b: Dragapult|41/100 brn|[from] brn\n|-damage|p2b: Primarina|76/100|[from] Curse\n|upkeep\n|\n|t:|1776183829\n|switch|p1a: Torkoal|Torkoal, L50, F|100/100\n|-weather|SunnyDay|[from] ability: Drought|[of] p1a: Torkoal\n|turn|3\n|\n|t:|1776183838\n|switch|p2b: Tyranitar|Tyranitar, L50, M|100/100\n|-weather|Sandstorm|[from] ability: Sand Stream|[of] p2b: Tyranitar\n|move|p1a: Torkoal|Eruption|p2b: Tyranitar|[spread] p2a,p2b\n|-resisted|p2a: Incineroar|1\n|-resisted|p2b: Tyranitar|1\n|-damage|p2a: Incineroar|18/100\n|-damage|p2b: Tyranitar|80/100\n|move|p2a: Incineroar|Parting Shot|p1a: Torkoal\n|-unboost|p1a: Torkoal|atk|1\n|-unboost|p1a: Torkoal|spa|1\n|\n|t:|1776183849\n|switch|p2a: Primarina|Primarina, L50, F|76/100|[from] Parting Shot\n|move|p1b: Dragapult|U-turn|p2a: Primarina\n|-resisted|p2a: Primarina|1\n|-damage|p2a: Primarina|68/100\n|\n|t:|1776183856\n|switch|p1b: Crabominable|Crabominable, L50, M|100/100|[from] U-turn\n|\n|-weather|Sandstorm|[upkeep]\n|-damage|p1a: Torkoal|94/100|[from] Sandstorm\n|-damage|p1b: Crabominable|95/100|[from] Sandstorm\n|-damage|p2a: Primarina|62/100|[from] Sandstorm\n|upkeep\n|turn|4\n|\n|t:|1776183871\n|switch|p1a: Dragapult|Dragapult, L50, F, shiny|41/100 brn\n|switch|p2b: Incineroar|Incineroar, L50, M|18/100\n|detailschange|p1b: Crabominable|Crabominable-Mega, L50, M\n|-mega|p1b: Crabominable|Crabominable|Crabominite\n|move|p1b: Crabominable|Drain Punch|p2b: Incineroar\n|-supereffective|p2b: Incineroar|1\n|-enditem|p2b: Incineroar|Chople Berry|[eat]\n|-enditem|p2b: Incineroar|Chople Berry|[weaken]\n|-damage|p2b: Incineroar|0 fnt\n|-heal|p1b: Crabominable|100/100|[from] drain|[of] p2b: Incineroar\n|faint|p2b: Incineroar\n|move|p2a: Primarina|Moonblast|p1b: Crabominable\n|-supereffective|p1b: Crabominable|1\n|-damage|p1b: Crabominable|18/100\n|\n|-weather|Sandstorm|[upkeep]\n|-damage|p1b: Crabominable|12/100|[from] Sandstorm\n|-damage|p2a: Primarina|56/100|[from] Sandstorm\n|-damage|p1a: Dragapult|35/100 brn|[from] Sandstorm\n|-damage|p1a: Dragapult|29/100 brn|[from] brn\n|upkeep\n|\n|t:|1776183888\n|switch|p2b: Corviknight|Corviknight, L50, M|100/100\n|turn|5\n|\n|t:|1776183908\n|move|p2a: Primarina|Protect|p2a: Primarina\n|-singleturn|p2a: Primarina|Protect\n|move|p1b: Crabominable|Drain Punch|p2b: Corviknight\n|-damage|p2b: Corviknight|52/100\n|-heal|p1b: Crabominable|37/100|[from] drain|[of] p2b: Corviknight\n|move|p2b: Corviknight|Tailwind|p2b: Corviknight\n|-sidestart|p2: Mirthinion|move: Tailwind\n|move|p1a: Dragapult|U-turn|p2a: Primarina\n|-activate|p2a: Primarina|move: Protect\n|\n|-weather|Sandstorm|[upkeep]\n|-damage|p1b: Crabominable|31/100|[from] Sandstorm\n|-damage|p1a: Dragapult|23/100 brn|[from] Sandstorm\n|-damage|p2a: Primarina|50/100|[from] Sandstorm\n|-damage|p1a: Dragapult|17/100 brn|[from] brn\n|-fieldend|move: Trick Room\n|upkeep\n|turn|6\n|\n|t:|1776183929\n|move|p1b: Crabominable|Protect|p1b: Crabominable\n|-singleturn|p1b: Crabominable|Protect\n|move|p2a: Primarina|Moonblast|p1b: Crabominable\n|-activate|p1b: Crabominable|move: Protect\n|move|p1a: Dragapult|U-turn|p2a: Primarina\n|-resisted|p2a: Primarina|1\n|-damage|p2a: Primarina|43/100\n|\n|t:|1776183937\n|switch|p1a: Torkoal|Torkoal, L50, F|94/100|[from] U-turn\n|-weather|SunnyDay|[from] ability: Drought|[of] p1a: Torkoal\n|move|p2b: Corviknight|Brave Bird|p1a: Torkoal\n|-damage|p1a: Torkoal|67/100\n|-damage|p2b: Corviknight|44/100|[from] Recoil\n|-enditem|p2b: Corviknight|Sitrus Berry|[eat]\n|-heal|p2b: Corviknight|69/100|[from] item: Sitrus Berry\n|\n|-weather|SunnyDay|[upkeep]\n|upkeep\n|turn|7\n|\n|t:|1776183955\n|switch|p2b: Tyranitar|Tyranitar, L50, M|80/100\n|-weather|Sandstorm|[from] ability: Sand Stream|[of] p2b: Tyranitar\n|switch|p1b: Dragapult|Dragapult, L50, F, shiny|17/100 brn\n|move|p2a: Primarina|Hyper Voice|p1b: Dragapult|[spread] p1a,p1b\n|-supereffective|p1a: Torkoal|1\n|-resisted|p1b: Dragapult|1\n|-damage|p1a: Torkoal|0 fnt\n|-damage|p1b: Dragapult|0 fnt\n|faint|p1a: Torkoal\n|faint|p1b: Dragapult\n|\n|-weather|Sandstorm|[upkeep]\n|-damage|p2a: Primarina|37/100|[from] Sandstorm\n|upkeep\n|\n|t:|1776183960\n|switch|p1b: Crabominable|Crabominable-Mega, L50, M|31/100\n|turn|8\n|-activate|p2a: Primarina|item: Quick Claw\n|\n|t:|1776183977\n|switch|p2b: Corviknight|Corviknight, L50, M|69/100\n|move|p1b: Crabominable|Mach Punch|p2b: Corviknight\n|-damage|p2b: Corviknight|47/100\n|move|p2a: Primarina|Moonblast|p1b: Crabominable\n|-supereffective|p1b: Crabominable|1\n|-damage|p1b: Crabominable|0 fnt\n|faint|p1b: Crabominable\n|\n|win|Mirthinion\n|raw|Saltsizzle's rating: 1122 &rarr; <strong>1098</strong><br />(-24 for losing)\n|raw|Mirthinion's rating: 1129 &rarr; <strong>1153</strong><br />(+24 for winning)\n|l|\u2606Saltsizzle\n|player|p1|\n",
  "uploadtime": 1776183988,
  "views": 15,
  "formatid": "gen9championsvgc2026regma",
  "rating": 1098,
  "private": 0,
  "password": null
}