{
  "id": "gen9championsvgc2026regma-2587729703",
  "format": "[Gen 9 Champions] VGC 2026 Reg M-A",
  "players": [
    "nyloc",
    "finn_omega"
  ],
  "log": "|j|\u2606nyloc\n|j|\u2606finn_omega\n|t:|1776558162\n|gametype|doubles\n|player|p1|nyloc|cilan|1159\n|player|p2|finn_omega|ethan|1117\n|gen|9\n|tier|[Gen 9 Champions] VGC 2026 Reg M-A\n|rated|\n|rule|Species Clause: Limit one of each Pok\u00e9mon\n|rule|Item Clause: Limit 1 of each item\n|clearpoke\n|poke|p1|Runerigus, L50, F, shiny|\n|poke|p1|Incineroar, L50, F|\n|poke|p1|Ampharos, L50, M|\n|poke|p1|Kingambit, L50, F|\n|poke|p1|Primarina, L50, F, shiny|\n|poke|p1|Golurk, L50, shiny|\n|poke|p2|Whimsicott, L50, F|\n|poke|p2|Farigiraf, L50, F|\n|poke|p2|Camerupt, L50, F|\n|poke|p2|Clawitzer, L50, M|\n|poke|p2|Kingambit, L50, F, shiny|\n|poke|p2|Sinistcha, L50|\n|teampreview|4\n|inactive|Battle timer is ON: inactive players will automatically lose when time's up. (requested by nyloc)\n|inactive|nyloc has 60 seconds left.\n|\n|t:|1776558207\n|teamsize|p1|4\n|teamsize|p2|4\n|start\n|switch|p1a: Runerigus|Runerigus, L50, F, shiny|100/100\n|switch|p1b: Incineroar|Incineroar, L50, F|100/100\n|switch|p2a: Farigiraf|Farigiraf, L50, F|100/100\n|switch|p2b: Clawitzer|Clawitzer, L50, M|100/100\n|-ability|p1b: Incineroar|Intimidate|boost\n|-unboost|p2a: Farigiraf|atk|1\n|-unboost|p2b: Clawitzer|atk|1\n|turn|1\n|inactive|nyloc has 30 seconds left.\n|inactive|nyloc has 20 seconds left.\n|\n|t:|1776558243\n|move|p1b: Incineroar|Throat Chop|p2a: Farigiraf\n|-supereffective|p2a: Farigiraf|1\n|-damage|p2a: Farigiraf|13/100\n|-start|p2a: Farigiraf|Throat Chop|[silent]\n|-enditem|p2a: Farigiraf|Sitrus Berry|[eat]\n|-heal|p2a: Farigiraf|38/100|[from] item: Sitrus Berry\n|move|p2b: Clawitzer|Dark Pulse|p1a: Runerigus\n|-supereffective|p1a: Runerigus|1\n|-damage|p1a: Runerigus|15/100\n|move|p2a: Farigiraf|Trick Room|p2a: Farigiraf\n|-fieldstart|move: Trick Room|[of] p2a: Farigiraf\n|move|p1a: Runerigus|Trick Room|p1a: Runerigus\n|-fieldend|move: Trick Room\n|\n|-heal|p1a: Runerigus|20/100|[from] item: Leftovers\n|upkeep\n|turn|2\n|inactive|nyloc has 30 seconds left.\n|inactive|nyloc has 20 seconds left.\n|\n|t:|1776558281\n|switch|p2a: Kingambit|Kingambit, L50, F, shiny|100/100\n|switch|p1a: Primarina|Primarina, L50, F, shiny|100/100\n|move|p1b: Incineroar|Parting Shot|p2b: Clawitzer\n|-unboost|p2b: Clawitzer|atk|1\n|-unboost|p2b: Clawitzer|spa|1\n|\n|t:|1776558292\n|switch|p1b: Ampharos|Ampharos, L50, M|100/100|[from] Parting Shot\n|move|p2b: Clawitzer|Dark Pulse|p1a: Primarina\n|-resisted|p1a: Primarina|1\n|-damage|p1a: Primarina|87/100\n|\n|upkeep\n|turn|3\n|\n|t:|1776558308\n|switch|p2b: Camerupt|Camerupt, L50, F|100/100\n|detailschange|p1b: Ampharos|Ampharos-Mega, L50, M\n|-mega|p1b: Ampharos|Ampharos|Ampharosite\n|-ability|p1b: Ampharos|Mold Breaker\n|move|p1a: Primarina|Dazzling Gleam|p2b: Camerupt|[spread] p2a,p2b\n|-resisted|p2b: Camerupt|1\n|-damage|p2a: Kingambit|67/100\n|-damage|p2b: Camerupt|80/100\n|move|p2a: Kingambit|Iron Head|p1a: Primarina\n|-damage|p1a: Primarina|26/100\n|-heal|p2a: Kingambit|75/100|[from] item: Shell Bell|[of] p1a: Primarina\n|move|p1b: Ampharos|Volt Switch|p2b: Camerupt\n|-immune|p2b: Camerupt\n|\n|upkeep\n|turn|4\n|\n|t:|1776558330\n|switch|p2b: Farigiraf|Farigiraf, L50, F|38/100\n|move|p1a: Primarina|Flip Turn|p2b: Farigiraf\n|-damage|p2b: Farigiraf|18/100\n|\n|t:|1776558335\n|switch|p1a: Runerigus|Runerigus, L50, F, shiny|20/100|[from] Flip Turn\n|move|p2a: Kingambit|Iron Head|p1a: Runerigus\n|-damage|p1a: Runerigus|0 fnt\n|-activate|p2a: Kingambit|Skill Swap|Wandering Spirit|Supreme Overlord|[of] p1a: Runerigus\n|-end|p2a: Kingambit|fallenundefined|[silent]\n|faint|p1a: Runerigus\n|-end|p1a: Runerigus|fallenundefined|[silent]\n|-heal|p2a: Kingambit|77/100|[from] item: Shell Bell|[of] p1: Runerigus\n|move|p1b: Ampharos|Parabolic Charge|p2a: Kingambit|[spread] p2a,p2b\n|-damage|p2a: Kingambit|40/100\n|-damage|p2b: Farigiraf|0 fnt\n|faint|p2b: Farigiraf\n|\n|upkeep\n|\n|t:|1776558350\n|switch|p2b: Camerupt|Camerupt, L50, F|80/100\n|switch|p1a: Incineroar|Incineroar, L50, F|100/100\n|-ability|p1a: Incineroar|Intimidate|boost\n|-unboost|p2a: Kingambit|atk|1\n|-unboost|p2b: Camerupt|atk|1\n|turn|5\n|inactive|nyloc has 30 seconds left.\n|\n|t:|1776558382\n|detailschange|p2b: Camerupt|Camerupt-Mega, L50, F\n|-mega|p2b: Camerupt|Camerupt|Cameruptite\n|move|p2b: Camerupt|Protect|p2b: Camerupt\n|-singleturn|p2b: Camerupt|Protect\n|move|p1a: Incineroar|Fake Out|p2a: Kingambit\n|-resisted|p2a: Kingambit|1\n|-damage|p2a: Kingambit|35/100\n|-activate|p1a: Incineroar|Skill Swap|Wandering Spirit|Intimidate|[of] p2a: Kingambit\n|-ability|p2a: Kingambit|Intimidate|boost\n|-unboost|p1a: Incineroar|atk|1\n|-unboost|p1b: Ampharos|atk|1\n|cant|p2a: Kingambit|flinch\n|move|p1b: Ampharos|Power Gem|p2b: Camerupt\n|-activate|p2b: Camerupt|move: Protect\n|\n|upkeep\n|turn|6\n|\n|t:|1776558403\n|move|p1a: Incineroar|Parting Shot|p2b: Camerupt\n|-unboost|p2b: Camerupt|atk|1\n|-unboost|p2b: Camerupt|spa|1\n|\n|t:|1776558406\n|switch|p1a: Primarina|Primarina, L50, F, shiny|26/100|[from] Parting Shot\n|move|p2a: Kingambit|Iron Head|p1a: Primarina\n|-damage|p1a: Primarina|0 fnt\n|faint|p1a: Primarina\n|-heal|p2a: Kingambit|39/100|[from] item: Shell Bell|[of] p1: Primarina\n|move|p1b: Ampharos|Power Gem|p2b: Camerupt\n|-damage|p2b: Camerupt|47/100\n|move|p2b: Camerupt|Earth Power|p1b: Ampharos\n|-supereffective|p1b: Ampharos|1\n|-damage|p1b: Ampharos|17/100\n|\n|upkeep\n|\n|t:|1776558411\n|switch|p1a: Incineroar|Incineroar, L50, F|100/100\n|-ability|p1a: Incineroar|Intimidate|boost\n|-unboost|p2a: Kingambit|atk|1\n|-unboost|p2b: Camerupt|atk|1\n|turn|7\n|\n|t:|1776558427\n|switch|p2a: Clawitzer|Clawitzer, L50, M|100/100\n|move|p2b: Camerupt|Protect|p2b: Camerupt\n|-singleturn|p2b: Camerupt|Protect\n|move|p1a: Incineroar|Fake Out|p2b: Camerupt\n|-activate|p2b: Camerupt|move: Protect\n|move|p1b: Ampharos|Parabolic Charge|p2b: Camerupt|[spread] p1a,p2a\n|-activate|p2b: Camerupt|move: Protect\n|-supereffective|p2a: Clawitzer|1\n|-damage|p1a: Incineroar|71/100\n|-heal|p1b: Ampharos|35/100|[from] drain|[of] p1a: Incineroar\n|-damage|p2a: Clawitzer|36/100\n|-heal|p1b: Ampharos|66/100|[from] drain|[of] p2a: Clawitzer\n|\n|upkeep\n|turn|8\n|\n|t:|1776558452\n|move|p1a: Incineroar|Throat Chop|p2b: Camerupt\n|-damage|p2b: Camerupt|7/100\n|-start|p2b: Camerupt|Throat Chop|[silent]\n|move|p2a: Clawitzer|Aura Sphere|p1a: Incineroar\n|-supereffective|p1a: Incineroar|1\n|-damage|p1a: Incineroar|0 fnt\n|faint|p1a: Incineroar\n|move|p1b: Ampharos|Power Gem|p2b: Camerupt\n|-damage|p2b: Camerupt|0 fnt\n|faint|p2b: Camerupt\n|\n|upkeep\n|\n|t:|1776558461\n|switch|p2b: Kingambit|Kingambit, L50, F, shiny|39/100\n|-activate|p2b: Kingambit|ability: Supreme Overlord\n|-start|p2b: Kingambit|fallen2|[silent]\n|turn|9\n|\n|t:|1776558472\n|move|p2b: Kingambit|Sucker Punch|p1b: Ampharos\n|-damage|p1b: Ampharos|19/100\n|-heal|p2b: Kingambit|44/100|[from] item: Shell Bell|[of] p1b: Ampharos\n|move|p2a: Clawitzer|Dragon Pulse|p1b: Ampharos\n|-supereffective|p1b: Ampharos|1\n|-damage|p1b: Ampharos|0 fnt\n|faint|p1b: Ampharos\n|\n|win|finn_omega\n|raw|nyloc's rating: 1159 &rarr; <strong>1131</strong><br />(-28 for losing)\n|raw|finn_omega's rating: 1117 &rarr; <strong>1145</strong><br />(+28 for winning)\n",
  "uploadtime": 1776558479,
  "views": 14,
  "formatid": "gen9championsvgc2026regma",
  "rating": 1131,
  "private": 0,
  "password": null
}