{
  "id": "gen9championsvgc2026regma-2586309581",
  "format": "[Gen 9 Champions] VGC 2026 Reg M-A",
  "players": [
    "Aiden4115",
    "Latomino"
  ],
  "log": "|j|\u2606Aiden4115\n|j|\u2606Latomino\n|t:|1776423879\n|gametype|doubles\n|player|p1|Aiden4115|265|1069\n|player|p2|Latomino|clown|1000\n|gen|9\n|tier|[Gen 9 Champions] VGC 2026 Reg M-A\n|rated|\n|rule|Species Clause: Limit one of each Pok\u00e9mon\n|rule|Item Clause: Limit 1 of each item\n|clearpoke\n|poke|p1|Diggersby, L50, M|\n|poke|p1|Gyarados, L50, F|\n|poke|p1|Sinistcha, L50|\n|poke|p1|Aggron, L50, M|\n|poke|p1|Talonflame, L50, F|\n|poke|p1|Rotom-Wash, L50|\n|poke|p2|Aerodactyl, L50, M|\n|poke|p2|Sneasler, L50, M|\n|poke|p2|Garchomp, L50, F|\n|poke|p2|Tyranitar, L50, F|\n|poke|p2|Rotom-Wash, L50|\n|poke|p2|Sinistcha, L50|\n|teampreview|4\n|inactive|Battle timer is ON: inactive players will automatically lose when time's up. (requested by Aiden4115)\n|inactive|Latomino has 60 seconds left.\n|inactive|Latomino has 30 seconds left.\n|\n|t:|1776423974\n|teamsize|p1|4\n|teamsize|p2|4\n|start\n|switch|p1a: Talonflame|Talonflame, L50, F|100/100\n|switch|p1b: Diggersby|Diggersby, L50, M|100/100\n|switch|p2a: Sneasler|Sneasler, L50, M|100/100\n|switch|p2b: Aerodactyl|Aerodactyl, L50, M|100/100\n|-ability|p2b: Aerodactyl|Unnerve\n|turn|1\n|\n|t:|1776423998\n|switch|p1a: Gyarados|Gyarados, L50, F|100/100\n|-ability|p1a: Gyarados|Intimidate|boost\n|-unboost|p2a: Sneasler|atk|1\n|-unboost|p2b: Aerodactyl|atk|1\n|-enditem|p2a: Sneasler|White Herb\n|-clearnegativeboost|p2a: Sneasler|[silent]\n|switch|p1b: Sinistcha|Sinistcha, L50|100/100\n|move|p2a: Sneasler|Fake Out|p1a: Gyarados\n|-damage|p1a: Gyarados|86/100\n|move|p2b: Aerodactyl|Tailwind|p2b: Aerodactyl\n|-sidestart|p2: Latomino|move: Tailwind\n|\n|upkeep\n|turn|2\n|inactive|Aiden4115 has 30 seconds left.\n|inactive|Latomino has 30 seconds left.\n|\n|t:|1776424029\n|move|p2b: Aerodactyl|Protect|p2b: Aerodactyl\n|-singleturn|p2b: Aerodactyl|Protect\n|move|p1b: Sinistcha|Rage Powder|p1b: Sinistcha\n|-singleturn|p1b: Sinistcha|move: Rage Powder\n|move|p2a: Sneasler|Dire Claw|p1b: Sinistcha\n|-damage|p1b: Sinistcha|65/100\n|move|p1a: Gyarados|Icy Wind|p2a: Sneasler|[spread] p2a\n|-activate|p2b: Aerodactyl|move: Protect\n|-damage|p2a: Sneasler|92/100\n|-unboost|p2a: Sneasler|spe|1\n|\n|upkeep\n|turn|3\n|inactive|Aiden4115 has 30 seconds left.\n|inactive|Aiden4115 has 20 seconds left.\n|inactive|Latomino has 30 seconds left.\n|inactive|Latomino has 20 seconds left.\n|\n|t:|1776424074\n|switch|p2b: Rotom|Rotom-Wash, L50|100/100\n|move|p2a: Sneasler|Protect|p2a: Sneasler\n|-singleturn|p2a: Sneasler|Protect\n|move|p1a: Gyarados|Taunt|p2b: Rotom\n|-start|p2b: Rotom|move: Taunt\n|move|p1b: Sinistcha|Strength Sap|p2a: Sneasler\n|-activate|p2a: Sneasler|move: Protect\n|\n|upkeep\n|turn|4\n|inactive|Latomino has 30 seconds left.\n|inactive|Latomino has 20 seconds left.\n|\n|t:|1776424113\n|switch|p1a: Diggersby|Diggersby, L50, M|100/100\n|move|p2a: Sneasler|Dire Claw|p1a: Diggersby\n|-resisted|p1a: Diggersby|1\n|-damage|p1a: Diggersby|78/100\n|move|p2b: Rotom|Electroweb|p1a: Diggersby|[spread] p1b\n|-immune|p1a: Diggersby\n|-resisted|p1b: Sinistcha|1\n|-damage|p1b: Sinistcha|58/100\n|-unboost|p1b: Sinistcha|spe|1\n|move|p1b: Sinistcha|Matcha Gotcha|p2a: Sneasler|[spread] p2a,p2b\n|-resisted|p2a: Sneasler|1\n|-supereffective|p2b: Rotom|1\n|-damage|p2a: Sneasler|75/100\n|-heal|p1b: Sinistcha|65/100|[from] drain|[of] p2a: Sneasler\n|-damage|p2b: Rotom|65/100\n|-heal|p1b: Sinistcha|81/100|[from] drain|[of] p2b: Rotom\n|\n|-sideend|p2: Latomino|move: Tailwind\n|upkeep\n|turn|5\n|inactive|Aiden4115 has 30 seconds left.\n|inactive|Latomino has 30 seconds left.\n|inactive|Aiden4115 has 20 seconds left.\n|inactive|Aiden4115 has 15 seconds left.\n|inactive|Aiden4115 has 10 seconds left.\n|\n|t:|1776424160\n|switch|p2b: Aerodactyl|Aerodactyl, L50, M|100/100\n|-ability|p2b: Aerodactyl|Unnerve\n|move|p2a: Sneasler|Protect|p2a: Sneasler\n|-singleturn|p2a: Sneasler|Protect\n|move|p1b: Sinistcha|Rage Powder|p1b: Sinistcha\n|-singleturn|p1b: Sinistcha|move: Rage Powder\n|move|p1a: Diggersby|Body Slam|p2b: Aerodactyl\n|-resisted|p2b: Aerodactyl|1\n|-crit|p2b: Aerodactyl\n|-damage|p2b: Aerodactyl|33/100\n|\n|upkeep\n|turn|6\n|inactive|Latomino has 30 seconds left.\n|\n|t:|1776424192\n|switch|p2a: Rotom|Rotom-Wash, L50|65/100\n|switch|p1b: Gyarados|Gyarados, L50, F|86/100\n|-ability|p1b: Gyarados|Intimidate|boost\n|-unboost|p2a: Rotom|atk|1\n|-unboost|p2b: Aerodactyl|atk|1\n|move|p2b: Aerodactyl|Tailwind|p2b: Aerodactyl\n|-sidestart|p2: Latomino|move: Tailwind\n|move|p1a: Diggersby|Body Slam|p2b: Aerodactyl\n|-resisted|p2b: Aerodactyl|1\n|-damage|p2b: Aerodactyl|0 fnt\n|faint|p2b: Aerodactyl\n|\n|upkeep\n|\n|t:|1776424204\n|switch|p2b: Sneasler|Sneasler, L50, M|75/100\n|turn|7\n|\n|t:|1776424215\n|switch|p1a: Sinistcha|Sinistcha, L50|81/100\n|-heal|p1b: Gyarados|100/100|[from] ability: Hospitality|[of] p1a: Sinistcha\n|move|p2b: Sneasler|Fake Out|p1a: Sinistcha\n|-immune|p1a: Sinistcha\n|move|p2a: Rotom|Trick|p1b: Gyarados\n|-activate|p2a: Rotom|move: Trick|[of] p1b: Gyarados\n|-item|p1b: Gyarados|Choice Scarf|[from] move: Trick\n|-item|p2a: Rotom|Wacan Berry|[from] move: Trick\n|move|p1b: Gyarados|Icy Wind|p2a: Rotom|[spread] p2b\n|-miss|p1b: Gyarados|p2a: Rotom\n|-damage|p2b: Sneasler|68/100\n|-unboost|p2b: Sneasler|spe|1\n|\n|upkeep\n|turn|8\n|inactive|Aiden4115 has 30 seconds left.\n|\n|t:|1776424249\n|move|p2b: Sneasler|Protect|p2b: Sneasler\n|-singleturn|p2b: Sneasler|Protect\n|move|p2a: Rotom|Discharge|p1b: Gyarados|[spread] p1a,p1b\n|-activate|p2b: Sneasler|move: Protect\n|-resisted|p1a: Sinistcha|1\n|-supereffective|p1b: Gyarados|2\n|-damage|p1a: Sinistcha|71/100\n|-damage|p1b: Gyarados|45/100\n|move|p1b: Gyarados|Icy Wind|p2b: Sneasler|[spread] p2a\n|-activate|p2b: Sneasler|move: Protect\n|-resisted|p2a: Rotom|1\n|-damage|p2a: Rotom|63/100\n|-unboost|p2a: Rotom|spe|1\n|move|p1a: Sinistcha|Matcha Gotcha|p2b: Sneasler|[spread] p2a\n|-activate|p2b: Sneasler|move: Protect\n|-supereffective|p2a: Rotom|1\n|-damage|p2a: Rotom|25/100\n|-heal|p1a: Sinistcha|88/100|[from] drain|[of] p2a: Rotom\n|\n|upkeep\n|turn|9\n|\n|t:|1776424272\n|switch|p2b: Garchomp|Garchomp, L50, F|100/100\n|move|p1b: Gyarados|Icy Wind|p2b: Garchomp|[spread] \n|-miss|p1b: Gyarados|p2a: Rotom\n|-miss|p1b: Gyarados|p2b: Garchomp\n|move|p2a: Rotom|Discharge|p1a: Sinistcha|[spread] p1a,p1b\n|-immune|p2b: Garchomp\n|-resisted|p1a: Sinistcha|1\n|-supereffective|p1b: Gyarados|2\n|-damage|p1a: Sinistcha|77/100\n|-damage|p1b: Gyarados|0 fnt\n|faint|p1b: Gyarados\n|move|p1a: Sinistcha|Matcha Gotcha|p2a: Rotom|[spread] p2a,p2b\n|-supereffective|p2a: Rotom|1\n|-damage|p2a: Rotom|0 fnt\n|-heal|p1a: Sinistcha|88/100|[from] drain|[of] p2a: Rotom\n|-damage|p2b: Garchomp|74/100\n|-heal|p1a: Sinistcha|100/100|[from] drain|[of] p2b: Garchomp\n|faint|p2a: Rotom\n|\n|-sideend|p2: Latomino|move: Tailwind\n|upkeep\n|\n|t:|1776424295\n|switch|p1b: Talonflame|Talonflame, L50, F|100/100\n|switch|p2a: Sneasler|Sneasler, L50, M|68/100\n|turn|10\n|\n|t:|1776424320\n|move|p2a: Sneasler|Fake Out|p1b: Talonflame\n|-damage|p1b: Talonflame|82/100\n|cant|p1b: Talonflame|flinch\n|move|p2b: Garchomp|Poison Jab|p1a: Sinistcha\n|-damage|p1a: Sinistcha|75/100\n|move|p1a: Sinistcha|Matcha Gotcha|p2a: Sneasler|[spread] p2b\n|-miss|p1a: Sinistcha|p2a: Sneasler\n|-damage|p2b: Garchomp|45/100\n|-heal|p1a: Sinistcha|90/100|[from] drain|[of] p2b: Garchomp\n|\n|upkeep\n|turn|11\n|\n|t:|1776424340\n|move|p1b: Talonflame|Tailwind|p1b: Talonflame\n|-sidestart|p1: Aiden4115|move: Tailwind\n|move|p2a: Sneasler|Dire Claw|p1a: Sinistcha\n|-damage|p1a: Sinistcha|50/100\n|move|p1a: Sinistcha|Matcha Gotcha|p2b: Garchomp|[spread] p2a,p2b\n|-resisted|p2a: Sneasler|1\n|-damage|p2a: Sneasler|51/100\n|-heal|p1a: Sinistcha|58/100|[from] drain|[of] p2a: Sneasler\n|-damage|p2b: Garchomp|17/100\n|-heal|p1a: Sinistcha|72/100|[from] drain|[of] p2b: Garchomp\n|move|p2b: Garchomp|Poison Jab|p1a: Sinistcha\n|-damage|p1a: Sinistcha|44/100\n|-status|p1a: Sinistcha|psn\n|\n|-damage|p1a: Sinistcha|32/100 psn|[from] psn\n|upkeep\n|turn|12\n|inactive|Latomino has 30 seconds left.\n|\n|t:|1776424365\n|move|p2a: Sneasler|Protect|p2a: Sneasler\n|-singleturn|p2a: Sneasler|Protect\n|move|p2b: Garchomp|Protect|p2b: Garchomp\n|-singleturn|p2b: Garchomp|Protect\n|move|p1a: Sinistcha|Rage Powder|p1a: Sinistcha\n|-singleturn|p1a: Sinistcha|move: Rage Powder\n|move|p1b: Talonflame|Brave Bird|p2a: Sneasler\n|-activate|p2a: Sneasler|move: Protect\n|\n|-damage|p1a: Sinistcha|20/100 psn|[from] psn\n|upkeep\n|turn|13\n|\n|t:|1776424384\n|move|p1b: Talonflame|Brave Bird|p2a: Sneasler\n|-supereffective|p2a: Sneasler|1\n|-damage|p2a: Sneasler|0 fnt\n|faint|p2a: Sneasler\n|-damage|p1b: Talonflame|68/100|[from] Recoil\n|move|p1a: Sinistcha|Strength Sap|p2b: Garchomp\n|-unboost|p2b: Garchomp|atk|1\n|-heal|p1a: Sinistcha|100/100 psn\n|move|p2b: Garchomp|Dragon Claw|p1b: Talonflame\n|-damage|p1b: Talonflame|31/100\n|\n|-damage|p1a: Sinistcha|88/100 psn|[from] psn\n|upkeep\n|turn|14\n|inactive|Aiden4115 has 30 seconds left.\n|inactive|Latomino has 30 seconds left.\n|-message|Latomino forfeited.\n|\n|win|Aiden4115\n|raw|Aiden4115's rating: 1069 &rarr; <strong>1093</strong><br />(+24 for winning)\n|raw|Latomino's rating: 1000 &rarr; <strong>1000</strong><br />(+0 for losing)\n|l|\u2606Latomino\n|player|p2|\n",
  "uploadtime": 1776424429,
  "views": 43,
  "formatid": "gen9championsvgc2026regma",
  "rating": 1000,
  "private": 0,
  "password": null
}