{
  "id": "gen9championsvgc2026regma-2587005813",
  "format": "[Gen 9 Champions] VGC 2026 Reg M-A",
  "players": [
    "ryuk009",
    "Phonx_Ghost"
  ],
  "log": "|j|\u2606ryuk009\n|j|\u2606Phonx_Ghost\n|t:|1776480447\n|gametype|doubles\n|player|p1|ryuk009|striker|1106\n|player|p2|Phonx_Ghost|will|1079\n|gen|9\n|tier|[Gen 9 Champions] VGC 2026 Reg M-A\n|rated|\n|rule|Species Clause: Limit one of each Pok\u00e9mon\n|rule|Item Clause: Limit 1 of each item\n|clearpoke\n|poke|p1|Skarmory, L50, M|\n|poke|p1|Sneasler, L50, M|\n|poke|p1|Incineroar, L50, M|\n|poke|p1|Maushold-Four, L50|\n|poke|p1|Politoed, L50, F|\n|poke|p1|Venusaur, L50, F|\n|poke|p2|Golurk, L50|\n|poke|p2|Kingambit, L50, F|\n|poke|p2|Sneasler, L50, F|\n|poke|p2|Sinistcha-Masterpiece, L50|\n|poke|p2|Spiritomb, L50, M|\n|poke|p2|Incineroar, L50, M|\n|teampreview|4\n|j| loomiuseyoru\n|l| loomiuseyoru\n|\n|t:|1776480494\n|teamsize|p1|4\n|teamsize|p2|4\n|start\n|switch|p1a: Sneasler|Sneasler, L50, M|100/100\n|switch|p1b: Skarmory|Skarmory, L50, M|100/100\n|switch|p2a: Reginaldo-Prime|Golurk, L50, shiny|100/100\n|switch|p2b: Cynthia v2|Spiritomb, L50, M, shiny|100/100\n|turn|1\n|\n|t:|1776480533\n|detailschange|p1b: Skarmory|Skarmory-Mega, L50, M\n|-mega|p1b: Skarmory|Skarmory|Skarmorite\n|detailschange|p2a: Reginaldo-Prime|Golurk-Mega, L50, shiny\n|-mega|p2a: Reginaldo-Prime|Golurk|Golurkite\n|move|p2a: Reginaldo-Prime|Protect|p2a: Reginaldo-Prime\n|-singleturn|p2a: Reginaldo-Prime|Protect\n|move|p1a: Sneasler|Coaching|p1b: Skarmory\n|-boost|p1b: Skarmory|atk|1\n|-boost|p1b: Skarmory|def|1\n|move|p1b: Skarmory|Iron Head|p2a: Reginaldo-Prime\n|-activate|p2a: Reginaldo-Prime|move: Protect\n|move|p2b: Cynthia v2|Trick Room|p2b: Cynthia v2\n|-fieldstart|move: Trick Room|[of] p2b: Cynthia v2\n|\n|upkeep\n|turn|2\n|\n|t:|1776480553\n|move|p1b: Skarmory|Protect|p1b: Skarmory\n|-singleturn|p1b: Skarmory|Protect\n|move|p1a: Sneasler|Protect|p1a: Sneasler\n|-singleturn|p1a: Sneasler|Protect\n|move|p2b: Cynthia v2|Snarl|p1b: Skarmory|[spread] \n|-activate|p1a: Sneasler|move: Protect\n|-activate|p1b: Skarmory|move: Protect\n|move|p2a: Reginaldo-Prime|Stone Edge|p1b: Skarmory\n|-activate|p1b: Skarmory|move: Protect\n|\n|upkeep\n|turn|3\n|\n|t:|1776480581\n|move|p2b: Cynthia v2|Snarl|p1b: Skarmory|[spread] p1a,p1b\n|-resisted|p1a: Sneasler|1\n|-damage|p1a: Sneasler|89/100\n|-damage|p1b: Skarmory|82/100\n|-unboost|p1a: Sneasler|spa|1\n|-unboost|p1b: Skarmory|spa|1\n|-enditem|p1a: Sneasler|White Herb\n|-clearnegativeboost|p1a: Sneasler|[silent]\n|move|p2a: Reginaldo-Prime|Stone Edge|p1b: Skarmory\n|-crit|p1b: Skarmory\n|-damage|p1b: Skarmory|8/100\n|move|p1b: Skarmory|Iron Head|p2a: Reginaldo-Prime\n|-damage|p2a: Reginaldo-Prime|44/100\n|move|p1a: Sneasler|Coaching|p1b: Skarmory\n|-boost|p1b: Skarmory|atk|1\n|-boost|p1b: Skarmory|def|1\n|\n|upkeep\n|turn|4\n|\n|t:|1776480599\n|move|p1b: Skarmory|Protect|p1b: Skarmory\n|-singleturn|p1b: Skarmory|Protect\n|move|p2b: Cynthia v2|Snarl|p1a: Sneasler|[spread] p1a\n|-activate|p1b: Skarmory|move: Protect\n|-resisted|p1a: Sneasler|1\n|-damage|p1a: Sneasler|78/100\n|-unboost|p1a: Sneasler|spa|1\n|move|p2a: Reginaldo-Prime|Earthquake|p1a: Sneasler|[spread] p2b,p1a\n|-activate|p1b: Skarmory|move: Protect\n|-supereffective|p1a: Sneasler|1\n|-damage|p2b: Cynthia v2|42/100\n|-damage|p1a: Sneasler|0 fnt\n|-enditem|p2b: Cynthia v2|Sitrus Berry|[eat]\n|-heal|p2b: Cynthia v2|67/100|[from] item: Sitrus Berry\n|faint|p1a: Sneasler\n|\n|upkeep\n|\n|t:|1776480617\n|switch|p1a: Maushold|Maushold-Four, L50|100/100\n|turn|5\n|\n|t:|1776480634\n|move|p1b: Skarmory|Protect|p1b: Skarmory\n|-singleturn|p1b: Skarmory|Protect\n|move|p2b: Cynthia v2|Snarl|p1a: Maushold|[spread] p1a\n|-activate|p1b: Skarmory|move: Protect\n|-damage|p1a: Maushold|82/100\n|-unboost|p1a: Maushold|spa|1\n|move|p2a: Reginaldo-Prime|Drain Punch|p1a: Maushold\n|-supereffective|p1a: Maushold|1\n|-damage|p1a: Maushold|0 fnt\n|-heal|p2a: Reginaldo-Prime|84/100|[from] drain|[of] p1a: Maushold\n|faint|p1a: Maushold\n|\n|-fieldend|move: Trick Room\n|upkeep\n|\n|t:|1776480643\n|switch|p1a: Incineroar|Incineroar, L50, M|100/100\n|-ability|p1a: Incineroar|Intimidate|boost\n|-unboost|p2a: Reginaldo-Prime|atk|1\n|-unboost|p2b: Cynthia v2|atk|1\n|turn|6\n|\n|t:|1776480656\n|move|p2a: Reginaldo-Prime|Protect|p2a: Reginaldo-Prime\n|-singleturn|p2a: Reginaldo-Prime|Protect\n|move|p1b: Skarmory|Iron Head|p2b: Cynthia v2\n|-damage|p2b: Cynthia v2|0 fnt\n|faint|p2b: Cynthia v2\n|move|p1a: Incineroar|Throat Chop|p2a: Reginaldo-Prime\n|-activate|p2a: Reginaldo-Prime|move: Protect\n|\n|upkeep\n|\n|t:|1776480665\n|switch|p2b: Gatuno|Incineroar, L50, M|100/100\n|-ability|p2b: Gatuno|Intimidate|boost\n|-unboost|p1a: Incineroar|atk|1\n|-unboost|p1b: Skarmory|atk|1\n|turn|7\n|\n|t:|1776480676\n|move|p1b: Skarmory|Protect|p1b: Skarmory\n|-singleturn|p1b: Skarmory|Protect\n|move|p2b: Gatuno|Fake Out|p1a: Incineroar\n|-damage|p1a: Incineroar|90/100\n|cant|p1a: Incineroar|flinch\n|move|p2a: Reginaldo-Prime|Stone Edge|p1b: Skarmory\n|-activate|p1b: Skarmory|move: Protect\n|\n|upkeep\n|turn|8\n|\n|t:|1776480692\n|move|p1b: Skarmory|Body Press|p2b: Gatuno\n|-supereffective|p2b: Gatuno|1\n|-damage|p2b: Gatuno|27/100\n|move|p1a: Incineroar|Throat Chop|p2a: Reginaldo-Prime\n|-supereffective|p2a: Reginaldo-Prime|1\n|-damage|p2a: Reginaldo-Prime|45/100\n|-start|p2a: Reginaldo-Prime|Throat Chop|[silent]\n|move|p2b: Gatuno|Fire Punch|p1b: Skarmory\n|-supereffective|p1b: Skarmory|1\n|-damage|p1b: Skarmory|0 fnt\n|faint|p1b: Skarmory\n|move|p2a: Reginaldo-Prime|Drain Punch|p1a: Incineroar\n|-supereffective|p1a: Incineroar|1\n|-damage|p1a: Incineroar|59/100\n|-heal|p2a: Reginaldo-Prime|62/100|[from] drain|[of] p1a: Incineroar\n|\n|upkeep\n|turn|9\n|\n|t:|1776480711\n|move|p1a: Incineroar|Throat Chop|p2a: Reginaldo-Prime\n|-supereffective|p2a: Reginaldo-Prime|1\n|-damage|p2a: Reginaldo-Prime|22/100\n|move|p2b: Gatuno|Parting Shot|p1a: Incineroar\n|-unboost|p1a: Incineroar|atk|1\n|-unboost|p1a: Incineroar|spa|1\n|\n|t:|1776480716\n|switch|p2b: Zez\u00e3o|Sneasler, L50, F, shiny|100/100|[from] Parting Shot\n|move|p2a: Reginaldo-Prime|Earthquake|p1a: Incineroar|[spread] p2b,p1a\n|-supereffective|p2b: Zez\u00e3o|1\n|-supereffective|p1a: Incineroar|1\n|-crit|p1a: Incineroar\n|-enditem|p2b: Zez\u00e3o|Focus Sash\n|-damage|p2b: Zez\u00e3o|1/100\n|-damage|p1a: Incineroar|0 fnt\n|faint|p1a: Incineroar\n|\n|win|Phonx_Ghost\n|raw|ryuk009's rating: 1106 &rarr; <strong>1079</strong><br />(-27 for losing)\n|raw|Phonx_Ghost's rating: 1079 &rarr; <strong>1109</strong><br />(+30 for winning)\n|l|\u2606ryuk009\n|player|p1|\n",
  "uploadtime": 1776480726,
  "views": 15,
  "formatid": "gen9championsvgc2026regma",
  "rating": 1079,
  "private": 0,
  "password": null
}