{
  "id": "gen9championsvgc2026regma-2583285269",
  "format": "[Gen 9 Champions] VGC 2026 Reg M-A",
  "players": [
    "Topsi",
    "DavidTIS"
  ],
  "log": "|j|\u2606Topsi\n|j|\u2606DavidTIS\n|t:|1776163170\n|gametype|doubles\n|player|p1|Topsi|170|1000\n|player|p2|DavidTIS|266|1084\n|gen|9\n|tier|[Gen 9 Champions] VGC 2026 Reg M-A\n|rated|\n|rule|Species Clause: Limit one of each Pok\u00e9mon\n|rule|Item Clause: Limit 1 of each item\n|clearpoke\n|poke|p1|Gallade, L50, M|\n|poke|p1|Charizard, L50, M|\n|poke|p1|Rotom-Heat, L50|\n|poke|p1|Goodra-Hisui, L50, F|\n|poke|p1|Cofagrigus, L50, M|\n|poke|p1|Torterra, L50, M|\n|poke|p2|Starmie, L50|\n|poke|p2|Lucario, L50, M|\n|poke|p2|Lycanroc-Dusk, L50, F|\n|poke|p2|Hydreigon, L50, F|\n|poke|p2|Slowbro-Galar, L50, M|\n|poke|p2|Charizard, L50, M|\n|teampreview|4\n|inactive|Battle timer is ON: inactive players will automatically lose when time's up. (requested by DavidTIS)\n|inactive|DavidTIS has 60 seconds left.\n|\n|t:|1776163210\n|teamsize|p1|4\n|teamsize|p2|4\n|start\n|switch|p1a: Gallade|Gallade, L50, M|100/100\n|switch|p1b: Rotom|Rotom-Heat, L50|100/100\n|switch|p2a: Starmie|Starmie, L50|100/100\n|switch|p2b: Hydreigon|Hydreigon, L50, F|100/100\n|turn|1\n|\n|t:|1776163223\n|move|p2a: Starmie|Protect|p2a: Starmie\n|-singleturn|p2a: Starmie|Protect\n|move|p1a: Gallade|Close Combat|p2b: Hydreigon\n|-supereffective|p2b: Hydreigon|1\n|-damage|p2b: Hydreigon|0 fnt\n|-unboost|p1a: Gallade|def|1\n|-unboost|p1a: Gallade|spd|1\n|faint|p2b: Hydreigon\n|move|p1b: Rotom|Volt Switch|p2a: Starmie\n|-activate|p2a: Starmie|move: Protect\n|\n|upkeep\n|\n|t:|1776163235\n|switch|p2b: Lycanroc|Lycanroc-Dusk, L50, F|100/100\n|turn|2\n|\n|t:|1776163244\n|switch|p1a: Goodra|Goodra-Hisui, L50, F|100/100\n|detailschange|p2a: Starmie|Starmie-Mega, L50\n|-mega|p2a: Starmie|Starmie|Starminite\n|move|p2a: Starmie|Liquidation|p1b: Rotom\n|-supereffective|p1b: Rotom|1\n|-damage|p1b: Rotom|0 fnt\n|faint|p1b: Rotom\n|move|p2b: Lycanroc|Rock Slide|p1a: Goodra\n|-resisted|p1a: Goodra|1\n|-damage|p1a: Goodra|83/100\n|\n|upkeep\n|\n|t:|1776163257\n|switch|p1b: Cofagrigus|Cofagrigus, L50, M|100/100\n|turn|3\n|\n|t:|1776163271\n|move|p2a: Starmie|Ice Spinner|p1a: Goodra\n|-damage|p1a: Goodra|41/100\n|-enditem|p1a: Goodra|Sitrus Berry|[eat]\n|-heal|p1a: Goodra|66/100|[from] item: Sitrus Berry\n|move|p2b: Lycanroc|Crunch|p1b: Cofagrigus\n|-supereffective|p1b: Cofagrigus|1\n|-damage|p1b: Cofagrigus|53/100\n|-activate|p1b: Cofagrigus|ability: Mummy|p2b: Lycanroc|[ability] Tough Claws\n|move|p1a: Goodra|Shelter|p1a: Goodra\n|-boost|p1a: Goodra|def|2\n|move|p1b: Cofagrigus|Shadow Ball|p2a: Starmie\n|-supereffective|p2a: Starmie|1\n|-crit|p2a: Starmie\n|-damage|p2a: Starmie|0 fnt\n|faint|p2a: Starmie\n|\n|-heal|p1b: Cofagrigus|59/100|[from] item: Leftovers\n|upkeep\n|\n|t:|1776163287\n|switch|p2a: Slowbro|Slowbro-Galar, L50, M|100/100\n|turn|4\n|-activate|p2a: Slowbro|ability: Quick Draw\n|\n|t:|1776163299\n|move|p2a: Slowbro|Psychic|p1b: Cofagrigus\n|-damage|p1b: Cofagrigus|27/100\n|move|p2b: Lycanroc|Rock Slide|p1b: Cofagrigus|[spread] p1a,p1b\n|-resisted|p1a: Goodra|1\n|-damage|p1a: Goodra|59/100\n|-damage|p1b: Cofagrigus|8/100\n|move|p1a: Goodra|Body Press|p2b: Lycanroc\n|-supereffective|p2b: Lycanroc|1\n|-enditem|p2b: Lycanroc|Focus Sash\n|-damage|p2b: Lycanroc|1/100\n|-activate|p2b: Lycanroc|ability: Mummy|p1a: Goodra|[ability] Sap Sipper\n|move|p1b: Cofagrigus|Calm Mind|p1b: Cofagrigus\n|-boost|p1b: Cofagrigus|spa|1\n|-boost|p1b: Cofagrigus|spd|1\n|\n|-heal|p1b: Cofagrigus|14/100|[from] item: Leftovers\n|upkeep\n|turn|5\n|\n|t:|1776163323\n|move|p1b: Cofagrigus|Protect|p1b: Cofagrigus\n|-singleturn|p1b: Cofagrigus|Protect\n|move|p2b: Lycanroc|Rock Slide|p1a: Goodra|[spread] p1a\n|-activate|p1b: Cofagrigus|move: Protect\n|-resisted|p1a: Goodra|1\n|-damage|p1a: Goodra|52/100\n|move|p1a: Goodra|Dragon Pulse|p2b: Lycanroc\n|-damage|p2b: Lycanroc|0 fnt\n|faint|p2b: Lycanroc\n|move|p2a: Slowbro|Psychic|p1a: Goodra\n|-resisted|p1a: Goodra|1\n|-damage|p1a: Goodra|43/100\n|\n|-heal|p1b: Cofagrigus|20/100|[from] item: Leftovers\n|upkeep\n|turn|6\n|-activate|p2a: Slowbro|ability: Quick Draw\n|\n|t:|1776163345\n|move|p2a: Slowbro|Psychic|p1b: Cofagrigus\n|-damage|p1b: Cofagrigus|0 fnt\n|faint|p1b: Cofagrigus\n|move|p1a: Goodra|Dragon Pulse|p2a: Slowbro\n|-damage|p2a: Slowbro|61/100\n|\n|-heal|p2a: Slowbro|67/100|[from] item: Leftovers\n|upkeep\n|\n|t:|1776163349\n|switch|p1b: Gallade|Gallade, L50, M|100/100\n|turn|7\n|\n|t:|1776163360\n|move|p1b: Gallade|Psycho Cut|p2a: Slowbro\n|-crit|p2a: Slowbro\n|-damage|p2a: Slowbro|0 fnt\n|faint|p2a: Slowbro\n|\n|win|Topsi\n|raw|Topsi's rating: 1000 &rarr; <strong>1049</strong><br />(+49 for winning)\n|raw|DavidTIS's rating: 1084 &rarr; <strong>1056</strong><br />(-28 for losing)\n|l|\u2606Topsi\n|player|p1|\n",
  "uploadtime": 1776163363,
  "views": 17,
  "formatid": "gen9championsvgc2026regma",
  "rating": 1049,
  "private": 0,
  "password": null
}