{
  "id": "gen9championsvgc2026regma-2580326898",
  "format": "[Gen 9 Champions] VGC 2026 Reg M-A",
  "players": [
    "henrychess",
    "Acideyes42"
  ],
  "log": "|j|\u2606henrychess\n|j|\u2606Acideyes42\n|t:|1775880854\n|gametype|doubles\n|player|p1|henrychess|cynthia-gen4|1000\n|player|p2|Acideyes42|roxie|1000\n|gen|9\n|tier|[Gen 9 Champions] VGC 2026 Reg M-A\n|rated|\n|rule|Species Clause: Limit one of each Pok\u00e9mon\n|rule|Item Clause: Limit 1 of each item\n|clearpoke\n|poke|p1|Pelipper, L50, M|\n|poke|p1|Basculegion, L50, M|\n|poke|p1|Archaludon, L50, M|\n|poke|p1|Incineroar, L50, M|\n|poke|p1|Liepard, L50, M|\n|poke|p1|Meganium, L50, M|\n|poke|p2|Froslass, L50, F|\n|poke|p2|Kommo-o, L50, M|\n|poke|p2|Sinistcha, L50|\n|poke|p2|Garganacl, L50, F|\n|poke|p2|Mamoswine, L50, F|\n|poke|p2|Talonflame, L50, M|\n|teampreview|4\n|inactive|Battle timer is ON: inactive players will automatically lose when time's up. (requested by henrychess)\n|inactive|henrychess has 60 seconds left.\n|inactive|henrychess has 30 seconds left.\n|inactive|henrychess has 20 seconds left.\n|inactive|henrychess has 15 seconds left.\n|inactive|henrychess has 10 seconds left.\n|inactive|henrychess has 5 seconds left.\n|\n|t:|1775880943\n|teamsize|p1|4\n|teamsize|p2|4\n|start\n|switch|p1a: Incineroar|Incineroar, L50, M|100/100\n|switch|p1b: Archaludon|Archaludon, L50, M|100/100\n|switch|p2a: Talonflame|Talonflame, L50, M|100/100\n|switch|p2b: Froslass|Froslass, L50, F|100/100\n|-ability|p1a: Incineroar|Intimidate|boost\n|-unboost|p2a: Talonflame|atk|1\n|-unboost|p2b: Froslass|atk|1\n|turn|1\n|\n|t:|1775880962\n|detailschange|p2b: Froslass|Froslass-Mega, L50, F\n|-mega|p2b: Froslass|Froslass|Froslassite\n|-weather|Snowscape|[from] ability: Snow Warning|[of] p2b: Froslass\n|move|p1a: Incineroar|Fake Out|p2a: Talonflame\n|-damage|p2a: Talonflame|82/100\n|cant|p2a: Talonflame|flinch\n|move|p2b: Froslass|Aurora Veil|p2b: Froslass\n|-sidestart|p2: Acideyes42|move: Aurora Veil\n|move|p1b: Archaludon|Flash Cannon|p2b: Froslass\n|-supereffective|p2b: Froslass|1\n|-damage|p2b: Froslass|40/100\n|\n|-weather|Snowscape|[upkeep]\n|upkeep\n|turn|2\n|inactive|henrychess has 30 seconds left.\n|\n|t:|1775880995\n|switch|p2b: Kommo-o|Kommo-o, L50, M|100/100\n|switch|p1a: Pelipper|Pelipper, L50, M|100/100\n|-weather|RainDance|[from] ability: Drizzle|[of] p1a: Pelipper\n|move|p2a: Talonflame|Brave Bird|p1a: Pelipper\n|-damage|p1a: Pelipper|75/100\n|-damage|p2a: Talonflame|73/100|[from] Recoil\n|move|p1b: Archaludon|Electro Shot||[still]\n|-prepare|p1b: Archaludon|Electro Shot\n|-boost|p1b: Archaludon|spa|1\n|-anim|p1b: Archaludon|Electro Shot|p2a: Talonflame\n|-supereffective|p2a: Talonflame|1\n|-damage|p2a: Talonflame|0 fnt\n|faint|p2a: Talonflame\n|\n|-weather|RainDance|[upkeep]\n|upkeep\n|\n|t:|1775881012\n|switch|p2a: Froslass|Froslass-Mega, L50, F|40/100\n|-weather|Snowscape|[from] ability: Snow Warning|[of] p2a: Froslass\n|turn|3\n|inactive|henrychess has 30 seconds left.\n|\n|t:|1775881039\n|switch|p1a: Incineroar|Incineroar, L50, M|100/100\n|-ability|p1a: Incineroar|Intimidate|boost\n|-unboost|p2a: Froslass|atk|1\n|-unboost|p2b: Kommo-o|atk|1\n|move|p2a: Froslass|Disable|p1b: Archaludon\n|-start|p1b: Archaludon|Disable|Electro Shot\n|move|p2b: Kommo-o|Clangorous Soul|p2b: Kommo-o\n|-boost|p2b: Kommo-o|atk|1\n|-boost|p2b: Kommo-o|def|1\n|-boost|p2b: Kommo-o|spa|1\n|-boost|p2b: Kommo-o|spd|1\n|-boost|p2b: Kommo-o|spe|1\n|-damage|p2b: Kommo-o|68/100\n|move|p1b: Archaludon|Draco Meteor|p2b: Kommo-o\n|-supereffective|p2b: Kommo-o|1\n|-damage|p2b: Kommo-o|0 fnt\n|-unboost|p1b: Archaludon|spa|2\n|faint|p2b: Kommo-o\n|\n|-weather|Snowscape|[upkeep]\n|upkeep\n|\n|t:|1775881057\n|switch|p2b: Sinistcha|Sinistcha, L50|100/100\n|-heal|p2a: Froslass|64/100|[from] ability: Hospitality|[of] p2b: Sinistcha\n|turn|4\n|\n|t:|1775881080\n|move|p2a: Froslass|Blizzard|p1b: Archaludon|[spread] p1a,p1b\n|-resisted|p1a: Incineroar|1\n|-damage|p1a: Incineroar|83/100\n|-damage|p1b: Archaludon|57/100\n|-ability|p1b: Archaludon|Stamina|boost\n|-boost|p1b: Archaludon|def|1\n|move|p1b: Archaludon|Flash Cannon|p2a: Froslass\n|-supereffective|p2a: Froslass|1\n|-damage|p2a: Froslass|24/100\n|move|p2b: Sinistcha|Strength Sap|p1a: Incineroar\n|-unboost|p1a: Incineroar|atk|1\n|move|p1a: Incineroar|Flare Blitz|p2a: Froslass\n|-supereffective|p2a: Froslass|1\n|-damage|p2a: Froslass|0 fnt\n|faint|p2a: Froslass\n|-damage|p1a: Incineroar|78/100|[from] Recoil\n|\n|-weather|Snowscape|[upkeep]\n|-heal|p1b: Archaludon|63/100|[from] item: Leftovers\n|upkeep\n|turn|5\n|-message|Acideyes42 forfeited.\n|\n|win|henrychess\n|raw|henrychess's rating: 1000 &rarr; <strong>1040</strong><br />(+40 for winning)\n|raw|Acideyes42's rating: 1000 &rarr; <strong>1000</strong><br />(+0 for losing)\n|l|\u2606Acideyes42\n|player|p2|\n",
  "uploadtime": 1775881101,
  "views": 42,
  "formatid": "gen9championsvgc2026regma",
  "rating": 1000,
  "private": 0,
  "password": null
}