{
  "id": "gen9championsvgc2026regma-2588456958",
  "format": "[Gen 9 Champions] VGC 2026 Reg M-A",
  "players": [
    "rauliito_adh",
    "JaimeLX"
  ],
  "log": "|j|\u2606rauliito_adh\n|j|\u2606JaimeLX\n|t:|1776635179\n|gametype|doubles\n|player|p1|rauliito_adh|hilbert|1452\n|player|p2|JaimeLX|steven|1433\n|gen|9\n|tier|[Gen 9 Champions] VGC 2026 Reg M-A\n|rated|\n|rule|Species Clause: Limit one of each Pok\u00e9mon\n|rule|Item Clause: Limit 1 of each item\n|clearpoke\n|poke|p1|Gardevoir, L50, M, shiny|\n|poke|p1|Basculegion, L50, M, shiny|\n|poke|p1|Maushold-Four, L50, shiny|\n|poke|p1|Talonflame, L50, F, shiny|\n|poke|p1|Garchomp, L50, M|\n|poke|p1|Kingambit, L50, F, shiny|\n|poke|p2|Tyranitar, L50, F|\n|poke|p2|Glimmora, L50, F|\n|poke|p2|Sinistcha, L50|\n|poke|p2|Milotic, L50, F|\n|poke|p2|Aerodactyl, L50, M|\n|poke|p2|Sneasler, L50, F|\n|teampreview|4\n|inactive|Battle timer is ON: inactive players will automatically lose when time's up. (requested by JaimeLX)\n|inactive|rauliito_adh has 60 seconds left.\n|inactive|JaimeLX has 60 seconds left.\n|inactive|JaimeLX has 30 seconds left.\n|inactive|JaimeLX has 20 seconds left.\n|inactive|JaimeLX has 15 seconds left.\n|inactive|JaimeLX has 10 seconds left.\n|inactive|JaimeLX has 5 seconds left.\n|\n|t:|1776635268\n|teamsize|p1|4\n|teamsize|p2|4\n|start\n|switch|p1a: Garchomp|Garchomp, L50, M|100/100\n|switch|p1b: Kingambit|Kingambit, L50, F, shiny|100/100\n|switch|p2a: Milotic|Milotic, L50, F|100/100\n|switch|p2b: Tyranitar|Tyranitar, L50, F|100/100\n|-weather|Sandstorm|[from] ability: Sand Stream|[of] p2b: Tyranitar\n|turn|1\n|inactive|rauliito_adh has 30 seconds left.\n|inactive|JaimeLX has 30 seconds left.\n|inactive|rauliito_adh has 20 seconds left.\n|inactive|JaimeLX has 20 seconds left.\n|inactive|rauliito_adh has 15 seconds left.\n|inactive|JaimeLX has 15 seconds left.\n|inactive|JaimeLX has 10 seconds left.\n|\n|t:|1776635315\n|detailschange|p2b: Tyranitar|Tyranitar-Mega, L50, F\n|-mega|p2b: Tyranitar|Tyranitar|Tyranitarite\n|move|p1a: Garchomp|Rock Slide|p2b: Tyranitar|[spread] p2b\n|-miss|p1a: Garchomp|p2a: Milotic\n|-damage|p2b: Tyranitar|88/100\n|cant|p2b: Tyranitar|flinch\n|move|p2a: Milotic|Scald|p1b: Kingambit\n|-damage|p1b: Kingambit|65/100\n|move|p1b: Kingambit|Kowtow Cleave|p2a: Milotic\n|-damage|p2a: Milotic|54/100\n|\n|-weather|Sandstorm|[upkeep]\n|-damage|p2a: Milotic|48/100|[from] Sandstorm\n|-enditem|p2a: Milotic|Sitrus Berry|[eat]\n|-heal|p2a: Milotic|73/100|[from] item: Sitrus Berry\n|upkeep\n|turn|2\n|inactive|JaimeLX has 30 seconds left.\n|\n|t:|1776635341\n|move|p1b: Kingambit|Sucker Punch|p2a: Milotic\n|-damage|p2a: Milotic|34/100\n|move|p1a: Garchomp|Rock Slide|p2a: Milotic|[spread] p2a,p2b\n|-damage|p2a: Milotic|14/100\n|-damage|p2b: Tyranitar|76/100\n|cant|p2b: Tyranitar|flinch\n|move|p2a: Milotic|Icy Wind|p1b: Kingambit|[spread] p1a,p1b\n|-supereffective|p1a: Garchomp|2\n|-resisted|p1b: Kingambit|1\n|-damage|p1a: Garchomp|43/100\n|-damage|p1b: Kingambit|59/100\n|-unboost|p1a: Garchomp|spe|1\n|-unboost|p1b: Kingambit|spe|1\n|-ability|p1b: Kingambit|Defiant|boost\n|-boost|p1b: Kingambit|atk|2\n|-enditem|p1a: Garchomp|White Herb\n|-clearnegativeboost|p1a: Garchomp|[silent]\n|\n|-weather|Sandstorm|[upkeep]\n|-damage|p2a: Milotic|8/100|[from] Sandstorm\n|upkeep\n|turn|3\n|\n|t:|1776635359\n|switch|p2b: Sinistcha|Sinistcha, L50|100/100\n|-heal|p2a: Milotic|33/100|[from] ability: Hospitality|[of] p2b: Sinistcha\n|move|p1a: Garchomp|Rock Slide|p2b: Sinistcha|[spread] p2a\n|-miss|p1a: Garchomp|p2b: Sinistcha\n|-crit|p2a: Milotic\n|-damage|p2a: Milotic|1/100\n|move|p2a: Milotic|Recover|p2a: Milotic\n|-heal|p2a: Milotic|51/100\n|move|p1b: Kingambit|Iron Head|p2b: Sinistcha\n|-damage|p2b: Sinistcha|27/100\n|\n|-weather|Sandstorm|[upkeep]\n|-damage|p2a: Milotic|46/100|[from] Sandstorm\n|-damage|p2b: Sinistcha|21/100|[from] Sandstorm\n|upkeep\n|turn|4\n|inactive|rauliito_adh has 30 seconds left.\n|\n|t:|1776635386\n|move|p2b: Sinistcha|Rage Powder|p2b: Sinistcha\n|-singleturn|p2b: Sinistcha|move: Rage Powder\n|move|p1b: Kingambit|Sucker Punch||[still]\n|-fail|p1b: Kingambit\n|move|p1a: Garchomp|Rock Slide|p2b: Sinistcha|[spread] p2a,p2b\n|-damage|p2a: Milotic|25/100\n|-damage|p2b: Sinistcha|6/100\n|cant|p2a: Milotic|flinch\n|\n|-weather|Sandstorm|[upkeep]\n|-damage|p2a: Milotic|19/100|[from] Sandstorm\n|-damage|p2b: Sinistcha|0 fnt|[from] Sandstorm\n|faint|p2b: Sinistcha\n|upkeep\n|\n|t:|1776635394\n|switch|p2b: Sneasler|Sneasler, L50, F|100/100\n|turn|5\n|\n|t:|1776635401\n|move|p1a: Garchomp|Protect|p1a: Garchomp\n|-singleturn|p1a: Garchomp|Protect\n|move|p1b: Kingambit|Protect|p1b: Kingambit\n|-singleturn|p1b: Kingambit|Protect\n|move|p2b: Sneasler|Close Combat|p1a: Garchomp\n|-activate|p1a: Garchomp|move: Protect\n|move|p2a: Milotic|Recover|p2a: Milotic\n|-heal|p2a: Milotic|69/100\n|\n|-weather|none\n|upkeep\n|turn|6\n|\n|t:|1776635421\n|move|p2b: Sneasler|Protect|p2b: Sneasler\n|-singleturn|p2b: Sneasler|Protect\n|move|p1b: Kingambit|Sucker Punch||[still]\n|-fail|p1b: Kingambit\n|move|p1a: Garchomp|Dragon Claw|p2a: Milotic\n|-crit|p2a: Milotic\n|-damage|p2a: Milotic|0 fnt\n|faint|p2a: Milotic\n|\n|upkeep\n|c|\u2606JaimeLX|man u need to go a casino right now\n|\n|t:|1776635445\n|switch|p2a: Tyranitar|Tyranitar-Mega, L50, F|76/100\n|-weather|Sandstorm|[from] ability: Sand Stream|[of] p2a: Tyranitar\n|turn|7\n|\n|t:|1776635460\n|move|p1b: Kingambit|Protect|p1b: Kingambit\n|-singleturn|p1b: Kingambit|Protect\n|move|p2b: Sneasler|Close Combat|p1a: Garchomp\n|-damage|p1a: Garchomp|0 fnt\n|-unboost|p2b: Sneasler|def|1\n|-unboost|p2b: Sneasler|spd|1\n|-damage|p2b: Sneasler|88/100|[from] ability: Rough Skin|[of] p1a: Garchomp\n|faint|p1a: Garchomp\n|-enditem|p2b: Sneasler|White Herb\n|-clearnegativeboost|p2b: Sneasler|[silent]\n|move|p2a: Tyranitar|Low Kick|p1b: Kingambit\n|-activate|p1b: Kingambit|move: Protect\n|\n|-weather|Sandstorm|[upkeep]\n|-damage|p2b: Sneasler|83/100|[from] Sandstorm\n|upkeep\n|c|\u2606rauliito_adh|ya, perdon por la robada\n|c|\u2606JaimeLX|np\n|inactive|rauliito_adh has 30 seconds left.\n|inactive|rauliito_adh has 20 seconds left.\n|inactive|rauliito_adh has 15 seconds left.\n|inactive|rauliito_adh has 10 seconds left.\n|inactive|rauliito_adh has 5 seconds left.\n|\n|t:|1776635511\n|switch|p1a: Gardevoir|Gardevoir, L50, M, shiny|100/100\n|turn|8\n|\n|t:|1776635520\n|detailschange|p1a: Gardevoir|Gardevoir-Mega, L50, M, shiny\n|-mega|p1a: Gardevoir|Gardevoir|Gardevoirite\n|move|p2b: Sneasler|Protect|p2b: Sneasler\n|-singleturn|p2b: Sneasler|Protect\n|move|p1b: Kingambit|Protect||[still]\n|-fail|p1b: Kingambit\n|move|p2a: Tyranitar|Low Kick|p1b: Kingambit\n|-supereffective|p1b: Kingambit|2\n|-enditem|p1b: Kingambit|Chople Berry|[eat]\n|-enditem|p1b: Kingambit|Chople Berry|[weaken]\n|-damage|p1b: Kingambit|0 fnt\n|faint|p1b: Kingambit\n|move|p1a: Gardevoir|Trick Room|p1a: Gardevoir\n|-fieldstart|move: Trick Room|[of] p1a: Gardevoir\n|\n|-weather|Sandstorm|[upkeep]\n|-damage|p1a: Gardevoir|95/100|[from] Sandstorm\n|-damage|p2b: Sneasler|77/100|[from] Sandstorm\n|upkeep\n|\n|t:|1776635531\n|switch|p1b: Basculegion|Basculegion, L50, M, shiny|100/100\n|turn|9\n|\n|t:|1776635545\n|move|p2a: Tyranitar|Protect|p2a: Tyranitar\n|-singleturn|p2a: Tyranitar|Protect\n|move|p1b: Basculegion|Wave Crash|p2a: Tyranitar\n|-activate|p2a: Tyranitar|move: Protect\n|move|p1a: Gardevoir|Psyshock|p2b: Sneasler\n|-supereffective|p2b: Sneasler|2\n|-damage|p2b: Sneasler|0 fnt\n|faint|p2b: Sneasler\n|\n|-weather|Sandstorm|[upkeep]\n|-damage|p1b: Basculegion|95/100|[from] Sandstorm\n|-damage|p1a: Gardevoir|89/100|[from] Sandstorm\n|upkeep\n|turn|10\n|\n|t:|1776635555\n|move|p2a: Tyranitar|Knock Off|p1b: Basculegion\n|-supereffective|p1b: Basculegion|1\n|-damage|p1b: Basculegion|0 fnt\n|-enditem|p1b: Basculegion|Sitrus Berry|[from] move: Knock Off|[of] p2a: Tyranitar\n|faint|p1b: Basculegion\n|move|p1a: Gardevoir|Hyper Voice|p2a: Tyranitar\n|-supereffective|p2a: Tyranitar|1\n|-damage|p2a: Tyranitar|1/100\n|\n|-weather|Sandstorm|[upkeep]\n|-damage|p1a: Gardevoir|83/100|[from] Sandstorm\n|upkeep\n|turn|11\n|inactive|rauliito_adh has 30 seconds left.\n|\n|t:|1776635585\n|move|p2a: Tyranitar|Knock Off|p1a: Gardevoir\n|-damage|p1a: Gardevoir|32/100\n|move|p1a: Gardevoir|Hyper Voice|p2a: Tyranitar\n|-supereffective|p2a: Tyranitar|1\n|-damage|p2a: Tyranitar|0 fnt\n|faint|p2a: Tyranitar\n|\n|win|rauliito_adh\n|raw|rauliito_adh's rating: 1452 &rarr; <strong>1471</strong><br />(+19 for winning)\n|raw|JaimeLX's rating: 1433 &rarr; <strong>1414</strong><br />(-19 for losing)\n",
  "uploadtime": 1776635585,
  "views": 11,
  "formatid": "gen9championsvgc2026regma",
  "rating": 1414,
  "private": 0,
  "password": null
}