{
  "id": "gen9championsvgc2026regma-2586031999",
  "format": "[Gen 9 Champions] VGC 2026 Reg M-A",
  "players": [
    "the_real_janine_17",
    "Meltan808"
  ],
  "log": "|j|\u2606the_real_janine_17\n|j|\u2606Meltan808\n|t:|1776392060\n|gametype|doubles\n|player|p1|the_real_janine_17|janine|1141\n|player|p2|Meltan808|lance-masters|1085\n|gen|9\n|tier|[Gen 9 Champions] VGC 2026 Reg M-A\n|rated|\n|rule|Species Clause: Limit one of each Pok\u00e9mon\n|rule|Item Clause: Limit 1 of each item\n|clearpoke\n|poke|p1|Rotom-Wash, L50|\n|poke|p1|Gallade, L50, M|\n|poke|p1|Sinistcha-Masterpiece, L50|\n|poke|p1|Aerodactyl, L50, F|\n|poke|p1|Tyranitar, L50, M|\n|poke|p1|Excadrill, L50, F|\n|poke|p2|Archaludon, L50, F|\n|poke|p2|Sinistcha, L50|\n|poke|p2|Palafin, L50, M|\n|poke|p2|Basculegion, L50, M|\n|poke|p2|Pelipper, L50, F|\n|poke|p2|Dragonite, L50, F|\n|teampreview|4\n|inactive|Battle timer is ON: inactive players will automatically lose when time's up. (requested by Meltan808)\n|\n|t:|1776392070\n|teamsize|p1|4\n|teamsize|p2|4\n|start\n|switch|p1a: Aerodactyl|Aerodactyl, L50, F|100/100\n|switch|p1b: Excadrill|Excadrill, L50, F|100/100\n|switch|p2a: Marina|Dragonite, L50, F, shiny|100/100\n|switch|p2b: Shazam|Palafin, L50, M|100/100\n|-ability|p1a: Aerodactyl|Unnerve\n|turn|1\n|\n|t:|1776392088\n|detailschange|p2a: Marina|Dragonite-Mega, L50, F, shiny\n|-mega|p2a: Marina|Dragonite|Dragoninite\n|move|p2a: Marina|Protect|p2a: Marina\n|-singleturn|p2a: Marina|Protect\n|move|p2b: Shazam|Flip Turn|p1a: Aerodactyl\n|-supereffective|p1a: Aerodactyl|1\n|-damage|p1a: Aerodactyl|37/100\n|\n|t:|1776392096\n|detailschange|p2b: Shazam|Palafin-Hero, L50, M\n|switch|p2b: Peeko|Pelipper, L50, F, shiny|100/100|[from] Flip Turn\n|-weather|RainDance|[from] ability: Drizzle|[of] p2b: Peeko\n|move|p1a: Aerodactyl|Tailwind|p1a: Aerodactyl\n|-sidestart|p1: the_real_janine_17|move: Tailwind\n|move|p1b: Excadrill|Rock Slide|p2b: Peeko|[spread] p2b\n|-activate|p2a: Marina|move: Protect\n|-supereffective|p2b: Peeko|1\n|-damage|p2b: Peeko|48/100\n|\n|-weather|RainDance|[upkeep]\n|upkeep\n|turn|2\n|\n|t:|1776392119\n|switch|p1a: Tyranitar|Tyranitar, L50, M|100/100\n|-weather|Sandstorm|[from] ability: Sand Stream|[of] p1a: Tyranitar\n|move|p1b: Excadrill|Rock Slide|p2b: Peeko|[spread] p2b\n|-miss|p1b: Excadrill|p2a: Marina\n|-supereffective|p2b: Peeko|1\n|-damage|p2b: Peeko|0 fnt\n|faint|p2b: Peeko\n|move|p2a: Marina|Thunder|p1a: Tyranitar|[miss]\n|-miss|p2a: Marina|p1a: Tyranitar\n|\n|-weather|Sandstorm|[upkeep]\n|-damage|p2a: Marina|94/100|[from] Sandstorm\n|upkeep\n|l|\u2606the_real_janine_17\n|inactive|the_real_janine_17 disconnected and has a minute to reconnect!\n|player|p1|\n|\n|t:|1776392132\n|switch|p2b: Shazam|Palafin-Hero, L50, M|100/100\n|-activate|p2b: Shazam|ability: Zero to Hero\n|turn|3\n|j|\u2606the_real_janine_17\n|inactive|the_real_janine_17 reconnected and has 45 seconds left.\n|player|p1|the_real_janine_17|janine|\n|\n|t:|1776392155\n|switch|p1a: Rotom|Rotom-Wash, L50|100/100\n|move|p2a: Marina|Protect|p2a: Marina\n|-singleturn|p2a: Marina|Protect\n|move|p1b: Excadrill|Earthquake|p2a: Marina|[spread] p2b\n|-activate|p2a: Marina|move: Protect\n|-immune|p1a: Rotom|[from] ability: Levitate\n|-damage|p2b: Shazam|34/100\n|move|p2b: Shazam|Liquidation|p1a: Rotom\n|-resisted|p1a: Rotom|1\n|-damage|p1a: Rotom|74/100\n|\n|-weather|Sandstorm|[upkeep]\n|-damage|p2b: Shazam|28/100|[from] Sandstorm\n|-damage|p1a: Rotom|69/100|[from] Sandstorm\n|-damage|p2a: Marina|88/100|[from] Sandstorm\n|-heal|p1a: Rotom|74/100|[from] item: Leftovers\n|upkeep\n|turn|4\n|\n|t:|1776392172\n|switch|p2a: Green Day|Sinistcha, L50|100/100\n|-heal|p2b: Shazam|52/100|[from] ability: Hospitality|[of] p2a: Green Day\n|move|p1b: Excadrill|Rock Slide|p2b: Shazam|[spread] p2a,p2b\n|-damage|p2a: Green Day|80/100\n|-damage|p2b: Shazam|24/100\n|cant|p2b: Shazam|flinch\n|move|p1a: Rotom|Light Screen|p1a: Rotom\n|-sidestart|p1: the_real_janine_17|move: Light Screen\n|\n|-weather|Sandstorm|[upkeep]\n|-damage|p2b: Shazam|18/100|[from] Sandstorm\n|-damage|p1a: Rotom|69/100|[from] Sandstorm\n|-damage|p2a: Green Day|74/100|[from] Sandstorm\n|-heal|p1a: Rotom|74/100|[from] item: Leftovers\n|-sideend|p1: the_real_janine_17|move: Tailwind\n|upkeep\n|turn|5\n|\n|t:|1776392195\n|move|p2b: Shazam|Liquidation|p1b: Excadrill\n|-supereffective|p1b: Excadrill|1\n|-damage|p1b: Excadrill|0 fnt\n|faint|p1b: Excadrill\n|move|p1a: Rotom|Thunderbolt|p2b: Shazam\n|-supereffective|p2b: Shazam|1\n|-damage|p2b: Shazam|0 fnt\n|faint|p2b: Shazam\n|move|p2a: Green Day|Matcha Gotcha|p1a: Rotom\n|-supereffective|p1a: Rotom|1\n|-damage|p1a: Rotom|25/100\n|-heal|p2a: Green Day|95/100|[from] drain|[of] p1a: Rotom\n|\n|-weather|Sandstorm|[upkeep]\n|-damage|p1a: Rotom|20/100|[from] Sandstorm\n|-damage|p2a: Green Day|89/100|[from] Sandstorm\n|-heal|p1a: Rotom|25/100|[from] item: Leftovers\n|upkeep\n|\n|t:|1776392211\n|switch|p2b: Marina|Dragonite-Mega, L50, F, shiny|88/100\n|switch|p1b: Tyranitar|Tyranitar, L50, M|100/100\n|turn|6\n|\n|t:|1776392224\n|move|p2b: Marina|Protect|p2b: Marina\n|-singleturn|p2b: Marina|Protect\n|move|p1a: Rotom|Thunderbolt|p2b: Marina\n|-activate|p2b: Marina|move: Protect\n|move|p2a: Green Day|Matcha Gotcha|p1a: Rotom|[spread] p1a,p1b\n|-supereffective|p1a: Rotom|1\n|-supereffective|p1b: Tyranitar|1\n|-damage|p1a: Rotom|0 fnt\n|-heal|p2a: Green Day|100/100|[from] drain|[of] p1a: Rotom\n|-damage|p1b: Tyranitar|81/100\n|-status|p1b: Tyranitar|brn\n|-enditem|p1b: Tyranitar|Lum Berry|[eat]\n|-curestatus|p1b: Tyranitar|brn|[msg]\n|faint|p1a: Rotom\n|move|p1b: Tyranitar|Knock Off|p2a: Green Day|[miss]\n|-miss|p1b: Tyranitar|p2a: Green Day\n|\n|-weather|none\n|upkeep\n|\n|t:|1776392238\n|switch|p1a: Aerodactyl|Aerodactyl, L50, F|37/100\n|-ability|p1a: Aerodactyl|Unnerve\n|turn|7\n|\n|t:|1776392260\n|move|p1a: Aerodactyl|Rock Slide|p2a: Green Day|[spread] p2a,p2b\n|-supereffective|p2b: Marina|1\n|-damage|p2a: Green Day|81/100\n|-damage|p2b: Marina|45/100\n|cant|p2b: Marina|flinch\n|move|p2a: Green Day|Matcha Gotcha|p1a: Aerodactyl|[spread] p1a,p1b\n|-supereffective|p1b: Tyranitar|1\n|-damage|p1a: Aerodactyl|12/100\n|-heal|p2a: Green Day|93/100|[from] drain|[of] p1a: Aerodactyl\n|-damage|p1b: Tyranitar|55/100\n|-heal|p2a: Green Day|100/100|[from] drain|[of] p1b: Tyranitar\n|-status|p1b: Tyranitar|brn\n|move|p1b: Tyranitar|Knock Off|p2a: Green Day\n|-supereffective|p2a: Green Day|1\n|-damage|p2a: Green Day|56/100\n|-enditem|p2a: Green Day|Bright Powder|[from] move: Knock Off|[of] p1b: Tyranitar\n|\n|-damage|p1b: Tyranitar|49/100 brn|[from] brn\n|upkeep\n|turn|8\n|inactive|the_real_janine_17 has 30 seconds left.\n|\n|t:|1776392287\n|move|p2b: Marina|Protect|p2b: Marina\n|-singleturn|p2b: Marina|Protect\n|move|p1a: Aerodactyl|Rock Slide|p2a: Green Day|[spread] p2a\n|-activate|p2b: Marina|move: Protect\n|-damage|p2a: Green Day|35/100\n|cant|p2a: Green Day|flinch\n|move|p1b: Tyranitar|Knock Off|p2a: Green Day\n|-supereffective|p2a: Green Day|1\n|-damage|p2a: Green Day|6/100\n|\n|-damage|p1b: Tyranitar|43/100 brn|[from] brn\n|-sideend|p1: the_real_janine_17|move: Light Screen\n|upkeep\n|turn|9\n|\n|t:|1776392304\n|move|p1a: Aerodactyl|Rock Slide|p2a: Green Day|[spread] p2a\n|-miss|p1a: Aerodactyl|p2b: Marina\n|-damage|p2a: Green Day|0 fnt\n|faint|p2a: Green Day\n|move|p2b: Marina|Dragon Pulse|p1a: Aerodactyl\n|-damage|p1a: Aerodactyl|0 fnt\n|faint|p1a: Aerodactyl\n|move|p1b: Tyranitar|Rock Slide|p2b: Marina\n|-supereffective|p2b: Marina|1\n|-damage|p2b: Marina|7/100\n|\n|-damage|p1b: Tyranitar|38/100 brn|[from] brn\n|upkeep\n|turn|10\n|c|\u2606the_real_janine_17|Gg\n|\n|t:|1776392323\n|move|p2b: Marina|Dragon Pulse|p1b: Tyranitar\n|-damage|p1b: Tyranitar|0 fnt\n|faint|p1b: Tyranitar\n|\n|win|Meltan808\n|raw|the_real_janine_17's rating: 1141 &rarr; <strong>1112</strong><br />(-29 for losing)\n|raw|Meltan808's rating: 1085 &rarr; <strong>1117</strong><br />(+32 for winning)\n|l|\u2606the_real_janine_17\n|player|p1|\n",
  "uploadtime": 1776392331,
  "views": 16,
  "formatid": "gen9championsvgc2026regma",
  "rating": 1112,
  "private": 0,
  "password": null
}