{
  "id": "gen9championsvgc2026regma-2585382215",
  "format": "[Gen 9 Champions] VGC 2026 Reg M-A",
  "players": [
    "W0kMeDed",
    "Dbzone9001"
  ],
  "log": "|j|\u2606W0kMeDed\n|j|\u2606Dbzone9001\n|t:|1776343089\n|gametype|doubles\n|player|p1|W0kMeDed|palmer|1472\n|player|p2|Dbzone9001|265|1461\n|gen|9\n|tier|[Gen 9 Champions] VGC 2026 Reg M-A\n|rated|\n|rule|Species Clause: Limit one of each Pok\u00e9mon\n|rule|Item Clause: Limit 1 of each item\n|clearpoke\n|poke|p1|Starmie, L50|\n|poke|p1|Sneasler, L50, M|\n|poke|p1|Kingambit, L50, M|\n|poke|p1|Pelipper, L50, M|\n|poke|p1|Sinistcha, L50|\n|poke|p1|Basculegion-F, L50, F|\n|poke|p2|Garchomp, L50, M|\n|poke|p2|Whimsicott, L50, F|\n|poke|p2|Milotic, L50, F|\n|poke|p2|Charizard, L50, M|\n|poke|p2|Venusaur, L50, M|\n|poke|p2|Orthworm, L50, F|\n|teampreview|4\n|j| golett kombucha\n|j| Ayxir\n|l| Ayxir\n|\n|t:|1776343123\n|teamsize|p1|4\n|teamsize|p2|4\n|start\n|switch|p1a: Urien|Starmie, L50|100/100\n|switch|p1b: Vega|Sneasler, L50, M|100/100\n|switch|p2a: Garchomp|Garchomp, L50, M|100/100\n|switch|p2b: Whimsicott|Whimsicott, L50, F|100/100\n|turn|1\n|j| ayame no machi\n|\n|t:|1776343146\n|detailschange|p1a: Urien|Starmie-Mega, L50\n|-mega|p1a: Urien|Starmie|Starminite\n|move|p1b: Vega|Fake Out|p2b: Whimsicott\n|-damage|p2b: Whimsicott|83/100\n|cant|p2b: Whimsicott|flinch\n|move|p2a: Garchomp|Stomping Tantrum|p1b: Vega\n|-supereffective|p1b: Vega|1\n|-damage|p1b: Vega|0 fnt\n|faint|p1b: Vega\n|move|p1a: Urien|Ice Spinner|p2a: Garchomp\n|-supereffective|p2a: Garchomp|2\n|-damage|p2a: Garchomp|0 fnt\n|-damage|p1a: Urien|88/100|[from] ability: Rough Skin|[of] p2a: Garchomp\n|faint|p2a: Garchomp\n|\n|upkeep\n|\n|t:|1776343164\n|switch|p1b: FANG|Pelipper, L50, M|100/100\n|switch|p2a: Venusaur|Venusaur, L50, M|100/100\n|-weather|RainDance|[from] ability: Drizzle|[of] p1b: FANG\n|turn|2\n|\n|t:|1776343179\n|move|p1a: Urien|Protect|p1a: Urien\n|-singleturn|p1a: Urien|Protect\n|move|p2b: Whimsicott|Tailwind|p2b: Whimsicott\n|-sidestart|p2: Dbzone9001|move: Tailwind\n|move|p2a: Venusaur|Sleep Powder|p1a: Urien\n|-activate|p1a: Urien|move: Protect\n|move|p1b: FANG|Tailwind|p1b: FANG\n|-sidestart|p1: W0kMeDed|move: Tailwind\n|\n|-weather|RainDance|[upkeep]\n|upkeep\n|turn|3\n|\n|t:|1776343200\n|move|p2b: Whimsicott|Encore|p1a: Urien\n|-start|p1a: Urien|Encore\n|move|p1a: Urien|Protect||[still]\n|-fail|p1a: Urien\n|move|p1b: FANG|Hurricane|p2b: Whimsicott\n|-supereffective|p2b: Whimsicott|1\n|-damage|p2b: Whimsicott|0 fnt\n|faint|p2b: Whimsicott\n|move|p2a: Venusaur|Giga Drain|p1b: FANG\n|-damage|p1b: FANG|43/100\n|\n|-weather|RainDance|[upkeep]\n|upkeep\n|\n|t:|1776343212\n|switch|p2b: Charizard|Charizard, L50, M|100/100\n|turn|4\n|\n|t:|1776343239\n|switch|p1b: Basculegion-M|Basculegion-F, L50, F|100/100\n|detailschange|p2b: Charizard|Charizard-Mega-Y, L50, M\n|-mega|p2b: Charizard|Charizard|Charizardite Y\n|-weather|SunnyDay|[from] ability: Drought|[of] p2b: Charizard\n|move|p1a: Urien|Protect|p1a: Urien\n|-singleturn|p1a: Urien|Protect\n|move|p2a: Venusaur|Giga Drain|p1b: Basculegion-M\n|-supereffective|p1b: Basculegion-M|1\n|-damage|p1b: Basculegion-M|11/100\n|move|p2b: Charizard|Heat Wave|p1b: Basculegion-M|[spread] p1b\n|-activate|p1a: Urien|move: Protect\n|-resisted|p1b: Basculegion-M|1\n|-damage|p1b: Basculegion-M|0 fnt\n|faint|p1b: Basculegion-M\n|\n|-weather|SunnyDay|[upkeep]\n|upkeep\n|\n|t:|1776343251\n|switch|p1b: FANG|Pelipper, L50, M|43/100\n|-weather|RainDance|[from] ability: Drizzle|[of] p1b: FANG\n|turn|5\n|\n|t:|1776343267\n|move|p1a: Urien|Protect|p1a: Urien\n|-singleturn|p1a: Urien|Protect\n|move|p2b: Charizard|Air Slash|p1a: Urien\n|-activate|p1a: Urien|move: Protect\n|move|p1b: FANG|Weather Ball|p2b: Charizard\n|-supereffective|p2b: Charizard|1\n|-crit|p2b: Charizard\n|-damage|p2b: Charizard|0 fnt\n|faint|p2b: Charizard\n|move|p2a: Venusaur|Giga Drain|p1a: Urien\n|-activate|p1a: Urien|move: Protect\n|\n|-weather|RainDance|[upkeep]\n|-end|p1a: Urien|Encore\n|-sideend|p2: Dbzone9001|move: Tailwind\n|-sideend|p1: W0kMeDed|move: Tailwind\n|upkeep\n|turn|6\n|\n|t:|1776343283\n|move|p1a: Urien|Ice Spinner|p2a: Venusaur\n|-supereffective|p2a: Venusaur|1\n|-damage|p2a: Venusaur|0 fnt\n|faint|p2a: Venusaur\n|\n|win|W0kMeDed\n|raw|W0kMeDed's rating: 1472 &rarr; <strong>1491</strong><br />(+19 for winning)\n|raw|Dbzone9001's rating: 1461 &rarr; <strong>1442</strong><br />(-19 for losing)\n|l| golett kombucha\n|l|\u2606W0kMeDed\n|player|p1|\n",
  "uploadtime": 1776343297,
  "views": 39,
  "formatid": "gen9championsvgc2026regma",
  "rating": 1442,
  "private": 0,
  "password": null
}