{
  "id": "gen9championsvgc2026regma-2586649413",
  "format": "[Gen 9 Champions] VGC 2026 Reg M-A",
  "players": [
    "Kyooby",
    "Semdino9"
  ],
  "log": "|j|\u2606Kyooby\n|j|\u2606Semdino9\n|t:|1776449367\n|gametype|doubles\n|player|p1|Kyooby|volkner|1121\n|player|p2|Semdino9|169|1072\n|gen|9\n|tier|[Gen 9 Champions] VGC 2026 Reg M-A\n|rated|\n|rule|Species Clause: Limit one of each Pok\u00e9mon\n|rule|Item Clause: Limit 1 of each item\n|clearpoke\n|poke|p1|Maushold-Four, L50|\n|poke|p1|Floette-Eternal, L50, F|\n|poke|p1|Espathra, L50, M|\n|poke|p1|Kommo-o, L50, M|\n|poke|p1|Kingambit, L50, M|\n|poke|p1|Heliolisk, L50, M|\n|poke|p2|Tyranitar, L50, F|\n|poke|p2|Goodra-Hisui, L50, M|\n|poke|p2|Garchomp, L50, M|\n|poke|p2|Sneasler, L50, M|\n|poke|p2|Sinistcha, L50|\n|poke|p2|Sylveon, L50, M|\n|teampreview|4\n|inactive|Battle timer is ON: inactive players will automatically lose when time's up. (requested by Kyooby)\n|inactive|Kyooby has 60 seconds left.\n|\n|t:|1776449415\n|teamsize|p1|4\n|teamsize|p2|4\n|start\n|switch|p1a: Espathra|Espathra, L50, M|100/100\n|switch|p1b: Floette|Floette-Eternal, L50, F|100/100\n|switch|p2a: Goodra|Goodra-Hisui, L50, M|100/100\n|switch|p2b: Sneasler|Sneasler, L50, M|100/100\n|turn|1\n|inactive|Kyooby has 30 seconds left.\n|inactive|Kyooby has 20 seconds left.\n|inactive|Kyooby has 15 seconds left.\n|\n|t:|1776449458\n|switch|p1a: Maushold|Maushold-Four, L50|100/100\n|detailschange|p1b: Floette|Floette-Mega, L50, F\n|-mega|p1b: Floette|Floette|Floettite\n|-ability|p1b: Floette|Fairy Aura\n|move|p2b: Sneasler|Fake Out|p1a: Maushold\n|-damage|p1a: Maushold|81/100\n|move|p1b: Floette|Calm Mind|p1b: Floette\n|-boost|p1b: Floette|spa|1\n|-boost|p1b: Floette|spd|1\n|move|p2a: Goodra|Flash Cannon|p1b: Floette\n|-supereffective|p1b: Floette|1\n|-damage|p1b: Floette|71/100\n|\n|upkeep\n|turn|2\n|inactive|Kyooby has 30 seconds left.\n|inactive|Semdino9 has 30 seconds left.\n|\n|t:|1776449492\n|move|p1a: Maushold|Follow Me|p1a: Maushold\n|-singleturn|p1a: Maushold|move: Follow Me\n|move|p2b: Sneasler|Dire Claw|p1a: Maushold\n|-damage|p1a: Maushold|28/100\n|move|p1b: Floette|Moonblast|p2b: Sneasler\n|-damage|p2b: Sneasler|0 fnt\n|faint|p2b: Sneasler\n|move|p2a: Goodra|Flash Cannon|p1a: Maushold\n|-damage|p1a: Maushold|0 fnt\n|faint|p1a: Maushold\n|\n|upkeep\n|\n|t:|1776449508\n|switch|p2b: Tyranitar|Tyranitar, L50, F|100/100\n|switch|p1a: Kommo-o|Kommo-o, L50, M|100/100\n|-weather|Sandstorm|[from] ability: Sand Stream|[of] p2b: Tyranitar\n|turn|3\n|inactive|Kyooby has 30 seconds left.\n|\n|t:|1776449539\n|move|p2b: Tyranitar|Protect|p2b: Tyranitar\n|-singleturn|p2b: Tyranitar|Protect\n|move|p1b: Floette|Dazzling Gleam|p2a: Goodra|[spread] p2a\n|-activate|p2b: Tyranitar|move: Protect\n|-damage|p2a: Goodra|52/100\n|move|p1a: Kommo-o|Aura Sphere|p2b: Tyranitar\n|-activate|p2b: Tyranitar|move: Protect\n|move|p2a: Goodra|Flash Cannon|p1b: Floette\n|-supereffective|p1b: Floette|1\n|-damage|p1b: Floette|31/100\n|\n|-weather|Sandstorm|[upkeep]\n|-damage|p1b: Floette|25/100|[from] Sandstorm\n|-heal|p2a: Goodra|58/100|[from] item: Leftovers\n|upkeep\n|turn|4\n|\n|t:|1776449563\n|switch|p2b: Sylveon|Sylveon, L50, M|100/100\n|move|p1b: Floette|Dazzling Gleam|p2b: Sylveon|[spread] p2a,p2b\n|-damage|p2a: Goodra|10/100\n|-damage|p2b: Sylveon|57/100\n|move|p1a: Kommo-o|Aura Sphere|p2a: Goodra\n|-supereffective|p2a: Goodra|1\n|-damage|p2a: Goodra|0 fnt\n|faint|p2a: Goodra\n|\n|-weather|Sandstorm|[upkeep]\n|-damage|p1b: Floette|19/100|[from] Sandstorm\n|-damage|p2b: Sylveon|51/100|[from] Sandstorm\n|upkeep\n|\n|t:|1776449575\n|switch|p2a: Tyranitar|Tyranitar, L50, F|100/100\n|turn|5\n|\n|t:|1776449586\n|move|p1a: Kommo-o|Protect|p1a: Kommo-o\n|-singleturn|p1a: Kommo-o|Protect\n|move|p2a: Tyranitar|Protect|p2a: Tyranitar\n|-singleturn|p2a: Tyranitar|Protect\n|move|p1b: Floette|Moonblast|p2b: Sylveon\n|-damage|p2b: Sylveon|0 fnt\n|faint|p2b: Sylveon\n|\n|-weather|Sandstorm|[upkeep]\n|-damage|p1b: Floette|13/100|[from] Sandstorm\n|upkeep\n|turn|6\n|-message|Semdino9 forfeited.\n|\n|win|Kyooby\n|raw|Kyooby's rating: 1121 &rarr; <strong>1142</strong><br />(+21 for winning)\n|raw|Semdino9's rating: 1072 &rarr; <strong>1054</strong><br />(-18 for losing)\n",
  "uploadtime": 1776449594,
  "views": 26,
  "formatid": "gen9championsvgc2026regma",
  "rating": 1054,
  "private": 0,
  "password": null
}