{
  "id": "gen9championsvgc2026regma-2586180397",
  "format": "[Gen 9 Champions] VGC 2026 Reg M-A",
  "players": [
    "potentvapors",
    "foreclosure"
  ],
  "log": "|j|\u2606potentvapors\n|j|\u2606foreclosure\n|t:|1776409199\n|gametype|doubles\n|player|p1|potentvapors|flannery|1031\n|player|p2|foreclosure|1|1048\n|gen|9\n|tier|[Gen 9 Champions] VGC 2026 Reg M-A\n|rated|\n|rule|Species Clause: Limit one of each Pok\u00e9mon\n|rule|Item Clause: Limit 1 of each item\n|clearpoke\n|poke|p1|Manectric, L50, M|\n|poke|p1|Slowking-Galar, L50, F|\n|poke|p1|Umbreon, L50, F|\n|poke|p1|Typhlosion, L50, M|\n|poke|p1|Raichu, L50, F|\n|poke|p1|Gallade, L50, M|\n|poke|p2|Gengar, L50, M|\n|poke|p2|Typhlosion-Hisui, L50, F|\n|poke|p2|Maushold-Four, L50|\n|poke|p2|Torkoal, L50, M|\n|poke|p2|Whimsicott, L50, M|\n|poke|p2|Venusaur, L50, M|\n|teampreview|4\nforeclosure rejected open team sheets.\n|inactive|Battle timer is ON: inactive players will automatically lose when time's up. (requested by foreclosure)\n|\n|t:|1776409228\n|teamsize|p1|4\n|teamsize|p2|4\n|start\n|switch|p1a: Manectric|Manectric, L50, M, shiny|100/100\n|switch|p1b: Raichu|Raichu, L50, F|100/100\n|switch|p2a: Torkoal|Torkoal, L50, M|100/100\n|switch|p2b: Maushold|Maushold-Four, L50|100/100\n|-weather|SunnyDay|[from] ability: Drought|[of] p2a: Torkoal\n|turn|1\n|inactive|potentvapors has 30 seconds left.\n|inactive|foreclosure has 30 seconds left.\n|inactive|potentvapors has 20 seconds left.\n|inactive|foreclosure has 20 seconds left.\n|inactive|potentvapors has 15 seconds left.\n|\n|t:|1776409269\n|detailschange|p1a: Manectric|Manectric-Mega, L50, M, shiny\n|-mega|p1a: Manectric|Manectric|Manectite\n|-ability|p1a: Manectric|Intimidate|boost\n|-unboost|p2a: Torkoal|atk|1\n|-unboost|p2b: Maushold|atk|1\n|move|p1a: Manectric|Discharge|p2b: Maushold|[spread] p2a,p2b\n|-ability|p1b: Raichu|Lightning Rod|boost\n|-boost|p1b: Raichu|spa|1\n|-damage|p2a: Torkoal|66/100\n|-damage|p2b: Maushold|54/100\n|move|p2b: Maushold|Population Bomb|p1a: Manectric\n|-damage|p1a: Manectric|96/100\n|-damage|p1a: Manectric|91/100\n|-damage|p1a: Manectric|85/100\n|-damage|p1a: Manectric|80/100\n|-damage|p1a: Manectric|75/100\n|-crit|p1a: Manectric\n|-damage|p1a: Manectric|64/100\n|-damage|p1a: Manectric|59/100\n|-damage|p1a: Manectric|54/100\n|-crit|p1a: Manectric\n|-damage|p1a: Manectric|42/100\n|-damage|p1a: Manectric|37/100\n|-hitcount|p1a: Manectric|10\n|move|p1b: Raichu|Thunderbolt|p2b: Maushold\n|-damage|p2b: Maushold|0 fnt\n|faint|p2b: Maushold\n|move|p2a: Torkoal|Eruption|p1b: Raichu|[spread] p1a,p1b\n|-damage|p1a: Manectric|0 fnt\n|-damage|p1b: Raichu|12/100\n|faint|p1a: Manectric\n|\n|-weather|SunnyDay|[upkeep]\n|upkeep\n|inactive|potentvapors has 30 seconds left.\n|inactive|foreclosure has 30 seconds left.\n|inactive|potentvapors has 20 seconds left.\n|\n|t:|1776409308\n|switch|p1a: Gallade|Gallade, L50, M, shiny|100/100\n|switch|p2b: Gengar|Gengar, L50, M|100/100\n|turn|2\n|inactive|potentvapors has 30 seconds left.\n|inactive|potentvapors has 20 seconds left.\n|\n|t:|1776409345\n|switch|p1b: Typhlosion|Typhlosion, L50, M, shiny|100/100\n|detailschange|p2b: Gengar|Gengar-Mega, L50, M\n|-mega|p2b: Gengar|Gengar|Gengarite\n|move|p2b: Gengar|Sludge Wave|p1a: Gallade|[spread] p2a,p1a,p1b\n|-damage|p2a: Torkoal|4/100\n|-damage|p1a: Gallade|52/100\n|-damage|p1b: Typhlosion|39/100\n|move|p1a: Gallade|Aqua Cutter|p2a: Torkoal\n|-supereffective|p2a: Torkoal|1\n|-damage|p2a: Torkoal|0 fnt\n|faint|p2a: Torkoal\n|\n|-weather|SunnyDay|[upkeep]\n|upkeep\n|\n|t:|1776409354\n|switch|p2a: Whimsicott|Whimsicott, L50, M|100/100\n|turn|3\n|\n|t:|1776409377\n|move|p2a: Whimsicott|Protect|p2a: Whimsicott\n|-singleturn|p2a: Whimsicott|Protect\n|move|p1b: Typhlosion|Eruption|p2a: Whimsicott|[spread] p2b\n|-activate|p2a: Whimsicott|move: Protect\n|-damage|p2b: Gengar|53/100\n|move|p2b: Gengar|Sludge Wave|p1a: Gallade|[spread] p1a,p1b\n|-activate|p2a: Whimsicott|move: Protect\n|-damage|p1a: Gallade|5/100\n|-damage|p1b: Typhlosion|0 fnt\n|faint|p1b: Typhlosion\n|move|p1a: Gallade|Shadow Claw|p2b: Gengar\n|-supereffective|p2b: Gengar|1\n|-damage|p2b: Gengar|0 fnt\n|faint|p2b: Gengar\n|\n|-weather|SunnyDay|[upkeep]\n|upkeep\n|\n|t:|1776409394\n|switch|p1b: Raichu|Raichu, L50, F|12/100\n|turn|4\n|inactive|potentvapors has 30 seconds left.\n|\n|t:|1776409420\n|move|p1b: Raichu|Fake Out|p2a: Whimsicott\n|-damage|p2a: Whimsicott|93/100\n|cant|p2a: Whimsicott|flinch\n|move|p1a: Gallade|Psycho Cut|p2a: Whimsicott\n|-damage|p2a: Whimsicott|40/100\n|\n|-weather|SunnyDay|[upkeep]\n|-heal|p2a: Whimsicott|46/100|[from] item: Leftovers\n|upkeep\n|turn|5\n|inactive|potentvapors has 30 seconds left.\n|\n|t:|1776409454\n|move|p2a: Whimsicott|Protect|p2a: Whimsicott\n|-singleturn|p2a: Whimsicott|Protect\n|move|p1b: Raichu|Alluring Voice|p2a: Whimsicott\n|-activate|p2a: Whimsicott|move: Protect\n|move|p1a: Gallade|Psycho Cut|p2a: Whimsicott\n|-activate|p2a: Whimsicott|move: Protect\n|\n|-weather|none\n|-heal|p2a: Whimsicott|52/100|[from] item: Leftovers\n|upkeep\n|turn|6\n|inactive|foreclosure has 30 seconds left.\n|inactive|foreclosure has 20 seconds left.\n|inactive|foreclosure has 15 seconds left.\n|\n|t:|1776409498\n|move|p2a: Whimsicott|Substitute|p2a: Whimsicott\n|-start|p2a: Whimsicott|Substitute\n|-damage|p2a: Whimsicott|27/100\n|move|p1b: Raichu|Alluring Voice|p2a: Whimsicott\n|-damage|p2a: Whimsicott|2/100\n|move|p1a: Gallade|Psycho Cut|p2a: Whimsicott\n|-end|p2a: Whimsicott|Substitute\n|\n|-heal|p2a: Whimsicott|8/100|[from] item: Leftovers\n|upkeep\n|turn|7\n|-message|foreclosure forfeited.\n|\n|win|potentvapors\n|raw|potentvapors's rating: 1031 &rarr; <strong>1068</strong><br />(+37 for winning)\n|raw|foreclosure's rating: 1048 &rarr; <strong>1030</strong><br />(-18 for losing)\n|l|\u2606foreclosure\n|player|p2|\n",
  "uploadtime": 1776409545,
  "views": 26,
  "formatid": "gen9championsvgc2026regma",
  "rating": 1030,
  "private": 0,
  "password": null
}