{
  "id": "gen9championsvgc2026regma-2580672517",
  "format": "[Gen 9 Champions] VGC 2026 Reg M-A",
  "players": [
    "moonpersonman",
    "RandomGuyInSchool"
  ],
  "log": "|j|\u2606moonpersonman\n|j|\u2606RandomGuyInSchool\n|t:|1775923121\n|gametype|doubles\n|player|p1|moonpersonman|lady|1121\n|player|p2|RandomGuyInSchool|schoolkid-gen4|1060\n|gen|9\n|tier|[Gen 9 Champions] VGC 2026 Reg M-A\n|rated|\n|rule|Species Clause: Limit one of each Pok\u00e9mon\n|rule|Item Clause: Limit 1 of each item\n|clearpoke\n|poke|p1|Crabominable, L50, F|\n|poke|p1|Farigiraf, L50, F|\n|poke|p1|Sinistcha, L50|\n|poke|p1|Sneasler, L50, F|\n|poke|p1|Tyranitar, L50, F|\n|poke|p1|Azumarill, L50, M|\n|poke|p2|Azumarill, L50, F|\n|poke|p2|Farigiraf, L50, F|\n|poke|p2|Incineroar, L50, M|\n|poke|p2|Pelipper, L50, M|\n|poke|p2|Basculegion, L50, M|\n|poke|p2|Floette-Eternal, L50, F|\n|teampreview|4\n|inactive|Battle timer is ON: inactive players will automatically lose when time's up. (requested by RandomGuyInSchool)\nRandomGuyInSchool rejected open team sheets.\n|inactive|moonpersonman has 60 seconds left.\n|inactive|RandomGuyInSchool has 60 seconds left.\n|inactive|RandomGuyInSchool has 30 seconds left.\n|inactive|RandomGuyInSchool has 20 seconds left.\n|inactive|RandomGuyInSchool has 15 seconds left.\n|\n|t:|1775923198\n|teamsize|p1|4\n|teamsize|p2|4\n|start\n|switch|p1a: Farigiraf|Farigiraf, L50, F|100/100\n|switch|p1b: Crabominable|Crabominable, L50, F|100/100\n|switch|p2a: Floette|Floette-Eternal, L50, F|100/100\n|switch|p2b: Incineroar|Incineroar, L50, M|100/100\n|-ability|p2b: Incineroar|Intimidate|boost\n|-unboost|p1a: Farigiraf|atk|1\n|-fail|p1b: Crabominable|unboost|Attack|[from] ability: Hyper Cutter|[of] p1b: Crabominable\n|turn|1\n|\n|t:|1775923217\n|detailschange|p2a: Floette|Floette-Mega, L50, F\n|-mega|p2a: Floette|Floette|Floettite\n|-ability|p2a: Floette|Fairy Aura\n|move|p1b: Crabominable|Protect|p1b: Crabominable\n|-singleturn|p1b: Crabominable|Protect\n|move|p2a: Floette|Calm Mind|p2a: Floette\n|-boost|p2a: Floette|spa|1\n|-boost|p2a: Floette|spd|1\n|move|p2b: Incineroar|Will-O-Wisp|p1b: Crabominable\n|-activate|p1b: Crabominable|move: Protect\n|move|p1a: Farigiraf|Trick Room|p1a: Farigiraf\n|-fieldstart|move: Trick Room|[of] p1a: Farigiraf\n|\n|upkeep\n|turn|2\n|\n|t:|1775923234\n|detailschange|p1b: Crabominable|Crabominable-Mega, L50, F\n|-mega|p1b: Crabominable|Crabominable|Crabominite\n|move|p2a: Floette|Protect|p2a: Floette\n|-singleturn|p2a: Floette|Protect\n|move|p1b: Crabominable|Ice Hammer|p2a: Floette\n|-activate|p2a: Floette|move: Protect\n|move|p2b: Incineroar|Will-O-Wisp|p1b: Crabominable\n|-status|p1b: Crabominable|brn\n|move|p1a: Farigiraf|Hyper Voice|p2a: Floette|[spread] p2b\n|-activate|p2a: Floette|move: Protect\n|-damage|p2b: Incineroar|73/100\n|\n|-damage|p1b: Crabominable|95/100 brn|[from] brn\n|upkeep\n|turn|3\n|\n|t:|1775923258\n|switch|p2a: Farigiraf|Farigiraf, L50, F|100/100\n|move|p1b: Crabominable|Ice Hammer|p2a: Farigiraf\n|-damage|p2a: Farigiraf|73/100\n|-unboost|p1b: Crabominable|spe|1\n|move|p2b: Incineroar|Parting Shot|p1a: Farigiraf\n|-unboost|p1a: Farigiraf|atk|1\n|-unboost|p1a: Farigiraf|spa|1\n|\n|t:|1775923267\n|switch|p2b: Floette|Floette-Mega, L50, F|100/100|[from] Parting Shot\n|-ability|p2b: Floette|Fairy Aura\n|move|p1a: Farigiraf|Hyper Voice|p2b: Floette|[spread] p2a,p2b\n|-damage|p2a: Farigiraf|52/100\n|-damage|p2b: Floette|86/100\n|\n|-damage|p1b: Crabominable|89/100 brn|[from] brn\n|upkeep\n|turn|4\n|\n|t:|1775923281\n|switch|p2a: Incineroar|Incineroar, L50, M|73/100\n|-ability|p2a: Incineroar|Intimidate|boost\n|-unboost|p1a: Farigiraf|atk|1\n|-unboost|p1b: Crabominable|atk|1\n|move|p1b: Crabominable|Ice Hammer|p2b: Floette\n|-damage|p2b: Floette|59/100\n|-unboost|p1b: Crabominable|spe|1\n|move|p1a: Farigiraf|Hyper Voice|p2b: Floette|[spread] p2a,p2b\n|-damage|p2a: Incineroar|54/100\n|-damage|p2b: Floette|46/100\n|move|p2b: Floette|Calm Mind|p2b: Floette\n|-boost|p2b: Floette|spa|1\n|-boost|p2b: Floette|spd|1\n|\n|-damage|p1b: Crabominable|83/100 brn|[from] brn\n|upkeep\n|turn|5\n|\n|t:|1775923302\n|move|p1b: Crabominable|Drain Punch|p2a: Incineroar\n|-supereffective|p2a: Incineroar|1\n|-damage|p2a: Incineroar|26/100\n|-heal|p1b: Crabominable|97/100 brn|[from] drain|[of] p2a: Incineroar\n|move|p2a: Incineroar|Parting Shot|p1a: Farigiraf\n|-unboost|p1a: Farigiraf|atk|1\n|-unboost|p1a: Farigiraf|spa|1\n|\n|t:|1775923313\n|switch|p2a: Farigiraf|Farigiraf, L50, F|52/100|[from] Parting Shot\n|move|p1a: Farigiraf|Hyper Voice|p2b: Floette|[spread] p2a,p2b\n|-damage|p2a: Farigiraf|38/100\n|-damage|p2b: Floette|39/100\n|move|p2b: Floette|Calm Mind|p2b: Floette\n|-boost|p2b: Floette|spa|1\n|-boost|p2b: Floette|spd|1\n|\n|-damage|p1b: Crabominable|91/100 brn|[from] brn\n|-fieldend|move: Trick Room\n|upkeep\n|turn|6\n|\n|t:|1775923328\n|move|p2a: Farigiraf|Helping Hand|p2b: Floette\n|-singleturn|p2b: Floette|Helping Hand|[of] p2a: Farigiraf\n|move|p2b: Floette|Draining Kiss|p1a: Farigiraf\n|-damage|p1a: Farigiraf|0 fnt\n|-heal|p2b: Floette|100/100|[from] drain|[of] p1a: Farigiraf\n|faint|p1a: Farigiraf\n|move|p1b: Crabominable|Ice Hammer|p2b: Floette\n|-crit|p2b: Floette\n|-damage|p2b: Floette|31/100\n|-unboost|p1b: Crabominable|spe|1\n|\n|-damage|p1b: Crabominable|85/100 brn|[from] brn\n|upkeep\n|\n|t:|1775923345\n|switch|p1a: Tyranitar|Tyranitar, L50, F|100/100\n|-weather|Sandstorm|[from] ability: Sand Stream|[of] p1a: Tyranitar\n|turn|7\n|\n|t:|1775923357\n|move|p2a: Farigiraf|Helping Hand|p2b: Floette\n|-singleturn|p2b: Floette|Helping Hand|[of] p2a: Farigiraf\n|move|p1a: Tyranitar|Protect|p1a: Tyranitar\n|-singleturn|p1a: Tyranitar|Protect\n|move|p2b: Floette|Draining Kiss|p1a: Tyranitar\n|-activate|p1a: Tyranitar|move: Protect\n|move|p1b: Crabominable|Ice Hammer|p2b: Floette\n|-damage|p2b: Floette|1/100\n|-unboost|p1b: Crabominable|spe|1\n|\n|-weather|Sandstorm|[upkeep]\n|-damage|p2b: Floette|0 fnt|[from] Sandstorm\n|-damage|p2a: Farigiraf|31/100|[from] Sandstorm\n|-damage|p1b: Crabominable|79/100 brn|[from] Sandstorm\n|faint|p2b: Floette\n|-damage|p1b: Crabominable|74/100 brn|[from] brn\n|upkeep\n|\n|t:|1775923364\n|switch|p2b: Incineroar|Incineroar, L50, M|26/100\n|-ability|p2b: Incineroar|Intimidate|boost\n|-unboost|p1a: Tyranitar|atk|1\n|-unboost|p1b: Crabominable|atk|1\n|turn|8\n|\n|t:|1775923383\n|switch|p1a: Sinistcha|Sinistcha, L50|100/100\n|-heal|p1b: Crabominable|99/100 brn|[from] ability: Hospitality|[of] p1a: Sinistcha\n|move|p2a: Farigiraf|Ally Switch|p2a: Farigiraf\n|swap|p2a: Farigiraf|1|[from] move: Ally Switch\n|move|p2a: Incineroar|Will-O-Wisp|p1a: Sinistcha\n|-status|p1a: Sinistcha|brn\n|move|p1b: Crabominable|Drain Punch|p2b: Farigiraf\n|-damage|p2b: Farigiraf|21/100\n|-heal|p1b: Crabominable|100/100 brn|[from] drain|[of] p2b: Farigiraf\n|\n|-weather|Sandstorm|[upkeep]\n|-damage|p1a: Sinistcha|94/100 brn|[from] Sandstorm\n|-damage|p2b: Farigiraf|15/100|[from] Sandstorm\n|-damage|p2a: Incineroar|20/100|[from] Sandstorm\n|-damage|p1b: Crabominable|95/100 brn|[from] Sandstorm\n|-damage|p1a: Sinistcha|88/100 brn|[from] brn\n|-damage|p1b: Crabominable|89/100 brn|[from] brn\n|upkeep\n|turn|9\n|\n|t:|1775923403\n|switch|p2b: Azumarill|Azumarill, L50, F|100/100\n|move|p2a: Incineroar|Parting Shot|p1a: Sinistcha\n|-unboost|p1a: Sinistcha|atk|1\n|-unboost|p1a: Sinistcha|spa|1\n|\n|t:|1775923406\n|switch|p2a: Farigiraf|Farigiraf, L50, F|15/100|[from] Parting Shot\n|move|p1b: Crabominable|Drain Punch|p2a: Farigiraf\n|-damage|p2a: Farigiraf|5/100\n|-heal|p1b: Crabominable|94/100 brn|[from] drain|[of] p2a: Farigiraf\n|move|p1a: Sinistcha|Trick Room|p1a: Sinistcha\n|-fieldstart|move: Trick Room|[of] p1a: Sinistcha\n|\n|-weather|Sandstorm|[upkeep]\n|-damage|p1b: Crabominable|88/100 brn|[from] Sandstorm\n|-damage|p2b: Azumarill|95/100|[from] Sandstorm\n|-damage|p2a: Farigiraf|0 fnt|[from] Sandstorm\n|-damage|p1a: Sinistcha|82/100 brn|[from] Sandstorm\n|faint|p2a: Farigiraf\n|-damage|p1b: Crabominable|82/100 brn|[from] brn\n|-damage|p1a: Sinistcha|76/100 brn|[from] brn\n|upkeep\n|\n|t:|1775923410\n|switch|p2a: Incineroar|Incineroar, L50, M|20/100\n|-ability|p2a: Incineroar|Intimidate|boost\n|-unboost|p1a: Sinistcha|atk|1\n|-unboost|p1b: Crabominable|atk|1\n|turn|10\n|\n|t:|1775923428\n|move|p1b: Crabominable|Drain Punch|p2a: Incineroar\n|-supereffective|p2a: Incineroar|1\n|-damage|p2a: Incineroar|3/100\n|-heal|p1b: Crabominable|91/100 brn|[from] drain|[of] p2a: Incineroar\n|move|p2b: Azumarill|Belly Drum|p2b: Azumarill\n|-damage|p2b: Azumarill|45/100\n|-setboost|p2b: Azumarill|atk|6|[from] move: Belly Drum\n|-enditem|p2b: Azumarill|Sitrus Berry|[eat]\n|-heal|p2b: Azumarill|69/100|[from] item: Sitrus Berry\n|move|p2a: Incineroar|Parting Shot|p1a: Sinistcha\n|-unboost|p1a: Sinistcha|atk|1\n|-unboost|p1a: Sinistcha|spa|1\n|move|p1a: Sinistcha|Matcha Gotcha|p2a: Incineroar|[spread] p2a,p2b\n|-resisted|p2a: Incineroar|1\n|-supereffective|p2b: Azumarill|1\n|-damage|p2a: Incineroar|0 fnt\n|-heal|p1a: Sinistcha|77/100 brn|[from] drain|[of] p2a: Incineroar\n|-damage|p2b: Azumarill|42/100\n|-heal|p1a: Sinistcha|93/100 brn|[from] drain|[of] p2b: Azumarill\n|faint|p2a: Incineroar\n|\n|-weather|Sandstorm|[upkeep]\n|-damage|p1b: Crabominable|85/100 brn|[from] Sandstorm\n|-damage|p2b: Azumarill|36/100|[from] Sandstorm\n|-damage|p1a: Sinistcha|87/100 brn|[from] Sandstorm\n|-damage|p1b: Crabominable|79/100 brn|[from] brn\n|-damage|p1a: Sinistcha|81/100 brn|[from] brn\n|upkeep\n|turn|11\n|inactive|moonpersonman has 30 seconds left.\n|inactive|moonpersonman has 20 seconds left.\n|inactive|moonpersonman has 15 seconds left.\n|inactive|moonpersonman has 10 seconds left.\n|\n|t:|1775923477\n|switch|p1b: Tyranitar|Tyranitar, L50, F|100/100\n|move|p2b: Azumarill|Play Rough|p1a: Sinistcha\n|-damage|p1a: Sinistcha|0 fnt\n|faint|p1a: Sinistcha\n|\n|-weather|none\n|upkeep\n|\n|t:|1775923484\n|switch|p1a: Crabominable|Crabominable-Mega, L50, F|79/100 brn\n|turn|12\n|\n|t:|1775923498\n|move|p2b: Azumarill|Protect|p2b: Azumarill\n|-singleturn|p2b: Azumarill|Protect\n|move|p1b: Tyranitar|Protect|p1b: Tyranitar\n|-singleturn|p1b: Tyranitar|Protect\n|move|p1a: Crabominable|Drain Punch|p2b: Azumarill\n|-activate|p2b: Azumarill|move: Protect\n|\n|-damage|p1a: Crabominable|73/100 brn|[from] brn\n|upkeep\n|turn|13\n|\n|t:|1775923513\n|move|p1a: Crabominable|Ice Hammer|p2b: Azumarill\n|-resisted|p2b: Azumarill|1\n|-damage|p2b: Azumarill|17/100\n|-unboost|p1a: Crabominable|spe|1\n|move|p2b: Azumarill|Play Rough|p1b: Tyranitar\n|-supereffective|p1b: Tyranitar|1\n|-damage|p1b: Tyranitar|0 fnt\n|faint|p1b: Tyranitar\n|\n|-damage|p1a: Crabominable|67/100 brn|[from] brn\n|-fieldend|move: Trick Room\n|upkeep\n|turn|14\n|\n|t:|1775923524\n|move|p2b: Azumarill|Protect|p2b: Azumarill\n|-singleturn|p2b: Azumarill|Protect\n|move|p1a: Crabominable|Ice Hammer|p2b: Azumarill\n|-activate|p2b: Azumarill|move: Protect\n|\n|-damage|p1a: Crabominable|61/100 brn|[from] brn\n|upkeep\n|turn|15\n|c|\u2606RandomGuyInSchool|ggwp\n|\n|t:|1775923535\n|move|p1a: Crabominable|Mach Punch|p2b: Azumarill\n|-resisted|p2b: Azumarill|1\n|-damage|p2b: Azumarill|8/100\n|move|p2b: Azumarill|Play Rough|p1a: Crabominable\n|-supereffective|p1a: Crabominable|1\n|-damage|p1a: Crabominable|0 fnt\n|faint|p1a: Crabominable\n|\n|win|RandomGuyInSchool\n|raw|moonpersonman's rating: 1121 &rarr; <strong>1092</strong><br />(-29 for losing)\n|raw|RandomGuyInSchool's rating: 1060 &rarr; <strong>1096</strong><br />(+36 for winning)\n|l|\u2606moonpersonman\n|player|p1|\n",
  "uploadtime": 1775923562,
  "views": 10,
  "formatid": "gen9championsvgc2026regma",
  "rating": 1092,
  "private": 0,
  "password": null
}