{
  "id": "gen9championsvgc2026regma-2586560664",
  "format": "[Gen 9 Champions] VGC 2026 Reg M-A",
  "players": [
    "shayyi",
    "SMuscheS"
  ],
  "log": "|j|\u2606shayyi\n|j|\u2606SMuscheS\n|t:|1776443099\n|gametype|doubles\n|player|p1|shayyi|102|1106\n|player|p2|SMuscheS|2|1108\n|gen|9\n|tier|[Gen 9 Champions] VGC 2026 Reg M-A\n|rated|\n|rule|Species Clause: Limit one of each Pok\u00e9mon\n|rule|Item Clause: Limit 1 of each item\n|clearpoke\n|poke|p1|Lucario, L50, F|\n|poke|p1|Tauros-Paldea-Aqua, L50, M|\n|poke|p1|Incineroar, L50, F|\n|poke|p1|Aerodactyl, L50, F|\n|poke|p1|Sinistcha, L50|\n|poke|p1|Garchomp, L50, F|\n|poke|p2|Toxapex, L50, F|\n|poke|p2|Scovillain, L50, M|\n|poke|p2|Incineroar, L50, F|\n|poke|p2|Corviknight, L50, M|\n|poke|p2|Raichu, L50, M|\n|poke|p2|Tyranitar, L50, M|\n|teampreview|4\n|inactive|Battle timer is ON: inactive players will automatically lose when time's up. (requested by SMuscheS)\n|inactive|SMuscheS has 60 seconds left.\n|\n|t:|1776443135\n|teamsize|p1|4\n|teamsize|p2|4\n|start\n|switch|p1a: Aerodactyl|Aerodactyl, L50, F|100/100\n|switch|p1b: Tauros|Tauros-Paldea-Aqua, L50, M|100/100\n|switch|p2a: Incineroar|Incineroar, L50, F|100/100\n|switch|p2b: Scovillain|Scovillain, L50, M|100/100\n|-ability|p1a: Aerodactyl|Unnerve\n|-ability|p1b: Tauros|Intimidate|boost\n|-unboost|p2a: Incineroar|atk|1\n|-unboost|p2b: Scovillain|atk|1\n|-ability|p2a: Incineroar|Intimidate|boost\n|-unboost|p1a: Aerodactyl|atk|1\n|-unboost|p1b: Tauros|atk|1\n|-enditem|p1b: Tauros|White Herb\n|-clearnegativeboost|p1b: Tauros|[silent]\n|turn|1\n|\n|t:|1776443150\n|switch|p2a: Toxapex|Toxapex, L50, F|100/100\n|move|p1a: Aerodactyl|Protect|p1a: Aerodactyl\n|-singleturn|p1a: Aerodactyl|Protect\n|move|p1b: Tauros|Protect|p1b: Tauros\n|-singleturn|p1b: Tauros|Protect\n|move|p2b: Scovillain|Protect||[still]\n|-fail|p2b: Scovillain\n|\n|upkeep\n|turn|2\n|inactive|SMuscheS has 30 seconds left.\n|\n|t:|1776443177\n|switch|p2b: Incineroar|Incineroar, L50, F|100/100\n|-ability|p2b: Incineroar|Intimidate|boost\n|-unboost|p1a: Aerodactyl|atk|1\n|-unboost|p1b: Tauros|atk|1\n|move|p1a: Aerodactyl|Rock Slide|p2a: Toxapex|[spread] p2a\n|-miss|p1a: Aerodactyl|p2b: Incineroar\n|-damage|p2a: Toxapex|91/100\n|move|p1b: Tauros|Wave Crash|p2b: Incineroar\n|-supereffective|p2b: Incineroar|1\n|-damage|p2b: Incineroar|29/100\n|-damage|p1b: Tauros|71/100|[from] Recoil\n|cant|p2a: Toxapex|flinch\n|\n|upkeep\n|turn|3\n|inactive|shayyi has 30 seconds left.\n|\n|t:|1776443212\n|switch|p2b: Scovillain|Scovillain, L50, M|100/100\n|move|p1b: Tauros|Protect|p1b: Tauros\n|-singleturn|p1b: Tauros|Protect\n|move|p1a: Aerodactyl|Rock Slide|p2a: Toxapex|[spread] p2a,p2b\n|-supereffective|p2b: Scovillain|1\n|-damage|p2a: Toxapex|83/100\n|-damage|p2b: Scovillain|66/100\n|move|p2a: Toxapex|Infestation|p1a: Aerodactyl\n|-resisted|p1a: Aerodactyl|1\n|-damage|p1a: Aerodactyl|98/100\n|-activate|p1a: Aerodactyl|move: Infestation|[of] p2a: Toxapex\n|\n|-damage|p1a: Aerodactyl|86/100|[from] move: Infestation|[partiallytrapped]\n|upkeep\n|turn|4\n|\n|t:|1776443235\n|move|p2b: Scovillain|Protect|p2b: Scovillain\n|-singleturn|p2b: Scovillain|Protect\n|move|p2a: Toxapex|Baneful Bunker|p2a: Toxapex\n|-singleturn|p2a: Toxapex|move: Protect\n|move|p1a: Aerodactyl|Rock Slide|p2a: Toxapex|[spread] \n|-activate|p2a: Toxapex|move: Protect\n|-activate|p2b: Scovillain|move: Protect\n|move|p1b: Tauros|Wave Crash|p2b: Scovillain\n|-activate|p2b: Scovillain|move: Protect\n|\n|-damage|p1a: Aerodactyl|73/100|[from] move: Infestation|[partiallytrapped]\n|upkeep\n|turn|5\n|\n|t:|1776443252\n|detailschange|p2b: Scovillain|Scovillain-Mega, L50, M\n|-mega|p2b: Scovillain|Scovillain|Scovillainite\n|move|p2a: Toxapex|Wide Guard|p2a: Toxapex\n|-singleturn|p2a: Toxapex|Wide Guard\n|move|p1a: Aerodactyl|Rock Slide|p2b: Scovillain|[spread] \n|-activate|p2a: Toxapex|move: Wide Guard\n|-activate|p2b: Scovillain|move: Wide Guard\n|move|p1b: Tauros|Wave Crash|p2b: Scovillain\n|-damage|p2b: Scovillain|25/100\n|-status|p1b: Tauros|brn|[from] ability: Spicy Spray|[of] p2b: Scovillain\n|-damage|p1b: Tauros|56/100 brn|[from] Recoil\n|move|p2b: Scovillain|Leech Seed|p1b: Tauros\n|-start|p1b: Tauros|move: Leech Seed\n|\n|-damage|p1b: Tauros|44/100 brn|[from] Leech Seed|[of] p2b: Scovillain\n|-heal|p2b: Scovillain|36/100|[silent]\n|-damage|p1b: Tauros|38/100 brn|[from] brn\n|-damage|p1a: Aerodactyl|61/100|[from] move: Infestation|[partiallytrapped]\n|upkeep\n|turn|6\n|inactive|shayyi has 30 seconds left.\n|\n|t:|1776443285\n|switch|p1b: Incineroar|Incineroar, L50, F|100/100\n|-ability|p1b: Incineroar|Intimidate|boost\n|-unboost|p2a: Toxapex|atk|1\n|-unboost|p2b: Scovillain|atk|1\n|move|p2b: Scovillain|Protect|p2b: Scovillain\n|-singleturn|p2b: Scovillain|Protect\n|move|p1a: Aerodactyl|Rock Slide|p2a: Toxapex|[spread] p2a\n|-activate|p2b: Scovillain|move: Protect\n|-damage|p2a: Toxapex|74/100\n|cant|p2a: Toxapex|flinch\n|\n|-damage|p1a: Aerodactyl|49/100|[from] move: Infestation|[partiallytrapped]\n|upkeep\n|turn|7\n|\n|t:|1776443303\n|switch|p2b: Incineroar|Incineroar, L50, F|29/100\n|-ability|p2b: Incineroar|Intimidate|boost\n|-unboost|p1a: Aerodactyl|atk|1\n|-unboost|p1b: Incineroar|atk|1\n|move|p1b: Incineroar|Fake Out|p2b: Incineroar\n|-damage|p2b: Incineroar|21/100\n|move|p1a: Aerodactyl|Rock Slide|p2b: Incineroar|[spread] p2b\n|-miss|p1a: Aerodactyl|p2a: Toxapex\n|-supereffective|p2b: Incineroar|1\n|-damage|p2b: Incineroar|0 fnt\n|faint|p2b: Incineroar\n|move|p2a: Toxapex|Infestation|p1b: Incineroar\n|-damage|p1b: Incineroar|98/100\n|-activate|p1b: Incineroar|move: Infestation|[of] p2a: Toxapex\n|\n|-end|p1a: Aerodactyl|Infestation|[partiallytrapped]\n|-damage|p1b: Incineroar|86/100|[from] move: Infestation|[partiallytrapped]\n|upkeep\n|\n|t:|1776443318\n|switch|p2b: Tyranitar|Tyranitar, L50, M|100/100\n|-weather|Sandstorm|[from] ability: Sand Stream|[of] p2b: Tyranitar\n|turn|8\n|\n|t:|1776443335\n|switch|p1a: Tauros|Tauros-Paldea-Aqua, L50, M|38/100 brn\n|-ability|p1a: Tauros|Intimidate|boost\n|-unboost|p2a: Toxapex|atk|1\n|-unboost|p2b: Tyranitar|atk|1\n|move|p2b: Tyranitar|Rock Slide|p1b: Incineroar|[spread] p1a,p1b\n|-resisted|p1a: Tauros|1\n|-supereffective|p1b: Incineroar|1\n|-damage|p1a: Tauros|27/100 brn\n|-damage|p1b: Incineroar|44/100\n|move|p1b: Incineroar|Parting Shot|p2b: Tyranitar\n|-unboost|p2b: Tyranitar|atk|1\n|-unboost|p2b: Tyranitar|spa|1\n|\n|t:|1776443346\n|switch|p1b: Aerodactyl|Aerodactyl, L50, F|49/100|[from] Parting Shot\n|-ability|p1b: Aerodactyl|Unnerve\n|move|p2a: Toxapex|Infestation|p1a: Tauros\n|-resisted|p1a: Tauros|1\n|-damage|p1a: Tauros|25/100 brn\n|-activate|p1a: Tauros|move: Infestation|[of] p2a: Toxapex\n|\n|-weather|Sandstorm|[upkeep]\n|-damage|p1a: Tauros|19/100 brn|[from] Sandstorm\n|-damage|p2a: Toxapex|68/100|[from] Sandstorm\n|-damage|p1a: Tauros|13/100 brn|[from] brn\n|-damage|p1a: Tauros|1/100 brn|[from] move: Infestation|[partiallytrapped]\n|upkeep\n|turn|9\n|\n|t:|1776443361\n|move|p1b: Aerodactyl|Rock Slide|p2b: Tyranitar|[spread] p2a,p2b\n|-damage|p2a: Toxapex|48/100\n|-damage|p2b: Tyranitar|78/100\n|move|p2b: Tyranitar|Rock Slide|p1b: Aerodactyl|[spread] p1a,p1b\n|-resisted|p1a: Tauros|1\n|-supereffective|p1b: Aerodactyl|1\n|-damage|p1a: Tauros|0 fnt\n|-damage|p1b: Aerodactyl|0 fnt\n|faint|p1a: Tauros\n|faint|p1b: Aerodactyl\n|cant|p2a: Toxapex|flinch\n|\n|-weather|Sandstorm|[upkeep]\n|-damage|p2a: Toxapex|42/100|[from] Sandstorm\n|upkeep\n|\n|t:|1776443374\n|switch|p1b: Lucario|Lucario, L50, F|100/100\n|switch|p1a: Incineroar|Incineroar, L50, F|44/100\n|-ability|p1a: Incineroar|Intimidate|boost\n|-unboost|p2a: Toxapex|atk|1\n|-unboost|p2b: Tyranitar|atk|1\n|turn|10\n|\n|t:|1776443393\n|switch|p2a: Scovillain|Scovillain-Mega, L50, M|36/100\n|detailschange|p1b: Lucario|Lucario-Mega, L50, F\n|-mega|p1b: Lucario|Lucario|Lucarionite\n|move|p1b: Lucario|Bullet Punch|p2a: Scovillain\n|-resisted|p2a: Scovillain|1\n|-damage|p2a: Scovillain|20/100\n|-status|p1b: Lucario|brn|[from] ability: Spicy Spray|[of] p2a: Scovillain\n|move|p2b: Tyranitar|Rock Slide|p1b: Lucario|[spread] p1a,p1b\n|-supereffective|p1a: Incineroar|1\n|-resisted|p1b: Lucario|2\n|-damage|p1a: Incineroar|20/100\n|-damage|p1b: Lucario|97/100 brn\n|move|p1a: Incineroar|Flare Blitz|p2b: Tyranitar\n|-resisted|p2b: Tyranitar|1\n|-damage|p2b: Tyranitar|57/100\n|-damage|p1a: Incineroar|14/100|[from] Recoil\n|\n|-weather|Sandstorm|[upkeep]\n|-damage|p2a: Scovillain|14/100|[from] Sandstorm\n|-damage|p1a: Incineroar|8/100|[from] Sandstorm\n|-damage|p1b: Lucario|91/100 brn|[from] brn\n|upkeep\n|turn|11\n|\n|t:|1776443414\n|move|p2b: Tyranitar|Rock Slide|p1b: Lucario|[spread] p1a,p1b\n|-supereffective|p1a: Incineroar|1\n|-crit|p1a: Incineroar\n|-resisted|p1b: Lucario|2\n|-damage|p1a: Incineroar|0 fnt\n|-damage|p1b: Lucario|87/100 brn\n|faint|p1a: Incineroar\n|cant|p1b: Lucario|flinch\n|move|p2a: Scovillain|Flare Blitz|p1b: Lucario\n|-supereffective|p1b: Lucario|1\n|-damage|p1b: Lucario|0 fnt\n|faint|p1b: Lucario\n|-damage|p2a: Scovillain|0 fnt|[from] Recoil\n|faint|p2a: Scovillain\n|\n|win|SMuscheS\n|raw|shayyi's rating: 1106 &rarr; <strong>1081</strong><br />(-25 for losing)\n|raw|SMuscheS's rating: 1108 &rarr; <strong>1133</strong><br />(+25 for winning)\n",
  "uploadtime": 1776443427,
  "views": 28,
  "formatid": "gen9championsvgc2026regma",
  "rating": 1081,
  "private": 0,
  "password": null
}