{
  "id": "gen9championsvgc2026regma-2582027969",
  "format": "[Gen 9 Champions] VGC 2026 Reg M-A",
  "players": [
    "VanillaPuddingCake",
    "clammer9"
  ],
  "log": "|j|\u2606VanillaPuddingCake\n|j|\u2606clammer9\n|t:|1776049761\n|gametype|doubles\n|player|p1|VanillaPuddingCake|101|1040\n|player|p2|clammer9|101|1000\n|gen|9\n|tier|[Gen 9 Champions] VGC 2026 Reg M-A\n|rated|\n|rule|Species Clause: Limit one of each Pok\u00e9mon\n|rule|Item Clause: Limit 1 of each item\n|clearpoke\n|poke|p1|Froslass, L50, F|\n|poke|p1|Incineroar, L50, F|\n|poke|p1|Orthworm, L50, M|\n|poke|p1|Garchomp, L50, M|\n|poke|p1|Basculegion, L50, M|\n|poke|p1|Rotom-Frost, L50|\n|poke|p2|Lucario, L50, F|\n|poke|p2|Incineroar, L50, F|\n|poke|p2|Dragapult, L50, F|\n|poke|p2|Goodra, L50, M|\n|teampreview|4\nclammer9 has agreed to open team sheets.\n|\n|t:|1776049771\n|teamsize|p1|4\n|teamsize|p2|4\n|start\n|switch|p1a: Incineroar|Incineroar, L50, F|100/100\n|switch|p1b: Orthworm|Orthworm, L50, M|100/100\n|switch|p2a: Incineroar|Incineroar, L50, F|100/100\n|switch|p2b: Goodra|Goodra, L50, M|100/100\n|-ability|p2a: Incineroar|Intimidate|boost\n|-unboost|p1a: Incineroar|atk|1\n|-unboost|p1b: Orthworm|atk|1\n|turn|1\n|\n|t:|1776049789\n|move|p1a: Incineroar|Fake Out|p2b: Goodra\n|-damage|p2b: Goodra|88/100\n|-ability|p2b: Goodra|Gooey\n|-unboost|p1a: Incineroar|spe|1\n|cant|p2b: Goodra|flinch\n|move|p1b: Orthworm|Shed Tail|p1b: Orthworm\n|-start|p1b: Orthworm|Substitute|[from] move: Shed Tail\n|-damage|p1b: Orthworm|50/100\n|-enditem|p1b: Orthworm|Sitrus Berry|[eat]\n|-heal|p1b: Orthworm|75/100|[from] item: Sitrus Berry\n|\n|t:|1776049799\n|switch|p1b: Froslass|Froslass, L50, F|100/100|[from] Shed Tail\n|move|p2a: Incineroar|Taunt|p1a: Incineroar\n|-start|p1a: Incineroar|move: Taunt\n|\n|upkeep\n|turn|2\n|\n|t:|1776049824\n|detailschange|p1b: Froslass|Froslass-Mega, L50, F\n|-mega|p1b: Froslass|Froslass|Froslassite\n|-weather|Snowscape|[from] ability: Snow Warning|[of] p1b: Froslass\n|move|p1b: Froslass|Nasty Plot|p1b: Froslass\n|-boost|p1b: Froslass|spa|2\n|move|p2b: Goodra|Flamethrower|p1b: Froslass\n|-supereffective|p1b: Froslass|1\n|-end|p1b: Froslass|Substitute\n|move|p2a: Incineroar|Flare Blitz|p1b: Froslass\n|-supereffective|p1b: Froslass|1\n|-damage|p1b: Froslass|0 fnt\n|faint|p1b: Froslass\n|-damage|p2a: Incineroar|74/100|[from] Recoil\n|move|p1a: Incineroar|Darkest Lariat|p2a: Incineroar\n|-resisted|p2a: Incineroar|1\n|-damage|p2a: Incineroar|58/100\n|\n|-weather|Snowscape|[upkeep]\n|upkeep\n|\n|t:|1776049839\n|switch|p1b: Orthworm|Orthworm, L50, M|75/100\n|turn|3\n|\n|t:|1776049850\n|switch|p1a: Garchomp|Garchomp, L50, M|100/100\n|move|p2b: Goodra|Sunny Day|p2b: Goodra\n|-weather|SunnyDay\n|move|p1b: Orthworm|Body Press|p2a: Incineroar\n|-supereffective|p2a: Incineroar|1\n|-damage|p2a: Incineroar|0 fnt\n|faint|p2a: Incineroar\n|\n|-weather|SunnyDay|[upkeep]\n|upkeep\n|\n|t:|1776049860\n|switch|p2a: Dragapult|Dragapult, L50, F|100/100\n|turn|4\n|\n|t:|1776049885\n|move|p2a: Dragapult|Dragon Darts|p1a: Garchomp\n|-supereffective|p1a: Garchomp|1\n|-damage|p1a: Garchomp|51/100\n|-anim|p2a: Dragapult|Dragon Darts|p1b: Orthworm\n|-resisted|p1b: Orthworm|1\n|-damage|p1b: Orthworm|66/100\n|move|p1a: Garchomp|Earthquake|p2b: Goodra|[spread] p2a,p2b\n|-heal|p1b: Orthworm|91/100|[from] ability: Earth Eater|[of] p1a: Garchomp\n|-damage|p2a: Dragapult|47/100\n|-damage|p2b: Goodra|41/100\n|move|p2b: Goodra|Acid Spray|p1a: Garchomp\n|-resisted|p1a: Garchomp|1\n|-damage|p1a: Garchomp|45/100\n|-unboost|p1a: Garchomp|spd|2\n|move|p1b: Orthworm|Shed Tail|p1b: Orthworm\n|-start|p1b: Orthworm|Substitute|[from] move: Shed Tail\n|-damage|p1b: Orthworm|41/100\n|\n|t:|1776049895\n|switch|p1b: Incineroar|Incineroar, L50, F|100/100|[from] Shed Tail\n|\n|-weather|SunnyDay|[upkeep]\n|upkeep\n|turn|5\n|\n|t:|1776049934\n|move|p1a: Garchomp|Protect|p1a: Garchomp\n|-singleturn|p1a: Garchomp|Protect\n|move|p2a: Dragapult|Dragon Darts|p1b: Incineroar\n|-end|p1b: Incineroar|Substitute\n|-anim|p2a: Dragapult|Dragon Darts|p1b: Incineroar\n|-damage|p1b: Incineroar|72/100\n|move|p2b: Goodra|Flamethrower|p1a: Garchomp\n|-activate|p1a: Garchomp|move: Protect\n|move|p1b: Incineroar|Darkest Lariat|p2a: Dragapult\n|-supereffective|p2a: Dragapult|1\n|-enditem|p2a: Dragapult|Colbur Berry|[eat]\n|-enditem|p2a: Dragapult|Colbur Berry|[weaken]\n|-damage|p2a: Dragapult|0 fnt\n|faint|p2a: Dragapult\n|\n|-weather|SunnyDay|[upkeep]\n|upkeep\n|\n|t:|1776049946\n|switch|p2a: Lucario|Lucario, L50, F|100/100\n|turn|6\n|\n|t:|1776049962\n|switch|p1b: Orthworm|Orthworm, L50, M|41/100\n|detailschange|p2a: Lucario|Lucario-Mega, L50, F\n|-mega|p2a: Lucario|Lucario|Lucarionite\n|move|p2a: Lucario|Vacuum Wave|p1a: Garchomp\n|-damage|p1a: Garchomp|0 fnt\n|faint|p1a: Garchomp\n|move|p2b: Goodra|Acid Spray|p1b: Orthworm\n|-immune|p1b: Orthworm\n|\n|-weather|SunnyDay|[upkeep]\n|upkeep\n|\n|t:|1776049970\n|switch|p1a: Incineroar|Incineroar, L50, F|72/100\n|turn|7\n|\n|t:|1776050012\n|move|p2a: Lucario|Detect|p2a: Lucario\n|-singleturn|p2a: Lucario|Protect\n|move|p1a: Incineroar|Fake Out|p2a: Lucario\n|-activate|p2a: Lucario|move: Protect\n|move|p2b: Goodra|Flamethrower|p1b: Orthworm\n|-supereffective|p1b: Orthworm|1\n|-damage|p1b: Orthworm|0 fnt\n|faint|p1b: Orthworm\n|\n|-weather|none\n|upkeep\n|turn|8\n|\n|t:|1776050025\n|move|p2a: Lucario|Aura Sphere|p1a: Incineroar\n|-supereffective|p1a: Incineroar|1\n|-damage|p1a: Incineroar|0 fnt\n|faint|p1a: Incineroar\n|\n|win|clammer9\n|raw|VanillaPuddingCake's rating: 1040 &rarr; <strong>1022</strong><br />(-18 for losing)\n|raw|clammer9's rating: 1000 &rarr; <strong>1045</strong><br />(+45 for winning)\n|l|\u2606VanillaPuddingCake\n|player|p1|\n",
  "uploadtime": 1776050031,
  "views": 9,
  "formatid": "gen9championsvgc2026regma",
  "rating": 1022,
  "private": 0,
  "password": null
}