{
  "id": "gen9championsvgc2026regma-2587810976",
  "format": "[Gen 9 Champions] VGC 2026 Reg M-A",
  "players": [
    "BossgodoraII",
    "RygarTB"
  ],
  "log": "|j|\u2606BossgodoraII\n|j|\u2606RygarTB\n|t:|1776566382\n|gametype|doubles\n|player|p1|BossgodoraII|gentleman-gen4|1477\n|player|p2|RygarTB|caitlin|1383\n|gen|9\n|tier|[Gen 9 Champions] VGC 2026 Reg M-A\n|rated|\n|rule|Species Clause: Limit one of each Pok\u00e9mon\n|rule|Item Clause: Limit 1 of each item\n|clearpoke\n|poke|p1|Delphox, L50, F|\n|poke|p1|Floette-Eternal, L50, F|\n|poke|p1|Sneasler, L50, M|\n|poke|p1|Aerodactyl, L50, F|\n|poke|p1|Garchomp, L50, M|\n|poke|p1|Kingambit, L50, F|\n|poke|p2|Corviknight, L50, F|\n|poke|p2|Raichu, L50, F|\n|poke|p2|Rotom-Frost, L50|\n|poke|p2|Froslass, L50, F|\n|poke|p2|Incineroar, L50, F|\n|poke|p2|Aerodactyl, L50, M|\n|teampreview|4\nBossgodoraII rejected open team sheets.\n|inactive|Battle timer is ON: inactive players will automatically lose when time's up. (requested by BossgodoraII)\n|inactive|BossgodoraII has 60 seconds left.\n|\n|t:|1776566421\n|teamsize|p1|4\n|teamsize|p2|4\n|start\n|switch|p1a: Aerodactyl|Aerodactyl, L50, F|100/100\n|switch|p1b: Sneasler|Sneasler, L50, M|100/100\n|switch|p2a: Froslass|Froslass, L50, F|100/100\n|switch|p2b: Rotom|Rotom-Frost, L50|100/100\n|-ability|p1a: Aerodactyl|Unnerve\n|turn|1\n|\n|t:|1776566438\n|detailschange|p2a: Froslass|Froslass-Mega, L50, F\n|-mega|p2a: Froslass|Froslass|Froslassite\n|-weather|Snowscape|[from] ability: Snow Warning|[of] p2a: Froslass\n|move|p1b: Sneasler|Fake Out|p2b: Rotom\n|-damage|p2b: Rotom|86/100\n|cant|p2b: Rotom|flinch\n|move|p1a: Aerodactyl|Tailwind|p1a: Aerodactyl\n|-sidestart|p1: BossgodoraII|move: Tailwind\n|move|p2a: Froslass|Aurora Veil|p2a: Froslass\n|-sidestart|p2: RygarTB|move: Aurora Veil\n|\n|-weather|Snowscape|[upkeep]\n|upkeep\n|turn|2\n|\n|t:|1776566451\n|move|p1a: Aerodactyl|Rock Slide|p2a: Froslass|[spread] p2a,p2b\n|-supereffective|p2a: Froslass|1\n|-supereffective|p2b: Rotom|1\n|-damage|p2a: Froslass|62/100\n|-damage|p2b: Rotom|56/100\n|move|p1b: Sneasler|Close Combat|p2b: Rotom\n|-supereffective|p2b: Rotom|1\n|-damage|p2b: Rotom|0 fnt\n|-unboost|p1b: Sneasler|def|1\n|-unboost|p1b: Sneasler|spd|1\n|faint|p2b: Rotom\n|-enditem|p1b: Sneasler|White Herb\n|-clearnegativeboost|p1b: Sneasler|[silent]\n|cant|p2a: Froslass|flinch\n|\n|-weather|Snowscape|[upkeep]\n|upkeep\n|\n|t:|1776566467\n|switch|p2b: Incineroar|Incineroar, L50, F|100/100\n|-ability|p2b: Incineroar|Intimidate|boost\n|-unboost|p1a: Aerodactyl|atk|1\n|-unboost|p1b: Sneasler|atk|1\n|turn|3\n|\n|t:|1776566474\n|move|p1b: Sneasler|Protect|p1b: Sneasler\n|-singleturn|p1b: Sneasler|Protect\n|move|p1a: Aerodactyl|Protect|p1a: Aerodactyl\n|-singleturn|p1a: Aerodactyl|Protect\n|move|p2b: Incineroar|Fake Out|p1a: Aerodactyl\n|-activate|p1a: Aerodactyl|move: Protect\n|move|p2a: Froslass|Blizzard|p1a: Aerodactyl|[spread] \n|-activate|p1a: Aerodactyl|move: Protect\n|-activate|p1b: Sneasler|move: Protect\n|\n|-weather|Snowscape|[upkeep]\n|upkeep\n|turn|4\n|\n|t:|1776566482\n|move|p1b: Sneasler|Close Combat|p2b: Incineroar\n|-supereffective|p2b: Incineroar|1\n|-damage|p2b: Incineroar|49/100\n|-unboost|p1b: Sneasler|def|1\n|-unboost|p1b: Sneasler|spd|1\n|move|p1a: Aerodactyl|Rock Slide|p2b: Incineroar|[spread] p2a,p2b\n|-supereffective|p2a: Froslass|1\n|-supereffective|p2b: Incineroar|1\n|-damage|p2a: Froslass|37/100\n|-damage|p2b: Incineroar|25/100\n|move|p2a: Froslass|Blizzard|p1b: Sneasler|[spread] p1a,p1b\n|-supereffective|p1a: Aerodactyl|1\n|-enditem|p1a: Aerodactyl|Focus Sash\n|-damage|p1a: Aerodactyl|1/100\n|-damage|p1b: Sneasler|8/100\n|cant|p2b: Incineroar|flinch\n|\n|-weather|Snowscape|[upkeep]\n|-sideend|p1: BossgodoraII|move: Tailwind\n|upkeep\n|turn|5\n|\n|t:|1776566503\n|switch|p2b: Raichu|Raichu, L50, F|100/100\n|move|p1b: Sneasler|Close Combat|p2b: Raichu\n|-damage|p2b: Raichu|36/100\n|-unboost|p1b: Sneasler|def|1\n|-unboost|p1b: Sneasler|spd|1\n|move|p1a: Aerodactyl|Tailwind|p1a: Aerodactyl\n|-sidestart|p1: BossgodoraII|move: Tailwind\n|move|p2a: Froslass|Blizzard|p1a: Aerodactyl|[spread] p1a,p1b\n|-supereffective|p1a: Aerodactyl|1\n|-damage|p1a: Aerodactyl|0 fnt\n|-damage|p1b: Sneasler|0 fnt\n|faint|p1a: Aerodactyl\n|faint|p1b: Sneasler\n|\n|-weather|none\n|-sideend|p2: RygarTB|move: Aurora Veil\n|upkeep\n|\n|t:|1776566507\n|switch|p1a: Delphox|Delphox, L50, F|100/100\n|switch|p1b: Kingambit|Kingambit, L50, F|100/100\n|turn|6\n|inactive|BossgodoraII has 30 seconds left.\n|inactive|RygarTB has 30 seconds left.\n|\n|t:|1776566534\n|move|p1a: Delphox|Protect|p1a: Delphox\n|-singleturn|p1a: Delphox|Protect\n|move|p1b: Kingambit|Protect|p1b: Kingambit\n|-singleturn|p1b: Kingambit|Protect\n|move|p2b: Raichu|Fake Out|p1b: Kingambit\n|-activate|p1b: Kingambit|move: Protect\n|move|p2a: Froslass|Shadow Ball|p1a: Delphox\n|-activate|p1a: Delphox|move: Protect\n|\n|upkeep\n|turn|7\n|\n|t:|1776566544\n|detailschange|p1a: Delphox|Delphox-Mega, L50, F\n|-mega|p1a: Delphox|Delphox|Delphoxite\n|move|p2a: Froslass|Protect|p2a: Froslass\n|-singleturn|p2a: Froslass|Protect\n|move|p1b: Kingambit|Sucker Punch||[still]\n|-fail|p1b: Kingambit\n|move|p1a: Delphox|Flamethrower|p2b: Raichu\n|-crit|p2b: Raichu\n|-damage|p2b: Raichu|0 fnt\n|faint|p2b: Raichu\n|\n|upkeep\n|-message|RygarTB forfeited.\n|\n|win|BossgodoraII\n|raw|BossgodoraII's rating: 1477 &rarr; <strong>1492</strong><br />(+15 for winning)\n|raw|RygarTB's rating: 1383 &rarr; <strong>1368</strong><br />(-15 for losing)\n|l|\u2606RygarTB\n|player|p2|\n",
  "uploadtime": 1776566559,
  "views": 53,
  "formatid": "gen9championsvgc2026regma",
  "rating": 1368,
  "private": 0,
  "password": null
}