{
  "id": "gen9championsvgc2026regma-2588578190",
  "format": "[Gen 9 Champions] VGC 2026 Reg M-A",
  "players": [
    "idontknow25",
    "CarajilloMan"
  ],
  "log": "|j|\u2606idontknow25\n|j|\u2606CarajilloMan\n|t:|1776646768\n|gametype|doubles\n|player|p1|idontknow25|102|1434\n|player|p2|CarajilloMan|ninjaboy|1492\n|gen|9\n|tier|[Gen 9 Champions] VGC 2026 Reg M-A\n|rated|\n|rule|Species Clause: Limit one of each Pok\u00e9mon\n|rule|Item Clause: Limit 1 of each item\n|clearpoke\n|poke|p1|Lopunny, L50, M|\n|poke|p1|Whimsicott, L50, M|\n|poke|p1|Basculegion, L50, M|\n|poke|p1|Tyranitar, L50, M|\n|poke|p1|Aegislash, L50, F|\n|poke|p1|Farigiraf, L50, M|\n|poke|p2|Froslass, L50, F|\n|poke|p2|Milotic, L50, F|\n|poke|p2|Ninetales-Alola, L50, F|\n|poke|p2|Excadrill, L50, F|\n|poke|p2|Incineroar, L50, F|\n|poke|p2|Corviknight, L50, F|\n|teampreview|4\n|j| Scarret\n|j| NanshanVGC\n|inactive|Battle timer is ON: inactive players will automatically lose when time's up. (requested by idontknow25)\n|j| TomTom_JerryJerry\n|j| Im a therian\n|inactive|idontknow25 has 60 seconds left.\n|l| Im a therian\n|\n|t:|1776646829\n|teamsize|p1|4\n|teamsize|p2|4\n|start\n|switch|p1a: Whimsicott|Whimsicott, L50, M|100/100\n|switch|p1b: Lopunny|Lopunny, L50, M|100/100\n|switch|p2a: Ninetales|Ninetales-Alola, L50, F|100/100\n|switch|p2b: Incineroar|Incineroar, L50, F|100/100\n|-weather|Snowscape|[from] ability: Snow Warning|[of] p2a: Ninetales\n|-ability|p2b: Incineroar|Intimidate|boost\n|-unboost|p1a: Whimsicott|atk|1\n|-unboost|p1b: Lopunny|atk|1\n|turn|1\n|\n|t:|1776646848\n|switch|p1a: Tyranitar|Tyranitar, L50, M|100/100\n|-weather|Sandstorm|[from] ability: Sand Stream|[of] p1a: Tyranitar\n|detailschange|p1b: Lopunny|Lopunny-Mega, L50, M\n|-mega|p1b: Lopunny|Lopunny|Lopunnite\n|move|p1b: Lopunny|Fake Out|p2a: Ninetales\n|-damage|p2a: Ninetales|84/100\n|cant|p2a: Ninetales|flinch\n|move|p2b: Incineroar|Parting Shot|p1b: Lopunny\n|-unboost|p1b: Lopunny|atk|1\n|-unboost|p1b: Lopunny|spa|1\n|\n|t:|1776646860\n|switch|p2b: Milotic|Milotic, L50, F|100/100|[from] Parting Shot\n|\n|-weather|Sandstorm|[upkeep]\n|-damage|p1b: Lopunny|95/100|[from] Sandstorm\n|-damage|p2a: Ninetales|78/100|[from] Sandstorm\n|-damage|p2b: Milotic|95/100|[from] Sandstorm\n|upkeep\n|turn|2\n|\n|t:|1776646870\n|switch|p2a: Incineroar|Incineroar, L50, F|100/100\n|-ability|p2a: Incineroar|Intimidate|boost\n|-unboost|p1a: Tyranitar|atk|1\n|-fail|p1b: Lopunny|unboost|Attack|[from] ability: Scrappy|[of] p1b: Lopunny\n|move|p1b: Lopunny|U-turn|p2b: Milotic\n|-damage|p2b: Milotic|81/100\n|j| Im a therian\n|\n|t:|1776646881\n|switch|p1b: Aegislash|Aegislash, L50, F|100/100|[from] U-turn\n|move|p1a: Tyranitar|Dragon Dance|p1a: Tyranitar\n|-boost|p1a: Tyranitar|atk|1\n|-boost|p1a: Tyranitar|spe|1\n|move|p2b: Milotic|Icy Wind|p1a: Tyranitar|[spread] p1a,p1b\n|-resisted|p1b: Aegislash|1\n|-damage|p1a: Tyranitar|94/100\n|-damage|p1b: Aegislash|95/100\n|-unboost|p1a: Tyranitar|spe|1\n|-unboost|p1b: Aegislash|spe|1\n|\n|-weather|Sandstorm|[upkeep]\n|-damage|p2b: Milotic|75/100|[from] Sandstorm\n|-damage|p2a: Incineroar|95/100|[from] Sandstorm\n|-heal|p1b: Aegislash|100/100|[from] item: Leftovers\n|upkeep\n|turn|3\n|l| Im a therian\n|\n|t:|1776646893\n|move|p2a: Incineroar|Fake Out|p1a: Tyranitar\n|-resisted|p1a: Tyranitar|1\n|-damage|p1a: Tyranitar|88/100\n|cant|p1a: Tyranitar|flinch\n|move|p2b: Milotic|Scald|p1b: Aegislash\n|-damage|p1b: Aegislash|73/100\n|-formechange|p1b: Aegislash|Aegislash-Blade|\n|move|p1b: Aegislash|Sacred Sword|p2a: Incineroar\n|-supereffective|p2a: Incineroar|1\n|-damage|p2a: Incineroar|29/100\n|\n|-weather|Sandstorm|[upkeep]\n|-damage|p2b: Milotic|69/100|[from] Sandstorm\n|-damage|p2a: Incineroar|23/100|[from] Sandstorm\n|-heal|p1b: Aegislash|79/100|[from] item: Leftovers\n|upkeep\n|turn|4\n|\n|t:|1776646914\n|switch|p1b: Whimsicott|Whimsicott, L50, M|100/100\n|move|p1a: Tyranitar|Rock Slide|p2b: Milotic|[spread] p2a,p2b\n|-supereffective|p2a: Incineroar|1\n|-damage|p2a: Incineroar|0 fnt\n|-damage|p2b: Milotic|41/100\n|-enditem|p2b: Milotic|Sitrus Berry|[eat]\n|-heal|p2b: Milotic|65/100|[from] item: Sitrus Berry\n|faint|p2a: Incineroar\n|move|p2b: Milotic|Scald|p1b: Whimsicott\n|-resisted|p1b: Whimsicott|1\n|-damage|p1b: Whimsicott|72/100\n|\n|-weather|Sandstorm|[upkeep]\n|-damage|p1b: Whimsicott|66/100|[from] Sandstorm\n|-damage|p2b: Milotic|59/100|[from] Sandstorm\n|upkeep\n|\n|t:|1776646927\n|switch|p2a: Excadrill|Excadrill, L50, F|100/100\n|-ability|p2a: Excadrill|Mold Breaker\n|turn|5\n|inactive|idontknow25 has 30 seconds left.\n|\n|t:|1776646954\n|detailschange|p2a: Excadrill|Excadrill-Mega, L50, F\n|-mega|p2a: Excadrill|Excadrill|Excadrite\n|move|p1b: Whimsicott|Moonblast|p2a: Excadrill\n|-resisted|p2a: Excadrill|1\n|-damage|p2a: Excadrill|78/100\n|move|p2a: Excadrill|High Horsepower|p1a: Tyranitar\n|-supereffective|p1a: Tyranitar|1\n|-enditem|p1a: Tyranitar|Shuca Berry|[eat]\n|-enditem|p1a: Tyranitar|Shuca Berry|[weaken]\n|-damage|p1a: Tyranitar|30/100\n|move|p1a: Tyranitar|Dragon Dance|p1a: Tyranitar\n|-boost|p1a: Tyranitar|atk|1\n|-boost|p1a: Tyranitar|spe|1\n|move|p2b: Milotic|Recover|p2b: Milotic\n|-heal|p2b: Milotic|100/100\n|\n|-weather|none\n|upkeep\n|turn|6\n|\n|t:|1776646972\n|move|p2a: Excadrill|Protect|p2a: Excadrill\n|-singleturn|p2a: Excadrill|Protect\n|move|p1b: Whimsicott|Encore|p2b: Milotic\n|-start|p2b: Milotic|Encore\n|move|p1a: Tyranitar|Low Kick|p2a: Excadrill\n|-activate|p2a: Excadrill|move: Protect\n|move|p2b: Milotic|Recover||[still]\n|-fail|p2b: Milotic|heal\n|\n|upkeep\n|turn|7\n|\n|t:|1776646990\n|switch|p2a: Ninetales|Ninetales-Alola, L50, F|78/100\n|-weather|Snowscape|[from] ability: Snow Warning|[of] p2a: Ninetales\n|move|p1b: Whimsicott|Moonblast|p2a: Ninetales\n|-damage|p2a: Ninetales|34/100\n|move|p1a: Tyranitar|Low Kick|p2a: Ninetales\n|-damage|p2a: Ninetales|17/100\n|move|p2b: Milotic|Recover||[still]\n|-fail|p2b: Milotic|heal\n|\n|-weather|Snowscape|[upkeep]\n|upkeep\n|turn|8\n|\n|t:|1776647006\n|switch|p2b: Excadrill|Excadrill-Mega, L50, F|78/100\n|move|p1b: Whimsicott|Moonblast|p2a: Ninetales\n|-damage|p2a: Ninetales|0 fnt\n|faint|p2a: Ninetales\n|move|p1a: Tyranitar|Dragon Dance|p1a: Tyranitar\n|-boost|p1a: Tyranitar|atk|1\n|-boost|p1a: Tyranitar|spe|1\n|\n|-weather|Snowscape|[upkeep]\n|upkeep\n|\n|t:|1776647010\n|switch|p2a: Milotic|Milotic, L50, F|100/100\n|turn|9\n|\n|t:|1776647029\n|move|p1a: Tyranitar|Knock Off|p2a: Milotic\n|-damage|p2a: Milotic|32/100\n|move|p1b: Whimsicott|Moonblast|p2a: Milotic\n|-damage|p2a: Milotic|4/100\n|move|p2b: Excadrill|Iron Head|p1b: Whimsicott\n|-supereffective|p1b: Whimsicott|1\n|-damage|p1b: Whimsicott|0 fnt\n|faint|p1b: Whimsicott\n|move|p2a: Milotic|Scald|p1a: Tyranitar\n|-supereffective|p1a: Tyranitar|1\n|-damage|p1a: Tyranitar|0 fnt\n|faint|p1a: Tyranitar\n|\n|-weather|Snowscape|[upkeep]\n|upkeep\n|\n|t:|1776647037\n|switch|p1b: Lopunny|Lopunny-Mega, L50, M|95/100\n|switch|p1a: Aegislash|Aegislash, L50, F|79/100\n|turn|10\n|\n|t:|1776647042\n|move|p2b: Excadrill|Protect|p2b: Excadrill\n|-singleturn|p2b: Excadrill|Protect\n|move|p2a: Milotic|Protect|p2a: Milotic\n|-singleturn|p2a: Milotic|Protect\n|move|p1b: Lopunny|Fake Out|p2b: Excadrill\n|-activate|p2b: Excadrill|move: Protect\n|-formechange|p1a: Aegislash|Aegislash-Blade|\n|move|p1a: Aegislash|Shadow Sneak|p2a: Milotic\n|-activate|p2a: Milotic|move: Protect\n|\n|-weather|Snowscape|[upkeep]\n|-heal|p1a: Aegislash|85/100|[from] item: Leftovers\n|upkeep\n|turn|11\n|\n|t:|1776647052\n|move|p2a: Milotic|Protect||[still]\n|-fail|p2a: Milotic\n|move|p1a: Aegislash|Shadow Sneak|p2a: Milotic\n|-crit|p2a: Milotic\n|-damage|p2a: Milotic|0 fnt\n|faint|p2a: Milotic\n|move|p1b: Lopunny|Close Combat|p2b: Excadrill\n|-supereffective|p2b: Excadrill|1\n|-damage|p2b: Excadrill|0 fnt\n|-unboost|p1b: Lopunny|def|1\n|-unboost|p1b: Lopunny|spd|1\n|faint|p2b: Excadrill\n|\n|win|idontknow25\n|raw|idontknow25's rating: 1434 &rarr; <strong>1457</strong><br />(+23 for winning)\n|raw|CarajilloMan's rating: 1492 &rarr; <strong>1469</strong><br />(-23 for losing)\n|l|\u2606CarajilloMan\n|player|p2|\n",
  "uploadtime": 1776647072,
  "views": 11,
  "formatid": "gen9championsvgc2026regma",
  "rating": 1457,
  "private": 0,
  "password": null
}