{
  "id": "gen9championsvgc2026regma-2583268742",
  "format": "[Gen 9 Champions] VGC 2026 Reg M-A",
  "players": [
    "UWUyamilUWU",
    "mettium18"
  ],
  "log": "|j|\u2606UWUyamilUWU\n|j|\u2606mettium18\n|t:|1776161464\n|gametype|doubles\n|player|p1|UWUyamilUWU|hugh|1000\n|player|p2|mettium18|2|1087\n|gen|9\n|tier|[Gen 9 Champions] VGC 2026 Reg M-A\n|rated|\n|rule|Species Clause: Limit one of each Pok\u00e9mon\n|rule|Item Clause: Limit 1 of each item\n|clearpoke\n|poke|p1|Gengar, L50, M|\n|poke|p1|Dragonite, L50, M|\n|poke|p1|Lucario, L50, M|\n|poke|p1|Sylveon, L50, F|\n|poke|p1|Incineroar, L50, M|\n|poke|p1|Palafin, L50, M|\n|poke|p2|Dragonite, L50, F|\n|poke|p2|Pelipper, L50, F|\n|poke|p2|Archaludon, L50, M|\n|poke|p2|Basculegion, L50, M|\n|poke|p2|Incineroar, L50, M|\n|poke|p2|Sinistcha, L50|\n|teampreview|4\n|\n|t:|1776161504\n|teamsize|p1|4\n|teamsize|p2|4\n|start\n|switch|p1a: Maquiavelo|Gengar, L50, M, shiny|100/100\n|switch|p1b: Midas|Lucario, L50, M, shiny|100/100\n|switch|p2a: Pelipper|Pelipper, L50, F|100/100\n|switch|p2b: Archaludon|Archaludon, L50, M|100/100\n|-weather|RainDance|[from] ability: Drizzle|[of] p2a: Pelipper\n|turn|1\n|inactive|Battle timer is ON: inactive players will automatically lose when time's up. (requested by mettium18)\n|\n|t:|1776161534\n|detailschange|p1b: Midas|Lucario-Mega, L50, M, shiny\n|-mega|p1b: Midas|Lucario|Lucarionite\n|move|p2b: Archaludon|Protect|p2b: Archaludon\n|-singleturn|p2b: Archaludon|Protect\n|move|p1b: Midas|Cross Chop|p2b: Archaludon\n|-activate|p2b: Archaludon|move: Protect\n|move|p1a: Maquiavelo|Perish Song|p1a: Maquiavelo\n|-start|p1a: Maquiavelo|perish3|[silent]\n|-start|p1b: Midas|perish3|[silent]\n|-start|p2a: Pelipper|perish3|[silent]\n|-start|p2b: Archaludon|perish3|[silent]\n|-fieldactivate|move: Perish Song\n|move|p2a: Pelipper|Tailwind|p2a: Pelipper\n|-sidestart|p2: mettium18|move: Tailwind\n|\n|-weather|RainDance|[upkeep]\n|-start|p2b: Archaludon|perish3\n|-start|p2a: Pelipper|perish3\n|-start|p1b: Midas|perish3\n|-start|p1a: Maquiavelo|perish3\n|upkeep\n|turn|2\n|inactive|UWUyamilUWU has 30 seconds left.\n|inactive|mettium18 has 30 seconds left.\n|\n|t:|1776161564\n|switch|p2a: Dragonite|Dragonite, L50, F|100/100\n|move|p2b: Archaludon|Electro Shot||[still]\n|-prepare|p2b: Archaludon|Electro Shot\n|-boost|p2b: Archaludon|spa|1\n|-anim|p2b: Archaludon|Electro Shot|p1a: Maquiavelo\n|-damage|p1a: Maquiavelo|5/100\n|move|p1b: Midas|Cross Chop|p2b: Archaludon\n|-supereffective|p2b: Archaludon|1\n|-damage|p2b: Archaludon|0 fnt\n|faint|p2b: Archaludon\n|move|p1a: Maquiavelo|Sludge Bomb|p2a: Dragonite\n|-damage|p2a: Dragonite|59/100\n|\n|-weather|RainDance|[upkeep]\n|-start|p1b: Midas|perish2\n|-start|p1a: Maquiavelo|perish2\n|upkeep\n|\n|t:|1776161582\n|switch|p2b: Sinistcha|Sinistcha, L50|100/100\n|-heal|p2a: Dragonite|84/100|[from] ability: Hospitality|[of] p2b: Sinistcha\n|turn|3\n|\n|t:|1776161597\n|switch|p1a: Lagoona|Sylveon, L50, F, shiny|100/100\n|detailschange|p2a: Dragonite|Dragonite-Mega, L50, F\n|-mega|p2a: Dragonite|Dragonite|Dragoninite\n|move|p1b: Midas|Protect|p1b: Midas\n|-singleturn|p1b: Midas|Protect\n|move|p2a: Dragonite|Hurricane|p1b: Midas\n|-activate|p1b: Midas|move: Protect\n|move|p2b: Sinistcha|Matcha Gotcha|p1a: Lagoona|[spread] p1a\n|-activate|p1b: Midas|move: Protect\n|-damage|p1a: Lagoona|84/100\n|\n|-weather|RainDance|[upkeep]\n|-start|p1b: Midas|perish1\n|upkeep\n|turn|4\n|inactive|mettium18 has 30 seconds left.\n|\n|t:|1776161626\n|switch|p1b: El Pelado|Incineroar, L50, M, shiny|100/100\n|-ability|p1b: El Pelado|Intimidate|boost\n|-unboost|p2a: Dragonite|atk|1\n|-unboost|p2b: Sinistcha|atk|1\n|move|p2b: Sinistcha|Rage Powder|p2b: Sinistcha\n|-singleturn|p2b: Sinistcha|move: Rage Powder\n|move|p2a: Dragonite|Hurricane|p1b: El Pelado\n|-damage|p1b: El Pelado|35/100\n|-start|p1b: El Pelado|confusion\n|move|p1a: Lagoona|Hyper Voice|p2a: Dragonite|[spread] p2a,p2b\n|-supereffective|p2a: Dragonite|1\n|-damage|p2a: Dragonite|11/100\n|-damage|p2b: Sinistcha|58/100\n|\n|-weather|RainDance|[upkeep]\n|-sideend|p2: mettium18|move: Tailwind\n|upkeep\n|turn|5\n|inactive|UWUyamilUWU has 30 seconds left.\n|\n|t:|1776161652\n|switch|p1b: Midas|Lucario-Mega, L50, M, shiny|100/100\n|move|p1a: Lagoona|Protect|p1a: Lagoona\n|-singleturn|p1a: Lagoona|Protect\n|move|p2a: Dragonite|Hurricane|p1a: Lagoona\n|-activate|p1a: Lagoona|move: Protect\n|move|p2b: Sinistcha|Matcha Gotcha|p1b: Midas|[spread] p1b\n|-activate|p1a: Lagoona|move: Protect\n|-resisted|p1b: Midas|1\n|-damage|p1b: Midas|81/100\n|-heal|p2b: Sinistcha|68/100|[from] drain|[of] p1b: Midas\n|\n|-weather|none\n|upkeep\n|turn|6\n|\n|t:|1776161675\n|switch|p2b: Pelipper|Pelipper, L50, F|100/100\n|-weather|RainDance|[from] ability: Drizzle|[of] p2b: Pelipper\n|move|p2a: Dragonite|Protect|p2a: Dragonite\n|-singleturn|p2a: Dragonite|Protect\n|move|p1b: Midas|Meteor Mash|p2a: Dragonite\n|-activate|p2a: Dragonite|move: Protect\n|move|p1a: Lagoona|Hyper Voice|p2b: Pelipper|[spread] p2b\n|-activate|p2a: Dragonite|move: Protect\n|-damage|p2b: Pelipper|28/100\n|\n|-weather|RainDance|[upkeep]\n|upkeep\n|turn|7\n|inactive|UWUyamilUWU has 30 seconds left.\n|inactive|mettium18 has 30 seconds left.\n|inactive|mettium18 has 20 seconds left.\n|\n|t:|1776161711\n|switch|p2a: Sinistcha|Sinistcha, L50|68/100\n|-heal|p2b: Pelipper|53/100|[from] ability: Hospitality|[of] p2a: Sinistcha\n|move|p1b: Midas|Bullet Punch|p2a: Sinistcha\n|-damage|p2a: Sinistcha|38/100\n|-enditem|p2a: Sinistcha|Sitrus Berry|[eat]\n|-heal|p2a: Sinistcha|63/100|[from] item: Sitrus Berry\n|move|p2b: Pelipper|Weather Ball|p1b: Midas\n|-damage|p1b: Midas|0 fnt\n|faint|p1b: Midas\n|move|p1a: Lagoona|Hyper Voice|p2b: Pelipper|[spread] p2a,p2b\n|-damage|p2a: Sinistcha|19/100\n|-damage|p2b: Pelipper|0 fnt\n|faint|p2b: Pelipper\n|\n|-weather|RainDance|[upkeep]\n|upkeep\n|\n|t:|1776161728\n|switch|p1b: El Pelado|Incineroar, L50, M, shiny|35/100\n|switch|p2b: Dragonite|Dragonite-Mega, L50, F|11/100\n|-ability|p1b: El Pelado|Intimidate|boost\n|-unboost|p2a: Sinistcha|atk|1\n|-unboost|p2b: Dragonite|atk|1\n|turn|8\n|\n|t:|1776161749\n|move|p1b: El Pelado|Fake Out|p2b: Dragonite\n|-damage|p2b: Dragonite|0 fnt\n|faint|p2b: Dragonite\n|move|p2a: Sinistcha|Matcha Gotcha|p1a: Lagoona|[spread] p1a,p1b\n|-resisted|p1b: El Pelado|1\n|-damage|p1a: Lagoona|67/100\n|-heal|p2a: Sinistcha|29/100|[from] drain|[of] p1a: Lagoona\n|-damage|p1b: El Pelado|23/100\n|-heal|p2a: Sinistcha|37/100|[from] drain|[of] p1b: El Pelado\n|move|p1a: Lagoona|Hyper Voice|p2a: Sinistcha\n|-crit|p2a: Sinistcha\n|-damage|p2a: Sinistcha|0 fnt\n|faint|p2a: Sinistcha\n|\n|win|UWUyamilUWU\n|raw|UWUyamilUWU's rating: 1000 &rarr; <strong>1050</strong><br />(+50 for winning)\n|raw|mettium18's rating: 1087 &rarr; <strong>1058</strong><br />(-29 for losing)\n",
  "uploadtime": 1776161770,
  "views": 15,
  "formatid": "gen9championsvgc2026regma",
  "rating": 1050,
  "private": 0,
  "password": null
}