{
  "id": "gen9championsvgc2026regma-2585569752",
  "format": "[Gen 9 Champions] VGC 2026 Reg M-A",
  "players": [
    "Aabraao",
    "magdalium"
  ],
  "log": "|j|\u2606Aabraao\n|j|\u2606magdalium\n|t:|1776356161\n|gametype|doubles\n|player|p1|Aabraao|169|1413\n|player|p2|magdalium|bugcatcher-gen4dp|1519\n|gen|9\n|tier|[Gen 9 Champions] VGC 2026 Reg M-A\n|rated|\n|rule|Species Clause: Limit one of each Pok\u00e9mon\n|rule|Item Clause: Limit 1 of each item\n|clearpoke\n|poke|p1|Camerupt, L50, M|\n|poke|p1|Dragapult, L50, F|\n|poke|p1|Basculegion, L50, M|\n|poke|p1|Charizard, L50, F|\n|poke|p1|Venusaur, L50, F|\n|poke|p1|Oranguru, L50, F|\n|poke|p2|Floette-Eternal, L50, F|\n|poke|p2|Delphox, L50, F|\n|poke|p2|Kingambit, L50, F|\n|poke|p2|Garchomp, L50, F|\n|poke|p2|Basculegion, L50, M|\n|poke|p2|Sinistcha, L50|\n|teampreview|4\n|inactive|Battle timer is ON: inactive players will automatically lose when time's up. (requested by Aabraao)\n|inactive|Aabraao has 60 seconds left.\n|inactive|magdalium has 60 seconds left.\n|\n|t:|1776356208\n|teamsize|p1|4\n|teamsize|p2|4\n|start\n|switch|p1a: Dragapult|Dragapult, L50, F|100/100\n|switch|p1b: Oranguru|Oranguru, L50, F|100/100\n|switch|p2a: Delphox|Delphox, L50, F|100/100\n|switch|p2b: Garchomp|Garchomp, L50, F|100/100\n|turn|1\n|j| Kowasabii5\n|\n|t:|1776356219\n|detailschange|p2a: Delphox|Delphox-Mega, L50, F\n|-mega|p2a: Delphox|Delphox|Delphoxite\n|move|p2a: Delphox|Heat Wave|p1a: Dragapult|[spread] p1a,p1b\n|-resisted|p1a: Dragapult|1\n|-damage|p1a: Dragapult|73/100\n|-damage|p1b: Oranguru|67/100\n|move|p1a: Dragapult|Dragon Darts|p2b: Garchomp\n|-supereffective|p2b: Garchomp|1\n|-damage|p2b: Garchomp|47/100\n|-anim|p1a: Dragapult|Dragon Darts|p2a: Delphox\n|-damage|p2a: Delphox|63/100\n|move|p2b: Garchomp|Dragon Claw|p1a: Dragapult\n|-supereffective|p1a: Dragapult|1\n|-damage|p1a: Dragapult|0 fnt\n|faint|p1a: Dragapult\n|move|p1b: Oranguru|Trick Room|p1b: Oranguru\n|-fieldstart|move: Trick Room|[of] p1b: Oranguru\n|\n|upkeep\n|\n|t:|1776356230\n|switch|p1a: Camerupt|Camerupt, L50, M|100/100\n|turn|2\n|\n|t:|1776356245\n|detailschange|p1a: Camerupt|Camerupt-Mega, L50, M\n|-mega|p1a: Camerupt|Camerupt|Cameruptite\n|move|p2b: Garchomp|Protect|p2b: Garchomp\n|-singleturn|p2b: Garchomp|Protect\n|move|p2a: Delphox|Protect|p2a: Delphox\n|-singleturn|p2a: Delphox|Protect\n|move|p1a: Camerupt|Earth Power|p2b: Garchomp\n|-activate|p2b: Garchomp|move: Protect\n|move|p1b: Oranguru|Expanding Force|p2a: Delphox\n|-activate|p2a: Delphox|move: Protect\n|\n|upkeep\n|turn|3\n|\n|t:|1776356256\n|move|p1a: Camerupt|Ancient Power|p2a: Delphox\n|-supereffective|p2a: Delphox|1\n|-damage|p2a: Delphox|0 fnt\n|faint|p2a: Delphox\n|move|p1b: Oranguru|Expanding Force|p2b: Garchomp\n|-damage|p2b: Garchomp|20/100\n|move|p2b: Garchomp|Earthquake|p1b: Oranguru|[spread] p1a,p1b\n|-supereffective|p1a: Camerupt|1\n|-damage|p1a: Camerupt|18/100\n|-damage|p1b: Oranguru|37/100\n|-enditem|p1b: Oranguru|Sitrus Berry|[eat]\n|-heal|p1b: Oranguru|61/100|[from] item: Sitrus Berry\n|\n|upkeep\n|\n|t:|1776356261\n|switch|p2a: Kingambit|Kingambit, L50, F|100/100\n|turn|4\n|\n|t:|1776356272\n|move|p1a: Camerupt|Protect|p1a: Camerupt\n|-singleturn|p1a: Camerupt|Protect\n|move|p2b: Garchomp|Protect|p2b: Garchomp\n|-singleturn|p2b: Garchomp|Protect\n|move|p2a: Kingambit|Sucker Punch||[still]\n|-fail|p2a: Kingambit\n|move|p1b: Oranguru|Expanding Force|p2b: Garchomp\n|-activate|p2b: Garchomp|move: Protect\n|\n|upkeep\n|turn|5\n|\n|t:|1776356282\n|switch|p1a: Venusaur|Venusaur, L50, F|100/100\n|switch|p2b: Basculegion|Basculegion, L50, M|100/100\n|move|p2a: Kingambit|Sucker Punch||[still]\n|-fail|p2a: Kingambit\n|move|p1b: Oranguru|Expanding Force|p2b: Basculegion\n|-damage|p2b: Basculegion|71/100\n|\n|-fieldend|move: Trick Room\n|upkeep\n|turn|6\n|\n|t:|1776356289\n|move|p2b: Basculegion|Flip Turn|p1a: Venusaur\n|-resisted|p1a: Venusaur|1\n|-damage|p1a: Venusaur|80/100\n|\n|t:|1776356291\n|switch|p2b: Garchomp|Garchomp, L50, F|20/100|[from] Flip Turn\n|move|p1a: Venusaur|Giga Drain|p2b: Garchomp\n|-damage|p2b: Garchomp|0 fnt\n|-heal|p1a: Venusaur|90/100|[from] drain|[of] p2b: Garchomp\n|faint|p2b: Garchomp\n|move|p1b: Oranguru|Instruct|p1a: Venusaur\n|-singleturn|p1a: Venusaur|move: Instruct|[of] p1b: Oranguru\n|move|p1a: Venusaur|Giga Drain|p2a: Kingambit\n|-resisted|p2a: Kingambit|1\n|-damage|p2a: Kingambit|84/100\n|-heal|p1a: Venusaur|99/100|[from] drain|[of] p2a: Kingambit\n|move|p2a: Kingambit|Kowtow Cleave|p1b: Oranguru\n|-supereffective|p1b: Oranguru|1\n|-damage|p1b: Oranguru|0 fnt\n|faint|p1b: Oranguru\n|\n|-heal|p1a: Venusaur|100/100|[from] item: Leftovers\n|upkeep\n|\n|t:|1776356299\n|switch|p2b: Basculegion|Basculegion, L50, M|71/100\n|switch|p1b: Camerupt|Camerupt-Mega, L50, M|18/100\n|turn|7\n|\n|t:|1776356312\n|move|p1b: Camerupt|Protect|p1b: Camerupt\n|-singleturn|p1b: Camerupt|Protect\n|move|p2b: Basculegion|Last Respects|p1a: Venusaur\n|-damage|p1a: Venusaur|0 fnt\n|faint|p1a: Venusaur\n|move|p2a: Kingambit|Kowtow Cleave|p1b: Camerupt\n|-activate|p1b: Camerupt|move: Protect\n|\n|upkeep\n|turn|8\n|\n|t:|1776356321\n|move|p2b: Basculegion|Last Respects|p1b: Camerupt\n|-damage|p1b: Camerupt|0 fnt\n|faint|p1b: Camerupt\n|\n|win|magdalium\n|raw|Aabraao's rating: 1413 &rarr; <strong>1399</strong><br />(-14 for losing)\n|raw|magdalium's rating: 1519 &rarr; <strong>1533</strong><br />(+14 for winning)\n|l|\u2606Aabraao\n|player|p1|\n",
  "uploadtime": 1776356333,
  "views": 42,
  "formatid": "gen9championsvgc2026regma",
  "rating": 1399,
  "private": 0,
  "password": null
}