{
  "id": "gen9championsvgc2026regma-2583777206",
  "format": "[Gen 9 Champions] VGC 2026 Reg M-A",
  "players": [
    "HawaiiCookieCo",
    "dragonize draco"
  ],
  "log": "|j|\u2606HawaiiCookieCo\n|j|\u2606dragonize draco\n|t:|1776196983\n|gametype|doubles\n|player|p1|HawaiiCookieCo|swimmer-gen4dp|1049\n|player|p2|dragonize draco|lance|1000\n|gen|9\n|tier|[Gen 9 Champions] VGC 2026 Reg M-A\n|rated|\n|rule|Species Clause: Limit one of each Pok\u00e9mon\n|rule|Item Clause: Limit 1 of each item\n|clearpoke\n|poke|p1|Volcarona, L50, M|\n|poke|p1|Mamoswine, L50, M|\n|poke|p1|Tyranitar, L50, M|\n|poke|p1|Aegislash, L50, F|\n|poke|p1|Maushold, L50|\n|poke|p1|Incineroar, L50, M|\n|poke|p2|Floette-Eternal, L50, F|\n|poke|p2|Garchomp, L50, F|\n|poke|p2|Maushold-Four, L50|\n|poke|p2|Talonflame, L50, M|\n|poke|p2|Aegislash, L50, M|\n|poke|p2|Rotom-Wash, L50|\n|teampreview|4\n|inactive|Battle timer is ON: inactive players will automatically lose when time's up. (requested by HawaiiCookieCo)\n|inactive|dragonize draco has 60 seconds left.\n|\n|t:|1776197022\n|teamsize|p1|4\n|teamsize|p2|4\n|start\n|switch|p1a: Volcarona|Volcarona, L50, M|100/100\n|switch|p1b: Maushold|Maushold, L50|100/100\n|switch|p2a: Chompers|Garchomp, L50, F|100/100\n|switch|p2b: FireBirb|Talonflame, L50, M, shiny|100/100\n|turn|1\n|\n|t:|1776197041\n|switch|p1a: Incineroar|Incineroar, L50, M|100/100\n|-ability|p1a: Incineroar|Intimidate|boost\n|-unboost|p2a: Chompers|atk|1\n|-unboost|p2b: FireBirb|atk|1\n|-enditem|p2a: Chompers|White Herb\n|-clearnegativeboost|p2a: Chompers|[silent]\n|move|p2b: FireBirb|Tailwind|p2b: FireBirb\n|-sidestart|p2: dragonize draco|move: Tailwind\n|move|p2a: Chompers|Earthquake|p1a: Incineroar|[spread] p1a,p1b\n|-immune|p2b: FireBirb\n|-supereffective|p1a: Incineroar|1\n|-damage|p1a: Incineroar|54/100\n|-damage|p1b: Maushold|59/100\n|move|p1b: Maushold|Super Fang|p2a: Chompers\n|-damage|p2a: Chompers|51/100\n|-damage|p1b: Maushold|46/100|[from] ability: Rough Skin|[of] p2a: Chompers\n|\n|upkeep\n|turn|2\n|inactive|HawaiiCookieCo has 30 seconds left.\n|\n|t:|1776197070\n|move|p2a: Chompers|Protect|p2a: Chompers\n|-singleturn|p2a: Chompers|Protect\n|move|p1b: Maushold|Feint|p2b: FireBirb\n|-damage|p2b: FireBirb|88/100\n|move|p2b: FireBirb|Brave Bird|p1b: Maushold\n|-damage|p1b: Maushold|10/100\n|-damage|p2b: FireBirb|74/100|[from] Recoil\n|move|p1a: Incineroar|Parting Shot|p2a: Chompers\n|-activate|p2a: Chompers|move: Protect\n|\n|upkeep\n|turn|3\n|\n|t:|1776197085\n|move|p1b: Maushold|Protect|p1b: Maushold\n|-singleturn|p1b: Maushold|Protect\n|move|p2b: FireBirb|Brave Bird|p1a: Incineroar\n|-crit|p1a: Incineroar\n|-damage|p1a: Incineroar|14/100\n|-enditem|p1a: Incineroar|Sitrus Berry|[eat]\n|-heal|p1a: Incineroar|39/100|[from] item: Sitrus Berry\n|-damage|p2b: FireBirb|57/100|[from] Recoil\n|move|p2a: Chompers|Earthquake|p1a: Incineroar|[spread] p1a\n|-activate|p1b: Maushold|move: Protect\n|-immune|p2b: FireBirb\n|-supereffective|p1a: Incineroar|1\n|-damage|p1a: Incineroar|0 fnt\n|faint|p1a: Incineroar\n|\n|upkeep\n|\n|t:|1776197099\n|switch|p1a: Mamoswine|Mamoswine, L50, M|100/100\n|turn|4\n|\n|t:|1776197109\n|move|p2a: Chompers|Protect|p2a: Chompers\n|-singleturn|p2a: Chompers|Protect\n|move|p1b: Maushold|Follow Me|p1b: Maushold\n|-singleturn|p1b: Maushold|move: Follow Me\n|move|p2b: FireBirb|Flare Blitz|p1b: Maushold\n|-damage|p1b: Maushold|0 fnt\n|faint|p1b: Maushold\n|-damage|p2b: FireBirb|53/100|[from] Recoil\n|move|p1a: Mamoswine|Icicle Crash|p2b: FireBirb\n|-damage|p2b: FireBirb|0 fnt\n|faint|p2b: FireBirb\n|\n|-sideend|p2: dragonize draco|move: Tailwind\n|upkeep\n|\n|t:|1776197126\n|switch|p2b: EthosDishwasher|Rotom-Wash, L50, shiny|100/100\n|switch|p1b: Volcarona|Volcarona, L50, M|100/100\n|turn|5\n|\n|t:|1776197133\n|move|p1a: Mamoswine|Ice Shard|p2a: Chompers\n|-supereffective|p2a: Chompers|2\n|-damage|p2a: Chompers|0 fnt\n|faint|p2a: Chompers\n|move|p1b: Volcarona|Quiver Dance|p1b: Volcarona\n|-boost|p1b: Volcarona|spa|1\n|-boost|p1b: Volcarona|spd|1\n|-boost|p1b: Volcarona|spe|1\n|move|p2b: EthosDishwasher|Hydro Pump|p1a: Mamoswine\n|-supereffective|p1a: Mamoswine|1\n|-enditem|p1a: Mamoswine|Focus Sash\n|-damage|p1a: Mamoswine|1/100\n|\n|upkeep\n|\n|t:|1776197138\n|switch|p2a: Oppenheimer|Floette-Eternal, L50, F|100/100\n|turn|6\n|\n|t:|1776197150\n|detailschange|p2a: Oppenheimer|Floette-Mega, L50, F\n|-mega|p2a: Oppenheimer|Floette|Floettite\n|-ability|p2a: Oppenheimer|Fairy Aura\n|move|p1a: Mamoswine|Protect|p1a: Mamoswine\n|-singleturn|p1a: Mamoswine|Protect\n|move|p1b: Volcarona|Giga Drain|p2b: EthosDishwasher\n|-supereffective|p2b: EthosDishwasher|1\n|-damage|p2b: EthosDishwasher|11/100\n|-enditem|p2b: EthosDishwasher|Sitrus Berry|[eat]\n|-heal|p2b: EthosDishwasher|36/100|[from] item: Sitrus Berry\n|move|p2a: Oppenheimer|Dazzling Gleam|p1b: Volcarona|[spread] p1b\n|-activate|p1a: Mamoswine|move: Protect\n|-resisted|p1b: Volcarona|1\n|-damage|p1b: Volcarona|85/100\n|move|p2b: EthosDishwasher|Hydro Pump|p1b: Volcarona\n|-supereffective|p1b: Volcarona|1\n|-damage|p1b: Volcarona|16/100\n|\n|-heal|p1b: Volcarona|22/100|[from] item: Leftovers\n|upkeep\n|turn|7\n|inactive|HawaiiCookieCo has 30 seconds left.\n|inactive|HawaiiCookieCo has 20 seconds left.\n|inactive|HawaiiCookieCo has 15 seconds left.\n|inactive|HawaiiCookieCo has 10 seconds left.\n|\n|t:|1776197198\n|move|p1b: Volcarona|Protect|p1b: Volcarona\n|-singleturn|p1b: Volcarona|Protect\n|move|p2a: Oppenheimer|Moonblast|p1b: Volcarona\n|-activate|p1b: Volcarona|move: Protect\n|move|p1a: Mamoswine|Icicle Crash|p2b: EthosDishwasher\n|-resisted|p2b: EthosDishwasher|1\n|-damage|p2b: EthosDishwasher|8/100\n|move|p2b: EthosDishwasher|Hydro Pump|p1b: Volcarona\n|-activate|p1b: Volcarona|move: Protect\n|\n|-heal|p1b: Volcarona|28/100|[from] item: Leftovers\n|upkeep\n|turn|8\n|\n|t:|1776197213\n|move|p1a: Mamoswine|Ice Shard|p2b: EthosDishwasher\n|-resisted|p2b: EthosDishwasher|1\n|-damage|p2b: EthosDishwasher|0 fnt\n|faint|p2b: EthosDishwasher\n|move|p1b: Volcarona|Giga Drain|p2a: Oppenheimer\n|-damage|p2a: Oppenheimer|72/100\n|-heal|p1b: Volcarona|43/100|[from] drain|[of] p2a: Oppenheimer\n|move|p2a: Oppenheimer|Moonblast|p1b: Volcarona\n|-resisted|p1b: Volcarona|1\n|-damage|p1b: Volcarona|18/100\n|\n|-heal|p1b: Volcarona|24/100|[from] item: Leftovers\n|upkeep\n|turn|9\n|\n|t:|1776197229\n|move|p1b: Volcarona|Giga Drain|p2a: Oppenheimer\n|-damage|p2a: Oppenheimer|47/100\n|-heal|p1b: Volcarona|38/100|[from] drain|[of] p2a: Oppenheimer\n|move|p2a: Oppenheimer|Dazzling Gleam|p1b: Volcarona|[spread] p1a,p1b\n|-resisted|p1b: Volcarona|1\n|-damage|p1a: Mamoswine|0 fnt\n|-damage|p1b: Volcarona|22/100\n|faint|p1a: Mamoswine\n|\n|-heal|p1b: Volcarona|28/100|[from] item: Leftovers\n|upkeep\n|turn|10\n|\n|t:|1776197238\n|move|p1b: Volcarona|Protect|p1b: Volcarona\n|-singleturn|p1b: Volcarona|Protect\n|move|p2a: Oppenheimer|Moonblast|p1b: Volcarona\n|-activate|p1b: Volcarona|move: Protect\n|\n|-heal|p1b: Volcarona|34/100|[from] item: Leftovers\n|upkeep\n|turn|11\n|\n|t:|1776197246\n|move|p1b: Volcarona|Giga Drain|p2a: Oppenheimer\n|-damage|p2a: Oppenheimer|19/100\n|-heal|p1b: Volcarona|49/100|[from] drain|[of] p2a: Oppenheimer\n|move|p2a: Oppenheimer|Moonblast|p1b: Volcarona\n|-resisted|p1b: Volcarona|1\n|-damage|p1b: Volcarona|26/100\n|\n|-heal|p1b: Volcarona|32/100|[from] item: Leftovers\n|upkeep\n|turn|12\n|\n|t:|1776197255\n|move|p1b: Volcarona|Giga Drain|p2a: Oppenheimer\n|-damage|p2a: Oppenheimer|0 fnt\n|-heal|p1b: Volcarona|42/100|[from] drain|[of] p2a: Oppenheimer\n|faint|p2a: Oppenheimer\n|\n|win|HawaiiCookieCo\n|raw|HawaiiCookieCo's rating: 1049 &rarr; <strong>1077</strong><br />(+28 for winning)\n|raw|dragonize draco's rating: 1000 &rarr; <strong>1000</strong><br />(+0 for losing)\n",
  "uploadtime": 1776197258,
  "views": 29,
  "formatid": "gen9championsvgc2026regma",
  "rating": 1000,
  "private": 0,
  "password": null
}