{
  "id": "gen9championsvgc2026regma-2584721105",
  "format": "[Gen 9 Champions] VGC 2026 Reg M-A",
  "players": [
    "lettuceeater",
    "sirae"
  ],
  "log": "|j|\u2606lettuceeater\n|j|\u2606sirae\n|t:|1776279006\n|gametype|doubles\n|player|p1|lettuceeater|265|1242\n|player|p2|sirae|caitlin|1290\n|gen|9\n|tier|[Gen 9 Champions] VGC 2026 Reg M-A\n|rated|\n|rule|Species Clause: Limit one of each Pok\u00e9mon\n|rule|Item Clause: Limit 1 of each item\n|clearpoke\n|poke|p1|Sableye, L50, M|\n|poke|p1|Sinistcha, L50|\n|poke|p1|Garganacl, L50, F|\n|poke|p1|Kangaskhan, L50, F|\n|poke|p1|Goodra, L50, M|\n|poke|p1|Milotic, L50, M|\n|poke|p2|Incineroar, L50, F|\n|poke|p2|Gengar, L50, F|\n|poke|p2|Archaludon, L50, F|\n|poke|p2|Farigiraf, L50, F|\n|poke|p2|Pelipper, L50, F|\n|poke|p2|Araquanid, L50, F|\n|teampreview|4\n|inactive|Battle timer is ON: inactive players will automatically lose when time's up. (requested by sirae)\n|inactive|sirae has 60 seconds left.\nlettuceeater has agreed to open team sheets.\n|\n|t:|1776279046\n|teamsize|p1|4\n|teamsize|p2|4\n|start\n|switch|p1a: Kangaskhan|Kangaskhan, L50, F|100/100\n|switch|p1b: Milotic|Milotic, L50, M|100/100\n|switch|p2a: Gengar|Gengar, L50, F|100/100\n|switch|p2b: Incineroar|Incineroar, L50, F|100/100\n|-ability|p2b: Incineroar|Intimidate|boost\n|-fail|p1a: Kangaskhan|unboost|Attack|[from] ability: Scrappy|[of] p1a: Kangaskhan\n|-unboost|p1b: Milotic|atk|1\n|-ability|p1b: Milotic|Competitive|boost\n|-boost|p1b: Milotic|spa|2\n|turn|1\n|\n|t:|1776279063\n|switch|p2b: Farigiraf|Farigiraf, L50, F|100/100\n|detailschange|p2a: Gengar|Gengar-Mega, L50, F\n|-mega|p2a: Gengar|Gengar|Gengarite\n|move|p1a: Kangaskhan|Fake Out||[still]\n|cant|p2b: Farigiraf|ability: Armor Tail|Fake Out|[of] p1a: Kangaskhan\n|move|p2a: Gengar|Perish Song|p2a: Gengar\n|-start|p1a: Kangaskhan|perish3|[silent]\n|-start|p1b: Milotic|perish3|[silent]\n|-start|p2a: Gengar|perish3|[silent]\n|-start|p2b: Farigiraf|perish3|[silent]\n|-fieldactivate|move: Perish Song\n|move|p1b: Milotic|Muddy Water|p2b: Farigiraf|[spread] p2a,p2b\n|-damage|p2a: Gengar|49/100\n|-damage|p2b: Farigiraf|49/100\n|-unboost|p2a: Gengar|accuracy|1\n|\n|-heal|p2b: Farigiraf|55/100|[from] item: Leftovers\n|-start|p2a: Gengar|perish3\n|-start|p1a: Kangaskhan|perish3\n|-start|p1b: Milotic|perish3\n|-start|p2b: Farigiraf|perish3\n|upkeep\n|turn|2\n|inactive|sirae has 30 seconds left.\n|inactive|sirae has 20 seconds left.\n|\n|t:|1776279098\n|detailschange|p1a: Kangaskhan|Kangaskhan-Mega, L50, F\n|-mega|p1a: Kangaskhan|Kangaskhan|Kangaskhanite\n|move|p2a: Gengar|Disable|p1b: Milotic\n|-start|p1b: Milotic|Disable|Muddy Water\n|move|p1a: Kangaskhan|Body Slam|p2b: Farigiraf\n|-damage|p2b: Farigiraf|15/100\n|-damage|p2b: Farigiraf|4/100\n|-hitcount|p2b: Farigiraf|2\n|cant|p1b: Milotic|Disable|Muddy Water\n|move|p2b: Farigiraf|Imprison|p2b: Farigiraf\n|-start|p2b: Farigiraf|move: Imprison\n|\n|-heal|p2b: Farigiraf|10/100|[from] item: Leftovers\n|-start|p2a: Gengar|perish2\n|-start|p1a: Kangaskhan|perish2\n|-start|p1b: Milotic|perish2\n|-start|p2b: Farigiraf|perish2\n|upkeep\n|turn|3\n|\n|t:|1776279117\n|move|p2a: Gengar|Protect|p2a: Gengar\n|-singleturn|p2a: Gengar|Protect\n|move|p2b: Farigiraf|Protect|p2b: Farigiraf\n|-singleturn|p2b: Farigiraf|Protect\n|move|p1a: Kangaskhan|Ice Punch|p2a: Gengar\n|-activate|p2a: Gengar|move: Protect\n|move|p1b: Milotic|Blizzard|p2a: Gengar|[spread] \n|-activate|p2a: Gengar|move: Protect\n|-activate|p2b: Farigiraf|move: Protect\n|\n|-heal|p2b: Farigiraf|16/100|[from] item: Leftovers\n|-start|p2a: Gengar|perish1\n|-start|p1a: Kangaskhan|perish1\n|-start|p1b: Milotic|perish1\n|-start|p2b: Farigiraf|perish1\n|upkeep\n|turn|4\n|\n|t:|1776279137\n|switch|p2a: Incineroar|Incineroar, L50, F|100/100\n|-ability|p2a: Incineroar|Intimidate|boost\n|-unboost|p1a: Kangaskhan|atk|1\n|-unboost|p1b: Milotic|atk|1\n|-ability|p1b: Milotic|Competitive|boost\n|-boost|p1b: Milotic|spa|2\n|switch|p2b: Archaludon|Archaludon, L50, F|100/100\n|move|p1a: Kangaskhan|Ice Punch|p2a: Incineroar\n|-resisted|p2a: Incineroar|1\n|-damage|p2a: Incineroar|92/100\n|-status|p2a: Incineroar|frz\n|-resisted|p2a: Incineroar|1\n|-damage|p2a: Incineroar|90/100 frz\n|-hitcount|p2a: Incineroar|2\n|move|p1b: Milotic|Blizzard|p2a: Incineroar|[spread] p2a\n|-miss|p1b: Milotic|p2b: Archaludon\n|-resisted|p2a: Incineroar|1\n|-damage|p2a: Incineroar|57/100 frz\n|\n|-start|p1a: Kangaskhan|perish0\n|-start|p1b: Milotic|perish0\n|faint|p1a: Kangaskhan\n|faint|p1b: Milotic\n|upkeep\n|\n|t:|1776279157\n|switch|p1a: Garganacl|Garganacl, L50, F|100/100\n|switch|p1b: Sinistcha|Sinistcha, L50|100/100\n|turn|5\n|\n|t:|1776279172\n|-curestatus|p2a: Incineroar|frz|[from] move: Flare Blitz\n|move|p2a: Incineroar|Flare Blitz|p1b: Sinistcha\n|-supereffective|p1b: Sinistcha|1\n|-damage|p1b: Sinistcha|5/100\n|-damage|p2a: Incineroar|25/100|[from] Recoil\n|move|p2b: Archaludon|Flash Cannon|p1a: Garganacl\n|-supereffective|p1a: Garganacl|1\n|-damage|p1a: Garganacl|39/100\n|move|p1b: Sinistcha|Shadow Ball|p2b: Archaludon\n|-damage|p2b: Archaludon|71/100\n|-unboost|p2b: Archaludon|spd|1\n|-ability|p2b: Archaludon|Stamina|boost\n|-boost|p2b: Archaludon|def|1\n|move|p1a: Garganacl|Salt Cure|p2b: Archaludon\n|-resisted|p2b: Archaludon|1\n|-damage|p2b: Archaludon|67/100\n|-start|p2b: Archaludon|Salt Cure\n|-ability|p2b: Archaludon|Stamina|boost\n|-boost|p2b: Archaludon|def|1\n|\n|-heal|p1a: Garganacl|44/100|[from] item: Leftovers\n|-damage|p2b: Archaludon|55/100|[from] Salt Cure\n|upkeep\n|turn|6\n|-message|lettuceeater forfeited.\n|\n|win|sirae\n|raw|lettuceeater's rating: 1242 &rarr; <strong>1220</strong><br />(-22 for losing)\n|raw|sirae's rating: 1290 &rarr; <strong>1312</strong><br />(+22 for winning)\n|l|\u2606lettuceeater\n|player|p1|\n",
  "uploadtime": 1776279197,
  "views": 27,
  "formatid": "gen9championsvgc2026regma",
  "rating": 1220,
  "private": 0,
  "password": null
}