{
  "id": "gen9championsvgc2026regma-2584132498",
  "format": "[Gen 9 Champions] VGC 2026 Reg M-A",
  "players": [
    "abww",
    "FlyingSudowoodo"
  ],
  "log": "|j|\u2606abww\n|j|\u2606FlyingSudowoodo\n|t:|1776228777\n|gametype|doubles\n|player|p1|abww|ghetsis-gen5bw|1000\n|player|p2|FlyingSudowoodo|roark|1058\n|gen|9\n|tier|[Gen 9 Champions] VGC 2026 Reg M-A\n|rated|\n|rule|Species Clause: Limit one of each Pok\u00e9mon\n|rule|Item Clause: Limit 1 of each item\n|clearpoke\n|poke|p1|Incineroar, L50, F|\n|poke|p1|Gengar, L50, F|\n|poke|p1|Sinistcha, L50|\n|poke|p1|Kingambit, L50, F|\n|poke|p1|Tyranitar, L50, M|\n|poke|p1|Kommo-o, L50, F|\n|poke|p2|Gengar, L50, M|\n|poke|p2|Incineroar, L50, F|\n|poke|p2|Primarina, L50, F|\n|poke|p2|Decidueye-Hisui, L50, M|\n|poke|p2|Klefki, L50, F|\n|poke|p2|Dragonite, L50, F|\n|teampreview|4\n|inactive|Battle timer is ON: inactive players will automatically lose when time's up. (requested by FlyingSudowoodo)\nFlyingSudowoodo rejected open team sheets.\n|inactive|abww has 60 seconds left.\n|\n|t:|1776228856\n|teamsize|p1|4\n|teamsize|p2|4\n|start\n|switch|p1a: Gengar|Gengar, L50, F|100/100\n|switch|p1b: Sinistcha|Sinistcha, L50|100/100\n|switch|p2a: Incineroar|Incineroar, L50, F|100/100\n|switch|p2b: Decidueye|Decidueye-Hisui, L50, M|100/100\n|-ability|p2a: Incineroar|Intimidate|boost\n|-unboost|p1a: Gengar|atk|1\n|-unboost|p1b: Sinistcha|atk|1\n|turn|1\n|inactive|abww has 30 seconds left.\n|inactive|FlyingSudowoodo has 30 seconds left.\n|inactive|abww has 20 seconds left.\n|\n|t:|1776228893\n|switch|p1b: Incineroar|Incineroar, L50, F|100/100\n|-ability|p1b: Incineroar|Intimidate|boost\n|-unboost|p2a: Incineroar|atk|1\n|-fail|p2b: Decidueye|unboost|Attack|[from] ability: Scrappy|[of] p2b: Decidueye\n|detailschange|p1a: Gengar|Gengar-Mega, L50, F\n|-mega|p1a: Gengar|Gengar|Gengarite\n|move|p1a: Gengar|Protect|p1a: Gengar\n|-singleturn|p1a: Gengar|Protect\n|move|p2b: Decidueye|Protect|p2b: Decidueye\n|-singleturn|p2b: Decidueye|Protect\n|move|p2a: Incineroar|Flare Blitz|p1b: Incineroar\n|-resisted|p1b: Incineroar|1\n|-damage|p1b: Incineroar|86/100\n|-damage|p2a: Incineroar|96/100|[from] Recoil\n|\n|upkeep\n|turn|2\n|inactive|abww has 30 seconds left.\n|inactive|FlyingSudowoodo has 30 seconds left.\n|\n|t:|1776228922\n|move|p1b: Incineroar|Fake Out|p2a: Incineroar\n|-damage|p2a: Incineroar|88/100\n|move|p1a: Gengar|Perish Song|p1a: Gengar\n|-start|p1a: Gengar|perish3|[silent]\n|-start|p1b: Incineroar|perish3|[silent]\n|-start|p2a: Incineroar|perish3|[silent]\n|-start|p2b: Decidueye|perish3|[silent]\n|-fieldactivate|move: Perish Song\n|move|p2b: Decidueye|Triple Arrows|p1b: Incineroar\n|-supereffective|p1b: Incineroar|1\n|-damage|p1b: Incineroar|4/100\n|-unboost|p1b: Incineroar|def|1\n|cant|p2a: Incineroar|flinch\n|\n|-start|p1a: Gengar|perish3\n|-start|p2b: Decidueye|perish3\n|-start|p2a: Incineroar|perish3\n|-start|p1b: Incineroar|perish3\n|upkeep\n|turn|3\n|\n|t:|1776228944\n|switch|p1b: Sinistcha|Sinistcha, L50|100/100\n|move|p1a: Gengar|Protect|p1a: Gengar\n|-singleturn|p1a: Gengar|Protect\n|move|p2b: Decidueye|Protect|p2b: Decidueye\n|-singleturn|p2b: Decidueye|Protect\n|move|p2a: Incineroar|Parting Shot|p1a: Gengar\n|-activate|p1a: Gengar|move: Protect\n|\n|-start|p1a: Gengar|perish2\n|-start|p2b: Decidueye|perish2\n|-start|p2a: Incineroar|perish2\n|upkeep\n|turn|4\n|inactive|abww has 30 seconds left.\n|\n|t:|1776228977\n|move|p1a: Gengar|Substitute|p1a: Gengar\n|-start|p1a: Gengar|Substitute\n|-damage|p1a: Gengar|76/100\n|move|p2b: Decidueye|Brave Bird|p1b: Sinistcha\n|-supereffective|p1b: Sinistcha|1\n|-damage|p1b: Sinistcha|32/100\n|-enditem|p1b: Sinistcha|Sitrus Berry|[eat]\n|-heal|p1b: Sinistcha|56/100|[from] item: Sitrus Berry\n|-damage|p2b: Decidueye|76/100|[from] Recoil\n|move|p1b: Sinistcha|Life Dew|p1b: Sinistcha|[spread] p1a,p1b\n|-heal|p1a: Gengar|100/100\n|-heal|p1b: Sinistcha|81/100\n|move|p2a: Incineroar|Parting Shot|p1a: Gengar\n|-unboost|p1a: Gengar|atk|1\n|-unboost|p1a: Gengar|spa|1\n|\n|t:|1776228993\n|switch|p2a: Primarina|Primarina, L50, F|100/100|[from] Parting Shot\n|\n|-start|p1a: Gengar|perish1\n|-start|p2b: Decidueye|perish1\n|upkeep\n|turn|5\n|\n|t:|1776229015\n|switch|p1a: Incineroar|Incineroar, L50, F|4/100\n|-ability|p1a: Incineroar|Intimidate|boost\n|-unboost|p2a: Primarina|atk|1\n|-fail|p2b: Decidueye|unboost|Attack|[from] ability: Scrappy|[of] p2b: Decidueye\n|move|p2b: Decidueye|Triple Arrows|p1b: Sinistcha\n|-damage|p1b: Sinistcha|46/100\n|move|p1b: Sinistcha|Matcha Gotcha|p2a: Primarina|[spread] p2a,p2b\n|-supereffective|p2a: Primarina|1\n|-resisted|p2b: Decidueye|1\n|-crit|p2b: Decidueye\n|-damage|p2a: Primarina|62/100\n|-heal|p1b: Sinistcha|66/100|[from] drain|[of] p2a: Primarina\n|-damage|p2b: Decidueye|55/100\n|-heal|p1b: Sinistcha|76/100|[from] drain|[of] p2b: Decidueye\n|-status|p2a: Primarina|brn\n|move|p2a: Primarina|Hyper Voice|p1a: Incineroar|[spread] p1a,p1b\n|-supereffective|p1a: Incineroar|1\n|-enditem|p1a: Incineroar|Passho Berry|[eat]\n|-enditem|p1a: Incineroar|Passho Berry|[weaken]\n|-resisted|p1b: Sinistcha|1\n|-damage|p1a: Incineroar|0 fnt\n|-damage|p1b: Sinistcha|56/100\n|faint|p1a: Incineroar\n|\n|-damage|p2a: Primarina|56/100 brn|[from] brn\n|-start|p2b: Decidueye|perish0\n|upkeep\n|faint|p2b: Decidueye\n|\n|t:|1776229040\n|switch|p2b: Gengar|Gengar, L50, M|100/100\n|switch|p1a: Gengar|Gengar-Mega, L50, F|100/100\n|turn|6\n|\n|t:|1776229053\n|detailschange|p2b: Gengar|Gengar-Mega, L50, M\n|-mega|p2b: Gengar|Gengar|Gengarite\n|move|p2b: Gengar|Shadow Ball|p1a: Gengar\n|-supereffective|p1a: Gengar|1\n|-damage|p1a: Gengar|0 fnt\n|faint|p1a: Gengar\n|move|p1b: Sinistcha|Matcha Gotcha|p2a: Primarina|[spread] p2a,p2b\n|-supereffective|p2a: Primarina|1\n|-resisted|p2b: Gengar|1\n|-damage|p2a: Primarina|12/100 brn\n|-heal|p1b: Sinistcha|78/100|[from] drain|[of] p2a: Primarina\n|-damage|p2b: Gengar|83/100\n|-heal|p1b: Sinistcha|85/100|[from] drain|[of] p2b: Gengar\n|move|p2a: Primarina|Hyper Voice|p1b: Sinistcha\n|-resisted|p1b: Sinistcha|1\n|-damage|p1b: Sinistcha|63/100\n|\n|-damage|p2a: Primarina|6/100 brn|[from] brn\n|upkeep\n|\n|t:|1776229070\n|switch|p1a: Kommo-o|Kommo-o, L50, F|100/100\n|turn|7\n|\n|t:|1776229090\n|move|p1b: Sinistcha|Protect|p1b: Sinistcha\n|-singleturn|p1b: Sinistcha|Protect\n|move|p2b: Gengar|Shadow Ball|p1b: Sinistcha\n|-activate|p1b: Sinistcha|move: Protect\n|move|p1a: Kommo-o|Clanging Scales|p2a: Primarina|[spread] p2b\n|-immune|p2a: Primarina\n|-damage|p2b: Gengar|29/100\n|-unboost|p1a: Kommo-o|def|1\n|move|p2a: Primarina|Moonblast|p1a: Kommo-o\n|-supereffective|p1a: Kommo-o|2\n|-damage|p1a: Kommo-o|0 fnt\n|faint|p1a: Kommo-o\n|\n|-damage|p2a: Primarina|0 fnt|[from] brn\n|faint|p2a: Primarina\n|upkeep\n|\n|t:|1776229105\n|switch|p2a: Incineroar|Incineroar, L50, F|88/100\n|-ability|p2a: Incineroar|Intimidate|boost\n|-unboost|p1b: Sinistcha|atk|1\n|turn|8\n|\n|t:|1776229114\n|move|p2b: Gengar|Shadow Ball|p1b: Sinistcha\n|-supereffective|p1b: Sinistcha|1\n|-damage|p1b: Sinistcha|0 fnt\n|faint|p1b: Sinistcha\n|\n|win|FlyingSudowoodo\n|raw|abww's rating: 1000 &rarr; <strong>1000</strong><br />(+0 for losing)\n|raw|FlyingSudowoodo's rating: 1058 &rarr; <strong>1084</strong><br />(+26 for winning)\n|l|\u2606abww\n|player|p1|\n",
  "uploadtime": 1776229121,
  "views": 16,
  "formatid": "gen9championsvgc2026regma",
  "rating": 1000,
  "private": 0,
  "password": null
}