{
  "id": "gen9championsvgc2026regma-2581723793",
  "format": "[Gen 9 Champions] VGC 2026 Reg M-A",
  "players": [
    "bioarmor01",
    "banana superior"
  ],
  "log": "|j|\u2606bioarmor01\n|j|\u2606banana superior\n|t:|1776023517\n|gametype|doubles\n|player|p1|bioarmor01|2|1287\n|player|p2|banana superior|smasher|1253\n|gen|9\n|tier|[Gen 9 Champions] VGC 2026 Reg M-A\n|rated|\n|rule|Species Clause: Limit one of each Pok\u00e9mon\n|rule|Item Clause: Limit 1 of each item\n|clearpoke\n|poke|p1|Floette-Eternal, L50, F|\n|poke|p1|Maushold-Four, L50|\n|poke|p1|Talonflame, L50, F|\n|poke|p1|Garchomp, L50, F|\n|poke|p1|Orthworm, L50, F|\n|poke|p1|Rotom-Wash, L50|\n|poke|p2|Floette-Eternal, L50, F|\n|poke|p2|Mimikyu, L50, M|\n|poke|p2|Incineroar, L50, M|\n|poke|p2|Torkoal, L50, M|\n|poke|p2|Scovillain, L50, M|\n|poke|p2|Camerupt, L50, M|\n|teampreview|4\n|inactive|Battle timer is ON: inactive players will automatically lose when time's up. (requested by bioarmor01)\n|inactive|bioarmor01 has 60 seconds left.\n|inactive|banana superior has 60 seconds left.\n|inactive|banana superior has 30 seconds left.\n|inactive|banana superior has 20 seconds left.\n|inactive|banana superior has 15 seconds left.\n|inactive|banana superior has 10 seconds left.\n|inactive|banana superior has 5 seconds left.\n|\n|t:|1776023604\n|teamsize|p1|4\n|teamsize|p2|4\n|start\n|switch|p1a: Talonflame|Talonflame, L50, F|100/100\n|switch|p1b: Garchomp|Garchomp, L50, F|100/100\n|switch|p2a: Mimikyu|Mimikyu, L50, M, shiny|100/100\n|switch|p2b: Incineroar|Incineroar, L50, M, shiny|100/100\n|-ability|p2b: Incineroar|Intimidate|boost\n|-unboost|p1a: Talonflame|atk|1\n|-unboost|p1b: Garchomp|atk|1\n|turn|1\n|\n|t:|1776023625\n|move|p1a: Talonflame|Acrobatics|p2a: Mimikyu\n|-activate|p2a: Mimikyu|ability: Disguise\n|-damage|p2a: Mimikyu|100/100\n|detailschange|p2a: Mimikyu|Mimikyu-Busted, L50, M, shiny\n|-damage|p2a: Mimikyu|88/100|[from] pokemon: Mimikyu-Busted\n|move|p1b: Garchomp|Earthquake|p2b: Incineroar|[spread] p2a,p2b\n|-immune|p1a: Talonflame\n|-supereffective|p2b: Incineroar|1\n|-damage|p2a: Mimikyu|51/100\n|-damage|p2b: Incineroar|61/100\n|move|p2b: Incineroar|Parting Shot|p1b: Garchomp\n|-unboost|p1b: Garchomp|atk|1\n|-unboost|p1b: Garchomp|spa|1\n|\n|t:|1776023642\n|switch|p2b: Floette|Floette-Eternal, L50, F|100/100|[from] Parting Shot\n|move|p2a: Mimikyu|Trick Room|p2a: Mimikyu\n|-fieldstart|move: Trick Room|[of] p2a: Mimikyu\n|\n|upkeep\n|turn|2\n|\n|t:|1776023664\n|switch|p2a: Torkoal|Torkoal, L50, M|100/100\n|-weather|SunnyDay|[from] ability: Drought|[of] p2a: Torkoal\n|switch|p1b: Rotom|Rotom-Wash, L50|100/100\n|detailschange|p2b: Floette|Floette-Mega, L50, F\n|-mega|p2b: Floette|Floette|Floettite\n|-ability|p2b: Floette|Fairy Aura\n|move|p1a: Talonflame|Acrobatics|p2b: Floette\n|-damage|p2b: Floette|67/100\n|move|p2b: Floette|Dazzling Gleam|p1b: Rotom|[spread] p1a,p1b\n|-resisted|p1a: Talonflame|1\n|-damage|p1a: Talonflame|60/100\n|-damage|p1b: Rotom|30/100\n|\n|-weather|SunnyDay|[upkeep]\n|upkeep\n|turn|3\n|\n|t:|1776023684\n|move|p1b: Rotom|Protect|p1b: Rotom\n|-singleturn|p1b: Rotom|Protect\n|move|p2a: Torkoal|Eruption|p1b: Rotom|[spread] p1a\n|-activate|p1b: Rotom|move: Protect\n|-resisted|p1a: Talonflame|1\n|-damage|p1a: Talonflame|0 fnt\n|faint|p1a: Talonflame\n|move|p2b: Floette|Dazzling Gleam|p1b: Rotom\n|-activate|p1b: Rotom|move: Protect\n|\n|-weather|SunnyDay|[upkeep]\n|upkeep\n|\n|t:|1776023695\n|switch|p1a: Garchomp|Garchomp, L50, F|100/100\n|turn|4\n|\n|t:|1776023699\n|move|p1b: Rotom|Protect||[still]\n|-fail|p1b: Rotom\n|move|p2a: Torkoal|Eruption|p1a: Garchomp|[spread] p1a,p1b\n|-resisted|p1a: Garchomp|1\n|-resisted|p1b: Rotom|1\n|-damage|p1a: Garchomp|52/100\n|-damage|p1b: Rotom|0 fnt\n|faint|p1b: Rotom\n|move|p2b: Floette|Dazzling Gleam|p1a: Garchomp\n|-supereffective|p1a: Garchomp|1\n|-damage|p1a: Garchomp|0 fnt\n|faint|p1a: Garchomp\n|\n|-weather|SunnyDay|[upkeep]\n|upkeep\n|\n|t:|1776023706\n|switch|p1a: Floette|Floette-Eternal, L50, F|100/100\n|turn|5\n|-message|bioarmor01 forfeited.\n|\n|win|banana superior\n|raw|bioarmor01's rating: 1287 &rarr; <strong>1260</strong><br />(-27 for losing)\n|raw|banana superior's rating: 1253 &rarr; <strong>1280</strong><br />(+27 for winning)\n|l|\u2606bioarmor01\n|player|p1|\n",
  "uploadtime": 1776023717,
  "views": 39,
  "formatid": "gen9championsvgc2026regma",
  "rating": 1260,
  "private": 0,
  "password": null
}