{
  "id": "gen9championsvgc2026regma-2582227903",
  "format": "[Gen 9 Champions] VGC 2026 Reg M-A",
  "players": [
    "1#MiraidonHater",
    "freegrgrgr"
  ],
  "log": "|j|\u26061#MiraidonHater\n|j|\u2606freegrgrgr\n|t:|1776073661\n|gametype|doubles\n|player|p1|1#MiraidonHater|169|1175\n|player|p2|freegrgrgr|dawn|1202\n|gen|9\n|tier|[Gen 9 Champions] VGC 2026 Reg M-A\n|rated|\n|rule|Species Clause: Limit one of each Pok\u00e9mon\n|rule|Item Clause: Limit 1 of each item\n|clearpoke\n|poke|p1|Kommo-o, L50, F|\n|poke|p1|Glimmora, L50, M|\n|poke|p1|Incineroar, L50, F|\n|poke|p1|Sinistcha, L50|\n|poke|p1|Palafin, L50, M|\n|poke|p1|Corviknight, L50, M|\n|poke|p2|Floette-Eternal, L50, F|\n|poke|p2|Garchomp, L50, M|\n|poke|p2|Sinistcha, L50|\n|poke|p2|Talonflame, L50, M|\n|poke|p2|Kingambit, L50, M|\n|poke|p2|Delphox, L50, F|\n|teampreview|4\n|inactive|Battle timer is ON: inactive players will automatically lose when time's up. (requested by freegrgrgr)\n|\n|t:|1776073691\n|teamsize|p1|4\n|teamsize|p2|4\n|start\n|switch|p1a: Glimmora|Glimmora, L50, M|100/100\n|switch|p1b: Kommo-o|Kommo-o, L50, F|100/100\n|switch|p2a: Delphox|Delphox, L50, F, shiny|100/100\n|switch|p2b: Talonflame|Talonflame, L50, M, shiny|100/100\n|turn|1\n|j| porygon-epilepz\n|\n|t:|1776073710\n|detailschange|p2a: Delphox|Delphox-Mega, L50, F, shiny\n|-mega|p2a: Delphox|Delphox|Delphoxite\n|detailschange|p1a: Glimmora|Glimmora-Mega, L50, M\n|-mega|p1a: Glimmora|Glimmora|Glimmoranite\n|move|p1b: Kommo-o|Protect|p1b: Kommo-o\n|-singleturn|p1b: Kommo-o|Protect\n|move|p2b: Talonflame|Tailwind|p2b: Talonflame\n|-sidestart|p2: freegrgrgr|move: Tailwind\n|move|p2a: Delphox|Psychic|p1b: Kommo-o\n|-activate|p1b: Kommo-o|move: Protect\n|move|p1a: Glimmora|Power Gem|p2a: Delphox\n|-supereffective|p2a: Delphox|1\n|-damage|p2a: Delphox|0 fnt\n|faint|p2a: Delphox\n|\n|upkeep\n|\n|t:|1776073718\n|switch|p2a: Garchomp|Garchomp, L50, M, shiny|100/100\n|turn|2\n|\n|t:|1776073741\n|switch|p1a: Corviknight|Corviknight, L50, M|100/100\n|move|p2b: Talonflame|Dual Wingbeat|p1b: Kommo-o\n|-supereffective|p1b: Kommo-o|1\n|-damage|p1b: Kommo-o|66/100\n|-supereffective|p1b: Kommo-o|1\n|-damage|p1b: Kommo-o|36/100\n|-hitcount|p1b: Kommo-o|2\n|move|p2a: Garchomp|Earthquake|p1a: Corviknight|[spread] p1b\n|-immune|p2b: Talonflame\n|-immune|p1a: Corviknight\n|-damage|p1b: Kommo-o|3/100\n|move|p1b: Kommo-o|Clangorous Soul||[still]\n|-fail|p1b: Kommo-o\n|\n|-heal|p1b: Kommo-o|9/100|[from] item: Leftovers\n|upkeep\n|turn|3\n|\n|t:|1776073765\n|move|p1b: Kommo-o|Protect|p1b: Kommo-o\n|-singleturn|p1b: Kommo-o|Protect\n|move|p2b: Talonflame|Dual Wingbeat|p1a: Corviknight\n|-resisted|p1a: Corviknight|1\n|-damage|p1a: Corviknight|93/100\n|-resisted|p1a: Corviknight|1\n|-damage|p1a: Corviknight|85/100\n|-hitcount|p1a: Corviknight|2\n|move|p2a: Garchomp|Rock Slide|p1b: Kommo-o|[spread] p1a\n|-activate|p1b: Kommo-o|move: Protect\n|-damage|p1a: Corviknight|68/100\n|cant|p1a: Corviknight|flinch\n|\n|-heal|p1b: Kommo-o|15/100|[from] item: Leftovers\n|upkeep\n|turn|4\n|inactive|1#MiraidonHater has 30 seconds left.\n|inactive|1#MiraidonHater has 20 seconds left.\n|inactive|1#MiraidonHater has 15 seconds left.\n|inactive|1#MiraidonHater has 10 seconds left.\n|\n|t:|1776073814\n|switch|p1b: Sinistcha|Sinistcha, L50|100/100\n|-heal|p1a: Corviknight|93/100|[from] ability: Hospitality|[of] p1b: Sinistcha\n|move|p2b: Talonflame|Dual Wingbeat|p1a: Corviknight\n|-resisted|p1a: Corviknight|1\n|-damage|p1a: Corviknight|84/100\n|-resisted|p1a: Corviknight|1\n|-damage|p1a: Corviknight|77/100\n|-hitcount|p1a: Corviknight|2\n|move|p2a: Garchomp|Stomping Tantrum|p1b: Sinistcha\n|-resisted|p1b: Sinistcha|1\n|-damage|p1b: Sinistcha|88/100\n|move|p1a: Corviknight|Brave Bird|p2b: Talonflame\n|-damage|p2b: Talonflame|51/100\n|-damage|p1a: Corviknight|62/100|[from] Recoil\n|\n|-sideend|p2: freegrgrgr|move: Tailwind\n|upkeep\n|turn|5\n|-message|freegrgrgr forfeited.\n|\n|win|1#MiraidonHater\n",
  "uploadtime": 1776073706,
  "views": 11,
  "formatid": "gen9championsvgc2026regma",
  "rating": null,
  "private": 0,
  "password": null
}