{
  "id": "gen9championsvgc2026regma-2584254421",
  "format": "[Gen 9 Champions] VGC 2026 Reg M-A",
  "players": [
    "k3rmitoof",
    "zmlt"
  ],
  "log": "|j|\u2606k3rmitoof\n|j|\u2606zmlt\n|t:|1776243691\n|gametype|doubles\n|player|p1|k3rmitoof|hilbert-wonderlauncher|1253\n|player|p2|zmlt|1|1354\n|gen|9\n|tier|[Gen 9 Champions] VGC 2026 Reg M-A\n|rated|\n|rule|Species Clause: Limit one of each Pok\u00e9mon\n|rule|Item Clause: Limit 1 of each item\n|clearpoke\n|poke|p1|Ninetales-Alola, L50, M|\n|poke|p1|Garchomp, L50, F|\n|poke|p1|Talonflame, L50, M|\n|poke|p1|Volcarona, L50, M|\n|poke|p1|Gengar, L50, M|\n|poke|p1|Basculegion, L50, M|\n|poke|p2|Whimsicott, L50, F|\n|poke|p2|Gengar, L50, F|\n|poke|p2|Floette-Eternal, L50, F|\n|poke|p2|Kommo-o, L50, F|\n|poke|p2|Azumarill, L50, M|\n|poke|p2|Sneasler, L50, F|\n|teampreview|4\n|\n|t:|1776243723\n|teamsize|p1|4\n|teamsize|p2|4\n|start\n|switch|p1a: Talonflame|Talonflame, L50, M, shiny|100/100\n|switch|p1b: Ninetales|Ninetales-Alola, L50, M, shiny|100/100\n|switch|p2a: Gengar|Gengar, L50, F|100/100\n|switch|p2b: Sneasler|Sneasler, L50, F|100/100\n|-weather|Snowscape|[from] ability: Snow Warning|[of] p1b: Ninetales\n|turn|1\n|\n|t:|1776243738\n|detailschange|p2a: Gengar|Gengar-Mega, L50, F\n|-mega|p2a: Gengar|Gengar|Gengarite\n|move|p1b: Ninetales|Protect|p1b: Ninetales\n|-singleturn|p1b: Ninetales|Protect\n|move|p2b: Sneasler|Fake Out|p1a: Talonflame\n|-damage|p1a: Talonflame|80/100\n|move|p2a: Gengar|Sludge Bomb|p1b: Ninetales\n|-activate|p1b: Ninetales|move: Protect\n|cant|p1a: Talonflame|flinch\n|\n|-weather|Snowscape|[upkeep]\n|upkeep\n|turn|2\n|\n|t:|1776243764\n|move|p2b: Sneasler|Protect|p2b: Sneasler\n|-singleturn|p2b: Sneasler|Protect\n|move|p2a: Gengar|Sludge Bomb|p1b: Ninetales\n|-supereffective|p1b: Ninetales|1\n|-enditem|p1b: Ninetales|Focus Sash\n|-damage|p1b: Ninetales|1/100\n|move|p1a: Talonflame|Will-O-Wisp|p2b: Sneasler\n|-activate|p2b: Sneasler|move: Protect\n|move|p1b: Ninetales|Aurora Veil|p1b: Ninetales\n|-sidestart|p1: k3rmitoof|move: Aurora Veil\n|\n|-weather|Snowscape|[upkeep]\n|upkeep\n|turn|3\n|\n|t:|1776243787\n|switch|p2b: Whimsicott|Whimsicott, L50, F|100/100\n|move|p2a: Gengar|Sludge Bomb|p1b: Ninetales\n|-supereffective|p1b: Ninetales|1\n|-damage|p1b: Ninetales|0 fnt\n|faint|p1b: Ninetales\n|move|p1a: Talonflame|Tailwind|p1a: Talonflame\n|-sidestart|p1: k3rmitoof|move: Tailwind\n|\n|-weather|Snowscape|[upkeep]\n|upkeep\n|\n|t:|1776243798\n|switch|p1b: Garchomp|Garchomp, L50, F|100/100\n|turn|4\n|\n|t:|1776243805\n|move|p2a: Gengar|Protect|p2a: Gengar\n|-singleturn|p2a: Gengar|Protect\n|move|p2b: Whimsicott|Encore|p1a: Talonflame\n|-start|p1a: Talonflame|Encore\n|move|p1a: Talonflame|Tailwind||[still]\n|-fail|p1a: Talonflame\n|move|p1b: Garchomp|Earthquake|p2b: Whimsicott|[spread] p2b\n|-activate|p2a: Gengar|move: Protect\n|-immune|p1a: Talonflame\n|-resisted|p2b: Whimsicott|1\n|-damage|p2b: Whimsicott|84/100\n|\n|-weather|Snowscape|[upkeep]\n|upkeep\n|turn|5\n|\n|t:|1776243821\n|move|p2b: Whimsicott|Tailwind|p2b: Whimsicott\n|-sidestart|p2: zmlt|move: Tailwind\n|move|p2a: Gengar|Disable|p1b: Garchomp\n|-start|p1b: Garchomp|Disable|Earthquake\n|move|p1a: Talonflame|Tailwind||[still]\n|-fail|p1a: Talonflame\n|cant|p1b: Garchomp|Disable|Earthquake\n|\n|-weather|none\n|upkeep\n|turn|6\n|-message|k3rmitoof forfeited.\n|\n|win|zmlt\n|raw|k3rmitoof's rating: 1253 &rarr; <strong>1235</strong><br />(-18 for losing)\n|raw|zmlt's rating: 1354 &rarr; <strong>1368</strong><br />(+14 for winning)\n|l|\u2606k3rmitoof\n|player|p1|\n",
  "uploadtime": 1776243860,
  "views": 39,
  "formatid": "gen9championsvgc2026regma",
  "rating": 1235,
  "private": 0,
  "password": null
}