{
  "id": "gen9championsvgc2026regma-2584660776",
  "format": "[Gen 9 Champions] VGC 2026 Reg M-A",
  "players": [
    "Pinkirbs",
    "mariusassasins"
  ],
  "log": "|j|\u2606Pinkirbs\n|j|\u2606mariusassasins\n|t:|1776275110\n|gametype|doubles\n|player|p1|Pinkirbs|skier|1082\n|player|p2|mariusassasins|worker|1080\n|gen|9\n|tier|[Gen 9 Champions] VGC 2026 Reg M-A\n|rated|\n|rule|Species Clause: Limit one of each Pok\u00e9mon\n|rule|Item Clause: Limit 1 of each item\n|clearpoke\n|poke|p1|Sneasler, L50, M|\n|poke|p1|Arcanine-Hisui, L50, M|\n|poke|p1|Kingambit, L50, M|\n|poke|p1|Palafin, L50, F|\n|poke|p1|Clefable, L50, F|\n|poke|p1|Froslass, L50, F|\n|poke|p2|Dragonite, L50, M|\n|poke|p2|Starmie, L50|\n|poke|p2|Pelipper, L50, F|\n|poke|p2|Kingambit, L50, M|\n|poke|p2|Sneasler, L50, F|\n|poke|p2|Primarina, L50, F|\n|teampreview|4\n|\n|t:|1776275138\n|teamsize|p1|4\n|teamsize|p2|4\n|start\n|switch|p1a: Sneasler|Sneasler, L50, M|100/100\n|switch|p1b: Kingambit|Kingambit, L50, M, shiny|100/100\n|switch|p2a: Napoleon|Starmie, L50|100/100\n|switch|p2b: Tragador|Pelipper, L50, F|100/100\n|-weather|RainDance|[from] ability: Drizzle|[of] p2b: Tragador\n|turn|1\n|\n|t:|1776275168\n|detailschange|p2a: Napoleon|Starmie-Mega, L50\n|-mega|p2a: Napoleon|Starmie|Starminite\n|move|p1a: Sneasler|Fake Out|p2a: Napoleon\n|-damage|p2a: Napoleon|81/100\n|cant|p2a: Napoleon|flinch\n|move|p2b: Tragador|Tailwind|p2b: Tragador\n|-sidestart|p2: mariusassasins|move: Tailwind\n|move|p1b: Kingambit|Swords Dance|p1b: Kingambit\n|-boost|p1b: Kingambit|atk|2\n|\n|-weather|RainDance|[upkeep]\n|upkeep\n|turn|2\n|\n|t:|1776275183\n|move|p1a: Sneasler|Protect|p1a: Sneasler\n|-singleturn|p1a: Sneasler|Protect\n|move|p1b: Kingambit|Protect|p1b: Kingambit\n|-singleturn|p1b: Kingambit|Protect\n|move|p2a: Napoleon|Flip Turn|p1b: Kingambit\n|-activate|p1b: Kingambit|move: Protect\n|move|p2b: Tragador|Hurricane|p1b: Kingambit\n|-activate|p1b: Kingambit|move: Protect\n|\n|-weather|RainDance|[upkeep]\n|upkeep\n|turn|3\n|\n|t:|1776275208\n|switch|p1a: Clefable|Clefable, L50, F|100/100\n|move|p1b: Kingambit|Sucker Punch|p2a: Napoleon\n|-supereffective|p2a: Napoleon|1\n|-damage|p2a: Napoleon|0 fnt\n|faint|p2a: Napoleon\n|move|p2b: Tragador|Hurricane|p1a: Clefable\n|-damage|p1a: Clefable|60/100\n|\n|-weather|RainDance|[upkeep]\n|upkeep\n|\n|t:|1776275217\n|switch|p2a: Egirl|Sneasler, L50, F|100/100\n|turn|4\n|\n|t:|1776275230\n|move|p1a: Clefable|Protect|p1a: Clefable\n|-singleturn|p1a: Clefable|Protect\n|move|p1b: Kingambit|Protect|p1b: Kingambit\n|-singleturn|p1b: Kingambit|Protect\n|move|p2a: Egirl|Fake Out|p1b: Kingambit\n|-activate|p1b: Kingambit|move: Protect\n|move|p2b: Tragador|Weather Ball|p1b: Kingambit\n|-activate|p1b: Kingambit|move: Protect\n|\n|-weather|RainDance|[upkeep]\n|-sideend|p2: mariusassasins|move: Tailwind\n|upkeep\n|turn|5\n|\n|t:|1776275261\n|move|p2a: Egirl|Protect|p2a: Egirl\n|-singleturn|p2a: Egirl|Protect\n|move|p1a: Clefable|Follow Me|p1a: Clefable\n|-singleturn|p1a: Clefable|move: Follow Me\n|move|p1b: Kingambit|Sucker Punch||[still]\n|-fail|p1b: Kingambit\n|move|p2b: Tragador|Weather Ball|p1a: Clefable\n|-damage|p1a: Clefable|5/100\n|-enditem|p1a: Clefable|Sitrus Berry|[eat]\n|-heal|p1a: Clefable|30/100|[from] item: Sitrus Berry\n|\n|-weather|none\n|upkeep\n|turn|6\n|\n|t:|1776275282\n|move|p1a: Clefable|Follow Me|p1a: Clefable\n|-singleturn|p1a: Clefable|move: Follow Me\n|move|p2a: Egirl|Close Combat|p1a: Clefable\n|-resisted|p1a: Clefable|1\n|-damage|p1a: Clefable|6/100\n|-unboost|p2a: Egirl|def|1\n|-unboost|p2a: Egirl|spd|1\n|-status|p1a: Clefable|psn|[from] ability: Poison Touch|[of] p2a: Egirl\n|-enditem|p2a: Egirl|White Herb\n|-clearnegativeboost|p2a: Egirl|[silent]\n|move|p2b: Tragador|Ice Beam|p1a: Clefable\n|-damage|p1a: Clefable|0 fnt\n|faint|p1a: Clefable\n|move|p1b: Kingambit|Kowtow Cleave|p2a: Egirl\n|-resisted|p2a: Egirl|1\n|-damage|p2a: Egirl|0 fnt\n|faint|p2a: Egirl\n|\n|upkeep\n|\n|t:|1776275299\n|switch|p2a: Gitano|Kingambit, L50, M|100/100\n|switch|p1a: Froslass|Froslass, L50, F, shiny|100/100\n|turn|7\n|-message|mariusassasins forfeited.\n|\n|win|Pinkirbs\n|raw|Pinkirbs's rating: 1082 &rarr; <strong>1110</strong><br />(+28 for winning)\n|raw|mariusassasins's rating: 1080 &rarr; <strong>1058</strong><br />(-22 for losing)\n|l|\u2606mariusassasins\n|player|p2|\n",
  "uploadtime": 1776275320,
  "views": 22,
  "formatid": "gen9championsvgc2026regma",
  "rating": 1058,
  "private": 0,
  "password": null
}