{
  "id": "gen9championsvgc2026regma-2587912655",
  "format": "[Gen 9 Champions] VGC 2026 Reg M-A",
  "players": [
    "arrascaxeira",
    "piktocat"
  ],
  "log": "|j|\u2606arrascaxeira\n|j|\u2606piktocat\n|t:|1776578132\n|gametype|doubles\n|player|p1|arrascaxeira|266|1046\n|player|p2|piktocat|zinzolin|1043\n|gen|9\n|tier|[Gen 9 Champions] VGC 2026 Reg M-A\n|rated|\n|rule|Species Clause: Limit one of each Pok\u00e9mon\n|rule|Item Clause: Limit 1 of each item\n|clearpoke\n|poke|p1|Kommo-o, L50, F|\n|poke|p1|Basculegion, L50, M|\n|poke|p1|Chandelure, L50, M|\n|poke|p1|Whimsicott, L50, M|\n|poke|p1|Sneasler, L50, M|\n|poke|p1|Aerodactyl, L50, M|\n|poke|p2|Maushold, L50|\n|poke|p2|Garchomp, L50, F|\n|poke|p2|Talonflame, L50, M|\n|poke|p2|Gardevoir, L50, F|\n|poke|p2|Rotom-Wash, L50|\n|poke|p2|Aegislash, L50, F|\n|teampreview|4\n|inactive|Battle timer is ON: inactive players will automatically lose when time's up. (requested by arrascaxeira)\n|inactive|arrascaxeira has 60 seconds left.\npiktocat has agreed to open team sheets.\n|\n|t:|1776578190\n|teamsize|p1|4\n|teamsize|p2|4\n|start\n|switch|p1a: Aerodactyl|Aerodactyl, L50, M|100/100\n|switch|p1b: Basculegion|Basculegion, L50, M|100/100\n|switch|p2a: Gardevoir|Gardevoir, L50, F|100/100\n|switch|p2b: Maushold|Maushold, L50|100/100\n|-ability|p1a: Aerodactyl|Unnerve\n|turn|1\n|\n|t:|1776578211\n|detailschange|p1a: Aerodactyl|Aerodactyl-Mega, L50, M\n|-mega|p1a: Aerodactyl|Aerodactyl|Aerodactylite\n|detailschange|p2a: Gardevoir|Gardevoir-Mega, L50, F\n|-mega|p2a: Gardevoir|Gardevoir|Gardevoirite\n|move|p2b: Maushold|Follow Me|p2b: Maushold\n|-singleturn|p2b: Maushold|move: Follow Me\n|move|p1a: Aerodactyl|Rock Slide|p2b: Maushold|[spread] p2a,p2b\n|-damage|p2a: Gardevoir|72/100\n|-damage|p2b: Maushold|67/100\n|move|p1b: Basculegion|Flip Turn|p2b: Maushold\n|-damage|p2b: Maushold|12/100\n|\n|t:|1776578223\n|switch|p1b: Whimsicott|Whimsicott, L50, M|100/100|[from] Flip Turn\n|move|p2a: Gardevoir|Hyper Voice|p1b: Whimsicott|[spread] p1a,p1b\n|-damage|p1a: Aerodactyl|49/100\n|-damage|p1b: Whimsicott|41/100\n|-enditem|p1b: Whimsicott|Sitrus Berry|[eat]\n|-heal|p1b: Whimsicott|66/100|[from] item: Sitrus Berry\n|\n|upkeep\n|turn|2\n|\n|t:|1776578241\n|move|p2b: Maushold|Helping Hand|p2a: Gardevoir\n|-singleturn|p2a: Gardevoir|Helping Hand|[of] p2b: Maushold\n|move|p1a: Aerodactyl|Protect|p1a: Aerodactyl\n|-singleturn|p1a: Aerodactyl|Protect\n|move|p1b: Whimsicott|Light Screen|p1b: Whimsicott\n|-sidestart|p1: arrascaxeira|move: Light Screen\n|move|p2a: Gardevoir|Hyper Voice|p1b: Whimsicott|[spread] p1b\n|-activate|p1a: Aerodactyl|move: Protect\n|-damage|p1b: Whimsicott|0 fnt\n|faint|p1b: Whimsicott\n|\n|upkeep\n|\n|t:|1776578247\n|switch|p1b: Basculegion|Basculegion, L50, M|100/100\n|turn|3\n|\n|t:|1776578257\n|move|p2b: Maushold|Follow Me|p2b: Maushold\n|-singleturn|p2b: Maushold|move: Follow Me\n|move|p1a: Aerodactyl|Rock Slide|p2b: Maushold|[spread] p2a,p2b\n|-damage|p2a: Gardevoir|44/100\n|-damage|p2b: Maushold|0 fnt\n|faint|p2b: Maushold\n|move|p1b: Basculegion|Last Respects|p2a: Gardevoir\n|-supereffective|p2a: Gardevoir|1\n|-damage|p2a: Gardevoir|0 fnt\n|faint|p2a: Gardevoir\n|\n|upkeep\n|\n|t:|1776578264\n|switch|p2b: Garchomp|Garchomp, L50, F|100/100\n|switch|p2a: Aegislash|Aegislash, L50, F|100/100\n|turn|4\n|\n|t:|1776578268\n|-formechange|p2a: Aegislash|Aegislash-Blade|\n|move|p2a: Aegislash|Shadow Sneak|p1b: Basculegion\n|-supereffective|p1b: Basculegion|1\n|-damage|p1b: Basculegion|21/100\n|move|p2b: Garchomp|Rock Slide|p1a: Aerodactyl|[spread] p1a,p1b\n|-supereffective|p1a: Aerodactyl|1\n|-damage|p1a: Aerodactyl|5/100\n|-damage|p1b: Basculegion|0 fnt\n|faint|p1b: Basculegion\n|cant|p1a: Aerodactyl|flinch\n|\n|upkeep\n|\n|t:|1776578276\n|switch|p1b: Chandelure|Chandelure, L50, M|100/100\n|turn|5\n|inactive|arrascaxeira has 30 seconds left.\n|\n|t:|1776578305\n|move|p1a: Aerodactyl|Protect|p1a: Aerodactyl\n|-singleturn|p1a: Aerodactyl|Protect\n|move|p1b: Chandelure|Protect|p1b: Chandelure\n|-singleturn|p1b: Chandelure|Protect\n|move|p2a: Aegislash|Shadow Sneak|p1b: Chandelure\n|-activate|p1b: Chandelure|move: Protect\n|move|p2b: Garchomp|Rock Slide|p1b: Chandelure|[spread] \n|-activate|p1a: Aerodactyl|move: Protect\n|-activate|p1b: Chandelure|move: Protect\n|\n|upkeep\n|turn|6\n|\n|t:|1776578317\n|-formechange|p2a: Aegislash|Aegislash|\n|move|p2a: Aegislash|King's Shield|p2a: Aegislash\n|-singleturn|p2a: Aegislash|Protect\n|move|p2b: Garchomp|Rock Slide|p1b: Chandelure|[spread] p1a\n|-miss|p2b: Garchomp|p1b: Chandelure\n|-supereffective|p1a: Aerodactyl|1\n|-damage|p1a: Aerodactyl|0 fnt\n|faint|p1a: Aerodactyl\n|move|p1b: Chandelure|Shadow Ball|p2a: Aegislash\n|-activate|p2a: Aegislash|move: Protect\n|\n|-sideend|p1: arrascaxeira|move: Light Screen\n|upkeep\n|turn|7\n|-message|arrascaxeira forfeited.\n|\n|win|piktocat\n|raw|arrascaxeira's rating: 1046 &rarr; <strong>1029</strong><br />(-17 for losing)\n|raw|piktocat's rating: 1043 &rarr; <strong>1077</strong><br />(+34 for winning)\n",
  "uploadtime": 1776578330,
  "views": 17,
  "formatid": "gen9championsvgc2026regma",
  "rating": 1029,
  "private": 0,
  "password": null
}