{
  "id": "gen9championsvgc2026regma-2589410002",
  "format": "[Gen 9 Champions] VGC 2026 Reg M-A",
  "players": [
    "melon storme",
    "therealgianni"
  ],
  "log": "|j|\u2606melon storme\n|j|\u2606therealgianni\n|t:|1776720635\n|gametype|doubles\n|player|p1|melon storme|kieran-festival|1303\n|player|p2|therealgianni|colress|1402\n|gen|9\n|tier|[Gen 9 Champions] VGC 2026 Reg M-A\n|rated|\n|rule|Species Clause: Limit one of each Pok\u00e9mon\n|rule|Item Clause: Limit 1 of each item\n|clearpoke\n|poke|p1|Scovillain, L50, F|\n|poke|p1|Conkeldurr, L50, F|\n|poke|p1|Aerodactyl, L50, F|\n|poke|p1|Farigiraf, L50, F|\n|poke|p1|Dragapult, L50, M|\n|poke|p1|Kingambit, L50, F|\n|poke|p2|Aegislash, L50, F|\n|poke|p2|Floette-Eternal, L50, F|\n|poke|p2|Aerodactyl, L50, F|\n|poke|p2|Garchomp, L50, F|\n|poke|p2|Rotom-Wash, L50|\n|poke|p2|Kangaskhan, L50, F|\n|teampreview|4\nmelon storme has agreed to open team sheets.\ntherealgianni has agreed to open team sheets.\n|showteam|p1|Scovillain||Scovillainite|Moody|Protect,RagePowder,Flamethrower,LeechSeed|||F|||50|]Conkeldurr||Leftovers|Guts|KnockOff,DrainPunch,Facade,Protect|||F|||50|]Aerodactyl||FocusSash|Unnerve|Protect,Tailwind,RockSlide,DualWingbeat|||F|||50|]Farigiraf||SitrusBerry|ArmorTail|TrickRoom,AllySwitch,HyperVoice,Psychic|||F|||50|]Dragapult||ColburBerry|ClearBody|Hex,DracoMeteor,Flamethrower,Protect|||M|||50|]Kingambit||ChopleBerry|Defiant|SuckerPunch,KowtowCleave,SwordsDance,Protect|||F|||50|\n|showteam|p2|Aegislash||Leftovers|StanceChange|Poltergeist,SacredSword,ShadowSneak,KingsShield|||F|||50|]Floette-Eternal||Floettite|FlowerVeil|DazzlingGleam,Moonblast,LightofRuin,Protect|||F|||50|]Aerodactyl||FocusSash|Unnerve|RockSlide,DualWingbeat,Tailwind,Protect|||F|||50|]Garchomp||WhiteHerb|RoughSkin|Earthquake,DragonClaw,RockSlide,Protect|||F|||50|]Rotom-Wash||SitrusBerry|Levitate|HydroPump,Electroweb,Thunderbolt,WillOWisp||||||50|]Kangaskhan||Kangaskhanite|Scrappy|DoubleEdge,SuckerPunch,LowKick,FakeOut|||F|||50|\n|\n|t:|1776720716\n|teamsize|p1|4\n|teamsize|p2|4\n|start\n|switch|p1a: Aerodactyl|Aerodactyl, L50, F|100/100\n|switch|p1b: Scovillain|Scovillain, L50, F|100/100\n|switch|p2a: Aerodactyl|Aerodactyl, L50, F|100/100\n|switch|p2b: Garchomp|Garchomp, L50, F|100/100\n|-ability|p1a: Aerodactyl|Unnerve\n|-ability|p2a: Aerodactyl|Unnerve\n|turn|1\n|\n|t:|1776720732\n|move|p2b: Garchomp|Protect|p2b: Garchomp\n|-singleturn|p2b: Garchomp|Protect\n|move|p1b: Scovillain|Protect|p1b: Scovillain\n|-singleturn|p1b: Scovillain|Protect\n|move|p2a: Aerodactyl|Tailwind|p2a: Aerodactyl\n|-sidestart|p2: therealgianni|move: Tailwind\n|move|p1a: Aerodactyl|Tailwind|p1a: Aerodactyl\n|-sidestart|p1: melon storme|move: Tailwind\n|\n|-ability|p1b: Scovillain|Moody|boost\n|-boost|p1b: Scovillain|def|2\n|-unboost|p1b: Scovillain|atk|1\n|upkeep\n|turn|2\n|\n|t:|1776720748\n|switch|p2b: Aegislash|Aegislash, L50, F|100/100\n|detailschange|p1b: Scovillain|Scovillain-Mega, L50, F\n|-mega|p1b: Scovillain|Scovillain|Scovillainite\n|move|p2a: Aerodactyl|Rock Slide|p1b: Scovillain|[spread] p1a\n|-miss|p2a: Aerodactyl|p1b: Scovillain\n|-supereffective|p1a: Aerodactyl|1\n|-damage|p1a: Aerodactyl|23/100\n|move|p1a: Aerodactyl|Rock Slide|p2b: Aegislash|[spread] p2a,p2b\n|-supereffective|p2a: Aerodactyl|1\n|-resisted|p2b: Aegislash|1\n|-damage|p2a: Aerodactyl|20/100\n|-damage|p2b: Aegislash|90/100\n|move|p1b: Scovillain|Leech Seed|p2b: Aegislash\n|-start|p2b: Aegislash|move: Leech Seed\n|\n|-heal|p2b: Aegislash|96/100|[from] item: Leftovers\n|-damage|p2b: Aegislash|84/100|[from] Leech Seed|[of] p1b: Scovillain\n|upkeep\n|turn|3\n|\n|t:|1776720772\n|switch|p2a: Floette|Floette-Eternal, L50, F|100/100\n|switch|p2b: Garchomp|Garchomp, L50, F|100/100\n|move|p1a: Aerodactyl|Rock Slide|p2b: Garchomp|[spread] p2a,p2b\n|-resisted|p2b: Garchomp|1\n|-damage|p2a: Floette|60/100\n|-damage|p2b: Garchomp|88/100\n|move|p1b: Scovillain|Flamethrower|p2b: Garchomp\n|-resisted|p2b: Garchomp|1\n|-damage|p2b: Garchomp|68/100\n|\n|upkeep\n|turn|4\n|\n|t:|1776720791\n|switch|p2b: Aerodactyl|Aerodactyl, L50, F|20/100\n|-ability|p2b: Aerodactyl|Unnerve\n|detailschange|p2a: Floette|Floette-Mega, L50, F\n|-mega|p2a: Floette|Floette|Floettite\n|-ability|p2a: Floette|Fairy Aura\n|move|p1a: Aerodactyl|Rock Slide|p2b: Aerodactyl|[spread] p2a,p2b\n|-supereffective|p2b: Aerodactyl|1\n|-damage|p2a: Floette|31/100\n|-damage|p2b: Aerodactyl|0 fnt\n|faint|p2b: Aerodactyl\n|move|p2a: Floette|Dazzling Gleam|p1a: Aerodactyl|[spread] p1a,p1b\n|-resisted|p1b: Scovillain|1\n|-damage|p1a: Aerodactyl|0 fnt\n|-damage|p1b: Scovillain|70/100\n|-status|p2a: Floette|brn|[from] ability: Spicy Spray|[of] p1b: Scovillain\n|faint|p1a: Aerodactyl\n|move|p1b: Scovillain|Leech Seed|p2a: Floette|[miss]\n|-miss|p1b: Scovillain|p2a: Floette\n|\n|-damage|p2a: Floette|25/100 brn|[from] brn\n|-sideend|p1: melon storme|move: Tailwind\n|-sideend|p2: therealgianni|move: Tailwind\n|upkeep\n|\n|t:|1776720818\n|switch|p2b: Garchomp|Garchomp, L50, F|68/100\n|switch|p1a: Kingambit|Kingambit, L50, F|100/100\n|turn|5\n|\n|t:|1776720831\n|move|p2a: Floette|Protect|p2a: Floette\n|-singleturn|p2a: Floette|Protect\n|move|p1a: Kingambit|Sucker Punch||[still]\n|-fail|p1a: Kingambit\n|move|p2b: Garchomp|Earthquake|p1b: Scovillain|[spread] p1a,p1b\n|-activate|p2a: Floette|move: Protect\n|-supereffective|p1a: Kingambit|1\n|-damage|p1a: Kingambit|37/100\n|-damage|p1b: Scovillain|44/100\n|-status|p2b: Garchomp|brn|[from] ability: Spicy Spray|[of] p1b: Scovillain\n|move|p1b: Scovillain|Leech Seed|p2b: Garchomp|[miss]\n|-miss|p1b: Scovillain|p2b: Garchomp\n|\n|-damage|p2a: Floette|20/100 brn|[from] brn\n|-damage|p2b: Garchomp|62/100 brn|[from] brn\n|upkeep\n|turn|6\n|\n|t:|1776720853\n|move|p1b: Scovillain|Protect|p1b: Scovillain\n|-singleturn|p1b: Scovillain|Protect\n|move|p1a: Kingambit|Protect|p1a: Kingambit\n|-singleturn|p1a: Kingambit|Protect\n|move|p2a: Floette|Light of Ruin|p1b: Scovillain\n|-activate|p1b: Scovillain|move: Protect\n|move|p2b: Garchomp|Earthquake|p1a: Kingambit|[spread] p2a\n|-activate|p1a: Kingambit|move: Protect\n|-activate|p1b: Scovillain|move: Protect\n|-crit|p2a: Floette\n|-damage|p2a: Floette|0 fnt\n|faint|p2a: Floette\n|\n|-damage|p2b: Garchomp|56/100 brn|[from] brn\n|upkeep\n|\n|t:|1776720856\n|switch|p2a: Aegislash|Aegislash, L50, F|84/100\n|turn|7\n|\n|t:|1776720872\n|move|p2a: Aegislash|King's Shield|p2a: Aegislash\n|-singleturn|p2a: Aegislash|Protect\n|move|p1a: Kingambit|Sucker Punch|p2b: Garchomp\n|-damage|p2b: Garchomp|20/100 brn\n|-damage|p1a: Kingambit|25/100|[from] ability: Rough Skin|[of] p2b: Garchomp\n|move|p2b: Garchomp|Earthquake|p1b: Scovillain|[spread] p1a,p1b\n|-activate|p2a: Aegislash|move: Protect\n|-supereffective|p1a: Kingambit|1\n|-damage|p1a: Kingambit|0 fnt\n|-damage|p1b: Scovillain|31/100\n|faint|p1a: Kingambit\n|move|p1b: Scovillain|Leech Seed|p2a: Aegislash\n|-start|p2a: Aegislash|move: Leech Seed\n|\n|-heal|p2a: Aegislash|90/100|[from] item: Leftovers\n|-damage|p2a: Aegislash|78/100|[from] Leech Seed|[of] p1b: Scovillain\n|-heal|p1b: Scovillain|44/100|[silent]\n|-damage|p2b: Garchomp|14/100 brn|[from] brn\n|upkeep\n|\n|t:|1776720875\n|switch|p1a: Dragapult|Dragapult, L50, M|100/100\n|turn|8\n|-message|therealgianni forfeited.\n|\n|win|melon storme\n|raw|melon storme's rating: 1303 &rarr; <strong>1329</strong><br />(+26 for winning)\n|raw|therealgianni's rating: 1402 &rarr; <strong>1376</strong><br />(-26 for losing)\n|l|\u2606therealgianni\n|player|p2|\n",
  "uploadtime": 1776720919,
  "views": 9,
  "formatid": "gen9championsvgc2026regma",
  "rating": 1329,
  "private": 0,
  "password": null
}