{
  "id": "gen9championsvgc2026regma-2588286553",
  "format": "[Gen 9 Champions] VGC 2026 Reg M-A",
  "players": [
    "DavidTIS",
    "Marshme11ow"
  ],
  "log": "|j|\u2606DavidTIS\n|j|\u2606Marshme11ow\n|t:|1776621088\n|gametype|doubles\n|player|p1|DavidTIS|1|1165\n|player|p2|Marshme11ow|miku-grass|1247\n|gen|9\n|tier|[Gen 9 Champions] VGC 2026 Reg M-A\n|rated|\n|rule|Species Clause: Limit one of each Pok\u00e9mon\n|rule|Item Clause: Limit 1 of each item\n|clearpoke\n|poke|p1|Starmie, L50|\n|poke|p1|Lucario, L50, F|\n|poke|p1|Zoroark-Hisui, L50, F|\n|poke|p1|Lycanroc-Dusk, L50, F|\n|poke|p1|Skarmory, L50, M|\n|poke|p1|Hydreigon, L50, F|\n|poke|p2|Araquanid, L50, F, shiny|\n|poke|p2|Froslass, L50, F|\n|poke|p2|Sneasler, L50, M|\n|poke|p2|Kingambit, L50, M|\n|poke|p2|Farigiraf, L50, F|\n|poke|p2|Rotom-Wash, L50, shiny|\n|teampreview|4\n|inactive|Battle timer is ON: inactive players will automatically lose when time's up. (requested by Marshme11ow)\n|inactive|DavidTIS also wants the timer to be on.\nMarshme11ow has agreed to open team sheets.\n|inactive|DavidTIS has 60 seconds left.\n|inactive|Marshme11ow has 60 seconds left.\n|\n|t:|1776621142\n|teamsize|p1|4\n|teamsize|p2|4\n|start\n|switch|p1a: Starmie|Starmie, L50|100/100\n|switch|p1b: Lucario|Lucario, L50, F|100/100\n|switch|p2a: Froslass|Froslass, L50, F|100/100\n|switch|p2b: Rotom|Rotom-Wash, L50, shiny|100/100\n|turn|1\n|\n|t:|1776621158\n|detailschange|p1a: Starmie|Starmie-Mega, L50\n|-mega|p1a: Starmie|Starmie|Starminite\n|move|p2a: Froslass|Protect|p2a: Froslass\n|-singleturn|p2a: Froslass|Protect\n|move|p2b: Rotom|Electroweb|p1b: Lucario|[spread] p1a,p1b\n|-supereffective|p1a: Starmie|1\n|-damage|p1a: Starmie|50/100\n|-damage|p1b: Lucario|69/100\n|-unboost|p1a: Starmie|spe|1\n|-unboost|p1b: Lucario|spe|1\n|move|p1a: Starmie|Psycho Cut|p2b: Rotom\n|-damage|p2b: Rotom|26/100\n|move|p1b: Lucario|Flash Cannon|p2a: Froslass\n|-activate|p2a: Froslass|move: Protect\n|\n|upkeep\n|turn|2\n|\n|t:|1776621175\n|switch|p1a: Hydreigon|Hydreigon, L50, F|100/100\n|detailschange|p2a: Froslass|Froslass-Mega, L50, F\n|-mega|p2a: Froslass|Froslass|Froslassite\n|-weather|Snowscape|[from] ability: Snow Warning|[of] p2a: Froslass\n|move|p2b: Rotom|Electroweb|p1b: Lucario|[spread] p1a,p1b\n|-resisted|p1a: Hydreigon|1\n|-damage|p1a: Hydreigon|89/100\n|-damage|p1b: Lucario|38/100\n|-unboost|p1a: Hydreigon|spe|1\n|-unboost|p1b: Lucario|spe|1\n|-enditem|p1a: Hydreigon|White Herb\n|-clearnegativeboost|p1a: Hydreigon|[silent]\n|move|p2a: Froslass|Aurora Veil|p2a: Froslass\n|-sidestart|p2: Marshme11ow|move: Aurora Veil\n|move|p1b: Lucario|Flash Cannon|p2a: Froslass\n|-supereffective|p2a: Froslass|1\n|-damage|p2a: Froslass|22/100\n|\n|-weather|Snowscape|[upkeep]\n|upkeep\n|turn|3\n|inactive|DavidTIS has 30 seconds left.\n|inactive|Marshme11ow has 30 seconds left.\n|\n|t:|1776621212\n|move|p1a: Hydreigon|Protect|p1a: Hydreigon\n|-singleturn|p1a: Hydreigon|Protect\n|move|p1b: Lucario|Vacuum Wave|p2b: Rotom\n|-damage|p2b: Rotom|7/100\n|move|p2b: Rotom|Electroweb|p1b: Lucario|[spread] p1b\n|-activate|p1a: Hydreigon|move: Protect\n|-damage|p1b: Lucario|7/100\n|-unboost|p1b: Lucario|spe|1\n|move|p2a: Froslass|Blizzard|p1b: Lucario|[spread] p1b\n|-activate|p1a: Hydreigon|move: Protect\n|-resisted|p1b: Lucario|1\n|-damage|p1b: Lucario|0 fnt\n|faint|p1b: Lucario\n|\n|-weather|Snowscape|[upkeep]\n|upkeep\n|\n|t:|1776621226\n|switch|p1b: Lycanroc|Lycanroc-Dusk, L50, F|100/100\n|turn|4\n|\n|t:|1776621242\n|switch|p2a: Kingambit|Kingambit, L50, M|100/100\n|move|p1b: Lycanroc|Accelerock|p2a: Kingambit\n|-resisted|p2a: Kingambit|1\n|-damage|p2a: Kingambit|94/100\n|move|p2b: Rotom|Electroweb|p1b: Lycanroc|[spread] p1a,p1b\n|-resisted|p1a: Hydreigon|1\n|-damage|p1a: Hydreigon|77/100\n|-damage|p1b: Lycanroc|70/100\n|-unboost|p1a: Hydreigon|spe|1\n|-unboost|p1b: Lycanroc|spe|1\n|move|p1a: Hydreigon|Tailwind|p1a: Hydreigon\n|-sidestart|p1: DavidTIS|move: Tailwind\n|\n|-weather|Snowscape|[upkeep]\n|upkeep\n|turn|5\n|\n|t:|1776621267\n|move|p1b: Lycanroc|Close Combat|p2a: Kingambit\n|-supereffective|p2a: Kingambit|2\n|-damage|p2a: Kingambit|0 fnt\n|-unboost|p1b: Lycanroc|def|1\n|-unboost|p1b: Lycanroc|spd|1\n|faint|p2a: Kingambit\n|move|p1a: Hydreigon|Dark Pulse|p2b: Rotom\n|-damage|p2b: Rotom|0 fnt\n|faint|p2b: Rotom\n|\n|-weather|Snowscape|[upkeep]\n|upkeep\n|\n|t:|1776621273\n|switch|p2b: Froslass|Froslass-Mega, L50, F|22/100\n|switch|p2a: Sneasler|Sneasler, L50, M|100/100\n|turn|6\n|inactive|DavidTIS has 30 seconds left.\n|inactive|Marshme11ow has 30 seconds left.\n|inactive|DavidTIS has 20 seconds left.\n|inactive|Marshme11ow has 20 seconds left.\n|inactive|DavidTIS has 15 seconds left.\n|inactive|Marshme11ow has 15 seconds left.\n|inactive|DavidTIS has 10 seconds left.\n|inactive|DavidTIS has 5 seconds left.\n|\n|t:|1776621324\n|move|p2b: Froslass|Protect|p2b: Froslass\n|-singleturn|p2b: Froslass|Protect\n|move|p1b: Lycanroc|Accelerock|p2b: Froslass\n|-activate|p2b: Froslass|move: Protect\n|move|p1a: Hydreigon|Draco Meteor|p2a: Sneasler\n|-damage|p2a: Sneasler|40/100\n|-unboost|p1a: Hydreigon|spa|2\n|move|p2a: Sneasler|Close Combat|p1b: Lycanroc\n|-supereffective|p1b: Lycanroc|1\n|-damage|p1b: Lycanroc|0 fnt\n|-unboost|p2a: Sneasler|def|1\n|-unboost|p2a: Sneasler|spd|1\n|faint|p1b: Lycanroc\n|\n|-weather|none\n|-sideend|p2: Marshme11ow|move: Aurora Veil\n|upkeep\n|\n|t:|1776621342\n|switch|p1b: Starmie|Starmie-Mega, L50|50/100\n|turn|7\n|inactive|DavidTIS has 30 seconds left.\n|inactive|DavidTIS has 20 seconds left.\n|\n|t:|1776621379\n|move|p2b: Froslass|Protect|p2b: Froslass\n|-singleturn|p2b: Froslass|Protect\n|move|p1b: Starmie|Liquidation|p2b: Froslass\n|-activate|p2b: Froslass|move: Protect\n|move|p1a: Hydreigon|Draco Meteor|p2a: Sneasler\n|-damage|p2a: Sneasler|0 fnt\n|-unboost|p1a: Hydreigon|spa|2\n|faint|p2a: Sneasler\n|\n|-sideend|p1: DavidTIS|move: Tailwind\n|upkeep\n|turn|8\n|inactive|DavidTIS has 30 seconds left.\n|\n|t:|1776621408\n|move|p1a: Hydreigon|Protect|p1a: Hydreigon\n|-singleturn|p1a: Hydreigon|Protect\n|move|p1b: Starmie|Liquidation|p2b: Froslass\n|-damage|p2b: Froslass|0 fnt\n|faint|p2b: Froslass\n|\n|win|DavidTIS\n|raw|DavidTIS's rating: 1165 &rarr; <strong>1196</strong><br />(+31 for winning)\n|raw|Marshme11ow's rating: 1247 &rarr; <strong>1216</strong><br />(-31 for losing)\n",
  "uploadtime": 1776621413,
  "views": 17,
  "formatid": "gen9championsvgc2026regma",
  "rating": 1196,
  "private": 0,
  "password": null
}