{
  "id": "gen9championsvgc2026regma-2583027660",
  "format": "[Gen 9 Champions] VGC 2026 Reg M-A",
  "players": [
    "hdhsjsko",
    "NiceChyip"
  ],
  "log": "|j|\u2606hdhsjsko\n|j|\u2606NiceChyip\n|t:|1776134644\n|gametype|doubles\n|player|p1|hdhsjsko|backpacker|1120\n|player|p2|NiceChyip|lucas|1209\n|gen|9\n|tier|[Gen 9 Champions] VGC 2026 Reg M-A\n|rated|\n|rule|Species Clause: Limit one of each Pok\u00e9mon\n|rule|Item Clause: Limit 1 of each item\n|clearpoke\n|poke|p1|Farigiraf, L50, M|\n|poke|p1|Sneasler, L50, M|\n|poke|p1|Kingambit, L50, M|\n|poke|p1|Aerodactyl, L50, M|\n|poke|p1|Garchomp, L50, F|\n|poke|p1|Meganium, L50, M|\n|poke|p2|Goodra-Hisui, L50, F|\n|poke|p2|Manectric, L50, M|\n|poke|p2|Aerodactyl, L50, F|\n|poke|p2|Aromatisse, L50, F|\n|poke|p2|Sinistcha, L50|\n|poke|p2|Incineroar, L50, M|\n|teampreview|4\n|inactive|Battle timer is ON: inactive players will automatically lose when time's up. (requested by hdhsjsko)\n|\n|t:|1776134665\n|teamsize|p1|4\n|teamsize|p2|4\n|start\n|switch|p1a: Aerodactyl|Aerodactyl, L50, M|100/100\n|switch|p1b: Sneasler|Sneasler, L50, M|100/100\n|switch|p2a: Goodra|Goodra-Hisui, L50, F|100/100\n|switch|p2b: Manectric|Manectric, L50, M|100/100\n|-ability|p1a: Aerodactyl|Unnerve\n|turn|1\n|\n|t:|1776134680\n|detailschange|p2b: Manectric|Manectric-Mega, L50, M\n|-mega|p2b: Manectric|Manectric|Manectite\n|-ability|p2b: Manectric|Intimidate|boost\n|-unboost|p1a: Aerodactyl|atk|1\n|-unboost|p1b: Sneasler|atk|1\n|-enditem|p1b: Sneasler|White Herb\n|-clearnegativeboost|p1b: Sneasler|[silent]\n|move|p1b: Sneasler|Close Combat|p2a: Goodra\n|-supereffective|p2a: Goodra|1\n|-damage|p2a: Goodra|14/100\n|-unboost|p1b: Sneasler|def|1\n|-unboost|p1b: Sneasler|spd|1\n|move|p2b: Manectric|Volt Switch|p1b: Sneasler\n|-damage|p1b: Sneasler|28/100\n|\n|t:|1776134692\n|switch|p2b: Sinistcha|Sinistcha, L50|100/100|[from] Volt Switch\n|-heal|p2a: Goodra|38/100|[from] ability: Hospitality|[of] p2b: Sinistcha\n|move|p1a: Aerodactyl|Tailwind|p1a: Aerodactyl\n|-sidestart|p1: hdhsjsko|move: Tailwind\n|move|p2a: Goodra|Shelter|p2a: Goodra\n|-boost|p2a: Goodra|def|2\n|\n|-heal|p2a: Goodra|44/100|[from] item: Leftovers\n|upkeep\n|turn|2\n|\n|t:|1776134706\n|move|p2a: Goodra|Protect|p2a: Goodra\n|-singleturn|p2a: Goodra|Protect\n|move|p1b: Sneasler|Dire Claw|p2b: Sinistcha\n|-damage|p2b: Sinistcha|58/100\n|move|p1a: Aerodactyl|Dual Wingbeat|p2b: Sinistcha\n|-supereffective|p2b: Sinistcha|1\n|-damage|p2b: Sinistcha|37/100\n|-supereffective|p2b: Sinistcha|1\n|-damage|p2b: Sinistcha|12/100\n|-hitcount|p2b: Sinistcha|2\n|move|p2b: Sinistcha|Life Dew|p2b: Sinistcha|[spread] p2a,p2b\n|-heal|p2a: Goodra|69/100\n|-heal|p2b: Sinistcha|38/100\n|\n|-heal|p2a: Goodra|75/100|[from] item: Leftovers\n|upkeep\n|turn|3\n|\n|t:|1776134725\n|switch|p2b: Incineroar|Incineroar, L50, M|100/100\n|-ability|p2b: Incineroar|Intimidate|boost\n|-unboost|p1a: Aerodactyl|atk|1\n|-unboost|p1b: Sneasler|atk|1\n|move|p1b: Sneasler|Close Combat|p2a: Goodra\n|-supereffective|p2a: Goodra|1\n|-damage|p2a: Goodra|43/100\n|-unboost|p1b: Sneasler|def|1\n|-unboost|p1b: Sneasler|spd|1\n|move|p1a: Aerodactyl|Dual Wingbeat|p2b: Incineroar|[miss]\n|-miss|p1a: Aerodactyl|p2b: Incineroar\n|move|p2a: Goodra|Body Press|p1b: Sneasler\n|-resisted|p1b: Sneasler|1\n|-damage|p1b: Sneasler|0 fnt\n|faint|p1b: Sneasler\n|\n|-heal|p2a: Goodra|49/100|[from] item: Leftovers\n|upkeep\n|\n|t:|1776134733\n|switch|p1b: Garchomp|Garchomp, L50, F|100/100\n|turn|4\n|\n|t:|1776134744\n|move|p2b: Incineroar|Fake Out|p1b: Garchomp\n|-damage|p1b: Garchomp|90/100\n|-damage|p2b: Incineroar|88/100|[from] ability: Rough Skin|[of] p1b: Garchomp\n|move|p1a: Aerodactyl|Rock Slide|p2b: Incineroar|[spread] p2a,p2b\n|-resisted|p2a: Goodra|1\n|-supereffective|p2b: Incineroar|1\n|-damage|p2a: Goodra|47/100\n|-damage|p2b: Incineroar|63/100\n|cant|p1b: Garchomp|flinch\n|cant|p2a: Goodra|flinch\n|\n|-heal|p2a: Goodra|53/100|[from] item: Leftovers\n|-sideend|p1: hdhsjsko|move: Tailwind\n|upkeep\n|turn|5\n|\n|t:|1776134764\n|switch|p2b: Sinistcha|Sinistcha, L50|38/100\n|-heal|p2a: Goodra|78/100|[from] ability: Hospitality|[of] p2b: Sinistcha\n|move|p1a: Aerodactyl|Tailwind|p1a: Aerodactyl\n|-sidestart|p1: hdhsjsko|move: Tailwind\n|move|p1b: Garchomp|Earthquake|p2a: Goodra|[spread] p2a,p2b\n|-immune|p1a: Aerodactyl\n|-supereffective|p2a: Goodra|1\n|-resisted|p2b: Sinistcha|1\n|-damage|p2a: Goodra|41/100\n|-damage|p2b: Sinistcha|15/100\n|move|p2a: Goodra|Shelter|p2a: Goodra\n|-boost|p2a: Goodra|def|2\n|\n|-heal|p2a: Goodra|47/100|[from] item: Leftovers\n|upkeep\n|turn|6\n|\n|t:|1776134782\n|switch|p2b: Incineroar|Incineroar, L50, M|63/100\n|-ability|p2b: Incineroar|Intimidate|boost\n|-unboost|p1a: Aerodactyl|atk|1\n|-unboost|p1b: Garchomp|atk|1\n|move|p2a: Goodra|Protect|p2a: Goodra\n|-singleturn|p2a: Goodra|Protect\n|move|p1a: Aerodactyl|Dual Wingbeat|p2b: Incineroar|[miss]\n|-miss|p1a: Aerodactyl|p2b: Incineroar\n|move|p1b: Garchomp|Stomping Tantrum|p2a: Goodra\n|-activate|p2a: Goodra|move: Protect\n|\n|-heal|p2a: Goodra|53/100|[from] item: Leftovers\n|upkeep\n|turn|7\n|\n|t:|1776134803\n|move|p2b: Incineroar|Fake Out|p1b: Garchomp\n|-damage|p1b: Garchomp|78/100\n|-damage|p2b: Incineroar|51/100|[from] ability: Rough Skin|[of] p1b: Garchomp\n|move|p1a: Aerodactyl|Rock Slide|p2b: Incineroar|[spread] p2a\n|-miss|p1a: Aerodactyl|p2b: Incineroar\n|-resisted|p2a: Goodra|1\n|-damage|p2a: Goodra|52/100\n|cant|p1b: Garchomp|flinch\n|move|p2a: Goodra|Body Press|p1b: Garchomp\n|-damage|p1b: Garchomp|0 fnt\n|-damage|p2a: Goodra|40/100|[from] ability: Rough Skin|[of] p1b: Garchomp\n|faint|p1b: Garchomp\n|\n|-heal|p2a: Goodra|45/100|[from] item: Leftovers\n|upkeep\n|\n|t:|1776134812\n|switch|p1b: Meganium|Meganium, L50, M|100/100\n|turn|8\n|\n|t:|1776134826\n|detailschange|p1b: Meganium|Meganium-Mega, L50, M\n|-mega|p1b: Meganium|Meganium|Meganiumite\n|move|p1a: Aerodactyl|Rock Slide|p2b: Incineroar|[spread] p2a\n|-miss|p1a: Aerodactyl|p2b: Incineroar\n|-resisted|p2a: Goodra|1\n|-damage|p2a: Goodra|44/100\n|move|p1b: Meganium|Earth Power|p2a: Goodra\n|-supereffective|p2a: Goodra|1\n|-damage|p2a: Goodra|0 fnt\n|faint|p2a: Goodra\n|move|p2b: Incineroar|Flare Blitz|p1b: Meganium\n|-supereffective|p1b: Meganium|1\n|-damage|p1b: Meganium|11/100\n|-damage|p2b: Incineroar|24/100|[from] Recoil\n|\n|-sideend|p1: hdhsjsko|move: Tailwind\n|upkeep\n|\n|t:|1776134835\n|switch|p2a: Manectric|Manectric-Mega, L50, M|100/100\n|-ability|p2a: Manectric|Intimidate|boost\n|-unboost|p1a: Aerodactyl|atk|1\n|-unboost|p1b: Meganium|atk|1\n|turn|9\n|\n|t:|1776134852\n|move|p1b: Meganium|Protect|p1b: Meganium\n|-singleturn|p1b: Meganium|Protect\n|move|p2a: Manectric|Thunderbolt|p1b: Meganium\n|-activate|p1b: Meganium|move: Protect\n|move|p1a: Aerodactyl|Tailwind|p1a: Aerodactyl\n|-sidestart|p1: hdhsjsko|move: Tailwind\n|move|p2b: Incineroar|Darkest Lariat|p1a: Aerodactyl\n|-damage|p1a: Aerodactyl|47/100\n|\n|upkeep\n|turn|10\n|\n|t:|1776134875\n|switch|p2a: Sinistcha|Sinistcha, L50|15/100\n|-heal|p2b: Incineroar|49/100|[from] ability: Hospitality|[of] p2a: Sinistcha\n|move|p1a: Aerodactyl|Rock Slide|p2a: Sinistcha|[spread] p2a\n|-miss|p1a: Aerodactyl|p2b: Incineroar\n|-damage|p2a: Sinistcha|6/100\n|move|p1b: Meganium|Earth Power|p2a: Sinistcha\n|-resisted|p2a: Sinistcha|1\n|-crit|p2a: Sinistcha\n|-damage|p2a: Sinistcha|0 fnt\n|faint|p2a: Sinistcha\n|move|p2b: Incineroar|Flare Blitz|p1b: Meganium\n|-supereffective|p1b: Meganium|1\n|-damage|p1b: Meganium|0 fnt\n|faint|p1b: Meganium\n|-damage|p2b: Incineroar|46/100|[from] Recoil\n|\n|upkeep\n|-message|hdhsjsko forfeited.\n|\n|win|NiceChyip\n|raw|hdhsjsko's rating: 1120 &rarr; <strong>1101</strong><br />(-19 for losing)\n|raw|NiceChyip's rating: 1209 &rarr; <strong>1228</strong><br />(+19 for winning)\n|l|\u2606hdhsjsko\n|player|p1|\n",
  "uploadtime": 1776134895,
  "views": 16,
  "formatid": "gen9championsvgc2026regma",
  "rating": 1101,
  "private": 0,
  "password": null
}