{
  "id": "gen9championsvgc2026regma-2586092430",
  "format": "[Gen 9 Champions] VGC 2026 Reg M-A",
  "players": [
    "CHOSSYxVGC",
    "4bied"
  ],
  "log": "|j|\u2606CHOSSYxVGC\n|j|\u26064bied\n|t:|1776398130\n|gametype|doubles\n|player|p1|CHOSSYxVGC|169|1171\n|player|p2|4bied|giovanni|1241\n|gen|9\n|tier|[Gen 9 Champions] VGC 2026 Reg M-A\n|rated|\n|rule|Species Clause: Limit one of each Pok\u00e9mon\n|rule|Item Clause: Limit 1 of each item\n|clearpoke\n|poke|p1|Reuniclus, L50, M|\n|poke|p1|Slowbro, L50, F|\n|poke|p1|Azumarill, L50, F|\n|poke|p1|Tyranitar, L50, F|\n|poke|p1|Sandaconda, L50, F|\n|poke|p1|Gengar, L50, M|\n|poke|p2|Gengar, L50, M|\n|poke|p2|Incineroar, L50, M|\n|poke|p2|Kingambit, L50, M|\n|poke|p2|Sinistcha, L50|\n|poke|p2|Kommo-o, L50, M|\n|poke|p2|Tyranitar, L50, M|\n|teampreview|4\n|\n|t:|1776398147\n|teamsize|p1|4\n|teamsize|p2|4\n|start\n|switch|p1a: Tyranitar|Tyranitar, L50, F|100/100\n|switch|p1b: Sandaconda|Sandaconda, L50, F|100/100\n|switch|p2a: Gengar|Gengar, L50, M|100/100\n|switch|p2b: Incineroar|Incineroar, L50, M|100/100\n|-ability|p2b: Incineroar|Intimidate|boost\n|-unboost|p1a: Tyranitar|atk|1\n|-unboost|p1b: Sandaconda|atk|1\n|-weather|Sandstorm|[from] ability: Sand Stream|[of] p1a: Tyranitar\n|turn|1\n|inactive|Battle timer is ON: inactive players will automatically lose when time's up. (requested by CHOSSYxVGC)\n|inactive|4bied has 60 seconds left.\n|\n|t:|1776398183\n|switch|p2b: Sinistcha|Sinistcha, L50|100/100\n|detailschange|p2a: Gengar|Gengar-Mega, L50, M\n|-mega|p2a: Gengar|Gengar|Gengarite\n|move|p1b: Sandaconda|Protect|p1b: Sandaconda\n|-singleturn|p1b: Sandaconda|Protect\n|move|p2a: Gengar|Perish Song|p2a: Gengar\n|-start|p1a: Tyranitar|perish3|[silent]\n|-start|p1b: Sandaconda|perish3|[silent]\n|-start|p2a: Gengar|perish3|[silent]\n|-start|p2b: Sinistcha|perish3|[silent]\n|-fieldactivate|move: Perish Song\n|move|p1a: Tyranitar|Knock Off|p2a: Gengar\n|-supereffective|p2a: Gengar|1\n|-damage|p2a: Gengar|49/100\n|\n|-weather|Sandstorm|[upkeep]\n|-damage|p2a: Gengar|43/100|[from] Sandstorm\n|-damage|p2b: Sinistcha|94/100|[from] Sandstorm\n|-start|p2a: Gengar|perish3\n|-start|p2b: Sinistcha|perish3\n|-start|p1b: Sandaconda|perish3\n|-start|p1a: Tyranitar|perish3\n|upkeep\n|turn|2\n|\n|t:|1776398204\n|switch|p2b: Incineroar|Incineroar, L50, M|100/100\n|-ability|p2b: Incineroar|Intimidate|boost\n|-unboost|p1a: Tyranitar|atk|1\n|-unboost|p1b: Sandaconda|atk|1\n|move|p2a: Gengar|Protect|p2a: Gengar\n|-singleturn|p2a: Gengar|Protect\n|move|p1b: Sandaconda|Minimize|p1b: Sandaconda\n|-boost|p1b: Sandaconda|evasion|2\n|move|p1a: Tyranitar|Knock Off|p2b: Incineroar\n|-resisted|p2b: Incineroar|1\n|-damage|p2b: Incineroar|88/100\n|-enditem|p2b: Incineroar|Shuca Berry|[from] move: Knock Off|[of] p1a: Tyranitar\n|\n|-weather|Sandstorm|[upkeep]\n|-damage|p2a: Gengar|37/100|[from] Sandstorm\n|-damage|p2b: Incineroar|82/100|[from] Sandstorm\n|-start|p2a: Gengar|perish2\n|-start|p1b: Sandaconda|perish2\n|-start|p1a: Tyranitar|perish2\n|upkeep\n|turn|3\n|\n|t:|1776398227\n|switch|p2a: Sinistcha|Sinistcha, L50|94/100\n|-heal|p2b: Incineroar|100/100|[from] ability: Hospitality|[of] p2a: Sinistcha\n|move|p1b: Sandaconda|Minimize|p1b: Sandaconda\n|-boost|p1b: Sandaconda|evasion|2\n|move|p2b: Incineroar|Parting Shot|p2a: Sinistcha\n|-unboost|p2a: Sinistcha|atk|1\n|-unboost|p2a: Sinistcha|spa|1\n|\n|t:|1776398237\n|switch|p2b: Gengar|Gengar-Mega, L50, M|37/100|[from] Parting Shot\n|move|p1a: Tyranitar|Low Kick|p2b: Gengar\n|-immune|p2b: Gengar\n|\n|-weather|Sandstorm|[upkeep]\n|-damage|p2b: Gengar|31/100|[from] Sandstorm\n|-damage|p2a: Sinistcha|88/100|[from] Sandstorm\n|-start|p1b: Sandaconda|perish1\n|-start|p1a: Tyranitar|perish1\n|upkeep\n|turn|4\n|\n|t:|1776398250\n|move|p2b: Gengar|Protect|p2b: Gengar\n|-singleturn|p2b: Gengar|Protect\n|move|p2a: Sinistcha|Protect|p2a: Sinistcha\n|-singleturn|p2a: Sinistcha|Protect\n|move|p1b: Sandaconda|Glare|p2a: Sinistcha\n|-activate|p2a: Sinistcha|move: Protect\n|move|p1a: Tyranitar|Knock Off|p2a: Sinistcha\n|-activate|p2a: Sinistcha|move: Protect\n|\n|-weather|Sandstorm|[upkeep]\n|-damage|p2b: Gengar|25/100|[from] Sandstorm\n|-damage|p2a: Sinistcha|82/100|[from] Sandstorm\n|-start|p1b: Sandaconda|perish0\n|-start|p1a: Tyranitar|perish0\n|faint|p1b: Sandaconda\n|faint|p1a: Tyranitar\n|upkeep\n|\n|t:|1776398255\n|switch|p1b: Azumarill|Azumarill, L50, F|100/100\n|switch|p1a: Gengar|Gengar, L50, M|100/100\n|turn|5\n|\n|t:|1776398279\n|switch|p2a: Incineroar|Incineroar, L50, M|100/100\n|-ability|p2a: Incineroar|Intimidate|boost\n|-unboost|p1a: Gengar|atk|1\n|-unboost|p1b: Azumarill|atk|1\n|detailschange|p1a: Gengar|Gengar-Mega, L50, M\n|-mega|p1a: Gengar|Gengar|Gengarite\n|move|p2b: Gengar|Perish Song|p2b: Gengar\n|-start|p1a: Gengar|perish3|[silent]\n|-start|p1b: Azumarill|perish3|[silent]\n|-start|p2a: Incineroar|perish3|[silent]\n|-start|p2b: Gengar|perish3|[silent]\n|-fieldactivate|move: Perish Song\n|move|p1a: Gengar|Nasty Plot|p1a: Gengar\n|-boost|p1a: Gengar|spa|2\n|move|p1b: Azumarill|Belly Drum|p1b: Azumarill\n|-damage|p1b: Azumarill|51/100\n|-setboost|p1b: Azumarill|atk|6|[from] move: Belly Drum\n|\n|-weather|none\n|-start|p2b: Gengar|perish3\n|-start|p1a: Gengar|perish3\n|-start|p2a: Incineroar|perish3\n|-start|p1b: Azumarill|perish3\n|upkeep\n|turn|6\n|\n|t:|1776398302\n|move|p2b: Gengar|Protect|p2b: Gengar\n|-singleturn|p2b: Gengar|Protect\n|move|p1b: Azumarill|Protect|p1b: Azumarill\n|-singleturn|p1b: Azumarill|Protect\n|move|p2a: Incineroar|Fake Out|p1b: Azumarill\n|-activate|p1b: Azumarill|move: Protect\n|move|p1a: Gengar|Sludge Bomb|p2a: Incineroar\n|-damage|p2a: Incineroar|12/100\n|\n|-start|p2b: Gengar|perish2\n|-start|p1a: Gengar|perish2\n|-start|p2a: Incineroar|perish2\n|-start|p1b: Azumarill|perish2\n|upkeep\n|turn|7\n|inactive|4bied has 30 seconds left.\n|inactive|4bied has 20 seconds left.\n|inactive|4bied has 15 seconds left.\n|\n|t:|1776398344\n|switch|p2b: Sinistcha|Sinistcha, L50|82/100\n|-heal|p2a: Incineroar|37/100|[from] ability: Hospitality|[of] p2b: Sinistcha\n|move|p1b: Azumarill|Aqua Jet|p2b: Sinistcha\n|-resisted|p2b: Sinistcha|1\n|-crit|p2b: Sinistcha\n|-damage|p2b: Sinistcha|24/100\n|-enditem|p2b: Sinistcha|Sitrus Berry|[eat]\n|-heal|p2b: Sinistcha|49/100|[from] item: Sitrus Berry\n|move|p1a: Gengar|Shadow Ball|p2a: Incineroar\n|-resisted|p2a: Incineroar|1\n|-damage|p2a: Incineroar|3/100\n|-unboost|p2a: Incineroar|spd|1\n|move|p2a: Incineroar|Parting Shot|p1a: Gengar\n|-unboost|p1a: Gengar|atk|1\n|-unboost|p1a: Gengar|spa|1\n|-message|CHOSSYxVGC forfeited.\n|\n|win|4bied\n|raw|CHOSSYxVGC's rating: 1171 &rarr; <strong>1151</strong><br />(-20 for losing)\n|raw|4bied's rating: 1241 &rarr; <strong>1261</strong><br />(+20 for winning)\n|l|\u2606CHOSSYxVGC\n|player|p1|\n",
  "uploadtime": 1776398365,
  "views": 18,
  "formatid": "gen9championsvgc2026regma",
  "rating": 1151,
  "private": 0,
  "password": null
}