{
  "id": "gen9championsvgc2026regma-2584925305",
  "format": "[Gen 9 Champions] VGC 2026 Reg M-A",
  "players": [
    "OCFrey",
    "ChainsPkmn"
  ],
  "log": "|j|\u2606OCFrey\n|j|\u2606ChainsPkmn\n|html|<table width=\"100%\"><tr><td align=\"left\">OCFrey</td><td align=\"right\">ChainsPkmn</tr><tr><td align=\"left\"><i class=\"fa fa-circle\"></i> <i class=\"fa fa-circle-o\"></i> </td><td align=\"right\"><i class=\"fa fa-circle-o\"></i> <i class=\"fa fa-circle\"></i> </tr></table>\n|uhtml|bestof|<h2><strong>Game 3</strong> of <a href=\"/game-bestof3-gen9championsvgc2026regma-2584918592\">a best-of-3</a></h2>\n|t:|1776295081\n|gametype|doubles\n|player|p1|OCFrey|boarder|\n|player|p2|ChainsPkmn|miku-water|\n|gen|9\n|tier|[Gen 9 Champions] VGC 2026 Reg M-A\n|rule|Species Clause: Limit one of each Pok\u00e9mon\n|rule|Item Clause: Limit 1 of each item\n|raw|<div class=\"infobox\"><details class=\"readmore\" open><summary><strong>1 custom rule:</strong></summary> Best of = 3</details></div>\n|clearpoke\n|poke|p1|Espathra, L50, F|\n|poke|p1|Froslass, L50, F|\n|poke|p1|Incineroar, L50, F|\n|poke|p1|Mimikyu, L50, M|\n|poke|p1|Hydrapple, L50, M|\n|poke|p1|Kingambit, L50, M|\n|poke|p2|Gengar, L50, M|\n|poke|p2|Palafin, L50, M|\n|poke|p2|Politoed, L50, F|\n|poke|p2|Kommo-o, L50, M|\n|poke|p2|Skarmory, L50, F|\n|poke|p2|Sableye, L50, M|\n|teampreview|4\n|inactive|Battle timer is ON: inactive players will automatically lose when time's up. (requested by ChainsPkmn)\nOCFrey rejected open team sheets.\n|inactive|ChainsPkmn has 60 seconds left.\n|\n|t:|1776295138\n|teamsize|p1|4\n|teamsize|p2|4\n|start\n|switch|p1a: Mimikyu|Mimikyu, L50, M|100/100\n|switch|p1b: Incineroar|Incineroar, L50, F|100/100\n|switch|p2a: Palafin|Palafin, L50, M|100/100\n|switch|p2b: Sableye|Sableye, L50, M|100/100\n|-ability|p1b: Incineroar|Intimidate|boost\n|-unboost|p2a: Palafin|atk|1\n|-unboost|p2b: Sableye|atk|1\n|turn|1\n|inactive|OCFrey has 30 seconds left.\n|inactive|OCFrey has 20 seconds left.\n|inactive|OCFrey has 15 seconds left.\n|inactive|OCFrey has 10 seconds left.\n|inactive|OCFrey has 5 seconds left.\n|\n|t:|1776295188\n|detailschange|p2a: Palafin|Palafin-Hero, L50, M\n|switch|p2a: Skarmory|Skarmory, L50, F|100/100\n|move|p2b: Sableye|Reflect|p2b: Sableye\n|-sidestart|p2: ChainsPkmn|Reflect\n|move|p1b: Incineroar|Parting Shot|p2a: Skarmory\n|-unboost|p2a: Skarmory|atk|1\n|-unboost|p2a: Skarmory|spa|1\n|\n|t:|1776295194\n|switch|p1b: Hydrapple|Hydrapple, L50, M|100/100|[from] Parting Shot\n|move|p1a: Mimikyu|Trick Room|p1a: Mimikyu\n|-fieldstart|move: Trick Room|[of] p1a: Mimikyu\n|\n|upkeep\n|turn|2\n|\n|t:|1776295209\n|switch|p1a: Incineroar|Incineroar, L50, F|100/100\n|-ability|p1a: Incineroar|Intimidate|boost\n|-unboost|p2a: Skarmory|atk|1\n|-unboost|p2b: Sableye|atk|1\n|move|p2b: Sableye|Light Screen|p2b: Sableye\n|-sidestart|p2: ChainsPkmn|move: Light Screen\n|move|p1b: Hydrapple|Fickle Beam|p2b: Sableye|[anim] Fickle Beam All Out\n|-activate|p1b: Hydrapple|move: Fickle Beam\n|-damage|p2b: Sableye|5/100\n|move|p2a: Skarmory|Iron Defense|p2a: Skarmory\n|-boost|p2a: Skarmory|def|2\n|\n|upkeep\n|turn|3\n|\n|t:|1776295225\n|move|p1b: Hydrapple|Hydro Pump|p2a: Skarmory|[miss]\n|-miss|p1b: Hydrapple|p2a: Skarmory\n|move|p2b: Sableye|Foul Play|p1b: Hydrapple\n|-damage|p1b: Hydrapple|79/100\n|move|p1a: Incineroar|Will-O-Wisp|p2a: Skarmory\n|-status|p2a: Skarmory|brn\n|move|p2a: Skarmory|Body Press|p1a: Incineroar\n|-supereffective|p1a: Incineroar|1\n|-damage|p1a: Incineroar|65/100\n|\n|-damage|p2a: Skarmory|95/100 brn|[from] brn\n|upkeep\n|turn|4\n|inactive|ChainsPkmn has 30 seconds left.\n|\n|t:|1776295253\n|switch|p1a: Mimikyu|Mimikyu, L50, M|100/100\n|move|p1b: Hydrapple|Hydro Pump|p2a: Skarmory\n|-damage|p2a: Skarmory|69/100 brn\n|-heal|p1b: Hydrapple|82/100|[from] item: Shell Bell|[of] p2a: Skarmory\n|move|p2b: Sableye|Foul Play|p1b: Hydrapple\n|-damage|p1b: Hydrapple|59/100\n|move|p2a: Skarmory|Body Press|p1a: Mimikyu\n|-immune|p1a: Mimikyu\n|\n|-heal|p2a: Skarmory|74/100 brn|[from] item: Leftovers\n|-damage|p2a: Skarmory|69/100 brn|[from] brn\n|upkeep\n|turn|5\n|\n|t:|1776295270\n|switch|p1b: Incineroar|Incineroar, L50, F|65/100\n|-ability|p1b: Incineroar|Intimidate|boost\n|-unboost|p2a: Skarmory|atk|1\n|-unboost|p2b: Sableye|atk|1\n|move|p2b: Sableye|Foul Play|p1a: Mimikyu\n|-activate|p1a: Mimikyu|ability: Disguise\n|-damage|p1a: Mimikyu|100/100\n|detailschange|p1a: Mimikyu|Mimikyu-Busted, L50, M\n|-damage|p1a: Mimikyu|88/100|[from] pokemon: Mimikyu-Busted\n|move|p2a: Skarmory|Iron Head|p1a: Mimikyu\n|-supereffective|p1a: Mimikyu|1\n|-damage|p1a: Mimikyu|75/100\n|move|p1a: Mimikyu|Shadow Claw|p2a: Skarmory\n|-damage|p2a: Skarmory|62/100 brn\n|\n|-heal|p2a: Skarmory|68/100 brn|[from] item: Leftovers\n|-damage|p2a: Skarmory|62/100 brn|[from] brn\n|-sideend|p2: ChainsPkmn|Reflect\n|-fieldend|move: Trick Room\n|upkeep\n|turn|6\n|inactive|ChainsPkmn has 30 seconds left.\n|\n|t:|1776295302\n|move|p1b: Incineroar|Fake Out|p2a: Skarmory\n|-resisted|p2a: Skarmory|1\n|-damage|p2a: Skarmory|60/100 brn\n|move|p2b: Sableye|Light Screen||[still]\n|-fail|p2b: Sableye\n|move|p1a: Mimikyu|Shadow Claw|p2a: Skarmory\n|-damage|p2a: Skarmory|51/100 brn\n|cant|p2a: Skarmory|flinch\n|\n|-heal|p2a: Skarmory|57/100 brn|[from] item: Leftovers\n|-damage|p2a: Skarmory|51/100 brn|[from] brn\n|-sideend|p2: ChainsPkmn|move: Light Screen\n|upkeep\n|turn|7\n|\n|t:|1776295317\n|move|p2b: Sableye|Light Screen|p2b: Sableye\n|-sidestart|p2: ChainsPkmn|move: Light Screen\n|move|p2a: Skarmory|Roost|p2a: Skarmory\n|-heal|p2a: Skarmory|100/100 brn\n|-singleturn|p2a: Skarmory|move: Roost\n|move|p1b: Incineroar|Throat Chop|p2a: Skarmory\n|-damage|p2a: Skarmory|88/100 brn\n|-start|p2a: Skarmory|Throat Chop|[silent]\n|move|p1a: Mimikyu|Trick Room|p1a: Mimikyu\n|-fieldstart|move: Trick Room|[of] p1a: Mimikyu\n|\n|-heal|p2a: Skarmory|94/100 brn|[from] item: Leftovers\n|-damage|p2a: Skarmory|88/100 brn|[from] brn\n|upkeep\n|turn|8\n|\n|t:|1776295330\n|move|p2b: Sableye|Reflect|p2b: Sableye\n|-sidestart|p2: ChainsPkmn|Reflect\n|move|p1b: Incineroar|Parting Shot|p2a: Skarmory\n|-unboost|p2a: Skarmory|atk|1\n|-unboost|p2a: Skarmory|spa|1\n|\n|t:|1776295334\n|switch|p1b: Hydrapple|Hydrapple, L50, M|93/100|[from] Parting Shot\n|move|p2a: Skarmory|Body Press|p1b: Hydrapple\n|-crit|p1b: Hydrapple\n|-damage|p1b: Hydrapple|64/100\n|move|p1a: Mimikyu|Shadow Claw|p2b: Sableye\n|-damage|p2b: Sableye|0 fnt\n|faint|p2b: Sableye\n|\n|-heal|p2a: Skarmory|94/100 brn|[from] item: Leftovers\n|-damage|p2a: Skarmory|88/100 brn|[from] brn\n|-end|p2a: Skarmory|Throat Chop|[silent]\n|upkeep\n|\n|t:|1776295347\n|switch|p2b: Gengar|Gengar, L50, M, shiny|100/100\n|turn|9\n|\n|t:|1776295365\n|detailschange|p2b: Gengar|Gengar-Mega, L50, M, shiny\n|-mega|p2b: Gengar|Gengar|Gengarite\n|move|p1b: Hydrapple|Fickle Beam|p2b: Gengar\n|-damage|p2b: Gengar|67/100\n|-heal|p1b: Hydrapple|67/100|[from] item: Shell Bell|[of] p2b: Gengar\n|move|p2a: Skarmory|Body Press|p1b: Hydrapple\n|-damage|p1b: Hydrapple|47/100\n|move|p1a: Mimikyu|Shadow Claw|p2b: Gengar\n|-supereffective|p2b: Gengar|1\n|-damage|p2b: Gengar|29/100\n|move|p2b: Gengar|Shadow Ball|p1a: Mimikyu\n|-supereffective|p1a: Mimikyu|1\n|-damage|p1a: Mimikyu|1/100\n|\n|-heal|p2a: Skarmory|94/100 brn|[from] item: Leftovers\n|-damage|p2a: Skarmory|88/100 brn|[from] brn\n|upkeep\n|turn|10\n|inactive|ChainsPkmn has 30 seconds left.\n|\n|t:|1776295392\n|move|p1b: Hydrapple|Protect|p1b: Hydrapple\n|-singleturn|p1b: Hydrapple|Protect\n|move|p2b: Gengar|Protect|p2b: Gengar\n|-singleturn|p2b: Gengar|Protect\n|move|p2a: Skarmory|Iron Head|p1a: Mimikyu\n|-supereffective|p1a: Mimikyu|1\n|-damage|p1a: Mimikyu|0 fnt\n|faint|p1a: Mimikyu\n|\n|-heal|p2a: Skarmory|94/100 brn|[from] item: Leftovers\n|-damage|p2a: Skarmory|88/100 brn|[from] brn\n|upkeep\n|\n|t:|1776295396\n|switch|p1a: Incineroar|Incineroar, L50, F|65/100\n|-ability|p1a: Incineroar|Intimidate|boost\n|-unboost|p2a: Skarmory|atk|1\n|-unboost|p2b: Gengar|atk|1\n|turn|11\n|\n|t:|1776295409\n|switch|p2b: Palafin|Palafin-Hero, L50, M|100/100\n|-activate|p2b: Palafin|ability: Zero to Hero\n|move|p1a: Incineroar|Fake Out|p2a: Skarmory\n|-resisted|p2a: Skarmory|1\n|-damage|p2a: Skarmory|87/100 brn\n|move|p1b: Hydrapple|Fickle Beam|p2b: Palafin\n|-damage|p2b: Palafin|66/100\n|-heal|p1b: Hydrapple|51/100|[from] item: Shell Bell|[of] p2b: Palafin\n|cant|p2a: Skarmory|flinch\n|\n|-heal|p2a: Skarmory|92/100 brn|[from] item: Leftovers\n|-damage|p2a: Skarmory|87/100 brn|[from] brn\n|-sideend|p2: ChainsPkmn|move: Light Screen\n|-fieldend|move: Trick Room\n|upkeep\n|turn|12\n|\n|t:|1776295431\n|move|p2b: Palafin|Protect|p2b: Palafin\n|-singleturn|p2b: Palafin|Protect\n|move|p2a: Skarmory|Body Press|p1b: Hydrapple\n|-crit|p1b: Hydrapple\n|-damage|p1b: Hydrapple|22/100\n|move|p1a: Incineroar|Throat Chop|p2a: Skarmory\n|-damage|p2a: Skarmory|78/100 brn\n|-start|p2a: Skarmory|Throat Chop|[silent]\n|move|p1b: Hydrapple|Giga Drain|p2b: Palafin\n|-activate|p2b: Palafin|move: Protect\n|\n|-heal|p2a: Skarmory|84/100 brn|[from] item: Leftovers\n|-damage|p2a: Skarmory|78/100 brn|[from] brn\n|-sideend|p2: ChainsPkmn|Reflect\n|upkeep\n|turn|13\n|\n|t:|1776295444\n|switch|p1b: Kingambit|Kingambit, L50, M|100/100\n|-activate|p1b: Kingambit|ability: Supreme Overlord\n|-start|p1b: Kingambit|fallen1|[silent]\n|move|p2b: Palafin|Close Combat|p1b: Kingambit\n|-supereffective|p1b: Kingambit|2\n|-damage|p1b: Kingambit|0 fnt\n|-unboost|p2b: Palafin|def|1\n|-unboost|p2b: Palafin|spd|1\n|faint|p1b: Kingambit\n|-end|p1b: Kingambit|fallen1|[silent]\n|move|p2a: Skarmory|Body Press|p1a: Incineroar\n|-supereffective|p1a: Incineroar|1\n|-damage|p1a: Incineroar|30/100\n|move|p1a: Incineroar|Parting Shot|p2a: Skarmory\n|-unboost|p2a: Skarmory|atk|1\n|-unboost|p2a: Skarmory|spa|1\n|\n|t:|1776295456\n|switch|p1a: Hydrapple|Hydrapple, L50, M|55/100|[from] Parting Shot\n|\n|-heal|p2a: Skarmory|84/100 brn|[from] item: Leftovers\n|-damage|p2a: Skarmory|78/100 brn|[from] brn\n|-end|p2a: Skarmory|Throat Chop|[silent]\n|upkeep\n|\n|t:|1776295457\n|switch|p1b: Incineroar|Incineroar, L50, F|30/100\n|-ability|p1b: Incineroar|Intimidate|boost\n|-unboost|p2a: Skarmory|atk|0\n|-unboost|p2b: Palafin|atk|1\n|turn|14\n|\n|t:|1776295469\n|switch|p2b: Gengar|Gengar-Mega, L50, M, shiny|29/100\n|move|p1b: Incineroar|Fake Out|p2a: Skarmory\n|-resisted|p2a: Skarmory|1\n|-damage|p2a: Skarmory|75/100 brn\n|cant|p2a: Skarmory|flinch\n|move|p1a: Hydrapple|Hydro Pump|p2a: Skarmory\n|-damage|p2a: Skarmory|37/100 brn\n|-heal|p1a: Hydrapple|59/100|[from] item: Shell Bell|[of] p2a: Skarmory\n|\n|-heal|p2a: Skarmory|43/100 brn|[from] item: Leftovers\n|-damage|p2a: Skarmory|37/100 brn|[from] brn\n|upkeep\n|turn|15\n|inactive|ChainsPkmn has 30 seconds left.\n|\n|t:|1776295497\n|move|p2b: Gengar|Protect|p2b: Gengar\n|-singleturn|p2b: Gengar|Protect\n|move|p1a: Hydrapple|Protect|p1a: Hydrapple\n|-singleturn|p1a: Hydrapple|Protect\n|move|p2a: Skarmory|Roost|p2a: Skarmory\n|-heal|p2a: Skarmory|87/100 brn\n|-singleturn|p2a: Skarmory|move: Roost\n|move|p1b: Incineroar|Throat Chop|p2b: Gengar\n|-activate|p2b: Gengar|move: Protect\n|\n|-heal|p2a: Skarmory|93/100 brn|[from] item: Leftovers\n|-damage|p2a: Skarmory|87/100 brn|[from] brn\n|upkeep\n|turn|16\n|\n|t:|1776295505\n|move|p2b: Gengar|Shadow Ball|p1a: Hydrapple\n|-damage|p1a: Hydrapple|15/100\n|move|p2a: Skarmory|Body Press|p1a: Hydrapple\n|-damage|p1a: Hydrapple|0 fnt\n|faint|p1a: Hydrapple\n|move|p1b: Incineroar|Throat Chop|p2b: Gengar\n|-supereffective|p2b: Gengar|1\n|-damage|p2b: Gengar|0 fnt\n|faint|p2b: Gengar\n|\n|-heal|p2a: Skarmory|93/100 brn|[from] item: Leftovers\n|-damage|p2a: Skarmory|87/100 brn|[from] brn\n|upkeep\n|c|\u2606ChainsPkmn|ggs\n|\n|t:|1776295514\n|switch|p2b: Palafin|Palafin-Hero, L50, M|66/100\n|turn|17\n|c|\u2606OCFrey|ggs\n|\n|t:|1776295521\n|move|p2b: Palafin|Wave Crash|p1b: Incineroar\n|-supereffective|p1b: Incineroar|1\n|-enditem|p1b: Incineroar|Passho Berry|[eat]\n|-enditem|p1b: Incineroar|Passho Berry|[weaken]\n|-damage|p1b: Incineroar|0 fnt\n|faint|p1b: Incineroar\n|-damage|p2b: Palafin|56/100|[from] Recoil\n|\n|win|ChainsPkmn\n|l|\u2606OCFrey\n|player|p1|\n",
  "uploadtime": 1776295580,
  "views": 35,
  "formatid": "gen9championsvgc2026regma",
  "rating": null,
  "private": 0,
  "password": null
}