{
  "id": "gen9championsvgc2026regma-2582117854",
  "format": "[Gen 9 Champions] VGC 2026 Reg M-A",
  "players": [
    "Niko highway",
    "NiruSadaro"
  ],
  "log": "|j|\u2606Niko highway\n|j|\u2606NiruSadaro\n|t:|1776060193\n|gametype|doubles\n|player|p1|Niko highway|266|1346\n|player|p2|NiruSadaro|169|1306\n|gen|9\n|tier|[Gen 9 Champions] VGC 2026 Reg M-A\n|rated|\n|rule|Species Clause: Limit one of each Pok\u00e9mon\n|rule|Item Clause: Limit 1 of each item\n|clearpoke\n|poke|p1|Incineroar, L50, F|\n|poke|p1|Conkeldurr, L50, M|\n|poke|p1|Sinistcha, L50|\n|poke|p1|Cofagrigus, L50, M|\n|poke|p1|Drampa, L50, M|\n|poke|p1|Aggron, L50, M|\n|poke|p2|Froslass, L50, F|\n|poke|p2|Incineroar, L50, F|\n|poke|p2|Garchomp, L50, F|\n|poke|p2|Rotom-Frost, L50|\n|poke|p2|Empoleon, L50, F|\n|poke|p2|Kingambit, L50, F|\n|teampreview|4\n|j| Junglebolt\n|\n|t:|1776060214\n|teamsize|p1|4\n|teamsize|p2|4\n|start\n|switch|p1a: Conkeldurr|Conkeldurr, L50, M|100/100\n|switch|p1b: Cofagrigus|Cofagrigus, L50, M|100/100\n|switch|p2a: Froslass|Froslass, L50, F|100/100\n|switch|p2b: Rotom|Rotom-Frost, L50|100/100\n|turn|1\n|j| Glaceon0404\n|\n|t:|1776060223\n|detailschange|p2a: Froslass|Froslass-Mega, L50, F\n|-mega|p2a: Froslass|Froslass|Froslassite\n|-weather|Snowscape|[from] ability: Snow Warning|[of] p2a: Froslass\n|move|p1a: Conkeldurr|Wide Guard|p1a: Conkeldurr\n|-singleturn|p1a: Conkeldurr|Wide Guard\n|move|p2b: Rotom|Blizzard|p1b: Cofagrigus|[spread] \n|-activate|p1a: Conkeldurr|move: Wide Guard\n|-activate|p1b: Cofagrigus|move: Wide Guard\n|move|p2a: Froslass|Blizzard|p1b: Cofagrigus|[spread] \n|-activate|p1a: Conkeldurr|move: Wide Guard\n|-activate|p1b: Cofagrigus|move: Wide Guard\n|move|p1b: Cofagrigus|Trick Room|p1b: Cofagrigus\n|-fieldstart|move: Trick Room|[of] p1b: Cofagrigus\n|\n|-weather|Snowscape|[upkeep]\n|upkeep\n|turn|2\n|inactive|Battle timer is ON: inactive players will automatically lose when time's up. (requested by NiruSadaro)\n|\n|t:|1776060251\n|switch|p2a: Incineroar|Incineroar, L50, F|100/100\n|-ability|p2a: Incineroar|Intimidate|boost\n|-unboost|p1a: Conkeldurr|atk|1\n|-unboost|p1b: Cofagrigus|atk|1\n|switch|p2b: Garchomp|Garchomp, L50, F|100/100\n|move|p1b: Cofagrigus|Shadow Ball|p2a: Incineroar\n|-resisted|p2a: Incineroar|1\n|-damage|p2a: Incineroar|89/100\n|move|p1a: Conkeldurr|Drain Punch|p2b: Garchomp\n|-damage|p2b: Garchomp|56/100\n|-damage|p1a: Conkeldurr|88/100|[from] ability: Rough Skin|[of] p2b: Garchomp\n|\n|-weather|Snowscape|[upkeep]\n|upkeep\n|turn|3\n|\n|t:|1776060270\n|move|p1b: Cofagrigus|Will-O-Wisp|p2b: Garchomp\n|-status|p2b: Garchomp|brn\n|move|p1a: Conkeldurr|Drain Punch|p2a: Incineroar\n|-supereffective|p2a: Incineroar|1\n|-damage|p2a: Incineroar|0 fnt\n|-heal|p1a: Conkeldurr|100/100|[from] drain|[of] p2a: Incineroar\n|faint|p2a: Incineroar\n|move|p2b: Garchomp|Rock Slide|p1b: Cofagrigus|[spread] p1a,p1b\n|-resisted|p1a: Conkeldurr|1\n|-damage|p1a: Conkeldurr|96/100\n|-damage|p1b: Cofagrigus|94/100\n|\n|-weather|Snowscape|[upkeep]\n|-heal|p1b: Cofagrigus|100/100|[from] item: Leftovers\n|-damage|p2b: Garchomp|50/100 brn|[from] brn\n|upkeep\n|l| Junglebolt\n|\n|t:|1776060284\n|switch|p2a: Rotom|Rotom-Frost, L50|100/100\n|turn|4\n|\n|t:|1776060289\n|move|p1b: Cofagrigus|Shadow Ball|p2b: Garchomp\n|-damage|p2b: Garchomp|22/100 brn\n|-unboost|p2b: Garchomp|spd|1\n|-enditem|p2b: Garchomp|White Herb\n|-clearnegativeboost|p2b: Garchomp|[silent]\n|move|p1a: Conkeldurr|Drain Punch|p2a: Rotom\n|-supereffective|p2a: Rotom|1\n|-damage|p2a: Rotom|20/100\n|-heal|p1a: Conkeldurr|100/100|[from] drain|[of] p2a: Rotom\n|move|p2b: Garchomp|Earthquake|p1b: Cofagrigus|[spread] p1a,p1b\n|-immune|p2a: Rotom|[from] ability: Levitate\n|-damage|p1a: Conkeldurr|85/100\n|-damage|p1b: Cofagrigus|87/100\n|move|p2a: Rotom|Blizzard|p1b: Cofagrigus|[spread] p1a,p1b\n|-damage|p1a: Conkeldurr|42/100\n|-damage|p1b: Cofagrigus|49/100\n|-status|p1a: Conkeldurr|frz\n|\n|-weather|Snowscape|[upkeep]\n|-heal|p1b: Cofagrigus|55/100|[from] item: Leftovers\n|-damage|p2b: Garchomp|16/100 brn|[from] brn\n|upkeep\n|turn|5\n|\n|t:|1776060312\n|-curestatus|p1a: Conkeldurr|frz|[msg]\n|move|p1a: Conkeldurr|Wide Guard|p1a: Conkeldurr\n|-singleturn|p1a: Conkeldurr|Wide Guard\n|move|p1b: Cofagrigus|Shadow Ball|p2a: Rotom\n|-crit|p2a: Rotom\n|-damage|p2a: Rotom|0 fnt\n|faint|p2a: Rotom\n|move|p2b: Garchomp|Earthquake|p1a: Conkeldurr|[spread] \n|-activate|p1a: Conkeldurr|move: Wide Guard\n|-activate|p1b: Cofagrigus|move: Wide Guard\n|\n|-weather|none\n|-heal|p1b: Cofagrigus|62/100|[from] item: Leftovers\n|-damage|p2b: Garchomp|10/100 brn|[from] brn\n|-fieldend|move: Trick Room\n|upkeep\n|\n|t:|1776060326\n|switch|p2a: Froslass|Froslass-Mega, L50, F|100/100\n|-weather|Snowscape|[from] ability: Snow Warning|[of] p2a: Froslass\n|turn|6\n|l| Glaceon0404\n|\n|t:|1776060336\n|move|p1a: Conkeldurr|Mach Punch|p2b: Garchomp\n|-damage|p2b: Garchomp|0 fnt\n|-damage|p1a: Conkeldurr|30/100|[from] ability: Rough Skin|[of] p2b: Garchomp\n|faint|p2b: Garchomp\n|move|p2a: Froslass|Blizzard|p1a: Conkeldurr|[spread] p1a,p1b\n|-damage|p1a: Conkeldurr|0 fnt\n|-damage|p1b: Cofagrigus|16/100\n|faint|p1a: Conkeldurr\n|move|p1b: Cofagrigus|Trick Room|p1b: Cofagrigus\n|-fieldstart|move: Trick Room|[of] p1b: Cofagrigus\n|\n|-weather|Snowscape|[upkeep]\n|-heal|p1b: Cofagrigus|22/100|[from] item: Leftovers\n|upkeep\n|\n|t:|1776060339\n|switch|p1a: Aggron|Aggron, L50, M|100/100\n|turn|7\n|c|\u2606Niko highway|gg\n|\n|t:|1776060355\n|detailschange|p1a: Aggron|Aggron-Mega, L50, M\n|-mega|p1a: Aggron|Aggron|Aggronite\n|move|p2a: Froslass|Protect|p2a: Froslass\n|-singleturn|p2a: Froslass|Protect\n|move|p1b: Cofagrigus|Shadow Ball|p2a: Froslass\n|-activate|p2a: Froslass|move: Protect\n|move|p1a: Aggron|Heavy Slam|p2a: Froslass\n|-activate|p2a: Froslass|move: Protect\n|\n|-weather|Snowscape|[upkeep]\n|-heal|p1b: Cofagrigus|29/100|[from] item: Leftovers\n|upkeep\n|turn|8\n|\n|t:|1776060366\n|move|p1b: Cofagrigus|Shadow Ball|p2a: Froslass\n|-supereffective|p2a: Froslass|1\n|-damage|p2a: Froslass|30/100\n|move|p1a: Aggron|Heavy Slam|p2a: Froslass\n|-supereffective|p2a: Froslass|1\n|-damage|p2a: Froslass|0 fnt\n|faint|p2a: Froslass\n|\n|win|Niko highway\n|raw|Niko highway's rating: 1346 &rarr; <strong>1364</strong><br />(+18 for winning)\n|raw|NiruSadaro's rating: 1306 &rarr; <strong>1288</strong><br />(-18 for losing)\n",
  "uploadtime": 1776060370,
  "views": 38,
  "formatid": "gen9championsvgc2026regma",
  "rating": 1288,
  "private": 0,
  "password": null
}