{
  "id": "gen9championsvgc2026regma-2587452145",
  "format": "[Gen 9 Champions] VGC 2026 Reg M-A",
  "players": [
    "flappityfloppity",
    "ImWasian"
  ],
  "log": "|j|\u2606flappityfloppity\n|j|\u2606ImWasian\n|t:|1776532997\n|gametype|doubles\n|player|p1|flappityfloppity|cynthia|1109\n|player|p2|ImWasian|shadowtriad|1063\n|gen|9\n|tier|[Gen 9 Champions] VGC 2026 Reg M-A\n|rated|\n|rule|Species Clause: Limit one of each Pok\u00e9mon\n|rule|Item Clause: Limit 1 of each item\n|clearpoke\n|poke|p1|Rotom-Wash, L50|\n|poke|p1|Incineroar, L50, F|\n|poke|p1|Sinistcha, L50|\n|poke|p1|Floette-Eternal, L50, F|\n|poke|p1|Tyranitar, L50, F|\n|poke|p1|Garchomp, L50, M|\n|poke|p2|Charizard, L50, F, shiny|\n|poke|p2|Venusaur, L50, M|\n|poke|p2|Aerodactyl, L50, M, shiny|\n|poke|p2|Farigiraf, L50, F, shiny|\n|poke|p2|Conkeldurr, L50, F, shiny|\n|poke|p2|Primarina, L50, F, shiny|\n|teampreview|4\n|inactive|Battle timer is ON: inactive players will automatically lose when time's up. (requested by flappityfloppity)\n|inactive|ImWasian has 60 seconds left.\n|\n|t:|1776533049\n|teamsize|p1|4\n|teamsize|p2|4\n|start\n|switch|p1a: Tyranitar|Tyranitar, L50, F|100/100\n|switch|p1b: Garchomp|Garchomp, L50, M|100/100\n|switch|p2a: Farigiraf|Farigiraf, L50, F, shiny|100/100\n|switch|p2b: Primarina|Primarina, L50, F, shiny|100/100\n|-weather|Sandstorm|[from] ability: Sand Stream|[of] p1a: Tyranitar\n|turn|1\n|\n|t:|1776533063\n|move|p1a: Tyranitar|Protect|p1a: Tyranitar\n|-singleturn|p1a: Tyranitar|Protect\n|move|p1b: Garchomp|Substitute|p1b: Garchomp\n|-start|p1b: Garchomp|Substitute\n|-damage|p1b: Garchomp|76/100\n|move|p2b: Primarina|Hyper Voice|p1b: Garchomp|[spread] p1b\n|-activate|p1a: Tyranitar|move: Protect\n|-damage|p1b: Garchomp|34/100\n|move|p2a: Farigiraf|Trick Room|p2a: Farigiraf\n|-fieldstart|move: Trick Room|[of] p2a: Farigiraf\n|\n|-weather|Sandstorm|[upkeep]\n|-damage|p2a: Farigiraf|94/100|[from] Sandstorm\n|-damage|p2b: Primarina|95/100|[from] Sandstorm\n|-heal|p1b: Garchomp|40/100|[from] item: Leftovers\n|upkeep\n|turn|2\n|inactive|ImWasian has 30 seconds left.\n|\n|t:|1776533099\n|move|p2a: Farigiraf|Protect|p2a: Farigiraf\n|-singleturn|p2a: Farigiraf|Protect\n|move|p1b: Garchomp|Protect|p1b: Garchomp\n|-singleturn|p1b: Garchomp|Protect\n|move|p2b: Primarina|Hyper Voice|p1a: Tyranitar|[spread] p1a\n|-activate|p1b: Garchomp|move: Protect\n|-supereffective|p1a: Tyranitar|1\n|-damage|p1a: Tyranitar|45/100\n|move|p1a: Tyranitar|Knock Off|p2b: Primarina\n|-resisted|p2b: Primarina|1\n|-damage|p2b: Primarina|60/100\n|-enditem|p2b: Primarina|Mystic Water|[from] move: Knock Off|[of] p1a: Tyranitar\n|\n|-weather|Sandstorm|[upkeep]\n|-damage|p2a: Farigiraf|88/100|[from] Sandstorm\n|-damage|p2b: Primarina|55/100|[from] Sandstorm\n|-heal|p1b: Garchomp|46/100|[from] item: Leftovers\n|upkeep\n|turn|3\n|\n|t:|1776533116\n|switch|p2a: Venusaur|Venusaur, L50, M|100/100\n|switch|p1a: Sinistcha|Sinistcha, L50|100/100\n|-heal|p1b: Garchomp|71/100|[from] ability: Hospitality|[of] p1a: Sinistcha\n|move|p2b: Primarina|Hyper Voice|p1a: Sinistcha|[spread] p1a\n|-miss|p2b: Primarina|p1b: Garchomp\n|-resisted|p1a: Sinistcha|1\n|-damage|p1a: Sinistcha|82/100\n|move|p1b: Garchomp|Scale Shot|p2a: Venusaur\n|-damage|p2a: Venusaur|83/100\n|-damage|p2a: Venusaur|65/100\n|-hitcount|p2a: Venusaur|2\n|-unboost|p1b: Garchomp|def|1\n|-boost|p1b: Garchomp|spe|1\n|\n|-weather|Sandstorm|[upkeep]\n|-damage|p2b: Primarina|49/100|[from] Sandstorm\n|-damage|p1a: Sinistcha|76/100|[from] Sandstorm\n|-damage|p2a: Venusaur|59/100|[from] Sandstorm\n|-heal|p1b: Garchomp|77/100|[from] item: Leftovers\n|upkeep\n|turn|4\n|inactive|flappityfloppity has 30 seconds left.\n|\n|t:|1776533142\n|move|p1b: Garchomp|Protect|p1b: Garchomp\n|-singleturn|p1b: Garchomp|Protect\n|move|p2b: Primarina|Hyper Voice|p1b: Garchomp|[spread] p1a\n|-activate|p1b: Garchomp|move: Protect\n|-resisted|p1a: Sinistcha|1\n|-damage|p1a: Sinistcha|59/100\n|move|p1a: Sinistcha|Matcha Gotcha|p2b: Primarina|[spread] p2b\n|-miss|p1a: Sinistcha|p2a: Venusaur\n|-supereffective|p2b: Primarina|1\n|-damage|p2b: Primarina|7/100\n|-heal|p1a: Sinistcha|81/100|[from] drain|[of] p2b: Primarina\n|move|p2a: Venusaur|Sludge Bomb|p1a: Sinistcha\n|-damage|p1a: Sinistcha|47/100\n|-enditem|p1a: Sinistcha|Sitrus Berry|[eat]\n|-heal|p1a: Sinistcha|72/100|[from] item: Sitrus Berry\n|\n|-weather|Sandstorm|[upkeep]\n|-damage|p2b: Primarina|1/100|[from] Sandstorm\n|-damage|p1a: Sinistcha|66/100|[from] Sandstorm\n|-damage|p2a: Venusaur|53/100|[from] Sandstorm\n|-heal|p1b: Garchomp|83/100|[from] item: Leftovers\n|upkeep\n|turn|5\n|\n|t:|1776533165\n|switch|p2b: Charizard|Charizard, L50, F, shiny|100/100\n|move|p2a: Venusaur|Protect|p2a: Venusaur\n|-singleturn|p2a: Venusaur|Protect\n|move|p1a: Sinistcha|Rage Powder|p1a: Sinistcha\n|-singleturn|p1a: Sinistcha|move: Rage Powder\n|move|p1b: Garchomp|Scale Shot|p2a: Venusaur\n|-activate|p2a: Venusaur|move: Protect\n|\n|-weather|none\n|-heal|p1b: Garchomp|89/100|[from] item: Leftovers\n|-fieldend|move: Trick Room\n|upkeep\n|turn|6\n|inactive|flappityfloppity has 30 seconds left.\n|\n|t:|1776533194\n|switch|p1a: White-Wash|Rotom-Wash, L50|100/100\n|move|p2b: Charizard|Protect|p2b: Charizard\n|-singleturn|p2b: Charizard|Protect\n|move|p1b: Garchomp|Scale Shot|p2a: Venusaur\n|-damage|p2a: Venusaur|36/100\n|-enditem|p2a: Venusaur|Sitrus Berry|[eat]\n|-heal|p2a: Venusaur|60/100|[from] item: Sitrus Berry\n|-damage|p2a: Venusaur|44/100\n|-damage|p2a: Venusaur|27/100\n|-damage|p2a: Venusaur|9/100\n|-damage|p2a: Venusaur|0 fnt\n|faint|p2a: Venusaur\n|-hitcount|p2: Venusaur|5\n|-unboost|p1b: Garchomp|def|1\n|-boost|p1b: Garchomp|spe|1\n|\n|-heal|p1b: Garchomp|95/100|[from] item: Leftovers\n|upkeep\n|\n|t:|1776533218\n|switch|p2a: Farigiraf|Farigiraf, L50, F, shiny|88/100\n|turn|7\n|\n|t:|1776533230\n|detailschange|p2b: Charizard|Charizard-Mega-Y, L50, F, shiny\n|-mega|p2b: Charizard|Charizard|Charizardite Y\n|-weather|SunnyDay|[from] ability: Drought|[of] p2b: Charizard\n|move|p1b: Garchomp|Scale Shot|p2a: Farigiraf\n|-damage|p2a: Farigiraf|75/100\n|-damage|p2a: Farigiraf|60/100\n|-damage|p2a: Farigiraf|47/100\n|-damage|p2a: Farigiraf|34/100\n|-hitcount|p2a: Farigiraf|4\n|-unboost|p1b: Garchomp|def|1\n|-boost|p1b: Garchomp|spe|1\n|move|p1a: White-Wash|Volt Switch|p2a: Farigiraf\n|-damage|p2a: Farigiraf|6/100\n|\n|t:|1776533243\n|switch|p1a: Tyranitar|Tyranitar, L50, F|45/100|[from] Volt Switch\n|-weather|Sandstorm|[from] ability: Sand Stream|[of] p1a: Tyranitar\n|move|p2b: Charizard|Dragon Pulse|p1a: Tyranitar\n|-damage|p1a: Tyranitar|24/100\n|move|p2a: Farigiraf|Trick Room|p2a: Farigiraf\n|-fieldstart|move: Trick Room|[of] p2a: Farigiraf\n|\n|-weather|Sandstorm|[upkeep]\n|-damage|p2a: Farigiraf|0 fnt|[from] Sandstorm\n|-damage|p2b: Charizard|95/100|[from] Sandstorm\n|faint|p2a: Farigiraf\n|-heal|p1b: Garchomp|100/100|[from] item: Leftovers\n|upkeep\n|\n|t:|1776533250\n|switch|p2a: Primarina|Primarina, L50, F, shiny|1/100\n|turn|8\n|\n|t:|1776533267\n|move|p1a: Tyranitar|Protect|p1a: Tyranitar\n|-singleturn|p1a: Tyranitar|Protect\n|move|p1b: Garchomp|Protect|p1b: Garchomp\n|-singleturn|p1b: Garchomp|Protect\n|move|p2a: Primarina|Moonblast|p1a: Tyranitar\n|-activate|p1a: Tyranitar|move: Protect\n|move|p2b: Charizard|Dragon Pulse|p1b: Garchomp\n|-activate|p1b: Garchomp|move: Protect\n|\n|-weather|Sandstorm|[upkeep]\n|-damage|p2a: Primarina|0 fnt|[from] Sandstorm\n|-damage|p2b: Charizard|89/100|[from] Sandstorm\n|faint|p2a: Primarina\n|upkeep\n|turn|9\n|-message|ImWasian forfeited.\n|\n|win|flappityfloppity\n|raw|flappityfloppity's rating: 1109 &rarr; <strong>1131</strong><br />(+22 for winning)\n|raw|ImWasian's rating: 1063 &rarr; <strong>1046</strong><br />(-17 for losing)\n|l|\u2606ImWasian\n|player|p2|\n",
  "uploadtime": 1776535019,
  "views": 12,
  "formatid": "gen9championsvgc2026regma",
  "rating": 1046,
  "private": 0,
  "password": null
}