{
  "id": "gen9championsvgc2026regma-2585689563",
  "format": "[Gen 9 Champions] VGC 2026 Reg M-A",
  "players": [
    "nickzwr",
    "crobat394"
  ],
  "log": "|j|\u2606nickzwr\n|j|\u2606crobat394\n|t:|1776363922\n|gametype|doubles\n|player|p1|nickzwr|gambler|1073\n|player|p2|crobat394|hiker-gen4|1147\n|gen|9\n|tier|[Gen 9 Champions] VGC 2026 Reg M-A\n|rated|\n|rule|Species Clause: Limit one of each Pok\u00e9mon\n|rule|Item Clause: Limit 1 of each item\n|clearpoke\n|poke|p1|Charizard, L50, F|\n|poke|p1|Whimsicott, L50, F|\n|poke|p1|Venusaur, L50, M|\n|poke|p1|Incineroar, L50, F|\n|poke|p1|Torkoal, L50, M|\n|poke|p1|Farigiraf, L50, M|\n|poke|p2|Floette-Eternal, L50, F|\n|poke|p2|Incineroar, L50, M|\n|poke|p2|Corviknight, L50, M|\n|poke|p2|Dragonite, L50, M|\n|poke|p2|Sneasler, L50, M|\n|poke|p2|Sinistcha-Masterpiece, L50|\n|teampreview|4\n|inactive|Battle timer is ON: inactive players will automatically lose when time's up. (requested by crobat394)\n|inactive|crobat394 has 60 seconds left.\n|\n|t:|1776363954\n|teamsize|p1|4\n|teamsize|p2|4\n|start\n|switch|p1a: Charizard|Charizard, L50, F, shiny|100/100\n|switch|p1b: Whimsicott|Whimsicott, L50, F|100/100\n|switch|p2a: Dragonite|Dragonite, L50, M|100/100\n|switch|p2b: Sneasler|Sneasler, L50, M|100/100\n|turn|1\n|\n|t:|1776363969\n|detailschange|p1a: Charizard|Charizard-Mega-Y, L50, F, shiny\n|-mega|p1a: Charizard|Charizard|Charizardite Y\n|-weather|SunnyDay|[from] ability: Drought|[of] p1a: Charizard\n|detailschange|p2a: Dragonite|Dragonite-Mega, L50, M\n|-mega|p2a: Dragonite|Dragonite|Dragoninite\n|move|p1a: Charizard|Protect|p1a: Charizard\n|-singleturn|p1a: Charizard|Protect\n|move|p2b: Sneasler|Fake Out|p1b: Whimsicott\n|-damage|p1b: Whimsicott|82/100\n|cant|p1b: Whimsicott|flinch\n|move|p2a: Dragonite|Icy Wind|p1a: Charizard|[spread] p1b\n|-activate|p1a: Charizard|move: Protect\n|-supereffective|p1b: Whimsicott|1\n|-damage|p1b: Whimsicott|41/100\n|-unboost|p1b: Whimsicott|spe|1\n|\n|-weather|SunnyDay|[upkeep]\n|upkeep\n|turn|2\n|\n|t:|1776363990\n|move|p2b: Sneasler|Protect|p2b: Sneasler\n|-singleturn|p2b: Sneasler|Protect\n|move|p1b: Whimsicott|Tailwind|p1b: Whimsicott\n|-sidestart|p1: nickzwr|move: Tailwind\n|move|p1a: Charizard|Heat Wave|p2a: Dragonite|[spread] p2a\n|-activate|p2b: Sneasler|move: Protect\n|-resisted|p2a: Dragonite|1\n|-damage|p2a: Dragonite|87/100\n|-status|p2a: Dragonite|brn\n|move|p2a: Dragonite|Icy Wind|p1b: Whimsicott|[spread] p1a,p1b\n|-supereffective|p1b: Whimsicott|1\n|-damage|p1a: Charizard|86/100\n|-damage|p1b: Whimsicott|0 fnt\n|-unboost|p1a: Charizard|spe|1\n|faint|p1b: Whimsicott\n|\n|-weather|SunnyDay|[upkeep]\n|-damage|p2a: Dragonite|81/100 brn|[from] brn\n|upkeep\n|\n|t:|1776364007\n|switch|p1b: Torkoal|Torkoal, L50, M|100/100\n|turn|3\n|\n|t:|1776364032\n|switch|p2b: Incineroar|Incineroar, L50, M|100/100\n|-ability|p2b: Incineroar|Intimidate|boost\n|-unboost|p1a: Charizard|atk|1\n|-unboost|p1b: Torkoal|atk|1\n|move|p1a: Charizard|Heat Wave|p2b: Incineroar|[spread] p2a,p2b\n|-resisted|p2a: Dragonite|1\n|-resisted|p2b: Incineroar|1\n|-crit|p2b: Incineroar\n|-damage|p2a: Dragonite|50/100 brn\n|-damage|p2b: Incineroar|51/100\n|move|p2a: Dragonite|Draco Meteor|p1b: Torkoal\n|-damage|p1b: Torkoal|0 fnt\n|-unboost|p2a: Dragonite|spa|2\n|faint|p1b: Torkoal\n|\n|-weather|SunnyDay|[upkeep]\n|-damage|p2a: Dragonite|44/100 brn|[from] brn\n|upkeep\n|\n|t:|1776364047\n|switch|p1b: Farigiraf|Farigiraf, L50, M|100/100\n|turn|4\n|\n|t:|1776364055\n|switch|p2a: Sinistcha|Sinistcha-Masterpiece, L50|100/100\n|-heal|p2b: Incineroar|76/100|[from] ability: Hospitality|[of] p2a: Sinistcha\n|move|p2b: Incineroar|Fake Out||[still]\n|cant|p1b: Farigiraf|ability: Armor Tail|Fake Out|[of] p2b: Incineroar\n|move|p1a: Charizard|Heat Wave|p2b: Incineroar|[spread] p2a,p2b\n|-supereffective|p2a: Sinistcha|1\n|-resisted|p2b: Incineroar|1\n|-damage|p2a: Sinistcha|0 fnt\n|-damage|p2b: Incineroar|45/100\n|faint|p2a: Sinistcha\n|move|p1b: Farigiraf|Hyper Voice|p2b: Incineroar\n|-damage|p2b: Incineroar|0 fnt\n|faint|p2b: Incineroar\n|\n|-weather|SunnyDay|[upkeep]\n|upkeep\n|\n|t:|1776364058\n|switch|p2b: Dragonite|Dragonite-Mega, L50, M|44/100 brn\n|switch|p2a: Sneasler|Sneasler, L50, M|100/100\n|turn|5\n|c|\u2606crobat394|FARIGIRAF\n|c|\u2606crobat394|I SPIT ON YOU\n|c|\u2606crobat394|I CURSE YOUR FAMILY\n|inactive|crobat394 has 30 seconds left.\n|\n|t:|1776364085\n|move|p1a: Charizard|Heat Wave|p2a: Sneasler|[spread] p2a,p2b\n|-resisted|p2b: Dragonite|1\n|-damage|p2a: Sneasler|14/100\n|-damage|p2b: Dragonite|16/100 brn\n|move|p2a: Sneasler|Close Combat|p1b: Farigiraf\n|-damage|p1b: Farigiraf|33/100\n|-unboost|p2a: Sneasler|def|1\n|-unboost|p2a: Sneasler|spd|1\n|-enditem|p2a: Sneasler|White Herb\n|-clearnegativeboost|p2a: Sneasler|[silent]\n|move|p2b: Dragonite|Draco Meteor|p1a: Charizard\n|-damage|p1a: Charizard|18/100\n|-unboost|p2b: Dragonite|spa|2\n|move|p1b: Farigiraf|Hyper Voice|p2a: Sneasler|[spread] p2a,p2b\n|-damage|p2a: Sneasler|0 fnt\n|-damage|p2b: Dragonite|0 fnt\n|faint|p2a: Sneasler\n|faint|p2b: Dragonite\n|\n|win|nickzwr\n",
  "uploadtime": 1776364074,
  "views": 16,
  "formatid": "gen9championsvgc2026regma",
  "rating": null,
  "private": 0,
  "password": null
}