{
  "id": "gen9championsvgc2026regma-2587824934",
  "format": "[Gen 9 Champions] VGC 2026 Reg M-A",
  "players": [
    "Danievania",
    "The boy savior"
  ],
  "log": "|j|\u2606Danievania\n|j|\u2606The boy savior\n|t:|1776567822\n|gametype|doubles\n|player|p1|Danievania|byron|1469\n|player|p2|The boy savior|gambler|1410\n|gen|9\n|tier|[Gen 9 Champions] VGC 2026 Reg M-A\n|rated|\n|rule|Species Clause: Limit one of each Pok\u00e9mon\n|rule|Item Clause: Limit 1 of each item\n|clearpoke\n|poke|p1|Delphox, L50, M, shiny|\n|poke|p1|Sneasler, L50, F, shiny|\n|poke|p1|Garchomp, L50, M, shiny|\n|poke|p1|Aerodactyl, L50, M|\n|poke|p1|Kingambit, L50, M|\n|poke|p1|Sinistcha, L50|\n|poke|p2|Lopunny, L50, F, shiny|\n|poke|p2|Kleavor, L50, F|\n|poke|p2|Pelipper, L50, M, shiny|\n|poke|p2|Basculegion, L50, M, shiny|\n|poke|p2|Archaludon, L50, M|\n|poke|p2|Scizor, L50, F|\n|teampreview|4\n|inactive|Battle timer is ON: inactive players will automatically lose when time's up. (requested by The boy savior)\n|\n|t:|1776567863\n|teamsize|p1|4\n|teamsize|p2|4\n|start\n|switch|p1a: Garchomp|Garchomp, L50, M, shiny|100/100\n|switch|p1b: Sinistcha|Sinistcha, L50|100/100\n|switch|p2a: Love Deluxe|Lopunny, L50, F, shiny|100/100\n|switch|p2b: Aqua Necklace|Basculegion, L50, M, shiny|100/100\n|turn|1\n|\n|t:|1776567888\n|detailschange|p2a: Love Deluxe|Lopunny-Mega, L50, F, shiny\n|-mega|p2a: Love Deluxe|Lopunny|Lopunnite\n|move|p2a: Love Deluxe|Fake Out|p1a: Garchomp\n|-damage|p1a: Garchomp|79/100\n|-damage|p2a: Love Deluxe|88/100|[from] ability: Rough Skin|[of] p1a: Garchomp\n|move|p2b: Aqua Necklace|Flip Turn|p1a: Garchomp\n|-damage|p1a: Garchomp|39/100\n|-damage|p2b: Aqua Necklace|88/100|[from] ability: Rough Skin|[of] p1a: Garchomp\n|\n|t:|1776567892\n|switch|p2b: Weather Report|Pelipper, L50, M, shiny|100/100|[from] Flip Turn\n|-weather|RainDance|[from] ability: Drizzle|[of] p2b: Weather Report\n|cant|p1a: Garchomp|flinch\n|move|p1b: Sinistcha|Matcha Gotcha|p2a: Love Deluxe|[spread] p2a,p2b\n|-damage|p2a: Love Deluxe|58/100\n|-damage|p2b: Weather Report|66/100\n|\n|-weather|RainDance|[upkeep]\n|upkeep\n|turn|2\n|inactive|Danievania has 30 seconds left.\n|inactive|Danievania has 20 seconds left.\n|inactive|Danievania has 15 seconds left.\n|inactive|The boy savior has 30 seconds left.\n|inactive|Danievania has 10 seconds left.\n|\n|t:|1776567939\n|move|p2b: Weather Report|Wide Guard|p2b: Weather Report\n|-singleturn|p2b: Weather Report|Wide Guard\n|move|p2a: Love Deluxe|Close Combat|p1a: Garchomp\n|-damage|p1a: Garchomp|0 fnt\n|-unboost|p2a: Love Deluxe|def|1\n|-unboost|p2a: Love Deluxe|spd|1\n|-damage|p2a: Love Deluxe|46/100|[from] ability: Rough Skin|[of] p1a: Garchomp\n|faint|p1a: Garchomp\n|move|p1b: Sinistcha|Matcha Gotcha|p2b: Weather Report|[spread] \n|-activate|p2a: Love Deluxe|move: Wide Guard\n|-activate|p2b: Weather Report|move: Wide Guard\n|\n|-weather|RainDance|[upkeep]\n|upkeep\n|\n|t:|1776567946\n|switch|p1a: Sneasler|Sneasler, L50, F, shiny|100/100\n|turn|3\n|\n|t:|1776567958\n|move|p2a: Love Deluxe|Protect|p2a: Love Deluxe\n|-singleturn|p2a: Love Deluxe|Protect\n|move|p1a: Sneasler|Fake Out|p2b: Weather Report\n|-damage|p2b: Weather Report|50/100\n|-enditem|p2b: Weather Report|Sitrus Berry|[eat]\n|-heal|p2b: Weather Report|74/100|[from] item: Sitrus Berry\n|cant|p2b: Weather Report|flinch\n|move|p1b: Sinistcha|Matcha Gotcha|p2a: Love Deluxe|[spread] p2b\n|-activate|p2a: Love Deluxe|move: Protect\n|-crit|p2b: Weather Report\n|-damage|p2b: Weather Report|26/100\n|\n|-weather|RainDance|[upkeep]\n|upkeep\n|turn|4\n|inactive|Danievania has 30 seconds left.\n|\n|t:|1776567989\n|switch|p2a: Aqua Necklace|Basculegion, L50, M, shiny|88/100\n|move|p1a: Sneasler|Dire Claw|p2b: Weather Report\n|-damage|p2b: Weather Report|0 fnt\n|faint|p2b: Weather Report\n|move|p1b: Sinistcha|Trick Room|p1b: Sinistcha\n|-fieldstart|move: Trick Room|[of] p1b: Sinistcha\n|\n|-weather|RainDance|[upkeep]\n|upkeep\n|\n|t:|1776567994\n|switch|p2b: Love Deluxe|Lopunny-Mega, L50, F, shiny|46/100\n|turn|5\n|\n|t:|1776568000\n|move|p1b: Sinistcha|Protect|p1b: Sinistcha\n|-singleturn|p1b: Sinistcha|Protect\n|move|p1a: Sneasler|Protect|p1a: Sneasler\n|-singleturn|p1a: Sneasler|Protect\n|move|p2b: Love Deluxe|Fake Out|p1a: Sneasler\n|-activate|p1a: Sneasler|move: Protect\n|move|p2a: Aqua Necklace|Last Respects|p1b: Sinistcha\n|-activate|p1b: Sinistcha|move: Protect\n|\n|-weather|none\n|upkeep\n|turn|6\n|inactive|Danievania has 30 seconds left.\n|\n|t:|1776568026\n|move|p2b: Love Deluxe|Protect|p2b: Love Deluxe\n|-singleturn|p2b: Love Deluxe|Protect\n|move|p1b: Sinistcha|Matcha Gotcha|p2b: Love Deluxe|[spread] p2a\n|-activate|p2b: Love Deluxe|move: Protect\n|-supereffective|p2a: Aqua Necklace|1\n|-damage|p2a: Aqua Necklace|29/100\n|-status|p2a: Aqua Necklace|brn\n|move|p1a: Sneasler|Close Combat|p2b: Love Deluxe\n|-activate|p2b: Love Deluxe|move: Protect\n|move|p2a: Aqua Necklace|Last Respects|p1b: Sinistcha\n|-supereffective|p1b: Sinistcha|1\n|-damage|p1b: Sinistcha|36/100\n|-enditem|p1b: Sinistcha|Sitrus Berry|[eat]\n|-heal|p1b: Sinistcha|61/100|[from] item: Sitrus Berry\n|\n|-damage|p2a: Aqua Necklace|23/100 brn|[from] brn\n|upkeep\n|turn|7\n|\n|t:|1776568046\n|move|p2b: Love Deluxe|Quick Attack|p1a: Sneasler\n|-damage|p1a: Sneasler|62/100\n|move|p1b: Sinistcha|Matcha Gotcha|p2b: Love Deluxe|[spread] p2a\n|-miss|p1b: Sinistcha|p2b: Love Deluxe\n|-supereffective|p2a: Aqua Necklace|1\n|-crit|p2a: Aqua Necklace\n|-damage|p2a: Aqua Necklace|0 fnt\n|-heal|p1b: Sinistcha|74/100|[from] drain|[of] p2a: Aqua Necklace\n|faint|p2a: Aqua Necklace\n|move|p1a: Sneasler|Close Combat|p2b: Love Deluxe\n|-supereffective|p2b: Love Deluxe|1\n|-damage|p2b: Love Deluxe|0 fnt\n|-unboost|p1a: Sneasler|def|1\n|-unboost|p1a: Sneasler|spd|1\n|faint|p2b: Love Deluxe\n|\n|upkeep\n|\n|t:|1776568051\n|switch|p2a: Super Fly|Archaludon, L50, M|100/100\n|turn|8\n|inactive|Danievania has 30 seconds left.\n|inactive|Danievania has 20 seconds left.\n|\n|t:|1776568087\n|move|p1a: Sneasler|Protect|p1a: Sneasler\n|-singleturn|p1a: Sneasler|Protect\n|move|p2a: Super Fly|Flash Cannon|p1a: Sneasler\n|-activate|p1a: Sneasler|move: Protect\n|move|p1b: Sinistcha|Trick Room|p1b: Sinistcha\n|-fieldend|move: Trick Room\n|\n|upkeep\n|turn|9\n|-message|The boy savior forfeited.\n|\n|win|Danievania\n|raw|Danievania's rating: 1469 &rarr; <strong>1486</strong><br />(+17 for winning)\n|raw|The boy savior's rating: 1410 &rarr; <strong>1393</strong><br />(-17 for losing)\n|l|\u2606The boy savior\n|player|p2|\n",
  "uploadtime": 1776568094,
  "views": 13,
  "formatid": "gen9championsvgc2026regma",
  "rating": 1393,
  "private": 0,
  "password": null
}