{
  "id": "gen9championsvgc2026regma-2588829036",
  "format": "[Gen 9 Champions] VGC 2026 Reg M-A",
  "players": [
    "martisparkles",
    "CurrentlyPooing"
  ],
  "log": "|j|\u2606martisparkles\n|j|\u2606CurrentlyPooing\n|t:|1776675917\n|gametype|doubles\n|player|p1|martisparkles|lyra|1134\n|player|p2|CurrentlyPooing|ethan|1160\n|gen|9\n|tier|[Gen 9 Champions] VGC 2026 Reg M-A\n|rated|\n|rule|Species Clause: Limit one of each Pok\u00e9mon\n|rule|Item Clause: Limit 1 of each item\n|clearpoke\n|poke|p1|Delphox, L50, M|\n|poke|p1|Basculegion, L50, M|\n|poke|p1|Clefable, L50, M|\n|poke|p1|Kingambit, L50, F|\n|poke|p1|Dragonite, L50, F|\n|poke|p1|Sneasler, L50, F|\n|poke|p2|Charizard, L50, F|\n|poke|p2|Sneasler, L50, F|\n|poke|p2|Garchomp, L50, F|\n|poke|p2|Whimsicott, L50, M|\n|poke|p2|Basculegion, L50, M|\n|poke|p2|Feraligatr, L50, F|\n|teampreview|4\n|inactive|Battle timer is ON: inactive players will automatically lose when time's up. (requested by CurrentlyPooing)\n|\n|t:|1776675935\n|teamsize|p1|4\n|teamsize|p2|4\n|start\n|switch|p1a: Basculegion|Basculegion, L50, M|100/100\n|switch|p1b: Sneasler|Sneasler, L50, F|100/100\n|switch|p2a: Scott|Whimsicott, L50, M|100/100\n|switch|p2b: Cat?|Sneasler, L50, F|100/100\n|turn|1\n|\n|t:|1776675960\n|move|p1b: Sneasler|Protect|p1b: Sneasler\n|-singleturn|p1b: Sneasler|Protect\n|move|p1a: Basculegion|Flip Turn|p2b: Cat?\n|-damage|p2b: Cat?|27/100\n|\n|t:|1776675972\n|switch|p1a: Clefable|Clefable, L50, M|100/100|[from] Flip Turn\n|move|p2a: Scott|Moonblast|p1a: Clefable\n|-damage|p1a: Clefable|75/100\n|move|p2b: Cat?|Close Combat|p1b: Sneasler\n|-activate|p1b: Sneasler|move: Protect\n|\n|upkeep\n|turn|2\n|\n|t:|1776675992\n|move|p2b: Cat?|Protect|p2b: Cat?\n|-singleturn|p2b: Cat?|Protect\n|move|p2a: Scott|Tailwind|p2a: Scott\n|-sidestart|p2: CurrentlyPooing|move: Tailwind\n|move|p1b: Sneasler|Dire Claw|p2a: Scott\n|-supereffective|p2a: Scott|2\n|-damage|p2a: Scott|0 fnt\n|faint|p2a: Scott\n|move|p1a: Clefable|Moonblast|p2b: Cat?\n|-activate|p2b: Cat?|move: Protect\n|\n|upkeep\n|\n|t:|1776676010\n|switch|p2a: Dead Fish|Basculegion, L50, M|100/100\n|turn|3\n|\n|t:|1776676030\n|move|p1b: Sneasler|Protect|p1b: Sneasler\n|-singleturn|p1b: Sneasler|Protect\n|move|p1a: Clefable|Protect|p1a: Clefable\n|-singleturn|p1a: Clefable|Protect\n|move|p2a: Dead Fish|Last Respects|p1b: Sneasler\n|-activate|p1b: Sneasler|move: Protect\n|move|p2b: Cat?|Dire Claw|p1a: Clefable\n|-activate|p1a: Clefable|move: Protect\n|\n|upkeep\n|turn|4\n|\n|t:|1776676054\n|move|p2a: Dead Fish|Last Respects|p1b: Sneasler\n|-enditem|p1b: Sneasler|Focus Sash\n|-damage|p1b: Sneasler|1/100\n|move|p1b: Sneasler|Dire Claw|p2a: Dead Fish\n|-resisted|p2a: Dead Fish|1\n|-damage|p2a: Dead Fish|72/100\n|move|p2b: Cat?|Dire Claw|p1a: Clefable\n|-supereffective|p1a: Clefable|1\n|-damage|p1a: Clefable|2/100\n|-status|p1a: Clefable|par\n|-enditem|p1a: Clefable|Sitrus Berry|[eat]\n|-heal|p1a: Clefable|27/100 par|[from] item: Sitrus Berry\n|move|p1a: Clefable|Moonblast|p2b: Cat?\n|-damage|p2b: Cat?|0 fnt\n|faint|p2b: Cat?\n|\n|upkeep\n|\n|t:|1776676073\n|switch|p2b: Gator|Feraligatr, L50, F|100/100\n|turn|5\n|\n|t:|1776676084\n|move|p1b: Sneasler|Protect|p1b: Sneasler\n|-singleturn|p1b: Sneasler|Protect\n|move|p1a: Clefable|Protect|p1a: Clefable\n|-singleturn|p1a: Clefable|Protect\n|move|p2b: Gator|Aqua Jet|p1b: Sneasler\n|-activate|p1b: Sneasler|move: Protect\n|move|p2a: Dead Fish|Last Respects|p1a: Clefable\n|-activate|p1a: Clefable|move: Protect\n|\n|-sideend|p2: CurrentlyPooing|move: Tailwind\n|upkeep\n|turn|6\n|\n|t:|1776676101\n|move|p2b: Gator|Aqua Jet|p1b: Sneasler\n|-damage|p1b: Sneasler|0 fnt\n|faint|p1b: Sneasler\n|move|p2a: Dead Fish|Last Respects|p1a: Clefable\n|-damage|p1a: Clefable|0 fnt\n|faint|p1a: Clefable\n|\n|upkeep\n|\n|t:|1776676109\n|switch|p1b: Kingambit|Kingambit, L50, F|100/100\n|switch|p1a: Basculegion|Basculegion, L50, M|100/100\n|turn|7\n|\n|t:|1776676125\n|detailschange|p2b: Gator|Feraligatr-Mega, L50, F\n|-mega|p2b: Gator|Feraligatr|Feraligite\n|move|p1b: Kingambit|Sucker Punch|p2b: Gator\n|-damage|p2b: Gator|65/100\n|move|p1a: Basculegion|Last Respects|p2a: Dead Fish\n|-supereffective|p2a: Dead Fish|1\n|-damage|p2a: Dead Fish|0 fnt\n|faint|p2a: Dead Fish\n|move|p2b: Gator|Liquidation|p1b: Kingambit\n|-crit|p1b: Kingambit\n|-damage|p1b: Kingambit|33/100\n|\n|upkeep\n|turn|8\n|\n|t:|1776676141\n|move|p1b: Kingambit|Protect|p1b: Kingambit\n|-singleturn|p1b: Kingambit|Protect\n|move|p2b: Gator|Aqua Jet|p1b: Kingambit\n|-activate|p1b: Kingambit|move: Protect\n|move|p1a: Basculegion|Last Respects|p2b: Gator\n|-damage|p2b: Gator|0 fnt\n|faint|p2b: Gator\n|\n|win|martisparkles\n|raw|martisparkles's rating: 1134 &rarr; <strong>1161</strong><br />(+27 for winning)\n|raw|CurrentlyPooing's rating: 1160 &rarr; <strong>1133</strong><br />(-27 for losing)\n|l|\u2606CurrentlyPooing\n|player|p2|\n",
  "uploadtime": 1776676153,
  "views": 10,
  "formatid": "gen9championsvgc2026regma",
  "rating": 1133,
  "private": 0,
  "password": null
}