{
  "id": "gen9championsvgc2026regma-2584893430",
  "format": "[Gen 9 Champions] VGC 2026 Reg M-A",
  "players": [
    "ASilentDragon",
    "weladdertogether"
  ],
  "log": "|j|\u2606ASilentDragon\n|j|\u2606weladdertogether\n|t:|1776292197\n|gametype|doubles\n|player|p1|ASilentDragon|cynthia-gen4|1160\n|player|p2|weladdertogether|1|1112\n|gen|9\n|tier|[Gen 9 Champions] VGC 2026 Reg M-A\n|rated|\n|rule|Species Clause: Limit one of each Pok\u00e9mon\n|rule|Item Clause: Limit 1 of each item\n|clearpoke\n|poke|p1|Meganium, L50, F|\n|poke|p1|Politoed, L50, F|\n|poke|p1|Aerodactyl, L50, F|\n|poke|p1|Archaludon, L50, F|\n|poke|p1|Sinistcha, L50|\n|poke|p1|Basculegion, L50, M|\n|poke|p2|Aegislash, L50, F|\n|poke|p2|Lopunny, L50, F|\n|poke|p2|Pelipper, L50, F|\n|poke|p2|Primarina, L50, M|\n|poke|p2|Chimecho, L50, M|\n|poke|p2|Incineroar, L50, F|\n|teampreview|4\n|\n|t:|1776292229\n|teamsize|p1|4\n|teamsize|p2|4\n|start\n|switch|p1a: Aerodactyl|Aerodactyl, L50, F|100/100\n|switch|p1b: Sinistcha|Sinistcha, L50|100/100\n|switch|p2a: Chimecho|Chimecho, L50, M|100/100\n|switch|p2b: Aegislash|Aegislash, L50, F|100/100\n|-ability|p1a: Aerodactyl|Unnerve\n|turn|1\n|\n|t:|1776292238\n|switch|p2b: Incineroar|Incineroar, L50, F|100/100\n|-ability|p2b: Incineroar|Intimidate|boost\n|-unboost|p1a: Aerodactyl|atk|1\n|-unboost|p1b: Sinistcha|atk|1\n|detailschange|p2a: Chimecho|Chimecho-Mega, L50, M\n|-mega|p2a: Chimecho|Chimecho|Chimechite\n|move|p1a: Aerodactyl|Tailwind|p1a: Aerodactyl\n|-sidestart|p1: ASilentDragon|move: Tailwind\n|move|p1b: Sinistcha|Matcha Gotcha|p2b: Incineroar|[spread] p2a,p2b\n|-resisted|p2a: Chimecho|1\n|-resisted|p2b: Incineroar|1\n|-damage|p2a: Chimecho|91/100\n|-damage|p2b: Incineroar|91/100\n|move|p2a: Chimecho|Cosmic Power|p2a: Chimecho\n|-boost|p2a: Chimecho|def|1\n|-boost|p2a: Chimecho|spd|1\n|\n|upkeep\n|turn|2\n|\n|t:|1776292259\n|switch|p1a: Politoed|Politoed, L50, F|100/100\n|-weather|RainDance|[from] ability: Drizzle|[of] p1a: Politoed\n|move|p1b: Sinistcha|Life Dew||[still]|[still]|[spread] \n|-fail|p1a: Politoed|heal\n|-fail|p1b: Sinistcha|heal\n|move|p2a: Chimecho|Cosmic Power|p2a: Chimecho\n|-boost|p2a: Chimecho|def|1\n|-boost|p2a: Chimecho|spd|1\n|move|p2b: Incineroar|Parting Shot|p1a: Politoed\n|-unboost|p1a: Politoed|atk|1\n|-unboost|p1a: Politoed|spa|1\n|\n|t:|1776292262\n|switch|p2b: Pelipper|Pelipper, L50, F|100/100|[from] Parting Shot\n|\n|-weather|RainDance|[upkeep]\n|upkeep\n|turn|3\n|\n|t:|1776292269\n|move|p1b: Sinistcha|Rage Powder|p1b: Sinistcha\n|-singleturn|p1b: Sinistcha|move: Rage Powder\n|move|p1a: Politoed|Perish Song|p1a: Politoed\n|-start|p1a: Politoed|perish3|[silent]\n|-start|p1b: Sinistcha|perish3|[silent]\n|-start|p2a: Chimecho|perish3|[silent]\n|-start|p2b: Pelipper|perish3|[silent]\n|-fieldactivate|move: Perish Song\n|move|p2b: Pelipper|Tailwind|p2b: Pelipper\n|-sidestart|p2: weladdertogether|move: Tailwind\n|move|p2a: Chimecho|Baton Pass|p2a: Chimecho\n|\n|t:|1776292272\n|switch|p2a: Aegislash|Aegislash, L50, F|100/100|[from] Baton Pass\n|\n|-weather|RainDance|[upkeep]\n|-start|p1b: Sinistcha|perish3\n|-start|p2b: Pelipper|perish3\n|-start|p1a: Politoed|perish3\n|-start|p2a: Aegislash|perish3\n|upkeep\n|turn|4\n|\n|t:|1776292294\n|switch|p2b: Chimecho|Chimecho-Mega, L50, M|91/100\n|move|p1b: Sinistcha|Protect|p1b: Sinistcha\n|-singleturn|p1b: Sinistcha|Protect\n|move|p1a: Politoed|Protect|p1a: Politoed\n|-singleturn|p1a: Politoed|Protect\n|-formechange|p2a: Aegislash|Aegislash-Blade|\n|move|p2a: Aegislash|Poltergeist|p1b: Sinistcha\n|-activate|p1b: Sinistcha|move: Protect\n|\n|-weather|RainDance|[upkeep]\n|-start|p1b: Sinistcha|perish2\n|-start|p1a: Politoed|perish2\n|-start|p2a: Aegislash|perish2\n|-sideend|p1: ASilentDragon|move: Tailwind\n|upkeep\n|turn|5\n|\n|t:|1776292310\n|move|p2a: Aegislash|Poltergeist|p1b: Sinistcha\n|-activate|p1b: Sinistcha|move: Poltergeist|Sitrus Berry\n|-supereffective|p1b: Sinistcha|1\n|-damage|p1b: Sinistcha|0 fnt\n|faint|p1b: Sinistcha\n|move|p2b: Chimecho|Cosmic Power|p2b: Chimecho\n|-boost|p2b: Chimecho|def|1\n|-boost|p2b: Chimecho|spd|1\n|move|p1a: Politoed|Weather Ball|p2a: Aegislash\n|-damage|p2a: Aegislash|68/100\n|\n|-weather|RainDance|[upkeep]\n|-heal|p2a: Aegislash|74/100|[from] item: Leftovers\n|-start|p2a: Aegislash|perish1\n|-start|p1a: Politoed|perish1\n|upkeep\n|\n|t:|1776292315\n|switch|p1b: Aerodactyl|Aerodactyl, L50, F|100/100\n|-ability|p1b: Aerodactyl|Unnerve\n|turn|6\n|\n|t:|1776292328\n|switch|p2a: Incineroar|Incineroar, L50, F|91/100\n|-ability|p2a: Incineroar|Intimidate|boost\n|-unboost|p1a: Politoed|atk|1\n|-unboost|p1b: Aerodactyl|atk|1\n|switch|p1a: Meganium|Meganium, L50, F|100/100\n|move|p1b: Aerodactyl|Tailwind|p1b: Aerodactyl\n|-sidestart|p1: ASilentDragon|move: Tailwind\n|move|p2b: Chimecho|Baton Pass|p2b: Chimecho\n|\n|t:|1776292335\n|switch|p2b: Aegislash|Aegislash, L50, F|74/100|[from] Baton Pass\n|\n|-weather|none\n|-heal|p2b: Aegislash|80/100|[from] item: Leftovers\n|-sideend|p2: weladdertogether|move: Tailwind\n|upkeep\n|turn|7\n|\n|t:|1776292362\n|detailschange|p1a: Meganium|Meganium-Mega, L50, F\n|-mega|p1a: Meganium|Meganium|Meganiumite\n|move|p2b: Aegislash|King's Shield|p2b: Aegislash\n|-singleturn|p2b: Aegislash|Protect\n|move|p2a: Incineroar|Fake Out|p1b: Aerodactyl\n|-resisted|p1b: Aerodactyl|1\n|-damage|p1b: Aerodactyl|91/100\n|cant|p1b: Aerodactyl|flinch\n|move|p1a: Meganium|Weather Ball|p2b: Aegislash\n|-activate|p2b: Aegislash|move: Protect\n|\n|-heal|p2b: Aegislash|86/100|[from] item: Leftovers\n|upkeep\n|turn|8\n|\n|t:|1776292394\n|move|p1b: Aerodactyl|Rock Slide|p2a: Incineroar|[spread] p2a,p2b\n|-supereffective|p2a: Incineroar|1\n|-resisted|p2b: Aegislash|1\n|-damage|p2a: Incineroar|61/100\n|-damage|p2b: Aegislash|81/100\n|move|p1a: Meganium|Weather Ball|p2b: Aegislash\n|-supereffective|p2b: Aegislash|1\n|-damage|p2b: Aegislash|19/100\n|-formechange|p2b: Aegislash|Aegislash-Blade|\n|move|p2b: Aegislash|Iron Head|p1a: Meganium\n|-supereffective|p1a: Meganium|1\n|-damage|p1a: Meganium|0 fnt\n|faint|p1a: Meganium\n|move|p2a: Incineroar|Parting Shot|p1b: Aerodactyl\n|-unboost|p1b: Aerodactyl|atk|1\n|-unboost|p1b: Aerodactyl|spa|1\n|\n|t:|1776292404\n|switch|p2a: Chimecho|Chimecho-Mega, L50, M|91/100|[from] Parting Shot\n|\n|-heal|p2b: Aegislash|25/100|[from] item: Leftovers\n|upkeep\n|\n|t:|1776292409\n|switch|p1a: Politoed|Politoed, L50, F|100/100\n|-weather|RainDance|[from] ability: Drizzle|[of] p1a: Politoed\n|turn|9\n|\n|t:|1776292416\n|switch|p2a: Incineroar|Incineroar, L50, F|61/100\n|-ability|p2a: Incineroar|Intimidate|boost\n|-unboost|p1a: Politoed|atk|1\n|-unboost|p1b: Aerodactyl|atk|1\n|-formechange|p2b: Aegislash|Aegislash|\n|move|p2b: Aegislash|King's Shield|p2b: Aegislash\n|-singleturn|p2b: Aegislash|Protect\n|move|p1b: Aerodactyl|Rock Slide|p2a: Incineroar|[spread] p2a\n|-activate|p2b: Aegislash|move: Protect\n|-supereffective|p2a: Incineroar|1\n|-damage|p2a: Incineroar|46/100\n|move|p1a: Politoed|Weather Ball|p2a: Incineroar\n|-supereffective|p2a: Incineroar|1\n|-damage|p2a: Incineroar|0 fnt\n|faint|p2a: Incineroar\n|\n|-weather|RainDance|[upkeep]\n|-heal|p2b: Aegislash|31/100|[from] item: Leftovers\n|-sideend|p1: ASilentDragon|move: Tailwind\n|upkeep\n|\n|t:|1776292426\n|switch|p2a: Pelipper|Pelipper, L50, F|100/100\n|turn|10\n|\n|t:|1776292449\n|move|p1b: Aerodactyl|Rock Slide|p2a: Pelipper|[spread] p2a,p2b\n|-supereffective|p2a: Pelipper|1\n|-resisted|p2b: Aegislash|1\n|-damage|p2a: Pelipper|79/100\n|-damage|p2b: Aegislash|28/100\n|move|p2a: Pelipper|Tailwind|p2a: Pelipper\n|-sidestart|p2: weladdertogether|move: Tailwind\n|move|p2b: Aegislash|Swords Dance|p2b: Aegislash\n|-boost|p2b: Aegislash|atk|2\n|move|p1a: Politoed|Weather Ball|p2b: Aegislash\n|-crit|p2b: Aegislash\n|-damage|p2b: Aegislash|0 fnt\n|faint|p2b: Aegislash\n|\n|-weather|RainDance|[upkeep]\n|upkeep\n|\n|t:|1776292456\n|switch|p2b: Chimecho|Chimecho-Mega, L50, M|91/100\n|turn|11\n|\n|t:|1776292465\n|move|p2a: Pelipper|Protect|p2a: Pelipper\n|-singleturn|p2a: Pelipper|Protect\n|move|p1b: Aerodactyl|Rock Slide|p2a: Pelipper|[spread] p2b\n|-activate|p2a: Pelipper|move: Protect\n|-resisted|p2b: Chimecho|1\n|-damage|p2b: Chimecho|87/100\n|move|p2b: Chimecho|Cosmic Power|p2b: Chimecho\n|-boost|p2b: Chimecho|def|1\n|-boost|p2b: Chimecho|spd|1\n|move|p1a: Politoed|Perish Song|p1a: Politoed\n|-start|p1a: Politoed|perish3|[silent]\n|-start|p1b: Aerodactyl|perish3|[silent]\n|-start|p2a: Pelipper|perish3|[silent]\n|-start|p2b: Chimecho|perish3|[silent]\n|-fieldactivate|move: Perish Song\n|\n|-weather|RainDance|[upkeep]\n|-start|p1b: Aerodactyl|perish3\n|-start|p2a: Pelipper|perish3\n|-start|p2b: Chimecho|perish3\n|-start|p1a: Politoed|perish3\n|upkeep\n|turn|12\n|c|\u2606weladdertogether|so what happens now lmao\n|l|\u2606weladdertogether\n|player|p2|\n|j|\u2606weladdertogether\n|player|p2|weladdertogether|1|\n|\n|t:|1776292508\n|move|p1b: Aerodactyl|Protect|p1b: Aerodactyl\n|-singleturn|p1b: Aerodactyl|Protect\n|move|p1a: Politoed|Protect|p1a: Politoed\n|-singleturn|p1a: Politoed|Protect\n|move|p2a: Pelipper|Hurricane|p1a: Politoed\n|-activate|p1a: Politoed|move: Protect\n|move|p2b: Chimecho|Cosmic Power|p2b: Chimecho\n|-boost|p2b: Chimecho|def|1\n|-boost|p2b: Chimecho|spd|1\n|\n|-weather|RainDance|[upkeep]\n|-start|p1b: Aerodactyl|perish2\n|-start|p2a: Pelipper|perish2\n|-start|p2b: Chimecho|perish2\n|-start|p1a: Politoed|perish2\n|upkeep\n|turn|13\n|\n|t:|1776292534\n|move|p1b: Aerodactyl|Rock Slide|p2a: Pelipper|[spread] p2a,p2b\n|-supereffective|p2a: Pelipper|1\n|-resisted|p2b: Chimecho|1\n|-damage|p2a: Pelipper|60/100\n|-damage|p2b: Chimecho|86/100\n|move|p2a: Pelipper|Hurricane|p1b: Aerodactyl\n|-resisted|p1b: Aerodactyl|1\n|-damage|p1b: Aerodactyl|60/100\n|move|p2b: Chimecho|Stored Power|p1b: Aerodactyl\n|-damage|p1b: Aerodactyl|1/100\n|move|p1a: Politoed|Ice Beam|p2b: Chimecho\n|-resisted|p2b: Chimecho|1\n|-damage|p2b: Chimecho|82/100\n|\n|-weather|none\n|-start|p1b: Aerodactyl|perish1\n|-start|p2a: Pelipper|perish1\n|-start|p2b: Chimecho|perish1\n|-start|p1a: Politoed|perish1\n|-sideend|p2: weladdertogether|move: Tailwind\n|upkeep\n|turn|14\n|\n|t:|1776292550\n|move|p1b: Aerodactyl|Protect|p1b: Aerodactyl\n|-singleturn|p1b: Aerodactyl|Protect\n|move|p2a: Pelipper|Protect|p2a: Pelipper\n|-singleturn|p2a: Pelipper|Protect\n|move|p1a: Politoed|Protect|p1a: Politoed\n|-singleturn|p1a: Politoed|Protect\n|move|p2b: Chimecho|Cosmic Power|p2b: Chimecho\n|-boost|p2b: Chimecho|def|1\n|-boost|p2b: Chimecho|spd|1\n|\n|-start|p1b: Aerodactyl|perish0\n|-start|p2a: Pelipper|perish0\n|-start|p1a: Politoed|perish0\n|-start|p2b: Chimecho|perish0\n|faint|p1b: Aerodactyl\n|faint|p2a: Pelipper\n|faint|p1a: Politoed\n|faint|p2b: Chimecho\n|\n|win|weladdertogether\n|raw|ASilentDragon's rating: 1160 &rarr; <strong>1132</strong><br />(-28 for losing)\n|raw|weladdertogether's rating: 1112 &rarr; <strong>1140</strong><br />(+28 for winning)\n|l|\u2606weladdertogether\n|player|p2|\n|j|\u2606weladdertogether\n|player|p2|weladdertogether|1|\n|c|\u2606ASilentDragon|lol gg\n",
  "uploadtime": 1776292574,
  "views": 20,
  "formatid": "gen9championsvgc2026regma",
  "rating": 1132,
  "private": 0,
  "password": null
}