{
  "id": "gen9championsvgc2026regma-2585688505",
  "format": "[Gen 9 Champions] VGC 2026 Reg M-A",
  "players": [
    "idontknowwhattobe",
    "takethephilpill"
  ],
  "log": "|j|\u2606idontknowwhattobe\n|j|\u2606takethephilpill\n|t:|1776363854\n|gametype|doubles\n|player|p1|idontknowwhattobe|170|1040\n|player|p2|takethephilpill|#ptplviistarmies|1070\n|gen|9\n|tier|[Gen 9 Champions] VGC 2026 Reg M-A\n|rated|\n|rule|Species Clause: Limit one of each Pok\u00e9mon\n|rule|Item Clause: Limit 1 of each item\n|clearpoke\n|poke|p1|Charizard, L50, F|\n|poke|p1|Milotic, L50, M|\n|poke|p1|Sneasler, L50, F|\n|poke|p1|Aerodactyl, L50, F|\n|poke|p1|Sylveon, L50, M|\n|poke|p1|Aegislash, L50, F|\n|poke|p2|Meganium, L50, M|\n|poke|p2|Archaludon, L50, M|\n|poke|p2|Aerodactyl, L50, F|\n|poke|p2|Typhlosion-Hisui, L50, F|\n|poke|p2|Tauros-Paldea-Aqua, L50, M|\n|poke|p2|Kangaskhan, L50, F|\n|teampreview|4\n|inactive|Battle timer is ON: inactive players will automatically lose when time's up. (requested by takethephilpill)\nidontknowwhattobe rejected open team sheets.\n|inactive|idontknowwhattobe has 60 seconds left.\n|inactive|idontknowwhattobe has 30 seconds left.\n|\n|t:|1776363919\n|teamsize|p1|4\n|teamsize|p2|4\n|start\n|switch|p1a: Milotic|Milotic, L50, M|100/100\n|switch|p1b: Aerodactyl|Aerodactyl, L50, F|100/100\n|switch|p2a: Meganium|Meganium, L50, M|100/100\n|switch|p2b: Kangaskhan|Kangaskhan, L50, F|100/100\n|-ability|p1b: Aerodactyl|Unnerve\n|turn|1\n|inactive|idontknowwhattobe has 30 seconds left.\n|\n|t:|1776363949\n|switch|p1a: Sneasler|Sneasler, L50, F|100/100\n|detailschange|p2a: Meganium|Meganium-Mega, L50, M\n|-mega|p2a: Meganium|Meganium|Meganiumite\n|move|p2b: Kangaskhan|Fake Out|p1b: Aerodactyl\n|-resisted|p1b: Aerodactyl|1\n|-damage|p1b: Aerodactyl|88/100\n|cant|p1b: Aerodactyl|flinch\n|move|p2a: Meganium|Solar Beam||[still]\n|-prepare|p2a: Meganium|Solar Beam\n|-activate|p2a: Meganium|ability: Mega Sol\n|-anim|p2a: Meganium|Solar Beam|p1a: Sneasler\n|-resisted|p1a: Sneasler|1\n|-damage|p1a: Sneasler|53/100\n|\n|upkeep\n|turn|2\n|\n|t:|1776363966\n|move|p2a: Meganium|Protect|p2a: Meganium\n|-singleturn|p2a: Meganium|Protect\n|move|p1b: Aerodactyl|Tailwind|p1b: Aerodactyl\n|-sidestart|p1: idontknowwhattobe|move: Tailwind\n|move|p1a: Sneasler|Dire Claw|p2a: Meganium\n|-activate|p2a: Meganium|move: Protect\n|move|p2b: Kangaskhan|Double-Edge|p1a: Sneasler\n|-damage|p1a: Sneasler|0 fnt\n|faint|p1a: Sneasler\n|-damage|p2b: Kangaskhan|86/100|[from] Recoil\n|\n|upkeep\n|\n|t:|1776363975\n|switch|p1a: Charizard|Charizard, L50, F|100/100\n|turn|3\n|\n|t:|1776363988\n|switch|p2a: Aerodactyl|Aerodactyl, L50, F|100/100\n|-ability|p2a: Aerodactyl|Unnerve\n|detailschange|p1a: Charizard|Charizard-Mega-X, L50, F\n|-mega|p1a: Charizard|Charizard|Charizardite X\n|move|p1b: Aerodactyl|Dual Wingbeat|p2b: Kangaskhan\n|-damage|p2b: Kangaskhan|63/100\n|-damage|p2b: Kangaskhan|43/100\n|-hitcount|p2b: Kangaskhan|2\n|move|p1a: Charizard|Dragon Dance|p1a: Charizard\n|-boost|p1a: Charizard|atk|1\n|-boost|p1a: Charizard|spe|1\n|move|p2b: Kangaskhan|Double-Edge|p1a: Charizard\n|-damage|p1a: Charizard|55/100\n|-damage|p2b: Kangaskhan|27/100|[from] Recoil\n|\n|upkeep\n|turn|4\n|\n|t:|1776364005\n|move|p2a: Aerodactyl|Protect|p2a: Aerodactyl\n|-singleturn|p2a: Aerodactyl|Protect\n|move|p2b: Kangaskhan|Sucker Punch|p1b: Aerodactyl\n|-damage|p1b: Aerodactyl|58/100\n|move|p1a: Charizard|Dragon Claw|p2a: Aerodactyl\n|-activate|p2a: Aerodactyl|move: Protect\n|move|p1b: Aerodactyl|Rock Slide|p2b: Kangaskhan|[spread] p2b\n|-activate|p2a: Aerodactyl|move: Protect\n|-damage|p2b: Kangaskhan|0 fnt\n|faint|p2b: Kangaskhan\n|\n|upkeep\n|\n|t:|1776364018\n|switch|p2b: Archaludon|Archaludon, L50, M|100/100\n|turn|5\n|\n|t:|1776364028\n|move|p1a: Charizard|Flare Blitz|p2b: Archaludon\n|-damage|p2b: Archaludon|13/100\n|-damage|p1a: Charizard|24/100|[from] Recoil\n|move|p1b: Aerodactyl|Rock Slide|p2a: Aerodactyl|[spread] p2a,p2b\n|-supereffective|p2a: Aerodactyl|1\n|-resisted|p2b: Archaludon|1\n|-damage|p2a: Aerodactyl|20/100\n|-damage|p2b: Archaludon|5/100\n|move|p2a: Aerodactyl|Tailwind|p2a: Aerodactyl\n|-sidestart|p2: takethephilpill|move: Tailwind\n|move|p2b: Archaludon|Draco Meteor|p1a: Charizard\n|-supereffective|p1a: Charizard|1\n|-damage|p1a: Charizard|0 fnt\n|-unboost|p2b: Archaludon|spa|2\n|faint|p1a: Charizard\n|\n|-sideend|p1: idontknowwhattobe|move: Tailwind\n|upkeep\n|\n|t:|1776364034\n|switch|p1a: Milotic|Milotic, L50, M|100/100\n|turn|6\n|\n|t:|1776364046\n|move|p1b: Aerodactyl|Protect|p1b: Aerodactyl\n|-singleturn|p1b: Aerodactyl|Protect\n|move|p2a: Aerodactyl|Rock Slide|p1b: Aerodactyl|[spread] p1a\n|-activate|p1b: Aerodactyl|move: Protect\n|-damage|p1a: Milotic|76/100\n|move|p2b: Archaludon|Thunderbolt|p1a: Milotic\n|-supereffective|p1a: Milotic|1\n|-damage|p1a: Milotic|52/100\n|move|p1a: Milotic|Icy Wind|p2a: Aerodactyl|[spread] p2a\n|-miss|p1a: Milotic|p2b: Archaludon\n|-supereffective|p2a: Aerodactyl|1\n|-damage|p2a: Aerodactyl|0 fnt\n|faint|p2a: Aerodactyl\n|\n|-heal|p1a: Milotic|58/100|[from] item: Leftovers\n|upkeep\n|\n|t:|1776364056\n|switch|p2a: Meganium|Meganium-Mega, L50, M|100/100\n|turn|7\n|\n|t:|1776364072\n|move|p2a: Meganium|Protect|p2a: Meganium\n|-singleturn|p2a: Meganium|Protect\n|move|p1a: Milotic|Protect|p1a: Milotic\n|-singleturn|p1a: Milotic|Protect\n|move|p2b: Archaludon|Flash Cannon|p1b: Aerodactyl\n|-supereffective|p1b: Aerodactyl|1\n|-damage|p1b: Aerodactyl|0 fnt\n|faint|p1b: Aerodactyl\n|\n|-heal|p1a: Milotic|64/100|[from] item: Leftovers\n|upkeep\n|turn|8\n|\n|t:|1776364082\n|move|p2a: Meganium|Solar Beam||[still]\n|-prepare|p2a: Meganium|Solar Beam\n|-activate|p2a: Meganium|ability: Mega Sol\n|-anim|p2a: Meganium|Solar Beam|p1a: Milotic\n|-supereffective|p1a: Milotic|1\n|-damage|p1a: Milotic|0 fnt\n|faint|p1a: Milotic\n|\n|win|takethephilpill\n|raw|idontknowwhattobe's rating: 1040 &rarr; <strong>1025</strong><br />(-15 for losing)\n|raw|takethephilpill's rating: 1070 &rarr; <strong>1097</strong><br />(+27 for winning)\n|l|\u2606idontknowwhattobe\n|player|p1|\n",
  "uploadtime": 1776364090,
  "views": 36,
  "formatid": "gen9championsvgc2026regma",
  "rating": 1025,
  "private": 0,
  "password": null
}