{
  "id": "gen9championsvgc2026regma-2585300671",
  "format": "[Gen 9 Champions] VGC 2026 Reg M-A",
  "players": [
    "pingu79abc",
    "Jun BF"
  ],
  "log": "|j|\u2606pingu79abc\n|j|\u2606Jun BF\n|t:|1776335442\n|gametype|doubles\n|player|p1|pingu79abc|1|1063\n|player|p2|Jun BF|265|1032\n|gen|9\n|tier|[Gen 9 Champions] VGC 2026 Reg M-A\n|rated|\n|rule|Species Clause: Limit one of each Pok\u00e9mon\n|rule|Item Clause: Limit 1 of each item\n|clearpoke\n|poke|p1|Camerupt, L50, F|\n|poke|p1|Sinistcha, L50|\n|poke|p1|Aggron, L50, M|\n|poke|p1|Weavile, L50, M|\n|poke|p1|Whimsicott, L50, F|\n|poke|p1|Aerodactyl, L50, F|\n|poke|p2|Floette-Eternal, L50, F|\n|poke|p2|Basculegion, L50, M|\n|poke|p2|Pelipper, L50, F|\n|poke|p2|Incineroar, L50, F|\n|poke|p2|Sinistcha, L50|\n|poke|p2|Sneasler, L50, F|\n|teampreview|4\n|inactive|Battle timer is ON: inactive players will automatically lose when time's up. (requested by pingu79abc)\nJun BF rejected open team sheets.\n|inactive|Jun BF has 60 seconds left.\n|\n|t:|1776335472\n|teamsize|p1|4\n|teamsize|p2|4\n|start\n|switch|p1a: Whimsicott|Whimsicott, L50, F|100/100\n|switch|p1b: Weavile|Weavile, L50, M|100/100\n|switch|p2a: Pelipper|Pelipper, L50, F|100/100\n|switch|p2b: Basculegion|Basculegion, L50, M|100/100\n|-weather|RainDance|[from] ability: Drizzle|[of] p2a: Pelipper\n|turn|1\n|\n|t:|1776335492\n|move|p1b: Weavile|Fake Out|p2a: Pelipper\n|-damage|p2a: Pelipper|81/100\n|move|p1a: Whimsicott|Tailwind|p1a: Whimsicott\n|-sidestart|p1: pingu79abc|move: Tailwind\n|move|p2b: Basculegion|Flip Turn|p1b: Weavile\n|-damage|p1b: Weavile|2/100\n|\n|t:|1776335501\n|switch|p2b: Sneasler|Sneasler, L50, F|100/100|[from] Flip Turn\n|cant|p2a: Pelipper|flinch\n|\n|-weather|RainDance|[upkeep]\n|upkeep\n|turn|2\n|\n|t:|1776335514\n|move|p2b: Sneasler|Fake Out|p1b: Weavile\n|-damage|p1b: Weavile|0 fnt\n|faint|p1b: Weavile\n|move|p1a: Whimsicott|Moonblast|p2b: Sneasler\n|-damage|p2b: Sneasler|67/100\n|move|p2a: Pelipper|Hurricane|p1a: Whimsicott\n|-supereffective|p1a: Whimsicott|1\n|-damage|p1a: Whimsicott|0 fnt\n|faint|p1a: Whimsicott\n|\n|-weather|RainDance|[upkeep]\n|upkeep\n|\n|t:|1776335525\n|switch|p1b: Sinistcha|Sinistcha, L50|100/100\n|switch|p1a: Aggron|Aggron, L50, M|100/100\n|turn|3\n|\n|t:|1776335546\n|detailschange|p1a: Aggron|Aggron-Mega, L50, M\n|-mega|p1a: Aggron|Aggron|Aggronite\n|move|p1b: Sinistcha|Life Dew||[still]|[still]|[spread] \n|-fail|p1a: Aggron|heal\n|-fail|p1b: Sinistcha|heal\n|move|p1a: Aggron|Body Press|p2b: Sneasler\n|-resisted|p2b: Sneasler|1\n|-damage|p2b: Sneasler|32/100\n|move|p2b: Sneasler|Dire Claw|p1b: Sinistcha\n|-damage|p1b: Sinistcha|68/100\n|move|p2a: Pelipper|Muddy Water|p1a: Aggron|[spread] p1a,p1b\n|-resisted|p1b: Sinistcha|1\n|-damage|p1a: Aggron|38/100\n|-damage|p1b: Sinistcha|41/100\n|\n|-weather|RainDance|[upkeep]\n|-heal|p1b: Sinistcha|47/100|[from] item: Leftovers\n|upkeep\n|turn|4\n|\n|t:|1776335564\n|move|p1b: Sinistcha|Life Dew|p1b: Sinistcha|[spread] p1a,p1b\n|-heal|p1a: Aggron|63/100\n|-heal|p1b: Sinistcha|72/100\n|move|p1a: Aggron|Body Press|p2b: Sneasler\n|-resisted|p2b: Sneasler|1\n|-damage|p2b: Sneasler|0 fnt\n|faint|p2b: Sneasler\n|move|p2a: Pelipper|Muddy Water|p1a: Aggron|[spread] p1a,p1b\n|-resisted|p1b: Sinistcha|1\n|-damage|p1a: Aggron|1/100\n|-damage|p1b: Sinistcha|45/100\n|\n|-weather|RainDance|[upkeep]\n|-heal|p1b: Sinistcha|52/100|[from] item: Leftovers\n|-sideend|p1: pingu79abc|move: Tailwind\n|upkeep\n|\n|t:|1776335578\n|switch|p2b: Floette|Floette-Eternal, L50, F|100/100\n|turn|5\n|\n|t:|1776335584\n|detailschange|p2b: Floette|Floette-Mega, L50, F\n|-mega|p2b: Floette|Floette|Floettite\n|-ability|p2b: Floette|Fairy Aura\n|move|p1b: Sinistcha|Rage Powder|p1b: Sinistcha\n|-singleturn|p1b: Sinistcha|move: Rage Powder\n|move|p2b: Floette|Dazzling Gleam|p1b: Sinistcha|[spread] p1a,p1b\n|-resisted|p1a: Aggron|1\n|-damage|p1a: Aggron|0 fnt\n|-damage|p1b: Sinistcha|0 fnt\n|faint|p1a: Aggron\n|faint|p1b: Sinistcha\n|\n|win|Jun BF\n|raw|pingu79abc's rating: 1063 &rarr; <strong>1042</strong><br />(-21 for losing)\n|raw|Jun BF's rating: 1032 &rarr; <strong>1070</strong><br />(+38 for winning)\n|l|\u2606pingu79abc\n|player|p1|\n",
  "uploadtime": 1776335594,
  "views": 21,
  "formatid": "gen9championsvgc2026regma",
  "rating": 1042,
  "private": 0,
  "password": null
}