{
  "id": "gen9championsvgc2026regma-2586817765",
  "format": "[Gen 9 Champions] VGC 2026 Reg M-A",
  "players": [
    "aolani",
    "firjiwater"
  ],
  "log": "|j|\u2606aolani\n|j|\u2606firjiwater\n|t:|1776462387\n|gametype|doubles\n|player|p1|aolani|psychic-gen3|1067\n|player|p2|firjiwater|cheryl|1021\n|gen|9\n|tier|[Gen 9 Champions] VGC 2026 Reg M-A\n|rated|\n|rule|Species Clause: Limit one of each Pok\u00e9mon\n|rule|Item Clause: Limit 1 of each item\n|clearpoke\n|poke|p1|Emolga, L50, F|\n|poke|p1|Lucario, L50, F|\n|poke|p1|Manectric, L50, M|\n|poke|p1|Rotom-Wash, L50|\n|poke|p1|Morpeko, L50, F|\n|poke|p1|Vivillon, L50, F|\n|poke|p2|Primarina, L50, M|\n|poke|p2|Garchomp, L50, F|\n|poke|p2|Corviknight, L50, F|\n|poke|p2|Rotom-Wash, L50|\n|poke|p2|Incineroar, L50, M|\n|poke|p2|Sinistcha, L50|\n|teampreview|4\n|\n|t:|1776462406\n|teamsize|p1|4\n|teamsize|p2|4\n|start\n|switch|p1a: Emolga|Emolga, L50, F|100/100\n|switch|p1b: Manectric|Manectric, L50, M|100/100\n|switch|p2a: Earth Nation|Garchomp, L50, F|100/100\n|switch|p2b: Air Nomads|Corviknight, L50, F|100/100\n|turn|1\n|inactive|Battle timer is ON: inactive players will automatically lose when time's up. (requested by aolani)\n|\n|t:|1776462426\n|move|p1b: Manectric|Volt Switch|p2b: Air Nomads\n|-supereffective|p2b: Air Nomads|1\n|-damage|p2b: Air Nomads|51/100\n|\n|t:|1776462431\n|switch|p1b: Rotom|Rotom-Wash, L50, shiny|100/100|[from] Volt Switch\n|move|p1a: Emolga|Discharge|p2a: Earth Nation|[spread] p1b,p2b\n|-immune|p2a: Earth Nation\n|-supereffective|p2b: Air Nomads|1\n|-damage|p1b: Rotom|75/100\n|-damage|p2b: Air Nomads|19/100\n|-status|p2b: Air Nomads|par\n|move|p2a: Earth Nation|Rock Slide|p1a: Emolga|[spread] p1a,p1b\n|-supereffective|p1a: Emolga|1\n|-crit|p1a: Emolga\n|-enditem|p1a: Emolga|Focus Sash\n|-damage|p1a: Emolga|1/100\n|-damage|p1b: Rotom|53/100\n|move|p2b: Air Nomads|Tailwind|p2b: Air Nomads\n|-sidestart|p2: firjiwater|move: Tailwind\n|\n|upkeep\n|turn|2\n|inactive|firjiwater has 30 seconds left.\n|\n|t:|1776462457\n|move|p2a: Earth Nation|Rock Slide|p1a: Emolga|[spread] p1a,p1b\n|-supereffective|p1a: Emolga|1\n|-damage|p1a: Emolga|0 fnt\n|-damage|p1b: Rotom|33/100\n|-enditem|p1b: Rotom|Sitrus Berry|[eat]\n|-heal|p1b: Rotom|58/100|[from] item: Sitrus Berry\n|faint|p1a: Emolga\n|cant|p1b: Rotom|flinch\n|move|p2b: Air Nomads|Reflect|p2b: Air Nomads\n|-sidestart|p2: firjiwater|Reflect\n|\n|upkeep\n|\n|t:|1776462473\n|switch|p1a: Morpeko|Morpeko, L50, F|100/100\n|turn|3\n|\n|t:|1776462483\n|move|p2a: Earth Nation|Earthquake|p1a: Morpeko|[spread] p1a\n|-immune|p2b: Air Nomads\n|-immune|p1b: Rotom|[from] ability: Levitate\n|-supereffective|p1a: Morpeko|1\n|-damage|p1a: Morpeko|0 fnt\n|faint|p1a: Morpeko\n|move|p1b: Rotom|Hydro Pump|p2a: Earth Nation|[miss]\n|-miss|p1b: Rotom|p2a: Earth Nation\n|move|p2b: Air Nomads|U-turn|p1b: Rotom\n|-damage|p1b: Rotom|41/100\n|\n|t:|1776462494\n|switch|p2b: Fire Nation|Incineroar, L50, M|100/100|[from] U-turn\n|-ability|p2b: Fire Nation|Intimidate|boost\n|-unboost|p1b: Rotom|atk|1\n|\n|upkeep\n|\n|t:|1776462499\n|switch|p1a: Manectric|Manectric, L50, M|100/100\n|turn|4\n|\n|t:|1776462520\n|detailschange|p1a: Manectric|Manectric-Mega, L50, M\n|-mega|p1a: Manectric|Manectric|Manectite\n|-ability|p1a: Manectric|Intimidate|boost\n|-unboost|p2a: Earth Nation|atk|1\n|-unboost|p2b: Fire Nation|atk|1\n|move|p2a: Earth Nation|Earthquake|p1b: Rotom|[spread] p2b,p1a\n|-immune|p1b: Rotom|[from] ability: Levitate\n|-supereffective|p2b: Fire Nation|1\n|-supereffective|p1a: Manectric|1\n|-damage|p2b: Fire Nation|65/100\n|-damage|p1a: Manectric|27/100\n|move|p1a: Manectric|Volt Switch|p2b: Fire Nation\n|-damage|p2b: Fire Nation|27/100\n|move|p2b: Fire Nation|Darkest Lariat|p1b: Rotom\n|-damage|p1b: Rotom|0 fnt\n|faint|p1b: Rotom\n|\n|-sideend|p2: firjiwater|move: Tailwind\n|upkeep\n|turn|5\n|\n|t:|1776462544\n|switch|p2b: Air Nomads|Corviknight, L50, F|19/100 par\n|move|p1a: Manectric|Volt Switch|p2b: Air Nomads\n|-supereffective|p2b: Air Nomads|1\n|-damage|p2b: Air Nomads|0 fnt\n|faint|p2b: Air Nomads\n|move|p2a: Earth Nation|Earthquake|p1a: Manectric\n|-supereffective|p1a: Manectric|1\n|-damage|p1a: Manectric|0 fnt\n|faint|p1a: Manectric\n|\n|win|firjiwater\n|raw|aolani's rating: 1067 &rarr; <strong>1044</strong><br />(-23 for losing)\n|raw|firjiwater's rating: 1021 &rarr; <strong>1063</strong><br />(+42 for winning)\n|l|\u2606aolani\n|player|p1|\n",
  "uploadtime": 1776462570,
  "views": 20,
  "formatid": "gen9championsvgc2026regma",
  "rating": 1044,
  "private": 0,
  "password": null
}