{
  "id": "gen9championsvgc2026regma-2585653931",
  "format": "[Gen 9 Champions] VGC 2026 Reg M-A",
  "players": [
    "lord_of_slime",
    "Crash0utVGC"
  ],
  "log": "|j|\u2606lord_of_slime\n|j|\u2606Crash0utVGC\n|t:|1776361502\n|gametype|doubles\n|player|p1|lord_of_slime|102|1101\n|player|p2|Crash0utVGC|colress|1107\n|gen|9\n|tier|[Gen 9 Champions] VGC 2026 Reg M-A\n|rated|\n|rule|Species Clause: Limit one of each Pok\u00e9mon\n|rule|Item Clause: Limit 1 of each item\n|clearpoke\n|poke|p1|Oranguru, L50, M|\n|poke|p1|Sneasler, L50, F|\n|poke|p1|Torkoal, L50, M|\n|poke|p1|Drampa, L50, M|\n|poke|p1|Sinistcha, L50|\n|poke|p1|Basculegion, L50, M|\n|poke|p2|Aggron, L50, M|\n|poke|p2|Pelipper, L50, F|\n|poke|p2|Incineroar, L50, M|\n|poke|p2|Sinistcha, L50|\n|poke|p2|Basculegion, L50, M|\n|poke|p2|Dragonite, L50, M|\n|teampreview|4\n|\n|t:|1776361523\n|teamsize|p1|4\n|teamsize|p2|4\n|start\n|switch|p1a: Oranguru|Oranguru, L50, M|100/100\n|switch|p1b: Sneasler|Sneasler, L50, F|100/100\n|switch|p2a: Aggron|Aggron, L50, M, shiny|100/100\n|switch|p2b: Incineroar|Incineroar, L50, M|100/100\n|-ability|p2b: Incineroar|Intimidate|boost\n|-fail|p1a: Oranguru|unboost|Attack|[from] ability: Inner Focus|[of] p1a: Oranguru\n|-unboost|p1b: Sneasler|atk|1\n|turn|1\n|\n|t:|1776361536\n|detailschange|p2a: Aggron|Aggron-Mega, L50, M, shiny\n|-mega|p2a: Aggron|Aggron|Aggronite\n|move|p1b: Sneasler|Fake Out|p2b: Incineroar\n|-damage|p2b: Incineroar|92/100\n|cant|p2b: Incineroar|flinch\n|move|p2a: Aggron|Iron Defense|p2a: Aggron\n|-boost|p2a: Aggron|def|2\n|move|p1a: Oranguru|Trick Room|p1a: Oranguru\n|-fieldstart|move: Trick Room|[of] p1a: Oranguru\n|\n|upkeep\n|turn|2\n|\n|t:|1776361552\n|move|p2a: Aggron|Body Press|p1a: Oranguru\n|-damage|p1a: Oranguru|40/100\n|move|p1a: Oranguru|Psychic|p2a: Aggron\n|-resisted|p2a: Aggron|1\n|-damage|p2a: Aggron|88/100\n|move|p2b: Incineroar|Parting Shot|p1b: Sneasler\n|-unboost|p1b: Sneasler|atk|1\n|-unboost|p1b: Sneasler|spa|1\n|\n|t:|1776361557\n|switch|p2b: Sinistcha|Sinistcha, L50|100/100|[from] Parting Shot\n|-heal|p2a: Aggron|100/100|[from] ability: Hospitality|[of] p2b: Sinistcha\n|move|p1b: Sneasler|Close Combat|p2b: Sinistcha\n|-immune|p2b: Sinistcha\n|\n|upkeep\n|turn|3\n|\n|t:|1776361573\n|switch|p1b: Torkoal|Torkoal, L50, M|100/100\n|-weather|SunnyDay|[from] ability: Drought|[of] p1b: Torkoal\n|move|p1a: Oranguru|Protect|p1a: Oranguru\n|-singleturn|p1a: Oranguru|Protect\n|move|p2a: Aggron|Body Press|p1a: Oranguru\n|-activate|p1a: Oranguru|move: Protect\n|move|p2b: Sinistcha|Trick Room|p2b: Sinistcha\n|-fieldend|move: Trick Room\n|\n|-weather|SunnyDay|[upkeep]\n|upkeep\n|turn|4\n|\n|t:|1776361591\n|switch|p2b: Pelipper|Pelipper, L50, F|100/100\n|-weather|RainDance|[from] ability: Drizzle|[of] p2b: Pelipper\n|move|p2a: Aggron|Body Press|p1a: Oranguru\n|-damage|p1a: Oranguru|0 fnt\n|faint|p1a: Oranguru\n|move|p1b: Torkoal|Eruption|p2a: Aggron|[spread] p2a,p2b\n|-supereffective|p2a: Aggron|1\n|-resisted|p2b: Pelipper|1\n|-damage|p2a: Aggron|65/100\n|-damage|p2b: Pelipper|74/100\n|\n|-weather|RainDance|[upkeep]\n|upkeep\n|\n|t:|1776361595\n|switch|p1a: Drampa|Drampa, L50, M|100/100\n|-ability|p1a: Drampa|Cloud Nine\n|turn|5\n|\n|t:|1776361604\n|move|p1a: Drampa|Protect|p1a: Drampa\n|-singleturn|p1a: Drampa|Protect\n|move|p2b: Pelipper|Wide Guard|p2b: Pelipper\n|-singleturn|p2b: Pelipper|Wide Guard\n|move|p2a: Aggron|Body Press|p1a: Drampa\n|-activate|p1a: Drampa|move: Protect\n|move|p1b: Torkoal|Eruption|p2b: Pelipper|[spread] \n|-activate|p2a: Aggron|move: Wide Guard\n|-activate|p2b: Pelipper|move: Wide Guard\n|\n|-weather|RainDance|[upkeep]\n|upkeep\n|turn|6\n|\n|t:|1776361632\n|switch|p1a: Sneasler|Sneasler, L50, F|100/100\n|move|p2b: Pelipper|Wide Guard|p2b: Pelipper\n|-singleturn|p2b: Pelipper|Wide Guard\n|move|p2a: Aggron|Body Press|p1a: Sneasler\n|-resisted|p1a: Sneasler|1\n|-crit|p1a: Sneasler\n|-damage|p1a: Sneasler|8/100\n|move|p1b: Torkoal|Heat Wave|p2b: Pelipper|[spread] \n|-activate|p2a: Aggron|move: Wide Guard\n|-activate|p2b: Pelipper|move: Wide Guard\n|\n|-weather|RainDance|[upkeep]\n|upkeep\n|turn|7\n|\n|t:|1776361645\n|switch|p2b: Sinistcha|Sinistcha, L50|100/100\n|-heal|p2a: Aggron|90/100|[from] ability: Hospitality|[of] p2b: Sinistcha\n|switch|p1b: Drampa|Drampa, L50, M|100/100\n|-ability|p1b: Drampa|Cloud Nine\n|move|p1a: Sneasler|Dire Claw|p2b: Sinistcha\n|-damage|p2b: Sinistcha|66/100\n|-status|p2b: Sinistcha|slp\n|move|p2a: Aggron|Body Press|p1b: Drampa\n|-supereffective|p1b: Drampa|1\n|-damage|p1b: Drampa|0 fnt\n|faint|p1b: Drampa\n|\n|-weather|RainDance|[upkeep]\n|upkeep\n|\n|t:|1776361649\n|switch|p1b: Torkoal|Torkoal, L50, M|100/100\n|-weather|SunnyDay|[from] ability: Drought|[of] p1b: Torkoal\n|turn|8\n|\n|t:|1776361661\n|switch|p2b: Pelipper|Pelipper, L50, F|74/100\n|-weather|RainDance|[from] ability: Drizzle|[of] p2b: Pelipper\n|move|p1a: Sneasler|Dire Claw|p2b: Pelipper\n|-damage|p2b: Pelipper|19/100\n|move|p2a: Aggron|Body Press|p1b: Torkoal\n|-damage|p1b: Torkoal|43/100\n|move|p1b: Torkoal|Eruption|p2a: Aggron|[spread] p2a,p2b\n|-supereffective|p2a: Aggron|1\n|-resisted|p2b: Pelipper|1\n|-damage|p2a: Aggron|74/100\n|-damage|p2b: Pelipper|8/100\n|\n|-weather|RainDance|[upkeep]\n|upkeep\n|turn|9\n|\n|t:|1776361674\n|switch|p2b: Sinistcha|Sinistcha, L50|66/100 slp\n|-heal|p2a: Aggron|99/100|[from] ability: Hospitality|[of] p2b: Sinistcha\n|move|p1b: Torkoal|Protect|p1b: Torkoal\n|-singleturn|p1b: Torkoal|Protect\n|move|p1a: Sneasler|Dire Claw|p2b: Sinistcha\n|-damage|p2b: Sinistcha|33/100 slp\n|-enditem|p2b: Sinistcha|Sitrus Berry|[eat]\n|-heal|p2b: Sinistcha|57/100 slp|[from] item: Sitrus Berry\n|move|p2a: Aggron|Body Press|p1b: Torkoal\n|-activate|p1b: Torkoal|move: Protect\n|\n|-weather|RainDance|[upkeep]\n|upkeep\n|turn|10\n|\n|t:|1776361682\n|switch|p2b: Incineroar|Incineroar, L50, M|92/100\n|-ability|p2b: Incineroar|Intimidate|boost\n|-unboost|p1a: Sneasler|atk|1\n|-unboost|p1b: Torkoal|atk|1\n|move|p1a: Sneasler|Dire Claw|p2b: Incineroar\n|-damage|p2b: Incineroar|66/100\n|move|p2a: Aggron|Body Press|p1b: Torkoal\n|-damage|p1b: Torkoal|0 fnt\n|faint|p1b: Torkoal\n|\n|-weather|RainDance|[upkeep]\n|upkeep\n|turn|11\n|c|\u2606lord_of_slime|gg\n|c|\u2606Crash0utVGC|ggs\n|\n|t:|1776361692\n|switch|p2b: Sinistcha|Sinistcha, L50|57/100 slp\n|-heal|p2a: Aggron|100/100|[from] ability: Hospitality|[of] p2b: Sinistcha\n|move|p1a: Sneasler|Close Combat|p2b: Sinistcha\n|-immune|p2b: Sinistcha\n|move|p2a: Aggron|Body Press|p1a: Sneasler\n|-resisted|p1a: Sneasler|1\n|-damage|p1a: Sneasler|0 fnt\n|faint|p1a: Sneasler\n|\n|win|Crash0utVGC\n|raw|lord_of_slime's rating: 1119 &rarr; <strong>1093</strong><br />(-26 for losing)\n|raw|Crash0utVGC's rating: 1107 &rarr; <strong>1133</strong><br />(+26 for winning)\n",
  "uploadtime": 1776361692,
  "views": 24,
  "formatid": "gen9championsvgc2026regma",
  "rating": 1093,
  "private": 0,
  "password": null
}