{
  "id": "gen9championsvgc2026regma-2581386834",
  "format": "[Gen 9 Champions] VGC 2026 Reg M-A",
  "players": [
    "Kitsune.Post",
    "Quaza15"
  ],
  "log": "|j|\u2606Kitsune.Post\n|j|\u2606Quaza15\n|t:|1775994866\n|gametype|doubles\n|player|p1|Kitsune.Post|medium|1026\n|player|p2|Quaza15|ruinmaniac|1000\n|gen|9\n|tier|[Gen 9 Champions] VGC 2026 Reg M-A\n|rated|\n|rule|Species Clause: Limit one of each Pok\u00e9mon\n|rule|Item Clause: Limit 1 of each item\n|clearpoke\n|poke|p1|Dragonite, L50, F|\n|poke|p1|Ditto, L50|\n|poke|p1|Starmie, L50|\n|poke|p1|Sylveon, L50, F|\n|poke|p1|Lucario, L50, M|\n|poke|p1|Whimsicott, L50, F|\n|poke|p2|Froslass, L50, F|\n|poke|p2|Meowscarada, L50, F|\n|poke|p2|Incineroar, L50, M|\n|poke|p2|Garchomp, L50, M|\n|poke|p2|Aerodactyl, L50, M|\n|poke|p2|Rotom-Frost, L50|\n|teampreview|4\n|inactive|Battle timer is ON: inactive players will automatically lose when time's up. (requested by Kitsune.Post)\n|\n|t:|1775994891\n|teamsize|p1|4\n|teamsize|p2|4\n|start\n|switch|p1a: Dragonite|Dragonite, L50, F|100/100\n|switch|p1b: Starmie|Starmie, L50|100/100\n|switch|p2a: Incineroar|Incineroar, L50, M|100/100\n|switch|p2b: Meowscarada|Meowscarada, L50, F|100/100\n|-ability|p2a: Incineroar|Intimidate|boost\n|-fail|p1a: Dragonite|unboost|Attack|[from] ability: Inner Focus|[of] p1a: Dragonite\n|-unboost|p1b: Starmie|atk|1\n|turn|1\n|\n|t:|1775994914\n|switch|p1b: Ditto|Ditto, L50|100/100\n|-transform|p1b: Ditto|p2a: Incineroar|[from] ability: Imposter\n|-ability|p1b: Ditto|Intimidate|boost\n|-unboost|p2a: Incineroar|atk|1\n|-unboost|p2b: Meowscarada|atk|1\n|move|p1a: Dragonite|Protect|p1a: Dragonite\n|-singleturn|p1a: Dragonite|Protect\n|move|p2a: Incineroar|Fake Out|p1b: Ditto\n|-damage|p1b: Ditto|93/100\n|move|p2b: Meowscarada|Triple Axel|p1a: Dragonite\n|-start|p2b: Meowscarada|typechange|Ice|[from] ability: Protean\n|-activate|p1a: Dragonite|move: Protect\n|\n|upkeep\n|turn|2\n|inactive|Kitsune.Post has 30 seconds left.\n|\n|t:|1775994947\n|switch|p2b: Rotom|Rotom-Frost, L50|100/100\n|switch|p1a: Starmie|Starmie, L50|100/100\n|switch|p2a: Froslass|Froslass, L50, F|100/100\n|move|p1b: Ditto|Flare Blitz|p2b: Rotom\n|-supereffective|p2b: Rotom|1\n|-crit|p2b: Rotom\n|-damage|p2b: Rotom|0 fnt\n|faint|p2b: Rotom\n|-damage|p1b: Ditto|59/100|[from] Recoil\n|\n|upkeep\n|\n|t:|1775994963\n|switch|p2b: Meowscarada|Meowscarada, L50, F|100/100\n|turn|3\n|\n|t:|1775994974\n|switch|p1a: Sylveon|Sylveon, L50, F|100/100\n|detailschange|p2a: Froslass|Froslass-Mega, L50, F\n|-mega|p2a: Froslass|Froslass|Froslassite\n|-weather|Snowscape|[from] ability: Snow Warning|[of] p2a: Froslass\n|move|p2b: Meowscarada|Brick Break|p1b: Ditto\n|-start|p2b: Meowscarada|typechange|Fighting|[from] ability: Protean\n|-supereffective|p1b: Ditto|1\n|-damage|p1b: Ditto|0 fnt\n|faint|p1b: Ditto\n|move|p2a: Froslass|Shadow Ball|p1a: Sylveon\n|-damage|p1a: Sylveon|70/100\n|\n|-weather|Snowscape|[upkeep]\n|-heal|p1a: Sylveon|76/100|[from] item: Leftovers\n|upkeep\n|\n|t:|1775994992\n|switch|p1b: Dragonite|Dragonite, L50, F|100/100\n|turn|4\n|\n|t:|1775995002\n|switch|p2b: Incineroar|Incineroar, L50, M|100/100\n|-ability|p2b: Incineroar|Intimidate|boost\n|-unboost|p1a: Sylveon|atk|1\n|-fail|p1b: Dragonite|unboost|Attack|[from] ability: Inner Focus|[of] p1b: Dragonite\n|move|p2a: Froslass|Protect|p2a: Froslass\n|-singleturn|p2a: Froslass|Protect\n|move|p1b: Dragonite|Protect|p1b: Dragonite\n|-singleturn|p1b: Dragonite|Protect\n|move|p1a: Sylveon|Mystical Fire|p2a: Froslass\n|-activate|p2a: Froslass|move: Protect\n|\n|-weather|Snowscape|[upkeep]\n|-heal|p1a: Sylveon|82/100|[from] item: Leftovers\n|upkeep\n|turn|5\n|\n|t:|1775995018\n|switch|p1b: Starmie|Starmie, L50|100/100\n|move|p2b: Incineroar|Fake Out|p1a: Sylveon\n|-damage|p1a: Sylveon|70/100\n|move|p2a: Froslass|Blizzard|p1b: Starmie|[spread] p1a,p1b\n|-resisted|p1b: Starmie|1\n|-damage|p1a: Sylveon|43/100\n|-damage|p1b: Starmie|70/100\n|cant|p1a: Sylveon|flinch\n|\n|-weather|Snowscape|[upkeep]\n|-heal|p1a: Sylveon|49/100|[from] item: Leftovers\n|upkeep\n|turn|6\n|inactive|Kitsune.Post has 30 seconds left.\n|inactive|Kitsune.Post has 20 seconds left.\n|\n|t:|1775995058\n|detailschange|p1b: Starmie|Starmie-Mega, L50\n|-mega|p1b: Starmie|Starmie|Starminite\n|move|p2a: Froslass|Shadow Ball|p1b: Starmie\n|-supereffective|p1b: Starmie|1\n|-damage|p1b: Starmie|0 fnt\n|faint|p1b: Starmie\n|move|p1a: Sylveon|Draining Kiss|p2a: Froslass\n|-damage|p2a: Froslass|75/100\n|-heal|p1a: Sylveon|64/100|[from] drain|[of] p2a: Froslass\n|move|p2b: Incineroar|Flare Blitz|p1a: Sylveon\n|-crit|p1a: Sylveon\n|-damage|p1a: Sylveon|0 fnt\n|faint|p1a: Sylveon\n|-damage|p2b: Incineroar|78/100|[from] Recoil\n|\n|-weather|Snowscape|[upkeep]\n|upkeep\n|-message|Kitsune.Post forfeited.\n|\n|win|Quaza15\n|raw|Kitsune.Post's rating: 1026 &rarr; <strong>1011</strong><br />(-15 for losing)\n|raw|Quaza15's rating: 1000 &rarr; <strong>1043</strong><br />(+43 for winning)\n",
  "uploadtime": 1775995069,
  "views": 19,
  "formatid": "gen9championsvgc2026regma",
  "rating": 1011,
  "private": 0,
  "password": null
}