{
  "id": "gen9championsvgc2026regma-2586721294",
  "format": "[Gen 9 Champions] VGC 2026 Reg M-A",
  "players": [
    "Doguito46",
    "mufcrage17"
  ],
  "log": "|j|\u2606Doguito46\n|j|\u2606mufcrage17\n|t:|1776454768\n|gametype|doubles\n|player|p1|Doguito46|2|1177\n|player|p2|mufcrage17|101|1157\n|gen|9\n|tier|[Gen 9 Champions] VGC 2026 Reg M-A\n|rated|\n|rule|Species Clause: Limit one of each Pok\u00e9mon\n|rule|Item Clause: Limit 1 of each item\n|clearpoke\n|poke|p1|Pelipper, L50, F|\n|poke|p1|Basculegion, L50, M|\n|poke|p1|Archaludon, L50, M|\n|poke|p1|Sneasler, L50, M|\n|poke|p1|Dragonite, L50, M|\n|poke|p1|Incineroar, L50, M|\n|poke|p2|Incineroar, L50, M|\n|poke|p2|Glimmora, L50, M|\n|poke|p2|Tyranitar, L50, M|\n|poke|p2|Garchomp, L50, M|\n|poke|p2|Rotom-Wash, L50|\n|poke|p2|Chandelure, L50, M|\n|teampreview|4\n|\n|t:|1776454786\n|teamsize|p1|4\n|teamsize|p2|4\n|start\n|switch|p1a: Basculegion|Basculegion, L50, M, shiny|100/100\n|switch|p1b: Sneasler|Sneasler, L50, M, shiny|100/100\n|switch|p2a: Glimmora|Glimmora, L50, M, shiny|100/100\n|switch|p2b: Rotom|Rotom-Wash, L50, shiny|100/100\n|turn|1\n|inactive|Battle timer is ON: inactive players will automatically lose when time's up. (requested by Doguito46)\n|inactive|Doguito46 has 60 seconds left.\n|\n|t:|1776454823\n|move|p2a: Glimmora|Spiky Shield|p2a: Glimmora\n|-singleturn|p2a: Glimmora|move: Protect\n|move|p1b: Sneasler|Fake Out|p2b: Rotom\n|-damage|p2b: Rotom|81/100\n|move|p1a: Basculegion|Phantom Force||[still]\n|-prepare|p1a: Basculegion|Phantom Force\n|cant|p2b: Rotom|flinch\n|\n|-heal|p2b: Rotom|87/100|[from] item: Leftovers\n|upkeep\n|turn|2\n|\n|t:|1776454842\n|move|p2a: Glimmora|Spiky Shield|p2a: Glimmora\n|-singleturn|p2a: Glimmora|move: Protect\n|move|p1a: Basculegion|Phantom Force|p2b: Rotom|[from] lockedmove\n|-damage|p2b: Rotom|5/100\n|move|p1b: Sneasler|Dire Claw|p2b: Rotom\n|-damage|p2b: Rotom|0 fnt\n|faint|p2b: Rotom\n|\n|upkeep\n|\n|t:|1776454853\n|switch|p2b: Garchomp|Garchomp, L50, M|100/100\n|turn|3\n|\n|t:|1776454874\n|move|p1b: Sneasler|Protect|p1b: Sneasler\n|-singleturn|p1b: Sneasler|Protect\n|move|p2b: Garchomp|Earthquake|p1a: Basculegion|[spread] p2a,p1a\n|-activate|p1b: Sneasler|move: Protect\n|-supereffective|p2a: Glimmora|2\n|-damage|p2a: Glimmora|0 fnt\n|-damage|p1a: Basculegion|47/100\n|-activate|p2a: Glimmora|ability: Toxic Debris\n|-sidestart|p1: Doguito46|move: Toxic Spikes\n|faint|p2a: Glimmora\n|move|p1a: Basculegion|Phantom Force||[still]\n|-prepare|p1a: Basculegion|Phantom Force\n|\n|upkeep\n|\n|t:|1776454880\n|switch|p2a: Tyranitar|Tyranitar, L50, M|100/100\n|-weather|Sandstorm|[from] ability: Sand Stream|[of] p2a: Tyranitar\n|turn|4\n|\n|t:|1776454890\n|detailschange|p2a: Tyranitar|Tyranitar-Mega, L50, M\n|-mega|p2a: Tyranitar|Tyranitar|Tyranitarite\n|move|p2b: Garchomp|Earthquake|p1b: Sneasler|[spread] p2a,p1b\n|-miss|p2b: Garchomp|p1a: Basculegion\n|-supereffective|p2a: Tyranitar|1\n|-supereffective|p1b: Sneasler|1\n|-damage|p2a: Tyranitar|42/100\n|-damage|p1b: Sneasler|0 fnt\n|faint|p1b: Sneasler\n|move|p1a: Basculegion|Phantom Force|p2b: Garchomp|[from] lockedmove\n|-damage|p2b: Garchomp|40/100\n|-damage|p1a: Basculegion|35/100|[from] ability: Rough Skin|[of] p2b: Garchomp\n|move|p2a: Tyranitar|Rock Slide|p1a: Basculegion|[miss]\n|-miss|p2a: Tyranitar|p1a: Basculegion\n|\n|-weather|Sandstorm|[upkeep]\n|-damage|p1a: Basculegion|28/100|[from] Sandstorm\n|upkeep\n|\n|t:|1776454905\n|switch|p1b: Pelipper|Pelipper, L50, F|100/100\n|-weather|RainDance|[from] ability: Drizzle|[of] p1b: Pelipper\n|turn|5\n|\n|t:|1776454917\n|switch|p1a: Dragonite|Dragonite, L50, M, shiny|100/100\n|move|p1b: Pelipper|Protect|p1b: Pelipper\n|-singleturn|p1b: Pelipper|Protect\n|move|p2b: Garchomp|Earthquake|p1a: Dragonite|[spread] p2a\n|-activate|p1b: Pelipper|move: Protect\n|-immune|p1a: Dragonite\n|-supereffective|p2a: Tyranitar|1\n|-damage|p2a: Tyranitar|0 fnt\n|faint|p2a: Tyranitar\n|\n|-weather|RainDance|[upkeep]\n|upkeep\n|turn|6\n|c|\u2606Doguito46|xd?\n|-message|mufcrage17 forfeited.\n|\n|win|Doguito46\n|raw|Doguito46's rating: 1177 &rarr; <strong>1201</strong><br />(+24 for winning)\n|raw|mufcrage17's rating: 1157 &rarr; <strong>1133</strong><br />(-24 for losing)\n|l|\u2606mufcrage17\n|player|p2|\n",
  "uploadtime": 1776455988,
  "views": 36,
  "formatid": "gen9championsvgc2026regma",
  "rating": 1133,
  "private": 0,
  "password": null
}