{
  "id": "gen9championsvgc2026regma-2585165449",
  "format": "[Gen 9 Champions] VGC 2026 Reg M-A",
  "players": [
    "Chuab",
    "snugnap"
  ],
  "log": "|j|\u2606Chuab\n|j|\u2606snugnap\n|t:|1776319917\n|gametype|doubles\n|player|p1|Chuab|101|1030\n|player|p2|snugnap|101|1109\n|gen|9\n|tier|[Gen 9 Champions] VGC 2026 Reg M-A\n|rated|\n|rule|Species Clause: Limit one of each Pok\u00e9mon\n|rule|Item Clause: Limit 1 of each item\n|clearpoke\n|poke|p1|Espeon, L50, M|\n|poke|p1|Torkoal, L50, F|\n|poke|p1|Clefable, L50, M|\n|poke|p1|Feraligatr, L50, M|\n|poke|p1|Charizard, L50, F|\n|poke|p1|Politoed, L50, M|\n|poke|p2|Floette-Eternal, L50, F|\n|poke|p2|Farigiraf, L50, F|\n|poke|p2|Incineroar, L50, F|\n|poke|p2|Aerodactyl, L50, M|\n|poke|p2|Sneasler, L50, M|\n|poke|p2|Charizard, L50, F|\n|teampreview|4\n|\n|t:|1776319939\n|teamsize|p1|4\n|teamsize|p2|4\n|start\n|switch|p1a: Espeon|Espeon, L50, M|100/100\n|switch|p1b: Torkoal|Torkoal, L50, F|100/100\n|switch|p2a: Aerodactyl|Aerodactyl, L50, M|100/100\n|switch|p2b: Farigiraf|Farigiraf, L50, F|100/100\n|-weather|SunnyDay|[from] ability: Drought|[of] p1b: Torkoal\n|turn|1\n|\n|t:|1776319945\n|move|p2b: Farigiraf|Helping Hand|p2a: Aerodactyl\n|-singleturn|p2a: Aerodactyl|Helping Hand|[of] p2b: Farigiraf\n|move|p2a: Aerodactyl|Rock Slide|p1a: Espeon|[spread] p1a,p1b\n|-supereffective|p1b: Torkoal|1\n|-damage|p1a: Espeon|23/100\n|-damage|p1b: Torkoal|38/100\n|move|p1b: Torkoal|Body Press|p2a: Aerodactyl\n|-damage|p2a: Aerodactyl|55/100\n|cant|p1a: Espeon|flinch\n|\n|-weather|SunnyDay|[upkeep]\n|-heal|p1b: Torkoal|45/100|[from] item: Leftovers\n|upkeep\n|turn|2\n|\n|t:|1776319964\n|move|p2b: Farigiraf|Helping Hand|p2a: Aerodactyl\n|-singleturn|p2a: Aerodactyl|Helping Hand|[of] p2b: Farigiraf\n|move|p1a: Espeon|Protect|p1a: Espeon\n|-singleturn|p1a: Espeon|Protect\n|move|p2a: Aerodactyl|Rock Slide|p1a: Espeon|[spread] p1b\n|-activate|p1a: Espeon|move: Protect\n|-supereffective|p1b: Torkoal|1\n|-damage|p1b: Torkoal|0 fnt\n|faint|p1b: Torkoal\n|\n|-weather|SunnyDay|[upkeep]\n|upkeep\n|\n|t:|1776319975\n|switch|p1b: Politoed|Politoed, L50, M|100/100\n|-weather|RainDance|[from] ability: Drizzle|[of] p1b: Politoed\n|turn|3\n|\n|t:|1776319994\n|move|p2b: Farigiraf|Helping Hand|p2a: Aerodactyl\n|-singleturn|p2a: Aerodactyl|Helping Hand|[of] p2b: Farigiraf\n|move|p2a: Aerodactyl|Rock Slide|p1a: Espeon|[spread] p1b\n|-miss|p2a: Aerodactyl|p1a: Espeon\n|-damage|p1b: Politoed|62/100\n|move|p1a: Espeon|Shadow Ball|p2b: Farigiraf\n|-immune|p2b: Farigiraf\n|move|p1b: Politoed|Surf|p2a: Aerodactyl|[spread] p1a,p2a,p2b\n|-crit|p1a: Espeon\n|-supereffective|p2a: Aerodactyl|1\n|-damage|p1a: Espeon|0 fnt\n|-damage|p2a: Aerodactyl|0 fnt\n|-damage|p2b: Farigiraf|53/100\n|faint|p1a: Espeon\n|faint|p2a: Aerodactyl\n|\n|-weather|RainDance|[upkeep]\n|upkeep\n|\n|t:|1776320006\n|switch|p2a: Floette|Floette-Eternal, L50, F|100/100\n|switch|p1a: Feraligatr|Feraligatr, L50, M|100/100\n|turn|4\n|\n|t:|1776320014\n|detailschange|p1a: Feraligatr|Feraligatr-Mega, L50, M\n|-mega|p1a: Feraligatr|Feraligatr|Feraligite\n|move|p2b: Farigiraf|Helping Hand|p2a: Floette\n|-singleturn|p2a: Floette|Helping Hand|[of] p2b: Farigiraf\n|move|p2a: Floette|Dazzling Gleam|p1b: Politoed|[spread] p1a,p1b\n|-supereffective|p1a: Feraligatr|1\n|-damage|p1a: Feraligatr|10/100\n|-damage|p1b: Politoed|16/100\n|move|p1a: Feraligatr|Icy Wind|p2b: Farigiraf|[spread] p2a,p2b\n|-damage|p2a: Floette|93/100\n|-damage|p2b: Farigiraf|45/100\n|-unboost|p2a: Floette|spe|1\n|-unboost|p2b: Farigiraf|spe|1\n|-enditem|p2b: Farigiraf|Sitrus Berry|[eat]\n|-heal|p2b: Farigiraf|69/100|[from] item: Sitrus Berry\n|move|p1b: Politoed|Hypnosis|p2a: Floette|[miss]\n|-miss|p1b: Politoed|p2a: Floette\n|\n|-weather|RainDance|[upkeep]\n|upkeep\n|turn|5\n|-message|Chuab forfeited.\n|\n|win|snugnap\n|raw|Chuab's rating: 1030 &rarr; <strong>1019</strong><br />(-11 for losing)\n|raw|snugnap's rating: 1109 &rarr; <strong>1128</strong><br />(+19 for winning)\n|l|\u2606Chuab\n|player|p1|\n",
  "uploadtime": 1776320033,
  "views": 19,
  "formatid": "gen9championsvgc2026regma",
  "rating": 1019,
  "private": 0,
  "password": null
}