{
  "id": "gen9championsvgc2026regma-2582210310",
  "format": "[Gen 9 Champions] VGC 2026 Reg M-A",
  "players": [
    "testhan92",
    "kuczok2"
  ],
  "log": "|j|\u2606testhan92\n|j|\u2606kuczok2\n|t:|1776071683\n|gametype|doubles\n|player|p1|testhan92|101|1126\n|player|p2|kuczok2|benga|1068\n|gen|9\n|tier|[Gen 9 Champions] VGC 2026 Reg M-A\n|rated|\n|rule|Species Clause: Limit one of each Pok\u00e9mon\n|rule|Item Clause: Limit 1 of each item\n|clearpoke\n|poke|p1|Charizard, L50, F|\n|poke|p1|Tyranitar, L50, F|\n|poke|p1|Aegislash, L50, F|\n|poke|p1|Floette-Eternal, L50, F|\n|poke|p1|Sinistcha, L50|\n|poke|p1|Gyarados, L50, F|\n|poke|p2|Dragonite, L50, M|\n|poke|p2|Pelipper, L50, M|\n|poke|p2|Azumarill, L50, F|\n|poke|p2|Gyarados, L50, M|\n|poke|p2|Rotom-Wash, L50|\n|poke|p2|Excadrill, L50, F|\n|teampreview|4\n|l|\u2606testhan92\n|player|p1|\n|j|\u2606testhan92\n|player|p1|testhan92|101|\n|inactive|Battle timer is ON: inactive players will automatically lose when time's up. (requested by kuczok2)\n|\n|t:|1776071737\n|teamsize|p1|4\n|teamsize|p2|4\n|start\n|switch|p1a: Gyarados|Gyarados, L50, F|100/100\n|switch|p1b: Tyranitar|Tyranitar, L50, F|100/100\n|switch|p2a: Dragonite|Dragonite, L50, M|100/100\n|switch|p2b: Excadrill|Excadrill, L50, F|100/100\n|-weather|Sandstorm|[from] ability: Sand Stream|[of] p1b: Tyranitar\n|-ability|p2b: Excadrill|Mold Breaker\n|-ability|p1a: Gyarados|Intimidate|boost\n|-unboost|p2a: Dragonite|atk|1\n|-unboost|p2b: Excadrill|atk|1\n|turn|1\n|\n|t:|1776071753\n|switch|p2b: Pelipper|Pelipper, L50, M|100/100\n|-weather|RainDance|[from] ability: Drizzle|[of] p2b: Pelipper\n|detailschange|p2a: Dragonite|Dragonite-Mega, L50, M\n|-mega|p2a: Dragonite|Dragonite|Dragoninite\n|move|p1b: Tyranitar|Ice Punch|p2a: Dragonite\n|-supereffective|p2a: Dragonite|2\n|-crit|p2a: Dragonite\n|-damage|p2a: Dragonite|18/100\n|move|p2a: Dragonite|Draco Meteor|p1b: Tyranitar\n|-damage|p1b: Tyranitar|16/100\n|-unboost|p2a: Dragonite|spa|2\n|move|p1a: Gyarados|Waterfall|p2b: Pelipper\n|-resisted|p2b: Pelipper|1\n|-damage|p2b: Pelipper|73/100\n|\n|-weather|RainDance|[upkeep]\n|upkeep\n|turn|2\n|inactive|testhan92 has 30 seconds left.\n|\n|t:|1776071782\n|switch|p1b: Sinistcha|Sinistcha, L50|100/100\n|switch|p2a: Excadrill|Excadrill, L50, F|100/100\n|-ability|p2a: Excadrill|Mold Breaker\n|move|p1a: Gyarados|Waterfall|p2b: Pelipper\n|-resisted|p2b: Pelipper|1\n|-damage|p2b: Pelipper|44/100\n|move|p2b: Pelipper|Tailwind|p2b: Pelipper\n|-sidestart|p2: kuczok2|move: Tailwind\n|\n|-weather|RainDance|[upkeep]\n|upkeep\n|turn|3\n|inactive|testhan92 has 30 seconds left.\n|\n|t:|1776071811\n|move|p1b: Sinistcha|Protect|p1b: Sinistcha\n|-singleturn|p1b: Sinistcha|Protect\n|move|p2a: Excadrill|Earthquake|p1b: Sinistcha|[spread] \n|-activate|p1b: Sinistcha|move: Protect\n|-immune|p2b: Pelipper\n|-immune|p1a: Gyarados\n|move|p2b: Pelipper|Hurricane|p1b: Sinistcha\n|-activate|p1b: Sinistcha|move: Protect\n|move|p1a: Gyarados|Waterfall|p2a: Excadrill\n|-supereffective|p2a: Excadrill|1\n|-damage|p2a: Excadrill|0 fnt\n|faint|p2a: Excadrill\n|\n|-weather|RainDance|[upkeep]\n|upkeep\n|\n|t:|1776071821\n|switch|p2a: Dragonite|Dragonite-Mega, L50, M|18/100\n|turn|4\n|\n|t:|1776071835\n|move|p2a: Dragonite|Thunder|p1a: Gyarados\n|-supereffective|p1a: Gyarados|2\n|-enditem|p1a: Gyarados|Wacan Berry|[eat]\n|-enditem|p1a: Gyarados|Wacan Berry|[weaken]\n|-damage|p1a: Gyarados|19/100\n|move|p2b: Pelipper|Hurricane|p1b: Sinistcha\n|-supereffective|p1b: Sinistcha|1\n|-damage|p1b: Sinistcha|35/100\n|move|p1a: Gyarados|Waterfall|p2a: Dragonite\n|-resisted|p2a: Dragonite|1\n|-damage|p2a: Dragonite|0 fnt\n|faint|p2a: Dragonite\n|move|p1b: Sinistcha|Matcha Gotcha|p2b: Pelipper\n|-damage|p2b: Pelipper|4/100\n|-heal|p1b: Sinistcha|50/100|[from] drain|[of] p2b: Pelipper\n|\n|-weather|RainDance|[upkeep]\n|upkeep\n|\n|t:|1776071847\n|switch|p2a: Gyarados|Gyarados, L50, M|100/100\n|-ability|p2a: Gyarados|Intimidate|boost\n|-unboost|p1a: Gyarados|atk|1\n|-unboost|p1b: Sinistcha|atk|1\n|turn|5\n|\n|t:|1776071866\n|switch|p1a: Tyranitar|Tyranitar, L50, F|16/100\n|-weather|Sandstorm|[from] ability: Sand Stream|[of] p1a: Tyranitar\n|move|p1b: Sinistcha|Protect|p1b: Sinistcha\n|-singleturn|p1b: Sinistcha|Protect\n|move|p2a: Gyarados|Waterfall|p1a: Tyranitar\n|-supereffective|p1a: Tyranitar|1\n|-damage|p1a: Tyranitar|0 fnt\n|faint|p1a: Tyranitar\n|move|p2b: Pelipper|Weather Ball|p1b: Sinistcha\n|-activate|p1b: Sinistcha|move: Protect\n|\n|-weather|Sandstorm|[upkeep]\n|-damage|p2a: Gyarados|95/100|[from] Sandstorm\n|-damage|p2b: Pelipper|0 fnt|[from] Sandstorm\n|-damage|p1b: Sinistcha|44/100|[from] Sandstorm\n|faint|p2b: Pelipper\n|-sideend|p2: kuczok2|move: Tailwind\n|upkeep\n|\n|t:|1776071882\n|switch|p1a: Floette|Floette-Eternal, L50, F|100/100\n|turn|6\n|-message|kuczok2 forfeited.\n|\n|win|testhan92\n|raw|testhan92's rating: 1126 &rarr; <strong>1147</strong><br />(+21 for winning)\n|raw|kuczok2's rating: 1068 &rarr; <strong>1051</strong><br />(-17 for losing)\n|l|\u2606kuczok2\n|player|p2|\n",
  "uploadtime": 1776071890,
  "views": 20,
  "formatid": "gen9championsvgc2026regma",
  "rating": 1051,
  "private": 0,
  "password": null
}