{
  "id": "gen9championsvgc2026regma-2586927049",
  "format": "[Gen 9 Champions] VGC 2026 Reg M-A",
  "players": [
    "Eesoch",
    "HelloThereMites"
  ],
  "log": "|j|\u2606Eesoch\n|j|\u2606HelloThereMites\n|t:|1776472563\n|gametype|doubles\n|player|p1|Eesoch|265|1196\n|player|p2|HelloThereMites|blue-masters|1141\n|gen|9\n|tier|[Gen 9 Champions] VGC 2026 Reg M-A\n|rated|\n|rule|Species Clause: Limit one of each Pok\u00e9mon\n|rule|Item Clause: Limit 1 of each item\n|clearpoke\n|poke|p1|Meganium, L50, F|\n|poke|p1|Aerodactyl, L50, M|\n|poke|p1|Typhlosion-Hisui, L50, M|\n|poke|p1|Froslass, L50, F|\n|poke|p1|Empoleon, L50, M|\n|poke|p1|Sneasler, L50, M|\n|poke|p2|Drampa, L50, F|\n|poke|p2|Sinistcha, L50|\n|poke|p2|Alakazam, L50, M|\n|poke|p2|Conkeldurr, L50, F|\n|poke|p2|Sableye, L50, M|\n|poke|p2|Scizor, L50, F|\n|teampreview|4\n|inactive|Battle timer is ON: inactive players will automatically lose when time's up. (requested by HelloThereMites)\n|inactive|Eesoch has 60 seconds left.\n|\n|t:|1776472622\n|teamsize|p1|4\n|teamsize|p2|4\n|start\n|switch|p1a: Typhlosion|Typhlosion-Hisui, L50, M, shiny|100/100\n|switch|p1b: Meganium|Meganium, L50, F, shiny|100/100\n|switch|p2a: Sableye|Sableye, L50, M|100/100\n|switch|p2b: Scizor|Scizor, L50, F|100/100\n|turn|1\n|\n|t:|1776472636\n|detailschange|p2b: Scizor|Scizor-Mega, L50, F\n|-mega|p2b: Scizor|Scizor|Scizorite\n|move|p2b: Scizor|Protect|p2b: Scizor\n|-singleturn|p2b: Scizor|Protect\n|move|p1b: Meganium|Protect|p1b: Meganium\n|-singleturn|p1b: Meganium|Protect\n|move|p2a: Sableye|Fake Out|p1b: Meganium\n|-activate|p1b: Meganium|move: Protect\n|move|p1a: Typhlosion|Eruption|p2b: Scizor|[spread] p2a\n|-activate|p2b: Scizor|move: Protect\n|-damage|p2a: Sableye|28/100\n|\n|-heal|p2a: Sableye|34/100|[from] item: Leftovers\n|upkeep\n|turn|2\n|inactive|Eesoch has 30 seconds left.\n|inactive|Eesoch has 20 seconds left.\n|\n|t:|1776472672\n|switch|p1a: Sneasler|Sneasler, L50, M, shiny|100/100\n|switch|p1b: Empoleon|Empoleon, L50, M, shiny|100/100\n|move|p2a: Sableye|Pain Split|p1a: Sneasler\n|-sethp|p1a: Sneasler|64/100|[from] move: Pain Split|[silent]\n|-sethp|p2a: Sableye|76/100|[from] move: Pain Split\n|move|p2b: Scizor|Bug Bite|p1b: Empoleon\n|-resisted|p1b: Empoleon|1\n|-damage|p1b: Empoleon|68/100\n|-enditem|p1b: Empoleon|Sitrus Berry|[from] stealeat|[move] Bug Bite|[of] p2b: Scizor\n|\n|-heal|p2a: Sableye|82/100|[from] item: Leftovers\n|upkeep\n|turn|3\n|inactive|Eesoch has 30 seconds left.\n|\n|t:|1776472704\n|switch|p2b: Conkeldurr|Conkeldurr, L50, F|100/100\n|move|p2a: Sableye|Will-O-Wisp|p2b: Conkeldurr\n|-status|p2b: Conkeldurr|brn\n|move|p1a: Sneasler|Dire Claw|p2a: Sableye\n|-resisted|p2a: Sableye|1\n|-damage|p2a: Sableye|53/100\n|move|p1b: Empoleon|Flash Cannon|p2a: Sableye\n|-damage|p2a: Sableye|6/100\n|-unboost|p2a: Sableye|spd|1\n|\n|-heal|p2a: Sableye|12/100|[from] item: Leftovers\n|-damage|p2b: Conkeldurr|94/100 brn|[from] brn\n|upkeep\n|turn|4\n|inactive|Eesoch has 30 seconds left.\n|inactive|HelloThereMites has 30 seconds left.\n|\n|t:|1776472739\n|switch|p1b: Typhlosion|Typhlosion-Hisui, L50, M, shiny|100/100\n|move|p2a: Sableye|Pain Split|p1b: Typhlosion\n|-sethp|p1b: Typhlosion|55/100|[from] move: Pain Split|[silent]\n|-sethp|p2a: Sableye|62/100|[from] move: Pain Split\n|move|p2b: Conkeldurr|Mach Punch|p1b: Typhlosion\n|-immune|p1b: Typhlosion\n|move|p1a: Sneasler|Dire Claw|p2a: Sableye\n|-resisted|p2a: Sableye|1\n|-damage|p2a: Sableye|31/100\n|-status|p2a: Sableye|psn\n|\n|-heal|p2a: Sableye|37/100 psn|[from] item: Leftovers\n|-damage|p2a: Sableye|25/100 psn|[from] psn\n|-damage|p2b: Conkeldurr|88/100 brn|[from] brn\n|upkeep\n|turn|5\n|inactive|Eesoch has 30 seconds left.\n|\n|t:|1776472770\n|move|p2a: Sableye|Will-O-Wisp|p1a: Sneasler\n|-status|p1a: Sneasler|brn\n|move|p1b: Typhlosion|Overheat|p2b: Conkeldurr\n|-damage|p2b: Conkeldurr|0 fnt\n|-unboost|p1b: Typhlosion|spa|2\n|faint|p2b: Conkeldurr\n|move|p1a: Sneasler|Dire Claw|p2a: Sableye\n|-resisted|p2a: Sableye|1\n|-damage|p2a: Sableye|10/100 psn\n|\n|-heal|p2a: Sableye|16/100 psn|[from] item: Leftovers\n|-damage|p2a: Sableye|4/100 psn|[from] psn\n|-damage|p1a: Sneasler|58/100 brn|[from] brn\n|upkeep\n|\n|t:|1776472779\n|switch|p2b: Scizor|Scizor-Mega, L50, F|100/100\n|turn|6\n|\n|t:|1776472794\n|move|p1a: Sneasler|Protect|p1a: Sneasler\n|-singleturn|p1a: Sneasler|Protect\n|move|p2b: Scizor|Protect|p2b: Scizor\n|-singleturn|p2b: Scizor|Protect\n|move|p2a: Sableye|Pain Split|p1b: Typhlosion\n|-sethp|p1b: Typhlosion|29/100|[from] move: Pain Split|[silent]\n|-sethp|p2a: Sableye|33/100 psn|[from] move: Pain Split\n|move|p1b: Typhlosion|Overheat|p2b: Scizor\n|-activate|p2b: Scizor|move: Protect\n|\n|-heal|p2a: Sableye|39/100 psn|[from] item: Leftovers\n|-damage|p2a: Sableye|27/100 psn|[from] psn\n|-damage|p1a: Sneasler|53/100 brn|[from] brn\n|upkeep\n|turn|7\n|inactive|HelloThereMites has 30 seconds left.\n|inactive|HelloThereMites has 20 seconds left.\n|inactive|HelloThereMites has 15 seconds left.\n|\n|t:|1776472836\n|move|p2a: Sableye|Pain Split|p1a: Sneasler\n|-sethp|p1a: Sneasler|37/100 brn|[from] move: Pain Split|[silent]\n|-sethp|p2a: Sableye|44/100 psn|[from] move: Pain Split\n|move|p1b: Typhlosion|Overheat|p2b: Scizor|[miss]\n|-miss|p1b: Typhlosion|p2b: Scizor\n|move|p1a: Sneasler|Dire Claw|p2a: Sableye\n|-resisted|p2a: Sableye|1\n|-damage|p2a: Sableye|29/100 psn\n|move|p2b: Scizor|Iron Head|p1b: Typhlosion\n|-resisted|p1b: Typhlosion|1\n|-damage|p1b: Typhlosion|0 fnt\n|faint|p1b: Typhlosion\n|\n|-heal|p2a: Sableye|35/100 psn|[from] item: Leftovers\n|-damage|p2a: Sableye|23/100 psn|[from] psn\n|-damage|p1a: Sneasler|32/100 brn|[from] brn\n|upkeep\n|\n|t:|1776472856\n|switch|p1b: Meganium|Meganium, L50, F, shiny|100/100\n|turn|8\n|\n|t:|1776472867\n|switch|p1a: Empoleon|Empoleon, L50, M, shiny|68/100\n|move|p2b: Scizor|Protect|p2b: Scizor\n|-singleturn|p2b: Scizor|Protect\n|move|p1b: Meganium|Protect|p1b: Meganium\n|-singleturn|p1b: Meganium|Protect\n|move|p2a: Sableye|Pain Split|p1b: Meganium\n|-activate|p1b: Meganium|move: Protect\n|\n|-heal|p2a: Sableye|29/100 psn|[from] item: Leftovers\n|-damage|p2a: Sableye|17/100 psn|[from] psn\n|upkeep\n|turn|9\n|inactive|Eesoch has 30 seconds left.\n|\n|t:|1776472902\n|switch|p1b: Sneasler|Sneasler, L50, M, shiny|32/100 brn\n|move|p2a: Sableye|Encore||[still]\n|-fail|p2a: Sableye\n|move|p2b: Scizor|Bug Bite|p1b: Sneasler\n|-resisted|p1b: Sneasler|2\n|-damage|p1b: Sneasler|8/100 brn\n|move|p1a: Empoleon|Hydro Pump|p2a: Sableye\n|-damage|p2a: Sableye|0 fnt\n|faint|p2a: Sableye\n|\n|-damage|p1b: Sneasler|2/100 brn|[from] brn\n|upkeep\n|\n|t:|1776472905\n|switch|p2a: Alakazam|Alakazam, L50, M|100/100\n|turn|10\n|inactive|Eesoch has 30 seconds left.\n|\n|t:|1776472937\n|move|p1b: Sneasler|Fake Out|p2b: Scizor\n|-resisted|p2b: Scizor|1\n|-damage|p2b: Scizor|97/100\n|move|p2a: Alakazam|Reflect|p2a: Alakazam\n|-sidestart|p2: HelloThereMites|Reflect\n|cant|p2b: Scizor|flinch\n|move|p1a: Empoleon|Hydro Pump|p2b: Scizor\n|-damage|p2b: Scizor|32/100\n|\n|-damage|p1b: Sneasler|0 fnt|[from] brn\n|faint|p1b: Sneasler\n|upkeep\n|\n|t:|1776472949\n|switch|p1b: Meganium|Meganium, L50, F, shiny|100/100\n|turn|11\n|\n|t:|1776472971\n|detailschange|p1b: Meganium|Meganium-Mega, L50, F, shiny\n|-mega|p1b: Meganium|Meganium|Meganiumite\n|move|p2a: Alakazam|Speed Swap|p2b: Scizor\n|-activate|p2a: Alakazam|move: Speed Swap|[of] p2b: Scizor\n|move|p2b: Scizor|Bug Bite|p1b: Meganium\n|-crit|p1b: Meganium\n|-damage|p1b: Meganium|28/100\n|move|p1a: Empoleon|Hydro Pump|p2b: Scizor\n|-damage|p2b: Scizor|0 fnt\n|faint|p2b: Scizor\n|move|p1b: Meganium|Weather Ball|p2a: Alakazam\n|-damage|p2a: Alakazam|14/100\n|\n|upkeep\n|turn|12\n|\n|t:|1776472978\n|move|p2a: Alakazam|Psychic|p1b: Meganium\n|-damage|p1b: Meganium|0 fnt\n|faint|p1b: Meganium\n|move|p1a: Empoleon|Flash Cannon|p2a: Alakazam\n|-damage|p2a: Alakazam|0 fnt\n|faint|p2a: Alakazam\n|\n|win|Eesoch\n|raw|Eesoch's rating: 1196 &rarr; <strong>1217</strong><br />(+21 for winning)\n|raw|HelloThereMites's rating: 1141 &rarr; <strong>1120</strong><br />(-21 for losing)\n|l|\u2606HelloThereMites\n|player|p2|\n",
  "uploadtime": 1776472987,
  "views": 32,
  "formatid": "gen9championsvgc2026regma",
  "rating": 1120,
  "private": 0,
  "password": null
}