{
  "id": "gen9championsvgc2026regma-2581289173",
  "format": "[Gen 9 Champions] VGC 2026 Reg M-A",
  "players": [
    "fallacy277",
    "leader-starmie"
  ],
  "log": "|j|\u2606fallacy277\n|j|\u2606leader-starmie\n|t:|1775981887\n|gametype|doubles\n|player|p1|fallacy277|2|1280\n|player|p2|leader-starmie|lida|1255\n|gen|9\n|tier|[Gen 9 Champions] VGC 2026 Reg M-A\n|rated|\n|rule|Species Clause: Limit one of each Pok\u00e9mon\n|rule|Item Clause: Limit 1 of each item\n|clearpoke\n|poke|p1|Typhlosion-Hisui, L50, F|\n|poke|p1|Torkoal, L50, F|\n|poke|p1|Whimsicott, L50, M|\n|poke|p1|Milotic, L50, F|\n|poke|p1|Glimmora, L50, M|\n|poke|p1|Sinistcha, L50|\n|poke|p2|Lucario, L50, M|\n|poke|p2|Milotic, L50, M|\n|poke|p2|Venusaur, L50, M|\n|poke|p2|Rotom-Wash, L50|\n|poke|p2|Arcanine-Hisui, L50, F|\n|poke|p2|Garchomp, L50, F|\n|teampreview|4\n|inactive|Battle timer is ON: inactive players will automatically lose when time's up. (requested by fallacy277)\n|inactive|leader-starmie has 60 seconds left.\n|\n|t:|1775981920\n|teamsize|p1|4\n|teamsize|p2|4\n|start\n|switch|p1a: Glimmora|Glimmora, L50, M|100/100\n|switch|p1b: Torkoal|Torkoal, L50, F|100/100\n|switch|p2a: Arcanine|Arcanine-Hisui, L50, F|100/100\n|switch|p2b: Garchomp|Garchomp, L50, F|100/100\n|-ability|p2a: Arcanine|Intimidate|boost\n|-unboost|p1a: Glimmora|atk|1\n|-unboost|p1b: Torkoal|atk|1\n|-weather|SunnyDay|[from] ability: Drought|[of] p1b: Torkoal\n|turn|1\n|j| gE1xjZRtuhW2DdT0AK\n|inactive|fallacy277 has 30 seconds left.\n|\n|t:|1775981954\n|switch|p1a: Whimsicott|Whimsicott, L50, M|100/100\n|move|p2b: Garchomp|Stomping Tantrum|p1a: Whimsicott\n|-resisted|p1a: Whimsicott|1\n|-damage|p1a: Whimsicott|80/100\n|move|p2a: Arcanine|Rock Slide|p1b: Torkoal|[spread] p1a,p1b\n|-supereffective|p1b: Torkoal|1\n|-damage|p1a: Whimsicott|51/100\n|-damage|p1b: Torkoal|56/100\n|move|p1b: Torkoal|Yawn|p2b: Garchomp\n|-start|p2b: Garchomp|move: Yawn|[of] p1b: Torkoal\n|\n|-weather|SunnyDay|[upkeep]\n|upkeep\n|turn|2\n|inactive|fallacy277 has 30 seconds left.\n|\n|t:|1775981982\n|switch|p2b: Milotic|Milotic, L50, M|100/100\n|move|p1a: Whimsicott|Protect|p1a: Whimsicott\n|-singleturn|p1a: Whimsicott|Protect\n|move|p2a: Arcanine|Flare Blitz|p1a: Whimsicott\n|-activate|p1a: Whimsicott|move: Protect\n|move|p1b: Torkoal|Yawn|p2a: Arcanine\n|-start|p2a: Arcanine|move: Yawn|[of] p1b: Torkoal\n|\n|-weather|SunnyDay|[upkeep]\n|upkeep\n|turn|3\n|inactive|leader-starmie has 30 seconds left.\n|\n|t:|1775982013\n|switch|p2a: Garchomp|Garchomp, L50, F|100/100\n|switch|p1a: Glimmora|Glimmora, L50, M|100/100\n|move|p2b: Milotic|Scald|p1b: Torkoal\n|-supereffective|p1b: Torkoal|1\n|-damage|p1b: Torkoal|26/100\n|move|p1b: Torkoal|Yawn|p2b: Milotic\n|-start|p2b: Milotic|move: Yawn|[of] p1b: Torkoal\n|\n|-weather|SunnyDay|[upkeep]\n|upkeep\n|turn|4\n|inactive|fallacy277 has 30 seconds left.\n|inactive|fallacy277 has 20 seconds left.\n|inactive|fallacy277 has 15 seconds left.\n|\n|t:|1775982053\n|switch|p1a: Whimsicott|Whimsicott, L50, M|51/100\n|move|p2b: Milotic|Protect|p2b: Milotic\n|-singleturn|p2b: Milotic|Protect\n|move|p2a: Garchomp|Earthquake|p1b: Torkoal|[spread] p1a,p1b\n|-activate|p2b: Milotic|move: Protect\n|-resisted|p1a: Whimsicott|1\n|-supereffective|p1b: Torkoal|1\n|-damage|p1a: Whimsicott|33/100\n|-damage|p1b: Torkoal|0 fnt\n|faint|p1b: Torkoal\n|\n|-weather|SunnyDay|[upkeep]\n|-end|p2b: Milotic|move: Yawn|[silent]\n|-status|p2b: Milotic|slp\n|upkeep\n|\n|t:|1775982065\n|switch|p1b: Glimmora|Glimmora, L50, M|100/100\n|turn|5\n|\n|t:|1775982070\n|move|p1b: Glimmora|Spiky Shield|p1b: Glimmora\n|-singleturn|p1b: Glimmora|move: Protect\n|cant|p2b: Milotic|slp\n|move|p2a: Garchomp|Earthquake|p1b: Glimmora|[spread] p2b,p1a\n|-activate|p1b: Glimmora|move: Protect\n|-resisted|p1a: Whimsicott|1\n|-damage|p2b: Milotic|60/100 slp\n|-damage|p1a: Whimsicott|14/100\n|move|p1a: Whimsicott|Moonblast|p2a: Garchomp\n|-supereffective|p2a: Garchomp|1\n|-damage|p2a: Garchomp|41/100\n|\n|-weather|none\n|-heal|p2b: Milotic|66/100 slp|[from] item: Leftovers\n|upkeep\n|turn|6\n|inactive|fallacy277 has 30 seconds left.\n|\n|t:|1775982103\n|detailschange|p1b: Glimmora|Glimmora-Mega, L50, M\n|-mega|p1b: Glimmora|Glimmora|Glimmoranite\n|move|p1a: Whimsicott|Tailwind|p1a: Whimsicott\n|-sidestart|p1: fallacy277|move: Tailwind\n|move|p1b: Glimmora|Power Gem|p2b: Milotic\n|-damage|p2b: Milotic|24/100 slp\n|move|p2a: Garchomp|Stomping Tantrum|p1b: Glimmora\n|-supereffective|p1b: Glimmora|2\n|-damage|p1b: Glimmora|0 fnt\n|faint|p1b: Glimmora\n|-curestatus|p2b: Milotic|slp|[msg]\n|move|p2b: Milotic|Icy Wind|p1a: Whimsicott\n|-supereffective|p1a: Whimsicott|1\n|-damage|p1a: Whimsicott|0 fnt\n|faint|p1a: Whimsicott\n|\n|-heal|p2b: Milotic|31/100|[from] item: Leftovers\n|upkeep\n|\n|t:|1775982114\n|switch|p1a: Typhlosion|Typhlosion-Hisui, L50, F|100/100\n|-item|p2a: Garchomp|White Herb|[from] ability: Frisk|[of] p1a: Typhlosion\n|-item|p2b: Milotic|Leftovers|[from] ability: Frisk|[of] p1a: Typhlosion\n|turn|7\n|-message|fallacy277 forfeited.\n|\n|win|leader-starmie\n|raw|fallacy277's rating: 1280 &rarr; <strong>1253</strong><br />(-27 for losing)\n|raw|leader-starmie's rating: 1255 &rarr; <strong>1282</strong><br />(+27 for winning)\n|l|\u2606fallacy277\n|player|p1|\n|l|\u2606leader-starmie\n|player|p2|\n",
  "uploadtime": 1775982149,
  "views": 36,
  "formatid": "gen9championsvgc2026regma",
  "rating": 1253,
  "private": 0,
  "password": null
}