{
  "id": "gen9championsvgc2026regma-2582255252",
  "format": "[Gen 9 Champions] VGC 2026 Reg M-A",
  "players": [
    "syshj",
    "aoiharada"
  ],
  "log": "|j|\u2606syshj\n|j|\u2606aoiharada\n|t:|1776076676\n|gametype|doubles\n|player|p1|syshj|dawn|1358\n|player|p2|aoiharada|1|1436\n|gen|9\n|tier|[Gen 9 Champions] VGC 2026 Reg M-A\n|rated|\n|rule|Species Clause: Limit one of each Pok\u00e9mon\n|rule|Item Clause: Limit 1 of each item\n|clearpoke\n|poke|p1|Clefable, L50, F|\n|poke|p1|Kingambit, L50, M|\n|poke|p1|Sneasler, L50, F|\n|poke|p1|Dragonite, L50, M|\n|poke|p1|Delphox, L50, F|\n|poke|p1|Basculegion-F, L50, F|\n|poke|p2|Garchomp, L50, F|\n|poke|p2|Rotom-Wash, L50|\n|poke|p2|Incineroar, L50, M|\n|poke|p2|Sneasler, L50, M|\n|poke|p2|Floette-Eternal, L50, F|\n|poke|p2|Sinistcha-Masterpiece, L50|\n|teampreview|4\n|l|\u2606syshj\n|player|p1|\n|j|\u2606syshj\n|player|p1|syshj|dawn|\n|\n|t:|1776076724\n|teamsize|p1|4\n|teamsize|p2|4\n|start\n|switch|p1a: Clefable|Clefable, L50, F|100/100\n|switch|p1b: Delphox|Delphox, L50, F|100/100\n|switch|p2a: Sneasler|Sneasler, L50, M|100/100\n|switch|p2b: Floette|Floette-Eternal, L50, F|100/100\n|turn|1\n|\n|t:|1776076741\n|switch|p2a: Garchomp|Garchomp, L50, F|100/100\n|switch|p1a: Kingambit|Kingambit, L50, M|100/100\n|detailschange|p1b: Delphox|Delphox-Mega, L50, F\n|-mega|p1b: Delphox|Delphox|Delphoxite\n|detailschange|p2b: Floette|Floette-Mega, L50, F\n|-mega|p2b: Floette|Floette|Floettite\n|-ability|p2b: Floette|Fairy Aura\n|move|p1b: Delphox|Psychic|p2a: Garchomp\n|-damage|p2a: Garchomp|42/100\n|move|p2b: Floette|Calm Mind|p2b: Floette\n|-boost|p2b: Floette|spa|1\n|-boost|p2b: Floette|spd|1\n|\n|upkeep\n|turn|2\n|l|\u2606aoiharada\n|player|p2|\n|j|\u2606aoiharada\n|player|p2|aoiharada|1|\n|\n|t:|1776076780\n|move|p2a: Garchomp|Rock Slide|p1b: Delphox|[spread] p1a,p1b\n|-resisted|p1a: Kingambit|1\n|-supereffective|p1b: Delphox|1\n|-damage|p1a: Kingambit|92/100\n|-damage|p1b: Delphox|39/100\n|move|p1b: Delphox|Psychic|p2a: Garchomp\n|-crit|p2a: Garchomp\n|-damage|p2a: Garchomp|0 fnt\n|faint|p2a: Garchomp\n|move|p2b: Floette|Dazzling Gleam|p1a: Kingambit|[spread] p1a,p1b\n|-resisted|p1b: Delphox|1\n|-damage|p1a: Kingambit|39/100\n|-damage|p1b: Delphox|9/100\n|move|p1a: Kingambit|Iron Head|p2b: Floette\n|-supereffective|p2b: Floette|1\n|-damage|p2b: Floette|24/100\n|\n|upkeep\n|\n|t:|1776076792\n|switch|p2a: Sneasler|Sneasler, L50, M|100/100\n|turn|3\n|j| yadazei\n|\n|t:|1776076809\n|move|p1b: Delphox|Protect|p1b: Delphox\n|-singleturn|p1b: Delphox|Protect\n|move|p1a: Kingambit|Protect|p1a: Kingambit\n|-singleturn|p1a: Kingambit|Protect\n|move|p2a: Sneasler|Feint|p1a: Kingambit\n|-activate|p1a: Kingambit|move: Feint\n|-resisted|p1a: Kingambit|1\n|-damage|p1a: Kingambit|35/100\n|move|p2b: Floette|Dazzling Gleam|p1a: Kingambit|[spread] p1a\n|-activate|p1b: Delphox|move: Protect\n|-damage|p1a: Kingambit|0 fnt\n|faint|p1a: Kingambit\n|\n|upkeep\n|\n|t:|1776076816\n|switch|p1a: Basculegion|Basculegion-F, L50, F|100/100\n|turn|4\n|\n|t:|1776076828\n|switch|p1b: Clefable|Clefable, L50, F|100/100\n|move|p2a: Sneasler|Feint|p1b: Clefable\n|-damage|p1b: Clefable|91/100\n|move|p1a: Basculegion|Muddy Water|p2b: Floette|[spread] p2a,p2b\n|-damage|p2a: Sneasler|48/100\n|-damage|p2b: Floette|4/100\n|move|p2b: Floette|Draining Kiss|p1a: Basculegion\n|-damage|p1a: Basculegion|45/100\n|-heal|p2b: Floette|50/100|[from] drain|[of] p1a: Basculegion\n|\n|upkeep\n|turn|5\n|\n|t:|1776076845\n|switch|p2a: Rotom|Rotom-Wash, L50|100/100\n|move|p1b: Clefable|Helping Hand|p1a: Basculegion\n|-singleturn|p1a: Basculegion|Helping Hand|[of] p1b: Clefable\n|move|p1a: Basculegion|Muddy Water|p2a: Rotom|[spread] \n|-miss|p1a: Basculegion|p2a: Rotom\n|-miss|p1a: Basculegion|p2b: Floette\n|move|p2b: Floette|Draining Kiss|p1a: Basculegion\n|-damage|p1a: Basculegion|0 fnt\n|-heal|p2b: Floette|86/100|[from] drain|[of] p1a: Basculegion\n|faint|p1a: Basculegion\n|\n|upkeep\n|-message|syshj forfeited.\n|\n|win|aoiharada\n|raw|syshj's rating: 1358 &rarr; <strong>1342</strong><br />(-16 for losing)\n|raw|aoiharada's rating: 1436 &rarr; <strong>1452</strong><br />(+16 for winning)\n|l|\u2606aoiharada\n|player|p2|\n",
  "uploadtime": 1776076873,
  "views": 27,
  "formatid": "gen9championsvgc2026regma",
  "rating": 1342,
  "private": 0,
  "password": null
}