{
  "id": "gen9championsvgc2026regma-2584794412",
  "format": "[Gen 9 Champions] VGC 2026 Reg M-A",
  "players": [
    "JarlomenVGC",
    "crocodiloart"
  ],
  "log": "|j|\u2606JarlomenVGC\n|j|\u2606crocodiloart\n|t:|1776284153\n|gametype|doubles\n|player|p1|JarlomenVGC|hiker-gen4|1068\n|player|p2|crocodiloart|102|1118\n|gen|9\n|tier|[Gen 9 Champions] VGC 2026 Reg M-A\n|rated|\n|rule|Species Clause: Limit one of each Pok\u00e9mon\n|rule|Item Clause: Limit 1 of each item\n|clearpoke\n|poke|p1|Pinsir, L50, M|\n|poke|p1|Garchomp, L50, M|\n|poke|p1|Orthworm, L50, M|\n|poke|p1|Rotom-Wash, L50|\n|poke|p1|Clefable, L50, M|\n|poke|p1|Sneasler, L50, M|\n|poke|p2|Aggron, L50, M|\n|poke|p2|Aerodactyl, L50, F|\n|poke|p2|Hydreigon, L50, M|\n|poke|p2|Tyranitar, L50, F|\n|poke|p2|Sneasler, L50, M|\n|poke|p2|Sinistcha, L50|\n|teampreview|4\n|inactive|Battle timer is ON: inactive players will automatically lose when time's up. (requested by JarlomenVGC)\n|inactive|crocodiloart has 60 seconds left.\n|\n|t:|1776284186\n|teamsize|p1|4\n|teamsize|p2|4\n|start\n|switch|p1a: Garchomp|Garchomp, L50, M|100/100\n|switch|p1b: Orthworm|Orthworm, L50, M|100/100\n|switch|p2a: Aerodactyl|Aerodactyl, L50, F|100/100\n|switch|p2b: Sneasler|Sneasler, L50, M|100/100\n|turn|1\n|inactive|JarlomenVGC has 30 seconds left.\n|inactive|crocodiloart has 30 seconds left.\n|\n|t:|1776284218\n|switch|p1b: Rotom|Rotom-Wash, L50|100/100\n|detailschange|p2a: Aerodactyl|Aerodactyl-Mega, L50, F\n|-mega|p2a: Aerodactyl|Aerodactyl|Aerodactylite\n|move|p2b: Sneasler|Fake Out|p1a: Garchomp\n|-damage|p1a: Garchomp|86/100\n|-damage|p2b: Sneasler|88/100|[from] ability: Rough Skin|[of] p1a: Garchomp\n|move|p2a: Aerodactyl|Ice Fang|p1a: Garchomp\n|-supereffective|p1a: Garchomp|2\n|-enditem|p1a: Garchomp|Yache Berry|[eat]\n|-enditem|p1a: Garchomp|Yache Berry|[weaken]\n|-damage|p1a: Garchomp|26/100\n|-damage|p2a: Aerodactyl|88/100|[from] ability: Rough Skin|[of] p1a: Garchomp\n|cant|p1a: Garchomp|flinch\n|\n|upkeep\n|turn|2\n|inactive|crocodiloart has 30 seconds left.\n|\n|t:|1776284248\n|move|p2a: Aerodactyl|Protect|p2a: Aerodactyl\n|-singleturn|p2a: Aerodactyl|Protect\n|move|p1b: Rotom|Electroweb|p2b: Sneasler|[spread] p2b\n|-activate|p2a: Aerodactyl|move: Protect\n|-damage|p2b: Sneasler|62/100\n|-unboost|p2b: Sneasler|spe|1\n|-enditem|p2b: Sneasler|White Herb\n|-clearnegativeboost|p2b: Sneasler|[silent]\n|move|p2b: Sneasler|Close Combat|p1a: Garchomp\n|-damage|p1a: Garchomp|0 fnt\n|-unboost|p2b: Sneasler|def|1\n|-unboost|p2b: Sneasler|spd|1\n|-damage|p2b: Sneasler|50/100|[from] ability: Rough Skin|[of] p1a: Garchomp\n|faint|p1a: Garchomp\n|\n|upkeep\n|\n|t:|1776284267\n|switch|p1a: Pinsir|Pinsir, L50, M|100/100\n|turn|3\n|inactive|crocodiloart has 30 seconds left.\n|\n|t:|1776284300\n|move|p1a: Pinsir|Protect|p1a: Pinsir\n|-singleturn|p1a: Pinsir|Protect\n|move|p2b: Sneasler|Dire Claw|p1a: Pinsir\n|-activate|p1a: Pinsir|move: Protect\n|move|p2a: Aerodactyl|Dual Wingbeat|p1a: Pinsir\n|-activate|p1a: Pinsir|move: Protect\n|move|p1b: Rotom|Electroweb|p2a: Aerodactyl|[spread] p2a,p2b\n|-supereffective|p2a: Aerodactyl|1\n|-damage|p2a: Aerodactyl|45/100\n|-damage|p2b: Sneasler|11/100\n|-unboost|p2a: Aerodactyl|spe|1\n|-unboost|p2b: Sneasler|spe|1\n|\n|upkeep\n|turn|4\n|inactive|JarlomenVGC has 30 seconds left.\n|\n|t:|1776284331\n|switch|p1a: Orthworm|Orthworm, L50, M|100/100\n|move|p2b: Sneasler|Dire Claw|p1a: Orthworm\n|-immune|p1a: Orthworm\n|move|p1b: Rotom|Electroweb|p2b: Sneasler|[spread] p2a,p2b\n|-supereffective|p2a: Aerodactyl|1\n|-damage|p2a: Aerodactyl|3/100\n|-damage|p2b: Sneasler|0 fnt\n|-unboost|p2a: Aerodactyl|spe|1\n|faint|p2b: Sneasler\n|move|p2a: Aerodactyl|Dual Wingbeat|p1a: Orthworm\n|-resisted|p1a: Orthworm|1\n|-damage|p1a: Orthworm|91/100\n|-resisted|p1a: Orthworm|1\n|-damage|p1a: Orthworm|82/100\n|-hitcount|p1a: Orthworm|2\n|\n|upkeep\n|\n|t:|1776284353\n|switch|p2b: Sinistcha|Sinistcha, L50|100/100\n|-heal|p2a: Aerodactyl|28/100|[from] ability: Hospitality|[of] p2b: Sinistcha\n|turn|5\n|\n|t:|1776284363\n|move|p2a: Aerodactyl|Protect|p2a: Aerodactyl\n|-singleturn|p2a: Aerodactyl|Protect\n|move|p1b: Rotom|Electroweb|p2a: Aerodactyl|[spread] p2b\n|-activate|p2a: Aerodactyl|move: Protect\n|-resisted|p2b: Sinistcha|1\n|-damage|p2b: Sinistcha|90/100\n|-unboost|p2b: Sinistcha|spe|1\n|move|p1a: Orthworm|Shed Tail|p1a: Orthworm\n|-start|p1a: Orthworm|Substitute|[from] move: Shed Tail\n|-damage|p1a: Orthworm|32/100\n|-enditem|p1a: Orthworm|Sitrus Berry|[eat]\n|-heal|p1a: Orthworm|56/100|[from] item: Sitrus Berry\n|\n|t:|1776284374\n|switch|p1a: Pinsir|Pinsir, L50, M|100/100|[from] Shed Tail\n|move|p2b: Sinistcha|Life Dew|p2b: Sinistcha|[spread] p2a,p2b\n|-heal|p2a: Aerodactyl|53/100\n|-heal|p2b: Sinistcha|100/100\n|\n|upkeep\n|turn|6\n|\n|t:|1776284387\n|switch|p2a: Tyranitar|Tyranitar, L50, F|100/100\n|-weather|Sandstorm|[from] ability: Sand Stream|[of] p2a: Tyranitar\n|detailschange|p1a: Pinsir|Pinsir-Mega, L50, M\n|-mega|p1a: Pinsir|Pinsir|Pinsirite\n|move|p1b: Rotom|Electroweb|p2b: Sinistcha|[spread] p2a,p2b\n|-resisted|p2b: Sinistcha|1\n|-damage|p2a: Tyranitar|90/100\n|-damage|p2b: Sinistcha|90/100\n|-unboost|p2a: Tyranitar|spe|1\n|-unboost|p2b: Sinistcha|spe|1\n|move|p1a: Pinsir|Body Slam|p2b: Sinistcha\n|-supereffective|p2b: Sinistcha|1\n|-damage|p2b: Sinistcha|4/100\n|move|p2b: Sinistcha|Trick Room|p2b: Sinistcha\n|-fieldstart|move: Trick Room|[of] p2b: Sinistcha\n|\n|-weather|Sandstorm|[upkeep]\n|-damage|p2b: Sinistcha|0 fnt|[from] Sandstorm\n|-damage|p1a: Pinsir|95/100|[from] Sandstorm\n|-damage|p1b: Rotom|95/100|[from] Sandstorm\n|faint|p2b: Sinistcha\n|upkeep\n|\n|t:|1776284403\n|switch|p2b: Aerodactyl|Aerodactyl-Mega, L50, F|53/100\n|turn|7\n|\n|t:|1776284421\n|switch|p1b: Orthworm|Orthworm, L50, M|56/100\n|move|p1a: Pinsir|Protect|p1a: Pinsir\n|-singleturn|p1a: Pinsir|Protect\n|move|p2a: Tyranitar|Rock Slide|p1a: Pinsir|[spread] p1b\n|-activate|p1a: Pinsir|move: Protect\n|-resisted|p1b: Orthworm|1\n|-damage|p1b: Orthworm|46/100\n|move|p2b: Aerodactyl|Rock Slide|p1a: Pinsir|[spread] p1b\n|-activate|p1a: Pinsir|move: Protect\n|-resisted|p1b: Orthworm|1\n|-damage|p1b: Orthworm|36/100\n|\n|-weather|Sandstorm|[upkeep]\n|-damage|p1a: Pinsir|89/100|[from] Sandstorm\n|upkeep\n|turn|8\n|inactive|JarlomenVGC has 30 seconds left.\n|\n|t:|1776284447\n|move|p1a: Pinsir|Feint|p2a: Tyranitar\n|-resisted|p2a: Tyranitar|1\n|-damage|p2a: Tyranitar|80/100\n|move|p2a: Tyranitar|Rock Slide|p1b: Orthworm|[spread] p1a,p1b\n|-supereffective|p1a: Pinsir|2\n|-end|p1a: Pinsir|Substitute\n|-resisted|p1b: Orthworm|1\n|-damage|p1b: Orthworm|26/100\n|move|p1b: Orthworm|Body Press|p2a: Tyranitar\n|-supereffective|p2a: Tyranitar|2\n|-damage|p2a: Tyranitar|0 fnt\n|faint|p2a: Tyranitar\n|move|p2b: Aerodactyl|Rock Slide|p1a: Pinsir|[spread] p1a,p1b\n|-supereffective|p1a: Pinsir|2\n|-resisted|p1b: Orthworm|1\n|-damage|p1a: Pinsir|0 fnt\n|-damage|p1b: Orthworm|17/100\n|faint|p1a: Pinsir\n|\n|-weather|Sandstorm|[upkeep]\n|upkeep\n|\n|t:|1776284463\n|switch|p1a: Rotom|Rotom-Wash, L50|95/100\n|turn|9\n|\n|t:|1776284472\n|move|p1b: Orthworm|Helping Hand|p1a: Rotom\n|-singleturn|p1a: Rotom|Helping Hand|[of] p1b: Orthworm\n|move|p1a: Rotom|Thunderbolt|p2b: Aerodactyl\n|-supereffective|p2b: Aerodactyl|1\n|-damage|p2b: Aerodactyl|0 fnt\n|faint|p2b: Aerodactyl\n|\n|win|JarlomenVGC\n|raw|JarlomenVGC's rating: 1068 &rarr; <strong>1102</strong><br />(+34 for winning)\n|raw|crocodiloart's rating: 1118 &rarr; <strong>1089</strong><br />(-29 for losing)\n|l|\u2606crocodiloart\n|player|p2|\n",
  "uploadtime": 1776284493,
  "views": 25,
  "formatid": "gen9championsvgc2026regma",
  "rating": 1089,
  "private": 0,
  "password": null
}