{
  "id": "gen9championsvgc2026regma-2584779642",
  "format": "[Gen 9 Champions] VGC 2026 Reg M-A",
  "players": [
    "Shwammy2",
    "Parzifal97"
  ],
  "log": "|j|\u2606Shwammy2\n|j|\u2606Parzifal97\n|t:|1776283090\n|gametype|doubles\n|player|p1|Shwammy2|acetrainer-gen4dp|1066\n|player|p2|Parzifal97|2|1000\n|gen|9\n|tier|[Gen 9 Champions] VGC 2026 Reg M-A\n|rated|\n|rule|Species Clause: Limit one of each Pok\u00e9mon\n|rule|Item Clause: Limit 1 of each item\n|clearpoke\n|poke|p1|Golurk, L50|\n|poke|p1|Gallade, L50, M|\n|poke|p1|Dragapult, L50, F|\n|poke|p1|Ninetales, L50, F|\n|poke|p1|Whimsicott, L50, M|\n|poke|p1|Rotom-Wash, L50|\n|poke|p2|Starmie, L50|\n|poke|p2|Pelipper, L50, F|\n|poke|p2|Archaludon, L50, M|\n|poke|p2|Basculegion, L50, M|\n|poke|p2|Sneasler, L50, F|\n|poke|p2|Sinistcha, L50|\n|teampreview|4\n|inactive|Battle timer is ON: inactive players will automatically lose when time's up. (requested by Shwammy2)\n|inactive|Parzifal97 has 60 seconds left.\n|inactive|Parzifal97 has 30 seconds left.\n|inactive|Parzifal97 has 20 seconds left.\n|inactive|Parzifal97 has 15 seconds left.\n|inactive|Parzifal97 has 10 seconds left.\n|inactive|Parzifal97 has 5 seconds left.\n|\n|t:|1776283178\n|teamsize|p1|4\n|teamsize|p2|4\n|start\n|switch|p1a: Golurk|Golurk, L50|100/100\n|switch|p1b: Gallade|Gallade, L50, M|100/100\n|switch|p2a: Starmie|Starmie, L50|100/100\n|switch|p2b: Pelipper|Pelipper, L50, F|100/100\n|-weather|RainDance|[from] ability: Drizzle|[of] p2b: Pelipper\n|turn|1\n|inactive|Parzifal97 has 30 seconds left.\n|inactive|Shwammy2 has 30 seconds left.\n|\n|t:|1776283212\n|switch|p1b: Ninetales|Ninetales, L50, F|100/100\n|-weather|SunnyDay|[from] ability: Drought|[of] p1b: Ninetales\n|detailschange|p2a: Starmie|Starmie-Mega, L50\n|-mega|p2a: Starmie|Starmie|Starminite\n|detailschange|p1a: Golurk|Golurk-Mega, L50\n|-mega|p1a: Golurk|Golurk|Golurkite\n|move|p2a: Starmie|Liquidation|p1a: Golurk\n|-supereffective|p1a: Golurk|1\n|-damage|p1a: Golurk|25/100\n|move|p2b: Pelipper|Tailwind|p2b: Pelipper\n|-sidestart|p2: Parzifal97|move: Tailwind\n|move|p1a: Golurk|Thunder Punch|p2b: Pelipper\n|-supereffective|p2b: Pelipper|2\n|-enditem|p2b: Pelipper|Focus Sash\n|-damage|p2b: Pelipper|1/100\n|-status|p2b: Pelipper|par\n|\n|-weather|SunnyDay|[upkeep]\n|upkeep\n|turn|2\n|inactive|Shwammy2 has 30 seconds left.\n|inactive|Parzifal97 has 30 seconds left.\n|inactive|Parzifal97 has 20 seconds left.\n|inactive|Parzifal97 has 15 seconds left.\n|inactive|Parzifal97 has 10 seconds left.\n|inactive|Parzifal97 has 5 seconds left.\n|\n|t:|1776283264\n|switch|p2b: Sneasler|Sneasler, L50, F|100/100\n|move|p2a: Starmie|Liquidation|p1a: Golurk\n|-supereffective|p1a: Golurk|1\n|-damage|p1a: Golurk|0 fnt\n|faint|p1a: Golurk\n|move|p1b: Ninetales|Mystical Fire|p2b: Sneasler\n|-damage|p2b: Sneasler|47/100\n|-unboost|p2b: Sneasler|spa|1\n|-enditem|p2b: Sneasler|White Herb\n|-clearnegativeboost|p2b: Sneasler|[silent]\n|\n|-weather|SunnyDay|[upkeep]\n|upkeep\n|\n|t:|1776283267\n|switch|p1a: B-2|Dragapult, L50, F, shiny|100/100\n|turn|3\n|inactive|Parzifal97 has 30 seconds left.\n|inactive|Parzifal97 has 20 seconds left.\n|inactive|Parzifal97 has 15 seconds left.\n|inactive|Parzifal97 has 10 seconds left.\n|inactive|Parzifal97 has 5 seconds left.\n|\n|t:|1776283322\n|move|p1b: Ninetales|Protect|p1b: Ninetales\n|-singleturn|p1b: Ninetales|Protect\n|move|p2b: Sneasler|Fake Out|p1b: Ninetales\n|-activate|p1b: Ninetales|move: Protect\n|move|p2a: Starmie|Liquidation|p1a: B-2\n|-resisted|p1a: B-2|1\n|-damage|p1a: B-2|71/100\n|move|p1a: B-2|Phantom Force||[still]\n|-prepare|p1a: B-2|Phantom Force\n|\n|-weather|SunnyDay|[upkeep]\n|upkeep\n|turn|4\n|inactive|Parzifal97 has 30 seconds left.\n|inactive|Parzifal97 has 20 seconds left.\n|inactive|Parzifal97 has 15 seconds left.\n|inactive|Parzifal97 has 10 seconds left.\n|\n|t:|1776283371\n|move|p2b: Sneasler|Dire Claw|p1b: Ninetales\n|-damage|p1b: Ninetales|23/100\n|move|p2a: Starmie|Liquidation|p1b: Ninetales\n|-supereffective|p1b: Ninetales|1\n|-damage|p1b: Ninetales|0 fnt\n|faint|p1b: Ninetales\n|move|p1a: B-2|Phantom Force|p2a: Starmie|[from] lockedmove\n|-supereffective|p2a: Starmie|1\n|-damage|p2a: Starmie|0 fnt\n|faint|p2a: Starmie\n|\n|-weather|SunnyDay|[upkeep]\n|-sideend|p2: Parzifal97|move: Tailwind\n|upkeep\n|inactive|Parzifal97 has 30 seconds left.\n|inactive|Parzifal97 has 20 seconds left.\n|inactive|Parzifal97 has 15 seconds left.\n|\n|t:|1776283412\n|switch|p2a: Pelipper|Pelipper, L50, F|1/100 par\n|switch|p1b: Gallade|Gallade, L50, M|100/100\n|-weather|RainDance|[from] ability: Drizzle|[of] p2a: Pelipper\n|turn|5\n|inactive|Parzifal97 has 30 seconds left.\n|\n|t:|1776283440\n|move|p2b: Sneasler|Protect|p2b: Sneasler\n|-singleturn|p2b: Sneasler|Protect\n|move|p1a: B-2|Dragon Darts|p2a: Pelipper\n|-damage|p2a: Pelipper|0 fnt\n|faint|p2a: Pelipper\n|move|p1b: Gallade|Psycho Cut|p2b: Sneasler\n|-activate|p2b: Sneasler|move: Protect\n|\n|-weather|RainDance|[upkeep]\n|upkeep\n|\n|t:|1776283450\n|switch|p2a: Archaludon|Archaludon, L50, M|100/100\n|turn|6\n|inactive|Parzifal97 has 30 seconds left.\n|\n|t:|1776283476\n|move|p2b: Sneasler|Dire Claw|p1b: Gallade\n|-damage|p1b: Gallade|14/100\n|move|p1a: B-2|Phantom Force||[still]\n|-prepare|p1a: B-2|Phantom Force\n|move|p1b: Gallade|Sacred Sword|p2a: Archaludon\n|-supereffective|p2a: Archaludon|1\n|-damage|p2a: Archaludon|23/100\n|-ability|p2a: Archaludon|Stamina|boost\n|-boost|p2a: Archaludon|def|1\n|move|p2a: Archaludon|Dragon Pulse|p1a: B-2|[miss]\n|-miss|p2a: Archaludon|p1a: B-2\n|\n|-weather|RainDance|[upkeep]\n|-heal|p2a: Archaludon|29/100|[from] item: Leftovers\n|upkeep\n|turn|7\n|inactive|Parzifal97 has 30 seconds left.\n|\n|t:|1776283503\n|move|p2b: Sneasler|Close Combat|p1b: Gallade\n|-resisted|p1b: Gallade|1\n|-damage|p1b: Gallade|0 fnt\n|-unboost|p2b: Sneasler|def|1\n|-unboost|p2b: Sneasler|spd|1\n|faint|p1b: Gallade\n|move|p1a: B-2|Phantom Force|p2a: Archaludon|[from] lockedmove\n|-damage|p2a: Archaludon|12/100\n|-ability|p2a: Archaludon|Stamina|boost\n|-boost|p2a: Archaludon|def|1\n|move|p2a: Archaludon|Electro Shot||[still]\n|-prepare|p2a: Archaludon|Electro Shot\n|-boost|p2a: Archaludon|spa|1\n|-anim|p2a: Archaludon|Electro Shot|p1a: B-2\n|-resisted|p1a: B-2|1\n|-damage|p1a: B-2|33/100\n|\n|-weather|RainDance|[upkeep]\n|-heal|p2a: Archaludon|18/100|[from] item: Leftovers\n|upkeep\n|turn|8\n|inactive|Parzifal97 has 30 seconds left.\n|\n|t:|1776283536\n|move|p2b: Sneasler|Dire Claw|p1a: B-2\n|-resisted|p1a: B-2|1\n|-damage|p1a: B-2|0 fnt\n|faint|p1a: B-2\n|\n|win|Parzifal97\n|raw|Shwammy2's rating: 1066 &rarr; <strong>1042</strong><br />(-24 for losing)\n|raw|Parzifal97's rating: 1000 &rarr; <strong>1048</strong><br />(+48 for winning)\n|l|\u2606Shwammy2\n|player|p1|\n",
  "uploadtime": 1776283548,
  "views": 18,
  "formatid": "gen9championsvgc2026regma",
  "rating": 1042,
  "private": 0,
  "password": null
}