{
  "id": "gen9championsvgc2026regma-2586264891",
  "format": "[Gen 9 Champions] VGC 2026 Reg M-A",
  "players": [
    "bidooforne",
    "Mendysmo"
  ],
  "log": "|j|\u2606bidooforne\n|j|\u2606Mendysmo\n|t:|1776419051\n|gametype|doubles\n|player|p1|bidooforne|gardenia-masters|1190\n|player|p2|Mendysmo|101|1152\n|gen|9\n|tier|[Gen 9 Champions] VGC 2026 Reg M-A\n|rated|\n|rule|Species Clause: Limit one of each Pok\u00e9mon\n|rule|Item Clause: Limit 1 of each item\n|clearpoke\n|poke|p1|Victreebel, L50, F|\n|poke|p1|Milotic, L50, F|\n|poke|p1|Aerodactyl, L50, M|\n|poke|p1|Kommo-o, L50, F|\n|poke|p1|Scizor, L50, F|\n|poke|p1|Kleavor, L50, M|\n|poke|p2|Garchomp, L50, M|\n|poke|p2|Kingambit, L50, M|\n|poke|p2|Dragapult, L50, M|\n|poke|p2|Sneasler, L50, M|\n|poke|p2|Charizard, L50, M|\n|poke|p2|Maushold, L50|\n|teampreview|4\n|\n|t:|1776419106\n|teamsize|p1|4\n|teamsize|p2|4\n|start\n|switch|p1a: Victreebel|Victreebel, L50, F|100/100\n|switch|p1b: Aerodactyl|Aerodactyl, L50, M|100/100\n|switch|p2a: Kingambit|Kingambit, L50, M|100/100\n|switch|p2b: Maushold|Maushold, L50|100/100\n|-ability|p1b: Aerodactyl|Unnerve\n|turn|1\n|inactive|Battle timer is ON: inactive players will automatically lose when time's up. (requested by Mendysmo)\n|inactive|Mendysmo has 60 seconds left.\n|\n|t:|1776419141\n|detailschange|p1a: Victreebel|Victreebel-Mega, L50, F\n|-mega|p1a: Victreebel|Victreebel|Victreebelite\n|move|p1b: Aerodactyl|Tailwind|p1b: Aerodactyl\n|-sidestart|p1: bidooforne|move: Tailwind\n|move|p1a: Victreebel|Sleep Powder|p2a: Kingambit\n|-status|p2a: Kingambit|slp|[from] move: Sleep Powder\n|move|p2b: Maushold|Encore|p1b: Aerodactyl\n|-start|p1b: Aerodactyl|Encore\n|cant|p2a: Kingambit|slp\n|\n|upkeep\n|turn|2\n|\n|t:|1776419162\n|switch|p1b: Kommo-o|Kommo-o, L50, F|100/100\n|switch|p2a: Charizard|Charizard, L50, M|100/100\n|move|p1a: Victreebel|Sleep Powder|p2b: Maushold\n|-status|p2b: Maushold|slp|[from] move: Sleep Powder\n|cant|p2b: Maushold|slp\n|\n|upkeep\n|turn|3\n|inactive|bidooforne has 30 seconds left.\n|\n|t:|1776419188\n|detailschange|p2a: Charizard|Charizard-Mega-Y, L50, M\n|-mega|p2a: Charizard|Charizard|Charizardite Y\n|-weather|SunnyDay|[from] ability: Drought|[of] p2a: Charizard\n|cant|p2b: Maushold|slp\n|move|p1b: Kommo-o|Clangorous Soul|p1b: Kommo-o\n|-boost|p1b: Kommo-o|atk|1\n|-boost|p1b: Kommo-o|def|1\n|-boost|p1b: Kommo-o|spa|1\n|-boost|p1b: Kommo-o|spd|1\n|-boost|p1b: Kommo-o|spe|1\n|-damage|p1b: Kommo-o|68/100\n|move|p1a: Victreebel|Sleep Powder|p2a: Charizard\n|-status|p2a: Charizard|slp|[from] move: Sleep Powder\n|cant|p2a: Charizard|slp\n|\n|-weather|SunnyDay|[upkeep]\n|upkeep\n|turn|4\n|inactive|bidooforne has 30 seconds left.\n|\n|t:|1776419217\n|-curestatus|p2b: Maushold|slp|[msg]\n|move|p2b: Maushold|Protect|p2b: Maushold\n|-singleturn|p2b: Maushold|Protect\n|-curestatus|p2a: Charizard|slp|[msg]\n|move|p2a: Charizard|Protect|p2a: Charizard\n|-singleturn|p2a: Charizard|Protect\n|move|p1b: Kommo-o|Clangorous Soul|p1b: Kommo-o\n|-boost|p1b: Kommo-o|atk|1\n|-boost|p1b: Kommo-o|def|1\n|-boost|p1b: Kommo-o|spa|1\n|-boost|p1b: Kommo-o|spd|1\n|-boost|p1b: Kommo-o|spe|1\n|-damage|p1b: Kommo-o|35/100\n|move|p1a: Victreebel|Strength Sap|p2b: Maushold\n|-activate|p2b: Maushold|move: Protect\n|\n|-weather|SunnyDay|[upkeep]\n|-sideend|p1: bidooforne|move: Tailwind\n|upkeep\n|turn|5\n|inactive|Mendysmo has 30 seconds left.\n|\n|t:|1776419244\n|move|p1a: Victreebel|Sucker Punch|p2a: Charizard\n|-damage|p2a: Charizard|79/100\n|move|p1b: Kommo-o|Clanging Scales|p2a: Charizard|[spread] p2a,p2b\n|-damage|p2a: Charizard|20/100\n|-damage|p2b: Maushold|0 fnt\n|faint|p2b: Maushold\n|-unboost|p1b: Kommo-o|def|1\n|move|p2a: Charizard|Heat Wave|p1a: Victreebel|[spread] p1a,p1b\n|-supereffective|p1a: Victreebel|1\n|-resisted|p1b: Kommo-o|1\n|-damage|p1a: Victreebel|0 fnt\n|-damage|p1b: Kommo-o|17/100\n|-damage|p2a: Charizard|0 fnt|[from] ability: Innards Out|[of] p1a: Victreebel\n|faint|p1a: Victreebel\n|faint|p2a: Charizard\n|\n|-weather|SunnyDay|[upkeep]\n|upkeep\n|\n|t:|1776419267\n|switch|p2b: Dragapult|Dragapult, L50, M|100/100\n|switch|p2a: Kingambit|Kingambit, L50, M|100/100 slp\n|switch|p1a: Aerodactyl|Aerodactyl, L50, M|100/100\n|-ability|p1a: Aerodactyl|Unnerve\n|turn|6\n|\n|t:|1776419278\n|-curestatus|p2a: Kingambit|slp|[msg]\n|move|p2a: Kingambit|Protect|p2a: Kingambit\n|-singleturn|p2a: Kingambit|Protect\n|move|p1b: Kommo-o|Clanging Scales|p2b: Dragapult|[spread] p2b\n|-activate|p2a: Kingambit|move: Protect\n|-supereffective|p2b: Dragapult|1\n|-damage|p2b: Dragapult|0 fnt\n|faint|p2b: Dragapult\n|-unboost|p1b: Kommo-o|def|1\n|move|p1a: Aerodactyl|Rock Slide|p2a: Kingambit\n|-activate|p2a: Kingambit|move: Protect\n|\n|-weather|SunnyDay|[upkeep]\n|upkeep\n|turn|7\n|\n|t:|1776419300\n|move|p2a: Kingambit|Sucker Punch|p1b: Kommo-o\n|-resisted|p1b: Kommo-o|1\n|-damage|p1b: Kommo-o|0 fnt\n|faint|p1b: Kommo-o\n|move|p1a: Aerodactyl|Tailwind|p1a: Aerodactyl\n|-sidestart|p1: bidooforne|move: Tailwind\n|\n|-weather|none\n|upkeep\n|\n|t:|1776419306\n|switch|p1b: Milotic|Milotic, L50, F|100/100\n|turn|8\n|\n|t:|1776419319\n|move|p1a: Aerodactyl|Taunt|p2a: Kingambit\n|-start|p2a: Kingambit|move: Taunt\n|move|p1b: Milotic|Muddy Water|p2a: Kingambit\n|-damage|p2a: Kingambit|61/100\n|move|p2a: Kingambit|Iron Head|p1a: Aerodactyl\n|-supereffective|p1a: Aerodactyl|1\n|-enditem|p1a: Aerodactyl|Focus Sash\n|-damage|p1a: Aerodactyl|1/100\n|\n|upkeep\n|turn|9\n|\n|t:|1776419331\n|move|p1a: Aerodactyl|Rock Slide|p2a: Kingambit\n|-resisted|p2a: Kingambit|1\n|-damage|p2a: Kingambit|47/100\n|move|p1b: Milotic|Muddy Water|p2a: Kingambit\n|-damage|p2a: Kingambit|6/100\n|move|p2a: Kingambit|Iron Head|p1b: Milotic\n|-resisted|p1b: Milotic|1\n|-damage|p1b: Milotic|77/100\n|\n|-heal|p1b: Milotic|83/100|[from] item: Leftovers\n|upkeep\n|turn|10\n|\n|t:|1776419342\n|move|p2a: Kingambit|Sucker Punch|p1a: Aerodactyl\n|-damage|p1a: Aerodactyl|0 fnt\n|faint|p1a: Aerodactyl\n|move|p1b: Milotic|Muddy Water|p2a: Kingambit\n|-damage|p2a: Kingambit|0 fnt\n|faint|p2a: Kingambit\n|\n|win|bidooforne\n|raw|bidooforne's rating: 1190 &rarr; <strong>1212</strong><br />(+22 for winning)\n|raw|Mendysmo's rating: 1152 &rarr; <strong>1130</strong><br />(-22 for losing)\n|l|\u2606Mendysmo\n|player|p2|\n",
  "uploadtime": 1776419350,
  "views": 26,
  "formatid": "gen9championsvgc2026regma",
  "rating": 1130,
  "private": 0,
  "password": null
}