{
  "id": "gen9championsvgc2026regma-2584570328",
  "format": "[Gen 9 Champions] VGC 2026 Reg M-A",
  "players": [
    "labaladecos",
    "itchy who"
  ],
  "log": "|j|\u2606labaladecos\n|j|\u2606itchy who\n|t:|1776269435\n|gametype|doubles\n|player|p1|labaladecos|hugh|1279\n|player|p2|itchy who|battlegirl|1214\n|gen|9\n|tier|[Gen 9 Champions] VGC 2026 Reg M-A\n|rated|\n|rule|Species Clause: Limit one of each Pok\u00e9mon\n|rule|Item Clause: Limit 1 of each item\n|clearpoke\n|poke|p1|Chesnaught, L50, F|\n|poke|p1|Sinistcha, L50|\n|poke|p1|Whimsicott, L50, F|\n|poke|p1|Clefable, L50, F|\n|poke|p1|Pelipper, L50, M|\n|poke|p1|Dragonite, L50, M|\n|poke|p2|Garchomp, L50, M|\n|poke|p2|Tyranitar, L50, M|\n|poke|p2|Gyarados, L50, F|\n|poke|p2|Noivern, L50, F|\n|poke|p2|Froslass, L50, F|\n|poke|p2|Medicham, L50, F|\n|teampreview|4\n|inactive|Battle timer is ON: inactive players will automatically lose when time's up. (requested by itchy who)\n|inactive|labaladecos has 60 seconds left.\n|inactive|itchy who has 60 seconds left.\n|\n|t:|1776269482\n|teamsize|p1|4\n|teamsize|p2|4\n|start\n|switch|p1a: Chesnaught|Chesnaught, L50, F, shiny|100/100\n|switch|p1b: Sinistcha|Sinistcha, L50|100/100\n|switch|p2a: Garchomp|Garchomp, L50, M|100/100\n|switch|p2b: Noivern|Noivern, L50, F|100/100\n|-item|p1a: Chesnaught|Chesnaughtite|[from] ability: Frisk|[of] p2b: Noivern\n|-item|p1b: Sinistcha|Sitrus Berry|[from] ability: Frisk|[of] p2b: Noivern\n|turn|1\n|\n|t:|1776269496\n|move|p1a: Chesnaught|Spiky Shield|p1a: Chesnaught\n|-singleturn|p1a: Chesnaught|move: Protect\n|move|p2b: Noivern|Tailwind|p2b: Noivern\n|-sidestart|p2: itchy who|move: Tailwind\n|move|p2a: Garchomp|Dragon Claw|p1b: Sinistcha\n|-damage|p1b: Sinistcha|62/100\n|move|p1b: Sinistcha|Trick Room|p1b: Sinistcha\n|-fieldstart|move: Trick Room|[of] p1b: Sinistcha\n|\n|upkeep\n|turn|2\n|\n|t:|1776269520\n|detailschange|p1a: Chesnaught|Chesnaught-Mega, L50, F, shiny\n|-mega|p1a: Chesnaught|Chesnaught|Chesnaughtite\n|move|p2a: Garchomp|Protect|p2a: Garchomp\n|-singleturn|p2a: Garchomp|Protect\n|move|p1b: Sinistcha|Rage Powder|p1b: Sinistcha\n|-singleturn|p1b: Sinistcha|move: Rage Powder\n|move|p1a: Chesnaught|Belly Drum|p1a: Chesnaught\n|-damage|p1a: Chesnaught|51/100\n|-setboost|p1a: Chesnaught|atk|6|[from] move: Belly Drum\n|move|p2b: Noivern|Super Fang|p1b: Sinistcha\n|-immune|p1b: Sinistcha\n|\n|upkeep\n|turn|3\n|inactive|itchy who has 30 seconds left.\n|inactive|itchy who has 20 seconds left.\n|inactive|itchy who has 15 seconds left.\n|inactive|itchy who has 10 seconds left.\n|inactive|itchy who has 5 seconds left.\n|\n|t:|1776269573\n|move|p1b: Sinistcha|Rage Powder|p1b: Sinistcha\n|-singleturn|p1b: Sinistcha|move: Rage Powder\n|move|p1a: Chesnaught|Drain Punch|p2a: Garchomp\n|-damage|p2a: Garchomp|0 fnt\n|-heal|p1a: Chesnaught|98/100|[from] drain|[of] p2a: Garchomp\n|-damage|p1a: Chesnaught|86/100|[from] ability: Rough Skin|[of] p2a: Garchomp\n|faint|p2a: Garchomp\n|move|p2b: Noivern|Draco Meteor|p1b: Sinistcha|[miss]\n|-miss|p2b: Noivern|p1b: Sinistcha\n|\n|upkeep\n|\n|t:|1776269584\n|switch|p2a: Froslass|Froslass, L50, F|100/100\n|turn|4\n|inactive|itchy who has 30 seconds left.\n|inactive|itchy who has 20 seconds left.\n|\n|t:|1776269621\n|move|p2a: Froslass|Protect|p2a: Froslass\n|-singleturn|p2a: Froslass|Protect\n|move|p1b: Sinistcha|Rage Powder|p1b: Sinistcha\n|-singleturn|p1b: Sinistcha|move: Rage Powder\n|move|p1a: Chesnaught|Grassy Glide|p2a: Froslass\n|-activate|p2a: Froslass|move: Protect\n|move|p2b: Noivern|Super Fang|p1b: Sinistcha\n|-immune|p1b: Sinistcha\n|\n|-sideend|p2: itchy who|move: Tailwind\n|upkeep\n|turn|5\n|\n|t:|1776269643\n|switch|p2a: Tyranitar|Tyranitar, L50, M|100/100\n|-weather|Sandstorm|[from] ability: Sand Stream|[of] p2a: Tyranitar\n|move|p2b: Noivern|Protect|p2b: Noivern\n|-singleturn|p2b: Noivern|Protect\n|move|p1b: Sinistcha|Rage Powder|p1b: Sinistcha\n|-singleturn|p1b: Sinistcha|move: Rage Powder\n|move|p1a: Chesnaught|Grassy Glide|p2a: Tyranitar\n|-supereffective|p2a: Tyranitar|1\n|-damage|p2a: Tyranitar|0 fnt\n|faint|p2a: Tyranitar\n|\n|-weather|Sandstorm|[upkeep]\n|-damage|p1a: Chesnaught|80/100|[from] Sandstorm\n|-damage|p1b: Sinistcha|56/100|[from] Sandstorm\n|-damage|p2b: Noivern|94/100|[from] Sandstorm\n|-fieldend|move: Trick Room\n|upkeep\n|\n|t:|1776269654\n|switch|p2a: Froslass|Froslass, L50, F|100/100\n|turn|6\n|\n|t:|1776269672\n|detailschange|p2a: Froslass|Froslass-Mega, L50, F\n|-mega|p2a: Froslass|Froslass|Froslassite\n|-weather|Snowscape|[from] ability: Snow Warning|[of] p2a: Froslass\n|move|p1a: Chesnaught|Spiky Shield|p1a: Chesnaught\n|-singleturn|p1a: Chesnaught|move: Protect\n|move|p2b: Noivern|Draco Meteor|p1b: Sinistcha\n|-damage|p1b: Sinistcha|8/100\n|-unboost|p2b: Noivern|spa|2\n|-enditem|p1b: Sinistcha|Sitrus Berry|[eat]\n|-heal|p1b: Sinistcha|33/100|[from] item: Sitrus Berry\n|move|p2a: Froslass|Blizzard|p1b: Sinistcha|[spread] p1b\n|-activate|p1a: Chesnaught|move: Protect\n|-supereffective|p1b: Sinistcha|1\n|-damage|p1b: Sinistcha|0 fnt\n|faint|p1b: Sinistcha\n|\n|-weather|Snowscape|[upkeep]\n|upkeep\n|\n|t:|1776269693\n|switch|p1b: Whimsicott|Whimsicott, L50, F|100/100\n|turn|7\n|\n|t:|1776269701\n|move|p1b: Whimsicott|Grassy Terrain|p1b: Whimsicott\n|-fieldstart|move: Grassy Terrain\n|move|p1a: Chesnaught|Grassy Glide|p2a: Froslass\n|-damage|p2a: Froslass|0 fnt\n|faint|p2a: Froslass\n|move|p2b: Noivern|Tailwind|p2b: Noivern\n|-sidestart|p2: itchy who|move: Tailwind\n|\n|-weather|Snowscape|[upkeep]\n|-heal|p1a: Chesnaught|86/100|[from] Grassy Terrain\n|upkeep\n|turn|8\n|-message|itchy who forfeited.\n|\n|win|labaladecos\n|raw|labaladecos's rating: 1279 &rarr; <strong>1299</strong><br />(+20 for winning)\n|raw|itchy who's rating: 1214 &rarr; <strong>1194</strong><br />(-20 for losing)\n|l|\u2606itchy who\n|player|p2|\n",
  "uploadtime": 1776269713,
  "views": 27,
  "formatid": "gen9championsvgc2026regma",
  "rating": 1194,
  "private": 0,
  "password": null
}