{
  "id": "gen9championsvgc2026regma-2580378752",
  "format": "[Gen 9 Champions] VGC 2026 Reg M-A",
  "players": [
    "SilentB88",
    "JaviNJO"
  ],
  "log": "|j|\u2606SilentB88\n|j|\u2606JaviNJO\n|t:|1775887685\n|gametype|doubles\n|player|p1|SilentB88|1|1095\n|player|p2|JaviNJO|169|1014\n|gen|9\n|tier|[Gen 9 Champions] VGC 2026 Reg M-A\n|rated|\n|rule|Species Clause: Limit one of each Pok\u00e9mon\n|rule|Item Clause: Limit 1 of each item\n|clearpoke\n|poke|p1|Aggron, L50, M|\n|poke|p1|Farigiraf, L50, F|\n|poke|p1|Sinistcha, L50|\n|poke|p1|Sableye, L50, M|\n|poke|p1|Milotic, L50, M|\n|poke|p1|Incineroar, L50, F|\n|poke|p2|Charizard, L50, M|\n|poke|p2|Whimsicott, L50, M|\n|poke|p2|Meganium, L50, F|\n|poke|p2|Garchomp, L50, M|\n|poke|p2|Venusaur, L50, M|\n|poke|p2|Incineroar, L50, F|\n|teampreview|4\n|inactive|Battle timer is ON: inactive players will automatically lose when time's up. (requested by SilentB88)\n|inactive|JaviNJO has 60 seconds left.\n|\n|t:|1775887729\n|teamsize|p1|4\n|teamsize|p2|4\n|start\n|switch|p1a: Milotic|Milotic, L50, M|100/100\n|switch|p1b: Sableye|Sableye, L50, M|100/100\n|switch|p2a: Charizard|Charizard, L50, M|100/100\n|switch|p2b: Venusaur|Venusaur, L50, M|100/100\n|turn|1\n|inactive|JaviNJO has 30 seconds left.\n|\n|t:|1775887755\n|detailschange|p2a: Charizard|Charizard-Mega-Y, L50, M\n|-mega|p2a: Charizard|Charizard|Charizardite Y\n|-weather|SunnyDay|[from] ability: Drought|[of] p2a: Charizard\n|move|p2a: Charizard|Protect|p2a: Charizard\n|-singleturn|p2a: Charizard|Protect\n|move|p1b: Sableye|Rain Dance|p1b: Sableye\n|-weather|RainDance\n|move|p2b: Venusaur|Giga Drain|p1a: Milotic\n|-supereffective|p1a: Milotic|1\n|-damage|p1a: Milotic|46/100\n|move|p1a: Milotic|Scald|p2a: Charizard\n|-activate|p2a: Charizard|move: Protect\n|\n|-weather|RainDance|[upkeep]\n|-heal|p1a: Milotic|52/100|[from] item: Leftovers\n|upkeep\n|turn|2\n|inactive|JaviNJO has 30 seconds left.\n|\n|t:|1775887787\n|switch|p2a: Incineroar|Incineroar, L50, F|100/100\n|-ability|p2a: Incineroar|Intimidate|boost\n|-unboost|p1a: Milotic|atk|1\n|-ability|p1a: Milotic|Competitive|boost\n|-boost|p1a: Milotic|spa|2\n|-unboost|p1b: Sableye|atk|1\n|move|p1b: Sableye|Light Screen|p1b: Sableye\n|-sidestart|p1: SilentB88|move: Light Screen\n|move|p2b: Venusaur|Giga Drain|p1a: Milotic\n|-supereffective|p1a: Milotic|1\n|-damage|p1a: Milotic|20/100\n|move|p1a: Milotic|Recover|p1a: Milotic\n|-heal|p1a: Milotic|70/100\n|\n|-weather|RainDance|[upkeep]\n|-heal|p1a: Milotic|76/100|[from] item: Leftovers\n|upkeep\n|turn|3\n|\n|t:|1775887807\n|move|p1a: Milotic|Protect|p1a: Milotic\n|-singleturn|p1a: Milotic|Protect\n|move|p2a: Incineroar|Fake Out|p1a: Milotic\n|-activate|p1a: Milotic|move: Protect\n|move|p2b: Venusaur|Giga Drain|p1a: Milotic\n|-activate|p1a: Milotic|move: Protect\n|move|p1b: Sableye|Snarl|p2a: Incineroar|[spread] p2a,p2b\n|-resisted|p2a: Incineroar|1\n|-crit|p2a: Incineroar\n|-damage|p2a: Incineroar|94/100\n|-damage|p2b: Venusaur|89/100\n|-unboost|p2a: Incineroar|spa|1\n|-unboost|p2b: Venusaur|spa|1\n|\n|-weather|RainDance|[upkeep]\n|-heal|p2b: Venusaur|95/100|[from] item: Leftovers\n|-heal|p1a: Milotic|82/100|[from] item: Leftovers\n|upkeep\n|turn|4\n|\n|t:|1775887830\n|move|p2b: Venusaur|Protect|p2b: Venusaur\n|-singleturn|p2b: Venusaur|Protect\n|move|p1b: Sableye|Rain Dance||[still]\n|-fail|p1b: Sableye\n|move|p1a: Milotic|Scald|p2a: Incineroar\n|-supereffective|p2a: Incineroar|1\n|-damage|p2a: Incineroar|0 fnt\n|faint|p2a: Incineroar\n|\n|-weather|RainDance|[upkeep]\n|-heal|p2b: Venusaur|100/100|[from] item: Leftovers\n|-heal|p1a: Milotic|88/100|[from] item: Leftovers\n|upkeep\n|\n|t:|1775887839\n|switch|p2a: Garchomp|Garchomp, L50, M|100/100\n|turn|5\n|\n|t:|1775887848\n|switch|p2b: Charizard|Charizard-Mega-Y, L50, M|100/100\n|-weather|SunnyDay|[from] ability: Drought|[of] p2b: Charizard\n|move|p1b: Sableye|Quash|p2a: Garchomp\n|-activate|p2a: Garchomp|move: Quash\n|move|p1a: Milotic|Ice Beam|p2a: Garchomp\n|-supereffective|p2a: Garchomp|2\n|-damage|p2a: Garchomp|0 fnt\n|faint|p2a: Garchomp\n|\n|-weather|SunnyDay|[upkeep]\n|-heal|p1a: Milotic|94/100|[from] item: Leftovers\n|upkeep\n|\n|t:|1775887856\n|switch|p2a: Venusaur|Venusaur, L50, M|100/100\n|turn|6\n|\n|t:|1775887863\n|move|p1b: Sableye|Rain Dance|p1b: Sableye\n|-weather|RainDance\n|move|p2b: Charizard|Weather Ball|p1a: Milotic\n|-resisted|p1a: Milotic|1\n|-damage|p1a: Milotic|80/100\n|move|p2a: Venusaur|Giga Drain|p1a: Milotic\n|-supereffective|p1a: Milotic|1\n|-damage|p1a: Milotic|49/100\n|move|p1a: Milotic|Ice Beam|p2a: Venusaur\n|-supereffective|p2a: Venusaur|1\n|-damage|p2a: Venusaur|0 fnt\n|faint|p2a: Venusaur\n|\n|-weather|RainDance|[upkeep]\n|-heal|p1a: Milotic|54/100|[from] item: Leftovers\n|-sideend|p1: SilentB88|move: Light Screen\n|upkeep\n|turn|7\n|\n|t:|1775887878\n|move|p1b: Sableye|Quash|p2b: Charizard\n|-activate|p2b: Charizard|move: Quash\n|move|p1a: Milotic|Scald|p2b: Charizard\n|-supereffective|p2b: Charizard|1\n|-damage|p2b: Charizard|0 fnt\n|faint|p2b: Charizard\n|\n|win|SilentB88\n|raw|SilentB88's rating: 1095 &rarr; <strong>1115</strong><br />(+20 for winning)\n|raw|JaviNJO's rating: 1014 &rarr; <strong>1005</strong><br />(-9 for losing)\n|l|\u2606JaviNJO\n|player|p2|\n",
  "uploadtime": 1775887887,
  "views": 14,
  "formatid": "gen9championsvgc2026regma",
  "rating": 1005,
  "private": 0,
  "password": null
}