{
  "id": "gen9championsvgc2026regma-2580407398",
  "format": "[Gen 9 Champions] VGC 2026 Reg M-A",
  "players": [
    "eXianOD",
    "vurah"
  ],
  "log": "|j|\u2606eXianOD\n|j|\u2606vurah\n|t:|1775891841\n|gametype|doubles\n|player|p1|eXianOD|cynthia-gen4|1051\n|player|p2|vurah|burglar|1000\n|gen|9\n|tier|[Gen 9 Champions] VGC 2026 Reg M-A\n|rated|\n|rule|Species Clause: Limit one of each Pok\u00e9mon\n|rule|Item Clause: Limit 1 of each item\n|clearpoke\n|poke|p1|Zoroark-Hisui, L50, F|\n|poke|p1|Gengar, L50, M|\n|poke|p1|Sinistcha-Masterpiece, L50|\n|poke|p1|Maushold-Four, L50|\n|poke|p1|Primarina, L50, F|\n|poke|p1|Incineroar, L50, M|\n|poke|p2|Milotic, L50, F|\n|poke|p2|Mimikyu, L50, M|\n|poke|p2|Aggron, L50, M|\n|poke|p2|Torkoal, L50, F|\n|poke|p2|Farigiraf, L50, M|\n|poke|p2|Rhyperior, L50, F|\n|teampreview|4\n|inactive|Battle timer is ON: inactive players will automatically lose when time's up. (requested by eXianOD)\n|inactive|eXianOD has 60 seconds left.\n|inactive|vurah has 60 seconds left.\n|\n|t:|1775891887\n|teamsize|p1|4\n|teamsize|p2|4\n|start\n|switch|p1a: Incineroar|Incineroar, L50, M|100/100\n|switch|p1b: Gengar|Gengar, L50, M, shiny|100/100\n|switch|p2a: Mimikyu|Mimikyu, L50, M|100/100\n|switch|p2b: Aggron|Aggron, L50, M|100/100\n|-ability|p1a: Incineroar|Intimidate|boost\n|-unboost|p2a: Mimikyu|atk|1\n|-unboost|p2b: Aggron|atk|1\n|turn|1\n|inactive|vurah has 30 seconds left.\n|\n|t:|1775891917\n|detailschange|p1b: Gengar|Gengar-Mega, L50, M, shiny\n|-mega|p1b: Gengar|Gengar|Gengarite\n|move|p1b: Gengar|Sludge Bomb|p2a: Mimikyu\n|-activate|p2a: Mimikyu|ability: Disguise\n|-damage|p2a: Mimikyu|100/100\n|detailschange|p2a: Mimikyu|Mimikyu-Busted, L50, M\n|-damage|p2a: Mimikyu|88/100|[from] pokemon: Mimikyu-Busted\n|move|p1a: Incineroar|Throat Chop|p2a: Mimikyu\n|-damage|p2a: Mimikyu|45/100\n|-start|p2a: Mimikyu|Throat Chop|[silent]\n|move|p2b: Aggron|Iron Defense|p2b: Aggron\n|-boost|p2b: Aggron|def|2\n|move|p2a: Mimikyu|Trick Room|p2a: Mimikyu\n|-fieldstart|move: Trick Room|[of] p2a: Mimikyu\n|\n|upkeep\n|turn|2\n|inactive|eXianOD has 30 seconds left.\n|inactive|vurah has 30 seconds left.\n|\n|t:|1775891949\n|switch|p1a: Sinistcha|Sinistcha-Masterpiece, L50|100/100\n|move|p2b: Aggron|Rock Slide|p1a: Sinistcha|[spread] p1a,p1b\n|-damage|p1a: Sinistcha|92/100\n|-damage|p1b: Gengar|84/100\n|move|p2a: Mimikyu|Shadow Claw|p1b: Gengar\n|-supereffective|p1b: Gengar|1\n|-damage|p1b: Gengar|34/100\n|move|p1b: Gengar|Sludge Bomb|p2a: Mimikyu\n|-damage|p2a: Mimikyu|0 fnt\n|faint|p2a: Mimikyu\n|\n|upkeep\n|\n|t:|1775891959\n|switch|p2a: Torkoal|Torkoal, L50, F|100/100\n|-weather|SunnyDay|[from] ability: Drought|[of] p2a: Torkoal\n|turn|3\n|\n|t:|1775891970\n|move|p1b: Gengar|Protect|p1b: Gengar\n|-singleturn|p1b: Gengar|Protect\n|move|p2a: Torkoal|Eruption|p1a: Sinistcha|[spread] \n|-activate|p1b: Gengar|move: Protect\n|-miss|p2a: Torkoal|p1a: Sinistcha\n|move|p2b: Aggron|Iron Defense|p2b: Aggron\n|-boost|p2b: Aggron|def|2\n|move|p1a: Sinistcha|Life Dew|p1a: Sinistcha|[spread] p1a,p1b\n|-heal|p1a: Sinistcha|100/100\n|-heal|p1b: Gengar|59/100\n|\n|-weather|SunnyDay|[upkeep]\n|upkeep\n|turn|4\n|\n|t:|1775891994\n|switch|p1b: Incineroar|Incineroar, L50, M|100/100\n|-ability|p1b: Incineroar|Intimidate|boost\n|-unboost|p2a: Torkoal|atk|1\n|-unboost|p2b: Aggron|atk|1\n|move|p1a: Sinistcha|Protect|p1a: Sinistcha\n|-singleturn|p1a: Sinistcha|Protect\n|move|p2a: Torkoal|Eruption|p1a: Sinistcha|[spread] p1b\n|-activate|p1a: Sinistcha|move: Protect\n|-resisted|p1b: Incineroar|1\n|-damage|p1b: Incineroar|64/100\n|move|p2b: Aggron|Rock Slide|p1b: Incineroar|[spread] p1b\n|-activate|p1a: Sinistcha|move: Protect\n|-supereffective|p1b: Incineroar|1\n|-damage|p1b: Incineroar|46/100\n|-enditem|p1b: Incineroar|Sitrus Berry|[eat]\n|-heal|p1b: Incineroar|70/100|[from] item: Sitrus Berry\n|\n|-weather|SunnyDay|[upkeep]\n|upkeep\n|turn|5\n|inactive|eXianOD has 30 seconds left.\n|inactive|vurah has 30 seconds left.\n|inactive|eXianOD has 20 seconds left.\n|inactive|vurah has 20 seconds left.\n|inactive|eXianOD has 15 seconds left.\n|inactive|vurah has 15 seconds left.\n|inactive|vurah has 10 seconds left.\n|inactive|vurah has 5 seconds left.\n|\n|t:|1775892046\n|switch|p2b: Farigiraf|Farigiraf, L50, M|100/100\n|move|p1b: Incineroar|Fake Out||[still]\n|cant|p2b: Farigiraf|ability: Armor Tail|Fake Out|[of] p1b: Incineroar\n|move|p1a: Sinistcha|Rage Powder|p1a: Sinistcha\n|-singleturn|p1a: Sinistcha|move: Rage Powder\n|move|p2a: Torkoal|Eruption|p1b: Incineroar|[spread] p1a,p1b\n|-supereffective|p1a: Sinistcha|1\n|-resisted|p1b: Incineroar|1\n|-damage|p1a: Sinistcha|0 fnt\n|-damage|p1b: Incineroar|35/100\n|faint|p1a: Sinistcha\n|\n|-weather|SunnyDay|[upkeep]\n|-fieldend|move: Trick Room\n|upkeep\n|\n|t:|1775892058\n|switch|p1a: Gengar|Gengar-Mega, L50, M, shiny|59/100\n|turn|6\n|inactive|eXianOD has 30 seconds left.\n|\n|t:|1775892088\n|move|p1a: Gengar|Perish Song|p1a: Gengar\n|-start|p1a: Gengar|perish3|[silent]\n|-start|p1b: Incineroar|perish3|[silent]\n|-start|p2a: Torkoal|perish3|[silent]\n|-start|p2b: Farigiraf|perish3|[silent]\n|-fieldactivate|move: Perish Song\n|move|p1b: Incineroar|Throat Chop|p2a: Torkoal\n|-damage|p2a: Torkoal|73/100\n|-start|p2a: Torkoal|Throat Chop|[silent]\n|move|p2a: Torkoal|Earth Power|p1b: Incineroar\n|-supereffective|p1b: Incineroar|1\n|-crit|p1b: Incineroar\n|-damage|p1b: Incineroar|0 fnt\n|faint|p1b: Incineroar\n|move|p2b: Farigiraf|Trick Room|p2b: Farigiraf\n|-fieldstart|move: Trick Room|[of] p2b: Farigiraf\n|\n|-weather|SunnyDay|[upkeep]\n|-start|p2a: Torkoal|perish3\n|-start|p2b: Farigiraf|perish3\n|-start|p1a: Gengar|perish3\n|upkeep\n|\n|t:|1775892097\n|switch|p1b: Maushold|Maushold-Four, L50|100/100\n|turn|7\n|\n|t:|1775892110\n|move|p2b: Farigiraf|Helping Hand|p2a: Torkoal\n|-singleturn|p2a: Torkoal|Helping Hand|[of] p2b: Farigiraf\n|move|p1b: Maushold|Protect|p1b: Maushold\n|-singleturn|p1b: Maushold|Protect\n|move|p1a: Gengar|Protect|p1a: Gengar\n|-singleturn|p1a: Gengar|Protect\n|move|p2a: Torkoal|Eruption|p1a: Gengar|[spread] \n|-activate|p1a: Gengar|move: Protect\n|-activate|p1b: Maushold|move: Protect\n|\n|-weather|none\n|-end|p2a: Torkoal|Throat Chop|[silent]\n|-start|p2a: Torkoal|perish2\n|-start|p2b: Farigiraf|perish2\n|-start|p1a: Gengar|perish2\n|upkeep\n|turn|8\n|\n|t:|1775892129\n|move|p2b: Farigiraf|Helping Hand|p2a: Torkoal\n|-singleturn|p2a: Torkoal|Helping Hand|[of] p2b: Farigiraf\n|move|p1b: Maushold|Follow Me|p1b: Maushold\n|-singleturn|p1b: Maushold|move: Follow Me\n|move|p2a: Torkoal|Eruption|p1a: Gengar|[spread] p1a,p1b\n|-damage|p1a: Gengar|3/100\n|-damage|p1b: Maushold|21/100\n|move|p1a: Gengar|Shadow Ball|p2a: Torkoal\n|-damage|p2a: Torkoal|19/100\n|\n|-start|p2a: Torkoal|perish1\n|-start|p2b: Farigiraf|perish1\n|-start|p1a: Gengar|perish1\n|upkeep\n|turn|9\n|inactive|eXianOD has 30 seconds left.\n|inactive|eXianOD has 20 seconds left.\n|inactive|vurah has 30 seconds left.\n|inactive|eXianOD has 15 seconds left.\n|inactive|eXianOD has 10 seconds left.\n|\n|t:|1775892175\n|move|p1b: Maushold|Protect|p1b: Maushold\n|-singleturn|p1b: Maushold|Protect\n|move|p1a: Gengar|Protect|p1a: Gengar\n|-singleturn|p1a: Gengar|Protect\n|move|p2a: Torkoal|Earth Power|p1b: Maushold\n|-activate|p1b: Maushold|move: Protect\n|move|p2b: Farigiraf|Twin Beam|p1b: Maushold\n|-activate|p1b: Maushold|move: Protect\n|\n|-start|p2a: Torkoal|perish0\n|-start|p2b: Farigiraf|perish0\n|-start|p1a: Gengar|perish0\n|faint|p2a: Torkoal\n|faint|p2b: Farigiraf\n|faint|p1a: Gengar\n|upkeep\n|\n|t:|1775892186\n|switch|p2b: Aggron|Aggron, L50, M|100/100\n|turn|10\n|\n|t:|1775892210\n|detailschange|p2b: Aggron|Aggron-Mega, L50, M\n|-mega|p2b: Aggron|Aggron|Aggronite\n|move|p1b: Maushold|Protect||[still]\n|-fail|p1b: Maushold\n|move|p2b: Aggron|Body Press|p1b: Maushold\n|-supereffective|p1b: Maushold|1\n|-damage|p1b: Maushold|0 fnt\n|faint|p1b: Maushold\n|\n|win|vurah\n|raw|eXianOD's rating: 1051 &rarr; <strong>1031</strong><br />(-20 for losing)\n|raw|vurah's rating: 1000 &rarr; <strong>1046</strong><br />(+46 for winning)\n",
  "uploadtime": 1775892220,
  "views": 16,
  "formatid": "gen9championsvgc2026regma",
  "rating": 1031,
  "private": 0,
  "password": null
}