{
  "id": "gen9championsvgc2026regma-2580335202",
  "format": "[Gen 9 Champions] VGC 2026 Reg M-A",
  "players": [
    "leader-starmie",
    "chumba03m"
  ],
  "log": "|j|\u2606leader-starmie\n|j|\u2606chumba03m\n|t:|1775881886\n|gametype|doubles\n|player|p1|leader-starmie|lida|1000\n|player|p2|chumba03m|yellow|1009\n|gen|9\n|tier|[Gen 9 Champions] VGC 2026 Reg M-A\n|rated|\n|rule|Species Clause: Limit one of each Pok\u00e9mon\n|rule|Item Clause: Limit 1 of each item\n|clearpoke\n|poke|p1|Starmie, L50|\n|poke|p1|Incineroar, L50, M|\n|poke|p1|Sneasler, L50, F|\n|poke|p1|Sinistcha, L50|\n|poke|p1|Aerodactyl, L50, M|\n|poke|p1|Manectric, L50, M|\n|poke|p2|Aerodactyl, L50, M|\n|poke|p2|Incineroar, L50, M|\n|poke|p2|Garchomp, L50, F|\n|poke|p2|Sinistcha, L50|\n|poke|p2|Typhlosion-Hisui, L50, F|\n|poke|p2|Kingambit, L50, F|\n|teampreview|4\n|inactive|Battle timer is ON: inactive players will automatically lose when time's up. (requested by chumba03m)\n|inactive|leader-starmie has 60 seconds left.\n|\n|t:|1775881921\n|teamsize|p1|4\n|teamsize|p2|4\n|start\n|switch|p1a: Starmie|Starmie, L50|100/100\n|switch|p1b: Sneasler|Sneasler, L50, F|100/100\n|switch|p2a: Incineroar|Incineroar, L50, M|100/100\n|switch|p2b: Kingambit|Kingambit, L50, F|100/100\n|-ability|p2a: Incineroar|Intimidate|boost\n|-unboost|p1a: Starmie|atk|1\n|-unboost|p1b: Sneasler|atk|1\n|-enditem|p1b: Sneasler|White Herb\n|-clearnegativeboost|p1b: Sneasler|[silent]\n|turn|1\n|\n|t:|1775881944\n|switch|p2b: Aerodactyl|Aerodactyl, L50, M|100/100\n|move|p1b: Sneasler|Fake Out|p2b: Aerodactyl\n|-resisted|p2b: Aerodactyl|1\n|-damage|p2b: Aerodactyl|89/100\n|move|p2a: Incineroar|Fake Out|p1b: Sneasler\n|-damage|p1b: Sneasler|80/100\n|move|p1a: Starmie|Liquidation|p2a: Incineroar\n|-supereffective|p2a: Incineroar|1\n|-damage|p2a: Incineroar|63/100\n|\n|upkeep\n|turn|2\n|inactive|leader-starmie has 30 seconds left.\n|inactive|chumba03m has 30 seconds left.\n|\n|t:|1775881980\n|switch|p1b: Incineroar|Incineroar, L50, M|100/100\n|-ability|p1b: Incineroar|Intimidate|boost\n|-unboost|p2a: Incineroar|atk|1\n|-unboost|p2b: Aerodactyl|atk|1\n|detailschange|p2b: Aerodactyl|Aerodactyl-Mega, L50, M\n|-mega|p2b: Aerodactyl|Aerodactyl|Aerodactylite\n|detailschange|p1a: Starmie|Starmie-Mega, L50\n|-mega|p1a: Starmie|Starmie|Starminite\n|move|p2b: Aerodactyl|Tailwind|p2b: Aerodactyl\n|-sidestart|p2: chumba03m|move: Tailwind\n|move|p2a: Incineroar|Parting Shot|p1a: Starmie\n|-unboost|p1a: Starmie|atk|1\n|-unboost|p1a: Starmie|spa|1\n|\n|t:|1775881992\n|switch|p2a: Typhlosion|Typhlosion-Hisui, L50, F|100/100|[from] Parting Shot\n|-item|p1a: Starmie|Starminite|[from] ability: Frisk|[of] p2a: Typhlosion\n|-item|p1b: Incineroar|Chople Berry|[from] ability: Frisk|[of] p2a: Typhlosion\n|move|p1a: Starmie|Liquidation|p2a: Typhlosion\n|-supereffective|p2a: Typhlosion|1\n|-damage|p2a: Typhlosion|0 fnt\n|faint|p2a: Typhlosion\n|\n|upkeep\n|\n|t:|1775882001\n|switch|p2a: Incineroar|Incineroar, L50, M|63/100\n|-ability|p2a: Incineroar|Intimidate|boost\n|-unboost|p1a: Starmie|atk|1\n|-unboost|p1b: Incineroar|atk|1\n|turn|3\n|\n|t:|1775882025\n|switch|p1a: Aerodactyl|Aerodactyl, L50, M|100/100\n|-ability|p1a: Aerodactyl|Pressure\n|move|p2a: Incineroar|Fake Out|p1a: Aerodactyl\n|-resisted|p1a: Aerodactyl|1\n|-damage|p1a: Aerodactyl|90/100\n|move|p1b: Incineroar|Fake Out|p2b: Aerodactyl\n|-resisted|p2b: Aerodactyl|1\n|-damage|p2b: Aerodactyl|83/100\n|cant|p2b: Aerodactyl|flinch\n|\n|upkeep\n|turn|4\n|\n|t:|1775882045\n|move|p2b: Aerodactyl|Rock Slide|p1a: Aerodactyl|[spread] p1a,p1b\n|-supereffective|p1a: Aerodactyl|1\n|-supereffective|p1b: Incineroar|1\n|-damage|p1a: Aerodactyl|25/100\n|-damage|p1b: Incineroar|64/100\n|move|p1a: Aerodactyl|Tailwind|p1a: Aerodactyl\n|-sidestart|p1: leader-starmie|move: Tailwind\n|cant|p1b: Incineroar|flinch\n|move|p2a: Incineroar|Parting Shot|p1a: Aerodactyl\n|-unboost|p1a: Aerodactyl|atk|1\n|-unboost|p1a: Aerodactyl|spa|1\n|\n|t:|1775882053\n|switch|p2a: Kingambit|Kingambit, L50, F|100/100|[from] Parting Shot\n|\n|upkeep\n|turn|5\n|\n|t:|1775882066\n|move|p1a: Aerodactyl|Wide Guard|p1a: Aerodactyl\n|-singleturn|p1a: Aerodactyl|Wide Guard\n|move|p2a: Kingambit|Sucker Punch||[still]\n|-fail|p2a: Kingambit\n|move|p2b: Aerodactyl|Rock Slide|p1b: Incineroar|[spread] \n|-activate|p1a: Aerodactyl|move: Wide Guard\n|-activate|p1b: Incineroar|move: Wide Guard\n|move|p1b: Incineroar|Parting Shot|p2b: Aerodactyl\n|-unboost|p2b: Aerodactyl|atk|1\n|-unboost|p2b: Aerodactyl|spa|1\n|\n|t:|1775882078\n|switch|p1b: Sneasler|Sneasler, L50, F|80/100|[from] Parting Shot\n|\n|-sideend|p2: chumba03m|move: Tailwind\n|upkeep\n|turn|6\n|\n|t:|1775882087\n|switch|p2a: Incineroar|Incineroar, L50, M|63/100\n|-ability|p2a: Incineroar|Intimidate|boost\n|-unboost|p1a: Aerodactyl|atk|1\n|-unboost|p1b: Sneasler|atk|1\n|move|p1a: Aerodactyl|Rock Slide|p2a: Incineroar|[spread] p2a,p2b\n|-supereffective|p2a: Incineroar|1\n|-supereffective|p2b: Aerodactyl|1\n|-damage|p2a: Incineroar|39/100\n|-damage|p2b: Aerodactyl|49/100\n|-enditem|p2a: Incineroar|Sitrus Berry|[eat]\n|-heal|p2a: Incineroar|64/100|[from] item: Sitrus Berry\n|move|p1b: Sneasler|Close Combat|p2a: Incineroar\n|-supereffective|p2a: Incineroar|1\n|-damage|p2a: Incineroar|0 fnt\n|-unboost|p1b: Sneasler|def|1\n|-unboost|p1b: Sneasler|spd|1\n|faint|p2a: Incineroar\n|cant|p2b: Aerodactyl|flinch\n|\n|upkeep\n|-message|chumba03m forfeited.\n|\n|win|leader-starmie\n|raw|leader-starmie's rating: 1000 &rarr; <strong>1041</strong><br />(+41 for winning)\n|raw|chumba03m's rating: 1009 &rarr; <strong>1000</strong><br />(-9 for losing)\n|l|\u2606chumba03m\n|player|p2|\n",
  "uploadtime": 1775882106,
  "views": 24,
  "formatid": "gen9championsvgc2026regma",
  "rating": 1000,
  "private": 0,
  "password": null
}