{
  "id": "gen9championsvgc2026regma-2588468108",
  "format": "[Gen 9 Champions] VGC 2026 Reg M-A",
  "players": [
    "AeroScorch",
    "XXI6130"
  ],
  "log": "|j|\u2606AeroScorch\n|j|\u2606XXI6130\n|t:|1776636183\n|gametype|doubles\n|player|p1|AeroScorch|266|1000\n|player|p2|XXI6130|elesa|1000\n|gen|9\n|tier|[Gen 9 Champions] VGC 2026 Reg M-A\n|rated|\n|rule|Species Clause: Limit one of each Pok\u00e9mon\n|rule|Item Clause: Limit 1 of each item\n|clearpoke\n|poke|p1|Aggron, L50, M|\n|poke|p1|Incineroar, L50, F|\n|poke|p1|Sinistcha, L50|\n|poke|p1|Tyranitar, L50, F|\n|poke|p1|Sneasler, L50, F|\n|poke|p1|Farigiraf, L50, F|\n|poke|p2|Pelipper, L50, F|\n|poke|p2|Meganium, L50, F|\n|poke|p2|Basculegion, L50, M|\n|poke|p2|Archaludon, L50, F|\n|poke|p2|Blastoise, L50, M|\n|poke|p2|Dragonite, L50, F|\n|teampreview|4\n|inactive|Battle timer is ON: inactive players will automatically lose when time's up. (requested by XXI6130)\n|\n|t:|1776636208\n|teamsize|p1|4\n|teamsize|p2|4\n|start\n|switch|p1a: Farigiraf|Farigiraf, L50, F|100/100\n|switch|p1b: Aggron|Aggron, L50, M|100/100\n|switch|p2a: Paris|Pelipper, L50, F|100/100\n|switch|p2b: Aeris|Archaludon, L50, F|100/100\n|-weather|RainDance|[from] ability: Drizzle|[of] p2a: Paris\n|turn|1\n|inactive|AeroScorch has 30 seconds left.\n|inactive|AeroScorch has 20 seconds left.\n|inactive|AeroScorch has 15 seconds left.\n|\n|t:|1776636253\n|detailschange|p1b: Aggron|Aggron-Mega, L50, M\n|-mega|p1b: Aggron|Aggron|Aggronite\n|move|p1a: Farigiraf|Protect|p1a: Farigiraf\n|-singleturn|p1a: Farigiraf|Protect\n|move|p2b: Aeris|Electro Shot||[still]\n|-prepare|p2b: Aeris|Electro Shot\n|-boost|p2b: Aeris|spa|1\n|-anim|p2b: Aeris|Electro Shot|p1a: Farigiraf\n|-activate|p1a: Farigiraf|move: Protect\n|move|p2a: Paris|Tailwind|p2a: Paris\n|-sidestart|p2: XXI6130|move: Tailwind\n|move|p1b: Aggron|Body Press|p2b: Aeris\n|-supereffective|p2b: Aeris|1\n|-damage|p2b: Aeris|46/100\n|\n|-weather|RainDance|[upkeep]\n|upkeep\n|turn|2\n|inactive|AeroScorch has 30 seconds left.\n|\n|t:|1776636278\n|switch|p1a: Sinistcha|Sinistcha, L50|100/100\n|move|p2b: Aeris|Electro Shot||[still]\n|-prepare|p2b: Aeris|Electro Shot\n|-boost|p2b: Aeris|spa|1\n|-anim|p2b: Aeris|Electro Shot|p1a: Sinistcha\n|-resisted|p1a: Sinistcha|1\n|-damage|p1a: Sinistcha|42/100\n|move|p2a: Paris|Weather Ball|p1b: Aggron\n|-damage|p1b: Aggron|42/100\n|move|p1b: Aggron|Body Press|p2b: Aeris\n|-supereffective|p2b: Aeris|1\n|-damage|p2b: Aeris|0 fnt\n|faint|p2b: Aeris\n|\n|-weather|RainDance|[upkeep]\n|-heal|p1a: Sinistcha|48/100|[from] item: Leftovers\n|upkeep\n|\n|t:|1776636293\n|switch|p2b: Marie|Meganium, L50, F|100/100\n|turn|3\n|inactive|AeroScorch has 30 seconds left.\n|inactive|AeroScorch has 20 seconds left.\n|inactive|AeroScorch has 15 seconds left.\n|inactive|AeroScorch has 10 seconds left.\n|\n|t:|1776636341\n|detailschange|p2b: Marie|Meganium-Mega, L50, F\n|-mega|p2b: Marie|Meganium|Meganiumite\n|move|p2b: Marie|Weather Ball|p1a: Sinistcha\n|-supereffective|p1a: Sinistcha|1\n|-damage|p1a: Sinistcha|0 fnt\n|faint|p1a: Sinistcha\n|move|p2a: Paris|Weather Ball|p1b: Aggron\n|-damage|p1b: Aggron|0 fnt\n|faint|p1b: Aggron\n|\n|-weather|RainDance|[upkeep]\n|upkeep\n|\n|t:|1776636353\n|switch|p1a: Incineroar|Incineroar, L50, F|100/100\n|switch|p1b: Farigiraf|Farigiraf, L50, F|100/100\n|-ability|p1a: Incineroar|Intimidate|boost\n|-unboost|p2a: Paris|atk|1\n|-unboost|p2b: Marie|atk|1\n|turn|4\n|\n|t:|1776636374\n|move|p1a: Incineroar|Fake Out|p2a: Paris\n|-damage|p2a: Paris|89/100\n|move|p2b: Marie|Dazzling Gleam|p1a: Incineroar|[spread] p1a,p1b\n|-damage|p1a: Incineroar|78/100\n|-damage|p1b: Farigiraf|75/100\n|cant|p2a: Paris|flinch\n|move|p1b: Farigiraf|Hyper Voice|p2b: Marie|[spread] p2a,p2b\n|-damage|p2a: Paris|42/100\n|-damage|p2b: Marie|78/100\n|\n|-weather|RainDance|[upkeep]\n|-sideend|p2: XXI6130|move: Tailwind\n|upkeep\n|turn|5\n|\n|t:|1776636393\n|move|p2b: Marie|Solar Beam||[still]\n|-prepare|p2b: Marie|Solar Beam\n|-activate|p2b: Marie|ability: Mega Sol\n|-anim|p2b: Marie|Solar Beam|p1b: Farigiraf\n|-damage|p1b: Farigiraf|27/100\n|move|p2a: Paris|Weather Ball|p1a: Incineroar\n|-supereffective|p1a: Incineroar|1\n|-crit|p1a: Incineroar\n|-damage|p1a: Incineroar|0 fnt\n|faint|p1a: Incineroar\n|move|p1b: Farigiraf|Hyper Voice|p2b: Marie|[spread] p2a,p2b\n|-damage|p2a: Paris|0 fnt\n|-damage|p2b: Marie|55/100\n|faint|p2a: Paris\n|\n|-weather|none\n|upkeep\n|\n|t:|1776636402\n|switch|p2a: Diara|Dragonite, L50, F|100/100\n|turn|6\n|-message|AeroScorch forfeited.\n|\n|win|XXI6130\n|raw|AeroScorch's rating: 1000 &rarr; <strong>1000</strong><br />(+0 for losing)\n|raw|XXI6130's rating: 1000 &rarr; <strong>1040</strong><br />(+40 for winning)\n|l|\u2606AeroScorch\n|player|p1|\n",
  "uploadtime": 1776636412,
  "views": 18,
  "formatid": "gen9championsvgc2026regma",
  "rating": 1000,
  "private": 0,
  "password": null
}