{
  "id": "gen9championsvgc2026regma-2587532787",
  "format": "[Gen 9 Champions] VGC 2026 Reg M-A",
  "players": [
    "Azerea",
    "emu2567"
  ],
  "log": "|j|\u2606Azerea\n|j|\u2606emu2567\n|t:|1776539933\n|gametype|doubles\n|player|p1|Azerea|2|1452\n|player|p2|emu2567|swimmerf-gen4|1448\n|gen|9\n|tier|[Gen 9 Champions] VGC 2026 Reg M-A\n|rated|\n|rule|Species Clause: Limit one of each Pok\u00e9mon\n|rule|Item Clause: Limit 1 of each item\n|clearpoke\n|poke|p1|Scizor, L50, F|\n|poke|p1|Tyranitar, L50, F|\n|poke|p1|Milotic, L50, F|\n|poke|p1|Kommo-o, L50, M|\n|poke|p1|Sinistcha, L50|\n|poke|p1|Rotom-Heat, L50|\n|poke|p2|Mr. Rime, L50, M|\n|poke|p2|Basculegion, L50, M|\n|poke|p2|Cofagrigus, L50, M|\n|poke|p2|Blastoise, L50, F|\n|poke|p2|Gardevoir, L50, F|\n|poke|p2|Archaludon, L50, F|\n|teampreview|4\n|\n|t:|1776539966\n|teamsize|p1|4\n|teamsize|p2|4\n|start\n|switch|p1a: Rotom|Rotom-Heat, L50|100/100\n|switch|p1b: Sinistcha|Sinistcha, L50|100/100\n|switch|p2a: Cofagrigus|Cofagrigus, L50, M|100/100\n|switch|p2b: Mr. Rime|Mr. Rime, L50, M|100/100\n|turn|1\n|\n|t:|1776539999\n|switch|p1b: Scizor|Scizor, L50, F|100/100\n|move|p2b: Mr. Rime|Fake Out|p1a: Rotom\n|-damage|p1a: Rotom|90/100\n|cant|p1a: Rotom|flinch\n|move|p2a: Cofagrigus|Trick Room|p2a: Cofagrigus\n|-fieldstart|move: Trick Room|[of] p2a: Cofagrigus\n|\n|upkeep\n|turn|2\n|\n|t:|1776540049\n|move|p2a: Cofagrigus|Fake Tears|p1b: Scizor\n|-unboost|p1b: Scizor|spd|2\n|move|p2b: Mr. Rime|Psychic|p1a: Rotom\n|-damage|p1a: Rotom|14/100\n|move|p1b: Scizor|Swords Dance|p1b: Scizor\n|-boost|p1b: Scizor|atk|2\n|move|p1a: Rotom|Trick|p2a: Cofagrigus\n|-activate|p1a: Rotom|move: Trick|[of] p2a: Cofagrigus\n|-item|p2a: Cofagrigus|Choice Scarf|[from] move: Trick\n|-item|p1a: Rotom|Sitrus Berry|[from] move: Trick\n|-enditem|p1a: Rotom|Sitrus Berry|[eat]\n|-heal|p1a: Rotom|38/100|[from] item: Sitrus Berry\n|\n|upkeep\n|turn|3\n|\n|t:|1776540067\n|switch|p2b: Archaludon|Archaludon, L50, F|100/100\n|switch|p1a: Sinistcha|Sinistcha, L50|100/100\n|move|p1b: Scizor|Bullet Punch|p2b: Archaludon\n|-resisted|p2b: Archaludon|1\n|-damage|p2b: Archaludon|78/100\n|move|p2a: Cofagrigus|Rain Dance|p2a: Cofagrigus\n|-weather|RainDance\n|\n|-weather|RainDance|[upkeep]\n|upkeep\n|turn|4\n|j| GentleH\n|\n|t:|1776540114\n|switch|p2a: Mr. Rime|Mr. Rime, L50, M|100/100\n|move|p1b: Scizor|Bullet Punch|p2a: Mr. Rime\n|-supereffective|p2a: Mr. Rime|1\n|-damage|p2a: Mr. Rime|0 fnt\n|faint|p2a: Mr. Rime\n|move|p1a: Sinistcha|Matcha Gotcha|p2b: Archaludon\n|-resisted|p2b: Archaludon|2\n|-damage|p2b: Archaludon|68/100\n|move|p2b: Archaludon|Electro Shot||[still]\n|-prepare|p2b: Archaludon|Electro Shot\n|-boost|p2b: Archaludon|spa|1\n|-anim|p2b: Archaludon|Electro Shot|p1b: Scizor\n|-crit|p1b: Scizor\n|-damage|p1b: Scizor|0 fnt\n|faint|p1b: Scizor\n|\n|-weather|RainDance|[upkeep]\n|upkeep\n|\n|t:|1776540132\n|switch|p2a: Blastoise|Blastoise, L50, F|100/100\n|switch|p1b: Kommo-o|Kommo-o, L50, M|100/100\n|turn|5\n|\n|t:|1776540148\n|detailschange|p2a: Blastoise|Blastoise-Mega, L50, F\n|-mega|p2a: Blastoise|Blastoise|Blastoisinite\n|move|p1b: Kommo-o|Protect|p1b: Kommo-o\n|-singleturn|p1b: Kommo-o|Protect\n|move|p2a: Blastoise|Dark Pulse|p1a: Sinistcha\n|-supereffective|p1a: Sinistcha|1\n|-damage|p1a: Sinistcha|12/100\n|-enditem|p1a: Sinistcha|Sitrus Berry|[eat]\n|-heal|p1a: Sinistcha|36/100|[from] item: Sitrus Berry\n|move|p1a: Sinistcha|Matcha Gotcha|p2a: Blastoise|[spread] p2a,p2b\n|-supereffective|p2a: Blastoise|1\n|-resisted|p2b: Archaludon|2\n|-damage|p2a: Blastoise|57/100\n|-heal|p1a: Sinistcha|59/100|[from] drain|[of] p2a: Blastoise\n|-damage|p2b: Archaludon|61/100\n|-heal|p1a: Sinistcha|63/100|[from] drain|[of] p2b: Archaludon\n|-status|p2a: Blastoise|brn\n|move|p2b: Archaludon|Substitute|p2b: Archaludon\n|-start|p2b: Archaludon|Substitute\n|-damage|p2b: Archaludon|37/100\n|\n|-weather|RainDance|[upkeep]\n|-damage|p2a: Blastoise|52/100 brn|[from] brn\n|-fieldend|move: Trick Room\n|upkeep\n|turn|6\n|\n|t:|1776540178\n|switch|p2a: Cofagrigus|Cofagrigus, L50, M|100/100\n|move|p1b: Kommo-o|Aura Sphere|p2b: Archaludon\n|-supereffective|p2b: Archaludon|1\n|-end|p2b: Archaludon|Substitute\n|move|p2b: Archaludon|Flash Cannon|p1b: Kommo-o\n|-damage|p1b: Kommo-o|29/100\n|move|p1a: Sinistcha|Matcha Gotcha|p2a: Cofagrigus|[spread] p2a,p2b\n|-resisted|p2b: Archaludon|2\n|-damage|p2a: Cofagrigus|77/100\n|-heal|p1a: Sinistcha|74/100|[from] drain|[of] p2a: Cofagrigus\n|-damage|p2b: Archaludon|30/100\n|-heal|p1a: Sinistcha|78/100|[from] drain|[of] p2b: Archaludon\n|\n|-weather|RainDance|[upkeep]\n|upkeep\n|turn|7\n|-message|emu2567 forfeited.\n|\n|win|Azerea\n|raw|Azerea's rating: 1452 &rarr; <strong>1472</strong><br />(+20 for winning)\n|raw|emu2567's rating: 1448 &rarr; <strong>1428</strong><br />(-20 for losing)\n|l|\u2606emu2567\n|player|p2|\n",
  "uploadtime": 1776540211,
  "views": 24,
  "formatid": "gen9championsvgc2026regma",
  "rating": 1428,
  "private": 0,
  "password": null
}