{
  "id": "gen9championsvgc2026regma-2585644187",
  "format": "[Gen 9 Champions] VGC 2026 Reg M-A",
  "players": [
    "slightlyseenfist",
    "takethephilpill"
  ],
  "log": "|j|\u2606slightlyseenfist\n|j|\u2606takethephilpill\n|t:|1776360879\n|gametype|doubles\n|player|p1|slightlyseenfist|crasherwake|1094\n|player|p2|takethephilpill|#ptplviistarmies|1084\n|gen|9\n|tier|[Gen 9 Champions] VGC 2026 Reg M-A\n|rated|\n|rule|Species Clause: Limit one of each Pok\u00e9mon\n|rule|Item Clause: Limit 1 of each item\n|clearpoke\n|poke|p1|Meganium, L50, M|\n|poke|p1|Pelipper, L50, M|\n|poke|p1|Archaludon, L50, M|\n|poke|p1|Sneasler, L50, M|\n|poke|p1|Incineroar, L50, M|\n|poke|p1|Whimsicott, L50, M|\n|poke|p2|Meganium, L50, F|\n|poke|p2|Archaludon, L50, M|\n|poke|p2|Aerodactyl, L50, M|\n|poke|p2|Typhlosion-Hisui, L50, F|\n|poke|p2|Tauros-Paldea-Aqua, L50, M|\n|poke|p2|Kangaskhan, L50, F|\n|teampreview|4\n|inactive|Battle timer is ON: inactive players will automatically lose when time's up. (requested by takethephilpill)\n|j| Legend3793\ntakethephilpill rejected open team sheets.\n|inactive|slightlyseenfist has 60 seconds left.\n|l| Legend3793\n|\n|t:|1776360914\n|teamsize|p1|4\n|teamsize|p2|4\n|start\n|switch|p1a: Gambit|Sneasler, L50, M, shiny|100/100\n|switch|p1b: Simba|Incineroar, L50, M, shiny|100/100\n|switch|p2a: Aerodactyl|Aerodactyl, L50, M|100/100\n|switch|p2b: Kangaskhan|Kangaskhan, L50, F|100/100\n|-ability|p2a: Aerodactyl|Unnerve\n|-ability|p1b: Simba|Intimidate|boost\n|-unboost|p2a: Aerodactyl|atk|1\n|-fail|p2b: Kangaskhan|unboost|Attack|[from] ability: Inner Focus|[of] p2b: Kangaskhan\n|turn|1\n|\n|t:|1776360938\n|detailschange|p2b: Kangaskhan|Kangaskhan-Mega, L50, F\n|-mega|p2b: Kangaskhan|Kangaskhan|Kangaskhanite\n|move|p2a: Aerodactyl|Protect|p2a: Aerodactyl\n|-singleturn|p2a: Aerodactyl|Protect\n|move|p2b: Kangaskhan|Fake Out|p1a: Gambit\n|-damage|p1a: Gambit|72/100\n|-damage|p1a: Gambit|65/100\n|-hitcount|p1a: Gambit|2\n|move|p1b: Simba|Fake Out|p2a: Aerodactyl\n|-activate|p2a: Aerodactyl|move: Protect\n|cant|p1a: Gambit|flinch\n|\n|upkeep\n|turn|2\n|inactive|slightlyseenfist has 30 seconds left.\n|\n|t:|1776360965\n|move|p1a: Gambit|Protect|p1a: Gambit\n|-singleturn|p1a: Gambit|Protect\n|move|p2a: Aerodactyl|Dual Wingbeat|p1a: Gambit\n|-activate|p1a: Gambit|move: Protect\n|move|p2b: Kangaskhan|Double-Edge|p1b: Simba\n|-damage|p1b: Simba|42/100\n|-damage|p1b: Simba|28/100\n|-hitcount|p1b: Simba|2\n|-damage|p2b: Kangaskhan|74/100|[from] Recoil\n|move|p1b: Simba|Parting Shot|p2b: Kangaskhan\n|-unboost|p2b: Kangaskhan|atk|1\n|-unboost|p2b: Kangaskhan|spa|1\n|\n|t:|1776360986\n|switch|p1b: Kush|Meganium, L50, M, shiny|100/100|[from] Parting Shot\n|\n|upkeep\n|turn|3\n|\n|t:|1776360998\n|switch|p2a: Archaludon|Archaludon, L50, M|100/100\n|detailschange|p1b: Kush|Meganium-Mega, L50, M, shiny\n|-mega|p1b: Kush|Meganium|Meganiumite\n|move|p1b: Kush|Protect|p1b: Kush\n|-singleturn|p1b: Kush|Protect\n|move|p2b: Kangaskhan|Double-Edge|p1a: Gambit\n|-damage|p1a: Gambit|10/100\n|-crit|p1a: Gambit\n|-damage|p1a: Gambit|0 fnt\n|faint|p1a: Gambit\n|-hitcount|p1: Gambit|2\n|-damage|p2b: Kangaskhan|52/100|[from] Recoil\n|\n|upkeep\n|\n|t:|1776361015\n|switch|p1a: DaBiggeatBird|Pelipper, L50, M, shiny|100/100\n|-weather|RainDance|[from] ability: Drizzle|[of] p1a: DaBiggeatBird\n|turn|4\n|\n|t:|1776361034\n|switch|p2b: Aerodactyl|Aerodactyl, L50, M|100/100\n|-ability|p2b: Aerodactyl|Unnerve\n|move|p1a: DaBiggeatBird|Protect|p1a: DaBiggeatBird\n|-singleturn|p1a: DaBiggeatBird|Protect\n|move|p2a: Archaludon|Thunderbolt|p1a: DaBiggeatBird\n|-activate|p1a: DaBiggeatBird|move: Protect\n|move|p1b: Kush|Solar Beam||[still]\n|-prepare|p1b: Kush|Solar Beam\n|-activate|p1b: Kush|ability: Mega Sol\n|-anim|p1b: Kush|Solar Beam|p2b: Aerodactyl\n|-damage|p2b: Aerodactyl|1/100\n|\n|-weather|RainDance|[upkeep]\n|upkeep\n|turn|5\n|inactive|slightlyseenfist has 30 seconds left.\n|\n|t:|1776361065\n|switch|p1a: Simba|Incineroar, L50, M, shiny|28/100\n|-ability|p1a: Simba|Intimidate|boost\n|-unboost|p2a: Archaludon|atk|1\n|-unboost|p2b: Aerodactyl|atk|1\n|move|p2b: Aerodactyl|Protect|p2b: Aerodactyl\n|-singleturn|p2b: Aerodactyl|Protect\n|move|p1b: Kush|Protect|p1b: Kush\n|-singleturn|p1b: Kush|Protect\n|move|p2a: Archaludon|Thunderbolt|p1a: Simba\n|-damage|p1a: Simba|0 fnt\n|faint|p1a: Simba\n|\n|-weather|RainDance|[upkeep]\n|upkeep\n|\n|t:|1776361080\n|switch|p1a: DaBiggeatBird|Pelipper, L50, M, shiny|100/100\n|turn|6\n|\n|t:|1776361089\n|move|p1a: DaBiggeatBird|Protect|p1a: DaBiggeatBird\n|-singleturn|p1a: DaBiggeatBird|Protect\n|move|p2b: Aerodactyl|Dual Wingbeat|p1b: Kush|[miss]\n|-miss|p2b: Aerodactyl|p1b: Kush\n|move|p2a: Archaludon|Flash Cannon|p1b: Kush\n|-supereffective|p1b: Kush|1\n|-damage|p1b: Kush|27/100\n|-unboost|p1b: Kush|spd|1\n|move|p1b: Kush|Earth Power|p2a: Archaludon\n|-supereffective|p2a: Archaludon|1\n|-damage|p2a: Archaludon|6/100\n|\n|-weather|RainDance|[upkeep]\n|upkeep\n|turn|7\n|inactive|slightlyseenfist has 30 seconds left.\n|\n|t:|1776361115\n|move|p2b: Aerodactyl|Protect|p2b: Aerodactyl\n|-singleturn|p2b: Aerodactyl|Protect\n|move|p1a: DaBiggeatBird|Hurricane|p2a: Archaludon\n|-resisted|p2a: Archaludon|1\n|-damage|p2a: Archaludon|0 fnt\n|faint|p2a: Archaludon\n|move|p1b: Kush|Solar Beam||[still]\n|-prepare|p1b: Kush|Solar Beam\n|-activate|p1b: Kush|ability: Mega Sol\n|-anim|p1b: Kush|Solar Beam|p2b: Aerodactyl\n|-activate|p2b: Aerodactyl|move: Protect\n|\n|-weather|RainDance|[upkeep]\n|upkeep\n|\n|t:|1776361123\n|switch|p2a: Kangaskhan|Kangaskhan-Mega, L50, F|52/100\n|turn|8\n|\n|t:|1776361139\n|move|p1b: Kush|Protect|p1b: Kush\n|-singleturn|p1b: Kush|Protect\n|move|p2a: Kangaskhan|Fake Out|p1a: DaBiggeatBird\n|-damage|p1a: DaBiggeatBird|73/100\n|-crit|p1a: DaBiggeatBird\n|-damage|p1a: DaBiggeatBird|64/100\n|-hitcount|p1a: DaBiggeatBird|2\n|move|p2b: Aerodactyl|Dual Wingbeat|p1b: Kush\n|-activate|p1b: Kush|move: Protect\n|cant|p1a: DaBiggeatBird|flinch\n|\n|-weather|none\n|upkeep\n|turn|9\n|\n|t:|1776361161\n|move|p2b: Aerodactyl|Dual Wingbeat|p1b: Kush\n|-supereffective|p1b: Kush|1\n|-damage|p1b: Kush|4/100\n|-supereffective|p1b: Kush|1\n|-damage|p1b: Kush|0 fnt\n|faint|p1b: Kush\n|-hitcount|p1: Kush|2\n|move|p2a: Kangaskhan|Double-Edge|p1a: DaBiggeatBird\n|-damage|p1a: DaBiggeatBird|0 fnt\n|faint|p1a: DaBiggeatBird\n|-hitcount|p1: DaBiggeatBird|1\n|-damage|p2a: Kangaskhan|36/100|[from] Recoil\n|\n|win|takethephilpill\n|raw|slightlyseenfist's rating: 1094 &rarr; <strong>1069</strong><br />(-25 for losing)\n|raw|takethephilpill's rating: 1084 &rarr; <strong>1112</strong><br />(+28 for winning)\n",
  "uploadtime": 1776361170,
  "views": 26,
  "formatid": "gen9championsvgc2026regma",
  "rating": 1069,
  "private": 0,
  "password": null
}