{
  "id": "gen9championsvgc2026regma-2581268660",
  "format": "[Gen 9 Champions] VGC 2026 Reg M-A",
  "players": [
    "arcFox",
    "yanxi0312"
  ],
  "log": "|j|\u2606arcFox\n|j|\u2606yanxi0312\n|t:|1775978937\n|gametype|doubles\n|player|p1|arcFox|266|1183\n|player|p2|yanxi0312|hilbert-wonderlauncher|1217\n|gen|9\n|tier|[Gen 9 Champions] VGC 2026 Reg M-A\n|rated|\n|rule|Species Clause: Limit one of each Pok\u00e9mon\n|rule|Item Clause: Limit 1 of each item\n|clearpoke\n|poke|p1|Tyranitar, L50, F|\n|poke|p1|Excadrill, L50, F|\n|poke|p1|Sinistcha-Masterpiece, L50|\n|poke|p1|Meganium, L50, M|\n|poke|p1|Garchomp, L50, F|\n|poke|p1|Talonflame, L50, F|\n|poke|p2|Blastoise, L50, M|\n|poke|p2|Torkoal, L50, M|\n|poke|p2|Farigiraf, L50, M|\n|poke|p2|Kingambit, L50, M|\n|poke|p2|Talonflame, L50, M|\n|poke|p2|Gengar, L50, F|\n|teampreview|4\n|\n|t:|1775978969\n|teamsize|p1|4\n|teamsize|p2|4\n|start\n|switch|p1a: Garchomp|Garchomp, L50, F|100/100\n|switch|p1b: Tyranitar|Tyranitar, L50, F|100/100\n|switch|p2a: Blastoise|Blastoise, L50, M|100/100\n|switch|p2b: Farigiraf|Farigiraf, L50, M|100/100\n|-weather|Sandstorm|[from] ability: Sand Stream|[of] p1b: Tyranitar\n|turn|1\n|inactive|Battle timer is ON: inactive players will automatically lose when time's up. (requested by yanxi0312)\n|\n|t:|1775978989\n|detailschange|p2a: Blastoise|Blastoise-Mega, L50, M\n|-mega|p2a: Blastoise|Blastoise|Blastoisinite\n|move|p1b: Tyranitar|Protect|p1b: Tyranitar\n|-singleturn|p1b: Tyranitar|Protect\n|move|p2a: Blastoise|Fake Out|p1b: Tyranitar\n|-activate|p1b: Tyranitar|move: Protect\n|move|p1a: Garchomp|Earthquake|p2a: Blastoise|[spread] p2a,p2b\n|-activate|p1b: Tyranitar|move: Protect\n|-damage|p2a: Blastoise|68/100\n|-damage|p2b: Farigiraf|69/100\n|move|p2b: Farigiraf|Trick Room|p2b: Farigiraf\n|-fieldstart|move: Trick Room|[of] p2b: Farigiraf\n|\n|-weather|Sandstorm|[upkeep]\n|-damage|p2b: Farigiraf|63/100|[from] Sandstorm\n|-damage|p2a: Blastoise|62/100|[from] Sandstorm\n|upkeep\n|turn|2\n|\n|t:|1775979011\n|switch|p1b: Meganium|Meganium, L50, M|100/100\n|move|p2b: Farigiraf|Dazzling Gleam|p1b: Meganium|[spread] p1b\n|-miss|p2b: Farigiraf|p1a: Garchomp\n|-damage|p1b: Meganium|80/100\n|move|p2a: Blastoise|Aura Sphere|p1b: Meganium\n|-damage|p1b: Meganium|31/100\n|move|p1a: Garchomp|Earthquake|p2b: Farigiraf|[spread] p1b,p2a,p2b\n|-resisted|p1b: Meganium|1\n|-damage|p1b: Meganium|10/100\n|-damage|p2a: Blastoise|30/100\n|-damage|p2b: Farigiraf|30/100\n|\n|-weather|Sandstorm|[upkeep]\n|-damage|p2b: Farigiraf|24/100|[from] Sandstorm\n|-damage|p2a: Blastoise|24/100|[from] Sandstorm\n|-damage|p1b: Meganium|4/100|[from] Sandstorm\n|upkeep\n|turn|3\n|inactive|arcFox has 30 seconds left.\n|\n|t:|1775979039\n|move|p2b: Farigiraf|Dazzling Gleam|p1b: Meganium|[spread] p1a,p1b\n|-supereffective|p1a: Garchomp|1\n|-crit|p1b: Meganium\n|-damage|p1a: Garchomp|63/100\n|-damage|p1b: Meganium|0 fnt\n|faint|p1b: Meganium\n|move|p2a: Blastoise|Dark Pulse|p1a: Garchomp\n|-damage|p1a: Garchomp|11/100\n|move|p1a: Garchomp|Earthquake|p2a: Blastoise|[spread] p2a,p2b\n|-damage|p2a: Blastoise|0 fnt\n|-damage|p2b: Farigiraf|0 fnt\n|faint|p2a: Blastoise\n|faint|p2b: Farigiraf\n|\n|-weather|Sandstorm|[upkeep]\n|upkeep\n|\n|t:|1775979051\n|switch|p2b: Kingambit|Kingambit, L50, M|100/100\n|switch|p2a: Torkoal|Torkoal, L50, M|100/100\n|switch|p1b: Excadrill|Excadrill, L50, F|100/100\n|-weather|SunnyDay|[from] ability: Drought|[of] p2a: Torkoal\n|turn|4\n|inactive|arcFox has 30 seconds left.\n|\n|t:|1775979081\n|switch|p1a: Tyranitar|Tyranitar, L50, F|100/100\n|-weather|Sandstorm|[from] ability: Sand Stream|[of] p1a: Tyranitar\n|move|p2a: Torkoal|Eruption|p1a: Tyranitar|[spread] p1a,p1b\n|-resisted|p1a: Tyranitar|1\n|-supereffective|p1b: Excadrill|1\n|-damage|p1a: Tyranitar|82/100\n|-damage|p1b: Excadrill|0 fnt\n|faint|p1b: Excadrill\n|move|p2b: Kingambit|Iron Head|p1a: Tyranitar\n|-supereffective|p1a: Tyranitar|1\n|-damage|p1a: Tyranitar|0 fnt\n|faint|p1a: Tyranitar\n|\n|-weather|Sandstorm|[upkeep]\n|-damage|p2a: Torkoal|94/100|[from] Sandstorm\n|upkeep\n|\n|t:|1775979104\n|switch|p1a: Garchomp|Garchomp, L50, F|11/100\n|turn|5\n|\n|t:|1775979115\n|move|p1a: Garchomp|Protect|p1a: Garchomp\n|-singleturn|p1a: Garchomp|Protect\n|move|p2b: Kingambit|Sucker Punch||[still]\n|-fail|p2b: Kingambit\n|move|p2a: Torkoal|Weather Ball|p1a: Garchomp\n|-activate|p1a: Garchomp|move: Protect\n|\n|-weather|Sandstorm|[upkeep]\n|-damage|p2a: Torkoal|88/100|[from] Sandstorm\n|-fieldend|move: Trick Room\n|upkeep\n|turn|6\n|\n|t:|1775979125\n|move|p2b: Kingambit|Sucker Punch|p1a: Garchomp|[miss]\n|-miss|p2b: Kingambit|p1a: Garchomp\n|move|p1a: Garchomp|Earthquake|p2a: Torkoal|[spread] p2a,p2b\n|-supereffective|p2a: Torkoal|1\n|-supereffective|p2b: Kingambit|1\n|-damage|p2a: Torkoal|27/100\n|-damage|p2b: Kingambit|42/100\n|move|p2a: Torkoal|Weather Ball|p1a: Garchomp|[miss]\n|-miss|p2a: Torkoal|p1a: Garchomp\n|\n|-weather|Sandstorm|[upkeep]\n|-damage|p2a: Torkoal|21/100|[from] Sandstorm\n|upkeep\n|turn|7\n|\n|t:|1775979137\n|move|p2b: Kingambit|Sucker Punch|p1a: Garchomp|[miss]\n|-miss|p2b: Kingambit|p1a: Garchomp\n|move|p1a: Garchomp|Earthquake|p2a: Torkoal|[spread] p2a,p2b\n|-supereffective|p2a: Torkoal|1\n|-supereffective|p2b: Kingambit|1\n|-damage|p2a: Torkoal|0 fnt\n|-damage|p2b: Kingambit|0 fnt\n|faint|p2a: Torkoal\n|faint|p2b: Kingambit\n|\n|win|arcFox\n|raw|arcFox's rating: 1183 &rarr; <strong>1210</strong><br />(+27 for winning)\n|raw|yanxi0312's rating: 1217 &rarr; <strong>1190</strong><br />(-27 for losing)\n|l|\u2606yanxi0312\n|player|p2|\n",
  "uploadtime": 1775979222,
  "views": 19,
  "formatid": "gen9championsvgc2026regma",
  "rating": 1190,
  "private": 0,
  "password": null
}