{
  "id": "gen9championsvgc2026regma-2582678602",
  "format": "[Gen 9 Champions] VGC 2026 Reg M-A",
  "players": [
    "lockjaw00",
    "nandosgude"
  ],
  "log": "|j|\u2606lockjaw00\n|j|\u2606nandosgude\n|t:|1776106745\n|gametype|doubles\n|player|p1|lockjaw00|266|1000\n|player|p2|nandosgude|169|1078\n|gen|9\n|tier|[Gen 9 Champions] VGC 2026 Reg M-A\n|rated|\n|rule|Species Clause: Limit one of each Pok\u00e9mon\n|rule|Item Clause: Limit 1 of each item\n|clearpoke\n|poke|p1|Aerodactyl, L50, F|\n|poke|p1|Scovillain, L50, F|\n|poke|p1|Kommo-o, L50, M|\n|poke|p1|Primarina, L50, M|\n|poke|p1|Oranguru, L50, F|\n|poke|p1|Rampardos, L50, F|\n|poke|p2|Incineroar, L50, F|\n|poke|p2|Kommo-o, L50, M|\n|poke|p2|Rotom-Wash, L50|\n|poke|p2|Floette-Eternal, L50, F|\n|poke|p2|Aegislash, L50, M|\n|poke|p2|Tyranitar, L50, M|\n|teampreview|4\n|\n|t:|1776106792\n|teamsize|p1|4\n|teamsize|p2|4\n|start\n|switch|p1a: Scovillain|Scovillain, L50, F|100/100\n|switch|p1b: Aerodactyl|Aerodactyl, L50, F|100/100\n|switch|p2a: Floette|Floette-Eternal, L50, F|100/100\n|switch|p2b: Incineroar|Incineroar, L50, F, shiny|100/100\n|-ability|p1b: Aerodactyl|Unnerve\n|-ability|p2b: Incineroar|Intimidate|boost\n|-unboost|p1a: Scovillain|atk|1\n|-unboost|p1b: Aerodactyl|atk|1\n|turn|1\n|\n|t:|1776106822\n|detailschange|p2a: Floette|Floette-Mega, L50, F\n|-mega|p2a: Floette|Floette|Floettite\n|-ability|p2a: Floette|Fairy Aura\n|move|p1b: Aerodactyl|Protect|p1b: Aerodactyl\n|-singleturn|p1b: Aerodactyl|Protect\n|move|p1a: Scovillain|Protect|p1a: Scovillain\n|-singleturn|p1a: Scovillain|Protect\n|move|p2b: Incineroar|Fake Out|p1b: Aerodactyl\n|-activate|p1b: Aerodactyl|move: Protect\n|move|p2a: Floette|Calm Mind|p2a: Floette\n|-boost|p2a: Floette|spa|1\n|-boost|p2a: Floette|spd|1\n|\n|-ability|p1a: Scovillain|Moody|boost\n|-boost|p1a: Scovillain|atk|2\n|-unboost|p1a: Scovillain|spa|1\n|upkeep\n|turn|2\n|\n|t:|1776106845\n|detailschange|p1a: Scovillain|Scovillain-Mega, L50, F\n|-mega|p1a: Scovillain|Scovillain|Scovillainite\n|move|p2b: Incineroar|Helping Hand|p2a: Floette\n|-singleturn|p2a: Floette|Helping Hand|[of] p2b: Incineroar\n|move|p1b: Aerodactyl|Rock Slide|p2a: Floette|[spread] p2a,p2b\n|-supereffective|p2b: Incineroar|1\n|-damage|p2a: Floette|83/100\n|-damage|p2b: Incineroar|74/100\n|move|p2a: Floette|Dazzling Gleam|p1b: Aerodactyl|[spread] p1a,p1b\n|-resisted|p1a: Scovillain|1\n|-damage|p1a: Scovillain|52/100\n|-enditem|p1b: Aerodactyl|Focus Sash\n|-damage|p1b: Aerodactyl|1/100\n|-status|p2a: Floette|brn|[from] ability: Spicy Spray|[of] p1a: Scovillain\n|move|p1a: Scovillain|Leech Seed|p2a: Floette\n|-start|p2a: Floette|move: Leech Seed\n|\n|-damage|p2a: Floette|71/100 brn|[from] Leech Seed|[of] p1a: Scovillain\n|-heal|p1a: Scovillain|65/100|[silent]\n|-damage|p2a: Floette|65/100 brn|[from] brn\n|upkeep\n|turn|3\n|\n|t:|1776106880\n|move|p1b: Aerodactyl|Rock Slide|p2b: Incineroar|[spread] p2a\n|-miss|p1b: Aerodactyl|p2b: Incineroar\n|-damage|p2a: Floette|49/100 brn\n|move|p2a: Floette|Dazzling Gleam|p1b: Aerodactyl|[spread] p1a,p1b\n|-resisted|p1a: Scovillain|1\n|-damage|p1a: Scovillain|34/100\n|-damage|p1b: Aerodactyl|0 fnt\n|faint|p1b: Aerodactyl\n|move|p1a: Scovillain|Leech Seed|p2b: Incineroar\n|-start|p2b: Incineroar|move: Leech Seed\n|move|p2b: Incineroar|Parting Shot|p1a: Scovillain\n|-unboost|p1a: Scovillain|atk|1\n|-unboost|p1a: Scovillain|spa|1\n|\n|t:|1776106895\n|switch|p2b: Tyranitar|Tyranitar, L50, M, shiny|100/100|[from] Parting Shot\n|-weather|Sandstorm|[from] ability: Sand Stream|[of] p2b: Tyranitar\n|\n|-weather|Sandstorm|[upkeep]\n|-damage|p2a: Floette|42/100 brn|[from] Sandstorm\n|-damage|p1a: Scovillain|28/100|[from] Sandstorm\n|-damage|p2a: Floette|30/100 brn|[from] Leech Seed|[of] p1a: Scovillain\n|-heal|p1a: Scovillain|41/100|[silent]\n|-damage|p2a: Floette|24/100 brn|[from] brn\n|upkeep\n|\n|t:|1776106907\n|switch|p1b: Oranguru|Oranguru, L50, F|100/100\n|turn|4\n|\n|t:|1776106918\n|switch|p2a: Incineroar|Incineroar, L50, F, shiny|74/100\n|-ability|p2a: Incineroar|Intimidate|boost\n|-unboost|p1a: Scovillain|atk|1\n|-fail|p1b: Oranguru|unboost|Attack|[from] ability: Inner Focus|[of] p1b: Oranguru\n|move|p1a: Scovillain|Rage Powder|p1a: Scovillain\n|-singleturn|p1a: Scovillain|move: Rage Powder\n|move|p2b: Tyranitar|Rock Slide|p1a: Scovillain|[spread] p1a\n|-miss|p2b: Tyranitar|p1b: Oranguru\n|-supereffective|p1a: Scovillain|1\n|-damage|p1a: Scovillain|0 fnt\n|-status|p2b: Tyranitar|brn|[from] ability: Spicy Spray|[of] p1a: Scovillain\n|faint|p1a: Scovillain\n|move|p1b: Oranguru|Trick Room|p1b: Oranguru\n|-fieldstart|move: Trick Room|[of] p1b: Oranguru\n|\n|-weather|Sandstorm|[upkeep]\n|-damage|p1b: Oranguru|94/100|[from] Sandstorm\n|-damage|p2a: Incineroar|68/100|[from] Sandstorm\n|-damage|p2b: Tyranitar|95/100 brn|[from] brn\n|upkeep\n|\n|t:|1776106935\n|switch|p1a: Rampardos|Rampardos, L50, F|100/100\n|-ability|p1a: Rampardos|Mold Breaker\n|turn|5\n|\n|t:|1776106962\n|move|p1a: Rampardos|Protect|p1a: Rampardos\n|-singleturn|p1a: Rampardos|Protect\n|move|p2a: Incineroar|Fake Out|p1a: Rampardos\n|-activate|p1a: Rampardos|move: Protect\n|move|p1b: Oranguru|Light Screen|p1b: Oranguru\n|-sidestart|p1: lockjaw00|move: Light Screen\n|move|p2b: Tyranitar|Knock Off|p1b: Oranguru\n|-supereffective|p1b: Oranguru|1\n|-damage|p1b: Oranguru|53/100\n|-enditem|p1b: Oranguru|Mental Herb|[from] move: Knock Off|[of] p2b: Tyranitar\n|\n|-weather|Sandstorm|[upkeep]\n|-damage|p1b: Oranguru|47/100|[from] Sandstorm\n|-damage|p2a: Incineroar|62/100|[from] Sandstorm\n|-damage|p2b: Tyranitar|89/100 brn|[from] brn\n|upkeep\n|turn|6\n|\n|t:|1776106981\n|move|p1a: Rampardos|Rock Slide|p2b: Tyranitar|[spread] p2a,p2b\n|-supereffective|p2a: Incineroar|1\n|-damage|p2a: Incineroar|2/100\n|-damage|p2b: Tyranitar|63/100 brn\n|-enditem|p2a: Incineroar|Sitrus Berry|[eat]\n|-heal|p2a: Incineroar|27/100|[from] item: Sitrus Berry\n|move|p1b: Oranguru|Instruct|p1a: Rampardos\n|-singleturn|p1a: Rampardos|move: Instruct|[of] p1b: Oranguru\n|move|p1a: Rampardos|Rock Slide|p2b: Tyranitar|[spread] p2a,p2b\n|-supereffective|p2a: Incineroar|1\n|-damage|p2a: Incineroar|0 fnt\n|-damage|p2b: Tyranitar|36/100 brn\n|faint|p2a: Incineroar\n|move|p2b: Tyranitar|Low Kick|p1a: Rampardos\n|-supereffective|p1a: Rampardos|1\n|-damage|p1a: Rampardos|57/100\n|\n|-weather|Sandstorm|[upkeep]\n|-damage|p1b: Oranguru|41/100|[from] Sandstorm\n|-damage|p2b: Tyranitar|30/100 brn|[from] brn\n|upkeep\n|\n|t:|1776107000\n|switch|p2a: Rotom|Rotom-Wash, L50|100/100\n|turn|7\n|\n|t:|1776107047\n|move|p2b: Tyranitar|Protect|p2b: Tyranitar\n|-singleturn|p2b: Tyranitar|Protect\n|move|p1a: Rampardos|Earthquake|p2a: Rotom|[spread] p1b,p2a\n|-activate|p2b: Tyranitar|move: Protect\n|-supereffective|p2a: Rotom|1\n|-damage|p1b: Oranguru|15/100\n|-damage|p2a: Rotom|13/100\n|move|p1b: Oranguru|Taunt|p2a: Rotom\n|-start|p2a: Rotom|move: Taunt\n|move|p2a: Rotom|Hydro Pump|p1a: Rampardos\n|-supereffective|p1a: Rampardos|1\n|-damage|p1a: Rampardos|0 fnt\n|faint|p1a: Rampardos\n|\n|-weather|none\n|-damage|p2b: Tyranitar|24/100 brn|[from] brn\n|upkeep\n|turn|8\n|-message|lockjaw00 forfeited.\n|\n|win|nandosgude\n|raw|lockjaw00's rating: 1000 &rarr; <strong>1000</strong><br />(+0 for losing)\n|raw|nandosgude's rating: 1078 &rarr; <strong>1100</strong><br />(+22 for winning)\n|l|\u2606lockjaw00\n|player|p1|\n",
  "uploadtime": 1776107105,
  "views": 13,
  "formatid": "gen9championsvgc2026regma",
  "rating": 1000,
  "private": 0,
  "password": null
}