{
  "id": "gen9championsvgc2026regma-2582081218",
  "format": "[Gen 9 Champions] VGC 2026 Reg M-A",
  "players": [
    "dkapflzksh",
    "WindWeavile"
  ],
  "log": "|j|\u2606dkapflzksh\n|j|\u2606WindWeavile\n|t:|1776055495\n|gametype|doubles\n|player|p1|dkapflzksh|thorton|1211\n|player|p2|WindWeavile|hilda-masters3|1222\n|gen|9\n|tier|[Gen 9 Champions] VGC 2026 Reg M-A\n|rated|\n|rule|Species Clause: Limit one of each Pok\u00e9mon\n|rule|Item Clause: Limit 1 of each item\n|clearpoke\n|poke|p1|Pelipper, L50, F|\n|poke|p1|Basculegion, L50, M|\n|poke|p1|Dragonite, L50, F|\n|poke|p1|Archaludon, L50, F|\n|poke|p1|Sableye, L50, M|\n|poke|p1|Incineroar, L50, M|\n|poke|p2|Skarmory, L50, M|\n|poke|p2|Sinistcha, L50|\n|poke|p2|Incineroar, L50, M|\n|poke|p2|Milotic, L50, F|\n|poke|p2|Ninetales-Alola, L50, M|\n|poke|p2|Sneasler, L50, F|\n|teampreview|4\n|inactive|Battle timer is ON: inactive players will automatically lose when time's up. (requested by WindWeavile)\n|inactive|WindWeavile has 60 seconds left.\n|\n|t:|1776055531\n|teamsize|p1|4\n|teamsize|p2|4\n|start\n|switch|p1a: Sableye|Sableye, L50, M|100/100\n|switch|p1b: Basculegion|Basculegion, L50, M, shiny|100/100\n|switch|p2a: Milotic|Milotic, L50, F|100/100\n|switch|p2b: Sneasler|Sneasler, L50, F|100/100\n|turn|1\n|\n|t:|1776055544\n|move|p2b: Sneasler|Protect|p2b: Sneasler\n|-singleturn|p2b: Sneasler|Protect\n|move|p1a: Sableye|Rain Dance|p1a: Sableye\n|-weather|RainDance\n|move|p1b: Basculegion|Flip Turn|p2b: Sneasler\n|-activate|p2b: Sneasler|move: Protect\n|move|p2a: Milotic|Scald|p1b: Basculegion\n|-resisted|p1b: Basculegion|1\n|-damage|p1b: Basculegion|76/100\n|-status|p1b: Basculegion|brn\n|\n|-weather|RainDance|[upkeep]\n|-damage|p1b: Basculegion|70/100 brn|[from] brn\n|upkeep\n|turn|2\n|inactive|dkapflzksh has 30 seconds left.\n|\n|t:|1776055577\n|switch|p2b: Incineroar|Incineroar, L50, M|100/100\n|-ability|p2b: Incineroar|Intimidate|boost\n|-unboost|p1a: Sableye|atk|1\n|-unboost|p1b: Basculegion|atk|1\n|move|p1a: Sableye|Encore|p2b: Incineroar\n|-hint|Since gen 7, Dark is immune to Prankster moves.\n|-immune|p2b: Incineroar\n|move|p1b: Basculegion|Flip Turn|p2b: Incineroar\n|-supereffective|p2b: Incineroar|1\n|-damage|p2b: Incineroar|75/100\n|\n|t:|1776055586\n|switch|p1b: Archaludon|Archaludon, L50, F, shiny|100/100|[from] Flip Turn\n|move|p2a: Milotic|Scald|p1a: Sableye\n|-damage|p1a: Sableye|47/100\n|\n|-weather|RainDance|[upkeep]\n|upkeep\n|turn|3\n|\n|t:|1776055604\n|switch|p1a: Basculegion|Basculegion, L50, M, shiny|70/100 brn\n|move|p2b: Incineroar|Fake Out|p1b: Archaludon\n|-resisted|p1b: Archaludon|1\n|-damage|p1b: Archaludon|97/100\n|-ability|p1b: Archaludon|Stamina|boost\n|-boost|p1b: Archaludon|def|1\n|cant|p1b: Archaludon|flinch\n|move|p2a: Milotic|Ice Beam|p1b: Archaludon\n|-damage|p1b: Archaludon|77/100\n|-ability|p1b: Archaludon|Stamina|boost\n|-boost|p1b: Archaludon|def|1\n|\n|-weather|RainDance|[upkeep]\n|-heal|p1b: Archaludon|83/100|[from] item: Leftovers\n|-damage|p1a: Basculegion|64/100 brn|[from] brn\n|upkeep\n|turn|4\n|\n|t:|1776055626\n|switch|p2b: Ninetales|Ninetales-Alola, L50, M|100/100\n|-weather|Snowscape|[from] ability: Snow Warning|[of] p2b: Ninetales\n|move|p1a: Basculegion|Liquidation|p2b: Ninetales\n|-damage|p2b: Ninetales|81/100\n|move|p1b: Archaludon|Electro Shot||[still]\n|-prepare|p1b: Archaludon|Electro Shot\n|-boost|p1b: Archaludon|spa|1\n|move|p2a: Milotic|Ice Beam|p1b: Archaludon\n|-damage|p1b: Archaludon|62/100\n|-ability|p1b: Archaludon|Stamina|boost\n|-boost|p1b: Archaludon|def|1\n|\n|-weather|Snowscape|[upkeep]\n|-heal|p1b: Archaludon|69/100|[from] item: Leftovers\n|-damage|p1a: Basculegion|57/100 brn|[from] brn\n|upkeep\n|turn|5\n|\n|t:|1776055646\n|switch|p2a: Incineroar|Incineroar, L50, M|75/100\n|-ability|p2a: Incineroar|Intimidate|boost\n|-unboost|p1a: Basculegion|atk|1\n|-unboost|p1b: Archaludon|atk|1\n|move|p2b: Ninetales|Blizzard|p1a: Basculegion|[spread] p1a,p1b\n|-resisted|p1a: Basculegion|1\n|-damage|p1a: Basculegion|42/100 brn\n|-damage|p1b: Archaludon|45/100\n|-ability|p1b: Archaludon|Stamina|boost\n|-boost|p1b: Archaludon|def|1\n|move|p1a: Basculegion|Flip Turn|p2b: Ninetales\n|-damage|p2b: Ninetales|72/100\n|\n|t:|1776055657\n|switch|p1a: Sableye|Sableye, L50, M|47/100|[from] Flip Turn\n|move|p1b: Archaludon|Electro Shot|p2a: Incineroar|[from] lockedmove\n|-damage|p2a: Incineroar|31/100\n|-enditem|p2a: Incineroar|Sitrus Berry|[eat]\n|-heal|p2a: Incineroar|56/100|[from] item: Sitrus Berry\n|\n|-weather|Snowscape|[upkeep]\n|-heal|p1b: Archaludon|52/100|[from] item: Leftovers\n|upkeep\n|turn|6\n|\n|t:|1776055674\n|switch|p2b: Sneasler|Sneasler, L50, F|100/100\n|move|p1b: Archaludon|Protect|p1b: Archaludon\n|-singleturn|p1b: Archaludon|Protect\n|move|p2a: Incineroar|Fake Out|p1b: Archaludon\n|-activate|p1b: Archaludon|move: Protect\n|move|p1a: Sableye|Light Screen|p1a: Sableye\n|-sidestart|p1: dkapflzksh|move: Light Screen\n|\n|-weather|Snowscape|[upkeep]\n|-heal|p1b: Archaludon|58/100|[from] item: Leftovers\n|upkeep\n|turn|7\n|\n|t:|1776055690\n|switch|p2a: Milotic|Milotic, L50, F|100/100\n|move|p1a: Sableye|Rain Dance|p1a: Sableye\n|-weather|RainDance\n|move|p2b: Sneasler|Close Combat|p1b: Archaludon\n|-supereffective|p1b: Archaludon|1\n|-damage|p1b: Archaludon|23/100\n|-unboost|p2b: Sneasler|def|1\n|-unboost|p2b: Sneasler|spd|1\n|-ability|p1b: Archaludon|Stamina|boost\n|-boost|p1b: Archaludon|def|1\n|-enditem|p2b: Sneasler|White Herb\n|-clearnegativeboost|p2b: Sneasler|[silent]\n|move|p1b: Archaludon|Electro Shot||[still]\n|-prepare|p1b: Archaludon|Electro Shot\n|-boost|p1b: Archaludon|spa|1\n|-anim|p1b: Archaludon|Electro Shot|p2a: Milotic\n|-supereffective|p2a: Milotic|1\n|-damage|p2a: Milotic|0 fnt\n|faint|p2a: Milotic\n|\n|-weather|RainDance|[upkeep]\n|-heal|p1b: Archaludon|30/100|[from] item: Leftovers\n|upkeep\n|\n|t:|1776055700\n|switch|p2a: Ninetales|Ninetales-Alola, L50, M|72/100\n|-weather|Snowscape|[from] ability: Snow Warning|[of] p2a: Ninetales\n|turn|8\n|\n|t:|1776055717\n|move|p1a: Sableye|Disable|p2b: Sneasler\n|-start|p2b: Sneasler|Disable|Close Combat\n|cant|p2b: Sneasler|Disable|Close Combat\n|move|p2a: Ninetales|Blizzard|p1a: Sableye|[spread] p1a,p1b\n|-damage|p1a: Sableye|25/100\n|-damage|p1b: Archaludon|14/100\n|-status|p1b: Archaludon|frz\n|-ability|p1b: Archaludon|Stamina|boost\n|-boost|p1b: Archaludon|def|1\n|cant|p1b: Archaludon|frz\n|\n|-weather|Snowscape|[upkeep]\n|-heal|p1b: Archaludon|20/100 frz|[from] item: Leftovers\n|upkeep\n|turn|9\n|\n|t:|1776055731\n|switch|p2b: Incineroar|Incineroar, L50, M|56/100\n|-ability|p2b: Incineroar|Intimidate|boost\n|-unboost|p1a: Sableye|atk|1\n|-unboost|p1b: Archaludon|atk|1\n|cant|p1b: Archaludon|frz\n|move|p1a: Sableye|Rain Dance|p1a: Sableye\n|-weather|RainDance\n|move|p2a: Ninetales|Blizzard|p1b: Archaludon|[spread] p1a,p1b\n|-damage|p1a: Sableye|6/100\n|-damage|p1b: Archaludon|4/100 frz\n|\n|-weather|RainDance|[upkeep]\n|-heal|p1b: Archaludon|10/100 frz|[from] item: Leftovers\n|upkeep\n|turn|10\n|inactive|dkapflzksh has 30 seconds left.\n|\n|t:|1776055757\n|-curestatus|p1b: Archaludon|frz|[msg]\n|move|p1b: Archaludon|Protect|p1b: Archaludon\n|-singleturn|p1b: Archaludon|Protect\n|move|p1a: Sableye|Disable|p2a: Ninetales\n|-start|p2a: Ninetales|Disable|Blizzard\n|move|p2a: Ninetales|Icy Wind|p1a: Sableye|[spread] p1a\n|-activate|p1b: Archaludon|move: Protect\n|-damage|p1a: Sableye|0 fnt\n|faint|p1a: Sableye\n|move|p2b: Incineroar|Parting Shot|p1b: Archaludon\n|-activate|p1b: Archaludon|move: Protect\n|\n|-weather|RainDance|[upkeep]\n|-heal|p1b: Archaludon|17/100|[from] item: Leftovers\n|-sideend|p1: dkapflzksh|move: Light Screen\n|upkeep\n|\n|t:|1776055776\n|switch|p1a: Dragonite|Dragonite, L50, F, shiny|100/100\n|turn|11\n|inactive|WindWeavile has 30 seconds left.\n|\n|t:|1776055801\n|switch|p2a: Sneasler|Sneasler, L50, F|100/100\n|detailschange|p1a: Dragonite|Dragonite-Mega, L50, F, shiny\n|-mega|p1a: Dragonite|Dragonite|Dragoninite\n|move|p1a: Dragonite|Hurricane|p2a: Sneasler\n|-supereffective|p2a: Sneasler|1\n|-damage|p2a: Sneasler|0 fnt\n|faint|p2a: Sneasler\n|move|p1b: Archaludon|Electro Shot||[still]\n|-prepare|p1b: Archaludon|Electro Shot\n|-boost|p1b: Archaludon|spa|1\n|-anim|p1b: Archaludon|Electro Shot|p2b: Incineroar\n|-damage|p2b: Incineroar|0 fnt\n|faint|p2b: Incineroar\n|\n|-weather|RainDance|[upkeep]\n|-heal|p1b: Archaludon|23/100|[from] item: Leftovers\n|upkeep\n|\n|t:|1776055804\n|switch|p2b: Ninetales|Ninetales-Alola, L50, M|72/100\n|-weather|Snowscape|[from] ability: Snow Warning|[of] p2b: Ninetales\n|turn|12\n|\n|t:|1776055822\n|move|p2b: Ninetales|Blizzard|p1a: Dragonite|[spread] p1a,p1b\n|-supereffective|p1a: Dragonite|2\n|-damage|p1a: Dragonite|58/100\n|-damage|p1b: Archaludon|0 fnt\n|faint|p1b: Archaludon\n|move|p1a: Dragonite|Draco Meteor|p2b: Ninetales\n|-immune|p2b: Ninetales\n|\n|-weather|Snowscape|[upkeep]\n|upkeep\n|\n|t:|1776055831\n|switch|p1b: Basculegion|Basculegion, L50, M, shiny|42/100 brn\n|turn|13\n|\n|t:|1776055841\n|move|p2b: Ninetales|Blizzard|p1b: Basculegion|[spread] p1a,p1b\n|-supereffective|p1a: Dragonite|2\n|-resisted|p1b: Basculegion|1\n|-damage|p1a: Dragonite|0 fnt\n|-damage|p1b: Basculegion|27/100 brn\n|faint|p1a: Dragonite\n|move|p1b: Basculegion|Last Respects|p2b: Ninetales\n|-damage|p2b: Ninetales|25/100\n|\n|-weather|Snowscape|[upkeep]\n|-damage|p1b: Basculegion|21/100 brn|[from] brn\n|upkeep\n|turn|14\n|\n|t:|1776055852\n|move|p2b: Ninetales|Blizzard|p1b: Basculegion\n|-resisted|p1b: Basculegion|1\n|-damage|p1b: Basculegion|3/100 brn\n|move|p1b: Basculegion|Last Respects|p2b: Ninetales\n|-damage|p2b: Ninetales|0 fnt\n|faint|p2b: Ninetales\n|\n|win|dkapflzksh\n|raw|dkapflzksh's rating: 1211 &rarr; <strong>1237</strong><br />(+26 for winning)\n|raw|WindWeavile's rating: 1222 &rarr; <strong>1196</strong><br />(-26 for losing)\n",
  "uploadtime": 1776055852,
  "views": 10,
  "formatid": "gen9championsvgc2026regma",
  "rating": 1196,
  "private": 0,
  "password": null
}