{
  "id": "gen9championsvgc2026regma-2585902840",
  "format": "[Gen 9 Champions] VGC 2026 Reg M-A",
  "players": [
    "gteqwgtads",
    "SpoonMouse"
  ],
  "log": "|j|\u2606gteqwgtads\n|j|\u2606SpoonMouse\n|t:|1776379940\n|gametype|doubles\n|player|p1|gteqwgtads|hilbert-wonderlauncher|1000\n|player|p2|SpoonMouse|169|1052\n|gen|9\n|tier|[Gen 9 Champions] VGC 2026 Reg M-A\n|rated|\n|rule|Species Clause: Limit one of each Pok\u00e9mon\n|rule|Item Clause: Limit 1 of each item\n|clearpoke\n|poke|p1|Tyranitar, L50, F|\n|poke|p1|Garchomp, L50, M|\n|poke|p1|Sinistcha, L50|\n|poke|p1|Incineroar, L50, M|\n|poke|p1|Corviknight, L50, M|\n|poke|p1|Greninja-*, L50, F|\n|poke|p2|Hawlucha, L50, F|\n|poke|p2|Zoroark-Hisui, L50, F|\n|poke|p2|Excadrill, L50, M|\n|poke|p2|Tyranitar, L50, M|\n|poke|p2|Garchomp, L50, F|\n|poke|p2|Primarina, L50, M|\n|teampreview|4\n|\n|t:|1776379979\n|teamsize|p1|4\n|teamsize|p2|4\n|start\n|switch|p1a: Garchomp|Garchomp, L50, M|100/100\n|switch|p1b: Sinistcha|Sinistcha, L50|100/100\n|switch|p2a: Hawlucha|Hawlucha, L50, F|100/100\n|switch|p2b: Excadrill|Excadrill, L50, M|100/100\n|turn|1\n|\n|t:|1776380004\n|detailschange|p2a: Hawlucha|Hawlucha-Mega, L50, F\n|-mega|p2a: Hawlucha|Hawlucha|Hawluchanite\n|move|p2b: Excadrill|Protect|p2b: Excadrill\n|-singleturn|p2b: Excadrill|Protect\n|move|p2a: Hawlucha|Brave Bird|p1b: Sinistcha\n|-supereffective|p1b: Sinistcha|1\n|-damage|p1b: Sinistcha|0 fnt\n|faint|p1b: Sinistcha\n|-damage|p2a: Hawlucha|70/100|[from] Recoil\n|move|p1a: Garchomp|Rock Slide|p2b: Excadrill|[spread] p2a\n|-activate|p2b: Excadrill|move: Protect\n|-damage|p2a: Hawlucha|47/100\n|\n|upkeep\n|\n|t:|1776380012\n|switch|p1b: Greninja|Greninja, L50, F|100/100\n|turn|2\n|\n|t:|1776380026\n|detailschange|p1b: Greninja|Greninja-Mega, L50, F\n|-mega|p1b: Greninja|Greninja|Greninjite\n|move|p1a: Garchomp|Protect|p1a: Garchomp\n|-singleturn|p1a: Garchomp|Protect\n|move|p1b: Greninja|Surf|p2a: Hawlucha|[spread] p2a,p2b\n|-start|p1b: Greninja|typechange|Water|[from] ability: Protean\n|-activate|p1a: Garchomp|move: Protect\n|-supereffective|p2b: Excadrill|1\n|-damage|p2a: Hawlucha|3/100\n|-damage|p2b: Excadrill|4/100\n|move|p2a: Hawlucha|Entrainment|p2b: Excadrill\n|-ability|p2b: Excadrill|No Guard|Sand Rush|[from] move: Entrainment|[of] p2a: Hawlucha\n|move|p2b: Excadrill|Horn Drill|p1b: Greninja\n|-damage|p1b: Greninja|0 fnt\n|faint|p1b: Greninja\n|-ohko\n|\n|upkeep\n|\n|t:|1776380041\n|switch|p1b: Incineroar|Incineroar, L50, M|100/100\n|-ability|p1b: Incineroar|Intimidate|boost\n|-unboost|p2a: Hawlucha|atk|1\n|-unboost|p2b: Excadrill|atk|1\n|turn|3\n|\n|t:|1776380052\n|move|p2b: Excadrill|Protect|p2b: Excadrill\n|-singleturn|p2b: Excadrill|Protect\n|move|p1b: Incineroar|Fake Out|p2a: Hawlucha\n|-damage|p2a: Hawlucha|0 fnt\n|faint|p2a: Hawlucha\n|move|p1a: Garchomp|Rock Slide|p2b: Excadrill\n|-activate|p2b: Excadrill|move: Protect\n|\n|upkeep\n|\n|t:|1776380065\n|switch|p2a: Primarina|Primarina, L50, M|100/100\n|turn|4\n|\n|t:|1776380083\n|move|p2a: Primarina|Trick|p1a: Garchomp\n|-activate|p2a: Primarina|move: Trick|[of] p1a: Garchomp\n|-item|p1a: Garchomp|Choice Scarf|[from] move: Trick\n|-item|p2a: Primarina|Bright Powder|[from] move: Trick\n|move|p1a: Garchomp|Rock Slide|p2a: Primarina|[spread] p2a,p2b\n|-crit|p2a: Primarina\n|-resisted|p2b: Excadrill|2\n|-damage|p2a: Primarina|34/100\n|-damage|p2b: Excadrill|0 fnt\n|replace|p2a: Zoroark|Zoroark-Hisui, L50, F\n|-end|p2a: Zoroark|Illusion\n|faint|p2b: Excadrill\n|move|p1b: Incineroar|Darkest Lariat|p2a: Zoroark\n|-supereffective|p2a: Zoroark|1\n|-damage|p2a: Zoroark|0 fnt\n|faint|p2a: Zoroark\n|\n|upkeep\n|n|\u2606gteqwgtads|gteqwgtads\n|\n|t:|1776380095\n|switch|p2b: Primarina|Primarina, L50, M|100/100\n|turn|5\n|\n|t:|1776380105\n|move|p1a: Garchomp|Rock Slide|p2b: Primarina\n|-damage|p2b: Primarina|72/100\n|move|p1b: Incineroar|Parting Shot|p2b: Primarina\n|-unboost|p2b: Primarina|atk|1\n|-unboost|p2b: Primarina|spa|1\n|move|p2b: Primarina|Calm Mind|p2b: Primarina\n|-boost|p2b: Primarina|spa|1\n|-boost|p2b: Primarina|spd|1\n|\n|-heal|p2b: Primarina|78/100|[from] item: Leftovers\n|upkeep\n|turn|6\n|\n|t:|1776380122\n|move|p1a: Garchomp|Rock Slide|p2b: Primarina\n|-damage|p2b: Primarina|50/100\n|move|p1b: Incineroar|Parting Shot|p2b: Primarina\n|-unboost|p2b: Primarina|atk|1\n|-unboost|p2b: Primarina|spa|1\n|move|p2b: Primarina|Hyper Voice|p1b: Incineroar|[spread] p1a,p1b\n|-supereffective|p1b: Incineroar|1\n|-damage|p1a: Garchomp|76/100\n|-damage|p1b: Incineroar|56/100\n|\n|-heal|p2b: Primarina|56/100|[from] item: Leftovers\n|upkeep\n|turn|7\n|-message|SpoonMouse forfeited.\n|\n|win|gteqwgtads\n|raw|gteqwgtads's rating: 1000 &rarr; <strong>1046</strong><br />(+46 for winning)\n|raw|SpoonMouse's rating: 1052 &rarr; <strong>1032</strong><br />(-20 for losing)\n|l|\u2606SpoonMouse\n|player|p2|\n",
  "uploadtime": 1776380136,
  "views": 25,
  "formatid": "gen9championsvgc2026regma",
  "rating": 1032,
  "private": 0,
  "password": null
}