{
  "id": "gen9championsvgc2026regma-2584836354",
  "format": "[Gen 9 Champions] VGC 2026 Reg M-A",
  "players": [
    "Johnnyrage234",
    "lets buy packs"
  ],
  "log": "|j|\u2606Johnnyrage234\n|j|\u2606lets buy packs\n|t:|1776287433\n|gametype|doubles\n|player|p1|Johnnyrage234|1|1115\n|player|p2|lets buy packs|red-masters3|1111\n|gen|9\n|tier|[Gen 9 Champions] VGC 2026 Reg M-A\n|rated|\n|rule|Species Clause: Limit one of each Pok\u00e9mon\n|rule|Item Clause: Limit 1 of each item\n|clearpoke\n|poke|p1|Kingambit, L50, M|\n|poke|p1|Garchomp, L50, F|\n|poke|p1|Delphox, L50, M|\n|poke|p1|Torkoal, L50, M|\n|poke|p1|Whimsicott, L50, F|\n|poke|p1|Sneasler, L50, M|\n|poke|p2|Espathra, L50, F|\n|poke|p2|Glimmora, L50, M|\n|poke|p2|Incineroar, L50, F|\n|poke|p2|Maushold-Four, L50|\n|poke|p2|Froslass, L50, F|\n|poke|p2|Sneasler, L50, F|\n|teampreview|4\n|inactive|Battle timer is ON: inactive players will automatically lose when time's up. (requested by lets buy packs)\n|\n|t:|1776287443\n|teamsize|p1|4\n|teamsize|p2|4\n|start\n|switch|p1a: Jogo|Torkoal, L50, M, shiny|100/100\n|switch|p1b: Furnace|Delphox, L50, M, shiny|100/100\n|switch|p2a: Espathra|Espathra, L50, F|100/100\n|switch|p2b: Sneasler|Sneasler, L50, F|100/100\n|-weather|SunnyDay|[from] ability: Drought|[of] p1a: Jogo\n|turn|1\n|\n|t:|1776287453\n|detailschange|p1b: Furnace|Delphox-Mega, L50, M, shiny\n|-mega|p1b: Furnace|Delphox|Delphoxite\n|move|p2b: Sneasler|Fake Out|p1b: Furnace\n|-damage|p1b: Furnace|78/100\n|cant|p1b: Furnace|flinch\n|move|p2a: Espathra|Calm Mind|p2a: Espathra\n|-boost|p2a: Espathra|spa|1\n|-boost|p2a: Espathra|spd|1\n|move|p1a: Jogo|Eruption|p2a: Espathra|[spread] p2a,p2b\n|-damage|p2a: Espathra|51/100\n|-damage|p2b: Sneasler|34/100\n|\n|-weather|SunnyDay|[upkeep]\n|-ability|p2a: Espathra|Speed Boost|boost\n|-boost|p2a: Espathra|spe|1\n|upkeep\n|turn|2\n|\n|t:|1776287462\n|move|p2a: Espathra|Protect|p2a: Espathra\n|-singleturn|p2a: Espathra|Protect\n|move|p2b: Sneasler|Dire Claw|p1b: Furnace\n|-damage|p1b: Furnace|17/100\n|move|p1b: Furnace|Heat Wave|p2b: Sneasler|[spread] p2b\n|-activate|p2a: Espathra|move: Protect\n|-damage|p2b: Sneasler|0 fnt\n|faint|p2b: Sneasler\n|move|p1a: Jogo|Eruption|p2a: Espathra\n|-activate|p2a: Espathra|move: Protect\n|\n|-weather|SunnyDay|[upkeep]\n|-ability|p2a: Espathra|Speed Boost|boost\n|-boost|p2a: Espathra|spe|1\n|upkeep\n|\n|t:|1776287469\n|switch|p2b: Maushold|Maushold-Four, L50|100/100\n|turn|3\n|\n|t:|1776287479\n|move|p1b: Furnace|Protect|p1b: Furnace\n|-singleturn|p1b: Furnace|Protect\n|move|p2b: Maushold|Follow Me|p2b: Maushold\n|-singleturn|p2b: Maushold|move: Follow Me\n|move|p2a: Espathra|Baton Pass|p2a: Espathra\n|\n|t:|1776287481\n|switch|p2a: Glimmora|Glimmora, L50, M, shiny|100/100|[from] Baton Pass\n|move|p1a: Jogo|Eruption|p2a: Glimmora|[spread] p2a,p2b\n|-resisted|p2a: Glimmora|1\n|-damage|p2a: Glimmora|85/100\n|-damage|p2b: Maushold|33/100\n|-enditem|p2b: Maushold|Sitrus Berry|[eat]\n|-heal|p2b: Maushold|57/100|[from] item: Sitrus Berry\n|\n|-weather|SunnyDay|[upkeep]\n|upkeep\n|turn|4\n|\n|t:|1776287491\n|detailschange|p2a: Glimmora|Glimmora-Mega, L50, M, shiny\n|-mega|p2a: Glimmora|Glimmora|Glimmoranite\n|move|p2b: Maushold|Follow Me|p2b: Maushold\n|-singleturn|p2b: Maushold|move: Follow Me\n|move|p2a: Glimmora|Power Gem|p1a: Jogo\n|-supereffective|p1a: Jogo|1\n|-enditem|p1a: Jogo|Charti Berry|[eat]\n|-enditem|p1a: Jogo|Charti Berry|[weaken]\n|-damage|p1a: Jogo|0 fnt\n|faint|p1a: Jogo\n|move|p1b: Furnace|Solar Beam||[still]\n|-prepare|p1b: Furnace|Solar Beam\n|-anim|p1b: Furnace|Solar Beam|p2b: Maushold\n|-damage|p2b: Maushold|0 fnt\n|faint|p2b: Maushold\n|\n|-weather|SunnyDay|[upkeep]\n|upkeep\n|\n|t:|1776287499\n|switch|p2b: Espathra|Espathra, L50, F|51/100\n|switch|p1a: Rainbow Dragon|Garchomp, L50, F|100/100\n|turn|5\n|\n|t:|1776287512\n|move|p2a: Glimmora|Spiky Shield|p2a: Glimmora\n|-singleturn|p2a: Glimmora|move: Protect\n|move|p2b: Espathra|Protect|p2b: Espathra\n|-singleturn|p2b: Espathra|Protect\n|move|p1b: Furnace|Heat Wave|p2b: Espathra|[spread] \n|-activate|p2a: Glimmora|move: Protect\n|-activate|p2b: Espathra|move: Protect\n|move|p1a: Rainbow Dragon|Earthquake|p2b: Espathra|[spread] \n|-activate|p2a: Glimmora|move: Protect\n|-activate|p2b: Espathra|move: Protect\n|-immune|p1b: Furnace|[from] ability: Levitate\n|\n|-weather|none\n|-ability|p2b: Espathra|Speed Boost|boost\n|-boost|p2b: Espathra|spe|1\n|upkeep\n|turn|6\n|\n|t:|1776287528\n|move|p2a: Glimmora|Earth Power|p1a: Rainbow Dragon\n|-damage|p1a: Rainbow Dragon|42/100\n|move|p2b: Espathra|Lumina Crash|p1a: Rainbow Dragon\n|-damage|p1a: Rainbow Dragon|0 fnt\n|faint|p1a: Rainbow Dragon\n|move|p1b: Furnace|Heat Wave|p2a: Glimmora|[spread] p2a,p2b\n|-resisted|p2a: Glimmora|1\n|-damage|p2a: Glimmora|68/100\n|-damage|p2b: Espathra|0 fnt\n|faint|p2b: Espathra\n|\n|upkeep\n|\n|t:|1776287534\n|switch|p1a: Sukuna|Kingambit, L50, M|100/100\n|turn|7\n|\n|t:|1776287553\n|move|p2a: Glimmora|Spiky Shield|p2a: Glimmora\n|-singleturn|p2a: Glimmora|move: Protect\n|move|p1a: Sukuna|Protect|p1a: Sukuna\n|-singleturn|p1a: Sukuna|Protect\n|move|p1b: Furnace|Heat Wave|p2a: Glimmora\n|-activate|p2a: Glimmora|move: Protect\n|\n|upkeep\n|turn|8\n|\n|t:|1776287559\n|move|p2a: Glimmora|Earth Power|p1a: Sukuna\n|-supereffective|p1a: Sukuna|1\n|-crit|p1a: Sukuna\n|-damage|p1a: Sukuna|0 fnt\n|faint|p1a: Sukuna\n|move|p1b: Furnace|Heat Wave|p2a: Glimmora\n|-resisted|p2a: Glimmora|1\n|-damage|p2a: Glimmora|43/100\n|\n|upkeep\n|turn|9\n|\n|t:|1776287563\n|move|p2a: Glimmora|Power Gem|p1b: Furnace\n|-supereffective|p1b: Furnace|1\n|-damage|p1b: Furnace|0 fnt\n|faint|p1b: Furnace\n|\n|win|lets buy packs\n|raw|Johnnyrage234's rating: 1115 &rarr; <strong>1090</strong><br />(-25 for losing)\n|raw|lets buy packs's rating: 1111 &rarr; <strong>1136</strong><br />(+25 for winning)\n",
  "uploadtime": 1776287564,
  "views": 22,
  "formatid": "gen9championsvgc2026regma",
  "rating": 1090,
  "private": 0,
  "password": null
}