{
  "id": "gen9championsvgc2026regma-2581750545",
  "format": "[Gen 9 Champions] VGC 2026 Reg M-A",
  "players": [
    "gurik",
    "Braute"
  ],
  "log": "|j|\u2606gurik\n|j|\u2606Braute\n|t:|1776025544\n|gametype|doubles\n|player|p1|gurik|cynthia-gen4|1106\n|player|p2|Braute|miku-fire|1210\n|gen|9\n|tier|[Gen 9 Champions] VGC 2026 Reg M-A\n|rated|\n|rule|Species Clause: Limit one of each Pok\u00e9mon\n|rule|Item Clause: Limit 1 of each item\n|clearpoke\n|poke|p1|Dragonite, L50, F|\n|poke|p1|Politoed, L50, M|\n|poke|p1|Gengar, L50, F|\n|poke|p1|Incineroar, L50, F|\n|poke|p1|Basculegion, L50, M|\n|poke|p1|Rotom-Wash, L50|\n|poke|p2|Beedrill, L50, F|\n|poke|p2|Incineroar, L50, M|\n|poke|p2|Talonflame, L50, M|\n|poke|p2|Kingambit, L50, M|\n|poke|p2|Tyranitar, L50, M|\n|poke|p2|Excadrill, L50, M|\n|teampreview|4\n|inactive|Battle timer is ON: inactive players will automatically lose when time's up. (requested by Braute)\n|inactive|gurik has 60 seconds left.\n|\n|t:|1776025580\n|teamsize|p1|4\n|teamsize|p2|4\n|start\n|switch|p1a: Incineroar|Incineroar, L50, F|100/100\n|switch|p1b: Rotom|Rotom-Wash, L50|100/100\n|switch|p2a: Kingambit|Kingambit, L50, M, shiny|100/100\n|switch|p2b: Talonflame|Talonflame, L50, M|100/100\n|-ability|p1a: Incineroar|Intimidate|boost\n|-unboost|p2a: Kingambit|atk|1\n|-ability|p2a: Kingambit|Defiant|boost\n|-boost|p2a: Kingambit|atk|2\n|-unboost|p2b: Talonflame|atk|1\n|turn|1\n|\n|t:|1776025595\n|move|p2b: Talonflame|Protect|p2b: Talonflame\n|-singleturn|p2b: Talonflame|Protect\n|move|p1a: Incineroar|Fake Out|p2a: Kingambit\n|-resisted|p2a: Kingambit|1\n|-damage|p2a: Kingambit|96/100\n|move|p1b: Rotom|Will-O-Wisp|p2a: Kingambit|[miss]\n|-miss|p1b: Rotom|p2a: Kingambit\n|cant|p2a: Kingambit|flinch\n|\n|upkeep\n|turn|2\n|\n|t:|1776025611\n|move|p2b: Talonflame|Tailwind|p2b: Talonflame\n|-sidestart|p2: Braute|move: Tailwind\n|move|p2a: Kingambit|Low Kick|p1a: Incineroar\n|-supereffective|p1a: Incineroar|1\n|-damage|p1a: Incineroar|19/100\n|move|p1b: Rotom|Thunderbolt|p2b: Talonflame\n|-supereffective|p2b: Talonflame|1\n|-damage|p2b: Talonflame|0 fnt\n|faint|p2b: Talonflame\n|move|p1a: Incineroar|Flare Blitz|p2a: Kingambit\n|-supereffective|p2a: Kingambit|1\n|-damage|p2a: Kingambit|14/100\n|-status|p2a: Kingambit|brn\n|-damage|p1a: Incineroar|0 fnt|[from] Recoil\n|faint|p1a: Incineroar\n|\n|-damage|p2a: Kingambit|8/100 brn|[from] brn\n|upkeep\n|\n|t:|1776025625\n|switch|p2b: Tyranitar|Tyranitar, L50, M|100/100\n|switch|p1a: Politoed|Politoed, L50, M|100/100\n|-weather|Sandstorm|[from] ability: Sand Stream|[of] p2b: Tyranitar\n|-weather|RainDance|[from] ability: Drizzle|[of] p1a: Politoed\n|turn|3\n|\n|t:|1776025636\n|detailschange|p2b: Tyranitar|Tyranitar-Mega, L50, M\n|-mega|p2b: Tyranitar|Tyranitar|Tyranitarite\n|-weather|Sandstorm|[from] ability: Sand Stream|[of] p2b: Tyranitar\n|move|p2b: Tyranitar|Rock Slide|p1a: Politoed|[spread] p1a,p1b\n|-damage|p1a: Politoed|67/100\n|-damage|p1b: Rotom|60/100\n|move|p2a: Kingambit|Kowtow Cleave|p1b: Rotom\n|-damage|p1b: Rotom|17/100\n|-enditem|p1b: Rotom|Sitrus Berry|[eat]\n|-heal|p1b: Rotom|42/100|[from] item: Sitrus Berry\n|move|p1b: Rotom|Hydro Pump|p2b: Tyranitar|[miss]\n|-miss|p1b: Rotom|p2b: Tyranitar\n|move|p1a: Politoed|Muddy Water|p2a: Kingambit|[spread] p2a\n|-miss|p1a: Politoed|p2b: Tyranitar\n|-damage|p2a: Kingambit|0 fnt\n|faint|p2a: Kingambit\n|\n|-weather|Sandstorm|[upkeep]\n|-damage|p1b: Rotom|36/100|[from] Sandstorm\n|-damage|p1a: Politoed|61/100|[from] Sandstorm\n|-heal|p1a: Politoed|67/100|[from] item: Leftovers\n|upkeep\n|\n|t:|1776025651\n|switch|p2a: Excadrill|Excadrill, L50, M|100/100\n|turn|4\n|\n|t:|1776025673\n|move|p2a: Excadrill|High Horsepower|p1a: Politoed\n|-damage|p1a: Politoed|15/100\n|move|p2b: Tyranitar|Rock Slide|p1b: Rotom|[spread] p1a,p1b\n|-damage|p1a: Politoed|0 fnt\n|-damage|p1b: Rotom|0 fnt\n|faint|p1a: Politoed\n|faint|p1b: Rotom\n|\n|-weather|Sandstorm|[upkeep]\n|upkeep\n|\n|t:|1776025679\n|switch|p1b: Basculegion|Basculegion, L50, M|100/100\n|turn|5\n|\n|t:|1776025686\n|move|p2a: Excadrill|High Horsepower|p1b: Basculegion|[miss]\n|-miss|p2a: Excadrill|p1b: Basculegion\n|move|p2b: Tyranitar|Knock Off|p1b: Basculegion\n|-supereffective|p1b: Basculegion|1\n|-enditem|p1b: Basculegion|Focus Sash\n|-damage|p1b: Basculegion|1/100\n|move|p1b: Basculegion|Wave Crash|p2a: Excadrill\n|-supereffective|p2a: Excadrill|1\n|-enditem|p2a: Excadrill|Focus Sash\n|-damage|p2a: Excadrill|1/100\n|-damage|p1b: Basculegion|0 fnt|[from] Recoil\n|faint|p1b: Basculegion\n|\n|win|Braute\n|raw|gurik's rating: 1106 &rarr; <strong>1088</strong><br />(-18 for losing)\n|raw|Braute's rating: 1210 &rarr; <strong>1228</strong><br />(+18 for winning)\n",
  "uploadtime": 1776025686,
  "views": 36,
  "formatid": "gen9championsvgc2026regma",
  "rating": 1088,
  "private": 0,
  "password": null
}