{
  "id": "gen9championsvgc2026regma-2586705596",
  "format": "[Gen 9 Champions] VGC 2026 Reg M-A",
  "players": [
    "JustABrasilian",
    "Gontzal4237"
  ],
  "log": "|j|\u2606JustABrasilian\n|j|\u2606Gontzal4237\n|t:|1776453597\n|gametype|doubles\n|player|p1|JustABrasilian|cynthia-gen4|1224\n|player|p2|Gontzal4237|veteran|1279\n|gen|9\n|tier|[Gen 9 Champions] VGC 2026 Reg M-A\n|rated|\n|rule|Species Clause: Limit one of each Pok\u00e9mon\n|rule|Item Clause: Limit 1 of each item\n|clearpoke\n|poke|p1|Scizor, L50, F|\n|poke|p1|Floette-Eternal, L50, F|\n|poke|p1|Sylveon, L50, F|\n|poke|p1|Pelipper, L50, F|\n|poke|p1|Archaludon, L50, F|\n|poke|p1|Sneasler, L50, F|\n|poke|p2|Charizard, L50, F|\n|poke|p2|Typhlosion-Hisui, L50, F|\n|poke|p2|Archaludon, L50, M|\n|poke|p2|Whimsicott, L50, M|\n|poke|p2|Garchomp, L50, F|\n|poke|p2|Sneasler, L50, F|\n|teampreview|4\n|inactive|Battle timer is ON: inactive players will automatically lose when time's up. (requested by Gontzal4237)\n|\n|t:|1776453617\n|teamsize|p1|4\n|teamsize|p2|4\n|start\n|switch|p1a: Sneasler|Sneasler, L50, F|100/100\n|switch|p1b: Scizor|Scizor, L50, F|100/100\n|switch|p2a: Charizard|Charizard, L50, F, shiny|100/100\n|switch|p2b: Typhlosion|Typhlosion-Hisui, L50, F, shiny|100/100\n|-item|p1a: Sneasler|White Herb|[from] ability: Frisk|[of] p2b: Typhlosion\n|-item|p1b: Scizor|Scizorite|[from] ability: Frisk|[of] p2b: Typhlosion\n|turn|1\n|c|\u2606Gontzal4237|glhf\n|\n|t:|1776453638\n|detailschange|p2a: Charizard|Charizard-Mega-Y, L50, F, shiny\n|-mega|p2a: Charizard|Charizard|Charizardite Y\n|-weather|SunnyDay|[from] ability: Drought|[of] p2a: Charizard\n|move|p1b: Scizor|Protect|p1b: Scizor\n|-singleturn|p1b: Scizor|Protect\n|move|p2b: Typhlosion|Eruption|p1a: Sneasler|[spread] p1a\n|-activate|p1b: Scizor|move: Protect\n|-damage|p1a: Sneasler|0 fnt\n|faint|p1a: Sneasler\n|move|p2a: Charizard|Heat Wave|p1b: Scizor\n|-activate|p1b: Scizor|move: Protect\n|\n|-weather|SunnyDay|[upkeep]\n|upkeep\n|\n|t:|1776453650\n|switch|p1a: Pelipper|Pelipper, L50, F|100/100\n|-weather|RainDance|[from] ability: Drizzle|[of] p1a: Pelipper\n|turn|2\n|\n|t:|1776453665\n|switch|p2b: Archaludon|Archaludon, L50, M|100/100\n|switch|p1b: Archaludon|Archaludon, L50, F|100/100\n|move|p2a: Charizard|Hurricane|p1a: Pelipper\n|-damage|p1a: Pelipper|6/100\n|move|p1a: Pelipper|Weather Ball|p2b: Archaludon\n|-resisted|p2b: Archaludon|1\n|-damage|p2b: Archaludon|64/100\n|-ability|p2b: Archaludon|Stamina|boost\n|-boost|p2b: Archaludon|def|1\n|\n|-weather|RainDance|[upkeep]\n|upkeep\n|turn|3\n|\n|t:|1776453686\n|move|p2a: Charizard|Hurricane|p1a: Pelipper\n|-damage|p1a: Pelipper|0 fnt\n|faint|p1a: Pelipper\n|move|p1b: Archaludon|Electro Shot||[still]\n|-prepare|p1b: Archaludon|Electro Shot\n|-boost|p1b: Archaludon|spa|1\n|-anim|p1b: Archaludon|Electro Shot|p2a: Charizard\n|-supereffective|p2a: Charizard|1\n|-damage|p2a: Charizard|0 fnt\n|faint|p2a: Charizard\n|move|p2b: Archaludon|Electro Shot||[still]\n|-prepare|p2b: Archaludon|Electro Shot\n|-boost|p2b: Archaludon|spa|1\n|-anim|p2b: Archaludon|Electro Shot|p1b: Archaludon\n|-resisted|p1b: Archaludon|1\n|-damage|p1b: Archaludon|53/100\n|-ability|p1b: Archaludon|Stamina|boost\n|-boost|p1b: Archaludon|def|1\n|\n|-weather|RainDance|[upkeep]\n|-heal|p1b: Archaludon|59/100|[from] item: Leftovers\n|upkeep\n|\n|t:|1776453706\n|switch|p2a: Sneasler|Sneasler, L50, F|100/100\n|switch|p1a: Scizor|Scizor, L50, F|100/100\n|turn|4\n|\n|t:|1776453726\n|detailschange|p1a: Scizor|Scizor-Mega, L50, F\n|-mega|p1a: Scizor|Scizor|Scizorite\n|move|p2a: Sneasler|Fake Out|p1b: Archaludon\n|-resisted|p1b: Archaludon|1\n|-damage|p1b: Archaludon|54/100\n|-ability|p1b: Archaludon|Stamina|boost\n|-boost|p1b: Archaludon|def|1\n|cant|p1b: Archaludon|flinch\n|move|p2b: Archaludon|Aura Sphere|p1b: Archaludon\n|-supereffective|p1b: Archaludon|1\n|-damage|p1b: Archaludon|0 fnt\n|faint|p1b: Archaludon\n|move|p1a: Scizor|Swords Dance|p1a: Scizor\n|-boost|p1a: Scizor|atk|2\n|\n|-weather|RainDance|[upkeep]\n|upkeep\n|turn|5\n|\n|t:|1776453745\n|move|p1a: Scizor|Bullet Punch|p2a: Sneasler\n|-damage|p2a: Sneasler|0 fnt\n|faint|p2a: Sneasler\n|move|p2b: Archaludon|Electro Shot||[still]\n|-prepare|p2b: Archaludon|Electro Shot\n|-boost|p2b: Archaludon|spa|1\n|-anim|p2b: Archaludon|Electro Shot|p1a: Scizor\n|-damage|p1a: Scizor|16/100\n|\n|-weather|RainDance|[upkeep]\n|upkeep\n|\n|t:|1776453754\n|switch|p2a: Typhlosion|Typhlosion-Hisui, L50, F, shiny|100/100\n|-item|p1a: Scizor|Scizorite|[from] ability: Frisk|[of] p2a: Typhlosion\n|turn|6\n|c|\u2606Gontzal4237|gg\n|\n|t:|1776453762\n|move|p1a: Scizor|Protect|p1a: Scizor\n|-singleturn|p1a: Scizor|Protect\n|move|p2a: Typhlosion|Eruption|p1a: Scizor\n|-activate|p1a: Scizor|move: Protect\n|move|p2b: Archaludon|Electro Shot||[still]\n|-prepare|p2b: Archaludon|Electro Shot\n|-boost|p2b: Archaludon|spa|1\n|-anim|p2b: Archaludon|Electro Shot|p1a: Scizor\n|-activate|p1a: Scizor|move: Protect\n|\n|-weather|none\n|upkeep\n|turn|7\n|\n|t:|1776453773\n|move|p1a: Scizor|Bullet Punch|p2b: Archaludon\n|-resisted|p2b: Archaludon|1\n|-damage|p2b: Archaludon|46/100\n|-ability|p2b: Archaludon|Stamina|boost\n|-boost|p2b: Archaludon|def|1\n|-enditem|p2b: Archaludon|Sitrus Berry|[eat]\n|-heal|p2b: Archaludon|71/100|[from] item: Sitrus Berry\n|move|p2a: Typhlosion|Eruption|p1a: Scizor\n|-supereffective|p1a: Scizor|2\n|-damage|p1a: Scizor|0 fnt\n|faint|p1a: Scizor\n|\n|win|Gontzal4237\n|raw|JustABrasilian's rating: 1224 &rarr; <strong>1203</strong><br />(-21 for losing)\n|raw|Gontzal4237's rating: 1279 &rarr; <strong>1300</strong><br />(+21 for winning)\n|l|\u2606JustABrasilian\n|player|p1|\n",
  "uploadtime": 1776453783,
  "views": 55,
  "formatid": "gen9championsvgc2026regma",
  "rating": 1203,
  "private": 0,
  "password": null
}