{
  "id": "gen9championsvgc2026regma-2587414765",
  "format": "[Gen 9 Champions] VGC 2026 Reg M-A",
  "players": [
    "yinobo",
    "campeondelfitness"
  ],
  "log": "|j|\u2606yinobo\n|j|\u2606campeondelfitness\n|t:|1776529862\n|gametype|doubles\n|player|p1|yinobo|veteran|1244\n|player|p2|campeondelfitness|swimmer|1282\n|gen|9\n|tier|[Gen 9 Champions] VGC 2026 Reg M-A\n|rated|\n|rule|Species Clause: Limit one of each Pok\u00e9mon\n|rule|Item Clause: Limit 1 of each item\n|clearpoke\n|poke|p1|Whimsicott, L50, M|\n|poke|p1|Charizard, L50, F|\n|poke|p1|Rotom-Wash, L50|\n|poke|p1|Garchomp, L50, M|\n|poke|p1|Incineroar, L50, F|\n|poke|p1|Aegislash, L50, F|\n|poke|p2|Tyranitar, L50, F|\n|poke|p2|Garchomp, L50, M|\n|poke|p2|Heliolisk, L50, F|\n|poke|p2|Rotom-Heat, L50|\n|poke|p2|Orthworm, L50, M|\n|poke|p2|Aerodactyl, L50, M|\n|teampreview|4\n|inactive|Battle timer is ON: inactive players will automatically lose when time's up. (requested by campeondelfitness)\n|inactive|yinobo has 60 seconds left.\n|inactive|campeondelfitness has 60 seconds left.\n|inactive|yinobo has 30 seconds left.\n|inactive|yinobo has 20 seconds left.\n|inactive|yinobo has 15 seconds left.\n|inactive|yinobo has 10 seconds left.\n|inactive|yinobo has 5 seconds left.\n|\n|t:|1776529948\n|teamsize|p1|4\n|teamsize|p2|4\n|start\n|switch|p1a: Garchomp|Garchomp, L50, M|100/100\n|switch|p1b: Whimsicott|Whimsicott, L50, M|100/100\n|switch|p2a: Aerodactyl|Aerodactyl, L50, M|100/100\n|switch|p2b: Rotom|Rotom-Heat, L50|100/100\n|-ability|p2a: Aerodactyl|Unnerve\n|turn|1\n|\n|t:|1776529964\n|move|p1b: Whimsicott|Tailwind|p1b: Whimsicott\n|-sidestart|p1: yinobo|move: Tailwind\n|move|p1a: Garchomp|Rock Slide|p2b: Rotom|[spread] p2a,p2b\n|-supereffective|p2a: Aerodactyl|1\n|-supereffective|p2b: Rotom|1\n|-damage|p2a: Aerodactyl|37/100\n|-damage|p2b: Rotom|57/100\n|cant|p2a: Aerodactyl|flinch\n|move|p2b: Rotom|Will-O-Wisp|p1a: Garchomp\n|-status|p1a: Garchomp|brn\n|\n|-damage|p1a: Garchomp|95/100 brn|[from] brn\n|upkeep\n|turn|2\n|\n|t:|1776529986\n|switch|p2a: Garchomp|Garchomp, L50, M|100/100\n|move|p1a: Garchomp|Rock Slide|p2a: Garchomp|[spread] p2a\n|-miss|p1a: Garchomp|p2b: Rotom\n|-resisted|p2a: Garchomp|1\n|-damage|p2a: Garchomp|95/100\n|move|p1b: Whimsicott|Moonblast|p2a: Garchomp\n|-supereffective|p2a: Garchomp|1\n|-damage|p2a: Garchomp|10/100\n|-unboost|p2a: Garchomp|spa|1\n|move|p2b: Rotom|Overheat|p1b: Whimsicott\n|-supereffective|p1b: Whimsicott|1\n|-enditem|p1b: Whimsicott|Focus Sash\n|-damage|p1b: Whimsicott|1/100\n|-unboost|p2b: Rotom|spa|2\n|\n|-damage|p1a: Garchomp|89/100 brn|[from] brn\n|upkeep\n|turn|3\n|inactive|yinobo has 30 seconds left.\n|inactive|campeondelfitness has 30 seconds left.\n|inactive|yinobo has 20 seconds left.\n|inactive|yinobo has 15 seconds left.\n|\n|t:|1776530030\n|switch|p1b: Charizard|Charizard, L50, F|100/100\n|switch|p2a: Tyranitar|Tyranitar, L50, F|100/100\n|-weather|Sandstorm|[from] ability: Sand Stream|[of] p2a: Tyranitar\n|move|p1a: Garchomp|Rock Slide|p2b: Rotom|[spread] p2a,p2b\n|-supereffective|p2b: Rotom|1\n|-damage|p2a: Tyranitar|93/100\n|-damage|p2b: Rotom|33/100\n|cant|p2b: Rotom|flinch\n|\n|-weather|Sandstorm|[upkeep]\n|-damage|p1b: Charizard|95/100|[from] Sandstorm\n|-damage|p2b: Rotom|27/100|[from] Sandstorm\n|-damage|p1a: Garchomp|83/100 brn|[from] brn\n|upkeep\n|turn|4\n|inactive|yinobo has 30 seconds left.\n|inactive|campeondelfitness has 30 seconds left.\n|inactive|yinobo has 20 seconds left.\n|inactive|yinobo has 15 seconds left.\n|\n|t:|1776530071\n|move|p1b: Charizard|Protect|p1b: Charizard\n|-singleturn|p1b: Charizard|Protect\n|move|p2a: Tyranitar|Protect|p2a: Tyranitar\n|-singleturn|p2a: Tyranitar|Protect\n|move|p1a: Garchomp|Rock Slide|p2a: Tyranitar|[spread] p2b\n|-activate|p2a: Tyranitar|move: Protect\n|-supereffective|p2b: Rotom|1\n|-damage|p2b: Rotom|5/100\n|move|p2b: Rotom|Volt Switch|p1b: Charizard\n|-activate|p1b: Charizard|move: Protect\n|\n|-weather|Sandstorm|[upkeep]\n|-damage|p1b: Charizard|89/100|[from] Sandstorm\n|-damage|p2b: Rotom|0 fnt|[from] Sandstorm\n|faint|p2b: Rotom\n|-damage|p1a: Garchomp|77/100 brn|[from] brn\n|-sideend|p1: yinobo|move: Tailwind\n|upkeep\n|\n|t:|1776530087\n|switch|p2b: Aerodactyl|Aerodactyl, L50, M|37/100\n|-ability|p2b: Aerodactyl|Unnerve\n|turn|5\n|\n|t:|1776530109\n|switch|p1b: Aegislash|Aegislash, L50, F|100/100\n|move|p1a: Garchomp|Rock Slide|p2a: Tyranitar|[spread] p2b\n|-miss|p1a: Garchomp|p2a: Tyranitar\n|-supereffective|p2b: Aerodactyl|1\n|-damage|p2b: Aerodactyl|10/100\n|cant|p2b: Aerodactyl|flinch\n|move|p2a: Tyranitar|Icy Wind|p1b: Aegislash|[spread] p1a,p1b\n|-supereffective|p1a: Garchomp|2\n|-resisted|p1b: Aegislash|1\n|-damage|p1a: Garchomp|38/100 brn\n|-damage|p1b: Aegislash|97/100\n|-unboost|p1a: Garchomp|spe|1\n|-unboost|p1b: Aegislash|spe|1\n|-enditem|p1b: Aegislash|White Herb\n|-clearnegativeboost|p1b: Aegislash|[silent]\n|\n|-weather|Sandstorm|[upkeep]\n|-damage|p1a: Garchomp|32/100 brn|[from] brn\n|upkeep\n|turn|6\n|inactive|yinobo has 30 seconds left.\n|\n|t:|1776530140\n|switch|p1a: Charizard|Charizard, L50, F|89/100\n|move|p2b: Aerodactyl|Wide Guard|p2b: Aerodactyl\n|-singleturn|p2b: Aerodactyl|Wide Guard\n|-formechange|p1b: Aegislash|Aegislash-Blade|\n|move|p1b: Aegislash|Shadow Claw|p2b: Aerodactyl\n|-damage|p2b: Aerodactyl|0 fnt\n|faint|p2b: Aerodactyl\n|move|p2a: Tyranitar|Knock Off|p1b: Aegislash\n|-supereffective|p1b: Aegislash|1\n|-damage|p1b: Aegislash|0 fnt\n|faint|p1b: Aegislash\n|\n|-weather|Sandstorm|[upkeep]\n|-damage|p1a: Charizard|84/100|[from] Sandstorm\n|upkeep\n|\n|t:|1776530156\n|switch|p2b: Garchomp|Garchomp, L50, M|10/100\n|switch|p1b: Whimsicott|Whimsicott, L50, M|1/100\n|turn|7\n|inactive|yinobo has 30 seconds left.\n|inactive|campeondelfitness has 30 seconds left.\n|inactive|yinobo has 20 seconds left.\n|inactive|campeondelfitness has 20 seconds left.\n|inactive|campeondelfitness has 15 seconds left.\n|\n|t:|1776530198\n|detailschange|p2b: Garchomp|Garchomp-Mega, L50, M\n|-mega|p2b: Garchomp|Garchomp|Garchompite\n|detailschange|p1a: Charizard|Charizard-Mega-Y, L50, F\n|-mega|p1a: Charizard|Charizard|Charizardite Y\n|-weather|SunnyDay|[from] ability: Drought|[of] p1a: Charizard\n|move|p2b: Garchomp|Protect|p2b: Garchomp\n|-singleturn|p2b: Garchomp|Protect\n|move|p1b: Whimsicott|Tailwind|p1b: Whimsicott\n|-sidestart|p1: yinobo|move: Tailwind\n|move|p1a: Charizard|Heat Wave|p2a: Tyranitar|[spread] p2a\n|-activate|p2b: Garchomp|move: Protect\n|-resisted|p2a: Tyranitar|1\n|-damage|p2a: Tyranitar|67/100\n|move|p2a: Tyranitar|Icy Wind|p1b: Whimsicott|[spread] p1a,p1b\n|-crit|p1a: Charizard\n|-supereffective|p1b: Whimsicott|1\n|-damage|p1a: Charizard|69/100\n|-damage|p1b: Whimsicott|0 fnt\n|-unboost|p1a: Charizard|spe|1\n|faint|p1b: Whimsicott\n|\n|-weather|SunnyDay|[upkeep]\n|upkeep\n|\n|t:|1776530219\n|switch|p1b: Garchomp|Garchomp, L50, M|32/100 brn\n|turn|8\n|\n|t:|1776530234\n|move|p1b: Garchomp|Earthquake|p2b: Garchomp|[spread] p2a,p2b\n|-immune|p1a: Charizard\n|-supereffective|p2a: Tyranitar|1\n|-damage|p2a: Tyranitar|40/100\n|-damage|p2b: Garchomp|0 fnt\n|faint|p2b: Garchomp\n|move|p1a: Charizard|Solar Beam||[still]\n|-prepare|p1a: Charizard|Solar Beam\n|-anim|p1a: Charizard|Solar Beam|p2a: Tyranitar\n|-supereffective|p2a: Tyranitar|1\n|-damage|p2a: Tyranitar|0 fnt\n|faint|p2a: Tyranitar\n|\n|win|yinobo\n|raw|yinobo's rating: 1244 &rarr; <strong>1272</strong><br />(+28 for winning)\n|raw|campeondelfitness's rating: 1282 &rarr; <strong>1254</strong><br />(-28 for losing)\n",
  "uploadtime": 1776530244,
  "views": 28,
  "formatid": "gen9championsvgc2026regma",
  "rating": 1254,
  "private": 0,
  "password": null
}