{
  "id": "gen9championsvgc2026regma-2588879370",
  "format": "[Gen 9 Champions] VGC 2026 Reg M-A",
  "players": [
    "Flo_Gdnt",
    "verygimmickyy"
  ],
  "log": "|j|\u2606Flo_Gdnt\n|j|\u2606verygimmickyy\n|t:|1776681714\n|gametype|doubles\n|player|p1|Flo_Gdnt|169|1102\n|player|p2|verygimmickyy|linebacker|1044\n|gen|9\n|tier|[Gen 9 Champions] VGC 2026 Reg M-A\n|rated|\n|rule|Species Clause: Limit one of each Pok\u00e9mon\n|rule|Item Clause: Limit 1 of each item\n|clearpoke\n|poke|p1|Whimsicott, L50, M|\n|poke|p1|Typhlosion-Hisui, L50, F|\n|poke|p1|Incineroar, L50, M|\n|poke|p1|Sinistcha, L50|\n|poke|p1|Tyranitar, L50, F|\n|poke|p1|Milotic, L50, M|\n|poke|p2|Kangaskhan, L50, F|\n|poke|p2|Whimsicott, L50, M|\n|poke|p2|Charizard, L50, M|\n|poke|p2|Incineroar, L50, F|\n|poke|p2|Maushold, L50|\n|poke|p2|Aerodactyl, L50, F|\n|teampreview|4\n|\n|t:|1776681757\n|teamsize|p1|4\n|teamsize|p2|4\n|start\n|switch|p1a: Milotic|Milotic, L50, M|100/100\n|switch|p1b: Incineroar|Incineroar, L50, M|100/100\n|switch|p2a: Whimsicott|Whimsicott, L50, M|100/100\n|switch|p2b: Charizard|Charizard, L50, M|100/100\n|-ability|p1b: Incineroar|Intimidate|boost\n|-unboost|p2a: Whimsicott|atk|1\n|-unboost|p2b: Charizard|atk|1\n|turn|1\n|\n|t:|1776681788\n|switch|p2b: Maushold|Maushold, L50|100/100\n|move|p1b: Incineroar|Fake Out|p2a: Whimsicott\n|-damage|p2a: Whimsicott|86/100\n|cant|p2a: Whimsicott|flinch\n|move|p1a: Milotic|Scald|p2b: Maushold\n|-damage|p2b: Maushold|60/100\n|\n|upkeep\n|turn|2\n|\n|t:|1776681827\n|move|p2a: Whimsicott|Tailwind|p2a: Whimsicott\n|-sidestart|p2: verygimmickyy|move: Tailwind\n|move|p2b: Maushold|Population Bomb|p1a: Milotic\n|-damage|p1a: Milotic|93/100\n|-damage|p1a: Milotic|85/100\n|-damage|p1a: Milotic|77/100\n|-damage|p1a: Milotic|69/100\n|-damage|p1a: Milotic|62/100\n|-hitcount|p1a: Milotic|5\n|cant|p1a: Milotic|flinch\n|move|p1b: Incineroar|Flare Blitz|p2a: Whimsicott\n|-supereffective|p2a: Whimsicott|1\n|-damage|p2a: Whimsicott|0 fnt\n|faint|p2a: Whimsicott\n|-damage|p1b: Incineroar|77/100|[from] Recoil\n|\n|upkeep\n|\n|t:|1776681849\n|switch|p2a: Charizard|Charizard, L50, M|100/100\n|turn|3\n|\n|t:|1776681866\n|switch|p1b: Tyranitar|Tyranitar, L50, F|100/100\n|-weather|Sandstorm|[from] ability: Sand Stream|[of] p1b: Tyranitar\n|detailschange|p2a: Charizard|Charizard-Mega-X, L50, M\n|-mega|p2a: Charizard|Charizard|Charizardite X\n|move|p2b: Maushold|Population Bomb|p1a: Milotic\n|-damage|p1a: Milotic|53/100\n|-damage|p1a: Milotic|46/100\n|-enditem|p1a: Milotic|Sitrus Berry|[eat]\n|-heal|p1a: Milotic|70/100|[from] item: Sitrus Berry\n|-damage|p1a: Milotic|62/100\n|-hitcount|p1a: Milotic|3\n|move|p2a: Charizard|Dragon Dance|p2a: Charizard\n|-boost|p2a: Charizard|atk|1\n|-boost|p2a: Charizard|spe|1\n|move|p1a: Milotic|Scald|p2a: Charizard\n|-damage|p2a: Charizard|65/100\n|\n|-weather|Sandstorm|[upkeep]\n|-damage|p2a: Charizard|59/100|[from] Sandstorm\n|-damage|p2b: Maushold|54/100|[from] Sandstorm\n|-damage|p1a: Milotic|56/100|[from] Sandstorm\n|upkeep\n|turn|4\n|\n|t:|1776681908\n|switch|p1a: Incineroar|Incineroar, L50, M|77/100\n|-ability|p1a: Incineroar|Intimidate|boost\n|-unboost|p2a: Charizard|atk|1\n|-unboost|p2b: Maushold|atk|1\n|move|p2a: Charizard|Dragon Claw|p1b: Tyranitar\n|-crit|p1b: Tyranitar\n|-damage|p1b: Tyranitar|43/100\n|move|p2b: Maushold|Population Bomb|p1b: Tyranitar\n|-resisted|p1b: Tyranitar|1\n|-damage|p1b: Tyranitar|41/100\n|-hitcount|p1b: Tyranitar|1\n|move|p1b: Tyranitar|Rock Slide|p2a: Charizard|[spread] p2b\n|-miss|p1b: Tyranitar|p2a: Charizard\n|-damage|p2b: Maushold|19/100\n|\n|-weather|Sandstorm|[upkeep]\n|-damage|p2a: Charizard|53/100|[from] Sandstorm\n|-damage|p2b: Maushold|13/100|[from] Sandstorm\n|-damage|p1a: Incineroar|71/100|[from] Sandstorm\n|upkeep\n|turn|5\n|c|\u2606verygimmickyy|Bruh one time really bro\n|\n|t:|1776681969\n|move|p2a: Charizard|Protect|p2a: Charizard\n|-singleturn|p2a: Charizard|Protect\n|move|p2b: Maushold|Protect|p2b: Maushold\n|-singleturn|p2b: Maushold|Protect\n|move|p1a: Incineroar|Fake Out|p2a: Charizard\n|-activate|p2a: Charizard|move: Protect\n|move|p1b: Tyranitar|Rock Slide|p2a: Charizard|[spread] \n|-activate|p2a: Charizard|move: Protect\n|-activate|p2b: Maushold|move: Protect\n|\n|-weather|Sandstorm|[upkeep]\n|-damage|p2a: Charizard|47/100|[from] Sandstorm\n|-damage|p2b: Maushold|7/100|[from] Sandstorm\n|-damage|p1a: Incineroar|65/100|[from] Sandstorm\n|-sideend|p2: verygimmickyy|move: Tailwind\n|upkeep\n|turn|6\n|\n|t:|1776682001\n|move|p2a: Charizard|Dragon Claw|p1b: Tyranitar\n|-damage|p1b: Tyranitar|0 fnt\n|faint|p1b: Tyranitar\n|move|p2b: Maushold|Population Bomb|p1a: Incineroar\n|-damage|p1a: Incineroar|60/100\n|-damage|p1a: Incineroar|55/100\n|-damage|p1a: Incineroar|50/100\n|-damage|p1a: Incineroar|45/100\n|-damage|p1a: Incineroar|40/100\n|-damage|p1a: Incineroar|35/100\n|-damage|p1a: Incineroar|30/100\n|-damage|p1a: Incineroar|25/100\n|-damage|p1a: Incineroar|20/100\n|-damage|p1a: Incineroar|16/100\n|-hitcount|p1a: Incineroar|10\n|cant|p1a: Incineroar|flinch\n|\n|-weather|Sandstorm|[upkeep]\n|-damage|p2a: Charizard|41/100|[from] Sandstorm\n|-damage|p2b: Maushold|1/100|[from] Sandstorm\n|-damage|p1a: Incineroar|10/100|[from] Sandstorm\n|upkeep\n|\n|t:|1776682023\n|switch|p1b: Sinistcha|Sinistcha, L50|100/100\n|-heal|p1a: Incineroar|35/100|[from] ability: Hospitality|[of] p1b: Sinistcha\n|turn|7\n|\n|t:|1776682063\n|move|p1b: Sinistcha|Rage Powder|p1b: Sinistcha\n|-singleturn|p1b: Sinistcha|move: Rage Powder\n|move|p2a: Charizard|Flare Blitz|p1b: Sinistcha\n|-supereffective|p1b: Sinistcha|1\n|-damage|p1b: Sinistcha|0 fnt\n|faint|p1b: Sinistcha\n|-damage|p2a: Charizard|10/100|[from] Recoil\n|move|p2b: Maushold|Population Bomb|p1a: Incineroar\n|-damage|p1a: Incineroar|30/100\n|-damage|p1a: Incineroar|25/100\n|-damage|p1a: Incineroar|20/100\n|-damage|p1a: Incineroar|15/100\n|-damage|p1a: Incineroar|10/100\n|-damage|p1a: Incineroar|5/100\n|-hitcount|p1a: Incineroar|6\n|move|p1a: Incineroar|Throat Chop|p2a: Charizard\n|-damage|p2a: Charizard|0 fnt\n|faint|p2a: Charizard\n|\n|-weather|none\n|upkeep\n|\n|t:|1776682085\n|switch|p2a: Aerodactyl|Aerodactyl, L50, F|100/100\n|switch|p1b: Milotic|Milotic, L50, M|56/100\n|-ability|p2a: Aerodactyl|Unnerve\n|turn|8\n|\n|t:|1776682110\n|move|p2a: Aerodactyl|Rock Slide|p1a: Incineroar|[spread] p1a,p1b\n|-supereffective|p1a: Incineroar|1\n|-damage|p1a: Incineroar|0 fnt\n|-damage|p1b: Milotic|35/100\n|faint|p1a: Incineroar\n|move|p2b: Maushold|Population Bomb|p1b: Milotic\n|-damage|p1b: Milotic|30/100\n|-damage|p1b: Milotic|25/100\n|-damage|p1b: Milotic|20/100\n|-damage|p1b: Milotic|15/100\n|-hitcount|p1b: Milotic|4\n|cant|p1b: Milotic|flinch\n|\n|upkeep\n|turn|9\n|-message|Flo_Gdnt forfeited.\n|\n|win|verygimmickyy\n|raw|Flo_Gdnt's rating: 1102 &rarr; <strong>1073</strong><br />(-29 for losing)\n|raw|verygimmickyy's rating: 1044 &rarr; <strong>1083</strong><br />(+39 for winning)\n|l|\u2606Flo_Gdnt\n|player|p1|\n",
  "uploadtime": 1776682130,
  "views": 18,
  "formatid": "gen9championsvgc2026regma",
  "rating": 1073,
  "private": 0,
  "password": null
}