{
  "id": "gen9championsvgc2026regma-2587814014",
  "format": "[Gen 9 Champions] VGC 2026 Reg M-A",
  "players": [
    "hhjgu",
    "chrismckenz"
  ],
  "log": "|j|\u2606hhjgu\n|j|\u2606chrismckenz\n|t:|1776566692\n|gametype|doubles\n|player|p1|hhjgu|169|1067\n|player|p2|chrismckenz|102|1027\n|gen|9\n|tier|[Gen 9 Champions] VGC 2026 Reg M-A\n|rated|\n|rule|Species Clause: Limit one of each Pok\u00e9mon\n|rule|Item Clause: Limit 1 of each item\n|clearpoke\n|poke|p1|Hatterene, L50, F, shiny|\n|poke|p1|Sableye, L50, F, shiny|\n|poke|p1|Vivillon-Savanna, L50, F, shiny|\n|poke|p1|Starmie, L50, shiny|\n|poke|p1|Bellibolt, L50, F, shiny|\n|poke|p1|Archaludon, L50, M, shiny|\n|poke|p2|Pelipper, L50, M|\n|poke|p2|Archaludon, L50, F|\n|poke|p2|Meganium, L50, F|\n|poke|p2|Incineroar, L50, F|\n|poke|p2|Sableye, L50, M|\n|poke|p2|Basculegion, L50, M|\n|teampreview|4\nchrismckenz has agreed to open team sheets.\n|\n|t:|1776566776\n|teamsize|p1|4\n|teamsize|p2|4\n|start\n|switch|p1a: Bellibolt|Bellibolt, L50, F, shiny|100/100\n|switch|p1b: Starmie|Starmie, L50, shiny|100/100\n|switch|p2a: Sableye|Sableye, L50, M|100/100\n|switch|p2b: Archaludon|Archaludon, L50, F|100/100\n|turn|1\n|\n|t:|1776566801\n|detailschange|p1b: Starmie|Starmie-Mega, L50, shiny\n|-mega|p1b: Starmie|Starmie|Starminite\n|move|p2a: Sableye|Rain Dance|p2a: Sableye\n|-weather|RainDance\n|move|p1b: Starmie|Ice Spinner|p2b: Archaludon\n|-damage|p2b: Archaludon|70/100\n|-ability|p2b: Archaludon|Stamina|boost\n|-boost|p2b: Archaludon|def|1\n|move|p2b: Archaludon|Electro Shot||[still]\n|-prepare|p2b: Archaludon|Electro Shot\n|-boost|p2b: Archaludon|spa|1\n|-anim|p2b: Archaludon|Electro Shot|p1b: Starmie\n|-supereffective|p1b: Starmie|1\n|-damage|p1b: Starmie|0 fnt\n|faint|p1b: Starmie\n|move|p1a: Bellibolt|Volt Switch|p2a: Sableye\n|-damage|p2a: Sableye|62/100\n|\n|t:|1776566815\n|switch|p1a: Archaludon|Archaludon, L50, M, shiny|100/100|[from] Volt Switch\n|\n|-weather|RainDance|[upkeep]\n|-heal|p2b: Archaludon|76/100|[from] item: Leftovers\n|upkeep\n|\n|t:|1776566820\n|switch|p1b: Bellibolt|Bellibolt, L50, F, shiny|100/100\n|turn|2\n|\n|t:|1776566873\n|move|p1a: Archaludon|Stealth Rock|p2a: Sableye\n|-sidestart|p2: chrismckenz|move: Stealth Rock\n|move|p2b: Archaludon|Aura Sphere|p1a: Archaludon\n|-supereffective|p1a: Archaludon|1\n|-damage|p1a: Archaludon|16/100\n|-ability|p1a: Archaludon|Stamina|boost\n|-boost|p1a: Archaludon|def|1\n|-enditem|p1a: Archaludon|Sitrus Berry|[eat]\n|-heal|p1a: Archaludon|41/100|[from] item: Sitrus Berry\n|move|p1b: Bellibolt|Thunder|p2a: Sableye\n|-damage|p2a: Sableye|0 fnt\n|faint|p2a: Sableye\n|\n|-weather|RainDance|[upkeep]\n|-heal|p2b: Archaludon|82/100|[from] item: Leftovers\n|upkeep\n|\n|t:|1776566913\n|switch|p2a: Meganium|Meganium, L50, F|100/100\n|-damage|p2a: Meganium|88/100|[from] Stealth Rock\n|turn|3\n|\n|t:|1776566939\n|detailschange|p2a: Meganium|Meganium-Mega, L50, F\n|-mega|p2a: Meganium|Meganium|Meganiumite\n|move|p1a: Archaludon|Electro Shot||[still]\n|-prepare|p1a: Archaludon|Electro Shot\n|-boost|p1a: Archaludon|spa|1\n|-anim|p1a: Archaludon|Electro Shot|p2a: Meganium\n|-resisted|p2a: Meganium|1\n|-damage|p2a: Meganium|65/100\n|move|p2a: Meganium|Dazzling Gleam|p1a: Archaludon|[spread] p1a,p1b\n|-damage|p1a: Archaludon|9/100\n|-damage|p1b: Bellibolt|67/100\n|-start|p1b: Bellibolt|Charge|Dazzling Gleam|[from] ability: Electromorphosis\n|-ability|p1a: Archaludon|Stamina|boost\n|-boost|p1a: Archaludon|def|1\n|move|p2b: Archaludon|Draco Meteor|p1b: Bellibolt\n|-damage|p1b: Bellibolt|0 fnt\n|-unboost|p2b: Archaludon|spa|2\n|faint|p1b: Bellibolt\n|\n|-weather|RainDance|[upkeep]\n|-heal|p2b: Archaludon|88/100|[from] item: Leftovers\n|upkeep\n|\n|t:|1776566961\n|switch|p1b: Vivillon|Vivillon-Savanna, L50, F, shiny|100/100\n|turn|4\n|\n|t:|1776567016\n|move|p1b: Vivillon|Protect|p1b: Vivillon\n|-singleturn|p1b: Vivillon|Protect\n|move|p2a: Meganium|Protect|p2a: Meganium\n|-singleturn|p2a: Meganium|Protect\n|move|p1a: Archaludon|Snarl|p2a: Meganium|[spread] p2b\n|-activate|p2a: Meganium|move: Protect\n|-damage|p2b: Archaludon|66/100\n|-unboost|p2b: Archaludon|spa|1\n|-ability|p2b: Archaludon|Stamina|boost\n|-boost|p2b: Archaludon|def|1\n|move|p2b: Archaludon|Electro Shot||[still]\n|-prepare|p2b: Archaludon|Electro Shot\n|-boost|p2b: Archaludon|spa|1\n|-anim|p2b: Archaludon|Electro Shot|p1b: Vivillon\n|-activate|p1b: Vivillon|move: Protect\n|\n|-weather|RainDance|[upkeep]\n|-heal|p2b: Archaludon|73/100|[from] item: Leftovers\n|upkeep\n|turn|5\n|\n|t:|1776567044\n|switch|p2a: Basculegion|Basculegion, L50, M|100/100\n|-damage|p2a: Basculegion|88/100|[from] Stealth Rock\n|move|p1b: Vivillon|Confuse Ray|p2a: Basculegion\n|-start|p2a: Basculegion|confusion\n|move|p1a: Archaludon|Electro Shot||[still]\n|-prepare|p1a: Archaludon|Electro Shot\n|-boost|p1a: Archaludon|spa|1\n|-anim|p1a: Archaludon|Electro Shot|p2a: Basculegion\n|-supereffective|p2a: Basculegion|1\n|-damage|p2a: Basculegion|0 fnt\n|faint|p2a: Basculegion\n|move|p2b: Archaludon|Electro Shot||[still]\n|-prepare|p2b: Archaludon|Electro Shot\n|-boost|p2b: Archaludon|spa|1\n|-anim|p2b: Archaludon|Electro Shot|p1b: Vivillon\n|-supereffective|p1b: Vivillon|1\n|-enditem|p1b: Vivillon|Focus Sash\n|-damage|p1b: Vivillon|1/100\n|\n|-weather|none\n|-heal|p2b: Archaludon|79/100|[from] item: Leftovers\n|upkeep\n|\n|t:|1776567066\n|switch|p2a: Meganium|Meganium-Mega, L50, F|65/100\n|-damage|p2a: Meganium|52/100|[from] Stealth Rock\n|turn|6\n|\n|t:|1776567087\n|move|p1b: Vivillon|Protect|p1b: Vivillon\n|-singleturn|p1b: Vivillon|Protect\n|move|p2a: Meganium|Protect|p2a: Meganium\n|-singleturn|p2a: Meganium|Protect\n|move|p1a: Archaludon|Snarl|p2a: Meganium|[spread] p2b\n|-activate|p2a: Meganium|move: Protect\n|-crit|p2b: Archaludon\n|-damage|p2b: Archaludon|33/100\n|-unboost|p2b: Archaludon|spa|1\n|-ability|p2b: Archaludon|Stamina|boost\n|-boost|p2b: Archaludon|def|1\n|move|p2b: Archaludon|Electro Shot||[still]\n|-prepare|p2b: Archaludon|Electro Shot\n|-boost|p2b: Archaludon|spa|1\n|\n|-heal|p2b: Archaludon|40/100|[from] item: Leftovers\n|upkeep\n|turn|7\n|\n|t:|1776567110\n|move|p1b: Vivillon|Confuse Ray|p2a: Meganium\n|-start|p2a: Meganium|confusion\n|move|p1a: Archaludon|Dragon Pulse|p2b: Archaludon\n|-damage|p2b: Archaludon|0 fnt\n|faint|p2b: Archaludon\n|-activate|p2a: Meganium|confusion\n|move|p2a: Meganium|Dazzling Gleam|p1b: Vivillon|[spread] p1a,p1b\n|-damage|p1a: Archaludon|0 fnt\n|-damage|p1b: Vivillon|0 fnt\n|faint|p1a: Archaludon\n|faint|p1b: Vivillon\n|\n|win|chrismckenz\n|raw|hhjgu's rating: 1067 &rarr; <strong>1045</strong><br />(-22 for losing)\n|raw|chrismckenz's rating: 1027 &rarr; <strong>1067</strong><br />(+40 for winning)\n|c|\u2606hhjgu|gg\n",
  "uploadtime": 1776567126,
  "views": 11,
  "formatid": "gen9championsvgc2026regma",
  "rating": 1045,
  "private": 0,
  "password": null
}