{
  "id": "gen9championsvgc2026regma-2585286540",
  "format": "[Gen 9 Champions] VGC 2026 Reg M-A",
  "players": [
    "TabiVT",
    "Absol_TT"
  ],
  "log": "|j|\u2606TabiVT\n|j|\u2606Absol_TT\n|t:|1776333962\n|gametype|doubles\n|player|p1|TabiVT|dawn-gen4pt|1212\n|player|p2|Absol_TT|pryce|1228\n|gen|9\n|tier|[Gen 9 Champions] VGC 2026 Reg M-A\n|rated|\n|rule|Species Clause: Limit one of each Pok\u00e9mon\n|rule|Item Clause: Limit 1 of each item\n|clearpoke\n|poke|p1|Bellibolt, L50, F|\n|poke|p1|Oranguru, L50, F|\n|poke|p1|Raichu, L50, F|\n|poke|p1|Camerupt, L50, M|\n|poke|p1|Whimsicott, L50, M|\n|poke|p1|Chimecho, L50, M|\n|poke|p2|Gengar, L50, F|\n|poke|p2|Sinistcha, L50|\n|poke|p2|Pelipper, L50, M|\n|poke|p2|Basculegion, L50, M|\n|poke|p2|Incineroar, L50, M|\n|poke|p2|Archaludon, L50, F|\n|teampreview|4\n|inactive|Battle timer is ON: inactive players will automatically lose when time's up. (requested by TabiVT)\n|inactive|TabiVT has 60 seconds left.\n|\n|t:|1776334019\n|teamsize|p1|4\n|teamsize|p2|4\n|start\n|switch|p1a: Whimsicott|Whimsicott, L50, M, shiny|100/100\n|switch|p1b: Oranguru|Oranguru, L50, F|100/100\n|switch|p2a: Incineroar|Incineroar, L50, M|100/100\n|switch|p2b: Gengar|Gengar, L50, F|100/100\n|-ability|p2a: Incineroar|Intimidate|boost\n|-unboost|p1a: Whimsicott|atk|1\n|-unboost|p1b: Oranguru|atk|1\n|turn|1\n|\n|t:|1776334041\n|detailschange|p2b: Gengar|Gengar-Mega, L50, F\n|-mega|p2b: Gengar|Gengar|Gengarite\n|move|p1a: Whimsicott|Protect|p1a: Whimsicott\n|-singleturn|p1a: Whimsicott|Protect\n|move|p2a: Incineroar|Fake Out|p1a: Whimsicott\n|-activate|p1a: Whimsicott|move: Protect\n|move|p2b: Gengar|Sludge Bomb|p1a: Whimsicott\n|-activate|p1a: Whimsicott|move: Protect\n|move|p1b: Oranguru|Trick Room|p1b: Oranguru\n|-fieldstart|move: Trick Room|[of] p1b: Oranguru\n|\n|upkeep\n|turn|2\n|inactive|TabiVT has 30 seconds left.\n|inactive|Absol_TT has 30 seconds left.\n|inactive|TabiVT has 20 seconds left.\n|inactive|Absol_TT has 20 seconds left.\n|\n|t:|1776334078\n|move|p1b: Oranguru|Protect|p1b: Oranguru\n|-singleturn|p1b: Oranguru|Protect\n|move|p2b: Gengar|Protect|p2b: Gengar\n|-singleturn|p2b: Gengar|Protect\n|move|p2a: Incineroar|Flare Blitz|p1a: Whimsicott\n|-supereffective|p1a: Whimsicott|1\n|-damage|p1a: Whimsicott|0 fnt\n|faint|p1a: Whimsicott\n|-damage|p2a: Incineroar|70/100|[from] Recoil\n|\n|upkeep\n|\n|t:|1776334093\n|switch|p1a: Camerupt|Camerupt, L50, M, shiny|100/100\n|turn|3\n|\n|t:|1776334121\n|switch|p2b: Pelipper|Pelipper, L50, M|100/100\n|-weather|RainDance|[from] ability: Drizzle|[of] p2b: Pelipper\n|detailschange|p1a: Camerupt|Camerupt-Mega, L50, M, shiny\n|-mega|p1a: Camerupt|Camerupt|Cameruptite\n|move|p1a: Camerupt|Earth Power|p2b: Pelipper\n|-immune|p2b: Pelipper\n|move|p1b: Oranguru|Instruct|p1a: Camerupt\n|-singleturn|p1a: Camerupt|move: Instruct|[of] p1b: Oranguru\n|move|p1a: Camerupt|Earth Power|p2b: Pelipper\n|-immune|p2b: Pelipper\n|move|p2a: Incineroar|Darkest Lariat|p1b: Oranguru\n|-supereffective|p1b: Oranguru|1\n|-damage|p1b: Oranguru|33/100\n|\n|-weather|RainDance|[upkeep]\n|upkeep\n|turn|4\n|inactive|TabiVT has 30 seconds left.\n|\n|t:|1776334146\n|switch|p1b: Bellibolt|Bellibolt, L50, F|100/100\n|move|p1a: Camerupt|Earth Power|p2a: Incineroar\n|-supereffective|p2a: Incineroar|1\n|-damage|p2a: Incineroar|0 fnt\n|faint|p2a: Incineroar\n|move|p2b: Pelipper|Weather Ball|p1a: Camerupt\n|-supereffective|p1a: Camerupt|2\n|-damage|p1a: Camerupt|0 fnt\n|faint|p1a: Camerupt\n|\n|-weather|RainDance|[upkeep]\n|upkeep\n|\n|t:|1776334159\n|switch|p1a: Oranguru|Oranguru, L50, F|33/100\n|switch|p2a: Gengar|Gengar-Mega, L50, F|100/100\n|turn|5\n|inactive|Absol_TT has 30 seconds left.\n|\n|t:|1776334190\n|move|p2a: Gengar|Protect|p2a: Gengar\n|-singleturn|p2a: Gengar|Protect\n|move|p1b: Bellibolt|Parabolic Charge|p2b: Pelipper|[spread] p2b\n|-activate|p2a: Gengar|move: Protect\n|-activate|p1a: Oranguru|ability: Telepathy\n|-supereffective|p2b: Pelipper|2\n|-enditem|p2b: Pelipper|Focus Sash\n|-damage|p2b: Pelipper|1/100\n|move|p1a: Oranguru|Instruct|p1b: Bellibolt\n|-singleturn|p1b: Bellibolt|move: Instruct|[of] p1a: Oranguru\n|move|p1b: Bellibolt|Parabolic Charge|p2a: Gengar|[spread] p2b\n|-activate|p2a: Gengar|move: Protect\n|-activate|p1a: Oranguru|ability: Telepathy\n|-supereffective|p2b: Pelipper|2\n|-damage|p2b: Pelipper|0 fnt\n|faint|p2b: Pelipper\n|\n|-weather|RainDance|[upkeep]\n|-fieldend|move: Trick Room\n|upkeep\n|\n|t:|1776334208\n|switch|p2b: Basculegion|Basculegion, L50, M|100/100\n|turn|6\n|\n|t:|1776334223\n|move|p1a: Oranguru|Protect|p1a: Oranguru\n|-singleturn|p1a: Oranguru|Protect\n|move|p2b: Basculegion|Wave Crash|p1a: Oranguru\n|-activate|p1a: Oranguru|move: Protect\n|move|p2a: Gengar|Sludge Bomb|p1b: Bellibolt\n|-damage|p1b: Bellibolt|49/100\n|-start|p1b: Bellibolt|Charge|Sludge Bomb|[from] ability: Electromorphosis\n|move|p1b: Bellibolt|Parabolic Charge|p2b: Basculegion|[spread] p2a,p2b\n|-activate|p1a: Oranguru|move: Protect\n|-supereffective|p2b: Basculegion|1\n|-damage|p2a: Gengar|37/100\n|-heal|p1b: Bellibolt|69/100|[from] drain|[of] p2a: Gengar\n|-damage|p2b: Basculegion|0 fnt\n|-heal|p1b: Bellibolt|100/100|[from] drain|[of] p2b: Basculegion\n|faint|p2b: Basculegion\n|-end|p1b: Bellibolt|Charge|[silent]\n|\n|-weather|RainDance|[upkeep]\n|upkeep\n|turn|7\n|inactive|TabiVT has 30 seconds left.\n|\n|t:|1776334249\n|move|p2a: Gengar|Sludge Bomb|p1a: Oranguru\n|-damage|p1a: Oranguru|0 fnt\n|faint|p1a: Oranguru\n|move|p1b: Bellibolt|Parabolic Charge|p2a: Gengar\n|-damage|p2a: Gengar|0 fnt\n|faint|p2a: Gengar\n|\n|win|TabiVT\n|raw|TabiVT's rating: 1212 &rarr; <strong>1238</strong><br />(+26 for winning)\n|raw|Absol_TT's rating: 1228 &rarr; <strong>1202</strong><br />(-26 for losing)\n|l|\u2606Absol_TT\n|player|p2|\n",
  "uploadtime": 1776334357,
  "views": 49,
  "formatid": "gen9championsvgc2026regma",
  "rating": 1202,
  "private": 0,
  "password": null
}