{
  "id": "gen9championsvgc2026regma-2587208631",
  "format": "[Gen 9 Champions] VGC 2026 Reg M-A",
  "players": [
    "Oskiiwi",
    "monoxviii"
  ],
  "log": "|j|\u2606Oskiiwi\n|j|\u2606monoxviii\n|t:|1776509142\n|gametype|doubles\n|player|p1|Oskiiwi|n|1076\n|player|p2|monoxviii|170|1177\n|gen|9\n|tier|[Gen 9 Champions] VGC 2026 Reg M-A\n|rated|\n|rule|Species Clause: Limit one of each Pok\u00e9mon\n|rule|Item Clause: Limit 1 of each item\n|clearpoke\n|poke|p1|Garchomp, L50, M|\n|poke|p1|Aerodactyl, L50, F|\n|poke|p1|Venusaur, L50, F|\n|poke|p1|Torkoal, L50, M|\n|poke|p1|Kingambit, L50, M|\n|poke|p1|Basculegion-F, L50, F|\n|poke|p2|Floette-Eternal, L50, F|\n|poke|p2|Sinistcha, L50|\n|poke|p2|Sneasler, L50, M|\n|poke|p2|Aerodactyl, L50, M|\n|poke|p2|Lucario, L50, F|\n|poke|p2|Incineroar, L50, M|\n|teampreview|4\n|inactive|Battle timer is ON: inactive players will automatically lose when time's up. (requested by Oskiiwi)\n|l|\u2606monoxviii\n|inactive|monoxviii disconnected and has a minute to reconnect!\n|player|p2|\n|j|\u2606monoxviii\n|inactive|monoxviii reconnected and has 80 seconds left.\n|player|p2|monoxviii|170|\n|inactive|Oskiiwi has 60 seconds left.\n|inactive|monoxviii has 60 seconds left.\n|\n|t:|1776509182\n|teamsize|p1|4\n|teamsize|p2|4\n|start\n|switch|p1a: Aerodactyl|Aerodactyl, L50, F|100/100\n|switch|p1b: Basculegion|Basculegion-F, L50, F|100/100\n|switch|p2a: Floette|Floette-Eternal, L50, F|100/100\n|switch|p2b: Aerodactyl|Aerodactyl, L50, M|100/100\n|-ability|p1a: Aerodactyl|Unnerve\n|-ability|p2b: Aerodactyl|Unnerve\n|turn|1\n|\n|t:|1776509206\n|detailschange|p1a: Aerodactyl|Aerodactyl-Mega, L50, F\n|-mega|p1a: Aerodactyl|Aerodactyl|Aerodactylite\n|detailschange|p2a: Floette|Floette-Mega, L50, F\n|-mega|p2a: Floette|Floette|Floettite\n|-ability|p2a: Floette|Fairy Aura\n|move|p1a: Aerodactyl|Rock Slide|p2b: Aerodactyl|[spread] p2a,p2b\n|-supereffective|p2b: Aerodactyl|1\n|-damage|p2a: Floette|58/100\n|-enditem|p2b: Aerodactyl|Focus Sash\n|-damage|p2b: Aerodactyl|1/100\n|move|p2b: Aerodactyl|Rock Slide|p1b: Basculegion|[spread] p1a,p1b\n|-supereffective|p1a: Aerodactyl|1\n|-damage|p1a: Aerodactyl|39/100\n|-damage|p1b: Basculegion|68/100\n|move|p1b: Basculegion|Muddy Water|p2a: Floette|[spread] p2b\n|-miss|p1b: Basculegion|p2a: Floette\n|-supereffective|p2b: Aerodactyl|1\n|-damage|p2b: Aerodactyl|0 fnt\n|faint|p2b: Aerodactyl\n|cant|p2a: Floette|flinch\n|\n|upkeep\n|\n|t:|1776509229\n|switch|p2b: Sinistcha|Sinistcha, L50|100/100\n|-heal|p2a: Floette|83/100|[from] ability: Hospitality|[of] p2b: Sinistcha\n|turn|2\n|\n|t:|1776509249\n|switch|p1b: Kingambit|Kingambit, L50, M|100/100\n|move|p2b: Sinistcha|Rage Powder|p2b: Sinistcha\n|-singleturn|p2b: Sinistcha|move: Rage Powder\n|move|p1a: Aerodactyl|Dual Wingbeat|p2b: Sinistcha\n|-supereffective|p2b: Sinistcha|1\n|-damage|p2b: Sinistcha|52/100\n|-supereffective|p2b: Sinistcha|1\n|-damage|p2b: Sinistcha|11/100\n|-hitcount|p2b: Sinistcha|2\n|move|p2a: Floette|Moonblast|p1a: Aerodactyl\n|-damage|p1a: Aerodactyl|0 fnt\n|faint|p1a: Aerodactyl\n|\n|-heal|p2b: Sinistcha|17/100|[from] item: Leftovers\n|upkeep\n|\n|t:|1776509271\n|switch|p1a: Basculegion|Basculegion-F, L50, F|68/100\n|turn|3\n|\n|t:|1776509281\n|move|p2b: Sinistcha|Rage Powder|p2b: Sinistcha\n|-singleturn|p2b: Sinistcha|move: Rage Powder\n|move|p1a: Basculegion|Shadow Ball|p2b: Sinistcha\n|-supereffective|p2b: Sinistcha|1\n|-damage|p2b: Sinistcha|0 fnt\n|faint|p2b: Sinistcha\n|move|p2a: Floette|Draining Kiss|p1b: Kingambit\n|-damage|p1b: Kingambit|63/100\n|-heal|p2a: Floette|100/100|[from] drain|[of] p1b: Kingambit\n|move|p1b: Kingambit|Iron Head|p2a: Floette\n|-supereffective|p2a: Floette|1\n|-damage|p2a: Floette|0 fnt\n|faint|p2a: Floette\n|\n|upkeep\n|\n|t:|1776509291\n|switch|p2a: Lucario|Lucario, L50, F|100/100\n|turn|4\n|\n|t:|1776509301\n|switch|p1a: Garchomp|Garchomp, L50, M|100/100\n|move|p2a: Lucario|Flash Cannon|p1a: Garchomp\n|-damage|p1a: Garchomp|66/100\n|move|p1b: Kingambit|Low Kick|p2a: Lucario\n|-supereffective|p2a: Lucario|1\n|-damage|p2a: Lucario|11/100\n|\n|upkeep\n|turn|5\n|-message|monoxviii forfeited.\n|\n|win|Oskiiwi\n|raw|Oskiiwi's rating: 1076 &rarr; <strong>1113</strong><br />(+37 for winning)\n|raw|monoxviii's rating: 1177 &rarr; <strong>1145</strong><br />(-32 for losing)\n|l|\u2606monoxviii\n|player|p2|\n",
  "uploadtime": 1776509330,
  "views": 15,
  "formatid": "gen9championsvgc2026regma",
  "rating": 1113,
  "private": 0,
  "password": null
}