{
  "id": "gen9championsvgc2026regma-2580548052",
  "format": "[Gen 9 Champions] VGC 2026 Reg M-A",
  "players": [
    "Heraxew",
    "TNT13"
  ],
  "log": "|j|\u2606Heraxew\n|j|\u2606TNT13\n|t:|1775911540\n|gametype|doubles\n|player|p1|Heraxew|swimmerf-gen4dp|1077\n|player|p2|TNT13|102|1000\n|gen|9\n|tier|[Gen 9 Champions] VGC 2026 Reg M-A\n|rated|\n|rule|Species Clause: Limit one of each Pok\u00e9mon\n|rule|Item Clause: Limit 1 of each item\n|clearpoke\n|poke|p1|Incineroar, L50, M|\n|poke|p1|Tyranitar, L50, F|\n|poke|p1|Sinistcha, L50|\n|poke|p1|Garchomp, L50, F|\n|poke|p1|Sandaconda, L50, M|\n|poke|p1|Sylveon, L50, F|\n|poke|p2|Pikachu, L50, F|\n|poke|p2|Starmie, L50|\n|poke|p2|Azumarill, L50, F|\n|poke|p2|Tinkaton, L50, F|\n|poke|p2|Bastiodon, L50, M|\n|poke|p2|Espathra, L50, F|\n|teampreview|4\n|c|\u2606Heraxew|hf\n|\n|t:|1775911566\n|teamsize|p1|4\n|teamsize|p2|4\n|start\n|switch|p1a: Incineroar|Incineroar, L50, M|100/100\n|switch|p1b: Sylveon|Sylveon, L50, F|100/100\n|switch|p2a: Pikachu|Pikachu, L50, F|100/100\n|switch|p2b: Azumarill|Azumarill, L50, F|100/100\n|-ability|p1a: Incineroar|Intimidate|boost\n|-unboost|p2a: Pikachu|atk|1\n|-unboost|p2b: Azumarill|atk|1\n|turn|1\n|inactive|Battle timer is ON: inactive players will automatically lose when time's up. (requested by TNT13)\n|\n|t:|1775911582\n|switch|p2b: Bastiodon|Bastiodon, L50, M|100/100\n|move|p2a: Pikachu|Upper Hand|p1a: Incineroar\n|-supereffective|p1a: Incineroar|1\n|-damage|p1a: Incineroar|63/100\n|cant|p1a: Incineroar|flinch\n|move|p1b: Sylveon|Yawn|p2a: Pikachu\n|-start|p2a: Pikachu|move: Yawn|[of] p1b: Sylveon\n|\n|upkeep\n|turn|2\n|\n|t:|1775911601\n|move|p2a: Pikachu|Volt Tackle|p1b: Sylveon\n|-damage|p1b: Sylveon|26/100\n|-damage|p2a: Pikachu|60/100|[from] Recoil\n|move|p1b: Sylveon|Yawn|p2b: Bastiodon\n|-start|p2b: Bastiodon|move: Yawn|[of] p1b: Sylveon\n|move|p1a: Incineroar|Parting Shot|p2a: Pikachu\n|-unboost|p2a: Pikachu|atk|1\n|-unboost|p2a: Pikachu|spa|1\n|\n|t:|1775911616\n|switch|p1a: Sandaconda|Sandaconda, L50, M|100/100|[from] Parting Shot\n|move|p2b: Bastiodon|Rock Slide|p1b: Sylveon|[spread] p1b\n|-miss|p2b: Bastiodon|p1a: Sandaconda\n|-crit|p1b: Sylveon\n|-damage|p1b: Sylveon|0 fnt\n|faint|p1b: Sylveon\n|\n|-end|p2a: Pikachu|move: Yawn|[silent]\n|-status|p2a: Pikachu|slp\n|upkeep\n|\n|t:|1775911626\n|switch|p1b: Garchomp|Garchomp, L50, F|100/100\n|turn|3\n|\n|t:|1775911647\n|move|p1b: Garchomp|Protect|p1b: Garchomp\n|-singleturn|p1b: Garchomp|Protect\n|cant|p2a: Pikachu|slp\n|move|p2b: Bastiodon|Wide Guard|p2b: Bastiodon\n|-singleturn|p2b: Bastiodon|Wide Guard\n|move|p1a: Sandaconda|Coil|p1a: Sandaconda\n|-boost|p1a: Sandaconda|atk|1\n|-boost|p1a: Sandaconda|def|1\n|-boost|p1a: Sandaconda|accuracy|1\n|\n|-end|p2b: Bastiodon|move: Yawn|[silent]\n|-status|p2b: Bastiodon|slp\n|upkeep\n|turn|4\n|\n|t:|1775911665\n|cant|p2a: Pikachu|slp\n|move|p1b: Garchomp|Earthquake|p2a: Pikachu|[spread] p1a,p2a,p2b\n|-supereffective|p2a: Pikachu|1\n|-supereffective|p2b: Bastiodon|2\n|-enditem|p2b: Bastiodon|Shuca Berry|[eat]\n|-enditem|p2b: Bastiodon|Shuca Berry|[weaken]\n|-damage|p1a: Sandaconda|82/100\n|-damage|p2a: Pikachu|0 fnt\n|-damage|p2b: Bastiodon|53/100 slp\n|-weather|Sandstorm|[from] ability: Sand Spit|[of] p1a: Sandaconda\n|faint|p2a: Pikachu\n|move|p1a: Sandaconda|Rock Slide|p2b: Bastiodon\n|-resisted|p2b: Bastiodon|1\n|-damage|p2b: Bastiodon|43/100 slp\n|cant|p2b: Bastiodon|slp\n|\n|-weather|Sandstorm|[upkeep]\n|upkeep\n|\n|t:|1775911679\n|switch|p2a: Azumarill|Azumarill, L50, F|100/100\n|turn|5\n|\n|t:|1775911695\n|move|p1b: Garchomp|Earthquake|p2a: Azumarill|[spread] p1a,p2a,p2b\n|-supereffective|p2b: Bastiodon|2\n|-damage|p1a: Sandaconda|64/100\n|-damage|p2a: Azumarill|66/100\n|-damage|p2b: Bastiodon|0 fnt\n|faint|p2b: Bastiodon\n|move|p1a: Sandaconda|Glare|p2a: Azumarill\n|-status|p2a: Azumarill|par\n|move|p2a: Azumarill|Perish Song|p2a: Azumarill\n|-start|p1a: Sandaconda|perish3|[silent]\n|-start|p1b: Garchomp|perish3|[silent]\n|-start|p2a: Azumarill|perish3|[silent]\n|-fieldactivate|move: Perish Song\n|\n|-weather|Sandstorm|[upkeep]\n|-damage|p2a: Azumarill|60/100 par|[from] Sandstorm\n|-start|p1b: Garchomp|perish3\n|-start|p1a: Sandaconda|perish3\n|-start|p2a: Azumarill|perish3\n|upkeep\n|\n|t:|1775911709\n|switch|p2b: Starmie|Starmie, L50|100/100\n|turn|6\n|inactive|Heraxew has 30 seconds left.\n|\n|t:|1775911734\n|switch|p1a: Incineroar|Incineroar, L50, M|63/100\n|-ability|p1a: Incineroar|Intimidate|boost\n|-unboost|p2a: Azumarill|atk|1\n|-unboost|p2b: Starmie|atk|1\n|detailschange|p2b: Starmie|Starmie-Mega, L50\n|-mega|p2b: Starmie|Starmie|Starminite\n|move|p2b: Starmie|Liquidation|p1a: Incineroar\n|-supereffective|p1a: Incineroar|1\n|-damage|p1a: Incineroar|0 fnt\n|faint|p1a: Incineroar\n|move|p1b: Garchomp|Rock Slide|p2b: Starmie|[spread] p2a,p2b\n|-crit|p2b: Starmie\n|-damage|p2a: Azumarill|42/100 par\n|-damage|p2b: Starmie|57/100\n|-enditem|p2a: Azumarill|Sitrus Berry|[eat]\n|-heal|p2a: Azumarill|67/100 par|[from] item: Sitrus Berry\n|move|p2a: Azumarill|Ice Spinner|p1b: Garchomp\n|-supereffective|p1b: Garchomp|2\n|-damage|p1b: Garchomp|70/100\n|\n|-weather|Sandstorm|[upkeep]\n|-damage|p2b: Starmie|51/100|[from] Sandstorm\n|-damage|p2a: Azumarill|61/100 par|[from] Sandstorm\n|-start|p1b: Garchomp|perish2\n|-start|p2a: Azumarill|perish2\n|upkeep\n|\n|t:|1775911745\n|switch|p1a: Sandaconda|Sandaconda, L50, M|64/100\n|turn|7\n|inactive|TNT13 has 30 seconds left.\n|\n|t:|1775911778\n|move|p2b: Starmie|Liquidation|p1a: Sandaconda\n|-supereffective|p1a: Sandaconda|1\n|-damage|p1a: Sandaconda|0 fnt\n|faint|p1a: Sandaconda\n|move|p1b: Garchomp|Rock Slide|p2a: Azumarill|[spread] p2a\n|-miss|p1b: Garchomp|p2b: Starmie\n|-damage|p2a: Azumarill|41/100 par\n|cant|p2a: Azumarill|flinch\n|\n|-weather|Sandstorm|[upkeep]\n|-damage|p2b: Starmie|45/100|[from] Sandstorm\n|-damage|p2a: Azumarill|35/100 par|[from] Sandstorm\n|-start|p1b: Garchomp|perish1\n|-start|p2a: Azumarill|perish1\n|upkeep\n|turn|8\n|\n|t:|1775911794\n|move|p2b: Starmie|Protect|p2b: Starmie\n|-singleturn|p2b: Starmie|Protect\n|move|p1b: Garchomp|Earthquake|p2a: Azumarill|[spread] p2a\n|-activate|p2b: Starmie|move: Protect\n|-damage|p2a: Azumarill|0 fnt\n|faint|p2a: Azumarill\n|\n|-weather|none\n|-start|p1b: Garchomp|perish0\n|faint|p1b: Garchomp\n|\n|win|TNT13\n|raw|Heraxew's rating: 1077 &rarr; <strong>1051</strong><br />(-26 for losing)\n|raw|TNT13's rating: 1000 &rarr; <strong>1049</strong><br />(+49 for winning)\n|l|\u2606Heraxew\n|player|p1|\n",
  "uploadtime": 1775911804,
  "views": 13,
  "formatid": "gen9championsvgc2026regma",
  "rating": 1049,
  "private": 0,
  "password": null
}