{
  "id": "gen9championsvgc2026regma-2587269293",
  "format": "[Gen 9 Champions] VGC 2026 Reg M-A",
  "players": [
    "drwyz",
    "MoNo_T0NaL"
  ],
  "log": "|j|\u2606drwyz\n|j|\u2606MoNo_T0NaL\n|t:|1776516597\n|gametype|doubles\n|player|p1|drwyz|giovanni|1045\n|player|p2|MoNo_T0NaL|n|1000\n|gen|9\n|tier|[Gen 9 Champions] VGC 2026 Reg M-A\n|rated|\n|rule|Species Clause: Limit one of each Pok\u00e9mon\n|rule|Item Clause: Limit 1 of each item\n|clearpoke\n|poke|p1|Heracross, L50, M|\n|poke|p1|Whimsicott, L50, M|\n|poke|p1|Rampardos, L50, F|\n|poke|p1|Rotom-Wash, L50|\n|poke|p1|Charizard, L50, M, shiny|\n|poke|p1|Aegislash, L50, F|\n|poke|p2|Golurk, L50, shiny|\n|poke|p2|Sneasler, L50, M, shiny|\n|poke|p2|Incineroar, L50, M|\n|poke|p2|Farigiraf, L50, M|\n|poke|p2|Sinistcha, L50|\n|poke|p2|Basculegion, L50, M|\n|teampreview|4\n|inactive|Battle timer is ON: inactive players will automatically lose when time's up. (requested by drwyz)\n|inactive|MoNo_T0NaL has 60 seconds left.\n|\n|t:|1776516648\n|teamsize|p1|4\n|teamsize|p2|4\n|start\n|switch|p1a: Whimsicott|Whimsicott, L50, M|100/100\n|switch|p1b: Aegislash|Aegislash, L50, F|100/100\n|switch|p2a: Farigiraf|Farigiraf, L50, M|100/100\n|switch|p2b: Incineroar|Incineroar, L50, M|100/100\n|-ability|p2b: Incineroar|Intimidate|boost\n|-unboost|p1a: Whimsicott|atk|1\n|-unboost|p1b: Aegislash|atk|1\n|turn|1\n|\n|t:|1776516670\n|move|p2b: Incineroar|Fake Out|p1a: Whimsicott\n|-damage|p1a: Whimsicott|84/100\n|cant|p1a: Whimsicott|flinch\n|-formechange|p1b: Aegislash|Aegislash-Blade|\n|move|p1b: Aegislash|Sacred Sword|p2b: Incineroar\n|-supereffective|p2b: Incineroar|1\n|-damage|p2b: Incineroar|67/100\n|move|p2a: Farigiraf|Trick Room|p2a: Farigiraf\n|-fieldstart|move: Trick Room|[of] p2a: Farigiraf\n|\n|upkeep\n|turn|2\n|inactive|MoNo_T0NaL has 30 seconds left.\n|\n|t:|1776516697\n|switch|p2a: Sinistcha|Sinistcha, L50|100/100\n|-heal|p2b: Incineroar|92/100|[from] ability: Hospitality|[of] p2a: Sinistcha\n|switch|p1a: Rampardos|Rampardos, L50, F|100/100\n|-formechange|p1b: Aegislash|Aegislash|\n|move|p1b: Aegislash|King's Shield|p1b: Aegislash\n|-singleturn|p1b: Aegislash|Protect\n|move|p2b: Incineroar|Flare Blitz|p1a: Rampardos\n|-resisted|p1a: Rampardos|1\n|-damage|p1a: Rampardos|56/100\n|-damage|p2b: Incineroar|78/100|[from] Recoil\n|\n|upkeep\n|turn|3\n|\n|t:|1776516718\n|switch|p1b: Washing Day|Rotom-Wash, L50|100/100\n|move|p2b: Incineroar|Throat Chop|p1b: Washing Day\n|-damage|p1b: Washing Day|65/100\n|-start|p1b: Washing Day|Throat Chop|[silent]\n|move|p2a: Sinistcha|Matcha Gotcha|p1b: Washing Day|[spread] p1b\n|-miss|p2a: Sinistcha|p1a: Rampardos\n|-supereffective|p1b: Washing Day|1\n|-damage|p1b: Washing Day|8/100\n|move|p1a: Rampardos|Rock Slide|p2b: Incineroar|[spread] p2a,p2b\n|-supereffective|p2b: Incineroar|1\n|-damage|p2a: Sinistcha|59/100\n|-damage|p2b: Incineroar|0 fnt\n|faint|p2b: Incineroar\n|\n|upkeep\n|\n|t:|1776516734\n|switch|p2b: Golurk|Golurk, L50, shiny|100/100\n|turn|4\n|\n|t:|1776516751\n|switch|p1a: Whimsicott|Whimsicott, L50, M|84/100\n|detailschange|p2b: Golurk|Golurk-Mega, L50, shiny\n|-mega|p2b: Golurk|Golurk|Golurkite\n|move|p1b: Washing Day|Protect|p1b: Washing Day\n|-singleturn|p1b: Washing Day|Protect\n|move|p2b: Golurk|Headlong Rush|p1a: Whimsicott\n|-resisted|p1a: Whimsicott|1\n|-damage|p1a: Whimsicott|39/100\n|-unboost|p2b: Golurk|def|1\n|-unboost|p2b: Golurk|spd|1\n|move|p2a: Sinistcha|Matcha Gotcha|p1a: Whimsicott|[spread] p1a\n|-activate|p1b: Washing Day|move: Protect\n|-resisted|p1a: Whimsicott|1\n|-damage|p1a: Whimsicott|23/100\n|-heal|p2a: Sinistcha|67/100|[from] drain|[of] p1a: Whimsicott\n|\n|-end|p1b: Washing Day|Throat Chop|[silent]\n|upkeep\n|turn|5\n|inactive|drwyz has 30 seconds left.\n|inactive|MoNo_T0NaL has 30 seconds left.\n|\n|t:|1776516780\n|switch|p2b: Farigiraf|Farigiraf, L50, M|100/100\n|switch|p1b: Aegislash|Aegislash, L50, F|100/100\n|move|p1a: Whimsicott|Protect|p1a: Whimsicott\n|-singleturn|p1a: Whimsicott|Protect\n|move|p2a: Sinistcha|Matcha Gotcha|p1a: Whimsicott|[spread] p1b\n|-activate|p1a: Whimsicott|move: Protect\n|-resisted|p1b: Aegislash|1\n|-damage|p1b: Aegislash|92/100\n|-heal|p2a: Sinistcha|71/100|[from] drain|[of] p1b: Aegislash\n|-status|p1b: Aegislash|brn\n|\n|-heal|p1b: Aegislash|98/100 brn|[from] item: Leftovers\n|-damage|p1b: Aegislash|92/100 brn|[from] brn\n|-fieldend|move: Trick Room\n|upkeep\n|turn|6\n|\n|t:|1776516805\n|move|p2a: Sinistcha|Rage Powder|p2a: Sinistcha\n|-singleturn|p2a: Sinistcha|move: Rage Powder\n|-formechange|p1b: Aegislash|Aegislash-Blade|\n|move|p1b: Aegislash|Shadow Sneak||[still]\n|cant|p2b: Farigiraf|ability: Armor Tail|Shadow Sneak|[of] p1b: Aegislash\n|move|p1a: Whimsicott|Shadow Ball|p2a: Sinistcha\n|-supereffective|p2a: Sinistcha|1\n|-damage|p2a: Sinistcha|31/100\n|-unboost|p2a: Sinistcha|spd|1\n|-enditem|p2a: Sinistcha|Sitrus Berry|[eat]\n|-heal|p2a: Sinistcha|56/100|[from] item: Sitrus Berry\n|move|p2b: Farigiraf|Trick Room|p2b: Farigiraf\n|-fieldstart|move: Trick Room|[of] p2b: Farigiraf\n|\n|-heal|p1b: Aegislash|98/100 brn|[from] item: Leftovers\n|-damage|p1b: Aegislash|92/100 brn|[from] brn\n|upkeep\n|turn|7\n|inactive|MoNo_T0NaL has 30 seconds left.\n|\n|t:|1776516835\n|switch|p2b: Golurk|Golurk-Mega, L50, shiny|100/100\n|switch|p1a: Rampardos|Rampardos, L50, F|56/100\n|move|p1b: Aegislash|Sacred Sword|p2b: Golurk\n|-immune|p2b: Golurk\n|move|p2a: Sinistcha|Matcha Gotcha|p1b: Aegislash|[spread] p1a,p1b\n|-supereffective|p1a: Rampardos|1\n|-resisted|p1b: Aegislash|1\n|-damage|p1a: Rampardos|0 fnt\n|-heal|p2a: Sinistcha|83/100|[from] drain|[of] p1a: Rampardos\n|-damage|p1b: Aegislash|75/100 brn\n|-heal|p2a: Sinistcha|91/100|[from] drain|[of] p1b: Aegislash\n|faint|p1a: Rampardos\n|\n|-heal|p1b: Aegislash|81/100 brn|[from] item: Leftovers\n|-damage|p1b: Aegislash|75/100 brn|[from] brn\n|upkeep\n|-message|drwyz forfeited.\n|\n|win|MoNo_T0NaL\n|raw|drwyz's rating: 1045 &rarr; <strong>1026</strong><br />(-19 for losing)\n|raw|MoNo_T0NaL's rating: 1000 &rarr; <strong>1045</strong><br />(+45 for winning)\n|l|\u2606drwyz\n|player|p1|\n",
  "uploadtime": 1776516857,
  "views": 16,
  "formatid": "gen9championsvgc2026regma",
  "rating": 1026,
  "private": 0,
  "password": null
}