{
  "id": "gen9championsvgc2026regma-2580389769",
  "format": "[Gen 9 Champions] VGC 2026 Reg M-A",
  "players": [
    "Zanoveli",
    "alpharax127"
  ],
  "log": "|j|\u2606Zanoveli\n|j|\u203dalpharax127\n|t:|1775889272\n|gametype|doubles\n|player|p1|Zanoveli|palmer|1098\n|player|p2|alpharax127|akari|1000\n|gen|9\n|tier|[Gen 9 Champions] VGC 2026 Reg M-A\n|rated|\n|rule|Species Clause: Limit one of each Pok\u00e9mon\n|rule|Item Clause: Limit 1 of each item\n|clearpoke\n|poke|p1|Blastoise, L50, M|\n|poke|p1|Gengar, L50, M|\n|poke|p1|Hawlucha, L50, F|\n|poke|p1|Incineroar, L50, M|\n|poke|p1|Feraligatr, L50, M|\n|poke|p1|Raichu, L50, F|\n|poke|p2|Hawlucha, L50, F|\n|poke|p2|Snorlax, L50, M|\n|poke|p2|Sinistcha, L50|\n|poke|p2|Rotom-Wash, L50|\n|poke|p2|Incineroar, L50, F|\n|poke|p2|Glimmora, L50, F|\n|teampreview|4\n|inactive|Battle timer is ON: inactive players will automatically lose when time's up. (requested by alpharax127)\n|inactive|Zanoveli also wants the timer to be on.\n|inactive|alpharax127 has 60 seconds left.\n|\n|t:|1775889305\n|teamsize|p1|4\n|teamsize|p2|4\n|start\n|switch|p1a: Incineroar|Incineroar, L50, M, shiny|100/100\n|switch|p1b: Gengar|Gengar, L50, M|100/100\n|switch|p2a: Hawlucha|Hawlucha, L50, F|100/100\n|switch|p2b: Snorlax|Snorlax, L50, M|100/100\n|-ability|p1a: Incineroar|Intimidate|boost\n|-unboost|p2a: Hawlucha|atk|1\n|-unboost|p2b: Snorlax|atk|1\n|turn|1\n|\n|t:|1775889327\n|detailschange|p2a: Hawlucha|Hawlucha-Mega, L50, F\n|-mega|p2a: Hawlucha|Hawlucha|Hawluchanite\n|move|p1a: Incineroar|Fake Out|p2a: Hawlucha\n|-damage|p2a: Hawlucha|89/100\n|move|p1b: Gengar|Shadow Ball|p2a: Hawlucha\n|-damage|p2a: Hawlucha|48/100\n|cant|p2a: Hawlucha|flinch\n|move|p2b: Snorlax|Fissure|p1a: Incineroar|[miss]\n|-miss|p2b: Snorlax|p1a: Incineroar\n|\n|upkeep\n|turn|2\n|inactive|Zanoveli has 30 seconds left.\n|\n|t:|1775889358\n|switch|p1a: Hawlucha|Hawlucha, L50, F, shiny|100/100\n|-ability|p1a: Hawlucha|Mold Breaker\n|move|p1b: Gengar|Shadow Ball|p2a: Hawlucha\n|-damage|p2a: Hawlucha|3/100\n|-unboost|p2a: Hawlucha|spd|1\n|move|p2a: Hawlucha|Entrainment|p2b: Snorlax\n|-ability|p2b: Snorlax|No Guard|Thick Fat|[from] move: Entrainment|[of] p2a: Hawlucha\n|move|p2b: Snorlax|Fissure|p1a: Hawlucha\n|-immune|p1a: Hawlucha\n|\n|upkeep\n|turn|3\n|inactive|Zanoveli has 30 seconds left.\n|inactive|alpharax127 has 30 seconds left.\n|inactive|alpharax127 has 20 seconds left.\n|\n|t:|1775889397\n|detailschange|p1a: Hawlucha|Hawlucha-Mega, L50, F, shiny\n|-mega|p1a: Hawlucha|Hawlucha|Hawluchanite\n|move|p1a: Hawlucha|Air Slash|p2a: Hawlucha\n|-supereffective|p2a: Hawlucha|1\n|-damage|p2a: Hawlucha|0 fnt\n|faint|p2a: Hawlucha\n|move|p1b: Gengar|Sludge Bomb|p2b: Snorlax\n|-damage|p2b: Snorlax|71/100\n|move|p2b: Snorlax|Fissure|p1b: Gengar\n|-enditem|p1b: Gengar|Focus Sash\n|-damage|p1b: Gengar|1/100\n|\n|-heal|p2b: Snorlax|77/100|[from] item: Leftovers\n|upkeep\n|\n|t:|1775889412\n|switch|p2a: Sinistcha|Sinistcha, L50|100/100\n|-heal|p2b: Snorlax|100/100|[from] ability: Hospitality|[of] p2a: Sinistcha\n|turn|4\n|\n|t:|1775889418\n|move|p2a: Sinistcha|Rage Powder|p2a: Sinistcha\n|-singleturn|p2a: Sinistcha|move: Rage Powder\n|move|p1a: Hawlucha|High Jump Kick|p2a: Sinistcha\n|-immune|p2a: Sinistcha\n|-damage|p1a: Hawlucha|51/100|[from] highjumpkick\n|move|p1b: Gengar|Shadow Ball|p2a: Sinistcha\n|-supereffective|p2a: Sinistcha|1\n|-damage|p2a: Sinistcha|22/100\n|-enditem|p2a: Sinistcha|Sitrus Berry|[eat]\n|-heal|p2a: Sinistcha|47/100|[from] item: Sitrus Berry\n|move|p2b: Snorlax|Smack Down|p1a: Hawlucha\n|-damage|p1a: Hawlucha|40/100\n|-start|p1a: Hawlucha|Smack Down\n|\n|upkeep\n|turn|5\n|\n|t:|1775889441\n|move|p1a: Hawlucha|Air Slash|p2b: Snorlax\n|-damage|p2b: Snorlax|88/100\n|move|p1b: Gengar|Shadow Ball|p2a: Sinistcha\n|-supereffective|p2a: Sinistcha|1\n|-damage|p2a: Sinistcha|0 fnt\n|faint|p2a: Sinistcha\n|move|p2b: Snorlax|Body Slam|p1a: Hawlucha\n|-damage|p1a: Hawlucha|17/100\n|\n|-heal|p2b: Snorlax|94/100|[from] item: Leftovers\n|upkeep\n|\n|t:|1775889448\n|switch|p2a: Rotom|Rotom-Wash, L50|100/100\n|turn|6\n|\n|t:|1775889461\n|move|p2a: Rotom|Thunderbolt|p1a: Hawlucha\n|-supereffective|p1a: Hawlucha|1\n|-damage|p1a: Hawlucha|0 fnt\n|faint|p1a: Hawlucha\n|move|p1b: Gengar|Shadow Ball|p2a: Rotom\n|-damage|p2a: Rotom|42/100\n|move|p2b: Snorlax|Smack Down|p1b: Gengar\n|-damage|p1b: Gengar|0 fnt\n|faint|p1b: Gengar\n|\n|-heal|p2b: Snorlax|99/100|[from] item: Leftovers\n|upkeep\n|\n|t:|1775889473\n|switch|p1a: Incineroar|Incineroar, L50, M, shiny|100/100\n|switch|p1b: Raichu|Raichu, L50, F|100/100\n|-ability|p1a: Incineroar|Intimidate|boost\n|-unboost|p2a: Rotom|atk|1\n|-unboost|p2b: Snorlax|atk|1\n|turn|7\n|\n|t:|1775889494\n|move|p1a: Incineroar|Fake Out|p2a: Rotom\n|-damage|p2a: Rotom|28/100\n|cant|p2a: Rotom|flinch\n|move|p1b: Raichu|Nuzzle|p2b: Snorlax\n|-crit|p2b: Snorlax\n|-damage|p2b: Snorlax|93/100\n|-status|p2b: Snorlax|par\n|move|p2b: Snorlax|Fissure|p1a: Incineroar\n|-damage|p1a: Incineroar|0 fnt\n|faint|p1a: Incineroar\n|-ohko\n|\n|-heal|p2b: Snorlax|99/100 par|[from] item: Leftovers\n|upkeep\n|turn|8\n|-message|Zanoveli forfeited.\n|\n|win|alpharax127\n|raw|Zanoveli's rating: 1098 &rarr; <strong>1067</strong><br />(-31 for losing)\n|raw|alpharax127's rating: 1000 &rarr; <strong>1051</strong><br />(+51 for winning)\n|l|\u2606Zanoveli\n|player|p1|\n|l|\u203dalpharax127\n|player|p2|\n|j|\u203dalpharax127\n|player|p2|alpharax127|akari|\n|n|\u203dalpharax127|alpharax127\n",
  "uploadtime": 1775889509,
  "views": 12,
  "formatid": "gen9championsvgc2026regma",
  "rating": 1051,
  "private": 0,
  "password": null
}