{
  "id": "gen9championsvgc2026regma-2581885420",
  "format": "[Gen 9 Champions] VGC 2026 Reg M-A",
  "players": [
    "kimius64",
    "Luca_piloswine"
  ],
  "log": "|j|\u2606kimius64\n|j|\u2606Luca_piloswine\n|t:|1776036683\n|gametype|doubles\n|player|p1|kimius64|iris-gen5bw2|1118\n|player|p2|Luca_piloswine|blackbelt|1041\n|gen|9\n|tier|[Gen 9 Champions] VGC 2026 Reg M-A\n|rated|\n|rule|Species Clause: Limit one of each Pok\u00e9mon\n|rule|Item Clause: Limit 1 of each item\n|clearpoke\n|poke|p1|Slowking, L50, F|\n|poke|p1|Incineroar, L50, M|\n|poke|p1|Crabominable, L50, M|\n|poke|p1|Hatterene, L50, F|\n|poke|p1|Tsareena, L50, F|\n|poke|p1|Camerupt, L50, M|\n|poke|p2|Charizard, L50, F|\n|poke|p2|Venusaur, L50, F|\n|poke|p2|Garchomp, L50, M|\n|poke|p2|Gardevoir, L50, M|\n|poke|p2|Incineroar, L50, F|\n|poke|p2|Rotom-Wash, L50|\n|teampreview|4\n|inactive|Battle timer is ON: inactive players will automatically lose when time's up. (requested by Luca_piloswine)\n|\n|t:|1776036697\n|teamsize|p1|4\n|teamsize|p2|4\n|start\n|switch|p1a: Slowking|Slowking, L50, F|100/100\n|switch|p1b: Incineroar|Incineroar, L50, M|100/100\n|switch|p2a: Chorizard|Charizard, L50, F, shiny|100/100\n|switch|p2b: Froggo|Venusaur, L50, F|100/100\n|-ability|p1b: Incineroar|Intimidate|boost\n|-unboost|p2a: Chorizard|atk|1\n|-unboost|p2b: Froggo|atk|1\n|turn|1\n|\n|t:|1776036707\n|detailschange|p2a: Chorizard|Charizard-Mega-Y, L50, F, shiny\n|-mega|p2a: Chorizard|Charizard|Charizardite Y\n|-weather|SunnyDay|[from] ability: Drought|[of] p2a: Chorizard\n|move|p2a: Chorizard|Protect|p2a: Chorizard\n|-singleturn|p2a: Chorizard|Protect\n|move|p1b: Incineroar|Fake Out|p2b: Froggo\n|-damage|p2b: Froggo|83/100\n|cant|p2b: Froggo|flinch\n|move|p1a: Slowking|Trick Room|p1a: Slowking\n|-fieldstart|move: Trick Room|[of] p1a: Slowking\n|\n|-weather|SunnyDay|[upkeep]\n|upkeep\n|turn|2\n|inactive|Luca_piloswine has 30 seconds left.\n|\n|t:|1776036739\n|switch|p2a: Garcha|Garchomp, L50, M|100/100\n|-prepare|p1a: Slowking|Chilly Reception|[premajor]\n|move|p1a: Slowking|Chilly Reception|p1a: Slowking\n|-weather|Snowscape\n|\n|t:|1776036746\n|switch|p1a: Camerupt|Camerupt, L50, M|100/100|[from] Chilly Reception\n|move|p1b: Incineroar|Darkest Lariat|p2a: Garcha\n|-damage|p2a: Garcha|60/100\n|-damage|p1b: Incineroar|88/100|[from] ability: Rough Skin|[of] p2a: Garcha\n|move|p2b: Froggo|Solar Beam||[still]\n|-prepare|p2b: Froggo|Solar Beam\n|\n|-weather|Snowscape|[upkeep]\n|upkeep\n|turn|3\n|\n|t:|1776036762\n|detailschange|p1a: Camerupt|Camerupt-Mega, L50, M\n|-mega|p1a: Camerupt|Camerupt|Cameruptite\n|move|p1a: Camerupt|Heat Wave|p2b: Froggo|[spread] p2a,p2b\n|-resisted|p2a: Garcha|1\n|-supereffective|p2b: Froggo|1\n|-damage|p2a: Garcha|28/100\n|-damage|p2b: Froggo|0 fnt\n|faint|p2b: Froggo\n|move|p1b: Incineroar|Darkest Lariat|p2a: Garcha\n|-damage|p2a: Garcha|0 fnt\n|-damage|p1b: Incineroar|76/100|[from] ability: Rough Skin|[of] p2a: Garcha\n|faint|p2a: Garcha\n|\n|-weather|Snowscape|[upkeep]\n|upkeep\n|\n|t:|1776036768\n|switch|p2b: Rotom|Rotom-Wash, L50|100/100\n|switch|p2a: Chorizard|Charizard-Mega-Y, L50, F, shiny|100/100\n|-weather|SunnyDay|[from] ability: Drought|[of] p2a: Chorizard\n|turn|4\n|\n|t:|1776036783\n|move|p1a: Camerupt|Heat Wave|p2b: Rotom|[spread] p2a,p2b\n|-resisted|p2a: Chorizard|1\n|-resisted|p2b: Rotom|1\n|-damage|p2a: Chorizard|63/100\n|-damage|p2b: Rotom|55/100\n|move|p1b: Incineroar|Darkest Lariat|p2b: Rotom\n|-damage|p2b: Rotom|16/100\n|move|p2b: Rotom|Hydro Pump|p1a: Camerupt\n|-supereffective|p1a: Camerupt|2\n|-damage|p1a: Camerupt|12/100\n|move|p2a: Chorizard|Solar Beam||[still]\n|-prepare|p2a: Chorizard|Solar Beam\n|-anim|p2a: Chorizard|Solar Beam|p1a: Camerupt\n|-damage|p1a: Camerupt|0 fnt\n|faint|p1a: Camerupt\n|\n|-weather|SunnyDay|[upkeep]\n|upkeep\n|\n|t:|1776036790\n|switch|p1a: Hatterene|Hatterene, L50, F|100/100\n|turn|5\n|\n|t:|1776036800\n|move|p2b: Rotom|Protect|p2b: Rotom\n|-singleturn|p2b: Rotom|Protect\n|move|p1a: Hatterene|Dazzling Gleam|p2a: Chorizard|[spread] p2a\n|-activate|p2b: Rotom|move: Protect\n|-resisted|p2a: Chorizard|1\n|-damage|p2a: Chorizard|42/100\n|move|p1b: Incineroar|Darkest Lariat|p2a: Chorizard\n|-damage|p2a: Chorizard|0 fnt\n|faint|p2a: Chorizard\n|\n|-weather|SunnyDay|[upkeep]\n|-fieldend|move: Trick Room\n|upkeep\n|turn|6\n|\n|t:|1776036811\n|move|p2b: Rotom|Hydro Pump|p1b: Incineroar\n|-supereffective|p1b: Incineroar|1\n|-crit|p1b: Incineroar\n|-damage|p1b: Incineroar|15/100\n|-enditem|p1b: Incineroar|Sitrus Berry|[eat]\n|-heal|p1b: Incineroar|40/100|[from] item: Sitrus Berry\n|move|p1b: Incineroar|Darkest Lariat|p2b: Rotom\n|-damage|p2b: Rotom|0 fnt\n|faint|p2b: Rotom\n|\n|win|kimius64\n|raw|kimius64's rating: 1118 &rarr; <strong>1138</strong><br />(+20 for winning)\n|raw|Luca_piloswine's rating: 1041 &rarr; <strong>1028</strong><br />(-13 for losing)\n|l|\u2606Luca_piloswine\n|player|p2|\n",
  "uploadtime": 1776036843,
  "views": 15,
  "formatid": "gen9championsvgc2026regma",
  "rating": 1028,
  "private": 0,
  "password": null
}