{
  "id": "gen9championsvgc2026regma-2583802939",
  "format": "[Gen 9 Champions] VGC 2026 Reg M-A",
  "players": [
    "LostInDaUniverse",
    "PiniTera"
  ],
  "log": "|j|\u2606LostInDaUniverse\n|j|\u2606PiniTera\n|t:|1776198814\n|gametype|doubles\n|player|p1|LostInDaUniverse|169|1096\n|player|p2|PiniTera|lucas|1060\n|gen|9\n|tier|[Gen 9 Champions] VGC 2026 Reg M-A\n|rated|\n|rule|Species Clause: Limit one of each Pok\u00e9mon\n|rule|Item Clause: Limit 1 of each item\n|clearpoke\n|poke|p1|Charizard, L50, M|\n|poke|p1|Venusaur, L50, F|\n|poke|p1|Basculegion, L50, M|\n|poke|p1|Sneasler, L50, M|\n|poke|p1|Garchomp, L50, M|\n|poke|p1|Incineroar, L50, M|\n|poke|p2|Clefable, L50, M|\n|poke|p2|Kingambit, L50, F|\n|poke|p2|Sneasler, L50, F|\n|poke|p2|Dragonite, L50, M|\n|poke|p2|Delphox, L50, M|\n|poke|p2|Basculegion, L50, M|\n|teampreview|4\n|inactive|Battle timer is ON: inactive players will automatically lose when time's up. (requested by LostInDaUniverse)\n|\n|t:|1776198866\n|teamsize|p1|4\n|teamsize|p2|4\n|start\n|switch|p1a: Basculegion|Basculegion, L50, M|100/100\n|switch|p1b: Sneasler|Sneasler, L50, M|100/100\n|switch|p2a: Clefable|Clefable, L50, M|100/100\n|switch|p2b: Delphox|Delphox, L50, M|100/100\n|turn|1\n|\n|t:|1776198884\n|switch|p2a: Dragonite|Dragonite, L50, M|100/100\n|move|p2b: Delphox|Protect|p2b: Delphox\n|-singleturn|p2b: Delphox|Protect\n|move|p1b: Sneasler|Fake Out|p2a: Dragonite\n|-damage|p2a: Dragonite|91/100\n|move|p1a: Basculegion|Flip Turn|p2b: Delphox\n|-activate|p2b: Delphox|move: Protect\n|\n|upkeep\n|turn|2\n|\n|t:|1776198897\n|switch|p2b: Basculegion|Basculegion, L50, M|100/100\n|move|p1a: Basculegion|Flip Turn|p2b: Basculegion\n|-resisted|p2b: Basculegion|1\n|-damage|p2b: Basculegion|75/100\n|\n|t:|1776198905\n|switch|p1a: Garchomp|Garchomp, L50, M|100/100|[from] Flip Turn\n|move|p1b: Sneasler|Dire Claw|p2b: Basculegion\n|-resisted|p2b: Basculegion|1\n|-damage|p2b: Basculegion|47/100\n|move|p2a: Dragonite|Scale Shot|p1b: Sneasler\n|-damage|p1b: Sneasler|77/100\n|-damage|p1b: Sneasler|50/100\n|-hitcount|p1b: Sneasler|2\n|-unboost|p2a: Dragonite|def|1\n|-boost|p2a: Dragonite|spe|1\n|\n|upkeep\n|turn|3\n|\n|t:|1776198922\n|move|p2a: Dragonite|Scale Shot|p1a: Garchomp\n|-supereffective|p1a: Garchomp|1\n|-crit|p1a: Garchomp\n|-enditem|p1a: Garchomp|Haban Berry|[eat]\n|-enditem|p1a: Garchomp|Haban Berry|[weaken]\n|-damage|p1a: Garchomp|78/100\n|-supereffective|p1a: Garchomp|1\n|-damage|p1a: Garchomp|44/100\n|-supereffective|p1a: Garchomp|1\n|-damage|p1a: Garchomp|14/100\n|-hitcount|p1a: Garchomp|3\n|-unboost|p2a: Dragonite|def|1\n|-boost|p2a: Dragonite|spe|1\n|move|p2b: Basculegion|Flip Turn|p1b: Sneasler\n|-damage|p1b: Sneasler|0 fnt\n|faint|p1b: Sneasler\n|\n|t:|1776198935\n|switch|p2b: Clefable|Clefable, L50, M|100/100|[from] Flip Turn\n|move|p1a: Garchomp|Rock Slide|p2a: Dragonite|[spread] p2a,p2b\n|-supereffective|p2a: Dragonite|1\n|-damage|p2a: Dragonite|3/100\n|-damage|p2b: Clefable|86/100\n|\n|upkeep\n|\n|t:|1776198938\n|switch|p1b: Charizard|Charizard, L50, M, shiny|100/100\n|turn|4\n|\n|t:|1776198951\n|detailschange|p1b: Charizard|Charizard-Mega-Y, L50, M, shiny\n|-mega|p1b: Charizard|Charizard|Charizardite Y\n|-weather|SunnyDay|[from] ability: Drought|[of] p1b: Charizard\n|move|p1b: Charizard|Protect|p1b: Charizard\n|-singleturn|p1b: Charizard|Protect\n|move|p2b: Clefable|Protect|p2b: Clefable\n|-singleturn|p2b: Clefable|Protect\n|move|p2a: Dragonite|Scale Shot|p1a: Garchomp\n|-supereffective|p1a: Garchomp|1\n|-damage|p1a: Garchomp|0 fnt\n|faint|p1a: Garchomp\n|-hitcount|p1: Garchomp|1\n|-unboost|p2a: Dragonite|def|1\n|-boost|p2a: Dragonite|spe|1\n|\n|-weather|SunnyDay|[upkeep]\n|upkeep\n|\n|t:|1776198953\n|switch|p1a: Basculegion|Basculegion, L50, M|100/100\n|turn|5\n|\n|t:|1776198977\n|move|p1b: Charizard|Protect||[still]\n|-fail|p1b: Charizard\n|move|p2b: Clefable|Follow Me|p2b: Clefable\n|-singleturn|p2b: Clefable|move: Follow Me\n|move|p2a: Dragonite|Scale Shot|p1a: Basculegion\n|-damage|p1a: Basculegion|81/100\n|-damage|p1a: Basculegion|60/100\n|-hitcount|p1a: Basculegion|2\n|-unboost|p2a: Dragonite|def|1\n|-boost|p2a: Dragonite|spe|1\n|move|p1a: Basculegion|Last Respects|p2b: Clefable\n|-damage|p2b: Clefable|7/100\n|-enditem|p2b: Clefable|Sitrus Berry|[eat]\n|-heal|p2b: Clefable|32/100|[from] item: Sitrus Berry\n|\n|-weather|SunnyDay|[upkeep]\n|upkeep\n|turn|6\n|\n|t:|1776198997\n|move|p2b: Clefable|Protect|p2b: Clefable\n|-singleturn|p2b: Clefable|Protect\n|move|p2a: Dragonite|Scale Shot|p1a: Basculegion\n|-damage|p1a: Basculegion|43/100\n|-damage|p1a: Basculegion|25/100\n|-hitcount|p1a: Basculegion|2\n|-unboost|p2a: Dragonite|def|1\n|-boost|p2a: Dragonite|spe|1\n|move|p1a: Basculegion|Last Respects|p2b: Clefable\n|-activate|p2b: Clefable|move: Protect\n|move|p1b: Charizard|Heat Wave|p2b: Clefable|[spread] p2a\n|-activate|p2b: Clefable|move: Protect\n|-resisted|p2a: Dragonite|1\n|-damage|p2a: Dragonite|0 fnt\n|faint|p2a: Dragonite\n|\n|-weather|SunnyDay|[upkeep]\n|upkeep\n|\n|t:|1776199016\n|switch|p2a: Delphox|Delphox, L50, M|100/100\n|turn|7\n|\n|t:|1776199024\n|detailschange|p2a: Delphox|Delphox-Mega, L50, M\n|-mega|p2a: Delphox|Delphox|Delphoxite\n|move|p2b: Clefable|Follow Me|p2b: Clefable\n|-singleturn|p2b: Clefable|move: Follow Me\n|move|p1a: Basculegion|Last Respects|p2b: Clefable\n|-damage|p2b: Clefable|0 fnt\n|faint|p2b: Clefable\n|move|p2a: Delphox|Heat Wave|p1a: Basculegion|[spread] p1a,p1b\n|-resisted|p1a: Basculegion|1\n|-resisted|p1b: Charizard|1\n|-damage|p1a: Basculegion|0 fnt\n|-damage|p1b: Charizard|66/100\n|faint|p1a: Basculegion\n|move|p1b: Charizard|Air Slash|p2a: Delphox\n|-damage|p2a: Delphox|50/100\n|\n|-weather|SunnyDay|[upkeep]\n|upkeep\n|-message|LostInDaUniverse forfeited.\n|\n|win|PiniTera\n|raw|LostInDaUniverse's rating: 1096 &rarr; <strong>1069</strong><br />(-27 for losing)\n|raw|PiniTera's rating: 1060 &rarr; <strong>1094</strong><br />(+34 for winning)\n|l|\u2606LostInDaUniverse\n|player|p1|\n",
  "uploadtime": 1776199045,
  "views": 17,
  "formatid": "gen9championsvgc2026regma",
  "rating": 1069,
  "private": 0,
  "password": null
}