{
  "id": "gen9championsvgc2026regma-2585379708",
  "format": "[Gen 9 Champions] VGC 2026 Reg M-A",
  "players": [
    "dadebigo",
    "frostyviper4"
  ],
  "log": "|j|\u203ddadebigo\n|j|\u2606frostyviper4\n|t:|1776342882\n|gametype|doubles\n|player|p1|dadebigo|170|1061\n|player|p2|frostyviper4|proton|1037\n|gen|9\n|tier|[Gen 9 Champions] VGC 2026 Reg M-A\n|rated|\n|rule|Species Clause: Limit one of each Pok\u00e9mon\n|rule|Item Clause: Limit 1 of each item\n|clearpoke\n|poke|p1|Gengar, L50, M|\n|poke|p1|Corviknight, L50, F|\n|poke|p1|Drampa, L50, M|\n|poke|p1|Incineroar, L50, M|\n|poke|p1|Araquanid, L50, M|\n|poke|p1|Sinistcha, L50|\n|poke|p2|Araquanid, L50, F|\n|poke|p2|Rotom-Frost, L50|\n|poke|p2|Golurk, L50|\n|poke|p2|Whimsicott, L50, F|\n|poke|p2|Dragonite, L50, F|\n|poke|p2|Incineroar, L50, F|\n|teampreview|4\n|\n|t:|1776342899\n|teamsize|p1|4\n|teamsize|p2|4\n|start\n|switch|p1a: Corviknight|Corviknight, L50, F|100/100\n|switch|p1b: Araquanid|Araquanid, L50, M|100/100\n|switch|p2a: Golurk|Golurk, L50, shiny|100/100\n|switch|p2b: Whimsicott|Whimsicott, L50, F|100/100\n|turn|1\n|\n|t:|1776342922\n|detailschange|p2a: Golurk|Golurk-Mega, L50, shiny\n|-mega|p2a: Golurk|Golurk|Golurkite\n|move|p2b: Whimsicott|Tailwind|p2b: Whimsicott\n|-sidestart|p2: frostyviper4|move: Tailwind\n|move|p2a: Golurk|Shadow Punch|p1a: Corviknight\n|-damage|p1a: Corviknight|76/100\n|move|p1a: Corviknight|Bulk Up|p1a: Corviknight\n|-boost|p1a: Corviknight|atk|1\n|-boost|p1a: Corviknight|def|1\n|move|p1b: Araquanid|Liquidation|p2a: Golurk\n|-supereffective|p2a: Golurk|1\n|-damage|p2a: Golurk|7/100\n|-unboost|p2a: Golurk|def|1\n|\n|-heal|p1a: Corviknight|81/100|[from] item: Leftovers\n|upkeep\n|turn|2\n|\n|t:|1776342941\n|move|p2a: Golurk|Protect|p2a: Golurk\n|-singleturn|p2a: Golurk|Protect\n|move|p2b: Whimsicott|U-turn|p1b: Araquanid\n|-damage|p1b: Araquanid|89/100\n|\n|t:|1776342947\n|switch|p2b: Rotom|Rotom-Frost, L50|100/100|[from] U-turn\n|move|p1a: Corviknight|Bulk Up|p1a: Corviknight\n|-boost|p1a: Corviknight|atk|1\n|-boost|p1a: Corviknight|def|1\n|move|p1b: Araquanid|Leech Life|p2b: Rotom\n|-damage|p2b: Rotom|60/100\n|-heal|p1b: Araquanid|100/100|[from] drain|[of] p2b: Rotom\n|\n|-heal|p1a: Corviknight|87/100|[from] item: Leftovers\n|upkeep\n|turn|3\n|\n|t:|1776342974\n|move|p2b: Rotom|Thunder|p1a: Corviknight|[miss]\n|-miss|p2b: Rotom|p1a: Corviknight\n|move|p2a: Golurk|Shadow Punch|p1b: Araquanid\n|-damage|p1b: Araquanid|71/100\n|move|p1a: Corviknight|Roost|p1a: Corviknight\n|-heal|p1a: Corviknight|100/100\n|-singleturn|p1a: Corviknight|move: Roost\n|move|p1b: Araquanid|Skitter Smack|p2b: Rotom\n|-damage|p2b: Rotom|27/100\n|-unboost|p2b: Rotom|spa|1\n|\n|upkeep\n|turn|4\n|\n|t:|1776343001\n|move|p2b: Rotom|Thunderbolt|p1b: Araquanid\n|-supereffective|p1b: Araquanid|1\n|-damage|p1b: Araquanid|26/100\n|-heal|p2b: Rotom|34/100|[from] item: Shell Bell|[of] p1b: Araquanid\n|move|p2a: Golurk|Shadow Punch|p1b: Araquanid\n|-damage|p1b: Araquanid|0 fnt\n|faint|p1b: Araquanid\n|move|p1a: Corviknight|Body Press|p2b: Rotom\n|-supereffective|p2b: Rotom|1\n|-damage|p2b: Rotom|0 fnt\n|faint|p2b: Rotom\n|\n|-sideend|p2: frostyviper4|move: Tailwind\n|upkeep\n|\n|t:|1776343017\n|switch|p2b: Incineroar|Incineroar, L50, F|100/100\n|switch|p1b: Gengar|Gengar, L50, M|100/100\n|-ability|p2b: Incineroar|Intimidate|boost\n|-ability|p1a: Corviknight|Mirror Armor\n|-unboost|p2b: Incineroar|atk|1\n|-unboost|p1b: Gengar|atk|1\n|turn|5\n|\n|t:|1776343030\n|move|p1b: Gengar|Protect|p1b: Gengar\n|-singleturn|p1b: Gengar|Protect\n|move|p2b: Incineroar|Flare Blitz|p1a: Corviknight\n|-supereffective|p1a: Corviknight|1\n|-damage|p1a: Corviknight|73/100\n|-damage|p2b: Incineroar|90/100|[from] Recoil\n|move|p1a: Corviknight|Body Press|p2b: Incineroar\n|-supereffective|p2b: Incineroar|1\n|-damage|p2b: Incineroar|0 fnt\n|faint|p2b: Incineroar\n|move|p2a: Golurk|Shadow Punch|p1b: Gengar\n|-supereffective|p1b: Gengar|1\n|-ability|p2a: Golurk|Unseen Fist\n|-zbroken|p1b: Gengar\n|-damage|p1b: Gengar|73/100\n|\n|-heal|p1a: Corviknight|79/100|[from] item: Leftovers\n|upkeep\n|\n|t:|1776343045\n|switch|p2b: Whimsicott|Whimsicott, L50, F|100/100\n|turn|6\n|\n|t:|1776343057\n|detailschange|p1b: Gengar|Gengar-Mega, L50, M\n|-mega|p1b: Gengar|Gengar|Gengarite\n|move|p2b: Whimsicott|Tailwind|p2b: Whimsicott\n|-sidestart|p2: frostyviper4|move: Tailwind\n|move|p1b: Gengar|Shadow Ball|p2a: Golurk\n|-supereffective|p2a: Golurk|1\n|-damage|p2a: Golurk|0 fnt\n|faint|p2a: Golurk\n|move|p1a: Corviknight|Brave Bird|p2b: Whimsicott\n|-supereffective|p2b: Whimsicott|1\n|-enditem|p2b: Whimsicott|Focus Sash\n|-damage|p2b: Whimsicott|1/100\n|-damage|p1a: Corviknight|58/100|[from] Recoil\n|\n|-heal|p1a: Corviknight|63/100|[from] item: Leftovers\n|upkeep\n|turn|7\n|-message|frostyviper4 forfeited.\n|\n|win|dadebigo\n|raw|dadebigo's rating: 1061 &rarr; <strong>1090</strong><br />(+29 for winning)\n|raw|frostyviper4's rating: 1037 &rarr; <strong>1023</strong><br />(-14 for losing)\n|l|\u2606frostyviper4\n|player|p2|\n",
  "uploadtime": 1776343077,
  "views": 38,
  "formatid": "gen9championsvgc2026regma",
  "rating": 1023,
  "private": 0,
  "password": null
}