{
  "id": "gen9championsvgc2026regma-2586883524",
  "format": "[Gen 9 Champions] VGC 2026 Reg M-A",
  "players": [
    "Miiv",
    "loklastaji"
  ],
  "log": "|j|\u2606Miiv\n|j|\u2606loklastaji\n|t:|1776468307\n|gametype|doubles\n|player|p1|Miiv|1|1046\n|player|p2|loklastaji|2|1062\n|gen|9\n|tier|[Gen 9 Champions] VGC 2026 Reg M-A\n|rated|\n|rule|Species Clause: Limit one of each Pok\u00e9mon\n|rule|Item Clause: Limit 1 of each item\n|clearpoke\n|poke|p1|Dragonite, L50, F|\n|poke|p1|Pelipper, L50, M|\n|poke|p1|Basculegion, L50, M|\n|poke|p1|Mamoswine, L50, M|\n|poke|p1|Meganium, L50, F|\n|poke|p1|Sableye, L50, F|\n|poke|p2|Samurott-Hisui, L50, F|\n|poke|p2|Delphox, L50, M|\n|poke|p2|Tinkaton, L50, F|\n|poke|p2|Decidueye-Hisui, L50, F|\n|poke|p2|Altaria, L50, M|\n|poke|p2|Farigiraf, L50, M|\n|teampreview|4\n|\n|t:|1776468352\n|teamsize|p1|4\n|teamsize|p2|4\n|start\n|switch|p1a: Meganium|Meganium, L50, F|100/100\n|switch|p1b: Pelipper|Pelipper, L50, M|100/100\n|switch|p2a: Samurott|Samurott-Hisui, L50, F|100/100\n|switch|p2b: Delphox|Delphox, L50, M|100/100\n|-weather|RainDance|[from] ability: Drizzle|[of] p1b: Pelipper\n|turn|1\n|inactive|Battle timer is ON: inactive players will automatically lose when time's up. (requested by loklastaji)\n|\n|t:|1776468395\n|switch|p2a: Altaria|Altaria, L50, M|100/100\n|-ability|p2a: Altaria|Cloud Nine\n|detailschange|p2b: Delphox|Delphox-Mega, L50, M\n|-mega|p2b: Delphox|Delphox|Delphoxite\n|detailschange|p1a: Meganium|Meganium-Mega, L50, F\n|-mega|p1a: Meganium|Meganium|Meganiumite\n|move|p2b: Delphox|Heat Wave|p1b: Pelipper|[spread] p1a\n|-miss|p2b: Delphox|p1b: Pelipper\n|-supereffective|p1a: Meganium|1\n|-damage|p1a: Meganium|27/100\n|move|p1b: Pelipper|Weather Ball|p2b: Delphox\n|-damage|p2b: Delphox|85/100\n|move|p1a: Meganium|Solar Beam||[still]\n|-prepare|p1a: Meganium|Solar Beam\n|-activate|p1a: Meganium|ability: Mega Sol\n|-anim|p1a: Meganium|Solar Beam|p2a: Altaria\n|-resisted|p2a: Altaria|2\n|-damage|p2a: Altaria|82/100\n|\n|-weather|RainDance|[upkeep]\n|upkeep\n|turn|2\n|inactive|Miiv has 30 seconds left.\n|inactive|loklastaji has 30 seconds left.\n|inactive|loklastaji has 20 seconds left.\n|\n|t:|1776468431\n|switch|p1a: Mamoswine|Mamoswine, L50, M|100/100\n|move|p2b: Delphox|Nasty Plot|p2b: Delphox\n|-boost|p2b: Delphox|spa|2\n|move|p2a: Altaria|Flamethrower|p1a: Mamoswine\n|-supereffective|p1a: Mamoswine|1\n|-damage|p1a: Mamoswine|69/100\n|-status|p1a: Mamoswine|brn\n|move|p1b: Pelipper|Icy Wind|p2b: Delphox|[spread] p2a,p2b\n|-supereffective|p2a: Altaria|2\n|-resisted|p2b: Delphox|1\n|-damage|p2a: Altaria|32/100\n|-damage|p2b: Delphox|80/100\n|-unboost|p2a: Altaria|spe|1\n|-unboost|p2b: Delphox|spe|1\n|\n|-weather|RainDance|[upkeep]\n|-heal|p1a: Mamoswine|75/100 brn|[from] item: Leftovers\n|-damage|p1a: Mamoswine|69/100 brn|[from] brn\n|upkeep\n|turn|3\n|inactive|loklastaji has 30 seconds left.\n|\n|t:|1776468458\n|move|p2b: Delphox|Protect|p2b: Delphox\n|-singleturn|p2b: Delphox|Protect\n|move|p1a: Mamoswine|Rock Slide|p2b: Delphox|[spread] p2a\n|-activate|p2b: Delphox|move: Protect\n|-supereffective|p2a: Altaria|1\n|-damage|p2a: Altaria|10/100\n|move|p1b: Pelipper|Icy Wind|p2a: Altaria|[spread] p2a\n|-activate|p2b: Delphox|move: Protect\n|-supereffective|p2a: Altaria|2\n|-damage|p2a: Altaria|0 fnt\n|faint|p2a: Altaria\n|\n|-weather|RainDance|[upkeep]\n|-heal|p1a: Mamoswine|75/100 brn|[from] item: Leftovers\n|-damage|p1a: Mamoswine|69/100 brn|[from] brn\n|upkeep\n|\n|t:|1776468479\n|switch|p2a: Tinkaton|Tinkaton, L50, F|100/100\n|turn|4\n|\n|t:|1776468494\n|switch|p1b: Basculegion|Basculegion, L50, M, shiny|100/100\n|move|p2b: Delphox|Protect||[still]\n|-fail|p2b: Delphox\n|move|p2a: Tinkaton|Gigaton Hammer|p1a: Mamoswine\n|-supereffective|p1a: Mamoswine|1\n|-damage|p1a: Mamoswine|0 fnt\n|faint|p1a: Mamoswine\n|\n|-weather|RainDance|[upkeep]\n|upkeep\n|\n|t:|1776468503\n|switch|p1a: Meganium|Meganium-Mega, L50, F|27/100\n|turn|5\n|\n|t:|1776468525\n|switch|p2a: Samurott|Samurott-Hisui, L50, F|100/100\n|move|p2b: Delphox|Protect|p2b: Delphox\n|-singleturn|p2b: Delphox|Protect\n|move|p1b: Basculegion|Wave Crash|p2b: Delphox\n|-activate|p2b: Delphox|move: Protect\n|move|p1a: Meganium|Weather Ball|p2a: Samurott\n|-resisted|p2a: Samurott|1\n|-damage|p2a: Samurott|61/100\n|\n|-weather|none\n|upkeep\n|turn|6\n|\n|t:|1776468549\n|switch|p1a: Pelipper|Pelipper, L50, M|100/100\n|-weather|RainDance|[from] ability: Drizzle|[of] p1a: Pelipper\n|move|p2a: Samurott|Sucker Punch|p1b: Basculegion\n|-supereffective|p1b: Basculegion|1\n|-damage|p1b: Basculegion|15/100\n|-enditem|p1b: Basculegion|Sitrus Berry|[eat]\n|-heal|p1b: Basculegion|40/100|[from] item: Sitrus Berry\n|move|p1b: Basculegion|Wave Crash|p2b: Delphox\n|-supereffective|p2b: Delphox|1\n|-damage|p2b: Delphox|0 fnt\n|faint|p2b: Delphox\n|-damage|p1b: Basculegion|20/100|[from] Recoil\n|\n|-weather|RainDance|[upkeep]\n|upkeep\n|\n|t:|1776468565\n|switch|p2b: Tinkaton|Tinkaton, L50, F|100/100\n|turn|7\n|\n|t:|1776468585\n|move|p2a: Samurott|Sucker Punch|p1b: Basculegion\n|-supereffective|p1b: Basculegion|1\n|-damage|p1b: Basculegion|0 fnt\n|faint|p1b: Basculegion\n|move|p2b: Tinkaton|Gigaton Hammer|p1a: Pelipper\n|-resisted|p1a: Pelipper|1\n|-damage|p1a: Pelipper|64/100\n|move|p1a: Pelipper|Tailwind|p1a: Pelipper\n|-sidestart|p1: Miiv|move: Tailwind\n|\n|-weather|RainDance|[upkeep]\n|upkeep\n|\n|t:|1776468588\n|switch|p1b: Meganium|Meganium-Mega, L50, F|27/100\n|turn|8\n|\n|t:|1776468605\n|move|p2a: Samurott|Sucker Punch|p1b: Meganium\n|-resisted|p1b: Meganium|1\n|-damage|p1b: Meganium|13/100\n|move|p1a: Pelipper|Weather Ball|p2b: Tinkaton\n|-damage|p2b: Tinkaton|27/100\n|move|p1b: Meganium|Solar Beam||[still]\n|-prepare|p1b: Meganium|Solar Beam\n|-activate|p1b: Meganium|ability: Mega Sol\n|-anim|p1b: Meganium|Solar Beam|p2a: Samurott\n|-supereffective|p2a: Samurott|1\n|-damage|p2a: Samurott|0 fnt\n|faint|p2a: Samurott\n|move|p2b: Tinkaton|Play Rough|p1b: Meganium\n|-damage|p1b: Meganium|0 fnt\n|faint|p1b: Meganium\n|\n|-weather|RainDance|[upkeep]\n|upkeep\n|turn|9\n|c|\u2606Miiv|gg\n|\n|t:|1776468624\n|move|p2b: Tinkaton|Protect|p2b: Tinkaton\n|-singleturn|p2b: Tinkaton|Protect\n|move|p1a: Pelipper|Weather Ball|p2b: Tinkaton\n|-activate|p2b: Tinkaton|move: Protect\n|\n|-weather|RainDance|[upkeep]\n|upkeep\n|turn|10\n|\n|t:|1776468631\n|move|p2b: Tinkaton|Protect||[still]\n|-fail|p2b: Tinkaton\n|move|p1a: Pelipper|Weather Ball|p2b: Tinkaton\n|-damage|p2b: Tinkaton|0 fnt\n|faint|p2b: Tinkaton\n|\n|win|Miiv\n|raw|Miiv's rating: 1046 &rarr; <strong>1079</strong><br />(+33 for winning)\n|raw|loklastaji's rating: 1049 &rarr; <strong>1032</strong><br />(-17 for losing)\n|l|\u2606Miiv\n|player|p1|\n",
  "uploadtime": 1776468650,
  "views": 20,
  "formatid": "gen9championsvgc2026regma",
  "rating": 1032,
  "private": 0,
  "password": null
}