{
  "id": "gen9championsvgc2026regma-2582905234",
  "format": "[Gen 9 Champions] VGC 2026 Reg M-A",
  "players": [
    "Leinad Noscaj",
    "b1gguyforyou"
  ],
  "log": "|j|\u2606Leinad Noscaj\n|j|\u2606b1gguyforyou\n|t:|1776123729\n|gametype|doubles\n|player|p1|Leinad Noscaj|youngathlete|1097\n|player|p2|b1gguyforyou|supernerd|1083\n|gen|9\n|tier|[Gen 9 Champions] VGC 2026 Reg M-A\n|rated|\n|rule|Species Clause: Limit one of each Pok\u00e9mon\n|rule|Item Clause: Limit 1 of each item\n|clearpoke\n|poke|p1|Crabominable, L50, M|\n|poke|p1|Vanilluxe, L50, F|\n|poke|p1|Sinistcha, L50|\n|poke|p1|Alakazam, L50, M|\n|poke|p1|Empoleon, L50, F|\n|poke|p1|Excadrill, L50, F|\n|poke|p2|Talonflame, L50, F|\n|poke|p2|Kangaskhan, L50, F|\n|poke|p2|Dragonite, L50, F|\n|poke|p2|Rotom-Wash, L50|\n|poke|p2|Skarmory, L50, F|\n|poke|p2|Venusaur, L50, F|\n|teampreview|4\n|\n|t:|1776123756\n|teamsize|p1|4\n|teamsize|p2|4\n|start\n|switch|p1a: Crabominable|Crabominable, L50, M|100/100\n|switch|p1b: Vanilluxe|Vanilluxe, L50, F|100/100\n|switch|p2a: Talonflame|Talonflame, L50, F|100/100\n|switch|p2b: Kangaskhan|Kangaskhan, L50, F|100/100\n|-weather|Snowscape|[from] ability: Snow Warning|[of] p1b: Vanilluxe\n|turn|1\n|\n|t:|1776123778\n|detailschange|p2b: Kangaskhan|Kangaskhan-Mega, L50, F\n|-mega|p2b: Kangaskhan|Kangaskhan|Kangaskhanite\n|move|p2b: Kangaskhan|Fake Out|p1a: Crabominable\n|-damage|p1a: Crabominable|83/100\n|-damage|p1a: Crabominable|79/100\n|-hitcount|p1a: Crabominable|2\n|move|p2a: Talonflame|Sunny Day|p2a: Talonflame\n|-weather|SunnyDay\n|move|p1b: Vanilluxe|Frost Breath|p1a: Crabominable|[miss]\n|-miss|p1b: Vanilluxe|p1a: Crabominable\n|cant|p1a: Crabominable|flinch\n|\n|-weather|SunnyDay|[upkeep]\n|upkeep\n|turn|2\n|\n|t:|1776123799\n|switch|p1b: Sinistcha|Sinistcha, L50|100/100\n|-heal|p1a: Crabominable|100/100|[from] ability: Hospitality|[of] p1b: Sinistcha\n|move|p2a: Talonflame|Tailwind|p2a: Talonflame\n|-sidestart|p2: b1gguyforyou|move: Tailwind\n|move|p2b: Kangaskhan|Drain Punch|p1a: Crabominable\n|-supereffective|p1a: Crabominable|1\n|-damage|p1a: Crabominable|35/100\n|-supereffective|p1a: Crabominable|1\n|-damage|p1a: Crabominable|20/100\n|-hitcount|p1a: Crabominable|2\n|move|p1a: Crabominable|Thunder Punch|p2a: Talonflame\n|-supereffective|p2a: Talonflame|1\n|-damage|p2a: Talonflame|19/100\n|-status|p2a: Talonflame|par\n|\n|-weather|SunnyDay|[upkeep]\n|upkeep\n|turn|3\n|\n|t:|1776123826\n|switch|p2a: Skarmory|Skarmory, L50, F|100/100\n|switch|p1a: Vanilluxe|Vanilluxe, L50, F|100/100\n|-weather|Snowscape|[from] ability: Snow Warning|[of] p1a: Vanilluxe\n|move|p2b: Kangaskhan|Drain Punch|p1a: Vanilluxe\n|-supereffective|p1a: Vanilluxe|1\n|-damage|p1a: Vanilluxe|60/100\n|-supereffective|p1a: Vanilluxe|1\n|-damage|p1a: Vanilluxe|51/100\n|-hitcount|p1a: Vanilluxe|2\n|move|p1b: Sinistcha|Trick Room|p1b: Sinistcha\n|-fieldstart|move: Trick Room|[of] p1b: Sinistcha\n|\n|-weather|Snowscape|[upkeep]\n|upkeep\n|turn|4\n|\n|t:|1776123854\n|move|p1b: Sinistcha|Matcha Gotcha|p2b: Kangaskhan|[spread] p2a,p2b\n|-resisted|p2a: Skarmory|2\n|-damage|p2a: Skarmory|93/100\n|-damage|p2b: Kangaskhan|82/100\n|move|p1a: Vanilluxe|Aurora Veil|p1a: Vanilluxe\n|-sidestart|p1: Leinad Noscaj|move: Aurora Veil\n|move|p2a: Skarmory|Drill Peck|p1b: Sinistcha\n|-supereffective|p1b: Sinistcha|1\n|-damage|p1b: Sinistcha|64/100\n|move|p2b: Kangaskhan|Drain Punch|p1a: Vanilluxe\n|-supereffective|p1a: Vanilluxe|1\n|-damage|p1a: Vanilluxe|21/100\n|-heal|p2b: Kangaskhan|94/100|[from] drain|[of] p1a: Vanilluxe\n|-supereffective|p1a: Vanilluxe|1\n|-damage|p1a: Vanilluxe|15/100\n|-heal|p2b: Kangaskhan|97/100|[from] drain|[of] p1a: Vanilluxe\n|-hitcount|p1a: Vanilluxe|2\n|\n|-weather|Snowscape|[upkeep]\n|-heal|p2a: Skarmory|99/100|[from] item: Leftovers\n|upkeep\n|turn|5\n|\n|t:|1776123887\n|switch|p1a: Crabominable|Crabominable, L50, M|20/100\n|move|p1b: Sinistcha|Rage Powder|p1b: Sinistcha\n|-singleturn|p1b: Sinistcha|move: Rage Powder\n|move|p2a: Skarmory|Body Press|p1b: Sinistcha\n|-immune|p1b: Sinistcha\n|move|p2b: Kangaskhan|Crunch|p1b: Sinistcha\n|-supereffective|p1b: Sinistcha|1\n|-damage|p1b: Sinistcha|26/100\n|-enditem|p1b: Sinistcha|Sitrus Berry|[eat]\n|-heal|p1b: Sinistcha|51/100|[from] item: Sitrus Berry\n|-supereffective|p1b: Sinistcha|1\n|-damage|p1b: Sinistcha|42/100\n|-hitcount|p1b: Sinistcha|2\n|\n|-weather|Snowscape|[upkeep]\n|-heal|p2a: Skarmory|100/100|[from] item: Leftovers\n|-sideend|p2: b1gguyforyou|move: Tailwind\n|upkeep\n|turn|6\n|\n|t:|1776123911\n|move|p1a: Crabominable|Drain Punch|p2b: Kangaskhan\n|-supereffective|p2b: Kangaskhan|1\n|-damage|p2b: Kangaskhan|26/100\n|-heal|p1a: Crabominable|57/100|[from] drain|[of] p2b: Kangaskhan\n|move|p1b: Sinistcha|Life Dew|p1b: Sinistcha|[spread] p1a,p1b\n|-heal|p1a: Crabominable|82/100\n|-heal|p1b: Sinistcha|67/100\n|move|p2a: Skarmory|Body Press|p1a: Crabominable\n|-supereffective|p1a: Crabominable|1\n|-damage|p1a: Crabominable|56/100\n|move|p2b: Kangaskhan|Crunch|p1b: Sinistcha\n|-supereffective|p1b: Sinistcha|1\n|-damage|p1b: Sinistcha|29/100\n|-supereffective|p1b: Sinistcha|1\n|-damage|p1b: Sinistcha|20/100\n|-hitcount|p1b: Sinistcha|2\n|\n|-weather|Snowscape|[upkeep]\n|upkeep\n|turn|7\n|\n|t:|1776123940\n|switch|p2b: Rotom|Rotom-Wash, L50|100/100\n|move|p1a: Crabominable|Drain Punch|p2b: Rotom\n|-damage|p2b: Rotom|36/100\n|-heal|p1a: Crabominable|76/100|[from] drain|[of] p2b: Rotom\n|-enditem|p2b: Rotom|Sitrus Berry|[eat]\n|-heal|p2b: Rotom|60/100|[from] item: Sitrus Berry\n|move|p1b: Sinistcha|Life Dew|p1b: Sinistcha|[spread] p1a,p1b\n|-heal|p1a: Crabominable|100/100\n|-heal|p1b: Sinistcha|45/100\n|move|p2a: Skarmory|Tailwind|p2a: Skarmory\n|-sidestart|p2: b1gguyforyou|move: Tailwind\n|\n|-weather|none\n|-fieldend|move: Trick Room\n|upkeep\n|turn|8\n|\n|t:|1776123977\n|move|p2b: Rotom|Dark Pulse|p1b: Sinistcha\n|-supereffective|p1b: Sinistcha|1\n|-crit|p1b: Sinistcha\n|-damage|p1b: Sinistcha|0 fnt\n|faint|p1b: Sinistcha\n|move|p2a: Skarmory|Body Press|p1a: Crabominable\n|-supereffective|p1a: Crabominable|1\n|-damage|p1a: Crabominable|67/100\n|move|p1a: Crabominable|Thunder Punch|p2a: Skarmory\n|-supereffective|p2a: Skarmory|1\n|-damage|p2a: Skarmory|50/100\n|\n|-heal|p2a: Skarmory|57/100|[from] item: Leftovers\n|-sideend|p1: Leinad Noscaj|move: Aurora Veil\n|upkeep\n|\n|t:|1776123988\n|switch|p1b: Vanilluxe|Vanilluxe, L50, F|15/100\n|-weather|Snowscape|[from] ability: Snow Warning|[of] p1b: Vanilluxe\n|turn|9\n|\n|t:|1776124004\n|move|p2b: Rotom|Dark Pulse|p1b: Vanilluxe\n|-damage|p1b: Vanilluxe|0 fnt\n|faint|p1b: Vanilluxe\n|move|p2a: Skarmory|Body Press|p1a: Crabominable\n|-supereffective|p1a: Crabominable|1\n|-damage|p1a: Crabominable|33/100\n|move|p1a: Crabominable|Drain Punch|p2a: Skarmory\n|-damage|p2a: Skarmory|21/100\n|-heal|p1a: Crabominable|48/100|[from] drain|[of] p2a: Skarmory\n|\n|-weather|Snowscape|[upkeep]\n|-heal|p2a: Skarmory|27/100|[from] item: Leftovers\n|upkeep\n|\n|t:|1776124012\n|switch|p1b: Excadrill|Excadrill, L50, F|100/100\n|turn|10\n|\n|t:|1776124035\n|switch|p2a: Talonflame|Talonflame, L50, F|19/100 par\n|move|p1b: Excadrill|Protect|p1b: Excadrill\n|-singleturn|p1b: Excadrill|Protect\n|move|p2b: Rotom|Hydro Pump|p1b: Excadrill\n|-activate|p1b: Excadrill|move: Protect\n|move|p1a: Crabominable|Drain Punch|p2b: Rotom\n|-damage|p2b: Rotom|0 fnt\n|-heal|p1a: Crabominable|66/100|[from] drain|[of] p2b: Rotom\n|faint|p2b: Rotom\n|\n|-weather|Snowscape|[upkeep]\n|-sideend|p2: b1gguyforyou|move: Tailwind\n|upkeep\n|\n|t:|1776124042\n|switch|p2b: Skarmory|Skarmory, L50, F|27/100\n|turn|11\n|\n|t:|1776124072\n|detailschange|p1b: Excadrill|Excadrill-Mega, L50, F\n|-mega|p1b: Excadrill|Excadrill|Excadrite\n|move|p1b: Excadrill|Rock Slide|p2a: Talonflame|[spread] p2a,p2b\n|-supereffective|p2a: Talonflame|2\n|-damage|p2a: Talonflame|0 fnt\n|-damage|p2b: Skarmory|5/100\n|faint|p2a: Talonflame\n|move|p2b: Skarmory|Tailwind|p2b: Skarmory\n|-sidestart|p2: b1gguyforyou|move: Tailwind\n|move|p1a: Crabominable|Thunder Punch|p2b: Skarmory\n|-supereffective|p2b: Skarmory|1\n|-damage|p2b: Skarmory|0 fnt\n|faint|p2b: Skarmory\n|\n|-weather|Snowscape|[upkeep]\n|upkeep\n|\n|t:|1776124085\n|switch|p2a: Kangaskhan|Kangaskhan-Mega, L50, F|26/100\n|turn|12\n|\n|t:|1776124096\n|move|p2a: Kangaskhan|Drain Punch|p1b: Excadrill\n|-supereffective|p1b: Excadrill|1\n|-damage|p1b: Excadrill|43/100\n|-heal|p2a: Kangaskhan|52/100|[from] drain|[of] p1b: Excadrill\n|-supereffective|p1b: Excadrill|1\n|-damage|p1b: Excadrill|28/100\n|-heal|p2a: Kangaskhan|59/100|[from] drain|[of] p1b: Excadrill\n|-hitcount|p1b: Excadrill|2\n|move|p1b: Excadrill|Iron Head|p2a: Kangaskhan\n|-damage|p2a: Kangaskhan|12/100\n|move|p1a: Crabominable|Drain Punch|p2a: Kangaskhan\n|-supereffective|p2a: Kangaskhan|1\n|-damage|p2a: Kangaskhan|0 fnt\n|-heal|p1a: Crabominable|72/100|[from] drain|[of] p2a: Kangaskhan\n|faint|p2a: Kangaskhan\n|\n|win|Leinad Noscaj\n|raw|Leinad Noscaj's rating: 1097 &rarr; <strong>1121</strong><br />(+24 for winning)\n|raw|b1gguyforyou's rating: 1083 &rarr; <strong>1061</strong><br />(-22 for losing)\n|c|\u2606Leinad Noscaj|gg\n|c|\u2606Leinad Noscaj|geniunel\n|c|\u2606Leinad Noscaj|y\n|l|\u2606b1gguyforyou\n|player|p2|\n",
  "uploadtime": 1776124114,
  "views": 10,
  "formatid": "gen9championsvgc2026regma",
  "rating": 1061,
  "private": 0,
  "password": null
}