{
  "id": "gen9championsvgc2026regma-2587319827",
  "format": "[Gen 9 Champions] VGC 2026 Reg M-A",
  "players": [
    "The_angry_lion",
    "Toopifying"
  ],
  "log": "|j|\u2606The_angry_lion\n|j|\u2606Toopifying\n|t:|1776521660\n|gametype|doubles\n|player|p1|The_angry_lion|benga|1172\n|player|p2|Toopifying|265|1202\n|gen|9\n|tier|[Gen 9 Champions] VGC 2026 Reg M-A\n|rated|\n|rule|Species Clause: Limit one of each Pok\u00e9mon\n|rule|Item Clause: Limit 1 of each item\n|clearpoke\n|poke|p1|Crabominable, L50, M|\n|poke|p1|Froslass, L50, F|\n|poke|p1|Slowking-Galar, L50, M|\n|poke|p1|Incineroar, L50, M|\n|poke|p1|Sneasler, L50, F|\n|poke|p1|Milotic, L50, M|\n|poke|p2|Charizard, L50, M|\n|poke|p2|Sneasler, L50, M|\n|poke|p2|Basculegion, L50, M|\n|poke|p2|Garchomp, L50, F|\n|poke|p2|Incineroar, L50, M|\n|poke|p2|Venusaur, L50, M|\n|teampreview|4\n|inactive|Battle timer is ON: inactive players will automatically lose when time's up. (requested by Toopifying)\n|inactive|Toopifying has 60 seconds left.\n|\n|t:|1776521692\n|teamsize|p1|4\n|teamsize|p2|4\n|start\n|switch|p1a: Slowking|Slowking-Galar, L50, M|100/100\n|switch|p1b: Milotic|Milotic, L50, M|100/100\n|switch|p2a: Lizard|Charizard, L50, M|100/100\n|switch|p2b: Rotten fish|Basculegion, L50, M|100/100\n|turn|1\n|inactive|Toopifying has 30 seconds left.\n|\n|t:|1776521717\n|switch|p1b: Incineroar|Incineroar, L50, M|100/100\n|-ability|p1b: Incineroar|Intimidate|boost\n|-unboost|p2a: Lizard|atk|1\n|-unboost|p2b: Rotten fish|atk|1\n|detailschange|p2a: Lizard|Charizard-Mega-Y, L50, M\n|-mega|p2a: Lizard|Charizard|Charizardite Y\n|-weather|SunnyDay|[from] ability: Drought|[of] p2a: Lizard\n|move|p2b: Rotten fish|Flip Turn|p1a: Slowking\n|-damage|p1a: Slowking|89/100\n|\n|t:|1776521728\n|switch|p2b: Slick and slide|Sneasler, L50, M|100/100|[from] Flip Turn\n|move|p2a: Lizard|Weather Ball|p1a: Slowking\n|-damage|p1a: Slowking|18/100\n|move|p1a: Slowking|Trick Room|p1a: Slowking\n|-fieldstart|move: Trick Room|[of] p1a: Slowking\n|\n|-weather|SunnyDay|[upkeep]\n|upkeep\n|turn|2\n|\n|t:|1776521743\n|switch|p1a: Milotic|Milotic, L50, M|100/100\n|move|p2a: Lizard|Protect|p2a: Lizard\n|-singleturn|p2a: Lizard|Protect\n|move|p2b: Slick and slide|Protect|p2b: Slick and slide\n|-singleturn|p2b: Slick and slide|Protect\n|move|p1b: Incineroar|Fake Out|p2a: Lizard\n|-activate|p2a: Lizard|move: Protect\n|\n|-weather|SunnyDay|[upkeep]\n|upkeep\n|turn|3\n|\n|t:|1776521757\n|switch|p2a: Toadman|Venusaur, L50, M|100/100\n|move|p1b: Incineroar|Parting Shot|p2a: Toadman\n|-unboost|p2a: Toadman|atk|1\n|-unboost|p2a: Toadman|spa|1\n|\n|t:|1776521763\n|switch|p1b: Slowking|Slowking-Galar, L50, M|51/100|[from] Parting Shot\n|move|p1a: Milotic|Muddy Water|p2a: Toadman|[spread] p2a,p2b\n|-resisted|p2a: Toadman|1\n|-damage|p2a: Toadman|93/100\n|-damage|p2b: Slick and slide|83/100\n|move|p2b: Slick and slide|Close Combat|p1b: Slowking\n|-resisted|p1b: Slowking|2\n|-damage|p1b: Slowking|36/100\n|-unboost|p2b: Slick and slide|def|1\n|-unboost|p2b: Slick and slide|spd|1\n|-enditem|p2b: Slick and slide|White Herb\n|-clearnegativeboost|p2b: Slick and slide|[silent]\n|\n|-weather|SunnyDay|[upkeep]\n|upkeep\n|turn|4\n|\n|t:|1776521780\n|-prepare|p1b: Slowking|Chilly Reception|[premajor]\n|move|p1b: Slowking|Chilly Reception|p1b: Slowking\n|-weather|Snowscape\n|\n|t:|1776521788\n|switch|p1b: Crabominable|Crabominable, L50, M|100/100|[from] Chilly Reception\n|move|p1a: Milotic|Ice Beam|p2a: Toadman\n|-supereffective|p2a: Toadman|1\n|-damage|p2a: Toadman|32/100\n|move|p2a: Toadman|Sleep Powder|p1b: Crabominable\n|-status|p1b: Crabominable|slp|[from] move: Sleep Powder\n|move|p2b: Slick and slide|Dire Claw|p1a: Milotic\n|-damage|p1a: Milotic|58/100\n|-status|p1a: Milotic|slp\n|\n|-weather|Snowscape|[upkeep]\n|-heal|p1a: Milotic|64/100 slp|[from] item: Leftovers\n|upkeep\n|turn|5\n|c|\u2606The_angry_lion|JAJAJAJAJJAA\n|\n|t:|1776521813\n|switch|p1b: Incineroar|Incineroar, L50, M|100/100\n|-ability|p1b: Incineroar|Intimidate|boost\n|-unboost|p2a: Toadman|atk|1\n|-unboost|p2b: Slick and slide|atk|1\n|cant|p1a: Milotic|slp\n|move|p2a: Toadman|Energy Ball|p1a: Milotic\n|-supereffective|p1a: Milotic|1\n|-damage|p1a: Milotic|22/100 slp\n|move|p2b: Slick and slide|Close Combat|p1b: Incineroar\n|-supereffective|p1b: Incineroar|1\n|-damage|p1b: Incineroar|25/100\n|-unboost|p2b: Slick and slide|def|1\n|-unboost|p2b: Slick and slide|spd|1\n|-enditem|p1b: Incineroar|Sitrus Berry|[eat]\n|-heal|p1b: Incineroar|50/100|[from] item: Sitrus Berry\n|\n|-weather|Snowscape|[upkeep]\n|-heal|p1a: Milotic|28/100 slp|[from] item: Leftovers\n|-fieldend|move: Trick Room\n|upkeep\n|turn|6\n|inactive|Toopifying has 30 seconds left.\n|\n|t:|1776521841\n|cant|p1a: Milotic|slp\n|move|p1b: Incineroar|Fake Out|p2a: Toadman\n|-damage|p2a: Toadman|17/100\n|move|p2b: Slick and slide|Close Combat|p1b: Incineroar\n|-supereffective|p1b: Incineroar|1\n|-damage|p1b: Incineroar|0 fnt\n|-unboost|p2b: Slick and slide|def|1\n|-unboost|p2b: Slick and slide|spd|1\n|faint|p1b: Incineroar\n|cant|p2a: Toadman|flinch\n|\n|-weather|Snowscape|[upkeep]\n|-heal|p1a: Milotic|34/100 slp|[from] item: Leftovers\n|upkeep\n|\n|t:|1776521848\n|switch|p1b: Slowking|Slowking-Galar, L50, M|69/100\n|turn|7\n|\n|t:|1776521865\n|switch|p2b: Lizard|Charizard-Mega-Y, L50, M|100/100\n|-weather|SunnyDay|[from] ability: Drought|[of] p2b: Lizard\n|move|p2a: Toadman|Energy Ball|p1a: Milotic\n|-supereffective|p1a: Milotic|1\n|-damage|p1a: Milotic|0 fnt\n|faint|p1a: Milotic\n|move|p1b: Slowking|Trick Room|p1b: Slowking\n|-fieldstart|move: Trick Room|[of] p1b: Slowking\n|\n|-weather|SunnyDay|[upkeep]\n|upkeep\n|\n|t:|1776521871\n|switch|p1a: Crabominable|Crabominable, L50, M|100/100 slp\n|turn|8\n|\n|t:|1776521889\n|detailschange|p1a: Crabominable|Crabominable-Mega, L50, M\n|-mega|p1a: Crabominable|Crabominable|Crabominite\n|cant|p1a: Crabominable|slp\n|-prepare|p1b: Slowking|Chilly Reception|[premajor]\n|move|p1b: Slowking|Chilly Reception|p1b: Slowking\n|-weather|Snowscape\n|move|p2a: Toadman|Sleep Powder|p1b: Slowking\n|-status|p1b: Slowking|slp|[from] move: Sleep Powder\n|move|p2b: Lizard|Heat Wave|p1a: Crabominable|[spread] p1a\n|-miss|p2b: Lizard|p1b: Slowking\n|-supereffective|p1a: Crabominable|1\n|-damage|p1a: Crabominable|23/100 slp\n|\n|-weather|Snowscape|[upkeep]\n|upkeep\n|turn|9\n|\n|t:|1776521913\n|cant|p1a: Crabominable|slp\n|cant|p1b: Slowking|slp\n|move|p2a: Toadman|Energy Ball|p1a: Crabominable\n|-damage|p1a: Crabominable|0 fnt\n|faint|p1a: Crabominable\n|move|p2b: Lizard|Heat Wave|p1b: Slowking\n|-damage|p1b: Slowking|29/100 slp\n|\n|-weather|Snowscape|[upkeep]\n|upkeep\n|turn|10\n|\n|t:|1776521923\n|cant|p1b: Slowking|slp\n|move|p2a: Toadman|Earth Power|p1b: Slowking\n|-supereffective|p1b: Slowking|1\n|-enditem|p1b: Slowking|Shuca Berry|[eat]\n|-enditem|p1b: Slowking|Shuca Berry|[weaken]\n|-damage|p1b: Slowking|15/100 slp\n|move|p2b: Lizard|Weather Ball|p1b: Slowking\n|-damage|p1b: Slowking|0 fnt\n|faint|p1b: Slowking\n|\n|win|Toopifying\n|raw|The_angry_lion's rating: 1172 &rarr; <strong>1149</strong><br />(-23 for losing)\n|raw|Toopifying's rating: 1202 &rarr; <strong>1225</strong><br />(+23 for winning)\n|c|\u2606The_angry_lion|Nah, GG\n|c|\u2606Toopifying|gg\n",
  "uploadtime": 1776521958,
  "views": 17,
  "formatid": "gen9championsvgc2026regma",
  "rating": 1149,
  "private": 0,
  "password": null
}