{
  "id": "gen9championsvgc2026regma-2584010212",
  "format": "[Gen 9 Champions] VGC 2026 Reg M-A",
  "players": [
    "Ashish9",
    "jingming"
  ],
  "log": "|j|\u2606Ashish9\n|j|\u2606jingming\n|t:|1776216486\n|gametype|doubles\n|player|p1|Ashish9|2|1118\n|player|p2|jingming|nate|1204\n|gen|9\n|tier|[Gen 9 Champions] VGC 2026 Reg M-A\n|rated|\n|rule|Species Clause: Limit one of each Pok\u00e9mon\n|rule|Item Clause: Limit 1 of each item\n|clearpoke\n|poke|p1|Venusaur, L50, M|\n|poke|p1|Garchomp, L50, F|\n|poke|p1|Charizard, L50, F|\n|poke|p1|Incineroar, L50, F|\n|poke|p1|Sneasler, L50, M|\n|poke|p1|Basculegion, L50, M|\n|poke|p2|Sneasler, L50, F|\n|poke|p2|Incineroar, L50, F|\n|poke|p2|Corviknight, L50, F|\n|poke|p2|Dragonite, L50, M|\n|poke|p2|Garchomp, L50, F|\n|poke|p2|Greninja-*, L50, M|\n|teampreview|4\n|inactive|Battle timer is ON: inactive players will automatically lose when time's up. (requested by Ashish9)\n|inactive|Ashish9 has 60 seconds left.\n|\n|t:|1776216534\n|teamsize|p1|4\n|teamsize|p2|4\n|start\n|switch|p1a: Incineroar|Incineroar, L50, F|100/100\n|switch|p1b: Charizard|Charizard, L50, F|100/100\n|switch|p2a: Sneasler|Sneasler, L50, F|100/100\n|switch|p2b: Dragonite|Dragonite, L50, M|100/100\n|-ability|p1a: Incineroar|Intimidate|boost\n|-unboost|p2a: Sneasler|atk|1\n|-fail|p2b: Dragonite|unboost|Attack|[from] ability: Inner Focus|[of] p2b: Dragonite\n|turn|1\n|\n|t:|1776216558\n|move|p1b: Charizard|Protect|p1b: Charizard\n|-singleturn|p1b: Charizard|Protect\n|move|p1a: Incineroar|Fake Out|p2a: Sneasler\n|-damage|p2a: Sneasler|81/100\n|cant|p2a: Sneasler|flinch\n|move|p2b: Dragonite|Thunder|p1b: Charizard\n|-activate|p1b: Charizard|move: Protect\n|\n|upkeep\n|turn|2\n|inactive|Ashish9 has 30 seconds left.\n|\n|t:|1776216584\n|switch|p1b: Sneasler|Sneasler, L50, M|100/100\n|detailschange|p2b: Dragonite|Dragonite-Mega, L50, M\n|-mega|p2b: Dragonite|Dragonite|Dragoninite\n|move|p2a: Sneasler|Close Combat|p1a: Incineroar\n|-supereffective|p1a: Incineroar|1\n|-damage|p1a: Incineroar|34/100\n|-unboost|p2a: Sneasler|def|1\n|-unboost|p2a: Sneasler|spd|1\n|-enditem|p1a: Incineroar|Sitrus Berry|[eat]\n|-heal|p1a: Incineroar|59/100|[from] item: Sitrus Berry\n|move|p2b: Dragonite|Draco Meteor|p1b: Sneasler\n|-damage|p1b: Sneasler|16/100\n|-unboost|p2b: Dragonite|spa|2\n|move|p1a: Incineroar|Parting Shot|p2a: Sneasler\n|-unboost|p2a: Sneasler|atk|1\n|-unboost|p2a: Sneasler|spa|1\n|\n|t:|1776216600\n|switch|p1a: Charizard|Charizard, L50, F|100/100|[from] Parting Shot\n|\n|upkeep\n|turn|3\n|\n|t:|1776216608\n|switch|p2b: Garchomp|Garchomp, L50, F|100/100\n|detailschange|p1a: Charizard|Charizard-Mega-Y, L50, F\n|-mega|p1a: Charizard|Charizard|Charizardite Y\n|-weather|SunnyDay|[from] ability: Drought|[of] p1a: Charizard\n|move|p2a: Sneasler|Close Combat|p1b: Sneasler\n|-resisted|p1b: Sneasler|1\n|-damage|p1b: Sneasler|0 fnt\n|-unboost|p2a: Sneasler|def|1\n|-unboost|p2a: Sneasler|spd|1\n|faint|p1b: Sneasler\n|move|p1a: Charizard|Heat Wave|p2a: Sneasler|[spread] p2a,p2b\n|-resisted|p2b: Garchomp|1\n|-damage|p2a: Sneasler|0 fnt\n|-damage|p2b: Garchomp|63/100\n|faint|p2a: Sneasler\n|\n|-weather|SunnyDay|[upkeep]\n|upkeep\n|\n|t:|1776216624\n|switch|p2a: Dragonite|Dragonite-Mega, L50, M|100/100\n|switch|p1b: Incineroar|Incineroar, L50, F|59/100\n|-ability|p1b: Incineroar|Intimidate|boost\n|-unboost|p2a: Dragonite|atk|1\n|-unboost|p2b: Garchomp|atk|1\n|turn|4\n|\n|t:|1776216636\n|move|p1b: Incineroar|Fake Out|p2b: Garchomp\n|-damage|p2b: Garchomp|50/100\n|-damage|p1b: Incineroar|47/100|[from] ability: Rough Skin|[of] p2b: Garchomp\n|cant|p2b: Garchomp|flinch\n|move|p1a: Charizard|Heat Wave|p2b: Garchomp|[spread] p2a,p2b\n|-resisted|p2a: Dragonite|1\n|-resisted|p2b: Garchomp|1\n|-damage|p2a: Dragonite|87/100\n|-damage|p2b: Garchomp|13/100\n|-status|p2b: Garchomp|brn\n|move|p2a: Dragonite|Thunder|p1a: Charizard|[miss]\n|-miss|p2a: Dragonite|p1a: Charizard\n|\n|-weather|SunnyDay|[upkeep]\n|-damage|p2b: Garchomp|7/100 brn|[from] brn\n|upkeep\n|turn|5\n|inactive|Ashish9 has 30 seconds left.\n|\n|t:|1776216662\n|move|p2b: Garchomp|Rock Slide|p1b: Incineroar|[spread] p1a,p1b\n|-supereffective|p1a: Charizard|2\n|-supereffective|p1b: Incineroar|1\n|-damage|p1a: Charizard|69/100\n|-damage|p1b: Incineroar|35/100\n|move|p1a: Charizard|Heat Wave|p2b: Garchomp|[spread] p2a,p2b\n|-resisted|p2a: Dragonite|1\n|-resisted|p2b: Garchomp|1\n|-damage|p2a: Dragonite|59/100\n|-damage|p2b: Garchomp|0 fnt\n|faint|p2b: Garchomp\n|move|p2a: Dragonite|Draco Meteor|p1a: Charizard\n|-damage|p1a: Charizard|3/100\n|-unboost|p2a: Dragonite|spa|2\n|move|p1b: Incineroar|Parting Shot|p2a: Dragonite\n|-unboost|p2a: Dragonite|atk|1\n|-unboost|p2a: Dragonite|spa|1\n|\n|t:|1776216675\n|switch|p1b: Basculegion|Basculegion, L50, M|100/100|[from] Parting Shot\n|\n|-weather|SunnyDay|[upkeep]\n|upkeep\n|\n|t:|1776216678\n|switch|p2b: Corviknight|Corviknight, L50, F|100/100\n|turn|6\n|\n|t:|1776216685\n|switch|p1b: Incineroar|Incineroar, L50, F|35/100\n|-ability|p1b: Incineroar|Intimidate|boost\n|-unboost|p2a: Dragonite|atk|1\n|-ability|p2b: Corviknight|Mirror Armor\n|-unboost|p1b: Incineroar|atk|1\n|move|p1a: Charizard|Weather Ball|p2b: Corviknight\n|-supereffective|p2b: Corviknight|1\n|-damage|p2b: Corviknight|0 fnt\n|faint|p2b: Corviknight\n|move|p2a: Dragonite|Draco Meteor|p1a: Charizard\n|-damage|p1a: Charizard|0 fnt\n|-unboost|p2a: Dragonite|spa|2\n|faint|p1a: Charizard\n|\n|-weather|SunnyDay|[upkeep]\n|upkeep\n|\n|t:|1776216699\n|switch|p1a: Basculegion|Basculegion, L50, M|100/100\n|turn|7\n|\n|t:|1776216704\n|move|p1a: Basculegion|Last Respects|p2a: Dragonite\n|-crit|p2a: Dragonite\n|-damage|p2a: Dragonite|0 fnt\n|faint|p2a: Dragonite\n|\n|win|Ashish9\n|raw|Ashish9's rating: 1118 &rarr; <strong>1149</strong><br />(+31 for winning)\n|raw|jingming's rating: 1204 &rarr; <strong>1173</strong><br />(-31 for losing)\n|l|\u2606Ashish9\n|player|p1|\n",
  "uploadtime": 1776216738,
  "views": 22,
  "formatid": "gen9championsvgc2026regma",
  "rating": 1149,
  "private": 0,
  "password": null
}