{
  "id": "gen9championsvgc2026regma-2582642519",
  "format": "[Gen 9 Champions] VGC 2026 Reg M-A",
  "players": [
    "Khursani",
    "odaka"
  ],
  "log": "|j|\u203dKhursani\n|j|\u2606odaka\n|t:|1776104474\n|gametype|doubles\n|player|p1|Khursani|scientist|1000\n|player|p2|odaka|102|1076\n|gen|9\n|tier|[Gen 9 Champions] VGC 2026 Reg M-A\n|rated|\n|rule|Species Clause: Limit one of each Pok\u00e9mon\n|rule|Item Clause: Limit 1 of each item\n|clearpoke\n|poke|p1|Drampa, L50, M|\n|poke|p1|Farigiraf, L50, M|\n|poke|p1|Torkoal, L50, M|\n|poke|p1|Charizard, L50, M|\n|poke|p1|Milotic, L50, F|\n|poke|p1|Sylveon, L50, F|\n|poke|p2|Gengar, L50, M|\n|poke|p2|Pelipper, L50, F|\n|poke|p2|Raichu, L50, F|\n|poke|p2|Sneasler, L50, F|\n|poke|p2|Primarina, L50, M|\n|poke|p2|Kingambit, L50, M|\n|teampreview|4\n|inactive|Battle timer is ON: inactive players will automatically lose when time's up. (requested by odaka)\n|inactive|Khursani has 60 seconds left.\n|\n|t:|1776104519\n|teamsize|p1|4\n|teamsize|p2|4\n|start\n|switch|p1a: Drampa|Drampa, L50, M, shiny|100/100\n|switch|p1b: Farigiraf|Farigiraf, L50, M|100/100\n|switch|p2a: Kingambit|Kingambit, L50, M|100/100\n|switch|p2b: Sneasler|Sneasler, L50, F|100/100\n|-ability|p1a: Drampa|Cloud Nine\n|turn|1\n|inactive|Khursani has 30 seconds left.\n|\n|t:|1776104549\n|detailschange|p1a: Drampa|Drampa-Mega, L50, M, shiny\n|-mega|p1a: Drampa|Drampa|Drampanite\n|move|p2b: Sneasler|Close Combat|p1a: Drampa\n|-supereffective|p1a: Drampa|1\n|-damage|p1a: Drampa|2/100\n|-unboost|p2b: Sneasler|def|1\n|-unboost|p2b: Sneasler|spd|1\n|-ability|p1a: Drampa|Berserk|boost\n|-boost|p1a: Drampa|spa|1\n|move|p1b: Farigiraf|Psychic Noise|p2b: Sneasler\n|-supereffective|p2b: Sneasler|2\n|-enditem|p2b: Sneasler|Focus Sash\n|-damage|p2b: Sneasler|1/100\n|-start|p2b: Sneasler|move: Heal Block\n|move|p2a: Kingambit|Kowtow Cleave|p1b: Farigiraf\n|-supereffective|p1b: Farigiraf|1\n|-damage|p1b: Farigiraf|10/100\n|move|p1a: Drampa|Hyper Voice|p2a: Kingambit|[spread] p2a,p2b\n|-resisted|p2a: Kingambit|1\n|-damage|p2a: Kingambit|75/100\n|-damage|p2b: Sneasler|0 fnt\n|faint|p2b: Sneasler\n|\n|-heal|p1b: Farigiraf|16/100|[from] item: Leftovers\n|upkeep\n|\n|t:|1776104572\n|switch|p2b: Gengar|Gengar, L50, M|100/100\n|turn|2\n|\n|t:|1776104596\n|switch|p1b: Sylveon|Sylveon, L50, F|100/100\n|detailschange|p2b: Gengar|Gengar-Mega, L50, M\n|-mega|p2b: Gengar|Gengar|Gengarite\n|move|p1a: Drampa|Protect|p1a: Drampa\n|-singleturn|p1a: Drampa|Protect\n|move|p2b: Gengar|Sludge Bomb|p1b: Sylveon\n|-supereffective|p1b: Sylveon|1\n|-damage|p1b: Sylveon|20/100\n|-enditem|p1b: Sylveon|Sitrus Berry|[eat]\n|-heal|p1b: Sylveon|45/100|[from] item: Sitrus Berry\n|move|p2a: Kingambit|Kowtow Cleave|p1a: Drampa\n|-activate|p1a: Drampa|move: Protect\n|\n|upkeep\n|turn|3\n|inactive|Khursani has 30 seconds left.\n|\n|t:|1776104630\n|move|p2b: Gengar|Sludge Bomb|p1b: Sylveon\n|-supereffective|p1b: Sylveon|1\n|-damage|p1b: Sylveon|0 fnt\n|faint|p1b: Sylveon\n|move|p2a: Kingambit|Kowtow Cleave|p1a: Drampa\n|-damage|p1a: Drampa|0 fnt\n|faint|p1a: Drampa\n|\n|upkeep\n|\n|t:|1776104635\n|switch|p1b: Farigiraf|Farigiraf, L50, M|16/100\n|switch|p1a: Torkoal|Torkoal, L50, M|100/100\n|-weather|SunnyDay|[from] ability: Drought|[of] p1a: Torkoal\n|turn|4\n|\n|t:|1776104648\n|switch|p2a: Pelipper|Pelipper, L50, F|100/100\n|-weather|RainDance|[from] ability: Drizzle|[of] p2a: Pelipper\n|move|p1a: Torkoal|Protect|p1a: Torkoal\n|-singleturn|p1a: Torkoal|Protect\n|move|p2b: Gengar|Sludge Bomb|p1b: Farigiraf\n|-damage|p1b: Farigiraf|0 fnt\n|faint|p1b: Farigiraf\n|\n|-weather|RainDance|[upkeep]\n|upkeep\n|turn|5\n|\n|t:|1776104663\n|move|p2b: Gengar|Shadow Ball|p1a: Torkoal\n|-damage|p1a: Torkoal|34/100\n|move|p2a: Pelipper|Weather Ball|p1a: Torkoal\n|-supereffective|p1a: Torkoal|1\n|-damage|p1a: Torkoal|0 fnt\n|faint|p1a: Torkoal\n|\n|win|odaka\n|raw|Khursani's rating: 1000 &rarr; <strong>1000</strong><br />(+0 for losing)\n|raw|odaka's rating: 1076 &rarr; <strong>1098</strong><br />(+22 for winning)\n",
  "uploadtime": 1776104664,
  "views": 10,
  "formatid": "gen9championsvgc2026regma",
  "rating": 1000,
  "private": 0,
  "password": null
}