{
  "id": "gen9championsvgc2026regma-2586201726",
  "format": "[Gen 9 Champions] VGC 2026 Reg M-A",
  "players": [
    "AAAlba97!",
    "yamzinyobooty"
  ],
  "log": "|j|\u2606AAAlba97!\n|j|\u2606yamzinyobooty\n|t:|1776411773\n|gametype|doubles\n|player|p1|AAAlba97!|102|1190\n|player|p2|yamzinyobooty|102|1155\n|gen|9\n|tier|[Gen 9 Champions] VGC 2026 Reg M-A\n|rated|\n|rule|Species Clause: Limit one of each Pok\u00e9mon\n|rule|Item Clause: Limit 1 of each item\n|clearpoke\n|poke|p1|Incineroar, L50, F|\n|poke|p1|Samurott-Hisui, L50, F|\n|poke|p1|Farigiraf, L50, F|\n|poke|p1|Gliscor, L50, M|\n|poke|p1|Drampa, L50, M|\n|poke|p1|Tinkaton, L50, F|\n|poke|p2|Charizard, L50, M|\n|poke|p2|Venusaur, L50, M|\n|poke|p2|Garchomp, L50, F|\n|poke|p2|Incineroar, L50, M|\n|poke|p2|Gardevoir, L50, F|\n|poke|p2|Milotic, L50, M|\n|teampreview|4\n|inactive|Battle timer is ON: inactive players will automatically lose when time's up. (requested by AAAlba97!)\n|\n|t:|1776411805\n|teamsize|p1|4\n|teamsize|p2|4\n|start\n|switch|p1a: Farigiraf|Farigiraf, L50, F|100/100\n|switch|p1b: Gliscor|Gliscor, L50, M|100/100\n|switch|p2a: Milotic|Milotic, L50, M|100/100\n|switch|p2b: Venusaur|Venusaur, L50, M|100/100\n|turn|1\n|\n|t:|1776411818\n|move|p2b: Venusaur|Protect|p2b: Venusaur\n|-singleturn|p2b: Venusaur|Protect\n|move|p1b: Gliscor|Protect|p1b: Gliscor\n|-singleturn|p1b: Gliscor|Protect\n|move|p2a: Milotic|Ice Beam|p1b: Gliscor\n|-activate|p1b: Gliscor|move: Protect\n|move|p1a: Farigiraf|Trick Room|p1a: Farigiraf\n|-fieldstart|move: Trick Room|[of] p1a: Farigiraf\n|\n|upkeep\n|turn|2\n|\n|t:|1776411833\n|switch|p1b: Samurott|Samurott-Hisui, L50, F|100/100\n|switch|p2b: Garchomp|Garchomp, L50, F|100/100\n|move|p1a: Farigiraf|Twin Beam|p2b: Garchomp\n|-damage|p2b: Garchomp|79/100\n|-damage|p2b: Garchomp|56/100\n|-hitcount|p2b: Garchomp|2\n|move|p2a: Milotic|Ice Beam|p1b: Samurott\n|-resisted|p1b: Samurott|1\n|-damage|p1b: Samurott|88/100\n|\n|upkeep\n|turn|3\n|\n|t:|1776411852\n|switch|p2a: Venusaur|Venusaur, L50, M|100/100\n|move|p2b: Garchomp|Protect|p2b: Garchomp\n|-singleturn|p2b: Garchomp|Protect\n|move|p1a: Farigiraf|Hyper Voice|p2a: Venusaur|[spread] p2a\n|-activate|p2b: Garchomp|move: Protect\n|-damage|p2a: Venusaur|59/100\n|move|p1b: Samurott|Ceaseless Edge|p2a: Venusaur\n|-damage|p2a: Venusaur|0 fnt\n|-sidestart|p2: yamzinyobooty|Spikes\n|faint|p2a: Venusaur\n|\n|upkeep\n|\n|t:|1776411865\n|switch|p2a: Milotic|Milotic, L50, M|100/100\n|-damage|p2a: Milotic|88/100|[from] Spikes\n|turn|4\n|-activate|p1b: Samurott|item: Quick Claw\n|\n|t:|1776411876\n|move|p2a: Milotic|Protect|p2a: Milotic\n|-singleturn|p2a: Milotic|Protect\n|move|p1b: Samurott|Ceaseless Edge|p2a: Milotic\n|-activate|p2a: Milotic|move: Protect\n|move|p1a: Farigiraf|Hyper Voice|p2a: Milotic|[spread] p2b\n|-activate|p2a: Milotic|move: Protect\n|-damage|p2b: Garchomp|21/100\n|move|p2b: Garchomp|Earthquake|p1a: Farigiraf|[spread] p1a,p1b\n|-activate|p2a: Milotic|move: Protect\n|-damage|p1a: Farigiraf|59/100\n|-damage|p1b: Samurott|42/100\n|\n|-heal|p2a: Milotic|94/100|[from] item: Leftovers\n|upkeep\n|turn|5\n|inactive|yamzinyobooty has 30 seconds left.\n|\n|t:|1776411902\n|move|p2b: Garchomp|Protect|p2b: Garchomp\n|-singleturn|p2b: Garchomp|Protect\n|move|p1a: Farigiraf|Hyper Voice|p2b: Garchomp|[spread] p2a\n|-activate|p2b: Garchomp|move: Protect\n|-damage|p2a: Milotic|71/100\n|move|p1b: Samurott|Ceaseless Edge|p2a: Milotic\n|-damage|p2a: Milotic|38/100\n|-sidestart|p2: yamzinyobooty|Spikes\n|move|p2a: Milotic|Life Dew|p2a: Milotic|[spread] p2a,p2b\n|-heal|p2a: Milotic|63/100\n|-heal|p2b: Garchomp|46/100\n|\n|-heal|p2a: Milotic|69/100|[from] item: Leftovers\n|-fieldend|move: Trick Room\n|upkeep\n|turn|6\n|-activate|p1b: Samurott|item: Quick Claw\n|\n|t:|1776411925\n|move|p1b: Samurott|Protect|p1b: Samurott\n|-singleturn|p1b: Samurott|Protect\n|move|p2a: Milotic|Protect|p2a: Milotic\n|-singleturn|p2a: Milotic|Protect\n|move|p2b: Garchomp|Earthquake|p1a: Farigiraf|[spread] p1a\n|-activate|p2a: Milotic|move: Protect\n|-activate|p1b: Samurott|move: Protect\n|-damage|p1a: Farigiraf|17/100\n|move|p1a: Farigiraf|Trick Room|p1a: Farigiraf\n|-fieldstart|move: Trick Room|[of] p1a: Farigiraf\n|\n|-heal|p2a: Milotic|75/100|[from] item: Leftovers\n|upkeep\n|turn|7\n|inactive|yamzinyobooty has 30 seconds left.\n|\n|t:|1776411951\n|move|p2b: Garchomp|Protect|p2b: Garchomp\n|-singleturn|p2b: Garchomp|Protect\n|move|p1a: Farigiraf|Hyper Voice|p2a: Milotic|[spread] p2a\n|-activate|p2b: Garchomp|move: Protect\n|-damage|p2a: Milotic|50/100\n|move|p1b: Samurott|Ceaseless Edge|p2a: Milotic\n|-damage|p2a: Milotic|10/100\n|-sidestart|p2: yamzinyobooty|Spikes\n|move|p2a: Milotic|Life Dew|p2a: Milotic|[spread] p2a,p2b\n|-heal|p2a: Milotic|35/100\n|-heal|p2b: Garchomp|72/100\n|\n|-heal|p2a: Milotic|41/100|[from] item: Leftovers\n|upkeep\n|turn|8\n|\n|t:|1776411976\n|move|p2a: Milotic|Protect|p2a: Milotic\n|-singleturn|p2a: Milotic|Protect\n|move|p1a: Farigiraf|Hyper Voice|p2b: Garchomp|[spread] p2b\n|-activate|p2a: Milotic|move: Protect\n|-damage|p2b: Garchomp|32/100\n|move|p1b: Samurott|Ceaseless Edge|p2a: Milotic\n|-activate|p2a: Milotic|move: Protect\n|move|p2b: Garchomp|Earthquake|p1a: Farigiraf|[spread] p1a,p1b\n|-activate|p2a: Milotic|move: Protect\n|-damage|p1a: Farigiraf|0 fnt\n|-damage|p1b: Samurott|0 fnt\n|faint|p1a: Farigiraf\n|faint|p1b: Samurott\n|\n|-heal|p2a: Milotic|47/100|[from] item: Leftovers\n|upkeep\n|\n|t:|1776411992\n|switch|p1a: Gliscor|Gliscor, L50, M|100/100\n|switch|p1b: Tinkaton|Tinkaton, L50, F|100/100\n|turn|9\n|inactive|yamzinyobooty has 30 seconds left.\n|\n|t:|1776412024\n|switch|p2a: Charizard|Charizard, L50, M|100/100\n|move|p2b: Garchomp|Protect|p2b: Garchomp\n|-singleturn|p2b: Garchomp|Protect\n|move|p1a: Gliscor|Dual Wingbeat|p2a: Charizard|[miss]\n|-miss|p1a: Gliscor|p2a: Charizard\n|move|p1b: Tinkaton|Ice Hammer|p2b: Garchomp\n|-activate|p2b: Garchomp|move: Protect\n|\n|upkeep\n|turn|10\n|inactive|yamzinyobooty has 30 seconds left.\n|\n|t:|1776412053\n|move|p1b: Tinkaton|Protect|p1b: Tinkaton\n|-singleturn|p1b: Tinkaton|Protect\n|move|p2a: Charizard|Protect|p2a: Charizard\n|-singleturn|p2a: Charizard|Protect\n|move|p1a: Gliscor|Rock Slide|p2a: Charizard|[spread] \n|-activate|p2a: Charizard|move: Protect\n|-miss|p1a: Gliscor|p2b: Garchomp\n|move|p2b: Garchomp|Rock Slide|p1b: Tinkaton|[spread] p1a\n|-activate|p1b: Tinkaton|move: Protect\n|-damage|p1a: Gliscor|86/100\n|\n|-fieldend|move: Trick Room\n|upkeep\n|turn|11\n|\n|t:|1776412075\n|detailschange|p2a: Charizard|Charizard-Mega-Y, L50, M\n|-mega|p2a: Charizard|Charizard|Charizardite Y\n|-weather|SunnyDay|[from] ability: Drought|[of] p2a: Charizard\n|move|p2b: Garchomp|Rock Slide|p1b: Tinkaton|[spread] p1a,p1b\n|-resisted|p1b: Tinkaton|1\n|-damage|p1a: Gliscor|70/100\n|-damage|p1b: Tinkaton|91/100\n|move|p2a: Charizard|Weather Ball|p1b: Tinkaton\n|-supereffective|p1b: Tinkaton|1\n|-damage|p1b: Tinkaton|0 fnt\n|faint|p1b: Tinkaton\n|move|p1a: Gliscor|Rock Slide|p2b: Garchomp|[spread] p2a,p2b\n|-supereffective|p2a: Charizard|2\n|-resisted|p2b: Garchomp|1\n|-damage|p2a: Charizard|0 fnt\n|-damage|p2b: Garchomp|23/100\n|faint|p2a: Charizard\n|\n|-weather|SunnyDay|[upkeep]\n|upkeep\n|\n|t:|1776412087\n|switch|p2a: Milotic|Milotic, L50, M|47/100\n|-damage|p2a: Milotic|22/100|[from] Spikes\n|turn|12\n|\n|t:|1776412100\n|move|p2b: Garchomp|Protect|p2b: Garchomp\n|-singleturn|p2b: Garchomp|Protect\n|move|p2a: Milotic|Protect|p2a: Milotic\n|-singleturn|p2a: Milotic|Protect\n|move|p1a: Gliscor|Dual Wingbeat|p2a: Milotic\n|-activate|p2a: Milotic|move: Protect\n|\n|-weather|SunnyDay|[upkeep]\n|-heal|p2a: Milotic|28/100|[from] item: Leftovers\n|upkeep\n|turn|13\n|\n|t:|1776412115\n|move|p2b: Garchomp|Rock Slide|p1a: Gliscor\n|-damage|p1a: Gliscor|51/100\n|cant|p1a: Gliscor|flinch\n|move|p2a: Milotic|Ice Beam|p1a: Gliscor\n|-supereffective|p1a: Gliscor|2\n|-damage|p1a: Gliscor|0 fnt\n|faint|p1a: Gliscor\n|\n|win|yamzinyobooty\n|raw|AAAlba97!'s rating: 1190 &rarr; <strong>1162</strong><br />(-28 for losing)\n|raw|yamzinyobooty's rating: 1155 &rarr; <strong>1183</strong><br />(+28 for winning)\n",
  "uploadtime": 1776412116,
  "views": 17,
  "formatid": "gen9championsvgc2026regma",
  "rating": 1162,
  "private": 0,
  "password": null
}