{
  "id": "gen9championsvgc2026regma-2588737292",
  "format": "[Gen 9 Champions] VGC 2026 Reg M-A",
  "players": [
    "xmen2104",
    "25th_mang"
  ],
  "log": "|j|\u2606xmen2104\n|j|\u260625th_mang\n|t:|1776664044\n|gametype|doubles\n|player|p1|xmen2104|lucas-gen4pt|1192\n|player|p2|25th_mang|ballguy|1262\n|gen|9\n|tier|[Gen 9 Champions] VGC 2026 Reg M-A\n|rated|\n|rule|Species Clause: Limit one of each Pok\u00e9mon\n|rule|Item Clause: Limit 1 of each item\n|clearpoke\n|poke|p1|Meganium, L50, F|\n|poke|p1|Dragonite, L50, F|\n|poke|p1|Politoed, L50, F|\n|poke|p1|Kingambit, L50, M|\n|poke|p1|Cofagrigus, L50, F|\n|poke|p1|Sneasler, L50, F|\n|poke|p2|Crabominable, L50, M|\n|poke|p2|Farigiraf, L50, F|\n|poke|p2|Incineroar, L50, M|\n|poke|p2|Archaludon, L50, F|\n|poke|p2|Pelipper, L50, F|\n|poke|p2|Sinistcha, L50|\n|teampreview|4\n|inactive|Battle timer is ON: inactive players will automatically lose when time's up. (requested by 25th_mang)\n|inactive|xmen2104 also wants the timer to be on.\n|\n|t:|1776664070\n|teamsize|p1|4\n|teamsize|p2|4\n|start\n|switch|p1a: Meganium|Meganium, L50, F|100/100\n|switch|p1b: Kingambit|Kingambit, L50, M|100/100\n|switch|p2a: Stup!b|Pelipper, L50, F|100/100\n|switch|p2b: Doomscroll|Archaludon, L50, F|100/100\n|-weather|RainDance|[from] ability: Drizzle|[of] p2a: Stup!b\n|turn|1\n|inactive|xmen2104 has 30 seconds left.\n|\n|t:|1776664102\n|detailschange|p1a: Meganium|Meganium-Mega, L50, F\n|-mega|p1a: Meganium|Meganium|Meganiumite\n|move|p1a: Meganium|Dazzling Gleam|p2a: Stup!b|[spread] p2a,p2b\n|-damage|p2a: Stup!b|47/100\n|-damage|p2b: Doomscroll|57/100\n|move|p2b: Doomscroll|Electro Shot||[still]\n|-prepare|p2b: Doomscroll|Electro Shot\n|-boost|p2b: Doomscroll|spa|1\n|-anim|p2b: Doomscroll|Electro Shot|p1b: Kingambit\n|-damage|p1b: Kingambit|20/100\n|move|p2a: Stup!b|Hurricane|p1a: Meganium\n|-supereffective|p1a: Meganium|1\n|-damage|p1a: Meganium|0 fnt\n|faint|p1a: Meganium\n|move|p1b: Kingambit|Kowtow Cleave|p2b: Doomscroll\n|-damage|p2b: Doomscroll|21/100\n|\n|-weather|RainDance|[upkeep]\n|upkeep\n|\n|t:|1776664115\n|switch|p1a: Dragonite|Dragonite, L50, F|100/100\n|turn|2\n|\n|t:|1776664133\n|switch|p2a: Flip|Farigiraf, L50, F|100/100\n|move|p1b: Kingambit|Sucker Punch||[still]\n|cant|p2a: Flip|ability: Armor Tail|Sucker Punch|[of] p1b: Kingambit\n|move|p1a: Dragonite|Hurricane|p2a: Flip\n|-damage|p2a: Flip|52/100\n|move|p2b: Doomscroll|Electro Shot||[still]\n|-prepare|p2b: Doomscroll|Electro Shot\n|-boost|p2b: Doomscroll|spa|1\n|-anim|p2b: Doomscroll|Electro Shot|p1b: Kingambit\n|-damage|p1b: Kingambit|0 fnt\n|faint|p1b: Kingambit\n|\n|-weather|RainDance|[upkeep]\n|upkeep\n|\n|t:|1776664143\n|switch|p1b: Sneasler|Sneasler, L50, F|100/100\n|turn|3\n|\n|t:|1776664153\n|move|p2b: Doomscroll|Protect|p2b: Doomscroll\n|-singleturn|p2b: Doomscroll|Protect\n|move|p1b: Sneasler|Close Combat|p2b: Doomscroll\n|-activate|p2b: Doomscroll|move: Protect\n|move|p1a: Dragonite|Hurricane|p2a: Flip\n|-damage|p2a: Flip|8/100\n|move|p2a: Flip|Trick Room|p2a: Flip\n|-fieldstart|move: Trick Room|[of] p2a: Flip\n|\n|-weather|RainDance|[upkeep]\n|upkeep\n|turn|4\n|inactive|25th_mang has 30 seconds left.\n|\n|t:|1776664187\n|switch|p2a: Stup!b|Pelipper, L50, F|47/100\n|move|p1b: Sneasler|Protect|p1b: Sneasler\n|-singleturn|p1b: Sneasler|Protect\n|move|p2b: Doomscroll|Dragon Pulse|p1a: Dragonite\n|-supereffective|p1a: Dragonite|1\n|-damage|p1a: Dragonite|9/100\n|move|p1a: Dragonite|Hurricane|p2b: Doomscroll\n|-resisted|p2b: Doomscroll|1\n|-damage|p2b: Doomscroll|0 fnt\n|faint|p2b: Doomscroll\n|\n|-weather|RainDance|[upkeep]\n|upkeep\n|\n|t:|1776664195\n|switch|p2b: Hockey Reference|Crabominable, L50, M|100/100\n|turn|5\n|\n|t:|1776664203\n|detailschange|p2b: Hockey Reference|Crabominable-Mega, L50, M\n|-mega|p2b: Hockey Reference|Crabominable|Crabominite\n|move|p1a: Dragonite|Protect|p1a: Dragonite\n|-singleturn|p1a: Dragonite|Protect\n|move|p2b: Hockey Reference|Ice Hammer|p1a: Dragonite\n|-activate|p1a: Dragonite|move: Protect\n|move|p2a: Stup!b|Hurricane|p1b: Sneasler\n|-supereffective|p1b: Sneasler|1\n|-enditem|p1b: Sneasler|Focus Sash\n|-damage|p1b: Sneasler|1/100\n|move|p1b: Sneasler|Close Combat|p2b: Hockey Reference\n|-supereffective|p2b: Hockey Reference|1\n|-damage|p2b: Hockey Reference|6/100\n|-unboost|p1b: Sneasler|def|1\n|-unboost|p1b: Sneasler|spd|1\n|\n|-weather|none\n|upkeep\n|turn|6\n|\n|t:|1776664217\n|move|p1a: Dragonite|Protect||[still]\n|-fail|p1a: Dragonite\n|move|p1b: Sneasler|Protect|p1b: Sneasler\n|-singleturn|p1b: Sneasler|Protect\n|move|p2b: Hockey Reference|Drain Punch|p1b: Sneasler\n|-activate|p1b: Sneasler|move: Protect\n|move|p2a: Stup!b|Hurricane|p1a: Dragonite|[miss]\n|-miss|p2a: Stup!b|p1a: Dragonite\n|\n|upkeep\n|turn|7\n|\n|t:|1776664225\n|move|p1a: Dragonite|Protect|p1a: Dragonite\n|-singleturn|p1a: Dragonite|Protect\n|move|p1b: Sneasler|Protect|p1b: Sneasler\n|-singleturn|p1b: Sneasler|Protect\n|move|p2b: Hockey Reference|Ice Hammer|p1a: Dragonite\n|-activate|p1a: Dragonite|move: Protect\n|move|p2a: Stup!b|Weather Ball|p1b: Sneasler\n|-activate|p1b: Sneasler|move: Protect\n|\n|-fieldend|move: Trick Room\n|upkeep\n|turn|8\n|c|\u260625th_mang|Wow\n|inactive|25th_mang has 30 seconds left.\n|\n|t:|1776664254\n|move|p1b: Sneasler|Dire Claw|p2a: Stup!b\n|-damage|p2a: Stup!b|1/100\n|move|p1a: Dragonite|Draco Meteor|p2b: Hockey Reference\n|-damage|p2b: Hockey Reference|0 fnt\n|-unboost|p1a: Dragonite|spa|2\n|faint|p2b: Hockey Reference\n|move|p2a: Stup!b|Hurricane|p1a: Dragonite\n|-damage|p1a: Dragonite|0 fnt\n|faint|p1a: Dragonite\n|\n|upkeep\n|\n|t:|1776664258\n|switch|p2b: Flip|Farigiraf, L50, F|8/100\n|turn|9\n|\n|t:|1776664264\n|move|p1b: Sneasler|Dire Claw|p2b: Flip\n|-damage|p2b: Flip|0 fnt\n|faint|p2b: Flip\n|move|p2a: Stup!b|Weather Ball|p1b: Sneasler\n|-damage|p1b: Sneasler|0 fnt\n|faint|p1b: Sneasler\n|\n|win|25th_mang\n|raw|xmen2104's rating: 1192 &rarr; <strong>1172</strong><br />(-20 for losing)\n|raw|25th_mang's rating: 1262 &rarr; <strong>1282</strong><br />(+20 for winning)\n|c|\u260625th_mang|Gg\n",
  "uploadtime": 1776664277,
  "views": 12,
  "formatid": "gen9championsvgc2026regma",
  "rating": 1172,
  "private": 0,
  "password": null
}