{
  "id": "gen9championsvgc2026regma-2585744041",
  "format": "[Gen 9 Champions] VGC 2026 Reg M-A",
  "players": [
    "Nonobran7",
    "Greninja121"
  ],
  "log": "|j|\u2606Nonobran7\n|j|\u2606Greninja121\n|t:|1776367574\n|gametype|doubles\n|player|p1|Nonobran7|boarder|1148\n|player|p2|Greninja121|265|1135\n|gen|9\n|tier|[Gen 9 Champions] VGC 2026 Reg M-A\n|rated|\n|rule|Species Clause: Limit one of each Pok\u00e9mon\n|rule|Item Clause: Limit 1 of each item\n|clearpoke\n|poke|p1|Camerupt, L50, M|\n|poke|p1|Runerigus, L50, M|\n|poke|p1|Greninja-*, L50, F|\n|poke|p1|Whimsicott, L50, M|\n|poke|p1|Kingambit, L50, F|\n|poke|p1|Dragonite, L50, F|\n|poke|p2|Medicham, L50, M|\n|poke|p2|Incineroar, L50, M|\n|poke|p2|Sinistcha, L50|\n|poke|p2|Torkoal, L50, M|\n|poke|p2|Kingambit, L50, M|\n|poke|p2|Farigiraf, L50, M|\n|teampreview|4\n|\n|t:|1776367596\n|teamsize|p1|4\n|teamsize|p2|4\n|start\n|switch|p1a: Camerupt|Camerupt, L50, M, shiny|100/100\n|switch|p1b: Runerigus|Runerigus, L50, M, shiny|100/100\n|switch|p2a: Medicham|Medicham, L50, M|100/100\n|switch|p2b: Incineroar|Incineroar, L50, M|100/100\n|-ability|p2b: Incineroar|Intimidate|boost\n|-unboost|p1a: Camerupt|atk|1\n|-unboost|p1b: Runerigus|atk|1\n|turn|1\n|\n|t:|1776367630\n|detailschange|p1a: Camerupt|Camerupt-Mega, L50, M, shiny\n|-mega|p1a: Camerupt|Camerupt|Cameruptite\n|move|p2a: Medicham|Skill Swap|p2b: Incineroar\n|-activate|p2a: Medicham|Skill Swap|||[of] p2b: Incineroar\n|-ability|p2a: Medicham|Intimidate|boost\n|-unboost|p1a: Camerupt|atk|1\n|-unboost|p1b: Runerigus|atk|1\n|move|p2b: Incineroar|Darkest Lariat|p1b: Runerigus\n|-supereffective|p1b: Runerigus|1\n|-damage|p1b: Runerigus|0 fnt\n|-activate|p2b: Incineroar|Skill Swap|Wandering Spirit|Pure Power|[of] p1b: Runerigus\n|faint|p1b: Runerigus\n|move|p1a: Camerupt|Rock Slide|p2a: Medicham|[spread] p2a,p2b\n|-resisted|p2a: Medicham|1\n|-supereffective|p2b: Incineroar|1\n|-damage|p2a: Medicham|90/100\n|-damage|p2b: Incineroar|77/100\n|\n|upkeep\n|\n|t:|1776367644\n|switch|p1b: Dragonite|Dragonite, L50, F, shiny|100/100\n|turn|2\n|\n|t:|1776367658\n|switch|p2a: Torkoal|Torkoal, L50, M|100/100\n|-weather|SunnyDay|[from] ability: Drought|[of] p2a: Torkoal\n|switch|p2b: Kingambit|Kingambit, L50, M|100/100\n|move|p1b: Dragonite|Aerial Ace|p2a: Torkoal\n|-damage|p2a: Torkoal|75/100\n|move|p1a: Camerupt|Earthquake|p2a: Torkoal|[spread] p2a,p2b\n|-immune|p1b: Dragonite\n|-supereffective|p2a: Torkoal|1\n|-supereffective|p2b: Kingambit|1\n|-damage|p2a: Torkoal|46/100\n|-damage|p2b: Kingambit|71/100\n|\n|-weather|SunnyDay|[upkeep]\n|upkeep\n|turn|3\n|\n|t:|1776367680\n|move|p1b: Dragonite|Extreme Speed|p2b: Kingambit\n|-resisted|p2b: Kingambit|1\n|-damage|p2b: Kingambit|59/100\n|move|p2b: Kingambit|Kowtow Cleave|p1b: Dragonite\n|-damage|p1b: Dragonite|66/100\n|move|p2a: Torkoal|Earth Power|p1a: Camerupt\n|-supereffective|p1a: Camerupt|1\n|-damage|p1a: Camerupt|44/100\n|move|p1a: Camerupt|Earthquake|p2a: Torkoal|[spread] p2a,p2b\n|-immune|p1b: Dragonite\n|-supereffective|p2a: Torkoal|1\n|-supereffective|p2b: Kingambit|1\n|-damage|p2a: Torkoal|16/100\n|-damage|p2b: Kingambit|29/100\n|\n|-weather|SunnyDay|[upkeep]\n|upkeep\n|turn|4\n|\n|t:|1776367698\n|move|p1b: Dragonite|Extreme Speed|p2a: Torkoal\n|-damage|p2a: Torkoal|0 fnt\n|faint|p2a: Torkoal\n|move|p2b: Kingambit|Kowtow Cleave|p1b: Dragonite\n|-damage|p1b: Dragonite|2/100\n|move|p1a: Camerupt|Earthquake|p2b: Kingambit|[spread] p2b\n|-immune|p1b: Dragonite\n|-supereffective|p2b: Kingambit|1\n|-damage|p2b: Kingambit|0 fnt\n|faint|p2b: Kingambit\n|\n|-weather|SunnyDay|[upkeep]\n|upkeep\n|\n|t:|1776367707\n|switch|p2b: Incineroar|Incineroar, L50, M|77/100\n|switch|p2a: Medicham|Medicham, L50, M|90/100\n|-ability|p2b: Incineroar|Intimidate|boost\n|-unboost|p1a: Camerupt|atk|1\n|-unboost|p1b: Dragonite|atk|1\n|turn|5\n|\n|t:|1776367728\n|switch|p1a: Kingambit|Kingambit, L50, F, shiny|100/100\n|-activate|p1a: Kingambit|ability: Supreme Overlord\n|-start|p1a: Kingambit|fallen1|[silent]\n|move|p2b: Incineroar|Fake Out|p1b: Dragonite\n|-damage|p1b: Dragonite|0 fnt\n|faint|p1b: Dragonite\n|move|p2a: Medicham|Skill Swap|p2b: Incineroar\n|-activate|p2a: Medicham|Skill Swap|||[of] p2b: Incineroar\n|-ability|p2a: Medicham|Intimidate|boost\n|-unboost|p1a: Kingambit|atk|1\n|\n|-weather|SunnyDay|[upkeep]\n|upkeep\n|\n|t:|1776367738\n|switch|p1b: Camerupt|Camerupt-Mega, L50, M, shiny|44/100\n|turn|6\n|\n|t:|1776367749\n|detailschange|p2a: Medicham|Medicham-Mega, L50, M\n|-mega|p2a: Medicham|Medicham|Medichamite\n|move|p2b: Incineroar|Protect|p2b: Incineroar\n|-singleturn|p2b: Incineroar|Protect\n|move|p2a: Medicham|Drain Punch|p1a: Kingambit\n|-supereffective|p1a: Kingambit|2\n|-crit|p1a: Kingambit\n|-damage|p1a: Kingambit|0 fnt\n|-heal|p2a: Medicham|100/100|[from] drain|[of] p1a: Kingambit\n|faint|p1a: Kingambit\n|-end|p1a: Kingambit|fallen1|[silent]\n|move|p1b: Camerupt|Eruption|p2b: Incineroar|[spread] p2a\n|-activate|p2b: Incineroar|move: Protect\n|-damage|p2a: Medicham|39/100\n|\n|-weather|none\n|upkeep\n|turn|7\n|\n|t:|1776367764\n|move|p2a: Medicham|Drain Punch|p1b: Camerupt\n|-damage|p1b: Camerupt|0 fnt\n|-heal|p2a: Medicham|63/100|[from] drain|[of] p1b: Camerupt\n|faint|p1b: Camerupt\n|\n|win|Greninja121\n|raw|Nonobran7's rating: 1148 &rarr; <strong>1122</strong><br />(-26 for losing)\n|raw|Greninja121's rating: 1135 &rarr; <strong>1161</strong><br />(+26 for winning)\n",
  "uploadtime": 1776367768,
  "views": 27,
  "formatid": "gen9championsvgc2026regma",
  "rating": 1122,
  "private": 0,
  "password": null
}