{
  "id": "gen9championsvgc2026regma-2580829750",
  "format": "[Gen 9 Champions] VGC 2026 Reg M-A",
  "players": [
    "Nomad3929",
    "Snailafteryou"
  ],
  "log": "|j|\u2606Nomad3929\n|j|\u2606Snailafteryou\n|t:|1775935912\n|gametype|doubles\n|player|p1|Nomad3929|1|1240\n|player|p2|Snailafteryou|rood|1333\n|gen|9\n|tier|[Gen 9 Champions] VGC 2026 Reg M-A\n|rated|\n|rule|Species Clause: Limit one of each Pok\u00e9mon\n|rule|Item Clause: Limit 1 of each item\n|clearpoke\n|poke|p1|Charizard, L50, M|\n|poke|p1|Venusaur, L50, F|\n|poke|p1|Garchomp, L50, F|\n|poke|p1|Rotom-Wash, L50|\n|poke|p1|Sneasler, L50, M|\n|poke|p1|Incineroar, L50, F|\n|poke|p2|Froslass, L50, F|\n|poke|p2|Mamoswine, L50, F|\n|poke|p2|Incineroar, L50, M|\n|poke|p2|Aerodactyl, L50, M|\n|poke|p2|Empoleon, L50, F|\n|poke|p2|Rotom-Wash, L50|\n|teampreview|4\n|inactive|Battle timer is ON: inactive players will automatically lose when time's up. (requested by Nomad3929)\nSnailafteryou has agreed to open team sheets.\nNomad3929 has agreed to open team sheets.\n|showteam|p1|Charizard||CharizarditeY|SolarPower|HeatWave,SolarBeam,WeatherBall,Protect|||M|||50|]Venusaur||FocusSash|Chlorophyll|LeafStorm,SludgeBomb,SleepPowder,Protect|||F|||50|]Garchomp||ChoiceScarf|RoughSkin|Earthquake,Bulldoze,DragonClaw,RockSlide|||F|||50|]Rotom-Wash||Leftovers|Levitate|WillOWisp,Thunderbolt,HydroPump,Protect||||||50|]Sneasler||WhiteHerb|Unburden|FakeOut,CloseCombat,RockTomb,DireClaw|||M|||50|]Incineroar||SitrusBerry|Intimidate|FakeOut,FlareBlitz,PartingShot,DarkestLariat|||F|||50|\n|showteam|p2|Froslass||Froslassite|SnowCloak|Blizzard,ShadowBall,AuroraVeil,Protect|||F|||50|]Mamoswine||ChoiceScarf|Oblivious|IcicleCrash,Earthquake,RockSlide,HighHorsepower|||F|||50|]Incineroar||Leftovers|Intimidate|FakeOut,PartingShot,FlareBlitz,DarkestLariat|||M|||50|]Aerodactyl||FocusSash|Unnerve|RockSlide,DualWingbeat,Earthquake,Protect|||M|||50|]Empoleon||WacanBerry|Competitive|HydroPump,FlashCannon,GrassKnot,Protect|||F|||50|]Rotom-Wash||SitrusBerry|Levitate|VoltSwitch,HydroPump,WillOWisp,Protect||||||50|\n|inactive|Nomad3929 has 60 seconds left.\n|inactive|Snailafteryou has 60 seconds left.\n|inactive|Snailafteryou has 30 seconds left.\n|\n|t:|1775935975\n|teamsize|p1|4\n|teamsize|p2|4\n|start\n|switch|p1a: Rotom|Rotom-Wash, L50|100/100\n|switch|p1b: Sneasler|Sneasler, L50, M|100/100\n|switch|p2a: Mamoswine|Mamoswine, L50, F|100/100\n|switch|p2b: Froslass|Froslass, L50, F|100/100\n|turn|1\n|inactive|Nomad3929 has 30 seconds left.\n|inactive|Nomad3929 has 20 seconds left.\n|\n|t:|1775936013\n|switch|p2a: Incineroar|Incineroar, L50, M|100/100\n|-ability|p2a: Incineroar|Intimidate|boost\n|-unboost|p1a: Rotom|atk|1\n|-unboost|p1b: Sneasler|atk|1\n|-enditem|p1b: Sneasler|White Herb\n|-clearnegativeboost|p1b: Sneasler|[silent]\n|detailschange|p2b: Froslass|Froslass-Mega, L50, F\n|-mega|p2b: Froslass|Froslass|Froslassite\n|-weather|Snowscape|[from] ability: Snow Warning|[of] p2b: Froslass\n|move|p1b: Sneasler|Fake Out|p2a: Incineroar\n|-damage|p2a: Incineroar|88/100\n|move|p2b: Froslass|Aurora Veil|p2b: Froslass\n|-sidestart|p2: Snailafteryou|move: Aurora Veil\n|move|p1a: Rotom|Thunderbolt|p2b: Froslass\n|-crit|p2b: Froslass\n|-damage|p2b: Froslass|32/100\n|\n|-weather|Snowscape|[upkeep]\n|-heal|p2a: Incineroar|94/100|[from] item: Leftovers\n|upkeep\n|turn|2\n|\n|t:|1775936035\n|move|p1a: Rotom|Protect|p1a: Rotom\n|-singleturn|p1a: Rotom|Protect\n|move|p2a: Incineroar|Fake Out|p1a: Rotom\n|-activate|p1a: Rotom|move: Protect\n|move|p1b: Sneasler|Close Combat|p2a: Incineroar\n|-supereffective|p2a: Incineroar|1\n|-damage|p2a: Incineroar|12/100\n|-unboost|p1b: Sneasler|def|1\n|-unboost|p1b: Sneasler|spd|1\n|move|p2b: Froslass|Blizzard|p1b: Sneasler|[spread] p1b\n|-activate|p1a: Rotom|move: Protect\n|-damage|p1b: Sneasler|3/100\n|\n|-weather|Snowscape|[upkeep]\n|-heal|p2a: Incineroar|18/100|[from] item: Leftovers\n|upkeep\n|turn|3\n|\n|t:|1775936055\n|move|p1b: Sneasler|Dire Claw|p2a: Incineroar\n|-damage|p2a: Incineroar|0 fnt\n|faint|p2a: Incineroar\n|move|p2b: Froslass|Blizzard|p1a: Rotom|[spread] p1a,p1b\n|-resisted|p1a: Rotom|1\n|-crit|p1a: Rotom\n|-damage|p1a: Rotom|66/100\n|-damage|p1b: Sneasler|0 fnt\n|faint|p1b: Sneasler\n|move|p1a: Rotom|Will-O-Wisp|p2b: Froslass\n|-status|p2b: Froslass|brn\n|\n|-weather|Snowscape|[upkeep]\n|-heal|p1a: Rotom|72/100|[from] item: Leftovers\n|-damage|p2b: Froslass|26/100 brn|[from] brn\n|upkeep\n|\n|t:|1775936067\n|switch|p1b: Charizard|Charizard, L50, M|100/100\n|switch|p2a: Aerodactyl|Aerodactyl, L50, M|100/100\n|-ability|p2a: Aerodactyl|Unnerve\n|turn|4\n|\n|t:|1775936092\n|move|p1b: Charizard|Protect|p1b: Charizard\n|-singleturn|p1b: Charizard|Protect\n|move|p2a: Aerodactyl|Rock Slide|p1a: Rotom|[spread] p1a\n|-activate|p1b: Charizard|move: Protect\n|-damage|p1a: Rotom|50/100\n|move|p2b: Froslass|Shadow Ball|p1a: Rotom\n|-damage|p1a: Rotom|4/100\n|move|p1a: Rotom|Thunderbolt|p2b: Froslass\n|-damage|p2b: Froslass|0 fnt\n|faint|p2b: Froslass\n|\n|-weather|Snowscape|[upkeep]\n|-heal|p1a: Rotom|10/100|[from] item: Leftovers\n|upkeep\n|\n|t:|1775936100\n|switch|p2b: Mamoswine|Mamoswine, L50, F|100/100\n|turn|5\n|inactive|Nomad3929 has 30 seconds left.\n|inactive|Nomad3929 has 20 seconds left.\n|inactive|Nomad3929 has 15 seconds left.\n|inactive|Nomad3929 has 10 seconds left.\n|\n|t:|1775936146\n|detailschange|p1b: Charizard|Charizard-Mega-Y, L50, M\n|-mega|p1b: Charizard|Charizard|Charizardite Y\n|-weather|SunnyDay|[from] ability: Drought|[of] p1b: Charizard\n|move|p1b: Charizard|Protect||[still]\n|-fail|p1b: Charizard\n|move|p2b: Mamoswine|Earthquake|p1a: Rotom|[spread] \n|-immune|p2a: Aerodactyl\n|-immune|p1a: Rotom|[from] ability: Levitate\n|-immune|p1b: Charizard\n|move|p2a: Aerodactyl|Rock Slide|p1b: Charizard|[spread] p1a,p1b\n|-supereffective|p1b: Charizard|2\n|-damage|p1a: Rotom|0 fnt\n|-damage|p1b: Charizard|0 fnt\n|faint|p1a: Rotom\n|faint|p1b: Charizard\n|\n|-weather|SunnyDay|[upkeep]\n|-sideend|p2: Snailafteryou|move: Aurora Veil\n|upkeep\n|\n|t:|1775936159\n|switch|p1b: Garchomp|Garchomp, L50, F|100/100\n|turn|6\n|\n|t:|1775936166\n|move|p1b: Garchomp|Dragon Claw|p2b: Mamoswine\n|-damage|p2b: Mamoswine|43/100\n|move|p2b: Mamoswine|Earthquake|p1b: Garchomp|[spread] p1b\n|-immune|p2a: Aerodactyl\n|-damage|p1b: Garchomp|60/100\n|move|p2a: Aerodactyl|Dual Wingbeat|p1b: Garchomp\n|-damage|p1b: Garchomp|41/100\n|-damage|p2a: Aerodactyl|88/100|[from] ability: Rough Skin|[of] p1b: Garchomp\n|-damage|p1b: Garchomp|23/100\n|-damage|p2a: Aerodactyl|76/100|[from] ability: Rough Skin|[of] p1b: Garchomp\n|-hitcount|p1b: Garchomp|2\n|\n|-weather|SunnyDay|[upkeep]\n|upkeep\n|turn|7\n|\n|t:|1775936177\n|move|p1b: Garchomp|Dragon Claw|p2b: Mamoswine\n|-damage|p2b: Mamoswine|0 fnt\n|faint|p2b: Mamoswine\n|move|p2a: Aerodactyl|Dual Wingbeat|p1b: Garchomp\n|-damage|p1b: Garchomp|3/100\n|-damage|p2a: Aerodactyl|64/100|[from] ability: Rough Skin|[of] p1b: Garchomp\n|-damage|p1b: Garchomp|0 fnt\n|-damage|p2a: Aerodactyl|52/100|[from] ability: Rough Skin|[of] p1b: Garchomp\n|faint|p1b: Garchomp\n|-hitcount|p1: Garchomp|2\n|\n|win|Snailafteryou\n|raw|Nomad3929's rating: 1240 &rarr; <strong>1222</strong><br />(-18 for losing)\n|raw|Snailafteryou's rating: 1333 &rarr; <strong>1348</strong><br />(+15 for winning)\n",
  "uploadtime": 1775936189,
  "views": 20,
  "formatid": "gen9championsvgc2026regma",
  "rating": 1222,
  "private": 0,
  "password": null
}