{
  "id": "gen9championsvgc2026regma-2587521215",
  "format": "[Gen 9 Champions] VGC 2026 Reg M-A",
  "players": [
    "Berryjuicejoy",
    "ImprobableBlob"
  ],
  "log": "|j|\u2606Berryjuicejoy\n|j|\u2606ImprobableBlob\n|t:|1776538930\n|gametype|doubles\n|player|p1|Berryjuicejoy|karen-gen2|1486\n|player|p2|ImprobableBlob|jasmine|1522\n|gen|9\n|tier|[Gen 9 Champions] VGC 2026 Reg M-A\n|rated|\n|rule|Species Clause: Limit one of each Pok\u00e9mon\n|rule|Item Clause: Limit 1 of each item\n|clearpoke\n|poke|p1|Farigiraf, L50, F|\n|poke|p1|Klefki, L50, M|\n|poke|p1|Aggron, L50, F|\n|poke|p1|Sinistcha, L50|\n|poke|p1|Pelipper, L50, F|\n|poke|p1|Torkoal, L50, F|\n|poke|p2|Tyranitar, L50, F|\n|poke|p2|Excadrill, L50, F|\n|poke|p2|Corviknight, L50, M|\n|poke|p2|Sneasler, L50, M|\n|poke|p2|Basculegion, L50, M|\n|poke|p2|Meganium, L50, F|\n|teampreview|4\n|inactive|Battle timer is ON: inactive players will automatically lose when time's up. (requested by ImprobableBlob)\n|\n|t:|1776538958\n|teamsize|p1|4\n|teamsize|p2|4\n|start\n|switch|p1a: Farigiraf|Farigiraf, L50, F|100/100\n|switch|p1b: Aggron|Aggron, L50, F|100/100\n|switch|p2a: Tyranitar|Tyranitar, L50, F|100/100\n|switch|p2b: Excadrill|Excadrill, L50, F|100/100\n|-weather|Sandstorm|[from] ability: Sand Stream|[of] p2a: Tyranitar\n|turn|1\n|\n|t:|1776538970\n|detailschange|p1b: Aggron|Aggron-Mega, L50, F\n|-mega|p1b: Aggron|Aggron|Aggronite\n|move|p2b: Excadrill|Rock Slide|p1a: Farigiraf|[spread] p1b\n|-miss|p2b: Excadrill|p1a: Farigiraf\n|-resisted|p1b: Aggron|1\n|-damage|p1b: Aggron|95/100\n|move|p2a: Tyranitar|Rock Slide|p1a: Farigiraf|[spread] p1b\n|-miss|p2a: Tyranitar|p1a: Farigiraf\n|-resisted|p1b: Aggron|1\n|-damage|p1b: Aggron|88/100\n|cant|p1b: Aggron|flinch\n|move|p1a: Farigiraf|Trick Room|p1a: Farigiraf\n|-fieldstart|move: Trick Room|[of] p1a: Farigiraf\n|\n|-weather|Sandstorm|[upkeep]\n|-damage|p1a: Farigiraf|94/100|[from] Sandstorm\n|upkeep\n|turn|2\n|inactive|Berryjuicejoy has 30 seconds left.\n|\n|t:|1776538995\n|switch|p2a: Meganium|Meganium, L50, F|100/100\n|move|p1a: Farigiraf|Protect|p1a: Farigiraf\n|-singleturn|p1a: Farigiraf|Protect\n|move|p1b: Aggron|Iron Defense|p1b: Aggron\n|-boost|p1b: Aggron|def|2\n|move|p2b: Excadrill|Earthquake|p1b: Aggron|[spread] p2a,p1b\n|-activate|p1a: Farigiraf|move: Protect\n|-resisted|p2a: Meganium|1\n|-supereffective|p1b: Aggron|1\n|-damage|p2a: Meganium|74/100\n|-damage|p1b: Aggron|71/100\n|\n|-weather|Sandstorm|[upkeep]\n|-damage|p1a: Farigiraf|88/100|[from] Sandstorm\n|-damage|p2a: Meganium|68/100|[from] Sandstorm\n|upkeep\n|turn|3\n|\n|t:|1776539008\n|detailschange|p2a: Meganium|Meganium-Mega, L50, F\n|-mega|p2a: Meganium|Meganium|Meganiumite\n|move|p1b: Aggron|Protect|p1b: Aggron\n|-singleturn|p1b: Aggron|Protect\n|move|p1a: Farigiraf|Psychic|p2a: Meganium\n|-damage|p2a: Meganium|20/100\n|move|p2a: Meganium|Weather Ball|p1b: Aggron\n|-activate|p1b: Aggron|move: Protect\n|move|p2b: Excadrill|Iron Head|p1a: Farigiraf\n|-damage|p1a: Farigiraf|35/100\n|-enditem|p1a: Farigiraf|Sitrus Berry|[eat]\n|-heal|p1a: Farigiraf|60/100|[from] item: Sitrus Berry\n|\n|-weather|Sandstorm|[upkeep]\n|-damage|p1a: Farigiraf|54/100|[from] Sandstorm\n|-damage|p2a: Meganium|14/100|[from] Sandstorm\n|upkeep\n|turn|4\n|inactive|Berryjuicejoy has 30 seconds left.\n|\n|t:|1776539034\n|move|p1a: Farigiraf|Protect|p1a: Farigiraf\n|-singleturn|p1a: Farigiraf|Protect\n|move|p2a: Meganium|Protect|p2a: Meganium\n|-singleturn|p2a: Meganium|Protect\n|move|p1b: Aggron|Body Press|p2a: Meganium\n|-activate|p2a: Meganium|move: Protect\n|move|p2b: Excadrill|Iron Head|p1a: Farigiraf\n|-activate|p1a: Farigiraf|move: Protect\n|\n|-weather|Sandstorm|[upkeep]\n|-damage|p1a: Farigiraf|48/100|[from] Sandstorm\n|-damage|p2a: Meganium|8/100|[from] Sandstorm\n|upkeep\n|turn|5\n|\n|t:|1776539041\n|switch|p2a: Basculegion|Basculegion, L50, M|100/100\n|move|p1b: Aggron|Body Press|p2b: Excadrill\n|-supereffective|p2b: Excadrill|1\n|-crit|p2b: Excadrill\n|-enditem|p2b: Excadrill|Focus Sash\n|-damage|p2b: Excadrill|1/100\n|move|p1a: Farigiraf|Psychic|p2a: Basculegion\n|-damage|p2a: Basculegion|53/100\n|move|p2b: Excadrill|Iron Head|p1a: Farigiraf\n|-damage|p1a: Farigiraf|0 fnt\n|faint|p1a: Farigiraf\n|\n|-weather|none\n|-fieldend|move: Trick Room\n|upkeep\n|\n|t:|1776539046\n|switch|p1a: Torkoal|Torkoal, L50, F|100/100\n|-weather|SunnyDay|[from] ability: Drought|[of] p1a: Torkoal\n|turn|6\n|\n|t:|1776539069\n|move|p2b: Excadrill|Protect|p2b: Excadrill\n|-singleturn|p2b: Excadrill|Protect\n|move|p1a: Torkoal|Protect|p1a: Torkoal\n|-singleturn|p1a: Torkoal|Protect\n|move|p2a: Basculegion|Wave Crash|p1a: Torkoal\n|-activate|p1a: Torkoal|move: Protect\n|move|p1b: Aggron|Body Press|p2b: Excadrill\n|-activate|p2b: Excadrill|move: Protect\n|\n|-weather|SunnyDay|[upkeep]\n|upkeep\n|turn|7\n|\n|t:|1776539086\n|move|p2a: Basculegion|Wave Crash|p1a: Torkoal\n|-supereffective|p1a: Torkoal|1\n|-damage|p1a: Torkoal|40/100\n|-damage|p2a: Basculegion|38/100|[from] Recoil\n|move|p2b: Excadrill|Earthquake|p1a: Torkoal|[spread] p2a,p1a,p1b\n|-supereffective|p1a: Torkoal|1\n|-supereffective|p1b: Aggron|1\n|-damage|p2a: Basculegion|0 fnt\n|-damage|p1a: Torkoal|0 fnt\n|-damage|p1b: Aggron|55/100\n|faint|p2a: Basculegion\n|faint|p1a: Torkoal\n|move|p1b: Aggron|Body Press|p2b: Excadrill\n|-supereffective|p2b: Excadrill|1\n|-damage|p2b: Excadrill|0 fnt\n|faint|p2b: Excadrill\n|\n|-weather|SunnyDay|[upkeep]\n|upkeep\n|\n|t:|1776539093\n|switch|p2a: Meganium|Meganium-Mega, L50, F|8/100\n|switch|p2b: Tyranitar|Tyranitar, L50, F|100/100\n|switch|p1a: Pelipper|Pelipper, L50, F|100/100\n|-weather|Sandstorm|[from] ability: Sand Stream|[of] p2b: Tyranitar\n|-weather|RainDance|[from] ability: Drizzle|[of] p1a: Pelipper\n|turn|8\n|inactive|Berryjuicejoy has 30 seconds left.\n|inactive|ImprobableBlob has 30 seconds left.\n|inactive|ImprobableBlob has 20 seconds left.\n|\n|t:|1776539138\n|move|p1b: Aggron|Protect|p1b: Aggron\n|-singleturn|p1b: Aggron|Protect\n|move|p2a: Meganium|Solar Beam||[still]\n|-prepare|p2a: Meganium|Solar Beam\n|-activate|p2a: Meganium|ability: Mega Sol\n|-anim|p2a: Meganium|Solar Beam|p1a: Pelipper\n|-damage|p1a: Pelipper|12/100\n|move|p2b: Tyranitar|Rock Slide|p1a: Pelipper|[spread] p1a\n|-activate|p1b: Aggron|move: Protect\n|-supereffective|p1a: Pelipper|1\n|-damage|p1a: Pelipper|0 fnt\n|faint|p1a: Pelipper\n|\n|-weather|RainDance|[upkeep]\n|upkeep\n|turn|9\n|-message|Berryjuicejoy forfeited.\n|\n|win|ImprobableBlob\n|raw|Berryjuicejoy's rating: 1486 &rarr; <strong>1468</strong><br />(-18 for losing)\n|raw|ImprobableBlob's rating: 1522 &rarr; <strong>1540</strong><br />(+18 for winning)\n|l|\u2606Berryjuicejoy\n|player|p1|\n|l|\u2606ImprobableBlob\n|player|p2|\n",
  "uploadtime": 1776539176,
  "views": 21,
  "formatid": "gen9championsvgc2026regma",
  "rating": 1468,
  "private": 0,
  "password": null
}