{
  "id": "gen9championsvgc2026regma-2586891677",
  "format": "[Gen 9 Champions] VGC 2026 Reg M-A",
  "players": [
    "SunTufo",
    "jacosaurus"
  ],
  "log": "|j|\u2606SunTufo\n|j|\u2606jacosaurus\n|t:|1776469104\n|gametype|doubles\n|player|p1|SunTufo|li|1294\n|player|p2|jacosaurus|adaman|1324\n|gen|9\n|tier|[Gen 9 Champions] VGC 2026 Reg M-A\n|rated|\n|rule|Species Clause: Limit one of each Pok\u00e9mon\n|rule|Item Clause: Limit 1 of each item\n|clearpoke\n|poke|p1|Aerodactyl, L50, F|\n|poke|p1|Floette-Eternal, L50, F|\n|poke|p1|Incineroar, L50, F|\n|poke|p1|Sinistcha-Masterpiece, L50|\n|poke|p1|Sneasler, L50, M|\n|poke|p1|Kingambit, L50, M|\n|poke|p2|Sneasler, L50, F|\n|poke|p2|Sinistcha-Masterpiece, L50|\n|poke|p2|Pelipper, L50, M|\n|poke|p2|Blastoise, L50, F|\n|poke|p2|Farigiraf, L50, F|\n|poke|p2|Whimsicott, L50, F|\n|teampreview|4\n|inactive|Battle timer is ON: inactive players will automatically lose when time's up. (requested by SunTufo)\n|inactive|jacosaurus has 60 seconds left.\n|\n|t:|1776469137\n|teamsize|p1|4\n|teamsize|p2|4\n|start\n|switch|p1a: Floette|Floette-Eternal, L50, F|100/100\n|switch|p1b: Incineroar|Incineroar, L50, F|100/100\n|switch|p2a: Blastoise|Blastoise, L50, F|100/100\n|switch|p2b: Sneasler|Sneasler, L50, F|100/100\n|-ability|p1b: Incineroar|Intimidate|boost\n|-unboost|p2a: Blastoise|atk|1\n|-unboost|p2b: Sneasler|atk|1\n|-enditem|p2b: Sneasler|White Herb\n|-clearnegativeboost|p2b: Sneasler|[silent]\n|turn|1\n|\n|t:|1776469155\n|switch|p2b: Farigiraf|Farigiraf, L50, F|100/100\n|switch|p1b: Sinistcha|Sinistcha-Masterpiece, L50|100/100\n|detailschange|p2a: Blastoise|Blastoise-Mega, L50, F\n|-mega|p2a: Blastoise|Blastoise|Blastoisinite\n|move|p1a: Floette|Protect|p1a: Floette\n|-singleturn|p1a: Floette|Protect\n|move|p2a: Blastoise|Shell Smash|p2a: Blastoise\n|-unboost|p2a: Blastoise|def|1\n|-unboost|p2a: Blastoise|spd|1\n|-boost|p2a: Blastoise|atk|2\n|-boost|p2a: Blastoise|spa|2\n|-boost|p2a: Blastoise|spe|2\n|\n|upkeep\n|turn|2\n|\n|t:|1776469175\n|switch|p1a: Kingambit|Kingambit, L50, M, shiny|100/100\n|switch|p2b: Pelipper|Pelipper, L50, M|100/100\n|-weather|RainDance|[from] ability: Drizzle|[of] p2b: Pelipper\n|move|p2a: Blastoise|Protect|p2a: Blastoise\n|-singleturn|p2a: Blastoise|Protect\n|move|p1b: Sinistcha|Matcha Gotcha|p2a: Blastoise|[spread] p2b\n|-activate|p2a: Blastoise|move: Protect\n|-damage|p2b: Pelipper|76/100\n|\n|-weather|RainDance|[upkeep]\n|-heal|p2b: Pelipper|82/100|[from] item: Leftovers\n|upkeep\n|turn|3\n|\n|t:|1776469200\n|switch|p2b: Farigiraf|Farigiraf, L50, F|100/100\n|move|p2a: Blastoise|Water Spout|p1b: Sinistcha|[spread] p1a,p1b\n|-resisted|p1b: Sinistcha|1\n|-damage|p1a: Kingambit|0 fnt\n|-damage|p1b: Sinistcha|11/100\n|faint|p1a: Kingambit\n|move|p1b: Sinistcha|Matcha Gotcha|p2a: Blastoise|[spread] p2a,p2b\n|-supereffective|p2a: Blastoise|1\n|-damage|p2a: Blastoise|27/100\n|-heal|p1b: Sinistcha|43/100|[from] drain|[of] p2a: Blastoise\n|-damage|p2b: Farigiraf|73/100\n|-heal|p1b: Sinistcha|61/100|[from] drain|[of] p2b: Farigiraf\n|\n|-weather|RainDance|[upkeep]\n|upkeep\n|\n|t:|1776469207\n|switch|p1a: Floette|Floette-Eternal, L50, F|100/100\n|turn|4\n|\n|t:|1776469228\n|switch|p2b: Pelipper|Pelipper, L50, M|82/100\n|detailschange|p1a: Floette|Floette-Mega, L50, F\n|-mega|p1a: Floette|Floette|Floettite\n|-ability|p1a: Floette|Fairy Aura\n|move|p2a: Blastoise|Protect|p2a: Blastoise\n|-singleturn|p2a: Blastoise|Protect\n|move|p1a: Floette|Draining Kiss|p2a: Blastoise\n|-activate|p2a: Blastoise|move: Protect\n|move|p1b: Sinistcha|Trick Room|p1b: Sinistcha\n|-fieldstart|move: Trick Room|[of] p1b: Sinistcha\n|\n|-weather|RainDance|[upkeep]\n|-heal|p2b: Pelipper|88/100|[from] item: Leftovers\n|upkeep\n|turn|5\n|inactive|jacosaurus has 30 seconds left.\n|\n|t:|1776469262\n|switch|p2a: Farigiraf|Farigiraf, L50, F|73/100\n|move|p2b: Pelipper|Hurricane|p1b: Sinistcha\n|-supereffective|p1b: Sinistcha|1\n|-damage|p1b: Sinistcha|0 fnt\n|faint|p1b: Sinistcha\n|move|p1a: Floette|Draining Kiss|p2a: Farigiraf\n|-damage|p2a: Farigiraf|33/100\n|-enditem|p2a: Farigiraf|Sitrus Berry|[eat]\n|-heal|p2a: Farigiraf|57/100|[from] item: Sitrus Berry\n|\n|-weather|RainDance|[upkeep]\n|-heal|p2b: Pelipper|94/100|[from] item: Leftovers\n|upkeep\n|\n|t:|1776469267\n|switch|p1b: Incineroar|Incineroar, L50, F|100/100\n|-ability|p1b: Incineroar|Intimidate|boost\n|-unboost|p2a: Farigiraf|atk|1\n|-unboost|p2b: Pelipper|atk|1\n|turn|6\n|inactive|jacosaurus has 30 seconds left.\n|\n|t:|1776469298\n|move|p2a: Farigiraf|Protect|p2a: Farigiraf\n|-singleturn|p2a: Farigiraf|Protect\n|move|p2b: Pelipper|Hurricane|p1a: Floette\n|-damage|p1a: Floette|72/100\n|-start|p1a: Floette|confusion\n|move|p1b: Incineroar|Taunt|p2a: Farigiraf\n|-activate|p2a: Farigiraf|move: Protect\n|-activate|p1a: Floette|confusion\n|-damage|p1a: Floette|65/100|[from] confusion\n|\n|-weather|none\n|-heal|p2b: Pelipper|100/100|[from] item: Leftovers\n|upkeep\n|turn|7\n|inactive|jacosaurus has 30 seconds left.\n|inactive|SunTufo has 30 seconds left.\n|\n|t:|1776469332\n|-activate|p1a: Floette|confusion\n|move|p1a: Floette|Protect|p1a: Floette\n|-singleturn|p1a: Floette|Protect\n|move|p2a: Farigiraf|Psychic|p1a: Floette\n|-activate|p1a: Floette|move: Protect\n|move|p2b: Pelipper|Hurricane|p1a: Floette\n|-activate|p1a: Floette|move: Protect\n|move|p1b: Incineroar|Taunt|p2a: Farigiraf\n|-start|p2a: Farigiraf|move: Taunt\n|\n|upkeep\n|turn|8\n|\n|t:|1776469355\n|move|p2a: Farigiraf|Psychic|p1a: Floette\n|-damage|p1a: Floette|41/100\n|-unboost|p1a: Floette|spd|1\n|move|p2b: Pelipper|Hurricane|p1a: Floette\n|-damage|p1a: Floette|0 fnt\n|faint|p1a: Floette\n|move|p1b: Incineroar|Flare Blitz|p2b: Pelipper\n|-resisted|p2b: Pelipper|1\n|-damage|p2b: Pelipper|76/100\n|-damage|p1b: Incineroar|94/100|[from] Recoil\n|\n|-heal|p2b: Pelipper|82/100|[from] item: Leftovers\n|-fieldend|move: Trick Room\n|upkeep\n|turn|9\n|inactive|SunTufo has 30 seconds left.\n|inactive|jacosaurus has 30 seconds left.\n|-message|SunTufo forfeited.\n|\n|win|jacosaurus\n|raw|SunTufo's rating: 1294 &rarr; <strong>1271</strong><br />(-23 for losing)\n|raw|jacosaurus's rating: 1324 &rarr; <strong>1342</strong><br />(+18 for winning)\n",
  "uploadtime": 1776469390,
  "views": 30,
  "formatid": "gen9championsvgc2026regma",
  "rating": 1271,
  "private": 0,
  "password": null
}