{
  "id": "gen9championsvgc2026regma-2584028016",
  "format": "[Gen 9 Champions] VGC 2026 Reg M-A",
  "players": [
    "Na04",
    "LycheeEXE"
  ],
  "log": "|j|\u2606Na04\n|j|\u2606LycheeEXE\n|t:|1776218119\n|gametype|doubles\n|player|p1|Na04|lucas|1140\n|player|p2|LycheeEXE|pokemonbreederf|1125\n|gen|9\n|tier|[Gen 9 Champions] VGC 2026 Reg M-A\n|rated|\n|rule|Species Clause: Limit one of each Pok\u00e9mon\n|rule|Item Clause: Limit 1 of each item\n|clearpoke\n|poke|p1|Pelipper, L50, M|\n|poke|p1|Lucario, L50, F|\n|poke|p1|Manectric, L50, F|\n|poke|p1|Simipour, L50, F|\n|poke|p1|Basculegion, L50, M|\n|poke|p1|Archaludon, L50, F|\n|poke|p2|Vivillon, L50, F|\n|poke|p2|Volcarona, L50, M|\n|poke|p2|Heracross, L50, F|\n|poke|p2|Scizor, L50, F|\n|poke|p2|Kleavor, L50, F|\n|poke|p2|Araquanid, L50, M|\n|teampreview|4\n|inactive|Battle timer is ON: inactive players will automatically lose when time's up. (requested by LycheeEXE)\n|inactive|Na04 has 60 seconds left.\nLycheeEXE rejected open team sheets.\n|\n|t:|1776218175\n|teamsize|p1|4\n|teamsize|p2|4\n|start\n|switch|p1a: Manectric|Manectric, L50, F|100/100\n|switch|p1b: Pelipper|Pelipper, L50, M|100/100\n|switch|p2a: Vivillon|Vivillon, L50, F|100/100\n|switch|p2b: Kleavor|Kleavor, L50, F|100/100\n|-weather|RainDance|[from] ability: Drizzle|[of] p1b: Pelipper\n|turn|1\n|\n|t:|1776218195\n|switch|p1b: Archaludon|Archaludon, L50, F|100/100\n|detailschange|p1a: Manectric|Manectric-Mega, L50, F\n|-mega|p1a: Manectric|Manectric|Manectite\n|-ability|p1a: Manectric|Intimidate|boost\n|-unboost|p2a: Vivillon|atk|1\n|-unboost|p2b: Kleavor|atk|1\n|move|p1a: Manectric|Volt Switch|p2b: Kleavor\n|-damage|p2b: Kleavor|39/100\n|\n|t:|1776218208\n|switch|p1a: Basculegion|Basculegion, L50, M|100/100|[from] Volt Switch\n|move|p2b: Kleavor|Stone Axe|p1b: Archaludon\n|-resisted|p1b: Archaludon|1\n|-damage|p1b: Archaludon|88/100\n|-ability|p1b: Archaludon|Stamina|boost\n|-boost|p1b: Archaludon|def|1\n|-sidestart|p1: Na04|move: Stealth Rock\n|move|p2a: Vivillon|Sunny Day|p2a: Vivillon\n|-weather|SunnyDay\n|\n|-weather|SunnyDay|[upkeep]\n|upkeep\n|turn|2\n|\n|t:|1776218225\n|switch|p2b: Volcarona|Volcarona, L50, M|100/100\n|move|p1a: Basculegion|Flip Turn|p2b: Volcarona\n|-supereffective|p2b: Volcarona|1\n|-damage|p2b: Volcarona|40/100\n|-status|p1a: Basculegion|brn|[from] ability: Flame Body|[of] p2b: Volcarona\n|\n|t:|1776218230\n|switch|p1a: Pelipper|Pelipper, L50, M|100/100|[from] Flip Turn\n|-damage|p1a: Pelipper|76/100|[from] Stealth Rock\n|-weather|RainDance|[from] ability: Drizzle|[of] p1a: Pelipper\n|move|p2a: Vivillon|Sleep Powder|p1a: Pelipper\n|-status|p1a: Pelipper|slp|[from] move: Sleep Powder\n|move|p1b: Archaludon|Electro Shot||[still]\n|-prepare|p1b: Archaludon|Electro Shot\n|-boost|p1b: Archaludon|spa|1\n|-anim|p1b: Archaludon|Electro Shot|p2a: Vivillon\n|-supereffective|p2a: Vivillon|1\n|-enditem|p2a: Vivillon|Focus Sash\n|-damage|p2a: Vivillon|1/100\n|\n|-weather|RainDance|[upkeep]\n|upkeep\n|turn|3\n|\n|t:|1776218243\n|move|p2b: Volcarona|Quiver Dance|p2b: Volcarona\n|-boost|p2b: Volcarona|spa|1\n|-boost|p2b: Volcarona|spd|1\n|-boost|p2b: Volcarona|spe|1\n|move|p2a: Vivillon|Sleep Powder|p1b: Archaludon\n|-status|p1b: Archaludon|slp|[from] move: Sleep Powder\n|cant|p1b: Archaludon|slp\n|cant|p1a: Pelipper|slp\n|\n|-weather|RainDance|[upkeep]\n|upkeep\n|turn|4\n|\n|t:|1776218252\n|move|p2b: Volcarona|Quiver Dance|p2b: Volcarona\n|-boost|p2b: Volcarona|spa|1\n|-boost|p2b: Volcarona|spd|1\n|-boost|p2b: Volcarona|spe|1\n|move|p2a: Vivillon|Sunny Day|p2a: Vivillon\n|-weather|SunnyDay\n|-curestatus|p1b: Archaludon|slp|[msg]\n|move|p1b: Archaludon|Flash Cannon|p2a: Vivillon\n|-damage|p2a: Vivillon|0 fnt\n|faint|p2a: Vivillon\n|-curestatus|p1a: Pelipper|slp|[msg]\n|move|p1a: Pelipper|Hurricane|p2b: Volcarona|[miss]\n|-miss|p1a: Pelipper|p2b: Volcarona\n|\n|-weather|SunnyDay|[upkeep]\n|upkeep\n|\n|t:|1776218263\n|switch|p2a: Kleavor|Kleavor, L50, F|39/100\n|turn|5\n|inactive|Na04 has 30 seconds left.\n|\n|t:|1776218292\n|move|p2b: Volcarona|Heat Wave|p1a: Pelipper|[spread] p1a,p1b\n|-resisted|p1a: Pelipper|1\n|-damage|p1a: Pelipper|0 fnt\n|-damage|p1b: Archaludon|0 fnt\n|faint|p1a: Pelipper\n|faint|p1b: Archaludon\n|move|p2a: Kleavor|Stone Axe|p1: Pelipper|[notarget]\n|-fail|p2a: Kleavor\n|\n|-weather|SunnyDay|[upkeep]\n|upkeep\n|\n|t:|1776218296\n|switch|p1b: Basculegion|Basculegion, L50, M|100/100 brn\n|switch|p1a: Manectric|Manectric-Mega, L50, F|100/100\n|-damage|p1b: Basculegion|88/100 brn|[from] Stealth Rock\n|-damage|p1a: Manectric|88/100|[from] Stealth Rock\n|-ability|p1a: Manectric|Intimidate|boost\n|-unboost|p2a: Kleavor|atk|1\n|-unboost|p2b: Volcarona|atk|1\n|turn|6\n|\n|t:|1776218309\n|move|p2b: Volcarona|Heat Wave|p1b: Basculegion|[spread] p1a,p1b\n|-resisted|p1b: Basculegion|1\n|-damage|p1a: Manectric|0 fnt\n|-damage|p1b: Basculegion|24/100 brn\n|faint|p1a: Manectric\n|move|p1b: Basculegion|Last Respects|p2b: Volcarona\n|-damage|p2b: Volcarona|0 fnt\n|faint|p2b: Volcarona\n|move|p2a: Kleavor|Stone Axe|p1b: Basculegion\n|-damage|p1b: Basculegion|0 fnt\n|faint|p1b: Basculegion\n|\n|win|LycheeEXE\n|raw|Na04's rating: 1140 &rarr; <strong>1114</strong><br />(-26 for losing)\n|raw|LycheeEXE's rating: 1125 &rarr; <strong>1151</strong><br />(+26 for winning)\n|l|\u2606Na04\n|player|p1|\n",
  "uploadtime": 1776218321,
  "views": 22,
  "formatid": "gen9championsvgc2026regma",
  "rating": 1114,
  "private": 0,
  "password": null
}