{
  "id": "gen9championsvgc2026regma-2588094376",
  "format": "[Gen 9 Champions] VGC 2026 Reg M-A",
  "players": [
    "thewindow",
    "slothgameplay"
  ],
  "log": "|j|\u2606thewindow\n|j|\u2606slothgameplay\n|t:|1776603606\n|gametype|doubles\n|player|p1|thewindow|101|1207\n|player|p2|slothgameplay|169|1217\n|gen|9\n|tier|[Gen 9 Champions] VGC 2026 Reg M-A\n|rated|\n|rule|Species Clause: Limit one of each Pok\u00e9mon\n|rule|Item Clause: Limit 1 of each item\n|clearpoke\n|poke|p1|Pelipper, L50, M|\n|poke|p1|Dragonite, L50, M|\n|poke|p1|Basculegion, L50, M|\n|poke|p1|Rhyperior, L50, M|\n|poke|p1|Archaludon, L50, F|\n|poke|p1|Meganium, L50, F|\n|poke|p2|Gengar, L50, F, shiny|\n|poke|p2|Incineroar, L50, M|\n|poke|p2|Sinistcha-Masterpiece, L50|\n|poke|p2|Kingambit, L50, F|\n|poke|p2|Tyranitar, L50, F|\n|poke|p2|Kommo-o, L50, M|\n|teampreview|4\n|c|\u2606slothgameplay|gm\n|inactive|Battle timer is ON: inactive players will automatically lose when time's up. (requested by thewindow)\n|c|\u2606thewindow|gm?\n|\n|t:|1776603691\n|teamsize|p1|4\n|teamsize|p2|4\n|start\n|switch|p1a: Pelipper|Pelipper, L50, M|100/100\n|switch|p1b: Rhyperior|Rhyperior, L50, M|100/100\n|switch|p2a: Incineroar|Incineroar, L50, M|100/100\n|switch|p2b: Sinistcha|Sinistcha-Masterpiece, L50|100/100\n|-weather|RainDance|[from] ability: Drizzle|[of] p1a: Pelipper\n|-ability|p2a: Incineroar|Intimidate|boost\n|-unboost|p1a: Pelipper|atk|1\n|-unboost|p1b: Rhyperior|atk|1\n|turn|1\n|c|\u2606slothgameplay|good morning\n|c|\u2606thewindow|oh lmao\n|c|\u2606thewindow|its night for me\n|inactive|thewindow has 30 seconds left.\n|inactive|slothgameplay has 30 seconds left.\n|inactive|slothgameplay has 20 seconds left.\n|\n|t:|1776603728\n|switch|p1a: Archaludon|Archaludon, L50, F|100/100\n|switch|p2a: Tyranitar|Tyranitar, L50, F|100/100\n|-weather|Sandstorm|[from] ability: Sand Stream|[of] p2a: Tyranitar\n|move|p1b: Rhyperior|Protect|p1b: Rhyperior\n|-singleturn|p1b: Rhyperior|Protect\n|move|p2b: Sinistcha|Matcha Gotcha|p1a: Archaludon|[spread] p1a\n|-activate|p1b: Rhyperior|move: Protect\n|-resisted|p1a: Archaludon|2\n|-damage|p1a: Archaludon|95/100\n|-ability|p1a: Archaludon|Stamina|boost\n|-boost|p1a: Archaludon|def|1\n|\n|-weather|Sandstorm|[upkeep]\n|-damage|p2b: Sinistcha|94/100|[from] Sandstorm\n|-heal|p1a: Archaludon|100/100|[from] item: Leftovers\n|upkeep\n|turn|2\n|inactive|thewindow has 30 seconds left.\n|inactive|slothgameplay has 30 seconds left.\n|\n|t:|1776603757\n|move|p2a: Tyranitar|Protect|p2a: Tyranitar\n|-singleturn|p2a: Tyranitar|Protect\n|move|p1a: Archaludon|Flash Cannon|p2a: Tyranitar\n|-activate|p2a: Tyranitar|move: Protect\n|move|p2b: Sinistcha|Matcha Gotcha|p1a: Archaludon|[spread] p1b\n|-miss|p2b: Sinistcha|p1a: Archaludon\n|-supereffective|p1b: Rhyperior|2\n|-enditem|p1b: Rhyperior|Rindo Berry|[eat]\n|-enditem|p1b: Rhyperior|Rindo Berry|[weaken]\n|-damage|p1b: Rhyperior|73/100\n|-heal|p2b: Sinistcha|100/100|[from] drain|[of] p1b: Rhyperior\n|move|p1b: Rhyperior|Rain Dance|p1b: Rhyperior\n|-weather|RainDance\n|\n|-weather|RainDance|[upkeep]\n|upkeep\n|turn|3\n|c|\u2606slothgameplay|triple security\n|inactive|slothgameplay has 30 seconds left.\n|c|\u2606slothgameplay|in weather\n|inactive|slothgameplay has 20 seconds left.\n|\n|t:|1776603797\n|detailschange|p2a: Tyranitar|Tyranitar-Mega, L50, F\n|-mega|p2a: Tyranitar|Tyranitar|Tyranitarite\n|-weather|Sandstorm|[from] ability: Sand Stream|[of] p2a: Tyranitar\n|move|p1b: Rhyperior|Helping Hand|p1a: Archaludon\n|-singleturn|p1a: Archaludon|Helping Hand|[of] p1b: Rhyperior\n|move|p2b: Sinistcha|Rage Powder|p2b: Sinistcha\n|-singleturn|p2b: Sinistcha|move: Rage Powder\n|move|p1a: Archaludon|Dragon Pulse|p2b: Sinistcha\n|-damage|p2b: Sinistcha|46/100\n|-enditem|p2b: Sinistcha|Sitrus Berry|[eat]\n|-heal|p2b: Sinistcha|71/100|[from] item: Sitrus Berry\n|move|p2a: Tyranitar|Low Kick|p1b: Rhyperior\n|-supereffective|p1b: Rhyperior|1\n|-damage|p1b: Rhyperior|1/100\n|\n|-weather|Sandstorm|[upkeep]\n|-damage|p2b: Sinistcha|65/100|[from] Sandstorm\n|upkeep\n|turn|4\n|inactive|thewindow has 30 seconds left.\n|inactive|slothgameplay has 30 seconds left.\n|\n|t:|1776603825\n|move|p1b: Rhyperior|Protect|p1b: Rhyperior\n|-singleturn|p1b: Rhyperior|Protect\n|move|p2b: Sinistcha|Rage Powder|p2b: Sinistcha\n|-singleturn|p2b: Sinistcha|move: Rage Powder\n|move|p1a: Archaludon|Dragon Pulse|p2b: Sinistcha\n|-damage|p2b: Sinistcha|31/100\n|move|p2a: Tyranitar|Rock Slide|p1a: Archaludon|[spread] p1a\n|-activate|p1b: Rhyperior|move: Protect\n|-resisted|p1a: Archaludon|1\n|-damage|p1a: Archaludon|91/100\n|-ability|p1a: Archaludon|Stamina|boost\n|-boost|p1a: Archaludon|def|1\n|\n|-weather|Sandstorm|[upkeep]\n|-damage|p2b: Sinistcha|25/100|[from] Sandstorm\n|-heal|p1a: Archaludon|97/100|[from] item: Leftovers\n|upkeep\n|turn|5\n|\n|t:|1776603851\n|move|p1b: Rhyperior|Helping Hand|p1a: Archaludon\n|-singleturn|p1a: Archaludon|Helping Hand|[of] p1b: Rhyperior\n|move|p2b: Sinistcha|Rage Powder|p2b: Sinistcha\n|-singleturn|p2b: Sinistcha|move: Rage Powder\n|move|p1a: Archaludon|Flash Cannon|p2b: Sinistcha\n|-damage|p2b: Sinistcha|0 fnt\n|faint|p2b: Sinistcha\n|move|p2a: Tyranitar|Knock Off|p1b: Rhyperior\n|-damage|p1b: Rhyperior|0 fnt\n|faint|p1b: Rhyperior\n|\n|-weather|Sandstorm|[upkeep]\n|-heal|p1a: Archaludon|100/100|[from] item: Leftovers\n|upkeep\n|\n|t:|1776603865\n|switch|p2b: Kommo-o|Kommo-o, L50, M|100/100\n|switch|p1b: Pelipper|Pelipper, L50, M|100/100\n|-weather|RainDance|[from] ability: Drizzle|[of] p1b: Pelipper\n|turn|6\n|inactive|thewindow has 30 seconds left.\n|inactive|thewindow has 20 seconds left.\n|\n|t:|1776603905\n|switch|p2a: Incineroar|Incineroar, L50, M|100/100\n|-ability|p2a: Incineroar|Intimidate|boost\n|-unboost|p1a: Archaludon|atk|1\n|-unboost|p1b: Pelipper|atk|1\n|move|p2b: Kommo-o|Protect|p2b: Kommo-o\n|-singleturn|p2b: Kommo-o|Protect\n|move|p1b: Pelipper|Hurricane|p2b: Kommo-o\n|-activate|p2b: Kommo-o|move: Protect\n|move|p1a: Archaludon|Flash Cannon|p2a: Incineroar\n|-resisted|p2a: Incineroar|1\n|-damage|p2a: Incineroar|89/100\n|\n|-weather|RainDance|[upkeep]\n|upkeep\n|turn|7\n|inactive|slothgameplay has 30 seconds left.\n|inactive|thewindow has 30 seconds left.\n|\n|t:|1776603944\n|switch|p2b: Tyranitar|Tyranitar-Mega, L50, F|100/100\n|-weather|Sandstorm|[from] ability: Sand Stream|[of] p2b: Tyranitar\n|move|p2a: Incineroar|Fake Out|p1a: Archaludon\n|-resisted|p1a: Archaludon|1\n|-damage|p1a: Archaludon|99/100\n|-ability|p1a: Archaludon|Stamina|boost\n|-boost|p1a: Archaludon|def|1\n|move|p1b: Pelipper|Tailwind|p1b: Pelipper\n|-sidestart|p1: thewindow|move: Tailwind\n|cant|p1a: Archaludon|flinch\n|\n|-weather|Sandstorm|[upkeep]\n|-damage|p1b: Pelipper|95/100|[from] Sandstorm\n|-damage|p2a: Incineroar|83/100|[from] Sandstorm\n|-heal|p1a: Archaludon|100/100|[from] item: Leftovers\n|upkeep\n|turn|8\n|\n|t:|1776603967\n|move|p2b: Tyranitar|Protect|p2b: Tyranitar\n|-singleturn|p2b: Tyranitar|Protect\n|move|p1b: Pelipper|Rain Dance|p1b: Pelipper\n|-weather|RainDance\n|move|p1a: Archaludon|Flash Cannon|p2b: Tyranitar\n|-activate|p2b: Tyranitar|move: Protect\n|move|p2a: Incineroar|Parting Shot|p1a: Archaludon\n|-unboost|p1a: Archaludon|atk|1\n|-unboost|p1a: Archaludon|spa|1\n|c|\u2606slothgameplay|omg\n|c|\u2606slothgameplay|you so\n|c|\u2606slothgameplay|secure for this rain kkk\n|\n|t:|1776603990\n|switch|p2a: Kommo-o|Kommo-o, L50, M|100/100|[from] Parting Shot\n|\n|-weather|RainDance|[upkeep]\n|upkeep\n|turn|9\n|\n|t:|1776604004\n|switch|p2b: Incineroar|Incineroar, L50, M|83/100\n|-ability|p2b: Incineroar|Intimidate|boost\n|-unboost|p1a: Archaludon|atk|1\n|-unboost|p1b: Pelipper|atk|1\n|move|p2a: Kommo-o|Protect|p2a: Kommo-o\n|-singleturn|p2a: Kommo-o|Protect\n|move|p1b: Pelipper|Hurricane|p2a: Kommo-o\n|-activate|p2a: Kommo-o|move: Protect\n|move|p1a: Archaludon|Flash Cannon|p2b: Incineroar\n|-resisted|p2b: Incineroar|1\n|-damage|p2b: Incineroar|74/100\n|\n|-weather|RainDance|[upkeep]\n|upkeep\n|turn|10\n|inactive|slothgameplay has 30 seconds left.\n|inactive|thewindow has 30 seconds left.\n|\n|t:|1776604041\n|switch|p1b: Basculegion|Basculegion, L50, M|100/100\n|switch|p2a: Tyranitar|Tyranitar-Mega, L50, F|100/100\n|-weather|Sandstorm|[from] ability: Sand Stream|[of] p2a: Tyranitar\n|move|p2b: Incineroar|Fake Out|p1b: Basculegion\n|-immune|p1b: Basculegion\n|move|p1a: Archaludon|Electro Shot||[still]\n|-prepare|p1a: Archaludon|Electro Shot\n|-boost|p1a: Archaludon|spa|1\n|\n|-weather|Sandstorm|[upkeep]\n|-damage|p1b: Basculegion|94/100|[from] Sandstorm\n|-damage|p2b: Incineroar|68/100|[from] Sandstorm\n|-sideend|p1: thewindow|move: Tailwind\n|upkeep\n|turn|11\n|inactive|slothgameplay has 30 seconds left.\n|\n|t:|1776604072\n|move|p1b: Basculegion|Protect|p1b: Basculegion\n|-singleturn|p1b: Basculegion|Protect\n|move|p2a: Tyranitar|Protect|p2a: Tyranitar\n|-singleturn|p2a: Tyranitar|Protect\n|move|p1a: Archaludon|Electro Shot|p2b: Incineroar|[from] lockedmove\n|-damage|p2b: Incineroar|41/100\n|move|p2b: Incineroar|Throat Chop|p1b: Basculegion\n|-activate|p1b: Basculegion|move: Protect\n|\n|-weather|Sandstorm|[upkeep]\n|-damage|p1b: Basculegion|88/100|[from] Sandstorm\n|-damage|p2b: Incineroar|35/100|[from] Sandstorm\n|upkeep\n|turn|12\n|\n|t:|1776604094\n|switch|p1b: Pelipper|Pelipper, L50, M|95/100\n|-weather|RainDance|[from] ability: Drizzle|[of] p1b: Pelipper\n|move|p1a: Archaludon|Electro Shot||[still]\n|-prepare|p1a: Archaludon|Electro Shot\n|-boost|p1a: Archaludon|spa|1\n|-anim|p1a: Archaludon|Electro Shot|p2b: Incineroar\n|-damage|p2b: Incineroar|0 fnt\n|faint|p2b: Incineroar\n|move|p2a: Tyranitar|Knock Off|p1b: Pelipper\n|-damage|p1b: Pelipper|18/100\n|-enditem|p1b: Pelipper|Focus Sash|[from] move: Knock Off|[of] p2a: Tyranitar\n|\n|-weather|RainDance|[upkeep]\n|upkeep\n|\n|t:|1776604109\n|switch|p2b: Kommo-o|Kommo-o, L50, M|100/100\n|turn|13\n|\n|t:|1776604119\n|move|p2b: Kommo-o|Protect|p2b: Kommo-o\n|-singleturn|p2b: Kommo-o|Protect\n|move|p1b: Pelipper|Hurricane|p2b: Kommo-o\n|-activate|p2b: Kommo-o|move: Protect\n|move|p1a: Archaludon|Flash Cannon|p2a: Tyranitar\n|-supereffective|p2a: Tyranitar|1\n|-damage|p2a: Tyranitar|22/100\n|move|p2a: Tyranitar|Rock Slide|p1a: Archaludon|[spread] p1b\n|-miss|p2a: Tyranitar|p1a: Archaludon\n|-supereffective|p1b: Pelipper|1\n|-damage|p1b: Pelipper|0 fnt\n|faint|p1b: Pelipper\n|\n|-weather|RainDance|[upkeep]\n|upkeep\n|\n|t:|1776604124\n|switch|p1b: Basculegion|Basculegion, L50, M|88/100\n|turn|14\n|inactive|slothgameplay has 30 seconds left.\n|\n|t:|1776604155\n|move|p1b: Basculegion|Protect|p1b: Basculegion\n|-singleturn|p1b: Basculegion|Protect\n|move|p2a: Tyranitar|Protect|p2a: Tyranitar\n|-singleturn|p2a: Tyranitar|Protect\n|move|p2b: Kommo-o|Clanging Scales|p1a: Archaludon|[spread] p1a\n|-activate|p1b: Basculegion|move: Protect\n|-damage|p1a: Archaludon|73/100\n|-ability|p1a: Archaludon|Stamina|boost\n|-boost|p1a: Archaludon|def|1\n|-unboost|p2b: Kommo-o|def|1\n|move|p1a: Archaludon|Flash Cannon|p2a: Tyranitar\n|-activate|p2a: Tyranitar|move: Protect\n|\n|-weather|RainDance|[upkeep]\n|-heal|p1a: Archaludon|79/100|[from] item: Leftovers\n|upkeep\n|turn|15\n|inactive|slothgameplay has 30 seconds left.\n|\n|t:|1776604187\n|move|p2b: Kommo-o|Protect|p2b: Kommo-o\n|-singleturn|p2b: Kommo-o|Protect\n|move|p2a: Tyranitar|Protect|p2a: Tyranitar\n|-singleturn|p2a: Tyranitar|Protect\n|move|p1b: Basculegion|Aqua Jet|p2a: Tyranitar\n|-activate|p2a: Tyranitar|move: Protect\n|move|p1a: Archaludon|Dragon Pulse|p2b: Kommo-o\n|-activate|p2b: Kommo-o|move: Protect\n|\n|-weather|RainDance|[upkeep]\n|-heal|p1a: Archaludon|85/100|[from] item: Leftovers\n|upkeep\n|turn|16\n|inactive|slothgameplay has 25 seconds left this turn.\n|inactive|slothgameplay has 20 seconds left.\n|inactive|slothgameplay has 15 seconds left.\n|inactive|slothgameplay has 10 seconds left.\n|inactive|slothgameplay has 5 seconds left.\n|\n|t:|1776604212\n|move|p1b: Basculegion|Aqua Jet|p2a: Tyranitar\n|-supereffective|p2a: Tyranitar|1\n|-damage|p2a: Tyranitar|0 fnt\n|faint|p2a: Tyranitar\n|move|p2b: Kommo-o|Clangorous Soul|p2b: Kommo-o\n|-boost|p2b: Kommo-o|atk|1\n|-boost|p2b: Kommo-o|def|1\n|-boost|p2b: Kommo-o|spa|1\n|-boost|p2b: Kommo-o|spd|1\n|-boost|p2b: Kommo-o|spe|1\n|-damage|p2b: Kommo-o|68/100\n|move|p1a: Archaludon|Dragon Pulse|p2b: Kommo-o\n|-supereffective|p2b: Kommo-o|1\n|-damage|p2b: Kommo-o|0 fnt\n|faint|p2b: Kommo-o\n|\n|win|thewindow\n|raw|thewindow's rating: 1207 &rarr; <strong>1233</strong><br />(+26 for winning)\n|raw|slothgameplay's rating: 1217 &rarr; <strong>1191</strong><br />(-26 for losing)\n",
  "uploadtime": 1776604212,
  "views": 7,
  "formatid": "gen9championsvgc2026regma",
  "rating": 1191,
  "private": 0,
  "password": null
}