{
  "id": "gen9championsvgc2026regma-2588213206",
  "format": "[Gen 9 Champions] VGC 2026 Reg M-A",
  "players": [
    "Peekochu",
    "Loafofgodlybread"
  ],
  "log": "|j|\u2606Peekochu\n|j|\u2606Loafofgodlybread\n|t:|1776614943\n|gametype|doubles\n|player|p1|Peekochu|170|1115\n|player|p2|Loafofgodlybread|grimsley|1131\n|gen|9\n|tier|[Gen 9 Champions] VGC 2026 Reg M-A\n|rated|\n|rule|Species Clause: Limit one of each Pok\u00e9mon\n|rule|Item Clause: Limit 1 of each item\n|clearpoke\n|poke|p1|Pelipper, L50, M|\n|poke|p1|Dragonite, L50, M|\n|poke|p1|Mamoswine, L50, F|\n|poke|p1|Archaludon, L50, F|\n|poke|p1|Basculegion-F, L50, F|\n|poke|p1|Diggersby, L50, F|\n|poke|p2|Gengar, L50, F|\n|poke|p2|Politoed, L50, F|\n|poke|p2|Archaludon, L50, M|\n|poke|p2|Palafin, L50, F|\n|poke|p2|Incineroar, L50, F|\n|poke|p2|Sinistcha, L50|\n|teampreview|4\n|inactive|Battle timer is ON: inactive players will automatically lose when time's up. (requested by Peekochu)\n|\n|t:|1776614975\n|teamsize|p1|4\n|teamsize|p2|4\n|start\n|switch|p1a: Pelipper|Pelipper, L50, M|100/100\n|switch|p1b: Archaludon|Archaludon, L50, F|100/100\n|switch|p2a: Forklift|Archaludon, L50, M|100/100\n|switch|p2b: You know him well|Incineroar, L50, F|100/100\n|-weather|RainDance|[from] ability: Drizzle|[of] p1a: Pelipper\n|-ability|p2b: You know him well|Intimidate|boost\n|-unboost|p1a: Pelipper|atk|1\n|-unboost|p1b: Archaludon|atk|1\n|turn|1\n|\n|t:|1776614987\n|move|p2a: Forklift|Electro Shot||[still]\n|-prepare|p2a: Forklift|Electro Shot\n|-boost|p2a: Forklift|spa|1\n|-anim|p2a: Forklift|Electro Shot|p1a: Pelipper\n|-supereffective|p1a: Pelipper|2\n|-damage|p1a: Pelipper|0 fnt\n|faint|p1a: Pelipper\n|move|p1b: Archaludon|Electro Shot||[still]\n|-prepare|p1b: Archaludon|Electro Shot\n|-boost|p1b: Archaludon|spa|1\n|-anim|p1b: Archaludon|Electro Shot|p2b: You know him well\n|-damage|p2b: You know him well|58/100\n|move|p2b: You know him well|Parting Shot|p1b: Archaludon\n|-unboost|p1b: Archaludon|atk|1\n|-unboost|p1b: Archaludon|spa|1\n|\n|t:|1776615005\n|switch|p2b: Heart Stopper|Gengar, L50, F|100/100|[from] Parting Shot\n|\n|-weather|RainDance|[upkeep]\n|upkeep\n|\n|t:|1776615010\n|switch|p1a: Basculegion|Basculegion-F, L50, F|100/100\n|turn|2\n|\n|t:|1776615030\n|detailschange|p2b: Heart Stopper|Gengar-Mega, L50, F\n|-mega|p2b: Heart Stopper|Gengar|Gengarite\n|move|p2b: Heart Stopper|Protect|p2b: Heart Stopper\n|-singleturn|p2b: Heart Stopper|Protect\n|move|p1a: Basculegion|Last Respects|p2b: Heart Stopper\n|-activate|p2b: Heart Stopper|move: Protect\n|move|p1b: Archaludon|Electro Shot||[still]\n|-prepare|p1b: Archaludon|Electro Shot\n|-boost|p1b: Archaludon|spa|1\n|-anim|p1b: Archaludon|Electro Shot|p2a: Forklift\n|-resisted|p2a: Forklift|1\n|-damage|p2a: Forklift|72/100\n|-ability|p2a: Forklift|Stamina|boost\n|-boost|p2a: Forklift|def|1\n|move|p2a: Forklift|Electro Shot||[still]\n|-prepare|p2a: Forklift|Electro Shot\n|-boost|p2a: Forklift|spa|1\n|-anim|p2a: Forklift|Electro Shot|p1a: Basculegion\n|-supereffective|p1a: Basculegion|1\n|-damage|p1a: Basculegion|0 fnt\n|faint|p1a: Basculegion\n|\n|-weather|RainDance|[upkeep]\n|upkeep\n|\n|t:|1776615047\n|switch|p1a: Dragonite|Dragonite, L50, M|100/100\n|turn|3\n|\n|t:|1776615059\n|detailschange|p1a: Dragonite|Dragonite-Mega, L50, M\n|-mega|p1a: Dragonite|Dragonite|Dragoninite\n|move|p2b: Heart Stopper|Shadow Ball|p1a: Dragonite\n|-damage|p1a: Dragonite|80/100\n|move|p1a: Dragonite|Dragon Pulse|p2a: Forklift\n|-damage|p2a: Forklift|3/100\n|-ability|p2a: Forklift|Stamina|boost\n|-boost|p2a: Forklift|def|1\n|move|p1b: Archaludon|Electro Shot||[still]\n|-prepare|p1b: Archaludon|Electro Shot\n|-boost|p1b: Archaludon|spa|1\n|-anim|p1b: Archaludon|Electro Shot|p2b: Heart Stopper\n|-crit|p2b: Heart Stopper\n|-damage|p2b: Heart Stopper|0 fnt\n|faint|p2b: Heart Stopper\n|move|p2a: Forklift|Dragon Pulse|p1b: Archaludon\n|-damage|p1b: Archaludon|16/100\n|-ability|p1b: Archaludon|Stamina|boost\n|-boost|p1b: Archaludon|def|1\n|\n|-weather|RainDance|[upkeep]\n|upkeep\n|\n|t:|1776615079\n|switch|p2b: You know him well|Incineroar, L50, F|58/100\n|-ability|p2b: You know him well|Intimidate|boost\n|-unboost|p1a: Dragonite|atk|1\n|-unboost|p1b: Archaludon|atk|1\n|turn|4\n|\n|t:|1776615100\n|move|p1b: Archaludon|Protect|p1b: Archaludon\n|-singleturn|p1b: Archaludon|Protect\n|move|p2b: You know him well|Fake Out|p1a: Dragonite\n|-damage|p1a: Dragonite|69/100\n|cant|p1a: Dragonite|flinch\n|move|p2a: Forklift|Dragon Pulse|p1b: Archaludon\n|-activate|p1b: Archaludon|move: Protect\n|\n|-weather|RainDance|[upkeep]\n|upkeep\n|turn|5\n|inactive|Peekochu has 30 seconds left.\n|\n|t:|1776615126\n|move|p2a: Forklift|Protect|p2a: Forklift\n|-singleturn|p2a: Forklift|Protect\n|move|p1a: Dragonite|Surf|p2a: Forklift|[spread] p1b,p2b\n|-activate|p2a: Forklift|move: Protect\n|-resisted|p1b: Archaludon|1\n|-supereffective|p2b: You know him well|1\n|-damage|p1b: Archaludon|0 fnt\n|-damage|p2b: You know him well|0 fnt\n|faint|p1b: Archaludon\n|faint|p2b: You know him well\n|\n|-weather|none\n|upkeep\n|\n|t:|1776615132\n|switch|p2b: GULAG|Politoed, L50, F|100/100\n|-weather|RainDance|[from] ability: Drizzle|[of] p2b: GULAG\n|turn|6\n|\n|t:|1776615144\n|move|p1a: Dragonite|Surf|p2a: Forklift|[spread] p2a,p2b\n|-resisted|p2a: Forklift|1\n|-resisted|p2b: GULAG|1\n|-damage|p2a: Forklift|0 fnt\n|-damage|p2b: GULAG|83/100\n|faint|p2a: Forklift\n|move|p2b: GULAG|Icy Wind|p1a: Dragonite\n|-supereffective|p1a: Dragonite|2\n|-damage|p1a: Dragonite|8/100\n|-unboost|p1a: Dragonite|spe|1\n|\n|-weather|RainDance|[upkeep]\n|-heal|p2b: GULAG|90/100|[from] item: Leftovers\n|upkeep\n|turn|7\n|\n|t:|1776615154\n|move|p1a: Dragonite|Thunder|p2b: GULAG\n|-supereffective|p2b: GULAG|1\n|-damage|p2b: GULAG|2/100\n|-status|p2b: GULAG|par\n|cant|p2b: GULAG|par\n|\n|-weather|RainDance|[upkeep]\n|-heal|p2b: GULAG|8/100 par|[from] item: Leftovers\n|upkeep\n|turn|8\n|c|\u2606Loafofgodlybread|Ough\n|\n|t:|1776615168\n|move|p1a: Dragonite|Dragon Pulse|p2b: GULAG\n|-damage|p2b: GULAG|0 fnt\n|faint|p2b: GULAG\n|\n|win|Peekochu\n|raw|Peekochu's rating: 1115 &rarr; <strong>1141</strong><br />(+26 for winning)\n|raw|Loafofgodlybread's rating: 1131 &rarr; <strong>1105</strong><br />(-26 for losing)\n",
  "uploadtime": 1776615179,
  "views": 8,
  "formatid": "gen9championsvgc2026regma",
  "rating": 1105,
  "private": 0,
  "password": null
}