{
  "id": "gen9championsvgc2026regma-2584826815",
  "format": "[Gen 9 Champions] VGC 2026 Reg M-A",
  "players": [
    "RIGA05",
    "campeondelfitness"
  ],
  "log": "|j|\u2606RIGA05\n|j|\u2606campeondelfitness\n|t:|1776286651\n|gametype|doubles\n|player|p1|RIGA05|lance|1069\n|player|p2|campeondelfitness|swimmer|1079\n|gen|9\n|tier|[Gen 9 Champions] VGC 2026 Reg M-A\n|rated|\n|rule|Species Clause: Limit one of each Pok\u00e9mon\n|rule|Item Clause: Limit 1 of each item\n|clearpoke\n|poke|p1|Dragapult, L50, M|\n|poke|p1|Meganium, L50, F|\n|poke|p1|Slowbro-Galar, L50, M|\n|poke|p1|Pelipper, L50, M|\n|poke|p1|Oranguru, L50, M|\n|poke|p1|Sharpedo, L50, M|\n|poke|p2|Tyranitar, L50, F|\n|poke|p2|Excadrill, L50, F|\n|poke|p2|Garchomp, L50, M|\n|poke|p2|Heliolisk, L50, M|\n|poke|p2|Rotom-Heat, L50|\n|poke|p2|Orthworm, L50, M|\n|teampreview|4\n|inactive|Battle timer is ON: inactive players will automatically lose when time's up. (requested by campeondelfitness)\n|inactive|RIGA05 has 60 seconds left.\n|inactive|campeondelfitness has 60 seconds left.\n|\n|t:|1776286710\n|teamsize|p1|4\n|teamsize|p2|4\n|start\n|switch|p1a: Dragapult|Dragapult, L50, M, shiny|100/100\n|switch|p1b: Slowbro|Slowbro-Galar, L50, M|100/100\n|switch|p2a: Rotom|Rotom-Heat, L50|100/100\n|switch|p2b: Orthworm|Orthworm, L50, M|100/100\n|turn|1\n|inactive|RIGA05 has 30 seconds left.\n|inactive|campeondelfitness has 30 seconds left.\n|inactive|RIGA05 has 20 seconds left.\n|inactive|campeondelfitness has 20 seconds left.\n|inactive|RIGA05 has 15 seconds left.\n|inactive|campeondelfitness has 15 seconds left.\n|inactive|RIGA05 has 10 seconds left.\n|-activate|p1b: Slowbro|item: Quick Claw\n|\n|t:|1776286759\n|switch|p2a: Tyranitar|Tyranitar, L50, F|100/100\n|-weather|Sandstorm|[from] ability: Sand Stream|[of] p2a: Tyranitar\n|move|p1b: Slowbro|Body Press|p2b: Orthworm\n|-supereffective|p2b: Orthworm|1\n|-damage|p2b: Orthworm|69/100\n|move|p1a: Dragapult|Thunder|p2b: Orthworm\n|-damage|p2b: Orthworm|24/100\n|move|p2b: Orthworm|Shed Tail|p2b: Orthworm\n|-fail|p2b: Orthworm|move: Shed Tail|[weak]\n|\n|-weather|Sandstorm|[upkeep]\n|-damage|p1a: Dragapult|94/100|[from] Sandstorm\n|-damage|p1b: Slowbro|95/100|[from] Sandstorm\n|-heal|p2b: Orthworm|30/100|[from] item: Leftovers\n|upkeep\n|turn|2\n|\n|t:|1776286784\n|switch|p2b: Rotom|Rotom-Heat, L50|100/100\n|move|p1a: Dragapult|U-turn|p2a: Tyranitar\n|-supereffective|p2a: Tyranitar|1\n|-damage|p2a: Tyranitar|68/100\n|\n|t:|1776286789\n|switch|p1a: Pelipper|Pelipper, L50, M|100/100|[from] U-turn\n|-weather|RainDance|[from] ability: Drizzle|[of] p1a: Pelipper\n|move|p2a: Tyranitar|Knock Off|p1a: Pelipper\n|-damage|p1a: Pelipper|43/100\n|-enditem|p1a: Pelipper|Focus Sash|[from] move: Knock Off|[of] p2a: Tyranitar\n|move|p1b: Slowbro|Body Press|p2a: Tyranitar\n|-supereffective|p2a: Tyranitar|2\n|-damage|p2a: Tyranitar|4/100\n|\n|-weather|RainDance|[upkeep]\n|upkeep\n|turn|3\n|inactive|RIGA05 has 30 seconds left.\n|-activate|p1b: Slowbro|ability: Quick Draw\n|\n|t:|1776286817\n|switch|p1a: Meganium|Meganium, L50, F|100/100\n|switch|p2a: Garchomp|Garchomp, L50, M|100/100\n|move|p1b: Slowbro|Body Press|p2a: Garchomp\n|-damage|p2a: Garchomp|76/100\n|move|p2b: Rotom|Discharge|p1a: Meganium|[spread] p1a,p1b\n|-immune|p2a: Garchomp\n|-resisted|p1a: Meganium|1\n|-damage|p1a: Meganium|91/100\n|-damage|p1b: Slowbro|69/100\n|-status|p1b: Slowbro|par\n|\n|-weather|RainDance|[upkeep]\n|upkeep\n|turn|4\n|inactive|RIGA05 has 30 seconds left.\n|inactive|campeondelfitness has 30 seconds left.\n|inactive|RIGA05 has 20 seconds left.\n|inactive|campeondelfitness has 20 seconds left.\n|inactive|campeondelfitness has 15 seconds left.\n|inactive|campeondelfitness has 10 seconds left.\n|-activate|p1b: Slowbro|ability: Quick Draw\n|\n|t:|1776286867\n|detailschange|p2a: Garchomp|Garchomp-Mega, L50, M\n|-mega|p2a: Garchomp|Garchomp|Garchompite\n|detailschange|p1a: Meganium|Meganium-Mega, L50, F\n|-mega|p1a: Meganium|Meganium|Meganiumite\n|move|p1b: Slowbro|Body Press|p2a: Garchomp\n|-damage|p2a: Garchomp|55/100\n|move|p2a: Garchomp|Earthquake|p1a: Meganium|[spread] p1a,p1b\n|-immune|p2b: Rotom|[from] ability: Levitate\n|-resisted|p1a: Meganium|1\n|-supereffective|p1b: Slowbro|1\n|-damage|p1a: Meganium|72/100\n|-damage|p1b: Slowbro|5/100 par\n|move|p2b: Rotom|Volt Switch|p1a: Meganium\n|-resisted|p1a: Meganium|1\n|-damage|p1a: Meganium|61/100\n|\n|t:|1776286882\n|switch|p2b: Tyranitar|Tyranitar, L50, F|4/100|[from] Volt Switch\n|-weather|Sandstorm|[from] ability: Sand Stream|[of] p2b: Tyranitar\n|move|p1a: Meganium|Solar Beam||[still]\n|-prepare|p1a: Meganium|Solar Beam\n|-activate|p1a: Meganium|ability: Mega Sol\n|-anim|p1a: Meganium|Solar Beam|p2a: Garchomp\n|-damage|p2a: Garchomp|0 fnt\n|faint|p2a: Garchomp\n|\n|-weather|Sandstorm|[upkeep]\n|-damage|p1a: Meganium|55/100|[from] Sandstorm\n|-damage|p1b: Slowbro|0 fnt|[from] Sandstorm\n|faint|p1b: Slowbro\n|upkeep\n|\n|t:|1776286901\n|switch|p2a: Rotom|Rotom-Heat, L50|100/100\n|switch|p1b: Pelipper|Pelipper, L50, M|43/100\n|-weather|RainDance|[from] ability: Drizzle|[of] p1b: Pelipper\n|turn|5\n|\n|t:|1776286914\n|move|p2b: Tyranitar|Protect|p2b: Tyranitar\n|-singleturn|p2b: Tyranitar|Protect\n|move|p1b: Pelipper|Wide Guard|p1b: Pelipper\n|-singleturn|p1b: Pelipper|Wide Guard\n|move|p2a: Rotom|Discharge|p1b: Pelipper|[spread] \n|-activate|p1a: Meganium|move: Wide Guard\n|-activate|p1b: Pelipper|move: Wide Guard\n|-activate|p2b: Tyranitar|move: Protect\n|move|p1a: Meganium|Dazzling Gleam|p2b: Tyranitar|[spread] p2a\n|-activate|p2b: Tyranitar|move: Protect\n|-resisted|p2a: Rotom|1\n|-damage|p2a: Rotom|82/100\n|\n|-weather|RainDance|[upkeep]\n|upkeep\n|turn|6\n|\n|t:|1776286935\n|switch|p2b: Orthworm|Orthworm, L50, M|30/100\n|move|p1b: Pelipper|Wide Guard|p1b: Pelipper\n|-singleturn|p1b: Pelipper|Wide Guard\n|move|p2a: Rotom|Volt Switch|p1b: Pelipper\n|-supereffective|p1b: Pelipper|2\n|-damage|p1b: Pelipper|0 fnt\n|faint|p1b: Pelipper\n|\n|t:|1776286944\n|switch|p2a: Tyranitar|Tyranitar, L50, F|4/100|[from] Volt Switch\n|-weather|Sandstorm|[from] ability: Sand Stream|[of] p2a: Tyranitar\n|move|p1a: Meganium|Dazzling Gleam|p2b: Orthworm|[spread] p2a,p2b\n|-supereffective|p2a: Tyranitar|1\n|-resisted|p2b: Orthworm|1\n|-damage|p2a: Tyranitar|0 fnt\n|-damage|p2b: Orthworm|3/100\n|faint|p2a: Tyranitar\n|\n|-weather|Sandstorm|[upkeep]\n|-damage|p1a: Meganium|49/100|[from] Sandstorm\n|-heal|p2b: Orthworm|9/100|[from] item: Leftovers\n|upkeep\n|\n|t:|1776286955\n|switch|p1b: Dragapult|Dragapult, L50, M, shiny|94/100\n|switch|p2a: Rotom|Rotom-Heat, L50|82/100\n|turn|7\n|\n|t:|1776286976\n|move|p1b: Dragapult|Dragon Darts|p2a: Rotom\n|-damage|p2a: Rotom|57/100\n|-anim|p1b: Dragapult|Dragon Darts|p2b: Orthworm\n|-resisted|p2b: Orthworm|1\n|-damage|p2b: Orthworm|2/100\n|move|p2a: Rotom|Overheat|p1a: Meganium\n|-supereffective|p1a: Meganium|1\n|-damage|p1a: Meganium|0 fnt\n|-unboost|p2a: Rotom|spa|2\n|faint|p1a: Meganium\n|move|p2b: Orthworm|Iron Head|p1b: Dragapult\n|-damage|p1b: Dragapult|59/100\n|\n|-weather|Sandstorm|[upkeep]\n|-damage|p1b: Dragapult|53/100|[from] Sandstorm\n|-damage|p2a: Rotom|51/100|[from] Sandstorm\n|-heal|p2b: Orthworm|8/100|[from] item: Leftovers\n|upkeep\n|turn|8\n|inactive|campeondelfitness has 30 seconds left.\n|\n|t:|1776287008\n|move|p1b: Dragapult|Dragon Darts|p2a: Rotom\n|-damage|p2a: Rotom|24/100\n|-anim|p1b: Dragapult|Dragon Darts|p2b: Orthworm\n|-resisted|p2b: Orthworm|1\n|-damage|p2b: Orthworm|1/100\n|move|p2a: Rotom|Overheat|p1b: Dragapult\n|-resisted|p1b: Dragapult|1\n|-damage|p1b: Dragapult|35/100\n|-unboost|p2a: Rotom|spa|2\n|move|p2b: Orthworm|Iron Head|p1b: Dragapult\n|-damage|p1b: Dragapult|0 fnt\n|faint|p1b: Dragapult\n|\n|win|campeondelfitness\n|raw|RIGA05's rating: 1069 &rarr; <strong>1049</strong><br />(-20 for losing)\n|raw|campeondelfitness's rating: 1079 &rarr; <strong>1106</strong><br />(+27 for winning)\n|l|\u2606RIGA05\n|player|p1|\n",
  "uploadtime": 1776287021,
  "views": 26,
  "formatid": "gen9championsvgc2026regma",
  "rating": 1049,
  "private": 0,
  "password": null
}