{
  "id": "gen9championsvgc2026regma-2583153870",
  "format": "[Gen 9 Champions] VGC 2026 Reg M-A",
  "players": [
    "SpicySpicy1374",
    "storm93ita"
  ],
  "log": "|j|\u2606SpicySpicy1374\n|j|\u2606storm93ita\n|t:|1776148574\n|gametype|doubles\n|player|p1|SpicySpicy1374|linebacker|1158\n|player|p2|storm93ita|volkner|1073\n|gen|9\n|tier|[Gen 9 Champions] VGC 2026 Reg M-A\n|rated|\n|rule|Species Clause: Limit one of each Pok\u00e9mon\n|rule|Item Clause: Limit 1 of each item\n|clearpoke\n|poke|p1|Ampharos, L50, F|\n|poke|p1|Beedrill, L50, M|\n|poke|p1|Sylveon, L50, F|\n|poke|p1|Farigiraf, L50, M|\n|poke|p1|Mamoswine, L50, M|\n|poke|p1|Talonflame, L50, M|\n|poke|p2|Gardevoir, L50, F|\n|poke|p2|Incineroar, L50, F|\n|poke|p2|Charizard, L50, F|\n|poke|p2|Venusaur, L50, M|\n|poke|p2|Basculegion, L50, M|\n|poke|p2|Garchomp, L50, F|\n|teampreview|4\n|inactive|Battle timer is ON: inactive players will automatically lose when time's up. (requested by storm93ita)\n|\n|t:|1776148616\n|teamsize|p1|4\n|teamsize|p2|4\n|start\n|switch|p1a: Sylveon|Sylveon, L50, F|100/100\n|switch|p1b: Talonflame|Talonflame, L50, M|100/100\n|switch|p2a: Incineroar|Incineroar, L50, F|100/100\n|switch|p2b: Gardevoir|Gardevoir, L50, F|100/100\n|-ability|p2a: Incineroar|Intimidate|boost\n|-unboost|p1a: Sylveon|atk|1\n|-unboost|p1b: Talonflame|atk|1\n|turn|1\n|\n|t:|1776148633\n|switch|p1b: Farigiraf|Farigiraf, L50, M|100/100\n|detailschange|p2b: Gardevoir|Gardevoir-Mega, L50, F\n|-mega|p2b: Gardevoir|Gardevoir|Gardevoirite\n|move|p2a: Incineroar|Fake Out||[still]\n|cant|p1b: Farigiraf|ability: Armor Tail|Fake Out|[of] p2a: Incineroar\n|move|p2b: Gardevoir|Calm Mind|p2b: Gardevoir\n|-boost|p2b: Gardevoir|spa|1\n|-boost|p2b: Gardevoir|spd|1\n|move|p1a: Sylveon|Hyper Beam|p2a: Incineroar\n|-damage|p2a: Incineroar|17/100\n|-mustrecharge|p1a: Sylveon\n|-enditem|p2a: Incineroar|Sitrus Berry|[eat]\n|-heal|p2a: Incineroar|42/100|[from] item: Sitrus Berry\n|\n|upkeep\n|turn|2\n|\n|t:|1776148654\n|move|p2b: Gardevoir|Dazzling Gleam|p1a: Sylveon|[spread] p1a,p1b\n|-damage|p1a: Sylveon|55/100\n|-damage|p1b: Farigiraf|41/100\n|move|p2a: Incineroar|Darkest Lariat|p1b: Farigiraf\n|-supereffective|p1b: Farigiraf|1\n|-enditem|p1b: Farigiraf|Colbur Berry|[eat]\n|-enditem|p1b: Farigiraf|Colbur Berry|[weaken]\n|-damage|p1b: Farigiraf|14/100\n|cant|p1a: Sylveon|recharge\n|move|p1b: Farigiraf|Hyper Voice|p2a: Incineroar|[spread] p2a,p2b\n|-damage|p2a: Incineroar|20/100\n|-damage|p2b: Gardevoir|83/100\n|\n|upkeep\n|turn|3\n|\n|t:|1776148676\n|move|p1b: Farigiraf|Helping Hand|p1a: Sylveon\n|-singleturn|p1a: Sylveon|Helping Hand|[of] p1b: Farigiraf\n|move|p2b: Gardevoir|Dazzling Gleam|p1a: Sylveon|[spread] p1a,p1b\n|-damage|p1a: Sylveon|15/100\n|-damage|p1b: Farigiraf|0 fnt\n|faint|p1b: Farigiraf\n|move|p2a: Incineroar|Darkest Lariat|p1a: Sylveon\n|-resisted|p1a: Sylveon|1\n|-damage|p1a: Sylveon|0 fnt\n|faint|p1a: Sylveon\n|\n|upkeep\n|\n|t:|1776148684\n|switch|p1a: Mamoswine|Mamoswine, L50, M|100/100\n|switch|p1b: Talonflame|Talonflame, L50, M|100/100\n|turn|4\n|\n|t:|1776148704\n|move|p1b: Talonflame|Tailwind|p1b: Talonflame\n|-sidestart|p1: SpicySpicy1374|move: Tailwind\n|move|p1a: Mamoswine|Earthquake|p2b: Gardevoir|[spread] p2a,p2b\n|-immune|p1b: Talonflame\n|-supereffective|p2a: Incineroar|1\n|-damage|p2a: Incineroar|0 fnt\n|-damage|p2b: Gardevoir|7/100\n|faint|p2a: Incineroar\n|move|p2b: Gardevoir|Dazzling Gleam|p1b: Talonflame|[spread] p1a,p1b\n|-resisted|p1b: Talonflame|1\n|-damage|p1a: Mamoswine|10/100\n|-damage|p1b: Talonflame|55/100\n|\n|upkeep\n|\n|t:|1776148716\n|switch|p2a: Charizard|Charizard, L50, F|100/100\n|turn|5\n|\n|t:|1776148726\n|move|p2b: Gardevoir|Protect|p2b: Gardevoir\n|-singleturn|p2b: Gardevoir|Protect\n|move|p1a: Mamoswine|Earthquake|p2a: Charizard|[spread] \n|-activate|p2b: Gardevoir|move: Protect\n|-immune|p1b: Talonflame\n|-immune|p2a: Charizard\n|move|p1b: Talonflame|Brave Bird|p2a: Charizard\n|-damage|p2a: Charizard|44/100\n|-damage|p1b: Talonflame|35/100|[from] Recoil\n|move|p2a: Charizard|Heat Wave|p1a: Mamoswine|[spread] p1a,p1b\n|-supereffective|p1a: Mamoswine|1\n|-resisted|p1b: Talonflame|1\n|-damage|p1a: Mamoswine|0 fnt\n|-damage|p1b: Talonflame|7/100\n|faint|p1a: Mamoswine\n|\n|upkeep\n|turn|6\n|\n|t:|1776148744\n|switch|p2b: Venusaur|Venusaur, L50, M|100/100\n|move|p1b: Talonflame|Brave Bird|p2a: Charizard\n|-damage|p2a: Charizard|0 fnt\n|faint|p2a: Charizard\n|-damage|p1b: Talonflame|0 fnt|[from] Recoil\n|faint|p1b: Talonflame\n|\n|win|storm93ita\n|raw|SpicySpicy1374's rating: 1158 &rarr; <strong>1127</strong><br />(-31 for losing)\n|raw|storm93ita's rating: 1073 &rarr; <strong>1109</strong><br />(+36 for winning)\n|l|\u2606SpicySpicy1374\n|player|p1|\n",
  "uploadtime": 1776148758,
  "views": 15,
  "formatid": "gen9championsvgc2026regma",
  "rating": 1109,
  "private": 0,
  "password": null
}