{
  "id": "gen9championsvgc2026regma-2587827691",
  "format": "[Gen 9 Champions] VGC 2026 Reg M-A",
  "players": [
    "juadravgc",
    "smp on whimsicott"
  ],
  "log": "|j|\u2606juadravgc\n|j|\u2606smp on whimsicott\n|t:|1776568112\n|gametype|doubles\n|player|p1|juadravgc|2|1369\n|player|p2|smp on whimsicott|artist-gen4|1457\n|gen|9\n|tier|[Gen 9 Champions] VGC 2026 Reg M-A\n|rated|\n|rule|Species Clause: Limit one of each Pok\u00e9mon\n|rule|Item Clause: Limit 1 of each item\n|clearpoke\n|poke|p1|Delphox, L50, M|\n|poke|p1|Sneasler, L50, M|\n|poke|p1|Kingambit, L50, M|\n|poke|p1|Aerodactyl, L50, F|\n|poke|p1|Garchomp, L50, F|\n|poke|p1|Gardevoir, L50, F|\n|poke|p2|Garchomp, L50, F|\n|poke|p2|Aerodactyl, L50, M|\n|poke|p2|Kingambit, L50, M|\n|poke|p2|Sneasler, L50, M|\n|poke|p2|Mimikyu, L50, F|\n|poke|p2|Charizard, L50, M|\n|teampreview|4\n|inactive|Battle timer is ON: inactive players will automatically lose when time's up. (requested by juadravgc)\n|inactive|smp on whimsicott has 60 seconds left.\njuadravgc rejected open team sheets.\n|\n|t:|1776568158\n|teamsize|p1|4\n|teamsize|p2|4\n|start\n|switch|p1a: Aerodactyl|Aerodactyl, L50, F|100/100\n|switch|p1b: Delphox|Delphox, L50, M|100/100\n|switch|p2a: Charizard|Charizard, L50, M|100/100\n|switch|p2b: Aerodactyl|Aerodactyl, L50, M|100/100\n|-ability|p1a: Aerodactyl|Unnerve\n|-ability|p2b: Aerodactyl|Unnerve\n|turn|1\n|\n|t:|1776568180\n|detailschange|p1b: Delphox|Delphox-Mega, L50, M\n|-mega|p1b: Delphox|Delphox|Delphoxite\n|detailschange|p2a: Charizard|Charizard-Mega-Y, L50, M\n|-mega|p2a: Charizard|Charizard|Charizardite Y\n|-weather|SunnyDay|[from] ability: Drought|[of] p2a: Charizard\n|move|p1b: Delphox|Protect|p1b: Delphox\n|-singleturn|p1b: Delphox|Protect\n|move|p2b: Aerodactyl|Wide Guard|p2b: Aerodactyl\n|-singleturn|p2b: Aerodactyl|Wide Guard\n|move|p1a: Aerodactyl|Tailwind|p1a: Aerodactyl\n|-sidestart|p1: juadravgc|move: Tailwind\n|move|p2a: Charizard|Heat Wave|p1b: Delphox|[spread] p1a\n|-activate|p1b: Delphox|move: Protect\n|-resisted|p1a: Aerodactyl|1\n|-damage|p1a: Aerodactyl|54/100\n|\n|-weather|SunnyDay|[upkeep]\n|upkeep\n|turn|2\n|inactive|smp on whimsicott has 30 seconds left.\n|inactive|juadravgc has 30 seconds left.\n|inactive|smp on whimsicott has 20 seconds left.\n|\n|t:|1776568219\n|move|p2b: Aerodactyl|Wide Guard|p2b: Aerodactyl\n|-singleturn|p2b: Aerodactyl|Wide Guard\n|move|p1b: Delphox|Heat Wave|p2a: Charizard|[spread] \n|-activate|p2a: Charizard|move: Wide Guard\n|-activate|p2b: Aerodactyl|move: Wide Guard\n|move|p1a: Aerodactyl|Rock Slide|p2a: Charizard|[spread] \n|-activate|p2a: Charizard|move: Wide Guard\n|-activate|p2b: Aerodactyl|move: Wide Guard\n|move|p2a: Charizard|Weather Ball|p1b: Delphox\n|-resisted|p1b: Delphox|1\n|-damage|p1b: Delphox|53/100\n|\n|-weather|SunnyDay|[upkeep]\n|upkeep\n|turn|3\n|inactive|smp on whimsicott has 30 seconds left.\n|\n|t:|1776568244\n|move|p2b: Aerodactyl|Wide Guard|p2b: Aerodactyl\n|-singleturn|p2b: Aerodactyl|Wide Guard\n|move|p1b: Delphox|Psyshock|p2a: Charizard\n|-damage|p2a: Charizard|44/100\n|move|p1a: Aerodactyl|Dual Wingbeat|p2a: Charizard\n|-damage|p2a: Charizard|25/100\n|-damage|p2a: Charizard|4/100\n|-hitcount|p2a: Charizard|2\n|move|p2a: Charizard|Solar Beam||[still]\n|-prepare|p2a: Charizard|Solar Beam\n|-anim|p2a: Charizard|Solar Beam|p1a: Aerodactyl\n|-damage|p1a: Aerodactyl|0 fnt\n|faint|p1a: Aerodactyl\n|\n|-weather|SunnyDay|[upkeep]\n|upkeep\n|\n|t:|1776568258\n|switch|p1a: Sneasler|Sneasler, L50, M|100/100\n|turn|4\n|inactive|smp on whimsicott has 30 seconds left.\n|inactive|smp on whimsicott has 20 seconds left.\n|inactive|smp on whimsicott has 15 seconds left.\n|\n|t:|1776568299\n|switch|p2a: Garchomp|Garchomp, L50, F|100/100\n|move|p1b: Delphox|Psyshock|p2a: Garchomp\n|-damage|p2a: Garchomp|58/100\n|move|p1a: Sneasler|Close Combat|p2b: Aerodactyl\n|-enditem|p2b: Aerodactyl|Focus Sash\n|-damage|p2b: Aerodactyl|1/100\n|-unboost|p1a: Sneasler|def|1\n|-unboost|p1a: Sneasler|spd|1\n|-enditem|p1a: Sneasler|White Herb\n|-clearnegativeboost|p1a: Sneasler|[silent]\n|move|p2b: Aerodactyl|Rock Slide|p1a: Sneasler|[spread] p1a,p1b\n|-resisted|p1a: Sneasler|1\n|-supereffective|p1b: Delphox|1\n|-damage|p1a: Sneasler|81/100\n|-damage|p1b: Delphox|0 fnt\n|faint|p1b: Delphox\n|\n|-weather|SunnyDay|[upkeep]\n|-sideend|p1: juadravgc|move: Tailwind\n|upkeep\n|\n|t:|1776568315\n|switch|p1b: Gardevoir|Gardevoir, L50, F|100/100\n|-ability|p1b: Gardevoir|Unnerve|Trace|[from] ability: Trace|[of] p2b: Aerodactyl\n|-ability|p1b: Gardevoir|Unnerve\n|turn|5\n|inactive|smp on whimsicott has 30 seconds left.\n|inactive|smp on whimsicott has 20 seconds left.\n|\n|t:|1776568353\n|move|p2b: Aerodactyl|Wide Guard|p2b: Aerodactyl\n|-singleturn|p2b: Aerodactyl|Wide Guard\n|move|p1a: Sneasler|Dire Claw|p2b: Aerodactyl\n|-resisted|p2b: Aerodactyl|1\n|-damage|p2b: Aerodactyl|0 fnt\n|faint|p2b: Aerodactyl\n|move|p2a: Garchomp|Earthquake|p1a: Sneasler|[spread] p1a,p1b\n|-supereffective|p1a: Sneasler|1\n|-damage|p1a: Sneasler|0 fnt\n|-damage|p1b: Gardevoir|35/100\n|faint|p1a: Sneasler\n|move|p1b: Gardevoir|Moonblast|p2a: Garchomp\n|-supereffective|p2a: Garchomp|1\n|-damage|p2a: Garchomp|0 fnt\n|faint|p2a: Garchomp\n|\n|-weather|none\n|upkeep\n|\n|t:|1776568362\n|switch|p2b: Charizard|Charizard-Mega-Y, L50, M|4/100\n|switch|p2a: Mimikyu|Mimikyu, L50, F|100/100\n|-weather|SunnyDay|[from] ability: Drought|[of] p2b: Charizard\n|turn|6\n|l|\u2606juadravgc\n|inactive|juadravgc disconnected and has a minute to reconnect!\n|player|p1|\n|inactive|juadravgc has 30 seconds left.\n|inactive|juadravgc has 20 seconds left.\n|inactive|juadravgc has 15 seconds left.\n|inactive|juadravgc has 10 seconds left.\n|inactive|juadravgc has 5 seconds left.\n|-message|juadravgc lost due to inactivity.\n|\n|win|smp on whimsicott\n|raw|juadravgc's rating: 1369 &rarr; <strong>1354</strong><br />(-15 for losing)\n|raw|smp on whimsicott's rating: 1457 &rarr; <strong>1472</strong><br />(+15 for winning)\n",
  "uploadtime": 1776568418,
  "views": 16,
  "formatid": "gen9championsvgc2026regma",
  "rating": 1354,
  "private": 0,
  "password": null
}