{
  "id": "gen9championsvgc2026regma-2586240045",
  "format": "[Gen 9 Champions] VGC 2026 Reg M-A",
  "players": [
    "TridungTang",
    "NathanaelW19"
  ],
  "log": "|j|\u2606TridungTang\n|j|\u2606NathanaelW19\n|t:|1776416176\n|gametype|doubles\n|player|p1|TridungTang|n|1117\n|player|p2|NathanaelW19|dragontamer|1135\n|gen|9\n|tier|[Gen 9 Champions] VGC 2026 Reg M-A\n|rated|\n|rule|Species Clause: Limit one of each Pok\u00e9mon\n|rule|Item Clause: Limit 1 of each item\n|clearpoke\n|poke|p1|Incineroar, L50, M|\n|poke|p1|Sinistcha, L50|\n|poke|p1|Farigiraf, L50, F|\n|poke|p1|Ampharos, L50, F|\n|poke|p1|Gallade, L50, M|\n|poke|p1|Hatterene, L50, F|\n|poke|p2|Glalie, L50, F|\n|poke|p2|Whimsicott, L50, F|\n|poke|p2|Kingambit, L50, M|\n|poke|p2|Hydreigon, L50, F|\n|poke|p2|Sneasler, L50, M|\n|poke|p2|Farigiraf, L50, F|\n|teampreview|4\n|inactive|Battle timer is ON: inactive players will automatically lose when time's up. (requested by NathanaelW19)\n|\n|t:|1776416205\n|teamsize|p1|4\n|teamsize|p2|4\n|start\n|switch|p1a: Sinistcha|Sinistcha, L50, shiny|100/100\n|switch|p1b: Hatterene|Hatterene, L50, F, shiny|100/100\n|switch|p2a: Bom|Glalie, L50, F, shiny|100/100\n|switch|p2b: MYNAMEISOZYMANDIAS|Kingambit, L50, M|100/100\n|turn|1\n|inactive|TridungTang has 30 seconds left.\n|inactive|TridungTang has 20 seconds left.\n|inactive|TridungTang has 15 seconds left.\n|inactive|TridungTang has 10 seconds left.\n|\n|t:|1776416250\n|switch|p1b: Ampharos|Ampharos, L50, F|100/100\n|detailschange|p2a: Bom|Glalie-Mega, L50, F, shiny\n|-mega|p2a: Bom|Glalie|Glalitite\n|move|p2a: Bom|Explosion|p1b: Ampharos|[spread] p2b,p1a,p1b\n|-resisted|p2b: MYNAMEISOZYMANDIAS|1\n|-supereffective|p1a: Sinistcha|1\n|-damage|p2b: MYNAMEISOZYMANDIAS|53/100\n|-damage|p1a: Sinistcha|0 fnt\n|-damage|p1b: Ampharos|0 fnt\n|faint|p2a: Bom\n|faint|p1a: Sinistcha\n|faint|p1b: Ampharos\n|move|p2b: MYNAMEISOZYMANDIAS|Kowtow Cleave|p1: Sinistcha|[notarget]\n|-fail|p2b: MYNAMEISOZYMANDIAS\n|\n|upkeep\n|\n|t:|1776416266\n|switch|p2a: Ifargrafi|Farigiraf, L50, F, shiny|100/100\n|switch|p1a: Farigiraf|Farigiraf, L50, F|100/100\n|switch|p1b: Hatterene|Hatterene, L50, F, shiny|100/100\n|turn|2\n|\n|t:|1776416278\n|move|p2b: MYNAMEISOZYMANDIAS|Kowtow Cleave|p1a: Farigiraf\n|-supereffective|p1a: Farigiraf|1\n|-damage|p1a: Farigiraf|13/100\n|move|p1a: Farigiraf|Hyper Voice|p2b: MYNAMEISOZYMANDIAS|[spread] p2a,p2b\n|-resisted|p2b: MYNAMEISOZYMANDIAS|1\n|-damage|p2a: Ifargrafi|72/100\n|-damage|p2b: MYNAMEISOZYMANDIAS|40/100\n|move|p1b: Hatterene|Dazzling Gleam|p2b: MYNAMEISOZYMANDIAS|[spread] p2a,p2b\n|-damage|p2a: Ifargrafi|25/100\n|-damage|p2b: MYNAMEISOZYMANDIAS|0 fnt\n|-enditem|p2a: Ifargrafi|Sitrus Berry|[eat]\n|-heal|p2a: Ifargrafi|50/100|[from] item: Sitrus Berry\n|faint|p2b: MYNAMEISOZYMANDIAS\n|move|p2a: Ifargrafi|Trick Room|p2a: Ifargrafi\n|-fieldstart|move: Trick Room|[of] p2a: Ifargrafi\n|\n|-heal|p1a: Farigiraf|19/100|[from] item: Leftovers\n|upkeep\n|\n|t:|1776416291\n|switch|p2b: Sneasler|Sneasler, L50, M, shiny|100/100\n|turn|3\n|\n|t:|1776416304\n|move|p2b: Sneasler|Protect|p2b: Sneasler\n|-singleturn|p2b: Sneasler|Protect\n|move|p1b: Hatterene|Dazzling Gleam|p2b: Sneasler|[spread] p2a\n|-activate|p2b: Sneasler|move: Protect\n|-damage|p2a: Ifargrafi|4/100\n|move|p1a: Farigiraf|Psychic|p2b: Sneasler\n|-activate|p2b: Sneasler|move: Protect\n|move|p2a: Ifargrafi|Trick Room|p2a: Ifargrafi\n|-fieldend|move: Trick Room\n|\n|-heal|p1a: Farigiraf|26/100|[from] item: Leftovers\n|upkeep\n|turn|4\n|\n|t:|1776416323\n|move|p1b: Hatterene|Protect|p1b: Hatterene\n|-singleturn|p1b: Hatterene|Protect\n|move|p2b: Sneasler|Close Combat|p1a: Farigiraf\n|-damage|p1a: Farigiraf|0 fnt\n|-unboost|p2b: Sneasler|def|1\n|-unboost|p2b: Sneasler|spd|1\n|faint|p1a: Farigiraf\n|-enditem|p2b: Sneasler|White Herb\n|-clearnegativeboost|p2b: Sneasler|[silent]\n|move|p2a: Ifargrafi|Psychic|p1b: Hatterene\n|-activate|p1b: Hatterene|move: Protect\n|\n|upkeep\n|turn|5\n|\n|t:|1776416339\n|move|p2b: Sneasler|Rock Slide|p1b: Hatterene\n|-damage|p1b: Hatterene|64/100\n|move|p2a: Ifargrafi|Hyper Voice|p1b: Hatterene\n|-damage|p1b: Hatterene|13/100\n|move|p1b: Hatterene|Psychic|p2b: Sneasler\n|-supereffective|p2b: Sneasler|2\n|-damage|p2b: Sneasler|0 fnt\n|faint|p2b: Sneasler\n|\n|upkeep\n|turn|6\n|\n|t:|1776416352\n|move|p2a: Ifargrafi|Hyper Voice|p1b: Hatterene\n|-damage|p1b: Hatterene|0 fnt\n|faint|p1b: Hatterene\n|\n|win|NathanaelW19\n|raw|TridungTang's rating: 1117 &rarr; <strong>1093</strong><br />(-24 for losing)\n|raw|NathanaelW19's rating: 1135 &rarr; <strong>1159</strong><br />(+24 for winning)\n",
  "uploadtime": 1776416359,
  "views": 20,
  "formatid": "gen9championsvgc2026regma",
  "rating": 1093,
  "private": 0,
  "password": null
}