{
  "id": "gen9championsvgc2026regma-2587685372",
  "format": "[Gen 9 Champions] VGC 2026 Reg M-A",
  "players": [
    "Unova First",
    "a slippin jimmy"
  ],
  "log": "|j|\u2606Unova First\n|j|\u2606a slippin jimmy\n|t:|1776553751\n|gametype|doubles\n|player|p1|Unova First|drayton|1328\n|player|p2|a slippin jimmy|miku-ghost|1426\n|gen|9\n|tier|[Gen 9 Champions] VGC 2026 Reg M-A\n|rated|\n|rule|Species Clause: Limit one of each Pok\u00e9mon\n|rule|Item Clause: Limit 1 of each item\n|clearpoke\n|poke|p1|Aerodactyl, L50, M|\n|poke|p1|Basculegion, L50, M|\n|poke|p1|Kommo-o, L50, M|\n|poke|p1|Scizor, L50, M|\n|poke|p1|Scovillain, L50, M|\n|poke|p1|Sneasler, L50, F|\n|poke|p2|Gengar, L50, F|\n|poke|p2|Aegislash, L50, F|\n|poke|p2|Gardevoir, L50, F|\n|poke|p2|Palafin, L50, M, shiny|\n|poke|p2|Tyranitar, L50, F|\n|poke|p2|Hydreigon, L50, F|\n|teampreview|4\n|inactive|Battle timer is ON: inactive players will automatically lose when time's up. (requested by Unova First)\n|\n|t:|1776553782\n|teamsize|p1|4\n|teamsize|p2|4\n|start\n|switch|p1a: EthicalHoops|Sneasler, L50, F|100/100\n|switch|p1b: Pop Smoke|Scovillain, L50, M|100/100\n|switch|p2a: Gengar|Gengar, L50, F|100/100\n|switch|p2b: Aegislash|Aegislash, L50, F|100/100\n|turn|1\n|inactive|a slippin jimmy has 30 seconds left.\n|\n|t:|1776553809\n|move|p1a: EthicalHoops|Protect|p1a: EthicalHoops\n|-singleturn|p1a: EthicalHoops|Protect\n|move|p1b: Pop Smoke|Protect|p1b: Pop Smoke\n|-singleturn|p1b: Pop Smoke|Protect\n|move|p2a: Gengar|Sludge Bomb|p1b: Pop Smoke\n|-activate|p1b: Pop Smoke|move: Protect\n|-formechange|p2b: Aegislash|Aegislash-Blade|\n|move|p2b: Aegislash|Poltergeist|p1a: EthicalHoops\n|-activate|p1a: EthicalHoops|move: Protect\n|\n|-ability|p1b: Pop Smoke|Moody|boost\n|-boost|p1b: Pop Smoke|spe|2\n|-unboost|p1b: Pop Smoke|spd|1\n|upkeep\n|turn|2\n|\n|t:|1776553831\n|detailschange|p1b: Pop Smoke|Scovillain-Mega, L50, M\n|-mega|p1b: Pop Smoke|Scovillain|Scovillainite\n|move|p2b: Aegislash|Shadow Sneak|p1a: EthicalHoops\n|-crit|p1a: EthicalHoops\n|-damage|p1a: EthicalHoops|26/100\n|move|p2a: Gengar|Sludge Bomb|p1b: Pop Smoke\n|-supereffective|p1b: Pop Smoke|1\n|-damage|p1b: Pop Smoke|0 fnt\n|-status|p2a: Gengar|brn|[from] ability: Spicy Spray|[of] p1b: Pop Smoke\n|faint|p1b: Pop Smoke\n|move|p1a: EthicalHoops|Dire Claw|p2a: Gengar\n|-resisted|p2a: Gengar|2\n|-damage|p2a: Gengar|79/100 brn\n|\n|-damage|p2a: Gengar|73/100 brn|[from] brn\n|upkeep\n|\n|t:|1776553843\n|switch|p1b: Lancelot|Scizor, L50, M|100/100\n|turn|3\n|c|\u2606Unova First|I lose to Aegis lol\n|\n|t:|1776553863\n|switch|p1a: Kashimo-o|Kommo-o, L50, M|100/100\n|-formechange|p2b: Aegislash|Aegislash|\n|move|p2b: Aegislash|King's Shield|p2b: Aegislash\n|-singleturn|p2b: Aegislash|Protect\n|move|p2a: Gengar|Sludge Bomb|p1a: Kashimo-o\n|-damage|p1a: Kashimo-o|39/100\n|move|p1b: Lancelot|Swords Dance|p1b: Lancelot\n|-boost|p1b: Lancelot|atk|2\n|\n|-heal|p1a: Kashimo-o|45/100|[from] item: Leftovers\n|-damage|p2a: Gengar|68/100 brn|[from] brn\n|upkeep\n|turn|4\n|\n|t:|1776553886\n|move|p1b: Lancelot|Bullet Punch|p2a: Gengar\n|-damage|p2a: Gengar|0 fnt\n|faint|p2a: Gengar\n|move|p1a: Kashimo-o|Clangorous Soul|p1a: Kashimo-o\n|-boost|p1a: Kashimo-o|atk|1\n|-boost|p1a: Kashimo-o|def|1\n|-boost|p1a: Kashimo-o|spa|1\n|-boost|p1a: Kashimo-o|spd|1\n|-boost|p1a: Kashimo-o|spe|1\n|-damage|p1a: Kashimo-o|12/100\n|-formechange|p2b: Aegislash|Aegislash-Blade|\n|move|p2b: Aegislash|Poltergeist|p1b: Lancelot\n|-activate|p1b: Lancelot|move: Poltergeist|Metal Coat\n|-damage|p1b: Lancelot|19/100\n|\n|-heal|p1a: Kashimo-o|18/100|[from] item: Leftovers\n|upkeep\n|\n|t:|1776553901\n|switch|p2a: Tyranitar|Tyranitar, L50, F|100/100\n|-weather|Sandstorm|[from] ability: Sand Stream|[of] p2a: Tyranitar\n|turn|5\n|\n|t:|1776553914\n|move|p1b: Lancelot|Bullet Punch|p2b: Aegislash\n|-resisted|p2b: Aegislash|1\n|-damage|p2b: Aegislash|26/100\n|move|p2b: Aegislash|Shadow Sneak|p1a: Kashimo-o\n|-damage|p1a: Kashimo-o|0 fnt\n|faint|p1a: Kashimo-o\n|move|p2a: Tyranitar|Low Kick|p1b: Lancelot\n|-damage|p1b: Lancelot|0 fnt\n|faint|p1b: Lancelot\n|\n|-weather|Sandstorm|[upkeep]\n|upkeep\n|\n|t:|1776553918\n|switch|p1a: EthicalHoops|Sneasler, L50, F|26/100\n|turn|6\n|c|\u2606Unova First|gg\n|\n|t:|1776553931\n|move|p1a: EthicalHoops|Fake Out|p2b: Aegislash\n|-immune|p2b: Aegislash\n|move|p2b: Aegislash|Shadow Sneak|p1a: EthicalHoops\n|-damage|p1a: EthicalHoops|0 fnt\n|faint|p1a: EthicalHoops\n|\n|win|a slippin jimmy\n|raw|Unova First's rating: 1328 &rarr; <strong>1313</strong><br />(-15 for losing)\n|raw|a slippin jimmy's rating: 1426 &rarr; <strong>1441</strong><br />(+15 for winning)\n|l|\u2606Unova First\n|player|p1|\n",
  "uploadtime": 1776553939,
  "views": 22,
  "formatid": "gen9championsvgc2026regma",
  "rating": 1313,
  "private": 0,
  "password": null
}