{
  "id": "gen9championsvgc2026regma-2583258449",
  "format": "[Gen 9 Champions] VGC 2026 Reg M-A",
  "players": [
    "CEBOLLAZO",
    "Hinya"
  ],
  "log": "|j|\u2606CEBOLLAZO\n|j|\u2606Hinya\n|t:|1776160366\n|gametype|doubles\n|player|p1|CEBOLLAZO|skier|1196\n|player|p2|Hinya|arezu|1107\n|gen|9\n|tier|[Gen 9 Champions] VGC 2026 Reg M-A\n|rated|\n|rule|Species Clause: Limit one of each Pok\u00e9mon\n|rule|Item Clause: Limit 1 of each item\n|clearpoke\n|poke|p1|Delphox, L50, F|\n|poke|p1|Sneasler, L50, F|\n|poke|p1|Garchomp, L50, F|\n|poke|p1|Kingambit, L50, F|\n|poke|p1|Floette-Eternal, L50, F|\n|poke|p1|Incineroar, L50, M|\n|poke|p2|Floette-Eternal, L50, F|\n|poke|p2|Incineroar, L50, M|\n|poke|p2|Sinistcha, L50|\n|poke|p2|Garchomp, L50, M|\n|poke|p2|Corviknight, L50, M|\n|poke|p2|Tyranitar, L50, M|\n|teampreview|4\n|inactive|Battle timer is ON: inactive players will automatically lose when time's up. (requested by CEBOLLAZO)\n|inactive|CEBOLLAZO has 60 seconds left.\n|inactive|Hinya has 60 seconds left.\n|l|\u2606Hinya\n|inactive|Hinya disconnected and has a minute to reconnect!\n|player|p2|\n|\n|t:|1776160424\n|teamsize|p1|4\n|teamsize|p2|4\n|start\n|switch|p1a: Delphox|Delphox, L50, F|100/100\n|switch|p1b: Sneasler|Sneasler, L50, F|100/100\n|switch|p2a: \ub9c8\uae30\ub77c\uc2a4|Tyranitar, L50, M|100/100\n|switch|p2b: \uc5b4\ud765\uc5fc|Incineroar, L50, M|100/100\n|-weather|Sandstorm|[from] ability: Sand Stream|[of] p2a: \ub9c8\uae30\ub77c\uc2a4\n|-ability|p2b: \uc5b4\ud765\uc5fc|Intimidate|boost\n|-unboost|p1a: Delphox|atk|1\n|-unboost|p1b: Sneasler|atk|1\n|turn|1\n|j|\u2606Hinya\n|inactive|Hinya reconnected and has 55 seconds left.\n|player|p2|Hinya|arezu|\n|\n|t:|1776160448\n|switch|p1a: Garchomp|Garchomp, L50, F|100/100\n|detailschange|p2a: \ub9c8\uae30\ub77c\uc2a4|Tyranitar-Mega, L50, M\n|-mega|p2a: \ub9c8\uae30\ub77c\uc2a4|Tyranitar|Tyranitarite\n|move|p2b: \uc5b4\ud765\uc5fc|Fake Out|p1b: Sneasler\n|-damage|p1b: Sneasler|82/100\n|cant|p1b: Sneasler|flinch\n|move|p2a: \ub9c8\uae30\ub77c\uc2a4|Dragon Dance|p2a: \ub9c8\uae30\ub77c\uc2a4\n|-boost|p2a: \ub9c8\uae30\ub77c\uc2a4|atk|1\n|-boost|p2a: \ub9c8\uae30\ub77c\uc2a4|spe|1\n|\n|-weather|Sandstorm|[upkeep]\n|-damage|p1b: Sneasler|76/100|[from] Sandstorm\n|-damage|p2b: \uc5b4\ud765\uc5fc|95/100|[from] Sandstorm\n|upkeep\n|turn|2\n|\n|t:|1776160463\n|switch|p2b: \ub9d0\ucc28\ub77c\ub5bc|Sinistcha, L50|100/100\n|move|p2a: \ub9c8\uae30\ub77c\uc2a4|Protect|p2a: \ub9c8\uae30\ub77c\uc2a4\n|-singleturn|p2a: \ub9c8\uae30\ub77c\uc2a4|Protect\n|move|p1a: Garchomp|Stomping Tantrum|p2a: \ub9c8\uae30\ub77c\uc2a4\n|-activate|p2a: \ub9c8\uae30\ub77c\uc2a4|move: Protect\n|move|p1b: Sneasler|Close Combat|p2a: \ub9c8\uae30\ub77c\uc2a4\n|-activate|p2a: \ub9c8\uae30\ub77c\uc2a4|move: Protect\n|\n|-weather|Sandstorm|[upkeep]\n|-damage|p1b: Sneasler|70/100|[from] Sandstorm\n|-damage|p2b: \ub9d0\ucc28\ub77c\ub5bc|94/100|[from] Sandstorm\n|upkeep\n|turn|3\n|\n|t:|1776160478\n|move|p2b: \ub9d0\ucc28\ub77c\ub5bc|Rage Powder|p2b: \ub9d0\ucc28\ub77c\ub5bc\n|-singleturn|p2b: \ub9d0\ucc28\ub77c\ub5bc|move: Rage Powder\n|move|p1a: Garchomp|Stomping Tantrum|p2b: \ub9d0\ucc28\ub77c\ub5bc\n|-resisted|p2b: \ub9d0\ucc28\ub77c\ub5bc|1\n|-damage|p2b: \ub9d0\ucc28\ub77c\ub5bc|81/100\n|move|p2a: \ub9c8\uae30\ub77c\uc2a4|Rock Slide|p1a: Garchomp|[spread] p1a\n|-miss|p2a: \ub9c8\uae30\ub77c\uc2a4|p1b: Sneasler\n|-resisted|p1a: Garchomp|1\n|-damage|p1a: Garchomp|76/100\n|move|p1b: Sneasler|Close Combat|p2b: \ub9d0\ucc28\ub77c\ub5bc\n|-immune|p2b: \ub9d0\ucc28\ub77c\ub5bc\n|\n|-weather|Sandstorm|[upkeep]\n|-damage|p1b: Sneasler|64/100|[from] Sandstorm\n|-damage|p2b: \ub9d0\ucc28\ub77c\ub5bc|75/100|[from] Sandstorm\n|upkeep\n|turn|4\n|\n|t:|1776160500\n|switch|p1a: Incineroar|Incineroar, L50, M|100/100\n|-ability|p1a: Incineroar|Intimidate|boost\n|-unboost|p2a: \ub9c8\uae30\ub77c\uc2a4|atk|1\n|-unboost|p2b: \ub9d0\ucc28\ub77c\ub5bc|atk|1\n|move|p1b: Sneasler|Protect|p1b: Sneasler\n|-singleturn|p1b: Sneasler|Protect\n|move|p2b: \ub9d0\ucc28\ub77c\ub5bc|Rage Powder|p2b: \ub9d0\ucc28\ub77c\ub5bc\n|-singleturn|p2b: \ub9d0\ucc28\ub77c\ub5bc|move: Rage Powder\n|move|p2a: \ub9c8\uae30\ub77c\uc2a4|Rock Slide|p1a: Incineroar|[spread] p1a\n|-activate|p1b: Sneasler|move: Protect\n|-supereffective|p1a: Incineroar|1\n|-damage|p1a: Incineroar|31/100\n|-enditem|p1a: Incineroar|Sitrus Berry|[eat]\n|-heal|p1a: Incineroar|56/100|[from] item: Sitrus Berry\n|\n|-weather|Sandstorm|[upkeep]\n|-damage|p1b: Sneasler|59/100|[from] Sandstorm\n|-damage|p2b: \ub9d0\ucc28\ub77c\ub5bc|68/100|[from] Sandstorm\n|-damage|p1a: Incineroar|50/100|[from] Sandstorm\n|upkeep\n|turn|5\n|\n|t:|1776160522\n|switch|p2b: \uc5b4\ud765\uc5fc|Incineroar, L50, M|95/100\n|-ability|p2b: \uc5b4\ud765\uc5fc|Intimidate|boost\n|-unboost|p1a: Incineroar|atk|1\n|-unboost|p1b: Sneasler|atk|1\n|move|p2a: \ub9c8\uae30\ub77c\uc2a4|Protect|p2a: \ub9c8\uae30\ub77c\uc2a4\n|-singleturn|p2a: \ub9c8\uae30\ub77c\uc2a4|Protect\n|move|p1b: Sneasler|Dire Claw|p2b: \uc5b4\ud765\uc5fc\n|-damage|p2b: \uc5b4\ud765\uc5fc|80/100\n|move|p1a: Incineroar|Darkest Lariat|p2b: \uc5b4\ud765\uc5fc\n|-resisted|p2b: \uc5b4\ud765\uc5fc|1\n|-crit|p2b: \uc5b4\ud765\uc5fc\n|-damage|p2b: \uc5b4\ud765\uc5fc|59/100\n|\n|-weather|none\n|upkeep\n|turn|6\n|-message|CEBOLLAZO forfeited.\n|\n|win|Hinya\n|raw|CEBOLLAZO's rating: 1196 &rarr; <strong>1165</strong><br />(-31 for losing)\n|raw|Hinya's rating: 1107 &rarr; <strong>1138</strong><br />(+31 for winning)\n|l|\u2606CEBOLLAZO\n|player|p1|\n",
  "uploadtime": 1776160538,
  "views": 15,
  "formatid": "gen9championsvgc2026regma",
  "rating": 1138,
  "private": 0,
  "password": null
}