{
  "id": "gen9championsvgc2026regma-2583138142",
  "format": "[Gen 9 Champions] VGC 2026 Reg M-A",
  "players": [
    "NoplayerCh",
    "Ringeril"
  ],
  "log": "|j|\u2606NoplayerCh\n|j|\u2606Ringeril\n|t:|1776146634\n|gametype|doubles\n|player|p1|NoplayerCh|cynthia-gen4|1076\n|player|p2|Ringeril|fisherman-gen4|1142\n|gen|9\n|tier|[Gen 9 Champions] VGC 2026 Reg M-A\n|rated|\n|rule|Species Clause: Limit one of each Pok\u00e9mon\n|rule|Item Clause: Limit 1 of each item\n|clearpoke\n|poke|p1|Floette-Eternal, L50, F|\n|poke|p1|Incineroar, L50, M|\n|poke|p1|Sinistcha, L50|\n|poke|p1|Rotom-Wash, L50|\n|poke|p1|Garchomp, L50, M|\n|poke|p1|Talonflame, L50, M|\n|poke|p2|Sinistcha, L50|\n|poke|p2|Pinsir, L50, M|\n|poke|p2|Politoed, L50, M|\n|poke|p2|Basculegion, L50, M|\n|poke|p2|Goodra-Hisui, L50, F|\n|poke|p2|Incineroar, L50, M|\n|teampreview|4\n|\n|t:|1776146720\n|teamsize|p1|4\n|teamsize|p2|4\n|start\n|switch|p1a: Floette|Floette-Eternal, L50, F|100/100\n|switch|p1b: Incineroar|Incineroar, L50, M|100/100\n|switch|p2a: Incigato|Incineroar, L50, M|100/100\n|switch|p2b: Pin-SirSot|Pinsir, L50, M, shiny|100/100\n|-ability|p1b: Incineroar|Intimidate|boost\n|-unboost|p2a: Incigato|atk|1\n|-fail|p2b: Pin-SirSot|unboost|Attack|[from] ability: Hyper Cutter|[of] p2b: Pin-SirSot\n|-ability|p2a: Incigato|Intimidate|boost\n|-unboost|p1a: Floette|atk|1\n|-unboost|p1b: Incineroar|atk|1\n|turn|1\n|\n|t:|1776146740\n|detailschange|p2b: Pin-SirSot|Pinsir-Mega, L50, M, shiny\n|-mega|p2b: Pin-SirSot|Pinsir|Pinsirite\n|detailschange|p1a: Floette|Floette-Mega, L50, F\n|-mega|p1a: Floette|Floette|Floettite\n|-ability|p1a: Floette|Fairy Aura\n|move|p1a: Floette|Protect|p1a: Floette\n|-singleturn|p1a: Floette|Protect\n|move|p1b: Incineroar|Fake Out|p2b: Pin-SirSot\n|-damage|p2b: Pin-SirSot|92/100\n|move|p2a: Incigato|Fake Out|p1b: Incineroar\n|-damage|p1b: Incineroar|94/100\n|cant|p2b: Pin-SirSot|flinch\n|\n|upkeep\n|turn|2\n|\n|t:|1776146764\n|move|p2b: Pin-SirSot|High Horsepower|p1b: Incineroar\n|-supereffective|p1b: Incineroar|1\n|-damage|p1b: Incineroar|18/100\n|move|p1a: Floette|Calm Mind|p1a: Floette\n|-boost|p1a: Floette|spa|1\n|-boost|p1a: Floette|spd|1\n|move|p1b: Incineroar|Parting Shot|p2b: Pin-SirSot\n|-unboost|p2b: Pin-SirSot|atk|1\n|-unboost|p2b: Pin-SirSot|spa|1\n|\n|t:|1776146774\n|switch|p1b: Sinistcha|Sinistcha, L50|100/100|[from] Parting Shot\n|move|p2a: Incigato|Parting Shot|p1a: Floette\n|-unboost|p1a: Floette|atk|1\n|-unboost|p1a: Floette|spa|1\n|\n|t:|1776146783\n|switch|p2a: Caracola|Goodra-Hisui, L50, F|100/100|[from] Parting Shot\n|\n|upkeep\n|turn|3\n|\n|t:|1776146801\n|move|p1b: Sinistcha|Rage Powder|p1b: Sinistcha\n|-singleturn|p1b: Sinistcha|move: Rage Powder\n|move|p2b: Pin-SirSot|Swords Dance|p2b: Pin-SirSot\n|-boost|p2b: Pin-SirSot|atk|2\n|move|p1a: Floette|Dazzling Gleam|p2a: Caracola|[spread] p2a,p2b\n|-damage|p2a: Caracola|71/100\n|-damage|p2b: Pin-SirSot|23/100\n|move|p2a: Caracola|Muddy Water|p1a: Floette|[spread] p1b\n|-miss|p2a: Caracola|p1a: Floette\n|-resisted|p1b: Sinistcha|1\n|-damage|p1b: Sinistcha|93/100\n|-unboost|p1b: Sinistcha|accuracy|1\n|\n|-heal|p2a: Caracola|77/100|[from] item: Leftovers\n|upkeep\n|turn|4\n|\n|t:|1776146833\n|move|p2b: Pin-SirSot|Body Slam|p1b: Sinistcha\n|-supereffective|p1b: Sinistcha|1\n|-damage|p1b: Sinistcha|0 fnt\n|faint|p1b: Sinistcha\n|move|p1a: Floette|Dazzling Gleam|p2b: Pin-SirSot|[spread] p2a,p2b\n|-damage|p2a: Caracola|48/100\n|-damage|p2b: Pin-SirSot|0 fnt\n|faint|p2b: Pin-SirSot\n|move|p2a: Caracola|Heavy Slam|p1a: Floette\n|-supereffective|p1a: Floette|1\n|-damage|p1a: Floette|46/100\n|\n|-heal|p2a: Caracola|53/100|[from] item: Leftovers\n|upkeep\n|\n|t:|1776146855\n|switch|p2b: Bascupichazos|Basculegion, L50, M|100/100\n|switch|p1b: Incineroar|Incineroar, L50, M|18/100\n|-ability|p1b: Incineroar|Intimidate|boost\n|-unboost|p2a: Caracola|atk|1\n|-unboost|p2b: Bascupichazos|atk|1\n|turn|5\n|\n|t:|1776146871\n|move|p1b: Incineroar|Fake Out|p2b: Bascupichazos\n|-immune|p2b: Bascupichazos\n|move|p2b: Bascupichazos|Wave Crash|p1a: Floette\n|-damage|p1a: Floette|0 fnt\n|faint|p1a: Floette\n|-damage|p2b: Bascupichazos|87/100|[from] Recoil\n|move|p2a: Caracola|Heavy Slam|p1b: Incineroar\n|-resisted|p1b: Incineroar|1\n|-damage|p1b: Incineroar|7/100\n|\n|-heal|p2a: Caracola|59/100|[from] item: Leftovers\n|upkeep\n|\n|t:|1776146874\n|switch|p1a: Garchomp|Garchomp, L50, M|100/100\n|turn|6\n|l|\u2606NoplayerCh\n|player|p1|\n|inactive|Battle timer is ON: inactive players will automatically lose when time's up. (requested by Ringeril)\n|inactive|NoplayerCh has 30 seconds to reconnect!\n|inactive|NoplayerCh has 20 seconds to reconnect!\n|inactive|NoplayerCh has 15 seconds to reconnect!\n|inactive|NoplayerCh has 10 seconds to reconnect!\n|inactive|NoplayerCh has 5 seconds to reconnect!\n|-message|NoplayerCh lost due to inactivity.\n|\n|win|Ringeril\n|raw|NoplayerCh's rating: 1076 &rarr; <strong>1059</strong><br />(-17 for losing)\n|raw|Ringeril's rating: 1142 &rarr; <strong>1162</strong><br />(+20 for winning)\n",
  "uploadtime": 1776147039,
  "views": 20,
  "formatid": "gen9championsvgc2026regma",
  "rating": 1059,
  "private": 0,
  "password": null
}