{
  "id": "gen9championsvgc2026regma-2582207854",
  "format": "[Gen 9 Champions] VGC 2026 Reg M-A",
  "players": [
    "kuczok2",
    "weaknoobano"
  ],
  "log": "|j|\u2606kuczok2\n|j|\u2606weaknoobano\n|t:|1776071391\n|gametype|doubles\n|player|p1|kuczok2|benga|1086\n|player|p2|weaknoobano|102|1165\n|gen|9\n|tier|[Gen 9 Champions] VGC 2026 Reg M-A\n|rated|\n|rule|Species Clause: Limit one of each Pok\u00e9mon\n|rule|Item Clause: Limit 1 of each item\n|clearpoke\n|poke|p1|Dragonite, L50, M|\n|poke|p1|Pelipper, L50, F|\n|poke|p1|Azumarill, L50, F|\n|poke|p1|Gyarados, L50, F|\n|poke|p1|Rotom-Wash, L50|\n|poke|p1|Excadrill, L50, M|\n|poke|p2|Venusaur, L50, M|\n|poke|p2|Charizard, L50, M|\n|poke|p2|Incineroar, L50, M|\n|poke|p2|Garchomp, L50, F|\n|poke|p2|Snorlax, L50, M|\n|poke|p2|Sinistcha, L50|\n|teampreview|4\n|inactive|Battle timer is ON: inactive players will automatically lose when time's up. (requested by weaknoobano)\nweaknoobano rejected open team sheets.\n|inactive|weaknoobano has 60 seconds left.\n|\n|t:|1776071441\n|teamsize|p1|4\n|teamsize|p2|4\n|start\n|switch|p1a: Dragonite|Dragonite, L50, M|100/100\n|switch|p1b: Rotom|Rotom-Wash, L50|100/100\n|switch|p2a: Charizard|Charizard, L50, M|100/100\n|switch|p2b: Garchomp|Garchomp, L50, F|100/100\n|turn|1\n|\n|t:|1776071455\n|detailschange|p1a: Dragonite|Dragonite-Mega, L50, M\n|-mega|p1a: Dragonite|Dragonite|Dragoninite\n|move|p2a: Charizard|Protect|p2a: Charizard\n|-singleturn|p2a: Charizard|Protect\n|move|p2b: Garchomp|Dragon Claw|p1a: Dragonite\n|-supereffective|p1a: Dragonite|1\n|-damage|p1a: Dragonite|58/100\n|move|p1a: Dragonite|Draco Meteor|p2b: Garchomp\n|-supereffective|p2b: Garchomp|1\n|-damage|p2b: Garchomp|0 fnt\n|-unboost|p1a: Dragonite|spa|2\n|faint|p2b: Garchomp\n|move|p1b: Rotom|Rain Dance|p1b: Rotom\n|-weather|RainDance\n|\n|-weather|RainDance|[upkeep]\n|upkeep\n|\n|t:|1776071472\n|switch|p2b: Venusaur|Venusaur, L50, M|100/100\n|turn|2\n|\n|t:|1776071488\n|detailschange|p2a: Charizard|Charizard-Mega-Y, L50, M\n|-mega|p2a: Charizard|Charizard|Charizardite Y\n|-weather|SunnyDay|[from] ability: Drought|[of] p2a: Charizard\n|move|p1a: Dragonite|Protect|p1a: Dragonite\n|-singleturn|p1a: Dragonite|Protect\n|move|p2b: Venusaur|Sleep Powder|p1a: Dragonite\n|-activate|p1a: Dragonite|move: Protect\n|move|p2a: Charizard|Solar Beam||[still]\n|-prepare|p2a: Charizard|Solar Beam\n|-anim|p2a: Charizard|Solar Beam|p1b: Rotom\n|-supereffective|p1b: Rotom|1\n|-damage|p1b: Rotom|0 fnt\n|faint|p1b: Rotom\n|\n|-weather|SunnyDay|[upkeep]\n|upkeep\n|\n|t:|1776071501\n|switch|p1b: Pelipper|Pelipper, L50, F|100/100\n|-weather|RainDance|[from] ability: Drizzle|[of] p1b: Pelipper\n|turn|3\n|\n|t:|1776071515\n|switch|p2b: Sinistcha|Sinistcha, L50|100/100\n|move|p2a: Charizard|Protect|p2a: Charizard\n|-singleturn|p2a: Charizard|Protect\n|move|p1a: Dragonite|Hurricane|p2b: Sinistcha\n|-supereffective|p2b: Sinistcha|1\n|-damage|p2b: Sinistcha|33/100\n|move|p1b: Pelipper|Tailwind|p1b: Pelipper\n|-sidestart|p1: kuczok2|move: Tailwind\n|\n|-weather|RainDance|[upkeep]\n|-heal|p2b: Sinistcha|39/100|[from] item: Leftovers\n|upkeep\n|turn|4\n|\n|t:|1776071527\n|switch|p2a: Venusaur|Venusaur, L50, M|100/100\n|move|p1a: Dragonite|Draco Meteor|p2a: Venusaur\n|-damage|p2a: Venusaur|59/100\n|-unboost|p1a: Dragonite|spa|2\n|move|p1b: Pelipper|Weather Ball|p2a: Venusaur\n|-resisted|p2a: Venusaur|1\n|-damage|p2a: Venusaur|31/100\n|move|p2b: Sinistcha|Trick Room|p2b: Sinistcha\n|-fieldstart|move: Trick Room|[of] p2b: Sinistcha\n|\n|-weather|RainDance|[upkeep]\n|-heal|p2b: Sinistcha|45/100|[from] item: Leftovers\n|upkeep\n|turn|5\n|\n|t:|1776071549\n|switch|p2a: Charizard|Charizard-Mega-Y, L50, M|100/100\n|-weather|SunnyDay|[from] ability: Drought|[of] p2a: Charizard\n|move|p2b: Sinistcha|Life Dew||[still]|[spread] p2a,p2b\n|-fail|p2a: Charizard|heal\n|-heal|p2b: Sinistcha|71/100\n|move|p1b: Pelipper|Hurricane|p2a: Charizard\n|-damage|p2a: Charizard|61/100\n|move|p1a: Dragonite|Hurricane|p2b: Sinistcha\n|-supereffective|p2b: Sinistcha|1\n|-damage|p2b: Sinistcha|26/100\n|\n|-weather|SunnyDay|[upkeep]\n|-heal|p2b: Sinistcha|32/100|[from] item: Leftovers\n|upkeep\n|turn|6\n|inactive|weaknoobano has 30 seconds left.\n|\n|t:|1776071574\n|move|p1a: Dragonite|Protect|p1a: Dragonite\n|-singleturn|p1a: Dragonite|Protect\n|move|p2b: Sinistcha|Life Dew|p2b: Sinistcha|[spread] p2a,p2b\n|-heal|p2a: Charizard|86/100\n|-heal|p2b: Sinistcha|57/100\n|move|p2a: Charizard|Solar Beam||[still]\n|-prepare|p2a: Charizard|Solar Beam\n|-anim|p2a: Charizard|Solar Beam|p1b: Pelipper\n|-damage|p1b: Pelipper|39/100\n|move|p1b: Pelipper|Weather Ball|p2b: Sinistcha\n|-supereffective|p2b: Sinistcha|1\n|-damage|p2b: Sinistcha|0 fnt\n|faint|p2b: Sinistcha\n|\n|-weather|SunnyDay|[upkeep]\n|-sideend|p1: kuczok2|move: Tailwind\n|upkeep\n|\n|t:|1776071585\n|switch|p2b: Venusaur|Venusaur, L50, M|31/100\n|turn|7\n|\n|t:|1776071609\n|switch|p1b: Excadrill|Excadrill, L50, M|100/100\n|-ability|p1b: Excadrill|Mold Breaker\n|move|p1a: Dragonite|Hurricane|p2b: Venusaur|[miss]\n|-miss|p1a: Dragonite|p2b: Venusaur\n|move|p2a: Charizard|Solar Beam||[still]\n|-prepare|p2a: Charizard|Solar Beam\n|-anim|p2a: Charizard|Solar Beam|p1b: Excadrill\n|-damage|p1b: Excadrill|33/100\n|move|p2b: Venusaur|Sludge Bomb|p1a: Dragonite\n|-damage|p1a: Dragonite|24/100\n|\n|-weather|SunnyDay|[upkeep]\n|upkeep\n|turn|8\n|\n|t:|1776071624\n|switch|p1a: Pelipper|Pelipper, L50, F|39/100\n|-weather|RainDance|[from] ability: Drizzle|[of] p1a: Pelipper\n|move|p1b: Excadrill|Protect|p1b: Excadrill\n|-singleturn|p1b: Excadrill|Protect\n|move|p2a: Charizard|Protect|p2a: Charizard\n|-singleturn|p2a: Charizard|Protect\n|move|p2b: Venusaur|Giga Drain|p1a: Pelipper\n|-damage|p1a: Pelipper|0 fnt\n|-heal|p2b: Venusaur|46/100|[from] drain|[of] p1a: Pelipper\n|faint|p1a: Pelipper\n|\n|-weather|RainDance|[upkeep]\n|-fieldend|move: Trick Room\n|upkeep\n|\n|t:|1776071634\n|switch|p1a: Dragonite|Dragonite-Mega, L50, M|24/100\n|turn|9\n|\n|t:|1776071653\n|move|p2a: Charizard|Weather Ball|p1b: Excadrill\n|-supereffective|p1b: Excadrill|1\n|-damage|p1b: Excadrill|0 fnt\n|faint|p1b: Excadrill\n|move|p1a: Dragonite|Thunder|p2a: Charizard\n|-supereffective|p2a: Charizard|1\n|-damage|p2a: Charizard|0 fnt\n|faint|p2a: Charizard\n|move|p2b: Venusaur|Sleep Powder|p1a: Dragonite\n|-status|p1a: Dragonite|slp|[from] move: Sleep Powder\n|\n|-weather|RainDance|[upkeep]\n|upkeep\n|turn|10\n|\n|t:|1776071664\n|cant|p1a: Dragonite|slp\n|move|p2b: Venusaur|Sludge Bomb|p1a: Dragonite\n|-damage|p1a: Dragonite|0 fnt\n|faint|p1a: Dragonite\n|\n|win|weaknoobano\n|raw|kuczok2's rating: 1086 &rarr; <strong>1068</strong><br />(-18 for losing)\n|raw|weaknoobano's rating: 1165 &rarr; <strong>1184</strong><br />(+19 for winning)\n",
  "uploadtime": 1776071674,
  "views": 13,
  "formatid": "gen9championsvgc2026regma",
  "rating": 1068,
  "private": 0,
  "password": null
}