{
  "id": "gen9championsvgc2026regma-2586917494",
  "format": "[Gen 9 Champions] VGC 2026 Reg M-A",
  "players": [
    "howdy12345",
    "AidzPlayz"
  ],
  "log": "|j|\u2606howdy12345\n|j|\u2606AidzPlayz\n|t:|1776471629\n|gametype|doubles\n|player|p1|howdy12345|blackbelt|1252\n|player|p2|AidzPlayz|ghetsis-gen5bw|1337\n|gen|9\n|tier|[Gen 9 Champions] VGC 2026 Reg M-A\n|rated|\n|rule|Species Clause: Limit one of each Pok\u00e9mon\n|rule|Item Clause: Limit 1 of each item\n|clearpoke\n|poke|p1|Excadrill, L50, M|\n|poke|p1|Sinistcha, L50|\n|poke|p1|Tyranitar, L50, F|\n|poke|p1|Rotom-Heat, L50|\n|poke|p1|Araquanid, L50, F|\n|poke|p1|Whimsicott, L50, F|\n|poke|p2|Aerodactyl, L50, M|\n|poke|p2|Incineroar, L50, M|\n|poke|p2|Floette-Eternal, L50, F|\n|poke|p2|Basculegion, L50, M|\n|poke|p2|Garchomp, L50, F|\n|poke|p2|Sneasler, L50, F|\n|teampreview|4\n|\n|t:|1776471671\n|teamsize|p1|4\n|teamsize|p2|4\n|start\n|switch|p1a: Sinistcha|Sinistcha, L50|100/100\n|switch|p1b: Rotom|Rotom-Heat, L50|100/100\n|switch|p2a: Incineroar|Incineroar, L50, M|100/100\n|switch|p2b: Sneasler|Sneasler, L50, F|100/100\n|-ability|p2a: Incineroar|Intimidate|boost\n|-unboost|p1a: Sinistcha|atk|1\n|-unboost|p1b: Rotom|atk|1\n|turn|1\n|\n|t:|1776471689\n|move|p1a: Sinistcha|Protect|p1a: Sinistcha\n|-singleturn|p1a: Sinistcha|Protect\n|move|p2a: Incineroar|Fake Out|p1b: Rotom\n|-damage|p1b: Rotom|88/100\n|cant|p1b: Rotom|flinch\n|move|p2b: Sneasler|Dire Claw|p1a: Sinistcha\n|-activate|p1a: Sinistcha|move: Protect\n|\n|upkeep\n|turn|2\n|\n|t:|1776471719\n|move|p2a: Incineroar|Helping Hand|p2b: Sneasler\n|-singleturn|p2b: Sneasler|Helping Hand|[of] p2a: Incineroar\n|move|p1a: Sinistcha|Rage Powder|p1a: Sinistcha\n|-singleturn|p1a: Sinistcha|move: Rage Powder\n|move|p1b: Rotom|Overheat|p2b: Sneasler\n|-damage|p2b: Sneasler|29/100\n|-unboost|p1b: Rotom|spa|2\n|move|p2b: Sneasler|Close Combat|p1a: Sinistcha\n|-immune|p1a: Sinistcha\n|\n|upkeep\n|turn|3\n|inactive|Battle timer is ON: inactive players will automatically lose when time's up. (requested by AidzPlayz)\n|\n|t:|1776471740\n|move|p1a: Sinistcha|Rage Powder|p1a: Sinistcha\n|-singleturn|p1a: Sinistcha|move: Rage Powder\n|move|p1b: Rotom|Overheat|p2b: Sneasler\n|-damage|p2b: Sneasler|0 fnt\n|-unboost|p1b: Rotom|spa|2\n|faint|p2b: Sneasler\n|move|p2a: Incineroar|Flare Blitz|p1a: Sinistcha\n|-supereffective|p1a: Sinistcha|1\n|-damage|p1a: Sinistcha|30/100\n|-status|p1a: Sinistcha|brn\n|-damage|p2a: Incineroar|80/100|[from] Recoil\n|\n|-heal|p1a: Sinistcha|36/100 brn|[from] item: Leftovers\n|-damage|p1a: Sinistcha|30/100 brn|[from] brn\n|upkeep\n|\n|t:|1776471752\n|switch|p2b: Floette|Floette-Eternal, L50, F|100/100\n|turn|4\n|\n|t:|1776471767\n|switch|p1b: Excadrill|Excadrill, L50, M|100/100\n|detailschange|p2b: Floette|Floette-Mega, L50, F\n|-mega|p2b: Floette|Floette|Floettite\n|-ability|p2b: Floette|Fairy Aura\n|move|p2a: Incineroar|Helping Hand|p2b: Floette\n|-singleturn|p2b: Floette|Helping Hand|[of] p2a: Incineroar\n|move|p1a: Sinistcha|Rage Powder|p1a: Sinistcha\n|-singleturn|p1a: Sinistcha|move: Rage Powder\n|move|p2b: Floette|Dazzling Gleam|p1b: Excadrill|[spread] p1a,p1b\n|-resisted|p1b: Excadrill|1\n|-damage|p1a: Sinistcha|0 fnt\n|-damage|p1b: Excadrill|50/100\n|faint|p1a: Sinistcha\n|\n|upkeep\n|\n|t:|1776471776\n|switch|p1a: Tyranitar|Tyranitar, L50, F|100/100\n|-weather|Sandstorm|[from] ability: Sand Stream|[of] p1a: Tyranitar\n|turn|5\n|inactive|howdy12345 has 30 seconds left.\n|\n|t:|1776471810\n|detailschange|p1a: Tyranitar|Tyranitar-Mega, L50, F\n|-mega|p1a: Tyranitar|Tyranitar|Tyranitarite\n|move|p2a: Incineroar|Helping Hand|p2b: Floette\n|-singleturn|p2b: Floette|Helping Hand|[of] p2a: Incineroar\n|move|p1b: Excadrill|Rock Slide|p2a: Incineroar|[spread] p2a\n|-miss|p1b: Excadrill|p2b: Floette\n|-supereffective|p2a: Incineroar|1\n|-damage|p2a: Incineroar|37/100\n|-enditem|p2a: Incineroar|Sitrus Berry|[eat]\n|-heal|p2a: Incineroar|62/100|[from] item: Sitrus Berry\n|move|p2b: Floette|Dazzling Gleam|p1a: Tyranitar|[spread] p1a,p1b\n|-supereffective|p1a: Tyranitar|1\n|-resisted|p1b: Excadrill|1\n|-damage|p1a: Tyranitar|37/100\n|-damage|p1b: Excadrill|0 fnt\n|faint|p1b: Excadrill\n|move|p1a: Tyranitar|Rock Slide|p2b: Floette|[spread] p2a,p2b\n|-supereffective|p2a: Incineroar|1\n|-crit|p2a: Incineroar\n|-damage|p2a: Incineroar|0 fnt\n|-damage|p2b: Floette|54/100\n|faint|p2a: Incineroar\n|\n|-weather|Sandstorm|[upkeep]\n|-damage|p2b: Floette|48/100|[from] Sandstorm\n|upkeep\n|\n|t:|1776471830\n|switch|p1b: Rotom|Rotom-Heat, L50|88/100\n|switch|p2a: Garchomp|Garchomp, L50, F|100/100\n|turn|6\n|\n|t:|1776471855\n|move|p1b: Rotom|Overheat|p2b: Floette\n|-damage|p2b: Floette|2/100\n|-unboost|p1b: Rotom|spa|2\n|move|p2b: Floette|Dazzling Gleam|p1b: Rotom|[spread] p1a,p1b\n|-supereffective|p1a: Tyranitar|1\n|-resisted|p1b: Rotom|1\n|-damage|p1a: Tyranitar|0 fnt\n|-damage|p1b: Rotom|58/100\n|faint|p1a: Tyranitar\n|move|p2a: Garchomp|Rock Slide|p1b: Rotom|[miss]\n|-miss|p2a: Garchomp|p1b: Rotom\n|\n|-weather|Sandstorm|[upkeep]\n|-damage|p1b: Rotom|52/100|[from] Sandstorm\n|-damage|p2b: Floette|0 fnt|[from] Sandstorm\n|faint|p2b: Floette\n|upkeep\n|turn|7\n|\n|t:|1776471873\n|move|p1b: Rotom|Overheat|p2a: Garchomp\n|-resisted|p2a: Garchomp|1\n|-damage|p2a: Garchomp|85/100\n|-unboost|p1b: Rotom|spa|2\n|move|p2a: Garchomp|Dragon Claw|p1b: Rotom\n|-crit|p1b: Rotom\n|-damage|p1b: Rotom|0 fnt\n|faint|p1b: Rotom\n|\n|win|AidzPlayz\n|raw|howdy12345's rating: 1252 &rarr; <strong>1233</strong><br />(-19 for losing)\n|raw|AidzPlayz's rating: 1337 &rarr; <strong>1352</strong><br />(+15 for winning)\n",
  "uploadtime": 1776471874,
  "views": 27,
  "formatid": "gen9championsvgc2026regma",
  "rating": 1233,
  "private": 0,
  "password": null
}