{
  "id": "gen9championsvgc2026regma-2583010220",
  "format": "[Gen 9 Champions] VGC 2026 Reg M-A",
  "players": [
    "hydreigon_chelas",
    "Fishstix412"
  ],
  "log": "|j|\u2606hydreigon_chelas\n|j|\u2606Fishstix412\n|t:|1776133063\n|gametype|doubles\n|player|p1|hydreigon_chelas|iris-gen5bw2|1310\n|player|p2|Fishstix412|ghetsis-gen5bw|1260\n|gen|9\n|tier|[Gen 9 Champions] VGC 2026 Reg M-A\n|rated|\n|rule|Species Clause: Limit one of each Pok\u00e9mon\n|rule|Item Clause: Limit 1 of each item\n|clearpoke\n|poke|p1|Floette-Eternal, L50, F|\n|poke|p1|Excadrill, L50, M|\n|poke|p1|Tyranitar, L50, M|\n|poke|p1|Incineroar, L50, M|\n|poke|p1|Sinistcha, L50|\n|poke|p1|Gyarados, L50, M|\n|poke|p2|Aggron, L50, M|\n|poke|p2|Orthworm, L50, F|\n|poke|p2|Golurk, L50|\n|poke|p2|Rhyperior, L50, M|\n|poke|p2|Sinistcha, L50|\n|poke|p2|Incineroar, L50, M|\n|teampreview|4\n|inactive|Battle timer is ON: inactive players will automatically lose when time's up. (requested by Fishstix412)\nFishstix412 rejected open team sheets.\n|\n|t:|1776133095\n|teamsize|p1|4\n|teamsize|p2|4\n|start\n|switch|p1a: Floette|Floette-Eternal, L50, F|100/100\n|switch|p1b: Gyarados|Gyarados, L50, M, shiny|100/100\n|switch|p2a: Orthworm|Orthworm, L50, F|100/100\n|switch|p2b: Sinistcha|Sinistcha, L50|100/100\n|-ability|p1b: Gyarados|Intimidate|boost\n|-unboost|p2a: Orthworm|atk|1\n|-unboost|p2b: Sinistcha|atk|1\n|turn|1\n|inactive|hydreigon_chelas has 30 seconds left.\n|inactive|hydreigon_chelas has 20 seconds left.\n|inactive|hydreigon_chelas has 15 seconds left.\n|\n|t:|1776133138\n|detailschange|p1a: Floette|Floette-Mega, L50, F\n|-mega|p1a: Floette|Floette|Floettite\n|-ability|p1a: Floette|Fairy Aura\n|move|p1a: Floette|Calm Mind|p1a: Floette\n|-boost|p1a: Floette|spa|1\n|-boost|p1a: Floette|spd|1\n|move|p1b: Gyarados|Taunt|p2a: Orthworm\n|-start|p2a: Orthworm|move: Taunt\n|cant|p2a: Orthworm|move: Taunt|Shed Tail\n|move|p2b: Sinistcha|Trick Room|p2b: Sinistcha\n|-fieldstart|move: Trick Room|[of] p2b: Sinistcha\n|\n|upkeep\n|turn|2\n|\n|t:|1776133152\n|switch|p1b: Incineroar|Incineroar, L50, M|100/100\n|-ability|p1b: Incineroar|Intimidate|boost\n|-unboost|p2a: Orthworm|atk|1\n|-unboost|p2b: Sinistcha|atk|1\n|move|p2b: Sinistcha|Matcha Gotcha|p1a: Floette|[spread] p1a,p1b\n|-resisted|p1b: Incineroar|1\n|-damage|p1a: Floette|87/100\n|-damage|p1b: Incineroar|92/100\n|move|p2a: Orthworm|Iron Head|p1a: Floette\n|-supereffective|p1a: Floette|1\n|-damage|p1a: Floette|50/100\n|move|p1a: Floette|Calm Mind|p1a: Floette\n|-boost|p1a: Floette|spa|1\n|-boost|p1a: Floette|spd|1\n|\n|upkeep\n|turn|3\n|inactive|hydreigon_chelas has 30 seconds left.\n|inactive|hydreigon_chelas has 20 seconds left.\n|inactive|Fishstix412 has 30 seconds left.\n|inactive|hydreigon_chelas has 15 seconds left.\n|inactive|hydreigon_chelas has 10 seconds left.\n|inactive|hydreigon_chelas has 5 seconds left.\n|\n|t:|1776133206\n|switch|p2b: Incineroar|Incineroar, L50, M|100/100\n|-ability|p2b: Incineroar|Intimidate|boost\n|-unboost|p1a: Floette|atk|1\n|-unboost|p1b: Incineroar|atk|1\n|switch|p1b: Sinistcha|Sinistcha, L50|100/100\n|-heal|p1a: Floette|74/100|[from] ability: Hospitality|[of] p1b: Sinistcha\n|move|p2a: Orthworm|Iron Head|p1a: Floette\n|-supereffective|p1a: Floette|1\n|-damage|p1a: Floette|39/100\n|move|p1a: Floette|Moonblast|p2b: Incineroar\n|-damage|p2b: Incineroar|0 fnt\n|faint|p2b: Incineroar\n|\n|-end|p2a: Orthworm|move: Taunt\n|upkeep\n|\n|t:|1776133218\n|switch|p2b: Aggron|Aggron, L50, M, shiny|100/100\n|turn|4\n|inactive|hydreigon_chelas has 30 seconds left.\n|\n|t:|1776133248\n|detailschange|p2b: Aggron|Aggron-Mega, L50, M, shiny\n|-mega|p2b: Aggron|Aggron|Aggronite\n|move|p1a: Floette|Protect|p1a: Floette\n|-singleturn|p1a: Floette|Protect\n|move|p2b: Aggron|Heavy Slam|p1a: Floette\n|-activate|p1a: Floette|move: Protect\n|move|p1b: Sinistcha|Strength Sap|p2b: Aggron\n|-unboost|p2b: Aggron|atk|1\n|move|p2a: Orthworm|Shed Tail|p2a: Orthworm\n|-start|p2a: Orthworm|Substitute|[from] move: Shed Tail\n|-damage|p2a: Orthworm|50/100\n|\n|t:|1776133260\n|switch|p2a: Sinistcha|Sinistcha, L50|100/100|[from] Shed Tail\n|\n|upkeep\n|turn|5\n|\n|t:|1776133268\n|move|p1b: Sinistcha|Rage Powder|p1b: Sinistcha\n|-singleturn|p1b: Sinistcha|move: Rage Powder\n|move|p2b: Aggron|Heavy Slam|p1b: Sinistcha\n|-damage|p1b: Sinistcha|72/100\n|move|p2a: Sinistcha|Matcha Gotcha|p1b: Sinistcha|[spread] p1a,p1b\n|-resisted|p1b: Sinistcha|1\n|-damage|p1a: Floette|29/100\n|-damage|p1b: Sinistcha|58/100\n|move|p1a: Floette|Moonblast|p2b: Aggron\n|-resisted|p2b: Aggron|1\n|-damage|p2b: Aggron|12/100\n|\n|-fieldend|move: Trick Room\n|upkeep\n|turn|6\n|inactive|hydreigon_chelas has 30 seconds left.\n|inactive|hydreigon_chelas has 20 seconds left.\n|inactive|hydreigon_chelas has 15 seconds left.\n|\n|t:|1776133311\n|switch|p1b: Incineroar|Incineroar, L50, M|92/100\n|-ability|p1b: Incineroar|Intimidate|boost\n|-immune|p2a: Sinistcha\n|-unboost|p2b: Aggron|atk|1\n|switch|p2b: Orthworm|Orthworm, L50, F|50/100\n|move|p1a: Floette|Dazzling Gleam|p2b: Orthworm|[spread] p2a,p2b\n|-end|p2a: Sinistcha|Substitute\n|-resisted|p2b: Orthworm|1\n|-damage|p2b: Orthworm|0 fnt\n|faint|p2b: Orthworm\n|move|p2a: Sinistcha|Trick Room|p2a: Sinistcha\n|-fieldstart|move: Trick Room|[of] p2a: Sinistcha\n|\n|upkeep\n|\n|t:|1776133323\n|switch|p2b: Aggron|Aggron-Mega, L50, M, shiny|12/100\n|turn|7\n|\n|t:|1776133342\n|move|p1a: Floette|Protect|p1a: Floette\n|-singleturn|p1a: Floette|Protect\n|move|p2b: Aggron|Earthquake|p1a: Floette|[spread] p2a,p1b\n|-activate|p1a: Floette|move: Protect\n|-resisted|p2a: Sinistcha|1\n|-supereffective|p1b: Incineroar|1\n|-damage|p2a: Sinistcha|92/100\n|-damage|p1b: Incineroar|48/100\n|-enditem|p1b: Incineroar|Sitrus Berry|[eat]\n|-heal|p1b: Incineroar|73/100|[from] item: Sitrus Berry\n|move|p2a: Sinistcha|Life Dew|p2a: Sinistcha|[spread] p2a,p2b\n|-heal|p2a: Sinistcha|100/100\n|-heal|p2b: Aggron|37/100\n|move|p1b: Incineroar|Parting Shot|p2b: Aggron\n|-unboost|p2b: Aggron|atk|1\n|-unboost|p2b: Aggron|spa|1\n|inactive|hydreigon_chelas has 30 seconds left.\n|inactive|hydreigon_chelas has 20 seconds left.\n|inactive|hydreigon_chelas has 15 seconds left.\n|inactive|hydreigon_chelas has 10 seconds left.\n|inactive|hydreigon_chelas has 5 seconds left.\n|\n|t:|1776133394\n|switch|p1b: Sinistcha|Sinistcha, L50|58/100|[from] Parting Shot\n|-heal|p1a: Floette|53/100|[from] ability: Hospitality|[of] p1b: Sinistcha\n|\n|upkeep\n|turn|8\n|\n|t:|1776133408\n|move|p1b: Sinistcha|Rage Powder|p1b: Sinistcha\n|-singleturn|p1b: Sinistcha|move: Rage Powder\n|move|p2b: Aggron|Heavy Slam|p1b: Sinistcha\n|-damage|p1b: Sinistcha|28/100\n|move|p2a: Sinistcha|Life Dew||[still]|[spread] p2a,p2b\n|-fail|p2a: Sinistcha|heal\n|-heal|p2b: Aggron|62/100\n|move|p1a: Floette|Dazzling Gleam|p2a: Sinistcha|[spread] p2a,p2b\n|-resisted|p2b: Aggron|1\n|-enditem|p2a: Sinistcha|Focus Sash\n|-damage|p2a: Sinistcha|1/100\n|-damage|p2b: Aggron|7/100\n|\n|upkeep\n|turn|9\n|inactive|hydreigon_chelas has 30 seconds left.\n|\n|t:|1776133439\n|move|p1b: Sinistcha|Rage Powder|p1b: Sinistcha\n|-singleturn|p1b: Sinistcha|move: Rage Powder\n|move|p2b: Aggron|Heavy Slam|p1b: Sinistcha\n|-crit|p1b: Sinistcha\n|-damage|p1b: Sinistcha|0 fnt\n|faint|p1b: Sinistcha\n|move|p2a: Sinistcha|Matcha Gotcha|p1a: Floette\n|-damage|p1a: Floette|41/100\n|-heal|p2a: Sinistcha|8/100|[from] drain|[of] p1a: Floette\n|move|p1a: Floette|Dazzling Gleam|p2a: Sinistcha|[spread] p2a,p2b\n|-resisted|p2b: Aggron|1\n|-damage|p2a: Sinistcha|0 fnt\n|-damage|p2b: Aggron|0 fnt\n|faint|p2a: Sinistcha\n|faint|p2b: Aggron\n|\n|win|hydreigon_chelas\n|raw|hydreigon_chelas's rating: 1310 &rarr; <strong>1327</strong><br />(+17 for winning)\n|raw|Fishstix412's rating: 1260 &rarr; <strong>1239</strong><br />(-21 for losing)\n|l|\u2606Fishstix412\n|player|p2|\n",
  "uploadtime": 1776133457,
  "views": 21,
  "formatid": "gen9championsvgc2026regma",
  "rating": 1239,
  "private": 0,
  "password": null
}