{
  "id": "gen9championsvgc2026regma-2588863979",
  "format": "[Gen 9 Champions] VGC 2026 Reg M-A",
  "players": [
    "soulo333",
    "SirGenghisKhan"
  ],
  "log": "|j|\u2606soulo333\n|j|\u2606SirGenghisKhan\n|t:|1776679996\n|gametype|doubles\n|player|p1|soulo333|102|1239\n|player|p2|SirGenghisKhan|102|1206\n|gen|9\n|tier|[Gen 9 Champions] VGC 2026 Reg M-A\n|rated|\n|rule|Species Clause: Limit one of each Pok\u00e9mon\n|rule|Item Clause: Limit 1 of each item\n|clearpoke\n|poke|p1|Charizard, L50, M|\n|poke|p1|Sneasler, L50, M|\n|poke|p1|Sinistcha, L50|\n|poke|p1|Incineroar, L50, F|\n|poke|p1|Milotic, L50, F|\n|poke|p1|Tyranitar, L50, M|\n|poke|p2|Froslass, L50, F|\n|poke|p2|Garchomp, L50, F|\n|poke|p2|Rotom-Frost, L50|\n|poke|p2|Empoleon, L50, F|\n|poke|p2|Incineroar, L50, M|\n|poke|p2|Kingambit, L50, M|\n|teampreview|4\n|\n|t:|1776680033\n|teamsize|p1|4\n|teamsize|p2|4\n|start\n|switch|p1a: Milotic|Milotic, L50, F|100/100\n|switch|p1b: Sneasler|Sneasler, L50, M|100/100\n|switch|p2a: Garchomp|Garchomp, L50, F|100/100\n|switch|p2b: Rotom|Rotom-Frost, L50|100/100\n|turn|1\n|\n|t:|1776680050\n|move|p1b: Sneasler|Fake Out|p2a: Garchomp\n|-damage|p2a: Garchomp|87/100\n|-damage|p1b: Sneasler|88/100|[from] ability: Rough Skin|[of] p2a: Garchomp\n|move|p2b: Rotom|Thunderbolt|p1a: Milotic\n|-supereffective|p1a: Milotic|1\n|-damage|p1a: Milotic|48/100\n|cant|p2a: Garchomp|flinch\n|move|p1a: Milotic|Icy Wind|p2b: Rotom|[spread] p2a,p2b\n|-supereffective|p2a: Garchomp|2\n|-resisted|p2b: Rotom|1\n|-damage|p2a: Garchomp|46/100\n|-damage|p2b: Rotom|94/100\n|-unboost|p2a: Garchomp|spe|1\n|-unboost|p2b: Rotom|spe|1\n|-enditem|p2a: Garchomp|White Herb\n|-clearnegativeboost|p2a: Garchomp|[silent]\n|\n|-heal|p1a: Milotic|54/100|[from] item: Leftovers\n|upkeep\n|turn|2\n|\n|t:|1776680068\n|move|p1b: Sneasler|Close Combat|p2a: Garchomp\n|-damage|p2a: Garchomp|0 fnt\n|-unboost|p1b: Sneasler|def|1\n|-unboost|p1b: Sneasler|spd|1\n|-damage|p1b: Sneasler|76/100|[from] ability: Rough Skin|[of] p2a: Garchomp\n|faint|p2a: Garchomp\n|-enditem|p1b: Sneasler|White Herb\n|-clearnegativeboost|p1b: Sneasler|[silent]\n|move|p2b: Rotom|Thunderbolt|p1a: Milotic\n|-supereffective|p1a: Milotic|1\n|-damage|p1a: Milotic|0 fnt\n|faint|p1a: Milotic\n|\n|upkeep\n|\n|t:|1776680081\n|switch|p2a: Froslass|Froslass, L50, F|100/100\n|switch|p1a: Tyranitar|Tyranitar, L50, M|100/100\n|-weather|Sandstorm|[from] ability: Sand Stream|[of] p1a: Tyranitar\n|turn|3\n|\n|t:|1776680096\n|switch|p2b: Kingambit|Kingambit, L50, M|100/100\n|detailschange|p2a: Froslass|Froslass-Mega, L50, F\n|-mega|p2a: Froslass|Froslass|Froslassite\n|-weather|Snowscape|[from] ability: Snow Warning|[of] p2a: Froslass\n|move|p1b: Sneasler|Coaching|p1a: Tyranitar\n|-boost|p1a: Tyranitar|atk|1\n|-boost|p1a: Tyranitar|def|1\n|move|p2a: Froslass|Blizzard|p1b: Sneasler|[spread] p1a,p1b\n|-damage|p1a: Tyranitar|53/100\n|-damage|p1b: Sneasler|13/100\n|move|p1a: Tyranitar|Rock Slide|p2b: Kingambit|[spread] p2a,p2b\n|-supereffective|p2a: Froslass|1\n|-resisted|p2b: Kingambit|1\n|-damage|p2a: Froslass|0 fnt\n|-damage|p2b: Kingambit|80/100\n|faint|p2a: Froslass\n|\n|-weather|Snowscape|[upkeep]\n|upkeep\n|\n|t:|1776680112\n|switch|p2a: Rotom|Rotom-Frost, L50|94/100\n|turn|4\n|\n|t:|1776680118\n|move|p1a: Tyranitar|Protect|p1a: Tyranitar\n|-singleturn|p1a: Tyranitar|Protect\n|move|p1b: Sneasler|Coaching|p1a: Tyranitar\n|-boost|p1a: Tyranitar|atk|1\n|-boost|p1a: Tyranitar|def|1\n|move|p2a: Rotom|Blizzard|p1b: Sneasler|[spread] p1b\n|-activate|p1a: Tyranitar|move: Protect\n|-damage|p1b: Sneasler|0 fnt\n|faint|p1b: Sneasler\n|move|p2b: Kingambit|Low Kick|p1a: Tyranitar\n|-activate|p1a: Tyranitar|move: Protect\n|\n|-weather|Snowscape|[upkeep]\n|upkeep\n|\n|t:|1776680122\n|switch|p1b: Sinistcha|Sinistcha, L50|100/100\n|-heal|p1a: Tyranitar|78/100|[from] ability: Hospitality|[of] p1b: Sinistcha\n|turn|5\n|\n|t:|1776680134\n|detailschange|p1a: Tyranitar|Tyranitar-Mega, L50, M\n|-mega|p1a: Tyranitar|Tyranitar|Tyranitarite\n|-weather|Sandstorm|[from] ability: Sand Stream|[of] p1a: Tyranitar\n|move|p2a: Rotom|Blizzard|p1a: Tyranitar|[spread] p1b\n|-miss|p2a: Rotom|p1a: Tyranitar\n|-supereffective|p1b: Sinistcha|1\n|-damage|p1b: Sinistcha|33/100\n|-status|p1b: Sinistcha|frz\n|move|p2b: Kingambit|Low Kick|p1a: Tyranitar\n|-supereffective|p1a: Tyranitar|2\n|-damage|p1a: Tyranitar|22/100\n|move|p1a: Tyranitar|Rock Slide|p2a: Rotom|[spread] p2b\n|-miss|p1a: Tyranitar|p2a: Rotom\n|-resisted|p2b: Kingambit|1\n|-damage|p2b: Kingambit|50/100\n|-curestatus|p1b: Sinistcha|frz|[msg]\n|move|p1b: Sinistcha|Life Dew|p1b: Sinistcha|[spread] p1a,p1b\n|-heal|p1a: Tyranitar|47/100\n|-heal|p1b: Sinistcha|58/100\n|\n|-weather|Sandstorm|[upkeep]\n|-damage|p2a: Rotom|89/100|[from] Sandstorm\n|-damage|p1b: Sinistcha|51/100|[from] Sandstorm\n|upkeep\n|turn|6\n|\n|t:|1776680156\n|move|p1a: Tyranitar|Protect|p1a: Tyranitar\n|-singleturn|p1a: Tyranitar|Protect\n|move|p2a: Rotom|Blizzard|p1a: Tyranitar|[spread] \n|-activate|p1a: Tyranitar|move: Protect\n|-miss|p2a: Rotom|p1b: Sinistcha\n|move|p2b: Kingambit|Low Kick|p1a: Tyranitar\n|-activate|p1a: Tyranitar|move: Protect\n|move|p1b: Sinistcha|Trick Room|p1b: Sinistcha\n|-fieldstart|move: Trick Room|[of] p1b: Sinistcha\n|\n|-weather|Sandstorm|[upkeep]\n|-damage|p1b: Sinistcha|45/100|[from] Sandstorm\n|-damage|p2a: Rotom|83/100|[from] Sandstorm\n|upkeep\n|turn|7\n|\n|t:|1776680168\n|move|p1b: Sinistcha|Life Dew|p1b: Sinistcha|[spread] p1a,p1b\n|-heal|p1a: Tyranitar|72/100\n|-heal|p1b: Sinistcha|70/100\n|move|p1a: Tyranitar|High Horsepower|p2b: Kingambit\n|-supereffective|p2b: Kingambit|1\n|-damage|p2b: Kingambit|0 fnt\n|faint|p2b: Kingambit\n|move|p2a: Rotom|Blizzard|p1a: Tyranitar|[spread] p1a,p1b\n|-supereffective|p1b: Sinistcha|1\n|-damage|p1a: Tyranitar|51/100\n|-damage|p1b: Sinistcha|0 fnt\n|faint|p1b: Sinistcha\n|\n|-weather|Sandstorm|[upkeep]\n|-damage|p2a: Rotom|78/100|[from] Sandstorm\n|upkeep\n|turn|8\n|\n|t:|1776680182\n|move|p1a: Tyranitar|Crunch|p2a: Rotom\n|-damage|p2a: Rotom|0 fnt\n|faint|p2a: Rotom\n|\n|win|soulo333\n|raw|soulo333's rating: 1239 &rarr; <strong>1262</strong><br />(+23 for winning)\n|raw|SirGenghisKhan's rating: 1206 &rarr; <strong>1183</strong><br />(-23 for losing)\n",
  "uploadtime": 1776680182,
  "views": 8,
  "formatid": "gen9championsvgc2026regma",
  "rating": 1183,
  "private": 0,
  "password": null
}