{
  "id": "gen9championsvgc2026regma-2584015958",
  "format": "[Gen 9 Champions] VGC 2026 Reg M-A",
  "players": [
    "RelaxedRoselia",
    "toririn8000"
  ],
  "log": "|j|\u2606RelaxedRoselia\n|j|\u2606toririn8000\n|t:|1776217019\n|gametype|doubles\n|player|p1|RelaxedRoselia|steven|1231\n|player|p2|toririn8000|rosa|1257\n|gen|9\n|tier|[Gen 9 Champions] VGC 2026 Reg M-A\n|rated|\n|rule|Species Clause: Limit one of each Pok\u00e9mon\n|rule|Item Clause: Limit 1 of each item\n|clearpoke\n|poke|p1|Crabominable, L50, F|\n|poke|p1|Sinistcha, L50|\n|poke|p1|Farigiraf, L50, F|\n|poke|p1|Kingambit, L50, M|\n|poke|p1|Sneasler, L50, F|\n|poke|p1|Drampa, L50, M|\n|poke|p2|Rotom-Wash, L50|\n|poke|p2|Volcarona, L50, F|\n|poke|p2|Kommo-o, L50, M|\n|poke|p2|Aegislash, L50, M|\n|poke|p2|Sinistcha, L50|\n|poke|p2|Aggron, L50, M|\n|teampreview|4\n|inactive|Battle timer is ON: inactive players will automatically lose when time's up. (requested by toririn8000)\n|inactive|toririn8000 has 60 seconds left.\n|\n|t:|1776217075\n|teamsize|p1|4\n|teamsize|p2|4\n|start\n|switch|p1a: Sneasler|Sneasler, L50, F|100/100\n|switch|p1b: Farigiraf|Farigiraf, L50, F|100/100\n|switch|p2a: Volcarona|Volcarona, L50, F|100/100\n|switch|p2b: Aggron|Aggron, L50, M|100/100\n|turn|1\n|inactive|RelaxedRoselia has 30 seconds left.\n|\n|t:|1776217104\n|detailschange|p2b: Aggron|Aggron-Mega, L50, M\n|-mega|p2b: Aggron|Aggron|Aggronite\n|move|p1a: Sneasler|Fake Out|p2a: Volcarona\n|-damage|p2a: Volcarona|87/100\n|-status|p1a: Sneasler|brn|[from] ability: Flame Body|[of] p2a: Volcarona\n|-status|p2a: Volcarona|psn|[from] ability: Poison Touch|[of] p1a: Sneasler\n|cant|p2a: Volcarona|flinch\n|move|p2b: Aggron|Iron Defense|p2b: Aggron\n|-boost|p2b: Aggron|def|2\n|move|p1b: Farigiraf|Trick Room|p1b: Farigiraf\n|-fieldstart|move: Trick Room|[of] p1b: Farigiraf\n|\n|-damage|p2a: Volcarona|75/100 psn|[from] psn\n|-damage|p1a: Sneasler|95/100 brn|[from] brn\n|upkeep\n|turn|2\n|\n|t:|1776217126\n|move|p2b: Aggron|Iron Defense|p2b: Aggron\n|-boost|p2b: Aggron|def|2\n|move|p1b: Farigiraf|Psychic|p2b: Aggron\n|-resisted|p2b: Aggron|1\n|-damage|p2b: Aggron|87/100\n|move|p2a: Volcarona|Struggle Bug|p1a: Sneasler|[spread] p1a,p1b\n|-resisted|p1a: Sneasler|2\n|-supereffective|p1b: Farigiraf|1\n|-damage|p1a: Sneasler|90/100 brn\n|-damage|p1b: Farigiraf|69/100\n|-unboost|p1a: Sneasler|spa|1\n|-unboost|p1b: Farigiraf|spa|1\n|move|p1a: Sneasler|Close Combat|p2b: Aggron\n|-supereffective|p2b: Aggron|1\n|-damage|p2b: Aggron|79/100\n|-unboost|p1a: Sneasler|def|1\n|-unboost|p1a: Sneasler|spd|1\n|\n|-damage|p2a: Volcarona|62/100 psn|[from] psn\n|-damage|p1a: Sneasler|84/100 brn|[from] brn\n|upkeep\n|turn|3\n|inactive|RelaxedRoselia has 30 seconds left.\n|inactive|toririn8000 has 30 seconds left.\n|\n|t:|1776217157\n|switch|p2a: Sinistcha|Sinistcha, L50|100/100\n|-heal|p2b: Aggron|100/100|[from] ability: Hospitality|[of] p2a: Sinistcha\n|move|p2b: Aggron|Body Press|p1b: Farigiraf\n|-damage|p1b: Farigiraf|0 fnt\n|faint|p1b: Farigiraf\n|move|p1a: Sneasler|U-turn|p2a: Sinistcha\n|-crit|p2a: Sinistcha\n|-damage|p2a: Sinistcha|85/100\n|-status|p2a: Sinistcha|psn|[from] ability: Poison Touch|[of] p1a: Sneasler\n|\n|t:|1776217169\n|switch|p1a: Kingambit|Kingambit, L50, M|100/100|[from] U-turn\n|\n|-damage|p2a: Sinistcha|73/100 psn|[from] psn\n|upkeep\n|\n|t:|1776217175\n|switch|p1b: Crabominable|Crabominable, L50, F|100/100\n|turn|4\n|\n|t:|1776217190\n|switch|p2a: Volcarona|Volcarona, L50, F|62/100 psn\n|detailschange|p1b: Crabominable|Crabominable-Mega, L50, F\n|-mega|p1b: Crabominable|Crabominable|Crabominite\n|move|p1b: Crabominable|Drain Punch|p2b: Aggron\n|-supereffective|p2b: Aggron|1\n|-damage|p2b: Aggron|85/100\n|move|p1a: Kingambit|Swords Dance|p1a: Kingambit\n|-boost|p1a: Kingambit|atk|2\n|move|p2b: Aggron|Body Press|p1b: Crabominable\n|-supereffective|p1b: Crabominable|1\n|-damage|p1b: Crabominable|0 fnt\n|faint|p1b: Crabominable\n|\n|-damage|p2a: Volcarona|50/100 psn|[from] psn\n|upkeep\n|\n|t:|1776217207\n|switch|p1b: Sneasler|Sneasler, L50, F|84/100 brn\n|turn|5\n|inactive|RelaxedRoselia has 30 seconds left.\n|\n|t:|1776217234\n|move|p1b: Sneasler|Fake Out|p2a: Volcarona\n|-damage|p2a: Volcarona|44/100 psn\n|move|p1a: Kingambit|Kowtow Cleave|p2b: Aggron\n|-damage|p2b: Aggron|66/100\n|move|p2b: Aggron|Body Press|p1a: Kingambit\n|-supereffective|p1a: Kingambit|2\n|-damage|p1a: Kingambit|0 fnt\n|faint|p1a: Kingambit\n|cant|p2a: Volcarona|flinch\n|\n|-damage|p2a: Volcarona|31/100 psn|[from] psn\n|-damage|p1b: Sneasler|78/100 brn|[from] brn\n|-fieldend|move: Trick Room\n|upkeep\n|turn|6\n|\n|t:|1776217250\n|move|p1b: Sneasler|Dire Claw|p2a: Volcarona\n|-damage|p2a: Volcarona|11/100 psn\n|move|p2a: Volcarona|Heat Wave|p1b: Sneasler\n|-damage|p1b: Sneasler|24/100 brn\n|move|p2b: Aggron|Body Press|p1b: Sneasler\n|-resisted|p1b: Sneasler|1\n|-damage|p1b: Sneasler|0 fnt\n|faint|p1b: Sneasler\n|\n|win|toririn8000\n|raw|RelaxedRoselia's rating: 1231 &rarr; <strong>1208</strong><br />(-23 for losing)\n|raw|toririn8000's rating: 1257 &rarr; <strong>1280</strong><br />(+23 for winning)\n|l|\u2606RelaxedRoselia\n|player|p1|\n",
  "uploadtime": 1776217264,
  "views": 24,
  "formatid": "gen9championsvgc2026regma",
  "rating": 1208,
  "private": 0,
  "password": null
}