{
  "id": "gen9championsvgc2026regma-2583045292",
  "format": "[Gen 9 Champions] VGC 2026 Reg M-A",
  "players": [
    "tomcheung22",
    "ace trainer hayato"
  ],
  "log": "|j|\u2606tomcheung22\n|j|\u2606ace trainer hayato\n|t:|1776136255\n|gametype|doubles\n|player|p1|tomcheung22|bianca|\n|player|p2|ace trainer hayato|265|\n|gen|9\n|tier|[Gen 9 Champions] VGC 2026 Reg M-A\n|rated|Tournament battle\n|rule|Species Clause: Limit one of each Pok\u00e9mon\n|rule|Item Clause: Limit 1 of each item\n|raw|<div class=\"infobox\"><details class=\"readmore\" open><summary><strong>1 custom rule:</strong></summary> Force Open Team Sheets</details></div>\n|clearpoke\n|poke|p1|Scizor, L50, F|\n|poke|p1|Aerodactyl, L50, F|\n|poke|p1|Tyranitar, L50, M|\n|poke|p1|Excadrill, L50, M|\n|poke|p1|Farigiraf, L50, M|\n|poke|p1|Milotic, L50, M|\n|poke|p2|Skarmory, L50, F|\n|poke|p2|Glimmora, L50, F|\n|poke|p2|Sinistcha, L50|\n|poke|p2|Tyranitar, L50, F|\n|poke|p2|Meowstic, L50, M|\n|poke|p2|Tauros-Paldea-Blaze, L50, M|\n|teampreview|4\n|showteam|p1|Scizor||WhiteHerb|Technician|BulletPunch,CloseCombat,Uturn,Protect|||F|||50|]Aerodactyl||Aerodactylite|Unnerve|RockSlide,DualWingbeat,IceFang,Protect|||F|||50|]Tyranitar||ChopleBerry|SandStream|RockSlide,HighHorsepower,KnockOff,Protect|||M|||50|]Excadrill||FocusSash|SandRush|IronHead,HighHorsepower,SwordsDance,Protect|||M|||50|]Farigiraf||LumBerry|ArmorTail|TwinBeam,HyperVoice,Imprison,TrickRoom|||M|||50|]Milotic||WacanBerry|Competitive|Scald,IcyWind,Recover,Hypnosis|||M|||50|\n|showteam|p2|Skarmory||Skarmorite|WeakArmor|IronHead,BraveBird,Protect,SwordsDance|||F|||50|]Glimmora||Glimmoranite|ToxicDebris|PowerGem,SludgeBomb,SpikyShield,EarthPower|||F|||50|]Sinistcha||SitrusBerry|Hospitality|StrengthSap,MatchaGotcha,RagePowder,LifeDew||||||50|]Tyranitar||BlackGlasses|SandStream|Assurance,RockBlast,Protect,Earthquake|||F|||50|]Meowstic||MentalHerb|Prankster|LightScreen,Reflect,Psychic,FakeOut|||M|||50|]Tauros-Paldea-Blaze||Leftovers|Intimidate|RagingBull,CloseCombat,Protect,RockSlide|||M|||50|\n|inactive|Battle timer is ON: inactive players will automatically lose when time's up. (requested by ace trainer hayato)\n|\n|t:|1776136336\n|teamsize|p1|4\n|teamsize|p2|4\n|start\n|switch|p1a: Aerodactyl|Aerodactyl, L50, F|100/100\n|switch|p1b: Milotic|Milotic, L50, M|100/100\n|switch|p2a: Skarmory|Skarmory, L50, F|100/100\n|switch|p2b: Meowstic|Meowstic, L50, M|100/100\n|-ability|p1a: Aerodactyl|Unnerve\n|turn|1\n|\n|t:|1776136350\n|detailschange|p1a: Aerodactyl|Aerodactyl-Mega, L50, F\n|-mega|p1a: Aerodactyl|Aerodactyl|Aerodactylite\n|move|p2b: Meowstic|Fake Out|p1a: Aerodactyl\n|-resisted|p1a: Aerodactyl|1\n|-damage|p1a: Aerodactyl|97/100\n|cant|p1a: Aerodactyl|flinch\n|move|p1b: Milotic|Icy Wind|p2b: Meowstic|[spread] p2a,p2b\n|-damage|p2a: Skarmory|83/100\n|-damage|p2b: Meowstic|89/100\n|-unboost|p2a: Skarmory|spe|1\n|-unboost|p2b: Meowstic|spe|1\n|move|p2a: Skarmory|Swords Dance|p2a: Skarmory\n|-boost|p2a: Skarmory|atk|2\n|\n|upkeep\n|turn|2\n|\n|t:|1776136371\n|detailschange|p2a: Skarmory|Skarmory-Mega, L50, F\n|-mega|p2a: Skarmory|Skarmory|Skarmorite\n|move|p2b: Meowstic|Reflect|p2b: Meowstic\n|-sidestart|p2: ace trainer hayato|Reflect\n|move|p1a: Aerodactyl|Rock Slide|p2b: Meowstic|[spread] p2a,p2b\n|-damage|p2a: Skarmory|63/100\n|-damage|p2b: Meowstic|67/100\n|move|p1b: Milotic|Hypnosis|p2a: Skarmory|[miss]\n|-miss|p1b: Milotic|p2a: Skarmory\n|move|p2a: Skarmory|Iron Head|p1a: Aerodactyl\n|-supereffective|p1a: Aerodactyl|1\n|-damage|p1a: Aerodactyl|0 fnt\n|faint|p1a: Aerodactyl\n|\n|upkeep\n|\n|t:|1776136382\n|switch|p1a: Excadrill|Excadrill, L50, M|100/100\n|turn|3\n|\n|t:|1776136392\n|move|p2b: Meowstic|Light Screen|p2b: Meowstic\n|-sidestart|p2: ace trainer hayato|move: Light Screen\n|move|p1a: Excadrill|Swords Dance|p1a: Excadrill\n|-boost|p1a: Excadrill|atk|2\n|move|p1b: Milotic|Scald|p2a: Skarmory\n|-damage|p2a: Skarmory|35/100\n|-status|p2a: Skarmory|brn\n|move|p2a: Skarmory|Brave Bird|p1b: Milotic\n|-damage|p1b: Milotic|47/100\n|-damage|p2a: Skarmory|10/100 brn|[from] Recoil\n|\n|-damage|p2a: Skarmory|4/100 brn|[from] brn\n|upkeep\n|turn|4\n|inactive|tomcheung22 has 30 seconds left.\n|\n|t:|1776136422\n|switch|p2b: Sinistcha|Sinistcha, L50|100/100\n|-heal|p2a: Skarmory|29/100 brn|[from] ability: Hospitality|[of] p2b: Sinistcha\n|move|p1a: Excadrill|High Horsepower|p2b: Sinistcha\n|-resisted|p2b: Sinistcha|1\n|-damage|p2b: Sinistcha|64/100\n|move|p1b: Milotic|Scald|p2a: Skarmory\n|-damage|p2a: Skarmory|2/100 brn\n|move|p2a: Skarmory|Brave Bird|p1b: Milotic\n|-damage|p1b: Milotic|0 fnt\n|faint|p1b: Milotic\n|-damage|p2a: Skarmory|0 fnt|[from] Recoil\n|faint|p2a: Skarmory\n|\n|upkeep\n|\n|t:|1776136438\n|switch|p2a: Meowstic|Meowstic, L50, M|67/100\n|switch|p1b: Tyranitar|Tyranitar, L50, M|100/100\n|-weather|Sandstorm|[from] ability: Sand Stream|[of] p1b: Tyranitar\n|turn|5\n|j| TG511\n|\n|t:|1776136456\n|move|p1a: Excadrill|Protect|p1a: Excadrill\n|-singleturn|p1a: Excadrill|Protect\n|move|p1b: Tyranitar|Protect|p1b: Tyranitar\n|-singleturn|p1b: Tyranitar|Protect\n|move|p2a: Meowstic|Fake Out|p1a: Excadrill\n|-activate|p1a: Excadrill|move: Protect\n|move|p2b: Sinistcha|Matcha Gotcha|p1b: Tyranitar|[spread] \n|-activate|p1a: Excadrill|move: Protect\n|-activate|p1b: Tyranitar|move: Protect\n|\n|-weather|Sandstorm|[upkeep]\n|-damage|p2a: Meowstic|61/100|[from] Sandstorm\n|-damage|p2b: Sinistcha|57/100|[from] Sandstorm\n|upkeep\n|turn|6\n|l| TG511\n|\n|t:|1776136481\n|switch|p2a: Tauros|Tauros-Paldea-Blaze, L50, M|100/100\n|-ability|p2a: Tauros|Intimidate|boost\n|-unboost|p1a: Excadrill|atk|1\n|-unboost|p1b: Tyranitar|atk|1\n|move|p1a: Excadrill|High Horsepower|p2a: Tauros\n|-supereffective|p2a: Tauros|1\n|-damage|p2a: Tauros|0 fnt\n|faint|p2a: Tauros\n|move|p1b: Tyranitar|Knock Off|p2b: Sinistcha\n|-supereffective|p2b: Sinistcha|1\n|-crit|p2b: Sinistcha\n|-damage|p2b: Sinistcha|0 fnt\n|-enditem|p2b: Sinistcha|Sitrus Berry|[from] move: Knock Off|[of] p1b: Tyranitar\n|faint|p2b: Sinistcha\n|\n|-weather|Sandstorm|[upkeep]\n|-sideend|p2: ace trainer hayato|Reflect\n|upkeep\n|\n|t:|1776136489\n|switch|p2b: Meowstic|Meowstic, L50, M|61/100\n|turn|7\n|\n|t:|1776136494\n|move|p1a: Excadrill|Iron Head|p2b: Meowstic\n|-damage|p2b: Meowstic|0 fnt\n|faint|p2b: Meowstic\n|\n|win|tomcheung22\n|n|\u2606tomcheung22|tomcheung22\n|n|\u2606ace trainer hayato|acetrainerhayato\n|l|\u2606ace trainer hayato\n|player|p2|\n",
  "uploadtime": 1776136994,
  "views": 11,
  "formatid": "gen9championsvgc2026regma",
  "rating": null,
  "private": 0,
  "password": null
}