{
  "id": "gen9championsvgc2026regma-2581707760",
  "format": "[Gen 9 Champions] VGC 2026 Reg M-A",
  "players": [
    "Prtbl_Trash",
    "LittleGostos"
  ],
  "log": "|j|\u2606Prtbl_Trash\n|j|\u2606LittleGostos\n|t:|1776022301\n|gametype|doubles\n|player|p1|Prtbl_Trash|ortega|1102\n|player|p2|LittleGostos|gambler|1045\n|gen|9\n|tier|[Gen 9 Champions] VGC 2026 Reg M-A\n|rated|\n|rule|Species Clause: Limit one of each Pok\u00e9mon\n|rule|Item Clause: Limit 1 of each item\n|clearpoke\n|poke|p1|Chimecho, L50, M|\n|poke|p1|Sinistcha, L50|\n|poke|p1|Incineroar, L50, F|\n|poke|p1|Blastoise, L50, M|\n|poke|p1|Sneasler, L50, M|\n|poke|p1|Mimikyu, L50, M|\n|poke|p2|Whimsicott, L50, M|\n|poke|p2|Dragapult, L50, M|\n|poke|p2|Hatterene, L50, F|\n|poke|p2|Sharpedo, L50, F|\n|poke|p2|Infernape, L50, F|\n|poke|p2|Goodra-Hisui, L50, F|\n|teampreview|4\n|inactive|Battle timer is ON: inactive players will automatically lose when time's up. (requested by Prtbl_Trash)\n|\n|t:|1776022342\n|teamsize|p1|4\n|teamsize|p2|4\n|start\n|switch|p1a: Chimecho|Chimecho, L50, M|100/100\n|switch|p1b: Incineroar|Incineroar, L50, F|100/100\n|switch|p2a: Infernape|Infernape, L50, F|100/100\n|switch|p2b: Hatterene|Hatterene, L50, F|100/100\n|-ability|p1b: Incineroar|Intimidate|boost\n|-unboost|p2a: Infernape|atk|1\n|-unboost|p2b: Hatterene|atk|1\n|turn|1\n|\n|t:|1776022356\n|detailschange|p1a: Chimecho|Chimecho-Mega, L50, M\n|-mega|p1a: Chimecho|Chimecho|Chimechite\n|move|p1b: Incineroar|Fake Out|p2a: Infernape\n|-damage|p2a: Infernape|83/100\n|cant|p2a: Infernape|flinch\n|move|p1a: Chimecho|Psychic|p2a: Infernape\n|-supereffective|p2a: Infernape|1\n|-damage|p2a: Infernape|0 fnt\n|faint|p2a: Infernape\n|move|p2b: Hatterene|Dazzling Gleam|p1a: Chimecho|[spread] p1a,p1b\n|-resisted|p1a: Chimecho|1\n|-damage|p1a: Chimecho|85/100\n|-damage|p1b: Incineroar|69/100\n|\n|upkeep\n|\n|t:|1776022370\n|switch|p2a: Goodra|Goodra-Hisui, L50, F|100/100\n|turn|2\n|\n|t:|1776022379\n|move|p2a: Goodra|Draco Meteor|p1b: Incineroar\n|-damage|p1b: Incineroar|25/100\n|-unboost|p2a: Goodra|spa|2\n|-enditem|p1b: Incineroar|Sitrus Berry|[eat]\n|-heal|p1b: Incineroar|50/100|[from] item: Sitrus Berry\n|move|p1b: Incineroar|Parting Shot|p2a: Goodra\n|-unboost|p2a: Goodra|atk|1\n|-unboost|p2a: Goodra|spa|1\n|\n|t:|1776022389\n|switch|p1b: Mimikyu|Mimikyu, L50, M|100/100|[from] Parting Shot\n|move|p1a: Chimecho|Calm Mind|p1a: Chimecho\n|-boost|p1a: Chimecho|spa|1\n|-boost|p1a: Chimecho|spd|1\n|move|p2b: Hatterene|Shadow Ball|p1a: Chimecho\n|-supereffective|p1a: Chimecho|1\n|-damage|p1a: Chimecho|49/100\n|-unboost|p1a: Chimecho|spd|1\n|\n|upkeep\n|turn|3\n|\n|t:|1776022411\n|switch|p2a: Sharpedo|Sharpedo, L50, F|100/100\n|move|p1b: Mimikyu|Play Rough|p2a: Sharpedo\n|-supereffective|p2a: Sharpedo|1\n|-damage|p2a: Sharpedo|0 fnt\n|faint|p2a: Sharpedo\n|move|p1a: Chimecho|Recover|p1a: Chimecho\n|-heal|p1a: Chimecho|99/100\n|move|p2b: Hatterene|Shadow Ball|p1a: Chimecho\n|-supereffective|p1a: Chimecho|1\n|-damage|p1a: Chimecho|44/100\n|\n|upkeep\n|\n|t:|1776022416\n|switch|p2a: Goodra|Goodra-Hisui, L50, F|100/100\n|turn|4\n|\n|t:|1776022436\n|move|p1b: Mimikyu|Play Rough|p2a: Goodra\n|-damage|p2a: Goodra|62/100\n|move|p2a: Goodra|Flash Cannon|p1b: Mimikyu\n|-activate|p1b: Mimikyu|ability: Disguise\n|-damage|p1b: Mimikyu|100/100\n|detailschange|p1b: Mimikyu|Mimikyu-Busted, L50, M\n|-damage|p1b: Mimikyu|88/100|[from] pokemon: Mimikyu-Busted\n|move|p1a: Chimecho|Calm Mind|p1a: Chimecho\n|-boost|p1a: Chimecho|spa|1\n|-boost|p1a: Chimecho|spd|1\n|move|p2b: Hatterene|Dazzling Gleam|p1b: Mimikyu|[spread] p1a,p1b\n|-resisted|p1a: Chimecho|1\n|-crit|p1b: Mimikyu\n|-damage|p1a: Chimecho|34/100\n|-damage|p1b: Mimikyu|26/100\n|\n|-heal|p2a: Goodra|68/100|[from] item: Leftovers\n|upkeep\n|turn|5\n|\n|t:|1776022454\n|move|p1b: Mimikyu|Play Rough|p2a: Goodra\n|-damage|p2a: Goodra|31/100\n|move|p2a: Goodra|Flash Cannon|p1b: Mimikyu\n|-supereffective|p1b: Mimikyu|1\n|-damage|p1b: Mimikyu|0 fnt\n|faint|p1b: Mimikyu\n|move|p1a: Chimecho|Recover|p1a: Chimecho\n|-heal|p1a: Chimecho|84/100\n|move|p2b: Hatterene|Shadow Ball|p1a: Chimecho\n|-supereffective|p1a: Chimecho|1\n|-damage|p1a: Chimecho|47/100\n|-unboost|p1a: Chimecho|spd|1\n|\n|-heal|p2a: Goodra|37/100|[from] item: Leftovers\n|upkeep\n|\n|t:|1776022469\n|switch|p1b: Blastoise|Blastoise, L50, M|100/100\n|turn|6\n|\n|t:|1776022476\n|move|p1b: Blastoise|Fake Out|p2b: Hatterene\n|-damage|p2b: Hatterene|90/100\n|move|p2a: Goodra|Life Dew|p2a: Goodra|[spread] p2a,p2b\n|-heal|p2a: Goodra|62/100\n|-heal|p2b: Hatterene|100/100\n|move|p1a: Chimecho|Calm Mind|p1a: Chimecho\n|-boost|p1a: Chimecho|spa|1\n|-boost|p1a: Chimecho|spd|1\n|cant|p2b: Hatterene|flinch\n|\n|-heal|p2a: Goodra|68/100|[from] item: Leftovers\n|upkeep\n|turn|7\n|\n|t:|1776022494\n|move|p1b: Blastoise|Flip Turn|p2b: Hatterene\n|-damage|p2b: Hatterene|78/100\n|\n|t:|1776022496\n|switch|p1b: Incineroar|Incineroar, L50, F|50/100|[from] Flip Turn\n|-ability|p1b: Incineroar|Intimidate|boost\n|-unboost|p2a: Goodra|atk|1\n|-unboost|p2b: Hatterene|atk|1\n|move|p2a: Goodra|Flash Cannon|p1a: Chimecho\n|-resisted|p1a: Chimecho|1\n|-damage|p1a: Chimecho|37/100\n|move|p1a: Chimecho|Recover|p1a: Chimecho\n|-heal|p1a: Chimecho|88/100\n|move|p2b: Hatterene|Shadow Ball|p1a: Chimecho\n|-supereffective|p1a: Chimecho|1\n|-damage|p1a: Chimecho|53/100\n|\n|-heal|p2a: Goodra|73/100|[from] item: Leftovers\n|upkeep\n|turn|8\n|\n|t:|1776022519\n|move|p1b: Incineroar|Fake Out|p2b: Hatterene\n|-damage|p2b: Hatterene|63/100\n|move|p2a: Goodra|Life Dew|p2a: Goodra|[spread] p2a,p2b\n|-heal|p2a: Goodra|99/100\n|-heal|p2b: Hatterene|88/100\n|move|p1a: Chimecho|Calm Mind|p1a: Chimecho\n|-boost|p1a: Chimecho|spa|1\n|-boost|p1a: Chimecho|spd|1\n|cant|p2b: Hatterene|flinch\n|\n|-heal|p2a: Goodra|100/100|[from] item: Leftovers\n|upkeep\n|turn|9\n|\n|t:|1776022533\n|move|p2a: Goodra|Flash Cannon|p1b: Incineroar\n|-resisted|p1b: Incineroar|1\n|-damage|p1b: Incineroar|36/100\n|-unboost|p1b: Incineroar|spd|1\n|move|p1b: Incineroar|Flare Blitz|p2a: Goodra\n|-damage|p2a: Goodra|60/100\n|-damage|p1b: Incineroar|26/100|[from] Recoil\n|move|p1a: Chimecho|Dazzling Gleam|p2b: Hatterene|[spread] p2a,p2b\n|-damage|p2a: Goodra|13/100\n|-damage|p2b: Hatterene|11/100\n|move|p2b: Hatterene|Dazzling Gleam|p1b: Incineroar|[spread] p1a,p1b\n|-resisted|p1a: Chimecho|1\n|-damage|p1a: Chimecho|45/100\n|-damage|p1b: Incineroar|0 fnt\n|faint|p1b: Incineroar\n|\n|-heal|p2a: Goodra|19/100|[from] item: Leftovers\n|upkeep\n|\n|t:|1776022548\n|switch|p1b: Blastoise|Blastoise, L50, M|100/100\n|turn|10\n|\n|t:|1776022554\n|move|p1b: Blastoise|Fake Out|p2a: Goodra\n|-resisted|p2a: Goodra|1\n|-damage|p2a: Goodra|16/100\n|cant|p2a: Goodra|flinch\n|move|p1a: Chimecho|Dazzling Gleam|p2b: Hatterene|[spread] p2a,p2b\n|-damage|p2a: Goodra|0 fnt\n|-damage|p2b: Hatterene|0 fnt\n|faint|p2a: Goodra\n|faint|p2b: Hatterene\n|\n|win|Prtbl_Trash\n|raw|Prtbl_Trash's rating: 1102 &rarr; <strong>1123</strong><br />(+21 for winning)\n|raw|LittleGostos's rating: 1045 &rarr; <strong>1031</strong><br />(-14 for losing)\n|l|\u2606LittleGostos\n|player|p2|\n",
  "uploadtime": 1776022581,
  "views": 13,
  "formatid": "gen9championsvgc2026regma",
  "rating": 1031,
  "private": 0,
  "password": null
}