{
  "id": "gen9championsvgc2026regma-2585461924",
  "format": "[Gen 9 Champions] VGC 2026 Reg M-A",
  "players": [
    "IUltimateMage",
    "shen51999"
  ],
  "log": "|j|\u2606IUltimateMage\n|j|\u2606shen51999\n|t:|1776348883\n|gametype|doubles\n|player|p1|IUltimateMage|101|1116\n|player|p2|shen51999|170|1073\n|gen|9\n|tier|[Gen 9 Champions] VGC 2026 Reg M-A\n|rated|\n|rule|Species Clause: Limit one of each Pok\u00e9mon\n|rule|Item Clause: Limit 1 of each item\n|clearpoke\n|poke|p1|Gengar, L50, F|\n|poke|p1|Incineroar, L50, F|\n|poke|p1|Whimsicott, L50, M|\n|poke|p1|Sneasler, L50, F|\n|poke|p1|Primarina, L50, F|\n|poke|p1|Farigiraf, L50, F|\n|poke|p2|Dragonite, L50, M|\n|poke|p2|Farigiraf, L50, M|\n|poke|p2|Charizard, L50, M|\n|poke|p2|Aegislash, L50, F|\n|poke|p2|Whimsicott, L50, M|\n|poke|p2|Blastoise, L50, F|\n|teampreview|4\n|inactive|Battle timer is ON: inactive players will automatically lose when time's up. (requested by shen51999)\n|\n|t:|1776348924\n|teamsize|p1|4\n|teamsize|p2|4\n|start\n|switch|p1a: Farigiraf|Farigiraf, L50, F|100/100\n|switch|p1b: Gengar|Gengar, L50, F|100/100\n|switch|p2a: Charizard|Charizard, L50, M|100/100\n|switch|p2b: Blastoise|Blastoise, L50, F|100/100\n|turn|1\n|inactive|shen51999 has 30 seconds left.\n|\n|t:|1776348958\n|switch|p1a: Whimsicott|Whimsicott, L50, M|100/100\n|detailschange|p2a: Charizard|Charizard-Mega-Y, L50, M\n|-mega|p2a: Charizard|Charizard|Charizardite Y\n|-weather|SunnyDay|[from] ability: Drought|[of] p2a: Charizard\n|detailschange|p1b: Gengar|Gengar-Mega, L50, F\n|-mega|p1b: Gengar|Gengar|Gengarite\n|move|p1b: Gengar|Protect|p1b: Gengar\n|-singleturn|p1b: Gengar|Protect\n|move|p2a: Charizard|Heat Wave|p1a: Whimsicott|[spread] p1a\n|-activate|p1b: Gengar|move: Protect\n|-supereffective|p1a: Whimsicott|1\n|-enditem|p1a: Whimsicott|Focus Sash\n|-damage|p1a: Whimsicott|1/100\n|move|p2b: Blastoise|Ice Beam|p1a: Whimsicott\n|-supereffective|p1a: Whimsicott|1\n|-damage|p1a: Whimsicott|0 fnt\n|faint|p1a: Whimsicott\n|\n|-weather|SunnyDay|[upkeep]\n|upkeep\n|\n|t:|1776348975\n|switch|p1a: Primarina|Primarina, L50, F|100/100\n|turn|2\n|inactive|shen51999 has 30 seconds left.\n|\n|t:|1776349006\n|move|p1b: Gengar|Sludge Bomb|p2a: Charizard\n|-damage|p2a: Charizard|32/100\n|-status|p2a: Charizard|psn\n|move|p2a: Charizard|Heat Wave|p1a: Primarina|[spread] p1a,p1b\n|-resisted|p1a: Primarina|1\n|-damage|p1a: Primarina|72/100\n|-damage|p1b: Gengar|14/100\n|move|p2b: Blastoise|Ice Beam|p1b: Gengar\n|-damage|p1b: Gengar|0 fnt\n|faint|p1b: Gengar\n|move|p1a: Primarina|Hyper Voice|p2b: Blastoise|[spread] p2a,p2b\n|-supereffective|p2a: Charizard|1\n|-resisted|p2b: Blastoise|1\n|-damage|p2a: Charizard|0 fnt\n|-damage|p2b: Blastoise|92/100\n|faint|p2a: Charizard\n|\n|-weather|SunnyDay|[upkeep]\n|-heal|p1a: Primarina|78/100|[from] item: Leftovers\n|upkeep\n|\n|t:|1776349025\n|switch|p1b: Farigiraf|Farigiraf, L50, F|100/100\n|switch|p2a: Farigiraf|Farigiraf, L50, M|100/100\n|turn|3\n|inactive|IUltimateMage has 30 seconds left.\n|\n|t:|1776349055\n|move|p1a: Primarina|Protect|p1a: Primarina\n|-singleturn|p1a: Primarina|Protect\n|move|p2b: Blastoise|Ice Beam|p1b: Farigiraf\n|-damage|p1b: Farigiraf|81/100\n|move|p2a: Farigiraf|Light Screen|p2a: Farigiraf\n|-sidestart|p2: shen51999|move: Light Screen\n|move|p1b: Farigiraf|Trick Room|p1b: Farigiraf\n|-fieldstart|move: Trick Room|[of] p1b: Farigiraf\n|\n|-weather|SunnyDay|[upkeep]\n|-heal|p1a: Primarina|83/100|[from] item: Leftovers\n|upkeep\n|turn|4\n|inactive|IUltimateMage has 30 seconds left.\n|\n|t:|1776349086\n|move|p1a: Primarina|Moonblast|p2b: Blastoise\n|-damage|p2b: Blastoise|62/100\n|move|p2a: Farigiraf|Dazzling Gleam|p1b: Farigiraf|[spread] p1a,p1b\n|-damage|p1a: Primarina|71/100\n|-damage|p1b: Farigiraf|67/100\n|move|p1b: Farigiraf|Psychic|p2b: Blastoise\n|-damage|p2b: Blastoise|35/100\n|move|p2b: Blastoise|Ice Beam|p1b: Farigiraf\n|-crit|p1b: Farigiraf\n|-damage|p1b: Farigiraf|38/100\n|-enditem|p1b: Farigiraf|Sitrus Berry|[eat]\n|-heal|p1b: Farigiraf|63/100|[from] item: Sitrus Berry\n|\n|-weather|SunnyDay|[upkeep]\n|-heal|p1a: Primarina|76/100|[from] item: Leftovers\n|upkeep\n|turn|5\n|inactive|IUltimateMage has 30 seconds left.\n|inactive|shen51999 has 30 seconds left.\n|inactive|IUltimateMage has 20 seconds left.\n|\n|t:|1776349126\n|move|p1a: Primarina|Moonblast|p2b: Blastoise\n|-damage|p2b: Blastoise|3/100\n|move|p1b: Farigiraf|Psychic|p2b: Blastoise\n|-damage|p2b: Blastoise|0 fnt\n|faint|p2b: Blastoise\n|move|p2a: Farigiraf|Psychic|p1a: Primarina\n|-damage|p1a: Primarina|47/100\n|\n|-weather|none\n|-heal|p1a: Primarina|53/100|[from] item: Leftovers\n|upkeep\n|\n|t:|1776349138\n|switch|p2b: Dragonite|Dragonite, L50, M|100/100\n|turn|6\n|inactive|shen51999 has 30 seconds left.\n|-activate|p2a: Farigiraf|item: Quick Claw\n|\n|t:|1776349169\n|move|p2a: Farigiraf|Psychic|p1a: Primarina\n|-damage|p1a: Primarina|22/100\n|move|p1a: Primarina|Moonblast|p2b: Dragonite\n|-supereffective|p2b: Dragonite|1\n|-damage|p2b: Dragonite|62/100\n|move|p1b: Farigiraf|Imprison|p1b: Farigiraf\n|-start|p1b: Farigiraf|move: Imprison\n|move|p2b: Dragonite|Ice Beam|p1a: Primarina\n|-resisted|p1a: Primarina|1\n|-damage|p1a: Primarina|10/100\n|\n|-heal|p1a: Primarina|15/100|[from] item: Leftovers\n|upkeep\n|turn|7\n|inactive|shen51999 has 30 seconds left.\n|inactive|shen51999 has 20 seconds left.\n|inactive|shen51999 has 15 seconds left.\n|inactive|shen51999 has 10 seconds left.\n|-activate|p2a: Farigiraf|item: Quick Claw\n|\n|t:|1776349216\n|move|p2a: Farigiraf|Dazzling Gleam|p1a: Primarina|[spread] p1a,p1b\n|-damage|p1a: Primarina|2/100\n|-damage|p1b: Farigiraf|49/100\n|move|p1b: Farigiraf|Psychic|p2b: Dragonite\n|-damage|p2b: Dragonite|33/100\n|move|p1a: Primarina|Moonblast|p2b: Dragonite\n|-supereffective|p2b: Dragonite|1\n|-crit|p2b: Dragonite\n|-damage|p2b: Dragonite|0 fnt\n|faint|p2b: Dragonite\n|\n|-heal|p1a: Primarina|7/100|[from] item: Leftovers\n|-sideend|p2: shen51999|move: Light Screen\n|-fieldend|move: Trick Room\n|upkeep\n|turn|8\n|inactive|IUltimateMage has 30 seconds left.\n|\n|t:|1776349242\n|move|p1b: Farigiraf|Psychic|p2a: Farigiraf\n|-resisted|p2a: Farigiraf|1\n|-damage|p2a: Farigiraf|85/100\n|move|p2a: Farigiraf|Dazzling Gleam|p1b: Farigiraf|[spread] p1a,p1b\n|-damage|p1a: Primarina|0 fnt\n|-damage|p1b: Farigiraf|34/100\n|faint|p1a: Primarina\n|\n|upkeep\n|turn|9\n|-activate|p2a: Farigiraf|item: Quick Claw\n|\n|t:|1776349257\n|move|p2a: Farigiraf|Dazzling Gleam|p1b: Farigiraf\n|-damage|p1b: Farigiraf|13/100\n|move|p1b: Farigiraf|Psychic|p2a: Farigiraf\n|-resisted|p2a: Farigiraf|1\n|-damage|p2a: Farigiraf|67/100\n|\n|upkeep\n|turn|10\n|-message|IUltimateMage forfeited.\n|\n|win|shen51999\n|raw|IUltimateMage's rating: 1134 &rarr; <strong>1105</strong><br />(-29 for losing)\n|raw|shen51999's rating: 1073 &rarr; <strong>1107</strong><br />(+34 for winning)\n|l|\u2606IUltimateMage\n|player|p1|\n",
  "uploadtime": 1776349337,
  "views": 26,
  "formatid": "gen9championsvgc2026regma",
  "rating": 1105,
  "private": 0,
  "password": null
}