{
  "id": "gen9championsvgc2026regma-2582125757",
  "format": "[Gen 9 Champions] VGC 2026 Reg M-A",
  "players": [
    "mmmjam",
    "chiimaera"
  ],
  "log": "|j|\u2606mmmjam\n|j|\u2606chiimaera\n|t:|1776061269\n|gametype|doubles\n|player|p1|mmmjam|266|1087\n|player|p2|chiimaera|lyra|1001\n|gen|9\n|tier|[Gen 9 Champions] VGC 2026 Reg M-A\n|rated|\n|rule|Species Clause: Limit one of each Pok\u00e9mon\n|rule|Item Clause: Limit 1 of each item\n|clearpoke\n|poke|p1|Meganium, L50, M|\n|poke|p1|Politoed, L50, M|\n|poke|p1|Basculegion, L50, M|\n|poke|p1|Archaludon, L50, M|\n|poke|p1|Sneasler, L50, F|\n|poke|p1|Talonflame, L50, F|\n|poke|p2|Clefable, L50, M|\n|poke|p2|Ninetales-Alola, L50, F|\n|poke|p2|Arcanine-Hisui, L50, M|\n|poke|p2|Garchomp, L50, M|\n|poke|p2|Incineroar, L50, M|\n|poke|p2|Froslass, L50, F|\n|teampreview|4\n|\n|t:|1776061330\n|teamsize|p1|4\n|teamsize|p2|4\n|start\n|switch|p1a: Talonflame|Talonflame, L50, F, shiny|100/100\n|switch|p1b: Archaludon|Archaludon, L50, M|100/100\n|switch|p2a: Arcanine|Arcanine-Hisui, L50, M|100/100\n|switch|p2b: Incineroar|Incineroar, L50, M|100/100\n|-ability|p2a: Arcanine|Intimidate|boost\n|-unboost|p1a: Talonflame|atk|1\n|-unboost|p1b: Archaludon|atk|1\n|-ability|p2b: Incineroar|Intimidate|boost\n|-unboost|p1a: Talonflame|atk|1\n|-unboost|p1b: Archaludon|atk|1\n|turn|1\n|\n|t:|1776061375\n|switch|p1b: Basculegion|Basculegion, L50, M|100/100\n|switch|p2b: Ninetales|Ninetales-Alola, L50, F|100/100\n|-weather|Snowscape|[from] ability: Snow Warning|[of] p2b: Ninetales\n|move|p2a: Arcanine|Rock Slide|p1b: Basculegion|[spread] p1a,p1b\n|-supereffective|p1a: Talonflame|2\n|-damage|p1a: Talonflame|0 fnt\n|-damage|p1b: Basculegion|63/100\n|faint|p1a: Talonflame\n|\n|-weather|Snowscape|[upkeep]\n|upkeep\n|\n|t:|1776061391\n|switch|p1a: Archaludon|Archaludon, L50, M|100/100\n|turn|2\n|\n|t:|1776061411\n|switch|p2a: Froslass|Froslass, L50, F|100/100\n|move|p1b: Basculegion|Flip Turn|p2a: Froslass|[miss]\n|-miss|p1b: Basculegion|p2a: Froslass\n|move|p2b: Ninetales|Aurora Veil|p2b: Ninetales\n|-sidestart|p2: chiimaera|move: Aurora Veil\n|move|p1a: Archaludon|Flash Cannon|p2b: Ninetales\n|-supereffective|p2b: Ninetales|2\n|-enditem|p2b: Ninetales|Focus Sash\n|-damage|p2b: Ninetales|1/100\n|\n|-weather|Snowscape|[upkeep]\n|upkeep\n|turn|3\n|\n|t:|1776061452\n|detailschange|p2a: Froslass|Froslass-Mega, L50, F\n|-mega|p2a: Froslass|Froslass|Froslassite\n|move|p2b: Ninetales|Helping Hand|p2a: Froslass\n|-singleturn|p2a: Froslass|Helping Hand|[of] p2b: Ninetales\n|move|p1b: Basculegion|Flip Turn|p2a: Froslass\n|-damage|p2a: Froslass|71/100\n|\n|t:|1776061460\n|switch|p1b: Meganium|Meganium, L50, M|100/100|[from] Flip Turn\n|move|p2a: Froslass|Blizzard|p1b: Meganium|[spread] p1a,p1b\n|-supereffective|p1b: Meganium|1\n|-ability|p1a: Archaludon|Sturdy\n|-damage|p1a: Archaludon|1/100\n|-damage|p1b: Meganium|0 fnt\n|faint|p1b: Meganium\n|move|p1a: Archaludon|Flash Cannon|p2a: Froslass\n|-supereffective|p2a: Froslass|1\n|-damage|p2a: Froslass|3/100\n|\n|-weather|Snowscape|[upkeep]\n|upkeep\n|\n|t:|1776061471\n|switch|p1b: Basculegion|Basculegion, L50, M|63/100\n|turn|4\n|\n|t:|1776061488\n|move|p2b: Ninetales|Helping Hand|p2a: Froslass\n|-singleturn|p2a: Froslass|Helping Hand|[of] p2b: Ninetales\n|move|p1b: Basculegion|Flip Turn|p2a: Froslass\n|-damage|p2a: Froslass|0 fnt\n|faint|p2a: Froslass\n|move|p1a: Archaludon|Flash Cannon|p2b: Ninetales\n|-supereffective|p2b: Ninetales|2\n|-damage|p2b: Ninetales|0 fnt\n|faint|p2b: Ninetales\n|\n|-weather|Snowscape|[upkeep]\n|upkeep\n|\n|t:|1776061497\n|switch|p2b: Arcanine|Arcanine-Hisui, L50, M|100/100\n|switch|p2a: Incineroar|Incineroar, L50, M|100/100\n|-ability|p2b: Arcanine|Intimidate|boost\n|-unboost|p1a: Archaludon|atk|1\n|-unboost|p1b: Basculegion|atk|1\n|-ability|p2a: Incineroar|Intimidate|boost\n|-unboost|p1a: Archaludon|atk|1\n|-unboost|p1b: Basculegion|atk|1\n|turn|5\n|\n|t:|1776061517\n|move|p2a: Incineroar|Helping Hand|p2b: Arcanine\n|-singleturn|p2b: Arcanine|Helping Hand|[of] p2a: Incineroar\n|move|p1b: Basculegion|Flip Turn|p2b: Arcanine\n|-supereffective|p2b: Arcanine|2\n|-damage|p2b: Arcanine|32/100\n|move|p2b: Arcanine|Rock Slide|p1a: Archaludon|[spread] p1a,p1b\n|-resisted|p1a: Archaludon|1\n|-damage|p1a: Archaludon|0 fnt\n|-damage|p1b: Basculegion|4/100\n|faint|p1a: Archaludon\n|\n|-weather|none\n|upkeep\n|turn|6\n|\n|t:|1776061539\n|move|p1b: Basculegion|Flip Turn|p2b: Arcanine\n|-supereffective|p2b: Arcanine|2\n|-damage|p2b: Arcanine|0 fnt\n|faint|p2b: Arcanine\n|move|p2a: Incineroar|Parting Shot|p1b: Basculegion\n|-unboost|p1b: Basculegion|atk|1\n|-unboost|p1b: Basculegion|spa|1\n|\n|-sideend|p2: chiimaera|move: Aurora Veil\n|upkeep\n|turn|7\n|-message|chiimaera forfeited.\n|\n|win|mmmjam\n|raw|mmmjam's rating: 1087 &rarr; <strong>1107</strong><br />(+20 for winning)\n|raw|chiimaera's rating: 1001 &rarr; <strong>1000</strong><br />(-1 for losing)\n|l|\u2606chiimaera\n|player|p2|\n",
  "uploadtime": 1776061613,
  "views": 23,
  "formatid": "gen9championsvgc2026regma",
  "rating": 1000,
  "private": 0,
  "password": null
}