{
  "id": "gen9championsvgc2026regma-2582769861",
  "format": "[Gen 9 Champions] VGC 2026 Reg M-A",
  "players": [
    "Tuokoo",
    "yacoloco12"
  ],
  "log": "|j|\u2606Tuokoo\n|j|\u2606yacoloco12\n|t:|1776112856\n|gametype|doubles\n|player|p1|Tuokoo|hilbert-wonderlauncher|1012\n|player|p2|yacoloco12|hilbert|1000\n|gen|9\n|tier|[Gen 9 Champions] VGC 2026 Reg M-A\n|rated|\n|rule|Species Clause: Limit one of each Pok\u00e9mon\n|rule|Item Clause: Limit 1 of each item\n|clearpoke\n|poke|p1|Drampa, L50, F|\n|poke|p1|Pelipper, L50, F|\n|poke|p1|Alakazam, L50, F|\n|poke|p1|Sinistcha, L50|\n|poke|p1|Wyrdeer, L50, M|\n|poke|p1|Archaludon, L50, M|\n|poke|p2|Garchomp, L50, M|\n|poke|p2|Talonflame, L50, F|\n|poke|p2|Froslass, L50, F|\n|poke|p2|Milotic, L50, M|\n|poke|p2|Rotom-Wash, L50|\n|poke|p2|Incineroar, L50, M|\n|teampreview|4\n|\n|t:|1776112886\n|teamsize|p1|4\n|teamsize|p2|4\n|start\n|switch|p1a: Drampa|Drampa, L50, F|100/100\n|switch|p1b: Alakazam|Alakazam, L50, F|100/100\n|switch|p2a: Talonflame|Talonflame, L50, F|100/100\n|switch|p2b: Incineroar|Incineroar, L50, M|100/100\n|-ability|p2b: Incineroar|Intimidate|boost\n|-unboost|p1a: Drampa|atk|1\n|-fail|p1b: Alakazam|unboost|Attack|[from] ability: Inner Focus|[of] p1b: Alakazam\n|-ability|p1a: Drampa|Cloud Nine\n|turn|1\n|\n|t:|1776112906\n|move|p1a: Drampa|Protect|p1a: Drampa\n|-singleturn|p1a: Drampa|Protect\n|move|p2b: Incineroar|Fake Out|p1b: Alakazam\n|-crit|p1b: Alakazam\n|-damage|p1b: Alakazam|54/100\n|move|p2a: Talonflame|Tailwind|p2a: Talonflame\n|-sidestart|p2: yacoloco12|move: Tailwind\n|move|p1b: Alakazam|Reflect|p1b: Alakazam\n|-sidestart|p1: Tuokoo|Reflect\n|\n|upkeep\n|turn|2\n|\n|t:|1776112925\n|switch|p2b: Froslass|Froslass, L50, F|100/100\n|detailschange|p1a: Drampa|Drampa-Mega, L50, F\n|-mega|p1a: Drampa|Drampa|Drampanite\n|move|p2a: Talonflame|Flare Blitz|p1b: Alakazam\n|-damage|p1b: Alakazam|0 fnt\n|faint|p1b: Alakazam\n|-damage|p2a: Talonflame|85/100|[from] Recoil\n|move|p1a: Drampa|Calm Mind|p1a: Drampa\n|-boost|p1a: Drampa|spa|1\n|-boost|p1a: Drampa|spd|1\n|\n|upkeep\n|\n|t:|1776112939\n|switch|p1b: Sinistcha|Sinistcha, L50|100/100\n|turn|3\n|\n|t:|1776112954\n|detailschange|p2b: Froslass|Froslass-Mega, L50, F\n|-mega|p2b: Froslass|Froslass|Froslassite\n|-weather|Snowscape|[from] ability: Snow Warning|[of] p2b: Froslass\n|move|p2a: Talonflame|Brave Bird|p1b: Sinistcha\n|-supereffective|p1b: Sinistcha|1\n|-damage|p1b: Sinistcha|35/100\n|-enditem|p1b: Sinistcha|Sitrus Berry|[eat]\n|-heal|p1b: Sinistcha|60/100|[from] item: Sitrus Berry\n|-damage|p2a: Talonflame|63/100|[from] Recoil\n|move|p2b: Froslass|Aurora Veil|p2b: Froslass\n|-sidestart|p2: yacoloco12|move: Aurora Veil\n|move|p1a: Drampa|Earth Power|p2b: Froslass\n|-damage|p2b: Froslass|68/100\n|-unboost|p2b: Froslass|spd|1\n|move|p1b: Sinistcha|Trick Room|p1b: Sinistcha\n|-fieldstart|move: Trick Room|[of] p1b: Sinistcha\n|\n|-weather|Snowscape|[upkeep]\n|upkeep\n|turn|4\n|\n|t:|1776112979\n|switch|p2a: Milotic|Milotic, L50, M|100/100\n|move|p1a: Drampa|Hyper Voice|p2b: Froslass|[spread] p2a\n|-immune|p2b: Froslass\n|-damage|p2a: Milotic|75/100\n|move|p1b: Sinistcha|Matcha Gotcha|p2b: Froslass|[spread] p2a,p2b\n|-supereffective|p2a: Milotic|1\n|-damage|p2a: Milotic|53/100\n|-heal|p1b: Sinistcha|74/100|[from] drain|[of] p2a: Milotic\n|-damage|p2b: Froslass|43/100\n|-heal|p1b: Sinistcha|88/100|[from] drain|[of] p2b: Froslass\n|move|p2b: Froslass|Shadow Ball|p1b: Sinistcha\n|-supereffective|p1b: Sinistcha|1\n|-damage|p1b: Sinistcha|0 fnt\n|faint|p1b: Sinistcha\n|\n|-weather|Snowscape|[upkeep]\n|-sideend|p2: yacoloco12|move: Tailwind\n|upkeep\n|\n|t:|1776113001\n|switch|p1b: Pelipper|Pelipper, L50, F|100/100\n|-weather|RainDance|[from] ability: Drizzle|[of] p1b: Pelipper\n|turn|5\n|\n|t:|1776113019\n|move|p2b: Froslass|Protect|p2b: Froslass\n|-singleturn|p2b: Froslass|Protect\n|move|p1a: Drampa|Earth Power|p2b: Froslass\n|-activate|p2b: Froslass|move: Protect\n|move|p1b: Pelipper|Hurricane|p2a: Milotic\n|-damage|p2a: Milotic|36/100\n|-start|p2a: Milotic|confusion\n|-activate|p2a: Milotic|confusion\n|move|p2a: Milotic|Ice Beam|p1a: Drampa\n|-supereffective|p1a: Drampa|1\n|-damage|p1a: Drampa|73/100\n|\n|-weather|RainDance|[upkeep]\n|-sideend|p1: Tuokoo|Reflect\n|upkeep\n|turn|6\n|\n|t:|1776113050\n|switch|p2a: Talonflame|Talonflame, L50, F|63/100\n|switch|p2b: Incineroar|Incineroar, L50, M|100/100\n|-ability|p2b: Incineroar|Intimidate|boost\n|-unboost|p1a: Drampa|atk|1\n|-unboost|p1b: Pelipper|atk|1\n|move|p1a: Drampa|Calm Mind|p1a: Drampa\n|-boost|p1a: Drampa|spa|1\n|-boost|p1a: Drampa|spd|1\n|move|p1b: Pelipper|Hurricane|p2b: Incineroar\n|-damage|p2b: Incineroar|66/100\n|\n|-weather|RainDance|[upkeep]\n|upkeep\n|turn|7\n|\n|t:|1776113073\n|move|p1a: Drampa|Protect|p1a: Drampa\n|-singleturn|p1a: Drampa|Protect\n|move|p1b: Pelipper|Hurricane|p2a: Talonflame\n|-damage|p2a: Talonflame|23/100\n|-start|p2a: Talonflame|confusion\n|move|p2b: Incineroar|Darkest Lariat|p1b: Pelipper\n|-damage|p1b: Pelipper|67/100\n|-activate|p2a: Talonflame|confusion\n|move|p2a: Talonflame|Tailwind|p2a: Talonflame\n|-sidestart|p2: yacoloco12|move: Tailwind\n|\n|-weather|RainDance|[upkeep]\n|-sideend|p2: yacoloco12|move: Aurora Veil\n|-fieldend|move: Trick Room\n|upkeep\n|turn|8\n|\n|t:|1776113095\n|switch|p2b: Froslass|Froslass-Mega, L50, F|43/100\n|-weather|Snowscape|[from] ability: Snow Warning|[of] p2b: Froslass\n|-activate|p2a: Talonflame|confusion\n|move|p2a: Talonflame|Protect|p2a: Talonflame\n|-singleturn|p2a: Talonflame|Protect\n|move|p1b: Pelipper|Tailwind|p1b: Pelipper\n|-sidestart|p1: Tuokoo|move: Tailwind\n|move|p1a: Drampa|Earth Power|p2b: Froslass\n|-damage|p2b: Froslass|0 fnt\n|faint|p2b: Froslass\n|\n|-weather|Snowscape|[upkeep]\n|upkeep\n|\n|t:|1776113107\n|switch|p2b: Incineroar|Incineroar, L50, M|66/100\n|-ability|p2b: Incineroar|Intimidate|boost\n|-unboost|p1a: Drampa|atk|1\n|-unboost|p1b: Pelipper|atk|1\n|turn|9\n|\n|t:|1776113116\n|move|p1b: Pelipper|Protect|p1b: Pelipper\n|-singleturn|p1b: Pelipper|Protect\n|move|p1a: Drampa|Protect|p1a: Drampa\n|-singleturn|p1a: Drampa|Protect\n|move|p2b: Incineroar|Fake Out|p1b: Pelipper\n|-activate|p1b: Pelipper|move: Protect\n|-activate|p2a: Talonflame|confusion\n|move|p2a: Talonflame|Brave Bird|p1a: Drampa\n|-activate|p1a: Drampa|move: Protect\n|\n|-weather|Snowscape|[upkeep]\n|upkeep\n|turn|10\n|\n|t:|1776113143\n|-end|p2a: Talonflame|confusion\n|move|p2a: Talonflame|Protect|p2a: Talonflame\n|-singleturn|p2a: Talonflame|Protect\n|move|p2b: Incineroar|Parting Shot|p1a: Drampa\n|-unboost|p1a: Drampa|atk|1\n|-unboost|p1a: Drampa|spa|1\n|\n|t:|1776113152\n|switch|p2b: Milotic|Milotic, L50, M|36/100|[from] Parting Shot\n|move|p1b: Pelipper|Hurricane|p2b: Milotic\n|-damage|p2b: Milotic|12/100\n|move|p1a: Drampa|Hyper Voice|p2b: Milotic|[spread] p2b\n|-activate|p2a: Talonflame|move: Protect\n|-damage|p2b: Milotic|0 fnt\n|faint|p2b: Milotic\n|\n|-weather|Snowscape|[upkeep]\n|-sideend|p2: yacoloco12|move: Tailwind\n|upkeep\n|\n|t:|1776113163\n|switch|p2b: Incineroar|Incineroar, L50, M|66/100\n|-ability|p2b: Incineroar|Intimidate|boost\n|-unboost|p1a: Drampa|atk|1\n|-unboost|p1b: Pelipper|atk|1\n|turn|11\n|\n|t:|1776113179\n|move|p2b: Incineroar|Fake Out|p1b: Pelipper\n|-damage|p1b: Pelipper|54/100\n|cant|p1b: Pelipper|flinch\n|move|p2a: Talonflame|Brave Bird|p1b: Pelipper\n|-damage|p1b: Pelipper|10/100\n|-damage|p2a: Talonflame|8/100|[from] Recoil\n|move|p1a: Drampa|Hyper Voice|p2a: Talonflame|[spread] p2a,p2b\n|-damage|p2a: Talonflame|0 fnt\n|-damage|p2b: Incineroar|0 fnt\n|faint|p2a: Talonflame\n|faint|p2b: Incineroar\n|\n|win|Tuokoo\n|raw|Tuokoo's rating: 1012 &rarr; <strong>1049</strong><br />(+37 for winning)\n|raw|yacoloco12's rating: 1000 &rarr; <strong>1000</strong><br />(+0 for losing)\n|l|\u2606yacoloco12\n|player|p2|\n",
  "uploadtime": 1776113205,
  "views": 31,
  "formatid": "gen9championsvgc2026regma",
  "rating": 1000,
  "private": 0,
  "password": null
}