{
  "id": "gen9championsvgc2026regma-2581707884",
  "format": "[Gen 9 Champions] VGC 2026 Reg M-A",
  "players": [
    "kembawalk3r",
    "radstads"
  ],
  "log": "|j|\u2606kembawalk3r\n|j|\u2606radstads\n|t:|1776022310\n|gametype|doubles\n|player|p1|kembawalk3r|hoopster|1052\n|player|p2|radstads|102|1015\n|gen|9\n|tier|[Gen 9 Champions] VGC 2026 Reg M-A\n|rated|\n|rule|Species Clause: Limit one of each Pok\u00e9mon\n|rule|Item Clause: Limit 1 of each item\n|clearpoke\n|poke|p1|Tyranitar, L50, M|\n|poke|p1|Excadrill, L50, M|\n|poke|p1|Aegislash, L50, F|\n|poke|p1|Corviknight, L50, M|\n|poke|p1|Lucario, L50, M|\n|poke|p1|Primarina, L50, F|\n|poke|p2|Zoroark-Hisui, L50, M|\n|poke|p2|Maushold, L50|\n|poke|p2|Palafin, L50, F|\n|poke|p2|Gengar, L50, F|\n|poke|p2|Kommo-o, L50, F|\n|poke|p2|Altaria, L50, M|\n|teampreview|4\n|inactive|Battle timer is ON: inactive players will automatically lose when time's up. (requested by kembawalk3r)\n|\n|t:|1776022349\n|teamsize|p1|4\n|teamsize|p2|4\n|start\n|switch|p1a: Tyranitar|Tyranitar, L50, M, shiny|100/100\n|switch|p1b: Excadrill|Excadrill, L50, M, shiny|100/100\n|switch|p2a: Gengar|Gengar, L50, F|100/100\n|switch|p2b: Palafin|Palafin, L50, F|100/100\n|-weather|Sandstorm|[from] ability: Sand Stream|[of] p1a: Tyranitar\n|turn|1\n|\n|t:|1776022372\n|detailschange|p2a: Gengar|Gengar-Mega, L50, F\n|-mega|p2a: Gengar|Gengar|Gengarite\n|move|p2a: Gengar|Protect|p2a: Gengar\n|-singleturn|p2a: Gengar|Protect\n|move|p1b: Excadrill|Rock Slide|p2a: Gengar|[spread] p2b\n|-activate|p2a: Gengar|move: Protect\n|-damage|p2b: Palafin|75/100\n|move|p2b: Palafin|Flip Turn|p1b: Excadrill\n|-supereffective|p1b: Excadrill|1\n|-damage|p1b: Excadrill|16/100\n|\n|t:|1776022385\n|detailschange|p2b: Palafin|Palafin-Hero, L50, F\n|switch|p2b: Maushold|Maushold, L50|100/100|[from] Flip Turn\n|move|p1a: Tyranitar|Rock Slide|p2b: Maushold|[spread] p2b\n|-activate|p2a: Gengar|move: Protect\n|-damage|p2b: Maushold|72/100\n|\n|-weather|Sandstorm|[upkeep]\n|-damage|p2a: Gengar|95/100|[from] Sandstorm\n|-damage|p2b: Maushold|66/100|[from] Sandstorm\n|upkeep\n|turn|2\n|c|\u2606radstads|brother what the fuck is this demon shit LMFAO\n|\n|t:|1776022406\n|move|p1a: Tyranitar|Protect|p1a: Tyranitar\n|-singleturn|p1a: Tyranitar|Protect\n|move|p2b: Maushold|Follow Me|p2b: Maushold\n|-singleturn|p2b: Maushold|move: Follow Me\n|move|p1b: Excadrill|Earthquake|p2a: Gengar|[spread] p2a,p2b\n|-activate|p1a: Tyranitar|move: Protect\n|-supereffective|p2a: Gengar|1\n|-damage|p2a: Gengar|21/100\n|-damage|p2b: Maushold|29/100\n|move|p2a: Gengar|Shadow Ball|p1b: Excadrill\n|-damage|p1b: Excadrill|0 fnt\n|faint|p1b: Excadrill\n|\n|-weather|Sandstorm|[upkeep]\n|-damage|p2a: Gengar|15/100|[from] Sandstorm\n|-damage|p2b: Maushold|23/100|[from] Sandstorm\n|upkeep\n|\n|t:|1776022421\n|switch|p1b: Primarina|Primarina, L50, F|100/100\n|turn|3\n|\n|t:|1776022432\n|detailschange|p1a: Tyranitar|Tyranitar-Mega, L50, M, shiny\n|-mega|p1a: Tyranitar|Tyranitar|Tyranitarite\n|move|p2b: Maushold|Helping Hand|p2a: Gengar\n|-singleturn|p2a: Gengar|Helping Hand|[of] p2b: Maushold\n|move|p2a: Gengar|Shadow Ball|p1b: Primarina\n|-damage|p1b: Primarina|43/100\n|-unboost|p1b: Primarina|spd|1\n|move|p1a: Tyranitar|Dragon Dance|p1a: Tyranitar\n|-boost|p1a: Tyranitar|atk|1\n|-boost|p1a: Tyranitar|spe|1\n|move|p1b: Primarina|Hyper Voice|p2b: Maushold|[spread] p2a,p2b\n|-damage|p2a: Gengar|0 fnt\n|-damage|p2b: Maushold|0 fnt\n|faint|p2a: Gengar\n|faint|p2b: Maushold\n|\n|-weather|Sandstorm|[upkeep]\n|-damage|p1b: Primarina|37/100|[from] Sandstorm\n|upkeep\n|\n|t:|1776022449\n|switch|p2a: Kommo-o|Kommo-o, L50, F|100/100\n|switch|p2b: Palafin|Palafin-Hero, L50, F|75/100\n|-activate|p2b: Palafin|ability: Zero to Hero\n|turn|4\n|\n|t:|1776022472\n|move|p2b: Palafin|Jet Punch|p1b: Primarina\n|-resisted|p1b: Primarina|1\n|-damage|p1b: Primarina|13/100\n|move|p1a: Tyranitar|Rock Slide|p2a: Kommo-o|[spread] p2a\n|-miss|p1a: Tyranitar|p2b: Palafin\n|-resisted|p2a: Kommo-o|1\n|-damage|p2a: Kommo-o|74/100\n|cant|p2a: Kommo-o|flinch\n|move|p1b: Primarina|Moonblast|p2a: Kommo-o\n|-supereffective|p2a: Kommo-o|2\n|-damage|p2a: Kommo-o|0 fnt\n|faint|p2a: Kommo-o\n|\n|-weather|Sandstorm|[upkeep]\n|-damage|p2b: Palafin|69/100|[from] Sandstorm\n|-damage|p1b: Primarina|7/100|[from] Sandstorm\n|upkeep\n|turn|5\n|-message|radstads forfeited.\n|\n|win|kembawalk3r\n",
  "uploadtime": 1776022398,
  "views": 11,
  "formatid": "gen9championsvgc2026regma",
  "rating": null,
  "private": 0,
  "password": null
}