{
  "id": "gen9championsvgc2026regma-2582433459",
  "format": "[Gen 9 Champions] VGC 2026 Reg M-A",
  "players": [
    "Reis637",
    "esperanzasaltas"
  ],
  "log": "|j|\u2606Reis637\n|j|\u2606esperanzasaltas\n|t:|1776091382\n|gametype|doubles\n|player|p1|Reis637|gwynn|1074\n|player|p2|esperanzasaltas|wattson|1137\n|gen|9\n|tier|[Gen 9 Champions] VGC 2026 Reg M-A\n|rated|\n|rule|Species Clause: Limit one of each Pok\u00e9mon\n|rule|Item Clause: Limit 1 of each item\n|clearpoke\n|poke|p1|Chandelure, L50, F|\n|poke|p1|Incineroar, L50, M|\n|poke|p1|Milotic, L50, F|\n|poke|p1|Sneasler, L50, F|\n|poke|p1|Farigiraf, L50, F|\n|poke|p1|Whimsicott, L50, F|\n|poke|p2|Aerodactyl, L50, M|\n|poke|p2|Sneasler, L50, M|\n|poke|p2|Garchomp, L50, M|\n|poke|p2|Kingambit, L50, F|\n|poke|p2|Rotom-Wash, L50|\n|poke|p2|Meganium, L50, M|\n|teampreview|4\n|inactive|Battle timer is ON: inactive players will automatically lose when time's up. (requested by esperanzasaltas)\nesperanzasaltas has agreed to open team sheets.\n|\n|t:|1776091440\n|teamsize|p1|4\n|teamsize|p2|4\n|start\n|switch|p1a: Farigirette|Farigiraf, L50, F|100/100\n|switch|p1b: Sneaslette|Sneasler, L50, F|100/100\n|switch|p2a: Meganium|Meganium, L50, M|100/100\n|switch|p2b: Aerodactyl|Aerodactyl, L50, M|100/100\n|turn|1\n|\n|t:|1776091464\n|detailschange|p2a: Meganium|Meganium-Mega, L50, M\n|-mega|p2a: Meganium|Meganium|Meganiumite\n|move|p2b: Aerodactyl|Dual Wingbeat|p1b: Sneaslette\n|-supereffective|p1b: Sneaslette|1\n|-crit|p1b: Sneaslette\n|-damage|p1b: Sneaslette|8/100\n|-supereffective|p1b: Sneaslette|1\n|-damage|p1b: Sneaslette|0 fnt\n|faint|p1b: Sneaslette\n|-hitcount|p1: Sneaslette|2\n|move|p2a: Meganium|Weather Ball|p1a: Farigirette\n|-damage|p1a: Farigirette|42/100\n|move|p1a: Farigirette|Trick Room|p1a: Farigirette\n|-fieldstart|move: Trick Room|[of] p1a: Farigirette\n|\n|upkeep\n|\n|t:|1776091478\n|switch|p1b: Chandelette|Chandelure, L50, F, shiny|100/100\n|turn|2\n|\n|t:|1776091486\n|detailschange|p1b: Chandelette|Chandelure-Mega, L50, F, shiny\n|-mega|p1b: Chandelette|Chandelure|Chandelurite\n|move|p2a: Meganium|Protect|p2a: Meganium\n|-singleturn|p2a: Meganium|Protect\n|move|p1a: Farigirette|Twin Beam|p2b: Aerodactyl\n|-damage|p2b: Aerodactyl|72/100\n|-damage|p2b: Aerodactyl|43/100\n|-hitcount|p2b: Aerodactyl|2\n|move|p1b: Chandelette|Heat Wave|p2a: Meganium|[spread] p2b\n|-activate|p2a: Meganium|move: Protect\n|-resisted|p2b: Aerodactyl|1\n|-damage|p2b: Aerodactyl|9/100\n|move|p2b: Aerodactyl|Rock Slide|p1a: Farigirette|[spread] p1a,p1b\n|-supereffective|p1b: Chandelette|1\n|-damage|p1a: Farigirette|15/100\n|-damage|p1b: Chandelette|47/100\n|\n|upkeep\n|turn|3\n|inactive|esperanzasaltas has 30 seconds left.\n|\n|t:|1776091517\n|switch|p2a: Rotom|Rotom-Wash, L50|100/100\n|move|p2b: Aerodactyl|Protect|p2b: Aerodactyl\n|-singleturn|p2b: Aerodactyl|Protect\n|move|p1a: Farigirette|Hyper Voice|p2b: Aerodactyl|[spread] p2a\n|-activate|p2b: Aerodactyl|move: Protect\n|-damage|p2a: Rotom|67/100\n|move|p1b: Chandelette|Heat Wave|p2a: Rotom|[spread] p2a\n|-activate|p2b: Aerodactyl|move: Protect\n|-resisted|p2a: Rotom|1\n|-damage|p2a: Rotom|41/100\n|\n|-heal|p2a: Rotom|47/100|[from] item: Leftovers\n|upkeep\n|turn|4\n|inactive|esperanzasaltas has 30 seconds left.\n|inactive|esperanzasaltas has 20 seconds left.\n|\n|t:|1776091552\n|move|p1a: Farigirette|Hyper Voice|p2a: Rotom|[spread] p2a,p2b\n|-resisted|p2b: Aerodactyl|1\n|-damage|p2a: Rotom|8/100\n|-damage|p2b: Aerodactyl|0 fnt\n|faint|p2b: Aerodactyl\n|move|p1b: Chandelette|Heat Wave|p2a: Rotom\n|-resisted|p2a: Rotom|1\n|-damage|p2a: Rotom|0 fnt\n|faint|p2a: Rotom\n|\n|upkeep\n|\n|t:|1776091555\n|switch|p2a: Kingambit|Kingambit, L50, F|100/100\n|switch|p2b: Meganium|Meganium-Mega, L50, M|100/100\n|turn|5\n|\n|t:|1776091567\n|move|p2a: Kingambit|Protect|p2a: Kingambit\n|-singleturn|p2a: Kingambit|Protect\n|move|p2b: Meganium|Protect|p2b: Meganium\n|-singleturn|p2b: Meganium|Protect\n|move|p1a: Farigirette|Trick Room|p1a: Farigirette\n|-fieldend|move: Trick Room\n|move|p1b: Chandelette|Trick Room|p1b: Chandelette\n|-fieldstart|move: Trick Room|[of] p1b: Chandelette\n|\n|upkeep\n|turn|6\n|-message|esperanzasaltas forfeited.\n|\n|win|Reis637\n|raw|Reis637's rating: 1074 &rarr; <strong>1108</strong><br />(+34 for winning)\n|raw|esperanzasaltas's rating: 1137 &rarr; <strong>1108</strong><br />(-29 for losing)\n|l|\u2606esperanzasaltas\n|player|p2|\n",
  "uploadtime": 1776091612,
  "views": 25,
  "formatid": "gen9championsvgc2026regma",
  "rating": 1108,
  "private": 0,
  "password": null
}