{
  "id": "gen9championsvgc2026regma-2581297203",
  "format": "[Gen 9 Champions] VGC 2026 Reg M-A",
  "players": [
    "ossaketip",
    "mezooki"
  ],
  "log": "|j|\u2606ossaketip\n|j|\u2606mezooki\n|t:|1775982998\n|gametype|doubles\n|player|p1|ossaketip|fantina|1281\n|player|p2|mezooki|lady|1245\n|gen|9\n|tier|[Gen 9 Champions] VGC 2026 Reg M-A\n|rated|\n|rule|Species Clause: Limit one of each Pok\u00e9mon\n|rule|Item Clause: Limit 1 of each item\n|clearpoke\n|poke|p1|Snorlax, L50, M|\n|poke|p1|Oranguru, L50, M|\n|poke|p1|Torkoal, L50, M|\n|poke|p1|Tyranitar, L50, F|\n|poke|p1|Excadrill, L50, M|\n|poke|p1|Gallade, L50, M|\n|poke|p2|Froslass, L50, F|\n|poke|p2|Maushold-Four, L50|\n|poke|p2|Garchomp, L50, M|\n|poke|p2|Orthworm, L50, M|\n|poke|p2|Rotom-Frost, L50|\n|poke|p2|Incineroar, L50, F|\n|teampreview|4\n|inactive|Battle timer is ON: inactive players will automatically lose when time's up. (requested by mezooki)\n|\n|t:|1775983018\n|teamsize|p1|4\n|teamsize|p2|4\n|start\n|switch|p1a: Oranguru|Oranguru, L50, M|100/100\n|switch|p1b: Gallade|Gallade, L50, M|100/100\n|switch|p2a: Garchomp|Garchomp, L50, M|100/100\n|switch|p2b: Orthworm|Orthworm, L50, M|100/100\n|turn|1\n|j| gE1xjZRtuhW2DdT0AK\n|\n|t:|1775983030\n|move|p2a: Garchomp|Earthquake|p1b: Gallade|[spread] p1a,p1b\n|-immune|p2b: Orthworm|[from] ability: Earth Eater\n|-damage|p1a: Oranguru|65/100\n|-damage|p1b: Gallade|47/100\n|move|p1b: Gallade|Sacred Sword|p2a: Garchomp\n|-damage|p2a: Garchomp|24/100\n|-damage|p1b: Gallade|35/100|[from] ability: Rough Skin|[of] p2a: Garchomp\n|move|p2b: Orthworm|Shed Tail|p2b: Orthworm\n|-start|p2b: Orthworm|Substitute|[from] move: Shed Tail\n|-damage|p2b: Orthworm|50/100\n|-enditem|p2b: Orthworm|Sitrus Berry|[eat]\n|-heal|p2b: Orthworm|75/100|[from] item: Sitrus Berry\n|\n|t:|1775983041\n|switch|p2b: Froslass|Froslass, L50, F|100/100|[from] Shed Tail\n|move|p1a: Oranguru|Trick Room|p1a: Oranguru\n|-fieldstart|move: Trick Room|[of] p1a: Oranguru\n|\n|upkeep\n|turn|2\n|\n|t:|1775983051\n|switch|p2a: Incineroar|Incineroar, L50, F|100/100\n|-ability|p2a: Incineroar|Intimidate|boost\n|-unboost|p1a: Oranguru|atk|1\n|-unboost|p1b: Gallade|atk|1\n|-enditem|p1b: Gallade|White Herb\n|-clearnegativeboost|p1b: Gallade|[silent]\n|detailschange|p2b: Froslass|Froslass-Mega, L50, F\n|-mega|p2b: Froslass|Froslass|Froslassite\n|-weather|Snowscape|[from] ability: Snow Warning|[of] p2b: Froslass\n|move|p1a: Oranguru|Instruct|p1b: Gallade\n|-singleturn|p1b: Gallade|move: Instruct|[of] p1a: Oranguru\n|move|p1b: Gallade|Sacred Sword|p2a: Incineroar\n|-supereffective|p2a: Incineroar|1\n|-enditem|p2a: Incineroar|Chople Berry|[eat]\n|-enditem|p2a: Incineroar|Chople Berry|[weaken]\n|-damage|p2a: Incineroar|30/100\n|move|p1b: Gallade|Psycho Cut|p2b: Froslass\n|-crit|p2b: Froslass\n|-end|p2b: Froslass|Substitute\n|move|p2b: Froslass|Blizzard|p1b: Gallade|[spread] p1a,p1b\n|-damage|p1a: Oranguru|34/100\n|-damage|p1b: Gallade|0 fnt\n|faint|p1b: Gallade\n|\n|-weather|Snowscape|[upkeep]\n|upkeep\n|inactive|ossaketip has 30 seconds left.\n|\n|t:|1775983077\n|switch|p1b: Torkoal|Torkoal, L50, M|100/100\n|-weather|SunnyDay|[from] ability: Drought|[of] p1b: Torkoal\n|turn|3\n|\n|t:|1775983087\n|move|p1b: Torkoal|Protect|p1b: Torkoal\n|-singleturn|p1b: Torkoal|Protect\n|move|p2a: Incineroar|Fake Out|p1b: Torkoal\n|-activate|p1b: Torkoal|move: Protect\n|move|p1a: Oranguru|Psychic|p2b: Froslass\n|-damage|p2b: Froslass|67/100\n|move|p2b: Froslass|Shadow Ball|p1b: Torkoal\n|-activate|p1b: Torkoal|move: Protect\n|\n|-weather|SunnyDay|[upkeep]\n|upkeep\n|turn|4\n|\n|t:|1775983096\n|move|p2b: Froslass|Protect|p2b: Froslass\n|-singleturn|p2b: Froslass|Protect\n|move|p1b: Torkoal|Eruption|p2a: Incineroar|[spread] p2a\n|-activate|p2b: Froslass|move: Protect\n|-resisted|p2a: Incineroar|1\n|-damage|p2a: Incineroar|0 fnt\n|faint|p2a: Incineroar\n|move|p1a: Oranguru|Instruct|p1b: Torkoal\n|-singleturn|p1b: Torkoal|move: Instruct|[of] p1a: Oranguru\n|move|p1b: Torkoal|Eruption|p2b: Froslass\n|-activate|p2b: Froslass|move: Protect\n|\n|-weather|SunnyDay|[upkeep]\n|upkeep\n|\n|t:|1775983102\n|switch|p2a: Orthworm|Orthworm, L50, M|75/100\n|turn|5\n|\n|t:|1775983111\n|move|p2b: Froslass|Protect||[still]\n|-fail|p2b: Froslass\n|move|p1b: Torkoal|Eruption|p2a: Orthworm|[spread] p2a,p2b\n|-supereffective|p2a: Orthworm|1\n|-supereffective|p2b: Froslass|1\n|-damage|p2a: Orthworm|0 fnt\n|-damage|p2b: Froslass|0 fnt\n|faint|p2a: Orthworm\n|faint|p2b: Froslass\n|move|p1a: Oranguru|Instruct|p1b: Torkoal\n|-singleturn|p1b: Torkoal|move: Instruct|[of] p1a: Oranguru\n|move|p1b: Torkoal|Eruption|p2: Orthworm|[notarget]\n|-fail|p1b: Torkoal\n|\n|-weather|SunnyDay|[upkeep]\n|-fieldend|move: Trick Room\n|upkeep\n|\n|t:|1775983115\n|switch|p2b: Garchomp|Garchomp, L50, M|24/100\n|turn|6\n|\n|t:|1775983123\n|move|p2b: Garchomp|Earthquake|p1b: Torkoal|[spread] p1a,p1b\n|-supereffective|p1b: Torkoal|1\n|-damage|p1a: Oranguru|0 fnt\n|-damage|p1b: Torkoal|35/100\n|faint|p1a: Oranguru\n|move|p1b: Torkoal|Heat Wave|p2b: Garchomp\n|-resisted|p2b: Garchomp|1\n|-damage|p2b: Garchomp|0 fnt\n|faint|p2b: Garchomp\n|\n|win|ossaketip\n|raw|ossaketip's rating: 1281 &rarr; <strong>1303</strong><br />(+22 for winning)\n|raw|mezooki's rating: 1245 &rarr; <strong>1223</strong><br />(-22 for losing)\n|l|\u2606ossaketip\n|player|p1|\n|l|\u2606mezooki\n|player|p2|\n",
  "uploadtime": 1775983248,
  "views": 35,
  "formatid": "gen9championsvgc2026regma",
  "rating": 1223,
  "private": 0,
  "password": null
}