{
  "id": "gen9championsvgc2026regma-2581299461",
  "format": "[Gen 9 Champions] VGC 2026 Reg M-A",
  "players": [
    "lilyflows",
    "sarli"
  ],
  "log": "|j|\u2606lilyflows\n|j|\u2606sarli\n|t:|1775983317\n|gametype|doubles\n|player|p1|lilyflows|n|1047\n|player|p2|sarli|shadowtriad|1106\n|gen|9\n|tier|[Gen 9 Champions] VGC 2026 Reg M-A\n|rated|\n|rule|Species Clause: Limit one of each Pok\u00e9mon\n|rule|Item Clause: Limit 1 of each item\n|clearpoke\n|poke|p1|Floette-Eternal, L50, F|\n|poke|p1|Garchomp, L50, M|\n|poke|p1|Whimsicott, L50, F|\n|poke|p1|Incineroar, L50, F|\n|poke|p1|Corviknight, L50, M|\n|poke|p1|Sneasler, L50, M|\n|poke|p2|Corviknight, L50, M|\n|poke|p2|Incineroar, L50, M|\n|poke|p2|Sneasler, L50, F|\n|poke|p2|Sinistcha, L50|\n|poke|p2|Garchomp, L50, M|\n|poke|p2|Starmie, L50|\n|teampreview|4\n|inactive|Battle timer is ON: inactive players will automatically lose when time's up. (requested by lilyflows)\n|\n|t:|1775983328\n|teamsize|p1|4\n|teamsize|p2|4\n|start\n|switch|p1a: Whimsicott|Whimsicott, L50, F|100/100\n|switch|p1b: Incineroar|Incineroar, L50, F|100/100\n|switch|p2a: Corviknight|Corviknight, L50, M, shiny|100/100\n|switch|p2b: Sneasler|Sneasler, L50, F|100/100\n|-ability|p1b: Incineroar|Intimidate|boost\n|-ability|p2a: Corviknight|Mirror Armor\n|-unboost|p1b: Incineroar|atk|1\n|-unboost|p2b: Sneasler|atk|1\n|-enditem|p2b: Sneasler|White Herb\n|-clearnegativeboost|p2b: Sneasler|[silent]\n|turn|1\n|\n|t:|1775983346\n|move|p2b: Sneasler|Protect|p2b: Sneasler\n|-singleturn|p2b: Sneasler|Protect\n|move|p1b: Incineroar|Fake Out|p2a: Corviknight\n|-resisted|p2a: Corviknight|1\n|-damage|p2a: Corviknight|96/100\n|move|p1a: Whimsicott|Tailwind|p1a: Whimsicott\n|-sidestart|p1: lilyflows|move: Tailwind\n|cant|p2a: Corviknight|flinch\n|\n|-heal|p2a: Corviknight|100/100|[from] item: Leftovers\n|upkeep\n|turn|2\n|\n|t:|1775983363\n|move|p1a: Whimsicott|Encore|p2b: Sneasler\n|-start|p2b: Sneasler|Encore\n|move|p2b: Sneasler|Protect||[still]\n|-fail|p2b: Sneasler\n|move|p1b: Incineroar|Parting Shot|p2a: Corviknight\n|-ability|p2a: Corviknight|Mirror Armor\n|-unboost|p1b: Incineroar|atk|1\n|-ability|p2a: Corviknight|Mirror Armor\n|-unboost|p1b: Incineroar|spa|1\n|\n|t:|1775983376\n|switch|p1b: Garchomp|Garchomp, L50, M|100/100|[from] Parting Shot\n|move|p2a: Corviknight|Tailwind|p2a: Corviknight\n|-sidestart|p2: sarli|move: Tailwind\n|\n|upkeep\n|turn|3\n|\n|t:|1775983389\n|switch|p2b: Garchomp|Garchomp, L50, M|100/100\n|switch|p2a: Incineroar|Incineroar, L50, M|100/100\n|-ability|p2a: Incineroar|Intimidate|boost\n|-unboost|p1a: Whimsicott|atk|1\n|-unboost|p1b: Garchomp|atk|1\n|detailschange|p1b: Garchomp|Garchomp-Mega, L50, M\n|-mega|p1b: Garchomp|Garchomp|Garchompite\n|move|p1a: Whimsicott|Encore|p2a: Incineroar\n|-hint|Since gen 7, Dark is immune to Prankster moves.\n|-immune|p2a: Incineroar\n|move|p1b: Garchomp|Dragon Claw|p2b: Garchomp\n|-supereffective|p2b: Garchomp|1\n|-damage|p2b: Garchomp|31/100\n|-damage|p1b: Garchomp|88/100|[from] ability: Rough Skin|[of] p2b: Garchomp\n|\n|upkeep\n|turn|4\n|inactive|lilyflows has 30 seconds left.\n|\n|t:|1775983420\n|move|p2a: Incineroar|Fake Out|p1b: Garchomp\n|-damage|p1b: Garchomp|79/100\n|move|p1a: Whimsicott|Energy Ball|p2b: Garchomp\n|-damage|p2b: Garchomp|3/100\n|move|p2b: Garchomp|Rock Slide|p1b: Garchomp|[spread] p1a,p1b\n|-resisted|p1b: Garchomp|1\n|-damage|p1a: Whimsicott|79/100\n|-damage|p1b: Garchomp|70/100\n|cant|p1b: Garchomp|flinch\n|\n|-sideend|p1: lilyflows|move: Tailwind\n|upkeep\n|turn|5\n|\n|t:|1775983442\n|move|p1a: Whimsicott|Tailwind|p1a: Whimsicott\n|-sidestart|p1: lilyflows|move: Tailwind\n|move|p2b: Garchomp|Stomping Tantrum|p1b: Garchomp\n|-damage|p1b: Garchomp|29/100\n|move|p1b: Garchomp|Dragon Claw|p2b: Garchomp\n|-supereffective|p2b: Garchomp|1\n|-damage|p2b: Garchomp|0 fnt\n|-damage|p1b: Garchomp|17/100|[from] ability: Rough Skin|[of] p2b: Garchomp\n|faint|p2b: Garchomp\n|move|p2a: Incineroar|Flare Blitz|p1a: Whimsicott\n|-supereffective|p1a: Whimsicott|1\n|-damage|p1a: Whimsicott|0 fnt\n|faint|p1a: Whimsicott\n|-damage|p2a: Incineroar|83/100|[from] Recoil\n|\n|-sideend|p2: sarli|move: Tailwind\n|upkeep\n|\n|t:|1775983460\n|switch|p1a: Sneasler|Sneasler, L50, M|100/100\n|switch|p2b: Sneasler|Sneasler, L50, F|100/100\n|turn|6\n|\n|t:|1775983479\n|switch|p1b: Incineroar|Incineroar, L50, F|100/100\n|-ability|p1b: Incineroar|Intimidate|boost\n|-unboost|p2a: Incineroar|atk|1\n|-unboost|p2b: Sneasler|atk|1\n|move|p1a: Sneasler|Fake Out|p2b: Sneasler\n|-damage|p2b: Sneasler|73/100\n|cant|p2b: Sneasler|flinch\n|move|p2a: Incineroar|Throat Chop|p1b: Incineroar\n|-resisted|p1b: Incineroar|1\n|-damage|p1b: Incineroar|87/100\n|-start|p1b: Incineroar|Throat Chop|[silent]\n|\n|upkeep\n|turn|7\n|inactive|lilyflows has 30 seconds left.\n|\n|t:|1775983505\n|move|p1b: Incineroar|Fake Out|p2b: Sneasler\n|-damage|p2b: Sneasler|49/100\n|move|p1a: Sneasler|Brick Break|p2a: Incineroar\n|-supereffective|p2a: Incineroar|1\n|-damage|p2a: Incineroar|16/100\n|-status|p2a: Incineroar|psn|[from] ability: Poison Touch|[of] p1a: Sneasler\n|-enditem|p2a: Incineroar|Sitrus Berry|[eat]\n|-heal|p2a: Incineroar|40/100 psn|[from] item: Sitrus Berry\n|cant|p2b: Sneasler|flinch\n|move|p2a: Incineroar|Parting Shot|p1a: Sneasler\n|-unboost|p1a: Sneasler|atk|1\n|-unboost|p1a: Sneasler|spa|1\n|\n|t:|1775983518\n|switch|p2a: Corviknight|Corviknight, L50, M, shiny|100/100|[from] Parting Shot\n|\n|-end|p1b: Incineroar|Throat Chop|[silent]\n|upkeep\n|turn|8\n|inactive|lilyflows has 30 seconds left.\n|inactive|lilyflows has 20 seconds left.\n|-activate|p1a: Sneasler|item: Quick Claw\n|\n|t:|1775983556\n|move|p2b: Sneasler|Protect|p2b: Sneasler\n|-singleturn|p2b: Sneasler|Protect\n|move|p1a: Sneasler|Brick Break|p2a: Corviknight\n|-damage|p2a: Corviknight|75/100\n|-immune|p2a: Corviknight\n|move|p1b: Incineroar|Flare Blitz|p2a: Corviknight\n|-supereffective|p2a: Corviknight|1\n|-damage|p2a: Corviknight|0 fnt\n|faint|p2a: Corviknight\n|-damage|p1b: Incineroar|60/100|[from] Recoil\n|\n|-sideend|p1: lilyflows|move: Tailwind\n|upkeep\n|\n|t:|1775983568\n|switch|p2a: Incineroar|Incineroar, L50, M|40/100 psn\n|-ability|p2a: Incineroar|Intimidate|boost\n|-unboost|p1a: Sneasler|atk|1\n|-unboost|p1b: Incineroar|atk|1\n|turn|9\n|-activate|p1a: Sneasler|item: Quick Claw\n|\n|t:|1775983579\n|move|p2a: Incineroar|Fake Out|p1a: Sneasler\n|-damage|p1a: Sneasler|81/100\n|cant|p1a: Sneasler|flinch\n|move|p2b: Sneasler|Close Combat|p1b: Incineroar\n|-supereffective|p1b: Incineroar|1\n|-damage|p1b: Incineroar|0 fnt\n|-unboost|p2b: Sneasler|def|1\n|-unboost|p2b: Sneasler|spd|1\n|faint|p1b: Incineroar\n|\n|-damage|p2a: Incineroar|28/100 psn|[from] psn\n|upkeep\n|\n|t:|1775983588\n|switch|p1b: Garchomp|Garchomp-Mega, L50, M|17/100\n|turn|10\n|\n|t:|1775983601\n|move|p2b: Sneasler|Dire Claw|p1b: Garchomp\n|-resisted|p1b: Garchomp|1\n|-damage|p1b: Garchomp|4/100\n|-status|p1b: Garchomp|psn\n|move|p1a: Sneasler|Brick Break|p2a: Incineroar\n|-supereffective|p2a: Incineroar|1\n|-damage|p2a: Incineroar|0 fnt\n|faint|p2a: Incineroar\n|move|p1b: Garchomp|Earthquake|p2b: Sneasler|[spread] p1a,p2b\n|-supereffective|p1a: Sneasler|1\n|-supereffective|p2b: Sneasler|1\n|-damage|p1a: Sneasler|0 fnt\n|-damage|p2b: Sneasler|0 fnt\n|faint|p1a: Sneasler\n|faint|p2b: Sneasler\n|\n|win|lilyflows\n|raw|lilyflows's rating: 1047 &rarr; <strong>1085</strong><br />(+38 for winning)\n|raw|sarli's rating: 1106 &rarr; <strong>1077</strong><br />(-29 for losing)\n|l|\u2606sarli\n|player|p2|\n",
  "uploadtime": 1775983621,
  "views": 14,
  "formatid": "gen9championsvgc2026regma",
  "rating": 1077,
  "private": 0,
  "password": null
}