{
  "id": "gen9championsvgc2026regma-2588763276",
  "format": "[Gen 9 Champions] VGC 2026 Reg M-A",
  "players": [
    "bryantexe",
    "jingming"
  ],
  "log": "|j|\u2606bryantexe\n|j|\u2606jingming\n|t:|1776667617\n|gametype|doubles\n|player|p1|bryantexe|170|1102\n|player|p2|jingming|nate|1202\n|gen|9\n|tier|[Gen 9 Champions] VGC 2026 Reg M-A\n|rated|\n|rule|Species Clause: Limit one of each Pok\u00e9mon\n|rule|Item Clause: Limit 1 of each item\n|clearpoke\n|poke|p1|Floette-Eternal, L50, F|\n|poke|p1|Aerodactyl, L50, M|\n|poke|p1|Incineroar, L50, F|\n|poke|p1|Garchomp, L50, M|\n|poke|p1|Charizard, L50, F|\n|poke|p1|Venusaur, L50, M|\n|poke|p2|Aerodactyl, L50, M|\n|poke|p2|Tyranitar, L50, M|\n|poke|p2|Excadrill, L50, M|\n|poke|p2|Corviknight, L50, F|\n|poke|p2|Sinistcha, L50|\n|poke|p2|Dragapult, L50, F|\n|teampreview|4\n|inactive|Battle timer is ON: inactive players will automatically lose when time's up. (requested by jingming)\n|\n|t:|1776667640\n|teamsize|p1|4\n|teamsize|p2|4\n|start\n|switch|p1a: Charizard|Charizard, L50, F|100/100\n|switch|p1b: Garchomp|Garchomp, L50, M|100/100\n|switch|p2a: Aerodactyl|Aerodactyl, L50, M|100/100\n|switch|p2b: Tyranitar|Tyranitar, L50, M|100/100\n|-ability|p2a: Aerodactyl|Unnerve\n|-weather|Sandstorm|[from] ability: Sand Stream|[of] p2b: Tyranitar\n|turn|1\n|\n|t:|1776667657\n|switch|p1a: Incineroar|Incineroar, L50, F|100/100\n|-ability|p1a: Incineroar|Intimidate|boost\n|-unboost|p2a: Aerodactyl|atk|1\n|-unboost|p2b: Tyranitar|atk|1\n|move|p2a: Aerodactyl|Protect|p2a: Aerodactyl\n|-singleturn|p2a: Aerodactyl|Protect\n|move|p2b: Tyranitar|Protect|p2b: Tyranitar\n|-singleturn|p2b: Tyranitar|Protect\n|move|p1b: Garchomp|Stomping Tantrum|p2b: Tyranitar\n|-activate|p2b: Tyranitar|move: Protect\n|\n|-weather|Sandstorm|[upkeep]\n|-damage|p1a: Incineroar|95/100|[from] Sandstorm\n|upkeep\n|turn|2\n|\n|t:|1776667679\n|switch|p2b: Dragapult|Dragapult, L50, F|100/100\n|move|p1a: Incineroar|Fake Out|p2a: Aerodactyl\n|-resisted|p2a: Aerodactyl|1\n|-damage|p2a: Aerodactyl|92/100\n|move|p1b: Garchomp|Stomping Tantrum|p2b: Dragapult\n|-damage|p2b: Dragapult|42/100\n|cant|p2a: Aerodactyl|flinch\n|\n|-weather|Sandstorm|[upkeep]\n|-damage|p2b: Dragapult|36/100|[from] Sandstorm\n|-damage|p1a: Incineroar|89/100|[from] Sandstorm\n|upkeep\n|turn|3\n|\n|t:|1776667696\n|switch|p1b: Charizard|Charizard, L50, F|100/100\n|move|p2b: Dragapult|Will-O-Wisp|p1b: Charizard\n|-immune|p1b: Charizard\n|move|p2a: Aerodactyl|Rock Slide|p1a: Incineroar|[spread] p1a,p1b\n|-supereffective|p1a: Incineroar|1\n|-supereffective|p1b: Charizard|2\n|-damage|p1a: Incineroar|56/100\n|-damage|p1b: Charizard|17/100\n|cant|p1a: Incineroar|flinch\n|\n|-weather|Sandstorm|[upkeep]\n|-damage|p2b: Dragapult|30/100|[from] Sandstorm\n|-damage|p1b: Charizard|12/100|[from] Sandstorm\n|-damage|p1a: Incineroar|50/100|[from] Sandstorm\n|upkeep\n|turn|4\n|\n|t:|1776667713\n|detailschange|p1b: Charizard|Charizard-Mega-Y, L50, F\n|-mega|p1b: Charizard|Charizard|Charizardite Y\n|-weather|SunnyDay|[from] ability: Drought|[of] p1b: Charizard\n|move|p1b: Charizard|Protect|p1b: Charizard\n|-singleturn|p1b: Charizard|Protect\n|move|p2b: Dragapult|Draco Meteor|p1a: Incineroar\n|-damage|p1a: Incineroar|0 fnt\n|-unboost|p2b: Dragapult|spa|2\n|faint|p1a: Incineroar\n|move|p2a: Aerodactyl|Rock Slide|p1b: Charizard\n|-activate|p1b: Charizard|move: Protect\n|\n|-weather|SunnyDay|[upkeep]\n|upkeep\n|\n|t:|1776667727\n|switch|p1a: Garchomp|Garchomp, L50, M|100/100\n|turn|5\n|inactive|jingming has 30 seconds left.\n|inactive|jingming has 20 seconds left.\n|inactive|jingming has 15 seconds left.\n|inactive|jingming has 10 seconds left.\n|inactive|jingming has 5 seconds left.\n|\n|t:|1776667782\n|switch|p1b: Floette|Floette-Eternal, L50, F|100/100\n|move|p1a: Garchomp|Stomping Tantrum|p2b: Dragapult\n|-damage|p2b: Dragapult|0 fnt\n|faint|p2b: Dragapult\n|move|p2a: Aerodactyl|Dual Wingbeat|p1a: Garchomp\n|-damage|p1a: Garchomp|89/100\n|-damage|p2a: Aerodactyl|79/100|[from] ability: Rough Skin|[of] p1a: Garchomp\n|-damage|p1a: Garchomp|77/100\n|-damage|p2a: Aerodactyl|67/100|[from] ability: Rough Skin|[of] p1a: Garchomp\n|-hitcount|p1a: Garchomp|2\n|\n|-weather|SunnyDay|[upkeep]\n|upkeep\n|\n|t:|1776667807\n|switch|p2b: Tyranitar|Tyranitar, L50, M|100/100\n|-weather|Sandstorm|[from] ability: Sand Stream|[of] p2b: Tyranitar\n|turn|6\n|\n|t:|1776667823\n|detailschange|p2b: Tyranitar|Tyranitar-Mega, L50, M\n|-mega|p2b: Tyranitar|Tyranitar|Tyranitarite\n|move|p1a: Garchomp|Stomping Tantrum|p2b: Tyranitar\n|-supereffective|p2b: Tyranitar|1\n|-damage|p2b: Tyranitar|46/100\n|move|p2a: Aerodactyl|Rock Slide|p1b: Floette|[spread] p1a,p1b\n|-resisted|p1a: Garchomp|1\n|-crit|p1a: Garchomp\n|-damage|p1a: Garchomp|61/100\n|-damage|p1b: Floette|75/100\n|move|p2b: Tyranitar|Rock Slide|p1a: Garchomp|[spread] p1a,p1b\n|-resisted|p1a: Garchomp|1\n|-damage|p1a: Garchomp|46/100\n|-damage|p1b: Floette|25/100\n|cant|p1b: Floette|flinch\n|\n|-weather|Sandstorm|[upkeep]\n|-damage|p1b: Floette|19/100|[from] Sandstorm\n|upkeep\n|turn|7\n|\n|t:|1776667845\n|move|p1a: Garchomp|Stomping Tantrum|p2b: Tyranitar\n|-supereffective|p2b: Tyranitar|1\n|-damage|p2b: Tyranitar|0 fnt\n|faint|p2b: Tyranitar\n|move|p2a: Aerodactyl|Tailwind|p2a: Aerodactyl\n|-sidestart|p2: jingming|move: Tailwind\n|move|p1b: Floette|Moonblast|p2a: Aerodactyl\n|-damage|p2a: Aerodactyl|17/100\n|\n|-weather|Sandstorm|[upkeep]\n|-damage|p1b: Floette|13/100|[from] Sandstorm\n|upkeep\n|\n|t:|1776667851\n|switch|p2b: Excadrill|Excadrill, L50, M|100/100\n|turn|8\n|\n|t:|1776667865\n|move|p1b: Floette|Protect|p1b: Floette\n|-singleturn|p1b: Floette|Protect\n|move|p2b: Excadrill|Earthquake|p1b: Floette|[spread] p1a\n|-activate|p1b: Floette|move: Protect\n|-immune|p2a: Aerodactyl\n|-damage|p1a: Garchomp|8/100\n|move|p2a: Aerodactyl|Rock Slide|p1a: Garchomp|[spread] \n|-activate|p1b: Floette|move: Protect\n|-miss|p2a: Aerodactyl|p1a: Garchomp\n|move|p1a: Garchomp|Stomping Tantrum|p2b: Excadrill\n|-supereffective|p2b: Excadrill|1\n|-damage|p2b: Excadrill|0 fnt\n|faint|p2b: Excadrill\n|\n|-weather|Sandstorm|[upkeep]\n|-damage|p1b: Floette|7/100|[from] Sandstorm\n|upkeep\n|turn|9\n|inactive|bryantexe has 30 seconds left.\n|\n|t:|1776667891\n|switch|p1a: Charizard|Charizard-Mega-Y, L50, F|12/100\n|-weather|SunnyDay|[from] ability: Drought|[of] p1a: Charizard\n|move|p2a: Aerodactyl|Rock Slide|p1b: Floette|[spread] p1b\n|-miss|p2a: Aerodactyl|p1a: Charizard\n|-damage|p1b: Floette|0 fnt\n|faint|p1b: Floette\n|\n|-weather|SunnyDay|[upkeep]\n|upkeep\n|inactive|bryantexe has 30 seconds left.\n|inactive|bryantexe has 20 seconds left.\n|inactive|bryantexe has 15 seconds left.\n|inactive|bryantexe has 10 seconds left.\n|\n|t:|1776667940\n|switch|p1b: Garchomp|Garchomp, L50, M|8/100\n|turn|10\n|\n|t:|1776667951\n|move|p1a: Charizard|Protect|p1a: Charizard\n|-singleturn|p1a: Charizard|Protect\n|move|p2a: Aerodactyl|Rock Slide|p1b: Garchomp|[spread] p1b\n|-activate|p1a: Charizard|move: Protect\n|-resisted|p1b: Garchomp|1\n|-damage|p1b: Garchomp|0 fnt\n|faint|p1b: Garchomp\n|\n|-weather|SunnyDay|[upkeep]\n|-sideend|p2: jingming|move: Tailwind\n|upkeep\n|turn|11\n|\n|t:|1776667962\n|move|p2a: Aerodactyl|Rock Slide|p1a: Charizard|[miss]\n|-miss|p2a: Aerodactyl|p1a: Charizard\n|move|p1a: Charizard|Weather Ball|p2a: Aerodactyl\n|-resisted|p2a: Aerodactyl|1\n|-damage|p2a: Aerodactyl|0 fnt\n|faint|p2a: Aerodactyl\n|\n|win|bryantexe\n|raw|bryantexe's rating: 1102 &rarr; <strong>1134</strong><br />(+32 for winning)\n|raw|jingming's rating: 1202 &rarr; <strong>1170</strong><br />(-32 for losing)\n",
  "uploadtime": 1776667967,
  "views": 19,
  "formatid": "gen9championsvgc2026regma",
  "rating": 1134,
  "private": 0,
  "password": null
}