{
  "id": "gen9championsvgc2026regma-2586666764",
  "format": "[Gen 9 Champions] VGC 2026 Reg M-A",
  "players": [
    "Zana Shaper",
    "aroswing"
  ],
  "log": "|j|\u2606Zana Shaper\n|j|\u2606aroswing\n|t:|1776450565\n|gametype|doubles\n|player|p1|Zana Shaper|rocketgrunt|1304\n|player|p2|aroswing|marnie|1226\n|gen|9\n|tier|[Gen 9 Champions] VGC 2026 Reg M-A\n|rated|\n|rule|Species Clause: Limit one of each Pok\u00e9mon\n|rule|Item Clause: Limit 1 of each item\n|clearpoke\n|poke|p1|Aerodactyl, L50, F|\n|poke|p1|Garchomp, L50, F|\n|poke|p1|Primarina, L50, F|\n|poke|p1|Scovillain, L50, F|\n|poke|p1|Sinistcha, L50|\n|poke|p1|Sneasler, L50, M|\n|poke|p2|Aerodactyl, L50, M|\n|poke|p2|Gallade, L50, M|\n|poke|p2|Gardevoir, L50, F|\n|poke|p2|Garchomp, L50, F|\n|poke|p2|Rotom-Wash, L50|\n|poke|p2|Froslass, L50, F|\n|teampreview|4\n|inactive|Battle timer is ON: inactive players will automatically lose when time's up. (requested by aroswing)\n|inactive|aroswing has 60 seconds left.\n|\n|t:|1776450622\n|teamsize|p1|4\n|teamsize|p2|4\n|start\n|switch|p1a: Primarina|Primarina, L50, F|100/100\n|switch|p1b: Scovillain|Scovillain, L50, F|100/100\n|switch|p2a: Garchomp|Garchomp, L50, F|100/100\n|switch|p2b: Gardevoir|Gardevoir, L50, F, shiny|100/100\n|turn|1\n|\n|t:|1776450646\n|detailschange|p1b: Scovillain|Scovillain-Mega, L50, F\n|-mega|p1b: Scovillain|Scovillain|Scovillainite\n|move|p2a: Garchomp|Protect|p2a: Garchomp\n|-singleturn|p2a: Garchomp|Protect\n|move|p2b: Gardevoir|Dazzling Gleam|p1b: Scovillain|[spread] p1a,p1b\n|-resisted|p1b: Scovillain|1\n|-crit|p1b: Scovillain\n|-damage|p1a: Primarina|71/100\n|-damage|p1b: Scovillain|71/100\n|-status|p2b: Gardevoir|brn|[from] ability: Spicy Spray|[of] p1b: Scovillain\n|move|p1a: Primarina|Calm Mind|p1a: Primarina\n|-boost|p1a: Primarina|spa|1\n|-boost|p1a: Primarina|spd|1\n|move|p1b: Scovillain|Leech Seed|p2a: Garchomp\n|-activate|p2a: Garchomp|move: Protect\n|\n|-heal|p1a: Primarina|77/100|[from] item: Leftovers\n|-damage|p2b: Gardevoir|94/100 brn|[from] brn\n|upkeep\n|turn|2\n|\n|t:|1776450665\n|move|p1b: Scovillain|Rage Powder|p1b: Scovillain\n|-singleturn|p1b: Scovillain|move: Rage Powder\n|move|p2b: Gardevoir|Dazzling Gleam|p1a: Primarina|[spread] p1a,p1b\n|-resisted|p1b: Scovillain|1\n|-damage|p1a: Primarina|56/100\n|-damage|p1b: Scovillain|50/100\n|move|p2a: Garchomp|Earthquake|p1a: Primarina|[spread] p1a,p1b\n|-activate|p2b: Gardevoir|ability: Telepathy\n|-crit|p1b: Scovillain\n|-damage|p1a: Primarina|0 fnt\n|-damage|p1b: Scovillain|0 fnt\n|-status|p2a: Garchomp|brn|[from] ability: Spicy Spray|[of] p1b: Scovillain\n|faint|p1a: Primarina\n|faint|p1b: Scovillain\n|\n|-damage|p2b: Gardevoir|88/100 brn|[from] brn\n|-damage|p2a: Garchomp|95/100 brn|[from] brn\n|upkeep\n|\n|t:|1776450670\n|switch|p1a: Aerodactyl|Aerodactyl, L50, F|100/100\n|switch|p1b: Sneasler|Sneasler, L50, M|100/100\n|-ability|p1a: Aerodactyl|Unnerve\n|turn|3\n|\n|t:|1776450685\n|move|p1a: Aerodactyl|Rock Slide|p2b: Gardevoir|[spread] p2a,p2b\n|-resisted|p2a: Garchomp|1\n|-damage|p2a: Garchomp|82/100 brn\n|-damage|p2b: Gardevoir|46/100 brn\n|cant|p2b: Gardevoir|flinch\n|move|p1b: Sneasler|Dire Claw|p2b: Gardevoir\n|-supereffective|p2b: Gardevoir|1\n|-damage|p2b: Gardevoir|0 fnt\n|faint|p2b: Gardevoir\n|move|p2a: Garchomp|Dragon Claw|p1a: Aerodactyl\n|-damage|p1a: Aerodactyl|66/100\n|\n|-damage|p2a: Garchomp|76/100 brn|[from] brn\n|upkeep\n|\n|t:|1776450701\n|switch|p2b: Aerodactyl|Aerodactyl, L50, M|100/100\n|-ability|p2b: Aerodactyl|Unnerve\n|turn|4\n|\n|t:|1776450714\n|move|p1a: Aerodactyl|Rock Slide|p2b: Aerodactyl|[spread] p2a,p2b\n|-resisted|p2a: Garchomp|1\n|-supereffective|p2b: Aerodactyl|1\n|-damage|p2a: Garchomp|62/100 brn\n|-damage|p2b: Aerodactyl|24/100\n|move|p2b: Aerodactyl|Tailwind|p2b: Aerodactyl\n|-sidestart|p2: aroswing|move: Tailwind\n|move|p2a: Garchomp|Earthquake|p1a: Aerodactyl|[spread] p1b\n|-immune|p2b: Aerodactyl\n|-immune|p1a: Aerodactyl\n|-supereffective|p1b: Sneasler|1\n|-damage|p1b: Sneasler|23/100\n|move|p1b: Sneasler|Close Combat|p2a: Garchomp\n|-damage|p2a: Garchomp|0 fnt\n|-unboost|p1b: Sneasler|def|1\n|-unboost|p1b: Sneasler|spd|1\n|-damage|p1b: Sneasler|11/100|[from] ability: Rough Skin|[of] p2a: Garchomp\n|faint|p2a: Garchomp\n|-enditem|p1b: Sneasler|White Herb\n|-clearnegativeboost|p1b: Sneasler|[silent]\n|\n|upkeep\n|\n|t:|1776450732\n|switch|p2a: Froslass|Froslass, L50, F|100/100\n|turn|5\n|\n|t:|1776450745\n|detailschange|p2a: Froslass|Froslass-Mega, L50, F\n|-mega|p2a: Froslass|Froslass|Froslassite\n|-weather|Snowscape|[from] ability: Snow Warning|[of] p2a: Froslass\n|move|p2b: Aerodactyl|Rock Slide|p1a: Aerodactyl|[spread] \n|-miss|p2b: Aerodactyl|p1a: Aerodactyl\n|-miss|p2b: Aerodactyl|p1b: Sneasler\n|move|p2a: Froslass|Blizzard|p1b: Sneasler|[spread] p1a,p1b\n|-supereffective|p1a: Aerodactyl|1\n|-damage|p1a: Aerodactyl|0 fnt\n|-damage|p1b: Sneasler|0 fnt\n|faint|p1a: Aerodactyl\n|faint|p1b: Sneasler\n|\n|win|aroswing\n|raw|Zana Shaper's rating: 1304 &rarr; <strong>1280</strong><br />(-24 for losing)\n|raw|aroswing's rating: 1226 &rarr; <strong>1257</strong><br />(+31 for winning)\n|l|\u2606Zana Shaper\n|player|p1|\n",
  "uploadtime": 1776450760,
  "views": 41,
  "formatid": "gen9championsvgc2026regma",
  "rating": 1257,
  "private": 0,
  "password": null
}