{
  "id": "gen9championsvgc2026regma-2585889974",
  "format": "[Gen 9 Champions] VGC 2026 Reg M-A",
  "players": [
    "sanfernandobs",
    "Yeatlover20"
  ],
  "log": "|j|\u2606sanfernandobs\n|j|\u2606Yeatlover20\n|t:|1776378779\n|gametype|doubles\n|player|p1|sanfernandobs|170|1443\n|player|p2|Yeatlover20|2|1554\n|gen|9\n|tier|[Gen 9 Champions] VGC 2026 Reg M-A\n|rated|\n|rule|Species Clause: Limit one of each Pok\u00e9mon\n|rule|Item Clause: Limit 1 of each item\n|clearpoke\n|poke|p1|Scovillain, L50, F|\n|poke|p1|Kingambit, L50, M|\n|poke|p1|Incineroar, L50, M|\n|poke|p1|Farigiraf, L50, F|\n|poke|p1|Pelipper, L50, F|\n|poke|p1|Gallade, L50, M|\n|poke|p2|Farigiraf, L50, F|\n|poke|p2|Tyranitar, L50, F|\n|poke|p2|Milotic, L50, M|\n|poke|p2|Kingambit, L50, M|\n|poke|p2|Sinistcha, L50|\n|poke|p2|Incineroar, L50, M|\n|teampreview|4\n|inactive|Battle timer is ON: inactive players will automatically lose when time's up. (requested by Yeatlover20)\n|c|\u2606Yeatlover20|Len?\n|\n|t:|1776378808\n|teamsize|p1|4\n|teamsize|p2|4\n|start\n|switch|p1a: Scovillain|Scovillain, L50, F|100/100\n|switch|p1b: Gallade|Gallade, L50, M|100/100\n|switch|p2a: Milotic|Milotic, L50, M, shiny|100/100\n|switch|p2b: Farigiraf|Farigiraf, L50, F, shiny|100/100\n|turn|1\n|\n|t:|1776378818\n|detailschange|p1a: Scovillain|Scovillain-Mega, L50, F\n|-mega|p1a: Scovillain|Scovillain|Scovillainite\n|move|p1b: Gallade|Sacred Sword|p2a: Milotic\n|-damage|p2a: Milotic|6/100\n|move|p2a: Milotic|Scald|p1b: Gallade\n|-damage|p1b: Gallade|68/100\n|-status|p1b: Gallade|brn\n|move|p1a: Scovillain|Leaf Storm|p2a: Milotic\n|-supereffective|p2a: Milotic|1\n|-damage|p2a: Milotic|0 fnt\n|-unboost|p1a: Scovillain|spa|2\n|faint|p2a: Milotic\n|move|p2b: Farigiraf|Psychic|p1b: Gallade\n|-damage|p1b: Gallade|35/100 brn\n|\n|-damage|p1b: Gallade|29/100 brn|[from] brn\n|upkeep\n|\n|t:|1776378833\n|switch|p2a: Tyranitar|Tyranitar, L50, F, shiny|100/100\n|-weather|Sandstorm|[from] ability: Sand Stream|[of] p2a: Tyranitar\n|turn|2\n|\n|t:|1776378848\n|detailschange|p2a: Tyranitar|Tyranitar-Mega, L50, F, shiny\n|-mega|p2a: Tyranitar|Tyranitar|Tyranitarite\n|move|p1a: Scovillain|Rage Powder|p1a: Scovillain\n|-singleturn|p1a: Scovillain|move: Rage Powder\n|move|p2a: Tyranitar|Rock Slide|p1a: Scovillain|[spread] p1a,p1b\n|-supereffective|p1a: Scovillain|1\n|-resisted|p1b: Gallade|1\n|-damage|p1a: Scovillain|31/100\n|-damage|p1b: Gallade|5/100 brn\n|-status|p2a: Tyranitar|brn|[from] ability: Spicy Spray|[of] p1a: Scovillain\n|move|p1b: Gallade|Trick Room|p1b: Gallade\n|-fieldstart|move: Trick Room|[of] p1b: Gallade\n|move|p2b: Farigiraf|Trick Room|p2b: Farigiraf\n|-fieldend|move: Trick Room\n|\n|-weather|Sandstorm|[upkeep]\n|-damage|p1b: Gallade|0 fnt|[from] Sandstorm\n|-damage|p1a: Scovillain|25/100|[from] Sandstorm\n|-damage|p2b: Farigiraf|94/100|[from] Sandstorm\n|faint|p1b: Gallade\n|-damage|p2a: Tyranitar|94/100 brn|[from] brn\n|upkeep\n|\n|t:|1776378861\n|switch|p1b: Pelipper|Pelipper, L50, F|100/100\n|-weather|RainDance|[from] ability: Drizzle|[of] p1b: Pelipper\n|turn|3\n|\n|t:|1776378869\n|switch|p1a: Incineroar|Incineroar, L50, M|100/100\n|-ability|p1a: Incineroar|Intimidate|boost\n|-unboost|p2a: Tyranitar|atk|1\n|-unboost|p2b: Farigiraf|atk|1\n|switch|p2a: Kingambit|Kingambit, L50, M, shiny|100/100\n|move|p1b: Pelipper|Weather Ball|p2a: Kingambit\n|-damage|p2a: Kingambit|31/100\n|move|p2b: Farigiraf|Hyper Voice|p1b: Pelipper|[spread] p1a,p1b\n|-damage|p1a: Incineroar|77/100\n|-damage|p1b: Pelipper|63/100\n|\n|-weather|RainDance|[upkeep]\n|upkeep\n|turn|4\n|j| Choklit Milk\n|l| Choklit Milk\n|\n|t:|1776378889\n|move|p2a: Kingambit|Sucker Punch|p1b: Pelipper\n|-damage|p1b: Pelipper|20/100\n|move|p1b: Pelipper|Weather Ball|p2b: Farigiraf\n|-damage|p2b: Farigiraf|19/100\n|-enditem|p2b: Farigiraf|Sitrus Berry|[eat]\n|-heal|p2b: Farigiraf|43/100|[from] item: Sitrus Berry\n|move|p1a: Incineroar|Close Combat|p2a: Kingambit\n|-supereffective|p2a: Kingambit|2\n|-enditem|p2a: Kingambit|Chople Berry|[eat]\n|-enditem|p2a: Kingambit|Chople Berry|[weaken]\n|-damage|p2a: Kingambit|0 fnt\n|-unboost|p1a: Incineroar|def|1\n|-unboost|p1a: Incineroar|spd|1\n|faint|p2a: Kingambit\n|-enditem|p1a: Incineroar|White Herb\n|-clearnegativeboost|p1a: Incineroar|[silent]\n|move|p2b: Farigiraf|Trick Room|p2b: Farigiraf\n|-fieldstart|move: Trick Room|[of] p2b: Farigiraf\n|\n|-weather|RainDance|[upkeep]\n|upkeep\n|\n|t:|1776378899\n|switch|p2a: Tyranitar|Tyranitar-Mega, L50, F, shiny|94/100 brn\n|-weather|Sandstorm|[from] ability: Sand Stream|[of] p2a: Tyranitar\n|turn|5\n|\n|t:|1776378916\n|move|p1b: Pelipper|Wide Guard|p1b: Pelipper\n|-singleturn|p1b: Pelipper|Wide Guard\n|move|p1a: Incineroar|Close Combat|p2a: Tyranitar\n|-supereffective|p2a: Tyranitar|2\n|-damage|p2a: Tyranitar|0 fnt\n|-unboost|p1a: Incineroar|def|1\n|-unboost|p1a: Incineroar|spd|1\n|faint|p2a: Tyranitar\n|move|p2b: Farigiraf|Hyper Voice|p1a: Incineroar|[spread] \n|-activate|p1a: Incineroar|move: Wide Guard\n|-activate|p1b: Pelipper|move: Wide Guard\n|\n|-weather|Sandstorm|[upkeep]\n|-damage|p2b: Farigiraf|37/100|[from] Sandstorm\n|-damage|p1a: Incineroar|71/100|[from] Sandstorm\n|-damage|p1b: Pelipper|14/100|[from] Sandstorm\n|upkeep\n|turn|6\n|\n|t:|1776378931\n|move|p1b: Pelipper|Wide Guard|p1b: Pelipper\n|-singleturn|p1b: Pelipper|Wide Guard\n|move|p2b: Farigiraf|Psychic|p1b: Pelipper\n|-damage|p1b: Pelipper|0 fnt\n|faint|p1b: Pelipper\n|move|p1a: Incineroar|Darkest Lariat|p2b: Farigiraf\n|-supereffective|p2b: Farigiraf|1\n|-damage|p2b: Farigiraf|0 fnt\n|faint|p2b: Farigiraf\n|\n|win|sanfernandobs\n|raw|sanfernandobs's rating: 1443 &rarr; <strong>1469</strong><br />(+26 for winning)\n|raw|Yeatlover20's rating: 1554 &rarr; <strong>1528</strong><br />(-26 for losing)\n|l|\u2606Yeatlover20\n|player|p2|\n|c|\u2606sanfernandobs|No era.len\n|c|\u2606sanfernandobs|Perdona.q te acabo.de leer\n|c|\u2606sanfernandobs|Un fan\n|c|\u2606sanfernandobs|Gg\n",
  "uploadtime": 1776379003,
  "views": 33,
  "formatid": "gen9championsvgc2026regma",
  "rating": 1469,
  "private": 0,
  "password": null
}