{
  "id": "gen9championsvgc2026regma-2586608278",
  "format": "[Gen 9 Champions] VGC 2026 Reg M-A",
  "players": [
    "uzuiy",
    "TytaniumV"
  ],
  "log": "|j|\u2606uzuiy\n|j|\u2606TytaniumV\n|t:|1776446471\n|gametype|doubles\n|player|p1|uzuiy|pokemaniac|1248\n|player|p2|TytaniumV|cyclist-gen4|1318\n|gen|9\n|tier|[Gen 9 Champions] VGC 2026 Reg M-A\n|rated|\n|rule|Species Clause: Limit one of each Pok\u00e9mon\n|rule|Item Clause: Limit 1 of each item\n|clearpoke\n|poke|p1|Pelipper, L50, M|\n|poke|p1|Basculegion, L50, M|\n|poke|p1|Dragonite, L50, F|\n|poke|p1|Archaludon, L50, F|\n|poke|p1|Sneasler, L50, F|\n|poke|p1|Incineroar, L50, F|\n|poke|p2|Garchomp, L50, M|\n|poke|p2|Rotom-Wash, L50|\n|poke|p2|Delphox, L50, M|\n|poke|p2|Orthworm, L50, M|\n|poke|p2|Tyranitar, L50, F|\n|poke|p2|Aerodactyl, L50, F|\n|teampreview|4\n|inactive|Battle timer is ON: inactive players will automatically lose when time's up. (requested by uzuiy)\nuzuiy rejected open team sheets.\n|inactive|TytaniumV has 60 seconds left.\n|\n|t:|1776446611\n|teamsize|p1|4\n|teamsize|p2|4\n|start\n|switch|p1a: Pelipper|Pelipper, L50, M|100/100\n|switch|p1b: Basculegion|Basculegion, L50, M, shiny|100/100\n|switch|p2a: Tyranitar|Tyranitar, L50, F|100/100\n|switch|p2b: Rotom|Rotom-Wash, L50|100/100\n|-weather|RainDance|[from] ability: Drizzle|[of] p1a: Pelipper\n|-weather|Sandstorm|[from] ability: Sand Stream|[of] p2a: Tyranitar\n|turn|1\n|\n|t:|1776446627\n|switch|p2a: Garchomp|Garchomp, L50, M|100/100\n|move|p1a: Pelipper|Protect|p1a: Pelipper\n|-singleturn|p1a: Pelipper|Protect\n|move|p1b: Basculegion|Flip Turn|p2a: Garchomp\n|-damage|p2a: Garchomp|64/100\n|\n|t:|1776446637\n|switch|p1b: Incineroar|Incineroar, L50, F|100/100|[from] Flip Turn\n|-ability|p1b: Incineroar|Intimidate|boost\n|-unboost|p2a: Garchomp|atk|1\n|-unboost|p2b: Rotom|atk|1\n|move|p2b: Rotom|Will-O-Wisp|p1b: Incineroar\n|-immune|p1b: Incineroar\n|\n|-weather|Sandstorm|[upkeep]\n|-damage|p1a: Pelipper|95/100|[from] Sandstorm\n|-damage|p2b: Rotom|95/100|[from] Sandstorm\n|-damage|p1b: Incineroar|95/100|[from] Sandstorm\n|-heal|p2b: Rotom|100/100|[from] item: Leftovers\n|upkeep\n|turn|2\n|\n|t:|1776446662\n|switch|p1a: Basculegion|Basculegion, L50, M, shiny|100/100\n|move|p1b: Incineroar|Fake Out|p2b: Rotom\n|-crit|p2b: Rotom\n|-damage|p2b: Rotom|85/100\n|move|p2a: Garchomp|Rock Slide|p1b: Incineroar|[spread] p1a,p1b\n|-supereffective|p1b: Incineroar|1\n|-damage|p1a: Basculegion|84/100\n|-damage|p1b: Incineroar|73/100\n|cant|p2b: Rotom|flinch\n|\n|-weather|Sandstorm|[upkeep]\n|-damage|p1a: Basculegion|78/100|[from] Sandstorm\n|-damage|p2b: Rotom|79/100|[from] Sandstorm\n|-damage|p1b: Incineroar|67/100|[from] Sandstorm\n|-heal|p2b: Rotom|85/100|[from] item: Leftovers\n|upkeep\n|turn|3\n|\n|t:|1776446678\n|switch|p1b: Pelipper|Pelipper, L50, M|95/100\n|-weather|RainDance|[from] ability: Drizzle|[of] p1b: Pelipper\n|move|p1a: Basculegion|Flip Turn|p2a: Garchomp\n|-damage|p2a: Garchomp|3/100\n|\n|t:|1776446687\n|switch|p1a: Incineroar|Incineroar, L50, F|67/100|[from] Flip Turn\n|-ability|p1a: Incineroar|Intimidate|boost\n|-unboost|p2a: Garchomp|atk|1\n|-unboost|p2b: Rotom|atk|1\n|move|p2a: Garchomp|Rock Slide|p1b: Pelipper|[spread] p1a,p1b\n|-supereffective|p1a: Incineroar|1\n|-supereffective|p1b: Pelipper|1\n|-damage|p1a: Incineroar|49/100\n|-damage|p1b: Pelipper|70/100\n|-enditem|p1a: Incineroar|Sitrus Berry|[eat]\n|-heal|p1a: Incineroar|74/100|[from] item: Sitrus Berry\n|move|p2b: Rotom|Volt Switch|p1a: Incineroar\n|-damage|p1a: Incineroar|49/100\n|\n|t:|1776446690\n|switch|p2b: Tyranitar|Tyranitar, L50, F|100/100|[from] Volt Switch\n|-weather|Sandstorm|[from] ability: Sand Stream|[of] p2b: Tyranitar\n|\n|-weather|Sandstorm|[upkeep]\n|-damage|p1b: Pelipper|64/100|[from] Sandstorm\n|-damage|p1a: Incineroar|43/100|[from] Sandstorm\n|upkeep\n|turn|4\n|\n|t:|1776446712\n|switch|p2a: Orthworm|Orthworm, L50, M|100/100\n|switch|p1b: Dragonite|Dragonite, L50, F|100/100\n|move|p1a: Incineroar|Fake Out|p2a: Orthworm\n|-resisted|p2a: Orthworm|1\n|-damage|p2a: Orthworm|98/100\n|move|p2b: Tyranitar|Knock Off|p1b: Dragonite\n|-damage|p1b: Dragonite|78/100\n|\n|-weather|Sandstorm|[upkeep]\n|-damage|p1b: Dragonite|72/100|[from] Sandstorm\n|-damage|p1a: Incineroar|37/100|[from] Sandstorm\n|upkeep\n|turn|5\n|inactive|uzuiy has 30 seconds left.\n|inactive|uzuiy has 20 seconds left.\n|inactive|uzuiy has 15 seconds left.\n|\n|t:|1776446753\n|switch|p1b: Basculegion|Basculegion, L50, M, shiny|78/100\n|move|p1a: Incineroar|Parting Shot|p2b: Tyranitar\n|-unboost|p2b: Tyranitar|atk|1\n|-unboost|p2b: Tyranitar|spa|1\n|\n|t:|1776446759\n|switch|p1a: Pelipper|Pelipper, L50, M|64/100|[from] Parting Shot\n|-weather|RainDance|[from] ability: Drizzle|[of] p1a: Pelipper\n|move|p2a: Orthworm|Iron Defense|p2a: Orthworm\n|-boost|p2a: Orthworm|def|2\n|move|p2b: Tyranitar|Rock Slide|p1a: Pelipper|[spread] p1a,p1b\n|-supereffective|p1a: Pelipper|1\n|-damage|p1a: Pelipper|6/100\n|-damage|p1b: Basculegion|52/100\n|\n|-weather|RainDance|[upkeep]\n|upkeep\n|turn|6\n|\n|t:|1776446776\n|detailschange|p2b: Tyranitar|Tyranitar-Mega, L50, F\n|-mega|p2b: Tyranitar|Tyranitar|Tyranitarite\n|-weather|Sandstorm|[from] ability: Sand Stream|[of] p2b: Tyranitar\n|move|p1a: Pelipper|Protect|p1a: Pelipper\n|-singleturn|p1a: Pelipper|Protect\n|move|p2b: Tyranitar|Protect|p2b: Tyranitar\n|-singleturn|p2b: Tyranitar|Protect\n|move|p1b: Basculegion|Wave Crash|p2b: Tyranitar\n|-activate|p2b: Tyranitar|move: Protect\n|move|p2a: Orthworm|Heavy Slam|p1b: Basculegion\n|-resisted|p1b: Basculegion|1\n|-damage|p1b: Basculegion|41/100\n|\n|-weather|Sandstorm|[upkeep]\n|-damage|p1b: Basculegion|35/100|[from] Sandstorm\n|-damage|p1a: Pelipper|0 fnt|[from] Sandstorm\n|faint|p1a: Pelipper\n|upkeep\n|\n|t:|1776446791\n|switch|p1a: Incineroar|Incineroar, L50, F|37/100\n|-ability|p1a: Incineroar|Intimidate|boost\n|-unboost|p2a: Orthworm|atk|1\n|-unboost|p2b: Tyranitar|atk|1\n|turn|7\n|\n|t:|1776446800\n|switch|p2b: Rotom|Rotom-Wash, L50|85/100\n|move|p1b: Basculegion|Wave Crash|p2b: Rotom\n|-resisted|p2b: Rotom|1\n|-damage|p2b: Rotom|42/100\n|-damage|p1b: Basculegion|23/100|[from] Recoil\n|move|p1a: Incineroar|Flare Blitz|p2a: Orthworm\n|-supereffective|p2a: Orthworm|1\n|-damage|p2a: Orthworm|71/100\n|-damage|p1a: Incineroar|29/100|[from] Recoil\n|move|p2a: Orthworm|Body Press|p1a: Incineroar\n|-supereffective|p1a: Incineroar|1\n|-damage|p1a: Incineroar|0 fnt\n|faint|p1a: Incineroar\n|\n|-weather|Sandstorm|[upkeep]\n|-damage|p1b: Basculegion|17/100|[from] Sandstorm\n|-damage|p2b: Rotom|36/100|[from] Sandstorm\n|-heal|p2b: Rotom|42/100|[from] item: Leftovers\n|upkeep\n|\n|t:|1776446816\n|switch|p1a: Dragonite|Dragonite, L50, F|72/100\n|turn|8\n|\n|t:|1776446834\n|detailschange|p1a: Dragonite|Dragonite-Mega, L50, F\n|-mega|p1a: Dragonite|Dragonite|Dragoninite\n|move|p1a: Dragonite|Dragon Pulse|p2a: Orthworm\n|-resisted|p2a: Orthworm|1\n|-damage|p2a: Orthworm|30/100\n|-enditem|p2a: Orthworm|Sitrus Berry|[eat]\n|-heal|p2a: Orthworm|55/100|[from] item: Sitrus Berry\n|move|p1b: Basculegion|Last Respects|p2a: Orthworm\n|-damage|p2a: Orthworm|31/100\n|move|p2b: Rotom|Volt Switch|p1b: Basculegion\n|-supereffective|p1b: Basculegion|1\n|-damage|p1b: Basculegion|0 fnt\n|faint|p1b: Basculegion\n|-message|uzuiy forfeited.\n|\n|win|TytaniumV\n|raw|uzuiy's rating: 1248 &rarr; <strong>1228</strong><br />(-20 for losing)\n|raw|TytaniumV's rating: 1318 &rarr; <strong>1334</strong><br />(+16 for winning)\n|l|\u2606uzuiy\n|player|p1|\n|l|\u2606TytaniumV\n|player|p2|\n|j|\u2606TytaniumV\n|player|p2|TytaniumV|cyclist-gen4|\n",
  "uploadtime": 1776446854,
  "views": 35,
  "formatid": "gen9championsvgc2026regma",
  "rating": 1228,
  "private": 0,
  "password": null
}