{
  "id": "gen9championsvgc2026regma-2587991071",
  "format": "[Gen 9 Champions] VGC 2026 Reg M-A",
  "players": [
    "chinhszcute",
    "p3elz"
  ],
  "log": "|j|\u2606chinhszcute\n|j|\u2606p3elz\n|t:|1776589713\n|gametype|doubles\n|player|p1|chinhszcute|266|1042\n|player|p2|p3elz|benga|1087\n|gen|9\n|tier|[Gen 9 Champions] VGC 2026 Reg M-A\n|rated|\n|rule|Species Clause: Limit one of each Pok\u00e9mon\n|rule|Item Clause: Limit 1 of each item\n|clearpoke\n|poke|p1|Incineroar, L50, F|\n|poke|p1|Charizard, L50, F|\n|poke|p1|Torkoal, L50, F|\n|poke|p1|Archaludon, L50, M|\n|poke|p1|Whimsicott, L50, F|\n|poke|p1|Sinistcha, L50|\n|poke|p2|Ceruledge, L50, M|\n|poke|p2|Altaria, L50, M|\n|poke|p2|Manectric, L50, M|\n|poke|p2|Slowbro, L50, F|\n|poke|p2|Pelipper, L50, F|\n|poke|p2|Charizard, L50, F|\n|teampreview|4\n|\n|t:|1776589753\n|teamsize|p1|4\n|teamsize|p2|4\n|start\n|switch|p1a: Archaludon|Archaludon, L50, M|100/100\n|switch|p1b: Incineroar|Incineroar, L50, F|100/100\n|switch|p2a: Slowbro|Slowbro, L50, F|100/100\n|switch|p2b: Manectric|Manectric, L50, M|100/100\n|-ability|p1b: Incineroar|Intimidate|boost\n|-unboost|p2a: Slowbro|atk|1\n|-unboost|p2b: Manectric|atk|1\n|turn|1\n|\n|t:|1776589784\n|move|p2a: Slowbro|Protect|p2a: Slowbro\n|-singleturn|p2a: Slowbro|Protect\n|move|p1b: Incineroar|Fake Out|p2a: Slowbro\n|-activate|p2a: Slowbro|move: Protect\n|move|p2b: Manectric|Supercell Slam|p1b: Incineroar\n|-damage|p1b: Incineroar|78/100\n|move|p1a: Archaludon|Draco Meteor|p2b: Manectric\n|-damage|p2b: Manectric|0 fnt\n|-unboost|p1a: Archaludon|spa|2\n|faint|p2b: Manectric\n|\n|upkeep\n|\n|t:|1776589796\n|switch|p2b: Charizard|Charizard, L50, F|100/100\n|turn|2\n|\n|t:|1776589804\n|detailschange|p2b: Charizard|Charizard-Mega-Y, L50, F\n|-mega|p2b: Charizard|Charizard|Charizardite Y\n|-weather|SunnyDay|[from] ability: Drought|[of] p2b: Charizard\n|move|p2b: Charizard|Protect|p2b: Charizard\n|-singleturn|p2b: Charizard|Protect\n|move|p1a: Archaludon|Protect|p1a: Archaludon\n|-singleturn|p1a: Archaludon|Protect\n|move|p1b: Incineroar|Parting Shot|p2b: Charizard\n|-activate|p2b: Charizard|move: Protect\n|move|p2a: Slowbro|Yawn|p1a: Archaludon\n|-activate|p1a: Archaludon|move: Protect\n|\n|-weather|SunnyDay|[upkeep]\n|upkeep\n|turn|3\n|\n|t:|1776589826\n|switch|p1a: Whimsicott|Whimsicott, L50, F|100/100\n|move|p2b: Charizard|Hurricane|p1b: Incineroar|[miss]\n|-miss|p2b: Charizard|p1b: Incineroar\n|move|p1b: Incineroar|Parting Shot|p2b: Charizard\n|-unboost|p2b: Charizard|atk|1\n|-unboost|p2b: Charizard|spa|1\n|\n|t:|1776589834\n|switch|p1b: Charizard|Charizard, L50, F|100/100|[from] Parting Shot\n|move|p2a: Slowbro|Yawn|p1a: Whimsicott\n|-start|p1a: Whimsicott|move: Yawn|[of] p2a: Slowbro\n|\n|-weather|SunnyDay|[upkeep]\n|-damage|p1b: Charizard|88/100|[from] ability: Solar Power|[of] p1b: Charizard\n|upkeep\n|turn|4\n|\n|t:|1776589882\n|move|p1b: Charizard|Protect|p1b: Charizard\n|-singleturn|p1b: Charizard|Protect\n|move|p1a: Whimsicott|Tailwind|p1a: Whimsicott\n|-sidestart|p1: chinhszcute|move: Tailwind\n|move|p2b: Charizard|Heat Wave|p1b: Charizard|[spread] p1a\n|-activate|p1b: Charizard|move: Protect\n|-supereffective|p1a: Whimsicott|1\n|-damage|p1a: Whimsicott|9/100\n|move|p2a: Slowbro|Yawn|p1b: Charizard\n|-activate|p1b: Charizard|move: Protect\n|\n|-weather|SunnyDay|[upkeep]\n|-damage|p1b: Charizard|76/100|[from] ability: Solar Power|[of] p1b: Charizard\n|-end|p1a: Whimsicott|move: Yawn|[silent]\n|-status|p1a: Whimsicott|slp\n|upkeep\n|turn|5\n|\n|t:|1776589901\n|switch|p1a: Incineroar|Incineroar, L50, F|78/100\n|-ability|p1a: Incineroar|Intimidate|boost\n|-unboost|p2a: Slowbro|atk|1\n|-unboost|p2b: Charizard|atk|1\n|detailschange|p1b: Charizard|Charizard-Mega-Y, L50, F\n|-mega|p1b: Charizard|Charizard|Charizardite Y\n|move|p1b: Charizard|Heat Wave|p2a: Slowbro|[spread] p2b\n|-miss|p1b: Charizard|p2a: Slowbro\n|-resisted|p2b: Charizard|1\n|-damage|p2b: Charizard|66/100\n|move|p2b: Charizard|Hurricane|p1b: Charizard|[miss]\n|-miss|p2b: Charizard|p1b: Charizard\n|move|p2a: Slowbro|Yawn|p1b: Charizard\n|-start|p1b: Charizard|move: Yawn|[of] p2a: Slowbro\n|\n|-weather|SunnyDay|[upkeep]\n|upkeep\n|turn|6\n|-message|chinhszcute forfeited.\n|\n|win|p3elz\n|raw|chinhszcute's rating: 1042 &rarr; <strong>1028</strong><br />(-14 for losing)\n|raw|p3elz's rating: 1087 &rarr; <strong>1110</strong><br />(+23 for winning)\n|l|\u2606chinhszcute\n|player|p1|\n",
  "uploadtime": 1776589922,
  "views": 9,
  "formatid": "gen9championsvgc2026regma",
  "rating": 1028,
  "private": 0,
  "password": null
}