{
  "id": "gen9championsvgc2026regma-2582064388",
  "format": "[Gen 9 Champions] VGC 2026 Reg M-A",
  "players": [
    "NightwalkerYt",
    "Robin67678"
  ],
  "log": "|j|\u2606NightwalkerYt\n|j|\u2606Robin67678\n|t:|1776053543\n|gametype|doubles\n|player|p1|NightwalkerYt|ethan|1111\n|player|p2|Robin67678|red|1139\n|gen|9\n|tier|[Gen 9 Champions] VGC 2026 Reg M-A\n|rated|\n|rule|Species Clause: Limit one of each Pok\u00e9mon\n|rule|Item Clause: Limit 1 of each item\n|clearpoke\n|poke|p1|Golurk, L50|\n|poke|p1|Mimikyu, L50, M|\n|poke|p1|Farigiraf, L50, F|\n|poke|p1|Rampardos, L50, M|\n|poke|p1|Tyranitar, L50, F|\n|poke|p1|Incineroar, L50, M|\n|poke|p2|Meganium, L50, M|\n|poke|p2|Arcanine-Hisui, L50, F|\n|poke|p2|Farigiraf, L50, F|\n|poke|p2|Kingambit, L50, M|\n|poke|p2|Rotom-Wash, L50|\n|poke|p2|Scovillain, L50, F|\n|teampreview|4\n|inactive|Battle timer is ON: inactive players will automatically lose when time's up. (requested by Robin67678)\n|inactive|Robin67678 has 60 seconds left.\n|c|\u2606NightwalkerYt|GL HF\n|\n|t:|1776053600\n|teamsize|p1|4\n|teamsize|p2|4\n|start\n|switch|p1a: Screamer|Farigiraf, L50, F|100/100\n|switch|p1b: Wolfey|Incineroar, L50, M|100/100\n|switch|p2a: Scovillain|Scovillain, L50, F|100/100\n|switch|p2b: Rotom|Rotom-Wash, L50|100/100\n|-ability|p1b: Wolfey|Intimidate|boost\n|-unboost|p2a: Scovillain|atk|1\n|-unboost|p2b: Rotom|atk|1\n|turn|1\n|\n|t:|1776053625\n|detailschange|p2a: Scovillain|Scovillain-Mega, L50, F\n|-mega|p2a: Scovillain|Scovillain|Scovillainite\n|move|p2b: Rotom|Hydro Pump|p1b: Wolfey\n|-supereffective|p1b: Wolfey|1\n|-damage|p1b: Wolfey|23/100\n|-enditem|p1b: Wolfey|Sitrus Berry|[eat]\n|-heal|p1b: Wolfey|48/100|[from] item: Sitrus Berry\n|move|p2a: Scovillain|Super Fang|p1b: Wolfey\n|-damage|p1b: Wolfey|24/100\n|move|p1b: Wolfey|Parting Shot|p2a: Scovillain\n|-unboost|p2a: Scovillain|atk|1\n|-unboost|p2a: Scovillain|spa|1\n|\n|t:|1776053635\n|switch|p1b: Ramp|Rampardos, L50, M|100/100|[from] Parting Shot\n|-ability|p1b: Ramp|Mold Breaker\n|move|p1a: Screamer|Trick Room|p1a: Screamer\n|-fieldstart|move: Trick Room|[of] p1a: Screamer\n|\n|upkeep\n|turn|2\n|\n|t:|1776053659\n|move|p2a: Scovillain|Rage Powder|p2a: Scovillain\n|-singleturn|p2a: Scovillain|move: Rage Powder\n|move|p1b: Ramp|Head Smash|p2a: Scovillain\n|-supereffective|p2a: Scovillain|1\n|-damage|p2a: Scovillain|0 fnt\n|-status|p1b: Ramp|brn|[from] ability: Spicy Spray|[of] p2a: Scovillain\n|faint|p2a: Scovillain\n|-damage|p1b: Ramp|52/100 brn|[from] Recoil\n|move|p1a: Screamer|Hyper Voice|p2b: Rotom\n|-damage|p2b: Rotom|50/100\n|move|p2b: Rotom|Hydro Pump|p1b: Ramp\n|-supereffective|p1b: Ramp|1\n|-damage|p1b: Ramp|0 fnt\n|faint|p1b: Ramp\n|\n|-heal|p2b: Rotom|56/100|[from] item: Leftovers\n|upkeep\n|c|\u2606NightwalkerYt|Ngl I thought Mold breaker would ignore it.\n|\n|t:|1776053682\n|switch|p1b: T-tar|Tyranitar, L50, F|100/100\n|switch|p2a: Kingambit|Kingambit, L50, M|100/100\n|-weather|Sandstorm|[from] ability: Sand Stream|[of] p1b: T-tar\n|turn|3\n|\n|t:|1776053702\n|detailschange|p1b: T-tar|Tyranitar-Mega, L50, F\n|-mega|p1b: T-tar|Tyranitar|Tyranitarite\n|move|p2a: Kingambit|Iron Head|p1b: T-tar\n|-supereffective|p1b: T-tar|1\n|-damage|p1b: T-tar|41/100\n|move|p1a: Screamer|Dazzling Gleam|p2a: Kingambit|[spread] p2a,p2b\n|-damage|p2a: Kingambit|84/100\n|-damage|p2b: Rotom|35/100\n|move|p1b: T-tar|Knock Off|p2b: Rotom\n|-damage|p2b: Rotom|0 fnt\n|-enditem|p2b: Rotom|Leftovers|[from] move: Knock Off|[of] p1b: T-tar\n|faint|p2b: Rotom\n|\n|-weather|Sandstorm|[upkeep]\n|-damage|p1a: Screamer|94/100|[from] Sandstorm\n|upkeep\n|\n|t:|1776053715\n|switch|p2b: Farigiraf|Farigiraf, L50, F|100/100\n|turn|4\n|\n|t:|1776053732\n|move|p2b: Farigiraf|Helping Hand|p2a: Kingambit\n|-singleturn|p2a: Kingambit|Helping Hand|[of] p2b: Farigiraf\n|move|p1b: T-tar|Protect|p1b: T-tar\n|-singleturn|p1b: T-tar|Protect\n|move|p2a: Kingambit|Kowtow Cleave|p1a: Screamer\n|-supereffective|p1a: Screamer|1\n|-damage|p1a: Screamer|0 fnt\n|faint|p1a: Screamer\n|\n|-weather|Sandstorm|[upkeep]\n|-damage|p2b: Farigiraf|94/100|[from] Sandstorm\n|upkeep\n|\n|t:|1776053741\n|switch|p1a: Wolfey|Incineroar, L50, M|24/100\n|-ability|p1a: Wolfey|Intimidate|boost\n|-unboost|p2a: Kingambit|atk|1\n|-ability|p2a: Kingambit|Defiant|boost\n|-boost|p2a: Kingambit|atk|2\n|-unboost|p2b: Farigiraf|atk|1\n|turn|5\n|c|\u2606NightwalkerYt|ggs\n|\n|t:|1776053754\n|move|p2a: Kingambit|Iron Head|p1b: T-tar\n|-supereffective|p1b: T-tar|1\n|-damage|p1b: T-tar|0 fnt\n|faint|p1b: T-tar\n|move|p1a: Wolfey|Flare Blitz|p2a: Kingambit\n|-supereffective|p2a: Kingambit|1\n|-damage|p2a: Kingambit|17/100\n|-status|p2a: Kingambit|brn\n|-damage|p1a: Wolfey|1/100|[from] Recoil\n|move|p2b: Farigiraf|Hyper Voice|p1a: Wolfey\n|-damage|p1a: Wolfey|0 fnt\n|faint|p1a: Wolfey\n|\n|win|Robin67678\n|raw|NightwalkerYt's rating: 1111 &rarr; <strong>1088</strong><br />(-23 for losing)\n|raw|Robin67678's rating: 1139 &rarr; <strong>1162</strong><br />(+23 for winning)\n|c|\u2606Robin67678|Gg\n|l|\u2606Robin67678\n|player|p2|\n",
  "uploadtime": 1776053811,
  "views": 14,
  "formatid": "gen9championsvgc2026regma",
  "rating": 1088,
  "private": 0,
  "password": null
}