{
  "id": "gen9championsvgc2026regma-2581884354",
  "format": "[Gen 9 Champions] VGC 2026 Reg M-A",
  "players": [
    "miratrice",
    "isalynne4"
  ],
  "log": "|j|\u2606miratrice\n|j|\u2606isalynne4\n|t:|1776036587\n|gametype|doubles\n|player|p1|miratrice|psychicf-gen4|\n|player|p2|isalynne4|shauntal|\n|gen|9\n|tier|[Gen 9 Champions] VGC 2026 Reg M-A\n|rule|Species Clause: Limit one of each Pok\u00e9mon\n|rule|Item Clause: Limit 1 of each item\n|clearpoke\n|poke|p1|Torkoal, L50, M|\n|poke|p1|Lopunny, L50, F|\n|poke|p1|Volcarona, L50, M|\n|poke|p1|Gallade, L50, M|\n|poke|p1|Aerodactyl, L50, F|\n|poke|p1|Kingambit, L50, M|\n|poke|p2|Froslass, L50, F|\n|poke|p2|Sinistcha, L50|\n|poke|p2|Ninetales-Alola, L50, M|\n|poke|p2|Glimmora, L50, M|\n|poke|p2|Incineroar, L50, F|\n|poke|p2|Clefable, L50, F|\n|teampreview|4\n|\n|t:|1776036654\n|teamsize|p1|4\n|teamsize|p2|4\n|start\n|switch|p1a: Lopunny|Lopunny, L50, F|100/100\n|switch|p1b: Torkoal|Torkoal, L50, M|100/100\n|switch|p2a: Kirkiller|Glimmora, L50, M|100/100\n|switch|p2b: Clefable|Clefable, L50, F|100/100\n|-weather|SunnyDay|[from] ability: Drought|[of] p1b: Torkoal\n|turn|1\n|\n|t:|1776036677\n|detailschange|p1a: Lopunny|Lopunny-Mega, L50, F\n|-mega|p1a: Lopunny|Lopunny|Lopunnite\n|detailschange|p2a: Kirkiller|Glimmora-Mega, L50, M\n|-mega|p2a: Kirkiller|Glimmora|Glimmoranite\n|move|p2b: Clefable|Follow Me|p2b: Clefable\n|-singleturn|p2b: Clefable|move: Follow Me\n|move|p1a: Lopunny|After You||[still]\n|-fail|p1a: Lopunny\n|move|p2a: Kirkiller|Sludge Wave|p1a: Lopunny|[spread] p2b,p1a,p1b\n|-supereffective|p2b: Clefable|1\n|-damage|p2b: Clefable|4/100\n|-damage|p1a: Lopunny|30/100\n|-damage|p1b: Torkoal|35/100\n|-enditem|p2b: Clefable|Sitrus Berry|[eat]\n|-heal|p2b: Clefable|29/100|[from] item: Sitrus Berry\n|move|p1b: Torkoal|Eruption|p2a: Kirkiller|[spread] p2a,p2b\n|-resisted|p2a: Kirkiller|1\n|-damage|p2a: Kirkiller|85/100\n|-damage|p2b: Clefable|2/100\n|\n|-weather|SunnyDay|[upkeep]\n|upkeep\n|turn|2\n|\n|t:|1776036715\n|move|p2a: Kirkiller|Protect|p2a: Kirkiller\n|-singleturn|p2a: Kirkiller|Protect\n|move|p1a: Lopunny|After You|p1b: Torkoal\n|-activate|p1b: Torkoal|move: After You\n|move|p1b: Torkoal|Earth Power|p2a: Kirkiller\n|-activate|p2a: Kirkiller|move: Protect\n|move|p2b: Clefable|Wish|p2b: Clefable\n|\n|-weather|SunnyDay|[upkeep]\n|upkeep\n|turn|3\n|\n|t:|1776036734\n|move|p2b: Clefable|Protect|p2b: Clefable\n|-singleturn|p2b: Clefable|Protect\n|move|p1a: Lopunny|After You|p1b: Torkoal\n|-activate|p1b: Torkoal|move: After You\n|move|p1b: Torkoal|Earth Power|p2a: Kirkiller\n|-supereffective|p2a: Kirkiller|2\n|-damage|p2a: Kirkiller|0 fnt\n|faint|p2a: Kirkiller\n|\n|-weather|SunnyDay|[upkeep]\n|-heal|p2b: Clefable|52/100|[from] move: Wish|[wisher] Clefable\n|upkeep\n|\n|t:|1776036744\n|switch|p2a: Gato|Incineroar, L50, F|100/100\n|turn|4\n|\n|t:|1776036757\n|switch|p1b: Gallade|Gallade, L50, M|100/100\n|move|p1a: Lopunny|Protect|p1a: Lopunny\n|-singleturn|p1a: Lopunny|Protect\n|move|p2a: Gato|Fake Out|p1b: Gallade\n|-damage|p1b: Gallade|86/100\n|move|p2b: Clefable|Follow Me|p2b: Clefable\n|-singleturn|p2b: Clefable|move: Follow Me\n|\n|-weather|SunnyDay|[upkeep]\n|upkeep\n|turn|5\n|\n|t:|1776036782\n|switch|p1a: Aerodactyl|Aerodactyl, L50, F|100/100\n|-ability|p1a: Aerodactyl|Unnerve\n|move|p2a: Gato|Parting Shot|p1a: Aerodactyl\n|-unboost|p1a: Aerodactyl|atk|1\n|-unboost|p1a: Aerodactyl|spa|1\n|\n|t:|1776036790\n|switch|p2a: Ch\u00e1|Sinistcha, L50|100/100|[from] Parting Shot\n|-heal|p2b: Clefable|76/100|[from] ability: Hospitality|[of] p2a: Ch\u00e1\n|move|p2b: Clefable|Wish|p2b: Clefable\n|move|p1b: Gallade|Shadow Claw|p2b: Clefable\n|-damage|p2b: Clefable|40/100\n|\n|-weather|none\n|upkeep\n|turn|6\n|\n|t:|1776036827\n|switch|p1a: Torkoal|Torkoal, L50, M|35/100\n|-weather|SunnyDay|[from] ability: Drought|[of] p1a: Torkoal\n|move|p2a: Ch\u00e1|Shadow Ball|p1b: Gallade\n|-supereffective|p1b: Gallade|1\n|-damage|p1b: Gallade|12/100\n|move|p2b: Clefable|Moonblast|p1b: Gallade\n|-supereffective|p1b: Gallade|1\n|-damage|p1b: Gallade|0 fnt\n|faint|p1b: Gallade\n|\n|-weather|SunnyDay|[upkeep]\n|-heal|p2b: Clefable|90/100|[from] move: Wish|[wisher] Clefable\n|upkeep\n|\n|t:|1776036837\n|switch|p1b: Aerodactyl|Aerodactyl, L50, F|100/100\n|-ability|p1b: Aerodactyl|Unnerve\n|turn|7\n|\n|t:|1776036875\n|move|p1b: Aerodactyl|Rock Slide|p2a: Ch\u00e1|[spread] p2b\n|-miss|p1b: Aerodactyl|p2a: Ch\u00e1\n|-damage|p2b: Clefable|60/100\n|move|p2a: Ch\u00e1|Life Dew||[still]|[spread] p2a,p2b\n|-fail|p2a: Ch\u00e1|heal\n|-heal|p2b: Clefable|85/100\n|move|p2b: Clefable|Moonblast|p1b: Aerodactyl\n|-damage|p1b: Aerodactyl|53/100\n|move|p1a: Torkoal|Flamethrower|p2a: Ch\u00e1\n|-supereffective|p2a: Ch\u00e1|1\n|-damage|p2a: Ch\u00e1|0 fnt\n|faint|p2a: Ch\u00e1\n|\n|-weather|SunnyDay|[upkeep]\n|upkeep\n|\n|t:|1776036888\n|switch|p2a: Gato|Incineroar, L50, F|100/100\n|turn|8\n|\n|t:|1776036908\n|move|p1b: Aerodactyl|Protect|p1b: Aerodactyl\n|-singleturn|p1b: Aerodactyl|Protect\n|move|p2b: Clefable|Follow Me|p2b: Clefable\n|-singleturn|p2b: Clefable|move: Follow Me\n|move|p2a: Gato|Darkest Lariat|p1a: Torkoal\n|-damage|p1a: Torkoal|0 fnt\n|faint|p1a: Torkoal\n|\n|-weather|SunnyDay|[upkeep]\n|upkeep\n|\n|t:|1776036915\n|switch|p1a: Lopunny|Lopunny-Mega, L50, F|30/100\n|turn|9\n|\n|t:|1776036931\n|move|p1a: Lopunny|Fake Out|p2a: Gato\n|-damage|p2a: Gato|78/100\n|move|p1b: Aerodactyl|Rock Slide|p2a: Gato|[spread] p2a,p2b\n|-supereffective|p2a: Gato|1\n|-damage|p2a: Gato|23/100\n|-damage|p2b: Clefable|57/100\n|move|p2b: Clefable|Moonblast|p1a: Lopunny\n|-supereffective|p1a: Lopunny|1\n|-damage|p1a: Lopunny|0 fnt\n|faint|p1a: Lopunny\n|cant|p2a: Gato|flinch\n|\n|-weather|SunnyDay|[upkeep]\n|upkeep\n|turn|10\n|\n|t:|1776036949\n|move|p2b: Clefable|Follow Me|p2b: Clefable\n|-singleturn|p2b: Clefable|move: Follow Me\n|move|p1b: Aerodactyl|Rock Slide|p2a: Gato|[spread] p2a,p2b\n|-supereffective|p2a: Gato|1\n|-damage|p2a: Gato|0 fnt\n|-damage|p2b: Clefable|27/100\n|faint|p2a: Gato\n|\n|-weather|none\n|upkeep\n|turn|11\n|\n|t:|1776036957\n|move|p2b: Clefable|Protect|p2b: Clefable\n|-singleturn|p2b: Clefable|Protect\n|move|p1b: Aerodactyl|Dual Wingbeat|p2b: Clefable\n|-activate|p2b: Clefable|move: Protect\n|\n|upkeep\n|turn|12\n|\n|t:|1776036962\n|move|p1b: Aerodactyl|Dual Wingbeat|p2b: Clefable\n|-damage|p2b: Clefable|6/100\n|-damage|p2b: Clefable|0 fnt\n|faint|p2b: Clefable\n|-hitcount|p2: Clefable|2\n|\n|win|miratrice\n|l|\u2606isalynne4\n|player|p2|\n",
  "uploadtime": 1776036969,
  "views": 19,
  "formatid": "gen9championsvgc2026regma",
  "rating": null,
  "private": 0,
  "password": null
}