{
  "id": "gen9championsvgc2026regma-2581107438",
  "format": "[Gen 9 Champions] VGC 2026 Reg M-A",
  "players": [
    "Seris03",
    "completelykiara"
  ],
  "log": "|j|\u2606Seris03\n|j|\u2606completelykiara\n|t:|1775960549\n|gametype|doubles\n|player|p1|Seris03|serena|1142\n|player|p2|completelykiara|twins-gen4dp|1154\n|gen|9\n|tier|[Gen 9 Champions] VGC 2026 Reg M-A\n|rated|\n|rule|Species Clause: Limit one of each Pok\u00e9mon\n|rule|Item Clause: Limit 1 of each item\n|clearpoke\n|poke|p1|Gengar, L50, F|\n|poke|p1|Politoed, L50, F|\n|poke|p1|Incineroar, L50, M|\n|poke|p1|Scizor, L50, F|\n|poke|p1|Basculegion, L50, M|\n|poke|p1|Sinistcha, L50|\n|poke|p2|Farigiraf, L50, M|\n|poke|p2|Klefki, L50, M|\n|poke|p2|Archaludon, L50, M|\n|poke|p2|Pelipper, L50, F|\n|poke|p2|Meganium, L50, M|\n|poke|p2|Politoed, L50, F|\n|teampreview|4\n|inactive|Battle timer is ON: inactive players will automatically lose when time's up. (requested by completelykiara)\n|c|\u2606Seris03|glhf\nSeris03 has agreed to open team sheets.\n|inactive|Seris03 has 60 seconds left.\n|inactive|Seris03 has 30 seconds left.\n|c|\u2606completelykiara|Glhf\ncompletelykiara has agreed to open team sheets.\n|showteam|p1|Gengar||Gengarite|CursedBody|ShadowBall,SludgeBomb,PerishSong,Protect|||F|||50|]Politoed||SitrusBerry|Drizzle|WeatherBall,Encore,IcyWind,Protect|||F|||50|]Incineroar||ShucaBerry|Intimidate|FakeOut,FlareBlitz,ThroatChop,PartingShot|||M|||50|]Scizor||Scizorite|Technician|BugBite,BulletPunch,SwordsDance,Protect|||F|||50|]Basculegion||ChoiceScarf|Adaptability|WaveCrash,LastRespects,AquaJet,FlipTurn|||M|||50|]Sinistcha||ColburBerry|Hospitality|MatchaGotcha,RagePowder,StrengthSap,TrickRoom||||||50|\n|showteam|p2|Farigiraf||SitrusBerry|ArmorTail|HyperVoice,Wish,AllySwitch,DazzlingGleam|||M|||50|]Klefki||ShucaBerry|Prankster|ThunderWave,Reflect,LightScreen,FoulPlay|||M|||50|]Archaludon||BrightPowder|Stamina|ElectroShot,Snarl,AuraSphere,DragonPulse|||M|||50|]Pelipper||QuickClaw|Drizzle|Hurricane,WeatherBall,KnockOff,WideGuard|||F|||50|]Meganium||Meganiumite|LeafGuard|SolarBeam,Synthesis,WeatherBall,Protect|||M|||50|]Politoed||Leftovers|Drizzle|Protect,WeatherBall,Encore,IcyWind|||F|||50|\n|inactive|Seris03 has 20 seconds left.\n|inactive|Seris03 has 15 seconds left.\n|inactive|Seris03 has 10 seconds left.\n|\n|t:|1775960632\n|teamsize|p1|4\n|teamsize|p2|4\n|start\n|switch|p1a: Gengar|Gengar, L50, F|100/100\n|switch|p1b: Sinistcha|Sinistcha, L50|100/100\n|switch|p2a: Archaludon|Archaludon, L50, M|100/100\n|switch|p2b: Klefki|Klefki, L50, M|100/100\n|turn|1\n|inactive|Seris03 has 30 seconds left.\n|inactive|Seris03 has 20 seconds left.\n|inactive|Seris03 has 15 seconds left.\n|inactive|Seris03 has 10 seconds left.\n|inactive|Seris03 has 5 seconds left.\n|\n|t:|1775960682\n|detailschange|p1a: Gengar|Gengar-Mega, L50, F\n|-mega|p1a: Gengar|Gengar|Gengarite\n|move|p1b: Sinistcha|Rage Powder|p1b: Sinistcha\n|-singleturn|p1b: Sinistcha|move: Rage Powder\n|move|p2b: Klefki|Thunder Wave|p1b: Sinistcha\n|-status|p1b: Sinistcha|par\n|move|p1a: Gengar|Perish Song|p1a: Gengar\n|-start|p1a: Gengar|perish3|[silent]\n|-start|p1b: Sinistcha|perish3|[silent]\n|-start|p2a: Archaludon|perish3|[silent]\n|-start|p2b: Klefki|perish3|[silent]\n|-fieldactivate|move: Perish Song\n|move|p2a: Archaludon|Snarl|p1b: Sinistcha|[spread] p1a,p1b\n|-supereffective|p1a: Gengar|1\n|-supereffective|p1b: Sinistcha|1\n|-enditem|p1b: Sinistcha|Colbur Berry|[eat]\n|-enditem|p1b: Sinistcha|Colbur Berry|[weaken]\n|-damage|p1a: Gengar|68/100\n|-damage|p1b: Sinistcha|89/100 par\n|-unboost|p1a: Gengar|spa|1\n|-unboost|p1b: Sinistcha|spa|1\n|\n|-start|p1a: Gengar|perish3\n|-start|p2a: Archaludon|perish3\n|-start|p2b: Klefki|perish3\n|-start|p1b: Sinistcha|perish3\n|upkeep\n|turn|2\n|\n|t:|1775960702\n|switch|p1b: Basculegion|Basculegion, L50, M|100/100\n|move|p1a: Gengar|Protect|p1a: Gengar\n|-singleturn|p1a: Gengar|Protect\n|move|p2b: Klefki|Light Screen|p2b: Klefki\n|-sidestart|p2: completelykiara|move: Light Screen\n|move|p2a: Archaludon|Snarl|p1a: Gengar|[spread] p1b\n|-activate|p1a: Gengar|move: Protect\n|-supereffective|p1b: Basculegion|1\n|-damage|p1b: Basculegion|66/100\n|-unboost|p1b: Basculegion|spa|1\n|\n|-start|p1a: Gengar|perish2\n|-start|p2a: Archaludon|perish2\n|-start|p2b: Klefki|perish2\n|upkeep\n|turn|3\n|\n|t:|1775960722\n|switch|p1a: Sinistcha|Sinistcha, L50|89/100 par\n|-heal|p1b: Basculegion|91/100|[from] ability: Hospitality|[of] p1a: Sinistcha\n|move|p2b: Klefki|Thunder Wave|p1a: Sinistcha\n|-fail|p1a: Sinistcha|par\n|move|p1b: Basculegion|Flip Turn|p2a: Archaludon\n|-resisted|p2a: Archaludon|1\n|-damage|p2a: Archaludon|81/100\n|-ability|p2a: Archaludon|Stamina|boost\n|-boost|p2a: Archaludon|def|1\n|\n|t:|1775960730\n|switch|p1b: Gengar|Gengar-Mega, L50, F|68/100|[from] Flip Turn\n|move|p2a: Archaludon|Snarl|p1a: Sinistcha|[spread] p1b\n|-miss|p2a: Archaludon|p1a: Sinistcha\n|-supereffective|p1b: Gengar|1\n|-damage|p1b: Gengar|38/100\n|-unboost|p1b: Gengar|spa|1\n|\n|-start|p2a: Archaludon|perish1\n|-start|p2b: Klefki|perish1\n|upkeep\n|turn|4\n|\n|t:|1775960748\n|switch|p1a: Politoed|Politoed, L50, F|100/100\n|-weather|RainDance|[from] ability: Drizzle|[of] p1a: Politoed\n|move|p1b: Gengar|Protect|p1b: Gengar\n|-singleturn|p1b: Gengar|Protect\n|move|p2b: Klefki|Reflect|p2b: Klefki\n|-sidestart|p2: completelykiara|Reflect\n|move|p2a: Archaludon|Snarl|p1a: Politoed|[spread] p1a\n|-activate|p1b: Gengar|move: Protect\n|-damage|p1a: Politoed|90/100\n|-unboost|p1a: Politoed|spa|1\n|\n|-weather|RainDance|[upkeep]\n|-start|p2a: Archaludon|perish0\n|-start|p2b: Klefki|perish0\n|faint|p2a: Archaludon\n|faint|p2b: Klefki\n|upkeep\n|\n|t:|1775960766\n|switch|p2a: Farigiraf|Farigiraf, L50, M|100/100\n|switch|p2b: Meganium|Meganium, L50, M|100/100\n|turn|5\n|\n|t:|1775960781\n|switch|p1a: Sinistcha|Sinistcha, L50|89/100 par\n|-heal|p1b: Gengar|63/100|[from] ability: Hospitality|[of] p1a: Sinistcha\n|detailschange|p2b: Meganium|Meganium-Mega, L50, M\n|-mega|p2b: Meganium|Meganium|Meganiumite\n|move|p1b: Gengar|Perish Song|p1b: Gengar\n|-start|p1a: Sinistcha|perish3|[silent]\n|-start|p1b: Gengar|perish3|[silent]\n|-start|p2a: Farigiraf|perish3|[silent]\n|-start|p2b: Meganium|perish3|[silent]\n|-fieldactivate|move: Perish Song\n|move|p2b: Meganium|Weather Ball|p1b: Gengar\n|-damage|p1b: Gengar|15/100\n|move|p2a: Farigiraf|Wish|p2a: Farigiraf\n|\n|-weather|RainDance|[upkeep]\n|-start|p1b: Gengar|perish3\n|-start|p2b: Meganium|perish3\n|-start|p2a: Farigiraf|perish3\n|-start|p1a: Sinistcha|perish3\n|upkeep\n|turn|6\n|inactive|Seris03 has 30 seconds left.\n|\n|t:|1775960815\n|switch|p1a: Politoed|Politoed, L50, F|90/100\n|move|p1b: Gengar|Protect|p1b: Gengar\n|-singleturn|p1b: Gengar|Protect\n|move|p2a: Farigiraf|Ally Switch|p2a: Farigiraf\n|swap|p2a: Farigiraf|1|[from] move: Ally Switch\n|move|p2a: Meganium|Solar Beam||[still]\n|-prepare|p2a: Meganium|Solar Beam\n|-activate|p2a: Meganium|ability: Mega Sol\n|-anim|p2a: Meganium|Solar Beam|p1a: Politoed\n|-supereffective|p1a: Politoed|1\n|-damage|p1a: Politoed|0 fnt\n|faint|p1a: Politoed\n|\n|-weather|RainDance|[upkeep]\n|-start|p1b: Gengar|perish2\n|-start|p2a: Meganium|perish2\n|-start|p2b: Farigiraf|perish2\n|-sideend|p2: completelykiara|move: Light Screen\n|upkeep\n|\n|t:|1775960829\n|switch|p1a: Sinistcha|Sinistcha, L50|89/100 par\n|-heal|p1b: Gengar|40/100|[from] ability: Hospitality|[of] p1a: Sinistcha\n|turn|7\n|\n|t:|1775960843\n|switch|p1b: Basculegion|Basculegion, L50, M|91/100\n|move|p1a: Sinistcha|Rage Powder|p1a: Sinistcha\n|-singleturn|p1a: Sinistcha|move: Rage Powder\n|move|p2a: Meganium|Weather Ball|p1b: Basculegion\n|-resisted|p1b: Basculegion|1\n|-damage|p1b: Basculegion|70/100\n|move|p2b: Farigiraf|Dazzling Gleam|p1a: Sinistcha|[spread] p1a,p1b\n|-damage|p1a: Sinistcha|76/100 par\n|-damage|p1b: Basculegion|52/100\n|\n|-weather|RainDance|[upkeep]\n|-start|p2a: Meganium|perish1\n|-start|p2b: Farigiraf|perish1\n|upkeep\n|turn|8\n|\n|t:|1775960859\n|move|p1b: Basculegion|Flip Turn|p1a: Sinistcha\n|-resisted|p1a: Sinistcha|1\n|-damage|p1a: Sinistcha|44/100 par\n|\n|t:|1775960862\n|switch|p1b: Gengar|Gengar-Mega, L50, F|40/100|[from] Flip Turn\n|move|p2a: Meganium|Solar Beam||[still]\n|-prepare|p2a: Meganium|Solar Beam\n|-activate|p2a: Meganium|ability: Mega Sol\n|-anim|p2a: Meganium|Solar Beam|p1b: Gengar\n|-resisted|p1b: Gengar|1\n|-damage|p1b: Gengar|0 fnt\n|faint|p1b: Gengar\n|move|p2b: Farigiraf|Dazzling Gleam|p1a: Sinistcha\n|-damage|p1a: Sinistcha|26/100 par\n|move|p1a: Sinistcha|Strength Sap|p1: Gengar|[notarget]\n|-fail|p1a: Sinistcha\n|\n|-weather|none\n|-start|p2a: Meganium|perish0\n|-start|p2b: Farigiraf|perish0\n|-sideend|p2: completelykiara|Reflect\n|upkeep\n|faint|p2a: Meganium\n|faint|p2b: Farigiraf\n|\n|win|Seris03\n|raw|Seris03's rating: 1142 &rarr; <strong>1168</strong><br />(+26 for winning)\n|raw|completelykiara's rating: 1154 &rarr; <strong>1128</strong><br />(-26 for losing)\n",
  "uploadtime": 1775960873,
  "views": 25,
  "formatid": "gen9championsvgc2026regma",
  "rating": 1128,
  "private": 0,
  "password": null
}