{
  "id": "gen9championsvgc2026regma-2586620382",
  "format": "[Gen 9 Champions] VGC 2026 Reg M-A",
  "players": [
    "Mononoke24",
    "On the wave now"
  ],
  "log": "|j|\u2606Mononoke24\n|j|\u2606On the wave now\n|t:|1776447387\n|gametype|doubles\n|player|p1|Mononoke24|depotagent|1394\n|player|p2|On the wave now|ruinmaniac|1458\n|gen|9\n|tier|[Gen 9 Champions] VGC 2026 Reg M-A\n|rated|\n|rule|Species Clause: Limit one of each Pok\u00e9mon\n|rule|Item Clause: Limit 1 of each item\n|clearpoke\n|poke|p1|Skarmory, L50, F|\n|poke|p1|Greninja-*, L50, F|\n|poke|p1|Garchomp, L50, M|\n|poke|p1|Rotom-Heat, L50|\n|poke|p1|Sneasler, L50, M|\n|poke|p1|Sinistcha, L50|\n|poke|p2|Delphox, L50, M|\n|poke|p2|Sneasler, L50, M|\n|poke|p2|Ninetales, L50, M|\n|poke|p2|Milotic, L50, M|\n|poke|p2|Venusaur, L50, M|\n|poke|p2|Whimsicott, L50, F|\n|teampreview|4\nOn the wave now has agreed to open team sheets.\nMononoke24 has agreed to open team sheets.\n|showteam|p1|Skarmory||Skarmorite|KeenEye|BraveBird,Protect,Tailwind,SwordsDance|||F|||50|]Greninja||Greninjite|Protean|HydroPump,IceBeam,SludgeWave,DarkPulse|||F|||50|]Garchomp||SitrusBerry|RoughSkin|Earthquake,DragonTail,RockSlide,Protect|||M|||50|]Rotom-Heat||ChoiceScarf|Levitate|Overheat,Discharge,WillOWisp,Trick||||||50|]Sneasler||FocusSash|Unburden|FakeOut,Coaching,DireClaw,CloseCombat|||M|||50|]Sinistcha||ColburBerry|Hospitality|RagePowder,MatchaGotcha,TrickRoom,Imprison||||||50|\n|showteam|p2|Delphox||Delphoxite|Blaze|HeatWave,Psychic,Protect,CalmMind|||M|||50|]Sneasler||WhiteHerb|Unburden|DireClaw,CloseCombat,FakeOut,Protect|||M|||50|]Ninetales||Charcoal|Drought|HelpingHand,Protect,WillOWisp,Overheat|||M|||50|]Milotic||SitrusBerry|Competitive|IceBeam,FlipTurn,Scald,Protect|||M|||50|]Venusaur||Venusaurite|Chlorophyll|GigaDrain,SludgeWave,SleepPowder,Protect|||M|||50|]Whimsicott||FocusSash|Prankster|SunnyDay,Tailwind,FakeTears,Moonblast|||F|||50|\n|\n|t:|1776447482\n|teamsize|p1|4\n|teamsize|p2|4\n|start\n|switch|p1a: Sneasler|Sneasler, L50, M|100/100\n|switch|p1b: Greninja|Greninja, L50, F|100/100\n|switch|p2a: Sneasler|Sneasler, L50, M|100/100\n|switch|p2b: Milotic|Milotic, L50, M|100/100\n|turn|1\n|\n|t:|1776447507\n|move|p2a: Sneasler|Protect|p2a: Sneasler\n|-singleturn|p2a: Sneasler|Protect\n|move|p2b: Milotic|Protect|p2b: Milotic\n|-singleturn|p2b: Milotic|Protect\n|move|p1a: Sneasler|Fake Out|p2a: Sneasler\n|-activate|p2a: Sneasler|move: Protect\n|move|p1b: Greninja|Hydro Pump|p2a: Sneasler\n|-start|p1b: Greninja|typechange|Water|[from] ability: Protean\n|-activate|p2a: Sneasler|move: Protect\n|\n|upkeep\n|turn|2\n|\n|t:|1776447540\n|switch|p1b: Garchomp|Garchomp, L50, M|100/100\n|move|p1a: Sneasler|Dire Claw|p2b: Milotic\n|-damage|p2b: Milotic|66/100\n|move|p2a: Sneasler|Close Combat|p1b: Garchomp\n|-damage|p1b: Garchomp|62/100\n|-unboost|p2a: Sneasler|def|1\n|-unboost|p2a: Sneasler|spd|1\n|-damage|p2a: Sneasler|88/100|[from] ability: Rough Skin|[of] p1b: Garchomp\n|-enditem|p2a: Sneasler|White Herb\n|-clearnegativeboost|p2a: Sneasler|[silent]\n|move|p2b: Milotic|Scald|p1a: Sneasler\n|-damage|p1a: Sneasler|62/100\n|-status|p1a: Sneasler|brn\n|\n|-damage|p1a: Sneasler|57/100 brn|[from] brn\n|upkeep\n|turn|3\n|\n|t:|1776447556\n|move|p2a: Sneasler|Protect|p2a: Sneasler\n|-singleturn|p2a: Sneasler|Protect\n|move|p1b: Garchomp|Protect|p1b: Garchomp\n|-singleturn|p1b: Garchomp|Protect\n|move|p1a: Sneasler|Coaching|p1b: Garchomp\n|-boost|p1b: Garchomp|atk|1\n|-boost|p1b: Garchomp|def|1\n|move|p2b: Milotic|Ice Beam|p1b: Garchomp\n|-activate|p1b: Garchomp|move: Protect\n|\n|-damage|p1a: Sneasler|51/100 brn|[from] brn\n|upkeep\n|turn|4\n|\n|t:|1776447574\n|move|p2a: Sneasler|Close Combat|p1a: Sneasler\n|-resisted|p1a: Sneasler|1\n|-damage|p1a: Sneasler|0 fnt\n|-unboost|p2a: Sneasler|def|1\n|-unboost|p2a: Sneasler|spd|1\n|faint|p1a: Sneasler\n|move|p1b: Garchomp|Earthquake|p2a: Sneasler|[spread] p2a,p2b\n|-supereffective|p2a: Sneasler|1\n|-damage|p2a: Sneasler|0 fnt\n|-damage|p2b: Milotic|29/100\n|-enditem|p2b: Milotic|Sitrus Berry|[eat]\n|-heal|p2b: Milotic|54/100|[from] item: Sitrus Berry\n|faint|p2a: Sneasler\n|move|p2b: Milotic|Ice Beam|p1b: Garchomp\n|-supereffective|p1b: Garchomp|2\n|-damage|p1b: Garchomp|0 fnt\n|faint|p1b: Garchomp\n|\n|upkeep\n|\n|t:|1776447583\n|switch|p2a: Whimsicott|Whimsicott, L50, F|100/100\n|switch|p1a: Greninja|Greninja, L50, F|100/100\n|switch|p1b: Rotom|Rotom-Heat, L50|100/100\n|turn|5\n|\n|t:|1776447606\n|move|p2b: Milotic|Protect|p2b: Milotic\n|-singleturn|p2b: Milotic|Protect\n|move|p2a: Whimsicott|Tailwind|p2a: Whimsicott\n|-sidestart|p2: On the wave now|move: Tailwind\n|move|p1b: Rotom|Discharge|p2a: Whimsicott|[spread] p1a,p2a\n|-activate|p2b: Milotic|move: Protect\n|-supereffective|p1a: Greninja|1\n|-crit|p1a: Greninja\n|-resisted|p2a: Whimsicott|1\n|-damage|p1a: Greninja|0 fnt\n|-damage|p2a: Whimsicott|76/100\n|-status|p2a: Whimsicott|par\n|faint|p1a: Greninja\n|\n|upkeep\n|turn|6\n|-message|Mononoke24 forfeited.\n|\n|win|On the wave now\n|raw|Mononoke24's rating: 1394 &rarr; <strong>1378</strong><br />(-16 for losing)\n|raw|On the wave now's rating: 1458 &rarr; <strong>1474</strong><br />(+16 for winning)\n|l|\u2606Mononoke24\n|player|p1|\n",
  "uploadtime": 1776447613,
  "views": 56,
  "formatid": "gen9championsvgc2026regma",
  "rating": 1378,
  "private": 0,
  "password": null
}