{
  "id": "gen9championsvgc2026regma-2586825026",
  "format": "[Gen 9 Champions] VGC 2026 Reg M-A",
  "players": [
    "Johten",
    "ohweeweegee"
  ],
  "log": "|j|\u2606Johten\n|j|\u2606ohweeweegee\n|t:|1776463005\n|gametype|doubles\n|player|p1|Johten|veteran|1166\n|player|p2|ohweeweegee|rosa|1132\n|gen|9\n|tier|[Gen 9 Champions] VGC 2026 Reg M-A\n|rated|\n|rule|Species Clause: Limit one of each Pok\u00e9mon\n|rule|Item Clause: Limit 1 of each item\n|clearpoke\n|poke|p1|Aggron, L50, M|\n|poke|p1|Farigiraf, L50, M|\n|poke|p1|Aerodactyl, L50, F|\n|poke|p1|Gallade, L50, M|\n|poke|p1|Luxray, L50, F|\n|poke|p1|Primarina, L50, F|\n|poke|p2|Chandelure, L50, M|\n|poke|p2|Whimsicott, L50, F|\n|poke|p2|Rotom-Wash, L50|\n|poke|p2|Sneasler, L50, M|\n|poke|p2|Garchomp, L50, F|\n|poke|p2|Kingambit, L50, M|\n|teampreview|4\n|inactive|Battle timer is ON: inactive players will automatically lose when time's up. (requested by ohweeweegee)\n|inactive|Johten also wants the timer to be on.\n|inactive|Johten has 60 seconds left.\n|inactive|ohweeweegee has 60 seconds left.\n|\n|t:|1776463045\n|teamsize|p1|4\n|teamsize|p2|4\n|start\n|switch|p1a: Luxray|Luxray, L50, F|100/100\n|switch|p1b: Farigiraf|Farigiraf, L50, M|100/100\n|switch|p2a: Kingambit|Kingambit, L50, M|100/100\n|switch|p2b: Chandelure|Chandelure, L50, M|100/100\n|-ability|p1a: Luxray|Intimidate|boost\n|-unboost|p2a: Kingambit|atk|1\n|-ability|p2a: Kingambit|Defiant|boost\n|-boost|p2a: Kingambit|atk|2\n|-unboost|p2b: Chandelure|atk|1\n|turn|1\n|\n|t:|1776463065\n|detailschange|p2b: Chandelure|Chandelure-Mega, L50, M\n|-mega|p2b: Chandelure|Chandelure|Chandelurite\n|move|p1a: Luxray|Volt Switch|p2b: Chandelure\n|-damage|p2b: Chandelure|84/100\n|\n|t:|1776463074\n|switch|p1a: Gallade|Gallade, L50, M|100/100|[from] Volt Switch\n|move|p2b: Chandelure|Substitute|p2b: Chandelure\n|-start|p2b: Chandelure|Substitute\n|-damage|p2b: Chandelure|60/100\n|move|p1b: Farigiraf|Beat Up|p1a: Gallade\n|-damage|p1a: Gallade|96/100\n|-ability|p1a: Gallade|Justified|boost\n|-boost|p1a: Gallade|atk|1\n|-damage|p1a: Gallade|92/100\n|-ability|p1a: Gallade|Justified|boost\n|-boost|p1a: Gallade|atk|1\n|-damage|p1a: Gallade|87/100\n|-ability|p1a: Gallade|Justified|boost\n|-boost|p1a: Gallade|atk|1\n|-damage|p1a: Gallade|83/100\n|-ability|p1a: Gallade|Justified|boost\n|-boost|p1a: Gallade|atk|1\n|-hitcount|p1a: Gallade|4\n|move|p2a: Kingambit|Kowtow Cleave|p1b: Farigiraf\n|-supereffective|p1b: Farigiraf|1\n|-damage|p1b: Farigiraf|0 fnt\n|faint|p1b: Farigiraf\n|\n|upkeep\n|\n|t:|1776463093\n|switch|p1b: Aerodactyl|Aerodactyl, L50, F|100/100\n|-ability|p1b: Aerodactyl|Unnerve\n|turn|2\n|\n|t:|1776463114\n|detailschange|p1a: Gallade|Gallade-Mega, L50, M\n|-mega|p1a: Gallade|Gallade|Galladite\n|move|p2a: Kingambit|Sucker Punch|p1a: Gallade\n|-damage|p1a: Gallade|4/100\n|move|p1b: Aerodactyl|Rock Slide|p2b: Chandelure|[spread] p2a,p2b\n|-supereffective|p2b: Chandelure|1\n|-end|p2b: Chandelure|Substitute\n|-resisted|p2a: Kingambit|1\n|-damage|p2a: Kingambit|91/100\n|move|p1a: Gallade|Drain Punch|p2a: Kingambit\n|-supereffective|p2a: Kingambit|2\n|-damage|p2a: Kingambit|0 fnt\n|-heal|p1a: Gallade|63/100|[from] drain|[of] p2a: Kingambit\n|faint|p2a: Kingambit\n|move|p2b: Chandelure|Heat Wave|p1b: Aerodactyl|[spread] p1a,p1b\n|-resisted|p1b: Aerodactyl|1\n|-damage|p1a: Gallade|21/100\n|-damage|p1b: Aerodactyl|70/100\n|-status|p1a: Gallade|brn\n|\n|-damage|p1a: Gallade|15/100 brn|[from] brn\n|upkeep\n|\n|t:|1776463133\n|switch|p2a: Sneasler|Sneasler, L50, M|100/100\n|turn|3\n|\n|t:|1776463145\n|move|p1b: Aerodactyl|Protect|p1b: Aerodactyl\n|-singleturn|p1b: Aerodactyl|Protect\n|move|p2a: Sneasler|Fake Out|p1b: Aerodactyl\n|-activate|p1b: Aerodactyl|move: Protect\n|move|p1a: Gallade|Psycho Cut|p2a: Sneasler\n|-supereffective|p2a: Sneasler|2\n|-damage|p2a: Sneasler|0 fnt\n|faint|p2a: Sneasler\n|move|p2b: Chandelure|Substitute|p2b: Chandelure\n|-start|p2b: Chandelure|Substitute\n|-damage|p2b: Chandelure|35/100\n|\n|-damage|p1a: Gallade|9/100 brn|[from] brn\n|upkeep\n|\n|t:|1776463156\n|switch|p2a: Whimsicott|Whimsicott, L50, F|100/100\n|turn|4\n|\n|t:|1776463174\n|move|p2a: Whimsicott|Tailwind|p2a: Whimsicott\n|-sidestart|p2: ohweeweegee|move: Tailwind\n|move|p2b: Chandelure|Heat Wave|p1b: Aerodactyl|[spread] p1a,p1b\n|-resisted|p1b: Aerodactyl|1\n|-damage|p1a: Gallade|0 fnt\n|-damage|p1b: Aerodactyl|41/100\n|faint|p1a: Gallade\n|move|p1b: Aerodactyl|Dual Wingbeat|p2a: Whimsicott\n|-supereffective|p2a: Whimsicott|1\n|-damage|p2a: Whimsicott|71/100\n|-supereffective|p2a: Whimsicott|1\n|-damage|p2a: Whimsicott|37/100\n|-hitcount|p2a: Whimsicott|2\n|\n|upkeep\n|\n|t:|1776463185\n|switch|p1a: Luxray|Luxray, L50, F|100/100\n|-ability|p1a: Luxray|Intimidate|boost\n|-unboost|p2a: Whimsicott|atk|1\n|-immune|p2b: Chandelure\n|turn|5\n|\n|t:|1776463196\n|move|p2a: Whimsicott|Sunny Day|p2a: Whimsicott\n|-weather|SunnyDay\n|move|p2b: Chandelure|Heat Wave|p1a: Luxray|[spread] p1a,p1b\n|-resisted|p1b: Aerodactyl|1\n|-damage|p1a: Luxray|23/100\n|-damage|p1b: Aerodactyl|0 fnt\n|faint|p1b: Aerodactyl\n|move|p1a: Luxray|Snarl|p2a: Whimsicott|[spread] p2a,p2b\n|-resisted|p2a: Whimsicott|1\n|-supereffective|p2b: Chandelure|1\n|-damage|p2a: Whimsicott|32/100\n|-damage|p2b: Chandelure|21/100\n|-unboost|p2a: Whimsicott|spa|1\n|-unboost|p2b: Chandelure|spa|1\n|\n|-weather|SunnyDay|[upkeep]\n|upkeep\n|turn|6\n|\n|t:|1776463213\n|move|p2a: Whimsicott|Encore|p1a: Luxray\n|-start|p1a: Luxray|Encore\n|move|p2b: Chandelure|Shadow Ball|p1a: Luxray\n|-damage|p1a: Luxray|0 fnt\n|faint|p1a: Luxray\n|\n|win|ohweeweegee\n|raw|Johten's rating: 1166 &rarr; <strong>1139</strong><br />(-27 for losing)\n|raw|ohweeweegee's rating: 1132 &rarr; <strong>1159</strong><br />(+27 for winning)\n",
  "uploadtime": 1776463221,
  "views": 23,
  "formatid": "gen9championsvgc2026regma",
  "rating": 1139,
  "private": 0,
  "password": null
}