{
  "id": "gen9championsvgc2026regma-2584670639",
  "format": "[Gen 9 Champions] VGC 2026 Reg M-A",
  "players": [
    "ryankun26",
    "Aabraao"
  ],
  "log": "|j|\u2606ryankun26\n|j|\u2606Aabraao\n|t:|1776275740\n|gametype|doubles\n|player|p1|ryankun26|hilda|1308\n|player|p2|Aabraao|265|1302\n|gen|9\n|tier|[Gen 9 Champions] VGC 2026 Reg M-A\n|rated|\n|rule|Species Clause: Limit one of each Pok\u00e9mon\n|rule|Item Clause: Limit 1 of each item\n|clearpoke\n|poke|p1|Talonflame, L50, M|\n|poke|p1|Glimmora, L50, M|\n|poke|p1|Rotom-Wash, L50|\n|poke|p1|Tsareena, L50, F|\n|poke|p1|Zoroark-Hisui, L50, F|\n|poke|p1|Incineroar, L50, M|\n|poke|p2|Camerupt, L50, F|\n|poke|p2|Dragapult, L50, F|\n|poke|p2|Basculegion, L50, M|\n|poke|p2|Orthworm, L50, F|\n|poke|p2|Kangaskhan, L50, F|\n|poke|p2|Oranguru, L50, F|\n|teampreview|4\n|inactive|Battle timer is ON: inactive players will automatically lose when time's up. (requested by ryankun26)\n|inactive|ryankun26 has 60 seconds left.\n|\n|t:|1776275778\n|teamsize|p1|4\n|teamsize|p2|4\n|start\n|switch|p1a: Tsareena|Tsareena, L50, F|100/100\n|switch|p1b: Incineroar|Incineroar, L50, M|100/100\n|switch|p2a: Camerupt|Camerupt, L50, F|100/100\n|switch|p2b: Oranguru|Oranguru, L50, F|100/100\n|-ability|p1b: Incineroar|Intimidate|boost\n|-unboost|p2a: Camerupt|atk|1\n|-fail|p2b: Oranguru|unboost|Attack|[from] ability: Inner Focus|[of] p2b: Oranguru\n|turn|1\n|l|\u2606Aabraao\n|inactive|Aabraao disconnected and has a minute to reconnect!\n|player|p2|\n|inactive|Aabraao has 30 seconds left.\n|j|\u2606Aabraao\n|inactive|Aabraao reconnected and has 25 seconds left.\n|player|p2|Aabraao|265|\n|inactive|Aabraao has 20 seconds left.\n|inactive|Aabraao has 15 seconds left.\n|inactive|Aabraao has 10 seconds left.\n|inactive|Aabraao has 5 seconds left.\n|\n|t:|1776275833\n|move|p2a: Camerupt|Protect|p2a: Camerupt\n|-singleturn|p2a: Camerupt|Protect\n|move|p1a: Tsareena|Knock Off|p2b: Oranguru\n|-supereffective|p2b: Oranguru|1\n|-damage|p2b: Oranguru|59/100\n|-enditem|p2b: Oranguru|Sitrus Berry|[from] move: Knock Off|[of] p1a: Tsareena\n|move|p1b: Incineroar|Taunt|p2b: Oranguru\n|-start|p2b: Oranguru|move: Taunt\n|cant|p2b: Oranguru|move: Taunt|Trick Room\n|\n|upkeep\n|turn|2\n|\n|t:|1776275858\n|detailschange|p2a: Camerupt|Camerupt-Mega, L50, F\n|-mega|p2a: Camerupt|Camerupt|Cameruptite\n|move|p1a: Tsareena|Trop Kick|p2a: Camerupt\n|-damage|p2a: Camerupt|66/100\n|-unboost|p2a: Camerupt|atk|1\n|move|p1b: Incineroar|Parting Shot|p2a: Camerupt\n|-unboost|p2a: Camerupt|atk|1\n|-unboost|p2a: Camerupt|spa|1\n|\n|t:|1776275869\n|switch|p1b: Rotom|Rotom-Wash, L50|100/100|[from] Parting Shot\n|move|p2b: Oranguru|Expanding Force|p1a: Tsareena\n|-damage|p1a: Tsareena|76/100\n|move|p2a: Camerupt|Earth Power|p1b: Rotom\n|-immune|p1b: Rotom|[from] ability: Levitate\n|\n|upkeep\n|turn|3\n|\n|t:|1776275882\n|switch|p1a: Incineroar|Incineroar, L50, M|100/100\n|-ability|p1a: Incineroar|Intimidate|boost\n|-unboost|p2a: Camerupt|atk|1\n|-fail|p2b: Oranguru|unboost|Attack|[from] ability: Inner Focus|[of] p2b: Oranguru\n|switch|p2a: Kangaskhan|Kangaskhan, L50, F|100/100\n|move|p1b: Rotom|Hydro Pump|p2a: Kangaskhan\n|-damage|p2a: Kangaskhan|59/100\n|move|p2b: Oranguru|Expanding Force|p1a: Incineroar\n|-immune|p1a: Incineroar\n|\n|-end|p2b: Oranguru|move: Taunt\n|upkeep\n|turn|4\n|\n|t:|1776275898\n|switch|p1b: Tsareena|Tsareena, L50, F|76/100\n|move|p2a: Kangaskhan|Fake Out||[still]\n|cant|p1b: Tsareena|ability: Queenly Majesty|Fake Out|[of] p2a: Kangaskhan\n|move|p1a: Incineroar|Taunt|p2b: Oranguru\n|-start|p2b: Oranguru|move: Taunt\n|cant|p2b: Oranguru|move: Taunt|Trick Room\n|\n|upkeep\n|turn|5\n|\n|t:|1776275918\n|move|p1b: Tsareena|Trop Kick|p2a: Kangaskhan\n|-damage|p2a: Kangaskhan|25/100\n|-unboost|p2a: Kangaskhan|atk|1\n|move|p2a: Kangaskhan|Drain Punch|p1a: Incineroar\n|-supereffective|p1a: Incineroar|1\n|-damage|p1a: Incineroar|76/100\n|-heal|p2a: Kangaskhan|35/100|[from] drain|[of] p1a: Incineroar\n|move|p1a: Incineroar|Parting Shot|p2a: Kangaskhan\n|-unboost|p2a: Kangaskhan|atk|1\n|-unboost|p2a: Kangaskhan|spa|1\n|\n|t:|1776275927\n|switch|p1a: Glimmora|Glimmora, L50, M|100/100|[from] Parting Shot\n|move|p2b: Oranguru|Expanding Force|p1b: Tsareena\n|-damage|p1b: Tsareena|50/100\n|\n|upkeep\n|turn|6\n|\n|t:|1776275948\n|detailschange|p1a: Glimmora|Glimmora-Mega, L50, M\n|-mega|p1a: Glimmora|Glimmora|Glimmoranite\n|move|p1a: Glimmora|Sludge Bomb|p2b: Oranguru\n|-damage|p2b: Oranguru|0 fnt\n|faint|p2b: Oranguru\n|move|p1b: Tsareena|Low Kick|p2a: Kangaskhan\n|-supereffective|p2a: Kangaskhan|1\n|-damage|p2a: Kangaskhan|0 fnt\n|faint|p2a: Kangaskhan\n|\n|upkeep\n|\n|t:|1776275954\n|switch|p2a: Basculegion|Basculegion, L50, M|100/100\n|switch|p2b: Camerupt|Camerupt-Mega, L50, F|66/100\n|turn|7\n|\n|t:|1776275961\n|move|p1a: Glimmora|Spiky Shield|p1a: Glimmora\n|-singleturn|p1a: Glimmora|move: Protect\n|move|p1b: Tsareena|Protect|p1b: Tsareena\n|-singleturn|p1b: Tsareena|Protect\n|move|p2a: Basculegion|Protect|p2a: Basculegion\n|-singleturn|p2a: Basculegion|Protect\n|move|p2b: Camerupt|Heat Wave|p1a: Glimmora|[spread] \n|-activate|p1a: Glimmora|move: Protect\n|-activate|p1b: Tsareena|move: Protect\n|\n|upkeep\n|turn|8\n|\n|t:|1776275973\n|switch|p1a: Rotom|Rotom-Wash, L50|100/100\n|move|p2a: Basculegion|Aqua Jet||[still]\n|cant|p1b: Tsareena|ability: Queenly Majesty|Aqua Jet|[of] p2a: Basculegion\n|move|p1b: Tsareena|Trop Kick|p2a: Basculegion\n|-supereffective|p2a: Basculegion|1\n|-damage|p2a: Basculegion|21/100\n|-unboost|p2a: Basculegion|atk|1\n|move|p2b: Camerupt|Heat Wave|p1a: Rotom|[spread] p1a,p1b\n|-resisted|p1a: Rotom|1\n|-supereffective|p1b: Tsareena|1\n|-damage|p1a: Rotom|72/100\n|-damage|p1b: Tsareena|0 fnt\n|faint|p1b: Tsareena\n|\n|upkeep\n|\n|t:|1776275984\n|switch|p1b: Incineroar|Incineroar, L50, M|76/100\n|-ability|p1b: Incineroar|Intimidate|boost\n|-unboost|p2a: Basculegion|atk|1\n|-unboost|p2b: Camerupt|atk|1\n|turn|9\n|\n|t:|1776275990\n|move|p2b: Camerupt|Protect|p2b: Camerupt\n|-singleturn|p2b: Camerupt|Protect\n|move|p1b: Incineroar|Fake Out|p2b: Camerupt\n|-activate|p2b: Camerupt|move: Protect\n|move|p2a: Basculegion|Aqua Jet|p1b: Incineroar\n|-supereffective|p1b: Incineroar|1\n|-damage|p1b: Incineroar|55/100\n|move|p1a: Rotom|Thunderbolt|p2a: Basculegion\n|-supereffective|p2a: Basculegion|1\n|-crit|p2a: Basculegion\n|-damage|p2a: Basculegion|0 fnt\n|faint|p2a: Basculegion\n|\n|upkeep\n|turn|10\n|-message|Aabraao forfeited.\n|\n|win|ryankun26\n|raw|ryankun26's rating: 1308 &rarr; <strong>1328</strong><br />(+20 for winning)\n|raw|Aabraao's rating: 1302 &rarr; <strong>1282</strong><br />(-20 for losing)\n|l|\u2606Aabraao\n|player|p2|\n",
  "uploadtime": 1776275999,
  "views": 40,
  "formatid": "gen9championsvgc2026regma",
  "rating": 1282,
  "private": 0,
  "password": null
}