{
  "id": "gen9championsvgc2026regma-2581358779",
  "format": "[Gen 9 Champions] VGC 2026 Reg M-A",
  "players": [
    "juustsimo",
    "Flakenz"
  ],
  "log": "|j|\u2606juustsimo\n|j|\u2606Flakenz\n|t:|1775991362\n|gametype|doubles\n|player|p1|juustsimo|hilbert|1092\n|player|p2|Flakenz|boarder|1000\n|gen|9\n|tier|[Gen 9 Champions] VGC 2026 Reg M-A\n|rated|\n|rule|Species Clause: Limit one of each Pok\u00e9mon\n|rule|Item Clause: Limit 1 of each item\n|clearpoke\n|poke|p1|Delphox, L50, M|\n|poke|p1|Garchomp, L50, F|\n|poke|p1|Ninetales-Alola, L50, F|\n|poke|p1|Orthworm, L50, F|\n|poke|p1|Sneasler, L50, F|\n|poke|p1|Rotom-Wash, L50|\n|poke|p2|Aerodactyl, L50, F|\n|poke|p2|Palafin, L50, F|\n|poke|p2|Incineroar, L50, F|\n|poke|p2|Sinistcha, L50|\n|poke|p2|Kangaskhan, L50, F|\n|poke|p2|Zoroark-Hisui, L50, M|\n|teampreview|4\nFlakenz has agreed to open team sheets.\njuustsimo has agreed to open team sheets.\n|showteam|p1|Delphox||Delphoxite|Blaze|HeatWave,Psychic,CalmMind,Protect|||M|||50|]Garchomp||HabanBerry|RoughSkin|Earthquake,RockSlide,DragonClaw,Protect|||F|||50|]Ninetales-Alola||OccaBerry|SnowWarning|IcyWind,AuroraVeil,Blizzard,Encore|||F|||50|]Orthworm||SitrusBerry|EarthEater|ShedTail,HeavySlam,BodyPress,Protect|||F|||50|]Sneasler||FocusSash|Unburden|FakeOut,DireClaw,CloseCombat,Protect|||F|||50|]Rotom-Wash||Leftovers|Levitate|Thunderbolt,HydroPump,WillOWisp,Protect||||||50|\n|showteam|p2|Aerodactyl||MentalHerb|Unnerve|RockSlide,DualWingbeat,Tailwind,Protect|||F|||50|]Palafin||MysticWater|ZerotoHero|WaveCrash,JetPunch,CloseCombat,Protect|||F|||50|]Incineroar||SitrusBerry|Intimidate|FakeOut,FlareBlitz,ThroatChop,PartingShot|||F|||50|]Sinistcha||OccaBerry|Hospitality|MatchaGotcha,RagePowder,LifeDew,Protect||||||50|]Kangaskhan||Kangaskhanite|Scrappy|FakeOut,DoubleEdge,SuckerPunch,Protect|||F|||50|]Zoroark-Hisui||FocusSash|Illusion|HyperVoice,ShadowBall,NastyPlot,Protect|||M|||50|\n|\n|t:|1775991431\n|teamsize|p1|4\n|teamsize|p2|4\n|start\n|switch|p1a: Rotom|Rotom-Wash, L50, shiny|100/100\n|switch|p1b: Sneasler|Sneasler, L50, F|100/100\n|switch|p2a: Incineroar|Incineroar, L50, F|100/100\n|switch|p2b: Kangaskhan|Kangaskhan, L50, F|100/100\n|-ability|p2a: Incineroar|Intimidate|boost\n|-unboost|p1a: Rotom|atk|1\n|-unboost|p1b: Sneasler|atk|1\n|turn|1\n|\n|t:|1775991468\n|switch|p2a: Kangaskhan|Kangaskhan, L50, F|100/100\n|move|p1b: Sneasler|Fake Out|p2a: Kangaskhan\n|-damage|p2a: Kangaskhan|90/100\n|move|p2b: Kangaskhan|Nasty Plot|p2b: Kangaskhan\n|-boost|p2b: Kangaskhan|spa|2\n|move|p1a: Rotom|Will-O-Wisp|p2b: Kangaskhan\n|-status|p2b: Kangaskhan|brn\n|\n|-damage|p2b: Kangaskhan|94/100 brn|[from] brn\n|upkeep\n|turn|2\n|c|\u2606juustsimo|darn i burned the wrong one\n|c|\u2606juustsimo|\ud83d\ude2d\n|\n|t:|1775991522\n|switch|p2a: Incineroar|Incineroar, L50, F|100/100\n|-ability|p2a: Incineroar|Intimidate|boost\n|-unboost|p1a: Rotom|atk|1\n|-unboost|p1b: Sneasler|atk|1\n|move|p2b: Kangaskhan|Hyper Voice|p1a: Rotom|[spread] p1a,p1b\n|-damage|p1a: Rotom|27/100\n|-damage|p1b: Sneasler|9/100\n|move|p1b: Sneasler|Close Combat|p2a: Incineroar\n|-supereffective|p2a: Incineroar|1\n|-damage|p2a: Incineroar|39/100\n|-unboost|p1b: Sneasler|def|1\n|-unboost|p1b: Sneasler|spd|1\n|-enditem|p2a: Incineroar|Sitrus Berry|[eat]\n|-heal|p2a: Incineroar|64/100|[from] item: Sitrus Berry\n|move|p1a: Rotom|Hydro Pump|p2a: Incineroar\n|-supereffective|p2a: Incineroar|1\n|-damage|p2a: Incineroar|0 fnt\n|faint|p2a: Incineroar\n|\n|-heal|p1a: Rotom|33/100|[from] item: Leftovers\n|-damage|p2b: Kangaskhan|88/100 brn|[from] brn\n|upkeep\n|\n|t:|1775991543\n|switch|p2a: Palafin|Palafin, L50, F|100/100\n|turn|3\n|\n|t:|1775991554\n|move|p2a: Palafin|Jet Punch|p1b: Sneasler\n|-damage|p1b: Sneasler|0 fnt\n|faint|p1b: Sneasler\n|move|p2b: Kangaskhan|Hyper Voice|p1a: Rotom\n|-damage|p1a: Rotom|0 fnt\n|faint|p1a: Rotom\n|\n|-damage|p2b: Kangaskhan|82/100 brn|[from] brn\n|upkeep\n|\n|t:|1775991563\n|switch|p1b: Delphox|Delphox, L50, M|100/100\n|switch|p1a: Garchomp|Garchomp, L50, F|100/100\n|turn|4\n|\n|t:|1775991578\n|detailschange|p2a: Palafin|Palafin-Hero, L50, F\n|switch|p2a: Kangaskhan|Kangaskhan, L50, F|90/100\n|detailschange|p1b: Delphox|Delphox-Mega, L50, M\n|-mega|p1b: Delphox|Delphox|Delphoxite\n|move|p2b: Kangaskhan|Protect|p2b: Kangaskhan\n|-singleturn|p2b: Kangaskhan|Protect\n|move|p1b: Delphox|Psychic|p2a: Kangaskhan\n|-damage|p2a: Kangaskhan|35/100\n|move|p1a: Garchomp|Earthquake|p2b: Kangaskhan|[spread] p2a\n|-activate|p2b: Kangaskhan|move: Protect\n|-immune|p1b: Delphox|[from] ability: Levitate\n|-damage|p2a: Kangaskhan|0 fnt\n|faint|p2a: Kangaskhan\n|\n|-damage|p2b: Kangaskhan|76/100 brn|[from] brn\n|upkeep\n|\n|t:|1775991592\n|switch|p2a: Palafin|Palafin-Hero, L50, F|100/100\n|-activate|p2a: Palafin|ability: Zero to Hero\n|turn|5\n|\n|t:|1775991614\n|move|p2a: Palafin|Jet Punch|p1b: Delphox\n|-supereffective|p1b: Delphox|1\n|-damage|p1b: Delphox|0 fnt\n|faint|p1b: Delphox\n|move|p2b: Kangaskhan|Hyper Voice|p1a: Garchomp\n|-damage|p1a: Garchomp|4/100\n|move|p1a: Garchomp|Earthquake|p2b: Kangaskhan|[spread] p2a,p2b\n|-damage|p2a: Palafin|67/100\n|-damage|p2b: Kangaskhan|0 fnt\n|replace|p2b: Zoroark|Zoroark-Hisui, L50, M\n|-end|p2b: Zoroark|Illusion\n|faint|p2b: Zoroark\n|\n|upkeep\n|turn|6\n|\n|t:|1775991642\n|move|p2a: Palafin|Jet Punch|p1a: Garchomp\n|-damage|p1a: Garchomp|0 fnt\n|-damage|p2a: Palafin|54/100|[from] ability: Rough Skin|[of] p1a: Garchomp\n|faint|p1a: Garchomp\n|\n|win|Flakenz\n|raw|juustsimo's rating: 1092 &rarr; <strong>1062</strong><br />(-30 for losing)\n|raw|Flakenz's rating: 1000 &rarr; <strong>1050</strong><br />(+50 for winning)\n",
  "uploadtime": 1775991642,
  "views": 20,
  "formatid": "gen9championsvgc2026regma",
  "rating": 1050,
  "private": 0,
  "password": null
}