{
  "id": "gen9championsvgc2026regma-2582556565",
  "format": "[Gen 9 Champions] VGC 2026 Reg M-A",
  "players": [
    "Kiryuri",
    "GymLeaderRonnie"
  ],
  "log": "|j|\u2606Kiryuri\n|j|\u2606GymLeaderRonnie\n|t:|1776099169\n|gametype|doubles\n|player|p1|Kiryuri|acetrainerf|1339\n|player|p2|GymLeaderRonnie|serena|1394\n|gen|9\n|tier|[Gen 9 Champions] VGC 2026 Reg M-A\n|rated|\n|rule|Species Clause: Limit one of each Pok\u00e9mon\n|rule|Item Clause: Limit 1 of each item\n|clearpoke\n|poke|p1|Floette-Eternal, L50, F|\n|poke|p1|Delphox, L50, F|\n|poke|p1|Aerodactyl, L50, F|\n|poke|p1|Maushold-Four, L50|\n|poke|p1|Incineroar, L50, F|\n|poke|p1|Garchomp, L50, F|\n|poke|p2|Charizard, L50, F|\n|poke|p2|Whimsicott, L50, M|\n|poke|p2|Kingambit, L50, F|\n|poke|p2|Farigiraf, L50, F|\n|poke|p2|Venusaur, L50, F|\n|poke|p2|Sylveon, L50, F|\n|teampreview|4\nKiryuri has agreed to open team sheets.\n|inactive|Battle timer is ON: inactive players will automatically lose when time's up. (requested by Kiryuri)\n|inactive|Kiryuri has 60 seconds left.\n|\n|t:|1776099210\n|teamsize|p1|4\n|teamsize|p2|4\n|start\n|switch|p1a: Garchomp|Garchomp, L50, F|100/100\n|switch|p1b: Delphox|Delphox, L50, F, shiny|100/100\n|switch|p2a: Kingambit|Kingambit, L50, F|100/100\n|switch|p2b: Farigiraf|Farigiraf, L50, F|100/100\n|turn|1\n|\n|t:|1776099228\n|detailschange|p1b: Delphox|Delphox-Mega, L50, F, shiny\n|-mega|p1b: Delphox|Delphox|Delphoxite\n|move|p2a: Kingambit|Protect|p2a: Kingambit\n|-singleturn|p2a: Kingambit|Protect\n|move|p1a: Garchomp|Earthquake|p2a: Kingambit|[spread] p2b\n|-activate|p2a: Kingambit|move: Protect\n|-immune|p1b: Delphox|[from] ability: Levitate\n|-damage|p2b: Farigiraf|68/100\n|move|p1b: Delphox|Substitute|p1b: Delphox\n|-start|p1b: Delphox|Substitute\n|-damage|p1b: Delphox|75/100\n|move|p2b: Farigiraf|Trick Room|p2b: Farigiraf\n|-fieldstart|move: Trick Room|[of] p2b: Farigiraf\n|\n|upkeep\n|turn|2\n|inactive|Kiryuri has 30 seconds left.\n|inactive|Kiryuri has 20 seconds left.\n|inactive|Kiryuri has 15 seconds left.\n|inactive|Kiryuri has 10 seconds left.\n|\n|t:|1776099275\n|switch|p1a: Incineroar|Incineroar, L50, F|100/100\n|move|p2a: Kingambit|Kowtow Cleave|p1a: Incineroar\n|-resisted|p1a: Incineroar|1\n|-damage|p1a: Incineroar|75/100\n|move|p2b: Farigiraf|Foul Play|p1b: Delphox\n|-supereffective|p1b: Delphox|1\n|-end|p1b: Delphox|Substitute\n|move|p1b: Delphox|Heat Wave|p2a: Kingambit|[spread] p2a,p2b\n|-supereffective|p2a: Kingambit|1\n|-damage|p2a: Kingambit|5/100\n|-damage|p2b: Farigiraf|18/100\n|\n|upkeep\n|turn|3\n|j| underfoot2\n|inactive|Kiryuri has 30 seconds left.\n|inactive|GymLeaderRonnie has 30 seconds left.\n|j| Junglebolt\n|l| Junglebolt\n|inactive|Kiryuri has 20 seconds left.\n|inactive|GymLeaderRonnie has 20 seconds left.\n|inactive|Kiryuri has 15 seconds left.\n|inactive|GymLeaderRonnie has 15 seconds left.\n|inactive|Kiryuri has 10 seconds left.\n|inactive|GymLeaderRonnie has 10 seconds left.\n|inactive|Kiryuri has 5 seconds left.\n|inactive|GymLeaderRonnie has 5 seconds left.\n|\n|t:|1776099327\n|switch|p2b: Venusaur|Venusaur, L50, F|100/100\n|move|p1b: Delphox|Protect|p1b: Delphox\n|-singleturn|p1b: Delphox|Protect\n|move|p2a: Kingambit|Kowtow Cleave|p1b: Delphox\n|-activate|p1b: Delphox|move: Protect\n|move|p1a: Incineroar|Throat Chop|p2b: Venusaur\n|-damage|p2b: Venusaur|61/100\n|-start|p2b: Venusaur|Throat Chop|[silent]\n|\n|upkeep\n|turn|4\n|inactive|Kiryuri has 30 seconds left.\n|\n|t:|1776099354\n|switch|p1b: Maushold|Maushold-Four, L50|100/100\n|detailschange|p2b: Venusaur|Venusaur-Mega, L50, F\n|-mega|p2b: Venusaur|Venusaur|Venusaurite\n|move|p2a: Kingambit|Kowtow Cleave|p1b: Maushold\n|-damage|p1b: Maushold|39/100\n|move|p1a: Incineroar|Flare Blitz|p2a: Kingambit\n|-supereffective|p2a: Kingambit|1\n|-damage|p2a: Kingambit|0 fnt\n|faint|p2a: Kingambit\n|-damage|p1a: Incineroar|74/100|[from] Recoil\n|move|p2b: Venusaur|Sludge Bomb|p1a: Incineroar\n|-damage|p1a: Incineroar|47/100\n|-status|p1a: Incineroar|psn\n|-enditem|p1a: Incineroar|Sitrus Berry|[eat]\n|-heal|p1a: Incineroar|71/100 psn|[from] item: Sitrus Berry\n|\n|-damage|p1a: Incineroar|59/100 psn|[from] psn\n|-end|p2b: Venusaur|Throat Chop|[silent]\n|upkeep\n|j| CARtu348rjf90\n|\n|t:|1776099377\n|switch|p2a: Sylveon|Sylveon, L50, F|100/100\n|turn|5\n|inactive|Kiryuri has 30 seconds left.\n|inactive|Kiryuri has 20 seconds left.\n|inactive|Kiryuri has 15 seconds left.\n|\n|t:|1776099418\n|move|p1b: Maushold|Protect|p1b: Maushold\n|-singleturn|p1b: Maushold|Protect\n|move|p2a: Sylveon|Hyper Voice|p1b: Maushold|[spread] p1a\n|-activate|p1b: Maushold|move: Protect\n|-damage|p1a: Incineroar|33/100 psn\n|move|p1a: Incineroar|Flare Blitz|p2a: Sylveon\n|-damage|p2a: Sylveon|13/100\n|-damage|p1a: Incineroar|4/100 psn|[from] Recoil\n|move|p2b: Venusaur|Sludge Bomb|p1a: Incineroar\n|-damage|p1a: Incineroar|0 fnt\n|faint|p1a: Incineroar\n|\n|-fieldend|move: Trick Room\n|upkeep\n|\n|t:|1776099431\n|switch|p1a: Delphox|Delphox-Mega, L50, F, shiny|75/100\n|turn|6\n|inactive|GymLeaderRonnie has 30 seconds left.\n|\n|t:|1776099458\n|move|p2a: Sylveon|Protect|p2a: Sylveon\n|-singleturn|p2a: Sylveon|Protect\n|move|p1b: Maushold|Follow Me|p1b: Maushold\n|-singleturn|p1b: Maushold|move: Follow Me\n|move|p1a: Delphox|Heat Wave|p2a: Sylveon|[spread] p2b\n|-activate|p2a: Sylveon|move: Protect\n|-supereffective|p2b: Venusaur|1\n|-damage|p2b: Venusaur|14/100\n|move|p2b: Venusaur|Giga Drain|p1b: Maushold\n|-damage|p1b: Maushold|0 fnt\n|-heal|p2b: Venusaur|36/100|[from] drain|[of] p1b: Maushold\n|faint|p1b: Maushold\n|\n|upkeep\n|\n|t:|1776099470\n|switch|p1b: Garchomp|Garchomp, L50, F|100/100\n|turn|7\n|c|\u2606Kiryuri|!data thick fat\n|c|\u2606Kiryuri|/raw <ul class=\"utilichart\"><li class=\"result\"><span class=\"col namecol\"><a href=\"https://dex.pokemonshowdown.com/abilities/thickfat\">Thick Fat</a></span> <span class=\"col abilitydesccol\">Fire-/Ice-type moves against this Pokemon deal damage with a halved offensive stat.</span> </li><li style=\"clear:both\"></li></ul>\n\n|j| iamanewbie2\n|inactive|Kiryuri has 30 seconds left.\n|inactive|GymLeaderRonnie has 30 seconds left.\n|inactive|GymLeaderRonnie has 20 seconds left.\n|inactive|Kiryuri has 20 seconds left.\n|inactive|GymLeaderRonnie has 15 seconds left.\n|inactive|GymLeaderRonnie has 10 seconds left.\n|inactive|GymLeaderRonnie has 5 seconds left.\n|\n|t:|1776099525\n|move|p1b: Garchomp|Earthquake|p2a: Sylveon|[spread] p2a,p2b\n|-immune|p1a: Delphox|[from] ability: Levitate\n|-damage|p2a: Sylveon|0 fnt\n|-damage|p2b: Venusaur|0 fnt\n|faint|p2a: Sylveon\n|faint|p2b: Venusaur\n|move|p1a: Delphox|Heat Wave|p2: Sylveon|[notarget]\n|-fail|p1a: Delphox\n|\n|upkeep\n|j| LuizVentura\n|l| iamanewbie2\n|inactive|GymLeaderRonnie has 30 seconds left.\n|inactive|GymLeaderRonnie has 20 seconds left.\n|inactive|GymLeaderRonnie has 15 seconds left.\n|inactive|GymLeaderRonnie has 10 seconds left.\n|\n|t:|1776099574\n|switch|p2b: Farigiraf|Farigiraf, L50, F|18/100\n|turn|8\n|-message|GymLeaderRonnie forfeited.\n|\n|win|Kiryuri\n|raw|Kiryuri's rating: 1339 &rarr; <strong>1363</strong><br />(+24 for winning)\n|raw|GymLeaderRonnie's rating: 1411 &rarr; <strong>1387</strong><br />(-24 for losing)\n|l|\u2606GymLeaderRonnie\n|player|p2|\n",
  "uploadtime": 1776099585,
  "views": 26,
  "formatid": "gen9championsvgc2026regma",
  "rating": 1363,
  "private": 0,
  "password": null
}