{
  "id": "gen9championsvgc2026regma-2587458240",
  "format": "[Gen 9 Champions] VGC 2026 Reg M-A",
  "players": [
    "Moxiemencefan21",
    "Juamr"
  ],
  "log": "|j|\u2606Moxiemencefan21\n|j|\u2606Juamr\n|t:|1776533513\n|gametype|doubles\n|player|p1|Moxiemencefan21|102|1128\n|player|p2|Juamr|volkner|1196\n|gen|9\n|tier|[Gen 9 Champions] VGC 2026 Reg M-A\n|rated|\n|rule|Species Clause: Limit one of each Pok\u00e9mon\n|rule|Item Clause: Limit 1 of each item\n|clearpoke\n|poke|p1|Kangaskhan, L50, F|\n|poke|p1|Volcarona, L50, M|\n|poke|p1|Tauros-Paldea-Aqua, L50, M|\n|poke|p1|Sinistcha, L50|\n|poke|p1|Aerodactyl, L50, F|\n|poke|p1|Garchomp, L50, F|\n|poke|p2|Meganium, L50, F|\n|poke|p2|Pelipper, L50, F|\n|poke|p2|Aerodactyl, L50, M|\n|poke|p2|Archaludon, L50, F|\n|poke|p2|Typhlosion-Hisui, L50, F|\n|poke|p2|Dragonite, L50, F|\n|teampreview|4\n|\n|t:|1776533568\n|teamsize|p1|4\n|teamsize|p2|4\n|start\n|switch|p1a: Kangaskhan|Kangaskhan, L50, F|100/100\n|switch|p1b: Volcarona|Volcarona, L50, M|100/100\n|switch|p2a: Aerodactyl|Aerodactyl, L50, M|100/100\n|switch|p2b: Meganium|Meganium, L50, F|100/100\n|-ability|p2a: Aerodactyl|Unnerve\n|turn|1\n|\n|t:|1776533588\n|detailschange|p1a: Kangaskhan|Kangaskhan-Mega, L50, F\n|-mega|p1a: Kangaskhan|Kangaskhan|Kangaskhanite\n|detailschange|p2b: Meganium|Meganium-Mega, L50, F\n|-mega|p2b: Meganium|Meganium|Meganiumite\n|move|p2b: Meganium|Protect|p2b: Meganium\n|-singleturn|p2b: Meganium|Protect\n|move|p1a: Kangaskhan|Fake Out|p2a: Aerodactyl\n|-resisted|p2a: Aerodactyl|1\n|-damage|p2a: Aerodactyl|81/100\n|-resisted|p2a: Aerodactyl|1\n|-damage|p2a: Aerodactyl|78/100\n|-hitcount|p2a: Aerodactyl|2\n|cant|p2a: Aerodactyl|flinch\n|move|p1b: Volcarona|Quiver Dance|p1b: Volcarona\n|-boost|p1b: Volcarona|spa|1\n|-boost|p1b: Volcarona|spd|1\n|-boost|p1b: Volcarona|spe|1\n|\n|upkeep\n|turn|2\n|\n|t:|1776533625\n|switch|p1a: Tauros|Tauros-Paldea-Aqua, L50, M|100/100\n|-ability|p1a: Tauros|Intimidate|boost\n|-unboost|p2a: Aerodactyl|atk|1\n|-unboost|p2b: Meganium|atk|1\n|move|p1b: Volcarona|Protect|p1b: Volcarona\n|-singleturn|p1b: Volcarona|Protect\n|move|p2a: Aerodactyl|Rock Slide|p1b: Volcarona|[spread] p1a\n|-activate|p1b: Volcarona|move: Protect\n|-resisted|p1a: Tauros|1\n|-damage|p1a: Tauros|93/100\n|move|p2b: Meganium|Weather Ball|p1a: Tauros\n|-resisted|p1a: Tauros|1\n|-damage|p1a: Tauros|50/100\n|\n|upkeep\n|turn|3\n|\n|t:|1776533659\n|move|p2b: Meganium|Protect|p2b: Meganium\n|-singleturn|p2b: Meganium|Protect\n|move|p1a: Tauros|Aqua Jet|p2a: Aerodactyl\n|-supereffective|p2a: Aerodactyl|1\n|-crit|p2a: Aerodactyl\n|-damage|p2a: Aerodactyl|0 fnt\n|faint|p2a: Aerodactyl\n|move|p1b: Volcarona|Heat Wave|p2b: Meganium\n|-activate|p2b: Meganium|move: Protect\n|\n|upkeep\n|\n|t:|1776533668\n|switch|p2a: Pelipper|Pelipper, L50, F|100/100\n|-weather|RainDance|[from] ability: Drizzle|[of] p2a: Pelipper\n|turn|4\n|\n|t:|1776533687\n|switch|p1a: Kangaskhan|Kangaskhan-Mega, L50, F|100/100\n|move|p1b: Volcarona|Protect|p1b: Volcarona\n|-singleturn|p1b: Volcarona|Protect\n|move|p2b: Meganium|Solar Beam||[still]\n|-prepare|p2b: Meganium|Solar Beam\n|-activate|p2b: Meganium|ability: Mega Sol\n|-anim|p2b: Meganium|Solar Beam|p1a: Kangaskhan\n|-damage|p1a: Kangaskhan|34/100\n|move|p2a: Pelipper|Weather Ball|p1b: Volcarona\n|-activate|p1b: Volcarona|move: Protect\n|\n|-weather|RainDance|[upkeep]\n|upkeep\n|turn|5\n|\n|t:|1776533709\n|move|p1a: Kangaskhan|Fake Out|p2a: Pelipper\n|-damage|p2a: Pelipper|76/100\n|-damage|p2a: Pelipper|71/100\n|-hitcount|p2a: Pelipper|2\n|move|p1b: Volcarona|Quiver Dance|p1b: Volcarona\n|-boost|p1b: Volcarona|spa|1\n|-boost|p1b: Volcarona|spd|1\n|-boost|p1b: Volcarona|spe|1\n|move|p2b: Meganium|Dazzling Gleam|p1a: Kangaskhan|[spread] p1a,p1b\n|-resisted|p1b: Volcarona|1\n|-damage|p1a: Kangaskhan|1/100\n|-damage|p1b: Volcarona|93/100\n|cant|p2a: Pelipper|flinch\n|\n|-weather|RainDance|[upkeep]\n|-heal|p1b: Volcarona|99/100|[from] item: Leftovers\n|-heal|p2a: Pelipper|77/100|[from] item: Leftovers\n|upkeep\n|turn|6\n|\n|t:|1776533734\n|move|p1b: Volcarona|Heat Wave|p2a: Pelipper|[spread] p2a,p2b\n|-resisted|p2a: Pelipper|1\n|-supereffective|p2b: Meganium|1\n|-damage|p2a: Pelipper|57/100\n|-damage|p2b: Meganium|38/100\n|move|p1a: Kangaskhan|Double-Edge|p2a: Pelipper\n|-damage|p2a: Pelipper|0 fnt\n|faint|p2a: Pelipper\n|-hitcount|p2: Pelipper|1\n|-damage|p1a: Kangaskhan|0 fnt|[from] Recoil\n|faint|p1a: Kangaskhan\n|move|p2b: Meganium|Dazzling Gleam|p1b: Volcarona\n|-resisted|p1b: Volcarona|1\n|-damage|p1b: Volcarona|87/100\n|\n|-weather|RainDance|[upkeep]\n|-heal|p1b: Volcarona|94/100|[from] item: Leftovers\n|upkeep\n|\n|t:|1776533753\n|switch|p1a: Tauros|Tauros-Paldea-Aqua, L50, M|50/100\n|switch|p2a: Archaludon|Archaludon, L50, F|100/100\n|-ability|p1a: Tauros|Intimidate|boost\n|-unboost|p2a: Archaludon|atk|1\n|-unboost|p2b: Meganium|atk|1\n|turn|7\n|\n|t:|1776533768\n|move|p2b: Meganium|Protect|p2b: Meganium\n|-singleturn|p2b: Meganium|Protect\n|move|p1b: Volcarona|Heat Wave|p2a: Archaludon|[spread] p2a\n|-activate|p2b: Meganium|move: Protect\n|-damage|p2a: Archaludon|44/100\n|-enditem|p2a: Archaludon|Sitrus Berry|[eat]\n|-heal|p2a: Archaludon|69/100|[from] item: Sitrus Berry\n|move|p1a: Tauros|Close Combat|p2a: Archaludon\n|-supereffective|p2a: Archaludon|1\n|-damage|p2a: Archaludon|0 fnt\n|-unboost|p1a: Tauros|def|1\n|-unboost|p1a: Tauros|spd|1\n|faint|p2a: Archaludon\n|\n|-weather|RainDance|[upkeep]\n|-heal|p1b: Volcarona|99/100|[from] item: Leftovers\n|upkeep\n|turn|8\n|\n|t:|1776533790\n|move|p1b: Volcarona|Bug Buzz|p2b: Meganium\n|-damage|p2b: Meganium|0 fnt\n|faint|p2b: Meganium\n|\n|win|Moxiemencefan21\n|raw|Moxiemencefan21's rating: 1128 &rarr; <strong>1158</strong><br />(+30 for winning)\n|raw|Juamr's rating: 1196 &rarr; <strong>1166</strong><br />(-30 for losing)\n",
  "uploadtime": 1776533793,
  "views": 13,
  "formatid": "gen9championsvgc2026regma",
  "rating": 1158,
  "private": 0,
  "password": null
}