{
  "id": "gen9championsvgc2026regma-2589537692",
  "format": "[Gen 9 Champions] VGC 2026 Reg M-A",
  "players": [
    "mfsalve",
    "itsvoltage"
  ],
  "log": "|j|\u2606mfsalve\n|j|\u2606itsvoltage\n|t:|1776732080\n|gametype|doubles\n|player|p1|mfsalve|170|1216\n|player|p2|itsvoltage|170|1266\n|gen|9\n|tier|[Gen 9 Champions] VGC 2026 Reg M-A\n|rated|\n|rule|Species Clause: Limit one of each Pok\u00e9mon\n|rule|Item Clause: Limit 1 of each item\n|clearpoke\n|poke|p1|Tyranitar, L50, F|\n|poke|p1|Talonflame, L50, F|\n|poke|p1|Sylveon, L50, M|\n|poke|p1|Lycanroc, L50, M|\n|poke|p1|Garchomp, L50, M|\n|poke|p1|Gyarados, L50, F|\n|poke|p2|Aurorus, L50, F|\n|poke|p2|Incineroar, L50, F|\n|poke|p2|Talonflame, L50, M|\n|poke|p2|Primarina, L50, F|\n|poke|p2|Scizor, L50, F|\n|poke|p2|Mr. Rime, L50, M|\n|teampreview|4\n|\n|t:|1776732129\n|teamsize|p1|4\n|teamsize|p2|4\n|start\n|switch|p1a: Garchomp|Garchomp, L50, M|100/100\n|switch|p1b: Gyarados|Gyarados, L50, F|100/100\n|switch|p2a: Mr. Rime|Mr. Rime, L50, M|100/100\n|switch|p2b: Aurorus|Aurorus, L50, F|100/100\n|-ability|p1b: Gyarados|Intimidate|boost\n|-unboost|p2a: Mr. Rime|atk|1\n|-unboost|p2b: Aurorus|atk|1\n|-weather|Snowscape|[from] ability: Snow Warning|[of] p2b: Aurorus\n|turn|1\n|\n|t:|1776732175\n|move|p2b: Aurorus|Protect|p2b: Aurorus\n|-singleturn|p2b: Aurorus|Protect\n|move|p1a: Garchomp|Rock Slide|p2b: Aurorus|[spread] \n|-activate|p2b: Aurorus|move: Protect\n|-miss|p1a: Garchomp|p2a: Mr. Rime\n|move|p1b: Gyarados|Iron Head|p2a: Mr. Rime\n|-supereffective|p2a: Mr. Rime|1\n|-damage|p2a: Mr. Rime|64/100\n|move|p2a: Mr. Rime|Trick Room|p2a: Mr. Rime\n|-fieldstart|move: Trick Room|[of] p2a: Mr. Rime\n|\n|-weather|Snowscape|[upkeep]\n|upkeep\n|turn|2\n|\n|t:|1776732187\n|move|p1a: Garchomp|Protect|p1a: Garchomp\n|-singleturn|p1a: Garchomp|Protect\n|move|p2a: Mr. Rime|Blizzard|p1a: Garchomp|[spread] p1b\n|-activate|p1a: Garchomp|move: Protect\n|-damage|p1b: Gyarados|61/100\n|move|p2b: Aurorus|Blizzard|p1a: Garchomp|[spread] p1b\n|-activate|p1a: Garchomp|move: Protect\n|-damage|p1b: Gyarados|18/100\n|-enditem|p1b: Gyarados|Sitrus Berry|[eat]\n|-heal|p1b: Gyarados|43/100|[from] item: Sitrus Berry\n|move|p1b: Gyarados|Iron Head|p2a: Mr. Rime\n|-supereffective|p2a: Mr. Rime|1\n|-damage|p2a: Mr. Rime|22/100\n|\n|-weather|Snowscape|[upkeep]\n|upkeep\n|turn|3\n|\n|t:|1776732205\n|switch|p1a: Xod\u00f3|Tyranitar, L50, F|100/100\n|-weather|Sandstorm|[from] ability: Sand Stream|[of] p1a: Xod\u00f3\n|move|p2a: Mr. Rime|Blizzard|p1a: Xod\u00f3|[spread] p1a\n|-miss|p2a: Mr. Rime|p1b: Gyarados\n|-damage|p1a: Xod\u00f3|82/100\n|move|p2b: Aurorus|Blizzard|p1a: Xod\u00f3|[spread] \n|-miss|p2b: Aurorus|p1a: Xod\u00f3\n|-miss|p2b: Aurorus|p1b: Gyarados\n|move|p1b: Gyarados|Iron Head|p2b: Aurorus\n|-supereffective|p2b: Aurorus|2\n|-damage|p2b: Aurorus|0 fnt\n|faint|p2b: Aurorus\n|\n|-weather|Sandstorm|[upkeep]\n|-damage|p2a: Mr. Rime|17/100|[from] Sandstorm\n|-damage|p1b: Gyarados|37/100|[from] Sandstorm\n|upkeep\n|\n|t:|1776732219\n|switch|p2b: Primarina|Primarina, L50, F|100/100\n|turn|4\n|\n|t:|1776732237\n|move|p1a: Xod\u00f3|Protect|p1a: Xod\u00f3\n|-singleturn|p1a: Xod\u00f3|Protect\n|move|p2a: Mr. Rime|Chilling Water|p1a: Xod\u00f3\n|-activate|p1a: Xod\u00f3|move: Protect\n|move|p2b: Primarina|Hyper Voice|p1a: Xod\u00f3|[spread] p1b\n|-activate|p1a: Xod\u00f3|move: Protect\n|-resisted|p1b: Gyarados|1\n|-damage|p1b: Gyarados|14/100\n|move|p1b: Gyarados|Iron Head|p2a: Mr. Rime\n|-supereffective|p2a: Mr. Rime|1\n|-damage|p2a: Mr. Rime|0 fnt\n|faint|p2a: Mr. Rime\n|\n|-weather|Sandstorm|[upkeep]\n|-damage|p2b: Primarina|95/100|[from] Sandstorm\n|-damage|p1b: Gyarados|8/100|[from] Sandstorm\n|upkeep\n|\n|t:|1776732256\n|switch|p2a: Talonflame|Talonflame, L50, M|100/100\n|turn|5\n|-message|itsvoltage forfeited.\n|\n|win|mfsalve\n|raw|mfsalve's rating: 1216 &rarr; <strong>1245</strong><br />(+29 for winning)\n|raw|itsvoltage's rating: 1266 &rarr; <strong>1237</strong><br />(-29 for losing)\n|l|\u2606itsvoltage\n|player|p2|\n",
  "uploadtime": 1776732261,
  "views": 2,
  "formatid": "gen9championsvgc2026regma",
  "rating": 1237,
  "private": 0,
  "password": null
}