{
  "id": "gen9championsvgc2026regma-2580741743",
  "format": "[Gen 9 Champions] VGC 2026 Reg M-A",
  "players": [
    "JustDevi",
    "johannes100100"
  ],
  "log": "|j|\u2606JustDevi\n|j|\u2606johannes100100\n|t:|1775928727\n|gametype|doubles\n|player|p1|JustDevi|2|1068\n|player|p2|johannes100100|preschooler|1000\n|gen|9\n|tier|[Gen 9 Champions] VGC 2026 Reg M-A\n|rated|\n|rule|Species Clause: Limit one of each Pok\u00e9mon\n|rule|Item Clause: Limit 1 of each item\n|clearpoke\n|poke|p1|Archaludon, L50, F|\n|poke|p1|Sinistcha, L50|\n|poke|p1|Chesnaught, L50, F|\n|poke|p1|Basculegion, L50, M|\n|poke|p1|Pelipper, L50, F|\n|poke|p1|Heliolisk, L50, M|\n|poke|p2|Torkoal, L50, M|\n|poke|p2|Crabominable, L50, M|\n|poke|p2|Slowking-Galar, L50, F|\n|poke|p2|Farigiraf, L50, F|\n|poke|p2|Camerupt, L50, F|\n|poke|p2|Sinistcha, L50|\n|teampreview|4\n|inactive|Battle timer is ON: inactive players will automatically lose when time's up. (requested by johannes100100)\n|inactive|JustDevi has 60 seconds left.\n|inactive|johannes100100 has 60 seconds left.\n|\n|t:|1775928775\n|teamsize|p1|4\n|teamsize|p2|4\n|start\n|switch|p1a: Basculegion|Basculegion, L50, M|100/100\n|switch|p1b: Chesnaught|Chesnaught, L50, F|100/100\n|switch|p2a: Slowking|Slowking-Galar, L50, F|100/100\n|switch|p2b: Sinistcha|Sinistcha, L50|100/100\n|-clearboost|p2b: Sinistcha|[from] ability: Curious Medicine|[of] p2a: Slowking\n|turn|1\n|inactive|johannes100100 has 30 seconds left.\n|\n|t:|1775928800\n|detailschange|p1b: Chesnaught|Chesnaught-Mega, L50, F\n|-mega|p1b: Chesnaught|Chesnaught|Chesnaughtite\n|move|p1a: Basculegion|Flip Turn|p2a: Slowking\n|-damage|p2a: Slowking|56/100\n|\n|t:|1775928806\n|switch|p1a: Pelipper|Pelipper, L50, F|100/100|[from] Flip Turn\n|-weather|RainDance|[from] ability: Drizzle|[of] p1a: Pelipper\n|move|p1b: Chesnaught|Leech Seed|p2a: Slowking\n|-start|p2a: Slowking|move: Leech Seed\n|-prepare|p2a: Slowking|Chilly Reception|[premajor]\n|move|p2a: Slowking|Chilly Reception|p2a: Slowking\n|-weather|Snowscape\n|\n|t:|1775928815\n|switch|p2a: Crabominable|Crabominable, L50, M|100/100|[from] Chilly Reception\n|move|p2b: Sinistcha|Trick Room|p2b: Sinistcha\n|-fieldstart|move: Trick Room|[of] p2b: Sinistcha\n|\n|-weather|Snowscape|[upkeep]\n|upkeep\n|turn|2\n|\n|t:|1775928831\n|switch|p1b: Archaludon|Archaludon, L50, F, shiny|100/100\n|detailschange|p2a: Crabominable|Crabominable-Mega, L50, M\n|-mega|p2a: Crabominable|Crabominable|Crabominite\n|move|p2a: Crabominable|Ice Hammer|p1b: Archaludon\n|-crit|p1b: Archaludon\n|-damage|p1b: Archaludon|15/100\n|-unboost|p2a: Crabominable|spe|1\n|-ability|p1b: Archaludon|Stamina|boost\n|-boost|p1b: Archaludon|def|1\n|move|p2b: Sinistcha|Matcha Gotcha|p1a: Pelipper|[spread] p1a,p1b\n|-resisted|p1b: Archaludon|2\n|-damage|p1a: Pelipper|39/100\n|-damage|p1b: Archaludon|6/100\n|-status|p1b: Archaludon|brn\n|-ability|p1b: Archaludon|Stamina|boost\n|-boost|p1b: Archaludon|def|1\n|move|p1a: Pelipper|Hurricane|p2a: Crabominable|[miss]\n|-miss|p1a: Pelipper|p2a: Crabominable\n|\n|-weather|Snowscape|[upkeep]\n|-heal|p1b: Archaludon|12/100 brn|[from] item: Leftovers\n|-damage|p1b: Archaludon|6/100 brn|[from] brn\n|upkeep\n|turn|3\n|inactive|JustDevi has 30 seconds left.\n|inactive|johannes100100 has 30 seconds left.\n|\n|t:|1775928863\n|move|p1b: Archaludon|Protect|p1b: Archaludon\n|-singleturn|p1b: Archaludon|Protect\n|move|p2a: Crabominable|Ice Hammer|p1a: Pelipper|[miss]\n|-miss|p2a: Crabominable|p1a: Pelipper\n|move|p2b: Sinistcha|Matcha Gotcha|p1b: Archaludon|[spread] p1a\n|-activate|p1b: Archaludon|move: Protect\n|-damage|p1a: Pelipper|0 fnt\n|faint|p1a: Pelipper\n|\n|-weather|Snowscape|[upkeep]\n|-heal|p1b: Archaludon|12/100 brn|[from] item: Leftovers\n|-damage|p1b: Archaludon|6/100 brn|[from] brn\n|upkeep\n|\n|t:|1775928879\n|switch|p1a: Chesnaught|Chesnaught-Mega, L50, F|100/100\n|turn|4\n|\n|t:|1775928893\n|move|p1a: Chesnaught|Spiky Shield|p1a: Chesnaught\n|-singleturn|p1a: Chesnaught|move: Protect\n|move|p2a: Crabominable|Ice Hammer|p1a: Chesnaught\n|-activate|p1a: Chesnaught|move: Protect\n|-damage|p2a: Crabominable|88/100|[from] Spiky Shield|[of] p1a: Chesnaught\n|move|p2b: Sinistcha|Matcha Gotcha|p1b: Archaludon|[spread] p1b\n|-activate|p1a: Chesnaught|move: Protect\n|-resisted|p1b: Archaludon|2\n|-damage|p1b: Archaludon|0 fnt\n|faint|p1b: Archaludon\n|\n|-weather|Snowscape|[upkeep]\n|upkeep\n|\n|t:|1775928905\n|switch|p1b: Basculegion|Basculegion, L50, M|100/100\n|turn|5\n|\n|t:|1775928915\n|move|p2a: Crabominable|Ice Hammer|p1a: Chesnaught\n|-supereffective|p1a: Chesnaught|1\n|-damage|p1a: Chesnaught|19/100\n|-unboost|p2a: Crabominable|spe|1\n|move|p1a: Chesnaught|Body Press|p2a: Crabominable\n|-supereffective|p2a: Crabominable|1\n|-damage|p2a: Crabominable|35/100\n|move|p2b: Sinistcha|Matcha Gotcha|p1a: Chesnaught|[spread] p1a,p1b\n|-resisted|p1a: Chesnaught|1\n|-supereffective|p1b: Basculegion|1\n|-damage|p1a: Chesnaught|7/100\n|-damage|p1b: Basculegion|26/100\n|move|p1b: Basculegion|Last Respects|p2b: Sinistcha\n|-supereffective|p2b: Sinistcha|1\n|-damage|p2b: Sinistcha|0 fnt\n|faint|p2b: Sinistcha\n|\n|-weather|none\n|-fieldend|move: Trick Room\n|upkeep\n|\n|t:|1775928933\n|switch|p2b: Torkoal|Torkoal, L50, M|100/100\n|-weather|SunnyDay|[from] ability: Drought|[of] p2b: Torkoal\n|turn|6\n|\n|t:|1775928951\n|move|p1b: Basculegion|Last Respects|p2b: Torkoal\n|-crit|p2b: Torkoal\n|-damage|p2b: Torkoal|0 fnt\n|faint|p2b: Torkoal\n|move|p1a: Chesnaught|Body Press|p2a: Crabominable\n|-supereffective|p2a: Crabominable|1\n|-damage|p2a: Crabominable|0 fnt\n|faint|p2a: Crabominable\n|\n|-weather|SunnyDay|[upkeep]\n|upkeep\n|\n|t:|1775928960\n|switch|p2b: Slowking|Slowking-Galar, L50, F|56/100\n|turn|7\n|-message|johannes100100 forfeited.\n|\n|win|JustDevi\n|raw|JustDevi's rating: 1068 &rarr; <strong>1092</strong><br />(+24 for winning)\n|raw|johannes100100's rating: 1000 &rarr; <strong>1000</strong><br />(+0 for losing)\n|l|\u2606johannes100100\n|player|p2|\n",
  "uploadtime": 1775928967,
  "views": 15,
  "formatid": "gen9championsvgc2026regma",
  "rating": 1000,
  "private": 0,
  "password": null
}