{
  "id": "gen9championsvgc2026regma-2587851141",
  "format": "[Gen 9 Champions] VGC 2026 Reg M-A",
  "players": [
    "calielbr13",
    "Alex4862"
  ],
  "log": "|j|\u2606calielbr13\n|j|\u2606Alex4862\n|t:|1776570596\n|gametype|doubles\n|player|p1|calielbr13|hoopster|1050\n|player|p2|Alex4862|acetrainersnow|1103\n|gen|9\n|tier|[Gen 9 Champions] VGC 2026 Reg M-A\n|rated|\n|rule|Species Clause: Limit one of each Pok\u00e9mon\n|rule|Item Clause: Limit 1 of each item\n|clearpoke\n|poke|p1|Sableye, L50, M|\n|poke|p1|Scizor, L50, F, shiny|\n|poke|p1|Basculegion, L50, M|\n|poke|p1|Pelipper, L50, M|\n|poke|p1|Incineroar, L50, F|\n|poke|p1|Archaludon, L50, F|\n|poke|p2|Pelipper, L50, M|\n|poke|p2|Dragonite, L50, M|\n|poke|p2|Luxray, L50, M, shiny|\n|poke|p2|Incineroar, L50, F|\n|poke|p2|Azumarill, L50, M|\n|poke|p2|Archaludon, L50, M|\n|teampreview|4\n|\n|t:|1776570633\n|teamsize|p1|4\n|teamsize|p2|4\n|start\n|switch|p1a: Incineroar|Incineroar, L50, F|100/100\n|switch|p1b: Sableye|Sableye, L50, M|100/100\n|switch|p2a: Incineroar|Incineroar, L50, F|100/100\n|switch|p2b: Azumarill|Azumarill, L50, M|100/100\n|-ability|p2a: Incineroar|Intimidate|boost\n|-unboost|p1a: Incineroar|atk|1\n|-unboost|p1b: Sableye|atk|1\n|-ability|p1a: Incineroar|Intimidate|boost\n|-unboost|p2a: Incineroar|atk|1\n|-unboost|p2b: Azumarill|atk|1\n|turn|1\n|\n|t:|1776570673\n|move|p1b: Sableye|Protect|p1b: Sableye\n|-singleturn|p1b: Sableye|Protect\n|move|p2a: Incineroar|Fake Out|p1a: Incineroar\n|-damage|p1a: Incineroar|94/100\n|cant|p1a: Incineroar|flinch\n|move|p2b: Azumarill|Belly Drum|p2b: Azumarill\n|-damage|p2b: Azumarill|50/100\n|-setboost|p2b: Azumarill|atk|6|[from] move: Belly Drum\n|-enditem|p2b: Azumarill|Sitrus Berry|[eat]\n|-heal|p2b: Azumarill|75/100|[from] item: Sitrus Berry\n|\n|upkeep\n|turn|2\n|\n|t:|1776570731\n|switch|p1a: Archaludon|Archaludon, L50, F|100/100\n|move|p2b: Azumarill|Aqua Jet|p1a: Archaludon\n|-resisted|p1a: Archaludon|1\n|-damage|p1a: Archaludon|63/100\n|-ability|p1a: Archaludon|Stamina|boost\n|-boost|p1a: Archaludon|def|1\n|move|p1b: Sableye|Disable|p2b: Azumarill\n|-start|p2b: Azumarill|Disable|Aqua Jet\n|move|p2a: Incineroar|Parting Shot|p1a: Archaludon\n|-unboost|p1a: Archaludon|atk|1\n|-unboost|p1a: Archaludon|spa|1\n|\n|t:|1776570745\n|switch|p2a: Pelipper|Pelipper, L50, M|100/100|[from] Parting Shot\n|-weather|RainDance|[from] ability: Drizzle|[of] p2a: Pelipper\n|\n|-weather|RainDance|[upkeep]\n|upkeep\n|turn|3\n|\n|t:|1776570768\n|move|p1b: Sableye|Encore|p2b: Azumarill\n|-start|p2b: Azumarill|Encore\n|cant|p2b: Azumarill|Disable|Aqua Jet\n|move|p1a: Archaludon|Electro Shot||[still]\n|-prepare|p1a: Archaludon|Electro Shot\n|-boost|p1a: Archaludon|spa|1\n|-anim|p1a: Archaludon|Electro Shot|p2a: Pelipper\n|-supereffective|p2a: Pelipper|2\n|-damage|p2a: Pelipper|0 fnt\n|faint|p2a: Pelipper\n|\n|-weather|RainDance|[upkeep]\n|upkeep\n|\n|t:|1776570783\n|switch|p2a: Dragonite|Dragonite, L50, M|100/100\n|turn|4\n|\n|t:|1776570803\n|switch|p1b: Incineroar|Incineroar, L50, F|94/100\n|-ability|p1b: Incineroar|Intimidate|boost\n|-unboost|p2a: Dragonite|atk|1\n|-unboost|p2b: Azumarill|atk|1\n|detailschange|p2a: Dragonite|Dragonite-Mega, L50, M\n|-mega|p2a: Dragonite|Dragonite|Dragoninite\n|move|p2a: Dragonite|Ice Beam|p1b: Incineroar\n|-resisted|p1b: Incineroar|1\n|-damage|p1b: Incineroar|79/100\n|move|p1a: Archaludon|Electro Shot||[still]\n|-prepare|p1a: Archaludon|Electro Shot\n|-boost|p1a: Archaludon|spa|1\n|-anim|p1a: Archaludon|Electro Shot|p2b: Azumarill\n|-supereffective|p2b: Azumarill|1\n|-damage|p2b: Azumarill|0 fnt\n|faint|p2b: Azumarill\n|\n|-weather|RainDance|[upkeep]\n|upkeep\n|\n|t:|1776570820\n|switch|p2b: Incineroar|Incineroar, L50, F|100/100\n|-ability|p2b: Incineroar|Intimidate|boost\n|-unboost|p1a: Archaludon|atk|1\n|-unboost|p1b: Incineroar|atk|1\n|turn|5\n|\n|t:|1776570841\n|move|p2b: Incineroar|Fake Out|p1b: Incineroar\n|-damage|p1b: Incineroar|69/100\n|cant|p1b: Incineroar|flinch\n|move|p2a: Dragonite|Hurricane|p1b: Incineroar\n|-damage|p1b: Incineroar|14/100\n|move|p1a: Archaludon|Draco Meteor|p2a: Dragonite\n|-supereffective|p2a: Dragonite|1\n|-damage|p2a: Dragonite|38/100\n|-unboost|p1a: Archaludon|spa|2\n|\n|-weather|RainDance|[upkeep]\n|upkeep\n|turn|6\n|\n|t:|1776570875\n|switch|p1b: Sableye|Sableye, L50, M|100/100\n|move|p1a: Archaludon|Protect|p1a: Archaludon\n|-singleturn|p1a: Archaludon|Protect\n|move|p2b: Incineroar|Flare Blitz|p1a: Archaludon\n|-activate|p1a: Archaludon|move: Protect\n|move|p2a: Dragonite|Draco Meteor|p1a: Archaludon\n|-activate|p1a: Archaludon|move: Protect\n|\n|-weather|none\n|upkeep\n|turn|7\n|\n|t:|1776570910\n|move|p1b: Sableye|Disable|p2a: Dragonite\n|-start|p2a: Dragonite|Disable|Draco Meteor\n|move|p2b: Incineroar|Flare Blitz|p1a: Archaludon\n|-damage|p1a: Archaludon|29/100\n|-ability|p1a: Archaludon|Stamina|boost\n|-boost|p1a: Archaludon|def|1\n|-enditem|p1a: Archaludon|Sitrus Berry|[eat]\n|-heal|p1a: Archaludon|54/100|[from] item: Sitrus Berry\n|-damage|p2b: Incineroar|89/100|[from] Recoil\n|cant|p2a: Dragonite|Disable|Draco Meteor\n|move|p1a: Archaludon|Snarl|p2a: Dragonite|[spread] p2a,p2b\n|-resisted|p2b: Incineroar|1\n|-damage|p2a: Dragonite|33/100\n|-damage|p2b: Incineroar|85/100\n|-unboost|p2a: Dragonite|spa|1\n|-unboost|p2b: Incineroar|spa|1\n|\n|upkeep\n|turn|8\n|\n|t:|1776570964\n|move|p1b: Sableye|Encore|p2a: Dragonite\n|-start|p2a: Dragonite|Encore\n|move|p2b: Incineroar|Flare Blitz|p1b: Sableye\n|-damage|p1b: Sableye|23/100\n|-damage|p2b: Incineroar|63/100|[from] Recoil\n|cant|p2a: Dragonite|Disable|Draco Meteor\n|move|p1a: Archaludon|Draco Meteor|p2a: Dragonite\n|-supereffective|p2a: Dragonite|1\n|-damage|p2a: Dragonite|0 fnt\n|-unboost|p1a: Archaludon|spa|2\n|faint|p2a: Dragonite\n|\n|upkeep\n|turn|9\n|\n|t:|1776570989\n|switch|p1a: Scizor|Scizor, L50, F, shiny|100/100\n|move|p1b: Sableye|Rain Dance|p1b: Sableye\n|-weather|RainDance\n|move|p2b: Incineroar|Flare Blitz|p1b: Sableye\n|-damage|p1b: Sableye|0 fnt\n|faint|p1b: Sableye\n|-damage|p2b: Incineroar|57/100|[from] Recoil\n|\n|-weather|RainDance|[upkeep]\n|upkeep\n|\n|t:|1776571000\n|switch|p1b: Incineroar|Incineroar, L50, F|14/100\n|-ability|p1b: Incineroar|Intimidate|boost\n|-unboost|p2b: Incineroar|atk|1\n|turn|10\n|\n|t:|1776571024\n|switch|p1a: Archaludon|Archaludon, L50, F|54/100\n|move|p2b: Incineroar|Flare Blitz|p1a: Archaludon\n|-damage|p1a: Archaludon|41/100\n|-ability|p1a: Archaludon|Stamina|boost\n|-boost|p1a: Archaludon|def|1\n|-damage|p2b: Incineroar|52/100|[from] Recoil\n|move|p1b: Incineroar|Parting Shot|p2b: Incineroar\n|-unboost|p2b: Incineroar|atk|1\n|-unboost|p2b: Incineroar|spa|1\n|\n|t:|1776571036\n|switch|p1b: Scizor|Scizor, L50, F, shiny|100/100|[from] Parting Shot\n|\n|-weather|RainDance|[upkeep]\n|upkeep\n|turn|11\n|\n|t:|1776571053\n|switch|p1b: Incineroar|Incineroar, L50, F|14/100\n|-ability|p1b: Incineroar|Intimidate|boost\n|-unboost|p2b: Incineroar|atk|1\n|move|p2b: Incineroar|Flare Blitz|p1b: Incineroar\n|-resisted|p1b: Incineroar|1\n|-damage|p1b: Incineroar|9/100\n|-damage|p2b: Incineroar|51/100|[from] Recoil\n|move|p1a: Archaludon|Electro Shot||[still]\n|-prepare|p1a: Archaludon|Electro Shot\n|-boost|p1a: Archaludon|spa|1\n|-anim|p1a: Archaludon|Electro Shot|p2b: Incineroar\n|-damage|p2b: Incineroar|0 fnt\n|faint|p2b: Incineroar\n|\n|win|calielbr13\n|raw|calielbr13's rating: 1050 &rarr; <strong>1087</strong><br />(+37 for winning)\n|raw|Alex4862's rating: 1103 &rarr; <strong>1074</strong><br />(-29 for losing)\n|l|\u2606Alex4862\n|player|p2|\n",
  "uploadtime": 1776571216,
  "views": 11,
  "formatid": "gen9championsvgc2026regma",
  "rating": 1074,
  "private": 0,
  "password": null
}