{
  "id": "gen9championsvgc2026regma-2586484329",
  "format": "[Gen 9 Champions] VGC 2026 Reg M-A",
  "players": [
    "buzbee2000",
    "bobak dotto"
  ],
  "log": "|j|\u2606buzbee2000\n|j|\u2606bobak dotto\n|t:|1776437842\n|gametype|doubles\n|player|p1|buzbee2000|rood|1266\n|player|p2|bobak dotto|101|1277\n|gen|9\n|tier|[Gen 9 Champions] VGC 2026 Reg M-A\n|rated|\n|rule|Species Clause: Limit one of each Pok\u00e9mon\n|rule|Item Clause: Limit 1 of each item\n|clearpoke\n|poke|p1|Meganium, L50, F|\n|poke|p1|Pelipper, L50, M|\n|poke|p1|Archaludon, L50, F|\n|poke|p1|Basculegion, L50, M|\n|poke|p1|Incineroar, L50, F|\n|poke|p1|Sneasler, L50, M|\n|poke|p2|Lycanroc, L50, M|\n|poke|p2|Delphox, L50, F|\n|poke|p2|Tsareena, L50, F|\n|poke|p2|Hippowdon, L50, M|\n|poke|p2|Basculegion, L50, M|\n|poke|p2|Incineroar, L50, F|\n|teampreview|4\n|j| Foxstar99\n|c|\u2606buzbee2000|glhf\n|l| Foxstar99\n|j| Foxstar99\n|inactive|Battle timer is ON: inactive players will automatically lose when time's up. (requested by bobak dotto)\n|c|\u2606bobak dotto|y2\nbobak dotto has agreed to open team sheets.\nbuzbee2000 has agreed to open team sheets.\n|showteam|p1|Meganium||Meganiumite|Overgrow|Synthesis,SolarBeam,WeatherBall,DazzlingGleam|||F|||50|]Pelipper||FocusSash|Drizzle|Tailwind,WideGuard,WeatherBall,Hurricane|||M|||50|]Archaludon||Leftovers|Stamina|Protect,FlashCannon,ElectroShot,DracoMeteor|||F|||50|]Basculegion||ChoiceScarf|Adaptability|FlipTurn,WaveCrash,AquaJet,LastRespects|||M|||50|]Incineroar||SitrusBerry|Intimidate|PartingShot,Taunt,FakeOut,FlareBlitz|||F|||50|]Sneasler||WhiteHerb|Unburden|Protect,FakeOut,CloseCombat,DireClaw|||M|||50|\n|showteam|p2|Lycanroc||FocusSash|SandRush|RockSlide,CloseCombat,Endeavor,Endure|||M|||50|]Delphox||Delphoxite|Blaze|Psychic,HeatWave,Substitute,Protect|||F|||50|]Tsareena||SitrusBerry|QueenlyMajesty|SeedBomb,TripleAxel,Uturn,Protect|||F|||50|]Hippowdon||Leftovers|SandStream|HighHorsepower,Yawn,SlackOff,Protect|||M|||50|]Basculegion||ChoiceScarf|Adaptability|WaveCrash,FlipTurn,AquaJet,LastRespects|||M|||50|]Incineroar||ShucaBerry|Intimidate|FakeOut,FlareBlitz,ThroatChop,PartingShot|||F|||50|\n|inactive|buzbee2000 has 60 seconds left.\n|\n|t:|1776437928\n|teamsize|p1|4\n|teamsize|p2|4\n|start\n|switch|p1a: Incineroar|Incineroar, L50, F|100/100\n|switch|p1b: Sneasler|Sneasler, L50, M|100/100\n|switch|p2a: Delphox|Delphox, L50, F|100/100\n|switch|p2b: Lycanroc|Lycanroc, L50, M|100/100\n|-ability|p1a: Incineroar|Intimidate|boost\n|-unboost|p2a: Delphox|atk|1\n|-unboost|p2b: Lycanroc|atk|1\n|turn|1\n|\n|t:|1776437947\n|switch|p2b: Basculegion|Basculegion, L50, M|100/100\n|move|p2a: Delphox|Protect|p2a: Delphox\n|-singleturn|p2a: Delphox|Protect\n|move|p1b: Sneasler|Fake Out|p2b: Basculegion\n|-immune|p2b: Basculegion\n|move|p1a: Incineroar|Fake Out|p2a: Delphox\n|-activate|p2a: Delphox|move: Protect\n|\n|upkeep\n|turn|2\n|\n|t:|1776437964\n|switch|p1a: Meganium|Meganium, L50, F|100/100\n|detailschange|p2a: Delphox|Delphox-Mega, L50, F\n|-mega|p2a: Delphox|Delphox|Delphoxite\n|move|p2a: Delphox|Psychic|p1b: Sneasler\n|-supereffective|p1b: Sneasler|2\n|-damage|p1b: Sneasler|0 fnt\n|faint|p1b: Sneasler\n|move|p2b: Basculegion|Wave Crash|p1a: Meganium\n|-resisted|p1a: Meganium|1\n|-damage|p1a: Meganium|64/100\n|-damage|p2b: Basculegion|89/100|[from] Recoil\n|\n|upkeep\n|\n|t:|1776437973\n|switch|p1b: Incineroar|Incineroar, L50, F|100/100\n|-ability|p1b: Incineroar|Intimidate|boost\n|-unboost|p2a: Delphox|atk|1\n|-unboost|p2b: Basculegion|atk|1\n|turn|3\n|\n|t:|1776437986\n|switch|p2b: Lycanroc|Lycanroc, L50, M|100/100\n|switch|p1b: Pelipper|Pelipper, L50, M|100/100\n|-weather|RainDance|[from] ability: Drizzle|[of] p1b: Pelipper\n|detailschange|p1a: Meganium|Meganium-Mega, L50, F\n|-mega|p1a: Meganium|Meganium|Meganiumite\n|move|p2a: Delphox|Protect|p2a: Delphox\n|-singleturn|p2a: Delphox|Protect\n|move|p1a: Meganium|Solar Beam||[still]\n|-prepare|p1a: Meganium|Solar Beam\n|-activate|p1a: Meganium|ability: Mega Sol\n|-anim|p1a: Meganium|Solar Beam|p2b: Lycanroc\n|-supereffective|p2b: Lycanroc|1\n|-enditem|p2b: Lycanroc|Focus Sash\n|-damage|p2b: Lycanroc|1/100\n|\n|-weather|RainDance|[upkeep]\n|upkeep\n|turn|4\n|\n|t:|1776438010\n|switch|p2a: Hippowdon|Hippowdon, L50, M|100/100\n|-weather|Sandstorm|[from] ability: Sand Stream|[of] p2a: Hippowdon\n|move|p2b: Lycanroc|Endeavor|p1a: Meganium\n|-damage|p1a: Meganium|1/100\n|move|p1b: Pelipper|Tailwind|p1b: Pelipper\n|-sidestart|p1: buzbee2000|move: Tailwind\n|move|p1a: Meganium|Synthesis|p1a: Meganium\n|-heal|p1a: Meganium|68/100\n|\n|-weather|Sandstorm|[upkeep]\n|-damage|p1b: Pelipper|95/100|[from] Sandstorm\n|-damage|p1a: Meganium|62/100|[from] Sandstorm\n|upkeep\n|turn|5\n|\n|t:|1776438031\n|switch|p1b: Incineroar|Incineroar, L50, F|100/100\n|-ability|p1b: Incineroar|Intimidate|boost\n|-unboost|p2a: Hippowdon|atk|1\n|-unboost|p2b: Lycanroc|atk|1\n|move|p2b: Lycanroc|Endure|p2b: Lycanroc\n|-singleturn|p2b: Lycanroc|move: Endure\n|move|p1a: Meganium|Solar Beam||[still]\n|-prepare|p1a: Meganium|Solar Beam\n|-activate|p1a: Meganium|ability: Mega Sol\n|-anim|p1a: Meganium|Solar Beam|p2b: Lycanroc\n|-supereffective|p2b: Lycanroc|1\n|-activate|p2b: Lycanroc|move: Endure\n|-damage|p2b: Lycanroc|1/100\n|move|p2a: Hippowdon|Yawn|p1b: Incineroar\n|-start|p1b: Incineroar|move: Yawn|[of] p2a: Hippowdon\n|\n|-weather|Sandstorm|[upkeep]\n|-damage|p1a: Meganium|56/100|[from] Sandstorm\n|-damage|p1b: Incineroar|95/100|[from] Sandstorm\n|upkeep\n|turn|6\n|inactive|buzbee2000 has 30 seconds left.\n|inactive|bobak dotto has 30 seconds left.\n|\n|t:|1776438058\n|switch|p2b: Basculegion|Basculegion, L50, M|89/100\n|switch|p1b: Pelipper|Pelipper, L50, M|95/100\n|-weather|RainDance|[from] ability: Drizzle|[of] p1b: Pelipper\n|move|p1a: Meganium|Solar Beam||[still]\n|-prepare|p1a: Meganium|Solar Beam\n|-activate|p1a: Meganium|ability: Mega Sol\n|-anim|p1a: Meganium|Solar Beam|p2a: Hippowdon\n|-supereffective|p2a: Hippowdon|1\n|-damage|p2a: Hippowdon|0 fnt\n|faint|p2a: Hippowdon\n|\n|-weather|RainDance|[upkeep]\n|upkeep\n|\n|t:|1776438072\n|switch|p2a: Delphox|Delphox-Mega, L50, F|100/100\n|turn|7\n|l| Foxstar99\n|\n|t:|1776438082\n|switch|p1a: Incineroar|Incineroar, L50, F|95/100\n|-ability|p1a: Incineroar|Intimidate|boost\n|-unboost|p2a: Delphox|atk|1\n|-unboost|p2b: Basculegion|atk|1\n|switch|p2b: Lycanroc|Lycanroc, L50, M|1/100\n|move|p2a: Delphox|Protect|p2a: Delphox\n|-singleturn|p2a: Delphox|Protect\n|move|p1b: Pelipper|Weather Ball|p2a: Delphox\n|-activate|p2a: Delphox|move: Protect\n|\n|-weather|RainDance|[upkeep]\n|-sideend|p1: buzbee2000|move: Tailwind\n|upkeep\n|turn|8\n|\n|t:|1776438098\n|switch|p2a: Basculegion|Basculegion, L50, M|89/100\n|move|p1a: Incineroar|Fake Out|p2a: Basculegion\n|-immune|p2a: Basculegion\n|move|p2b: Lycanroc|Rock Slide|p1a: Incineroar|[spread] p1b\n|-miss|p2b: Lycanroc|p1a: Incineroar\n|-supereffective|p1b: Pelipper|1\n|-damage|p1b: Pelipper|29/100\n|cant|p1b: Pelipper|flinch\n|\n|-weather|RainDance|[upkeep]\n|upkeep\n|turn|9\n|-message|buzbee2000 forfeited.\n|\n|win|bobak dotto\n|raw|buzbee2000's rating: 1266 &rarr; <strong>1242</strong><br />(-24 for losing)\n|raw|bobak dotto's rating: 1277 &rarr; <strong>1301</strong><br />(+24 for winning)\n|l|\u2606buzbee2000\n|player|p1|\n",
  "uploadtime": 1776438116,
  "views": 33,
  "formatid": "gen9championsvgc2026regma",
  "rating": 1242,
  "private": 0,
  "password": null
}