{
  "id": "gen9championsvgc2026regma-2585804152",
  "format": "[Gen 9 Champions] VGC 2026 Reg M-A",
  "players": [
    "krangune\u2764",
    "AthenaStrive9"
  ],
  "log": "|j|\u2606krangune\u2764\n|j|\u2606AthenaStrive9\n|t:|1776371835\n|gametype|doubles\n|player|p1|krangune\u2764|arezu|\n|player|p2|AthenaStrive9|nancy|\n|gen|9\n|tier|[Gen 9 Champions] VGC 2026 Reg M-A\n|rated|Tournament battle\n|rule|Species Clause: Limit one of each Pok\u00e9mon\n|rule|Item Clause: Limit 1 of each item\n|raw|<div class=\"infobox\"><details class=\"readmore\" open><summary><strong>1 custom rule:</strong></summary> Force Open Team Sheets</details></div>\n|clearpoke\n|poke|p1|Scovillain, L50, M|\n|poke|p1|Ninetales, L50, M|\n|poke|p1|Zoroark, L50, M|\n|poke|p1|Dragapult, L50, F|\n|poke|p1|Sneasler, L50, F|\n|poke|p1|Scizor, L50, M|\n|poke|p2|Floette-Eternal, L50, F|\n|poke|p2|Sneasler, L50, F|\n|poke|p2|Corviknight, L50, F|\n|poke|p2|Sinistcha-Masterpiece, L50|\n|poke|p2|Kommo-o, L50, F|\n|poke|p2|Incineroar, L50, F|\n|teampreview|4\n|showteam|p1|Scovillain||FocusSash|Chlorophyll|Protect,SpicyExtract,Overheat,Endeavor|||M|||50|]Ninetales||ShucaBerry|Drought|HeatWave,Protect,Snarl,FoulPlay|||M|||50|]Zoroark||BlackGlasses|Illusion|Protect,FoulPlay,SuckerPunch,Uturn|||M|||50|]Dragapult||DragonFang|ClearBody|Protect,DragonDarts,PhantomForce,Thunderbolt|||F|||50|]Sneasler||WhiteHerb|Unburden|Protect,Acrobatics,GunkShot,CloseCombat|||F|||50|]Scizor||Scizorite|Technician|Protect,BulletPunch,DualWingbeat,CloseCombat|||M|||50|\n|showteam|p2|Floette-Eternal||Floettite|FlowerVeil|Protect,Moonblast,DazzlingGleam,CalmMind|||F|||50|]Sneasler||FocusSash|Unburden|DireClaw,CloseCombat,FakeOut,Coaching|||F|||50|]Corviknight||Leftovers|MirrorArmor|Roost,IronHead,BodyPress,BulkUp|||F|||50|]Sinistcha-Masterpiece||SitrusBerry|Hospitality|RagePowder,MatchaGotcha,LifeDew,TrickRoom||||||50|]Kommo-o||CobaBerry|Overcoat|Protect,ClangingScales,AuraSphere,ClangorousSoul|||F|||50|]Incineroar||LumBerry|Intimidate|ThroatChop,FlareBlitz,FakeOut,PartingShot|||F|||50|\n|j| qmurda\nAthenaStrive9 has agreed to open team sheets.\n|c|\u2606AthenaStrive9|hf :3\n|c|\u2606krangune\u2764|glhf\n|j| TG511\n|\n|t:|1776371945\n|teamsize|p1|4\n|teamsize|p2|4\n|start\n|switch|p1a: Scovillain|Scovillain, L50, M|100/100\n|switch|p1b: Ninetales|Ninetales, L50, M|100/100\n|switch|p2a: Kommo-o|Kommo-o, L50, F|100/100\n|switch|p2b: Sneasler|Sneasler, L50, F|100/100\n|-weather|SunnyDay|[from] ability: Drought|[of] p1b: Ninetales\n|turn|1\n|j| Ongalabong\n|j| Triple Goose\n|l| Ongalabong\n|j| redghost9820\n|\n|t:|1776371989\n|move|p2b: Sneasler|Fake Out|p1b: Ninetales\n|-damage|p1b: Ninetales|84/100\n|move|p1a: Scovillain|Overheat|p2b: Sneasler\n|-enditem|p2b: Sneasler|Focus Sash\n|-damage|p2b: Sneasler|1/100\n|-unboost|p1a: Scovillain|spa|2\n|cant|p1b: Ninetales|flinch\n|move|p2a: Kommo-o|Clangorous Soul|p2a: Kommo-o\n|-boost|p2a: Kommo-o|atk|1\n|-boost|p2a: Kommo-o|def|1\n|-boost|p2a: Kommo-o|spa|1\n|-boost|p2a: Kommo-o|spd|1\n|-boost|p2a: Kommo-o|spe|1\n|-damage|p2a: Kommo-o|68/100\n|\n|-weather|SunnyDay|[upkeep]\n|upkeep\n|turn|2\n|j| carlos5455\n|\n|t:|1776372026\n|move|p2b: Sneasler|Dire Claw|p1a: Scovillain\n|-supereffective|p1a: Scovillain|1\n|-enditem|p1a: Scovillain|Focus Sash\n|-damage|p1a: Scovillain|1/100\n|move|p1a: Scovillain|Endeavor|p2a: Kommo-o\n|-damage|p2a: Kommo-o|1/100\n|move|p2a: Kommo-o|Clanging Scales|p1a: Scovillain|[spread] p1a,p1b\n|-damage|p1a: Scovillain|0 fnt\n|-damage|p1b: Ninetales|32/100\n|faint|p1a: Scovillain\n|-unboost|p2a: Kommo-o|def|1\n|move|p1b: Ninetales|Heat Wave|p2b: Sneasler|[spread] p2a,p2b\n|-resisted|p2a: Kommo-o|1\n|-damage|p2a: Kommo-o|0 fnt\n|-damage|p2b: Sneasler|0 fnt\n|faint|p2a: Kommo-o\n|faint|p2b: Sneasler\n|\n|-weather|SunnyDay|[upkeep]\n|upkeep\n|c|\u2606AthenaStrive9|shit\n|\n|t:|1776372043\n|switch|p2b: Sinistcha|Sinistcha-Masterpiece, L50, shiny|100/100\n|switch|p1a: Sneasler|Sneasler, L50, F|100/100\n|switch|p2a: Incineroar|Incineroar, L50, F, shiny|100/100\n|-ability|p2a: Incineroar|Intimidate|boost\n|-unboost|p1a: Sneasler|atk|1\n|-unboost|p1b: Ninetales|atk|1\n|-enditem|p1a: Sneasler|White Herb\n|-clearnegativeboost|p1a: Sneasler|[silent]\n|turn|3\n|c|\u2606AthenaStrive9|bulky ninetales\n|\n|t:|1776372062\n|move|p2a: Incineroar|Fake Out|p1a: Sneasler\n|-damage|p1a: Sneasler|86/100\n|cant|p1a: Sneasler|flinch\n|move|p1b: Ninetales|Heat Wave|p2b: Sinistcha|[spread] p2b\n|-miss|p1b: Ninetales|p2a: Incineroar\n|-supereffective|p2b: Sinistcha|1\n|-damage|p2b: Sinistcha|32/100\n|-enditem|p2b: Sinistcha|Sitrus Berry|[eat]\n|-heal|p2b: Sinistcha|56/100|[from] item: Sitrus Berry\n|move|p2b: Sinistcha|Trick Room|p2b: Sinistcha\n|-fieldstart|move: Trick Room|[of] p2b: Sinistcha\n|\n|-weather|SunnyDay|[upkeep]\n|upkeep\n|turn|4\n|l| TG511\n|\n|t:|1776372105\n|switch|p1a: Scizor|Scizor, L50, M|100/100\n|move|p2b: Sinistcha|Life Dew||[still]|[spread] p2a,p2b\n|-fail|p2a: Incineroar|heal\n|-heal|p2b: Sinistcha|81/100\n|move|p2a: Incineroar|Flare Blitz|p1a: Scizor\n|-supereffective|p1a: Scizor|2\n|-damage|p1a: Scizor|0 fnt\n|faint|p1a: Scizor\n|-damage|p2a: Incineroar|72/100|[from] Recoil\n|move|p1b: Ninetales|Heat Wave|p2b: Sinistcha|[spread] \n|-miss|p1b: Ninetales|p2a: Incineroar\n|-miss|p1b: Ninetales|p2b: Sinistcha\n|\n|-weather|SunnyDay|[upkeep]\n|upkeep\n|j| Ducktile\n|\n|t:|1776372117\n|switch|p1a: Sneasler|Sneasler, L50, F|86/100\n|turn|5\n|j| camala64\n|\n|t:|1776372127\n|move|p1b: Ninetales|Protect|p1b: Ninetales\n|-singleturn|p1b: Ninetales|Protect\n|move|p1a: Sneasler|Protect|p1a: Sneasler\n|-singleturn|p1a: Sneasler|Protect\n|move|p2b: Sinistcha|Rage Powder|p2b: Sinistcha\n|-singleturn|p2b: Sinistcha|move: Rage Powder\n|move|p2a: Incineroar|Throat Chop|p1b: Ninetales\n|-activate|p1b: Ninetales|move: Protect\n|\n|-weather|none\n|upkeep\n|turn|6\n|\n|t:|1776372150\n|move|p2b: Sinistcha|Matcha Gotcha|p1b: Ninetales|[spread] p1a,p1b\n|-resisted|p1a: Sneasler|1\n|-resisted|p1b: Ninetales|1\n|-damage|p1a: Sneasler|72/100\n|-heal|p2b: Sinistcha|88/100|[from] drain|[of] p1a: Sneasler\n|-damage|p1b: Ninetales|20/100\n|-heal|p2b: Sinistcha|94/100|[from] drain|[of] p1b: Ninetales\n|move|p2a: Incineroar|Flare Blitz|p1a: Sneasler\n|-damage|p1a: Sneasler|7/100\n|-damage|p2a: Incineroar|53/100|[from] Recoil\n|move|p1b: Ninetales|Heat Wave|p2a: Incineroar|[spread] p2a,p2b\n|-resisted|p2a: Incineroar|1\n|-supereffective|p2b: Sinistcha|1\n|-damage|p2a: Incineroar|43/100\n|-damage|p2b: Sinistcha|53/100\n|-status|p2b: Sinistcha|brn\n|move|p1a: Sneasler|Acrobatics|p2b: Sinistcha\n|-supereffective|p2b: Sinistcha|1\n|-damage|p2b: Sinistcha|0 fnt\n|faint|p2b: Sinistcha\n|\n|upkeep\n|turn|7\n|c|\u2606AthenaStrive9|welp\n|c|\u2606AthenaStrive9|bulky sneasler\n|c|\u2606AthenaStrive9|gg\n|c|\u2606krangune\u2764|burn mattered\n|j| evilbobdylan\n|l| Ducktile\n|c|\u2606krangune\u2764|yeah i can side spicy extract\n|c|\u2606krangune\u2764|so the speed is less of an issue\n|c|\u2606AthenaStrive9|makes sense\n|\n|t:|1776372182\n|move|p1b: Ninetales|Protect|p1b: Ninetales\n|-singleturn|p1b: Ninetales|Protect\n|move|p1a: Sneasler|Protect|p1a: Sneasler\n|-singleturn|p1a: Sneasler|Protect\n|move|p2a: Incineroar|Throat Chop|p1a: Sneasler\n|-activate|p1a: Sneasler|move: Protect\n|\n|-fieldend|move: Trick Room\n|upkeep\n|turn|8\n|j| felipesol2\n|\n|t:|1776372195\n|move|p1a: Sneasler|Close Combat|p2a: Incineroar\n|-supereffective|p2a: Incineroar|1\n|-crit|p2a: Incineroar\n|-damage|p2a: Incineroar|0 fnt\n|-unboost|p1a: Sneasler|def|1\n|-unboost|p1a: Sneasler|spd|1\n|faint|p2a: Incineroar\n|\n|win|krangune\u2764\n|n|\u2606krangune\u2764|krangune\n|n|\u2606AthenaStrive9|athenastrive9\n|n| qmurda|qmurda\n|n| Triple Goose|triplegoose\n|n| redghost9820|redghost9820\n|n| carlos5455|carlos5455\n|n| camala64|camala64\n|n| evilbobdylan|evilbobdylan\n|n| felipesol2|felipesol2\n",
  "uploadtime": 1776372195,
  "views": 17,
  "formatid": "gen9championsvgc2026regma",
  "rating": null,
  "private": 0,
  "password": null
}