{
  "id": "gen9championsvgc2026regma-2586124534",
  "format": "[Gen 9 Champions] VGC 2026 Reg M-A",
  "players": [
    "MvillMpersonality",
    "HitsuSenpai"
  ],
  "log": "|j|\u2606MvillMpersonality\n|j|\u2606HitsuSenpai\n|t:|1776401957\n|gametype|doubles\n|player|p1|MvillMpersonality|pokemaniac|1219\n|player|p2|HitsuSenpai|dawn|1247\n|gen|9\n|tier|[Gen 9 Champions] VGC 2026 Reg M-A\n|rated|\n|rule|Species Clause: Limit one of each Pok\u00e9mon\n|rule|Item Clause: Limit 1 of each item\n|clearpoke\n|poke|p1|Scovillain, L50, F|\n|poke|p1|Sinistcha, L50|\n|poke|p1|Hatterene, L50, F|\n|poke|p1|Kingambit, L50, M|\n|poke|p1|Rhyperior, L50, M|\n|poke|p1|Tyranitar, L50, F|\n|poke|p2|Tyranitar, L50, M|\n|poke|p2|Sinistcha, L50|\n|poke|p2|Aegislash, L50, M|\n|poke|p2|Garchomp, L50, M|\n|poke|p2|Rotom-Wash, L50|\n|poke|p2|Pelipper, L50, F|\n|teampreview|4\n|inactive|Battle timer is ON: inactive players will automatically lose when time's up. (requested by MvillMpersonality)\n|inactive|HitsuSenpai has 60 seconds left.\n|\n|t:|1776402071\n|teamsize|p1|4\n|teamsize|p2|4\n|start\n|switch|p1a: Scovillain|Scovillain, L50, F|100/100\n|switch|p1b: Hatterene|Hatterene, L50, F|100/100\n|switch|p2a: Sinistcha|Sinistcha, L50|100/100\n|switch|p2b: Rotom|Rotom-Wash, L50, shiny|100/100\n|turn|1\n|c|\u2606MvillMpersonality|glhf\n|c|\u2606HitsuSenpai|gl hf\n|\n|t:|1776402089\n|detailschange|p1a: Scovillain|Scovillain-Mega, L50, F\n|-mega|p1a: Scovillain|Scovillain|Scovillainite\n|move|p2b: Rotom|Hydro Pump|p1a: Scovillain\n|-damage|p1a: Scovillain|51/100\n|-status|p2b: Rotom|brn|[from] ability: Spicy Spray|[of] p1a: Scovillain\n|move|p1a: Scovillain|Leaf Storm|p2b: Rotom\n|-supereffective|p2b: Rotom|1\n|-damage|p2b: Rotom|0 fnt\n|-unboost|p1a: Scovillain|spa|2\n|faint|p2b: Rotom\n|move|p2a: Sinistcha|Trick Room|p2a: Sinistcha\n|-fieldstart|move: Trick Room|[of] p2a: Sinistcha\n|move|p1b: Hatterene|Trick Room|p1b: Hatterene\n|-fieldend|move: Trick Room\n|\n|upkeep\n|\n|t:|1776402103\n|switch|p2b: Garchomp|Garchomp, L50, M|100/100\n|turn|2\n|c|\u2606MvillMpersonality|lol hmm...\n|\n|t:|1776402121\n|move|p1a: Scovillain|Rage Powder|p1a: Scovillain\n|-singleturn|p1a: Scovillain|move: Rage Powder\n|move|p2b: Garchomp|Earthquake|p1a: Scovillain|[spread] p2a,p1a,p1b\n|-resisted|p2a: Sinistcha|1\n|-crit|p1a: Scovillain\n|-damage|p2a: Sinistcha|84/100\n|-damage|p1a: Scovillain|0 fnt\n|-damage|p1b: Hatterene|55/100\n|-status|p2b: Garchomp|brn|[from] ability: Spicy Spray|[of] p1a: Scovillain\n|faint|p1a: Scovillain\n|move|p2a: Sinistcha|Matcha Gotcha|p1b: Hatterene|[miss]\n|-miss|p2a: Sinistcha|p1b: Hatterene\n|move|p1b: Hatterene|Trick Room|p1b: Hatterene\n|-fieldstart|move: Trick Room|[of] p1b: Hatterene\n|\n|-damage|p2b: Garchomp|95/100 brn|[from] brn\n|upkeep\n|\n|t:|1776402137\n|switch|p1a: Sinistcha|Sinistcha, L50|100/100\n|-heal|p1b: Hatterene|80/100|[from] ability: Hospitality|[of] p1a: Sinistcha\n|turn|3\n|\n|t:|1776402158\n|move|p2b: Garchomp|Protect|p2b: Garchomp\n|-singleturn|p2b: Garchomp|Protect\n|move|p1b: Hatterene|Dazzling Gleam|p2a: Sinistcha|[spread] p2a\n|-activate|p2b: Garchomp|move: Protect\n|-damage|p2a: Sinistcha|50/100\n|-enditem|p2a: Sinistcha|Sitrus Berry|[eat]\n|-heal|p2a: Sinistcha|75/100|[from] item: Sitrus Berry\n|move|p1a: Sinistcha|Nasty Plot|p1a: Sinistcha\n|-boost|p1a: Sinistcha|spa|2\n|move|p2a: Sinistcha|Trick Room|p2a: Sinistcha\n|-fieldend|move: Trick Room\n|\n|-damage|p2b: Garchomp|89/100 brn|[from] brn\n|upkeep\n|turn|4\n|inactive|MvillMpersonality has 30 seconds left.\n|\n|t:|1776402192\n|switch|p2b: Aegislash|Aegislash, L50, M|100/100\n|move|p1a: Sinistcha|Protect|p1a: Sinistcha\n|-singleturn|p1a: Sinistcha|Protect\n|move|p2a: Sinistcha|Matcha Gotcha|p1b: Hatterene|[spread] p1b\n|-activate|p1a: Sinistcha|move: Protect\n|-damage|p1b: Hatterene|56/100\n|-heal|p2a: Sinistcha|86/100|[from] drain|[of] p1b: Hatterene\n|move|p1b: Hatterene|Trick Room|p1b: Hatterene\n|-fieldstart|move: Trick Room|[of] p1b: Hatterene\n|\n|upkeep\n|turn|5\n|inactive|MvillMpersonality has 30 seconds left.\n|inactive|HitsuSenpai has 30 seconds left.\n|inactive|HitsuSenpai has 20 seconds left.\n|\n|t:|1776402230\n|move|p2b: Aegislash|King's Shield|p2b: Aegislash\n|-singleturn|p2b: Aegislash|Protect\n|move|p1b: Hatterene|Dazzling Gleam|p2b: Aegislash|[spread] p2a\n|-activate|p2b: Aegislash|move: Protect\n|-damage|p2a: Sinistcha|51/100\n|move|p1a: Sinistcha|Matcha Gotcha|p2a: Sinistcha|[spread] \n|-activate|p2b: Aegislash|move: Protect\n|-miss|p1a: Sinistcha|p2a: Sinistcha\n|move|p2a: Sinistcha|Trick Room|p2a: Sinistcha\n|-fieldend|move: Trick Room\n|\n|upkeep\n|turn|6\n|inactive|MvillMpersonality has 30 seconds left.\n|\n|t:|1776402263\n|move|p2a: Sinistcha|Matcha Gotcha|p1b: Hatterene|[spread] p1a,p1b\n|-resisted|p1a: Sinistcha|1\n|-damage|p1a: Sinistcha|85/100\n|-heal|p2a: Sinistcha|59/100|[from] drain|[of] p1a: Sinistcha\n|-damage|p1b: Hatterene|29/100\n|-heal|p2a: Sinistcha|72/100|[from] drain|[of] p1b: Hatterene\n|-enditem|p1b: Hatterene|Sitrus Berry|[eat]\n|-heal|p1b: Hatterene|54/100|[from] item: Sitrus Berry\n|move|p1a: Sinistcha|Matcha Gotcha|p2b: Aegislash|[spread] p2a,p2b\n|-resisted|p2a: Sinistcha|1\n|-resisted|p2b: Aegislash|1\n|-damage|p2a: Sinistcha|39/100\n|-heal|p1a: Sinistcha|100/100|[from] drain|[of] p2a: Sinistcha\n|-damage|p2b: Aegislash|75/100\n|-formechange|p2b: Aegislash|Aegislash-Blade|\n|move|p2b: Aegislash|Poltergeist||[still]\n|-fail|p2b: Aegislash\n|move|p1b: Hatterene|Dazzling Gleam|p2b: Aegislash|[spread] p2a,p2b\n|-resisted|p2b: Aegislash|1\n|-damage|p2a: Sinistcha|3/100\n|-damage|p2b: Aegislash|45/100\n|\n|upkeep\n|turn|7\n|inactive|MvillMpersonality has 30 seconds left.\n|inactive|HitsuSenpai has 30 seconds left.\n|inactive|MvillMpersonality has 20 seconds left.\n|inactive|MvillMpersonality has 15 seconds left.\n|\n|t:|1776402305\n|move|p1b: Hatterene|Protect|p1b: Hatterene\n|-singleturn|p1b: Hatterene|Protect\n|move|p2a: Sinistcha|Life Dew|p2a: Sinistcha|[spread] p2a,p2b\n|-heal|p2a: Sinistcha|29/100\n|-heal|p2b: Aegislash|71/100\n|move|p2b: Aegislash|Iron Head|p1b: Hatterene\n|-activate|p1b: Hatterene|move: Protect\n|move|p1a: Sinistcha|Trick Room|p1a: Sinistcha\n|-fieldstart|move: Trick Room|[of] p1a: Sinistcha\n|\n|upkeep\n|turn|8\n|\n|t:|1776402324\n|-formechange|p2b: Aegislash|Aegislash|\n|move|p2b: Aegislash|King's Shield|p2b: Aegislash\n|-singleturn|p2b: Aegislash|Protect\n|move|p1b: Hatterene|Dazzling Gleam|p2a: Sinistcha|[spread] p2a\n|-activate|p2b: Aegislash|move: Protect\n|-damage|p2a: Sinistcha|0 fnt\n|faint|p2a: Sinistcha\n|move|p1a: Sinistcha|Nasty Plot|p1a: Sinistcha\n|-boost|p1a: Sinistcha|spa|2\n|\n|upkeep\n|\n|t:|1776402334\n|switch|p2a: Garchomp|Garchomp, L50, M|89/100 brn\n|turn|9\n|\n|t:|1776402344\n|move|p1b: Hatterene|Dazzling Gleam|p2b: Aegislash|[spread] p2a,p2b\n|-supereffective|p2a: Garchomp|1\n|-resisted|p2b: Aegislash|1\n|-damage|p2a: Garchomp|15/100 brn\n|-damage|p2b: Aegislash|56/100\n|-formechange|p2b: Aegislash|Aegislash-Blade|\n|move|p2b: Aegislash|Poltergeist|p1a: Sinistcha\n|-activate|p1a: Sinistcha|move: Poltergeist|Focus Sash\n|-supereffective|p1a: Sinistcha|1\n|-enditem|p1a: Sinistcha|Focus Sash\n|-damage|p1a: Sinistcha|1/100\n|move|p1a: Sinistcha|Matcha Gotcha|p2b: Aegislash|[spread] p2b\n|-miss|p1a: Sinistcha|p2a: Garchomp\n|-resisted|p2b: Aegislash|1\n|-damage|p2b: Aegislash|0 fnt\n|-heal|p1a: Sinistcha|27/100|[from] drain|[of] p2b: Aegislash\n|faint|p2b: Aegislash\n|move|p2a: Garchomp|Dragon Claw|p1a: Sinistcha\n|-damage|p1a: Sinistcha|7/100\n|\n|-damage|p2a: Garchomp|10/100 brn|[from] brn\n|upkeep\n|turn|10\n|c|\u2606HitsuSenpai|gg\n|c|\u2606MvillMpersonality|You too\n|inactive|MvillMpersonality has 30 seconds left.\n|inactive|HitsuSenpai has 30 seconds left.\n|-message|HitsuSenpai forfeited.\n|\n|win|MvillMpersonality\n|raw|MvillMpersonality's rating: 1219 &rarr; <strong>1246</strong><br />(+27 for winning)\n|raw|HitsuSenpai's rating: 1247 &rarr; <strong>1220</strong><br />(-27 for losing)\n|l|\u2606HitsuSenpai\n|player|p2|\n",
  "uploadtime": 1776402385,
  "views": 38,
  "formatid": "gen9championsvgc2026regma",
  "rating": 1220,
  "private": 0,
  "password": null
}