{
  "id": "gen9championsvgc2026regma-2584560180",
  "format": "[Gen 9 Champions] VGC 2026 Reg M-A",
  "players": [
    "Trigga1",
    "Playinhdisgaem4fun"
  ],
  "log": "|j|\u2606Trigga1\n|j|\u2606Playinhdisgaem4fun\n|t:|1776268782\n|gametype|doubles\n|player|p1|Trigga1|102|1173\n|player|p2|Playinhdisgaem4fun|maid-gen6|1082\n|gen|9\n|tier|[Gen 9 Champions] VGC 2026 Reg M-A\n|rated|\n|rule|Species Clause: Limit one of each Pok\u00e9mon\n|rule|Item Clause: Limit 1 of each item\n|clearpoke\n|poke|p1|Kangaskhan, L50, F|\n|poke|p1|Sneasler, L50, F|\n|poke|p1|Incineroar, L50, M|\n|poke|p1|Sinistcha, L50|\n|poke|p1|Milotic, L50, F|\n|poke|p1|Hydrapple, L50, M|\n|poke|p2|Pelipper, L50, F|\n|poke|p2|Basculegion, L50, M|\n|poke|p2|Incineroar, L50, F|\n|poke|p2|Sneasler, L50, F|\n|poke|p2|Hatterene, L50, F|\n|poke|p2|Rotom-Wash, L50|\n|teampreview|4\n|inactive|Battle timer is ON: inactive players will automatically lose when time's up. (requested by Playinhdisgaem4fun)\nPlayinhdisgaem4fun rejected open team sheets.\n|inactive|Playinhdisgaem4fun has 60 seconds left.\n|\n|t:|1776268821\n|teamsize|p1|4\n|teamsize|p2|4\n|start\n|switch|p1a: Kangaskhan|Kangaskhan, L50, F|100/100\n|switch|p1b: Sneasler|Sneasler, L50, F|100/100\n|switch|p2a: Pelipper|Pelipper, L50, F|100/100\n|switch|p2b: Basculegion|Basculegion, L50, M|100/100\n|-weather|RainDance|[from] ability: Drizzle|[of] p2a: Pelipper\n|turn|1\n|inactive|Trigga1 has 30 seconds left.\n|\n|t:|1776268854\n|detailschange|p1a: Kangaskhan|Kangaskhan-Mega, L50, F\n|-mega|p1a: Kangaskhan|Kangaskhan|Kangaskhanite\n|move|p1a: Kangaskhan|Protect|p1a: Kangaskhan\n|-singleturn|p1a: Kangaskhan|Protect\n|move|p2a: Pelipper|Protect|p2a: Pelipper\n|-singleturn|p2a: Pelipper|Protect\n|move|p2b: Basculegion|Wave Crash|p1b: Sneasler\n|-enditem|p1b: Sneasler|Focus Sash\n|-damage|p1b: Sneasler|1/100\n|-damage|p2b: Basculegion|75/100|[from] Recoil\n|move|p1b: Sneasler|Coaching|p1a: Kangaskhan\n|-boost|p1a: Kangaskhan|atk|1\n|-boost|p1a: Kangaskhan|def|1\n|\n|-weather|RainDance|[upkeep]\n|upkeep\n|turn|2\n|inactive|Playinhdisgaem4fun has 30 seconds left.\n|inactive|Trigga1 has 30 seconds left.\n|inactive|Playinhdisgaem4fun has 20 seconds left.\n|inactive|Playinhdisgaem4fun has 15 seconds left.\n|inactive|Playinhdisgaem4fun has 10 seconds left.\n|\n|t:|1776268900\n|switch|p2b: Hatterene|Hatterene, L50, F|100/100\n|move|p1b: Sneasler|Coaching|p1a: Kangaskhan\n|-boost|p1a: Kangaskhan|atk|1\n|-boost|p1a: Kangaskhan|def|1\n|move|p1a: Kangaskhan|Double-Edge|p2a: Pelipper\n|-enditem|p2a: Pelipper|Focus Sash\n|-damage|p2a: Pelipper|1/100\n|-damage|p2a: Pelipper|0 fnt\n|faint|p2a: Pelipper\n|-hitcount|p2: Pelipper|2\n|-damage|p1a: Kangaskhan|72/100|[from] Recoil\n|\n|-weather|RainDance|[upkeep]\n|upkeep\n|c|\u2606Trigga1|#godreads\n|c|\u2606Playinhdisgaem4fun|#agency\n|inactive|Playinhdisgaem4fun has 30 seconds left.\n|c|\u2606Trigga1|Ayyyy\n|\n|t:|1776268928\n|switch|p2a: Sneasler|Sneasler, L50, F|100/100\n|turn|3\n|c|\u2606Trigga1|blunder gang\n|\n|t:|1776268936\n|move|p1a: Kangaskhan|Protect|p1a: Kangaskhan\n|-singleturn|p1a: Kangaskhan|Protect\n|move|p1b: Sneasler|Dire Claw|p2b: Hatterene\n|-supereffective|p2b: Hatterene|1\n|-damage|p2b: Hatterene|0 fnt\n|faint|p2b: Hatterene\n|move|p2a: Sneasler|Close Combat|p1a: Kangaskhan\n|-activate|p1a: Kangaskhan|move: Protect\n|\n|-weather|RainDance|[upkeep]\n|upkeep\n|\n|t:|1776268942\n|switch|p2b: Basculegion|Basculegion, L50, M|75/100\n|turn|4\n|c|\u2606Playinhdisgaem4fun|agc agc\n|\n|t:|1776268951\n|move|p1b: Sneasler|Dire Claw|p2b: Basculegion\n|-resisted|p2b: Basculegion|1\n|-damage|p2b: Basculegion|51/100\n|move|p2b: Basculegion|Wave Crash|p1a: Kangaskhan\n|-damage|p1a: Kangaskhan|17/100\n|-damage|p2b: Basculegion|35/100|[from] Recoil\n|move|p2a: Sneasler|Acrobatics|p1b: Sneasler\n|-supereffective|p1b: Sneasler|1\n|-damage|p1b: Sneasler|0 fnt\n|faint|p1b: Sneasler\n|move|p1a: Kangaskhan|Double-Edge|p2a: Sneasler\n|-damage|p2a: Sneasler|0 fnt\n|faint|p2a: Sneasler\n|-hitcount|p2: Sneasler|1\n|-damage|p1a: Kangaskhan|0 fnt|[from] Recoil\n|faint|p1a: Kangaskhan\n|\n|-weather|RainDance|[upkeep]\n|upkeep\n|\n|t:|1776268962\n|switch|p1b: Sinistcha|Sinistcha, L50|100/100\n|switch|p1a: Hydrapple|Hydrapple, L50, M|100/100\n|turn|5\n|c|\u2606Playinhdisgaem4fun|ggwp\n|c|\u2606Trigga1|gg brotha\n|\n|t:|1776268976\n|move|p2b: Basculegion|Wave Crash|p1b: Sinistcha\n|-resisted|p1b: Sinistcha|1\n|-damage|p1b: Sinistcha|53/100\n|-damage|p2b: Basculegion|21/100|[from] Recoil\n|move|p1b: Sinistcha|Matcha Gotcha|p2b: Basculegion\n|-supereffective|p2b: Basculegion|1\n|-damage|p2b: Basculegion|0 fnt\n|-heal|p1b: Sinistcha|65/100|[from] drain|[of] p2b: Basculegion\n|faint|p2b: Basculegion\n|\n|win|Trigga1\n|raw|Trigga1's rating: 1173 &rarr; <strong>1192</strong><br />(+19 for winning)\n|raw|Playinhdisgaem4fun's rating: 1082 &rarr; <strong>1065</strong><br />(-17 for losing)\n",
  "uploadtime": 1776268985,
  "views": 23,
  "formatid": "gen9championsvgc2026regma",
  "rating": 1065,
  "private": 0,
  "password": null
}