{
  "id": "gen9championsvgc2026regma-2584035352",
  "format": "[Gen 9 Champions] VGC 2026 Reg M-A",
  "players": [
    "ScuffedMike",
    "Nachofrize"
  ],
  "log": "|j|\u2606ScuffedMike\n|j|\u2606Nachofrize\n|t:|1776218801\n|gametype|doubles\n|player|p1|ScuffedMike|hilbert-wonderlauncher|1087\n|player|p2|Nachofrize|cynthia|1158\n|gen|9\n|tier|[Gen 9 Champions] VGC 2026 Reg M-A\n|rated|\n|rule|Species Clause: Limit one of each Pok\u00e9mon\n|rule|Item Clause: Limit 1 of each item\n|clearpoke\n|poke|p1|Dragonite, L50, M|\n|poke|p1|Tauros-Paldea-Aqua, L50, M|\n|poke|p1|Politoed, L50, M|\n|poke|p1|Sneasler, L50, F|\n|poke|p1|Meowstic, L50, M|\n|poke|p1|Torterra, L50, M|\n|poke|p2|Sableye, L50, F|\n|poke|p2|Aggron, L50, F|\n|poke|p2|Toxapex, L50, M|\n|poke|p2|Clefable, L50, F|\n|poke|p2|Conkeldurr, L50, F|\n|poke|p2|Rotom-Mow, L50|\n|teampreview|4\n|inactive|Battle timer is ON: inactive players will automatically lose when time's up. (requested by ScuffedMike)\nScuffedMike rejected open team sheets.\n|\n|t:|1776218825\n|teamsize|p1|4\n|teamsize|p2|4\n|start\n|switch|p1a: Meowstic|Meowstic, L50, M|100/100\n|switch|p1b: Torterra|Torterra, L50, M|100/100\n|switch|p2a: Sableye|Sableye, L50, F|100/100\n|switch|p2b: Toxapex|Toxapex, L50, M|100/100\n|turn|1\n|\n|t:|1776218845\n|move|p2a: Sableye|Fake Out|p1b: Torterra\n|-damage|p1b: Torterra|93/100\n|move|p1a: Meowstic|Nasty Plot|p1a: Meowstic\n|-boost|p1a: Meowstic|spa|2\n|cant|p1b: Torterra|flinch\n|move|p2b: Toxapex|Toxic|p1b: Torterra\n|-status|p1b: Torterra|tox\n|\n|-damage|p1b: Torterra|87/100 tox|[from] psn\n|upkeep\n|turn|2\n|\n|t:|1776218861\n|move|p1a: Meowstic|Nasty Plot|p1a: Meowstic\n|-boost|p1a: Meowstic|spa|2\n|move|p2a: Sableye|Light Screen|p2a: Sableye\n|-sidestart|p2: Nachofrize|move: Light Screen\n|move|p1b: Torterra|High Horsepower|p2b: Toxapex\n|-supereffective|p2b: Toxapex|1\n|-damage|p2b: Toxapex|42/100\n|move|p2b: Toxapex|Toxic|p1a: Meowstic\n|-status|p1a: Meowstic|tox\n|\n|-heal|p2b: Toxapex|48/100|[from] item: Leftovers\n|-damage|p1a: Meowstic|94/100 tox|[from] psn\n|-damage|p1b: Torterra|75/100 tox|[from] psn\n|upkeep\n|turn|3\n|inactive|Nachofrize has 30 seconds left.\n|\n|t:|1776218889\n|move|p2b: Toxapex|Baneful Bunker|p2b: Toxapex\n|-singleturn|p2b: Toxapex|move: Protect\n|move|p1a: Meowstic|Nasty Plot|p1a: Meowstic\n|-boost|p1a: Meowstic|spa|2\n|move|p1b: Torterra|High Horsepower|p2b: Toxapex\n|-activate|p2b: Toxapex|move: Protect\n|move|p2a: Sableye|Foul Play|p1a: Meowstic\n|-supereffective|p1a: Meowstic|1\n|-damage|p1a: Meowstic|42/100 tox\n|\n|-heal|p2b: Toxapex|53/100|[from] item: Leftovers\n|-damage|p1a: Meowstic|30/100 tox|[from] psn\n|-damage|p1b: Torterra|57/100 tox|[from] psn\n|upkeep\n|turn|4\n|\n|t:|1776218912\n|switch|p1b: Politoed|Politoed, L50, M|100/100\n|-weather|RainDance|[from] ability: Drizzle|[of] p1b: Politoed\n|switch|p2b: Clefable|Clefable, L50, F|100/100\n|move|p1a: Meowstic|Baton Pass|p1a: Meowstic\n|\n|t:|1776218919\n|switch|p1a: Dragonite|Dragonite, L50, M|100/100|[from] Baton Pass\n|move|p2a: Sableye|Foul Play|p1a: Dragonite\n|-damage|p1a: Dragonite|81/100\n|\n|-weather|RainDance|[upkeep]\n|upkeep\n|turn|5\n|inactive|Nachofrize has 30 seconds left.\n|\n|t:|1776218946\n|detailschange|p1a: Dragonite|Dragonite-Mega, L50, M\n|-mega|p1a: Dragonite|Dragonite|Dragoninite\n|move|p2a: Sableye|Quash|p1a: Dragonite\n|-activate|p1a: Dragonite|move: Quash\n|move|p1b: Politoed|Weather Ball|p2b: Clefable\n|-damage|p2b: Clefable|70/100\n|move|p2b: Clefable|Moonblast|p1a: Dragonite\n|-supereffective|p1a: Dragonite|1\n|-damage|p1a: Dragonite|25/100\n|move|p1a: Dragonite|Hurricane|p2b: Clefable\n|-crit|p2b: Clefable\n|-damage|p2b: Clefable|0 fnt\n|faint|p2b: Clefable\n|\n|-weather|RainDance|[upkeep]\n|upkeep\n|\n|t:|1776218959\n|switch|p2b: Toxapex|Toxapex, L50, M|86/100\n|turn|6\n|-activate|p1b: Politoed|item: Quick Claw\n|\n|t:|1776218975\n|move|p1b: Politoed|Earth Power|p2b: Toxapex\n|-supereffective|p2b: Toxapex|1\n|-damage|p2b: Toxapex|67/100\n|move|p1a: Dragonite|Thunder|p2b: Toxapex\n|-supereffective|p2b: Toxapex|1\n|-damage|p2b: Toxapex|0 fnt\n|faint|p2b: Toxapex\n|move|p2a: Sableye|Foul Play|p1a: Dragonite\n|-damage|p1a: Dragonite|0 fnt\n|faint|p1a: Dragonite\n|\n|-weather|RainDance|[upkeep]\n|-sideend|p2: Nachofrize|move: Light Screen\n|upkeep\n|\n|t:|1776218986\n|switch|p1a: Meowstic|Meowstic, L50, M|30/100 tox\n|switch|p2b: Aggron|Aggron, L50, F, shiny|100/100\n|turn|7\n|\n|t:|1776219002\n|detailschange|p2b: Aggron|Aggron-Mega, L50, F, shiny\n|-mega|p2b: Aggron|Aggron|Aggronite\n|move|p2a: Sableye|Light Screen|p2a: Sableye\n|-sidestart|p2: Nachofrize|move: Light Screen\n|move|p1a: Meowstic|Alluring Voice|p2a: Sableye\n|-supereffective|p2a: Sableye|1\n|-damage|p2a: Sableye|67/100\n|move|p1b: Politoed|Weather Ball|p2b: Aggron\n|-damage|p2b: Aggron|67/100\n|move|p2b: Aggron|Iron Defense|p2b: Aggron\n|-boost|p2b: Aggron|def|2\n|\n|-weather|RainDance|[upkeep]\n|-damage|p1a: Meowstic|24/100 tox|[from] psn\n|upkeep\n|turn|8\n|-activate|p1b: Politoed|item: Quick Claw\n|\n|t:|1776219024\n|move|p2b: Aggron|Protect|p2b: Aggron\n|-singleturn|p2b: Aggron|Protect\n|move|p1b: Politoed|Earth Power|p2b: Aggron\n|-activate|p2b: Aggron|move: Protect\n|move|p1a: Meowstic|Alluring Voice|p2a: Sableye\n|-supereffective|p2a: Sableye|1\n|-damage|p2a: Sableye|29/100\n|move|p2a: Sableye|Foul Play|p1b: Politoed\n|-damage|p1b: Politoed|79/100\n|\n|-weather|none\n|-damage|p1a: Meowstic|12/100 tox|[from] psn\n|upkeep\n|turn|9\n|inactive|Nachofrize has 30 seconds left.\n|\n|t:|1776219055\n|move|p2a: Sableye|Quash|p1b: Politoed\n|-activate|p1b: Politoed|move: Quash\n|move|p1a: Meowstic|Alluring Voice|p2a: Sableye\n|-supereffective|p2a: Sableye|1\n|-damage|p2a: Sableye|0 fnt\n|faint|p2a: Sableye\n|move|p2b: Aggron|Body Press|p1b: Politoed\n|-damage|p1b: Politoed|12/100\n|move|p1b: Politoed|Earth Power|p2b: Aggron\n|-supereffective|p2b: Aggron|1\n|-damage|p2b: Aggron|46/100\n|\n|-damage|p1a: Meowstic|0 fnt|[from] psn\n|faint|p1a: Meowstic\n|upkeep\n|\n|t:|1776219058\n|switch|p1a: Torterra|Torterra, L50, M|57/100 tox\n|turn|10\n|\n|t:|1776219074\n|move|p2b: Aggron|Protect|p2b: Aggron\n|-singleturn|p2b: Aggron|Protect\n|move|p1a: Torterra|Shell Smash|p1a: Torterra\n|-unboost|p1a: Torterra|def|1\n|-unboost|p1a: Torterra|spd|1\n|-boost|p1a: Torterra|atk|2\n|-boost|p1a: Torterra|spa|2\n|-boost|p1a: Torterra|spe|2\n|-enditem|p1a: Torterra|White Herb\n|-clearnegativeboost|p1a: Torterra|[silent]\n|move|p1b: Politoed|Earth Power|p2b: Aggron\n|-activate|p2b: Aggron|move: Protect\n|\n|-damage|p1a: Torterra|51/100 tox|[from] psn\n|upkeep\n|turn|11\n|\n|t:|1776219087\n|move|p1a: Torterra|High Horsepower|p2b: Aggron\n|-supereffective|p2b: Aggron|1\n|-damage|p2b: Aggron|21/100\n|move|p1b: Politoed|Earth Power|p2b: Aggron\n|-supereffective|p2b: Aggron|1\n|-damage|p2b: Aggron|0 fnt\n|faint|p2b: Aggron\n|\n|win|ScuffedMike\n|raw|ScuffedMike's rating: 1087 &rarr; <strong>1119</strong><br />(+32 for winning)\n|raw|Nachofrize's rating: 1158 &rarr; <strong>1128</strong><br />(-30 for losing)\n|l|\u2606ScuffedMike\n|player|p1|\n",
  "uploadtime": 1776219096,
  "views": 16,
  "formatid": "gen9championsvgc2026regma",
  "rating": 1119,
  "private": 0,
  "password": null
}