{
  "id": "gen9championsvgc2026regma-2587432205",
  "format": "[Gen 9 Champions] VGC 2026 Reg M-A",
  "players": [
    "Innamorato",
    "tonybravais"
  ],
  "log": "|j|\u2606Innamorato\n|j|\u2606tonybravais\n|t:|1776531309\n|gametype|doubles\n|player|p1|Innamorato|will|1122\n|player|p2|tonybravais|265|1155\n|gen|9\n|tier|[Gen 9 Champions] VGC 2026 Reg M-A\n|rated|\n|rule|Species Clause: Limit one of each Pok\u00e9mon\n|rule|Item Clause: Limit 1 of each item\n|clearpoke\n|poke|p1|Froslass, L50, F|\n|poke|p1|Rotom-Frost, L50|\n|poke|p1|Garchomp, L50, M|\n|poke|p1|Orthworm, L50, M|\n|poke|p1|Incineroar, L50, M|\n|poke|p1|Basculegion, L50, M|\n|poke|p2|Milotic, L50, F|\n|poke|p2|Volcarona, L50, F|\n|poke|p2|Hydreigon, L50, F|\n|poke|p2|Lucario, L50, F, shiny|\n|poke|p2|Glimmora, L50, M|\n|poke|p2|Mudsdale, L50, F|\n|teampreview|4\n|inactive|Battle timer is ON: inactive players will automatically lose when time's up. (requested by Innamorato)\n|\n|t:|1776531348\n|teamsize|p1|4\n|teamsize|p2|4\n|start\n|switch|p1a: Rotom|Rotom-Frost, L50|100/100\n|switch|p1b: Incineroar|Incineroar, L50, M|100/100\n|switch|p2a: Lucario|Lucario, L50, F, shiny|100/100\n|switch|p2b: Glimmora|Glimmora, L50, M|100/100\n|-ability|p1b: Incineroar|Intimidate|boost\n|-fail|p2a: Lucario|unboost|Attack|[from] ability: Inner Focus|[of] p2a: Lucario\n|-unboost|p2b: Glimmora|atk|1\n|turn|1\n|inactive|Innamorato has 30 seconds left.\n|\n|t:|1776531378\n|detailschange|p2b: Glimmora|Glimmora-Mega, L50, M\n|-mega|p2b: Glimmora|Glimmora|Glimmoranite\n|move|p2b: Glimmora|Spiky Shield|p2b: Glimmora\n|-singleturn|p2b: Glimmora|move: Protect\n|move|p1a: Rotom|Protect|p1a: Rotom\n|-singleturn|p1a: Rotom|Protect\n|move|p1b: Incineroar|Fake Out|p2b: Glimmora\n|-activate|p2b: Glimmora|move: Protect\n|-damage|p1b: Incineroar|88/100|[from] Spiky Shield|[of] p2b: Glimmora\n|move|p2a: Lucario|Close Combat|p1b: Incineroar\n|-supereffective|p1b: Incineroar|1\n|-damage|p1b: Incineroar|0 fnt\n|-unboost|p2a: Lucario|def|1\n|-unboost|p2a: Lucario|spd|1\n|faint|p1b: Incineroar\n|\n|upkeep\n|\n|t:|1776531398\n|switch|p1b: Basculegion|Basculegion, L50, M|100/100\n|turn|2\n|inactive|tonybravais has 30 seconds left.\n|\n|t:|1776531425\n|switch|p2b: Milotic|Milotic, L50, F|100/100\n|switch|p2a: Hydreigon|Hydreigon, L50, F|100/100\n|move|p1a: Rotom|Helping Hand|p1b: Basculegion\n|-singleturn|p1b: Basculegion|Helping Hand|[of] p1a: Rotom\n|move|p1b: Basculegion|Wave Crash|p2b: Milotic\n|-resisted|p2b: Milotic|1\n|-damage|p2b: Milotic|52/100\n|-damage|p1b: Basculegion|84/100|[from] Recoil\n|\n|-heal|p2b: Milotic|58/100|[from] item: Leftovers\n|upkeep\n|turn|3\n|inactive|Innamorato has 30 seconds left.\n|inactive|tonybravais has 30 seconds left.\n|\n|t:|1776531454\n|switch|p1b: Froslass|Froslass, L50, F|100/100\n|switch|p2b: Lucario|Lucario, L50, F, shiny|100/100\n|move|p2a: Hydreigon|Dark Pulse|p1b: Froslass\n|-supereffective|p1b: Froslass|1\n|-damage|p1b: Froslass|0 fnt\n|faint|p1b: Froslass\n|move|p1a: Rotom|Thunderbolt|p2b: Lucario\n|-damage|p2b: Lucario|32/100\n|\n|upkeep\n|\n|t:|1776531465\n|switch|p1b: Basculegion|Basculegion, L50, M|84/100\n|turn|4\n|inactive|Innamorato has 30 seconds left.\n|\n|t:|1776531495\n|move|p2b: Lucario|Protect|p2b: Lucario\n|-singleturn|p2b: Lucario|Protect\n|move|p2a: Hydreigon|Dark Pulse|p1b: Basculegion\n|-supereffective|p1b: Basculegion|1\n|-damage|p1b: Basculegion|0 fnt\n|faint|p1b: Basculegion\n|move|p1a: Rotom|Blizzard|p2a: Hydreigon|[spread] p2a\n|-activate|p2b: Lucario|move: Protect\n|-supereffective|p2a: Hydreigon|1\n|-damage|p2a: Hydreigon|1/100\n|\n|upkeep\n|turn|5\n|\n|t:|1776531513\n|switch|p2a: Glimmora|Glimmora-Mega, L50, M|100/100\n|move|p2b: Lucario|Close Combat|p1a: Rotom\n|-supereffective|p1a: Rotom|1\n|-damage|p1a: Rotom|0 fnt\n|-unboost|p2b: Lucario|def|1\n|-unboost|p2b: Lucario|spd|1\n|faint|p1a: Rotom\n|\n|win|tonybravais\n|raw|Innamorato's rating: 1122 &rarr; <strong>1099</strong><br />(-23 for losing)\n|raw|tonybravais's rating: 1155 &rarr; <strong>1178</strong><br />(+23 for winning)\n",
  "uploadtime": 1776531522,
  "views": 15,
  "formatid": "gen9championsvgc2026regma",
  "rating": 1099,
  "private": 0,
  "password": null
}