{
  "id": "gen9championsvgc2026regma-2588690181",
  "format": "[Gen 9 Champions] VGC 2026 Reg M-A",
  "players": [
    "AiMeat",
    "sllawitoo"
  ],
  "log": "|j|\u2606AiMeat\n|j|\u2606sllawitoo\n|t:|1776658116\n|gametype|doubles\n|player|p1|AiMeat|170|1142\n|player|p2|sllawitoo|170|1163\n|gen|9\n|tier|[Gen 9 Champions] VGC 2026 Reg M-A\n|rated|\n|rule|Species Clause: Limit one of each Pok\u00e9mon\n|rule|Item Clause: Limit 1 of each item\n|clearpoke\n|poke|p1|Incineroar, L50, M|\n|poke|p1|Hatterene, L50, F, shiny|\n|poke|p1|Farigiraf, L50, F|\n|poke|p1|Torkoal, L50, F, shiny|\n|poke|p1|Kingambit, L50, M|\n|poke|p1|Charizard, L50, M|\n|poke|p2|Tyranitar, L50, M|\n|poke|p2|Excadrill, L50, M|\n|poke|p2|Sinistcha, L50|\n|poke|p2|Corviknight, L50, F|\n|poke|p2|Primarina, L50, F|\n|poke|p2|Incineroar, L50, M|\n|teampreview|4\nAiMeat rejected open team sheets.\n|\n|t:|1776658154\n|teamsize|p1|4\n|teamsize|p2|4\n|start\n|switch|p1a: Incineroar|Incineroar, L50, M|100/100\n|switch|p1b: Hatterene|Hatterene, L50, F, shiny|100/100\n|switch|p2a: Tyranitar|Tyranitar, L50, M|100/100\n|switch|p2b: Excadrill|Excadrill, L50, M|100/100\n|-weather|Sandstorm|[from] ability: Sand Stream|[of] p2a: Tyranitar\n|-ability|p1a: Incineroar|Intimidate|boost\n|-unboost|p2a: Tyranitar|atk|1\n|-unboost|p2b: Excadrill|atk|1\n|turn|1\n|\n|t:|1776658183\n|switch|p2a: Sinistcha|Sinistcha, L50|100/100\n|move|p2b: Excadrill|Protect|p2b: Excadrill\n|-singleturn|p2b: Excadrill|Protect\n|move|p1a: Incineroar|Fake Out|p2a: Sinistcha\n|-immune|p2a: Sinistcha\n|move|p1b: Hatterene|Dazzling Gleam|p2b: Excadrill|[spread] p2a\n|-activate|p2b: Excadrill|move: Protect\n|-damage|p2a: Sinistcha|56/100\n|\n|-weather|Sandstorm|[upkeep]\n|-damage|p2a: Sinistcha|50/100|[from] Sandstorm\n|-damage|p1a: Incineroar|95/100|[from] Sandstorm\n|-damage|p1b: Hatterene|94/100|[from] Sandstorm\n|-enditem|p2a: Sinistcha|Sitrus Berry|[eat]\n|-heal|p2a: Sinistcha|75/100|[from] item: Sitrus Berry\n|upkeep\n|turn|2\n|\n|t:|1776658222\n|move|p2b: Excadrill|Iron Head|p1b: Hatterene\n|-supereffective|p1b: Hatterene|1\n|-damage|p1b: Hatterene|25/100\n|move|p2a: Sinistcha|Shadow Ball|p1b: Hatterene\n|-supereffective|p1b: Hatterene|1\n|-damage|p1b: Hatterene|0 fnt\n|faint|p1b: Hatterene\n|move|p1a: Incineroar|Close Combat|p2b: Excadrill\n|-supereffective|p2b: Excadrill|1\n|-enditem|p2b: Excadrill|Focus Sash\n|-damage|p2b: Excadrill|1/100\n|-unboost|p1a: Incineroar|def|1\n|-unboost|p1a: Incineroar|spd|1\n|\n|-weather|Sandstorm|[upkeep]\n|-damage|p2a: Sinistcha|68/100|[from] Sandstorm\n|-damage|p1a: Incineroar|89/100|[from] Sandstorm\n|upkeep\n|\n|t:|1776658249\n|switch|p1b: Kingambit|Kingambit, L50, M|100/100\n|turn|3\n|\n|t:|1776658276\n|move|p2a: Sinistcha|Rage Powder|p2a: Sinistcha\n|-singleturn|p2a: Sinistcha|move: Rage Powder\n|move|p1b: Kingambit|Sucker Punch||[still]\n|-fail|p1b: Kingambit\n|move|p2b: Excadrill|Earthquake|p1a: Incineroar|[spread] p2a,p1a,p1b\n|-resisted|p2a: Sinistcha|1\n|-supereffective|p1a: Incineroar|1\n|-enditem|p1a: Incineroar|Shuca Berry|[eat]\n|-enditem|p1a: Incineroar|Shuca Berry|[weaken]\n|-supereffective|p1b: Kingambit|1\n|-damage|p2a: Sinistcha|56/100\n|-damage|p1a: Incineroar|47/100\n|-damage|p1b: Kingambit|59/100\n|move|p1a: Incineroar|Close Combat|p2a: Sinistcha\n|-immune|p2a: Sinistcha\n|\n|-weather|Sandstorm|[upkeep]\n|-damage|p2a: Sinistcha|49/100|[from] Sandstorm\n|-damage|p1a: Incineroar|41/100|[from] Sandstorm\n|upkeep\n|turn|4\n|inactive|Battle timer is ON: inactive players will automatically lose when time's up. (requested by sllawitoo)\n|\n|t:|1776658321\n|move|p2a: Sinistcha|Rage Powder|p2a: Sinistcha\n|-singleturn|p2a: Sinistcha|move: Rage Powder\n|move|p2b: Excadrill|Earthquake|p1b: Kingambit|[spread] p2a,p1a,p1b\n|-resisted|p2a: Sinistcha|1\n|-crit|p2a: Sinistcha\n|-supereffective|p1a: Incineroar|1\n|-supereffective|p1b: Kingambit|1\n|-damage|p2a: Sinistcha|18/100\n|-damage|p1a: Incineroar|0 fnt\n|-damage|p1b: Kingambit|23/100\n|faint|p1a: Incineroar\n|move|p1b: Kingambit|Swords Dance|p1b: Kingambit\n|-boost|p1b: Kingambit|atk|2\n|\n|-weather|Sandstorm|[upkeep]\n|-damage|p2a: Sinistcha|12/100|[from] Sandstorm\n|upkeep\n|\n|t:|1776658332\n|switch|p1a: Torkoal|Torkoal, L50, F, shiny|100/100\n|-weather|SunnyDay|[from] ability: Drought|[of] p1a: Torkoal\n|turn|5\n|inactive|AiMeat has 30 seconds left.\n|inactive|AiMeat has 20 seconds left.\n|\n|t:|1776658370\n|move|p2a: Sinistcha|Rage Powder|p2a: Sinistcha\n|-singleturn|p2a: Sinistcha|move: Rage Powder\n|move|p2b: Excadrill|Earthquake|p1b: Kingambit|[spread] p2a,p1a,p1b\n|-resisted|p2a: Sinistcha|1\n|-crit|p2a: Sinistcha\n|-supereffective|p1a: Torkoal|1\n|-supereffective|p1b: Kingambit|1\n|-damage|p2a: Sinistcha|0 fnt\n|-damage|p1a: Torkoal|63/100\n|-damage|p1b: Kingambit|0 fnt\n|faint|p2a: Sinistcha\n|faint|p1b: Kingambit\n|move|p1a: Torkoal|Eruption|p2b: Excadrill\n|-supereffective|p2b: Excadrill|1\n|-damage|p2b: Excadrill|0 fnt\n|faint|p2b: Excadrill\n|\n|-weather|SunnyDay|[upkeep]\n|upkeep\n|\n|t:|1776658386\n|switch|p2b: Primarina|Primarina, L50, F|100/100\n|switch|p2a: Tyranitar|Tyranitar, L50, M|100/100\n|-weather|Sandstorm|[from] ability: Sand Stream|[of] p2a: Tyranitar\n|turn|6\n|\n|t:|1776658396\n|detailschange|p2a: Tyranitar|Tyranitar-Mega, L50, M\n|-mega|p2a: Tyranitar|Tyranitar|Tyranitarite\n|move|p2a: Tyranitar|Rock Slide|p1a: Torkoal\n|-supereffective|p1a: Torkoal|1\n|-damage|p1a: Torkoal|0 fnt\n|faint|p1a: Torkoal\n|\n|win|sllawitoo\n|raw|AiMeat's rating: 1142 &rarr; <strong>1119</strong><br />(-23 for losing)\n|raw|sllawitoo's rating: 1163 &rarr; <strong>1186</strong><br />(+23 for winning)\n|l|\u2606sllawitoo\n|player|p2|\n",
  "uploadtime": 1776659926,
  "views": 6,
  "formatid": "gen9championsvgc2026regma",
  "rating": 1119,
  "private": 0,
  "password": null
}