{
  "id": "gen9championsvgc2026regma-2587565847",
  "format": "[Gen 9 Champions] VGC 2026 Reg M-A",
  "players": [
    "Boline",
    "angeallen455"
  ],
  "log": "|j|\u2606Boline\n|j|\u2606angeallen455\n|t:|1776542800\n|gametype|doubles\n|player|p1|Boline|veteran|1365\n|player|p2|angeallen455|colress|1351\n|gen|9\n|tier|[Gen 9 Champions] VGC 2026 Reg M-A\n|rated|\n|rule|Species Clause: Limit one of each Pok\u00e9mon\n|rule|Item Clause: Limit 1 of each item\n|clearpoke\n|poke|p1|Golurk, L50|\n|poke|p1|Farigiraf, L50, F|\n|poke|p1|Incineroar, L50, M|\n|poke|p1|Torkoal, L50, M|\n|poke|p1|Sneasler, L50, F|\n|poke|p1|Venusaur, L50, M|\n|poke|p2|Gardevoir, L50, M|\n|poke|p2|Aerodactyl, L50, F|\n|poke|p2|Hydreigon, L50, M|\n|poke|p2|Sneasler, L50, F|\n|poke|p2|Basculegion, L50, M|\n|poke|p2|Excadrill, L50, F|\n|teampreview|4\n|inactive|Battle timer is ON: inactive players will automatically lose when time's up. (requested by Boline)\n|c|\u2606angeallen455|glhf\n|inactive|Boline has 60 seconds left.\n|inactive|angeallen455 has 60 seconds left.\n|c|\u2606Boline|Glhf\n|inactive|angeallen455 has 30 seconds left.\n|inactive|angeallen455 has 20 seconds left.\n|\n|t:|1776542871\n|teamsize|p1|4\n|teamsize|p2|4\n|start\n|switch|p1a: Incineroar|Incineroar, L50, M|100/100\n|switch|p1b: Farigiraf|Farigiraf, L50, F|100/100\n|switch|p2a: Gardevoir|Gardevoir, L50, M|100/100\n|switch|p2b: Hydreigon|Hydreigon, L50, M|100/100\n|-ability|p1a: Incineroar|Intimidate|boost\n|-unboost|p2a: Gardevoir|atk|1\n|-unboost|p2b: Hydreigon|atk|1\n|turn|1\n|\n|t:|1776542888\n|detailschange|p2a: Gardevoir|Gardevoir-Mega, L50, M\n|-mega|p2a: Gardevoir|Gardevoir|Gardevoirite\n|move|p1a: Incineroar|Fake Out|p2b: Hydreigon\n|-crit|p2b: Hydreigon\n|-damage|p2b: Hydreigon|86/100\n|move|p2a: Gardevoir|Calm Mind|p2a: Gardevoir\n|-boost|p2a: Gardevoir|spa|1\n|-boost|p2a: Gardevoir|spd|1\n|cant|p2b: Hydreigon|flinch\n|move|p1b: Farigiraf|Trick Room|p1b: Farigiraf\n|-fieldstart|move: Trick Room|[of] p1b: Farigiraf\n|\n|upkeep\n|turn|2\n|\n|t:|1776542911\n|move|p1b: Farigiraf|Hyper Voice|p2b: Hydreigon|[spread] p2a,p2b\n|-damage|p2a: Gardevoir|84/100\n|-damage|p2b: Hydreigon|59/100\n|move|p1a: Incineroar|Throat Chop|p2a: Gardevoir\n|-damage|p2a: Gardevoir|37/100\n|-start|p2a: Gardevoir|Throat Chop|[silent]\n|move|p2b: Hydreigon|Dark Pulse|p1a: Incineroar\n|-resisted|p1a: Incineroar|1\n|-damage|p1a: Incineroar|79/100\n|cant|p2a: Gardevoir|move: Throat Chop\n|\n|upkeep\n|turn|3\n|inactive|Boline has 30 seconds left.\n|inactive|Boline has 20 seconds left.\n|inactive|Boline has 15 seconds left.\n|inactive|Boline has 10 seconds left.\n|inactive|Boline has 5 seconds left.\n|\n|t:|1776542963\n|switch|p2a: Aerodactyl|Aerodactyl, L50, F|100/100\n|-ability|p2a: Aerodactyl|Unnerve\n|move|p2b: Hydreigon|Protect|p2b: Hydreigon\n|-singleturn|p2b: Hydreigon|Protect\n|move|p1b: Farigiraf|Hyper Voice|p2a: Aerodactyl|[spread] p2a\n|-activate|p2b: Hydreigon|move: Protect\n|-resisted|p2a: Aerodactyl|1\n|-damage|p2a: Aerodactyl|81/100\n|move|p1a: Incineroar|Parting Shot|p2b: Hydreigon\n|-activate|p2b: Hydreigon|move: Protect\n|\n|upkeep\n|turn|4\n|\n|t:|1776542988\n|move|p1b: Farigiraf|Psychic|p2a: Aerodactyl\n|-damage|p2a: Aerodactyl|31/100\n|-unboost|p2a: Aerodactyl|spd|1\n|move|p1a: Incineroar|Parting Shot|p2b: Hydreigon\n|-unboost|p2b: Hydreigon|atk|1\n|-unboost|p2b: Hydreigon|spa|1\n|\n|t:|1776542999\n|switch|p1a: Golurk|Golurk, L50|100/100|[from] Parting Shot\n|move|p2b: Hydreigon|Dark Pulse|p1b: Farigiraf\n|-supereffective|p1b: Farigiraf|1\n|-damage|p1b: Farigiraf|48/100\n|move|p2a: Aerodactyl|Rock Slide|p1a: Golurk|[spread] p1a,p1b\n|-resisted|p1a: Golurk|1\n|-damage|p1a: Golurk|87/100\n|-damage|p1b: Farigiraf|25/100\n|\n|upkeep\n|turn|5\n|\n|t:|1776543023\n|detailschange|p1a: Golurk|Golurk-Mega, L50\n|-mega|p1a: Golurk|Golurk|Golurkite\n|move|p2b: Hydreigon|Protect|p2b: Hydreigon\n|-singleturn|p2b: Hydreigon|Protect\n|move|p1b: Farigiraf|Psychic|p2a: Aerodactyl\n|-damage|p2a: Aerodactyl|0 fnt\n|-enditem|p1b: Farigiraf|Sitrus Berry|[eat]\n|-heal|p1b: Farigiraf|49/100|[from] item: Sitrus Berry\n|faint|p2a: Aerodactyl\n|move|p1a: Golurk|Ice Punch|p2b: Hydreigon\n|-supereffective|p2b: Hydreigon|1\n|-ability|p1a: Golurk|Unseen Fist\n|-zbroken|p2b: Hydreigon\n|-damage|p2b: Hydreigon|42/100\n|\n|-fieldend|move: Trick Room\n|upkeep\n|\n|t:|1776543035\n|switch|p2a: Gardevoir|Gardevoir-Mega, L50, M|37/100\n|turn|6\n|\n|t:|1776543052\n|move|p1a: Golurk|Protect|p1a: Golurk\n|-singleturn|p1a: Golurk|Protect\n|move|p2a: Gardevoir|Hyper Voice|p1a: Golurk|[spread] p1b\n|-activate|p1a: Golurk|move: Protect\n|-damage|p1b: Farigiraf|0 fnt\n|faint|p1b: Farigiraf\n|move|p2b: Hydreigon|Dark Pulse|p1a: Golurk\n|-activate|p1a: Golurk|move: Protect\n|\n|upkeep\n|\n|t:|1776543061\n|switch|p1b: Incineroar|Incineroar, L50, M|79/100\n|-ability|p1b: Incineroar|Intimidate|boost\n|-unboost|p2a: Gardevoir|atk|1\n|-unboost|p2b: Hydreigon|atk|1\n|turn|7\n|inactive|Boline has 30 seconds left.\n|\n|t:|1776543090\n|move|p2a: Gardevoir|Protect|p2a: Gardevoir\n|-singleturn|p2a: Gardevoir|Protect\n|move|p2b: Hydreigon|Protect|p2b: Hydreigon\n|-singleturn|p2b: Hydreigon|Protect\n|move|p1b: Incineroar|Fake Out|p2b: Hydreigon\n|-activate|p2b: Hydreigon|move: Protect\n|move|p1a: Golurk|Ice Punch|p2b: Hydreigon\n|-supereffective|p2b: Hydreigon|1\n|-ability|p1a: Golurk|Unseen Fist\n|-zbroken|p2b: Hydreigon\n|-damage|p2b: Hydreigon|25/100\n|-status|p2b: Hydreigon|frz\n|-enditem|p2b: Hydreigon|Lum Berry|[eat]\n|-curestatus|p2b: Hydreigon|frz|[msg]\n|\n|upkeep\n|turn|8\n|\n|t:|1776543099\n|move|p2a: Gardevoir|Hyper Voice|p1a: Golurk|[spread] p1a,p1b\n|-damage|p1a: Golurk|38/100\n|-damage|p1b: Incineroar|31/100\n|move|p2b: Hydreigon|Earth Power|p1b: Incineroar\n|-supereffective|p1b: Incineroar|1\n|-enditem|p1b: Incineroar|Shuca Berry|[eat]\n|-enditem|p1b: Incineroar|Shuca Berry|[weaken]\n|-damage|p1b: Incineroar|9/100\n|move|p1b: Incineroar|Throat Chop|p2a: Gardevoir\n|-damage|p2a: Gardevoir|0 fnt\n|faint|p2a: Gardevoir\n|move|p1a: Golurk|Ice Punch|p2b: Hydreigon\n|-supereffective|p2b: Hydreigon|1\n|-damage|p2b: Hydreigon|0 fnt\n|faint|p2b: Hydreigon\n|\n|upkeep\n|\n|t:|1776543109\n|switch|p2b: Basculegion|Basculegion, L50, M|100/100\n|turn|9\n|c|\u2606angeallen455|crazy shuca\n|\n|t:|1776543123\n|move|p2b: Basculegion|Last Respects|p1b: Incineroar\n|-resisted|p1b: Incineroar|1\n|-damage|p1b: Incineroar|0 fnt\n|faint|p1b: Incineroar\n|move|p1a: Golurk|Poltergeist|p2b: Basculegion\n|-activate|p2b: Basculegion|move: Poltergeist|Choice Scarf\n|-supereffective|p2b: Basculegion|1\n|-damage|p2b: Basculegion|0 fnt\n|faint|p2b: Basculegion\n|\n|win|Boline\n|raw|Boline's rating: 1365 &rarr; <strong>1384</strong><br />(+19 for winning)\n|raw|angeallen455's rating: 1351 &rarr; <strong>1332</strong><br />(-19 for losing)\n|c|\u2606Boline|Gg\n|c|\u2606angeallen455|gg\n|c|\u2606Boline|Fr man clutch shuca\n",
  "uploadtime": 1776543156,
  "views": 29,
  "formatid": "gen9championsvgc2026regma",
  "rating": 1332,
  "private": 0,
  "password": null
}