{
  "id": "gen9championsvgc2026regma-2581572914",
  "format": "[Gen 9 Champions] VGC 2026 Reg M-A",
  "players": [
    "Toxiccow",
    "tailamatong"
  ],
  "log": "|j|\u2606Toxiccow\n|j|\u2606tailamatong\n|t:|1776012001\n|gametype|doubles\n|player|p1|Toxiccow|juan|1000\n|player|p2|tailamatong|iris|1000\n|gen|9\n|tier|[Gen 9 Champions] VGC 2026 Reg M-A\n|rated|\n|rule|Species Clause: Limit one of each Pok\u00e9mon\n|rule|Item Clause: Limit 1 of each item\n|clearpoke\n|poke|p1|Blastoise, L50, F|\n|poke|p1|Sinistcha, L50|\n|poke|p1|Garchomp, L50, M|\n|poke|p1|Dragonite, L50, M|\n|poke|p1|Talonflame, L50, M|\n|poke|p1|Weavile, L50, F|\n|poke|p2|Gengar, L50, F|\n|poke|p2|Kingambit, L50, F|\n|poke|p2|Sneasler, L50, F|\n|poke|p2|Incineroar, L50, F|\n|poke|p2|Farigiraf, L50, M|\n|poke|p2|Maushold-Four, L50|\n|teampreview|4\n|inactive|Battle timer is ON: inactive players will automatically lose when time's up. (requested by tailamatong)\n|\n|t:|1776012095\n|teamsize|p1|4\n|teamsize|p2|4\n|start\n|switch|p1a: Weavile|Weavile, L50, F|100/100\n|switch|p1b: Garchomp|Garchomp, L50, M|100/100\n|switch|p2a: Kingambit|Kingambit, L50, F|100/100\n|switch|p2b: Incineroar|Incineroar, L50, F|100/100\n|-ability|p1a: Weavile|Pressure\n|-ability|p2b: Incineroar|Intimidate|boost\n|-unboost|p1a: Weavile|atk|1\n|-unboost|p1b: Garchomp|atk|1\n|turn|1\n|inactive|Toxiccow has 30 seconds left.\n|\n|t:|1776012125\n|switch|p1b: Talonflame|Talonflame, L50, M|100/100\n|move|p1a: Weavile|Fake Out|p2a: Kingambit\n|-resisted|p2a: Kingambit|1\n|-damage|p2a: Kingambit|97/100\n|move|p2b: Incineroar|Fake Out|p1b: Talonflame\n|-damage|p1b: Talonflame|85/100\n|cant|p2a: Kingambit|flinch\n|\n|upkeep\n|turn|2\n|\n|t:|1776012140\n|move|p2a: Kingambit|Protect|p2a: Kingambit\n|-singleturn|p2a: Kingambit|Protect\n|move|p1a: Weavile|Low Kick|p2a: Kingambit\n|-activate|p2a: Kingambit|move: Protect\n|move|p1b: Talonflame|Tailwind|p1b: Talonflame\n|-sidestart|p1: Toxiccow|move: Tailwind\n|move|p2b: Incineroar|Flare Blitz|p1a: Weavile\n|-supereffective|p1a: Weavile|1\n|-enditem|p1a: Weavile|Focus Sash\n|-damage|p1a: Weavile|1/100\n|-damage|p2b: Incineroar|77/100|[from] Recoil\n|\n|upkeep\n|turn|3\n|inactive|Toxiccow has 30 seconds left.\n|inactive|tailamatong has 30 seconds left.\n|\n|t:|1776012168\n|switch|p2a: Gengar|Gengar, L50, F|100/100\n|move|p1a: Weavile|Low Kick|p2b: Incineroar\n|-supereffective|p2b: Incineroar|1\n|-damage|p2b: Incineroar|46/100\n|-enditem|p2b: Incineroar|Sitrus Berry|[eat]\n|-heal|p2b: Incineroar|71/100|[from] item: Sitrus Berry\n|move|p1b: Talonflame|Dual Wingbeat|p2b: Incineroar\n|-damage|p2b: Incineroar|54/100\n|-damage|p2b: Incineroar|38/100\n|-hitcount|p2b: Incineroar|2\n|move|p2b: Incineroar|Darkest Lariat|p1a: Weavile\n|-resisted|p1a: Weavile|1\n|-damage|p1a: Weavile|0 fnt\n|faint|p1a: Weavile\n|\n|upkeep\n|\n|t:|1776012183\n|switch|p1a: Garchomp|Garchomp, L50, M|100/100\n|turn|4\n|\n|t:|1776012198\n|switch|p2b: Farigiraf|Farigiraf, L50, M|100/100\n|detailschange|p2a: Gengar|Gengar-Mega, L50, F\n|-mega|p2a: Gengar|Gengar|Gengarite\n|move|p2a: Gengar|Protect|p2a: Gengar\n|-singleturn|p2a: Gengar|Protect\n|move|p1b: Talonflame|Dual Wingbeat|p2a: Gengar\n|-activate|p2a: Gengar|move: Protect\n|move|p1a: Garchomp|Earthquake|p2b: Farigiraf|[spread] p2b\n|-activate|p2a: Gengar|move: Protect\n|-immune|p1b: Talonflame\n|-damage|p2b: Farigiraf|68/100\n|\n|upkeep\n|turn|5\n|inactive|Toxiccow has 30 seconds left.\n|inactive|tailamatong has 30 seconds left.\n|inactive|Toxiccow has 20 seconds left.\n|\n|t:|1776012234\n|switch|p2a: Incineroar|Incineroar, L50, F|38/100\n|-ability|p2a: Incineroar|Intimidate|boost\n|-unboost|p1a: Garchomp|atk|1\n|-unboost|p1b: Talonflame|atk|1\n|move|p1b: Talonflame|Dual Wingbeat|p2b: Farigiraf\n|-damage|p2b: Farigiraf|58/100\n|-damage|p2b: Farigiraf|47/100\n|-hitcount|p2b: Farigiraf|2\n|move|p1a: Garchomp|Earthquake|p2a: Incineroar|[spread] p2a,p2b\n|-immune|p1b: Talonflame\n|-supereffective|p2a: Incineroar|1\n|-damage|p2a: Incineroar|0 fnt\n|-damage|p2b: Farigiraf|27/100\n|faint|p2a: Incineroar\n|move|p2b: Farigiraf|Foul Play|p1a: Garchomp\n|-crit|p1a: Garchomp\n|-damage|p1a: Garchomp|46/100\n|\n|-sideend|p1: Toxiccow|move: Tailwind\n|upkeep\n|\n|t:|1776012253\n|switch|p2a: Gengar|Gengar-Mega, L50, F|100/100\n|turn|6\n|\n|t:|1776012275\n|move|p2a: Gengar|Shadow Ball|p1a: Garchomp\n|-damage|p1a: Garchomp|0 fnt\n|faint|p1a: Garchomp\n|move|p1b: Talonflame|Tailwind|p1b: Talonflame\n|-sidestart|p1: Toxiccow|move: Tailwind\n|move|p2b: Farigiraf|Trick Room|p2b: Farigiraf\n|-fieldstart|move: Trick Room|[of] p2b: Farigiraf\n|\n|upkeep\n|\n|t:|1776012279\n|switch|p1a: Dragonite|Dragonite, L50, M|100/100\n|turn|7\n|inactive|Toxiccow has 30 seconds left.\n|\n|t:|1776012313\n|switch|p2b: Kingambit|Kingambit, L50, F|97/100\n|detailschange|p1a: Dragonite|Dragonite-Mega, L50, M\n|-mega|p1a: Dragonite|Dragonite|Dragoninite\n|move|p2a: Gengar|Perish Song|p2a: Gengar\n|-start|p1a: Dragonite|perish3|[silent]\n|-start|p1b: Talonflame|perish3|[silent]\n|-start|p2a: Gengar|perish3|[silent]\n|-start|p2b: Kingambit|perish3|[silent]\n|-fieldactivate|move: Perish Song\n|move|p1a: Dragonite|Hurricane|p2a: Gengar|[miss]\n|-miss|p1a: Dragonite|p2a: Gengar\n|move|p1b: Talonflame|Rain Dance|p1b: Talonflame\n|-weather|RainDance\n|\n|-weather|RainDance|[upkeep]\n|-start|p2b: Kingambit|perish3\n|-start|p2a: Gengar|perish3\n|-start|p1a: Dragonite|perish3\n|-start|p1b: Talonflame|perish3\n|upkeep\n|turn|8\n|inactive|tailamatong has 30 seconds left.\n|\n|t:|1776012342\n|switch|p2b: Farigiraf|Farigiraf, L50, M|27/100\n|move|p2a: Gengar|Substitute|p2a: Gengar\n|-start|p2a: Gengar|Substitute\n|-damage|p2a: Gengar|76/100\n|move|p1a: Dragonite|Hurricane|p2a: Gengar\n|-end|p2a: Gengar|Substitute\n|move|p1b: Talonflame|Dual Wingbeat|p2a: Gengar\n|-damage|p2a: Gengar|60/100\n|-damage|p2a: Gengar|43/100\n|-hitcount|p2a: Gengar|2\n|\n|-weather|RainDance|[upkeep]\n|-start|p2a: Gengar|perish2\n|-start|p1a: Dragonite|perish2\n|-start|p1b: Talonflame|perish2\n|upkeep\n|turn|9\n|inactive|Toxiccow has 30 seconds left.\n|\n|t:|1776012374\n|move|p2a: Gengar|Protect|p2a: Gengar\n|-singleturn|p2a: Gengar|Protect\n|move|p2b: Farigiraf|Foul Play|p1a: Dragonite\n|-damage|p1a: Dragonite|89/100\n|move|p1a: Dragonite|Thunder|p2b: Farigiraf\n|-damage|p2b: Farigiraf|0 fnt\n|faint|p2b: Farigiraf\n|move|p1b: Talonflame|Dual Wingbeat|p2a: Gengar\n|-activate|p2a: Gengar|move: Protect\n|\n|-weather|RainDance|[upkeep]\n|-start|p2a: Gengar|perish1\n|-start|p1a: Dragonite|perish1\n|-start|p1b: Talonflame|perish1\n|-sideend|p1: Toxiccow|move: Tailwind\n|upkeep\n|\n|t:|1776012392\n|switch|p2b: Kingambit|Kingambit, L50, F|97/100\n|turn|10\n|\n|t:|1776012401\n|move|p2b: Kingambit|Protect|p2b: Kingambit\n|-singleturn|p2b: Kingambit|Protect\n|move|p1a: Dragonite|Thunder|p2b: Kingambit\n|-activate|p2b: Kingambit|move: Protect\n|move|p1b: Talonflame|Dual Wingbeat|p2b: Kingambit\n|-activate|p2b: Kingambit|move: Protect\n|move|p2a: Gengar|Substitute|p2a: Gengar\n|-start|p2a: Gengar|Substitute\n|-damage|p2a: Gengar|18/100\n|\n|-weather|RainDance|[upkeep]\n|-start|p1a: Dragonite|perish0\n|-start|p1b: Talonflame|perish0\n|-start|p2a: Gengar|perish0\n|-fieldend|move: Trick Room\n|faint|p1a: Dragonite\n|faint|p1b: Talonflame\n|faint|p2a: Gengar\n|\n|win|tailamatong\n|raw|Toxiccow's rating: 1000 &rarr; <strong>1000</strong><br />(+0 for losing)\n|raw|tailamatong's rating: 1000 &rarr; <strong>1040</strong><br />(+40 for winning)\n|l|\u2606Toxiccow\n|player|p1|\n",
  "uploadtime": 1776012419,
  "views": 18,
  "formatid": "gen9championsvgc2026regma",
  "rating": 1000,
  "private": 0,
  "password": null
}