{
  "id": "gen9championsvgc2026regma-2587062849",
  "format": "[Gen 9 Champions] VGC 2026 Reg M-A",
  "players": [
    "AzureChuck",
    "greetathunberg"
  ],
  "log": "|j|\u2606AzureChuck\n|j|\u2606greetathunberg\n|t:|1776488438\n|gametype|doubles\n|player|p1|AzureChuck|101|1046\n|player|p2|greetathunberg|265|1147\n|gen|9\n|tier|[Gen 9 Champions] VGC 2026 Reg M-A\n|rated|\n|rule|Species Clause: Limit one of each Pok\u00e9mon\n|rule|Item Clause: Limit 1 of each item\n|clearpoke\n|poke|p1|Gengar, L50, M|\n|poke|p1|Heliolisk, L50, M|\n|poke|p1|Maushold-Four, L50|\n|poke|p1|Corviknight, L50, F|\n|poke|p1|Whimsicott, L50, F|\n|poke|p1|Dragonite, L50, F|\n|poke|p2|Scovillain, L50, F|\n|poke|p2|Klefki, L50, M|\n|poke|p2|Gyarados, L50, M|\n|poke|p2|Maushold, L50|\n|poke|p2|Weavile, L50, F|\n|poke|p2|Dragapult, L50, F|\n|teampreview|4\n|inactive|Battle timer is ON: inactive players will automatically lose when time's up. (requested by AzureChuck)\n|inactive|greetathunberg has 60 seconds left.\n|\n|t:|1776488485\n|teamsize|p1|4\n|teamsize|p2|4\n|start\n|switch|p1a: The Control|Whimsicott, L50, F|100/100\n|switch|p1b: The Hurt|Dragonite, L50, F|100/100\n|switch|p2a: Dragapult|Dragapult, L50, F|100/100\n|switch|p2b: Scovillain|Scovillain, L50, F|100/100\n|turn|1\n|inactive|greetathunberg has 30 seconds left.\n|\n|t:|1776488518\n|move|p2b: Scovillain|Protect|p2b: Scovillain\n|-singleturn|p2b: Scovillain|Protect\n|move|p1a: The Control|Tailwind|p1a: The Control\n|-sidestart|p1: AzureChuck|move: Tailwind\n|move|p2a: Dragapult|Dragon Darts|p1b: The Hurt\n|-supereffective|p1b: The Hurt|1\n|-damage|p1b: The Hurt|45/100\n|-anim|p2a: Dragapult|Dragon Darts|p1b: The Hurt\n|-supereffective|p1b: The Hurt|1\n|-damage|p1b: The Hurt|0 fnt\n|faint|p1b: The Hurt\n|\n|-ability|p2b: Scovillain|Moody|boost\n|-boost|p2b: Scovillain|spe|2\n|-unboost|p2b: Scovillain|atk|1\n|upkeep\n|\n|t:|1776488539\n|switch|p1b: Him.|Gengar, L50, M|100/100\n|turn|2\n|\n|t:|1776488553\n|detailschange|p1b: Him.|Gengar-Mega, L50, M\n|-mega|p1b: Him.|Gengar|Gengarite\n|move|p1a: The Control|Encore|p2b: Scovillain\n|-start|p2b: Scovillain|Encore\n|move|p2b: Scovillain|Protect||[still]\n|-fail|p2b: Scovillain\n|move|p1b: Him.|Shadow Ball|p2a: Dragapult\n|-supereffective|p2a: Dragapult|1\n|-damage|p2a: Dragapult|0 fnt\n|faint|p2a: Dragapult\n|\n|-ability|p2b: Scovillain|Moody|boost\n|-boost|p2b: Scovillain|spd|2\n|-unboost|p2b: Scovillain|atk|1\n|upkeep\n|\n|t:|1776488565\n|switch|p2a: Weavile|Weavile, L50, F|100/100\n|turn|3\n|\n|t:|1776488581\n|detailschange|p2b: Scovillain|Scovillain-Mega, L50, F\n|-mega|p2b: Scovillain|Scovillain|Scovillainite\n|move|p2b: Scovillain|Protect|p2b: Scovillain\n|-singleturn|p2b: Scovillain|Protect\n|move|p1b: Him.|Icy Wind|p2b: Scovillain|[spread] p2a\n|-activate|p2b: Scovillain|move: Protect\n|-resisted|p2a: Weavile|1\n|-damage|p2a: Weavile|89/100\n|-unboost|p2a: Weavile|spe|1\n|move|p1a: The Control|Moonblast|p2a: Weavile\n|-supereffective|p2a: Weavile|1\n|-damage|p2a: Weavile|0 fnt\n|faint|p2a: Weavile\n|\n|upkeep\n|\n|t:|1776488593\n|switch|p2a: Klefki|Klefki, L50, M|100/100\n|turn|4\n|\n|t:|1776488607\n|move|p2b: Scovillain|Protect|p2b: Scovillain\n|-singleturn|p2b: Scovillain|Protect\n|move|p1b: Him.|Sludge Bomb|p2b: Scovillain\n|-activate|p2b: Scovillain|move: Protect\n|move|p1a: The Control|Moonblast|p2b: Scovillain\n|-activate|p2b: Scovillain|move: Protect\n|move|p2a: Klefki|Dazzling Gleam|p1b: Him.|[spread] p1a,p1b\n|-resisted|p1b: Him.|1\n|-damage|p1a: The Control|73/100\n|-damage|p1b: Him.|90/100\n|\n|-end|p2b: Scovillain|Encore\n|-sideend|p1: AzureChuck|move: Tailwind\n|upkeep\n|turn|5\n|\n|t:|1776488625\n|move|p2b: Scovillain|Rage Powder|p2b: Scovillain\n|-singleturn|p2b: Scovillain|move: Rage Powder\n|move|p1a: The Control|Encore|p2b: Scovillain\n|-start|p2b: Scovillain|Encore\n|move|p1b: Him.|Sludge Bomb|p2b: Scovillain\n|-supereffective|p2b: Scovillain|1\n|-damage|p2b: Scovillain|48/100\n|-status|p2b: Scovillain|psn\n|-status|p1b: Him.|brn|[from] ability: Spicy Spray|[of] p2b: Scovillain\n|move|p2a: Klefki|Dazzling Gleam|p1b: Him.|[spread] p1a,p1b\n|-resisted|p1b: Him.|1\n|-crit|p1b: Him.\n|-damage|p1a: The Control|44/100\n|-damage|p1b: Him.|72/100 brn\n|\n|-damage|p2b: Scovillain|36/100 psn|[from] psn\n|-damage|p1b: Him.|67/100 brn|[from] brn\n|upkeep\n|turn|6\n|\n|t:|1776488649\n|move|p2b: Scovillain|Rage Powder|p2b: Scovillain\n|-singleturn|p2b: Scovillain|move: Rage Powder\n|move|p1a: The Control|Tailwind|p1a: The Control\n|-sidestart|p1: AzureChuck|move: Tailwind\n|move|p1b: Him.|Icy Wind|p2a: Klefki|[spread] p2a,p2b\n|-resisted|p2a: Klefki|1\n|-damage|p2a: Klefki|93/100\n|-damage|p2b: Scovillain|29/100 psn\n|-unboost|p2a: Klefki|spe|1\n|-unboost|p2b: Scovillain|spe|1\n|move|p2a: Klefki|Dazzling Gleam|p1b: Him.|[spread] p1a,p1b\n|-resisted|p1b: Him.|1\n|-damage|p1a: The Control|14/100\n|-damage|p1b: Him.|56/100 brn\n|\n|-damage|p2b: Scovillain|17/100 psn|[from] psn\n|-damage|p1b: Him.|50/100 brn|[from] brn\n|upkeep\n|turn|7\n|\n|t:|1776488672\n|move|p1a: The Control|Protect|p1a: The Control\n|-singleturn|p1a: The Control|Protect\n|move|p2b: Scovillain|Rage Powder|p2b: Scovillain\n|-singleturn|p2b: Scovillain|move: Rage Powder\n|move|p1b: Him.|Shadow Ball|p2b: Scovillain\n|-damage|p2b: Scovillain|0 fnt\n|faint|p2b: Scovillain\n|move|p2a: Klefki|Dazzling Gleam|p1b: Him.|[spread] p1b\n|-activate|p1a: The Control|move: Protect\n|-resisted|p1b: Him.|1\n|-damage|p1b: Him.|37/100 brn\n|\n|-damage|p1b: Him.|31/100 brn|[from] brn\n|upkeep\n|turn|8\n|\n|t:|1776488691\n|move|p2a: Klefki|Light Screen|p2a: Klefki\n|-sidestart|p2: greetathunberg|move: Light Screen\n|move|p1b: Him.|Shadow Ball|p2a: Klefki\n|-crit|p2a: Klefki\n|-damage|p2a: Klefki|17/100\n|-unboost|p2a: Klefki|spd|1\n|move|p1a: The Control|Moonblast|p2a: Klefki\n|-resisted|p2a: Klefki|1\n|-damage|p2a: Klefki|1/100\n|\n|-damage|p1b: Him.|26/100 brn|[from] brn\n|upkeep\n|turn|9\n|-message|greetathunberg forfeited.\n|\n|win|AzureChuck\n|raw|AzureChuck's rating: 1046 &rarr; <strong>1088</strong><br />(+42 for winning)\n|raw|greetathunberg's rating: 1147 &rarr; <strong>1115</strong><br />(-32 for losing)\n",
  "uploadtime": 1776488707,
  "views": 15,
  "formatid": "gen9championsvgc2026regma",
  "rating": 1088,
  "private": 0,
  "password": null
}