{
  "id": "gen9championsvgc2026regma-2585186883",
  "format": "[Gen 9 Champions] VGC 2026 Reg M-A",
  "players": [
    "Endergeimer",
    "kdmhzyjs001"
  ],
  "log": "|j|\u2606Endergeimer\n|j|\u2606kdmhzyjs001\n|t:|1776322574\n|gametype|doubles\n|player|p1|Endergeimer|265|1049\n|player|p2|kdmhzyjs001|1|1066\n|gen|9\n|tier|[Gen 9 Champions] VGC 2026 Reg M-A\n|rated|\n|rule|Species Clause: Limit one of each Pok\u00e9mon\n|rule|Item Clause: Limit 1 of each item\n|clearpoke\n|poke|p1|Basculegion, L50, M|\n|poke|p1|Gengar, L50, F|\n|poke|p1|Runerigus, L50, M|\n|poke|p1|Chandelure, L50, F|\n|poke|p1|Trevenant, L50, M|\n|poke|p1|Zoroark-Hisui, L50, F|\n|poke|p2|Floette-Eternal, L50, F|\n|poke|p2|Aerodactyl, L50, M|\n|poke|p2|Sinistcha, L50|\n|poke|p2|Incineroar, L50, M|\n|poke|p2|Maushold, L50|\n|poke|p2|Hydreigon, L50, F|\n|teampreview|4\n|c|\u2606Endergeimer|GL...\n|inactive|Battle timer is ON: inactive players will automatically lose when time's up. (requested by kdmhzyjs001)\n|c|\u2606kdmhzyjs001|GL\n|inactive|Endergeimer has 60 seconds left.\n|\n|t:|1776322641\n|teamsize|p1|4\n|teamsize|p2|4\n|start\n|switch|p1a: Trevenant|Trevenant, L50, M|100/100\n|switch|p1b: Basculegion|Basculegion, L50, M|100/100\n|switch|p2a: Floette|Floette-Eternal, L50, F|100/100\n|switch|p2b: Maushold|Maushold, L50|100/100\n|turn|1\n|\n|t:|1776322659\n|detailschange|p2a: Floette|Floette-Mega, L50, F\n|-mega|p2a: Floette|Floette|Floettite\n|-ability|p2a: Floette|Fairy Aura\n|move|p2b: Maushold|Follow Me|p2b: Maushold\n|-singleturn|p2b: Maushold|move: Follow Me\n|move|p1b: Basculegion|Sludge Bomb|p2b: Maushold\n|-damage|p2b: Maushold|63/100\n|move|p2a: Floette|Calm Mind|p2a: Floette\n|-boost|p2a: Floette|spa|1\n|-boost|p2a: Floette|spd|1\n|move|p1a: Trevenant|Drain Punch|p2b: Maushold\n|-supereffective|p2b: Maushold|1\n|-enditem|p2b: Maushold|Chople Berry|[eat]\n|-enditem|p2b: Maushold|Chople Berry|[weaken]\n|-damage|p2b: Maushold|33/100\n|\n|upkeep\n|turn|2\n|inactive|Endergeimer has 30 seconds left.\n|\n|t:|1776322685\n|move|p2b: Maushold|Follow Me|p2b: Maushold\n|-singleturn|p2b: Maushold|move: Follow Me\n|move|p1b: Basculegion|Sludge Bomb|p2b: Maushold\n|-damage|p2b: Maushold|0 fnt\n|faint|p2b: Maushold\n|move|p2a: Floette|Dazzling Gleam|p1a: Trevenant|[spread] p1a,p1b\n|-damage|p1a: Trevenant|28/100\n|-damage|p1b: Basculegion|0 fnt\n|replace|p1b: Zoroark|Zoroark-Hisui, L50, F\n|-end|p1b: Zoroark|Illusion\n|-enditem|p1a: Trevenant|Sitrus Berry|[eat]\n|-heal|p1a: Trevenant|53/100|[from] item: Sitrus Berry\n|faint|p1b: Zoroark\n|move|p1a: Trevenant|Wood Hammer|p2a: Floette\n|-damage|p2a: Floette|32/100\n|-damage|p1a: Trevenant|28/100|[from] Recoil\n|\n|upkeep\n|\n|t:|1776322702\n|switch|p1b: Basculegion|Basculegion, L50, M|100/100\n|switch|p2b: Incineroar|Incineroar, L50, M|100/100\n|-ability|p2b: Incineroar|Intimidate|boost\n|-unboost|p1a: Trevenant|atk|1\n|-unboost|p1b: Basculegion|atk|1\n|turn|3\n|\n|t:|1776322724\n|move|p2a: Floette|Protect|p2a: Floette\n|-singleturn|p2a: Floette|Protect\n|move|p1b: Basculegion|Aqua Jet|p2a: Floette\n|-activate|p2a: Floette|move: Protect\n|move|p2b: Incineroar|Snarl|p1b: Basculegion|[spread] p1a,p1b\n|-supereffective|p1a: Trevenant|1\n|-supereffective|p1b: Basculegion|1\n|-damage|p1a: Trevenant|3/100\n|-damage|p1b: Basculegion|73/100\n|-unboost|p1a: Trevenant|spa|1\n|-unboost|p1b: Basculegion|spa|1\n|move|p1a: Trevenant|Drain Punch|p2b: Incineroar\n|-supereffective|p2b: Incineroar|1\n|-damage|p2b: Incineroar|76/100\n|-heal|p1a: Trevenant|18/100|[from] drain|[of] p2b: Incineroar\n|\n|-item|p1a: Trevenant|Sitrus Berry|[from] ability: Harvest\n|upkeep\n|-enditem|p1a: Trevenant|Sitrus Berry|[eat]\n|-heal|p1a: Trevenant|43/100|[from] item: Sitrus Berry\n|turn|4\n|\n|t:|1776322748\n|switch|p2a: Sinistcha|Sinistcha, L50|100/100\n|-heal|p2b: Incineroar|100/100|[from] ability: Hospitality|[of] p2a: Sinistcha\n|move|p1b: Basculegion|Aqua Jet|p2a: Sinistcha\n|-resisted|p2a: Sinistcha|1\n|-damage|p2a: Sinistcha|92/100\n|move|p2b: Incineroar|Flare Blitz|p1a: Trevenant\n|-supereffective|p1a: Trevenant|1\n|-damage|p1a: Trevenant|0 fnt\n|faint|p1a: Trevenant\n|-damage|p2b: Incineroar|89/100|[from] Recoil\n|\n|-heal|p2a: Sinistcha|98/100|[from] item: Leftovers\n|upkeep\n|\n|t:|1776322760\n|switch|p1a: Chandelure|Chandelure, L50, F|100/100\n|turn|5\n|\n|t:|1776322767\n|detailschange|p1a: Chandelure|Chandelure-Mega, L50, F\n|-mega|p1a: Chandelure|Chandelure|Chandelurite\n|move|p2a: Sinistcha|Protect|p2a: Sinistcha\n|-singleturn|p2a: Sinistcha|Protect\n|move|p1b: Basculegion|Aqua Jet|p2b: Incineroar\n|-supereffective|p2b: Incineroar|1\n|-damage|p2b: Incineroar|63/100\n|move|p1a: Chandelure|Heat Wave|p2b: Incineroar|[spread] p2b\n|-activate|p2a: Sinistcha|move: Protect\n|-resisted|p2b: Incineroar|1\n|-damage|p2b: Incineroar|38/100\n|-enditem|p2b: Incineroar|Sitrus Berry|[eat]\n|-heal|p2b: Incineroar|63/100|[from] item: Sitrus Berry\n|move|p2b: Incineroar|Snarl|p1b: Basculegion|[spread] p1a,p1b\n|-supereffective|p1a: Chandelure|1\n|-supereffective|p1b: Basculegion|1\n|-damage|p1a: Chandelure|74/100\n|-damage|p1b: Basculegion|48/100\n|-unboost|p1a: Chandelure|spa|1\n|-unboost|p1b: Basculegion|spa|1\n|\n|-heal|p2a: Sinistcha|100/100|[from] item: Leftovers\n|upkeep\n|turn|6\n|\n|t:|1776322788\n|move|p1b: Basculegion|Aqua Jet|p2b: Incineroar\n|-supereffective|p2b: Incineroar|1\n|-damage|p2b: Incineroar|33/100\n|move|p1a: Chandelure|Heat Wave|p2a: Sinistcha|[spread] p2a,p2b\n|-supereffective|p2a: Sinistcha|1\n|-resisted|p2b: Incineroar|1\n|-damage|p2a: Sinistcha|49/100\n|-damage|p2b: Incineroar|16/100\n|move|p2a: Sinistcha|Matcha Gotcha|p1a: Chandelure|[spread] p1a,p1b\n|-resisted|p1a: Chandelure|1\n|-supereffective|p1b: Basculegion|1\n|-damage|p1a: Chandelure|60/100\n|-heal|p2a: Sinistcha|54/100|[from] drain|[of] p1a: Chandelure\n|-damage|p1b: Basculegion|0 fnt\n|-heal|p2a: Sinistcha|81/100|[from] drain|[of] p1b: Basculegion\n|faint|p1b: Basculegion\n|move|p2b: Incineroar|Snarl|p1a: Chandelure\n|-supereffective|p1a: Chandelure|1\n|-damage|p1a: Chandelure|19/100\n|-unboost|p1a: Chandelure|spa|1\n|\n|-heal|p2a: Sinistcha|87/100|[from] item: Leftovers\n|upkeep\n|turn|7\n|inactive|Endergeimer has 30 seconds left.\n|inactive|kdmhzyjs001 has 30 seconds left.\n|inactive|Endergeimer has 20 seconds left.\n|inactive|Endergeimer has 15 seconds left.\n|c|\u2606Endergeimer|GG...\n|inactive|Endergeimer has 10 seconds left.\n|\n|t:|1776322835\n|move|p1a: Chandelure|Protect|p1a: Chandelure\n|-singleturn|p1a: Chandelure|Protect\n|move|p2a: Sinistcha|Matcha Gotcha|p1a: Chandelure\n|-activate|p1a: Chandelure|move: Protect\n|move|p2b: Incineroar|Snarl|p1a: Chandelure\n|-activate|p1a: Chandelure|move: Protect\n|\n|-heal|p2a: Sinistcha|93/100|[from] item: Leftovers\n|upkeep\n|turn|8\n|\n|t:|1776322847\n|move|p1a: Chandelure|Shadow Ball|p2a: Sinistcha\n|-supereffective|p2a: Sinistcha|1\n|-damage|p2a: Sinistcha|42/100\n|-unboost|p2a: Sinistcha|spd|1\n|move|p2a: Sinistcha|Matcha Gotcha|p1a: Chandelure\n|-resisted|p1a: Chandelure|1\n|-damage|p1a: Chandelure|0 fnt\n|-heal|p2a: Sinistcha|49/100|[from] drain|[of] p1a: Chandelure\n|faint|p1a: Chandelure\n|\n|win|kdmhzyjs001\n|raw|Endergeimer's rating: 1049 &rarr; <strong>1032</strong><br />(-17 for losing)\n|raw|kdmhzyjs001's rating: 1066 &rarr; <strong>1095</strong><br />(+29 for winning)\n|l|\u2606kdmhzyjs001\n|player|p2|\n",
  "uploadtime": 1776322862,
  "views": 21,
  "formatid": "gen9championsvgc2026regma",
  "rating": 1032,
  "private": 0,
  "password": null
}