{
  "id": "gen9championsvgc2026regma-2583487287",
  "format": "[Gen 9 Champions] VGC 2026 Reg M-A",
  "players": [
    "fdhdfgdfgdfg",
    "hooginn"
  ],
  "log": "|j|\u2606fdhdfgdfgdfg\n|j|\u2606hooginn\n|t:|1776178776\n|gametype|doubles\n|player|p1|fdhdfgdfgdfg|101|1201\n|player|p2|hooginn|grimsley|1133\n|gen|9\n|tier|[Gen 9 Champions] VGC 2026 Reg M-A\n|rated|\n|rule|Species Clause: Limit one of each Pok\u00e9mon\n|rule|Item Clause: Limit 1 of each item\n|clearpoke\n|poke|p1|Starmie, L50|\n|poke|p1|Garchomp, L50, M|\n|poke|p1|Incineroar, L50, M|\n|poke|p1|Vivillon-Modern, L50, F|\n|poke|p1|Sneasler, L50, F|\n|poke|p1|Sinistcha, L50|\n|poke|p2|Aerodactyl, L50, M|\n|poke|p2|Kingambit, L50, F|\n|poke|p2|Sneasler, L50, M|\n|poke|p2|Rotom-Wash, L50|\n|poke|p2|Meganium, L50, F|\n|poke|p2|Garchomp, L50, M|\n|teampreview|4\n|inactive|Battle timer is ON: inactive players will automatically lose when time's up. (requested by hooginn)\n|inactive|fdhdfgdfgdfg also wants the timer to be on.\n|\n|t:|1776178801\n|teamsize|p1|4\n|teamsize|p2|4\n|start\n|switch|p1a: Vivillon|Vivillon-Modern, L50, F|100/100\n|switch|p1b: Sneasler|Sneasler, L50, F|100/100\n|switch|p2a: Kingambit|Kingambit, L50, F|100/100\n|switch|p2b: Rotom|Rotom-Wash, L50|100/100\n|turn|1\n|\n|t:|1776178823\n|move|p2a: Kingambit|Protect|p2a: Kingambit\n|-singleturn|p2a: Kingambit|Protect\n|move|p1b: Sneasler|Fake Out|p2b: Rotom\n|-damage|p2b: Rotom|86/100\n|move|p1a: Vivillon|Sleep Powder|p2a: Kingambit\n|-activate|p2a: Kingambit|move: Protect\n|cant|p2b: Rotom|flinch\n|\n|upkeep\n|turn|2\n|\n|t:|1776178834\n|switch|p2a: Meganium|Meganium, L50, F|100/100\n|move|p1b: Sneasler|Close Combat|p2a: Meganium\n|-damage|p2a: Meganium|36/100\n|-unboost|p1b: Sneasler|def|1\n|-unboost|p1b: Sneasler|spd|1\n|-enditem|p1b: Sneasler|White Herb\n|-clearnegativeboost|p1b: Sneasler|[silent]\n|move|p1a: Vivillon|Sleep Powder|p2b: Rotom\n|-status|p2b: Rotom|slp|[from] move: Sleep Powder\n|cant|p2b: Rotom|slp\n|\n|upkeep\n|turn|3\n|\n|t:|1776178852\n|move|p2a: Meganium|Protect|p2a: Meganium\n|-singleturn|p2a: Meganium|Protect\n|move|p1b: Sneasler|Close Combat|p2a: Meganium\n|-activate|p2a: Meganium|move: Protect\n|move|p1a: Vivillon|Tailwind|p1a: Vivillon\n|-sidestart|p1: fdhdfgdfgdfg|move: Tailwind\n|cant|p2b: Rotom|slp\n|\n|upkeep\n|turn|4\n|\n|t:|1776178869\n|detailschange|p2a: Meganium|Meganium-Mega, L50, F\n|-mega|p2a: Meganium|Meganium|Meganiumite\n|move|p1b: Sneasler|Close Combat|p2b: Rotom\n|-damage|p2b: Rotom|21/100 slp\n|-unboost|p1b: Sneasler|def|1\n|-unboost|p1b: Sneasler|spd|1\n|-enditem|p2b: Rotom|Sitrus Berry|[eat]\n|-heal|p2b: Rotom|45/100 slp|[from] item: Sitrus Berry\n|move|p1a: Vivillon|Pollen Puff|p2a: Meganium\n|-damage|p2a: Meganium|9/100\n|move|p2a: Meganium|Dazzling Gleam|p1a: Vivillon|[spread] p1a,p1b\n|-damage|p1a: Vivillon|44/100\n|-damage|p1b: Sneasler|31/100\n|-curestatus|p2b: Rotom|slp|[msg]\n|move|p2b: Rotom|Electroweb|p1b: Sneasler|[spread] p1a,p1b\n|-supereffective|p1a: Vivillon|1\n|-damage|p1a: Vivillon|0 fnt\n|-damage|p1b: Sneasler|0 fnt\n|faint|p1a: Vivillon\n|faint|p1b: Sneasler\n|\n|upkeep\n|\n|t:|1776178883\n|switch|p1b: Garchomp|Garchomp, L50, M|100/100\n|switch|p1a: Starmie|Starmie, L50|100/100\n|turn|5\n|inactive|hooginn has 30 seconds left.\n|inactive|hooginn has 20 seconds left.\n|inactive|hooginn has 15 seconds left.\n|\n|t:|1776178924\n|detailschange|p1a: Starmie|Starmie-Mega, L50\n|-mega|p1a: Starmie|Starmie|Starminite\n|move|p2a: Meganium|Protect|p2a: Meganium\n|-singleturn|p2a: Meganium|Protect\n|move|p1b: Garchomp|Stomping Tantrum|p2a: Meganium\n|-activate|p2a: Meganium|move: Protect\n|move|p1a: Starmie|Zen Headbutt|p2b: Rotom\n|-damage|p2b: Rotom|0 fnt\n|faint|p2b: Rotom\n|\n|upkeep\n|\n|t:|1776178934\n|switch|p2b: Sneasler|Sneasler, L50, M|100/100\n|turn|6\n|inactive|fdhdfgdfgdfg has 30 seconds left.\n|inactive|hooginn has 30 seconds left.\n|\n|t:|1776178966\n|switch|p2a: Kingambit|Kingambit, L50, F|100/100\n|move|p2b: Sneasler|Fake Out|p1a: Starmie\n|-damage|p1a: Starmie|82/100\n|move|p1b: Garchomp|Stomping Tantrum|p2a: Kingambit\n|-supereffective|p2a: Kingambit|1\n|-damage|p2a: Kingambit|40/100\n|cant|p1a: Starmie|flinch\n|\n|-sideend|p1: fdhdfgdfgdfg|move: Tailwind\n|upkeep\n|turn|7\n|\n|t:|1776178988\n|move|p1a: Starmie|Protect|p1a: Starmie\n|-singleturn|p1a: Starmie|Protect\n|move|p2a: Kingambit|Sucker Punch||[still]\n|-fail|p2a: Kingambit\n|move|p1b: Garchomp|Stomping Tantrum|p2a: Kingambit\n|-supereffective|p2a: Kingambit|1\n|-damage|p2a: Kingambit|0 fnt\n|faint|p2a: Kingambit\n|move|p2b: Sneasler|Close Combat|p1b: Garchomp\n|-damage|p1b: Garchomp|41/100\n|-unboost|p2b: Sneasler|def|1\n|-unboost|p2b: Sneasler|spd|1\n|-damage|p2b: Sneasler|88/100|[from] ability: Rough Skin|[of] p1b: Garchomp\n|-enditem|p2b: Sneasler|White Herb\n|-clearnegativeboost|p2b: Sneasler|[silent]\n|\n|upkeep\n|\n|t:|1776178995\n|switch|p2a: Meganium|Meganium-Mega, L50, F|9/100\n|turn|8\n|\n|t:|1776179002\n|move|p2a: Meganium|Protect|p2a: Meganium\n|-singleturn|p2a: Meganium|Protect\n|move|p2b: Sneasler|Close Combat|p1b: Garchomp\n|-damage|p1b: Garchomp|0 fnt\n|-unboost|p2b: Sneasler|def|1\n|-unboost|p2b: Sneasler|spd|1\n|-damage|p2b: Sneasler|76/100|[from] ability: Rough Skin|[of] p1b: Garchomp\n|faint|p1b: Garchomp\n|move|p1a: Starmie|Zen Headbutt|p2b: Sneasler\n|-supereffective|p2b: Sneasler|2\n|-damage|p2b: Sneasler|0 fnt\n|faint|p2b: Sneasler\n|\n|upkeep\n|turn|9\n|\n|t:|1776179013\n|move|p1a: Starmie|Liquidation|p2a: Meganium\n|-resisted|p2a: Meganium|1\n|-damage|p2a: Meganium|0 fnt\n|faint|p2a: Meganium\n|\n|win|fdhdfgdfgdfg\n|raw|fdhdfgdfgdfg's rating: 1201 &rarr; <strong>1221</strong><br />(+20 for winning)\n|raw|hooginn's rating: 1133 &rarr; <strong>1113</strong><br />(-20 for losing)\n|l|\u2606hooginn\n|player|p2|\n",
  "uploadtime": 1776179125,
  "views": 14,
  "formatid": "gen9championsvgc2026regma",
  "rating": 1113,
  "private": 0,
  "password": null
}