{
  "id": "gen9championsvgc2026regma-2583102098",
  "format": "[Gen 9 Champions] VGC 2026 Reg M-A",
  "players": [
    "Soupepi",
    "Swis_Chris"
  ],
  "log": "|j|\u2606Soupepi\n|j|\u2606Swis_Chris\n|t:|1776142208\n|gametype|doubles\n|player|p1|Soupepi|1|1133\n|player|p2|Swis_Chris|1|1206\n|gen|9\n|tier|[Gen 9 Champions] VGC 2026 Reg M-A\n|rated|\n|rule|Species Clause: Limit one of each Pok\u00e9mon\n|rule|Item Clause: Limit 1 of each item\n|clearpoke\n|poke|p1|Charizard, L50, M|\n|poke|p1|Venusaur, L50, F|\n|poke|p1|Garchomp, L50, M|\n|poke|p1|Sneasler, L50, M|\n|poke|p1|Incineroar, L50, F|\n|poke|p1|Basculegion, L50, M|\n|poke|p2|Chesnaught, L50, M|\n|poke|p2|Basculegion, L50, M|\n|poke|p2|Sinistcha-Masterpiece, L50|\n|poke|p2|Meowstic, L50, M|\n|poke|p2|Gyarados, L50, M|\n|teampreview|4\nSwis_Chris has agreed to open team sheets.\n|\n|t:|1776142277\n|teamsize|p1|4\n|teamsize|p2|4\n|start\n|switch|p1a: Charizard|Charizard, L50, M|100/100\n|switch|p1b: Venusaur|Venusaur, L50, F|100/100\n|switch|p2a: Chesnaught|Chesnaught, L50, M|100/100\n|switch|p2b: Meowstic|Meowstic, L50, M, shiny|100/100\n|turn|1\n|\n|t:|1776142304\n|detailschange|p1a: Charizard|Charizard-Mega-Y, L50, M\n|-mega|p1a: Charizard|Charizard|Charizardite Y\n|-weather|SunnyDay|[from] ability: Drought|[of] p1a: Charizard\n|detailschange|p2a: Chesnaught|Chesnaught-Mega, L50, M\n|-mega|p2a: Chesnaught|Chesnaught|Chesnaughtite\n|move|p2b: Meowstic|Fake Out|p1a: Charizard\n|-damage|p1a: Charizard|94/100\n|move|p1b: Venusaur|Sleep Powder|p2b: Meowstic|[miss]\n|-miss|p1b: Venusaur|p2b: Meowstic\n|cant|p1a: Charizard|flinch\n|move|p2a: Chesnaught|Iron Defense|p2a: Chesnaught\n|-boost|p2a: Chesnaught|def|2\n|\n|-weather|SunnyDay|[upkeep]\n|upkeep\n|turn|2\n|\n|t:|1776142343\n|move|p2b: Meowstic|Rain Dance|p2b: Meowstic\n|-weather|RainDance\n|move|p1a: Charizard|Heat Wave|p2b: Meowstic|[spread] p2a,p2b\n|-supereffective|p2a: Chesnaught|1\n|-damage|p2a: Chesnaught|72/100\n|-damage|p2b: Meowstic|70/100\n|move|p1b: Venusaur|Sludge Bomb|p2b: Meowstic\n|-damage|p2b: Meowstic|7/100\n|move|p2a: Chesnaught|Body Press|p1a: Charizard\n|-resisted|p1a: Charizard|1\n|-damage|p1a: Charizard|29/100\n|\n|-weather|RainDance|[upkeep]\n|upkeep\n|turn|3\n|\n|t:|1776142389\n|switch|p1a: Garchomp|Garchomp, L50, M|100/100\n|move|p1b: Venusaur|Protect|p1b: Venusaur\n|-singleturn|p1b: Venusaur|Protect\n|move|p2b: Meowstic|Psychic|p1b: Venusaur\n|-activate|p1b: Venusaur|move: Protect\n|move|p2a: Chesnaught|Body Press|p1b: Venusaur\n|-activate|p1b: Venusaur|move: Protect\n|\n|-weather|RainDance|[upkeep]\n|upkeep\n|turn|4\n|\n|t:|1776142406\n|switch|p2b: Sinistcha|Sinistcha-Masterpiece, L50|100/100\n|-heal|p2a: Chesnaught|96/100|[from] ability: Hospitality|[of] p2b: Sinistcha\n|switch|p1b: Charizard|Charizard-Mega-Y, L50, M|29/100\n|-weather|SunnyDay|[from] ability: Drought|[of] p1b: Charizard\n|move|p1a: Garchomp|Earthquake|p2a: Chesnaught|[spread] p2a,p2b\n|-immune|p1b: Charizard\n|-resisted|p2a: Chesnaught|1\n|-resisted|p2b: Sinistcha|1\n|-damage|p2a: Chesnaught|91/100\n|-damage|p2b: Sinistcha|81/100\n|move|p2a: Chesnaught|Body Press|p1a: Garchomp\n|-damage|p1a: Garchomp|9/100\n|-damage|p2a: Chesnaught|78/100|[from] ability: Rough Skin|[of] p1a: Garchomp\n|\n|-weather|SunnyDay|[upkeep]\n|upkeep\n|turn|5\n|\n|t:|1776142453\n|switch|p1a: Incineroar|Incineroar, L50, F|100/100\n|-ability|p1a: Incineroar|Intimidate|boost\n|-unboost|p2a: Chesnaught|atk|1\n|-unboost|p2b: Sinistcha|atk|1\n|move|p2a: Chesnaught|Spiky Shield|p2a: Chesnaught\n|-singleturn|p2a: Chesnaught|move: Protect\n|move|p1b: Charizard|Heat Wave|p2b: Sinistcha|[spread] p2b\n|-activate|p2a: Chesnaught|move: Protect\n|-supereffective|p2b: Sinistcha|1\n|-damage|p2b: Sinistcha|0 fnt\n|faint|p2b: Sinistcha\n|\n|-weather|SunnyDay|[upkeep]\n|upkeep\n|\n|t:|1776142487\n|switch|p2b: Basculegion|Basculegion, L50, M|100/100\n|turn|6\n|\n|t:|1776142511\n|move|p1b: Charizard|Protect|p1b: Charizard\n|-singleturn|p1b: Charizard|Protect\n|move|p2b: Basculegion|Aqua Jet|p1b: Charizard\n|-activate|p1b: Charizard|move: Protect\n|move|p1a: Incineroar|Darkest Lariat|p2b: Basculegion\n|-supereffective|p2b: Basculegion|1\n|-damage|p2b: Basculegion|0 fnt\n|faint|p2b: Basculegion\n|move|p2a: Chesnaught|Body Press|p1a: Incineroar\n|-supereffective|p1a: Incineroar|1\n|-damage|p1a: Incineroar|0 fnt\n|faint|p1a: Incineroar\n|\n|-weather|SunnyDay|[upkeep]\n|upkeep\n|\n|t:|1776142528\n|switch|p2b: Meowstic|Meowstic, L50, M, shiny|7/100\n|switch|p1a: Venusaur|Venusaur, L50, F|100/100\n|turn|7\n|\n|t:|1776142544\n|move|p1a: Venusaur|Protect|p1a: Venusaur\n|-singleturn|p1a: Venusaur|Protect\n|move|p2b: Meowstic|Fake Out|p1b: Charizard\n|-damage|p1b: Charizard|23/100\n|cant|p1b: Charizard|flinch\n|move|p2a: Chesnaught|Body Press|p1b: Charizard\n|-resisted|p1b: Charizard|1\n|-damage|p1b: Charizard|0 fnt\n|faint|p1b: Charizard\n|\n|-weather|SunnyDay|[upkeep]\n|upkeep\n|\n|t:|1776142558\n|switch|p1b: Garchomp|Garchomp, L50, M|9/100\n|turn|8\n|\n|t:|1776142575\n|move|p2b: Meowstic|Rain Dance|p2b: Meowstic\n|-weather|RainDance\n|move|p1b: Garchomp|Rock Slide|p2b: Meowstic|[spread] p2a,p2b\n|-resisted|p2a: Chesnaught|1\n|-damage|p2a: Chesnaught|75/100\n|-damage|p2b: Meowstic|0 fnt\n|faint|p2b: Meowstic\n|move|p1a: Venusaur|Sludge Bomb|p2a: Chesnaught\n|-immune|p2a: Chesnaught|[from] ability: Bulletproof\n|move|p2a: Chesnaught|Body Press|p1a: Venusaur\n|-resisted|p1a: Venusaur|1\n|-damage|p1a: Venusaur|41/100\n|\n|-weather|RainDance|[upkeep]\n|upkeep\n|turn|9\n|\n|t:|1776142603\n|move|p1b: Garchomp|Dragon Claw|p2a: Chesnaught\n|-damage|p2a: Chesnaught|63/100\n|move|p1a: Venusaur|Leaf Storm|p2a: Chesnaught\n|-resisted|p2a: Chesnaught|1\n|-damage|p2a: Chesnaught|44/100\n|-unboost|p1a: Venusaur|spa|2\n|move|p2a: Chesnaught|Body Press|p1b: Garchomp\n|-damage|p1b: Garchomp|0 fnt\n|-damage|p2a: Chesnaught|31/100|[from] ability: Rough Skin|[of] p1b: Garchomp\n|faint|p1b: Garchomp\n|\n|-weather|RainDance|[upkeep]\n|upkeep\n|turn|10\n|\n|t:|1776142626\n|move|p1a: Venusaur|Leaf Storm|p2a: Chesnaught\n|-resisted|p2a: Chesnaught|1\n|-damage|p2a: Chesnaught|22/100\n|-unboost|p1a: Venusaur|spa|2\n|move|p2a: Chesnaught|Body Press|p1a: Venusaur\n|-resisted|p1a: Venusaur|1\n|-damage|p1a: Venusaur|0 fnt\n|faint|p1a: Venusaur\n|\n|win|Swis_Chris\n|raw|Soupepi's rating: 1133 &rarr; <strong>1113</strong><br />(-20 for losing)\n|raw|Swis_Chris's rating: 1206 &rarr; <strong>1226</strong><br />(+20 for winning)\n|l|\u2606Soupepi\n|player|p1|\n",
  "uploadtime": 1776143034,
  "views": 23,
  "formatid": "gen9championsvgc2026regma",
  "rating": 1113,
  "private": 0,
  "password": null
}