{
  "id": "gen9championsvgc2026regma-2582668611",
  "format": "[Gen 9 Champions] VGC 2026 Reg M-A",
  "players": [
    "disciple of blahaj",
    "heavensfirstsin"
  ],
  "log": "|j|\u2606disciple of blahaj\n|j|\u2606heavensfirstsin\n|t:|1776106113\n|gametype|doubles\n|player|p1|disciple of blahaj|iris|1043\n|player|p2|heavensfirstsin|blue|1127\n|gen|9\n|tier|[Gen 9 Champions] VGC 2026 Reg M-A\n|rated|\n|rule|Species Clause: Limit one of each Pok\u00e9mon\n|rule|Item Clause: Limit 1 of each item\n|clearpoke\n|poke|p1|Golurk, L50|\n|poke|p1|Oranguru, L50, M|\n|poke|p1|Hatterene, L50, F|\n|poke|p1|Meowstic, L50, M|\n|poke|p1|Torkoal, L50, M|\n|poke|p1|Gourgeist-*, L50, M|\n|poke|p2|Golurk, L50|\n|poke|p2|Farigiraf, L50, F|\n|poke|p2|Tyranitar, L50, M|\n|poke|p2|Rotom-Wash, L50|\n|poke|p2|Kingambit, L50, F|\n|poke|p2|Scizor, L50, M|\n|teampreview|4\n|inactive|Battle timer is ON: inactive players will automatically lose when time's up. (requested by disciple of blahaj)\n|inactive|disciple of blahaj has 60 seconds left.\n|\n|t:|1776106167\n|teamsize|p1|4\n|teamsize|p2|4\n|start\n|switch|p1a: Golurk|Golurk, L50|100/100\n|switch|p1b: Meowstic|Meowstic, L50, M|100/100\n|switch|p2a: Tyranitar|Tyranitar, L50, M|100/100\n|switch|p2b: Scizor|Scizor, L50, M|100/100\n|-weather|Sandstorm|[from] ability: Sand Stream|[of] p2a: Tyranitar\n|turn|1\n|inactive|disciple of blahaj has 30 seconds left.\n|\n|t:|1776106192\n|detailschange|p1a: Golurk|Golurk-Mega, L50\n|-mega|p1a: Golurk|Golurk|Golurkite\n|move|p1b: Meowstic|Fake Out|p2a: Tyranitar\n|-resisted|p2a: Tyranitar|1\n|-damage|p2a: Tyranitar|99/100\n|move|p2b: Scizor|U-turn|p1b: Meowstic\n|-supereffective|p1b: Meowstic|1\n|-damage|p1b: Meowstic|26/100\n|-enditem|p1b: Meowstic|Sitrus Berry|[eat]\n|-heal|p1b: Meowstic|51/100|[from] item: Sitrus Berry\n|\n|t:|1776106202\n|switch|p2b: Golurk|Golurk, L50|100/100|[from] U-turn\n|cant|p2a: Tyranitar|flinch\n|move|p1a: Golurk|Headlong Rush|p2a: Tyranitar\n|-supereffective|p2a: Tyranitar|1\n|-damage|p2a: Tyranitar|0 fnt\n|-unboost|p1a: Golurk|def|1\n|-unboost|p1a: Golurk|spd|1\n|faint|p2a: Tyranitar\n|\n|-weather|Sandstorm|[upkeep]\n|-damage|p1b: Meowstic|45/100|[from] Sandstorm\n|upkeep\n|\n|t:|1776106215\n|switch|p2a: Scizor|Scizor, L50, M|100/100\n|turn|2\n|\n|t:|1776106236\n|detailschange|p2b: Golurk|Golurk-Mega, L50\n|-mega|p2b: Golurk|Golurk|Golurkite\n|move|p1b: Meowstic|Reflect|p1b: Meowstic\n|-sidestart|p1: disciple of blahaj|Reflect\n|move|p2a: Scizor|U-turn|p1b: Meowstic\n|-supereffective|p1b: Meowstic|1\n|-damage|p1b: Meowstic|0 fnt\n|faint|p1b: Meowstic\n|\n|t:|1776106243\n|switch|p2a: Kingambit|Kingambit, L50, F|100/100|[from] U-turn\n|move|p2b: Golurk|Poltergeist|p1a: Golurk\n|-activate|p1a: Golurk|move: Poltergeist|Golurkite\n|-supereffective|p1a: Golurk|1\n|-damage|p1a: Golurk|0 fnt\n|faint|p1a: Golurk\n|\n|-weather|Sandstorm|[upkeep]\n|upkeep\n|\n|t:|1776106252\n|switch|p1b: Oranguru|Oranguru, L50, M|100/100\n|switch|p1a: Torkoal|Torkoal, L50, M|100/100\n|-weather|SunnyDay|[from] ability: Drought|[of] p1a: Torkoal\n|turn|3\n|\n|t:|1776106268\n|move|p1a: Torkoal|Protect|p1a: Torkoal\n|-singleturn|p1a: Torkoal|Protect\n|move|p2a: Kingambit|Sucker Punch||[still]\n|-fail|p2a: Kingambit\n|move|p2b: Golurk|Poltergeist|p1a: Torkoal\n|-activate|p1a: Torkoal|move: Protect\n|move|p1b: Oranguru|Trick Room|p1b: Oranguru\n|-fieldstart|move: Trick Room|[of] p1b: Oranguru\n|\n|-weather|SunnyDay|[upkeep]\n|upkeep\n|turn|4\n|\n|t:|1776106285\n|move|p2b: Golurk|Protect|p2b: Golurk\n|-singleturn|p2b: Golurk|Protect\n|move|p2a: Kingambit|Sucker Punch|p1a: Torkoal\n|-damage|p1a: Torkoal|79/100\n|move|p1a: Torkoal|Eruption|p2a: Kingambit|[spread] p2a\n|-activate|p2b: Golurk|move: Protect\n|-supereffective|p2a: Kingambit|1\n|-enditem|p2a: Kingambit|Focus Sash\n|-damage|p2a: Kingambit|1/100\n|move|p1b: Oranguru|Instruct|p1a: Torkoal\n|-singleturn|p1a: Torkoal|move: Instruct|[of] p1b: Oranguru\n|move|p1a: Torkoal|Eruption|p2b: Golurk|[spread] p2a\n|-activate|p2b: Golurk|move: Protect\n|-supereffective|p2a: Kingambit|1\n|-damage|p2a: Kingambit|0 fnt\n|faint|p2a: Kingambit\n|\n|-weather|SunnyDay|[upkeep]\n|upkeep\n|\n|t:|1776106300\n|switch|p2a: Scizor|Scizor, L50, M|100/100\n|turn|5\n|\n|t:|1776106318\n|move|p2a: Scizor|Bullet Punch|p1a: Torkoal\n|-resisted|p1a: Torkoal|1\n|-damage|p1a: Torkoal|68/100\n|move|p1a: Torkoal|Eruption|p2a: Scizor|[spread] p2a,p2b\n|-supereffective|p2a: Scizor|2\n|-damage|p2a: Scizor|0 fnt\n|-damage|p2b: Golurk|51/100\n|faint|p2a: Scizor\n|move|p2b: Golurk|Earthquake|p1a: Torkoal|[spread] p1a,p1b\n|-supereffective|p1a: Torkoal|1\n|-damage|p1a: Torkoal|16/100\n|-damage|p1b: Oranguru|74/100\n|move|p1b: Oranguru|Instruct|p1a: Torkoal\n|-singleturn|p1a: Torkoal|move: Instruct|[of] p1b: Oranguru\n|move|p1a: Torkoal|Eruption|p2b: Golurk\n|-damage|p2b: Golurk|37/100\n|\n|-weather|SunnyDay|[upkeep]\n|upkeep\n|turn|6\n|\n|t:|1776106337\n|move|p2b: Golurk|Protect|p2b: Golurk\n|-singleturn|p2b: Golurk|Protect\n|move|p1a: Torkoal|Weather Ball|p2b: Golurk\n|-activate|p2b: Golurk|move: Protect\n|move|p1b: Oranguru|Psychic|p2b: Golurk\n|-activate|p2b: Golurk|move: Protect\n|\n|-weather|SunnyDay|[upkeep]\n|-sideend|p1: disciple of blahaj|Reflect\n|upkeep\n|turn|7\n|\n|t:|1776106349\n|move|p2b: Golurk|Protect||[still]\n|-fail|p2b: Golurk\n|move|p1a: Torkoal|Weather Ball|p2b: Golurk\n|-damage|p2b: Golurk|0 fnt\n|faint|p2b: Golurk\n|\n|win|disciple of blahaj\n|raw|disciple of blahaj's rating: 1043 &rarr; <strong>1085</strong><br />(+42 for winning)\n|raw|heavensfirstsin's rating: 1127 &rarr; <strong>1096</strong><br />(-31 for losing)\n",
  "uploadtime": 1776106360,
  "views": 11,
  "formatid": "gen9championsvgc2026regma",
  "rating": 1085,
  "private": 0,
  "password": null
}