{
  "id": "gen9championsvgc2026regma-2585109582",
  "format": "[Gen 9 Champions] VGC 2026 Reg M-A",
  "players": [
    "CMXXVI\u2606",
    "cjcj yo"
  ],
  "log": "|j|\u2606CMXXVI\u2606\n|j|\u2606cjcj yo\n|t:|1776312831\n|gametype|doubles\n|player|p1|CMXXVI\u2606|workerice|1205\n|player|p2|cjcj yo|266|1157\n|gen|9\n|tier|[Gen 9 Champions] VGC 2026 Reg M-A\n|rated|\n|rule|Species Clause: Limit one of each Pok\u00e9mon\n|rule|Item Clause: Limit 1 of each item\n|clearpoke\n|poke|p1|Mimikyu, L50, F|\n|poke|p1|Gallade, L50, M|\n|poke|p1|Incineroar, L50, M|\n|poke|p1|Altaria, L50, F|\n|poke|p1|Aggron, L50, M|\n|poke|p1|Milotic, L50, F|\n|poke|p2|Chesnaught, L50, M|\n|poke|p2|Rotom-Wash, L50|\n|poke|p2|Kingambit, L50, F|\n|poke|p2|Arcanine, L50, F|\n|poke|p2|Farigiraf, L50, M|\n|poke|p2|Sneasler, L50, M|\n|teampreview|4\n|\n|t:|1776312858\n|teamsize|p1|4\n|teamsize|p2|4\n|start\n|switch|p1a: \ud83d\udc7b|Mimikyu, L50, F|100/100\n|switch|p1b: \u2694\ufe0f|Gallade, L50, M, shiny|100/100\n|switch|p2a: Kingambit|Kingambit, L50, F|100/100\n|switch|p2b: Sneasler|Sneasler, L50, M|100/100\n|turn|1\n|\n|t:|1776312895\n|move|p1a: \ud83d\udc7b|Protect|p1a: \ud83d\udc7b\n|-singleturn|p1a: \ud83d\udc7b|Protect\n|move|p1b: \u2694\ufe0f|Protect|p1b: \u2694\ufe0f\n|-singleturn|p1b: \u2694\ufe0f|Protect\n|move|p2b: Sneasler|Fake Out|p1b: \u2694\ufe0f\n|-activate|p1b: \u2694\ufe0f|move: Protect\n|move|p2a: Kingambit|Kowtow Cleave|p1a: \ud83d\udc7b\n|-activate|p1a: \ud83d\udc7b|move: Protect\n|\n|upkeep\n|turn|2\n|\n|t:|1776312929\n|move|p2a: Kingambit|Protect|p2a: Kingambit\n|-singleturn|p2a: Kingambit|Protect\n|move|p2b: Sneasler|Dire Claw|p1a: \ud83d\udc7b\n|-activate|p1a: \ud83d\udc7b|ability: Disguise\n|-damage|p1a: \ud83d\udc7b|100/100\n|detailschange|p1a: \ud83d\udc7b|Mimikyu-Busted, L50, F\n|-damage|p1a: \ud83d\udc7b|88/100|[from] pokemon: Mimikyu-Busted\n|move|p1a: \ud83d\udc7b|Play Rough|p2b: Sneasler\n|-damage|p2b: Sneasler|30/100\n|move|p1b: \u2694\ufe0f|Sacred Sword|p2a: Kingambit\n|-activate|p2a: Kingambit|move: Protect\n|\n|upkeep\n|turn|3\n|\n|t:|1776312954\n|switch|p2a: Farigiraf|Farigiraf, L50, M|100/100\n|move|p1a: \ud83d\udc7b|Protect|p1a: \ud83d\udc7b\n|-singleturn|p1a: \ud83d\udc7b|Protect\n|move|p2b: Sneasler|Dire Claw|p1a: \ud83d\udc7b\n|-activate|p1a: \ud83d\udc7b|move: Protect\n|move|p1b: \u2694\ufe0f|Sacred Sword|p2a: Farigiraf\n|-damage|p2a: Farigiraf|40/100\n|\n|upkeep\n|turn|4\n|\n|t:|1776312973\n|switch|p1a: \ud83d\udd25|Incineroar, L50, M|100/100\n|-ability|p1a: \ud83d\udd25|Intimidate|boost\n|-unboost|p2a: Farigiraf|atk|1\n|-unboost|p2b: Sneasler|atk|1\n|-enditem|p2b: Sneasler|White Herb\n|-clearnegativeboost|p2b: Sneasler|[silent]\n|move|p2b: Sneasler|Dire Claw|p1b: \u2694\ufe0f\n|-damage|p1b: \u2694\ufe0f|39/100\n|move|p1b: \u2694\ufe0f|Psycho Cut|p2b: Sneasler\n|-supereffective|p2b: Sneasler|2\n|-damage|p2b: Sneasler|0 fnt\n|faint|p2b: Sneasler\n|move|p2a: Farigiraf|Twin Beam|p1b: \u2694\ufe0f\n|-damage|p1b: \u2694\ufe0f|25/100\n|-damage|p1b: \u2694\ufe0f|11/100\n|-hitcount|p1b: \u2694\ufe0f|2\n|\n|upkeep\n|\n|t:|1776312989\n|switch|p2b: Chesnaught|Chesnaught, L50, M|100/100\n|turn|5\n|\n|t:|1776313026\n|detailschange|p2b: Chesnaught|Chesnaught-Mega, L50, M\n|-mega|p2b: Chesnaught|Chesnaught|Chesnaughtite\n|move|p1a: \ud83d\udd25|Protect|p1a: \ud83d\udd25\n|-singleturn|p1a: \ud83d\udd25|Protect\n|move|p2b: Chesnaught|Spiky Shield|p2b: Chesnaught\n|-singleturn|p2b: Chesnaught|move: Protect\n|move|p1b: \u2694\ufe0f|Psycho Cut|p2b: Chesnaught\n|-activate|p2b: Chesnaught|move: Protect\n|move|p2a: Farigiraf|Hyper Voice|p1b: \u2694\ufe0f|[spread] p1b\n|-activate|p1a: \ud83d\udd25|move: Protect\n|-damage|p1b: \u2694\ufe0f|0 fnt\n|faint|p1b: \u2694\ufe0f\n|\n|upkeep\n|\n|t:|1776313055\n|switch|p1b: \u2601\ufe0f|Altaria, L50, F|100/100\n|-ability|p1b: \u2601\ufe0f|Cloud Nine\n|turn|6\n|\n|t:|1776313094\n|switch|p1a: \ud83d\udc7b|Mimikyu-Busted, L50, F|88/100\n|move|p1b: \u2601\ufe0f|Ice Beam|p2b: Chesnaught\n|-supereffective|p2b: Chesnaught|1\n|-damage|p2b: Chesnaught|74/100\n|move|p2b: Chesnaught|Leech Seed|p1b: \u2601\ufe0f\n|-start|p1b: \u2601\ufe0f|move: Leech Seed\n|move|p2a: Farigiraf|Trick Room|p2a: Farigiraf\n|-fieldstart|move: Trick Room|[of] p2a: Farigiraf\n|\n|-damage|p1b: \u2601\ufe0f|88/100|[from] Leech Seed|[of] p2b: Chesnaught\n|-heal|p2b: Chesnaught|85/100|[silent]\n|upkeep\n|turn|7\n|\n|t:|1776313119\n|switch|p2a: Kingambit|Kingambit, L50, F|100/100\n|move|p2b: Chesnaught|Iron Defense|p2b: Chesnaught\n|-boost|p2b: Chesnaught|def|2\n|move|p1b: \u2601\ufe0f|Will-O-Wisp|p2b: Chesnaught|[miss]\n|-miss|p1b: \u2601\ufe0f|p2b: Chesnaught\n|move|p1a: \ud83d\udc7b|Play Rough|p2b: Chesnaught\n|-supereffective|p2b: Chesnaught|1\n|-damage|p2b: Chesnaught|63/100\n|-unboost|p2b: Chesnaught|atk|1\n|\n|-damage|p1b: \u2601\ufe0f|76/100|[from] Leech Seed|[of] p2b: Chesnaught\n|-heal|p2b: Chesnaught|74/100|[silent]\n|upkeep\n|turn|8\n|\n|t:|1776313138\n|move|p1a: \ud83d\udc7b|Protect|p1a: \ud83d\udc7b\n|-singleturn|p1a: \ud83d\udc7b|Protect\n|move|p2b: Chesnaught|Body Press|p1b: \u2601\ufe0f\n|-resisted|p1b: \u2601\ufe0f|1\n|-damage|p1b: \u2601\ufe0f|40/100\n|move|p2a: Kingambit|Kowtow Cleave|p1b: \u2601\ufe0f\n|-damage|p1b: \u2601\ufe0f|2/100\n|move|p1b: \u2601\ufe0f|Will-O-Wisp|p2a: Kingambit\n|-status|p2a: Kingambit|brn\n|\n|-damage|p1b: \u2601\ufe0f|0 fnt|[from] Leech Seed|[of] p2b: Chesnaught\n|-heal|p2b: Chesnaught|75/100|[silent]\n|faint|p1b: \u2601\ufe0f\n|-damage|p2a: Kingambit|95/100 brn|[from] brn\n|upkeep\n|\n|t:|1776313155\n|switch|p1b: \ud83d\udd25|Incineroar, L50, M|100/100\n|-ability|p1b: \ud83d\udd25|Intimidate|boost\n|-unboost|p2a: Kingambit|atk|1\n|-ability|p2a: Kingambit|Defiant|boost\n|-boost|p2a: Kingambit|atk|2\n|-unboost|p2b: Chesnaught|atk|1\n|turn|9\n|\n|t:|1776313186\n|move|p1b: \ud83d\udd25|Fake Out|p2b: Chesnaught\n|-damage|p2b: Chesnaught|72/100\n|cant|p2b: Chesnaught|flinch\n|move|p2a: Kingambit|Swords Dance|p2a: Kingambit\n|-boost|p2a: Kingambit|atk|2\n|move|p1a: \ud83d\udc7b|Play Rough|p2a: Kingambit\n|-damage|p2a: Kingambit|65/100 brn\n|\n|-damage|p2a: Kingambit|59/100 brn|[from] brn\n|upkeep\n|turn|10\n|\n|t:|1776313207\n|move|p1b: \ud83d\udd25|Protect|p1b: \ud83d\udd25\n|-singleturn|p1b: \ud83d\udd25|Protect\n|move|p1a: \ud83d\udc7b|Protect|p1a: \ud83d\udc7b\n|-singleturn|p1a: \ud83d\udc7b|Protect\n|move|p2b: Chesnaught|Iron Defense|p2b: Chesnaught\n|-boost|p2b: Chesnaught|def|2\n|move|p2a: Kingambit|Kowtow Cleave|p1a: \ud83d\udc7b\n|-activate|p1a: \ud83d\udc7b|move: Protect\n|\n|-damage|p2a: Kingambit|54/100 brn|[from] brn\n|-fieldend|move: Trick Room\n|upkeep\n|turn|11\n|\n|t:|1776313257\n|move|p2a: Kingambit|Sucker Punch|p1a: \ud83d\udc7b\n|-damage|p1a: \ud83d\udc7b|23/100\n|move|p1a: \ud83d\udc7b|Play Rough|p2b: Chesnaught\n|-supereffective|p2b: Chesnaught|1\n|-damage|p2b: Chesnaught|56/100\n|move|p1b: \ud83d\udd25|Throat Chop|p2b: Chesnaught\n|-resisted|p2b: Chesnaught|1\n|-damage|p2b: Chesnaught|53/100\n|-start|p2b: Chesnaught|Throat Chop|[silent]\n|move|p2b: Chesnaught|Body Press|p1b: \ud83d\udd25\n|-supereffective|p1b: \ud83d\udd25|1\n|-damage|p1b: \ud83d\udd25|0 fnt\n|faint|p1b: \ud83d\udd25\n|\n|-damage|p2a: Kingambit|48/100 brn|[from] brn\n|upkeep\n|turn|12\n|-message|CMXXVI\u2606 forfeited.\n|\n|win|cjcj yo\n|raw|CMXXVI\u2606's rating: 1205 &rarr; <strong>1177</strong><br />(-28 for losing)\n|raw|cjcj yo's rating: 1157 &rarr; <strong>1185</strong><br />(+28 for winning)\n|l|\u2606CMXXVI\u2606\n|player|p1|\n",
  "uploadtime": 1776313275,
  "views": 19,
  "formatid": "gen9championsvgc2026regma",
  "rating": 1177,
  "private": 0,
  "password": null
}