{
  "id": "gen9championsvgc2026regma-2586808744",
  "format": "[Gen 9 Champions] VGC 2026 Reg M-A",
  "players": [
    "snakeeyesninja2",
    "Sevaunn"
  ],
  "log": "|j|\u2606snakeeyesninja2\n|j|\u2606Sevaunn\n|t:|1776461632\n|gametype|doubles\n|player|p1|snakeeyesninja2|2|1293\n|player|p2|Sevaunn|hilbert|1365\n|gen|9\n|tier|[Gen 9 Champions] VGC 2026 Reg M-A\n|rated|\n|rule|Species Clause: Limit one of each Pok\u00e9mon\n|rule|Item Clause: Limit 1 of each item\n|clearpoke\n|poke|p1|Lopunny, L50, F|\n|poke|p1|Basculegion, L50, M|\n|poke|p1|Pelipper, L50, F|\n|poke|p1|Archaludon, L50, F|\n|poke|p1|Sinistcha, L50|\n|poke|p1|Incineroar, L50, F|\n|poke|p2|Excadrill, L50, M|\n|poke|p2|Tyranitar, L50, M|\n|poke|p2|Dragonite, L50, M|\n|poke|p2|Rotom-Wash, L50|\n|poke|p2|Sinistcha, L50|\n|poke|p2|Scizor, L50, M|\n|teampreview|4\n|inactive|Battle timer is ON: inactive players will automatically lose when time's up. (requested by snakeeyesninja2)\n|\n|t:|1776461651\n|teamsize|p1|4\n|teamsize|p2|4\n|start\n|switch|p1a: Courrier|Pelipper, L50, F|100/100\n|switch|p1b: Bastion|Archaludon, L50, F|100/100\n|switch|p2a: SCIZ KHALIFA|Scizor, L50, M, shiny|100/100\n|switch|p2b: JOHN GOTTI|Rotom-Wash, L50, shiny|100/100\n|-weather|RainDance|[from] ability: Drizzle|[of] p1a: Courrier\n|turn|1\n|j| inakunana\n|\n|t:|1776461665\n|switch|p2b: SANDASAURUS|Tyranitar, L50, M|100/100\n|-weather|Sandstorm|[from] ability: Sand Stream|[of] p2b: SANDASAURUS\n|move|p1b: Bastion|Electro Shot||[still]\n|-prepare|p1b: Bastion|Electro Shot\n|-boost|p1b: Bastion|spa|1\n|move|p1a: Courrier|Tailwind|p1a: Courrier\n|-sidestart|p1: snakeeyesninja2|move: Tailwind\n|move|p2a: SCIZ KHALIFA|Swords Dance|p2a: SCIZ KHALIFA\n|-boost|p2a: SCIZ KHALIFA|atk|2\n|\n|-weather|Sandstorm|[upkeep]\n|-damage|p1a: Courrier|95/100|[from] Sandstorm\n|upkeep\n|turn|2\n|\n|t:|1776461688\n|switch|p1a: Chevalier|Basculegion, L50, M|100/100\n|switch|p2b: Sinistcha|Sinistcha, L50, shiny|100/100\n|move|p2a: SCIZ KHALIFA|Protect|p2a: SCIZ KHALIFA\n|-singleturn|p2a: SCIZ KHALIFA|Protect\n|move|p1b: Bastion|Electro Shot|p2a: SCIZ KHALIFA|[from] lockedmove\n|-activate|p2a: SCIZ KHALIFA|move: Protect\n|\n|-weather|Sandstorm|[upkeep]\n|-damage|p1a: Chevalier|94/100|[from] Sandstorm\n|-damage|p2b: Sinistcha|94/100|[from] Sandstorm\n|upkeep\n|turn|3\n|\n|t:|1776461707\n|switch|p1a: Courrier|Pelipper, L50, F|95/100\n|-weather|RainDance|[from] ability: Drizzle|[of] p1a: Courrier\n|move|p2b: Sinistcha|Rage Powder|p2b: Sinistcha\n|-singleturn|p2b: Sinistcha|move: Rage Powder\n|move|p1b: Bastion|Flash Cannon|p2b: Sinistcha\n|-damage|p2b: Sinistcha|25/100\n|-enditem|p2b: Sinistcha|Sitrus Berry|[eat]\n|-heal|p2b: Sinistcha|50/100|[from] item: Sitrus Berry\n|move|p2a: SCIZ KHALIFA|Close Combat|p1b: Bastion\n|-supereffective|p1b: Bastion|1\n|-ability|p1b: Bastion|Sturdy\n|-damage|p1b: Bastion|1/100\n|-unboost|p2a: SCIZ KHALIFA|def|1\n|-unboost|p2a: SCIZ KHALIFA|spd|1\n|\n|-weather|RainDance|[upkeep]\n|upkeep\n|turn|4\n|\n|t:|1776461722\n|move|p1b: Bastion|Protect|p1b: Bastion\n|-singleturn|p1b: Bastion|Protect\n|move|p2b: Sinistcha|Protect|p2b: Sinistcha\n|-singleturn|p2b: Sinistcha|Protect\n|move|p2a: SCIZ KHALIFA|Protect|p2a: SCIZ KHALIFA\n|-singleturn|p2a: SCIZ KHALIFA|Protect\n|move|p1a: Courrier|Hurricane|p2b: Sinistcha\n|-activate|p2b: Sinistcha|move: Protect\n|\n|-weather|RainDance|[upkeep]\n|-sideend|p1: snakeeyesninja2|move: Tailwind\n|upkeep\n|turn|5\n|\n|t:|1776461743\n|switch|p1a: Empress|Lopunny, L50, F|100/100\n|switch|p2b: SANDASAURUS|Tyranitar, L50, M|100/100\n|-weather|Sandstorm|[from] ability: Sand Stream|[of] p2b: SANDASAURUS\n|move|p2a: SCIZ KHALIFA|Bullet Punch|p1b: Bastion\n|-resisted|p1b: Bastion|1\n|-damage|p1b: Bastion|0 fnt\n|faint|p1b: Bastion\n|\n|-weather|Sandstorm|[upkeep]\n|-damage|p1a: Empress|95/100|[from] Sandstorm\n|upkeep\n|\n|t:|1776461749\n|switch|p1b: Courrier|Pelipper, L50, F|95/100\n|-weather|RainDance|[from] ability: Drizzle|[of] p1b: Courrier\n|turn|6\n|\n|t:|1776461768\n|detailschange|p1a: Empress|Lopunny-Mega, L50, F\n|-mega|p1a: Empress|Lopunny|Lopunnite\n|detailschange|p2b: SANDASAURUS|Tyranitar-Mega, L50, M\n|-mega|p2b: SANDASAURUS|Tyranitar|Tyranitarite\n|-weather|Sandstorm|[from] ability: Sand Stream|[of] p2b: SANDASAURUS\n|move|p2a: SCIZ KHALIFA|Bullet Punch|p1a: Empress\n|-damage|p1a: Empress|0 fnt\n|faint|p1a: Empress\n|move|p1b: Courrier|Weather Ball|p2a: SCIZ KHALIFA\n|-damage|p2a: SCIZ KHALIFA|44/100\n|move|p2b: SANDASAURUS|Knock Off|p1b: Courrier\n|-damage|p1b: Courrier|18/100\n|-enditem|p1b: Courrier|Focus Sash|[from] move: Knock Off|[of] p2b: SANDASAURUS\n|\n|-weather|Sandstorm|[upkeep]\n|-damage|p1b: Courrier|12/100|[from] Sandstorm\n|upkeep\n|\n|t:|1776461776\n|switch|p1a: Chevalier|Basculegion, L50, M|94/100\n|turn|7\n|\n|t:|1776461790\n|move|p2b: SANDASAURUS|Protect|p2b: SANDASAURUS\n|-singleturn|p2b: SANDASAURUS|Protect\n|move|p2a: SCIZ KHALIFA|Bullet Punch|p1b: Courrier\n|-resisted|p1b: Courrier|1\n|-damage|p1b: Courrier|0 fnt\n|faint|p1b: Courrier\n|move|p1a: Chevalier|Wave Crash|p2b: SANDASAURUS\n|-activate|p2b: SANDASAURUS|move: Protect\n|\n|-weather|Sandstorm|[upkeep]\n|-damage|p1a: Chevalier|88/100|[from] Sandstorm\n|upkeep\n|turn|8\n|-message|snakeeyesninja2 forfeited.\n|\n|win|Sevaunn\n|raw|snakeeyesninja2's rating: 1293 &rarr; <strong>1273</strong><br />(-20 for losing)\n|raw|Sevaunn's rating: 1365 &rarr; <strong>1381</strong><br />(+16 for winning)\n|l|\u2606snakeeyesninja2\n|player|p1|\n",
  "uploadtime": 1776461797,
  "views": 46,
  "formatid": "gen9championsvgc2026regma",
  "rating": 1273,
  "private": 0,
  "password": null
}