{
  "id": "gen9championsvgc2026regma-2588277947",
  "format": "[Gen 9 Champions] VGC 2026 Reg M-A",
  "players": [
    "VivaPardini",
    "elektriktoad"
  ],
  "log": "|j|\u2606VivaPardini\n|j|\u2606elektriktoad\n|t:|1776620379\n|gametype|doubles\n|player|p1|VivaPardini|2|1290\n|player|p2|elektriktoad|janine|1396\n|gen|9\n|tier|[Gen 9 Champions] VGC 2026 Reg M-A\n|rated|\n|rule|Species Clause: Limit one of each Pok\u00e9mon\n|rule|Item Clause: Limit 1 of each item\n|clearpoke\n|poke|p1|Politoed, L50, F|\n|poke|p1|Meganium, L50, F|\n|poke|p1|Archaludon, L50, F|\n|poke|p1|Arcanine-Hisui, L50, F|\n|poke|p1|Sneasler, L50, F|\n|poke|p1|Farigiraf, L50, F|\n|poke|p2|Meowstic, L50, M|\n|poke|p2|Alakazam, L50, M|\n|poke|p2|Hatterene, L50, F|\n|poke|p2|Tyranitar, L50, M|\n|poke|p2|Kingambit, L50, M|\n|poke|p2|Liepard, L50, M|\n|teampreview|4\n|\n|t:|1776620412\n|teamsize|p1|4\n|teamsize|p2|4\n|start\n|switch|p1a: Farigiraf|Farigiraf, L50, F|100/100\n|switch|p1b: Arcanine|Arcanine-Hisui, L50, F|100/100\n|switch|p2a: Meowstic|Meowstic, L50, M|100/100\n|switch|p2b: Alakazam|Alakazam, L50, M|100/100\n|-ability|p1b: Arcanine|Intimidate|boost\n|-unboost|p2a: Meowstic|atk|1\n|-fail|p2b: Alakazam|unboost|Attack|[from] ability: Inner Focus|[of] p2b: Alakazam\n|turn|1\n|\n|t:|1776620450\n|switch|p2b: Kingambit|Kingambit, L50, M|100/100\n|move|p1b: Arcanine|Crunch|p2b: Kingambit\n|-resisted|p2b: Kingambit|1\n|-damage|p2b: Kingambit|90/100\n|move|p2a: Meowstic|Expanding Force|p1b: Arcanine\n|-damage|p1b: Arcanine|63/100\n|move|p1a: Farigiraf|Trick Room|p1a: Farigiraf\n|-fieldstart|move: Trick Room|[of] p1a: Farigiraf\n|\n|upkeep\n|turn|2\n|\n|t:|1776620485\n|switch|p1b: Politoed|Politoed, L50, F|100/100\n|-weather|RainDance|[from] ability: Drizzle|[of] p1b: Politoed\n|move|p2a: Meowstic|Psychic Terrain|p2a: Meowstic\n|-fieldstart|move: Psychic Terrain\n|move|p2b: Kingambit|Kowtow Cleave|p1a: Farigiraf\n|-supereffective|p1a: Farigiraf|1\n|-damage|p1a: Farigiraf|7/100\n|move|p1a: Farigiraf|Hyper Voice|p2a: Meowstic|[spread] p2a,p2b\n|-resisted|p2b: Kingambit|1\n|-damage|p2a: Meowstic|64/100\n|-damage|p2b: Kingambit|76/100\n|\n|-weather|RainDance|[upkeep]\n|upkeep\n|turn|3\n|\n|t:|1776620539\n|switch|p2a: Tyranitar|Tyranitar, L50, M|100/100\n|-weather|Sandstorm|[from] ability: Sand Stream|[of] p2a: Tyranitar\n|move|p1a: Farigiraf|Protect|p1a: Farigiraf\n|-singleturn|p1a: Farigiraf|Protect\n|move|p2b: Kingambit|Brick Break|p1a: Farigiraf\n|-activate|p1a: Farigiraf|move: Protect\n|move|p1b: Politoed|Muddy Water|p2b: Kingambit|[spread] p2a,p2b\n|-supereffective|p2a: Tyranitar|1\n|-damage|p2a: Tyranitar|68/100\n|-damage|p2b: Kingambit|51/100\n|\n|-weather|Sandstorm|[upkeep]\n|-damage|p1a: Farigiraf|1/100|[from] Sandstorm\n|-damage|p1b: Politoed|95/100|[from] Sandstorm\n|upkeep\n|turn|4\n|\n|t:|1776620573\n|switch|p1a: Meganium|Meganium, L50, F|100/100\n|switch|p1b: Arcanine|Arcanine-Hisui, L50, F|63/100\n|-ability|p1b: Arcanine|Intimidate|boost\n|-unboost|p2a: Tyranitar|atk|1\n|-unboost|p2b: Kingambit|atk|1\n|-ability|p2b: Kingambit|Defiant|boost\n|-boost|p2b: Kingambit|atk|2\n|move|p2b: Kingambit|Kowtow Cleave|p1b: Arcanine\n|-damage|p1b: Arcanine|0 fnt\n|faint|p1b: Arcanine\n|move|p2a: Tyranitar|Rock Slide|p1a: Meganium\n|-damage|p1a: Meganium|70/100\n|\n|-weather|Sandstorm|[upkeep]\n|-damage|p1a: Meganium|64/100|[from] Sandstorm\n|upkeep\n|\n|t:|1776620591\n|switch|p1b: Politoed|Politoed, L50, F|95/100\n|-weather|RainDance|[from] ability: Drizzle|[of] p1b: Politoed\n|turn|5\n|\n|t:|1776620622\n|switch|p2a: Alakazam|Alakazam, L50, M|100/100\n|detailschange|p1a: Meganium|Meganium-Mega, L50, F\n|-mega|p1a: Meganium|Meganium|Meganiumite\n|move|p1a: Meganium|Protect|p1a: Meganium\n|-singleturn|p1a: Meganium|Protect\n|move|p2b: Kingambit|Kowtow Cleave|p1b: Politoed\n|-damage|p1b: Politoed|14/100\n|-enditem|p1b: Politoed|Sitrus Berry|[eat]\n|-heal|p1b: Politoed|39/100|[from] item: Sitrus Berry\n|move|p1b: Politoed|Muddy Water|p2a: Alakazam|[spread] p2a,p2b\n|-damage|p2a: Alakazam|40/100\n|-damage|p2b: Kingambit|12/100\n|\n|-weather|RainDance|[upkeep]\n|-fieldend|move: Trick Room\n|upkeep\n|turn|6\n|\n|t:|1776620652\n|switch|p1b: Farigiraf|Farigiraf, L50, F|1/100\n|switch|p2b: Tyranitar|Tyranitar, L50, M|68/100\n|-weather|Sandstorm|[from] ability: Sand Stream|[of] p2b: Tyranitar\n|detailschange|p2a: Alakazam|Alakazam-Mega, L50, M\n|-mega|p2a: Alakazam|Alakazam|Alakazite\n|-ability|p2a: Alakazam|Armor Tail|Trace|[from] ability: Trace|[of] p1b: Farigiraf\n|move|p2a: Alakazam|Expanding Force|p1a: Meganium|[spread] p1a,p1b\n|-resisted|p1b: Farigiraf|1\n|-damage|p1a: Meganium|0 fnt\n|-damage|p1b: Farigiraf|0 fnt\n|faint|p1a: Meganium\n|faint|p1b: Farigiraf\n|\n|-weather|Sandstorm|[upkeep]\n|-damage|p2a: Alakazam|34/100|[from] Sandstorm\n|-fieldend|move: Psychic Terrain\n|upkeep\n|\n|t:|1776620669\n|switch|p1b: Politoed|Politoed, L50, F|39/100\n|-weather|RainDance|[from] ability: Drizzle|[of] p1b: Politoed\n|turn|7\n|\n|t:|1776620675\n|move|p2a: Alakazam|Expanding Force|p1b: Politoed\n|-damage|p1b: Politoed|0 fnt\n|faint|p1b: Politoed\n|\n|win|elektriktoad\n|raw|VivaPardini's rating: 1290 &rarr; <strong>1272</strong><br />(-18 for losing)\n|raw|elektriktoad's rating: 1396 &rarr; <strong>1410</strong><br />(+14 for winning)\n|l|\u2606VivaPardini\n|player|p1|\n",
  "uploadtime": 1776620685,
  "views": 13,
  "formatid": "gen9championsvgc2026regma",
  "rating": 1272,
  "private": 0,
  "password": null
}