{
  "id": "gen9championsvgc2026regma-2580864541",
  "format": "[Gen 9 Champions] VGC 2026 Reg M-A",
  "players": [
    "Ikiu",
    "bwahacough"
  ],
  "log": "|j|\u2606Ikiu\n|j|\u2606bwahacough\n|t:|1775938785\n|gametype|doubles\n|player|p1|Ikiu|n|1334\n|player|p2|bwahacough|102|1405\n|gen|9\n|tier|[Gen 9 Champions] VGC 2026 Reg M-A\n|rated|\n|rule|Species Clause: Limit one of each Pok\u00e9mon\n|rule|Item Clause: Limit 1 of each item\n|clearpoke\n|poke|p1|Kangaskhan, L50, F|\n|poke|p1|Aegislash, L50, F|\n|poke|p1|Aerodactyl, L50, F|\n|poke|p1|Sinistcha, L50|\n|poke|p1|Hydreigon, L50, F|\n|poke|p1|Palafin, L50, M|\n|poke|p2|Lycanroc, L50, F|\n|poke|p2|Tyranitar, L50, M|\n|poke|p2|Farigiraf, L50, F|\n|poke|p2|Meganium, L50, F|\n|poke|p2|Garchomp, L50, M|\n|poke|p2|Whimsicott, L50, F|\n|teampreview|4\n|\n|t:|1775938809\n|teamsize|p1|4\n|teamsize|p2|4\n|start\n|switch|p1a: Kangaskhan|Kangaskhan, L50, F|100/100\n|switch|p1b: Palafin|Palafin, L50, M|100/100\n|switch|p2a: Lycanroc|Lycanroc, L50, F|100/100\n|switch|p2b: Tyranitar|Tyranitar, L50, M|100/100\n|-weather|Sandstorm|[from] ability: Sand Stream|[of] p2b: Tyranitar\n|turn|1\n|\n|t:|1775938822\n|detailschange|p1b: Palafin|Palafin-Hero, L50, M\n|switch|p1b: Aegislash|Aegislash, L50, F, shiny|100/100\n|detailschange|p1a: Kangaskhan|Kangaskhan-Mega, L50, F\n|-mega|p1a: Kangaskhan|Kangaskhan|Kangaskhanite\n|move|p2a: Lycanroc|Protect|p2a: Lycanroc\n|-singleturn|p2a: Lycanroc|Protect\n|move|p2b: Tyranitar|Protect|p2b: Tyranitar\n|-singleturn|p2b: Tyranitar|Protect\n|move|p1a: Kangaskhan|Drain Punch|p2b: Tyranitar\n|-activate|p2b: Tyranitar|move: Protect\n|\n|-weather|Sandstorm|[upkeep]\n|-damage|p1a: Kangaskhan|95/100|[from] Sandstorm\n|upkeep\n|turn|2\n|\n|t:|1775938838\n|move|p1b: Aegislash|King's Shield|p1b: Aegislash\n|-singleturn|p1b: Aegislash|Protect\n|move|p2a: Lycanroc|Close Combat|p1a: Kangaskhan\n|-supereffective|p1a: Kangaskhan|1\n|-damage|p1a: Kangaskhan|24/100\n|-unboost|p2a: Lycanroc|def|1\n|-unboost|p2a: Lycanroc|spd|1\n|move|p1a: Kangaskhan|Drain Punch|p2a: Lycanroc\n|-supereffective|p2a: Lycanroc|1\n|-enditem|p2a: Lycanroc|Focus Sash\n|-damage|p2a: Lycanroc|1/100\n|-heal|p1a: Kangaskhan|61/100|[from] drain|[of] p2a: Lycanroc\n|-supereffective|p2a: Lycanroc|1\n|-crit|p2a: Lycanroc\n|-damage|p2a: Lycanroc|0 fnt\n|-heal|p1a: Kangaskhan|61/100|[from] drain|[of] p2a: Lycanroc\n|faint|p2a: Lycanroc\n|-hitcount|p2: Lycanroc|2\n|move|p2b: Tyranitar|Knock Off|p1b: Aegislash\n|-activate|p1b: Aegislash|move: Protect\n|-unboost|p2b: Tyranitar|atk|1\n|\n|-weather|Sandstorm|[upkeep]\n|-damage|p1a: Kangaskhan|55/100|[from] Sandstorm\n|upkeep\n|\n|t:|1775938842\n|switch|p2a: Farigiraf|Farigiraf, L50, F, shiny|100/100\n|turn|3\n|\n|t:|1775938859\n|switch|p1b: Sinistcha|Sinistcha, L50|100/100\n|-heal|p1a: Kangaskhan|80/100|[from] ability: Hospitality|[of] p1b: Sinistcha\n|move|p1a: Kangaskhan|Double-Edge|p2a: Farigiraf\n|-damage|p2a: Farigiraf|50/100\n|-enditem|p2a: Farigiraf|Sitrus Berry|[eat]\n|-heal|p2a: Farigiraf|75/100|[from] item: Sitrus Berry\n|-damage|p2a: Farigiraf|62/100\n|-hitcount|p2a: Farigiraf|2\n|-damage|p1a: Kangaskhan|58/100|[from] Recoil\n|move|p2b: Tyranitar|Knock Off|p1b: Sinistcha\n|-supereffective|p1b: Sinistcha|1\n|-damage|p1b: Sinistcha|36/100\n|-enditem|p1b: Sinistcha|Sitrus Berry|[from] move: Knock Off|[of] p2b: Tyranitar\n|move|p2a: Farigiraf|Trick Room|p2a: Farigiraf\n|-fieldstart|move: Trick Room|[of] p2a: Farigiraf\n|\n|-weather|Sandstorm|[upkeep]\n|-damage|p2a: Farigiraf|56/100|[from] Sandstorm\n|-damage|p1b: Sinistcha|30/100|[from] Sandstorm\n|-damage|p1a: Kangaskhan|52/100|[from] Sandstorm\n|upkeep\n|turn|4\n|j| Mega Delibird X\n|\n|t:|1775938890\n|move|p1b: Sinistcha|Rage Powder|p1b: Sinistcha\n|-singleturn|p1b: Sinistcha|move: Rage Powder\n|move|p2a: Farigiraf|Psychic|p1b: Sinistcha\n|-damage|p1b: Sinistcha|0 fnt\n|faint|p1b: Sinistcha\n|move|p2b: Tyranitar|Rock Slide|p1a: Kangaskhan\n|-damage|p1a: Kangaskhan|26/100\n|move|p1a: Kangaskhan|Drain Punch|p2b: Tyranitar\n|-supereffective|p2b: Tyranitar|2\n|-enditem|p2b: Tyranitar|Chople Berry|[eat]\n|-enditem|p2b: Tyranitar|Chople Berry|[weaken]\n|-damage|p2b: Tyranitar|61/100\n|-heal|p1a: Kangaskhan|46/100|[from] drain|[of] p2b: Tyranitar\n|-supereffective|p2b: Tyranitar|2\n|-damage|p2b: Tyranitar|42/100\n|-heal|p1a: Kangaskhan|56/100|[from] drain|[of] p2b: Tyranitar\n|-hitcount|p2b: Tyranitar|2\n|\n|-weather|Sandstorm|[upkeep]\n|-damage|p2a: Farigiraf|50/100|[from] Sandstorm\n|-damage|p1a: Kangaskhan|50/100|[from] Sandstorm\n|upkeep\n|\n|t:|1775938901\n|switch|p1b: Aegislash|Aegislash, L50, F, shiny|100/100\n|turn|5\n|\n|t:|1775938919\n|switch|p2b: Meganium|Meganium, L50, F, shiny|100/100\n|switch|p1a: Palafin|Palafin-Hero, L50, M|100/100\n|-activate|p1a: Palafin|ability: Zero to Hero\n|-formechange|p1b: Aegislash|Aegislash-Blade|\n|move|p1b: Aegislash|Sacred Sword|p2b: Meganium\n|-damage|p2b: Meganium|75/100\n|move|p2a: Farigiraf|Psychic|p1a: Palafin\n|-damage|p1a: Palafin|67/100\n|\n|-weather|none\n|upkeep\n|turn|6\n|\n|t:|1775938938\n|detailschange|p2b: Meganium|Meganium-Mega, L50, F, shiny\n|-mega|p2b: Meganium|Meganium|Meganiumite\n|move|p1a: Palafin|Protect|p1a: Palafin\n|-singleturn|p1a: Palafin|Protect\n|move|p1b: Aegislash|Steel Beam|p2a: Farigiraf\n|-damage|p2a: Farigiraf|0 fnt\n|-damage|p1b: Aegislash|50/100|[from] steelbeam\n|faint|p2a: Farigiraf\n|move|p2b: Meganium|Weather Ball|p1b: Aegislash\n|-supereffective|p1b: Aegislash|1\n|-damage|p1b: Aegislash|0 fnt\n|faint|p1b: Aegislash\n|\n|upkeep\n|\n|t:|1775938945\n|switch|p1b: Kangaskhan|Kangaskhan-Mega, L50, F|50/100\n|switch|p2a: Tyranitar|Tyranitar, L50, M|42/100\n|-weather|Sandstorm|[from] ability: Sand Stream|[of] p2a: Tyranitar\n|turn|7\n|\n|t:|1775938955\n|move|p1b: Kangaskhan|Fake Out|p2b: Meganium\n|-damage|p2b: Meganium|58/100\n|-damage|p2b: Meganium|54/100\n|-hitcount|p2b: Meganium|2\n|move|p1a: Palafin|Jet Punch|p2a: Tyranitar\n|-supereffective|p2a: Tyranitar|1\n|-damage|p2a: Tyranitar|0 fnt\n|faint|p2a: Tyranitar\n|cant|p2b: Meganium|flinch\n|\n|-weather|Sandstorm|[upkeep]\n|-damage|p2b: Meganium|48/100|[from] Sandstorm\n|-damage|p1a: Palafin|62/100|[from] Sandstorm\n|-damage|p1b: Kangaskhan|44/100|[from] Sandstorm\n|-fieldend|move: Trick Room\n|upkeep\n|turn|8\n|\n|t:|1775938973\n|move|p1b: Kangaskhan|Double-Edge|p2b: Meganium\n|-damage|p2b: Meganium|0 fnt\n|faint|p2b: Meganium\n|-hitcount|p2: Meganium|1\n|-damage|p1b: Kangaskhan|30/100|[from] Recoil\n|\n|win|Ikiu\n|raw|Ikiu's rating: 1334 &rarr; <strong>1357</strong><br />(+23 for winning)\n|raw|bwahacough's rating: 1379 &rarr; <strong>1356</strong><br />(-23 for losing)\n|l|\u2606bwahacough\n|player|p2|\n|l|\u2606Ikiu\n|player|p1|\n|l| Mega Delibird X\n",
  "uploadtime": 1775939123,
  "views": 102,
  "formatid": "gen9championsvgc2026regma",
  "rating": 1356,
  "private": 0,
  "password": null
}