{
  "id": "gen9championsvgc2026regma-2588654415",
  "format": "[Gen 9 Champions] VGC 2026 Reg M-A",
  "players": [
    "Koolbleach",
    "hajimelc"
  ],
  "log": "|j|\u2606Koolbleach\n|j|\u2606hajimelc\n|t:|1776654242\n|gametype|doubles\n|player|p1|Koolbleach|1|1070\n|player|p2|hajimelc|n|1071\n|gen|9\n|tier|[Gen 9 Champions] VGC 2026 Reg M-A\n|rated|\n|rule|Species Clause: Limit one of each Pok\u00e9mon\n|rule|Item Clause: Limit 1 of each item\n|clearpoke\n|poke|p1|Pelipper, L50, F|\n|poke|p1|Archaludon, L50, M|\n|poke|p1|Basculegion, L50, M|\n|poke|p1|Dragonite, L50, F|\n|poke|p1|Incineroar, L50, F|\n|poke|p1|Sinistcha, L50|\n|poke|p2|Charizard, L50, F|\n|poke|p2|Trevenant, L50, F|\n|poke|p2|Milotic, L50, M|\n|poke|p2|Sableye, L50, M|\n|poke|p2|Krookodile, L50, M|\n|poke|p2|Absol, L50, M|\n|teampreview|4\n|\n|t:|1776654284\n|teamsize|p1|4\n|teamsize|p2|4\n|start\n|switch|p1a: Incineroar|Incineroar, L50, F|100/100\n|switch|p1b: Archaludon|Archaludon, L50, M|100/100\n|switch|p2a: BRING ME ICINEROAR|Milotic, L50, M|100/100\n|switch|p2b: Charizard|Charizard, L50, F|100/100\n|-ability|p1a: Incineroar|Intimidate|boost\n|-unboost|p2a: BRING ME ICINEROAR|atk|1\n|-ability|p2a: BRING ME ICINEROAR|Competitive|boost\n|-boost|p2a: BRING ME ICINEROAR|spa|2\n|-unboost|p2b: Charizard|atk|1\n|turn|1\n|\n|t:|1776654340\n|detailschange|p2b: Charizard|Charizard-Mega-Y, L50, F\n|-mega|p2b: Charizard|Charizard|Charizardite Y\n|-weather|SunnyDay|[from] ability: Drought|[of] p2b: Charizard\n|move|p2b: Charizard|Protect|p2b: Charizard\n|-singleturn|p2b: Charizard|Protect\n|move|p1b: Archaludon|Protect|p1b: Archaludon\n|-singleturn|p1b: Archaludon|Protect\n|move|p2a: BRING ME ICINEROAR|Hydro Pump|p1a: Incineroar\n|-supereffective|p1a: Incineroar|1\n|-damage|p1a: Incineroar|25/100\n|move|p1a: Incineroar|Parting Shot|p2b: Charizard\n|-activate|p2b: Charizard|move: Protect\n|\n|-weather|SunnyDay|[upkeep]\n|upkeep\n|turn|2\n|\n|t:|1776654360\n|switch|p2b: Sableye|Sableye, L50, M|100/100\n|switch|p1a: Pelipper|Pelipper, L50, F|100/100\n|-weather|RainDance|[from] ability: Drizzle|[of] p1a: Pelipper\n|move|p1b: Archaludon|Electro Shot||[still]\n|-prepare|p1b: Archaludon|Electro Shot\n|-boost|p1b: Archaludon|spa|1\n|-anim|p1b: Archaludon|Electro Shot|p2a: BRING ME ICINEROAR\n|-supereffective|p2a: BRING ME ICINEROAR|1\n|-damage|p2a: BRING ME ICINEROAR|0 fnt\n|faint|p2a: BRING ME ICINEROAR\n|\n|-weather|RainDance|[upkeep]\n|upkeep\n|\n|t:|1776654378\n|switch|p2a: Charizard|Charizard-Mega-Y, L50, F|100/100\n|-weather|SunnyDay|[from] ability: Drought|[of] p2a: Charizard\n|turn|3\n|\n|t:|1776654431\n|move|p2b: Sableye|Fake Out|p1b: Archaludon\n|-resisted|p1b: Archaludon|1\n|-damage|p1b: Archaludon|97/100\n|-ability|p1b: Archaludon|Stamina|boost\n|-boost|p1b: Archaludon|def|1\n|move|p2a: Charizard|Solar Beam||[still]\n|-prepare|p2a: Charizard|Solar Beam\n|-anim|p2a: Charizard|Solar Beam|p1a: Pelipper\n|-damage|p1a: Pelipper|11/100\n|cant|p1b: Archaludon|flinch\n|move|p1a: Pelipper|Tailwind|p1a: Pelipper\n|-sidestart|p1: Koolbleach|move: Tailwind\n|\n|-weather|SunnyDay|[upkeep]\n|-heal|p1b: Archaludon|100/100|[from] item: Leftovers\n|upkeep\n|turn|4\n|\n|t:|1776654466\n|switch|p1a: Incineroar|Incineroar, L50, F|25/100\n|-ability|p1a: Incineroar|Intimidate|boost\n|-unboost|p2a: Charizard|atk|1\n|-unboost|p2b: Sableye|atk|1\n|move|p2b: Sableye|Encore|p1b: Archaludon\n|-start|p1b: Archaludon|Encore\n|move|p1b: Archaludon|Electro Shot||[still]\n|-prepare|p1b: Archaludon|Electro Shot\n|-boost|p1b: Archaludon|spa|1\n|move|p2a: Charizard|Heat Wave|p1b: Archaludon|[spread] p1a\n|-miss|p2a: Charizard|p1b: Archaludon\n|-resisted|p1a: Incineroar|1\n|-crit|p1a: Incineroar\n|-damage|p1a: Incineroar|0 fnt\n|faint|p1a: Incineroar\n|\n|-weather|SunnyDay|[upkeep]\n|upkeep\n|\n|t:|1776654481\n|switch|p1a: Pelipper|Pelipper, L50, F|11/100\n|-weather|RainDance|[from] ability: Drizzle|[of] p1a: Pelipper\n|turn|5\n|\n|t:|1776654505\n|switch|p2a: Trevenant|Trevenant, L50, F|100/100\n|move|p1a: Pelipper|Protect|p1a: Pelipper\n|-singleturn|p1a: Pelipper|Protect\n|move|p2b: Sableye|Disable|p1b: Archaludon\n|-start|p1b: Archaludon|Disable|Electro Shot\n|cant|p1b: Archaludon|Disable|Electro Shot\n|\n|-weather|RainDance|[upkeep]\n|upkeep\n|turn|6\n|\n|t:|1776654536\n|switch|p1b: Dragonite|Dragonite, L50, F|100/100\n|move|p1a: Pelipper|Hurricane|p2a: Trevenant\n|-supereffective|p2a: Trevenant|1\n|-damage|p2a: Trevenant|0 fnt\n|faint|p2a: Trevenant\n|move|p2b: Sableye|Foul Play|p1b: Dragonite\n|-damage|p1b: Dragonite|77/100\n|\n|-weather|RainDance|[upkeep]\n|-sideend|p1: Koolbleach|move: Tailwind\n|upkeep\n|\n|t:|1776654547\n|switch|p2a: Charizard|Charizard-Mega-Y, L50, F|100/100\n|-weather|SunnyDay|[from] ability: Drought|[of] p2a: Charizard\n|turn|7\n|\n|t:|1776654565\n|switch|p1a: Archaludon|Archaludon, L50, M|100/100\n|detailschange|p1b: Dragonite|Dragonite-Mega, L50, F\n|-mega|p1b: Dragonite|Dragonite|Dragoninite\n|move|p2b: Sableye|Disable||[still]\n|-fail|p2b: Sableye\n|move|p1b: Dragonite|Draco Meteor|p2a: Charizard\n|-damage|p2a: Charizard|24/100\n|-unboost|p1b: Dragonite|spa|2\n|move|p2a: Charizard|Air Slash|p1b: Dragonite\n|-damage|p1b: Dragonite|32/100\n|\n|-weather|SunnyDay|[upkeep]\n|upkeep\n|turn|8\n|\n|t:|1776654590\n|move|p1a: Archaludon|Protect|p1a: Archaludon\n|-singleturn|p1a: Archaludon|Protect\n|move|p2b: Sableye|Disable|p1b: Dragonite\n|-start|p1b: Dragonite|Disable|Draco Meteor\n|move|p2a: Charizard|Heat Wave|p1b: Dragonite|[spread] \n|-activate|p1a: Archaludon|move: Protect\n|-miss|p2a: Charizard|p1b: Dragonite\n|cant|p1b: Dragonite|Disable|Draco Meteor\n|\n|-weather|SunnyDay|[upkeep]\n|upkeep\n|turn|9\n|\n|t:|1776654615\n|switch|p1a: Pelipper|Pelipper, L50, F|11/100\n|-weather|RainDance|[from] ability: Drizzle|[of] p1a: Pelipper\n|move|p2b: Sableye|Encore|p1b: Dragonite\n|-start|p1b: Dragonite|Encore\n|cant|p1b: Dragonite|Disable|Draco Meteor\n|move|p2a: Charizard|Heat Wave|p1a: Pelipper|[spread] p1a,p1b\n|-resisted|p1a: Pelipper|1\n|-resisted|p1b: Dragonite|1\n|-damage|p1a: Pelipper|0 fnt\n|-damage|p1b: Dragonite|23/100\n|faint|p1a: Pelipper\n|\n|-weather|RainDance|[upkeep]\n|upkeep\n|\n|t:|1776654627\n|switch|p1a: Archaludon|Archaludon, L50, M|100/100\n|turn|10\n|\n|t:|1776654669\n|move|p2a: Charizard|Protect|p2a: Charizard\n|-singleturn|p2a: Charizard|Protect\n|-activate|p1b: Dragonite|move: Struggle\n|move|p1b: Dragonite|Struggle|p2a: Charizard\n|-activate|p2a: Charizard|move: Protect\n|move|p1a: Archaludon|Electro Shot||[still]\n|-prepare|p1a: Archaludon|Electro Shot\n|-boost|p1a: Archaludon|spa|1\n|-anim|p1a: Archaludon|Electro Shot|p2b: Sableye\n|-damage|p2b: Sableye|0 fnt\n|faint|p2b: Sableye\n|\n|-weather|RainDance|[upkeep]\n|upkeep\n|turn|11\n|\n|t:|1776654688\n|-activate|p1b: Dragonite|move: Struggle\n|move|p1b: Dragonite|Struggle|p2a: Charizard\n|-damage|p2a: Charizard|3/100\n|-damage|p1b: Dragonite|0 fnt|[from] recoil\n|faint|p1b: Dragonite\n|move|p2a: Charizard|Air Slash|p1a: Archaludon\n|-resisted|p1a: Archaludon|1\n|-damage|p1a: Archaludon|61/100\n|-ability|p1a: Archaludon|Stamina|boost\n|-boost|p1a: Archaludon|def|1\n|cant|p1a: Archaludon|flinch\n|\n|-weather|RainDance|[upkeep]\n|-heal|p1a: Archaludon|67/100|[from] item: Leftovers\n|upkeep\n|turn|12\n|n|!Koolbleach|koolbleach\n|c|\u2606hajimelc|Can i get 3-4 flichs\n|c|\u2606hajimelc|?\n|\n|t:|1776654733\n|move|p2a: Charizard|Air Slash|p1a: Archaludon\n|-resisted|p1a: Archaludon|1\n|-damage|p1a: Archaludon|31/100\n|-ability|p1a: Archaludon|Stamina|boost\n|-boost|p1a: Archaludon|def|1\n|cant|p1a: Archaludon|flinch\n|\n|-weather|RainDance|[upkeep]\n|-heal|p1a: Archaludon|37/100|[from] item: Leftovers\n|upkeep\n|turn|13\n|c|\u2606hajimelc|Oojjj\n|c|\u2606hajimelc|Ohhjjj\n|\n|t:|1776654747\n|move|p2a: Charizard|Air Slash|p1a: Archaludon\n|-resisted|p1a: Archaludon|1\n|-damage|p1a: Archaludon|0 fnt\n|faint|p1a: Archaludon\n|\n|win|hajimelc\n",
  "uploadtime": 1776654694,
  "views": 5,
  "formatid": "gen9championsvgc2026regma",
  "rating": null,
  "private": 0,
  "password": null
}