{
  "id": "gen9championsvgc2026regma-2586687394",
  "format": "[Gen 9 Champions] VGC 2026 Reg M-A",
  "players": [
    "gk28",
    "jokmah123"
  ],
  "log": "|j|\u2606gk28\n|j|\u2606jokmah123\n|t:|1776452225\n|gametype|doubles\n|player|p1|gk28|170|1189\n|player|p2|jokmah123|1|1270\n|gen|9\n|tier|[Gen 9 Champions] VGC 2026 Reg M-A\n|rated|\n|rule|Species Clause: Limit one of each Pok\u00e9mon\n|rule|Item Clause: Limit 1 of each item\n|clearpoke\n|poke|p1|Archaludon, L50, F|\n|poke|p1|Sinistcha, L50|\n|poke|p1|Milotic, L50, F|\n|poke|p1|Aegislash, L50, M|\n|poke|p1|Dragonite, L50, F|\n|poke|p1|Sableye, L50, F|\n|poke|p2|Sneasler, L50, M|\n|poke|p2|Kingambit, L50, M|\n|poke|p2|Dragapult, L50, M|\n|poke|p2|Charizard, L50, F|\n|poke|p2|Maushold-Four, L50|\n|poke|p2|Garchomp, L50, F|\n|teampreview|4\n|inactive|Battle timer is ON: inactive players will automatically lose when time's up. (requested by gk28)\ngk28 rejected open team sheets.\n|inactive|jokmah123 has 60 seconds left.\n|inactive|jokmah123 has 30 seconds left.\n|inactive|jokmah123 has 20 seconds left.\n|inactive|jokmah123 has 15 seconds left.\n|inactive|jokmah123 has 10 seconds left.\n|\n|t:|1776452343\n|teamsize|p1|4\n|teamsize|p2|4\n|start\n|switch|p1a: Dragonite|Dragonite, L50, F|100/100\n|switch|p1b: Sableye|Sableye, L50, F|100/100\n|switch|p2a: Charizard|Charizard, L50, F|100/100\n|switch|p2b: Kingambit|Kingambit, L50, M|100/100\n|turn|1\n|\n|t:|1776452367\n|detailschange|p2a: Charizard|Charizard-Mega-Y, L50, F\n|-mega|p2a: Charizard|Charizard|Charizardite Y\n|-weather|SunnyDay|[from] ability: Drought|[of] p2a: Charizard\n|detailschange|p1a: Dragonite|Dragonite-Mega, L50, F\n|-mega|p1a: Dragonite|Dragonite|Dragoninite\n|move|p1b: Sableye|Fake Out|p2b: Kingambit\n|-resisted|p2b: Kingambit|1\n|-damage|p2b: Kingambit|98/100\n|move|p2a: Charizard|Heat Wave|p1b: Sableye|[spread] p1a,p1b\n|-resisted|p1a: Dragonite|1\n|-damage|p1a: Dragonite|88/100\n|-damage|p1b: Sableye|31/100\n|move|p1a: Dragonite|Draco Meteor|p2a: Charizard\n|-damage|p2a: Charizard|28/100\n|-unboost|p1a: Dragonite|spa|2\n|cant|p2b: Kingambit|flinch\n|\n|-weather|SunnyDay|[upkeep]\n|upkeep\n|turn|2\n|inactive|gk28 has 30 seconds left.\n|inactive|jokmah123 has 30 seconds left.\n|\n|t:|1776452399\n|move|p2a: Charizard|Protect|p2a: Charizard\n|-singleturn|p2a: Charizard|Protect\n|move|p2b: Kingambit|Sucker Punch|p1a: Dragonite\n|-damage|p1a: Dragonite|45/100\n|move|p1b: Sableye|Quash|p2a: Charizard\n|-activate|p2a: Charizard|move: Protect\n|move|p1a: Dragonite|Draco Meteor|p2a: Charizard\n|-activate|p2a: Charizard|move: Protect\n|\n|-weather|SunnyDay|[upkeep]\n|upkeep\n|turn|3\n|inactive|jokmah123 has 30 seconds left.\n|\n|t:|1776452429\n|switch|p2a: Garchomp|Garchomp, L50, F|100/100\n|move|p2b: Kingambit|Sucker Punch||[still]\n|-fail|p2b: Kingambit\n|move|p1b: Sableye|Quash||[still]\n|-fail|p1b: Sableye\n|move|p1a: Dragonite|Draco Meteor|p2a: Garchomp\n|-supereffective|p2a: Garchomp|1\n|-damage|p2a: Garchomp|14/100\n|-unboost|p1a: Dragonite|spa|2\n|\n|-weather|SunnyDay|[upkeep]\n|upkeep\n|turn|4\n|inactive|gk28 has 30 seconds left.\n|\n|t:|1776452461\n|move|p1a: Dragonite|Extreme Speed|p2a: Garchomp\n|-damage|p2a: Garchomp|0 fnt\n|-damage|p1a: Dragonite|33/100|[from] ability: Rough Skin|[of] p2a: Garchomp\n|faint|p2a: Garchomp\n|move|p1b: Sableye|Will-O-Wisp|p2b: Kingambit\n|-hint|Since gen 7, Dark is immune to Prankster moves.\n|-immune|p2b: Kingambit\n|move|p2b: Kingambit|Kowtow Cleave|p1b: Sableye\n|-damage|p1b: Sableye|0 fnt\n|faint|p1b: Sableye\n|\n|-weather|SunnyDay|[upkeep]\n|upkeep\n|\n|t:|1776452476\n|switch|p2a: Dragapult|Dragapult, L50, M|100/100\n|switch|p1b: Milotic|Milotic, L50, F, shiny|100/100\n|turn|5\n|\n|t:|1776452495\n|switch|p1a: Sinistcha|Sinistcha, L50|100/100\n|move|p2b: Kingambit|Sucker Punch|p1b: Milotic\n|-damage|p1b: Milotic|52/100\n|move|p2a: Dragapult|Draco Meteor|p1a: Sinistcha\n|-damage|p1a: Sinistcha|68/100\n|-unboost|p2a: Dragapult|spa|2\n|move|p1b: Milotic|Scald|p2b: Kingambit\n|-damage|p2b: Kingambit|81/100\n|-status|p2b: Kingambit|brn\n|\n|-weather|none\n|-heal|p1b: Milotic|58/100|[from] item: Leftovers\n|-damage|p2b: Kingambit|75/100 brn|[from] brn\n|upkeep\n|turn|6\n|\n|t:|1776452518\n|move|p2a: Dragapult|Shadow Ball|p1a: Sinistcha\n|-supereffective|p1a: Sinistcha|1\n|-damage|p1a: Sinistcha|47/100\n|-enditem|p1a: Sinistcha|Sitrus Berry|[eat]\n|-heal|p1a: Sinistcha|71/100|[from] item: Sitrus Berry\n|move|p1b: Milotic|Life Dew|p1b: Milotic|[spread] p1a,p1b\n|-heal|p1a: Sinistcha|97/100\n|-heal|p1b: Milotic|84/100\n|move|p1a: Sinistcha|Strength Sap|p2a: Dragapult\n|-fail|p2a: Dragapult|unboost|[from] ability: Clear Body|[of] p2a: Dragapult\n|-heal|p1a: Sinistcha|100/100\n|move|p2b: Kingambit|Kowtow Cleave|p1a: Sinistcha\n|-supereffective|p1a: Sinistcha|1\n|-damage|p1a: Sinistcha|49/100\n|\n|-heal|p1b: Milotic|90/100|[from] item: Leftovers\n|-damage|p2b: Kingambit|69/100 brn|[from] brn\n|upkeep\n|turn|7\n|inactive|jokmah123 has 30 seconds left.\n|\n|t:|1776452546\n|move|p2b: Kingambit|Protect|p2b: Kingambit\n|-singleturn|p2b: Kingambit|Protect\n|move|p2a: Dragapult|Will-O-Wisp|p1a: Sinistcha\n|-status|p1a: Sinistcha|brn\n|move|p1b: Milotic|Scald|p2b: Kingambit\n|-activate|p2b: Kingambit|move: Protect\n|move|p1a: Sinistcha|Strength Sap|p2a: Dragapult\n|-fail|p2a: Dragapult|unboost|[from] ability: Clear Body|[of] p2a: Dragapult\n|-heal|p1a: Sinistcha|100/100 brn\n|\n|-heal|p1b: Milotic|96/100|[from] item: Leftovers\n|-damage|p1a: Sinistcha|94/100 brn|[from] brn\n|-damage|p2b: Kingambit|63/100 brn|[from] brn\n|upkeep\n|turn|8\n|inactive|jokmah123 has 30 seconds left.\n|inactive|jokmah123 has 20 seconds left.\n|inactive|jokmah123 has 15 seconds left.\n|inactive|jokmah123 has 10 seconds left.\n|\n|t:|1776452593\n|switch|p2a: Charizard|Charizard-Mega-Y, L50, F|28/100\n|-weather|SunnyDay|[from] ability: Drought|[of] p2a: Charizard\n|move|p2b: Kingambit|Sucker Punch|p1b: Milotic\n|-damage|p1b: Milotic|73/100\n|move|p1b: Milotic|Scald|p2b: Kingambit\n|-damage|p2b: Kingambit|47/100 brn\n|move|p1a: Sinistcha|Strength Sap|p2a: Charizard\n|-unboost|p2a: Charizard|atk|1\n|-heal|p1a: Sinistcha|100/100 brn\n|\n|-weather|SunnyDay|[upkeep]\n|-heal|p1b: Milotic|79/100|[from] item: Leftovers\n|-damage|p1a: Sinistcha|94/100 brn|[from] brn\n|-damage|p2b: Kingambit|41/100 brn|[from] brn\n|upkeep\n|turn|9\n|\n|t:|1776452615\n|switch|p1a: Dragonite|Dragonite-Mega, L50, F|33/100\n|move|p2b: Kingambit|Sucker Punch|p1b: Milotic\n|-crit|p1b: Milotic\n|-damage|p1b: Milotic|44/100\n|move|p2a: Charizard|Solar Beam||[still]\n|-prepare|p2a: Charizard|Solar Beam\n|-anim|p2a: Charizard|Solar Beam|p1b: Milotic\n|-supereffective|p1b: Milotic|1\n|-damage|p1b: Milotic|0 fnt\n|faint|p1b: Milotic\n|\n|-weather|SunnyDay|[upkeep]\n|-damage|p2b: Kingambit|35/100 brn|[from] brn\n|upkeep\n|\n|t:|1776452624\n|switch|p1b: Sinistcha|Sinistcha, L50|94/100 brn\n|-heal|p1a: Dragonite|58/100|[from] ability: Hospitality|[of] p1b: Sinistcha\n|turn|10\n|\n|t:|1776452640\n|move|p1a: Dragonite|Extreme Speed|p2a: Charizard\n|-damage|p2a: Charizard|1/100\n|move|p1b: Sinistcha|Rage Powder|p1b: Sinistcha\n|-singleturn|p1b: Sinistcha|move: Rage Powder\n|move|p2a: Charizard|Heat Wave|p1a: Dragonite|[spread] p1a\n|-miss|p2a: Charizard|p1b: Sinistcha\n|-resisted|p1a: Dragonite|1\n|-damage|p1a: Dragonite|34/100\n|move|p2b: Kingambit|Kowtow Cleave|p1b: Sinistcha\n|-supereffective|p1b: Sinistcha|1\n|-damage|p1b: Sinistcha|35/100 brn\n|\n|-weather|SunnyDay|[upkeep]\n|-damage|p1b: Sinistcha|29/100 brn|[from] brn\n|-damage|p2b: Kingambit|29/100 brn|[from] brn\n|upkeep\n|turn|11\n|\n|t:|1776452665\n|move|p2a: Charizard|Protect|p2a: Charizard\n|-singleturn|p2a: Charizard|Protect\n|move|p1a: Dragonite|Extreme Speed|p2a: Charizard\n|-activate|p2a: Charizard|move: Protect\n|move|p1b: Sinistcha|Rage Powder|p1b: Sinistcha\n|-singleturn|p1b: Sinistcha|move: Rage Powder\n|move|p2b: Kingambit|Kowtow Cleave|p1b: Sinistcha\n|-supereffective|p1b: Sinistcha|1\n|-damage|p1b: Sinistcha|0 fnt\n|faint|p1b: Sinistcha\n|\n|-weather|SunnyDay|[upkeep]\n|-damage|p2b: Kingambit|23/100 brn|[from] brn\n|upkeep\n|turn|12\n|\n|t:|1776452679\n|move|p1a: Dragonite|Extreme Speed|p2b: Kingambit\n|-resisted|p2b: Kingambit|1\n|-damage|p2b: Kingambit|15/100 brn\n|move|p2a: Charizard|Heat Wave|p1a: Dragonite\n|-resisted|p1a: Dragonite|1\n|-damage|p1a: Dragonite|4/100\n|move|p2b: Kingambit|Kowtow Cleave|p1a: Dragonite\n|-damage|p1a: Dragonite|0 fnt\n|faint|p1a: Dragonite\n|\n|win|jokmah123\n|raw|gk28's rating: 1189 &rarr; <strong>1170</strong><br />(-19 for losing)\n|raw|jokmah123's rating: 1270 &rarr; <strong>1289</strong><br />(+19 for winning)\n|l|\u2606gk28\n|player|p1|\n",
  "uploadtime": 1776452699,
  "views": 37,
  "formatid": "gen9championsvgc2026regma",
  "rating": 1170,
  "private": 0,
  "password": null
}