{
  "id": "gen9championsvgc2026regma-2584741091",
  "format": "[Gen 9 Champions] VGC 2026 Reg M-A",
  "players": [
    "Beastlyxla",
    "chubi25"
  ],
  "log": "|j|\u2606Beastlyxla\n|j|\u2606chubi25\n|t:|1776280382\n|gametype|doubles\n|player|p1|Beastlyxla|1|1081\n|player|p2|chubi25|chuck|1078\n|gen|9\n|tier|[Gen 9 Champions] VGC 2026 Reg M-A\n|rated|\n|rule|Species Clause: Limit one of each Pok\u00e9mon\n|rule|Item Clause: Limit 1 of each item\n|clearpoke\n|poke|p1|Feraligatr, L50, M|\n|poke|p1|Pelipper, L50, M|\n|poke|p1|Luxray, L50, M|\n|poke|p1|Drampa, L50, F|\n|poke|p1|Krookodile, L50, F|\n|poke|p1|Sinistcha, L50|\n|poke|p2|Whimsicott, L50, F|\n|poke|p2|Scizor, L50, M|\n|poke|p2|Zoroark-Hisui, L50, M|\n|poke|p2|Milotic, L50, F|\n|poke|p2|Garchomp, L50, M|\n|poke|p2|Incineroar, L50, M|\n|teampreview|4\n|\n|t:|1776280427\n|teamsize|p1|4\n|teamsize|p2|4\n|start\n|switch|p1a: Feraligatr|Feraligatr, L50, M|100/100\n|switch|p1b: Pelipper|Pelipper, L50, M|100/100\n|switch|p2a: Cottona|Whimsicott, L50, F, shiny|100/100\n|switch|p2b: Matador|Scizor, L50, M|100/100\n|-weather|RainDance|[from] ability: Drizzle|[of] p1b: Pelipper\n|turn|1\n|\n|t:|1776280449\n|detailschange|p1a: Feraligatr|Feraligatr-Mega, L50, M\n|-mega|p1a: Feraligatr|Feraligatr|Feraligite\n|detailschange|p2b: Matador|Scizor-Mega, L50, M\n|-mega|p2b: Matador|Scizor|Scizorite\n|move|p2a: Cottona|Dazzling Gleam|p1b: Pelipper|[spread] p1a,p1b\n|-supereffective|p1a: Feraligatr|1\n|-crit|p1a: Feraligatr\n|-damage|p1a: Feraligatr|44/100\n|-damage|p1b: Pelipper|71/100\n|move|p1a: Feraligatr|Liquidation|p2b: Matador\n|-damage|p2b: Matador|35/100\n|move|p1b: Pelipper|Tailwind|p1b: Pelipper\n|-sidestart|p1: Beastlyxla|move: Tailwind\n|move|p2b: Matador|Swords Dance|p2b: Matador\n|-boost|p2b: Matador|atk|2\n|\n|-weather|RainDance|[upkeep]\n|upkeep\n|turn|2\n|\n|t:|1776280470\n|move|p2b: Matador|Bullet Punch|p1a: Feraligatr\n|-resisted|p1a: Feraligatr|1\n|-damage|p1a: Feraligatr|7/100\n|move|p1a: Feraligatr|Liquidation|p2b: Matador\n|-damage|p2b: Matador|0 fnt\n|faint|p2b: Matador\n|move|p1b: Pelipper|Hurricane|p2a: Cottona\n|-supereffective|p2a: Cottona|1\n|-enditem|p2a: Cottona|Focus Sash\n|-damage|p2a: Cottona|1/100\n|move|p2a: Cottona|Dazzling Gleam|p1a: Feraligatr|[spread] p1a,p1b\n|-supereffective|p1a: Feraligatr|1\n|-damage|p1a: Feraligatr|0 fnt\n|-damage|p1b: Pelipper|40/100\n|faint|p1a: Feraligatr\n|\n|-weather|RainDance|[upkeep]\n|upkeep\n|\n|t:|1776280486\n|switch|p1a: Krookodile|Krookodile, L50, F|100/100\n|switch|p2b: Kenny Omega|Incineroar, L50, M|100/100\n|-ability|p1a: Krookodile|Intimidate|boost\n|-unboost|p2a: Cottona|atk|1\n|-unboost|p2b: Kenny Omega|atk|1\n|turn|3\n|\n|t:|1776280513\n|move|p2b: Kenny Omega|Protect|p2b: Kenny Omega\n|-singleturn|p2b: Kenny Omega|Protect\n|move|p2a: Cottona|Tailwind|p2a: Cottona\n|-sidestart|p2: chubi25|move: Tailwind\n|move|p1a: Krookodile|Earthquake|p2a: Cottona|[spread] p2a\n|-activate|p2b: Kenny Omega|move: Protect\n|-immune|p1b: Pelipper\n|-resisted|p2a: Cottona|1\n|-damage|p2a: Cottona|0 fnt\n|faint|p2a: Cottona\n|move|p1b: Pelipper|Weather Ball|p2b: Kenny Omega\n|-activate|p2b: Kenny Omega|move: Protect\n|\n|-weather|RainDance|[upkeep]\n|upkeep\n|\n|t:|1776280525\n|switch|p2a: Kenny Omega|Incineroar, L50, M|100/100\n|-ability|p2a: Kenny Omega|Intimidate|boost\n|-unboost|p1a: Krookodile|atk|1\n|-unboost|p1b: Pelipper|atk|1\n|turn|4\n|\n|t:|1776280555\n|move|p2a: Kenny Omega|Fake Out|p1b: Pelipper\n|-crit|p1b: Pelipper\n|-damage|p1b: Pelipper|12/100\n|move|p2b: Kenny Omega|Hyper Voice|p1b: Pelipper|[spread] p1a,p1b\n|-damage|p1a: Krookodile|52/100\n|-damage|p1b: Pelipper|0 fnt\n|faint|p1b: Pelipper\n|move|p1a: Krookodile|Earthquake|p2b: Kenny Omega|[spread] p2a,p2b\n|-supereffective|p2a: Kenny Omega|1\n|-damage|p2a: Kenny Omega|46/100\n|-damage|p2b: Kenny Omega|53/100\n|replace|p2b: Alfredo|Zoroark-Hisui, L50, M\n|-end|p2b: Alfredo|Illusion\n|\n|-weather|RainDance|[upkeep]\n|-heal|p1a: Krookodile|58/100|[from] item: Leftovers\n|-sideend|p1: Beastlyxla|move: Tailwind\n|upkeep\n|\n|t:|1776280565\n|switch|p1b: Sinistcha|Sinistcha, L50|100/100\n|-heal|p1a: Krookodile|83/100|[from] ability: Hospitality|[of] p1b: Sinistcha\n|turn|5\n|\n|t:|1776280583\n|move|p2b: Alfredo|Hex|p1b: Sinistcha\n|-supereffective|p1b: Sinistcha|1\n|-damage|p1b: Sinistcha|18/100\n|move|p2a: Kenny Omega|Drain Punch|p1a: Krookodile\n|-supereffective|p1a: Krookodile|1\n|-damage|p1a: Krookodile|12/100\n|-heal|p2a: Kenny Omega|82/100|[from] drain|[of] p1a: Krookodile\n|move|p1a: Krookodile|Knock Off|p2b: Alfredo\n|-supereffective|p2b: Alfredo|1\n|-damage|p2b: Alfredo|0 fnt\n|-enditem|p2b: Alfredo|Sitrus Berry|[from] move: Knock Off|[of] p1a: Krookodile\n|faint|p2b: Alfredo\n|move|p1b: Sinistcha|Stun Spore|p2a: Kenny Omega\n|-status|p2a: Kenny Omega|par\n|\n|-weather|none\n|-heal|p1a: Krookodile|18/100|[from] item: Leftovers\n|upkeep\n|turn|6\n|\n|t:|1776280602\n|move|p1a: Krookodile|Earthquake|p2a: Kenny Omega|[spread] p1b,p2a\n|-resisted|p1b: Sinistcha|1\n|-supereffective|p2a: Kenny Omega|1\n|-damage|p1b: Sinistcha|6/100\n|-damage|p2a: Kenny Omega|28/100 par\n|move|p1b: Sinistcha|Life Dew|p1b: Sinistcha|[spread] p1a,p1b\n|-heal|p1a: Krookodile|43/100\n|-heal|p1b: Sinistcha|31/100\n|move|p2a: Kenny Omega|Drain Punch|p1a: Krookodile\n|-supereffective|p1a: Krookodile|1\n|-damage|p1a: Krookodile|0 fnt\n|-heal|p2a: Kenny Omega|49/100 par|[from] drain|[of] p1a: Krookodile\n|faint|p1a: Krookodile\n|\n|-sideend|p2: chubi25|move: Tailwind\n|upkeep\n|turn|7\n|\n|t:|1776280622\n|move|p1b: Sinistcha|Strength Sap|p2a: Kenny Omega\n|-unboost|p2a: Kenny Omega|atk|1\n|-heal|p1b: Sinistcha|100/100\n|move|p2a: Kenny Omega|Flare Blitz|p1b: Sinistcha\n|-supereffective|p1b: Sinistcha|1\n|-damage|p1b: Sinistcha|7/100\n|-damage|p2a: Kenny Omega|22/100 par|[from] Recoil\n|\n|upkeep\n|turn|8\n|\n|t:|1776280635\n|move|p1b: Sinistcha|Matcha Gotcha|p2a: Kenny Omega\n|-resisted|p2a: Kenny Omega|1\n|-damage|p2a: Kenny Omega|3/100 par\n|-heal|p1b: Sinistcha|19/100|[from] drain|[of] p2a: Kenny Omega\n|move|p2a: Kenny Omega|Flare Blitz|p1b: Sinistcha\n|-supereffective|p1b: Sinistcha|1\n|-damage|p1b: Sinistcha|0 fnt\n|faint|p1b: Sinistcha\n|-damage|p2a: Kenny Omega|0 fnt|[from] Recoil\n|faint|p2a: Kenny Omega\n|\n|win|chubi25\n|raw|Beastlyxla's rating: 1081 &rarr; <strong>1059</strong><br />(-22 for losing)\n|raw|chubi25's rating: 1078 &rarr; <strong>1107</strong><br />(+29 for winning)\n|l|\u2606Beastlyxla\n|player|p1|\n|c|\u2606chubi25|gg\n",
  "uploadtime": 1776280652,
  "views": 19,
  "formatid": "gen9championsvgc2026regma",
  "rating": 1059,
  "private": 0,
  "password": null
}