{
  "id": "gen9championsvgc2026regma-2581964476",
  "format": "[Gen 9 Champions] VGC 2026 Reg M-A",
  "players": [
    "Jejunewman",
    "wSGAEWRFWE"
  ],
  "log": "|j|\u2606Jejunewman\n|j|\u2606wSGAEWRFWE\n|t:|1776043826\n|gametype|doubles\n|player|p1|Jejunewman|170|1115\n|player|p2|wSGAEWRFWE|266|1096\n|gen|9\n|tier|[Gen 9 Champions] VGC 2026 Reg M-A\n|rated|\n|rule|Species Clause: Limit one of each Pok\u00e9mon\n|rule|Item Clause: Limit 1 of each item\n|clearpoke\n|poke|p1|Charizard, L50, F|\n|poke|p1|Floette-Eternal, L50, F|\n|poke|p1|Whimsicott, L50, F|\n|poke|p1|Incineroar, L50, M|\n|poke|p1|Aegislash, L50, M|\n|poke|p1|Aerodactyl, L50, M|\n|poke|p2|Charizard, L50, F|\n|poke|p2|Venusaur, L50, M|\n|poke|p2|Garchomp, L50, F|\n|poke|p2|Rotom-Wash, L50|\n|poke|p2|Sneasler, L50, F|\n|poke|p2|Incineroar, L50, M|\n|teampreview|4\n|\n|t:|1776043880\n|teamsize|p1|4\n|teamsize|p2|4\n|start\n|switch|p1a: Incineroar|Incineroar, L50, M|100/100\n|switch|p1b: Whimsicott|Whimsicott, L50, F, shiny|100/100\n|switch|p2a: Sneasler|Sneasler, L50, F|100/100\n|switch|p2b: Charizard|Charizard, L50, F, shiny|100/100\n|-ability|p1a: Incineroar|Intimidate|boost\n|-unboost|p2a: Sneasler|atk|1\n|-unboost|p2b: Charizard|atk|1\n|-enditem|p2a: Sneasler|White Herb\n|-clearnegativeboost|p2a: Sneasler|[silent]\n|turn|1\n|\n|t:|1776043914\n|detailschange|p2b: Charizard|Charizard-Mega-Y, L50, F, shiny\n|-mega|p2b: Charizard|Charizard|Charizardite Y\n|-weather|SunnyDay|[from] ability: Drought|[of] p2b: Charizard\n|move|p1b: Whimsicott|Protect|p1b: Whimsicott\n|-singleturn|p1b: Whimsicott|Protect\n|move|p1a: Incineroar|Protect|p1a: Incineroar\n|-singleturn|p1a: Incineroar|Protect\n|move|p2a: Sneasler|Fake Out|p1b: Whimsicott\n|-activate|p1b: Whimsicott|move: Protect\n|move|p2b: Charizard|Heat Wave|p1b: Whimsicott|[spread] \n|-activate|p1a: Incineroar|move: Protect\n|-activate|p1b: Whimsicott|move: Protect\n|\n|-weather|SunnyDay|[upkeep]\n|upkeep\n|turn|2\n|\n|t:|1776043934\n|move|p1b: Whimsicott|Encore|p2a: Sneasler\n|-start|p2a: Sneasler|Encore\n|move|p2a: Sneasler|Fake Out||[still]\n|-hint|Fake Out only works on your first turn out.\n|-fail|p2a: Sneasler\n|move|p2b: Charizard|Heat Wave|p1a: Incineroar|[spread] p1a,p1b\n|-resisted|p1a: Incineroar|1\n|-supereffective|p1b: Whimsicott|1\n|-crit|p1b: Whimsicott\n|-damage|p1a: Incineroar|78/100\n|-enditem|p1b: Whimsicott|Focus Sash\n|-damage|p1b: Whimsicott|1/100\n|move|p1a: Incineroar|Parting Shot|p2b: Charizard\n|-unboost|p2b: Charizard|atk|1\n|-unboost|p2b: Charizard|spa|1\n|\n|t:|1776043948\n|switch|p1a: Aerodactyl|Aerodactyl, L50, M|100/100|[from] Parting Shot\n|-ability|p1a: Aerodactyl|Unnerve\n|\n|-weather|SunnyDay|[upkeep]\n|upkeep\n|turn|3\n|\n|t:|1776043957\n|switch|p2a: Venusaur|Venusaur, L50, M, shiny|100/100\n|switch|p2b: Incineroar|Incineroar, L50, M, shiny|100/100\n|-ability|p2b: Incineroar|Intimidate|boost\n|-unboost|p1a: Aerodactyl|atk|1\n|-unboost|p1b: Whimsicott|atk|1\n|move|p1b: Whimsicott|Tailwind|p1b: Whimsicott\n|-sidestart|p1: Jejunewman|move: Tailwind\n|move|p1a: Aerodactyl|Rock Slide|p2b: Incineroar|[spread] p2a,p2b\n|-supereffective|p2b: Incineroar|1\n|-damage|p2a: Venusaur|79/100\n|-damage|p2b: Incineroar|70/100\n|\n|-weather|SunnyDay|[upkeep]\n|upkeep\n|turn|4\n|\n|t:|1776043982\n|move|p1b: Whimsicott|Protect|p1b: Whimsicott\n|-singleturn|p1b: Whimsicott|Protect\n|move|p1a: Aerodactyl|Protect|p1a: Aerodactyl\n|-singleturn|p1a: Aerodactyl|Protect\n|move|p2b: Incineroar|Fake Out|p1a: Aerodactyl\n|-activate|p1a: Aerodactyl|move: Protect\n|move|p2a: Venusaur|Sludge Bomb|p1b: Whimsicott\n|-activate|p1b: Whimsicott|move: Protect\n|\n|-weather|SunnyDay|[upkeep]\n|upkeep\n|turn|5\n|\n|t:|1776043998\n|switch|p1b: Incineroar|Incineroar, L50, M|78/100\n|-ability|p1b: Incineroar|Intimidate|boost\n|-unboost|p2a: Venusaur|atk|1\n|-unboost|p2b: Incineroar|atk|1\n|move|p2a: Venusaur|Protect|p2a: Venusaur\n|-singleturn|p2a: Venusaur|Protect\n|move|p1a: Aerodactyl|Aerial Ace|p2a: Venusaur\n|-activate|p2a: Venusaur|move: Protect\n|move|p2b: Incineroar|Flare Blitz|p1b: Incineroar\n|-resisted|p1b: Incineroar|1\n|-damage|p1b: Incineroar|50/100\n|-damage|p2b: Incineroar|60/100|[from] Recoil\n|\n|-weather|none\n|-heal|p1b: Incineroar|55/100|[from] item: Leftovers\n|upkeep\n|turn|6\n|\n|t:|1776044024\n|switch|p2a: Sneasler|Sneasler, L50, F|100/100\n|move|p1b: Incineroar|Fake Out|p2b: Incineroar\n|-damage|p2b: Incineroar|50/100\n|move|p1a: Aerodactyl|Rock Slide|p2b: Incineroar|[spread] p2a,p2b\n|-resisted|p2a: Sneasler|1\n|-supereffective|p2b: Incineroar|1\n|-damage|p2a: Sneasler|87/100\n|-damage|p2b: Incineroar|17/100\n|cant|p2b: Incineroar|flinch\n|\n|-heal|p1b: Incineroar|61/100|[from] item: Leftovers\n|-sideend|p1: Jejunewman|move: Tailwind\n|upkeep\n|turn|7\n|\n|t:|1776044043\n|move|p1a: Aerodactyl|Protect|p1a: Aerodactyl\n|-singleturn|p1a: Aerodactyl|Protect\n|move|p2a: Sneasler|Close Combat|p1b: Incineroar\n|-supereffective|p1b: Incineroar|1\n|-damage|p1b: Incineroar|0 fnt\n|-unboost|p2a: Sneasler|def|1\n|-unboost|p2a: Sneasler|spd|1\n|faint|p1b: Incineroar\n|move|p2b: Incineroar|Parting Shot|p1a: Aerodactyl\n|-activate|p1a: Aerodactyl|move: Protect\n|\n|upkeep\n|\n|t:|1776044053\n|switch|p1b: Whimsicott|Whimsicott, L50, F, shiny|1/100\n|turn|8\n|\n|t:|1776044080\n|move|p1b: Whimsicott|Tailwind|p1b: Whimsicott\n|-sidestart|p1: Jejunewman|move: Tailwind\n|move|p1a: Aerodactyl|Aerial Ace|p2a: Sneasler\n|-supereffective|p2a: Sneasler|1\n|-damage|p2a: Sneasler|0 fnt\n|faint|p2a: Sneasler\n|move|p2b: Incineroar|Parting Shot|p1a: Aerodactyl\n|-unboost|p1a: Aerodactyl|atk|1\n|-unboost|p1a: Aerodactyl|spa|1\n|\n|t:|1776044085\n|switch|p2b: Venusaur|Venusaur, L50, M, shiny|79/100|[from] Parting Shot\n|\n|upkeep\n|\n|t:|1776044091\n|switch|p2a: Charizard|Charizard-Mega-Y, L50, F, shiny|100/100\n|-weather|SunnyDay|[from] ability: Drought|[of] p2a: Charizard\n|turn|9\n|\n|t:|1776044110\n|switch|p1b: Aegislash|Aegislash, L50, M, shiny|100/100\n|move|p2a: Charizard|Protect|p2a: Charizard\n|-singleturn|p2a: Charizard|Protect\n|move|p1a: Aerodactyl|Rock Slide|p2a: Charizard|[spread] p2b\n|-activate|p2a: Charizard|move: Protect\n|-damage|p2b: Venusaur|64/100\n|move|p2b: Venusaur|Sleep Powder|p1a: Aerodactyl|[miss]\n|-miss|p2b: Venusaur|p1a: Aerodactyl\n|\n|-weather|SunnyDay|[upkeep]\n|upkeep\n|turn|10\n|\n|t:|1776044134\n|switch|p2a: Incineroar|Incineroar, L50, M, shiny|17/100\n|-ability|p2a: Incineroar|Intimidate|boost\n|-unboost|p1a: Aerodactyl|atk|1\n|-unboost|p1b: Aegislash|atk|1\n|move|p1b: Aegislash|Wide Guard|p1b: Aegislash\n|-singleturn|p1b: Aegislash|Wide Guard\n|move|p1a: Aerodactyl|Aerial Ace|p2b: Venusaur\n|-supereffective|p2b: Venusaur|1\n|-damage|p2b: Venusaur|29/100\n|move|p2b: Venusaur|Sleep Powder|p1a: Aerodactyl|[miss]\n|-miss|p2b: Venusaur|p1a: Aerodactyl\n|\n|-weather|SunnyDay|[upkeep]\n|upkeep\n|turn|11\n|\n|t:|1776044158\n|move|p1a: Aerodactyl|Protect|p1a: Aerodactyl\n|-singleturn|p1a: Aerodactyl|Protect\n|move|p2b: Venusaur|Sleep Powder|p1a: Aerodactyl\n|-activate|p1a: Aerodactyl|move: Protect\n|-formechange|p1b: Aegislash|Aegislash-Blade|\n|move|p1b: Aegislash|Flash Cannon|p2b: Venusaur\n|-damage|p2b: Venusaur|0 fnt\n|faint|p2b: Venusaur\n|move|p2a: Incineroar|Flare Blitz|p1b: Aegislash\n|-supereffective|p1b: Aegislash|1\n|-enditem|p1b: Aegislash|Occa Berry|[eat]\n|-enditem|p1b: Aegislash|Occa Berry|[weaken]\n|-damage|p1b: Aegislash|0 fnt\n|faint|p1b: Aegislash\n|-damage|p2a: Incineroar|0 fnt|[from] Recoil\n|faint|p2a: Incineroar\n|\n|-weather|SunnyDay|[upkeep]\n|-sideend|p1: Jejunewman|move: Tailwind\n|upkeep\n|-message|wSGAEWRFWE forfeited.\n|\n|win|Jejunewman\n|raw|Jejunewman's rating: 1115 &rarr; <strong>1139</strong><br />(+24 for winning)\n|raw|wSGAEWRFWE's rating: 1096 &rarr; <strong>1073</strong><br />(-23 for losing)\n|l|\u2606wSGAEWRFWE\n|player|p2|\n",
  "uploadtime": 1776044176,
  "views": 13,
  "formatid": "gen9championsvgc2026regma",
  "rating": 1073,
  "private": 0,
  "password": null
}