{
  "id": "gen9championsvgc2026regma-2586474409",
  "format": "[Gen 9 Champions] VGC 2026 Reg M-A",
  "players": [
    "Toopifying",
    "sniterz"
  ],
  "log": "|j|\u2606Toopifying\n|j|\u2606sniterz\n|t:|1776437182\n|gametype|doubles\n|player|p1|Toopifying|266|1104\n|player|p2|sniterz|2|1080\n|gen|9\n|tier|[Gen 9 Champions] VGC 2026 Reg M-A\n|rated|\n|rule|Species Clause: Limit one of each Pok\u00e9mon\n|rule|Item Clause: Limit 1 of each item\n|clearpoke\n|poke|p1|Charizard, L50, M|\n|poke|p1|Sneasler, L50, F|\n|poke|p1|Basculegion, L50, M|\n|poke|p1|Garchomp, L50, F|\n|poke|p1|Incineroar, L50, F|\n|poke|p1|Venusaur, L50, M|\n|poke|p2|Arcanine-Hisui, L50, F|\n|poke|p2|Floette-Eternal, L50, F|\n|poke|p2|Lopunny, L50, F|\n|poke|p2|Espathra, L50, F|\n|poke|p2|Basculegion, L50, M|\n|poke|p2|Rotom-Mow, L50|\n|teampreview|4\n|inactive|Battle timer is ON: inactive players will automatically lose when time's up. (requested by Toopifying)\n|inactive|sniterz has 60 seconds left.\nToopifying has agreed to open team sheets.\n|\n|t:|1776437226\n|teamsize|p1|4\n|teamsize|p2|4\n|start\n|switch|p1a: Spandex|Incineroar, L50, F|100/100\n|switch|p1b: Rotten fish|Basculegion, L50, M|100/100\n|switch|p2a: Espathra|Espathra, L50, F|100/100\n|switch|p2b: Rotom|Rotom-Mow, L50|100/100\n|-ability|p1a: Spandex|Intimidate|boost\n|-unboost|p2a: Espathra|atk|1\n|-unboost|p2b: Rotom|atk|1\n|turn|1\n|\n|t:|1776437247\n|move|p2b: Rotom|Protect|p2b: Rotom\n|-singleturn|p2b: Rotom|Protect\n|move|p1a: Spandex|Fake Out|p2b: Rotom\n|-activate|p2b: Rotom|move: Protect\n|move|p1b: Rotten fish|Flip Turn|p2a: Espathra\n|-damage|p2a: Espathra|39/100\n|\n|t:|1776437256\n|switch|p1b: Lizard|Charizard, L50, M|100/100|[from] Flip Turn\n|move|p2a: Espathra|Reflect|p2a: Espathra\n|-sidestart|p2: sniterz|Reflect\n|\n|-ability|p2a: Espathra|Speed Boost|boost\n|-boost|p2a: Espathra|spe|1\n|upkeep\n|turn|2\n|inactive|sniterz has 30 seconds left.\n|inactive|sniterz has 20 seconds left.\n|\n|t:|1776437294\n|switch|p2a: Basculegion|Basculegion, L50, M|100/100\n|switch|p2b: Arcanine|Arcanine-Hisui, L50, F|100/100\n|-ability|p2b: Arcanine|Intimidate|boost\n|-unboost|p1a: Spandex|atk|1\n|-unboost|p1b: Lizard|atk|1\n|detailschange|p1b: Lizard|Charizard-Mega-Y, L50, M\n|-mega|p1b: Lizard|Charizard|Charizardite Y\n|-weather|SunnyDay|[from] ability: Drought|[of] p1b: Lizard\n|move|p1b: Lizard|Protect|p1b: Lizard\n|-singleturn|p1b: Lizard|Protect\n|move|p1a: Spandex|Parting Shot|p2b: Arcanine\n|-unboost|p2b: Arcanine|atk|1\n|-unboost|p2b: Arcanine|spa|1\n|\n|t:|1776437308\n|switch|p1a: Rotten fish|Basculegion, L50, M|100/100|[from] Parting Shot\n|\n|-weather|SunnyDay|[upkeep]\n|upkeep\n|turn|3\n|\n|t:|1776437326\n|switch|p2b: Rotom|Rotom-Mow, L50|100/100\n|move|p1a: Rotten fish|Flip Turn|p2b: Rotom\n|-resisted|p2b: Rotom|1\n|-damage|p2b: Rotom|92/100\n|\n|t:|1776437329\n|switch|p1a: Spandex|Incineroar, L50, F|100/100|[from] Flip Turn\n|-ability|p1a: Spandex|Intimidate|boost\n|-unboost|p2a: Basculegion|atk|1\n|-unboost|p2b: Rotom|atk|1\n|move|p2a: Basculegion|Flip Turn|p1b: Lizard\n|-supereffective|p1b: Lizard|1\n|-damage|p1b: Lizard|70/100\n|\n|t:|1776437339\n|switch|p2a: Arcanine|Arcanine-Hisui, L50, F|100/100|[from] Flip Turn\n|-ability|p2a: Arcanine|Intimidate|boost\n|-unboost|p1a: Spandex|atk|1\n|-unboost|p1b: Lizard|atk|1\n|move|p1b: Lizard|Air Slash|p2a: Arcanine\n|-resisted|p2a: Arcanine|1\n|-damage|p2a: Arcanine|70/100\n|\n|-weather|SunnyDay|[upkeep]\n|upkeep\n|turn|4\n|inactive|sniterz has 30 seconds left.\n|inactive|sniterz has 20 seconds left.\n|\n|t:|1776437378\n|switch|p1b: Toadman|Venusaur, L50, M|100/100\n|move|p2b: Rotom|Protect|p2b: Rotom\n|-singleturn|p2b: Rotom|Protect\n|move|p1a: Spandex|Fake Out|p2a: Arcanine\n|-resisted|p2a: Arcanine|1\n|-damage|p2a: Arcanine|67/100\n|cant|p2a: Arcanine|flinch\n|\n|-weather|SunnyDay|[upkeep]\n|upkeep\n|turn|5\n|\n|t:|1776437392\n|move|p1b: Toadman|Earth Power|p2a: Arcanine\n|-supereffective|p2a: Arcanine|2\n|-damage|p2a: Arcanine|0 fnt\n|faint|p2a: Arcanine\n|move|p2b: Rotom|Nasty Plot|p2b: Rotom\n|-boost|p2b: Rotom|spa|2\n|move|p1a: Spandex|Flare Blitz|p2b: Rotom\n|-supereffective|p2b: Rotom|1\n|-damage|p2b: Rotom|6/100\n|-damage|p1a: Spandex|83/100|[from] Recoil\n|\n|-weather|SunnyDay|[upkeep]\n|-sideend|p2: sniterz|Reflect\n|upkeep\n|\n|t:|1776437408\n|switch|p2a: Espathra|Espathra, L50, F|39/100\n|turn|6\n|\n|t:|1776437423\n|move|p2b: Rotom|Protect|p2b: Rotom\n|-singleturn|p2b: Rotom|Protect\n|move|p1b: Toadman|Energy Ball|p2b: Rotom\n|-activate|p2b: Rotom|move: Protect\n|move|p2a: Espathra|Lumina Crash|p1b: Toadman\n|-supereffective|p1b: Toadman|1\n|-damage|p1b: Toadman|22/100\n|-unboost|p1b: Toadman|spd|2\n|move|p1a: Spandex|Throat Chop|p2a: Espathra\n|-supereffective|p2a: Espathra|1\n|-damage|p2a: Espathra|0 fnt\n|faint|p2a: Espathra\n|\n|-weather|none\n|upkeep\n|\n|t:|1776437438\n|switch|p2a: Basculegion|Basculegion, L50, M|100/100\n|turn|7\n|\n|t:|1776437456\n|switch|p1a: Lizard|Charizard-Mega-Y, L50, M|70/100\n|-weather|SunnyDay|[from] ability: Drought|[of] p1a: Lizard\n|move|p1b: Toadman|Energy Ball|p2a: Basculegion\n|-supereffective|p2a: Basculegion|1\n|-damage|p2a: Basculegion|4/100\n|move|p2a: Basculegion|Wave Crash|p1a: Lizard\n|-supereffective|p1a: Lizard|1\n|-damage|p1a: Lizard|0 fnt\n|faint|p1a: Lizard\n|-damage|p2a: Basculegion|0 fnt|[from] Recoil\n|faint|p2a: Basculegion\n|move|p2b: Rotom|Thunderbolt|p1b: Toadman\n|-resisted|p1b: Toadman|1\n|-damage|p1b: Toadman|0 fnt\n|faint|p1b: Toadman\n|\n|-weather|SunnyDay|[upkeep]\n|upkeep\n|\n|t:|1776437465\n|switch|p1a: Spandex|Incineroar, L50, F|83/100\n|switch|p1b: Rotten fish|Basculegion, L50, M|100/100\n|-ability|p1a: Spandex|Intimidate|boost\n|-unboost|p2b: Rotom|atk|1\n|turn|8\n|\n|t:|1776437484\n|move|p2b: Rotom|Protect|p2b: Rotom\n|-singleturn|p2b: Rotom|Protect\n|move|p1a: Spandex|Fake Out|p2b: Rotom\n|-activate|p2b: Rotom|move: Protect\n|move|p1b: Rotten fish|Aqua Jet|p2b: Rotom\n|-activate|p2b: Rotom|move: Protect\n|\n|-weather|SunnyDay|[upkeep]\n|upkeep\n|turn|9\n|\n|t:|1776437499\n|move|p2b: Rotom|Protect||[still]\n|-fail|p2b: Rotom\n|move|p1b: Rotten fish|Aqua Jet|p2b: Rotom\n|-resisted|p2b: Rotom|1\n|-damage|p2b: Rotom|0 fnt\n|faint|p2b: Rotom\n|\n|win|Toopifying\n|raw|Toopifying's rating: 1104 &rarr; <strong>1127</strong><br />(+23 for winning)\n|raw|sniterz's rating: 1080 &rarr; <strong>1060</strong><br />(-20 for losing)\n|l|\u2606sniterz\n|player|p2|\n",
  "uploadtime": 1776438201,
  "views": 21,
  "formatid": "gen9championsvgc2026regma",
  "rating": 1060,
  "private": 0,
  "password": null
}