{
  "id": "gen9championsvgc2026regma-2587141563",
  "format": "[Gen 9 Champions] VGC 2026 Reg M-A",
  "players": [
    "ladrotrimone",
    "Pevar_8"
  ],
  "log": "|j|\u2606ladrotrimone\n|j|\u2606Pevar_8\n|t:|1776499465\n|gametype|doubles\n|player|p1|ladrotrimone|101|1001\n|player|p2|Pevar_8|169|1024\n|gen|9\n|tier|[Gen 9 Champions] VGC 2026 Reg M-A\n|rated|\n|rule|Species Clause: Limit one of each Pok\u00e9mon\n|rule|Item Clause: Limit 1 of each item\n|clearpoke\n|poke|p1|Aegislash, L50, M, shiny|\n|poke|p1|Garchomp, L50, F|\n|poke|p1|Dragonite, L50, F|\n|poke|p1|Palafin, L50, F, shiny|\n|poke|p1|Meganium, L50, M, shiny|\n|poke|p1|Heracross, L50, M, shiny|\n|poke|p2|Incineroar, L50, F|\n|poke|p2|Gengar, L50, M, shiny|\n|poke|p2|Kingambit, L50, F|\n|poke|p2|Corviknight, L50, F|\n|poke|p2|Maushold, L50|\n|poke|p2|Ninetales-Alola, L50, F|\n|teampreview|4\n|inactive|Battle timer is ON: inactive players will automatically lose when time's up. (requested by ladrotrimone)\n|\n|t:|1776499493\n|teamsize|p1|4\n|teamsize|p2|4\n|start\n|switch|p1a: Aegislash|Aegislash, L50, M, shiny|100/100\n|switch|p1b: Dragonite|Dragonite, L50, F|100/100\n|switch|p2a: Gengar|Gengar, L50, M, shiny|100/100\n|switch|p2b: Ninetales|Ninetales-Alola, L50, F|100/100\n|-weather|Snowscape|[from] ability: Snow Warning|[of] p2b: Ninetales\n|turn|1\n|\n|t:|1776499518\n|switch|p1b: Heracross|Heracross, L50, M, shiny|100/100\n|switch|p1a: Palafin|Palafin, L50, F, shiny|100/100\n|detailschange|p2a: Gengar|Gengar-Mega, L50, M, shiny\n|-mega|p2a: Gengar|Gengar|Gengarite\n|move|p2a: Gengar|Perish Song|p2a: Gengar\n|-start|p1a: Palafin|perish3|[silent]\n|-start|p1b: Heracross|perish3|[silent]\n|-start|p2a: Gengar|perish3|[silent]\n|-start|p2b: Ninetales|perish3|[silent]\n|-fieldactivate|move: Perish Song\n|move|p2b: Ninetales|Aurora Veil|p2b: Ninetales\n|-sidestart|p2: Pevar_8|move: Aurora Veil\n|\n|-weather|Snowscape|[upkeep]\n|-start|p2a: Gengar|perish3\n|-start|p2b: Ninetales|perish3\n|-start|p1a: Palafin|perish3\n|-start|p1b: Heracross|perish3\n|upkeep\n|turn|2\n|\n|t:|1776499540\n|move|p2b: Ninetales|Protect|p2b: Ninetales\n|-singleturn|p2b: Ninetales|Protect\n|move|p2a: Gengar|Substitute|p2a: Gengar\n|-start|p2a: Gengar|Substitute\n|-damage|p2a: Gengar|76/100\n|move|p1a: Palafin|Flip Turn|p2a: Gengar\n|-activate|p2a: Gengar|move: Substitute|[damage]\n|\n|t:|1776499549\n|detailschange|p1a: Palafin|Palafin-Hero, L50, F, shiny\n|switch|p1a: Aegislash|Aegislash, L50, M, shiny|100/100|[from] Flip Turn\n|move|p1b: Heracross|Close Combat|p2b: Ninetales\n|-activate|p2b: Ninetales|move: Protect\n|\n|-weather|Snowscape|[upkeep]\n|-start|p2a: Gengar|perish2\n|-start|p2b: Ninetales|perish2\n|-start|p1b: Heracross|perish2\n|upkeep\n|turn|3\n|inactive|Pevar_8 has 30 seconds left.\n|\n|t:|1776499583\n|switch|p2b: Incineroar|Incineroar, L50, F|100/100\n|-ability|p2b: Incineroar|Intimidate|boost\n|-unboost|p1a: Aegislash|atk|1\n|-unboost|p1b: Heracross|atk|1\n|move|p2a: Gengar|Disable|p1b: Heracross\n|-start|p1b: Heracross|Disable|Close Combat\n|move|p1b: Heracross|Skitter Smack|p2b: Incineroar\n|-damage|p2b: Incineroar|86/100\n|-unboost|p2b: Incineroar|spa|1\n|-formechange|p1a: Aegislash|Aegislash-Blade|\n|move|p1a: Aegislash|Poltergeist|p2a: Gengar\n|-activate|p2a: Gengar|move: Poltergeist|Gengarite\n|-supereffective|p2a: Gengar|1\n|-end|p2a: Gengar|Substitute\n|\n|-weather|Snowscape|[upkeep]\n|-start|p2a: Gengar|perish1\n|-start|p1b: Heracross|perish1\n|upkeep\n|turn|4\n|inactive|ladrotrimone has 30 seconds left.\n|inactive|Pevar_8 has 30 seconds left.\n|inactive|ladrotrimone has 20 seconds left.\n|inactive|ladrotrimone has 15 seconds left.\n|\n|t:|1776499625\n|switch|p2a: Kingambit|Kingambit, L50, F|100/100\n|move|p1b: Heracross|Skitter Smack|p2a: Kingambit|[miss]\n|-miss|p1b: Heracross|p2a: Kingambit\n|move|p1a: Aegislash|Poltergeist|p2a: Kingambit\n|-activate|p2a: Kingambit|move: Poltergeist|Black Glasses\n|-resisted|p2a: Kingambit|1\n|-damage|p2a: Kingambit|90/100\n|move|p2b: Incineroar|Darkest Lariat|p1a: Aegislash\n|-supereffective|p1a: Aegislash|1\n|-damage|p1a: Aegislash|0 fnt\n|faint|p1a: Aegislash\n|\n|-weather|Snowscape|[upkeep]\n|-start|p1b: Heracross|perish0\n|faint|p1b: Heracross\n|upkeep\n|\n|t:|1776499628\n|switch|p1b: Dragonite|Dragonite, L50, F|100/100\n|switch|p1a: Palafin|Palafin-Hero, L50, F, shiny|100/100\n|-activate|p1a: Palafin|ability: Zero to Hero\n|turn|5\n|inactive|Pevar_8 has 30 seconds left.\n|\n|t:|1776499655\n|move|p2a: Kingambit|Sucker Punch|p1b: Dragonite\n|-damage|p1b: Dragonite|73/100\n|move|p1b: Dragonite|Fire Punch|p2a: Kingambit\n|-supereffective|p2a: Kingambit|1\n|-damage|p2a: Kingambit|61/100\n|move|p1a: Palafin|Hydro Pump|p2b: Incineroar|[miss]\n|-miss|p1a: Palafin|p2b: Incineroar\n|move|p2b: Incineroar|Parting Shot|p1a: Palafin\n|-unboost|p1a: Palafin|atk|1\n|-unboost|p1a: Palafin|spa|1\n|-message|ladrotrimone forfeited.\n|\n|win|Pevar_8\n|raw|ladrotrimone's rating: 1001 &rarr; <strong>1000</strong><br />(-1 for losing)\n|raw|Pevar_8's rating: 1024 &rarr; <strong>1058</strong><br />(+34 for winning)\n|l|\u2606ladrotrimone\n|player|p1|\n",
  "uploadtime": 1776499668,
  "views": 24,
  "formatid": "gen9championsvgc2026regma",
  "rating": 1000,
  "private": 0,
  "password": null
}