{
  "id": "gen9championsvgc2026regma-2582503830",
  "format": "[Gen 9 Champions] VGC 2026 Reg M-A",
  "players": [
    "robella",
    "ih8racists"
  ],
  "log": "|j|\u2606robella\n|j|\u2606ih8racists\n|t:|1776095879\n|gametype|doubles\n|player|p1|robella|skyla-masters|1067\n|player|p2|ih8racists|101|1142\n|gen|9\n|tier|[Gen 9 Champions] VGC 2026 Reg M-A\n|rated|\n|rule|Species Clause: Limit one of each Pok\u00e9mon\n|rule|Item Clause: Limit 1 of each item\n|clearpoke\n|poke|p1|Victreebel, L50, F|\n|poke|p1|Mimikyu, L50, M|\n|poke|p1|Torkoal, L50, F|\n|poke|p1|Farigiraf, L50, F|\n|poke|p1|Sneasler, L50, F|\n|poke|p1|Rotom-Wash, L50|\n|poke|p2|Hydreigon, L50, M|\n|poke|p2|Aegislash, L50, F|\n|poke|p2|Gardevoir, L50, F|\n|poke|p2|Talonflame, L50, F|\n|poke|p2|Garchomp, L50, M|\n|poke|p2|Sneasler, L50, M|\n|teampreview|4\n|c|\u2606ih8racists|glhgf\n|inactive|Battle timer is ON: inactive players will automatically lose when time's up. (requested by ih8racists)\nih8racists has agreed to open team sheets.\n|inactive|ih8racists has 60 seconds left.\nrobella has agreed to open team sheets.\n|showteam|p1|Victreebel||Victreebelite|Chlorophyll|AcidSpray,StrengthSap,SludgeWave,WeatherBall|||F|||50|]Mimikyu||MentalHerb|Disguise|TrickRoom,PlayRough,DestinyBond,ShadowClaw|||M|||50|]Torkoal||Charcoal|Drought|Eruption,EarthPower,Protect,SolarBeam|||F|||50|]Farigiraf||SitrusBerry|ArmorTail|HelpingHand,FoulPlay,Psychic,HyperVoice|||F|||50|]Sneasler||WhiteHerb|Unburden|FakeOut,CloseCombat,DireClaw,RockSlide|||F|||50|]Rotom-Wash||RindoBerry|Levitate|HelpingHand,HydroPump,Thunderbolt,SunnyDay||||||50|\n|showteam|p2|Hydreigon||Leftovers|Levitate|DracoMeteor,DarkPulse,HeatWave,Protect|||M|||50|]Aegislash||MetalCoat|StanceChange|Poltergeist,IronHead,KingsShield,WideGuard|||F|||50|]Gardevoir||Gardevoirite|Telepathy|HyperVoice,Psyshock,TrickRoom,Protect|||F|||50|]Talonflame||SharpBeak|GaleWings|DualWingbeat,WillOWisp,Tailwind,Taunt|||F|||50|]Garchomp||LumBerry|RoughSkin|DragonClaw,Earthquake,RockSlide,Protect|||M|||50|]Sneasler||WhiteHerb|Unburden|DireClaw,CloseCombat,FakeOut,RockTomb|||M|||50|\n|inactive|ih8racists has 30 seconds left.\n|inactive|ih8racists has 20 seconds left.\n|inactive|ih8racists has 15 seconds left.\n|inactive|ih8racists has 10 seconds left.\n|inactive|ih8racists has 5 seconds left.\n|\n|t:|1776095970\n|teamsize|p1|4\n|teamsize|p2|4\n|start\n|switch|p1a: Victreebel|Victreebel, L50, F|100/100\n|switch|p1b: Mimikyu|Mimikyu, L50, M, shiny|100/100\n|switch|p2a: Hydreigon|Hydreigon, L50, M, shiny|100/100\n|switch|p2b: Aegislash|Aegislash, L50, F, shiny|100/100\n|turn|1\n|inactive|robella has 30 seconds left.\n|inactive|robella has 20 seconds left.\n|inactive|robella has 15 seconds left.\n|\n|t:|1776096015\n|switch|p1b: Torkoal|Torkoal, L50, F|100/100\n|-weather|SunnyDay|[from] ability: Drought|[of] p1b: Torkoal\n|detailschange|p1a: Victreebel|Victreebel-Mega, L50, F\n|-mega|p1a: Victreebel|Victreebel|Victreebelite\n|move|p2a: Hydreigon|Heat Wave|p1b: Torkoal|[spread] p1a,p1b\n|-supereffective|p1a: Victreebel|1\n|-resisted|p1b: Torkoal|1\n|-damage|p1a: Victreebel|27/100\n|-damage|p1b: Torkoal|76/100\n|move|p1a: Victreebel|Weather Ball|p2b: Aegislash\n|-supereffective|p2b: Aegislash|1\n|-damage|p2b: Aegislash|0 fnt\n|faint|p2b: Aegislash\n|\n|-weather|SunnyDay|[upkeep]\n|upkeep\n|\n|t:|1776096029\n|switch|p2b: Gardevoir|Gardevoir, L50, F, shiny|100/100\n|turn|2\n|\n|t:|1776096041\n|detailschange|p2b: Gardevoir|Gardevoir-Mega, L50, F, shiny\n|-mega|p2b: Gardevoir|Gardevoir|Gardevoirite\n|move|p1b: Torkoal|Protect|p1b: Torkoal\n|-singleturn|p1b: Torkoal|Protect\n|move|p2a: Hydreigon|Dark Pulse|p1b: Torkoal\n|-activate|p1b: Torkoal|move: Protect\n|move|p2b: Gardevoir|Psyshock|p1a: Victreebel\n|-supereffective|p1a: Victreebel|1\n|-damage|p1a: Victreebel|0 fnt\n|-damage|p2b: Gardevoir|72/100|[from] ability: Innards Out|[of] p1a: Victreebel\n|faint|p1a: Victreebel\n|\n|-weather|SunnyDay|[upkeep]\n|upkeep\n|\n|t:|1776096055\n|switch|p1a: Mimikyu|Mimikyu, L50, M, shiny|100/100\n|turn|3\n|\n|t:|1776096068\n|move|p1b: Torkoal|Protect||[still]\n|-fail|p1b: Torkoal\n|move|p2a: Hydreigon|Heat Wave|p1b: Torkoal|[spread] p1a,p1b\n|-resisted|p1b: Torkoal|1\n|-activate|p1a: Mimikyu|ability: Disguise\n|-damage|p1a: Mimikyu|100/100\n|-damage|p1b: Torkoal|51/100\n|detailschange|p1a: Mimikyu|Mimikyu-Busted, L50, M, shiny\n|-damage|p1a: Mimikyu|88/100|[from] pokemon: Mimikyu-Busted\n|move|p2b: Gardevoir|Psyshock|p1a: Mimikyu\n|-damage|p1a: Mimikyu|12/100\n|move|p1a: Mimikyu|Trick Room|p1a: Mimikyu\n|-fieldstart|move: Trick Room|[of] p1a: Mimikyu\n|\n|-weather|SunnyDay|[upkeep]\n|upkeep\n|turn|4\n|inactive|robella has 30 seconds left.\n|\n|t:|1776096099\n|move|p1b: Torkoal|Eruption|p2a: Hydreigon|[spread] p2a,p2b\n|-resisted|p2a: Hydreigon|1\n|-damage|p2a: Hydreigon|74/100\n|-damage|p2b: Gardevoir|35/100\n|move|p1a: Mimikyu|Play Rough|p2a: Hydreigon\n|-supereffective|p2a: Hydreigon|2\n|-damage|p2a: Hydreigon|0 fnt\n|faint|p2a: Hydreigon\n|move|p2b: Gardevoir|Trick Room|p2b: Gardevoir\n|-fieldend|move: Trick Room\n|\n|-weather|SunnyDay|[upkeep]\n|upkeep\n|\n|t:|1776096106\n|switch|p2a: Talonflame|Talonflame, L50, F, shiny|100/100\n|turn|5\n|inactive|robella has 30 seconds left.\n|inactive|ih8racists has 30 seconds left.\n|inactive|ih8racists has 20 seconds left.\n|inactive|ih8racists has 15 seconds left.\n|inactive|ih8racists has 10 seconds left.\n|inactive|robella has 20 seconds left.\n|\n|t:|1776096162\n|switch|p1b: Farigiraf|Farigiraf, L50, F|100/100\n|move|p2a: Talonflame|Dual Wingbeat||[still]\n|cant|p1b: Farigiraf|ability: Armor Tail|Dual Wingbeat|[of] p2a: Talonflame\n|move|p2b: Gardevoir|Psyshock|p1b: Farigiraf\n|-resisted|p1b: Farigiraf|1\n|-damage|p1b: Farigiraf|74/100\n|move|p1a: Mimikyu|Trick Room|p1a: Mimikyu\n|-fieldstart|move: Trick Room|[of] p1a: Mimikyu\n|\n|-weather|none\n|upkeep\n|turn|6\n|inactive|robella has 30 seconds left.\n|\n|t:|1776096191\n|move|p2b: Gardevoir|Protect|p2b: Gardevoir\n|-singleturn|p2b: Gardevoir|Protect\n|move|p1b: Farigiraf|Hyper Voice|p2a: Talonflame|[spread] p2a\n|-activate|p2b: Gardevoir|move: Protect\n|-damage|p2a: Talonflame|45/100\n|move|p1a: Mimikyu|Shadow Claw|p2b: Gardevoir\n|-activate|p2b: Gardevoir|move: Protect\n|move|p2a: Talonflame|Will-O-Wisp|p1a: Mimikyu\n|-status|p1a: Mimikyu|brn\n|\n|-damage|p1a: Mimikyu|6/100 brn|[from] brn\n|upkeep\n|turn|7\n|\n|t:|1776096215\n|move|p2b: Gardevoir|Protect||[still]\n|-fail|p2b: Gardevoir\n|move|p1b: Farigiraf|Hyper Voice|p2a: Talonflame|[spread] p2a,p2b\n|-damage|p2a: Talonflame|0 fnt\n|-damage|p2b: Gardevoir|6/100\n|faint|p2a: Talonflame\n|move|p1a: Mimikyu|Shadow Claw|p2b: Gardevoir\n|-supereffective|p2b: Gardevoir|1\n|-crit|p2b: Gardevoir\n|-damage|p2b: Gardevoir|0 fnt\n|faint|p2b: Gardevoir\n|\n|win|robella\n|raw|robella's rating: 1067 &rarr; <strong>1103</strong><br />(+36 for winning)\n|raw|ih8racists's rating: 1142 &rarr; <strong>1112</strong><br />(-30 for losing)\n|c|\u2606ih8racists|gg\n|c|\u2606robella|gg\n|l|\u2606ih8racists\n|player|p2|\n",
  "uploadtime": 1776096274,
  "views": 19,
  "formatid": "gen9championsvgc2026regma",
  "rating": 1103,
  "private": 0,
  "password": null
}