{
  "id": "gen9championsvgc2026regma-2581806651",
  "format": "[Gen 9 Champions] VGC 2026 Reg M-A",
  "players": [
    "SameLife",
    "TLP27"
  ],
  "log": "|j|\u2606SameLife\n|j|\u2606TLP27\n|t:|1776029953\n|gametype|doubles\n|player|p1|SameLife|doctor|1055\n|player|p2|TLP27|lady|1000\n|gen|9\n|tier|[Gen 9 Champions] VGC 2026 Reg M-A\n|rated|\n|rule|Species Clause: Limit one of each Pok\u00e9mon\n|rule|Item Clause: Limit 1 of each item\n|clearpoke\n|poke|p1|Farigiraf, L50, F|\n|poke|p1|Crabominable, L50, M|\n|poke|p1|Incineroar, L50, M|\n|poke|p1|Vanilluxe, L50, M|\n|poke|p1|Azumarill, L50, F|\n|poke|p1|Hatterene, L50, F|\n|poke|p2|Kangaskhan, L50, F|\n|poke|p2|Tinkaton, L50, F|\n|poke|p2|Incineroar, L50, M|\n|poke|p2|Pelipper, L50, F|\n|poke|p2|Archaludon, L50, M|\n|poke|p2|Basculegion, L50, M|\n|teampreview|4\n|inactive|Battle timer is ON: inactive players will automatically lose when time's up. (requested by SameLife)\n|\n|t:|1776030006\n|teamsize|p1|4\n|teamsize|p2|4\n|start\n|switch|p1a: Farigiraf|Farigiraf, L50, F|100/100\n|switch|p1b: Azumarill|Azumarill, L50, F|100/100\n|switch|p2a: Incineroar|Incineroar, L50, M|100/100\n|switch|p2b: Tinkaton|Tinkaton, L50, F|100/100\n|-ability|p2b: Tinkaton|Mold Breaker\n|-ability|p2a: Incineroar|Intimidate|boost\n|-unboost|p1a: Farigiraf|atk|1\n|-unboost|p1b: Azumarill|atk|1\n|turn|1\n|\n|t:|1776030022\n|move|p2b: Tinkaton|Fake Out|p1a: Farigiraf\n|-damage|p1a: Farigiraf|93/100\n|move|p2a: Incineroar|Fake Out||[still]\n|cant|p1a: Farigiraf|ability: Armor Tail|Fake Out|[of] p2a: Incineroar\n|move|p1b: Azumarill|Belly Drum|p1b: Azumarill\n|-damage|p1b: Azumarill|51/100\n|-setboost|p1b: Azumarill|atk|6|[from] move: Belly Drum\n|cant|p1a: Farigiraf|flinch\n|\n|upkeep\n|turn|2\n|\n|t:|1776030047\n|move|p1b: Azumarill|Protect|p1b: Azumarill\n|-singleturn|p1b: Azumarill|Protect\n|move|p2b: Tinkaton|Gigaton Hammer|p1b: Azumarill\n|-activate|p1b: Azumarill|move: Protect\n|move|p2a: Incineroar|Parting Shot|p1b: Azumarill\n|-activate|p1b: Azumarill|move: Protect\n|move|p1a: Farigiraf|Trick Room|p1a: Farigiraf\n|-fieldstart|move: Trick Room|[of] p1a: Farigiraf\n|\n|upkeep\n|turn|3\n|\n|t:|1776030070\n|switch|p1a: Crabominable|Crabominable, L50, M|100/100\n|move|p1b: Azumarill|Aqua Jet|p2a: Incineroar\n|-supereffective|p2a: Incineroar|1\n|-damage|p2a: Incineroar|0 fnt\n|faint|p2a: Incineroar\n|move|p2b: Tinkaton|Play Rough|p1b: Azumarill\n|-damage|p1b: Azumarill|17/100\n|-enditem|p1b: Azumarill|Sitrus Berry|[eat]\n|-heal|p1b: Azumarill|42/100|[from] item: Sitrus Berry\n|\n|upkeep\n|\n|t:|1776030084\n|switch|p2a: Basculegion|Basculegion, L50, M|100/100\n|turn|4\n|inactive|SameLife has 30 seconds left.\n|\n|t:|1776030111\n|detailschange|p1a: Crabominable|Crabominable-Mega, L50, M\n|-mega|p1a: Crabominable|Crabominable|Crabominite\n|move|p1a: Crabominable|Close Combat|p2b: Tinkaton\n|-damage|p2b: Tinkaton|12/100\n|-unboost|p1a: Crabominable|def|1\n|-unboost|p1a: Crabominable|spd|1\n|move|p1b: Azumarill|Play Rough|p2a: Basculegion|[miss]\n|-miss|p1b: Azumarill|p2a: Basculegion\n|move|p2b: Tinkaton|Gigaton Hammer|p1b: Azumarill\n|-damage|p1b: Azumarill|0 fnt\n|faint|p1b: Azumarill\n|move|p2a: Basculegion|Last Respects|p1a: Crabominable\n|-damage|p1a: Crabominable|47/100\n|\n|upkeep\n|\n|t:|1776030121\n|switch|p1b: Vanilluxe|Vanilluxe, L50, M|100/100\n|-weather|Snowscape|[from] ability: Snow Warning|[of] p1b: Vanilluxe\n|turn|5\n|\n|t:|1776030144\n|move|p2a: Basculegion|Protect|p2a: Basculegion\n|-singleturn|p2a: Basculegion|Protect\n|move|p1a: Crabominable|Ice Hammer|p2b: Tinkaton\n|-resisted|p2b: Tinkaton|1\n|-damage|p2b: Tinkaton|0 fnt\n|-unboost|p1a: Crabominable|spe|1\n|faint|p2b: Tinkaton\n|move|p1b: Vanilluxe|Freeze-Dry|p2a: Basculegion\n|-activate|p2a: Basculegion|move: Protect\n|\n|-weather|Snowscape|[upkeep]\n|upkeep\n|\n|t:|1776030156\n|switch|p2b: Pelipper|Pelipper, L50, F|100/100\n|-weather|RainDance|[from] ability: Drizzle|[of] p2b: Pelipper\n|turn|6\n|\n|t:|1776030180\n|move|p1a: Crabominable|Ice Hammer|p2a: Basculegion\n|-resisted|p2a: Basculegion|1\n|-crit|p2a: Basculegion\n|-damage|p2a: Basculegion|29/100\n|-unboost|p1a: Crabominable|spe|1\n|move|p2b: Pelipper|Weather Ball|p1a: Crabominable\n|-damage|p1a: Crabominable|0 fnt\n|faint|p1a: Crabominable\n|move|p1b: Vanilluxe|Freeze-Dry|p2a: Basculegion\n|-supereffective|p2a: Basculegion|1\n|-damage|p2a: Basculegion|0 fnt\n|faint|p2a: Basculegion\n|\n|-weather|RainDance|[upkeep]\n|-fieldend|move: Trick Room\n|upkeep\n|\n|t:|1776030183\n|switch|p1a: Farigiraf|Farigiraf, L50, F|93/100\n|turn|7\n|\n|t:|1776030197\n|move|p2b: Pelipper|Protect|p2b: Pelipper\n|-singleturn|p2b: Pelipper|Protect\n|move|p1b: Vanilluxe|Freeze-Dry|p2b: Pelipper\n|-activate|p2b: Pelipper|move: Protect\n|move|p1a: Farigiraf|Hyper Voice|p2b: Pelipper\n|-activate|p2b: Pelipper|move: Protect\n|\n|-weather|RainDance|[upkeep]\n|upkeep\n|turn|8\n|\n|t:|1776030210\n|move|p1b: Vanilluxe|Freeze-Dry|p2b: Pelipper\n|-supereffective|p2b: Pelipper|2\n|-enditem|p2b: Pelipper|Focus Sash\n|-damage|p2b: Pelipper|1/100\n|move|p2b: Pelipper|Weather Ball|p1a: Farigiraf\n|-damage|p1a: Farigiraf|24/100\n|move|p1a: Farigiraf|Hyper Voice|p2b: Pelipper\n|-damage|p2b: Pelipper|0 fnt\n|faint|p2b: Pelipper\n|\n|win|SameLife\n|raw|SameLife's rating: 1055 &rarr; <strong>1082</strong><br />(+27 for winning)\n|raw|TLP27's rating: 1000 &rarr; <strong>1000</strong><br />(+0 for losing)\n",
  "uploadtime": 1776030221,
  "views": 31,
  "formatid": "gen9championsvgc2026regma",
  "rating": 1000,
  "private": 0,
  "password": null
}