{
  "id": "gen9championsvgc2026regma-2581663875",
  "format": "[Gen 9 Champions] VGC 2026 Reg M-A",
  "players": [
    "bananabuser27",
    "Knoss"
  ],
  "log": "|j|\u2606bananabuser27\n|j|\u2606Knoss\n|t:|1776018981\n|gametype|doubles\n|player|p1|bananabuser27|169|1057\n|player|p2|Knoss|benga|1123\n|gen|9\n|tier|[Gen 9 Champions] VGC 2026 Reg M-A\n|rated|\n|rule|Species Clause: Limit one of each Pok\u00e9mon\n|rule|Item Clause: Limit 1 of each item\n|clearpoke\n|poke|p1|Froslass, L50, F|\n|poke|p1|Incineroar, L50, F|\n|poke|p1|Orthworm, L50, F|\n|poke|p1|Basculegion, L50, M|\n|poke|p1|Rotom-Frost, L50|\n|poke|p1|Garchomp, L50, F|\n|poke|p2|Dragapult, L50, M|\n|poke|p2|Mamoswine, L50, F|\n|poke|p2|Whimsicott, L50, M|\n|poke|p2|Volcarona, L50, F|\n|poke|p2|Milotic, L50, F|\n|poke|p2|Manectric, L50, F|\n|teampreview|4\n|\n|t:|1776019003\n|teamsize|p1|4\n|teamsize|p2|4\n|start\n|switch|p1a: Orthworm|Orthworm, L50, F, shiny|100/100\n|switch|p1b: Incineroar|Incineroar, L50, F|100/100\n|switch|p2a: Whimsicott|Whimsicott, L50, M|100/100\n|switch|p2b: Milotic|Milotic, L50, F|100/100\n|-ability|p1b: Incineroar|Intimidate|boost\n|-unboost|p2a: Whimsicott|atk|1\n|-unboost|p2b: Milotic|atk|1\n|-ability|p2b: Milotic|Competitive|boost\n|-boost|p2b: Milotic|spa|2\n|turn|1\n|\n|t:|1776019026\n|move|p2a: Whimsicott|Protect|p2a: Whimsicott\n|-singleturn|p2a: Whimsicott|Protect\n|move|p1b: Incineroar|Fake Out|p2a: Whimsicott\n|-activate|p2a: Whimsicott|move: Protect\n|move|p2b: Milotic|Scald|p1a: Orthworm\n|-damage|p1a: Orthworm|24/100\n|-enditem|p1a: Orthworm|Sitrus Berry|[eat]\n|-heal|p1a: Orthworm|49/100|[from] item: Sitrus Berry\n|move|p1a: Orthworm|Shed Tail|p1a: Orthworm\n|-fail|p1a: Orthworm|move: Shed Tail|[weak]\n|\n|upkeep\n|turn|2\n|\n|t:|1776019047\n|move|p2a: Whimsicott|Tailwind|p2a: Whimsicott\n|-sidestart|p2: Knoss|move: Tailwind\n|move|p2b: Milotic|Scald|p1b: Incineroar\n|-supereffective|p1b: Incineroar|1\n|-damage|p1b: Incineroar|0 fnt\n|faint|p1b: Incineroar\n|move|p1a: Orthworm|Stealth Rock|p2b: Milotic\n|-sidestart|p2: Knoss|move: Stealth Rock\n|\n|upkeep\n|\n|t:|1776019051\n|switch|p1b: Rotom|Rotom-Frost, L50, shiny|100/100\n|turn|3\n|\n|t:|1776019083\n|move|p2a: Whimsicott|Moonblast|p1b: Rotom\n|-damage|p1b: Rotom|60/100\n|move|p2b: Milotic|Scald|p1a: Orthworm\n|-damage|p1a: Orthworm|0 fnt\n|faint|p1a: Orthworm\n|move|p1b: Rotom|Thunderbolt|p2b: Milotic\n|-supereffective|p2b: Milotic|1\n|-damage|p2b: Milotic|38/100\n|-enditem|p2b: Milotic|Sitrus Berry|[eat]\n|-heal|p2b: Milotic|63/100|[from] item: Sitrus Berry\n|\n|-heal|p1b: Rotom|66/100|[from] item: Leftovers\n|upkeep\n|c|\u2606bananabuser27|i forgot milotic has competitive\n|\n|t:|1776019092\n|switch|p1a: Froslass|Froslass, L50, F, shiny|100/100\n|turn|4\n|c|\u2606Knoss|its a low usage pokemon no worries\n|\n|t:|1776019131\n|detailschange|p1a: Froslass|Froslass-Mega, L50, F, shiny\n|-mega|p1a: Froslass|Froslass|Froslassite\n|-weather|Snowscape|[from] ability: Snow Warning|[of] p1a: Froslass\n|move|p2a: Whimsicott|Moonblast|p1b: Rotom\n|-damage|p1b: Rotom|31/100\n|move|p2b: Milotic|Scald|p1b: Rotom\n|-damage|p1b: Rotom|0 fnt\n|faint|p1b: Rotom\n|move|p1a: Froslass|Nasty Plot|p1a: Froslass\n|-boost|p1a: Froslass|spa|2\n|\n|-weather|Snowscape|[upkeep]\n|upkeep\n|turn|5\n|\n|t:|1776019152\n|move|p2a: Whimsicott|Protect|p2a: Whimsicott\n|-singleturn|p2a: Whimsicott|Protect\n|move|p2b: Milotic|Scald|p1a: Froslass\n|-damage|p1a: Froslass|20/100\n|-status|p1a: Froslass|brn\n|move|p1a: Froslass|Blizzard|p2a: Whimsicott|[spread] p2b\n|-activate|p2a: Whimsicott|move: Protect\n|-resisted|p2b: Milotic|1\n|-damage|p2b: Milotic|30/100\n|\n|-weather|Snowscape|[upkeep]\n|-damage|p1a: Froslass|14/100 brn|[from] brn\n|-sideend|p2: Knoss|move: Tailwind\n|upkeep\n|turn|6\n|c|\u2606Knoss|gg\n|\n|t:|1776019167\n|move|p2a: Whimsicott|Tailwind|p2a: Whimsicott\n|-sidestart|p2: Knoss|move: Tailwind\n|move|p2b: Milotic|Scald|p1a: Froslass\n|-damage|p1a: Froslass|0 fnt\n|faint|p1a: Froslass\n|\n|win|Knoss\n|raw|bananabuser27's rating: 1057 &rarr; <strong>1042</strong><br />(-15 for losing)\n|raw|Knoss's rating: 1123 &rarr; <strong>1143</strong><br />(+20 for winning)\n|c|\u2606bananabuser27|gg\n|l|\u2606bananabuser27\n|player|p1|\n",
  "uploadtime": 1776019177,
  "views": 34,
  "formatid": "gen9championsvgc2026regma",
  "rating": 1042,
  "private": 0,
  "password": null
}