{
  "id": "gen9championsvgc2026regma-2583883511",
  "format": "[Gen 9 Champions] VGC 2026 Reg M-A",
  "players": [
    "hyunbelievable",
    "AugustusTheStrong"
  ],
  "log": "|j|\u2606hyunbelievable\n|j|\u2606AugustusTheStrong\n|t:|1776205264\n|gametype|doubles\n|player|p1|hyunbelievable|guzma|1108\n|player|p2|AugustusTheStrong|170|1149\n|gen|9\n|tier|[Gen 9 Champions] VGC 2026 Reg M-A\n|rated|\n|rule|Species Clause: Limit one of each Pok\u00e9mon\n|rule|Item Clause: Limit 1 of each item\n|clearpoke\n|poke|p1|Blastoise, L50, F|\n|poke|p1|Sinistcha, L50|\n|poke|p1|Liepard, L50, F|\n|poke|p1|Aerodactyl, L50, F|\n|poke|p1|Talonflame, L50, F|\n|poke|p1|Farigiraf, L50, M|\n|poke|p2|Floette-Eternal, L50, F|\n|poke|p2|Aerodactyl, L50, F|\n|poke|p2|Incineroar, L50, F|\n|poke|p2|Sneasler, L50, F|\n|poke|p2|Basculegion, L50, M|\n|poke|p2|Meowscarada, L50, M|\n|teampreview|4\n|\n|t:|1776205337\n|teamsize|p1|4\n|teamsize|p2|4\n|start\n|switch|p1a: The Defect|Blastoise, L50, F|100/100\n|switch|p1b: The Necrobinder|Liepard, L50, F|100/100\n|switch|p2a: Meowscarada|Meowscarada, L50, M|100/100\n|switch|p2b: ms. nuke|Floette-Eternal, L50, F|100/100\n|turn|1\n|\n|t:|1776205363\n|detailschange|p2b: ms. nuke|Floette-Mega, L50, F\n|-mega|p2b: ms. nuke|Floette|Floettite\n|-ability|p2b: ms. nuke|Fairy Aura\n|detailschange|p1a: The Defect|Blastoise-Mega, L50, F\n|-mega|p1a: The Defect|Blastoise|Blastoisinite\n|move|p1b: The Necrobinder|Fake Out|p2a: Meowscarada\n|-damage|p2a: Meowscarada|89/100\n|cant|p2a: Meowscarada|flinch\n|move|p2b: ms. nuke|Dazzling Gleam|p1b: The Necrobinder|[spread] p1a,p1b\n|-supereffective|p1b: The Necrobinder|1\n|-crit|p1b: The Necrobinder\n|-damage|p1a: The Defect|56/100\n|-damage|p1b: The Necrobinder|0 fnt\n|faint|p1b: The Necrobinder\n|move|p1a: The Defect|Aura Sphere|p2a: Meowscarada\n|-supereffective|p2a: Meowscarada|1\n|-damage|p2a: Meowscarada|0 fnt\n|faint|p2a: Meowscarada\n|\n|upkeep\n|\n|t:|1776205390\n|switch|p2a: sweet dreams|Sneasler, L50, F|100/100\n|switch|p1b: The Silent|Sinistcha, L50|100/100\n|-heal|p1a: The Defect|80/100|[from] ability: Hospitality|[of] p1b: The Silent\n|turn|2\n|\n|t:|1776205447\n|switch|p1a: The Ironclad|Talonflame, L50, F|100/100\n|move|p2a: sweet dreams|Dire Claw|p1b: The Silent\n|-damage|p1b: The Silent|54/100\n|move|p2b: ms. nuke|Light of Ruin|p1b: The Silent\n|-damage|p1b: The Silent|0 fnt\n|faint|p1b: The Silent\n|-damage|p2b: ms. nuke|69/100|[from] Recoil\n|\n|upkeep\n|\n|t:|1776205452\n|switch|p1b: The Defect|Blastoise-Mega, L50, F|80/100\n|turn|3\n|\n|t:|1776205503\n|switch|p2a: relevant gen 1 mon|Aerodactyl, L50, F|100/100\n|-ability|p2a: relevant gen 1 mon|Unnerve\n|move|p1a: The Ironclad|Tailwind|p1a: The Ironclad\n|-sidestart|p1: hyunbelievable|move: Tailwind\n|move|p1b: The Defect|Water Spout|p2a: relevant gen 1 mon|[spread] p2a,p2b\n|-supereffective|p2a: relevant gen 1 mon|1\n|-enditem|p2a: relevant gen 1 mon|Focus Sash\n|-damage|p2a: relevant gen 1 mon|1/100\n|-damage|p2b: ms. nuke|25/100\n|move|p2b: ms. nuke|Light of Ruin|p1b: The Defect\n|-damage|p1b: The Defect|0 fnt\n|faint|p1b: The Defect\n|-damage|p2b: ms. nuke|0 fnt|[from] Recoil\n|faint|p2b: ms. nuke\n|\n|upkeep\n|\n|t:|1776205519\n|switch|p2b: sweet dreams|Sneasler, L50, F|100/100\n|turn|4\n|\n|t:|1776205542\n|move|p2b: sweet dreams|Fake Out|p1a: The Ironclad\n|-damage|p1a: The Ironclad|77/100\n|cant|p1a: The Ironclad|flinch\n|move|p2a: relevant gen 1 mon|Tailwind|p2a: relevant gen 1 mon\n|-sidestart|p2: AugustusTheStrong|move: Tailwind\n|\n|upkeep\n|turn|5\n|\n|t:|1776205552\n|move|p1a: The Ironclad|Feint|p2a: relevant gen 1 mon\n|-resisted|p2a: relevant gen 1 mon|1\n|-damage|p2a: relevant gen 1 mon|0 fnt\n|faint|p2a: relevant gen 1 mon\n|move|p2b: sweet dreams|Dire Claw|p1a: The Ironclad\n|-damage|p1a: The Ironclad|5/100\n|\n|upkeep\n|turn|6\n|\n|t:|1776205560\n|move|p1a: The Ironclad|Brave Bird|p2b: sweet dreams\n|-supereffective|p2b: sweet dreams|1\n|-damage|p2b: sweet dreams|0 fnt\n|faint|p2b: sweet dreams\n|-damage|p1a: The Ironclad|0 fnt|[from] Recoil\n|faint|p1a: The Ironclad\n|\n|win|hyunbelievable\n|raw|hyunbelievable's rating: 1108 &rarr; <strong>1136</strong><br />(+28 for winning)\n|raw|AugustusTheStrong's rating: 1149 &rarr; <strong>1121</strong><br />(-28 for losing)\n",
  "uploadtime": 1776205562,
  "views": 17,
  "formatid": "gen9championsvgc2026regma",
  "rating": 1121,
  "private": 0,
  "password": null
}