{
  "id": "gen9championsvgc2026regma-2582809274",
  "format": "[Gen 9 Champions] VGC 2026 Reg M-A",
  "players": [
    "Pegassin",
    "Egitron"
  ],
  "log": "|j|\u203dPegassin\n|j|\u2606Egitron\n|t:|1776115750\n|gametype|doubles\n|player|p1|Pegassin|170|1100\n|player|p2|Egitron|grimsley|1000\n|gen|9\n|tier|[Gen 9 Champions] VGC 2026 Reg M-A\n|rated|\n|rule|Species Clause: Limit one of each Pok\u00e9mon\n|rule|Item Clause: Limit 1 of each item\n|clearpoke\n|poke|p1|Floette-Eternal, L50, F|\n|poke|p1|Aerodactyl, L50, F|\n|poke|p1|Primarina, L50, M|\n|poke|p1|Maushold, L50|\n|poke|p1|Garchomp, L50, M|\n|poke|p1|Incineroar, L50, F|\n|poke|p2|Excadrill, L50, F|\n|poke|p2|Floette-Eternal, L50, F|\n|poke|p2|Tyranitar, L50, F|\n|poke|p2|Whimsicott, L50, M|\n|poke|p2|Hawlucha, L50, M|\n|poke|p2|Incineroar, L50, M|\n|teampreview|4\nPegassin rejected open team sheets.\n|inactive|Battle timer is ON: inactive players will automatically lose when time's up. (requested by Pegassin)\n|\n|t:|1776115783\n|teamsize|p1|4\n|teamsize|p2|4\n|start\n|switch|p1a: Aerodactyl|Aerodactyl, L50, F|100/100\n|switch|p1b: Incineroar|Incineroar, L50, F|100/100\n|switch|p2a: Hawlucha|Hawlucha, L50, M|100/100\n|switch|p2b: Excadrill|Excadrill, L50, F|100/100\n|-ability|p1a: Aerodactyl|Unnerve\n|-ability|p1b: Incineroar|Intimidate|boost\n|-unboost|p2a: Hawlucha|atk|1\n|-unboost|p2b: Excadrill|atk|1\n|turn|1\n|inactive|Egitron has 30 seconds left.\n|\n|t:|1776115809\n|move|p2a: Hawlucha|Detect|p2a: Hawlucha\n|-singleturn|p2a: Hawlucha|Protect\n|move|p1a: Aerodactyl|Tailwind|p1a: Aerodactyl\n|-sidestart|p1: Pegassin|move: Tailwind\n|move|p1b: Incineroar|Parting Shot|p2a: Hawlucha\n|-activate|p2a: Hawlucha|move: Protect\n|move|p2b: Excadrill|Rock Slide|p1b: Incineroar|[spread] p1a,p1b\n|-supereffective|p1a: Aerodactyl|1\n|-supereffective|p1b: Incineroar|1\n|-damage|p1a: Aerodactyl|55/100\n|-damage|p1b: Incineroar|76/100\n|\n|upkeep\n|turn|2\n|inactive|Pegassin has 30 seconds left.\n|\n|t:|1776115844\n|detailschange|p2a: Hawlucha|Hawlucha-Mega, L50, M\n|-mega|p2a: Hawlucha|Hawlucha|Hawluchanite\n|move|p1a: Aerodactyl|Protect|p1a: Aerodactyl\n|-singleturn|p1a: Aerodactyl|Protect\n|move|p2a: Hawlucha|Entrainment|p2b: Excadrill\n|-ability|p2b: Excadrill|No Guard|Sand Rush|[from] move: Entrainment|[of] p2a: Hawlucha\n|move|p1b: Incineroar|Parting Shot|p2a: Hawlucha\n|-unboost|p2a: Hawlucha|atk|1\n|-unboost|p2a: Hawlucha|spa|1\n|\n|t:|1776115862\n|switch|p1b: Garchomp|Garchomp, L50, M|100/100|[from] Parting Shot\n|move|p2b: Excadrill|Rock Slide|p1b: Garchomp|[spread] p1b\n|-activate|p1a: Aerodactyl|move: Protect\n|-resisted|p1b: Garchomp|1\n|-damage|p1b: Garchomp|93/100\n|\n|upkeep\n|turn|3\n|\n|t:|1776115879\n|switch|p2a: Tyranitar|Tyranitar, L50, F|100/100\n|-weather|Sandstorm|[from] ability: Sand Stream|[of] p2a: Tyranitar\n|move|p1a: Aerodactyl|Rock Slide|p2b: Excadrill|[spread] p2a,p2b\n|-resisted|p2b: Excadrill|2\n|-damage|p2a: Tyranitar|74/100\n|-damage|p2b: Excadrill|91/100\n|move|p1b: Garchomp|Earthquake|p2a: Tyranitar|[spread] p2a,p2b\n|-immune|p1a: Aerodactyl\n|-supereffective|p2a: Tyranitar|1\n|-supereffective|p2b: Excadrill|1\n|-damage|p2a: Tyranitar|4/100\n|-damage|p2b: Excadrill|0 fnt\n|faint|p2b: Excadrill\n|\n|-weather|Sandstorm|[upkeep]\n|-heal|p2a: Tyranitar|10/100|[from] item: Leftovers\n|upkeep\n|\n|t:|1776115902\n|switch|p2b: Whimsicott|Whimsicott, L50, M|100/100\n|turn|4\n|\n|t:|1776115913\n|move|p1a: Aerodactyl|Protect|p1a: Aerodactyl\n|-singleturn|p1a: Aerodactyl|Protect\n|move|p1b: Garchomp|Protect|p1b: Garchomp\n|-singleturn|p1b: Garchomp|Protect\n|move|p2b: Whimsicott|Moonblast|p1b: Garchomp\n|-activate|p1b: Garchomp|move: Protect\n|move|p2a: Tyranitar|Rock Slide|p1a: Aerodactyl|[spread] \n|-activate|p1a: Aerodactyl|move: Protect\n|-activate|p1b: Garchomp|move: Protect\n|\n|-weather|Sandstorm|[upkeep]\n|-damage|p2b: Whimsicott|95/100|[from] Sandstorm\n|-heal|p2a: Tyranitar|16/100|[from] item: Leftovers\n|-sideend|p1: Pegassin|move: Tailwind\n|upkeep\n|turn|5\n|\n|t:|1776115934\n|move|p2a: Tyranitar|Protect|p2a: Tyranitar\n|-singleturn|p2a: Tyranitar|Protect\n|move|p2b: Whimsicott|Tailwind|p2b: Whimsicott\n|-sidestart|p2: Egitron|move: Tailwind\n|move|p1a: Aerodactyl|Tailwind|p1a: Aerodactyl\n|-sidestart|p1: Pegassin|move: Tailwind\n|move|p1b: Garchomp|Earthquake|p2a: Tyranitar|[spread] p2b\n|-activate|p2a: Tyranitar|move: Protect\n|-immune|p1a: Aerodactyl\n|-resisted|p2b: Whimsicott|1\n|-damage|p2b: Whimsicott|74/100\n|\n|-weather|Sandstorm|[upkeep]\n|-damage|p2b: Whimsicott|68/100|[from] Sandstorm\n|-heal|p2a: Tyranitar|22/100|[from] item: Leftovers\n|upkeep\n|turn|6\n|\n|t:|1776115955\n|switch|p2a: Hawlucha|Hawlucha-Mega, L50, M|100/100\n|move|p1a: Aerodactyl|Dual Wingbeat|p2b: Whimsicott\n|-supereffective|p2b: Whimsicott|1\n|-damage|p2b: Whimsicott|28/100\n|-supereffective|p2b: Whimsicott|1\n|-damage|p2b: Whimsicott|0 fnt\n|faint|p2b: Whimsicott\n|-hitcount|p2: Whimsicott|2\n|move|p1b: Garchomp|Earthquake|p2a: Hawlucha|[spread] \n|-immune|p1a: Aerodactyl\n|-immune|p2a: Hawlucha\n|\n|-weather|Sandstorm|[upkeep]\n|-damage|p2a: Hawlucha|95/100|[from] Sandstorm\n|upkeep\n|\n|t:|1776115969\n|switch|p2b: Tyranitar|Tyranitar, L50, F|22/100\n|turn|7\n|-message|Egitron forfeited.\n|\n|win|Pegassin\n|raw|Pegassin's rating: 1100 &rarr; <strong>1118</strong><br />(+18 for winning)\n|raw|Egitron's rating: 1000 &rarr; <strong>1000</strong><br />(+0 for losing)\n",
  "uploadtime": 1776115982,
  "views": 13,
  "formatid": "gen9championsvgc2026regma",
  "rating": 1000,
  "private": 0,
  "password": null
}