{
  "id": "gen9championsvgc2026regma-2587870296",
  "format": "[Gen 9 Champions] VGC 2026 Reg M-A",
  "players": [
    "zhz2021",
    "W0kMeDed"
  ],
  "log": "|j|\u2606zhz2021\n|j|\u2606W0kMeDed\n|t:|1776572771\n|gametype|doubles\n|player|p1|zhz2021|marley|1496\n|player|p2|W0kMeDed|palmer|1426\n|gen|9\n|tier|[Gen 9 Champions] VGC 2026 Reg M-A\n|rated|\n|rule|Species Clause: Limit one of each Pok\u00e9mon\n|rule|Item Clause: Limit 1 of each item\n|clearpoke\n|poke|p1|Sableye, L50, M|\n|poke|p1|Archaludon, L50, M|\n|poke|p1|Scovillain, L50, F, shiny|\n|poke|p1|Basculegion-F, L50, F, shiny|\n|poke|p1|Pelipper, L50, M|\n|poke|p1|Mamoswine, L50, M|\n|poke|p2|Clefable, L50, F|\n|poke|p2|Skeledirge, L50, F|\n|poke|p2|Milotic, L50, M|\n|poke|p2|Sinistcha, L50|\n|poke|p2|Sneasler, L50, M|\n|poke|p2|Kangaskhan, L50, F|\n|teampreview|4\n|inactive|Battle timer is ON: inactive players will automatically lose when time's up. (requested by zhz2021)\n|\n|t:|1776572829\n|teamsize|p1|4\n|teamsize|p2|4\n|start\n|switch|p1a: Pelipper|Pelipper, L50, M|100/100\n|switch|p1b: Basculegion|Basculegion-F, L50, F, shiny|100/100\n|switch|p2a: Trifolium|Clefable, L50, F|100/100\n|switch|p2b: use poltergeist|Skeledirge, L50, F|100/100\n|-weather|RainDance|[from] ability: Drizzle|[of] p1a: Pelipper\n|turn|1\n|\n|t:|1776572847\n|switch|p2b: VGC 2020|Milotic, L50, M|100/100\n|move|p1b: Basculegion|Muddy Water|p2a: Trifolium|[spread] p2b\n|-miss|p1b: Basculegion|p2a: Trifolium\n|-resisted|p2b: VGC 2020|1\n|-damage|p2b: VGC 2020|86/100\n|move|p1a: Pelipper|Weather Ball|p2a: Trifolium\n|-damage|p2a: Trifolium|50/100\n|move|p2a: Trifolium|Calm Mind|p2a: Trifolium\n|-boost|p2a: Trifolium|spa|1\n|-boost|p2a: Trifolium|spd|1\n|\n|-weather|RainDance|[upkeep]\n|-heal|p2b: VGC 2020|92/100|[from] item: Leftovers\n|upkeep\n|turn|2\n|\n|t:|1776572861\n|move|p2a: Trifolium|Protect|p2a: Trifolium\n|-singleturn|p2a: Trifolium|Protect\n|move|p1b: Basculegion|Muddy Water|p2b: VGC 2020|[spread] p2b\n|-activate|p2a: Trifolium|move: Protect\n|-resisted|p2b: VGC 2020|1\n|-damage|p2b: VGC 2020|77/100\n|move|p1a: Pelipper|Weather Ball|p2a: Trifolium\n|-activate|p2a: Trifolium|move: Protect\n|move|p2b: VGC 2020|Hypnosis|p1b: Basculegion\n|-status|p1b: Basculegion|slp|[from] move: Hypnosis\n|\n|-weather|RainDance|[upkeep]\n|-heal|p2b: VGC 2020|83/100|[from] item: Leftovers\n|upkeep\n|turn|3\n|j| sammap\n|l| sammap\n|\n|t:|1776572885\n|switch|p2b: Whisky|Sinistcha, L50|100/100\n|-heal|p2a: Trifolium|74/100|[from] ability: Hospitality|[of] p2b: Whisky\n|cant|p1b: Basculegion|slp\n|move|p1a: Pelipper|Weather Ball|p2a: Trifolium\n|-damage|p2a: Trifolium|40/100\n|move|p2a: Trifolium|Calm Mind|p2a: Trifolium\n|-boost|p2a: Trifolium|spa|1\n|-boost|p2a: Trifolium|spd|1\n|\n|-weather|RainDance|[upkeep]\n|upkeep\n|turn|4\n|\n|t:|1776572901\n|move|p2a: Trifolium|Protect|p2a: Trifolium\n|-singleturn|p2a: Trifolium|Protect\n|cant|p1b: Basculegion|slp\n|move|p1a: Pelipper|Hurricane|p2b: Whisky\n|-supereffective|p2b: Whisky|1\n|-damage|p2b: Whisky|25/100\n|-enditem|p2b: Whisky|Sitrus Berry|[eat]\n|-heal|p2b: Whisky|50/100|[from] item: Sitrus Berry\n|move|p2b: Whisky|Life Dew|p2b: Whisky|[spread] p2a,p2b\n|-heal|p2a: Trifolium|65/100\n|-heal|p2b: Whisky|75/100\n|\n|-weather|RainDance|[upkeep]\n|upkeep\n|turn|5\n|\n|t:|1776572916\n|switch|p2b: VGC 2020|Milotic, L50, M|83/100\n|detailschange|p2a: Trifolium|Clefable-Mega, L50, F\n|-mega|p2a: Trifolium|Clefable|Clefablite\n|-curestatus|p1b: Basculegion|slp|[msg]\n|move|p1b: Basculegion|Hex|p2b: VGC 2020\n|-damage|p2b: VGC 2020|64/100\n|move|p1a: Pelipper|Hurricane|p2b: VGC 2020\n|-damage|p2b: VGC 2020|39/100\n|move|p2a: Trifolium|Moonblast|p1b: Basculegion\n|-damage|p1b: Basculegion|0 fnt\n|faint|p1b: Basculegion\n|\n|-weather|none\n|-heal|p2b: VGC 2020|45/100|[from] item: Leftovers\n|upkeep\n|\n|t:|1776572924\n|switch|p1b: Archaludon|Archaludon, L50, M|100/100\n|turn|6\n|\n|t:|1776572935\n|switch|p2b: Whisky|Sinistcha, L50|75/100\n|-heal|p2a: Trifolium|90/100|[from] ability: Hospitality|[of] p2b: Whisky\n|move|p1b: Archaludon|Protect|p1b: Archaludon\n|-singleturn|p1b: Archaludon|Protect\n|move|p1a: Pelipper|Tailwind|p1a: Pelipper\n|-sidestart|p1: zhz2021|move: Tailwind\n|move|p2a: Trifolium|Moonblast|p1b: Archaludon\n|-activate|p1b: Archaludon|move: Protect\n|\n|upkeep\n|turn|7\n|\n|t:|1776572944\n|switch|p1a: Scovillain|Scovillain, L50, F, shiny|100/100\n|switch|p2b: VGC 2020|Milotic, L50, M|45/100\n|move|p1b: Archaludon|Flash Cannon|p2a: Trifolium\n|-supereffective|p2a: Trifolium|1\n|-damage|p2a: Trifolium|59/100\n|-unboost|p2a: Trifolium|spd|1\n|move|p2a: Trifolium|Moonblast|p1b: Archaludon\n|-damage|p1b: Archaludon|0 fnt\n|faint|p1b: Archaludon\n|\n|-heal|p2b: VGC 2020|50/100|[from] item: Leftovers\n|-ability|p1a: Scovillain|Moody|boost\n|-boost|p1a: Scovillain|spe|2\n|-unboost|p1a: Scovillain|def|1\n|upkeep\n|\n|t:|1776572955\n|switch|p1b: Pelipper|Pelipper, L50, M|100/100\n|-weather|RainDance|[from] ability: Drizzle|[of] p1b: Pelipper\n|turn|8\n|\n|t:|1776572970\n|detailschange|p1a: Scovillain|Scovillain-Mega, L50, F, shiny\n|-mega|p1a: Scovillain|Scovillain|Scovillainite\n|move|p1a: Scovillain|Giga Drain|p2a: Trifolium\n|-resisted|p2a: Trifolium|1\n|-damage|p2a: Trifolium|50/100\n|move|p1b: Pelipper|Soak|p2a: Trifolium\n|move|p2a: Trifolium|Soak|p1b: Pelipper|[from] ability: Magic Bounce\n|-start|p1b: Pelipper|typechange|Water\n|move|p2b: VGC 2020|Muddy Water|p1b: Pelipper|[spread] p1b\n|-miss|p2b: VGC 2020|p1a: Scovillain\n|-resisted|p1b: Pelipper|1\n|-damage|p1b: Pelipper|79/100\n|-unboost|p1b: Pelipper|accuracy|1\n|move|p2a: Trifolium|Moonblast|p1b: Pelipper\n|-damage|p1b: Pelipper|0 fnt\n|faint|p1b: Pelipper\n|\n|-weather|RainDance|[upkeep]\n|-heal|p2b: VGC 2020|56/100|[from] item: Leftovers\n|upkeep\n|turn|9\n|-message|zhz2021 forfeited.\n|\n|win|W0kMeDed\n|raw|zhz2021's rating: 1514 &rarr; <strong>1488</strong><br />(-26 for losing)\n|raw|W0kMeDed's rating: 1403 &rarr; <strong>1429</strong><br />(+26 for winning)\n|l|\u2606zhz2021\n|player|p1|\n|j|\u2606zhz2021\n|player|p1|zhz2021|marley|\n|l|\u2606W0kMeDed\n|player|p2|\n|l|\u2606zhz2021\n|player|p1|\n",
  "uploadtime": 1776573037,
  "views": 14,
  "formatid": "gen9championsvgc2026regma",
  "rating": 1429,
  "private": 0,
  "password": null
}