{
  "id": "gen9championsvgc2026regma-2587300884",
  "format": "[Gen 9 Champions] VGC 2026 Reg M-A",
  "players": [
    "Dr. Papus",
    "Psicopatic"
  ],
  "log": "|j|\u2606Dr. Papus\n|j|\u2606Psicopatic\n|t:|1776519855\n|gametype|doubles\n|player|p1|Dr. Papus|morty|1324\n|player|p2|Psicopatic|265|1376\n|gen|9\n|tier|[Gen 9 Champions] VGC 2026 Reg M-A\n|rated|\n|rule|Species Clause: Limit one of each Pok\u00e9mon\n|rule|Item Clause: Limit 1 of each item\n|clearpoke\n|poke|p1|Archaludon, L50, M|\n|poke|p1|Pelipper, L50, M|\n|poke|p1|Sneasler, L50, F|\n|poke|p1|Sinistcha, L50|\n|poke|p1|Basculegion, L50, M|\n|poke|p1|Dragonite, L50, M|\n|poke|p2|Politoed, L50, M|\n|poke|p2|Incineroar, L50, F|\n|poke|p2|Gengar, L50, F|\n|poke|p2|Palafin, L50, M|\n|poke|p2|Sableye, L50, F|\n|poke|p2|Kingambit, L50, M|\n|teampreview|4\n|inactive|Battle timer is ON: inactive players will automatically lose when time's up. (requested by Dr. Papus)\n|j| VegitoSKBEST\n|l| VegitoSKBEST\n|inactive|Psicopatic has 60 seconds left.\n|\n|t:|1776519912\n|teamsize|p1|4\n|teamsize|p2|4\n|start\n|switch|p1a: Princess|Basculegion, L50, M|100/100\n|switch|p1b: Peeko|Pelipper, L50, M|100/100\n|switch|p2a: Incineroar|Incineroar, L50, F|100/100\n|switch|p2b: Gengar|Gengar, L50, F|100/100\n|-weather|RainDance|[from] ability: Drizzle|[of] p1b: Peeko\n|-ability|p2a: Incineroar|Intimidate|boost\n|-unboost|p1a: Princess|atk|1\n|-unboost|p1b: Peeko|atk|1\n|turn|1\n|\n|t:|1776519933\n|detailschange|p2b: Gengar|Gengar-Mega, L50, F\n|-mega|p2b: Gengar|Gengar|Gengarite\n|move|p2a: Incineroar|Fake Out|p1b: Peeko\n|-damage|p1b: Peeko|85/100\n|move|p1a: Princess|Wave Crash|p2a: Incineroar\n|-supereffective|p2a: Incineroar|1\n|-damage|p2a: Incineroar|0 fnt\n|faint|p2a: Incineroar\n|-damage|p1a: Princess|67/100|[from] Recoil\n|move|p2b: Gengar|Shadow Ball|p1b: Peeko\n|-damage|p1b: Peeko|0 fnt\n|faint|p1b: Peeko\n|\n|-weather|RainDance|[upkeep]\n|upkeep\n|\n|t:|1776519944\n|switch|p1b: Clanker|Archaludon, L50, M|100/100\n|switch|p2a: Kingambit|Kingambit, L50, M|100/100\n|turn|2\n|\n|t:|1776519959\n|switch|p1a: Lesbian|Sneasler, L50, F|100/100\n|move|p2b: Gengar|Protect|p2b: Gengar\n|-singleturn|p2b: Gengar|Protect\n|move|p2a: Kingambit|Protect|p2a: Kingambit\n|-singleturn|p2a: Kingambit|Protect\n|move|p1b: Clanker|Electro Shot||[still]\n|-prepare|p1b: Clanker|Electro Shot\n|-boost|p1b: Clanker|spa|1\n|-anim|p1b: Clanker|Electro Shot|p2b: Gengar\n|-activate|p2b: Gengar|move: Protect\n|\n|-weather|RainDance|[upkeep]\n|upkeep\n|turn|3\n|inactive|Psicopatic has 30 seconds left.\n|\n|t:|1776519991\n|move|p2a: Kingambit|Sucker Punch|p1b: Clanker\n|-damage|p1b: Clanker|65/100\n|-ability|p1b: Clanker|Stamina|boost\n|-boost|p1b: Clanker|def|1\n|move|p2b: Gengar|Shadow Ball|p1b: Clanker\n|-damage|p1b: Clanker|16/100\n|-ability|p1b: Clanker|Stamina|boost\n|-boost|p1b: Clanker|def|1\n|move|p1a: Lesbian|Close Combat|p2a: Kingambit\n|-supereffective|p2a: Kingambit|2\n|-damage|p2a: Kingambit|0 fnt\n|-unboost|p1a: Lesbian|def|1\n|-unboost|p1a: Lesbian|spd|1\n|faint|p2a: Kingambit\n|-enditem|p1a: Lesbian|White Herb\n|-clearnegativeboost|p1a: Lesbian|[silent]\n|move|p1b: Clanker|Draco Meteor|p2b: Gengar|[miss]\n|-miss|p1b: Clanker|p2b: Gengar\n|\n|-weather|RainDance|[upkeep]\n|-heal|p1b: Clanker|22/100|[from] item: Leftovers\n|upkeep\n|\n|t:|1776520004\n|switch|p2a: Sableye|Sableye, L50, F|100/100\n|turn|4\n|\n|t:|1776520021\n|move|p1b: Clanker|Protect|p1b: Clanker\n|-singleturn|p1b: Clanker|Protect\n|move|p2a: Sableye|Fake Out|p1a: Lesbian\n|-damage|p1a: Lesbian|89/100\n|cant|p1a: Lesbian|flinch\n|move|p2b: Gengar|Shadow Ball|p1b: Clanker\n|-activate|p1b: Clanker|move: Protect\n|\n|-weather|RainDance|[upkeep]\n|-heal|p1b: Clanker|28/100|[from] item: Leftovers\n|upkeep\n|turn|5\n|\n|t:|1776520033\n|move|p2a: Sableye|Encore|p1b: Clanker\n|-start|p1b: Clanker|Encore\n|move|p1b: Clanker|Protect|p1b: Clanker\n|-singleturn|p1b: Clanker|Protect\n|move|p1a: Lesbian|Dire Claw|p2b: Gengar\n|-resisted|p2b: Gengar|2\n|-damage|p2b: Gengar|83/100\n|move|p2b: Gengar|Shadow Ball|p1a: Lesbian\n|-crit|p1a: Lesbian\n|-damage|p1a: Lesbian|0 fnt\n|faint|p1a: Lesbian\n|\n|-weather|none\n|-heal|p1b: Clanker|35/100|[from] item: Leftovers\n|upkeep\n|\n|t:|1776520035\n|switch|p1a: Princess|Basculegion, L50, M|67/100\n|turn|6\n|n|!Dr. Papus|drpapus\n|\n|t:|1776520053\n|move|p1b: Clanker|Protect||[still]\n|-fail|p1b: Clanker\n|move|p2a: Sableye|Disable|p1b: Clanker\n|-start|p1b: Clanker|Disable|Protect\n|move|p1a: Princess|Last Respects|p2b: Gengar\n|-supereffective|p2b: Gengar|1\n|-damage|p2b: Gengar|0 fnt\n|faint|p2b: Gengar\n|\n|-heal|p1b: Clanker|41/100|[from] item: Leftovers\n|upkeep\n|turn|7\n|\n|t:|1776520062\n|move|p2a: Sableye|Disable|p1a: Princess\n|-start|p1a: Princess|Disable|Last Respects\n|cant|p1a: Princess|Disable|Last Respects\n|-activate|p1b: Clanker|move: Struggle\n|move|p1b: Clanker|Struggle|p2a: Sableye\n|-damage|p2a: Sableye|88/100\n|-damage|p1b: Clanker|16/100|[from] recoil\n|\n|-heal|p1b: Clanker|22/100|[from] item: Leftovers\n|-end|p1b: Clanker|Encore\n|upkeep\n|turn|8\n|\n|t:|1776520069\n|move|p2a: Sableye|Encore||[still]\n|-fail|p2a: Sableye\n|-activate|p1a: Princess|move: Struggle\n|move|p1a: Princess|Struggle|p2a: Sableye\n|-damage|p2a: Sableye|71/100\n|-damage|p1a: Princess|42/100|[from] recoil\n|move|p1b: Clanker|Flash Cannon|p2a: Sableye\n|-damage|p2a: Sableye|0 fnt\n|faint|p2a: Sableye\n|\n|win|Dr. Papus\n",
  "uploadtime": 1776520053,
  "views": 17,
  "formatid": "gen9championsvgc2026regma",
  "rating": null,
  "private": 0,
  "password": null
}