{
  "id": "gen9championsvgc2026regma-2585039256",
  "format": "[Gen 9 Champions] VGC 2026 Reg M-A",
  "players": [
    "Cabra Leso",
    "Elite Fource"
  ],
  "log": "|j|\u2606Cabra Leso\n|j|\u2606Elite Fource\n|t:|1776305755\n|gametype|doubles\n|player|p1|Cabra Leso|elm|1087\n|player|p2|Elite Fource|infielder|1026\n|gen|9\n|tier|[Gen 9 Champions] VGC 2026 Reg M-A\n|rated|\n|rule|Species Clause: Limit one of each Pok\u00e9mon\n|rule|Item Clause: Limit 1 of each item\n|clearpoke\n|poke|p1|Gourgeist-*, L50, M|\n|poke|p1|Gyarados, L50, M|\n|poke|p1|Hawlucha, L50, M|\n|poke|p1|Whimsicott, L50, F|\n|poke|p1|Feraligatr, L50, M|\n|poke|p1|Scizor, L50, M|\n|poke|p2|Crabominable, L50, F|\n|poke|p2|Araquanid, L50, M|\n|poke|p2|Arcanine, L50, F|\n|poke|p2|Sinistcha-Masterpiece, L50|\n|poke|p2|Jolteon, L50, F|\n|poke|p2|Floette-Eternal, L50, F|\n|teampreview|4\n|inactive|Battle timer is ON: inactive players will automatically lose when time's up. (requested by Elite Fource)\n|\n|t:|1776305781\n|teamsize|p1|4\n|teamsize|p2|4\n|start\n|switch|p1a: Whimsicott|Whimsicott, L50, F|100/100\n|switch|p1b: Scizor|Scizor, L50, M|100/100\n|switch|p2a: Green Shrek|Jolteon, L50, F, shiny|100/100\n|switch|p2b: Wait for it|Arcanine, L50, F|100/100\n|-ability|p2b: Wait for it|Intimidate|boost\n|-unboost|p1a: Whimsicott|atk|1\n|-unboost|p1b: Scizor|atk|1\n|turn|1\n|\n|t:|1776305802\n|switch|p1b: Feraligatr|Feraligatr, L50, M|100/100\n|move|p1a: Whimsicott|Tailwind|p1a: Whimsicott\n|-sidestart|p1: Cabra Leso|move: Tailwind\n|move|p2a: Green Shrek|Thunderbolt|p1b: Feraligatr\n|-supereffective|p1b: Feraligatr|1\n|-damage|p1b: Feraligatr|0 fnt\n|faint|p1b: Feraligatr\n|move|p2b: Wait for it|Overheat|p1a: Whimsicott\n|-supereffective|p1a: Whimsicott|1\n|-damage|p1a: Whimsicott|11/100\n|-unboost|p2b: Wait for it|spa|2\n|-enditem|p2b: Wait for it|White Herb\n|-clearnegativeboost|p2b: Wait for it|[silent]\n|\n|upkeep\n|\n|t:|1776305825\n|switch|p1b: Hawlucha|Hawlucha, L50, M|100/100\n|turn|2\n|\n|t:|1776305834\n|move|p1a: Whimsicott|Helping Hand|p1b: Hawlucha\n|-singleturn|p1b: Hawlucha|Helping Hand|[of] p1a: Whimsicott\n|move|p1b: Hawlucha|Close Combat|p2b: Wait for it\n|-damage|p2b: Wait for it|43/100\n|-unboost|p1b: Hawlucha|def|1\n|-unboost|p1b: Hawlucha|spd|1\n|-enditem|p1b: Hawlucha|White Herb\n|-clearnegativeboost|p1b: Hawlucha|[silent]\n|move|p2a: Green Shrek|Thunderbolt|p1b: Hawlucha\n|-supereffective|p1b: Hawlucha|1\n|-damage|p1b: Hawlucha|0 fnt\n|faint|p1b: Hawlucha\n|move|p2b: Wait for it|Will-O-Wisp|p1a: Whimsicott\n|-status|p1a: Whimsicott|brn\n|\n|-damage|p1a: Whimsicott|5/100 brn|[from] brn\n|upkeep\n|\n|t:|1776305853\n|switch|p1b: Scizor|Scizor, L50, M|100/100\n|turn|3\n|\n|t:|1776305869\n|move|p1a: Whimsicott|Moonblast|p2a: Green Shrek\n|-damage|p2a: Green Shrek|65/100\n|move|p2a: Green Shrek|Hyper Voice|p1a: Whimsicott|[spread] p1a,p1b\n|-resisted|p1b: Scizor|1\n|-damage|p1a: Whimsicott|0 fnt\n|-damage|p1b: Scizor|90/100\n|faint|p1a: Whimsicott\n|move|p1b: Scizor|Iron Head|p2b: Wait for it\n|-resisted|p2b: Wait for it|1\n|-damage|p2b: Wait for it|20/100\n|cant|p2b: Wait for it|flinch\n|\n|upkeep\n|turn|4\n|\n|t:|1776305890\n|switch|p2a: no matcha???|Sinistcha-Masterpiece, L50|100/100\n|-heal|p2b: Wait for it|45/100|[from] ability: Hospitality|[of] p2a: no matcha???\n|move|p1b: Scizor|Iron Head|p2b: Wait for it\n|-resisted|p2b: Wait for it|1\n|-damage|p2b: Wait for it|20/100\n|move|p2b: Wait for it|Will-O-Wisp|p1b: Scizor\n|-status|p1b: Scizor|brn\n|\n|-damage|p1b: Scizor|83/100 brn|[from] brn\n|-sideend|p1: Cabra Leso|move: Tailwind\n|upkeep\n|turn|5\n|-message|Cabra Leso forfeited.\n|\n|win|Elite Fource\n|raw|Cabra Leso's rating: 1087 &rarr; <strong>1060</strong><br />(-27 for losing)\n|raw|Elite Fource's rating: 1026 &rarr; <strong>1068</strong><br />(+42 for winning)\n|l|\u2606Cabra Leso\n|player|p1|\n",
  "uploadtime": 1776305906,
  "views": 21,
  "formatid": "gen9championsvgc2026regma",
  "rating": 1060,
  "private": 0,
  "password": null
}