{
  "id": "gen9championsvgc2026regma-2582018410",
  "format": "[Gen 9 Champions] VGC 2026 Reg M-A",
  "players": [
    "Ecaracini",
    "Adicire"
  ],
  "log": "|j|\u2606Ecaracini\n|j|\u2606Adicire\n|t:|1776048830\n|gametype|doubles\n|player|p1|Ecaracini|1|1325\n|player|p2|Adicire|266|1234\n|gen|9\n|tier|[Gen 9 Champions] VGC 2026 Reg M-A\n|rated|\n|rule|Species Clause: Limit one of each Pok\u00e9mon\n|rule|Item Clause: Limit 1 of each item\n|clearpoke\n|poke|p1|Froslass, L50, F|\n|poke|p1|Sneasler, L50, F|\n|poke|p1|Kingambit, L50, M|\n|poke|p1|Garchomp, L50, M|\n|poke|p1|Aerodactyl, L50, M|\n|poke|p1|Rotom-Wash, L50|\n|poke|p2|Kangaskhan, L50, F|\n|poke|p2|Talonflame, L50, M|\n|poke|p2|Sinistcha, L50|\n|poke|p2|Basculegion, L50, M|\n|poke|p2|Garchomp, L50, F|\n|poke|p2|Kingambit, L50, F|\n|teampreview|4\n|inactive|Battle timer is ON: inactive players will automatically lose when time's up. (requested by Adicire)\n|\n|t:|1776048876\n|teamsize|p1|4\n|teamsize|p2|4\n|start\n|switch|p1a: Froslass|Froslass, L50, F, shiny|100/100\n|switch|p1b: Sneasler|Sneasler, L50, F|100/100\n|switch|p2a: Basculegion|Basculegion, L50, M|100/100\n|switch|p2b: Talonflame|Talonflame, L50, M|100/100\n|turn|1\n|inactive|Adicire has 30 seconds left.\n|\n|t:|1776048902\n|switch|p1a: Kingambit|Kingambit, L50, M, shiny|100/100\n|move|p2b: Talonflame|Protect|p2b: Talonflame\n|-singleturn|p2b: Talonflame|Protect\n|move|p1b: Sneasler|Fake Out|p2b: Talonflame\n|-activate|p2b: Talonflame|move: Protect\n|move|p2a: Basculegion|Flip Turn|p1a: Kingambit\n|-damage|p1a: Kingambit|71/100\n|\n|t:|1776048909\n|switch|p2a: Kangaskhan|Kangaskhan, L50, F|100/100|[from] Flip Turn\n|\n|upkeep\n|turn|2\n|inactive|Ecaracini has 30 seconds left.\n|\n|t:|1776048943\n|switch|p1a: Froslass|Froslass, L50, F, shiny|100/100\n|detailschange|p2a: Kangaskhan|Kangaskhan-Mega, L50, F\n|-mega|p2a: Kangaskhan|Kangaskhan|Kangaskhanite\n|move|p1b: Sneasler|Protect|p1b: Sneasler\n|-singleturn|p1b: Sneasler|Protect\n|move|p2a: Kangaskhan|Fake Out|p1b: Sneasler\n|-activate|p1b: Sneasler|move: Protect\n|move|p2b: Talonflame|Will-O-Wisp|p1a: Froslass|[miss]\n|-miss|p2b: Talonflame|p1a: Froslass\n|\n|upkeep\n|turn|3\n|\n|t:|1776048961\n|switch|p1b: Garchomp|Garchomp, L50, M|100/100\n|switch|p2a: Basculegion|Basculegion, L50, M|100/100\n|detailschange|p1a: Froslass|Froslass-Mega, L50, F, shiny\n|-mega|p1a: Froslass|Froslass|Froslassite\n|-weather|Snowscape|[from] ability: Snow Warning|[of] p1a: Froslass\n|move|p2b: Talonflame|Will-O-Wisp|p1b: Garchomp\n|-status|p1b: Garchomp|brn\n|-enditem|p1b: Garchomp|Lum Berry|[eat]\n|-curestatus|p1b: Garchomp|brn|[msg]\n|move|p1a: Froslass|Aurora Veil|p1a: Froslass\n|-sidestart|p1: Ecaracini|move: Aurora Veil\n|\n|-weather|Snowscape|[upkeep]\n|upkeep\n|turn|4\n|inactive|Ecaracini has 30 seconds left.\n|\n|t:|1776048994\n|move|p1a: Froslass|Protect|p1a: Froslass\n|-singleturn|p1a: Froslass|Protect\n|move|p2b: Talonflame|Will-O-Wisp|p1b: Garchomp\n|-status|p1b: Garchomp|brn\n|move|p2a: Basculegion|Flip Turn|p1a: Froslass\n|-activate|p1a: Froslass|move: Protect\n|move|p1b: Garchomp|Dragon Claw|p2b: Talonflame\n|-damage|p2b: Talonflame|73/100\n|\n|-weather|Snowscape|[upkeep]\n|-damage|p1b: Garchomp|94/100 brn|[from] brn\n|upkeep\n|turn|5\n|inactive|Ecaracini has 30 seconds left.\n|\n|t:|1776049019\n|move|p2a: Basculegion|Flip Turn|p1a: Froslass\n|-damage|p1a: Froslass|70/100\n|\n|t:|1776049022\n|switch|p2a: Kingambit|Kingambit, L50, F|100/100|[from] Flip Turn\n|move|p2b: Talonflame|Tailwind|p2b: Talonflame\n|-sidestart|p2: Adicire|move: Tailwind\n|move|p1a: Froslass|Blizzard|p2a: Kingambit|[spread] p2a,p2b\n|-resisted|p2a: Kingambit|1\n|-damage|p2a: Kingambit|73/100\n|-damage|p2b: Talonflame|16/100\n|move|p1b: Garchomp|Dragon Claw|p2a: Kingambit\n|-resisted|p2a: Kingambit|1\n|-damage|p2a: Kingambit|64/100\n|\n|-weather|Snowscape|[upkeep]\n|-damage|p1b: Garchomp|88/100 brn|[from] brn\n|upkeep\n|turn|6\n|inactive|Adicire has 30 seconds left.\n|inactive|Ecaracini has 30 seconds left.\n|inactive|Adicire has 20 seconds left.\n|\n|t:|1776049062\n|switch|p1a: Sneasler|Sneasler, L50, F|100/100\n|move|p2b: Talonflame|Overheat|p1a: Sneasler\n|-damage|p1a: Sneasler|74/100\n|-unboost|p2b: Talonflame|spa|2\n|move|p2a: Kingambit|Iron Head|p1b: Garchomp\n|-damage|p1b: Garchomp|58/100 brn\n|-damage|p2a: Kingambit|52/100|[from] ability: Rough Skin|[of] p1b: Garchomp\n|move|p1b: Garchomp|Dragon Claw|p2b: Talonflame\n|-damage|p2b: Talonflame|0 fnt\n|faint|p2b: Talonflame\n|\n|-weather|Snowscape|[upkeep]\n|-damage|p1b: Garchomp|52/100 brn|[from] brn\n|upkeep\n|\n|t:|1776049076\n|switch|p2b: Kangaskhan|Kangaskhan-Mega, L50, F|100/100\n|turn|7\n|inactive|Adicire has 30 seconds left.\n|\n|t:|1776049104\n|move|p1a: Sneasler|Protect|p1a: Sneasler\n|-singleturn|p1a: Sneasler|Protect\n|move|p2b: Kangaskhan|Fake Out|p1b: Garchomp\n|-damage|p1b: Garchomp|38/100 brn\n|-damage|p2b: Kangaskhan|88/100|[from] ability: Rough Skin|[of] p1b: Garchomp\n|-damage|p1b: Garchomp|34/100 brn\n|-damage|p2b: Kangaskhan|76/100|[from] ability: Rough Skin|[of] p1b: Garchomp\n|-hitcount|p1b: Garchomp|2\n|move|p2a: Kingambit|Iron Head|p1a: Sneasler\n|-activate|p1a: Sneasler|move: Protect\n|cant|p1b: Garchomp|flinch\n|\n|-weather|none\n|-damage|p1b: Garchomp|28/100 brn|[from] brn\n|-sideend|p1: Ecaracini|move: Aurora Veil\n|upkeep\n|turn|8\n|inactive|Ecaracini has 30 seconds left.\n|\n|t:|1776049131\n|move|p2b: Kangaskhan|Drain Punch|p1b: Garchomp\n|-damage|p1b: Garchomp|0 fnt\n|-heal|p2b: Kangaskhan|90/100|[from] drain|[of] p1b: Garchomp\n|-damage|p2b: Kangaskhan|78/100|[from] ability: Rough Skin|[of] p1b: Garchomp\n|faint|p1b: Garchomp\n|-hitcount|p1: Garchomp|1\n|move|p2a: Kingambit|Iron Head|p1a: Sneasler\n|-damage|p1a: Sneasler|9/100\n|move|p1a: Sneasler|Close Combat|p2a: Kingambit\n|-supereffective|p2a: Kingambit|2\n|-damage|p2a: Kingambit|0 fnt\n|-unboost|p1a: Sneasler|def|1\n|-unboost|p1a: Sneasler|spd|1\n|faint|p2a: Kingambit\n|-enditem|p1a: Sneasler|White Herb\n|-clearnegativeboost|p1a: Sneasler|[silent]\n|\n|-sideend|p2: Adicire|move: Tailwind\n|upkeep\n|\n|t:|1776049145\n|switch|p1b: Kingambit|Kingambit, L50, M, shiny|71/100\n|switch|p2a: Basculegion|Basculegion, L50, M|100/100\n|turn|9\n|\n|t:|1776049157\n|switch|p1a: Froslass|Froslass-Mega, L50, F, shiny|70/100\n|-weather|Snowscape|[from] ability: Snow Warning|[of] p1a: Froslass\n|move|p2a: Basculegion|Aqua Jet|p1a: Froslass\n|-damage|p1a: Froslass|41/100\n|move|p1b: Kingambit|Sucker Punch||[still]\n|-fail|p1b: Kingambit\n|move|p2b: Kangaskhan|Drain Punch|p1b: Kingambit\n|-supereffective|p1b: Kingambit|2\n|-damage|p1b: Kingambit|0 fnt\n|-heal|p2b: Kangaskhan|100/100|[from] drain|[of] p1b: Kingambit\n|faint|p1b: Kingambit\n|-hitcount|p1: Kingambit|1\n|\n|-weather|Snowscape|[upkeep]\n|upkeep\n|\n|t:|1776049167\n|switch|p1b: Sneasler|Sneasler, L50, F|9/100\n|turn|10\n|\n|t:|1776049181\n|move|p1b: Sneasler|Fake Out|p2b: Kangaskhan\n|-damage|p2b: Kangaskhan|85/100\n|move|p2a: Basculegion|Aqua Jet|p1b: Sneasler\n|-damage|p1b: Sneasler|0 fnt\n|faint|p1b: Sneasler\n|cant|p2b: Kangaskhan|flinch\n|move|p1a: Froslass|Shadow Ball|p2a: Basculegion\n|-supereffective|p2a: Basculegion|1\n|-damage|p2a: Basculegion|5/100\n|\n|-weather|Snowscape|[upkeep]\n|upkeep\n|turn|11\n|\n|t:|1776049193\n|move|p1a: Froslass|Protect|p1a: Froslass\n|-singleturn|p1a: Froslass|Protect\n|move|p2a: Basculegion|Aqua Jet|p1a: Froslass\n|-activate|p1a: Froslass|move: Protect\n|move|p2b: Kangaskhan|Sucker Punch||[still]\n|-fail|p2b: Kangaskhan\n|\n|-weather|Snowscape|[upkeep]\n|upkeep\n|turn|12\n|\n|t:|1776049201\n|move|p2a: Basculegion|Aqua Jet|p1a: Froslass\n|-damage|p1a: Froslass|12/100\n|move|p2b: Kangaskhan|Sucker Punch||[still]\n|-fail|p2b: Kangaskhan\n|move|p1a: Froslass|Aurora Veil|p1a: Froslass\n|-sidestart|p1: Ecaracini|move: Aurora Veil\n|\n|-weather|Snowscape|[upkeep]\n|upkeep\n|turn|13\n|\n|t:|1776049214\n|move|p1a: Froslass|Protect|p1a: Froslass\n|-singleturn|p1a: Froslass|Protect\n|move|p2a: Basculegion|Aqua Jet|p1a: Froslass\n|-activate|p1a: Froslass|move: Protect\n|move|p2b: Kangaskhan|Sucker Punch||[still]\n|-fail|p2b: Kangaskhan\n|\n|-weather|none\n|upkeep\n|turn|14\n|\n|t:|1776049225\n|move|p2a: Basculegion|Aqua Jet|p1a: Froslass\n|-damage|p1a: Froslass|0 fnt\n|faint|p1a: Froslass\n|\n|win|Adicire\n|raw|Ecaracini's rating: 1325 &rarr; <strong>1300</strong><br />(-25 for losing)\n|raw|Adicire's rating: 1234 &rarr; <strong>1265</strong><br />(+31 for winning)\n",
  "uploadtime": 1776049251,
  "views": 26,
  "formatid": "gen9championsvgc2026regma",
  "rating": 1265,
  "private": 0,
  "password": null
}