{
  "id": "gen9championsvgc2026regma-2584141527",
  "format": "[Gen 9 Champions] VGC 2026 Reg M-A",
  "players": [
    "mydoot",
    "JustDevi"
  ],
  "log": "|j|\u2606mydoot\n|j|\u2606JustDevi\n|t:|1776229916\n|gametype|doubles\n|player|p1|mydoot|veteranf|1097\n|player|p2|JustDevi|2|1159\n|gen|9\n|tier|[Gen 9 Champions] VGC 2026 Reg M-A\n|rated|\n|rule|Species Clause: Limit one of each Pok\u00e9mon\n|rule|Item Clause: Limit 1 of each item\n|clearpoke\n|poke|p1|Glimmora, L50, M|\n|poke|p1|Incineroar, L50, F|\n|poke|p1|Whimsicott, L50, M|\n|poke|p1|Milotic, L50, M|\n|poke|p1|Garchomp, L50, M|\n|poke|p1|Rotom-Wash, L50|\n|poke|p2|Archaludon, L50, M|\n|poke|p2|Chesnaught, L50, M|\n|poke|p2|Basculegion, L50, M|\n|poke|p2|Pelipper, L50, F|\n|poke|p2|Tinkaton, L50, F|\n|poke|p2|Lycanroc-Dusk, L50, F|\n|teampreview|4\n|\n|t:|1776229942\n|teamsize|p1|4\n|teamsize|p2|4\n|start\n|switch|p1a: Glimmora|Glimmora, L50, M, shiny|100/100\n|switch|p1b: Whimsicott|Whimsicott, L50, M, shiny|100/100\n|switch|p2a: VENGEANCE|Basculegion, L50, M, shiny|100/100\n|switch|p2b: Chispin|Chesnaught, L50, M, shiny|100/100\n|turn|1\n|\n|t:|1776229975\n|switch|p2b: MINE MINE MINE|Pelipper, L50, F|100/100\n|-weather|RainDance|[from] ability: Drizzle|[of] p2b: MINE MINE MINE\n|move|p1a: Glimmora|Spiky Shield|p1a: Glimmora\n|-singleturn|p1a: Glimmora|move: Protect\n|move|p1b: Whimsicott|Tailwind|p1b: Whimsicott\n|-sidestart|p1: mydoot|move: Tailwind\n|move|p2a: VENGEANCE|Flip Turn|p1b: Whimsicott\n|-resisted|p1b: Whimsicott|1\n|-damage|p1b: Whimsicott|57/100\n|\n|t:|1776229988\n|switch|p2a: MIKE KILL ALL|Archaludon, L50, M, shiny|100/100|[from] Flip Turn\n|\n|-weather|RainDance|[upkeep]\n|upkeep\n|turn|2\n|\n|t:|1776230014\n|switch|p1b: Garchomp|Garchomp, L50, M|100/100\n|detailschange|p1a: Glimmora|Glimmora-Mega, L50, M, shiny\n|-mega|p1a: Glimmora|Glimmora|Glimmoranite\n|move|p1a: Glimmora|Power Gem|p2b: MINE MINE MINE\n|-supereffective|p2b: MINE MINE MINE|1\n|-enditem|p2b: MINE MINE MINE|Focus Sash\n|-damage|p2b: MINE MINE MINE|1/100\n|move|p2b: MINE MINE MINE|Tailwind|p2b: MINE MINE MINE\n|-sidestart|p2: JustDevi|move: Tailwind\n|move|p2a: MIKE KILL ALL|Flash Cannon|p1a: Glimmora\n|-supereffective|p1a: Glimmora|1\n|-damage|p1a: Glimmora|7/100\n|\n|-weather|RainDance|[upkeep]\n|upkeep\n|turn|3\n|\n|t:|1776230043\n|switch|p1a: Rotom|Rotom-Wash, L50, shiny|100/100\n|move|p1b: Garchomp|Earthquake|p2a: MIKE KILL ALL|[spread] p2a\n|-immune|p1a: Rotom|[from] ability: Levitate\n|-immune|p2b: MINE MINE MINE\n|-supereffective|p2a: MIKE KILL ALL|1\n|-damage|p2a: MIKE KILL ALL|41/100\n|-ability|p2a: MIKE KILL ALL|Stamina|boost\n|-boost|p2a: MIKE KILL ALL|def|1\n|move|p2b: MINE MINE MINE|Weather Ball|p1a: Rotom\n|-resisted|p1a: Rotom|1\n|-damage|p1a: Rotom|53/100\n|move|p2a: MIKE KILL ALL|Draco Meteor|p1b: Garchomp\n|-supereffective|p1b: Garchomp|1\n|-crit|p1b: Garchomp\n|-damage|p1b: Garchomp|0 fnt\n|-unboost|p2a: MIKE KILL ALL|spa|2\n|faint|p1b: Garchomp\n|\n|-weather|RainDance|[upkeep]\n|-heal|p2a: MIKE KILL ALL|47/100|[from] item: Leftovers\n|upkeep\n|\n|t:|1776230069\n|switch|p1b: Glimmora|Glimmora-Mega, L50, M, shiny|7/100\n|turn|4\n|\n|t:|1776230090\n|move|p2a: MIKE KILL ALL|Protect|p2a: MIKE KILL ALL\n|-singleturn|p2a: MIKE KILL ALL|Protect\n|move|p1a: Rotom|Electroweb|p2b: MINE MINE MINE|[spread] p2b\n|-activate|p2a: MIKE KILL ALL|move: Protect\n|-supereffective|p2b: MINE MINE MINE|2\n|-damage|p2b: MINE MINE MINE|0 fnt\n|faint|p2b: MINE MINE MINE\n|move|p1b: Glimmora|Earth Power|p2a: MIKE KILL ALL\n|-activate|p2a: MIKE KILL ALL|move: Protect\n|\n|-weather|RainDance|[upkeep]\n|-heal|p2a: MIKE KILL ALL|54/100|[from] item: Leftovers\n|-sideend|p1: mydoot|move: Tailwind\n|upkeep\n|\n|t:|1776230102\n|switch|p2b: VENGEANCE|Basculegion, L50, M, shiny|100/100\n|turn|5\n|\n|t:|1776230126\n|switch|p1b: Whimsicott|Whimsicott, L50, M, shiny|57/100\n|move|p2b: VENGEANCE|Aqua Jet|p1b: Whimsicott\n|-resisted|p1b: Whimsicott|1\n|-damage|p1b: Whimsicott|21/100\n|move|p1a: Rotom|Electroweb|p2a: MIKE KILL ALL|[spread] p2a,p2b\n|-resisted|p2a: MIKE KILL ALL|1\n|-supereffective|p2b: VENGEANCE|1\n|-damage|p2a: MIKE KILL ALL|43/100\n|-damage|p2b: VENGEANCE|60/100\n|-unboost|p2a: MIKE KILL ALL|spe|1\n|-unboost|p2b: VENGEANCE|spe|1\n|-ability|p2a: MIKE KILL ALL|Stamina|boost\n|-boost|p2a: MIKE KILL ALL|def|1\n|move|p2a: MIKE KILL ALL|Electro Shot||[still]\n|-prepare|p2a: MIKE KILL ALL|Electro Shot\n|-boost|p2a: MIKE KILL ALL|spa|1\n|-anim|p2a: MIKE KILL ALL|Electro Shot|p1a: Rotom\n|-damage|p1a: Rotom|11/100\n|\n|-weather|none\n|-heal|p2a: MIKE KILL ALL|49/100|[from] item: Leftovers\n|-sideend|p2: JustDevi|move: Tailwind\n|upkeep\n|turn|6\n|\n|t:|1776230151\n|switch|p1a: Glimmora|Glimmora-Mega, L50, M, shiny|7/100\n|switch|p2b: Chispin|Chesnaught, L50, M, shiny|100/100\n|move|p1b: Whimsicott|Protect|p1b: Whimsicott\n|-singleturn|p1b: Whimsicott|Protect\n|move|p2a: MIKE KILL ALL|Protect||[still]\n|-fail|p2a: MIKE KILL ALL\n|\n|-heal|p2a: MIKE KILL ALL|55/100|[from] item: Leftovers\n|upkeep\n|turn|7\n|\n|t:|1776230168\n|detailschange|p2b: Chispin|Chesnaught-Mega, L50, M, shiny\n|-mega|p2b: Chispin|Chesnaught|Chesnaughtite\n|move|p1a: Glimmora|Spiky Shield|p1a: Glimmora\n|-singleturn|p1a: Glimmora|move: Protect\n|move|p1b: Whimsicott|Moonblast|p2b: Chispin\n|-supereffective|p2b: Chispin|1\n|-damage|p2b: Chispin|53/100\n|move|p2a: MIKE KILL ALL|Flash Cannon|p1b: Whimsicott\n|-supereffective|p1b: Whimsicott|1\n|-damage|p1b: Whimsicott|0 fnt\n|faint|p1b: Whimsicott\n|move|p2b: Chispin|Body Press|p1a: Glimmora\n|-activate|p1a: Glimmora|move: Protect\n|-damage|p2b: Chispin|40/100|[from] Spiky Shield|[of] p1a: Glimmora\n|\n|-heal|p2a: MIKE KILL ALL|61/100|[from] item: Leftovers\n|upkeep\n|\n|t:|1776230182\n|switch|p1b: Rotom|Rotom-Wash, L50, shiny|11/100\n|turn|8\n|\n|t:|1776230222\n|move|p1a: Glimmora|Spiky Shield||[still]\n|-fail|p1a: Glimmora\n|move|p1b: Rotom|Hydro Pump|p2b: Chispin|[miss]\n|-miss|p1b: Rotom|p2b: Chispin\n|move|p2a: MIKE KILL ALL|Flash Cannon|p1a: Glimmora\n|-supereffective|p1a: Glimmora|1\n|-crit|p1a: Glimmora\n|-damage|p1a: Glimmora|0 fnt\n|faint|p1a: Glimmora\n|move|p2b: Chispin|Body Press|p1b: Rotom\n|-damage|p1b: Rotom|0 fnt\n|faint|p1b: Rotom\n|\n|win|JustDevi\n|raw|mydoot's rating: 1097 &rarr; <strong>1077</strong><br />(-20 for losing)\n|raw|JustDevi's rating: 1159 &rarr; <strong>1180</strong><br />(+21 for winning)\n|l|\u2606mydoot\n|player|p1|\n",
  "uploadtime": 1776230246,
  "views": 36,
  "formatid": "gen9championsvgc2026regma",
  "rating": 1077,
  "private": 0,
  "password": null
}