{
  "id": "gen9championsvgc2026regma-2585128589",
  "format": "[Gen 9 Champions] VGC 2026 Reg M-A",
  "players": [
    "Desert Wo1f",
    "Ryan15Zero"
  ],
  "log": "|j|\u2606Desert Wo1f\n|j|\u2606Ryan15Zero\n|t:|1776315156\n|gametype|doubles\n|player|p1|Desert Wo1f|1|1042\n|player|p2|Ryan15Zero|whitney|1006\n|gen|9\n|tier|[Gen 9 Champions] VGC 2026 Reg M-A\n|rated|\n|rule|Species Clause: Limit one of each Pok\u00e9mon\n|rule|Item Clause: Limit 1 of each item\n|clearpoke\n|poke|p1|Torterra, L50, M|\n|poke|p1|Appletun, L50, M|\n|poke|p1|Whimsicott, L50, F|\n|poke|p1|Sinistcha-Masterpiece, L50|\n|poke|p1|Chesnaught, L50, M|\n|poke|p1|Venusaur, L50, M|\n|poke|p2|Incineroar, L50, F|\n|poke|p2|Farigiraf, L50, F|\n|poke|p2|Golurk, L50|\n|poke|p2|Sneasler, L50, M|\n|poke|p2|Sinistcha, L50|\n|poke|p2|Rampardos, L50, F|\n|teampreview|4\n|inactive|Battle timer is ON: inactive players will automatically lose when time's up. (requested by Ryan15Zero)\n|inactive|Desert Wo1f has 60 seconds left.\n|\n|t:|1776315199\n|teamsize|p1|4\n|teamsize|p2|4\n|start\n|switch|p1a: Whimsicott|Whimsicott, L50, F, shiny|100/100\n|switch|p1b: Venusaur|Venusaur, L50, M, shiny|100/100\n|switch|p2a: Golurk|Golurk, L50|100/100\n|switch|p2b: Incineroar|Incineroar, L50, F|100/100\n|-ability|p2b: Incineroar|Intimidate|boost\n|-unboost|p1a: Whimsicott|atk|1\n|-unboost|p1b: Venusaur|atk|1\n|turn|1\n|inactive|Desert Wo1f has 30 seconds left.\n|\n|t:|1776315232\n|detailschange|p1b: Venusaur|Venusaur-Mega, L50, M, shiny\n|-mega|p1b: Venusaur|Venusaur|Venusaurite\n|detailschange|p2a: Golurk|Golurk-Mega, L50\n|-mega|p2a: Golurk|Golurk|Golurkite\n|move|p2b: Incineroar|Fake Out|p1a: Whimsicott\n|-damage|p1a: Whimsicott|87/100\n|cant|p1a: Whimsicott|flinch\n|move|p1b: Venusaur|Sleep Powder|p2b: Incineroar\n|-status|p2b: Incineroar|slp|[from] move: Sleep Powder\n|move|p2a: Golurk|Headlong Rush|p1b: Venusaur\n|-damage|p1b: Venusaur|41/100\n|-unboost|p2a: Golurk|def|1\n|-unboost|p2a: Golurk|spd|1\n|\n|upkeep\n|turn|2\n|inactive|Desert Wo1f has 30 seconds left.\n|\n|t:|1776315264\n|move|p1a: Whimsicott|Fake Tears|p2a: Golurk\n|-unboost|p2a: Golurk|spd|2\n|move|p1b: Venusaur|Earth Power|p2a: Golurk\n|-damage|p2a: Golurk|30/100\n|cant|p2b: Incineroar|slp\n|move|p2a: Golurk|Headlong Rush|p1b: Venusaur\n|-damage|p1b: Venusaur|0 fnt\n|-unboost|p2a: Golurk|def|1\n|-unboost|p2a: Golurk|spd|1\n|faint|p1b: Venusaur\n|\n|upkeep\n|\n|t:|1776315281\n|switch|p1b: Torterra|Torterra, L50, M|100/100\n|turn|3\n|\n|t:|1776315297\n|move|p1a: Whimsicott|Charm|p2a: Golurk\n|-unboost|p2a: Golurk|atk|2\n|-curestatus|p2b: Incineroar|slp|[msg]\n|move|p2b: Incineroar|Flare Blitz|p1a: Whimsicott\n|-supereffective|p1a: Whimsicott|1\n|-damage|p1a: Whimsicott|0 fnt\n|faint|p1a: Whimsicott\n|-damage|p2b: Incineroar|77/100|[from] Recoil\n|move|p1b: Torterra|Swords Dance|p1b: Torterra\n|-boost|p1b: Torterra|atk|2\n|move|p2a: Golurk|Ice Punch|p1b: Torterra\n|-supereffective|p1b: Torterra|2\n|-enditem|p1b: Torterra|Yache Berry|[eat]\n|-enditem|p1b: Torterra|Yache Berry|[weaken]\n|-damage|p1b: Torterra|72/100\n|-status|p1b: Torterra|frz\n|\n|upkeep\n|\n|t:|1776315314\n|switch|p1a: Sinistcha|Sinistcha-Masterpiece, L50, shiny|100/100\n|-heal|p1b: Torterra|97/100 frz|[from] ability: Hospitality|[of] p1a: Sinistcha\n|turn|4\n|\n|t:|1776315327\n|-curestatus|p1b: Torterra|frz|[msg]\n|move|p1b: Torterra|Protect|p1b: Torterra\n|-singleturn|p1b: Torterra|Protect\n|move|p2b: Incineroar|Darkest Lariat|p1a: Sinistcha\n|-supereffective|p1a: Sinistcha|1\n|-damage|p1a: Sinistcha|33/100\n|move|p2a: Golurk|Ice Punch|p1b: Torterra\n|-supereffective|p1b: Torterra|2\n|-ability|p2a: Golurk|Unseen Fist\n|-zbroken|p1b: Torterra\n|-damage|p1b: Torterra|82/100\n|move|p1a: Sinistcha|Trick Room|p1a: Sinistcha\n|-fieldstart|move: Trick Room|[of] p1a: Sinistcha\n|\n|upkeep\n|turn|5\n|inactive|Ryan15Zero has 30 seconds left.\n|\n|t:|1776315352\n|move|p2a: Golurk|Ice Punch|p1b: Torterra\n|-supereffective|p1b: Torterra|2\n|-damage|p1b: Torterra|21/100\n|move|p1b: Torterra|Rock Slide|p2b: Incineroar|[spread] p2a,p2b\n|-resisted|p2a: Golurk|1\n|-supereffective|p2b: Incineroar|1\n|-damage|p2a: Golurk|0 fnt\n|-damage|p2b: Incineroar|0 fnt\n|faint|p2a: Golurk\n|faint|p2b: Incineroar\n|move|p1a: Sinistcha|Strength Sap|p2: Golurk|[notarget]\n|-fail|p1a: Sinistcha\n|\n|upkeep\n|\n|t:|1776315364\n|switch|p2a: Sinistcha|Sinistcha, L50|100/100\n|switch|p2b: Sneasler|Sneasler, L50, M|100/100\n|turn|6\n|\n|t:|1776315375\n|move|p1b: Torterra|Protect|p1b: Torterra\n|-singleturn|p1b: Torterra|Protect\n|move|p2b: Sneasler|Fake Out|p1b: Torterra\n|-activate|p1b: Torterra|move: Protect\n|move|p1a: Sinistcha|Strength Sap|p2b: Sneasler\n|-unboost|p2b: Sneasler|atk|1\n|-heal|p1a: Sinistcha|100/100\n|-enditem|p2b: Sneasler|White Herb\n|-clearnegativeboost|p2b: Sneasler|[silent]\n|move|p2a: Sinistcha|Matcha Gotcha|p1b: Torterra|[spread] p1a\n|-activate|p1b: Torterra|move: Protect\n|-resisted|p1a: Sinistcha|1\n|-damage|p1a: Sinistcha|89/100\n|\n|upkeep\n|turn|7\n|inactive|Desert Wo1f has 30 seconds left.\n|inactive|Ryan15Zero has 30 seconds left.\n|\n|t:|1776315403\n|move|p2a: Sinistcha|Rage Powder|p2a: Sinistcha\n|-singleturn|p2a: Sinistcha|move: Rage Powder\n|move|p1b: Torterra|High Horsepower|p2b: Sneasler\n|-supereffective|p2b: Sneasler|1\n|-damage|p2b: Sneasler|0 fnt\n|faint|p2b: Sneasler\n|move|p1a: Sinistcha|Matcha Gotcha|p2a: Sinistcha\n|-resisted|p2a: Sinistcha|1\n|-damage|p2a: Sinistcha|84/100\n|-heal|p1a: Sinistcha|97/100|[from] drain|[of] p2a: Sinistcha\n|\n|-heal|p2a: Sinistcha|90/100|[from] item: Leftovers\n|upkeep\n|turn|8\n|-message|Ryan15Zero forfeited.\n|\n|win|Desert Wo1f\n|raw|Desert Wo1f's rating: 1042 &rarr; <strong>1072</strong><br />(+30 for winning)\n|raw|Ryan15Zero's rating: 1006 &rarr; <strong>1000</strong><br />(-6 for losing)\n|l|\u2606Ryan15Zero\n|player|p2|\n|l|\u2606Desert Wo1f\n|player|p1|\n|j|\u2606Desert Wo1f\n|player|p1|Desert Wo1f|1|\n",
  "uploadtime": 1776315475,
  "views": 31,
  "formatid": "gen9championsvgc2026regma",
  "rating": 1000,
  "private": 0,
  "password": null
}