{
  "id": "gen9championsvgc2026regma-2580555576",
  "format": "[Gen 9 Champions] VGC 2026 Reg M-A",
  "players": [
    "Gladio_zXb",
    "MajoSmash"
  ],
  "log": "|j|\u2606Gladio_zXb\n|j|\u2606MajoSmash\n|t:|1775912403\n|gametype|doubles\n|player|p1|Gladio_zXb|102|1039\n|player|p2|MajoSmash|lucas|1116\n|gen|9\n|tier|[Gen 9 Champions] VGC 2026 Reg M-A\n|rated|\n|rule|Species Clause: Limit one of each Pok\u00e9mon\n|rule|Item Clause: Limit 1 of each item\n|clearpoke\n|poke|p1|Dragonite, L50, M|\n|poke|p1|Venusaur, L50, M|\n|poke|p1|Incineroar, L50, F|\n|poke|p1|Kingambit, L50, F|\n|poke|p1|Sneasler, L50, F|\n|poke|p1|Basculegion, L50, M|\n|poke|p2|Gardevoir, L50, F|\n|poke|p2|Milotic, L50, F|\n|poke|p2|Incineroar, L50, F|\n|poke|p2|Maushold-Four, L50|\n|poke|p2|Corviknight, L50, M|\n|poke|p2|Typhlosion-Hisui, L50, F|\n|teampreview|4\n|\n|t:|1775912446\n|teamsize|p1|4\n|teamsize|p2|4\n|start\n|switch|p1a: Venusaur|Venusaur, L50, M|100/100\n|switch|p1b: Basculegion|Basculegion, L50, M|100/100\n|switch|p2a: Milotic|Milotic, L50, F|100/100\n|switch|p2b: Corviknight|Corviknight, L50, M, shiny|100/100\n|turn|1\n|inactive|Battle timer is ON: inactive players will automatically lose when time's up. (requested by MajoSmash)\n|\n|t:|1775912494\n|switch|p2a: Incineroar|Incineroar, L50, F|100/100\n|-ability|p2a: Incineroar|Intimidate|boost\n|-unboost|p1a: Venusaur|atk|1\n|-unboost|p1b: Basculegion|atk|1\n|detailschange|p1a: Venusaur|Venusaur-Mega, L50, M\n|-mega|p1a: Venusaur|Venusaur|Venusaurite\n|move|p1b: Basculegion|Flip Turn|p2b: Corviknight\n|-damage|p2b: Corviknight|81/100\n|\n|t:|1775912509\n|switch|p1b: Incineroar|Incineroar, L50, F|100/100|[from] Flip Turn\n|-ability|p1b: Incineroar|Intimidate|boost\n|-unboost|p2a: Incineroar|atk|1\n|-ability|p2b: Corviknight|Mirror Armor\n|-unboost|p1b: Incineroar|atk|1\n|move|p1a: Venusaur|Leech Seed|p2a: Incineroar\n|-start|p2a: Incineroar|move: Leech Seed\n|move|p2b: Corviknight|Bulk Up|p2b: Corviknight\n|-boost|p2b: Corviknight|atk|1\n|-boost|p2b: Corviknight|def|1\n|\n|-damage|p2a: Incineroar|88/100|[from] Leech Seed|[of] p1a: Venusaur\n|upkeep\n|turn|2\n|inactive|Gladio_zXb has 30 seconds left.\n|\n|t:|1775912536\n|move|p1b: Incineroar|Fake Out|p2b: Corviknight\n|-resisted|p2b: Corviknight|1\n|-damage|p2b: Corviknight|79/100\n|move|p2a: Incineroar|Fake Out|p1a: Venusaur\n|-damage|p1a: Venusaur|93/100\n|cant|p1a: Venusaur|flinch\n|cant|p2b: Corviknight|flinch\n|\n|-damage|p2a: Incineroar|76/100|[from] Leech Seed|[of] p1a: Venusaur\n|-heal|p1a: Venusaur|100/100|[silent]\n|upkeep\n|turn|3\n|\n|t:|1775912557\n|move|p1a: Venusaur|Earth Power|p2a: Incineroar\n|-supereffective|p2a: Incineroar|1\n|-damage|p2a: Incineroar|29/100\n|-enditem|p2a: Incineroar|Sitrus Berry|[eat]\n|-heal|p2a: Incineroar|54/100|[from] item: Sitrus Berry\n|move|p2b: Corviknight|Bulk Up|p2b: Corviknight\n|-boost|p2b: Corviknight|atk|1\n|-boost|p2b: Corviknight|def|1\n|move|p1b: Incineroar|Flame Charge|p2b: Corviknight\n|-supereffective|p2b: Corviknight|1\n|-damage|p2b: Corviknight|67/100\n|-boost|p1b: Incineroar|spe|1\n|move|p2a: Incineroar|Parting Shot|p1a: Venusaur\n|-unboost|p1a: Venusaur|atk|1\n|-unboost|p1a: Venusaur|spa|1\n|\n|t:|1775912574\n|switch|p2a: Gardevoir|Gardevoir, L50, F|100/100|[from] Parting Shot\n|\n|upkeep\n|turn|4\n|\n|t:|1775912592\n|switch|p1b: Basculegion|Basculegion, L50, M|100/100\n|detailschange|p2a: Gardevoir|Gardevoir-Mega, L50, F\n|-mega|p2a: Gardevoir|Gardevoir|Gardevoirite\n|move|p2a: Gardevoir|Psyshock|p1a: Venusaur\n|-supereffective|p1a: Venusaur|1\n|-damage|p1a: Venusaur|16/100\n|move|p1a: Venusaur|Sludge Bomb|p2a: Gardevoir\n|-supereffective|p2a: Gardevoir|1\n|-damage|p2a: Gardevoir|59/100\n|move|p2b: Corviknight|Roost|p2b: Corviknight\n|-heal|p2b: Corviknight|100/100\n|-singleturn|p2b: Corviknight|move: Roost\n|\n|upkeep\n|turn|5\n|\n|t:|1775912617\n|move|p2a: Gardevoir|Protect|p2a: Gardevoir\n|-singleturn|p2a: Gardevoir|Protect\n|move|p1a: Venusaur|Protect|p1a: Venusaur\n|-singleturn|p1a: Venusaur|Protect\n|move|p1b: Basculegion|Wave Crash|p2a: Gardevoir\n|-activate|p2a: Gardevoir|move: Protect\n|move|p2b: Corviknight|Brave Bird|p1b: Basculegion\n|-damage|p1b: Basculegion|0 fnt\n|faint|p1b: Basculegion\n|-damage|p2b: Corviknight|69/100|[from] Recoil\n|\n|upkeep\n|\n|t:|1775912631\n|switch|p1b: Incineroar|Incineroar, L50, F|100/100\n|-ability|p1b: Incineroar|Intimidate|boost\n|-unboost|p2a: Gardevoir|atk|1\n|-ability|p2b: Corviknight|Mirror Armor\n|-unboost|p1b: Incineroar|atk|1\n|turn|6\n|\n|t:|1775912645\n|switch|p2a: Incineroar|Incineroar, L50, F|54/100\n|-ability|p2a: Incineroar|Intimidate|boost\n|-unboost|p1a: Venusaur|atk|1\n|-unboost|p1b: Incineroar|atk|1\n|move|p1b: Incineroar|Fake Out|p2b: Corviknight\n|-resisted|p2b: Corviknight|1\n|-damage|p2b: Corviknight|68/100\n|move|p1a: Venusaur|Sludge Bomb|p2a: Incineroar\n|-damage|p2a: Incineroar|32/100\n|cant|p2b: Corviknight|flinch\n|\n|upkeep\n|turn|7\n|\n|t:|1775912664\n|move|p1a: Venusaur|Protect|p1a: Venusaur\n|-singleturn|p1a: Venusaur|Protect\n|move|p2a: Incineroar|Fake Out|p1a: Venusaur\n|-activate|p1a: Venusaur|move: Protect\n|move|p2b: Corviknight|Roost|p2b: Corviknight\n|-heal|p2b: Corviknight|100/100\n|-singleturn|p2b: Corviknight|move: Roost\n|move|p1b: Incineroar|Parting Shot|p2a: Incineroar\n|-unboost|p2a: Incineroar|atk|1\n|-unboost|p2a: Incineroar|spa|1\n|\n|t:|1775912679\n|switch|p1b: Sneasler|Sneasler, L50, F|100/100|[from] Parting Shot\n|\n|upkeep\n|turn|8\n|\n|t:|1775912696\n|switch|p2a: Milotic|Milotic, L50, F|100/100\n|move|p1b: Sneasler|Dire Claw|p2a: Milotic\n|-damage|p2a: Milotic|62/100\n|move|p1a: Venusaur|Earth Power|p2a: Milotic\n|-damage|p2a: Milotic|50/100\n|-unboost|p2a: Milotic|spd|1\n|-ability|p2a: Milotic|Competitive|boost\n|-boost|p2a: Milotic|spa|2\n|move|p2b: Corviknight|Brave Bird|p1a: Venusaur\n|-supereffective|p1a: Venusaur|1\n|-damage|p1a: Venusaur|0 fnt\n|faint|p1a: Venusaur\n|-damage|p2b: Corviknight|96/100|[from] Recoil\n|\n|-heal|p2a: Milotic|56/100|[from] item: Leftovers\n|upkeep\n|\n|t:|1775912714\n|switch|p1a: Incineroar|Incineroar, L50, F|100/100\n|-ability|p1a: Incineroar|Intimidate|boost\n|-unboost|p2a: Milotic|atk|1\n|-ability|p2a: Milotic|Competitive|boost\n|-boost|p2a: Milotic|spa|2\n|-ability|p2b: Corviknight|Mirror Armor\n|-unboost|p1a: Incineroar|atk|1\n|turn|9\n|-message|Gladio_zXb forfeited.\n|\n|win|MajoSmash\n|raw|Gladio_zXb's rating: 1039 &rarr; <strong>1027</strong><br />(-12 for losing)\n|raw|MajoSmash's rating: 1116 &rarr; <strong>1136</strong><br />(+20 for winning)\n|l|\u2606Gladio_zXb\n|player|p1|\n",
  "uploadtime": 1775912728,
  "views": 12,
  "formatid": "gen9championsvgc2026regma",
  "rating": 1027,
  "private": 0,
  "password": null
}