{
  "id": "gen9championsvgc2026regma-2583955675",
  "format": "[Gen 9 Champions] VGC 2026 Reg M-A",
  "players": [
    "killertruco",
    "SwirledX"
  ],
  "log": "|j|\u2606killertruco\n|j|\u2606SwirledX\n|t:|1776211559\n|gametype|doubles\n|player|p1|killertruco|266|1122\n|player|p2|SwirledX|2|1183\n|gen|9\n|tier|[Gen 9 Champions] VGC 2026 Reg M-A\n|rated|\n|rule|Species Clause: Limit one of each Pok\u00e9mon\n|rule|Item Clause: Limit 1 of each item\n|clearpoke\n|poke|p1|Dragonite, L50, F|\n|poke|p1|Meganium, L50, F|\n|poke|p1|Pelipper, L50, M|\n|poke|p1|Basculegion, L50, M|\n|poke|p1|Aegislash, L50, F|\n|poke|p1|Sinistcha-Masterpiece, L50|\n|poke|p2|Charizard, L50, F|\n|poke|p2|Venusaur, L50, M|\n|poke|p2|Garchomp, L50, M|\n|poke|p2|Rotom-Wash, L50|\n|poke|p2|Sneasler, L50, F|\n|poke|p2|Incineroar, L50, F|\n|teampreview|4\nSwirledX has agreed to open team sheets.\n|\n|t:|1776211609\n|teamsize|p1|4\n|teamsize|p2|4\n|start\n|switch|p1a: Basculegion|Basculegion, L50, M|100/100\n|switch|p1b: Dragonite|Dragonite, L50, F|100/100\n|switch|p2a: Sneasler|Sneasler, L50, F|100/100\n|switch|p2b: Garchomp|Garchomp, L50, M|100/100\n|turn|1\n|\n|t:|1776211641\n|detailschange|p1b: Dragonite|Dragonite-Mega, L50, F\n|-mega|p1b: Dragonite|Dragonite|Dragoninite\n|move|p2a: Sneasler|Fake Out|p1b: Dragonite\n|-damage|p1b: Dragonite|94/100\n|move|p2b: Garchomp|Rock Slide|p1a: Basculegion|[spread] p1a\n|-miss|p2b: Garchomp|p1b: Dragonite\n|-damage|p1a: Basculegion|77/100\n|cant|p1b: Dragonite|flinch\n|cant|p1a: Basculegion|flinch\n|\n|upkeep\n|turn|2\n|\n|t:|1776211679\n|move|p2b: Garchomp|Rock Slide|p1b: Dragonite|[spread] p1a,p1b\n|-supereffective|p1b: Dragonite|1\n|-damage|p1a: Basculegion|51/100\n|-damage|p1b: Dragonite|54/100\n|move|p2a: Sneasler|Dire Claw|p1b: Dragonite\n|-damage|p1b: Dragonite|14/100\n|-status|p1b: Dragonite|slp\n|cant|p1b: Dragonite|slp\n|move|p1a: Basculegion|Flip Turn|p2b: Garchomp\n|-damage|p2b: Garchomp|66/100\n|-damage|p1a: Basculegion|39/100|[from] ability: Rough Skin|[of] p2b: Garchomp\n|\n|t:|1776211691\n|switch|p1a: Sinistcha|Sinistcha-Masterpiece, L50|100/100|[from] Flip Turn\n|-heal|p1b: Dragonite|39/100 slp|[from] ability: Hospitality|[of] p1a: Sinistcha\n|\n|upkeep\n|turn|3\n|inactive|Battle timer is ON: inactive players will automatically lose when time's up. (requested by SwirledX)\n|\n|t:|1776211735\n|switch|p1b: Basculegion|Basculegion, L50, M|39/100\n|move|p2b: Garchomp|Rock Slide|p1b: Basculegion|[spread] p1a\n|-miss|p2b: Garchomp|p1b: Basculegion\n|-damage|p1a: Sinistcha|83/100\n|move|p2a: Sneasler|Dire Claw|p1a: Sinistcha\n|-damage|p1a: Sinistcha|44/100\n|move|p1a: Sinistcha|Calm Mind|p1a: Sinistcha\n|-boost|p1a: Sinistcha|spa|1\n|-boost|p1a: Sinistcha|spd|1\n|\n|-heal|p1a: Sinistcha|50/100|[from] item: Leftovers\n|upkeep\n|turn|4\n|\n|t:|1776211750\n|move|p2b: Garchomp|Rock Slide|p1b: Basculegion|[spread] p1a\n|-miss|p2b: Garchomp|p1b: Basculegion\n|-crit|p1a: Sinistcha\n|-damage|p1a: Sinistcha|25/100\n|move|p2a: Sneasler|Dire Claw|p1a: Sinistcha\n|-damage|p1a: Sinistcha|0 fnt\n|faint|p1a: Sinistcha\n|move|p1b: Basculegion|Wave Crash|p2a: Sneasler\n|-damage|p2a: Sneasler|0 fnt\n|faint|p2a: Sneasler\n|-damage|p1b: Basculegion|13/100|[from] Recoil\n|\n|upkeep\n|\n|t:|1776211769\n|switch|p2a: Charizard|Charizard, L50, F|100/100\n|switch|p1a: Pelipper|Pelipper, L50, M|100/100\n|-weather|RainDance|[from] ability: Drizzle|[of] p1a: Pelipper\n|turn|5\n|\n|t:|1776211781\n|detailschange|p2a: Charizard|Charizard-Mega-Y, L50, F\n|-mega|p2a: Charizard|Charizard|Charizardite Y\n|-weather|SunnyDay|[from] ability: Drought|[of] p2a: Charizard\n|move|p2b: Garchomp|Rock Slide|p1a: Pelipper|[spread] p1a,p1b\n|-supereffective|p1a: Pelipper|1\n|-damage|p1a: Pelipper|65/100\n|-damage|p1b: Basculegion|0 fnt\n|faint|p1b: Basculegion\n|move|p2a: Charizard|Solar Beam||[still]\n|-prepare|p2a: Charizard|Solar Beam\n|-anim|p2a: Charizard|Solar Beam|p1a: Pelipper\n|-damage|p1a: Pelipper|12/100\n|move|p1a: Pelipper|Tailwind|p1a: Pelipper\n|-sidestart|p1: killertruco|move: Tailwind\n|\n|-weather|SunnyDay|[upkeep]\n|upkeep\n|\n|t:|1776211785\n|switch|p1b: Dragonite|Dragonite-Mega, L50, F|39/100 slp\n|turn|6\n|c|\u2606killertruco|gg\n|inactive|SwirledX has 30 seconds left.\n|\n|t:|1776211814\n|-curestatus|p1b: Dragonite|slp|[msg]\n|move|p1b: Dragonite|Thunder|p2a: Charizard|[miss]\n|-miss|p1b: Dragonite|p2a: Charizard\n|move|p2b: Garchomp|Rock Slide|p1b: Dragonite|[spread] p1a,p1b\n|-supereffective|p1a: Pelipper|1\n|-supereffective|p1b: Dragonite|1\n|-damage|p1a: Pelipper|0 fnt\n|-damage|p1b: Dragonite|0 fnt\n|faint|p1a: Pelipper\n|faint|p1b: Dragonite\n|\n|win|SwirledX\n|raw|killertruco's rating: 1122 &rarr; <strong>1101</strong><br />(-21 for losing)\n|raw|SwirledX's rating: 1183 &rarr; <strong>1204</strong><br />(+21 for winning)\n|c|\u2606SwirledX|gg\n|l|\u2606killertruco\n|player|p1|\n",
  "uploadtime": 1776211831,
  "views": 19,
  "formatid": "gen9championsvgc2026regma",
  "rating": 1101,
  "private": 0,
  "password": null
}