{
  "id": "gen9championsvgc2026regma-2587318210",
  "format": "[Gen 9 Champions] VGC 2026 Reg M-A",
  "players": [
    "C08R050",
    "Wonderboy1995"
  ],
  "log": "|j|\u2606C08R050\n|j|\u203dWonderboy1995\n|t:|1776521510\n|gametype|doubles\n|player|p1|C08R050|red|1009\n|player|p2|Wonderboy1995|266|1014\n|gen|9\n|tier|[Gen 9 Champions] VGC 2026 Reg M-A\n|rated|\n|rule|Species Clause: Limit one of each Pok\u00e9mon\n|rule|Item Clause: Limit 1 of each item\n|clearpoke\n|poke|p1|Snorlax, L50, M, shiny|\n|poke|p1|Sinistcha, L50|\n|poke|p1|Floette-Eternal, L50, F|\n|poke|p1|Golurk, L50, shiny|\n|poke|p1|Garchomp, L50, M|\n|poke|p1|Incineroar, L50, M, shiny|\n|poke|p2|Tyranitar, L50, F|\n|poke|p2|Excadrill, L50, F|\n|poke|p2|Heliolisk, L50, F, shiny|\n|poke|p2|Sinistcha, L50, shiny|\n|poke|p2|Clefable, L50, F, shiny|\n|poke|p2|Noivern, L50, F|\n|teampreview|4\n|inactive|Battle timer is ON: inactive players will automatically lose when time's up. (requested by C08R050)\n|inactive|C08R050 has 60 seconds left.\n|inactive|Wonderboy1995 has 60 seconds left.\n|\n|t:|1776521561\n|teamsize|p1|4\n|teamsize|p2|4\n|start\n|switch|p1a: Munchy|Snorlax, L50, M, shiny|100/100\n|switch|p1b: Matcha Chai|Sinistcha, L50|100/100\n|switch|p2a: Clefable|Clefable, L50, F, shiny|100/100\n|switch|p2b: Heliolisk|Heliolisk, L50, F, shiny|100/100\n|turn|1\n|inactive|Wonderboy1995 has 30 seconds left.\n|\n|t:|1776521589\n|move|p1a: Munchy|Protect|p1a: Munchy\n|-singleturn|p1a: Munchy|Protect\n|move|p2b: Heliolisk|Thunderbolt|p1a: Munchy\n|-activate|p1a: Munchy|move: Protect\n|move|p2a: Clefable|Calm Mind|p2a: Clefable\n|-boost|p2a: Clefable|spa|1\n|-boost|p2a: Clefable|spd|1\n|move|p1b: Matcha Chai|Trick Room|p1b: Matcha Chai\n|-fieldstart|move: Trick Room|[of] p1b: Matcha Chai\n|\n|upkeep\n|turn|2\n|inactive|Wonderboy1995 has 30 seconds left.\n|\n|t:|1776521617\n|move|p1b: Matcha Chai|Rage Powder|p1b: Matcha Chai\n|-singleturn|p1b: Matcha Chai|move: Rage Powder\n|move|p1a: Munchy|Belly Drum|p1a: Munchy\n|-damage|p1a: Munchy|51/100\n|-setboost|p1a: Munchy|atk|6|[from] move: Belly Drum\n|move|p2a: Clefable|Moonblast|p1b: Matcha Chai\n|-damage|p1b: Matcha Chai|53/100\n|move|p2b: Heliolisk|Thunderbolt|p1b: Matcha Chai\n|-resisted|p1b: Matcha Chai|1\n|-damage|p1b: Matcha Chai|36/100\n|\n|upkeep\n|turn|3\n|\n|t:|1776521638\n|move|p2b: Heliolisk|Ally Switch|p2b: Heliolisk\n|swap|p2b: Heliolisk|0|[from] move: Ally Switch\n|move|p1a: Munchy|Body Slam|p2a: Heliolisk|[miss]\n|-miss|p1a: Munchy|p2a: Heliolisk\n|move|p2b: Clefable|Moonblast|p1a: Munchy\n|-damage|p1a: Munchy|12/100\n|-enditem|p1a: Munchy|Sitrus Berry|[eat]\n|-heal|p1a: Munchy|37/100|[from] item: Sitrus Berry\n|move|p1b: Matcha Chai|Life Dew|p1b: Matcha Chai|[spread] p1a,p1b\n|-heal|p1a: Munchy|62/100\n|-heal|p1b: Matcha Chai|61/100\n|\n|upkeep\n|turn|4\n|inactive|C08R050 has 30 seconds left.\n|inactive|Wonderboy1995 has 30 seconds left.\n|inactive|C08R050 has 20 seconds left.\n|inactive|Wonderboy1995 has 20 seconds left.\n|\n|t:|1776521677\n|move|p1b: Matcha Chai|Rage Powder|p1b: Matcha Chai\n|-singleturn|p1b: Matcha Chai|move: Rage Powder\n|move|p1a: Munchy|High Horsepower|p2a: Heliolisk\n|-supereffective|p2a: Heliolisk|1\n|-damage|p2a: Heliolisk|0 fnt\n|faint|p2a: Heliolisk\n|move|p2b: Clefable|Moonblast|p1b: Matcha Chai\n|-damage|p1b: Matcha Chai|10/100\n|\n|upkeep\n|\n|t:|1776521687\n|switch|p2a: Excadrill|Excadrill, L50, F|100/100\n|turn|5\n|\n|t:|1776521698\n|switch|p2b: Tyranitar|Tyranitar, L50, F|100/100\n|-weather|Sandstorm|[from] ability: Sand Stream|[of] p2b: Tyranitar\n|move|p1a: Munchy|Protect|p1a: Munchy\n|-singleturn|p1a: Munchy|Protect\n|move|p1b: Matcha Chai|Life Dew|p1b: Matcha Chai|[spread] p1a,p1b\n|-heal|p1a: Munchy|87/100\n|-heal|p1b: Matcha Chai|35/100\n|move|p2a: Excadrill|Rock Slide|p1b: Matcha Chai|[spread] p1b\n|-activate|p1a: Munchy|move: Protect\n|-damage|p1b: Matcha Chai|16/100\n|\n|-weather|Sandstorm|[upkeep]\n|-damage|p1a: Munchy|81/100|[from] Sandstorm\n|-damage|p1b: Matcha Chai|10/100|[from] Sandstorm\n|-fieldend|move: Trick Room\n|upkeep\n|turn|6\n|inactive|Wonderboy1995 has 30 seconds left.\n|\n|t:|1776521723\n|move|p2a: Excadrill|Rock Slide|p1b: Matcha Chai|[spread] p1a,p1b\n|-damage|p1a: Munchy|64/100\n|-damage|p1b: Matcha Chai|0 fnt\n|faint|p1b: Matcha Chai\n|move|p2b: Tyranitar|Crunch|p1a: Munchy\n|-damage|p1a: Munchy|29/100\n|-unboost|p1a: Munchy|def|1\n|move|p1a: Munchy|High Horsepower|p2b: Tyranitar\n|-supereffective|p2b: Tyranitar|1\n|-damage|p2b: Tyranitar|0 fnt\n|faint|p2b: Tyranitar\n|\n|-weather|Sandstorm|[upkeep]\n|-damage|p1a: Munchy|23/100|[from] Sandstorm\n|upkeep\n|\n|t:|1776521739\n|switch|p2b: Clefable|Clefable, L50, F, shiny|100/100\n|switch|p1b: Feesh|Garchomp, L50, M|100/100\n|turn|7\n|\n|t:|1776521763\n|move|p1b: Feesh|Protect|p1b: Feesh\n|-singleturn|p1b: Feesh|Protect\n|move|p2a: Excadrill|Iron Head|p1a: Munchy\n|-damage|p1a: Munchy|0 fnt\n|faint|p1a: Munchy\n|move|p2b: Clefable|Calm Mind|p2b: Clefable\n|-boost|p2b: Clefable|spa|1\n|-boost|p2b: Clefable|spd|1\n|\n|-weather|Sandstorm|[upkeep]\n|upkeep\n|\n|t:|1776521771\n|switch|p1a: Devil Flower|Floette-Eternal, L50, F|100/100\n|turn|8\n|\n|t:|1776521783\n|detailschange|p1a: Devil Flower|Floette-Mega, L50, F\n|-mega|p1a: Devil Flower|Floette|Floettite\n|-ability|p1a: Devil Flower|Fairy Aura\n|detailschange|p2b: Clefable|Clefable-Mega, L50, F, shiny\n|-mega|p2b: Clefable|Clefable|Clefablite\n|move|p2a: Excadrill|Iron Head|p1a: Devil Flower\n|-supereffective|p1a: Devil Flower|1\n|-damage|p1a: Devil Flower|7/100\n|move|p1a: Devil Flower|Dazzling Gleam|p2b: Clefable|[spread] p2a,p2b\n|-resisted|p2a: Excadrill|1\n|-damage|p2a: Excadrill|69/100\n|-damage|p2b: Clefable|72/100\n|move|p1b: Feesh|Earthquake|p2b: Clefable|[spread] p1a,p2a\n|-immune|p2b: Clefable\n|-supereffective|p2a: Excadrill|1\n|-damage|p1a: Devil Flower|0 fnt\n|-damage|p2a: Excadrill|0 fnt\n|faint|p1a: Devil Flower\n|faint|p2a: Excadrill\n|move|p2b: Clefable|Moonblast|p1b: Feesh\n|-supereffective|p1b: Feesh|1\n|-damage|p1b: Feesh|0 fnt\n|faint|p1b: Feesh\n|\n|win|Wonderboy1995\n|raw|C08R050's rating: 1009 &rarr; <strong>1000</strong><br />(-9 for losing)\n|raw|Wonderboy1995's rating: 1014 &rarr; <strong>1051</strong><br />(+37 for winning)\n",
  "uploadtime": 1776521805,
  "views": 14,
  "formatid": "gen9championsvgc2026regma",
  "rating": 1000,
  "private": 0,
  "password": null
}