{
  "id": "gen9championsvgc2026regma-2585520386",
  "format": "[Gen 9 Champions] VGC 2026 Reg M-A",
  "players": [
    "sxlver",
    "Future Alice haver"
  ],
  "log": "|j|\u2606sxlver\n|j|\u2606Future Alice haver\n|t:|1776353027\n|gametype|doubles\n|player|p1|sxlver|102|1091\n|player|p2|Future Alice haver|kimonogirl|1086\n|gen|9\n|tier|[Gen 9 Champions] VGC 2026 Reg M-A\n|rated|\n|rule|Species Clause: Limit one of each Pok\u00e9mon\n|rule|Item Clause: Limit 1 of each item\n|clearpoke\n|poke|p1|Froslass, L50, F|\n|poke|p1|Basculegion, L50, M|\n|poke|p1|Ninetales-Alola, L50, F|\n|poke|p1|Sneasler, L50, F|\n|poke|p1|Sinistcha, L50|\n|poke|p1|Incineroar, L50, M|\n|poke|p2|Charizard, L50, F|\n|poke|p2|Venusaur, L50, F|\n|poke|p2|Orthworm, L50, F|\n|poke|p2|Garchomp, L50, F|\n|poke|p2|Maushold, L50|\n|poke|p2|Milotic, L50, M|\n|teampreview|4\nsxlver rejected open team sheets.\n|\n|t:|1776353079\n|teamsize|p1|4\n|teamsize|p2|4\n|start\n|switch|p1a: Basculegion|Basculegion, L50, M|100/100\n|switch|p1b: Sneasler|Sneasler, L50, F, shiny|100/100\n|switch|p2a: Charizard|Charizard, L50, F|100/100\n|switch|p2b: Garchomp|Garchomp, L50, F|100/100\n|turn|1\n|\n|t:|1776353100\n|detailschange|p2a: Charizard|Charizard-Mega-Y, L50, F\n|-mega|p2a: Charizard|Charizard|Charizardite Y\n|-weather|SunnyDay|[from] ability: Drought|[of] p2a: Charizard\n|move|p1b: Sneasler|Fake Out|p2b: Garchomp\n|-damage|p2b: Garchomp|86/100\n|-damage|p1b: Sneasler|88/100|[from] ability: Rough Skin|[of] p2b: Garchomp\n|cant|p2b: Garchomp|flinch\n|move|p1a: Basculegion|Wave Crash|p2a: Charizard\n|-supereffective|p2a: Charizard|1\n|-damage|p2a: Charizard|8/100\n|-damage|p1a: Basculegion|71/100|[from] Recoil\n|move|p2a: Charizard|Overheat|p1b: Sneasler\n|-crit|p1b: Sneasler\n|-damage|p1b: Sneasler|0 fnt\n|-unboost|p2a: Charizard|spa|2\n|faint|p1b: Sneasler\n|\n|-weather|SunnyDay|[upkeep]\n|upkeep\n|\n|t:|1776353137\n|switch|p1b: Froslass|Froslass, L50, F, shiny|100/100\n|turn|2\n|\n|t:|1776353155\n|switch|p1a: Sinistcha|Sinistcha, L50, shiny|100/100\n|switch|p2a: Orthworm|Orthworm, L50, F|100/100\n|detailschange|p1b: Froslass|Froslass-Mega, L50, F, shiny\n|-mega|p1b: Froslass|Froslass|Froslassite\n|-weather|Snowscape|[from] ability: Snow Warning|[of] p1b: Froslass\n|move|p2b: Garchomp|Stone Edge|p1b: Froslass\n|-supereffective|p1b: Froslass|1\n|-damage|p1b: Froslass|16/100\n|move|p1b: Froslass|Blizzard|p2a: Orthworm|[spread] p2a,p2b\n|-resisted|p2a: Orthworm|1\n|-supereffective|p2b: Garchomp|2\n|-damage|p2a: Orthworm|65/100\n|-damage|p2b: Garchomp|0 fnt\n|faint|p2b: Garchomp\n|\n|-weather|Snowscape|[upkeep]\n|upkeep\n|\n|t:|1776353167\n|switch|p2b: Charizard|Charizard-Mega-Y, L50, F|8/100\n|-weather|SunnyDay|[from] ability: Drought|[of] p2b: Charizard\n|turn|3\n|\n|t:|1776353209\n|move|p2b: Charizard|Protect|p2b: Charizard\n|-singleturn|p2b: Charizard|Protect\n|move|p1a: Sinistcha|Rage Powder|p1a: Sinistcha\n|-singleturn|p1a: Sinistcha|move: Rage Powder\n|move|p1b: Froslass|Blizzard|p2b: Charizard|[spread] p2a\n|-activate|p2b: Charizard|move: Protect\n|-resisted|p2a: Orthworm|1\n|-damage|p2a: Orthworm|30/100\n|-enditem|p2a: Orthworm|Sitrus Berry|[eat]\n|-heal|p2a: Orthworm|55/100|[from] item: Sitrus Berry\n|move|p2a: Orthworm|Heavy Slam|p1a: Sinistcha\n|-damage|p1a: Sinistcha|69/100\n|\n|-weather|SunnyDay|[upkeep]\n|-heal|p1a: Sinistcha|75/100|[from] item: Leftovers\n|upkeep\n|turn|4\n|\n|t:|1776353233\n|switch|p1b: Basculegion|Basculegion, L50, M|71/100\n|switch|p2b: Milotic|Milotic, L50, M|100/100\n|move|p2a: Orthworm|Protect|p2a: Orthworm\n|-singleturn|p2a: Orthworm|Protect\n|move|p1a: Sinistcha|Life Dew|p1a: Sinistcha|[spread] p1a,p1b\n|-heal|p1a: Sinistcha|100/100\n|-heal|p1b: Basculegion|96/100\n|\n|-weather|SunnyDay|[upkeep]\n|upkeep\n|turn|5\n|\n|t:|1776353281\n|move|p1b: Basculegion|Flip Turn|p2a: Orthworm\n|-damage|p2a: Orthworm|43/100\n|\n|t:|1776353284\n|switch|p1b: Froslass|Froslass-Mega, L50, F, shiny|16/100|[from] Flip Turn\n|-weather|Snowscape|[from] ability: Snow Warning|[of] p1b: Froslass\n|move|p2b: Milotic|Icy Wind|p1a: Sinistcha|[spread] p1a,p1b\n|-supereffective|p1a: Sinistcha|1\n|-resisted|p1b: Froslass|1\n|-damage|p1a: Sinistcha|78/100\n|-damage|p1b: Froslass|9/100\n|-unboost|p1a: Sinistcha|spe|1\n|-unboost|p1b: Froslass|spe|1\n|move|p2a: Orthworm|Heavy Slam|p1a: Sinistcha\n|-damage|p1a: Sinistcha|45/100\n|move|p1a: Sinistcha|Life Dew|p1a: Sinistcha|[spread] p1a,p1b\n|-heal|p1a: Sinistcha|70/100\n|-heal|p1b: Froslass|34/100\n|\n|-weather|Snowscape|[upkeep]\n|-heal|p1a: Sinistcha|76/100|[from] item: Leftovers\n|upkeep\n|turn|6\n|\n|t:|1776353314\n|switch|p1b: Basculegion|Basculegion, L50, M|96/100\n|move|p2b: Milotic|Icy Wind|p1b: Basculegion|[spread] p1a,p1b\n|-supereffective|p1a: Sinistcha|1\n|-resisted|p1b: Basculegion|1\n|-damage|p1a: Sinistcha|53/100\n|-damage|p1b: Basculegion|90/100\n|-unboost|p1a: Sinistcha|spe|1\n|-unboost|p1b: Basculegion|spe|1\n|move|p2a: Orthworm|Heavy Slam|p1b: Basculegion\n|-resisted|p1b: Basculegion|1\n|-damage|p1b: Basculegion|79/100\n|move|p1a: Sinistcha|Matcha Gotcha|p2b: Milotic|[spread] p2a,p2b\n|-resisted|p2a: Orthworm|1\n|-crit|p2a: Orthworm\n|-supereffective|p2b: Milotic|1\n|-damage|p2a: Orthworm|12/100\n|-heal|p1a: Sinistcha|69/100|[from] drain|[of] p2a: Orthworm\n|-damage|p2b: Milotic|67/100\n|-heal|p1a: Sinistcha|88/100|[from] drain|[of] p2b: Milotic\n|\n|-weather|Snowscape|[upkeep]\n|-heal|p1a: Sinistcha|94/100|[from] item: Leftovers\n|upkeep\n|turn|7\n|inactive|Battle timer is ON: inactive players will automatically lose when time's up. (requested by Future Alice haver)\n|inactive|sxlver has 60 seconds left.\n|\n|t:|1776353368\n|move|p2a: Orthworm|Protect|p2a: Orthworm\n|-singleturn|p2a: Orthworm|Protect\n|move|p1b: Basculegion|Last Respects|p2b: Milotic\n|-damage|p2b: Milotic|6/100\n|move|p2b: Milotic|Ice Beam|p1a: Sinistcha\n|-supereffective|p1a: Sinistcha|1\n|-damage|p1a: Sinistcha|48/100\n|-status|p1a: Sinistcha|frz\n|-curestatus|p1a: Sinistcha|frz|[from] move: Matcha Gotcha\n|move|p1a: Sinistcha|Matcha Gotcha|p2a: Orthworm|[spread] p2b\n|-activate|p2a: Orthworm|move: Protect\n|-supereffective|p2b: Milotic|1\n|-damage|p2b: Milotic|0 fnt\n|-heal|p1a: Sinistcha|51/100|[from] drain|[of] p2b: Milotic\n|faint|p2b: Milotic\n|\n|-weather|Snowscape|[upkeep]\n|-heal|p1a: Sinistcha|57/100|[from] item: Leftovers\n|upkeep\n|\n|t:|1776353373\n|switch|p2b: Charizard|Charizard-Mega-Y, L50, F|8/100\n|-weather|SunnyDay|[from] ability: Drought|[of] p2b: Charizard\n|turn|8\n|inactive|sxlver has 30 seconds left.\n|inactive|sxlver has 20 seconds left.\n|inactive|sxlver has 15 seconds left.\n|\n|t:|1776353415\n|move|p2b: Charizard|Heat Wave|p1b: Basculegion|[spread] p1a,p1b\n|-supereffective|p1a: Sinistcha|1\n|-crit|p1a: Sinistcha\n|-resisted|p1b: Basculegion|1\n|-damage|p1a: Sinistcha|0 fnt\n|-damage|p1b: Basculegion|42/100\n|faint|p1a: Sinistcha\n|move|p1b: Basculegion|Last Respects|p2a: Orthworm\n|-damage|p2a: Orthworm|0 fnt\n|faint|p2a: Orthworm\n|\n|-weather|SunnyDay|[upkeep]\n|upkeep\n|\n|t:|1776353425\n|switch|p1a: Froslass|Froslass-Mega, L50, F, shiny|34/100\n|-weather|Snowscape|[from] ability: Snow Warning|[of] p1a: Froslass\n|turn|9\n|\n|t:|1776353433\n|move|p1a: Froslass|Blizzard|p2b: Charizard\n|-damage|p2b: Charizard|0 fnt\n|faint|p2b: Charizard\n|\n|win|sxlver\n|raw|sxlver's rating: 1091 &rarr; <strong>1117</strong><br />(+26 for winning)\n|raw|Future Alice haver's rating: 1086 &rarr; <strong>1063</strong><br />(-23 for losing)\n|c|\u2606sxlver|gg\n",
  "uploadtime": 1776353437,
  "views": 29,
  "formatid": "gen9championsvgc2026regma",
  "rating": 1063,
  "private": 0,
  "password": null
}