{
  "id": "gen9championsvgc2026regma-2585293360",
  "format": "[Gen 9 Champions] VGC 2026 Reg M-A",
  "players": [
    "BlankedNirvana",
    "auracorio"
  ],
  "log": "|j|\u2606BlankedNirvana\n|j|\u2606auracorio\n|t:|1776334679\n|gametype|doubles\n|player|p1|BlankedNirvana|169|1157\n|player|p2|auracorio|dancer|1099\n|gen|9\n|tier|[Gen 9 Champions] VGC 2026 Reg M-A\n|rated|\n|rule|Species Clause: Limit one of each Pok\u00e9mon\n|rule|Item Clause: Limit 1 of each item\n|clearpoke\n|poke|p1|Aggron, L50, M|\n|poke|p1|Sinistcha, L50|\n|poke|p1|Incineroar, L50, M|\n|poke|p1|Pelipper, L50, F|\n|poke|p1|Archaludon, L50, F|\n|poke|p1|Basculegion, L50, M|\n|poke|p2|Espathra, L50, M|\n|poke|p2|Volcarona, L50, F|\n|poke|p2|Incineroar, L50, F|\n|poke|p2|Floette-Eternal, L50, F|\n|poke|p2|Aerodactyl, L50, M|\n|poke|p2|Froslass, L50, F|\n|teampreview|4\n|\n|t:|1776334713\n|teamsize|p1|4\n|teamsize|p2|4\n|start\n|switch|p1a: Bird|Pelipper, L50, F|100/100\n|switch|p1b: Fish|Basculegion, L50, M|100/100\n|switch|p2a: Espathra|Espathra, L50, M|100/100\n|switch|p2b: Froslass|Froslass, L50, F|100/100\n|-weather|RainDance|[from] ability: Drizzle|[of] p1a: Bird\n|turn|1\n|\n|t:|1776334735\n|move|p2b: Froslass|Protect|p2b: Froslass\n|-singleturn|p2b: Froslass|Protect\n|move|p2a: Espathra|Protect|p2a: Espathra\n|-singleturn|p2a: Espathra|Protect\n|move|p1b: Fish|Last Respects|p2b: Froslass\n|-activate|p2b: Froslass|move: Protect\n|move|p1a: Bird|Tailwind|p1a: Bird\n|-sidestart|p1: BlankedNirvana|move: Tailwind\n|\n|-weather|RainDance|[upkeep]\n|-ability|p2a: Espathra|Speed Boost|boost\n|-boost|p2a: Espathra|spe|1\n|upkeep\n|turn|2\n|\n|t:|1776334760\n|detailschange|p2b: Froslass|Froslass-Mega, L50, F\n|-mega|p2b: Froslass|Froslass|Froslassite\n|-weather|Snowscape|[from] ability: Snow Warning|[of] p2b: Froslass\n|move|p1b: Fish|Last Respects|p2a: Espathra\n|-supereffective|p2a: Espathra|1\n|-enditem|p2a: Espathra|Kasib Berry|[eat]\n|-enditem|p2a: Espathra|Kasib Berry|[weaken]\n|-damage|p2a: Espathra|65/100\n|move|p1a: Bird|Weather Ball|p2a: Espathra\n|-damage|p2a: Espathra|29/100\n|move|p2a: Espathra|Lumina Crash|p1b: Fish\n|-damage|p1b: Fish|53/100\n|-unboost|p1b: Fish|spd|2\n|move|p2b: Froslass|Blizzard|p1a: Bird|[spread] p1a,p1b\n|-resisted|p1b: Fish|1\n|-damage|p1a: Bird|35/100\n|-damage|p1b: Fish|5/100\n|\n|-weather|Snowscape|[upkeep]\n|-ability|p2a: Espathra|Speed Boost|boost\n|-boost|p2a: Espathra|spe|1\n|upkeep\n|turn|3\n|\n|t:|1776334789\n|move|p2a: Espathra|Protect|p2a: Espathra\n|-singleturn|p2a: Espathra|Protect\n|move|p1b: Fish|Last Respects|p2a: Espathra\n|-activate|p2a: Espathra|move: Protect\n|move|p1a: Bird|Hurricane|p2b: Froslass\n|-damage|p2b: Froslass|54/100\n|-start|p2b: Froslass|confusion\n|-activate|p2b: Froslass|confusion\n|-damage|p2b: Froslass|44/100|[from] confusion\n|\n|-weather|Snowscape|[upkeep]\n|-ability|p2a: Espathra|Speed Boost|boost\n|-boost|p2a: Espathra|spe|1\n|upkeep\n|turn|4\n|\n|t:|1776334804\n|move|p1a: Bird|Protect|p1a: Bird\n|-singleturn|p1a: Bird|Protect\n|move|p1b: Fish|Last Respects|p2b: Froslass\n|-supereffective|p2b: Froslass|1\n|-damage|p2b: Froslass|0 fnt\n|faint|p2b: Froslass\n|move|p2a: Espathra|Dazzling Gleam|p1a: Bird|[spread] p1b\n|-activate|p1a: Bird|move: Protect\n|-damage|p1b: Fish|0 fnt\n|faint|p1b: Fish\n|\n|-weather|Snowscape|[upkeep]\n|-sideend|p1: BlankedNirvana|move: Tailwind\n|-ability|p2a: Espathra|Speed Boost|boost\n|-boost|p2a: Espathra|spe|1\n|upkeep\n|\n|t:|1776334820\n|switch|p2b: Floette|Floette-Eternal, L50, F|100/100\n|switch|p1b: Cleric|Sinistcha, L50|100/100\n|-heal|p1a: Bird|60/100|[from] ability: Hospitality|[of] p1b: Cleric\n|turn|5\n|\n|t:|1776334839\n|move|p2a: Espathra|Calm Mind|p2a: Espathra\n|-boost|p2a: Espathra|spa|1\n|-boost|p2a: Espathra|spd|1\n|move|p1a: Bird|Weather Ball|p2a: Espathra\n|-damage|p2a: Espathra|7/100\n|move|p2b: Floette|Pollen Puff|p2a: Espathra\n|-heal|p2a: Espathra|57/100\n|move|p1b: Cleric|Trick Room|p1b: Cleric\n|-fieldstart|move: Trick Room|[of] p1b: Cleric\n|\n|-weather|Snowscape|[upkeep]\n|-ability|p2a: Espathra|Speed Boost|boost\n|-boost|p2a: Espathra|spe|1\n|upkeep\n|turn|6\n|\n|t:|1776334865\n|switch|p1a: The Wall|Aggron, L50, M|100/100\n|move|p1b: Cleric|Matcha Gotcha|p2b: Floette|[spread] p2b\n|-miss|p1b: Cleric|p2a: Espathra\n|-damage|p2b: Floette|81/100\n|move|p2b: Floette|Light of Ruin|p1a: The Wall\n|-resisted|p1a: The Wall|1\n|-damage|p1a: The Wall|69/100\n|-damage|p2b: Floette|64/100|[from] Recoil\n|move|p2a: Espathra|Calm Mind|p2a: Espathra\n|-boost|p2a: Espathra|spa|1\n|-boost|p2a: Espathra|spd|1\n|\n|-weather|none\n|-heal|p2b: Floette|70/100|[from] item: Leftovers\n|-ability|p2a: Espathra|Speed Boost|boost\n|-boost|p2a: Espathra|spe|1\n|upkeep\n|turn|7\n|\n|t:|1776334899\n|switch|p1b: Bird|Pelipper, L50, F|60/100\n|-weather|RainDance|[from] ability: Drizzle|[of] p1b: Bird\n|switch|p2b: Incineroar|Incineroar, L50, F|100/100\n|-ability|p2b: Incineroar|Intimidate|boost\n|-unboost|p1a: The Wall|atk|1\n|-unboost|p1b: Bird|atk|1\n|detailschange|p1a: The Wall|Aggron-Mega, L50, M\n|-mega|p1a: The Wall|Aggron|Aggronite\n|move|p2a: Espathra|Protect|p2a: Espathra\n|-singleturn|p2a: Espathra|Protect\n|move|p1a: The Wall|Heavy Slam|p2b: Incineroar\n|-resisted|p2b: Incineroar|1\n|-damage|p2b: Incineroar|85/100\n|\n|-weather|RainDance|[upkeep]\n|upkeep\n|turn|8\n|\n|t:|1776334932\n|move|p1a: The Wall|Protect|p1a: The Wall\n|-singleturn|p1a: The Wall|Protect\n|move|p2b: Incineroar|Fake Out|p1b: Bird\n|-damage|p1b: Bird|47/100\n|cant|p1b: Bird|flinch\n|move|p2a: Espathra|Lumina Crash|p1a: The Wall\n|-activate|p1a: The Wall|move: Protect\n|\n|-weather|RainDance|[upkeep]\n|upkeep\n|turn|9\n|\n|t:|1776334947\n|switch|p1a: Cleric|Sinistcha, L50|100/100\n|-heal|p1b: Bird|72/100|[from] ability: Hospitality|[of] p1a: Cleric\n|move|p1b: Bird|Protect|p1b: Bird\n|-singleturn|p1b: Bird|Protect\n|move|p2a: Espathra|Protect|p2a: Espathra\n|-singleturn|p2a: Espathra|Protect\n|move|p2b: Incineroar|Parting Shot|p1b: Bird\n|-activate|p1b: Bird|move: Protect\n|\n|-weather|RainDance|[upkeep]\n|-fieldend|move: Trick Room\n|upkeep\n|turn|10\n|\n|t:|1776334965\n|move|p2a: Espathra|Lumina Crash|p1a: Cleric\n|-damage|p1a: Cleric|34/100\n|-unboost|p1a: Cleric|spd|2\n|move|p1b: Bird|Weather Ball|p2b: Incineroar\n|-supereffective|p2b: Incineroar|1\n|-damage|p2b: Incineroar|0 fnt\n|faint|p2b: Incineroar\n|move|p1a: Cleric|Trick Room|p1a: Cleric\n|-fieldstart|move: Trick Room|[of] p1a: Cleric\n|\n|-weather|RainDance|[upkeep]\n|upkeep\n|\n|t:|1776334972\n|switch|p2b: Floette|Floette-Eternal, L50, F|70/100\n|turn|11\n|\n|t:|1776334997\n|move|p1a: Cleric|Life Dew|p1a: Cleric|[spread] p1a,p1b\n|-heal|p1a: Cleric|59/100\n|-heal|p1b: Bird|97/100\n|move|p2b: Floette|Pollen Puff|p2a: Espathra\n|-heal|p2a: Espathra|100/100\n|move|p1b: Bird|Weather Ball|p2a: Espathra\n|-damage|p2a: Espathra|63/100\n|move|p2a: Espathra|Calm Mind|p2a: Espathra\n|-boost|p2a: Espathra|spa|1\n|-boost|p2a: Espathra|spd|1\n|\n|-weather|none\n|-heal|p2b: Floette|76/100|[from] item: Leftovers\n|upkeep\n|turn|12\n|\n|t:|1776335025\n|switch|p1b: The Wall|Aggron-Mega, L50, M|69/100\n|move|p1a: Cleric|Matcha Gotcha|p2a: Espathra|[spread] p2a,p2b\n|-crit|p2b: Floette\n|-damage|p2a: Espathra|50/100\n|-heal|p1a: Cleric|66/100|[from] drain|[of] p2a: Espathra\n|-damage|p2b: Floette|47/100\n|-heal|p1a: Cleric|79/100|[from] drain|[of] p2b: Floette\n|move|p2b: Floette|Pollen Puff|p2a: Espathra\n|-heal|p2a: Espathra|99/100\n|move|p2a: Espathra|Lumina Crash|p1b: The Wall\n|-resisted|p1b: The Wall|1\n|-damage|p1b: The Wall|25/100\n|-unboost|p1b: The Wall|spd|2\n|\n|-heal|p2b: Floette|54/100|[from] item: Leftovers\n|upkeep\n|turn|13\n|\n|t:|1776335060\n|move|p2b: Floette|Helping Hand|p2a: Espathra\n|-singleturn|p2a: Espathra|Helping Hand|[of] p2b: Floette\n|move|p1b: The Wall|Heavy Slam|p2b: Floette\n|-supereffective|p2b: Floette|1\n|-damage|p2b: Floette|0 fnt\n|faint|p2b: Floette\n|move|p1a: Cleric|Matcha Gotcha|p2a: Espathra\n|-damage|p2a: Espathra|83/100\n|-heal|p1a: Cleric|88/100|[from] drain|[of] p2a: Espathra\n|move|p2a: Espathra|Dazzling Gleam|p1a: Cleric|[spread] p1a,p1b\n|-crit|p1a: Cleric\n|-resisted|p1b: The Wall|1\n|-damage|p1a: Cleric|0 fnt\n|-damage|p1b: The Wall|0 fnt\n|faint|p1a: Cleric\n|faint|p1b: The Wall\n|\n|upkeep\n|\n|t:|1776335077\n|switch|p1b: Bird|Pelipper, L50, F|97/100\n|-weather|RainDance|[from] ability: Drizzle|[of] p1b: Bird\n|turn|14\n|\n|t:|1776335082\n|move|p2a: Espathra|Protect|p2a: Espathra\n|-singleturn|p2a: Espathra|Protect\n|move|p1b: Bird|Weather Ball|p2a: Espathra\n|-activate|p2a: Espathra|move: Protect\n|\n|-weather|RainDance|[upkeep]\n|-fieldend|move: Trick Room\n|upkeep\n|turn|15\n|-message|BlankedNirvana forfeited.\n|\n|win|auracorio\n|raw|BlankedNirvana's rating: 1157 &rarr; <strong>1128</strong><br />(-29 for losing)\n|raw|auracorio's rating: 1099 &rarr; <strong>1128</strong><br />(+29 for winning)\n|l|\u2606BlankedNirvana\n|player|p1|\n|c|\u2606auracorio|ggs\n",
  "uploadtime": 1776335098,
  "views": 26,
  "formatid": "gen9championsvgc2026regma",
  "rating": 1128,
  "private": 0,
  "password": null
}