{
  "id": "gen9championsvgc2026regma-2588387237",
  "format": "[Gen 9 Champions] VGC 2026 Reg M-A",
  "players": [
    "CTZ_5576",
    "trashgarbage"
  ],
  "log": "|j|\u2606CTZ_5576\n|j|\u2606trashgarbage\n|t:|1776629253\n|gametype|doubles\n|player|p1|CTZ_5576|whitney|1163\n|player|p2|trashgarbage|102|1252\n|gen|9\n|tier|[Gen 9 Champions] VGC 2026 Reg M-A\n|rated|\n|rule|Species Clause: Limit one of each Pok\u00e9mon\n|rule|Item Clause: Limit 1 of each item\n|clearpoke\n|poke|p1|Incineroar, L50, M|\n|poke|p1|Sneasler, L50, F|\n|poke|p1|Kingambit, L50, M|\n|poke|p1|Farigiraf, L50, F|\n|poke|p1|Meganium, L50, F|\n|poke|p1|Basculegion, L50, M|\n|poke|p2|Delphox, L50, F|\n|poke|p2|Kommo-o, L50, M|\n|poke|p2|Sableye, L50, F|\n|poke|p2|Milotic, L50, F|\n|poke|p2|Typhlosion-Hisui, L50, M|\n|poke|p2|Espathra, L50, F|\n|teampreview|4\n|\n|t:|1776629305\n|teamsize|p1|4\n|teamsize|p2|4\n|start\n|switch|p1a: Incineroar|Incineroar, L50, M|100/100\n|switch|p1b: Farigiraf|Farigiraf, L50, F|100/100\n|switch|p2a: Sableye|Sableye, L50, F|100/100\n|switch|p2b: Typhlosion|Typhlosion-Hisui, L50, M|100/100\n|-item|p1a: Incineroar|Sitrus Berry|[from] ability: Frisk|[of] p2b: Typhlosion\n|-item|p1b: Farigiraf|Leftovers|[from] ability: Frisk|[of] p2b: Typhlosion\n|-ability|p1a: Incineroar|Intimidate|boost\n|-unboost|p2a: Sableye|atk|1\n|-unboost|p2b: Typhlosion|atk|1\n|turn|1\n|\n|t:|1776629328\n|switch|p2b: Milotic|Milotic, L50, F|100/100\n|move|p2a: Sableye|Gravity|p2a: Sableye\n|-fieldstart|move: Gravity\n|move|p1a: Incineroar|Darkest Lariat|p2b: Milotic\n|-crit|p2b: Milotic\n|-damage|p2b: Milotic|64/100\n|move|p1b: Farigiraf|Trick Room|p1b: Farigiraf\n|-fieldstart|move: Trick Room|[of] p1b: Farigiraf\n|\n|-heal|p2b: Milotic|70/100|[from] item: Leftovers\n|upkeep\n|turn|2\n|\n|t:|1776629345\n|move|p1b: Farigiraf|Psychic|p2b: Milotic\n|-damage|p2b: Milotic|41/100\n|move|p1a: Incineroar|Parting Shot|p2a: Sableye\n|-unboost|p2a: Sableye|atk|1\n|-unboost|p2a: Sableye|spa|1\n|\n|t:|1776629351\n|switch|p1a: Meganium|Meganium, L50, F|100/100|[from] Parting Shot\n|move|p2a: Sableye|Knock Off|p1b: Farigiraf\n|-supereffective|p1b: Farigiraf|1\n|-damage|p1b: Farigiraf|77/100\n|-enditem|p1b: Farigiraf|Leftovers|[from] move: Knock Off|[of] p2a: Sableye\n|move|p2b: Milotic|Hypnosis|p1b: Farigiraf\n|-status|p1b: Farigiraf|slp|[from] move: Hypnosis\n|\n|-heal|p2b: Milotic|47/100|[from] item: Leftovers\n|upkeep\n|turn|3\n|\n|t:|1776629369\n|detailschange|p1a: Meganium|Meganium-Mega, L50, F\n|-mega|p1a: Meganium|Meganium|Meganiumite\n|move|p2b: Milotic|Protect|p2b: Milotic\n|-singleturn|p2b: Milotic|Protect\n|move|p2a: Sableye|Sunny Day|p2a: Sableye\n|-weather|SunnyDay\n|cant|p1b: Farigiraf|slp\n|move|p1a: Meganium|Solar Beam||[still]\n|-prepare|p1a: Meganium|Solar Beam\n|-anim|p1a: Meganium|Solar Beam|p2b: Milotic\n|-activate|p2b: Milotic|move: Protect\n|\n|-weather|SunnyDay|[upkeep]\n|-heal|p2b: Milotic|53/100|[from] item: Leftovers\n|upkeep\n|turn|4\n|\n|t:|1776629400\n|switch|p2b: Delphox|Delphox, L50, F|100/100\n|cant|p1b: Farigiraf|slp\n|move|p2a: Sableye|Knock Off|p1b: Farigiraf\n|-supereffective|p1b: Farigiraf|1\n|-damage|p1b: Farigiraf|61/100 slp\n|move|p1a: Meganium|Solar Beam||[still]\n|-prepare|p1a: Meganium|Solar Beam\n|-anim|p1a: Meganium|Solar Beam|p2b: Delphox\n|-resisted|p2b: Delphox|1\n|-damage|p2b: Delphox|65/100\n|\n|-weather|SunnyDay|[upkeep]\n|upkeep\n|turn|5\n|\n|t:|1776629441\n|move|p2b: Delphox|Protect|p2b: Delphox\n|-singleturn|p2b: Delphox|Protect\n|-curestatus|p1b: Farigiraf|slp|[msg]\n|move|p1b: Farigiraf|Hyper Voice|p2a: Sableye|[spread] \n|-activate|p2b: Delphox|move: Protect\n|-immune|p2a: Sableye\n|move|p2a: Sableye|Knock Off|p1b: Farigiraf\n|-supereffective|p1b: Farigiraf|1\n|-damage|p1b: Farigiraf|47/100\n|move|p1a: Meganium|Solar Beam||[still]\n|-prepare|p1a: Meganium|Solar Beam\n|-anim|p1a: Meganium|Solar Beam|p2b: Delphox\n|-activate|p2b: Delphox|move: Protect\n|\n|-weather|SunnyDay|[upkeep]\n|-fieldend|move: Trick Room\n|-fieldend|move: Gravity\n|upkeep\n|turn|6\n|\n|t:|1776629459\n|switch|p1a: Incineroar|Incineroar, L50, M|100/100\n|-ability|p1a: Incineroar|Intimidate|boost\n|-unboost|p2a: Sableye|atk|1\n|-unboost|p2b: Delphox|atk|1\n|detailschange|p2b: Delphox|Delphox-Mega, L50, F\n|-mega|p2b: Delphox|Delphox|Delphoxite\n|move|p1b: Farigiraf|Protect|p1b: Farigiraf\n|-singleturn|p1b: Farigiraf|Protect\n|move|p2a: Sableye|Gravity|p2a: Sableye\n|-fieldstart|move: Gravity\n|move|p2b: Delphox|Heat Wave|p1a: Incineroar|[spread] p1a\n|-activate|p1b: Farigiraf|move: Protect\n|-resisted|p1a: Incineroar|1\n|-damage|p1a: Incineroar|74/100\n|\n|-weather|SunnyDay|[upkeep]\n|upkeep\n|turn|7\n|\n|t:|1776629480\n|switch|p2a: Milotic|Milotic, L50, F|53/100\n|move|p1a: Incineroar|Fake Out|p2b: Delphox\n|-damage|p2b: Delphox|49/100\n|cant|p2b: Delphox|flinch\n|move|p1b: Farigiraf|Trick Room|p1b: Farigiraf\n|-fieldstart|move: Trick Room|[of] p1b: Farigiraf\n|\n|-weather|none\n|-heal|p2a: Milotic|59/100|[from] item: Leftovers\n|upkeep\n|turn|8\n|\n|t:|1776629497\n|switch|p2b: Sableye|Sableye, L50, F|100/100\n|move|p1b: Farigiraf|Psychic|p2a: Milotic\n|-damage|p2a: Milotic|32/100\n|move|p1a: Incineroar|Darkest Lariat|p2b: Sableye\n|-damage|p2b: Sableye|60/100\n|move|p2a: Milotic|Hypnosis|p1a: Incineroar\n|-status|p1a: Incineroar|slp|[from] move: Hypnosis\n|\n|-heal|p2a: Milotic|38/100|[from] item: Leftovers\n|upkeep\n|turn|9\n|\n|t:|1776629520\n|switch|p1a: Meganium|Meganium-Mega, L50, F|100/100\n|move|p1b: Farigiraf|Protect|p1b: Farigiraf\n|-singleturn|p1b: Farigiraf|Protect\n|move|p2b: Sableye|Knock Off|p1b: Farigiraf\n|-activate|p1b: Farigiraf|move: Protect\n|move|p2a: Milotic|Hypnosis|p1a: Meganium\n|-status|p1a: Meganium|slp|[from] move: Hypnosis\n|\n|-heal|p2a: Milotic|44/100|[from] item: Leftovers\n|upkeep\n|turn|10\n|\n|t:|1776629539\n|switch|p2b: Delphox|Delphox-Mega, L50, F|49/100\n|move|p1b: Farigiraf|Protect||[still]\n|-fail|p1b: Farigiraf\n|cant|p1a: Meganium|slp\n|move|p2a: Milotic|Hypnosis|p1b: Farigiraf\n|-status|p1b: Farigiraf|slp|[from] move: Hypnosis\n|\n|-heal|p2a: Milotic|50/100|[from] item: Leftovers\n|-fieldend|move: Gravity\n|upkeep\n|turn|11\n|\n|t:|1776629555\n|move|p2a: Milotic|Protect|p2a: Milotic\n|-singleturn|p2a: Milotic|Protect\n|cant|p1b: Farigiraf|slp\n|cant|p1a: Meganium|slp\n|move|p2b: Delphox|Heat Wave|p1b: Farigiraf|[spread] p1a,p1b\n|-supereffective|p1a: Meganium|1\n|-damage|p1a: Meganium|30/100 slp\n|-damage|p1b: Farigiraf|11/100 slp\n|\n|-heal|p2a: Milotic|56/100|[from] item: Leftovers\n|-fieldend|move: Trick Room\n|upkeep\n|turn|12\n|\n|t:|1776629576\n|-curestatus|p1a: Meganium|slp|[msg]\n|move|p1a: Meganium|Protect|p1a: Meganium\n|-singleturn|p1a: Meganium|Protect\n|move|p2b: Delphox|Heat Wave|p1a: Meganium|[spread] \n|-activate|p1a: Meganium|move: Protect\n|-miss|p2b: Delphox|p1b: Farigiraf\n|move|p2a: Milotic|Scald|p1b: Farigiraf\n|-damage|p1b: Farigiraf|0 fnt\n|faint|p1b: Farigiraf\n|\n|-heal|p2a: Milotic|62/100|[from] item: Leftovers\n|upkeep\n|\n|t:|1776629588\n|switch|p1b: Basculegion|Basculegion, L50, M|100/100\n|turn|13\n|\n|t:|1776629646\n|move|p2a: Milotic|Protect|p2a: Milotic\n|-singleturn|p2a: Milotic|Protect\n|move|p1b: Basculegion|Aqua Jet|p2b: Delphox\n|-supereffective|p2b: Delphox|1\n|-damage|p2b: Delphox|0 fnt\n|faint|p2b: Delphox\n|move|p1a: Meganium|Solar Beam||[still]\n|-prepare|p1a: Meganium|Solar Beam\n|-activate|p1a: Meganium|ability: Mega Sol\n|-anim|p1a: Meganium|Solar Beam|p2a: Milotic\n|-activate|p2a: Milotic|move: Protect\n|\n|-heal|p2a: Milotic|68/100|[from] item: Leftovers\n|upkeep\n|\n|t:|1776629660\n|switch|p2b: Sableye|Sableye, L50, F|60/100\n|turn|14\n|\n|t:|1776629669\n|move|p2b: Sableye|Sunny Day|p2b: Sableye\n|-weather|SunnyDay\n|move|p1b: Basculegion|Last Respects|p2a: Milotic\n|-damage|p2a: Milotic|19/100\n|move|p2a: Milotic|Ice Beam|p1a: Meganium\n|-supereffective|p1a: Meganium|1\n|-damage|p1a: Meganium|0 fnt\n|faint|p1a: Meganium\n|\n|-weather|SunnyDay|[upkeep]\n|-heal|p2a: Milotic|25/100|[from] item: Leftovers\n|upkeep\n|\n|t:|1776629678\n|switch|p1a: Incineroar|Incineroar, L50, M|74/100 slp\n|-ability|p1a: Incineroar|Intimidate|boost\n|-unboost|p2a: Milotic|atk|1\n|-ability|p2a: Milotic|Competitive|boost\n|-boost|p2a: Milotic|spa|2\n|-unboost|p2b: Sableye|atk|1\n|turn|15\n|\n|t:|1776629706\n|switch|p2b: Typhlosion|Typhlosion-Hisui, L50, M|100/100\n|-item|p1a: Incineroar|Sitrus Berry|[from] ability: Frisk|[of] p2b: Typhlosion\n|-item|p1b: Basculegion|Mystic Water|[from] ability: Frisk|[of] p2b: Typhlosion\n|move|p1b: Basculegion|Protect|p1b: Basculegion\n|-singleturn|p1b: Basculegion|Protect\n|move|p2a: Milotic|Protect|p2a: Milotic\n|-singleturn|p2a: Milotic|Protect\n|cant|p1a: Incineroar|slp\n|\n|-weather|SunnyDay|[upkeep]\n|-heal|p2a: Milotic|31/100|[from] item: Leftovers\n|upkeep\n|turn|16\n|\n|t:|1776629726\n|move|p1b: Basculegion|Aqua Jet|p2b: Typhlosion\n|-supereffective|p2b: Typhlosion|1\n|-damage|p2b: Typhlosion|52/100\n|move|p2b: Typhlosion|Shadow Ball|p1b: Basculegion\n|-supereffective|p1b: Basculegion|1\n|-damage|p1b: Basculegion|18/100\n|-unboost|p1b: Basculegion|spd|1\n|move|p2a: Milotic|Scald|p1a: Incineroar\n|-supereffective|p1a: Incineroar|1\n|-damage|p1a: Incineroar|32/100 slp\n|-enditem|p1a: Incineroar|Sitrus Berry|[eat]\n|-heal|p1a: Incineroar|56/100 slp|[from] item: Sitrus Berry\n|-curestatus|p1a: Incineroar|slp|[msg]\n|move|p1a: Incineroar|Darkest Lariat|p2a: Milotic\n|-damage|p2a: Milotic|4/100\n|\n|-weather|SunnyDay|[upkeep]\n|-heal|p2a: Milotic|10/100|[from] item: Leftovers\n|upkeep\n|turn|17\n|\n|t:|1776629767\n|move|p1b: Basculegion|Protect|p1b: Basculegion\n|-singleturn|p1b: Basculegion|Protect\n|move|p2b: Typhlosion|Shadow Ball|p1a: Incineroar\n|-resisted|p1a: Incineroar|1\n|-damage|p1a: Incineroar|40/100\n|move|p2a: Milotic|Scald|p1a: Incineroar\n|-supereffective|p1a: Incineroar|1\n|-damage|p1a: Incineroar|0 fnt\n|faint|p1a: Incineroar\n|\n|-weather|SunnyDay|[upkeep]\n|-heal|p2a: Milotic|16/100|[from] item: Leftovers\n|upkeep\n|turn|18\n|-message|CTZ_5576 forfeited.\n|\n|win|trashgarbage\n|raw|CTZ_5576's rating: 1163 &rarr; <strong>1144</strong><br />(-19 for losing)\n|raw|trashgarbage's rating: 1252 &rarr; <strong>1271</strong><br />(+19 for winning)\n|l|\u2606CTZ_5576\n|player|p1|\n|l|\u2606trashgarbage\n|player|p2|\n|j|\u2606trashgarbage\n|player|p2|trashgarbage|102|\n",
  "uploadtime": 1776630170,
  "views": 10,
  "formatid": "gen9championsvgc2026regma",
  "rating": 1144,
  "private": 0,
  "password": null
}