{
  "id": "gen9championsvgc2026regma-2586982826",
  "format": "[Gen 9 Champions] VGC 2026 Reg M-A",
  "players": [
    "Scrambledegg62",
    "Jozai"
  ],
  "log": "|j|\u2606Scrambledegg62\n|j|\u2606Jozai\n|t:|1776478110\n|gametype|doubles\n|player|p1|Scrambledegg62|lance|1262\n|player|p2|Jozai|101|1261\n|gen|9\n|tier|[Gen 9 Champions] VGC 2026 Reg M-A\n|rated|\n|rule|Species Clause: Limit one of each Pok\u00e9mon\n|rule|Item Clause: Limit 1 of each item\n|clearpoke\n|poke|p1|Sneasler, L50, M|\n|poke|p1|Aerodactyl, L50, M|\n|poke|p1|Floette-Eternal, L50, F|\n|poke|p1|Kingambit, L50, M|\n|poke|p1|Basculegion, L50, M|\n|poke|p1|Sinistcha, L50|\n|poke|p2|Scovillain, L50, M|\n|poke|p2|Farigiraf, L50, F|\n|poke|p2|Primarina, L50, M|\n|poke|p2|Incineroar, L50, M|\n|poke|p2|Aerodactyl, L50, F|\n|poke|p2|Garchomp, L50, M|\n|teampreview|4\n|inactive|Battle timer is ON: inactive players will automatically lose when time's up. (requested by Jozai)\n|inactive|Scrambledegg62 also wants the timer to be on.\n|inactive|Scrambledegg62 has 60 seconds left.\n|inactive|Jozai has 60 seconds left.\n|\n|t:|1776478163\n|teamsize|p1|4\n|teamsize|p2|4\n|start\n|switch|p1a: Sinistcha|Sinistcha, L50|100/100\n|switch|p1b: Aerodactyl|Aerodactyl, L50, M, shiny|100/100\n|switch|p2a: Scovillain|Scovillain, L50, M, shiny|100/100\n|switch|p2b: Farigiraf|Farigiraf, L50, F|100/100\n|-ability|p1b: Aerodactyl|Unnerve\n|turn|1\n|\n|t:|1776478185\n|detailschange|p2a: Scovillain|Scovillain-Mega, L50, M, shiny\n|-mega|p2a: Scovillain|Scovillain|Scovillainite\n|move|p1b: Aerodactyl|Dual Wingbeat|p2a: Scovillain\n|-supereffective|p2a: Scovillain|1\n|-damage|p2a: Scovillain|62/100\n|-status|p1b: Aerodactyl|brn|[from] ability: Spicy Spray|[of] p2a: Scovillain\n|-supereffective|p2a: Scovillain|1\n|-crit|p2a: Scovillain\n|-damage|p2a: Scovillain|32/100\n|-hitcount|p2a: Scovillain|2\n|move|p2a: Scovillain|Growth|p2a: Scovillain\n|-boost|p2a: Scovillain|atk|1\n|-boost|p2a: Scovillain|spa|1\n|move|p1a: Sinistcha|Imprison|p1a: Sinistcha\n|-start|p1a: Sinistcha|move: Imprison\n|move|p2b: Farigiraf|Nasty Plot|p2b: Farigiraf\n|-boost|p2b: Farigiraf|spa|2\n|\n|-damage|p1b: Aerodactyl|95/100 brn|[from] brn\n|upkeep\n|turn|2\n|inactive|Jozai has 30 seconds left.\n|\n|t:|1776478214\n|move|p1a: Sinistcha|Rage Powder|p1a: Sinistcha\n|-singleturn|p1a: Sinistcha|move: Rage Powder\n|move|p1b: Aerodactyl|Dual Wingbeat|p2a: Scovillain\n|-supereffective|p2a: Scovillain|1\n|-damage|p2a: Scovillain|11/100\n|-supereffective|p2a: Scovillain|1\n|-damage|p2a: Scovillain|0 fnt\n|faint|p2a: Scovillain\n|-hitcount|p2: Scovillain|2\n|move|p2b: Farigiraf|Psychic|p1a: Sinistcha\n|-damage|p1a: Sinistcha|36/100\n|-enditem|p1a: Sinistcha|Sitrus Berry|[eat]\n|-heal|p1a: Sinistcha|61/100|[from] item: Sitrus Berry\n|\n|-damage|p1b: Aerodactyl|89/100 brn|[from] brn\n|upkeep\n|\n|t:|1776478221\n|switch|p2a: Primarina|Primarina, L50, M|100/100\n|turn|3\n|\n|t:|1776478232\n|move|p1a: Sinistcha|Rage Powder|p1a: Sinistcha\n|-singleturn|p1a: Sinistcha|move: Rage Powder\n|move|p1b: Aerodactyl|Rock Slide|p2a: Primarina|[spread] p2a,p2b\n|-crit|p2a: Primarina\n|-damage|p2a: Primarina|84/100\n|-damage|p2b: Farigiraf|89/100\n|cant|p2a: Primarina|flinch\n|cant|p2b: Farigiraf|flinch\n|\n|-damage|p1b: Aerodactyl|83/100 brn|[from] brn\n|upkeep\n|turn|4\n|inactive|Jozai has 30 seconds left.\n|inactive|Jozai has 20 seconds left.\n|\n|t:|1776478270\n|move|p1a: Sinistcha|Rage Powder|p1a: Sinistcha\n|-singleturn|p1a: Sinistcha|move: Rage Powder\n|move|p1b: Aerodactyl|Dual Wingbeat|p2a: Primarina\n|-damage|p2a: Primarina|76/100\n|-damage|p2a: Primarina|68/100\n|-hitcount|p2a: Primarina|2\n|move|p2a: Primarina|Calm Mind|p2a: Primarina\n|-boost|p2a: Primarina|spa|1\n|-boost|p2a: Primarina|spd|1\n|move|p2b: Farigiraf|Nasty Plot|p2b: Farigiraf\n|-boost|p2b: Farigiraf|spa|2\n|\n|-damage|p1b: Aerodactyl|78/100 brn|[from] brn\n|upkeep\n|turn|5\n|inactive|Jozai has 30 seconds left.\n|\n|t:|1776478304\n|move|p1a: Sinistcha|Rage Powder|p1a: Sinistcha\n|-singleturn|p1a: Sinistcha|move: Rage Powder\n|move|p1b: Aerodactyl|Dual Wingbeat|p2b: Farigiraf|[miss]\n|-miss|p1b: Aerodactyl|p2b: Farigiraf\n|move|p2a: Primarina|Hyper Voice|p1a: Sinistcha|[spread] p1a,p1b\n|-resisted|p1a: Sinistcha|1\n|-supereffective|p1b: Aerodactyl|1\n|-damage|p1a: Sinistcha|38/100\n|-damage|p1b: Aerodactyl|0 fnt\n|faint|p1b: Aerodactyl\n|-heal|p2a: Primarina|79/100|[from] item: Shell Bell|[of] p1: Aerodactyl\n|move|p2b: Farigiraf|Psychic|p1a: Sinistcha\n|-damage|p1a: Sinistcha|0 fnt\n|faint|p1a: Sinistcha\n|\n|upkeep\n|\n|t:|1776478316\n|switch|p1b: Basculegion|Basculegion, L50, M, shiny|100/100\n|switch|p1a: Floette|Floette-Eternal, L50, F|100/100\n|turn|6\n|inactive|Jozai has 30 seconds left.\n|\n|t:|1776478343\n|detailschange|p1a: Floette|Floette-Mega, L50, F\n|-mega|p1a: Floette|Floette|Floettite\n|-ability|p1a: Floette|Fairy Aura\n|move|p1b: Basculegion|Last Respects|p2a: Primarina\n|-damage|p2a: Primarina|0 fnt\n|faint|p2a: Primarina\n|move|p1a: Floette|Light of Ruin|p2b: Farigiraf\n|-damage|p2b: Farigiraf|0 fnt\n|faint|p2b: Farigiraf\n|-damage|p1a: Floette|45/100|[from] Recoil\n|\n|upkeep\n|inactive|Jozai has 30 seconds left.\n|\n|t:|1776478371\n|switch|p2b: Garchomp|Garchomp, L50, M|100/100\n|turn|7\n|\n|t:|1776478383\n|move|p2b: Garchomp|Iron Head|p1a: Floette\n|-supereffective|p1a: Floette|1\n|-damage|p1a: Floette|0 fnt\n|faint|p1a: Floette\n|move|p1b: Basculegion|Last Respects|p2b: Garchomp\n|-damage|p2b: Garchomp|0 fnt\n|faint|p2b: Garchomp\n|\n|win|Scrambledegg62\n|raw|Scrambledegg62's rating: 1262 &rarr; <strong>1287</strong><br />(+25 for winning)\n|raw|Jozai's rating: 1261 &rarr; <strong>1236</strong><br />(-25 for losing)\n",
  "uploadtime": 1776478384,
  "views": 23,
  "formatid": "gen9championsvgc2026regma",
  "rating": 1236,
  "private": 0,
  "password": null
}