{
  "id": "gen9championsvgc2026regma-2586274467",
  "format": "[Gen 9 Champions] VGC 2026 Reg M-A",
  "players": [
    "EhJuju",
    "el choro 37"
  ],
  "log": "|j|\u2606EhJuju\n|j|\u2606el choro 37\n|t:|1776420114\n|gametype|doubles\n|player|p1|EhJuju|101|1058\n|player|p2|el choro 37|cyrus|1120\n|gen|9\n|tier|[Gen 9 Champions] VGC 2026 Reg M-A\n|rated|\n|rule|Species Clause: Limit one of each Pok\u00e9mon\n|rule|Item Clause: Limit 1 of each item\n|clearpoke\n|poke|p1|Froslass, L50, F|\n|poke|p1|Empoleon, L50, F|\n|poke|p1|Ditto, L50|\n|poke|p1|Sinistcha, L50|\n|poke|p1|Arcanine-Hisui, L50, F|\n|poke|p1|Jolteon, L50, M|\n|poke|p2|Beedrill, L50, F|\n|poke|p2|Aegislash, L50, F|\n|poke|p2|Rotom-Wash, L50|\n|poke|p2|Incineroar, L50, M|\n|poke|p2|Sneasler, L50, F|\n|poke|p2|Whimsicott, L50, M|\n|teampreview|4\n|\n|t:|1776420136\n|teamsize|p1|4\n|teamsize|p2|4\n|start\n|switch|p1a: Empoleon|Empoleon, L50, F|100/100\n|switch|p1b: Freida|Froslass, L50, F|100/100\n|switch|p2a: Vitor Roque|Incineroar, L50, M|100/100\n|switch|p2b: Marie Curie|Whimsicott, L50, M|100/100\n|-ability|p2a: Vitor Roque|Intimidate|boost\n|-unboost|p1a: Empoleon|atk|1\n|-ability|p1a: Empoleon|Competitive|boost\n|-boost|p1a: Empoleon|spa|2\n|-unboost|p1b: Freida|atk|1\n|turn|1\n|\n|t:|1776420164\n|detailschange|p1b: Freida|Froslass-Mega, L50, F\n|-mega|p1b: Freida|Froslass|Froslassite\n|-weather|Snowscape|[from] ability: Snow Warning|[of] p1b: Freida\n|move|p2a: Vitor Roque|Fake Out|p1a: Empoleon\n|-resisted|p1a: Empoleon|1\n|-damage|p1a: Empoleon|95/100\n|move|p2b: Marie Curie|Stun Spore|p1b: Freida|[miss]\n|-miss|p2b: Marie Curie|p1b: Freida\n|move|p1b: Freida|Nasty Plot|p1b: Freida\n|-boost|p1b: Freida|spa|2\n|cant|p1a: Empoleon|flinch\n|\n|-weather|Snowscape|[upkeep]\n|-heal|p1a: Empoleon|100/100|[from] item: Leftovers\n|upkeep\n|turn|2\n|\n|t:|1776420186\n|switch|p2a: Centinela|Aegislash, L50, F|100/100\n|move|p2b: Marie Curie|Encore|p1b: Freida\n|-start|p1b: Freida|Encore\n|move|p1b: Freida|Nasty Plot|p1b: Freida\n|-boost|p1b: Freida|spa|2\n|move|p1a: Empoleon|Blizzard|p2a: Centinela|[spread] p2a,p2b\n|-resisted|p2a: Centinela|1\n|-supereffective|p2b: Marie Curie|1\n|-damage|p2a: Centinela|77/100\n|-enditem|p2b: Marie Curie|Focus Sash\n|-damage|p2b: Marie Curie|1/100\n|\n|-weather|Snowscape|[upkeep]\n|-heal|p2a: Centinela|83/100|[from] item: Leftovers\n|upkeep\n|turn|3\n|\n|t:|1776420207\n|switch|p1b: Arcanine|Arcanine-Hisui, L50, F|100/100\n|-ability|p1b: Arcanine|Intimidate|boost\n|-unboost|p2a: Centinela|atk|1\n|-unboost|p2b: Marie Curie|atk|1\n|move|p2b: Marie Curie|Stun Spore|p1a: Empoleon|[miss]\n|-miss|p2b: Marie Curie|p1a: Empoleon\n|move|p2a: Centinela|Swords Dance|p2a: Centinela\n|-boost|p2a: Centinela|atk|2\n|move|p1a: Empoleon|Blizzard|p2a: Centinela|[spread] p2a,p2b\n|-resisted|p2a: Centinela|1\n|-crit|p2a: Centinela\n|-supereffective|p2b: Marie Curie|1\n|-damage|p2a: Centinela|47/100\n|-damage|p2b: Marie Curie|0 fnt\n|faint|p2b: Marie Curie\n|\n|-weather|Snowscape|[upkeep]\n|-heal|p2a: Centinela|53/100|[from] item: Leftovers\n|upkeep\n|\n|t:|1776420219\n|switch|p2b: Traicionaro|Beedrill, L50, F|100/100\n|turn|4\n|\n|t:|1776420236\n|detailschange|p2b: Traicionaro|Beedrill-Mega, L50, F\n|-mega|p2b: Traicionaro|Beedrill|Beedrillite\n|move|p1b: Arcanine|Extreme Speed|p2b: Traicionaro\n|-damage|p2b: Traicionaro|29/100\n|move|p2b: Traicionaro|Drill Run|p1b: Arcanine\n|-supereffective|p1b: Arcanine|2\n|-damage|p1b: Arcanine|0 fnt\n|faint|p1b: Arcanine\n|-formechange|p2a: Centinela|Aegislash-Blade|\n|move|p2a: Centinela|Close Combat|p1a: Empoleon\n|-supereffective|p1a: Empoleon|1\n|-damage|p1a: Empoleon|0 fnt\n|-unboost|p2a: Centinela|def|1\n|-unboost|p2a: Centinela|spd|1\n|faint|p1a: Empoleon\n|\n|-weather|Snowscape|[upkeep]\n|-heal|p2a: Centinela|59/100|[from] item: Leftovers\n|upkeep\n|inactive|Battle timer is ON: inactive players will automatically lose when time's up. (requested by el choro 37)\n|\n|t:|1776420251\n|switch|p1b: Freida|Froslass-Mega, L50, F|100/100\n|switch|p1a: Jolteon|Jolteon, L50, M|100/100\n|turn|5\n|\n|t:|1776420257\n|move|p2b: Traicionaro|Protect|p2b: Traicionaro\n|-singleturn|p2b: Traicionaro|Protect\n|move|p1b: Freida|Protect|p1b: Freida\n|-singleturn|p1b: Freida|Protect\n|move|p2a: Centinela|Shadow Sneak|p1b: Freida\n|-activate|p1b: Freida|move: Protect\n|move|p1a: Jolteon|Electroweb|p2a: Centinela|[spread] p2a\n|-activate|p2b: Traicionaro|move: Protect\n|-damage|p2a: Centinela|10/100\n|-unboost|p2a: Centinela|spe|1\n|\n|-weather|none\n|-heal|p2a: Centinela|16/100|[from] item: Leftovers\n|upkeep\n|turn|6\n|\n|t:|1776420275\n|move|p2a: Centinela|Shadow Sneak|p1b: Freida\n|-supereffective|p1b: Freida|1\n|-damage|p1b: Freida|0 fnt\n|faint|p1b: Freida\n|move|p2b: Traicionaro|U-turn|p1a: Jolteon\n|-damage|p1a: Jolteon|3/100\n|\n|t:|1776420281\n|switch|p2b: Vitor Roque|Incineroar, L50, M|100/100|[from] U-turn\n|-ability|p2b: Vitor Roque|Intimidate|boost\n|-unboost|p1a: Jolteon|atk|1\n|move|p1a: Jolteon|Electroweb|p2a: Centinela|[spread] p2a,p2b\n|-damage|p2a: Centinela|0 fnt\n|-damage|p2b: Vitor Roque|87/100\n|-unboost|p2b: Vitor Roque|spe|1\n|faint|p2a: Centinela\n|\n|upkeep\n|\n|t:|1776420284\n|switch|p2a: Traicionaro|Beedrill-Mega, L50, F|29/100\n|turn|7\n|-message|EhJuju forfeited.\n|\n|win|el choro 37\n|raw|EhJuju's rating: 1058 &rarr; <strong>1043</strong><br />(-15 for losing)\n|raw|el choro 37's rating: 1120 &rarr; <strong>1141</strong><br />(+21 for winning)\n|l|\u2606EhJuju\n|player|p1|\n",
  "uploadtime": 1776420293,
  "views": 26,
  "formatid": "gen9championsvgc2026regma",
  "rating": 1043,
  "private": 0,
  "password": null
}