{
  "id": "gen9championsvgc2026regma-2580553011",
  "format": "[Gen 9 Champions] VGC 2026 Reg M-A",
  "players": [
    "andreszx7",
    "agvwsabjsa"
  ],
  "log": "|j|\u2606andreszx7\n|j|\u2606agvwsabjsa\n|t:|1775912112\n|gametype|doubles\n|player|p1|andreszx7|nemona-masters|1045\n|player|p2|agvwsabjsa|170|1067\n|gen|9\n|tier|[Gen 9 Champions] VGC 2026 Reg M-A\n|rated|\n|rule|Species Clause: Limit one of each Pok\u00e9mon\n|rule|Item Clause: Limit 1 of each item\n|clearpoke\n|poke|p1|Dragonite, L50, F|\n|poke|p1|Aerodactyl, L50, M|\n|poke|p1|Dragapult, L50, F|\n|poke|p1|Maushold, L50|\n|poke|p1|Kingambit, L50, M|\n|poke|p1|Glimmora, L50, F|\n|poke|p2|Heracross, L50, M|\n|poke|p2|Mimikyu, L50, M|\n|poke|p2|Drampa, L50, F|\n|poke|p2|Incineroar, L50, F|\n|poke|p2|Farigiraf, L50, F|\n|poke|p2|Primarina, L50, F|\n|teampreview|4\n|inactive|Battle timer is ON: inactive players will automatically lose when time's up. (requested by agvwsabjsa)\nandreszx7 has agreed to open team sheets.\n|inactive|andreszx7 has 60 seconds left.\n|inactive|agvwsabjsa has 60 seconds left.\nagvwsabjsa has agreed to open team sheets.\n|showteam|p1|Dragonite||Dragoninite|Multiscale|DracoMeteor,Hurricane,Thunder,ExtremeSpeed|||F|||50|]Aerodactyl||Aerodactylite|Unnerve|Protect,Tailwind,DualWingbeat,RockSlide|||M|||50|]Dragapult||DragonFang|Infiltrator|DragonDarts,PhantomForce,WillOWisp,PsychicFangs|||F|||50|]Maushold||FocusSash|FriendGuard|Protect,SuperFang,FollowMe,Encore||||||50|]Kingambit||ChopleBerry|Defiant|Protect,SuckerPunch,KowtowCleave,IronHead|||M|||50|]Glimmora||ShucaBerry|ToxicDebris|SpikyShield,PowerGem,EarthPower,SludgeBomb|||F|||50|\n|showteam|p2|Heracross||Heracronite|Moxie|CloseCombat,RockBlast,BulletSeed,Protect|||M|||50|]Mimikyu||Leftovers|Disguise|TrickRoom,WoodHammer,PlayRough,ShadowSneak|||M|||50|]Drampa||Drampanite|CloudNine|HyperVoice,DracoMeteor,Flamethrower,EarthPower|||F|||50|]Incineroar||BrightPowder|Intimidate|DarkestLariat,PartingShot,FakeOut,FlareBlitz|||F|||50|]Farigiraf||TwistedSpoon|ArmorTail|TrickRoom,Psychic,Thunderbolt,Protect|||F|||50|]Primarina||SitrusBerry|LiquidVoice|Moonblast,CalmMind,HyperVoice,Protect|||F|||50|\n|\n|t:|1775912152\n|teamsize|p1|4\n|teamsize|p2|4\n|start\n|switch|p1a: Aerodactyl|Aerodactyl, L50, M|100/100\n|switch|p1b: Glimmora|Glimmora, L50, F, shiny|100/100\n|switch|p2a: Mimikyu|Mimikyu, L50, M|100/100\n|switch|p2b: Heracross|Heracross, L50, M|100/100\n|-ability|p1a: Aerodactyl|Unnerve\n|turn|1\n|inactive|andreszx7 has 30 seconds left.\n|\n|t:|1775912178\n|switch|p2b: Incineroar|Incineroar, L50, F|100/100\n|-ability|p2b: Incineroar|Intimidate|boost\n|-unboost|p1a: Aerodactyl|atk|1\n|-unboost|p1b: Glimmora|atk|1\n|move|p1b: Glimmora|Spiky Shield|p1b: Glimmora\n|-singleturn|p1b: Glimmora|move: Protect\n|move|p1a: Aerodactyl|Tailwind|p1a: Aerodactyl\n|-sidestart|p1: andreszx7|move: Tailwind\n|move|p2a: Mimikyu|Trick Room|p2a: Mimikyu\n|-fieldstart|move: Trick Room|[of] p2a: Mimikyu\n|\n|upkeep\n|turn|2\n|inactive|andreszx7 has 30 seconds left.\n|inactive|agvwsabjsa has 30 seconds left.\n|\n|t:|1775912209\n|move|p2b: Incineroar|Darkest Lariat|p1b: Glimmora\n|-damage|p1b: Glimmora|50/100\n|-activate|p1b: Glimmora|ability: Toxic Debris\n|-sidestart|p2: agvwsabjsa|move: Toxic Spikes\n|move|p2a: Mimikyu|Wood Hammer|p1b: Glimmora\n|-damage|p1b: Glimmora|6/100\n|-activate|p1b: Glimmora|ability: Toxic Debris\n|-sidestart|p2: agvwsabjsa|move: Toxic Spikes\n|-damage|p2a: Mimikyu|86/100|[from] Recoil\n|move|p1b: Glimmora|Sludge Bomb|p2a: Mimikyu\n|-activate|p2a: Mimikyu|ability: Disguise\n|-damage|p2a: Mimikyu|86/100\n|detailschange|p2a: Mimikyu|Mimikyu-Busted, L50, M\n|-damage|p2a: Mimikyu|74/100|[from] pokemon: Mimikyu-Busted\n|move|p1a: Aerodactyl|Rock Slide|p2a: Mimikyu|[spread] p2a,p2b\n|-supereffective|p2b: Incineroar|1\n|-damage|p2a: Mimikyu|54/100\n|-damage|p2b: Incineroar|70/100\n|\n|-heal|p2a: Mimikyu|60/100|[from] item: Leftovers\n|upkeep\n|turn|3\n|inactive|andreszx7 has 30 seconds left.\n|inactive|agvwsabjsa has 30 seconds left.\n|inactive|andreszx7 has 20 seconds left.\n|inactive|andreszx7 has 15 seconds left.\n|\n|t:|1775912253\n|move|p1b: Glimmora|Spiky Shield|p1b: Glimmora\n|-singleturn|p1b: Glimmora|move: Protect\n|move|p2b: Incineroar|Parting Shot|p1a: Aerodactyl\n|-unboost|p1a: Aerodactyl|atk|1\n|-unboost|p1a: Aerodactyl|spa|1\n|\n|t:|1775912258\n|switch|p2b: Primarina|Primarina, L50, F|100/100|[from] Parting Shot\n|-status|p2b: Primarina|tox\n|move|p2a: Mimikyu|Wood Hammer|p1b: Glimmora\n|-activate|p1b: Glimmora|move: Protect\n|-damage|p2a: Mimikyu|47/100|[from] Spiky Shield|[of] p1b: Glimmora\n|move|p1a: Aerodactyl|Rock Slide|p2a: Mimikyu|[spread] p2a,p2b\n|-damage|p2a: Mimikyu|33/100\n|-damage|p2b: Primarina|87/100 tox\n|\n|-heal|p2a: Mimikyu|39/100|[from] item: Leftovers\n|-damage|p2b: Primarina|81/100 tox|[from] psn\n|upkeep\n|turn|4\n|inactive|andreszx7 has 30 seconds left.\n|inactive|andreszx7 has 20 seconds left.\n|\n|t:|1775912296\n|switch|p1a: Kingambit|Kingambit, L50, M, shiny|100/100\n|move|p2b: Primarina|Hyper Voice|p1a: Kingambit|[spread] p1a,p1b\n|-supereffective|p1b: Glimmora|1\n|-damage|p1a: Kingambit|63/100\n|-damage|p1b: Glimmora|0 fnt\n|faint|p1b: Glimmora\n|move|p2a: Mimikyu|Wood Hammer|p1a: Kingambit\n|-resisted|p1a: Kingambit|1\n|-damage|p1a: Kingambit|51/100\n|-damage|p2a: Mimikyu|34/100|[from] Recoil\n|\n|-heal|p2a: Mimikyu|40/100|[from] item: Leftovers\n|-damage|p2b: Primarina|69/100 tox|[from] psn\n|-sideend|p1: andreszx7|move: Tailwind\n|upkeep\n|\n|t:|1775912307\n|switch|p1b: Aerodactyl|Aerodactyl, L50, M|100/100\n|-ability|p1b: Aerodactyl|Unnerve\n|turn|5\n|\n|t:|1775912322\n|move|p1b: Aerodactyl|Protect|p1b: Aerodactyl\n|-singleturn|p1b: Aerodactyl|Protect\n|move|p1a: Kingambit|Sucker Punch|p2a: Mimikyu\n|-damage|p2a: Mimikyu|0 fnt\n|faint|p2a: Mimikyu\n|move|p2b: Primarina|Hyper Voice|p1a: Kingambit|[spread] p1a\n|-activate|p1b: Aerodactyl|move: Protect\n|-damage|p1a: Kingambit|16/100\n|\n|-damage|p2b: Primarina|52/100 tox|[from] psn\n|-fieldend|move: Trick Room\n|upkeep\n|\n|t:|1775912327\n|switch|p2a: Heracross|Heracross, L50, M|100/100\n|-status|p2a: Heracross|tox\n|turn|6\n|\n|t:|1775912347\n|detailschange|p1b: Aerodactyl|Aerodactyl-Mega, L50, M\n|-mega|p1b: Aerodactyl|Aerodactyl|Aerodactylite\n|move|p2a: Heracross|Protect|p2a: Heracross\n|-singleturn|p2a: Heracross|Protect\n|move|p1a: Kingambit|Protect|p1a: Kingambit\n|-singleturn|p1a: Kingambit|Protect\n|move|p1b: Aerodactyl|Tailwind|p1b: Aerodactyl\n|-sidestart|p1: andreszx7|move: Tailwind\n|move|p2b: Primarina|Hyper Voice|p1b: Aerodactyl|[spread] p1b\n|-activate|p1a: Kingambit|move: Protect\n|-supereffective|p1b: Aerodactyl|1\n|-damage|p1b: Aerodactyl|18/100\n|\n|-damage|p2a: Heracross|95/100 tox|[from] psn\n|-damage|p2b: Primarina|28/100 tox|[from] psn\n|upkeep\n|-enditem|p2b: Primarina|Sitrus Berry|[eat]\n|-heal|p2b: Primarina|53/100 tox|[from] item: Sitrus Berry\n|turn|7\n|\n|t:|1775912362\n|switch|p2a: Incineroar|Incineroar, L50, F|70/100\n|-status|p2a: Incineroar|tox\n|-ability|p2a: Incineroar|Intimidate|boost\n|-unboost|p1a: Kingambit|atk|1\n|-ability|p1a: Kingambit|Defiant|boost\n|-boost|p1a: Kingambit|atk|2\n|-unboost|p1b: Aerodactyl|atk|1\n|move|p1b: Aerodactyl|Dual Wingbeat|p2a: Incineroar\n|-damage|p2a: Incineroar|53/100 tox\n|-damage|p2a: Incineroar|38/100 tox\n|-hitcount|p2a: Incineroar|2\n|move|p1a: Kingambit|Iron Head|p2b: Primarina\n|-damage|p2b: Primarina|0 fnt\n|faint|p2b: Primarina\n|\n|-damage|p2a: Incineroar|32/100 tox|[from] psn\n|upkeep\n|\n|t:|1775912376\n|switch|p2b: Heracross|Heracross, L50, M|95/100 tox\n|turn|8\n|\n|t:|1775912398\n|detailschange|p2b: Heracross|Heracross-Mega, L50, M\n|-mega|p2b: Heracross|Heracross|Heracronite\n|move|p2a: Incineroar|Fake Out|p1b: Aerodactyl\n|-resisted|p1b: Aerodactyl|1\n|-damage|p1b: Aerodactyl|10/100\n|cant|p1b: Aerodactyl|flinch\n|move|p1a: Kingambit|Kowtow Cleave|p2b: Heracross\n|-resisted|p2b: Heracross|1\n|-damage|p2b: Heracross|64/100 tox\n|move|p2b: Heracross|Bullet Seed|p1a: Kingambit\n|-resisted|p1a: Kingambit|1\n|-damage|p1a: Kingambit|11/100\n|-resisted|p1a: Kingambit|1\n|-damage|p1a: Kingambit|6/100\n|-resisted|p1a: Kingambit|1\n|-damage|p1a: Kingambit|1/100\n|-resisted|p1a: Kingambit|1\n|-damage|p1a: Kingambit|0 fnt\n|faint|p1a: Kingambit\n|-hitcount|p1: Kingambit|4\n|\n|-damage|p2b: Heracross|58/100 tox|[from] psn\n|-damage|p2a: Incineroar|20/100 tox|[from] psn\n|upkeep\n|\n|t:|1775912409\n|switch|p1a: Dragapult|Dragapult, L50, F|100/100\n|turn|9\n|\n|t:|1775912434\n|move|p1b: Aerodactyl|Protect|p1b: Aerodactyl\n|-singleturn|p1b: Aerodactyl|Protect\n|move|p1a: Dragapult|Phantom Force||[still]\n|-prepare|p1a: Dragapult|Phantom Force\n|move|p2b: Heracross|Rock Blast|p1b: Aerodactyl\n|-activate|p1b: Aerodactyl|move: Protect\n|move|p2a: Incineroar|Darkest Lariat|p1a: Dragapult|[miss]\n|-miss|p2a: Incineroar|p1a: Dragapult\n|\n|-damage|p2b: Heracross|46/100 tox|[from] psn\n|-damage|p2a: Incineroar|2/100 tox|[from] psn\n|-sideend|p1: andreszx7|move: Tailwind\n|upkeep\n|turn|10\n|\n|t:|1775912448\n|move|p1b: Aerodactyl|Tailwind|p1b: Aerodactyl\n|-sidestart|p1: andreszx7|move: Tailwind\n|move|p1a: Dragapult|Phantom Force|p2b: Heracross|[from] lockedmove\n|-damage|p2b: Heracross|15/100 tox\n|move|p2b: Heracross|Rock Blast|p1b: Aerodactyl\n|-supereffective|p1b: Aerodactyl|1\n|-damage|p1b: Aerodactyl|0 fnt\n|faint|p1b: Aerodactyl\n|-hitcount|p1: Aerodactyl|1\n|move|p2a: Incineroar|Darkest Lariat|p1a: Dragapult\n|-supereffective|p1a: Dragapult|1\n|-damage|p1a: Dragapult|0 fnt\n|faint|p1a: Dragapult\n|\n|win|agvwsabjsa\n|raw|andreszx7's rating: 1045 &rarr; <strong>1029</strong><br />(-16 for losing)\n|raw|agvwsabjsa's rating: 1067 &rarr; <strong>1095</strong><br />(+28 for winning)\n|c|\u2606andreszx7|GG\n|c|\u2606agvwsabjsa|Wow\n|c|\u2606agvwsabjsa|gg\n|c|\u2606andreszx7|Epic final xD\n|c|\u2606agvwsabjsa|I thought I had lost\n|c|\u2606andreszx7|Yes, Me too\n",
  "uploadtime": 1775912514,
  "views": 17,
  "formatid": "gen9championsvgc2026regma",
  "rating": 1029,
  "private": 0,
  "password": null
}