{
  "id": "gen9championsvgc2026regma-2585281995",
  "format": "[Gen 9 Champions] VGC 2026 Reg M-A",
  "players": [
    "Sharkhy_",
    "fregregqer"
  ],
  "log": "|j|\u2606Sharkhy_\n|j|\u2606fregregqer\n|t:|1776333459\n|gametype|doubles\n|player|p1|Sharkhy_|170|1154\n|player|p2|fregregqer|2|1248\n|gen|9\n|tier|[Gen 9 Champions] VGC 2026 Reg M-A\n|rated|\n|rule|Species Clause: Limit one of each Pok\u00e9mon\n|rule|Item Clause: Limit 1 of each item\n|clearpoke\n|poke|p1|Charizard, L50, M|\n|poke|p1|Maushold-Four, L50|\n|poke|p1|Sneasler, L50, F|\n|poke|p1|Dragapult, L50, F|\n|poke|p1|Kingambit, L50, F|\n|poke|p1|Garchomp, L50, F|\n|poke|p2|Tyranitar, L50, M|\n|poke|p2|Excadrill, L50, F|\n|poke|p2|Corviknight, L50, F|\n|poke|p2|Rotom-Wash, L50|\n|poke|p2|Sinistcha, L50|\n|poke|p2|Floette-Eternal, L50, F|\n|teampreview|4\n|\n|t:|1776333488\n|teamsize|p1|4\n|teamsize|p2|4\n|start\n|switch|p1a: Sneasler|Sneasler, L50, F|100/100\n|switch|p1b: Garchomp|Garchomp, L50, F|100/100\n|switch|p2a: Corviknight|Corviknight, L50, F|100/100\n|switch|p2b: Rotom|Rotom-Wash, L50|100/100\n|turn|1\n|inactive|Battle timer is ON: inactive players will automatically lose when time's up. (requested by Sharkhy_)\n|\n|t:|1776333518\n|move|p1a: Sneasler|Fake Out|p2b: Rotom\n|-damage|p2b: Rotom|86/100\n|move|p1b: Garchomp|Rock Slide|p2b: Rotom|[spread] p2a,p2b\n|-damage|p2a: Corviknight|82/100\n|-damage|p2b: Rotom|65/100\n|cant|p2b: Rotom|flinch\n|move|p2a: Corviknight|Brave Bird|p1a: Sneasler\n|-supereffective|p1a: Sneasler|1\n|-enditem|p1a: Sneasler|Focus Sash\n|-damage|p1a: Sneasler|1/100\n|-damage|p2a: Corviknight|57/100|[from] Recoil\n|\n|-heal|p2b: Rotom|71/100|[from] item: Leftovers\n|upkeep\n|turn|2\n|\n|t:|1776333535\n|move|p1a: Sneasler|Dire Claw|p2b: Rotom\n|-damage|p2b: Rotom|23/100\n|move|p1b: Garchomp|Rock Slide|p2a: Corviknight|[spread] p2a,p2b\n|-damage|p2a: Corviknight|40/100\n|-damage|p2b: Rotom|0 fnt\n|-enditem|p2a: Corviknight|Sitrus Berry|[eat]\n|-heal|p2a: Corviknight|64/100|[from] item: Sitrus Berry\n|faint|p2b: Rotom\n|move|p2a: Corviknight|Tailwind|p2a: Corviknight\n|-sidestart|p2: fregregqer|move: Tailwind\n|\n|upkeep\n|\n|t:|1776333542\n|switch|p2b: Excadrill|Excadrill, L50, F|100/100\n|turn|3\n|\n|t:|1776333552\n|move|p1a: Sneasler|Close Combat|p2b: Excadrill\n|-supereffective|p2b: Excadrill|1\n|-enditem|p2b: Excadrill|Focus Sash\n|-damage|p2b: Excadrill|1/100\n|-unboost|p1a: Sneasler|def|1\n|-unboost|p1a: Sneasler|spd|1\n|move|p2b: Excadrill|Earthquake|p1b: Garchomp|[spread] p1a,p1b\n|-immune|p2a: Corviknight\n|-supereffective|p1a: Sneasler|1\n|-damage|p1a: Sneasler|0 fnt\n|-damage|p1b: Garchomp|59/100\n|faint|p1a: Sneasler\n|move|p1b: Garchomp|Rock Slide|p2a: Corviknight|[spread] p2a,p2b\n|-resisted|p2b: Excadrill|2\n|-crit|p2b: Excadrill\n|-damage|p2a: Corviknight|48/100\n|-damage|p2b: Excadrill|0 fnt\n|faint|p2b: Excadrill\n|cant|p2a: Corviknight|flinch\n|\n|upkeep\n|\n|t:|1776333568\n|switch|p1a: Maushold|Maushold-Four, L50|100/100\n|switch|p2b: Tyranitar|Tyranitar, L50, M, shiny|100/100\n|-weather|Sandstorm|[from] ability: Sand Stream|[of] p2b: Tyranitar\n|turn|4\n|\n|t:|1776333591\n|move|p1b: Garchomp|Rock Slide|p2b: Tyranitar|[spread] p2a,p2b\n|-damage|p2a: Corviknight|32/100\n|-damage|p2b: Tyranitar|85/100\n|move|p1a: Maushold|Super Fang|p2b: Tyranitar\n|-damage|p2b: Tyranitar|43/100\n|move|p2a: Corviknight|Roost|p2a: Corviknight\n|-heal|p2a: Corviknight|82/100\n|-singleturn|p2a: Corviknight|move: Roost\n|move|p2b: Tyranitar|Knock Off|p1a: Maushold\n|-damage|p1a: Maushold|31/100\n|-enditem|p1a: Maushold|Chople Berry|[from] move: Knock Off|[of] p2b: Tyranitar\n|\n|-weather|Sandstorm|[upkeep]\n|-damage|p1a: Maushold|25/100|[from] Sandstorm\n|upkeep\n|turn|5\n|\n|t:|1776333612\n|switch|p1b: Charizard|Charizard, L50, M|100/100\n|move|p1a: Maushold|Super Fang|p2a: Corviknight\n|-damage|p2a: Corviknight|41/100\n|move|p2a: Corviknight|Brave Bird|p1a: Maushold\n|-damage|p1a: Maushold|0 fnt\n|faint|p1a: Maushold\n|-damage|p2a: Corviknight|34/100|[from] Recoil\n|move|p2b: Tyranitar|Knock Off|p1b: Charizard\n|-damage|p1b: Charizard|56/100\n|\n|-weather|Sandstorm|[upkeep]\n|-damage|p1b: Charizard|50/100|[from] Sandstorm\n|-sideend|p2: fregregqer|move: Tailwind\n|upkeep\n|\n|t:|1776333626\n|switch|p1a: Garchomp|Garchomp, L50, F|59/100\n|turn|6\n|\n|t:|1776333640\n|detailschange|p1b: Charizard|Charizard-Mega-Y, L50, M\n|-mega|p1b: Charizard|Charizard|Charizardite Y\n|-weather|SunnyDay|[from] ability: Drought|[of] p1b: Charizard\n|detailschange|p2b: Tyranitar|Tyranitar-Mega, L50, M, shiny\n|-mega|p2b: Tyranitar|Tyranitar|Tyranitarite\n|-weather|Sandstorm|[from] ability: Sand Stream|[of] p2b: Tyranitar\n|move|p2b: Tyranitar|Protect|p2b: Tyranitar\n|-singleturn|p2b: Tyranitar|Protect\n|move|p1a: Garchomp|Stomping Tantrum|p2b: Tyranitar\n|-activate|p2b: Tyranitar|move: Protect\n|move|p1b: Charizard|Heat Wave|p2a: Corviknight|[spread] p2a\n|-activate|p2b: Tyranitar|move: Protect\n|-supereffective|p2a: Corviknight|1\n|-damage|p2a: Corviknight|0 fnt\n|faint|p2a: Corviknight\n|\n|-weather|Sandstorm|[upkeep]\n|-damage|p1b: Charizard|44/100|[from] Sandstorm\n|upkeep\n|turn|7\n|\n|t:|1776333661\n|move|p1b: Charizard|Protect|p1b: Charizard\n|-singleturn|p1b: Charizard|Protect\n|move|p1a: Garchomp|Stomping Tantrum|p2b: Tyranitar\n|-supereffective|p2b: Tyranitar|1\n|-damage|p2b: Tyranitar|0 fnt\n|faint|p2b: Tyranitar\n|\n|win|Sharkhy_\n|raw|Sharkhy_'s rating: 1154 &rarr; <strong>1186</strong><br />(+32 for winning)\n|raw|fregregqer's rating: 1248 &rarr; <strong>1216</strong><br />(-32 for losing)\n",
  "uploadtime": 1776333668,
  "views": 29,
  "formatid": "gen9championsvgc2026regma",
  "rating": 1186,
  "private": 0,
  "password": null
}