{
  "id": "gen9championsvgc2026regma-2583898777",
  "format": "[Gen 9 Champions] VGC 2026 Reg M-A",
  "players": [
    "AidzPlayz",
    "SangoTheGoat"
  ],
  "log": "|j|\u2606AidzPlayz\n|j|\u2606SangoTheGoat\n|t:|1776206542\n|gametype|doubles\n|player|p1|AidzPlayz|ghetsis-gen5bw|1099\n|player|p2|SangoTheGoat|drayden|1137\n|gen|9\n|tier|[Gen 9 Champions] VGC 2026 Reg M-A\n|rated|\n|rule|Species Clause: Limit one of each Pok\u00e9mon\n|rule|Item Clause: Limit 1 of each item\n|clearpoke\n|poke|p1|Aerodactyl, L50, M|\n|poke|p1|Incineroar, L50, F|\n|poke|p1|Floette-Eternal, L50, F|\n|poke|p1|Basculegion, L50, M|\n|poke|p1|Garchomp, L50, M|\n|poke|p1|Sneasler, L50, F|\n|poke|p2|Crabominable, L50, F|\n|poke|p2|Slowking-Galar, L50, M|\n|poke|p2|Kingambit, L50, M|\n|poke|p2|Incineroar, L50, M|\n|poke|p2|Sinistcha, L50|\n|poke|p2|Milotic, L50, F|\n|teampreview|4\n|inactive|Battle timer is ON: inactive players will automatically lose when time's up. (requested by SangoTheGoat)\n|inactive|AidzPlayz has 60 seconds left.\n|inactive|SangoTheGoat has 60 seconds left.\n|\n|t:|1776206580\n|teamsize|p1|4\n|teamsize|p2|4\n|start\n|switch|p1a: Aerodactyl|Aerodactyl, L50, M|100/100\n|switch|p1b: Garchomp|Garchomp, L50, M|100/100\n|switch|p2a: Milotic|Milotic, L50, F|100/100\n|switch|p2b: Incineroar|Incineroar, L50, M|100/100\n|-ability|p1a: Aerodactyl|Unnerve\n|-ability|p2b: Incineroar|Intimidate|boost\n|-unboost|p1a: Aerodactyl|atk|1\n|-unboost|p1b: Garchomp|atk|1\n|turn|1\n|\n|t:|1776206600\n|move|p2b: Incineroar|Protect|p2b: Incineroar\n|-singleturn|p2b: Incineroar|Protect\n|move|p1a: Aerodactyl|Tailwind|p1a: Aerodactyl\n|-sidestart|p1: AidzPlayz|move: Tailwind\n|move|p1b: Garchomp|Earthquake|p2a: Milotic|[spread] p2a\n|-activate|p2b: Incineroar|move: Protect\n|-immune|p1a: Aerodactyl\n|-damage|p2a: Milotic|73/100\n|move|p2a: Milotic|Blizzard|p1b: Garchomp|[spread] \n|-miss|p2a: Milotic|p1a: Aerodactyl\n|-miss|p2a: Milotic|p1b: Garchomp\n|\n|-heal|p2a: Milotic|79/100|[from] item: Leftovers\n|upkeep\n|turn|2\n|inactive|AidzPlayz has 30 seconds left.\n|\n|t:|1776206629\n|move|p2a: Milotic|Protect|p2a: Milotic\n|-singleturn|p2a: Milotic|Protect\n|move|p1a: Aerodactyl|Rock Slide|p2a: Milotic|[spread] p2b\n|-activate|p2a: Milotic|move: Protect\n|-supereffective|p2b: Incineroar|1\n|-damage|p2b: Incineroar|70/100\n|move|p1b: Garchomp|Earthquake|p2a: Milotic|[spread] p2b\n|-activate|p2a: Milotic|move: Protect\n|-immune|p1a: Aerodactyl\n|-supereffective|p2b: Incineroar|1\n|-crit|p2b: Incineroar\n|-damage|p2b: Incineroar|0 fnt\n|faint|p2b: Incineroar\n|\n|-heal|p2a: Milotic|85/100|[from] item: Leftovers\n|upkeep\n|\n|t:|1776206643\n|switch|p2b: Slowking|Slowking-Galar, L50, M|100/100\n|turn|3\n|\n|t:|1776206656\n|move|p1a: Aerodactyl|Dual Wingbeat|p2b: Slowking\n|-damage|p2b: Slowking|89/100\n|-damage|p2b: Slowking|78/100\n|-hitcount|p2b: Slowking|2\n|move|p1b: Garchomp|Earthquake|p2a: Milotic|[spread] p2a,p2b\n|-immune|p1a: Aerodactyl\n|-supereffective|p2b: Slowking|1\n|-damage|p2a: Milotic|60/100\n|-damage|p2b: Slowking|34/100\n|move|p2a: Milotic|Blizzard|p1b: Garchomp|[spread] p1b\n|-miss|p2a: Milotic|p1a: Aerodactyl\n|-supereffective|p1b: Garchomp|2\n|-damage|p1b: Garchomp|0 fnt\n|faint|p1b: Garchomp\n|-prepare|p2b: Slowking|Chilly Reception|[premajor]\n|move|p2b: Slowking|Chilly Reception|p2b: Slowking\n|-weather|Snowscape\n|\n|t:|1776206659\n|switch|p2b: Crabominable|Crabominable, L50, F|100/100|[from] Chilly Reception\n|\n|-weather|Snowscape|[upkeep]\n|-heal|p2a: Milotic|66/100|[from] item: Leftovers\n|upkeep\n|\n|t:|1776206674\n|switch|p1b: Floette|Floette-Eternal, L50, F|100/100\n|turn|4\n|\n|t:|1776206686\n|detailschange|p1b: Floette|Floette-Mega, L50, F\n|-mega|p1b: Floette|Floette|Floettite\n|-ability|p1b: Floette|Fairy Aura\n|move|p2b: Crabominable|Protect|p2b: Crabominable\n|-singleturn|p2b: Crabominable|Protect\n|move|p1a: Aerodactyl|Rock Slide|p2b: Crabominable|[spread] p2a\n|-activate|p2b: Crabominable|move: Protect\n|-damage|p2a: Milotic|50/100\n|move|p1b: Floette|Dazzling Gleam|p2b: Crabominable|[spread] p2a\n|-activate|p2b: Crabominable|move: Protect\n|-damage|p2a: Milotic|10/100\n|cant|p2a: Milotic|flinch\n|\n|-weather|Snowscape|[upkeep]\n|-heal|p2a: Milotic|16/100|[from] item: Leftovers\n|-sideend|p1: AidzPlayz|move: Tailwind\n|upkeep\n|turn|5\n|\n|t:|1776206710\n|detailschange|p2b: Crabominable|Crabominable-Mega, L50, F\n|-mega|p2b: Crabominable|Crabominable|Crabominite\n|move|p2a: Milotic|Helping Hand|p2b: Crabominable\n|-singleturn|p2b: Crabominable|Helping Hand|[of] p2a: Milotic\n|move|p1a: Aerodactyl|Tailwind|p1a: Aerodactyl\n|-sidestart|p1: AidzPlayz|move: Tailwind\n|move|p1b: Floette|Dazzling Gleam|p2a: Milotic|[spread] p2a,p2b\n|-supereffective|p2b: Crabominable|1\n|-damage|p2a: Milotic|0 fnt\n|-damage|p2b: Crabominable|12/100\n|faint|p2a: Milotic\n|move|p2b: Crabominable|Ice Hammer|p1b: Floette\n|-damage|p1b: Floette|0 fnt\n|-unboost|p2b: Crabominable|spe|1\n|faint|p1b: Floette\n|\n|-weather|Snowscape|[upkeep]\n|upkeep\n|\n|t:|1776206722\n|switch|p1b: Sneasler|Sneasler, L50, F|100/100\n|switch|p2a: Slowking|Slowking-Galar, L50, M|67/100\n|turn|6\n|\n|t:|1776206738\n|move|p1b: Sneasler|Protect|p1b: Sneasler\n|-singleturn|p1b: Sneasler|Protect\n|move|p2b: Crabominable|Protect|p2b: Crabominable\n|-singleturn|p2b: Crabominable|Protect\n|move|p1a: Aerodactyl|Rock Slide|p2a: Slowking|[spread] \n|-activate|p2b: Crabominable|move: Protect\n|-miss|p1a: Aerodactyl|p2a: Slowking\n|move|p2a: Slowking|Psychic Noise|p1b: Sneasler\n|-activate|p1b: Sneasler|move: Protect\n|\n|-weather|Snowscape|[upkeep]\n|upkeep\n|turn|7\n|\n|t:|1776206761\n|move|p2b: Crabominable|Mach Punch|p1b: Sneasler\n|-resisted|p1b: Sneasler|1\n|-damage|p1b: Sneasler|75/100\n|move|p1a: Aerodactyl|Rock Slide|p2a: Slowking|[spread] p2a,p2b\n|-damage|p2a: Slowking|52/100\n|-damage|p2b: Crabominable|4/100\n|move|p1b: Sneasler|Dire Claw|p2a: Slowking\n|-resisted|p2a: Slowking|1\n|-damage|p2a: Slowking|34/100\n|cant|p2a: Slowking|flinch\n|\n|-weather|none\n|upkeep\n|turn|8\n|\n|t:|1776206785\n|move|p2b: Crabominable|Mach Punch|p1a: Aerodactyl\n|-damage|p1a: Aerodactyl|50/100\n|move|p1a: Aerodactyl|Rock Slide|p2b: Crabominable|[spread] p2a,p2b\n|-damage|p2a: Slowking|18/100\n|-damage|p2b: Crabominable|0 fnt\n|faint|p2b: Crabominable\n|move|p1b: Sneasler|Dire Claw|p2a: Slowking\n|-resisted|p2a: Slowking|1\n|-damage|p2a: Slowking|0 fnt\n|faint|p2a: Slowking\n|\n|win|AidzPlayz\n|raw|AidzPlayz's rating: 1099 &rarr; <strong>1127</strong><br />(+28 for winning)\n|raw|SangoTheGoat's rating: 1137 &rarr; <strong>1109</strong><br />(-28 for losing)\n",
  "uploadtime": 1776206785,
  "views": 16,
  "formatid": "gen9championsvgc2026regma",
  "rating": 1109,
  "private": 0,
  "password": null
}