{
  "id": "gen9championsvgc2026regma-2587614810",
  "format": "[Gen 9 Champions] VGC 2026 Reg M-A",
  "players": [
    "Panwu",
    "porygon-epilepz"
  ],
  "log": "|j|\u2606Panwu\n|j|\u2606porygon-epilepz\n|t:|1776547142\n|gametype|doubles\n|player|p1|Panwu|red|\n|player|p2|porygon-epilepz|hiker-gen4|\n|gen|9\n|tier|[Gen 9 Champions] VGC 2026 Reg M-A\n|rated|Tournament battle\n|rule|Species Clause: Limit one of each Pok\u00e9mon\n|rule|Item Clause: Limit 1 of each item\n|clearpoke\n|poke|p1|Venusaur, L50, F|\n|poke|p1|Pelipper, L50, F|\n|poke|p1|Glimmora, L50, M, shiny|\n|poke|p1|Tyranitar, L50, F|\n|poke|p1|Incineroar, L50, F|\n|poke|p1|Basculegion-F, L50, F|\n|poke|p2|Floette-Eternal, L50, F|\n|poke|p2|Incineroar, L50, F|\n|poke|p2|Garchomp, L50, F|\n|poke|p2|Aerodactyl, L50, M|\n|poke|p2|Sneasler, L50, M|\n|poke|p2|Basculegion, L50, M|\n|teampreview|4\n|j| kiwigal\n|j|@Radio Free C-Side\n|\n|t:|1776547202\n|teamsize|p1|4\n|teamsize|p2|4\n|start\n|switch|p1a: Glimmora|Glimmora, L50, M, shiny|100/100\n|switch|p1b: Basculegion|Basculegion-F, L50, F|100/100\n|switch|p2a: Quetza|Aerodactyl, L50, M|100/100\n|switch|p2b: Sandy Claws|Sneasler, L50, M|100/100\n|-ability|p2a: Quetza|Unnerve\n|turn|1\n|\n|t:|1776547227\n|move|p1a: Glimmora|Protect|p1a: Glimmora\n|-singleturn|p1a: Glimmora|Protect\n|move|p2a: Quetza|Tailwind|p2a: Quetza\n|-sidestart|p2: porygon-epilepz|move: Tailwind\n|move|p2b: Sandy Claws|Dire Claw|p1b: Basculegion\n|-resisted|p1b: Basculegion|1\n|-damage|p1b: Basculegion|70/100\n|move|p1b: Basculegion|Muddy Water|p2b: Sandy Claws|[spread] p2a,p2b\n|-supereffective|p2a: Quetza|1\n|-enditem|p2a: Quetza|Focus Sash\n|-damage|p2a: Quetza|1/100\n|-damage|p2b: Sandy Claws|40/100\n|-unboost|p2a: Quetza|accuracy|1\n|\n|upkeep\n|turn|2\n|j|%Tb0lt\n|\n|t:|1776547246\n|switch|p2a: Dead fih|Basculegion, L50, M|100/100\n|switch|p1a: Venusaur|Venusaur, L50, F|100/100\n|move|p2b: Sandy Claws|Close Combat|p1a: Venusaur\n|-resisted|p1a: Venusaur|1\n|-damage|p1a: Venusaur|54/100\n|-unboost|p2b: Sandy Claws|def|1\n|-unboost|p2b: Sandy Claws|spd|1\n|-enditem|p2b: Sandy Claws|White Herb\n|-clearnegativeboost|p2b: Sandy Claws|[silent]\n|move|p1b: Basculegion|Muddy Water|p2b: Sandy Claws|[spread] p2a,p2b\n|-resisted|p2a: Dead fih|1\n|-damage|p2a: Dead fih|76/100\n|-damage|p2b: Sandy Claws|0 fnt\n|-unboost|p2a: Dead fih|accuracy|1\n|faint|p2b: Sandy Claws\n|\n|upkeep\n|\n|t:|1776547255\n|switch|p2b: Quetza|Aerodactyl, L50, M|1/100\n|-ability|p2b: Quetza|Unnerve\n|turn|3\n|j| Soiled pants\n|\n|t:|1776547283\n|switch|p1b: Glimmora|Glimmora, L50, M, shiny|100/100\n|move|p1a: Venusaur|Protect|p1a: Venusaur\n|-singleturn|p1a: Venusaur|Protect\n|move|p2a: Dead fih|Last Respects|p1b: Glimmora\n|-damage|p1b: Glimmora|18/100\n|-activate|p1b: Glimmora|ability: Toxic Debris\n|-sidestart|p2: porygon-epilepz|move: Toxic Spikes\n|move|p2b: Quetza|Dual Wingbeat|p1a: Venusaur\n|-activate|p1a: Venusaur|move: Protect\n|\n|upkeep\n|turn|4\n|\n|t:|1776547333\n|detailschange|p1a: Venusaur|Venusaur-Mega, L50, F\n|-mega|p1a: Venusaur|Venusaur|Venusaurite\n|move|p2a: Dead fih|Last Respects|p1a: Venusaur|[miss]\n|-miss|p2a: Dead fih|p1a: Venusaur\n|move|p2b: Quetza|Dual Wingbeat|p1a: Venusaur\n|-supereffective|p1a: Venusaur|1\n|-damage|p1a: Venusaur|14/100\n|-supereffective|p1a: Venusaur|1\n|-damage|p1a: Venusaur|0 fnt\n|faint|p1a: Venusaur\n|-hitcount|p1: Venusaur|2\n|move|p1b: Glimmora|Power Gem|p2b: Quetza\n|-supereffective|p2b: Quetza|1\n|-damage|p2b: Quetza|0 fnt\n|faint|p2b: Quetza\n|\n|-sideend|p2: porygon-epilepz|move: Tailwind\n|upkeep\n|\n|t:|1776547346\n|switch|p2b: Mary Poppins|Floette-Eternal, L50, F|100/100\n|switch|p1a: Basculegion|Basculegion-F, L50, F|70/100\n|-status|p2b: Mary Poppins|psn\n|turn|5\n|\n|t:|1776547364\n|detailschange|p2b: Mary Poppins|Floette-Mega, L50, F\n|-mega|p2b: Mary Poppins|Floette|Floettite\n|-ability|p2b: Mary Poppins|Fairy Aura\n|move|p1b: Glimmora|Protect|p1b: Glimmora\n|-singleturn|p1b: Glimmora|Protect\n|move|p2a: Dead fih|Last Respects|p1a: Basculegion\n|-supereffective|p1a: Basculegion|1\n|-damage|p1a: Basculegion|0 fnt\n|faint|p1a: Basculegion\n|move|p2b: Mary Poppins|Dazzling Gleam|p1b: Glimmora\n|-activate|p1b: Glimmora|move: Protect\n|\n|-damage|p2b: Mary Poppins|88/100 psn|[from] psn\n|upkeep\n|\n|t:|1776547370\n|switch|p1a: Pelipper|Pelipper, L50, F|100/100\n|-weather|RainDance|[from] ability: Drizzle|[of] p1a: Pelipper\n|turn|6\n|\n|t:|1776547378\n|move|p1b: Glimmora|Protect|p1b: Glimmora\n|-singleturn|p1b: Glimmora|Protect\n|move|p2a: Dead fih|Last Respects|p1a: Pelipper\n|-damage|p1a: Pelipper|0 fnt\n|faint|p1a: Pelipper\n|move|p2b: Mary Poppins|Dazzling Gleam|p1b: Glimmora\n|-activate|p1b: Glimmora|move: Protect\n|\n|-weather|RainDance|[upkeep]\n|-damage|p2b: Mary Poppins|76/100 psn|[from] psn\n|upkeep\n|turn|7\n|\n|t:|1776547386\n|move|p2a: Dead fih|Last Respects|p1b: Glimmora\n|-damage|p1b: Glimmora|0 fnt\n|-activate|p1b: Glimmora|ability: Toxic Debris\n|-sidestart|p2: porygon-epilepz|move: Toxic Spikes\n|faint|p1b: Glimmora\n|\n|win|porygon-epilepz\n|n|\u2606Panwu|panwu\n|n|\u2606porygon-epilepz|porygonepilepz\n|n| kiwigal|kiwigal\n|n|+Radio Free C-Side|radiofreecside\n|n|%Tb0lt|tb0lt\n|n| Soiled pants|soiledpants\n|c|\u2606Panwu|gg\n",
  "uploadtime": 1776547145,
  "views": 10,
  "formatid": "gen9championsvgc2026regma",
  "rating": null,
  "private": 0,
  "password": null
}