{
  "id": "gen9championsvgc2026regma-2583511176",
  "format": "[Gen 9 Champions] VGC 2026 Reg M-A",
  "players": [
    "PainInTheS",
    "thelastravenpuff"
  ],
  "log": "|j|\u2606PainInTheS\n|j|\u2606thelastravenpuff\n|t:|1776180264\n|gametype|doubles\n|player|p1|PainInTheS|gentleman-gen4|1138\n|player|p2|thelastravenpuff|allister-masters|1180\n|gen|9\n|tier|[Gen 9 Champions] VGC 2026 Reg M-A\n|rated|\n|rule|Species Clause: Limit one of each Pok\u00e9mon\n|rule|Item Clause: Limit 1 of each item\n|clearpoke\n|poke|p1|Gengar, L50, F|\n|poke|p1|Hydreigon, L50, M|\n|poke|p1|Kingambit, L50, F|\n|poke|p1|Garchomp, L50, M|\n|poke|p1|Gardevoir, L50, M|\n|poke|p1|Sneasler, L50, F|\n|poke|p2|Delphox, L50, F|\n|poke|p2|Sinistcha, L50|\n|poke|p2|Rotom-Wash, L50|\n|poke|p2|Incineroar, L50, F|\n|poke|p2|Garchomp, L50, F|\n|poke|p2|Aerodactyl, L50, M|\n|teampreview|4\nthelastravenpuff has agreed to open team sheets.\n|inactive|Battle timer is ON: inactive players will automatically lose when time's up. (requested by thelastravenpuff)\n|\n|t:|1776180296\n|teamsize|p1|4\n|teamsize|p2|4\n|start\n|switch|p1a: Gengar|Gengar, L50, F, shiny|100/100\n|switch|p1b: Hydreigon|Hydreigon, L50, M|100/100\n|switch|p2a: Rotom|Rotom-Wash, L50, shiny|100/100\n|switch|p2b: Aerodactyl|Aerodactyl, L50, M|100/100\n|turn|1\n|\n|t:|1776180314\n|detailschange|p1a: Gengar|Gengar-Mega, L50, F, shiny\n|-mega|p1a: Gengar|Gengar|Gengarite\n|move|p2a: Rotom|Thunderbolt|p1a: Gengar\n|-damage|p1a: Gengar|47/100\n|move|p1a: Gengar|Shadow Ball|p2b: Aerodactyl\n|-damage|p2b: Aerodactyl|23/100\n|move|p2b: Aerodactyl|Rock Slide|p1b: Hydreigon|[spread] p1a,p1b\n|-damage|p1a: Gengar|7/100\n|-damage|p1b: Hydreigon|70/100\n|cant|p1b: Hydreigon|flinch\n|\n|upkeep\n|turn|2\n|\n|t:|1776180335\n|move|p1a: Gengar|Protect|p1a: Gengar\n|-singleturn|p1a: Gengar|Protect\n|move|p2a: Rotom|Thunderbolt|p1a: Gengar\n|-activate|p1a: Gengar|move: Protect\n|move|p2b: Aerodactyl|Tailwind|p2b: Aerodactyl\n|-sidestart|p2: thelastravenpuff|move: Tailwind\n|move|p1b: Hydreigon|Tailwind|p1b: Hydreigon\n|-sidestart|p1: PainInTheS|move: Tailwind\n|\n|upkeep\n|turn|3\n|inactive|PainInTheS has 30 seconds left.\n|\n|t:|1776180363\n|switch|p1a: Kingambit|Kingambit, L50, F|100/100\n|move|p2a: Rotom|Thunderbolt|p1b: Hydreigon\n|-resisted|p1b: Hydreigon|1\n|-damage|p1b: Hydreigon|48/100\n|move|p2b: Aerodactyl|Dual Wingbeat|p1b: Hydreigon\n|-damage|p1b: Hydreigon|25/100\n|-damage|p1b: Hydreigon|3/100\n|-hitcount|p1b: Hydreigon|2\n|move|p1b: Hydreigon|Flash Cannon|p2b: Aerodactyl\n|-supereffective|p2b: Aerodactyl|1\n|-damage|p2b: Aerodactyl|0 fnt\n|faint|p2b: Aerodactyl\n|\n|upkeep\n|\n|t:|1776180371\n|switch|p2b: Garchomp|Garchomp, L50, F|100/100\n|turn|4\n|\n|t:|1776180387\n|move|p1a: Kingambit|Protect|p1a: Kingambit\n|-singleturn|p1a: Kingambit|Protect\n|move|p2a: Rotom|Thunderbolt|p1b: Hydreigon\n|-resisted|p1b: Hydreigon|1\n|-damage|p1b: Hydreigon|0 fnt\n|faint|p1b: Hydreigon\n|move|p2b: Garchomp|Earthquake|p1a: Kingambit|[spread] \n|-activate|p1a: Kingambit|move: Protect\n|-immune|p2a: Rotom|[from] ability: Levitate\n|\n|upkeep\n|\n|t:|1776180401\n|switch|p1b: Gengar|Gengar-Mega, L50, F, shiny|7/100\n|turn|5\n|\n|t:|1776180411\n|move|p1b: Gengar|Protect|p1b: Gengar\n|-singleturn|p1b: Gengar|Protect\n|move|p1a: Kingambit|Sucker Punch|p2a: Rotom\n|-damage|p2a: Rotom|55/100\n|move|p2a: Rotom|Thunderbolt|p1b: Gengar\n|-activate|p1b: Gengar|move: Protect\n|move|p2b: Garchomp|Earthquake|p1b: Gengar|[spread] p1a\n|-activate|p1b: Gengar|move: Protect\n|-immune|p2a: Rotom|[from] ability: Levitate\n|-supereffective|p1a: Kingambit|1\n|-damage|p1a: Kingambit|25/100\n|\n|-sideend|p1: PainInTheS|move: Tailwind\n|-sideend|p2: thelastravenpuff|move: Tailwind\n|upkeep\n|turn|6\n|\n|t:|1776180431\n|move|p1b: Gengar|Protect||[still]\n|-fail|p1b: Gengar\n|move|p1a: Kingambit|Sucker Punch|p2a: Rotom\n|-damage|p2a: Rotom|6/100\n|move|p2a: Rotom|Thunderbolt|p1b: Gengar\n|-damage|p1b: Gengar|0 fnt\n|faint|p1b: Gengar\n|move|p2b: Garchomp|Earthquake|p1a: Kingambit|[spread] p1a\n|-immune|p2a: Rotom|[from] ability: Levitate\n|-supereffective|p1a: Kingambit|1\n|-damage|p1a: Kingambit|0 fnt\n|faint|p1a: Kingambit\n|\n|upkeep\n|-message|PainInTheS forfeited.\n|\n|win|thelastravenpuff\n|raw|PainInTheS's rating: 1138 &rarr; <strong>1116</strong><br />(-22 for losing)\n|raw|thelastravenpuff's rating: 1180 &rarr; <strong>1202</strong><br />(+22 for winning)\n|l|\u2606PainInTheS\n|player|p1|\n",
  "uploadtime": 1776180441,
  "views": 20,
  "formatid": "gen9championsvgc2026regma",
  "rating": 1116,
  "private": 0,
  "password": null
}