{
  "id": "gen9championsvgc2026regma-2581969603",
  "format": "[Gen 9 Champions] VGC 2026 Reg M-A",
  "players": [
    "simon1000000",
    "jfsajdjasjlasjdl"
  ],
  "log": "|j|\u2606simon1000000\n|j|\u2606jfsajdjasjlasjdl\n|t:|1776044285\n|gametype|doubles\n|player|p1|simon1000000|101|1067\n|player|p2|jfsajdjasjlasjdl|linebacker|1043\n|gen|9\n|tier|[Gen 9 Champions] VGC 2026 Reg M-A\n|rated|\n|rule|Species Clause: Limit one of each Pok\u00e9mon\n|rule|Item Clause: Limit 1 of each item\n|clearpoke\n|poke|p1|Kangaskhan, L50, F|\n|poke|p1|Vivillon, L50, F|\n|poke|p1|Raichu, L50, M|\n|poke|p1|Greninja-*, L50, F|\n|poke|p1|Arcanine-Hisui, L50, M|\n|poke|p1|Decidueye, L50, M|\n|poke|p2|Glimmora, L50, M|\n|poke|p2|Corviknight, L50, F|\n|poke|p2|Garchomp, L50, F|\n|poke|p2|Incineroar, L50, F|\n|teampreview|4\n|\n|t:|1776044313\n|teamsize|p1|4\n|teamsize|p2|4\n|start\n|switch|p1a: Raichu|Raichu, L50, M|100/100\n|switch|p1b: Kangaskhan|Kangaskhan, L50, F|100/100\n|switch|p2a: Glimmora|Glimmora, L50, M|100/100\n|switch|p2b: Garchomp|Garchomp, L50, F|100/100\n|turn|1\n|\n|t:|1776044351\n|switch|p2a: Corviknight|Corviknight, L50, F|100/100\n|detailschange|p1b: Kangaskhan|Kangaskhan-Mega, L50, F\n|-mega|p1b: Kangaskhan|Kangaskhan|Kangaskhanite\n|move|p1b: Kangaskhan|Fake Out|p2a: Corviknight\n|-resisted|p2a: Corviknight|1\n|-damage|p2a: Corviknight|93/100\n|-resisted|p2a: Corviknight|1\n|-damage|p2a: Corviknight|92/100\n|-hitcount|p2a: Corviknight|2\n|move|p2b: Garchomp|Bulldoze|p1b: Kangaskhan|[spread] p1a,p1b\n|-immune|p2a: Corviknight\n|-supereffective|p1a: Raichu|1\n|-enditem|p1a: Raichu|Shuca Berry|[eat]\n|-enditem|p1a: Raichu|Shuca Berry|[weaken]\n|-damage|p1a: Raichu|56/100\n|-damage|p1b: Kangaskhan|77/100\n|-unboost|p1a: Raichu|spe|1\n|-unboost|p1b: Kangaskhan|spe|1\n|move|p1a: Raichu|Nuzzle|p2a: Corviknight\n|-supereffective|p2a: Corviknight|1\n|-crit|p2a: Corviknight\n|-damage|p2a: Corviknight|80/100\n|-status|p2a: Corviknight|par\n|\n|upkeep\n|turn|2\n|\n|t:|1776044376\n|move|p2b: Garchomp|Bulldoze|p1a: Raichu|[spread] p1a,p1b\n|-immune|p2a: Corviknight\n|-supereffective|p1a: Raichu|1\n|-damage|p1a: Raichu|0 fnt\n|-damage|p1b: Kangaskhan|55/100\n|-unboost|p1b: Kangaskhan|spe|1\n|faint|p1a: Raichu\n|move|p1b: Kangaskhan|Double-Edge|p2b: Garchomp\n|-damage|p2b: Garchomp|34/100\n|-damage|p1b: Kangaskhan|43/100|[from] ability: Rough Skin|[of] p2b: Garchomp\n|-damage|p2b: Garchomp|18/100\n|-damage|p1b: Kangaskhan|31/100|[from] ability: Rough Skin|[of] p2b: Garchomp\n|-hitcount|p2b: Garchomp|2\n|-damage|p1b: Kangaskhan|3/100|[from] Recoil\n|move|p2a: Corviknight|U-turn|p1b: Kangaskhan\n|-damage|p1b: Kangaskhan|0 fnt\n|faint|p1b: Kangaskhan\n|\n|t:|1776044391\n|switch|p2a: Glimmora|Glimmora, L50, M|100/100|[from] U-turn\n|\n|upkeep\n|\n|t:|1776044395\n|switch|p1a: Greninja|Greninja, L50, F|100/100\n|switch|p1b: Arcanine|Arcanine-Hisui, L50, M|100/100\n|-ability|p1b: Arcanine|Intimidate|boost\n|-unboost|p2a: Glimmora|atk|1\n|-unboost|p2b: Garchomp|atk|1\n|turn|3\n|\n|t:|1776044425\n|detailschange|p2a: Glimmora|Glimmora-Mega, L50, M\n|-mega|p2a: Glimmora|Glimmora|Glimmoranite\n|move|p2a: Glimmora|Spiky Shield|p2a: Glimmora\n|-singleturn|p2a: Glimmora|move: Protect\n|move|p2b: Garchomp|Bulldoze|p1a: Greninja|[spread] p1a,p1b\n|-activate|p2a: Glimmora|move: Protect\n|-supereffective|p1b: Arcanine|2\n|-damage|p1a: Greninja|76/100\n|-damage|p1b: Arcanine|17/100\n|-unboost|p1a: Greninja|spe|1\n|-unboost|p1b: Arcanine|spe|1\n|move|p1b: Arcanine|Rock Slide|p2b: Garchomp|[spread] p2b\n|-activate|p2a: Glimmora|move: Protect\n|-resisted|p2b: Garchomp|1\n|-damage|p2b: Garchomp|4/100\n|move|p1a: Greninja|Hydro Pump|p2a: Glimmora\n|-start|p1a: Greninja|typechange|Water|[from] ability: Protean\n|-activate|p2a: Glimmora|move: Protect\n|\n|upkeep\n|turn|4\n|\n|t:|1776044445\n|switch|p2a: Corviknight|Corviknight, L50, F|80/100 par\n|move|p2b: Garchomp|Bulldoze|p1b: Arcanine|[spread] p1a,p1b\n|-immune|p2a: Corviknight\n|-supereffective|p1b: Arcanine|2\n|-damage|p1a: Greninja|52/100\n|-damage|p1b: Arcanine|0 fnt\n|-unboost|p1a: Greninja|spe|1\n|faint|p1b: Arcanine\n|move|p1a: Greninja|Ice Beam|p2b: Garchomp\n|-supereffective|p2b: Garchomp|2\n|-damage|p2b: Garchomp|0 fnt\n|faint|p2b: Garchomp\n|\n|upkeep\n|\n|t:|1776044451\n|switch|p2b: Glimmora|Glimmora-Mega, L50, M|100/100\n|turn|5\n|\n|t:|1776044456\n|move|p2b: Glimmora|Power Gem|p1a: Greninja\n|-damage|p1a: Greninja|0 fnt\n|faint|p1a: Greninja\n|\n|win|jfsajdjasjlasjdl\n|raw|simon1000000's rating: 1067 &rarr; <strong>1046</strong><br />(-21 for losing)\n|raw|jfsajdjasjlasjdl's rating: 1043 &rarr; <strong>1079</strong><br />(+36 for winning)\n|l|\u2606simon1000000\n|player|p1|\n",
  "uploadtime": 1776044462,
  "views": 13,
  "formatid": "gen9championsvgc2026regma",
  "rating": 1046,
  "private": 0,
  "password": null
}