{
  "id": "gen9championsvgc2026regma-2583700975",
  "format": "[Gen 9 Champions] VGC 2026 Reg M-A",
  "players": [
    "xyfan88",
    "KAK4P0"
  ],
  "log": "|j|\u2606xyfan88\n|j|\u2606KAK4P0\n|t:|1776191907\n|gametype|doubles\n|player|p1|xyfan88|2|1096\n|player|p2|KAK4P0|harlequin|1012\n|gen|9\n|tier|[Gen 9 Champions] VGC 2026 Reg M-A\n|rated|\n|rule|Species Clause: Limit one of each Pok\u00e9mon\n|rule|Item Clause: Limit 1 of each item\n|clearpoke\n|poke|p1|Farigiraf, L50, M|\n|poke|p1|Incineroar, L50, F|\n|poke|p1|Mimikyu, L50, M|\n|poke|p1|Crabominable, L50, F|\n|poke|p1|Kingambit, L50, F|\n|poke|p1|Rotom-Wash, L50|\n|poke|p2|Meganium, L50, F|\n|poke|p2|Politoed, L50, F|\n|poke|p2|Toxicroak, L50, M|\n|poke|p2|Bellibolt, L50, M|\n|poke|p2|Vivillon-Garden, L50, M|\n|poke|p2|Dragapult, L50, M|\n|teampreview|4\n|\n|t:|1776191937\n|teamsize|p1|4\n|teamsize|p2|4\n|start\n|switch|p1a: Farigiraf|Farigiraf, L50, M|100/100\n|switch|p1b: Incineroar|Incineroar, L50, F|100/100\n|switch|p2a: Sapo|Toxicroak, L50, M|100/100\n|switch|p2b: Sap\u00e3o|Bellibolt, L50, M|100/100\n|-ability|p1b: Incineroar|Intimidate|boost\n|-unboost|p2a: Sapo|atk|1\n|-unboost|p2b: Sap\u00e3o|atk|1\n|turn|1\n|inactive|Battle timer is ON: inactive players will automatically lose when time's up. (requested by KAK4P0)\n|\n|t:|1776191958\n|move|p1b: Incineroar|Fake Out|p2b: Sap\u00e3o\n|-damage|p2b: Sap\u00e3o|88/100\n|-start|p2b: Sap\u00e3o|Charge|Fake Out|[from] ability: Electromorphosis\n|move|p2a: Sapo|Rock Slide|p1a: Farigiraf|[spread] p1a,p1b\n|-supereffective|p1b: Incineroar|1\n|-damage|p1a: Farigiraf|89/100\n|-damage|p1b: Incineroar|78/100\n|move|p1a: Farigiraf|Psychic|p2a: Sapo\n|-supereffective|p2a: Sapo|2\n|-damage|p2a: Sapo|0 fnt\n|faint|p2a: Sapo\n|cant|p2b: Sap\u00e3o|flinch\n|\n|-heal|p1b: Incineroar|84/100|[from] item: Leftovers\n|-heal|p2b: Sap\u00e3o|94/100|[from] item: Leftovers\n|upkeep\n|\n|t:|1776191975\n|switch|p2a: Sapinho|Politoed, L50, F|100/100\n|-weather|RainDance|[from] ability: Drizzle|[of] p2a: Sapinho\n|turn|2\n|inactive|xyfan88 has 30 seconds left.\n|\n|t:|1776192001\n|move|p2a: Sapinho|Hydro Pump|p1a: Farigiraf\n|-damage|p1a: Farigiraf|35/100\n|-enditem|p1a: Farigiraf|Sitrus Berry|[eat]\n|-heal|p1a: Farigiraf|60/100|[from] item: Sitrus Berry\n|move|p1b: Incineroar|Parting Shot|p2b: Sap\u00e3o\n|-unboost|p2b: Sap\u00e3o|atk|1\n|-unboost|p2b: Sap\u00e3o|spa|1\n|\n|t:|1776192010\n|switch|p1b: Kingambit|Kingambit, L50, F|100/100|[from] Parting Shot\n|move|p1a: Farigiraf|Hyper Voice|p2b: Sap\u00e3o|[spread] p2a,p2b\n|-damage|p2a: Sapinho|78/100\n|-damage|p2b: Sap\u00e3o|63/100\n|-start|p2b: Sap\u00e3o|Charge|Hyper Voice|[from] ability: Electromorphosis\n|move|p2b: Sap\u00e3o|Toxic|p1b: Kingambit\n|-immune|p1b: Kingambit\n|\n|-weather|RainDance|[upkeep]\n|-heal|p2b: Sap\u00e3o|69/100|[from] item: Leftovers\n|upkeep\n|turn|3\n|inactive|KAK4P0 has 30 seconds left.\n|\n|t:|1776192040\n|move|p2b: Sap\u00e3o|Protect|p2b: Sap\u00e3o\n|-singleturn|p2b: Sap\u00e3o|Protect\n|move|p1a: Farigiraf|Ally Switch|p1a: Farigiraf\n|swap|p1a: Farigiraf|1|[from] move: Ally Switch\n|move|p2a: Sapinho|Haze|p2a: Sapinho\n|-clearallboost\n|move|p1a: Kingambit|Swords Dance|p1a: Kingambit\n|-boost|p1a: Kingambit|atk|2\n|\n|-weather|RainDance|[upkeep]\n|-heal|p2b: Sap\u00e3o|75/100|[from] item: Leftovers\n|upkeep\n|turn|4\n|inactive|xyfan88 has 30 seconds left.\n|\n|t:|1776192069\n|move|p2a: Sapinho|Hydro Pump|p1a: Kingambit\n|-damage|p1a: Kingambit|50/100\n|move|p1a: Kingambit|Swords Dance|p1a: Kingambit\n|-boost|p1a: Kingambit|atk|2\n|move|p2b: Sap\u00e3o|Thunder|p1a: Kingambit\n|-damage|p1a: Kingambit|0 fnt\n|faint|p1a: Kingambit\n|-end|p2b: Sap\u00e3o|Charge|[silent]\n|move|p1b: Farigiraf|Trick Room|p1b: Farigiraf\n|-fieldstart|move: Trick Room|[of] p1b: Farigiraf\n|\n|-weather|RainDance|[upkeep]\n|-heal|p2b: Sap\u00e3o|82/100|[from] item: Leftovers\n|upkeep\n|\n|t:|1776192080\n|switch|p1a: Crabominable|Crabominable, L50, F|100/100\n|turn|5\n|\n|t:|1776192101\n|detailschange|p1a: Crabominable|Crabominable-Mega, L50, F\n|-mega|p1a: Crabominable|Crabominable|Crabominite\n|move|p1a: Crabominable|Ice Hammer|p2b: Sap\u00e3o\n|-damage|p2b: Sap\u00e3o|16/100\n|-unboost|p1a: Crabominable|spe|1\n|-start|p2b: Sap\u00e3o|Charge|Ice Hammer|[from] ability: Electromorphosis\n|move|p2b: Sap\u00e3o|Toxic|p1a: Crabominable\n|-status|p1a: Crabominable|tox\n|move|p1b: Farigiraf|Psychic|p2a: Sapinho\n|-damage|p2a: Sapinho|47/100\n|-enditem|p2a: Sapinho|Sitrus Berry|[eat]\n|-heal|p2a: Sapinho|72/100|[from] item: Sitrus Berry\n|move|p2a: Sapinho|Hydro Pump|p1b: Farigiraf\n|-damage|p1b: Farigiraf|6/100\n|\n|-weather|RainDance|[upkeep]\n|-heal|p2b: Sap\u00e3o|22/100|[from] item: Leftovers\n|-damage|p1a: Crabominable|95/100 tox|[from] psn\n|upkeep\n|turn|6\n|\n|t:|1776192126\n|move|p2b: Sap\u00e3o|Protect|p2b: Sap\u00e3o\n|-singleturn|p2b: Sap\u00e3o|Protect\n|move|p1a: Crabominable|Close Combat|p2a: Sapinho\n|-damage|p2a: Sapinho|0 fnt\n|-unboost|p1a: Crabominable|def|1\n|-unboost|p1a: Crabominable|spd|1\n|faint|p2a: Sapinho\n|move|p1b: Farigiraf|Hyper Voice|p2b: Sap\u00e3o\n|-activate|p2b: Sap\u00e3o|move: Protect\n|\n|-weather|none\n|-heal|p2b: Sap\u00e3o|28/100|[from] item: Leftovers\n|-damage|p1a: Crabominable|83/100 tox|[from] psn\n|upkeep\n|\n|t:|1776192141\n|switch|p2a: Meganium|Meganium, L50, F|100/100\n|turn|7\n|\n|t:|1776192148\n|detailschange|p2a: Meganium|Meganium-Mega, L50, F\n|-mega|p2a: Meganium|Meganium|Meganiumite\n|move|p2a: Meganium|Protect|p2a: Meganium\n|-singleturn|p2a: Meganium|Protect\n|move|p1a: Crabominable|Ice Hammer|p2a: Meganium\n|-activate|p2a: Meganium|move: Protect\n|move|p2b: Sap\u00e3o|Parabolic Charge|p1a: Crabominable|[spread] p1a,p1b\n|-activate|p2a: Meganium|move: Protect\n|-damage|p1a: Crabominable|27/100 tox\n|-heal|p2b: Sap\u00e3o|54/100|[from] drain|[of] p1a: Crabominable\n|-damage|p1b: Farigiraf|0 fnt\n|-heal|p2b: Sap\u00e3o|57/100|[from] drain|[of] p1b: Farigiraf\n|faint|p1b: Farigiraf\n|-end|p2b: Sap\u00e3o|Charge|[silent]\n|\n|-heal|p2b: Sap\u00e3o|63/100|[from] item: Leftovers\n|-damage|p1a: Crabominable|9/100 tox|[from] psn\n|upkeep\n|\n|t:|1776192162\n|switch|p1b: Incineroar|Incineroar, L50, F|84/100\n|-ability|p1b: Incineroar|Intimidate|boost\n|-unboost|p2a: Meganium|atk|1\n|-unboost|p2b: Sap\u00e3o|atk|1\n|turn|8\n|\n|t:|1776192181\n|move|p1b: Incineroar|Fake Out|p2a: Meganium\n|-damage|p2a: Meganium|85/100\n|move|p1a: Crabominable|Ice Hammer|p2a: Meganium\n|-supereffective|p2a: Meganium|1\n|-damage|p2a: Meganium|0 fnt\n|-unboost|p1a: Crabominable|spe|1\n|faint|p2a: Meganium\n|move|p2b: Sap\u00e3o|Toxic|p1b: Incineroar\n|-status|p1b: Incineroar|tox\n|\n|-heal|p2b: Sap\u00e3o|69/100|[from] item: Leftovers\n|-heal|p1b: Incineroar|90/100 tox|[from] item: Leftovers\n|-damage|p1a: Crabominable|0 fnt|[from] psn\n|faint|p1a: Crabominable\n|-damage|p1b: Incineroar|84/100 tox|[from] psn\n|-fieldend|move: Trick Room\n|upkeep\n|turn|9\n|\n|t:|1776192202\n|move|p2b: Sap\u00e3o|Protect|p2b: Sap\u00e3o\n|-singleturn|p2b: Sap\u00e3o|Protect\n|move|p1b: Incineroar|Darkest Lariat|p2b: Sap\u00e3o\n|-activate|p2b: Sap\u00e3o|move: Protect\n|\n|-heal|p1b: Incineroar|90/100 tox|[from] item: Leftovers\n|-heal|p2b: Sap\u00e3o|75/100|[from] item: Leftovers\n|-damage|p1b: Incineroar|78/100 tox|[from] psn\n|upkeep\n|turn|10\n|\n|t:|1776192218\n|move|p1b: Incineroar|Darkest Lariat|p2b: Sap\u00e3o\n|-damage|p2b: Sap\u00e3o|37/100\n|-start|p2b: Sap\u00e3o|Charge|Darkest Lariat|[from] ability: Electromorphosis\n|move|p2b: Sap\u00e3o|Parabolic Charge|p1b: Incineroar\n|-damage|p1b: Incineroar|24/100 tox\n|-heal|p2b: Sap\u00e3o|62/100|[from] drain|[of] p1b: Incineroar\n|-end|p2b: Sap\u00e3o|Charge|[silent]\n|\n|-heal|p1b: Incineroar|30/100 tox|[from] item: Leftovers\n|-heal|p2b: Sap\u00e3o|68/100|[from] item: Leftovers\n|-damage|p1b: Incineroar|12/100 tox|[from] psn\n|upkeep\n|turn|11\n|\n|t:|1776192230\n|move|p2b: Sap\u00e3o|Protect|p2b: Sap\u00e3o\n|-singleturn|p2b: Sap\u00e3o|Protect\n|move|p1b: Incineroar|Flare Blitz|p2b: Sap\u00e3o\n|-activate|p2b: Sap\u00e3o|move: Protect\n|\n|-heal|p1b: Incineroar|18/100 tox|[from] item: Leftovers\n|-heal|p2b: Sap\u00e3o|74/100|[from] item: Leftovers\n|-damage|p1b: Incineroar|0 fnt|[from] psn\n|faint|p1b: Incineroar\n|\n|win|KAK4P0\n|raw|xyfan88's rating: 1096 &rarr; <strong>1066</strong><br />(-30 for losing)\n|raw|KAK4P0's rating: 1012 &rarr; <strong>1059</strong><br />(+47 for winning)\n|l|\u2606xyfan88\n|player|p1|\n",
  "uploadtime": 1776192775,
  "views": 15,
  "formatid": "gen9championsvgc2026regma",
  "rating": 1059,
  "private": 0,
  "password": null
}