{
  "id": "gen9championsvgc2026regma-2583803888",
  "format": "[Gen 9 Champions] VGC 2026 Reg M-A",
  "players": [
    "ewewrewr",
    "MegaJanicool"
  ],
  "log": "|j|\u2606ewewrewr\n|j|\u2606MegaJanicool\n|t:|1776198884\n|gametype|doubles\n|player|p1|ewewrewr|265|1082\n|player|p2|MegaJanicool|volkner|1077\n|gen|9\n|tier|[Gen 9 Champions] VGC 2026 Reg M-A\n|rated|\n|rule|Species Clause: Limit one of each Pok\u00e9mon\n|rule|Item Clause: Limit 1 of each item\n|clearpoke\n|poke|p1|Maushold, L50|\n|poke|p1|Kommo-o, L50, F|\n|poke|p1|Mimikyu, L50, M|\n|poke|p1|Incineroar, L50, F|\n|poke|p1|Aerodactyl, L50, F|\n|poke|p1|Primarina, L50, M|\n|poke|p2|Toxapex, L50, M|\n|poke|p2|Golurk, L50|\n|poke|p2|Incineroar, L50, F|\n|poke|p2|Sinistcha, L50|\n|poke|p2|Alakazam, L50, M|\n|poke|p2|Lucario, L50, M|\n|teampreview|4\n|inactive|Battle timer is ON: inactive players will automatically lose when time's up. (requested by MegaJanicool)\nMegaJanicool has agreed to open team sheets.\n|inactive|ewewrewr has 60 seconds left.\n|\n|t:|1776198972\n|teamsize|p1|4\n|teamsize|p2|4\n|start\n|switch|p1a: Mimikyu|Mimikyu, L50, M, shiny|100/100\n|switch|p1b: Primarina|Primarina, L50, M|100/100\n|switch|p2a: Toxapex|Toxapex, L50, M|100/100\n|switch|p2b: Incineroar|Incineroar, L50, F|100/100\n|-ability|p2b: Incineroar|Intimidate|boost\n|-unboost|p1a: Mimikyu|atk|1\n|-unboost|p1b: Primarina|atk|1\n|turn|1\n|inactive|MegaJanicool has 30 seconds left.\n|\n|t:|1776199001\n|move|p1b: Primarina|Protect|p1b: Primarina\n|-singleturn|p1b: Primarina|Protect\n|move|p2b: Incineroar|Fake Out|p1b: Primarina\n|-activate|p1b: Primarina|move: Protect\n|move|p1a: Mimikyu|Rain Dance|p1a: Mimikyu\n|-weather|RainDance\n|move|p2a: Toxapex|Toxic|p1a: Mimikyu\n|-status|p1a: Mimikyu|tox\n|\n|-weather|RainDance|[upkeep]\n|-damage|p1a: Mimikyu|94/100 tox|[from] psn\n|upkeep\n|turn|2\n|inactive|ewewrewr has 30 seconds left.\n|\n|t:|1776199030\n|switch|p1a: Kommo-o|Kommo-o, L50, F|100/100\n|switch|p2b: Golurk|Golurk, L50|100/100\n|move|p1b: Primarina|Hyper Voice|p2a: Toxapex|[spread] p2a,p2b\n|-resisted|p2a: Toxapex|1\n|-supereffective|p2b: Golurk|1\n|-damage|p2a: Toxapex|76/100\n|-damage|p2b: Golurk|11/100\n|move|p2a: Toxapex|Toxic Spikes|p1b: Primarina\n|-sidestart|p1: ewewrewr|move: Toxic Spikes\n|\n|-weather|RainDance|[upkeep]\n|upkeep\n|turn|3\n|\n|t:|1776199049\n|move|p2b: Golurk|Protect|p2b: Golurk\n|-singleturn|p2b: Golurk|Protect\n|move|p1a: Kommo-o|Clanging Scales|p2a: Toxapex|[spread] p2a\n|-activate|p2b: Golurk|move: Protect\n|-damage|p2a: Toxapex|44/100\n|-enditem|p2a: Toxapex|Sitrus Berry|[eat]\n|-heal|p2a: Toxapex|69/100|[from] item: Sitrus Berry\n|-unboost|p1a: Kommo-o|def|1\n|move|p1b: Primarina|Hyper Voice|p2a: Toxapex|[spread] p2a\n|-activate|p2b: Golurk|move: Protect\n|-resisted|p2a: Toxapex|1\n|-damage|p2a: Toxapex|46/100\n|move|p2a: Toxapex|Toxic|p1b: Primarina\n|-status|p1b: Primarina|tox\n|\n|-weather|RainDance|[upkeep]\n|-damage|p1b: Primarina|95/100 tox|[from] psn\n|upkeep\n|turn|4\n|\n|t:|1776199070\n|switch|p2a: Incineroar|Incineroar, L50, F|100/100\n|-ability|p2a: Incineroar|Intimidate|boost\n|-unboost|p1a: Kommo-o|atk|1\n|-unboost|p1b: Primarina|atk|1\n|move|p1a: Kommo-o|Clangorous Soul|p1a: Kommo-o\n|-boost|p1a: Kommo-o|atk|1\n|-boost|p1a: Kommo-o|def|1\n|-boost|p1a: Kommo-o|spa|1\n|-boost|p1a: Kommo-o|spd|1\n|-boost|p1a: Kommo-o|spe|1\n|-damage|p1a: Kommo-o|68/100\n|move|p1b: Primarina|Hyper Voice|p2a: Incineroar|[spread] p2a,p2b\n|-supereffective|p2a: Incineroar|1\n|-supereffective|p2b: Golurk|1\n|-damage|p2a: Incineroar|29/100\n|-damage|p2b: Golurk|0 fnt\n|faint|p2b: Golurk\n|\n|-weather|RainDance|[upkeep]\n|-heal|p1a: Kommo-o|74/100|[from] item: Leftovers\n|-damage|p1b: Primarina|83/100 tox|[from] psn\n|upkeep\n|\n|t:|1776199088\n|switch|p2b: Alakazam|Alakazam, L50, M|100/100\n|turn|5\n|\n|t:|1776199101\n|detailschange|p2b: Alakazam|Alakazam-Mega, L50, M\n|-mega|p2b: Alakazam|Alakazam|Alakazite\n|-ability|p2b: Alakazam|Overcoat|Trace|[from] ability: Trace|[of] p1a: Kommo-o\n|move|p2b: Alakazam|Psychic|p1a: Kommo-o\n|-supereffective|p1a: Kommo-o|1\n|-damage|p1a: Kommo-o|6/100\n|move|p1a: Kommo-o|Clanging Scales|p2a: Incineroar|[spread] p2a,p2b\n|-damage|p2a: Incineroar|0 fnt\n|-damage|p2b: Alakazam|17/100\n|faint|p2a: Incineroar\n|-unboost|p1a: Kommo-o|def|1\n|move|p1b: Primarina|Hyper Voice|p2b: Alakazam\n|-damage|p2b: Alakazam|0 fnt\n|faint|p2b: Alakazam\n|\n|-weather|none\n|-heal|p1a: Kommo-o|12/100|[from] item: Leftovers\n|-damage|p1b: Primarina|65/100 tox|[from] psn\n|upkeep\n|\n|t:|1776199111\n|switch|p2b: Toxapex|Toxapex, L50, M|79/100\n|turn|6\n|\n|t:|1776199121\n|move|p2b: Toxapex|Baneful Bunker|p2b: Toxapex\n|-singleturn|p2b: Toxapex|move: Protect\n|move|p1a: Kommo-o|Clanging Scales|p2b: Toxapex\n|-activate|p2b: Toxapex|move: Protect\n|move|p1b: Primarina|Moonblast|p2b: Toxapex\n|-activate|p2b: Toxapex|move: Protect\n|\n|-heal|p1a: Kommo-o|18/100|[from] item: Leftovers\n|-damage|p1b: Primarina|42/100 tox|[from] psn\n|upkeep\n|-enditem|p1b: Primarina|Sitrus Berry|[eat]\n|-heal|p1b: Primarina|66/100 tox|[from] item: Sitrus Berry\n|turn|7\n|\n|t:|1776199137\n|move|p1a: Kommo-o|Clanging Scales|p2b: Toxapex\n|-damage|p2b: Toxapex|20/100\n|-unboost|p1a: Kommo-o|def|1\n|move|p1b: Primarina|Moonblast|p2b: Toxapex\n|-resisted|p2b: Toxapex|1\n|-damage|p2b: Toxapex|0 fnt\n|faint|p2b: Toxapex\n|\n|win|ewewrewr\n|raw|ewewrewr's rating: 1082 &rarr; <strong>1109</strong><br />(+27 for winning)\n|raw|MegaJanicool's rating: 1077 &rarr; <strong>1056</strong><br />(-21 for losing)\n",
  "uploadtime": 1776199145,
  "views": 22,
  "formatid": "gen9championsvgc2026regma",
  "rating": 1056,
  "private": 0,
  "password": null
}