{
  "id": "gen9championsvgc2026regma-2584719251",
  "format": "[Gen 9 Champions] VGC 2026 Reg M-A",
  "players": [
    "tonybravais",
    "Cloudys"
  ],
  "log": "|j|\u2606tonybravais\n|j|\u2606Cloudys\n|t:|1776278889\n|gametype|doubles\n|player|p1|tonybravais|170|1057\n|player|p2|Cloudys|bruno|1002\n|gen|9\n|tier|[Gen 9 Champions] VGC 2026 Reg M-A\n|rated|\n|rule|Species Clause: Limit one of each Pok\u00e9mon\n|rule|Item Clause: Limit 1 of each item\n|clearpoke\n|poke|p1|Talonflame, L50, F|\n|poke|p1|Garchomp, L50, M|\n|poke|p1|Araquanid, L50, M|\n|poke|p1|Aurorus, L50, F|\n|poke|p1|Gardevoir, L50, F|\n|poke|p1|Sinistcha-Masterpiece, L50|\n|poke|p2|Ampharos, L50, M|\n|poke|p2|Klefki, L50, F|\n|poke|p2|Incineroar, L50, F|\n|poke|p2|Sinistcha, L50|\n|poke|p2|Maushold-Four, L50|\n|poke|p2|Camerupt, L50, F|\n|teampreview|4\n|inactive|Battle timer is ON: inactive players will automatically lose when time's up. (requested by Cloudys)\n|inactive|tonybravais has 60 seconds left.\nCloudys rejected open team sheets.\n|\n|t:|1776278936\n|teamsize|p1|4\n|teamsize|p2|4\n|start\n|switch|p1a: Talonflame|Talonflame, L50, F|100/100\n|switch|p1b: Garchomp|Garchomp, L50, M|100/100\n|switch|p2a: Klefki|Klefki, L50, F|100/100\n|switch|p2b: Maushold|Maushold-Four, L50|100/100\n|turn|1\n|\n|t:|1776278951\n|move|p1a: Talonflame|Brave Bird|p2b: Maushold\n|-damage|p2b: Maushold|55/100\n|-damage|p1a: Talonflame|83/100|[from] Recoil\n|move|p2a: Klefki|Reflect|p2a: Klefki\n|-sidestart|p2: Cloudys|Reflect\n|move|p1b: Garchomp|Earthquake|p2b: Maushold|[spread] p2a,p2b\n|-immune|p1a: Talonflame\n|-supereffective|p2a: Klefki|1\n|-damage|p2a: Klefki|57/100\n|-damage|p2b: Maushold|25/100\n|move|p2b: Maushold|Population Bomb|p1a: Talonflame\n|-damage|p1a: Talonflame|74/100\n|-damage|p1a: Talonflame|65/100\n|-damage|p1a: Talonflame|55/100\n|-damage|p1a: Talonflame|46/100\n|-crit|p1a: Talonflame\n|-damage|p1a: Talonflame|32/100\n|-damage|p1a: Talonflame|22/100\n|-hitcount|p1a: Talonflame|6\n|\n|upkeep\n|turn|2\n|inactive|tonybravais has 30 seconds left.\n|inactive|Cloudys has 30 seconds left.\n|inactive|tonybravais has 20 seconds left.\n|\n|t:|1776278988\n|move|p2b: Maushold|Protect|p2b: Maushold\n|-singleturn|p2b: Maushold|Protect\n|move|p1a: Talonflame|Tailwind|p1a: Talonflame\n|-sidestart|p1: tonybravais|move: Tailwind\n|move|p1b: Garchomp|Earthquake|p2b: Maushold|[spread] p2a\n|-activate|p2b: Maushold|move: Protect\n|-immune|p1a: Talonflame\n|-supereffective|p2a: Klefki|1\n|-damage|p2a: Klefki|12/100\n|move|p2a: Klefki|Trick Room|p2a: Klefki\n|-fieldstart|move: Trick Room|[of] p2a: Klefki\n|\n|upkeep\n|turn|3\n|inactive|tonybravais has 30 seconds left.\n|inactive|tonybravais has 20 seconds left.\n|inactive|tonybravais has 15 seconds left.\n|\n|t:|1776279029\n|move|p2a: Klefki|Light Screen|p2a: Klefki\n|-sidestart|p2: Cloudys|move: Light Screen\n|move|p2b: Maushold|Population Bomb|p1a: Talonflame\n|-damage|p1a: Talonflame|12/100\n|-damage|p1a: Talonflame|2/100\n|-damage|p1a: Talonflame|0 fnt\n|faint|p1a: Talonflame\n|-hitcount|p1: Talonflame|3\n|move|p1b: Garchomp|Earthquake|p2b: Maushold|[spread] p2a,p2b\n|-supereffective|p2a: Klefki|1\n|-damage|p2a: Klefki|0 fnt\n|-damage|p2b: Maushold|0 fnt\n|faint|p2a: Klefki\n|faint|p2b: Maushold\n|\n|upkeep\n|\n|t:|1776279045\n|switch|p2a: Sinistcha|Sinistcha, L50|100/100\n|switch|p2b: Ampharos|Ampharos, L50, M|100/100\n|switch|p1a: Araquanid|Araquanid, L50, M, shiny|100/100\n|turn|4\n|inactive|tonybravais has 30 seconds left.\n|\n|t:|1776279078\n|switch|p1b: Gardevoir|Gardevoir, L50, F|100/100\n|detailschange|p2b: Ampharos|Ampharos-Mega, L50, M\n|-mega|p2b: Ampharos|Ampharos|Ampharosite\n|-ability|p2b: Ampharos|Mold Breaker\n|move|p2b: Ampharos|Dragon Pulse|p1b: Gardevoir\n|-immune|p1b: Gardevoir\n|move|p2a: Sinistcha|Matcha Gotcha|p1a: Araquanid|[spread] p1a\n|-miss|p2a: Sinistcha|p1b: Gardevoir\n|-damage|p1a: Araquanid|76/100\n|move|p1a: Araquanid|Liquidation|p2a: Sinistcha\n|-resisted|p2a: Sinistcha|1\n|-damage|p2a: Sinistcha|75/100\n|\n|upkeep\n|turn|5\n|\n|t:|1776279097\n|detailschange|p1b: Gardevoir|Gardevoir-Mega, L50, F\n|-mega|p1b: Gardevoir|Gardevoir|Gardevoirite\n|move|p1a: Araquanid|Wide Guard|p1a: Araquanid\n|-singleturn|p1a: Araquanid|Wide Guard\n|move|p2b: Ampharos|Electric Terrain|p2b: Ampharos\n|-fieldstart|move: Electric Terrain\n|move|p2a: Sinistcha|Shadow Ball|p1b: Gardevoir\n|-supereffective|p1b: Gardevoir|1\n|-damage|p1b: Gardevoir|16/100\n|move|p1b: Gardevoir|Hyper Voice|p2a: Sinistcha|[spread] p2a,p2b\n|-supereffective|p2b: Ampharos|1\n|-damage|p2a: Sinistcha|35/100\n|-damage|p2b: Ampharos|41/100\n|\n|-sideend|p2: Cloudys|Reflect\n|-sideend|p1: tonybravais|move: Tailwind\n|upkeep\n|turn|6\n|inactive|tonybravais has 30 seconds left.\n|\n|t:|1776279124\n|move|p1b: Gardevoir|Protect|p1b: Gardevoir\n|-singleturn|p1b: Gardevoir|Protect\n|move|p1a: Araquanid|Wide Guard|p1a: Araquanid\n|-singleturn|p1a: Araquanid|Wide Guard\n|move|p2b: Ampharos|Rising Voltage|p1a: Araquanid\n|-hint|Rising Voltage's BP doubled on grounded target.\n|-supereffective|p1a: Araquanid|1\n|-damage|p1a: Araquanid|0 fnt\n|faint|p1a: Araquanid\n|move|p2a: Sinistcha|Shadow Ball|p1b: Gardevoir\n|-activate|p1b: Gardevoir|move: Protect\n|\n|-fieldend|move: Trick Room\n|upkeep\n|\n|t:|1776279136\n|switch|p1a: Garchomp|Garchomp, L50, M|100/100\n|turn|7\n|\n|t:|1776279154\n|move|p1a: Garchomp|Dragon Claw|p2b: Ampharos\n|-supereffective|p2b: Ampharos|1\n|-damage|p2b: Ampharos|0 fnt\n|faint|p2b: Ampharos\n|move|p1b: Gardevoir|Hyper Voice|p2a: Sinistcha\n|-damage|p2a: Sinistcha|0 fnt\n|faint|p2a: Sinistcha\n|\n|win|tonybravais\n|raw|tonybravais's rating: 1057 &rarr; <strong>1084</strong><br />(+27 for winning)\n|raw|Cloudys's rating: 1002 &rarr; <strong>1000</strong><br />(-2 for losing)\n|l|\u2606Cloudys\n|player|p2|\n",
  "uploadtime": 1776279257,
  "views": 20,
  "formatid": "gen9championsvgc2026regma",
  "rating": 1000,
  "private": 0,
  "password": null
}