{
  "id": "gen9championsvgc2026regma-2586388494",
  "format": "[Gen 9 Champions] VGC 2026 Reg M-A",
  "players": [
    "Viperino7",
    "SammerJammer"
  ],
  "log": "|j|\u2606Viperino7\n|j|\u2606SammerJammer\n|t:|1776431065\n|gametype|doubles\n|player|p1|Viperino7|youngster-gen4dp|1075\n|player|p2|SammerJammer|265|1073\n|gen|9\n|tier|[Gen 9 Champions] VGC 2026 Reg M-A\n|rated|\n|rule|Species Clause: Limit one of each Pok\u00e9mon\n|rule|Item Clause: Limit 1 of each item\n|clearpoke\n|poke|p1|Aggron, L50, F|\n|poke|p1|Pelipper, L50, M|\n|poke|p1|Meganium, L50, F|\n|poke|p1|Luxray, L50, M|\n|poke|p1|Dragapult, L50, F|\n|poke|p1|Zoroark-Hisui, L50, M|\n|poke|p2|Aerodactyl, L50, F|\n|poke|p2|Gengar, L50, F|\n|poke|p2|Sneasler, L50, M|\n|poke|p2|Mamoswine, L50, M|\n|poke|p2|Rotom-Wash, L50|\n|poke|p2|Arcanine, L50, F|\n|teampreview|4\nViperino7 rejected open team sheets.\n|\n|t:|1776431109\n|teamsize|p1|4\n|teamsize|p2|4\n|start\n|switch|p1a: Aggron|Aggron, L50, F|100/100\n|switch|p1b: Dragapult|Dragapult, L50, F|100/100\n|switch|p2a: Sneasler|Sneasler, L50, M|100/100\n|switch|p2b: Gengar|Gengar, L50, F|100/100\n|turn|1\n|\n|t:|1776431129\n|detailschange|p2b: Gengar|Gengar-Mega, L50, F\n|-mega|p2b: Gengar|Gengar|Gengarite\n|move|p2b: Gengar|Protect|p2b: Gengar\n|-singleturn|p2b: Gengar|Protect\n|move|p1b: Dragapult|Dragon Darts|p2a: Sneasler\n|-damage|p2a: Sneasler|57/100\n|-anim|p1b: Dragapult|Dragon Darts|p2a: Sneasler\n|-damage|p2a: Sneasler|14/100\n|move|p2a: Sneasler|Close Combat|p1a: Aggron\n|-immune|p1a: Aggron\n|move|p1a: Aggron|Bitter Malice|p2b: Gengar\n|-activate|p2b: Gengar|move: Protect\n|\n|upkeep\n|turn|2\n|\n|t:|1776431167\n|move|p2b: Gengar|Shadow Ball|p1b: Dragapult\n|-supereffective|p1b: Dragapult|1\n|-enditem|p1b: Dragapult|Focus Sash\n|-damage|p1b: Dragapult|1/100\n|move|p1b: Dragapult|Dragon Darts|p2a: Sneasler\n|-damage|p2a: Sneasler|0 fnt\n|-anim|p1b: Dragapult|Dragon Darts|p2b: Gengar\n|-damage|p2b: Gengar|54/100\n|faint|p2a: Sneasler\n|move|p1a: Aggron|Bitter Malice|p2b: Gengar\n|-supereffective|p2b: Gengar|1\n|-damage|p2b: Gengar|0 fnt\n|faint|p2b: Gengar\n|\n|upkeep\n|\n|t:|1776431179\n|switch|p2b: Rotom|Rotom-Wash, L50|100/100\n|switch|p2a: Aerodactyl|Aerodactyl, L50, F|100/100\n|-ability|p2a: Aerodactyl|Unnerve\n|turn|3\n|\n|t:|1776431196\n|move|p2a: Aerodactyl|Tailwind|p2a: Aerodactyl\n|-sidestart|p2: SammerJammer|move: Tailwind\n|move|p2b: Rotom|Hydro Pump|p1a: Aggron\n|-damage|p1a: Aggron|0 fnt\n|replace|p1a: Zoroark|Zoroark-Hisui, L50, M\n|-end|p1a: Zoroark|Illusion\n|faint|p1a: Zoroark\n|move|p1b: Dragapult|Phantom Force||[still]\n|-prepare|p1b: Dragapult|Phantom Force\n|\n|upkeep\n|\n|t:|1776431207\n|switch|p1a: Aggron|Aggron, L50, F|100/100\n|turn|4\n|\n|t:|1776431217\n|detailschange|p1a: Aggron|Aggron-Mega, L50, F\n|-mega|p1a: Aggron|Aggron|Aggronite\n|move|p1a: Aggron|Protect|p1a: Aggron\n|-singleturn|p1a: Aggron|Protect\n|move|p2a: Aerodactyl|Rock Slide|p1b: Dragapult|[spread] \n|-miss|p2a: Aerodactyl|p1b: Dragapult\n|-activate|p1a: Aggron|move: Protect\n|move|p2b: Rotom|Hydro Pump|p1a: Aggron\n|-activate|p1a: Aggron|move: Protect\n|move|p1b: Dragapult|Phantom Force|p2b: Rotom|[from] lockedmove\n|-damage|p2b: Rotom|52/100\n|\n|upkeep\n|turn|5\n|\n|t:|1776431245\n|move|p2a: Aerodactyl|Rock Slide|p1b: Dragapult|[spread] p1a,p1b\n|-resisted|p1a: Aggron|1\n|-damage|p1a: Aggron|95/100\n|-damage|p1b: Dragapult|0 fnt\n|faint|p1b: Dragapult\n|move|p2b: Rotom|Hydro Pump|p1a: Aggron\n|-damage|p1a: Aggron|41/100\n|cant|p1a: Aggron|flinch\n|\n|upkeep\n|\n|t:|1776431253\n|switch|p1b: Luxray|Luxray, L50, M|100/100\n|-ability|p1b: Luxray|Intimidate|boost\n|-unboost|p2a: Aerodactyl|atk|1\n|-unboost|p2b: Rotom|atk|1\n|turn|6\n|\n|t:|1776431271\n|move|p1a: Aggron|Protect|p1a: Aggron\n|-singleturn|p1a: Aggron|Protect\n|move|p2a: Aerodactyl|Rock Slide|p1a: Aggron|[spread] p1b\n|-activate|p1a: Aggron|move: Protect\n|-damage|p1b: Luxray|78/100\n|move|p2b: Rotom|Hydro Pump|p1b: Luxray\n|-damage|p1b: Luxray|7/100\n|move|p1b: Luxray|Night Slash|p2a: Aerodactyl\n|-damage|p2a: Aerodactyl|55/100\n|\n|-sideend|p2: SammerJammer|move: Tailwind\n|upkeep\n|turn|7\n|inactive|Battle timer is ON: inactive players will automatically lose when time's up. (requested by Viperino7)\n|\n|t:|1776431291\n|move|p2a: Aerodactyl|Rock Slide|p1a: Aggron|[spread] p1a\n|-miss|p2a: Aerodactyl|p1b: Luxray\n|-resisted|p1a: Aggron|1\n|-damage|p1a: Aggron|38/100\n|move|p1b: Luxray|Wild Charge|p2a: Aerodactyl\n|-supereffective|p2a: Aerodactyl|1\n|-damage|p2a: Aerodactyl|0 fnt\n|-enditem|p1b: Luxray|Sitrus Berry|[eat]\n|-heal|p1b: Luxray|32/100|[from] item: Sitrus Berry\n|faint|p2a: Aerodactyl\n|-damage|p1b: Luxray|18/100|[from] Recoil\n|move|p2b: Rotom|Hydro Pump|p1a: Aggron|[miss]\n|-miss|p2b: Rotom|p1a: Aggron\n|move|p1a: Aggron|Rock Slide|p2b: Rotom\n|-damage|p2b: Rotom|29/100\n|-enditem|p2b: Rotom|Sitrus Berry|[eat]\n|-heal|p2b: Rotom|53/100|[from] item: Sitrus Berry\n|\n|upkeep\n|turn|8\n|\n|t:|1776431312\n|move|p1b: Luxray|Wild Charge|p2b: Rotom\n|-damage|p2b: Rotom|5/100\n|-damage|p1b: Luxray|6/100|[from] Recoil\n|move|p2b: Rotom|Hydro Pump|p1a: Aggron\n|-damage|p1a: Aggron|0 fnt\n|faint|p1a: Aggron\n|\n|upkeep\n|turn|9\n|\n|t:|1776431332\n|move|p1b: Luxray|Night Slash|p2b: Rotom\n|-damage|p2b: Rotom|0 fnt\n|faint|p2b: Rotom\n|\n|win|Viperino7\n|raw|Viperino7's rating: 1075 &rarr; <strong>1104</strong><br />(+29 for winning)\n|raw|SammerJammer's rating: 1073 &rarr; <strong>1052</strong><br />(-21 for losing)\n",
  "uploadtime": 1776431335,
  "views": 24,
  "formatid": "gen9championsvgc2026regma",
  "rating": 1052,
  "private": 0,
  "password": null
}