{
  "id": "gen9championsvgc2026regma-2588126320",
  "format": "[Gen 9 Champions] VGC 2026 Reg M-A",
  "players": [
    "EpicPedros",
    "lognub"
  ],
  "log": "|j|\u2606EpicPedros\n|j|\u2606lognub\n|t:|1776607064\n|gametype|doubles\n|player|p1|EpicPedros|steven|1072\n|player|p2|lognub|gentleman-gen4|1136\n|gen|9\n|tier|[Gen 9 Champions] VGC 2026 Reg M-A\n|rated|\n|rule|Species Clause: Limit one of each Pok\u00e9mon\n|rule|Item Clause: Limit 1 of each item\n|clearpoke\n|poke|p1|Primarina, L50, M|\n|poke|p1|Farigiraf, L50, F|\n|poke|p1|Aggron, L50, M|\n|poke|p1|Pelipper, L50, F|\n|poke|p1|Glimmora, L50, M|\n|poke|p1|Armarouge, L50, M|\n|poke|p2|Incineroar, L50, F|\n|poke|p2|Sneasler, L50, F|\n|poke|p2|Garchomp, L50, F|\n|poke|p2|Sinistcha, L50|\n|poke|p2|Floette-Eternal, L50, F|\n|poke|p2|Kingambit, L50, F|\n|teampreview|4\n|inactive|Battle timer is ON: inactive players will automatically lose when time's up. (requested by lognub)\n|\n|t:|1776607093\n|teamsize|p1|4\n|teamsize|p2|4\n|start\n|switch|p1a: Farigiraf|Farigiraf, L50, F|100/100\n|switch|p1b: Aggron|Aggron, L50, M|100/100\n|switch|p2a: Incineroar|Incineroar, L50, F|100/100\n|switch|p2b: Sneasler|Sneasler, L50, F|100/100\n|-ability|p2a: Incineroar|Intimidate|boost\n|-unboost|p1a: Farigiraf|atk|1\n|-unboost|p1b: Aggron|atk|1\n|turn|1\n|\n|t:|1776607108\n|move|p1b: Aggron|Protect|p1b: Aggron\n|-singleturn|p1b: Aggron|Protect\n|move|p2b: Sneasler|Close Combat|p1b: Aggron\n|-activate|p1b: Aggron|move: Protect\n|move|p2a: Incineroar|Darkest Lariat|p1a: Farigiraf\n|-supereffective|p1a: Farigiraf|1\n|-damage|p1a: Farigiraf|26/100\n|move|p1a: Farigiraf|Trick Room|p1a: Farigiraf\n|-fieldstart|move: Trick Room|[of] p1a: Farigiraf\n|\n|upkeep\n|turn|2\n|\n|t:|1776607130\n|switch|p2b: Garchomp|Garchomp, L50, F|100/100\n|detailschange|p1b: Aggron|Aggron-Mega, L50, M\n|-mega|p1b: Aggron|Aggron|Aggronite\n|move|p1b: Aggron|Body Press|p2a: Incineroar\n|-supereffective|p2a: Incineroar|1\n|-damage|p2a: Incineroar|27/100\n|-enditem|p2a: Incineroar|Sitrus Berry|[eat]\n|-heal|p2a: Incineroar|52/100|[from] item: Sitrus Berry\n|move|p1a: Farigiraf|Thunderbolt|p2b: Garchomp\n|-immune|p2b: Garchomp\n|move|p2a: Incineroar|Darkest Lariat|p1a: Farigiraf\n|-supereffective|p1a: Farigiraf|1\n|-damage|p1a: Farigiraf|0 fnt\n|faint|p1a: Farigiraf\n|\n|upkeep\n|\n|t:|1776607144\n|switch|p1a: Primarina|Primarina, L50, M|100/100\n|turn|3\n|\n|t:|1776607155\n|switch|p2a: Sneasler|Sneasler, L50, F|100/100\n|move|p1b: Aggron|Body Press|p2a: Sneasler\n|-resisted|p2a: Sneasler|1\n|-damage|p2a: Sneasler|63/100\n|move|p1a: Primarina|Moonblast|p2b: Garchomp\n|-supereffective|p2b: Garchomp|1\n|-damage|p2b: Garchomp|0 fnt\n|faint|p2b: Garchomp\n|\n|upkeep\n|\n|t:|1776607165\n|switch|p2b: Incineroar|Incineroar, L50, F|52/100\n|-ability|p2b: Incineroar|Intimidate|boost\n|-unboost|p1a: Primarina|atk|1\n|-unboost|p1b: Aggron|atk|1\n|turn|4\n|\n|t:|1776607176\n|move|p1b: Aggron|Protect|p1b: Aggron\n|-singleturn|p1b: Aggron|Protect\n|move|p1a: Primarina|Protect|p1a: Primarina\n|-singleturn|p1a: Primarina|Protect\n|move|p2b: Incineroar|Fake Out|p1b: Aggron\n|-activate|p1b: Aggron|move: Protect\n|move|p2a: Sneasler|Fake Out|p1a: Primarina\n|-activate|p1a: Primarina|move: Protect\n|\n|upkeep\n|turn|5\n|\n|t:|1776607193\n|switch|p2b: Sinistcha|Sinistcha, L50|100/100\n|-heal|p2a: Sneasler|88/100|[from] ability: Hospitality|[of] p2b: Sinistcha\n|move|p2a: Sneasler|Protect|p2a: Sneasler\n|-singleturn|p2a: Sneasler|Protect\n|move|p1b: Aggron|Body Press|p2b: Sinistcha\n|-immune|p2b: Sinistcha\n|move|p1a: Primarina|Hyper Voice|p2b: Sinistcha|[spread] p2b\n|-activate|p2a: Sneasler|move: Protect\n|-resisted|p2b: Sinistcha|1\n|-damage|p2b: Sinistcha|81/100\n|\n|-fieldend|move: Trick Room\n|upkeep\n|turn|6\n|\n|t:|1776607215\n|move|p2b: Sinistcha|Rage Powder|p2b: Sinistcha\n|-singleturn|p2b: Sinistcha|move: Rage Powder\n|move|p2a: Sneasler|Close Combat|p1b: Aggron\n|-supereffective|p1b: Aggron|1\n|-damage|p1b: Aggron|62/100\n|-unboost|p2a: Sneasler|def|1\n|-unboost|p2a: Sneasler|spd|1\n|-enditem|p2a: Sneasler|White Herb\n|-clearnegativeboost|p2a: Sneasler|[silent]\n|move|p1a: Primarina|Moonblast|p2b: Sinistcha\n|-damage|p2b: Sinistcha|25/100\n|move|p1b: Aggron|Heavy Slam|p2b: Sinistcha\n|-damage|p2b: Sinistcha|0 fnt\n|faint|p2b: Sinistcha\n|\n|upkeep\n|\n|t:|1776607229\n|switch|p2b: Incineroar|Incineroar, L50, F|52/100\n|-ability|p2b: Incineroar|Intimidate|boost\n|-unboost|p1a: Primarina|atk|1\n|-unboost|p1b: Aggron|atk|1\n|turn|7\n|\n|t:|1776607240\n|move|p1a: Primarina|Protect|p1a: Primarina\n|-singleturn|p1a: Primarina|Protect\n|move|p2a: Sneasler|Dire Claw|p1a: Primarina\n|-activate|p1a: Primarina|move: Protect\n|move|p2b: Incineroar|Flare Blitz|p1b: Aggron\n|-supereffective|p1b: Aggron|1\n|-damage|p1b: Aggron|31/100\n|-damage|p2b: Incineroar|43/100|[from] Recoil\n|move|p1b: Aggron|Body Press|p2b: Incineroar\n|-supereffective|p2b: Incineroar|1\n|-damage|p2b: Incineroar|0 fnt\n|faint|p2b: Incineroar\n|\n|upkeep\n|turn|8\n|\n|t:|1776607264\n|move|p1b: Aggron|Protect|p1b: Aggron\n|-singleturn|p1b: Aggron|Protect\n|move|p2a: Sneasler|Dire Claw|p1a: Primarina\n|-supereffective|p1a: Primarina|1\n|-damage|p1a: Primarina|0 fnt\n|faint|p1a: Primarina\n|\n|upkeep\n|inactive|EpicPedros has 30 seconds left.\n|inactive|EpicPedros has 20 seconds left.\n|inactive|EpicPedros has 15 seconds left.\n|inactive|EpicPedros has 10 seconds left.\n|inactive|EpicPedros has 5 seconds left.\n|\n|t:|1776607319\n|switch|p1a: Armarouge|Armarouge, L50, M|100/100\n|turn|9\n|\n|t:|1776607331\n|move|p2a: Sneasler|Close Combat|p1b: Aggron\n|-supereffective|p1b: Aggron|1\n|-crit|p1b: Aggron\n|-damage|p1b: Aggron|0 fnt\n|-unboost|p2a: Sneasler|def|1\n|-unboost|p2a: Sneasler|spd|1\n|faint|p1b: Aggron\n|move|p1a: Armarouge|Expanding Force|p2a: Sneasler\n|-supereffective|p2a: Sneasler|2\n|-damage|p2a: Sneasler|0 fnt\n|faint|p2a: Sneasler\n|\n|win|EpicPedros\n|raw|EpicPedros's rating: 1072 &rarr; <strong>1107</strong><br />(+35 for winning)\n|raw|lognub's rating: 1136 &rarr; <strong>1106</strong><br />(-30 for losing)\n|l|\u2606lognub\n|player|p2|\n",
  "uploadtime": 1776607348,
  "views": 8,
  "formatid": "gen9championsvgc2026regma",
  "rating": 1106,
  "private": 0,
  "password": null
}