{
  "id": "gen9championsvgc2026regma-2588622761",
  "format": "[Gen 9 Champions] VGC 2026 Reg M-A",
  "players": [
    "nmq0901",
    "Mischievouz"
  ],
  "log": "|j|\u2606nmq0901\n|j|\u2606Mischievouz\n|t:|1776651072\n|gametype|doubles\n|player|p1|nmq0901|102|1076\n|player|p2|Mischievouz|cynthia-gen4|1076\n|gen|9\n|tier|[Gen 9 Champions] VGC 2026 Reg M-A\n|rated|\n|rule|Species Clause: Limit one of each Pok\u00e9mon\n|rule|Item Clause: Limit 1 of each item\n|clearpoke\n|poke|p1|Feraligatr, L50, F|\n|poke|p1|Aggron, L50, M|\n|poke|p1|Alakazam, L50, F|\n|poke|p1|Whimsicott, L50, M|\n|poke|p1|Pelipper, L50, M|\n|poke|p1|Tyranitar, L50, M|\n|poke|p2|Froslass, L50, F, shiny|\n|poke|p2|Incineroar, L50, M, shiny|\n|poke|p2|Garchomp, L50, F, shiny|\n|poke|p2|Whimsicott, L50, M, shiny|\n|poke|p2|Milotic, L50, M, shiny|\n|poke|p2|Excadrill, L50, F, shiny|\n|teampreview|4\n|\n|t:|1776651096\n|teamsize|p1|4\n|teamsize|p2|4\n|start\n|switch|p1a: Aggron|Aggron, L50, M|100/100\n|switch|p1b: Alakazam|Alakazam, L50, F|100/100\n|switch|p2a: Incineroar|Incineroar, L50, M, shiny|100/100\n|switch|p2b: Froslass|Froslass, L50, F, shiny|100/100\n|-ability|p2a: Incineroar|Intimidate|boost\n|-unboost|p1a: Aggron|atk|1\n|-fail|p1b: Alakazam|unboost|Attack|[from] ability: Inner Focus|[of] p1b: Alakazam\n|turn|1\n|\n|t:|1776651138\n|detailschange|p2b: Froslass|Froslass-Mega, L50, F, shiny\n|-mega|p2b: Froslass|Froslass|Froslassite\n|-weather|Snowscape|[from] ability: Snow Warning|[of] p2b: Froslass\n|detailschange|p1a: Aggron|Aggron-Mega, L50, M\n|-mega|p1a: Aggron|Aggron|Aggronite\n|move|p2a: Incineroar|Fake Out|p1a: Aggron\n|-resisted|p1a: Aggron|1\n|-damage|p1a: Aggron|97/100\n|move|p1b: Alakazam|Speed Swap|p1a: Aggron\n|-activate|p1b: Alakazam|move: Speed Swap|[of] p1a: Aggron\n|move|p2b: Froslass|Shadow Ball|p1b: Alakazam\n|-supereffective|p1b: Alakazam|1\n|-enditem|p1b: Alakazam|Focus Sash\n|-damage|p1b: Alakazam|1/100\n|cant|p1a: Aggron|flinch\n|\n|-weather|Snowscape|[upkeep]\n|upkeep\n|turn|2\n|\n|t:|1776651172\n|switch|p1b: Tyranitar|Tyranitar, L50, M|100/100\n|-weather|Sandstorm|[from] ability: Sand Stream|[of] p1b: Tyranitar\n|move|p2b: Froslass|Protect|p2b: Froslass\n|-singleturn|p2b: Froslass|Protect\n|move|p1a: Aggron|Iron Defense|p1a: Aggron\n|-boost|p1a: Aggron|def|2\n|move|p2a: Incineroar|Darkest Lariat|p1b: Tyranitar\n|-resisted|p1b: Tyranitar|1\n|-damage|p1b: Tyranitar|81/100\n|\n|-weather|Sandstorm|[upkeep]\n|-damage|p2b: Froslass|94/100|[from] Sandstorm\n|-damage|p2a: Incineroar|95/100|[from] Sandstorm\n|upkeep\n|turn|3\n|inactive|Battle timer is ON: inactive players will automatically lose when time's up. (requested by Mischievouz)\n|\n|t:|1776651212\n|switch|p2b: Whimsicott|Whimsicott, L50, M, shiny|100/100\n|move|p1a: Aggron|Body Press|p2a: Incineroar\n|-supereffective|p2a: Incineroar|1\n|-damage|p2a: Incineroar|0 fnt\n|faint|p2a: Incineroar\n|move|p1b: Tyranitar|Crunch|p2b: Whimsicott\n|-resisted|p2b: Whimsicott|1\n|-damage|p2b: Whimsicott|83/100\n|\n|-weather|Sandstorm|[upkeep]\n|-damage|p2b: Whimsicott|77/100|[from] Sandstorm\n|upkeep\n|\n|t:|1776651221\n|switch|p2a: Excadrill|Excadrill, L50, F, shiny|100/100\n|-ability|p2a: Excadrill|Mold Breaker\n|turn|4\n|\n|t:|1776651236\n|switch|p1b: Alakazam|Alakazam, L50, F|1/100\n|move|p2b: Whimsicott|Tailwind|p2b: Whimsicott\n|-sidestart|p2: Mischievouz|move: Tailwind\n|move|p2a: Excadrill|Swords Dance|p2a: Excadrill\n|-boost|p2a: Excadrill|atk|2\n|move|p1a: Aggron|Iron Defense|p1a: Aggron\n|-boost|p1a: Aggron|def|2\n|\n|-weather|Sandstorm|[upkeep]\n|-damage|p2b: Whimsicott|71/100|[from] Sandstorm\n|-damage|p1b: Alakazam|0 fnt|[from] Sandstorm\n|faint|p1b: Alakazam\n|upkeep\n|\n|t:|1776651254\n|switch|p1b: Tyranitar|Tyranitar, L50, M|81/100\n|turn|5\n|\n|t:|1776651269\n|move|p2b: Whimsicott|Encore|p1a: Aggron\n|-start|p1a: Aggron|Encore\n|move|p2a: Excadrill|Earthquake|p1a: Aggron|[spread] p2b,p1a,p1b\n|-resisted|p2b: Whimsicott|1\n|-supereffective|p1a: Aggron|1\n|-supereffective|p1b: Tyranitar|1\n|-damage|p2b: Whimsicott|35/100\n|-damage|p1a: Aggron|73/100\n|-damage|p1b: Tyranitar|0 fnt\n|faint|p1b: Tyranitar\n|move|p1a: Aggron|Iron Defense|p1a: Aggron\n|-boost|p1a: Aggron|def|2\n|\n|-weather|Sandstorm|[upkeep]\n|-damage|p2b: Whimsicott|29/100|[from] Sandstorm\n|upkeep\n|\n|t:|1776651282\n|switch|p1b: Whimsicott|Whimsicott, L50, M|100/100\n|turn|6\n|\n|t:|1776651306\n|move|p2b: Whimsicott|Taunt|p1b: Whimsicott\n|-start|p1b: Whimsicott|move: Taunt\n|cant|p1b: Whimsicott|move: Taunt|Encore\n|move|p2a: Excadrill|Swords Dance|p2a: Excadrill\n|-boost|p2a: Excadrill|atk|2\n|move|p1a: Aggron|Iron Defense|p1a: Aggron\n|-boost|p1a: Aggron|def|0\n|\n|-weather|none\n|upkeep\n|turn|7\n|inactive|Mischievouz has 30 seconds left.\n|\n|t:|1776651332\n|move|p2a: Excadrill|Iron Head|p1b: Whimsicott\n|-supereffective|p1b: Whimsicott|1\n|-damage|p1b: Whimsicott|0 fnt\n|faint|p1b: Whimsicott\n|move|p2b: Whimsicott|Dazzling Gleam|p1a: Aggron\n|-resisted|p1a: Aggron|1\n|-damage|p1a: Aggron|61/100\n|move|p1a: Aggron|Iron Defense|p1a: Aggron\n|-boost|p1a: Aggron|def|0\n|\n|-end|p1a: Aggron|Encore\n|-sideend|p2: Mischievouz|move: Tailwind\n|upkeep\n|turn|8\n|\n|t:|1776651349\n|move|p2b: Whimsicott|Encore|p1a: Aggron\n|-start|p1a: Aggron|Encore\n|move|p1a: Aggron|Iron Defense|p1a: Aggron\n|-boost|p1a: Aggron|def|0\n|move|p2a: Excadrill|Earthquake|p1a: Aggron|[spread] p2b,p1a\n|-resisted|p2b: Whimsicott|1\n|-supereffective|p1a: Aggron|1\n|-damage|p2b: Whimsicott|0 fnt\n|-damage|p1a: Aggron|34/100\n|faint|p2b: Whimsicott\n|\n|upkeep\n|\n|t:|1776651356\n|switch|p2b: Froslass|Froslass-Mega, L50, F, shiny|94/100\n|-weather|Snowscape|[from] ability: Snow Warning|[of] p2b: Froslass\n|turn|9\n|\n|t:|1776651362\n|move|p2b: Froslass|Shadow Ball|p1a: Aggron\n|-damage|p1a: Aggron|0 fnt\n|faint|p1a: Aggron\n|\n|win|Mischievouz\n|raw|nmq0901's rating: 1076 &rarr; <strong>1055</strong><br />(-21 for losing)\n|raw|Mischievouz's rating: 1076 &rarr; <strong>1105</strong><br />(+29 for winning)\n|l|\u2606nmq0901\n|player|p1|\n",
  "uploadtime": 1776651368,
  "views": 4,
  "formatid": "gen9championsvgc2026regma",
  "rating": 1055,
  "private": 0,
  "password": null
}