{
  "id": "gen9championsvgc2026regma-2582533693",
  "format": "[Gen 9 Champions] VGC 2026 Reg M-A",
  "players": [
    "Beestingaa",
    "lilchikn"
  ],
  "log": "|j|\u2606Beestingaa\n|j|\u2606lilchikn\n|t:|1776097766\n|gametype|doubles\n|player|p1|Beestingaa|170|1063\n|player|p2|lilchikn|101|1093\n|gen|9\n|tier|[Gen 9 Champions] VGC 2026 Reg M-A\n|rated|\n|rule|Species Clause: Limit one of each Pok\u00e9mon\n|rule|Item Clause: Limit 1 of each item\n|clearpoke\n|poke|p1|Froslass, L50, F|\n|poke|p1|Milotic, L50, F|\n|poke|p1|Garchomp, L50, M|\n|poke|p1|Zoroark-Hisui, L50, F|\n|poke|p1|Incineroar, L50, F|\n|poke|p1|Meowscarada, L50, M|\n|poke|p2|Scovillain, L50, M|\n|poke|p2|Dragapult, L50, M|\n|poke|p2|Quaquaval, L50, M|\n|poke|p2|Scizor, L50, F|\n|poke|p2|Incineroar, L50, M|\n|poke|p2|Gallade, L50, M|\n|teampreview|4\n|inactive|Battle timer is ON: inactive players will automatically lose when time's up. (requested by lilchikn)\n|inactive|Beestingaa has 60 seconds left.\n|inactive|Beestingaa has 30 seconds left.\n|\n|t:|1776097831\n|teamsize|p1|4\n|teamsize|p2|4\n|start\n|switch|p1a: Incineroar|Incineroar, L50, F|100/100\n|switch|p1b: Meowscarada|Meowscarada, L50, M|100/100\n|switch|p2a: Scovillain|Scovillain, L50, M|100/100\n|switch|p2b: Dragapult|Dragapult, L50, M|100/100\n|-ability|p1a: Incineroar|Intimidate|boost\n|-unboost|p2a: Scovillain|atk|1\n|-fail|p2b: Dragapult|unboost|[from] ability: Clear Body|[of] p2b: Dragapult\n|turn|1\n|inactive|Beestingaa has 30 seconds left.\n|inactive|lilchikn has 30 seconds left.\n|inactive|Beestingaa has 20 seconds left.\n|inactive|Beestingaa has 15 seconds left.\n|inactive|Beestingaa has 10 seconds left.\n|\n|t:|1776097880\n|detailschange|p2a: Scovillain|Scovillain-Mega, L50, M\n|-mega|p2a: Scovillain|Scovillain|Scovillainite\n|move|p2a: Scovillain|Rage Powder|p2a: Scovillain\n|-singleturn|p2a: Scovillain|move: Rage Powder\n|move|p2b: Dragapult|Dragon Darts|p1a: Incineroar\n|-damage|p1a: Incineroar|78/100\n|-anim|p2b: Dragapult|Dragon Darts|p1b: Meowscarada\n|-damage|p1b: Meowscarada|36/100\n|replace|p1b: Zoroark|Zoroark-Hisui, L50, F\n|-end|p1b: Zoroark|Illusion\n|move|p1b: Zoroark|Shadow Ball|p2a: Scovillain\n|-damage|p2a: Scovillain|53/100\n|-status|p1b: Zoroark|brn|[from] ability: Spicy Spray|[of] p2a: Scovillain\n|move|p1a: Incineroar|Parting Shot|p2a: Scovillain\n|-unboost|p2a: Scovillain|atk|1\n|-unboost|p2a: Scovillain|spa|1\n|inactive|Beestingaa has 30 seconds left.\n|inactive|Beestingaa has 20 seconds left.\n|inactive|Beestingaa has 15 seconds left.\n|inactive|Beestingaa has 10 seconds left.\n|inactive|Beestingaa has 5 seconds left.\n|\n|t:|1776097935\n|switch|p1a: Froslass|Froslass, L50, F|100/100|[from] Parting Shot\n|\n|-damage|p1b: Zoroark|30/100 brn|[from] brn\n|upkeep\n|turn|2\n|inactive|Beestingaa has 30 seconds left.\n|inactive|Beestingaa has 20 seconds left.\n|\n|t:|1776097975\n|switch|p1b: Meowscarada|Meowscarada, L50, M|100/100\n|detailschange|p1a: Froslass|Froslass-Mega, L50, F\n|-mega|p1a: Froslass|Froslass|Froslassite\n|-weather|Snowscape|[from] ability: Snow Warning|[of] p1a: Froslass\n|move|p2b: Dragapult|Sucker Punch|p1a: Froslass\n|-supereffective|p1a: Froslass|1\n|-damage|p1a: Froslass|48/100\n|move|p1a: Froslass|Blizzard|p2a: Scovillain|[spread] p2a,p2b\n|-supereffective|p2b: Dragapult|1\n|-damage|p2a: Scovillain|0 fnt\n|-damage|p2b: Dragapult|0 fnt\n|-status|p1a: Froslass|brn|[from] ability: Spicy Spray|[of] p2a: Scovillain\n|faint|p2a: Scovillain\n|faint|p2b: Dragapult\n|\n|-weather|Snowscape|[upkeep]\n|-damage|p1a: Froslass|42/100 brn|[from] brn\n|upkeep\n|\n|t:|1776097987\n|switch|p2b: Quaquaval|Quaquaval, L50, M|100/100\n|switch|p2a: Incineroar|Incineroar, L50, M|100/100\n|-ability|p2a: Incineroar|Intimidate|boost\n|-unboost|p1a: Froslass|atk|1\n|-unboost|p1b: Meowscarada|atk|1\n|turn|3\n|inactive|Beestingaa has 30 seconds left.\n|inactive|Beestingaa has 20 seconds left.\n|\n|t:|1776098026\n|switch|p1b: Incineroar|Incineroar, L50, F|78/100\n|-ability|p1b: Incineroar|Intimidate|boost\n|-unboost|p2a: Incineroar|atk|1\n|-unboost|p2b: Quaquaval|atk|1\n|move|p2b: Quaquaval|Aqua Step|p1a: Froslass\n|-damage|p1a: Froslass|13/100 brn\n|-boost|p2b: Quaquaval|spe|1\n|move|p1a: Froslass|Aurora Veil|p1a: Froslass\n|-sidestart|p1: Beestingaa|move: Aurora Veil\n|move|p2a: Incineroar|Flare Blitz|p1b: Incineroar\n|-resisted|p1b: Incineroar|1\n|-damage|p1b: Incineroar|66/100\n|-damage|p2a: Incineroar|96/100|[from] Recoil\n|\n|-weather|Snowscape|[upkeep]\n|-damage|p1a: Froslass|7/100 brn|[from] brn\n|upkeep\n|turn|4\n|inactive|Beestingaa has 30 seconds left.\n|\n|t:|1776098059\n|move|p1b: Incineroar|Fake Out|p2b: Quaquaval\n|-damage|p2b: Quaquaval|86/100\n|cant|p2b: Quaquaval|flinch\n|move|p1a: Froslass|Shadow Ball|p2b: Quaquaval\n|-damage|p2b: Quaquaval|23/100\n|move|p2a: Incineroar|Darkest Lariat|p1a: Froslass\n|-supereffective|p1a: Froslass|1\n|-damage|p1a: Froslass|0 fnt\n|faint|p1a: Froslass\n|\n|-weather|Snowscape|[upkeep]\n|upkeep\n|\n|t:|1776098078\n|switch|p1a: Meowscarada|Meowscarada, L50, M|100/100\n|turn|5\n|inactive|Beestingaa has 30 seconds left.\n|inactive|Beestingaa has 20 seconds left.\n|\n|t:|1776098116\n|move|p2b: Quaquaval|Aqua Step|p1b: Incineroar\n|-supereffective|p1b: Incineroar|1\n|-damage|p1b: Incineroar|36/100\n|-boost|p2b: Quaquaval|spe|1\n|-enditem|p1b: Incineroar|Sitrus Berry|[eat]\n|-heal|p1b: Incineroar|60/100|[from] item: Sitrus Berry\n|move|p1a: Meowscarada|Play Rough|p2a: Incineroar\n|-start|p1a: Meowscarada|typechange|Fairy|[from] ability: Protean\n|-damage|p2a: Incineroar|41/100\n|-enditem|p2a: Incineroar|Sitrus Berry|[eat]\n|-heal|p2a: Incineroar|66/100|[from] item: Sitrus Berry\n|move|p2a: Incineroar|Flare Blitz|p1a: Meowscarada\n|-damage|p1a: Meowscarada|59/100\n|-damage|p2a: Incineroar|53/100|[from] Recoil\n|move|p1b: Incineroar|Snarl|p2a: Incineroar|[spread] p2a,p2b\n|-resisted|p2a: Incineroar|1\n|-resisted|p2b: Quaquaval|1\n|-damage|p2a: Incineroar|46/100\n|-damage|p2b: Quaquaval|15/100\n|-unboost|p2a: Incineroar|spa|1\n|-unboost|p2b: Quaquaval|spa|1\n|\n|-weather|Snowscape|[upkeep]\n|upkeep\n|turn|6\n|inactive|Beestingaa has 30 seconds left.\n|inactive|Beestingaa has 20 seconds left.\n|inactive|Beestingaa has 15 seconds left.\n|inactive|Beestingaa has 10 seconds left.\n|\n|t:|1776098165\n|switch|p1b: Incineroar|Incineroar, L50, F|30/100 brn\n|move|p2b: Quaquaval|Aqua Step|p1b: Incineroar\n|-damage|p1b: Incineroar|0 fnt\n|-boost|p2b: Quaquaval|spe|1\n|replace|p1b: Zoroark|Zoroark-Hisui, L50, F\n|-end|p1b: Zoroark|Illusion\n|faint|p1b: Zoroark\n|-ability|p2b: Quaquaval|Moxie|boost\n|-boost|p2b: Quaquaval|atk|1\n|move|p1a: Meowscarada|U-turn|p2b: Quaquaval\n|-resisted|p2b: Quaquaval|1\n|-damage|p2b: Quaquaval|0 fnt\n|faint|p2b: Quaquaval\n|\n|t:|1776098181\n|switch|p1a: Incineroar|Incineroar, L50, F|60/100|[from] U-turn\n|-ability|p1a: Incineroar|Intimidate|boost\n|-unboost|p2a: Incineroar|atk|1\n|move|p2a: Incineroar|Flare Blitz|p1a: Incineroar\n|-resisted|p1a: Incineroar|1\n|-damage|p1a: Incineroar|52/100\n|-damage|p2a: Incineroar|43/100|[from] Recoil\n|\n|-weather|none\n|upkeep\n|\n|t:|1776098191\n|switch|p1b: Meowscarada|Meowscarada, L50, M|59/100\n|turn|7\n|\n|t:|1776098202\n|move|p1a: Incineroar|Fake Out|p2a: Incineroar\n|-damage|p2a: Incineroar|32/100\n|move|p1b: Meowscarada|Play Rough|p2a: Incineroar|[miss]\n|-start|p1b: Meowscarada|typechange|Fairy|[from] ability: Protean\n|-miss|p1b: Meowscarada|p2a: Incineroar\n|cant|p2a: Incineroar|flinch\n|\n|-sideend|p1: Beestingaa|move: Aurora Veil\n|upkeep\n|turn|8\n|\n|t:|1776098220\n|move|p1b: Meowscarada|Play Rough|p2a: Incineroar\n|-damage|p2a: Incineroar|0 fnt\n|faint|p2a: Incineroar\n|\n|win|Beestingaa\n|raw|Beestingaa's rating: 1063 &rarr; <strong>1096</strong><br />(+33 for winning)\n|raw|lilchikn's rating: 1093 &rarr; <strong>1067</strong><br />(-26 for losing)\n|l|\u2606lilchikn\n|player|p2|\n|l|\u2606Beestingaa\n|player|p1|\n|j|\u2606Beestingaa\n|player|p1|Beestingaa|170|\n",
  "uploadtime": 1776098287,
  "views": 9,
  "formatid": "gen9championsvgc2026regma",
  "rating": 1067,
  "private": 0,
  "password": null
}