{
  "id": "gen9championsvgc2026regma-2587545016",
  "format": "[Gen 9 Champions] VGC 2026 Reg M-A",
  "players": [
    "uhhncertain",
    "Kawanohito"
  ],
  "log": "|j|\u2606uhhncertain\n|j|\u2606Kawanohito\n|t:|1776541001\n|gametype|doubles\n|player|p1|uhhncertain|plasmagrunt|1537\n|player|p2|Kawanohito|265|1568\n|gen|9\n|tier|[Gen 9 Champions] VGC 2026 Reg M-A\n|rated|\n|rule|Species Clause: Limit one of each Pok\u00e9mon\n|rule|Item Clause: Limit 1 of each item\n|clearpoke\n|poke|p1|Kingambit, L50, F, shiny|\n|poke|p1|Blastoise, L50, M|\n|poke|p1|Sinistcha, L50|\n|poke|p1|Farigiraf, L50, F|\n|poke|p1|Pelipper, L50, F|\n|poke|p1|Gallade, L50, M|\n|poke|p2|Slowbro, L50, M|\n|poke|p2|Incineroar, L50, F|\n|poke|p2|Sinistcha, L50|\n|poke|p2|Sneasler, L50, F|\n|poke|p2|Garchomp, L50, F|\n|poke|p2|Meowstic, L50, M|\n|teampreview|4\n|inactive|Battle timer is ON: inactive players will automatically lose when time's up. (requested by uhhncertain)\n|inactive|uhhncertain has 60 seconds left.\n|\n|t:|1776541035\n|teamsize|p1|4\n|teamsize|p2|4\n|start\n|switch|p1a: Gallade|Gallade, L50, M|100/100\n|switch|p1b: Pelipper|Pelipper, L50, F|100/100\n|switch|p2a: Slowbro|Slowbro, L50, M|100/100\n|switch|p2b: Sneasler|Sneasler, L50, F|100/100\n|-weather|RainDance|[from] ability: Drizzle|[of] p1b: Pelipper\n|turn|1\n|inactive|uhhncertain has 30 seconds left.\n|\n|t:|1776541067\n|detailschange|p1a: Gallade|Gallade-Mega, L50, M\n|-mega|p1a: Gallade|Gallade|Galladite\n|detailschange|p2a: Slowbro|Slowbro-Mega, L50, M\n|-mega|p2a: Slowbro|Slowbro|Slowbronite\n|move|p2b: Sneasler|Protect|p2b: Sneasler\n|-singleturn|p2b: Sneasler|Protect\n|move|p1b: Pelipper|Hurricane|p2a: Slowbro\n|-damage|p2a: Slowbro|64/100\n|move|p1a: Gallade|Psycho Cut|p2b: Sneasler\n|-activate|p2b: Sneasler|move: Protect\n|move|p2a: Slowbro|Amnesia|p2a: Slowbro\n|-boost|p2a: Slowbro|spd|2\n|\n|-weather|RainDance|[upkeep]\n|upkeep\n|turn|2\n|inactive|Kawanohito has 30 seconds left.\n|inactive|Kawanohito has 20 seconds left.\n|\n|t:|1776541107\n|switch|p2b: Garchomp|Garchomp, L50, F|100/100\n|move|p1b: Pelipper|Hurricane|p2b: Garchomp\n|-damage|p2b: Garchomp|52/100\n|move|p1a: Gallade|Sacred Sword|p2a: Slowbro\n|-resisted|p2a: Slowbro|1\n|-damage|p2a: Slowbro|50/100\n|move|p2a: Slowbro|Iron Defense|p2a: Slowbro\n|-boost|p2a: Slowbro|def|2\n|\n|-weather|RainDance|[upkeep]\n|upkeep\n|turn|3\n|inactive|uhhncertain has 30 seconds left.\n|inactive|Kawanohito has 30 seconds left.\n|inactive|Kawanohito has 20 seconds left.\n|inactive|Kawanohito has 15 seconds left.\n|inactive|Kawanohito has 10 seconds left.\n|\n|t:|1776541153\n|move|p2b: Garchomp|Rock Slide|p1b: Pelipper|[spread] p1a,p1b\n|-resisted|p1a: Gallade|1\n|-supereffective|p1b: Pelipper|1\n|-damage|p1a: Gallade|88/100\n|-damage|p1b: Pelipper|44/100\n|move|p1b: Pelipper|Hurricane|p2a: Slowbro\n|-damage|p2a: Slowbro|33/100\n|-start|p2a: Slowbro|confusion\n|move|p1a: Gallade|Sacred Sword|p2b: Garchomp\n|-damage|p2b: Garchomp|0 fnt\n|-damage|p1a: Gallade|75/100|[from] ability: Rough Skin|[of] p2b: Garchomp\n|faint|p2b: Garchomp\n|-activate|p2a: Slowbro|confusion\n|move|p2a: Slowbro|Slack Off|p2a: Slowbro\n|-heal|p2a: Slowbro|83/100\n|\n|-weather|RainDance|[upkeep]\n|upkeep\n|inactive|Kawanohito has 30 seconds left.\n|\n|t:|1776541180\n|switch|p2b: Sneasler|Sneasler, L50, F|100/100\n|turn|4\n|\n|t:|1776541200\n|move|p2b: Sneasler|Protect|p2b: Sneasler\n|-singleturn|p2b: Sneasler|Protect\n|move|p1b: Pelipper|Hurricane|p2b: Sneasler\n|-activate|p2b: Sneasler|move: Protect\n|move|p1a: Gallade|Sacred Sword|p2a: Slowbro\n|-resisted|p2a: Slowbro|1\n|-damage|p2a: Slowbro|68/100\n|-activate|p2a: Slowbro|confusion\n|move|p2a: Slowbro|Iron Defense|p2a: Slowbro\n|-boost|p2a: Slowbro|def|2\n|\n|-weather|RainDance|[upkeep]\n|upkeep\n|turn|5\n|\n|t:|1776541219\n|switch|p2b: Sinistcha|Sinistcha, L50|100/100\n|-heal|p2a: Slowbro|93/100|[from] ability: Hospitality|[of] p2b: Sinistcha\n|move|p1b: Pelipper|Hurricane|p2b: Sinistcha\n|-supereffective|p2b: Sinistcha|1\n|-damage|p2b: Sinistcha|22/100\n|move|p1a: Gallade|Sacred Sword|p2a: Slowbro\n|-resisted|p2a: Slowbro|1\n|-damage|p2a: Slowbro|77/100\n|-activate|p2a: Slowbro|confusion\n|-damage|p2a: Slowbro|76/100|[from] confusion\n|\n|-weather|none\n|-heal|p2b: Sinistcha|28/100|[from] item: Leftovers\n|upkeep\n|turn|6\n|\n|t:|1776541239\n|switch|p1b: Sinistcha|Sinistcha, L50|100/100\n|-heal|p1a: Gallade|100/100|[from] ability: Hospitality|[of] p1b: Sinistcha\n|move|p1a: Gallade|Psycho Cut|p2b: Sinistcha\n|-damage|p2b: Sinistcha|0 fnt\n|faint|p2b: Sinistcha\n|-end|p2a: Slowbro|confusion\n|move|p2a: Slowbro|Body Press|p1b: Sinistcha\n|-immune|p1b: Sinistcha\n|\n|upkeep\n|\n|t:|1776541249\n|switch|p2b: Sneasler|Sneasler, L50, F|100/100\n|turn|7\n|\n|t:|1776541264\n|move|p1b: Sinistcha|Rage Powder|p1b: Sinistcha\n|-singleturn|p1b: Sinistcha|move: Rage Powder\n|move|p2b: Sneasler|Toxic|p1b: Sinistcha\n|-status|p1b: Sinistcha|tox\n|move|p1a: Gallade|Psycho Cut|p2b: Sneasler\n|-supereffective|p2b: Sneasler|2\n|-enditem|p2b: Sneasler|Focus Sash\n|-damage|p2b: Sneasler|1/100\n|move|p2a: Slowbro|Amnesia|p2a: Slowbro\n|-boost|p2a: Slowbro|spd|2\n|\n|-damage|p1b: Sinistcha|94/100 tox|[from] psn\n|upkeep\n|turn|8\n|\n|t:|1776541280\n|move|p2b: Sneasler|Protect|p2b: Sneasler\n|-singleturn|p2b: Sneasler|Protect\n|move|p1a: Gallade|Sacred Sword|p2a: Slowbro\n|-resisted|p2a: Slowbro|1\n|-damage|p2a: Slowbro|60/100\n|move|p1b: Sinistcha|Matcha Gotcha|p2a: Slowbro|[spread] p2a\n|-activate|p2b: Sneasler|move: Protect\n|-supereffective|p2a: Slowbro|1\n|-damage|p2a: Slowbro|48/100\n|-heal|p1b: Sinistcha|100/100 tox|[from] drain|[of] p2a: Slowbro\n|move|p2a: Slowbro|Iron Defense|p2a: Slowbro\n|-boost|p2a: Slowbro|def|2\n|\n|-damage|p1b: Sinistcha|88/100 tox|[from] psn\n|upkeep\n|turn|9\n|j| Garderoar\n|\n|t:|1776541301\n|move|p1a: Gallade|Protect|p1a: Gallade\n|-singleturn|p1a: Gallade|Protect\n|move|p2b: Sneasler|Toxic|p1a: Gallade\n|-activate|p1a: Gallade|move: Protect\n|move|p1b: Sinistcha|Matcha Gotcha|p2b: Sneasler|[spread] p2a,p2b\n|-supereffective|p2a: Slowbro|1\n|-resisted|p2b: Sneasler|1\n|-damage|p2a: Slowbro|35/100\n|-heal|p1b: Sinistcha|95/100 tox|[from] drain|[of] p2a: Slowbro\n|-damage|p2b: Sneasler|0 fnt\n|-heal|p1b: Sinistcha|96/100 tox|[from] drain|[of] p2b: Sneasler\n|faint|p2b: Sneasler\n|move|p2a: Slowbro|Slack Off|p2a: Slowbro\n|-heal|p2a: Slowbro|85/100\n|\n|-damage|p1b: Sinistcha|77/100 tox|[from] psn\n|upkeep\n|turn|10\n|\n|t:|1776541319\n|move|p1b: Sinistcha|Rage Powder|p1b: Sinistcha\n|-singleturn|p1b: Sinistcha|move: Rage Powder\n|move|p1a: Gallade|Sacred Sword|p2a: Slowbro\n|-resisted|p2a: Slowbro|1\n|-damage|p2a: Slowbro|69/100\n|move|p2a: Slowbro|Amnesia|p2a: Slowbro\n|-boost|p2a: Slowbro|spd|2\n|\n|-damage|p1b: Sinistcha|53/100 tox|[from] psn\n|upkeep\n|turn|11\n|\n|t:|1776541329\n|move|p1b: Sinistcha|Rage Powder|p1b: Sinistcha\n|-singleturn|p1b: Sinistcha|move: Rage Powder\n|move|p1a: Gallade|Sacred Sword|p2a: Slowbro\n|-resisted|p2a: Slowbro|1\n|-damage|p2a: Slowbro|56/100\n|move|p2a: Slowbro|Slack Off|p2a: Slowbro\n|-heal|p2a: Slowbro|100/100\n|\n|-damage|p1b: Sinistcha|22/100 tox|[from] psn\n|upkeep\n|turn|12\n|\n|t:|1776541344\n|switch|p1b: Pelipper|Pelipper, L50, F|44/100\n|-weather|RainDance|[from] ability: Drizzle|[of] p1b: Pelipper\n|move|p1a: Gallade|Sacred Sword|p2a: Slowbro\n|-resisted|p2a: Slowbro|1\n|-damage|p2a: Slowbro|84/100\n|move|p2a: Slowbro|Body Press|p1a: Gallade\n|-resisted|p1a: Gallade|1\n|-damage|p1a: Gallade|32/100\n|\n|-weather|RainDance|[upkeep]\n|upkeep\n|turn|13\n|\n|t:|1776541365\n|move|p1b: Pelipper|Hurricane|p2a: Slowbro\n|-damage|p2a: Slowbro|75/100\n|-start|p2a: Slowbro|confusion\n|move|p1a: Gallade|Sacred Sword|p2a: Slowbro\n|-resisted|p2a: Slowbro|1\n|-damage|p2a: Slowbro|60/100\n|-activate|p2a: Slowbro|confusion\n|move|p2a: Slowbro|Body Press|p1a: Gallade\n|-resisted|p1a: Gallade|1\n|-damage|p1a: Gallade|0 fnt\n|faint|p1a: Gallade\n|\n|-weather|RainDance|[upkeep]\n|upkeep\n|\n|t:|1776541373\n|switch|p1a: Kingambit|Kingambit, L50, F, shiny|100/100\n|turn|14\n|\n|t:|1776541384\n|move|p1b: Pelipper|Hurricane|p2a: Slowbro\n|-damage|p2a: Slowbro|50/100\n|move|p1a: Kingambit|Kowtow Cleave|p2a: Slowbro\n|-supereffective|p2a: Slowbro|1\n|-damage|p2a: Slowbro|35/100\n|-end|p2a: Slowbro|confusion\n|move|p2a: Slowbro|Slack Off|p2a: Slowbro\n|-heal|p2a: Slowbro|85/100\n|\n|-weather|RainDance|[upkeep]\n|upkeep\n|turn|15\n|\n|t:|1776541396\n|move|p1a: Kingambit|Protect|p1a: Kingambit\n|-singleturn|p1a: Kingambit|Protect\n|move|p1b: Pelipper|Hurricane|p2a: Slowbro\n|-damage|p2a: Slowbro|75/100\n|move|p2a: Slowbro|Body Press|p1a: Kingambit\n|-activate|p1a: Kingambit|move: Protect\n|\n|-weather|RainDance|[upkeep]\n|upkeep\n|turn|16\n|\n|t:|1776541404\n|move|p1b: Pelipper|Hurricane|p2a: Slowbro\n|-damage|p2a: Slowbro|66/100\n|-start|p2a: Slowbro|confusion\n|move|p1a: Kingambit|Kowtow Cleave|p2a: Slowbro\n|-supereffective|p2a: Slowbro|1\n|-damage|p2a: Slowbro|51/100\n|-activate|p2a: Slowbro|confusion\n|move|p2a: Slowbro|Body Press|p1b: Pelipper\n|-resisted|p1b: Pelipper|1\n|-damage|p1b: Pelipper|0 fnt\n|faint|p1b: Pelipper\n|\n|-weather|none\n|upkeep\n|\n|t:|1776541413\n|switch|p1b: Sinistcha|Sinistcha, L50|22/100 tox\n|turn|17\n|\n|t:|1776541418\n|move|p1b: Sinistcha|Life Dew||[still]|[spread] p1a,p1b\n|-fail|p1a: Kingambit|heal\n|-heal|p1b: Sinistcha|47/100 tox\n|move|p1a: Kingambit|Kowtow Cleave|p2a: Slowbro\n|-supereffective|p2a: Slowbro|1\n|-damage|p2a: Slowbro|35/100\n|-activate|p2a: Slowbro|confusion\n|-damage|p2a: Slowbro|34/100|[from] confusion\n|\n|-damage|p1b: Sinistcha|41/100 tox|[from] psn\n|upkeep\n|turn|18\n|\n|t:|1776541430\n|move|p1b: Sinistcha|Matcha Gotcha|p2a: Slowbro\n|-supereffective|p2a: Slowbro|1\n|-damage|p2a: Slowbro|19/100\n|-heal|p1b: Sinistcha|49/100 tox|[from] drain|[of] p2a: Slowbro\n|move|p1a: Kingambit|Kowtow Cleave|p2a: Slowbro\n|-supereffective|p2a: Slowbro|1\n|-damage|p2a: Slowbro|4/100\n|-activate|p2a: Slowbro|confusion\n|move|p2a: Slowbro|Slack Off|p2a: Slowbro\n|-heal|p2a: Slowbro|54/100\n|\n|-damage|p1b: Sinistcha|37/100 tox|[from] psn\n|upkeep\n|turn|19\n|\n|t:|1776541444\n|move|p1b: Sinistcha|Rage Powder|p1b: Sinistcha\n|-singleturn|p1b: Sinistcha|move: Rage Powder\n|move|p1a: Kingambit|Kowtow Cleave|p2a: Slowbro\n|-supereffective|p2a: Slowbro|1\n|-damage|p2a: Slowbro|40/100\n|-end|p2a: Slowbro|confusion\n|move|p2a: Slowbro|Slack Off|p2a: Slowbro\n|-heal|p2a: Slowbro|90/100\n|\n|-damage|p1b: Sinistcha|18/100 tox|[from] psn\n|upkeep\n|turn|20\n|\n|t:|1776541458\n|move|p1b: Sinistcha|Matcha Gotcha|p2a: Slowbro\n|-supereffective|p2a: Slowbro|1\n|-damage|p2a: Slowbro|77/100\n|-heal|p1b: Sinistcha|26/100 tox|[from] drain|[of] p2a: Slowbro\n|-status|p2a: Slowbro|brn\n|move|p1a: Kingambit|Kowtow Cleave|p2a: Slowbro\n|-supereffective|p2a: Slowbro|1\n|-damage|p2a: Slowbro|61/100 brn\n|move|p2a: Slowbro|Body Press|p1a: Kingambit\n|-supereffective|p1a: Kingambit|2\n|-damage|p1a: Kingambit|0 fnt\n|faint|p1a: Kingambit\n|\n|-damage|p1b: Sinistcha|1/100 tox|[from] psn\n|-damage|p2a: Slowbro|55/100 brn|[from] brn\n|upkeep\n|turn|21\n|c|\u2606uhhncertain|gg\n|\n|t:|1776541473\n|move|p1b: Sinistcha|Matcha Gotcha|p2a: Slowbro\n|-supereffective|p2a: Slowbro|1\n|-damage|p2a: Slowbro|40/100 brn\n|-heal|p1b: Sinistcha|9/100 tox|[from] drain|[of] p2a: Slowbro\n|move|p2a: Slowbro|Slack Off|p2a: Slowbro\n|-heal|p2a: Slowbro|90/100 brn\n|\n|-damage|p1b: Sinistcha|0 fnt|[from] psn\n|faint|p1b: Sinistcha\n|\n|win|Kawanohito\n|raw|uhhncertain's rating: 1537 &rarr; <strong>1519</strong><br />(-18 for losing)\n|raw|Kawanohito's rating: 1568 &rarr; <strong>1586</strong><br />(+18 for winning)\n",
  "uploadtime": 1776541478,
  "views": 28,
  "formatid": "gen9championsvgc2026regma",
  "rating": 1519,
  "private": 0,
  "password": null
}