{
  "id": "gen9championsvgc2026regma-2584473518",
  "format": "[Gen 9 Champions] VGC 2026 Reg M-A",
  "players": [
    "joekstr",
    "Xelemental 4ever"
  ],
  "log": "|j|\u2606joekstr\n|j|\u2606Xelemental 4ever\n|t:|1776263237\n|gametype|doubles\n|player|p1|joekstr|infielder|1121\n|player|p2|Xelemental 4ever|169|1091\n|gen|9\n|tier|[Gen 9 Champions] VGC 2026 Reg M-A\n|rated|\n|rule|Species Clause: Limit one of each Pok\u00e9mon\n|rule|Item Clause: Limit 1 of each item\n|clearpoke\n|poke|p1|Emboar, L50, F|\n|poke|p1|Sinistcha, L50|\n|poke|p1|Slowbro-Galar, L50, M|\n|poke|p1|Farigiraf, L50, M|\n|poke|p1|Gyarados, L50, M|\n|poke|p1|Aerodactyl, L50, M|\n|poke|p2|Incineroar, L50, M|\n|poke|p2|Crabominable, L50, F|\n|poke|p2|Farigiraf, L50, F|\n|poke|p2|Torkoal, L50, F|\n|poke|p2|Sinistcha, L50|\n|poke|p2|Alakazam, L50, M|\n|teampreview|4\n|c|\u2606Xelemental 4ever|gl hf\n|\n|t:|1776263258\n|teamsize|p1|4\n|teamsize|p2|4\n|start\n|switch|p1a: Hagrid|Gyarados, L50, M, shiny|100/100\n|switch|p1b: Josefa|Emboar, L50, F|100/100\n|switch|p2a: Giveaway|Alakazam, L50, M|100/100\n|switch|p2b: Angry Rave|Crabominable, L50, F|100/100\n|-ability|p1a: Hagrid|Intimidate|boost\n|-fail|p2a: Giveaway|unboost|Attack|[from] ability: Inner Focus|[of] p2a: Giveaway\n|-fail|p2b: Angry Rave|unboost|Attack|[from] ability: Hyper Cutter|[of] p2b: Angry Rave\n|turn|1\n|\n|t:|1776263318\n|move|p2b: Angry Rave|Protect|p2b: Angry Rave\n|-singleturn|p2b: Angry Rave|Protect\n|move|p2a: Giveaway|Psychic|p1b: Josefa\n|-supereffective|p1b: Josefa|1\n|-damage|p1b: Josefa|0 fnt\n|faint|p1b: Josefa\n|move|p1a: Hagrid|Taunt|p2a: Giveaway\n|-start|p2a: Giveaway|move: Taunt\n|\n|upkeep\n|\n|t:|1776263327\n|switch|p1b: Hugh|Slowbro-Galar, L50, M|100/100\n|turn|2\n|\n|t:|1776263341\n|detailschange|p2b: Angry Rave|Crabominable-Mega, L50, F\n|-mega|p2b: Angry Rave|Crabominable|Crabominite\n|move|p2a: Giveaway|Psychic|p1a: Hagrid\n|-damage|p1a: Hagrid|58/100\n|move|p1a: Hagrid|Crunch|p2a: Giveaway\n|-supereffective|p2a: Giveaway|1\n|-enditem|p2a: Giveaway|Focus Sash\n|-damage|p2a: Giveaway|1/100\n|move|p2b: Angry Rave|Ice Hammer|p1b: Hugh\n|-damage|p1b: Hugh|28/100\n|-unboost|p2b: Angry Rave|spe|1\n|move|p1b: Hugh|Belly Drum||[still]\n|-fail|p1b: Hugh\n|\n|upkeep\n|turn|3\n|-activate|p1b: Hugh|ability: Quick Draw\n|\n|t:|1776263370\n|switch|p2a: Have a Tea|Sinistcha, L50|100/100\n|detailschange|p1a: Hagrid|Gyarados-Mega, L50, M, shiny\n|-mega|p1a: Hagrid|Gyarados|Gyaradosite\n|-ability|p1a: Hagrid|Mold Breaker\n|move|p1b: Hugh|Drain Punch|p2b: Angry Rave\n|-supereffective|p2b: Angry Rave|1\n|-damage|p2b: Angry Rave|64/100\n|-heal|p1b: Hugh|46/100|[from] drain|[of] p2b: Angry Rave\n|move|p1a: Hagrid|Dragon Dance|p1a: Hagrid\n|-boost|p1a: Hagrid|atk|1\n|-boost|p1a: Hagrid|spe|1\n|move|p2b: Angry Rave|Rock Slide|p1b: Hugh|[spread] \n|-miss|p2b: Angry Rave|p1a: Hagrid\n|-miss|p2b: Angry Rave|p1b: Hugh\n|\n|upkeep\n|turn|4\n|-activate|p1b: Hugh|ability: Quick Draw\n|\n|t:|1776263399\n|move|p2a: Have a Tea|Rage Powder|p2a: Have a Tea\n|-singleturn|p2a: Have a Tea|move: Rage Powder\n|move|p1b: Hugh|Zen Headbutt|p2a: Have a Tea\n|-damage|p2a: Have a Tea|73/100\n|move|p1a: Hagrid|Crunch|p2a: Have a Tea\n|-supereffective|p2a: Have a Tea|1\n|-damage|p2a: Have a Tea|0 fnt\n|faint|p2a: Have a Tea\n|move|p2b: Angry Rave|Drain Punch|p1a: Hagrid\n|-supereffective|p1a: Hagrid|1\n|-damage|p1a: Hagrid|0 fnt\n|-heal|p2b: Angry Rave|93/100|[from] drain|[of] p1a: Hagrid\n|faint|p1a: Hagrid\n|\n|upkeep\n|\n|t:|1776263414\n|switch|p1a: Ahcahctam|Sinistcha, L50|100/100\n|switch|p2a: Giveaway|Alakazam, L50, M|1/100\n|-heal|p1b: Hugh|71/100|[from] ability: Hospitality|[of] p1a: Ahcahctam\n|turn|5\n|\n|t:|1776263423\n|move|p2a: Giveaway|Speed Swap|p2b: Angry Rave\n|-activate|p2a: Giveaway|move: Speed Swap|[of] p2b: Angry Rave\n|move|p2b: Angry Rave|Ice Hammer|p1b: Hugh\n|-damage|p1b: Hugh|0 fnt\n|-unboost|p2b: Angry Rave|spe|1\n|faint|p1b: Hugh\n|move|p1a: Ahcahctam|Matcha Gotcha|p2a: Giveaway|[spread] p2a,p2b\n|-damage|p2a: Giveaway|0 fnt\n|-damage|p2b: Angry Rave|74/100\n|-status|p2b: Angry Rave|brn\n|faint|p2a: Giveaway\n|\n|-damage|p2b: Angry Rave|68/100 brn|[from] brn\n|upkeep\n|\n|t:|1776263436\n|switch|p2a: Torkoal|Torkoal, L50, F|100/100\n|-weather|SunnyDay|[from] ability: Drought|[of] p2a: Torkoal\n|turn|6\n|\n|t:|1776263440\n|move|p2b: Angry Rave|Ice Hammer|p1a: Ahcahctam\n|-supereffective|p1a: Ahcahctam|1\n|-crit|p1a: Ahcahctam\n|-damage|p1a: Ahcahctam|0 fnt\n|-unboost|p2b: Angry Rave|spe|1\n|faint|p1a: Ahcahctam\n|\n|win|Xelemental 4ever\n|raw|joekstr's rating: 1121 &rarr; <strong>1094</strong><br />(-27 for losing)\n|raw|Xelemental 4ever's rating: 1091 &rarr; <strong>1120</strong><br />(+29 for winning)\n|c|\u2606Xelemental 4ever|gg\n|l|\u2606joekstr\n|player|p1|\n",
  "uploadtime": 1776263494,
  "views": 24,
  "formatid": "gen9championsvgc2026regma",
  "rating": 1094,
  "private": 0,
  "password": null
}