{
  "id": "gen9championsvgc2026regma-2588690411",
  "format": "[Gen 9 Champions] VGC 2026 Reg M-A",
  "players": [
    "escolastico2003",
    "magato123"
  ],
  "log": "|j|\u2606escolastico2003\n|j|\u2606magato123\n|t:|1776658141\n|gametype|doubles\n|player|p1|escolastico2003|marlon|1093\n|player|p2|magato123|turo-ai|1003\n|gen|9\n|tier|[Gen 9 Champions] VGC 2026 Reg M-A\n|rated|\n|rule|Species Clause: Limit one of each Pok\u00e9mon\n|rule|Item Clause: Limit 1 of each item\n|clearpoke\n|poke|p1|Venusaur, L50, F, shiny|\n|poke|p1|Charizard, L50, M, shiny|\n|poke|p1|Whimsicott, L50, M, shiny|\n|poke|p1|Incineroar, L50, M, shiny|\n|poke|p1|Rotom-Wash, L50, shiny|\n|poke|p1|Garchomp, L50, F|\n|poke|p2|Gengar, L50, F|\n|poke|p2|Garchomp, L50, F|\n|poke|p2|Basculegion, L50, M|\n|poke|p2|Clefable, L50, M|\n|poke|p2|Sneasler, L50, M|\n|poke|p2|Sableye, L50, M|\n|teampreview|4\n|inactive|Battle timer is ON: inactive players will automatically lose when time's up. (requested by magato123)\nmagato123 rejected open team sheets.\n|inactive|escolastico2003 has 60 seconds left.\n|\n|t:|1776658192\n|teamsize|p1|4\n|teamsize|p2|4\n|start\n|switch|p1a: Garchomp|Garchomp, L50, F|100/100\n|switch|p1b: Venusaur|Venusaur, L50, F, shiny|100/100\n|switch|p2a: Clefable|Clefable, L50, M|100/100\n|switch|p2b: Garchomp|Garchomp, L50, F|100/100\n|turn|1\n|inactive|escolastico2003 has 30 seconds left.\n|inactive|escolastico2003 has 20 seconds left.\n|\n|t:|1776658229\n|detailschange|p2b: Garchomp|Garchomp-Mega, L50, F\n|-mega|p2b: Garchomp|Garchomp|Garchompite\n|move|p1b: Venusaur|Protect|p1b: Venusaur\n|-singleturn|p1b: Venusaur|Protect\n|move|p1a: Garchomp|Iron Head|p2a: Clefable\n|-supereffective|p2a: Clefable|1\n|-damage|p2a: Clefable|47/100\n|move|p2b: Garchomp|Dragon Rush|p1a: Garchomp\n|-supereffective|p1a: Garchomp|1\n|-damage|p1a: Garchomp|0 fnt\n|-damage|p2b: Garchomp|88/100|[from] ability: Rough Skin|[of] p1a: Garchomp\n|faint|p1a: Garchomp\n|move|p2a: Clefable|Icy Wind|p1b: Venusaur\n|-activate|p1b: Venusaur|move: Protect\n|\n|-heal|p2a: Clefable|53/100|[from] item: Leftovers\n|upkeep\n|j| SADATO69\n|\n|t:|1776658246\n|switch|p1a: Incineroar|Incineroar, L50, M, shiny|100/100\n|-ability|p1a: Incineroar|Intimidate|boost\n|-unboost|p2a: Clefable|atk|1\n|-unboost|p2b: Garchomp|atk|1\n|turn|2\n|\n|t:|1776658269\n|detailschange|p1b: Venusaur|Venusaur-Mega, L50, F, shiny\n|-mega|p1b: Venusaur|Venusaur|Venusaurite\n|move|p1a: Incineroar|Fake Out|p2b: Garchomp\n|-damage|p2b: Garchomp|78/100\n|move|p2a: Clefable|Follow Me|p2a: Clefable\n|-singleturn|p2a: Clefable|move: Follow Me\n|cant|p2b: Garchomp|flinch\n|move|p1b: Venusaur|Sludge Bomb|p2a: Clefable\n|-supereffective|p2a: Clefable|1\n|-damage|p2a: Clefable|0 fnt\n|faint|p2a: Clefable\n|\n|upkeep\n|\n|t:|1776658270\n|switch|p2a: Sneasler|Sneasler, L50, M|100/100\n|turn|3\n|inactive|escolastico2003 has 30 seconds left.\n|inactive|escolastico2003 has 20 seconds left.\n|\n|t:|1776658308\n|switch|p1a: Rotom|Rotom-Wash, L50, shiny|100/100\n|move|p1b: Venusaur|Protect|p1b: Venusaur\n|-singleturn|p1b: Venusaur|Protect\n|move|p2a: Sneasler|Close Combat|p1b: Venusaur\n|-activate|p1b: Venusaur|move: Protect\n|move|p2b: Garchomp|Earthquake|p1b: Venusaur|[spread] p2a\n|-activate|p1b: Venusaur|move: Protect\n|-immune|p1a: Rotom|[from] ability: Levitate\n|-supereffective|p2a: Sneasler|1\n|-enditem|p2a: Sneasler|Focus Sash\n|-damage|p2a: Sneasler|1/100\n|\n|upkeep\n|turn|4\n|inactive|escolastico2003 has 30 seconds left.\n|inactive|escolastico2003 has 20 seconds left.\n|inactive|escolastico2003 has 15 seconds left.\n|inactive|escolastico2003 has 10 seconds left.\n|\n|t:|1776658356\n|move|p2a: Sneasler|Close Combat|p1b: Venusaur\n|-resisted|p1b: Venusaur|1\n|-damage|p1b: Venusaur|74/100\n|-unboost|p2a: Sneasler|def|1\n|-unboost|p2a: Sneasler|spd|1\n|move|p2b: Garchomp|Earthquake|p1b: Venusaur|[spread] p2a,p1b\n|-immune|p1a: Rotom|[from] ability: Levitate\n|-supereffective|p2a: Sneasler|1\n|-damage|p2a: Sneasler|0 fnt\n|-damage|p1b: Venusaur|47/100\n|faint|p2a: Sneasler\n|move|p1b: Venusaur|Giga Drain|p2b: Garchomp\n|-damage|p2b: Garchomp|42/100\n|-heal|p1b: Venusaur|67/100|[from] drain|[of] p2b: Garchomp\n|move|p1a: Rotom|Will-O-Wisp|p2b: Garchomp\n|-status|p2b: Garchomp|brn\n|\n|-damage|p2b: Garchomp|36/100 brn|[from] brn\n|upkeep\n|\n|t:|1776658357\n|switch|p2a: Basculegion|Basculegion, L50, M|100/100\n|turn|5\n|inactive|escolastico2003 has 30 seconds left.\n|\n|t:|1776658386\n|switch|p1b: Incineroar|Incineroar, L50, M, shiny|100/100\n|-ability|p1b: Incineroar|Intimidate|boost\n|-unboost|p2a: Basculegion|atk|1\n|-unboost|p2b: Garchomp|atk|1\n|move|p2a: Basculegion|Last Respects|p1b: Incineroar\n|-resisted|p1b: Incineroar|1\n|-damage|p1b: Incineroar|66/100\n|move|p2b: Garchomp|Earthquake|p1b: Incineroar|[spread] p2a,p1b\n|-immune|p1a: Rotom|[from] ability: Levitate\n|-crit|p2a: Basculegion\n|-supereffective|p1b: Incineroar|1\n|-damage|p2a: Basculegion|56/100\n|-damage|p1b: Incineroar|44/100\n|-enditem|p1b: Incineroar|Sitrus Berry|[eat]\n|-heal|p1b: Incineroar|69/100|[from] item: Sitrus Berry\n|move|p1a: Rotom|Will-O-Wisp|p2a: Basculegion\n|-status|p2a: Basculegion|brn\n|\n|-damage|p2a: Basculegion|50/100 brn|[from] brn\n|-damage|p2b: Garchomp|29/100 brn|[from] brn\n|upkeep\n|turn|6\n|inactive|escolastico2003 has 30 seconds left.\n|\n|t:|1776658413\n|move|p1b: Incineroar|Fake Out|p2b: Garchomp\n|-damage|p2b: Garchomp|20/100 brn\n|move|p2a: Basculegion|Last Respects|p1a: Rotom\n|-damage|p1a: Rotom|62/100\n|cant|p2b: Garchomp|flinch\n|move|p1a: Rotom|Thunderbolt|p2a: Basculegion\n|-supereffective|p2a: Basculegion|1\n|-damage|p2a: Basculegion|0 fnt\n|faint|p2a: Basculegion\n|\n|-heal|p1a: Rotom|67/100|[from] item: Leftovers\n|-damage|p2b: Garchomp|14/100 brn|[from] brn\n|upkeep\n|turn|7\n|\n|t:|1776658433\n|move|p2b: Garchomp|Earthquake|p1b: Incineroar|[spread] p1b\n|-immune|p1a: Rotom|[from] ability: Levitate\n|-supereffective|p1b: Incineroar|1\n|-damage|p1b: Incineroar|46/100\n|move|p1a: Rotom|Hydro Pump|p2b: Garchomp\n|-damage|p2b: Garchomp|0 fnt\n|faint|p2b: Garchomp\n|\n|win|escolastico2003\n|raw|escolastico2003's rating: 1093 &rarr; <strong>1117</strong><br />(+24 for winning)\n|raw|magato123's rating: 1060 &rarr; <strong>1043</strong><br />(-17 for losing)\n",
  "uploadtime": 1776658433,
  "views": 4,
  "formatid": "gen9championsvgc2026regma",
  "rating": 1043,
  "private": 0,
  "password": null
}