{
  "id": "gen9championsvgc2026regma-2584019065",
  "format": "[Gen 9 Champions] VGC 2026 Reg M-A",
  "players": [
    "osa_lab",
    "CoolFrogGuyy"
  ],
  "log": "|j|\u2606osa_lab\n|j|\u2606CoolFrogGuyy\n|t:|1776217301\n|gametype|doubles\n|player|p1|osa_lab|2|1006\n|player|p2|CoolFrogGuyy|backpacker|1079\n|gen|9\n|tier|[Gen 9 Champions] VGC 2026 Reg M-A\n|rated|\n|rule|Species Clause: Limit one of each Pok\u00e9mon\n|rule|Item Clause: Limit 1 of each item\n|clearpoke\n|poke|p1|Kangaskhan, L50, F|\n|poke|p1|Milotic, L50, F|\n|poke|p1|Sinistcha, L50|\n|poke|p1|Incineroar, L50, M|\n|poke|p1|Corviknight, L50, M|\n|poke|p1|Kommo-o, L50, M|\n|poke|p2|Drampa, L50, M|\n|poke|p2|Farigiraf, L50, F|\n|poke|p2|Arcanine-Hisui, L50, M|\n|poke|p2|Whimsicott, L50, M|\n|poke|p2|Scizor, L50, M|\n|poke|p2|Milotic, L50, M|\n|teampreview|4\n|inactive|Battle timer is ON: inactive players will automatically lose when time's up. (requested by CoolFrogGuyy)\n|inactive|osa_lab has 60 seconds left.\n|inactive|CoolFrogGuyy has 60 seconds left.\n|\n|t:|1776217354\n|teamsize|p1|4\n|teamsize|p2|4\n|start\n|switch|p1a: Kangaskhan|Kangaskhan, L50, F|100/100\n|switch|p1b: Corviknight|Corviknight, L50, M|100/100\n|switch|p2a: Drampa|Drampa, L50, M|100/100\n|switch|p2b: Arcanine|Arcanine-Hisui, L50, M|100/100\n|-ability|p2b: Arcanine|Intimidate|boost\n|-fail|p1a: Kangaskhan|unboost|Attack|[from] ability: Scrappy|[of] p1a: Kangaskhan\n|-ability|p1b: Corviknight|Mirror Armor\n|-unboost|p2b: Arcanine|atk|1\n|turn|1\n|inactive|CoolFrogGuyy has 30 seconds left.\n|\n|t:|1776217382\n|switch|p2a: Farigiraf|Farigiraf, L50, F|100/100\n|move|p1a: Kangaskhan|Fake Out||[still]\n|cant|p2a: Farigiraf|ability: Armor Tail|Fake Out|[of] p1a: Kangaskhan\n|move|p2b: Arcanine|Rock Slide|p1a: Kangaskhan|[spread] p1a\n|-miss|p2b: Arcanine|p1b: Corviknight\n|-damage|p1a: Kangaskhan|78/100\n|move|p1b: Corviknight|Bulk Up|p1b: Corviknight\n|-boost|p1b: Corviknight|atk|1\n|-boost|p1b: Corviknight|def|1\n|\n|upkeep\n|turn|2\n|\n|t:|1776217398\n|switch|p1a: Milotic|Milotic, L50, F|100/100\n|move|p2b: Arcanine|Rock Slide|p1b: Corviknight|[spread] p1a,p1b\n|-damage|p1a: Milotic|84/100\n|-damage|p1b: Corviknight|90/100\n|cant|p1b: Corviknight|flinch\n|move|p2a: Farigiraf|Foul Play|p1b: Corviknight\n|-damage|p1b: Corviknight|74/100\n|\n|upkeep\n|turn|3\n|\n|t:|1776217414\n|move|p2b: Arcanine|Rock Slide|p1a: Milotic|[spread] p1b\n|-miss|p2b: Arcanine|p1a: Milotic\n|-damage|p1b: Corviknight|63/100\n|move|p1a: Milotic|Scald|p2b: Arcanine\n|-supereffective|p2b: Arcanine|2\n|-damage|p2b: Arcanine|0 fnt\n|faint|p2b: Arcanine\n|cant|p1b: Corviknight|flinch\n|move|p2a: Farigiraf|Psychic|p1a: Milotic\n|-damage|p1a: Milotic|57/100\n|-unboost|p1a: Milotic|spd|1\n|-ability|p1a: Milotic|Competitive|boost\n|-boost|p1a: Milotic|spa|2\n|\n|upkeep\n|\n|t:|1776217421\n|switch|p2b: Drampa|Drampa, L50, M|100/100\n|turn|4\n|\n|t:|1776217431\n|move|p1a: Milotic|Protect|p1a: Milotic\n|-singleturn|p1a: Milotic|Protect\n|move|p2b: Drampa|Protect|p2b: Drampa\n|-singleturn|p2b: Drampa|Protect\n|move|p1b: Corviknight|Roost|p1b: Corviknight\n|-heal|p1b: Corviknight|100/100\n|-singleturn|p1b: Corviknight|move: Roost\n|move|p2a: Farigiraf|Trick Room|p2a: Farigiraf\n|-fieldstart|move: Trick Room|[of] p2a: Farigiraf\n|\n|upkeep\n|turn|5\n|inactive|CoolFrogGuyy has 30 seconds left.\n|\n|t:|1776217458\n|switch|p1a: Sinistcha|Sinistcha, L50|100/100\n|detailschange|p2b: Drampa|Drampa-Mega, L50, M\n|-mega|p2b: Drampa|Drampa|Drampanite\n|move|p2a: Farigiraf|Psychic|p1a: Sinistcha\n|-damage|p1a: Sinistcha|58/100\n|move|p1b: Corviknight|Body Press|p2b: Drampa\n|-supereffective|p2b: Drampa|1\n|-damage|p2b: Drampa|31/100\n|-ability|p2b: Drampa|Berserk|boost\n|-boost|p2b: Drampa|spa|1\n|move|p2b: Drampa|Calm Mind|p2b: Drampa\n|-boost|p2b: Drampa|spa|1\n|-boost|p2b: Drampa|spd|1\n|\n|upkeep\n|turn|6\n|inactive|CoolFrogGuyy has 30 seconds left.\n|\n|t:|1776217488\n|switch|p1a: Kangaskhan|Kangaskhan, L50, F|78/100\n|move|p2b: Drampa|Protect|p2b: Drampa\n|-singleturn|p2b: Drampa|Protect\n|move|p2a: Farigiraf|Foul Play|p1a: Kangaskhan\n|-damage|p1a: Kangaskhan|48/100\n|move|p1b: Corviknight|Body Press|p2b: Drampa\n|-activate|p2b: Drampa|move: Protect\n|\n|upkeep\n|turn|7\n|\n|t:|1776217504\n|switch|p1a: Milotic|Milotic, L50, F|57/100\n|move|p2a: Farigiraf|Foul Play|p1b: Corviknight\n|-damage|p1b: Corviknight|83/100\n|move|p1b: Corviknight|Body Press|p2b: Drampa\n|-supereffective|p2b: Drampa|1\n|-damage|p2b: Drampa|0 fnt\n|faint|p2b: Drampa\n|\n|upkeep\n|\n|t:|1776217515\n|switch|p2b: Whimsicott|Whimsicott, L50, M|100/100\n|turn|8\n|inactive|CoolFrogGuyy has 30 seconds left.\n|inactive|osa_lab has 30 seconds left.\n|\n|t:|1776217549\n|move|p2b: Whimsicott|Encore|p1b: Corviknight\n|-start|p1b: Corviknight|Encore\n|move|p2a: Farigiraf|Psychic|p1a: Milotic\n|-damage|p1a: Milotic|28/100\n|-unboost|p1a: Milotic|spd|1\n|-ability|p1a: Milotic|Competitive|boost\n|-boost|p1a: Milotic|spa|2\n|move|p1b: Corviknight|Body Press|p2b: Whimsicott\n|-resisted|p2b: Whimsicott|1\n|-damage|p2b: Whimsicott|78/100\n|move|p1a: Milotic|Life Dew|p1a: Milotic|[spread] p1a,p1b\n|-heal|p1a: Milotic|53/100\n|-heal|p1b: Corviknight|100/100\n|\n|-fieldend|move: Trick Room\n|upkeep\n|turn|9\n|\n|t:|1776217567\n|move|p1a: Milotic|Protect|p1a: Milotic\n|-singleturn|p1a: Milotic|Protect\n|move|p2b: Whimsicott|Tailwind|p2b: Whimsicott\n|-sidestart|p2: CoolFrogGuyy|move: Tailwind\n|move|p2a: Farigiraf|Psychic|p1a: Milotic\n|-activate|p1a: Milotic|move: Protect\n|move|p1b: Corviknight|Body Press|p2a: Farigiraf\n|-damage|p2a: Farigiraf|72/100\n|\n|upkeep\n|turn|10\n|\n|t:|1776217583\n|switch|p1a: Kangaskhan|Kangaskhan, L50, F|48/100\n|move|p2b: Whimsicott|Moonblast|p1a: Kangaskhan\n|-damage|p1a: Kangaskhan|10/100\n|-unboost|p1a: Kangaskhan|spa|1\n|move|p2a: Farigiraf|Foul Play|p1b: Corviknight\n|-damage|p1b: Corviknight|84/100\n|move|p1b: Corviknight|Body Press|p2a: Farigiraf\n|-damage|p2a: Farigiraf|45/100\n|\n|-end|p1b: Corviknight|Encore\n|upkeep\n|turn|11\n|\n|t:|1776217599\n|switch|p1a: Sinistcha|Sinistcha, L50|58/100\n|-heal|p1b: Corviknight|100/100|[from] ability: Hospitality|[of] p1a: Sinistcha\n|move|p2a: Farigiraf|Protect|p2a: Farigiraf\n|-singleturn|p2a: Farigiraf|Protect\n|move|p2b: Whimsicott|Moonblast|p1b: Corviknight\n|-resisted|p1b: Corviknight|1\n|-damage|p1b: Corviknight|86/100\n|move|p1b: Corviknight|Brave Bird|p2a: Farigiraf\n|-activate|p2a: Farigiraf|move: Protect\n|\n|upkeep\n|turn|12\n|inactive|CoolFrogGuyy has 30 seconds left.\n|\n|t:|1776217630\n|move|p2b: Whimsicott|Moonblast|p1b: Corviknight\n|-resisted|p1b: Corviknight|1\n|-damage|p1b: Corviknight|72/100\n|move|p2a: Farigiraf|Foul Play|p1a: Sinistcha\n|-supereffective|p1a: Sinistcha|1\n|-damage|p1a: Sinistcha|39/100\n|-enditem|p1a: Sinistcha|Sitrus Berry|[eat]\n|-heal|p1a: Sinistcha|63/100|[from] item: Sitrus Berry\n|move|p1a: Sinistcha|Life Dew|p1a: Sinistcha|[spread] p1a,p1b\n|-heal|p1a: Sinistcha|89/100\n|-heal|p1b: Corviknight|97/100\n|move|p1b: Corviknight|Brave Bird|p2a: Farigiraf\n|-crit|p2a: Farigiraf\n|-damage|p2a: Farigiraf|0 fnt\n|faint|p2a: Farigiraf\n|-damage|p1b: Corviknight|83/100|[from] Recoil\n|\n|-sideend|p2: CoolFrogGuyy|move: Tailwind\n|upkeep\n|turn|13\n|-message|CoolFrogGuyy forfeited.\n|\n|win|osa_lab\n|raw|osa_lab's rating: 1006 &rarr; <strong>1053</strong><br />(+47 for winning)\n|raw|CoolFrogGuyy's rating: 1079 &rarr; <strong>1053</strong><br />(-26 for losing)\n",
  "uploadtime": 1776217635,
  "views": 14,
  "formatid": "gen9championsvgc2026regma",
  "rating": 1053,
  "private": 0,
  "password": null
}