{
  "id": "gen9championsvgc2026regma-2587269066",
  "format": "[Gen 9 Champions] VGC 2026 Reg M-A",
  "players": [
    "limejuice007",
    "xDOMPATOx"
  ],
  "log": "|j|\u2606limejuice007\n|j|\u2606xDOMPATOx\n|t:|1776516571\n|gametype|doubles\n|player|p1|limejuice007|li|1107\n|player|p2|xDOMPATOx|lucas-gen4pt|1120\n|gen|9\n|tier|[Gen 9 Champions] VGC 2026 Reg M-A\n|rated|\n|rule|Species Clause: Limit one of each Pok\u00e9mon\n|rule|Item Clause: Limit 1 of each item\n|clearpoke\n|poke|p1|Meganium, L50, M|\n|poke|p1|Archaludon, L50, M|\n|poke|p1|Aerodactyl, L50, F|\n|poke|p1|Typhlosion-Hisui, L50, M|\n|poke|p1|Tauros-Paldea-Aqua, L50, M|\n|poke|p1|Kangaskhan, L50, F|\n|poke|p2|Charizard, L50, M|\n|poke|p2|Venusaur, L50, M|\n|poke|p2|Incineroar, L50, M|\n|poke|p2|Sneasler, L50, M, shiny|\n|poke|p2|Basculegion, L50, M|\n|poke|p2|Garchomp, L50, M|\n|teampreview|4\n|j| AidzPlayz\n|\n|t:|1776516612\n|teamsize|p1|4\n|teamsize|p2|4\n|start\n|switch|p1a: Aerodactyl|Aerodactyl, L50, F|100/100\n|switch|p1b: Typhlosion|Typhlosion-Hisui, L50, M|100/100\n|switch|p2a: Charmito|Charizard, L50, M|100/100\n|switch|p2b: Incineroar|Incineroar, L50, M|100/100\n|-ability|p1a: Aerodactyl|Unnerve\n|-item|p2a: Charmito|Charizardite Y|[from] ability: Frisk|[of] p1b: Typhlosion\n|-item|p2b: Incineroar|Sitrus Berry|[from] ability: Frisk|[of] p1b: Typhlosion\n|-ability|p2b: Incineroar|Intimidate|boost\n|-unboost|p1a: Aerodactyl|atk|1\n|-unboost|p1b: Typhlosion|atk|1\n|turn|1\n|j| theabry\n|\n|t:|1776516637\n|switch|p1b: Tauros|Tauros-Paldea-Aqua, L50, M|100/100\n|-ability|p1b: Tauros|Intimidate|boost\n|-unboost|p2a: Charmito|atk|1\n|-unboost|p2b: Incineroar|atk|1\n|switch|p2a: Shark Boy|Garchomp, L50, M|100/100\n|move|p1a: Aerodactyl|Protect|p1a: Aerodactyl\n|-singleturn|p1a: Aerodactyl|Protect\n|move|p2b: Incineroar|Fake Out|p1a: Aerodactyl\n|-activate|p1a: Aerodactyl|move: Protect\n|\n|upkeep\n|turn|2\n|\n|t:|1776516670\n|switch|p1a: Meganium|Meganium, L50, M|100/100\n|move|p1b: Tauros|Wave Crash|p2a: Shark Boy\n|-damage|p2a: Shark Boy|54/100\n|-damage|p1b: Tauros|88/100|[from] ability: Rough Skin|[of] p2a: Shark Boy\n|-damage|p1b: Tauros|68/100|[from] Recoil\n|move|p2a: Shark Boy|Rock Slide|p1a: Meganium|[spread] p1a,p1b\n|-resisted|p1b: Tauros|1\n|-damage|p1a: Meganium|83/100\n|-damage|p1b: Tauros|56/100\n|move|p2b: Incineroar|Parting Shot|p1a: Meganium\n|-unboost|p1a: Meganium|atk|1\n|-unboost|p1a: Meganium|spa|1\n|\n|t:|1776516684\n|switch|p2b: Sneasler|Sneasler, L50, M, shiny|100/100|[from] Parting Shot\n|\n|upkeep\n|turn|3\n|\n|t:|1776516734\n|move|p1a: Meganium|Protect|p1a: Meganium\n|-singleturn|p1a: Meganium|Protect\n|move|p2b: Sneasler|Fake Out|p1a: Meganium\n|-activate|p1a: Meganium|move: Protect\n|move|p1b: Tauros|Wave Crash|p2a: Shark Boy\n|-damage|p2a: Shark Boy|6/100\n|-damage|p1b: Tauros|44/100|[from] ability: Rough Skin|[of] p2a: Shark Boy\n|-damage|p1b: Tauros|23/100|[from] Recoil\n|move|p2a: Shark Boy|Dragon Claw|p1b: Tauros\n|-damage|p1b: Tauros|0 fnt\n|faint|p1b: Tauros\n|\n|upkeep\n|\n|t:|1776516748\n|switch|p1b: Aerodactyl|Aerodactyl, L50, F|100/100\n|-ability|p1b: Aerodactyl|Unnerve\n|turn|4\n|\n|t:|1776516765\n|switch|p1a: Typhlosion|Typhlosion-Hisui, L50, M|100/100\n|-item|p2a: Shark Boy|Haban Berry|[from] ability: Frisk|[of] p1a: Typhlosion\n|-item|p2b: Sneasler|White Herb|[from] ability: Frisk|[of] p1a: Typhlosion\n|move|p1b: Aerodactyl|Tailwind|p1b: Aerodactyl\n|-sidestart|p1: limejuice007|move: Tailwind\n|move|p2b: Sneasler|Close Combat|p1b: Aerodactyl\n|-enditem|p1b: Aerodactyl|Focus Sash\n|-damage|p1b: Aerodactyl|1/100\n|-unboost|p2b: Sneasler|def|1\n|-unboost|p2b: Sneasler|spd|1\n|-enditem|p2b: Sneasler|White Herb\n|-clearnegativeboost|p2b: Sneasler|[silent]\n|move|p2a: Shark Boy|Rock Slide|p1b: Aerodactyl|[spread] p1a,p1b\n|-supereffective|p1a: Typhlosion|1\n|-supereffective|p1b: Aerodactyl|1\n|-damage|p1a: Typhlosion|48/100\n|-damage|p1b: Aerodactyl|0 fnt\n|faint|p1b: Aerodactyl\n|\n|upkeep\n|\n|t:|1776516780\n|switch|p1b: Meganium|Meganium, L50, M|83/100\n|turn|5\n|\n|t:|1776516812\n|detailschange|p1b: Meganium|Meganium-Mega, L50, M\n|-mega|p1b: Meganium|Meganium|Meganiumite\n|move|p1a: Typhlosion|Heat Wave|p2a: Shark Boy|[spread] p2a,p2b\n|-resisted|p2a: Shark Boy|1\n|-damage|p2a: Shark Boy|0 fnt\n|-damage|p2b: Sneasler|57/100\n|faint|p2a: Shark Boy\n|move|p2b: Sneasler|Dire Claw|p1b: Meganium\n|-supereffective|p1b: Meganium|2\n|-damage|p1b: Meganium|0 fnt\n|faint|p1b: Meganium\n|\n|upkeep\n|\n|t:|1776516824\n|switch|p2a: Incineroar|Incineroar, L50, M|100/100\n|-ability|p2a: Incineroar|Intimidate|boost\n|-unboost|p1a: Typhlosion|atk|1\n|turn|6\n|\n|t:|1776516831\n|move|p1a: Typhlosion|Heat Wave|p2b: Sneasler|[spread] p2a,p2b\n|-resisted|p2a: Incineroar|1\n|-damage|p2a: Incineroar|84/100\n|-damage|p2b: Sneasler|11/100\n|move|p2b: Sneasler|Dire Claw|p1a: Typhlosion\n|-resisted|p1a: Typhlosion|1\n|-damage|p1a: Typhlosion|14/100\n|move|p2a: Incineroar|Darkest Lariat|p1a: Typhlosion\n|-supereffective|p1a: Typhlosion|1\n|-damage|p1a: Typhlosion|0 fnt\n|faint|p1a: Typhlosion\n|\n|win|xDOMPATOx\n|raw|limejuice007's rating: 1107 &rarr; <strong>1083</strong><br />(-24 for losing)\n|raw|xDOMPATOx's rating: 1120 &rarr; <strong>1144</strong><br />(+24 for winning)\n",
  "uploadtime": 1776516831,
  "views": 15,
  "formatid": "gen9championsvgc2026regma",
  "rating": 1083,
  "private": 0,
  "password": null
}