{
  "id": "gen9championsvgc2026regma-2586910085",
  "format": "[Gen 9 Champions] VGC 2026 Reg M-A",
  "players": [
    "itshacobo",
    "Gear5th"
  ],
  "log": "|j|\u2606itshacobo\n|j|\u2606Gear5th\n|t:|1776470900\n|gametype|doubles\n|player|p1|itshacobo|266|1089\n|player|p2|Gear5th|palmer|1177\n|gen|9\n|tier|[Gen 9 Champions] VGC 2026 Reg M-A\n|rated|\n|rule|Species Clause: Limit one of each Pok\u00e9mon\n|rule|Item Clause: Limit 1 of each item\n|clearpoke\n|poke|p1|Tyranitar, L50, F|\n|poke|p1|Excadrill, L50, M|\n|poke|p1|Primarina, L50, F|\n|poke|p1|Corviknight, L50, F|\n|poke|p1|Incineroar, L50, M|\n|poke|p1|Sinistcha, L50|\n|poke|p2|Tyranitar, L50, F|\n|poke|p2|Corviknight, L50, M|\n|poke|p2|Primarina, L50, F|\n|poke|p2|Excadrill, L50, M|\n|poke|p2|Sinistcha, L50|\n|poke|p2|Incineroar, L50, M|\n|teampreview|4\n|c|\u2606Gear5th|Lol\n|inactive|Battle timer is ON: inactive players will automatically lose when time's up. (requested by Gear5th)\n|\n|t:|1776470940\n|teamsize|p1|4\n|teamsize|p2|4\n|start\n|switch|p1a: Corviknight|Corviknight, L50, F|100/100\n|switch|p1b: Primarina|Primarina, L50, F|100/100\n|switch|p2a: Primarina|Primarina, L50, F|100/100\n|switch|p2b: Excadrill|Excadrill, L50, M|100/100\n|turn|1\n|\n|t:|1776470953\n|move|p2b: Excadrill|Iron Head|p1b: Primarina\n|-damage|p1b: Primarina|32/100\n|move|p1b: Primarina|Hyper Voice|p2a: Primarina|[spread] p2a,p2b\n|-resisted|p2a: Primarina|1\n|-supereffective|p2b: Excadrill|1\n|-damage|p2a: Primarina|87/100\n|-damage|p2b: Excadrill|6/100\n|move|p2a: Primarina|Hyper Voice|p1a: Corviknight|[spread] p1a,p1b\n|-resisted|p1b: Primarina|1\n|-damage|p1a: Corviknight|63/100\n|-damage|p1b: Primarina|16/100\n|move|p1a: Corviknight|Tailwind|p1a: Corviknight\n|-sidestart|p1: itshacobo|move: Tailwind\n|\n|-heal|p1a: Corviknight|69/100|[from] item: Leftovers\n|upkeep\n|turn|2\n|inactive|itshacobo has 30 seconds left.\n|\n|t:|1776470983\n|move|p1b: Primarina|Hyper Voice|p2b: Excadrill|[spread] p2a,p2b\n|-resisted|p2a: Primarina|1\n|-supereffective|p2b: Excadrill|1\n|-damage|p2a: Primarina|71/100\n|-damage|p2b: Excadrill|0 fnt\n|faint|p2b: Excadrill\n|move|p1a: Corviknight|Bulk Up|p1a: Corviknight\n|-boost|p1a: Corviknight|atk|1\n|-boost|p1a: Corviknight|def|1\n|move|p2a: Primarina|Moonblast|p1b: Primarina\n|-damage|p1b: Primarina|0 fnt\n|faint|p1b: Primarina\n|\n|-heal|p1a: Corviknight|75/100|[from] item: Leftovers\n|upkeep\n|\n|t:|1776471004\n|switch|p2b: Corviknight|Corviknight, L50, M|100/100\n|switch|p1b: Tyranitar|Tyranitar, L50, F|100/100\n|-weather|Sandstorm|[from] ability: Sand Stream|[of] p1b: Tyranitar\n|turn|3\n|\n|t:|1776471028\n|detailschange|p1b: Tyranitar|Tyranitar-Mega, L50, F\n|-mega|p1b: Tyranitar|Tyranitar|Tyranitarite\n|move|p1b: Tyranitar|Rock Slide|p2b: Corviknight|[spread] p2a,p2b\n|-damage|p2a: Primarina|31/100\n|-damage|p2b: Corviknight|73/100\n|move|p1a: Corviknight|Brave Bird|p2a: Primarina\n|-damage|p2a: Primarina|0 fnt\n|faint|p2a: Primarina\n|-damage|p1a: Corviknight|67/100|[from] Recoil\n|move|p2b: Corviknight|Bulk Up|p2b: Corviknight\n|-boost|p2b: Corviknight|atk|1\n|-boost|p2b: Corviknight|def|1\n|\n|-weather|Sandstorm|[upkeep]\n|-heal|p1a: Corviknight|73/100|[from] item: Leftovers\n|-heal|p2b: Corviknight|78/100|[from] item: Leftovers\n|upkeep\n|\n|t:|1776471037\n|switch|p2a: Incineroar|Incineroar, L50, M|100/100\n|-ability|p2a: Incineroar|Intimidate|boost\n|-ability|p1a: Corviknight|Mirror Armor\n|-unboost|p2a: Incineroar|atk|1\n|-unboost|p1b: Tyranitar|atk|1\n|turn|4\n|inactive|itshacobo has 30 seconds left.\n|inactive|itshacobo has 20 seconds left.\n|inactive|itshacobo has 15 seconds left.\n|\n|t:|1776471077\n|move|p2a: Incineroar|Fake Out|p1b: Tyranitar\n|-resisted|p1b: Tyranitar|1\n|-damage|p1b: Tyranitar|99/100\n|cant|p1b: Tyranitar|flinch\n|move|p1a: Corviknight|Brave Bird|p2a: Incineroar\n|-damage|p2a: Incineroar|50/100\n|-damage|p1a: Corviknight|56/100|[from] Recoil\n|move|p2b: Corviknight|Bulk Up|p2b: Corviknight\n|-boost|p2b: Corviknight|atk|1\n|-boost|p2b: Corviknight|def|1\n|\n|-weather|Sandstorm|[upkeep]\n|-damage|p2a: Incineroar|44/100|[from] Sandstorm\n|-heal|p1a: Corviknight|62/100|[from] item: Leftovers\n|-heal|p2b: Corviknight|84/100|[from] item: Leftovers\n|-sideend|p1: itshacobo|move: Tailwind\n|upkeep\n|turn|5\n|\n|t:|1776471099\n|move|p1b: Tyranitar|Rock Slide|p2a: Incineroar|[spread] p2a,p2b\n|-supereffective|p2a: Incineroar|1\n|-damage|p2a: Incineroar|5/100\n|-damage|p2b: Corviknight|74/100\n|move|p2b: Corviknight|Bulk Up|p2b: Corviknight\n|-boost|p2b: Corviknight|atk|1\n|-boost|p2b: Corviknight|def|1\n|move|p1a: Corviknight|Brave Bird|p2a: Incineroar\n|-damage|p2a: Incineroar|0 fnt\n|faint|p2a: Incineroar\n|-damage|p1a: Corviknight|60/100|[from] Recoil\n|\n|-weather|Sandstorm|[upkeep]\n|-heal|p2b: Corviknight|80/100|[from] item: Leftovers\n|-heal|p1a: Corviknight|66/100|[from] item: Leftovers\n|upkeep\n|turn|6\n|\n|t:|1776471122\n|move|p1b: Tyranitar|Crunch|p2b: Corviknight\n|-damage|p2b: Corviknight|68/100\n|move|p2b: Corviknight|Bulk Up|p2b: Corviknight\n|-boost|p2b: Corviknight|atk|1\n|-boost|p2b: Corviknight|def|1\n|move|p1a: Corviknight|Tailwind|p1a: Corviknight\n|-sidestart|p1: itshacobo|move: Tailwind\n|\n|-weather|Sandstorm|[upkeep]\n|-heal|p1a: Corviknight|72/100|[from] item: Leftovers\n|-heal|p2b: Corviknight|74/100|[from] item: Leftovers\n|upkeep\n|turn|7\n|\n|t:|1776471137\n|switch|p1a: Incineroar|Incineroar, L50, M|100/100\n|-ability|p1a: Incineroar|Intimidate|boost\n|-ability|p2b: Corviknight|Mirror Armor\n|-unboost|p1a: Incineroar|atk|1\n|move|p1b: Tyranitar|Low Kick|p2b: Corviknight\n|-damage|p2b: Corviknight|68/100\n|move|p2b: Corviknight|Bulk Up|p2b: Corviknight\n|-boost|p2b: Corviknight|atk|1\n|-boost|p2b: Corviknight|def|1\n|\n|-weather|none\n|-heal|p2b: Corviknight|74/100|[from] item: Leftovers\n|upkeep\n|turn|8\n|inactive|itshacobo has 30 seconds left.\n|\n|t:|1776471165\n|move|p1b: Tyranitar|Crunch|p2b: Corviknight\n|-damage|p2b: Corviknight|66/100\n|-ability|p2b: Corviknight|Mirror Armor\n|-unboost|p1b: Tyranitar|def|1\n|move|p1a: Incineroar|Flare Blitz|p2b: Corviknight\n|-supereffective|p2b: Corviknight|1\n|-damage|p2b: Corviknight|48/100\n|-damage|p1a: Incineroar|94/100|[from] Recoil\n|move|p2b: Corviknight|Roost|p2b: Corviknight\n|-heal|p2b: Corviknight|98/100\n|-singleturn|p2b: Corviknight|move: Roost\n|\n|-heal|p2b: Corviknight|100/100|[from] item: Leftovers\n|upkeep\n|turn|9\n|\n|t:|1776471182\n|move|p1b: Tyranitar|Rock Slide|p2b: Corviknight\n|-damage|p2b: Corviknight|92/100\n|move|p1a: Incineroar|Flare Blitz|p2b: Corviknight\n|-supereffective|p2b: Corviknight|1\n|-damage|p2b: Corviknight|71/100\n|-damage|p1a: Incineroar|87/100|[from] Recoil\n|cant|p2b: Corviknight|flinch\n|\n|-heal|p2b: Corviknight|77/100|[from] item: Leftovers\n|-sideend|p1: itshacobo|move: Tailwind\n|upkeep\n|turn|10\n|\n|t:|1776471199\n|move|p1b: Tyranitar|Low Kick|p2b: Corviknight\n|-damage|p2b: Corviknight|71/100\n|move|p1a: Incineroar|Flare Blitz|p2b: Corviknight\n|-supereffective|p2b: Corviknight|1\n|-damage|p2b: Corviknight|53/100\n|-damage|p1a: Incineroar|80/100|[from] Recoil\n|move|p2b: Corviknight|Bulk Up|p2b: Corviknight\n|-boost|p2b: Corviknight|atk|1\n|-boost|p2b: Corviknight|def|1\n|\n|-heal|p2b: Corviknight|59/100|[from] item: Leftovers\n|upkeep\n|turn|11\n|\n|t:|1776471216\n|move|p1b: Tyranitar|Crunch|p2b: Corviknight\n|-damage|p2b: Corviknight|52/100\n|move|p1a: Incineroar|Flare Blitz|p2b: Corviknight\n|-supereffective|p2b: Corviknight|1\n|-damage|p2b: Corviknight|34/100\n|-damage|p1a: Incineroar|74/100|[from] Recoil\n|move|p2b: Corviknight|Roost|p2b: Corviknight\n|-heal|p2b: Corviknight|84/100\n|-singleturn|p2b: Corviknight|move: Roost\n|\n|-heal|p2b: Corviknight|90/100|[from] item: Leftovers\n|upkeep\n|turn|12\n|\n|t:|1776471232\n|move|p1a: Incineroar|Flare Blitz|p2b: Corviknight\n|-supereffective|p2b: Corviknight|1\n|-damage|p2b: Corviknight|75/100\n|-damage|p1a: Incineroar|68/100|[from] Recoil\n|move|p1b: Tyranitar|Low Kick|p2b: Corviknight\n|-damage|p2b: Corviknight|69/100\n|move|p2b: Corviknight|Brave Bird|p1b: Tyranitar\n|-resisted|p1b: Tyranitar|1\n|-damage|p1b: Tyranitar|12/100\n|-damage|p2b: Corviknight|40/100|[from] Recoil\n|\n|-heal|p2b: Corviknight|46/100|[from] item: Leftovers\n|upkeep\n|turn|13\n|\n|t:|1776471252\n|move|p1a: Incineroar|Flare Blitz|p2b: Corviknight\n|-supereffective|p2b: Corviknight|1\n|-damage|p2b: Corviknight|30/100\n|-damage|p1a: Incineroar|62/100|[from] Recoil\n|move|p1b: Tyranitar|Crunch|p2b: Corviknight\n|-damage|p2b: Corviknight|23/100\n|-ability|p2b: Corviknight|Mirror Armor\n|-unboost|p1b: Tyranitar|def|1\n|move|p2b: Corviknight|Roost|p2b: Corviknight\n|-heal|p2b: Corviknight|73/100\n|-singleturn|p2b: Corviknight|move: Roost\n|\n|-heal|p2b: Corviknight|78/100|[from] item: Leftovers\n|upkeep\n|turn|14\n|inactive|itshacobo has 30 seconds left.\n|\n|t:|1776471277\n|move|p1a: Incineroar|Parting Shot|p2b: Corviknight\n|-ability|p2b: Corviknight|Mirror Armor\n|-unboost|p1a: Incineroar|atk|1\n|-ability|p2b: Corviknight|Mirror Armor\n|-unboost|p1a: Incineroar|spa|1\n|\n|t:|1776471287\n|switch|p1a: Corviknight|Corviknight, L50, F|72/100|[from] Parting Shot\n|move|p1b: Tyranitar|Rock Slide|p2b: Corviknight\n|-damage|p2b: Corviknight|72/100\n|move|p2b: Corviknight|Brave Bird|p1a: Corviknight\n|-resisted|p1a: Corviknight|1\n|-damage|p1a: Corviknight|14/100\n|-damage|p2b: Corviknight|53/100|[from] Recoil\n|\n|-heal|p2b: Corviknight|59/100|[from] item: Leftovers\n|-heal|p1a: Corviknight|20/100|[from] item: Leftovers\n|upkeep\n|turn|15\n|\n|t:|1776471308\n|switch|p1a: Incineroar|Incineroar, L50, M|62/100\n|-ability|p1a: Incineroar|Intimidate|boost\n|-ability|p2b: Corviknight|Mirror Armor\n|-unboost|p1a: Incineroar|atk|1\n|move|p1b: Tyranitar|Crunch|p2b: Corviknight\n|-damage|p2b: Corviknight|51/100\n|-ability|p2b: Corviknight|Mirror Armor\n|-unboost|p1b: Tyranitar|def|1\n|move|p2b: Corviknight|Brave Bird|p1a: Incineroar\n|-damage|p1a: Incineroar|0 fnt\n|faint|p1a: Incineroar\n|-damage|p2b: Corviknight|32/100|[from] Recoil\n|\n|-heal|p2b: Corviknight|38/100|[from] item: Leftovers\n|upkeep\n|\n|t:|1776471323\n|switch|p1a: Corviknight|Corviknight, L50, F|20/100\n|turn|16\n|\n|t:|1776471343\n|move|p1b: Tyranitar|Low Kick|p2b: Corviknight\n|-damage|p2b: Corviknight|33/100\n|move|p2b: Corviknight|Roost|p2b: Corviknight\n|-heal|p2b: Corviknight|83/100\n|-singleturn|p2b: Corviknight|move: Roost\n|move|p1a: Corviknight|Bulk Up|p1a: Corviknight\n|-boost|p1a: Corviknight|atk|1\n|-boost|p1a: Corviknight|def|1\n|\n|-heal|p2b: Corviknight|89/100|[from] item: Leftovers\n|-heal|p1a: Corviknight|26/100|[from] item: Leftovers\n|upkeep\n|turn|17\n|\n|t:|1776471358\n|move|p1b: Tyranitar|Protect|p1b: Tyranitar\n|-singleturn|p1b: Tyranitar|Protect\n|move|p2b: Corviknight|Brave Bird|p1a: Corviknight\n|-resisted|p1a: Corviknight|1\n|-damage|p1a: Corviknight|0 fnt\n|faint|p1a: Corviknight\n|-damage|p2b: Corviknight|80/100|[from] Recoil\n|\n|-heal|p2b: Corviknight|86/100|[from] item: Leftovers\n|upkeep\n|turn|18\n|\n|t:|1776471382\n|move|p1b: Tyranitar|Low Kick|p2b: Corviknight\n|-damage|p2b: Corviknight|81/100\n|move|p2b: Corviknight|Brave Bird|p1b: Tyranitar\n|-resisted|p1b: Tyranitar|1\n|-damage|p1b: Tyranitar|0 fnt\n|faint|p1b: Tyranitar\n|-damage|p2b: Corviknight|77/100|[from] Recoil\n|\n|win|Gear5th\n|raw|itshacobo's rating: 1089 &rarr; <strong>1071</strong><br />(-18 for losing)\n|raw|Gear5th's rating: 1177 &rarr; <strong>1196</strong><br />(+19 for winning)\n|l|\u2606itshacobo\n|player|p1|\n",
  "uploadtime": 1776471439,
  "views": 29,
  "formatid": "gen9championsvgc2026regma",
  "rating": 1071,
  "private": 0,
  "password": null
}