{
  "id": "gen9championsvgc2026regma-2580831596",
  "format": "[Gen 9 Champions] VGC 2026 Reg M-A",
  "players": [
    "Nzazzo",
    "anubisjr"
  ],
  "log": "|j|\u2606Nzazzo\n|j|\u2606anubisjr\n|t:|1775936063\n|gametype|doubles\n|player|p1|Nzazzo|265|1272\n|player|p2|anubisjr|1|1354\n|gen|9\n|tier|[Gen 9 Champions] VGC 2026 Reg M-A\n|rated|\n|rule|Species Clause: Limit one of each Pok\u00e9mon\n|rule|Item Clause: Limit 1 of each item\n|clearpoke\n|poke|p1|Abomasnow, L50, M|\n|poke|p1|Aurorus, L50, M|\n|poke|p1|Slowbro, L50, F|\n|poke|p1|Mudsdale, L50, M|\n|poke|p1|Sableye, L50, F|\n|poke|p1|Venusaur, L50, M|\n|poke|p2|Mudsdale, L50, F|\n|poke|p2|Floette-Eternal, L50, F|\n|poke|p2|Farigiraf, L50, F|\n|poke|p2|Kingambit, L50, M|\n|poke|p2|Milotic, L50, M|\n|poke|p2|Aerodactyl, L50, F|\n|teampreview|4\n|c|\u2606anubisjr|mudsdale gang rise up\n|j| medium dory\n|inactive|Battle timer is ON: inactive players will automatically lose when time's up. (requested by Nzazzo)\n|\n|t:|1775936167\n|teamsize|p1|4\n|teamsize|p2|4\n|start\n|switch|p1a: Slowbro|Slowbro, L50, F|100/100\n|switch|p1b: Venusaur|Venusaur, L50, M|100/100\n|switch|p2a: Floette|Floette-Eternal, L50, F|100/100\n|switch|p2b: Aerodactyl|Aerodactyl, L50, F|100/100\n|-ability|p2b: Aerodactyl|Unnerve\n|turn|1\n|inactive|Nzazzo has 30 seconds left.\n|inactive|Nzazzo has 20 seconds left.\n|inactive|Nzazzo has 15 seconds left.\n|inactive|Nzazzo has 10 seconds left.\n|\n|t:|1775936214\n|switch|p1b: Mudsdale|Mudsdale, L50, M|100/100\n|move|p2b: Aerodactyl|Dual Wingbeat|p1b: Mudsdale|[miss]\n|-miss|p2b: Aerodactyl|p1b: Mudsdale\n|move|p2a: Floette|Calm Mind|p2a: Floette\n|-boost|p2a: Floette|spa|1\n|-boost|p2a: Floette|spd|1\n|move|p1a: Slowbro|Trick Room|p1a: Slowbro\n|-fieldstart|move: Trick Room|[of] p1a: Slowbro\n|\n|upkeep\n|turn|2\n|inactive|anubisjr has 30 seconds left.\n|\n|t:|1775936240\n|switch|p2b: Farigiraf|Farigiraf, L50, F|100/100\n|detailschange|p2a: Floette|Floette-Mega, L50, F\n|-mega|p2a: Floette|Floette|Floettite\n|-ability|p2a: Floette|Fairy Aura\n|move|p1a: Slowbro|Helping Hand|p1b: Mudsdale\n|-singleturn|p1b: Mudsdale|Helping Hand|[of] p1a: Slowbro\n|move|p1b: Mudsdale|High Horsepower|p2a: Floette\n|-damage|p2a: Floette|30/100\n|move|p2a: Floette|Moonblast|p1b: Mudsdale\n|-damage|p1b: Mudsdale|0 fnt\n|faint|p1b: Mudsdale\n|\n|upkeep\n|\n|t:|1775936256\n|switch|p1b: Abomasnow|Abomasnow, L50, M|100/100\n|-weather|Snowscape|[from] ability: Snow Warning|[of] p1b: Abomasnow\n|turn|3\n|\n|t:|1775936265\n|detailschange|p1b: Abomasnow|Abomasnow-Mega, L50, M\n|-mega|p1b: Abomasnow|Abomasnow|Abomasite\n|move|p1a: Slowbro|Helping Hand|p1b: Abomasnow\n|-singleturn|p1b: Abomasnow|Helping Hand|[of] p1a: Slowbro\n|move|p2a: Floette|Protect|p2a: Floette\n|-singleturn|p2a: Floette|Protect\n|move|p1b: Abomasnow|Blizzard|p2a: Floette|[spread] p2b\n|-activate|p2a: Floette|move: Protect\n|-damage|p2b: Farigiraf|37/100\n|move|p2b: Farigiraf|Trick Room|p2b: Farigiraf\n|-fieldend|move: Trick Room\n|\n|-weather|Snowscape|[upkeep]\n|upkeep\n|turn|4\n|inactive|Nzazzo has 30 seconds left.\n|inactive|Nzazzo has 20 seconds left.\n|inactive|Nzazzo has 15 seconds left.\n|inactive|Nzazzo has 10 seconds left.\n|\n|t:|1775936311\n|move|p2a: Floette|Moonblast|p1a: Slowbro\n|-damage|p1a: Slowbro|12/100\n|move|p2b: Farigiraf|Hyper Voice|p1b: Abomasnow|[spread] p1a,p1b\n|-damage|p1a: Slowbro|0 fnt\n|-damage|p1b: Abomasnow|80/100\n|faint|p1a: Slowbro\n|move|p1b: Abomasnow|Blizzard|p2b: Farigiraf|[spread] p2a,p2b\n|-damage|p2a: Floette|7/100\n|-damage|p2b: Farigiraf|0 fnt\n|faint|p2b: Farigiraf\n|\n|-weather|Snowscape|[upkeep]\n|upkeep\n|\n|t:|1775936325\n|switch|p2b: Aerodactyl|Aerodactyl, L50, F|100/100\n|switch|p1a: Venusaur|Venusaur, L50, M|100/100\n|-ability|p2b: Aerodactyl|Unnerve\n|turn|5\n|inactive|Nzazzo has 30 seconds left.\n|inactive|Nzazzo has 20 seconds left.\n|inactive|Nzazzo has 15 seconds left.\n|inactive|Nzazzo has 10 seconds left.\n|\n|t:|1775936370\n|move|p1b: Abomasnow|Protect|p1b: Abomasnow\n|-singleturn|p1b: Abomasnow|Protect\n|move|p2b: Aerodactyl|Dual Wingbeat|p1a: Venusaur\n|-supereffective|p1a: Venusaur|1\n|-damage|p1a: Venusaur|62/100\n|-supereffective|p1a: Venusaur|1\n|-damage|p1a: Venusaur|22/100\n|-hitcount|p1a: Venusaur|2\n|move|p2a: Floette|Moonblast|p1a: Venusaur\n|-resisted|p1a: Venusaur|1\n|-damage|p1a: Venusaur|0 fnt\n|faint|p1a: Venusaur\n|\n|-weather|Snowscape|[upkeep]\n|upkeep\n|turn|6\n|inactive|Nzazzo has 30 seconds left.\n|inactive|anubisjr has 30 seconds left.\n|\n|t:|1775936399\n|move|p2b: Aerodactyl|Rock Slide|p1b: Abomasnow\n|-supereffective|p1b: Abomasnow|1\n|-damage|p1b: Abomasnow|41/100\n|move|p2a: Floette|Moonblast|p1b: Abomasnow\n|-damage|p1b: Abomasnow|0 fnt\n|faint|p1b: Abomasnow\n|\n|win|anubisjr\n|raw|Nzazzo's rating: 1272 &rarr; <strong>1253</strong><br />(-19 for losing)\n|raw|anubisjr's rating: 1354 &rarr; <strong>1369</strong><br />(+15 for winning)\n|l|\u2606anubisjr\n|player|p2|\n",
  "uploadtime": 1775936494,
  "views": 28,
  "formatid": "gen9championsvgc2026regma",
  "rating": 1253,
  "private": 0,
  "password": null
}