{
  "id": "gen9championsvgc2026regma-2584513438",
  "format": "[Gen 9 Champions] VGC 2026 Reg M-A",
  "players": [
    "hyunbelievable",
    "salamstudu"
  ],
  "log": "|j|\u2606hyunbelievable\n|j|\u2606salamstudu\n|t:|1776265816\n|gametype|doubles\n|player|p1|hyunbelievable|guzma|1182\n|player|p2|salamstudu|lady|1140\n|gen|9\n|tier|[Gen 9 Champions] VGC 2026 Reg M-A\n|rated|\n|rule|Species Clause: Limit one of each Pok\u00e9mon\n|rule|Item Clause: Limit 1 of each item\n|clearpoke\n|poke|p1|Blastoise, L50, F|\n|poke|p1|Sinistcha, L50|\n|poke|p1|Sableye, L50, M|\n|poke|p1|Excadrill, L50, F|\n|poke|p1|Sneasler, L50, F|\n|poke|p1|Farigiraf, L50, F|\n|poke|p2|Archaludon, L50, M|\n|poke|p2|Whimsicott, L50, F|\n|poke|p2|Farigiraf, L50, M|\n|poke|p2|Garchomp, L50, M|\n|poke|p2|Slowking-Galar, L50, M|\n|poke|p2|Tyranitar, L50, F|\n|teampreview|4\n|\n|t:|1776265851\n|teamsize|p1|4\n|teamsize|p2|4\n|start\n|switch|p1a: beverage of sorts|Excadrill, L50, F|100/100\n|switch|p1b: smokin a pack|Sableye, L50, M|100/100\n|switch|p2a: Garchomp|Garchomp, L50, M|100/100\n|switch|p2b: Tyranitar|Tyranitar, L50, F|100/100\n|-ability|p1a: beverage of sorts|Mold Breaker\n|-weather|Sandstorm|[from] ability: Sand Stream|[of] p2b: Tyranitar\n|turn|1\n|inactive|Battle timer is ON: inactive players will automatically lose when time's up. (requested by salamstudu)\n|inactive|hyunbelievable has 60 seconds left.\n|\n|t:|1776265889\n|detailschange|p2a: Garchomp|Garchomp-Mega, L50, M\n|-mega|p2a: Garchomp|Garchomp|Garchompite\n|move|p2b: Tyranitar|Protect|p2b: Tyranitar\n|-singleturn|p2b: Tyranitar|Protect\n|move|p1b: smokin a pack|Fake Out|p2a: Garchomp\n|-damage|p2a: Garchomp|95/100\n|move|p1a: beverage of sorts|High Horsepower|p2b: Tyranitar\n|-activate|p2b: Tyranitar|move: Protect\n|cant|p2a: Garchomp|flinch\n|\n|-weather|Sandstorm|[upkeep]\n|-damage|p1b: smokin a pack|95/100|[from] Sandstorm\n|upkeep\n|turn|2\n|\n|t:|1776265912\n|move|p1b: smokin a pack|Rain Dance|p1b: smokin a pack\n|-weather|RainDance\n|move|p1a: beverage of sorts|High Horsepower|p2b: Tyranitar\n|-supereffective|p2b: Tyranitar|1\n|-damage|p2b: Tyranitar|21/100\n|move|p2a: Garchomp|Stomping Tantrum|p1a: beverage of sorts\n|-supereffective|p1a: beverage of sorts|1\n|-damage|p1a: beverage of sorts|0 fnt\n|faint|p1a: beverage of sorts\n|move|p2b: Tyranitar|Knock Off|p1b: smokin a pack\n|-damage|p1b: smokin a pack|39/100\n|-enditem|p1b: smokin a pack|Mental Herb|[from] move: Knock Off|[of] p2b: Tyranitar\n|\n|-weather|RainDance|[upkeep]\n|-heal|p2b: Tyranitar|27/100|[from] item: Leftovers\n|upkeep\n|\n|t:|1776265921\n|switch|p1a: the drink|Blastoise, L50, F|100/100\n|turn|3\n|\n|t:|1776265934\n|switch|p2b: Farigiraf|Farigiraf, L50, M|100/100\n|detailschange|p1a: the drink|Blastoise-Mega, L50, F\n|-mega|p1a: the drink|Blastoise|Blastoisinite\n|move|p2a: Garchomp|Protect|p2a: Garchomp\n|-singleturn|p2a: Garchomp|Protect\n|move|p1b: smokin a pack|Thunder Wave||[still]\n|cant|p2b: Farigiraf|ability: Armor Tail|Thunder Wave|[of] p1b: smokin a pack\n|move|p1a: the drink|Ice Beam|p2a: Garchomp\n|-activate|p2a: Garchomp|move: Protect\n|\n|-weather|RainDance|[upkeep]\n|upkeep\n|turn|4\n|inactive|salamstudu has 30 seconds left.\n|\n|t:|1776265962\n|switch|p2a: Archaludon|Archaludon, L50, M|100/100\n|switch|p1b: the parfait|Sneasler, L50, F|100/100\n|move|p1a: the drink|Shell Smash|p1a: the drink\n|-unboost|p1a: the drink|def|1\n|-unboost|p1a: the drink|spd|1\n|-boost|p1a: the drink|atk|2\n|-boost|p1a: the drink|spa|2\n|-boost|p1a: the drink|spe|2\n|move|p2b: Farigiraf|Foul Play|p1b: the parfait\n|-resisted|p1b: the parfait|1\n|-damage|p1b: the parfait|71/100\n|\n|-weather|RainDance|[upkeep]\n|upkeep\n|turn|5\n|inactive|salamstudu has 30 seconds left.\n|\n|t:|1776265995\n|switch|p2b: Tyranitar|Tyranitar, L50, F|27/100\n|-weather|Sandstorm|[from] ability: Sand Stream|[of] p2b: Tyranitar\n|move|p2a: Archaludon|Protect|p2a: Archaludon\n|-singleturn|p2a: Archaludon|Protect\n|move|p1a: the drink|Aura Sphere|p2a: Archaludon\n|-activate|p2a: Archaludon|move: Protect\n|move|p1b: the parfait|Close Combat|p2b: Tyranitar\n|-supereffective|p2b: Tyranitar|2\n|-damage|p2b: Tyranitar|0 fnt\n|-unboost|p1b: the parfait|def|1\n|-unboost|p1b: the parfait|spd|1\n|faint|p2b: Tyranitar\n|-enditem|p1b: the parfait|White Herb\n|-clearnegativeboost|p1b: the parfait|[silent]\n|\n|-weather|Sandstorm|[upkeep]\n|-damage|p1b: the parfait|65/100|[from] Sandstorm\n|-damage|p1a: the drink|95/100|[from] Sandstorm\n|upkeep\n|\n|t:|1776266019\n|switch|p2b: Garchomp|Garchomp-Mega, L50, M|95/100\n|turn|6\n|inactive|salamstudu has 30 seconds left.\n|inactive|salamstudu has 20 seconds left.\n|\n|t:|1776266058\n|move|p2b: Garchomp|Protect|p2b: Garchomp\n|-singleturn|p2b: Garchomp|Protect\n|move|p1b: the parfait|Close Combat|p2a: Archaludon\n|-supereffective|p2a: Archaludon|1\n|-damage|p2a: Archaludon|14/100\n|-unboost|p1b: the parfait|def|1\n|-unboost|p1b: the parfait|spd|1\n|move|p1a: the drink|Water Spout|p2a: Archaludon|[spread] p2a\n|-activate|p2b: Garchomp|move: Protect\n|-resisted|p2a: Archaludon|1\n|-damage|p2a: Archaludon|0 fnt\n|faint|p2a: Archaludon\n|\n|-weather|Sandstorm|[upkeep]\n|-damage|p1b: the parfait|59/100|[from] Sandstorm\n|-damage|p1a: the drink|89/100|[from] Sandstorm\n|upkeep\n|\n|t:|1776266071\n|switch|p2a: Farigiraf|Farigiraf, L50, M|100/100\n|turn|7\n|\n|t:|1776266084\n|move|p1b: the parfait|Close Combat|p2b: Garchomp\n|-damage|p2b: Garchomp|49/100\n|-unboost|p1b: the parfait|def|1\n|-unboost|p1b: the parfait|spd|1\n|move|p1a: the drink|Water Spout|p2b: Garchomp|[spread] p2a,p2b\n|-damage|p2a: Farigiraf|0 fnt\n|-damage|p2b: Garchomp|0 fnt\n|faint|p2a: Farigiraf\n|faint|p2b: Garchomp\n|\n|win|hyunbelievable\n|raw|hyunbelievable's rating: 1182 &rarr; <strong>1204</strong><br />(+22 for winning)\n|raw|salamstudu's rating: 1140 &rarr; <strong>1118</strong><br />(-22 for losing)\n|l|\u2606salamstudu\n|player|p2|\n",
  "uploadtime": 1776266094,
  "views": 18,
  "formatid": "gen9championsvgc2026regma",
  "rating": 1118,
  "private": 0,
  "password": null
}