{
  "id": "gen9championsvgc2026regma-2585389519",
  "format": "[Gen 9 Champions] VGC 2026 Reg M-A",
  "players": [
    "Descat",
    "ClutchTecco"
  ],
  "log": "|j|\u2606Descat\n|j|\u2606ClutchTecco\n|t:|1776343673\n|gametype|doubles\n|player|p1|Descat|dawn|1061\n|player|p2|ClutchTecco|gentleman-gen4|1000\n|gen|9\n|tier|[Gen 9 Champions] VGC 2026 Reg M-A\n|rated|\n|rule|Species Clause: Limit one of each Pok\u00e9mon\n|rule|Item Clause: Limit 1 of each item\n|clearpoke\n|poke|p1|Floette-Eternal, L50, F|\n|poke|p1|Sylveon, L50, M|\n|poke|p1|Garchomp, L50, M|\n|poke|p1|Politoed, L50, M|\n|poke|p1|Talonflame, L50, M|\n|poke|p1|Aegislash, L50, M|\n|poke|p2|Delphox, L50, F|\n|poke|p2|Garchomp, L50, M|\n|poke|p2|Incineroar, L50, F|\n|poke|p2|Sneasler, L50, M|\n|poke|p2|Floette-Eternal, L50, F|\n|poke|p2|Kingambit, L50, M|\n|teampreview|4\n|inactive|Battle timer is ON: inactive players will automatically lose when time's up. (requested by ClutchTecco)\n|inactive|Descat has 60 seconds left.\n|\n|t:|1776343715\n|teamsize|p1|4\n|teamsize|p2|4\n|start\n|switch|p1a: Chickenwing|Talonflame, L50, M|100/100\n|switch|p1b: Master sword|Aegislash, L50, M, shiny|100/100\n|switch|p2a: Delphox|Delphox, L50, F, shiny|100/100\n|switch|p2b: Incineroar|Incineroar, L50, F|100/100\n|turn|1\n|inactive|ClutchTecco has 30 seconds left.\n|inactive|Descat has 30 seconds left.\n|\n|t:|1776343747\n|switch|p1a: Kermit|Politoed, L50, M|100/100\n|-weather|RainDance|[from] ability: Drizzle|[of] p1a: Kermit\n|detailschange|p2a: Delphox|Delphox-Mega, L50, F, shiny\n|-mega|p2a: Delphox|Delphox|Delphoxite\n|move|p2b: Incineroar|Fake Out|p1b: Master sword\n|-immune|p1b: Master sword\n|move|p2a: Delphox|Heat Wave|p1a: Kermit|[spread] p1a,p1b\n|-resisted|p1a: Kermit|1\n|-supereffective|p1b: Master sword|1\n|-damage|p1a: Kermit|92/100\n|-damage|p1b: Master sword|74/100\n|-status|p1a: Kermit|brn\n|-formechange|p1b: Master sword|Aegislash-Blade|\n|move|p1b: Master sword|Close Combat|p2b: Incineroar\n|-supereffective|p2b: Incineroar|1\n|-damage|p2b: Incineroar|41/100\n|-unboost|p1b: Master sword|def|1\n|-unboost|p1b: Master sword|spd|1\n|\n|-weather|RainDance|[upkeep]\n|-heal|p2b: Incineroar|47/100|[from] item: Leftovers\n|-heal|p1b: Master sword|80/100|[from] item: Leftovers\n|-damage|p1a: Kermit|86/100 brn|[from] brn\n|upkeep\n|turn|2\n|inactive|Descat has 30 seconds left.\n|inactive|ClutchTecco has 30 seconds left.\n|inactive|Descat has 20 seconds left.\n|inactive|ClutchTecco has 20 seconds left.\n|inactive|ClutchTecco has 15 seconds left.\n|\n|t:|1776343789\n|move|p2a: Delphox|Protect|p2a: Delphox\n|-singleturn|p2a: Delphox|Protect\n|-formechange|p1b: Master sword|Aegislash|\n|move|p1b: Master sword|King's Shield|p1b: Master sword\n|-singleturn|p1b: Master sword|Protect\n|move|p1a: Kermit|Weather Ball|p2a: Delphox\n|-activate|p2a: Delphox|move: Protect\n|move|p2b: Incineroar|Parting Shot|p1b: Master sword\n|-unboost|p1b: Master sword|atk|1\n|-unboost|p1b: Master sword|spa|1\n|\n|t:|1776343802\n|switch|p2b: Sneasler|Sneasler, L50, M|100/100|[from] Parting Shot\n|-ability|p2b: Sneasler|Pressure\n|\n|-weather|RainDance|[upkeep]\n|-heal|p1b: Master sword|86/100|[from] item: Leftovers\n|-damage|p1a: Kermit|80/100 brn|[from] brn\n|upkeep\n|turn|3\n|\n|t:|1776343819\n|switch|p2a: Kingambit|Kingambit, L50, M, shiny|100/100\n|switch|p1b: Chickenwing|Talonflame, L50, M|100/100\n|move|p2b: Sneasler|Fake Out|p1a: Kermit\n|-damage|p1a: Kermit|64/100 brn\n|cant|p1a: Kermit|flinch\n|\n|-weather|RainDance|[upkeep]\n|-damage|p1a: Kermit|58/100 brn|[from] brn\n|upkeep\n|turn|4\n|inactive|ClutchTecco has 30 seconds left.\n|\n|t:|1776343849\n|move|p1b: Chickenwing|Tailwind|p1b: Chickenwing\n|-sidestart|p1: Descat|move: Tailwind\n|move|p2a: Kingambit|Sucker Punch||[still]\n|-fail|p2a: Kingambit\n|move|p1a: Kermit|Encore|p2b: Sneasler\n|-start|p2b: Sneasler|Encore\n|move|p2b: Sneasler|Fake Out||[still]\n|-hint|Fake Out only works on your first turn out.\n|-fail|p2b: Sneasler\n|\n|-weather|RainDance|[upkeep]\n|-damage|p1a: Kermit|52/100 brn|[from] brn\n|upkeep\n|turn|5\n|inactive|Descat has 30 seconds left.\n|inactive|ClutchTecco has 30 seconds left.\n|inactive|Descat has 20 seconds left.\n|inactive|Descat has 15 seconds left.\n|\n|t:|1776343890\n|switch|p1b: Flowa|Floette-Eternal, L50, F|100/100\n|switch|p2b: Incineroar|Incineroar, L50, F|47/100\n|move|p1a: Kermit|Encore|p2a: Kingambit\n|-start|p2a: Kingambit|Encore\n|move|p2a: Kingambit|Sucker Punch||[still]\n|-fail|p2a: Kingambit\n|\n|-weather|none\n|-heal|p2b: Incineroar|53/100|[from] item: Leftovers\n|-damage|p1a: Kermit|46/100 brn|[from] brn\n|upkeep\n|-enditem|p1a: Kermit|Sitrus Berry|[eat]\n|-heal|p1a: Kermit|71/100 brn|[from] item: Sitrus Berry\n|turn|6\n|inactive|Descat has 30 seconds left.\n|inactive|ClutchTecco has 30 seconds left.\n|\n|t:|1776343929\n|switch|p1a: Chickenwing|Talonflame, L50, M|100/100\n|detailschange|p1b: Flowa|Floette-Mega, L50, F\n|-mega|p1b: Flowa|Floette|Floettite\n|-ability|p1b: Flowa|Fairy Aura\n|move|p1b: Flowa|Protect|p1b: Flowa\n|-singleturn|p1b: Flowa|Protect\n|move|p2b: Incineroar|Fake Out|p1b: Flowa\n|-activate|p1b: Flowa|move: Protect\n|move|p2a: Kingambit|Sucker Punch||[still]\n|-fail|p2a: Kingambit\n|\n|-heal|p2b: Incineroar|59/100|[from] item: Leftovers\n|upkeep\n|turn|7\n|inactive|Descat has 30 seconds left.\n|inactive|ClutchTecco has 30 seconds left.\n|\n|t:|1776343963\n|move|p2a: Kingambit|Sucker Punch|p1b: Flowa\n|-resisted|p1b: Flowa|1\n|-damage|p1b: Flowa|76/100\n|move|p1a: Chickenwing|Rain Dance|p1a: Chickenwing\n|-weather|RainDance\n|move|p1b: Flowa|Moonblast|p2b: Incineroar\n|-damage|p2b: Incineroar|0 fnt\n|faint|p2b: Incineroar\n|\n|-weather|RainDance|[upkeep]\n|-end|p2a: Kingambit|Encore\n|-sideend|p1: Descat|move: Tailwind\n|upkeep\n|\n|t:|1776343978\n|switch|p2b: Sneasler|Sneasler, L50, M|100/100\n|-ability|p2b: Sneasler|Pressure\n|turn|8\n|\n|t:|1776343999\n|move|p1b: Flowa|Protect|p1b: Flowa\n|-singleturn|p1b: Flowa|Protect\n|move|p2b: Sneasler|Fake Out|p1a: Chickenwing\n|-damage|p1a: Chickenwing|80/100\n|cant|p1a: Chickenwing|flinch\n|move|p2a: Kingambit|Iron Head|p1b: Flowa\n|-activate|p1b: Flowa|move: Protect\n|\n|-weather|RainDance|[upkeep]\n|upkeep\n|turn|9\n|\n|t:|1776344016\n|move|p1a: Chickenwing|Tailwind|p1a: Chickenwing\n|-sidestart|p1: Descat|move: Tailwind\n|move|p1b: Flowa|Moonblast|p2a: Kingambit\n|-damage|p2a: Kingambit|24/100\n|move|p2b: Sneasler|Dire Claw|p1b: Flowa\n|-supereffective|p1b: Flowa|1\n|-damage|p1b: Flowa|0 fnt\n|faint|p1b: Flowa\n|move|p2a: Kingambit|Iron Head|p1a: Chickenwing\n|-resisted|p1a: Chickenwing|1\n|-damage|p1a: Chickenwing|48/100\n|\n|-weather|RainDance|[upkeep]\n|upkeep\n|\n|t:|1776344037\n|switch|p1b: Kermit|Politoed, L50, M|71/100 brn\n|turn|10\n|\n|t:|1776344053\n|move|p2a: Kingambit|Sucker Punch|p1b: Kermit\n|-damage|p1b: Kermit|23/100 brn\n|move|p1a: Chickenwing|Brave Bird|p2b: Sneasler\n|-supereffective|p2b: Sneasler|1\n|-crit|p2b: Sneasler\n|-damage|p2b: Sneasler|0 fnt\n|faint|p2b: Sneasler\n|-damage|p1a: Chickenwing|15/100|[from] Recoil\n|move|p1b: Kermit|Weather Ball|p2a: Kingambit\n|-damage|p2a: Kingambit|0 fnt\n|faint|p2a: Kingambit\n|\n|-weather|RainDance|[upkeep]\n|-damage|p1b: Kermit|17/100 brn|[from] brn\n|upkeep\n|\n|t:|1776344075\n|switch|p2b: Delphox|Delphox-Mega, L50, F, shiny|100/100\n|turn|11\n|\n|t:|1776344087\n|switch|p1a: Master sword|Aegislash, L50, M, shiny|86/100\n|move|p1b: Kermit|Weather Ball|p2b: Delphox\n|-supereffective|p2b: Delphox|1\n|-damage|p2b: Delphox|1/100\n|move|p2b: Delphox|Heat Wave|p1a: Master sword|[spread] p1a,p1b\n|-supereffective|p1a: Master sword|1\n|-resisted|p1b: Kermit|1\n|-damage|p1a: Master sword|56/100\n|-damage|p1b: Kermit|9/100 brn\n|\n|-weather|none\n|-heal|p1a: Master sword|62/100|[from] item: Leftovers\n|-damage|p1b: Kermit|3/100 brn|[from] brn\n|upkeep\n|turn|12\n|\n|t:|1776344110\n|move|p2b: Delphox|Protect|p2b: Delphox\n|-singleturn|p2b: Delphox|Protect\n|move|p1b: Kermit|Icy Wind|p2b: Delphox\n|-activate|p2b: Delphox|move: Protect\n|-formechange|p1a: Master sword|Aegislash-Blade|\n|move|p1a: Master sword|Shadow Ball|p2b: Delphox\n|-activate|p2b: Delphox|move: Protect\n|\n|-heal|p1a: Master sword|68/100|[from] item: Leftovers\n|-damage|p1b: Kermit|0 fnt|[from] brn\n|faint|p1b: Kermit\n|-sideend|p1: Descat|move: Tailwind\n|upkeep\n|\n|t:|1776344125\n|switch|p1b: Chickenwing|Talonflame, L50, M|15/100\n|turn|13\n|inactive|Descat has 30 seconds left.\n|\n|t:|1776344150\n|-formechange|p1a: Master sword|Aegislash|\n|move|p1a: Master sword|King's Shield|p1a: Master sword\n|-singleturn|p1a: Master sword|Protect\n|move|p2b: Delphox|Heat Wave|p1a: Master sword|[spread] p1b\n|-activate|p1a: Master sword|move: Protect\n|-resisted|p1b: Chickenwing|1\n|-damage|p1b: Chickenwing|0 fnt\n|faint|p1b: Chickenwing\n|\n|-heal|p1a: Master sword|74/100|[from] item: Leftovers\n|upkeep\n|turn|14\n|\n|t:|1776344174\n|move|p2b: Delphox|Heat Wave|p1a: Master sword\n|-supereffective|p1a: Master sword|1\n|-damage|p1a: Master sword|0 fnt\n|faint|p1a: Master sword\n|\n|win|ClutchTecco\n|raw|Descat's rating: 1061 &rarr; <strong>1039</strong><br />(-22 for losing)\n|raw|ClutchTecco's rating: 1000 &rarr; <strong>1047</strong><br />(+47 for winning)\n|c|\u2606ClutchTecco|You threw\n|c|\u2606Descat|No way that kils\n|c|\u2606ClutchTecco|why not just attack with both? Why shield up\n|c|\u2606ClutchTecco|GGs tho\n|c|\u2606Descat|Because you wouldve been first with delphox\n",
  "uploadtime": 1776344219,
  "views": 17,
  "formatid": "gen9championsvgc2026regma",
  "rating": 1039,
  "private": 0,
  "password": null
}