{
  "id": "gen9championsvgc2026regma-2588871988",
  "format": "[Gen 9 Champions] VGC 2026 Reg M-A",
  "players": [
    "Tukin005",
    "sagapocalypse1"
  ],
  "log": "|j|\u2606Tukin005\n|j|\u2606sagapocalypse1\n|t:|1776680897\n|gametype|doubles\n|player|p1|Tukin005|backpacker|1103\n|player|p2|sagapocalypse1|hilda|1179\n|gen|9\n|tier|[Gen 9 Champions] VGC 2026 Reg M-A\n|rated|\n|rule|Species Clause: Limit one of each Pok\u00e9mon\n|rule|Item Clause: Limit 1 of each item\n|clearpoke\n|poke|p1|Garchomp, L50, M|\n|poke|p1|Whimsicott, L50, F|\n|poke|p1|Tyranitar, L50, M|\n|poke|p1|Delphox, L50, F|\n|poke|p1|Rotom-Mow, L50|\n|poke|p1|Orthworm, L50, F|\n|poke|p2|Talonflame, L50, M|\n|poke|p2|Aegislash, L50, F|\n|poke|p2|Milotic, L50, M|\n|poke|p2|Sneasler, L50, M|\n|poke|p2|Garchomp, L50, M|\n|poke|p2|Gardevoir, L50, F|\n|teampreview|4\n|inactive|Battle timer is ON: inactive players will automatically lose when time's up. (requested by Tukin005)\nsagapocalypse1 has agreed to open team sheets.\n|inactive|Tukin005 has 60 seconds left.\n|\n|t:|1776680934\n|teamsize|p1|4\n|teamsize|p2|4\n|start\n|switch|p1a: Valkyrie|Delphox, L50, F|100/100\n|switch|p1b: Supra|Rotom-Mow, L50|100/100\n|switch|p2a: Talonflame|Talonflame, L50, M|100/100\n|switch|p2b: Sneasler|Sneasler, L50, M|100/100\n|turn|1\n|\n|t:|1776680955\n|detailschange|p1a: Valkyrie|Delphox-Mega, L50, F\n|-mega|p1a: Valkyrie|Delphox|Delphoxite\n|move|p1a: Valkyrie|Protect|p1a: Valkyrie\n|-singleturn|p1a: Valkyrie|Protect\n|move|p2b: Sneasler|Fake Out|p1a: Valkyrie\n|-activate|p1a: Valkyrie|move: Protect\n|move|p1b: Supra|Thunderbolt|p2a: Talonflame\n|-supereffective|p2a: Talonflame|1\n|-damage|p2a: Talonflame|0 fnt\n|faint|p2a: Talonflame\n|\n|upkeep\n|\n|t:|1776680966\n|switch|p2a: Aegislash|Aegislash, L50, F|100/100\n|turn|2\n|\n|t:|1776680978\n|switch|p1b: Daytona|Garchomp, L50, M|100/100\n|move|p2a: Aegislash|Wide Guard|p2a: Aegislash\n|-singleturn|p2a: Aegislash|Wide Guard\n|move|p1a: Valkyrie|Psychic|p2b: Sneasler\n|-supereffective|p2b: Sneasler|2\n|-crit|p2b: Sneasler\n|-enditem|p2b: Sneasler|Focus Sash\n|-damage|p2b: Sneasler|1/100\n|move|p2b: Sneasler|Dire Claw|p1b: Daytona\n|-resisted|p1b: Daytona|1\n|-damage|p1b: Daytona|84/100\n|-damage|p2b: Sneasler|0 fnt|[from] ability: Rough Skin|[of] p1b: Daytona\n|faint|p2b: Sneasler\n|\n|upkeep\n|c|\u2606sagapocalypse1|im the fumbler\n|\n|t:|1776680993\n|switch|p2b: Gardevoir|Gardevoir, L50, F|100/100\n|turn|3\n|\n|t:|1776681006\n|switch|p1b: Supra|Rotom-Mow, L50|100/100\n|detailschange|p2b: Gardevoir|Gardevoir-Mega, L50, F\n|-mega|p2b: Gardevoir|Gardevoir|Gardevoirite\n|move|p1a: Valkyrie|Nasty Plot|p1a: Valkyrie\n|-boost|p1a: Valkyrie|spa|2\n|move|p2b: Gardevoir|Hyper Voice|p1a: Valkyrie|[spread] p1a,p1b\n|-resisted|p1a: Valkyrie|1\n|-damage|p1a: Valkyrie|77/100\n|-damage|p1b: Supra|37/100\n|-formechange|p2a: Aegislash|Aegislash-Blade|\n|move|p2a: Aegislash|Shadow Ball|p1a: Valkyrie\n|-supereffective|p1a: Valkyrie|1\n|-damage|p1a: Valkyrie|0 fnt\n|faint|p1a: Valkyrie\n|\n|upkeep\n|\n|t:|1776681022\n|switch|p1a: Daytona|Garchomp, L50, M|84/100\n|turn|4\n|\n|t:|1776681031\n|move|p2a: Aegislash|Wide Guard|p2a: Aegislash\n|-singleturn|p2a: Aegislash|Wide Guard\n|move|p1b: Supra|Volt Switch|p2b: Gardevoir\n|-damage|p2b: Gardevoir|73/100\n|\n|t:|1776681035\n|switch|p1b: Skyline|Tyranitar, L50, M|100/100|[from] Volt Switch\n|-weather|Sandstorm|[from] ability: Sand Stream|[of] p1b: Skyline\n|move|p1a: Daytona|Earthquake|p2b: Gardevoir|[spread] p1b\n|-activate|p2a: Aegislash|move: Wide Guard\n|-activate|p2b: Gardevoir|move: Wide Guard\n|-supereffective|p1b: Skyline|1\n|-damage|p1b: Skyline|36/100\n|move|p2b: Gardevoir|Hyper Voice|p1a: Daytona|[spread] p1a,p1b\n|-supereffective|p1a: Daytona|1\n|-supereffective|p1b: Skyline|1\n|-damage|p1a: Daytona|0 fnt\n|-damage|p1b: Skyline|0 fnt\n|faint|p1a: Daytona\n|faint|p1b: Skyline\n|\n|-weather|Sandstorm|[upkeep]\n|-damage|p2b: Gardevoir|67/100|[from] Sandstorm\n|upkeep\n|\n|t:|1776681046\n|switch|p1b: Supra|Rotom-Mow, L50|37/100\n|turn|5\n|\n|t:|1776681055\n|move|p1b: Supra|Leaf Storm|p2b: Gardevoir|[miss]\n|-miss|p1b: Supra|p2b: Gardevoir\n|move|p2b: Gardevoir|Psyshock|p1b: Supra\n|-damage|p1b: Supra|0 fnt\n|faint|p1b: Supra\n|\n|win|sagapocalypse1\n|raw|Tukin005's rating: 1103 &rarr; <strong>1083</strong><br />(-20 for losing)\n|raw|sagapocalypse1's rating: 1179 &rarr; <strong>1199</strong><br />(+20 for winning)\n|l|\u2606Tukin005\n|player|p1|\n",
  "uploadtime": 1776681064,
  "views": 10,
  "formatid": "gen9championsvgc2026regma",
  "rating": 1083,
  "private": 0,
  "password": null
}