{
  "id": "gen9championsvgc2026regma-2587932075",
  "format": "[Gen 9 Champions] VGC 2026 Reg M-A",
  "players": [
    "W0kMeDed",
    "sockperson"
  ],
  "log": "|j|\u2606W0kMeDed\n|j|\u2606sockperson\n|t:|1776580898\n|gametype|doubles\n|player|p1|W0kMeDed|palmer|1448\n|player|p2|sockperson|barry|1412\n|gen|9\n|tier|[Gen 9 Champions] VGC 2026 Reg M-A\n|rated|\n|rule|Species Clause: Limit one of each Pok\u00e9mon\n|rule|Item Clause: Limit 1 of each item\n|clearpoke\n|poke|p1|Espathra, L50, M|\n|poke|p1|Chandelure, L50, F|\n|poke|p1|Aerodactyl, L50, F|\n|poke|p1|Kingambit, L50, M|\n|poke|p1|Sneasler, L50, M|\n|poke|p1|Rotom-Wash, L50|\n|poke|p2|Vaporeon, L50, M|\n|poke|p2|Jolteon, L50, M|\n|poke|p2|Flareon, L50, M|\n|poke|p2|Espeon, L50, M|\n|poke|p2|Umbreon, L50, F|\n|poke|p2|Sylveon, L50, F|\n|teampreview|4\n|\n|t:|1776580927\n|teamsize|p1|4\n|teamsize|p2|4\n|start\n|switch|p1a: Lavash|Espathra, L50, M|100/100\n|switch|p1b: Vega|Sneasler, L50, M|100/100\n|switch|p2a: Espeon|Espeon, L50, M|100/100\n|switch|p2b: Sylveon|Sylveon, L50, F|100/100\n|turn|1\n|\n|t:|1776580942\n|move|p2b: Sylveon|Detect|p2b: Sylveon\n|-singleturn|p2b: Sylveon|Protect\n|move|p1b: Vega|Fake Out|p2a: Espeon\n|-damage|p2a: Espeon|85/100\n|move|p1a: Lavash|Lumina Crash|p2b: Sylveon\n|-activate|p2b: Sylveon|move: Protect\n|cant|p2a: Espeon|flinch\n|\n|-ability|p1a: Lavash|Speed Boost|boost\n|-boost|p1a: Lavash|spe|1\n|upkeep\n|turn|2\n|\n|t:|1776580954\n|switch|p2b: Umbreon|Umbreon, L50, F|100/100\n|move|p1a: Lavash|Lumina Crash|p2a: Espeon\n|-resisted|p2a: Espeon|1\n|-damage|p2a: Espeon|69/100\n|-unboost|p2a: Espeon|spd|2\n|move|p1b: Vega|Dire Claw|p2a: Espeon\n|-damage|p2a: Espeon|27/100\n|move|p2a: Espeon|Trick Room|p2a: Espeon\n|-fieldstart|move: Trick Room|[of] p2a: Espeon\n|\n|-ability|p1a: Lavash|Speed Boost|boost\n|-boost|p1a: Lavash|spe|1\n|upkeep\n|turn|3\n|\n|t:|1776580973\n|switch|p2a: Vaporeon|Vaporeon, L50, M|100/100\n|switch|p1b: Elgee|Rotom-Wash, L50|100/100\n|move|p1a: Lavash|Protect|p1a: Lavash\n|-singleturn|p1a: Lavash|Protect\n|move|p2b: Umbreon|Yawn|p1b: Elgee\n|-start|p1b: Elgee|move: Yawn|[of] p2b: Umbreon\n|\n|-ability|p1a: Lavash|Speed Boost|boost\n|-boost|p1a: Lavash|spe|1\n|upkeep\n|turn|4\n|\n|t:|1776580987\n|switch|p1b: Vega|Sneasler, L50, M|100/100\n|move|p2a: Vaporeon|Detect|p2a: Vaporeon\n|-singleturn|p2a: Vaporeon|Protect\n|move|p2b: Umbreon|Foul Play|p1a: Lavash\n|-supereffective|p1a: Lavash|1\n|-enditem|p1a: Lavash|Colbur Berry|[eat]\n|-enditem|p1a: Lavash|Colbur Berry|[weaken]\n|-damage|p1a: Lavash|68/100\n|move|p1a: Lavash|Baton Pass|p1a: Lavash\n|\n|t:|1776581001\n|switch|p1a: Elgee|Rotom-Wash, L50|100/100|[from] Baton Pass\n|\n|upkeep\n|turn|5\n|\n|t:|1776581008\n|switch|p2a: Sylveon|Sylveon, L50, F|100/100\n|move|p2b: Umbreon|Foul Play|p1b: Vega\n|-resisted|p1b: Vega|1\n|-damage|p1b: Vega|56/100\n|move|p1b: Vega|Close Combat|p2b: Umbreon\n|-supereffective|p2b: Umbreon|1\n|-damage|p2b: Umbreon|25/100\n|-unboost|p1b: Vega|def|1\n|-unboost|p1b: Vega|spd|1\n|-enditem|p1b: Vega|White Herb\n|-clearnegativeboost|p1b: Vega|[silent]\n|move|p1a: Elgee|Volt Switch|p2a: Sylveon\n|-damage|p2a: Sylveon|77/100\n|\n|t:|1776581024\n|switch|p1a: Lavash|Espathra, L50, M|68/100|[from] Volt Switch\n|\n|-heal|p2b: Umbreon|31/100|[from] item: Leftovers\n|upkeep\n|turn|6\n|\n|t:|1776581030\n|move|p1a: Lavash|Protect|p1a: Lavash\n|-singleturn|p1a: Lavash|Protect\n|move|p1b: Vega|Protect|p1b: Vega\n|-singleturn|p1b: Vega|Protect\n|move|p2a: Sylveon|Hyper Voice|p1a: Lavash|[spread] \n|-activate|p1a: Lavash|move: Protect\n|-activate|p1b: Vega|move: Protect\n|move|p2b: Umbreon|Moonlight|p2b: Umbreon\n|-heal|p2b: Umbreon|81/100\n|\n|-heal|p2b: Umbreon|87/100|[from] item: Leftovers\n|-fieldend|move: Trick Room\n|-ability|p1a: Lavash|Speed Boost|boost\n|-boost|p1a: Lavash|spe|1\n|upkeep\n|turn|7\n|\n|t:|1776581042\n|move|p2a: Sylveon|Detect|p2a: Sylveon\n|-singleturn|p2a: Sylveon|Protect\n|move|p1b: Vega|Close Combat|p2b: Umbreon\n|-supereffective|p2b: Umbreon|1\n|-damage|p2b: Umbreon|9/100\n|-unboost|p1b: Vega|def|1\n|-unboost|p1b: Vega|spd|1\n|move|p1a: Lavash|Dazzling Gleam|p2b: Umbreon|[spread] p2b\n|-activate|p2a: Sylveon|move: Protect\n|-supereffective|p2b: Umbreon|1\n|-crit|p2b: Umbreon\n|-damage|p2b: Umbreon|0 fnt\n|faint|p2b: Umbreon\n|\n|-ability|p1a: Lavash|Speed Boost|boost\n|-boost|p1a: Lavash|spe|1\n|upkeep\n|\n|t:|1776581050\n|switch|p2b: Vaporeon|Vaporeon, L50, M|100/100\n|turn|8\n|\n|t:|1776581066\n|move|p2a: Sylveon|Detect||[still]\n|-fail|p2a: Sylveon\n|move|p1b: Vega|Dire Claw|p2a: Sylveon\n|-supereffective|p2a: Sylveon|1\n|-damage|p2a: Sylveon|0 fnt\n|faint|p2a: Sylveon\n|move|p1a: Lavash|Lumina Crash|p2b: Vaporeon\n|-damage|p2b: Vaporeon|72/100\n|-unboost|p2b: Vaporeon|spd|2\n|move|p2b: Vaporeon|Scald|p1b: Vega\n|-damage|p1b: Vega|0 fnt\n|faint|p1b: Vega\n|\n|-ability|p1a: Lavash|Speed Boost|boost\n|-boost|p1a: Lavash|spe|1\n|upkeep\n|-message|sockperson forfeited.\n|\n|win|W0kMeDed\n|raw|W0kMeDed's rating: 1448 &rarr; <strong>1466</strong><br />(+18 for winning)\n|raw|sockperson's rating: 1412 &rarr; <strong>1394</strong><br />(-18 for losing)\n|l|\u2606sockperson\n|player|p2|\n",
  "uploadtime": 1776581076,
  "views": 13,
  "formatid": "gen9championsvgc2026regma",
  "rating": 1394,
  "private": 0,
  "password": null
}