{
  "id": "gen9championsvgc2026regma-2586893612",
  "format": "[Gen 9 Champions] VGC 2026 Reg M-A",
  "players": [
    "Despotia",
    "mr_miiez"
  ],
  "log": "|j|\u2606Despotia\n|j|\u2606mr_miiez\n|t:|1776469290\n|gametype|doubles\n|player|p1|Despotia|rainbowrocketgruntf|1105\n|player|p2|mr_miiez|rosa|1058\n|gen|9\n|tier|[Gen 9 Champions] VGC 2026 Reg M-A\n|rated|\n|rule|Species Clause: Limit one of each Pok\u00e9mon\n|rule|Item Clause: Limit 1 of each item\n|clearpoke\n|poke|p1|Starmie, L50|\n|poke|p1|Aegislash, L50, M|\n|poke|p1|Pelipper, L50, F|\n|poke|p1|Sneasler, L50, F|\n|poke|p1|Maushold-Four, L50|\n|poke|p1|Archaludon, L50, F|\n|poke|p2|Snorlax, L50, M|\n|poke|p2|Hawlucha, L50, F|\n|poke|p2|Vaporeon, L50, F|\n|poke|p2|Clefable, L50, M|\n|poke|p2|Milotic, L50, F|\n|poke|p2|Sableye, L50, F|\n|teampreview|4\n|inactive|Battle timer is ON: inactive players will automatically lose when time's up. (requested by Despotia)\n|c|\u2606Despotia|hf\nDespotia has agreed to open team sheets.\n|inactive|mr_miiez has 60 seconds left.\n|\n|t:|1776469338\n|teamsize|p1|4\n|teamsize|p2|4\n|start\n|switch|p1a: Pelipper|Pelipper, L50, F|100/100\n|switch|p1b: Archaludon|Archaludon, L50, F|100/100\n|switch|p2a: Vaporeon|Vaporeon, L50, F|100/100\n|switch|p2b: Milotic|Milotic, L50, F|100/100\n|-weather|RainDance|[from] ability: Drizzle|[of] p1a: Pelipper\n|turn|1\n|\n|t:|1776469357\n|move|p1a: Pelipper|Tailwind|p1a: Pelipper\n|-sidestart|p1: Despotia|move: Tailwind\n|move|p1b: Archaludon|Electro Shot||[still]\n|-prepare|p1b: Archaludon|Electro Shot\n|-boost|p1b: Archaludon|spa|1\n|-anim|p1b: Archaludon|Electro Shot|p2b: Milotic\n|-supereffective|p2b: Milotic|1\n|-damage|p2b: Milotic|15/100\n|move|p2b: Milotic|Light Screen|p2b: Milotic\n|-sidestart|p2: mr_miiez|move: Light Screen\n|move|p2a: Vaporeon|Acid Armor|p2a: Vaporeon\n|-boost|p2a: Vaporeon|def|2\n|\n|-weather|RainDance|[upkeep]\n|upkeep\n|turn|2\n|\n|t:|1776469377\n|move|p1a: Pelipper|Hurricane|p2b: Milotic\n|-damage|p2b: Milotic|0 fnt\n|faint|p2b: Milotic\n|move|p1b: Archaludon|Electro Shot||[still]\n|-prepare|p1b: Archaludon|Electro Shot\n|-boost|p1b: Archaludon|spa|1\n|-anim|p1b: Archaludon|Electro Shot|p2a: Vaporeon\n|-supereffective|p2a: Vaporeon|1\n|-damage|p2a: Vaporeon|37/100\n|-enditem|p2a: Vaporeon|Sitrus Berry|[eat]\n|-heal|p2a: Vaporeon|62/100|[from] item: Sitrus Berry\n|move|p2a: Vaporeon|Acid Armor|p2a: Vaporeon\n|-boost|p2a: Vaporeon|def|2\n|\n|-weather|RainDance|[upkeep]\n|upkeep\n|\n|t:|1776469398\n|switch|p2b: Hawlucha|Hawlucha, L50, F|100/100\n|turn|3\n|\n|t:|1776469409\n|detailschange|p2b: Hawlucha|Hawlucha-Mega, L50, F\n|-mega|p2b: Hawlucha|Hawlucha|Hawluchanite\n|move|p2b: Hawlucha|Detect|p2b: Hawlucha\n|-singleturn|p2b: Hawlucha|Protect\n|move|p1a: Pelipper|Hurricane|p2b: Hawlucha\n|-activate|p2b: Hawlucha|move: Protect\n|move|p1b: Archaludon|Electro Shot||[still]\n|-prepare|p1b: Archaludon|Electro Shot\n|-boost|p1b: Archaludon|spa|1\n|-anim|p1b: Archaludon|Electro Shot|p2a: Vaporeon\n|-supereffective|p2a: Vaporeon|1\n|-damage|p2a: Vaporeon|0 fnt\n|faint|p2a: Vaporeon\n|\n|-weather|RainDance|[upkeep]\n|upkeep\n|\n|t:|1776469425\n|switch|p2a: Snorlax|Snorlax, L50, M|100/100\n|turn|4\n|\n|t:|1776469440\n|move|p1a: Pelipper|Hurricane|p2b: Hawlucha\n|-supereffective|p2b: Hawlucha|1\n|-damage|p2b: Hawlucha|27/100\n|move|p1b: Archaludon|Electro Shot||[still]\n|-prepare|p1b: Archaludon|Electro Shot\n|-boost|p1b: Archaludon|spa|1\n|-anim|p1b: Archaludon|Electro Shot|p2a: Snorlax\n|-damage|p2a: Snorlax|58/100\n|move|p2b: Hawlucha|Entrainment|p2a: Snorlax\n|-ability|p2a: Snorlax|No Guard|Thick Fat|[from] move: Entrainment|[of] p2b: Hawlucha\n|move|p2a: Snorlax|Fissure|p1b: Archaludon\n|-damage|p1b: Archaludon|0 fnt\n|faint|p1b: Archaludon\n|-ohko\n|\n|-weather|RainDance|[upkeep]\n|-heal|p2a: Snorlax|64/100|[from] item: Leftovers\n|-sideend|p1: Despotia|move: Tailwind\n|upkeep\n|\n|t:|1776469452\n|switch|p1b: Maushold|Maushold-Four, L50|100/100\n|turn|5\n|\n|t:|1776469477\n|move|p2b: Hawlucha|Detect|p2b: Hawlucha\n|-singleturn|p2b: Hawlucha|Protect\n|move|p1b: Maushold|Super Fang|p2a: Snorlax\n|-damage|p2a: Snorlax|32/100\n|move|p1a: Pelipper|Hurricane|p2a: Snorlax\n|-damage|p2a: Snorlax|18/100\n|move|p2a: Snorlax|Fissure|p1b: Maushold\n|-damage|p1b: Maushold|0 fnt\n|faint|p1b: Maushold\n|-ohko\n|\n|-weather|none\n|-heal|p2a: Snorlax|24/100|[from] item: Leftovers\n|-sideend|p2: mr_miiez|move: Light Screen\n|upkeep\n|\n|t:|1776469485\n|switch|p1b: Starmie|Starmie, L50|100/100\n|turn|6\n|\n|t:|1776469506\n|detailschange|p1b: Starmie|Starmie-Mega, L50\n|-mega|p1b: Starmie|Starmie|Starminite\n|move|p2b: Hawlucha|Rock Slide|p1b: Starmie|[spread] p1a,p1b\n|-supereffective|p1a: Pelipper|1\n|-damage|p1a: Pelipper|46/100\n|-damage|p1b: Starmie|77/100\n|move|p1b: Starmie|Liquidation|p2a: Snorlax\n|-damage|p2a: Snorlax|0 fnt\n|faint|p2a: Snorlax\n|move|p1a: Pelipper|Hurricane|p2b: Hawlucha\n|-supereffective|p2b: Hawlucha|1\n|-damage|p2b: Hawlucha|0 fnt\n|faint|p2b: Hawlucha\n|\n|win|Despotia\n|raw|Despotia's rating: 1105 &rarr; <strong>1127</strong><br />(+22 for winning)\n|raw|mr_miiez's rating: 1058 &rarr; <strong>1042</strong><br />(-16 for losing)\n|c|\u2606Despotia|gg\n",
  "uploadtime": 1776469521,
  "views": 25,
  "formatid": "gen9championsvgc2026regma",
  "rating": 1042,
  "private": 0,
  "password": null
}