{
  "id": "gen9championsvgc2026regma-2581893850",
  "format": "[Gen 9 Champions] VGC 2026 Reg M-A",
  "players": [
    "Marshadow202",
    "lil urshi vert"
  ],
  "log": "|j|\u2606Marshadow202\n|j|\u2606lil urshi vert\n|t:|1776037444\n|gametype|doubles\n|player|p1|Marshadow202|lillie-masters2|1041\n|player|p2|lil urshi vert|acetrainer-gen2|1000\n|gen|9\n|tier|[Gen 9 Champions] VGC 2026 Reg M-A\n|rated|\n|rule|Species Clause: Limit one of each Pok\u00e9mon\n|rule|Item Clause: Limit 1 of each item\n|clearpoke\n|poke|p1|Scizor, L50, M|\n|poke|p1|Pelipper, L50, M|\n|poke|p1|Sinistcha, L50|\n|poke|p1|Incineroar, L50, M|\n|poke|p1|Archaludon, L50, M|\n|poke|p1|Palafin, L50, M|\n|poke|p2|Incineroar, L50, F|\n|poke|p2|Victreebel, L50, F|\n|poke|p2|Sneasler, L50, M|\n|poke|p2|Reuniclus, L50, M|\n|poke|p2|Pelipper, L50, F|\n|poke|p2|Archaludon, L50, M|\n|teampreview|4\n|\n|t:|1776037479\n|teamsize|p1|4\n|teamsize|p2|4\n|start\n|switch|p1a: Palafin|Palafin, L50, M|100/100\n|switch|p1b: Incineroar|Incineroar, L50, M|100/100\n|switch|p2a: Reuniclus|Reuniclus, L50, M|100/100\n|switch|p2b: Archaludon|Archaludon, L50, M|100/100\n|-ability|p1b: Incineroar|Intimidate|boost\n|-unboost|p2a: Reuniclus|atk|1\n|-unboost|p2b: Archaludon|atk|1\n|turn|1\n|\n|t:|1776037497\n|move|p1a: Palafin|Flip Turn|p2a: Reuniclus\n|-damage|p2a: Reuniclus|74/100\n|\n|t:|1776037503\n|detailschange|p1a: Palafin|Palafin-Hero, L50, M\n|switch|p1a: Scizor|Scizor, L50, M|100/100|[from] Flip Turn\n|move|p2b: Archaludon|Stealth Rock|p1b: Incineroar\n|-sidestart|p1: Marshadow202|move: Stealth Rock\n|move|p1b: Incineroar|Parting Shot|p2a: Reuniclus\n|-unboost|p2a: Reuniclus|atk|1\n|-unboost|p2a: Reuniclus|spa|1\n|\n|t:|1776037512\n|switch|p1b: Palafin|Palafin-Hero, L50, M|100/100|[from] Parting Shot\n|-damage|p1b: Palafin|88/100|[from] Stealth Rock\n|-activate|p1b: Palafin|ability: Zero to Hero\n|move|p2a: Reuniclus|Trick Room|p2a: Reuniclus\n|-fieldstart|move: Trick Room|[of] p2a: Reuniclus\n|\n|upkeep\n|turn|2\n|\n|t:|1776037521\n|switch|p2a: Pelipper|Pelipper, L50, F|100/100\n|-weather|RainDance|[from] ability: Drizzle|[of] p2a: Pelipper\n|detailschange|p1a: Scizor|Scizor-Mega, L50, M\n|-mega|p1a: Scizor|Scizor|Scizorite\n|move|p1a: Scizor|Swords Dance|p1a: Scizor\n|-boost|p1a: Scizor|atk|2\n|move|p2b: Archaludon|Electro Shot||[still]\n|-prepare|p2b: Archaludon|Electro Shot\n|-boost|p2b: Archaludon|spa|1\n|-anim|p2b: Archaludon|Electro Shot|p1b: Palafin\n|-supereffective|p1b: Palafin|1\n|-damage|p1b: Palafin|0 fnt\n|faint|p1b: Palafin\n|\n|-weather|RainDance|[upkeep]\n|upkeep\n|\n|t:|1776037530\n|switch|p1b: Archaludon|Archaludon, L50, M|100/100\n|-damage|p1b: Archaludon|94/100|[from] Stealth Rock\n|turn|3\n|\n|t:|1776037540\n|move|p1b: Archaludon|Protect|p1b: Archaludon\n|-singleturn|p1b: Archaludon|Protect\n|move|p1a: Scizor|Dual Wingbeat|p2a: Pelipper\n|-damage|p2a: Pelipper|42/100\n|-damage|p2a: Pelipper|0 fnt\n|faint|p2a: Pelipper\n|-hitcount|p2: Pelipper|2\n|move|p2b: Archaludon|Draco Meteor|p1b: Archaludon\n|-activate|p1b: Archaludon|move: Protect\n|\n|-weather|RainDance|[upkeep]\n|-heal|p1b: Archaludon|100/100|[from] item: Leftovers\n|upkeep\n|\n|t:|1776037547\n|switch|p2a: Reuniclus|Reuniclus, L50, M|74/100\n|turn|4\n|\n|t:|1776037559\n|move|p1a: Scizor|Bullet Punch|p2a: Reuniclus\n|-damage|p2a: Reuniclus|0 fnt\n|faint|p2a: Reuniclus\n|move|p2b: Archaludon|Draco Meteor|p1b: Archaludon\n|-damage|p1b: Archaludon|0 fnt\n|-unboost|p2b: Archaludon|spa|2\n|faint|p1b: Archaludon\n|\n|-weather|RainDance|[upkeep]\n|upkeep\n|\n|t:|1776037566\n|switch|p2a: Victreebel|Victreebel, L50, F|100/100\n|switch|p1b: Incineroar|Incineroar, L50, M|100/100\n|-damage|p1b: Incineroar|76/100|[from] Stealth Rock\n|-ability|p1b: Incineroar|Intimidate|boost\n|-unboost|p2a: Victreebel|atk|1\n|-unboost|p2b: Archaludon|atk|1\n|turn|5\n|\n|t:|1776037575\n|detailschange|p2a: Victreebel|Victreebel-Mega, L50, F\n|-mega|p2a: Victreebel|Victreebel|Victreebelite\n|move|p1b: Incineroar|Fake Out|p2b: Archaludon\n|-resisted|p2b: Archaludon|1\n|-damage|p2b: Archaludon|96/100\n|move|p2a: Victreebel|Strength Sap|p1a: Scizor\n|-unboost|p1a: Scizor|atk|1\n|move|p1a: Scizor|Swords Dance|p1a: Scizor\n|-boost|p1a: Scizor|atk|2\n|cant|p2b: Archaludon|flinch\n|\n|-weather|RainDance|[upkeep]\n|-fieldend|move: Trick Room\n|upkeep\n|turn|6\n|\n|t:|1776037592\n|move|p2b: Archaludon|Protect|p2b: Archaludon\n|-singleturn|p2b: Archaludon|Protect\n|move|p1a: Scizor|Dual Wingbeat|p2a: Victreebel\n|-supereffective|p2a: Victreebel|1\n|-damage|p2a: Victreebel|0 fnt\n|-damage|p1a: Scizor|0 fnt|[from] ability: Innards Out|[of] p2a: Victreebel\n|faint|p2a: Victreebel\n|faint|p1a: Scizor\n|-hitcount|p2: Victreebel|1\n|move|p1b: Incineroar|Flare Blitz|p2b: Archaludon\n|-activate|p2b: Archaludon|move: Protect\n|\n|-weather|none\n|upkeep\n|turn|7\n|\n|t:|1776037605\n|move|p2b: Archaludon|Electro Shot||[still]\n|-prepare|p2b: Archaludon|Electro Shot\n|-boost|p2b: Archaludon|spa|1\n|move|p1b: Incineroar|Flare Blitz|p2b: Archaludon\n|-damage|p2b: Archaludon|61/100\n|-damage|p1b: Incineroar|65/100|[from] Recoil\n|\n|upkeep\n|turn|8\n|\n|t:|1776037612\n|move|p2b: Archaludon|Electro Shot|p1b: Incineroar|[from] lockedmove\n|-damage|p1b: Incineroar|30/100\n|move|p1b: Incineroar|Parting Shot|p2b: Archaludon\n|-unboost|p2b: Archaludon|atk|1\n|-unboost|p2b: Archaludon|spa|1\n|\n|upkeep\n|turn|9\n|\n|t:|1776037617\n|move|p2b: Archaludon|Draco Meteor|p1b: Incineroar\n|-damage|p1b: Incineroar|0 fnt\n|-unboost|p2b: Archaludon|spa|2\n|faint|p1b: Incineroar\n|\n|win|lil urshi vert\n|raw|Marshadow202's rating: 1041 &rarr; <strong>1025</strong><br />(-16 for losing)\n|raw|lil urshi vert's rating: 1041 &rarr; <strong>1075</strong><br />(+34 for winning)\n|l|\u2606Marshadow202\n|player|p1|\n|l|\u2606lil urshi vert\n|player|p2|\n|j|\u2606lil urshi vert\n|player|p2|lil urshi vert|acetrainer-gen2|\n",
  "uploadtime": 1776037656,
  "views": 15,
  "formatid": "gen9championsvgc2026regma",
  "rating": 1025,
  "private": 0,
  "password": null
}