{
  "id": "gen9championsvgc2026regma-2582798913",
  "format": "[Gen 9 Champions] VGC 2026 Reg M-A",
  "players": [
    "DavidTIS",
    "AeroBBlast"
  ],
  "log": "|j|\u2606DavidTIS\n|j|\u2606AeroBBlast\n|t:|1776114977\n|gametype|doubles\n|player|p1|DavidTIS|265|1061\n|player|p2|AeroBBlast|miku-flying|1042\n|gen|9\n|tier|[Gen 9 Champions] VGC 2026 Reg M-A\n|rated|\n|rule|Species Clause: Limit one of each Pok\u00e9mon\n|rule|Item Clause: Limit 1 of each item\n|clearpoke\n|poke|p1|Starmie, L50|\n|poke|p1|Lucario, L50, F|\n|poke|p1|Lycanroc-Dusk, L50, M|\n|poke|p1|Hydreigon, L50, M|\n|poke|p1|Slowbro-Galar, L50, M|\n|poke|p1|Charizard, L50, F|\n|poke|p2|Sylveon, L50, M|\n|poke|p2|Incineroar, L50, F|\n|poke|p2|Farigiraf, L50, M|\n|poke|p2|Golurk, L50|\n|poke|p2|Archaludon, L50, M|\n|poke|p2|Politoed, L50, F|\n|teampreview|4\nAeroBBlast rejected open team sheets.\n|\n|t:|1776115023\n|teamsize|p1|4\n|teamsize|p2|4\n|start\n|switch|p1a: Starmie|Starmie, L50|100/100\n|switch|p1b: Hydreigon|Hydreigon, L50, M|100/100\n|switch|p2a: Incineroar|Incineroar, L50, F, shiny|100/100\n|switch|p2b: Farigiraf|Farigiraf, L50, M, shiny|100/100\n|-ability|p2a: Incineroar|Intimidate|boost\n|-unboost|p1a: Starmie|atk|1\n|-unboost|p1b: Hydreigon|atk|1\n|-enditem|p1b: Hydreigon|White Herb\n|-clearnegativeboost|p1b: Hydreigon|[silent]\n|turn|1\n|\n|t:|1776115046\n|move|p1a: Starmie|Protect|p1a: Starmie\n|-singleturn|p1a: Starmie|Protect\n|move|p2a: Incineroar|Fake Out|p1b: Hydreigon\n|-damage|p1b: Hydreigon|86/100\n|cant|p1b: Hydreigon|flinch\n|move|p2b: Farigiraf|Trick Room|p2b: Farigiraf\n|-fieldstart|move: Trick Room|[of] p2b: Farigiraf\n|\n|upkeep\n|turn|2\n|\n|t:|1776115068\n|switch|p1a: Lucario|Lucario, L50, F|100/100\n|move|p2b: Farigiraf|Imprison|p2b: Farigiraf\n|-start|p2b: Farigiraf|move: Imprison\n|move|p2a: Incineroar|Parting Shot|p1b: Hydreigon\n|-unboost|p1b: Hydreigon|atk|1\n|-unboost|p1b: Hydreigon|spa|1\n|\n|t:|1776115077\n|switch|p2a: Sylveon|Sylveon, L50, M, shiny|100/100|[from] Parting Shot\n|move|p1b: Hydreigon|Dark Pulse|p2b: Farigiraf\n|-supereffective|p2b: Farigiraf|1\n|-enditem|p2b: Farigiraf|Colbur Berry|[eat]\n|-enditem|p2b: Farigiraf|Colbur Berry|[weaken]\n|-damage|p2b: Farigiraf|79/100\n|\n|upkeep\n|turn|3\n|\n|t:|1776115102\n|switch|p1b: Slowbro|Slowbro-Galar, L50, M|100/100\n|move|p2b: Farigiraf|Helping Hand|p2a: Sylveon\n|-singleturn|p2a: Sylveon|Helping Hand|[of] p2b: Farigiraf\n|move|p2a: Sylveon|Hyper Voice|p1a: Lucario|[spread] p1a,p1b\n|-resisted|p1b: Slowbro|1\n|-damage|p1a: Lucario|0 fnt\n|-damage|p1b: Slowbro|57/100\n|faint|p1a: Lucario\n|\n|-heal|p1b: Slowbro|63/100|[from] item: Leftovers\n|upkeep\n|\n|t:|1776115117\n|switch|p1a: Hydreigon|Hydreigon, L50, M|86/100\n|turn|4\n|\n|t:|1776115129\n|move|p2b: Farigiraf|Helping Hand|p2a: Sylveon\n|-singleturn|p2a: Sylveon|Helping Hand|[of] p2b: Farigiraf\n|move|p1b: Slowbro|Shell Side Arm|p2a: Sylveon|[anim] Shell Side Arm Physical\n|-supereffective|p2a: Sylveon|1\n|-damage|p2a: Sylveon|0 fnt\n|-hint|Physical Shell Side Arm\n|faint|p2a: Sylveon\n|move|p1a: Hydreigon|Dark Pulse|p2b: Farigiraf\n|-supereffective|p2b: Farigiraf|1\n|-damage|p2b: Farigiraf|21/100\n|\n|-heal|p1b: Slowbro|69/100|[from] item: Leftovers\n|upkeep\n|\n|t:|1776115142\n|switch|p2a: Incineroar|Incineroar, L50, F, shiny|100/100\n|-ability|p2a: Incineroar|Intimidate|boost\n|-unboost|p1a: Hydreigon|atk|1\n|-unboost|p1b: Slowbro|atk|1\n|turn|5\n|l|\u2606AeroBBlast\n|player|p2|\n|inactive|Battle timer is ON: inactive players will automatically lose when time's up. (requested by DavidTIS)\n|inactive|AeroBBlast has 30 seconds to reconnect!\n|inactive|AeroBBlast has 20 seconds to reconnect!\n|inactive|AeroBBlast has 15 seconds to reconnect!\n|inactive|AeroBBlast has 10 seconds to reconnect!\n|inactive|AeroBBlast has 5 seconds to reconnect!\n|-message|AeroBBlast lost due to inactivity.\n|\n|win|DavidTIS\n|raw|DavidTIS's rating: 1061 &rarr; <strong>1090</strong><br />(+29 for winning)\n|raw|AeroBBlast's rating: 1042 &rarr; <strong>1027</strong><br />(-15 for losing)\n",
  "uploadtime": 1776115259,
  "views": 28,
  "formatid": "gen9championsvgc2026regma",
  "rating": 1027,
  "private": 0,
  "password": null
}