{
  "id": "gen9championsvgc2026regma-2588482526",
  "format": "[Gen 9 Champions] VGC 2026 Reg M-A",
  "players": [
    "dr. chai",
    "uuyugftxdzrsfA"
  ],
  "log": "|j|\u2606dr. chai\n|j|\u2606uuyugftxdzrsfA\n|t:|1776637509\n|gametype|doubles\n|player|p1|dr. chai|dahlia|1171\n|player|p2|uuyugftxdzrsfA|266|1133\n|gen|9\n|tier|[Gen 9 Champions] VGC 2026 Reg M-A\n|rated|\n|rule|Species Clause: Limit one of each Pok\u00e9mon\n|rule|Item Clause: Limit 1 of each item\n|clearpoke\n|poke|p1|Torkoal, L50, M|\n|poke|p1|Farigiraf, L50, M|\n|poke|p1|Camerupt, L50, F|\n|poke|p1|Rotom-Wash, L50|\n|poke|p1|Venusaur, L50, M|\n|poke|p1|Drampa, L50, M|\n|poke|p2|Floette-Eternal, L50, F|\n|poke|p2|Sylveon, L50, F|\n|poke|p2|Garchomp, L50, M|\n|poke|p2|Corviknight, L50, M|\n|poke|p2|Talonflame, L50, M|\n|poke|p2|Torkoal, L50, M|\n|teampreview|4\n|inactive|Battle timer is ON: inactive players will automatically lose when time's up. (requested by dr. chai)\n|inactive|uuyugftxdzrsfA also wants the timer to be on.\nuuyugftxdzrsfA rejected open team sheets.\n|\n|t:|1776637535\n|teamsize|p1|4\n|teamsize|p2|4\n|start\n|switch|p1a: Farigiraf|Farigiraf, L50, M|100/100\n|switch|p1b: Camerupt|Camerupt, L50, F|100/100\n|switch|p2a: Floette|Floette-Eternal, L50, F|100/100\n|switch|p2b: Sylveon|Sylveon, L50, F|100/100\n|turn|1\n|\n|t:|1776637547\n|detailschange|p2a: Floette|Floette-Mega, L50, F\n|-mega|p2a: Floette|Floette|Floettite\n|-ability|p2a: Floette|Fairy Aura\n|detailschange|p1b: Camerupt|Camerupt-Mega, L50, F\n|-mega|p1b: Camerupt|Camerupt|Cameruptite\n|move|p1b: Camerupt|Protect|p1b: Camerupt\n|-singleturn|p1b: Camerupt|Protect\n|move|p2a: Floette|Moonblast|p1a: Farigiraf\n|-damage|p1a: Farigiraf|26/100\n|move|p2b: Sylveon|Moonblast|p1a: Farigiraf\n|-damage|p1a: Farigiraf|0 fnt\n|faint|p1a: Farigiraf\n|\n|upkeep\n|\n|t:|1776637551\n|switch|p1a: Torkoal|Torkoal, L50, M|100/100\n|-weather|SunnyDay|[from] ability: Drought|[of] p1a: Torkoal\n|turn|2\n|\n|t:|1776637566\n|switch|p1a: Venusaur|Venusaur, L50, M|100/100\n|move|p2a: Floette|Light of Ruin|p1b: Camerupt\n|-resisted|p1b: Camerupt|1\n|-damage|p1b: Camerupt|47/100\n|-damage|p2a: Floette|74/100|[from] Recoil\n|move|p2b: Sylveon|Hyper Beam|p1b: Camerupt\n|-resisted|p1b: Camerupt|1\n|-damage|p1b: Camerupt|0 fnt\n|-mustrecharge|p2b: Sylveon\n|faint|p1b: Camerupt\n|\n|-weather|SunnyDay|[upkeep]\n|upkeep\n|\n|t:|1776637569\n|switch|p1b: Torkoal|Torkoal, L50, M|100/100\n|turn|3\n|\n|t:|1776637580\n|move|p2a: Floette|Protect|p2a: Floette\n|-singleturn|p2a: Floette|Protect\n|move|p1a: Venusaur|Sludge Bomb|p2b: Sylveon\n|-supereffective|p2b: Sylveon|1\n|-damage|p2b: Sylveon|47/100\n|-status|p2b: Sylveon|psn\n|cant|p2b: Sylveon|recharge\n|move|p1b: Torkoal|Eruption|p2a: Floette|[spread] p2b\n|-activate|p2a: Floette|move: Protect\n|-damage|p2b: Sylveon|0 fnt\n|faint|p2b: Sylveon\n|\n|-weather|SunnyDay|[upkeep]\n|upkeep\n|\n|t:|1776637590\n|switch|p2b: Garchomp|Garchomp, L50, M|100/100\n|turn|4\n|\n|t:|1776637604\n|move|p1b: Torkoal|Protect|p1b: Torkoal\n|-singleturn|p1b: Torkoal|Protect\n|move|p1a: Venusaur|Sludge Bomb|p2a: Floette\n|-supereffective|p2a: Floette|1\n|-damage|p2a: Floette|21/100\n|-status|p2a: Floette|psn\n|move|p2b: Garchomp|Rock Slide|p1a: Venusaur|[spread] p1a\n|-activate|p1b: Torkoal|move: Protect\n|-damage|p1a: Venusaur|70/100\n|move|p2a: Floette|Moonblast|p1a: Venusaur\n|-resisted|p1a: Venusaur|1\n|-damage|p1a: Venusaur|24/100\n|\n|-weather|SunnyDay|[upkeep]\n|-damage|p2a: Floette|9/100 psn|[from] psn\n|upkeep\n|turn|5\n|\n|t:|1776637623\n|move|p2a: Floette|Protect|p2a: Floette\n|-singleturn|p2a: Floette|Protect\n|move|p1a: Venusaur|Solar Beam||[still]\n|-prepare|p1a: Venusaur|Solar Beam\n|-anim|p1a: Venusaur|Solar Beam|p2b: Garchomp\n|-damage|p2b: Garchomp|30/100\n|move|p2b: Garchomp|Rock Slide|p1a: Venusaur|[spread] p1a,p1b\n|-supereffective|p1b: Torkoal|1\n|-damage|p1a: Venusaur|0 fnt\n|-damage|p1b: Torkoal|68/100\n|faint|p1a: Venusaur\n|cant|p1b: Torkoal|flinch\n|\n|-weather|SunnyDay|[upkeep]\n|-damage|p2a: Floette|0 fnt|[from] psn\n|faint|p2a: Floette\n|upkeep\n|\n|t:|1776637632\n|switch|p2a: Torkoal|Torkoal, L50, M|100/100\n|turn|6\n|\n|t:|1776637638\n|move|p2a: Torkoal|Helping Hand|p2b: Garchomp\n|-singleturn|p2b: Garchomp|Helping Hand|[of] p2a: Torkoal\n|move|p2b: Garchomp|Rock Slide|p1b: Torkoal\n|-supereffective|p1b: Torkoal|1\n|-damage|p1b: Torkoal|1/100\n|move|p1b: Torkoal|Eruption|p2a: Torkoal|[spread] p2a,p2b\n|-resisted|p2a: Torkoal|1\n|-resisted|p2b: Garchomp|1\n|-damage|p2a: Torkoal|99/100\n|-damage|p2b: Garchomp|30/100\n|\n|-weather|none\n|upkeep\n|turn|7\n|\n|t:|1776637654\n|move|p2b: Garchomp|Rock Slide|p1b: Torkoal\n|-supereffective|p1b: Torkoal|1\n|-damage|p1b: Torkoal|0 fnt\n|faint|p1b: Torkoal\n|\n|win|uuyugftxdzrsfA\n|raw|dr. chai's rating: 1171 &rarr; <strong>1143</strong><br />(-28 for losing)\n|raw|uuyugftxdzrsfA's rating: 1133 &rarr; <strong>1161</strong><br />(+28 for winning)\n|l|\u2606dr. chai\n|player|p1|\n",
  "uploadtime": 1776637659,
  "views": 14,
  "formatid": "gen9championsvgc2026regma",
  "rating": 1143,
  "private": 0,
  "password": null
}