{
  "id": "gen9championsvgc2026regma-2580571282",
  "format": "[Gen 9 Champions] VGC 2026 Reg M-A",
  "players": [
    "Mence",
    "LancelotFaberge"
  ],
  "log": "|j|\u2606Mence\n|j|\u2606LancelotFaberge\n|t:|1775914070\n|gametype|doubles\n|player|p1|Mence|1|\n|player|p2|LancelotFaberge|265|\n|gen|9\n|tier|[Gen 9 Champions] VGC 2026 Reg M-A\n|rule|Species Clause: Limit one of each Pok\u00e9mon\n|rule|Item Clause: Limit 1 of each item\n|clearpoke\n|poke|p1|Incineroar, L50, M|\n|poke|p1|Sinistcha, L50|\n|poke|p1|Archaludon, L50, M|\n|poke|p1|Pelipper, L50, M|\n|poke|p1|Basculegion, L50, M|\n|poke|p1|Gardevoir, L50, F|\n|poke|p2|Froslass, L50, F|\n|poke|p2|Rotom-Wash, L50|\n|poke|p2|Sneasler, L50, M|\n|poke|p2|Arcanine-Hisui, L50, M|\n|poke|p2|Glaceon, L50, F|\n|poke|p2|Garchomp, L50, F|\n|teampreview|4\n|\n|t:|1775914236\n|teamsize|p1|4\n|teamsize|p2|4\n|start\n|switch|p1a: Incineroar|Incineroar, L50, M, shiny|100/100\n|switch|p1b: Pelipper|Pelipper, L50, M|100/100\n|switch|p2a: Ross|Rotom-Wash, L50, shiny|100/100\n|switch|p2b: Blitzwolfer|Arcanine-Hisui, L50, M|100/100\n|-ability|p2b: Blitzwolfer|Intimidate|boost\n|-unboost|p1a: Incineroar|atk|1\n|-unboost|p1b: Pelipper|atk|1\n|-weather|RainDance|[from] ability: Drizzle|[of] p1b: Pelipper\n|-ability|p1a: Incineroar|Intimidate|boost\n|-unboost|p2a: Ross|atk|1\n|-unboost|p2b: Blitzwolfer|atk|1\n|turn|1\n|\n|t:|1775914278\n|move|p2b: Blitzwolfer|Protect|p2b: Blitzwolfer\n|-singleturn|p2b: Blitzwolfer|Protect\n|move|p1a: Incineroar|Fake Out|p2b: Blitzwolfer\n|-activate|p2b: Blitzwolfer|move: Protect\n|move|p1b: Pelipper|Tailwind|p1b: Pelipper\n|-sidestart|p1: Mence|move: Tailwind\n|move|p2a: Ross|Thunderbolt|p1b: Pelipper\n|-supereffective|p1b: Pelipper|2\n|-enditem|p1b: Pelipper|Focus Sash\n|-damage|p1b: Pelipper|1/100\n|\n|-weather|RainDance|[upkeep]\n|upkeep\n|turn|2\n|\n|t:|1775914305\n|move|p2b: Blitzwolfer|Extreme Speed|p1b: Pelipper\n|-damage|p1b: Pelipper|0 fnt\n|faint|p1b: Pelipper\n|move|p1a: Incineroar|Parting Shot|p2a: Ross\n|-unboost|p2a: Ross|atk|1\n|-unboost|p2a: Ross|spa|1\n|\n|t:|1775914315\n|switch|p1a: Geodon MK II|Archaludon, L50, M, shiny|100/100|[from] Parting Shot\n|move|p2a: Ross|Hydro Pump|p1a: Geodon MK II\n|-resisted|p1a: Geodon MK II|1\n|-damage|p1a: Geodon MK II|60/100\n|-ability|p1a: Geodon MK II|Stamina|boost\n|-boost|p1a: Geodon MK II|def|1\n|\n|-weather|RainDance|[upkeep]\n|upkeep\n|\n|t:|1775914336\n|switch|p1b: Incineroar|Incineroar, L50, M, shiny|100/100\n|-ability|p1b: Incineroar|Intimidate|boost\n|-unboost|p2a: Ross|atk|1\n|-unboost|p2b: Blitzwolfer|atk|1\n|turn|3\n|\n|t:|1775914390\n|switch|p2a: FEISTY|Froslass, L50, F, shiny|100/100\n|move|p2b: Blitzwolfer|Protect|p2b: Blitzwolfer\n|-singleturn|p2b: Blitzwolfer|Protect\n|move|p1b: Incineroar|Fake Out|p2a: FEISTY\n|-immune|p2a: FEISTY\n|move|p1a: Geodon MK II|Electro Shot||[still]\n|-prepare|p1a: Geodon MK II|Electro Shot\n|-boost|p1a: Geodon MK II|spa|1\n|-anim|p1a: Geodon MK II|Electro Shot|p2a: FEISTY\n|-damage|p2a: FEISTY|0 fnt\n|faint|p2a: FEISTY\n|\n|-weather|RainDance|[upkeep]\n|upkeep\n|\n|t:|1775914407\n|switch|p2a: Skyler|Sneasler, L50, M|100/100\n|turn|4\n|\n|t:|1775914494\n|move|p2a: Skyler|Fake Out|p1a: Geodon MK II\n|-resisted|p1a: Geodon MK II|1\n|-damage|p1a: Geodon MK II|56/100\n|-ability|p1a: Geodon MK II|Stamina|boost\n|-boost|p1a: Geodon MK II|def|1\n|cant|p1a: Geodon MK II|flinch\n|move|p1b: Incineroar|Throat Chop|p2a: Skyler\n|-resisted|p2a: Skyler|1\n|-damage|p2a: Skyler|74/100\n|-start|p2a: Skyler|Throat Chop|[silent]\n|move|p2b: Blitzwolfer|Rock Slide|p1b: Incineroar|[spread] p1b\n|-miss|p2b: Blitzwolfer|p1a: Geodon MK II\n|-supereffective|p1b: Incineroar|1\n|-damage|p1b: Incineroar|74/100\n|\n|-weather|RainDance|[upkeep]\n|-sideend|p1: Mence|move: Tailwind\n|upkeep\n|turn|5\n|\n|t:|1775914531\n|move|p2a: Skyler|Close Combat|p1a: Geodon MK II\n|-supereffective|p1a: Geodon MK II|1\n|-crit|p1a: Geodon MK II\n|-damage|p1a: Geodon MK II|0 fnt\n|-unboost|p2a: Skyler|def|1\n|-unboost|p2a: Skyler|spd|1\n|faint|p1a: Geodon MK II\n|move|p2b: Blitzwolfer|Rock Slide|p1b: Incineroar\n|-supereffective|p1b: Incineroar|1\n|-crit|p1b: Incineroar\n|-damage|p1b: Incineroar|0 fnt\n|faint|p1b: Incineroar\n|\n|-weather|none\n|-end|p2a: Skyler|Throat Chop|[silent]\n|upkeep\n|\n|t:|1775914545\n|switch|p1a: Thana Fly|Gardevoir, L50, F, shiny|100/100\n|-ability|p1a: Thana Fly|Poison Touch|Trace|[from] ability: Trace|[of] p2a: Skyler\n|turn|6\n|\n|t:|1775914579\n|detailschange|p1a: Thana Fly|Gardevoir-Mega, L50, F, shiny\n|-mega|p1a: Thana Fly|Gardevoir|Gardevoirite\n|move|p2b: Blitzwolfer|Extreme Speed|p1a: Thana Fly\n|-damage|p1a: Thana Fly|78/100\n|move|p2a: Skyler|Dire Claw|p1a: Thana Fly\n|-supereffective|p1a: Thana Fly|1\n|-damage|p1a: Thana Fly|0 fnt\n|faint|p1a: Thana Fly\n|\n|win|LancelotFaberge\n",
  "uploadtime": 1775914593,
  "views": 10,
  "formatid": "gen9championsvgc2026regma",
  "rating": null,
  "private": 0,
  "password": null
}