{
  "id": "gen9championsvgc2026regma-2582959745",
  "format": "[Gen 9 Champions] VGC 2026 Reg M-A",
  "players": [
    "vegemite360",
    "mrspoppy"
  ],
  "log": "|j|\u2606vegemite360\n|j|\u2606mrspoppy\n|t:|1776128585\n|gametype|doubles\n|player|p1|vegemite360|bugcatcher-gen4dp|1228\n|player|p2|mrspoppy|169|1297\n|gen|9\n|tier|[Gen 9 Champions] VGC 2026 Reg M-A\n|rated|\n|rule|Species Clause: Limit one of each Pok\u00e9mon\n|rule|Item Clause: Limit 1 of each item\n|clearpoke\n|poke|p1|Crabominable, L50, F|\n|poke|p1|Primarina, L50, M|\n|poke|p1|Armarouge, L50, F|\n|poke|p1|Drampa, L50, F|\n|poke|p1|Sinistcha, L50|\n|poke|p1|Incineroar, L50, M|\n|poke|p2|Blastoise, L50, F|\n|poke|p2|Sinistcha, L50|\n|poke|p2|Incineroar, L50, M|\n|poke|p2|Sneasler, L50, F|\n|poke|p2|Kingambit, L50, M|\n|poke|p2|Basculegion, L50, M|\n|teampreview|4\n|inactive|Battle timer is ON: inactive players will automatically lose when time's up. (requested by vegemite360)\n|inactive|vegemite360 has 60 seconds left.\n|inactive|mrspoppy has 60 seconds left.\n|l|\u2606mrspoppy\n|inactive|mrspoppy disconnected and has a minute to reconnect!\n|player|p2|\n|inactive|mrspoppy has 30 seconds left.\n|j|\u2606mrspoppy\n|inactive|mrspoppy reconnected and has 30 seconds left.\n|player|p2|mrspoppy|169|\n|inactive|mrspoppy has 20 seconds left.\n|inactive|mrspoppy has 15 seconds left.\n|inactive|mrspoppy has 10 seconds left.\n|inactive|mrspoppy has 5 seconds left.\n|\n|t:|1776128673\n|teamsize|p1|4\n|teamsize|p2|4\n|start\n|switch|p1a: Sinistcha|Sinistcha, L50|100/100\n|switch|p1b: Primarina|Primarina, L50, M|100/100\n|switch|p2a: Blastoise|Blastoise, L50, F|100/100\n|switch|p2b: Kingambit|Kingambit, L50, M|100/100\n|turn|1\n|\n|t:|1776128698\n|detailschange|p2a: Blastoise|Blastoise-Mega, L50, F\n|-mega|p2a: Blastoise|Blastoise|Blastoisinite\n|move|p2a: Blastoise|Ice Beam|p1a: Sinistcha\n|-supereffective|p1a: Sinistcha|1\n|-damage|p1a: Sinistcha|25/100\n|move|p1b: Primarina|Hyper Voice|p2a: Blastoise|[spread] p2a,p2b\n|-resisted|p2a: Blastoise|1\n|-damage|p2a: Blastoise|83/100\n|-damage|p2b: Kingambit|58/100\n|move|p2b: Kingambit|Kowtow Cleave|p1a: Sinistcha\n|-supereffective|p1a: Sinistcha|1\n|-enditem|p1a: Sinistcha|Colbur Berry|[eat]\n|-enditem|p1a: Sinistcha|Colbur Berry|[weaken]\n|-damage|p1a: Sinistcha|0 fnt\n|faint|p1a: Sinistcha\n|\n|upkeep\n|\n|t:|1776128707\n|switch|p1a: Crabominable|Crabominable, L50, F|100/100\n|turn|2\n|l|\u2606mrspoppy\n|inactive|mrspoppy disconnected and has a minute to reconnect!\n|player|p2|\n|inactive|mrspoppy has 30 seconds left.\n|inactive|vegemite360 has 30 seconds left.\n|j|\u2606mrspoppy\n|inactive|mrspoppy reconnected and has 25 seconds left.\n|player|p2|mrspoppy|169|\n|inactive|mrspoppy has 20 seconds left.\n|inactive|mrspoppy has 15 seconds left.\n|inactive|mrspoppy has 10 seconds left.\n|inactive|mrspoppy has 5 seconds left.\n|\n|t:|1776128758\n|detailschange|p1a: Crabominable|Crabominable-Mega, L50, F\n|-mega|p1a: Crabominable|Crabominable|Crabominite\n|move|p1a: Crabominable|Mach Punch|p2b: Kingambit\n|-supereffective|p2b: Kingambit|2\n|-damage|p2b: Kingambit|0 fnt\n|faint|p2b: Kingambit\n|-end|p2b: Kingambit|fallenundefined|[silent]\n|move|p2a: Blastoise|Water Pulse|p1a: Crabominable\n|-damage|p1a: Crabominable|53/100\n|move|p1b: Primarina|Moonblast|p2a: Blastoise\n|-crit|p2a: Blastoise\n|-damage|p2a: Blastoise|11/100\n|\n|upkeep\n|\n|t:|1776128778\n|switch|p2b: Incineroar|Incineroar, L50, M|100/100\n|-ability|p2b: Incineroar|Intimidate|boost\n|-unboost|p1a: Crabominable|atk|1\n|-unboost|p1b: Primarina|atk|1\n|turn|3\n|inactive|mrspoppy has 30 seconds left.\n|inactive|mrspoppy has 20 seconds left.\n|\n|t:|1776128818\n|switch|p2a: Basculegion|Basculegion, L50, M|100/100\n|move|p1a: Crabominable|Mach Punch|p2a: Basculegion\n|-immune|p2a: Basculegion\n|move|p2b: Incineroar|Flare Blitz|p1a: Crabominable\n|-supereffective|p1a: Crabominable|1\n|-damage|p1a: Crabominable|0 fnt\n|faint|p1a: Crabominable\n|-damage|p2b: Incineroar|83/100|[from] Recoil\n|move|p1b: Primarina|Hyper Voice|p2a: Basculegion|[spread] p2a,p2b\n|-resisted|p2a: Basculegion|1\n|-supereffective|p2b: Incineroar|1\n|-damage|p2a: Basculegion|75/100\n|-damage|p2b: Incineroar|6/100\n|\n|upkeep\n|\n|t:|1776128831\n|switch|p1a: Drampa|Drampa, L50, F|100/100\n|-ability|p1a: Drampa|Cloud Nine\n|turn|4\n|inactive|mrspoppy has 30 seconds left.\n|inactive|mrspoppy has 20 seconds left.\n|inactive|mrspoppy has 15 seconds left.\n|\n|t:|1776128874\n|move|p1b: Primarina|Protect|p1b: Primarina\n|-singleturn|p1b: Primarina|Protect\n|move|p2a: Basculegion|Last Respects|p1b: Primarina\n|-activate|p1b: Primarina|move: Protect\n|move|p2b: Incineroar|Darkest Lariat|p1a: Drampa\n|-damage|p1a: Drampa|68/100\n|move|p1a: Drampa|Draco Meteor|p2a: Basculegion\n|-damage|p2a: Basculegion|0 fnt\n|-unboost|p1a: Drampa|spa|2\n|faint|p2a: Basculegion\n|\n|upkeep\n|\n|t:|1776128884\n|switch|p2a: Blastoise|Blastoise-Mega, L50, F|11/100\n|turn|5\n|\n|t:|1776128901\n|move|p2a: Blastoise|Ice Beam|p1a: Drampa\n|-supereffective|p1a: Drampa|1\n|-damage|p1a: Drampa|0 fnt\n|faint|p1a: Drampa\n|move|p2b: Incineroar|Flare Blitz|p1b: Primarina\n|-resisted|p1b: Primarina|1\n|-damage|p1b: Primarina|71/100\n|-damage|p2b: Incineroar|0 fnt|[from] Recoil\n|faint|p2b: Incineroar\n|move|p1b: Primarina|Hyper Voice|p2a: Blastoise\n|-resisted|p2a: Blastoise|1\n|-damage|p2a: Blastoise|0 fnt\n|faint|p2a: Blastoise\n|\n|win|vegemite360\n|raw|vegemite360's rating: 1228 &rarr; <strong>1258</strong><br />(+30 for winning)\n|raw|mrspoppy's rating: 1297 &rarr; <strong>1267</strong><br />(-30 for losing)\n",
  "uploadtime": 1776128920,
  "views": 21,
  "formatid": "gen9championsvgc2026regma",
  "rating": 1258,
  "private": 0,
  "password": null
}