{
  "id": "gen9championsvgc2026regma-2584703089",
  "format": "[Gen 9 Champions] VGC 2026 Reg M-A",
  "players": [
    "ChronicNikos",
    "elpapucp"
  ],
  "log": "|j|\u2606ChronicNikos\n|j|\u2606elpapucp\n|t:|1776277840\n|gametype|doubles\n|player|p1|ChronicNikos|cynthia-gen4|1325\n|player|p2|elpapucp|roxie|1231\n|gen|9\n|tier|[Gen 9 Champions] VGC 2026 Reg M-A\n|rated|\n|rule|Species Clause: Limit one of each Pok\u00e9mon\n|rule|Item Clause: Limit 1 of each item\n|clearpoke\n|poke|p1|Gengar, L50, F|\n|poke|p1|Incineroar, L50, M|\n|poke|p1|Politoed, L50, M|\n|poke|p1|Archaludon, L50, F|\n|poke|p1|Basculegion, L50, M|\n|poke|p1|Meganium, L50, F|\n|poke|p2|Blastoise, L50, F|\n|poke|p2|Sneasler, L50, M|\n|poke|p2|Garchomp, L50, M|\n|poke|p2|Aerodactyl, L50, M|\n|poke|p2|Sylveon, L50, F|\n|poke|p2|Sinistcha, L50|\n|teampreview|4\nChronicNikos has agreed to open team sheets.\nelpapucp has agreed to open team sheets.\n|showteam|p1|Gengar||Gengarite|CursedBody|Protect,PerishSong,ShadowBall,SludgeBomb|||F|||50|]Incineroar||SitrusBerry|Intimidate|Protect,FakeOut,FlareBlitz,PartingShot|||M|||50|]Politoed||Leftovers|Drizzle|Protect,IceBeam,PerishSong,WeatherBall|||M|||50|]Archaludon||ChopleBerry|Stamina|Protect,ElectroShot,FlashCannon,DracoMeteor|||F|||50|]Basculegion||ChoiceScarf|Adaptability|FlipTurn,IcyWind,WaveCrash,LastRespects|||M|||50|]Meganium||Meganiumite|Overgrow|SolarBeam,WeatherBall,Protect,DazzlingGleam|||F|||50|\n|showteam|p2|Blastoise||Blastoisinite|Torrent|WaterSpout,ShellSmash,DarkPulse,Protect|||F|||50|]Sneasler||WhiteHerb|Unburden|FakeOut,CloseCombat,DireClaw,Protect|||M|||50|]Garchomp||ChoiceScarf|RoughSkin|DragonClaw,StompingTantrum,RockSlide,Earthquake|||M|||50|]Aerodactyl||FocusSash|Unnerve|RockSlide,DualWingbeat,Tailwind,Protect|||M|||50|]Sylveon||FairyFeather|Pixilate|HyperVoice,QuickAttack,Detect,HelpingHand|||F|||50|]Sinistcha||SitrusBerry|Hospitality|MatchaGotcha,TrickRoom,RagePowder,LifeDew||||||50|\n|\n|t:|1776277949\n|teamsize|p1|4\n|teamsize|p2|4\n|start\n|switch|p1a: Gengar|Gengar, L50, F, shiny|100/100\n|switch|p1b: Ian|Incineroar, L50, M|100/100\n|switch|p2a: Blastoise|Blastoise, L50, F|100/100\n|switch|p2b: Sneasler|Sneasler, L50, M|100/100\n|-ability|p1b: Ian|Intimidate|boost\n|-unboost|p2a: Blastoise|atk|1\n|-unboost|p2b: Sneasler|atk|1\n|-enditem|p2b: Sneasler|White Herb\n|-clearnegativeboost|p2b: Sneasler|[silent]\n|turn|1\n|\n|t:|1776277991\n|switch|p1b: Stephen|Basculegion, L50, M|100/100\n|detailschange|p1a: Gengar|Gengar-Mega, L50, F, shiny\n|-mega|p1a: Gengar|Gengar|Gengarite\n|detailschange|p2a: Blastoise|Blastoise-Mega, L50, F\n|-mega|p2a: Blastoise|Blastoise|Blastoisinite\n|move|p2b: Sneasler|Fake Out|p1b: Stephen\n|-immune|p1b: Stephen\n|move|p1a: Gengar|Sludge Bomb|p2a: Blastoise\n|-damage|p2a: Blastoise|55/100\n|move|p2a: Blastoise|Dark Pulse|p1a: Gengar\n|-supereffective|p1a: Gengar|1\n|-damage|p1a: Gengar|0 fnt\n|faint|p1a: Gengar\n|\n|upkeep\n|\n|t:|1776278013\n|switch|p1a: Ian|Incineroar, L50, M|100/100\n|-ability|p1a: Ian|Intimidate|boost\n|-unboost|p2a: Blastoise|atk|1\n|-unboost|p2b: Sneasler|atk|1\n|turn|2\n|\n|t:|1776278034\n|switch|p2a: Sinistcha|Sinistcha, L50|100/100\n|switch|p1a: Rosey|Politoed, L50, M|100/100\n|-weather|RainDance|[from] ability: Drizzle|[of] p1a: Rosey\n|move|p2b: Sneasler|Protect|p2b: Sneasler\n|-singleturn|p2b: Sneasler|Protect\n|move|p1b: Stephen|Last Respects|p2a: Sinistcha\n|-supereffective|p2a: Sinistcha|1\n|-damage|p2a: Sinistcha|0 fnt\n|faint|p2a: Sinistcha\n|\n|-weather|RainDance|[upkeep]\n|upkeep\n|\n|t:|1776278049\n|switch|p2a: Blastoise|Blastoise-Mega, L50, F|55/100\n|turn|3\n|\n|t:|1776278076\n|switch|p2b: Garchomp|Garchomp, L50, M|100/100\n|move|p1b: Stephen|Last Respects|p2a: Blastoise\n|-damage|p2a: Blastoise|3/100\n|move|p2a: Blastoise|Dark Pulse|p1b: Stephen\n|-supereffective|p1b: Stephen|1\n|-damage|p1b: Stephen|0 fnt\n|faint|p1b: Stephen\n|move|p1a: Rosey|Weather Ball|p2a: Blastoise\n|-resisted|p2a: Blastoise|1\n|-damage|p2a: Blastoise|0 fnt\n|faint|p2a: Blastoise\n|\n|-weather|RainDance|[upkeep]\n|upkeep\n|\n|t:|1776278088\n|switch|p1b: Ian|Incineroar, L50, M|100/100\n|switch|p2a: Sneasler|Sneasler, L50, M|100/100\n|-ability|p1b: Ian|Intimidate|boost\n|-unboost|p2a: Sneasler|atk|1\n|-unboost|p2b: Garchomp|atk|1\n|turn|4\n|\n|t:|1776278146\n|move|p2a: Sneasler|Fake Out|p1b: Ian\n|-damage|p1b: Ian|93/100\n|cant|p1b: Ian|flinch\n|move|p2b: Garchomp|Rock Slide|p1a: Rosey|[spread] p1a,p1b\n|-supereffective|p1b: Ian|1\n|-damage|p1a: Rosey|86/100\n|-damage|p1b: Ian|70/100\n|move|p1a: Rosey|Ice Beam|p2b: Garchomp\n|-supereffective|p2b: Garchomp|2\n|-damage|p2b: Garchomp|17/100\n|\n|-weather|RainDance|[upkeep]\n|-heal|p1a: Rosey|92/100|[from] item: Leftovers\n|upkeep\n|turn|5\n|\n|t:|1776278169\n|move|p2b: Garchomp|Rock Slide|p1a: Rosey|[spread] p1a,p1b\n|-supereffective|p1b: Ian|1\n|-damage|p1a: Rosey|76/100\n|-damage|p1b: Ian|45/100\n|-enditem|p1b: Ian|Sitrus Berry|[eat]\n|-heal|p1b: Ian|69/100|[from] item: Sitrus Berry\n|move|p2a: Sneasler|Close Combat|p1b: Ian\n|-supereffective|p1b: Ian|1\n|-damage|p1b: Ian|7/100\n|-unboost|p2a: Sneasler|def|1\n|-unboost|p2a: Sneasler|spd|1\n|move|p1a: Rosey|Ice Beam|p2b: Garchomp\n|-supereffective|p2b: Garchomp|2\n|-damage|p2b: Garchomp|0 fnt\n|faint|p2b: Garchomp\n|move|p1b: Ian|Flare Blitz|p2a: Sneasler\n|-damage|p2a: Sneasler|62/100\n|-damage|p1b: Ian|0 fnt|[from] Recoil\n|faint|p1b: Ian\n|\n|-weather|RainDance|[upkeep]\n|-heal|p1a: Rosey|82/100|[from] item: Leftovers\n|upkeep\n|turn|6\n|\n|t:|1776278193\n|move|p2a: Sneasler|Dire Claw|p1a: Rosey\n|-damage|p1a: Rosey|57/100\n|move|p1a: Rosey|Weather Ball|p2a: Sneasler\n|-damage|p2a: Sneasler|0 fnt\n|faint|p2a: Sneasler\n|\n|win|ChronicNikos\n|raw|ChronicNikos's rating: 1325 &rarr; <strong>1340</strong><br />(+15 for winning)\n|raw|elpapucp's rating: 1231 &rarr; <strong>1213</strong><br />(-18 for losing)\n|c|\u2606elpapucp|gg\n",
  "uploadtime": 1776278202,
  "views": 43,
  "formatid": "gen9championsvgc2026regma",
  "rating": 1213,
  "private": 0,
  "password": null
}