{
  "id": "gen9championsvgc2026regma-2582361074",
  "format": "[Gen 9 Champions] VGC 2026 Reg M-A",
  "players": [
    "adivthedabber",
    "LycheeEXE"
  ],
  "log": "|j|\u2606adivthedabber\n|j|\u2606LycheeEXE\n|t:|1776086376\n|gametype|doubles\n|player|p1|adivthedabber|169|1031\n|player|p2|LycheeEXE|170|1105\n|gen|9\n|tier|[Gen 9 Champions] VGC 2026 Reg M-A\n|rated|\n|rule|Species Clause: Limit one of each Pok\u00e9mon\n|rule|Item Clause: Limit 1 of each item\n|clearpoke\n|poke|p1|Floette-Eternal, L50, F|\n|poke|p1|Farigiraf, L50, M|\n|poke|p1|Basculegion, L50, M|\n|poke|p1|Garchomp, L50, M|\n|poke|p2|Vivillon, L50, M|\n|poke|p2|Volcarona, L50, F|\n|poke|p2|Heracross, L50, M|\n|poke|p2|Scizor, L50, F|\n|poke|p2|Araquanid, L50, M|\n|poke|p2|Ariados, L50, F|\n|teampreview|4\n|\n|t:|1776086399\n|teamsize|p1|4\n|teamsize|p2|4\n|start\n|switch|p1a: Floette|Floette-Eternal, L50, F|100/100\n|switch|p1b: Farigiraf|Farigiraf, L50, M|100/100\n|switch|p2a: Vivillon|Vivillon, L50, M|100/100\n|switch|p2b: Scizor|Scizor, L50, F|100/100\n|turn|1\n|\n|t:|1776086423\n|move|p1b: Farigiraf|Ally Switch|p1b: Farigiraf\n|swap|p1b: Farigiraf|0|[from] move: Ally Switch\n|move|p2a: Vivillon|Sleep Powder|p1a: Farigiraf\n|-status|p1a: Farigiraf|slp|[from] move: Sleep Powder\n|move|p1b: Floette|Calm Mind|p1b: Floette\n|-boost|p1b: Floette|spa|1\n|-boost|p1b: Floette|spd|1\n|move|p2b: Scizor|Swords Dance|p2b: Scizor\n|-boost|p2b: Scizor|atk|2\n|\n|upkeep\n|turn|2\n|\n|t:|1776086451\n|detailschange|p1b: Floette|Floette-Mega, L50, F\n|-mega|p1b: Floette|Floette|Floettite\n|-ability|p1b: Floette|Fairy Aura\n|move|p2a: Vivillon|Sleep Powder|p1b: Floette\n|-status|p1b: Floette|slp|[from] move: Sleep Powder\n|cant|p1b: Floette|slp\n|move|p2b: Scizor|Superpower|p1a: Farigiraf\n|-damage|p1a: Farigiraf|33/100 slp\n|-unboost|p2b: Scizor|atk|1\n|-unboost|p2b: Scizor|def|1\n|-enditem|p2b: Scizor|White Herb\n|-clearnegativeboost|p2b: Scizor|[silent]\n|cant|p1a: Farigiraf|slp\n|\n|-heal|p1a: Farigiraf|39/100 slp|[from] item: Leftovers\n|upkeep\n|turn|3\n|\n|t:|1776086475\n|cant|p1a: Farigiraf|slp\n|move|p2a: Vivillon|Sleep Powder|p1b: Floette\n|-fail|p1b: Floette|slp\n|cant|p1b: Floette|slp\n|move|p2b: Scizor|Superpower|p1a: Farigiraf\n|-damage|p1a: Farigiraf|0 fnt\n|-unboost|p2b: Scizor|atk|1\n|-unboost|p2b: Scizor|def|1\n|faint|p1a: Farigiraf\n|\n|upkeep\n|\n|t:|1776086485\n|switch|p1a: Garchomp|Garchomp, L50, M|100/100\n|turn|4\n|\n|t:|1776086497\n|move|p2b: Scizor|Bullet Punch|p1b: Floette\n|-supereffective|p1b: Floette|1\n|-damage|p1b: Floette|12/100 slp\n|move|p2a: Vivillon|Sleep Powder|p1a: Garchomp\n|-status|p1a: Garchomp|slp|[from] move: Sleep Powder\n|-curestatus|p1b: Floette|slp|[msg]\n|move|p1b: Floette|Moonblast|p2b: Scizor\n|-resisted|p2b: Scizor|1\n|-damage|p2b: Scizor|31/100\n|cant|p1a: Garchomp|slp\n|\n|upkeep\n|turn|5\n|-message|adivthedabber forfeited.\n|\n|win|LycheeEXE\n|raw|adivthedabber's rating: 1031 &rarr; <strong>1019</strong><br />(-12 for losing)\n|raw|LycheeEXE's rating: 1105 &rarr; <strong>1125</strong><br />(+20 for winning)\n|l|\u2606adivthedabber\n|player|p1|\n",
  "uploadtime": 1776086521,
  "views": 9,
  "formatid": "gen9championsvgc2026regma",
  "rating": 1019,
  "private": 0,
  "password": null
}