{
  "id": "gen9championsvgc2026regma-2582742457",
  "format": "[Gen 9 Champions] VGC 2026 Reg M-A",
  "players": [
    "CoolTrainerBu",
    "Alelu1234"
  ],
  "log": "|j|\u2606CoolTrainerBu\n|j|\u2606Alelu1234\n|t:|1776110975\n|gametype|doubles\n|player|p1|CoolTrainerBu|101|1210\n|player|p2|Alelu1234|2|1201\n|gen|9\n|tier|[Gen 9 Champions] VGC 2026 Reg M-A\n|rated|\n|rule|Species Clause: Limit one of each Pok\u00e9mon\n|rule|Item Clause: Limit 1 of each item\n|clearpoke\n|poke|p1|Charizard, L50, F|\n|poke|p1|Whimsicott, L50, F|\n|poke|p1|Garchomp, L50, F|\n|poke|p1|Sneasler, L50, F|\n|poke|p1|Maushold, L50|\n|poke|p1|Incineroar, L50, M|\n|poke|p2|Gengar, L50, M|\n|poke|p2|Incineroar, L50, M|\n|poke|p2|Kommo-o, L50, M|\n|poke|p2|Corviknight, L50, M|\n|poke|p2|Sinistcha, L50|\n|poke|p2|Milotic, L50, F|\n|teampreview|4\n|inactive|Battle timer is ON: inactive players will automatically lose when time's up. (requested by CoolTrainerBu)\n|inactive|CoolTrainerBu has 60 seconds left.\n|\n|t:|1776111023\n|teamsize|p1|4\n|teamsize|p2|4\n|start\n|switch|p1a: Whimsicott|Whimsicott, L50, F|100/100\n|switch|p1b: Garchomp|Garchomp, L50, F|100/100\n|switch|p2a: Gengar|Gengar, L50, M|100/100\n|switch|p2b: Incineroar|Incineroar, L50, M|100/100\n|-ability|p2b: Incineroar|Intimidate|boost\n|-unboost|p1a: Whimsicott|atk|1\n|-unboost|p1b: Garchomp|atk|1\n|turn|1\n|inactive|CoolTrainerBu has 30 seconds left.\n|inactive|Alelu1234 has 30 seconds left.\n|\n|t:|1776111055\n|detailschange|p2a: Gengar|Gengar-Mega, L50, M\n|-mega|p2a: Gengar|Gengar|Gengarite\n|move|p2b: Incineroar|Fake Out|p1b: Garchomp\n|-crit|p1b: Garchomp\n|-damage|p1b: Garchomp|79/100\n|-damage|p2b: Incineroar|88/100|[from] ability: Rough Skin|[of] p1b: Garchomp\n|move|p1a: Whimsicott|Tailwind|p1a: Whimsicott\n|-sidestart|p1: CoolTrainerBu|move: Tailwind\n|cant|p1b: Garchomp|flinch\n|move|p2a: Gengar|Perish Song|p2a: Gengar\n|-start|p1a: Whimsicott|perish3|[silent]\n|-start|p1b: Garchomp|perish3|[silent]\n|-start|p2a: Gengar|perish3|[silent]\n|-start|p2b: Incineroar|perish3|[silent]\n|-fieldactivate|move: Perish Song\n|\n|-start|p1a: Whimsicott|perish3\n|-start|p1b: Garchomp|perish3\n|-start|p2a: Gengar|perish3\n|-start|p2b: Incineroar|perish3\n|upkeep\n|turn|2\n|inactive|CoolTrainerBu has 30 seconds left.\n|\n|t:|1776111080\n|move|p2a: Gengar|Protect|p2a: Gengar\n|-singleturn|p2a: Gengar|Protect\n|move|p1a: Whimsicott|Encore|p2a: Gengar\n|-activate|p2a: Gengar|move: Protect\n|move|p1b: Garchomp|Earthquake|p2b: Incineroar|[spread] p1a,p2b\n|-activate|p2a: Gengar|move: Protect\n|-resisted|p1a: Whimsicott|1\n|-supereffective|p2b: Incineroar|1\n|-enditem|p2b: Incineroar|Shuca Berry|[eat]\n|-enditem|p2b: Incineroar|Shuca Berry|[weaken]\n|-damage|p1a: Whimsicott|82/100\n|-damage|p2b: Incineroar|62/100\n|move|p2b: Incineroar|Parting Shot|p1b: Garchomp\n|-unboost|p1b: Garchomp|atk|1\n|-unboost|p1b: Garchomp|spa|1\n|\n|t:|1776111093\n|switch|p2b: Kommo-o|Kommo-o, L50, M|100/100|[from] Parting Shot\n|\n|-start|p1a: Whimsicott|perish2\n|-start|p1b: Garchomp|perish2\n|-start|p2a: Gengar|perish2\n|upkeep\n|turn|3\n|\n|t:|1776111113\n|switch|p2b: Incineroar|Incineroar, L50, M|62/100\n|-ability|p2b: Incineroar|Intimidate|boost\n|-unboost|p1a: Whimsicott|atk|1\n|-unboost|p1b: Garchomp|atk|1\n|move|p1a: Whimsicott|Moonblast|p2b: Incineroar\n|-damage|p2b: Incineroar|33/100\n|move|p1b: Garchomp|Earthquake|p2a: Gengar|[spread] p1a,p2a,p2b\n|-resisted|p1a: Whimsicott|1\n|-supereffective|p2a: Gengar|1\n|-supereffective|p2b: Incineroar|1\n|-damage|p1a: Whimsicott|71/100\n|-damage|p2a: Gengar|51/100\n|-damage|p2b: Incineroar|3/100\n|move|p2a: Gengar|Sludge Bomb|p1a: Whimsicott\n|-supereffective|p1a: Whimsicott|2\n|-damage|p1a: Whimsicott|0 fnt\n|faint|p1a: Whimsicott\n|\n|-start|p1b: Garchomp|perish1\n|-start|p2a: Gengar|perish1\n|upkeep\n|\n|t:|1776111131\n|switch|p1a: Charizard|Charizard, L50, F|100/100\n|turn|4\n|inactive|CoolTrainerBu has 30 seconds left.\n|\n|t:|1776111161\n|switch|p2a: Milotic|Milotic, L50, F|100/100\n|detailschange|p1a: Charizard|Charizard-Mega-Y, L50, F\n|-mega|p1a: Charizard|Charizard|Charizardite Y\n|-weather|SunnyDay|[from] ability: Drought|[of] p1a: Charizard\n|move|p2b: Incineroar|Fake Out|p1a: Charizard\n|-damage|p1a: Charizard|87/100\n|move|p1b: Garchomp|Earthquake|p2a: Milotic|[spread] p2a,p2b\n|-immune|p1a: Charizard\n|-supereffective|p2b: Incineroar|1\n|-damage|p2a: Milotic|89/100\n|-damage|p2b: Incineroar|0 fnt\n|faint|p2b: Incineroar\n|cant|p1a: Charizard|flinch\n|\n|-weather|SunnyDay|[upkeep]\n|-start|p1b: Garchomp|perish0\n|-sideend|p1: CoolTrainerBu|move: Tailwind\n|upkeep\n|faint|p1b: Garchomp\n|\n|t:|1776111177\n|switch|p1b: Sneasler|Sneasler, L50, F|100/100\n|switch|p2b: Gengar|Gengar-Mega, L50, M|51/100\n|turn|5\n|inactive|CoolTrainerBu has 30 seconds left.\n|\n|t:|1776111204\n|move|p2a: Milotic|Protect|p2a: Milotic\n|-singleturn|p2a: Milotic|Protect\n|move|p2b: Gengar|Perish Song|p2b: Gengar\n|-start|p1a: Charizard|perish3|[silent]\n|-start|p1b: Sneasler|perish3|[silent]\n|-start|p2a: Milotic|perish3|[silent]\n|-start|p2b: Gengar|perish3|[silent]\n|-fieldactivate|move: Perish Song\n|move|p1b: Sneasler|Close Combat|p2a: Milotic\n|-activate|p2a: Milotic|move: Protect\n|move|p1a: Charizard|Heat Wave|p2a: Milotic|[spread] p2b\n|-activate|p2a: Milotic|move: Protect\n|-crit|p2b: Gengar\n|-damage|p2b: Gengar|0 fnt\n|faint|p2b: Gengar\n|\n|-weather|SunnyDay|[upkeep]\n|-start|p1b: Sneasler|perish3\n|-start|p1a: Charizard|perish3\n|-start|p2a: Milotic|perish3\n|upkeep\n|\n|t:|1776111214\n|switch|p2b: Kommo-o|Kommo-o, L50, M|100/100\n|turn|6\n|\n|t:|1776111230\n|move|p1b: Sneasler|Rock Tomb|p2b: Kommo-o\n|-resisted|p2b: Kommo-o|1\n|-damage|p2b: Kommo-o|89/100\n|-unboost|p2b: Kommo-o|spe|1\n|-enditem|p2b: Kommo-o|White Herb\n|-clearnegativeboost|p2b: Kommo-o|[silent]\n|move|p2b: Kommo-o|Rock Slide|p1a: Charizard|[spread] p1a,p1b\n|-supereffective|p1a: Charizard|2\n|-resisted|p1b: Sneasler|1\n|-damage|p1a: Charizard|2/100\n|-damage|p1b: Sneasler|86/100\n|move|p1a: Charizard|Solar Beam||[still]\n|-prepare|p1a: Charizard|Solar Beam\n|-anim|p1a: Charizard|Solar Beam|p2a: Milotic\n|-supereffective|p2a: Milotic|1\n|-damage|p2a: Milotic|18/100\n|move|p2a: Milotic|Recover|p2a: Milotic\n|-heal|p2a: Milotic|68/100\n|\n|-weather|SunnyDay|[upkeep]\n|-start|p1b: Sneasler|perish2\n|-start|p1a: Charizard|perish2\n|-start|p2a: Milotic|perish2\n|upkeep\n|turn|7\n|inactive|CoolTrainerBu has 30 seconds left.\n|inactive|CoolTrainerBu has 20 seconds left.\n|inactive|CoolTrainerBu has 15 seconds left.\n|\n|t:|1776111275\n|move|p2a: Milotic|Protect|p2a: Milotic\n|-singleturn|p2a: Milotic|Protect\n|move|p1b: Sneasler|Rock Tomb|p2b: Kommo-o\n|-resisted|p2b: Kommo-o|1\n|-damage|p2b: Kommo-o|77/100\n|-unboost|p2b: Kommo-o|spe|1\n|move|p1a: Charizard|Solar Beam||[still]\n|-prepare|p1a: Charizard|Solar Beam\n|-anim|p1a: Charizard|Solar Beam|p2a: Milotic\n|-activate|p2a: Milotic|move: Protect\n|move|p2b: Kommo-o|Scale Shot|p1b: Sneasler\n|-damage|p1b: Sneasler|64/100\n|-damage|p1b: Sneasler|41/100\n|-hitcount|p1b: Sneasler|2\n|-unboost|p2b: Kommo-o|def|1\n|-boost|p2b: Kommo-o|spe|1\n|\n|-weather|SunnyDay|[upkeep]\n|-start|p1b: Sneasler|perish1\n|-start|p1a: Charizard|perish1\n|-start|p2a: Milotic|perish1\n|upkeep\n|turn|8\n|inactive|CoolTrainerBu has 30 seconds left.\n|inactive|Alelu1234 has 30 seconds left.\n|\n|t:|1776111303\n|move|p1b: Sneasler|Close Combat|p2b: Kommo-o\n|-damage|p2b: Kommo-o|0 fnt\n|-unboost|p1b: Sneasler|def|1\n|-unboost|p1b: Sneasler|spd|1\n|faint|p2b: Kommo-o\n|-enditem|p1b: Sneasler|White Herb\n|-clearnegativeboost|p1b: Sneasler|[silent]\n|move|p1a: Charizard|Solar Beam||[still]\n|-prepare|p1a: Charizard|Solar Beam\n|-anim|p1a: Charizard|Solar Beam|p2a: Milotic\n|-supereffective|p2a: Milotic|1\n|-damage|p2a: Milotic|0 fnt\n|faint|p2a: Milotic\n|\n|win|CoolTrainerBu\n|raw|CoolTrainerBu's rating: 1210 &rarr; <strong>1234</strong><br />(+24 for winning)\n|raw|Alelu1234's rating: 1201 &rarr; <strong>1177</strong><br />(-24 for losing)\n|l|\u2606Alelu1234\n|player|p2|\n",
  "uploadtime": 1776111341,
  "views": 16,
  "formatid": "gen9championsvgc2026regma",
  "rating": 1177,
  "private": 0,
  "password": null
}