{
  "id": "gen9championsvgc2026regma-2586050130",
  "format": "[Gen 9 Champions] VGC 2026 Reg M-A",
  "players": [
    "glonkus",
    "rgjkdfngkdfnkj"
  ],
  "log": "|j|\u2606glonkus\n|j|\u2606rgjkdfngkdfnkj\n|t:|1776393812\n|gametype|doubles\n|player|p1|glonkus|ingo|1200\n|player|p2|rgjkdfngkdfnkj|101|1153\n|gen|9\n|tier|[Gen 9 Champions] VGC 2026 Reg M-A\n|rated|\n|rule|Species Clause: Limit one of each Pok\u00e9mon\n|rule|Item Clause: Limit 1 of each item\n|clearpoke\n|poke|p1|Hydrapple, L50, M|\n|poke|p1|Milotic, L50, M|\n|poke|p1|Incineroar, L50, F|\n|poke|p1|Crabominable, L50, F|\n|poke|p1|Klefki, L50, F|\n|poke|p1|Camerupt, L50, M|\n|poke|p2|Aerodactyl, L50, M|\n|poke|p2|Milotic, L50, F|\n|poke|p2|Aegislash, L50, F|\n|poke|p2|Hydreigon, L50, M|\n|poke|p2|Gardevoir, L50, F|\n|poke|p2|Scizor, L50, F|\n|teampreview|4\n|inactive|Battle timer is ON: inactive players will automatically lose when time's up. (requested by glonkus)\n|inactive|rgjkdfngkdfnkj has 60 seconds left.\n|inactive|rgjkdfngkdfnkj has 30 seconds left.\n|inactive|rgjkdfngkdfnkj has 20 seconds left.\n|inactive|rgjkdfngkdfnkj has 15 seconds left.\n|\n|t:|1776393890\n|teamsize|p1|4\n|teamsize|p2|4\n|start\n|switch|p1a: Klefki|Klefki, L50, F|100/100\n|switch|p1b: Milotic|Milotic, L50, M|100/100\n|switch|p2a: Aerodactyl|Aerodactyl, L50, M|100/100\n|switch|p2b: Scizor|Scizor, L50, F|100/100\n|-ability|p2a: Aerodactyl|Unnerve\n|turn|1\n|inactive|rgjkdfngkdfnkj has 30 seconds left.\n|inactive|rgjkdfngkdfnkj has 20 seconds left.\n|inactive|rgjkdfngkdfnkj has 15 seconds left.\n|inactive|rgjkdfngkdfnkj has 10 seconds left.\n|\n|t:|1776393938\n|detailschange|p2b: Scizor|Scizor-Mega, L50, F\n|-mega|p2b: Scizor|Scizor|Scizorite\n|move|p2a: Aerodactyl|Rock Slide|p1a: Klefki|[spread] p1a,p1b\n|-resisted|p1a: Klefki|1\n|-damage|p1a: Klefki|91/100\n|-damage|p1b: Milotic|83/100\n|cant|p1b: Milotic|flinch\n|move|p2b: Scizor|Dual Wingbeat|p1a: Klefki\n|-resisted|p1a: Klefki|1\n|-damage|p1a: Klefki|80/100\n|-resisted|p1a: Klefki|1\n|-damage|p1a: Klefki|69/100\n|-hitcount|p1a: Klefki|2\n|move|p1a: Klefki|Trick Room|p1a: Klefki\n|-fieldstart|move: Trick Room|[of] p1a: Klefki\n|\n|-heal|p1b: Milotic|89/100|[from] item: Leftovers\n|upkeep\n|turn|2\n|inactive|glonkus has 30 seconds left.\n|\n|t:|1776393965\n|switch|p1b: Hydrapple|Hydrapple, L50, M|100/100\n|move|p2b: Scizor|Protect|p2b: Scizor\n|-singleturn|p2b: Scizor|Protect\n|move|p2a: Aerodactyl|Protect|p2a: Aerodactyl\n|-singleturn|p2a: Aerodactyl|Protect\n|move|p1a: Klefki|Sunny Day|p1a: Klefki\n|-weather|SunnyDay\n|\n|-weather|SunnyDay|[upkeep]\n|upkeep\n|turn|3\n|inactive|rgjkdfngkdfnkj has 30 seconds left.\n|\n|t:|1776393991\n|move|p1a: Klefki|Light Screen|p1a: Klefki\n|-sidestart|p1: glonkus|move: Light Screen\n|move|p1b: Hydrapple|Yawn|p2b: Scizor\n|-start|p2b: Scizor|move: Yawn|[of] p1b: Hydrapple\n|move|p2b: Scizor|Dual Wingbeat|p1b: Hydrapple\n|-supereffective|p1b: Hydrapple|1\n|-damage|p1b: Hydrapple|57/100\n|-supereffective|p1b: Hydrapple|1\n|-damage|p1b: Hydrapple|15/100\n|-hitcount|p1b: Hydrapple|2\n|move|p2a: Aerodactyl|Dual Wingbeat|p1b: Hydrapple\n|-supereffective|p1b: Hydrapple|1\n|-damage|p1b: Hydrapple|0 fnt\n|faint|p1b: Hydrapple\n|-hitcount|p1: Hydrapple|1\n|\n|-weather|SunnyDay|[upkeep]\n|upkeep\n|\n|t:|1776394002\n|switch|p1b: Camerupt|Camerupt, L50, M|100/100\n|turn|4\n|\n|t:|1776394011\n|switch|p2b: Milotic|Milotic, L50, F|100/100\n|detailschange|p1b: Camerupt|Camerupt-Mega, L50, M\n|-mega|p1b: Camerupt|Camerupt|Cameruptite\n|move|p2a: Aerodactyl|Protect|p2a: Aerodactyl\n|-singleturn|p2a: Aerodactyl|Protect\n|move|p1b: Camerupt|Eruption|p2b: Milotic|[spread] p2b\n|-activate|p2a: Aerodactyl|move: Protect\n|-resisted|p2b: Milotic|1\n|-damage|p2b: Milotic|69/100\n|move|p1a: Klefki|Dazzling Gleam|p2a: Aerodactyl|[spread] p2b\n|-activate|p2a: Aerodactyl|move: Protect\n|-damage|p2b: Milotic|57/100\n|\n|-weather|SunnyDay|[upkeep]\n|-heal|p2b: Milotic|63/100|[from] item: Leftovers\n|upkeep\n|turn|5\n|inactive|rgjkdfngkdfnkj has 30 seconds left.\n|inactive|rgjkdfngkdfnkj has 20 seconds left.\n|inactive|rgjkdfngkdfnkj has 15 seconds left.\n|inactive|rgjkdfngkdfnkj has 10 seconds left.\n|\n|t:|1776394058\n|move|p2a: Aerodactyl|Protect||[still]\n|-fail|p2a: Aerodactyl\n|move|p1b: Camerupt|Eruption|p2b: Milotic|[spread] p2a,p2b\n|-resisted|p2a: Aerodactyl|1\n|-resisted|p2b: Milotic|1\n|-damage|p2a: Aerodactyl|22/100\n|-damage|p2b: Milotic|27/100\n|move|p1a: Klefki|Dazzling Gleam|p2b: Milotic|[spread] p2a,p2b\n|-damage|p2a: Aerodactyl|0 fnt\n|-damage|p2b: Milotic|16/100\n|faint|p2a: Aerodactyl\n|move|p2b: Milotic|Muddy Water|p1b: Camerupt|[spread] p1a,p1b\n|-supereffective|p1b: Camerupt|2\n|-damage|p1a: Klefki|60/100\n|-damage|p1b: Camerupt|72/100\n|\n|-weather|SunnyDay|[upkeep]\n|-heal|p2b: Milotic|22/100|[from] item: Leftovers\n|-fieldend|move: Trick Room\n|upkeep\n|\n|t:|1776394074\n|switch|p2a: Hydreigon|Hydreigon, L50, M|100/100\n|turn|6\n|\n|t:|1776394095\n|move|p2b: Milotic|Protect|p2b: Milotic\n|-singleturn|p2b: Milotic|Protect\n|move|p1b: Camerupt|Protect|p1b: Camerupt\n|-singleturn|p1b: Camerupt|Protect\n|move|p2a: Hydreigon|Flamethrower|p1a: Klefki\n|-supereffective|p1a: Klefki|1\n|-damage|p1a: Klefki|0 fnt\n|faint|p1a: Klefki\n|\n|-weather|none\n|-heal|p2b: Milotic|28/100|[from] item: Leftovers\n|upkeep\n|\n|t:|1776394104\n|switch|p1a: Milotic|Milotic, L50, M|89/100\n|turn|7\n|\n|t:|1776394117\n|move|p2a: Hydreigon|Protect|p2a: Hydreigon\n|-singleturn|p2a: Hydreigon|Protect\n|move|p2b: Milotic|Muddy Water|p1a: Milotic|[spread] p1a\n|-miss|p2b: Milotic|p1b: Camerupt\n|-resisted|p1a: Milotic|1\n|-damage|p1a: Milotic|84/100\n|-unboost|p1a: Milotic|accuracy|1\n|-ability|p1a: Milotic|Competitive|boost\n|-boost|p1a: Milotic|spa|2\n|move|p1a: Milotic|Ice Beam|p2a: Hydreigon\n|-activate|p2a: Hydreigon|move: Protect\n|move|p1b: Camerupt|Earth Power|p2b: Milotic\n|-damage|p2b: Milotic|0 fnt\n|faint|p2b: Milotic\n|\n|-heal|p1a: Milotic|90/100|[from] item: Leftovers\n|-sideend|p1: glonkus|move: Light Screen\n|upkeep\n|\n|t:|1776394134\n|switch|p2b: Scizor|Scizor-Mega, L50, F|100/100\n|turn|8\n|\n|t:|1776394144\n|move|p2a: Hydreigon|Earth Power|p1b: Camerupt\n|-supereffective|p1b: Camerupt|1\n|-damage|p1b: Camerupt|5/100\n|move|p1a: Milotic|Ice Beam|p2a: Hydreigon\n|-supereffective|p2a: Hydreigon|1\n|-damage|p2a: Hydreigon|0 fnt\n|faint|p2a: Hydreigon\n|move|p2b: Scizor|Bug Bite|p1a: Milotic\n|-damage|p1a: Milotic|48/100\n|move|p1b: Camerupt|Heat Wave|p2b: Scizor\n|-supereffective|p2b: Scizor|2\n|-damage|p2b: Scizor|0 fnt\n|faint|p2b: Scizor\n|\n|win|glonkus\n|raw|glonkus's rating: 1200 &rarr; <strong>1222</strong><br />(+22 for winning)\n|raw|rgjkdfngkdfnkj's rating: 1153 &rarr; <strong>1131</strong><br />(-22 for losing)\n",
  "uploadtime": 1776394158,
  "views": 28,
  "formatid": "gen9championsvgc2026regma",
  "rating": 1131,
  "private": 0,
  "password": null
}