{
  "id": "gen9championsvgc2026regma-2586872897",
  "format": "[Gen 9 Champions] VGC 2026 Reg M-A",
  "players": [
    "Emikuno",
    "zcruth"
  ],
  "log": "|j|\u2606Emikuno\n|j|\u2606zcruth\n|t:|1776467298\n|gametype|doubles\n|player|p1|Emikuno|akari|1056\n|player|p2|zcruth|2|1131\n|gen|9\n|tier|[Gen 9 Champions] VGC 2026 Reg M-A\n|rated|\n|rule|Species Clause: Limit one of each Pok\u00e9mon\n|rule|Item Clause: Limit 1 of each item\n|clearpoke\n|poke|p1|Sneasler, L50, F|\n|poke|p1|Whimsicott, L50, F|\n|poke|p1|Delphox, L50, F|\n|poke|p1|Incineroar, L50, M|\n|poke|p1|Garchomp, L50, F|\n|poke|p1|Orthworm, L50, M|\n|poke|p2|Milotic, L50, F|\n|poke|p2|Sinistcha-Masterpiece, L50|\n|poke|p2|Kangaskhan, L50, F|\n|poke|p2|Talonflame, L50, M|\n|poke|p2|Rotom-Frost, L50|\n|poke|p2|Froslass, L50, F|\n|teampreview|4\n|inactive|Battle timer is ON: inactive players will automatically lose when time's up. (requested by Emikuno)\n|inactive|Emikuno has 60 seconds left.\n|\n|t:|1776467339\n|teamsize|p1|4\n|teamsize|p2|4\n|start\n|switch|p1a: Delphox|Delphox, L50, F|100/100\n|switch|p1b: Garchomp|Garchomp, L50, F|100/100\n|switch|p2a: Talonflame|Talonflame, L50, M|100/100\n|switch|p2b: Kangaskhan|Kangaskhan, L50, F|100/100\n|turn|1\n|\n|t:|1776467354\n|detailschange|p2b: Kangaskhan|Kangaskhan-Mega, L50, F\n|-mega|p2b: Kangaskhan|Kangaskhan|Kangaskhanite\n|move|p1a: Delphox|Protect|p1a: Delphox\n|-singleturn|p1a: Delphox|Protect\n|move|p2a: Talonflame|Tailwind|p2a: Talonflame\n|-sidestart|p2: zcruth|move: Tailwind\n|move|p2b: Kangaskhan|Double-Edge|p1a: Delphox\n|-activate|p1a: Delphox|move: Protect\n|move|p1b: Garchomp|Rock Slide|p2a: Talonflame|[spread] p2a,p2b\n|-supereffective|p2a: Talonflame|2\n|-damage|p2a: Talonflame|0 fnt\n|-damage|p2b: Kangaskhan|84/100\n|faint|p2a: Talonflame\n|\n|upkeep\n|\n|t:|1776467358\n|switch|p2a: Milotic|Milotic, L50, F|100/100\n|turn|2\n|\n|t:|1776467383\n|switch|p1a: Incineroar|Incineroar, L50, M|100/100\n|-ability|p1a: Incineroar|Intimidate|boost\n|-unboost|p2a: Milotic|atk|1\n|-ability|p2a: Milotic|Competitive|boost\n|-boost|p2a: Milotic|spa|2\n|-unboost|p2b: Kangaskhan|atk|1\n|move|p1b: Garchomp|Protect|p1b: Garchomp\n|-singleturn|p1b: Garchomp|Protect\n|move|p2b: Kangaskhan|Double-Edge|p1a: Incineroar\n|-damage|p1a: Incineroar|63/100\n|-damage|p1a: Incineroar|53/100\n|-hitcount|p1a: Incineroar|2\n|-damage|p2b: Kangaskhan|68/100|[from] Recoil\n|move|p2a: Milotic|Icy Wind|p1b: Garchomp|[spread] p1a\n|-activate|p1b: Garchomp|move: Protect\n|-resisted|p1a: Incineroar|1\n|-damage|p1a: Incineroar|43/100\n|-unboost|p1a: Incineroar|spe|1\n|\n|-heal|p1a: Incineroar|49/100|[from] item: Leftovers\n|upkeep\n|turn|3\n|inactive|zcruth has 30 seconds left.\n|\n|t:|1776467414\n|move|p1a: Incineroar|Fake Out|p2b: Kangaskhan\n|-damage|p2b: Kangaskhan|58/100\n|cant|p2b: Kangaskhan|flinch\n|move|p2a: Milotic|Icy Wind|p1b: Garchomp|[spread] p1a,p1b\n|-resisted|p1a: Incineroar|1\n|-supereffective|p1b: Garchomp|2\n|-damage|p1a: Incineroar|40/100\n|-damage|p1b: Garchomp|0 fnt\n|-unboost|p1a: Incineroar|spe|1\n|faint|p1b: Garchomp\n|\n|-heal|p1a: Incineroar|46/100|[from] item: Leftovers\n|upkeep\n|\n|t:|1776467421\n|switch|p1b: Sneasler|Sneasler, L50, F|100/100\n|turn|4\n|\n|t:|1776467436\n|move|p1b: Sneasler|Protect|p1b: Sneasler\n|-singleturn|p1b: Sneasler|Protect\n|move|p2b: Kangaskhan|Low Kick|p1a: Incineroar\n|-supereffective|p1a: Incineroar|1\n|-damage|p1a: Incineroar|11/100\n|-supereffective|p1a: Incineroar|1\n|-damage|p1a: Incineroar|3/100\n|-hitcount|p1a: Incineroar|2\n|move|p2a: Milotic|Scald|p1b: Sneasler\n|-activate|p1b: Sneasler|move: Protect\n|move|p1a: Incineroar|Parting Shot|p2a: Milotic\n|-unboost|p2a: Milotic|atk|1\n|-ability|p2a: Milotic|Competitive|boost\n|-boost|p2a: Milotic|spa|2\n|-unboost|p2a: Milotic|spa|1\n|-ability|p2a: Milotic|Competitive|boost\n|-boost|p2a: Milotic|spa|2\n|\n|t:|1776467444\n|switch|p1a: Delphox|Delphox, L50, F|100/100|[from] Parting Shot\n|\n|-sideend|p2: zcruth|move: Tailwind\n|upkeep\n|turn|5\n|\n|t:|1776467457\n|switch|p2b: Sinistcha|Sinistcha-Masterpiece, L50|100/100\n|detailschange|p1a: Delphox|Delphox-Mega, L50, F\n|-mega|p1a: Delphox|Delphox|Delphoxite\n|move|p2a: Milotic|Protect|p2a: Milotic\n|-singleturn|p2a: Milotic|Protect\n|move|p1a: Delphox|Psychic|p2a: Milotic\n|-activate|p2a: Milotic|move: Protect\n|move|p1b: Sneasler|Dire Claw|p2a: Milotic\n|-activate|p2a: Milotic|move: Protect\n|\n|upkeep\n|turn|6\n|\n|t:|1776467481\n|move|p2b: Sinistcha|Rage Powder|p2b: Sinistcha\n|-singleturn|p2b: Sinistcha|move: Rage Powder\n|move|p1a: Delphox|Flamethrower|p2b: Sinistcha\n|-supereffective|p2b: Sinistcha|1\n|-damage|p2b: Sinistcha|0 fnt\n|faint|p2b: Sinistcha\n|move|p1b: Sneasler|Dire Claw|p2a: Milotic\n|-damage|p2a: Milotic|54/100\n|move|p2a: Milotic|Icy Wind|p1b: Sneasler|[spread] p1b\n|-miss|p2a: Milotic|p1a: Delphox\n|-damage|p1b: Sneasler|40/100\n|-unboost|p1b: Sneasler|spe|1\n|\n|-heal|p2a: Milotic|60/100|[from] item: Leftovers\n|upkeep\n|\n|t:|1776467498\n|switch|p2b: Kangaskhan|Kangaskhan-Mega, L50, F|58/100\n|turn|7\n|\n|t:|1776467522\n|move|p1a: Delphox|Protect|p1a: Delphox\n|-singleturn|p1a: Delphox|Protect\n|move|p2b: Kangaskhan|Sucker Punch||[still]\n|-fail|p2b: Kangaskhan\n|move|p1b: Sneasler|Close Combat|p2a: Milotic\n|-damage|p2a: Milotic|0 fnt\n|-unboost|p1b: Sneasler|def|1\n|-unboost|p1b: Sneasler|spd|1\n|faint|p2a: Milotic\n|\n|upkeep\n|turn|8\n|\n|t:|1776467535\n|move|p2b: Kangaskhan|Sucker Punch||[still]\n|-fail|p2b: Kangaskhan\n|move|p1a: Delphox|Substitute|p1a: Delphox\n|-start|p1a: Delphox|Substitute\n|-damage|p1a: Delphox|76/100\n|move|p1b: Sneasler|Dire Claw|p2b: Kangaskhan\n|-damage|p2b: Kangaskhan|17/100\n|-status|p2b: Kangaskhan|par\n|\n|upkeep\n|turn|9\n|-message|zcruth forfeited.\n|\n|win|Emikuno\n|raw|Emikuno's rating: 1056 &rarr; <strong>1094</strong><br />(+38 for winning)\n|raw|zcruth's rating: 1131 &rarr; <strong>1101</strong><br />(-30 for losing)\n|l|\u2606zcruth\n|player|p2|\n",
  "uploadtime": 1776467548,
  "views": 24,
  "formatid": "gen9championsvgc2026regma",
  "rating": 1094,
  "private": 0,
  "password": null
}