{
  "id": "gen9championsvgc2026regma-2580999666",
  "format": "[Gen 9 Champions] VGC 2026 Reg M-A",
  "players": [
    "Yamielmo",
    "calacadura"
  ],
  "log": "|j|\u2606Yamielmo\n|j|\u2606calacadura\n|t:|1775950439\n|gametype|doubles\n|player|p1|Yamielmo|101|1048\n|player|p2|calacadura|1|1058\n|gen|9\n|tier|[Gen 9 Champions] VGC 2026 Reg M-A\n|rated|\n|rule|Species Clause: Limit one of each Pok\u00e9mon\n|rule|Item Clause: Limit 1 of each item\n|clearpoke\n|poke|p1|Charizard, L50, F|\n|poke|p1|Sinistcha, L50|\n|poke|p1|Sneasler, L50, M|\n|poke|p1|Dragapult, L50, M|\n|poke|p1|Garchomp, L50, M|\n|poke|p1|Kingambit, L50, M|\n|poke|p2|Farigiraf, L50, M|\n|poke|p2|Tyranitar, L50, M|\n|poke|p2|Basculegion, L50, M|\n|poke|p2|Incineroar, L50, M|\n|poke|p2|Sinistcha, L50|\n|poke|p2|Dragonite, L50, M|\n|teampreview|4\n|inactive|Battle timer is ON: inactive players will automatically lose when time's up. (requested by Yamielmo)\n|inactive|Yamielmo has 60 seconds left.\n|inactive|calacadura has 60 seconds left.\n|\n|t:|1775950488\n|teamsize|p1|4\n|teamsize|p2|4\n|start\n|switch|p1a: Sneasler|Sneasler, L50, M|100/100\n|switch|p1b: Kingambit|Kingambit, L50, M|100/100\n|switch|p2a: Kitten|Incineroar, L50, M, shiny|100/100\n|switch|p2b: Basculegion|Basculegion, L50, M|100/100\n|-ability|p2a: Kitten|Intimidate|boost\n|-unboost|p1a: Sneasler|atk|1\n|-unboost|p1b: Kingambit|atk|1\n|-ability|p1b: Kingambit|Defiant|boost\n|-boost|p1b: Kingambit|atk|2\n|-enditem|p1a: Sneasler|White Herb\n|-clearnegativeboost|p1a: Sneasler|[silent]\n|turn|1\n|\n|t:|1775950508\n|switch|p2b: Dragonite|Dragonite, L50, M|100/100\n|move|p1a: Sneasler|Fake Out|p2a: Kitten\n|-damage|p2a: Kitten|88/100\n|move|p1b: Kingambit|Sucker Punch||[still]\n|-fail|p1b: Kingambit\n|cant|p2a: Kitten|flinch\n|\n|upkeep\n|turn|2\n|\n|t:|1775950526\n|move|p1a: Sneasler|Close Combat|p2a: Kitten\n|-supereffective|p2a: Kitten|1\n|-enditem|p2a: Kitten|Chople Berry|[eat]\n|-enditem|p2a: Kitten|Chople Berry|[weaken]\n|-damage|p2a: Kitten|30/100\n|-unboost|p1a: Sneasler|def|1\n|-unboost|p1a: Sneasler|spd|1\n|move|p2b: Dragonite|Dragon Claw|p1a: Sneasler\n|-damage|p1a: Sneasler|0 fnt\n|faint|p1a: Sneasler\n|move|p1b: Kingambit|Swords Dance|p1b: Kingambit\n|-boost|p1b: Kingambit|atk|2\n|move|p2a: Kitten|Will-O-Wisp|p1b: Kingambit\n|-status|p1b: Kingambit|brn\n|\n|-damage|p1b: Kingambit|94/100 brn|[from] brn\n|upkeep\n|\n|t:|1775950542\n|switch|p1a: Sinistcha|Sinistcha, L50|100/100\n|-heal|p1b: Kingambit|100/100 brn|[from] ability: Hospitality|[of] p1a: Sinistcha\n|turn|3\n|inactive|calacadura has 30 seconds left.\n|inactive|calacadura has 20 seconds left.\n|\n|t:|1775950580\n|switch|p2b: Tiny|Sinistcha, L50, shiny|100/100\n|-heal|p2a: Kitten|54/100|[from] ability: Hospitality|[of] p2b: Tiny\n|move|p1b: Kingambit|Protect|p1b: Kingambit\n|-singleturn|p1b: Kingambit|Protect\n|move|p1a: Sinistcha|Matcha Gotcha|p2b: Tiny|[spread] p2a,p2b\n|-resisted|p2a: Kitten|1\n|-resisted|p2b: Tiny|1\n|-damage|p2a: Kitten|46/100\n|-damage|p2b: Tiny|87/100\n|move|p2a: Kitten|Flare Blitz|p1b: Kingambit\n|-activate|p1b: Kingambit|move: Protect\n|\n|-damage|p1b: Kingambit|94/100 brn|[from] brn\n|upkeep\n|turn|4\n|\n|t:|1775950597\n|move|p1a: Sinistcha|Rage Powder|p1a: Sinistcha\n|-singleturn|p1a: Sinistcha|move: Rage Powder\n|move|p2b: Tiny|Rage Powder|p2b: Tiny\n|-singleturn|p2b: Tiny|move: Rage Powder\n|move|p1b: Kingambit|Kowtow Cleave|p2b: Tiny\n|-supereffective|p2b: Tiny|1\n|-damage|p2b: Tiny|3/100\n|move|p2a: Kitten|Flare Blitz|p1a: Sinistcha\n|-supereffective|p1a: Sinistcha|1\n|-damage|p1a: Sinistcha|12/100\n|-enditem|p1a: Sinistcha|Sitrus Berry|[eat]\n|-heal|p1a: Sinistcha|37/100|[from] item: Sitrus Berry\n|-damage|p2a: Kitten|20/100|[from] Recoil\n|\n|-damage|p1b: Kingambit|88/100 brn|[from] brn\n|upkeep\n|turn|5\n|inactive|Yamielmo has 30 seconds left.\n|\n|t:|1775950623\n|switch|p2b: Dragonite|Dragonite, L50, M|100/100\n|move|p1b: Kingambit|Protect|p1b: Kingambit\n|-singleturn|p1b: Kingambit|Protect\n|move|p1a: Sinistcha|Matcha Gotcha|p2b: Dragonite|[spread] p2a,p2b\n|-resisted|p2a: Kitten|1\n|-resisted|p2b: Dragonite|2\n|-damage|p2a: Kitten|11/100\n|-heal|p1a: Sinistcha|42/100|[from] drain|[of] p2a: Kitten\n|-damage|p2b: Dragonite|97/100\n|-heal|p1a: Sinistcha|44/100|[from] drain|[of] p2b: Dragonite\n|move|p2a: Kitten|Flare Blitz|p1b: Kingambit\n|-activate|p1b: Kingambit|move: Protect\n|\n|-heal|p2b: Dragonite|100/100|[from] item: Leftovers\n|-damage|p1b: Kingambit|82/100 brn|[from] brn\n|upkeep\n|turn|6\n|inactive|calacadura has 30 seconds left.\n|inactive|calacadura has 20 seconds left.\n|inactive|calacadura has 15 seconds left.\n|inactive|calacadura has 10 seconds left.\n|inactive|calacadura has 5 seconds left.\n|\n|t:|1775950674\n|switch|p2b: Tiny|Sinistcha, L50, shiny|3/100\n|-heal|p2a: Kitten|36/100|[from] ability: Hospitality|[of] p2b: Tiny\n|move|p1a: Sinistcha|Rage Powder|p1a: Sinistcha\n|-singleturn|p1a: Sinistcha|move: Rage Powder\n|move|p1b: Kingambit|Sucker Punch|p2a: Kitten\n|-resisted|p2a: Kitten|1\n|-damage|p2a: Kitten|16/100\n|move|p2a: Kitten|Flare Blitz|p1a: Sinistcha\n|-supereffective|p1a: Sinistcha|1\n|-damage|p1a: Sinistcha|0 fnt\n|faint|p1a: Sinistcha\n|-damage|p2a: Kitten|3/100|[from] Recoil\n|\n|-damage|p1b: Kingambit|76/100 brn|[from] brn\n|upkeep\n|\n|t:|1775950685\n|switch|p1a: Charizard|Charizard, L50, F, shiny|100/100\n|turn|7\n|inactive|calacadura has 30 seconds left.\n|\n|t:|1775950715\n|detailschange|p1a: Charizard|Charizard-Mega-Y, L50, F, shiny\n|-mega|p1a: Charizard|Charizard|Charizardite Y\n|-weather|SunnyDay|[from] ability: Drought|[of] p1a: Charizard\n|move|p1a: Charizard|Heat Wave|p2a: Kitten|[spread] p2a,p2b\n|-resisted|p2a: Kitten|1\n|-supereffective|p2b: Tiny|1\n|-damage|p2a: Kitten|0 fnt\n|-damage|p2b: Tiny|0 fnt\n|faint|p2a: Kitten\n|faint|p2b: Tiny\n|move|p1b: Kingambit|Swords Dance|p1b: Kingambit\n|-boost|p1b: Kingambit|atk|2\n|\n|-weather|SunnyDay|[upkeep]\n|-damage|p1b: Kingambit|70/100 brn|[from] brn\n|upkeep\n|\n|t:|1775950718\n|switch|p2b: Basculegion|Basculegion, L50, M|100/100\n|switch|p2a: Dragonite|Dragonite, L50, M|100/100\n|turn|8\n|\n|t:|1775950738\n|move|p1b: Kingambit|Sucker Punch|p2b: Basculegion\n|-supereffective|p2b: Basculegion|1\n|-damage|p2b: Basculegion|0 fnt\n|faint|p2b: Basculegion\n|move|p2a: Dragonite|Dragon Claw|p1a: Charizard\n|-damage|p1a: Charizard|49/100\n|move|p1a: Charizard|Heat Wave|p2a: Dragonite|[miss]\n|-miss|p1a: Charizard|p2a: Dragonite\n|\n|-weather|SunnyDay|[upkeep]\n|-damage|p1b: Kingambit|64/100 brn|[from] brn\n|upkeep\n|turn|9\n|\n|t:|1775950753\n|move|p1b: Kingambit|Sucker Punch|p2a: Dragonite\n|-damage|p2a: Dragonite|60/100\n|move|p2a: Dragonite|Dragon Claw|p1a: Charizard\n|-damage|p1a: Charizard|0 fnt\n|faint|p1a: Charizard\n|\n|-weather|SunnyDay|[upkeep]\n|-heal|p2a: Dragonite|66/100|[from] item: Leftovers\n|-damage|p1b: Kingambit|58/100 brn|[from] brn\n|upkeep\n|turn|10\n|\n|t:|1775950763\n|move|p1b: Kingambit|Sucker Punch|p2a: Dragonite\n|-damage|p2a: Dragonite|0 fnt\n|faint|p2a: Dragonite\n|\n|win|Yamielmo\n|raw|Yamielmo's rating: 1048 &rarr; <strong>1082</strong><br />(+34 for winning)\n|raw|calacadura's rating: 1058 &rarr; <strong>1039</strong><br />(-19 for losing)\n",
  "uploadtime": 1775950765,
  "views": 11,
  "formatid": "gen9championsvgc2026regma",
  "rating": 1039,
  "private": 0,
  "password": null
}