{
  "id": "gen9championsvgc2026regma-2582449207",
  "format": "[Gen 9 Champions] VGC 2026 Reg M-A",
  "players": [
    "Azreal29",
    "God_y_Fiki"
  ],
  "log": "|j|\u2606Azreal29\n|j|\u2606God_y_Fiki\n|t:|1776092408\n|gametype|doubles\n|player|p1|Azreal29|unknown|1136\n|player|p2|God_y_Fiki|hilbert|1102\n|gen|9\n|tier|[Gen 9 Champions] VGC 2026 Reg M-A\n|rated|\n|rule|Species Clause: Limit one of each Pok\u00e9mon\n|rule|Item Clause: Limit 1 of each item\n|clearpoke\n|poke|p1|Gengar, L50, M|\n|poke|p1|Sinistcha, L50|\n|poke|p1|Maushold-Four, L50|\n|poke|p1|Incineroar, L50, M|\n|poke|p1|Pelipper, L50, M|\n|poke|p1|Archaludon, L50, M|\n|poke|p2|Archaludon, L50, M|\n|poke|p2|Dragonite, L50, M|\n|poke|p2|Sneasler, L50, F|\n|poke|p2|Basculegion, L50, M|\n|poke|p2|Sinistcha, L50|\n|poke|p2|Politoed, L50, M|\n|teampreview|4\n|inactive|Battle timer is ON: inactive players will automatically lose when time's up. (requested by Azreal29)\n|\n|t:|1776092437\n|teamsize|p1|4\n|teamsize|p2|4\n|start\n|switch|p1a: Inumaki|Gengar, L50, M, shiny|100/100\n|switch|p1b: Todoroar|Incineroar, L50, M|100/100\n|switch|p2a: Politoed|Politoed, L50, M, shiny|100/100\n|switch|p2b: Dragonite|Dragonite, L50, M, shiny|100/100\n|-weather|RainDance|[from] ability: Drizzle|[of] p2a: Politoed\n|-ability|p1b: Todoroar|Intimidate|boost\n|-unboost|p2a: Politoed|atk|1\n|-unboost|p2b: Dragonite|atk|1\n|turn|1\n|\n|t:|1776092460\n|detailschange|p1a: Inumaki|Gengar-Mega, L50, M, shiny\n|-mega|p1a: Inumaki|Gengar|Gengarite\n|move|p2a: Politoed|Protect|p2a: Politoed\n|-singleturn|p2a: Politoed|Protect\n|move|p1b: Todoroar|Fake Out|p2b: Dragonite\n|-damage|p2b: Dragonite|95/100\n|move|p1a: Inumaki|Perish Song|p1a: Inumaki\n|-start|p1a: Inumaki|perish3|[silent]\n|-start|p1b: Todoroar|perish3|[silent]\n|-start|p2a: Politoed|perish3|[silent]\n|-start|p2b: Dragonite|perish3|[silent]\n|-fieldactivate|move: Perish Song\n|cant|p2b: Dragonite|flinch\n|\n|-weather|RainDance|[upkeep]\n|-start|p1a: Inumaki|perish3\n|-start|p2b: Dragonite|perish3\n|-start|p2a: Politoed|perish3\n|-start|p1b: Todoroar|perish3\n|upkeep\n|turn|2\n|\n|t:|1776092480\n|detailschange|p2b: Dragonite|Dragonite-Mega, L50, M, shiny\n|-mega|p2b: Dragonite|Dragonite|Dragoninite\n|move|p1a: Inumaki|Protect|p1a: Inumaki\n|-singleturn|p1a: Inumaki|Protect\n|move|p2b: Dragonite|Tailwind|p2b: Dragonite\n|-sidestart|p2: God_y_Fiki|move: Tailwind\n|move|p2a: Politoed|Weather Ball|p1b: Todoroar\n|-supereffective|p1b: Todoroar|1\n|-damage|p1b: Todoroar|0 fnt\n|faint|p1b: Todoroar\n|\n|-weather|RainDance|[upkeep]\n|-start|p2b: Dragonite|perish2\n|-start|p2a: Politoed|perish2\n|-start|p1a: Inumaki|perish2\n|upkeep\n|\n|t:|1776092491\n|switch|p1b: Kashidon|Archaludon, L50, M, shiny|100/100\n|turn|3\n|\n|t:|1776092511\n|move|p2a: Politoed|Protect|p2a: Politoed\n|-singleturn|p2a: Politoed|Protect\n|move|p2b: Dragonite|Draco Meteor|p1b: Kashidon|[miss]\n|-miss|p2b: Dragonite|p1b: Kashidon\n|move|p1a: Inumaki|Disable|p2b: Dragonite\n|-start|p2b: Dragonite|Disable|Draco Meteor\n|move|p1b: Kashidon|Electro Shot||[still]\n|-prepare|p1b: Kashidon|Electro Shot\n|-boost|p1b: Kashidon|spa|1\n|-anim|p1b: Kashidon|Electro Shot|p2a: Politoed\n|-activate|p2a: Politoed|move: Protect\n|\n|-weather|RainDance|[upkeep]\n|-start|p2b: Dragonite|perish1\n|-start|p2a: Politoed|perish1\n|-start|p1a: Inumaki|perish1\n|upkeep\n|turn|4\n|inactive|Azreal29 has 30 seconds left.\n|\n|t:|1776092537\n|switch|p1a: Shotcha|Sinistcha, L50|100/100\n|move|p2a: Politoed|Protect|p2a: Politoed\n|-singleturn|p2a: Politoed|Protect\n|move|p2b: Dragonite|Hurricane|p1a: Shotcha\n|-supereffective|p1a: Shotcha|1\n|-damage|p1a: Shotcha|0 fnt\n|faint|p1a: Shotcha\n|move|p1b: Kashidon|Electro Shot||[still]\n|-prepare|p1b: Kashidon|Electro Shot\n|-boost|p1b: Kashidon|spa|1\n|-anim|p1b: Kashidon|Electro Shot|p2a: Politoed\n|-activate|p2a: Politoed|move: Protect\n|\n|-weather|RainDance|[upkeep]\n|-start|p2b: Dragonite|perish0\n|-start|p2a: Politoed|perish0\n|faint|p2b: Dragonite\n|faint|p2a: Politoed\n|upkeep\n|\n|t:|1776092551\n|switch|p2b: Sinistcha|Sinistcha, L50, shiny|100/100\n|switch|p1a: Inumaki|Gengar-Mega, L50, M, shiny|100/100\n|switch|p2a: Basculegion|Basculegion, L50, M, shiny|100/100\n|turn|5\n|inactive|God_y_Fiki has 30 seconds left.\n|\n|t:|1776092587\n|move|p1a: Inumaki|Protect|p1a: Inumaki\n|-singleturn|p1a: Inumaki|Protect\n|move|p2b: Sinistcha|Rage Powder|p2b: Sinistcha\n|-singleturn|p2b: Sinistcha|move: Rage Powder\n|move|p2a: Basculegion|Wave Crash|p1b: Kashidon\n|-resisted|p1b: Kashidon|1\n|-damage|p1b: Kashidon|59/100\n|-ability|p1b: Kashidon|Stamina|boost\n|-boost|p1b: Kashidon|def|1\n|-damage|p2a: Basculegion|87/100|[from] Recoil\n|move|p1b: Kashidon|Electro Shot||[still]\n|-prepare|p1b: Kashidon|Electro Shot\n|-boost|p1b: Kashidon|spa|1\n|-anim|p1b: Kashidon|Electro Shot|p2b: Sinistcha\n|-resisted|p2b: Sinistcha|1\n|-damage|p2b: Sinistcha|46/100\n|-enditem|p2b: Sinistcha|Sitrus Berry|[eat]\n|-heal|p2b: Sinistcha|70/100|[from] item: Sitrus Berry\n|\n|-weather|none\n|-heal|p1b: Kashidon|65/100|[from] item: Leftovers\n|-sideend|p2: God_y_Fiki|move: Tailwind\n|upkeep\n|turn|6\n|c|\u2606Azreal29|its over\n|\n|t:|1776092609\n|move|p2b: Sinistcha|Rage Powder|p2b: Sinistcha\n|-singleturn|p2b: Sinistcha|move: Rage Powder\n|move|p1a: Inumaki|Shadow Ball|p2b: Sinistcha\n|-supereffective|p2b: Sinistcha|1\n|-damage|p2b: Sinistcha|0 fnt\n|faint|p2b: Sinistcha\n|move|p2a: Basculegion|Wave Crash|p1a: Inumaki\n|-damage|p1a: Inumaki|3/100\n|-damage|p2a: Basculegion|60/100|[from] Recoil\n|move|p1b: Kashidon|Dragon Pulse|p2a: Basculegion\n|-damage|p2a: Basculegion|0 fnt\n|faint|p2a: Basculegion\n|\n|win|Azreal29\n|raw|Azreal29's rating: 1136 &rarr; <strong>1159</strong><br />(+23 for winning)\n|raw|God_y_Fiki's rating: 1102 &rarr; <strong>1079</strong><br />(-23 for losing)\n|l|\u2606God_y_Fiki\n|player|p2|\n",
  "uploadtime": 1776092627,
  "views": 10,
  "formatid": "gen9championsvgc2026regma",
  "rating": 1079,
  "private": 0,
  "password": null
}