{
  "id": "gen9championsvgc2026regma-2583969433",
  "format": "[Gen 9 Champions] VGC 2026 Reg M-A",
  "players": [
    "felipe_officiale",
    "filipelima0617"
  ],
  "log": "|j|\u2606felipe_officiale\n|j|\u2606filipelima0617\n|t:|1776212818\n|gametype|doubles\n|player|p1|felipe_officiale|170|\n|player|p2|filipelima0617|skier|\n|gen|9\n|tier|[Gen 9 Champions] VGC 2026 Reg M-A\n|rule|Species Clause: Limit one of each Pok\u00e9mon\n|rule|Item Clause: Limit 1 of each item\n|clearpoke\n|poke|p1|Excadrill, L50, M|\n|poke|p1|Tyranitar, L50, M|\n|poke|p1|Hawlucha, L50, F|\n|poke|p1|Jolteon, L50, M|\n|poke|p1|Meganium, L50, F|\n|poke|p1|Ceruledge, L50, F|\n|poke|p2|Gardevoir, L50, F|\n|poke|p2|Toxapex, L50, M|\n|poke|p2|Rotom-Heat, L50|\n|poke|p2|Gengar, L50, M|\n|poke|p2|Dragonite, L50, M|\n|poke|p2|Mamoswine, L50, M|\n|teampreview|4\n|\n|t:|1776212841\n|teamsize|p1|4\n|teamsize|p2|4\n|start\n|switch|p1a: Ceruledge|Ceruledge, L50, F|100/100\n|switch|p1b: Meganium|Meganium, L50, F|100/100\n|switch|p2a: Gardevoir|Gardevoir, L50, F|100/100\n|switch|p2b: Rotom|Rotom-Heat, L50|100/100\n|turn|1\n|j| jeanmixed\n|\n|t:|1776212873\n|switch|p2a: Toxapex|Toxapex, L50, M|100/100\n|move|p1a: Ceruledge|Bitter Blade|p2a: Toxapex\n|-resisted|p2a: Toxapex|1\n|-damage|p2a: Toxapex|85/100\n|move|p2b: Rotom|Overheat|p1b: Meganium\n|-supereffective|p1b: Meganium|1\n|-damage|p1b: Meganium|13/100\n|-unboost|p2b: Rotom|spa|2\n|move|p1b: Meganium|Giga Drain|p2b: Rotom\n|-resisted|p2b: Rotom|1\n|-damage|p2b: Rotom|74/100\n|-heal|p1b: Meganium|24/100|[from] drain|[of] p2b: Rotom\n|\n|-heal|p2a: Toxapex|91/100|[from] item: Leftovers\n|upkeep\n|turn|2\n|\n|t:|1776212932\n|switch|p1b: Jolteon|Jolteon, L50, M|100/100\n|move|p1a: Ceruledge|Iron Head|p2a: Toxapex\n|-resisted|p2a: Toxapex|1\n|-damage|p2a: Toxapex|81/100\n|move|p2b: Rotom|Overheat|p1b: Jolteon\n|-damage|p1b: Jolteon|70/100\n|-unboost|p2b: Rotom|spa|2\n|move|p2a: Toxapex|Toxic|p1a: Ceruledge\n|-status|p1a: Ceruledge|tox\n|\n|-heal|p2a: Toxapex|87/100|[from] item: Leftovers\n|-damage|p1a: Ceruledge|94/100 tox|[from] psn\n|upkeep\n|turn|3\n|\n|t:|1776212965\n|move|p2b: Rotom|Protect|p2b: Rotom\n|-singleturn|p2b: Rotom|Protect\n|move|p1b: Jolteon|Body Slam|p2a: Toxapex\n|-damage|p2a: Toxapex|76/100\n|move|p1a: Ceruledge|Dragon Claw|p2a: Toxapex\n|-damage|p2a: Toxapex|59/100\n|move|p2a: Toxapex|Chilling Water|p1a: Ceruledge\n|-supereffective|p1a: Ceruledge|1\n|-damage|p1a: Ceruledge|75/100 tox\n|-unboost|p1a: Ceruledge|atk|1\n|\n|-heal|p2a: Toxapex|65/100|[from] item: Leftovers\n|-damage|p1a: Ceruledge|63/100 tox|[from] psn\n|upkeep\n|turn|4\n|\n|t:|1776213011\n|switch|p1a: Tyranitar|Tyranitar, L50, M|100/100\n|-weather|Sandstorm|[from] ability: Sand Stream|[of] p1a: Tyranitar\n|move|p1b: Jolteon|Thunderbolt|p2a: Toxapex\n|-supereffective|p2a: Toxapex|1\n|-damage|p2a: Toxapex|4/100\n|move|p2b: Rotom|Thunderbolt|p1a: Tyranitar\n|-damage|p1a: Tyranitar|93/100\n|move|p2a: Toxapex|Toxic|p1b: Jolteon\n|-status|p1b: Jolteon|tox\n|\n|-weather|Sandstorm|[upkeep]\n|-damage|p1b: Jolteon|65/100 tox|[from] Sandstorm\n|-damage|p2b: Rotom|69/100|[from] Sandstorm\n|-damage|p2a: Toxapex|0 fnt|[from] Sandstorm\n|faint|p2a: Toxapex\n|-damage|p1b: Jolteon|59/100 tox|[from] psn\n|upkeep\n|\n|t:|1776213032\n|switch|p2a: Mamoswine|Mamoswine, L50, M|100/100\n|turn|5\n|\n|t:|1776213047\n|switch|p1b: Ceruledge|Ceruledge, L50, F|63/100 tox\n|move|p2b: Rotom|Protect|p2b: Rotom\n|-singleturn|p2b: Rotom|Protect\n|move|p2a: Mamoswine|Earthquake|p1a: Tyranitar|[spread] p1a,p1b\n|-activate|p2b: Rotom|move: Protect\n|-supereffective|p1a: Tyranitar|1\n|-crit|p1a: Tyranitar\n|-supereffective|p1b: Ceruledge|1\n|-damage|p1a: Tyranitar|0 fnt\n|-damage|p1b: Ceruledge|0 fnt\n|faint|p1a: Tyranitar\n|faint|p1b: Ceruledge\n|\n|-weather|Sandstorm|[upkeep]\n|-damage|p2b: Rotom|63/100|[from] Sandstorm\n|upkeep\n|\n|t:|1776213063\n|switch|p1b: Meganium|Meganium, L50, F|24/100\n|switch|p1a: Jolteon|Jolteon, L50, M|59/100 tox\n|turn|6\n|\n|t:|1776213092\n|move|p2a: Mamoswine|Protect|p2a: Mamoswine\n|-singleturn|p2a: Mamoswine|Protect\n|move|p1a: Jolteon|Thunder|p2a: Mamoswine\n|-activate|p2a: Mamoswine|move: Protect\n|move|p2b: Rotom|Overheat|p1b: Meganium\n|-supereffective|p1b: Meganium|1\n|-damage|p1b: Meganium|0 fnt\n|-unboost|p2b: Rotom|spa|2\n|faint|p1b: Meganium\n|\n|-weather|Sandstorm|[upkeep]\n|-damage|p1a: Jolteon|53/100 tox|[from] Sandstorm\n|-damage|p2b: Rotom|57/100|[from] Sandstorm\n|-damage|p1a: Jolteon|48/100 tox|[from] psn\n|upkeep\n|turn|7\n|\n|t:|1776213116\n|move|p2b: Rotom|Protect|p2b: Rotom\n|-singleturn|p2b: Rotom|Protect\n|move|p2a: Mamoswine|Ice Shard|p1a: Jolteon\n|-damage|p1a: Jolteon|7/100 tox\n|move|p1a: Jolteon|Rest|p1a: Jolteon\n|-status|p1a: Jolteon|slp|[from] move: Rest\n|-heal|p1a: Jolteon|100/100 slp|[silent]\n|\n|-weather|Sandstorm|[upkeep]\n|-damage|p1a: Jolteon|95/100 slp|[from] Sandstorm\n|-damage|p2b: Rotom|51/100|[from] Sandstorm\n|upkeep\n|turn|8\n|j| mofriu4334\n|\n|t:|1776213155\n|switch|p2b: Gardevoir|Gardevoir, L50, F|100/100\n|move|p2a: Mamoswine|Ice Shard|p1a: Jolteon\n|-damage|p1a: Jolteon|54/100 slp\n|cant|p1a: Jolteon|slp\n|\n|-weather|none\n|upkeep\n|turn|9\n|\n|t:|1776213169\n|detailschange|p2b: Gardevoir|Gardevoir-Mega, L50, F\n|-mega|p2b: Gardevoir|Gardevoir|Gardevoirite\n|move|p2a: Mamoswine|Ice Shard|p1a: Jolteon\n|-damage|p1a: Jolteon|14/100 slp\n|cant|p1a: Jolteon|slp\n|move|p2b: Gardevoir|Psychic|p1a: Jolteon\n|-damage|p1a: Jolteon|0 fnt\n|faint|p1a: Jolteon\n|\n|win|filipelima0617\n",
  "uploadtime": 1776213182,
  "views": 13,
  "formatid": "gen9championsvgc2026regma",
  "rating": null,
  "private": 0,
  "password": null
}