{
  "id": "gen9championsvgc2026regma-2586864418",
  "format": "[Gen 9 Champions] VGC 2026 Reg M-A",
  "players": [
    "Rtx_sebas",
    "SKTMarimo"
  ],
  "log": "|j|\u2606Rtx_sebas\n|j|\u2606SKTMarimo\n|t:|1776466491\n|gametype|doubles\n|player|p1|Rtx_sebas|265|1152\n|player|p2|SKTMarimo|riley|1172\n|gen|9\n|tier|[Gen 9 Champions] VGC 2026 Reg M-A\n|rated|\n|rule|Species Clause: Limit one of each Pok\u00e9mon\n|rule|Item Clause: Limit 1 of each item\n|clearpoke\n|poke|p1|Charizard, L50, M|\n|poke|p1|Sneasler, L50, F|\n|poke|p1|Maushold, L50|\n|poke|p1|Venusaur, L50, M|\n|poke|p1|Sableye, L50, F|\n|poke|p1|Garchomp, L50, M|\n|poke|p2|Excadrill, L50, M|\n|poke|p2|Aerodactyl, L50, F|\n|poke|p2|Meganium, L50, F|\n|poke|p2|Incineroar, L50, F|\n|poke|p2|Weavile, L50, M|\n|poke|p2|Dragonite, L50, F|\n|teampreview|4\n|\n|t:|1776466519\n|teamsize|p1|4\n|teamsize|p2|4\n|start\n|switch|p1a: Sableye|Sableye, L50, F|100/100\n|switch|p1b: Garchomp|Garchomp, L50, M|100/100\n|switch|p2a: Excadrill|Excadrill, L50, M|100/100\n|switch|p2b: Aerodactyl|Aerodactyl, L50, F|100/100\n|-ability|p2b: Aerodactyl|Unnerve\n|-ability|p2a: Excadrill|Mold Breaker\n|turn|1\n|inactive|Battle timer is ON: inactive players will automatically lose when time's up. (requested by Rtx_sebas)\n|\n|t:|1776466565\n|detailschange|p2a: Excadrill|Excadrill-Mega, L50, M\n|-mega|p2a: Excadrill|Excadrill|Excadrite\n|move|p1b: Garchomp|Protect|p1b: Garchomp\n|-singleturn|p1b: Garchomp|Protect\n|move|p1a: Sableye|Will-O-Wisp|p2b: Aerodactyl|[miss]\n|-miss|p1a: Sableye|p2b: Aerodactyl\n|move|p2b: Aerodactyl|Rock Slide|p1b: Garchomp|[spread] p1a\n|-activate|p1b: Garchomp|move: Protect\n|-damage|p1a: Sableye|72/100\n|move|p2a: Excadrill|Earthquake|p1b: Garchomp|[spread] p1a\n|-activate|p1b: Garchomp|move: Protect\n|-immune|p2b: Aerodactyl\n|-damage|p1a: Sableye|13/100\n|\n|upkeep\n|turn|2\n|inactive|Rtx_sebas has 30 seconds left.\n|inactive|SKTMarimo has 30 seconds left.\n|inactive|SKTMarimo has 20 seconds left.\n|inactive|Rtx_sebas has 20 seconds left.\n|inactive|Rtx_sebas has 15 seconds left.\n|\n|t:|1776466612\n|switch|p2a: Incineroar|Incineroar, L50, F, shiny|100/100\n|-ability|p2a: Incineroar|Intimidate|boost\n|-unboost|p1a: Sableye|atk|1\n|-unboost|p1b: Garchomp|atk|1\n|move|p1a: Sableye|Will-O-Wisp|p2b: Aerodactyl\n|-status|p2b: Aerodactyl|brn\n|move|p2b: Aerodactyl|Rock Slide|p1a: Sableye|[spread] p1a,p1b\n|-resisted|p1b: Garchomp|1\n|-damage|p1a: Sableye|0 fnt\n|-damage|p1b: Garchomp|95/100\n|faint|p1a: Sableye\n|cant|p1b: Garchomp|flinch\n|\n|-damage|p2b: Aerodactyl|95/100 brn|[from] brn\n|upkeep\n|\n|t:|1776466633\n|switch|p1a: Charizard|Charizard, L50, M|100/100\n|turn|3\n|\n|t:|1776466657\n|detailschange|p1a: Charizard|Charizard-Mega-Y, L50, M\n|-mega|p1a: Charizard|Charizard|Charizardite Y\n|-weather|SunnyDay|[from] ability: Drought|[of] p1a: Charizard\n|move|p2b: Aerodactyl|Tailwind|p2b: Aerodactyl\n|-sidestart|p2: SKTMarimo|move: Tailwind\n|move|p2a: Incineroar|Will-O-Wisp|p1b: Garchomp|[miss]\n|-miss|p2a: Incineroar|p1b: Garchomp\n|move|p1b: Garchomp|Rock Slide|p2a: Incineroar|[spread] p2a,p2b\n|-supereffective|p2a: Incineroar|1\n|-supereffective|p2b: Aerodactyl|1\n|-damage|p2a: Incineroar|73/100\n|-damage|p2b: Aerodactyl|48/100 brn\n|move|p1a: Charizard|Heat Wave|p2b: Aerodactyl|[spread] p2a,p2b\n|-resisted|p2a: Incineroar|1\n|-resisted|p2b: Aerodactyl|1\n|-damage|p2a: Incineroar|50/100\n|-damage|p2b: Aerodactyl|0 fnt\n|-enditem|p2a: Incineroar|Sitrus Berry|[eat]\n|-heal|p2a: Incineroar|75/100|[from] item: Sitrus Berry\n|faint|p2b: Aerodactyl\n|\n|-weather|SunnyDay|[upkeep]\n|upkeep\n|inactive|SKTMarimo has 30 seconds left.\n|\n|t:|1776466690\n|switch|p2b: Excadrill|Excadrill-Mega, L50, M|100/100\n|turn|4\n|\n|t:|1776466712\n|move|p2b: Excadrill|Rock Slide|p1b: Garchomp|[spread] p1a,p1b\n|-supereffective|p1a: Charizard|2\n|-resisted|p1b: Garchomp|1\n|-damage|p1a: Charizard|2/100\n|-damage|p1b: Garchomp|85/100\n|move|p2a: Incineroar|Parting Shot|p1b: Garchomp\n|-unboost|p1b: Garchomp|atk|1\n|-unboost|p1b: Garchomp|spa|1\n|\n|t:|1776466721\n|switch|p2a: Weavile|Weavile, L50, M|100/100|[from] Parting Shot\n|-ability|p2a: Weavile|Pressure\n|move|p1b: Garchomp|Earthquake|p2a: Weavile|[spread] p2a,p2b\n|-immune|p1a: Charizard\n|-supereffective|p2b: Excadrill|1\n|-damage|p2a: Weavile|66/100\n|-damage|p2b: Excadrill|59/100\n|cant|p1a: Charizard|flinch\n|\n|-weather|SunnyDay|[upkeep]\n|upkeep\n|turn|5\n|inactive|Rtx_sebas has 30 seconds left.\n|inactive|SKTMarimo has 30 seconds left.\n|\n|t:|1776466753\n|switch|p1b: Sneasler|Sneasler, L50, F|100/100\n|move|p1a: Charizard|Protect|p1a: Charizard\n|-singleturn|p1a: Charizard|Protect\n|move|p2a: Weavile|Fake Out|p1b: Sneasler\n|-damage|p1b: Sneasler|76/100\n|move|p2b: Excadrill|Rock Slide|p1a: Charizard|[spread] \n|-activate|p1a: Charizard|move: Protect\n|-miss|p2b: Excadrill|p1b: Sneasler\n|\n|-weather|SunnyDay|[upkeep]\n|upkeep\n|turn|6\n|inactive|Rtx_sebas has 30 seconds left.\n|inactive|SKTMarimo has 30 seconds left.\n|inactive|SKTMarimo has 20 seconds left.\n|inactive|SKTMarimo has 15 seconds left.\n|inactive|SKTMarimo has 10 seconds left.\n|\n|t:|1776466802\n|move|p1b: Sneasler|Fake Out|p2b: Excadrill\n|-resisted|p2b: Excadrill|1\n|-damage|p2b: Excadrill|51/100\n|move|p2a: Weavile|Ice Spinner|p1a: Charizard\n|-damage|p1a: Charizard|0 fnt\n|faint|p1a: Charizard\n|cant|p2b: Excadrill|flinch\n|\n|-weather|SunnyDay|[upkeep]\n|-sideend|p2: SKTMarimo|move: Tailwind\n|upkeep\n|\n|t:|1776466816\n|switch|p1a: Garchomp|Garchomp, L50, M|85/100\n|turn|7\n|inactive|SKTMarimo has 30 seconds left.\n|inactive|SKTMarimo has 20 seconds left.\n|inactive|SKTMarimo has 15 seconds left.\n|inactive|SKTMarimo has 10 seconds left.\n|\n|t:|1776466861\n|switch|p2b: Incineroar|Incineroar, L50, F, shiny|75/100\n|-ability|p2b: Incineroar|Intimidate|boost\n|-unboost|p1a: Garchomp|atk|1\n|-unboost|p1b: Sneasler|atk|1\n|-enditem|p1b: Sneasler|White Herb\n|-clearnegativeboost|p1b: Sneasler|[silent]\n|move|p1b: Sneasler|Protect|p1b: Sneasler\n|-singleturn|p1b: Sneasler|Protect\n|move|p2a: Weavile|Ice Spinner|p1b: Sneasler\n|-activate|p1b: Sneasler|move: Protect\n|move|p1a: Garchomp|Earthquake|p2b: Incineroar|[spread] p2a,p2b\n|-activate|p1b: Sneasler|move: Protect\n|-supereffective|p2b: Incineroar|1\n|-damage|p2a: Weavile|17/100\n|-damage|p2b: Incineroar|18/100\n|\n|-weather|none\n|upkeep\n|turn|8\n|inactive|Rtx_sebas has 30 seconds left.\n|inactive|SKTMarimo has 30 seconds left.\n|inactive|SKTMarimo has 20 seconds left.\n|inactive|SKTMarimo has 15 seconds left.\n|\n|t:|1776466906\n|move|p1b: Sneasler|Dire Claw|p2a: Weavile\n|-damage|p2a: Weavile|0 fnt\n|faint|p2a: Weavile\n|move|p1a: Garchomp|Rock Slide|p2b: Incineroar\n|-supereffective|p2b: Incineroar|1\n|-damage|p2b: Incineroar|0 fnt\n|faint|p2b: Incineroar\n|\n|upkeep\n|inactive|SKTMarimo has 30 seconds left.\n|c|\u2606SKTMarimo|how\n|c|\u2606SKTMarimo|is it faster\n|c|\u2606SKTMarimo|?\n|inactive|SKTMarimo has 20 seconds left.\n|inactive|SKTMarimo has 15 seconds left.\n|inactive|SKTMarimo has 10 seconds left.\n|\n|t:|1776466951\n|switch|p2b: Excadrill|Excadrill-Mega, L50, M|51/100\n|turn|9\n|\n|t:|1776466955\n|move|p1b: Sneasler|Protect|p1b: Sneasler\n|-singleturn|p1b: Sneasler|Protect\n|move|p2b: Excadrill|Earthquake|p1a: Garchomp|[spread] p1a\n|-activate|p1b: Sneasler|move: Protect\n|-damage|p1a: Garchomp|48/100\n|move|p1a: Garchomp|Earthquake|p2b: Excadrill|[spread] p2b\n|-activate|p1b: Sneasler|move: Protect\n|-supereffective|p2b: Excadrill|1\n|-damage|p2b: Excadrill|2/100\n|\n|upkeep\n|turn|10\n|\n|t:|1776466967\n|move|p1a: Garchomp|Protect|p1a: Garchomp\n|-singleturn|p1a: Garchomp|Protect\n|move|p1b: Sneasler|Close Combat|p2b: Excadrill\n|-supereffective|p2b: Excadrill|1\n|-damage|p2b: Excadrill|0 fnt\n|-unboost|p1b: Sneasler|def|1\n|-unboost|p1b: Sneasler|spd|1\n|faint|p2b: Excadrill\n|\n|win|Rtx_sebas\n|raw|Rtx_sebas's rating: 1152 &rarr; <strong>1178</strong><br />(+26 for winning)\n|raw|SKTMarimo's rating: 1172 &rarr; <strong>1146</strong><br />(-26 for losing)\n",
  "uploadtime": 1776466974,
  "views": 37,
  "formatid": "gen9championsvgc2026regma",
  "rating": 1146,
  "private": 0,
  "password": null
}