{
  "id": "gen9championsvgc2026regma-2582640201",
  "format": "[Gen 9 Champions] VGC 2026 Reg M-A",
  "players": [
    "ZookNingel",
    "sdfaedfawsegfew"
  ],
  "log": "|j|\u2606ZookNingel\n|j|\u2606sdfaedfawsegfew\n|t:|1776104331\n|gametype|doubles\n|player|p1|ZookNingel|1|1040\n|player|p2|sdfaedfawsegfew|169|1048\n|gen|9\n|tier|[Gen 9 Champions] VGC 2026 Reg M-A\n|rated|\n|rule|Species Clause: Limit one of each Pok\u00e9mon\n|rule|Item Clause: Limit 1 of each item\n|clearpoke\n|poke|p1|Orthworm, L50, M|\n|poke|p1|Garchomp, L50, M|\n|poke|p1|Sneasler, L50, M|\n|poke|p1|Delphox, L50, F|\n|poke|p1|Gyarados, L50, M|\n|poke|p1|Whimsicott, L50, F|\n|poke|p2|Chandelure, L50, M|\n|poke|p2|Farigiraf, L50, M|\n|poke|p2|Gliscor, L50, M|\n|poke|p2|Greninja-*, L50, F|\n|poke|p2|Decidueye-Hisui, L50, F|\n|poke|p2|Arcanine-Hisui, L50, M|\n|teampreview|4\n|\n|t:|1776104389\n|teamsize|p1|4\n|teamsize|p2|4\n|start\n|switch|p1a: Orthworm|Orthworm, L50, M|100/100\n|switch|p1b: Sneasler|Sneasler, L50, M|100/100\n|switch|p2a: Chandelure|Chandelure, L50, M, shiny|100/100\n|switch|p2b: Farigiraf|Farigiraf, L50, M, shiny|100/100\n|turn|1\n|\n|t:|1776104454\n|detailschange|p2a: Chandelure|Chandelure-Mega, L50, M, shiny\n|-mega|p2a: Chandelure|Chandelure|Chandelurite\n|move|p1b: Sneasler|Close Combat|p2b: Farigiraf\n|-damage|p2b: Farigiraf|41/100\n|-unboost|p1b: Sneasler|def|1\n|-unboost|p1b: Sneasler|spd|1\n|-enditem|p1b: Sneasler|White Herb\n|-clearnegativeboost|p1b: Sneasler|[silent]\n|move|p2a: Chandelure|Flamethrower|p1a: Orthworm\n|-supereffective|p1a: Orthworm|1\n|-damage|p1a: Orthworm|0 fnt\n|faint|p1a: Orthworm\n|move|p2b: Farigiraf|Trick Room|p2b: Farigiraf\n|-fieldstart|move: Trick Room|[of] p2b: Farigiraf\n|\n|upkeep\n|\n|t:|1776104471\n|switch|p1a: Gyarados|Gyarados, L50, M|100/100\n|-ability|p1a: Gyarados|Intimidate|boost\n|-unboost|p2a: Chandelure|atk|1\n|-unboost|p2b: Farigiraf|atk|1\n|turn|2\n|\n|t:|1776104501\n|move|p1a: Gyarados|Protect|p1a: Gyarados\n|-singleturn|p1a: Gyarados|Protect\n|move|p1b: Sneasler|Protect|p1b: Sneasler\n|-singleturn|p1b: Sneasler|Protect\n|move|p2b: Farigiraf|Psychic|p1b: Sneasler\n|-activate|p1b: Sneasler|move: Protect\n|move|p2a: Chandelure|Shadow Ball|p1a: Gyarados\n|-activate|p1a: Gyarados|move: Protect\n|\n|upkeep\n|turn|3\n|\n|t:|1776104546\n|move|p2b: Farigiraf|Psychic|p1b: Sneasler\n|-supereffective|p1b: Sneasler|2\n|-damage|p1b: Sneasler|0 fnt\n|faint|p1b: Sneasler\n|move|p1a: Gyarados|Waterfall|p2a: Chandelure\n|-supereffective|p2a: Chandelure|1\n|-damage|p2a: Chandelure|32/100\n|move|p2a: Chandelure|Shadow Ball|p1a: Gyarados\n|-damage|p1a: Gyarados|62/100\n|\n|-heal|p1a: Gyarados|68/100|[from] item: Leftovers\n|upkeep\n|\n|t:|1776104557\n|switch|p1b: Delphox|Delphox, L50, F|100/100\n|turn|4\n|\n|t:|1776104579\n|move|p1a: Gyarados|Protect|p1a: Gyarados\n|-singleturn|p1a: Gyarados|Protect\n|move|p1b: Delphox|Protect|p1b: Delphox\n|-singleturn|p1b: Delphox|Protect\n|move|p2b: Farigiraf|Ally Switch|p2b: Farigiraf\n|swap|p2b: Farigiraf|0|[from] move: Ally Switch\n|move|p2b: Chandelure|Shadow Ball|p1b: Delphox\n|-activate|p1b: Delphox|move: Protect\n|\n|-heal|p1a: Gyarados|74/100|[from] item: Leftovers\n|upkeep\n|turn|5\n|\n|t:|1776104611\n|detailschange|p1b: Delphox|Delphox-Mega, L50, F\n|-mega|p1b: Delphox|Delphox|Delphoxite\n|move|p2a: Farigiraf|Ally Switch|p2a: Farigiraf\n|swap|p2a: Farigiraf|1|[from] move: Ally Switch\n|move|p1a: Gyarados|Waterfall|p2b: Farigiraf\n|-damage|p2b: Farigiraf|12/100\n|move|p2a: Chandelure|Shadow Ball|p1b: Delphox\n|-supereffective|p1b: Delphox|1\n|-damage|p1b: Delphox|0 fnt\n|faint|p1b: Delphox\n|\n|-heal|p1a: Gyarados|80/100|[from] item: Leftovers\n|-fieldend|move: Trick Room\n|upkeep\n|turn|6\n|\n|t:|1776104636\n|switch|p2a: Greninja|Greninja, L50, F, shiny|100/100\n|move|p1a: Gyarados|Waterfall|p2a: Greninja\n|-resisted|p2a: Greninja|1\n|-damage|p2a: Greninja|77/100\n|move|p2b: Farigiraf|Psychic|p1a: Gyarados\n|-damage|p1a: Gyarados|58/100\n|\n|-heal|p1a: Gyarados|64/100|[from] item: Leftovers\n|upkeep\n|turn|7\n|\n|t:|1776104671\n|move|p1a: Gyarados|Protect|p1a: Gyarados\n|-singleturn|p1a: Gyarados|Protect\n|move|p2a: Greninja|Dark Pulse|p1a: Gyarados\n|-activate|p1a: Gyarados|move: Protect\n|move|p2b: Farigiraf|Psychic|p1a: Gyarados\n|-activate|p1a: Gyarados|move: Protect\n|\n|-heal|p1a: Gyarados|70/100|[from] item: Leftovers\n|upkeep\n|turn|8\n|inactive|Battle timer is ON: inactive players will automatically lose when time's up. (requested by sdfaedfawsegfew)\n|\n|t:|1776104694\n|move|p2a: Greninja|Dark Pulse|p1a: Gyarados\n|-damage|p1a: Gyarados|46/100\n|move|p1a: Gyarados|Waterfall|p2b: Farigiraf\n|-damage|p2b: Farigiraf|0 fnt\n|faint|p2b: Farigiraf\n|\n|-heal|p1a: Gyarados|52/100|[from] item: Leftovers\n|upkeep\n|\n|t:|1776104709\n|switch|p2b: Arcanine|Arcanine-Hisui, L50, M|100/100\n|-ability|p2b: Arcanine|Intimidate|boost\n|-unboost|p1a: Gyarados|atk|1\n|turn|9\n|\n|t:|1776104721\n|move|p2a: Greninja|Dark Pulse|p1a: Gyarados\n|-damage|p1a: Gyarados|27/100\n|move|p2b: Arcanine|Head Smash|p1a: Gyarados|[miss]\n|-miss|p2b: Arcanine|p1a: Gyarados\n|cant|p1a: Gyarados|flinch\n|\n|-heal|p1a: Gyarados|33/100|[from] item: Leftovers\n|upkeep\n|turn|10\n|\n|t:|1776104742\n|move|p2a: Greninja|Dark Pulse|p1a: Gyarados\n|-damage|p1a: Gyarados|7/100\n|move|p2b: Arcanine|Flare Blitz|p1a: Gyarados\n|-resisted|p1a: Gyarados|1\n|-damage|p1a: Gyarados|0 fnt\n|faint|p1a: Gyarados\n|-damage|p2b: Arcanine|98/100|[from] Recoil\n|\n|win|sdfaedfawsegfew\n|raw|ZookNingel's rating: 1040 &rarr; <strong>1024</strong><br />(-16 for losing)\n|raw|sdfaedfawsegfew's rating: 1048 &rarr; <strong>1080</strong><br />(+32 for winning)\n|l|\u2606sdfaedfawsegfew\n|player|p2|\n",
  "uploadtime": 1776104857,
  "views": 12,
  "formatid": "gen9championsvgc2026regma",
  "rating": 1024,
  "private": 0,
  "password": null
}