{
  "id": "gen9championsvgc2026regma-2587175854",
  "format": "[Gen 9 Champions] VGC 2026 Reg M-A",
  "players": [
    "waiseng",
    "propedro"
  ],
  "log": "|j|\u2606waiseng\n|j|\u2606propedro\n|t:|1776504530\n|gametype|doubles\n|player|p1|waiseng|giovanni|1457\n|player|p2|propedro|giovanni|1396\n|gen|9\n|tier|[Gen 9 Champions] VGC 2026 Reg M-A\n|rated|\n|rule|Species Clause: Limit one of each Pok\u00e9mon\n|rule|Item Clause: Limit 1 of each item\n|clearpoke\n|poke|p1|Aerodactyl, L50, M|\n|poke|p1|Archaludon, L50, M|\n|poke|p1|Basculegion, L50, M|\n|poke|p1|Pelipper, L50, F|\n|poke|p1|Scovillain, L50, M|\n|poke|p1|Sneasler, L50, F|\n|poke|p2|Sneasler, L50, M|\n|poke|p2|Corviknight, L50, F|\n|poke|p2|Floette-Eternal, L50, F|\n|poke|p2|Incineroar, L50, M|\n|poke|p2|Sinistcha, L50|\n|poke|p2|Blastoise, L50, M|\n|teampreview|4\n|inactive|Battle timer is ON: inactive players will automatically lose when time's up. (requested by waiseng)\n|\n|t:|1776504557\n|teamsize|p1|4\n|teamsize|p2|4\n|start\n|switch|p1a: Scovillain|Scovillain, L50, M|100/100\n|switch|p1b: Basculegion|Basculegion, L50, M|100/100\n|switch|p2a: Floette|Floette-Eternal, L50, F|100/100\n|switch|p2b: Corviknight|Corviknight, L50, F|100/100\n|turn|1\n|\n|t:|1776504578\n|switch|p2b: Incineroar|Incineroar, L50, M|100/100\n|-ability|p2b: Incineroar|Intimidate|boost\n|-unboost|p1a: Scovillain|atk|1\n|-unboost|p1b: Basculegion|atk|1\n|detailschange|p1a: Scovillain|Scovillain-Mega, L50, M\n|-mega|p1a: Scovillain|Scovillain|Scovillainite\n|move|p2a: Floette|Protect|p2a: Floette\n|-singleturn|p2a: Floette|Protect\n|move|p1b: Basculegion|Liquidation|p2a: Floette\n|-activate|p2a: Floette|move: Protect\n|move|p1a: Scovillain|Leech Seed|p2a: Floette\n|-activate|p2a: Floette|move: Protect\n|\n|upkeep\n|turn|2\n|\n|t:|1776504599\n|detailschange|p2a: Floette|Floette-Mega, L50, F\n|-mega|p2a: Floette|Floette|Floettite\n|-ability|p2a: Floette|Fairy Aura\n|move|p1b: Basculegion|Protect|p1b: Basculegion\n|-singleturn|p1b: Basculegion|Protect\n|move|p2b: Incineroar|Fake Out|p1a: Scovillain\n|-damage|p1a: Scovillain|89/100\n|-immune|p2b: Incineroar\n|move|p2a: Floette|Moonblast|p1b: Basculegion\n|-activate|p1b: Basculegion|move: Protect\n|cant|p1a: Scovillain|flinch\n|\n|upkeep\n|turn|3\n|inactive|waiseng has 30 seconds left.\n|\n|t:|1776504627\n|switch|p1a: Pelipper|Pelipper, L50, F|100/100\n|-weather|RainDance|[from] ability: Drizzle|[of] p1a: Pelipper\n|move|p2a: Floette|Protect|p2a: Floette\n|-singleturn|p2a: Floette|Protect\n|move|p1b: Basculegion|Liquidation|p2b: Incineroar\n|-supereffective|p2b: Incineroar|1\n|-damage|p2b: Incineroar|24/100\n|-unboost|p2b: Incineroar|def|1\n|move|p2b: Incineroar|Parting Shot|p1b: Basculegion\n|-unboost|p1b: Basculegion|atk|1\n|-unboost|p1b: Basculegion|spa|1\n|\n|t:|1776504641\n|switch|p2b: Corviknight|Corviknight, L50, F|100/100|[from] Parting Shot\n|\n|-weather|RainDance|[upkeep]\n|upkeep\n|turn|4\n|\n|t:|1776504655\n|switch|p1b: Scovillain|Scovillain-Mega, L50, M|89/100\n|switch|p2b: Incineroar|Incineroar, L50, M|24/100\n|-ability|p2b: Incineroar|Intimidate|boost\n|-unboost|p1a: Pelipper|atk|1\n|-unboost|p1b: Scovillain|atk|1\n|move|p2a: Floette|Calm Mind|p2a: Floette\n|-boost|p2a: Floette|spa|1\n|-boost|p2a: Floette|spd|1\n|move|p1a: Pelipper|Hurricane|p2a: Floette\n|-damage|p2a: Floette|78/100\n|\n|-weather|RainDance|[upkeep]\n|upkeep\n|turn|5\n|\n|t:|1776504674\n|move|p2b: Incineroar|Fake Out|p1b: Scovillain\n|-damage|p1b: Scovillain|77/100\n|-immune|p2b: Incineroar\n|move|p2a: Floette|Draining Kiss|p1a: Pelipper\n|-damage|p1a: Pelipper|21/100\n|-heal|p2a: Floette|100/100|[from] drain|[of] p1a: Pelipper\n|-enditem|p1a: Pelipper|Sitrus Berry|[eat]\n|-heal|p1a: Pelipper|46/100|[from] item: Sitrus Berry\n|cant|p1b: Scovillain|flinch\n|move|p1a: Pelipper|Weather Ball|p2b: Incineroar\n|-supereffective|p2b: Incineroar|1\n|-damage|p2b: Incineroar|0 fnt\n|faint|p2b: Incineroar\n|\n|-weather|RainDance|[upkeep]\n|upkeep\n|\n|t:|1776504687\n|switch|p2b: Corviknight|Corviknight, L50, F|100/100\n|turn|6\n|\n|t:|1776504697\n|move|p1a: Pelipper|Protect|p1a: Pelipper\n|-singleturn|p1a: Pelipper|Protect\n|move|p2a: Floette|Moonblast|p1a: Pelipper\n|-activate|p1a: Pelipper|move: Protect\n|move|p1b: Scovillain|Leech Seed|p2a: Floette\n|-start|p2a: Floette|move: Leech Seed\n|move|p2b: Corviknight|Brave Bird|p1b: Scovillain\n|-supereffective|p1b: Scovillain|1\n|-damage|p1b: Scovillain|0 fnt\n|-status|p2b: Corviknight|brn|[from] ability: Spicy Spray|[of] p1b: Scovillain\n|faint|p1b: Scovillain\n|-damage|p2b: Corviknight|80/100 brn|[from] Recoil\n|\n|-weather|RainDance|[upkeep]\n|-heal|p2b: Corviknight|85/100 brn|[from] item: Leftovers\n|-damage|p2b: Corviknight|80/100 brn|[from] brn\n|upkeep\n|\n|t:|1776504720\n|switch|p1b: Archaludon|Archaludon, L50, M|100/100\n|turn|7\n|\n|t:|1776504738\n|switch|p1a: Basculegion|Basculegion, L50, M|100/100\n|move|p1b: Archaludon|Electro Shot||[still]\n|-prepare|p1b: Archaludon|Electro Shot\n|-boost|p1b: Archaludon|spa|1\n|-anim|p1b: Archaludon|Electro Shot|p2b: Corviknight\n|-supereffective|p2b: Corviknight|1\n|-damage|p2b: Corviknight|0 fnt\n|faint|p2b: Corviknight\n|move|p2a: Floette|Moonblast|p1b: Archaludon\n|-ability|p1b: Archaludon|Sturdy\n|-damage|p1b: Archaludon|1/100\n|\n|-weather|none\n|-damage|p2a: Floette|89/100|[from] Leech Seed|[of] p1b: Archaludon\n|-heal|p1b: Archaludon|12/100|[silent]\n|upkeep\n|\n|t:|1776504741\n|switch|p2b: Sneasler|Sneasler, L50, M|100/100\n|turn|8\n|inactive|waiseng has 30 seconds left.\n|\n|t:|1776504770\n|move|p2a: Floette|Protect|p2a: Floette\n|-singleturn|p2a: Floette|Protect\n|move|p1b: Archaludon|Electro Shot||[still]\n|-prepare|p1b: Archaludon|Electro Shot\n|-boost|p1b: Archaludon|spa|1\n|move|p2b: Sneasler|Coaching|p2a: Floette\n|-boost|p2a: Floette|atk|1\n|-boost|p2a: Floette|def|1\n|move|p1a: Basculegion|Last Respects|p2a: Floette\n|-activate|p2a: Floette|move: Protect\n|\n|-damage|p2a: Floette|77/100|[from] Leech Seed|[of] p1b: Archaludon\n|-heal|p1b: Archaludon|24/100|[silent]\n|upkeep\n|turn|9\n|\n|t:|1776504791\n|move|p1b: Archaludon|Electro Shot|p2a: Floette|[from] lockedmove\n|-damage|p2a: Floette|31/100\n|move|p2b: Sneasler|Coaching|p2a: Floette\n|-boost|p2a: Floette|atk|1\n|-boost|p2a: Floette|def|1\n|move|p2a: Floette|Moonblast|p1a: Basculegion\n|-enditem|p1a: Basculegion|Focus Sash\n|-damage|p1a: Basculegion|1/100\n|move|p1a: Basculegion|Last Respects|p2a: Floette\n|-damage|p2a: Floette|0 fnt\n|faint|p2a: Floette\n|\n|upkeep\n|turn|10\n|\n|t:|1776504816\n|switch|p1a: Pelipper|Pelipper, L50, F|46/100\n|-weather|RainDance|[from] ability: Drizzle|[of] p1a: Pelipper\n|move|p1b: Archaludon|Electro Shot||[still]\n|-prepare|p1b: Archaludon|Electro Shot\n|-boost|p1b: Archaludon|spa|1\n|-anim|p1b: Archaludon|Electro Shot|p2b: Sneasler\n|-enditem|p2b: Sneasler|Focus Sash\n|-damage|p2b: Sneasler|1/100\n|move|p2b: Sneasler|Dire Claw|p1a: Pelipper\n|-damage|p1a: Pelipper|6/100\n|-status|p1a: Pelipper|psn\n|\n|-weather|RainDance|[upkeep]\n|-damage|p1a: Pelipper|0 fnt|[from] psn\n|faint|p1a: Pelipper\n|upkeep\n|-message|propedro forfeited.\n|\n|win|waiseng\n|raw|waiseng's rating: 1457 &rarr; <strong>1474</strong><br />(+17 for winning)\n|raw|propedro's rating: 1396 &rarr; <strong>1379</strong><br />(-17 for losing)\n|l|\u2606propedro\n|player|p2|\n",
  "uploadtime": 1776504837,
  "views": 24,
  "formatid": "gen9championsvgc2026regma",
  "rating": 1379,
  "private": 0,
  "password": null
}