{
  "id": "gen9championsvgc2026regma-2587873775",
  "format": "[Gen 9 Champions] VGC 2026 Reg M-A",
  "players": [
    "arneslotvgc",
    "neo-bespa"
  ],
  "log": "|j|\u2606arneslotvgc\n|j|\u2606neo-bespa\n|t:|1776573180\n|gametype|doubles\n|player|p1|arneslotvgc|170|1298\n|player|p2|neo-bespa|265|1266\n|gen|9\n|tier|[Gen 9 Champions] VGC 2026 Reg M-A\n|rated|\n|rule|Species Clause: Limit one of each Pok\u00e9mon\n|rule|Item Clause: Limit 1 of each item\n|clearpoke\n|poke|p1|Aggron, L50, M|\n|poke|p1|Pelipper, L50, F|\n|poke|p1|Archaludon, L50, F|\n|poke|p1|Sinistcha-Masterpiece, L50|\n|poke|p1|Sableye, L50, M|\n|poke|p1|Sneasler, L50, M|\n|poke|p2|Crabominable, L50, F|\n|poke|p2|Incineroar, L50, F|\n|poke|p2|Farigiraf, L50, M|\n|poke|p2|Kingambit, L50, F|\n|poke|p2|Meowscarada, L50, M|\n|poke|p2|Torkoal, L50, M|\n|teampreview|4\n|inactive|Battle timer is ON: inactive players will automatically lose when time's up. (requested by arneslotvgc)\n|\n|t:|1776573206\n|teamsize|p1|4\n|teamsize|p2|4\n|start\n|switch|p1a: Sableye|Sableye, L50, M|100/100\n|switch|p1b: Aggron|Aggron, L50, M|100/100\n|switch|p2a: Meowscarada|Meowscarada, L50, M|100/100\n|switch|p2b: Farigiraf|Farigiraf, L50, M|100/100\n|turn|1\n|inactive|arneslotvgc has 30 seconds left.\n|inactive|neo-bespa has 30 seconds left.\n|\n|t:|1776573235\n|detailschange|p1b: Aggron|Aggron-Mega, L50, M\n|-mega|p1b: Aggron|Aggron|Aggronite\n|move|p1a: Sableye|Rain Dance|p1a: Sableye\n|-weather|RainDance\n|move|p2a: Meowscarada|Flower Trick|p1a: Sableye\n|-start|p2a: Meowscarada|typechange|Grass|[from] ability: Protean\n|-crit|p1a: Sableye\n|-damage|p1a: Sableye|25/100\n|move|p2b: Farigiraf|Hyper Voice|p1a: Sableye|[spread] p1b\n|-immune|p1a: Sableye\n|-resisted|p1b: Aggron|1\n|-damage|p1b: Aggron|90/100\n|move|p1b: Aggron|Iron Defense|p1b: Aggron\n|-boost|p1b: Aggron|def|2\n|\n|-weather|RainDance|[upkeep]\n|upkeep\n|turn|2\n|inactive|arneslotvgc has 30 seconds left.\n|inactive|neo-bespa has 30 seconds left.\n|\n|t:|1776573271\n|switch|p1a: Archaludon|Archaludon, L50, F|100/100\n|move|p2a: Meowscarada|Flower Trick|p1a: Archaludon\n|-resisted|p1a: Archaludon|2\n|-crit|p1a: Archaludon\n|-damage|p1a: Archaludon|91/100\n|-ability|p1a: Archaludon|Stamina|boost\n|-boost|p1a: Archaludon|def|1\n|move|p1b: Aggron|Body Press|p2b: Farigiraf\n|-damage|p2b: Farigiraf|32/100\n|-enditem|p2b: Farigiraf|Sitrus Berry|[eat]\n|-heal|p2b: Farigiraf|57/100|[from] item: Sitrus Berry\n|move|p2b: Farigiraf|Trick Room|p2b: Farigiraf\n|-fieldstart|move: Trick Room|[of] p2b: Farigiraf\n|\n|-weather|RainDance|[upkeep]\n|upkeep\n|turn|3\n|\n|t:|1776573295\n|move|p2b: Farigiraf|Helping Hand|p2a: Meowscarada\n|-singleturn|p2a: Meowscarada|Helping Hand|[of] p2b: Farigiraf\n|move|p1b: Aggron|Body Press|p2a: Meowscarada\n|-damage|p2a: Meowscarada|0 fnt\n|faint|p2a: Meowscarada\n|move|p1a: Archaludon|Electro Shot||[still]\n|-prepare|p1a: Archaludon|Electro Shot\n|-boost|p1a: Archaludon|spa|1\n|-anim|p1a: Archaludon|Electro Shot|p2b: Farigiraf\n|-damage|p2b: Farigiraf|0 fnt\n|faint|p2b: Farigiraf\n|\n|-weather|RainDance|[upkeep]\n|upkeep\n|\n|t:|1776573310\n|switch|p2b: Torkoal|Torkoal, L50, M|100/100\n|switch|p2a: Crabominable|Crabominable, L50, F|100/100\n|-weather|SunnyDay|[from] ability: Drought|[of] p2b: Torkoal\n|turn|4\n|\n|t:|1776573328\n|switch|p1a: Pelipper|Pelipper, L50, F|100/100\n|-weather|RainDance|[from] ability: Drizzle|[of] p1a: Pelipper\n|detailschange|p2a: Crabominable|Crabominable-Mega, L50, F\n|-mega|p2a: Crabominable|Crabominable|Crabominite\n|move|p2b: Torkoal|Eruption|p1b: Aggron|[spread] p1a,p1b\n|-resisted|p1a: Pelipper|1\n|-supereffective|p1b: Aggron|1\n|-damage|p1a: Pelipper|81/100\n|-damage|p1b: Aggron|56/100\n|move|p2a: Crabominable|Drain Punch|p1a: Pelipper\n|-resisted|p1a: Pelipper|1\n|-damage|p1a: Pelipper|50/100\n|move|p1b: Aggron|Body Press|p2a: Crabominable\n|-supereffective|p2a: Crabominable|1\n|-damage|p2a: Crabominable|0 fnt\n|faint|p2a: Crabominable\n|\n|-weather|RainDance|[upkeep]\n|upkeep\n|turn|5\n|-message|neo-bespa forfeited.\n|\n|win|arneslotvgc\n|raw|arneslotvgc's rating: 1298 &rarr; <strong>1321</strong><br />(+23 for winning)\n|raw|neo-bespa's rating: 1266 &rarr; <strong>1243</strong><br />(-23 for losing)\n|l|\u2606neo-bespa\n|player|p2|\n",
  "uploadtime": 1776573352,
  "views": 29,
  "formatid": "gen9championsvgc2026regma",
  "rating": 1243,
  "private": 0,
  "password": null
}