{
  "id": "gen9championsvgc2026regma-2584418083",
  "format": "[Gen 9 Champions] VGC 2026 Reg M-A",
  "players": [
    "Skypixel",
    "Noobilio"
  ],
  "log": "|j|\u2606Skypixel\n|j|\u2606Noobilio\n|t:|1776259449\n|gametype|doubles\n|player|p1|Skypixel|musician|1333\n|player|p2|Noobilio|nurse|1321\n|gen|9\n|tier|[Gen 9 Champions] VGC 2026 Reg M-A\n|rated|\n|rule|Species Clause: Limit one of each Pok\u00e9mon\n|rule|Item Clause: Limit 1 of each item\n|clearpoke\n|poke|p1|Dragonite, L50, M|\n|poke|p1|Meowstic, L50, M|\n|poke|p1|Basculegion, L50, M|\n|poke|p1|Volcarona, L50, F|\n|poke|p1|Aggron, L50, F|\n|poke|p1|Sinistcha, L50|\n|poke|p2|Hawlucha, L50, F|\n|poke|p2|Floette-Eternal, L50, F|\n|poke|p2|Incineroar, L50, F|\n|poke|p2|Sinistcha, L50|\n|poke|p2|Snorlax, L50, F|\n|poke|p2|Rotom-Wash, L50|\n|teampreview|4\n|inactive|Battle timer is ON: inactive players will automatically lose when time's up. (requested by Skypixel)\n|\n|t:|1776259468\n|teamsize|p1|4\n|teamsize|p2|4\n|start\n|switch|p1a: Meowstic|Meowstic, L50, M|100/100\n|switch|p1b: Aggron|Aggron, L50, F|100/100\n|switch|p2a: Floette|Floette-Eternal, L50, F, shiny|100/100\n|switch|p2b: Rotom|Rotom-Wash, L50, shiny|100/100\n|turn|1\n|\n|t:|1776259491\n|detailschange|p2a: Floette|Floette-Mega, L50, F, shiny\n|-mega|p2a: Floette|Floette|Floettite\n|-ability|p2a: Floette|Fairy Aura\n|detailschange|p1b: Aggron|Aggron-Mega, L50, F\n|-mega|p1b: Aggron|Aggron|Aggronite\n|move|p2a: Floette|Protect|p2a: Floette\n|-singleturn|p2a: Floette|Protect\n|move|p1a: Meowstic|Light Screen|p1a: Meowstic\n|-sidestart|p1: Skypixel|move: Light Screen\n|move|p2b: Rotom|Hydro Pump|p1b: Aggron\n|-damage|p1b: Aggron|71/100\n|move|p1b: Aggron|Heavy Slam|p2a: Floette\n|-activate|p2a: Floette|move: Protect\n|\n|upkeep\n|turn|2\n|\n|t:|1776259508\n|switch|p1a: Sinistcha|Sinistcha, L50|100/100\n|-heal|p1b: Aggron|96/100|[from] ability: Hospitality|[of] p1a: Sinistcha\n|switch|p2a: Incineroar|Incineroar, L50, F|100/100\n|-ability|p2a: Incineroar|Intimidate|boost\n|-unboost|p1a: Sinistcha|atk|1\n|-unboost|p1b: Aggron|atk|1\n|move|p2b: Rotom|Hydro Pump|p1b: Aggron\n|-damage|p1b: Aggron|68/100\n|move|p1b: Aggron|Heavy Slam|p2a: Incineroar\n|-resisted|p2a: Incineroar|1\n|-damage|p2a: Incineroar|87/100\n|\n|upkeep\n|turn|3\n|inactive|Noobilio has 30 seconds left.\n|\n|t:|1776259539\n|switch|p2b: Sinistcha|Sinistcha, L50|100/100\n|-heal|p2a: Incineroar|100/100|[from] ability: Hospitality|[of] p2b: Sinistcha\n|move|p1b: Aggron|Protect|p1b: Aggron\n|-singleturn|p1b: Aggron|Protect\n|move|p2a: Incineroar|Fake Out|p1b: Aggron\n|-activate|p1b: Aggron|move: Protect\n|move|p1a: Sinistcha|Trick Room|p1a: Sinistcha\n|-fieldstart|move: Trick Room|[of] p1a: Sinistcha\n|\n|upkeep\n|turn|4\n|inactive|Noobilio has 30 seconds left.\n|\n|t:|1776259570\n|move|p2b: Sinistcha|Rage Powder|p2b: Sinistcha\n|-singleturn|p2b: Sinistcha|move: Rage Powder\n|move|p1b: Aggron|Iron Defense|p1b: Aggron\n|-boost|p1b: Aggron|def|2\n|move|p2a: Incineroar|Parting Shot|p1b: Aggron\n|-unboost|p1b: Aggron|atk|1\n|-unboost|p1b: Aggron|spa|1\n|\n|t:|1776259582\n|switch|p2a: Floette|Floette-Mega, L50, F, shiny|100/100|[from] Parting Shot\n|-ability|p2a: Floette|Fairy Aura\n|move|p1a: Sinistcha|Life Dew||[still]|[spread] p1a,p1b\n|-fail|p1a: Sinistcha|heal\n|-heal|p1b: Aggron|93/100\n|\n|upkeep\n|turn|5\n|\n|t:|1776259597\n|switch|p1a: Meowstic|Meowstic, L50, M|100/100\n|move|p2b: Sinistcha|Rage Powder|p2b: Sinistcha\n|-singleturn|p2b: Sinistcha|move: Rage Powder\n|move|p1b: Aggron|Iron Defense|p1b: Aggron\n|-boost|p1b: Aggron|def|2\n|move|p2a: Floette|Moonblast|p1b: Aggron\n|-resisted|p1b: Aggron|1\n|-damage|p1b: Aggron|69/100\n|\n|-sideend|p1: Skypixel|move: Light Screen\n|upkeep\n|turn|6\n|\n|t:|1776259606\n|move|p2b: Sinistcha|Rage Powder|p2b: Sinistcha\n|-singleturn|p2b: Sinistcha|move: Rage Powder\n|move|p1a: Meowstic|Light Screen|p1a: Meowstic\n|-sidestart|p1: Skypixel|move: Light Screen\n|move|p1b: Aggron|Iron Defense|p1b: Aggron\n|-boost|p1b: Aggron|def|2\n|move|p2a: Floette|Moonblast|p1b: Aggron\n|-resisted|p1b: Aggron|1\n|-damage|p1b: Aggron|46/100\n|\n|upkeep\n|turn|7\n|\n|t:|1776259619\n|switch|p1a: Sinistcha|Sinistcha, L50|100/100\n|-heal|p1b: Aggron|71/100|[from] ability: Hospitality|[of] p1a: Sinistcha\n|move|p2b: Sinistcha|Rage Powder|p2b: Sinistcha\n|-singleturn|p2b: Sinistcha|move: Rage Powder\n|move|p1b: Aggron|Heavy Slam|p2b: Sinistcha\n|-damage|p2b: Sinistcha|75/100\n|move|p2a: Floette|Moonblast|p1b: Aggron\n|-resisted|p1b: Aggron|1\n|-damage|p1b: Aggron|47/100\n|\n|-fieldend|move: Trick Room\n|upkeep\n|turn|8\n|\n|t:|1776259631\n|move|p2b: Sinistcha|Rage Powder|p2b: Sinistcha\n|-singleturn|p2b: Sinistcha|move: Rage Powder\n|move|p2a: Floette|Moonblast|p1b: Aggron\n|-resisted|p1b: Aggron|1\n|-damage|p1b: Aggron|24/100\n|move|p1b: Aggron|Heavy Slam|p2b: Sinistcha\n|-damage|p2b: Sinistcha|49/100\n|-enditem|p2b: Sinistcha|Sitrus Berry|[eat]\n|-heal|p2b: Sinistcha|74/100|[from] item: Sitrus Berry\n|move|p1a: Sinistcha|Trick Room|p1a: Sinistcha\n|-fieldstart|move: Trick Room|[of] p1a: Sinistcha\n|\n|upkeep\n|turn|9\n|\n|t:|1776259652\n|move|p2b: Sinistcha|Rage Powder|p2b: Sinistcha\n|-singleturn|p2b: Sinistcha|move: Rage Powder\n|move|p1b: Aggron|Heavy Slam|p2b: Sinistcha\n|-damage|p2b: Sinistcha|48/100\n|move|p1a: Sinistcha|Life Dew||[still]|[spread] p1a,p1b\n|-fail|p1a: Sinistcha|heal\n|-heal|p1b: Aggron|49/100\n|move|p2a: Floette|Moonblast|p1b: Aggron\n|-resisted|p1b: Aggron|1\n|-damage|p1b: Aggron|26/100\n|\n|upkeep\n|turn|10\n|\n|t:|1776259667\n|move|p2b: Sinistcha|Rage Powder|p2b: Sinistcha\n|-singleturn|p2b: Sinistcha|move: Rage Powder\n|move|p1b: Aggron|Body Press|p2b: Sinistcha\n|-immune|p2b: Sinistcha\n|move|p1a: Sinistcha|Life Dew||[still]|[spread] p1a,p1b\n|-fail|p1a: Sinistcha|heal\n|-heal|p1b: Aggron|51/100\n|move|p2a: Floette|Moonblast|p1b: Aggron\n|-resisted|p1b: Aggron|1\n|-crit|p1b: Aggron\n|-damage|p1b: Aggron|0 fnt\n|faint|p1b: Aggron\n|\n|-sideend|p1: Skypixel|move: Light Screen\n|upkeep\n|\n|t:|1776259669\n|switch|p1b: Volcarona|Volcarona, L50, F|100/100\n|turn|11\n|\n|t:|1776259694\n|switch|p2b: Incineroar|Incineroar, L50, F|100/100\n|-ability|p2b: Incineroar|Intimidate|boost\n|-unboost|p1a: Sinistcha|atk|1\n|-unboost|p1b: Volcarona|atk|1\n|move|p1a: Sinistcha|Matcha Gotcha|p2a: Floette|[spread] p2a,p2b\n|-resisted|p2b: Incineroar|1\n|-damage|p2a: Floette|85/100\n|-damage|p2b: Incineroar|91/100\n|move|p2a: Floette|Dazzling Gleam|p1b: Volcarona|[spread] p1a,p1b\n|-resisted|p1b: Volcarona|1\n|-damage|p1a: Sinistcha|53/100\n|-damage|p1b: Volcarona|77/100\n|move|p1b: Volcarona|Quiver Dance|p1b: Volcarona\n|-boost|p1b: Volcarona|spa|1\n|-boost|p1b: Volcarona|spd|1\n|-boost|p1b: Volcarona|spe|1\n|\n|-heal|p1b: Volcarona|83/100|[from] item: Leftovers\n|upkeep\n|turn|12\n|\n|t:|1776259713\n|move|p1b: Volcarona|Protect|p1b: Volcarona\n|-singleturn|p1b: Volcarona|Protect\n|move|p2b: Incineroar|Flare Blitz|p1b: Volcarona\n|-activate|p1b: Volcarona|move: Protect\n|move|p1a: Sinistcha|Life Dew|p1a: Sinistcha|[spread] p1a,p1b\n|-heal|p1a: Sinistcha|78/100\n|-heal|p1b: Volcarona|100/100\n|move|p2a: Floette|Dazzling Gleam|p1b: Volcarona|[spread] p1a\n|-activate|p1b: Volcarona|move: Protect\n|-damage|p1a: Sinistcha|26/100\n|-enditem|p1a: Sinistcha|Sitrus Berry|[eat]\n|-heal|p1a: Sinistcha|50/100|[from] item: Sitrus Berry\n|\n|-fieldend|move: Trick Room\n|upkeep\n|turn|13\n|\n|t:|1776259727\n|move|p2a: Floette|Protect|p2a: Floette\n|-singleturn|p2a: Floette|Protect\n|move|p1b: Volcarona|Quiver Dance|p1b: Volcarona\n|-boost|p1b: Volcarona|spa|1\n|-boost|p1b: Volcarona|spd|1\n|-boost|p1b: Volcarona|spe|1\n|move|p1a: Sinistcha|Life Dew||[still]|[spread] p1a,p1b\n|-heal|p1a: Sinistcha|76/100\n|-fail|p1b: Volcarona|heal\n|move|p2b: Incineroar|Parting Shot|p1b: Volcarona\n|-unboost|p1b: Volcarona|atk|1\n|-unboost|p1b: Volcarona|spa|1\n|\n|t:|1776259749\n|switch|p2b: Rotom|Rotom-Wash, L50, shiny|100/100|[from] Parting Shot\n|\n|upkeep\n|turn|14\n|\n|t:|1776259766\n|switch|p2a: Incineroar|Incineroar, L50, F|91/100\n|-ability|p2a: Incineroar|Intimidate|boost\n|-unboost|p1a: Sinistcha|atk|1\n|-unboost|p1b: Volcarona|atk|1\n|move|p1b: Volcarona|Quiver Dance|p1b: Volcarona\n|-boost|p1b: Volcarona|spa|1\n|-boost|p1b: Volcarona|spd|1\n|-boost|p1b: Volcarona|spe|1\n|move|p2b: Rotom|Trick|p1a: Sinistcha\n|-activate|p2b: Rotom|move: Trick|[of] p1a: Sinistcha\n|-item|p1a: Sinistcha|Choice Scarf|[from] move: Trick\n|-enditem|p2b: Rotom|Choice Scarf|[silent]|[from] move: Trick\n|move|p1a: Sinistcha|Matcha Gotcha|p2a: Incineroar|[spread] p2a,p2b\n|-resisted|p2a: Incineroar|1\n|-supereffective|p2b: Rotom|1\n|-damage|p2a: Incineroar|82/100\n|-heal|p1a: Sinistcha|81/100|[from] drain|[of] p2a: Incineroar\n|-damage|p2b: Rotom|36/100\n|-heal|p1a: Sinistcha|100/100|[from] drain|[of] p2b: Rotom\n|\n|upkeep\n|turn|15\n|inactive|Skypixel has 30 seconds left.\n|\n|t:|1776259794\n|switch|p2b: Sinistcha|Sinistcha, L50|48/100\n|-heal|p2a: Incineroar|100/100|[from] ability: Hospitality|[of] p2b: Sinistcha\n|switch|p1a: Meowstic|Meowstic, L50, M|100/100\n|move|p1b: Volcarona|Protect|p1b: Volcarona\n|-singleturn|p1b: Volcarona|Protect\n|move|p2a: Incineroar|Flare Blitz|p1a: Meowstic\n|-damage|p1a: Meowstic|45/100\n|-status|p1a: Meowstic|brn\n|-damage|p2a: Incineroar|84/100|[from] Recoil\n|\n|-damage|p1a: Meowstic|39/100 brn|[from] brn\n|upkeep\n|turn|16\n|\n|t:|1776259809\n|move|p2b: Sinistcha|Rage Powder|p2b: Sinistcha\n|-singleturn|p2b: Sinistcha|move: Rage Powder\n|move|p1a: Meowstic|Reflect|p1a: Meowstic\n|-sidestart|p1: Skypixel|Reflect\n|move|p1b: Volcarona|Fiery Dance|p2b: Sinistcha\n|-supereffective|p2b: Sinistcha|1\n|-damage|p2b: Sinistcha|0 fnt\n|faint|p2b: Sinistcha\n|move|p2a: Incineroar|Flare Blitz|p1b: Volcarona\n|-damage|p1b: Volcarona|68/100\n|-damage|p2a: Incineroar|73/100|[from] Recoil\n|\n|-heal|p1b: Volcarona|73/100|[from] item: Leftovers\n|-damage|p1a: Meowstic|33/100 brn|[from] brn\n|upkeep\n|\n|t:|1776259822\n|switch|p2b: Rotom|Rotom-Wash, L50, shiny|36/100\n|turn|17\n|\n|t:|1776259836\n|switch|p1a: Sinistcha|Sinistcha, L50|100/100\n|-heal|p1b: Volcarona|98/100|[from] ability: Hospitality|[of] p1a: Sinistcha\n|move|p1b: Volcarona|Giga Drain|p2b: Rotom\n|-supereffective|p2b: Rotom|1\n|-damage|p2b: Rotom|0 fnt\n|-heal|p1b: Volcarona|100/100|[from] drain|[of] p2b: Rotom\n|faint|p2b: Rotom\n|move|p2a: Incineroar|Flare Blitz|p1b: Volcarona\n|-damage|p1b: Volcarona|71/100\n|-immune|p2a: Incineroar\n|-damage|p2a: Incineroar|64/100|[from] Recoil\n|\n|-heal|p1b: Volcarona|76/100|[from] item: Leftovers\n|upkeep\n|\n|t:|1776259842\n|switch|p2b: Floette|Floette-Mega, L50, F, shiny|85/100\n|-ability|p2b: Floette|Fairy Aura\n|turn|18\n|\n|t:|1776259858\n|move|p2b: Floette|Protect|p2b: Floette\n|-singleturn|p2b: Floette|Protect\n|move|p1b: Volcarona|Quiver Dance|p1b: Volcarona\n|-boost|p1b: Volcarona|spa|1\n|-boost|p1b: Volcarona|spd|1\n|-boost|p1b: Volcarona|spe|1\n|move|p1a: Sinistcha|Life Dew||[still]|[spread] p1a,p1b\n|-fail|p1a: Sinistcha|heal\n|-heal|p1b: Volcarona|100/100\n|move|p2a: Incineroar|Flare Blitz|p1b: Volcarona\n|-damage|p1b: Volcarona|69/100\n|-damage|p2a: Incineroar|54/100|[from] Recoil\n|\n|-heal|p1b: Volcarona|74/100|[from] item: Leftovers\n|upkeep\n|turn|19\n|\n|t:|1776259868\n|move|p1b: Volcarona|Fiery Dance|p2a: Incineroar\n|-resisted|p2a: Incineroar|1\n|-damage|p2a: Incineroar|18/100\n|move|p1a: Sinistcha|Life Dew||[still]|[spread] p1a,p1b\n|-fail|p1a: Sinistcha|heal\n|-heal|p1b: Volcarona|99/100\n|move|p2b: Floette|Calm Mind|p2b: Floette\n|-boost|p2b: Floette|spa|1\n|-boost|p2b: Floette|spd|1\n|move|p2a: Incineroar|Flare Blitz|p1b: Volcarona\n|-damage|p1b: Volcarona|70/100\n|-damage|p2a: Incineroar|8/100|[from] Recoil\n|\n|-heal|p1b: Volcarona|75/100|[from] item: Leftovers\n|upkeep\n|turn|20\n|\n|t:|1776259880\n|move|p1b: Volcarona|Fiery Dance|p2a: Incineroar\n|-resisted|p2a: Incineroar|1\n|-damage|p2a: Incineroar|0 fnt\n|faint|p2a: Incineroar\n|move|p1a: Sinistcha|Life Dew||[still]|[spread] p1a,p1b\n|-fail|p1a: Sinistcha|heal\n|-heal|p1b: Volcarona|100/100\n|move|p2b: Floette|Calm Mind|p2b: Floette\n|-boost|p2b: Floette|spa|1\n|-boost|p2b: Floette|spd|1\n|\n|-sideend|p1: Skypixel|Reflect\n|upkeep\n|turn|21\n|\n|t:|1776259899\n|switch|p1a: Meowstic|Meowstic, L50, M|33/100 brn\n|move|p1b: Volcarona|Quiver Dance|p1b: Volcarona\n|-boost|p1b: Volcarona|spa|1\n|-boost|p1b: Volcarona|spd|1\n|-boost|p1b: Volcarona|spe|1\n|move|p2b: Floette|Moonblast|p1b: Volcarona\n|-resisted|p1b: Volcarona|1\n|-damage|p1b: Volcarona|81/100\n|\n|-heal|p1b: Volcarona|86/100|[from] item: Leftovers\n|-damage|p1a: Meowstic|27/100 brn|[from] brn\n|upkeep\n|turn|22\n|\n|t:|1776259912\n|move|p1a: Meowstic|Fake Out|p2b: Floette\n|-damage|p2b: Floette|82/100\n|move|p1b: Volcarona|Quiver Dance|p1b: Volcarona\n|-boost|p1b: Volcarona|spa|1\n|-boost|p1b: Volcarona|spd|1\n|-boost|p1b: Volcarona|spe|1\n|cant|p2b: Floette|flinch\n|\n|-heal|p1b: Volcarona|92/100|[from] item: Leftovers\n|-damage|p1a: Meowstic|21/100 brn|[from] brn\n|upkeep\n|turn|23\n|\n|t:|1776259918\n|move|p1a: Meowstic|Light Screen|p1a: Meowstic\n|-sidestart|p1: Skypixel|move: Light Screen\n|move|p1b: Volcarona|Fiery Dance|p2b: Floette\n|-damage|p2b: Floette|41/100\n|-boost|p1b: Volcarona|spa|1\n|move|p2b: Floette|Calm Mind|p2b: Floette\n|-boost|p2b: Floette|spa|1\n|-boost|p2b: Floette|spd|1\n|\n|-heal|p1b: Volcarona|98/100|[from] item: Leftovers\n|-damage|p1a: Meowstic|15/100 brn|[from] brn\n|upkeep\n|turn|24\n|\n|t:|1776259924\n|move|p1a: Meowstic|Light Screen||[still]\n|-fail|p1a: Meowstic\n|move|p1b: Volcarona|Fiery Dance|p2b: Floette\n|-damage|p2b: Floette|4/100\n|move|p2b: Floette|Moonblast|p1b: Volcarona\n|-resisted|p1b: Volcarona|1\n|-damage|p1b: Volcarona|82/100\n|\n|-heal|p1b: Volcarona|87/100|[from] item: Leftovers\n|-damage|p1a: Meowstic|9/100 brn|[from] brn\n|upkeep\n|turn|25\n|c|\u2606Skypixel|gg\n|-message|Noobilio forfeited.\n|\n|win|Skypixel\n|raw|Skypixel's rating: 1333 &rarr; <strong>1352</strong><br />(+19 for winning)\n|raw|Noobilio's rating: 1321 &rarr; <strong>1302</strong><br />(-19 for losing)\n",
  "uploadtime": 1776259938,
  "views": 39,
  "formatid": "gen9championsvgc2026regma",
  "rating": 1302,
  "private": 0,
  "password": null
}