{
  "id": "gen9championsvgc2026regma-2584773124",
  "format": "[Gen 9 Champions] VGC 2026 Reg M-A",
  "players": [
    "Zap_2545",
    "gengar0718"
  ],
  "log": "|j|\u203dZap_2545\n|j|\u2606gengar0718\n|t:|1776282637\n|gametype|doubles\n|player|p1|Zap_2545|266|1192\n|player|p2|gengar0718|sonia-masters|1223\n|gen|9\n|tier|[Gen 9 Champions] VGC 2026 Reg M-A\n|rated|\n|rule|Species Clause: Limit one of each Pok\u00e9mon\n|rule|Item Clause: Limit 1 of each item\n|clearpoke\n|poke|p1|Pelipper, L50, F|\n|poke|p1|Basculegion, L50, M|\n|poke|p1|Gengar, L50, M|\n|poke|p1|Garchomp, L50, F|\n|poke|p1|Incineroar, L50, F|\n|poke|p1|Rotom-Wash, L50|\n|poke|p2|Sneasler, L50, M|\n|poke|p2|Charizard, L50, F|\n|poke|p2|Typhlosion-Hisui, L50, M|\n|poke|p2|Rotom-Wash, L50|\n|poke|p2|Farigiraf, L50, M|\n|poke|p2|Kingambit, L50, F|\n|teampreview|4\n|inactive|Battle timer is ON: inactive players will automatically lose when time's up. (requested by gengar0718)\n|inactive|Zap_2545 has 60 seconds left.\ngengar0718 rejected open team sheets.\n|inactive|Zap_2545 has 30 seconds left.\n|inactive|Zap_2545 has 20 seconds left.\n|\n|t:|1776282712\n|teamsize|p1|4\n|teamsize|p2|4\n|start\n|switch|p1a: Rotom|Rotom-Wash, L50, shiny|100/100\n|switch|p1b: Garchomp|Garchomp, L50, F|100/100\n|switch|p2a: Farigiraf|Farigiraf, L50, M|100/100\n|switch|p2b: Rotom|Rotom-Wash, L50|100/100\n|turn|1\n|inactive|Zap_2545 has 30 seconds left.\n|inactive|gengar0718 has 30 seconds left.\n|\n|t:|1776282743\n|move|p2b: Rotom|Protect|p2b: Rotom\n|-singleturn|p2b: Rotom|Protect\n|move|p1a: Rotom|Hydro Pump|p2a: Farigiraf\n|-damage|p2a: Farigiraf|65/100\n|move|p1b: Garchomp|Rock Slide|p2b: Rotom|[spread] p2a\n|-activate|p2b: Rotom|move: Protect\n|-damage|p2a: Farigiraf|46/100\n|move|p2a: Farigiraf|Trick Room|p2a: Farigiraf\n|-fieldstart|move: Trick Room|[of] p2a: Farigiraf\n|\n|upkeep\n|turn|2\n|inactive|gengar0718 has 30 seconds left.\n|\n|t:|1776282770\n|move|p2a: Farigiraf|Ally Switch|p2a: Farigiraf\n|swap|p2a: Farigiraf|1|[from] move: Ally Switch\n|move|p2a: Rotom|Hydro Pump|p1b: Garchomp\n|-damage|p1b: Garchomp|46/100\n|move|p1b: Garchomp|Earthquake|p2b: Farigiraf|[spread] p2b\n|-immune|p1a: Rotom|[from] ability: Levitate\n|-immune|p2a: Rotom|[from] ability: Levitate\n|-damage|p2b: Farigiraf|1/100\n|move|p1a: Rotom|Hydro Pump|p2a: Rotom\n|-resisted|p2a: Rotom|1\n|-damage|p2a: Rotom|78/100\n|\n|upkeep\n|turn|3\n|inactive|gengar0718 has 30 seconds left.\n|\n|t:|1776282805\n|switch|p1b: Basculegion|Basculegion, L50, M|100/100\n|move|p2b: Farigiraf|Psychic|p1a: Rotom\n|-damage|p1a: Rotom|61/100\n|-unboost|p1a: Rotom|spd|1\n|move|p2a: Rotom|Hydro Pump|p1b: Basculegion\n|-resisted|p1b: Basculegion|1\n|-damage|p1b: Basculegion|69/100\n|move|p1a: Rotom|Hydro Pump|p2a: Rotom|[miss]\n|-miss|p1a: Rotom|p2a: Rotom\n|\n|upkeep\n|turn|4\n|\n|t:|1776282827\n|switch|p1a: Pelipper|Pelipper, L50, F, shiny|100/100\n|-weather|RainDance|[from] ability: Drizzle|[of] p1a: Pelipper\n|move|p1b: Basculegion|Protect|p1b: Basculegion\n|-singleturn|p1b: Basculegion|Protect\n|move|p2b: Farigiraf|Ally Switch|p2b: Farigiraf\n|swap|p2b: Farigiraf|0|[from] move: Ally Switch\n|move|p2b: Rotom|Thunderbolt|p1b: Basculegion\n|-activate|p1b: Basculegion|move: Protect\n|\n|-weather|RainDance|[upkeep]\n|upkeep\n|turn|5\n|\n|t:|1776282852\n|switch|p1b: Garchomp|Garchomp, L50, F|46/100\n|move|p2a: Farigiraf|Psychic|p1a: Pelipper\n|-damage|p1a: Pelipper|42/100\n|move|p2b: Rotom|Hydro Pump|p1b: Garchomp\n|-damage|p1b: Garchomp|0 fnt\n|faint|p1b: Garchomp\n|move|p1a: Pelipper|Tailwind|p1a: Pelipper\n|-sidestart|p1: Zap_2545|move: Tailwind\n|\n|-weather|RainDance|[upkeep]\n|-fieldend|move: Trick Room\n|upkeep\n|inactive|Zap_2545 has 30 seconds left.\n|inactive|Zap_2545 has 20 seconds left.\n|inactive|Zap_2545 has 15 seconds left.\n|inactive|Zap_2545 has 10 seconds left.\n|l|\u203dZap_2545\n|inactive|Zap_2545 disconnected and has a minute to reconnect!\n|player|p1|\n|inactive|Zap_2545 has 5 seconds left.\n|-message|Zap_2545 lost due to inactivity.\n|\n|win|gengar0718\n|raw|Zap_2545's rating: 1192 &rarr; <strong>1169</strong><br />(-23 for losing)\n|raw|gengar0718's rating: 1223 &rarr; <strong>1246</strong><br />(+23 for winning)\n|j|\u203dZap_2545\n|player|p1|Zap_2545|266|\n|n|\u203dZap_2545|zap2545\n|l|\u203dZap_2545\n|player|p1|\n",
  "uploadtime": 1776282975,
  "views": 30,
  "formatid": "gen9championsvgc2026regma",
  "rating": 1169,
  "private": 0,
  "password": null
}