{
  "id": "gen9championsvgc2026regma-2583551844",
  "format": "[Gen 9 Champions] VGC 2026 Reg M-A",
  "players": [
    "Braix2570",
    "j0l0k0"
  ],
  "log": "|j|\u2606Braix2570\n|j|\u2606j0l0k0\n|t:|1776182818\n|gametype|doubles\n|player|p1|Braix2570|265|1012\n|player|p2|j0l0k0|brycen|1076\n|gen|9\n|tier|[Gen 9 Champions] VGC 2026 Reg M-A\n|rated|\n|rule|Species Clause: Limit one of each Pok\u00e9mon\n|rule|Item Clause: Limit 1 of each item\n|clearpoke\n|poke|p1|Delphox, L50, F|\n|poke|p1|Aerodactyl, L50, M|\n|poke|p1|Incineroar, L50, M|\n|poke|p1|Floette-Eternal, L50, F|\n|poke|p1|Maushold-Four, L50|\n|poke|p1|Garchomp, L50, F|\n|poke|p2|Gallade, L50, M|\n|poke|p2|Drampa, L50, F|\n|poke|p2|Farigiraf, L50, F|\n|poke|p2|Clefable, L50, F|\n|poke|p2|Rhyperior, L50, F|\n|poke|p2|Kingambit, L50, F|\n|teampreview|4\n|inactive|Battle timer is ON: inactive players will automatically lose when time's up. (requested by j0l0k0)\n|inactive|j0l0k0 has 60 seconds left.\n|\n|t:|1776182869\n|teamsize|p1|4\n|teamsize|p2|4\n|start\n|switch|p1a: Maushold|Maushold-Four, L50|100/100\n|switch|p1b: Floette|Floette-Eternal, L50, F|100/100\n|switch|p2a: Clefable|Clefable, L50, F, shiny|100/100\n|switch|p2b: Gallade|Gallade, L50, M, shiny|100/100\n|turn|1\n|\n|t:|1776182893\n|move|p2a: Clefable|Follow Me|p2a: Clefable\n|-singleturn|p2a: Clefable|move: Follow Me\n|move|p1a: Maushold|Taunt|p2a: Clefable\n|-start|p2a: Clefable|move: Taunt\n|-enditem|p2a: Clefable|Mental Herb\n|-end|p2a: Clefable|move: Taunt\n|move|p1b: Floette|Calm Mind|p1b: Floette\n|-boost|p1b: Floette|spa|1\n|-boost|p1b: Floette|spd|1\n|move|p2b: Gallade|Trick Room|p2b: Gallade\n|-fieldstart|move: Trick Room|[of] p2b: Gallade\n|\n|upkeep\n|turn|2\n|\n|t:|1776182910\n|move|p2a: Clefable|Moonblast|p1a: Maushold\n|-damage|p1a: Maushold|61/100\n|move|p2b: Gallade|Sacred Sword|p1a: Maushold\n|-supereffective|p1a: Maushold|1\n|-enditem|p1a: Maushold|Chople Berry|[eat]\n|-enditem|p1a: Maushold|Chople Berry|[weaken]\n|-damage|p1a: Maushold|0 fnt\n|faint|p1a: Maushold\n|move|p1b: Floette|Calm Mind|p1b: Floette\n|-boost|p1b: Floette|spa|1\n|-boost|p1b: Floette|spd|1\n|\n|upkeep\n|\n|t:|1776182914\n|switch|p1a: Incineroar|Incineroar, L50, M|100/100\n|-ability|p1a: Incineroar|Intimidate|boost\n|-unboost|p2a: Clefable|atk|1\n|-unboost|p2b: Gallade|atk|1\n|turn|3\n|\n|t:|1776182936\n|detailschange|p1b: Floette|Floette-Mega, L50, F\n|-mega|p1b: Floette|Floette|Floettite\n|-ability|p1b: Floette|Fairy Aura\n|move|p1a: Incineroar|Fake Out|p2b: Gallade\n|-damage|p2b: Gallade|84/100\n|move|p2a: Clefable|Moonblast|p1a: Incineroar\n|-damage|p1a: Incineroar|70/100\n|-unboost|p1a: Incineroar|spa|1\n|cant|p2b: Gallade|flinch\n|move|p1b: Floette|Moonblast|p2b: Gallade\n|-supereffective|p2b: Gallade|1\n|-damage|p2b: Gallade|0 fnt\n|faint|p2b: Gallade\n|\n|upkeep\n|\n|t:|1776182951\n|switch|p2b: Rhyperior|Rhyperior, L50, F, shiny|100/100\n|turn|4\n|\n|t:|1776182969\n|switch|p1a: Garchomp|Garchomp, L50, F|100/100\n|move|p2a: Clefable|Helping Hand|p2b: Rhyperior\n|-singleturn|p2b: Rhyperior|Helping Hand|[of] p2a: Clefable\n|move|p1b: Floette|Protect|p1b: Floette\n|-singleturn|p1b: Floette|Protect\n|move|p2b: Rhyperior|Earthquake|p1a: Garchomp|[spread] p2a,p1a\n|-activate|p1b: Floette|move: Protect\n|-damage|p2a: Clefable|36/100\n|-damage|p1a: Garchomp|44/100\n|\n|upkeep\n|turn|5\n|\n|t:|1776182987\n|switch|p1a: Incineroar|Incineroar, L50, M|70/100\n|-ability|p1a: Incineroar|Intimidate|boost\n|-unboost|p2a: Clefable|atk|1\n|-unboost|p2b: Rhyperior|atk|1\n|move|p2a: Clefable|Helping Hand|p2b: Rhyperior\n|-singleturn|p2b: Rhyperior|Helping Hand|[of] p2a: Clefable\n|move|p2b: Rhyperior|Earthquake|p1a: Incineroar|[spread] p2a,p1a,p1b\n|-supereffective|p1a: Incineroar|1\n|-damage|p2a: Clefable|0 fnt\n|-damage|p1a: Incineroar|0 fnt\n|-damage|p1b: Floette|52/100\n|faint|p2a: Clefable\n|faint|p1a: Incineroar\n|move|p1b: Floette|Moonblast|p2b: Rhyperior\n|-damage|p2b: Rhyperior|0 fnt\n|faint|p2b: Rhyperior\n|\n|-fieldend|move: Trick Room\n|upkeep\n|\n|t:|1776183003\n|switch|p1a: Garchomp|Garchomp, L50, F|44/100\n|switch|p2b: Drampa|Drampa, L50, F, shiny|100/100\n|-ability|p2b: Drampa|Cloud Nine\n|turn|6\n|\n|t:|1776183010\n|detailschange|p2b: Drampa|Drampa-Mega, L50, F, shiny\n|-mega|p2b: Drampa|Drampa|Drampanite\n|move|p1a: Garchomp|Dragon Claw|p2b: Drampa\n|-supereffective|p2b: Drampa|1\n|-damage|p2b: Drampa|22/100\n|-ability|p2b: Drampa|Berserk|boost\n|-boost|p2b: Drampa|spa|1\n|move|p1b: Floette|Light of Ruin|p2b: Drampa\n|-supereffective|p2b: Drampa|1\n|-damage|p2b: Drampa|0 fnt\n|faint|p2b: Drampa\n|-damage|p1b: Floette|40/100|[from] Recoil\n|\n|win|Braix2570\n|raw|Braix2570's rating: 1012 &rarr; <strong>1057</strong><br />(+45 for winning)\n|raw|j0l0k0's rating: 1076 &rarr; <strong>1051</strong><br />(-25 for losing)\n|c|\u2606j0l0k0|ggwp\n|c|\u2606Braix2570|gg izi\n",
  "uploadtime": 1776183027,
  "views": 12,
  "formatid": "gen9championsvgc2026regma",
  "rating": 1051,
  "private": 0,
  "password": null
}