{
  "id": "gen9championsvgc2026regma-2583072345",
  "format": "[Gen 9 Champions] VGC 2026 Reg M-A",
  "players": [
    "itsthebandit",
    "rezon8"
  ],
  "log": "|j|\u2606itsthebandit\n|j|\u2606rezon8\n|t:|1776138921\n|gametype|doubles\n|player|p1|itsthebandit|miku-water|1118\n|player|p2|rezon8|101|1144\n|gen|9\n|tier|[Gen 9 Champions] VGC 2026 Reg M-A\n|rated|\n|rule|Species Clause: Limit one of each Pok\u00e9mon\n|rule|Item Clause: Limit 1 of each item\n|clearpoke\n|poke|p1|Tyranitar, L50, F|\n|poke|p1|Primarina, L50, M|\n|poke|p1|Excadrill, L50, F|\n|poke|p1|Corviknight, L50, F|\n|poke|p1|Incineroar, L50, F|\n|poke|p1|Sinistcha, L50|\n|poke|p2|Hydreigon, L50, M|\n|poke|p2|Charizard, L50, M|\n|poke|p2|Krookodile, L50, F|\n|poke|p2|Armarouge, L50, M|\n|poke|p2|Sinistcha, L50|\n|poke|p2|Whimsicott, L50, M|\n|teampreview|4\n|\n|t:|1776139040\n|teamsize|p1|4\n|teamsize|p2|4\n|start\n|switch|p1a: Gamera|Tyranitar, L50, F, shiny|100/100\n|switch|p1b: 8thDeadlySin|Incineroar, L50, F|100/100\n|switch|p2a: Hydreigon|Hydreigon, L50, M|100/100\n|switch|p2b: Sinistcha|Sinistcha, L50|100/100\n|-ability|p1b: 8thDeadlySin|Intimidate|boost\n|-unboost|p2a: Hydreigon|atk|1\n|-unboost|p2b: Sinistcha|atk|1\n|-weather|Sandstorm|[from] ability: Sand Stream|[of] p1a: Gamera\n|turn|1\n|\n|t:|1776139079\n|detailschange|p1a: Gamera|Tyranitar-Mega, L50, F, shiny\n|-mega|p1a: Gamera|Tyranitar|Tyranitarite\n|move|p2a: Hydreigon|Protect|p2a: Hydreigon\n|-singleturn|p2a: Hydreigon|Protect\n|move|p1b: 8thDeadlySin|Fake Out|p2a: Hydreigon\n|-activate|p2a: Hydreigon|move: Protect\n|move|p1a: Gamera|Crunch|p2b: Sinistcha\n|-supereffective|p2b: Sinistcha|1\n|-damage|p2b: Sinistcha|12/100\n|move|p2b: Sinistcha|Strength Sap|p1a: Gamera\n|-unboost|p1a: Gamera|atk|1\n|-heal|p2b: Sinistcha|100/100\n|\n|-weather|Sandstorm|[upkeep]\n|-damage|p2a: Hydreigon|94/100|[from] Sandstorm\n|-damage|p1b: 8thDeadlySin|95/100|[from] Sandstorm\n|-damage|p2b: Sinistcha|94/100|[from] Sandstorm\n|-heal|p2b: Sinistcha|100/100|[from] item: Leftovers\n|upkeep\n|turn|2\n|\n|t:|1776139120\n|switch|p1a: Sia Lion|Primarina, L50, M, shiny|100/100\n|move|p2a: Hydreigon|Focus Energy|p2a: Hydreigon\n|-start|p2a: Hydreigon|move: Focus Energy\n|move|p1b: 8thDeadlySin|Parting Shot|p2a: Hydreigon\n|-unboost|p2a: Hydreigon|atk|1\n|-unboost|p2a: Hydreigon|spa|1\n|\n|t:|1776139127\n|switch|p1b: Gamera|Tyranitar-Mega, L50, F, shiny|100/100|[from] Parting Shot\n|move|p2b: Sinistcha|Strength Sap|p1b: Gamera\n|-unboost|p1b: Gamera|atk|1\n|\n|-weather|Sandstorm|[upkeep]\n|-damage|p2a: Hydreigon|88/100|[from] Sandstorm\n|-damage|p1a: Sia Lion|95/100|[from] Sandstorm\n|-damage|p2b: Sinistcha|94/100|[from] Sandstorm\n|-heal|p2b: Sinistcha|100/100|[from] item: Leftovers\n|upkeep\n|turn|3\n|\n|t:|1776139157\n|switch|p2a: Whimsicott|Whimsicott, L50, M|100/100\n|move|p1b: Gamera|Protect|p1b: Gamera\n|-singleturn|p1b: Gamera|Protect\n|move|p1a: Sia Lion|Moonblast|p2a: Whimsicott\n|-damage|p2a: Whimsicott|4/100\n|-unboost|p2a: Whimsicott|spa|1\n|move|p2b: Sinistcha|Matcha Gotcha|p1b: Gamera|[spread] p1a\n|-activate|p1b: Gamera|move: Protect\n|-supereffective|p1a: Sia Lion|1\n|-damage|p1a: Sia Lion|52/100\n|\n|-weather|Sandstorm|[upkeep]\n|-damage|p2a: Whimsicott|0 fnt|[from] Sandstorm\n|-damage|p1a: Sia Lion|46/100|[from] Sandstorm\n|-damage|p2b: Sinistcha|94/100|[from] Sandstorm\n|faint|p2a: Whimsicott\n|-heal|p2b: Sinistcha|100/100|[from] item: Leftovers\n|upkeep\n|\n|t:|1776139211\n|switch|p2a: Armarouge|Armarouge, L50, M|100/100\n|turn|4\n|\n|t:|1776139243\n|switch|p1b: 8thDeadlySin|Incineroar, L50, F|95/100\n|-ability|p1b: 8thDeadlySin|Intimidate|boost\n|-unboost|p2a: Armarouge|atk|1\n|-unboost|p2b: Sinistcha|atk|1\n|move|p1a: Sia Lion|Protect|p1a: Sia Lion\n|-singleturn|p1a: Sia Lion|Protect\n|move|p2a: Armarouge|Reflect|p2a: Armarouge\n|-sidestart|p2: rezon8|Reflect\n|move|p2b: Sinistcha|Matcha Gotcha|p1b: 8thDeadlySin|[spread] p1b\n|-activate|p1a: Sia Lion|move: Protect\n|-resisted|p1b: 8thDeadlySin|1\n|-crit|p1b: 8thDeadlySin\n|-damage|p1b: 8thDeadlySin|77/100\n|\n|-weather|Sandstorm|[upkeep]\n|-damage|p2a: Armarouge|94/100|[from] Sandstorm\n|-damage|p1b: 8thDeadlySin|71/100|[from] Sandstorm\n|-damage|p1a: Sia Lion|40/100|[from] Sandstorm\n|-damage|p2b: Sinistcha|94/100|[from] Sandstorm\n|-heal|p2b: Sinistcha|100/100|[from] item: Leftovers\n|upkeep\n|turn|5\n|\n|t:|1776139278\n|move|p2a: Armarouge|Wide Guard|p2a: Armarouge\n|-singleturn|p2a: Armarouge|Wide Guard\n|move|p1b: 8thDeadlySin|Flare Blitz|p2b: Sinistcha\n|-supereffective|p2b: Sinistcha|1\n|-damage|p2b: Sinistcha|35/100\n|-damage|p1b: 8thDeadlySin|51/100|[from] Recoil\n|move|p1a: Sia Lion|Moonblast|p2b: Sinistcha\n|-damage|p2b: Sinistcha|0 fnt\n|faint|p2b: Sinistcha\n|\n|-weather|none\n|upkeep\n|\n|t:|1776139291\n|switch|p2b: Hydreigon|Hydreigon, L50, M|88/100\n|turn|6\n|\n|t:|1776139321\n|move|p1a: Sia Lion|Protect|p1a: Sia Lion\n|-singleturn|p1a: Sia Lion|Protect\n|move|p2b: Hydreigon|Focus Energy|p2b: Hydreigon\n|-start|p2b: Hydreigon|move: Focus Energy\n|move|p2a: Armarouge|Disable|p1a: Sia Lion\n|-activate|p1a: Sia Lion|move: Protect\n|move|p1b: 8thDeadlySin|Parting Shot|p2a: Armarouge\n|-unboost|p2a: Armarouge|atk|1\n|-unboost|p2a: Armarouge|spa|1\n|\n|t:|1776139329\n|switch|p1b: Gamera|Tyranitar-Mega, L50, F, shiny|100/100|[from] Parting Shot\n|-weather|Sandstorm|[from] ability: Sand Stream|[of] p1b: Gamera\n|\n|-weather|Sandstorm|[upkeep]\n|-damage|p2b: Hydreigon|82/100|[from] Sandstorm\n|-damage|p2a: Armarouge|88/100|[from] Sandstorm\n|-damage|p1a: Sia Lion|34/100|[from] Sandstorm\n|upkeep\n|turn|7\n|\n|t:|1776139360\n|move|p2a: Armarouge|Wide Guard|p2a: Armarouge\n|-singleturn|p2a: Armarouge|Wide Guard\n|move|p2b: Hydreigon|Dark Pulse|p1a: Sia Lion\n|-resisted|p1a: Sia Lion|1\n|-crit|p1a: Sia Lion\n|-damage|p1a: Sia Lion|5/100\n|move|p1b: Gamera|Crunch|p2a: Armarouge\n|-supereffective|p2a: Armarouge|1\n|-damage|p2a: Armarouge|22/100\n|-unboost|p2a: Armarouge|def|1\n|-ability|p2a: Armarouge|Weak Armor|boost\n|-unboost|p2a: Armarouge|def|1\n|-boost|p2a: Armarouge|spe|2\n|-enditem|p2a: Armarouge|Sitrus Berry|[eat]\n|-heal|p2a: Armarouge|47/100|[from] item: Sitrus Berry\n|move|p1a: Sia Lion|Moonblast|p2b: Hydreigon\n|-supereffective|p2b: Hydreigon|2\n|-crit|p2b: Hydreigon\n|-damage|p2b: Hydreigon|0 fnt\n|faint|p2b: Hydreigon\n|\n|-weather|Sandstorm|[upkeep]\n|-damage|p2a: Armarouge|41/100|[from] Sandstorm\n|-damage|p1a: Sia Lion|0 fnt|[from] Sandstorm\n|faint|p1a: Sia Lion\n|upkeep\n|\n|t:|1776139368\n|switch|p1a: Hamster|Excadrill, L50, F, shiny|100/100\n|turn|8\n|-message|rezon8 forfeited.\n|\n|win|itsthebandit\n|raw|itsthebandit's rating: 1118 &rarr; <strong>1145</strong><br />(+27 for winning)\n|raw|rezon8's rating: 1144 &rarr; <strong>1117</strong><br />(-27 for losing)\n|l|\u2606rezon8\n|player|p2|\n",
  "uploadtime": 1776139392,
  "views": 16,
  "formatid": "gen9championsvgc2026regma",
  "rating": 1117,
  "private": 0,
  "password": null
}