{
  "id": "gen9championsvgc2026regma-2585765182",
  "format": "[Gen 9 Champions] VGC 2026 Reg M-A",
  "players": [
    "Ricepudding27",
    "mo3az"
  ],
  "log": "|j|\u2606Ricepudding27\n|j|\u2606mo3az\n|t:|1776369037\n|gametype|doubles\n|player|p1|Ricepudding27|colress|1116\n|player|p2|mo3az|hilbert-wonderlauncher|1155\n|gen|9\n|tier|[Gen 9 Champions] VGC 2026 Reg M-A\n|rated|\n|rule|Species Clause: Limit one of each Pok\u00e9mon\n|rule|Item Clause: Limit 1 of each item\n|clearpoke\n|poke|p1|Dragonite, L50, M|\n|poke|p1|Pelipper, L50, F|\n|poke|p1|Basculegion, L50, M|\n|poke|p1|Archaludon, L50, F|\n|poke|p1|Maushold, L50|\n|poke|p1|Kingambit, L50, M|\n|poke|p2|Chesnaught, L50, M|\n|poke|p2|Primarina, L50, M|\n|poke|p2|Chandelure, L50, F|\n|poke|p2|Tyranitar, L50, F|\n|poke|p2|Garchomp, L50, M|\n|poke|p2|Farigiraf, L50, M|\n|teampreview|4\n|inactive|Battle timer is ON: inactive players will automatically lose when time's up. (requested by mo3az)\n|\n|t:|1776369062\n|teamsize|p1|4\n|teamsize|p2|4\n|start\n|switch|p1a: Dragonite|Dragonite, L50, M|100/100\n|switch|p1b: Maushold|Maushold, L50|100/100\n|switch|p2a: Chesnaught|Chesnaught, L50, M|100/100\n|switch|p2b: Farigiraf|Farigiraf, L50, M|100/100\n|turn|1\n|\n|t:|1776369082\n|detailschange|p1a: Dragonite|Dragonite-Mega, L50, M\n|-mega|p1a: Dragonite|Dragonite|Dragoninite\n|detailschange|p2a: Chesnaught|Chesnaught-Mega, L50, M\n|-mega|p2a: Chesnaught|Chesnaught|Chesnaughtite\n|move|p2a: Chesnaught|Spiky Shield|p2a: Chesnaught\n|-singleturn|p2a: Chesnaught|move: Protect\n|move|p1b: Maushold|Taunt|p2b: Farigiraf\n|-start|p2b: Farigiraf|move: Taunt\n|move|p1a: Dragonite|Hurricane|p2a: Chesnaught\n|-activate|p2a: Chesnaught|move: Protect\n|cant|p2b: Farigiraf|move: Taunt|Trick Room\n|\n|upkeep\n|turn|2\n|\n|t:|1776369103\n|switch|p1b: Pelipper|Pelipper, L50, F|100/100\n|-weather|RainDance|[from] ability: Drizzle|[of] p1b: Pelipper\n|switch|p2a: Tyranitar|Tyranitar, L50, F|100/100\n|-weather|Sandstorm|[from] ability: Sand Stream|[of] p2a: Tyranitar\n|move|p1a: Dragonite|Hurricane|p2a: Tyranitar|[miss]\n|-miss|p1a: Dragonite|p2a: Tyranitar\n|move|p2b: Farigiraf|Hyper Voice|p1b: Pelipper|[spread] p1a,p1b\n|-damage|p1a: Dragonite|86/100\n|-damage|p1b: Pelipper|66/100\n|\n|-weather|Sandstorm|[upkeep]\n|-damage|p1a: Dragonite|80/100|[from] Sandstorm\n|-damage|p1b: Pelipper|60/100|[from] Sandstorm\n|-damage|p2b: Farigiraf|94/100|[from] Sandstorm\n|-heal|p1b: Pelipper|66/100|[from] item: Leftovers\n|upkeep\n|turn|3\n|inactive|Ricepudding27 has 30 seconds left.\n|inactive|mo3az has 30 seconds left.\n|\n|t:|1776369137\n|switch|p1b: Kingambit|Kingambit, L50, M|100/100\n|move|p1a: Dragonite|Protect|p1a: Dragonite\n|-singleturn|p1a: Dragonite|Protect\n|move|p2b: Farigiraf|Hyper Voice|p1b: Kingambit|[spread] p1b\n|-activate|p1a: Dragonite|move: Protect\n|-resisted|p1b: Kingambit|1\n|-damage|p1b: Kingambit|84/100\n|move|p2a: Tyranitar|Rock Slide|p1a: Dragonite|[spread] p1b\n|-activate|p1a: Dragonite|move: Protect\n|-resisted|p1b: Kingambit|1\n|-damage|p1b: Kingambit|71/100\n|\n|-weather|Sandstorm|[upkeep]\n|-damage|p1a: Dragonite|74/100|[from] Sandstorm\n|-damage|p2b: Farigiraf|88/100|[from] Sandstorm\n|-end|p2b: Farigiraf|move: Taunt\n|upkeep\n|turn|4\n|\n|t:|1776369161\n|-end|p1b: Kingambit|fallenundefined|[silent]\n|switch|p1b: Pelipper|Pelipper, L50, F|66/100\n|-weather|RainDance|[from] ability: Drizzle|[of] p1b: Pelipper\n|move|p1a: Dragonite|Weather Ball|p2a: Tyranitar\n|-supereffective|p2a: Tyranitar|1\n|-damage|p2a: Tyranitar|0 fnt\n|faint|p2a: Tyranitar\n|move|p2b: Farigiraf|Trick Room|p2b: Farigiraf\n|-fieldstart|move: Trick Room|[of] p2b: Farigiraf\n|\n|-weather|RainDance|[upkeep]\n|-heal|p1b: Pelipper|72/100|[from] item: Leftovers\n|upkeep\n|\n|t:|1776369174\n|switch|p2a: Primarina|Primarina, L50, M|100/100\n|turn|5\n|\n|t:|1776369187\n|move|p1a: Dragonite|Protect|p1a: Dragonite\n|-singleturn|p1a: Dragonite|Protect\n|move|p2b: Farigiraf|Hyper Voice|p1a: Dragonite|[spread] p1b\n|-activate|p1a: Dragonite|move: Protect\n|-damage|p1b: Pelipper|36/100\n|move|p2a: Primarina|Dazzling Gleam|p1a: Dragonite|[spread] p1b\n|-activate|p1a: Dragonite|move: Protect\n|-damage|p1b: Pelipper|0 fnt\n|faint|p1b: Pelipper\n|\n|-weather|RainDance|[upkeep]\n|upkeep\n|inactive|Ricepudding27 has 30 seconds left.\n|\n|t:|1776369214\n|switch|p1b: Kingambit|Kingambit, L50, M|71/100\n|-activate|p1b: Kingambit|ability: Supreme Overlord\n|-start|p1b: Kingambit|fallen1|[silent]\n|turn|6\n|inactive|Ricepudding27 has 30 seconds left.\n|inactive|Ricepudding27 has 20 seconds left.\n|\n|t:|1776369251\n|switch|p1a: Maushold|Maushold, L50|100/100\n|move|p1b: Kingambit|Iron Head|p2a: Primarina\n|-damage|p2a: Primarina|40/100\n|cant|p2a: Primarina|flinch\n|move|p2b: Farigiraf|Hyper Voice|p1a: Maushold|[spread] p1a,p1b\n|-resisted|p1b: Kingambit|1\n|-damage|p1a: Maushold|52/100\n|-damage|p1b: Kingambit|54/100\n|\n|-weather|RainDance|[upkeep]\n|upkeep\n|turn|7\n|\n|t:|1776369269\n|switch|p2a: Chesnaught|Chesnaught-Mega, L50, M|100/100\n|move|p1b: Kingambit|Iron Head|p2a: Chesnaught\n|-damage|p2a: Chesnaught|71/100\n|move|p2b: Farigiraf|Hyper Voice|p1a: Maushold|[spread] p1a,p1b\n|-resisted|p1b: Kingambit|1\n|-damage|p1a: Maushold|7/100\n|-damage|p1b: Kingambit|37/100\n|move|p1a: Maushold|Population Bomb|p2b: Farigiraf\n|-damage|p2b: Farigiraf|77/100\n|-damage|p2b: Farigiraf|67/100\n|-damage|p2b: Farigiraf|57/100\n|-damage|p2b: Farigiraf|46/100\n|-hitcount|p2b: Farigiraf|4\n|\n|-weather|RainDance|[upkeep]\n|upkeep\n|turn|8\n|inactive|Ricepudding27 has 30 seconds left.\n|inactive|Ricepudding27 has 20 seconds left.\n|inactive|Ricepudding27 has 15 seconds left.\n|inactive|Ricepudding27 has 10 seconds left.\n|inactive|Ricepudding27 has 5 seconds left.\n|\n|t:|1776369324\n|move|p1b: Kingambit|Sucker Punch||[still]\n|cant|p2b: Farigiraf|ability: Armor Tail|Sucker Punch|[of] p1b: Kingambit\n|move|p2a: Chesnaught|Rock Slide|p1b: Kingambit|[spread] p1a,p1b\n|-resisted|p1b: Kingambit|1\n|-damage|p1a: Maushold|0 fnt\n|-damage|p1b: Kingambit|29/100\n|faint|p1a: Maushold\n|move|p2b: Farigiraf|Hyper Voice|p1b: Kingambit\n|-resisted|p1b: Kingambit|1\n|-damage|p1b: Kingambit|5/100\n|\n|-weather|none\n|-fieldend|move: Trick Room\n|upkeep\n|\n|t:|1776369340\n|switch|p1a: Dragonite|Dragonite-Mega, L50, M|74/100\n|turn|9\n|\n|t:|1776369350\n|move|p2a: Chesnaught|Spiky Shield|p2a: Chesnaught\n|-singleturn|p2a: Chesnaught|move: Protect\n|move|p1a: Dragonite|Hurricane|p2a: Chesnaught\n|-activate|p2a: Chesnaught|move: Protect\n|move|p1b: Kingambit|Iron Head|p2b: Farigiraf\n|-damage|p2b: Farigiraf|0 fnt\n|faint|p2b: Farigiraf\n|\n|upkeep\n|\n|t:|1776369360\n|switch|p2b: Primarina|Primarina, L50, M|40/100\n|turn|10\n|\n|t:|1776369373\n|move|p1b: Kingambit|Protect|p1b: Kingambit\n|-singleturn|p1b: Kingambit|Protect\n|move|p2a: Chesnaught|Spiky Shield|p2a: Chesnaught\n|-singleturn|p2a: Chesnaught|move: Protect\n|move|p1a: Dragonite|Hurricane|p2a: Chesnaught\n|-activate|p2a: Chesnaught|move: Protect\n|move|p2b: Primarina|Dazzling Gleam|p1b: Kingambit|[spread] p1a\n|-activate|p1b: Kingambit|move: Protect\n|-supereffective|p1a: Dragonite|1\n|-damage|p1a: Dragonite|16/100\n|\n|upkeep\n|turn|11\n|inactive|Ricepudding27 has 30 seconds left.\n|\n|t:|1776369405\n|move|p1a: Dragonite|Hurricane|p2a: Chesnaught|[miss]\n|-miss|p1a: Dragonite|p2a: Chesnaught\n|move|p2b: Primarina|Dazzling Gleam|p1b: Kingambit|[spread] p1a,p1b\n|-supereffective|p1a: Dragonite|1\n|-damage|p1a: Dragonite|0 fnt\n|-damage|p1b: Kingambit|0 fnt\n|faint|p1a: Dragonite\n|faint|p1b: Kingambit\n|-end|p1b: Kingambit|fallen1|[silent]\n|\n|win|mo3az\n|raw|Ricepudding27's rating: 1116 &rarr; <strong>1094</strong><br />(-22 for losing)\n|raw|mo3az's rating: 1155 &rarr; <strong>1177</strong><br />(+22 for winning)\n",
  "uploadtime": 1776369414,
  "views": 20,
  "formatid": "gen9championsvgc2026regma",
  "rating": 1094,
  "private": 0,
  "password": null
}