{
  "id": "gen9championsvgc2026regma-2583004690",
  "format": "[Gen 9 Champions] VGC 2026 Reg M-A",
  "players": [
    "autokrank",
    "rain frog"
  ],
  "log": "|j|\u2606autokrank\n|j|\u2606rain frog\n|t:|1776132575\n|gametype|doubles\n|player|p1|autokrank|dawn-gen4pt|1066\n|player|p2|rain frog|parasollady|1070\n|gen|9\n|tier|[Gen 9 Champions] VGC 2026 Reg M-A\n|rated|\n|rule|Species Clause: Limit one of each Pok\u00e9mon\n|rule|Item Clause: Limit 1 of each item\n|clearpoke\n|poke|p1|Tyranitar, L50, F|\n|poke|p1|Rotom-Wash, L50|\n|poke|p1|Incineroar, L50, M|\n|poke|p1|Torterra, L50, M|\n|poke|p1|Orthworm, L50, M|\n|poke|p1|Clefable, L50, M|\n|poke|p2|Politoed, L50, F|\n|poke|p2|Dragonite, L50, F|\n|poke|p2|Garchomp, L50, M|\n|poke|p2|Incineroar, L50, M|\n|poke|p2|Rotom-Wash, L50|\n|poke|p2|Aegislash, L50, F|\n|teampreview|4\n|\n|t:|1776132656\n|teamsize|p1|4\n|teamsize|p2|4\n|start\n|switch|p1a: Tyranitar|Tyranitar, L50, F|100/100\n|switch|p1b: Clefable|Clefable, L50, M|100/100\n|switch|p2a: Dragonite|Dragonite, L50, F|100/100\n|switch|p2b: Aegislash|Aegislash, L50, F|100/100\n|-weather|Sandstorm|[from] ability: Sand Stream|[of] p1a: Tyranitar\n|turn|1\n|inactive|Battle timer is ON: inactive players will automatically lose when time's up. (requested by autokrank)\n|inactive|rain frog has 60 seconds left.\n|\n|t:|1776132692\n|move|p2b: Aegislash|Wide Guard|p2b: Aegislash\n|-singleturn|p2b: Aegislash|Wide Guard\n|move|p2a: Dragonite|Tailwind|p2a: Dragonite\n|-sidestart|p2: rain frog|move: Tailwind\n|move|p1a: Tyranitar|Knock Off|p2b: Aegislash\n|-supereffective|p2b: Aegislash|1\n|-damage|p2b: Aegislash|18/100\n|-enditem|p2b: Aegislash|Leftovers|[from] move: Knock Off|[of] p1a: Tyranitar\n|move|p1b: Clefable|Moonblast|p2a: Dragonite\n|-supereffective|p2a: Dragonite|1\n|-damage|p2a: Dragonite|70/100\n|\n|-weather|Sandstorm|[upkeep]\n|-damage|p2a: Dragonite|64/100|[from] Sandstorm\n|upkeep\n|turn|2\n|inactive|autokrank has 30 seconds left.\n|inactive|rain frog has 30 seconds left.\n|\n|t:|1776132723\n|switch|p2a: Politoed|Politoed, L50, F|100/100\n|-weather|RainDance|[from] ability: Drizzle|[of] p2a: Politoed\n|move|p1b: Clefable|Follow Me|p1b: Clefable\n|-singleturn|p1b: Clefable|move: Follow Me\n|-formechange|p2b: Aegislash|Aegislash-Blade|\n|move|p2b: Aegislash|Flash Cannon|p1b: Clefable\n|-supereffective|p1b: Clefable|1\n|-damage|p1b: Clefable|2/100\n|move|p1a: Tyranitar|Rock Slide|p2b: Aegislash|[spread] p2b\n|-miss|p1a: Tyranitar|p2a: Politoed\n|-resisted|p2b: Aegislash|1\n|-crit|p2b: Aegislash\n|-damage|p2b: Aegislash|0 fnt\n|faint|p2b: Aegislash\n|\n|-weather|RainDance|[upkeep]\n|upkeep\n|\n|t:|1776132742\n|switch|p2b: Garchomp|Garchomp, L50, M|100/100\n|turn|3\n|\n|t:|1776132760\n|switch|p2a: Dragonite|Dragonite, L50, F|64/100\n|detailschange|p1a: Tyranitar|Tyranitar-Mega, L50, F\n|-mega|p1a: Tyranitar|Tyranitar|Tyranitarite\n|-weather|Sandstorm|[from] ability: Sand Stream|[of] p1a: Tyranitar\n|move|p2b: Garchomp|Earthquake|p1b: Clefable|[spread] p1a,p1b\n|-immune|p2a: Dragonite\n|-supereffective|p1a: Tyranitar|1\n|-crit|p1a: Tyranitar\n|-damage|p1a: Tyranitar|8/100\n|-damage|p1b: Clefable|0 fnt\n|faint|p1b: Clefable\n|move|p1a: Tyranitar|Knock Off|p2a: Dragonite\n|-damage|p2a: Dragonite|23/100\n|\n|-weather|Sandstorm|[upkeep]\n|-damage|p2a: Dragonite|17/100|[from] Sandstorm\n|upkeep\n|\n|t:|1776132777\n|switch|p1b: Incineroar|Incineroar, L50, M|100/100\n|-ability|p1b: Incineroar|Intimidate|boost\n|-unboost|p2a: Dragonite|atk|1\n|-unboost|p2b: Garchomp|atk|1\n|turn|4\n|inactive|rain frog has 30 seconds left.\n|\n|t:|1776132803\n|move|p1a: Tyranitar|Protect|p1a: Tyranitar\n|-singleturn|p1a: Tyranitar|Protect\n|move|p1b: Incineroar|Fake Out|p2a: Dragonite\n|-damage|p2a: Dragonite|0 fnt\n|faint|p2a: Dragonite\n|move|p2b: Garchomp|Earthquake|p1b: Incineroar|[spread] p1b\n|-activate|p1a: Tyranitar|move: Protect\n|-supereffective|p1b: Incineroar|1\n|-damage|p1b: Incineroar|44/100\n|\n|-weather|Sandstorm|[upkeep]\n|-damage|p1b: Incineroar|38/100|[from] Sandstorm\n|-sideend|p2: rain frog|move: Tailwind\n|upkeep\n|\n|t:|1776132814\n|switch|p2a: Politoed|Politoed, L50, F|100/100\n|-weather|RainDance|[from] ability: Drizzle|[of] p2a: Politoed\n|turn|5\n|inactive|autokrank has 30 seconds left.\n|inactive|autokrank has 20 seconds left.\n|\n|t:|1776132852\n|move|p2a: Politoed|Helping Hand|p2b: Garchomp\n|-singleturn|p2b: Garchomp|Helping Hand|[of] p2a: Politoed\n|move|p2b: Garchomp|Rock Slide|p1b: Incineroar|[spread] p1a,p1b\n|-supereffective|p1b: Incineroar|1\n|-damage|p1a: Tyranitar|0 fnt\n|-damage|p1b: Incineroar|2/100\n|faint|p1a: Tyranitar\n|cant|p1b: Incineroar|flinch\n|\n|-weather|RainDance|[upkeep]\n|upkeep\n|\n|t:|1776132860\n|switch|p1a: Rotom|Rotom-Wash, L50|100/100\n|turn|6\n|inactive|rain frog has 30 seconds left.\n|\n|t:|1776132886\n|move|p2a: Politoed|Helping Hand|p2b: Garchomp\n|-singleturn|p2b: Garchomp|Helping Hand|[of] p2a: Politoed\n|move|p2b: Garchomp|Rock Slide|p1a: Rotom|[spread] p1a,p1b\n|-supereffective|p1b: Incineroar|1\n|-damage|p1a: Rotom|78/100\n|-damage|p1b: Incineroar|0 fnt\n|faint|p1b: Incineroar\n|move|p1a: Rotom|Volt Switch|p2a: Politoed\n|-supereffective|p2a: Politoed|1\n|-damage|p2a: Politoed|39/100\n|-enditem|p2a: Politoed|Sitrus Berry|[eat]\n|-heal|p2a: Politoed|63/100|[from] item: Sitrus Berry\n|\n|-weather|RainDance|[upkeep]\n|-heal|p1a: Rotom|84/100|[from] item: Leftovers\n|upkeep\n|turn|7\n|\n|t:|1776132902\n|move|p2b: Garchomp|Dragon Claw|p1a: Rotom\n|-damage|p1a: Rotom|51/100\n|move|p1a: Rotom|Will-O-Wisp|p2b: Garchomp\n|-status|p2b: Garchomp|brn\n|move|p2a: Politoed|Icy Wind|p1a: Rotom\n|-resisted|p1a: Rotom|1\n|-damage|p1a: Rotom|44/100\n|-unboost|p1a: Rotom|spe|1\n|\n|-weather|RainDance|[upkeep]\n|-heal|p1a: Rotom|50/100|[from] item: Leftovers\n|-damage|p2b: Garchomp|95/100 brn|[from] brn\n|upkeep\n|turn|8\n|\n|t:|1776132926\n|move|p2a: Politoed|Helping Hand|p2b: Garchomp\n|-singleturn|p2b: Garchomp|Helping Hand|[of] p2a: Politoed\n|move|p2b: Garchomp|Dragon Claw|p1a: Rotom\n|-damage|p1a: Rotom|28/100\n|move|p1a: Rotom|Discharge|p2b: Garchomp|[spread] p2a\n|-immune|p2b: Garchomp\n|-supereffective|p2a: Politoed|1\n|-crit|p2a: Politoed\n|-damage|p2a: Politoed|0 fnt\n|faint|p2a: Politoed\n|\n|-weather|RainDance|[upkeep]\n|-heal|p1a: Rotom|34/100|[from] item: Leftovers\n|-damage|p2b: Garchomp|89/100 brn|[from] brn\n|upkeep\n|turn|9\n|\n|t:|1776132942\n|move|p2b: Garchomp|Rock Slide|p1a: Rotom\n|-damage|p1a: Rotom|23/100\n|cant|p1a: Rotom|flinch\n|\n|-weather|none\n|-heal|p1a: Rotom|29/100|[from] item: Leftovers\n|-damage|p2b: Garchomp|83/100 brn|[from] brn\n|upkeep\n|turn|10\n|\n|t:|1776132951\n|move|p2b: Garchomp|Dragon Claw|p1a: Rotom\n|-damage|p1a: Rotom|14/100\n|move|p1a: Rotom|Hydro Pump|p2b: Garchomp|[miss]\n|-miss|p1a: Rotom|p2b: Garchomp\n|\n|-heal|p1a: Rotom|20/100|[from] item: Leftovers\n|-damage|p2b: Garchomp|77/100 brn|[from] brn\n|upkeep\n|turn|11\n|\n|t:|1776132960\n|move|p2b: Garchomp|Dragon Claw|p1a: Rotom\n|-damage|p1a: Rotom|4/100\n|move|p1a: Rotom|Hydro Pump|p2b: Garchomp\n|-damage|p2b: Garchomp|23/100 brn\n|\n|-heal|p1a: Rotom|9/100|[from] item: Leftovers\n|-damage|p2b: Garchomp|17/100 brn|[from] brn\n|upkeep\n|turn|12\n|\n|t:|1776132969\n|move|p2b: Garchomp|Dragon Claw|p1a: Rotom\n|-damage|p1a: Rotom|0 fnt\n|faint|p1a: Rotom\n|\n|win|rain frog\n|raw|autokrank's rating: 1066 &rarr; <strong>1046</strong><br />(-20 for losing)\n|raw|rain frog's rating: 1070 &rarr; <strong>1099</strong><br />(+29 for winning)\n|l|\u2606autokrank\n|player|p1|\n",
  "uploadtime": 1776133142,
  "views": 20,
  "formatid": "gen9championsvgc2026regma",
  "rating": 1046,
  "private": 0,
  "password": null
}