{
  "id": "gen9championsvgc2026regma-2587712781",
  "format": "[Gen 9 Champions] VGC 2026 Reg M-A",
  "players": [
    "MvillMpersonality",
    "blazegeo"
  ],
  "log": "|j|\u2606MvillMpersonality\n|j|\u2606blazegeo\n|t:|1776556466\n|gametype|doubles\n|player|p1|MvillMpersonality|pokemaniac|1040\n|player|p2|blazegeo|169|1067\n|gen|9\n|tier|[Gen 9 Champions] VGC 2026 Reg M-A\n|rated|\n|rule|Species Clause: Limit one of each Pok\u00e9mon\n|rule|Item Clause: Limit 1 of each item\n|clearpoke\n|poke|p1|Scovillain, L50, F, shiny|\n|poke|p1|Sinistcha, L50|\n|poke|p1|Slowbro, L50, F|\n|poke|p1|Kingambit, L50, F|\n|poke|p1|Tyranitar, L50, M|\n|poke|p1|Sneasler, L50, F|\n|poke|p2|Kommo-o, L50, F|\n|poke|p2|Tinkaton, L50, F|\n|poke|p2|Milotic, L50, M|\n|poke|p2|Sableye, L50, M|\n|poke|p2|Arcanine, L50, M|\n|poke|p2|Emolga, L50, M|\n|teampreview|4\n|inactive|Battle timer is ON: inactive players will automatically lose when time's up. (requested by blazegeo)\n|\n|t:|1776556496\n|teamsize|p1|4\n|teamsize|p2|4\n|start\n|switch|p1a: The Antagonist|Scovillain, L50, F, shiny|100/100\n|switch|p1b: The Trickster|Sneasler, L50, F|100/100\n|switch|p2a: Kommo-o|Kommo-o, L50, F|100/100\n|switch|p2b: Emolga|Emolga, L50, M|100/100\n|turn|1\n|\n|t:|1776556521\n|move|p2b: Emolga|Helping Hand|p2a: Kommo-o\n|-singleturn|p2a: Kommo-o|Helping Hand|[of] p2b: Emolga\n|move|p1b: The Trickster|Fake Out|p2b: Emolga\n|-damage|p2b: Emolga|76/100\n|move|p2a: Kommo-o|Clanging Scales|p1a: The Antagonist|[spread] p1a,p1b\n|-damage|p1a: The Antagonist|9/100\n|-damage|p1b: The Trickster|2/100\n|-unboost|p2a: Kommo-o|def|1\n|move|p1a: The Antagonist|Leech Seed|p2b: Emolga\n|-start|p2b: Emolga|move: Leech Seed\n|\n|-damage|p2b: Emolga|63/100|[from] Leech Seed|[of] p1a: The Antagonist\n|-heal|p1a: The Antagonist|21/100|[silent]\n|-ability|p1a: The Antagonist|Moody|boost\n|-boost|p1a: The Antagonist|spd|2\n|-unboost|p1a: The Antagonist|def|1\n|upkeep\n|turn|2\n|\n|t:|1776556542\n|switch|p1b: The Cleric|Sinistcha, L50|100/100\n|-heal|p1a: The Antagonist|46/100|[from] ability: Hospitality|[of] p1b: The Cleric\n|move|p1a: The Antagonist|Protect|p1a: The Antagonist\n|-singleturn|p1a: The Antagonist|Protect\n|move|p2b: Emolga|Volt Switch|p1a: The Antagonist\n|-activate|p1a: The Antagonist|move: Protect\n|move|p2a: Kommo-o|Clanging Scales|p1a: The Antagonist|[spread] p1b\n|-activate|p1a: The Antagonist|move: Protect\n|-damage|p1b: The Cleric|58/100\n|-unboost|p2a: Kommo-o|def|1\n|\n|-heal|p1b: The Cleric|65/100|[from] item: Leftovers\n|-damage|p2b: Emolga|51/100|[from] Leech Seed|[of] p1a: The Antagonist\n|-heal|p1a: The Antagonist|57/100|[silent]\n|-ability|p1a: The Antagonist|Moody|boost\n|-boost|p1a: The Antagonist|spd|2\n|-unboost|p1a: The Antagonist|spe|1\n|upkeep\n|turn|3\n|inactive|MvillMpersonality has 30 seconds left.\n|inactive|MvillMpersonality has 20 seconds left.\n|inactive|MvillMpersonality has 15 seconds left.\n|inactive|MvillMpersonality has 10 seconds left.\n|\n|t:|1776556587\n|move|p2b: Emolga|Helping Hand|p2a: Kommo-o\n|-singleturn|p2a: Kommo-o|Helping Hand|[of] p2b: Emolga\n|move|p2a: Kommo-o|Clanging Scales|p1a: The Antagonist|[spread] p1a,p1b\n|-damage|p1a: The Antagonist|28/100\n|-damage|p1b: The Cleric|8/100\n|-unboost|p2a: Kommo-o|def|1\n|move|p1b: The Cleric|Life Dew|p1b: The Cleric|[spread] p1a,p1b\n|-heal|p1a: The Antagonist|53/100\n|-heal|p1b: The Cleric|34/100\n|move|p1a: The Antagonist|Leech Seed||[still]\n|-fail|p1a: The Antagonist\n|\n|-heal|p1b: The Cleric|40/100|[from] item: Leftovers\n|-damage|p2b: Emolga|39/100|[from] Leech Seed|[of] p1a: The Antagonist\n|-heal|p1a: The Antagonist|64/100|[silent]\n|-ability|p1a: The Antagonist|Moody|boost\n|-boost|p1a: The Antagonist|spa|2\n|-unboost|p1a: The Antagonist|spd|1\n|upkeep\n|turn|4\n|inactive|MvillMpersonality has 30 seconds left.\n|inactive|blazegeo has 30 seconds left.\n|\n|t:|1776556619\n|switch|p1b: The Bodyguard|Tyranitar, L50, M|100/100\n|-weather|Sandstorm|[from] ability: Sand Stream|[of] p1b: The Bodyguard\n|move|p2b: Emolga|Volt Switch|p1a: The Antagonist\n|-resisted|p1a: The Antagonist|1\n|-damage|p1a: The Antagonist|59/100\n|\n|t:|1776556626\n|switch|p2b: Tinkaton|Tinkaton, L50, F|100/100|[from] Volt Switch\n|-ability|p2b: Tinkaton|Mold Breaker\n|move|p2a: Kommo-o|Clanging Scales|p1b: The Bodyguard|[spread] p1a,p1b\n|-damage|p1a: The Antagonist|36/100\n|-damage|p1b: The Bodyguard|74/100\n|-unboost|p2a: Kommo-o|def|1\n|move|p1a: The Antagonist|Temper Flare|p2a: Kommo-o\n|-resisted|p2a: Kommo-o|1\n|-damage|p2a: Kommo-o|25/100\n|\n|-weather|Sandstorm|[upkeep]\n|-damage|p2a: Kommo-o|19/100|[from] Sandstorm\n|-damage|p1a: The Antagonist|30/100|[from] Sandstorm\n|-ability|p1a: The Antagonist|Moody|boost\n|-boost|p1a: The Antagonist|spe|2\n|-unboost|p1a: The Antagonist|atk|1\n|upkeep\n|turn|5\n|inactive|blazegeo has 30 seconds left.\n|inactive|blazegeo has 20 seconds left.\n|inactive|MvillMpersonality has 30 seconds left.\n|inactive|blazegeo has 15 seconds left.\n|inactive|blazegeo has 10 seconds left.\n|inactive|blazegeo has 5 seconds left.\n|\n|t:|1776556677\n|switch|p1b: The Cleric|Sinistcha, L50|40/100\n|-heal|p1a: The Antagonist|55/100|[from] ability: Hospitality|[of] p1b: The Cleric\n|move|p1a: The Antagonist|Protect|p1a: The Antagonist\n|-singleturn|p1a: The Antagonist|Protect\n|move|p2b: Tinkaton|Fake Out|p1a: The Antagonist\n|-activate|p1a: The Antagonist|move: Protect\n|move|p2a: Kommo-o|Vacuum Wave|p1b: The Cleric\n|-immune|p1b: The Cleric\n|\n|-weather|Sandstorm|[upkeep]\n|-damage|p2a: Kommo-o|13/100|[from] Sandstorm\n|-damage|p1a: The Antagonist|49/100|[from] Sandstorm\n|-damage|p1b: The Cleric|34/100|[from] Sandstorm\n|-heal|p1b: The Cleric|40/100|[from] item: Leftovers\n|-ability|p1a: The Antagonist|Moody|boost\n|-boost|p1a: The Antagonist|spd|2\n|-unboost|p1a: The Antagonist|def|1\n|upkeep\n|turn|6\n|inactive|MvillMpersonality has 30 seconds left.\n|inactive|blazegeo has 30 seconds left.\n|\n|t:|1776556709\n|detailschange|p1a: The Antagonist|Scovillain-Mega, L50, F, shiny\n|-mega|p1a: The Antagonist|Scovillain|Scovillainite\n|move|p2a: Kommo-o|Protect|p2a: Kommo-o\n|-singleturn|p2a: Kommo-o|Protect\n|move|p2b: Tinkaton|Knock Off|p1b: The Cleric\n|-supereffective|p1b: The Cleric|1\n|-damage|p1b: The Cleric|7/100\n|-enditem|p1b: The Cleric|Leftovers|[from] move: Knock Off|[of] p2b: Tinkaton\n|move|p1a: The Antagonist|Leech Seed|p2a: Kommo-o\n|-activate|p2a: Kommo-o|move: Protect\n|move|p1b: The Cleric|Life Dew|p1b: The Cleric|[spread] p1a,p1b\n|-heal|p1a: The Antagonist|74/100\n|-heal|p1b: The Cleric|33/100\n|\n|-weather|Sandstorm|[upkeep]\n|-damage|p2a: Kommo-o|7/100|[from] Sandstorm\n|-damage|p1a: The Antagonist|69/100|[from] Sandstorm\n|-damage|p1b: The Cleric|26/100|[from] Sandstorm\n|upkeep\n|turn|7\n|inactive|MvillMpersonality has 30 seconds left.\n|inactive|blazegeo has 30 seconds left.\n|inactive|blazegeo has 20 seconds left.\n|\n|t:|1776556749\n|switch|p2a: Emolga|Emolga, L50, M|39/100\n|switch|p1b: The Trickster|Sneasler, L50, F|2/100\n|move|p1a: The Antagonist|Protect|p1a: The Antagonist\n|-singleturn|p1a: The Antagonist|Protect\n|move|p2b: Tinkaton|Gigaton Hammer|p1b: The Trickster\n|-damage|p1b: The Trickster|0 fnt\n|faint|p1b: The Trickster\n|\n|-weather|Sandstorm|[upkeep]\n|-damage|p2a: Emolga|33/100|[from] Sandstorm\n|-damage|p1a: The Antagonist|63/100|[from] Sandstorm\n|upkeep\n|\n|t:|1776556762\n|switch|p1b: The Cleric|Sinistcha, L50|26/100\n|-heal|p1a: The Antagonist|88/100|[from] ability: Hospitality|[of] p1b: The Cleric\n|turn|8\n|\n|t:|1776556776\n|move|p2a: Emolga|Nuzzle|p1a: The Antagonist\n|-resisted|p1a: The Antagonist|1\n|-damage|p1a: The Antagonist|83/100\n|-status|p1a: The Antagonist|par\n|-status|p2a: Emolga|brn|[from] ability: Spicy Spray|[of] p1a: The Antagonist\n|-enditem|p2a: Emolga|Lum Berry|[eat]\n|-curestatus|p2a: Emolga|brn|[msg]\n|move|p2b: Tinkaton|Knock Off|p1b: The Cleric\n|-supereffective|p1b: The Cleric|1\n|-damage|p1b: The Cleric|2/100\n|cant|p1a: The Antagonist|par\n|move|p1b: The Cleric|Trick Room|p1b: The Cleric\n|-fieldstart|move: Trick Room|[of] p1b: The Cleric\n|\n|-weather|none\n|upkeep\n|turn|9\n|\n|t:|1776556799\n|move|p2b: Tinkaton|Protect|p2b: Tinkaton\n|-singleturn|p2b: Tinkaton|Protect\n|move|p2a: Emolga|Protect|p2a: Emolga\n|-singleturn|p2a: Emolga|Protect\n|cant|p1a: The Antagonist|par\n|move|p1b: The Cleric|Life Dew|p1b: The Cleric|[spread] p1a,p1b\n|-heal|p1a: The Antagonist|100/100 par\n|-heal|p1b: The Cleric|27/100\n|\n|upkeep\n|turn|10\n|\n|t:|1776556824\n|move|p1a: The Antagonist|Leech Seed|p2b: Tinkaton\n|-start|p2b: Tinkaton|move: Leech Seed\n|move|p1b: The Cleric|Life Dew||[still]|[spread] p1a,p1b\n|-fail|p1a: The Antagonist|heal\n|-heal|p1b: The Cleric|52/100\n|move|p2b: Tinkaton|Gigaton Hammer|p1b: The Cleric\n|-damage|p1b: The Cleric|13/100\n|move|p2a: Emolga|Volt Switch|p1b: The Cleric\n|-resisted|p1b: The Cleric|1\n|-damage|p1b: The Cleric|4/100\n|\n|t:|1776556835\n|switch|p2a: Kommo-o|Kommo-o, L50, F|7/100|[from] Volt Switch\n|\n|-damage|p2b: Tinkaton|88/100|[from] Leech Seed|[of] p1a: The Antagonist\n|upkeep\n|turn|11\n|\n|t:|1776556849\n|cant|p1a: The Antagonist|par\n|move|p1b: The Cleric|Matcha Gotcha|p2a: Kommo-o|[spread] p2a,p2b\n|-resisted|p2a: Kommo-o|1\n|-resisted|p2b: Tinkaton|1\n|-damage|p2a: Kommo-o|0 fnt\n|-heal|p1b: The Cleric|7/100|[from] drain|[of] p2a: Kommo-o\n|-damage|p2b: Tinkaton|78/100\n|-heal|p1b: The Cleric|13/100|[from] drain|[of] p2b: Tinkaton\n|faint|p2a: Kommo-o\n|move|p2b: Tinkaton|Knock Off|p1a: The Antagonist\n|-damage|p1a: The Antagonist|80/100 par\n|-status|p2b: Tinkaton|brn|[from] ability: Spicy Spray|[of] p1a: The Antagonist\n|\n|-damage|p2b: Tinkaton|66/100 brn|[from] Leech Seed|[of] p1a: The Antagonist\n|-heal|p1a: The Antagonist|94/100 par|[silent]\n|-damage|p2b: Tinkaton|59/100 brn|[from] brn\n|upkeep\n|\n|t:|1776556869\n|switch|p2a: Arcanine|Arcanine, L50, M|100/100\n|-ability|p2a: Arcanine|Intimidate|boost\n|-unboost|p1a: The Antagonist|atk|1\n|-unboost|p1b: The Cleric|atk|1\n|turn|12\n|\n|t:|1776556888\n|move|p1a: The Antagonist|Substitute|p1a: The Antagonist\n|-start|p1a: The Antagonist|Substitute\n|-damage|p1a: The Antagonist|69/100 par\n|move|p1b: The Cleric|Life Dew|p1b: The Cleric|[spread] p1a,p1b\n|-heal|p1a: The Antagonist|94/100 par\n|-heal|p1b: The Cleric|38/100\n|move|p2b: Tinkaton|Knock Off|p1b: The Cleric\n|-supereffective|p1b: The Cleric|1\n|-damage|p1b: The Cleric|26/100\n|move|p2a: Arcanine|Flare Blitz|p1b: The Cleric\n|-supereffective|p1b: The Cleric|1\n|-damage|p1b: The Cleric|0 fnt\n|faint|p1b: The Cleric\n|-damage|p2a: Arcanine|92/100|[from] Recoil\n|\n|-damage|p2b: Tinkaton|47/100 brn|[from] Leech Seed|[of] p1a: The Antagonist\n|-heal|p1a: The Antagonist|100/100 par|[silent]\n|-damage|p2b: Tinkaton|41/100 brn|[from] brn\n|-fieldend|move: Trick Room\n|upkeep\n|\n|t:|1776556904\n|switch|p1b: The Bodyguard|Tyranitar, L50, M|74/100\n|-weather|Sandstorm|[from] ability: Sand Stream|[of] p1b: The Bodyguard\n|turn|13\n|\n|t:|1776556924\n|switch|p2a: Emolga|Emolga, L50, M|33/100\n|move|p2b: Tinkaton|Gigaton Hammer|p1b: The Bodyguard\n|-supereffective|p1b: The Bodyguard|1\n|-damage|p1b: The Bodyguard|41/100\n|move|p1b: The Bodyguard|Rock Slide|p2b: Tinkaton|[spread] p2b\n|-miss|p1b: The Bodyguard|p2a: Emolga\n|-resisted|p2b: Tinkaton|1\n|-damage|p2b: Tinkaton|22/100 brn\n|move|p1a: The Antagonist|Leech Seed|p2a: Emolga\n|-start|p2a: Emolga|move: Leech Seed\n|\n|-weather|Sandstorm|[upkeep]\n|-damage|p2a: Emolga|26/100|[from] Sandstorm\n|-damage|p1a: The Antagonist|95/100 par|[from] Sandstorm\n|-damage|p2a: Emolga|14/100|[from] Leech Seed|[of] p1a: The Antagonist\n|-heal|p1a: The Antagonist|100/100 par|[silent]\n|-damage|p2b: Tinkaton|9/100 brn|[from] Leech Seed|[of] p1a: The Antagonist\n|-damage|p2b: Tinkaton|3/100 brn|[from] brn\n|upkeep\n|turn|14\n|\n|t:|1776556948\n|move|p1b: The Bodyguard|Protect|p1b: The Bodyguard\n|-singleturn|p1b: The Bodyguard|Protect\n|move|p1a: The Antagonist|Protect|p1a: The Antagonist\n|-singleturn|p1a: The Antagonist|Protect\n|move|p2a: Emolga|Nuzzle|p1b: The Bodyguard\n|-activate|p1b: The Bodyguard|move: Protect\n|move|p2b: Tinkaton|Knock Off|p1a: The Antagonist\n|-activate|p1a: The Antagonist|move: Protect\n|\n|-weather|Sandstorm|[upkeep]\n|-damage|p2a: Emolga|8/100|[from] Sandstorm\n|-damage|p1a: The Antagonist|95/100 par|[from] Sandstorm\n|-damage|p2a: Emolga|0 fnt|[from] Leech Seed|[of] p1a: The Antagonist\n|-heal|p1a: The Antagonist|100/100 par|[silent]\n|faint|p2a: Emolga\n|-damage|p2b: Tinkaton|0 fnt|[from] Leech Seed|[of] p1a: The Antagonist\n|faint|p2b: Tinkaton\n|upkeep\n|\n|t:|1776556965\n|switch|p2a: Arcanine|Arcanine, L50, M|92/100\n|-ability|p2a: Arcanine|Intimidate|boost\n|-immune|p1a: The Antagonist\n|-unboost|p1b: The Bodyguard|atk|1\n|turn|15\n|\n|t:|1776556981\n|move|p2a: Arcanine|Close Combat|p1b: The Bodyguard\n|-supereffective|p1b: The Bodyguard|2\n|-enditem|p1b: The Bodyguard|Chople Berry|[eat]\n|-enditem|p1b: The Bodyguard|Chople Berry|[weaken]\n|-damage|p1b: The Bodyguard|0 fnt\n|-unboost|p2a: Arcanine|def|1\n|-unboost|p2a: Arcanine|spd|1\n|faint|p1b: The Bodyguard\n|move|p1a: The Antagonist|Leech Seed|p2a: Arcanine\n|-start|p2a: Arcanine|move: Leech Seed\n|\n|-weather|Sandstorm|[upkeep]\n|-damage|p2a: Arcanine|86/100|[from] Sandstorm\n|-damage|p1a: The Antagonist|95/100 par|[from] Sandstorm\n|-damage|p2a: Arcanine|74/100|[from] Leech Seed|[of] p1a: The Antagonist\n|-heal|p1a: The Antagonist|100/100 par|[silent]\n|upkeep\n|turn|16\n|\n|t:|1776556994\n|cant|p1a: The Antagonist|par\n|move|p2a: Arcanine|Close Combat|p1a: The Antagonist\n|-end|p1a: The Antagonist|Substitute\n|-unboost|p2a: Arcanine|def|1\n|-unboost|p2a: Arcanine|spd|1\n|\n|-weather|Sandstorm|[upkeep]\n|-damage|p2a: Arcanine|68/100|[from] Sandstorm\n|-damage|p1a: The Antagonist|95/100 par|[from] Sandstorm\n|-damage|p2a: Arcanine|56/100|[from] Leech Seed|[of] p1a: The Antagonist\n|-heal|p1a: The Antagonist|100/100 par|[silent]\n|upkeep\n|turn|17\n|\n|t:|1776557010\n|move|p2a: Arcanine|Close Combat|p1a: The Antagonist\n|-damage|p1a: The Antagonist|32/100 par\n|-unboost|p2a: Arcanine|def|1\n|-unboost|p2a: Arcanine|spd|1\n|-immune|p2a: Arcanine\n|cant|p1a: The Antagonist|par\n|\n|-weather|none\n|-damage|p2a: Arcanine|44/100|[from] Leech Seed|[of] p1a: The Antagonist\n|-heal|p1a: The Antagonist|44/100 par|[silent]\n|upkeep\n|turn|18\n|\n|t:|1776557020\n|move|p1a: The Antagonist|Protect|p1a: The Antagonist\n|-singleturn|p1a: The Antagonist|Protect\n|move|p2a: Arcanine|Close Combat|p1a: The Antagonist\n|-activate|p1a: The Antagonist|move: Protect\n|\n|-damage|p2a: Arcanine|32/100|[from] Leech Seed|[of] p1a: The Antagonist\n|-heal|p1a: The Antagonist|56/100 par|[silent]\n|upkeep\n|turn|19\n|\n|t:|1776557030\n|cant|p1a: The Antagonist|par\n|move|p2a: Arcanine|Close Combat|p1a: The Antagonist\n|-crit|p1a: The Antagonist\n|-damage|p1a: The Antagonist|0 fnt\n|-unboost|p2a: Arcanine|def|1\n|-unboost|p2a: Arcanine|spd|1\n|-immune|p2a: Arcanine\n|faint|p1a: The Antagonist\n|\n|win|blazegeo\n|raw|MvillMpersonality's rating: 1040 &rarr; <strong>1025</strong><br />(-15 for losing)\n|raw|blazegeo's rating: 1067 &rarr; <strong>1095</strong><br />(+28 for winning)\n|c|\u2606blazegeo|gg\n|c|\u2606MvillMpersonality|With that many hax?\n|c|\u2606MvillMpersonality|I guess.\n|c|\u2606blazegeo|idk\n|l|\u2606MvillMpersonality\n|player|p1|\n",
  "uploadtime": 1776557088,
  "views": 17,
  "formatid": "gen9championsvgc2026regma",
  "rating": 1025,
  "private": 0,
  "password": null
}