{
  "id": "gen9championsvgc2026regma-2588802156",
  "format": "[Gen 9 Champions] VGC 2026 Reg M-A",
  "players": [
    "BaezelGoose",
    "oobin"
  ],
  "log": "|j|\u2606BaezelGoose\n|j|\u2606oobin\n|t:|1776672654\n|gametype|doubles\n|player|p1|BaezelGoose|cyclistf-gen4|1115\n|player|p2|oobin|266|1128\n|gen|9\n|tier|[Gen 9 Champions] VGC 2026 Reg M-A\n|rated|\n|rule|Species Clause: Limit one of each Pok\u00e9mon\n|rule|Item Clause: Limit 1 of each item\n|clearpoke\n|poke|p1|Scizor, L50, M|\n|poke|p1|Aerodactyl, L50, F|\n|poke|p1|Rotom-Wash, L50|\n|poke|p1|Sneasler, L50, F|\n|poke|p1|Sinistcha-Masterpiece, L50|\n|poke|p1|Garchomp, L50, M|\n|poke|p2|Floette-Eternal, L50, F|\n|poke|p2|Incineroar, L50, F|\n|poke|p2|Garchomp, L50, F|\n|poke|p2|Sinistcha, L50|\n|poke|p2|Ninetales-Alola, L50, M|\n|poke|p2|Maushold-Four, L50|\n|teampreview|4\n|\n|t:|1776672682\n|teamsize|p1|4\n|teamsize|p2|4\n|start\n|switch|p1a: Scizor|Scizor, L50, M|100/100\n|switch|p1b: Sneasler|Sneasler, L50, F|100/100\n|switch|p2a: Incineroar|Incineroar, L50, F|100/100\n|switch|p2b: Sinistcha|Sinistcha, L50|100/100\n|-ability|p2a: Incineroar|Intimidate|boost\n|-unboost|p1a: Scizor|atk|1\n|-unboost|p1b: Sneasler|atk|1\n|-enditem|p1b: Sneasler|White Herb\n|-clearnegativeboost|p1b: Sneasler|[silent]\n|turn|1\n|\n|t:|1776672720\n|switch|p2a: Floette|Floette-Eternal, L50, F|100/100\n|detailschange|p1a: Scizor|Scizor-Mega, L50, M\n|-mega|p1a: Scizor|Scizor|Scizorite\n|move|p1b: Sneasler|Fake Out|p2a: Floette\n|-damage|p2a: Floette|80/100\n|move|p2b: Sinistcha|Rage Powder|p2b: Sinistcha\n|-singleturn|p2b: Sinistcha|move: Rage Powder\n|move|p1a: Scizor|Bullet Punch|p2b: Sinistcha\n|-damage|p2b: Sinistcha|79/100\n|\n|upkeep\n|turn|2\n|\n|t:|1776672744\n|detailschange|p2a: Floette|Floette-Mega, L50, F\n|-mega|p2a: Floette|Floette|Floettite\n|-ability|p2a: Floette|Fairy Aura\n|move|p1b: Sneasler|Protect|p1b: Sneasler\n|-singleturn|p1b: Sneasler|Protect\n|move|p2b: Sinistcha|Rage Powder|p2b: Sinistcha\n|-singleturn|p2b: Sinistcha|move: Rage Powder\n|move|p2a: Floette|Calm Mind|p2a: Floette\n|-boost|p2a: Floette|spa|1\n|-boost|p2a: Floette|spd|1\n|move|p1a: Scizor|Pounce|p2b: Sinistcha\n|-damage|p2b: Sinistcha|51/100\n|-unboost|p2b: Sinistcha|spe|1\n|\n|upkeep\n|turn|3\n|\n|t:|1776672777\n|switch|p2b: Incineroar|Incineroar, L50, F|100/100\n|-ability|p2b: Incineroar|Intimidate|boost\n|-unboost|p1a: Scizor|atk|1\n|-unboost|p1b: Sneasler|atk|1\n|move|p1a: Scizor|Bullet Punch|p2a: Floette\n|-supereffective|p2a: Floette|1\n|-damage|p2a: Floette|38/100\n|move|p1b: Sneasler|Dire Claw|p2a: Floette\n|-supereffective|p2a: Floette|1\n|-damage|p2a: Floette|0 fnt\n|faint|p2a: Floette\n|\n|upkeep\n|\n|t:|1776672788\n|switch|p2a: Sinistcha|Sinistcha, L50|51/100\n|turn|4\n|\n|t:|1776672804\n|switch|p1b: Rotom|Rotom-Wash, L50|100/100\n|move|p1a: Scizor|Protect|p1a: Scizor\n|-singleturn|p1a: Scizor|Protect\n|move|p2b: Incineroar|Flare Blitz|p1a: Scizor\n|-activate|p1a: Scizor|move: Protect\n|move|p2a: Sinistcha|Matcha Gotcha|p1b: Rotom|[spread] p1b\n|-activate|p1a: Scizor|move: Protect\n|-supereffective|p1b: Rotom|1\n|-damage|p1b: Rotom|41/100\n|-heal|p2a: Sinistcha|75/100|[from] drain|[of] p1b: Rotom\n|\n|-heal|p1b: Rotom|47/100|[from] item: Leftovers\n|upkeep\n|turn|5\n|\n|t:|1776672825\n|move|p1a: Scizor|Bullet Punch|p2b: Incineroar\n|-resisted|p2b: Incineroar|1\n|-damage|p2b: Incineroar|92/100\n|move|p1b: Rotom|Hydro Pump|p2b: Incineroar\n|-supereffective|p2b: Incineroar|1\n|-damage|p2b: Incineroar|0 fnt\n|faint|p2b: Incineroar\n|move|p2a: Sinistcha|Matcha Gotcha|p1b: Rotom|[spread] p1a,p1b\n|-resisted|p1a: Scizor|2\n|-supereffective|p1b: Rotom|1\n|-damage|p1a: Scizor|94/100\n|-heal|p2a: Sinistcha|77/100|[from] drain|[of] p1a: Scizor\n|-damage|p1b: Rotom|0 fnt\n|-heal|p2a: Sinistcha|96/100|[from] drain|[of] p1b: Rotom\n|faint|p1b: Rotom\n|\n|upkeep\n|\n|t:|1776672842\n|switch|p1b: Aerodactyl|Aerodactyl, L50, F|100/100\n|switch|p2b: Maushold|Maushold-Four, L50|100/100\n|-ability|p1b: Aerodactyl|Unnerve\n|turn|6\n|\n|t:|1776672859\n|switch|p1a: Sneasler|Sneasler, L50, F|100/100\n|move|p1b: Aerodactyl|Protect|p1b: Aerodactyl\n|-singleturn|p1b: Aerodactyl|Protect\n|move|p2b: Maushold|Taunt|p1b: Aerodactyl\n|-activate|p1b: Aerodactyl|move: Protect\n|move|p2a: Sinistcha|Matcha Gotcha|p1a: Sneasler|[spread] p1a\n|-activate|p1b: Aerodactyl|move: Protect\n|-resisted|p1a: Sneasler|1\n|-damage|p1a: Sneasler|85/100\n|-heal|p2a: Sinistcha|100/100|[from] drain|[of] p1a: Sneasler\n|\n|upkeep\n|turn|7\n|\n|t:|1776672880\n|move|p1b: Aerodactyl|Tailwind|p1b: Aerodactyl\n|-sidestart|p1: BaezelGoose|move: Tailwind\n|move|p1a: Sneasler|Dire Claw|p2b: Maushold\n|-damage|p2b: Maushold|45/100\n|-status|p2b: Maushold|slp\n|cant|p2b: Maushold|slp\n|move|p2a: Sinistcha|Matcha Gotcha|p1b: Aerodactyl|[spread] p1a\n|-miss|p2a: Sinistcha|p1b: Aerodactyl\n|-resisted|p1a: Sneasler|1\n|-damage|p1a: Sneasler|70/100\n|\n|upkeep\n|turn|8\n|inactive|Battle timer is ON: inactive players will automatically lose when time's up. (requested by oobin)\n|\n|t:|1776672900\n|cant|p2b: Maushold|slp\n|move|p1b: Aerodactyl|Dual Wingbeat|p2a: Sinistcha\n|-supereffective|p2a: Sinistcha|1\n|-damage|p2a: Sinistcha|75/100\n|-supereffective|p2a: Sinistcha|1\n|-damage|p2a: Sinistcha|49/100\n|-hitcount|p2a: Sinistcha|2\n|move|p1a: Sneasler|Dire Claw|p2b: Maushold\n|-damage|p2b: Maushold|0 fnt\n|faint|p2b: Maushold\n|move|p2a: Sinistcha|Trick Room|p2a: Sinistcha\n|-fieldstart|move: Trick Room|[of] p2a: Sinistcha\n|\n|upkeep\n|turn|9\n|\n|t:|1776672918\n|move|p2a: Sinistcha|Matcha Gotcha|p1a: Sneasler|[spread] p1a,p1b\n|-resisted|p1a: Sneasler|1\n|-damage|p1a: Sneasler|55/100\n|-heal|p2a: Sinistcha|56/100|[from] drain|[of] p1a: Sneasler\n|-damage|p1b: Aerodactyl|64/100\n|-heal|p2a: Sinistcha|72/100|[from] drain|[of] p1b: Aerodactyl\n|move|p1a: Sneasler|Dire Claw|p2a: Sinistcha\n|-damage|p2a: Sinistcha|33/100\n|move|p1b: Aerodactyl|Dual Wingbeat|p2a: Sinistcha\n|-supereffective|p2a: Sinistcha|1\n|-damage|p2a: Sinistcha|0 fnt\n|faint|p2a: Sinistcha\n|-hitcount|p2: Sinistcha|1\n|\n|win|BaezelGoose\n|raw|BaezelGoose's rating: 1115 &rarr; <strong>1141</strong><br />(+26 for winning)\n|raw|oobin's rating: 1128 &rarr; <strong>1102</strong><br />(-26 for losing)\n|l|\u2606oobin\n|player|p2|\n",
  "uploadtime": 1776673088,
  "views": 12,
  "formatid": "gen9championsvgc2026regma",
  "rating": 1102,
  "private": 0,
  "password": null
}