{
  "id": "gen9championsvgc2026regma-2580686576",
  "format": "[Gen 9 Champions] VGC 2026 Reg M-A",
  "players": [
    "Sharkchase",
    "SpikeMike"
  ],
  "log": "|j|\u2606Sharkchase\n|j|\u2606SpikeMike\n|t:|1775924249\n|gametype|doubles\n|player|p1|Sharkchase|265|1093\n|player|p2|SpikeMike|molayne|1129\n|gen|9\n|tier|[Gen 9 Champions] VGC 2026 Reg M-A\n|rated|\n|rule|Species Clause: Limit one of each Pok\u00e9mon\n|rule|Item Clause: Limit 1 of each item\n|clearpoke\n|poke|p1|Hatterene, L50, F|\n|poke|p1|Farigiraf, L50, M|\n|poke|p1|Incineroar, L50, M|\n|poke|p1|Tyranitar, L50, F|\n|poke|p1|Rhyperior, L50, M|\n|poke|p1|Victreebel, L50, M|\n|poke|p2|Lucario, L50, F|\n|poke|p2|Pelipper, L50, M|\n|poke|p2|Archaludon, L50, M|\n|poke|p2|Sinistcha-Masterpiece, L50|\n|poke|p2|Garchomp, L50, F|\n|poke|p2|Incineroar, L50, M|\n|teampreview|4\n|inactive|Battle timer is ON: inactive players will automatically lose when time's up. (requested by SpikeMike)\n|inactive|Sharkchase has 60 seconds left.\n|inactive|SpikeMike has 60 seconds left.\n|\n|t:|1775924305\n|teamsize|p1|4\n|teamsize|p2|4\n|start\n|switch|p1a: Hatterene|Hatterene, L50, F|100/100\n|switch|p1b: Farigiraf|Farigiraf, L50, M|100/100\n|switch|p2a: Invincible|Lucario, L50, F|100/100\n|switch|p2b: Paddington|Sinistcha-Masterpiece, L50|100/100\n|turn|1\n|inactive|Sharkchase has 30 seconds left.\n|\n|t:|1775924337\n|detailschange|p2a: Invincible|Lucario-Mega, L50, F\n|-mega|p2a: Invincible|Lucario|Lucarionite\n|move|p1b: Farigiraf|Ally Switch|p1b: Farigiraf\n|swap|p1b: Farigiraf|0|[from] move: Ally Switch\n|move|p2a: Invincible|Flash Cannon|p1a: Farigiraf\n|-damage|p1a: Farigiraf|34/100\n|move|p2b: Paddington|Trick Room|p2b: Paddington\n|-fieldstart|move: Trick Room|[of] p2b: Paddington\n|move|p1b: Hatterene|Trick Room|p1b: Hatterene\n|-fieldend|move: Trick Room\n|\n|upkeep\n|turn|2\n|\n|t:|1775924354\n|move|p2a: Invincible|Bullet Punch||[still]\n|cant|p1a: Farigiraf|ability: Armor Tail|Bullet Punch|[of] p2a: Invincible\n|move|p2b: Paddington|Matcha Gotcha|p1b: Hatterene|[spread] p1a,p1b\n|-damage|p1a: Farigiraf|5/100\n|-damage|p1b: Hatterene|71/100\n|move|p1a: Farigiraf|Psychic|p2a: Invincible\n|-damage|p2a: Invincible|22/100\n|move|p1b: Hatterene|Trick Room|p1b: Hatterene\n|-fieldstart|move: Trick Room|[of] p1b: Hatterene\n|\n|upkeep\n|turn|3\n|c|\u2606SpikeMike|I misclicked dude fuck me\n|inactive|Sharkchase has 30 seconds left.\n|inactive|SpikeMike has 30 seconds left.\n|\n|t:|1775924380\n|move|p2b: Paddington|Rage Powder|p2b: Paddington\n|-singleturn|p2b: Paddington|move: Rage Powder\n|move|p1a: Farigiraf|Psychic|p2b: Paddington\n|-damage|p2b: Paddington|47/100\n|-enditem|p2b: Paddington|Sitrus Berry|[eat]\n|-heal|p2b: Paddington|72/100|[from] item: Sitrus Berry\n|move|p2a: Invincible|Flash Cannon|p1a: Farigiraf\n|-damage|p1a: Farigiraf|0 fnt\n|faint|p1a: Farigiraf\n|move|p1b: Hatterene|Trick Room|p1b: Hatterene\n|-fieldend|move: Trick Room\n|\n|upkeep\n|\n|t:|1775924389\n|switch|p1a: Incineroar|Incineroar, L50, M|100/100\n|-ability|p1a: Incineroar|Intimidate|boost\n|-unboost|p2a: Invincible|atk|1\n|-unboost|p2b: Paddington|atk|1\n|turn|4\n|inactive|SpikeMike has 30 seconds left.\n|\n|t:|1775924418\n|switch|p2a: Maverick|Garchomp, L50, F|100/100\n|move|p1a: Incineroar|Fake Out|p2a: Maverick\n|-damage|p2a: Maverick|90/100\n|-damage|p1a: Incineroar|88/100|[from] ability: Rough Skin|[of] p2a: Maverick\n|move|p2b: Paddington|Matcha Gotcha|p1a: Incineroar|[spread] p1b\n|-miss|p2b: Paddington|p1a: Incineroar\n|-damage|p1b: Hatterene|40/100\n|-heal|p2b: Paddington|88/100|[from] drain|[of] p1b: Hatterene\n|move|p1b: Hatterene|Trick Room|p1b: Hatterene\n|-fieldstart|move: Trick Room|[of] p1b: Hatterene\n|\n|upkeep\n|turn|5\n|\n|t:|1775924443\n|move|p1b: Hatterene|Protect|p1b: Hatterene\n|-singleturn|p1b: Hatterene|Protect\n|move|p2b: Paddington|Rage Powder|p2b: Paddington\n|-singleturn|p2b: Paddington|move: Rage Powder\n|move|p1a: Incineroar|Flare Blitz|p2b: Paddington\n|-supereffective|p2b: Paddington|1\n|-damage|p2b: Paddington|2/100\n|-damage|p1a: Incineroar|65/100|[from] Recoil\n|move|p2a: Maverick|Earthquake|p1a: Incineroar|[spread] p2b,p1a\n|-activate|p1b: Hatterene|move: Protect\n|-resisted|p2b: Paddington|1\n|-supereffective|p1a: Incineroar|1\n|-damage|p2b: Paddington|0 fnt\n|-damage|p1a: Incineroar|12/100\n|-enditem|p1a: Incineroar|Sitrus Berry|[eat]\n|-heal|p1a: Incineroar|37/100|[from] item: Sitrus Berry\n|faint|p2b: Paddington\n|\n|upkeep\n|\n|t:|1775924459\n|switch|p2b: Invincible|Lucario-Mega, L50, F|22/100\n|turn|6\n|inactive|SpikeMike has 30 seconds left.\n|\n|t:|1775924488\n|switch|p1b: Tyranitar|Tyranitar, L50, F|100/100\n|-weather|Sandstorm|[from] ability: Sand Stream|[of] p1b: Tyranitar\n|switch|p2b: Storm|Pelipper, L50, M|100/100\n|-weather|RainDance|[from] ability: Drizzle|[of] p2b: Storm\n|move|p1a: Incineroar|Flare Blitz|p2b: Storm\n|-resisted|p2b: Storm|1\n|-damage|p2b: Storm|87/100\n|-damage|p1a: Incineroar|34/100|[from] Recoil\n|move|p2a: Maverick|Earthquake|p1a: Incineroar|[spread] p1a,p1b\n|-immune|p2b: Storm\n|-supereffective|p1a: Incineroar|1\n|-supereffective|p1b: Tyranitar|1\n|-crit|p1b: Tyranitar\n|-damage|p1a: Incineroar|0 fnt\n|-damage|p1b: Tyranitar|8/100\n|faint|p1a: Incineroar\n|\n|-weather|RainDance|[upkeep]\n|upkeep\n|\n|t:|1775924495\n|switch|p1a: Hatterene|Hatterene, L50, F|40/100\n|turn|7\n|inactive|SpikeMike has 30 seconds left.\n|inactive|SpikeMike has 20 seconds left.\n|\n|t:|1775924534\n|detailschange|p1b: Tyranitar|Tyranitar-Mega, L50, F\n|-mega|p1b: Tyranitar|Tyranitar|Tyranitarite\n|-weather|Sandstorm|[from] ability: Sand Stream|[of] p1b: Tyranitar\n|move|p2b: Storm|Wide Guard|p2b: Storm\n|-singleturn|p2b: Storm|Wide Guard\n|move|p1a: Hatterene|Dazzling Gleam|p2a: Maverick|[spread] \n|-activate|p2a: Maverick|move: Wide Guard\n|-activate|p2b: Storm|move: Wide Guard\n|move|p1b: Tyranitar|Rock Slide|p2b: Storm|[spread] \n|-activate|p2a: Maverick|move: Wide Guard\n|-activate|p2b: Storm|move: Wide Guard\n|move|p2a: Maverick|Earthquake|p1a: Hatterene|[spread] p1a,p1b\n|-activate|p2b: Storm|move: Wide Guard\n|-supereffective|p1b: Tyranitar|1\n|-damage|p1a: Hatterene|0 fnt\n|-damage|p1b: Tyranitar|0 fnt\n|faint|p1a: Hatterene\n|faint|p1b: Tyranitar\n|\n|win|SpikeMike\n|raw|Sharkchase's rating: 1093 &rarr; <strong>1072</strong><br />(-21 for losing)\n|raw|SpikeMike's rating: 1129 &rarr; <strong>1151</strong><br />(+22 for winning)\n|l|\u2606Sharkchase\n|player|p1|\n|c|\u2606SpikeMike|ggwp\n",
  "uploadtime": 1775924555,
  "views": 13,
  "formatid": "gen9championsvgc2026regma",
  "rating": 1072,
  "private": 0,
  "password": null
}