{
  "id": "gen9championsvgc2026regma-2586741473",
  "format": "[Gen 9 Champions] VGC 2026 Reg M-A",
  "players": [
    "lu3307",
    "BossgodoraII"
  ],
  "log": "|j|\u2606lu3307\n|j|\u2606BossgodoraII\n|t:|1776456291\n|gametype|doubles\n|player|p1|lu3307|2|1430\n|player|p2|BossgodoraII|gentleman-gen4|1465\n|gen|9\n|tier|[Gen 9 Champions] VGC 2026 Reg M-A\n|rated|\n|rule|Species Clause: Limit one of each Pok\u00e9mon\n|rule|Item Clause: Limit 1 of each item\n|clearpoke\n|poke|p1|Pelipper, L50, F|\n|poke|p1|Archaludon, L50, F|\n|poke|p1|Blastoise, L50, M|\n|poke|p1|Farigiraf, L50, M|\n|poke|p1|Scizor, L50, M|\n|poke|p1|Sylveon, L50, F|\n|poke|p2|Delphox, L50, M|\n|poke|p2|Floette-Eternal, L50, F|\n|poke|p2|Sneasler, L50, M|\n|poke|p2|Aerodactyl, L50, M|\n|poke|p2|Garchomp, L50, M|\n|poke|p2|Kingambit, L50, M|\n|teampreview|4\nBossgodoraII rejected open team sheets.\n|inactive|Battle timer is ON: inactive players will automatically lose when time's up. (requested by BossgodoraII)\n|\n|t:|1776456322\n|teamsize|p1|4\n|teamsize|p2|4\n|start\n|switch|p1a: Scizor|Scizor, L50, M|100/100\n|switch|p1b: Farigiraf|Farigiraf, L50, M|100/100\n|switch|p2a: Sneasler|Sneasler, L50, M|100/100\n|switch|p2b: Delphox|Delphox, L50, M|100/100\n|turn|1\n|inactive|lu3307 has 30 seconds left.\n|inactive|lu3307 has 20 seconds left.\n|inactive|lu3307 has 15 seconds left.\n|inactive|lu3307 has 10 seconds left.\n|\n|t:|1776456368\n|switch|p1a: Pelipper|Pelipper, L50, F|100/100\n|-weather|RainDance|[from] ability: Drizzle|[of] p1a: Pelipper\n|detailschange|p2b: Delphox|Delphox-Mega, L50, M\n|-mega|p2b: Delphox|Delphox|Delphoxite\n|move|p2b: Delphox|Heat Wave|p1b: Farigiraf|[spread] p1a,p1b\n|-resisted|p1a: Pelipper|1\n|-damage|p1a: Pelipper|87/100\n|-damage|p1b: Farigiraf|79/100\n|move|p2a: Sneasler|Close Combat|p1b: Farigiraf\n|-damage|p1b: Farigiraf|19/100\n|-unboost|p2a: Sneasler|def|1\n|-unboost|p2a: Sneasler|spd|1\n|-enditem|p2a: Sneasler|White Herb\n|-clearnegativeboost|p2a: Sneasler|[silent]\n|move|p1b: Farigiraf|Trick Room|p1b: Farigiraf\n|-fieldstart|move: Trick Room|[of] p1b: Farigiraf\n|\n|-weather|RainDance|[upkeep]\n|upkeep\n|turn|2\n|j| AJEL Motors\n|\n|t:|1776456388\n|switch|p1b: Blastoise|Blastoise, L50, M|100/100\n|switch|p2a: Kingambit|Kingambit, L50, M|100/100\n|move|p2b: Delphox|Protect|p2b: Delphox\n|-singleturn|p2b: Delphox|Protect\n|move|p1a: Pelipper|Muddy Water|p2b: Delphox|[spread] p2a\n|-activate|p2b: Delphox|move: Protect\n|-damage|p2a: Kingambit|54/100\n|\n|-weather|RainDance|[upkeep]\n|upkeep\n|turn|3\n|\n|t:|1776456410\n|switch|p2b: Garchomp|Garchomp, L50, M|100/100\n|detailschange|p1b: Blastoise|Blastoise-Mega, L50, M\n|-mega|p1b: Blastoise|Blastoise|Blastoisinite\n|move|p2a: Kingambit|Protect|p2a: Kingambit\n|-singleturn|p2a: Kingambit|Protect\n|move|p1a: Pelipper|Muddy Water|p2b: Garchomp|[spread] p2b\n|-activate|p2a: Kingambit|move: Protect\n|-damage|p2b: Garchomp|52/100\n|-unboost|p2b: Garchomp|accuracy|1\n|move|p1b: Blastoise|Water Spout|p2b: Garchomp|[spread] p2b\n|-activate|p2a: Kingambit|move: Protect\n|-damage|p2b: Garchomp|0 fnt\n|faint|p2b: Garchomp\n|\n|-weather|RainDance|[upkeep]\n|upkeep\n|\n|t:|1776456416\n|switch|p2b: Sneasler|Sneasler, L50, M|100/100\n|turn|4\n|\n|t:|1776456440\n|switch|p1a: Farigiraf|Farigiraf, L50, M|19/100\n|switch|p2b: Delphox|Delphox-Mega, L50, M|100/100\n|move|p2a: Kingambit|Kowtow Cleave|p1b: Blastoise\n|-damage|p1b: Blastoise|42/100\n|move|p1b: Blastoise|Water Spout|p2a: Kingambit|[spread] p2a,p2b\n|-supereffective|p2b: Delphox|1\n|-damage|p2a: Kingambit|14/100\n|-damage|p2b: Delphox|26/100\n|\n|-weather|RainDance|[upkeep]\n|upkeep\n|turn|5\n|\n|t:|1776456464\n|switch|p1b: Scizor|Scizor, L50, M|100/100\n|move|p2a: Kingambit|Protect|p2a: Kingambit\n|-singleturn|p2a: Kingambit|Protect\n|move|p2b: Delphox|Protect|p2b: Delphox\n|-singleturn|p2b: Delphox|Protect\n|move|p1a: Farigiraf|Hyper Voice|p2a: Kingambit|[spread] \n|-activate|p2a: Kingambit|move: Protect\n|-activate|p2b: Delphox|move: Protect\n|\n|-weather|none\n|-fieldend|move: Trick Room\n|upkeep\n|turn|6\n|\n|t:|1776456479\n|move|p1b: Scizor|Bullet Punch|p2a: Kingambit\n|-resisted|p2a: Kingambit|1\n|-damage|p2a: Kingambit|0 fnt\n|faint|p2a: Kingambit\n|move|p2b: Delphox|Heat Wave|p1a: Farigiraf|[spread] p1a,p1b\n|-supereffective|p1b: Scizor|2\n|-damage|p1a: Farigiraf|0 fnt\n|-damage|p1b: Scizor|0 fnt\n|faint|p1a: Farigiraf\n|faint|p1b: Scizor\n|\n|upkeep\n|\n|t:|1776456487\n|switch|p1b: Blastoise|Blastoise-Mega, L50, M|42/100\n|switch|p1a: Pelipper|Pelipper, L50, F|87/100\n|switch|p2a: Sneasler|Sneasler, L50, M|100/100\n|-weather|RainDance|[from] ability: Drizzle|[of] p1a: Pelipper\n|turn|7\n|\n|t:|1776456508\n|move|p2a: Sneasler|Fake Out|p1a: Pelipper\n|-damage|p1a: Pelipper|72/100\n|move|p1b: Blastoise|Fake Out|p2a: Sneasler\n|-damage|p2a: Sneasler|87/100\n|move|p2b: Delphox|Psyshock|p1b: Blastoise\n|-damage|p1b: Blastoise|0 fnt\n|faint|p1b: Blastoise\n|cant|p1a: Pelipper|flinch\n|\n|-weather|RainDance|[upkeep]\n|upkeep\n|turn|8\n|\n|t:|1776456520\n|move|p2b: Delphox|Psyshock|p1a: Pelipper\n|-damage|p1a: Pelipper|26/100\n|move|p2a: Sneasler|Dire Claw|p1a: Pelipper\n|-damage|p1a: Pelipper|0 fnt\n|faint|p1a: Pelipper\n|\n|win|BossgodoraII\n|raw|lu3307's rating: 1430 &rarr; <strong>1412</strong><br />(-18 for losing)\n|raw|BossgodoraII's rating: 1465 &rarr; <strong>1483</strong><br />(+18 for winning)\n",
  "uploadtime": 1776456526,
  "views": 94,
  "formatid": "gen9championsvgc2026regma",
  "rating": 1412,
  "private": 0,
  "password": null
}