{
  "id": "gen9championsvgc2026regma-2584196591",
  "format": "[Gen 9 Champions] VGC 2026 Reg M-A",
  "players": [
    "xClickyx",
    "TDR77"
  ],
  "log": "|j|\u2606xClickyx\n|j|\u2606TDR77\n|t:|1776236976\n|gametype|doubles\n|player|p1|xClickyx|guitarist-gen4|1082\n|player|p2|TDR77|n|1052\n|gen|9\n|tier|[Gen 9 Champions] VGC 2026 Reg M-A\n|rated|\n|rule|Species Clause: Limit one of each Pok\u00e9mon\n|rule|Item Clause: Limit 1 of each item\n|clearpoke\n|poke|p1|Sneasler, L50, M|\n|poke|p1|Incineroar, L50, M|\n|poke|p1|Sinistcha, L50|\n|poke|p1|Floette-Eternal, L50, F|\n|poke|p1|Basculegion, L50, M|\n|poke|p1|Pelipper, L50, M|\n|poke|p2|Rotom-Frost, L50|\n|poke|p2|Froslass, L50, F|\n|poke|p2|Garchomp, L50, F|\n|poke|p2|Palafin, L50, F|\n|poke|p2|Orthworm, L50, M|\n|poke|p2|Incineroar, L50, F|\n|teampreview|4\n|inactive|Battle timer is ON: inactive players will automatically lose when time's up. (requested by xClickyx)\nxClickyx rejected open team sheets.\n|inactive|TDR77 has 60 seconds left.\n|\n|t:|1776237065\n|teamsize|p1|4\n|teamsize|p2|4\n|start\n|switch|p1a: IFPS|Incineroar, L50, M|100/100\n|switch|p1b: Dr. Doom|Sneasler, L50, M|100/100\n|switch|p2a: Orthworm|Orthworm, L50, M|100/100\n|switch|p2b: Incineroar|Incineroar, L50, F, shiny|100/100\n|-ability|p1a: IFPS|Intimidate|boost\n|-unboost|p2a: Orthworm|atk|1\n|-unboost|p2b: Incineroar|atk|1\n|-ability|p2b: Incineroar|Intimidate|boost\n|-unboost|p1a: IFPS|atk|1\n|-unboost|p1b: Dr. Doom|atk|1\n|-enditem|p1b: Dr. Doom|White Herb\n|-clearnegativeboost|p1b: Dr. Doom|[silent]\n|turn|1\n|inactive|TDR77 has 30 seconds left.\n|\n|t:|1776237097\n|move|p1a: IFPS|Fake Out|p2b: Incineroar\n|-damage|p2b: Incineroar|93/100\n|cant|p2b: Incineroar|flinch\n|move|p1b: Dr. Doom|Close Combat|p2a: Orthworm\n|-supereffective|p2a: Orthworm|1\n|-damage|p2a: Orthworm|4/100\n|-unboost|p1b: Dr. Doom|def|1\n|-unboost|p1b: Dr. Doom|spd|1\n|-enditem|p2a: Orthworm|Sitrus Berry|[eat]\n|-heal|p2a: Orthworm|29/100|[from] item: Sitrus Berry\n|move|p2a: Orthworm|Iron Defense|p2a: Orthworm\n|-boost|p2a: Orthworm|def|2\n|\n|upkeep\n|turn|2\n|inactive|xClickyx has 30 seconds left.\n|inactive|TDR77 has 30 seconds left.\n|inactive|TDR77 has 20 seconds left.\n|\n|t:|1776237135\n|move|p2a: Orthworm|Protect|p2a: Orthworm\n|-singleturn|p2a: Orthworm|Protect\n|move|p1b: Dr. Doom|Close Combat|p2a: Orthworm\n|-activate|p2a: Orthworm|move: Protect\n|move|p1a: IFPS|Parting Shot|p2b: Incineroar\n|-unboost|p2b: Incineroar|atk|1\n|-unboost|p2b: Incineroar|spa|1\n|\n|t:|1776237146\n|switch|p1a: Fich|Basculegion, L50, M|100/100|[from] Parting Shot\n|move|p2b: Incineroar|Parting Shot|p1b: Dr. Doom\n|-unboost|p1b: Dr. Doom|atk|1\n|-unboost|p1b: Dr. Doom|spa|1\n|\n|t:|1776237153\n|switch|p2b: Rotom|Rotom-Frost, L50, shiny|100/100|[from] Parting Shot\n|\n|upkeep\n|turn|3\n|\n|t:|1776237166\n|move|p1b: Dr. Doom|Close Combat|p2a: Orthworm\n|-supereffective|p2a: Orthworm|1\n|-damage|p2a: Orthworm|0 fnt\n|-unboost|p1b: Dr. Doom|def|1\n|-unboost|p1b: Dr. Doom|spd|1\n|faint|p2a: Orthworm\n|move|p1a: Fich|Head Smash|p2b: Rotom\n|-supereffective|p2b: Rotom|1\n|-crit|p2b: Rotom\n|-damage|p2b: Rotom|0 fnt\n|faint|p2b: Rotom\n|-damage|p1a: Fich|60/100|[from] Recoil\n|\n|upkeep\n|\n|t:|1776237179\n|switch|p2b: Froslass|Froslass, L50, F, shiny|100/100\n|switch|p2a: Incineroar|Incineroar, L50, F, shiny|93/100\n|-ability|p2a: Incineroar|Intimidate|boost\n|-unboost|p1a: Fich|atk|1\n|-unboost|p1b: Dr. Doom|atk|1\n|turn|4\n|inactive|TDR77 has 30 seconds left.\n|\n|t:|1776237213\n|switch|p1b: IFPS|Incineroar, L50, M|100/100\n|-ability|p1b: IFPS|Intimidate|boost\n|-unboost|p2a: Incineroar|atk|1\n|-unboost|p2b: Froslass|atk|1\n|detailschange|p2b: Froslass|Froslass-Mega, L50, F, shiny\n|-mega|p2b: Froslass|Froslass|Froslassite\n|-weather|Snowscape|[from] ability: Snow Warning|[of] p2b: Froslass\n|move|p2a: Incineroar|Fake Out|p1b: IFPS\n|-damage|p1b: IFPS|92/100\n|move|p1a: Fich|Head Smash|p2b: Froslass|[miss]\n|-miss|p1a: Fich|p2b: Froslass\n|move|p2b: Froslass|Shadow Ball|p1a: Fich\n|-supereffective|p1a: Fich|1\n|-damage|p1a: Fich|0 fnt\n|faint|p1a: Fich\n|\n|-weather|Snowscape|[upkeep]\n|upkeep\n|\n|t:|1776237234\n|switch|p1a: Eleanor|Floette-Eternal, L50, F|100/100\n|turn|5\n|\n|t:|1776237252\n|detailschange|p1a: Eleanor|Floette-Mega, L50, F\n|-mega|p1a: Eleanor|Floette|Floettite\n|-ability|p1a: Eleanor|Fairy Aura\n|move|p1b: IFPS|Fake Out|p2a: Incineroar\n|-crit|p2a: Incineroar\n|-damage|p2a: Incineroar|76/100\n|move|p2b: Froslass|Blizzard|p1a: Eleanor|[spread] p1a,p1b\n|-resisted|p1b: IFPS|1\n|-damage|p1a: Eleanor|63/100\n|-damage|p1b: IFPS|66/100\n|move|p1a: Eleanor|Moonblast|p2b: Froslass\n|-damage|p2b: Froslass|0 fnt\n|faint|p2b: Froslass\n|cant|p2a: Incineroar|flinch\n|\n|-weather|Snowscape|[upkeep]\n|upkeep\n|turn|6\n|inactive|TDR77 has 30 seconds left.\n|-message|TDR77 forfeited.\n|\n|win|xClickyx\n|raw|xClickyx's rating: 1082 &rarr; <strong>1107</strong><br />(+25 for winning)\n|raw|TDR77's rating: 1052 &rarr; <strong>1036</strong><br />(-16 for losing)\n|l|\u2606TDR77\n|player|p2|\n",
  "uploadtime": 1776237282,
  "views": 26,
  "formatid": "gen9championsvgc2026regma",
  "rating": 1036,
  "private": 0,
  "password": null
}