{
  "id": "gen9championsvgc2026regma-2584391213",
  "format": "[Gen 9 Champions] VGC 2026 Reg M-A",
  "players": [
    "SpareMePlz",
    "MAOSAI"
  ],
  "log": "|j|\u2606SpareMePlz\n|j|\u2606MAOSAI\n|t:|1776257389\n|gametype|doubles\n|player|p1|SpareMePlz|169|1250\n|player|p2|MAOSAI|elesa|1206\n|gen|9\n|tier|[Gen 9 Champions] VGC 2026 Reg M-A\n|rated|\n|rule|Species Clause: Limit one of each Pok\u00e9mon\n|rule|Item Clause: Limit 1 of each item\n|clearpoke\n|poke|p1|Talonflame, L50, F|\n|poke|p1|Kingambit, L50, F|\n|poke|p1|Araquanid, L50, F|\n|poke|p1|Sinistcha, L50|\n|poke|p1|Arcanine-Hisui, L50, M|\n|poke|p1|Floette-Eternal, L50, F|\n|poke|p2|Garchomp, L50, F|\n|poke|p2|Hippowdon, L50, M|\n|poke|p2|Milotic, L50, F|\n|poke|p2|Orthworm, L50, M|\n|poke|p2|Rotom-Wash, L50|\n|poke|p2|Clefable, L50, F|\n|teampreview|4\n|\n|t:|1776257452\n|teamsize|p1|4\n|teamsize|p2|4\n|start\n|switch|p1a: Talonflame|Talonflame, L50, F|100/100\n|switch|p1b: Floette|Floette-Eternal, L50, F|100/100\n|switch|p2a: Orthworm|Orthworm, L50, M|100/100\n|switch|p2b: Milotic|Milotic, L50, F|100/100\n|turn|1\n|\n|t:|1776257468\n|move|p1a: Talonflame|Taunt|p2a: Orthworm\n|-start|p2a: Orthworm|move: Taunt\n|move|p1b: Floette|Calm Mind|p1b: Floette\n|-boost|p1b: Floette|spa|1\n|-boost|p1b: Floette|spd|1\n|move|p2b: Milotic|Scald|p1a: Talonflame\n|-supereffective|p1a: Talonflame|1\n|-enditem|p1a: Talonflame|Focus Sash\n|-damage|p1a: Talonflame|1/100\n|move|p2a: Orthworm|Heavy Slam|p1b: Floette\n|-supereffective|p1b: Floette|1\n|-damage|p1b: Floette|4/100\n|\n|upkeep\n|turn|2\n|\n|t:|1776257495\n|detailschange|p1b: Floette|Floette-Mega, L50, F\n|-mega|p1b: Floette|Floette|Floettite\n|-ability|p1b: Floette|Fairy Aura\n|move|p1a: Talonflame|Tailwind|p1a: Talonflame\n|-sidestart|p1: SpareMePlz|move: Tailwind\n|move|p1b: Floette|Moonblast|p2a: Orthworm\n|-resisted|p2a: Orthworm|1\n|-damage|p2a: Orthworm|26/100\n|move|p2b: Milotic|Scald|p1a: Talonflame\n|-supereffective|p1a: Talonflame|1\n|-damage|p1a: Talonflame|0 fnt\n|faint|p1a: Talonflame\n|move|p2a: Orthworm|Heavy Slam|p1b: Floette\n|-supereffective|p1b: Floette|1\n|-damage|p1b: Floette|0 fnt\n|faint|p1b: Floette\n|\n|upkeep\n|\n|t:|1776257513\n|switch|p1a: Kingambit|Kingambit, L50, F|100/100\n|switch|p1b: Araquanid|Araquanid, L50, F|100/100\n|turn|3\n|\n|t:|1776257575\n|move|p1a: Kingambit|Throat Chop|p2b: Milotic\n|-damage|p2b: Milotic|29/100\n|-start|p2b: Milotic|Throat Chop|[silent]\n|move|p1b: Araquanid|Liquidation|p2a: Orthworm\n|-damage|p2a: Orthworm|0 fnt\n|faint|p2a: Orthworm\n|move|p2b: Milotic|Scald|p1a: Kingambit\n|-damage|p1a: Kingambit|61/100\n|\n|-heal|p2b: Milotic|35/100|[from] item: Leftovers\n|upkeep\n|\n|t:|1776257582\n|switch|p2a: Hippowdon|Hippowdon, L50, M|100/100\n|-weather|Sandstorm|[from] ability: Sand Stream|[of] p2a: Hippowdon\n|turn|4\n|\n|t:|1776257599\n|move|p1a: Kingambit|Throat Chop|p2b: Milotic\n|-damage|p2b: Milotic|0 fnt\n|faint|p2b: Milotic\n|move|p1b: Araquanid|Liquidation|p2a: Hippowdon\n|-supereffective|p2a: Hippowdon|1\n|-damage|p2a: Hippowdon|22/100\n|-enditem|p2a: Hippowdon|Sitrus Berry|[eat]\n|-heal|p2a: Hippowdon|46/100|[from] item: Sitrus Berry\n|move|p2a: Hippowdon|Stone Edge|p1b: Araquanid\n|-supereffective|p1b: Araquanid|1\n|-damage|p1b: Araquanid|40/100\n|\n|-weather|Sandstorm|[upkeep]\n|-damage|p1b: Araquanid|34/100|[from] Sandstorm\n|-heal|p1b: Araquanid|40/100|[from] item: Leftovers\n|upkeep\n|\n|t:|1776257608\n|switch|p2b: Garchomp|Garchomp, L50, F|100/100\n|turn|5\n|\n|t:|1776257626\n|detailschange|p2b: Garchomp|Garchomp-Mega, L50, F\n|-mega|p2b: Garchomp|Garchomp|Garchompite\n|move|p1a: Kingambit|Iron Head|p2b: Garchomp\n|-damage|p2b: Garchomp|60/100\n|move|p2b: Garchomp|Earthquake|p1a: Kingambit|[spread] p2a,p1a,p1b\n|-supereffective|p1a: Kingambit|1\n|-resisted|p1b: Araquanid|1\n|-damage|p2a: Hippowdon|0 fnt\n|-damage|p1a: Kingambit|0 fnt\n|-damage|p1b: Araquanid|11/100\n|faint|p2a: Hippowdon\n|faint|p1a: Kingambit\n|move|p1b: Araquanid|Liquidation|p2b: Garchomp\n|-damage|p2b: Garchomp|13/100\n|\n|-weather|Sandstorm|[upkeep]\n|-damage|p1b: Araquanid|6/100|[from] Sandstorm\n|-heal|p1b: Araquanid|11/100|[from] item: Leftovers\n|-sideend|p1: SpareMePlz|move: Tailwind\n|upkeep\n|turn|6\n|\n|t:|1776257644\n|move|p2b: Garchomp|Earthquake|p1b: Araquanid\n|-resisted|p1b: Araquanid|1\n|-damage|p1b: Araquanid|0 fnt\n|faint|p1b: Araquanid\n|\n|win|MAOSAI\n|raw|SpareMePlz's rating: 1250 &rarr; <strong>1222</strong><br />(-28 for losing)\n|raw|MAOSAI's rating: 1206 &rarr; <strong>1234</strong><br />(+28 for winning)\n",
  "uploadtime": 1776257650,
  "views": 35,
  "formatid": "gen9championsvgc2026regma",
  "rating": 1222,
  "private": 0,
  "password": null
}