{
  "id": "gen9championsvgc2026regma-2580800101",
  "format": "[Gen 9 Champions] VGC 2026 Reg M-A",
  "players": [
    "tubbatub",
    "fandealer"
  ],
  "log": "|j|\u203dtubbatub\n|j|\u2606fandealer\n|t:|1775933492\n|gametype|doubles\n|player|p1|tubbatub|fantina|1000\n|player|p2|fandealer|rood|1051\n|gen|9\n|tier|[Gen 9 Champions] VGC 2026 Reg M-A\n|rated|\n|rule|Species Clause: Limit one of each Pok\u00e9mon\n|rule|Item Clause: Limit 1 of each item\n|clearpoke\n|poke|p1|Garchomp, L50, M|\n|poke|p1|Froslass, L50, F|\n|poke|p1|Incineroar, L50, F|\n|poke|p1|Milotic, L50, M|\n|poke|p1|Kingambit, L50, M|\n|poke|p1|Sinistcha, L50|\n|poke|p2|Delphox, L50, M|\n|poke|p2|Garchomp, L50, M|\n|poke|p2|Incineroar, L50, M|\n|poke|p2|Sneasler, L50, M|\n|poke|p2|Floette-Eternal, L50, F|\n|poke|p2|Kingambit, L50, M|\n|teampreview|4\n|inactive|Battle timer is ON: inactive players will automatically lose when time's up. (requested by tubbatub)\n|inactive|fandealer has 60 seconds left.\n|inactive|fandealer has 30 seconds left.\n|\n|t:|1775933554\n|teamsize|p1|4\n|teamsize|p2|4\n|start\n|switch|p1a: Froslass|Froslass, L50, F|100/100\n|switch|p1b: Incineroar|Incineroar, L50, F|100/100\n|switch|p2a: Delphox|Delphox, L50, M|100/100\n|switch|p2b: Kingambit|Kingambit, L50, M|100/100\n|-ability|p1b: Incineroar|Intimidate|boost\n|-unboost|p2a: Delphox|atk|1\n|-unboost|p2b: Kingambit|atk|1\n|-ability|p2b: Kingambit|Defiant|boost\n|-boost|p2b: Kingambit|atk|2\n|turn|1\n|inactive|tubbatub has 30 seconds left.\n|inactive|fandealer has 30 seconds left.\n|inactive|fandealer has 20 seconds left.\n|inactive|fandealer has 15 seconds left.\n|\n|t:|1775933595\n|detailschange|p1a: Froslass|Froslass-Mega, L50, F\n|-mega|p1a: Froslass|Froslass|Froslassite\n|-weather|Snowscape|[from] ability: Snow Warning|[of] p1a: Froslass\n|detailschange|p2a: Delphox|Delphox-Mega, L50, M\n|-mega|p2a: Delphox|Delphox|Delphoxite\n|move|p1b: Incineroar|Fake Out|p2b: Kingambit\n|-resisted|p2b: Kingambit|1\n|-damage|p2b: Kingambit|97/100\n|move|p2a: Delphox|Heat Wave|p1b: Incineroar|[spread] p1a,p1b\n|-supereffective|p1a: Froslass|1\n|-resisted|p1b: Incineroar|1\n|-damage|p1a: Froslass|11/100\n|-damage|p1b: Incineroar|83/100\n|move|p1a: Froslass|Aurora Veil|p1a: Froslass\n|-sidestart|p1: tubbatub|move: Aurora Veil\n|cant|p2b: Kingambit|flinch\n|\n|-weather|Snowscape|[upkeep]\n|upkeep\n|turn|2\n|inactive|fandealer has 30 seconds left.\n|\n|t:|1775933623\n|move|p1a: Froslass|Protect|p1a: Froslass\n|-singleturn|p1a: Froslass|Protect\n|move|p2a: Delphox|Heat Wave|p1b: Incineroar|[spread] p1b\n|-activate|p1a: Froslass|move: Protect\n|-resisted|p1b: Incineroar|1\n|-damage|p1b: Incineroar|69/100\n|move|p1b: Incineroar|Parting Shot|p2a: Delphox\n|-unboost|p2a: Delphox|atk|1\n|-unboost|p2a: Delphox|spa|1\n|\n|t:|1775933632\n|switch|p1b: Milotic|Milotic, L50, M|100/100|[from] Parting Shot\n|move|p2b: Kingambit|Low Kick|p1b: Milotic\n|-damage|p1b: Milotic|72/100\n|\n|-weather|Snowscape|[upkeep]\n|upkeep\n|turn|3\n|inactive|fandealer has 30 seconds left.\n|\n|t:|1775933661\n|switch|p2a: Sneasler|Sneasler, L50, M|100/100\n|switch|p1a: Garchomp|Garchomp, L50, M|100/100\n|move|p2b: Kingambit|Sucker Punch||[still]\n|-fail|p2b: Kingambit\n|move|p1b: Milotic|Scald|p2a: Sneasler\n|-damage|p2a: Sneasler|58/100\n|\n|-weather|Snowscape|[upkeep]\n|upkeep\n|turn|4\n|inactive|fandealer has 30 seconds left.\n|\n|t:|1775933689\n|move|p1b: Milotic|Protect|p1b: Milotic\n|-singleturn|p1b: Milotic|Protect\n|move|p2a: Sneasler|Fake Out|p1b: Milotic\n|-activate|p1b: Milotic|move: Protect\n|move|p1a: Garchomp|Earthquake|p2b: Kingambit|[spread] p2a,p2b\n|-activate|p1b: Milotic|move: Protect\n|-supereffective|p2a: Sneasler|1\n|-supereffective|p2b: Kingambit|1\n|-damage|p2a: Sneasler|0 fnt\n|-damage|p2b: Kingambit|45/100\n|faint|p2a: Sneasler\n|move|p2b: Kingambit|Low Kick|p1a: Garchomp\n|-damage|p1a: Garchomp|72/100\n|-damage|p2b: Kingambit|32/100|[from] ability: Rough Skin|[of] p1a: Garchomp\n|\n|-weather|Snowscape|[upkeep]\n|upkeep\n|\n|t:|1775933704\n|switch|p2a: Delphox|Delphox-Mega, L50, M|100/100\n|turn|5\n|\n|t:|1775933718\n|move|p2b: Kingambit|Protect|p2b: Kingambit\n|-singleturn|p2b: Kingambit|Protect\n|move|p1a: Garchomp|Earthquake|p2b: Kingambit|[spread] p1b\n|-activate|p2b: Kingambit|move: Protect\n|-immune|p2a: Delphox|[from] ability: Levitate\n|-damage|p1b: Milotic|49/100\n|move|p2a: Delphox|Psychic|p1b: Milotic\n|-damage|p1b: Milotic|23/100\n|move|p1b: Milotic|Scald|p2a: Delphox\n|-supereffective|p2a: Delphox|1\n|-damage|p2a: Delphox|48/100\n|\n|-weather|none\n|-sideend|p1: tubbatub|move: Aurora Veil\n|upkeep\n|turn|6\n|\n|t:|1775933741\n|move|p1b: Milotic|Protect|p1b: Milotic\n|-singleturn|p1b: Milotic|Protect\n|move|p2b: Kingambit|Sucker Punch||[still]\n|-fail|p2b: Kingambit\n|move|p1a: Garchomp|Earthquake|p2b: Kingambit|[spread] p2b\n|-activate|p1b: Milotic|move: Protect\n|-immune|p2a: Delphox|[from] ability: Levitate\n|-supereffective|p2b: Kingambit|1\n|-damage|p2b: Kingambit|0 fnt\n|faint|p2b: Kingambit\n|move|p2a: Delphox|Psychic|p1a: Garchomp\n|-damage|p1a: Garchomp|21/100\n|\n|upkeep\n|\n|t:|1775933754\n|switch|p2b: Garchomp|Garchomp, L50, M|100/100\n|turn|7\n|\n|t:|1775933776\n|switch|p1a: Incineroar|Incineroar, L50, F|69/100\n|-ability|p1a: Incineroar|Intimidate|boost\n|-unboost|p2a: Delphox|atk|1\n|-unboost|p2b: Garchomp|atk|1\n|move|p2a: Delphox|Encore|p1b: Milotic\n|-start|p1b: Milotic|Encore\n|move|p1b: Milotic|Protect|p1b: Milotic\n|-singleturn|p1b: Milotic|Protect\n|move|p2b: Garchomp|Earthquake|p1b: Milotic|[spread] p1a\n|-activate|p1b: Milotic|move: Protect\n|-immune|p2a: Delphox|[from] ability: Levitate\n|-supereffective|p1a: Incineroar|1\n|-damage|p1a: Incineroar|21/100\n|-enditem|p1a: Incineroar|Sitrus Berry|[eat]\n|-heal|p1a: Incineroar|46/100|[from] item: Sitrus Berry\n|\n|upkeep\n|turn|8\n|\n|t:|1775933796\n|switch|p1b: Garchomp|Garchomp, L50, M|21/100\n|move|p2a: Delphox|Protect|p2a: Delphox\n|-singleturn|p2a: Delphox|Protect\n|move|p1a: Incineroar|Fake Out|p2b: Garchomp\n|-damage|p2b: Garchomp|90/100\n|-damage|p1a: Incineroar|34/100|[from] ability: Rough Skin|[of] p2b: Garchomp\n|cant|p2b: Garchomp|flinch\n|\n|upkeep\n|turn|9\n|\n|t:|1775933812\n|switch|p1a: Milotic|Milotic, L50, M|23/100\n|move|p1b: Garchomp|Rock Slide|p2b: Garchomp|[spread] p2a,p2b\n|-supereffective|p2a: Delphox|1\n|-resisted|p2b: Garchomp|1\n|-damage|p2a: Delphox|4/100\n|-damage|p2b: Garchomp|82/100\n|cant|p2a: Delphox|flinch\n|move|p2b: Garchomp|Earthquake|p1a: Milotic|[spread] p1a,p1b\n|-immune|p2a: Delphox|[from] ability: Levitate\n|-damage|p1a: Milotic|0 fnt\n|-damage|p1b: Garchomp|0 fnt\n|faint|p1a: Milotic\n|faint|p1b: Garchomp\n|\n|upkeep\n|\n|t:|1775933824\n|switch|p1b: Incineroar|Incineroar, L50, F|34/100\n|switch|p1a: Froslass|Froslass-Mega, L50, F|11/100\n|-weather|Snowscape|[from] ability: Snow Warning|[of] p1a: Froslass\n|-ability|p1b: Incineroar|Intimidate|boost\n|-unboost|p2a: Delphox|atk|1\n|-unboost|p2b: Garchomp|atk|1\n|turn|10\n|\n|t:|1775933846\n|move|p2a: Delphox|Protect|p2a: Delphox\n|-singleturn|p2a: Delphox|Protect\n|move|p1b: Incineroar|Fake Out|p2a: Delphox\n|-activate|p2a: Delphox|move: Protect\n|move|p1a: Froslass|Blizzard|p2b: Garchomp|[spread] p2b\n|-activate|p2a: Delphox|move: Protect\n|-supereffective|p2b: Garchomp|2\n|-damage|p2b: Garchomp|0 fnt\n|faint|p2b: Garchomp\n|\n|-weather|Snowscape|[upkeep]\n|upkeep\n|turn|11\n|\n|t:|1775933865\n|move|p2a: Delphox|Heat Wave|p1a: Froslass|[spread] p1a,p1b\n|-supereffective|p1a: Froslass|1\n|-resisted|p1b: Incineroar|1\n|-damage|p1a: Froslass|0 fnt\n|-damage|p1b: Incineroar|14/100\n|faint|p1a: Froslass\n|move|p1b: Incineroar|Throat Chop|p2a: Delphox\n|-supereffective|p2a: Delphox|1\n|-damage|p2a: Delphox|0 fnt\n|faint|p2a: Delphox\n|\n|win|tubbatub\n|raw|tubbatub's rating: 1000 &rarr; <strong>1046</strong><br />(+46 for winning)\n|raw|fandealer's rating: 1051 &rarr; <strong>1031</strong><br />(-20 for losing)\n",
  "uploadtime": 1775933872,
  "views": 28,
  "formatid": "gen9championsvgc2026regma",
  "rating": 1031,
  "private": 0,
  "password": null
}