{
  "id": "gen9championsvgc2026regma-2585026736",
  "format": "[Gen 9 Champions] VGC 2026 Reg M-A",
  "players": [
    "gilgabro",
    "areestoo"
  ],
  "log": "|j|\u2606gilgabro\n|j|\u2606areestoo\n|t:|1776304575\n|gametype|doubles\n|player|p1|gilgabro|backpackerf|1248\n|player|p2|areestoo|101|1195\n|gen|9\n|tier|[Gen 9 Champions] VGC 2026 Reg M-A\n|rated|\n|rule|Species Clause: Limit one of each Pok\u00e9mon\n|rule|Item Clause: Limit 1 of each item\n|clearpoke\n|poke|p1|Tinkaton, L50, F|\n|poke|p1|Glimmora, L50, F|\n|poke|p1|Noivern, L50, M|\n|poke|p1|Incineroar, L50, F|\n|poke|p1|Gallade, L50, M|\n|poke|p1|Basculegion-F, L50, F|\n|poke|p2|Blastoise, L50, F|\n|poke|p2|Pelipper, L50, F|\n|poke|p2|Floette-Eternal, L50, F|\n|poke|p2|Wyrdeer, L50, F|\n|poke|p2|Weavile, L50, M|\n|poke|p2|Rhyperior, L50, M|\n|teampreview|4\n|inactive|Battle timer is ON: inactive players will automatically lose when time's up. (requested by areestoo)\n|inactive|gilgabro has 60 seconds left.\n|inactive|areestoo has 60 seconds left.\n|inactive|areestoo has 30 seconds left.\n|inactive|areestoo has 20 seconds left.\n|inactive|areestoo has 15 seconds left.\n|inactive|areestoo has 10 seconds left.\n|\n|t:|1776304659\n|teamsize|p1|4\n|teamsize|p2|4\n|start\n|switch|p1a: Tinkaton|Tinkaton, L50, F|100/100\n|switch|p1b: Noivern|Noivern, L50, M|100/100\n|switch|p2a: Wyrdeer|Wyrdeer, L50, F|100/100\n|switch|p2b: Weavile|Weavile, L50, M|100/100\n|-ability|p2b: Weavile|Pressure\n|-ability|p1a: Tinkaton|Mold Breaker\n|-ability|p2a: Wyrdeer|Intimidate|boost\n|-unboost|p1a: Tinkaton|atk|1\n|-unboost|p1b: Noivern|atk|1\n|turn|1\n|\n|t:|1776304682\n|move|p1b: Noivern|Protect|p1b: Noivern\n|-singleturn|p1b: Noivern|Protect\n|move|p2b: Weavile|Fake Out|p1a: Tinkaton\n|-resisted|p1a: Tinkaton|1\n|-crit|p1a: Tinkaton\n|-damage|p1a: Tinkaton|93/100\n|cant|p1a: Tinkaton|flinch\n|move|p2a: Wyrdeer|Trick Room|p2a: Wyrdeer\n|-fieldstart|move: Trick Room|[of] p2a: Wyrdeer\n|\n|-heal|p1a: Tinkaton|99/100|[from] item: Leftovers\n|upkeep\n|turn|2\n|\n|t:|1776304700\n|switch|p2a: Blastoise|Blastoise, L50, F|100/100\n|move|p1a: Tinkaton|Gigaton Hammer|p2b: Weavile\n|-supereffective|p2b: Weavile|1\n|-enditem|p2b: Weavile|Focus Sash\n|-damage|p2b: Weavile|1/100\n|move|p1b: Noivern|U-turn|p2a: Blastoise\n|-damage|p2a: Blastoise|93/100\n|\n|t:|1776304706\n|switch|p1b: Basculegion|Basculegion-F, L50, F|100/100|[from] U-turn\n|move|p2b: Weavile|Triple Axel|p1b: Basculegion\n|-resisted|p1b: Basculegion|1\n|-damage|p1b: Basculegion|94/100\n|-resisted|p1b: Basculegion|1\n|-damage|p1b: Basculegion|79/100\n|-resisted|p1b: Basculegion|1\n|-damage|p1b: Basculegion|59/100\n|-hitcount|p1b: Basculegion|3\n|\n|-heal|p1a: Tinkaton|100/100|[from] item: Leftovers\n|upkeep\n|turn|3\n|inactive|gilgabro has 30 seconds left.\n|\n|t:|1776304731\n|switch|p1b: Noivern|Noivern, L50, M|100/100\n|detailschange|p2a: Blastoise|Blastoise-Mega, L50, F\n|-mega|p2a: Blastoise|Blastoise|Blastoisinite\n|move|p2a: Blastoise|Water Spout|p1b: Noivern|[spread] p1a,p1b\n|-resisted|p1b: Noivern|1\n|-damage|p1a: Tinkaton|47/100\n|-damage|p1b: Noivern|68/100\n|move|p1a: Tinkaton|Thunder Wave|p2a: Blastoise\n|-status|p2a: Blastoise|par\n|move|p2b: Weavile|Throat Chop|p1b: Noivern\n|-damage|p1b: Noivern|27/100\n|-start|p1b: Noivern|Throat Chop|[silent]\n|\n|-heal|p1a: Tinkaton|53/100|[from] item: Leftovers\n|upkeep\n|turn|4\n|\n|t:|1776304748\n|switch|p1a: Basculegion|Basculegion-F, L50, F|59/100\n|switch|p2b: Rhyperior|Rhyperior, L50, M|100/100\n|move|p1b: Noivern|Protect|p1b: Noivern\n|-singleturn|p1b: Noivern|Protect\n|move|p2a: Blastoise|Water Spout|p1b: Noivern|[spread] p1a\n|-activate|p1b: Noivern|move: Protect\n|-resisted|p1a: Basculegion|1\n|-damage|p1a: Basculegion|27/100\n|\n|-end|p1b: Noivern|Throat Chop|[silent]\n|upkeep\n|turn|5\n|\n|t:|1776304760\n|switch|p2b: Weavile|Weavile, L50, M|1/100\n|-ability|p2b: Weavile|Pressure\n|move|p2a: Blastoise|Water Spout|p1b: Noivern|[spread] p1a,p1b\n|-resisted|p1a: Basculegion|1\n|-resisted|p1b: Noivern|1\n|-damage|p1a: Basculegion|0 fnt\n|-damage|p1b: Noivern|0 fnt\n|faint|p1a: Basculegion\n|faint|p1b: Noivern\n|\n|-fieldend|move: Trick Room\n|upkeep\n|\n|t:|1776304766\n|switch|p1b: Tinkaton|Tinkaton, L50, F|53/100\n|switch|p1a: Glimmora|Glimmora, L50, F|100/100\n|-ability|p1b: Tinkaton|Mold Breaker\n|turn|6\n|\n|t:|1776304779\n|detailschange|p1a: Glimmora|Glimmora-Mega, L50, F\n|-mega|p1a: Glimmora|Glimmora|Glimmoranite\n|move|p1a: Glimmora|Spiky Shield|p1a: Glimmora\n|-singleturn|p1a: Glimmora|move: Protect\n|move|p2b: Weavile|Fake Out|p1b: Tinkaton\n|-resisted|p1b: Tinkaton|1\n|-damage|p1b: Tinkaton|47/100\n|cant|p1b: Tinkaton|flinch\n|cant|p2a: Blastoise|par\n|\n|-heal|p1b: Tinkaton|54/100|[from] item: Leftovers\n|upkeep\n|turn|7\n|\n|t:|1776304790\n|switch|p2a: Wyrdeer|Wyrdeer, L50, F|100/100\n|-ability|p2a: Wyrdeer|Intimidate|boost\n|-unboost|p1a: Glimmora|atk|1\n|-unboost|p1b: Tinkaton|atk|1\n|move|p1b: Tinkaton|Helping Hand|p1a: Glimmora\n|-singleturn|p1a: Glimmora|Helping Hand|[of] p1b: Tinkaton\n|move|p2b: Weavile|Triple Axel|p1a: Glimmora\n|-damage|p1a: Glimmora|89/100\n|-damage|p1a: Glimmora|68/100\n|-damage|p1a: Glimmora|34/100\n|-hitcount|p1a: Glimmora|3\n|move|p1a: Glimmora|Sludge Wave|p2b: Weavile|[spread] p2a,p2b\n|-immune|p1b: Tinkaton\n|-damage|p2a: Wyrdeer|0 fnt\n|-damage|p2b: Weavile|0 fnt\n|faint|p2a: Wyrdeer\n|faint|p2b: Weavile\n|\n|-heal|p1b: Tinkaton|60/100|[from] item: Leftovers\n|upkeep\n|\n|t:|1776304807\n|switch|p2b: Rhyperior|Rhyperior, L50, M|100/100\n|switch|p2a: Blastoise|Blastoise-Mega, L50, F|93/100 par\n|turn|8\n|\n|t:|1776304824\n|move|p1b: Tinkaton|Helping Hand|p1a: Glimmora\n|-singleturn|p1a: Glimmora|Helping Hand|[of] p1b: Tinkaton\n|move|p2a: Blastoise|Fake Out|p1b: Tinkaton\n|-resisted|p1b: Tinkaton|1\n|-damage|p1b: Tinkaton|56/100\n|move|p1a: Glimmora|Sludge Wave|p2b: Rhyperior|[spread] p2a,p2b\n|-immune|p1b: Tinkaton\n|-resisted|p2b: Rhyperior|2\n|-damage|p2a: Blastoise|14/100 par\n|-damage|p2b: Rhyperior|72/100\n|move|p2b: Rhyperior|Earthquake|p1a: Glimmora|[spread] p2a,p1a,p1b\n|-supereffective|p1a: Glimmora|2\n|-supereffective|p1b: Tinkaton|1\n|-damage|p2a: Blastoise|0 fnt\n|-damage|p1a: Glimmora|0 fnt\n|-damage|p1b: Tinkaton|0 fnt\n|faint|p2a: Blastoise\n|faint|p1a: Glimmora\n|faint|p1b: Tinkaton\n|\n|win|areestoo\n|raw|gilgabro's rating: 1248 &rarr; <strong>1219</strong><br />(-29 for losing)\n|raw|areestoo's rating: 1195 &rarr; <strong>1224</strong><br />(+29 for winning)\n",
  "uploadtime": 1776304824,
  "views": 22,
  "formatid": "gen9championsvgc2026regma",
  "rating": 1219,
  "private": 0,
  "password": null
}