{
  "id": "gen9championsvgc2026regma-2587343181",
  "format": "[Gen 9 Champions] VGC 2026 Reg M-A",
  "players": [
    "flaemm",
    "Crispytoesss"
  ],
  "log": "|j|\u2606flaemm\n|j|\u2606Crispytoesss\n|t:|1776523769\n|gametype|doubles\n|player|p1|flaemm|alder|\n|player|p2|Crispytoesss|silver|\n|gen|9\n|tier|[Gen 9 Champions] VGC 2026 Reg M-A\n|rule|Species Clause: Limit one of each Pok\u00e9mon\n|rule|Item Clause: Limit 1 of each item\n|clearpoke\n|poke|p1|Incineroar, L50, F|\n|poke|p1|Torkoal, L50, M|\n|poke|p1|Appletun, L50, F|\n|poke|p1|Sneasler, L50, M|\n|poke|p1|Farigiraf, L50, F|\n|poke|p1|Crabominable, L50, M|\n|poke|p2|Farigiraf, L50, M|\n|poke|p2|Chesnaught, L50, M, shiny|\n|poke|p2|Pelipper, L50, F|\n|poke|p2|Archaludon, L50, M|\n|poke|p2|Basculegion, L50, M|\n|poke|p2|Toxicroak, L50, F|\n|teampreview|4\nCrispytoesss has agreed to open team sheets.\nflaemm has agreed to open team sheets.\n|showteam|p1|Incineroar||ChopleBerry|Intimidate|FakeOut,FlareBlitz,ThroatChop,PartingShot|||F|||50|]Torkoal||Charcoal|Drought|Eruption,HeatWave,WeatherBall,Protect|||M|||50|]Appletun||MiracleSeed|ThickFat|AppleAcid,LeechSeed,Substitute,Protect|||F|||50|]Sneasler||WhiteHerb|Unburden|FakeOut,CloseCombat,DireClaw,Coaching|||M|||50|]Farigiraf||MentalHerb|ArmorTail|HyperVoice,TwinBeam,TrickRoom,CalmMind|||F|||50|]Crabominable||Crabominite|HyperCutter|IceHammer,DrainPunch,MachPunch,Protect|||M|||50|\n|showteam|p2|Farigiraf||MentalHerb|ArmorTail|TrickRoom,HyperVoice,Psychic,Protect|||M|||50|]Chesnaught||Chesnaughtite|Bulletproof|BodyPress,SpikyShield,WideGuard,WoodHammer|||M|||50|]Pelipper||FocusSash|Drizzle|Tailwind,Hurricane,MuddyWater,Protect|||F|||50|]Archaludon||Leftovers|Stamina|ElectroShot,DracoMeteor,FlashCannon,Protect|||M|||50|]Basculegion||ChoiceScarf|Adaptability|AquaJet,LastRespects,FlipTurn,WaveCrash|||M|||50|]Toxicroak||PoisonBarb|DrySkin|FakeOut,Coaching,PoisonJab,CloseCombat|||F|||50|\n|\n|t:|1776523814\n|teamsize|p1|4\n|teamsize|p2|4\n|start\n|switch|p1a: Appletun|Appletun, L50, F|100/100\n|switch|p1b: Torkoal|Torkoal, L50, M|100/100\n|switch|p2a: Pelipper|Pelipper, L50, F|100/100\n|switch|p2b: Archaludon|Archaludon, L50, M|100/100\n|-weather|RainDance|[from] ability: Drizzle|[of] p2a: Pelipper\n|-weather|SunnyDay|[from] ability: Drought|[of] p1b: Torkoal\n|turn|1\n|\n|t:|1776523842\n|move|p2a: Pelipper|Muddy Water|p1b: Torkoal|[spread] p1a,p1b\n|-resisted|p1a: Appletun|2\n|-supereffective|p1b: Torkoal|1\n|-damage|p1a: Appletun|97/100\n|-damage|p1b: Torkoal|63/100\n|move|p2b: Archaludon|Draco Meteor|p1a: Appletun|[miss]\n|-miss|p2b: Archaludon|p1a: Appletun\n|move|p1a: Appletun|Apple Acid|p2b: Archaludon\n|-resisted|p2b: Archaludon|2\n|-damage|p2b: Archaludon|90/100\n|-unboost|p2b: Archaludon|spd|1\n|-ability|p2b: Archaludon|Stamina|boost\n|-boost|p2b: Archaludon|def|1\n|move|p1b: Torkoal|Heat Wave|p2a: Pelipper|[spread] p2a,p2b\n|-resisted|p2a: Pelipper|1\n|-damage|p2a: Pelipper|50/100\n|-damage|p2b: Archaludon|15/100\n|-ability|p2b: Archaludon|Stamina|boost\n|-boost|p2b: Archaludon|def|1\n|\n|-weather|SunnyDay|[upkeep]\n|-heal|p2b: Archaludon|21/100|[from] item: Leftovers\n|upkeep\n|turn|2\n|\n|t:|1776523911\n|move|p2a: Pelipper|Muddy Water|p1a: Appletun|[spread] p1a,p1b\n|-resisted|p1a: Appletun|2\n|-supereffective|p1b: Torkoal|1\n|-damage|p1a: Appletun|94/100\n|-damage|p1b: Torkoal|26/100\n|-unboost|p1a: Appletun|accuracy|1\n|move|p2b: Archaludon|Draco Meteor|p1a: Appletun\n|-supereffective|p1a: Appletun|1\n|-damage|p1a: Appletun|4/100\n|-unboost|p2b: Archaludon|spa|2\n|move|p1a: Appletun|Apple Acid|p2b: Archaludon\n|-resisted|p2b: Archaludon|2\n|-damage|p2b: Archaludon|5/100\n|-unboost|p2b: Archaludon|spd|1\n|-ability|p2b: Archaludon|Stamina|boost\n|-boost|p2b: Archaludon|def|1\n|move|p1b: Torkoal|Heat Wave|p2b: Archaludon|[spread] p2b\n|-miss|p1b: Torkoal|p2a: Pelipper\n|-damage|p2b: Archaludon|0 fnt\n|faint|p2b: Archaludon\n|\n|-weather|SunnyDay|[upkeep]\n|upkeep\n|\n|t:|1776523932\n|switch|p2b: Toxicroak|Toxicroak, L50, F|100/100\n|turn|3\n|\n|t:|1776523971\n|switch|p1a: Farigiraf|Farigiraf, L50, F|100/100\n|move|p1b: Torkoal|Protect|p1b: Torkoal\n|-singleturn|p1b: Torkoal|Protect\n|move|p2a: Pelipper|Muddy Water|p1a: Farigiraf|[spread] p1a\n|-activate|p1b: Torkoal|move: Protect\n|-damage|p1a: Farigiraf|88/100\n|move|p2b: Toxicroak|Poison Jab|p1a: Farigiraf\n|-damage|p1a: Farigiraf|54/100\n|\n|-weather|SunnyDay|[upkeep]\n|-damage|p2b: Toxicroak|88/100|[from] ability: Dry Skin|[of] p2b: Toxicroak\n|upkeep\n|turn|4\n|\n|t:|1776523993\n|switch|p1b: Appletun|Appletun, L50, F|4/100\n|move|p2a: Pelipper|Muddy Water|p1a: Farigiraf|[spread] p1a,p1b\n|-resisted|p1b: Appletun|2\n|-damage|p1a: Farigiraf|41/100\n|-damage|p1b: Appletun|0 fnt\n|faint|p1b: Appletun\n|move|p2b: Toxicroak|Close Combat|p1a: Farigiraf\n|-damage|p1a: Farigiraf|0 fnt\n|-unboost|p2b: Toxicroak|def|1\n|-unboost|p2b: Toxicroak|spd|1\n|faint|p1a: Farigiraf\n|\n|-weather|SunnyDay|[upkeep]\n|-damage|p2b: Toxicroak|76/100|[from] ability: Dry Skin|[of] p2b: Toxicroak\n|upkeep\n|\n|t:|1776524008\n|switch|p1a: Torkoal|Torkoal, L50, M|26/100\n|switch|p1b: Crabominable|Crabominable, L50, M|100/100\n|turn|5\n|\n|t:|1776524037\n|move|p1b: Crabominable|Protect|p1b: Crabominable\n|-singleturn|p1b: Crabominable|Protect\n|move|p2a: Pelipper|Muddy Water|p1b: Crabominable|[spread] p1a\n|-activate|p1b: Crabominable|move: Protect\n|-supereffective|p1a: Torkoal|1\n|-damage|p1a: Torkoal|0 fnt\n|faint|p1a: Torkoal\n|move|p2b: Toxicroak|Close Combat|p1b: Crabominable\n|-activate|p1b: Crabominable|move: Protect\n|\n|-weather|none\n|upkeep\n|turn|6\n|\n|t:|1776524065\n|detailschange|p1b: Crabominable|Crabominable-Mega, L50, M\n|-mega|p1b: Crabominable|Crabominable|Crabominite\n|move|p2a: Pelipper|Hurricane|p1b: Crabominable|[miss]\n|-miss|p2a: Pelipper|p1b: Crabominable\n|move|p2b: Toxicroak|Close Combat|p1b: Crabominable\n|-supereffective|p1b: Crabominable|1\n|-damage|p1b: Crabominable|15/100\n|-unboost|p2b: Toxicroak|def|1\n|-unboost|p2b: Toxicroak|spd|1\n|move|p1b: Crabominable|Drain Punch|p2b: Toxicroak\n|-resisted|p2b: Toxicroak|1\n|-damage|p2b: Toxicroak|0 fnt\n|-heal|p1b: Crabominable|50/100|[from] drain|[of] p2b: Toxicroak\n|faint|p2b: Toxicroak\n|\n|upkeep\n|\n|t:|1776524073\n|switch|p2b: belerick|Chesnaught, L50, M, shiny|100/100\n|turn|7\n|\n|t:|1776524090\n|detailschange|p2b: belerick|Chesnaught-Mega, L50, M, shiny\n|-mega|p2b: belerick|Chesnaught|Chesnaughtite\n|move|p2b: belerick|Spiky Shield|p2b: belerick\n|-singleturn|p2b: belerick|move: Protect\n|move|p2a: Pelipper|Hurricane|p1b: Crabominable\n|-supereffective|p1b: Crabominable|1\n|-damage|p1b: Crabominable|0 fnt\n|faint|p1b: Crabominable\n|\n|win|Crispytoesss\n",
  "uploadtime": 1776524101,
  "views": 29,
  "formatid": "gen9championsvgc2026regma",
  "rating": null,
  "private": 0,
  "password": null
}