{
  "id": "gen9championsvgc2026regma-2584917221",
  "format": "[Gen 9 Champions] VGC 2026 Reg M-A",
  "players": [
    "Hiimoliver",
    "capocchionefresco"
  ],
  "log": "|j|\u2606Hiimoliver\n|j|\u2606capocchionefresco\n|t:|1776294326\n|gametype|doubles\n|player|p1|Hiimoliver|lance|1097\n|player|p2|capocchionefresco|265|1007\n|gen|9\n|tier|[Gen 9 Champions] VGC 2026 Reg M-A\n|rated|\n|rule|Species Clause: Limit one of each Pok\u00e9mon\n|rule|Item Clause: Limit 1 of each item\n|clearpoke\n|poke|p1|Ceruledge, L50, M|\n|poke|p1|Corviknight, L50, F|\n|poke|p1|Raichu, L50, F|\n|poke|p1|Garchomp, L50, M|\n|poke|p1|Basculegion, L50, M|\n|poke|p1|Floette-Eternal, L50, F|\n|poke|p2|Incineroar, L50, M|\n|poke|p2|Sneasler, L50, M|\n|poke|p2|Feraligatr, L50, F|\n|poke|p2|Floette-Eternal, L50, F|\n|poke|p2|Garchomp, L50, M|\n|poke|p2|Whimsicott, L50, M|\n|teampreview|4\n|inactive|Battle timer is ON: inactive players will automatically lose when time's up. (requested by capocchionefresco)\n|inactive|Hiimoliver has 60 seconds left.\n|\n|t:|1776294364\n|teamsize|p1|4\n|teamsize|p2|4\n|start\n|switch|p1a: Corviknight|Corviknight, L50, F|100/100\n|switch|p1b: Raichu|Raichu, L50, F|100/100\n|switch|p2a: Feraligatr|Feraligatr, L50, F|100/100\n|switch|p2b: Sneasler|Sneasler, L50, M|100/100\n|turn|1\n|\n|t:|1776294380\n|move|p2b: Sneasler|Fake Out|p1b: Raichu\n|-damage|p1b: Raichu|69/100\n|cant|p1b: Raichu|flinch\n|move|p2a: Feraligatr|Dragon Dance|p2a: Feraligatr\n|-boost|p2a: Feraligatr|atk|1\n|-boost|p2a: Feraligatr|spe|1\n|move|p1a: Corviknight|Tailwind|p1a: Corviknight\n|-sidestart|p1: Hiimoliver|move: Tailwind\n|\n|upkeep\n|turn|2\n|\n|t:|1776294403\n|switch|p2b: Incineroar|Incineroar, L50, M|100/100\n|-ability|p2b: Incineroar|Intimidate|boost\n|-ability|p1a: Corviknight|Mirror Armor\n|-unboost|p2b: Incineroar|atk|1\n|-unboost|p1b: Raichu|atk|1\n|move|p2a: Feraligatr|Aqua Jet|p1b: Raichu\n|-damage|p1b: Raichu|14/100\n|move|p1b: Raichu|Encore|p2a: Feraligatr\n|-start|p2a: Feraligatr|Encore\n|move|p1a: Corviknight|Bulk Up|p1a: Corviknight\n|-boost|p1a: Corviknight|atk|1\n|-boost|p1a: Corviknight|def|1\n|\n|upkeep\n|turn|3\n|inactive|Hiimoliver has 30 seconds left.\n|inactive|capocchionefresco has 30 seconds left.\n|\n|t:|1776294434\n|move|p2a: Feraligatr|Aqua Jet|p1b: Raichu\n|-damage|p1b: Raichu|0 fnt\n|faint|p1b: Raichu\n|move|p1a: Corviknight|Bulk Up|p1a: Corviknight\n|-boost|p1a: Corviknight|atk|1\n|-boost|p1a: Corviknight|def|1\n|move|p2b: Incineroar|Flare Blitz|p1a: Corviknight\n|-supereffective|p1a: Corviknight|1\n|-damage|p1a: Corviknight|55/100\n|-damage|p2b: Incineroar|85/100|[from] Recoil\n|\n|-heal|p1a: Corviknight|61/100|[from] item: Leftovers\n|upkeep\n|\n|t:|1776294444\n|switch|p1b: Floette|Floette-Eternal, L50, F|100/100\n|turn|4\n|\n|t:|1776294467\n|detailschange|p1b: Floette|Floette-Mega, L50, F\n|-mega|p1b: Floette|Floette|Floettite\n|-ability|p1b: Floette|Fairy Aura\n|move|p2a: Feraligatr|Aqua Jet|p1b: Floette\n|-damage|p1b: Floette|65/100\n|move|p1b: Floette|Light of Ruin|p2a: Feraligatr\n|-damage|p2a: Feraligatr|0 fnt\n|faint|p2a: Feraligatr\n|-damage|p1b: Floette|13/100|[from] Recoil\n|move|p1a: Corviknight|Brave Bird|p2b: Incineroar\n|-damage|p2b: Incineroar|0 fnt\n|faint|p2b: Incineroar\n|-damage|p1a: Corviknight|33/100|[from] Recoil\n|\n|-heal|p1a: Corviknight|39/100|[from] item: Leftovers\n|-sideend|p1: Hiimoliver|move: Tailwind\n|upkeep\n|\n|t:|1776294488\n|switch|p2a: Sneasler|Sneasler, L50, M|100/100\n|switch|p2b: Floette|Floette-Eternal, L50, F|100/100\n|turn|5\n|\n|t:|1776294510\n|detailschange|p2b: Floette|Floette-Mega, L50, F\n|-mega|p2b: Floette|Floette|Floettite\n|-ability|p2b: Floette|Fairy Aura\n|move|p2a: Sneasler|Fake Out|p1a: Corviknight\n|-resisted|p1a: Corviknight|1\n|-damage|p1a: Corviknight|36/100\n|move|p2b: Floette|Dazzling Gleam|p1a: Corviknight|[spread] p1a,p1b\n|-resisted|p1a: Corviknight|1\n|-damage|p1a: Corviknight|17/100\n|-damage|p1b: Floette|0 fnt\n|faint|p1b: Floette\n|cant|p1a: Corviknight|flinch\n|\n|-heal|p1a: Corviknight|23/100|[from] item: Leftovers\n|upkeep\n|\n|t:|1776294518\n|switch|p1b: Basculegion|Basculegion, L50, M|100/100\n|turn|6\n|\n|t:|1776294543\n|move|p2b: Floette|Protect|p2b: Floette\n|-singleturn|p2b: Floette|Protect\n|move|p1b: Basculegion|Last Respects|p2b: Floette\n|-activate|p2b: Floette|move: Protect\n|move|p2a: Sneasler|Night Slash|p1b: Basculegion\n|-supereffective|p1b: Basculegion|1\n|-damage|p1b: Basculegion|38/100\n|move|p1a: Corviknight|Brave Bird|p2a: Sneasler\n|-supereffective|p2a: Sneasler|1\n|-enditem|p2a: Sneasler|Focus Sash\n|-damage|p2a: Sneasler|1/100\n|-damage|p1a: Corviknight|0 fnt|[from] Recoil\n|faint|p1a: Corviknight\n|\n|upkeep\n|turn|7\n|\n|t:|1776294563\n|move|p2a: Sneasler|Night Slash|p1b: Basculegion\n|-supereffective|p1b: Basculegion|1\n|-damage|p1b: Basculegion|0 fnt\n|faint|p1b: Basculegion\n|\n|win|capocchionefresco\n|raw|Hiimoliver's rating: 1097 &rarr; <strong>1066</strong><br />(-31 for losing)\n|raw|capocchionefresco's rating: 1007 &rarr; <strong>1056</strong><br />(+49 for winning)\n|l|\u2606Hiimoliver\n|player|p1|\n",
  "uploadtime": 1776294574,
  "views": 17,
  "formatid": "gen9championsvgc2026regma",
  "rating": 1056,
  "private": 0,
  "password": null
}