{
  "id": "gen9championsvgc2026regma-2583162844",
  "format": "[Gen 9 Champions] VGC 2026 Reg M-A",
  "players": [
    "Ethalem",
    "silentb88"
  ],
  "log": "|j|\u2606Ethalem\n|j|\u2606silentb88\n|t:|1776149662\n|gametype|doubles\n|player|p1|Ethalem|acetrainer-gen4dp|1084\n|player|p2|silentb88|101|1134\n|gen|9\n|tier|[Gen 9 Champions] VGC 2026 Reg M-A\n|rated|\n|rule|Species Clause: Limit one of each Pok\u00e9mon\n|rule|Item Clause: Limit 1 of each item\n|clearpoke\n|poke|p1|Dragapult, L50, M|\n|poke|p1|Incineroar, L50, F|\n|poke|p1|Glimmora, L50, F|\n|poke|p1|Gyarados, L50, F|\n|poke|p1|Tyranitar, L50, M|\n|poke|p1|Sinistcha, L50|\n|poke|p2|Chesnaught, L50, M|\n|poke|p2|Florges-Orange, L50, F|\n|poke|p2|Kingambit, L50, M|\n|poke|p2|Arcanine-Hisui, L50, F|\n|poke|p2|Basculegion, L50, M|\n|poke|p2|Garchomp, L50, F|\n|teampreview|4\n|inactive|Battle timer is ON: inactive players will automatically lose when time's up. (requested by Ethalem)\n|inactive|silentb88 has 60 seconds left.\n|\n|t:|1776149698\n|teamsize|p1|4\n|teamsize|p2|4\n|start\n|switch|p1a: Gyarados|Gyarados, L50, F|100/100\n|switch|p1b: Glimmora|Glimmora, L50, F|100/100\n|switch|p2a: Florges|Florges-Orange, L50, F|100/100\n|switch|p2b: Garchomp|Garchomp, L50, F|100/100\n|turn|1\n|\n|t:|1776149720\n|detailschange|p1a: Gyarados|Gyarados-Mega, L50, F\n|-mega|p1a: Gyarados|Gyarados|Gyaradosite\n|-ability|p1a: Gyarados|Mold Breaker\n|move|p2b: Garchomp|Scale Shot|p1a: Gyarados|[miss]\n|-miss|p2b: Garchomp|p1a: Gyarados\n|move|p1a: Gyarados|Dragon Dance|p1a: Gyarados\n|-boost|p1a: Gyarados|atk|1\n|-boost|p1a: Gyarados|spe|1\n|move|p1b: Glimmora|Stealth Rock|p2a: Florges\n|-sidestart|p2: silentb88|move: Stealth Rock\n|move|p2a: Florges|Grassy Terrain|p2a: Florges\n|-fieldstart|move: Grassy Terrain\n|\n|upkeep\n|turn|2\n|inactive|Ethalem has 30 seconds left.\n|\n|t:|1776149747\n|move|p1a: Gyarados|Brutal Swing|p2b: Garchomp|[spread] p1b,p2a,p2b\n|-resisted|p2a: Florges|1\n|-damage|p1b: Glimmora|66/100\n|-damage|p2a: Florges|75/100\n|-damage|p2b: Garchomp|53/100\n|-damage|p1a: Gyarados|88/100|[from] ability: Rough Skin|[of] p2b: Garchomp\n|-activate|p1b: Glimmora|ability: Toxic Debris\n|-sidestart|p2: silentb88|move: Toxic Spikes\n|move|p2b: Garchomp|Stomping Tantrum|p1b: Glimmora\n|-supereffective|p1b: Glimmora|2\n|-damage|p1b: Glimmora|0 fnt\n|-activate|p1b: Glimmora|ability: Toxic Debris\n|-sidestart|p2: silentb88|move: Toxic Spikes\n|faint|p1b: Glimmora\n|move|p2a: Florges|Moonblast|p1a: Gyarados\n|-supereffective|p1a: Gyarados|1\n|-damage|p1a: Gyarados|14/100\n|-unboost|p1a: Gyarados|spa|1\n|\n|-heal|p1a: Gyarados|20/100|[from] Grassy Terrain\n|-heal|p2b: Garchomp|59/100|[from] Grassy Terrain\n|-heal|p2a: Florges|81/100|[from] Grassy Terrain\n|-heal|p2a: Florges|87/100|[from] item: Leftovers\n|upkeep\n|\n|t:|1776149768\n|switch|p1b: Sinistcha|Sinistcha, L50|100/100\n|-heal|p1a: Gyarados|45/100|[from] ability: Hospitality|[of] p1b: Sinistcha\n|turn|3\n|\n|t:|1776149788\n|move|p1b: Sinistcha|Rage Powder|p1b: Sinistcha\n|-singleturn|p1b: Sinistcha|move: Rage Powder\n|move|p1a: Gyarados|Waterfall|p2b: Garchomp\n|-damage|p2b: Garchomp|0 fnt\n|-damage|p1a: Gyarados|32/100|[from] ability: Rough Skin|[of] p2b: Garchomp\n|faint|p2b: Garchomp\n|move|p2a: Florges|Moonblast|p1b: Sinistcha\n|-damage|p1b: Sinistcha|59/100\n|\n|-heal|p1a: Gyarados|38/100|[from] Grassy Terrain\n|-heal|p2a: Florges|93/100|[from] Grassy Terrain\n|-heal|p2a: Florges|99/100|[from] item: Leftovers\n|-heal|p1b: Sinistcha|65/100|[from] Grassy Terrain\n|upkeep\n|\n|t:|1776149800\n|switch|p2b: Chesnaught|Chesnaught, L50, M|100/100\n|-damage|p2b: Chesnaught|94/100|[from] Stealth Rock\n|turn|4\n|\n|t:|1776149823\n|detailschange|p2b: Chesnaught|Chesnaught-Mega, L50, M\n|-mega|p2b: Chesnaught|Chesnaught|Chesnaughtite\n|move|p2a: Florges|Protect|p2a: Florges\n|-singleturn|p2a: Florges|Protect\n|move|p1b: Sinistcha|Rage Powder|p1b: Sinistcha\n|-singleturn|p1b: Sinistcha|move: Rage Powder\n|move|p1a: Gyarados|Waterfall|p2a: Florges\n|-activate|p2a: Florges|move: Protect\n|move|p2b: Chesnaught|Bulk Up|p2b: Chesnaught\n|-boost|p2b: Chesnaught|atk|1\n|-boost|p2b: Chesnaught|def|1\n|\n|-heal|p1a: Gyarados|44/100|[from] Grassy Terrain\n|-heal|p2a: Florges|100/100|[from] Grassy Terrain\n|-heal|p1b: Sinistcha|71/100|[from] Grassy Terrain\n|-heal|p2b: Chesnaught|100/100|[from] Grassy Terrain\n|upkeep\n|turn|5\n|\n|t:|1776149844\n|move|p1b: Sinistcha|Rage Powder|p1b: Sinistcha\n|-singleturn|p1b: Sinistcha|move: Rage Powder\n|move|p1a: Gyarados|Waterfall|p2a: Florges\n|-damage|p2a: Florges|10/100\n|move|p2a: Florges|Moonblast|p1b: Sinistcha\n|-crit|p1b: Sinistcha\n|-damage|p1b: Sinistcha|4/100\n|move|p2b: Chesnaught|Body Press|p1a: Gyarados\n|-supereffective|p1a: Gyarados|1\n|-crit|p1a: Gyarados\n|-damage|p1a: Gyarados|0 fnt\n|faint|p1a: Gyarados\n|\n|-heal|p2a: Florges|16/100|[from] Grassy Terrain\n|-heal|p2a: Florges|22/100|[from] item: Leftovers\n|-heal|p1b: Sinistcha|10/100|[from] Grassy Terrain\n|-fieldend|move: Grassy Terrain\n|upkeep\n|\n|t:|1776149861\n|switch|p1a: Dragapult|Dragapult, L50, M|100/100\n|turn|6\n|\n|t:|1776149876\n|move|p1a: Dragapult|Protect|p1a: Dragapult\n|-singleturn|p1a: Dragapult|Protect\n|move|p2a: Florges|Grassy Terrain|p2a: Florges\n|-fieldstart|move: Grassy Terrain\n|move|p2b: Chesnaught|Grassy Glide|p1b: Sinistcha\n|-resisted|p1b: Sinistcha|1\n|-damage|p1b: Sinistcha|0 fnt\n|faint|p1b: Sinistcha\n|\n|-heal|p2a: Florges|28/100|[from] Grassy Terrain\n|-heal|p2a: Florges|33/100|[from] item: Leftovers\n|upkeep\n|turn|7\n|\n|t:|1776149888\n|move|p2b: Chesnaught|Grassy Glide|p1a: Dragapult\n|-resisted|p1a: Dragapult|1\n|-damage|p1a: Dragapult|68/100\n|move|p1a: Dragapult|Will-O-Wisp|p2b: Chesnaught\n|-block|p2b: Chesnaught|ability: Flower Veil|[of] p2a: Florges\n|move|p2a: Florges|Moonblast|p1a: Dragapult\n|-supereffective|p1a: Dragapult|1\n|-damage|p1a: Dragapult|0 fnt\n|faint|p1a: Dragapult\n|\n|win|silentb88\n|raw|Ethalem's rating: 1084 &rarr; <strong>1065</strong><br />(-19 for losing)\n|raw|silentb88's rating: 1134 &rarr; <strong>1155</strong><br />(+21 for winning)\n",
  "uploadtime": 1776149899,
  "views": 36,
  "formatid": "gen9championsvgc2026regma",
  "rating": 1065,
  "private": 0,
  "password": null
}