{
  "id": "gen9championsvgc2026regma-2583522738",
  "format": "[Gen 9 Champions] VGC 2026 Reg M-A",
  "players": [
    "Alozk12",
    "GuardianLemartes"
  ],
  "log": "|j|\u203dAlozk12\n|j|\u2606GuardianLemartes\n|t:|1776180997\n|gametype|doubles\n|player|p1|Alozk12|2|1085\n|player|p2|GuardianLemartes|rocketgruntf|1051\n|gen|9\n|tier|[Gen 9 Champions] VGC 2026 Reg M-A\n|rated|\n|rule|Species Clause: Limit one of each Pok\u00e9mon\n|rule|Item Clause: Limit 1 of each item\n|clearpoke\n|poke|p1|Heracross, L50, F|\n|poke|p1|Sinistcha, L50|\n|poke|p1|Incineroar, L50, M|\n|poke|p1|Corviknight, L50, F|\n|poke|p1|Glimmora, L50, M|\n|poke|p1|Rotom-Wash, L50|\n|poke|p2|Incineroar, L50, M|\n|poke|p2|Gengar, L50, F|\n|poke|p2|Sinistcha, L50|\n|poke|p2|Starmie, L50|\n|poke|p2|Tyranitar, L50, M|\n|poke|p2|Sableye, L50, M|\n|teampreview|4\n|inactive|Battle timer is ON: inactive players will automatically lose when time's up. (requested by Alozk12)\nAlozk12 has agreed to open team sheets.\n|\n|t:|1776181022\n|teamsize|p1|4\n|teamsize|p2|4\n|start\n|switch|p1a: Incineroar|Incineroar, L50, M, shiny|100/100\n|switch|p1b: Corviknight|Corviknight, L50, F, shiny|100/100\n|switch|p2a: Gengar|Gengar, L50, F|100/100\n|switch|p2b: Sableye|Sableye, L50, M|100/100\n|-ability|p1a: Incineroar|Intimidate|boost\n|-unboost|p2a: Gengar|atk|1\n|-unboost|p2b: Sableye|atk|1\n|turn|1\n|\n|t:|1776181043\n|detailschange|p2a: Gengar|Gengar-Mega, L50, F\n|-mega|p2a: Gengar|Gengar|Gengarite\n|move|p2b: Sableye|Fake Out|p1a: Incineroar\n|-damage|p1a: Incineroar|95/100\n|move|p2a: Gengar|Perish Song|p2a: Gengar\n|-start|p1a: Incineroar|perish3|[silent]\n|-start|p1b: Corviknight|perish3|[silent]\n|-start|p2a: Gengar|perish3|[silent]\n|-start|p2b: Sableye|perish3|[silent]\n|-fieldactivate|move: Perish Song\n|move|p1b: Corviknight|Tailwind|p1b: Corviknight\n|-sidestart|p1: Alozk12|move: Tailwind\n|cant|p1a: Incineroar|flinch\n|\n|-start|p2a: Gengar|perish3\n|-start|p1b: Corviknight|perish3\n|-start|p1a: Incineroar|perish3\n|-start|p2b: Sableye|perish3\n|upkeep\n|turn|2\n|\n|t:|1776181064\n|move|p2b: Sableye|Encore|p1a: Incineroar\n|-hint|Since gen 7, Dark is immune to Prankster moves.\n|-immune|p1a: Incineroar\n|move|p2a: Gengar|Disable||[still]\n|-fail|p2a: Gengar\n|move|p1b: Corviknight|Bulk Up|p1b: Corviknight\n|-boost|p1b: Corviknight|atk|1\n|-boost|p1b: Corviknight|def|1\n|move|p1a: Incineroar|Flare Blitz|p2b: Sableye\n|-damage|p2b: Sableye|43/100\n|-damage|p1a: Incineroar|80/100|[from] Recoil\n|\n|-start|p2a: Gengar|perish2\n|-start|p1b: Corviknight|perish2\n|-start|p1a: Incineroar|perish2\n|-start|p2b: Sableye|perish2\n|upkeep\n|turn|3\n|\n|t:|1776181085\n|move|p2a: Gengar|Protect|p2a: Gengar\n|-singleturn|p2a: Gengar|Protect\n|move|p2b: Sableye|Encore|p1b: Corviknight\n|-start|p1b: Corviknight|Encore\n|move|p1b: Corviknight|Bulk Up|p1b: Corviknight\n|-boost|p1b: Corviknight|atk|1\n|-boost|p1b: Corviknight|def|1\n|move|p1a: Incineroar|Flare Blitz|p2a: Gengar\n|-activate|p2a: Gengar|move: Protect\n|\n|-start|p2a: Gengar|perish1\n|-start|p1b: Corviknight|perish1\n|-start|p1a: Incineroar|perish1\n|-start|p2b: Sableye|perish1\n|upkeep\n|turn|4\n|\n|t:|1776181105\n|switch|p2a: Tyranitar|Tyranitar, L50, M|100/100\n|-weather|Sandstorm|[from] ability: Sand Stream|[of] p2a: Tyranitar\n|switch|p2b: Sinistcha|Sinistcha, L50|100/100\n|move|p1b: Corviknight|Bulk Up|p1b: Corviknight\n|-boost|p1b: Corviknight|atk|1\n|-boost|p1b: Corviknight|def|1\n|move|p1a: Incineroar|Flare Blitz|p2b: Sinistcha\n|-supereffective|p2b: Sinistcha|1\n|-damage|p2b: Sinistcha|0 fnt\n|faint|p2b: Sinistcha\n|-damage|p1a: Incineroar|51/100|[from] Recoil\n|\n|-weather|Sandstorm|[upkeep]\n|-damage|p1a: Incineroar|46/100|[from] Sandstorm\n|-start|p1b: Corviknight|perish0\n|-start|p1a: Incineroar|perish0\n|-sideend|p1: Alozk12|move: Tailwind\n|upkeep\n|faint|p1b: Corviknight\n|faint|p1a: Incineroar\n|\n|t:|1776181125\n|switch|p2b: Sableye|Sableye, L50, M|43/100\n|switch|p1b: Sinistcha|Sinistcha, L50, shiny|100/100\n|switch|p1a: Heracross|Heracross, L50, F, shiny|100/100\n|turn|5\n|\n|t:|1776181139\n|detailschange|p1a: Heracross|Heracross-Mega, L50, F, shiny\n|-mega|p1a: Heracross|Heracross|Heracronite\n|move|p2b: Sableye|Fake Out|p1a: Heracross\n|-damage|p1a: Heracross|94/100\n|move|p1b: Sinistcha|Rage Powder|p1b: Sinistcha\n|-singleturn|p1b: Sinistcha|move: Rage Powder\n|move|p2a: Tyranitar|Ice Punch|p1b: Sinistcha\n|-supereffective|p1b: Sinistcha|1\n|-damage|p1b: Sinistcha|63/100\n|cant|p1a: Heracross|flinch\n|\n|-weather|Sandstorm|[upkeep]\n|-damage|p1a: Heracross|88/100|[from] Sandstorm\n|-damage|p1b: Sinistcha|57/100|[from] Sandstorm\n|-damage|p2b: Sableye|37/100|[from] Sandstorm\n|upkeep\n|turn|6\n|\n|t:|1776181156\n|move|p2b: Sableye|Thunder Wave|p1a: Heracross\n|-status|p1a: Heracross|par\n|move|p2a: Tyranitar|Ice Punch|p1b: Sinistcha\n|-supereffective|p1b: Sinistcha|1\n|-damage|p1b: Sinistcha|21/100\n|-enditem|p1b: Sinistcha|Sitrus Berry|[eat]\n|-heal|p1b: Sinistcha|46/100|[from] item: Sitrus Berry\n|move|p1b: Sinistcha|Strength Sap|p2a: Tyranitar\n|-unboost|p2a: Tyranitar|atk|1\n|-heal|p1b: Sinistcha|100/100\n|move|p1a: Heracross|Close Combat|p2a: Tyranitar\n|-supereffective|p2a: Tyranitar|2\n|-damage|p2a: Tyranitar|0 fnt\n|-unboost|p1a: Heracross|def|1\n|-unboost|p1a: Heracross|spd|1\n|faint|p2a: Tyranitar\n|\n|-weather|Sandstorm|[upkeep]\n|-damage|p1b: Sinistcha|94/100|[from] Sandstorm\n|-damage|p2b: Sableye|31/100|[from] Sandstorm\n|-damage|p1a: Heracross|82/100 par|[from] Sandstorm\n|upkeep\n|\n|t:|1776181169\n|switch|p2a: Gengar|Gengar-Mega, L50, F|100/100\n|turn|7\n|\n|t:|1776181178\n|move|p2b: Sableye|Encore|p1a: Heracross\n|-start|p1a: Heracross|Encore\n|move|p2a: Gengar|Disable|p1a: Heracross\n|-start|p1a: Heracross|Disable|Close Combat\n|cant|p1a: Heracross|Disable|Close Combat\n|move|p1b: Sinistcha|Trick Room|p1b: Sinistcha\n|-fieldstart|move: Trick Room|[of] p1b: Sinistcha\n|\n|-weather|Sandstorm|[upkeep]\n|-damage|p1a: Heracross|76/100 par|[from] Sandstorm\n|-damage|p2b: Sableye|25/100|[from] Sandstorm\n|-damage|p1b: Sinistcha|88/100|[from] Sandstorm\n|-damage|p2a: Gengar|95/100|[from] Sandstorm\n|upkeep\n|turn|8\n|\n|t:|1776181193\n|move|p1b: Sinistcha|Rage Powder|p1b: Sinistcha\n|-singleturn|p1b: Sinistcha|move: Rage Powder\n|move|p2b: Sableye|Encore|p1b: Sinistcha\n|-start|p1b: Sinistcha|Encore\n|-activate|p1a: Heracross|move: Struggle\n|move|p1a: Heracross|Struggle|p2a: Gengar\n|-damage|p2a: Gengar|67/100\n|-damage|p1a: Heracross|51/100 par|[from] recoil\n|move|p2a: Gengar|Disable|p1b: Sinistcha\n|-start|p1b: Sinistcha|Disable|Rage Powder\n|\n|-weather|none\n|upkeep\n|turn|9\n|inactive|GuardianLemartes has 30 seconds left.\n|\n|t:|1776181222\n|move|p2b: Sableye|Thunder Wave|p1b: Sinistcha\n|-status|p1b: Sinistcha|par\n|-activate|p1b: Sinistcha|move: Struggle\n|move|p1b: Sinistcha|Struggle|p2b: Sableye\n|-damage|p2b: Sableye|18/100\n|-damage|p1b: Sinistcha|63/100 par|[from] recoil\n|-activate|p1a: Heracross|move: Struggle\n|move|p1a: Heracross|Struggle|p2b: Sableye\n|-damage|p2b: Sableye|0 fnt\n|faint|p2b: Sableye\n|-damage|p1a: Heracross|26/100 par|[from] recoil\n|move|p2a: Gengar|Shadow Ball|p1b: Sinistcha\n|-supereffective|p1b: Sinistcha|1\n|-damage|p1b: Sinistcha|0 fnt\n|faint|p1b: Sinistcha\n|\n|-end|p1a: Heracross|Encore\n|upkeep\n|turn|10\n|\n|t:|1776181246\n|cant|p1a: Heracross|par\n|move|p2a: Gengar|Shadow Ball|p1a: Heracross\n|-damage|p1a: Heracross|0 fnt\n|faint|p1a: Heracross\n|\n|win|GuardianLemartes\n|raw|Alozk12's rating: 1085 &rarr; <strong>1060</strong><br />(-25 for losing)\n|raw|GuardianLemartes's rating: 1051 &rarr; <strong>1087</strong><br />(+36 for winning)\n|l|\u203dAlozk12\n|player|p1|\n",
  "uploadtime": 1776181259,
  "views": 14,
  "formatid": "gen9championsvgc2026regma",
  "rating": 1060,
  "private": 0,
  "password": null
}