{
  "id": "gen9championsvgc2026regma-2587349702",
  "format": "[Gen 9 Champions] VGC 2026 Reg M-A",
  "players": [
    "4ncientWolf",
    "Adroin"
  ],
  "log": "|j|\u26064ncientWolf\n|j|\u2606Adroin\n|t:|1776524329\n|gametype|doubles\n|player|p1|4ncientWolf|ghetsis|1192\n|player|p2|Adroin|hilbert|1207\n|gen|9\n|tier|[Gen 9 Champions] VGC 2026 Reg M-A\n|rated|\n|rule|Species Clause: Limit one of each Pok\u00e9mon\n|rule|Item Clause: Limit 1 of each item\n|clearpoke\n|poke|p1|Lucario, L50, M, shiny|\n|poke|p1|Primarina, L50, F, shiny|\n|poke|p1|Aegislash, L50, F, shiny|\n|poke|p1|Garchomp, L50, M, shiny|\n|poke|p1|Dragonite, L50, M|\n|poke|p1|Meganium, L50, F, shiny|\n|poke|p2|Samurott-Hisui, L50, M, shiny|\n|poke|p2|Talonflame, L50, F|\n|poke|p2|Milotic, L50, F|\n|poke|p2|Froslass, L50, F|\n|poke|p2|Arcanine-Hisui, L50, M|\n|poke|p2|Garchomp, L50, F|\n|teampreview|4\n|inactive|Battle timer is ON: inactive players will automatically lose when time's up. (requested by 4ncientWolf)\n|inactive|4ncientWolf has 60 seconds left.\n|inactive|Adroin has 60 seconds left.\n4ncientWolf rejected open team sheets.\n|\n|t:|1776524387\n|teamsize|p1|4\n|teamsize|p2|4\n|start\n|switch|p1a: Primarina|Primarina, L50, F, shiny|100/100\n|switch|p1b: Garchomp|Garchomp, L50, M, shiny|100/100\n|switch|p2a: Froslass|Froslass, L50, F|100/100\n|switch|p2b: Talonflame|Talonflame, L50, F|100/100\n|turn|1\n|\n|t:|1776524408\n|detailschange|p2a: Froslass|Froslass-Mega, L50, F\n|-mega|p2a: Froslass|Froslass|Froslassite\n|-weather|Snowscape|[from] ability: Snow Warning|[of] p2a: Froslass\n|move|p2b: Talonflame|Protect|p2b: Talonflame\n|-singleturn|p2b: Talonflame|Protect\n|move|p2a: Froslass|Blizzard|p1b: Garchomp|[spread] p1a,p1b\n|-resisted|p1a: Primarina|1\n|-supereffective|p1b: Garchomp|2\n|-damage|p1a: Primarina|80/100\n|-damage|p1b: Garchomp|0 fnt\n|faint|p1b: Garchomp\n|move|p1a: Primarina|Dazzling Gleam|p2a: Froslass|[spread] p2a\n|-activate|p2b: Talonflame|move: Protect\n|-damage|p2a: Froslass|63/100\n|\n|-weather|Snowscape|[upkeep]\n|-heal|p1a: Primarina|87/100|[from] item: Leftovers\n|upkeep\n|\n|t:|1776524426\n|switch|p1b: Meganium|Meganium, L50, F, shiny|100/100\n|turn|2\n|inactive|4ncientWolf has 30 seconds left.\n|inactive|4ncientWolf has 20 seconds left.\n|\n|t:|1776524465\n|detailschange|p1b: Meganium|Meganium-Mega, L50, F, shiny\n|-mega|p1b: Meganium|Meganium|Meganiumite\n|move|p2b: Talonflame|Dual Wingbeat|p1b: Meganium|[miss]\n|-miss|p2b: Talonflame|p1b: Meganium\n|move|p2a: Froslass|Blizzard|p1a: Primarina|[spread] p1a,p1b\n|-resisted|p1a: Primarina|1\n|-supereffective|p1b: Meganium|1\n|-damage|p1a: Primarina|65/100\n|-damage|p1b: Meganium|22/100\n|-status|p1b: Meganium|frz\n|cant|p1b: Meganium|frz\n|move|p1a: Primarina|Surf|p2b: Talonflame|[spread] p1b,p2a,p2b\n|-resisted|p1b: Meganium|1\n|-supereffective|p2b: Talonflame|1\n|-damage|p1b: Meganium|3/100 frz\n|-damage|p2a: Froslass|14/100\n|-enditem|p2b: Talonflame|Focus Sash\n|-damage|p2b: Talonflame|1/100\n|\n|-weather|Snowscape|[upkeep]\n|-heal|p1a: Primarina|71/100|[from] item: Leftovers\n|upkeep\n|turn|3\n|inactive|4ncientWolf has 30 seconds left.\n|inactive|Adroin has 30 seconds left.\n|\n|t:|1776524496\n|cant|p1b: Meganium|frz\n|move|p2b: Talonflame|Dual Wingbeat|p1b: Meganium\n|-supereffective|p1b: Meganium|1\n|-damage|p1b: Meganium|0 fnt\n|faint|p1b: Meganium\n|-hitcount|p1: Meganium|1\n|move|p2a: Froslass|Shadow Ball|p1a: Primarina\n|-damage|p1a: Primarina|27/100\n|move|p1a: Primarina|Surf|p2a: Froslass|[spread] p2a,p2b\n|-supereffective|p2b: Talonflame|1\n|-damage|p2a: Froslass|0 fnt\n|-damage|p2b: Talonflame|0 fnt\n|faint|p2a: Froslass\n|faint|p2b: Talonflame\n|\n|-weather|Snowscape|[upkeep]\n|-heal|p1a: Primarina|33/100|[from] item: Leftovers\n|upkeep\n|\n|t:|1776524515\n|switch|p2b: Arcanine|Arcanine-Hisui, L50, M|100/100\n|switch|p2a: Milotic|Milotic, L50, F|100/100\n|switch|p1b: Dragonite|Dragonite, L50, M|100/100\n|turn|4\n|\n|t:|1776524539\n|move|p1a: Primarina|Protect|p1a: Primarina\n|-singleturn|p1a: Primarina|Protect\n|move|p2b: Arcanine|Head Smash|p1a: Primarina\n|-activate|p1a: Primarina|move: Protect\n|move|p1b: Dragonite|Dragon Dance|p1b: Dragonite\n|-boost|p1b: Dragonite|atk|1\n|-boost|p1b: Dragonite|spe|1\n|move|p2a: Milotic|Blizzard|p1a: Primarina|[spread] p1b\n|-activate|p1a: Primarina|move: Protect\n|-supereffective|p1b: Dragonite|2\n|-damage|p1b: Dragonite|45/100\n|\n|-weather|Snowscape|[upkeep]\n|-heal|p1a: Primarina|39/100|[from] item: Leftovers\n|upkeep\n|turn|5\n|\n|t:|1776524562\n|move|p2b: Arcanine|Head Smash|p1b: Dragonite|[miss]\n|-miss|p2b: Arcanine|p1b: Dragonite\n|move|p1b: Dragonite|Outrage|p2a: Milotic\n|-damage|p2a: Milotic|0 fnt\n|faint|p2a: Milotic\n|move|p1a: Primarina|Surf|p2b: Arcanine|[spread] p1b,p2b\n|-resisted|p1b: Dragonite|1\n|-supereffective|p2b: Arcanine|2\n|-damage|p1b: Dragonite|25/100\n|-damage|p2b: Arcanine|0 fnt\n|faint|p2b: Arcanine\n|\n|win|4ncientWolf\n|raw|4ncientWolf's rating: 1192 &rarr; <strong>1218</strong><br />(+26 for winning)\n|raw|Adroin's rating: 1207 &rarr; <strong>1181</strong><br />(-26 for losing)\n|l|\u2606Adroin\n|player|p2|\n",
  "uploadtime": 1776524578,
  "views": 15,
  "formatid": "gen9championsvgc2026regma",
  "rating": 1181,
  "private": 0,
  "password": null
}