{
  "id": "gen9championsvgc2026regma-2588862272",
  "format": "[Gen 9 Champions] VGC 2026 Reg M-A",
  "players": [
    "MvillMpersonality",
    "CloudReaping"
  ],
  "log": "|j|\u2606MvillMpersonality\n|j|\u2606CloudReaping\n|t:|1776679795\n|gametype|doubles\n|player|p1|MvillMpersonality|169|1055\n|player|p2|CloudReaping|102|1040\n|gen|9\n|tier|[Gen 9 Champions] VGC 2026 Reg M-A\n|rated|\n|rule|Species Clause: Limit one of each Pok\u00e9mon\n|rule|Item Clause: Limit 1 of each item\n|clearpoke\n|poke|p1|Scovillain, L50, M|\n|poke|p1|Rhyperior, L50, M|\n|poke|p1|Sinistcha, L50|\n|poke|p1|Empoleon, L50, M|\n|poke|p1|Tyranitar, L50, F|\n|poke|p1|Kingambit, L50, F|\n|poke|p2|Forretress, L50, M|\n|poke|p2|Samurott-Hisui, L50, F, shiny|\n|poke|p2|Scizor, L50, M|\n|poke|p2|Golurk, L50|\n|poke|p2|Sylveon, L50, F|\n|poke|p2|Pangoro, L50, M|\n|teampreview|4\n|c|\u2606MvillMpersonality|glhf\n|\n|t:|1776679856\n|teamsize|p1|4\n|teamsize|p2|4\n|start\n|switch|p1a: The Antagonist|Scovillain, L50, M|100/100\n|switch|p1b: The Beef|Rhyperior, L50, M|100/100\n|switch|p2a: Pangoro|Pangoro, L50, M|100/100\n|switch|p2b: Samurott|Samurott-Hisui, L50, F, shiny|100/100\n|turn|1\n|\n|t:|1776679891\n|detailschange|p1a: The Antagonist|Scovillain-Mega, L50, M\n|-mega|p1a: The Antagonist|Scovillain|Scovillainite\n|move|p2b: Samurott|Protect|p2b: Samurott\n|-singleturn|p2b: Samurott|Protect\n|move|p1b: The Beef|Protect|p1b: The Beef\n|-singleturn|p1b: The Beef|Protect\n|move|p2a: Pangoro|Drain Punch|p1b: The Beef\n|-activate|p1b: The Beef|move: Protect\n|move|p1a: The Antagonist|Leaf Storm|p2b: Samurott\n|-activate|p2b: Samurott|move: Protect\n|\n|upkeep\n|turn|2\n|\n|t:|1776679930\n|move|p1a: The Antagonist|Rage Powder|p1a: The Antagonist\n|-singleturn|p1a: The Antagonist|move: Rage Powder\n|move|p2a: Pangoro|Drain Punch|p1a: The Antagonist\n|-damage|p1a: The Antagonist|53/100\n|-status|p2a: Pangoro|brn|[from] ability: Spicy Spray|[of] p1a: The Antagonist\n|move|p2b: Samurott|Sacred Sword|p1a: The Antagonist\n|-damage|p1a: The Antagonist|12/100\n|-status|p2b: Samurott|brn|[from] ability: Spicy Spray|[of] p1a: The Antagonist\n|move|p1b: The Beef|Swords Dance|p1b: The Beef\n|-boost|p1b: The Beef|atk|2\n|\n|-damage|p2a: Pangoro|95/100 brn|[from] brn\n|-damage|p2b: Samurott|94/100 brn|[from] brn\n|upkeep\n|turn|3\n|\n|t:|1776679959\n|move|p1a: The Antagonist|Rage Powder|p1a: The Antagonist\n|-singleturn|p1a: The Antagonist|move: Rage Powder\n|move|p2b: Samurott|Sucker Punch||[still]\n|-fail|p2b: Samurott\n|move|p2a: Pangoro|Drain Punch|p1a: The Antagonist\n|-damage|p1a: The Antagonist|0 fnt\n|-heal|p2a: Pangoro|100/100 brn|[from] drain|[of] p1a: The Antagonist\n|faint|p1a: The Antagonist\n|move|p1b: The Beef|High Horsepower|p2a: Pangoro\n|-damage|p2a: Pangoro|0 fnt\n|faint|p2a: Pangoro\n|\n|-damage|p2b: Samurott|88/100 brn|[from] brn\n|upkeep\n|\n|t:|1776679981\n|switch|p2a: Scizor|Scizor, L50, M|100/100\n|switch|p1a: The Brawler|Tyranitar, L50, F|100/100\n|-weather|Sandstorm|[from] ability: Sand Stream|[of] p1a: The Brawler\n|turn|4\n|\n|t:|1776680001\n|move|p2b: Samurott|Protect|p2b: Samurott\n|-singleturn|p2b: Samurott|Protect\n|move|p1b: The Beef|Protect|p1b: The Beef\n|-singleturn|p1b: The Beef|Protect\n|move|p2a: Scizor|Swords Dance|p2a: Scizor\n|-boost|p2a: Scizor|atk|2\n|move|p1a: The Brawler|Brick Break|p2b: Samurott\n|-activate|p2b: Samurott|move: Protect\n|\n|-weather|Sandstorm|[upkeep]\n|-damage|p2b: Samurott|82/100 brn|[from] Sandstorm\n|-damage|p2b: Samurott|76/100 brn|[from] brn\n|upkeep\n|turn|5\n|\n|t:|1776680020\n|move|p1a: The Brawler|Protect|p1a: The Brawler\n|-singleturn|p1a: The Brawler|Protect\n|move|p2a: Scizor|Bullet Punch|p1b: The Beef\n|-supereffective|p1b: The Beef|1\n|-damage|p1b: The Beef|29/100\n|move|p2b: Samurott|Sacred Sword|p1a: The Brawler\n|-activate|p1a: The Brawler|move: Protect\n|move|p1b: The Beef|Rock Slide|p2b: Samurott|[spread] p2a,p2b\n|-damage|p2a: Scizor|17/100\n|-damage|p2b: Samurott|0 fnt\n|faint|p2b: Samurott\n|\n|-weather|Sandstorm|[upkeep]\n|upkeep\n|\n|t:|1776680037\n|switch|p2b: Golurk|Golurk, L50|100/100\n|turn|6\n|\n|t:|1776680061\n|detailschange|p2b: Golurk|Golurk-Mega, L50\n|-mega|p2b: Golurk|Golurk|Golurkite\n|move|p2b: Golurk|Protect|p2b: Golurk\n|-singleturn|p2b: Golurk|Protect\n|move|p2a: Scizor|Bullet Punch|p1a: The Brawler\n|-supereffective|p1a: The Brawler|1\n|-damage|p1a: The Brawler|0 fnt\n|faint|p1a: The Brawler\n|move|p1b: The Beef|Rock Slide|p2b: Golurk|[spread] p2a\n|-activate|p2b: Golurk|move: Protect\n|-damage|p2a: Scizor|0 fnt\n|faint|p2a: Scizor\n|\n|-weather|Sandstorm|[upkeep]\n|upkeep\n|\n|t:|1776680074\n|switch|p1a: The Muscle|Kingambit, L50, F|100/100\n|turn|7\n|\n|t:|1776680092\n|move|p1a: The Muscle|Sucker Punch|p2b: Golurk\n|-supereffective|p2b: Golurk|1\n|-damage|p2b: Golurk|20/100\n|move|p2b: Golurk|Headlong Rush|p1b: The Beef\n|-supereffective|p1b: The Beef|1\n|-damage|p1b: The Beef|0 fnt\n|-unboost|p2b: Golurk|def|1\n|-unboost|p2b: Golurk|spd|1\n|faint|p1b: The Beef\n|\n|-weather|Sandstorm|[upkeep]\n|upkeep\n|turn|8\n|\n|t:|1776680118\n|move|p2b: Golurk|Protect|p2b: Golurk\n|-singleturn|p2b: Golurk|Protect\n|move|p1a: The Muscle|Protect||[still]\n|-fail|p1a: The Muscle\n|\n|-weather|none\n|upkeep\n|turn|9\n|\n|t:|1776680130\n|move|p2b: Golurk|Protect|p2b: Golurk\n|-singleturn|p2b: Golurk|Protect\n|move|p1a: The Muscle|Protect||[still]\n|-fail|p1a: The Muscle\n|\n|upkeep\n|turn|10\n|\n|t:|1776680151\n|move|p1a: The Muscle|Sucker Punch|p2b: Golurk\n|-supereffective|p2b: Golurk|1\n|-damage|p2b: Golurk|0 fnt\n|faint|p2b: Golurk\n|\n|win|MvillMpersonality\n|raw|MvillMpersonality's rating: 1055 &rarr; <strong>1085</strong><br />(+30 for winning)\n|raw|CloudReaping's rating: 1040 &rarr; <strong>1025</strong><br />(-15 for losing)\n|l|\u2606CloudReaping\n|player|p2|\n",
  "uploadtime": 1776680280,
  "views": 15,
  "formatid": "gen9championsvgc2026regma",
  "rating": 1025,
  "private": 0,
  "password": null
}