{
  "id": "gen9championsvgc2026regma-2585661966",
  "format": "[Gen 9 Champions] VGC 2026 Reg M-A",
  "players": [
    "dreadedbolt",
    "CrosspoisonVGC"
  ],
  "log": "|j|\u2606dreadedbolt\n|j|\u2606CrosspoisonVGC\n|t:|1776362010\n|gametype|doubles\n|player|p1|dreadedbolt|266|1254\n|player|p2|CrosspoisonVGC|266|1285\n|gen|9\n|tier|[Gen 9 Champions] VGC 2026 Reg M-A\n|rated|\n|rule|Species Clause: Limit one of each Pok\u00e9mon\n|rule|Item Clause: Limit 1 of each item\n|clearpoke\n|poke|p1|Gengar, L50, M|\n|poke|p1|Archaludon, L50, F|\n|poke|p1|Politoed, L50, F|\n|poke|p1|Basculegion, L50, M|\n|poke|p1|Incineroar, L50, M|\n|poke|p1|Maushold-Four, L50|\n|poke|p2|Torkoal, L50, F|\n|poke|p2|Kingambit, L50, M|\n|poke|p2|Garchomp, L50, F|\n|poke|p2|Quaquaval, L50, M|\n|poke|p2|Delphox, L50, M|\n|poke|p2|Farigiraf, L50, M|\n|teampreview|4\n|\n|t:|1776362033\n|teamsize|p1|4\n|teamsize|p2|4\n|start\n|switch|p1a: Gengar|Gengar, L50, M, shiny|100/100\n|switch|p1b: Maushold|Maushold-Four, L50|100/100\n|switch|p2a: Quaquaval|Quaquaval, L50, M|100/100\n|switch|p2b: Farigiraf|Farigiraf, L50, M|100/100\n|turn|1\n|\n|t:|1776362055\n|detailschange|p1a: Gengar|Gengar-Mega, L50, M, shiny\n|-mega|p1a: Gengar|Gengar|Gengarite\n|move|p2a: Quaquaval|Flip Turn|p1a: Gengar\n|-damage|p1a: Gengar|56/100\n|\n|t:|1776362057\n|switch|p2a: Torkoal|Torkoal, L50, F|100/100|[from] Flip Turn\n|-weather|SunnyDay|[from] ability: Drought|[of] p2a: Torkoal\n|move|p1a: Gengar|Sludge Bomb|p2a: Torkoal\n|-damage|p2a: Torkoal|31/100\n|-status|p2a: Torkoal|psn\n|move|p1b: Maushold|Population Bomb|p2a: Torkoal\n|-damage|p2a: Torkoal|20/100 psn\n|-damage|p2a: Torkoal|10/100 psn\n|-damage|p2a: Torkoal|0 fnt\n|faint|p2a: Torkoal\n|-hitcount|p2: Torkoal|3\n|move|p2b: Farigiraf|Trick Room|p2b: Farigiraf\n|-fieldstart|move: Trick Room|[of] p2b: Farigiraf\n|\n|-weather|SunnyDay|[upkeep]\n|upkeep\n|\n|t:|1776362074\n|switch|p2a: FieryAffinity|Delphox, L50, M|100/100\n|turn|2\n|\n|t:|1776362088\n|switch|p1b: Politoed|Politoed, L50, F|100/100\n|-weather|RainDance|[from] ability: Drizzle|[of] p1b: Politoed\n|detailschange|p2a: FieryAffinity|Delphox-Mega, L50, M\n|-mega|p2a: FieryAffinity|Delphox|Delphoxite\n|move|p1a: Gengar|Protect|p1a: Gengar\n|-singleturn|p1a: Gengar|Protect\n|move|p2a: FieryAffinity|Protect|p2a: FieryAffinity\n|-singleturn|p2a: FieryAffinity|Protect\n|move|p2b: Farigiraf|Trick Room|p2b: Farigiraf\n|-fieldend|move: Trick Room\n|\n|-weather|RainDance|[upkeep]\n|upkeep\n|turn|3\n|\n|t:|1776362129\n|switch|p1a: Basculegion|Basculegion, L50, M, shiny|100/100\n|move|p2a: FieryAffinity|Psychic|p1b: Politoed\n|-damage|p1b: Politoed|62/100\n|move|p1b: Politoed|Weather Ball|p2a: FieryAffinity\n|-supereffective|p2a: FieryAffinity|1\n|-damage|p2a: FieryAffinity|2/100\n|move|p2b: Farigiraf|Hyper Voice|p1b: Politoed|[spread] p1b\n|-immune|p1a: Basculegion\n|-damage|p1b: Politoed|43/100\n|-enditem|p1b: Politoed|Sitrus Berry|[eat]\n|-heal|p1b: Politoed|68/100|[from] item: Sitrus Berry\n|\n|-weather|RainDance|[upkeep]\n|upkeep\n|turn|4\n|\n|t:|1776362148\n|move|p2a: FieryAffinity|Protect|p2a: FieryAffinity\n|-singleturn|p2a: FieryAffinity|Protect\n|move|p1a: Basculegion|Liquidation|p2b: Farigiraf\n|-damage|p2b: Farigiraf|49/100\n|-enditem|p2b: Farigiraf|Sitrus Berry|[eat]\n|-heal|p2b: Farigiraf|74/100|[from] item: Sitrus Berry\n|move|p1b: Politoed|Weather Ball|p2a: FieryAffinity\n|-activate|p2a: FieryAffinity|move: Protect\n|move|p2b: Farigiraf|Psychic|p1a: Basculegion\n|-damage|p1a: Basculegion|59/100\n|\n|-weather|RainDance|[upkeep]\n|upkeep\n|turn|5\n|\n|t:|1776362167\n|switch|p2a: Quaquaval|Quaquaval, L50, M|100/100\n|move|p1a: Basculegion|Liquidation|p2a: Quaquaval\n|-resisted|p2a: Quaquaval|1\n|-damage|p2a: Quaquaval|55/100\n|move|p1b: Politoed|Weather Ball|p2b: Farigiraf\n|-damage|p2b: Farigiraf|26/100\n|move|p2b: Farigiraf|Psychic|p1a: Basculegion\n|-damage|p1a: Basculegion|18/100\n|\n|-weather|RainDance|[upkeep]\n|upkeep\n|turn|6\n|l|\u2606CrosspoisonVGC\n|player|p2|\n|j|\u2606CrosspoisonVGC\n|player|p2|CrosspoisonVGC|266|\n|\n|t:|1776362201\n|move|p1a: Basculegion|Aqua Jet||[still]\n|cant|p2b: Farigiraf|ability: Armor Tail|Aqua Jet|[of] p1a: Basculegion\n|move|p2a: Quaquaval|Wave Crash|p1a: Basculegion\n|-resisted|p1a: Basculegion|1\n|-damage|p1a: Basculegion|0 fnt\n|faint|p1a: Basculegion\n|-ability|p2a: Quaquaval|Moxie|boost\n|-boost|p2a: Quaquaval|atk|1\n|-damage|p2a: Quaquaval|47/100|[from] Recoil\n|move|p1b: Politoed|Weather Ball|p2a: Quaquaval\n|-resisted|p2a: Quaquaval|1\n|-damage|p2a: Quaquaval|13/100\n|move|p2b: Farigiraf|Psychic|p1b: Politoed\n|-damage|p1b: Politoed|45/100\n|-unboost|p1b: Politoed|spd|1\n|\n|-weather|none\n|upkeep\n|\n|t:|1776362221\n|switch|p1a: Gengar|Gengar-Mega, L50, M, shiny|56/100\n|turn|7\n|\n|t:|1776362240\n|move|p2a: Quaquaval|Wave Crash|p1a: Gengar\n|-damage|p1a: Gengar|0 fnt\n|faint|p1a: Gengar\n|-ability|p2a: Quaquaval|Moxie|boost\n|-boost|p2a: Quaquaval|atk|1\n|-damage|p2a: Quaquaval|0 fnt|[from] Recoil\n|faint|p2a: Quaquaval\n|move|p1b: Politoed|Earth Power|p2b: Farigiraf\n|-damage|p2b: Farigiraf|6/100\n|move|p2b: Farigiraf|Psychic|p1b: Politoed\n|-damage|p1b: Politoed|6/100\n|\n|upkeep\n|\n|t:|1776362251\n|switch|p1a: Maushold|Maushold-Four, L50|100/100\n|switch|p2a: FieryAffinity|Delphox-Mega, L50, M|2/100\n|turn|8\n|\n|t:|1776362260\n|move|p2a: FieryAffinity|Heat Wave|p1a: Maushold|[spread] p1a,p1b\n|-resisted|p1b: Politoed|1\n|-damage|p1a: Maushold|39/100\n|-damage|p1b: Politoed|0 fnt\n|faint|p1b: Politoed\n|move|p1a: Maushold|Population Bomb|p2b: Farigiraf\n|-damage|p2b: Farigiraf|0 fnt\n|faint|p2b: Farigiraf\n|-hitcount|p2: Farigiraf|1\n|\n|upkeep\n|turn|9\n|\n|t:|1776362270\n|move|p1a: Maushold|Protect|p1a: Maushold\n|-singleturn|p1a: Maushold|Protect\n|move|p2a: FieryAffinity|Psychic|p1a: Maushold\n|-activate|p1a: Maushold|move: Protect\n|\n|upkeep\n|turn|10\n|\n|t:|1776362276\n|move|p2a: FieryAffinity|Psychic|p1a: Maushold\n|-damage|p1a: Maushold|0 fnt\n|faint|p1a: Maushold\n|\n|win|CrosspoisonVGC\n|raw|dreadedbolt's rating: 1254 &rarr; <strong>1231</strong><br />(-23 for losing)\n|raw|CrosspoisonVGC's rating: 1285 &rarr; <strong>1308</strong><br />(+23 for winning)\n|l|\u2606dreadedbolt\n|player|p1|\n",
  "uploadtime": 1776362408,
  "views": 37,
  "formatid": "gen9championsvgc2026regma",
  "rating": 1231,
  "private": 0,
  "password": null
}