{
  "id": "gen9championsvgc2026regma-2584765262",
  "format": "[Gen 9 Champions] VGC 2026 Reg M-A",
  "players": [
    "makoyouidiot",
    "arthur1570"
  ],
  "log": "|j|\u2606makoyouidiot\n|j|\u2606arthur1570\n|t:|1776282074\n|gametype|doubles\n|player|p1|makoyouidiot|acetrainersnow|1214\n|player|p2|arthur1570|pryce|1126\n|gen|9\n|tier|[Gen 9 Champions] VGC 2026 Reg M-A\n|rated|\n|rule|Species Clause: Limit one of each Pok\u00e9mon\n|rule|Item Clause: Limit 1 of each item\n|clearpoke\n|poke|p1|Charizard, L50, M|\n|poke|p1|Aerodactyl, L50, M|\n|poke|p1|Basculegion, L50, M|\n|poke|p1|Tyrantrum, L50, M|\n|poke|p1|Oranguru, L50, M|\n|poke|p1|Torkoal, L50, F|\n|poke|p2|Glimmora, L50, M|\n|poke|p2|Tyranitar, L50, M|\n|poke|p2|Excadrill, L50, F|\n|poke|p2|Whimsicott, L50, F|\n|poke|p2|Incineroar, L50, F|\n|poke|p2|Rotom-Wash, L50|\n|teampreview|4\n|inactive|Battle timer is ON: inactive players will automatically lose when time's up. (requested by makoyouidiot)\n|inactive|arthur1570 has 60 seconds left.\n|\n|t:|1776282112\n|teamsize|p1|4\n|teamsize|p2|4\n|start\n|switch|p1a: Oranguru|Oranguru, L50, M|100/100\n|switch|p1b: Basculegion|Basculegion, L50, M|100/100\n|switch|p2a: Glimmora|Glimmora, L50, M|100/100\n|switch|p2b: Whimsicott|Whimsicott, L50, F|100/100\n|turn|1\n|inactive|makoyouidiot has 30 seconds left.\n|inactive|arthur1570 has 30 seconds left.\n|\n|t:|1776282137\n|switch|p2b: Incineroar|Incineroar, L50, F|100/100\n|-ability|p2b: Incineroar|Intimidate|boost\n|-fail|p1a: Oranguru|unboost|Attack|[from] ability: Inner Focus|[of] p1a: Oranguru\n|-unboost|p1b: Basculegion|atk|1\n|move|p2a: Glimmora|Protect|p2a: Glimmora\n|-singleturn|p2a: Glimmora|Protect\n|move|p1b: Basculegion|Flip Turn|p2a: Glimmora\n|-activate|p2a: Glimmora|move: Protect\n|move|p1a: Oranguru|Foul Play|p2b: Incineroar\n|-resisted|p2b: Incineroar|1\n|-damage|p2b: Incineroar|85/100\n|\n|upkeep\n|turn|2\n|inactive|arthur1570 has 30 seconds left.\n|\n|t:|1776282169\n|switch|p2a: Rotom|Rotom-Wash, L50|100/100\n|move|p1b: Basculegion|Flip Turn|p2a: Rotom\n|-resisted|p2a: Rotom|1\n|-damage|p2a: Rotom|87/100\n|\n|t:|1776282183\n|switch|p1b: Tyrantrum|Tyrantrum, L50, M|100/100|[from] Flip Turn\n|move|p2b: Incineroar|Darkest Lariat|p1b: Tyrantrum\n|-damage|p1b: Tyrantrum|62/100\n|move|p1a: Oranguru|Trick Room|p1a: Oranguru\n|-fieldstart|move: Trick Room|[of] p1a: Oranguru\n|\n|upkeep\n|turn|3\n|-activate|p2a: Rotom|item: Quick Claw\n|\n|t:|1776282200\n|move|p2a: Rotom|Helping Hand|p2b: Incineroar\n|-singleturn|p2b: Incineroar|Helping Hand|[of] p2a: Rotom\n|move|p2b: Incineroar|Darkest Lariat|p1b: Tyrantrum\n|-damage|p1b: Tyrantrum|0 fnt\n|faint|p1b: Tyrantrum\n|move|p1a: Oranguru|Instruct|p1: Tyrantrum|[notarget]\n|-fail|p1a: Oranguru\n|\n|upkeep\n|\n|t:|1776282215\n|switch|p1b: Basculegion|Basculegion, L50, M|100/100\n|turn|4\n|\n|t:|1776282228\n|move|p2a: Rotom|Helping Hand|p2b: Incineroar\n|-singleturn|p2b: Incineroar|Helping Hand|[of] p2a: Rotom\n|move|p2b: Incineroar|Darkest Lariat|p1a: Oranguru\n|-supereffective|p1a: Oranguru|1\n|-damage|p1a: Oranguru|0 fnt\n|faint|p1a: Oranguru\n|move|p1b: Basculegion|Last Respects|p2b: Incineroar\n|-resisted|p2b: Incineroar|1\n|-damage|p2b: Incineroar|32/100\n|\n|upkeep\n|\n|t:|1776282238\n|switch|p1a: Torkoal|Torkoal, L50, F|100/100\n|-weather|SunnyDay|[from] ability: Drought|[of] p1a: Torkoal\n|turn|5\n|-activate|p2a: Rotom|item: Quick Claw\n|\n|t:|1776282246\n|move|p2a: Rotom|Helping Hand|p2b: Incineroar\n|-singleturn|p2b: Incineroar|Helping Hand|[of] p2a: Rotom\n|move|p1a: Torkoal|Eruption|p2b: Incineroar|[spread] p2a,p2b\n|-resisted|p2a: Rotom|1\n|-resisted|p2b: Incineroar|1\n|-damage|p2a: Rotom|39/100\n|-damage|p2b: Incineroar|0 fnt\n|faint|p2b: Incineroar\n|move|p1b: Basculegion|Last Respects|p2a: Rotom\n|-damage|p2a: Rotom|0 fnt\n|faint|p2a: Rotom\n|\n|-weather|SunnyDay|[upkeep]\n|upkeep\n|\n|t:|1776282256\n|switch|p2b: Whimsicott|Whimsicott, L50, F|100/100\n|switch|p2a: Glimmora|Glimmora, L50, M|100/100\n|turn|6\n|\n|t:|1776282271\n|move|p2b: Whimsicott|Protect|p2b: Whimsicott\n|-singleturn|p2b: Whimsicott|Protect\n|move|p2a: Glimmora|Protect|p2a: Glimmora\n|-singleturn|p2a: Glimmora|Protect\n|move|p1a: Torkoal|Eruption|p2b: Whimsicott|[spread] \n|-activate|p2a: Glimmora|move: Protect\n|-activate|p2b: Whimsicott|move: Protect\n|move|p1b: Basculegion|Last Respects|p2b: Whimsicott\n|-activate|p2b: Whimsicott|move: Protect\n|\n|-weather|SunnyDay|[upkeep]\n|-fieldend|move: Trick Room\n|upkeep\n|turn|7\n|\n|t:|1776282292\n|detailschange|p2a: Glimmora|Glimmora-Mega, L50, M\n|-mega|p2a: Glimmora|Glimmora|Glimmoranite\n|move|p2b: Whimsicott|Tailwind|p2b: Whimsicott\n|-sidestart|p2: arthur1570|move: Tailwind\n|move|p2a: Glimmora|Power Gem|p1b: Basculegion\n|-damage|p1b: Basculegion|25/100\n|move|p1b: Basculegion|Last Respects|p2a: Glimmora\n|-damage|p2a: Glimmora|0 fnt\n|faint|p2a: Glimmora\n|move|p1a: Torkoal|Heat Wave|p2b: Whimsicott\n|-supereffective|p2b: Whimsicott|1\n|-enditem|p2b: Whimsicott|Focus Sash\n|-damage|p2b: Whimsicott|1/100\n|-status|p2b: Whimsicott|brn\n|\n|-weather|SunnyDay|[upkeep]\n|-damage|p2b: Whimsicott|0 fnt|[from] brn\n|faint|p2b: Whimsicott\n|\n|win|makoyouidiot\n|raw|makoyouidiot's rating: 1214 &rarr; <strong>1233</strong><br />(+19 for winning)\n|raw|arthur1570's rating: 1126 &rarr; <strong>1107</strong><br />(-19 for losing)\n",
  "uploadtime": 1776282590,
  "views": 27,
  "formatid": "gen9championsvgc2026regma",
  "rating": 1107,
  "private": 0,
  "password": null
}