{
  "id": "gen9championsvgc2026regma-2588522936",
  "format": "[Gen 9 Champions] VGC 2026 Reg M-A",
  "players": [
    "Cowtow14",
    "Aipomhj"
  ],
  "log": "|j|\u2606Cowtow14\n|j|\u2606Aipomhj\n|t:|1776641376\n|gametype|doubles\n|player|p1|Cowtow14|guzma|1278\n|player|p2|Aipomhj|170|1245\n|gen|9\n|tier|[Gen 9 Champions] VGC 2026 Reg M-A\n|rated|\n|rule|Species Clause: Limit one of each Pok\u00e9mon\n|rule|Item Clause: Limit 1 of each item\n|clearpoke\n|poke|p1|Floette-Eternal, L50, F|\n|poke|p1|Garchomp, L50, F|\n|poke|p1|Kingambit, L50, F|\n|poke|p1|Froslass, L50, F|\n|poke|p1|Basculegion, L50, M|\n|poke|p1|Sneasler, L50, F|\n|poke|p2|Froslass, L50, F|\n|poke|p2|Vanilluxe, L50, F|\n|poke|p2|Incineroar, L50, M|\n|poke|p2|Basculegion, L50, M|\n|poke|p2|Sneasler, L50, F|\n|poke|p2|Aerodactyl, L50, M|\n|teampreview|4\n|inactive|Battle timer is ON: inactive players will automatically lose when time's up. (requested by Aipomhj)\n|inactive|Cowtow14 has 60 seconds left.\n|inactive|Aipomhj has 60 seconds left.\n|\n|t:|1776641420\n|teamsize|p1|4\n|teamsize|p2|4\n|start\n|switch|p1a: Kingambit|Kingambit, L50, F|100/100\n|switch|p1b: Sneasler|Sneasler, L50, F|100/100\n|switch|p2a: Sneasler|Sneasler, L50, F|100/100\n|switch|p2b: Aerodactyl|Aerodactyl, L50, M|100/100\n|-ability|p2b: Aerodactyl|Unnerve\n|turn|1\n|inactive|Cowtow14 has 30 seconds left.\n|inactive|Cowtow14 has 20 seconds left.\n|\n|t:|1776641456\n|switch|p1a: Basculegion|Basculegion, L50, M|100/100\n|move|p2b: Aerodactyl|Protect|p2b: Aerodactyl\n|-singleturn|p2b: Aerodactyl|Protect\n|move|p1b: Sneasler|Fake Out|p2b: Aerodactyl\n|-activate|p2b: Aerodactyl|move: Protect\n|move|p2a: Sneasler|Close Combat|p1a: Basculegion\n|-immune|p1a: Basculegion\n|\n|upkeep\n|turn|2\n|\n|t:|1776641476\n|move|p2b: Aerodactyl|Tailwind|p2b: Aerodactyl\n|-sidestart|p2: Aipomhj|move: Tailwind\n|move|p2a: Sneasler|Close Combat|p1b: Sneasler\n|-resisted|p1b: Sneasler|1\n|-damage|p1b: Sneasler|46/100\n|-unboost|p2a: Sneasler|def|1\n|-unboost|p2a: Sneasler|spd|1\n|-enditem|p2a: Sneasler|White Herb\n|-clearnegativeboost|p2a: Sneasler|[silent]\n|move|p1b: Sneasler|Dire Claw|p2a: Sneasler\n|-resisted|p2a: Sneasler|1\n|-damage|p2a: Sneasler|64/100\n|-status|p2a: Sneasler|slp\n|move|p1a: Basculegion|Wave Crash|p2a: Sneasler\n|-damage|p2a: Sneasler|0 fnt\n|faint|p2a: Sneasler\n|-damage|p1a: Basculegion|85/100|[from] Recoil\n|\n|upkeep\n|\n|t:|1776641491\n|switch|p2a: Basculegion|Basculegion, L50, M|100/100\n|turn|3\n|inactive|Cowtow14 has 30 seconds left.\n|\n|t:|1776641518\n|switch|p1a: Kingambit|Kingambit, L50, F|100/100\n|move|p1b: Sneasler|Protect|p1b: Sneasler\n|-singleturn|p1b: Sneasler|Protect\n|move|p2a: Basculegion|Wave Crash|p1a: Kingambit\n|-damage|p1a: Kingambit|44/100\n|-damage|p2a: Basculegion|81/100|[from] Recoil\n|move|p2b: Aerodactyl|Dual Wingbeat|p1b: Sneasler\n|-activate|p1b: Sneasler|move: Protect\n|\n|upkeep\n|turn|4\n|\n|t:|1776641540\n|switch|p2a: Froslass|Froslass, L50, F|100/100\n|move|p2b: Aerodactyl|Protect|p2b: Aerodactyl\n|-singleturn|p2b: Aerodactyl|Protect\n|move|p1a: Kingambit|Sucker Punch||[still]\n|-fail|p1a: Kingambit\n|move|p1b: Sneasler|Dire Claw|p2b: Aerodactyl\n|-activate|p2b: Aerodactyl|move: Protect\n|\n|upkeep\n|turn|5\n|inactive|Aipomhj has 30 seconds left.\n|\n|t:|1776641569\n|switch|p1b: Basculegion|Basculegion, L50, M|85/100\n|detailschange|p2a: Froslass|Froslass-Mega, L50, F\n|-mega|p2a: Froslass|Froslass|Froslassite\n|-weather|Snowscape|[from] ability: Snow Warning|[of] p2a: Froslass\n|move|p1a: Kingambit|Protect|p1a: Kingambit\n|-singleturn|p1a: Kingambit|Protect\n|move|p2b: Aerodactyl|Rock Slide|p1b: Basculegion|[spread] p1b\n|-activate|p1a: Kingambit|move: Protect\n|-damage|p1b: Basculegion|56/100\n|move|p2a: Froslass|Aurora Veil|p2a: Froslass\n|-sidestart|p2: Aipomhj|move: Aurora Veil\n|\n|-weather|Snowscape|[upkeep]\n|-sideend|p2: Aipomhj|move: Tailwind\n|upkeep\n|turn|6\n|\n|t:|1776641590\n|move|p1b: Basculegion|Protect|p1b: Basculegion\n|-singleturn|p1b: Basculegion|Protect\n|move|p2b: Aerodactyl|Tailwind|p2b: Aerodactyl\n|-sidestart|p2: Aipomhj|move: Tailwind\n|move|p2a: Froslass|Shadow Ball|p1b: Basculegion\n|-activate|p1b: Basculegion|move: Protect\n|move|p1a: Kingambit|Kowtow Cleave|p2a: Froslass\n|-supereffective|p2a: Froslass|1\n|-damage|p2a: Froslass|30/100\n|\n|-weather|Snowscape|[upkeep]\n|upkeep\n|turn|7\n|\n|t:|1776641614\n|move|p1b: Basculegion|Aqua Jet|p2b: Aerodactyl\n|-supereffective|p2b: Aerodactyl|1\n|-damage|p2b: Aerodactyl|43/100\n|move|p2b: Aerodactyl|Dual Wingbeat|p1a: Kingambit\n|-resisted|p1a: Kingambit|1\n|-damage|p1a: Kingambit|38/100\n|-resisted|p1a: Kingambit|1\n|-damage|p1a: Kingambit|32/100\n|-hitcount|p1a: Kingambit|2\n|move|p2a: Froslass|Shadow Ball|p1b: Basculegion\n|-supereffective|p1b: Basculegion|1\n|-damage|p1b: Basculegion|0 fnt\n|faint|p1b: Basculegion\n|move|p1a: Kingambit|Kowtow Cleave|p2b: Aerodactyl\n|-damage|p2b: Aerodactyl|0 fnt\n|faint|p2b: Aerodactyl\n|\n|-weather|Snowscape|[upkeep]\n|upkeep\n|\n|t:|1776641629\n|switch|p2b: Basculegion|Basculegion, L50, M|81/100\n|switch|p1b: Floette|Floette-Eternal, L50, F|100/100\n|turn|8\n|\n|t:|1776641642\n|detailschange|p1b: Floette|Floette-Mega, L50, F\n|-mega|p1b: Floette|Floette|Floettite\n|-ability|p1b: Floette|Fairy Aura\n|move|p1b: Floette|Protect|p1b: Floette\n|-singleturn|p1b: Floette|Protect\n|move|p1a: Kingambit|Protect|p1a: Kingambit\n|-singleturn|p1a: Kingambit|Protect\n|move|p2b: Basculegion|Last Respects|p1a: Kingambit\n|-activate|p1a: Kingambit|move: Protect\n|move|p2a: Froslass|Blizzard|p1b: Floette|[spread] \n|-activate|p1a: Kingambit|move: Protect\n|-activate|p1b: Floette|move: Protect\n|\n|-weather|Snowscape|[upkeep]\n|upkeep\n|turn|9\n|\n|t:|1776641656\n|move|p1a: Kingambit|Sucker Punch|p2b: Basculegion\n|-supereffective|p2b: Basculegion|1\n|-damage|p2b: Basculegion|24/100\n|move|p2b: Basculegion|Last Respects|p1a: Kingambit\n|-resisted|p1a: Kingambit|1\n|-damage|p1a: Kingambit|0 fnt\n|faint|p1a: Kingambit\n|move|p2a: Froslass|Blizzard|p1b: Floette\n|-damage|p1b: Floette|46/100\n|move|p1b: Floette|Dazzling Gleam|p2b: Basculegion|[spread] p2a,p2b\n|-damage|p2a: Froslass|0 fnt\n|-damage|p2b: Basculegion|0 fnt\n|faint|p2a: Froslass\n|faint|p2b: Basculegion\n|\n|win|Cowtow14\n|raw|Cowtow14's rating: 1278 &rarr; <strong>1301</strong><br />(+23 for winning)\n|raw|Aipomhj's rating: 1245 &rarr; <strong>1222</strong><br />(-23 for losing)\n|l|\u2606Aipomhj\n|player|p2|\n|l|\u2606Cowtow14\n|player|p1|\n|j|\u2606Cowtow14\n|player|p1|Cowtow14|guzma|\n",
  "uploadtime": 1776641767,
  "views": 15,
  "formatid": "gen9championsvgc2026regma",
  "rating": 1222,
  "private": 0,
  "password": null
}