{
  "id": "gen9championsvgc2026regma-2581115780",
  "format": "[Gen 9 Champions] VGC 2026 Reg M-A",
  "players": [
    "Loglord142",
    "yousodfusoh"
  ],
  "log": "|j|\u2606Loglord142\n|j|\u2606yousodfusoh\n|t:|1775961363\n|gametype|doubles\n|player|p1|Loglord142|pokemonbreeder-gen4|1103\n|player|p2|yousodfusoh|169|1123\n|gen|9\n|tier|[Gen 9 Champions] VGC 2026 Reg M-A\n|rated|\n|rule|Species Clause: Limit one of each Pok\u00e9mon\n|rule|Item Clause: Limit 1 of each item\n|clearpoke\n|poke|p1|Incineroar, L50, M|\n|poke|p1|Charizard, L50, F|\n|poke|p1|Venusaur, L50, M|\n|poke|p1|Aerodactyl, L50, F|\n|poke|p1|Garchomp, L50, F|\n|poke|p1|Trevenant, L50, M|\n|poke|p2|Aerodactyl, L50, M|\n|poke|p2|Incineroar, L50, F|\n|poke|p2|Floette-Eternal, L50, F|\n|poke|p2|Basculegion, L50, M|\n|poke|p2|Garchomp, L50, F|\n|poke|p2|Sneasler, L50, F|\n|teampreview|4\n|inactive|Battle timer is ON: inactive players will automatically lose when time's up. (requested by yousodfusoh)\nyousodfusoh rejected open team sheets.\n|\n|t:|1775961428\n|teamsize|p1|4\n|teamsize|p2|4\n|start\n|switch|p1a: Wolfey|Incineroar, L50, M|100/100\n|switch|p1b: Aerodactyl|Aerodactyl, L50, F|100/100\n|switch|p2a: Garchomp|Garchomp, L50, F|100/100\n|switch|p2b: Aerodactyl|Aerodactyl, L50, M|100/100\n|-ability|p1b: Aerodactyl|Unnerve\n|-ability|p2b: Aerodactyl|Unnerve\n|-ability|p1a: Wolfey|Intimidate|boost\n|-unboost|p2a: Garchomp|atk|1\n|-unboost|p2b: Aerodactyl|atk|1\n|turn|1\n|inactive|yousodfusoh has 30 seconds left.\n|inactiveoff|Battle timer is now OFF.\n|inactive|Battle timer is ON: inactive players will automatically lose when time's up. (requested by Loglord142)\n|\n|t:|1775961479\n|move|p2b: Aerodactyl|Protect|p2b: Aerodactyl\n|-singleturn|p2b: Aerodactyl|Protect\n|move|p1a: Wolfey|Fake Out|p2b: Aerodactyl\n|-activate|p2b: Aerodactyl|move: Protect\n|move|p1b: Aerodactyl|Tailwind|p1b: Aerodactyl\n|-sidestart|p1: Loglord142|move: Tailwind\n|move|p2a: Garchomp|Rock Slide|p1b: Aerodactyl|[spread] p1a,p1b\n|-supereffective|p1a: Wolfey|1\n|-supereffective|p1b: Aerodactyl|1\n|-damage|p1a: Wolfey|68/100\n|-damage|p1b: Aerodactyl|60/100\n|\n|upkeep\n|turn|2\n|\n|t:|1775961500\n|move|p1b: Aerodactyl|Ice Fang|p2a: Garchomp\n|-supereffective|p2a: Garchomp|2\n|-damage|p2a: Garchomp|17/100\n|-damage|p1b: Aerodactyl|48/100|[from] ability: Rough Skin|[of] p2a: Garchomp\n|move|p1a: Wolfey|Parting Shot|p2a: Garchomp\n|-unboost|p2a: Garchomp|atk|1\n|-unboost|p2a: Garchomp|spa|1\n|\n|t:|1775961510\n|switch|p1a: Garchomp|Garchomp, L50, F|100/100|[from] Parting Shot\n|move|p2b: Aerodactyl|Rock Slide|p1a: Garchomp|[spread] p1a,p1b\n|-resisted|p1a: Garchomp|1\n|-supereffective|p1b: Aerodactyl|1\n|-damage|p1a: Garchomp|92/100\n|-damage|p1b: Aerodactyl|0 fnt\n|faint|p1b: Aerodactyl\n|move|p2a: Garchomp|Rock Slide|p1a: Garchomp\n|-resisted|p1a: Garchomp|1\n|-crit|p1a: Garchomp\n|-damage|p1a: Garchomp|76/100\n|\n|upkeep\n|\n|t:|1775961524\n|switch|p1b: Wolfey|Incineroar, L50, M|68/100\n|-ability|p1b: Wolfey|Intimidate|boost\n|-unboost|p2a: Garchomp|atk|1\n|-unboost|p2b: Aerodactyl|atk|1\n|turn|3\n|\n|t:|1775961540\n|switch|p2b: Basculegion|Basculegion, L50, M|100/100\n|switch|p2a: Floette|Floette-Eternal, L50, F|100/100\n|move|p1b: Wolfey|Fake Out|p2b: Basculegion\n|-immune|p2b: Basculegion\n|move|p1a: Garchomp|Rock Slide|p2b: Basculegion|[spread] p2a,p2b\n|-damage|p2a: Floette|61/100\n|-damage|p2b: Basculegion|72/100\n|\n|upkeep\n|turn|4\n|\n|t:|1775961564\n|switch|p2b: Aerodactyl|Aerodactyl, L50, M|100/100\n|-ability|p2b: Aerodactyl|Unnerve\n|detailschange|p2a: Floette|Floette-Mega, L50, F\n|-mega|p2a: Floette|Floette|Floettite\n|-ability|p2a: Floette|Fairy Aura\n|move|p2a: Floette|Protect|p2a: Floette\n|-singleturn|p2a: Floette|Protect\n|move|p1a: Garchomp|Earthquake|p2b: Aerodactyl|[spread] p1b\n|-activate|p2a: Floette|move: Protect\n|-immune|p2b: Aerodactyl\n|-supereffective|p1b: Wolfey|1\n|-damage|p1b: Wolfey|0 fnt\n|faint|p1b: Wolfey\n|\n|-sideend|p1: Loglord142|move: Tailwind\n|upkeep\n|\n|t:|1775961584\n|switch|p1b: Leforn|Trevenant, L50, M|100/100\n|turn|5\n|\n|t:|1775961600\n|move|p2b: Aerodactyl|Tailwind|p2b: Aerodactyl\n|-sidestart|p2: yousodfusoh|move: Tailwind\n|move|p2a: Floette|Dazzling Gleam|p1a: Garchomp|[spread] p1a,p1b\n|-supereffective|p1a: Garchomp|1\n|-damage|p1a: Garchomp|0 fnt\n|-damage|p1b: Leforn|50/100\n|faint|p1a: Garchomp\n|move|p1b: Leforn|Horn Leech|p2b: Aerodactyl\n|-damage|p2b: Aerodactyl|51/100\n|-heal|p1b: Leforn|74/100|[from] drain|[of] p2b: Aerodactyl\n|\n|upkeep\n|turn|6\n|\n|t:|1775961614\n|move|p2b: Aerodactyl|Dual Wingbeat|p1b: Leforn\n|-supereffective|p1b: Leforn|1\n|-damage|p1b: Leforn|31/100\n|-supereffective|p1b: Leforn|1\n|-crit|p1b: Leforn\n|-damage|p1b: Leforn|0 fnt\n|faint|p1b: Leforn\n|-hitcount|p1: Leforn|2\n|\n|win|yousodfusoh\n|raw|Loglord142's rating: 1103 &rarr; <strong>1079</strong><br />(-24 for losing)\n|raw|yousodfusoh's rating: 1123 &rarr; <strong>1147</strong><br />(+24 for winning)\n|l|\u2606Loglord142\n|player|p1|\n|c|\u2606yousodfusoh|gg\n",
  "uploadtime": 1775961627,
  "views": 21,
  "formatid": "gen9championsvgc2026regma",
  "rating": 1079,
  "private": 0,
  "password": null
}