{
  "id": "gen9championsvgc2026regma-2582740094",
  "format": "[Gen 9 Champions] VGC 2026 Reg M-A",
  "players": [
    "200liam",
    "hyunbelievable"
  ],
  "log": "|j|\u2606200liam\n|j|\u2606hyunbelievable\n|t:|1776110814\n|gametype|doubles\n|player|p1|200liam|lucas|1106\n|player|p2|hyunbelievable|guzma|1077\n|gen|9\n|tier|[Gen 9 Champions] VGC 2026 Reg M-A\n|rated|\n|rule|Species Clause: Limit one of each Pok\u00e9mon\n|rule|Item Clause: Limit 1 of each item\n|clearpoke\n|poke|p1|Rotom-Wash, L50|\n|poke|p1|Incineroar, L50, M|\n|poke|p1|Toxapex, L50, F|\n|poke|p1|Talonflame, L50, F|\n|poke|p1|Delphox, L50, F|\n|poke|p1|Appletun, L50, M|\n|poke|p2|Floette-Eternal, L50, F|\n|poke|p2|Aerodactyl, L50, F|\n|poke|p2|Excadrill, L50, F|\n|poke|p2|Tyranitar, L50, M|\n|poke|p2|Orthworm, L50, F|\n|poke|p2|Rotom-Mow, L50|\n|teampreview|4\n|\n|t:|1776110846\n|teamsize|p1|4\n|teamsize|p2|4\n|start\n|switch|p1a: Incineroar|Incineroar, L50, M|100/100\n|switch|p1b: Appletun|Appletun, L50, M|100/100\n|switch|p2a: Floette|Floette-Eternal, L50, F|100/100\n|switch|p2b: Aerodactyl|Aerodactyl, L50, F|100/100\n|-ability|p1a: Incineroar|Intimidate|boost\n|-unboost|p2a: Floette|atk|1\n|-unboost|p2b: Aerodactyl|atk|1\n|turn|1\n|l|\u2606hyunbelievable\n|player|p2|\n|j|\u2606hyunbelievable\n|player|p2|hyunbelievable|guzma|\n|\n|t:|1776110910\n|detailschange|p2a: Floette|Floette-Mega, L50, F\n|-mega|p2a: Floette|Floette|Floettite\n|-ability|p2a: Floette|Fairy Aura\n|move|p1a: Incineroar|Fake Out|p2a: Floette\n|-damage|p2a: Floette|91/100\n|move|p2b: Aerodactyl|Dual Wingbeat|p1b: Appletun\n|-supereffective|p1b: Appletun|1\n|-damage|p1b: Appletun|79/100\n|-supereffective|p1b: Appletun|1\n|-damage|p1b: Appletun|58/100\n|-hitcount|p1b: Appletun|2\n|cant|p2a: Floette|flinch\n|move|p1b: Appletun|Leech Seed|p2b: Aerodactyl\n|-start|p2b: Aerodactyl|move: Leech Seed\n|\n|-damage|p2b: Aerodactyl|88/100|[from] Leech Seed|[of] p1b: Appletun\n|-heal|p1b: Appletun|68/100|[silent]\n|upkeep\n|turn|2\n|\n|t:|1776110931\n|switch|p2a: Rotom|Rotom-Mow, L50|100/100\n|move|p1b: Appletun|Protect|p1b: Appletun\n|-singleturn|p1b: Appletun|Protect\n|move|p2b: Aerodactyl|Tailwind|p2b: Aerodactyl\n|-sidestart|p2: hyunbelievable|move: Tailwind\n|move|p1a: Incineroar|Parting Shot|p2a: Rotom\n|-unboost|p2a: Rotom|atk|1\n|-unboost|p2a: Rotom|spa|1\n|\n|t:|1776110942\n|switch|p1a: Toxapex|Toxapex, L50, F|100/100|[from] Parting Shot\n|\n|-damage|p2b: Aerodactyl|76/100|[from] Leech Seed|[of] p1b: Appletun\n|-heal|p1b: Appletun|77/100|[silent]\n|upkeep\n|turn|3\n|\n|t:|1776110958\n|switch|p2b: Tyranitar|Tyranitar, L50, M|100/100\n|-weather|Sandstorm|[from] ability: Sand Stream|[of] p2b: Tyranitar\n|move|p2a: Rotom|Volt Switch|p1b: Appletun\n|-resisted|p1b: Appletun|2\n|-damage|p1b: Appletun|74/100\n|\n|t:|1776110965\n|switch|p2a: Aerodactyl|Aerodactyl, L50, F|76/100|[from] Volt Switch\n|move|p1a: Toxapex|Toxic|p2a: Aerodactyl\n|-status|p2a: Aerodactyl|tox\n|move|p1b: Appletun|Recover|p1b: Appletun\n|-heal|p1b: Appletun|100/100\n|\n|-weather|Sandstorm|[upkeep]\n|-damage|p1a: Toxapex|95/100|[from] Sandstorm\n|-damage|p1b: Appletun|94/100|[from] Sandstorm\n|-heal|p1a: Toxapex|100/100|[from] item: Leftovers\n|-damage|p2a: Aerodactyl|71/100 tox|[from] psn\n|upkeep\n|turn|4\n|\n|t:|1776110979\n|move|p2a: Aerodactyl|Rock Slide|p1b: Appletun|[spread] p1a,p1b\n|-damage|p1a: Toxapex|79/100\n|-damage|p1b: Appletun|70/100\n|move|p2b: Tyranitar|Dragon Dance|p2b: Tyranitar\n|-boost|p2b: Tyranitar|atk|1\n|-boost|p2b: Tyranitar|spe|1\n|move|p1a: Toxapex|Icy Wind|p2a: Aerodactyl|[spread] p2a\n|-miss|p1a: Toxapex|p2b: Tyranitar\n|-supereffective|p2a: Aerodactyl|1\n|-damage|p2a: Aerodactyl|59/100 tox\n|-unboost|p2a: Aerodactyl|spe|1\n|cant|p1b: Appletun|flinch\n|\n|-weather|Sandstorm|[upkeep]\n|-damage|p1a: Toxapex|73/100|[from] Sandstorm\n|-damage|p1b: Appletun|64/100|[from] Sandstorm\n|-heal|p1a: Toxapex|79/100|[from] item: Leftovers\n|-damage|p2a: Aerodactyl|48/100 tox|[from] psn\n|upkeep\n|turn|5\n|\n|t:|1776110999\n|move|p1b: Appletun|Protect|p1b: Appletun\n|-singleturn|p1b: Appletun|Protect\n|move|p2b: Tyranitar|Rock Slide|p1b: Appletun|[spread] p1a\n|-activate|p1b: Appletun|move: Protect\n|-damage|p1a: Toxapex|40/100\n|move|p2a: Aerodactyl|Rock Slide|p1a: Toxapex|[spread] p1a\n|-activate|p1b: Appletun|move: Protect\n|-damage|p1a: Toxapex|21/100\n|move|p1a: Toxapex|Toxic|p2b: Tyranitar\n|-status|p2b: Tyranitar|tox\n|\n|-weather|Sandstorm|[upkeep]\n|-damage|p1a: Toxapex|15/100|[from] Sandstorm\n|-damage|p1b: Appletun|58/100|[from] Sandstorm\n|-heal|p1a: Toxapex|21/100|[from] item: Leftovers\n|-damage|p2b: Tyranitar|94/100 tox|[from] psn\n|-damage|p2a: Aerodactyl|30/100 tox|[from] psn\n|-sideend|p2: hyunbelievable|move: Tailwind\n|upkeep\n|turn|6\n|\n|t:|1776111019\n|switch|p1a: Incineroar|Incineroar, L50, M|100/100\n|-ability|p1a: Incineroar|Intimidate|boost\n|-unboost|p2a: Aerodactyl|atk|1\n|-unboost|p2b: Tyranitar|atk|1\n|move|p2b: Tyranitar|Rock Slide|p1a: Incineroar|[spread] p1a,p1b\n|-supereffective|p1a: Incineroar|1\n|-damage|p1a: Incineroar|30/100\n|-damage|p1b: Appletun|30/100\n|move|p2a: Aerodactyl|Dual Wingbeat|p1b: Appletun|[miss]\n|-miss|p2a: Aerodactyl|p1b: Appletun\n|move|p1b: Appletun|Recover|p1b: Appletun\n|-heal|p1b: Appletun|80/100\n|\n|-weather|Sandstorm|[upkeep]\n|-damage|p1a: Incineroar|24/100|[from] Sandstorm\n|-damage|p1b: Appletun|74/100|[from] Sandstorm\n|-damage|p2b: Tyranitar|82/100 tox|[from] psn\n|-damage|p2a: Aerodactyl|8/100 tox|[from] psn\n|upkeep\n|turn|7\n|\n|t:|1776111038\n|switch|p2b: Rotom|Rotom-Mow, L50|100/100\n|move|p1a: Incineroar|Fake Out|p2b: Rotom\n|-damage|p2b: Rotom|86/100\n|move|p2a: Aerodactyl|Tailwind|p2a: Aerodactyl\n|-sidestart|p2: hyunbelievable|move: Tailwind\n|move|p1b: Appletun|Leech Seed|p2b: Rotom\n|-immune|p2b: Rotom\n|\n|-weather|none\n|-damage|p2a: Aerodactyl|0 fnt|[from] psn\n|faint|p2a: Aerodactyl\n|upkeep\n|\n|t:|1776111051\n|switch|p2a: Floette|Floette-Mega, L50, F|91/100\n|-ability|p2a: Floette|Fairy Aura\n|turn|8\n|\n|t:|1776111067\n|move|p1b: Appletun|Protect|p1b: Appletun\n|-singleturn|p1b: Appletun|Protect\n|move|p2b: Rotom|Volt Switch|p1a: Incineroar\n|-damage|p1a: Incineroar|3/100\n|\n|t:|1776111073\n|switch|p2b: Tyranitar|Tyranitar, L50, M|82/100 tox|[from] Volt Switch\n|-weather|Sandstorm|[from] ability: Sand Stream|[of] p2b: Tyranitar\n|move|p2a: Floette|Moonblast|p1a: Incineroar\n|-damage|p1a: Incineroar|0 fnt\n|faint|p1a: Incineroar\n|\n|-weather|Sandstorm|[upkeep]\n|-damage|p2a: Floette|84/100|[from] Sandstorm\n|-damage|p1b: Appletun|68/100|[from] Sandstorm\n|-damage|p2b: Tyranitar|76/100 tox|[from] psn\n|upkeep\n|\n|t:|1776111083\n|switch|p1a: Toxapex|Toxapex, L50, F|54/100\n|turn|9\n|\n|t:|1776111091\n|move|p2a: Floette|Moonblast|p1b: Appletun\n|-supereffective|p1b: Appletun|1\n|-enditem|p1b: Appletun|Roseli Berry|[eat]\n|-enditem|p1b: Appletun|Roseli Berry|[weaken]\n|-damage|p1b: Appletun|18/100\n|move|p2b: Tyranitar|Knock Off|p1a: Toxapex\n|-damage|p1a: Toxapex|8/100\n|-enditem|p1a: Toxapex|Leftovers|[from] move: Knock Off|[of] p2b: Tyranitar\n|move|p1a: Toxapex|Icy Wind|p2b: Tyranitar|[spread] p2a,p2b\n|-damage|p2a: Floette|80/100\n|-damage|p2b: Tyranitar|72/100 tox\n|-unboost|p2a: Floette|spe|1\n|-unboost|p2b: Tyranitar|spe|1\n|move|p1b: Appletun|Leech Seed|p2a: Floette\n|-start|p2a: Floette|move: Leech Seed\n|\n|-weather|Sandstorm|[upkeep]\n|-damage|p2a: Floette|74/100|[from] Sandstorm\n|-damage|p1a: Toxapex|2/100|[from] Sandstorm\n|-damage|p1b: Appletun|12/100|[from] Sandstorm\n|-damage|p2a: Floette|62/100|[from] Leech Seed|[of] p1b: Appletun\n|-heal|p1b: Appletun|23/100|[silent]\n|-damage|p2b: Tyranitar|59/100 tox|[from] psn\n|upkeep\n|turn|10\n|\n|t:|1776111122\n|move|p1a: Toxapex|Baneful Bunker|p1a: Toxapex\n|-singleturn|p1a: Toxapex|move: Protect\n|move|p1b: Appletun|Protect|p1b: Appletun\n|-singleturn|p1b: Appletun|Protect\n|move|p2a: Floette|Moonblast|p1a: Toxapex\n|-activate|p1a: Toxapex|move: Protect\n|move|p2b: Tyranitar|Rock Slide|p1a: Toxapex|[spread] \n|-activate|p1a: Toxapex|move: Protect\n|-activate|p1b: Appletun|move: Protect\n|\n|-weather|Sandstorm|[upkeep]\n|-damage|p2a: Floette|56/100|[from] Sandstorm\n|-damage|p1a: Toxapex|0 fnt|[from] Sandstorm\n|-damage|p1b: Appletun|17/100|[from] Sandstorm\n|faint|p1a: Toxapex\n|-damage|p2a: Floette|44/100|[from] Leech Seed|[of] p1b: Appletun\n|-heal|p1b: Appletun|28/100|[silent]\n|-damage|p2b: Tyranitar|41/100 tox|[from] psn\n|-sideend|p2: hyunbelievable|move: Tailwind\n|upkeep\n|\n|t:|1776111141\n|switch|p1a: Delphox|Delphox, L50, F|100/100\n|turn|11\n|\n|t:|1776111154\n|switch|p2b: Rotom|Rotom-Mow, L50|86/100\n|detailschange|p1a: Delphox|Delphox-Mega, L50, F\n|-mega|p1a: Delphox|Delphox|Delphoxite\n|move|p1a: Delphox|Heat Wave|p2b: Rotom|[spread] p2a\n|-miss|p1a: Delphox|p2b: Rotom\n|-damage|p2a: Floette|13/100\n|move|p2a: Floette|Moonblast|p1b: Appletun\n|-supereffective|p1b: Appletun|1\n|-damage|p1b: Appletun|0 fnt\n|faint|p1b: Appletun\n|\n|-weather|Sandstorm|[upkeep]\n|-damage|p2b: Rotom|80/100|[from] Sandstorm\n|-damage|p1a: Delphox|95/100|[from] Sandstorm\n|-damage|p2a: Floette|7/100|[from] Sandstorm\n|upkeep\n|turn|12\n|\n|t:|1776111169\n|move|p2b: Rotom|Thunderbolt|p1a: Delphox\n|-damage|p1a: Delphox|56/100\n|-status|p1a: Delphox|par\n|move|p1a: Delphox|Heat Wave|p2b: Rotom|[spread] p2a,p2b\n|-supereffective|p2b: Rotom|1\n|-damage|p2a: Floette|0 fnt\n|-damage|p2b: Rotom|0 fnt\n|faint|p2a: Floette\n|faint|p2b: Rotom\n|\n|-weather|none\n|upkeep\n|\n|t:|1776111174\n|switch|p2b: Tyranitar|Tyranitar, L50, M|41/100 tox\n|-weather|Sandstorm|[from] ability: Sand Stream|[of] p2b: Tyranitar\n|turn|13\n|\n|t:|1776111188\n|cant|p1a: Delphox|par\n|move|p2b: Tyranitar|Knock Off|p1a: Delphox\n|-supereffective|p1a: Delphox|1\n|-damage|p1a: Delphox|0 fnt\n|faint|p1a: Delphox\n|\n|win|hyunbelievable\n|raw|200liam's rating: 1106 &rarr; <strong>1079</strong><br />(-27 for losing)\n|raw|hyunbelievable's rating: 1077 &rarr; <strong>1108</strong><br />(+31 for winning)\n",
  "uploadtime": 1776111192,
  "views": 13,
  "formatid": "gen9championsvgc2026regma",
  "rating": 1079,
  "private": 0,
  "password": null
}