{
  "id": "gen9championsvgc2026regma-2581700905",
  "format": "[Gen 9 Champions] VGC 2026 Reg M-A",
  "players": [
    "Asterfion",
    "TexasWarrior2001"
  ],
  "log": "|j|\u2606Asterfion\n|j|\u2606TexasWarrior2001\n|t:|1776021780\n|gametype|doubles\n|player|p1|Asterfion|2|1100\n|player|p2|TexasWarrior2001|265|1000\n|gen|9\n|tier|[Gen 9 Champions] VGC 2026 Reg M-A\n|rated|\n|rule|Species Clause: Limit one of each Pok\u00e9mon\n|rule|Item Clause: Limit 1 of each item\n|clearpoke\n|poke|p1|Floette-Eternal, L50, F|\n|poke|p1|Sneasler, L50, M|\n|poke|p1|Incineroar, L50, M|\n|poke|p1|Pelipper, L50, M|\n|poke|p1|Rotom-Wash, L50|\n|poke|p1|Sinistcha, L50|\n|poke|p2|Tyranitar, L50, M|\n|poke|p2|Lycanroc, L50, M|\n|poke|p2|Glimmora, L50, F|\n|poke|p2|Aerodactyl, L50, F|\n|poke|p2|Garganacl, L50, F|\n|poke|p2|Arcanine-Hisui, L50, M|\n|teampreview|4\n|\n|t:|1776021810\n|teamsize|p1|4\n|teamsize|p2|4\n|start\n|switch|p1a: Floette|Floette-Eternal, L50, F|100/100\n|switch|p1b: Sneasler|Sneasler, L50, M|100/100\n|switch|p2a: Aerodactyl|Aerodactyl, L50, F|100/100\n|switch|p2b: Arcanine|Arcanine-Hisui, L50, M|100/100\n|-ability|p2a: Aerodactyl|Unnerve\n|-ability|p2b: Arcanine|Intimidate|boost\n|-unboost|p1a: Floette|atk|1\n|-unboost|p1b: Sneasler|atk|1\n|-enditem|p1b: Sneasler|White Herb\n|-clearnegativeboost|p1b: Sneasler|[silent]\n|turn|1\n|inactive|Battle timer is ON: inactive players will automatically lose when time's up. (requested by Asterfion)\n|\n|t:|1776021845\n|detailschange|p1a: Floette|Floette-Mega, L50, F\n|-mega|p1a: Floette|Floette|Floettite\n|-ability|p1a: Floette|Fairy Aura\n|move|p1b: Sneasler|Close Combat|p2a: Aerodactyl\n|-crit|p2a: Aerodactyl\n|-damage|p2a: Aerodactyl|0 fnt\n|-unboost|p1b: Sneasler|def|1\n|-unboost|p1b: Sneasler|spd|1\n|faint|p2a: Aerodactyl\n|move|p2b: Arcanine|Rock Slide|p1b: Sneasler|[spread] p1a,p1b\n|-resisted|p1b: Sneasler|1\n|-damage|p1a: Floette|67/100\n|-damage|p1b: Sneasler|68/100\n|move|p1a: Floette|Moonblast|p2b: Arcanine\n|-resisted|p2b: Arcanine|1\n|-damage|p2b: Arcanine|54/100\n|\n|upkeep\n|\n|t:|1776021859\n|switch|p2a: Glimmora|Glimmora, L50, F|100/100\n|turn|2\n|inactive|Asterfion has 30 seconds left.\n|\n|t:|1776021886\n|switch|p1b: Rotom|Rotom-Wash, L50|100/100\n|detailschange|p2a: Glimmora|Glimmora-Mega, L50, F\n|-mega|p2a: Glimmora|Glimmora|Glimmoranite\n|move|p2b: Arcanine|Protect|p2b: Arcanine\n|-singleturn|p2b: Arcanine|Protect\n|move|p1a: Floette|Protect|p1a: Floette\n|-singleturn|p1a: Floette|Protect\n|move|p2a: Glimmora|Sludge Wave|p1b: Rotom|[spread] p1b\n|-activate|p2b: Arcanine|move: Protect\n|-activate|p1a: Floette|move: Protect\n|-damage|p1b: Rotom|28/100\n|\n|upkeep\n|turn|3\n|inactive|Asterfion has 30 seconds left.\n|inactive|TexasWarrior2001 has 30 seconds left.\n|inactive|Asterfion has 20 seconds left.\n|inactive|TexasWarrior2001 has 20 seconds left.\n|inactive|Asterfion has 15 seconds left.\n|inactive|TexasWarrior2001 has 15 seconds left.\n|inactive|TexasWarrior2001 has 10 seconds left.\n|inactive|TexasWarrior2001 has 5 seconds left.\n|\n|t:|1776021941\n|switch|p1a: Pelipper|Pelipper, L50, M|100/100\n|-weather|RainDance|[from] ability: Drizzle|[of] p1a: Pelipper\n|move|p1b: Rotom|Thunder|p2b: Arcanine\n|-damage|p2b: Arcanine|0 fnt\n|faint|p2b: Arcanine\n|move|p2a: Glimmora|Power Gem|p1b: Rotom\n|-damage|p1b: Rotom|0 fnt\n|faint|p1b: Rotom\n|\n|-weather|RainDance|[upkeep]\n|upkeep\n|\n|t:|1776021955\n|switch|p2b: Tyranitar|Tyranitar, L50, M|100/100\n|switch|p1b: Sneasler|Sneasler, L50, M|68/100\n|-weather|Sandstorm|[from] ability: Sand Stream|[of] p2b: Tyranitar\n|turn|4\n|inactive|Asterfion has 30 seconds left.\n|\n|t:|1776021990\n|move|p2b: Tyranitar|Protect|p2b: Tyranitar\n|-singleturn|p2b: Tyranitar|Protect\n|move|p1b: Sneasler|Close Combat|p2a: Glimmora\n|-damage|p2a: Glimmora|36/100\n|-unboost|p1b: Sneasler|def|1\n|-unboost|p1b: Sneasler|spd|1\n|move|p2a: Glimmora|Earth Power|p1b: Sneasler\n|-supereffective|p1b: Sneasler|1\n|-damage|p1b: Sneasler|0 fnt\n|faint|p1b: Sneasler\n|move|p1a: Pelipper|Weather Ball|p2a: Glimmora\n|-damage|p2a: Glimmora|12/100\n|\n|-weather|Sandstorm|[upkeep]\n|-damage|p1a: Pelipper|95/100|[from] Sandstorm\n|upkeep\n|\n|t:|1776022007\n|switch|p1b: Floette|Floette-Mega, L50, F|67/100\n|-ability|p1b: Floette|Fairy Aura\n|turn|5\n|inactive|Asterfion has 30 seconds left.\n|inactive|TexasWarrior2001 has 30 seconds left.\n|\n|t:|1776022036\n|move|p1b: Floette|Protect|p1b: Floette\n|-singleturn|p1b: Floette|Protect\n|move|p2a: Glimmora|Sludge Wave|p1b: Floette|[spread] p2b,p1a\n|-activate|p1b: Floette|move: Protect\n|-resisted|p2b: Tyranitar|1\n|-damage|p2b: Tyranitar|84/100\n|-damage|p1a: Pelipper|0 fnt\n|faint|p1a: Pelipper\n|move|p2b: Tyranitar|Rock Slide|p1b: Floette\n|-activate|p1b: Floette|move: Protect\n|\n|-weather|Sandstorm|[upkeep]\n|-damage|p1b: Floette|62/100|[from] Sandstorm\n|upkeep\n|turn|6\n|\n|t:|1776022050\n|move|p2a: Glimmora|Sludge Wave|p1b: Floette|[spread] p2b,p1b\n|-resisted|p2b: Tyranitar|1\n|-supereffective|p1b: Floette|1\n|-damage|p2b: Tyranitar|67/100\n|-damage|p1b: Floette|0 fnt\n|faint|p1b: Floette\n|\n|win|TexasWarrior2001\n|raw|Asterfion's rating: 1100 &rarr; <strong>1068</strong><br />(-32 for losing)\n|raw|TexasWarrior2001's rating: 1000 &rarr; <strong>1051</strong><br />(+51 for winning)\n",
  "uploadtime": 1776022054,
  "views": 16,
  "formatid": "gen9championsvgc2026regma",
  "rating": 1051,
  "private": 0,
  "password": null
}