{
  "id": "gen9championsvgc2026regma-2580367450",
  "format": "[Gen 9 Champions] VGC 2026 Reg M-A",
  "players": [
    "Hushed99",
    "Glaceon0404"
  ],
  "log": "|j|\u2606Hushed99\n|j|\u2606Glaceon0404\n|t:|1775886103\n|gametype|doubles\n|player|p1|Hushed99|hilbert-wonderlauncher|1075\n|player|p2|Glaceon0404|crasherwake|1027\n|gen|9\n|tier|[Gen 9 Champions] VGC 2026 Reg M-A\n|rated|\n|rule|Species Clause: Limit one of each Pok\u00e9mon\n|rule|Item Clause: Limit 1 of each item\n|clearpoke\n|poke|p1|Clefable, L50, M|\n|poke|p1|Slowbro, L50, M|\n|poke|p1|Camerupt, L50, F|\n|poke|p1|Torkoal, L50, F|\n|poke|p1|Farigiraf, L50, F|\n|poke|p1|Kingambit, L50, M|\n|poke|p2|Froslass, L50, F|\n|poke|p2|Sneasler, L50, F|\n|poke|p2|Samurott-Hisui, L50, F|\n|poke|p2|Maushold-Four, L50|\n|poke|p2|Corviknight, L50, F|\n|poke|p2|Arcanine-Hisui, L50, M|\n|teampreview|4\n|inactive|Battle timer is ON: inactive players will automatically lose when time's up. (requested by Hushed99)\n|\n|t:|1775886127\n|teamsize|p1|4\n|teamsize|p2|4\n|start\n|switch|p1a: Clefable|Clefable, L50, M|100/100\n|switch|p1b: Slowbro|Slowbro, L50, M|100/100\n|switch|p2a: Samurott|Samurott-Hisui, L50, F|100/100\n|switch|p2b: Sneasler|Sneasler, L50, F|100/100\n|turn|1\n|inactive|Hushed99 has 30 seconds left.\n|inactive|Glaceon0404 has 30 seconds left.\n|inactive|Hushed99 has 20 seconds left.\n|\n|t:|1775886165\n|move|p2b: Sneasler|Fake Out|p1b: Slowbro\n|-damage|p1b: Slowbro|90/100\n|move|p1a: Clefable|Follow Me|p1a: Clefable\n|-singleturn|p1a: Clefable|move: Follow Me\n|move|p2a: Samurott|Aqua Cutter|p1a: Clefable\n|-crit|p1a: Clefable\n|-damage|p1a: Clefable|25/100\n|cant|p1b: Slowbro|flinch\n|\n|upkeep\n|turn|2\n|\n|t:|1775886177\n|move|p1a: Clefable|Follow Me|p1a: Clefable\n|-singleturn|p1a: Clefable|move: Follow Me\n|move|p2b: Sneasler|Dire Claw|p1a: Clefable\n|-supereffective|p1a: Clefable|1\n|-damage|p1a: Clefable|0 fnt\n|faint|p1a: Clefable\n|move|p2a: Samurott|Night Slash|p1b: Slowbro\n|-supereffective|p1b: Slowbro|1\n|-damage|p1b: Slowbro|7/100\n|move|p1b: Slowbro|Trick Room|p1b: Slowbro\n|-fieldstart|move: Trick Room|[of] p1b: Slowbro\n|\n|upkeep\n|\n|t:|1775886191\n|switch|p1a: Camerupt|Camerupt, L50, F|100/100\n|turn|3\n|inactive|Hushed99 has 30 seconds left.\n|\n|t:|1775886216\n|switch|p2b: Arcanine|Arcanine-Hisui, L50, M|100/100\n|-ability|p2b: Arcanine|Intimidate|boost\n|-unboost|p1a: Camerupt|atk|1\n|-fail|p1b: Slowbro|unboost|Attack|[from] ability: Oblivious|[of] p1b: Slowbro\n|detailschange|p1a: Camerupt|Camerupt-Mega, L50, F\n|-mega|p1a: Camerupt|Camerupt|Cameruptite\n|move|p2a: Samurott|Protect|p2a: Samurott\n|-singleturn|p2a: Samurott|Protect\n|move|p1a: Camerupt|Earth Power|p2a: Samurott\n|-activate|p2a: Samurott|move: Protect\n|move|p1b: Slowbro|Psychic|p2b: Arcanine\n|-damage|p2b: Arcanine|66/100\n|\n|upkeep\n|turn|4\n|inactive|Hushed99 has 30 seconds left.\n|inactive|Glaceon0404 has 30 seconds left.\n|\n|t:|1775886251\n|move|p2b: Arcanine|Protect|p2b: Arcanine\n|-singleturn|p2b: Arcanine|Protect\n|move|p2a: Samurott|Sucker Punch|p1b: Slowbro\n|-supereffective|p1b: Slowbro|1\n|-damage|p1b: Slowbro|0 fnt\n|faint|p1b: Slowbro\n|move|p1a: Camerupt|Earth Power|p2a: Samurott\n|-damage|p2a: Samurott|0 fnt\n|faint|p2a: Samurott\n|\n|upkeep\n|\n|t:|1775886263\n|switch|p1b: Torkoal|Torkoal, L50, F|100/100\n|switch|p2a: Sneasler|Sneasler, L50, F|100/100\n|-weather|SunnyDay|[from] ability: Drought|[of] p1b: Torkoal\n|turn|5\n|\n|t:|1775886277\n|move|p2a: Sneasler|Fake Out|p1a: Camerupt\n|-damage|p1a: Camerupt|87/100\n|move|p2b: Arcanine|Extreme Speed|p1b: Torkoal\n|-damage|p1b: Torkoal|80/100\n|cant|p1a: Camerupt|flinch\n|move|p1b: Torkoal|Eruption|p2a: Sneasler|[spread] p2a,p2b\n|-resisted|p2b: Arcanine|2\n|-damage|p2a: Sneasler|11/100\n|-damage|p2b: Arcanine|50/100\n|-enditem|p2b: Arcanine|Sitrus Berry|[eat]\n|-heal|p2b: Arcanine|74/100|[from] item: Sitrus Berry\n|\n|-weather|SunnyDay|[upkeep]\n|upkeep\n|turn|6\n|\n|t:|1775886297\n|move|p2b: Arcanine|Protect|p2b: Arcanine\n|-singleturn|p2b: Arcanine|Protect\n|move|p1a: Camerupt|Earth Power|p2b: Arcanine\n|-activate|p2b: Arcanine|move: Protect\n|move|p1b: Torkoal|Heat Wave|p2b: Arcanine|[spread] p2a\n|-activate|p2b: Arcanine|move: Protect\n|-damage|p2a: Sneasler|0 fnt\n|faint|p2a: Sneasler\n|\n|-weather|SunnyDay|[upkeep]\n|-fieldend|move: Trick Room\n|upkeep\n|\n|t:|1775886304\n|switch|p2a: Maushold|Maushold-Four, L50|100/100\n|turn|7\n|\n|t:|1775886320\n|move|p1b: Torkoal|Protect|p1b: Torkoal\n|-singleturn|p1b: Torkoal|Protect\n|move|p2a: Maushold|Follow Me|p2a: Maushold\n|-singleturn|p2a: Maushold|move: Follow Me\n|move|p2b: Arcanine|Rock Slide|p1b: Torkoal|[spread] p1a\n|-activate|p1b: Torkoal|move: Protect\n|-crit|p1a: Camerupt\n|-damage|p1a: Camerupt|46/100\n|cant|p1a: Camerupt|flinch\n|\n|-weather|SunnyDay|[upkeep]\n|upkeep\n|turn|8\n|\n|t:|1775886341\n|move|p2a: Maushold|Super Fang|p1a: Camerupt\n|-damage|p1a: Camerupt|24/100\n|move|p2b: Arcanine|Rock Slide|p1a: Camerupt|[spread] p1a,p1b\n|-supereffective|p1b: Torkoal|1\n|-damage|p1a: Camerupt|0 fnt\n|-damage|p1b: Torkoal|39/100\n|faint|p1a: Camerupt\n|move|p1b: Torkoal|Eruption|p2a: Maushold|[spread] p2a,p2b\n|-resisted|p2b: Arcanine|2\n|-damage|p2a: Maushold|64/100\n|-damage|p2b: Arcanine|67/100\n|\n|-weather|SunnyDay|[upkeep]\n|upkeep\n|turn|9\n|-message|Hushed99 forfeited.\n|\n|win|Glaceon0404\n|raw|Hushed99's rating: 1075 &rarr; <strong>1051</strong><br />(-24 for losing)\n|raw|Glaceon0404's rating: 1027 &rarr; <strong>1068</strong><br />(+41 for winning)\n",
  "uploadtime": 1775886367,
  "views": 16,
  "formatid": "gen9championsvgc2026regma",
  "rating": 1051,
  "private": 0,
  "password": null
}