{
  "id": "gen9championsvgc2026regma-2583397119",
  "format": "[Gen 9 Champions] VGC 2026 Reg M-A",
  "players": [
    "UnloshTheWash",
    "Quyt_DZ"
  ],
  "log": "|j|\u2606UnloshTheWash\n|j|\u2606Quyt_DZ\n|t:|1776172849\n|gametype|doubles\n|player|p1|UnloshTheWash|red|1347\n|player|p2|Quyt_DZ|aromalady|1410\n|gen|9\n|tier|[Gen 9 Champions] VGC 2026 Reg M-A\n|rated|\n|rule|Species Clause: Limit one of each Pok\u00e9mon\n|rule|Item Clause: Limit 1 of each item\n|clearpoke\n|poke|p1|Delphox, L50, M|\n|poke|p1|Mamoswine, L50, F|\n|poke|p1|Orthworm, L50, F|\n|poke|p1|Rotom-Wash, L50|\n|poke|p1|Maushold-Four, L50|\n|poke|p1|Sneasler, L50, M|\n|poke|p2|Excadrill, L50, F|\n|poke|p2|Tyranitar, L50, M|\n|poke|p2|Sinistcha, L50|\n|poke|p2|Rotom-Wash, L50|\n|poke|p2|Primarina, L50, M|\n|poke|p2|Dragapult, L50, F|\n|teampreview|4\n|j| sileshar\n|inactive|Battle timer is ON: inactive players will automatically lose when time's up. (requested by UnloshTheWash)\n|l|\u2606UnloshTheWash\n|inactive|UnloshTheWash disconnected and has a minute to reconnect!\n|player|p1|\n|j|\u2606UnloshTheWash\n|inactive|UnloshTheWash reconnected.\n|player|p1|UnloshTheWash|red|\n|inactive|Quyt_DZ has 60 seconds left.\n|inactive|Quyt_DZ has 30 seconds left.\n|inactive|Quyt_DZ has 20 seconds left.\n|inactive|Quyt_DZ has 15 seconds left.\n|inactive|Quyt_DZ has 10 seconds left.\n|inactive|Quyt_DZ has 5 seconds left.\n|\n|t:|1776173015\n|teamsize|p1|4\n|teamsize|p2|4\n|start\n|switch|p1a: Orthworm|Orthworm, L50, F|100/100\n|switch|p1b: Mamoswine|Mamoswine, L50, F|100/100\n|switch|p2a: Excadrill|Excadrill, L50, F|100/100\n|switch|p2b: Tyranitar|Tyranitar, L50, M|100/100\n|-weather|Sandstorm|[from] ability: Sand Stream|[of] p2b: Tyranitar\n|turn|1\n|inactive|UnloshTheWash has 30 seconds left.\n|inactive|Quyt_DZ has 30 seconds left.\n|\n|t:|1776173049\n|move|p1b: Mamoswine|Protect|p1b: Mamoswine\n|-singleturn|p1b: Mamoswine|Protect\n|move|p2a: Excadrill|Iron Head|p1b: Mamoswine\n|-activate|p1b: Mamoswine|move: Protect\n|move|p1a: Orthworm|Body Press|p2a: Excadrill\n|-supereffective|p2a: Excadrill|1\n|-damage|p2a: Excadrill|25/100\n|move|p2b: Tyranitar|Low Kick|p1a: Orthworm\n|-supereffective|p1a: Orthworm|1\n|-damage|p1a: Orthworm|41/100\n|-enditem|p1a: Orthworm|Sitrus Berry|[eat]\n|-heal|p1a: Orthworm|66/100|[from] item: Sitrus Berry\n|\n|-weather|Sandstorm|[upkeep]\n|upkeep\n|turn|2\n|\n|t:|1776173069\n|detailschange|p2b: Tyranitar|Tyranitar-Mega, L50, M\n|-mega|p2b: Tyranitar|Tyranitar|Tyranitarite\n|move|p2a: Excadrill|Iron Head|p1b: Mamoswine\n|-supereffective|p1b: Mamoswine|1\n|-enditem|p1b: Mamoswine|Focus Sash\n|-damage|p1b: Mamoswine|1/100\n|cant|p1b: Mamoswine|flinch\n|move|p2b: Tyranitar|Low Kick|p1a: Orthworm\n|-supereffective|p1a: Orthworm|1\n|-damage|p1a: Orthworm|0 fnt\n|faint|p1a: Orthworm\n|\n|-weather|Sandstorm|[upkeep]\n|upkeep\n|\n|t:|1776173090\n|switch|p1a: Sneasler|Sneasler, L50, M|100/100\n|turn|3\n|\n|t:|1776173095\n|move|p2a: Excadrill|Protect|p2a: Excadrill\n|-singleturn|p2a: Excadrill|Protect\n|move|p2b: Tyranitar|Protect|p2b: Tyranitar\n|-singleturn|p2b: Tyranitar|Protect\n|move|p1b: Mamoswine|Ice Shard|p2a: Excadrill\n|-activate|p2a: Excadrill|move: Protect\n|move|p1a: Sneasler|Close Combat|p2b: Tyranitar\n|-activate|p2b: Tyranitar|move: Protect\n|\n|-weather|Sandstorm|[upkeep]\n|-damage|p1a: Sneasler|94/100|[from] Sandstorm\n|upkeep\n|turn|4\n|\n|t:|1776173116\n|switch|p2b: Rotom|Rotom-Wash, L50|100/100\n|move|p1b: Mamoswine|Ice Shard|p2a: Excadrill\n|-damage|p2a: Excadrill|0 fnt\n|faint|p2a: Excadrill\n|move|p1a: Sneasler|Close Combat|p2b: Rotom\n|-damage|p2b: Rotom|51/100\n|-unboost|p1a: Sneasler|def|1\n|-unboost|p1a: Sneasler|spd|1\n|-enditem|p1a: Sneasler|White Herb\n|-clearnegativeboost|p1a: Sneasler|[silent]\n|\n|-weather|Sandstorm|[upkeep]\n|-damage|p1a: Sneasler|88/100|[from] Sandstorm\n|-damage|p2b: Rotom|45/100|[from] Sandstorm\n|-enditem|p2b: Rotom|Sitrus Berry|[eat]\n|-heal|p2b: Rotom|70/100|[from] item: Sitrus Berry\n|upkeep\n|\n|t:|1776173130\n|switch|p2a: Tyranitar|Tyranitar-Mega, L50, M|100/100\n|turn|5\n|\n|t:|1776173136\n|move|p2a: Tyranitar|Protect|p2a: Tyranitar\n|-singleturn|p2a: Tyranitar|Protect\n|move|p1b: Mamoswine|Ice Shard|p2b: Rotom\n|-resisted|p2b: Rotom|1\n|-damage|p2b: Rotom|60/100\n|move|p1a: Sneasler|Gunk Shot|p2b: Rotom\n|-damage|p2b: Rotom|16/100\n|move|p2b: Rotom|Hydro Pump|p1a: Sneasler\n|-damage|p1a: Sneasler|37/100\n|\n|-weather|none\n|upkeep\n|turn|6\n|j| grancapino\n|\n|t:|1776173152\n|switch|p2a: Sinistcha|Sinistcha, L50, shiny|100/100\n|-heal|p2b: Rotom|41/100|[from] ability: Hospitality|[of] p2a: Sinistcha\n|move|p1a: Sneasler|Close Combat|p2a: Sinistcha\n|-immune|p2a: Sinistcha\n|move|p1b: Mamoswine|Icicle Crash|p2a: Sinistcha\n|-supereffective|p2a: Sinistcha|1\n|-damage|p2a: Sinistcha|36/100\n|move|p2b: Rotom|Volt Switch|p1a: Sneasler\n|-damage|p1a: Sneasler|6/100\n|\n|t:|1776173164\n|switch|p2b: Tyranitar|Tyranitar-Mega, L50, M|100/100|[from] Volt Switch\n|-weather|Sandstorm|[from] ability: Sand Stream|[of] p2b: Tyranitar\n|\n|-weather|Sandstorm|[upkeep]\n|-damage|p1a: Sneasler|0 fnt|[from] Sandstorm\n|-damage|p2a: Sinistcha|30/100|[from] Sandstorm\n|faint|p1a: Sneasler\n|-heal|p2a: Sinistcha|36/100|[from] item: Leftovers\n|upkeep\n|j| bozoingo\n|\n|t:|1776173167\n|switch|p1a: Delphox|Delphox, L50, M|100/100\n|turn|7\n|\n|t:|1776173176\n|detailschange|p1a: Delphox|Delphox-Mega, L50, M\n|-mega|p1a: Delphox|Delphox|Delphoxite\n|move|p2a: Sinistcha|Rage Powder|p2a: Sinistcha\n|-singleturn|p2a: Sinistcha|move: Rage Powder\n|move|p1a: Delphox|Heat Wave|p2a: Sinistcha|[spread] p2a,p2b\n|-supereffective|p2a: Sinistcha|1\n|-resisted|p2b: Tyranitar|1\n|-damage|p2a: Sinistcha|0 fnt\n|-damage|p2b: Tyranitar|91/100\n|faint|p2a: Sinistcha\n|move|p1b: Mamoswine|Icicle Crash|p2b: Tyranitar\n|-damage|p2b: Tyranitar|62/100\n|move|p2b: Tyranitar|Rock Slide|p1b: Mamoswine|[spread] p1a,p1b\n|-supereffective|p1a: Delphox|1\n|-damage|p1a: Delphox|0 fnt\n|-damage|p1b: Mamoswine|0 fnt\n|faint|p1a: Delphox\n|faint|p1b: Mamoswine\n|\n|win|Quyt_DZ\n|raw|UnloshTheWash's rating: 1347 &rarr; <strong>1331</strong><br />(-16 for losing)\n|raw|Quyt_DZ's rating: 1410 &rarr; <strong>1426</strong><br />(+16 for winning)\n|l|\u2606UnloshTheWash\n|player|p1|\n",
  "uploadtime": 1776173181,
  "views": 37,
  "formatid": "gen9championsvgc2026regma",
  "rating": 1331,
  "private": 0,
  "password": null
}