{
  "id": "gen9championsvgc2026regma-2582107079",
  "format": "[Gen 9 Champions] VGC 2026 Reg M-A",
  "players": [
    "Zappyzap01",
    "rexoguns"
  ],
  "log": "|j|\u2606Zappyzap01\n|j|\u2606rexoguns\n|t:|1776058762\n|gametype|doubles\n|player|p1|Zappyzap01|benga|1368\n|player|p2|rexoguns|ingo|1420\n|gen|9\n|tier|[Gen 9 Champions] VGC 2026 Reg M-A\n|rated|\n|rule|Species Clause: Limit one of each Pok\u00e9mon\n|rule|Item Clause: Limit 1 of each item\n|clearpoke\n|poke|p1|Sylveon, L50, F|\n|poke|p1|Camerupt, L50, M|\n|poke|p1|Sableye, L50, M|\n|poke|p1|Oranguru, L50, M|\n|poke|p1|Torkoal, L50, F|\n|poke|p1|Meganium, L50, F|\n|poke|p2|Kingambit, L50, M|\n|poke|p2|Delphox, L50, F|\n|poke|p2|Basculegion, L50, M|\n|poke|p2|Sneasler, L50, F|\n|poke|p2|Garchomp, L50, M|\n|poke|p2|Clefable, L50, F|\n|teampreview|4\n|inactive|Battle timer is ON: inactive players will automatically lose when time's up. (requested by rexoguns)\n|j| CARtu348rjf90\n|inactive|rexoguns has 60 seconds left.\n|\n|t:|1776058795\n|teamsize|p1|4\n|teamsize|p2|4\n|start\n|switch|p1a: Oranguru|Oranguru, L50, M, shiny|100/100\n|switch|p1b: Sylveon|Sylveon, L50, F, shiny|100/100\n|switch|p2a: Kingambit|Kingambit, L50, M|100/100\n|switch|p2b: Basculegion|Basculegion, L50, M|100/100\n|turn|1\n|inactive|Zappyzap01 has 30 seconds left.\n|inactive|Zappyzap01 has 20 seconds left.\n|j| tsuruya0097\n|inactive|Zappyzap01 has 15 seconds left.\n|l| tsuruya0097\n|inactive|Zappyzap01 has 10 seconds left.\n|inactive|Zappyzap01 has 5 seconds left.\n|\n|t:|1776058850\n|move|p2b: Basculegion|Flip Turn|p1a: Oranguru\n|-damage|p1a: Oranguru|70/100\n|\n|t:|1776058855\n|switch|p2b: Sneasler|Sneasler, L50, F|100/100|[from] Flip Turn\n|move|p1b: Sylveon|Hyper Voice|p2a: Kingambit|[spread] p2a,p2b\n|-damage|p2a: Kingambit|53/100\n|-damage|p2b: Sneasler|29/100\n|move|p2a: Kingambit|Kowtow Cleave|p1a: Oranguru\n|-supereffective|p1a: Oranguru|1\n|-damage|p1a: Oranguru|0 fnt\n|faint|p1a: Oranguru\n|\n|upkeep\n|\n|t:|1776058867\n|switch|p1a: Torkoal|Torkoal, L50, F, shiny|100/100\n|-weather|SunnyDay|[from] ability: Drought|[of] p1a: Torkoal\n|turn|2\n|\n|t:|1776058877\n|move|p2b: Sneasler|Fake Out|p1b: Sylveon\n|-damage|p1b: Sylveon|84/100\n|cant|p1b: Sylveon|flinch\n|move|p2a: Kingambit|Kowtow Cleave|p1a: Torkoal\n|-damage|p1a: Torkoal|52/100\n|move|p1a: Torkoal|Eruption|p2b: Sneasler|[spread] p2a,p2b\n|-supereffective|p2a: Kingambit|1\n|-crit|p2b: Sneasler\n|-damage|p2a: Kingambit|0 fnt\n|-damage|p2b: Sneasler|0 fnt\n|faint|p2a: Kingambit\n|faint|p2b: Sneasler\n|\n|-weather|SunnyDay|[upkeep]\n|upkeep\n|\n|t:|1776058886\n|switch|p2b: Delphox|Delphox, L50, F|100/100\n|switch|p2a: Basculegion|Basculegion, L50, M|100/100\n|turn|3\n|\n|t:|1776058906\n|detailschange|p2b: Delphox|Delphox-Mega, L50, F\n|-mega|p2b: Delphox|Delphox|Delphoxite\n|move|p2a: Basculegion|Wave Crash|p1a: Torkoal\n|-supereffective|p1a: Torkoal|1\n|-damage|p1a: Torkoal|0 fnt\n|faint|p1a: Torkoal\n|-damage|p2a: Basculegion|85/100|[from] Recoil\n|move|p2b: Delphox|Heat Wave|p1b: Sylveon\n|-damage|p1b: Sylveon|18/100\n|move|p1b: Sylveon|Hyper Beam|p2a: Basculegion\n|-damage|p2a: Basculegion|0 fnt\n|-mustrecharge|p1b: Sylveon\n|faint|p2a: Basculegion\n|\n|-weather|SunnyDay|[upkeep]\n|upkeep\n|\n|t:|1776058918\n|switch|p1a: Camerupt|Camerupt, L50, M, shiny|100/100\n|turn|4\n|\n|t:|1776058931\n|detailschange|p1a: Camerupt|Camerupt-Mega, L50, M, shiny\n|-mega|p1a: Camerupt|Camerupt|Cameruptite\n|move|p2b: Delphox|Heat Wave|p1b: Sylveon|[spread] p1a,p1b\n|-resisted|p1a: Camerupt|1\n|-damage|p1a: Camerupt|70/100\n|-damage|p1b: Sylveon|0 fnt\n|faint|p1b: Sylveon\n|move|p1a: Camerupt|Heat Wave|p2b: Delphox\n|-resisted|p2b: Delphox|1\n|-damage|p2b: Delphox|45/100\n|\n|-weather|SunnyDay|[upkeep]\n|upkeep\n|turn|5\n|\n|t:|1776058953\n|move|p2b: Delphox|Protect|p2b: Delphox\n|-singleturn|p2b: Delphox|Protect\n|move|p1a: Camerupt|Heat Wave|p2b: Delphox\n|-activate|p2b: Delphox|move: Protect\n|\n|-weather|SunnyDay|[upkeep]\n|upkeep\n|turn|6\n|\n|t:|1776058960\n|move|p2b: Delphox|Psychic|p1a: Camerupt\n|-damage|p1a: Camerupt|17/100\n|move|p1a: Camerupt|Heat Wave|p2b: Delphox\n|-resisted|p2b: Delphox|1\n|-damage|p2b: Delphox|0 fnt\n|faint|p2b: Delphox\n|\n|win|Zappyzap01\n|raw|Zappyzap01's rating: 1368 &rarr; <strong>1391</strong><br />(+23 for winning)\n|raw|rexoguns's rating: 1420 &rarr; <strong>1397</strong><br />(-23 for losing)\n|l|\u2606rexoguns\n|player|p2|\n|l|\u2606Zappyzap01\n|player|p1|\n",
  "uploadtime": 1776058971,
  "views": 40,
  "formatid": "gen9championsvgc2026regma",
  "rating": 1391,
  "private": 0,
  "password": null
}