{
  "id": "gen9championsvgc2026regma-2585655139",
  "format": "[Gen 9 Champions] VGC 2026 Reg M-A",
  "players": [
    "amonglet_kisser",
    "saltless"
  ],
  "log": "|j|\u2606amonglet_kisser\n|j|\u2606saltless\n|t:|1776361577\n|gametype|doubles\n|player|p1|amonglet_kisser|rosa|1000\n|player|p2|saltless|169|1000\n|gen|9\n|tier|[Gen 9 Champions] VGC 2026 Reg M-A\n|rated|\n|rule|Species Clause: Limit one of each Pok\u00e9mon\n|rule|Item Clause: Limit 1 of each item\n|clearpoke\n|poke|p1|Floette-Eternal, L50, F|\n|poke|p1|Sinistcha-Masterpiece, L50|\n|poke|p1|Whimsicott, L50, F|\n|poke|p1|Aggron, L50, M|\n|poke|p1|Ninetales, L50, F|\n|poke|p1|Mamoswine, L50, M|\n|poke|p2|Abomasnow, L50, F|\n|poke|p2|Beartic, L50, F|\n|poke|p2|Basculegion, L50, M|\n|poke|p2|Froslass, L50, F|\n|poke|p2|Sneasler, L50, M|\n|poke|p2|Ampharos, L50, F|\n|teampreview|4\n|\n|t:|1776361612\n|teamsize|p1|4\n|teamsize|p2|4\n|start\n|switch|p1a: Floette|Floette-Eternal, L50, F|100/100\n|switch|p1b: Whimsicott|Whimsicott, L50, F|100/100\n|switch|p2a: Beartic|Beartic, L50, F|100/100\n|switch|p2b: Abomasnow|Abomasnow, L50, F|100/100\n|-weather|Snowscape|[from] ability: Snow Warning|[of] p2b: Abomasnow\n|turn|1\n|\n|t:|1776361636\n|detailschange|p1a: Floette|Floette-Mega, L50, F\n|-mega|p1a: Floette|Floette|Floettite\n|-ability|p1a: Floette|Fairy Aura\n|move|p1b: Whimsicott|Tailwind|p1b: Whimsicott\n|-sidestart|p1: amonglet_kisser|move: Tailwind\n|move|p1a: Floette|Moonblast|p2b: Abomasnow\n|-damage|p2b: Abomasnow|4/100\n|move|p2a: Beartic|Earthquake|p1b: Whimsicott|[spread] p2b,p1a,p1b\n|-resisted|p2b: Abomasnow|1\n|-resisted|p1b: Whimsicott|1\n|-damage|p2b: Abomasnow|0 fnt\n|-damage|p1a: Floette|67/100\n|-damage|p1b: Whimsicott|83/100\n|faint|p2b: Abomasnow\n|\n|-weather|Snowscape|[upkeep]\n|upkeep\n|\n|t:|1776361654\n|switch|p2b: Sneasler|Sneasler, L50, M|100/100\n|turn|2\n|\n|t:|1776361681\n|switch|p1b: Ninetales|Ninetales, L50, F|100/100\n|-weather|SunnyDay|[from] ability: Drought|[of] p1b: Ninetales\n|move|p1a: Floette|Protect|p1a: Floette\n|-singleturn|p1a: Floette|Protect\n|move|p2b: Sneasler|Fake Out|p1a: Floette\n|-activate|p1a: Floette|move: Protect\n|move|p2a: Beartic|Avalanche|p1b: Ninetales\n|-resisted|p1b: Ninetales|1\n|-damage|p1b: Ninetales|78/100\n|\n|-weather|SunnyDay|[upkeep]\n|upkeep\n|turn|3\n|\n|t:|1776361734\n|move|p1a: Floette|Light of Ruin|p2b: Sneasler\n|-enditem|p2b: Sneasler|Focus Sash\n|-damage|p2b: Sneasler|1/100\n|-damage|p1a: Floette|15/100|[from] Recoil\n|move|p1b: Ninetales|Heat Wave|p2a: Beartic|[spread] p2a,p2b\n|-supereffective|p2a: Beartic|1\n|-enditem|p2a: Beartic|Occa Berry|[eat]\n|-enditem|p2a: Beartic|Occa Berry|[weaken]\n|-damage|p2a: Beartic|53/100\n|-damage|p2b: Sneasler|0 fnt\n|-status|p2a: Beartic|brn\n|faint|p2b: Sneasler\n|move|p2a: Beartic|Earthquake|p1a: Floette|[spread] p1a,p1b\n|-supereffective|p1b: Ninetales|1\n|-damage|p1a: Floette|0 fnt\n|-damage|p1b: Ninetales|38/100\n|faint|p1a: Floette\n|\n|-weather|SunnyDay|[upkeep]\n|-damage|p2a: Beartic|47/100 brn|[from] brn\n|upkeep\n|\n|t:|1776361756\n|switch|p2b: Basculegion|Basculegion, L50, M|100/100\n|switch|p1a: Whimsicott|Whimsicott, L50, F|83/100\n|turn|4\n|\n|t:|1776361784\n|move|p1a: Whimsicott|Protect|p1a: Whimsicott\n|-singleturn|p1a: Whimsicott|Protect\n|move|p1b: Ninetales|Protect|p1b: Ninetales\n|-singleturn|p1b: Ninetales|Protect\n|move|p2b: Basculegion|Flip Turn|p1b: Ninetales\n|-activate|p1b: Ninetales|move: Protect\n|move|p2a: Beartic|Avalanche|p1a: Whimsicott\n|-activate|p1a: Whimsicott|move: Protect\n|\n|-weather|SunnyDay|[upkeep]\n|-damage|p2a: Beartic|41/100 brn|[from] brn\n|-sideend|p1: amonglet_kisser|move: Tailwind\n|upkeep\n|turn|5\n|\n|t:|1776361833\n|move|p1a: Whimsicott|Tailwind|p1a: Whimsicott\n|-sidestart|p1: amonglet_kisser|move: Tailwind\n|move|p1b: Ninetales|Solar Beam||[still]\n|-prepare|p1b: Ninetales|Solar Beam\n|-anim|p1b: Ninetales|Solar Beam|p2b: Basculegion\n|-supereffective|p2b: Basculegion|1\n|-crit|p2b: Basculegion\n|-damage|p2b: Basculegion|15/100\n|move|p2b: Basculegion|Flip Turn|p1b: Ninetales\n|-supereffective|p1b: Ninetales|1\n|-damage|p1b: Ninetales|0 fnt\n|faint|p1b: Ninetales\n|move|p2a: Beartic|Avalanche|p1a: Whimsicott\n|-supereffective|p1a: Whimsicott|1\n|-damage|p1a: Whimsicott|41/100\n|\n|-weather|SunnyDay|[upkeep]\n|-damage|p2a: Beartic|35/100 brn|[from] brn\n|upkeep\n|\n|t:|1776361850\n|switch|p1b: Mamoswine|Mamoswine, L50, M|100/100\n|turn|6\n|\n|t:|1776361868\n|move|p1a: Whimsicott|Protect|p1a: Whimsicott\n|-singleturn|p1a: Whimsicott|Protect\n|move|p2b: Basculegion|Flip Turn|p1b: Mamoswine\n|-supereffective|p1b: Mamoswine|1\n|-damage|p1b: Mamoswine|65/100\n|move|p1b: Mamoswine|Rock Slide|p2b: Basculegion|[spread] p2a,p2b\n|-supereffective|p2a: Beartic|1\n|-damage|p2a: Beartic|0 fnt\n|-damage|p2b: Basculegion|0 fnt\n|faint|p2a: Beartic\n|faint|p2b: Basculegion\n|\n|win|amonglet_kisser\n|raw|amonglet_kisser's rating: 1000 &rarr; <strong>1040</strong><br />(+40 for winning)\n|raw|saltless's rating: 1000 &rarr; <strong>1000</strong><br />(+0 for losing)\n|l|\u2606saltless\n|player|p2|\n",
  "uploadtime": 1776361881,
  "views": 14,
  "formatid": "gen9championsvgc2026regma",
  "rating": 1000,
  "private": 0,
  "password": null
}