{
  "id": "gen9championsvgc2026regma-2585429593",
  "format": "[Gen 9 Champions] VGC 2026 Reg M-A",
  "players": [
    "1Neku",
    "antiMikes"
  ],
  "log": "|j|\u26061Neku\n|j|\u2606antiMikes\n|t:|1776346716\n|gametype|doubles\n|player|p1|1Neku|265|1070\n|player|p2|antiMikes|cynthia-gen4|1156\n|gen|9\n|tier|[Gen 9 Champions] VGC 2026 Reg M-A\n|rated|\n|rule|Species Clause: Limit one of each Pok\u00e9mon\n|rule|Item Clause: Limit 1 of each item\n|clearpoke\n|poke|p1|Pelipper, L50, F|\n|poke|p1|Basculegion, L50, M|\n|poke|p1|Sinistcha, L50|\n|poke|p1|Archaludon, L50, F|\n|poke|p1|Sneasler, L50, F|\n|poke|p1|Dragonite, L50, F|\n|poke|p2|Lucario, L50, M|\n|poke|p2|Pelipper, L50, M|\n|poke|p2|Garchomp, L50, F|\n|poke|p2|Incineroar, L50, M|\n|poke|p2|Basculegion-F, L50, F|\n|poke|p2|Sinistcha-Masterpiece, L50|\n|teampreview|4\n|inactive|Battle timer is ON: inactive players will automatically lose when time's up. (requested by antiMikes)\n|j| Soggybread275\n|inactive|antiMikes has 60 seconds left.\n|l| Soggybread275\n|\n|t:|1776346764\n|teamsize|p1|4\n|teamsize|p2|4\n|start\n|switch|p1a: Dragonite|Dragonite, L50, F|100/100\n|switch|p1b: Sneasler|Sneasler, L50, F|100/100\n|switch|p2a: Garchomp|Garchomp, L50, F|100/100\n|switch|p2b: Incineroar|Incineroar, L50, M|100/100\n|-ability|p2b: Incineroar|Intimidate|boost\n|-fail|p1a: Dragonite|unboost|Attack|[from] ability: Inner Focus|[of] p1a: Dragonite\n|-unboost|p1b: Sneasler|atk|1\n|-enditem|p1b: Sneasler|White Herb\n|-clearnegativeboost|p1b: Sneasler|[silent]\n|turn|1\n|inactive|1Neku has 30 seconds left.\n|\n|t:|1776346791\n|move|p2b: Incineroar|Fake Out|p1a: Dragonite\n|-damage|p1a: Dragonite|90/100\n|move|p1b: Sneasler|Close Combat|p2b: Incineroar\n|-supereffective|p2b: Incineroar|1\n|-damage|p2b: Incineroar|0 fnt\n|-unboost|p1b: Sneasler|def|1\n|-unboost|p1b: Sneasler|spd|1\n|faint|p2b: Incineroar\n|move|p2a: Garchomp|Stomping Tantrum|p1b: Sneasler\n|-supereffective|p1b: Sneasler|1\n|-damage|p1b: Sneasler|0 fnt\n|faint|p1b: Sneasler\n|move|p1a: Dragonite|Draco Meteor|p2a: Garchomp\n|-supereffective|p2a: Garchomp|1\n|-damage|p2a: Garchomp|0 fnt\n|-unboost|p1a: Dragonite|spa|2\n|faint|p2a: Garchomp\n|\n|upkeep\n|\n|t:|1776346812\n|switch|p1b: Basculegion|Basculegion, L50, M|100/100\n|switch|p2a: Pelipper|Pelipper, L50, M|100/100\n|switch|p2b: Basculegion|Basculegion-F, L50, F|100/100\n|-weather|RainDance|[from] ability: Drizzle|[of] p2a: Pelipper\n|turn|2\n|\n|t:|1776346835\n|switch|p1a: Pelipper|Pelipper, L50, F, shiny|100/100\n|move|p1b: Basculegion|Flip Turn|p2b: Basculegion\n|-resisted|p2b: Basculegion|1\n|-damage|p2b: Basculegion|73/100\n|\n|t:|1776346841\n|switch|p1b: Dragonite|Dragonite, L50, F|90/100|[from] Flip Turn\n|move|p2b: Basculegion|Shadow Ball|p1b: Dragonite\n|-damage|p1b: Dragonite|49/100\n|move|p2a: Pelipper|Hurricane|p1a: Pelipper\n|-damage|p1a: Pelipper|34/100\n|\n|-weather|RainDance|[upkeep]\n|upkeep\n|turn|3\n|\n|t:|1776346865\n|detailschange|p1b: Dragonite|Dragonite-Mega, L50, F\n|-mega|p1b: Dragonite|Dragonite|Dragoninite\n|move|p1b: Dragonite|Protect|p1b: Dragonite\n|-singleturn|p1b: Dragonite|Protect\n|move|p2b: Basculegion|Shadow Ball|p1b: Dragonite\n|-activate|p1b: Dragonite|move: Protect\n|move|p1a: Pelipper|Tailwind|p1a: Pelipper\n|-sidestart|p1: 1Neku|move: Tailwind\n|move|p2a: Pelipper|Hurricane|p1a: Pelipper\n|-damage|p1a: Pelipper|0 fnt\n|faint|p1a: Pelipper\n|\n|-weather|RainDance|[upkeep]\n|upkeep\n|\n|t:|1776346880\n|switch|p1a: Basculegion|Basculegion, L50, M|100/100\n|turn|4\n|\n|t:|1776346890\n|move|p1a: Basculegion|Last Respects|p2b: Basculegion\n|-supereffective|p2b: Basculegion|1\n|-damage|p2b: Basculegion|0 fnt\n|faint|p2b: Basculegion\n|move|p1b: Dragonite|Ice Beam|p2a: Pelipper\n|-damage|p2a: Pelipper|53/100\n|move|p2a: Pelipper|Hurricane|p1a: Basculegion\n|-damage|p1a: Basculegion|56/100\n|\n|-weather|RainDance|[upkeep]\n|-heal|p2a: Pelipper|59/100|[from] item: Leftovers\n|upkeep\n|turn|5\n|\n|t:|1776346905\n|move|p1a: Basculegion|Last Respects|p2a: Pelipper\n|-damage|p2a: Pelipper|0 fnt\n|faint|p2a: Pelipper\n|\n|win|1Neku\n|raw|1Neku's rating: 1070 &rarr; <strong>1107</strong><br />(+37 for winning)\n|raw|antiMikes's rating: 1156 &rarr; <strong>1125</strong><br />(-31 for losing)\n|l|\u2606antiMikes\n|player|p2|\n",
  "uploadtime": 1776346911,
  "views": 24,
  "formatid": "gen9championsvgc2026regma",
  "rating": 1107,
  "private": 0,
  "password": null
}