{
  "id": "gen9championsvgc2026regma-2584867128",
  "format": "[Gen 9 Champions] VGC 2026 Reg M-A",
  "players": [
    "ffttossenz",
    "kxiao"
  ],
  "log": "|j|\u2606ffttossenz\n|j|\u2606kxiao\n|t:|1776289945\n|gametype|doubles\n|player|p1|ffttossenz|miku-flying|1044\n|player|p2|kxiao|2|1110\n|gen|9\n|tier|[Gen 9 Champions] VGC 2026 Reg M-A\n|rated|\n|rule|Species Clause: Limit one of each Pok\u00e9mon\n|rule|Item Clause: Limit 1 of each item\n|clearpoke\n|poke|p1|Manectric, L50, F|\n|poke|p1|Slowbro, L50, M|\n|poke|p1|Chimecho, L50, F|\n|poke|p1|Sneasler, L50, F|\n|poke|p1|Floette-Eternal, L50, F|\n|poke|p1|Raichu, L50, M|\n|poke|p2|Floette-Eternal, L50, F|\n|poke|p2|Incineroar, L50, F|\n|poke|p2|Sinistcha, L50|\n|poke|p2|Aerodactyl, L50, M|\n|poke|p2|Sneasler, L50, F|\n|poke|p2|Scizor, L50, M|\n|teampreview|4\n|c|\u2606ffttossenz|glhf pls dont forfeit i wanna do something funny\n|c|\u2606kxiao|aight\n|\n|t:|1776290000\n|teamsize|p1|4\n|teamsize|p2|4\n|start\n|switch|p1a: \u26a0\ufe0fPLS NO TIMER\u26a0\ufe0f|Raichu, L50, M|100/100\n|switch|p1b: \ud83d\ude1fPLS NO FORFEIT\ud83d\ude1f|Manectric, L50, F|100/100\n|switch|p2a: Sneasler|Sneasler, L50, F|100/100\n|switch|p2b: Scizor|Scizor, L50, M|100/100\n|turn|1\n|inactive|Battle timer is ON: inactive players will automatically lose when time's up. (requested by kxiao)\n|inactiveoff|Battle timer is now OFF.\n|\n|t:|1776290021\n|detailschange|p2b: Scizor|Scizor-Mega, L50, M\n|-mega|p2b: Scizor|Scizor|Scizorite\n|move|p2a: Sneasler|Protect|p2a: Sneasler\n|-singleturn|p2a: Sneasler|Protect\n|move|p1a: \u26a0\ufe0fPLS NO TIMER\u26a0\ufe0f|Discharge|p2b: Scizor|[spread] p2b\n|-activate|p2a: Sneasler|move: Protect\n|-ability|p1b: \ud83d\ude1fPLS NO FORFEIT\ud83d\ude1f|Lightning Rod|boost\n|-boost|p1b: \ud83d\ude1fPLS NO FORFEIT\ud83d\ude1f|spa|1\n|-damage|p2b: Scizor|75/100\n|-status|p2b: Scizor|par\n|move|p1b: \ud83d\ude1fPLS NO FORFEIT\ud83d\ude1f|Discharge|p2a: Sneasler|[spread] p2b\n|-activate|p2a: Sneasler|move: Protect\n|-ability|p1a: \u26a0\ufe0fPLS NO TIMER\u26a0\ufe0f|Lightning Rod|boost\n|-boost|p1a: \u26a0\ufe0fPLS NO TIMER\u26a0\ufe0f|spa|1\n|-damage|p2b: Scizor|34/100 par\n|cant|p2b: Scizor|par\n|\n|upkeep\n|turn|2\n|\n|t:|1776290038\n|move|p2b: Scizor|Bullet Punch|p1a: \u26a0\ufe0fPLS NO TIMER\u26a0\ufe0f\n|-resisted|p1a: \u26a0\ufe0fPLS NO TIMER\u26a0\ufe0f|1\n|-damage|p1a: \u26a0\ufe0fPLS NO TIMER\u26a0\ufe0f|61/100\n|move|p1a: \u26a0\ufe0fPLS NO TIMER\u26a0\ufe0f|Discharge|p2a: Sneasler|[spread] p2a,p2b\n|-ability|p1b: \ud83d\ude1fPLS NO FORFEIT\ud83d\ude1f|Lightning Rod|boost\n|-boost|p1b: \ud83d\ude1fPLS NO FORFEIT\ud83d\ude1f|spa|1\n|-damage|p2a: Sneasler|50/100\n|-damage|p2b: Scizor|0 fnt\n|faint|p2b: Scizor\n|move|p2a: Sneasler|Dire Claw|p1a: \u26a0\ufe0fPLS NO TIMER\u26a0\ufe0f\n|-damage|p1a: \u26a0\ufe0fPLS NO TIMER\u26a0\ufe0f|0 fnt\n|faint|p1a: \u26a0\ufe0fPLS NO TIMER\u26a0\ufe0f\n|move|p1b: \ud83d\ude1fPLS NO FORFEIT\ud83d\ude1f|Discharge|p2a: Sneasler\n|-damage|p2a: Sneasler|0 fnt\n|faint|p2a: Sneasler\n|\n|upkeep\n|\n|t:|1776290050\n|switch|p1a: \ud83c\udfcb\ufe0fNO GIVE UP\ud83c\udfcb\ufe0f|Slowbro, L50, M|100/100\n|switch|p2a: Sinistcha|Sinistcha, L50|100/100\n|switch|p2b: Incineroar|Incineroar, L50, F|100/100\n|-ability|p2b: Incineroar|Intimidate|boost\n|-fail|p1a: \ud83c\udfcb\ufe0fNO GIVE UP\ud83c\udfcb\ufe0f|unboost|Attack|[from] ability: Oblivious|[of] p1a: \ud83c\udfcb\ufe0fNO GIVE UP\ud83c\udfcb\ufe0f\n|-unboost|p1b: \ud83d\ude1fPLS NO FORFEIT\ud83d\ude1f|atk|1\n|turn|3\n|\n|t:|1776290063\n|detailschange|p1a: \ud83c\udfcb\ufe0fNO GIVE UP\ud83c\udfcb\ufe0f|Slowbro-Mega, L50, M\n|-mega|p1a: \ud83c\udfcb\ufe0fNO GIVE UP\ud83c\udfcb\ufe0f|Slowbro|Slowbronite\n|move|p2b: Incineroar|Fake Out|p1b: \ud83d\ude1fPLS NO FORFEIT\ud83d\ude1f\n|-crit|p1b: \ud83d\ude1fPLS NO FORFEIT\ud83d\ude1f\n|-damage|p1b: \ud83d\ude1fPLS NO FORFEIT\ud83d\ude1f|71/100\n|cant|p1b: \ud83d\ude1fPLS NO FORFEIT\ud83d\ude1f|flinch\n|move|p2a: Sinistcha|Matcha Gotcha|p1b: \ud83d\ude1fPLS NO FORFEIT\ud83d\ude1f|[spread] p1a,p1b\n|-supereffective|p1a: \ud83c\udfcb\ufe0fNO GIVE UP\ud83c\udfcb\ufe0f|1\n|-damage|p1a: \ud83c\udfcb\ufe0fNO GIVE UP\ud83c\udfcb\ufe0f|62/100\n|-damage|p1b: \ud83d\ude1fPLS NO FORFEIT\ud83d\ude1f|30/100\n|move|p1a: \ud83c\udfcb\ufe0fNO GIVE UP\ud83c\udfcb\ufe0f|Muddy Water|p2b: Incineroar|[spread] p2a\n|-miss|p1a: \ud83c\udfcb\ufe0fNO GIVE UP\ud83c\udfcb\ufe0f|p2b: Incineroar\n|-resisted|p2a: Sinistcha|1\n|-damage|p2a: Sinistcha|85/100\n|\n|upkeep\n|turn|4\n|\n|t:|1776290101\n|move|p1b: \ud83d\ude1fPLS NO FORFEIT\ud83d\ude1f|Thunderbolt|p2b: Incineroar\n|-damage|p2b: Incineroar|31/100\n|move|p2a: Sinistcha|Matcha Gotcha|p1a: \ud83c\udfcb\ufe0fNO GIVE UP\ud83c\udfcb\ufe0f|[spread] p1a,p1b\n|-supereffective|p1a: \ud83c\udfcb\ufe0fNO GIVE UP\ud83c\udfcb\ufe0f|1\n|-damage|p1a: \ud83c\udfcb\ufe0fNO GIVE UP\ud83c\udfcb\ufe0f|22/100\n|-heal|p2a: Sinistcha|100/100|[from] drain|[of] p1a: \ud83c\udfcb\ufe0fNO GIVE UP\ud83c\udfcb\ufe0f\n|-damage|p1b: \ud83d\ude1fPLS NO FORFEIT\ud83d\ude1f|0 fnt\n|-status|p1a: \ud83c\udfcb\ufe0fNO GIVE UP\ud83c\udfcb\ufe0f|brn\n|faint|p1b: \ud83d\ude1fPLS NO FORFEIT\ud83d\ude1f\n|move|p2b: Incineroar|Parting Shot|p1a: \ud83c\udfcb\ufe0fNO GIVE UP\ud83c\udfcb\ufe0f\n|-unboost|p1a: \ud83c\udfcb\ufe0fNO GIVE UP\ud83c\udfcb\ufe0f|atk|1\n|-unboost|p1a: \ud83c\udfcb\ufe0fNO GIVE UP\ud83c\udfcb\ufe0f|spa|1\n|move|p1a: \ud83c\udfcb\ufe0fNO GIVE UP\ud83c\udfcb\ufe0f|Slack Off|p1a: \ud83c\udfcb\ufe0fNO GIVE UP\ud83c\udfcb\ufe0f\n|-heal|p1a: \ud83c\udfcb\ufe0fNO GIVE UP\ud83c\udfcb\ufe0f|72/100 brn\n|\n|-damage|p1a: \ud83c\udfcb\ufe0fNO GIVE UP\ud83c\udfcb\ufe0f|66/100 brn|[from] brn\n|upkeep\n|\n|t:|1776290113\n|switch|p1b: (\u3065\u1d17 _\u1d17)\u3065\u26f0\ufe0fSisyphus|Chimecho, L50, F, shiny|100/100\n|turn|5\n|\n|t:|1776290125\n|move|p1b: (\u3065\u1d17 _\u1d17)\u3065\u26f0\ufe0fSisyphus|Cosmic Power|p1b: (\u3065\u1d17 _\u1d17)\u3065\u26f0\ufe0fSisyphus\n|-boost|p1b: (\u3065\u1d17 _\u1d17)\u3065\u26f0\ufe0fSisyphus|def|1\n|-boost|p1b: (\u3065\u1d17 _\u1d17)\u3065\u26f0\ufe0fSisyphus|spd|1\n|move|p2a: Sinistcha|Life Dew||[still]|[spread] p2a,p2b\n|-fail|p2a: Sinistcha|heal\n|-heal|p2b: Incineroar|56/100\n|move|p2b: Incineroar|Parting Shot|p1a: \ud83c\udfcb\ufe0fNO GIVE UP\ud83c\udfcb\ufe0f\n|-unboost|p1a: \ud83c\udfcb\ufe0fNO GIVE UP\ud83c\udfcb\ufe0f|atk|1\n|-unboost|p1a: \ud83c\udfcb\ufe0fNO GIVE UP\ud83c\udfcb\ufe0f|spa|1\n|move|p1a: \ud83c\udfcb\ufe0fNO GIVE UP\ud83c\udfcb\ufe0f|Slack Off|p1a: \ud83c\udfcb\ufe0fNO GIVE UP\ud83c\udfcb\ufe0f\n|-heal|p1a: \ud83c\udfcb\ufe0fNO GIVE UP\ud83c\udfcb\ufe0f|100/100 brn\n|\n|-damage|p1a: \ud83c\udfcb\ufe0fNO GIVE UP\ud83c\udfcb\ufe0f|95/100 brn|[from] brn\n|upkeep\n|turn|6\n|\n|t:|1776290137\n|move|p1b: (\u3065\u1d17 _\u1d17)\u3065\u26f0\ufe0fSisyphus|Cosmic Power|p1b: (\u3065\u1d17 _\u1d17)\u3065\u26f0\ufe0fSisyphus\n|-boost|p1b: (\u3065\u1d17 _\u1d17)\u3065\u26f0\ufe0fSisyphus|def|1\n|-boost|p1b: (\u3065\u1d17 _\u1d17)\u3065\u26f0\ufe0fSisyphus|spd|1\n|move|p2a: Sinistcha|Matcha Gotcha|p1b: (\u3065\u1d17 _\u1d17)\u3065\u26f0\ufe0fSisyphus|[spread] p1a,p1b\n|-supereffective|p1a: \ud83c\udfcb\ufe0fNO GIVE UP\ud83c\udfcb\ufe0f|1\n|-crit|p1b: (\u3065\u1d17 _\u1d17)\u3065\u26f0\ufe0fSisyphus\n|-damage|p1a: \ud83c\udfcb\ufe0fNO GIVE UP\ud83c\udfcb\ufe0f|58/100 brn\n|-damage|p1b: (\u3065\u1d17 _\u1d17)\u3065\u26f0\ufe0fSisyphus|60/100\n|move|p2b: Incineroar|Flare Blitz|p1b: (\u3065\u1d17 _\u1d17)\u3065\u26f0\ufe0fSisyphus\n|-damage|p1b: (\u3065\u1d17 _\u1d17)\u3065\u26f0\ufe0fSisyphus|41/100\n|-damage|p2b: Incineroar|50/100|[from] Recoil\n|move|p1a: \ud83c\udfcb\ufe0fNO GIVE UP\ud83c\udfcb\ufe0f|Skill Swap|p1b: (\u3065\u1d17 _\u1d17)\u3065\u26f0\ufe0fSisyphus\n|-activate|p1a: \ud83c\udfcb\ufe0fNO GIVE UP\ud83c\udfcb\ufe0f|Skill Swap|||[of] p1b: (\u3065\u1d17 _\u1d17)\u3065\u26f0\ufe0fSisyphus\n|\n|-damage|p1a: \ud83c\udfcb\ufe0fNO GIVE UP\ud83c\udfcb\ufe0f|52/100 brn|[from] brn\n|upkeep\n|turn|7\n|\n|t:|1776290156\n|move|p1b: (\u3065\u1d17 _\u1d17)\u3065\u26f0\ufe0fSisyphus|Recover|p1b: (\u3065\u1d17 _\u1d17)\u3065\u26f0\ufe0fSisyphus\n|-heal|p1b: (\u3065\u1d17 _\u1d17)\u3065\u26f0\ufe0fSisyphus|91/100\n|move|p2a: Sinistcha|Matcha Gotcha|p1a: \ud83c\udfcb\ufe0fNO GIVE UP\ud83c\udfcb\ufe0f|[spread] p1b\n|-miss|p2a: Sinistcha|p1a: \ud83c\udfcb\ufe0fNO GIVE UP\ud83c\udfcb\ufe0f\n|-damage|p1b: (\u3065\u1d17 _\u1d17)\u3065\u26f0\ufe0fSisyphus|77/100\n|move|p2b: Incineroar|Will-O-Wisp|p1b: (\u3065\u1d17 _\u1d17)\u3065\u26f0\ufe0fSisyphus\n|-status|p1b: (\u3065\u1d17 _\u1d17)\u3065\u26f0\ufe0fSisyphus|brn\n|move|p1a: \ud83c\udfcb\ufe0fNO GIVE UP\ud83c\udfcb\ufe0f|Skill Swap|p2b: Incineroar\n|-activate|p1a: \ud83c\udfcb\ufe0fNO GIVE UP\ud83c\udfcb\ufe0f|Skill Swap|Intimidate|Levitate|[of] p2b: Incineroar\n|-ability|p1a: \ud83c\udfcb\ufe0fNO GIVE UP\ud83c\udfcb\ufe0f|Intimidate|boost\n|-unboost|p2a: Sinistcha|atk|1\n|-unboost|p2b: Incineroar|atk|1\n|\n|-damage|p1b: (\u3065\u1d17 _\u1d17)\u3065\u26f0\ufe0fSisyphus|71/100 brn|[from] brn\n|-damage|p1a: \ud83c\udfcb\ufe0fNO GIVE UP\ud83c\udfcb\ufe0f|46/100 brn|[from] brn\n|upkeep\n|turn|8\n|\n|t:|1776290191\n|move|p1b: (\u3065\u1d17 _\u1d17)\u3065\u26f0\ufe0fSisyphus|Recover|p1b: (\u3065\u1d17 _\u1d17)\u3065\u26f0\ufe0fSisyphus\n|-heal|p1b: (\u3065\u1d17 _\u1d17)\u3065\u26f0\ufe0fSisyphus|100/100 brn\n|move|p2a: Sinistcha|Matcha Gotcha|p1b: (\u3065\u1d17 _\u1d17)\u3065\u26f0\ufe0fSisyphus|[spread] p1a,p1b\n|-supereffective|p1a: \ud83c\udfcb\ufe0fNO GIVE UP\ud83c\udfcb\ufe0f|1\n|-damage|p1a: \ud83c\udfcb\ufe0fNO GIVE UP\ud83c\udfcb\ufe0f|7/100 brn\n|-damage|p1b: (\u3065\u1d17 _\u1d17)\u3065\u26f0\ufe0fSisyphus|87/100 brn\n|move|p2b: Incineroar|Flare Blitz|p1a: \ud83c\udfcb\ufe0fNO GIVE UP\ud83c\udfcb\ufe0f\n|-resisted|p1a: \ud83c\udfcb\ufe0fNO GIVE UP\ud83c\udfcb\ufe0f|1\n|-damage|p1a: \ud83c\udfcb\ufe0fNO GIVE UP\ud83c\udfcb\ufe0f|0 fnt\n|faint|p1a: \ud83c\udfcb\ufe0fNO GIVE UP\ud83c\udfcb\ufe0f\n|-damage|p2b: Incineroar|48/100|[from] Recoil\n|\n|-damage|p1b: (\u3065\u1d17 _\u1d17)\u3065\u26f0\ufe0fSisyphus|81/100 brn|[from] brn\n|upkeep\n|turn|9\n|\n|t:|1776290210\n|move|p1b: (\u3065\u1d17 _\u1d17)\u3065\u26f0\ufe0fSisyphus|Cosmic Power|p1b: (\u3065\u1d17 _\u1d17)\u3065\u26f0\ufe0fSisyphus\n|-boost|p1b: (\u3065\u1d17 _\u1d17)\u3065\u26f0\ufe0fSisyphus|def|1\n|-boost|p1b: (\u3065\u1d17 _\u1d17)\u3065\u26f0\ufe0fSisyphus|spd|1\n|move|p2a: Sinistcha|Life Dew||[still]|[spread] p2a,p2b\n|-fail|p2a: Sinistcha|heal\n|-heal|p2b: Incineroar|73/100\n|move|p2b: Incineroar|Parting Shot|p1b: (\u3065\u1d17 _\u1d17)\u3065\u26f0\ufe0fSisyphus\n|-unboost|p1b: (\u3065\u1d17 _\u1d17)\u3065\u26f0\ufe0fSisyphus|atk|1\n|-unboost|p1b: (\u3065\u1d17 _\u1d17)\u3065\u26f0\ufe0fSisyphus|spa|1\n|\n|-damage|p1b: (\u3065\u1d17 _\u1d17)\u3065\u26f0\ufe0fSisyphus|75/100 brn|[from] brn\n|upkeep\n|turn|10\n|\n|t:|1776290217\n|move|p1b: (\u3065\u1d17 _\u1d17)\u3065\u26f0\ufe0fSisyphus|Cosmic Power|p1b: (\u3065\u1d17 _\u1d17)\u3065\u26f0\ufe0fSisyphus\n|-boost|p1b: (\u3065\u1d17 _\u1d17)\u3065\u26f0\ufe0fSisyphus|def|1\n|-boost|p1b: (\u3065\u1d17 _\u1d17)\u3065\u26f0\ufe0fSisyphus|spd|1\n|move|p2a: Sinistcha|Life Dew||[still]|[spread] p2a,p2b\n|-fail|p2a: Sinistcha|heal\n|-heal|p2b: Incineroar|98/100\n|move|p2b: Incineroar|Parting Shot|p1b: (\u3065\u1d17 _\u1d17)\u3065\u26f0\ufe0fSisyphus\n|-unboost|p1b: (\u3065\u1d17 _\u1d17)\u3065\u26f0\ufe0fSisyphus|atk|1\n|-unboost|p1b: (\u3065\u1d17 _\u1d17)\u3065\u26f0\ufe0fSisyphus|spa|1\n|\n|-damage|p1b: (\u3065\u1d17 _\u1d17)\u3065\u26f0\ufe0fSisyphus|69/100 brn|[from] brn\n|upkeep\n|turn|11\n|\n|t:|1776290226\n|move|p1b: (\u3065\u1d17 _\u1d17)\u3065\u26f0\ufe0fSisyphus|Cosmic Power|p1b: (\u3065\u1d17 _\u1d17)\u3065\u26f0\ufe0fSisyphus\n|-boost|p1b: (\u3065\u1d17 _\u1d17)\u3065\u26f0\ufe0fSisyphus|def|1\n|-boost|p1b: (\u3065\u1d17 _\u1d17)\u3065\u26f0\ufe0fSisyphus|spd|1\n|move|p2a: Sinistcha|Life Dew||[still]|[spread] p2a,p2b\n|-fail|p2a: Sinistcha|heal\n|-heal|p2b: Incineroar|100/100\n|move|p2b: Incineroar|Parting Shot|p1b: (\u3065\u1d17 _\u1d17)\u3065\u26f0\ufe0fSisyphus\n|-unboost|p1b: (\u3065\u1d17 _\u1d17)\u3065\u26f0\ufe0fSisyphus|atk|1\n|-unboost|p1b: (\u3065\u1d17 _\u1d17)\u3065\u26f0\ufe0fSisyphus|spa|1\n|\n|-damage|p1b: (\u3065\u1d17 _\u1d17)\u3065\u26f0\ufe0fSisyphus|63/100 brn|[from] brn\n|upkeep\n|turn|12\n|\n|t:|1776290233\n|move|p2a: Sinistcha|Rage Powder|p2a: Sinistcha\n|-singleturn|p2a: Sinistcha|move: Rage Powder\n|move|p1b: (\u3065\u1d17 _\u1d17)\u3065\u26f0\ufe0fSisyphus|Cosmic Power|p1b: (\u3065\u1d17 _\u1d17)\u3065\u26f0\ufe0fSisyphus\n|-boost|p1b: (\u3065\u1d17 _\u1d17)\u3065\u26f0\ufe0fSisyphus|def|1\n|-boost|p1b: (\u3065\u1d17 _\u1d17)\u3065\u26f0\ufe0fSisyphus|spd|1\n|move|p2b: Incineroar|Flare Blitz|p1b: (\u3065\u1d17 _\u1d17)\u3065\u26f0\ufe0fSisyphus\n|-damage|p1b: (\u3065\u1d17 _\u1d17)\u3065\u26f0\ufe0fSisyphus|57/100 brn\n|-damage|p2b: Incineroar|99/100|[from] Recoil\n|\n|-damage|p1b: (\u3065\u1d17 _\u1d17)\u3065\u26f0\ufe0fSisyphus|50/100 brn|[from] brn\n|upkeep\n|turn|13\n|\n|t:|1776290240\n|move|p1b: (\u3065\u1d17 _\u1d17)\u3065\u26f0\ufe0fSisyphus|Recover|p1b: (\u3065\u1d17 _\u1d17)\u3065\u26f0\ufe0fSisyphus\n|-heal|p1b: (\u3065\u1d17 _\u1d17)\u3065\u26f0\ufe0fSisyphus|100/100 brn\n|move|p2a: Sinistcha|Matcha Gotcha|p1b: (\u3065\u1d17 _\u1d17)\u3065\u26f0\ufe0fSisyphus\n|-damage|p1b: (\u3065\u1d17 _\u1d17)\u3065\u26f0\ufe0fSisyphus|91/100 brn\n|move|p2b: Incineroar|Flare Blitz|p1b: (\u3065\u1d17 _\u1d17)\u3065\u26f0\ufe0fSisyphus\n|-damage|p1b: (\u3065\u1d17 _\u1d17)\u3065\u26f0\ufe0fSisyphus|82/100 brn\n|-damage|p2b: Incineroar|96/100|[from] Recoil\n|\n|-damage|p1b: (\u3065\u1d17 _\u1d17)\u3065\u26f0\ufe0fSisyphus|76/100 brn|[from] brn\n|upkeep\n|turn|14\n|\n|t:|1776290250\n|move|p1b: (\u3065\u1d17 _\u1d17)\u3065\u26f0\ufe0fSisyphus|Recover|p1b: (\u3065\u1d17 _\u1d17)\u3065\u26f0\ufe0fSisyphus\n|-heal|p1b: (\u3065\u1d17 _\u1d17)\u3065\u26f0\ufe0fSisyphus|100/100 brn\n|move|p2a: Sinistcha|Matcha Gotcha|p1b: (\u3065\u1d17 _\u1d17)\u3065\u26f0\ufe0fSisyphus\n|-damage|p1b: (\u3065\u1d17 _\u1d17)\u3065\u26f0\ufe0fSisyphus|92/100 brn\n|move|p2b: Incineroar|Flare Blitz|p1b: (\u3065\u1d17 _\u1d17)\u3065\u26f0\ufe0fSisyphus\n|-damage|p1b: (\u3065\u1d17 _\u1d17)\u3065\u26f0\ufe0fSisyphus|85/100 brn\n|-damage|p2b: Incineroar|94/100|[from] Recoil\n|\n|-damage|p1b: (\u3065\u1d17 _\u1d17)\u3065\u26f0\ufe0fSisyphus|79/100 brn|[from] brn\n|upkeep\n|turn|15\n|\n|t:|1776290253\n|move|p1b: (\u3065\u1d17 _\u1d17)\u3065\u26f0\ufe0fSisyphus|Recover|p1b: (\u3065\u1d17 _\u1d17)\u3065\u26f0\ufe0fSisyphus\n|-heal|p1b: (\u3065\u1d17 _\u1d17)\u3065\u26f0\ufe0fSisyphus|100/100 brn\n|move|p2a: Sinistcha|Matcha Gotcha|p1b: (\u3065\u1d17 _\u1d17)\u3065\u26f0\ufe0fSisyphus\n|-damage|p1b: (\u3065\u1d17 _\u1d17)\u3065\u26f0\ufe0fSisyphus|92/100 brn\n|move|p2b: Incineroar|Flare Blitz|p1b: (\u3065\u1d17 _\u1d17)\u3065\u26f0\ufe0fSisyphus\n|-damage|p1b: (\u3065\u1d17 _\u1d17)\u3065\u26f0\ufe0fSisyphus|85/100 brn\n|-damage|p2b: Incineroar|92/100|[from] Recoil\n|\n|-damage|p1b: (\u3065\u1d17 _\u1d17)\u3065\u26f0\ufe0fSisyphus|79/100 brn|[from] brn\n|upkeep\n|turn|16\n|\n|t:|1776290256\n|move|p1b: (\u3065\u1d17 _\u1d17)\u3065\u26f0\ufe0fSisyphus|Recover|p1b: (\u3065\u1d17 _\u1d17)\u3065\u26f0\ufe0fSisyphus\n|-heal|p1b: (\u3065\u1d17 _\u1d17)\u3065\u26f0\ufe0fSisyphus|100/100 brn\n|move|p2a: Sinistcha|Life Dew||[still]|[spread] p2a,p2b\n|-fail|p2a: Sinistcha|heal\n|-heal|p2b: Incineroar|100/100\n|move|p2b: Incineroar|Parting Shot|p1b: (\u3065\u1d17 _\u1d17)\u3065\u26f0\ufe0fSisyphus\n|-unboost|p1b: (\u3065\u1d17 _\u1d17)\u3065\u26f0\ufe0fSisyphus|atk|1\n|-unboost|p1b: (\u3065\u1d17 _\u1d17)\u3065\u26f0\ufe0fSisyphus|spa|1\n|\n|-damage|p1b: (\u3065\u1d17 _\u1d17)\u3065\u26f0\ufe0fSisyphus|94/100 brn|[from] brn\n|upkeep\n|turn|17\n|\n|t:|1776290264\n|move|p2a: Sinistcha|Rage Powder|p2a: Sinistcha\n|-singleturn|p2a: Sinistcha|move: Rage Powder\n|move|p1b: (\u3065\u1d17 _\u1d17)\u3065\u26f0\ufe0fSisyphus|Recover|p1b: (\u3065\u1d17 _\u1d17)\u3065\u26f0\ufe0fSisyphus\n|-heal|p1b: (\u3065\u1d17 _\u1d17)\u3065\u26f0\ufe0fSisyphus|100/100 brn\n|move|p2b: Incineroar|Flare Blitz|p1b: (\u3065\u1d17 _\u1d17)\u3065\u26f0\ufe0fSisyphus\n|-damage|p1b: (\u3065\u1d17 _\u1d17)\u3065\u26f0\ufe0fSisyphus|93/100 brn\n|-damage|p2b: Incineroar|99/100|[from] Recoil\n|\n|-damage|p1b: (\u3065\u1d17 _\u1d17)\u3065\u26f0\ufe0fSisyphus|87/100 brn|[from] brn\n|upkeep\n|turn|18\n|\n|t:|1776290271\n|move|p2a: Sinistcha|Rage Powder|p2a: Sinistcha\n|-singleturn|p2a: Sinistcha|move: Rage Powder\n|move|p1b: (\u3065\u1d17 _\u1d17)\u3065\u26f0\ufe0fSisyphus|Recover|p1b: (\u3065\u1d17 _\u1d17)\u3065\u26f0\ufe0fSisyphus\n|-heal|p1b: (\u3065\u1d17 _\u1d17)\u3065\u26f0\ufe0fSisyphus|100/100 brn\n|-enditem|p1b: (\u3065\u1d17 _\u1d17)\u3065\u26f0\ufe0fSisyphus|Leppa Berry|[eat]\n|-activate|p1b: (\u3065\u1d17 _\u1d17)\u3065\u26f0\ufe0fSisyphus|item: Leppa Berry|Recover|[consumed]\n|move|p2b: Incineroar|Parting Shot|p1b: (\u3065\u1d17 _\u1d17)\u3065\u26f0\ufe0fSisyphus\n|-unboost|p1b: (\u3065\u1d17 _\u1d17)\u3065\u26f0\ufe0fSisyphus|atk|1\n|-unboost|p1b: (\u3065\u1d17 _\u1d17)\u3065\u26f0\ufe0fSisyphus|spa|1\n|\n|-damage|p1b: (\u3065\u1d17 _\u1d17)\u3065\u26f0\ufe0fSisyphus|94/100 brn|[from] brn\n|upkeep\n|turn|19\n|\n|t:|1776290279\n|move|p2a: Sinistcha|Rage Powder|p2a: Sinistcha\n|-singleturn|p2a: Sinistcha|move: Rage Powder\n|move|p1b: (\u3065\u1d17 _\u1d17)\u3065\u26f0\ufe0fSisyphus|Recover|p1b: (\u3065\u1d17 _\u1d17)\u3065\u26f0\ufe0fSisyphus\n|-heal|p1b: (\u3065\u1d17 _\u1d17)\u3065\u26f0\ufe0fSisyphus|100/100 brn\n|move|p2b: Incineroar|Parting Shot|p1b: (\u3065\u1d17 _\u1d17)\u3065\u26f0\ufe0fSisyphus\n|-unboost|p1b: (\u3065\u1d17 _\u1d17)\u3065\u26f0\ufe0fSisyphus|atk|1\n|-unboost|p1b: (\u3065\u1d17 _\u1d17)\u3065\u26f0\ufe0fSisyphus|spa|1\n|\n|-damage|p1b: (\u3065\u1d17 _\u1d17)\u3065\u26f0\ufe0fSisyphus|94/100 brn|[from] brn\n|upkeep\n|turn|20\n|\n|t:|1776290291\n|move|p2a: Sinistcha|Rage Powder|p2a: Sinistcha\n|-singleturn|p2a: Sinistcha|move: Rage Powder\n|move|p1b: (\u3065\u1d17 _\u1d17)\u3065\u26f0\ufe0fSisyphus|Recycle|p1b: (\u3065\u1d17 _\u1d17)\u3065\u26f0\ufe0fSisyphus\n|-item|p1b: (\u3065\u1d17 _\u1d17)\u3065\u26f0\ufe0fSisyphus|Leppa Berry|[from] move: Recycle\n|move|p2b: Incineroar|Parting Shot|p1b: (\u3065\u1d17 _\u1d17)\u3065\u26f0\ufe0fSisyphus\n|-unboost|p1b: (\u3065\u1d17 _\u1d17)\u3065\u26f0\ufe0fSisyphus|atk|0\n|-unboost|p1b: (\u3065\u1d17 _\u1d17)\u3065\u26f0\ufe0fSisyphus|spa|0\n|\n|-damage|p1b: (\u3065\u1d17 _\u1d17)\u3065\u26f0\ufe0fSisyphus|88/100 brn|[from] brn\n|upkeep\n|turn|21\n|\n|t:|1776290301\n|move|p1b: (\u3065\u1d17 _\u1d17)\u3065\u26f0\ufe0fSisyphus|Recover|p1b: (\u3065\u1d17 _\u1d17)\u3065\u26f0\ufe0fSisyphus\n|-heal|p1b: (\u3065\u1d17 _\u1d17)\u3065\u26f0\ufe0fSisyphus|100/100 brn\n|move|p2a: Sinistcha|Matcha Gotcha|p1b: (\u3065\u1d17 _\u1d17)\u3065\u26f0\ufe0fSisyphus\n|-damage|p1b: (\u3065\u1d17 _\u1d17)\u3065\u26f0\ufe0fSisyphus|92/100 brn\n|move|p2b: Incineroar|Flare Blitz|p1b: (\u3065\u1d17 _\u1d17)\u3065\u26f0\ufe0fSisyphus\n|-damage|p1b: (\u3065\u1d17 _\u1d17)\u3065\u26f0\ufe0fSisyphus|85/100 brn\n|-damage|p2b: Incineroar|97/100|[from] Recoil\n|\n|-damage|p1b: (\u3065\u1d17 _\u1d17)\u3065\u26f0\ufe0fSisyphus|79/100 brn|[from] brn\n|upkeep\n|turn|22\n|\n|t:|1776290312\n|move|p1b: (\u3065\u1d17 _\u1d17)\u3065\u26f0\ufe0fSisyphus|Recover|p1b: (\u3065\u1d17 _\u1d17)\u3065\u26f0\ufe0fSisyphus\n|-heal|p1b: (\u3065\u1d17 _\u1d17)\u3065\u26f0\ufe0fSisyphus|100/100 brn\n|move|p2b: Incineroar|Parting Shot|p1b: (\u3065\u1d17 _\u1d17)\u3065\u26f0\ufe0fSisyphus\n|-unboost|p1b: (\u3065\u1d17 _\u1d17)\u3065\u26f0\ufe0fSisyphus|atk|0\n|-unboost|p1b: (\u3065\u1d17 _\u1d17)\u3065\u26f0\ufe0fSisyphus|spa|0\n|move|p2a: Sinistcha|Trick Room|p2a: Sinistcha\n|-fieldstart|move: Trick Room|[of] p2a: Sinistcha\n|\n|-damage|p1b: (\u3065\u1d17 _\u1d17)\u3065\u26f0\ufe0fSisyphus|94/100 brn|[from] brn\n|upkeep\n|turn|23\n|\n|t:|1776290319\n|move|p2b: Incineroar|Parting Shot|p1b: (\u3065\u1d17 _\u1d17)\u3065\u26f0\ufe0fSisyphus\n|-unboost|p1b: (\u3065\u1d17 _\u1d17)\u3065\u26f0\ufe0fSisyphus|atk|0\n|-unboost|p1b: (\u3065\u1d17 _\u1d17)\u3065\u26f0\ufe0fSisyphus|spa|0\n|move|p1b: (\u3065\u1d17 _\u1d17)\u3065\u26f0\ufe0fSisyphus|Recover|p1b: (\u3065\u1d17 _\u1d17)\u3065\u26f0\ufe0fSisyphus\n|-heal|p1b: (\u3065\u1d17 _\u1d17)\u3065\u26f0\ufe0fSisyphus|100/100 brn\n|move|p2a: Sinistcha|Trick Room|p2a: Sinistcha\n|-fieldend|move: Trick Room\n|\n|-damage|p1b: (\u3065\u1d17 _\u1d17)\u3065\u26f0\ufe0fSisyphus|94/100 brn|[from] brn\n|upkeep\n|turn|24\n|\n|t:|1776290388\n|move|p1b: (\u3065\u1d17 _\u1d17)\u3065\u26f0\ufe0fSisyphus|Recover|p1b: (\u3065\u1d17 _\u1d17)\u3065\u26f0\ufe0fSisyphus\n|-heal|p1b: (\u3065\u1d17 _\u1d17)\u3065\u26f0\ufe0fSisyphus|100/100 brn\n|move|p2b: Incineroar|Parting Shot|p1b: (\u3065\u1d17 _\u1d17)\u3065\u26f0\ufe0fSisyphus\n|-unboost|p1b: (\u3065\u1d17 _\u1d17)\u3065\u26f0\ufe0fSisyphus|atk|0\n|-unboost|p1b: (\u3065\u1d17 _\u1d17)\u3065\u26f0\ufe0fSisyphus|spa|0\n|move|p2a: Sinistcha|Trick Room|p2a: Sinistcha\n|-fieldstart|move: Trick Room|[of] p2a: Sinistcha\n|\n|-damage|p1b: (\u3065\u1d17 _\u1d17)\u3065\u26f0\ufe0fSisyphus|94/100 brn|[from] brn\n|upkeep\n|turn|25\n|-message|kxiao forfeited.\n|\n|win|ffttossenz\n|raw|ffttossenz's rating: 1044 &rarr; <strong>1084</strong><br />(+40 for winning)\n|raw|kxiao's rating: 1110 &rarr; <strong>1080</strong><br />(-30 for losing)\n|l|\u2606kxiao\n|player|p2|\n|c|\u2606ffttossenz|D:\n",
  "uploadtime": 1776291680,
  "views": 18,
  "formatid": "gen9championsvgc2026regma",
  "rating": 1080,
  "private": 0,
  "password": null
}