{
  "id": "gen9championsvgc2026regma-2580811073",
  "format": "[Gen 9 Champions] VGC 2026 Reg M-A",
  "players": [
    "aisenlord",
    "gallium1005"
  ],
  "log": "|j|\u2606aisenlord\n|j|\u2606gallium1005\n|t:|1775934386\n|gametype|doubles\n|player|p1|aisenlord|steven|1037\n|player|p2|gallium1005|265|1000\n|gen|9\n|tier|[Gen 9 Champions] VGC 2026 Reg M-A\n|rated|\n|rule|Species Clause: Limit one of each Pok\u00e9mon\n|rule|Item Clause: Limit 1 of each item\n|clearpoke\n|poke|p1|Tyranitar, L50, M|\n|poke|p1|Talonflame, L50, F|\n|poke|p1|Sinistcha, L50|\n|poke|p1|Aegislash, L50, F|\n|poke|p1|Dragonite, L50, F|\n|poke|p1|Hippowdon, L50, M|\n|poke|p2|Torkoal, L50, M|\n|poke|p2|Delphox, L50, M|\n|poke|p2|Garchomp, L50, M|\n|poke|p2|Typhlosion-Hisui, L50, F|\n|poke|p2|Whimsicott, L50, F|\n|poke|p2|Sneasler, L50, F|\n|teampreview|4\naisenlord has agreed to open team sheets.\ngallium1005 has agreed to open team sheets.\n|showteam|p1|Tyranitar||Tyranitarite|SandStream|RockSlide,Crunch,DragonDance,StoneEdge|||M|||50|]Talonflame||Charcoal|GaleWings|AirSlash,Tailwind,FlareBlitz,Roost|||F|||50|]Sinistcha||SitrusBerry|Hospitality|MatchaGotcha,ShadowBall,LifeDew,RagePowder||||||50|]Aegislash||QuickClaw|StanceChange|KingsShield,ShadowSneak,ShadowClaw,NightSlash|||F|||50|]Dragonite||DragonFang|Multiscale|DracoMeteor,ExtremeSpeed,ScaleShot,IceSpinner|||F|||50|]Hippowdon||Leftovers|SandForce|EarthPower,StealthRock,Protect,HighHorsepower|||M|||50|\n|showteam|p2|Torkoal||Charcoal|Drought|HeatWave,HelpingHand,Yawn,Protect|||M|||50|]Delphox||Delphoxite|Blaze|Protect,Encore,Psychic,HeatWave|||M|||50|]Garchomp||Leftovers|RoughSkin|RockSlide,Earthquake,DragonClaw,Protect|||M|||50|]Typhlosion-Hisui||ChoiceScarf|Frisk|Eruption,HeatWave,ShadowBall,Overheat|||F|||50|]Whimsicott||FocusSash|Prankster|Tailwind,Encore,FakeTears,Protect|||F|||50|]Sneasler||WhiteHerb|Unburden|DireClaw,CloseCombat,FakeOut,Protect|||F|||50|\n|\n|t:|1775934455\n|teamsize|p1|4\n|teamsize|p2|4\n|start\n|switch|p1a: DADA|Tyranitar, L50, M, shiny|100/100\n|switch|p1b: Talon swee|Talonflame, L50, F, shiny|100/100\n|switch|p2a: Garchomp|Garchomp, L50, M|100/100\n|switch|p2b: Sneasler|Sneasler, L50, F|100/100\n|-weather|Sandstorm|[from] ability: Sand Stream|[of] p1a: DADA\n|turn|1\n|\n|t:|1775934480\n|switch|p1a: Tea aura|Sinistcha, L50|100/100\n|move|p2b: Sneasler|Fake Out|p1b: Talon swee\n|-damage|p1b: Talon swee|80/100\n|cant|p1b: Talon swee|flinch\n|move|p2a: Garchomp|Rock Slide|p1a: Tea aura|[spread] p1b\n|-miss|p2a: Garchomp|p1a: Tea aura\n|-supereffective|p1b: Talon swee|2\n|-damage|p1b: Talon swee|0 fnt\n|faint|p1b: Talon swee\n|\n|-weather|Sandstorm|[upkeep]\n|-damage|p2b: Sneasler|95/100|[from] Sandstorm\n|-damage|p1a: Tea aura|95/100|[from] Sandstorm\n|upkeep\n|\n|t:|1775934493\n|switch|p1b: ignis|Aegislash, L50, F|100/100\n|turn|2\n|\n|t:|1775934528\n|move|p2b: Sneasler|Protect|p2b: Sneasler\n|-singleturn|p2b: Sneasler|Protect\n|move|p2a: Garchomp|Earthquake|p1b: ignis|[spread] p1a,p1b\n|-activate|p2b: Sneasler|move: Protect\n|-resisted|p1a: Tea aura|1\n|-supereffective|p1b: ignis|1\n|-damage|p1a: Tea aura|75/100\n|-damage|p1b: ignis|25/100\n|move|p1a: Tea aura|Shadow Ball|p2b: Sneasler\n|-activate|p2b: Sneasler|move: Protect\n|-formechange|p1b: ignis|Aegislash-Blade|\n|move|p1b: ignis|Shadow Claw|p2b: Sneasler\n|-activate|p2b: Sneasler|move: Protect\n|\n|-weather|Sandstorm|[upkeep]\n|-damage|p2b: Sneasler|89/100|[from] Sandstorm\n|-damage|p1a: Tea aura|69/100|[from] Sandstorm\n|upkeep\n|turn|3\n|-activate|p1b: ignis|item: Quick Claw\n|\n|t:|1775934546\n|-formechange|p1b: ignis|Aegislash|\n|move|p1b: ignis|King's Shield|p1b: ignis\n|-singleturn|p1b: ignis|Protect\n|move|p2b: Sneasler|Dire Claw|p1a: Tea aura\n|-crit|p1a: Tea aura\n|-damage|p1a: Tea aura|0 fnt\n|faint|p1a: Tea aura\n|move|p2a: Garchomp|Earthquake|p1b: ignis|[spread] p2b\n|-activate|p1b: ignis|move: Protect\n|-supereffective|p2b: Sneasler|1\n|-damage|p2b: Sneasler|0 fnt\n|faint|p2b: Sneasler\n|\n|-weather|Sandstorm|[upkeep]\n|upkeep\n|\n|t:|1775934572\n|switch|p2b: Typhlosion|Typhlosion-Hisui, L50, F|100/100\n|switch|p1a: DADA|Tyranitar, L50, M, shiny|100/100\n|-item|p1a: DADA|Tyranitarite|[from] ability: Frisk|[of] p2b: Typhlosion\n|-item|p1b: ignis|Quick Claw|[from] ability: Frisk|[of] p2b: Typhlosion\n|turn|4\n|-activate|p1b: ignis|item: Quick Claw\n|\n|t:|1775934597\n|switch|p2b: Torkoal|Torkoal, L50, M|100/100\n|-weather|SunnyDay|[from] ability: Drought|[of] p2b: Torkoal\n|detailschange|p1a: DADA|Tyranitar-Mega, L50, M, shiny\n|-mega|p1a: DADA|Tyranitar|Tyranitarite\n|-weather|Sandstorm|[from] ability: Sand Stream|[of] p1a: DADA\n|move|p1b: ignis|King's Shield||[still]\n|-fail|p1b: ignis\n|move|p2a: Garchomp|Earthquake|p1a: DADA|[spread] p2b,p1a,p1b\n|-supereffective|p2b: Torkoal|1\n|-supereffective|p1a: DADA|1\n|-supereffective|p1b: ignis|1\n|-damage|p2b: Torkoal|50/100\n|-damage|p1a: DADA|46/100\n|-damage|p1b: ignis|0 fnt\n|faint|p1b: ignis\n|move|p1a: DADA|Rock Slide|p2a: Garchomp|[spread] p2a,p2b\n|-resisted|p2a: Garchomp|1\n|-supereffective|p2b: Torkoal|1\n|-damage|p2a: Garchomp|82/100\n|-damage|p2b: Torkoal|1/100\n|\n|-weather|Sandstorm|[upkeep]\n|-damage|p2b: Torkoal|0 fnt|[from] Sandstorm\n|faint|p2b: Torkoal\n|-heal|p2a: Garchomp|88/100|[from] item: Leftovers\n|upkeep\n|\n|t:|1775934618\n|switch|p2b: Typhlosion|Typhlosion-Hisui, L50, F|100/100\n|-item|p1a: DADA|Tyranitarite|[from] ability: Frisk|[of] p2b: Typhlosion\n|turn|5\n|\n|t:|1775934628\n|move|p2b: Typhlosion|Eruption|p1a: DADA\n|-resisted|p1a: DADA|1\n|-damage|p1a: DADA|22/100\n|move|p2a: Garchomp|Dragon Claw|p1a: DADA\n|-damage|p1a: DADA|0 fnt\n|faint|p1a: DADA\n|\n|win|gallium1005\n|raw|aisenlord's rating: 1037 &rarr; <strong>1020</strong><br />(-17 for losing)\n|raw|gallium1005's rating: 1000 &rarr; <strong>1044</strong><br />(+44 for winning)\n|l|\u2606aisenlord\n|player|p1|\n|c|\u2606gallium1005|gg\n",
  "uploadtime": 1775934642,
  "views": 14,
  "formatid": "gen9championsvgc2026regma",
  "rating": 1020,
  "private": 0,
  "password": null
}