{
  "id": "gen9championsvgc2026regma-2586687956",
  "format": "[Gen 9 Champions] VGC 2026 Reg M-A",
  "players": [
    "djhvgc",
    "Pastor/Sinner"
  ],
  "log": "|j|\u203ddjhvgc\n|j|\u2606Pastor/Sinner\n|t:|1776452269\n|gametype|doubles\n|player|p1|djhvgc|1|1163\n|player|p2|Pastor/Sinner|1|1240\n|gen|9\n|tier|[Gen 9 Champions] VGC 2026 Reg M-A\n|rated|\n|rule|Species Clause: Limit one of each Pok\u00e9mon\n|rule|Item Clause: Limit 1 of each item\n|clearpoke\n|poke|p1|Dragonite, L50, M|\n|poke|p1|Palafin, L50, M|\n|poke|p1|Politoed, L50, M|\n|poke|p1|Incineroar, L50, F|\n|poke|p1|Sableye, L50, M|\n|poke|p1|Archaludon, L50, M|\n|poke|p2|Tyranitar, L50, F|\n|poke|p2|Froslass, L50, F|\n|poke|p2|Aerodactyl, L50, F|\n|poke|p2|Vanilluxe, L50, F|\n|poke|p2|Milotic, L50, F|\n|poke|p2|Arcanine-Hisui, L50, F|\n|teampreview|4\n|inactive|Battle timer is ON: inactive players will automatically lose when time's up. (requested by djhvgc)\n|\n|t:|1776452293\n|teamsize|p1|4\n|teamsize|p2|4\n|start\n|switch|p1a: Sableye|Sableye, L50, M|100/100\n|switch|p1b: Archaludon|Archaludon, L50, M|100/100\n|switch|p2a: Drumsticks|Vanilluxe, L50, F|100/100\n|switch|p2b: Ten Twinkies|Milotic, L50, F, shiny|100/100\n|-weather|Snowscape|[from] ability: Snow Warning|[of] p2a: Drumsticks\n|turn|1\n|\n|t:|1776452310\n|switch|p1a: Politoed|Politoed, L50, M|100/100\n|-weather|RainDance|[from] ability: Drizzle|[of] p1a: Politoed\n|move|p1b: Archaludon|Electro Shot||[still]\n|-prepare|p1b: Archaludon|Electro Shot\n|-boost|p1b: Archaludon|spa|1\n|-anim|p1b: Archaludon|Electro Shot|p2b: Ten Twinkies\n|-supereffective|p2b: Ten Twinkies|1\n|-damage|p2b: Ten Twinkies|3/100\n|move|p2b: Ten Twinkies|Muddy Water|p1a: Politoed|[spread] p1a,p1b\n|-resisted|p1a: Politoed|1\n|-resisted|p1b: Archaludon|1\n|-damage|p1a: Politoed|86/100\n|-damage|p1b: Archaludon|81/100\n|-unboost|p1b: Archaludon|accuracy|1\n|-ability|p1b: Archaludon|Stamina|boost\n|-boost|p1b: Archaludon|def|1\n|move|p2a: Drumsticks|Blizzard|p1b: Archaludon|[spread] p1b\n|-miss|p2a: Drumsticks|p1a: Politoed\n|-damage|p1b: Archaludon|37/100\n|-ability|p1b: Archaludon|Stamina|boost\n|-boost|p1b: Archaludon|def|1\n|\n|-weather|RainDance|[upkeep]\n|-heal|p2b: Ten Twinkies|9/100|[from] item: Leftovers\n|upkeep\n|turn|2\n|inactive|Pastor/Sinner has 30 seconds left.\n|\n|t:|1776452336\n|move|p2b: Ten Twinkies|Protect|p2b: Ten Twinkies\n|-singleturn|p2b: Ten Twinkies|Protect\n|move|p1b: Archaludon|Flash Cannon|p2b: Ten Twinkies\n|-activate|p2b: Ten Twinkies|move: Protect\n|move|p2a: Drumsticks|Blizzard|p1a: Politoed|[spread] \n|-miss|p2a: Drumsticks|p1a: Politoed\n|-miss|p2a: Drumsticks|p1b: Archaludon\n|move|p1a: Politoed|Chilling Water|p2b: Ten Twinkies\n|-activate|p2b: Ten Twinkies|move: Protect\n|\n|-weather|RainDance|[upkeep]\n|-heal|p2b: Ten Twinkies|15/100|[from] item: Leftovers\n|upkeep\n|turn|3\n|\n|t:|1776452356\n|move|p1b: Archaludon|Flash Cannon|p2b: Ten Twinkies\n|-resisted|p2b: Ten Twinkies|1\n|-damage|p2b: Ten Twinkies|0 fnt\n|faint|p2b: Ten Twinkies\n|move|p2a: Drumsticks|Blizzard|p1b: Archaludon|[spread] p1a,p1b\n|-resisted|p1a: Politoed|1\n|-damage|p1a: Politoed|71/100\n|-damage|p1b: Archaludon|0 fnt\n|faint|p1b: Archaludon\n|move|p1a: Politoed|Chilling Water|p2a: Drumsticks\n|-damage|p2a: Drumsticks|74/100\n|-unboost|p2a: Drumsticks|atk|1\n|\n|-weather|RainDance|[upkeep]\n|upkeep\n|\n|t:|1776452370\n|switch|p1b: Dragonite|Dragonite, L50, M|100/100\n|switch|p2b: Da Mama|Tyranitar, L50, F, shiny|100/100\n|-weather|Sandstorm|[from] ability: Sand Stream|[of] p2b: Da Mama\n|turn|4\n|\n|t:|1776452384\n|switch|p1a: Sableye|Sableye, L50, M|100/100\n|detailschange|p2b: Da Mama|Tyranitar-Mega, L50, F, shiny\n|-mega|p2b: Da Mama|Tyranitar|Tyranitarite\n|move|p1b: Dragonite|Protect|p1b: Dragonite\n|-singleturn|p1b: Dragonite|Protect\n|move|p2b: Da Mama|Rock Slide|p1a: Sableye|[spread] p1a\n|-activate|p1b: Dragonite|move: Protect\n|-damage|p1a: Sableye|58/100\n|move|p2a: Drumsticks|Freeze-Dry|p1a: Sableye\n|-damage|p1a: Sableye|7/100\n|\n|-weather|Sandstorm|[upkeep]\n|-damage|p1b: Dragonite|94/100|[from] Sandstorm\n|-damage|p2a: Drumsticks|67/100|[from] Sandstorm\n|-damage|p1a: Sableye|1/100|[from] Sandstorm\n|-heal|p1a: Sableye|7/100|[from] item: Leftovers\n|upkeep\n|turn|5\n|\n|t:|1776452406\n|switch|p2b: Aerodactyl|Aerodactyl, L50, F|100/100\n|-ability|p2b: Aerodactyl|Unnerve\n|detailschange|p1b: Dragonite|Dragonite-Mega, L50, M\n|-mega|p1b: Dragonite|Dragonite|Dragoninite\n|move|p1a: Sableye|Light Screen|p1a: Sableye\n|-sidestart|p1: djhvgc|move: Light Screen\n|move|p1b: Dragonite|Dragon Dance|p1b: Dragonite\n|-boost|p1b: Dragonite|atk|1\n|-boost|p1b: Dragonite|spe|1\n|move|p2a: Drumsticks|Blizzard|p1b: Dragonite|[spread] p1b\n|-miss|p2a: Drumsticks|p1a: Sableye\n|-supereffective|p1b: Dragonite|2\n|-damage|p1b: Dragonite|8/100\n|\n|-weather|Sandstorm|[upkeep]\n|-damage|p1b: Dragonite|2/100|[from] Sandstorm\n|-damage|p2a: Drumsticks|61/100|[from] Sandstorm\n|-damage|p1a: Sableye|1/100|[from] Sandstorm\n|-heal|p1a: Sableye|7/100|[from] item: Leftovers\n|upkeep\n|turn|6\n|\n|t:|1776452428\n|switch|p1a: Politoed|Politoed, L50, M|71/100\n|-weather|RainDance|[from] ability: Drizzle|[of] p1a: Politoed\n|move|p2a: Drumsticks|Protect|p2a: Drumsticks\n|-singleturn|p2a: Drumsticks|Protect\n|move|p2b: Aerodactyl|Tailwind|p2b: Aerodactyl\n|-sidestart|p2: Pastor/Sinner|move: Tailwind\n|move|p1b: Dragonite|Scale Shot|p2a: Drumsticks\n|-activate|p2a: Drumsticks|move: Protect\n|\n|-weather|RainDance|[upkeep]\n|upkeep\n|turn|7\n|\n|t:|1776452447\n|move|p1b: Dragonite|Protect|p1b: Dragonite\n|-singleturn|p1b: Dragonite|Protect\n|move|p2b: Aerodactyl|Rock Slide|p1b: Dragonite|[spread] p1a\n|-activate|p1b: Dragonite|move: Protect\n|-damage|p1a: Politoed|45/100\n|move|p2a: Drumsticks|Freeze-Dry|p1a: Politoed\n|-supereffective|p1a: Politoed|1\n|-damage|p1a: Politoed|4/100\n|move|p1a: Politoed|Icy Wind|p2a: Drumsticks|[spread] p2a\n|-miss|p1a: Politoed|p2b: Aerodactyl\n|-resisted|p2a: Drumsticks|1\n|-damage|p2a: Drumsticks|56/100\n|-unboost|p2a: Drumsticks|spe|1\n|\n|-weather|RainDance|[upkeep]\n|upkeep\n|turn|8\n|\n|t:|1776452465\n|move|p2b: Aerodactyl|Rock Slide|p1a: Politoed|[spread] p1a\n|-miss|p2b: Aerodactyl|p1b: Dragonite\n|-damage|p1a: Politoed|0 fnt\n|faint|p1a: Politoed\n|move|p1b: Dragonite|Scale Shot|p2a: Drumsticks\n|-damage|p2a: Drumsticks|35/100\n|-damage|p2a: Drumsticks|14/100\n|-damage|p2a: Drumsticks|0 fnt\n|faint|p2a: Drumsticks\n|-hitcount|p2: Drumsticks|3\n|-unboost|p1b: Dragonite|def|1\n|-boost|p1b: Dragonite|spe|1\n|\n|-weather|RainDance|[upkeep]\n|upkeep\n|\n|t:|1776452480\n|switch|p2a: Da Mama|Tyranitar-Mega, L50, F, shiny|100/100\n|switch|p1a: Sableye|Sableye, L50, M|7/100\n|-weather|Sandstorm|[from] ability: Sand Stream|[of] p2a: Da Mama\n|turn|9\n|\n|t:|1776452495\n|move|p2b: Aerodactyl|Protect|p2b: Aerodactyl\n|-singleturn|p2b: Aerodactyl|Protect\n|move|p2a: Da Mama|Protect|p2a: Da Mama\n|-singleturn|p2a: Da Mama|Protect\n|move|p1a: Sableye|Disable|p2b: Aerodactyl\n|-activate|p2b: Aerodactyl|move: Protect\n|move|p1b: Dragonite|Scale Shot|p2a: Da Mama\n|-activate|p2a: Da Mama|move: Protect\n|\n|-weather|Sandstorm|[upkeep]\n|-damage|p1b: Dragonite|0 fnt|[from] Sandstorm\n|-damage|p1a: Sableye|1/100|[from] Sandstorm\n|faint|p1b: Dragonite\n|-heal|p1a: Sableye|7/100|[from] item: Leftovers\n|-sideend|p1: djhvgc|move: Light Screen\n|-sideend|p2: Pastor/Sinner|move: Tailwind\n|upkeep\n|turn|10\n|-message|djhvgc forfeited.\n|\n|win|Pastor/Sinner\n|raw|djhvgc's rating: 1163 &rarr; <strong>1143</strong><br />(-20 for losing)\n|raw|Pastor&#x2f;Sinner's rating: 1240 &rarr; <strong>1260</strong><br />(+20 for winning)\n|l|\u203ddjhvgc\n|player|p1|\n",
  "uploadtime": 1776452513,
  "views": 49,
  "formatid": "gen9championsvgc2026regma",
  "rating": 1143,
  "private": 0,
  "password": null
}