{
  "id": "gen9championsvgc2026regma-2586689386",
  "format": "[Gen 9 Champions] VGC 2026 Reg M-A",
  "players": [
    "salfur",
    "Mentalsyndrome"
  ],
  "log": "|j|\u2606salfur\n|j|\u2606Mentalsyndrome\n|t:|1776452373\n|gametype|doubles\n|player|p1|salfur|guitarist|1193\n|player|p2|Mentalsyndrome|2|1192\n|gen|9\n|tier|[Gen 9 Champions] VGC 2026 Reg M-A\n|rated|\n|rule|Species Clause: Limit one of each Pok\u00e9mon\n|rule|Item Clause: Limit 1 of each item\n|clearpoke\n|poke|p1|Whimsicott, L50, F|\n|poke|p1|Sinistcha, L50|\n|poke|p1|Scizor, L50, M|\n|poke|p1|Kommo-o, L50, M|\n|poke|p1|Primarina, L50, M|\n|poke|p1|Typhlosion-Hisui, L50, F|\n|poke|p2|Tinkaton, L50, F|\n|poke|p2|Kangaskhan, L50, F|\n|poke|p2|Farigiraf, L50, M|\n|poke|p2|Camerupt, L50, M|\n|poke|p2|Gardevoir, L50, M|\n|poke|p2|Conkeldurr, L50, M|\n|teampreview|4\n|inactive|Battle timer is ON: inactive players will automatically lose when time's up. (requested by Mentalsyndrome)\n|inactive|salfur also wants the timer to be on.\n|inactive|Mentalsyndrome has 60 seconds left.\n|\n|t:|1776452411\n|teamsize|p1|4\n|teamsize|p2|4\n|start\n|switch|p1a: Sinistcha|Sinistcha, L50|100/100\n|switch|p1b: Primarina|Primarina, L50, M|100/100\n|switch|p2a: Taco Tuesday|Kangaskhan, L50, F|100/100\n|switch|p2b: Shane|Farigiraf, L50, M|100/100\n|turn|1\n|\n|t:|1776452420\n|move|p1b: Primarina|Protect|p1b: Primarina\n|-singleturn|p1b: Primarina|Protect\n|move|p2a: Taco Tuesday|Fake Out|p1a: Sinistcha\n|-damage|p1a: Sinistcha|80/100\n|cant|p1a: Sinistcha|flinch\n|move|p2b: Shane|Trick Room|p2b: Shane\n|-fieldstart|move: Trick Room|[of] p2b: Shane\n|\n|upkeep\n|turn|2\n|\n|t:|1776452435\n|move|p2b: Shane|Twin Beam|p1a: Sinistcha\n|-damage|p1a: Sinistcha|63/100\n|-damage|p1a: Sinistcha|45/100\n|-enditem|p1a: Sinistcha|Sitrus Berry|[eat]\n|-heal|p1a: Sinistcha|70/100|[from] item: Sitrus Berry\n|-hitcount|p1a: Sinistcha|2\n|move|p1b: Primarina|Dazzling Gleam|p2b: Shane|[spread] p2a,p2b\n|-damage|p2a: Taco Tuesday|69/100\n|-damage|p2b: Shane|70/100\n|move|p1a: Sinistcha|Matcha Gotcha|p2a: Taco Tuesday|[spread] p2b\n|-miss|p1a: Sinistcha|p2a: Taco Tuesday\n|-damage|p2b: Shane|49/100\n|-heal|p1a: Sinistcha|82/100|[from] drain|[of] p2b: Shane\n|move|p2a: Taco Tuesday|Double-Edge|p1a: Sinistcha\n|-damage|p1a: Sinistcha|26/100\n|-damage|p2a: Taco Tuesday|51/100|[from] Recoil\n|\n|upkeep\n|turn|3\n|\n|t:|1776452454\n|move|p2b: Shane|Twin Beam|p1a: Sinistcha\n|-damage|p1a: Sinistcha|7/100\n|-damage|p1a: Sinistcha|0 fnt\n|faint|p1a: Sinistcha\n|-hitcount|p1: Sinistcha|2\n|move|p1b: Primarina|Sparkling Aria|p2a: Taco Tuesday|[spread] p2a,p2b\n|-damage|p2a: Taco Tuesday|11/100\n|-damage|p2b: Shane|15/100\n|move|p2a: Taco Tuesday|Double-Edge|p1b: Primarina\n|-damage|p1b: Primarina|20/100\n|-damage|p2a: Taco Tuesday|0 fnt|[from] Recoil\n|faint|p2a: Taco Tuesday\n|\n|-heal|p1b: Primarina|26/100|[from] item: Leftovers\n|upkeep\n|\n|t:|1776452463\n|switch|p1a: Scizor|Scizor, L50, M|100/100\n|switch|p2a: Ai|Gardevoir, L50, M, shiny|100/100\n|-ability|p2a: Ai|Torrent|Trace|[from] ability: Trace|[of] p1b: Primarina\n|turn|4\n|\n|t:|1776452477\n|detailschange|p2a: Ai|Gardevoir-Mega, L50, M, shiny\n|-mega|p2a: Ai|Gardevoir|Gardevoirite\n|move|p1a: Scizor|Protect|p1a: Scizor\n|-singleturn|p1a: Scizor|Protect\n|move|p2b: Shane|Twin Beam|p1b: Primarina\n|-damage|p1b: Primarina|8/100\n|-damage|p1b: Primarina|0 fnt\n|faint|p1b: Primarina\n|-hitcount|p1: Primarina|2\n|move|p2a: Ai|Hyper Voice|p1a: Scizor\n|-activate|p1a: Scizor|move: Protect\n|\n|upkeep\n|\n|t:|1776452480\n|switch|p1b: Kommo-o|Kommo-o, L50, M|100/100\n|turn|5\n|\n|t:|1776452486\n|detailschange|p1a: Scizor|Scizor-Mega, L50, M\n|-mega|p1a: Scizor|Scizor|Scizorite\n|move|p1b: Kommo-o|Protect|p1b: Kommo-o\n|-singleturn|p1b: Kommo-o|Protect\n|move|p1a: Scizor|Bullet Punch||[still]\n|cant|p2b: Shane|ability: Armor Tail|Bullet Punch|[of] p1a: Scizor\n|move|p2b: Shane|Twin Beam|p1b: Kommo-o\n|-activate|p1b: Kommo-o|move: Protect\n|move|p2a: Ai|Hyper Voice|p1a: Scizor|[spread] p1a\n|-activate|p1b: Kommo-o|move: Protect\n|-resisted|p1a: Scizor|1\n|-damage|p1a: Scizor|73/100\n|\n|-fieldend|move: Trick Room\n|upkeep\n|turn|6\n|\n|t:|1776452510\n|move|p2b: Shane|Helping Hand|p2a: Ai\n|-singleturn|p2a: Ai|Helping Hand|[of] p2b: Shane\n|move|p2a: Ai|Hyper Voice|p1b: Kommo-o|[spread] p1a\n|-immune|p1b: Kommo-o|[from] ability: Soundproof\n|-resisted|p1a: Scizor|1\n|-damage|p1a: Scizor|30/100\n|move|p1b: Kommo-o|Poison Jab|p2a: Ai\n|-supereffective|p2a: Ai|1\n|-damage|p2a: Ai|7/100\n|move|p1a: Scizor|Knock Off|p2b: Shane\n|-supereffective|p2b: Shane|1\n|-damage|p2b: Shane|0 fnt\n|-enditem|p2b: Shane|Twisted Spoon|[from] move: Knock Off|[of] p1a: Scizor\n|faint|p2b: Shane\n|\n|upkeep\n|\n|t:|1776452512\n|switch|p2b: Chuckles|Conkeldurr, L50, M|100/100\n|turn|7\n|\n|t:|1776452520\n|move|p2a: Ai|Protect|p2a: Ai\n|-singleturn|p2a: Ai|Protect\n|move|p1a: Scizor|Bullet Punch|p2a: Ai\n|-activate|p2a: Ai|move: Protect\n|move|p1b: Kommo-o|Scale Shot|p2b: Chuckles\n|-damage|p2b: Chuckles|88/100\n|-damage|p2b: Chuckles|75/100\n|-damage|p2b: Chuckles|62/100\n|-hitcount|p2b: Chuckles|3\n|-unboost|p1b: Kommo-o|def|1\n|-boost|p1b: Kommo-o|spe|1\n|-enditem|p1b: Kommo-o|White Herb\n|-clearnegativeboost|p1b: Kommo-o|[silent]\n|move|p2b: Chuckles|Drain Punch|p1a: Scizor\n|-damage|p1a: Scizor|0 fnt\n|-heal|p2b: Chuckles|75/100|[from] drain|[of] p1a: Scizor\n|faint|p1a: Scizor\n|\n|upkeep\n|turn|8\n|\n|t:|1776452535\n|move|p2a: Ai|Protect|p2a: Ai\n|-singleturn|p2a: Ai|Protect\n|move|p1b: Kommo-o|Poison Jab|p2a: Ai\n|-activate|p2a: Ai|move: Protect\n|move|p2b: Chuckles|Drain Punch|p1b: Kommo-o\n|-damage|p1b: Kommo-o|44/100\n|-heal|p2b: Chuckles|100/100|[from] drain|[of] p1b: Kommo-o\n|\n|upkeep\n|turn|9\n|\n|t:|1776452545\n|move|p1b: Kommo-o|Scale Shot|p2b: Chuckles\n|-damage|p2b: Chuckles|88/100\n|-damage|p2b: Chuckles|75/100\n|-hitcount|p2b: Chuckles|2\n|-unboost|p1b: Kommo-o|def|1\n|-boost|p1b: Kommo-o|spe|1\n|move|p2a: Ai|Psychic|p1b: Kommo-o\n|-supereffective|p1b: Kommo-o|1\n|-damage|p1b: Kommo-o|0 fnt\n|faint|p1b: Kommo-o\n|\n|win|Mentalsyndrome\n|raw|salfur's rating: 1193 &rarr; <strong>1168</strong><br />(-25 for losing)\n|raw|Mentalsyndrome's rating: 1192 &rarr; <strong>1217</strong><br />(+25 for winning)\n|l|\u2606salfur\n|player|p1|\n",
  "uploadtime": 1776452551,
  "views": 29,
  "formatid": "gen9championsvgc2026regma",
  "rating": 1168,
  "private": 0,
  "password": null
}