{
  "id": "gen9championsvgc2026regma-2587527366",
  "format": "[Gen 9 Champions] VGC 2026 Reg M-A",
  "players": [
    "Snorlaxsnack",
    "Kalaphant"
  ],
  "log": "|j|\u2606Snorlaxsnack\n|j|\u2606Kalaphant\n|t:|1776539469\n|gametype|doubles\n|player|p1|Snorlaxsnack|teamrocket|1115\n|player|p2|Kalaphant|170|1099\n|gen|9\n|tier|[Gen 9 Champions] VGC 2026 Reg M-A\n|rated|\n|rule|Species Clause: Limit one of each Pok\u00e9mon\n|rule|Item Clause: Limit 1 of each item\n|clearpoke\n|poke|p1|Snorlax, L50, M, shiny|\n|poke|p1|Slowbro, L50, F, shiny|\n|poke|p1|Chandelure, L50, F, shiny|\n|poke|p1|Dragonite, L50, M, shiny|\n|poke|p1|Tyranitar, L50, M, shiny|\n|poke|p1|Conkeldurr, L50, M, shiny|\n|poke|p2|Floette-Eternal, L50, F|\n|poke|p2|Incineroar, L50, F|\n|poke|p2|Charizard, L50, F|\n|poke|p2|Sneasler, L50, M|\n|poke|p2|Sinistcha, L50|\n|poke|p2|Milotic, L50, M|\n|teampreview|4\n|inactive|Battle timer is ON: inactive players will automatically lose when time's up. (requested by Kalaphant)\n|inactive|Snorlaxsnack also wants the timer to be on.\nKalaphant has agreed to open team sheets.\n|c|\u2606Kalaphant|glhf\n|inactive|Kalaphant has 60 seconds left.\n|c|\u2606Snorlaxsnack|GL\n|inactive|Kalaphant has 30 seconds left.\n|inactive|Kalaphant has 20 seconds left.\n|inactive|Kalaphant has 15 seconds left.\n|inactive|Kalaphant has 10 seconds left.\n|\n|t:|1776539550\n|teamsize|p1|4\n|teamsize|p2|4\n|start\n|switch|p1a: Snorlax|Snorlax, L50, M, shiny|100/100\n|switch|p1b: Slowbro|Slowbro, L50, F, shiny|100/100\n|switch|p2a: Floette|Floette-Eternal, L50, F|100/100\n|switch|p2b: Sinistcha|Sinistcha, L50|100/100\n|turn|1\n|inactive|Kalaphant has 30 seconds left.\n|\n|t:|1776539579\n|detailschange|p2a: Floette|Floette-Mega, L50, F\n|-mega|p2a: Floette|Floette|Floettite\n|-ability|p2a: Floette|Fairy Aura\n|move|p2a: Floette|Moonblast|p1b: Slowbro\n|-damage|p1b: Slowbro|42/100\n|move|p2b: Sinistcha|Matcha Gotcha|p1b: Slowbro|[spread] p1a,p1b\n|-supereffective|p1b: Slowbro|1\n|-damage|p1a: Snorlax|89/100\n|-damage|p1b: Slowbro|0 fnt\n|faint|p1b: Slowbro\n|move|p1a: Snorlax|Belly Drum|p1a: Snorlax\n|-damage|p1a: Snorlax|39/100\n|-setboost|p1a: Snorlax|atk|6|[from] move: Belly Drum\n|-enditem|p1a: Snorlax|Sitrus Berry|[eat]\n|-heal|p1a: Snorlax|63/100|[from] item: Sitrus Berry\n|\n|upkeep\n|\n|t:|1776539597\n|switch|p1b: Chandelure|Chandelure, L50, F, shiny|100/100\n|turn|2\n|inactive|Kalaphant has 30 seconds left.\n|\n|t:|1776539629\n|detailschange|p1b: Chandelure|Chandelure-Mega, L50, F, shiny\n|-mega|p1b: Chandelure|Chandelure|Chandelurite\n|move|p2b: Sinistcha|Rage Powder|p2b: Sinistcha\n|-singleturn|p2b: Sinistcha|move: Rage Powder\n|move|p2a: Floette|Light of Ruin|p1a: Snorlax\n|-damage|p1a: Snorlax|6/100\n|-damage|p2a: Floette|52/100|[from] Recoil\n|move|p1a: Snorlax|Body Slam|p2b: Sinistcha\n|-immune|p2b: Sinistcha\n|move|p1b: Chandelure|Trick Room|p1b: Chandelure\n|-fieldstart|move: Trick Room|[of] p1b: Chandelure\n|\n|upkeep\n|turn|3\n|\n|t:|1776539652\n|move|p2b: Sinistcha|Rage Powder|p2b: Sinistcha\n|-singleturn|p2b: Sinistcha|move: Rage Powder\n|move|p1a: Snorlax|Ice Punch|p2b: Sinistcha\n|-supereffective|p2b: Sinistcha|1\n|-damage|p2b: Sinistcha|0 fnt\n|faint|p2b: Sinistcha\n|move|p1b: Chandelure|Minimize|p1b: Chandelure\n|-boost|p1b: Chandelure|evasion|2\n|move|p2a: Floette|Dazzling Gleam|p1a: Snorlax|[spread] p1a,p1b\n|-resisted|p1b: Chandelure|1\n|-damage|p1a: Snorlax|0 fnt\n|-damage|p1b: Chandelure|76/100\n|faint|p1a: Snorlax\n|\n|upkeep\n|\n|t:|1776539672\n|switch|p1a: Dragonite|Dragonite, L50, M, shiny|100/100\n|switch|p2b: Incineroar|Incineroar, L50, F|100/100\n|-ability|p2b: Incineroar|Intimidate|boost\n|-unboost|p1a: Dragonite|atk|1\n|-unboost|p1b: Chandelure|atk|1\n|turn|4\n|\n|t:|1776539686\n|move|p2b: Incineroar|Throat Chop|p1b: Chandelure\n|-supereffective|p1b: Chandelure|1\n|-damage|p1b: Chandelure|0 fnt\n|faint|p1b: Chandelure\n|move|p1a: Dragonite|Iron Head|p2a: Floette\n|-supereffective|p2a: Floette|1\n|-damage|p2a: Floette|0 fnt\n|faint|p2a: Floette\n|\n|upkeep\n|\n|t:|1776539693\n|switch|p2a: Milotic|Milotic, L50, M|100/100\n|turn|5\n|\n|t:|1776539700\n|move|p2b: Incineroar|Parting Shot|p1a: Dragonite\n|-unboost|p1a: Dragonite|atk|1\n|-unboost|p1a: Dragonite|spa|1\n|move|p1a: Dragonite|Outrage|p2a: Milotic\n|-damage|p2a: Milotic|60/100\n|move|p2a: Milotic|Ice Beam|p1a: Dragonite\n|-supereffective|p1a: Dragonite|2\n|-damage|p1a: Dragonite|46/100\n|\n|-heal|p2a: Milotic|66/100|[from] item: Leftovers\n|upkeep\n|turn|6\n|\n|t:|1776539713\n|move|p2a: Milotic|Protect|p2a: Milotic\n|-singleturn|p2a: Milotic|Protect\n|move|p2b: Incineroar|Parting Shot|p1a: Dragonite\n|-unboost|p1a: Dragonite|atk|1\n|-unboost|p1a: Dragonite|spa|1\n|move|p1a: Dragonite|Outrage|p2a: Milotic|[from] lockedmove\n|-activate|p2a: Milotic|move: Protect\n|-start|p1a: Dragonite|confusion|[fatigue]\n|-enditem|p1a: Dragonite|Lum Berry|[eat]\n|-end|p1a: Dragonite|confusion\n|\n|-heal|p2a: Milotic|72/100|[from] item: Leftovers\n|-fieldend|move: Trick Room\n|upkeep\n|turn|7\n|c|\u2606Kalaphant|gg\n|-message|Snorlaxsnack forfeited.\n|\n|win|Kalaphant\n|raw|Snorlaxsnack's rating: 1115 &rarr; <strong>1089</strong><br />(-26 for losing)\n|raw|Kalaphant's rating: 1099 &rarr; <strong>1125</strong><br />(+26 for winning)\n",
  "uploadtime": 1776539723,
  "views": 15,
  "formatid": "gen9championsvgc2026regma",
  "rating": 1089,
  "private": 0,
  "password": null
}