{
  "id": "gen9championsvgc2026regma-2588348364",
  "format": "[Gen 9 Champions] VGC 2026 Reg M-A",
  "players": [
    "Knoss",
    "darkrinorex"
  ],
  "log": "|j|\u2606Knoss\n|j|\u2606darkrinorex\n|t:|1776626119\n|gametype|doubles\n|player|p1|Knoss|ingo-hisui|1144\n|player|p2|darkrinorex|170|1205\n|gen|9\n|tier|[Gen 9 Champions] VGC 2026 Reg M-A\n|rated|\n|rule|Species Clause: Limit one of each Pok\u00e9mon\n|rule|Item Clause: Limit 1 of each item\n|clearpoke\n|poke|p1|Incineroar, L50, M|\n|poke|p1|Sinistcha, L50|\n|poke|p1|Tyranitar, L50, M|\n|poke|p1|Excadrill, L50, F|\n|poke|p1|Farigiraf, L50, F|\n|poke|p1|Drampa, L50, F|\n|poke|p2|Dragonite, L50, M|\n|poke|p2|Aegislash, L50, M, shiny|\n|poke|p2|Pelipper, L50, F|\n|poke|p2|Archaludon, L50, F, shiny|\n|poke|p2|Sneasler, L50, F, shiny|\n|poke|p2|Kangaskhan, L50, F|\n|teampreview|4\n|inactive|Battle timer is ON: inactive players will automatically lose when time's up. (requested by darkrinorex)\n|inactive|darkrinorex has 60 seconds left.\n|inactive|darkrinorex has 30 seconds left.\n|\n|t:|1776626194\n|teamsize|p1|4\n|teamsize|p2|4\n|start\n|switch|p1a: Incineroar|Incineroar, L50, M|100/100\n|switch|p1b: Farigiraf|Farigiraf, L50, F|100/100\n|switch|p2a: Sneasler|Sneasler, L50, F, shiny|100/100\n|switch|p2b: Pelipper|Pelipper, L50, F|100/100\n|-weather|RainDance|[from] ability: Drizzle|[of] p2b: Pelipper\n|-ability|p1a: Incineroar|Intimidate|boost\n|-unboost|p2a: Sneasler|atk|1\n|-unboost|p2b: Pelipper|atk|1\n|-enditem|p2a: Sneasler|White Herb\n|-clearnegativeboost|p2a: Sneasler|[silent]\n|turn|1\n|\n|t:|1776626217\n|switch|p2a: Kangaskhan|Kangaskhan, L50, F|100/100\n|move|p2b: Pelipper|Protect|p2b: Pelipper\n|-singleturn|p2b: Pelipper|Protect\n|move|p1a: Incineroar|Fake Out|p2a: Kangaskhan\n|-damage|p2a: Kangaskhan|85/100\n|move|p1b: Farigiraf|Trick Room|p1b: Farigiraf\n|-fieldstart|move: Trick Room|[of] p1b: Farigiraf\n|\n|-weather|RainDance|[upkeep]\n|upkeep\n|turn|2\n|inactive|darkrinorex has 30 seconds left.\n|\n|t:|1776626246\n|switch|p2b: Sneasler|Sneasler, L50, F, shiny|100/100\n|detailschange|p2a: Kangaskhan|Kangaskhan-Mega, L50, F\n|-mega|p2a: Kangaskhan|Kangaskhan|Kangaskhanite\n|move|p1b: Farigiraf|Calm Mind|p1b: Farigiraf\n|-boost|p1b: Farigiraf|spa|1\n|-boost|p1b: Farigiraf|spd|1\n|move|p1a: Incineroar|Parting Shot|p2a: Kangaskhan\n|-unboost|p2a: Kangaskhan|atk|1\n|-unboost|p2a: Kangaskhan|spa|1\n|\n|t:|1776626255\n|switch|p1a: Drampa|Drampa, L50, F|100/100|[from] Parting Shot\n|move|p2a: Kangaskhan|Double-Edge|p1b: Farigiraf\n|-damage|p1b: Farigiraf|70/100\n|-damage|p1b: Farigiraf|61/100\n|-hitcount|p1b: Farigiraf|2\n|-damage|p2a: Kangaskhan|69/100|[from] Recoil\n|\n|-weather|RainDance|[upkeep]\n|upkeep\n|turn|3\n|inactive|Knoss has 30 seconds left.\n|\n|t:|1776626284\n|switch|p2a: Aegislash|Aegislash, L50, M, shiny|100/100\n|detailschange|p1a: Drampa|Drampa-Mega, L50, F\n|-mega|p1a: Drampa|Drampa|Drampanite\n|move|p2b: Sneasler|Protect|p2b: Sneasler\n|-singleturn|p2b: Sneasler|Protect\n|move|p1a: Drampa|Hyper Voice|p2a: Aegislash|[spread] \n|-activate|p2b: Sneasler|move: Protect\n|-immune|p2a: Aegislash\n|move|p1b: Farigiraf|Hyper Voice|p2a: Aegislash|[spread] \n|-activate|p2b: Sneasler|move: Protect\n|-immune|p2a: Aegislash\n|\n|-weather|RainDance|[upkeep]\n|upkeep\n|turn|4\n|\n|t:|1776626304\n|move|p1a: Drampa|Earth Power|p2a: Aegislash\n|-supereffective|p2a: Aegislash|1\n|-damage|p2a: Aegislash|33/100\n|move|p1b: Farigiraf|Twin Beam|p2b: Sneasler\n|-supereffective|p2b: Sneasler|2\n|-damage|p2b: Sneasler|0 fnt\n|faint|p2b: Sneasler\n|-hitcount|p2: Sneasler|1\n|-formechange|p2a: Aegislash|Aegislash-Blade|\n|move|p2a: Aegislash|Iron Head|p1b: Farigiraf\n|-damage|p1b: Farigiraf|20/100\n|\n|-weather|RainDance|[upkeep]\n|upkeep\n|\n|t:|1776626327\n|switch|p2b: Kangaskhan|Kangaskhan-Mega, L50, F|69/100\n|turn|5\n|inactive|darkrinorex has 30 seconds left.\n|inactive|darkrinorex has 20 seconds left.\n|inactive|darkrinorex has 15 seconds left.\n|\n|t:|1776626368\n|switch|p1a: Sinistcha|Sinistcha, L50|100/100\n|-heal|p1b: Farigiraf|45/100|[from] ability: Hospitality|[of] p1a: Sinistcha\n|-formechange|p2a: Aegislash|Aegislash|\n|move|p2a: Aegislash|King's Shield|p2a: Aegislash\n|-singleturn|p2a: Aegislash|Protect\n|move|p1b: Farigiraf|Twin Beam|p2b: Kangaskhan\n|-damage|p2b: Kangaskhan|42/100\n|-damage|p2b: Kangaskhan|13/100\n|-hitcount|p2b: Kangaskhan|2\n|move|p2b: Kangaskhan|Double-Edge|p1b: Farigiraf\n|-damage|p1b: Farigiraf|0 fnt\n|faint|p1b: Farigiraf\n|-hitcount|p1: Farigiraf|1\n|-damage|p2b: Kangaskhan|0 fnt|[from] Recoil\n|faint|p2b: Kangaskhan\n|\n|-weather|none\n|-fieldend|move: Trick Room\n|upkeep\n|-message|darkrinorex forfeited.\n|\n|win|Knoss\n|raw|Knoss's rating: 1144 &rarr; <strong>1173</strong><br />(+29 for winning)\n|raw|darkrinorex's rating: 1205 &rarr; <strong>1176</strong><br />(-29 for losing)\n|l|\u2606darkrinorex\n|player|p2|\n",
  "uploadtime": 1776626398,
  "views": 12,
  "formatid": "gen9championsvgc2026regma",
  "rating": 1173,
  "private": 0,
  "password": null
}