{
  "id": "gen9championsvgc2026regma-2583396743",
  "format": "[Gen 9 Champions] VGC 2026 Reg M-A",
  "players": [
    "Gengarhaterrr",
    "hamzah_cutie"
  ],
  "log": "|j|\u2606Gengarhaterrr\n|j|\u2606hamzah_cutie\n|t:|1776172824\n|gametype|doubles\n|player|p1|Gengarhaterrr|dragontamer|1045\n|player|p2|hamzah_cutie|preschooler|1041\n|gen|9\n|tier|[Gen 9 Champions] VGC 2026 Reg M-A\n|rated|\n|rule|Species Clause: Limit one of each Pok\u00e9mon\n|rule|Item Clause: Limit 1 of each item\n|clearpoke\n|poke|p1|Venusaur, L50, M|\n|poke|p1|Sinistcha-Masterpiece, L50|\n|poke|p1|Clefable, L50, F|\n|poke|p1|Incineroar, L50, F|\n|poke|p1|Charizard, L50, M|\n|poke|p1|Sneasler, L50, M|\n|poke|p2|Whimsicott, L50, M|\n|poke|p2|Drampa, L50, F|\n|poke|p2|Alakazam, L50, F|\n|poke|p2|Typhlosion-Hisui, L50, F|\n|poke|p2|Leafeon, L50, F|\n|poke|p2|Tauros-Paldea-Blaze, L50, M|\n|teampreview|4\n|inactive|Battle timer is ON: inactive players will automatically lose when time's up. (requested by Gengarhaterrr)\n|inactive|hamzah_cutie has 60 seconds left.\n|\n|t:|1776172858\n|teamsize|p1|4\n|teamsize|p2|4\n|start\n|switch|p1a: Venusaur|Venusaur, L50, M, shiny|100/100\n|switch|p1b: Incineroar|Incineroar, L50, F, shiny|100/100\n|switch|p2a: Drampa|Drampa, L50, F|100/100\n|switch|p2b: Alakazam|Alakazam, L50, F|100/100\n|-ability|p1b: Incineroar|Intimidate|boost\n|-unboost|p2a: Drampa|atk|1\n|-fail|p2b: Alakazam|unboost|Attack|[from] ability: Inner Focus|[of] p2b: Alakazam\n|-ability|p2a: Drampa|Cloud Nine\n|turn|1\n|\n|t:|1776172877\n|move|p1a: Venusaur|Protect|p1a: Venusaur\n|-singleturn|p1a: Venusaur|Protect\n|move|p2a: Drampa|Protect|p2a: Drampa\n|-singleturn|p2a: Drampa|Protect\n|move|p2b: Alakazam|Reflect|p2b: Alakazam\n|-sidestart|p2: hamzah_cutie|Reflect\n|move|p1b: Incineroar|Throat Chop|p2b: Alakazam\n|-supereffective|p2b: Alakazam|1\n|-damage|p2b: Alakazam|0 fnt\n|faint|p2b: Alakazam\n|\n|upkeep\n|\n|t:|1776172901\n|switch|p2b: Whimsicott|Whimsicott, L50, M|100/100\n|turn|2\n|\n|t:|1776172908\n|switch|p1a: Sneasler|Sneasler, L50, M, shiny|100/100\n|-ability|p1a: Sneasler|Pressure\n|move|p1b: Incineroar|Throat Chop|p2a: Drampa\n|-damage|p2a: Drampa|74/100\n|-start|p2a: Drampa|Throat Chop|[silent]\n|move|p2a: Drampa|Calm Mind|p2a: Drampa\n|-boost|p2a: Drampa|spa|1\n|-boost|p2a: Drampa|spd|1\n|move|p2b: Whimsicott|Trick Room|p2b: Whimsicott\n|-fieldstart|move: Trick Room|[of] p2b: Whimsicott\n|\n|upkeep\n|turn|3\n|\n|t:|1776172926\n|move|p2a: Drampa|Protect|p2a: Drampa\n|-singleturn|p2a: Drampa|Protect\n|move|p1a: Sneasler|Fake Out|p2b: Whimsicott\n|-damage|p2b: Whimsicott|91/100\n|move|p1b: Incineroar|Flare Blitz|p2b: Whimsicott\n|-supereffective|p2b: Whimsicott|1\n|-damage|p2b: Whimsicott|32/100\n|-damage|p1b: Incineroar|86/100|[from] Recoil\n|cant|p2b: Whimsicott|flinch\n|\n|-end|p2a: Drampa|Throat Chop|[silent]\n|upkeep\n|turn|4\n|\n|t:|1776172941\n|switch|p1a: Sinistcha|Sinistcha-Masterpiece, L50, shiny|100/100\n|-heal|p1b: Incineroar|100/100|[from] ability: Hospitality|[of] p1a: Sinistcha\n|detailschange|p2a: Drampa|Drampa-Mega, L50, F\n|-mega|p2a: Drampa|Drampa|Drampanite\n|move|p2b: Whimsicott|Protect|p2b: Whimsicott\n|-singleturn|p2b: Whimsicott|Protect\n|move|p2a: Drampa|Hyper Voice|p1a: Sinistcha|[spread] p1b\n|-immune|p1a: Sinistcha\n|-damage|p1b: Incineroar|50/100\n|move|p1b: Incineroar|Parting Shot|p2a: Drampa\n|-unboost|p2a: Drampa|atk|1\n|-unboost|p2a: Drampa|spa|1\n|\n|t:|1776172954\n|switch|p1b: Venusaur|Venusaur, L50, M, shiny|100/100|[from] Parting Shot\n|\n|upkeep\n|turn|5\n|\n|t:|1776172972\n|detailschange|p1b: Venusaur|Venusaur-Mega, L50, M, shiny\n|-mega|p1b: Venusaur|Venusaur|Venusaurite\n|move|p2a: Drampa|Calm Mind|p2a: Drampa\n|-boost|p2a: Drampa|spa|1\n|-boost|p2a: Drampa|spd|1\n|move|p1a: Sinistcha|Life Dew||[still]|[still]|[spread] \n|-fail|p1a: Sinistcha|heal\n|-fail|p1b: Venusaur|heal\n|move|p1b: Venusaur|Leech Seed|p2a: Drampa\n|-start|p2a: Drampa|move: Leech Seed\n|move|p2b: Whimsicott|Moonblast|p1a: Sinistcha\n|-damage|p1a: Sinistcha|67/100\n|\n|-damage|p2a: Drampa|62/100|[from] Leech Seed|[of] p1b: Venusaur\n|-sideend|p2: hamzah_cutie|Reflect\n|upkeep\n|turn|6\n|\n|t:|1776172984\n|move|p2b: Whimsicott|Protect|p2b: Whimsicott\n|-singleturn|p2b: Whimsicott|Protect\n|move|p2a: Drampa|Hyper Voice|p1a: Sinistcha|[spread] p1b\n|-immune|p1a: Sinistcha\n|-damage|p1b: Venusaur|60/100\n|move|p1a: Sinistcha|Life Dew|p1a: Sinistcha|[spread] p1a,p1b\n|-heal|p1a: Sinistcha|92/100\n|-heal|p1b: Venusaur|85/100\n|move|p1b: Venusaur|Sludge Bomb|p2b: Whimsicott\n|-activate|p2b: Whimsicott|move: Protect\n|\n|-damage|p2a: Drampa|50/100|[from] Leech Seed|[of] p1b: Venusaur\n|-heal|p1b: Venusaur|96/100|[silent]\n|-fieldend|move: Trick Room\n|upkeep\n|turn|7\n|inactive|hamzah_cutie has 30 seconds left.\n|\n|t:|1776173010\n|switch|p2a: Typhlosion|Typhlosion-Hisui, L50, F|100/100\n|move|p2b: Whimsicott|Sunny Day|p2b: Whimsicott\n|-weather|SunnyDay\n|move|p1b: Venusaur|Sludge Bomb|p2b: Whimsicott\n|-supereffective|p2b: Whimsicott|2\n|-crit|p2b: Whimsicott\n|-damage|p2b: Whimsicott|0 fnt\n|faint|p2b: Whimsicott\n|move|p1a: Sinistcha|Shadow Ball|p2a: Typhlosion\n|-supereffective|p2a: Typhlosion|1\n|-damage|p2a: Typhlosion|7/100\n|-unboost|p2a: Typhlosion|spd|1\n|\n|-weather|SunnyDay|[upkeep]\n|upkeep\n|-message|hamzah_cutie forfeited.\n|\n|win|Gengarhaterrr\n|raw|Gengarhaterrr's rating: 1045 &rarr; <strong>1078</strong><br />(+33 for winning)\n|raw|hamzah_cutie's rating: 1041 &rarr; <strong>1025</strong><br />(-16 for losing)\n|l|\u2606hamzah_cutie\n|player|p2|\n",
  "uploadtime": 1776173023,
  "views": 15,
  "formatid": "gen9championsvgc2026regma",
  "rating": 1025,
  "private": 0,
  "password": null
}