{
  "id": "gen9championsvgc2026regma-2582481848",
  "format": "[Gen 9 Champions] VGC 2026 Reg M-A",
  "players": [
    "ZayD1604_",
    "ZZTop1999"
  ],
  "log": "|j|\u2606ZayD1604_\n|j|\u2606ZZTop1999\n|t:|1776094501\n|gametype|doubles\n|player|p1|ZayD1604_|101|1028\n|player|p2|ZZTop1999|265|1081\n|gen|9\n|tier|[Gen 9 Champions] VGC 2026 Reg M-A\n|rated|\n|rule|Species Clause: Limit one of each Pok\u00e9mon\n|rule|Item Clause: Limit 1 of each item\n|clearpoke\n|poke|p1|Orthworm, L50, M|\n|poke|p1|Basculegion, L50, M|\n|poke|p1|Incineroar, L50, M|\n|poke|p1|Rotom-Frost, L50|\n|poke|p1|Froslass, L50, F|\n|poke|p1|Garchomp, L50, F|\n|poke|p2|Alakazam, L50, M|\n|poke|p2|Meowstic, L50, M|\n|poke|p2|Drampa, L50, F|\n|poke|p2|Sneasler, L50, F|\n|poke|p2|Aerodactyl, L50, M|\n|poke|p2|Clefable, L50, M|\n|teampreview|4\n|inactive|Battle timer is ON: inactive players will automatically lose when time's up. (requested by ZZTop1999)\nZayD1604_ rejected open team sheets.\n|inactive|ZayD1604_ has 60 seconds left.\n|inactive|ZayD1604_ has 30 seconds left.\n|\n|t:|1776094592\n|teamsize|p1|4\n|teamsize|p2|4\n|start\n|switch|p1a: Orthworm|Orthworm, L50, M|100/100\n|switch|p1b: Basculegion|Basculegion, L50, M|100/100\n|switch|p2a: Meowstic|Meowstic, L50, M|100/100\n|switch|p2b: Alakazam|Alakazam, L50, M|100/100\n|turn|1\n|inactive|ZZTop1999 has 30 seconds left.\n|inactive|ZZTop1999 has 20 seconds left.\n|\n|t:|1776094630\n|detailschange|p2b: Alakazam|Alakazam-Mega, L50, M\n|-mega|p2b: Alakazam|Alakazam|Alakazite\n|-ability|p2b: Alakazam|Earth Eater|Trace|[from] ability: Trace|[of] p1a: Orthworm\n|move|p2a: Meowstic|Psychic Terrain|p2a: Meowstic\n|-fieldstart|move: Psychic Terrain\n|move|p2b: Alakazam|Expanding Force|p1b: Basculegion|[spread] p1a,p1b\n|-resisted|p1a: Orthworm|1\n|-damage|p1a: Orthworm|47/100\n|-damage|p1b: Basculegion|18/100\n|-enditem|p1a: Orthworm|Sitrus Berry|[eat]\n|-heal|p1a: Orthworm|72/100|[from] item: Sitrus Berry\n|move|p1b: Basculegion|Last Respects|p2b: Alakazam\n|-supereffective|p2b: Alakazam|1\n|-damage|p2b: Alakazam|0 fnt\n|faint|p2b: Alakazam\n|move|p1a: Orthworm|Shed Tail|p1a: Orthworm\n|-start|p1a: Orthworm|Substitute|[from] move: Shed Tail\n|-damage|p1a: Orthworm|22/100\n|\n|t:|1776094646\n|switch|p1a: Froslass|Froslass, L50, F|100/100|[from] Shed Tail\n|\n|upkeep\n|\n|t:|1776094651\n|switch|p2b: Sneasler|Sneasler, L50, F|100/100\n|turn|2\n|\n|t:|1776094668\n|switch|p1b: Orthworm|Orthworm, L50, M|22/100\n|move|p1a: Froslass|Nasty Plot|p1a: Froslass\n|-boost|p1a: Froslass|spa|2\n|move|p2b: Sneasler|Throat Chop|p1a: Froslass\n|-supereffective|p1a: Froslass|1\n|-end|p1a: Froslass|Substitute\n|move|p2a: Meowstic|Thunderbolt|p1b: Orthworm\n|-damage|p1b: Orthworm|0 fnt\n|faint|p1b: Orthworm\n|\n|upkeep\n|\n|t:|1776094679\n|switch|p1b: Rotom|Rotom-Frost, L50|100/100\n|turn|3\n|\n|t:|1776094696\n|detailschange|p1a: Froslass|Froslass-Mega, L50, F\n|-mega|p1a: Froslass|Froslass|Froslassite\n|-weather|Snowscape|[from] ability: Snow Warning|[of] p1a: Froslass\n|move|p2a: Meowstic|Helping Hand|p2b: Sneasler\n|-singleturn|p2b: Sneasler|Helping Hand|[of] p2a: Meowstic\n|move|p1b: Rotom|Helping Hand|p1a: Froslass\n|-singleturn|p1a: Froslass|Helping Hand|[of] p1b: Rotom\n|move|p1a: Froslass|Blizzard|p2a: Meowstic|[spread] p2a,p2b\n|-damage|p2a: Meowstic|0 fnt\n|-damage|p2b: Sneasler|0 fnt\n|faint|p2a: Meowstic\n|faint|p2b: Sneasler\n|\n|-weather|Snowscape|[upkeep]\n|upkeep\n|\n|t:|1776094709\n|switch|p2b: Drampa|Drampa, L50, F|100/100\n|-ability|p2b: Drampa|Cloud Nine\n|turn|4\n|\n|t:|1776094718\n|move|p1b: Rotom|Helping Hand|p1a: Froslass\n|-singleturn|p1a: Froslass|Helping Hand|[of] p1b: Rotom\n|move|p1a: Froslass|Blizzard|p2b: Drampa|[miss]\n|-miss|p1a: Froslass|p2b: Drampa\n|move|p2b: Drampa|Heat Wave|p1b: Rotom|[spread] p1a,p1b\n|-supereffective|p1a: Froslass|1\n|-supereffective|p1b: Rotom|1\n|-damage|p1a: Froslass|26/100\n|-damage|p1b: Rotom|22/100\n|\n|-weather|Snowscape|[upkeep]\n|upkeep\n|turn|5\n|inactive|ZayD1604_ has 30 seconds left.\n|inactive|ZayD1604_ has 20 seconds left.\n|\n|t:|1776094756\n|switch|p1a: Basculegion|Basculegion, L50, M|18/100\n|move|p1b: Rotom|Blizzard|p2b: Drampa|[miss]\n|-miss|p1b: Rotom|p2b: Drampa\n|move|p2b: Drampa|Heat Wave|p1b: Rotom|[spread] p1a,p1b\n|-resisted|p1a: Basculegion|1\n|-supereffective|p1b: Rotom|1\n|-damage|p1a: Basculegion|3/100\n|-damage|p1b: Rotom|0 fnt\n|faint|p1b: Rotom\n|\n|-weather|Snowscape|[upkeep]\n|-fieldend|move: Psychic Terrain\n|upkeep\n|\n|t:|1776094768\n|switch|p1b: Froslass|Froslass-Mega, L50, F|26/100\n|turn|6\n|\n|t:|1776094781\n|move|p1a: Basculegion|Aqua Jet|p2b: Drampa\n|-resisted|p2b: Drampa|1\n|-damage|p2b: Drampa|86/100\n|move|p1b: Froslass|Blizzard|p2b: Drampa|[miss]\n|-miss|p1b: Froslass|p2b: Drampa\n|move|p2b: Drampa|Heat Wave|p1a: Basculegion|[spread] p1a,p1b\n|-resisted|p1a: Basculegion|1\n|-supereffective|p1b: Froslass|1\n|-damage|p1a: Basculegion|0 fnt\n|-damage|p1b: Froslass|0 fnt\n|faint|p1a: Basculegion\n|faint|p1b: Froslass\n|\n|win|ZZTop1999\n|raw|ZayD1604_'s rating: 1028 &rarr; <strong>1016</strong><br />(-12 for losing)\n|raw|ZZTop1999's rating: 1081 &rarr; <strong>1105</strong><br />(+24 for winning)\n|l|\u2606ZZTop1999\n|player|p2|\n",
  "uploadtime": 1776094850,
  "views": 10,
  "formatid": "gen9championsvgc2026regma",
  "rating": 1016,
  "private": 0,
  "password": null
}