{
  "id": "gen9championsvgc2026regma-2581732183",
  "format": "[Gen 9 Champions] VGC 2026 Reg M-A",
  "players": [
    "coglio6789",
    "Braute"
  ],
  "log": "|j|\u2606coglio6789\n|j|\u2606Braute\n|t:|1776024149\n|gametype|doubles\n|player|p1|coglio6789|1|1219\n|player|p2|Braute|miku-fire|1155\n|gen|9\n|tier|[Gen 9 Champions] VGC 2026 Reg M-A\n|rated|\n|rule|Species Clause: Limit one of each Pok\u00e9mon\n|rule|Item Clause: Limit 1 of each item\n|clearpoke\n|poke|p1|Sneasler, L50, F|\n|poke|p1|Floette-Eternal, L50, F|\n|poke|p1|Sinistcha, L50|\n|poke|p1|Kingambit, L50, F|\n|poke|p1|Dragonite, L50, F|\n|poke|p1|Arcanine-Hisui, L50, F|\n|poke|p2|Beedrill, L50, F|\n|poke|p2|Incineroar, L50, M|\n|poke|p2|Talonflame, L50, F|\n|poke|p2|Kingambit, L50, M|\n|poke|p2|Tyranitar, L50, M|\n|poke|p2|Excadrill, L50, M|\n|teampreview|4\n|inactive|Battle timer is ON: inactive players will automatically lose when time's up. (requested by Braute)\n|inactive|coglio6789 has 60 seconds left.\n|inactive|Braute has 60 seconds left.\n|\n|t:|1776024194\n|teamsize|p1|4\n|teamsize|p2|4\n|start\n|switch|p1a: Dragonite|Dragonite, L50, F|100/100\n|switch|p1b: Sneasler|Sneasler, L50, F|100/100\n|switch|p2a: Kingambit|Kingambit, L50, M, shiny|100/100\n|switch|p2b: Beedrill|Beedrill, L50, F, shiny|100/100\n|turn|1\n|inactive|coglio6789 has 30 seconds left.\n|\n|t:|1776024223\n|switch|p2a: Talonflame|Talonflame, L50, F|100/100\n|detailschange|p2b: Beedrill|Beedrill-Mega, L50, F, shiny\n|-mega|p2b: Beedrill|Beedrill|Beedrillite\n|move|p1b: Sneasler|Fake Out|p2b: Beedrill\n|-damage|p2b: Beedrill|68/100\n|cant|p2b: Beedrill|flinch\n|move|p1a: Dragonite|Tailwind|p1a: Dragonite\n|-sidestart|p1: coglio6789|move: Tailwind\n|\n|upkeep\n|turn|2\n|\n|t:|1776024239\n|move|p1b: Sneasler|Protect|p1b: Sneasler\n|-singleturn|p1b: Sneasler|Protect\n|move|p2b: Beedrill|Protect|p2b: Beedrill\n|-singleturn|p2b: Beedrill|Protect\n|move|p1a: Dragonite|Extreme Speed|p2b: Beedrill\n|-activate|p2b: Beedrill|move: Protect\n|move|p2a: Talonflame|Dual Wingbeat|p1b: Sneasler\n|-activate|p1b: Sneasler|move: Protect\n|\n|upkeep\n|turn|3\n|\n|t:|1776024253\n|switch|p1b: Kingambit|Kingambit, L50, F|100/100\n|switch|p2b: Kingambit|Kingambit, L50, M, shiny|100/100\n|move|p2a: Talonflame|Dual Wingbeat|p1b: Kingambit\n|-resisted|p1b: Kingambit|1\n|-damage|p1b: Kingambit|95/100\n|-resisted|p1b: Kingambit|1\n|-damage|p1b: Kingambit|88/100\n|-hitcount|p1b: Kingambit|2\n|move|p1a: Dragonite|Aerial Ace|p2b: Kingambit\n|-resisted|p2b: Kingambit|1\n|-damage|p2b: Kingambit|86/100\n|\n|upkeep\n|turn|4\n|inactive|coglio6789 has 30 seconds left.\n|inactive|coglio6789 has 20 seconds left.\n|inactive|coglio6789 has 15 seconds left.\n|inactive|coglio6789 has 10 seconds left.\n|\n|t:|1776024299\n|move|p2a: Talonflame|Tailwind|p2a: Talonflame\n|-sidestart|p2: Braute|move: Tailwind\n|move|p1a: Dragonite|Aerial Ace|p2a: Talonflame\n|-damage|p2a: Talonflame|49/100\n|move|p1b: Kingambit|Kowtow Cleave|p2b: Kingambit\n|-resisted|p2b: Kingambit|1\n|-damage|p2b: Kingambit|64/100\n|move|p2b: Kingambit|Low Kick|p1b: Kingambit\n|-supereffective|p1b: Kingambit|2\n|-enditem|p1b: Kingambit|Chople Berry|[eat]\n|-enditem|p1b: Kingambit|Chople Berry|[weaken]\n|-damage|p1b: Kingambit|37/100\n|\n|-sideend|p1: coglio6789|move: Tailwind\n|upkeep\n|turn|5\n|inactive|coglio6789 has 30 seconds left.\n|\n|t:|1776024334\n|move|p1b: Kingambit|Protect|p1b: Kingambit\n|-singleturn|p1b: Kingambit|Protect\n|move|p2a: Talonflame|Flare Blitz|p1b: Kingambit\n|-activate|p1b: Kingambit|move: Protect\n|move|p2b: Kingambit|Kowtow Cleave|p1a: Dragonite\n|-damage|p1a: Dragonite|41/100\n|move|p1a: Dragonite|Aerial Ace|p2a: Talonflame\n|-damage|p2a: Talonflame|0 fnt\n|faint|p2a: Talonflame\n|\n|upkeep\n|\n|t:|1776024347\n|switch|p2a: Excadrill|Excadrill, L50, M|100/100\n|turn|6\n|\n|t:|1776024357\n|move|p1b: Kingambit|Sucker Punch|p2a: Excadrill\n|-damage|p2a: Excadrill|48/100\n|move|p2a: Excadrill|High Horsepower|p1b: Kingambit\n|-supereffective|p1b: Kingambit|1\n|-damage|p1b: Kingambit|0 fnt\n|faint|p1b: Kingambit\n|move|p2b: Kingambit|Kowtow Cleave|p1a: Dragonite\n|-damage|p1a: Dragonite|0 fnt\n|faint|p1a: Dragonite\n|\n|upkeep\n|\n|t:|1776024365\n|switch|p1a: Arcanine|Arcanine-Hisui, L50, F|100/100\n|switch|p1b: Sneasler|Sneasler, L50, F|100/100\n|-ability|p1a: Arcanine|Intimidate|boost\n|-unboost|p2a: Excadrill|atk|1\n|-unboost|p2b: Kingambit|atk|1\n|-ability|p2b: Kingambit|Defiant|boost\n|-boost|p2b: Kingambit|atk|2\n|turn|7\n|\n|t:|1776024390\n|move|p1b: Sneasler|Fake Out|p2a: Excadrill\n|-resisted|p2a: Excadrill|1\n|-damage|p2a: Excadrill|37/100\n|cant|p2a: Excadrill|flinch\n|move|p1a: Arcanine|Flare Blitz|p2b: Kingambit\n|-supereffective|p2b: Kingambit|1\n|-damage|p2b: Kingambit|0 fnt\n|faint|p2b: Kingambit\n|-damage|p1a: Arcanine|79/100|[from] Recoil\n|\n|-sideend|p2: Braute|move: Tailwind\n|upkeep\n|\n|t:|1776024402\n|switch|p2b: Beedrill|Beedrill-Mega, L50, F, shiny|68/100\n|turn|8\n|inactive|coglio6789 has 30 seconds left.\n|\n|t:|1776024431\n|move|p1b: Sneasler|Protect|p1b: Sneasler\n|-singleturn|p1b: Sneasler|Protect\n|move|p1a: Arcanine|Protect|p1a: Arcanine\n|-singleturn|p1a: Arcanine|Protect\n|move|p2b: Beedrill|Lunge|p1b: Sneasler\n|-activate|p1b: Sneasler|move: Protect\n|move|p2a: Excadrill|High Horsepower|p1a: Arcanine\n|-activate|p1a: Arcanine|move: Protect\n|\n|upkeep\n|turn|9\n|\n|t:|1776024452\n|move|p2b: Beedrill|Lunge|p1b: Sneasler\n|-resisted|p1b: Sneasler|2\n|-damage|p1b: Sneasler|71/100\n|-unboost|p1b: Sneasler|atk|1\n|-enditem|p1b: Sneasler|White Herb\n|-clearnegativeboost|p1b: Sneasler|[silent]\n|move|p1b: Sneasler|Dire Claw|p2b: Beedrill\n|-resisted|p2b: Beedrill|1\n|-damage|p2b: Beedrill|17/100\n|move|p1a: Arcanine|Flare Blitz|p2a: Excadrill\n|-supereffective|p2a: Excadrill|1\n|-damage|p2a: Excadrill|0 fnt\n|faint|p2a: Excadrill\n|-damage|p1a: Arcanine|66/100|[from] Recoil\n|\n|upkeep\n|turn|10\n|-message|Braute forfeited.\n|\n|win|coglio6789\n|raw|coglio6789's rating: 1219 &rarr; <strong>1239</strong><br />(+20 for winning)\n|raw|Braute's rating: 1155 &rarr; <strong>1135</strong><br />(-20 for losing)\n",
  "uploadtime": 1776024465,
  "views": 37,
  "formatid": "gen9championsvgc2026regma",
  "rating": 1135,
  "private": 0,
  "password": null
}