{
  "id": "gen9championsvgc2026regma-2580569520",
  "format": "[Gen 9 Champions] VGC 2026 Reg M-A",
  "players": [
    "Grandpa Seedot VGC",
    "pits fiend"
  ],
  "log": "|j|\u2606Grandpa Seedot VGC\n|j|\u2606pits fiend\n|html|<table width=\"100%\"><tr><td align=\"left\">Grandpa Seedot VGC</td><td align=\"right\">pits fiend</tr><tr><td align=\"left\"><i class=\"fa fa-circle-o\"></i> <i class=\"fa fa-circle-o\"></i> </td><td align=\"right\"><i class=\"fa fa-circle-o\"></i> <i class=\"fa fa-circle-o\"></i> </tr></table>\n|uhtml|bestof|<h2><strong>Game 1</strong> of <a href=\"/game-bestof3-gen9championsvgc2026regma-2580569519\">a best-of-3</a></h2>\n|t:|1775913883\n|gametype|doubles\n|player|p1|Grandpa Seedot VGC|brycenman|\n|player|p2|pits fiend|gwynn|\n|gen|9\n|tier|[Gen 9 Champions] VGC 2026 Reg M-A\n|rated|Tournament battle\n|rule|Species Clause: Limit one of each Pok\u00e9mon\n|rule|Item Clause: Limit 1 of each item\n|raw|<div class=\"infobox\"><details class=\"readmore\" open><summary><strong>2 custom rules:</strong></summary> Force Open Team Sheets, Best of = 3</details></div>\n|clearpoke\n|poke|p1|Starmie, L50|\n|poke|p1|Pelipper, L50, M|\n|poke|p1|Archaludon, L50, M|\n|poke|p1|Whimsicott, L50, F|\n|poke|p1|Sneasler, L50, M|\n|poke|p1|Maushold, L50|\n|poke|p2|Gardevoir, L50, F|\n|poke|p2|Garchomp, L50, M|\n|poke|p2|Rotom-Wash, L50|\n|poke|p2|Tsareena, L50, F|\n|poke|p2|Incineroar, L50, F|\n|poke|p2|Sneasler, L50, F|\n|teampreview|4\n|showteam|p1|Starmie||Starminite|Illuminate|Liquidation,PsychoCut,Protect,FlipTurn||||||50|]Pelipper||FocusSash|Drizzle|WeatherBall,Hurricane,Tailwind,Protect|||M|||50|]Archaludon||Leftovers|Stamina|ElectroShot,FlashCannon,DragonPulse,Protect|||M|||50|]Whimsicott||BrightPowder|Prankster|Tailwind,Moonblast,Encore,Protect|||F|||50|]Sneasler||WhiteHerb|Unburden|DireClaw,CloseCombat,Protect,FakeOut|||M|||50|]Maushold||SitrusBerry|FriendGuard|PopulationBomb,FollowMe,Protect,Encore||||||50|\n|showteam|p2|Gardevoir||Gardevoirite|Trace|HyperVoice,Psyshock,Protect,TrickRoom|||F|||50|]Garchomp||SoftSand|SandVeil|Earthquake,DragonClaw,StompingTantrum,Protect|||M|||50|]Rotom-Wash||ChoiceScarf|Levitate|Electroweb,VoltSwitch,Thunderbolt,HydroPump||||||50|]Tsareena||OccaBerry|QueenlyMajesty|TropKick,TripleAxel,Protect,HelpingHand|||F|||50|]Incineroar||SitrusBerry|Intimidate|FakeOut,ThroatChop,PartingShot,FlareBlitz|||F|||50|]Sneasler||WhiteHerb|Unburden|CloseCombat,DireClaw,FakeOut,Protect|||F|||50|\n|inactive|Battle timer is ON: inactive players will automatically lose when time's up. (requested by Grandpa Seedot VGC)\nGrandpa Seedot VGC has agreed to open team sheets.\npits fiend has agreed to open team sheets.\n|showteam|p1|Starmie||Starminite|Illuminate|Liquidation,PsychoCut,Protect,FlipTurn||||||50|]Pelipper||FocusSash|Drizzle|WeatherBall,Hurricane,Tailwind,Protect|||M|||50|]Archaludon||Leftovers|Stamina|ElectroShot,FlashCannon,DragonPulse,Protect|||M|||50|]Whimsicott||BrightPowder|Prankster|Tailwind,Moonblast,Encore,Protect|||F|||50|]Sneasler||WhiteHerb|Unburden|DireClaw,CloseCombat,Protect,FakeOut|||M|||50|]Maushold||SitrusBerry|FriendGuard|PopulationBomb,FollowMe,Protect,Encore||||||50|\n|showteam|p2|Gardevoir||Gardevoirite|Trace|HyperVoice,Psyshock,Protect,TrickRoom|||F|||50|]Garchomp||SoftSand|SandVeil|Earthquake,DragonClaw,StompingTantrum,Protect|||M|||50|]Rotom-Wash||ChoiceScarf|Levitate|Electroweb,VoltSwitch,Thunderbolt,HydroPump||||||50|]Tsareena||OccaBerry|QueenlyMajesty|TropKick,TripleAxel,Protect,HelpingHand|||F|||50|]Incineroar||SitrusBerry|Intimidate|FakeOut,ThroatChop,PartingShot,FlareBlitz|||F|||50|]Sneasler||WhiteHerb|Unburden|CloseCombat,DireClaw,FakeOut,Protect|||F|||50|\n|j| WishMkrLucy\n|c|\u2606Grandpa Seedot VGC|glhf\n|c|\u2606pits fiend|glhf!\n|inactive|pits fiend has 60 seconds left.\n|\n|t:|1775913923\n|teamsize|p1|4\n|teamsize|p2|4\n|start\n|switch|p1a: Starmie|Starmie, L50|100/100\n|switch|p1b: Sneasler|Sneasler, L50, M|100/100\n|switch|p2a: Sneasler|Sneasler, L50, F|100/100\n|switch|p2b: Rotom|Rotom-Wash, L50|100/100\n|turn|1\n|\n|t:|1775913944\n|move|p1a: Starmie|Protect|p1a: Starmie\n|-singleturn|p1a: Starmie|Protect\n|move|p2a: Sneasler|Fake Out|p1b: Sneasler\n|-damage|p1b: Sneasler|76/100\n|move|p2b: Rotom|Volt Switch|p1a: Starmie\n|-activate|p1a: Starmie|move: Protect\n|cant|p1b: Sneasler|flinch\n|\n|upkeep\n|turn|2\n|\n|t:|1775913965\n|switch|p2a: Garchomp|Garchomp, L50, M|100/100\n|switch|p1a: Archaludon|Archaludon, L50, M|100/100\n|move|p2b: Rotom|Volt Switch|p1a: Archaludon\n|-resisted|p1a: Archaludon|1\n|-damage|p1a: Archaludon|83/100\n|-ability|p1a: Archaludon|Stamina|boost\n|-boost|p1a: Archaludon|def|1\n|\n|t:|1775913975\n|switch|p2b: Sneasler|Sneasler, L50, F|100/100|[from] Volt Switch\n|move|p1b: Sneasler|Dire Claw|p2b: Sneasler\n|-resisted|p2b: Sneasler|1\n|-damage|p2b: Sneasler|65/100\n|\n|-heal|p1a: Archaludon|89/100|[from] item: Leftovers\n|upkeep\n|turn|3\n|\n|t:|1775913998\n|switch|p2b: Rotom|Rotom-Wash, L50|100/100\n|move|p1b: Sneasler|Protect|p1b: Sneasler\n|-singleturn|p1b: Sneasler|Protect\n|move|p2a: Garchomp|Earthquake|p1a: Archaludon|[spread] p1a\n|-activate|p1b: Sneasler|move: Protect\n|-immune|p2b: Rotom|[from] ability: Levitate\n|-supereffective|p1a: Archaludon|1\n|-damage|p1a: Archaludon|41/100\n|-ability|p1a: Archaludon|Stamina|boost\n|-boost|p1a: Archaludon|def|1\n|move|p1a: Archaludon|Dragon Pulse|p2a: Garchomp\n|-supereffective|p2a: Garchomp|1\n|-damage|p2a: Garchomp|9/100\n|\n|-heal|p1a: Archaludon|47/100|[from] item: Leftovers\n|upkeep\n|turn|4\n|j| JmL94\n|l| JmL94\n|j| psychic system\n|inactive|Grandpa Seedot VGC has 30 seconds left.\n|inactive|pits fiend has 30 seconds left.\n|\n|t:|1775914027\n|switch|p2a: Sneasler|Sneasler, L50, F|65/100\n|move|p2b: Rotom|Thunderbolt|p1b: Sneasler\n|-damage|p1b: Sneasler|20/100\n|move|p1b: Sneasler|Close Combat|p2a: Sneasler\n|-resisted|p2a: Sneasler|1\n|-damage|p2a: Sneasler|9/100\n|-unboost|p1b: Sneasler|def|1\n|-unboost|p1b: Sneasler|spd|1\n|-enditem|p1b: Sneasler|White Herb\n|-clearnegativeboost|p1b: Sneasler|[silent]\n|move|p1a: Archaludon|Dragon Pulse|p2b: Rotom\n|-damage|p2b: Rotom|48/100\n|\n|-heal|p1a: Archaludon|53/100|[from] item: Leftovers\n|upkeep\n|turn|5\n|\n|t:|1775914050\n|switch|p1b: Pelipper|Pelipper, L50, M|100/100\n|-weather|RainDance|[from] ability: Drizzle|[of] p1b: Pelipper\n|move|p2a: Sneasler|Fake Out|p1b: Pelipper\n|-damage|p1b: Pelipper|82/100\n|move|p2b: Rotom|Thunderbolt|p1a: Archaludon\n|-resisted|p1a: Archaludon|1\n|-damage|p1a: Archaludon|30/100\n|-ability|p1a: Archaludon|Stamina|boost\n|-boost|p1a: Archaludon|def|1\n|move|p1a: Archaludon|Dragon Pulse|p2b: Rotom\n|-damage|p2b: Rotom|0 fnt\n|faint|p2b: Rotom\n|\n|-weather|RainDance|[upkeep]\n|-heal|p1a: Archaludon|37/100|[from] item: Leftovers\n|upkeep\n|\n|t:|1775914067\n|switch|p2b: Gardevoir|Gardevoir, L50, F, shiny|100/100\n|-ability|p2b: Gardevoir|Stamina|Trace|[from] ability: Trace|[of] p1a: Archaludon\n|turn|6\n|\n|t:|1775914081\n|detailschange|p2b: Gardevoir|Gardevoir-Mega, L50, F, shiny\n|-mega|p2b: Gardevoir|Gardevoir|Gardevoirite\n|move|p1a: Archaludon|Protect|p1a: Archaludon\n|-singleturn|p1a: Archaludon|Protect\n|move|p2a: Sneasler|Close Combat|p1a: Archaludon\n|-activate|p1a: Archaludon|move: Protect\n|move|p1b: Pelipper|Tailwind|p1b: Pelipper\n|-sidestart|p1: Grandpa Seedot VGC|move: Tailwind\n|move|p2b: Gardevoir|Trick Room|p2b: Gardevoir\n|-fieldstart|move: Trick Room|[of] p2b: Gardevoir\n|\n|-weather|RainDance|[upkeep]\n|-heal|p1a: Archaludon|43/100|[from] item: Leftovers\n|upkeep\n|turn|7\n|inactive|Grandpa Seedot VGC has 30 seconds left.\n|\n|t:|1775914111\n|move|p2b: Gardevoir|Hyper Voice|p1a: Archaludon|[spread] p1a,p1b\n|-damage|p1a: Archaludon|0 fnt\n|-damage|p1b: Pelipper|0 fnt\n|faint|p1a: Archaludon\n|faint|p1b: Pelipper\n|move|p2a: Sneasler|Dire Claw|p1: Archaludon|[notarget]\n|-fail|p2a: Sneasler\n|\n|-weather|RainDance|[upkeep]\n|upkeep\n|\n|t:|1775914114\n|switch|p1a: Sneasler|Sneasler, L50, M|20/100\n|switch|p1b: Starmie|Starmie, L50|100/100\n|turn|8\n|l| WishMkrLucy\n|\n|t:|1775914132\n|detailschange|p1b: Starmie|Starmie-Mega, L50\n|-mega|p1b: Starmie|Starmie|Starminite\n|move|p2b: Gardevoir|Protect|p2b: Gardevoir\n|-singleturn|p2b: Gardevoir|Protect\n|move|p1a: Sneasler|Fake Out|p2b: Gardevoir\n|-activate|p2b: Gardevoir|move: Protect\n|move|p2a: Sneasler|Dire Claw|p1a: Sneasler\n|-resisted|p1a: Sneasler|1\n|-damage|p1a: Sneasler|0 fnt\n|faint|p1a: Sneasler\n|move|p1b: Starmie|Psycho Cut|p2b: Gardevoir\n|-activate|p2b: Gardevoir|move: Protect\n|\n|-weather|RainDance|[upkeep]\n|upkeep\n|turn|9\n|\n|t:|1775914143\n|move|p1b: Starmie|Protect|p1b: Starmie\n|-singleturn|p1b: Starmie|Protect\n|move|p2b: Gardevoir|Hyper Voice|p1b: Starmie\n|-activate|p1b: Starmie|move: Protect\n|move|p2a: Sneasler|Dire Claw|p1b: Starmie\n|-activate|p1b: Starmie|move: Protect\n|\n|-weather|none\n|-sideend|p1: Grandpa Seedot VGC|move: Tailwind\n|upkeep\n|turn|10\n|\n|t:|1775914152\n|move|p2b: Gardevoir|Hyper Voice|p1b: Starmie\n|-damage|p1b: Starmie|3/100\n|move|p2a: Sneasler|Dire Claw|p1b: Starmie\n|-damage|p1b: Starmie|0 fnt\n|faint|p1b: Starmie\n|\n|win|pits fiend\n",
  "uploadtime": 1775914152,
  "views": 12,
  "formatid": "gen9championsvgc2026regma",
  "rating": null,
  "private": 0,
  "password": null
}