{
  "id": "gen9championsvgc2026regma-2583977415",
  "format": "[Gen 9 Champions] VGC 2026 Reg M-A",
  "players": [
    "wattrelfan18",
    "slothgameplay"
  ],
  "log": "|j|\u2606wattrelfan18\n|j|\u2606slothgameplay\n|t:|1776213543\n|gametype|doubles\n|player|p1|wattrelfan18|burglar|1047\n|player|p2|slothgameplay|169|1125\n|gen|9\n|tier|[Gen 9 Champions] VGC 2026 Reg M-A\n|rated|\n|rule|Species Clause: Limit one of each Pok\u00e9mon\n|rule|Item Clause: Limit 1 of each item\n|clearpoke\n|poke|p1|Emboar, L50, M|\n|poke|p1|Farigiraf, L50, F|\n|poke|p1|Aromatisse, L50, F|\n|poke|p1|Mamoswine, L50, F|\n|poke|p1|Milotic, L50, F|\n|poke|p1|Whimsicott, L50, M|\n|poke|p2|Gengar, L50, F|\n|poke|p2|Incineroar, L50, F|\n|poke|p2|Sinistcha-Masterpiece, L50|\n|poke|p2|Kingambit, L50, M|\n|poke|p2|Tyranitar, L50, F|\n|poke|p2|Kommo-o, L50, M|\n|teampreview|4\n|\n|t:|1776213596\n|teamsize|p1|4\n|teamsize|p2|4\n|start\n|switch|p1a: Whimsicott|Whimsicott, L50, M|100/100\n|switch|p1b: Farigiraf|Farigiraf, L50, F|100/100\n|switch|p2a: Jigokudo|Gengar, L50, F, shiny|100/100\n|switch|p2b: Incineroar|Incineroar, L50, F|100/100\n|-ability|p2b: Incineroar|Intimidate|boost\n|-unboost|p1a: Whimsicott|atk|1\n|-unboost|p1b: Farigiraf|atk|1\n|turn|1\n|\n|t:|1776213625\n|detailschange|p2a: Jigokudo|Gengar-Mega, L50, F, shiny\n|-mega|p2a: Jigokudo|Gengar|Gengarite\n|move|p1a: Whimsicott|Tailwind|p1a: Whimsicott\n|-sidestart|p1: wattrelfan18|move: Tailwind\n|move|p2a: Jigokudo|Perish Song|p2a: Jigokudo\n|-start|p1a: Whimsicott|perish3|[silent]\n|-start|p1b: Farigiraf|perish3|[silent]\n|-start|p2a: Jigokudo|perish3|[silent]\n|-start|p2b: Incineroar|perish3|[silent]\n|-fieldactivate|move: Perish Song\n|move|p1b: Farigiraf|Thunder|p2a: Jigokudo\n|-damage|p2a: Jigokudo|59/100\n|move|p2b: Incineroar|Parting Shot|p1b: Farigiraf\n|-unboost|p1b: Farigiraf|atk|1\n|-unboost|p1b: Farigiraf|spa|1\n|\n|t:|1776213638\n|switch|p2b: Tyranitar|Tyranitar, L50, F|100/100|[from] Parting Shot\n|-weather|Sandstorm|[from] ability: Sand Stream|[of] p2b: Tyranitar\n|\n|-weather|Sandstorm|[upkeep]\n|-damage|p1a: Whimsicott|95/100|[from] Sandstorm\n|-damage|p2a: Jigokudo|53/100|[from] Sandstorm\n|-damage|p1b: Farigiraf|94/100|[from] Sandstorm\n|-start|p1a: Whimsicott|perish3\n|-start|p2a: Jigokudo|perish3\n|-start|p1b: Farigiraf|perish3\n|upkeep\n|turn|2\n|\n|t:|1776213666\n|switch|p2b: Incineroar|Incineroar, L50, F|100/100\n|-ability|p2b: Incineroar|Intimidate|boost\n|-unboost|p1a: Whimsicott|atk|1\n|-unboost|p1b: Farigiraf|atk|1\n|move|p2a: Jigokudo|Protect|p2a: Jigokudo\n|-singleturn|p2a: Jigokudo|Protect\n|move|p1a: Whimsicott|Memento|p2b: Incineroar\n|-hint|Since gen 7, Dark is immune to Prankster moves.\n|-immune|p2b: Incineroar\n|move|p1b: Farigiraf|Thunder|p2a: Jigokudo\n|-activate|p2a: Jigokudo|move: Protect\n|\n|-weather|Sandstorm|[upkeep]\n|-damage|p1a: Whimsicott|89/100|[from] Sandstorm\n|-damage|p2a: Jigokudo|47/100|[from] Sandstorm\n|-damage|p1b: Farigiraf|88/100|[from] Sandstorm\n|-damage|p2b: Incineroar|95/100|[from] Sandstorm\n|-start|p1a: Whimsicott|perish2\n|-start|p2a: Jigokudo|perish2\n|-start|p1b: Farigiraf|perish2\n|upkeep\n|turn|3\n|\n|t:|1776213708\n|switch|p2a: Tyranitar|Tyranitar, L50, F|100/100\n|move|p1a: Whimsicott|Hurricane|p2a: Tyranitar|[miss]\n|-miss|p1a: Whimsicott|p2a: Tyranitar\n|move|p1b: Farigiraf|Thunder|p2a: Tyranitar|[miss]\n|-miss|p1b: Farigiraf|p2a: Tyranitar\n|move|p2b: Incineroar|Parting Shot|p1b: Farigiraf\n|-unboost|p1b: Farigiraf|atk|1\n|-unboost|p1b: Farigiraf|spa|1\n|\n|t:|1776213718\n|switch|p2b: Jigokudo|Gengar-Mega, L50, F, shiny|47/100|[from] Parting Shot\n|\n|-weather|Sandstorm|[upkeep]\n|-damage|p1a: Whimsicott|83/100|[from] Sandstorm\n|-damage|p2b: Jigokudo|41/100|[from] Sandstorm\n|-damage|p1b: Farigiraf|82/100|[from] Sandstorm\n|-start|p1a: Whimsicott|perish1\n|-start|p1b: Farigiraf|perish1\n|upkeep\n|turn|4\n|\n|t:|1776213734\n|switch|p2a: Incineroar|Incineroar, L50, F|95/100\n|-ability|p2a: Incineroar|Intimidate|boost\n|-unboost|p1a: Whimsicott|atk|1\n|-unboost|p1b: Farigiraf|atk|1\n|move|p2b: Jigokudo|Protect|p2b: Jigokudo\n|-singleturn|p2b: Jigokudo|Protect\n|move|p1a: Whimsicott|Memento|p2b: Jigokudo\n|-activate|p2b: Jigokudo|move: Protect\n|move|p1b: Farigiraf|Energy Ball|p2a: Incineroar\n|-resisted|p2a: Incineroar|1\n|-damage|p2a: Incineroar|89/100\n|\n|-weather|Sandstorm|[upkeep]\n|-damage|p1a: Whimsicott|77/100|[from] Sandstorm\n|-damage|p2b: Jigokudo|35/100|[from] Sandstorm\n|-damage|p1b: Farigiraf|76/100|[from] Sandstorm\n|-damage|p2a: Incineroar|83/100|[from] Sandstorm\n|-start|p1a: Whimsicott|perish0\n|-start|p1b: Farigiraf|perish0\n|-sideend|p1: wattrelfan18|move: Tailwind\n|faint|p1a: Whimsicott\n|faint|p1b: Farigiraf\n|upkeep\n|\n|t:|1776213737\n|switch|p1a: Emboar|Emboar, L50, M|100/100\n|switch|p1b: Milotic|Milotic, L50, F|100/100\n|turn|5\n|\n|t:|1776213771\n|detailschange|p1a: Emboar|Emboar-Mega, L50, M\n|-mega|p1a: Emboar|Emboar|Emboarite\n|-ability|p1a: Emboar|Mold Breaker\n|move|p2a: Incineroar|Fake Out|p1a: Emboar\n|-damage|p1a: Emboar|91/100\n|move|p2b: Jigokudo|Perish Song|p2b: Jigokudo\n|-start|p1a: Emboar|perish3|[silent]\n|-start|p1b: Milotic|perish3|[silent]\n|-start|p2a: Incineroar|perish3|[silent]\n|-start|p2b: Jigokudo|perish3|[silent]\n|-fieldactivate|move: Perish Song\n|move|p1b: Milotic|Weather Ball|p2b: Jigokudo\n|-damage|p2b: Jigokudo|7/100\n|cant|p1a: Emboar|flinch\n|\n|-weather|none\n|-start|p2b: Jigokudo|perish3\n|-start|p1b: Milotic|perish3\n|-start|p1a: Emboar|perish3\n|-start|p2a: Incineroar|perish3\n|upkeep\n|turn|6\n|\n|t:|1776213799\n|move|p2b: Jigokudo|Protect|p2b: Jigokudo\n|-singleturn|p2b: Jigokudo|Protect\n|move|p1b: Milotic|Scald|p2b: Jigokudo\n|-activate|p2b: Jigokudo|move: Protect\n|move|p1a: Emboar|Hammer Arm|p2a: Incineroar\n|-supereffective|p2a: Incineroar|1\n|-damage|p2a: Incineroar|0 fnt\n|-unboost|p1a: Emboar|spe|1\n|faint|p2a: Incineroar\n|\n|-start|p2b: Jigokudo|perish2\n|-start|p1b: Milotic|perish2\n|-start|p1a: Emboar|perish2\n|upkeep\n|\n|t:|1776213814\n|switch|p2a: Sinistcha|Sinistcha-Masterpiece, L50|100/100\n|-heal|p2b: Jigokudo|32/100|[from] ability: Hospitality|[of] p2a: Sinistcha\n|turn|7\n|\n|t:|1776213825\n|move|p2a: Sinistcha|Protect|p2a: Sinistcha\n|-singleturn|p2a: Sinistcha|Protect\n|move|p2b: Jigokudo|Substitute|p2b: Jigokudo\n|-start|p2b: Jigokudo|Substitute\n|-damage|p2b: Jigokudo|7/100\n|move|p1b: Milotic|Ice Beam|p2a: Sinistcha\n|-activate|p2a: Sinistcha|move: Protect\n|move|p1a: Emboar|Burn Up|p2a: Sinistcha\n|-activate|p2a: Sinistcha|move: Protect\n|\n|-start|p2b: Jigokudo|perish1\n|-start|p1b: Milotic|perish1\n|-start|p1a: Emboar|perish1\n|upkeep\n|turn|8\n|\n|t:|1776213847\n|move|p2b: Jigokudo|Protect|p2b: Jigokudo\n|-singleturn|p2b: Jigokudo|Protect\n|move|p1b: Milotic|Ice Beam|p2a: Sinistcha\n|-supereffective|p2a: Sinistcha|1\n|-damage|p2a: Sinistcha|61/100\n|move|p2a: Sinistcha|Life Dew|p2a: Sinistcha|[spread] p2a,p2b\n|-heal|p2a: Sinistcha|86/100\n|-heal|p2b: Jigokudo|32/100\n|move|p1a: Emboar|Head Smash|p2a: Sinistcha\n|-crit|p2a: Sinistcha\n|-damage|p2a: Sinistcha|21/100\n|-enditem|p2a: Sinistcha|Sitrus Berry|[eat]\n|-heal|p2a: Sinistcha|46/100|[from] item: Sitrus Berry\n|-damage|p1a: Emboar|65/100|[from] Recoil\n|\n|-start|p2b: Jigokudo|perish0\n|-start|p1b: Milotic|perish0\n|-start|p1a: Emboar|perish0\n|faint|p2b: Jigokudo\n|faint|p1b: Milotic\n|faint|p1a: Emboar\n|\n|win|slothgameplay\n|raw|wattrelfan18's rating: 1047 &rarr; <strong>1034</strong><br />(-13 for losing)\n|raw|slothgameplay's rating: 1125 &rarr; <strong>1144</strong><br />(+19 for winning)\n",
  "uploadtime": 1776213847,
  "views": 14,
  "formatid": "gen9championsvgc2026regma",
  "rating": 1034,
  "private": 0,
  "password": null
}