{
  "id": "gen9championsvgc2026regma-2585427651",
  "format": "[Gen 9 Champions] VGC 2026 Reg M-A",
  "players": [
    "nakoharuno",
    "Fatanga"
  ],
  "log": "|j|\u2606nakoharuno\n|j|\u2606Fatanga\n|t:|1776346580\n|gametype|doubles\n|player|p1|nakoharuno|dawn|1067\n|player|p2|Fatanga|101|1102\n|gen|9\n|tier|[Gen 9 Champions] VGC 2026 Reg M-A\n|rated|\n|rule|Species Clause: Limit one of each Pok\u00e9mon\n|rule|Item Clause: Limit 1 of each item\n|clearpoke\n|poke|p1|Floette-Eternal, L50, F|\n|poke|p1|Garchomp, L50, M|\n|poke|p1|Gengar, L50, F|\n|poke|p1|Corviknight, L50, M|\n|poke|p1|Rotom-Frost, L50|\n|poke|p1|Ninetales-Alola, L50, F|\n|poke|p2|Sneasler, L50, F|\n|poke|p2|Froslass, L50, F|\n|poke|p2|Ditto, L50|\n|poke|p2|Garchomp, L50, M|\n|poke|p2|Kingambit, L50, F|\n|poke|p2|Volcarona, L50, M|\n|teampreview|4\n|\n|t:|1776346617\n|teamsize|p1|4\n|teamsize|p2|4\n|start\n|switch|p1a: Rainha|Gengar, L50, F, shiny|100/100\n|switch|p1b: Itachi Uchiha|Corviknight, L50, M, shiny|100/100\n|switch|p2a: Sneasler|Sneasler, L50, F|100/100\n|switch|p2b: Froslass|Froslass, L50, F|100/100\n|turn|1\n|\n|t:|1776346655\n|switch|p2b: Volcarona|Volcarona, L50, M|100/100\n|detailschange|p1a: Rainha|Gengar-Mega, L50, F, shiny\n|-mega|p1a: Rainha|Gengar|Gengarite\n|move|p1b: Itachi Uchiha|Protect|p1b: Itachi Uchiha\n|-singleturn|p1b: Itachi Uchiha|Protect\n|move|p2a: Sneasler|Fake Out|p1b: Itachi Uchiha\n|-activate|p1b: Itachi Uchiha|move: Protect\n|move|p1a: Rainha|Shadow Ball|p2b: Volcarona\n|-damage|p2b: Volcarona|45/100\n|-unboost|p2b: Volcarona|spd|1\n|\n|upkeep\n|turn|2\n|\n|t:|1776346688\n|move|p1a: Rainha|Shadow Ball|p2b: Volcarona\n|-damage|p2b: Volcarona|0 fnt\n|faint|p2b: Volcarona\n|move|p2a: Sneasler|Close Combat|p1b: Itachi Uchiha\n|-damage|p1b: Itachi Uchiha|48/100\n|-unboost|p2a: Sneasler|def|1\n|-unboost|p2a: Sneasler|spd|1\n|-enditem|p1b: Itachi Uchiha|Sitrus Berry|[eat]\n|-heal|p1b: Itachi Uchiha|73/100|[from] item: Sitrus Berry\n|move|p1b: Itachi Uchiha|Iron Defense|p1b: Itachi Uchiha\n|-boost|p1b: Itachi Uchiha|def|2\n|\n|upkeep\n|\n|t:|1776346700\n|switch|p2b: Ditto|Ditto, L50|100/100\n|-transform|p2b: Ditto|p1a: Rainha|[from] ability: Imposter\n|turn|3\n|\n|t:|1776346724\n|move|p2b: Ditto|Shadow Ball|p1a: Rainha\n|-supereffective|p1a: Rainha|1\n|-damage|p1a: Rainha|0 fnt\n|faint|p1a: Rainha\n|move|p2a: Sneasler|Close Combat|p1b: Itachi Uchiha\n|-damage|p1b: Itachi Uchiha|50/100\n|-unboost|p2a: Sneasler|def|1\n|-unboost|p2a: Sneasler|spd|1\n|move|p1b: Itachi Uchiha|Tailwind|p1b: Itachi Uchiha\n|-sidestart|p1: nakoharuno|move: Tailwind\n|\n|upkeep\n|\n|t:|1776346736\n|switch|p1a: Forpu|Garchomp, L50, M|100/100\n|turn|4\n|\n|t:|1776346768\n|move|p2b: Ditto|Protect|p2b: Ditto\n|-singleturn|p2b: Ditto|Protect\n|move|p1a: Forpu|Earthquake|p2b: Ditto|[spread] p2a\n|-activate|p2b: Ditto|move: Protect\n|-immune|p1b: Itachi Uchiha\n|-supereffective|p2a: Sneasler|1\n|-damage|p2a: Sneasler|0 fnt\n|faint|p2a: Sneasler\n|move|p1b: Itachi Uchiha|Body Press|p2b: Ditto\n|-activate|p2b: Ditto|move: Protect\n|\n|upkeep\n|\n|t:|1776346779\n|switch|p2a: Froslass|Froslass, L50, F|100/100\n|turn|5\n|\n|t:|1776346802\n|detailschange|p2a: Froslass|Froslass-Mega, L50, F\n|-mega|p2a: Froslass|Froslass|Froslassite\n|-weather|Snowscape|[from] ability: Snow Warning|[of] p2a: Froslass\n|move|p1b: Itachi Uchiha|Protect|p1b: Itachi Uchiha\n|-singleturn|p1b: Itachi Uchiha|Protect\n|move|p1a: Forpu|Earthquake|p2a: Froslass|[spread] p2a,p2b\n|-activate|p1b: Itachi Uchiha|move: Protect\n|-supereffective|p2b: Ditto|1\n|-damage|p2a: Froslass|57/100\n|-enditem|p2b: Ditto|Focus Sash\n|-damage|p2b: Ditto|1/100\n|move|p2b: Ditto|Shadow Ball|p1a: Forpu\n|-damage|p1a: Forpu|46/100\n|-unboost|p1a: Forpu|spd|1\n|move|p2a: Froslass|Blizzard|p1b: Itachi Uchiha|[spread] p1a\n|-activate|p1b: Itachi Uchiha|move: Protect\n|-supereffective|p1a: Forpu|2\n|-damage|p1a: Forpu|0 fnt\n|faint|p1a: Forpu\n|\n|-weather|Snowscape|[upkeep]\n|upkeep\n|\n|t:|1776346825\n|switch|p1a: Noplda|Ninetales-Alola, L50, F, shiny|100/100\n|turn|6\n|\n|t:|1776346837\n|move|p1b: Itachi Uchiha|Protect|p1b: Itachi Uchiha\n|-singleturn|p1b: Itachi Uchiha|Protect\n|move|p2b: Ditto|Protect|p2b: Ditto\n|-singleturn|p2b: Ditto|Protect\n|move|p2a: Froslass|Protect|p2a: Froslass\n|-singleturn|p2a: Froslass|Protect\n|move|p1a: Noplda|Blizzard|p2a: Froslass|[spread] \n|-activate|p2a: Froslass|move: Protect\n|-activate|p2b: Ditto|move: Protect\n|\n|-weather|Snowscape|[upkeep]\n|-sideend|p1: nakoharuno|move: Tailwind\n|upkeep\n|turn|7\n|\n|t:|1776346858\n|move|p2b: Ditto|Sludge Bomb|p1a: Noplda\n|-supereffective|p1a: Noplda|1\n|-enditem|p1a: Noplda|Focus Sash\n|-damage|p1a: Noplda|1/100\n|-status|p1a: Noplda|psn\n|move|p2a: Froslass|Blizzard|p1a: Noplda|[spread] p1a,p1b\n|-resisted|p1a: Noplda|1\n|-damage|p1a: Noplda|0 fnt\n|-damage|p1b: Itachi Uchiha|6/100\n|faint|p1a: Noplda\n|move|p1b: Itachi Uchiha|Body Press|p2b: Ditto\n|-immune|p2b: Ditto\n|\n|-weather|Snowscape|[upkeep]\n|upkeep\n|turn|8\n|\n|t:|1776346876\n|move|p1b: Itachi Uchiha|Protect|p1b: Itachi Uchiha\n|-singleturn|p1b: Itachi Uchiha|Protect\n|move|p2b: Ditto|Shadow Ball|p1b: Itachi Uchiha\n|-activate|p1b: Itachi Uchiha|move: Protect\n|move|p2a: Froslass|Blizzard|p1b: Itachi Uchiha\n|-activate|p1b: Itachi Uchiha|move: Protect\n|\n|-weather|Snowscape|[upkeep]\n|upkeep\n|turn|9\n|-message|nakoharuno forfeited.\n|\n|win|Fatanga\n|raw|nakoharuno's rating: 1067 &rarr; <strong>1049</strong><br />(-18 for losing)\n|raw|Fatanga's rating: 1102 &rarr; <strong>1124</strong><br />(+22 for winning)\n|l|\u2606nakoharuno\n|player|p1|\n",
  "uploadtime": 1776346939,
  "views": 30,
  "formatid": "gen9championsvgc2026regma",
  "rating": 1049,
  "private": 0,
  "password": null
}