{
  "id": "gen9championsvgc2026regma-2585285887",
  "format": "[Gen 9 Champions] VGC 2026 Reg M-A",
  "players": [
    "penetano",
    "Ice.Zeuqs"
  ],
  "log": "|j|\u2606penetano\n|j|\u2606Ice.Zeuqs\n|t:|1776333891\n|gametype|doubles\n|player|p1|penetano|n|1111\n|player|p2|Ice.Zeuqs|1|1186\n|gen|9\n|tier|[Gen 9 Champions] VGC 2026 Reg M-A\n|rated|\n|rule|Species Clause: Limit one of each Pok\u00e9mon\n|rule|Item Clause: Limit 1 of each item\n|clearpoke\n|poke|p1|Tyranitar, L50, M|\n|poke|p1|Excadrill, L50, F|\n|poke|p1|Corviknight, L50, M|\n|poke|p1|Gardevoir, L50, F|\n|poke|p1|Incineroar, L50, M|\n|poke|p1|Basculegion, L50, M|\n|poke|p2|Dragonite, L50, M|\n|poke|p2|Pelipper, L50, F|\n|poke|p2|Archaludon, L50, M|\n|poke|p2|Sneasler, L50, M|\n|poke|p2|Incineroar, L50, M|\n|poke|p2|Hydreigon, L50, M|\n|teampreview|4\n|inactive|Battle timer is ON: inactive players will automatically lose when time's up. (requested by Ice.Zeuqs)\n|inactive|Ice.Zeuqs has 60 seconds left.\n|inactive|penetano has 60 seconds left.\n|\n|t:|1776333929\n|teamsize|p1|4\n|teamsize|p2|4\n|start\n|switch|p1a: Incineroar|Incineroar, L50, M|100/100\n|switch|p1b: Tyranitar|Tyranitar, L50, M, shiny|100/100\n|switch|p2a: Archaludon|Archaludon, L50, M|100/100\n|switch|p2b: Incineroar|Incineroar, L50, M|100/100\n|-ability|p1a: Incineroar|Intimidate|boost\n|-unboost|p2a: Archaludon|atk|1\n|-unboost|p2b: Incineroar|atk|1\n|-ability|p2b: Incineroar|Intimidate|boost\n|-unboost|p1a: Incineroar|atk|1\n|-unboost|p1b: Tyranitar|atk|1\n|-weather|Sandstorm|[from] ability: Sand Stream|[of] p1b: Tyranitar\n|turn|1\n|inactive|Ice.Zeuqs has 30 seconds left.\n|\n|t:|1776333957\n|move|p1a: Incineroar|Fake Out|p2a: Archaludon\n|-resisted|p2a: Archaludon|1\n|-crit|p2a: Archaludon\n|-damage|p2a: Archaludon|95/100\n|-ability|p2a: Archaludon|Stamina|boost\n|-boost|p2a: Archaludon|def|1\n|cant|p2a: Archaludon|flinch\n|move|p2b: Incineroar|Parting Shot|p1b: Tyranitar\n|-unboost|p1b: Tyranitar|atk|1\n|-unboost|p1b: Tyranitar|spa|1\n|\n|t:|1776333970\n|switch|p2b: Sneasler|Sneasler, L50, M|100/100|[from] Parting Shot\n|move|p1b: Tyranitar|Rock Slide|p2a: Archaludon|[spread] p2a,p2b\n|-resisted|p2a: Archaludon|1\n|-resisted|p2b: Sneasler|1\n|-damage|p2a: Archaludon|91/100\n|-damage|p2b: Sneasler|87/100\n|-ability|p2a: Archaludon|Stamina|boost\n|-boost|p2a: Archaludon|def|1\n|\n|-weather|Sandstorm|[upkeep]\n|-damage|p2b: Sneasler|81/100|[from] Sandstorm\n|-damage|p1a: Incineroar|95/100|[from] Sandstorm\n|-heal|p2a: Archaludon|97/100|[from] item: Leftovers\n|upkeep\n|turn|2\n|inactive|penetano has 30 seconds left.\n|\n|t:|1776334004\n|switch|p1b: Basculegion|Basculegion, L50, M|100/100\n|move|p2b: Sneasler|Fake Out|p1a: Incineroar\n|-damage|p1a: Incineroar|81/100\n|move|p2a: Archaludon|Flash Cannon|p1b: Basculegion\n|-resisted|p1b: Basculegion|1\n|-damage|p1b: Basculegion|85/100\n|cant|p1a: Incineroar|flinch\n|\n|-weather|Sandstorm|[upkeep]\n|-damage|p1b: Basculegion|78/100|[from] Sandstorm\n|-damage|p2b: Sneasler|75/100|[from] Sandstorm\n|-damage|p1a: Incineroar|75/100|[from] Sandstorm\n|-heal|p2a: Archaludon|100/100|[from] item: Leftovers\n|upkeep\n|turn|3\n|\n|t:|1776334027\n|move|p2b: Sneasler|Protect|p2b: Sneasler\n|-singleturn|p2b: Sneasler|Protect\n|move|p1b: Basculegion|Wave Crash|p2b: Sneasler\n|-activate|p2b: Sneasler|move: Protect\n|move|p2a: Archaludon|Dragon Pulse|p1b: Basculegion\n|-damage|p1b: Basculegion|41/100\n|move|p1a: Incineroar|Parting Shot|p2a: Archaludon\n|-unboost|p2a: Archaludon|atk|1\n|-unboost|p2a: Archaludon|spa|1\n|\n|t:|1776334038\n|switch|p1a: Excadrill|Excadrill, L50, F|100/100|[from] Parting Shot\n|\n|-weather|Sandstorm|[upkeep]\n|-damage|p1b: Basculegion|35/100|[from] Sandstorm\n|-damage|p2b: Sneasler|70/100|[from] Sandstorm\n|upkeep\n|turn|4\n|\n|t:|1776334047\n|switch|p2b: Incineroar|Incineroar, L50, M|100/100\n|-ability|p2b: Incineroar|Intimidate|boost\n|-unboost|p1a: Excadrill|atk|1\n|-unboost|p1b: Basculegion|atk|1\n|move|p1a: Excadrill|High Horsepower|p2a: Archaludon\n|-supereffective|p2a: Archaludon|1\n|-damage|p2a: Archaludon|72/100\n|-ability|p2a: Archaludon|Stamina|boost\n|-boost|p2a: Archaludon|def|1\n|move|p1b: Basculegion|Wave Crash|p2b: Incineroar\n|-supereffective|p2b: Incineroar|1\n|-damage|p2b: Incineroar|49/100\n|-damage|p1b: Basculegion|20/100|[from] Recoil\n|move|p2a: Archaludon|Dragon Pulse|p1b: Basculegion\n|-damage|p1b: Basculegion|0 fnt\n|faint|p1b: Basculegion\n|\n|-weather|Sandstorm|[upkeep]\n|-damage|p2b: Incineroar|43/100|[from] Sandstorm\n|-heal|p2a: Archaludon|78/100|[from] item: Leftovers\n|upkeep\n|\n|t:|1776334065\n|switch|p1b: Incineroar|Incineroar, L50, M|75/100\n|-ability|p1b: Incineroar|Intimidate|boost\n|-unboost|p2a: Archaludon|atk|1\n|-unboost|p2b: Incineroar|atk|1\n|turn|5\n|\n|t:|1776334078\n|switch|p2b: Pelipper|Pelipper, L50, F|100/100\n|-weather|RainDance|[from] ability: Drizzle|[of] p2b: Pelipper\n|move|p1b: Incineroar|Fake Out|p2b: Pelipper\n|-damage|p2b: Pelipper|89/100\n|move|p1a: Excadrill|High Horsepower|p2a: Archaludon\n|-supereffective|p2a: Archaludon|1\n|-damage|p2a: Archaludon|57/100\n|-ability|p2a: Archaludon|Stamina|boost\n|-boost|p2a: Archaludon|def|1\n|move|p2a: Archaludon|Electro Shot||[still]\n|-prepare|p2a: Archaludon|Electro Shot\n|-boost|p2a: Archaludon|spa|1\n|-anim|p2a: Archaludon|Electro Shot|p1b: Incineroar\n|-damage|p1b: Incineroar|43/100\n|-enditem|p1b: Incineroar|Sitrus Berry|[eat]\n|-heal|p1b: Incineroar|68/100|[from] item: Sitrus Berry\n|\n|-weather|RainDance|[upkeep]\n|-heal|p2a: Archaludon|63/100|[from] item: Leftovers\n|upkeep\n|turn|6\n|inactive|penetano has 30 seconds left.\n|\n|t:|1776334108\n|switch|p1b: Tyranitar|Tyranitar, L50, M, shiny|100/100\n|-weather|Sandstorm|[from] ability: Sand Stream|[of] p1b: Tyranitar\n|move|p1a: Excadrill|High Horsepower|p2a: Archaludon\n|-supereffective|p2a: Archaludon|1\n|-damage|p2a: Archaludon|44/100\n|-ability|p2a: Archaludon|Stamina|boost\n|-boost|p2a: Archaludon|def|1\n|move|p2b: Pelipper|Surf|p1a: Excadrill|[spread] p2a,p1a,p1b\n|-resisted|p2a: Archaludon|1\n|-crit|p2a: Archaludon\n|-supereffective|p1a: Excadrill|1\n|-supereffective|p1b: Tyranitar|1\n|-damage|p2a: Archaludon|29/100\n|-damage|p1a: Excadrill|35/100\n|-damage|p1b: Tyranitar|79/100\n|-ability|p2a: Archaludon|Stamina|boost\n|-boost|p2a: Archaludon|def|1\n|move|p2a: Archaludon|Dragon Pulse|p1b: Tyranitar\n|-damage|p1b: Tyranitar|59/100\n|\n|-weather|Sandstorm|[upkeep]\n|-damage|p2b: Pelipper|83/100|[from] Sandstorm\n|-heal|p2a: Archaludon|36/100|[from] item: Leftovers\n|upkeep\n|turn|7\n|inactive|penetano has 30 seconds left.\n|inactive|penetano has 20 seconds left.\n|\n|t:|1776334145\n|switch|p2b: Incineroar|Incineroar, L50, M|43/100\n|-ability|p2b: Incineroar|Intimidate|boost\n|-unboost|p1a: Excadrill|atk|1\n|-unboost|p1b: Tyranitar|atk|1\n|detailschange|p1b: Tyranitar|Tyranitar-Mega, L50, M, shiny\n|-mega|p1b: Tyranitar|Tyranitar|Tyranitarite\n|move|p1a: Excadrill|High Horsepower|p2a: Archaludon\n|-supereffective|p2a: Archaludon|1\n|-damage|p2a: Archaludon|23/100\n|move|p2a: Archaludon|Flash Cannon|p1b: Tyranitar\n|-supereffective|p1b: Tyranitar|1\n|-damage|p1b: Tyranitar|27/100\n|move|p1b: Tyranitar|Rock Slide|p2a: Archaludon|[spread] p2a\n|-miss|p1b: Tyranitar|p2b: Incineroar\n|-resisted|p2a: Archaludon|1\n|-damage|p2a: Archaludon|21/100\n|\n|-weather|Sandstorm|[upkeep]\n|-damage|p2b: Incineroar|37/100|[from] Sandstorm\n|-heal|p2a: Archaludon|27/100|[from] item: Leftovers\n|upkeep\n|turn|8\n|\n|t:|1776334167\n|move|p2b: Incineroar|Fake Out|p1a: Excadrill\n|-resisted|p1a: Excadrill|1\n|-damage|p1a: Excadrill|28/100\n|cant|p1a: Excadrill|flinch\n|move|p2a: Archaludon|Flash Cannon|p1b: Tyranitar\n|-supereffective|p1b: Tyranitar|1\n|-damage|p1b: Tyranitar|0 fnt\n|faint|p1b: Tyranitar\n|\n|-weather|Sandstorm|[upkeep]\n|-damage|p2b: Incineroar|31/100|[from] Sandstorm\n|-heal|p2a: Archaludon|33/100|[from] item: Leftovers\n|upkeep\n|\n|t:|1776334175\n|switch|p1b: Incineroar|Incineroar, L50, M|68/100\n|-ability|p1b: Incineroar|Intimidate|boost\n|-unboost|p2a: Archaludon|atk|1\n|-unboost|p2b: Incineroar|atk|1\n|turn|9\n|\n|t:|1776334199\n|switch|p2b: Pelipper|Pelipper, L50, F|83/100\n|-weather|RainDance|[from] ability: Drizzle|[of] p2b: Pelipper\n|move|p2a: Archaludon|Protect|p2a: Archaludon\n|-singleturn|p2a: Archaludon|Protect\n|move|p1a: Excadrill|Rock Slide|p2a: Archaludon|[spread] p2b\n|-activate|p2a: Archaludon|move: Protect\n|-supereffective|p2b: Pelipper|1\n|-damage|p2b: Pelipper|62/100\n|move|p1b: Incineroar|Darkest Lariat|p2a: Archaludon\n|-activate|p2a: Archaludon|move: Protect\n|\n|-weather|RainDance|[upkeep]\n|-heal|p2a: Archaludon|40/100|[from] item: Leftovers\n|upkeep\n|turn|10\n|inactive|penetano has 30 seconds left.\n|\n|t:|1776334225\n|move|p1a: Excadrill|Rock Slide|p2b: Pelipper|[spread] p2a,p2b\n|-resisted|p2a: Archaludon|1\n|-supereffective|p2b: Pelipper|1\n|-damage|p2a: Archaludon|39/100\n|-damage|p2b: Pelipper|39/100\n|move|p2b: Pelipper|Hurricane|p1a: Excadrill\n|-resisted|p1a: Excadrill|1\n|-damage|p1a: Excadrill|0 fnt\n|faint|p1a: Excadrill\n|move|p2a: Archaludon|Electro Shot||[still]\n|-prepare|p2a: Archaludon|Electro Shot\n|-boost|p2a: Archaludon|spa|1\n|-anim|p2a: Archaludon|Electro Shot|p1b: Incineroar\n|-damage|p1b: Incineroar|20/100\n|move|p1b: Incineroar|Darkest Lariat|p2a: Archaludon\n|-damage|p2a: Archaludon|14/100\n|\n|-weather|RainDance|[upkeep]\n|-heal|p2a: Archaludon|20/100|[from] item: Leftovers\n|upkeep\n|turn|11\n|\n|t:|1776334244\n|move|p2b: Pelipper|Hurricane|p1b: Incineroar\n|-damage|p1b: Incineroar|0 fnt\n|faint|p1b: Incineroar\n|\n|win|Ice.Zeuqs\n|raw|penetano's rating: 1111 &rarr; <strong>1091</strong><br />(-20 for losing)\n|raw|Ice.Zeuqs's rating: 1186 &rarr; <strong>1206</strong><br />(+20 for winning)\n|l|\u2606penetano\n|player|p1|\n",
  "uploadtime": 1776334257,
  "views": 18,
  "formatid": "gen9championsvgc2026regma",
  "rating": 1091,
  "private": 0,
  "password": null
}