{
  "id": "gen9championsvgc2026regma-2581871169",
  "format": "[Gen 9 Champions] VGC 2026 Reg M-A",
  "players": [
    "goatdolphin",
    "milk salt"
  ],
  "log": "|j|\u2606goatdolphin\n|j|\u2606milk salt\n|t:|1776035417\n|gametype|doubles\n|player|p1|goatdolphin|miku-water|1347\n|player|p2|milk salt|akari|1330\n|gen|9\n|tier|[Gen 9 Champions] VGC 2026 Reg M-A\n|rated|\n|rule|Species Clause: Limit one of each Pok\u00e9mon\n|rule|Item Clause: Limit 1 of each item\n|clearpoke\n|poke|p1|Kingambit, L50, M|\n|poke|p1|Incineroar, L50, F|\n|poke|p1|Primarina, L50, F|\n|poke|p1|Farigiraf, L50, M|\n|poke|p1|Crabominable, L50, M|\n|poke|p1|Trevenant, L50, F|\n|poke|p2|Abomasnow, L50, M|\n|poke|p2|Cofagrigus, L50, M|\n|poke|p2|Tyranitar, L50, M|\n|poke|p2|Excadrill, L50, M|\n|poke|p2|Aegislash, L50, M|\n|poke|p2|Beartic, L50, M|\n|teampreview|4\n|inactive|Battle timer is ON: inactive players will automatically lose when time's up. (requested by milk salt)\nmilk salt rejected open team sheets.\n|inactive|goatdolphin has 60 seconds left.\n|\n|t:|1776035457\n|teamsize|p1|4\n|teamsize|p2|4\n|start\n|switch|p1a: Incineroar|Incineroar, L50, F|100/100\n|switch|p1b: Farigiraf|Farigiraf, L50, M|100/100\n|switch|p2a: Abomasnow|Abomasnow, L50, M, shiny|100/100\n|switch|p2b: Beartic|Beartic, L50, M|100/100\n|-weather|Snowscape|[from] ability: Snow Warning|[of] p2a: Abomasnow\n|-ability|p1a: Incineroar|Intimidate|boost\n|-unboost|p2a: Abomasnow|atk|1\n|-unboost|p2b: Beartic|atk|1\n|turn|1\n|\n|t:|1776035470\n|detailschange|p2a: Abomasnow|Abomasnow-Mega, L50, M, shiny\n|-mega|p2a: Abomasnow|Abomasnow|Abomasite\n|move|p1a: Incineroar|Fake Out|p2b: Beartic\n|-damage|p2b: Beartic|89/100\n|cant|p2b: Beartic|flinch\n|move|p2a: Abomasnow|Earth Power|p1a: Incineroar\n|-supereffective|p1a: Incineroar|1\n|-damage|p1a: Incineroar|35/100\n|move|p1b: Farigiraf|Trick Room|p1b: Farigiraf\n|-fieldstart|move: Trick Room|[of] p1b: Farigiraf\n|\n|-weather|Snowscape|[upkeep]\n|upkeep\n|turn|2\n|\n|t:|1776035484\n|switch|p1b: Kingambit|Kingambit, L50, M|100/100\n|switch|p2b: Cofagrigus|Cofagrigus, L50, M, shiny|100/100\n|move|p2a: Abomasnow|Earth Power|p1a: Incineroar\n|-supereffective|p1a: Incineroar|1\n|-damage|p1a: Incineroar|0 fnt\n|faint|p1a: Incineroar\n|\n|-weather|Snowscape|[upkeep]\n|upkeep\n|\n|t:|1776035498\n|switch|p1a: Crabominable|Crabominable, L50, M|100/100\n|turn|3\n|\n|t:|1776035511\n|detailschange|p1a: Crabominable|Crabominable-Mega, L50, M\n|-mega|p1a: Crabominable|Crabominable|Crabominite\n|move|p2b: Cofagrigus|Will-O-Wisp|p1b: Kingambit\n|-status|p1b: Kingambit|brn\n|move|p2a: Abomasnow|Energy Ball|p1a: Crabominable\n|-damage|p1a: Crabominable|58/100\n|move|p1a: Crabominable|Drain Punch|p2a: Abomasnow\n|-supereffective|p2a: Abomasnow|1\n|-damage|p2a: Abomasnow|26/100\n|-heal|p1a: Crabominable|94/100|[from] drain|[of] p2a: Abomasnow\n|move|p1b: Kingambit|Kowtow Cleave|p2b: Cofagrigus\n|-supereffective|p2b: Cofagrigus|1\n|-damage|p2b: Cofagrigus|56/100\n|-activate|p2b: Cofagrigus|ability: Mummy|p1b: Kingambit|[ability] Defiant\n|\n|-weather|Snowscape|[upkeep]\n|-damage|p1b: Kingambit|95/100 brn|[from] brn\n|upkeep\n|turn|4\n|\n|t:|1776035535\n|move|p2a: Abomasnow|Protect|p2a: Abomasnow\n|-singleturn|p2a: Abomasnow|Protect\n|move|p1a: Crabominable|Mach Punch|p2a: Abomasnow\n|-activate|p2a: Abomasnow|move: Protect\n|move|p2b: Cofagrigus|Will-O-Wisp|p1a: Crabominable|[miss]\n|-miss|p2b: Cofagrigus|p1a: Crabominable\n|move|p1b: Kingambit|Kowtow Cleave|p2b: Cofagrigus\n|-supereffective|p2b: Cofagrigus|1\n|-damage|p2b: Cofagrigus|10/100\n|-enditem|p2b: Cofagrigus|Sitrus Berry|[eat]\n|-heal|p2b: Cofagrigus|35/100|[from] item: Sitrus Berry\n|\n|-weather|Snowscape|[upkeep]\n|-damage|p1b: Kingambit|89/100 brn|[from] brn\n|upkeep\n|turn|5\n|\n|t:|1776035544\n|move|p2b: Cofagrigus|Ally Switch|p2b: Cofagrigus\n|swap|p2b: Cofagrigus|0|[from] move: Ally Switch\n|move|p2b: Abomasnow|Energy Ball|p1a: Crabominable\n|-damage|p1a: Crabominable|47/100\n|move|p1a: Crabominable|Drain Punch|p2a: Cofagrigus\n|-immune|p2a: Cofagrigus\n|move|p1b: Kingambit|Kowtow Cleave|p2b: Abomasnow\n|-damage|p2b: Abomasnow|10/100\n|\n|-weather|none\n|-damage|p1b: Kingambit|83/100 brn|[from] brn\n|-fieldend|move: Trick Room\n|upkeep\n|turn|6\n|\n|t:|1776035561\n|switch|p2b: Aegislash|Aegislash, L50, M|100/100\n|move|p1a: Crabominable|Mach Punch|p2b: Aegislash\n|-immune|p2b: Aegislash\n|move|p1b: Kingambit|Kowtow Cleave|p2a: Cofagrigus\n|-supereffective|p2a: Cofagrigus|1\n|-damage|p2a: Cofagrigus|0 fnt\n|faint|p2a: Cofagrigus\n|\n|-damage|p1b: Kingambit|77/100 brn|[from] brn\n|upkeep\n|\n|t:|1776035572\n|switch|p2a: Abomasnow|Abomasnow-Mega, L50, M, shiny|10/100\n|-weather|Snowscape|[from] ability: Snow Warning|[of] p2a: Abomasnow\n|turn|7\n|\n|t:|1776035596\n|-formechange|p2b: Aegislash|Aegislash-Blade|\n|move|p2b: Aegislash|Flash Cannon|p1a: Crabominable\n|-supereffective|p1a: Crabominable|1\n|-damage|p1a: Crabominable|0 fnt\n|faint|p1a: Crabominable\n|move|p1b: Kingambit|Kowtow Cleave|p2b: Aegislash\n|-supereffective|p2b: Aegislash|1\n|-damage|p2b: Aegislash|0 fnt\n|faint|p2b: Aegislash\n|move|p2a: Abomasnow|Earth Power|p1b: Kingambit\n|-supereffective|p1b: Kingambit|1\n|-damage|p1b: Kingambit|6/100 brn\n|-unboost|p1b: Kingambit|spd|1\n|\n|-weather|Snowscape|[upkeep]\n|-damage|p1b: Kingambit|0 fnt|[from] brn\n|faint|p1b: Kingambit\n|upkeep\n|\n|t:|1776035607\n|switch|p2b: Beartic|Beartic, L50, M|89/100\n|switch|p1b: Farigiraf|Farigiraf, L50, M|100/100\n|turn|8\n|\n|t:|1776035612\n|move|p2b: Beartic|Icicle Crash|p1b: Farigiraf\n|-damage|p1b: Farigiraf|49/100\n|move|p1b: Farigiraf|Hyper Voice|p2a: Abomasnow|[spread] p2a,p2b\n|-damage|p2a: Abomasnow|0 fnt\n|-damage|p2b: Beartic|50/100\n|faint|p2a: Abomasnow\n|\n|-weather|Snowscape|[upkeep]\n|upkeep\n|turn|9\n|\n|t:|1776035620\n|move|p2b: Beartic|Icicle Crash|p1b: Farigiraf\n|-damage|p1b: Farigiraf|0 fnt\n|faint|p1b: Farigiraf\n|\n|win|milk salt\n|raw|goatdolphin's rating: 1347 &rarr; <strong>1326</strong><br />(-21 for losing)\n|raw|milk salt's rating: 1330 &rarr; <strong>1351</strong><br />(+21 for winning)\n|l|\u2606goatdolphin\n|player|p1|\n",
  "uploadtime": 1776035626,
  "views": 20,
  "formatid": "gen9championsvgc2026regma",
  "rating": 1326,
  "private": 0,
  "password": null
}