{
  "id": "gen9championsvgc2026regma-2583042019",
  "format": "[Gen 9 Champions] VGC 2026 Reg M-A",
  "players": [
    "hoomit",
    "opkil"
  ],
  "log": "|j|\u2606hoomit\n|j|\u2606opkil\n|t:|1776135951\n|gametype|doubles\n|player|p1|hoomit|170|1102\n|player|p2|opkil|266|1122\n|gen|9\n|tier|[Gen 9 Champions] VGC 2026 Reg M-A\n|rated|\n|rule|Species Clause: Limit one of each Pok\u00e9mon\n|rule|Item Clause: Limit 1 of each item\n|clearpoke\n|poke|p1|Volcarona, L50, F|\n|poke|p1|Sinistcha, L50|\n|poke|p1|Quaquaval, L50, F|\n|poke|p1|Milotic, L50, F|\n|poke|p1|Froslass, L50, F|\n|poke|p1|Gengar, L50, M|\n|poke|p2|Floette-Eternal, L50, F|\n|poke|p2|Garchomp, L50, M|\n|poke|p2|Aerodactyl, L50, F|\n|poke|p2|Sneasler, L50, F|\n|poke|p2|Incineroar, L50, F|\n|poke|p2|Sinistcha, L50|\n|teampreview|4\n|inactive|Battle timer is ON: inactive players will automatically lose when time's up. (requested by opkil)\n|\n|t:|1776135983\n|teamsize|p1|4\n|teamsize|p2|4\n|start\n|switch|p1a: Froslass|Froslass, L50, F|100/100\n|switch|p1b: Milotic|Milotic, L50, F|100/100\n|switch|p2a: Incineroar|Incineroar, L50, F|100/100\n|switch|p2b: Sinistcha|Sinistcha, L50|100/100\n|-ability|p2a: Incineroar|Intimidate|boost\n|-unboost|p1a: Froslass|atk|1\n|-unboost|p1b: Milotic|atk|1\n|-ability|p1b: Milotic|Competitive|boost\n|-boost|p1b: Milotic|spa|2\n|turn|1\n|\n|t:|1776135999\n|detailschange|p1a: Froslass|Froslass-Mega, L50, F\n|-mega|p1a: Froslass|Froslass|Froslassite\n|-weather|Snowscape|[from] ability: Snow Warning|[of] p1a: Froslass\n|move|p2a: Incineroar|Fake Out|p1b: Milotic\n|-damage|p1b: Milotic|89/100\n|move|p1a: Froslass|Aurora Veil|p1a: Froslass\n|-sidestart|p1: hoomit|move: Aurora Veil\n|cant|p1b: Milotic|flinch\n|move|p2b: Sinistcha|Trick Room|p2b: Sinistcha\n|-fieldstart|move: Trick Room|[of] p2b: Sinistcha\n|\n|-weather|Snowscape|[upkeep]\n|-heal|p1b: Milotic|95/100|[from] item: Leftovers\n|upkeep\n|turn|2\n|\n|t:|1776136015\n|move|p2a: Incineroar|Flare Blitz|p1a: Froslass\n|-supereffective|p1a: Froslass|1\n|-crit|p1a: Froslass\n|-damage|p1a: Froslass|0 fnt\n|faint|p1a: Froslass\n|-damage|p2a: Incineroar|77/100|[from] Recoil\n|move|p2b: Sinistcha|Matcha Gotcha|p1b: Milotic\n|-supereffective|p1b: Milotic|1\n|-damage|p1b: Milotic|62/100\n|move|p1b: Milotic|Scald|p2a: Incineroar\n|-supereffective|p2a: Incineroar|1\n|-damage|p2a: Incineroar|0 fnt\n|faint|p2a: Incineroar\n|\n|-weather|Snowscape|[upkeep]\n|-heal|p1b: Milotic|68/100|[from] item: Leftovers\n|upkeep\n|c|\u2606hoomit|fuck that stupid bi pedal lion\n|\n|t:|1776136039\n|switch|p2a: Floette|Floette-Eternal, L50, F|100/100\n|switch|p1a: Sinistcha|Sinistcha, L50|100/100\n|-heal|p1b: Milotic|93/100|[from] ability: Hospitality|[of] p1a: Sinistcha\n|turn|3\n|\n|t:|1776136055\n|detailschange|p2a: Floette|Floette-Mega, L50, F\n|-mega|p2a: Floette|Floette|Floettite\n|-ability|p2a: Floette|Fairy Aura\n|move|p2b: Sinistcha|Imprison|p2b: Sinistcha\n|-start|p2b: Sinistcha|move: Imprison\n|cant|p1a: Sinistcha|move: Imprison|Matcha Gotcha\n|move|p1b: Milotic|Ice Beam|p2b: Sinistcha\n|-supereffective|p2b: Sinistcha|1\n|-damage|p2b: Sinistcha|0 fnt\n|faint|p2b: Sinistcha\n|move|p2a: Floette|Calm Mind|p2a: Floette\n|-boost|p2a: Floette|spa|1\n|-boost|p2a: Floette|spd|1\n|\n|-weather|Snowscape|[upkeep]\n|-heal|p1b: Milotic|99/100|[from] item: Leftovers\n|upkeep\n|\n|t:|1776136063\n|switch|p2b: Aerodactyl|Aerodactyl, L50, F|100/100\n|-ability|p2b: Aerodactyl|Unnerve\n|turn|4\n|\n|t:|1776136085\n|move|p2b: Aerodactyl|Protect|p2b: Aerodactyl\n|-singleturn|p2b: Aerodactyl|Protect\n|move|p1a: Sinistcha|Matcha Gotcha|p2b: Aerodactyl|[spread] p2a\n|-activate|p2b: Aerodactyl|move: Protect\n|-damage|p2a: Floette|88/100\n|move|p1b: Milotic|Ice Beam|p2b: Aerodactyl\n|-activate|p2b: Aerodactyl|move: Protect\n|move|p2a: Floette|Moonblast|p1b: Milotic\n|-damage|p1b: Milotic|35/100\n|-unboost|p1b: Milotic|spa|1\n|-ability|p1b: Milotic|Competitive|boost\n|-boost|p1b: Milotic|spa|2\n|\n|-weather|Snowscape|[upkeep]\n|-heal|p1b: Milotic|41/100|[from] item: Leftovers\n|upkeep\n|turn|5\n|\n|t:|1776136102\n|move|p1b: Milotic|Protect|p1b: Milotic\n|-singleturn|p1b: Milotic|Protect\n|move|p2b: Aerodactyl|Protect||[still]\n|-fail|p2b: Aerodactyl\n|move|p1a: Sinistcha|Matcha Gotcha|p2b: Aerodactyl|[spread] p2a,p2b\n|-damage|p2a: Floette|76/100\n|-damage|p2b: Aerodactyl|65/100\n|move|p2a: Floette|Moonblast|p1b: Milotic\n|-activate|p1b: Milotic|move: Protect\n|\n|-weather|none\n|-heal|p1b: Milotic|47/100|[from] item: Leftovers\n|-sideend|p1: hoomit|move: Aurora Veil\n|-fieldend|move: Trick Room\n|upkeep\n|turn|6\n|\n|t:|1776136129\n|move|p1a: Sinistcha|Rage Powder|p1a: Sinistcha\n|-singleturn|p1a: Sinistcha|move: Rage Powder\n|move|p2b: Aerodactyl|Tailwind|p2b: Aerodactyl\n|-sidestart|p2: opkil|move: Tailwind\n|move|p2a: Floette|Moonblast|p1a: Sinistcha\n|-damage|p1a: Sinistcha|0 fnt\n|faint|p1a: Sinistcha\n|move|p1b: Milotic|Life Dew|p1b: Milotic\n|-heal|p1b: Milotic|72/100\n|\n|-heal|p1b: Milotic|78/100|[from] item: Leftovers\n|upkeep\n|\n|t:|1776136139\n|switch|p1a: Quaquaval|Quaquaval, L50, F|100/100\n|turn|7\n|\n|t:|1776136147\n|move|p2b: Aerodactyl|Dual Wingbeat|p1a: Quaquaval\n|-supereffective|p1a: Quaquaval|1\n|-crit|p1a: Quaquaval\n|-damage|p1a: Quaquaval|26/100\n|-supereffective|p1a: Quaquaval|1\n|-damage|p1a: Quaquaval|0 fnt\n|faint|p1a: Quaquaval\n|-hitcount|p1: Quaquaval|2\n|move|p2a: Floette|Moonblast|p1b: Milotic\n|-damage|p1b: Milotic|0 fnt\n|faint|p1b: Milotic\n|\n|win|opkil\n",
  "uploadtime": 1776136034,
  "views": 9,
  "formatid": "gen9championsvgc2026regma",
  "rating": null,
  "private": 0,
  "password": null
}