{
  "id": "gen9championsvgc2026regma-2583158050",
  "format": "[Gen 9 Champions] VGC 2026 Reg M-A",
  "players": [
    "Michael YunGOOBian",
    "shapy23"
  ],
  "log": "|j|\u2606Michael YunGOOBian\n|j|\u2606shapy23\n|t:|1776149078\n|gametype|doubles\n|player|p1|Michael YunGOOBian|benga|1262\n|player|p2|shapy23|265|1195\n|gen|9\n|tier|[Gen 9 Champions] VGC 2026 Reg M-A\n|rated|\n|rule|Species Clause: Limit one of each Pok\u00e9mon\n|rule|Item Clause: Limit 1 of each item\n|clearpoke\n|poke|p1|Tyranitar, L50, M|\n|poke|p1|Sinistcha, L50|\n|poke|p1|Milotic, L50, M|\n|poke|p1|Garchomp, L50, F|\n|poke|p1|Talonflame, L50, M|\n|poke|p1|Floette-Eternal, L50, F|\n|poke|p2|Incineroar, L50, F|\n|poke|p2|Milotic, L50, M|\n|poke|p2|Sinistcha, L50|\n|poke|p2|Garchomp, L50, M|\n|poke|p2|Floette-Eternal, L50, F|\n|poke|p2|Talonflame, L50, M|\n|teampreview|4\n|inactive|Battle timer is ON: inactive players will automatically lose when time's up. (requested by shapy23)\n|inactive|Michael YunGOOBian has 60 seconds left.\n|\n|t:|1776149117\n|teamsize|p1|4\n|teamsize|p2|4\n|start\n|switch|p1a: Milotic|Milotic, L50, M|100/100\n|switch|p1b: Garchomp|Garchomp, L50, F|100/100\n|switch|p2a: Milotic|Milotic, L50, M|100/100\n|switch|p2b: Talonflame|Talonflame, L50, M|100/100\n|turn|1\n|inactive|shapy23 has 30 seconds left.\n|inactive|shapy23 has 20 seconds left.\n|inactive|shapy23 has 15 seconds left.\n|inactive|shapy23 has 10 seconds left.\n|\n|t:|1776149165\n|move|p1a: Milotic|Helping Hand|p1b: Garchomp\n|-singleturn|p1b: Garchomp|Helping Hand|[of] p1a: Milotic\n|move|p2b: Talonflame|Tailwind|p2b: Talonflame\n|-sidestart|p2: shapy23|move: Tailwind\n|move|p1b: Garchomp|Rock Slide|p2b: Talonflame|[spread] p2a,p2b\n|-supereffective|p2b: Talonflame|2\n|-damage|p2a: Milotic|70/100\n|-enditem|p2b: Talonflame|Focus Sash\n|-damage|p2b: Talonflame|1/100\n|move|p2a: Milotic|Coil|p2a: Milotic\n|-boost|p2a: Milotic|atk|1\n|-boost|p2a: Milotic|def|1\n|-boost|p2a: Milotic|accuracy|1\n|\n|upkeep\n|turn|2\n|inactive|shapy23 has 30 seconds left.\n|\n|t:|1776149198\n|move|p2b: Talonflame|Acrobatics|p1a: Milotic\n|-damage|p1a: Milotic|72/100\n|move|p1b: Garchomp|Rock Slide|p2a: Milotic|[spread] p2a,p2b\n|-supereffective|p2b: Talonflame|2\n|-damage|p2a: Milotic|53/100\n|-damage|p2b: Talonflame|0 fnt\n|faint|p2b: Talonflame\n|cant|p2a: Milotic|flinch\n|move|p1a: Milotic|Icy Wind|p2a: Milotic\n|-resisted|p2a: Milotic|1\n|-damage|p2a: Milotic|48/100\n|-unboost|p2a: Milotic|spe|1\n|-ability|p2a: Milotic|Competitive|boost\n|-boost|p2a: Milotic|spa|2\n|\n|-heal|p1a: Milotic|78/100|[from] item: Leftovers\n|upkeep\n|\n|t:|1776149213\n|switch|p2b: Sinistcha|Sinistcha, L50|100/100\n|-heal|p2a: Milotic|73/100|[from] ability: Hospitality|[of] p2b: Sinistcha\n|turn|3\n|inactive|Michael YunGOOBian has 30 seconds left.\n|\n|t:|1776149243\n|switch|p1b: Sinistcha|Sinistcha, L50|100/100\n|-heal|p1a: Milotic|100/100|[from] ability: Hospitality|[of] p1b: Sinistcha\n|move|p2b: Sinistcha|Matcha Gotcha|p1b: Sinistcha|[spread] p1a,p1b\n|-supereffective|p1a: Milotic|1\n|-resisted|p1b: Sinistcha|1\n|-damage|p1a: Milotic|59/100\n|-damage|p1b: Sinistcha|86/100\n|move|p2a: Milotic|Draining Kiss|p1b: Sinistcha\n|-damage|p1b: Sinistcha|45/100\n|-heal|p2a: Milotic|100/100|[from] drain|[of] p1b: Sinistcha\n|-enditem|p1b: Sinistcha|Sitrus Berry|[eat]\n|-heal|p1b: Sinistcha|70/100|[from] item: Sitrus Berry\n|move|p1a: Milotic|Recover|p1a: Milotic\n|-heal|p1a: Milotic|100/100\n|\n|upkeep\n|turn|4\n|inactive|shapy23 has 30 seconds left.\n|inactive|shapy23 has 20 seconds left.\n|\n|t:|1776149280\n|move|p1a: Milotic|Helping Hand|p1b: Sinistcha\n|-singleturn|p1b: Sinistcha|Helping Hand|[of] p1a: Milotic\n|move|p2b: Sinistcha|Matcha Gotcha|p1b: Sinistcha|[spread] p1a,p1b\n|-supereffective|p1a: Milotic|1\n|-resisted|p1b: Sinistcha|1\n|-damage|p1a: Milotic|61/100\n|-damage|p1b: Sinistcha|56/100\n|move|p2a: Milotic|Hypnosis|p1b: Sinistcha|[miss]\n|-miss|p2a: Milotic|p1b: Sinistcha\n|move|p1b: Sinistcha|Shadow Ball|p2b: Sinistcha\n|-supereffective|p2b: Sinistcha|1\n|-damage|p2b: Sinistcha|0 fnt\n|faint|p2b: Sinistcha\n|\n|-heal|p1a: Milotic|67/100|[from] item: Leftovers\n|-sideend|p2: shapy23|move: Tailwind\n|upkeep\n|\n|t:|1776149292\n|switch|p2b: Floette|Floette-Eternal, L50, F|100/100\n|turn|5\n|\n|t:|1776149305\n|detailschange|p2b: Floette|Floette-Mega, L50, F\n|-mega|p2b: Floette|Floette|Floettite\n|-ability|p2b: Floette|Fairy Aura\n|move|p2b: Floette|Calm Mind|p2b: Floette\n|-boost|p2b: Floette|spa|1\n|-boost|p2b: Floette|spd|1\n|move|p1a: Milotic|Icy Wind|p2a: Milotic|[spread] p2a,p2b\n|-resisted|p2a: Milotic|1\n|-damage|p2a: Milotic|96/100\n|-damage|p2b: Floette|95/100\n|-unboost|p2a: Milotic|spe|1\n|-ability|p2a: Milotic|Competitive|boost\n|-boost|p2a: Milotic|spa|2\n|-unboost|p2b: Floette|spe|1\n|move|p1b: Sinistcha|Matcha Gotcha|p2b: Floette|[spread] p2a,p2b\n|-supereffective|p2a: Milotic|1\n|-damage|p2a: Milotic|57/100\n|-heal|p1b: Sinistcha|76/100|[from] drain|[of] p2a: Milotic\n|-damage|p2b: Floette|82/100\n|-heal|p1b: Sinistcha|83/100|[from] drain|[of] p2b: Floette\n|move|p2a: Milotic|Draining Kiss|p1b: Sinistcha\n|-damage|p1b: Sinistcha|4/100\n|-heal|p2a: Milotic|100/100|[from] drain|[of] p1b: Sinistcha\n|\n|-heal|p1a: Milotic|73/100|[from] item: Leftovers\n|upkeep\n|turn|6\n|inactive|Michael YunGOOBian has 30 seconds left.\n|inactive|shapy23 has 30 seconds left.\n|inactive|shapy23 has 20 seconds left.\n|inactive|shapy23 has 15 seconds left.\n|\n|t:|1776149345\n|move|p1a: Milotic|Helping Hand|p1b: Sinistcha\n|-singleturn|p1b: Sinistcha|Helping Hand|[of] p1a: Milotic\n|move|p2b: Floette|Dazzling Gleam|p1a: Milotic|[spread] p1a,p1b\n|-damage|p1a: Milotic|26/100\n|-damage|p1b: Sinistcha|0 fnt\n|faint|p1b: Sinistcha\n|move|p2a: Milotic|Draining Kiss|p1a: Milotic\n|-damage|p1a: Milotic|0 fnt\n|faint|p1a: Milotic\n|\n|upkeep\n|\n|t:|1776149355\n|switch|p1a: Tyranitar|Tyranitar, L50, M, shiny|100/100\n|switch|p1b: Garchomp|Garchomp, L50, F|100/100\n|-weather|Sandstorm|[from] ability: Sand Stream|[of] p1a: Tyranitar\n|turn|7\n|\n|t:|1776149371\n|detailschange|p1a: Tyranitar|Tyranitar-Mega, L50, M, shiny\n|-mega|p1a: Tyranitar|Tyranitar|Tyranitarite\n|move|p1b: Garchomp|Rock Slide|p2b: Floette|[spread] p2a,p2b\n|-damage|p2a: Milotic|84/100\n|-damage|p2b: Floette|58/100\n|move|p1a: Tyranitar|Rock Slide|p2b: Floette|[spread] p2a\n|-miss|p1a: Tyranitar|p2b: Floette\n|-damage|p2a: Milotic|60/100\n|cant|p2b: Floette|flinch\n|cant|p2a: Milotic|flinch\n|\n|-weather|Sandstorm|[upkeep]\n|-damage|p2b: Floette|51/100|[from] Sandstorm\n|-damage|p2a: Milotic|54/100|[from] Sandstorm\n|upkeep\n|turn|8\n|\n|t:|1776149387\n|move|p1b: Garchomp|Rock Slide|p2b: Floette|[spread] p2a,p2b\n|-damage|p2a: Milotic|39/100\n|-damage|p2b: Floette|28/100\n|move|p1a: Tyranitar|Rock Slide|p2a: Milotic|[spread] p2a,p2b\n|-crit|p2a: Milotic\n|-damage|p2a: Milotic|0 fnt\n|-damage|p2b: Floette|0 fnt\n|faint|p2a: Milotic\n|faint|p2b: Floette\n|\n|win|Michael YunGOOBian\n|raw|Michael YunGOOBian's rating: 1262 &rarr; <strong>1282</strong><br />(+20 for winning)\n|raw|shapy23's rating: 1195 &rarr; <strong>1175</strong><br />(-20 for losing)\n",
  "uploadtime": 1776149399,
  "views": 15,
  "formatid": "gen9championsvgc2026regma",
  "rating": 1175,
  "private": 0,
  "password": null
}