{
  "id": "gen9championsvgc2026regma-2581213408",
  "format": "[Gen 9 Champions] VGC 2026 Reg M-A",
  "players": [
    "disciple of blahaj",
    "nnachito060820112"
  ],
  "log": "|j|\u2606disciple of blahaj\n|j|\u2606nnachito060820112\n|t:|1775971554\n|gametype|doubles\n|player|p1|disciple of blahaj|jacinthe|1124\n|player|p2|nnachito060820112|265|1100\n|gen|9\n|tier|[Gen 9 Champions] VGC 2026 Reg M-A\n|rated|\n|rule|Species Clause: Limit one of each Pok\u00e9mon\n|rule|Item Clause: Limit 1 of each item\n|clearpoke\n|poke|p1|Lopunny, L50, F|\n|poke|p1|Basculegion, L50, M|\n|poke|p1|Whimsicott, L50, M|\n|poke|p1|Pelipper, L50, M|\n|poke|p1|Garchomp, L50, F|\n|poke|p1|Aegislash, L50, M|\n|poke|p2|Whimsicott, L50, M|\n|poke|p2|Charizard, L50, F|\n|poke|p2|Venusaur, L50, M|\n|poke|p2|Incineroar, L50, F|\n|poke|p2|Typhlosion, L50, F|\n|poke|p2|Hydreigon, L50, F|\n|teampreview|4\nnnachito060820112 has agreed to open team sheets.\n|\n|t:|1775971580\n|teamsize|p1|4\n|teamsize|p2|4\n|start\n|switch|p1a: Lopunny|Lopunny, L50, F, shiny|100/100\n|switch|p1b: Whimsicott|Whimsicott, L50, M, shiny|100/100\n|switch|p2a: Charizard|Charizard, L50, F, shiny|100/100\n|switch|p2b: Typhlosion|Typhlosion, L50, F|100/100\n|turn|1\n|inactive|Battle timer is ON: inactive players will automatically lose when time's up. (requested by disciple of blahaj)\n|\n|t:|1775971595\n|detailschange|p1a: Lopunny|Lopunny-Mega, L50, F, shiny\n|-mega|p1a: Lopunny|Lopunny|Lopunnite\n|detailschange|p2a: Charizard|Charizard-Mega-Y, L50, F, shiny\n|-mega|p2a: Charizard|Charizard|Charizardite Y\n|-weather|SunnyDay|[from] ability: Drought|[of] p2a: Charizard\n|move|p1a: Lopunny|Fake Out|p2a: Charizard\n|-damage|p2a: Charizard|67/100\n|move|p1b: Whimsicott|Tailwind|p1b: Whimsicott\n|-sidestart|p1: disciple of blahaj|move: Tailwind\n|move|p2b: Typhlosion|Eruption|p1b: Whimsicott|[spread] p1a,p1b\n|-supereffective|p1b: Whimsicott|1\n|-damage|p1a: Lopunny|0 fnt\n|-enditem|p1b: Whimsicott|Focus Sash\n|-damage|p1b: Whimsicott|1/100\n|faint|p1a: Lopunny\n|cant|p2a: Charizard|flinch\n|\n|-weather|SunnyDay|[upkeep]\n|upkeep\n|\n|t:|1775971610\n|switch|p1a: Garchomp|Garchomp, L50, F|100/100\n|turn|2\n|\n|t:|1775971616\n|move|p1b: Whimsicott|Moonblast|p2b: Typhlosion\n|-resisted|p2b: Typhlosion|1\n|-damage|p2b: Typhlosion|84/100\n|move|p1a: Garchomp|Rock Slide|p2a: Charizard|[spread] p2a,p2b\n|-supereffective|p2a: Charizard|2\n|-supereffective|p2b: Typhlosion|1\n|-damage|p2a: Charizard|0 fnt\n|-damage|p2b: Typhlosion|28/100\n|faint|p2a: Charizard\n|cant|p2b: Typhlosion|flinch\n|\n|-weather|SunnyDay|[upkeep]\n|upkeep\n|\n|t:|1775971623\n|switch|p2a: Incineroar|Incineroar, L50, F|100/100\n|-ability|p2a: Incineroar|Intimidate|boost\n|-unboost|p1a: Garchomp|atk|1\n|-unboost|p1b: Whimsicott|atk|1\n|turn|3\n|\n|t:|1775971635\n|switch|p1b: Pelipper|Pelipper, L50, M|100/100\n|-weather|RainDance|[from] ability: Drizzle|[of] p1b: Pelipper\n|move|p2a: Incineroar|Fake Out|p1a: Garchomp\n|-damage|p1a: Garchomp|92/100\n|-damage|p2a: Incineroar|88/100|[from] ability: Rough Skin|[of] p1a: Garchomp\n|cant|p1a: Garchomp|flinch\n|move|p2b: Typhlosion|Eruption|p1a: Garchomp|[spread] p1a,p1b\n|-resisted|p1a: Garchomp|1\n|-resisted|p1b: Pelipper|1\n|-damage|p1a: Garchomp|88/100\n|-damage|p1b: Pelipper|94/100\n|\n|-weather|RainDance|[upkeep]\n|upkeep\n|turn|4\n|\n|t:|1775971653\n|switch|p1a: Whimsicott|Whimsicott, L50, M, shiny|1/100\n|move|p1b: Pelipper|Muddy Water|p2b: Typhlosion|[spread] p2a,p2b\n|-supereffective|p2a: Incineroar|1\n|-supereffective|p2b: Typhlosion|1\n|-damage|p2a: Incineroar|0 fnt\n|-damage|p2b: Typhlosion|0 fnt\n|faint|p2a: Incineroar\n|faint|p2b: Typhlosion\n|\n|-weather|RainDance|[upkeep]\n|-sideend|p1: disciple of blahaj|move: Tailwind\n|upkeep\n|\n|t:|1775971658\n|switch|p2b: Venusaur|Venusaur, L50, M, shiny|100/100\n|turn|5\n|-message|nnachito060820112 forfeited.\n|\n|win|disciple of blahaj\n|raw|disciple of blahaj's rating: 1124 &rarr; <strong>1147</strong><br />(+23 for winning)\n|raw|nnachito060820112's rating: 1100 &rarr; <strong>1077</strong><br />(-23 for losing)\n|l|\u2606nnachito060820112\n|player|p2|\n",
  "uploadtime": 1775971673,
  "views": 13,
  "formatid": "gen9championsvgc2026regma",
  "rating": 1077,
  "private": 0,
  "password": null
}