{
  "id": "gen9championsvgc2026regma-2585495061",
  "format": "[Gen 9 Champions] VGC 2026 Reg M-A",
  "players": [
    "Grilloisback",
    "RenfieldsPokemon"
  ],
  "log": "|j|\u2606Grilloisback\n|j|\u2606RenfieldsPokemon\n|t:|1776351371\n|gametype|doubles\n|player|p1|Grilloisback|101|1078\n|player|p2|RenfieldsPokemon|265|1026\n|gen|9\n|tier|[Gen 9 Champions] VGC 2026 Reg M-A\n|rated|\n|rule|Species Clause: Limit one of each Pok\u00e9mon\n|rule|Item Clause: Limit 1 of each item\n|clearpoke\n|poke|p1|Pelipper, L50, F|\n|poke|p1|Archaludon, L50, F|\n|poke|p1|Incineroar, L50, F|\n|poke|p1|Sinistcha, L50|\n|poke|p1|Sneasler, L50, M|\n|poke|p1|Floette-Eternal, L50, F|\n|poke|p2|Aggron, L50, M|\n|poke|p2|Maushold-Four, L50|\n|poke|p2|Hawlucha, L50, F|\n|poke|p2|Farigiraf, L50, F|\n|poke|p2|Tyranitar, L50, F|\n|poke|p2|Primarina, L50, F|\n|teampreview|4\n|inactive|Battle timer is ON: inactive players will automatically lose when time's up. (requested by Grilloisback)\n|\n|t:|1776351398\n|teamsize|p1|4\n|teamsize|p2|4\n|start\n|switch|p1a: Pelipper|Pelipper, L50, F, shiny|100/100\n|switch|p1b: Archaludon|Archaludon, L50, F|100/100\n|switch|p2a: Aggron|Aggron, L50, M|100/100\n|switch|p2b: Hawlucha|Hawlucha, L50, F|100/100\n|-weather|RainDance|[from] ability: Drizzle|[of] p1a: Pelipper\n|turn|1\n|inactive|RenfieldsPokemon has 30 seconds left.\n|inactive|RenfieldsPokemon has 20 seconds left.\n|\n|t:|1776351434\n|detailschange|p2a: Aggron|Aggron-Mega, L50, M\n|-mega|p2a: Aggron|Aggron|Aggronite\n|move|p1b: Archaludon|Protect|p1b: Archaludon\n|-singleturn|p1b: Archaludon|Protect\n|move|p2b: Hawlucha|Rock Slide|p1a: Pelipper|[spread] p1a\n|-activate|p1b: Archaludon|move: Protect\n|-supereffective|p1a: Pelipper|1\n|-damage|p1a: Pelipper|74/100\n|move|p1a: Pelipper|Tailwind|p1a: Pelipper\n|-sidestart|p1: Grilloisback|move: Tailwind\n|move|p2a: Aggron|Body Press|p1b: Archaludon\n|-activate|p1b: Archaludon|move: Protect\n|\n|-weather|RainDance|[upkeep]\n|upkeep\n|turn|2\n|\n|t:|1776351455\n|switch|p1b: Sinistcha|Sinistcha, L50|100/100\n|-heal|p1a: Pelipper|99/100|[from] ability: Hospitality|[of] p1b: Sinistcha\n|move|p1a: Pelipper|Hurricane|p2b: Hawlucha\n|-supereffective|p2b: Hawlucha|1\n|-damage|p2b: Hawlucha|0 fnt\n|faint|p2b: Hawlucha\n|move|p2a: Aggron|Body Press|p1b: Sinistcha\n|-immune|p1b: Sinistcha\n|\n|-weather|RainDance|[upkeep]\n|upkeep\n|\n|t:|1776351470\n|switch|p2b: Farigiraf|Farigiraf, L50, F|100/100\n|turn|3\n|\n|t:|1776351487\n|switch|p1a: Sneasler|Sneasler, L50, M|100/100\n|move|p2a: Aggron|Iron Defense|p2a: Aggron\n|-boost|p2a: Aggron|def|2\n|move|p1b: Sinistcha|Trick Room|p1b: Sinistcha\n|-fieldstart|move: Trick Room|[of] p1b: Sinistcha\n|move|p2b: Farigiraf|Trick Room|p2b: Farigiraf\n|-fieldend|move: Trick Room\n|\n|-weather|RainDance|[upkeep]\n|upkeep\n|turn|4\n|\n|t:|1776351509\n|move|p2a: Aggron|Protect|p2a: Aggron\n|-singleturn|p2a: Aggron|Protect\n|move|p1a: Sneasler|Fake Out||[still]\n|cant|p2b: Farigiraf|ability: Armor Tail|Fake Out|[of] p1a: Sneasler\n|move|p1b: Sinistcha|Shadow Ball|p2a: Aggron\n|-activate|p2a: Aggron|move: Protect\n|move|p2b: Farigiraf|Psychic|p1a: Sneasler\n|-supereffective|p1a: Sneasler|2\n|-crit|p1a: Sneasler\n|-damage|p1a: Sneasler|0 fnt\n|faint|p1a: Sneasler\n|\n|-weather|RainDance|[upkeep]\n|-sideend|p1: Grilloisback|move: Tailwind\n|upkeep\n|\n|t:|1776351518\n|switch|p1a: Archaludon|Archaludon, L50, F|100/100\n|turn|5\n|inactive|RenfieldsPokemon has 30 seconds left.\n|inactive|RenfieldsPokemon has 20 seconds left.\n|\n|t:|1776351556\n|move|p1b: Sinistcha|Rage Powder|p1b: Sinistcha\n|-singleturn|p1b: Sinistcha|move: Rage Powder\n|move|p1a: Archaludon|Electro Shot||[still]\n|-prepare|p1a: Archaludon|Electro Shot\n|-boost|p1a: Archaludon|spa|1\n|-anim|p1a: Archaludon|Electro Shot|p2a: Aggron\n|-damage|p2a: Aggron|33/100\n|move|p2b: Farigiraf|Psychic|p1b: Sinistcha\n|-damage|p1b: Sinistcha|67/100\n|move|p2a: Aggron|Body Press|p1b: Sinistcha\n|-immune|p1b: Sinistcha\n|\n|-weather|none\n|upkeep\n|turn|6\n|inactive|RenfieldsPokemon has 30 seconds left.\n|\n|t:|1776351586\n|switch|p1b: Pelipper|Pelipper, L50, F, shiny|99/100\n|-weather|RainDance|[from] ability: Drizzle|[of] p1b: Pelipper\n|switch|p2b: Maushold|Maushold-Four, L50|100/100\n|move|p1a: Archaludon|Protect|p1a: Archaludon\n|-singleturn|p1a: Archaludon|Protect\n|move|p2a: Aggron|Protect||[still]\n|-fail|p2a: Aggron\n|\n|-weather|RainDance|[upkeep]\n|upkeep\n|turn|7\n|inactive|RenfieldsPokemon has 30 seconds left.\n|\n|t:|1776351611\n|move|p2b: Maushold|Follow Me|p2b: Maushold\n|-singleturn|p2b: Maushold|move: Follow Me\n|move|p1a: Archaludon|Electro Shot||[still]\n|-prepare|p1a: Archaludon|Electro Shot\n|-boost|p1a: Archaludon|spa|1\n|-anim|p1a: Archaludon|Electro Shot|p2b: Maushold\n|-enditem|p2b: Maushold|Focus Sash\n|-damage|p2b: Maushold|1/100\n|move|p1b: Pelipper|Tailwind|p1b: Pelipper\n|-sidestart|p1: Grilloisback|move: Tailwind\n|move|p2a: Aggron|Body Press|p1a: Archaludon\n|-supereffective|p1a: Archaludon|1\n|-damage|p1a: Archaludon|0 fnt\n|faint|p1a: Archaludon\n|\n|-weather|RainDance|[upkeep]\n|upkeep\n|\n|t:|1776351623\n|switch|p1a: Sinistcha|Sinistcha, L50|67/100\n|-heal|p1b: Pelipper|100/100|[from] ability: Hospitality|[of] p1a: Sinistcha\n|turn|8\n|inactive|RenfieldsPokemon has 30 seconds left.\n|\n|t:|1776351650\n|move|p2b: Maushold|Follow Me|p2b: Maushold\n|-singleturn|p2b: Maushold|move: Follow Me\n|move|p1b: Pelipper|Weather Ball|p2b: Maushold\n|-damage|p2b: Maushold|0 fnt\n|faint|p2b: Maushold\n|move|p1a: Sinistcha|Matcha Gotcha|p2a: Aggron\n|-resisted|p2a: Aggron|1\n|-damage|p2a: Aggron|16/100\n|-heal|p1a: Sinistcha|76/100|[from] drain|[of] p2a: Aggron\n|move|p2a: Aggron|Heavy Slam|p1b: Pelipper\n|-resisted|p1b: Pelipper|1\n|-damage|p1b: Pelipper|79/100\n|\n|-weather|RainDance|[upkeep]\n|upkeep\n|\n|t:|1776351663\n|switch|p2b: Farigiraf|Farigiraf, L50, F|100/100\n|turn|9\n|\n|t:|1776351677\n|move|p2a: Aggron|Protect|p2a: Aggron\n|-singleturn|p2a: Aggron|Protect\n|move|p1b: Pelipper|Weather Ball|p2a: Aggron\n|-activate|p2a: Aggron|move: Protect\n|move|p1a: Sinistcha|Matcha Gotcha|p2b: Farigiraf|[spread] \n|-activate|p2a: Aggron|move: Protect\n|-miss|p1a: Sinistcha|p2b: Farigiraf\n|move|p2b: Farigiraf|Trick Room|p2b: Farigiraf\n|-fieldstart|move: Trick Room|[of] p2b: Farigiraf\n|\n|-weather|RainDance|[upkeep]\n|upkeep\n|turn|10\n|inactive|RenfieldsPokemon has 30 seconds left.\n|\n|t:|1776351706\n|move|p2b: Farigiraf|Helping Hand|p2a: Aggron\n|-singleturn|p2a: Aggron|Helping Hand|[of] p2b: Farigiraf\n|move|p1a: Sinistcha|Rage Powder|p1a: Sinistcha\n|-singleturn|p1a: Sinistcha|move: Rage Powder\n|move|p2a: Aggron|Heavy Slam|p1a: Sinistcha\n|-damage|p1a: Sinistcha|6/100\n|-enditem|p1a: Sinistcha|Sitrus Berry|[eat]\n|-heal|p1a: Sinistcha|31/100|[from] item: Sitrus Berry\n|move|p1b: Pelipper|Hurricane|p2b: Farigiraf\n|-damage|p2b: Farigiraf|68/100\n|\n|-weather|none\n|-sideend|p1: Grilloisback|move: Tailwind\n|upkeep\n|turn|11\n|inactive|RenfieldsPokemon has 30 seconds left.\n|\n|t:|1776351735\n|move|p2b: Farigiraf|Helping Hand|p2a: Aggron\n|-singleturn|p2a: Aggron|Helping Hand|[of] p2b: Farigiraf\n|move|p1b: Pelipper|Protect|p1b: Pelipper\n|-singleturn|p1b: Pelipper|Protect\n|move|p2a: Aggron|Heavy Slam|p1a: Sinistcha\n|-damage|p1a: Sinistcha|0 fnt\n|faint|p1a: Sinistcha\n|\n|upkeep\n|turn|12\n|-message|Grilloisback forfeited.\n|\n|win|RenfieldsPokemon\n|raw|Grilloisback's rating: 1078 &rarr; <strong>1053</strong><br />(-25 for losing)\n|raw|RenfieldsPokemon's rating: 1026 &rarr; <strong>1067</strong><br />(+41 for winning)\n|l|\u2606Grilloisback\n|player|p1|\n",
  "uploadtime": 1776351749,
  "views": 20,
  "formatid": "gen9championsvgc2026regma",
  "rating": 1053,
  "private": 0,
  "password": null
}