{
  "id": "gen9championsvgc2026regma-2584128534",
  "format": "[Gen 9 Champions] VGC 2026 Reg M-A",
  "players": [
    "comingfiora55",
    "Fluffylucario"
  ],
  "log": "|j|\u2606comingfiora55\n|j|\u2606Fluffylucario\n|t:|1776228308\n|gametype|doubles\n|player|p1|comingfiora55|hilbert-wonderlauncher|1105\n|player|p2|Fluffylucario|cynthia-gen7|1181\n|gen|9\n|tier|[Gen 9 Champions] VGC 2026 Reg M-A\n|rated|\n|rule|Species Clause: Limit one of each Pok\u00e9mon\n|rule|Item Clause: Limit 1 of each item\n|clearpoke\n|poke|p1|Gengar, L50, F|\n|poke|p1|Kommo-o, L50, M|\n|poke|p1|Incineroar, L50, F|\n|poke|p1|Sinistcha, L50|\n|poke|p1|Kingambit, L50, M|\n|poke|p1|Tyranitar, L50, F|\n|poke|p2|Sableye, L50, M|\n|poke|p2|Orthworm, L50, M|\n|poke|p2|Delphox, L50, F|\n|poke|p2|Torkoal, L50, F|\n|poke|p2|Whimsicott, L50, M|\n|poke|p2|Blastoise, L50, F|\n|teampreview|4\n|inactive|Battle timer is ON: inactive players will automatically lose when time's up. (requested by Fluffylucario)\ncomingfiora55 has agreed to open team sheets.\n|inactive|comingfiora55 has 60 seconds left.\n|\n|t:|1776228365\n|teamsize|p1|4\n|teamsize|p2|4\n|start\n|switch|p1a: Gengar|Gengar, L50, F|100/100\n|switch|p1b: Incineroar|Incineroar, L50, F|100/100\n|switch|p2a: Sableye|Sableye, L50, M|100/100\n|switch|p2b: Orthworm|Orthworm, L50, M|100/100\n|-ability|p1b: Incineroar|Intimidate|boost\n|-unboost|p2a: Sableye|atk|1\n|-unboost|p2b: Orthworm|atk|1\n|turn|1\n|inactive|comingfiora55 has 30 seconds left.\n|inactive|comingfiora55 has 20 seconds left.\n|inactive|comingfiora55 has 15 seconds left.\n|\n|t:|1776228410\n|detailschange|p1a: Gengar|Gengar-Mega, L50, F\n|-mega|p1a: Gengar|Gengar|Gengarite\n|move|p2a: Sableye|Protect|p2a: Sableye\n|-singleturn|p2a: Sableye|Protect\n|move|p2b: Orthworm|Protect|p2b: Orthworm\n|-singleturn|p2b: Orthworm|Protect\n|move|p1b: Incineroar|Fake Out|p2b: Orthworm\n|-activate|p2b: Orthworm|move: Protect\n|move|p1a: Gengar|Shadow Ball|p2a: Sableye\n|-activate|p2a: Sableye|move: Protect\n|\n|upkeep\n|turn|2\n|inactive|comingfiora55 has 30 seconds left.\n|\n|t:|1776228441\n|move|p2a: Sableye|Rain Dance|p2a: Sableye\n|-weather|RainDance\n|move|p1a: Gengar|Shadow Ball|p2a: Sableye\n|-damage|p2a: Sableye|33/100\n|move|p1b: Incineroar|Throat Chop|p2a: Sableye\n|-damage|p2a: Sableye|0 fnt\n|faint|p2a: Sableye\n|move|p2b: Orthworm|Shed Tail|p2b: Orthworm\n|-start|p2b: Orthworm|Substitute|[from] move: Shed Tail\n|-damage|p2b: Orthworm|50/100\n|-enditem|p2b: Orthworm|Sitrus Berry|[eat]\n|-heal|p2b: Orthworm|75/100|[from] item: Sitrus Berry\n|\n|t:|1776228460\n|switch|p2b: Blastoise|Blastoise, L50, F|100/100|[from] Shed Tail\n|\n|-weather|RainDance|[upkeep]\n|upkeep\n|\n|t:|1776228468\n|switch|p2a: Orthworm|Orthworm, L50, M|75/100\n|turn|3\n|inactive|comingfiora55 has 30 seconds left.\n|\n|t:|1776228500\n|switch|p1b: Kommo-o|Kommo-o, L50, M|100/100\n|detailschange|p2b: Blastoise|Blastoise-Mega, L50, F\n|-mega|p2b: Blastoise|Blastoise|Blastoisinite\n|move|p1a: Gengar|Substitute|p1a: Gengar\n|-start|p1a: Gengar|Substitute\n|-damage|p1a: Gengar|76/100\n|move|p2b: Blastoise|Shell Smash|p2b: Blastoise\n|-unboost|p2b: Blastoise|def|1\n|-unboost|p2b: Blastoise|spd|1\n|-boost|p2b: Blastoise|atk|2\n|-boost|p2b: Blastoise|spa|2\n|-boost|p2b: Blastoise|spe|2\n|move|p2a: Orthworm|Shed Tail|p2a: Orthworm\n|-start|p2a: Orthworm|Substitute|[from] move: Shed Tail\n|-damage|p2a: Orthworm|25/100\n|\n|t:|1776228515\n|switch|p2a: Whimsicott|Whimsicott, L50, M|100/100|[from] Shed Tail\n|\n|-weather|RainDance|[upkeep]\n|upkeep\n|turn|4\n|inactive|comingfiora55 has 30 seconds left.\n|inactive|comingfiora55 has 20 seconds left.\n|inactive|comingfiora55 has 15 seconds left.\n|inactive|comingfiora55 has 10 seconds left.\n|\n|t:|1776228562\n|switch|p1b: Tyranitar|Tyranitar, L50, F|100/100\n|-weather|Sandstorm|[from] ability: Sand Stream|[of] p1b: Tyranitar\n|move|p1a: Gengar|Protect|p1a: Gengar\n|-singleturn|p1a: Gengar|Protect\n|move|p2a: Whimsicott|Encore|p1a: Gengar\n|-activate|p1a: Gengar|move: Protect\n|move|p2b: Blastoise|Water Spout|p1b: Tyranitar|[spread] p1b\n|-activate|p1a: Gengar|move: Protect\n|-supereffective|p1b: Tyranitar|1\n|-damage|p1b: Tyranitar|0 fnt\n|faint|p1b: Tyranitar\n|\n|-weather|Sandstorm|[upkeep]\n|-damage|p2b: Blastoise|95/100|[from] Sandstorm\n|-damage|p1a: Gengar|70/100|[from] Sandstorm\n|-damage|p2a: Whimsicott|95/100|[from] Sandstorm\n|upkeep\n|\n|t:|1776228580\n|switch|p1b: Incineroar|Incineroar, L50, F|100/100\n|-ability|p1b: Incineroar|Intimidate|boost\n|-immune|p2a: Whimsicott\n|-immune|p2b: Blastoise\n|turn|5\n|\n|t:|1776228604\n|move|p1b: Incineroar|Protect|p1b: Incineroar\n|-singleturn|p1b: Incineroar|Protect\n|move|p2a: Whimsicott|Encore|p1a: Gengar\n|-start|p1a: Gengar|Encore\n|move|p1a: Gengar|Protect|p1a: Gengar\n|-singleturn|p1a: Gengar|Protect\n|move|p2b: Blastoise|Water Spout|p1a: Gengar|[spread] \n|-activate|p1a: Gengar|move: Protect\n|-activate|p1b: Incineroar|move: Protect\n|\n|-weather|Sandstorm|[upkeep]\n|-damage|p2b: Blastoise|89/100|[from] Sandstorm\n|-damage|p1a: Gengar|64/100|[from] Sandstorm\n|-damage|p2a: Whimsicott|89/100|[from] Sandstorm\n|-damage|p1b: Incineroar|95/100|[from] Sandstorm\n|upkeep\n|turn|6\n|\n|t:|1776228627\n|switch|p1b: Kommo-o|Kommo-o, L50, M|100/100\n|move|p2a: Whimsicott|Protect|p2a: Whimsicott\n|-singleturn|p2a: Whimsicott|Protect\n|move|p1a: Gengar|Protect||[still]\n|-fail|p1a: Gengar\n|move|p2b: Blastoise|Water Spout|p1b: Kommo-o|[spread] p1a,p1b\n|-end|p1a: Gengar|Substitute\n|-resisted|p1b: Kommo-o|1\n|-damage|p1b: Kommo-o|40/100\n|\n|-weather|Sandstorm|[upkeep]\n|-damage|p2b: Blastoise|83/100|[from] Sandstorm\n|-damage|p1a: Gengar|58/100|[from] Sandstorm\n|-damage|p2a: Whimsicott|83/100|[from] Sandstorm\n|-damage|p1b: Kommo-o|35/100|[from] Sandstorm\n|-heal|p1b: Kommo-o|40/100|[from] item: Leftovers\n|upkeep\n|turn|7\n|-message|comingfiora55 forfeited.\n|\n|win|Fluffylucario\n|raw|comingfiora55's rating: 1105 &rarr; <strong>1085</strong><br />(-20 for losing)\n|raw|Fluffylucario's rating: 1181 &rarr; <strong>1201</strong><br />(+20 for winning)\n|l|\u2606comingfiora55\n|player|p1|\n",
  "uploadtime": 1776228657,
  "views": 19,
  "formatid": "gen9championsvgc2026regma",
  "rating": 1085,
  "private": 0,
  "password": null
}