{
  "id": "gen9championsvgc2026regma-2586829455",
  "format": "[Gen 9 Champions] VGC 2026 Reg M-A",
  "players": [
    "sagapocalypse1",
    "Anicredible"
  ],
  "log": "|j|\u2606sagapocalypse1\n|j|\u2606Anicredible\n|t:|1776463388\n|gametype|doubles\n|player|p1|sagapocalypse1|hilda|\n|player|p2|Anicredible|schoolkid-gen4|\n|gen|9\n|tier|[Gen 9 Champions] VGC 2026 Reg M-A\n|rated|Tournament battle\n|rule|Species Clause: Limit one of each Pok\u00e9mon\n|rule|Item Clause: Limit 1 of each item\n|raw|<div class=\"infobox\"><details class=\"readmore\" open><summary><strong>1 custom rule:</strong></summary> !open team sheets</details></div>\n|clearpoke\n|poke|p1|Typhlosion-Hisui, L50, F|\n|poke|p1|Milotic, L50, F|\n|poke|p1|Incineroar, L50, M|\n|poke|p1|Sneasler, L50, M|\n|poke|p1|Whimsicott, L50, F|\n|poke|p1|Gardevoir, L50, M|\n|poke|p2|Kangaskhan, L50, F|\n|poke|p2|Sinistcha, L50|\n|poke|p2|Sneasler, L50, F|\n|poke|p2|Talonflame, L50, F|\n|poke|p2|Corviknight, L50, F|\n|poke|p2|Primarina, L50, F|\n|teampreview|4\n|inactive|Battle timer is ON: inactive players will automatically lose when time's up. (requested by Anicredible)\n|j| raijinkamikaze\n|inactive|Anicredible has 60 seconds left.\n|inactive|sagapocalypse1 has 60 seconds left.\n|inactive|Anicredible has 30 seconds left.\n|inactive|Anicredible has 20 seconds left.\n|\n|t:|1776463472\n|teamsize|p1|4\n|teamsize|p2|4\n|start\n|switch|p1a: Whimsicott|Whimsicott, L50, F|100/100\n|switch|p1b: Sneasler|Sneasler, L50, M|100/100\n|switch|p2a: Kangaskhan|Kangaskhan, L50, F|100/100\n|switch|p2b: Sneasler|Sneasler, L50, F|100/100\n|turn|1\n|inactive|sagapocalypse1 has 30 seconds left.\n|inactive|Anicredible has 30 seconds left.\n|l| raijinkamikaze\n|\n|t:|1776463514\n|move|p2a: Kangaskhan|Fake Out|p1b: Sneasler\n|-damage|p1b: Sneasler|73/100\n|move|p2b: Sneasler|Dire Claw|p1a: Whimsicott\n|-supereffective|p1a: Whimsicott|2\n|-enditem|p1a: Whimsicott|Focus Sash\n|-damage|p1a: Whimsicott|1/100\n|cant|p1b: Sneasler|flinch\n|move|p1a: Whimsicott|Dazzling Gleam|p2a: Kangaskhan|[spread] p2a,p2b\n|-damage|p2a: Kangaskhan|82/100\n|-damage|p2b: Sneasler|76/100\n|\n|upkeep\n|turn|2\n|\n|t:|1776463531\n|move|p2a: Kangaskhan|Protect|p2a: Kangaskhan\n|-singleturn|p2a: Kangaskhan|Protect\n|move|p1a: Whimsicott|Tailwind|p1a: Whimsicott\n|-sidestart|p1: sagapocalypse1|move: Tailwind\n|move|p1b: Sneasler|Close Combat|p2a: Kangaskhan\n|-activate|p2a: Kangaskhan|move: Protect\n|move|p2b: Sneasler|Close Combat|p1a: Whimsicott\n|-resisted|p1a: Whimsicott|1\n|-damage|p1a: Whimsicott|0 fnt\n|-unboost|p2b: Sneasler|def|1\n|-unboost|p2b: Sneasler|spd|1\n|faint|p1a: Whimsicott\n|-enditem|p2b: Sneasler|White Herb\n|-clearnegativeboost|p2b: Sneasler|[silent]\n|\n|upkeep\n|j| MMB2006\n|\n|t:|1776463547\n|switch|p1a: Mary|Milotic, L50, F|100/100\n|turn|3\n|l| MMB2006\n|inactive|Anicredible has 30 seconds left.\n|\n|t:|1776463572\n|switch|p2a: Sinistcha|Sinistcha, L50|100/100\n|-heal|p2b: Sneasler|100/100|[from] ability: Hospitality|[of] p2a: Sinistcha\n|move|p2b: Sneasler|Coaching|p2a: Sinistcha\n|-boost|p2a: Sinistcha|atk|1\n|-boost|p2a: Sinistcha|def|1\n|move|p1b: Sneasler|Close Combat|p2a: Sinistcha\n|-immune|p2a: Sinistcha\n|move|p1a: Mary|Breaking Swipe|p2b: Sneasler|[spread] p2a,p2b\n|-damage|p2a: Sinistcha|97/100\n|-damage|p2b: Sneasler|90/100\n|-unboost|p2a: Sinistcha|atk|1\n|-unboost|p2b: Sneasler|atk|1\n|\n|upkeep\n|turn|4\n|\n|t:|1776463597\n|move|p2b: Sneasler|Dire Claw|p1a: Mary\n|-damage|p1a: Mary|74/100\n|move|p1b: Sneasler|Throat Chop|p2a: Sinistcha\n|-supereffective|p2a: Sinistcha|1\n|-enditem|p2a: Sinistcha|Colbur Berry|[eat]\n|-enditem|p2a: Sinistcha|Colbur Berry|[weaken]\n|-damage|p2a: Sinistcha|77/100\n|-start|p2a: Sinistcha|Throat Chop|[silent]\n|move|p1a: Mary|Icy Wind|p2a: Sinistcha|[spread] p2a,p2b\n|-supereffective|p2a: Sinistcha|1\n|-damage|p2a: Sinistcha|61/100\n|-damage|p2b: Sneasler|77/100\n|-unboost|p2a: Sinistcha|spe|1\n|-unboost|p2b: Sneasler|spe|1\n|move|p2a: Sinistcha|Matcha Gotcha|p1a: Mary|[spread] p1a,p1b\n|-supereffective|p1a: Mary|1\n|-resisted|p1b: Sneasler|1\n|-damage|p1a: Mary|41/100\n|-heal|p2a: Sinistcha|77/100|[from] drain|[of] p1a: Mary\n|-damage|p1b: Sneasler|57/100\n|-heal|p2a: Sinistcha|84/100|[from] drain|[of] p1b: Sneasler\n|\n|-heal|p1a: Mary|47/100|[from] item: Leftovers\n|upkeep\n|turn|5\n|inactive|sagapocalypse1 has 30 seconds left.\n|\n|t:|1776463623\n|move|p1b: Sneasler|Dire Claw|p2a: Sinistcha\n|-damage|p2a: Sinistcha|55/100\n|move|p2b: Sneasler|Coaching|p2a: Sinistcha\n|-boost|p2a: Sinistcha|atk|1\n|-boost|p2a: Sinistcha|def|1\n|move|p1a: Mary|Breaking Swipe|p2b: Sneasler|[spread] p2a,p2b\n|-damage|p2a: Sinistcha|52/100\n|-damage|p2b: Sneasler|65/100\n|-unboost|p2a: Sinistcha|atk|1\n|-unboost|p2b: Sneasler|atk|1\n|move|p2a: Sinistcha|Strength Sap|p1b: Sneasler\n|-unboost|p1b: Sneasler|atk|1\n|-heal|p2a: Sinistcha|100/100\n|-enditem|p1b: Sneasler|White Herb\n|-clearnegativeboost|p1b: Sneasler|[silent]\n|\n|-heal|p1a: Mary|53/100|[from] item: Leftovers\n|-end|p2a: Sinistcha|Throat Chop|[silent]\n|-sideend|p1: sagapocalypse1|move: Tailwind\n|upkeep\n|turn|6\n|inactive|sagapocalypse1 has 30 seconds left.\n|\n|t:|1776463649\n|switch|p2a: Kangaskhan|Kangaskhan, L50, F|82/100\n|move|p1b: Sneasler|Throat Chop|p2a: Kangaskhan\n|-damage|p2a: Kangaskhan|51/100\n|-start|p2a: Kangaskhan|Throat Chop|[silent]\n|move|p2b: Sneasler|Coaching|p2a: Kangaskhan\n|-boost|p2a: Kangaskhan|atk|1\n|-boost|p2a: Kangaskhan|def|1\n|move|p1a: Mary|Scald|p2b: Sneasler\n|-damage|p2b: Sneasler|25/100\n|-status|p2b: Sneasler|brn\n|\n|-heal|p1a: Mary|59/100|[from] item: Leftovers\n|-damage|p2b: Sneasler|20/100 brn|[from] brn\n|upkeep\n|turn|7\n|inactive|Anicredible has 30 seconds left.\n|\n|t:|1776463684\n|move|p2a: Kangaskhan|Protect|p2a: Kangaskhan\n|-singleturn|p2a: Kangaskhan|Protect\n|move|p1b: Sneasler|Dire Claw|p2a: Kangaskhan\n|-activate|p2a: Kangaskhan|move: Protect\n|move|p2b: Sneasler|Coaching|p2a: Kangaskhan\n|-boost|p2a: Kangaskhan|atk|1\n|-boost|p2a: Kangaskhan|def|1\n|move|p1a: Mary|Breaking Swipe|p2a: Kangaskhan|[spread] p2b\n|-activate|p2a: Kangaskhan|move: Protect\n|-damage|p2b: Sneasler|8/100 brn\n|-unboost|p2b: Sneasler|atk|1\n|\n|-heal|p1a: Mary|65/100|[from] item: Leftovers\n|-damage|p2b: Sneasler|2/100 brn|[from] brn\n|-end|p2a: Kangaskhan|Throat Chop|[silent]\n|upkeep\n|turn|8\n|inactive|sagapocalypse1 has 30 seconds left.\n|inactive|Anicredible has 30 seconds left.\n|inactive|Anicredible has 20 seconds left.\n|inactive|Anicredible has 15 seconds left.\n|inactive|Anicredible has 10 seconds left.\n|\n|t:|1776463734\n|detailschange|p2a: Kangaskhan|Kangaskhan-Mega, L50, F\n|-mega|p2a: Kangaskhan|Kangaskhan|Kangaskhanite\n|move|p2a: Kangaskhan|Sucker Punch|p1b: Sneasler\n|-resisted|p1b: Sneasler|1\n|-damage|p1b: Sneasler|15/100\n|-resisted|p1b: Sneasler|1\n|-damage|p1b: Sneasler|6/100\n|-hitcount|p1b: Sneasler|2\n|move|p1b: Sneasler|Throat Chop|p2a: Kangaskhan\n|-damage|p2a: Kangaskhan|38/100\n|-start|p2a: Kangaskhan|Throat Chop|[silent]\n|move|p2b: Sneasler|Close Combat|p1b: Sneasler\n|-resisted|p1b: Sneasler|1\n|-damage|p1b: Sneasler|0 fnt\n|-unboost|p2b: Sneasler|def|1\n|-unboost|p2b: Sneasler|spd|1\n|faint|p1b: Sneasler\n|move|p1a: Mary|Breaking Swipe|p2b: Sneasler|[spread] p2a,p2b\n|-damage|p2a: Kangaskhan|35/100\n|-damage|p2b: Sneasler|0 fnt\n|-unboost|p2a: Kangaskhan|atk|1\n|faint|p2b: Sneasler\n|\n|-heal|p1a: Mary|70/100|[from] item: Leftovers\n|upkeep\n|\n|t:|1776463754\n|switch|p2b: Sinistcha|Sinistcha, L50|100/100\n|switch|p1b: Gail|Gardevoir, L50, M|100/100\n|-ability|p1b: Gail|Parental Bond|Trace|[from] ability: Trace|[of] p2a: Kangaskhan\n|-heal|p2a: Kangaskhan|60/100|[from] ability: Hospitality|[of] p2b: Sinistcha\n|turn|9\n|inactive|Anicredible has 30 seconds left.\n|\n|t:|1776463784\n|detailschange|p1b: Gail|Gardevoir-Mega, L50, M\n|-mega|p1b: Gail|Gardevoir|Gardevoirite\n|move|p2a: Kangaskhan|Protect|p2a: Kangaskhan\n|-singleturn|p2a: Kangaskhan|Protect\n|move|p1b: Gail|Protect|p1b: Gail\n|-singleturn|p1b: Gail|Protect\n|move|p1a: Mary|Icy Wind|p2b: Sinistcha|[spread] p2b\n|-activate|p2a: Kangaskhan|move: Protect\n|-supereffective|p2b: Sinistcha|1\n|-damage|p2b: Sinistcha|85/100\n|-unboost|p2b: Sinistcha|spe|1\n|move|p2b: Sinistcha|Matcha Gotcha|p1a: Mary|[spread] p1a\n|-activate|p1b: Gail|move: Protect\n|-supereffective|p1a: Mary|1\n|-damage|p1a: Mary|38/100\n|-heal|p2b: Sinistcha|100/100|[from] drain|[of] p1a: Mary\n|\n|-heal|p1a: Mary|43/100|[from] item: Leftovers\n|-end|p2a: Kangaskhan|Throat Chop|[silent]\n|upkeep\n|turn|10\n|inactive|sagapocalypse1 has 30 seconds left.\n|inactive|sagapocalypse1 has 20 seconds left.\n|\n|t:|1776463820\n|switch|p2b: Talonflame|Talonflame, L50, F|100/100\n|move|p2a: Kangaskhan|Double-Edge|p1b: Gail\n|-damage|p1b: Gail|0 fnt\n|faint|p1b: Gail\n|-hitcount|p1: Gail|1\n|-damage|p2a: Kangaskhan|38/100|[from] Recoil\n|move|p1a: Mary|Scald|p2a: Kangaskhan\n|-damage|p2a: Kangaskhan|14/100\n|\n|-heal|p1a: Mary|49/100|[from] item: Leftovers\n|upkeep\n|turn|11\n|\n|t:|1776463837\n|move|p2a: Kangaskhan|Protect|p2a: Kangaskhan\n|-singleturn|p2a: Kangaskhan|Protect\n|move|p2b: Talonflame|Will-O-Wisp|p1a: Mary\n|-status|p1a: Mary|brn\n|move|p1a: Mary|Icy Wind|p2b: Talonflame|[spread] p2b\n|-activate|p2a: Kangaskhan|move: Protect\n|-damage|p2b: Talonflame|84/100\n|-unboost|p2b: Talonflame|spe|1\n|\n|-heal|p1a: Mary|55/100 brn|[from] item: Leftovers\n|-damage|p1a: Mary|49/100 brn|[from] brn\n|upkeep\n|turn|12\n|c|\u2606sagapocalypse1|gg\n|\n|t:|1776463850\n|switch|p2b: Sinistcha|Sinistcha, L50|100/100\n|-heal|p2a: Kangaskhan|39/100|[from] ability: Hospitality|[of] p2b: Sinistcha\n|move|p2a: Kangaskhan|Double-Edge|p1a: Mary\n|-damage|p1a: Mary|0 fnt\n|faint|p1a: Mary\n|-hitcount|p1: Mary|1\n|-damage|p2a: Kangaskhan|26/100|[from] Recoil\n|\n|win|Anicredible\n|n|\u2606sagapocalypse1|sagapocalypse1\n|n|\u2606Anicredible|anicredible\n|c|\u2606Anicredible|gg\n",
  "uploadtime": 1776463860,
  "views": 14,
  "formatid": "gen9championsvgc2026regma",
  "rating": null,
  "private": 0,
  "password": null
}