{
  "id": "gen9championsvgc2026regma-2582084955",
  "format": "[Gen 9 Champions] VGC 2026 Reg M-A",
  "players": [
    "Hiimoliver",
    "Yeraldongo"
  ],
  "log": "|j|\u2606Hiimoliver\n|j|\u2606Yeraldongo\n|t:|1776055953\n|gametype|doubles\n|player|p1|Hiimoliver|lance|\n|player|p2|Yeraldongo|1|\n|gen|9\n|tier|[Gen 9 Champions] VGC 2026 Reg M-A\n|rule|Species Clause: Limit one of each Pok\u00e9mon\n|rule|Item Clause: Limit 1 of each item\n|clearpoke\n|poke|p1|Incineroar, L50, M|\n|poke|p1|Milotic, L50, F|\n|poke|p1|Pelipper, L50, M|\n|poke|p1|Sneasler, L50, F|\n|poke|p1|Corviknight, L50, F|\n|poke|p1|Meganium, L50, M|\n|poke|p2|Dragonite, L50, M|\n|poke|p2|Machamp, L50, M|\n|poke|p2|Whimsicott, L50, F|\n|poke|p2|Arcanine, L50, F|\n|poke|p2|Tyranitar, L50, M|\n|poke|p2|Aggron, L50, F|\n|teampreview|4\n|c|\u2606Hiimoliver|hola\nHiimoliver has agreed to open team sheets.\n|\n|t:|1776056037\n|teamsize|p1|4\n|teamsize|p2|4\n|start\n|switch|p1a: Sneasler|Sneasler, L50, F|100/100\n|switch|p1b: Pelipper|Pelipper, L50, M|100/100\n|switch|p2a: Tyranitar|Tyranitar, L50, M|100/100\n|switch|p2b: Arcanine|Arcanine, L50, F|100/100\n|-ability|p2b: Arcanine|Intimidate|boost\n|-unboost|p1a: Sneasler|atk|1\n|-unboost|p1b: Pelipper|atk|1\n|-weather|RainDance|[from] ability: Drizzle|[of] p1b: Pelipper\n|-weather|Sandstorm|[from] ability: Sand Stream|[of] p2a: Tyranitar\n|turn|1\n|c|\u2606Yeraldongo|Ola\n|c|\u2606Hiimoliver|hola amigo\n|\n|t:|1776056125\n|move|p2a: Tyranitar|Protect|p2a: Tyranitar\n|-singleturn|p2a: Tyranitar|Protect\n|move|p1a: Sneasler|Close Combat|p2a: Tyranitar\n|-activate|p2a: Tyranitar|move: Protect\n|move|p2b: Arcanine|Wild Charge|p1b: Pelipper\n|-supereffective|p1b: Pelipper|2\n|-damage|p1b: Pelipper|0 fnt\n|faint|p1b: Pelipper\n|-damage|p2b: Arcanine|81/100|[from] Recoil\n|\n|-weather|Sandstorm|[upkeep]\n|-damage|p1a: Sneasler|94/100|[from] Sandstorm\n|-damage|p2b: Arcanine|75/100|[from] Sandstorm\n|upkeep\n|c|\u2606Yeraldongo|Porno\n|\n|t:|1776056140\n|switch|p1b: Milotic|Milotic, L50, F, shiny|100/100\n|turn|2\n|\n|t:|1776056170\n|switch|p2a: Whimsicott|Whimsicott, L50, F|100/100\n|move|p1a: Sneasler|Close Combat|p2a: Whimsicott\n|-resisted|p2a: Whimsicott|1\n|-damage|p2a: Whimsicott|72/100\n|-unboost|p1a: Sneasler|def|1\n|-unboost|p1a: Sneasler|spd|1\n|move|p2b: Arcanine|Wild Charge|p1b: Milotic\n|-supereffective|p1b: Milotic|1\n|-damage|p1b: Milotic|46/100\n|-damage|p2b: Arcanine|60/100|[from] Recoil\n|move|p1b: Milotic|Scald|p2b: Arcanine\n|-supereffective|p2b: Arcanine|1\n|-enditem|p2b: Arcanine|Passho Berry|[eat]\n|-enditem|p2b: Arcanine|Passho Berry|[weaken]\n|-damage|p2b: Arcanine|21/100\n|-heal|p1b: Milotic|50/100|[from] item: Shell Bell|[of] p2b: Arcanine\n|\n|-weather|Sandstorm|[upkeep]\n|-damage|p1a: Sneasler|88/100|[from] Sandstorm\n|-damage|p2a: Whimsicott|66/100|[from] Sandstorm\n|-damage|p2b: Arcanine|15/100|[from] Sandstorm\n|-damage|p1b: Milotic|44/100|[from] Sandstorm\n|-heal|p2a: Whimsicott|72/100|[from] item: Leftovers\n|upkeep\n|turn|3\n|\n|t:|1776056213\n|move|p2a: Whimsicott|Tailwind|p2a: Whimsicott\n|-sidestart|p2: Yeraldongo|move: Tailwind\n|move|p2b: Arcanine|Wild Charge|p1b: Milotic\n|-supereffective|p1b: Milotic|1\n|-crit|p1b: Milotic\n|-damage|p1b: Milotic|0 fnt\n|faint|p1b: Milotic\n|-damage|p2b: Arcanine|3/100|[from] Recoil\n|move|p1a: Sneasler|Dire Claw|p2a: Whimsicott\n|-supereffective|p2a: Whimsicott|2\n|-damage|p2a: Whimsicott|0 fnt\n|faint|p2a: Whimsicott\n|\n|-weather|Sandstorm|[upkeep]\n|-damage|p2b: Arcanine|0 fnt|[from] Sandstorm\n|-damage|p1a: Sneasler|82/100|[from] Sandstorm\n|faint|p2b: Arcanine\n|upkeep\n|\n|t:|1776056226\n|switch|p2a: Machamp|Machamp, L50, M|100/100\n|switch|p2b: Tyranitar|Tyranitar, L50, M|100/100\n|switch|p1b: Meganium|Meganium, L50, M|100/100\n|turn|4\n|\n|t:|1776056277\n|move|p2b: Tyranitar|Protect|p2b: Tyranitar\n|-singleturn|p2b: Tyranitar|Protect\n|move|p1a: Sneasler|Close Combat|p2b: Tyranitar\n|-activate|p2b: Tyranitar|move: Protect\n|move|p2a: Machamp|Stone Edge|p1a: Sneasler\n|-resisted|p1a: Sneasler|1\n|-damage|p1a: Sneasler|35/100\n|move|p1b: Meganium|Dazzling Gleam|p2a: Machamp|[spread] p2a\n|-activate|p2b: Tyranitar|move: Protect\n|-supereffective|p2a: Machamp|1\n|-damage|p2a: Machamp|76/100\n|\n|-weather|Sandstorm|[upkeep]\n|-damage|p1a: Sneasler|29/100|[from] Sandstorm\n|-damage|p2a: Machamp|70/100|[from] Sandstorm\n|-damage|p1b: Meganium|95/100|[from] Sandstorm\n|upkeep\n|turn|5\n|\n|t:|1776056333\n|detailschange|p1b: Meganium|Meganium-Mega, L50, M\n|-mega|p1b: Meganium|Meganium|Meganiumite\n|move|p2a: Machamp|Bullet Punch|p1a: Sneasler\n|-damage|p1a: Sneasler|0 fnt\n|faint|p1a: Sneasler\n|move|p2b: Tyranitar|Rock Slide|p1b: Meganium\n|-damage|p1b: Meganium|60/100\n|cant|p1b: Meganium|flinch\n|\n|-weather|none\n|upkeep\n|turn|6\n|\n|t:|1776056352\n|move|p2a: Machamp|Bullet Punch|p1b: Meganium\n|-supereffective|p1b: Meganium|1\n|-damage|p1b: Meganium|34/100\n|move|p2b: Tyranitar|Rock Slide|p1b: Meganium\n|-damage|p1b: Meganium|0 fnt\n|faint|p1b: Meganium\n|\n|win|Yeraldongo\n|l|\u2606Hiimoliver\n|player|p1|\n",
  "uploadtime": 1776056367,
  "views": 11,
  "formatid": "gen9championsvgc2026regma",
  "rating": null,
  "private": 0,
  "password": null
}