{
  "id": "gen9championsvgc2026regma-2583268214",
  "format": "[Gen 9 Champions] VGC 2026 Reg M-A",
  "players": [
    "Chaoschips",
    "DeltaWithADuck"
  ],
  "log": "|j|\u2606Chaoschips\n|j|\u2606DeltaWithADuck\n|t:|1776161410\n|gametype|doubles\n|player|p1|Chaoschips|1|1081\n|player|p2|DeltaWithADuck|miku-ghost|1062\n|gen|9\n|tier|[Gen 9 Champions] VGC 2026 Reg M-A\n|rated|\n|rule|Species Clause: Limit one of each Pok\u00e9mon\n|rule|Item Clause: Limit 1 of each item\n|clearpoke\n|poke|p1|Hawlucha, L50, M|\n|poke|p1|Kingambit, L50, F|\n|poke|p1|Floette-Eternal, L50, F|\n|poke|p1|Kommo-o, L50, F|\n|poke|p1|Aerodactyl, L50, F|\n|poke|p1|Incineroar, L50, F|\n|poke|p2|Tyranitar, L50, M|\n|poke|p2|Sinistcha, L50|\n|poke|p2|Sneasler, L50, F|\n|poke|p2|Milotic, L50, F|\n|poke|p2|Dragonite, L50, M|\n|poke|p2|Scovillain, L50, M|\n|teampreview|4\n|inactive|Battle timer is ON: inactive players will automatically lose when time's up. (requested by Chaoschips)\n|l|\u2606DeltaWithADuck\n|inactive|DeltaWithADuck disconnected and has a minute to reconnect!\n|player|p2|\n|j|\u2606DeltaWithADuck\n|inactive|DeltaWithADuck reconnected and has 70 seconds left.\n|player|p2|DeltaWithADuck|miku-ghost|\n|inactive|DeltaWithADuck has 60 seconds left.\n|inactive|DeltaWithADuck has 30 seconds left.\n|inactive|DeltaWithADuck has 20 seconds left.\n|inactive|DeltaWithADuck has 15 seconds left.\n|\n|t:|1776161486\n|teamsize|p1|4\n|teamsize|p2|4\n|start\n|switch|p1a: Hawlucha|Hawlucha, L50, M|100/100\n|switch|p1b: Incineroar|Incineroar, L50, F|100/100\n|switch|p2a: Queen Fish|Milotic, L50, F, shiny|100/100\n|switch|p2b: Sneasler|Sneasler, L50, F|100/100\n|-ability|p1a: Hawlucha|Mold Breaker\n|-ability|p1b: Incineroar|Intimidate|boost\n|-unboost|p2a: Queen Fish|atk|1\n|-ability|p2a: Queen Fish|Competitive|boost\n|-boost|p2a: Queen Fish|spa|2\n|-unboost|p2b: Sneasler|atk|1\n|turn|1\n|\n|t:|1776161508\n|switch|p2b: Sinistcha|Sinistcha, L50|100/100\n|detailschange|p1a: Hawlucha|Hawlucha-Mega, L50, M\n|-mega|p1a: Hawlucha|Hawlucha|Hawluchanite\n|move|p1b: Incineroar|Fake Out|p2a: Queen Fish\n|-damage|p2a: Queen Fish|92/100\n|move|p1a: Hawlucha|Dual Wingbeat|p2b: Sinistcha\n|-supereffective|p2b: Sinistcha|1\n|-damage|p2b: Sinistcha|59/100\n|-supereffective|p2b: Sinistcha|1\n|-damage|p2b: Sinistcha|22/100\n|-enditem|p2b: Sinistcha|Sitrus Berry|[eat]\n|-heal|p2b: Sinistcha|47/100|[from] item: Sitrus Berry\n|-hitcount|p2b: Sinistcha|2\n|cant|p2a: Queen Fish|flinch\n|\n|-heal|p2a: Queen Fish|98/100|[from] item: Leftovers\n|upkeep\n|turn|2\n|inactive|Chaoschips has 30 seconds left.\n|inactive|DeltaWithADuck has 30 seconds left.\n|inactive|Chaoschips has 20 seconds left.\n|inactive|DeltaWithADuck has 20 seconds left.\n|inactive|Chaoschips has 15 seconds left.\n|\n|t:|1776161552\n|switch|p1b: Kingambit|Kingambit, L50, F, shiny|100/100\n|move|p1a: Hawlucha|Dual Wingbeat|p2b: Sinistcha\n|-supereffective|p2b: Sinistcha|1\n|-damage|p2b: Sinistcha|5/100\n|-supereffective|p2b: Sinistcha|1\n|-damage|p2b: Sinistcha|0 fnt\n|faint|p2b: Sinistcha\n|-hitcount|p2: Sinistcha|2\n|move|p2a: Queen Fish|Muddy Water|p1b: Kingambit|[spread] p1a,p1b\n|-damage|p1a: Hawlucha|43/100\n|-damage|p1b: Kingambit|55/100\n|-unboost|p1a: Hawlucha|accuracy|1\n|\n|-heal|p2a: Queen Fish|100/100|[from] item: Leftovers\n|upkeep\n|\n|t:|1776161577\n|switch|p2b: Barney|Dragonite, L50, M, shiny|100/100\n|turn|3\n|inactive|Chaoschips has 30 seconds left.\n|\n|t:|1776161604\n|move|p2a: Queen Fish|Protect|p2a: Queen Fish\n|-singleturn|p2a: Queen Fish|Protect\n|move|p1a: Hawlucha|Entrainment|p1b: Kingambit\n|-ability|p1b: Kingambit|No Guard|Defiant|[from] move: Entrainment|[of] p1a: Hawlucha\n|move|p2b: Barney|Scale Shot|p1a: Hawlucha\n|-damage|p1a: Hawlucha|25/100\n|-damage|p1a: Hawlucha|8/100\n|-damage|p1a: Hawlucha|0 fnt\n|faint|p1a: Hawlucha\n|-hitcount|p1: Hawlucha|3\n|-unboost|p2b: Barney|def|1\n|-boost|p2b: Barney|spe|1\n|-enditem|p2b: Barney|White Herb\n|-clearnegativeboost|p2b: Barney|[silent]\n|move|p1b: Kingambit|Guillotine|p2a: Queen Fish\n|-activate|p2a: Queen Fish|move: Protect\n|\n|upkeep\n|\n|t:|1776161608\n|switch|p1a: Incineroar|Incineroar, L50, F|100/100\n|-ability|p1a: Incineroar|Intimidate|boost\n|-unboost|p2a: Queen Fish|atk|1\n|-ability|p2a: Queen Fish|Competitive|boost\n|-boost|p2a: Queen Fish|spa|2\n|-unboost|p2b: Barney|atk|1\n|turn|4\n|inactive|DeltaWithADuck has 30 seconds left.\n|inactive|DeltaWithADuck has 20 seconds left.\n|inactive|DeltaWithADuck has 15 seconds left.\n|inactive|DeltaWithADuck has 10 seconds left.\n|inactive|DeltaWithADuck has 5 seconds left.\n|\n|t:|1776161662\n|switch|p2a: Sneasler|Sneasler, L50, F|100/100\n|move|p1a: Incineroar|Fake Out|p2a: Sneasler\n|-damage|p2a: Sneasler|83/100\n|move|p2b: Barney|Rock Slide|p1a: Incineroar|[spread] p1a,p1b\n|-supereffective|p1a: Incineroar|1\n|-resisted|p1b: Kingambit|1\n|-damage|p1a: Incineroar|75/100\n|-damage|p1b: Kingambit|50/100\n|move|p1b: Kingambit|Guillotine|p2a: Sneasler\n|-damage|p2a: Sneasler|0 fnt\n|faint|p2a: Sneasler\n|-ohko\n|\n|upkeep\n|\n|t:|1776161675\n|switch|p2a: Queen Fish|Milotic, L50, F, shiny|100/100\n|turn|5\n|\n|t:|1776161684\n|move|p1b: Kingambit|Protect|p1b: Kingambit\n|-singleturn|p1b: Kingambit|Protect\n|move|p2b: Barney|Stomping Tantrum|p1b: Kingambit\n|-activate|p1b: Kingambit|move: Protect\n|move|p2a: Queen Fish|Muddy Water|p1b: Kingambit|[spread] \n|-activate|p1b: Kingambit|move: Protect\n|-miss|p2a: Queen Fish|p1a: Incineroar\n|move|p1a: Incineroar|Will-O-Wisp|p2b: Barney|[miss]\n|-miss|p1a: Incineroar|p2b: Barney\n|\n|upkeep\n|turn|6\n|\n|t:|1776161704\n|move|p2b: Barney|Stomping Tantrum|p1b: Kingambit\n|-supereffective|p1b: Kingambit|1\n|-damage|p1b: Kingambit|18/100\n|move|p2a: Queen Fish|Muddy Water|p1a: Incineroar|[spread] p1a,p1b\n|-supereffective|p1a: Incineroar|1\n|-damage|p1a: Incineroar|39/100\n|-damage|p1b: Kingambit|0 fnt\n|-enditem|p1a: Incineroar|Sitrus Berry|[eat]\n|-heal|p1a: Incineroar|64/100|[from] item: Sitrus Berry\n|faint|p1b: Kingambit\n|move|p1a: Incineroar|Will-O-Wisp|p2b: Barney\n|-status|p2b: Barney|brn\n|\n|-damage|p2b: Barney|94/100 brn|[from] brn\n|upkeep\n|\n|t:|1776161710\n|switch|p1b: Kommo-o|Kommo-o, L50, F|100/100\n|turn|7\n|\n|t:|1776161733\n|move|p2b: Barney|Scale Shot|p1b: Kommo-o\n|-supereffective|p1b: Kommo-o|1\n|-damage|p1b: Kommo-o|90/100\n|-supereffective|p1b: Kommo-o|1\n|-damage|p1b: Kommo-o|80/100\n|-hitcount|p1b: Kommo-o|2\n|-unboost|p2b: Barney|def|1\n|-boost|p2b: Barney|spe|1\n|move|p1b: Kommo-o|Clangorous Soul|p1b: Kommo-o\n|-boost|p1b: Kommo-o|atk|1\n|-boost|p1b: Kommo-o|def|1\n|-boost|p1b: Kommo-o|spa|1\n|-boost|p1b: Kommo-o|spd|1\n|-boost|p1b: Kommo-o|spe|1\n|-damage|p1b: Kommo-o|47/100\n|move|p2a: Queen Fish|Icy Wind|p1a: Incineroar|[spread] p1a,p1b\n|-resisted|p1a: Incineroar|1\n|-supereffective|p1b: Kommo-o|1\n|-damage|p1a: Incineroar|61/100\n|-damage|p1b: Kommo-o|32/100\n|-unboost|p1a: Incineroar|spe|1\n|-unboost|p1b: Kommo-o|spe|1\n|move|p1a: Incineroar|Parting Shot|p2b: Barney\n|-unboost|p2b: Barney|atk|1\n|-unboost|p2b: Barney|spa|1\n|\n|-heal|p1b: Kommo-o|38/100|[from] item: Leftovers\n|-damage|p2b: Barney|88/100 brn|[from] brn\n|upkeep\n|turn|8\n|inactive|DeltaWithADuck has 30 seconds left.\n|\n|t:|1776161761\n|move|p1b: Kommo-o|Protect|p1b: Kommo-o\n|-singleturn|p1b: Kommo-o|Protect\n|move|p2b: Barney|Scale Shot|p1b: Kommo-o\n|-activate|p1b: Kommo-o|move: Protect\n|move|p2a: Queen Fish|Icy Wind|p1a: Incineroar|[spread] \n|-activate|p1b: Kommo-o|move: Protect\n|-miss|p2a: Queen Fish|p1a: Incineroar\n|move|p1a: Incineroar|Flare Blitz|p2b: Barney\n|-resisted|p2b: Barney|1\n|-damage|p2b: Barney|47/100 brn\n|-damage|p1a: Incineroar|50/100|[from] Recoil\n|\n|-heal|p1b: Kommo-o|44/100|[from] item: Leftovers\n|-damage|p2b: Barney|41/100 brn|[from] brn\n|upkeep\n|turn|9\n|inactive|Chaoschips has 30 seconds left.\n|\n|t:|1776161788\n|move|p2b: Barney|Scale Shot|p1b: Kommo-o\n|-supereffective|p1b: Kommo-o|1\n|-damage|p1b: Kommo-o|38/100\n|-supereffective|p1b: Kommo-o|1\n|-damage|p1b: Kommo-o|32/100\n|-supereffective|p1b: Kommo-o|1\n|-damage|p1b: Kommo-o|26/100\n|-supereffective|p1b: Kommo-o|1\n|-damage|p1b: Kommo-o|20/100\n|-hitcount|p1b: Kommo-o|4\n|-unboost|p2b: Barney|def|1\n|-boost|p2b: Barney|spe|1\n|move|p1b: Kommo-o|Close Combat|p2a: Queen Fish\n|-damage|p2a: Queen Fish|28/100\n|-unboost|p1b: Kommo-o|def|1\n|-unboost|p1b: Kommo-o|spd|1\n|move|p2a: Queen Fish|Icy Wind|p1a: Incineroar|[spread] p1a,p1b\n|-resisted|p1a: Incineroar|1\n|-supereffective|p1b: Kommo-o|1\n|-crit|p1b: Kommo-o\n|-damage|p1a: Incineroar|46/100\n|-damage|p1b: Kommo-o|0 fnt\n|-unboost|p1a: Incineroar|spe|1\n|faint|p1b: Kommo-o\n|move|p1a: Incineroar|Flare Blitz|p2b: Barney\n|-resisted|p2b: Barney|1\n|-damage|p2b: Barney|0 fnt\n|faint|p2b: Barney\n|-damage|p1a: Incineroar|35/100|[from] Recoil\n|\n|-heal|p2a: Queen Fish|34/100|[from] item: Leftovers\n|upkeep\n|turn|10\n|inactive|DeltaWithADuck has 30 seconds left.\n|\n|t:|1776161818\n|move|p2a: Queen Fish|Protect|p2a: Queen Fish\n|-singleturn|p2a: Queen Fish|Protect\n|move|p1a: Incineroar|Flare Blitz|p2a: Queen Fish\n|-activate|p2a: Queen Fish|move: Protect\n|\n|-heal|p2a: Queen Fish|40/100|[from] item: Leftovers\n|upkeep\n|turn|11\n|\n|t:|1776161826\n|move|p2a: Queen Fish|Recover|p2a: Queen Fish\n|-heal|p2a: Queen Fish|90/100\n|move|p1a: Incineroar|Flare Blitz|p2a: Queen Fish\n|-resisted|p2a: Queen Fish|1\n|-damage|p2a: Queen Fish|70/100\n|-damage|p1a: Incineroar|29/100|[from] Recoil\n|\n|-heal|p2a: Queen Fish|76/100|[from] item: Leftovers\n|upkeep\n|turn|12\n|-message|Chaoschips forfeited.\n|\n|win|DeltaWithADuck\n|raw|Chaoschips's rating: 1081 &rarr; <strong>1058</strong><br />(-23 for losing)\n|raw|DeltaWithADuck's rating: 1062 &rarr; <strong>1094</strong><br />(+32 for winning)\n|l|\u2606Chaoschips\n|player|p1|\n",
  "uploadtime": 1776161851,
  "views": 23,
  "formatid": "gen9championsvgc2026regma",
  "rating": 1058,
  "private": 0,
  "password": null
}