{
  "id": "gen9championsvgc2026regma-2580976464",
  "format": "[Gen 9 Champions] VGC 2026 Reg M-A",
  "players": [
    "FoulScowl",
    "GuitaHebbyFantaisa"
  ],
  "log": "|j|\u2606FoulScowl\n|j|\u2606GuitaHebbyFantaisa\n|t:|1775948311\n|gametype|doubles\n|player|p1|FoulScowl|grimsley|1000\n|player|p2|GuitaHebbyFantaisa|roxie|1048\n|gen|9\n|tier|[Gen 9 Champions] VGC 2026 Reg M-A\n|rated|\n|rule|Species Clause: Limit one of each Pok\u00e9mon\n|rule|Item Clause: Limit 1 of each item\n|clearpoke\n|poke|p1|Typhlosion-Hisui, L50, F|\n|poke|p1|Incineroar, L50, M|\n|poke|p1|Rotom-Wash, L50|\n|poke|p1|Dragonite, L50, M|\n|poke|p1|Aegislash, L50, M|\n|poke|p1|Sylveon, L50, F|\n|poke|p2|Feraligatr, L50, M|\n|poke|p2|Incineroar, L50, F|\n|poke|p2|Sinistcha, L50|\n|poke|p2|Aerodactyl, L50, M|\n|poke|p2|Kingambit, L50, F|\n|poke|p2|Floette-Eternal, L50, F|\n|teampreview|4\n|inactive|Battle timer is ON: inactive players will automatically lose when time's up. (requested by GuitaHebbyFantaisa)\nFoulScowl rejected open team sheets.\n|inactive|GuitaHebbyFantaisa has 60 seconds left.\n|\n|t:|1775948343\n|teamsize|p1|4\n|teamsize|p2|4\n|start\n|switch|p1a: Aegislash|Aegislash, L50, M, shiny|100/100\n|switch|p1b: Incineroar|Incineroar, L50, M, shiny|100/100\n|switch|p2a: Aerodactyl|Aerodactyl, L50, M|100/100\n|switch|p2b: Incineroar|Incineroar, L50, F|100/100\n|-ability|p2a: Aerodactyl|Unnerve\n|-ability|p2b: Incineroar|Intimidate|boost\n|-unboost|p1a: Aegislash|atk|1\n|-unboost|p1b: Incineroar|atk|1\n|-ability|p1b: Incineroar|Intimidate|boost\n|-unboost|p2a: Aerodactyl|atk|1\n|-unboost|p2b: Incineroar|atk|1\n|turn|1\n|\n|t:|1775948352\n|move|p2a: Aerodactyl|Protect|p2a: Aerodactyl\n|-singleturn|p2a: Aerodactyl|Protect\n|move|p1b: Incineroar|Fake Out|p2a: Aerodactyl\n|-activate|p2a: Aerodactyl|move: Protect\n|move|p1a: Aegislash|Swords Dance|p1a: Aegislash\n|-boost|p1a: Aegislash|atk|2\n|move|p2b: Incineroar|Parting Shot|p1a: Aegislash\n|-unboost|p1a: Aegislash|atk|1\n|-unboost|p1a: Aegislash|spa|1\n|\n|t:|1775948367\n|switch|p2b: Kingambit|Kingambit, L50, F|100/100|[from] Parting Shot\n|\n|upkeep\n|turn|2\n|\n|t:|1775948385\n|switch|p1a: Rotom|Rotom-Wash, L50|100/100\n|move|p2a: Aerodactyl|Tailwind|p2a: Aerodactyl\n|-sidestart|p2: GuitaHebbyFantaisa|move: Tailwind\n|move|p2b: Kingambit|Stone Edge|p1b: Incineroar\n|-supereffective|p1b: Incineroar|1\n|-damage|p1b: Incineroar|33/100\n|move|p1b: Incineroar|Flare Blitz|p2b: Kingambit\n|-supereffective|p2b: Kingambit|1\n|-enditem|p2b: Kingambit|Occa Berry|[eat]\n|-enditem|p2b: Kingambit|Occa Berry|[weaken]\n|-damage|p2b: Kingambit|72/100\n|-damage|p1b: Incineroar|25/100|[from] Recoil\n|\n|upkeep\n|turn|3\n|\n|t:|1775948402\n|switch|p1b: Aegislash|Aegislash, L50, M, shiny|100/100\n|move|p2a: Aerodactyl|Rock Slide|p1a: Rotom|[spread] p1a,p1b\n|-resisted|p1b: Aegislash|1\n|-damage|p1a: Rotom|81/100\n|-damage|p1b: Aegislash|94/100\n|move|p2b: Kingambit|Kowtow Cleave|p1a: Rotom\n|-damage|p1a: Rotom|31/100\n|move|p1a: Rotom|Hydro Pump|p2a: Aerodactyl|[miss]\n|-miss|p1a: Rotom|p2a: Aerodactyl\n|\n|-heal|p1b: Aegislash|99/100|[from] item: Leftovers\n|upkeep\n|turn|4\n|\n|t:|1775948422\n|move|p2a: Aerodactyl|Rock Slide|p1b: Aegislash|[spread] p1a,p1b\n|-resisted|p1b: Aegislash|1\n|-damage|p1a: Rotom|15/100\n|-damage|p1b: Aegislash|93/100\n|move|p2b: Kingambit|Kowtow Cleave|p1b: Aegislash\n|-supereffective|p1b: Aegislash|1\n|-damage|p1b: Aegislash|5/100\n|move|p1a: Rotom|Will-O-Wisp|p2b: Kingambit|[miss]\n|-miss|p1a: Rotom|p2b: Kingambit\n|move|p1b: Aegislash|Swords Dance|p1b: Aegislash\n|-boost|p1b: Aegislash|atk|2\n|\n|-heal|p1b: Aegislash|11/100|[from] item: Leftovers\n|upkeep\n|turn|5\n|\n|t:|1775948437\n|move|p1b: Aegislash|King's Shield|p1b: Aegislash\n|-singleturn|p1b: Aegislash|Protect\n|move|p2b: Kingambit|Sucker Punch||[still]\n|-fail|p2b: Kingambit\n|move|p2a: Aerodactyl|Rock Slide|p1b: Aegislash|[spread] p1a\n|-activate|p1b: Aegislash|move: Protect\n|-damage|p1a: Rotom|0 fnt\n|faint|p1a: Rotom\n|\n|-heal|p1b: Aegislash|17/100|[from] item: Leftovers\n|-sideend|p2: GuitaHebbyFantaisa|move: Tailwind\n|upkeep\n|\n|t:|1775948442\n|switch|p1a: Dragonite|Dragonite, L50, M|100/100\n|turn|6\n|\n|t:|1775948458\n|detailschange|p1a: Dragonite|Dragonite-Mega, L50, M\n|-mega|p1a: Dragonite|Dragonite|Dragoninite\n|move|p2b: Kingambit|Sucker Punch|p1a: Dragonite\n|-damage|p1a: Dragonite|84/100\n|move|p2a: Aerodactyl|Tailwind|p2a: Aerodactyl\n|-sidestart|p2: GuitaHebbyFantaisa|move: Tailwind\n|move|p1a: Dragonite|Low Kick|p2b: Kingambit\n|-supereffective|p2b: Kingambit|2\n|-damage|p2b: Kingambit|0 fnt\n|faint|p2b: Kingambit\n|move|p1b: Aegislash|Swords Dance|p1b: Aegislash\n|-boost|p1b: Aegislash|atk|2\n|\n|-heal|p1b: Aegislash|23/100|[from] item: Leftovers\n|upkeep\n|\n|t:|1775948469\n|switch|p2b: Feraligatr|Feraligatr, L50, M|100/100\n|turn|7\n|\n|t:|1775948486\n|switch|p2b: Incineroar|Incineroar, L50, F|100/100\n|-ability|p2b: Incineroar|Intimidate|boost\n|-unboost|p1a: Dragonite|atk|1\n|-unboost|p1b: Aegislash|atk|1\n|switch|p1a: Incineroar|Incineroar, L50, M, shiny|25/100\n|-ability|p1a: Incineroar|Intimidate|boost\n|-unboost|p2a: Aerodactyl|atk|1\n|-unboost|p2b: Incineroar|atk|1\n|move|p1b: Aegislash|King's Shield|p1b: Aegislash\n|-singleturn|p1b: Aegislash|Protect\n|move|p2a: Aerodactyl|Rock Slide|p1b: Aegislash|[spread] \n|-activate|p1b: Aegislash|move: Protect\n|-miss|p2a: Aerodactyl|p1a: Incineroar\n|\n|-heal|p1b: Aegislash|29/100|[from] item: Leftovers\n|upkeep\n|turn|8\n|\n|t:|1775948502\n|move|p1a: Incineroar|Fake Out|p2b: Incineroar|[miss]\n|-miss|p1a: Incineroar|p2b: Incineroar\n|move|p2a: Aerodactyl|Rock Slide|p1b: Aegislash|[spread] p1a,p1b\n|-supereffective|p1a: Incineroar|1\n|-resisted|p1b: Aegislash|1\n|-damage|p1a: Incineroar|6/100\n|-damage|p1b: Aegislash|24/100\n|move|p2b: Incineroar|Crunch|p1b: Aegislash\n|-supereffective|p1b: Aegislash|1\n|-damage|p1b: Aegislash|0 fnt\n|faint|p1b: Aegislash\n|\n|upkeep\n|\n|t:|1775948511\n|switch|p1b: Dragonite|Dragonite-Mega, L50, M|84/100\n|turn|9\n|\n|t:|1775948518\n|move|p2a: Aerodactyl|Protect|p2a: Aerodactyl\n|-singleturn|p2a: Aerodactyl|Protect\n|move|p2b: Incineroar|Crunch|p1a: Incineroar\n|-resisted|p1a: Incineroar|1\n|-damage|p1a: Incineroar|0 fnt\n|faint|p1a: Incineroar\n|move|p1b: Dragonite|Low Kick|p2b: Incineroar\n|-supereffective|p2b: Incineroar|1\n|-damage|p2b: Incineroar|51/100\n|\n|-sideend|p2: GuitaHebbyFantaisa|move: Tailwind\n|upkeep\n|turn|10\n|\n|t:|1775948530\n|move|p2a: Aerodactyl|Tailwind|p2a: Aerodactyl\n|-sidestart|p2: GuitaHebbyFantaisa|move: Tailwind\n|move|p2b: Incineroar|Will-O-Wisp|p1b: Dragonite\n|-status|p1b: Dragonite|brn\n|move|p1b: Dragonite|Iron Head|p2a: Aerodactyl\n|-supereffective|p2a: Aerodactyl|1\n|-damage|p2a: Aerodactyl|64/100\n|\n|-damage|p1b: Dragonite|78/100 brn|[from] brn\n|upkeep\n|turn|11\n|-message|FoulScowl forfeited.\n|\n|win|GuitaHebbyFantaisa\n|raw|FoulScowl's rating: 1000 &rarr; <strong>1000</strong><br />(+0 for losing)\n|raw|GuitaHebbyFantaisa's rating: 1048 &rarr; <strong>1076</strong><br />(+28 for winning)\n|l|\u2606FoulScowl\n|player|p1|\n",
  "uploadtime": 1775948537,
  "views": 9,
  "formatid": "gen9championsvgc2026regma",
  "rating": 1000,
  "private": 0,
  "password": null
}