{
  "id": "gen9championsvgc2026regma-2582184027",
  "format": "[Gen 9 Champions] VGC 2026 Reg M-A",
  "players": [
    "wdnmlgbyd",
    "FLAMEcara"
  ],
  "log": "|j|\u2606wdnmlgbyd\n|j|\u2606FLAMEcara\n|t:|1776068592\n|gametype|doubles\n|player|p1|wdnmlgbyd|veteranf|1071\n|player|p2|FLAMEcara|n|1030\n|gen|9\n|tier|[Gen 9 Champions] VGC 2026 Reg M-A\n|rated|\n|rule|Species Clause: Limit one of each Pok\u00e9mon\n|rule|Item Clause: Limit 1 of each item\n|clearpoke\n|poke|p1|Excadrill, L50, F|\n|poke|p1|Tyranitar, L50, M|\n|poke|p1|Aerodactyl, L50, M|\n|poke|p1|Garchomp, L50, F|\n|poke|p1|Meowscarada, L50, F|\n|poke|p1|Kingambit, L50, M|\n|poke|p2|Abomasnow, L50, F|\n|poke|p2|Farigiraf, L50, F|\n|poke|p2|Ninetales-Alola, L50, M|\n|poke|p2|Hatterene, L50, F|\n|poke|p2|Incineroar, L50, F|\n|poke|p2|Palafin, L50, M|\n|teampreview|4\nFLAMEcara rejected open team sheets.\n|\n|t:|1776068613\n|teamsize|p1|4\n|teamsize|p2|4\n|start\n|switch|p1a: Excadrill|Excadrill, L50, F|100/100\n|switch|p1b: Kingambit|Kingambit, L50, M|100/100\n|switch|p2a: Incineroar|Incineroar, L50, F|100/100\n|switch|p2b: Palafin|Palafin, L50, M|100/100\n|-ability|p2a: Incineroar|Intimidate|boost\n|-unboost|p1a: Excadrill|atk|1\n|-unboost|p1b: Kingambit|atk|1\n|-ability|p1b: Kingambit|Defiant|boost\n|-boost|p1b: Kingambit|atk|2\n|turn|1\n|\n|t:|1776068633\n|move|p1a: Excadrill|High Horsepower|p2a: Incineroar\n|-supereffective|p2a: Incineroar|1\n|-damage|p2a: Incineroar|20/100\n|move|p2b: Palafin|Flip Turn|p1a: Excadrill\n|-supereffective|p1a: Excadrill|1\n|-damage|p1a: Excadrill|23/100\n|\n|t:|1776068640\n|detailschange|p2b: Palafin|Palafin-Hero, L50, M\n|switch|p2b: Ninetales|Ninetales-Alola, L50, M|100/100|[from] Flip Turn\n|move|p2a: Incineroar|Parting Shot|p1a: Excadrill\n|-unboost|p1a: Excadrill|atk|1\n|-unboost|p1a: Excadrill|spa|1\n|\n|t:|1776068645\n|switch|p2a: Palafin|Palafin-Hero, L50, M|100/100|[from] Parting Shot\n|-activate|p2a: Palafin|ability: Zero to Hero\n|move|p1b: Kingambit|Low Kick|p2a: Palafin\n|-damage|p2a: Palafin|59/100\n|\n|upkeep\n|turn|2\n|\n|t:|1776068666\n|move|p1a: Excadrill|Protect|p1a: Excadrill\n|-singleturn|p1a: Excadrill|Protect\n|move|p2a: Palafin|Aqua Jet|p1a: Excadrill\n|-activate|p1a: Excadrill|move: Protect\n|move|p1b: Kingambit|Sucker Punch||[still]\n|-fail|p1b: Kingambit\n|move|p2b: Ninetales|Dazzling Gleam|p1b: Kingambit|[spread] p1b\n|-activate|p1a: Excadrill|move: Protect\n|-damage|p1b: Kingambit|78/100\n|\n|upkeep\n|turn|3\n|\n|t:|1776068686\n|move|p1a: Excadrill|Protect||[still]\n|-fail|p1a: Excadrill\n|move|p2a: Palafin|Aqua Jet|p1a: Excadrill\n|-supereffective|p1a: Excadrill|1\n|-damage|p1a: Excadrill|0 fnt\n|faint|p1a: Excadrill\n|move|p2b: Ninetales|Dazzling Gleam|p1b: Kingambit\n|-damage|p1b: Kingambit|44/100\n|move|p1b: Kingambit|Kowtow Cleave|p2a: Palafin\n|-damage|p2a: Palafin|0 fnt\n|faint|p2a: Palafin\n|\n|upkeep\n|\n|t:|1776068701\n|switch|p1a: Aerodactyl|Aerodactyl, L50, M|100/100\n|switch|p2a: Incineroar|Incineroar, L50, F|20/100\n|-ability|p2a: Incineroar|Intimidate|boost\n|-unboost|p1a: Aerodactyl|atk|1\n|-unboost|p1b: Kingambit|atk|1\n|-ability|p1b: Kingambit|Defiant|boost\n|-boost|p1b: Kingambit|atk|2\n|turn|4\n|\n|t:|1776068734\n|detailschange|p1a: Aerodactyl|Aerodactyl-Mega, L50, M\n|-mega|p1a: Aerodactyl|Aerodactyl|Aerodactylite\n|move|p1b: Kingambit|Sucker Punch||[still]\n|-fail|p1b: Kingambit\n|move|p1a: Aerodactyl|Dual Wingbeat|p2b: Ninetales\n|-damage|p2b: Ninetales|73/100\n|-damage|p2b: Ninetales|45/100\n|-hitcount|p2b: Ninetales|2\n|move|p2b: Ninetales|Blizzard|p1b: Kingambit|[spread] \n|-miss|p2b: Ninetales|p1a: Aerodactyl\n|-miss|p2b: Ninetales|p1b: Kingambit\n|move|p2a: Incineroar|Parting Shot|p1a: Aerodactyl\n|-unboost|p1a: Aerodactyl|atk|1\n|-unboost|p1a: Aerodactyl|spa|1\n|\n|t:|1776068746\n|switch|p2a: Abomasnow|Abomasnow, L50, F|100/100|[from] Parting Shot\n|-weather|Snowscape|[from] ability: Snow Warning|[of] p2a: Abomasnow\n|\n|-weather|Snowscape|[upkeep]\n|upkeep\n|turn|5\n|\n|t:|1776068763\n|detailschange|p2a: Abomasnow|Abomasnow-Mega, L50, F\n|-mega|p2a: Abomasnow|Abomasnow|Abomasite\n|move|p1a: Aerodactyl|Wide Guard|p1a: Aerodactyl\n|-singleturn|p1a: Aerodactyl|Wide Guard\n|move|p2b: Ninetales|Blizzard|p1b: Kingambit|[spread] \n|-activate|p1a: Aerodactyl|move: Wide Guard\n|-activate|p1b: Kingambit|move: Wide Guard\n|move|p1b: Kingambit|Iron Head|p2a: Abomasnow\n|-supereffective|p2a: Abomasnow|1\n|-damage|p2a: Abomasnow|8/100\n|move|p2a: Abomasnow|Blizzard|p1a: Aerodactyl|[spread] \n|-activate|p1a: Aerodactyl|move: Wide Guard\n|-activate|p1b: Kingambit|move: Wide Guard\n|\n|-weather|Snowscape|[upkeep]\n|upkeep\n|turn|6\n|\n|t:|1776068795\n|move|p1b: Kingambit|Sucker Punch|p2b: Ninetales\n|-resisted|p2b: Ninetales|1\n|-damage|p2b: Ninetales|9/100\n|move|p1a: Aerodactyl|Assurance|p2a: Abomasnow\n|-crit|p2a: Abomasnow\n|-damage|p2a: Abomasnow|0 fnt\n|faint|p2a: Abomasnow\n|move|p2b: Ninetales|Draining Kiss|p1b: Kingambit\n|-damage|p1b: Kingambit|25/100\n|-heal|p2b: Ninetales|26/100|[from] drain|[of] p1b: Kingambit\n|\n|-weather|Snowscape|[upkeep]\n|upkeep\n|\n|t:|1776068804\n|switch|p2a: Incineroar|Incineroar, L50, F|20/100\n|-ability|p2a: Incineroar|Intimidate|boost\n|-unboost|p1a: Aerodactyl|atk|1\n|-unboost|p1b: Kingambit|atk|1\n|-ability|p1b: Kingambit|Defiant|boost\n|-boost|p1b: Kingambit|atk|2\n|turn|7\n|-message|FLAMEcara forfeited.\n|\n|win|wdnmlgbyd\n|raw|wdnmlgbyd's rating: 1071 &rarr; <strong>1097</strong><br />(+26 for winning)\n|raw|FLAMEcara's rating: 1030 &rarr; <strong>1017</strong><br />(-13 for losing)\n|l|\u2606FLAMEcara\n|player|p2|\n",
  "uploadtime": 1776068823,
  "views": 23,
  "formatid": "gen9championsvgc2026regma",
  "rating": 1017,
  "private": 0,
  "password": null
}