{
  "id": "gen9championsvgc2026regma-2587270504",
  "format": "[Gen 9 Champions] VGC 2026 Reg M-A",
  "players": [
    "You're Sea Food",
    "lolgz"
  ],
  "log": "|j|\u2606You're Sea Food\n|j|\u2606lolgz\n|html|<table width=\"100%\"><tr><td align=\"left\">You&apos;re Sea Food</td><td align=\"right\">lolgz</tr><tr><td align=\"left\"><i class=\"fa fa-circle\"></i> <i class=\"fa fa-circle-o\"></i> </td><td align=\"right\"><i class=\"fa fa-circle-o\"></i> <i class=\"fa fa-circle\"></i> </tr></table>\n|uhtml|bestof|<h2><strong>Game 3</strong> of <a href=\"/game-bestof3-gen9championsvgc2026regma-2587265858\">a best-of-3</a></h2>\n|t:|1776516733\n|gametype|doubles\n|player|p1|You're Sea Food|fisherman|\n|player|p2|lolgz|dawn|\n|gen|9\n|tier|[Gen 9 Champions] VGC 2026 Reg M-A\n|rated|Tournament battle\n|rule|Species Clause: Limit one of each Pok\u00e9mon\n|rule|Item Clause: Limit 1 of each item\n|raw|<div class=\"infobox\"><details class=\"readmore\" open><summary><strong>2 custom rules:</strong></summary> Force Open Team Sheets, Best of = 3</details></div>\n|clearpoke\n|poke|p1|Rotom-Mow, L50|\n|poke|p1|Tyranitar, L50, F|\n|poke|p1|Garchomp, L50, M|\n|poke|p1|Corviknight, L50, F|\n|poke|p1|Dragapult, L50, F|\n|poke|p1|Volcarona, L50, M|\n|poke|p2|Floette-Eternal, L50, F|\n|poke|p2|Aerodactyl, L50, M|\n|poke|p2|Basculegion, L50, M|\n|poke|p2|Delphox, L50, F|\n|poke|p2|Garchomp, L50, M|\n|poke|p2|Sinistcha, L50|\n|teampreview|4\n|showteam|p1|Rotom-Mow||SitrusBerry|Levitate|Protect,WillOWisp,LeafStorm,Thunderbolt||||||50|]Tyranitar||FocusSash|SandStream|Protect,ThunderWave,RockSlide,Crunch|||F|||50|]Garchomp||Garchompite|SandVeil|Protect,RockSlide,Earthquake,ScaleShot|||M|||50|]Corviknight||Leftovers|MirrorArmor|BraveBird,BodyPress,Swagger,Tailwind|||F|||50|]Dragapult||LumBerry|ClearBody|DragonDarts,PsychicFangs,BatonPass,ThunderWave|||F|||50|]Volcarona||ChestoBerry|FlameBody|Overheat,StruggleBug,RagePowder,Rest|||M|||50|\n|showteam|p2|Floette-Eternal||Floettite|FlowerVeil|Moonblast,DazzlingGleam,LightofRuin,Protect|||F|||50|]Aerodactyl||FocusSash|Unnerve|RockSlide,DualWingbeat,WideGuard,Tailwind|||M|||50|]Basculegion||ChoiceScarf|Adaptability|LastRespects,WaveCrash,AquaJet,FlipTurn|||M|||50|]Delphox||Delphoxite|Blaze|HeatWave,Psychic,Substitute,Protect|||F|||50|]Garchomp||WhiteHerb|SandVeil|Earthquake,DragonClaw,RockSlide,Protect|||M|||50|]Sinistcha||SitrusBerry|Hospitality|ShadowBall,MatchaGotcha,TrickRoom,RagePowder||||||50|\n|j| reanschawrzer\n|\n|t:|1776516772\n|teamsize|p1|4\n|teamsize|p2|4\n|start\n|switch|p1a: Dragapult|Dragapult, L50, F|100/100\n|switch|p1b: Corviknight|Corviknight, L50, F|100/100\n|switch|p2a: Sinistcha|Sinistcha, L50|100/100\n|switch|p2b: Floette|Floette-Eternal, L50, F|100/100\n|turn|1\n|\n|t:|1776516820\n|move|p2b: Floette|Protect|p2b: Floette\n|-singleturn|p2b: Floette|Protect\n|move|p1a: Dragapult|Dragon Darts|p2a: Sinistcha\n|-damage|p2a: Sinistcha|84/100\n|-anim|p1a: Dragapult|Dragon Darts|p2a: Sinistcha\n|-crit|p2a: Sinistcha\n|-damage|p2a: Sinistcha|57/100\n|move|p1b: Corviknight|Brave Bird|p2a: Sinistcha\n|-supereffective|p2a: Sinistcha|1\n|-damage|p2a: Sinistcha|3/100\n|-enditem|p2a: Sinistcha|Sitrus Berry|[eat]\n|-heal|p2a: Sinistcha|27/100|[from] item: Sitrus Berry\n|-damage|p1b: Corviknight|85/100|[from] Recoil\n|move|p2a: Sinistcha|Shadow Ball|p1a: Dragapult\n|-supereffective|p1a: Dragapult|1\n|-damage|p1a: Dragapult|8/100\n|\n|-heal|p1b: Corviknight|91/100|[from] item: Leftovers\n|upkeep\n|turn|2\n|\n|t:|1776516848\n|detailschange|p2b: Floette|Floette-Mega, L50, F\n|-mega|p2b: Floette|Floette|Floettite\n|-ability|p2b: Floette|Fairy Aura\n|move|p1a: Dragapult|Dragon Darts|p2a: Sinistcha\n|-damage|p2a: Sinistcha|11/100\n|-anim|p1a: Dragapult|Dragon Darts|p2a: Sinistcha\n|-damage|p2a: Sinistcha|0 fnt\n|faint|p2a: Sinistcha\n|move|p2b: Floette|Dazzling Gleam|p1b: Corviknight|[spread] p1a,p1b\n|-supereffective|p1a: Dragapult|1\n|-resisted|p1b: Corviknight|1\n|-damage|p1a: Dragapult|0 fnt\n|-damage|p1b: Corviknight|70/100\n|faint|p1a: Dragapult\n|move|p1b: Corviknight|Tailwind|p1b: Corviknight\n|-sidestart|p1: You're Sea Food|move: Tailwind\n|\n|-heal|p1b: Corviknight|76/100|[from] item: Leftovers\n|upkeep\n|\n|t:|1776516863\n|switch|p1a: Tyranitar|Tyranitar, L50, F|100/100\n|switch|p2a: Basculegion|Basculegion, L50, M|100/100\n|-weather|Sandstorm|[from] ability: Sand Stream|[of] p1a: Tyranitar\n|turn|3\n|\n|t:|1776516883\n|move|p1a: Tyranitar|Crunch|p2a: Basculegion\n|-supereffective|p2a: Basculegion|1\n|-damage|p2a: Basculegion|0 fnt\n|faint|p2a: Basculegion\n|move|p1b: Corviknight|Brave Bird|p2b: Floette\n|-crit|p2b: Floette\n|-damage|p2b: Floette|29/100\n|-damage|p1b: Corviknight|59/100|[from] Recoil\n|move|p2b: Floette|Dazzling Gleam|p1b: Corviknight|[spread] p1a,p1b\n|-supereffective|p1a: Tyranitar|1\n|-resisted|p1b: Corviknight|1\n|-damage|p1a: Tyranitar|38/100\n|-damage|p1b: Corviknight|39/100\n|\n|-weather|Sandstorm|[upkeep]\n|-damage|p2b: Floette|23/100|[from] Sandstorm\n|-heal|p1b: Corviknight|44/100|[from] item: Leftovers\n|upkeep\n|\n|t:|1776516886\n|switch|p2a: Garchomp|Garchomp, L50, M|100/100\n|turn|4\n|\n|t:|1776516912\n|move|p2b: Floette|Protect|p2b: Floette\n|-singleturn|p2b: Floette|Protect\n|move|p1a: Tyranitar|Crunch|p2a: Garchomp|[miss]\n|-miss|p1a: Tyranitar|p2a: Garchomp\n|move|p1b: Corviknight|Brave Bird|p2b: Floette\n|-activate|p2b: Floette|move: Protect\n|move|p2a: Garchomp|Dragon Claw|p1a: Tyranitar\n|-damage|p1a: Tyranitar|0 fnt\n|faint|p1a: Tyranitar\n|\n|-weather|Sandstorm|[upkeep]\n|-damage|p2b: Floette|17/100|[from] Sandstorm\n|-heal|p1b: Corviknight|50/100|[from] item: Leftovers\n|upkeep\n|\n|t:|1776516922\n|switch|p1a: Garchomp|Garchomp, L50, M|100/100\n|turn|5\n|\n|t:|1776516941\n|move|p2b: Floette|Protect|p2b: Floette\n|-singleturn|p2b: Floette|Protect\n|move|p2a: Garchomp|Protect|p2a: Garchomp\n|-singleturn|p2a: Garchomp|Protect\n|move|p1a: Garchomp|Earthquake|p2b: Floette|[spread] \n|-activate|p2a: Garchomp|move: Protect\n|-activate|p2b: Floette|move: Protect\n|-immune|p1b: Corviknight\n|move|p1b: Corviknight|Body Press|p2a: Garchomp\n|-activate|p2a: Garchomp|move: Protect\n|\n|-weather|Sandstorm|[upkeep]\n|-damage|p2b: Floette|11/100|[from] Sandstorm\n|-heal|p1b: Corviknight|56/100|[from] item: Leftovers\n|-sideend|p1: You're Sea Food|move: Tailwind\n|upkeep\n|turn|6\n|\n|t:|1776516965\n|move|p2b: Floette|Dazzling Gleam|p1a: Garchomp|[spread] p1a,p1b\n|-supereffective|p1a: Garchomp|1\n|-crit|p1a: Garchomp\n|-resisted|p1b: Corviknight|1\n|-damage|p1a: Garchomp|0 fnt\n|-damage|p1b: Corviknight|39/100\n|faint|p1a: Garchomp\n|move|p2a: Garchomp|Dragon Claw|p1b: Corviknight\n|-resisted|p1b: Corviknight|1\n|-damage|p1b: Corviknight|22/100\n|move|p1b: Corviknight|Tailwind|p1b: Corviknight\n|-sidestart|p1: You're Sea Food|move: Tailwind\n|\n|-weather|Sandstorm|[upkeep]\n|-damage|p2b: Floette|5/100|[from] Sandstorm\n|-heal|p1b: Corviknight|28/100|[from] item: Leftovers\n|upkeep\n|turn|7\n|\n|t:|1776516976\n|move|p1b: Corviknight|Body Press|p2b: Floette\n|-resisted|p2b: Floette|1\n|-damage|p2b: Floette|0 fnt\n|faint|p2b: Floette\n|move|p2a: Garchomp|Dragon Claw|p1b: Corviknight\n|-resisted|p1b: Corviknight|1\n|-damage|p1b: Corviknight|12/100\n|\n|-weather|none\n|-heal|p1b: Corviknight|18/100|[from] item: Leftovers\n|upkeep\n|turn|8\n|\n|t:|1776516986\n|move|p1b: Corviknight|Swagger|p2a: Garchomp|[miss]\n|-miss|p1b: Corviknight|p2a: Garchomp\n|move|p2a: Garchomp|Dragon Claw|p1b: Corviknight\n|-resisted|p1b: Corviknight|1\n|-damage|p1b: Corviknight|2/100\n|\n|-heal|p1b: Corviknight|8/100|[from] item: Leftovers\n|upkeep\n|turn|9\n|\n|t:|1776516991\n|move|p1b: Corviknight|Swagger|p2a: Garchomp\n|-boost|p2a: Garchomp|atk|2\n|-start|p2a: Garchomp|confusion\n|-activate|p2a: Garchomp|confusion\n|move|p2a: Garchomp|Dragon Claw|p1b: Corviknight\n|-resisted|p1b: Corviknight|1\n|-damage|p1b: Corviknight|0 fnt\n|faint|p1b: Corviknight\n|\n|win|lolgz\n",
  "uploadtime": 1776516991,
  "views": 17,
  "formatid": "gen9championsvgc2026regma",
  "rating": null,
  "private": 0,
  "password": null
}