{
  "id": "gen9championsvgc2026regma-2589542025",
  "format": "[Gen 9 Champions] VGC 2026 Reg M-A",
  "players": [
    "povoado",
    "scolipede44"
  ],
  "log": "|j|\u2606povoado\n|j|\u2606scolipede44\n|t:|1776732484\n|gametype|doubles\n|player|p1|povoado|266|1072\n|player|p2|scolipede44|marshal|1106\n|gen|9\n|tier|[Gen 9 Champions] VGC 2026 Reg M-A\n|rated|\n|rule|Species Clause: Limit one of each Pok\u00e9mon\n|rule|Item Clause: Limit 1 of each item\n|clearpoke\n|poke|p1|Meowstic, L50, M|\n|poke|p1|Gardevoir, L50, M|\n|poke|p1|Incineroar, L50, F|\n|poke|p1|Excadrill, L50, F|\n|poke|p1|Tyranitar, L50, M|\n|poke|p1|Talonflame, L50, M|\n|poke|p2|Noivern, L50, M|\n|poke|p2|Dragapult, L50, M|\n|poke|p2|Incineroar, L50, M|\n|poke|p2|Lucario, L50, M|\n|poke|p2|Sinistcha, L50|\n|poke|p2|Milotic, L50, M|\n|teampreview|4\n|inactive|Battle timer is ON: inactive players will automatically lose when time's up. (requested by scolipede44)\n|\n|t:|1776732500\n|teamsize|p1|4\n|teamsize|p2|4\n|start\n|switch|p1a: Talonflame|Talonflame, L50, M|100/100\n|switch|p1b: Incineroar|Incineroar, L50, F|100/100\n|switch|p2a: Noivern|Noivern, L50, M|100/100\n|switch|p2b: Dragapult|Dragapult, L50, M|100/100\n|-item|p1a: Talonflame|White Herb|[from] ability: Frisk|[of] p2a: Noivern\n|-item|p1b: Incineroar|Sitrus Berry|[from] ability: Frisk|[of] p2a: Noivern\n|-ability|p1b: Incineroar|Intimidate|boost\n|-unboost|p2a: Noivern|atk|1\n|-fail|p2b: Dragapult|unboost|[from] ability: Clear Body|[of] p2b: Dragapult\n|turn|1\n|inactive|povoado has 30 seconds left.\n|inactive|povoado has 20 seconds left.\n|inactive|povoado has 15 seconds left.\n|\n|t:|1776732542\n|move|p1a: Talonflame|Tailwind|p1a: Talonflame\n|-sidestart|p1: povoado|move: Tailwind\n|move|p2b: Dragapult|Thunderbolt|p1a: Talonflame\n|-supereffective|p1a: Talonflame|1\n|-damage|p1a: Talonflame|23/100\n|move|p2a: Noivern|Boomburst|p1b: Incineroar|[spread] p1a,p1b\n|-immune|p2b: Dragapult\n|-damage|p1a: Talonflame|0 fnt\n|-damage|p1b: Incineroar|72/100\n|faint|p1a: Talonflame\n|move|p1b: Incineroar|Parting Shot|p2b: Dragapult\n|-fail|p2b: Dragapult|unboost|[from] ability: Clear Body|[of] p2b: Dragapult\n|\n|upkeep\n|\n|t:|1776732556\n|switch|p1a: Gardevoir|Gardevoir, L50, M|100/100\n|turn|2\n|\n|t:|1776732572\n|detailschange|p1a: Gardevoir|Gardevoir-Mega, L50, M\n|-mega|p1a: Gardevoir|Gardevoir|Gardevoirite\n|move|p2b: Dragapult|Protect|p2b: Dragapult\n|-singleturn|p2b: Dragapult|Protect\n|move|p1a: Gardevoir|Draining Kiss|p2b: Dragapult\n|-activate|p2b: Dragapult|move: Protect\n|move|p2a: Noivern|Tailwind|p2a: Noivern\n|-sidestart|p2: scolipede44|move: Tailwind\n|move|p1b: Incineroar|Parting Shot|p2a: Noivern\n|-unboost|p2a: Noivern|atk|1\n|-unboost|p2a: Noivern|spa|1\n|\n|t:|1776732582\n|switch|p1b: Excadrill|Excadrill, L50, F|100/100|[from] Parting Shot\n|\n|upkeep\n|turn|3\n|\n|t:|1776732597\n|move|p2b: Dragapult|Shadow Ball|p1a: Gardevoir\n|-supereffective|p1a: Gardevoir|1\n|-damage|p1a: Gardevoir|41/100\n|move|p2a: Noivern|Boomburst|p1a: Gardevoir|[spread] p1a,p1b\n|-immune|p2b: Dragapult\n|-resisted|p1b: Excadrill|1\n|-damage|p1a: Gardevoir|24/100\n|-damage|p1b: Excadrill|87/100\n|move|p1a: Gardevoir|Hyper Voice|p2b: Dragapult|[spread] p2a,p2b\n|-supereffective|p2a: Noivern|1\n|-supereffective|p2b: Dragapult|1\n|-enditem|p2a: Noivern|Focus Sash\n|-damage|p2a: Noivern|1/100\n|-damage|p2b: Dragapult|0 fnt\n|faint|p2b: Dragapult\n|move|p1b: Excadrill|Iron Head|p2a: Noivern\n|-damage|p2a: Noivern|0 fnt\n|faint|p2a: Noivern\n|\n|upkeep\n|\n|t:|1776732610\n|switch|p2b: Incineroar|Incineroar, L50, M|100/100\n|switch|p2a: Lucario|Lucario, L50, M|100/100\n|-ability|p2b: Incineroar|Intimidate|boost\n|-unboost|p1a: Gardevoir|atk|1\n|-unboost|p1b: Excadrill|atk|1\n|turn|4\n|\n|t:|1776732627\n|detailschange|p2a: Lucario|Lucario-Mega, L50, M\n|-mega|p2a: Lucario|Lucario|Lucarionite\n|move|p1a: Gardevoir|Protect|p1a: Gardevoir\n|-singleturn|p1a: Gardevoir|Protect\n|move|p2b: Incineroar|Fake Out|p1a: Gardevoir\n|-activate|p1a: Gardevoir|move: Protect\n|move|p2a: Lucario|Close Combat|p1b: Excadrill\n|-supereffective|p1b: Excadrill|1\n|-damage|p1b: Excadrill|0 fnt\n|-unboost|p2a: Lucario|def|1\n|-unboost|p2a: Lucario|spd|1\n|faint|p1b: Excadrill\n|\n|-sideend|p1: povoado|move: Tailwind\n|upkeep\n|\n|t:|1776732642\n|switch|p1b: Incineroar|Incineroar, L50, F|72/100\n|-ability|p1b: Incineroar|Intimidate|boost\n|-unboost|p2a: Lucario|atk|1\n|-unboost|p2b: Incineroar|atk|1\n|turn|5\n|\n|t:|1776732659\n|move|p1b: Incineroar|Fake Out|p2a: Lucario\n|-resisted|p2a: Lucario|1\n|-damage|p2a: Lucario|87/100\n|cant|p2a: Lucario|flinch\n|move|p2b: Incineroar|Flare Blitz|p1a: Gardevoir\n|-damage|p1a: Gardevoir|0 fnt\n|faint|p1a: Gardevoir\n|-damage|p2b: Incineroar|95/100|[from] Recoil\n|\n|-sideend|p2: scolipede44|move: Tailwind\n|upkeep\n|turn|6\n|-message|povoado forfeited.\n|\n|win|scolipede44\n|raw|povoado's rating: 1072 &rarr; <strong>1053</strong><br />(-19 for losing)\n|raw|scolipede44's rating: 1106 &rarr; <strong>1129</strong><br />(+23 for winning)\n|l|\u2606povoado\n|player|p1|\n",
  "uploadtime": 1776732674,
  "views": 3,
  "formatid": "gen9championsvgc2026regma",
  "rating": 1053,
  "private": 0,
  "password": null
}