{
  "id": "gen9championsvgc2026regma-2582886718",
  "format": "[Gen 9 Champions] VGC 2026 Reg M-A",
  "players": [
    "Ruggio VGC",
    "Scrubby009"
  ],
  "log": "|j|\u2606Ruggio VGC\n|j|\u2606Scrubby009\n|t:|1776122112\n|gametype|doubles\n|player|p1|Ruggio VGC|cynthia-gen4|1156\n|player|p2|Scrubby009|skyla|1236\n|gen|9\n|tier|[Gen 9 Champions] VGC 2026 Reg M-A\n|rated|\n|rule|Species Clause: Limit one of each Pok\u00e9mon\n|rule|Item Clause: Limit 1 of each item\n|clearpoke\n|poke|p1|Charizard, L50, F|\n|poke|p1|Kingambit, L50, F|\n|poke|p1|Floette-Eternal, L50, F|\n|poke|p1|Aerodactyl, L50, F|\n|poke|p1|Sneasler, L50, F|\n|poke|p1|Incineroar, L50, F|\n|poke|p2|Torkoal, L50, F|\n|poke|p2|Crabominable, L50, M|\n|poke|p2|Sinistcha, L50|\n|poke|p2|Lopunny, L50, F|\n|poke|p2|Incineroar, L50, M|\n|poke|p2|Gallade, L50, M|\n|teampreview|4\n|\n|t:|1776122185\n|teamsize|p1|4\n|teamsize|p2|4\n|start\n|switch|p1a: Sneasler|Sneasler, L50, F|100/100\n|switch|p1b: Kingambit|Kingambit, L50, F|100/100\n|switch|p2a: Elbow Grease|Gallade, L50, M|100/100\n|switch|p2b: The Cat in the Hat|Incineroar, L50, M|100/100\n|-ability|p2b: The Cat in the Hat|Intimidate|boost\n|-unboost|p1a: Sneasler|atk|1\n|-unboost|p1b: Kingambit|atk|1\n|-ability|p1b: Kingambit|Defiant|boost\n|-boost|p1b: Kingambit|atk|2\n|-enditem|p1a: Sneasler|White Herb\n|-clearnegativeboost|p1a: Sneasler|[silent]\n|turn|1\n|inactive|Battle timer is ON: inactive players will automatically lose when time's up. (requested by Ruggio VGC)\n|\n|t:|1776122229\n|move|p1b: Kingambit|Protect|p1b: Kingambit\n|-singleturn|p1b: Kingambit|Protect\n|move|p1a: Sneasler|Fake Out|p2a: Elbow Grease\n|-damage|p2a: Elbow Grease|84/100\n|move|p2b: The Cat in the Hat|Flare Blitz|p1b: Kingambit\n|-activate|p1b: Kingambit|move: Protect\n|cant|p2a: Elbow Grease|flinch\n|\n|upkeep\n|turn|2\n|\n|t:|1776122247\n|move|p1b: Kingambit|Sucker Punch||[still]\n|-fail|p1b: Kingambit\n|move|p1a: Sneasler|Close Combat|p2b: The Cat in the Hat\n|-supereffective|p2b: The Cat in the Hat|1\n|-damage|p2b: The Cat in the Hat|7/100\n|-unboost|p1a: Sneasler|def|1\n|-unboost|p1a: Sneasler|spd|1\n|-enditem|p2b: The Cat in the Hat|Sitrus Berry|[eat]\n|-heal|p2b: The Cat in the Hat|32/100|[from] item: Sitrus Berry\n|move|p2b: The Cat in the Hat|Parting Shot|p1a: Sneasler\n|-unboost|p1a: Sneasler|atk|1\n|-unboost|p1a: Sneasler|spa|1\n|\n|t:|1776122264\n|switch|p2b: Happy|Crabominable, L50, M|100/100|[from] Parting Shot\n|move|p2a: Elbow Grease|Trick Room|p2a: Elbow Grease\n|-fieldstart|move: Trick Room|[of] p2a: Elbow Grease\n|\n|upkeep\n|turn|3\n|inactive|Scrubby009 has 30 seconds left.\n|inactive|Ruggio VGC has 30 seconds left.\n|\n|t:|1776122295\n|switch|p1a: Incineroar|Incineroar, L50, F|100/100\n|-ability|p1a: Incineroar|Intimidate|boost\n|-unboost|p2a: Elbow Grease|atk|1\n|-fail|p2b: Happy|unboost|Attack|[from] ability: Hyper Cutter|[of] p2b: Happy\n|detailschange|p2b: Happy|Crabominable-Mega, L50, M\n|-mega|p2b: Happy|Crabominable|Crabominite\n|move|p1b: Kingambit|Protect|p1b: Kingambit\n|-singleturn|p1b: Kingambit|Protect\n|move|p2b: Happy|Ice Punch|p1a: Incineroar\n|-resisted|p1a: Incineroar|1\n|-damage|p1a: Incineroar|73/100\n|move|p2a: Elbow Grease|Sacred Sword|p1b: Kingambit\n|-activate|p1b: Kingambit|move: Protect\n|\n|upkeep\n|turn|4\n|inactive|Ruggio VGC has 30 seconds left.\n|inactive|Ruggio VGC has 20 seconds left.\n|\n|t:|1776122333\n|move|p2b: Happy|Drain Punch|p1b: Kingambit\n|-supereffective|p1b: Kingambit|2\n|-damage|p1b: Kingambit|0 fnt\n|faint|p1b: Kingambit\n|move|p1a: Incineroar|Flare Blitz|p2b: Happy\n|-supereffective|p2b: Happy|1\n|-damage|p2b: Happy|26/100\n|-damage|p1a: Incineroar|47/100|[from] Recoil\n|-enditem|p1a: Incineroar|Sitrus Berry|[eat]\n|-heal|p1a: Incineroar|71/100|[from] item: Sitrus Berry\n|move|p2a: Elbow Grease|Sacred Sword|p1a: Incineroar\n|-supereffective|p1a: Incineroar|1\n|-damage|p1a: Incineroar|0 fnt\n|faint|p1a: Incineroar\n|\n|upkeep\n|\n|t:|1776122349\n|switch|p1b: Sneasler|Sneasler, L50, F|100/100\n|switch|p1a: Floette|Floette-Eternal, L50, F|100/100\n|turn|5\n|\n|t:|1776122360\n|detailschange|p1a: Floette|Floette-Mega, L50, F\n|-mega|p1a: Floette|Floette|Floettite\n|-ability|p1a: Floette|Fairy Aura\n|move|p1b: Sneasler|Fake Out|p2b: Happy\n|-damage|p2b: Happy|15/100\n|cant|p2b: Happy|flinch\n|move|p2a: Elbow Grease|Psycho Cut|p1b: Sneasler\n|-supereffective|p1b: Sneasler|2\n|-crit|p1b: Sneasler\n|-damage|p1b: Sneasler|0 fnt\n|faint|p1b: Sneasler\n|move|p1a: Floette|Calm Mind|p1a: Floette\n|-boost|p1a: Floette|spa|1\n|-boost|p1a: Floette|spd|1\n|\n|upkeep\n|turn|6\n|\n|t:|1776122375\n|switch|p2b: The Cat in the Hat|Incineroar, L50, M|32/100\n|-ability|p2b: The Cat in the Hat|Intimidate|boost\n|-unboost|p1a: Floette|atk|1\n|move|p1a: Floette|Protect|p1a: Floette\n|-singleturn|p1a: Floette|Protect\n|move|p2a: Elbow Grease|Psycho Cut|p1a: Floette\n|-activate|p1a: Floette|move: Protect\n|\n|-fieldend|move: Trick Room\n|upkeep\n|turn|7\n|\n|t:|1776122395\n|move|p1a: Floette|Protect||[still]\n|-fail|p1a: Floette\n|move|p2b: The Cat in the Hat|Fake Out|p1a: Floette\n|-damage|p1a: Floette|86/100\n|move|p2a: Elbow Grease|Trick Room|p2a: Elbow Grease\n|-fieldstart|move: Trick Room|[of] p2a: Elbow Grease\n|\n|upkeep\n|turn|8\n|\n|t:|1776122405\n|move|p2b: The Cat in the Hat|Flare Blitz|p1a: Floette\n|-damage|p1a: Floette|25/100\n|-damage|p2b: The Cat in the Hat|15/100|[from] Recoil\n|move|p2a: Elbow Grease|Psycho Cut|p1a: Floette\n|-damage|p1a: Floette|0 fnt\n|faint|p1a: Floette\n|\n|win|Scrubby009\n|raw|Ruggio VGC's rating: 1156 &rarr; <strong>1137</strong><br />(-19 for losing)\n|raw|Scrubby009's rating: 1236 &rarr; <strong>1255</strong><br />(+19 for winning)\n|l|\u2606Ruggio VGC\n|player|p1|\n",
  "uploadtime": 1776122411,
  "views": 31,
  "formatid": "gen9championsvgc2026regma",
  "rating": 1137,
  "private": 0,
  "password": null
}