{
  "id": "gen9championsvgc2026regma-2585487786",
  "format": "[Gen 9 Champions] VGC 2026 Reg M-A",
  "players": [
    "NJKB1322",
    "Diamond243"
  ],
  "log": "|j|\u2606NJKB1322\n|j|\u2606Diamond243\n|t:|1776350868\n|gametype|doubles\n|player|p1|NJKB1322|backpackerf|1000\n|player|p2|Diamond243|lucian|1066\n|gen|9\n|tier|[Gen 9 Champions] VGC 2026 Reg M-A\n|rated|\n|rule|Species Clause: Limit one of each Pok\u00e9mon\n|rule|Item Clause: Limit 1 of each item\n|clearpoke\n|poke|p1|Raichu, L50, M|\n|poke|p1|Gengar, L50, M|\n|poke|p1|Froslass, L50, F|\n|poke|p1|Talonflame, L50, F|\n|poke|p1|Whimsicott, L50, M|\n|poke|p1|Kangaskhan, L50, F|\n|poke|p2|Incineroar, L50, F|\n|poke|p2|Milotic, L50, F|\n|poke|p2|Machamp, L50, M|\n|poke|p2|Sinistcha, L50|\n|poke|p2|Glimmora, L50, M|\n|poke|p2|Skarmory, L50, F|\n|teampreview|4\nDiamond243 has agreed to open team sheets.\n|inactive|Battle timer is ON: inactive players will automatically lose when time's up. (requested by Diamond243)\n|\n|t:|1776350899\n|teamsize|p1|4\n|teamsize|p2|4\n|start\n|switch|p1a: Whimsicott|Whimsicott, L50, M|100/100\n|switch|p1b: Gengar|Gengar, L50, M|100/100\n|switch|p2a: Incineroar|Incineroar, L50, F|100/100\n|switch|p2b: Sinistcha|Sinistcha, L50|100/100\n|-ability|p2a: Incineroar|Intimidate|boost\n|-unboost|p1a: Whimsicott|atk|1\n|-unboost|p1b: Gengar|atk|1\n|turn|1\n|inactive|NJKB1322 has 30 seconds left.\n|\n|t:|1776350926\n|switch|p2b: Milotic|Milotic, L50, F|100/100\n|move|p1a: Whimsicott|Tailwind|p1a: Whimsicott\n|-sidestart|p1: NJKB1322|move: Tailwind\n|move|p1b: Gengar|Will-O-Wisp|p2b: Milotic\n|-status|p2b: Milotic|brn\n|move|p2a: Incineroar|Parting Shot|p1b: Gengar\n|-unboost|p1b: Gengar|atk|1\n|-unboost|p1b: Gengar|spa|1\n|\n|t:|1776350934\n|switch|p2a: Sinistcha|Sinistcha, L50|100/100|[from] Parting Shot\n|\n|-damage|p2b: Milotic|95/100 brn|[from] brn\n|upkeep\n|turn|2\n|\n|t:|1776350955\n|switch|p1b: Raichu|Raichu, L50, M|100/100\n|move|p1a: Whimsicott|Protect|p1a: Whimsicott\n|-singleturn|p1a: Whimsicott|Protect\n|move|p2b: Milotic|Scald|p1b: Raichu\n|-damage|p1b: Raichu|42/100\n|-status|p1b: Raichu|brn\n|move|p2a: Sinistcha|Trick Room|p2a: Sinistcha\n|-fieldstart|move: Trick Room|[of] p2a: Sinistcha\n|\n|-heal|p2b: Milotic|100/100 brn|[from] item: Leftovers\n|-damage|p2b: Milotic|95/100 brn|[from] brn\n|-damage|p1b: Raichu|36/100 brn|[from] brn\n|upkeep\n|turn|3\n|\n|t:|1776350979\n|switch|p2b: Machamp|Machamp, L50, M|100/100\n|move|p1a: Whimsicott|Encore|p2a: Sinistcha\n|-start|p2a: Sinistcha|Encore\n|move|p1b: Raichu|Thunderbolt|p2b: Machamp\n|-damage|p2b: Machamp|63/100\n|move|p2a: Sinistcha|Trick Room|p2a: Sinistcha\n|-fieldend|move: Trick Room\n|\n|-damage|p1b: Raichu|30/100 brn|[from] brn\n|upkeep\n|turn|4\n|\n|t:|1776351002\n|move|p1a: Whimsicott|Protect|p1a: Whimsicott\n|-singleturn|p1a: Whimsicott|Protect\n|move|p1b: Raichu|Alluring Voice|p2b: Machamp\n|-supereffective|p2b: Machamp|1\n|-enditem|p2b: Machamp|Roseli Berry|[eat]\n|-enditem|p2b: Machamp|Roseli Berry|[weaken]\n|-damage|p2b: Machamp|40/100\n|move|p2b: Machamp|Drain Punch|p1b: Raichu\n|-damage|p1b: Raichu|0 fnt\n|-heal|p2b: Machamp|50/100|[from] drain|[of] p1b: Raichu\n|faint|p1b: Raichu\n|move|p2a: Sinistcha|Trick Room|p2a: Sinistcha\n|-fieldstart|move: Trick Room|[of] p2a: Sinistcha\n|\n|-sideend|p1: NJKB1322|move: Tailwind\n|upkeep\n|\n|t:|1776351018\n|switch|p1b: Gengar|Gengar, L50, M|100/100\n|turn|5\n|\n|t:|1776351032\n|switch|p2a: Incineroar|Incineroar, L50, F|100/100\n|-ability|p2a: Incineroar|Intimidate|boost\n|-unboost|p1a: Whimsicott|atk|1\n|-unboost|p1b: Gengar|atk|1\n|move|p2b: Machamp|Protect|p2b: Machamp\n|-singleturn|p2b: Machamp|Protect\n|move|p1b: Gengar|Will-O-Wisp|p2b: Machamp\n|-activate|p2b: Machamp|move: Protect\n|move|p1a: Whimsicott|Moonblast|p2b: Machamp\n|-activate|p2b: Machamp|move: Protect\n|\n|upkeep\n|turn|6\n|\n|t:|1776351052\n|switch|p2b: Milotic|Milotic, L50, F|95/100 brn\n|move|p1a: Whimsicott|Encore||[still]\n|-fail|p1a: Whimsicott\n|move|p2a: Incineroar|Throat Chop|p1b: Gengar\n|-supereffective|p1b: Gengar|1\n|-damage|p1b: Gengar|0 fnt\n|-start|p2a: Incineroar|Disable|Throat Chop|[from] ability: Cursed Body|[of] p1b: Gengar\n|faint|p1b: Gengar\n|\n|-heal|p2b: Milotic|100/100 brn|[from] item: Leftovers\n|-damage|p2b: Milotic|95/100 brn|[from] brn\n|upkeep\n|\n|t:|1776351067\n|switch|p1b: Kangaskhan|Kangaskhan, L50, F|100/100\n|turn|7\n|inactive|NJKB1322 has 30 seconds left.\n|\n|t:|1776351095\n|switch|p2a: Machamp|Machamp, L50, M|50/100\n|switch|p2b: Sinistcha|Sinistcha, L50|100/100\n|-heal|p2a: Machamp|75/100|[from] ability: Hospitality|[of] p2b: Sinistcha\n|move|p1b: Kangaskhan|Body Slam|p2a: Machamp\n|-damage|p2a: Machamp|24/100\n|-status|p2a: Machamp|par\n|move|p1a: Whimsicott|Moonblast|p2a: Machamp\n|-supereffective|p2a: Machamp|1\n|-damage|p2a: Machamp|0 fnt\n|faint|p2a: Machamp\n|\n|upkeep\n|\n|t:|1776351107\n|switch|p2a: Incineroar|Incineroar, L50, F|100/100\n|-ability|p2a: Incineroar|Intimidate|boost\n|-unboost|p1a: Whimsicott|atk|1\n|-fail|p1b: Kangaskhan|unboost|Attack|[from] ability: Scrappy|[of] p1b: Kangaskhan\n|turn|8\n|\n|t:|1776351121\n|move|p2a: Incineroar|Flare Blitz|p1a: Whimsicott\n|-supereffective|p1a: Whimsicott|1\n|-enditem|p1a: Whimsicott|Focus Sash\n|-damage|p1a: Whimsicott|1/100\n|-status|p1a: Whimsicott|brn\n|-damage|p2a: Incineroar|79/100|[from] Recoil\n|move|p2b: Sinistcha|Matcha Gotcha|p1b: Kangaskhan|[spread] p1a,p1b\n|-resisted|p1a: Whimsicott|1\n|-damage|p1a: Whimsicott|0 fnt\n|-damage|p1b: Kangaskhan|72/100\n|faint|p1a: Whimsicott\n|move|p1b: Kangaskhan|Body Slam|p2a: Incineroar\n|-damage|p2a: Incineroar|39/100\n|-status|p2a: Incineroar|par\n|\n|-fieldend|move: Trick Room\n|upkeep\n|turn|9\n|\n|t:|1776351139\n|move|p1b: Kangaskhan|Earthquake|p2b: Sinistcha|[spread] p2a,p2b\n|-supereffective|p2a: Incineroar|1\n|-resisted|p2b: Sinistcha|1\n|-damage|p2a: Incineroar|0 fnt\n|-damage|p2b: Sinistcha|90/100\n|faint|p2a: Incineroar\n|move|p2b: Sinistcha|Matcha Gotcha|p1b: Kangaskhan\n|-crit|p1b: Kangaskhan\n|-damage|p1b: Kangaskhan|18/100\n|-heal|p2b: Sinistcha|100/100|[from] drain|[of] p1b: Kangaskhan\n|-status|p1b: Kangaskhan|brn\n|\n|-damage|p1b: Kangaskhan|12/100 brn|[from] brn\n|upkeep\n|\n|t:|1776351142\n|switch|p2a: Milotic|Milotic, L50, F|95/100 brn\n|turn|10\n|\n|t:|1776351157\n|move|p1b: Kangaskhan|Body Slam|p2b: Sinistcha\n|-damage|p2b: Sinistcha|79/100\n|move|p2a: Milotic|Scald|p1b: Kangaskhan\n|-damage|p1b: Kangaskhan|0 fnt\n|faint|p1b: Kangaskhan\n|\n|win|Diamond243\n|raw|NJKB1322's rating: 1000 &rarr; <strong>1000</strong><br />(+0 for losing)\n|raw|Diamond243's rating: 1066 &rarr; <strong>1090</strong><br />(+24 for winning)\n",
  "uploadtime": 1776351158,
  "views": 24,
  "formatid": "gen9championsvgc2026regma",
  "rating": 1000,
  "private": 0,
  "password": null
}