{
  "id": "gen9championsvgc2026regma-2584219462",
  "format": "[Gen 9 Champions] VGC 2026 Reg M-A",
  "players": [
    "Valency GL",
    "Eye_Doc"
  ],
  "log": "|j|\u2606Valency GL\n|j|\u2606Eye_Doc\n|t:|1776239676\n|gametype|doubles\n|player|p1|Valency GL|102|1040\n|player|p2|Eye_Doc|guitarist|1061\n|gen|9\n|tier|[Gen 9 Champions] VGC 2026 Reg M-A\n|rated|\n|rule|Species Clause: Limit one of each Pok\u00e9mon\n|rule|Item Clause: Limit 1 of each item\n|clearpoke\n|poke|p1|Azumarill, L50, M|\n|poke|p1|Maushold-Four, L50|\n|poke|p1|Glimmora, L50, F|\n|poke|p1|Sinistcha, L50|\n|poke|p1|Incineroar, L50, M|\n|poke|p1|Archaludon, L50, F|\n|poke|p2|Talonflame, L50, F|\n|poke|p2|Rotom-Heat, L50|\n|poke|p2|Tauros-Paldea-Aqua, L50, M|\n|poke|p2|Pangoro, L50, F|\n|poke|p2|Vivillon, L50, M|\n|poke|p2|Aerodactyl, L50, F|\n|teampreview|4\n|\n|t:|1776239691\n|teamsize|p1|4\n|teamsize|p2|4\n|start\n|switch|p1a: Azumarill|Azumarill, L50, M|100/100\n|switch|p1b: Maushold|Maushold-Four, L50|100/100\n|switch|p2a: Tauros|Tauros-Paldea-Aqua, L50, M|100/100\n|switch|p2b: Pangoro|Pangoro, L50, F|100/100\n|turn|1\n|inactive|Battle timer is ON: inactive players will automatically lose when time's up. (requested by Valency GL)\n|\n|t:|1776239700\n|move|p1b: Maushold|Follow Me|p1b: Maushold\n|-singleturn|p1b: Maushold|move: Follow Me\n|move|p2b: Pangoro|Storm Throw|p1b: Maushold\n|-supereffective|p1b: Maushold|1\n|-crit|p1b: Maushold\n|-damage|p1b: Maushold|14/100\n|move|p2a: Tauros|Earthquake|p1b: Maushold|[spread] p2b,p1a,p1b\n|-damage|p2b: Pangoro|69/100\n|-damage|p1a: Azumarill|81/100\n|-damage|p1b: Maushold|0 fnt\n|faint|p1b: Maushold\n|move|p1a: Azumarill|Belly Drum|p1a: Azumarill\n|-damage|p1a: Azumarill|31/100\n|-setboost|p1a: Azumarill|atk|6|[from] move: Belly Drum\n|-enditem|p1a: Azumarill|Sitrus Berry|[eat]\n|-heal|p1a: Azumarill|56/100|[from] item: Sitrus Berry\n|\n|upkeep\n|\n|t:|1776239716\n|switch|p1b: Sinistcha|Sinistcha, L50|100/100\n|-heal|p1a: Azumarill|81/100|[from] ability: Hospitality|[of] p1b: Sinistcha\n|turn|2\n|\n|t:|1776239737\n|switch|p2b: Vivillon|Vivillon, L50, M|100/100\n|switch|p2a: Rotom|Rotom-Heat, L50|100/100\n|switch|p1b: Incineroar|Incineroar, L50, M|100/100\n|-ability|p1b: Incineroar|Intimidate|boost\n|-unboost|p2a: Rotom|atk|1\n|-unboost|p2b: Vivillon|atk|1\n|move|p1a: Azumarill|Aqua Jet|p2b: Vivillon\n|-damage|p2b: Vivillon|0 fnt\n|faint|p2b: Vivillon\n|\n|upkeep\n|\n|t:|1776239752\n|switch|p2b: Pangoro|Pangoro, L50, F|69/100\n|turn|3\n|\n|t:|1776239760\n|move|p1b: Incineroar|Fake Out|p2a: Rotom\n|-damage|p2a: Rotom|88/100\n|move|p1a: Azumarill|Aqua Jet|p2b: Pangoro\n|-damage|p2b: Pangoro|0 fnt\n|faint|p2b: Pangoro\n|cant|p2a: Rotom|flinch\n|\n|upkeep\n|\n|t:|1776239766\n|switch|p2b: Tauros|Tauros-Paldea-Aqua, L50, M|100/100\n|turn|4\n|\n|t:|1776239775\n|switch|p1b: Sinistcha|Sinistcha, L50|100/100\n|-heal|p1a: Azumarill|100/100|[from] ability: Hospitality|[of] p1b: Sinistcha\n|move|p1a: Azumarill|Aqua Jet|p2a: Rotom\n|-supereffective|p2a: Rotom|1\n|-damage|p2a: Rotom|0 fnt\n|faint|p2a: Rotom\n|move|p2b: Tauros|Earthquake|p1a: Azumarill|[spread] p1a,p1b\n|-resisted|p1b: Sinistcha|1\n|-damage|p1a: Azumarill|73/100\n|-damage|p1b: Sinistcha|92/100\n|\n|upkeep\n|turn|5\n|\n|t:|1776239793\n|move|p2b: Tauros|Earthquake|p1b: Sinistcha|[spread] p1a,p1b\n|-resisted|p1b: Sinistcha|1\n|-damage|p1a: Azumarill|48/100\n|-damage|p1b: Sinistcha|81/100\n|move|p1b: Sinistcha|Life Dew|p1b: Sinistcha|[spread] p1a,p1b\n|-heal|p1a: Azumarill|73/100\n|-heal|p1b: Sinistcha|100/100\n|move|p1a: Azumarill|Play Rough|p2b: Tauros\n|-supereffective|p2b: Tauros|1\n|-crit|p2b: Tauros\n|-damage|p2b: Tauros|0 fnt\n|faint|p2b: Tauros\n|\n|win|Valency GL\n|raw|Valency GL's rating: 1040 &rarr; <strong>1076</strong><br />(+36 for winning)\n|raw|Eye_Doc's rating: 1061 &rarr; <strong>1041</strong><br />(-20 for losing)\n|l|\u2606Eye_Doc\n|player|p2|\n",
  "uploadtime": 1776239844,
  "views": 23,
  "formatid": "gen9championsvgc2026regma",
  "rating": 1041,
  "private": 0,
  "password": null
}