{
  "id": "gen9championsvgc2026regma-2585639177",
  "format": "[Gen 9 Champions] VGC 2026 Reg M-A",
  "players": [
    "Ghost stepper",
    "TheRiceMeister"
  ],
  "log": "|j|\u2606Ghost stepper\n|j|\u2606TheRiceMeister\n|t:|1776360563\n|gametype|doubles\n|player|p1|Ghost stepper|266|1220\n|player|p2|TheRiceMeister|169|1180\n|gen|9\n|tier|[Gen 9 Champions] VGC 2026 Reg M-A\n|rated|\n|rule|Species Clause: Limit one of each Pok\u00e9mon\n|rule|Item Clause: Limit 1 of each item\n|clearpoke\n|poke|p1|Basculegion, L50, M|\n|poke|p1|Politoed, L50, F|\n|poke|p1|Incineroar, L50, M|\n|poke|p1|Meganium, L50, M|\n|poke|p1|Manectric, L50, M|\n|poke|p1|Aegislash, L50, F|\n|poke|p2|Sneasler, L50, M|\n|poke|p2|Delphox, L50, M|\n|poke|p2|Garchomp, L50, F|\n|poke|p2|Kingambit, L50, M|\n|poke|p2|Sinistcha, L50|\n|poke|p2|Rotom-Wash, L50|\n|teampreview|4\n|\n|t:|1776360618\n|teamsize|p1|4\n|teamsize|p2|4\n|start\n|switch|p1a: Meganium|Meganium, L50, M|100/100\n|switch|p1b: Aegislash|Aegislash, L50, F|100/100\n|switch|p2a: Rotom|Rotom-Wash, L50|100/100\n|switch|p2b: Kingambit|Kingambit, L50, M|100/100\n|turn|1\n|\n|t:|1776360671\n|switch|p1b: Politoed|Politoed, L50, F|100/100\n|-weather|RainDance|[from] ability: Drizzle|[of] p1b: Politoed\n|detailschange|p1a: Meganium|Meganium-Mega, L50, M\n|-mega|p1a: Meganium|Meganium|Meganiumite\n|move|p2b: Kingambit|Protect|p2b: Kingambit\n|-singleturn|p2b: Kingambit|Protect\n|move|p2a: Rotom|Will-O-Wisp|p1b: Politoed\n|-status|p1b: Politoed|brn\n|move|p1a: Meganium|Weather Ball|p2b: Kingambit\n|-activate|p2b: Kingambit|move: Protect\n|\n|-weather|RainDance|[upkeep]\n|-damage|p1b: Politoed|94/100 brn|[from] brn\n|upkeep\n|turn|2\n|\n|t:|1776360758\n|move|p1b: Politoed|Protect|p1b: Politoed\n|-singleturn|p1b: Politoed|Protect\n|move|p2b: Kingambit|Sucker Punch|p1a: Meganium\n|-resisted|p1a: Meganium|1\n|-damage|p1a: Meganium|79/100\n|move|p2a: Rotom|Hydro Pump|p1a: Meganium\n|-resisted|p1a: Meganium|1\n|-damage|p1a: Meganium|44/100\n|move|p1a: Meganium|Solar Beam||[still]\n|-prepare|p1a: Meganium|Solar Beam\n|-activate|p1a: Meganium|ability: Mega Sol\n|-anim|p1a: Meganium|Solar Beam|p2a: Rotom\n|-supereffective|p2a: Rotom|1\n|-damage|p2a: Rotom|0 fnt\n|faint|p2a: Rotom\n|\n|-weather|RainDance|[upkeep]\n|-heal|p1b: Politoed|100/100 brn|[from] item: Leftovers\n|-damage|p1b: Politoed|94/100 brn|[from] brn\n|upkeep\n|\n|t:|1776360777\n|switch|p2a: Delphox|Delphox, L50, M|100/100\n|turn|3\n|\n|t:|1776360803\n|detailschange|p2a: Delphox|Delphox-Mega, L50, M\n|-mega|p2a: Delphox|Delphox|Delphoxite\n|move|p1a: Meganium|Protect|p1a: Meganium\n|-singleturn|p1a: Meganium|Protect\n|move|p2a: Delphox|Psychic|p1a: Meganium\n|-activate|p1a: Meganium|move: Protect\n|move|p1b: Politoed|Muddy Water|p2b: Kingambit|[spread] p2a,p2b\n|-supereffective|p2a: Delphox|1\n|-damage|p2a: Delphox|37/100\n|-damage|p2b: Kingambit|68/100\n|move|p2b: Kingambit|Swords Dance|p2b: Kingambit\n|-boost|p2b: Kingambit|atk|2\n|\n|-weather|RainDance|[upkeep]\n|-heal|p1b: Politoed|100/100 brn|[from] item: Leftovers\n|-damage|p1b: Politoed|94/100 brn|[from] brn\n|upkeep\n|turn|4\n|\n|t:|1776360831\n|switch|p1a: Incineroar|Incineroar, L50, M|100/100\n|-ability|p1a: Incineroar|Intimidate|boost\n|-unboost|p2a: Delphox|atk|1\n|-unboost|p2b: Kingambit|atk|1\n|-ability|p2b: Kingambit|Defiant|boost\n|-boost|p2b: Kingambit|atk|2\n|move|p2b: Kingambit|Sucker Punch|p1b: Politoed\n|-damage|p1b: Politoed|0 fnt\n|faint|p1b: Politoed\n|move|p2a: Delphox|Psychic|p1a: Incineroar\n|-immune|p1a: Incineroar\n|\n|-weather|RainDance|[upkeep]\n|upkeep\n|\n|t:|1776360842\n|switch|p1b: Meganium|Meganium-Mega, L50, M|44/100\n|turn|5\n|\n|t:|1776360853\n|move|p2a: Delphox|Protect|p2a: Delphox\n|-singleturn|p2a: Delphox|Protect\n|move|p2b: Kingambit|Protect|p2b: Kingambit\n|-singleturn|p2b: Kingambit|Protect\n|move|p1a: Incineroar|Fake Out|p2a: Delphox\n|-activate|p2a: Delphox|move: Protect\n|move|p1b: Meganium|Weather Ball|p2b: Kingambit\n|-activate|p2b: Kingambit|move: Protect\n|\n|-weather|none\n|upkeep\n|turn|6\n|\n|t:|1776360892\n|switch|p2b: Sinistcha|Sinistcha, L50|100/100\n|-heal|p2a: Delphox|62/100|[from] ability: Hospitality|[of] p2b: Sinistcha\n|move|p1b: Meganium|Protect|p1b: Meganium\n|-singleturn|p1b: Meganium|Protect\n|move|p2a: Delphox|Heat Wave|p1b: Meganium|[spread] p1a\n|-activate|p1b: Meganium|move: Protect\n|-resisted|p1a: Incineroar|1\n|-damage|p1a: Incineroar|83/100\n|move|p1a: Incineroar|Will-O-Wisp|p2b: Sinistcha\n|-status|p2b: Sinistcha|brn\n|\n|-damage|p2b: Sinistcha|94/100 brn|[from] brn\n|upkeep\n|turn|7\n|\n|t:|1776360925\n|switch|p1b: Aegislash|Aegislash, L50, F|100/100\n|move|p2a: Delphox|Heat Wave|p1a: Incineroar|[spread] p1a,p1b\n|-resisted|p1a: Incineroar|1\n|-supereffective|p1b: Aegislash|1\n|-damage|p1a: Incineroar|63/100\n|-damage|p1b: Aegislash|25/100\n|move|p2b: Sinistcha|Shadow Ball|p1b: Aegislash\n|-supereffective|p1b: Aegislash|1\n|-enditem|p1b: Aegislash|Kasib Berry|[eat]\n|-enditem|p1b: Aegislash|Kasib Berry|[weaken]\n|-damage|p1b: Aegislash|0 fnt\n|faint|p1b: Aegislash\n|move|p1a: Incineroar|Darkest Lariat|p2a: Delphox\n|-supereffective|p2a: Delphox|1\n|-damage|p2a: Delphox|0 fnt\n|faint|p2a: Delphox\n|\n|-damage|p2b: Sinistcha|88/100 brn|[from] brn\n|upkeep\n|\n|t:|1776360940\n|switch|p2a: Kingambit|Kingambit, L50, M|68/100\n|switch|p1b: Meganium|Meganium-Mega, L50, M|44/100\n|turn|8\n|\n|t:|1776360959\n|move|p1b: Meganium|Protect|p1b: Meganium\n|-singleturn|p1b: Meganium|Protect\n|move|p2b: Sinistcha|Shadow Ball|p1b: Meganium\n|-activate|p1b: Meganium|move: Protect\n|move|p1a: Incineroar|Will-O-Wisp|p2a: Kingambit|[miss]\n|-miss|p1a: Incineroar|p2a: Kingambit\n|move|p2a: Kingambit|Swords Dance|p2a: Kingambit\n|-boost|p2a: Kingambit|atk|2\n|\n|-damage|p2b: Sinistcha|82/100 brn|[from] brn\n|upkeep\n|turn|9\n|\n|t:|1776360981\n|move|p2b: Sinistcha|Rage Powder|p2b: Sinistcha\n|-singleturn|p2b: Sinistcha|move: Rage Powder\n|move|p1b: Meganium|Weather Ball|p2a: Kingambit\n|-supereffective|p2a: Kingambit|1\n|-damage|p2a: Kingambit|0 fnt\n|faint|p2a: Kingambit\n|move|p1a: Incineroar|Darkest Lariat|p2b: Sinistcha\n|-supereffective|p2b: Sinistcha|1\n|-damage|p2b: Sinistcha|25/100 brn\n|\n|-damage|p2b: Sinistcha|18/100 brn|[from] brn\n|upkeep\n|turn|10\n|-message|TheRiceMeister forfeited.\n|\n|win|Ghost stepper\n|raw|Ghost stepper's rating: 1220 &rarr; <strong>1242</strong><br />(+22 for winning)\n|raw|TheRiceMeister's rating: 1180 &rarr; <strong>1158</strong><br />(-22 for losing)\n|l|\u2606TheRiceMeister\n|player|p2|\n",
  "uploadtime": 1776360997,
  "views": 15,
  "formatid": "gen9championsvgc2026regma",
  "rating": 1158,
  "private": 0,
  "password": null
}