{
  "id": "gen9championsvgc2026regma-2586430437",
  "format": "[Gen 9 Champions] VGC 2026 Reg M-A",
  "players": [
    "chickenpeanuts",
    "hjfjguyhjg"
  ],
  "log": "|j|\u2606chickenpeanuts\n|j|\u2606hjfjguyhjg\n|t:|1776434153\n|gametype|doubles\n|player|p1|chickenpeanuts|volo|\n|player|p2|hjfjguyhjg|pokemaniac|\n|gen|9\n|tier|[Gen 9 Champions] VGC 2026 Reg M-A\n|rule|Species Clause: Limit one of each Pok\u00e9mon\n|rule|Item Clause: Limit 1 of each item\n|clearpoke\n|poke|p1|Gengar, L50, F|\n|poke|p1|Sinistcha, L50|\n|poke|p1|Orthworm, L50, M|\n|poke|p1|Farigiraf, L50, M|\n|poke|p1|Aerodactyl, L50, F|\n|poke|p1|Basculegion, L50, M|\n|poke|p2|Clefable, L50, F|\n|poke|p2|Maushold-Four, L50|\n|poke|p2|Araquanid, L50, F|\n|poke|p2|Incineroar, L50, M|\n|poke|p2|Dragonite, L50, F|\n|poke|p2|Volcarona, L50, M|\n|teampreview|4\n|inactive|Battle timer is ON: inactive players will automatically lose when time's up. (requested by chickenpeanuts)\n|c|\u2606chickenpeanuts|is that mega araquanid\n|c|\u2606hjfjguyhjg|yes\n|inactive|chickenpeanuts has 60 seconds left.\n|inactive|hjfjguyhjg has 60 seconds left.\n|\n|t:|1776434197\n|teamsize|p1|4\n|teamsize|p2|4\n|start\n|switch|p1a: Orthworm|Orthworm, L50, M|100/100\n|switch|p1b: Sinistcha|Sinistcha, L50|100/100\n|switch|p2a: Araquanid|Araquanid, L50, F, shiny|100/100\n|switch|p2b: Incineroar|Incineroar, L50, M, shiny|100/100\n|-ability|p2b: Incineroar|Intimidate|boost\n|-unboost|p1a: Orthworm|atk|1\n|-unboost|p1b: Sinistcha|atk|1\n|turn|1\n|inactive|chickenpeanuts has 30 seconds left.\n|inactive|hjfjguyhjg has 30 seconds left.\n|inactive|chickenpeanuts has 20 seconds left.\n|\n|t:|1776434234\n|switch|p1a: Gengar|Gengar, L50, F|100/100\n|move|p2b: Incineroar|Fake Out|p1a: Gengar\n|-immune|p1a: Gengar\n|move|p1b: Sinistcha|Matcha Gotcha|p2b: Incineroar|[spread] p2a,p2b\n|-resisted|p2b: Incineroar|1\n|-damage|p2a: Araquanid|82/100\n|-damage|p2b: Incineroar|89/100\n|move|p2a: Araquanid|X-Scissor|p1b: Sinistcha\n|-damage|p1b: Sinistcha|84/100\n|\n|upkeep\n|turn|2\n|\n|t:|1776434253\n|detailschange|p1a: Gengar|Gengar-Mega, L50, F\n|-mega|p1a: Gengar|Gengar|Gengarite\n|move|p2b: Incineroar|Protect|p2b: Incineroar\n|-singleturn|p2b: Incineroar|Protect\n|move|p1b: Sinistcha|Rage Powder|p1b: Sinistcha\n|-singleturn|p1b: Sinistcha|move: Rage Powder\n|move|p1a: Gengar|Perish Song|p1a: Gengar\n|-start|p1a: Gengar|perish3|[silent]\n|-start|p1b: Sinistcha|perish3|[silent]\n|-start|p2a: Araquanid|perish3|[silent]\n|-start|p2b: Incineroar|perish3|[silent]\n|-fieldactivate|move: Perish Song\n|move|p2a: Araquanid|Sticky Web|p1b: Sinistcha\n|-sidestart|p1: chickenpeanuts|move: Sticky Web\n|\n|-start|p1a: Gengar|perish3\n|-start|p1b: Sinistcha|perish3\n|-start|p2b: Incineroar|perish3\n|-start|p2a: Araquanid|perish3\n|upkeep\n|turn|3\n|\n|t:|1776434271\n|move|p1a: Gengar|Protect|p1a: Gengar\n|-singleturn|p1a: Gengar|Protect\n|move|p1b: Sinistcha|Protect|p1b: Sinistcha\n|-singleturn|p1b: Sinistcha|Protect\n|move|p2b: Incineroar|Flare Blitz|p1b: Sinistcha\n|-activate|p1b: Sinistcha|move: Protect\n|move|p2a: Araquanid|Liquidation|p1a: Gengar\n|-activate|p1a: Gengar|move: Protect\n|\n|-start|p1a: Gengar|perish2\n|-start|p1b: Sinistcha|perish2\n|-start|p2b: Incineroar|perish2\n|-start|p2a: Araquanid|perish2\n|upkeep\n|turn|4\n|inactive|hjfjguyhjg has 30 seconds left.\n|c|\u2606chickenpeanuts|yuh\n|c|\u2606chickenpeanuts|im just that good\n|inactive|hjfjguyhjg has 20 seconds left.\n|inactive|hjfjguyhjg has 15 seconds left.\n|\n|t:|1776434312\n|move|p1b: Sinistcha|Rage Powder|p1b: Sinistcha\n|-singleturn|p1b: Sinistcha|move: Rage Powder\n|move|p1a: Gengar|Sludge Bomb|p2a: Araquanid\n|-damage|p2a: Araquanid|38/100\n|-status|p2a: Araquanid|psn\n|move|p2b: Incineroar|Parting Shot|p1b: Sinistcha\n|-unboost|p1b: Sinistcha|atk|1\n|-unboost|p1b: Sinistcha|spa|1\n|\n|t:|1776434333\n|switch|p2b: Dragonite|Dragonite, L50, F, shiny|100/100|[from] Parting Shot\n|move|p2a: Araquanid|Liquidation|p1b: Sinistcha\n|-resisted|p1b: Sinistcha|1\n|-damage|p1b: Sinistcha|62/100\n|\n|-damage|p2a: Araquanid|26/100 psn|[from] psn\n|-start|p1a: Gengar|perish1\n|-start|p1b: Sinistcha|perish1\n|-start|p2a: Araquanid|perish1\n|upkeep\n|turn|5\n|inactive|hjfjguyhjg has 30 seconds left.\n|\n|t:|1776434358\n|switch|p1a: Orthworm|Orthworm, L50, M|100/100\n|-activate|p1a: Orthworm|move: Sticky Web\n|-unboost|p1a: Orthworm|spe|1\n|switch|p1b: Basculegion|Basculegion, L50, M|100/100\n|-activate|p1b: Basculegion|move: Sticky Web\n|-unboost|p1b: Basculegion|spe|1\n|detailschange|p2b: Dragonite|Dragonite-Mega, L50, F, shiny\n|-mega|p2b: Dragonite|Dragonite|Dragoninite\n|move|p2b: Dragonite|Dragon Dance|p2b: Dragonite\n|-boost|p2b: Dragonite|atk|1\n|-boost|p2b: Dragonite|spe|1\n|move|p2a: Araquanid|Liquidation|p1b: Basculegion\n|-resisted|p1b: Basculegion|1\n|-damage|p1b: Basculegion|59/100\n|\n|-damage|p2a: Araquanid|14/100 psn|[from] psn\n|-start|p2a: Araquanid|perish0\n|upkeep\n|faint|p2a: Araquanid\n|c|\u2606chickenpeanuts|stop\n|inactive|hjfjguyhjg has 30 seconds left.\n|\n|t:|1776434390\n|switch|p2a: Clefable|Clefable, L50, F, shiny|100/100\n|turn|6\n|inactive|hjfjguyhjg has 30 seconds left.\n|\n|t:|1776434422\n|move|p2a: Clefable|Follow Me|p2a: Clefable\n|-singleturn|p2a: Clefable|move: Follow Me\n|move|p2b: Dragonite|Dragon Claw|p1b: Basculegion\n|-damage|p1b: Basculegion|0 fnt\n|faint|p1b: Basculegion\n|move|p1a: Orthworm|Shed Tail|p1a: Orthworm\n|-start|p1a: Orthworm|Substitute|[from] move: Shed Tail\n|-damage|p1a: Orthworm|50/100\n|\n|t:|1776434431\n|switch|p1a: Gengar|Gengar-Mega, L50, F|100/100|[from] Shed Tail\n|-activate|p1a: Gengar|move: Sticky Web\n|-unboost|p1a: Gengar|spe|1\n|\n|upkeep\n|\n|t:|1776434441\n|switch|p1b: Orthworm|Orthworm, L50, M|50/100\n|-activate|p1b: Orthworm|move: Sticky Web\n|-unboost|p1b: Orthworm|spe|1\n|turn|7\n|\n|t:|1776434462\n|move|p2b: Dragonite|Earthquake|p1a: Gengar|[spread] p2a,p1a\n|-heal|p1b: Orthworm|75/100|[from] ability: Earth Eater|[of] p2b: Dragonite\n|-supereffective|p1a: Gengar|1\n|-end|p1a: Gengar|Substitute\n|-damage|p2a: Clefable|78/100\n|move|p1a: Gengar|Perish Song|p1a: Gengar\n|-start|p1a: Gengar|perish3|[silent]\n|-start|p1b: Orthworm|perish3|[silent]\n|-start|p2a: Clefable|perish3|[silent]\n|-start|p2b: Dragonite|perish3|[silent]\n|-fieldactivate|move: Perish Song\n|move|p1b: Orthworm|Iron Head|p2a: Clefable\n|-supereffective|p2a: Clefable|1\n|-damage|p2a: Clefable|33/100\n|-enditem|p2a: Clefable|Sitrus Berry|[eat]\n|-heal|p2a: Clefable|58/100|[from] item: Sitrus Berry\n|move|p2a: Clefable|Thunder Wave|p1b: Orthworm\n|-status|p1b: Orthworm|par\n|\n|-start|p2b: Dragonite|perish3\n|-start|p1a: Gengar|perish3\n|-start|p2a: Clefable|perish3\n|-start|p1b: Orthworm|perish3\n|upkeep\n|turn|8\n|\n|t:|1776434482\n|switch|p1b: Sinistcha|Sinistcha, L50|62/100\n|-activate|p1b: Sinistcha|move: Sticky Web\n|-unboost|p1b: Sinistcha|spe|1\n|move|p1a: Gengar|Protect|p1a: Gengar\n|-singleturn|p1a: Gengar|Protect\n|move|p2b: Dragonite|Dragon Claw|p1b: Sinistcha\n|-damage|p1b: Sinistcha|22/100\n|move|p2a: Clefable|Night Shade|p1b: Sinistcha\n|-damage|p1b: Sinistcha|0 fnt\n|faint|p1b: Sinistcha\n|\n|-start|p2b: Dragonite|perish2\n|-start|p1a: Gengar|perish2\n|-start|p2a: Clefable|perish2\n|upkeep\n|\n|t:|1776434485\n|switch|p1b: Orthworm|Orthworm, L50, M|75/100 par\n|-activate|p1b: Orthworm|move: Sticky Web\n|-unboost|p1b: Orthworm|spe|1\n|turn|9\n|inactive|chickenpeanuts has 30 seconds left.\n|\n|t:|1776434513\n|move|p2a: Clefable|Follow Me|p2a: Clefable\n|-singleturn|p2a: Clefable|move: Follow Me\n|move|p2b: Dragonite|Earthquake|p1b: Orthworm|[spread] p2a,p1a\n|-heal|p1b: Orthworm|99/100 par|[from] ability: Earth Eater|[of] p2b: Dragonite\n|-supereffective|p1a: Gengar|1\n|-damage|p2a: Clefable|31/100\n|-damage|p1a: Gengar|0 fnt\n|faint|p1a: Gengar\n|move|p1b: Orthworm|Iron Head|p2a: Clefable\n|-supereffective|p2a: Clefable|1\n|-damage|p2a: Clefable|0 fnt\n|faint|p2a: Clefable\n|\n|-start|p2b: Dragonite|perish1\n|upkeep\n|\n|t:|1776434521\n|switch|p2a: Incineroar|Incineroar, L50, M, shiny|89/100\n|-ability|p2a: Incineroar|Intimidate|boost\n|-unboost|p1b: Orthworm|atk|1\n|turn|10\n|c|\u2606chickenpeanuts|ez\n|\n|t:|1776434532\n|move|p2b: Dragonite|Dragon Claw|p1b: Orthworm\n|-resisted|p1b: Orthworm|1\n|-damage|p1b: Orthworm|80/100 par\n|move|p2a: Incineroar|Flare Blitz|p1b: Orthworm\n|-supereffective|p1b: Orthworm|1\n|-damage|p1b: Orthworm|0 fnt\n|faint|p1b: Orthworm\n|-damage|p2a: Incineroar|66/100|[from] Recoil\n|\n|win|hjfjguyhjg\n|c|\u2606chickenpeanuts|ez\n|c|\u2606chickenpeanuts|ez\n|c|\u2606chickenpeanuts|ez\n|c|\u2606hjfjguyhjg|ez\n|c|\u2606chickenpeanuts|ez\n",
  "uploadtime": 1776434541,
  "views": 18,
  "formatid": "gen9championsvgc2026regma",
  "rating": null,
  "private": 0,
  "password": null
}