{
  "id": "gen9championsvgc2026regma-2586806780",
  "format": "[Gen 9 Champions] VGC 2026 Reg M-A",
  "players": [
    "MeLlamoDynamo",
    "gallowslilcal"
  ],
  "log": "|j|\u2606MeLlamoDynamo\n|j|\u2606gallowslilcal\n|t:|1776461464\n|gametype|doubles\n|player|p1|MeLlamoDynamo|hiker-gen4|1031\n|player|p2|gallowslilcal|2|1066\n|gen|9\n|tier|[Gen 9 Champions] VGC 2026 Reg M-A\n|rated|\n|rule|Species Clause: Limit one of each Pok\u00e9mon\n|rule|Item Clause: Limit 1 of each item\n|clearpoke\n|poke|p1|Charizard, L50, M|\n|poke|p1|Floette-Eternal, L50, F|\n|poke|p1|Lucario, L50, M|\n|poke|p1|Garchomp, L50, M|\n|poke|p1|Venusaur, L50, M|\n|poke|p1|Arcanine-Hisui, L50, M|\n|poke|p2|Froslass, L50, F|\n|poke|p2|Sinistcha-Masterpiece, L50|\n|poke|p2|Basculegion, L50, M|\n|poke|p2|Sneasler, L50, M|\n|poke|p2|Incineroar, L50, M|\n|poke|p2|Talonflame, L50, F|\n|teampreview|4\n|inactive|Battle timer is ON: inactive players will automatically lose when time's up. (requested by gallowslilcal)\n|inactive|MeLlamoDynamo has 60 seconds left.\ngallowslilcal has agreed to open team sheets.\n|l|\u2606gallowslilcal\n|inactive|gallowslilcal disconnected and has a minute to reconnect!\n|player|p2|\n|j|\u2606gallowslilcal\n|inactive|gallowslilcal reconnected.\n|player|p2|gallowslilcal|2|\n|\n|t:|1776461519\n|teamsize|p1|4\n|teamsize|p2|4\n|start\n|switch|p1a: AZ|Floette-Eternal, L50, F|100/100\n|switch|p1b: Pok\u00e9mon Bros|Garchomp, L50, M|100/100\n|switch|p2a: Sneasler|Sneasler, L50, M|100/100\n|switch|p2b: Talonflame|Talonflame, L50, F|100/100\n|turn|1\n|inactive|MeLlamoDynamo has 30 seconds left.\n|\n|t:|1776461554\n|move|p1a: AZ|Protect|p1a: AZ\n|-singleturn|p1a: AZ|Protect\n|move|p2a: Sneasler|Fake Out|p1a: AZ\n|-activate|p1a: AZ|move: Protect\n|move|p2b: Talonflame|Tailwind|p2b: Talonflame\n|-sidestart|p2: gallowslilcal|move: Tailwind\n|move|p1b: Pok\u00e9mon Bros|Earthquake|p2b: Talonflame|[spread] p2a\n|-activate|p1a: AZ|move: Protect\n|-immune|p2b: Talonflame\n|-supereffective|p2a: Sneasler|1\n|-damage|p2a: Sneasler|0 fnt\n|faint|p2a: Sneasler\n|\n|upkeep\n|\n|t:|1776461568\n|switch|p2a: Incineroar|Incineroar, L50, M|100/100\n|-ability|p2a: Incineroar|Intimidate|boost\n|-unboost|p1a: AZ|atk|1\n|-unboost|p1b: Pok\u00e9mon Bros|atk|1\n|turn|2\n|\n|t:|1776461593\n|switch|p1b: Rhombus 5|Charizard, L50, M|100/100\n|move|p2b: Talonflame|Will-O-Wisp|p1b: Rhombus 5|[miss]\n|-miss|p2b: Talonflame|p1b: Rhombus 5\n|move|p2a: Incineroar|Parting Shot|p1a: AZ\n|-unboost|p1a: AZ|atk|1\n|-unboost|p1a: AZ|spa|1\n|\n|t:|1776461601\n|switch|p2a: Froslass|Froslass, L50, F|100/100|[from] Parting Shot\n|move|p1a: AZ|Moonblast|p2a: Froslass\n|-damage|p2a: Froslass|49/100\n|\n|upkeep\n|turn|3\n|\n|t:|1776461620\n|move|p2a: Froslass|Protect|p2a: Froslass\n|-singleturn|p2a: Froslass|Protect\n|move|p1b: Rhombus 5|Protect|p1b: Rhombus 5\n|-singleturn|p1b: Rhombus 5|Protect\n|move|p1a: AZ|Protect|p1a: AZ\n|-singleturn|p1a: AZ|Protect\n|move|p2b: Talonflame|Brave Bird|p1a: AZ\n|-activate|p1a: AZ|move: Protect\n|\n|upkeep\n|turn|4\n|\n|t:|1776461644\n|switch|p2a: Incineroar|Incineroar, L50, M|100/100\n|-ability|p2a: Incineroar|Intimidate|boost\n|-unboost|p1a: AZ|atk|1\n|-unboost|p1b: Rhombus 5|atk|1\n|move|p2b: Talonflame|Brave Bird|p1a: AZ\n|-damage|p1a: AZ|40/100\n|-damage|p2b: Talonflame|80/100|[from] Recoil\n|move|p1b: Rhombus 5|Heat Wave|p2b: Talonflame|[spread] p2b\n|-miss|p1b: Rhombus 5|p2a: Incineroar\n|-resisted|p2b: Talonflame|1\n|-damage|p2b: Talonflame|52/100\n|move|p1a: AZ|Moonblast|p2a: Incineroar\n|-damage|p2a: Incineroar|72/100\n|\n|-sideend|p2: gallowslilcal|move: Tailwind\n|upkeep\n|turn|5\n|inactive|gallowslilcal has 30 seconds left.\n|\n|t:|1776461674\n|move|p1b: Rhombus 5|Protect|p1b: Rhombus 5\n|-singleturn|p1b: Rhombus 5|Protect\n|move|p1a: AZ|Protect|p1a: AZ\n|-singleturn|p1a: AZ|Protect\n|move|p2b: Talonflame|Tailwind|p2b: Talonflame\n|-sidestart|p2: gallowslilcal|move: Tailwind\n|move|p2a: Incineroar|Parting Shot|p1a: AZ\n|-activate|p1a: AZ|move: Protect\n|\n|upkeep\n|turn|6\n|inactive|MeLlamoDynamo has 30 seconds left.\n|inactive|gallowslilcal has 30 seconds left.\n|inactive|MeLlamoDynamo has 20 seconds left.\n|inactive|MeLlamoDynamo has 15 seconds left.\n|\n|t:|1776461715\n|switch|p1a: Pok\u00e9mon Bros|Garchomp, L50, M|100/100\n|move|p2b: Talonflame|Brave Bird|p1b: Rhombus 5\n|-damage|p1b: Rhombus 5|40/100\n|-damage|p2b: Talonflame|31/100|[from] Recoil\n|move|p2a: Incineroar|Darkest Lariat|p1b: Rhombus 5\n|-damage|p1b: Rhombus 5|3/100\n|move|p1b: Rhombus 5|Heat Wave|p2a: Incineroar|[spread] p2a\n|-miss|p1b: Rhombus 5|p2b: Talonflame\n|-resisted|p2a: Incineroar|1\n|-damage|p2a: Incineroar|50/100\n|\n|upkeep\n|turn|7\n|\n|t:|1776461740\n|move|p1b: Rhombus 5|Protect|p1b: Rhombus 5\n|-singleturn|p1b: Rhombus 5|Protect\n|move|p2b: Talonflame|Will-O-Wisp|p1a: Pok\u00e9mon Bros\n|-status|p1a: Pok\u00e9mon Bros|brn\n|move|p2a: Incineroar|Flare Blitz|p1b: Rhombus 5\n|-activate|p1b: Rhombus 5|move: Protect\n|move|p1a: Pok\u00e9mon Bros|Earthquake|p2b: Talonflame|[spread] p2a\n|-activate|p1b: Rhombus 5|move: Protect\n|-immune|p2b: Talonflame\n|-supereffective|p2a: Incineroar|1\n|-damage|p2a: Incineroar|13/100\n|\n|-damage|p1a: Pok\u00e9mon Bros|95/100 brn|[from] brn\n|upkeep\n|turn|8\n|inactive|MeLlamoDynamo has 30 seconds left.\n|inactive|gallowslilcal has 30 seconds left.\n|inactive|MeLlamoDynamo has 20 seconds left.\n|inactive|MeLlamoDynamo has 15 seconds left.\n|inactive|MeLlamoDynamo has 10 seconds left.\n|\n|t:|1776461786\n|switch|p1a: AZ|Floette-Eternal, L50, F|40/100\n|move|p2b: Talonflame|Brave Bird|p1a: AZ\n|-damage|p1a: AZ|0 fnt\n|faint|p1a: AZ\n|-damage|p2b: Talonflame|17/100|[from] Recoil\n|move|p2a: Incineroar|Darkest Lariat|p1b: Rhombus 5\n|-damage|p1b: Rhombus 5|0 fnt\n|faint|p1b: Rhombus 5\n|\n|-sideend|p2: gallowslilcal|move: Tailwind\n|upkeep\n|\n|t:|1776461801\n|switch|p1b: Lasagna|Venusaur, L50, M|100/100\n|switch|p1a: Pok\u00e9mon Bros|Garchomp, L50, M|95/100 brn\n|turn|9\n|c|\u2606gallowslilcal|Holding mega for no trade off hurts\n|\n|t:|1776461826\n|move|p2b: Talonflame|Tailwind|p2b: Talonflame\n|-sidestart|p2: gallowslilcal|move: Tailwind\n|move|p2a: Incineroar|Flare Blitz|p1b: Lasagna\n|-supereffective|p1b: Lasagna|1\n|-damage|p1b: Lasagna|12/100\n|-damage|p2a: Incineroar|0 fnt|[from] Recoil\n|faint|p2a: Incineroar\n|move|p1a: Pok\u00e9mon Bros|Dragon Claw|p2b: Talonflame\n|-damage|p2b: Talonflame|0 fnt\n|faint|p2b: Talonflame\n|move|p1b: Lasagna|Sludge Bomb|p2: Incineroar|[notarget]\n|-fail|p1b: Lasagna\n|\n|-damage|p1a: Pok\u00e9mon Bros|89/100 brn|[from] brn\n|upkeep\n|\n|t:|1776461836\n|switch|p2a: Froslass|Froslass, L50, F|49/100\n|turn|10\n|inactive|MeLlamoDynamo has 30 seconds left.\n|\n|t:|1776461872\n|detailschange|p2a: Froslass|Froslass-Mega, L50, F\n|-mega|p2a: Froslass|Froslass|Froslassite\n|-weather|Snowscape|[from] ability: Snow Warning|[of] p2a: Froslass\n|move|p2a: Froslass|Blizzard|p1b: Lasagna|[spread] p1a,p1b\n|-supereffective|p1a: Pok\u00e9mon Bros|2\n|-enditem|p1a: Pok\u00e9mon Bros|Yache Berry|[eat]\n|-enditem|p1a: Pok\u00e9mon Bros|Yache Berry|[weaken]\n|-supereffective|p1b: Lasagna|1\n|-damage|p1a: Pok\u00e9mon Bros|0 fnt\n|-damage|p1b: Lasagna|0 fnt\n|faint|p1a: Pok\u00e9mon Bros\n|faint|p1b: Lasagna\n|\n|win|gallowslilcal\n|raw|MeLlamoDynamo's rating: 1031 &rarr; <strong>1018</strong><br />(-13 for losing)\n|raw|gallowslilcal's rating: 1066 &rarr; <strong>1093</strong><br />(+27 for winning)\n|l|\u2606gallowslilcal\n|player|p2|\n|l|\u2606MeLlamoDynamo\n|player|p1|\n|j|\u2606gallowslilcal\n|player|p2|gallowslilcal|2|\n",
  "uploadtime": 1776461893,
  "views": 30,
  "formatid": "gen9championsvgc2026regma",
  "rating": 1018,
  "private": 0,
  "password": null
}