{
  "id": "gen9championsvgc2026regma-2582292718",
  "format": "[Gen 9 Champions] VGC 2026 Reg M-A",
  "players": [
    "Lucid021",
    "heypolo"
  ],
  "log": "|j|\u2606Lucid021\n|j|\u2606heypolo\n|t:|1776080510\n|gametype|doubles\n|player|p1|Lucid021|caitlin|1042\n|player|p2|heypolo|flint|1115\n|gen|9\n|tier|[Gen 9 Champions] VGC 2026 Reg M-A\n|rated|\n|rule|Species Clause: Limit one of each Pok\u00e9mon\n|rule|Item Clause: Limit 1 of each item\n|clearpoke\n|poke|p1|Sneasler, L50, M|\n|poke|p1|Aerodactyl, L50, M|\n|poke|p1|Incineroar, L50, F|\n|poke|p1|Garchomp, L50, F|\n|poke|p1|Froslass, L50, F|\n|poke|p1|Tinkaton, L50, F|\n|poke|p2|Dragonite, L50, F|\n|poke|p2|Politoed, L50, M|\n|poke|p2|Gengar, L50, F|\n|poke|p2|Incineroar, L50, F|\n|poke|p2|Whimsicott, L50, F|\n|poke|p2|Basculegion, L50, M|\n|teampreview|4\n|inactive|Battle timer is ON: inactive players will automatically lose when time's up. (requested by heypolo)\n|\n|t:|1776080536\n|teamsize|p1|4\n|teamsize|p2|4\n|start\n|switch|p1a: Sneasler|Sneasler, L50, M|100/100\n|switch|p1b: Incineroar|Incineroar, L50, F|100/100\n|switch|p2a: Dragonite|Dragonite, L50, F|100/100\n|switch|p2b: Basculegion|Basculegion, L50, M|100/100\n|-ability|p1b: Incineroar|Intimidate|boost\n|-fail|p2a: Dragonite|unboost|Attack|[from] ability: Inner Focus|[of] p2a: Dragonite\n|-unboost|p2b: Basculegion|atk|1\n|turn|1\n|\n|t:|1776080553\n|switch|p2b: Politoed|Politoed, L50, M|100/100\n|-weather|RainDance|[from] ability: Drizzle|[of] p2b: Politoed\n|detailschange|p2a: Dragonite|Dragonite-Mega, L50, F\n|-mega|p2a: Dragonite|Dragonite|Dragoninite\n|move|p1a: Sneasler|Fake Out|p2a: Dragonite\n|-damage|p2a: Dragonite|94/100\n|cant|p2a: Dragonite|flinch\n|move|p1b: Incineroar|Parting Shot|p2b: Politoed\n|-unboost|p2b: Politoed|atk|1\n|-unboost|p2b: Politoed|spa|1\n|\n|t:|1776080568\n|switch|p1b: Froslass|Froslass, L50, F|100/100|[from] Parting Shot\n|\n|-weather|RainDance|[upkeep]\n|upkeep\n|turn|2\n|\n|t:|1776080591\n|switch|p2b: Incineroar|Incineroar, L50, F|100/100\n|-ability|p2b: Incineroar|Intimidate|boost\n|-unboost|p1a: Sneasler|atk|1\n|-unboost|p1b: Froslass|atk|1\n|detailschange|p1b: Froslass|Froslass-Mega, L50, F\n|-mega|p1b: Froslass|Froslass|Froslassite\n|-weather|Snowscape|[from] ability: Snow Warning|[of] p1b: Froslass\n|move|p2a: Dragonite|Protect|p2a: Dragonite\n|-singleturn|p2a: Dragonite|Protect\n|move|p1b: Froslass|Blizzard|p2b: Incineroar|[spread] p2b\n|-activate|p2a: Dragonite|move: Protect\n|-resisted|p2b: Incineroar|1\n|-damage|p2b: Incineroar|82/100\n|move|p1a: Sneasler|Fling|p2b: Incineroar\n|-resisted|p2b: Incineroar|1\n|-damage|p2b: Incineroar|79/100\n|-status|p2b: Incineroar|par\n|-enditem|p1a: Sneasler|Light Ball|[from] move: Fling\n|\n|-weather|Snowscape|[upkeep]\n|upkeep\n|turn|3\n|inactive|Lucid021 has 30 seconds left.\n|inactive|heypolo has 30 seconds left.\n|\n|t:|1776080625\n|switch|p2b: Politoed|Politoed, L50, M|100/100\n|-weather|RainDance|[from] ability: Drizzle|[of] p2b: Politoed\n|move|p1a: Sneasler|Close Combat|p2b: Politoed\n|-damage|p2b: Politoed|63/100\n|-unboost|p1a: Sneasler|def|1\n|-unboost|p1a: Sneasler|spd|1\n|move|p1b: Froslass|Nasty Plot|p1b: Froslass\n|-boost|p1b: Froslass|spa|2\n|move|p2a: Dragonite|Hurricane|p1a: Sneasler\n|-supereffective|p1a: Sneasler|1\n|-crit|p1a: Sneasler\n|-damage|p1a: Sneasler|0 fnt\n|faint|p1a: Sneasler\n|\n|-weather|RainDance|[upkeep]\n|upkeep\n|\n|t:|1776080639\n|switch|p1a: Aerodactyl|Aerodactyl, L50, M|100/100\n|-ability|p1a: Aerodactyl|Unnerve\n|turn|4\n|\n|t:|1776080648\n|move|p2a: Dragonite|Protect|p2a: Dragonite\n|-singleturn|p2a: Dragonite|Protect\n|move|p1a: Aerodactyl|Tailwind|p1a: Aerodactyl\n|-sidestart|p1: Lucid021|move: Tailwind\n|move|p1b: Froslass|Blizzard|p2b: Politoed|[spread] p2b\n|-activate|p2a: Dragonite|move: Protect\n|-resisted|p2b: Politoed|1\n|-damage|p2b: Politoed|25/100\n|-status|p2b: Politoed|frz\n|-curestatus|p2b: Politoed|frz|[msg]\n|move|p2b: Politoed|Perish Song|p2b: Politoed\n|-start|p1a: Aerodactyl|perish3|[silent]\n|-start|p1b: Froslass|perish3|[silent]\n|-start|p2a: Dragonite|perish3|[silent]\n|-start|p2b: Politoed|perish3|[silent]\n|-fieldactivate|move: Perish Song\n|\n|-weather|RainDance|[upkeep]\n|-start|p1a: Aerodactyl|perish3\n|-start|p1b: Froslass|perish3\n|-start|p2a: Dragonite|perish3\n|-start|p2b: Politoed|perish3\n|upkeep\n|turn|5\n|\n|t:|1776080669\n|switch|p2a: Incineroar|Incineroar, L50, F|79/100 par\n|-ability|p2a: Incineroar|Intimidate|boost\n|-unboost|p1a: Aerodactyl|atk|1\n|-unboost|p1b: Froslass|atk|1\n|move|p2b: Politoed|Protect|p2b: Politoed\n|-singleturn|p2b: Politoed|Protect\n|move|p1a: Aerodactyl|Rock Slide|p2b: Politoed|[spread] p2a\n|-activate|p2b: Politoed|move: Protect\n|-supereffective|p2a: Incineroar|1\n|-damage|p2a: Incineroar|51/100 par\n|move|p1b: Froslass|Blizzard|p2a: Incineroar|[spread] p2a\n|-activate|p2b: Politoed|move: Protect\n|-resisted|p2a: Incineroar|1\n|-damage|p2a: Incineroar|15/100 par\n|\n|-weather|RainDance|[upkeep]\n|-start|p1a: Aerodactyl|perish2\n|-start|p1b: Froslass|perish2\n|-start|p2b: Politoed|perish2\n|upkeep\n|turn|6\n|\n|t:|1776080694\n|switch|p2b: Basculegion|Basculegion, L50, M|100/100\n|move|p1b: Froslass|Protect|p1b: Froslass\n|-singleturn|p1b: Froslass|Protect\n|move|p2a: Incineroar|Fake Out|p1a: Aerodactyl\n|-resisted|p1a: Aerodactyl|1\n|-damage|p1a: Aerodactyl|92/100\n|cant|p1a: Aerodactyl|flinch\n|\n|-weather|RainDance|[upkeep]\n|-start|p1a: Aerodactyl|perish1\n|-start|p1b: Froslass|perish1\n|upkeep\n|turn|7\n|\n|t:|1776080718\n|switch|p1b: Incineroar|Incineroar, L50, F|100/100\n|-ability|p1b: Incineroar|Intimidate|boost\n|-unboost|p2a: Incineroar|atk|1\n|-unboost|p2b: Basculegion|atk|1\n|move|p2b: Basculegion|Protect|p2b: Basculegion\n|-singleturn|p2b: Basculegion|Protect\n|move|p2a: Incineroar|Protect|p2a: Incineroar\n|-singleturn|p2a: Incineroar|Protect\n|move|p1a: Aerodactyl|Rock Slide|p2a: Incineroar|[spread] \n|-activate|p2a: Incineroar|move: Protect\n|-activate|p2b: Basculegion|move: Protect\n|\n|-weather|none\n|-start|p1a: Aerodactyl|perish0\n|-sideend|p1: Lucid021|move: Tailwind\n|faint|p1a: Aerodactyl\n|upkeep\n|-enditem|p2a: Incineroar|Sitrus Berry|[eat]\n|-heal|p2a: Incineroar|40/100 par|[from] item: Sitrus Berry\n|\n|t:|1776080729\n|switch|p1a: Froslass|Froslass-Mega, L50, F|100/100\n|-weather|Snowscape|[from] ability: Snow Warning|[of] p1a: Froslass\n|turn|8\n|\n|t:|1776080742\n|switch|p2a: Politoed|Politoed, L50, M|25/100\n|-weather|RainDance|[from] ability: Drizzle|[of] p2a: Politoed\n|move|p1b: Incineroar|Fake Out|p2a: Politoed\n|-crit|p2a: Politoed\n|-damage|p2a: Politoed|11/100\n|move|p2b: Basculegion|Wave Crash|p1b: Incineroar\n|-supereffective|p1b: Incineroar|1\n|-damage|p1b: Incineroar|0 fnt\n|faint|p1b: Incineroar\n|-damage|p2b: Basculegion|66/100|[from] Recoil\n|move|p1a: Froslass|Nasty Plot|p1a: Froslass\n|-boost|p1a: Froslass|spa|2\n|\n|-weather|RainDance|[upkeep]\n|upkeep\n|turn|9\n|\n|t:|1776080758\n|move|p2b: Basculegion|Protect|p2b: Basculegion\n|-singleturn|p2b: Basculegion|Protect\n|move|p1a: Froslass|Shadow Ball|p2b: Basculegion\n|-activate|p2b: Basculegion|move: Protect\n|move|p2a: Politoed|Perish Song|p2a: Politoed\n|-start|p1a: Froslass|perish3|[silent]\n|-start|p2a: Politoed|perish3|[silent]\n|-start|p2b: Basculegion|perish3|[silent]\n|-fieldactivate|move: Perish Song\n|\n|-weather|RainDance|[upkeep]\n|-start|p2b: Basculegion|perish3\n|-start|p1a: Froslass|perish3\n|-start|p2a: Politoed|perish3\n|upkeep\n|turn|10\n|\n|t:|1776080767\n|switch|p2b: Incineroar|Incineroar, L50, F|40/100 par\n|-ability|p2b: Incineroar|Intimidate|boost\n|-unboost|p1a: Froslass|atk|1\n|move|p2a: Politoed|Protect|p2a: Politoed\n|-singleturn|p2a: Politoed|Protect\n|move|p1a: Froslass|Blizzard|p2b: Incineroar|[spread] p2b\n|-activate|p2a: Politoed|move: Protect\n|-resisted|p2b: Incineroar|1\n|-damage|p2b: Incineroar|1/100 par\n|\n|-weather|RainDance|[upkeep]\n|-start|p1a: Froslass|perish2\n|-start|p2a: Politoed|perish2\n|upkeep\n|turn|11\n|\n|t:|1776080782\n|switch|p2a: Basculegion|Basculegion, L50, M|66/100\n|move|p2b: Incineroar|Protect|p2b: Incineroar\n|-singleturn|p2b: Incineroar|Protect\n|move|p1a: Froslass|Blizzard|p2a: Basculegion|[spread] p2a\n|-activate|p2b: Incineroar|move: Protect\n|-resisted|p2a: Basculegion|1\n|-damage|p2a: Basculegion|11/100\n|\n|-weather|RainDance|[upkeep]\n|-start|p1a: Froslass|perish1\n|upkeep\n|turn|12\n|\n|t:|1776080797\n|move|p2a: Basculegion|Protect|p2a: Basculegion\n|-singleturn|p2a: Basculegion|Protect\n|move|p1a: Froslass|Blizzard|p2b: Incineroar|[spread] \n|-activate|p2a: Basculegion|move: Protect\n|-miss|p1a: Froslass|p2b: Incineroar\n|move|p2b: Incineroar|Parting Shot|p1a: Froslass\n|-unboost|p1a: Froslass|atk|1\n|-unboost|p1a: Froslass|spa|1\n|\n|t:|1776080806\n|switch|p2b: Politoed|Politoed, L50, M|11/100|[from] Parting Shot\n|\n|-weather|none\n|-start|p1a: Froslass|perish0\n|faint|p1a: Froslass\n|\n|win|heypolo\n|raw|Lucid021's rating: 1042 &rarr; <strong>1029</strong><br />(-13 for losing)\n|raw|heypolo's rating: 1115 &rarr; <strong>1135</strong><br />(+20 for winning)\n|l|\u2606Lucid021\n|player|p1|\n",
  "uploadtime": 1776080816,
  "views": 14,
  "formatid": "gen9championsvgc2026regma",
  "rating": 1029,
  "private": 0,
  "password": null
}