{
  "id": "gen9championsvgc2026regma-2586396101",
  "format": "[Gen 9 Champions] VGC 2026 Reg M-A",
  "players": [
    "montendoz",
    "ChronicNikos"
  ],
  "log": "|j|\u2606montendoz\n|j|\u2606ChronicNikos\n|t:|1776431654\n|gametype|doubles\n|player|p1|montendoz|1|1391\n|player|p2|ChronicNikos|cynthia-gen4|1464\n|gen|9\n|tier|[Gen 9 Champions] VGC 2026 Reg M-A\n|rated|\n|rule|Species Clause: Limit one of each Pok\u00e9mon\n|rule|Item Clause: Limit 1 of each item\n|clearpoke\n|poke|p1|Typhlosion-Hisui, L50, F|\n|poke|p1|Oranguru, L50, M|\n|poke|p1|Incineroar, L50, M|\n|poke|p1|Crabominable, L50, M|\n|poke|p1|Sylveon, L50, F|\n|poke|p1|Tyranitar, L50, M|\n|poke|p2|Gengar, L50, F|\n|poke|p2|Incineroar, L50, M|\n|poke|p2|Politoed, L50, M|\n|poke|p2|Archaludon, L50, F|\n|poke|p2|Basculegion, L50, M|\n|poke|p2|Meganium, L50, F|\n|teampreview|4\n|inactive|Battle timer is ON: inactive players will automatically lose when time's up. (requested by montendoz)\nChronicNikos has agreed to open team sheets.\n|j| GentleH\n|inactive|ChronicNikos has 60 seconds left.\n|\n|t:|1776431687\n|teamsize|p1|4\n|teamsize|p2|4\n|start\n|switch|p1a: Typhlosion|Typhlosion-Hisui, L50, F|100/100\n|switch|p1b: Oranguru|Oranguru, L50, M|100/100\n|switch|p2a: Tri-Hard|Basculegion, L50, M|100/100\n|switch|p2b: AllThingsMustDie|Gengar, L50, F, shiny|100/100\n|-item|p2a: Tri-Hard|Choice Scarf|[from] ability: Frisk|[of] p1a: Typhlosion\n|-item|p2b: AllThingsMustDie|Gengarite|[from] ability: Frisk|[of] p1a: Typhlosion\n|turn|1\n|inactive|montendoz has 30 seconds left.\n|\n|t:|1776431717\n|switch|p2b: I May Fall|Politoed, L50, M|100/100\n|-weather|RainDance|[from] ability: Drizzle|[of] p2b: I May Fall\n|move|p1a: Typhlosion|Shadow Ball|p2b: I May Fall\n|-damage|p2b: I May Fall|73/100\n|-unboost|p2b: I May Fall|spd|1\n|move|p2a: Tri-Hard|Wave Crash|p1b: Oranguru\n|-damage|p1b: Oranguru|21/100\n|-damage|p2a: Tri-Hard|75/100|[from] Recoil\n|move|p1b: Oranguru|Trick Room|p1b: Oranguru\n|-fieldstart|move: Trick Room|[of] p1b: Oranguru\n|\n|-weather|RainDance|[upkeep]\n|-heal|p2b: I May Fall|79/100|[from] item: Leftovers\n|upkeep\n|turn|2\n|inactive|ChronicNikos has 30 seconds left.\n|l| GentleH\n|j| GentleH\n|inactive|ChronicNikos has 20 seconds left.\n|inactive|ChronicNikos has 15 seconds left.\n|\n|t:|1776431759\n|switch|p2a: Due Process|Archaludon, L50, F|100/100\n|move|p1b: Oranguru|Instruct|p1a: Typhlosion\n|-singleturn|p1a: Typhlosion|move: Instruct|[of] p1b: Oranguru\n|move|p1a: Typhlosion|Shadow Ball|p2b: I May Fall\n|-damage|p2b: I May Fall|31/100\n|move|p2b: I May Fall|Weather Ball|p1b: Oranguru\n|-damage|p1b: Oranguru|0 fnt\n|faint|p1b: Oranguru\n|move|p1a: Typhlosion|Shadow Ball|p2a: Due Process\n|-damage|p2a: Due Process|44/100\n|-ability|p2a: Due Process|Stamina|boost\n|-boost|p2a: Due Process|def|1\n|\n|-weather|RainDance|[upkeep]\n|-heal|p2b: I May Fall|38/100|[from] item: Leftovers\n|upkeep\n|\n|t:|1776431779\n|switch|p1b: Sylveon|Sylveon, L50, F|100/100\n|turn|3\n|inactive|ChronicNikos has 30 seconds left.\n|\n|t:|1776431810\n|switch|p1a: Tyranitar|Tyranitar, L50, M|100/100\n|-weather|Sandstorm|[from] ability: Sand Stream|[of] p1a: Tyranitar\n|move|p2a: Due Process|Protect|p2a: Due Process\n|-singleturn|p2a: Due Process|Protect\n|move|p1b: Sylveon|Hyper Voice|p2b: I May Fall|[spread] p2b\n|-activate|p2a: Due Process|move: Protect\n|-damage|p2b: I May Fall|0 fnt\n|faint|p2b: I May Fall\n|\n|-weather|Sandstorm|[upkeep]\n|-damage|p1b: Sylveon|95/100|[from] Sandstorm\n|upkeep\n|\n|t:|1776431829\n|switch|p2b: AllThingsMustDie|Gengar, L50, F, shiny|100/100\n|turn|4\n|\n|t:|1776431850\n|detailschange|p1a: Tyranitar|Tyranitar-Mega, L50, M\n|-mega|p1a: Tyranitar|Tyranitar|Tyranitarite\n|detailschange|p2b: AllThingsMustDie|Gengar-Mega, L50, F, shiny\n|-mega|p2b: AllThingsMustDie|Gengar|Gengarite\n|move|p2b: AllThingsMustDie|Protect|p2b: AllThingsMustDie\n|-singleturn|p2b: AllThingsMustDie|Protect\n|move|p1b: Sylveon|Hyper Beam|p2a: Due Process\n|-damage|p2a: Due Process|0 fnt\n|-mustrecharge|p1b: Sylveon\n|faint|p2a: Due Process\n|move|p1a: Tyranitar|Knock Off|p2b: AllThingsMustDie\n|-activate|p2b: AllThingsMustDie|move: Protect\n|\n|-weather|Sandstorm|[upkeep]\n|-damage|p1b: Sylveon|89/100|[from] Sandstorm\n|-damage|p2b: AllThingsMustDie|95/100|[from] Sandstorm\n|upkeep\n|l| GentleH\n|\n|t:|1776431862\n|switch|p2a: Tri-Hard|Basculegion, L50, M|75/100\n|turn|5\n|j| GentleH\n|-message|ChronicNikos forfeited.\n|\n|win|montendoz\n|raw|montendoz's rating: 1391 &rarr; <strong>1415</strong><br />(+24 for winning)\n|raw|ChronicNikos's rating: 1464 &rarr; <strong>1440</strong><br />(-24 for losing)\n",
  "uploadtime": 1776431867,
  "views": 48,
  "formatid": "gen9championsvgc2026regma",
  "rating": 1415,
  "private": 0,
  "password": null
}