{
  "id": "gen9championsvgc2026regma-2580994891",
  "format": "[Gen 9 Champions] VGC 2026 Reg M-A",
  "players": [
    "superboy245",
    "luciajolote"
  ],
  "log": "|j|\u2606superboy245\n|j|\u2606luciajolote\n|t:|1775949994\n|gametype|doubles\n|player|p1|superboy245|buck|1094\n|player|p2|luciajolote|roxie|1120\n|gen|9\n|tier|[Gen 9 Champions] VGC 2026 Reg M-A\n|rated|\n|rule|Species Clause: Limit one of each Pok\u00e9mon\n|rule|Item Clause: Limit 1 of each item\n|clearpoke\n|poke|p1|Crabominable, L50, M|\n|poke|p1|Torkoal, L50, M|\n|poke|p1|Farigiraf, L50, F|\n|poke|p1|Incineroar, L50, M|\n|poke|p1|Hydrapple, L50, M|\n|poke|p1|Drampa, L50, M|\n|poke|p2|Scizor, L50, M|\n|poke|p2|Maushold-Four, L50|\n|poke|p2|Basculegion, L50, M|\n|poke|p2|Incineroar, L50, F|\n|poke|p2|Whimsicott, L50, F|\n|poke|p2|Glimmora, L50, M|\n|teampreview|4\nsuperboy245 rejected open team sheets.\n|\n|t:|1775950042\n|teamsize|p1|4\n|teamsize|p2|4\n|start\n|switch|p1a: Incineroar|Incineroar, L50, M|100/100\n|switch|p1b: Farigiraf|Farigiraf, L50, F|100/100\n|switch|p2a: Incineroar|Incineroar, L50, F|100/100\n|switch|p2b: Maushold|Maushold-Four, L50|100/100\n|-ability|p2a: Incineroar|Intimidate|boost\n|-unboost|p1a: Incineroar|atk|1\n|-unboost|p1b: Farigiraf|atk|1\n|-ability|p1a: Incineroar|Intimidate|boost\n|-unboost|p2a: Incineroar|atk|1\n|-unboost|p2b: Maushold|atk|1\n|turn|1\n|\n|t:|1775950061\n|move|p1a: Incineroar|Fake Out|p2a: Incineroar\n|-damage|p2a: Incineroar|94/100\n|move|p2b: Maushold|Follow Me|p2b: Maushold\n|-singleturn|p2b: Maushold|move: Follow Me\n|cant|p2a: Incineroar|flinch\n|move|p1b: Farigiraf|Trick Room|p1b: Farigiraf\n|-fieldstart|move: Trick Room|[of] p1b: Farigiraf\n|\n|upkeep\n|turn|2\n|\n|t:|1775950081\n|move|p1b: Farigiraf|Hyper Voice|p2a: Incineroar|[spread] p2a,p2b\n|-damage|p2a: Incineroar|79/100\n|-damage|p2b: Maushold|64/100\n|move|p1a: Incineroar|Parting Shot|p2b: Maushold\n|-unboost|p2b: Maushold|atk|1\n|-unboost|p2b: Maushold|spa|1\n|\n|t:|1775950097\n|switch|p1a: Torkoal|Torkoal, L50, M|100/100|[from] Parting Shot\n|-weather|SunnyDay|[from] ability: Drought|[of] p1a: Torkoal\n|move|p2a: Incineroar|Throat Chop|p1b: Farigiraf\n|-supereffective|p1b: Farigiraf|1\n|-damage|p1b: Farigiraf|58/100\n|-start|p1b: Farigiraf|Throat Chop|[silent]\n|move|p2b: Maushold|Super Fang|p1a: Torkoal\n|-damage|p1a: Torkoal|51/100\n|\n|-weather|SunnyDay|[upkeep]\n|upkeep\n|turn|3\n|\n|t:|1775950120\n|switch|p1b: Crabominable|Crabominable, L50, M|100/100\n|move|p1a: Torkoal|Heat Wave|p2a: Incineroar|[spread] p2b\n|-miss|p1a: Torkoal|p2a: Incineroar\n|-damage|p2b: Maushold|0 fnt\n|faint|p2b: Maushold\n|move|p2a: Incineroar|Parting Shot|p1a: Torkoal\n|-unboost|p1a: Torkoal|atk|1\n|-unboost|p1a: Torkoal|spa|1\n|\n|t:|1775950130\n|switch|p2a: Glimmora|Glimmora, L50, M|100/100|[from] Parting Shot\n|\n|-weather|SunnyDay|[upkeep]\n|upkeep\n|\n|t:|1775950136\n|switch|p2b: Incineroar|Incineroar, L50, F|79/100\n|-ability|p2b: Incineroar|Intimidate|boost\n|-unboost|p1a: Torkoal|atk|1\n|-fail|p1b: Crabominable|unboost|Attack|[from] ability: Hyper Cutter|[of] p1b: Crabominable\n|turn|4\n|\n|t:|1775950186\n|switch|p1a: Farigiraf|Farigiraf, L50, F|58/100\n|detailschange|p1b: Crabominable|Crabominable-Mega, L50, M\n|-mega|p1b: Crabominable|Crabominable|Crabominite\n|move|p2b: Incineroar|Fake Out||[still]\n|cant|p1a: Farigiraf|ability: Armor Tail|Fake Out|[of] p2b: Incineroar\n|move|p1b: Crabominable|Drain Punch|p2b: Incineroar\n|-supereffective|p2b: Incineroar|1\n|-damage|p2b: Incineroar|0 fnt\n|faint|p2b: Incineroar\n|move|p2a: Glimmora|Earth Power|p1a: Farigiraf\n|-damage|p1a: Farigiraf|32/100\n|\n|-weather|SunnyDay|[upkeep]\n|upkeep\n|\n|t:|1775950200\n|switch|p2b: Scizor|Scizor, L50, M|100/100\n|turn|5\n|\n|t:|1775950218\n|detailschange|p2b: Scizor|Scizor-Mega, L50, M\n|-mega|p2b: Scizor|Scizor|Scizorite\n|move|p1b: Crabominable|Drain Punch|p2a: Glimmora\n|-damage|p2a: Glimmora|30/100\n|-activate|p2a: Glimmora|ability: Toxic Debris\n|-sidestart|p1: superboy245|move: Toxic Spikes\n|move|p1a: Farigiraf|Psychic|p2a: Glimmora\n|-supereffective|p2a: Glimmora|1\n|-damage|p2a: Glimmora|0 fnt\n|faint|p2a: Glimmora\n|move|p2b: Scizor|Bug Bite|p1a: Farigiraf\n|-supereffective|p1a: Farigiraf|1\n|-damage|p1a: Farigiraf|0 fnt\n|-enditem|p1a: Farigiraf|Lum Berry|[from] stealeat|[move] Bug Bite|[of] p2b: Scizor\n|faint|p1a: Farigiraf\n|\n|-weather|SunnyDay|[upkeep]\n|-fieldend|move: Trick Room\n|upkeep\n|\n|t:|1775950227\n|switch|p1a: Incineroar|Incineroar, L50, M|100/100\n|-status|p1a: Incineroar|psn\n|-ability|p1a: Incineroar|Intimidate|boost\n|-unboost|p2b: Scizor|atk|1\n|turn|6\n|c|\u2606superboy245|Gg\n|\n|t:|1775950241\n|move|p2b: Scizor|Bug Bite|p1a: Incineroar\n|-damage|p1a: Incineroar|63/100 psn\n|-enditem|p1a: Incineroar|Sitrus Berry|[from] stealeat|[move] Bug Bite|[of] p2b: Scizor\n|move|p1a: Incineroar|Flare Blitz|p2b: Scizor\n|-supereffective|p2b: Scizor|2\n|-damage|p2b: Scizor|0 fnt\n|faint|p2b: Scizor\n|-damage|p1a: Incineroar|34/100 psn|[from] Recoil\n|\n|win|superboy245\n|raw|superboy245's rating: 1094 &rarr; <strong>1122</strong><br />(+28 for winning)\n|raw|luciajolote's rating: 1120 &rarr; <strong>1093</strong><br />(-27 for losing)\n",
  "uploadtime": 1775950244,
  "views": 13,
  "formatid": "gen9championsvgc2026regma",
  "rating": 1093,
  "private": 0,
  "password": null
}