{
  "id": "gen9championsvgc2026regma-2588593285",
  "format": "[Gen 9 Champions] VGC 2026 Reg M-A",
  "players": [
    "adalove",
    "JoseMa83200"
  ],
  "log": "|j|\u2606adalove\n|j|\u2606JoseMa83200\n|t:|1776648245\n|gametype|doubles\n|player|p1|adalove|dragontamer|1090\n|player|p2|JoseMa83200|102|1125\n|gen|9\n|tier|[Gen 9 Champions] VGC 2026 Reg M-A\n|rated|\n|rule|Species Clause: Limit one of each Pok\u00e9mon\n|rule|Item Clause: Limit 1 of each item\n|clearpoke\n|poke|p1|Tyranitar, L50, F|\n|poke|p1|Excadrill, L50, F|\n|poke|p1|Corviknight, L50, M|\n|poke|p1|Milotic, L50, M|\n|poke|p1|Farigiraf, L50, F|\n|poke|p1|Floette-Eternal, L50, F|\n|poke|p2|Froslass, L50, F|\n|poke|p2|Beartic, L50, F|\n|poke|p2|Whimsicott, L50, F|\n|poke|p2|Sneasler, L50, F|\n|poke|p2|Rotom-Wash, L50|\n|poke|p2|Incineroar, L50, M|\n|teampreview|4\n|inactive|Battle timer is ON: inactive players will automatically lose when time's up. (requested by adalove)\n|\n|t:|1776648268\n|teamsize|p1|4\n|teamsize|p2|4\n|start\n|switch|p1a: Farigiraf|Farigiraf, L50, F|100/100\n|switch|p1b: Milotic|Milotic, L50, M|100/100\n|switch|p2a: Froslass|Froslass, L50, F|100/100\n|switch|p2b: Incineroar|Incineroar, L50, M|100/100\n|-ability|p2b: Incineroar|Intimidate|boost\n|-unboost|p1a: Farigiraf|atk|1\n|-unboost|p1b: Milotic|atk|1\n|-ability|p1b: Milotic|Competitive|boost\n|-boost|p1b: Milotic|spa|2\n|turn|1\n|inactive|adalove has 30 seconds left.\n|\n|t:|1776648293\n|switch|p2a: Whimsicott|Whimsicott, L50, F|100/100\n|move|p1b: Milotic|Scald|p2a: Whimsicott\n|-resisted|p2a: Whimsicott|1\n|-damage|p2a: Whimsicott|62/100\n|-status|p2a: Whimsicott|brn\n|move|p2b: Incineroar|Darkest Lariat|p1a: Farigiraf\n|-supereffective|p1a: Farigiraf|1\n|-enditem|p1a: Farigiraf|Colbur Berry|[eat]\n|-enditem|p1a: Farigiraf|Colbur Berry|[weaken]\n|-damage|p1a: Farigiraf|63/100\n|move|p1a: Farigiraf|Trick Room|p1a: Farigiraf\n|-fieldstart|move: Trick Room|[of] p1a: Farigiraf\n|\n|-damage|p2a: Whimsicott|56/100 brn|[from] brn\n|upkeep\n|turn|2\n|\n|t:|1776648313\n|switch|p1a: Floette|Floette-Eternal, L50, F|100/100\n|move|p2a: Whimsicott|Encore||[still]\n|-fail|p2a: Whimsicott\n|move|p2b: Incineroar|Parting Shot|p1a: Floette\n|-unboost|p1a: Floette|atk|1\n|-unboost|p1a: Floette|spa|1\n|\n|t:|1776648320\n|switch|p2b: Rotom|Rotom-Wash, L50|100/100|[from] Parting Shot\n|move|p1b: Milotic|Scald|p2b: Rotom\n|-resisted|p2b: Rotom|1\n|-damage|p2b: Rotom|74/100\n|\n|-heal|p2b: Rotom|79/100|[from] item: Leftovers\n|-damage|p2a: Whimsicott|50/100 brn|[from] brn\n|upkeep\n|turn|3\n|\n|t:|1776648345\n|switch|p1a: Farigiraf|Farigiraf, L50, F|63/100\n|move|p2a: Whimsicott|Encore||[still]\n|cant|p1a: Farigiraf|ability: Armor Tail|Encore|[of] p2a: Whimsicott\n|move|p1b: Milotic|Ice Beam|p2a: Whimsicott\n|-supereffective|p2a: Whimsicott|1\n|-damage|p2a: Whimsicott|0 fnt\n|faint|p2a: Whimsicott\n|move|p2b: Rotom|Thunderbolt|p1b: Milotic\n|-supereffective|p1b: Milotic|1\n|-damage|p1b: Milotic|60/100\n|\n|-heal|p1b: Milotic|66/100|[from] item: Leftovers\n|-heal|p2b: Rotom|85/100|[from] item: Leftovers\n|upkeep\n|\n|t:|1776648356\n|switch|p2a: Froslass|Froslass, L50, F|100/100\n|turn|4\n|\n|t:|1776648376\n|detailschange|p2a: Froslass|Froslass-Mega, L50, F\n|-mega|p2a: Froslass|Froslass|Froslassite\n|-weather|Snowscape|[from] ability: Snow Warning|[of] p2a: Froslass\n|move|p1a: Farigiraf|Helping Hand|p1b: Milotic\n|-singleturn|p1b: Milotic|Helping Hand|[of] p1a: Farigiraf\n|move|p1b: Milotic|Scald|p2a: Froslass\n|-damage|p2a: Froslass|10/100\n|move|p2b: Rotom|Thunderbolt|p1b: Milotic\n|-supereffective|p1b: Milotic|1\n|-damage|p1b: Milotic|25/100\n|move|p2a: Froslass|Blizzard|p1a: Farigiraf|[spread] p1a,p1b\n|-resisted|p1b: Milotic|1\n|-damage|p1a: Farigiraf|29/100\n|-damage|p1b: Milotic|13/100\n|\n|-weather|Snowscape|[upkeep]\n|-heal|p1b: Milotic|20/100|[from] item: Leftovers\n|-heal|p2b: Rotom|91/100|[from] item: Leftovers\n|upkeep\n|turn|5\n|\n|t:|1776648400\n|move|p2a: Froslass|Protect|p2a: Froslass\n|-singleturn|p2a: Froslass|Protect\n|move|p1a: Farigiraf|Twin Beam|p2a: Froslass\n|-activate|p2a: Froslass|move: Protect\n|move|p1b: Milotic|Life Dew|p1b: Milotic|[spread] p1a,p1b\n|-heal|p1a: Farigiraf|54/100\n|-heal|p1b: Milotic|45/100\n|move|p2b: Rotom|Thunderbolt|p1b: Milotic\n|-supereffective|p1b: Milotic|1\n|-damage|p1b: Milotic|4/100\n|\n|-weather|Snowscape|[upkeep]\n|-heal|p1b: Milotic|10/100|[from] item: Leftovers\n|-heal|p2b: Rotom|97/100|[from] item: Leftovers\n|-fieldend|move: Trick Room\n|upkeep\n|turn|6\n|\n|t:|1776648423\n|switch|p1a: Corviknight|Corviknight, L50, M|100/100\n|move|p1b: Milotic|Protect|p1b: Milotic\n|-singleturn|p1b: Milotic|Protect\n|move|p2a: Froslass|Blizzard|p1a: Corviknight|[spread] p1a\n|-activate|p1b: Milotic|move: Protect\n|-damage|p1a: Corviknight|67/100\n|move|p2b: Rotom|Hydro Pump|p1a: Corviknight\n|-damage|p1a: Corviknight|28/100\n|-enditem|p1a: Corviknight|Sitrus Berry|[eat]\n|-heal|p1a: Corviknight|53/100|[from] item: Sitrus Berry\n|\n|-weather|Snowscape|[upkeep]\n|-heal|p2b: Rotom|100/100|[from] item: Leftovers\n|-heal|p1b: Milotic|17/100|[from] item: Leftovers\n|upkeep\n|turn|7\n|inactive|adalove has 30 seconds left.\n|\n|t:|1776648458\n|move|p2a: Froslass|Blizzard|p1b: Milotic|[spread] p1a,p1b\n|-resisted|p1b: Milotic|1\n|-damage|p1a: Corviknight|19/100\n|-damage|p1b: Milotic|6/100\n|move|p2b: Rotom|Thunderbolt|p1b: Milotic\n|-supereffective|p1b: Milotic|1\n|-damage|p1b: Milotic|0 fnt\n|faint|p1b: Milotic\n|move|p1a: Corviknight|Brave Bird|p2a: Froslass\n|-damage|p2a: Froslass|0 fnt\n|faint|p2a: Froslass\n|-damage|p1a: Corviknight|16/100|[from] Recoil\n|\n|-weather|Snowscape|[upkeep]\n|upkeep\n|\n|t:|1776648472\n|switch|p2a: Incineroar|Incineroar, L50, M|100/100\n|switch|p1b: Floette|Floette-Eternal, L50, F|100/100\n|-ability|p2a: Incineroar|Intimidate|boost\n|-ability|p1a: Corviknight|Mirror Armor\n|-unboost|p2a: Incineroar|atk|1\n|-unboost|p1b: Floette|atk|1\n|turn|8\n|\n|t:|1776648488\n|switch|p1a: Farigiraf|Farigiraf, L50, F|54/100\n|detailschange|p1b: Floette|Floette-Mega, L50, F\n|-mega|p1b: Floette|Floette|Floettite\n|-ability|p1b: Floette|Fairy Aura\n|move|p1b: Floette|Dazzling Gleam|p2a: Incineroar|[spread] p2a,p2b\n|-damage|p2a: Incineroar|51/100\n|-damage|p2b: Rotom|60/100\n|move|p2b: Rotom|Thunderbolt|p1a: Farigiraf\n|-damage|p1a: Farigiraf|20/100\n|move|p2a: Incineroar|Flare Blitz|p1b: Floette\n|-damage|p1b: Floette|42/100\n|-damage|p2a: Incineroar|37/100|[from] Recoil\n|\n|-weather|none\n|-heal|p2b: Rotom|65/100|[from] item: Leftovers\n|upkeep\n|turn|9\n|\n|t:|1776648508\n|move|p1b: Floette|Dazzling Gleam|p2a: Incineroar|[spread] p2a,p2b\n|-damage|p2a: Incineroar|0 fnt\n|-damage|p2b: Rotom|27/100\n|faint|p2a: Incineroar\n|move|p2b: Rotom|Hydro Pump|p1b: Floette|[miss]\n|-miss|p2b: Rotom|p1b: Floette\n|move|p1a: Farigiraf|Hyper Voice|p2b: Rotom\n|-damage|p2b: Rotom|0 fnt\n|faint|p2b: Rotom\n|\n|win|adalove\n|raw|adalove's rating: 1090 &rarr; <strong>1119</strong><br />(+29 for winning)\n|raw|JoseMa83200's rating: 1125 &rarr; <strong>1097</strong><br />(-28 for losing)\n",
  "uploadtime": 1776648508,
  "views": 6,
  "formatid": "gen9championsvgc2026regma",
  "rating": 1097,
  "private": 0,
  "password": null
}