{
  "id": "gen9championsvgc2026regma-2584542554",
  "format": "[Gen 9 Champions] VGC 2026 Reg M-A",
  "players": [
    "watt167",
    "Terry From HR"
  ],
  "log": "|j|\u2606watt167\n|j|\u2606Terry From HR\n|t:|1776267664\n|gametype|doubles\n|player|p1|watt167|2|1072\n|player|p2|Terry From HR|hilbert|1021\n|gen|9\n|tier|[Gen 9 Champions] VGC 2026 Reg M-A\n|rated|\n|rule|Species Clause: Limit one of each Pok\u00e9mon\n|rule|Item Clause: Limit 1 of each item\n|clearpoke\n|poke|p1|Garchomp, L50, M|\n|poke|p1|Excadrill, L50, F|\n|poke|p1|Tyranitar, L50, M|\n|poke|p1|Sinistcha, L50|\n|poke|p1|Archaludon, L50, F|\n|poke|p1|Aerodactyl, L50, M|\n|poke|p2|Meganium, L50, M|\n|poke|p2|Aerodactyl, L50, M|\n|poke|p2|Ninetales-Alola, L50, F|\n|poke|p2|Stunfisk, L50, M|\n|poke|p2|Incineroar, L50, M|\n|poke|p2|Greninja-*, L50, F|\n|teampreview|4\n|inactive|Battle timer is ON: inactive players will automatically lose when time's up. (requested by Terry From HR)\n|\n|t:|1776267693\n|teamsize|p1|4\n|teamsize|p2|4\n|start\n|switch|p1a: Archaludon|Archaludon, L50, F|100/100\n|switch|p1b: Aerodactyl|Aerodactyl, L50, M|100/100\n|switch|p2a: Aerodactyl|Aerodactyl, L50, M|100/100\n|switch|p2b: Incineroar|Incineroar, L50, M|100/100\n|-ability|p2a: Aerodactyl|Unnerve\n|-ability|p1b: Aerodactyl|Unnerve\n|-ability|p2b: Incineroar|Intimidate|boost\n|-unboost|p1a: Archaludon|atk|1\n|-unboost|p1b: Aerodactyl|atk|1\n|turn|1\n|\n|t:|1776267707\n|move|p1b: Aerodactyl|Protect|p1b: Aerodactyl\n|-singleturn|p1b: Aerodactyl|Protect\n|move|p1a: Archaludon|Protect|p1a: Archaludon\n|-singleturn|p1a: Archaludon|Protect\n|move|p2b: Incineroar|Fake Out|p1b: Aerodactyl\n|-activate|p1b: Aerodactyl|move: Protect\n|move|p2a: Aerodactyl|Tailwind|p2a: Aerodactyl\n|-sidestart|p2: Terry From HR|move: Tailwind\n|\n|upkeep\n|turn|2\n|\n|t:|1776267725\n|move|p2a: Aerodactyl|Rock Slide|p1b: Aerodactyl|[spread] p1a,p1b\n|-resisted|p1a: Archaludon|1\n|-supereffective|p1b: Aerodactyl|1\n|-damage|p1a: Archaludon|92/100\n|-damage|p1b: Aerodactyl|15/100\n|move|p1b: Aerodactyl|Tailwind|p1b: Aerodactyl\n|-sidestart|p1: watt167|move: Tailwind\n|cant|p1a: Archaludon|flinch\n|move|p2b: Incineroar|Parting Shot|p1a: Archaludon\n|-unboost|p1a: Archaludon|atk|1\n|-unboost|p1a: Archaludon|spa|1\n|\n|t:|1776267731\n|switch|p2b: Ninetales|Ninetales-Alola, L50, F|100/100|[from] Parting Shot\n|-weather|Snowscape|[from] ability: Snow Warning|[of] p2b: Ninetales\n|\n|-weather|Snowscape|[upkeep]\n|upkeep\n|turn|3\n|\n|t:|1776267741\n|move|p1b: Aerodactyl|Rock Slide|p2b: Ninetales|[spread] p2a,p2b\n|-supereffective|p2a: Aerodactyl|1\n|-supereffective|p2b: Ninetales|1\n|-damage|p2a: Aerodactyl|43/100\n|-damage|p2b: Ninetales|68/100\n|move|p2a: Aerodactyl|Rock Slide|p1b: Aerodactyl|[spread] p1a,p1b\n|-resisted|p1a: Archaludon|1\n|-supereffective|p1b: Aerodactyl|1\n|-damage|p1a: Archaludon|83/100\n|-damage|p1b: Aerodactyl|0 fnt\n|faint|p1b: Aerodactyl\n|move|p2b: Ninetales|Aurora Veil|p2b: Ninetales\n|-sidestart|p2: Terry From HR|move: Aurora Veil\n|cant|p1a: Archaludon|flinch\n|\n|-weather|Snowscape|[upkeep]\n|upkeep\n|\n|t:|1776267755\n|switch|p1b: Sinistcha|Sinistcha, L50|100/100\n|-heal|p1a: Archaludon|100/100|[from] ability: Hospitality|[of] p1b: Sinistcha\n|turn|4\n|\n|t:|1776267768\n|move|p1b: Sinistcha|Protect|p1b: Sinistcha\n|-singleturn|p1b: Sinistcha|Protect\n|move|p2a: Aerodactyl|Rock Slide|p1b: Sinistcha|[spread] p1a\n|-activate|p1b: Sinistcha|move: Protect\n|-resisted|p1a: Archaludon|1\n|-damage|p1a: Archaludon|92/100\n|move|p2b: Ninetales|Blizzard|p1b: Sinistcha|[spread] p1a\n|-activate|p1b: Sinistcha|move: Protect\n|-damage|p1a: Archaludon|51/100\n|cant|p1a: Archaludon|flinch\n|\n|-weather|Snowscape|[upkeep]\n|-sideend|p2: Terry From HR|move: Tailwind\n|upkeep\n|turn|5\n|\n|t:|1776267785\n|move|p2b: Ninetales|Protect|p2b: Ninetales\n|-singleturn|p2b: Ninetales|Protect\n|move|p1a: Archaludon|Steel Beam|p2b: Ninetales\n|-activate|p2b: Ninetales|move: Protect\n|-damage|p1a: Archaludon|1/100|[from] steelbeam\n|move|p2a: Aerodactyl|Tailwind|p2a: Aerodactyl\n|-sidestart|p2: Terry From HR|move: Tailwind\n|move|p1b: Sinistcha|Life Dew||[still]|[spread] p1a,p1b\n|-heal|p1a: Archaludon|26/100\n|-fail|p1b: Sinistcha|heal\n|\n|-weather|Snowscape|[upkeep]\n|-sideend|p1: watt167|move: Tailwind\n|upkeep\n|turn|6\n|-message|watt167 forfeited.\n|\n|win|Terry From HR\n|raw|watt167's rating: 1072 &rarr; <strong>1048</strong><br />(-24 for losing)\n|raw|Terry From HR's rating: 1021 &rarr; <strong>1063</strong><br />(+42 for winning)\n|l|\u2606watt167\n|player|p1|\n",
  "uploadtime": 1776267857,
  "views": 20,
  "formatid": "gen9championsvgc2026regma",
  "rating": 1048,
  "private": 0,
  "password": null
}