{
  "id": "gen9championsvgc2026regma-2585882797",
  "format": "[Gen 9 Champions] VGC 2026 Reg M-A",
  "players": [
    "loklastaji",
    "Rayder177"
  ],
  "log": "|j|\u2606loklastaji\n|j|\u2606Rayder177\n|t:|1776378148\n|gametype|doubles\n|player|p1|loklastaji|265|1151\n|player|p2|Rayder177|n|1074\n|gen|9\n|tier|[Gen 9 Champions] VGC 2026 Reg M-A\n|rated|\n|rule|Species Clause: Limit one of each Pok\u00e9mon\n|rule|Item Clause: Limit 1 of each item\n|clearpoke\n|poke|p1|Samurott-Hisui, L50, F|\n|poke|p1|Delphox, L50, M|\n|poke|p1|Tinkaton, L50, F|\n|poke|p1|Decidueye-Hisui, L50, M|\n|poke|p1|Dragonite, L50, F|\n|poke|p1|Farigiraf, L50, F|\n|poke|p2|Whimsicott, L50, M|\n|poke|p2|Sneasler, L50, F|\n|poke|p2|Basculegion, L50, M|\n|poke|p2|Incineroar, L50, M|\n|poke|p2|Sinistcha, L50|\n|poke|p2|Heracross, L50, M|\n|teampreview|4\n|\n|t:|1776378174\n|teamsize|p1|4\n|teamsize|p2|4\n|start\n|switch|p1a: Dragonite|Dragonite, L50, F|100/100\n|switch|p1b: Tinkaton|Tinkaton, L50, F|100/100\n|switch|p2a: Whimsicott|Whimsicott, L50, M|100/100\n|switch|p2b: Heracross|Heracross, L50, M|100/100\n|turn|1\n|\n|t:|1776378192\n|detailschange|p2b: Heracross|Heracross-Mega, L50, M\n|-mega|p2b: Heracross|Heracross|Heracronite\n|move|p1b: Tinkaton|Fake Out|p2a: Whimsicott\n|-damage|p2a: Whimsicott|86/100\n|cant|p2a: Whimsicott|flinch\n|move|p1a: Dragonite|Air Slash|p2a: Whimsicott\n|-supereffective|p2a: Whimsicott|1\n|-damage|p2a: Whimsicott|0 fnt\n|faint|p2a: Whimsicott\n|move|p2b: Heracross|Rock Blast|p1a: Dragonite\n|-supereffective|p1a: Dragonite|1\n|-damage|p1a: Dragonite|74/100\n|-supereffective|p1a: Dragonite|1\n|-damage|p1a: Dragonite|46/100\n|-supereffective|p1a: Dragonite|1\n|-damage|p1a: Dragonite|20/100\n|-supereffective|p1a: Dragonite|1\n|-damage|p1a: Dragonite|0 fnt\n|faint|p1a: Dragonite\n|-hitcount|p1: Dragonite|4\n|\n|upkeep\n|\n|t:|1776378212\n|switch|p2a: Sneasler|Sneasler, L50, F|100/100\n|switch|p1a: Delphox|Delphox, L50, M|100/100\n|turn|2\n|\n|t:|1776378234\n|move|p1a: Delphox|Protect|p1a: Delphox\n|-singleturn|p1a: Delphox|Protect\n|move|p1b: Tinkaton|Protect|p1b: Tinkaton\n|-singleturn|p1b: Tinkaton|Protect\n|move|p2a: Sneasler|Fake Out|p1a: Delphox\n|-activate|p1a: Delphox|move: Protect\n|move|p2b: Heracross|Rock Blast|p1a: Delphox\n|-activate|p1a: Delphox|move: Protect\n|\n|upkeep\n|turn|3\n|\n|t:|1776378257\n|detailschange|p1a: Delphox|Delphox-Mega, L50, M\n|-mega|p1a: Delphox|Delphox|Delphoxite\n|move|p1a: Delphox|Expanding Force|p2a: Sneasler\n|-supereffective|p2a: Sneasler|2\n|-damage|p2a: Sneasler|0 fnt\n|faint|p2a: Sneasler\n|move|p1b: Tinkaton|Gigaton Hammer|p2b: Heracross\n|-crit|p2b: Heracross\n|-damage|p2b: Heracross|15/100\n|move|p2b: Heracross|Rock Blast|p1a: Delphox\n|-supereffective|p1a: Delphox|1\n|-damage|p1a: Delphox|60/100\n|-supereffective|p1a: Delphox|1\n|-damage|p1a: Delphox|24/100\n|-supereffective|p1a: Delphox|1\n|-damage|p1a: Delphox|0 fnt\n|faint|p1a: Delphox\n|-hitcount|p1: Delphox|3\n|\n|upkeep\n|\n|t:|1776378274\n|switch|p1a: Samurott|Samurott-Hisui, L50, F|100/100\n|switch|p2a: Basculegion|Basculegion, L50, M|100/100\n|turn|4\n|\n|t:|1776378294\n|move|p1b: Tinkaton|Protect|p1b: Tinkaton\n|-singleturn|p1b: Tinkaton|Protect\n|move|p1a: Samurott|Sucker Punch|p2a: Basculegion\n|-supereffective|p2a: Basculegion|1\n|-crit|p2a: Basculegion\n|-damage|p2a: Basculegion|0 fnt\n|faint|p2a: Basculegion\n|move|p2b: Heracross|Bullet Seed|p1a: Samurott\n|-supereffective|p1a: Samurott|1\n|-damage|p1a: Samurott|67/100\n|-supereffective|p1a: Samurott|1\n|-damage|p1a: Samurott|37/100\n|-supereffective|p1a: Samurott|1\n|-damage|p1a: Samurott|3/100\n|-supereffective|p1a: Samurott|1\n|-damage|p1a: Samurott|0 fnt\n|faint|p1a: Samurott\n|-hitcount|p1: Samurott|4\n|\n|upkeep\n|turn|5\n|\n|t:|1776378311\n|move|p1b: Tinkaton|Gigaton Hammer|p2b: Heracross\n|-damage|p2b: Heracross|0 fnt\n|faint|p2b: Heracross\n|\n|win|loklastaji\n|raw|loklastaji's rating: 1151 &rarr; <strong>1171</strong><br />(+20 for winning)\n|raw|Rayder177's rating: 1074 &rarr; <strong>1058</strong><br />(-16 for losing)\n|l|\u2606Rayder177\n|player|p2|\n",
  "uploadtime": 1776378316,
  "views": 18,
  "formatid": "gen9championsvgc2026regma",
  "rating": 1058,
  "private": 0,
  "password": null
}