{
  "id": "gen9championsvgc2026regma-2586240261",
  "format": "[Gen 9 Champions] VGC 2026 Reg M-A",
  "players": [
    "Cpt. Bubatz",
    "MiLoumm"
  ],
  "log": "|j|\u2606Cpt. Bubatz\n|j|\u2606MiLoumm\n|t:|1776416201\n|gametype|doubles\n|player|p1|Cpt. Bubatz|aaron|1075\n|player|p2|MiLoumm|1|1000\n|gen|9\n|tier|[Gen 9 Champions] VGC 2026 Reg M-A\n|rated|\n|rule|Species Clause: Limit one of each Pok\u00e9mon\n|rule|Item Clause: Limit 1 of each item\n|clearpoke\n|poke|p1|Froslass, L50, F|\n|poke|p1|Sneasler, L50, F|\n|poke|p1|Incineroar, L50, F|\n|poke|p1|Samurott, L50, F|\n|poke|p1|Meganium, L50, F|\n|poke|p1|Runerigus, L50, F|\n|poke|p2|Incineroar, L50, M|\n|poke|p2|Gengar, L50, F|\n|poke|p2|Altaria, L50, M|\n|poke|p2|Rotom-Wash, L50|\n|poke|p2|Sneasler, L50, F|\n|poke|p2|Sinistcha, L50|\n|teampreview|4\n|inactive|Battle timer is ON: inactive players will automatically lose when time's up. (requested by MiLoumm)\n|\n|t:|1776416226\n|teamsize|p1|4\n|teamsize|p2|4\n|start\n|switch|p1a: Incineroar|Incineroar, L50, F|100/100\n|switch|p1b: Samurott|Samurott, L50, F, shiny|100/100\n|switch|p2a: Gengar|Gengar, L50, F, shiny|100/100\n|switch|p2b: Incineroar|Incineroar, L50, M, shiny|100/100\n|-ability|p2b: Incineroar|Intimidate|boost\n|-unboost|p1a: Incineroar|atk|1\n|-unboost|p1b: Samurott|atk|1\n|-ability|p1a: Incineroar|Intimidate|boost\n|-unboost|p2a: Gengar|atk|1\n|-unboost|p2b: Incineroar|atk|1\n|turn|1\n|\n|t:|1776416234\n|detailschange|p2a: Gengar|Gengar-Mega, L50, F, shiny\n|-mega|p2a: Gengar|Gengar|Gengarite\n|move|p2a: Gengar|Protect|p2a: Gengar\n|-singleturn|p2a: Gengar|Protect\n|move|p1a: Incineroar|Fake Out|p2b: Incineroar\n|-damage|p2b: Incineroar|91/100\n|cant|p2b: Incineroar|flinch\n|move|p1b: Samurott|Hydro Pump|p2a: Gengar\n|-activate|p2a: Gengar|move: Protect\n|\n|upkeep\n|turn|2\n|inactive|MiLoumm has 30 seconds left.\n|\n|t:|1776416259\n|move|p2a: Gengar|Perish Song|p2a: Gengar\n|-start|p1a: Incineroar|perish3|[silent]\n|-start|p1b: Samurott|perish3|[silent]\n|-start|p2a: Gengar|perish3|[silent]\n|-start|p2b: Incineroar|perish3|[silent]\n|-fieldactivate|move: Perish Song\n|move|p1b: Samurott|Hydro Pump|p2b: Incineroar\n|-supereffective|p2b: Incineroar|1\n|-damage|p2b: Incineroar|8/100\n|-enditem|p2b: Incineroar|Sitrus Berry|[eat]\n|-heal|p2b: Incineroar|33/100|[from] item: Sitrus Berry\n|move|p1a: Incineroar|Parting Shot|p2a: Gengar\n|-unboost|p2a: Gengar|atk|1\n|-unboost|p2a: Gengar|spa|1\n|\n|t:|1776416271\n|switch|p1a: Froslass|Froslass, L50, F, shiny|100/100|[from] Parting Shot\n|move|p2b: Incineroar|Parting Shot|p1b: Samurott\n|-unboost|p1b: Samurott|atk|1\n|-unboost|p1b: Samurott|spa|1\n|\n|t:|1776416280\n|switch|p2b: Sneasler|Sneasler, L50, F|100/100|[from] Parting Shot\n|\n|-start|p2a: Gengar|perish3\n|-start|p1b: Samurott|perish3\n|upkeep\n|turn|3\n|\n|t:|1776416298\n|detailschange|p1a: Froslass|Froslass-Mega, L50, F, shiny\n|-mega|p1a: Froslass|Froslass|Froslassite\n|-weather|Snowscape|[from] ability: Snow Warning|[of] p1a: Froslass\n|move|p2a: Gengar|Protect|p2a: Gengar\n|-singleturn|p2a: Gengar|Protect\n|move|p1b: Samurott|Protect|p1b: Samurott\n|-singleturn|p1b: Samurott|Protect\n|move|p2b: Sneasler|U-turn|p1a: Froslass\n|-resisted|p1a: Froslass|1\n|-damage|p1a: Froslass|89/100\n|\n|t:|1776416317\n|switch|p2b: Rotom|Rotom-Wash, L50, shiny|100/100|[from] U-turn\n|move|p1a: Froslass|Blizzard|p2a: Gengar|[spread] p2b\n|-activate|p2a: Gengar|move: Protect\n|-resisted|p2b: Rotom|1\n|-damage|p2b: Rotom|80/100\n|\n|-weather|Snowscape|[upkeep]\n|-start|p2a: Gengar|perish2\n|-start|p1b: Samurott|perish2\n|upkeep\n|turn|4\n|\n|t:|1776416333\n|move|p1a: Froslass|Shadow Ball|p2a: Gengar\n|-supereffective|p2a: Gengar|1\n|-damage|p2a: Gengar|18/100\n|move|p2a: Gengar|Substitute|p2a: Gengar\n|-fail|p2a: Gengar|move: Substitute|[weak]\n|move|p2b: Rotom|Thunder Wave|p1a: Froslass\n|-status|p1a: Froslass|par\n|move|p1b: Samurott|Ice Beam|p2b: Rotom\n|-resisted|p2b: Rotom|1\n|-crit|p2b: Rotom\n|-damage|p2b: Rotom|57/100\n|\n|-weather|Snowscape|[upkeep]\n|-start|p2a: Gengar|perish1\n|-start|p1b: Samurott|perish1\n|upkeep\n|turn|5\n|\n|t:|1776416350\n|switch|p2a: Sneasler|Sneasler, L50, F|100/100\n|move|p2b: Rotom|Protect|p2b: Rotom\n|-singleturn|p2b: Rotom|Protect\n|move|p1b: Samurott|Hydro Pump|p2b: Rotom\n|-activate|p2b: Rotom|move: Protect\n|move|p1a: Froslass|Aurora Veil|p1a: Froslass\n|-sidestart|p1: Cpt. Bubatz|move: Aurora Veil\n|\n|-weather|Snowscape|[upkeep]\n|-start|p1b: Samurott|perish0\n|faint|p1b: Samurott\n|upkeep\n|\n|t:|1776416356\n|switch|p1b: Incineroar|Incineroar, L50, F|100/100\n|-ability|p1b: Incineroar|Intimidate|boost\n|-unboost|p2a: Sneasler|atk|1\n|-unboost|p2b: Rotom|atk|1\n|-enditem|p2a: Sneasler|White Herb\n|-clearnegativeboost|p2a: Sneasler|[silent]\n|turn|6\n|\n|t:|1776416381\n|move|p2a: Sneasler|Fake Out|p1b: Incineroar\n|-damage|p1b: Incineroar|92/100\n|cant|p1b: Incineroar|flinch\n|move|p2b: Rotom|Hydro Pump|p1b: Incineroar\n|-supereffective|p1b: Incineroar|1\n|-damage|p1b: Incineroar|40/100\n|-enditem|p1b: Incineroar|Sitrus Berry|[eat]\n|-heal|p1b: Incineroar|65/100|[from] item: Sitrus Berry\n|move|p1a: Froslass|Shadow Ball|p2b: Rotom\n|-damage|p2b: Rotom|20/100\n|\n|-weather|Snowscape|[upkeep]\n|upkeep\n|turn|7\n|\n|t:|1776416398\n|move|p2b: Rotom|Protect|p2b: Rotom\n|-singleturn|p2b: Rotom|Protect\n|move|p2a: Sneasler|Close Combat|p1b: Incineroar\n|-supereffective|p1b: Incineroar|1\n|-damage|p1b: Incineroar|0 fnt\n|-unboost|p2a: Sneasler|def|1\n|-unboost|p2a: Sneasler|spd|1\n|faint|p1b: Incineroar\n|move|p1a: Froslass|Blizzard|p2a: Sneasler|[spread] p2a\n|-activate|p2b: Rotom|move: Protect\n|-damage|p2a: Sneasler|20/100\n|\n|-weather|none\n|upkeep\n|\n|t:|1776416404\n|switch|p1b: Meganium|Meganium, L50, F, shiny|100/100\n|turn|8\n|inactive|MiLoumm has 30 seconds left.\n|\n|t:|1776416436\n|move|p2b: Rotom|Protect||[still]\n|-fail|p2b: Rotom\n|move|p1b: Meganium|Protect|p1b: Meganium\n|-singleturn|p1b: Meganium|Protect\n|move|p2a: Sneasler|Dire Claw|p1b: Meganium\n|-activate|p1b: Meganium|move: Protect\n|move|p1a: Froslass|Shadow Ball|p2a: Sneasler\n|-damage|p2a: Sneasler|0 fnt\n|faint|p2a: Sneasler\n|\n|upkeep\n|\n|t:|1776416438\n|switch|p2a: Gengar|Gengar-Mega, L50, F, shiny|18/100\n|turn|9\n|inactive|MiLoumm has 30 seconds left.\n|\n|t:|1776416467\n|move|p2b: Rotom|Protect|p2b: Rotom\n|-singleturn|p2b: Rotom|Protect\n|move|p2a: Gengar|Perish Song|p2a: Gengar\n|-start|p1a: Froslass|perish3|[silent]\n|-start|p1b: Meganium|perish3|[silent]\n|-start|p2a: Gengar|perish3|[silent]\n|-start|p2b: Rotom|perish3|[silent]\n|-fieldactivate|move: Perish Song\n|move|p1b: Meganium|Giga Drain|p2b: Rotom\n|-activate|p2b: Rotom|move: Protect\n|move|p1a: Froslass|Shadow Ball|p2a: Gengar\n|-supereffective|p2a: Gengar|1\n|-damage|p2a: Gengar|0 fnt\n|faint|p2a: Gengar\n|\n|-start|p2b: Rotom|perish3\n|-start|p1b: Meganium|perish3\n|-start|p1a: Froslass|perish3\n|-sideend|p1: Cpt. Bubatz|move: Aurora Veil\n|upkeep\n|\n|t:|1776416469\n|switch|p2a: Incineroar|Incineroar, L50, M, shiny|33/100\n|-ability|p2a: Incineroar|Intimidate|boost\n|-unboost|p1a: Froslass|atk|1\n|-unboost|p1b: Meganium|atk|1\n|turn|10\n|inactive|Cpt. Bubatz has 30 seconds left.\n|inactive|Cpt. Bubatz has 20 seconds left.\n|\n|t:|1776416504\n|move|p1b: Meganium|Protect|p1b: Meganium\n|-singleturn|p1b: Meganium|Protect\n|move|p2a: Incineroar|Fake Out|p1b: Meganium\n|-activate|p1b: Meganium|move: Protect\n|move|p2b: Rotom|Thunder Wave|p1b: Meganium\n|-activate|p1b: Meganium|move: Protect\n|move|p1a: Froslass|Blizzard|p2b: Rotom|[spread] p2b\n|-miss|p1a: Froslass|p2a: Incineroar\n|-resisted|p2b: Rotom|1\n|-damage|p2b: Rotom|1/100\n|\n|-start|p2b: Rotom|perish2\n|-start|p1b: Meganium|perish2\n|-start|p1a: Froslass|perish2\n|upkeep\n|turn|11\n|\n|t:|1776416521\n|move|p2a: Incineroar|Protect|p2a: Incineroar\n|-singleturn|p2a: Incineroar|Protect\n|move|p2b: Rotom|Thunder Wave|p1b: Meganium\n|-status|p1b: Meganium|par\n|move|p1a: Froslass|Blizzard|p2b: Rotom|[spread] \n|-activate|p2a: Incineroar|move: Protect\n|-miss|p1a: Froslass|p2b: Rotom\n|move|p1b: Meganium|Dazzling Gleam|p2a: Incineroar|[spread] p2b\n|-activate|p2a: Incineroar|move: Protect\n|-damage|p2b: Rotom|0 fnt\n|faint|p2b: Rotom\n|\n|-start|p1a: Froslass|perish1\n|-start|p1b: Meganium|perish1\n|upkeep\n|turn|12\n|\n|t:|1776416526\n|move|p2a: Incineroar|Protect|p2a: Incineroar\n|-singleturn|p2a: Incineroar|Protect\n|cant|p1a: Froslass|par\n|move|p1b: Meganium|Dazzling Gleam|p2a: Incineroar\n|-activate|p2a: Incineroar|move: Protect\n|\n|-start|p1a: Froslass|perish0\n|-start|p1b: Meganium|perish0\n|faint|p1a: Froslass\n|faint|p1b: Meganium\n|\n|win|MiLoumm\n|raw|Cpt. Bubatz's rating: 1075 &rarr; <strong>1049</strong><br />(-26 for losing)\n|raw|MiLoumm's rating: 1000 &rarr; <strong>1049</strong><br />(+49 for winning)\n|l|\u2606Cpt. Bubatz\n|player|p1|\n",
  "uploadtime": 1776416548,
  "views": 16,
  "formatid": "gen9championsvgc2026regma",
  "rating": 1049,
  "private": 0,
  "password": null
}