{
  "id": "gen9championsvgc2026regma-2585015959",
  "format": "[Gen 9 Champions] VGC 2026 Reg M-A",
  "players": [
    "donkeyO",
    "Aurum38"
  ],
  "log": "|j|\u2606donkeyO\n|j|\u2606Aurum38\n|t:|1776303584\n|gametype|doubles\n|player|p1|donkeyO|veteran|1138\n|player|p2|Aurum38|rosa|1081\n|gen|9\n|tier|[Gen 9 Champions] VGC 2026 Reg M-A\n|rated|\n|rule|Species Clause: Limit one of each Pok\u00e9mon\n|rule|Item Clause: Limit 1 of each item\n|clearpoke\n|poke|p1|Dragonite, L50, M|\n|poke|p1|Hydreigon, L50, M|\n|poke|p1|Aggron, L50, M|\n|poke|p1|Clefable, L50, F|\n|poke|p1|Farigiraf, L50, F|\n|poke|p1|Arcanine-Hisui, L50, M|\n|poke|p2|Incineroar, L50, F|\n|poke|p2|Venusaur, L50, M|\n|poke|p2|Charizard, L50, M|\n|poke|p2|Dragonite, L50, M|\n|poke|p2|Lucario, L50, F|\n|poke|p2|Rotom-Wash, L50|\n|teampreview|4\n|\n|t:|1776303661\n|teamsize|p1|4\n|teamsize|p2|4\n|start\n|switch|p1a: Dragonite|Dragonite, L50, M|100/100\n|switch|p1b: Arcanine|Arcanine-Hisui, L50, M|100/100\n|switch|p2a: Incineroar|Incineroar, L50, F|100/100\n|switch|p2b: Charizard|Charizard, L50, M|100/100\n|-ability|p2a: Incineroar|Intimidate|boost\n|-unboost|p1a: Dragonite|atk|1\n|-unboost|p1b: Arcanine|atk|1\n|turn|1\n|\n|t:|1776303684\n|switch|p2b: Rotom|Rotom-Wash, L50|100/100\n|move|p2a: Incineroar|Fake Out|p1b: Arcanine\n|-resisted|p1b: Arcanine|1\n|-damage|p1b: Arcanine|93/100\n|cant|p1b: Arcanine|flinch\n|move|p1a: Dragonite|Tailwind|p1a: Dragonite\n|-sidestart|p1: donkeyO|move: Tailwind\n|\n|upkeep\n|turn|2\n|\n|t:|1776303702\n|switch|p1b: Hydreigon|Hydreigon, L50, M|100/100\n|move|p1a: Dragonite|Dragon Cheer|p1b: Hydreigon\n|-start|p1b: Hydreigon|move: Dragon Cheer\n|move|p2b: Rotom|Thunder Wave|p1a: Dragonite\n|-status|p1a: Dragonite|par\n|move|p2a: Incineroar|Parting Shot|p1b: Hydreigon\n|-unboost|p1b: Hydreigon|atk|1\n|-unboost|p1b: Hydreigon|spa|1\n|\n|t:|1776303712\n|switch|p2a: Charizard|Charizard, L50, M|100/100|[from] Parting Shot\n|\n|upkeep\n|turn|3\n|\n|t:|1776303751\n|move|p2a: Charizard|Protect|p2a: Charizard\n|-singleturn|p2a: Charizard|Protect\n|move|p1b: Hydreigon|Snarl|p2a: Charizard|[spread] p2b\n|-activate|p2a: Charizard|move: Protect\n|-crit|p2b: Rotom\n|-damage|p2b: Rotom|52/100\n|-unboost|p2b: Rotom|spa|1\n|move|p2b: Rotom|Thunder Wave|p1b: Hydreigon\n|-status|p1b: Hydreigon|par\n|move|p1a: Dragonite|Draco Meteor|p2b: Rotom\n|-damage|p2b: Rotom|0 fnt\n|-unboost|p1a: Dragonite|spa|2\n|faint|p2b: Rotom\n|\n|upkeep\n|\n|t:|1776303770\n|switch|p2b: Incineroar|Incineroar, L50, F|100/100\n|-ability|p2b: Incineroar|Intimidate|boost\n|-unboost|p1a: Dragonite|atk|1\n|-unboost|p1b: Hydreigon|atk|1\n|turn|4\n|\n|t:|1776303806\n|detailschange|p2a: Charizard|Charizard-Mega-Y, L50, M\n|-mega|p2a: Charizard|Charizard|Charizardite Y\n|-weather|SunnyDay|[from] ability: Drought|[of] p2a: Charizard\n|cant|p1b: Hydreigon|par\n|move|p2a: Charizard|Air Slash|p1b: Hydreigon\n|-damage|p1b: Hydreigon|52/100 par\n|move|p1a: Dragonite|Draco Meteor|p2b: Incineroar\n|-damage|p2b: Incineroar|74/100\n|-unboost|p1a: Dragonite|spa|2\n|move|p2b: Incineroar|Parting Shot|p1a: Dragonite\n|-unboost|p1a: Dragonite|atk|1\n|-unboost|p1a: Dragonite|spa|1\n|\n|t:|1776303818\n|switch|p2b: Venusaur|Venusaur, L50, M|100/100|[from] Parting Shot\n|\n|-weather|SunnyDay|[upkeep]\n|-sideend|p1: donkeyO|move: Tailwind\n|upkeep\n|turn|5\n|\n|t:|1776303829\n|move|p1b: Hydreigon|Protect|p1b: Hydreigon\n|-singleturn|p1b: Hydreigon|Protect\n|move|p2b: Venusaur|Sludge Bomb|p1a: Dragonite\n|-damage|p1a: Dragonite|73/100 par\n|move|p2a: Charizard|Air Slash|p1a: Dragonite\n|-damage|p1a: Dragonite|26/100 par\n|move|p1a: Dragonite|Tailwind|p1a: Dragonite\n|-sidestart|p1: donkeyO|move: Tailwind\n|\n|-weather|SunnyDay|[upkeep]\n|-heal|p1a: Dragonite|32/100 par|[from] item: Leftovers\n|upkeep\n|turn|6\n|\n|t:|1776303864\n|move|p2a: Charizard|Protect|p2a: Charizard\n|-singleturn|p2a: Charizard|Protect\n|move|p2b: Venusaur|Sludge Bomb|p2a: Charizard\n|-activate|p2a: Charizard|move: Protect\n|move|p1a: Dragonite|Draco Meteor|p2a: Charizard\n|-activate|p2a: Charizard|move: Protect\n|move|p1b: Hydreigon|Draco Meteor|p2b: Venusaur\n|-crit|p2b: Venusaur\n|-damage|p2b: Venusaur|0 fnt\n|-unboost|p1b: Hydreigon|spa|2\n|faint|p2b: Venusaur\n|\n|-weather|SunnyDay|[upkeep]\n|-heal|p1a: Dragonite|38/100 par|[from] item: Leftovers\n|upkeep\n|\n|t:|1776303877\n|switch|p2b: Incineroar|Incineroar, L50, F|74/100\n|-ability|p2b: Incineroar|Intimidate|boost\n|-unboost|p1a: Dragonite|atk|1\n|-unboost|p1b: Hydreigon|atk|1\n|turn|7\n|\n|t:|1776303900\n|move|p1b: Hydreigon|Protect|p1b: Hydreigon\n|-singleturn|p1b: Hydreigon|Protect\n|move|p2b: Incineroar|Fake Out|p1b: Hydreigon\n|-activate|p1b: Hydreigon|move: Protect\n|move|p2a: Charizard|Air Slash|p1b: Hydreigon\n|-activate|p1b: Hydreigon|move: Protect\n|move|p1a: Dragonite|Draco Meteor|p2b: Incineroar\n|-damage|p2b: Incineroar|58/100\n|-unboost|p1a: Dragonite|spa|1\n|\n|-weather|SunnyDay|[upkeep]\n|-heal|p1a: Dragonite|44/100 par|[from] item: Leftovers\n|upkeep\n|turn|8\n|\n|t:|1776303929\n|move|p2a: Charizard|Air Slash|p1a: Dragonite\n|-damage|p1a: Dragonite|0 fnt\n|faint|p1a: Dragonite\n|move|p1b: Hydreigon|Draco Meteor|p2a: Charizard\n|-crit|p2a: Charizard\n|-damage|p2a: Charizard|0 fnt\n|-unboost|p1b: Hydreigon|spa|2\n|faint|p2a: Charizard\n|move|p2b: Incineroar|Darkest Lariat|p1b: Hydreigon\n|-resisted|p1b: Hydreigon|1\n|-damage|p1b: Hydreigon|28/100 par\n|\n|-weather|none\n|-sideend|p1: donkeyO|move: Tailwind\n|upkeep\n|-message|Aurum38 forfeited.\n|\n|win|donkeyO\n|raw|donkeyO's rating: 1138 &rarr; <strong>1159</strong><br />(+21 for winning)\n|raw|Aurum38's rating: 1081 &rarr; <strong>1062</strong><br />(-19 for losing)\n|l|\u2606Aurum38\n|player|p2|\n",
  "uploadtime": 1776303981,
  "views": 23,
  "formatid": "gen9championsvgc2026regma",
  "rating": 1062,
  "private": 0,
  "password": null
}