{
  "id": "gen9championsvgc2026regma-2586426038",
  "format": "[Gen 9 Champions] VGC 2026 Reg M-A",
  "players": [
    "zoverly",
    "Svago?"
  ],
  "log": "|j|\u2606zoverly\n|j|\u2606Svago?\n|t:|1776433842\n|gametype|doubles\n|player|p1|zoverly|brycen|1242\n|player|p2|Svago?|266|1171\n|gen|9\n|tier|[Gen 9 Champions] VGC 2026 Reg M-A\n|rated|\n|rule|Species Clause: Limit one of each Pok\u00e9mon\n|rule|Item Clause: Limit 1 of each item\n|clearpoke\n|poke|p1|Scizor, L50, F|\n|poke|p1|Tauros-Paldea-Aqua, L50, M|\n|poke|p1|Pelipper, L50, M|\n|poke|p1|Sinistcha, L50|\n|poke|p1|Dragonite, L50, M|\n|poke|p1|Mamoswine, L50, M|\n|poke|p2|Scizor, L50, F|\n|poke|p2|Basculegion, L50, M|\n|poke|p2|Incineroar, L50, F|\n|poke|p2|Sneasler, L50, M|\n|poke|p2|Ninetales-Alola, L50, M|\n|poke|p2|Whimsicott, L50, M|\n|teampreview|4\n|inactive|Battle timer is ON: inactive players will automatically lose when time's up. (requested by zoverly)\n|l|\u2606Svago?\n|inactive|Svago? disconnected and has a minute to reconnect!\n|player|p2|\n|j|\u2606Svago?\n|inactive|Svago? reconnected and has 70 seconds left.\n|player|p2|Svago?|266|\n|inactive|Svago? has 60 seconds left.\n|\n|t:|1776433958\n|teamsize|p1|4\n|teamsize|p2|4\n|start\n|switch|p1a: Mamoswine|Mamoswine, L50, M|100/100\n|switch|p1b: Pelipper|Pelipper, L50, M|100/100\n|switch|p2a: Whimsicott|Whimsicott, L50, M|100/100\n|switch|p2b: Incineroar|Incineroar, L50, F|100/100\n|-weather|RainDance|[from] ability: Drizzle|[of] p1b: Pelipper\n|-ability|p2b: Incineroar|Intimidate|boost\n|-fail|p1a: Mamoswine|unboost|Attack|[from] ability: Oblivious|[of] p1a: Mamoswine\n|-unboost|p1b: Pelipper|atk|1\n|turn|1\n|inactive|zoverly has 30 seconds left.\n|\n|t:|1776433989\n|move|p2b: Incineroar|Fake Out|p1a: Mamoswine\n|-damage|p1a: Mamoswine|86/100\n|move|p2a: Whimsicott|Taunt|p1b: Pelipper\n|-start|p1b: Pelipper|move: Taunt\n|cant|p1a: Mamoswine|flinch\n|cant|p1b: Pelipper|move: Taunt|Tailwind\n|\n|-weather|RainDance|[upkeep]\n|upkeep\n|turn|2\n|\n|t:|1776434005\n|move|p2a: Whimsicott|Encore||[still]\n|-fail|p2a: Whimsicott\n|move|p1a: Mamoswine|Icicle Spear|p2a: Whimsicott\n|-supereffective|p2a: Whimsicott|1\n|-damage|p2a: Whimsicott|72/100\n|-supereffective|p2a: Whimsicott|1\n|-damage|p2a: Whimsicott|43/100\n|-supereffective|p2a: Whimsicott|1\n|-damage|p2a: Whimsicott|13/100\n|-hitcount|p2a: Whimsicott|3\n|move|p1b: Pelipper|Weather Ball|p2b: Incineroar\n|-supereffective|p2b: Incineroar|1\n|-enditem|p2b: Incineroar|Passho Berry|[eat]\n|-enditem|p2b: Incineroar|Passho Berry|[weaken]\n|-damage|p2b: Incineroar|47/100\n|move|p2b: Incineroar|Parting Shot|p1a: Mamoswine\n|-unboost|p1a: Mamoswine|atk|1\n|-unboost|p1a: Mamoswine|spa|1\n|\n|t:|1776434028\n|switch|p2b: Basculegion|Basculegion, L50, M|100/100|[from] Parting Shot\n|\n|-weather|RainDance|[upkeep]\n|upkeep\n|turn|3\n|\n|t:|1776434045\n|switch|p1a: Tauros|Tauros-Paldea-Aqua, L50, M|100/100\n|-ability|p1a: Tauros|Intimidate|boost\n|-unboost|p2a: Whimsicott|atk|1\n|-unboost|p2b: Basculegion|atk|1\n|switch|p2a: Scizor|Scizor, L50, F|100/100\n|move|p2b: Basculegion|Wave Crash|p1b: Pelipper\n|-resisted|p1b: Pelipper|1\n|-damage|p1b: Pelipper|52/100\n|-damage|p2b: Basculegion|89/100|[from] Recoil\n|move|p1b: Pelipper|Hurricane|p2b: Basculegion\n|-damage|p2b: Basculegion|35/100\n|\n|-weather|RainDance|[upkeep]\n|-end|p1b: Pelipper|move: Taunt\n|upkeep\n|turn|4\n|inactive|Svago? has 30 seconds left.\n|inactive|zoverly has 30 seconds left.\n|\n|t:|1776434078\n|switch|p2b: Incineroar|Incineroar, L50, F|47/100\n|-ability|p2b: Incineroar|Intimidate|boost\n|-unboost|p1a: Tauros|atk|1\n|-unboost|p1b: Pelipper|atk|1\n|-enditem|p1a: Tauros|White Herb\n|-clearnegativeboost|p1a: Tauros|[silent]\n|detailschange|p2a: Scizor|Scizor-Mega, L50, F\n|-mega|p2a: Scizor|Scizor|Scizorite\n|move|p1a: Tauros|Wave Crash|p2a: Scizor\n|-damage|p2a: Scizor|36/100\n|-damage|p1a: Tauros|75/100|[from] Recoil\n|move|p1b: Pelipper|Tailwind|p1b: Pelipper\n|-sidestart|p1: zoverly|move: Tailwind\n|move|p2a: Scizor|Swords Dance|p2a: Scizor\n|-boost|p2a: Scizor|atk|2\n|\n|-weather|RainDance|[upkeep]\n|upkeep\n|turn|5\n|inactive|zoverly has 30 seconds left.\n|inactive|Svago? has 30 seconds left.\n|inactive|zoverly has 20 seconds left.\n|inactive|Svago? has 20 seconds left.\n|inactive|zoverly has 15 seconds left.\n|inactive|Svago? has 15 seconds left.\n|inactive|zoverly has 10 seconds left.\n|inactive|Svago? has 10 seconds left.\n|inactive|zoverly has 5 seconds left.\n|\n|t:|1776434133\n|move|p2b: Incineroar|Fake Out|p1a: Tauros\n|-damage|p1a: Tauros|62/100\n|move|p2a: Scizor|Bullet Punch|p1b: Pelipper\n|-resisted|p1b: Pelipper|1\n|-damage|p1b: Pelipper|3/100\n|cant|p1a: Tauros|flinch\n|move|p1b: Pelipper|Hurricane|p2b: Incineroar\n|-damage|p2b: Incineroar|6/100\n|\n|-weather|none\n|upkeep\n|turn|6\n|inactive|zoverly has 30 seconds left.\n|inactive|Svago? has 30 seconds left.\n|inactive|zoverly has 20 seconds left.\n|inactive|zoverly has 15 seconds left.\n|inactive|zoverly has 10 seconds left.\n|inactive|zoverly has 5 seconds left.\n|\n|t:|1776434188\n|move|p2a: Scizor|Protect|p2a: Scizor\n|-singleturn|p2a: Scizor|Protect\n|move|p1a: Tauros|Wave Crash|p2a: Scizor\n|-activate|p2a: Scizor|move: Protect\n|move|p1b: Pelipper|Hurricane|p2b: Incineroar|[miss]\n|-miss|p1b: Pelipper|p2b: Incineroar\n|move|p2b: Incineroar|Parting Shot|p1a: Tauros\n|-unboost|p1a: Tauros|atk|1\n|-unboost|p1a: Tauros|spa|1\n|\n|t:|1776434201\n|switch|p2b: Whimsicott|Whimsicott, L50, M|13/100|[from] Parting Shot\n|\n|upkeep\n|turn|7\n|inactive|zoverly has 30 seconds left.\n|inactive|Svago? has 30 seconds left.\n|inactive|zoverly has 20 seconds left.\n|inactive|zoverly has 15 seconds left.\n|inactive|zoverly has 10 seconds left.\n|inactive|zoverly has 5 seconds left.\n|\n|t:|1776434256\n|switch|p2b: Incineroar|Incineroar, L50, F|6/100\n|-ability|p2b: Incineroar|Intimidate|boost\n|-unboost|p1a: Tauros|atk|1\n|-unboost|p1b: Pelipper|atk|1\n|move|p2a: Scizor|Bullet Punch|p1b: Pelipper\n|-resisted|p1b: Pelipper|1\n|-damage|p1b: Pelipper|0 fnt\n|faint|p1b: Pelipper\n|move|p1a: Tauros|Wave Crash|p2b: Incineroar\n|-supereffective|p2b: Incineroar|1\n|-damage|p2b: Incineroar|0 fnt\n|faint|p2b: Incineroar\n|-damage|p1a: Tauros|60/100|[from] Recoil\n|\n|-sideend|p1: zoverly|move: Tailwind\n|upkeep\n|\n|t:|1776434274\n|switch|p1b: Mamoswine|Mamoswine, L50, M|86/100\n|switch|p2b: Whimsicott|Whimsicott, L50, M|13/100\n|turn|8\n|\n|t:|1776434290\n|switch|p1b: Dragonite|Dragonite, L50, M|100/100\n|move|p2a: Scizor|Bullet Punch|p1b: Dragonite\n|-damage|p1b: Dragonite|67/100\n|move|p1a: Tauros|Wave Crash|p2b: Whimsicott\n|-resisted|p2b: Whimsicott|1\n|-damage|p2b: Whimsicott|0 fnt\n|faint|p2b: Whimsicott\n|-damage|p1a: Tauros|55/100|[from] Recoil\n|\n|upkeep\n|\n|t:|1776434302\n|switch|p2b: Basculegion|Basculegion, L50, M|35/100\n|turn|9\n|\n|t:|1776434312\n|switch|p1a: Mamoswine|Mamoswine, L50, M|86/100\n|detailschange|p1b: Dragonite|Dragonite-Mega, L50, M\n|-mega|p1b: Dragonite|Dragonite|Dragoninite\n|move|p2a: Scizor|Bullet Punch|p1b: Dragonite\n|-damage|p1b: Dragonite|13/100\n|move|p2b: Basculegion|Last Respects|p1a: Mamoswine\n|-damage|p1a: Mamoswine|0 fnt\n|faint|p1a: Mamoswine\n|move|p1b: Dragonite|Dragon Pulse|p2b: Basculegion\n|-damage|p2b: Basculegion|0 fnt\n|faint|p2b: Basculegion\n|\n|upkeep\n|\n|t:|1776434319\n|switch|p1a: Tauros|Tauros-Paldea-Aqua, L50, M|55/100\n|-ability|p1a: Tauros|Intimidate|boost\n|-unboost|p2a: Scizor|atk|1\n|turn|10\n|\n|t:|1776434344\n|move|p2a: Scizor|Bullet Punch|p1a: Tauros\n|-resisted|p1a: Tauros|1\n|-damage|p1a: Tauros|25/100\n|move|p1a: Tauros|Close Combat|p2a: Scizor\n|-damage|p2a: Scizor|0 fnt\n|-unboost|p1a: Tauros|def|1\n|-unboost|p1a: Tauros|spd|1\n|faint|p2a: Scizor\n|\n|win|zoverly\n|raw|zoverly's rating: 1242 &rarr; <strong>1262</strong><br />(+20 for winning)\n|raw|Svago?'s rating: 1171 &rarr; <strong>1151</strong><br />(-20 for losing)\n|l|\u2606Svago?\n|player|p2|\n|j|\u2606Svago?\n|player|p2|Svago?|266|\n|l|\u2606Svago?\n|player|p2|\n|j|\u2606Svago?\n|player|p2|Svago?|266|\n",
  "uploadtime": 1776434661,
  "views": 38,
  "formatid": "gen9championsvgc2026regma",
  "rating": 1151,
  "private": 0,
  "password": null
}