{
  "id": "gen9championsvgc2026regma-2589563389",
  "format": "[Gen 9 Champions] VGC 2026 Reg M-A",
  "players": [
    "Clanksie",
    "johandk"
  ],
  "log": "|j|\u2606Clanksie\n|j|\u2606johandk\n|t:|1776734477\n|gametype|doubles\n|player|p1|Clanksie|pokekid|1274\n|player|p2|johandk|nate|1351\n|gen|9\n|tier|[Gen 9 Champions] VGC 2026 Reg M-A\n|rated|\n|rule|Species Clause: Limit one of each Pok\u00e9mon\n|rule|Item Clause: Limit 1 of each item\n|clearpoke\n|poke|p1|Meganium, L50, F, shiny|\n|poke|p1|Pelipper, L50, M, shiny|\n|poke|p1|Rhyperior, L50, F, shiny|\n|poke|p1|Basculegion, L50, M, shiny|\n|poke|p1|Sneasler, L50, M|\n|poke|p1|Archaludon, L50, M|\n|poke|p2|Meganium, L50, F|\n|poke|p2|Tyranitar, L50, M|\n|poke|p2|Garchomp, L50, F|\n|poke|p2|Aegislash, L50, M|\n|poke|p2|Milotic, L50, F|\n|poke|p2|Aerodactyl, L50, F|\n|teampreview|4\n|inactive|Battle timer is ON: inactive players will automatically lose when time's up. (requested by Clanksie)\n|inactive|Clanksie has 60 seconds left.\n|\n|t:|1776734529\n|teamsize|p1|4\n|teamsize|p2|4\n|start\n|switch|p1a: LETS GO GAMBLING|Sneasler, L50, M|100/100\n|switch|p1b: body not pressed|Archaludon, L50, M|100/100\n|switch|p2a: Aerodactyl|Aerodactyl, L50, F|100/100\n|switch|p2b: Garchomp|Garchomp, L50, F|100/100\n|-ability|p2a: Aerodactyl|Unnerve\n|turn|1\n|inactive|Clanksie has 30 seconds left.\n|inactive|Clanksie has 20 seconds left.\n|inactive|Clanksie has 15 seconds left.\n|\n|t:|1776734573\n|move|p1a: LETS GO GAMBLING|Fake Out|p2a: Aerodactyl\n|-resisted|p2a: Aerodactyl|1\n|-damage|p2a: Aerodactyl|89/100\n|move|p2b: Garchomp|Earthquake|p1a: LETS GO GAMBLING|[spread] p1a,p1b\n|-immune|p2a: Aerodactyl\n|-supereffective|p1a: LETS GO GAMBLING|1\n|-supereffective|p1b: body not pressed|1\n|-damage|p1a: LETS GO GAMBLING|0 fnt\n|-damage|p1b: body not pressed|33/100\n|-ability|p1b: body not pressed|Stamina|boost\n|-boost|p1b: body not pressed|def|1\n|faint|p1a: LETS GO GAMBLING\n|cant|p2a: Aerodactyl|flinch\n|move|p1b: body not pressed|Dragon Pulse|p2b: Garchomp\n|-supereffective|p2b: Garchomp|1\n|-damage|p2b: Garchomp|0 fnt\n|faint|p2b: Garchomp\n|\n|-heal|p1b: body not pressed|40/100|[from] item: Leftovers\n|upkeep\n|\n|t:|1776734596\n|switch|p1a: copper pole|Rhyperior, L50, F, shiny|100/100\n|switch|p2b: Meganium|Meganium, L50, F|100/100\n|turn|2\n|inactive|Clanksie has 30 seconds left.\n|\n|t:|1776734621\n|detailschange|p2b: Meganium|Meganium-Mega, L50, F\n|-mega|p2b: Meganium|Meganium|Meganiumite\n|move|p1a: copper pole|Protect|p1a: copper pole\n|-singleturn|p1a: copper pole|Protect\n|move|p2a: Aerodactyl|Tailwind|p2a: Aerodactyl\n|-sidestart|p2: johandk|move: Tailwind\n|move|p2b: Meganium|Solar Beam||[still]\n|-prepare|p2b: Meganium|Solar Beam\n|-activate|p2b: Meganium|ability: Mega Sol\n|-anim|p2b: Meganium|Solar Beam|p1a: copper pole\n|-activate|p1a: copper pole|move: Protect\n|move|p1b: body not pressed|Snarl|p2b: Meganium|[spread] p2a,p2b\n|-resisted|p2b: Meganium|1\n|-damage|p2a: Aerodactyl|69/100\n|-damage|p2b: Meganium|93/100\n|-unboost|p2a: Aerodactyl|spa|1\n|-unboost|p2b: Meganium|spa|1\n|\n|-heal|p1b: body not pressed|46/100|[from] item: Leftovers\n|upkeep\n|turn|3\n|inactive|Clanksie has 30 seconds left.\n|inactive|johandk has 30 seconds left.\n|inactive|Clanksie has 20 seconds left.\n|\n|t:|1776734656\n|move|p1a: copper pole|Helping Hand|p1b: body not pressed\n|-singleturn|p1b: body not pressed|Helping Hand|[of] p1a: copper pole\n|move|p2a: Aerodactyl|Rock Slide|p1b: body not pressed|[spread] p1a\n|-miss|p2a: Aerodactyl|p1b: body not pressed\n|-resisted|p1a: copper pole|1\n|-crit|p1a: copper pole\n|-damage|p1a: copper pole|88/100\n|move|p2b: Meganium|Weather Ball|p1b: body not pressed\n|-damage|p1b: body not pressed|0 fnt\n|faint|p1b: body not pressed\n|\n|upkeep\n|\n|t:|1776734666\n|switch|p1b: purple fish|Basculegion, L50, M, shiny|100/100\n|turn|4\n|\n|t:|1776734690\n|move|p1b: purple fish|Aqua Jet|p2a: Aerodactyl\n|-supereffective|p2a: Aerodactyl|1\n|-damage|p2a: Aerodactyl|0 fnt\n|faint|p2a: Aerodactyl\n|move|p2b: Meganium|Solar Beam||[still]\n|-prepare|p2b: Meganium|Solar Beam\n|-activate|p2b: Meganium|ability: Mega Sol\n|-anim|p2b: Meganium|Solar Beam|p1b: purple fish\n|-supereffective|p1b: purple fish|1\n|-damage|p1b: purple fish|0 fnt\n|faint|p1b: purple fish\n|move|p1a: copper pole|Rock Slide|p2b: Meganium\n|-damage|p2b: Meganium|47/100\n|\n|upkeep\n|\n|t:|1776734703\n|switch|p2a: Aegislash|Aegislash, L50, M|100/100\n|turn|5\n|\n|t:|1776734711\n|move|p1a: copper pole|Protect|p1a: copper pole\n|-singleturn|p1a: copper pole|Protect\n|move|p2b: Meganium|Solar Beam||[still]\n|-prepare|p2b: Meganium|Solar Beam\n|-activate|p2b: Meganium|ability: Mega Sol\n|-anim|p2b: Meganium|Solar Beam|p1a: copper pole\n|-activate|p1a: copper pole|move: Protect\n|-formechange|p2a: Aegislash|Aegislash-Blade|\n|move|p2a: Aegislash|Poltergeist|p1a: copper pole\n|-activate|p1a: copper pole|move: Protect\n|\n|-sideend|p2: johandk|move: Tailwind\n|upkeep\n|turn|6\n|\n|t:|1776734731\n|move|p2b: Meganium|Solar Beam||[still]\n|-prepare|p2b: Meganium|Solar Beam\n|-activate|p2b: Meganium|ability: Mega Sol\n|-anim|p2b: Meganium|Solar Beam|p1a: copper pole\n|-supereffective|p1a: copper pole|2\n|-damage|p1a: copper pole|0 fnt\n|faint|p1a: copper pole\n|\n|win|johandk\n|raw|Clanksie's rating: 1274 &rarr; <strong>1254</strong><br />(-20 for losing)\n|raw|johandk's rating: 1351 &rarr; <strong>1367</strong><br />(+16 for winning)\n|l|\u2606Clanksie\n|player|p1|\n",
  "uploadtime": 1776734742,
  "views": 2,
  "formatid": "gen9championsvgc2026regma",
  "rating": 1254,
  "private": 0,
  "password": null
}