{
  "id": "gen9championsvgc2026regma-2587458905",
  "format": "[Gen 9 Champions] VGC 2026 Reg M-A",
  "players": [
    "MiMujerMeManda",
    "ByChoco"
  ],
  "log": "|j|\u2606MiMujerMeManda\n|j|\u2606ByChoco\n|t:|1776533568\n|gametype|doubles\n|player|p1|MiMujerMeManda|gentleman-gen4dp|1137\n|player|p2|ByChoco|lucas|1070\n|gen|9\n|tier|[Gen 9 Champions] VGC 2026 Reg M-A\n|rated|\n|rule|Species Clause: Limit one of each Pok\u00e9mon\n|rule|Item Clause: Limit 1 of each item\n|clearpoke\n|poke|p1|Starmie, L50, shiny|\n|poke|p1|Incineroar, L50, M|\n|poke|p1|Politoed, L50, M, shiny|\n|poke|p1|Archaludon, L50, M, shiny|\n|poke|p1|Beedrill, L50, F|\n|poke|p1|Milotic, L50, F, shiny|\n|poke|p2|Corviknight, L50, M, shiny|\n|poke|p2|Sneasler, L50, M|\n|poke|p2|Gengar, L50, F|\n|poke|p2|Rotom-Wash, L50|\n|poke|p2|Typhlosion-Hisui, L50, M|\n|poke|p2|Ninetales-Alola, L50, M|\n|teampreview|4\n|inactive|Battle timer is ON: inactive players will automatically lose when time's up. (requested by MiMujerMeManda)\n|\n|t:|1776533599\n|teamsize|p1|4\n|teamsize|p2|4\n|start\n|switch|p1a: la ingrata|Starmie, L50, shiny|100/100\n|switch|p1b: to\u00f1o|Incineroar, L50, M|100/100\n|switch|p2a: Corviknight|Corviknight, L50, M, shiny|100/100\n|switch|p2b: Rotom|Rotom-Wash, L50|100/100\n|-ability|p1b: to\u00f1o|Intimidate|boost\n|-ability|p2a: Corviknight|Mirror Armor\n|-unboost|p1b: to\u00f1o|atk|1\n|-unboost|p2b: Rotom|atk|1\n|turn|1\n|inactive|ByChoco has 30 seconds left.\n|\n|t:|1776533632\n|detailschange|p1a: la ingrata|Starmie-Mega, L50, shiny\n|-mega|p1a: la ingrata|Starmie|Starminite\n|move|p1b: to\u00f1o|Fake Out|p2b: Rotom\n|-damage|p2b: Rotom|91/100\n|move|p1a: la ingrata|Minimize|p1a: la ingrata\n|-boost|p1a: la ingrata|evasion|2\n|cant|p2b: Rotom|flinch\n|move|p2a: Corviknight|Iron Defense|p2a: Corviknight\n|-boost|p2a: Corviknight|def|2\n|\n|upkeep\n|turn|2\n|c|\u2606ByChoco|oh nooooo\n|inactive|ByChoco has 30 seconds left.\n|c|\u2606ByChoco|chinge su madre la ingrata\n|inactive|ByChoco has 20 seconds left.\n|\n|t:|1776533668\n|move|p2b: Rotom|Protect|p2b: Rotom\n|-singleturn|p2b: Rotom|Protect\n|move|p1a: la ingrata|Minimize|p1a: la ingrata\n|-boost|p1a: la ingrata|evasion|2\n|move|p2a: Corviknight|Iron Defense|p2a: Corviknight\n|-boost|p2a: Corviknight|def|2\n|move|p1b: to\u00f1o|Parting Shot|p2b: Rotom\n|-activate|p2b: Rotom|move: Protect\n|\n|upkeep\n|turn|3\n|c|\u2606MiMujerMeManda|XD\n|\n|t:|1776533687\n|move|p1a: la ingrata|Bulk Up|p1a: la ingrata\n|-boost|p1a: la ingrata|atk|1\n|-boost|p1a: la ingrata|def|1\n|move|p2b: Rotom|Electroweb|p1a: la ingrata|[spread] p1b\n|-miss|p2b: Rotom|p1a: la ingrata\n|-damage|p1b: to\u00f1o|86/100\n|-unboost|p1b: to\u00f1o|spe|1\n|move|p2a: Corviknight|Body Press|p1b: to\u00f1o\n|-supereffective|p1b: to\u00f1o|1\n|-damage|p1b: to\u00f1o|0 fnt\n|faint|p1b: to\u00f1o\n|\n|upkeep\n|\n|t:|1776533699\n|switch|p1b: Milotic|Milotic, L50, F, shiny|100/100\n|turn|4\n|\n|t:|1776533714\n|move|p1a: la ingrata|Liquidation|p2b: Rotom\n|-resisted|p2b: Rotom|1\n|-damage|p2b: Rotom|30/100\n|-enditem|p2b: Rotom|Sitrus Berry|[eat]\n|-heal|p2b: Rotom|55/100|[from] item: Sitrus Berry\n|move|p2b: Rotom|Will-O-Wisp|p1a: la ingrata\n|-status|p1a: la ingrata|brn\n|move|p1b: Milotic|Coil|p1b: Milotic\n|-boost|p1b: Milotic|atk|1\n|-boost|p1b: Milotic|def|1\n|-boost|p1b: Milotic|accuracy|1\n|move|p2a: Corviknight|Iron Defense|p2a: Corviknight\n|-boost|p2a: Corviknight|def|2\n|\n|-damage|p1a: la ingrata|95/100 brn|[from] brn\n|upkeep\n|turn|5\n|\n|t:|1776533731\n|move|p1a: la ingrata|Bulk Up|p1a: la ingrata\n|-boost|p1a: la ingrata|atk|1\n|-boost|p1a: la ingrata|def|1\n|move|p2b: Rotom|Electroweb|p1b: Milotic|[spread] p1a,p1b\n|-supereffective|p1a: la ingrata|1\n|-supereffective|p1b: Milotic|1\n|-damage|p1a: la ingrata|49/100 brn\n|-damage|p1b: Milotic|80/100\n|-unboost|p1a: la ingrata|spe|1\n|-unboost|p1b: Milotic|spe|1\n|-ability|p1b: Milotic|Competitive|boost\n|-boost|p1b: Milotic|spa|2\n|move|p2a: Corviknight|Body Press|p1b: Milotic\n|-damage|p1b: Milotic|29/100\n|move|p1b: Milotic|Hypnosis|p2b: Rotom\n|-status|p2b: Rotom|slp|[from] move: Hypnosis\n|\n|-heal|p1b: Milotic|35/100|[from] item: Leftovers\n|-damage|p1a: la ingrata|44/100 brn|[from] brn\n|upkeep\n|turn|6\n|inactive|MiMujerMeManda has 30 seconds left.\n|\n|t:|1776533757\n|cant|p2b: Rotom|slp\n|move|p1a: la ingrata|Liquidation|p2b: Rotom\n|-resisted|p2b: Rotom|1\n|-damage|p2b: Rotom|18/100 slp\n|move|p2a: Corviknight|Body Press|p1b: Milotic\n|-damage|p1b: Milotic|0 fnt\n|faint|p1b: Milotic\n|\n|-damage|p1a: la ingrata|38/100 brn|[from] brn\n|upkeep\n|\n|t:|1776533763\n|switch|p1b: laura|Politoed, L50, M, shiny|100/100\n|-weather|RainDance|[from] ability: Drizzle|[of] p1b: laura\n|turn|7\n|\n|t:|1776533779\n|switch|p2b: Ninetales|Ninetales-Alola, L50, M|100/100\n|-weather|Snowscape|[from] ability: Snow Warning|[of] p2b: Ninetales\n|move|p1a: la ingrata|Liquidation|p2b: Ninetales\n|-damage|p2b: Ninetales|25/100\n|-unboost|p2b: Ninetales|def|1\n|move|p1b: laura|Weather Ball|p2a: Corviknight\n|-damage|p2a: Corviknight|81/100\n|move|p2a: Corviknight|Body Press|p1b: laura\n|-damage|p1b: laura|26/100\n|\n|-weather|Snowscape|[upkeep]\n|-heal|p2a: Corviknight|87/100|[from] item: Leftovers\n|-damage|p1a: la ingrata|32/100 brn|[from] brn\n|upkeep\n|turn|8\n|-message|MiMujerMeManda forfeited.\n|\n|win|ByChoco\n",
  "uploadtime": 1776533662,
  "views": 10,
  "formatid": "gen9championsvgc2026regma",
  "rating": null,
  "private": 0,
  "password": null
}