{
  "id": "gen9championsvgc2026regma-2584951459",
  "format": "[Gen 9 Champions] VGC 2026 Reg M-A",
  "players": [
    "rated_noob",
    "amongdripgoku"
  ],
  "log": "|j|\u2606rated_noob\n|j|\u2606amongdripgoku\n|t:|1776297510\n|gametype|doubles\n|player|p1|rated_noob|miku-ghost|1053\n|player|p2|amongdripgoku|170|1114\n|gen|9\n|tier|[Gen 9 Champions] VGC 2026 Reg M-A\n|rated|\n|rule|Species Clause: Limit one of each Pok\u00e9mon\n|rule|Item Clause: Limit 1 of each item\n|clearpoke\n|poke|p1|Golurk, L50|\n|poke|p1|Farigiraf, L50, F|\n|poke|p1|Hippowdon, L50, F|\n|poke|p1|Steelix, L50, F|\n|poke|p1|Incineroar, L50, F|\n|poke|p1|Sinistcha-Masterpiece, L50|\n|poke|p2|Pelipper, L50, M|\n|poke|p2|Gengar, L50, M|\n|poke|p2|Greninja-*, L50, F|\n|poke|p2|Basculegion, L50, M|\n|poke|p2|Archaludon, L50, F|\n|poke|p2|Whimsicott, L50, F|\n|teampreview|4\n|inactive|Battle timer is ON: inactive players will automatically lose when time's up. (requested by rated_noob)\n|inactive|amongdripgoku has 60 seconds left.\n|\n|t:|1776297545\n|teamsize|p1|4\n|teamsize|p2|4\n|start\n|switch|p1a: Sinistcha|Sinistcha-Masterpiece, L50|100/100\n|switch|p1b: Incineroar|Incineroar, L50, F|100/100\n|switch|p2a: Greninja|Greninja, L50, F|100/100\n|switch|p2b: Basculegion|Basculegion, L50, M|100/100\n|-ability|p1b: Incineroar|Intimidate|boost\n|-unboost|p2a: Greninja|atk|1\n|-unboost|p2b: Basculegion|atk|1\n|-enditem|p2b: Basculegion|White Herb\n|-clearnegativeboost|p2b: Basculegion|[silent]\n|turn|1\n|\n|t:|1776297567\n|move|p2a: Greninja|Dark Pulse|p1a: Sinistcha\n|-start|p2a: Greninja|typechange|Dark|[from] ability: Protean\n|-supereffective|p1a: Sinistcha|1\n|-enditem|p1a: Sinistcha|Colbur Berry|[eat]\n|-enditem|p1a: Sinistcha|Colbur Berry|[weaken]\n|-damage|p1a: Sinistcha|60/100\n|move|p2b: Basculegion|Flip Turn|p1b: Incineroar\n|-supereffective|p1b: Incineroar|1\n|-damage|p1b: Incineroar|46/100\n|-enditem|p1b: Incineroar|Sitrus Berry|[eat]\n|-heal|p1b: Incineroar|71/100|[from] item: Sitrus Berry\n|\n|t:|1776297580\n|switch|p2b: Whimsicott|Whimsicott, L50, F|100/100|[from] Flip Turn\n|move|p1b: Incineroar|Will-O-Wisp|p2b: Whimsicott\n|-status|p2b: Whimsicott|brn\n|move|p1a: Sinistcha|Trick Room|p1a: Sinistcha\n|-fieldstart|move: Trick Room|[of] p1a: Sinistcha\n|\n|-damage|p2b: Whimsicott|95/100 brn|[from] brn\n|upkeep\n|turn|2\n|inactive|amongdripgoku has 30 seconds left.\n|\n|t:|1776297607\n|switch|p1a: Hippowdon|Hippowdon, L50, F|100/100\n|-weather|Sandstorm|[from] ability: Sand Stream|[of] p1a: Hippowdon\n|move|p2b: Whimsicott|Protect|p2b: Whimsicott\n|-singleturn|p2b: Whimsicott|Protect\n|move|p1b: Incineroar|Flare Blitz|p2b: Whimsicott\n|-activate|p2b: Whimsicott|move: Protect\n|move|p2a: Greninja|Dark Pulse|p1a: Hippowdon\n|-damage|p1a: Hippowdon|66/100\n|\n|-weather|Sandstorm|[upkeep]\n|-damage|p1b: Incineroar|65/100|[from] Sandstorm\n|-damage|p2b: Whimsicott|89/100 brn|[from] Sandstorm\n|-damage|p2a: Greninja|94/100|[from] Sandstorm\n|-heal|p1a: Hippowdon|72/100|[from] item: Leftovers\n|-damage|p2b: Whimsicott|83/100 brn|[from] brn\n|upkeep\n|turn|3\n|\n|t:|1776297618\n|switch|p2b: Pelipper|Pelipper, L50, M|100/100\n|-weather|RainDance|[from] ability: Drizzle|[of] p2b: Pelipper\n|detailschange|p2a: Greninja|Greninja-Mega, L50, F\n|-mega|p2a: Greninja|Greninja|Greninjite\n|move|p1a: Hippowdon|Curse|p1a: Hippowdon\n|-unboost|p1a: Hippowdon|spe|1\n|-boost|p1a: Hippowdon|atk|1\n|-boost|p1a: Hippowdon|def|1\n|move|p1b: Incineroar|Parting Shot|p2a: Greninja\n|-unboost|p2a: Greninja|atk|1\n|-unboost|p2a: Greninja|spa|1\n|\n|t:|1776297631\n|switch|p1b: Sinistcha|Sinistcha-Masterpiece, L50|60/100|[from] Parting Shot\n|-heal|p1a: Hippowdon|97/100|[from] ability: Hospitality|[of] p1b: Sinistcha\n|move|p2a: Greninja|Surf|p1a: Hippowdon|[spread] p2b,p1a,p1b\n|-start|p2a: Greninja|typechange|Water|[from] ability: Protean\n|-resisted|p2b: Pelipper|1\n|-supereffective|p1a: Hippowdon|1\n|-resisted|p1b: Sinistcha|1\n|-crit|p1b: Sinistcha\n|-damage|p2b: Pelipper|83/100\n|-damage|p1a: Hippowdon|28/100\n|-damage|p1b: Sinistcha|18/100\n|\n|-weather|RainDance|[upkeep]\n|-heal|p1a: Hippowdon|34/100|[from] item: Leftovers\n|-heal|p2b: Pelipper|89/100|[from] item: Leftovers\n|upkeep\n|turn|4\n|\n|t:|1776297646\n|switch|p2a: Whimsicott|Whimsicott, L50, F|83/100 brn\n|move|p1a: Hippowdon|Rock Slide|p2b: Pelipper|[spread] p2a,p2b\n|-supereffective|p2b: Pelipper|1\n|-damage|p2a: Whimsicott|48/100 brn\n|-damage|p2b: Pelipper|23/100\n|move|p1b: Sinistcha|Matcha Gotcha|p2b: Pelipper|[spread] p2a,p2b\n|-resisted|p2a: Whimsicott|1\n|-damage|p2a: Whimsicott|36/100 brn\n|-heal|p1b: Sinistcha|24/100|[from] drain|[of] p2a: Whimsicott\n|-damage|p2b: Pelipper|0 fnt\n|-heal|p1b: Sinistcha|36/100|[from] drain|[of] p2b: Pelipper\n|faint|p2b: Pelipper\n|\n|-weather|RainDance|[upkeep]\n|-heal|p1a: Hippowdon|40/100|[from] item: Leftovers\n|-damage|p2a: Whimsicott|30/100 brn|[from] brn\n|upkeep\n|\n|t:|1776297662\n|switch|p2b: Basculegion|Basculegion, L50, M|100/100\n|turn|5\n|\n|t:|1776297682\n|move|p1a: Hippowdon|High Horsepower|p2b: Basculegion\n|-damage|p2b: Basculegion|7/100\n|move|p1b: Sinistcha|Matcha Gotcha|p2a: Whimsicott|[spread] p2a,p2b\n|-resisted|p2a: Whimsicott|1\n|-supereffective|p2b: Basculegion|1\n|-damage|p2a: Whimsicott|18/100 brn\n|-heal|p1b: Sinistcha|41/100|[from] drain|[of] p2a: Whimsicott\n|-damage|p2b: Basculegion|0 fnt\n|-heal|p1b: Sinistcha|45/100|[from] drain|[of] p2b: Basculegion\n|faint|p2b: Basculegion\n|move|p2a: Whimsicott|Moonblast|p1b: Sinistcha\n|-damage|p1b: Sinistcha|15/100\n|\n|-weather|RainDance|[upkeep]\n|-heal|p1a: Hippowdon|46/100|[from] item: Leftovers\n|-damage|p2a: Whimsicott|12/100 brn|[from] brn\n|-fieldend|move: Trick Room\n|upkeep\n|\n|t:|1776297684\n|switch|p2b: Greninja|Greninja-Mega, L50, F|94/100\n|turn|6\n|inactive|rated_noob has 30 seconds left.\n|\n|t:|1776297715\n|move|p2a: Whimsicott|Tailwind|p2a: Whimsicott\n|-sidestart|p2: amongdripgoku|move: Tailwind\n|move|p2b: Greninja|Surf|p1a: Hippowdon|[spread] p2a,p1a,p1b\n|-start|p2b: Greninja|typechange|Water|[from] ability: Protean\n|-resisted|p2a: Whimsicott|1\n|-supereffective|p1a: Hippowdon|1\n|-resisted|p1b: Sinistcha|1\n|-damage|p2a: Whimsicott|0 fnt\n|-damage|p1a: Hippowdon|0 fnt\n|-damage|p1b: Sinistcha|0 fnt\n|faint|p2a: Whimsicott\n|faint|p1a: Hippowdon\n|faint|p1b: Sinistcha\n|\n|-weather|RainDance|[upkeep]\n|upkeep\n|\n|t:|1776297723\n|switch|p1b: Incineroar|Incineroar, L50, F|65/100\n|switch|p1a: Golurk|Golurk, L50, shiny|100/100\n|-ability|p1b: Incineroar|Intimidate|boost\n|-unboost|p2b: Greninja|atk|1\n|turn|7\n|\n|t:|1776297733\n|detailschange|p1a: Golurk|Golurk-Mega, L50, shiny\n|-mega|p1a: Golurk|Golurk|Golurkite\n|move|p1b: Incineroar|Fake Out|p2b: Greninja\n|-damage|p2b: Greninja|78/100\n|cant|p2b: Greninja|flinch\n|move|p1a: Golurk|Headlong Rush|p2b: Greninja\n|-damage|p2b: Greninja|0 fnt\n|-unboost|p1a: Golurk|def|1\n|-unboost|p1a: Golurk|spd|1\n|faint|p2b: Greninja\n|\n|win|rated_noob\n|raw|rated_noob's rating: 1053 &rarr; <strong>1091</strong><br />(+38 for winning)\n|raw|amongdripgoku's rating: 1114 &rarr; <strong>1085</strong><br />(-29 for losing)\n|l|\u2606amongdripgoku\n|player|p2|\n",
  "uploadtime": 1776297733,
  "views": 20,
  "formatid": "gen9championsvgc2026regma",
  "rating": 1085,
  "private": 0,
  "password": null
}