{
  "id": "gen9championsvgc2026regma-2582393049",
  "format": "[Gen 9 Champions] VGC 2026 Reg M-A",
  "players": [
    "angeeliyo_7",
    "Matulaak1218"
  ],
  "log": "|j|\u2606angeeliyo_7\n|j|\u2606Matulaak1218\n|t:|1776088690\n|gametype|doubles\n|player|p1|angeeliyo_7|bugcatcher-gen4dp|1139\n|player|p2|Matulaak1218|170|1092\n|gen|9\n|tier|[Gen 9 Champions] VGC 2026 Reg M-A\n|rated|\n|rule|Species Clause: Limit one of each Pok\u00e9mon\n|rule|Item Clause: Limit 1 of each item\n|clearpoke\n|poke|p1|Meowscarada, L50, F|\n|poke|p1|Aerodactyl, L50, F|\n|poke|p1|Incineroar, L50, M|\n|poke|p1|Garchomp, L50, M|\n|poke|p1|Gardevoir, L50, F|\n|poke|p1|Milotic, L50, F|\n|poke|p2|Starmie, L50|\n|poke|p2|Aegislash, L50, F|\n|poke|p2|Sneasler, L50, F|\n|poke|p2|Pelipper, L50, F|\n|poke|p2|Archaludon, L50, F|\n|poke|p2|Maushold, L50|\n|teampreview|4\n|\n|t:|1776088728\n|teamsize|p1|4\n|teamsize|p2|4\n|start\n|switch|p1a: Meowscarada|Meowscarada, L50, F|100/100\n|switch|p1b: Gardevoir|Gardevoir, L50, F|100/100\n|switch|p2a: Starmie|Starmie, L50|100/100\n|switch|p2b: Pelipper|Pelipper, L50, F|100/100\n|-weather|RainDance|[from] ability: Drizzle|[of] p2b: Pelipper\n|turn|1\n|\n|t:|1776088743\n|detailschange|p2a: Starmie|Starmie-Mega, L50\n|-mega|p2a: Starmie|Starmie|Starminite\n|detailschange|p1b: Gardevoir|Gardevoir-Mega, L50, F\n|-mega|p1b: Gardevoir|Gardevoir|Gardevoirite\n|move|p2a: Starmie|Protect|p2a: Starmie\n|-singleturn|p2a: Starmie|Protect\n|move|p2b: Pelipper|Protect|p2b: Pelipper\n|-singleturn|p2b: Pelipper|Protect\n|move|p1a: Meowscarada|Flower Trick|p2a: Starmie\n|-activate|p2a: Starmie|move: Protect\n|move|p1b: Gardevoir|Hyper Voice|p2a: Starmie|[spread] \n|-activate|p2a: Starmie|move: Protect\n|-activate|p2b: Pelipper|move: Protect\n|\n|-weather|RainDance|[upkeep]\n|upkeep\n|turn|2\n|inactive|Battle timer is ON: inactive players will automatically lose when time's up. (requested by Matulaak1218)\n|\n|t:|1776088763\n|switch|p2a: Archaludon|Archaludon, L50, F|100/100\n|move|p1a: Meowscarada|U-turn|p2a: Archaludon\n|-resisted|p2a: Archaludon|1\n|-damage|p2a: Archaludon|93/100\n|-ability|p2a: Archaludon|Stamina|boost\n|-boost|p2a: Archaludon|def|1\n|\n|t:|1776088771\n|switch|p1a: Milotic|Milotic, L50, F|100/100|[from] U-turn\n|move|p1b: Gardevoir|Hyper Voice|p2a: Archaludon|[spread] p2a,p2b\n|-damage|p2a: Archaludon|38/100\n|-damage|p2b: Pelipper|10/100\n|-ability|p2a: Archaludon|Stamina|boost\n|-boost|p2a: Archaludon|def|1\n|move|p2b: Pelipper|Tailwind|p2b: Pelipper\n|-sidestart|p2: Matulaak1218|move: Tailwind\n|\n|-weather|RainDance|[upkeep]\n|-heal|p2a: Archaludon|44/100|[from] item: Leftovers\n|upkeep\n|turn|3\n|inactive|angeeliyo_7 has 30 seconds left.\n|\n|t:|1776088797\n|move|p1a: Milotic|Protect|p1a: Milotic\n|-singleturn|p1a: Milotic|Protect\n|move|p2b: Pelipper|Weather Ball|p1b: Gardevoir\n|-damage|p1b: Gardevoir|36/100\n|move|p2a: Archaludon|Electro Shot||[still]\n|-prepare|p2a: Archaludon|Electro Shot\n|-boost|p2a: Archaludon|spa|1\n|-anim|p2a: Archaludon|Electro Shot|p1b: Gardevoir\n|-damage|p1b: Gardevoir|0 fnt\n|faint|p1b: Gardevoir\n|\n|-weather|RainDance|[upkeep]\n|-heal|p2a: Archaludon|50/100|[from] item: Leftovers\n|upkeep\n|\n|t:|1776088814\n|switch|p1b: Meowscarada|Meowscarada, L50, F|100/100\n|turn|4\n|\n|t:|1776088822\n|move|p1b: Meowscarada|Sucker Punch|p2b: Pelipper\n|-damage|p2b: Pelipper|0 fnt\n|faint|p2b: Pelipper\n|move|p2a: Archaludon|Electro Shot||[still]\n|-prepare|p2a: Archaludon|Electro Shot\n|-boost|p2a: Archaludon|spa|1\n|-anim|p2a: Archaludon|Electro Shot|p1a: Milotic\n|-supereffective|p1a: Milotic|1\n|-damage|p1a: Milotic|0 fnt\n|faint|p1a: Milotic\n|\n|-weather|RainDance|[upkeep]\n|-heal|p2a: Archaludon|57/100|[from] item: Leftovers\n|upkeep\n|\n|t:|1776088835\n|switch|p2b: Starmie|Starmie-Mega, L50|100/100\n|switch|p1a: Garchomp|Garchomp, L50, M|100/100\n|turn|5\n|\n|t:|1776088855\n|move|p2b: Starmie|Ice Spinner|p1a: Garchomp\n|-supereffective|p1a: Garchomp|2\n|-damage|p1a: Garchomp|0 fnt\n|-damage|p2b: Starmie|88/100|[from] ability: Rough Skin|[of] p1a: Garchomp\n|faint|p1a: Garchomp\n|move|p2a: Archaludon|Draco Meteor|p1b: Meowscarada|[miss]\n|-miss|p2a: Archaludon|p1b: Meowscarada\n|move|p1b: Meowscarada|Knock Off|p2a: Archaludon\n|-damage|p2a: Archaludon|39/100\n|-ability|p2a: Archaludon|Stamina|boost\n|-boost|p2a: Archaludon|def|1\n|-enditem|p2a: Archaludon|Leftovers|[from] move: Knock Off|[of] p1b: Meowscarada\n|\n|-weather|none\n|-sideend|p2: Matulaak1218|move: Tailwind\n|upkeep\n|turn|6\n|\n|t:|1776088871\n|move|p1b: Meowscarada|Sucker Punch|p2b: Starmie\n|-supereffective|p2b: Starmie|1\n|-damage|p2b: Starmie|14/100\n|move|p2b: Starmie|Ice Spinner|p1b: Meowscarada\n|-supereffective|p1b: Meowscarada|1\n|-enditem|p1b: Meowscarada|Focus Sash\n|-damage|p1b: Meowscarada|1/100\n|move|p2a: Archaludon|Draco Meteor|p1b: Meowscarada\n|-damage|p1b: Meowscarada|0 fnt\n|-unboost|p2a: Archaludon|spa|2\n|faint|p1b: Meowscarada\n|\n|win|Matulaak1218\n|raw|angeeliyo_7's rating: 1139 &rarr; <strong>1111</strong><br />(-28 for losing)\n|raw|Matulaak1218's rating: 1092 &rarr; <strong>1122</strong><br />(+30 for winning)\n|l|\u2606angeeliyo_7\n|player|p1|\n",
  "uploadtime": 1776088983,
  "views": 14,
  "formatid": "gen9championsvgc2026regma",
  "rating": 1111,
  "private": 0,
  "password": null
}