{
  "id": "gen9championsvgc2026regma-2581765374",
  "format": "[Gen 9 Champions] VGC 2026 Reg M-A",
  "players": [
    "Forbranna",
    "HazelA7X"
  ],
  "log": "|j|\u2606Forbranna\n|j|\u2606HazelA7X\n|t:|1776026671\n|gametype|doubles\n|player|p1|Forbranna|101|1372\n|player|p2|HazelA7X|1|1353\n|gen|9\n|tier|[Gen 9 Champions] VGC 2026 Reg M-A\n|rated|\n|rule|Species Clause: Limit one of each Pok\u00e9mon\n|rule|Item Clause: Limit 1 of each item\n|clearpoke\n|poke|p1|Meganium, L50, F|\n|poke|p1|Tyranitar, L50, M|\n|poke|p1|Excadrill, L50, M|\n|poke|p1|Farigiraf, L50, M|\n|poke|p1|Aegislash, L50, M|\n|poke|p1|Volcarona, L50, F|\n|poke|p2|Floette-Eternal, L50, F|\n|poke|p2|Volcarona, L50, M|\n|poke|p2|Garchomp, L50, F|\n|poke|p2|Aerodactyl, L50, F|\n|poke|p2|Rotom-Wash, L50|\n|poke|p2|Sinistcha, L50|\n|teampreview|4\n|j|+Pooof!\n|\n|t:|1776026710\n|teamsize|p1|4\n|teamsize|p2|4\n|start\n|switch|p1a: Dr. Freud|Farigiraf, L50, M|100/100\n|switch|p1b: Charles V|Aegislash, L50, M, shiny|100/100\n|switch|p2a: Floette|Floette-Eternal, L50, F|100/100\n|switch|p2b: Rotom|Rotom-Wash, L50|100/100\n|turn|1\n|\n|t:|1776026735\n|detailschange|p2a: Floette|Floette-Mega, L50, F\n|-mega|p2a: Floette|Floette|Floettite\n|-ability|p2a: Floette|Fairy Aura\n|move|p2a: Floette|Substitute|p2a: Floette\n|-start|p2a: Floette|Substitute\n|-damage|p2a: Floette|76/100\n|move|p2b: Rotom|Will-O-Wisp|p1b: Charles V\n|-status|p1b: Charles V|brn\n|-formechange|p1b: Charles V|Aegislash-Blade|\n|move|p1b: Charles V|Flash Cannon|p2a: Floette\n|-supereffective|p2a: Floette|1\n|-end|p2a: Floette|Substitute\n|move|p1a: Dr. Freud|Trick Room|p1a: Dr. Freud\n|-fieldstart|move: Trick Room|[of] p1a: Dr. Freud\n|\n|-damage|p1b: Charles V|94/100 brn|[from] brn\n|upkeep\n|turn|2\n|\n|t:|1776026760\n|-formechange|p1b: Charles V|Aegislash|\n|move|p1b: Charles V|King's Shield|p1b: Charles V\n|-singleturn|p1b: Charles V|Protect\n|move|p2a: Floette|Protect|p2a: Floette\n|-singleturn|p2a: Floette|Protect\n|move|p1a: Dr. Freud|Hyper Voice|p2a: Floette|[spread] p2b\n|-activate|p2a: Floette|move: Protect\n|-damage|p2b: Rotom|74/100\n|move|p2b: Rotom|Thunderbolt|p1b: Charles V\n|-activate|p1b: Charles V|move: Protect\n|\n|-damage|p1b: Charles V|88/100 brn|[from] brn\n|upkeep\n|turn|3\n|\n|t:|1776026785\n|switch|p2a: Sinistcha|Sinistcha, L50|100/100\n|-heal|p2b: Rotom|99/100|[from] ability: Hospitality|[of] p2a: Sinistcha\n|move|p1a: Dr. Freud|Helping Hand|p1b: Charles V\n|-singleturn|p1b: Charles V|Helping Hand|[of] p1a: Dr. Freud\n|-formechange|p1b: Charles V|Aegislash-Blade|\n|move|p1b: Charles V|Flash Cannon|p2a: Sinistcha\n|-damage|p2a: Sinistcha|15/100\n|move|p2b: Rotom|Thunderbolt|p1a: Dr. Freud\n|-damage|p1a: Dr. Freud|68/100\n|\n|-heal|p2a: Sinistcha|21/100|[from] item: Leftovers\n|-damage|p1b: Charles V|82/100 brn|[from] brn\n|upkeep\n|turn|4\n|\n|t:|1776026818\n|move|p1a: Dr. Freud|Psychic|p2a: Sinistcha\n|-damage|p2a: Sinistcha|0 fnt\n|faint|p2a: Sinistcha\n|move|p1b: Charles V|Shadow Ball|p2b: Rotom\n|-damage|p2b: Rotom|53/100\n|move|p2b: Rotom|Thunderbolt|p1b: Charles V\n|-damage|p1b: Charles V|14/100 brn\n|-enditem|p1b: Charles V|Sitrus Berry|[eat]\n|-heal|p1b: Charles V|39/100 brn|[from] item: Sitrus Berry\n|\n|-damage|p1b: Charles V|32/100 brn|[from] brn\n|upkeep\n|\n|t:|1776026847\n|switch|p2a: Garchomp|Garchomp, L50, F|100/100\n|turn|5\n|\n|t:|1776026858\n|-formechange|p1b: Charles V|Aegislash|\n|move|p1b: Charles V|King's Shield|p1b: Charles V\n|-singleturn|p1b: Charles V|Protect\n|move|p1a: Dr. Freud|Hyper Voice|p2a: Garchomp|[spread] p2a,p2b\n|-damage|p2a: Garchomp|72/100\n|-damage|p2b: Rotom|25/100\n|-enditem|p2b: Rotom|Sitrus Berry|[eat]\n|-heal|p2b: Rotom|50/100|[from] item: Sitrus Berry\n|move|p2b: Rotom|Thunderbolt|p1a: Dr. Freud\n|-damage|p1a: Dr. Freud|34/100\n|move|p2a: Garchomp|Earthquake|p1a: Dr. Freud|[spread] p1a\n|-activate|p1b: Charles V|move: Protect\n|-immune|p2b: Rotom|[from] ability: Levitate\n|-damage|p1a: Dr. Freud|0 fnt\n|faint|p1a: Dr. Freud\n|\n|-damage|p1b: Charles V|26/100 brn|[from] brn\n|-fieldend|move: Trick Room\n|upkeep\n|\n|t:|1776026880\n|switch|p1a: Ivan IV|Tyranitar, L50, M, shiny|100/100\n|-weather|Sandstorm|[from] ability: Sand Stream|[of] p1a: Ivan IV\n|turn|6\n|\n|t:|1776026894\n|switch|p2b: Floette|Floette-Mega, L50, F|76/100\n|-ability|p2b: Floette|Fairy Aura\n|detailschange|p1a: Ivan IV|Tyranitar-Mega, L50, M, shiny\n|-mega|p1a: Ivan IV|Tyranitar|Tyranitarite\n|move|p2a: Garchomp|Protect|p2a: Garchomp\n|-singleturn|p2a: Garchomp|Protect\n|move|p1b: Charles V|Wide Guard|p1b: Charles V\n|-singleturn|p1b: Charles V|Wide Guard\n|move|p1a: Ivan IV|Knock Off|p2b: Floette\n|-resisted|p2b: Floette|1\n|-damage|p2b: Floette|52/100\n|\n|-weather|Sandstorm|[upkeep]\n|-damage|p2b: Floette|46/100|[from] Sandstorm\n|-damage|p1b: Charles V|20/100 brn|[from] brn\n|upkeep\n|turn|7\n|\n|t:|1776026932\n|move|p2b: Floette|Protect|p2b: Floette\n|-singleturn|p2b: Floette|Protect\n|move|p1a: Ivan IV|Protect|p1a: Ivan IV\n|-singleturn|p1a: Ivan IV|Protect\n|move|p1b: Charles V|King's Shield||[still]\n|-fail|p1b: Charles V\n|move|p2a: Garchomp|Earthquake|p1a: Ivan IV|[spread] p1b\n|-activate|p2b: Floette|move: Protect\n|-activate|p1a: Ivan IV|move: Protect\n|-supereffective|p1b: Charles V|1\n|-damage|p1b: Charles V|0 fnt\n|faint|p1b: Charles V\n|\n|-weather|Sandstorm|[upkeep]\n|-damage|p2b: Floette|40/100|[from] Sandstorm\n|upkeep\n|\n|t:|1776026948\n|switch|p1b: Robespierre|Excadrill, L50, M, shiny|100/100\n|turn|8\n|\n|t:|1776026974\n|move|p1b: Robespierre|Rock Slide|p2a: Garchomp|[spread] p2a\n|-miss|p1b: Robespierre|p2b: Floette\n|-resisted|p2a: Garchomp|1\n|-crit|p2a: Garchomp\n|-damage|p2a: Garchomp|56/100\n|move|p2b: Floette|Dazzling Gleam|p1b: Robespierre|[spread] p1a,p1b\n|-supereffective|p1a: Ivan IV|1\n|-resisted|p1b: Robespierre|1\n|-damage|p1a: Ivan IV|50/100\n|-damage|p1b: Robespierre|67/100\n|cant|p2a: Garchomp|flinch\n|move|p1a: Ivan IV|Knock Off|p2a: Garchomp\n|-damage|p2a: Garchomp|0 fnt\n|-damage|p1a: Ivan IV|38/100|[from] ability: Rough Skin|[of] p2a: Garchomp\n|-enditem|p2a: Garchomp|Roseli Berry|[from] move: Knock Off|[of] p1a: Ivan IV\n|faint|p2a: Garchomp\n|\n|-weather|Sandstorm|[upkeep]\n|-damage|p2b: Floette|34/100|[from] Sandstorm\n|upkeep\n|\n|t:|1776026987\n|switch|p2a: Rotom|Rotom-Wash, L50|50/100\n|turn|9\n|\n|t:|1776027010\n|move|p2b: Floette|Protect|p2b: Floette\n|-singleturn|p2b: Floette|Protect\n|move|p1b: Robespierre|Rock Slide|p2a: Rotom|[spread] \n|-activate|p2b: Floette|move: Protect\n|-miss|p1b: Robespierre|p2a: Rotom\n|move|p1a: Ivan IV|Knock Off|p2a: Rotom\n|-damage|p2a: Rotom|10/100\n|move|p2a: Rotom|Hydro Pump|p1b: Robespierre\n|-supereffective|p1b: Robespierre|1\n|-damage|p1b: Robespierre|0 fnt\n|faint|p1b: Robespierre\n|\n|-weather|Sandstorm|[upkeep]\n|-damage|p2b: Floette|28/100|[from] Sandstorm\n|-damage|p2a: Rotom|4/100|[from] Sandstorm\n|upkeep\n|turn|10\n|-message|Forbranna forfeited.\n|\n|win|HazelA7X\n|raw|Forbranna's rating: 1372 &rarr; <strong>1351</strong><br />(-21 for losing)\n|raw|HazelA7X's rating: 1353 &rarr; <strong>1374</strong><br />(+21 for winning)\n",
  "uploadtime": 1776027033,
  "views": 24,
  "formatid": "gen9championsvgc2026regma",
  "rating": 1351,
  "private": 0,
  "password": null
}