{
  "id": "gen9championsvgc2026regma-2582823487",
  "format": "[Gen 9 Champions] VGC 2026 Reg M-A",
  "players": [
    "Kongojongo",
    "Sad Cricket"
  ],
  "log": "|j|\u2606Kongojongo\n|j|\u2606Sad Cricket\n|t:|1776116840\n|gametype|doubles\n|player|p1|Kongojongo|harlequin|1047\n|player|p2|Sad Cricket|pokemaniac|1123\n|gen|9\n|tier|[Gen 9 Champions] VGC 2026 Reg M-A\n|rated|\n|rule|Species Clause: Limit one of each Pok\u00e9mon\n|rule|Item Clause: Limit 1 of each item\n|clearpoke\n|poke|p1|Whimsicott, L50, F|\n|poke|p1|Tyranitar, L50, F|\n|poke|p1|Cofagrigus, L50, F|\n|poke|p1|Incineroar, L50, F|\n|poke|p1|Aegislash, L50, M|\n|poke|p1|Basculegion, L50, M|\n|poke|p2|Dragonite, L50, M|\n|poke|p2|Archaludon, L50, F|\n|poke|p2|Pelipper, L50, M|\n|poke|p2|Basculegion, L50, M|\n|poke|p2|Rotom-Heat, L50|\n|poke|p2|Sneasler, L50, F|\n|teampreview|4\n|inactive|Battle timer is ON: inactive players will automatically lose when time's up. (requested by Sad Cricket)\nSad Cricket has agreed to open team sheets.\n|inactive|Sad Cricket has 60 seconds left.\n|\n|t:|1776116879\n|teamsize|p1|4\n|teamsize|p2|4\n|start\n|switch|p1a: :D|Whimsicott, L50, F|100/100\n|switch|p1b: El Tigre|Incineroar, L50, F|100/100\n|switch|p2a: Dragonite|Dragonite, L50, M|100/100\n|switch|p2b: Rotom|Rotom-Heat, L50|100/100\n|-ability|p1b: El Tigre|Intimidate|boost\n|-fail|p2a: Dragonite|unboost|Attack|[from] ability: Inner Focus|[of] p2a: Dragonite\n|-unboost|p2b: Rotom|atk|1\n|turn|1\n|inactive|Sad Cricket has 30 seconds left.\n|inactive|Sad Cricket has 20 seconds left.\n|\n|t:|1776116918\n|move|p1b: El Tigre|Fake Out|p2b: Rotom\n|-damage|p2b: Rotom|84/100\n|cant|p2b: Rotom|flinch\n|move|p2a: Dragonite|Tailwind|p2a: Dragonite\n|-sidestart|p2: Sad Cricket|move: Tailwind\n|move|p1a: :D|Trick Room|p1a: :D\n|-fieldstart|move: Trick Room|[of] p1a: :D\n|\n|upkeep\n|turn|2\n|inactive|Sad Cricket has 30 seconds left.\n|inactive|Kongojongo has 30 seconds left.\n|inactive|Sad Cricket has 20 seconds left.\n|inactive|Sad Cricket has 15 seconds left.\n|inactive|Sad Cricket has 10 seconds left.\n|\n|t:|1776116964\n|detailschange|p2a: Dragonite|Dragonite-Mega, L50, M\n|-mega|p2a: Dragonite|Dragonite|Dragoninite\n|move|p1a: :D|Encore|p2a: Dragonite\n|-start|p2a: Dragonite|Encore\n|move|p1b: El Tigre|Parting Shot|p2b: Rotom\n|-unboost|p2b: Rotom|atk|1\n|-unboost|p2b: Rotom|spa|1\n|\n|t:|1776116975\n|switch|p1b: Shin|Tyranitar, L50, F|100/100|[from] Parting Shot\n|-weather|Sandstorm|[from] ability: Sand Stream|[of] p1b: Shin\n|move|p2a: Dragonite|Tailwind||[still]\n|-fail|p2a: Dragonite\n|move|p2b: Rotom|Volt Switch|p1a: :D\n|-resisted|p1a: :D|1\n|-damage|p1a: :D|87/100\n|\n|t:|1776116983\n|switch|p2b: Pelipper|Pelipper, L50, M|100/100|[from] Volt Switch\n|-weather|RainDance|[from] ability: Drizzle|[of] p2b: Pelipper\n|\n|-weather|RainDance|[upkeep]\n|upkeep\n|turn|3\n|\n|t:|1776116997\n|switch|p2a: Rotom|Rotom-Heat, L50|84/100\n|detailschange|p1b: Shin|Tyranitar-Mega, L50, F\n|-mega|p1b: Shin|Tyranitar|Tyranitarite\n|-weather|Sandstorm|[from] ability: Sand Stream|[of] p1b: Shin\n|move|p2b: Pelipper|Protect|p2b: Pelipper\n|-singleturn|p2b: Pelipper|Protect\n|move|p1b: Shin|Rock Slide|p2b: Pelipper|[spread] p2a\n|-activate|p2b: Pelipper|move: Protect\n|-supereffective|p2a: Rotom|1\n|-damage|p2a: Rotom|4/100\n|move|p1a: :D|Moonblast|p2a: Rotom\n|-resisted|p2a: Rotom|1\n|-damage|p2a: Rotom|0 fnt\n|faint|p2a: Rotom\n|\n|-weather|Sandstorm|[upkeep]\n|-damage|p1a: :D|81/100|[from] Sandstorm\n|-damage|p2b: Pelipper|95/100|[from] Sandstorm\n|upkeep\n|\n|t:|1776117011\n|switch|p2a: Dragonite|Dragonite-Mega, L50, M|100/100\n|turn|4\n|\n|t:|1776117031\n|switch|p2b: Basculegion|Basculegion, L50, M|100/100\n|move|p1a: :D|Encore||[still]\n|-fail|p1a: :D\n|move|p1b: Shin|Rock Slide|p2a: Dragonite|[spread] p2a\n|-miss|p1b: Shin|p2b: Basculegion\n|-supereffective|p2a: Dragonite|1\n|-damage|p2a: Dragonite|75/100\n|move|p2a: Dragonite|Hurricane|p1a: :D\n|-supereffective|p1a: :D|1\n|-damage|p1a: :D|0 fnt\n|faint|p1a: :D\n|\n|-weather|Sandstorm|[upkeep]\n|-damage|p2b: Basculegion|94/100|[from] Sandstorm\n|-damage|p2a: Dragonite|69/100|[from] Sandstorm\n|-sideend|p2: Sad Cricket|move: Tailwind\n|upkeep\n|\n|t:|1776117038\n|switch|p1a: El Tigre|Incineroar, L50, F|100/100\n|-ability|p1a: El Tigre|Intimidate|boost\n|-unboost|p2a: Dragonite|atk|1\n|-unboost|p2b: Basculegion|atk|1\n|turn|5\n|inactive|Sad Cricket has 30 seconds left.\n|\n|t:|1776117070\n|switch|p2a: Pelipper|Pelipper, L50, M|95/100\n|-weather|RainDance|[from] ability: Drizzle|[of] p2a: Pelipper\n|move|p1a: El Tigre|Parting Shot|p2b: Basculegion\n|-unboost|p2b: Basculegion|atk|1\n|-unboost|p2b: Basculegion|spa|1\n|\n|t:|1776117076\n|switch|p1a: Tampon Fish|Basculegion, L50, M|100/100|[from] Parting Shot\n|move|p1b: Shin|Knock Off|p2b: Basculegion\n|-supereffective|p2b: Basculegion|1\n|-damage|p2b: Basculegion|0 fnt\n|-enditem|p2b: Basculegion|Mystic Water|[from] move: Knock Off|[of] p1b: Shin\n|faint|p2b: Basculegion\n|\n|-weather|RainDance|[upkeep]\n|-fieldend|move: Trick Room\n|upkeep\n|\n|t:|1776117081\n|switch|p2b: Dragonite|Dragonite-Mega, L50, M|69/100\n|turn|6\n|\n|t:|1776117104\n|move|p2a: Pelipper|Protect|p2a: Pelipper\n|-singleturn|p2a: Pelipper|Protect\n|move|p1b: Shin|Protect|p1b: Shin\n|-singleturn|p1b: Shin|Protect\n|move|p1a: Tampon Fish|Ice Fang|p2b: Dragonite\n|-supereffective|p2b: Dragonite|2\n|-damage|p2b: Dragonite|0 fnt\n|faint|p2b: Dragonite\n|\n|-weather|RainDance|[upkeep]\n|upkeep\n|turn|7\n|c|\u2606Sad Cricket|gg\n|c|\u2606Kongojongo|gg\n|\n|t:|1776117124\n|move|p1a: Tampon Fish|Wave Crash|p2a: Pelipper\n|-resisted|p2a: Pelipper|1\n|-damage|p2a: Pelipper|26/100\n|-damage|p1a: Tampon Fish|85/100|[from] Recoil\n|move|p2a: Pelipper|Weather Ball|p1b: Shin\n|-supereffective|p1b: Shin|1\n|-damage|p1b: Shin|7/100\n|move|p1b: Shin|Rock Slide|p2a: Pelipper\n|-supereffective|p2a: Pelipper|1\n|-damage|p2a: Pelipper|0 fnt\n|faint|p2a: Pelipper\n|\n|win|Kongojongo\n|raw|Kongojongo's rating: 1047 &rarr; <strong>1087</strong><br />(+40 for winning)\n|raw|Sad Cricket's rating: 1123 &rarr; <strong>1093</strong><br />(-30 for losing)\n",
  "uploadtime": 1776117140,
  "views": 19,
  "formatid": "gen9championsvgc2026regma",
  "rating": 1087,
  "private": 0,
  "password": null
}