{
  "id": "gen9championsvgc2026regma-2585581220",
  "format": "[Gen 9 Champions] VGC 2026 Reg M-A",
  "players": [
    "thewxfr",
    "iagoferr5"
  ],
  "log": "|j|\u2606thewxfr\n|j|\u2606iagoferr5\n|t:|1776356883\n|gametype|doubles\n|player|p1|thewxfr|170|1070\n|player|p2|iagoferr5|170|1000\n|gen|9\n|tier|[Gen 9 Champions] VGC 2026 Reg M-A\n|rated|\n|rule|Species Clause: Limit one of each Pok\u00e9mon\n|rule|Item Clause: Limit 1 of each item\n|clearpoke\n|poke|p1|Vivillon, L50, M|\n|poke|p1|Maushold-Four, L50|\n|poke|p1|Dedenne, L50, M|\n|poke|p1|Manectric, L50, F|\n|poke|p1|Skarmory, L50, M|\n|poke|p1|Typhlosion, L50, M|\n|poke|p2|Kingambit, L50, F|\n|poke|p2|Incineroar, L50, M|\n|poke|p2|Basculegion, L50, M|\n|poke|p2|Sinistcha, L50|\n|poke|p2|Ninetales-Alola, L50, M|\n|poke|p2|Sneasler, L50, F|\n|teampreview|4\nthewxfr rejected open team sheets.\n|\n|t:|1776356913\n|teamsize|p1|4\n|teamsize|p2|4\n|start\n|switch|p1a: Dedenne|Dedenne, L50, M|100/100\n|switch|p1b: Manectric|Manectric, L50, F|100/100\n|switch|p2a: Ninetales|Ninetales-Alola, L50, M|100/100\n|switch|p2b: Incineroar|Incineroar, L50, M|100/100\n|-weather|Snowscape|[from] ability: Snow Warning|[of] p2a: Ninetales\n|-ability|p2b: Incineroar|Intimidate|boost\n|-unboost|p1a: Dedenne|atk|1\n|-unboost|p1b: Manectric|atk|1\n|turn|1\n|\n|t:|1776356937\n|move|p2b: Incineroar|Fake Out|p1b: Manectric\n|-damage|p1b: Manectric|79/100\n|cant|p1b: Manectric|flinch\n|move|p1a: Dedenne|Rising Voltage|p2a: Ninetales\n|-damage|p2a: Ninetales|50/100\n|move|p2a: Ninetales|Aurora Veil|p2a: Ninetales\n|-sidestart|p2: iagoferr5|move: Aurora Veil\n|\n|-weather|Snowscape|[upkeep]\n|upkeep\n|turn|2\n|\n|t:|1776356963\n|move|p1b: Manectric|Electric Terrain|p1b: Manectric\n|-fieldstart|move: Electric Terrain\n|move|p1a: Dedenne|Rising Voltage|p2a: Ninetales\n|-hint|Rising Voltage's BP doubled on grounded target.\n|-damage|p2a: Ninetales|0 fnt\n|faint|p2a: Ninetales\n|move|p2b: Incineroar|Parting Shot|p1a: Dedenne\n|-unboost|p1a: Dedenne|atk|1\n|-unboost|p1a: Dedenne|spa|1\n|\n|t:|1776356973\n|switch|p2b: Basculegion|Basculegion, L50, M|100/100|[from] Parting Shot\n|\n|-weather|Snowscape|[upkeep]\n|upkeep\n|\n|t:|1776356977\n|switch|p2a: Incineroar|Incineroar, L50, M|100/100\n|-ability|p2a: Incineroar|Intimidate|boost\n|-unboost|p1a: Dedenne|atk|1\n|-unboost|p1b: Manectric|atk|1\n|turn|3\n|\n|t:|1776357003\n|move|p2a: Incineroar|Fake Out|p1a: Dedenne\n|-damage|p1a: Dedenne|77/100\n|move|p2b: Basculegion|Wave Crash|p1a: Dedenne\n|-damage|p1a: Dedenne|0 fnt\n|faint|p1a: Dedenne\n|-damage|p2b: Basculegion|82/100|[from] Recoil\n|move|p1b: Manectric|Rising Voltage|p2b: Basculegion\n|-hint|Rising Voltage's BP doubled on grounded target.\n|-supereffective|p2b: Basculegion|1\n|-damage|p2b: Basculegion|0 fnt\n|faint|p2b: Basculegion\n|\n|-weather|Snowscape|[upkeep]\n|upkeep\n|\n|t:|1776357016\n|switch|p1a: Maushold|Maushold-Four, L50|100/100\n|switch|p2b: Sinistcha|Sinistcha, L50|100/100\n|turn|4\n|\n|t:|1776357027\n|move|p1b: Manectric|Rising Voltage|p2a: Incineroar\n|-hint|Rising Voltage's BP doubled on grounded target.\n|-damage|p2a: Incineroar|45/100\n|-enditem|p2a: Incineroar|Sitrus Berry|[eat]\n|-heal|p2a: Incineroar|70/100|[from] item: Sitrus Berry\n|move|p1a: Maushold|Tidy Up|p1a: Maushold\n|-boost|p1a: Maushold|atk|1\n|-boost|p1a: Maushold|spe|1\n|move|p2b: Sinistcha|Matcha Gotcha|p1b: Manectric|[spread] p1a,p1b\n|-damage|p1a: Maushold|80/100\n|-damage|p1b: Manectric|43/100\n|-status|p1b: Manectric|brn\n|move|p2a: Incineroar|Flare Blitz|p1a: Maushold\n|-damage|p1a: Maushold|20/100\n|-damage|p2a: Incineroar|49/100|[from] Recoil\n|\n|-weather|Snowscape|[upkeep]\n|-damage|p1b: Manectric|37/100 brn|[from] brn\n|upkeep\n|turn|5\n|\n|t:|1776357053\n|move|p1a: Maushold|Crunch|p2b: Sinistcha\n|-supereffective|p2b: Sinistcha|1\n|-damage|p2b: Sinistcha|77/100\n|-unboost|p2b: Sinistcha|def|1\n|-heal|p1a: Maushold|22/100|[from] item: Shell Bell|[of] p2b: Sinistcha\n|move|p1b: Manectric|Rising Voltage|p2a: Incineroar\n|-hint|Rising Voltage's BP doubled on grounded target.\n|-damage|p2a: Incineroar|0 fnt\n|faint|p2a: Incineroar\n|move|p2b: Sinistcha|Trick Room|p2b: Sinistcha\n|-fieldstart|move: Trick Room|[of] p2b: Sinistcha\n|\n|-weather|none\n|-heal|p2b: Sinistcha|83/100|[from] item: Leftovers\n|-damage|p1b: Manectric|31/100 brn|[from] brn\n|-sideend|p2: iagoferr5|move: Aurora Veil\n|upkeep\n|turn|6\n|\n|t:|1776357078\n|move|p2b: Sinistcha|Matcha Gotcha|p1b: Manectric|[spread] p1b\n|-miss|p2b: Sinistcha|p1a: Maushold\n|-damage|p1b: Manectric|0 fnt\n|-heal|p2b: Sinistcha|98/100|[from] drain|[of] p1b: Manectric\n|faint|p1b: Manectric\n|move|p1a: Maushold|Crunch|p2b: Sinistcha\n|-supereffective|p2b: Sinistcha|1\n|-crit|p2b: Sinistcha\n|-damage|p2b: Sinistcha|9/100\n|-unboost|p2b: Sinistcha|def|1\n|-heal|p1a: Maushold|31/100|[from] item: Shell Bell|[of] p2b: Sinistcha\n|\n|-heal|p2b: Sinistcha|15/100|[from] item: Leftovers\n|-fieldend|move: Electric Terrain\n|upkeep\n|\n|t:|1776357081\n|switch|p1b: Vivillon|Vivillon, L50, M|100/100\n|turn|7\n|\n|t:|1776357093\n|move|p2b: Sinistcha|Matcha Gotcha|p1b: Vivillon|[spread] p1a,p1b\n|-resisted|p1b: Vivillon|2\n|-crit|p1b: Vivillon\n|-damage|p1a: Maushold|16/100\n|-heal|p2b: Sinistcha|24/100|[from] drain|[of] p1a: Maushold\n|-damage|p1b: Vivillon|94/100\n|-heal|p2b: Sinistcha|29/100|[from] drain|[of] p1b: Vivillon\n|-status|p1b: Vivillon|brn\n|move|p1b: Vivillon|Pollen Puff|p2b: Sinistcha\n|-damage|p2b: Sinistcha|0 fnt\n|faint|p2b: Sinistcha\n|\n|win|thewxfr\n|raw|thewxfr's rating: 1070 &rarr; <strong>1094</strong><br />(+24 for winning)\n|raw|iagoferr5's rating: 1000 &rarr; <strong>1000</strong><br />(+0 for losing)\n|l|\u2606iagoferr5\n|player|p2|\n|c|\u2606thewxfr|gg\n",
  "uploadtime": 1776357100,
  "views": 24,
  "formatid": "gen9championsvgc2026regma",
  "rating": 1000,
  "private": 0,
  "password": null
}