{
  "id": "gen9championsvgc2026regma-2582010728",
  "format": "[Gen 9 Champions] VGC 2026 Reg M-A",
  "players": [
    "Niko highway",
    "Charninja911VGC"
  ],
  "log": "|j|\u2606Niko highway\n|j|\u2606Charninja911VGC\n|t:|1776048100\n|gametype|doubles\n|player|p1|Niko highway|266|1224\n|player|p2|Charninja911VGC|blue|1168\n|gen|9\n|tier|[Gen 9 Champions] VGC 2026 Reg M-A\n|rated|\n|rule|Species Clause: Limit one of each Pok\u00e9mon\n|rule|Item Clause: Limit 1 of each item\n|clearpoke\n|poke|p1|Incineroar, L50, F|\n|poke|p1|Conkeldurr, L50, M|\n|poke|p1|Sinistcha, L50|\n|poke|p1|Cofagrigus, L50, M|\n|poke|p1|Drampa, L50, F|\n|poke|p1|Aggron, L50, M|\n|poke|p2|Whimsicott, L50, F|\n|poke|p2|Sneasler, L50, M|\n|poke|p2|Rotom-Wash, L50|\n|poke|p2|Garchomp, L50, M|\n|poke|p2|Kingambit, L50, F|\n|poke|p2|Charizard, L50, F|\n|teampreview|4\n|\n|t:|1776048147\n|teamsize|p1|4\n|teamsize|p2|4\n|start\n|switch|p1a: Cofagrigus|Cofagrigus, L50, M|100/100\n|switch|p1b: Conkeldurr|Conkeldurr, L50, M|100/100\n|switch|p2a: Sneasler|Sneasler, L50, M|100/100\n|switch|p2b: Garchomp|Garchomp, L50, M|100/100\n|turn|1\n|inactive|Battle timer is ON: inactive players will automatically lose when time's up. (requested by Niko highway)\n|\n|t:|1776048197\n|switch|p1b: Incineroar|Incineroar, L50, F|100/100\n|-ability|p1b: Incineroar|Intimidate|boost\n|-unboost|p2a: Sneasler|atk|1\n|-unboost|p2b: Garchomp|atk|1\n|-enditem|p2a: Sneasler|White Herb\n|-clearnegativeboost|p2a: Sneasler|[silent]\n|move|p2a: Sneasler|Fake Out|p1b: Incineroar\n|-damage|p1b: Incineroar|87/100\n|move|p2b: Garchomp|Dragon Claw|p1b: Incineroar\n|-damage|p1b: Incineroar|58/100\n|move|p1a: Cofagrigus|Trick Room|p1a: Cofagrigus\n|-fieldstart|move: Trick Room|[of] p1a: Cofagrigus\n|\n|upkeep\n|turn|2\n|inactive|Niko highway has 30 seconds left.\n|\n|t:|1776048227\n|move|p1a: Cofagrigus|Will-O-Wisp|p2b: Garchomp\n|-status|p2b: Garchomp|brn\n|move|p1b: Incineroar|Parting Shot|p2a: Sneasler\n|-unboost|p2a: Sneasler|atk|1\n|-unboost|p2a: Sneasler|spa|1\n|\n|t:|1776048238\n|switch|p1b: Conkeldurr|Conkeldurr, L50, M|100/100|[from] Parting Shot\n|move|p2b: Garchomp|Dragon Claw|p1a: Cofagrigus\n|-damage|p1a: Cofagrigus|90/100\n|-activate|p1a: Cofagrigus|ability: Mummy|p2b: Garchomp|[ability] Rough Skin\n|move|p2a: Sneasler|Close Combat|p1b: Conkeldurr\n|-damage|p1b: Conkeldurr|58/100\n|-unboost|p2a: Sneasler|def|1\n|-unboost|p2a: Sneasler|spd|1\n|\n|-heal|p1a: Cofagrigus|97/100|[from] item: Leftovers\n|-damage|p2b: Garchomp|95/100 brn|[from] brn\n|upkeep\n|turn|3\n|\n|t:|1776048256\n|move|p2b: Garchomp|Protect|p2b: Garchomp\n|-singleturn|p2b: Garchomp|Protect\n|move|p2a: Sneasler|Protect|p2a: Sneasler\n|-singleturn|p2a: Sneasler|Protect\n|move|p1a: Cofagrigus|Shadow Ball|p2a: Sneasler\n|-activate|p2a: Sneasler|move: Protect\n|move|p1b: Conkeldurr|Drain Punch|p2a: Sneasler\n|-activate|p2a: Sneasler|move: Protect\n|\n|-heal|p1a: Cofagrigus|100/100|[from] item: Leftovers\n|-damage|p2b: Garchomp|89/100 brn|[from] brn\n|upkeep\n|turn|4\n|\n|t:|1776048278\n|move|p1a: Cofagrigus|Shadow Ball|p2a: Sneasler\n|-crit|p2a: Sneasler\n|-damage|p2a: Sneasler|20/100\n|move|p1b: Conkeldurr|Drain Punch|p2a: Sneasler\n|-resisted|p2a: Sneasler|1\n|-damage|p2a: Sneasler|0 fnt\n|-heal|p1b: Conkeldurr|65/100|[from] drain|[of] p2a: Sneasler\n|faint|p2a: Sneasler\n|move|p2b: Garchomp|Earthquake|p1b: Conkeldurr|[spread] p1a,p1b\n|-damage|p1a: Cofagrigus|91/100\n|-damage|p1b: Conkeldurr|54/100\n|\n|-heal|p1a: Cofagrigus|97/100|[from] item: Leftovers\n|-damage|p2b: Garchomp|83/100 brn|[from] brn\n|upkeep\n|\n|t:|1776048295\n|switch|p2a: Charizard|Charizard, L50, F|100/100\n|turn|5\n|\n|t:|1776048319\n|move|p2a: Charizard|Protect|p2a: Charizard\n|-singleturn|p2a: Charizard|Protect\n|move|p2b: Garchomp|Protect|p2b: Garchomp\n|-singleturn|p2b: Garchomp|Protect\n|move|p1a: Cofagrigus|Shadow Ball|p2a: Charizard\n|-activate|p2a: Charizard|move: Protect\n|move|p1b: Conkeldurr|Drain Punch|p2a: Charizard\n|-activate|p2a: Charizard|move: Protect\n|\n|-heal|p1a: Cofagrigus|100/100|[from] item: Leftovers\n|-damage|p2b: Garchomp|77/100 brn|[from] brn\n|-fieldend|move: Trick Room\n|upkeep\n|turn|6\n|inactive|Charninja911VGC has 30 seconds left.\n|\n|t:|1776048345\n|switch|p1b: Drampa|Drampa, L50, F|100/100\n|-ability|p1b: Drampa|Cloud Nine\n|detailschange|p2a: Charizard|Charizard-Mega-Y, L50, F\n|-mega|p2a: Charizard|Charizard|Charizardite Y\n|-weather|SunnyDay|[from] ability: Drought|[of] p2a: Charizard\n|move|p2b: Garchomp|Earthquake|p1a: Cofagrigus|[spread] p1a,p1b\n|-immune|p2a: Charizard\n|-damage|p1a: Cofagrigus|91/100\n|-damage|p1b: Drampa|86/100\n|move|p2a: Charizard|Heat Wave|p1a: Cofagrigus|[spread] p1a,p1b\n|-resisted|p1b: Drampa|1\n|-damage|p1a: Cofagrigus|45/100\n|-damage|p1b: Drampa|63/100\n|move|p1a: Cofagrigus|Trick Room|p1a: Cofagrigus\n|-fieldstart|move: Trick Room|[of] p1a: Cofagrigus\n|\n|-weather|SunnyDay|[upkeep]\n|-heal|p1a: Cofagrigus|52/100|[from] item: Leftovers\n|-damage|p2b: Garchomp|71/100 brn|[from] brn\n|upkeep\n|turn|7\n|\n|t:|1776048367\n|switch|p2b: Whimsicott|Whimsicott, L50, F|100/100\n|move|p1a: Cofagrigus|Shadow Ball|p2a: Charizard\n|-damage|p2a: Charizard|70/100\n|move|p1b: Drampa|Dragon Pulse|p2b: Whimsicott\n|-immune|p2b: Whimsicott\n|move|p2a: Charizard|Heat Wave|p1b: Drampa|[spread] p1a,p1b\n|-resisted|p1b: Drampa|1\n|-damage|p1a: Cofagrigus|12/100\n|-damage|p1b: Drampa|42/100\n|\n|-weather|SunnyDay|[upkeep]\n|-heal|p1a: Cofagrigus|18/100|[from] item: Leftovers\n|upkeep\n|turn|8\n|inactive|Charninja911VGC has 30 seconds left.\n|inactive|Charninja911VGC has 20 seconds left.\n|inactive|Charninja911VGC has 15 seconds left.\n|\n|t:|1776048411\n|move|p2a: Charizard|Protect|p2a: Charizard\n|-singleturn|p2a: Charizard|Protect\n|move|p1a: Cofagrigus|Shadow Ball|p2b: Whimsicott\n|-damage|p2b: Whimsicott|54/100\n|-unboost|p2b: Whimsicott|spd|1\n|move|p1b: Drampa|Dragon Pulse|p2a: Charizard\n|-activate|p2a: Charizard|move: Protect\n|move|p2b: Whimsicott|Moonblast|p1b: Drampa\n|-supereffective|p1b: Drampa|1\n|-damage|p1b: Drampa|0 fnt\n|faint|p1b: Drampa\n|\n|-weather|SunnyDay|[upkeep]\n|-heal|p1a: Cofagrigus|24/100|[from] item: Leftovers\n|upkeep\n|\n|t:|1776048422\n|switch|p1b: Incineroar|Incineroar, L50, F|58/100\n|-ability|p1b: Incineroar|Intimidate|boost\n|-unboost|p2a: Charizard|atk|1\n|-unboost|p2b: Whimsicott|atk|1\n|turn|9\n|\n|t:|1776048441\n|move|p1b: Incineroar|Fake Out|p2a: Charizard\n|-damage|p2a: Charizard|48/100\n|move|p1a: Cofagrigus|Shadow Ball|p2b: Whimsicott\n|-damage|p2b: Whimsicott|0 fnt\n|faint|p2b: Whimsicott\n|cant|p2a: Charizard|flinch\n|\n|-weather|SunnyDay|[upkeep]\n|-heal|p1a: Cofagrigus|30/100|[from] item: Leftovers\n|upkeep\n|\n|t:|1776048453\n|switch|p2b: Garchomp|Garchomp, L50, M|71/100 brn\n|turn|10\n|\n|t:|1776048461\n|move|p2a: Charizard|Protect|p2a: Charizard\n|-singleturn|p2a: Charizard|Protect\n|move|p2b: Garchomp|Protect|p2b: Garchomp\n|-singleturn|p2b: Garchomp|Protect\n|move|p1a: Cofagrigus|Shadow Ball|p2a: Charizard\n|-activate|p2a: Charizard|move: Protect\n|move|p1b: Incineroar|Parting Shot|p1a: Cofagrigus\n|-unboost|p1a: Cofagrigus|atk|1\n|-unboost|p1a: Cofagrigus|spa|1\n|\n|t:|1776048470\n|switch|p1b: Conkeldurr|Conkeldurr, L50, M|54/100|[from] Parting Shot\n|\n|-weather|none\n|-heal|p1a: Cofagrigus|37/100|[from] item: Leftovers\n|-damage|p2b: Garchomp|65/100 brn|[from] brn\n|-fieldend|move: Trick Room\n|upkeep\n|turn|11\n|\n|t:|1776048483\n|move|p1b: Conkeldurr|Wide Guard|p1b: Conkeldurr\n|-singleturn|p1b: Conkeldurr|Wide Guard\n|move|p2b: Garchomp|Earthquake|p1b: Conkeldurr|[spread] \n|-activate|p1a: Cofagrigus|move: Wide Guard\n|-activate|p1b: Conkeldurr|move: Wide Guard\n|-immune|p2a: Charizard\n|move|p2a: Charizard|Heat Wave|p1b: Conkeldurr|[spread] \n|-activate|p1a: Cofagrigus|move: Wide Guard\n|-activate|p1b: Conkeldurr|move: Wide Guard\n|move|p1a: Cofagrigus|Trick Room|p1a: Cofagrigus\n|-fieldstart|move: Trick Room|[of] p1a: Cofagrigus\n|\n|-heal|p1a: Cofagrigus|43/100|[from] item: Leftovers\n|-damage|p2b: Garchomp|59/100 brn|[from] brn\n|upkeep\n|turn|12\n|\n|t:|1776048504\n|switch|p1a: Incineroar|Incineroar, L50, F|58/100\n|-ability|p1a: Incineroar|Intimidate|boost\n|-unboost|p2a: Charizard|atk|1\n|-unboost|p2b: Garchomp|atk|1\n|move|p1b: Conkeldurr|Drain Punch|p2a: Charizard\n|-resisted|p2a: Charizard|1\n|-damage|p2a: Charizard|3/100\n|-heal|p1b: Conkeldurr|70/100|[from] drain|[of] p2a: Charizard\n|move|p2a: Charizard|Heat Wave|p1b: Conkeldurr|[spread] p1a,p1b\n|-resisted|p1a: Incineroar|1\n|-damage|p1a: Incineroar|37/100\n|-damage|p1b: Conkeldurr|18/100\n|-enditem|p1a: Incineroar|Sitrus Berry|[eat]\n|-heal|p1a: Incineroar|61/100|[from] item: Sitrus Berry\n|move|p2b: Garchomp|Dragon Claw|p1a: Incineroar\n|-damage|p1a: Incineroar|48/100\n|\n|-damage|p2b: Garchomp|53/100 brn|[from] brn\n|upkeep\n|turn|13\n|\n|t:|1776048525\n|move|p2a: Charizard|Protect|p2a: Charizard\n|-singleturn|p2a: Charizard|Protect\n|move|p2b: Garchomp|Protect|p2b: Garchomp\n|-singleturn|p2b: Garchomp|Protect\n|move|p1b: Conkeldurr|Drain Punch|p2b: Garchomp\n|-activate|p2b: Garchomp|move: Protect\n|move|p1a: Incineroar|Throat Chop|p2a: Charizard\n|-activate|p2a: Charizard|move: Protect\n|\n|-damage|p2b: Garchomp|47/100 brn|[from] brn\n|upkeep\n|turn|14\n|\n|t:|1776048540\n|move|p1b: Conkeldurr|Drain Punch|p2b: Garchomp\n|-damage|p2b: Garchomp|0 fnt\n|-heal|p1b: Conkeldurr|38/100|[from] drain|[of] p2b: Garchomp\n|-damage|p1b: Conkeldurr|26/100|[from] ability: Rough Skin|[of] p2b: Garchomp\n|faint|p2b: Garchomp\n|move|p1a: Incineroar|Throat Chop|p2a: Charizard\n|-damage|p2a: Charizard|0 fnt\n|faint|p2a: Charizard\n|\n|win|Niko highway\n|raw|Niko highway's rating: 1224 &rarr; <strong>1245</strong><br />(+21 for winning)\n|raw|Charninja911VGC's rating: 1168 &rarr; <strong>1147</strong><br />(-21 for losing)\n",
  "uploadtime": 1776048550,
  "views": 39,
  "formatid": "gen9championsvgc2026regma",
  "rating": 1147,
  "private": 0,
  "password": null
}