{
  "id": "gen9championsvgc2026regma-2584124080",
  "format": "[Gen 9 Champions] VGC 2026 Reg M-A",
  "players": [
    "Niko highway",
    "speedyturtle87"
  ],
  "log": "|j|\u2606Niko highway\n|j|\u2606speedyturtle87\n|t:|1776227795\n|gametype|doubles\n|player|p1|Niko highway|266|1466\n|player|p2|speedyturtle87|canari|1390\n|gen|9\n|tier|[Gen 9 Champions] VGC 2026 Reg M-A\n|rated|\n|rule|Species Clause: Limit one of each Pok\u00e9mon\n|rule|Item Clause: Limit 1 of each item\n|clearpoke\n|poke|p1|Incineroar, L50, F|\n|poke|p1|Conkeldurr, L50, F|\n|poke|p1|Sinistcha, L50|\n|poke|p1|Cofagrigus, L50, F|\n|poke|p1|Drampa, L50, M|\n|poke|p1|Aegislash, L50, M|\n|poke|p2|Aerodactyl, L50, F|\n|poke|p2|Meganium, L50, M|\n|poke|p2|Diggersby, L50, M|\n|poke|p2|Kingambit, L50, M|\n|poke|p2|Milotic, L50, F|\n|poke|p2|Sneasler, L50, M|\n|teampreview|4\n|inactive|Battle timer is ON: inactive players will automatically lose when time's up. (requested by speedyturtle87)\n|j| mianzi\n|inactive|Niko highway has 60 seconds left.\n|inactive|speedyturtle87 has 60 seconds left.\n|l| mianzi\n|\n|t:|1776227845\n|teamsize|p1|4\n|teamsize|p2|4\n|start\n|switch|p1a: Sinistcha|Sinistcha, L50|100/100\n|switch|p1b: Cofagrigus|Cofagrigus, L50, F|100/100\n|switch|p2a: Milotic|Milotic, L50, F|100/100\n|switch|p2b: Sneasler|Sneasler, L50, M|100/100\n|turn|1\n|\n|t:|1776227868\n|switch|p2a: Kingambit|Kingambit, L50, M|100/100\n|move|p2b: Sneasler|Dire Claw|p1a: Sinistcha\n|-damage|p1a: Sinistcha|55/100\n|move|p1a: Sinistcha|Matcha Gotcha|p2a: Kingambit|[spread] p2a,p2b\n|-resisted|p2a: Kingambit|1\n|-resisted|p2b: Sneasler|1\n|-damage|p2a: Kingambit|86/100\n|-heal|p1a: Sinistcha|63/100|[from] drain|[of] p2a: Kingambit\n|-damage|p2b: Sneasler|78/100\n|-heal|p1a: Sinistcha|74/100|[from] drain|[of] p2b: Sneasler\n|move|p1b: Cofagrigus|Trick Room|p1b: Cofagrigus\n|-fieldstart|move: Trick Room|[of] p1b: Cofagrigus\n|\n|upkeep\n|turn|2\n|j| mianzi\n|l| mianzi\n|j| newmegasbad\n|inactive|Niko highway has 30 seconds left.\n|\n|t:|1776227900\n|switch|p2b: Milotic|Milotic, L50, F|100/100\n|move|p1a: Sinistcha|Rage Powder|p1a: Sinistcha\n|-singleturn|p1a: Sinistcha|move: Rage Powder\n|move|p1b: Cofagrigus|Body Press|p2a: Kingambit\n|-supereffective|p2a: Kingambit|2\n|-damage|p2a: Kingambit|0 fnt\n|faint|p2a: Kingambit\n|\n|upkeep\n|\n|t:|1776227909\n|switch|p2a: Aerodactyl|Aerodactyl, L50, F|100/100\n|-ability|p2a: Aerodactyl|Unnerve\n|turn|3\n|\n|t:|1776227917\n|move|p1b: Cofagrigus|Will-O-Wisp|p2a: Aerodactyl\n|-status|p2a: Aerodactyl|brn\n|move|p1a: Sinistcha|Matcha Gotcha|p2a: Aerodactyl|[spread] p2a,p2b\n|-supereffective|p2b: Milotic|1\n|-damage|p2a: Aerodactyl|54/100 brn\n|-heal|p1a: Sinistcha|94/100|[from] drain|[of] p2a: Aerodactyl\n|-damage|p2b: Milotic|53/100\n|-heal|p1a: Sinistcha|100/100|[from] drain|[of] p2b: Milotic\n|move|p2b: Milotic|Muddy Water|p1b: Cofagrigus|[spread] p1a\n|-miss|p2b: Milotic|p1b: Cofagrigus\n|-resisted|p1a: Sinistcha|1\n|-damage|p1a: Sinistcha|85/100\n|move|p2a: Aerodactyl|Dual Wingbeat|p1a: Sinistcha\n|-supereffective|p1a: Sinistcha|1\n|-damage|p1a: Sinistcha|67/100\n|-supereffective|p1a: Sinistcha|1\n|-damage|p1a: Sinistcha|50/100\n|-hitcount|p1a: Sinistcha|2\n|\n|-damage|p2a: Aerodactyl|48/100 brn|[from] brn\n|upkeep\n|turn|4\n|\n|t:|1776227937\n|move|p2a: Aerodactyl|Protect|p2a: Aerodactyl\n|-singleturn|p2a: Aerodactyl|Protect\n|move|p1b: Cofagrigus|Shadow Ball|p2b: Milotic\n|-damage|p2b: Milotic|30/100\n|-unboost|p2b: Milotic|spd|1\n|-ability|p2b: Milotic|Competitive|boost\n|-boost|p2b: Milotic|spa|2\n|-enditem|p2b: Milotic|Sitrus Berry|[eat]\n|-heal|p2b: Milotic|55/100|[from] item: Sitrus Berry\n|move|p1a: Sinistcha|Matcha Gotcha|p2b: Milotic|[spread] \n|-activate|p2a: Aerodactyl|move: Protect\n|-miss|p1a: Sinistcha|p2b: Milotic\n|move|p2b: Milotic|Muddy Water|p1b: Cofagrigus|[spread] p1a,p1b\n|-resisted|p1a: Sinistcha|1\n|-damage|p1a: Sinistcha|17/100\n|-damage|p1b: Cofagrigus|51/100\n|-unboost|p1b: Cofagrigus|accuracy|1\n|\n|-heal|p1b: Cofagrigus|57/100|[from] item: Leftovers\n|-damage|p2a: Aerodactyl|42/100 brn|[from] brn\n|upkeep\n|turn|5\n|c|\u2606speedyturtle87|ggwp\n|-message|speedyturtle87 forfeited.\n|\n|win|Niko highway\n|raw|Niko highway's rating: 1466 &rarr; <strong>1482</strong><br />(+16 for winning)\n|raw|speedyturtle87's rating: 1390 &rarr; <strong>1374</strong><br />(-16 for losing)\n",
  "uploadtime": 1776227948,
  "views": 47,
  "formatid": "gen9championsvgc2026regma",
  "rating": 1374,
  "private": 0,
  "password": null
}