{
  "id": "gen9championsvgc2026regma-2582066967",
  "format": "[Gen 9 Champions] VGC 2026 Reg M-A",
  "players": [
    "parstesting",
    "dkapflzksh"
  ],
  "log": "|j|\u2606parstesting\n|j|\u2606dkapflzksh\n|t:|1776053835\n|gametype|doubles\n|player|p1|parstesting|170|1159\n|player|p2|dkapflzksh|thorton|1197\n|gen|9\n|tier|[Gen 9 Champions] VGC 2026 Reg M-A\n|rated|\n|rule|Species Clause: Limit one of each Pok\u00e9mon\n|rule|Item Clause: Limit 1 of each item\n|clearpoke\n|poke|p1|Aggron, L50, M|\n|poke|p1|Charizard, L50, M|\n|poke|p1|Sinistcha, L50|\n|poke|p1|Orthworm, L50, F|\n|poke|p1|Garchomp, L50, M|\n|poke|p1|Scovillain, L50, M|\n|poke|p2|Pelipper, L50, F|\n|poke|p2|Basculegion, L50, M|\n|poke|p2|Dragonite, L50, M|\n|poke|p2|Archaludon, L50, M|\n|poke|p2|Sableye, L50, M|\n|poke|p2|Incineroar, L50, M|\n|teampreview|4\n|inactive|Battle timer is ON: inactive players will automatically lose when time's up. (requested by dkapflzksh)\n|\n|t:|1776053861\n|teamsize|p1|4\n|teamsize|p2|4\n|start\n|switch|p1a: Aggron|Aggron, L50, M, shiny|100/100\n|switch|p1b: Garchomp|Garchomp, L50, M, shiny|100/100\n|switch|p2a: Sableye|Sableye, L50, M|100/100\n|switch|p2b: Basculegion|Basculegion, L50, M, shiny|100/100\n|turn|1\n|inactive|dkapflzksh has 30 seconds left.\n|inactive|dkapflzksh has 20 seconds left.\n|\n|t:|1776053898\n|detailschange|p1a: Aggron|Aggron-Mega, L50, M, shiny\n|-mega|p1a: Aggron|Aggron|Aggronite\n|move|p2a: Sableye|Rain Dance|p2a: Sableye\n|-weather|RainDance\n|move|p2b: Basculegion|Flip Turn|p1b: Garchomp\n|-damage|p1b: Garchomp|50/100\n|\n|t:|1776053903\n|switch|p2b: Archaludon|Archaludon, L50, M, shiny|100/100|[from] Flip Turn\n|move|p1b: Garchomp|Rock Slide|p2a: Sableye|[spread] p2a,p2b\n|-resisted|p2b: Archaludon|1\n|-damage|p2a: Sableye|73/100\n|-damage|p2b: Archaludon|94/100\n|-ability|p2b: Archaludon|Stamina|boost\n|-boost|p2b: Archaludon|def|1\n|move|p1a: Aggron|Iron Defense|p1a: Aggron\n|-boost|p1a: Aggron|def|2\n|\n|-weather|RainDance|[upkeep]\n|-heal|p2b: Archaludon|99/100|[from] item: Leftovers\n|upkeep\n|turn|2\n|inactive|parstesting has 30 seconds left.\n|\n|t:|1776053932\n|switch|p1b: Orthworm|Orthworm, L50, F, shiny|100/100\n|move|p2a: Sableye|Encore|p1a: Aggron\n|-start|p1a: Aggron|Encore\n|move|p2b: Archaludon|Dragon Pulse|p1b: Orthworm\n|-resisted|p1b: Orthworm|1\n|-damage|p1b: Orthworm|67/100\n|move|p1a: Aggron|Iron Defense|p1a: Aggron\n|-boost|p1a: Aggron|def|2\n|\n|-weather|RainDance|[upkeep]\n|-heal|p2b: Archaludon|100/100|[from] item: Leftovers\n|-heal|p1b: Orthworm|73/100|[from] item: Leftovers\n|upkeep\n|turn|3\n|\n|t:|1776053956\n|move|p2a: Sableye|Disable|p1a: Aggron\n|-start|p1a: Aggron|Disable|Iron Defense\n|move|p2b: Archaludon|Electro Shot||[still]\n|-prepare|p2b: Archaludon|Electro Shot\n|-boost|p2b: Archaludon|spa|1\n|-anim|p2b: Archaludon|Electro Shot|p1a: Aggron\n|-damage|p1a: Aggron|25/100\n|move|p1b: Orthworm|Body Press|p2b: Archaludon\n|-supereffective|p2b: Archaludon|1\n|-damage|p2b: Archaludon|71/100\n|-ability|p2b: Archaludon|Stamina|boost\n|-boost|p2b: Archaludon|def|1\n|cant|p1a: Aggron|Disable|Iron Defense\n|\n|-weather|RainDance|[upkeep]\n|-heal|p2b: Archaludon|78/100|[from] item: Leftovers\n|-heal|p1b: Orthworm|80/100|[from] item: Leftovers\n|upkeep\n|turn|4\n|inactive|parstesting has 30 seconds left.\n|\n|t:|1776053983\n|switch|p1a: Sinistcha|Sinistcha, L50, shiny|100/100\n|-heal|p1b: Orthworm|100/100|[from] ability: Hospitality|[of] p1a: Sinistcha\n|move|p2a: Sableye|Disable|p1b: Orthworm\n|-start|p1b: Orthworm|Disable|Body Press\n|move|p2b: Archaludon|Dragon Pulse|p1a: Sinistcha\n|-damage|p1a: Sinistcha|42/100\n|-enditem|p1a: Sinistcha|Sitrus Berry|[eat]\n|-heal|p1a: Sinistcha|66/100|[from] item: Sitrus Berry\n|move|p1b: Orthworm|Shed Tail|p1b: Orthworm\n|-start|p1b: Orthworm|Substitute|[from] move: Shed Tail\n|-damage|p1b: Orthworm|50/100\n|\n|t:|1776053998\n|switch|p1b: Aggron|Aggron-Mega, L50, M, shiny|25/100|[from] Shed Tail\n|\n|-weather|RainDance|[upkeep]\n|-heal|p2b: Archaludon|84/100|[from] item: Leftovers\n|upkeep\n|turn|5\n|inactive|parstesting has 30 seconds left.\n|inactive|parstesting has 20 seconds left.\n|inactive|parstesting has 15 seconds left.\n|\n|t:|1776054039\n|move|p2a: Sableye|Disable||[still]\n|-fail|p2a: Sableye\n|move|p2b: Archaludon|Electro Shot||[still]\n|-prepare|p2b: Archaludon|Electro Shot\n|-boost|p2b: Archaludon|spa|1\n|-anim|p2b: Archaludon|Electro Shot|p1b: Aggron\n|-end|p1b: Aggron|Substitute\n|move|p1a: Sinistcha|Shadow Ball|p2a: Sableye\n|-damage|p2a: Sableye|23/100\n|move|p1b: Aggron|Body Press|p2b: Archaludon\n|-supereffective|p2b: Archaludon|1\n|-damage|p2b: Archaludon|50/100\n|-ability|p2b: Archaludon|Stamina|boost\n|-boost|p2b: Archaludon|def|1\n|\n|-weather|none\n|-heal|p2b: Archaludon|57/100|[from] item: Leftovers\n|upkeep\n|turn|6\n|inactive|parstesting has 30 seconds left.\n|inactive|dkapflzksh has 30 seconds left.\n|\n|t:|1776054072\n|switch|p1b: Garchomp|Garchomp, L50, M, shiny|50/100\n|move|p2a: Sableye|Encore|p1a: Sinistcha\n|-start|p1a: Sinistcha|Encore\n|move|p2b: Archaludon|Dragon Pulse|p1b: Garchomp\n|-supereffective|p1b: Garchomp|1\n|-damage|p1b: Garchomp|0 fnt\n|faint|p1b: Garchomp\n|move|p1a: Sinistcha|Shadow Ball|p2b: Archaludon\n|-damage|p2b: Archaludon|19/100\n|-ability|p2b: Archaludon|Stamina|boost\n|-boost|p2b: Archaludon|def|1\n|\n|-heal|p2b: Archaludon|25/100|[from] item: Leftovers\n|upkeep\n|\n|t:|1776054093\n|switch|p1b: Orthworm|Orthworm, L50, F, shiny|50/100\n|turn|7\n|\n|t:|1776054103\n|switch|p1a: Aggron|Aggron-Mega, L50, M, shiny|25/100\n|move|p1b: Orthworm|Protect|p1b: Orthworm\n|-singleturn|p1b: Orthworm|Protect\n|move|p2a: Sableye|Disable||[still]\n|-fail|p2a: Sableye\n|move|p2b: Archaludon|Aura Sphere|p1b: Orthworm\n|-activate|p1b: Orthworm|move: Protect\n|\n|-heal|p2b: Archaludon|31/100|[from] item: Leftovers\n|-heal|p1b: Orthworm|56/100|[from] item: Leftovers\n|upkeep\n|turn|8\n|\n|t:|1776054125\n|switch|p1b: Sinistcha|Sinistcha, L50, shiny|66/100\n|-heal|p1a: Aggron|50/100|[from] ability: Hospitality|[of] p1b: Sinistcha\n|move|p1a: Aggron|Protect|p1a: Aggron\n|-singleturn|p1a: Aggron|Protect\n|move|p2a: Sableye|Encore||[still]\n|-fail|p2a: Sableye\n|move|p2b: Archaludon|Aura Sphere|p1a: Aggron\n|-activate|p1a: Aggron|move: Protect\n|\n|-heal|p2b: Archaludon|37/100|[from] item: Leftovers\n|upkeep\n|turn|9\n|inactive|parstesting has 30 seconds left.\n|\n|t:|1776054156\n|switch|p1a: Orthworm|Orthworm, L50, F, shiny|56/100\n|move|p2a: Sableye|Light Screen|p2a: Sableye\n|-sidestart|p2: dkapflzksh|move: Light Screen\n|move|p2b: Archaludon|Aura Sphere|p1a: Orthworm\n|-supereffective|p1a: Orthworm|1\n|-damage|p1a: Orthworm|0 fnt\n|faint|p1a: Orthworm\n|move|p1b: Sinistcha|Shadow Ball|p2b: Archaludon\n|-damage|p2b: Archaludon|14/100\n|-ability|p2b: Archaludon|Stamina|boost\n|-boost|p2b: Archaludon|def|1\n|\n|-heal|p2b: Archaludon|20/100|[from] item: Leftovers\n|upkeep\n|\n|t:|1776054169\n|switch|p1a: Aggron|Aggron-Mega, L50, M, shiny|50/100\n|turn|10\n|inactive|dkapflzksh has 30 seconds left.\n|\n|t:|1776054198\n|move|p1b: Sinistcha|Protect|p1b: Sinistcha\n|-singleturn|p1b: Sinistcha|Protect\n|move|p2a: Sableye|Disable|p1b: Sinistcha\n|-activate|p1b: Sinistcha|move: Protect\n|move|p2b: Archaludon|Aura Sphere|p1a: Aggron\n|-supereffective|p1a: Aggron|1\n|-damage|p1a: Aggron|0 fnt\n|faint|p1a: Aggron\n|\n|-heal|p2b: Archaludon|27/100|[from] item: Leftovers\n|upkeep\n|turn|11\n|c|\u2606parstesting|gg\n|-message|parstesting forfeited.\n|\n|win|dkapflzksh\n|raw|parstesting's rating: 1159 &rarr; <strong>1137</strong><br />(-22 for losing)\n|raw|dkapflzksh's rating: 1197 &rarr; <strong>1219</strong><br />(+22 for winning)\n",
  "uploadtime": 1776054211,
  "views": 14,
  "formatid": "gen9championsvgc2026regma",
  "rating": 1137,
  "private": 0,
  "password": null
}