{
  "id": "gen9championsvgc2026regma-2581528794",
  "format": "[Gen 9 Champions] VGC 2026 Reg M-A",
  "players": [
    "Kojiiii",
    "Mr.diversity"
  ],
  "log": "|j|\u2606Kojiiii\n|j|\u2606Mr.diversity\n|t:|1776008468\n|gametype|doubles\n|player|p1|Kojiiii|266|1128\n|player|p2|Mr.diversity|skyla|1227\n|gen|9\n|tier|[Gen 9 Champions] VGC 2026 Reg M-A\n|rated|\n|rule|Species Clause: Limit one of each Pok\u00e9mon\n|rule|Item Clause: Limit 1 of each item\n|clearpoke\n|poke|p1|Pelipper, L50, M|\n|poke|p1|Basculegion, L50, M|\n|poke|p1|Sinistcha, L50|\n|poke|p1|Incineroar, L50, F|\n|poke|p1|Dragonite, L50, F|\n|poke|p1|Aggron, L50, F|\n|poke|p2|Froslass, L50, F|\n|poke|p2|Arcanine-Hisui, L50, M|\n|poke|p2|Whimsicott, L50, M|\n|poke|p2|Chimecho, L50, F|\n|poke|p2|Passimian, L50, M|\n|poke|p2|Zoroark-Hisui, L50, F|\n|teampreview|4\n|inactive|Battle timer is ON: inactive players will automatically lose when time's up. (requested by Mr.diversity)\n|inactive|Kojiiii has 60 seconds left.\n|\n|t:|1776008508\n|teamsize|p1|4\n|teamsize|p2|4\n|start\n|switch|p1a: Aggron|Aggron, L50, F, shiny|100/100\n|switch|p1b: Sinistcha|Sinistcha, L50|100/100\n|switch|p2a: Passimian|Passimian, L50, M|100/100\n|switch|p2b: Arcanine|Arcanine-Hisui, L50, M|100/100\n|-ability|p2b: Arcanine|Intimidate|boost\n|-unboost|p1a: Aggron|atk|1\n|-unboost|p1b: Sinistcha|atk|1\n|turn|1\n|inactive|Kojiiii has 30 seconds left.\n|\n|t:|1776008542\n|move|p1a: Aggron|Protect|p1a: Aggron\n|-singleturn|p1a: Aggron|Protect\n|move|p2b: Arcanine|Flare Blitz|p1a: Aggron\n|-activate|p1a: Aggron|move: Protect\n|move|p2a: Passimian|Close Combat|p1a: Aggron\n|-activate|p1a: Aggron|move: Protect\n|move|p1b: Sinistcha|Trick Room|p1b: Sinistcha\n|-fieldstart|move: Trick Room|[of] p1b: Sinistcha\n|\n|upkeep\n|turn|2\n|\n|t:|1776008565\n|switch|p1b: Pelipper|Pelipper, L50, M, shiny|100/100\n|-weather|RainDance|[from] ability: Drizzle|[of] p1b: Pelipper\n|switch|p2b: Chimecho|Chimecho, L50, F|100/100\n|detailschange|p1a: Aggron|Aggron-Mega, L50, F, shiny\n|-mega|p1a: Aggron|Aggron|Aggronite\n|move|p1a: Aggron|Iron Defense|p1a: Aggron\n|-boost|p1a: Aggron|def|2\n|move|p2a: Passimian|Knock Off|p1b: Pelipper\n|-damage|p1b: Pelipper|59/100\n|-enditem|p1b: Pelipper|Focus Sash|[from] move: Knock Off|[of] p2a: Passimian\n|\n|-weather|RainDance|[upkeep]\n|upkeep\n|turn|3\n|inactive|Kojiiii has 30 seconds left.\n|\n|t:|1776008593\n|switch|p2a: Arcanine|Arcanine-Hisui, L50, M|100/100\n|-ability|p2a: Arcanine|Intimidate|boost\n|-unboost|p1a: Aggron|atk|1\n|-unboost|p1b: Pelipper|atk|1\n|move|p1b: Pelipper|Protect|p1b: Pelipper\n|-singleturn|p1b: Pelipper|Protect\n|move|p1a: Aggron|Body Press|p2a: Arcanine\n|-supereffective|p2a: Arcanine|1\n|-damage|p2a: Arcanine|0 fnt\n|faint|p2a: Arcanine\n|move|p2b: Chimecho|Trick Room|p2b: Chimecho\n|-fieldend|move: Trick Room\n|\n|-weather|RainDance|[upkeep]\n|upkeep\n|\n|t:|1776008602\n|switch|p2a: Passimian|Passimian, L50, M|100/100\n|turn|4\n|inactive|Kojiiii has 30 seconds left.\n|\n|t:|1776008629\n|switch|p1b: Sinistcha|Sinistcha, L50|100/100\n|move|p2b: Chimecho|Ally Switch|p2b: Chimecho\n|swap|p2b: Chimecho|0|[from] move: Ally Switch\n|move|p2b: Passimian|Close Combat|p1a: Aggron\n|-supereffective|p1a: Aggron|1\n|-damage|p1a: Aggron|73/100\n|-unboost|p2b: Passimian|def|1\n|-unboost|p2b: Passimian|spd|1\n|move|p1a: Aggron|Iron Defense|p1a: Aggron\n|-boost|p1a: Aggron|def|2\n|\n|-weather|RainDance|[upkeep]\n|upkeep\n|turn|5\n|\n|t:|1776008653\n|switch|p2b: Froslass|Froslass, L50, F|100/100\n|move|p1a: Aggron|Heavy Slam|p2a: Chimecho\n|-damage|p2a: Chimecho|64/100\n|move|p1b: Sinistcha|Trick Room|p1b: Sinistcha\n|-fieldstart|move: Trick Room|[of] p1b: Sinistcha\n|move|p2a: Chimecho|Trick Room|p2a: Chimecho\n|-fieldend|move: Trick Room\n|\n|-weather|RainDance|[upkeep]\n|upkeep\n|turn|6\n|\n|t:|1776008666\n|switch|p1b: Incineroar|Incineroar, L50, F, shiny|100/100\n|-ability|p1b: Incineroar|Intimidate|boost\n|-unboost|p2a: Chimecho|atk|1\n|-unboost|p2b: Froslass|atk|1\n|detailschange|p2b: Froslass|Froslass-Mega, L50, F\n|-mega|p2b: Froslass|Froslass|Froslassite\n|-weather|Snowscape|[from] ability: Snow Warning|[of] p2b: Froslass\n|move|p2b: Froslass|Shadow Ball|p1a: Aggron\n|-damage|p1a: Aggron|35/100\n|move|p2a: Chimecho|Psychic Noise|p1a: Aggron\n|-resisted|p1a: Aggron|1\n|-damage|p1a: Aggron|24/100\n|-start|p1a: Aggron|move: Heal Block\n|move|p1a: Aggron|Heavy Slam|p2b: Froslass\n|-supereffective|p2b: Froslass|1\n|-damage|p2b: Froslass|33/100\n|\n|-weather|Snowscape|[upkeep]\n|upkeep\n|turn|7\n|inactive|Kojiiii has 30 seconds left.\n|\n|t:|1776008696\n|move|p1a: Aggron|Protect|p1a: Aggron\n|-singleturn|p1a: Aggron|Protect\n|move|p2b: Froslass|Shadow Ball|p1a: Aggron\n|-activate|p1a: Aggron|move: Protect\n|move|p1b: Incineroar|Parting Shot|p2a: Chimecho\n|-unboost|p2a: Chimecho|atk|1\n|-unboost|p2a: Chimecho|spa|1\n|\n|t:|1776008710\n|switch|p1b: Pelipper|Pelipper, L50, M, shiny|59/100|[from] Parting Shot\n|-weather|RainDance|[from] ability: Drizzle|[of] p1b: Pelipper\n|move|p2a: Chimecho|Thunder Wave|p1b: Pelipper\n|-status|p1b: Pelipper|par\n|\n|-weather|RainDance|[upkeep]\n|-end|p1a: Aggron|move: Heal Block\n|upkeep\n|turn|8\n|\n|t:|1776008724\n|switch|p1b: Sinistcha|Sinistcha, L50|100/100\n|-heal|p1a: Aggron|49/100|[from] ability: Hospitality|[of] p1b: Sinistcha\n|move|p2a: Chimecho|Ally Switch|p2a: Chimecho\n|swap|p2a: Chimecho|1|[from] move: Ally Switch\n|move|p2a: Froslass|Blizzard|p1a: Aggron|[spread] p1a\n|-miss|p2a: Froslass|p1b: Sinistcha\n|-resisted|p1a: Aggron|1\n|-damage|p1a: Aggron|29/100\n|move|p1a: Aggron|Heavy Slam|p2b: Chimecho\n|-damage|p2b: Chimecho|31/100\n|-enditem|p2b: Chimecho|Sitrus Berry|[eat]\n|-heal|p2b: Chimecho|56/100|[from] item: Sitrus Berry\n|\n|-weather|RainDance|[upkeep]\n|upkeep\n|turn|9\n|\n|t:|1776008746\n|move|p1a: Aggron|Protect|p1a: Aggron\n|-singleturn|p1a: Aggron|Protect\n|move|p2a: Froslass|Blizzard|p1b: Sinistcha|[spread] p1b\n|-activate|p1a: Aggron|move: Protect\n|-supereffective|p1b: Sinistcha|1\n|-damage|p1b: Sinistcha|19/100\n|move|p1b: Sinistcha|Life Dew|p1b: Sinistcha|[spread] p1a,p1b\n|-heal|p1a: Aggron|54/100\n|-heal|p1b: Sinistcha|44/100\n|move|p2b: Chimecho|Psychic Noise|p1a: Aggron\n|-activate|p1a: Aggron|move: Protect\n|\n|-weather|RainDance|[upkeep]\n|upkeep\n|turn|10\n|\n|t:|1776008764\n|switch|p1b: Incineroar|Incineroar, L50, F, shiny|100/100\n|-ability|p1b: Incineroar|Intimidate|boost\n|-unboost|p2a: Froslass|atk|1\n|-unboost|p2b: Chimecho|atk|1\n|move|p2a: Froslass|Blizzard|p1a: Aggron|[spread] p1b\n|-miss|p2a: Froslass|p1a: Aggron\n|-resisted|p1b: Incineroar|1\n|-damage|p1b: Incineroar|86/100\n|move|p2b: Chimecho|Psychic Noise|p1a: Aggron\n|-resisted|p1a: Aggron|1\n|-damage|p1a: Aggron|46/100\n|-start|p1a: Aggron|move: Heal Block\n|move|p1a: Aggron|Heavy Slam|p2a: Froslass\n|-supereffective|p2a: Froslass|1\n|-damage|p2a: Froslass|0 fnt\n|faint|p2a: Froslass\n|\n|-weather|RainDance|[upkeep]\n|upkeep\n|\n|t:|1776008766\n|switch|p2a: Passimian|Passimian, L50, M|100/100\n|turn|11\n|inactive|Kojiiii has 30 seconds left.\n|\n|t:|1776008793\n|switch|p1b: Sinistcha|Sinistcha, L50|44/100\n|move|p2a: Passimian|Knock Off|p1b: Sinistcha\n|-supereffective|p1b: Sinistcha|1\n|-damage|p1b: Sinistcha|0 fnt\n|-enditem|p1b: Sinistcha|Kasib Berry|[from] move: Knock Off|[of] p2a: Passimian\n|faint|p1b: Sinistcha\n|move|p2b: Chimecho|Psychic Noise|p1a: Aggron\n|-resisted|p1a: Aggron|1\n|-damage|p1a: Aggron|39/100\n|move|p1a: Aggron|Body Press|p2a: Passimian\n|-damage|p2a: Passimian|0 fnt\n|faint|p2a: Passimian\n|\n|-weather|none\n|-end|p1a: Aggron|move: Heal Block\n|upkeep\n|-message|Mr.diversity forfeited.\n|\n|win|Kojiiii\n|raw|Kojiiii's rating: 1128 &rarr; <strong>1160</strong><br />(+32 for winning)\n|raw|Mr.diversity's rating: 1227 &rarr; <strong>1195</strong><br />(-32 for losing)\n|l|\u2606Mr.diversity\n|player|p2|\n",
  "uploadtime": 1776008812,
  "views": 20,
  "formatid": "gen9championsvgc2026regma",
  "rating": 1160,
  "private": 0,
  "password": null
}