{
  "id": "gen9championsvgc2026regma-2581346432",
  "format": "[Gen 9 Champions] VGC 2026 Reg M-A",
  "players": [
    "sake26",
    "angeallen455"
  ],
  "log": "|j|\u2606sake26\n|j|\u2606angeallen455\n|t:|1775989753\n|gametype|doubles\n|player|p1|sake26|102|\n|player|p2|angeallen455|colress|\n|gen|9\n|tier|[Gen 9 Champions] VGC 2026 Reg M-A\n|rule|Species Clause: Limit one of each Pok\u00e9mon\n|rule|Item Clause: Limit 1 of each item\n|clearpoke\n|poke|p1|Floette-Eternal, L50, F|\n|poke|p1|Gyarados, L50, F|\n|poke|p1|Sneasler, L50, F|\n|poke|p1|Tyranitar, L50, M|\n|poke|p1|Aegislash, L50, M|\n|poke|p1|Incineroar, L50, F|\n|poke|p2|Delphox, L50, F|\n|poke|p2|Basculegion, L50, M|\n|poke|p2|Clefable, L50, F|\n|poke|p2|Kingambit, L50, M|\n|poke|p2|Dragonite, L50, F|\n|poke|p2|Sneasler, L50, F|\n|teampreview|4\n|\n|t:|1775989786\n|teamsize|p1|4\n|teamsize|p2|4\n|start\n|switch|p1a: Aegislash|Aegislash, L50, M|100/100\n|switch|p1b: Sneasler|Sneasler, L50, F|100/100\n|switch|p2a: Kingambit|Kingambit, L50, M|100/100\n|switch|p2b: Sneasler|Sneasler, L50, F|100/100\n|turn|1\n|\n|t:|1775989827\n|move|p1b: Sneasler|Fake Out|p2a: Kingambit\n|-resisted|p2a: Kingambit|1\n|-damage|p2a: Kingambit|95/100\n|move|p2b: Sneasler|Fake Out|p1b: Sneasler\n|-damage|p1b: Sneasler|76/100\n|move|p1a: Aegislash|Substitute|p1a: Aegislash\n|-start|p1a: Aegislash|Substitute\n|-damage|p1a: Aegislash|76/100\n|cant|p2a: Kingambit|flinch\n|\n|-heal|p1a: Aegislash|82/100|[from] item: Leftovers\n|upkeep\n|turn|2\n|\n|t:|1775989894\n|switch|p2a: Basculegion|Basculegion, L50, M|100/100\n|move|p1b: Sneasler|Protect|p1b: Sneasler\n|-singleturn|p1b: Sneasler|Protect\n|move|p2b: Sneasler|Dire Claw|p1b: Sneasler\n|-activate|p1b: Sneasler|move: Protect\n|-formechange|p1a: Aegislash|Aegislash-Blade|\n|move|p1a: Aegislash|Shadow Ball|p2b: Sneasler\n|-damage|p2b: Sneasler|39/100\n|\n|-heal|p1a: Aegislash|88/100|[from] item: Leftovers\n|upkeep\n|turn|3\n|\n|t:|1775989932\n|switch|p1b: Gyarados|Gyarados, L50, F|100/100\n|-ability|p1b: Gyarados|Intimidate|boost\n|-unboost|p2a: Basculegion|atk|1\n|-unboost|p2b: Sneasler|atk|1\n|switch|p2b: Kingambit|Kingambit, L50, M|95/100\n|-formechange|p1a: Aegislash|Aegislash|\n|move|p1a: Aegislash|King's Shield|p1a: Aegislash\n|-singleturn|p1a: Aegislash|Protect\n|move|p2a: Basculegion|Flip Turn|p1b: Gyarados\n|-resisted|p1b: Gyarados|1\n|-damage|p1b: Gyarados|84/100\n|\n|t:|1775989961\n|switch|p2a: Delphox|Delphox, L50, F|100/100|[from] Flip Turn\n|\n|-heal|p1a: Aegislash|94/100|[from] item: Leftovers\n|upkeep\n|turn|4\n|\n|t:|1775989995\n|detailschange|p2a: Delphox|Delphox-Mega, L50, F\n|-mega|p2a: Delphox|Delphox|Delphoxite\n|move|p2b: Kingambit|Sucker Punch|p1b: Gyarados\n|-crit|p1b: Gyarados\n|-damage|p1b: Gyarados|0 fnt\n|faint|p1b: Gyarados\n|move|p2a: Delphox|Psychic|p1a: Aegislash\n|-resisted|p1a: Aegislash|1\n|-activate|p1a: Aegislash|move: Substitute|[damage]\n|-formechange|p1a: Aegislash|Aegislash-Blade|\n|move|p1a: Aegislash|Shadow Ball|p2b: Kingambit\n|-resisted|p2b: Kingambit|1\n|-damage|p2b: Kingambit|71/100\n|-unboost|p2b: Kingambit|spd|1\n|-ability|p2b: Kingambit|Defiant|boost\n|-boost|p2b: Kingambit|atk|2\n|\n|-heal|p1a: Aegislash|99/100|[from] item: Leftovers\n|upkeep\n|\n|t:|1775990040\n|switch|p1b: Tyranitar|Tyranitar, L50, M|100/100\n|-weather|Sandstorm|[from] ability: Sand Stream|[of] p1b: Tyranitar\n|turn|5\n|\n|t:|1775990085\n|switch|p2b: Basculegion|Basculegion, L50, M|100/100\n|move|p2a: Delphox|Protect|p2a: Delphox\n|-singleturn|p2a: Delphox|Protect\n|move|p1b: Tyranitar|Low Kick|p2b: Basculegion\n|-immune|p2b: Basculegion\n|move|p1a: Aegislash|Shadow Ball|p2a: Delphox\n|-activate|p2a: Delphox|move: Protect\n|\n|-weather|Sandstorm|[upkeep]\n|-damage|p2a: Delphox|94/100|[from] Sandstorm\n|-damage|p2b: Basculegion|94/100|[from] Sandstorm\n|-heal|p1a: Aegislash|100/100|[from] item: Leftovers\n|upkeep\n|turn|6\n|\n|t:|1775990120\n|switch|p2a: Kingambit|Kingambit, L50, M|71/100\n|move|p1b: Tyranitar|Protect|p1b: Tyranitar\n|-singleturn|p1b: Tyranitar|Protect\n|move|p2b: Basculegion|Wave Crash|p1b: Tyranitar\n|-activate|p1b: Tyranitar|move: Protect\n|move|p1a: Aegislash|Shadow Ball|p2a: Kingambit\n|-resisted|p2a: Kingambit|1\n|-damage|p2a: Kingambit|47/100\n|-unboost|p2a: Kingambit|spd|1\n|-ability|p2a: Kingambit|Defiant|boost\n|-boost|p2a: Kingambit|atk|2\n|\n|-weather|Sandstorm|[upkeep]\n|-damage|p2b: Basculegion|88/100|[from] Sandstorm\n|upkeep\n|turn|7\n|\n|t:|1775990178\n|move|p2a: Kingambit|Protect|p2a: Kingambit\n|-singleturn|p2a: Kingambit|Protect\n|move|p2b: Basculegion|Wave Crash|p1b: Tyranitar\n|-supereffective|p1b: Tyranitar|1\n|-damage|p1b: Tyranitar|0 fnt\n|faint|p1b: Tyranitar\n|-damage|p2b: Basculegion|59/100|[from] Recoil\n|move|p1a: Aegislash|Shadow Ball|p2b: Basculegion\n|-supereffective|p2b: Basculegion|1\n|-damage|p2b: Basculegion|0 fnt\n|faint|p2b: Basculegion\n|\n|-weather|Sandstorm|[upkeep]\n|upkeep\n|\n|t:|1775990193\n|switch|p2b: Delphox|Delphox-Mega, L50, F|94/100\n|switch|p1b: Sneasler|Sneasler, L50, F|76/100\n|turn|8\n|\n|t:|1775990210\n|switch|p2a: Sneasler|Sneasler, L50, F|39/100\n|move|p2b: Delphox|Protect|p2b: Delphox\n|-singleturn|p2b: Delphox|Protect\n|move|p1b: Sneasler|Close Combat|p2a: Sneasler\n|-resisted|p2a: Sneasler|1\n|-damage|p2a: Sneasler|0 fnt\n|-unboost|p1b: Sneasler|def|1\n|-unboost|p1b: Sneasler|spd|1\n|faint|p2a: Sneasler\n|move|p1a: Aegislash|Shadow Ball|p2b: Delphox\n|-activate|p2b: Delphox|move: Protect\n|\n|-weather|Sandstorm|[upkeep]\n|-damage|p2b: Delphox|88/100|[from] Sandstorm\n|-damage|p1b: Sneasler|70/100|[from] Sandstorm\n|upkeep\n|\n|t:|1775990213\n|switch|p2a: Kingambit|Kingambit, L50, M|47/100\n|turn|9\n|\n|t:|1775990246\n|-formechange|p1a: Aegislash|Aegislash|\n|move|p1a: Aegislash|King's Shield|p1a: Aegislash\n|-singleturn|p1a: Aegislash|Protect\n|move|p2a: Kingambit|Sucker Punch||[still]\n|-fail|p2a: Kingambit\n|move|p2b: Delphox|Heat Wave|p1b: Sneasler|[spread] \n|-activate|p1a: Aegislash|move: Protect\n|-miss|p2b: Delphox|p1b: Sneasler\n|move|p1b: Sneasler|Close Combat|p2a: Kingambit\n|-supereffective|p2a: Kingambit|2\n|-damage|p2a: Kingambit|0 fnt\n|-unboost|p1b: Sneasler|def|1\n|-unboost|p1b: Sneasler|spd|1\n|faint|p2a: Kingambit\n|\n|-weather|none\n|upkeep\n|turn|10\n|\n|t:|1775990311\n|move|p2b: Delphox|Heat Wave|p1b: Sneasler|[spread] p1a,p1b\n|-supereffective|p1a: Aegislash|1\n|-end|p1a: Aegislash|Substitute\n|-damage|p1b: Sneasler|0 fnt\n|faint|p1b: Sneasler\n|-formechange|p1a: Aegislash|Aegislash-Blade|\n|move|p1a: Aegislash|Shadow Ball|p2b: Delphox\n|-supereffective|p2b: Delphox|1\n|-damage|p2b: Delphox|0 fnt\n|faint|p2b: Delphox\n|\n|win|sake26\n|l|\u2606sake26\n|player|p1|\n",
  "uploadtime": 1775990327,
  "views": 19,
  "formatid": "gen9championsvgc2026regma",
  "rating": null,
  "private": 0,
  "password": null
}