{
  "id": "gen9championsvgc2026regma-2584997114",
  "format": "[Gen 9 Champions] VGC 2026 Reg M-A",
  "players": [
    "a slippin jimmy",
    "br41nit"
  ],
  "log": "|j|\u2606a slippin jimmy\n|j|\u2606br41nit\n|t:|1776301811\n|gametype|doubles\n|player|p1|a slippin jimmy|miku-ghost|1424\n|player|p2|br41nit|1|1378\n|gen|9\n|tier|[Gen 9 Champions] VGC 2026 Reg M-A\n|rated|\n|rule|Species Clause: Limit one of each Pok\u00e9mon\n|rule|Item Clause: Limit 1 of each item\n|clearpoke\n|poke|p1|Palafin, L50, M|\n|poke|p1|Incineroar, L50, F|\n|poke|p1|Pelipper, L50, F|\n|poke|p1|Kingambit, L50, F|\n|poke|p1|Meganium, L50, F|\n|poke|p1|Aerodactyl, L50, M|\n|poke|p2|Milotic, L50, F|\n|poke|p2|Tyranitar, L50, F|\n|poke|p2|Scizor, L50, M|\n|poke|p2|Garchomp, L50, M|\n|poke|p2|Sableye, L50, M|\n|poke|p2|Meganium, L50, M|\n|teampreview|4\n|\n|t:|1776301844\n|teamsize|p1|4\n|teamsize|p2|4\n|start\n|switch|p1a: Palafin|Palafin, L50, M, shiny|100/100\n|switch|p1b: Meganium|Meganium, L50, F|100/100\n|switch|p2a: Garchomp|Garchomp, L50, M|100/100\n|switch|p2b: Milotic|Milotic, L50, F|100/100\n|turn|1\n|\n|t:|1776301863\n|detailschange|p1a: Palafin|Palafin-Hero, L50, M, shiny\n|switch|p1a: Pelipper|Pelipper, L50, F|100/100\n|-weather|RainDance|[from] ability: Drizzle|[of] p1a: Pelipper\n|detailschange|p1b: Meganium|Meganium-Mega, L50, F\n|-mega|p1b: Meganium|Meganium|Meganiumite\n|move|p2a: Garchomp|Poison Jab|p1b: Meganium\n|-supereffective|p1b: Meganium|2\n|-damage|p1b: Meganium|0 fnt\n|faint|p1b: Meganium\n|move|p2b: Milotic|Icy Wind|p1a: Pelipper\n|-damage|p1a: Pelipper|83/100\n|-unboost|p1a: Pelipper|spe|1\n|\n|-weather|RainDance|[upkeep]\n|upkeep\n|\n|t:|1776301882\n|switch|p1b: Palafin|Palafin-Hero, L50, M, shiny|100/100\n|-activate|p1b: Palafin|ability: Zero to Hero\n|turn|2\n|inactive|Battle timer is ON: inactive players will automatically lose when time's up. (requested by br41nit)\n|\n|t:|1776301896\n|move|p2a: Garchomp|Poison Jab|p1a: Pelipper\n|-damage|p1a: Pelipper|49/100\n|-enditem|p1a: Pelipper|Sitrus Berry|[eat]\n|-heal|p1a: Pelipper|74/100|[from] item: Sitrus Berry\n|move|p1b: Palafin|Wave Crash|p2b: Milotic\n|-resisted|p2b: Milotic|1\n|-damage|p2b: Milotic|34/100\n|-damage|p1b: Palafin|78/100|[from] Recoil\n|move|p2b: Milotic|Icy Wind|p1a: Pelipper|[spread] p1b\n|-miss|p2b: Milotic|p1a: Pelipper\n|-resisted|p1b: Palafin|1\n|-damage|p1b: Palafin|73/100\n|-unboost|p1b: Palafin|spe|1\n|move|p1a: Pelipper|Weather Ball|p2b: Milotic\n|-resisted|p2b: Milotic|1\n|-damage|p2b: Milotic|15/100\n|\n|-weather|RainDance|[upkeep]\n|-heal|p2b: Milotic|21/100|[from] item: Leftovers\n|upkeep\n|turn|3\n|inactive|a slippin jimmy has 30 seconds left.\n|\n|t:|1776301922\n|move|p1b: Palafin|Jet Punch|p2b: Milotic\n|-resisted|p2b: Milotic|1\n|-damage|p2b: Milotic|0 fnt\n|faint|p2b: Milotic\n|move|p2a: Garchomp|Poison Jab|p1a: Pelipper\n|-damage|p1a: Pelipper|41/100\n|move|p1a: Pelipper|Tailwind|p1a: Pelipper\n|-sidestart|p1: a slippin jimmy|move: Tailwind\n|\n|-weather|RainDance|[upkeep]\n|upkeep\n|\n|t:|1776301933\n|switch|p2b: Scizor|Scizor, L50, M|100/100\n|turn|4\n|\n|t:|1776301953\n|move|p2a: Garchomp|Poison Jab|p1a: Pelipper\n|-damage|p1a: Pelipper|7/100\n|-status|p1a: Pelipper|psn\n|move|p1b: Palafin|Wave Crash|p2a: Garchomp\n|-damage|p2a: Garchomp|0 fnt\n|faint|p2a: Garchomp\n|-damage|p1b: Palafin|42/100|[from] Recoil\n|move|p1a: Pelipper|Weather Ball|p2b: Scizor\n|-damage|p2b: Scizor|44/100\n|move|p2b: Scizor|Swords Dance|p2b: Scizor\n|-boost|p2b: Scizor|atk|2\n|\n|-weather|RainDance|[upkeep]\n|-damage|p1a: Pelipper|0 fnt|[from] psn\n|faint|p1a: Pelipper\n|upkeep\n|\n|t:|1776301971\n|switch|p2a: Meganium|Meganium, L50, M|100/100\n|switch|p1a: Incineroar|Incineroar, L50, F|100/100\n|-ability|p1a: Incineroar|Intimidate|boost\n|-unboost|p2a: Meganium|atk|1\n|-unboost|p2b: Scizor|atk|1\n|turn|5\n|\n|t:|1776301995\n|move|p2b: Scizor|Protect|p2b: Scizor\n|-singleturn|p2b: Scizor|Protect\n|move|p1a: Incineroar|Fake Out|p2a: Meganium\n|-damage|p2a: Meganium|90/100\n|move|p1b: Palafin|Jet Punch|p2b: Scizor\n|-activate|p2b: Scizor|move: Protect\n|cant|p2a: Meganium|flinch\n|\n|-weather|none\n|upkeep\n|turn|6\n|inactive|br41nit has 30 seconds left.\n|\n|t:|1776302022\n|detailschange|p2a: Meganium|Meganium-Mega, L50, M\n|-mega|p2a: Meganium|Meganium|Meganiumite\n|move|p1b: Palafin|Jet Punch|p2b: Scizor\n|-damage|p2b: Scizor|0 fnt\n|faint|p2b: Scizor\n|move|p1a: Incineroar|Flare Blitz|p2a: Meganium\n|-supereffective|p2a: Meganium|1\n|-damage|p2a: Meganium|10/100\n|-damage|p1a: Incineroar|78/100|[from] Recoil\n|move|p2a: Meganium|Dazzling Gleam|p1b: Palafin|[spread] p1a,p1b\n|-damage|p1a: Incineroar|55/100\n|-damage|p1b: Palafin|9/100\n|\n|-sideend|p1: a slippin jimmy|move: Tailwind\n|upkeep\n|turn|7\n|\n|t:|1776302036\n|move|p1b: Palafin|Jet Punch|p2a: Meganium\n|-resisted|p2a: Meganium|1\n|-damage|p2a: Meganium|0 fnt\n|faint|p2a: Meganium\n|\n|win|a slippin jimmy\n|raw|a slippin jimmy's rating: 1424 &rarr; <strong>1441</strong><br />(+17 for winning)\n|raw|br41nit's rating: 1378 &rarr; <strong>1361</strong><br />(-17 for losing)\n|l|\u2606br41nit\n|player|p2|\n",
  "uploadtime": 1776302040,
  "views": 37,
  "formatid": "gen9championsvgc2026regma",
  "rating": 1361,
  "private": 0,
  "password": null
}