{
  "id": "gen9championsvgc2026regma-2586793393",
  "format": "[Gen 9 Champions] VGC 2026 Reg M-A",
  "players": [
    "boolberryjam",
    "Realphoenixking"
  ],
  "log": "|j|\u2606boolberryjam\n|j|\u2606Realphoenixking\n|t:|1776460366\n|gametype|doubles\n|player|p1|boolberryjam|rocketgrunt|1320\n|player|p2|Realphoenixking|ghetsis-gen5bw|1288\n|gen|9\n|tier|[Gen 9 Champions] VGC 2026 Reg M-A\n|rated|\n|rule|Species Clause: Limit one of each Pok\u00e9mon\n|rule|Item Clause: Limit 1 of each item\n|clearpoke\n|poke|p1|Garchomp, L50, F|\n|poke|p1|Incineroar, L50, F|\n|poke|p1|Rotom-Wash, L50|\n|poke|p1|Aerodactyl, L50, F|\n|poke|p1|Sylveon, L50, F|\n|poke|p1|Gengar, L50, M|\n|poke|p2|Drampa, L50, M|\n|poke|p2|Sneasler, L50, F|\n|poke|p2|Sinistcha, L50|\n|poke|p2|Kingambit, L50, M|\n|poke|p2|Floette-Eternal, L50, F|\n|poke|p2|Incineroar, L50, M|\n|teampreview|4\n|inactive|Battle timer is ON: inactive players will automatically lose when time's up. (requested by boolberryjam)\n|\n|t:|1776460392\n|teamsize|p1|4\n|teamsize|p2|4\n|start\n|switch|p1a: Gengar|Gengar, L50, M|100/100\n|switch|p1b: Rotom|Rotom-Wash, L50|100/100\n|switch|p2a: Kingambit|Kingambit, L50, M|100/100\n|switch|p2b: Floette|Floette-Eternal, L50, F|100/100\n|turn|1\n|inactive|boolberryjam has 30 seconds left.\n|inactive|boolberryjam has 20 seconds left.\n|inactive|boolberryjam has 15 seconds left.\n|inactive|boolberryjam has 10 seconds left.\n|\n|t:|1776460439\n|switch|p1a: Sylveon|Sylveon, L50, F|100/100\n|detailschange|p2b: Floette|Floette-Mega, L50, F\n|-mega|p2b: Floette|Floette|Floettite\n|-ability|p2b: Floette|Fairy Aura\n|move|p2a: Kingambit|Sucker Punch||[still]\n|-fail|p2a: Kingambit\n|move|p1b: Rotom|Thunderbolt|p2a: Kingambit\n|-damage|p2a: Kingambit|58/100\n|move|p2b: Floette|Calm Mind|p2b: Floette\n|-boost|p2b: Floette|spa|1\n|-boost|p2b: Floette|spd|1\n|\n|upkeep\n|turn|2\n|\n|t:|1776460462\n|move|p1b: Rotom|Thunderbolt|p2a: Kingambit\n|-damage|p2a: Kingambit|12/100\n|move|p2b: Floette|Calm Mind|p2b: Floette\n|-boost|p2b: Floette|spa|1\n|-boost|p2b: Floette|spd|1\n|move|p1a: Sylveon|Hyper Beam|p2b: Floette\n|-damage|p2b: Floette|51/100\n|-mustrecharge|p1a: Sylveon\n|move|p2a: Kingambit|Iron Head|p1a: Sylveon\n|-supereffective|p1a: Sylveon|1\n|-damage|p1a: Sylveon|0 fnt\n|faint|p1a: Sylveon\n|\n|upkeep\n|\n|t:|1776460475\n|switch|p1a: Gengar|Gengar, L50, M|100/100\n|turn|3\n|inactive|boolberryjam has 30 seconds left.\n|\n|t:|1776460506\n|move|p1a: Gengar|Protect|p1a: Gengar\n|-singleturn|p1a: Gengar|Protect\n|move|p2a: Kingambit|Protect|p2a: Kingambit\n|-singleturn|p2a: Kingambit|Protect\n|move|p1b: Rotom|Thunderbolt|p2a: Kingambit\n|-activate|p2a: Kingambit|move: Protect\n|move|p2b: Floette|Draining Kiss|p1b: Rotom\n|-damage|p1b: Rotom|22/100\n|-heal|p2b: Floette|100/100|[from] drain|[of] p1b: Rotom\n|\n|upkeep\n|turn|4\n|\n|t:|1776460535\n|switch|p2a: Sinistcha|Sinistcha, L50|100/100\n|detailschange|p1a: Gengar|Gengar-Mega, L50, M\n|-mega|p1a: Gengar|Gengar|Gengarite\n|move|p1a: Gengar|Perish Song|p1a: Gengar\n|-start|p1a: Gengar|perish3|[silent]\n|-start|p1b: Rotom|perish3|[silent]\n|-start|p2a: Sinistcha|perish3|[silent]\n|-start|p2b: Floette|perish3|[silent]\n|-fieldactivate|move: Perish Song\n|move|p1b: Rotom|Thunderbolt|p2a: Sinistcha\n|-resisted|p2a: Sinistcha|1\n|-damage|p2a: Sinistcha|81/100\n|move|p2b: Floette|Dazzling Gleam|p1b: Rotom|[spread] p1a,p1b\n|-resisted|p1a: Gengar|1\n|-damage|p1a: Gengar|36/100\n|-damage|p1b: Rotom|0 fnt\n|faint|p1b: Rotom\n|\n|-start|p1a: Gengar|perish3\n|-start|p2b: Floette|perish3\n|-start|p2a: Sinistcha|perish3\n|upkeep\n|\n|t:|1776460537\n|switch|p1b: Garchomp|Garchomp, L50, F|100/100\n|turn|5\n|-message|boolberryjam forfeited.\n|\n|win|Realphoenixking\n|raw|boolberryjam's rating: 1320 &rarr; <strong>1298</strong><br />(-22 for losing)\n|raw|Realphoenixking's rating: 1288 &rarr; <strong>1315</strong><br />(+27 for winning)\n|l|\u2606boolberryjam\n|player|p1|\n",
  "uploadtime": 1776460554,
  "views": 38,
  "formatid": "gen9championsvgc2026regma",
  "rating": 1298,
  "private": 0,
  "password": null
}