{
  "id": "gen9championsvgc2026regma-2585043395",
  "format": "[Gen 9 Champions] VGC 2026 Reg M-A",
  "players": [
    "Elibien",
    "jontar gurning"
  ],
  "log": "|j|\u2606Elibien\n|j|\u2606jontar gurning\n|t:|1776306142\n|gametype|doubles\n|player|p1|Elibien|101|1155\n|player|p2|jontar gurning|swimmerf-gen4dp|1188\n|gen|9\n|tier|[Gen 9 Champions] VGC 2026 Reg M-A\n|rated|\n|rule|Species Clause: Limit one of each Pok\u00e9mon\n|rule|Item Clause: Limit 1 of each item\n|clearpoke\n|poke|p1|Azumarill, L50, F|\n|poke|p1|Sinistcha, L50|\n|poke|p1|Incineroar, L50, M|\n|poke|p1|Garchomp, L50, F|\n|poke|p1|Floette-Eternal, L50, F|\n|poke|p1|Rotom-Wash, L50|\n|poke|p2|Gengar, L50, M|\n|poke|p2|Archaludon, L50, M|\n|poke|p2|Incineroar, L50, M|\n|poke|p2|Gardevoir, L50, F|\n|poke|p2|Whimsicott, L50, F|\n|poke|p2|Politoed, L50, M|\n|teampreview|4\n|inactive|Battle timer is ON: inactive players will automatically lose when time's up. (requested by jontar gurning)\n|\n|t:|1776306171\n|teamsize|p1|4\n|teamsize|p2|4\n|start\n|switch|p1a: Tanquesito|Azumarill, L50, F, shiny|100/100\n|switch|p1b: Toru|Sinistcha, L50|100/100\n|switch|p2a: Incineroar|Incineroar, L50, M|100/100\n|switch|p2b: Gardevoir|Gardevoir, L50, F|100/100\n|-ability|p2a: Incineroar|Intimidate|boost\n|-unboost|p1a: Tanquesito|atk|1\n|-unboost|p1b: Toru|atk|1\n|turn|1\n|\n|t:|1776306191\n|detailschange|p2b: Gardevoir|Gardevoir-Mega, L50, F\n|-mega|p2b: Gardevoir|Gardevoir|Gardevoirite\n|move|p1a: Tanquesito|Protect|p1a: Tanquesito\n|-singleturn|p1a: Tanquesito|Protect\n|move|p2a: Incineroar|Fake Out|p1a: Tanquesito\n|-activate|p1a: Tanquesito|move: Protect\n|move|p2b: Gardevoir|Calm Mind|p2b: Gardevoir\n|-boost|p2b: Gardevoir|spa|1\n|-boost|p2b: Gardevoir|spd|1\n|move|p1b: Toru|Matcha Gotcha|p2b: Gardevoir|[spread] p2a,p2b\n|-resisted|p2a: Incineroar|1\n|-damage|p2a: Incineroar|90/100\n|-damage|p2b: Gardevoir|87/100\n|\n|upkeep\n|turn|2\n|\n|t:|1776306214\n|move|p1b: Toru|Rage Powder|p1b: Toru\n|-singleturn|p1b: Toru|move: Rage Powder\n|move|p2b: Gardevoir|Calm Mind|p2b: Gardevoir\n|-boost|p2b: Gardevoir|spa|1\n|-boost|p2b: Gardevoir|spd|1\n|move|p2a: Incineroar|Parting Shot|p1b: Toru\n|-unboost|p1b: Toru|atk|1\n|-unboost|p1b: Toru|spa|1\n|\n|t:|1776306219\n|switch|p2a: Whimsicott|Whimsicott, L50, F|100/100|[from] Parting Shot\n|move|p1a: Tanquesito|Belly Drum|p1a: Tanquesito\n|-damage|p1a: Tanquesito|51/100\n|-setboost|p1a: Tanquesito|atk|6|[from] move: Belly Drum\n|\n|upkeep\n|turn|3\n|inactive|Elibien has 30 seconds left.\n|inactive|Elibien has 20 seconds left.\n|inactive|Elibien has 15 seconds left.\n|inactive|Elibien has 10 seconds left.\n|\n|t:|1776306268\n|move|p1a: Tanquesito|Protect|p1a: Tanquesito\n|-singleturn|p1a: Tanquesito|Protect\n|move|p2a: Whimsicott|Encore|p1a: Tanquesito\n|-activate|p1a: Tanquesito|move: Protect\n|move|p2b: Gardevoir|Hyper Voice|p1a: Tanquesito|[spread] p1b\n|-activate|p1a: Tanquesito|move: Protect\n|-damage|p1b: Toru|20/100\n|move|p1b: Toru|Trick Room|p1b: Toru\n|-fieldstart|move: Trick Room|[of] p1b: Toru\n|\n|-heal|p1b: Toru|26/100|[from] item: Leftovers\n|upkeep\n|turn|4\n|\n|t:|1776306289\n|move|p1a: Tanquesito|Aqua Jet|p2a: Whimsicott\n|-resisted|p2a: Whimsicott|1\n|-damage|p2a: Whimsicott|22/100\n|move|p2a: Whimsicott|Encore|p1a: Tanquesito\n|-start|p1a: Tanquesito|Encore\n|move|p1b: Toru|Matcha Gotcha|p2b: Gardevoir|[spread] p2a\n|-miss|p1b: Toru|p2b: Gardevoir\n|-resisted|p2a: Whimsicott|1\n|-damage|p2a: Whimsicott|7/100\n|-heal|p1b: Toru|31/100|[from] drain|[of] p2a: Whimsicott\n|move|p2b: Gardevoir|Hyper Voice|p1b: Toru|[spread] p1a,p1b\n|-damage|p1a: Tanquesito|0 fnt\n|-damage|p1b: Toru|0 fnt\n|faint|p1a: Tanquesito\n|faint|p1b: Toru\n|\n|upkeep\n|\n|t:|1776306307\n|switch|p1a: Peligro|Incineroar, L50, M, shiny|100/100\n|switch|p1b: Floette|Floette-Eternal, L50, F|100/100\n|-ability|p1a: Peligro|Intimidate|boost\n|-unboost|p2a: Whimsicott|atk|1\n|-unboost|p2b: Gardevoir|atk|1\n|turn|5\n|\n|t:|1776306317\n|detailschange|p1b: Floette|Floette-Mega, L50, F\n|-mega|p1b: Floette|Floette|Floettite\n|-ability|p1b: Floette|Fairy Aura\n|move|p2a: Whimsicott|Protect|p2a: Whimsicott\n|-singleturn|p2a: Whimsicott|Protect\n|move|p2b: Gardevoir|Protect|p2b: Gardevoir\n|-singleturn|p2b: Gardevoir|Protect\n|move|p1a: Peligro|Fake Out|p2b: Gardevoir\n|-activate|p2b: Gardevoir|move: Protect\n|move|p1b: Floette|Dazzling Gleam|p2a: Whimsicott|[spread] \n|-activate|p2a: Whimsicott|move: Protect\n|-activate|p2b: Gardevoir|move: Protect\n|\n|upkeep\n|turn|6\n|\n|t:|1776306338\n|move|p2a: Whimsicott|Encore|p1b: Floette\n|-start|p1b: Floette|Encore\n|move|p1a: Peligro|Darkest Lariat|p2b: Gardevoir\n|-damage|p2b: Gardevoir|45/100\n|move|p2b: Gardevoir|Hyper Voice|p1b: Floette|[spread] p1a,p1b\n|-damage|p1a: Peligro|0 fnt\n|-damage|p1b: Floette|0 fnt\n|faint|p1a: Peligro\n|faint|p1b: Floette\n|\n|win|jontar gurning\n|raw|Elibien's rating: 1155 &rarr; <strong>1132</strong><br />(-23 for losing)\n|raw|jontar gurning's rating: 1188 &rarr; <strong>1211</strong><br />(+23 for winning)\n|l|\u2606Elibien\n|player|p1|\n",
  "uploadtime": 1776306392,
  "views": 33,
  "formatid": "gen9championsvgc2026regma",
  "rating": 1132,
  "private": 0,
  "password": null
}