{
  "id": "gen9championsvgc2026regma-2582424161",
  "format": "[Gen 9 Champions] VGC 2026 Reg M-A",
  "players": [
    "biscotti5",
    "YokoCR"
  ],
  "log": "|j|\u2606biscotti5\n|j|\u2606YokoCR\n|t:|1776090781\n|gametype|doubles\n|player|p1|biscotti5|veteranf|1111\n|player|p2|YokoCR|101|1102\n|gen|9\n|tier|[Gen 9 Champions] VGC 2026 Reg M-A\n|rated|\n|rule|Species Clause: Limit one of each Pok\u00e9mon\n|rule|Item Clause: Limit 1 of each item\n|clearpoke\n|poke|p1|Politoed, L50, F|\n|poke|p1|Dragonite, L50, F|\n|poke|p1|Basculegion, L50, M|\n|poke|p1|Sneasler, L50, M|\n|poke|p1|Sinistcha, L50|\n|poke|p1|Goodra-Hisui, L50, M|\n|poke|p2|Charizard, L50, F|\n|poke|p2|Maushold-Four, L50|\n|poke|p2|Sneasler, L50, F|\n|poke|p2|Garchomp, L50, M|\n|poke|p2|Kingambit, L50, M|\n|poke|p2|Dragapult, L50, F|\n|teampreview|4\n|inactive|Battle timer is ON: inactive players will automatically lose when time's up. (requested by biscotti5)\nbiscotti5 has agreed to open team sheets.\n|c|\u2606biscotti5|glhf\n|inactive|biscotti5 has 60 seconds left.\n|\n|t:|1776090827\n|teamsize|p1|4\n|teamsize|p2|4\n|start\n|switch|p1a: Billie|Sneasler, L50, M|100/100\n|switch|p1b: Ella|Dragonite, L50, F, shiny|100/100\n|switch|p2a: Maushold|Maushold-Four, L50|100/100\n|switch|p2b: Sneasler|Sneasler, L50, F|100/100\n|turn|1\n|\n|t:|1776090843\n|move|p2a: Maushold|Protect|p2a: Maushold\n|-singleturn|p2a: Maushold|Protect\n|move|p2b: Sneasler|Fake Out|p1a: Billie\n|-damage|p1a: Billie|76/100\n|cant|p1a: Billie|flinch\n|move|p1b: Ella|Tailwind|p1b: Ella\n|-sidestart|p1: biscotti5|move: Tailwind\n|\n|upkeep\n|turn|2\n|\n|t:|1776090860\n|switch|p1a: Dizzy|Politoed, L50, F, shiny|100/100\n|-weather|RainDance|[from] ability: Drizzle|[of] p1a: Dizzy\n|switch|p2a: Charizard|Charizard, L50, F|100/100\n|detailschange|p1b: Ella|Dragonite-Mega, L50, F, shiny\n|-mega|p1b: Ella|Dragonite|Dragoninite\n|move|p1b: Ella|Hurricane|p2b: Sneasler\n|-supereffective|p2b: Sneasler|1\n|-damage|p2b: Sneasler|0 fnt\n|faint|p2b: Sneasler\n|\n|-weather|RainDance|[upkeep]\n|upkeep\n|\n|t:|1776090869\n|switch|p2b: Maushold|Maushold-Four, L50|100/100\n|turn|3\n|\n|t:|1776090876\n|move|p1b: Ella|Protect|p1b: Ella\n|-singleturn|p1b: Ella|Protect\n|move|p1a: Dizzy|Muddy Water|p2b: Maushold|[spread] p2a,p2b\n|-supereffective|p2a: Charizard|1\n|-damage|p2a: Charizard|51/100\n|-damage|p2b: Maushold|61/100\n|move|p2b: Maushold|Super Fang|p1b: Ella\n|-activate|p1b: Ella|move: Protect\n|move|p2a: Charizard|Heat Wave|p1b: Ella|[spread] p1a\n|-activate|p1b: Ella|move: Protect\n|-resisted|p1a: Dizzy|1\n|-damage|p1a: Dizzy|94/100\n|\n|-weather|RainDance|[upkeep]\n|-heal|p1a: Dizzy|100/100|[from] item: Leftovers\n|upkeep\n|turn|4\n|\n|t:|1776090892\n|detailschange|p2a: Charizard|Charizard-Mega-Y, L50, F\n|-mega|p2a: Charizard|Charizard|Charizardite Y\n|-weather|SunnyDay|[from] ability: Drought|[of] p2a: Charizard\n|move|p1b: Ella|Hurricane|p2a: Charizard|[miss]\n|-miss|p1b: Ella|p2a: Charizard\n|move|p1a: Dizzy|Weather Ball|p2b: Maushold\n|-damage|p2b: Maushold|19/100\n|move|p2b: Maushold|Super Fang|p1b: Ella\n|-damage|p1b: Ella|50/100\n|move|p2a: Charizard|Heat Wave|p1b: Ella|[spread] p1a,p1b\n|-resisted|p1a: Dizzy|1\n|-resisted|p1b: Ella|1\n|-damage|p1a: Dizzy|73/100\n|-damage|p1b: Ella|23/100\n|\n|-weather|SunnyDay|[upkeep]\n|-heal|p1a: Dizzy|79/100|[from] item: Leftovers\n|-sideend|p1: biscotti5|move: Tailwind\n|upkeep\n|turn|5\n|inactive|YokoCR has 30 seconds left.\n|\n|t:|1776090919\n|move|p1b: Ella|Protect|p1b: Ella\n|-singleturn|p1b: Ella|Protect\n|move|p2b: Maushold|Follow Me|p2b: Maushold\n|-singleturn|p2b: Maushold|move: Follow Me\n|move|p2a: Charizard|Overheat|p1b: Ella\n|-activate|p1b: Ella|move: Protect\n|move|p1a: Dizzy|Muddy Water|p2b: Maushold|[spread] p2b\n|-miss|p1a: Dizzy|p2a: Charizard\n|-damage|p2b: Maushold|6/100\n|\n|-weather|SunnyDay|[upkeep]\n|-heal|p1a: Dizzy|85/100|[from] item: Leftovers\n|upkeep\n|turn|6\n|\n|t:|1776090942\n|move|p2b: Maushold|Follow Me|p2b: Maushold\n|-singleturn|p2b: Maushold|move: Follow Me\n|move|p1b: Ella|Tailwind|p1b: Ella\n|-sidestart|p1: biscotti5|move: Tailwind\n|move|p1a: Dizzy|Muddy Water|p2a: Charizard|[spread] p2a,p2b\n|-supereffective|p2a: Charizard|1\n|-damage|p2a: Charizard|39/100\n|-damage|p2b: Maushold|0 fnt\n|faint|p2b: Maushold\n|move|p2a: Charizard|Solar Beam||[still]\n|-prepare|p2a: Charizard|Solar Beam\n|-anim|p2a: Charizard|Solar Beam|p1a: Dizzy\n|-supereffective|p1a: Dizzy|1\n|-damage|p1a: Dizzy|2/100\n|\n|-weather|SunnyDay|[upkeep]\n|-heal|p1a: Dizzy|8/100|[from] item: Leftovers\n|upkeep\n|\n|t:|1776090954\n|switch|p2b: Kingambit|Kingambit, L50, M|100/100\n|turn|7\n|\n|t:|1776090961\n|move|p1b: Ella|Draco Meteor|p2a: Charizard\n|-damage|p2a: Charizard|0 fnt\n|-unboost|p1b: Ella|spa|2\n|faint|p2a: Charizard\n|move|p1a: Dizzy|Weather Ball|p2b: Kingambit\n|-supereffective|p2b: Kingambit|1\n|-damage|p2b: Kingambit|33/100\n|move|p2b: Kingambit|Swords Dance|p2b: Kingambit\n|-boost|p2b: Kingambit|atk|2\n|\n|-weather|SunnyDay|[upkeep]\n|-heal|p1a: Dizzy|14/100|[from] item: Leftovers\n|upkeep\n|turn|8\n|\n|t:|1776090977\n|switch|p1b: Billie|Sneasler, L50, M|76/100\n|move|p2b: Kingambit|Sucker Punch||[still]\n|-fail|p2b: Kingambit\n|move|p1a: Dizzy|Haze|p1a: Dizzy\n|-clearallboost\n|\n|-weather|none\n|-heal|p1a: Dizzy|20/100|[from] item: Leftovers\n|upkeep\n|turn|9\n|\n|t:|1776090987\n|move|p1a: Dizzy|Protect|p1a: Dizzy\n|-singleturn|p1a: Dizzy|Protect\n|move|p2b: Kingambit|Sucker Punch||[still]\n|-fail|p2b: Kingambit\n|move|p1b: Billie|Close Combat|p2b: Kingambit\n|-supereffective|p2b: Kingambit|2\n|-damage|p2b: Kingambit|0 fnt\n|-unboost|p1b: Billie|def|1\n|-unboost|p1b: Billie|spd|1\n|faint|p2b: Kingambit\n|\n|win|biscotti5\n|raw|biscotti5's rating: 1111 &rarr; <strong>1135</strong><br />(+24 for winning)\n|raw|YokoCR's rating: 1102 &rarr; <strong>1078</strong><br />(-24 for losing)\n|l|\u2606YokoCR\n|player|p2|\n",
  "uploadtime": 1776090996,
  "views": 11,
  "formatid": "gen9championsvgc2026regma",
  "rating": 1078,
  "private": 0,
  "password": null
}