{
  "id": "gen9championsvgc2026regma-2582165989",
  "format": "[Gen 9 Champions] VGC 2026 Reg M-A",
  "players": [
    "GoonTheGamer",
    "NINTAIL12"
  ],
  "log": "|j|\u2606GoonTheGamer\n|j|\u2606NINTAIL12\n|t:|1776066403\n|gametype|doubles\n|player|p1|GoonTheGamer|boarder|1089\n|player|p2|NINTAIL12|1|1067\n|gen|9\n|tier|[Gen 9 Champions] VGC 2026 Reg M-A\n|rated|\n|rule|Species Clause: Limit one of each Pok\u00e9mon\n|rule|Item Clause: Limit 1 of each item\n|clearpoke\n|poke|p1|Medicham, L50, M|\n|poke|p1|Raichu, L50, F|\n|poke|p1|Glimmora, L50, F|\n|poke|p1|Farigiraf, L50, F|\n|poke|p1|Hydreigon, L50, M|\n|poke|p1|Primarina, L50, F|\n|poke|p2|Blastoise, L50, M|\n|poke|p2|Pelipper, L50, F|\n|poke|p2|Runerigus, L50, F|\n|poke|p2|Archaludon, L50, F|\n|poke|p2|Meganium, L50, M|\n|poke|p2|Sneasler, L50, F|\n|teampreview|4\n|\n|t:|1776066448\n|teamsize|p1|4\n|teamsize|p2|4\n|start\n|switch|p1a: Medicham|Medicham, L50, M, shiny|100/100\n|switch|p1b: Raichu|Raichu, L50, F|100/100\n|switch|p2a: Blastoise|Blastoise, L50, M|100/100\n|switch|p2b: Pelipper|Pelipper, L50, F|100/100\n|-weather|RainDance|[from] ability: Drizzle|[of] p2b: Pelipper\n|turn|1\n|\n|t:|1776066480\n|switch|p2b: Runerigus|Runerigus, L50, F|100/100\n|detailschange|p1a: Medicham|Medicham-Mega, L50, M, shiny\n|-mega|p1a: Medicham|Medicham|Medichamite\n|detailschange|p2a: Blastoise|Blastoise-Mega, L50, M\n|-mega|p2a: Blastoise|Blastoise|Blastoisinite\n|move|p1a: Medicham|Fake Out|p2b: Runerigus\n|-immune|p2b: Runerigus\n|move|p1b: Raichu|Electroweb|p2b: Runerigus|[spread] p2a\n|-immune|p2b: Runerigus\n|-supereffective|p2a: Blastoise|1\n|-damage|p2a: Blastoise|68/100\n|-unboost|p2a: Blastoise|spe|1\n|move|p2a: Blastoise|Water Spout|p1b: Raichu|[spread] p1a,p1b\n|-damage|p1a: Medicham|13/100\n|-damage|p1b: Raichu|10/100\n|\n|-weather|RainDance|[upkeep]\n|upkeep\n|turn|2\n|\n|t:|1776066527\n|switch|p1a: Farigiraf|Farigiraf, L50, F|100/100\n|move|p2a: Blastoise|Protect|p2a: Blastoise\n|-singleturn|p2a: Blastoise|Protect\n|move|p1b: Raichu|Volt Switch|p2a: Blastoise\n|-activate|p2a: Blastoise|move: Protect\n|move|p2b: Runerigus|Earthquake|p1b: Raichu|[spread] p1a,p1b\n|-activate|p2a: Blastoise|move: Protect\n|-supereffective|p1b: Raichu|1\n|-damage|p1a: Farigiraf|75/100\n|-damage|p1b: Raichu|0 fnt\n|faint|p1b: Raichu\n|\n|-weather|RainDance|[upkeep]\n|-heal|p1a: Farigiraf|81/100|[from] item: Leftovers\n|upkeep\n|\n|t:|1776066563\n|switch|p1b: Glimmora|Glimmora, L50, F|100/100\n|turn|3\n|\n|t:|1776066591\n|switch|p2a: Pelipper|Pelipper, L50, F|100/100\n|move|p1b: Glimmora|Acid Spray|p2a: Pelipper\n|-damage|p2a: Pelipper|68/100\n|-unboost|p2a: Pelipper|spd|2\n|move|p1a: Farigiraf|Psychic Noise|p2a: Pelipper\n|-damage|p2a: Pelipper|0 fnt\n|faint|p2a: Pelipper\n|move|p2b: Runerigus|Earthquake|p1a: Farigiraf|[spread] p1a,p1b\n|-supereffective|p1b: Glimmora|2\n|-damage|p1a: Farigiraf|57/100\n|-enditem|p1b: Glimmora|Focus Sash\n|-damage|p1b: Glimmora|1/100\n|-activate|p1b: Glimmora|ability: Toxic Debris\n|-sidestart|p2: NINTAIL12|move: Toxic Spikes\n|\n|-weather|RainDance|[upkeep]\n|-heal|p1a: Farigiraf|63/100|[from] item: Leftovers\n|upkeep\n|\n|t:|1776066609\n|switch|p2a: Archaludon|Archaludon, L50, F|100/100\n|turn|4\n|\n|t:|1776066639\n|move|p1b: Glimmora|Protect|p1b: Glimmora\n|-singleturn|p1b: Glimmora|Protect\n|move|p2a: Archaludon|Electro Shot||[still]\n|-prepare|p2a: Archaludon|Electro Shot\n|-boost|p2a: Archaludon|spa|1\n|-anim|p2a: Archaludon|Electro Shot|p1a: Farigiraf\n|-damage|p1a: Farigiraf|8/100\n|move|p1a: Farigiraf|Psychic Noise|p2b: Runerigus\n|-damage|p2b: Runerigus|70/100\n|-start|p2b: Runerigus|move: Heal Block\n|move|p2b: Runerigus|Poltergeist||[still]\n|-fail|p2b: Runerigus\n|\n|-weather|RainDance|[upkeep]\n|-heal|p1a: Farigiraf|15/100|[from] item: Leftovers\n|upkeep\n|turn|5\n|\n|t:|1776066679\n|move|p2b: Runerigus|Protect|p2b: Runerigus\n|-singleturn|p2b: Runerigus|Protect\n|move|p1b: Glimmora|Power Gem|p2b: Runerigus\n|-activate|p2b: Runerigus|move: Protect\n|move|p2a: Archaludon|Electro Shot||[still]\n|-prepare|p2a: Archaludon|Electro Shot\n|-boost|p2a: Archaludon|spa|1\n|-anim|p2a: Archaludon|Electro Shot|p1b: Glimmora\n|-damage|p1b: Glimmora|0 fnt\n|faint|p1b: Glimmora\n|move|p1a: Farigiraf|Psychic Noise|p2b: Runerigus\n|-activate|p2b: Runerigus|move: Protect\n|\n|-weather|none\n|-heal|p1a: Farigiraf|21/100|[from] item: Leftovers\n|-end|p2b: Runerigus|move: Heal Block\n|upkeep\n|\n|t:|1776066694\n|switch|p1b: Medicham|Medicham-Mega, L50, M, shiny|13/100\n|turn|6\n|\n|t:|1776066711\n|move|p2a: Archaludon|Protect|p2a: Archaludon\n|-singleturn|p2a: Archaludon|Protect\n|move|p1b: Medicham|High Jump Kick|p2a: Archaludon\n|-activate|p2a: Archaludon|move: Protect\n|-damage|p1b: Medicham|0 fnt|[from] highjumpkick\n|faint|p1b: Medicham\n|move|p1a: Farigiraf|Psychic Noise|p2b: Runerigus\n|-damage|p2b: Runerigus|40/100\n|-start|p2b: Runerigus|move: Heal Block\n|move|p2b: Runerigus|Earthquake|p1a: Farigiraf|[spread] p1a\n|-activate|p2a: Archaludon|move: Protect\n|-damage|p1a: Farigiraf|0 fnt\n|faint|p1a: Farigiraf\n|\n|win|NINTAIL12\n|raw|GoonTheGamer's rating: 1089 &rarr; <strong>1064</strong><br />(-25 for losing)\n|raw|NINTAIL12's rating: 1067 &rarr; <strong>1099</strong><br />(+32 for winning)\n|l|\u2606GoonTheGamer\n|player|p1|\n",
  "uploadtime": 1776066825,
  "views": 11,
  "formatid": "gen9championsvgc2026regma",
  "rating": 1064,
  "private": 0,
  "password": null
}