{
  "id": "gen9championsvgc2026regma-2583636383",
  "format": "[Gen 9 Champions] VGC 2026 Reg M-A",
  "players": [
    "calielbr13",
    "randomize02010TheJ"
  ],
  "log": "|j|\u2606calielbr13\n|j|\u2606randomize02010TheJ\n|t:|1776187941\n|gametype|doubles\n|player|p1|calielbr13|hoopster|1055\n|player|p2|randomize02010TheJ|lucas|1038\n|gen|9\n|tier|[Gen 9 Champions] VGC 2026 Reg M-A\n|rated|\n|rule|Species Clause: Limit one of each Pok\u00e9mon\n|rule|Item Clause: Limit 1 of each item\n|clearpoke\n|poke|p1|Orthworm, L50, F|\n|poke|p1|Basculegion, L50, M|\n|poke|p1|Incineroar, L50, F|\n|poke|p1|Rotom-Frost, L50|\n|poke|p1|Froslass, L50, F|\n|poke|p1|Garchomp, L50, F|\n|poke|p2|Meowscarada, L50, F|\n|poke|p2|Palafin, L50, M|\n|poke|p2|Incineroar, L50, M|\n|poke|p2|Pelipper, L50, M|\n|poke|p2|Gengar, L50, M|\n|poke|p2|Tauros-Paldea-Aqua, L50, M|\n|teampreview|4\n|\n|t:|1776187985\n|teamsize|p1|4\n|teamsize|p2|4\n|start\n|switch|p1a: Orthworm|Orthworm, L50, F|100/100\n|switch|p1b: Basculegion|Basculegion, L50, M|100/100\n|switch|p2a: Palafin|Palafin, L50, M|100/100\n|switch|p2b: Incineroar|Incineroar, L50, M|100/100\n|-ability|p2b: Incineroar|Intimidate|boost\n|-unboost|p1a: Orthworm|atk|1\n|-unboost|p1b: Basculegion|atk|1\n|turn|1\n|\n|t:|1776188000\n|switch|p1a: Incineroar|Incineroar, L50, F|100/100\n|-ability|p1a: Incineroar|Intimidate|boost\n|-unboost|p2a: Palafin|atk|1\n|-unboost|p2b: Incineroar|atk|1\n|move|p1b: Basculegion|Flip Turn|p2b: Incineroar\n|-supereffective|p2b: Incineroar|1\n|-damage|p2b: Incineroar|53/100\n|\n|t:|1776188010\n|switch|p1b: Orthworm|Orthworm, L50, F|100/100|[from] Flip Turn\n|move|p2a: Palafin|Flip Turn|p1b: Orthworm\n|-damage|p1b: Orthworm|89/100\n|\n|t:|1776188027\n|detailschange|p2a: Palafin|Palafin-Hero, L50, M\n|switch|p2a: Gengar|Gengar, L50, M|100/100|[from] Flip Turn\n|move|p2b: Incineroar|Flare Blitz|p1a: Incineroar\n|-resisted|p1a: Incineroar|1\n|-damage|p1a: Incineroar|87/100\n|-damage|p2b: Incineroar|48/100|[from] Recoil\n|\n|-heal|p2b: Incineroar|54/100|[from] item: Leftovers\n|upkeep\n|turn|2\n|\n|t:|1776188052\n|switch|p2b: Palafin|Palafin-Hero, L50, M|100/100\n|-activate|p2b: Palafin|ability: Zero to Hero\n|move|p2a: Gengar|Protect|p2a: Gengar\n|-singleturn|p2a: Gengar|Protect\n|move|p1a: Incineroar|Fake Out|p2b: Palafin\n|-damage|p2b: Palafin|90/100\n|move|p1b: Orthworm|Shed Tail|p1b: Orthworm\n|-start|p1b: Orthworm|Substitute|[from] move: Shed Tail\n|-damage|p1b: Orthworm|38/100\n|-enditem|p1b: Orthworm|Sitrus Berry|[eat]\n|-heal|p1b: Orthworm|63/100|[from] item: Sitrus Berry\n|\n|t:|1776188070\n|switch|p1b: Froslass|Froslass, L50, F|100/100|[from] Shed Tail\n|\n|upkeep\n|turn|3\n|\n|t:|1776188108\n|detailschange|p2a: Gengar|Gengar-Mega, L50, M\n|-mega|p2a: Gengar|Gengar|Gengarite\n|move|p1b: Froslass|Protect|p1b: Froslass\n|-singleturn|p1b: Froslass|Protect\n|move|p2b: Palafin|Jet Punch|p1b: Froslass\n|-activate|p1b: Froslass|move: Protect\n|move|p2a: Gengar|Shadow Ball|p1b: Froslass\n|-activate|p1b: Froslass|move: Protect\n|move|p1a: Incineroar|Darkest Lariat|p2a: Gengar\n|-supereffective|p2a: Gengar|1\n|-damage|p2a: Gengar|16/100\n|\n|upkeep\n|turn|4\n|\n|t:|1776188152\n|detailschange|p1b: Froslass|Froslass-Mega, L50, F\n|-mega|p1b: Froslass|Froslass|Froslassite\n|-weather|Snowscape|[from] ability: Snow Warning|[of] p1b: Froslass\n|move|p2b: Palafin|Jet Punch|p1b: Froslass\n|-end|p1b: Froslass|Substitute\n|move|p1b: Froslass|Blizzard|p2b: Palafin|[spread] p2a,p2b\n|-resisted|p2b: Palafin|1\n|-damage|p2a: Gengar|0 fnt\n|-damage|p2b: Palafin|62/100\n|faint|p2a: Gengar\n|move|p1a: Incineroar|Parting Shot|p2b: Palafin\n|-unboost|p2b: Palafin|atk|1\n|-unboost|p2b: Palafin|spa|1\n|\n|t:|1776188170\n|switch|p1a: Orthworm|Orthworm, L50, F|63/100|[from] Parting Shot\n|\n|-weather|Snowscape|[upkeep]\n|upkeep\n|\n|t:|1776188175\n|switch|p2a: Incineroar|Incineroar, L50, M|54/100\n|-ability|p2a: Incineroar|Intimidate|boost\n|-unboost|p1a: Orthworm|atk|1\n|-unboost|p1b: Froslass|atk|1\n|turn|5\n|\n|t:|1776188232\n|switch|p1a: Basculegion|Basculegion, L50, M|100/100\n|move|p1b: Froslass|Protect|p1b: Froslass\n|-singleturn|p1b: Froslass|Protect\n|move|p2a: Incineroar|Fake Out|p1a: Basculegion\n|-immune|p1a: Basculegion\n|move|p2b: Palafin|Flip Turn|p1b: Froslass\n|-activate|p1b: Froslass|move: Protect\n|\n|-weather|Snowscape|[upkeep]\n|-heal|p2a: Incineroar|60/100|[from] item: Leftovers\n|upkeep\n|turn|6\n|\n|t:|1776188269\n|move|p2b: Palafin|Protect|p2b: Palafin\n|-singleturn|p2b: Palafin|Protect\n|move|p1a: Basculegion|Flip Turn|p2a: Incineroar\n|-supereffective|p2a: Incineroar|1\n|-damage|p2a: Incineroar|0 fnt\n|faint|p2a: Incineroar\n|\n|t:|1776188277\n|switch|p1a: Incineroar|Incineroar, L50, F|87/100|[from] Flip Turn\n|-ability|p1a: Incineroar|Intimidate|boost\n|-unboost|p2b: Palafin|atk|1\n|move|p1b: Froslass|Blizzard|p2b: Palafin\n|-activate|p2b: Palafin|move: Protect\n|\n|-weather|Snowscape|[upkeep]\n|upkeep\n|\n|t:|1776188285\n|switch|p2a: Meowscarada|Meowscarada, L50, F|100/100\n|turn|7\n|\n|t:|1776188312\n|move|p1a: Incineroar|Fake Out|p2a: Meowscarada\n|-damage|p2a: Meowscarada|85/100\n|cant|p2a: Meowscarada|flinch\n|move|p1b: Froslass|Blizzard|p2b: Palafin|[spread] p2a,p2b\n|-supereffective|p2a: Meowscarada|1\n|-resisted|p2b: Palafin|1\n|-damage|p2a: Meowscarada|0 fnt\n|-damage|p2b: Palafin|35/100\n|faint|p2a: Meowscarada\n|move|p2b: Palafin|Wave Crash|p1b: Froslass\n|-damage|p1b: Froslass|55/100\n|-damage|p2b: Palafin|22/100|[from] Recoil\n|\n|-weather|Snowscape|[upkeep]\n|upkeep\n|turn|8\n|-message|randomize02010TheJ forfeited.\n|\n|win|calielbr13\n|raw|calielbr13's rating: 1055 &rarr; <strong>1085</strong><br />(+30 for winning)\n|raw|randomize02010TheJ's rating: 1038 &rarr; <strong>1023</strong><br />(-15 for losing)\n|l|\u2606randomize02010TheJ\n|player|p2|\n",
  "uploadtime": 1776188583,
  "views": 15,
  "formatid": "gen9championsvgc2026regma",
  "rating": 1023,
  "private": 0,
  "password": null
}