{
  "id": "gen9championsvgc2026regma-2583973723",
  "format": "[Gen 9 Champions] VGC 2026 Reg M-A",
  "players": [
    "V0IDCALLED",
    "sn3akyboyy"
  ],
  "log": "|j|\u2606V0IDCALLED\n|j|\u2606sn3akyboyy\n|t:|1776213207\n|gametype|doubles\n|player|p1|V0IDCALLED|kieran|1138\n|player|p2|sn3akyboyy|266|1127\n|gen|9\n|tier|[Gen 9 Champions] VGC 2026 Reg M-A\n|rated|\n|rule|Species Clause: Limit one of each Pok\u00e9mon\n|rule|Item Clause: Limit 1 of each item\n|clearpoke\n|poke|p1|Ninetales-Alola, L50, F|\n|poke|p1|Garganacl, L50, F|\n|poke|p1|Sinistcha, L50|\n|poke|p1|Incineroar, L50, F|\n|poke|p1|Crabominable, L50, M|\n|poke|p1|Hawlucha, L50, F|\n|poke|p2|Politoed, L50, M|\n|poke|p2|Basculegion, L50, M|\n|poke|p2|Incineroar, L50, F|\n|poke|p2|Archaludon, L50, M|\n|poke|p2|Sinistcha-Masterpiece, L50|\n|poke|p2|Kangaskhan, L50, F|\n|teampreview|4\n|\n|t:|1776213259\n|teamsize|p1|4\n|teamsize|p2|4\n|start\n|switch|p1a: Sinistcha|Sinistcha, L50|100/100\n|switch|p1b: Incineroar|Incineroar, L50, F|100/100\n|switch|p2a: Basculegion|Basculegion, L50, M|100/100\n|switch|p2b: Archaludon|Archaludon, L50, M|100/100\n|-ability|p1b: Incineroar|Intimidate|boost\n|-unboost|p2a: Basculegion|atk|1\n|-unboost|p2b: Archaludon|atk|1\n|turn|1\n|\n|t:|1776213276\n|switch|p2b: Politoed|Politoed, L50, M|100/100\n|-weather|RainDance|[from] ability: Drizzle|[of] p2b: Politoed\n|move|p1b: Incineroar|Fake Out|p2b: Politoed\n|-damage|p2b: Politoed|84/100\n|move|p2a: Basculegion|Crunch|p1a: Sinistcha\n|-supereffective|p1a: Sinistcha|1\n|-damage|p1a: Sinistcha|61/100\n|move|p1a: Sinistcha|Trick Room|p1a: Sinistcha\n|-fieldstart|move: Trick Room|[of] p1a: Sinistcha\n|\n|-weather|RainDance|[upkeep]\n|upkeep\n|turn|2\n|\n|t:|1776213302\n|switch|p2b: Incineroar|Incineroar, L50, F|100/100\n|-ability|p2b: Incineroar|Intimidate|boost\n|-unboost|p1a: Sinistcha|atk|1\n|-unboost|p1b: Incineroar|atk|1\n|switch|p2a: Archaludon|Archaludon, L50, M|100/100\n|move|p1a: Sinistcha|Matcha Gotcha|p2b: Incineroar|[spread] p2a,p2b\n|-resisted|p2a: Archaludon|2\n|-resisted|p2b: Incineroar|1\n|-damage|p2a: Archaludon|93/100\n|-heal|p1a: Sinistcha|66/100|[from] drain|[of] p2a: Archaludon\n|-damage|p2b: Incineroar|85/100\n|-heal|p1a: Sinistcha|77/100|[from] drain|[of] p2b: Incineroar\n|move|p1b: Incineroar|Darkest Lariat|p2a: Archaludon\n|-damage|p2a: Archaludon|73/100\n|\n|-weather|RainDance|[upkeep]\n|-heal|p2b: Incineroar|91/100|[from] item: Leftovers\n|upkeep\n|turn|3\n|\n|t:|1776213352\n|switch|p1a: Ninetales|Ninetales-Alola, L50, F|100/100\n|-weather|Snowscape|[from] ability: Snow Warning|[of] p1a: Ninetales\n|move|p2b: Incineroar|Fake Out|p1b: Incineroar\n|-damage|p1b: Incineroar|87/100\n|cant|p1b: Incineroar|flinch\n|move|p2a: Archaludon|Electro Shot||[still]\n|-prepare|p2a: Archaludon|Electro Shot\n|-boost|p2a: Archaludon|spa|1\n|\n|-weather|Snowscape|[upkeep]\n|-heal|p2b: Incineroar|97/100|[from] item: Leftovers\n|upkeep\n|turn|4\n|\n|t:|1776213377\n|switch|p2b: Politoed|Politoed, L50, M|84/100\n|-weather|RainDance|[from] ability: Drizzle|[of] p2b: Politoed\n|move|p1b: Incineroar|Parting Shot|p2b: Politoed\n|-unboost|p2b: Politoed|atk|1\n|-unboost|p2b: Politoed|spa|1\n|\n|t:|1776213386\n|switch|p1b: Crabominable|Crabominable, L50, M|100/100|[from] Parting Shot\n|move|p2a: Archaludon|Electro Shot|p1a: Ninetales|[from] lockedmove\n|-damage|p1a: Ninetales|22/100\n|move|p1a: Ninetales|Blizzard|p2b: Politoed|[spread] p2a,p2b\n|-resisted|p2b: Politoed|1\n|-damage|p2a: Archaludon|33/100\n|-damage|p2b: Politoed|65/100\n|-status|p2b: Politoed|frz\n|\n|-weather|RainDance|[upkeep]\n|upkeep\n|turn|5\n|\n|t:|1776213415\n|switch|p1a: Sinistcha|Sinistcha, L50|77/100\n|detailschange|p1b: Crabominable|Crabominable-Mega, L50, M\n|-mega|p1b: Crabominable|Crabominable|Crabominite\n|move|p2a: Archaludon|Protect|p2a: Archaludon\n|-singleturn|p2a: Archaludon|Protect\n|move|p1b: Crabominable|Drain Punch|p2a: Archaludon\n|-activate|p2a: Archaludon|move: Protect\n|cant|p2b: Politoed|frz\n|\n|-weather|RainDance|[upkeep]\n|-fieldend|move: Trick Room\n|upkeep\n|turn|6\n|\n|t:|1776213450\n|move|p1b: Crabominable|Mach Punch|p2a: Archaludon\n|-supereffective|p2a: Archaludon|1\n|-damage|p2a: Archaludon|0 fnt\n|faint|p2a: Archaludon\n|cant|p2b: Politoed|frz\n|move|p1a: Sinistcha|Trick Room|p1a: Sinistcha\n|-fieldstart|move: Trick Room|[of] p1a: Sinistcha\n|\n|-weather|RainDance|[upkeep]\n|upkeep\n|\n|t:|1776213457\n|switch|p2a: Incineroar|Incineroar, L50, F|97/100\n|-ability|p2a: Incineroar|Intimidate|boost\n|-unboost|p1a: Sinistcha|atk|1\n|-unboost|p1b: Crabominable|atk|1\n|turn|7\n|\n|t:|1776213468\n|move|p2a: Incineroar|Fake Out|p1b: Crabominable\n|-damage|p1b: Crabominable|91/100\n|cant|p1b: Crabominable|flinch\n|move|p1a: Sinistcha|Matcha Gotcha|p2b: Politoed|[spread] p2a,p2b\n|-resisted|p2a: Incineroar|1\n|-supereffective|p2b: Politoed|1\n|-damage|p2a: Incineroar|81/100\n|-heal|p1a: Sinistcha|87/100|[from] drain|[of] p2a: Incineroar\n|-damage|p2b: Politoed|0 fnt\n|-heal|p1a: Sinistcha|100/100|[from] drain|[of] p2b: Politoed\n|faint|p2b: Politoed\n|\n|-weather|RainDance|[upkeep]\n|-heal|p2a: Incineroar|87/100|[from] item: Leftovers\n|upkeep\n|\n|t:|1776213482\n|switch|p2b: Basculegion|Basculegion, L50, M|100/100\n|turn|8\n|\n|t:|1776213503\n|switch|p1b: Ninetales|Ninetales-Alola, L50, F|22/100\n|-weather|Snowscape|[from] ability: Snow Warning|[of] p1b: Ninetales\n|move|p2b: Basculegion|Protect|p2b: Basculegion\n|-singleturn|p2b: Basculegion|Protect\n|move|p1a: Sinistcha|Matcha Gotcha|p2b: Basculegion|[spread] p2a\n|-activate|p2b: Basculegion|move: Protect\n|-resisted|p2a: Incineroar|1\n|-damage|p2a: Incineroar|72/100\n|move|p2a: Incineroar|Taunt|p1a: Sinistcha\n|-start|p1a: Sinistcha|move: Taunt\n|-enditem|p1a: Sinistcha|Mental Herb\n|-end|p1a: Sinistcha|move: Taunt\n|\n|-weather|Snowscape|[upkeep]\n|-heal|p2a: Incineroar|78/100|[from] item: Leftovers\n|upkeep\n|turn|9\n|\n|t:|1776213528\n|move|p1a: Sinistcha|Shadow Ball|p2b: Basculegion\n|-supereffective|p2b: Basculegion|1\n|-damage|p2b: Basculegion|0 fnt\n|faint|p2b: Basculegion\n|move|p2a: Incineroar|Flare Blitz|p1b: Ninetales\n|-supereffective|p1b: Ninetales|1\n|-damage|p1b: Ninetales|0 fnt\n|faint|p1b: Ninetales\n|-damage|p2a: Incineroar|72/100|[from] Recoil\n|\n|-weather|Snowscape|[upkeep]\n|-heal|p2a: Incineroar|79/100|[from] item: Leftovers\n|upkeep\n|\n|t:|1776213544\n|switch|p1b: Crabominable|Crabominable-Mega, L50, M|91/100\n|turn|10\n|\n|t:|1776213552\n|move|p1a: Sinistcha|Rage Powder|p1a: Sinistcha\n|-singleturn|p1a: Sinistcha|move: Rage Powder\n|move|p1b: Crabominable|Drain Punch|p2a: Incineroar\n|-supereffective|p2a: Incineroar|1\n|-damage|p2a: Incineroar|0 fnt\n|-heal|p1b: Crabominable|100/100|[from] drain|[of] p2a: Incineroar\n|faint|p2a: Incineroar\n|\n|win|V0IDCALLED\n|raw|V0IDCALLED's rating: 1138 &rarr; <strong>1162</strong><br />(+24 for winning)\n|raw|sn3akyboyy's rating: 1127 &rarr; <strong>1103</strong><br />(-24 for losing)\n|l|\u2606sn3akyboyy\n|player|p2|\n",
  "uploadtime": 1776213561,
  "views": 26,
  "formatid": "gen9championsvgc2026regma",
  "rating": 1103,
  "private": 0,
  "password": null
}