{
  "id": "gen9championsvgc2026regma-2584593103",
  "format": "[Gen 9 Champions] VGC 2026 Reg M-A",
  "players": [
    "eddi99",
    "Buuburn"
  ],
  "log": "|j|\u2606eddi99\n|j|\u2606Buuburn\n|t:|1776270878\n|gametype|doubles\n|player|p1|eddi99|lucas-gen4pt|1065\n|player|p2|Buuburn|101|1150\n|gen|9\n|tier|[Gen 9 Champions] VGC 2026 Reg M-A\n|rated|\n|rule|Species Clause: Limit one of each Pok\u00e9mon\n|rule|Item Clause: Limit 1 of each item\n|clearpoke\n|poke|p1|Froslass, L50, F|\n|poke|p1|Orthworm, L50, M|\n|poke|p1|Garchomp, L50, M|\n|poke|p1|Rotom-Frost, L50|\n|poke|p1|Incineroar, L50, M|\n|poke|p1|Basculegion, L50, M|\n|poke|p2|Incineroar, L50, F|\n|poke|p2|Farigiraf, L50, F|\n|poke|p2|Sinistcha, L50|\n|poke|p2|Rotom-Wash, L50|\n|poke|p2|Gengar, L50, M|\n|poke|p2|Kangaskhan, L50, F|\n|teampreview|4\n|\n|t:|1776270903\n|teamsize|p1|4\n|teamsize|p2|4\n|start\n|switch|p1a: Garchomp|Garchomp, L50, M|100/100\n|switch|p1b: Orthworm|Orthworm, L50, M|100/100\n|switch|p2a: Kangaskhan|Kangaskhan, L50, F, shiny|100/100\n|switch|p2b: Incineroar|Incineroar, L50, F|100/100\n|-ability|p2b: Incineroar|Intimidate|boost\n|-unboost|p1a: Garchomp|atk|1\n|-unboost|p1b: Orthworm|atk|1\n|turn|1\n|\n|t:|1776270921\n|move|p2a: Kangaskhan|Fake Out|p1b: Orthworm\n|-resisted|p1b: Orthworm|1\n|-damage|p1b: Orthworm|95/100\n|move|p2b: Incineroar|Fake Out|p1a: Garchomp\n|-damage|p1a: Garchomp|90/100\n|-damage|p2b: Incineroar|88/100|[from] ability: Rough Skin|[of] p1a: Garchomp\n|cant|p1a: Garchomp|flinch\n|cant|p1b: Orthworm|flinch\n|\n|upkeep\n|turn|2\n|\n|t:|1776270960\n|detailschange|p2a: Kangaskhan|Kangaskhan-Mega, L50, F, shiny\n|-mega|p2a: Kangaskhan|Kangaskhan|Kangaskhanite\n|move|p1a: Garchomp|Earthquake|p2a: Kangaskhan|[spread] p2a,p2b\n|-heal|p1b: Orthworm|100/100|[from] ability: Earth Eater|[of] p1a: Garchomp\n|-supereffective|p2b: Incineroar|1\n|-enditem|p2b: Incineroar|Shuca Berry|[eat]\n|-enditem|p2b: Incineroar|Shuca Berry|[weaken]\n|-damage|p2a: Kangaskhan|74/100\n|-damage|p2b: Incineroar|61/100\n|move|p2a: Kangaskhan|Drain Punch|p1b: Orthworm\n|-supereffective|p1b: Orthworm|1\n|-damage|p1b: Orthworm|71/100\n|-heal|p2a: Kangaskhan|88/100|[from] drain|[of] p1b: Orthworm\n|-supereffective|p1b: Orthworm|1\n|-damage|p1b: Orthworm|64/100\n|-heal|p2a: Kangaskhan|92/100|[from] drain|[of] p1b: Orthworm\n|-hitcount|p1b: Orthworm|2\n|move|p2b: Incineroar|Flare Blitz|p1b: Orthworm\n|-supereffective|p1b: Orthworm|1\n|-damage|p1b: Orthworm|7/100\n|-enditem|p1b: Orthworm|Sitrus Berry|[eat]\n|-heal|p1b: Orthworm|32/100|[from] item: Sitrus Berry\n|-damage|p2b: Incineroar|44/100|[from] Recoil\n|move|p1b: Orthworm|Shed Tail|p1b: Orthworm\n|-fail|p1b: Orthworm|move: Shed Tail|[weak]\n|\n|upkeep\n|turn|3\n|\n|t:|1776271011\n|move|p1a: Garchomp|Earthquake|p2a: Kangaskhan|[spread] p2a,p2b\n|-heal|p1b: Orthworm|56/100|[from] ability: Earth Eater|[of] p1a: Garchomp\n|-supereffective|p2b: Incineroar|1\n|-damage|p2a: Kangaskhan|67/100\n|-damage|p2b: Incineroar|0 fnt\n|faint|p2b: Incineroar\n|move|p2a: Kangaskhan|Drain Punch|p1b: Orthworm\n|-supereffective|p1b: Orthworm|1\n|-damage|p1b: Orthworm|27/100\n|-heal|p2a: Kangaskhan|81/100|[from] drain|[of] p1b: Orthworm\n|-supereffective|p1b: Orthworm|1\n|-damage|p1b: Orthworm|21/100\n|-heal|p2a: Kangaskhan|84/100|[from] drain|[of] p1b: Orthworm\n|-hitcount|p1b: Orthworm|2\n|move|p1b: Orthworm|Rock Slide|p2a: Kangaskhan\n|-damage|p2a: Kangaskhan|75/100\n|\n|upkeep\n|\n|t:|1776271034\n|switch|p2b: Rotom|Rotom-Wash, L50, shiny|100/100\n|turn|4\n|\n|t:|1776271053\n|move|p1a: Garchomp|Earthquake|p2a: Kangaskhan|[spread] p2a\n|-heal|p1b: Orthworm|46/100|[from] ability: Earth Eater|[of] p1a: Garchomp\n|-immune|p2b: Rotom|[from] ability: Levitate\n|-damage|p2a: Kangaskhan|49/100\n|move|p2a: Kangaskhan|Drain Punch|p1b: Orthworm\n|-supereffective|p1b: Orthworm|1\n|-damage|p1b: Orthworm|16/100\n|-heal|p2a: Kangaskhan|64/100|[from] drain|[of] p1b: Orthworm\n|-supereffective|p1b: Orthworm|1\n|-damage|p1b: Orthworm|9/100\n|-heal|p2a: Kangaskhan|67/100|[from] drain|[of] p1b: Orthworm\n|-hitcount|p1b: Orthworm|2\n|move|p2b: Rotom|Thunderbolt|p1b: Orthworm\n|-damage|p1b: Orthworm|0 fnt\n|faint|p1b: Orthworm\n|\n|upkeep\n|\n|t:|1776271074\n|switch|p1b: Rotom|Rotom-Frost, L50, shiny|100/100\n|turn|5\n|\n|t:|1776271088\n|move|p1b: Rotom|Helping Hand|p1a: Garchomp\n|-singleturn|p1a: Garchomp|Helping Hand|[of] p1b: Rotom\n|move|p1a: Garchomp|Earthquake|p2a: Kangaskhan|[spread] p2a\n|-immune|p1b: Rotom|[from] ability: Levitate\n|-immune|p2b: Rotom|[from] ability: Levitate\n|-damage|p2a: Kangaskhan|28/100\n|move|p2a: Kangaskhan|Drain Punch|p1b: Rotom\n|-supereffective|p1b: Rotom|1\n|-damage|p1b: Rotom|52/100\n|-heal|p2a: Kangaskhan|45/100|[from] drain|[of] p1b: Rotom\n|-supereffective|p1b: Rotom|1\n|-damage|p1b: Rotom|41/100\n|-heal|p2a: Kangaskhan|49/100|[from] drain|[of] p1b: Rotom\n|-hitcount|p1b: Rotom|2\n|move|p2b: Rotom|Will-O-Wisp|p1a: Garchomp\n|-status|p1a: Garchomp|brn\n|\n|-heal|p1b: Rotom|46/100|[from] item: Leftovers\n|-damage|p1a: Garchomp|84/100 brn|[from] brn\n|upkeep\n|turn|6\n|\n|t:|1776271125\n|switch|p1a: Froslass|Froslass, L50, F|100/100\n|move|p2a: Kangaskhan|Drain Punch|p1b: Rotom\n|-supereffective|p1b: Rotom|1\n|-crit|p1b: Rotom\n|-damage|p1b: Rotom|0 fnt\n|-heal|p2a: Kangaskhan|65/100|[from] drain|[of] p1b: Rotom\n|faint|p1b: Rotom\n|-hitcount|p1: Rotom|1\n|move|p2b: Rotom|Hydro Pump|p1a: Froslass\n|-damage|p1a: Froslass|34/100\n|\n|upkeep\n|\n|t:|1776271136\n|switch|p1b: Garchomp|Garchomp, L50, M|84/100 brn\n|turn|7\n|\n|t:|1776271156\n|detailschange|p1a: Froslass|Froslass-Mega, L50, F\n|-mega|p1a: Froslass|Froslass|Froslassite\n|-weather|Snowscape|[from] ability: Snow Warning|[of] p1a: Froslass\n|move|p1a: Froslass|Blizzard|p2a: Kangaskhan|[spread] p2a,p2b\n|-resisted|p2b: Rotom|1\n|-damage|p2a: Kangaskhan|28/100\n|-damage|p2b: Rotom|76/100\n|move|p1b: Garchomp|Rock Slide|p2a: Kangaskhan|[spread] p2a\n|-miss|p1b: Garchomp|p2b: Rotom\n|-damage|p2a: Kangaskhan|19/100\n|move|p2a: Kangaskhan|Body Slam|p1b: Garchomp\n|-damage|p1b: Garchomp|40/100 brn\n|-damage|p2a: Kangaskhan|7/100|[from] ability: Rough Skin|[of] p1b: Garchomp\n|-damage|p1b: Garchomp|30/100 brn\n|-damage|p2a: Kangaskhan|0 fnt|[from] ability: Rough Skin|[of] p1b: Garchomp\n|faint|p2a: Kangaskhan\n|-hitcount|p1b: Garchomp|2\n|move|p2b: Rotom|Thunderbolt|p1a: Froslass\n|-damage|p1a: Froslass|0 fnt\n|faint|p1a: Froslass\n|\n|-weather|Snowscape|[upkeep]\n|-damage|p1b: Garchomp|24/100 brn|[from] brn\n|upkeep\n|\n|t:|1776271182\n|switch|p2a: Sinistcha|Sinistcha, L50|100/100\n|-heal|p2b: Rotom|100/100|[from] ability: Hospitality|[of] p2a: Sinistcha\n|turn|8\n|\n|t:|1776271203\n|move|p1b: Garchomp|Earthquake|p2a: Sinistcha|[spread] p2a\n|-immune|p2b: Rotom|[from] ability: Levitate\n|-resisted|p2a: Sinistcha|1\n|-damage|p2a: Sinistcha|92/100\n|move|p2b: Rotom|Hydro Pump|p1b: Garchomp\n|-damage|p1b: Garchomp|0 fnt\n|faint|p1b: Garchomp\n|\n|win|Buuburn\n|raw|eddi99's rating: 1065 &rarr; <strong>1050</strong><br />(-15 for losing)\n|raw|Buuburn's rating: 1150 &rarr; <strong>1169</strong><br />(+19 for winning)\n",
  "uploadtime": 1776271207,
  "views": 18,
  "formatid": "gen9championsvgc2026regma",
  "rating": 1050,
  "private": 0,
  "password": null
}