{
  "id": "gen9championsvgc2026regma-2586258213",
  "format": "[Gen 9 Champions] VGC 2026 Reg M-A",
  "players": [
    "12lightningstorm",
    "Scartung"
  ],
  "log": "|j|\u260612lightningstorm\n|j|\u2606Scartung\n|t:|1776418283\n|gametype|doubles\n|player|p1|12lightningstorm|veteran|1028\n|player|p2|Scartung|170|1000\n|gen|9\n|tier|[Gen 9 Champions] VGC 2026 Reg M-A\n|rated|\n|rule|Species Clause: Limit one of each Pok\u00e9mon\n|rule|Item Clause: Limit 1 of each item\n|clearpoke\n|poke|p1|Meowstic, L50, M|\n|poke|p1|Basculegion, L50, M|\n|poke|p1|Archaludon, L50, M|\n|poke|p1|Lucario, L50, M|\n|poke|p1|Whimsicott, L50, M|\n|poke|p1|Incineroar, L50, M|\n|poke|p2|Kangaskhan, L50, F|\n|poke|p2|Meganium, L50, M|\n|poke|p2|Aerodactyl, L50, F|\n|poke|p2|Tauros-Paldea-Aqua, L50, M|\n|poke|p2|Archaludon, L50, F|\n|poke|p2|Typhlosion-Hisui, L50, M|\n|teampreview|4\n|inactive|Battle timer is ON: inactive players will automatically lose when time's up. (requested by 12lightningstorm)\n|inactive|Scartung has 60 seconds left.\n12lightningstorm has agreed to open team sheets.\nScartung has agreed to open team sheets.\n|showteam|p1|Meowstic||SitrusBerry|Prankster|FakeOut,RainDance,Psychic,HelpingHand|||M|||50|]Basculegion||ChoiceScarf|Adaptability|AquaJet,FlipTurn,WaveCrash,LastRespects|||M|||50|]Archaludon||ChopleBerry|Stamina|FlashCannon,ElectroShot,DragonPulse,Protect|||M|||50|]Lucario||Lucarionite|Justified|CloseCombat,MeteorMash,BulletPunch,Protect|||M|||50|]Whimsicott||FocusSash|Prankster|BeatUp,Moonblast,Tailwind,TrickRoom|||M|||50|]Incineroar||Leftovers|Intimidate|FakeOut,PartingShot,DarkestLariat,Taunt|||M|||50|\n|showteam|p2|Kangaskhan||Kangaskhanite|InnerFocus|FakeOut,DoubleEdge,SuckerPunch,LowKick|||F|||50|]Meganium||Meganiumite|LeafGuard|Protect,WeatherBall,SolarBeam,DazzlingGleam|||M|||50|]Aerodactyl||FocusSash|Unnerve|Protect,RockSlide,DualWingbeat,Tailwind|||F|||50|]Tauros-Paldea-Aqua||WhiteHerb|Intimidate|Protect,WaveCrash,CloseCombat,AquaJet|||M|||50|]Archaludon||DragonFang|Stalwart|FlashCannon,SteelBeam,DracoMeteor,Protect|||F|||50|]Typhlosion-Hisui||ChoiceScarf|Frisk|HeatWave,Overheat,Eruption,ShadowBall|||M|||50|\n|inactive|Scartung has 30 seconds left.\n|\n|t:|1776418353\n|teamsize|p1|4\n|teamsize|p2|4\n|start\n|switch|p1a: Whimsicott|Whimsicott, L50, M, shiny|100/100\n|switch|p1b: Lucario|Lucario, L50, M, shiny|100/100\n|switch|p2a: Aerodactyl|Aerodactyl, L50, F|100/100\n|switch|p2b: Archaludon|Archaludon, L50, F|100/100\n|-ability|p2a: Aerodactyl|Unnerve\n|turn|1\n|\n|t:|1776418375\n|move|p2a: Aerodactyl|Dual Wingbeat|p1a: Whimsicott\n|-supereffective|p1a: Whimsicott|1\n|-damage|p1a: Whimsicott|69/100\n|-supereffective|p1a: Whimsicott|1\n|-damage|p1a: Whimsicott|34/100\n|-hitcount|p1a: Whimsicott|2\n|move|p1b: Lucario|Meteor Mash|p2a: Aerodactyl\n|-supereffective|p2a: Aerodactyl|1\n|-enditem|p2a: Aerodactyl|Focus Sash\n|-damage|p2a: Aerodactyl|1/100\n|move|p1a: Whimsicott|Beat Up|p1b: Lucario\n|-resisted|p1b: Lucario|1\n|-damage|p1b: Lucario|99/100\n|-ability|p1b: Lucario|Justified|boost\n|-boost|p1b: Lucario|atk|1\n|-resisted|p1b: Lucario|1\n|-damage|p1b: Lucario|97/100\n|-ability|p1b: Lucario|Justified|boost\n|-boost|p1b: Lucario|atk|1\n|-resisted|p1b: Lucario|1\n|-damage|p1b: Lucario|96/100\n|-ability|p1b: Lucario|Justified|boost\n|-boost|p1b: Lucario|atk|1\n|-resisted|p1b: Lucario|1\n|-damage|p1b: Lucario|94/100\n|-ability|p1b: Lucario|Justified|boost\n|-boost|p1b: Lucario|atk|1\n|-hitcount|p1b: Lucario|4\n|move|p2b: Archaludon|Flash Cannon|p1a: Whimsicott\n|-supereffective|p1a: Whimsicott|1\n|-damage|p1a: Whimsicott|0 fnt\n|faint|p1a: Whimsicott\n|\n|upkeep\n|inactive|12lightningstorm has 30 seconds left.\n|\n|t:|1776418403\n|switch|p1a: Meowstic|Meowstic, L50, M, shiny|100/100\n|turn|2\n|\n|t:|1776418423\n|detailschange|p1b: Lucario|Lucario-Mega, L50, M, shiny\n|-mega|p1b: Lucario|Lucario|Lucarionite\n|move|p2a: Aerodactyl|Protect|p2a: Aerodactyl\n|-singleturn|p2a: Aerodactyl|Protect\n|move|p1a: Meowstic|Fake Out|p2b: Archaludon\n|-resisted|p2b: Archaludon|1\n|-damage|p2b: Archaludon|98/100\n|move|p1b: Lucario|Bullet Punch|p2a: Aerodactyl\n|-activate|p2a: Aerodactyl|move: Protect\n|cant|p2b: Archaludon|flinch\n|\n|upkeep\n|turn|3\n|inactive|12lightningstorm has 30 seconds left.\n|\n|t:|1776418454\n|move|p2a: Aerodactyl|Tailwind|p2a: Aerodactyl\n|-sidestart|p2: Scartung|move: Tailwind\n|move|p2b: Archaludon|Draco Meteor|p1a: Meowstic\n|-damage|p1a: Meowstic|14/100\n|-unboost|p2b: Archaludon|spa|2\n|move|p1b: Lucario|Close Combat|p2b: Archaludon\n|-supereffective|p2b: Archaludon|1\n|-damage|p2b: Archaludon|0 fnt\n|-unboost|p1b: Lucario|def|1\n|-unboost|p1b: Lucario|spd|1\n|faint|p2b: Archaludon\n|move|p1a: Meowstic|Psychic|p2a: Aerodactyl\n|-damage|p2a: Aerodactyl|0 fnt\n|-enditem|p1a: Meowstic|Sitrus Berry|[eat]\n|-heal|p1a: Meowstic|39/100|[from] item: Sitrus Berry\n|faint|p2a: Aerodactyl\n|\n|upkeep\n|\n|t:|1776418471\n|switch|p2a: Kangaskhan|Kangaskhan, L50, F|100/100\n|switch|p2b: Tauros|Tauros-Paldea-Aqua, L50, M|100/100\n|-ability|p2b: Tauros|Intimidate|boost\n|-unboost|p1a: Meowstic|atk|1\n|-unboost|p1b: Lucario|atk|1\n|turn|4\n|\n|t:|1776418484\n|detailschange|p2a: Kangaskhan|Kangaskhan-Mega, L50, F\n|-mega|p2a: Kangaskhan|Kangaskhan|Kangaskhanite\n|move|p2a: Kangaskhan|Fake Out|p1b: Lucario\n|-resisted|p1b: Lucario|1\n|-damage|p1b: Lucario|73/100\n|-resisted|p1b: Lucario|1\n|-damage|p1b: Lucario|69/100\n|-hitcount|p1b: Lucario|2\n|move|p2b: Tauros|Close Combat|p1b: Lucario\n|-supereffective|p1b: Lucario|1\n|-damage|p1b: Lucario|0 fnt\n|-unboost|p2b: Tauros|def|1\n|-unboost|p2b: Tauros|spd|1\n|faint|p1b: Lucario\n|-enditem|p2b: Tauros|White Herb\n|-clearnegativeboost|p2b: Tauros|[silent]\n|move|p1a: Meowstic|Psychic|p2b: Tauros\n|-supereffective|p2b: Tauros|1\n|-damage|p2b: Tauros|10/100\n|\n|upkeep\n|\n|t:|1776418494\n|switch|p1b: Basculegion|Basculegion, L50, M, shiny|100/100\n|turn|5\n|inactive|Scartung has 30 seconds left.\n|inactive|Scartung has 20 seconds left.\n|\n|t:|1776418531\n|move|p2a: Kangaskhan|Sucker Punch|p1b: Basculegion\n|-supereffective|p1b: Basculegion|1\n|-damage|p1b: Basculegion|36/100\n|-supereffective|p1b: Basculegion|1\n|-damage|p1b: Basculegion|22/100\n|-hitcount|p1b: Basculegion|2\n|move|p1a: Meowstic|Rain Dance|p1a: Meowstic\n|-weather|RainDance\n|move|p2b: Tauros|Wave Crash|p1a: Meowstic\n|-damage|p1a: Meowstic|0 fnt\n|faint|p1a: Meowstic\n|-damage|p2b: Tauros|0 fnt|[from] Recoil\n|faint|p2b: Tauros\n|move|p1b: Basculegion|Wave Crash|p2a: Kangaskhan\n|-damage|p2a: Kangaskhan|0 fnt\n|faint|p2a: Kangaskhan\n|-damage|p1b: Basculegion|0 fnt|[from] Recoil\n|faint|p1b: Basculegion\n|\n|win|12lightningstorm\n|raw|12lightningstorm's rating: 1028 &rarr; <strong>1061</strong><br />(+33 for winning)\n|raw|Scartung's rating: 1000 &rarr; <strong>1000</strong><br />(+0 for losing)\n|l|\u2606Scartung\n|player|p2|\n",
  "uploadtime": 1776418551,
  "views": 19,
  "formatid": "gen9championsvgc2026regma",
  "rating": 1000,
  "private": 0,
  "password": null
}