{
  "id": "gen9championsvgc2026regma-2584063764",
  "format": "[Gen 9 Champions] VGC 2026 Reg M-A",
  "players": [
    "Zhang21",
    "kaloncpu57"
  ],
  "log": "|j|\u2606Zhang21\n|j|\u2606kaloncpu57\n|t:|1776221489\n|gametype|doubles\n|player|p1|Zhang21|1|1147\n|player|p2|kaloncpu57|steven|1123\n|gen|9\n|tier|[Gen 9 Champions] VGC 2026 Reg M-A\n|rated|\n|rule|Species Clause: Limit one of each Pok\u00e9mon\n|rule|Item Clause: Limit 1 of each item\n|clearpoke\n|poke|p1|Corviknight, L50, M|\n|poke|p1|Incineroar, L50, M|\n|poke|p1|Floette-Eternal, L50, F|\n|poke|p1|Sinistcha, L50|\n|poke|p1|Garchomp, L50, F|\n|poke|p1|Tyranitar, L50, M|\n|poke|p2|Skarmory, L50, F|\n|poke|p2|Whimsicott, L50, F|\n|poke|p2|Incineroar, L50, F|\n|poke|p2|Gardevoir, L50, M|\n|poke|p2|Garchomp, L50, F|\n|poke|p2|Azumarill, L50, F|\n|teampreview|4\n|inactive|Battle timer is ON: inactive players will automatically lose when time's up. (requested by kaloncpu57)\n|\n|t:|1776221519\n|teamsize|p1|4\n|teamsize|p2|4\n|start\n|switch|p1a: Corviknight|Corviknight, L50, M|100/100\n|switch|p1b: Garchomp|Garchomp, L50, F|100/100\n|switch|p2a: Skarmory|Skarmory, L50, F|100/100\n|switch|p2b: Whimsicott|Whimsicott, L50, F|100/100\n|turn|1\n|inactive|Zhang21 has 30 seconds left.\n|inactive|kaloncpu57 has 30 seconds left.\n|\n|t:|1776221552\n|switch|p2a: Incineroar|Incineroar, L50, F|100/100\n|-ability|p2a: Incineroar|Intimidate|boost\n|-ability|p1a: Corviknight|Mirror Armor\n|-unboost|p2a: Incineroar|atk|1\n|-unboost|p1b: Garchomp|atk|1\n|move|p1b: Garchomp|Rock Slide|p2b: Whimsicott|[spread] p2a,p2b\n|-supereffective|p2a: Incineroar|1\n|-damage|p2a: Incineroar|77/100\n|-damage|p2b: Whimsicott|80/100\n|move|p2b: Whimsicott|Moonblast|p1b: Garchomp\n|-supereffective|p1b: Garchomp|1\n|-damage|p1b: Garchomp|15/100\n|move|p1a: Corviknight|Brave Bird|p2b: Whimsicott\n|-supereffective|p2b: Whimsicott|1\n|-damage|p2b: Whimsicott|0 fnt\n|faint|p2b: Whimsicott\n|-damage|p1a: Corviknight|83/100|[from] Recoil\n|\n|-heal|p1a: Corviknight|89/100|[from] item: Leftovers\n|-heal|p2a: Incineroar|83/100|[from] item: Leftovers\n|upkeep\n|\n|t:|1776221564\n|switch|p2b: Gardevoir|Gardevoir, L50, M|100/100\n|turn|2\n|\n|t:|1776221577\n|move|p2a: Incineroar|Fake Out|p1a: Corviknight\n|-resisted|p1a: Corviknight|1\n|-damage|p1a: Corviknight|86/100\n|move|p1b: Garchomp|Earthquake|p2a: Incineroar|[spread] p2a,p2b\n|-immune|p1a: Corviknight\n|-supereffective|p2a: Incineroar|1\n|-damage|p2a: Incineroar|29/100\n|-damage|p2b: Gardevoir|44/100\n|move|p2b: Gardevoir|Dazzling Gleam|p1a: Corviknight|[spread] p1a,p1b\n|-resisted|p1a: Corviknight|1\n|-supereffective|p1b: Garchomp|1\n|-damage|p1a: Corviknight|68/100\n|-damage|p1b: Garchomp|0 fnt\n|faint|p1b: Garchomp\n|cant|p1a: Corviknight|flinch\n|\n|-heal|p1a: Corviknight|74/100|[from] item: Leftovers\n|-heal|p2a: Incineroar|35/100|[from] item: Leftovers\n|upkeep\n|\n|t:|1776221593\n|switch|p1b: Floette|Floette-Eternal, L50, F|100/100\n|turn|3\n|\n|t:|1776221606\n|move|p1b: Floette|Protect|p1b: Floette\n|-singleturn|p1b: Floette|Protect\n|move|p2b: Gardevoir|Thunderbolt|p1a: Corviknight\n|-supereffective|p1a: Corviknight|1\n|-damage|p1a: Corviknight|8/100\n|move|p1a: Corviknight|Brave Bird|p2b: Gardevoir\n|-damage|p2b: Gardevoir|0 fnt\n|faint|p2b: Gardevoir\n|-damage|p1a: Corviknight|0 fnt|[from] Recoil\n|faint|p1a: Corviknight\n|move|p2a: Incineroar|Parting Shot|p1b: Floette\n|-activate|p1b: Floette|move: Protect\n|\n|-heal|p2a: Incineroar|41/100|[from] item: Leftovers\n|upkeep\n|\n|t:|1776221611\n|switch|p2b: Skarmory|Skarmory, L50, F|100/100\n|switch|p1a: Sinistcha|Sinistcha, L50|100/100\n|turn|4\n|\n|t:|1776221627\n|detailschange|p1b: Floette|Floette-Mega, L50, F\n|-mega|p1b: Floette|Floette|Floettite\n|-ability|p1b: Floette|Fairy Aura\n|detailschange|p2b: Skarmory|Skarmory-Mega, L50, F\n|-mega|p2b: Skarmory|Skarmory|Skarmorite\n|move|p1a: Sinistcha|Rage Powder|p1a: Sinistcha\n|-singleturn|p1a: Sinistcha|move: Rage Powder\n|move|p2b: Skarmory|Iron Head|p1b: Floette\n|-supereffective|p1b: Floette|1\n|-damage|p1b: Floette|6/100\n|cant|p1b: Floette|flinch\n|move|p2a: Incineroar|Darkest Lariat|p1a: Sinistcha\n|-supereffective|p1a: Sinistcha|1\n|-damage|p1a: Sinistcha|63/100\n|\n|-heal|p2a: Incineroar|47/100|[from] item: Leftovers\n|upkeep\n|turn|5\n|\n|t:|1776221650\n|move|p1b: Floette|Protect|p1b: Floette\n|-singleturn|p1b: Floette|Protect\n|move|p2b: Skarmory|Iron Head|p1b: Floette\n|-activate|p1b: Floette|move: Protect\n|move|p2a: Incineroar|Darkest Lariat|p1a: Sinistcha\n|-supereffective|p1a: Sinistcha|1\n|-damage|p1a: Sinistcha|23/100\n|move|p1a: Sinistcha|Trick Room|p1a: Sinistcha\n|-fieldstart|move: Trick Room|[of] p1a: Sinistcha\n|\n|-heal|p2a: Incineroar|53/100|[from] item: Leftovers\n|upkeep\n|turn|6\n|\n|t:|1776221673\n|move|p2a: Incineroar|Darkest Lariat|p1a: Sinistcha\n|-supereffective|p1a: Sinistcha|1\n|-damage|p1a: Sinistcha|0 fnt\n|faint|p1a: Sinistcha\n|move|p1b: Floette|Moonblast|p2b: Skarmory\n|-resisted|p2b: Skarmory|1\n|-damage|p2b: Skarmory|53/100\n|move|p2b: Skarmory|Iron Head|p1b: Floette\n|-supereffective|p1b: Floette|1\n|-damage|p1b: Floette|0 fnt\n|faint|p1b: Floette\n|\n|win|kaloncpu57\n|raw|Zhang21's rating: 1147 &rarr; <strong>1120</strong><br />(-27 for losing)\n|raw|kaloncpu57's rating: 1123 &rarr; <strong>1150</strong><br />(+27 for winning)\n",
  "uploadtime": 1776221687,
  "views": 25,
  "formatid": "gen9championsvgc2026regma",
  "rating": 1120,
  "private": 0,
  "password": null
}