{
  "id": "gen9championsvgc2026regma-2587074318",
  "format": "[Gen 9 Champions] VGC 2026 Reg M-A",
  "players": [
    "pokezito14",
    "sisi1"
  ],
  "log": "|j|\u2606pokezito14\n|j|\u2606sisi1\n|t:|1776489891\n|gametype|doubles\n|player|p1|pokezito14|170|1174\n|player|p2|sisi1|dawn|1113\n|gen|9\n|tier|[Gen 9 Champions] VGC 2026 Reg M-A\n|rated|\n|rule|Species Clause: Limit one of each Pok\u00e9mon\n|rule|Item Clause: Limit 1 of each item\n|clearpoke\n|poke|p1|Aggron, L50, F, shiny|\n|poke|p1|Incineroar, L50, M|\n|poke|p1|Sinistcha, L50|\n|poke|p1|Tyranitar, L50, F|\n|poke|p1|Farigiraf, L50, F, shiny|\n|poke|p1|Sneasler, L50, M, shiny|\n|poke|p2|Maushold, L50|\n|poke|p2|Meowstic, L50, M|\n|poke|p2|Gallade, L50, M|\n|poke|p2|Talonflame, L50, F|\n|poke|p2|Alakazam, L50, M|\n|poke|p2|Ninetales-Alola, L50, F|\n|teampreview|4\n|inactive|Battle timer is ON: inactive players will automatically lose when time's up. (requested by sisi1)\n|\n|t:|1776489973\n|teamsize|p1|4\n|teamsize|p2|4\n|start\n|switch|p1a: Sneasler|Sneasler, L50, M, shiny|100/100\n|switch|p1b: Sinistcha|Sinistcha, L50|100/100\n|switch|p2a: Meowstic|Meowstic, L50, M|100/100\n|switch|p2b: Gallade|Gallade, L50, M|100/100\n|turn|1\n|inactive|sisi1 has 30 seconds left.\n|\n|t:|1776489998\n|move|p1a: Sneasler|Fake Out|p2b: Gallade\n|-damage|p2b: Gallade|80/100\n|move|p2a: Meowstic|Fake Out|p1a: Sneasler\n|-damage|p1a: Sneasler|92/100\n|cant|p2b: Gallade|flinch\n|move|p1b: Sinistcha|Trick Room|p1b: Sinistcha\n|-fieldstart|move: Trick Room|[of] p1b: Sinistcha\n|\n|upkeep\n|turn|2\n|\n|t:|1776490016\n|switch|p1a: Incineroar|Incineroar, L50, M|100/100\n|-ability|p1a: Incineroar|Intimidate|boost\n|-unboost|p2a: Meowstic|atk|1\n|-unboost|p2b: Gallade|atk|1\n|-enditem|p2b: Gallade|White Herb\n|-clearnegativeboost|p2b: Gallade|[silent]\n|move|p2a: Meowstic|Psychic Terrain|p2a: Meowstic\n|-fieldstart|move: Psychic Terrain\n|move|p1b: Sinistcha|Matcha Gotcha|p2b: Gallade|[spread] p2a,p2b\n|-damage|p2a: Meowstic|74/100\n|-damage|p2b: Gallade|50/100\n|move|p2b: Gallade|Trick Room|p2b: Gallade\n|-fieldend|move: Trick Room\n|\n|upkeep\n|turn|3\n|inactive|sisi1 has 30 seconds left.\n|\n|t:|1776490043\n|switch|p2a: Ninetales|Ninetales-Alola, L50, F|100/100\n|-weather|Snowscape|[from] ability: Snow Warning|[of] p2a: Ninetales\n|move|p2b: Gallade|Sacred Sword|p1a: Incineroar\n|-supereffective|p1a: Incineroar|1\n|-damage|p1a: Incineroar|0 fnt\n|faint|p1a: Incineroar\n|move|p1b: Sinistcha|Trick Room|p1b: Sinistcha\n|-fieldstart|move: Trick Room|[of] p1b: Sinistcha\n|\n|-weather|Snowscape|[upkeep]\n|upkeep\n|\n|t:|1776490053\n|switch|p1a: Aggron|Aggron, L50, F, shiny|100/100\n|turn|4\n|\n|t:|1776490071\n|detailschange|p1a: Aggron|Aggron-Mega, L50, F, shiny\n|-mega|p1a: Aggron|Aggron|Aggronite\n|move|p1a: Aggron|Heavy Slam|p2b: Gallade\n|-damage|p2b: Gallade|0 fnt\n|faint|p2b: Gallade\n|move|p1b: Sinistcha|Matcha Gotcha|p2a: Ninetales\n|-damage|p2a: Ninetales|60/100\n|move|p2a: Ninetales|Aurora Veil|p2a: Ninetales\n|-sidestart|p2: sisi1|move: Aurora Veil\n|\n|-weather|Snowscape|[upkeep]\n|upkeep\n|\n|t:|1776490082\n|switch|p2b: Alakazam|Alakazam, L50, M|100/100\n|turn|5\n|\n|t:|1776490092\n|switch|p1b: Sneasler|Sneasler, L50, M, shiny|92/100\n|detailschange|p2b: Alakazam|Alakazam-Mega, L50, M\n|-mega|p2b: Alakazam|Alakazam|Alakazite\n|-ability|p2b: Alakazam|Filter|Trace|[from] ability: Trace|[of] p1a: Aggron\n|move|p1a: Aggron|Heavy Slam|p2a: Ninetales\n|-supereffective|p2a: Ninetales|2\n|-damage|p2a: Ninetales|0 fnt\n|faint|p2a: Ninetales\n|move|p2b: Alakazam|Expanding Force|p1a: Aggron|[spread] p1a,p1b\n|-resisted|p1a: Aggron|1\n|-supereffective|p1b: Sneasler|2\n|-damage|p1a: Aggron|67/100\n|-damage|p1b: Sneasler|0 fnt\n|faint|p1b: Sneasler\n|\n|-weather|Snowscape|[upkeep]\n|upkeep\n|\n|t:|1776490106\n|switch|p2a: Meowstic|Meowstic, L50, M|74/100\n|switch|p1b: Sinistcha|Sinistcha, L50|100/100\n|-heal|p1a: Aggron|92/100|[from] ability: Hospitality|[of] p1b: Sinistcha\n|turn|6\n|\n|t:|1776490117\n|move|p2a: Meowstic|Gravity|p2a: Meowstic\n|-fieldstart|move: Gravity\n|move|p1a: Aggron|Heavy Slam|p2b: Alakazam\n|-damage|p2b: Alakazam|26/100\n|move|p1b: Sinistcha|Matcha Gotcha|p2a: Meowstic|[spread] p2a,p2b\n|-damage|p2a: Meowstic|59/100\n|-damage|p2b: Alakazam|4/100\n|move|p2b: Alakazam|Focus Blast|p1a: Aggron\n|-supereffective|p1a: Aggron|1\n|-damage|p1a: Aggron|22/100\n|\n|-weather|Snowscape|[upkeep]\n|-fieldend|move: Psychic Terrain\n|upkeep\n|turn|7\n|inactive|sisi1 has 30 seconds left.\n|\n|t:|1776490144\n|move|p2b: Alakazam|Protect|p2b: Alakazam\n|-singleturn|p2b: Alakazam|Protect\n|move|p2a: Meowstic|Psychic Terrain|p2a: Meowstic\n|-fieldstart|move: Psychic Terrain\n|move|p1a: Aggron|Heavy Slam|p2a: Meowstic\n|-damage|p2a: Meowstic|25/100\n|move|p1b: Sinistcha|Matcha Gotcha|p2a: Meowstic|[spread] p2a\n|-activate|p2b: Alakazam|move: Protect\n|-damage|p2a: Meowstic|9/100\n|\n|-weather|none\n|-fieldend|move: Trick Room\n|upkeep\n|turn|8\n|\n|t:|1776490160\n|move|p2a: Meowstic|Helping Hand|p2b: Alakazam\n|-singleturn|p2b: Alakazam|Helping Hand|[of] p2a: Meowstic\n|move|p1a: Aggron|Protect|p1a: Aggron\n|-singleturn|p1a: Aggron|Protect\n|move|p2b: Alakazam|Expanding Force|p1b: Sinistcha|[spread] p1b\n|-activate|p1a: Aggron|move: Protect\n|-damage|p1b: Sinistcha|0 fnt\n|faint|p1b: Sinistcha\n|\n|-sideend|p2: sisi1|move: Aurora Veil\n|upkeep\n|turn|9\n|\n|t:|1776490173\n|move|p2a: Meowstic|Helping Hand|p2b: Alakazam\n|-singleturn|p2b: Alakazam|Helping Hand|[of] p2a: Meowstic\n|move|p2b: Alakazam|Focus Blast|p1a: Aggron\n|-supereffective|p1a: Aggron|1\n|-damage|p1a: Aggron|0 fnt\n|faint|p1a: Aggron\n|\n|win|sisi1\n|raw|pokezito14's rating: 1174 &rarr; <strong>1145</strong><br />(-29 for losing)\n|raw|sisi1's rating: 1113 &rarr; <strong>1142</strong><br />(+29 for winning)\n|l|\u2606pokezito14\n|player|p1|\n",
  "uploadtime": 1776490183,
  "views": 31,
  "formatid": "gen9championsvgc2026regma",
  "rating": 1142,
  "private": 0,
  "password": null
}