{
  "id": "gen9championsvgc2026regma-2585740888",
  "format": "[Gen 9 Champions] VGC 2026 Reg M-A",
  "players": [
    "leobnr5",
    "Fneis"
  ],
  "log": "|j|\u2606leobnr5\n|j|\u2606Fneis\n|t:|1776367356\n|gametype|doubles\n|player|p1|leobnr5|blue|1327\n|player|p2|Fneis|265|1397\n|gen|9\n|tier|[Gen 9 Champions] VGC 2026 Reg M-A\n|rated|\n|rule|Species Clause: Limit one of each Pok\u00e9mon\n|rule|Item Clause: Limit 1 of each item\n|clearpoke\n|poke|p1|Sneasler, L50, F|\n|poke|p1|Aerodactyl, L50, F|\n|poke|p1|Froslass, L50, F|\n|poke|p1|Rotom-Wash, L50|\n|poke|p1|Garchomp, L50, M|\n|poke|p1|Charizard, L50, M|\n|poke|p2|Meganium, L50, M|\n|poke|p2|Archaludon, L50, F|\n|poke|p2|Pelipper, L50, F|\n|poke|p2|Basculegion, L50, M|\n|poke|p2|Sneasler, L50, F|\n|poke|p2|Farigiraf, L50, F|\n|teampreview|4\n|inactive|Battle timer is ON: inactive players will automatically lose when time's up. (requested by Fneis)\n|inactive|leobnr5 has 60 seconds left.\n|inactive|Fneis has 60 seconds left.\n|\n|t:|1776367407\n|teamsize|p1|4\n|teamsize|p2|4\n|start\n|switch|p1a: Rotom|Rotom-Wash, L50|100/100\n|switch|p1b: Garchomp|Garchomp, L50, M|100/100\n|switch|p2a: Cool Boy|Farigiraf, L50, F|100/100\n|switch|p2b: Muzammil Jr.|Basculegion, L50, M, shiny|100/100\n|turn|1\n|inactive|Fneis has 30 seconds left.\n|\n|t:|1776367442\n|switch|p2b: Muzammil|Meganium, L50, M|100/100\n|move|p1a: Rotom|Electroweb|p2b: Muzammil|[spread] p2a,p2b\n|-resisted|p2b: Muzammil|1\n|-damage|p2a: Cool Boy|86/100\n|-damage|p2b: Muzammil|92/100\n|-unboost|p2a: Cool Boy|spe|1\n|-unboost|p2b: Muzammil|spe|1\n|move|p1b: Garchomp|Earthquake|p2b: Muzammil|[spread] p2a,p2b\n|-immune|p1a: Rotom|[from] ability: Levitate\n|-crit|p2a: Cool Boy\n|-resisted|p2b: Muzammil|1\n|-damage|p2a: Cool Boy|34/100\n|-damage|p2b: Muzammil|68/100\n|-enditem|p2a: Cool Boy|Sitrus Berry|[eat]\n|-heal|p2a: Cool Boy|59/100|[from] item: Sitrus Berry\n|move|p2a: Cool Boy|Psychic|p1b: Garchomp\n|-damage|p1b: Garchomp|65/100\n|-unboost|p1b: Garchomp|spd|1\n|\n|upkeep\n|turn|2\n|\n|t:|1776367464\n|detailschange|p2b: Muzammil|Meganium-Mega, L50, M\n|-mega|p2b: Muzammil|Meganium|Meganiumite\n|move|p2b: Muzammil|Protect|p2b: Muzammil\n|-singleturn|p2b: Muzammil|Protect\n|move|p1a: Rotom|Electroweb|p2b: Muzammil|[spread] p2a\n|-activate|p2b: Muzammil|move: Protect\n|-damage|p2a: Cool Boy|45/100\n|-unboost|p2a: Cool Boy|spe|1\n|move|p1b: Garchomp|Stomping Tantrum|p2a: Cool Boy\n|-damage|p2a: Cool Boy|5/100\n|move|p2a: Cool Boy|Trick Room|p2a: Cool Boy\n|-fieldstart|move: Trick Room|[of] p2a: Cool Boy\n|\n|upkeep\n|turn|3\n|\n|t:|1776367479\n|move|p2a: Cool Boy|Psychic|p1b: Garchomp\n|-damage|p1b: Garchomp|6/100\n|move|p2b: Muzammil|Solar Beam||[still]\n|-prepare|p2b: Muzammil|Solar Beam\n|-activate|p2b: Muzammil|ability: Mega Sol\n|-anim|p2b: Muzammil|Solar Beam|p1a: Rotom\n|-supereffective|p1a: Rotom|1\n|-damage|p1a: Rotom|0 fnt\n|faint|p1a: Rotom\n|move|p1b: Garchomp|Earthquake|p2b: Muzammil|[spread] p2a,p2b\n|-resisted|p2b: Muzammil|1\n|-damage|p2a: Cool Boy|0 fnt\n|-damage|p2b: Muzammil|48/100\n|faint|p2a: Cool Boy\n|\n|upkeep\n|\n|t:|1776367492\n|switch|p2a: Danial|Pelipper, L50, F|100/100\n|switch|p1a: Aerodactyl|Aerodactyl, L50, F|100/100\n|-ability|p1a: Aerodactyl|Unnerve\n|-weather|RainDance|[from] ability: Drizzle|[of] p2a: Danial\n|turn|4\n|\n|t:|1776367510\n|move|p1a: Aerodactyl|Protect|p1a: Aerodactyl\n|-singleturn|p1a: Aerodactyl|Protect\n|move|p2b: Muzammil|Dazzling Gleam|p1b: Garchomp|[spread] p1b\n|-activate|p1a: Aerodactyl|move: Protect\n|-supereffective|p1b: Garchomp|1\n|-damage|p1b: Garchomp|0 fnt\n|faint|p1b: Garchomp\n|move|p2a: Danial|Weather Ball|p1a: Aerodactyl\n|-activate|p1a: Aerodactyl|move: Protect\n|\n|-weather|RainDance|[upkeep]\n|upkeep\n|\n|t:|1776367521\n|switch|p1b: Froslass|Froslass, L50, F|100/100\n|turn|5\n|\n|t:|1776367538\n|detailschange|p1b: Froslass|Froslass-Mega, L50, F\n|-mega|p1b: Froslass|Froslass|Froslassite\n|-weather|Snowscape|[from] ability: Snow Warning|[of] p1b: Froslass\n|move|p2b: Muzammil|Weather Ball|p1b: Froslass\n|-supereffective|p1b: Froslass|1\n|-damage|p1b: Froslass|0 fnt\n|faint|p1b: Froslass\n|move|p2a: Danial|Weather Ball|p1a: Aerodactyl\n|-supereffective|p1a: Aerodactyl|1\n|-damage|p1a: Aerodactyl|39/100\n|move|p1a: Aerodactyl|Dual Wingbeat|p2b: Muzammil\n|-supereffective|p2b: Muzammil|1\n|-damage|p2b: Muzammil|16/100\n|-supereffective|p2b: Muzammil|1\n|-crit|p2b: Muzammil\n|-damage|p2b: Muzammil|0 fnt\n|faint|p2b: Muzammil\n|-hitcount|p2: Muzammil|2\n|\n|-weather|Snowscape|[upkeep]\n|upkeep\n|\n|t:|1776367551\n|switch|p2b: Muzammil Jr.|Basculegion, L50, M, shiny|100/100\n|turn|6\n|\n|t:|1776367558\n|move|p1a: Aerodactyl|Protect|p1a: Aerodactyl\n|-singleturn|p1a: Aerodactyl|Protect\n|move|p2b: Muzammil Jr.|Aqua Jet|p1a: Aerodactyl\n|-activate|p1a: Aerodactyl|move: Protect\n|move|p2a: Danial|Weather Ball|p1a: Aerodactyl\n|-activate|p1a: Aerodactyl|move: Protect\n|\n|-weather|Snowscape|[upkeep]\n|-fieldend|move: Trick Room\n|upkeep\n|turn|7\n|\n|t:|1776367563\n|move|p2b: Muzammil Jr.|Aqua Jet|p1a: Aerodactyl\n|-supereffective|p1a: Aerodactyl|1\n|-damage|p1a: Aerodactyl|0 fnt\n|faint|p1a: Aerodactyl\n|\n|win|Fneis\n|raw|leobnr5's rating: 1327 &rarr; <strong>1311</strong><br />(-16 for losing)\n|raw|Fneis's rating: 1397 &rarr; <strong>1413</strong><br />(+16 for winning)\n|l|\u2606leobnr5\n|player|p1|\n",
  "uploadtime": 1776367580,
  "views": 26,
  "formatid": "gen9championsvgc2026regma",
  "rating": 1311,
  "private": 0,
  "password": null
}