{
  "id": "gen9championsvgc2026regma-2587134319",
  "format": "[Gen 9 Champions] VGC 2026 Reg M-A",
  "players": [
    "Zhi2",
    "BHeast42"
  ],
  "log": "|j|\u2606Zhi2\n|j|\u2606BHeast42\n|t:|1776498353\n|gametype|doubles\n|player|p1|Zhi2|1|1230\n|player|p2|BHeast42|2|1232\n|gen|9\n|tier|[Gen 9 Champions] VGC 2026 Reg M-A\n|rated|\n|rule|Species Clause: Limit one of each Pok\u00e9mon\n|rule|Item Clause: Limit 1 of each item\n|clearpoke\n|poke|p1|Pelipper, L50, M|\n|poke|p1|Blastoise, L50, F|\n|poke|p1|Starmie, L50|\n|poke|p1|Sinistcha, L50|\n|poke|p1|Kingambit, L50, F|\n|poke|p1|Garchomp, L50, M|\n|poke|p2|Torkoal, L50, F|\n|poke|p2|Slowbro, L50, F|\n|poke|p2|Kingambit, L50, F|\n|poke|p2|Oranguru, L50, F|\n|poke|p2|Sinistcha-Masterpiece, L50|\n|poke|p2|Aggron, L50, M|\n|teampreview|4\n|inactive|Battle timer is ON: inactive players will automatically lose when time's up. (requested by BHeast42)\n|inactive|Zhi2 has 60 seconds left.\n|inactive|BHeast42 has 60 seconds left.\n|\n|t:|1776498388\n|teamsize|p1|4\n|teamsize|p2|4\n|start\n|switch|p1a: Kingambit|Kingambit, L50, F|100/100\n|switch|p1b: Garchomp|Garchomp, L50, M|100/100\n|switch|p2a: Slowbro|Slowbro, L50, F|100/100\n|switch|p2b: Oranguru|Oranguru, L50, F|100/100\n|turn|1\n|\n|t:|1776498402\n|move|p2b: Oranguru|Protect|p2b: Oranguru\n|-singleturn|p2b: Oranguru|Protect\n|move|p2a: Slowbro|Protect|p2a: Slowbro\n|-singleturn|p2a: Slowbro|Protect\n|move|p1b: Garchomp|Rock Slide|p2a: Slowbro|[spread] \n|-activate|p2a: Slowbro|move: Protect\n|-activate|p2b: Oranguru|move: Protect\n|move|p1a: Kingambit|Iron Head|p2b: Oranguru\n|-activate|p2b: Oranguru|move: Protect\n|\n|upkeep\n|turn|2\n|\n|t:|1776498414\n|move|p1b: Garchomp|Rock Slide|p2b: Oranguru|[spread] p2a,p2b\n|-damage|p2a: Slowbro|82/100\n|-damage|p2b: Oranguru|85/100\n|move|p2b: Oranguru|Psychic Terrain|p2b: Oranguru\n|-fieldstart|move: Psychic Terrain\n|move|p1a: Kingambit|Iron Head|p2b: Oranguru\n|-damage|p2b: Oranguru|41/100\n|move|p2a: Slowbro|Trick Room|p2a: Slowbro\n|-fieldstart|move: Trick Room|[of] p2a: Slowbro\n|\n|upkeep\n|turn|3\n|\n|t:|1776498431\n|switch|p1b: Blastoise|Blastoise, L50, F|100/100\n|move|p2a: Slowbro|Expanding Force|p1b: Blastoise|[spread] p1b\n|-immune|p1a: Kingambit\n|-damage|p1b: Blastoise|33/100\n|move|p1a: Kingambit|Iron Head|p2b: Oranguru\n|-damage|p2b: Oranguru|0 fnt\n|faint|p2b: Oranguru\n|\n|upkeep\n|\n|t:|1776498442\n|switch|p2b: Sinistcha|Sinistcha-Masterpiece, L50|100/100\n|-heal|p2a: Slowbro|100/100|[from] ability: Hospitality|[of] p2b: Sinistcha\n|turn|4\n|\n|t:|1776498457\n|move|p1a: Kingambit|Protect|p1a: Kingambit\n|-singleturn|p1a: Kingambit|Protect\n|move|p2a: Slowbro|Expanding Force|p1a: Kingambit|[spread] p1b\n|-activate|p1a: Kingambit|move: Protect\n|-damage|p1b: Blastoise|0 fnt\n|faint|p1b: Blastoise\n|move|p2b: Sinistcha|Matcha Gotcha|p1a: Kingambit\n|-activate|p1a: Kingambit|move: Protect\n|\n|upkeep\n|\n|t:|1776498469\n|switch|p1b: Pelipper|Pelipper, L50, M|100/100\n|-weather|RainDance|[from] ability: Drizzle|[of] p1b: Pelipper\n|turn|5\n|\n|t:|1776498493\n|move|p1b: Pelipper|Wide Guard|p1b: Pelipper\n|-singleturn|p1b: Pelipper|Wide Guard\n|move|p2a: Slowbro|Muddy Water|p1a: Kingambit|[spread] \n|-activate|p1a: Kingambit|move: Wide Guard\n|-activate|p1b: Pelipper|move: Wide Guard\n|move|p1a: Kingambit|Iron Head|p2b: Sinistcha\n|-damage|p2b: Sinistcha|51/100\n|move|p2b: Sinistcha|Matcha Gotcha|p1a: Kingambit|[spread] \n|-activate|p1a: Kingambit|move: Wide Guard\n|-activate|p1b: Pelipper|move: Wide Guard\n|\n|-weather|RainDance|[upkeep]\n|-heal|p2b: Sinistcha|57/100|[from] item: Leftovers\n|upkeep\n|turn|6\n|\n|t:|1776498509\n|move|p2a: Slowbro|Protect|p2a: Slowbro\n|-singleturn|p2a: Slowbro|Protect\n|move|p1a: Kingambit|Protect|p1a: Kingambit\n|-singleturn|p1a: Kingambit|Protect\n|move|p2b: Sinistcha|Protect|p2b: Sinistcha\n|-singleturn|p2b: Sinistcha|Protect\n|move|p1b: Pelipper|Hurricane|p2b: Sinistcha\n|-activate|p2b: Sinistcha|move: Protect\n|\n|-weather|RainDance|[upkeep]\n|-heal|p2b: Sinistcha|63/100|[from] item: Leftovers\n|-fieldend|move: Trick Room\n|-fieldend|move: Psychic Terrain\n|upkeep\n|turn|7\n|\n|t:|1776498522\n|switch|p2b: Torkoal|Torkoal, L50, F|100/100\n|-weather|SunnyDay|[from] ability: Drought|[of] p2b: Torkoal\n|move|p1b: Pelipper|Hurricane|p2b: Torkoal\n|-damage|p2b: Torkoal|58/100\n|move|p1a: Kingambit|Iron Head|p2a: Slowbro\n|-resisted|p2a: Slowbro|1\n|-damage|p2a: Slowbro|75/100\n|cant|p2a: Slowbro|flinch\n|\n|-weather|SunnyDay|[upkeep]\n|upkeep\n|turn|8\n|inactive|Zhi2 has 30 seconds left.\n|\n|t:|1776498549\n|switch|p1a: Garchomp|Garchomp, L50, M|100/100\n|switch|p2b: Sinistcha|Sinistcha-Masterpiece, L50|63/100\n|-heal|p2a: Slowbro|99/100|[from] ability: Hospitality|[of] p2b: Sinistcha\n|move|p1b: Pelipper|Wide Guard|p1b: Pelipper\n|-singleturn|p1b: Pelipper|Wide Guard\n|move|p2a: Slowbro|Trick Room|p2a: Slowbro\n|-fieldstart|move: Trick Room|[of] p2a: Slowbro\n|\n|-weather|SunnyDay|[upkeep]\n|-heal|p2b: Sinistcha|70/100|[from] item: Leftovers\n|upkeep\n|turn|9\n|inactive|Zhi2 has 30 seconds left.\n|\n|t:|1776498576\n|move|p1b: Pelipper|Wide Guard|p1b: Pelipper\n|-singleturn|p1b: Pelipper|Wide Guard\n|move|p2a: Slowbro|Expanding Force|p1a: Garchomp\n|-damage|p1a: Garchomp|61/100\n|move|p2b: Sinistcha|Matcha Gotcha|p1a: Garchomp|[spread] \n|-activate|p1a: Garchomp|move: Wide Guard\n|-activate|p1b: Pelipper|move: Wide Guard\n|move|p1a: Garchomp|Earthquake|p2b: Sinistcha|[spread] p2a,p2b\n|-activate|p1b: Pelipper|move: Wide Guard\n|-resisted|p2b: Sinistcha|1\n|-damage|p2a: Slowbro|66/100\n|-damage|p2b: Sinistcha|48/100\n|\n|-weather|SunnyDay|[upkeep]\n|-heal|p2b: Sinistcha|54/100|[from] item: Leftovers\n|upkeep\n|turn|10\n|\n|t:|1776498594\n|move|p1b: Pelipper|Wide Guard|p1b: Pelipper\n|-singleturn|p1b: Pelipper|Wide Guard\n|move|p2a: Slowbro|Expanding Force|p1a: Garchomp\n|-damage|p1a: Garchomp|20/100\n|move|p2b: Sinistcha|Matcha Gotcha|p1b: Pelipper|[spread] \n|-activate|p1a: Garchomp|move: Wide Guard\n|-activate|p1b: Pelipper|move: Wide Guard\n|move|p1a: Garchomp|Earthquake|p2b: Sinistcha|[spread] p2a,p2b\n|-activate|p1b: Pelipper|move: Wide Guard\n|-resisted|p2b: Sinistcha|1\n|-damage|p2a: Slowbro|32/100\n|-damage|p2b: Sinistcha|33/100\n|-enditem|p2a: Slowbro|Sitrus Berry|[eat]\n|-heal|p2a: Slowbro|56/100|[from] item: Sitrus Berry\n|\n|-weather|SunnyDay|[upkeep]\n|-heal|p2b: Sinistcha|39/100|[from] item: Leftovers\n|upkeep\n|turn|11\n|\n|t:|1776498616\n|switch|p1a: Kingambit|Kingambit, L50, F|100/100\n|move|p1b: Pelipper|Wide Guard|p1b: Pelipper\n|-singleturn|p1b: Pelipper|Wide Guard\n|move|p2a: Slowbro|Expanding Force|p1a: Kingambit\n|-immune|p1a: Kingambit\n|move|p2b: Sinistcha|Matcha Gotcha|p1a: Kingambit|[spread] \n|-activate|p1a: Kingambit|move: Wide Guard\n|-activate|p1b: Pelipper|move: Wide Guard\n|\n|-weather|none\n|-heal|p2b: Sinistcha|45/100|[from] item: Leftovers\n|upkeep\n|turn|12\n|\n|t:|1776498639\n|switch|p1b: Garchomp|Garchomp, L50, M|20/100\n|move|p1a: Kingambit|Protect|p1a: Kingambit\n|-singleturn|p1a: Kingambit|Protect\n|move|p2a: Slowbro|Trick Room|p2a: Slowbro\n|-fieldend|move: Trick Room\n|move|p2b: Sinistcha|Trick Room|p2b: Sinistcha\n|-fieldstart|move: Trick Room|[of] p2b: Sinistcha\n|\n|-heal|p2b: Sinistcha|51/100|[from] item: Leftovers\n|upkeep\n|turn|13\n|inactive|Zhi2 has 30 seconds left.\n|\n|t:|1776498667\n|move|p2a: Slowbro|Expanding Force|p1b: Garchomp\n|-damage|p1b: Garchomp|0 fnt\n|faint|p1b: Garchomp\n|move|p1a: Kingambit|Iron Head|p2b: Sinistcha\n|-damage|p2b: Sinistcha|0 fnt\n|faint|p2b: Sinistcha\n|\n|upkeep\n|\n|t:|1776498674\n|switch|p2b: Torkoal|Torkoal, L50, F|58/100\n|switch|p1b: Pelipper|Pelipper, L50, M|100/100\n|-weather|SunnyDay|[from] ability: Drought|[of] p2b: Torkoal\n|-weather|RainDance|[from] ability: Drizzle|[of] p1b: Pelipper\n|turn|14\n|\n|t:|1776498689\n|move|p1a: Kingambit|Sucker Punch|p2a: Slowbro\n|-supereffective|p2a: Slowbro|1\n|-damage|p2a: Slowbro|0 fnt\n|faint|p2a: Slowbro\n|move|p2b: Torkoal|Earth Power|p1a: Kingambit\n|-supereffective|p1a: Kingambit|1\n|-damage|p1a: Kingambit|47/100\n|move|p1b: Pelipper|Hurricane|p2b: Torkoal\n|-damage|p2b: Torkoal|16/100\n|\n|-weather|RainDance|[upkeep]\n|upkeep\n|turn|15\n|-message|BHeast42 forfeited.\n|\n|win|Zhi2\n|raw|Zhi2's rating: 1230 &rarr; <strong>1255</strong><br />(+25 for winning)\n|raw|BHeast42's rating: 1232 &rarr; <strong>1207</strong><br />(-25 for losing)\n|l|\u2606BHeast42\n|player|p2|\n",
  "uploadtime": 1776498703,
  "views": 33,
  "formatid": "gen9championsvgc2026regma",
  "rating": 1207,
  "private": 0,
  "password": null
}