{
  "id": "gen9championsvgc2026regma-2587636575",
  "format": "[Gen 9 Champions] VGC 2026 Reg M-A",
  "players": [
    "24Smguld",
    "juadravgc"
  ],
  "log": "|j|\u260624Smguld\n|j|\u2606juadravgc\n|t:|1776549131\n|gametype|doubles\n|player|p1|24Smguld|101|1420\n|player|p2|juadravgc|2|1412\n|gen|9\n|tier|[Gen 9 Champions] VGC 2026 Reg M-A\n|rated|\n|rule|Species Clause: Limit one of each Pok\u00e9mon\n|rule|Item Clause: Limit 1 of each item\n|clearpoke\n|poke|p1|Meganium, L50, M|\n|poke|p1|Aerodactyl, L50, F|\n|poke|p1|Incineroar, L50, F|\n|poke|p1|Farigiraf, L50, F|\n|poke|p1|Kingambit, L50, F|\n|poke|p1|Basculegion, L50, M|\n|poke|p2|Delphox, L50, F|\n|poke|p2|Sneasler, L50, F|\n|poke|p2|Kingambit, L50, F|\n|poke|p2|Aerodactyl, L50, M|\n|poke|p2|Garchomp, L50, F|\n|poke|p2|Gardevoir, L50, F|\n|teampreview|4\n|inactive|Battle timer is ON: inactive players will automatically lose when time's up. (requested by juadravgc)\n|inactive|24Smguld has 60 seconds left.\n|inactive|juadravgc has 60 seconds left.\n|\n|t:|1776549182\n|teamsize|p1|4\n|teamsize|p2|4\n|start\n|switch|p1a: Meganium|Meganium, L50, M|100/100\n|switch|p1b: Incineroar|Incineroar, L50, F|100/100\n|switch|p2a: Kingambit|Kingambit, L50, F|100/100\n|switch|p2b: Garchomp|Garchomp, L50, F|100/100\n|-ability|p1b: Incineroar|Intimidate|boost\n|-unboost|p2a: Kingambit|atk|1\n|-ability|p2a: Kingambit|Defiant|boost\n|-boost|p2a: Kingambit|atk|2\n|-unboost|p2b: Garchomp|atk|1\n|turn|1\n|\n|t:|1776549204\n|detailschange|p1a: Meganium|Meganium-Mega, L50, M\n|-mega|p1a: Meganium|Meganium|Meganiumite\n|move|p2a: Kingambit|Protect|p2a: Kingambit\n|-singleturn|p2a: Kingambit|Protect\n|move|p1b: Incineroar|Fake Out|p2b: Garchomp\n|-damage|p2b: Garchomp|88/100\n|-damage|p1b: Incineroar|88/100|[from] ability: Rough Skin|[of] p2b: Garchomp\n|cant|p2b: Garchomp|flinch\n|move|p1a: Meganium|Weather Ball|p2a: Kingambit\n|-activate|p2a: Kingambit|move: Protect\n|\n|-heal|p2b: Garchomp|94/100|[from] item: Leftovers\n|upkeep\n|turn|2\n|inactive|24Smguld has 30 seconds left.\n|inactive|24Smguld has 20 seconds left.\n|inactive|24Smguld has 15 seconds left.\n|\n|t:|1776549247\n|move|p1a: Meganium|Protect|p1a: Meganium\n|-singleturn|p1a: Meganium|Protect\n|move|p2b: Garchomp|Rock Slide|p1a: Meganium|[spread] \n|-activate|p1a: Meganium|move: Protect\n|-miss|p2b: Garchomp|p1b: Incineroar\n|move|p1b: Incineroar|Will-O-Wisp|p2a: Kingambit\n|-status|p2a: Kingambit|brn\n|move|p2a: Kingambit|Iron Head|p1a: Meganium\n|-activate|p1a: Meganium|move: Protect\n|\n|-heal|p2b: Garchomp|100/100|[from] item: Leftovers\n|-damage|p2a: Kingambit|95/100 brn|[from] brn\n|upkeep\n|turn|3\n|inactive|24Smguld has 30 seconds left.\n|\n|t:|1776549275\n|move|p2b: Garchomp|Rock Slide|p1a: Meganium|[spread] p1a,p1b\n|-supereffective|p1b: Incineroar|1\n|-damage|p1a: Meganium|89/100\n|-damage|p1b: Incineroar|64/100\n|move|p1a: Meganium|Weather Ball|p2a: Kingambit\n|-supereffective|p2a: Kingambit|1\n|-damage|p2a: Kingambit|0 fnt\n|faint|p2a: Kingambit\n|move|p1b: Incineroar|Parting Shot|p2b: Garchomp\n|-unboost|p2b: Garchomp|atk|1\n|-unboost|p2b: Garchomp|spa|1\n|\n|t:|1776549289\n|switch|p1b: Farigiraf|Farigiraf, L50, F|100/100|[from] Parting Shot\n|\n|upkeep\n|\n|t:|1776549303\n|switch|p2a: Delphox|Delphox, L50, F|100/100\n|turn|4\n|\n|t:|1776549312\n|switch|p2b: Gardevoir|Gardevoir, L50, F|100/100\n|-ability|p2b: Gardevoir|Mega Sol|Trace|[from] ability: Trace|[of] p1a: Meganium\n|detailschange|p2a: Delphox|Delphox-Mega, L50, F\n|-mega|p2a: Delphox|Delphox|Delphoxite\n|move|p1a: Meganium|Protect|p1a: Meganium\n|-singleturn|p1a: Meganium|Protect\n|move|p2a: Delphox|Heat Wave|p1a: Meganium|[spread] p1b\n|-activate|p1a: Meganium|move: Protect\n|-damage|p1b: Farigiraf|59/100\n|-status|p1b: Farigiraf|brn\n|move|p1b: Farigiraf|Trick Room|p1b: Farigiraf\n|-fieldstart|move: Trick Room|[of] p1b: Farigiraf\n|\n|-damage|p1b: Farigiraf|53/100 brn|[from] brn\n|upkeep\n|turn|5\n|inactive|24Smguld has 30 seconds left.\n|inactive|24Smguld has 20 seconds left.\n|\n|t:|1776549350\n|move|p1b: Farigiraf|Hyper Voice|p2b: Gardevoir|[spread] p2a,p2b\n|-damage|p2a: Delphox|65/100\n|-damage|p2b: Gardevoir|63/100\n|move|p1a: Meganium|Dazzling Gleam|p2a: Delphox|[spread] p2a,p2b\n|-resisted|p2a: Delphox|1\n|-damage|p2a: Delphox|48/100\n|-damage|p2b: Gardevoir|24/100\n|move|p2b: Gardevoir|Dazzling Gleam|p1b: Farigiraf|[spread] p1a,p1b\n|-crit|p1a: Meganium\n|-damage|p1a: Meganium|45/100\n|-damage|p1b: Farigiraf|19/100 brn\n|move|p2a: Delphox|Heat Wave|p1b: Farigiraf|[spread] p1a,p1b\n|-supereffective|p1a: Meganium|1\n|-damage|p1a: Meganium|0 fnt\n|-damage|p1b: Farigiraf|0 fnt\n|faint|p1a: Meganium\n|faint|p1b: Farigiraf\n|\n|upkeep\n|\n|t:|1776549366\n|switch|p1b: Basculegion|Basculegion, L50, M|100/100\n|switch|p1a: Incineroar|Incineroar, L50, F|64/100\n|-ability|p1a: Incineroar|Intimidate|boost\n|-unboost|p2a: Delphox|atk|1\n|-unboost|p2b: Gardevoir|atk|1\n|turn|6\n|inactive|24Smguld has 30 seconds left.\n|\n|t:|1776549392\n|move|p2a: Delphox|Protect|p2a: Delphox\n|-singleturn|p2a: Delphox|Protect\n|move|p1a: Incineroar|Fake Out|p2a: Delphox\n|-activate|p2a: Delphox|move: Protect\n|move|p1b: Basculegion|Aqua Jet|p2b: Gardevoir\n|-damage|p2b: Gardevoir|0 fnt\n|faint|p2b: Gardevoir\n|\n|upkeep\n|-message|juadravgc forfeited.\n|\n|win|24Smguld\n|raw|24Smguld's rating: 1420 &rarr; <strong>1440</strong><br />(+20 for winning)\n|raw|juadravgc's rating: 1412 &rarr; <strong>1392</strong><br />(-20 for losing)\n|l|\u2606juadravgc\n|player|p2|\n|l|\u260624Smguld\n|player|p1|\n",
  "uploadtime": 1776549434,
  "views": 16,
  "formatid": "gen9championsvgc2026regma",
  "rating": 1392,
  "private": 0,
  "password": null
}