{
  "id": "gen9championsvgc2026regma-2585124588",
  "format": "[Gen 9 Champions] VGC 2026 Reg M-A",
  "players": [
    "TonyMacaroni5678",
    "MaflaMike"
  ],
  "log": "|j|\u2606TonyMacaroni5678\n|j|\u2606MaflaMike\n|t:|1776314648\n|gametype|doubles\n|player|p1|TonyMacaroni5678|101|1108\n|player|p2|MaflaMike|169|1067\n|gen|9\n|tier|[Gen 9 Champions] VGC 2026 Reg M-A\n|rated|\n|rule|Species Clause: Limit one of each Pok\u00e9mon\n|rule|Item Clause: Limit 1 of each item\n|clearpoke\n|poke|p1|Glimmora, L50, F|\n|poke|p1|Decidueye-Hisui, L50, M|\n|poke|p1|Palafin, L50, M|\n|poke|p1|Ninetales-Alola, L50, F|\n|poke|p1|Whimsicott, L50, F|\n|poke|p1|Arcanine-Hisui, L50, M|\n|poke|p2|Charizard, L50, M|\n|poke|p2|Gardevoir, L50, M|\n|poke|p2|Sinistcha, L50|\n|poke|p2|Garchomp, L50, F|\n|poke|p2|Corviknight, L50, M|\n|poke|p2|Talonflame, L50, F|\n|teampreview|4\n|inactive|Battle timer is ON: inactive players will automatically lose when time's up. (requested by TonyMacaroni5678)\nTonyMacaroni5678 has agreed to open team sheets.\n|inactive|TonyMacaroni5678 has 60 seconds left.\n|\n|t:|1776314687\n|teamsize|p1|4\n|teamsize|p2|4\n|start\n|switch|p1a: Whimsicott|Whimsicott, L50, F|100/100\n|switch|p1b: Arcanine|Arcanine-Hisui, L50, M|100/100\n|switch|p2a: Talonflame|Talonflame, L50, F|100/100\n|switch|p2b: Garchomp|Garchomp, L50, F|100/100\n|-ability|p1b: Arcanine|Intimidate|boost\n|-unboost|p2a: Talonflame|atk|1\n|-unboost|p2b: Garchomp|atk|1\n|turn|1\n|\n|t:|1776314703\n|move|p2a: Talonflame|Brave Bird|p1a: Whimsicott\n|-supereffective|p1a: Whimsicott|1\n|-damage|p1a: Whimsicott|31/100\n|-damage|p2a: Talonflame|76/100|[from] Recoil\n|move|p1a: Whimsicott|Tailwind|p1a: Whimsicott\n|-sidestart|p1: TonyMacaroni5678|move: Tailwind\n|move|p1b: Arcanine|Rock Slide|p2b: Garchomp|[spread] p2a\n|-miss|p1b: Arcanine|p2b: Garchomp\n|-supereffective|p2a: Talonflame|2\n|-enditem|p2a: Talonflame|Charti Berry|[eat]\n|-enditem|p2a: Talonflame|Charti Berry|[weaken]\n|-damage|p2a: Talonflame|2/100\n|move|p2b: Garchomp|Earthquake|p1b: Arcanine|[spread] p1a,p1b\n|-immune|p2a: Talonflame\n|-resisted|p1a: Whimsicott|1\n|-supereffective|p1b: Arcanine|2\n|-damage|p1a: Whimsicott|14/100\n|-damage|p1b: Arcanine|0 fnt\n|faint|p1b: Arcanine\n|\n|upkeep\n|inactive|TonyMacaroni5678 has 30 seconds left.\n|\n|t:|1776314729\n|switch|p1b: Ninetales|Ninetales-Alola, L50, F|100/100\n|-weather|Snowscape|[from] ability: Snow Warning|[of] p1b: Ninetales\n|turn|2\n|\n|t:|1776314743\n|switch|p2b: Corviknight|Corviknight, L50, M|100/100\n|move|p1a: Whimsicott|Moonblast|p2a: Talonflame\n|-resisted|p2a: Talonflame|1\n|-damage|p2a: Talonflame|0 fnt\n|faint|p2a: Talonflame\n|move|p1b: Ninetales|Blizzard|p2b: Corviknight\n|-damage|p2b: Corviknight|68/100\n|\n|-weather|Snowscape|[upkeep]\n|-heal|p2b: Corviknight|74/100|[from] item: Leftovers\n|upkeep\n|\n|t:|1776314758\n|switch|p2a: Gardevoir|Gardevoir, L50, M|100/100\n|turn|3\n|\n|t:|1776314782\n|detailschange|p2a: Gardevoir|Gardevoir-Mega, L50, M\n|-mega|p2a: Gardevoir|Gardevoir|Gardevoirite\n|move|p1a: Whimsicott|Taunt|p2a: Gardevoir\n|-start|p2a: Gardevoir|move: Taunt\n|move|p1b: Ninetales|Aurora Veil|p1b: Ninetales\n|-sidestart|p1: TonyMacaroni5678|move: Aurora Veil\n|move|p2a: Gardevoir|Hyper Voice|p1b: Ninetales|[spread] p1a,p1b\n|-damage|p1a: Whimsicott|0 fnt\n|-damage|p1b: Ninetales|58/100\n|faint|p1a: Whimsicott\n|move|p2b: Corviknight|Brave Bird|p1b: Ninetales\n|-damage|p1b: Ninetales|33/100\n|-damage|p2b: Corviknight|68/100|[from] Recoil\n|\n|-weather|Snowscape|[upkeep]\n|-heal|p2b: Corviknight|74/100|[from] item: Leftovers\n|upkeep\n|\n|t:|1776314794\n|switch|p1a: Glimmora|Glimmora, L50, F|100/100\n|turn|4\n|\n|t:|1776314810\n|detailschange|p1a: Glimmora|Glimmora-Mega, L50, F\n|-mega|p1a: Glimmora|Glimmora|Glimmoranite\n|move|p1b: Ninetales|Blizzard|p2b: Corviknight|[spread] p2a,p2b\n|-damage|p2a: Gardevoir|72/100\n|-damage|p2b: Corviknight|50/100\n|-status|p2b: Corviknight|frz\n|move|p1a: Glimmora|Sludge Bomb|p2a: Gardevoir\n|-supereffective|p2a: Gardevoir|1\n|-damage|p2a: Gardevoir|0 fnt\n|faint|p2a: Gardevoir\n|cant|p2b: Corviknight|frz\n|\n|-weather|Snowscape|[upkeep]\n|-heal|p2b: Corviknight|56/100 frz|[from] item: Leftovers\n|-sideend|p1: TonyMacaroni5678|move: Tailwind\n|upkeep\n|\n|t:|1776314822\n|switch|p2a: Garchomp|Garchomp, L50, F|100/100\n|turn|5\n|\n|t:|1776314831\n|move|p1a: Glimmora|Spiky Shield|p1a: Glimmora\n|-singleturn|p1a: Glimmora|move: Protect\n|move|p2a: Garchomp|Earthquake|p1b: Ninetales|[spread] p1b\n|-activate|p1a: Glimmora|move: Protect\n|-immune|p2b: Corviknight\n|-damage|p1b: Ninetales|4/100\n|move|p1b: Ninetales|Icy Wind|p2b: Corviknight|[spread] p2b\n|-miss|p1b: Ninetales|p2a: Garchomp\n|-damage|p2b: Corviknight|44/100 frz\n|-ability|p2b: Corviknight|Mirror Armor\n|-unboost|p1b: Ninetales|spe|1\n|cant|p2b: Corviknight|frz\n|\n|-weather|Snowscape|[upkeep]\n|-heal|p2b: Corviknight|50/100 frz|[from] item: Leftovers\n|upkeep\n|turn|6\n|inactive|TonyMacaroni5678 has 30 seconds left.\n|\n|t:|1776314857\n|move|p2a: Garchomp|Earthquake|p1b: Ninetales|[spread] p1a,p1b\n|-immune|p2b: Corviknight\n|-supereffective|p1a: Glimmora|2\n|-damage|p1a: Glimmora|0 fnt\n|-damage|p1b: Ninetales|0 fnt\n|faint|p1a: Glimmora\n|faint|p1b: Ninetales\n|\n|win|MaflaMike\n|raw|TonyMacaroni5678's rating: 1108 &rarr; <strong>1080</strong><br />(-28 for losing)\n|raw|MaflaMike's rating: 1067 &rarr; <strong>1100</strong><br />(+33 for winning)\n",
  "uploadtime": 1776314861,
  "views": 38,
  "formatid": "gen9championsvgc2026regma",
  "rating": 1080,
  "private": 0,
  "password": null
}