{
  "id": "gen9championsvgc2026regma-2584471417",
  "format": "[Gen 9 Champions] VGC 2026 Reg M-A",
  "players": [
    "Disfrazdetigre",
    "ASlyLombax"
  ],
  "log": "|j|\u2606Disfrazdetigre\n|j|\u2606ASlyLombax\n|t:|1776263105\n|gametype|doubles\n|player|p1|Disfrazdetigre|102|1342\n|player|p2|ASlyLombax|bruno|1362\n|gen|9\n|tier|[Gen 9 Champions] VGC 2026 Reg M-A\n|rated|\n|rule|Species Clause: Limit one of each Pok\u00e9mon\n|rule|Item Clause: Limit 1 of each item\n|clearpoke\n|poke|p1|Sableye, L50, M|\n|poke|p1|Sinistcha, L50|\n|poke|p1|Medicham, L50, F|\n|poke|p1|Alakazam, L50, F|\n|poke|p1|Blastoise, L50, F|\n|poke|p1|Kingambit, L50, M|\n|poke|p2|Mamoswine, L50, F|\n|poke|p2|Sinistcha, L50|\n|poke|p2|Pelipper, L50, F|\n|poke|p2|Sneasler, L50, F|\n|poke|p2|Blastoise, L50, M|\n|poke|p2|Kingambit, L50, M|\n|teampreview|4\n|inactive|Battle timer is ON: inactive players will automatically lose when time's up. (requested by Disfrazdetigre)\n|\n|t:|1776263150\n|teamsize|p1|4\n|teamsize|p2|4\n|start\n|switch|p1a: Sableye|Sableye, L50, M|100/100\n|switch|p1b: Alakazam|Alakazam, L50, F|100/100\n|switch|p2a: Pelipper|Pelipper, L50, F|100/100\n|switch|p2b: Blastoise|Blastoise, L50, M, shiny|100/100\n|-weather|RainDance|[from] ability: Drizzle|[of] p2a: Pelipper\n|turn|1\n|\n|t:|1776263170\n|detailschange|p2b: Blastoise|Blastoise-Mega, L50, M, shiny\n|-mega|p2b: Blastoise|Blastoise|Blastoisinite\n|move|p1a: Sableye|Fake Out|p2b: Blastoise\n|-damage|p2b: Blastoise|93/100\n|move|p1b: Alakazam|Psyshock|p2b: Blastoise\n|-damage|p2b: Blastoise|48/100\n|cant|p2b: Blastoise|flinch\n|move|p2a: Pelipper|Tailwind|p2a: Pelipper\n|-sidestart|p2: ASlyLombax|move: Tailwind\n|\n|-weather|RainDance|[upkeep]\n|upkeep\n|turn|2\n|l|\u2606ASlyLombax\n|inactive|ASlyLombax disconnected and has a minute to reconnect!\n|player|p2|\n|j|\u2606ASlyLombax\n|inactive|ASlyLombax reconnected and has 50 seconds left.\n|player|p2|ASlyLombax|bruno|\n|\n|t:|1776263189\n|move|p1b: Alakazam|Protect|p1b: Alakazam\n|-singleturn|p1b: Alakazam|Protect\n|move|p1a: Sableye|Encore|p2a: Pelipper\n|-start|p2a: Pelipper|Encore\n|move|p2b: Blastoise|Water Spout|p1a: Sableye|[spread] p1a\n|-activate|p1b: Alakazam|move: Protect\n|-crit|p1a: Sableye\n|-damage|p1a: Sableye|15/100\n|-enditem|p1a: Sableye|Sitrus Berry|[eat]\n|-heal|p1a: Sableye|39/100|[from] item: Sitrus Berry\n|move|p2a: Pelipper|Tailwind||[still]\n|-fail|p2a: Pelipper\n|\n|-weather|RainDance|[upkeep]\n|upkeep\n|turn|3\n|inactive|ASlyLombax has 30 seconds left.\n|\n|t:|1776263216\n|switch|p2a: Kingambit|Kingambit, L50, M|100/100\n|move|p1a: Sableye|Quash|p2b: Blastoise\n|-activate|p2b: Blastoise|move: Quash\n|move|p1b: Alakazam|Psyshock|p2b: Blastoise\n|-damage|p2b: Blastoise|4/100\n|move|p2b: Blastoise|Water Spout|p1a: Sableye|[spread] p1a,p1b\n|-damage|p1a: Sableye|35/100\n|-damage|p1b: Alakazam|95/100\n|\n|-weather|RainDance|[upkeep]\n|upkeep\n|turn|4\n|\n|t:|1776263240\n|switch|p2b: Pelipper|Pelipper, L50, F|100/100\n|move|p1a: Sableye|Encore||[still]\n|-fail|p1a: Sableye\n|move|p1b: Alakazam|Substitute|p1b: Alakazam\n|-start|p1b: Alakazam|Substitute\n|-damage|p1b: Alakazam|70/100\n|move|p2a: Kingambit|Kowtow Cleave|p1a: Sableye\n|-damage|p1a: Sableye|0 fnt\n|faint|p1a: Sableye\n|\n|-weather|RainDance|[upkeep]\n|-sideend|p2: ASlyLombax|move: Tailwind\n|upkeep\n|\n|t:|1776263261\n|switch|p1a: Blastoise|Blastoise, L50, F|100/100\n|turn|5\n|\n|t:|1776263276\n|move|p2a: Kingambit|Protect|p2a: Kingambit\n|-singleturn|p2a: Kingambit|Protect\n|move|p1a: Blastoise|Fake Out|p2b: Pelipper\n|-damage|p2b: Pelipper|93/100\n|move|p1b: Alakazam|Focus Blast|p2a: Kingambit\n|-activate|p2a: Kingambit|move: Protect\n|cant|p2b: Pelipper|flinch\n|\n|-weather|none\n|upkeep\n|turn|6\n|\n|t:|1776263291\n|switch|p2a: Sneasler|Sneasler, L50, F|100/100\n|move|p1b: Alakazam|Focus Blast|p2a: Sneasler|[miss]\n|-miss|p1b: Alakazam|p2a: Sneasler\n|move|p1a: Blastoise|Shell Smash|p1a: Blastoise\n|-unboost|p1a: Blastoise|def|1\n|-unboost|p1a: Blastoise|spd|1\n|-boost|p1a: Blastoise|atk|2\n|-boost|p1a: Blastoise|spa|2\n|-boost|p1a: Blastoise|spe|2\n|-enditem|p1a: Blastoise|White Herb\n|-clearnegativeboost|p1a: Blastoise|[silent]\n|move|p2b: Pelipper|Tailwind|p2b: Pelipper\n|-sidestart|p2: ASlyLombax|move: Tailwind\n|\n|upkeep\n|turn|7\n|\n|t:|1776263312\n|switch|p2a: Kingambit|Kingambit, L50, M|100/100\n|move|p1b: Alakazam|Protect|p1b: Alakazam\n|-singleturn|p1b: Alakazam|Protect\n|move|p1a: Blastoise|Ice Beam|p2b: Pelipper\n|-damage|p2b: Pelipper|28/100\n|-enditem|p2b: Pelipper|Sitrus Berry|[eat]\n|-heal|p2b: Pelipper|53/100|[from] item: Sitrus Berry\n|move|p2b: Pelipper|Hurricane|p1b: Alakazam\n|-activate|p1b: Alakazam|move: Protect\n|\n|upkeep\n|turn|8\n|\n|t:|1776263334\n|move|p2a: Kingambit|Sucker Punch|p1b: Alakazam\n|-supereffective|p1b: Alakazam|1\n|-end|p1b: Alakazam|Substitute\n|move|p1a: Blastoise|Ice Beam|p2b: Pelipper\n|-damage|p2b: Pelipper|0 fnt\n|faint|p2b: Pelipper\n|move|p1b: Alakazam|Focus Blast|p2a: Kingambit\n|-supereffective|p2a: Kingambit|2\n|-damage|p2a: Kingambit|0 fnt\n|faint|p2a: Kingambit\n|\n|upkeep\n|-message|ASlyLombax forfeited.\n|\n|win|Disfrazdetigre\n|raw|Disfrazdetigre's rating: 1342 &rarr; <strong>1363</strong><br />(+21 for winning)\n|raw|ASlyLombax's rating: 1362 &rarr; <strong>1341</strong><br />(-21 for losing)\n|l|\u2606ASlyLombax\n|player|p2|\n",
  "uploadtime": 1776263366,
  "views": 47,
  "formatid": "gen9championsvgc2026regma",
  "rating": 1341,
  "private": 0,
  "password": null
}