{
  "id": "gen9championsvgc2026regma-2586196073",
  "format": "[Gen 9 Champions] VGC 2026 Reg M-A",
  "players": [
    "lunala jones",
    "Azur_Elf"
  ],
  "log": "|j|\u2606lunala jones\n|j|\u2606Azur_Elf\n|t:|1776411099\n|gametype|doubles\n|player|p1|lunala jones|265|1175\n|player|p2|Azur_Elf|265|1253\n|gen|9\n|tier|[Gen 9 Champions] VGC 2026 Reg M-A\n|rated|\n|rule|Species Clause: Limit one of each Pok\u00e9mon\n|rule|Item Clause: Limit 1 of each item\n|clearpoke\n|poke|p1|Aggron, L50, M|\n|poke|p1|Sinistcha, L50|\n|poke|p1|Pelipper, L50, M|\n|poke|p1|Clefable, L50, M|\n|poke|p1|Basculegion, L50, M|\n|poke|p1|Gyarados, L50, F|\n|poke|p2|Tyranitar, L50, F|\n|poke|p2|Excadrill, L50, F|\n|poke|p2|Rotom-Wash, L50|\n|poke|p2|Sinistcha, L50|\n|poke|p2|Floette-Eternal, L50, F|\n|poke|p2|Aegislash, L50, M|\n|teampreview|4\n|\n|t:|1776411145\n|teamsize|p1|4\n|teamsize|p2|4\n|start\n|switch|p1a: Aggron|Aggron, L50, M|100/100\n|switch|p1b: Sinistcha|Sinistcha, L50|100/100\n|switch|p2a: Rotom|Rotom-Wash, L50|100/100\n|switch|p2b: Tyranitar|Tyranitar, L50, F|100/100\n|-weather|Sandstorm|[from] ability: Sand Stream|[of] p2b: Tyranitar\n|turn|1\n|inactive|Battle timer is ON: inactive players will automatically lose when time's up. (requested by Azur_Elf)\n|\n|t:|1776411167\n|switch|p2b: Sinistcha|Sinistcha, L50|100/100\n|detailschange|p1a: Aggron|Aggron-Mega, L50, M\n|-mega|p1a: Aggron|Aggron|Aggronite\n|move|p2a: Rotom|Will-O-Wisp|p1a: Aggron\n|-status|p1a: Aggron|brn\n|move|p1a: Aggron|Iron Defense|p1a: Aggron\n|-boost|p1a: Aggron|def|2\n|move|p1b: Sinistcha|Trick Room|p1b: Sinistcha\n|-fieldstart|move: Trick Room|[of] p1b: Sinistcha\n|\n|-weather|Sandstorm|[upkeep]\n|-damage|p1b: Sinistcha|94/100|[from] Sandstorm\n|-damage|p2b: Sinistcha|94/100|[from] Sandstorm\n|-damage|p2a: Rotom|95/100|[from] Sandstorm\n|-heal|p2b: Sinistcha|100/100|[from] item: Leftovers\n|-damage|p1a: Aggron|94/100 brn|[from] brn\n|upkeep\n|turn|2\n|inactive|Azur_Elf has 30 seconds left.\n|\n|t:|1776411199\n|move|p1a: Aggron|Iron Defense|p1a: Aggron\n|-boost|p1a: Aggron|def|2\n|move|p1b: Sinistcha|Life Dew|p1b: Sinistcha|[spread] p1a,p1b\n|-heal|p1a: Aggron|100/100 brn\n|-heal|p1b: Sinistcha|100/100\n|move|p2b: Sinistcha|Matcha Gotcha|p1a: Aggron|[spread] p1a,p1b\n|-resisted|p1a: Aggron|1\n|-resisted|p1b: Sinistcha|1\n|-damage|p1a: Aggron|90/100 brn\n|-damage|p1b: Sinistcha|86/100\n|move|p2a: Rotom|Will-O-Wisp|p1b: Sinistcha\n|-status|p1b: Sinistcha|brn\n|\n|-weather|Sandstorm|[upkeep]\n|-damage|p1b: Sinistcha|80/100 brn|[from] Sandstorm\n|-damage|p2b: Sinistcha|94/100|[from] Sandstorm\n|-damage|p2a: Rotom|89/100|[from] Sandstorm\n|-heal|p2b: Sinistcha|100/100|[from] item: Leftovers\n|-damage|p1a: Aggron|84/100 brn|[from] brn\n|-damage|p1b: Sinistcha|74/100 brn|[from] brn\n|upkeep\n|turn|3\n|inactive|lunala jones has 30 seconds left.\n|inactive|Azur_Elf has 30 seconds left.\n|inactive|Azur_Elf has 20 seconds left.\n|\n|t:|1776411236\n|switch|p2a: Excadrill|Excadrill, L50, F|100/100\n|move|p1a: Aggron|Body Press|p2a: Excadrill\n|-supereffective|p2a: Excadrill|1\n|-enditem|p2a: Excadrill|Focus Sash\n|-damage|p2a: Excadrill|1/100\n|move|p1b: Sinistcha|Life Dew|p1b: Sinistcha|[spread] p1a,p1b\n|-heal|p1a: Aggron|100/100 brn\n|-heal|p1b: Sinistcha|99/100 brn\n|move|p2b: Sinistcha|Matcha Gotcha|p1a: Aggron|[spread] p1a,p1b\n|-resisted|p1a: Aggron|1\n|-resisted|p1b: Sinistcha|1\n|-damage|p1a: Aggron|88/100 brn\n|-damage|p1b: Sinistcha|86/100 brn\n|\n|-weather|Sandstorm|[upkeep]\n|-damage|p1b: Sinistcha|80/100 brn|[from] Sandstorm\n|-damage|p2b: Sinistcha|94/100|[from] Sandstorm\n|-heal|p2b: Sinistcha|100/100|[from] item: Leftovers\n|-damage|p1a: Aggron|82/100 brn|[from] brn\n|-damage|p1b: Sinistcha|74/100 brn|[from] brn\n|upkeep\n|turn|4\n|inactive|lunala jones has 30 seconds left.\n|inactive|Azur_Elf has 30 seconds left.\n|\n|t:|1776411265\n|move|p2a: Excadrill|Protect|p2a: Excadrill\n|-singleturn|p2a: Excadrill|Protect\n|move|p1a: Aggron|Heavy Slam|p2b: Sinistcha\n|-damage|p2b: Sinistcha|77/100\n|move|p1b: Sinistcha|Matcha Gotcha|p2a: Excadrill|[spread] p2b\n|-activate|p2a: Excadrill|move: Protect\n|-resisted|p2b: Sinistcha|1\n|-damage|p2b: Sinistcha|65/100\n|-heal|p1b: Sinistcha|80/100 brn|[from] drain|[of] p2b: Sinistcha\n|move|p2b: Sinistcha|Matcha Gotcha|p1a: Aggron|[spread] p1b\n|-miss|p2b: Sinistcha|p1a: Aggron\n|-resisted|p1b: Sinistcha|1\n|-damage|p1b: Sinistcha|65/100 brn\n|-heal|p2b: Sinistcha|73/100|[from] drain|[of] p1b: Sinistcha\n|\n|-weather|Sandstorm|[upkeep]\n|-damage|p1b: Sinistcha|59/100 brn|[from] Sandstorm\n|-damage|p2b: Sinistcha|67/100|[from] Sandstorm\n|-heal|p2b: Sinistcha|73/100|[from] item: Leftovers\n|-damage|p1a: Aggron|76/100 brn|[from] brn\n|-damage|p1b: Sinistcha|53/100 brn|[from] brn\n|upkeep\n|turn|5\n|inactive|lunala jones has 30 seconds left.\n|inactive|Azur_Elf has 30 seconds left.\n|\n|t:|1776411298\n|move|p1a: Aggron|Heavy Slam|p2b: Sinistcha\n|-damage|p2b: Sinistcha|49/100\n|move|p1b: Sinistcha|Life Dew|p1b: Sinistcha|[spread] p1a,p1b\n|-heal|p1a: Aggron|100/100 brn\n|-heal|p1b: Sinistcha|78/100 brn\n|move|p2b: Sinistcha|Matcha Gotcha|p1a: Aggron|[spread] p1a\n|-miss|p2b: Sinistcha|p1b: Sinistcha\n|-resisted|p1a: Aggron|1\n|-damage|p1a: Aggron|88/100 brn\n|-heal|p2b: Sinistcha|55/100|[from] drain|[of] p1a: Aggron\n|move|p2a: Excadrill|Earthquake|p1b: Sinistcha|[spread] p2b,p1a,p1b\n|-resisted|p2b: Sinistcha|1\n|-supereffective|p1a: Aggron|1\n|-resisted|p1b: Sinistcha|1\n|-damage|p2b: Sinistcha|38/100\n|-damage|p1a: Aggron|76/100 brn\n|-damage|p1b: Sinistcha|64/100 brn\n|\n|-weather|none\n|-heal|p2b: Sinistcha|44/100|[from] item: Leftovers\n|-damage|p1a: Aggron|70/100 brn|[from] brn\n|-damage|p1b: Sinistcha|58/100 brn|[from] brn\n|-fieldend|move: Trick Room\n|upkeep\n|turn|6\n|inactive|lunala jones has 30 seconds left.\n|inactive|Azur_Elf has 30 seconds left.\n|\n|t:|1776411329\n|move|p2a: Excadrill|Iron Head|p1b: Sinistcha\n|-damage|p1b: Sinistcha|24/100 brn\n|-enditem|p1b: Sinistcha|Sitrus Berry|[eat]\n|-heal|p1b: Sinistcha|49/100 brn|[from] item: Sitrus Berry\n|move|p2b: Sinistcha|Strength Sap|p1a: Aggron\n|-unboost|p1a: Aggron|atk|1\n|-heal|p2b: Sinistcha|100/100\n|move|p1b: Sinistcha|Life Dew|p1b: Sinistcha|[spread] p1a,p1b\n|-heal|p1a: Aggron|96/100 brn\n|-heal|p1b: Sinistcha|74/100 brn\n|move|p1a: Aggron|Heavy Slam|p2a: Excadrill\n|-resisted|p2a: Excadrill|1\n|-damage|p2a: Excadrill|0 fnt\n|faint|p2a: Excadrill\n|\n|-damage|p1b: Sinistcha|68/100 brn|[from] brn\n|-damage|p1a: Aggron|90/100 brn|[from] brn\n|upkeep\n|\n|t:|1776411351\n|switch|p2a: Tyranitar|Tyranitar, L50, F|100/100\n|-weather|Sandstorm|[from] ability: Sand Stream|[of] p2a: Tyranitar\n|turn|7\n|\n|t:|1776411371\n|detailschange|p2a: Tyranitar|Tyranitar-Mega, L50, F\n|-mega|p2a: Tyranitar|Tyranitar|Tyranitarite\n|move|p2b: Sinistcha|Rage Powder|p2b: Sinistcha\n|-singleturn|p2b: Sinistcha|move: Rage Powder\n|move|p2a: Tyranitar|Knock Off|p1b: Sinistcha\n|-supereffective|p1b: Sinistcha|1\n|-damage|p1b: Sinistcha|4/100 brn\n|move|p1b: Sinistcha|Life Dew|p1b: Sinistcha|[spread] p1a,p1b\n|-heal|p1a: Aggron|100/100 brn\n|-heal|p1b: Sinistcha|29/100 brn\n|move|p1a: Aggron|Heavy Slam|p2b: Sinistcha\n|-damage|p2b: Sinistcha|84/100\n|\n|-weather|Sandstorm|[upkeep]\n|-damage|p2b: Sinistcha|77/100|[from] Sandstorm\n|-damage|p1b: Sinistcha|23/100 brn|[from] Sandstorm\n|-heal|p2b: Sinistcha|84/100|[from] item: Leftovers\n|-damage|p1b: Sinistcha|17/100 brn|[from] brn\n|-damage|p1a: Aggron|94/100 brn|[from] brn\n|upkeep\n|turn|8\n|inactive|lunala jones has 30 seconds left.\n|inactive|Azur_Elf has 30 seconds left.\n|inactive|lunala jones has 20 seconds left.\n|\n|t:|1776411407\n|move|p2b: Sinistcha|Rage Powder|p2b: Sinistcha\n|-singleturn|p2b: Sinistcha|move: Rage Powder\n|move|p1b: Sinistcha|Rage Powder|p1b: Sinistcha\n|-singleturn|p1b: Sinistcha|move: Rage Powder\n|move|p2a: Tyranitar|Rock Slide|p1b: Sinistcha|[spread] p1a,p1b\n|-resisted|p1a: Aggron|1\n|-damage|p1a: Aggron|91/100 brn\n|-damage|p1b: Sinistcha|0 fnt\n|faint|p1b: Sinistcha\n|move|p1a: Aggron|Heavy Slam|p2b: Sinistcha\n|-damage|p2b: Sinistcha|68/100\n|\n|-weather|Sandstorm|[upkeep]\n|-damage|p2b: Sinistcha|62/100|[from] Sandstorm\n|-heal|p2b: Sinistcha|68/100|[from] item: Leftovers\n|-damage|p1a: Aggron|85/100 brn|[from] brn\n|upkeep\n|\n|t:|1776411431\n|switch|p1b: Clefable|Clefable, L50, M|100/100\n|turn|9\n|\n|t:|1776411444\n|move|p2a: Tyranitar|Protect|p2a: Tyranitar\n|-singleturn|p2a: Tyranitar|Protect\n|move|p2b: Sinistcha|Strength Sap|p1a: Aggron\n|-unboost|p1a: Aggron|atk|1\n|-heal|p2b: Sinistcha|100/100\n|move|p1b: Clefable|Moonblast|p2b: Sinistcha\n|-damage|p2b: Sinistcha|68/100\n|move|p1a: Aggron|Heavy Slam|p2b: Sinistcha\n|-damage|p2b: Sinistcha|57/100\n|\n|-weather|Sandstorm|[upkeep]\n|-damage|p2b: Sinistcha|51/100|[from] Sandstorm\n|-heal|p2b: Sinistcha|57/100|[from] item: Leftovers\n|-damage|p1a: Aggron|79/100 brn|[from] brn\n|upkeep\n|turn|10\n|\n|t:|1776411465\n|move|p2a: Tyranitar|Rock Slide|p1b: Clefable|[spread] p1a,p1b\n|-resisted|p1a: Aggron|1\n|-damage|p1a: Aggron|77/100 brn\n|-damage|p1b: Clefable|72/100\n|move|p2b: Sinistcha|Matcha Gotcha|p1a: Aggron|[spread] p1a,p1b\n|-resisted|p1a: Aggron|1\n|-damage|p1a: Aggron|66/100 brn\n|-heal|p2b: Sinistcha|62/100|[from] drain|[of] p1a: Aggron\n|-damage|p1b: Clefable|47/100\n|-heal|p2b: Sinistcha|77/100|[from] drain|[of] p1b: Clefable\n|move|p1b: Clefable|Life Dew|p1b: Clefable|[spread] p1a,p1b\n|-heal|p1a: Aggron|91/100 brn\n|-heal|p1b: Clefable|72/100\n|cant|p1a: Aggron|flinch\n|\n|-weather|Sandstorm|[upkeep]\n|-damage|p2b: Sinistcha|71/100|[from] Sandstorm\n|-heal|p2b: Sinistcha|77/100|[from] item: Leftovers\n|-heal|p1b: Clefable|78/100|[from] item: Leftovers\n|-damage|p1a: Aggron|85/100 brn|[from] brn\n|upkeep\n|turn|11\n|inactive|lunala jones has 30 seconds left.\n|inactive|Azur_Elf has 30 seconds left.\n|\n|t:|1776411496\n|move|p2a: Tyranitar|Rock Slide|p1b: Clefable|[spread] p1b\n|-miss|p2a: Tyranitar|p1a: Aggron\n|-damage|p1b: Clefable|47/100\n|move|p2b: Sinistcha|Matcha Gotcha|p1a: Aggron|[spread] p1a\n|-miss|p2b: Sinistcha|p1b: Clefable\n|-resisted|p1a: Aggron|1\n|-damage|p1a: Aggron|73/100 brn\n|-heal|p2b: Sinistcha|83/100|[from] drain|[of] p1a: Aggron\n|cant|p1b: Clefable|flinch\n|move|p1a: Aggron|Body Press|p2a: Tyranitar\n|-supereffective|p2a: Tyranitar|2\n|-damage|p2a: Tyranitar|0 fnt\n|faint|p2a: Tyranitar\n|\n|-weather|none\n|-heal|p2b: Sinistcha|89/100|[from] item: Leftovers\n|-heal|p1b: Clefable|53/100|[from] item: Leftovers\n|-damage|p1a: Aggron|67/100 brn|[from] brn\n|upkeep\n|\n|t:|1776411518\n|switch|p2a: Rotom|Rotom-Wash, L50|89/100\n|turn|12\n|inactive|Azur_Elf has 30 seconds left.\n|\n|t:|1776411543\n|move|p1a: Aggron|Protect|p1a: Aggron\n|-singleturn|p1a: Aggron|Protect\n|move|p2a: Rotom|Hydro Pump|p1b: Clefable\n|-damage|p1b: Clefable|3/100\n|move|p2b: Sinistcha|Matcha Gotcha|p1a: Aggron|[spread] p1b\n|-activate|p1a: Aggron|move: Protect\n|-damage|p1b: Clefable|0 fnt\n|-heal|p2b: Sinistcha|90/100|[from] drain|[of] p1b: Clefable\n|faint|p1b: Clefable\n|\n|-heal|p2b: Sinistcha|97/100|[from] item: Leftovers\n|-damage|p1a: Aggron|61/100 brn|[from] brn\n|upkeep\n|\n|t:|1776411559\n|switch|p1b: Basculegion|Basculegion, L50, M|100/100\n|turn|13\n|\n|t:|1776411577\n|move|p2b: Sinistcha|Protect|p2b: Sinistcha\n|-singleturn|p2b: Sinistcha|Protect\n|move|p1b: Basculegion|Last Respects|p2b: Sinistcha\n|-activate|p2b: Sinistcha|move: Protect\n|move|p2a: Rotom|Hydro Pump|p1b: Basculegion\n|-resisted|p1b: Basculegion|1\n|-damage|p1b: Basculegion|71/100\n|move|p1a: Aggron|Body Press|p2a: Rotom\n|-damage|p2a: Rotom|15/100\n|\n|-heal|p2b: Sinistcha|100/100|[from] item: Leftovers\n|-damage|p1a: Aggron|55/100 brn|[from] brn\n|upkeep\n|turn|14\n|inactive|lunala jones has 30 seconds left.\n|\n|t:|1776411605\n|move|p1b: Basculegion|Last Respects|p2b: Sinistcha\n|-supereffective|p2b: Sinistcha|1\n|-damage|p2b: Sinistcha|0 fnt\n|faint|p2b: Sinistcha\n|move|p2a: Rotom|Hydro Pump|p1a: Aggron|[miss]\n|-miss|p2a: Rotom|p1a: Aggron\n|move|p1a: Aggron|Heavy Slam|p2a: Rotom\n|-resisted|p2a: Rotom|2\n|-damage|p2a: Rotom|10/100\n|\n|-damage|p1a: Aggron|49/100 brn|[from] brn\n|upkeep\n|turn|15\n|-message|Azur_Elf forfeited.\n|\n|win|lunala jones\n|raw|lunala jones's rating: 1175 &rarr; <strong>1206</strong><br />(+31 for winning)\n|raw|Azur_Elf's rating: 1253 &rarr; <strong>1222</strong><br />(-31 for losing)\n|l|\u2606Azur_Elf\n|player|p2|\n|c|\u2606lunala jones|Gg\n",
  "uploadtime": 1776411629,
  "views": 40,
  "formatid": "gen9championsvgc2026regma",
  "rating": 1206,
  "private": 0,
  "password": null
}