{
  "id": "gen9championsvgc2026regma-2581597350",
  "format": "[Gen 9 Champions] VGC 2026 Reg M-A",
  "players": [
    "nonsequitorian",
    "elpanapokes"
  ],
  "log": "|j|\u2606nonsequitorian\n|j|\u2606elpanapokes\n|t:|1776013908\n|gametype|doubles\n|player|p1|nonsequitorian|roxie|1064\n|player|p2|elpanapokes|101|1029\n|gen|9\n|tier|[Gen 9 Champions] VGC 2026 Reg M-A\n|rated|\n|rule|Species Clause: Limit one of each Pok\u00e9mon\n|rule|Item Clause: Limit 1 of each item\n|clearpoke\n|poke|p1|Froslass, L50, F|\n|poke|p1|Beartic, L50, F|\n|poke|p1|Milotic, L50, M|\n|poke|p1|Rotom-Heat, L50|\n|poke|p1|Basculegion, L50, M|\n|poke|p1|Maushold, L50|\n|poke|p2|Kingambit, L50, F|\n|poke|p2|Sneasler, L50, F|\n|poke|p2|Pelipper, L50, M|\n|poke|p2|Sinistcha, L50|\n|poke|p2|Delphox, L50, M|\n|poke|p2|Garchomp, L50, M|\n|teampreview|4\n|inactive|Battle timer is ON: inactive players will automatically lose when time's up. (requested by elpanapokes)\n|\n|t:|1776013937\n|teamsize|p1|4\n|teamsize|p2|4\n|start\n|switch|p1a: Froslass|Froslass, L50, F|100/100\n|switch|p1b: Beartic|Beartic, L50, F|100/100\n|switch|p2a: Delphox|Delphox, L50, M|100/100\n|switch|p2b: Bigoteprepuber|Kingambit, L50, F|100/100\n|turn|1\n|inactive|nonsequitorian has 30 seconds left.\n|\n|t:|1776013970\n|switch|p1b: Basculegion|Basculegion, L50, M|100/100\n|detailschange|p2a: Delphox|Delphox-Mega, L50, M\n|-mega|p2a: Delphox|Delphox|Delphoxite\n|move|p1a: Froslass|Protect|p1a: Froslass\n|-singleturn|p1a: Froslass|Protect\n|move|p2b: Bigoteprepuber|Protect|p2b: Bigoteprepuber\n|-singleturn|p2b: Bigoteprepuber|Protect\n|move|p2a: Delphox|Heat Wave|p1a: Froslass|[spread] p1b\n|-activate|p1a: Froslass|move: Protect\n|-resisted|p1b: Basculegion|1\n|-damage|p1b: Basculegion|77/100\n|\n|upkeep\n|turn|2\n|\n|t:|1776013983\n|switch|p1a: Rotom|Rotom-Heat, L50|100/100\n|move|p2b: Bigoteprepuber|Sucker Punch|p1b: Basculegion\n|-supereffective|p1b: Basculegion|1\n|-damage|p1b: Basculegion|0 fnt\n|faint|p1b: Basculegion\n|move|p2a: Delphox|Heat Wave|p1a: Rotom|[miss]\n|-miss|p2a: Delphox|p1a: Rotom\n|\n|upkeep\n|\n|t:|1776013991\n|switch|p1b: Froslass|Froslass, L50, F|100/100\n|turn|3\n|\n|t:|1776014003\n|detailschange|p1b: Froslass|Froslass-Mega, L50, F\n|-mega|p1b: Froslass|Froslass|Froslassite\n|-weather|Snowscape|[from] ability: Snow Warning|[of] p1b: Froslass\n|move|p2a: Delphox|Heat Wave|p1b: Froslass|[spread] p1a,p1b\n|-resisted|p1a: Rotom|1\n|-crit|p1a: Rotom\n|-supereffective|p1b: Froslass|1\n|-damage|p1a: Rotom|69/100\n|-damage|p1b: Froslass|8/100\n|-status|p1b: Froslass|brn\n|move|p1b: Froslass|Aurora Veil|p1b: Froslass\n|-sidestart|p1: nonsequitorian|move: Aurora Veil\n|move|p1a: Rotom|Will-O-Wisp|p2b: Bigoteprepuber|[miss]\n|-miss|p1a: Rotom|p2b: Bigoteprepuber\n|move|p2b: Bigoteprepuber|Kowtow Cleave|p1b: Froslass\n|-supereffective|p1b: Froslass|1\n|-damage|p1b: Froslass|0 fnt\n|faint|p1b: Froslass\n|\n|-weather|Snowscape|[upkeep]\n|upkeep\n|\n|t:|1776014005\n|switch|p1b: Beartic|Beartic, L50, F|100/100\n|turn|4\n|\n|t:|1776014023\n|move|p2b: Bigoteprepuber|Protect|p2b: Bigoteprepuber\n|-singleturn|p2b: Bigoteprepuber|Protect\n|move|p1b: Beartic|Liquidation|p2a: Delphox\n|-supereffective|p2a: Delphox|1\n|-damage|p2a: Delphox|12/100\n|move|p2a: Delphox|Encore|p1a: Rotom\n|-start|p1a: Rotom|Encore\n|move|p1a: Rotom|Will-O-Wisp|p2b: Bigoteprepuber\n|-activate|p2b: Bigoteprepuber|move: Protect\n|\n|-weather|Snowscape|[upkeep]\n|upkeep\n|turn|5\n|\n|t:|1776014033\n|move|p2a: Delphox|Protect|p2a: Delphox\n|-singleturn|p2a: Delphox|Protect\n|move|p1b: Beartic|Rock Slide|p2a: Delphox|[spread] p2b\n|-activate|p2a: Delphox|move: Protect\n|-resisted|p2b: Bigoteprepuber|1\n|-damage|p2b: Bigoteprepuber|93/100\n|move|p1a: Rotom|Will-O-Wisp|p2b: Bigoteprepuber\n|-status|p2b: Bigoteprepuber|brn\n|-enditem|p2b: Bigoteprepuber|Lum Berry|[eat]\n|-curestatus|p2b: Bigoteprepuber|brn|[msg]\n|move|p2b: Bigoteprepuber|Iron Head|p1b: Beartic\n|-supereffective|p1b: Beartic|1\n|-damage|p1b: Beartic|49/100\n|\n|-weather|Snowscape|[upkeep]\n|upkeep\n|turn|6\n|inactive|elpanapokes has 30 seconds left.\n|inactive|elpanapokes has 20 seconds left.\n|\n|t:|1776014070\n|switch|p2a: Garchomp|Garchomp, L50, M|100/100\n|switch|p2b: Sininchar|Sinistcha, L50|100/100\n|move|p1b: Beartic|Close Combat|p2b: Sininchar\n|-immune|p2b: Sininchar\n|move|p1a: Rotom|Will-O-Wisp|p2b: Sininchar\n|-status|p2b: Sininchar|brn\n|\n|-weather|Snowscape|[upkeep]\n|-damage|p2b: Sininchar|94/100 brn|[from] brn\n|-end|p1a: Rotom|Encore\n|upkeep\n|turn|7\n|inactive|elpanapokes has 30 seconds left.\n|\n|t:|1776014098\n|switch|p2a: Delphox|Delphox-Mega, L50, M|12/100\n|move|p1b: Beartic|Icicle Crash|p2a: Delphox\n|-resisted|p2a: Delphox|1\n|-damage|p2a: Delphox|0 fnt\n|faint|p2a: Delphox\n|move|p1a: Rotom|Overheat|p2b: Sininchar\n|-supereffective|p2b: Sininchar|1\n|-damage|p2b: Sininchar|8/100 brn\n|-unboost|p1a: Rotom|spa|2\n|-enditem|p2b: Sininchar|Sitrus Berry|[eat]\n|-heal|p2b: Sininchar|33/100 brn|[from] item: Sitrus Berry\n|move|p2b: Sininchar|Life Dew|p2b: Sininchar\n|-heal|p2b: Sininchar|58/100 brn\n|\n|-weather|none\n|-damage|p2b: Sininchar|52/100 brn|[from] brn\n|-sideend|p1: nonsequitorian|move: Aurora Veil\n|upkeep\n|\n|t:|1776014111\n|switch|p2a: Bigoteprepuber|Kingambit, L50, F|93/100\n|turn|8\n|\n|t:|1776014119\n|move|p2b: Sininchar|Rage Powder|p2b: Sininchar\n|-singleturn|p2b: Sininchar|move: Rage Powder\n|move|p1b: Beartic|Icicle Crash|p2b: Sininchar\n|-supereffective|p2b: Sininchar|1\n|-damage|p2b: Sininchar|0 fnt\n|faint|p2b: Sininchar\n|move|p1a: Rotom|Will-O-Wisp|p2a: Bigoteprepuber|[miss]\n|-miss|p1a: Rotom|p2a: Bigoteprepuber\n|move|p2a: Bigoteprepuber|Iron Head|p1b: Beartic\n|-supereffective|p1b: Beartic|1\n|-crit|p1b: Beartic\n|-damage|p1b: Beartic|0 fnt\n|faint|p1b: Beartic\n|\n|upkeep\n|\n|t:|1776014126\n|switch|p2b: Garchomp|Garchomp, L50, M|100/100\n|turn|9\n|c|\u2606nonsequitorian|Ffs willo\n|-message|nonsequitorian forfeited.\n|\n|win|elpanapokes\n|raw|nonsequitorian's rating: 1064 &rarr; <strong>1042</strong><br />(-22 for losing)\n|raw|elpanapokes's rating: 1029 &rarr; <strong>1068</strong><br />(+39 for winning)\n|l|\u2606nonsequitorian\n|player|p1|\n|l|\u2606elpanapokes\n|player|p2|\n",
  "uploadtime": 1776014390,
  "views": 27,
  "formatid": "gen9championsvgc2026regma",
  "rating": 1042,
  "private": 0,
  "password": null
}