{
  "id": "gen9championsvgc2026regma-2582449234",
  "format": "[Gen 9 Champions] VGC 2026 Reg M-A",
  "players": [
    "fragonstick",
    "doctor larp"
  ],
  "log": "|j|\u2606fragonstick\n|j|\u2606doctor larp\n|t:|1776092411\n|gametype|doubles\n|player|p1|fragonstick|265|1081\n|player|p2|doctor larp|mina-masters|1049\n|gen|9\n|tier|[Gen 9 Champions] VGC 2026 Reg M-A\n|rated|\n|rule|Species Clause: Limit one of each Pok\u00e9mon\n|rule|Item Clause: Limit 1 of each item\n|clearpoke\n|poke|p1|Scovillain, L50, M|\n|poke|p1|Meowstic, L50, M|\n|poke|p1|Armarouge, L50, M|\n|poke|p1|Volcarona, L50, M|\n|poke|p1|Conkeldurr, L50, M|\n|poke|p1|Zoroark, L50, F|\n|poke|p2|Delphox, L50, F|\n|poke|p2|Gyarados, L50, F|\n|poke|p2|Sneasler, L50, F|\n|poke|p2|Garchomp, L50, F|\n|poke|p2|Orthworm, L50, F|\n|poke|p2|Ninetales-Alola, L50, F|\n|teampreview|4\n|\n|t:|1776092464\n|teamsize|p1|4\n|teamsize|p2|4\n|start\n|switch|p1a: Meowstic|Meowstic, L50, M|100/100\n|switch|p1b: Armarouge|Armarouge, L50, M|100/100\n|switch|p2a: Garchomp|Garchomp, L50, F|100/100\n|switch|p2b: Delphox|Delphox, L50, F|100/100\n|turn|1\n|inactive|Battle timer is ON: inactive players will automatically lose when time's up. (requested by fragonstick)\n|\n|t:|1776092489\n|detailschange|p2b: Delphox|Delphox-Mega, L50, F\n|-mega|p2b: Delphox|Delphox|Delphoxite\n|move|p1a: Meowstic|Reflect|p1a: Meowstic\n|-sidestart|p1: fragonstick|Reflect\n|move|p2a: Garchomp|Earthquake|p1b: Armarouge|[spread] p1a,p1b\n|-immune|p2b: Delphox|[from] ability: Levitate\n|-supereffective|p1b: Armarouge|1\n|-damage|p1a: Meowstic|77/100\n|-damage|p1b: Armarouge|46/100\n|move|p2b: Delphox|Calm Mind|p2b: Delphox\n|-boost|p2b: Delphox|spa|1\n|-boost|p2b: Delphox|spd|1\n|move|p1b: Armarouge|Trick Room|p1b: Armarouge\n|-fieldstart|move: Trick Room|[of] p1b: Armarouge\n|\n|upkeep\n|turn|2\n|\n|t:|1776092514\n|detailschange|p1a: Meowstic|Meowstic-M-Mega, L50, M\n|-mega|p1a: Meowstic|Meowstic|Meowsticite\n|-ability|p1a: Meowstic|Levitate|Trace|[from] ability: Trace|[of] p2b: Delphox\n|move|p1b: Armarouge|Expanding Force|p2a: Garchomp\n|-damage|p2a: Garchomp|45/100\n|move|p1a: Meowstic|Expanding Force|p2a: Garchomp\n|-damage|p2a: Garchomp|6/100\n|move|p2b: Delphox|Calm Mind|p2b: Delphox\n|-boost|p2b: Delphox|spa|1\n|-boost|p2b: Delphox|spd|1\n|move|p2a: Garchomp|Earthquake|p1a: Meowstic|[spread] p1b\n|-immune|p2b: Delphox|[from] ability: Levitate\n|-immune|p1a: Meowstic|[from] ability: Levitate\n|-supereffective|p1b: Armarouge|1\n|-damage|p1b: Armarouge|0 fnt\n|faint|p1b: Armarouge\n|\n|upkeep\n|inactive|fragonstick has 30 seconds left.\n|\n|t:|1776092548\n|switch|p1b: Scovillain|Scovillain, L50, M|100/100\n|turn|3\n|\n|t:|1776092565\n|move|p2b: Delphox|Protect|p2b: Delphox\n|-singleturn|p2b: Delphox|Protect\n|move|p1b: Scovillain|Giga Drain|p2a: Garchomp\n|-damage|p2a: Garchomp|0 fnt\n|faint|p2a: Garchomp\n|move|p1a: Meowstic|Psychic Terrain|p1a: Meowstic\n|-fieldstart|move: Psychic Terrain\n|\n|-ability|p1b: Scovillain|Moody|boost\n|-boost|p1b: Scovillain|def|2\n|-unboost|p1b: Scovillain|spe|1\n|upkeep\n|\n|t:|1776092579\n|switch|p2a: Ninetales|Ninetales-Alola, L50, F|100/100\n|-weather|Snowscape|[from] ability: Snow Warning|[of] p2a: Ninetales\n|turn|4\n|\n|t:|1776092589\n|move|p1b: Scovillain|Rage Powder|p1b: Scovillain\n|-singleturn|p1b: Scovillain|move: Rage Powder\n|move|p1a: Meowstic|Expanding Force|p2b: Delphox\n|-resisted|p2b: Delphox|1\n|-damage|p2b: Delphox|92/100\n|move|p2a: Ninetales|Aurora Veil|p2a: Ninetales\n|-sidestart|p2: doctor larp|move: Aurora Veil\n|move|p2b: Delphox|Heat Wave|p1b: Scovillain|[spread] \n|-miss|p2b: Delphox|p1a: Meowstic\n|-miss|p2b: Delphox|p1b: Scovillain\n|\n|-weather|Snowscape|[upkeep]\n|-ability|p1b: Scovillain|Moody|boost\n|-boost|p1b: Scovillain|spd|2\n|-unboost|p1b: Scovillain|spe|1\n|upkeep\n|turn|5\n|\n|t:|1776092610\n|move|p1b: Scovillain|Rage Powder|p1b: Scovillain\n|-singleturn|p1b: Scovillain|move: Rage Powder\n|move|p1a: Meowstic|Expanding Force|p2a: Ninetales\n|-damage|p2a: Ninetales|77/100\n|move|p2a: Ninetales|Encore|p1b: Scovillain\n|-start|p1b: Scovillain|Encore\n|move|p2b: Delphox|Heat Wave|p1b: Scovillain|[spread] p1a,p1b\n|-damage|p1a: Meowstic|0 fnt\n|-damage|p1b: Scovillain|49/100\n|faint|p1a: Meowstic\n|\n|-weather|Snowscape|[upkeep]\n|-sideend|p1: fragonstick|Reflect\n|-fieldend|move: Trick Room\n|-ability|p1b: Scovillain|Moody|boost\n|-boost|p1b: Scovillain|atk|2\n|-unboost|p1b: Scovillain|spd|1\n|upkeep\n|\n|t:|1776092623\n|switch|p1a: Conkeldurr|Conkeldurr, L50, M|100/100\n|turn|6\n|-message|fragonstick forfeited.\n|\n|win|doctor larp\n|raw|fragonstick's rating: 1081 &rarr; <strong>1057</strong><br />(-24 for losing)\n|raw|doctor larp's rating: 1049 &rarr; <strong>1085</strong><br />(+36 for winning)\n|l|\u2606doctor larp\n|player|p2|\n",
  "uploadtime": 1776092638,
  "views": 10,
  "formatid": "gen9championsvgc2026regma",
  "rating": 1057,
  "private": 0,
  "password": null
}