{
  "id": "gen9championsvgc2026regma-2588591112",
  "format": "[Gen 9 Champions] VGC 2026 Reg M-A",
  "players": [
    "disciple of blahaj",
    "L234S"
  ],
  "log": "|j|\u2606disciple of blahaj\n|j|\u2606L234S\n|t:|1776648033\n|gametype|doubles\n|player|p1|disciple of blahaj|jacinthe|1311\n|player|p2|L234S|266|1371\n|gen|9\n|tier|[Gen 9 Champions] VGC 2026 Reg M-A\n|rated|\n|rule|Species Clause: Limit one of each Pok\u00e9mon\n|rule|Item Clause: Limit 1 of each item\n|clearpoke\n|poke|p1|Floette-Eternal, L50, F|\n|poke|p1|Aegislash, L50, F|\n|poke|p1|Mimikyu, L50, F|\n|poke|p1|Incineroar, L50, M|\n|poke|p1|Maushold-Four, L50|\n|poke|p1|Rotom-Wash, L50|\n|poke|p2|Floette-Eternal, L50, F|\n|poke|p2|Aerodactyl, L50, M|\n|poke|p2|Incineroar, L50, F|\n|poke|p2|Milotic, L50, M|\n|poke|p2|Sinistcha, L50|\n|poke|p2|Garchomp, L50, M|\n|teampreview|4\n|inactive|Battle timer is ON: inactive players will automatically lose when time's up. (requested by disciple of blahaj)\n|\n|t:|1776648063\n|teamsize|p1|4\n|teamsize|p2|4\n|start\n|switch|p1a: Mimikyu|Mimikyu, L50, F|100/100\n|switch|p1b: Rotom|Rotom-Wash, L50|100/100\n|switch|p2a: Floette|Floette-Eternal, L50, F|100/100\n|switch|p2b: Incineroar|Incineroar, L50, F|100/100\n|-ability|p2b: Incineroar|Intimidate|boost\n|-unboost|p1a: Mimikyu|atk|1\n|-unboost|p1b: Rotom|atk|1\n|turn|1\n|\n|t:|1776648078\n|switch|p1b: Aegislash|Aegislash, L50, F|100/100\n|move|p2b: Incineroar|Fake Out|p1b: Aegislash\n|-immune|p1b: Aegislash\n|move|p2a: Floette|Calm Mind|p2a: Floette\n|-boost|p2a: Floette|spa|1\n|-boost|p2a: Floette|spd|1\n|move|p1a: Mimikyu|Trick Room|p1a: Mimikyu\n|-fieldstart|move: Trick Room|[of] p1a: Mimikyu\n|\n|upkeep\n|turn|2\n|\n|t:|1776648100\n|move|p1b: Aegislash|King's Shield|p1b: Aegislash\n|-singleturn|p1b: Aegislash|Protect\n|move|p2a: Floette|Protect|p2a: Floette\n|-singleturn|p2a: Floette|Protect\n|move|p2b: Incineroar|Flare Blitz|p1b: Aegislash\n|-activate|p1b: Aegislash|move: Protect\n|-unboost|p2b: Incineroar|atk|1\n|move|p1a: Mimikyu|Curse|p2a: Floette\n|-start|p2a: Floette|Curse|[of] p1a: Mimikyu\n|-damage|p1a: Mimikyu|50/100\n|\n|-damage|p2a: Floette|76/100|[from] Curse\n|upkeep\n|turn|3\n|\n|t:|1776648122\n|switch|p2a: Milotic|Milotic, L50, M|100/100\n|switch|p1a: Floette|Floette-Eternal, L50, F|100/100\n|-formechange|p1b: Aegislash|Aegislash-Blade|\n|move|p1b: Aegislash|Iron Head|p2a: Milotic\n|-resisted|p2a: Milotic|1\n|-damage|p2a: Milotic|79/100\n|move|p2b: Incineroar|Flare Blitz|p1b: Aegislash\n|-supereffective|p1b: Aegislash|1\n|-damage|p1b: Aegislash|0 fnt\n|faint|p1b: Aegislash\n|-damage|p2b: Incineroar|73/100|[from] Recoil\n|\n|-heal|p2a: Milotic|85/100|[from] item: Leftovers\n|upkeep\n|\n|t:|1776648141\n|switch|p1b: Rotom|Rotom-Wash, L50|100/100\n|turn|4\n|\n|t:|1776648152\n|switch|p2a: Sinistcha|Sinistcha, L50|100/100\n|-heal|p2b: Incineroar|98/100|[from] ability: Hospitality|[of] p2a: Sinistcha\n|detailschange|p1a: Floette|Floette-Mega, L50, F\n|-mega|p1a: Floette|Floette|Floettite\n|-ability|p1a: Floette|Fairy Aura\n|move|p2b: Incineroar|Parting Shot|p1a: Floette\n|-unboost|p1a: Floette|atk|1\n|-unboost|p1a: Floette|spa|1\n|\n|t:|1776648161\n|switch|p2b: Floette|Floette-Eternal, L50, F|76/100|[from] Parting Shot\n|move|p1a: Floette|Calm Mind|p1a: Floette\n|-boost|p1a: Floette|spa|1\n|-boost|p1a: Floette|spd|1\n|move|p1b: Rotom|Volt Switch|p2a: Sinistcha\n|-resisted|p2a: Sinistcha|1\n|-damage|p2a: Sinistcha|84/100\n|\n|t:|1776648165\n|switch|p1b: Mimikyu|Mimikyu, L50, F|50/100|[from] Volt Switch\n|\n|upkeep\n|turn|5\n|inactive|L234S has 30 seconds left.\n|\n|t:|1776648193\n|detailschange|p2b: Floette|Floette-Mega, L50, F\n|-mega|p2b: Floette|Floette|Floettite\n|-ability|p2b: Floette|Fairy Aura\n|move|p2a: Sinistcha|Strength Sap|p1b: Mimikyu\n|-unboost|p1b: Mimikyu|atk|1\n|-heal|p2a: Sinistcha|100/100\n|move|p1b: Mimikyu|Curse|p2b: Floette\n|-start|p2b: Floette|Curse|[of] p1b: Mimikyu\n|-damage|p1b: Mimikyu|0 fnt\n|faint|p1b: Mimikyu\n|move|p1a: Floette|Calm Mind|p1a: Floette\n|-boost|p1a: Floette|spa|1\n|-boost|p1a: Floette|spd|1\n|move|p2b: Floette|Calm Mind|p2b: Floette\n|-boost|p2b: Floette|spa|1\n|-boost|p2b: Floette|spd|1\n|\n|-damage|p2b: Floette|51/100|[from] Curse\n|-fieldend|move: Trick Room\n|upkeep\n|\n|t:|1776648208\n|switch|p1b: Rotom|Rotom-Wash, L50|100/100\n|turn|6\n|\n|t:|1776648221\n|move|p1b: Rotom|Electroweb|p2b: Floette|[spread] p2a,p2b\n|-resisted|p2a: Sinistcha|1\n|-damage|p2a: Sinistcha|90/100\n|-damage|p2b: Floette|42/100\n|-unboost|p2a: Sinistcha|spe|1\n|-unboost|p2b: Floette|spe|1\n|move|p1a: Floette|Dazzling Gleam|p2b: Floette|[spread] p2a,p2b\n|-damage|p2a: Sinistcha|16/100\n|-damage|p2b: Floette|10/100\n|move|p2b: Floette|Dazzling Gleam|p1b: Rotom|[spread] p1a,p1b\n|-damage|p1a: Floette|75/100\n|-damage|p1b: Rotom|0 fnt\n|faint|p1b: Rotom\n|move|p2a: Sinistcha|Matcha Gotcha|p1a: Floette\n|-damage|p1a: Floette|65/100\n|-heal|p2a: Sinistcha|22/100|[from] drain|[of] p1a: Floette\n|\n|-damage|p2b: Floette|0 fnt|[from] Curse\n|faint|p2b: Floette\n|upkeep\n|inactive|L234S has 30 seconds left.\n|\n|t:|1776648248\n|switch|p2b: Incineroar|Incineroar, L50, F|98/100\n|-ability|p2b: Incineroar|Intimidate|boost\n|-unboost|p1a: Floette|atk|1\n|turn|7\n|\n|t:|1776648256\n|switch|p2a: Milotic|Milotic, L50, M|85/100\n|move|p1a: Floette|Protect|p1a: Floette\n|-singleturn|p1a: Floette|Protect\n|move|p2b: Incineroar|Fake Out|p1a: Floette\n|-activate|p1a: Floette|move: Protect\n|\n|-heal|p2a: Milotic|91/100|[from] item: Leftovers\n|upkeep\n|turn|8\n|\n|t:|1776648267\n|switch|p2b: Sinistcha|Sinistcha, L50|22/100\n|-heal|p2a: Milotic|100/100|[from] ability: Hospitality|[of] p2b: Sinistcha\n|move|p1a: Floette|Draining Kiss|p2b: Sinistcha\n|-damage|p2b: Sinistcha|0 fnt\n|-heal|p1a: Floette|80/100|[from] drain|[of] p2b: Sinistcha\n|faint|p2b: Sinistcha\n|move|p2a: Milotic|Icy Wind|p1a: Floette\n|-damage|p1a: Floette|74/100\n|-unboost|p1a: Floette|spe|1\n|\n|upkeep\n|\n|t:|1776648278\n|switch|p2b: Incineroar|Incineroar, L50, F|98/100\n|-ability|p2b: Incineroar|Intimidate|boost\n|-unboost|p1a: Floette|atk|1\n|turn|9\n|\n|t:|1776648283\n|move|p1a: Floette|Protect|p1a: Floette\n|-singleturn|p1a: Floette|Protect\n|move|p2b: Incineroar|Fake Out|p1a: Floette\n|-activate|p1a: Floette|move: Protect\n|move|p2a: Milotic|Icy Wind|p1a: Floette\n|-activate|p1a: Floette|move: Protect\n|\n|upkeep\n|turn|10\n|\n|t:|1776648291\n|move|p2a: Milotic|Icy Wind|p1a: Floette\n|-damage|p1a: Floette|68/100\n|-unboost|p1a: Floette|spe|1\n|move|p2b: Incineroar|Flare Blitz|p1a: Floette\n|-damage|p1a: Floette|18/100\n|-damage|p2b: Incineroar|83/100|[from] Recoil\n|move|p1a: Floette|Draining Kiss|p2b: Incineroar\n|-damage|p2b: Incineroar|30/100\n|-heal|p1a: Floette|62/100|[from] drain|[of] p2b: Incineroar\n|-enditem|p2b: Incineroar|Sitrus Berry|[eat]\n|-heal|p2b: Incineroar|54/100|[from] item: Sitrus Berry\n|\n|upkeep\n|turn|11\n|\n|t:|1776648307\n|move|p1a: Floette|Protect|p1a: Floette\n|-singleturn|p1a: Floette|Protect\n|move|p2a: Milotic|Scald|p1a: Floette\n|-activate|p1a: Floette|move: Protect\n|move|p2b: Incineroar|Flare Blitz|p1a: Floette\n|-activate|p1a: Floette|move: Protect\n|\n|upkeep\n|turn|12\n|\n|t:|1776648315\n|move|p2a: Milotic|Scald|p1a: Floette\n|-damage|p1a: Floette|50/100\n|move|p2b: Incineroar|Flare Blitz|p1a: Floette\n|-damage|p1a: Floette|5/100\n|-damage|p2b: Incineroar|41/100|[from] Recoil\n|move|p1a: Floette|Draining Kiss|p2b: Incineroar\n|-damage|p2b: Incineroar|0 fnt\n|-heal|p1a: Floette|40/100|[from] drain|[of] p2b: Incineroar\n|faint|p2b: Incineroar\n|\n|upkeep\n|turn|13\n|\n|t:|1776648325\n|move|p1a: Floette|Protect|p1a: Floette\n|-singleturn|p1a: Floette|Protect\n|move|p2a: Milotic|Scald|p1a: Floette\n|-activate|p1a: Floette|move: Protect\n|\n|upkeep\n|turn|14\n|\n|t:|1776648329\n|move|p2a: Milotic|Scald|p1a: Floette\n|-damage|p1a: Floette|28/100\n|-status|p1a: Floette|brn\n|move|p1a: Floette|Draining Kiss|p2a: Milotic\n|-damage|p2a: Milotic|61/100\n|-heal|p1a: Floette|61/100 brn|[from] drain|[of] p2a: Milotic\n|\n|-heal|p2a: Milotic|67/100|[from] item: Leftovers\n|-damage|p1a: Floette|55/100 brn|[from] brn\n|upkeep\n|turn|15\n|\n|t:|1776648338\n|move|p2a: Milotic|Protect|p2a: Milotic\n|-singleturn|p2a: Milotic|Protect\n|move|p1a: Floette|Draining Kiss|p2a: Milotic\n|-activate|p2a: Milotic|move: Protect\n|\n|-heal|p2a: Milotic|73/100|[from] item: Leftovers\n|-damage|p1a: Floette|49/100 brn|[from] brn\n|upkeep\n|turn|16\n|\n|t:|1776648343\n|move|p2a: Milotic|Scald|p1a: Floette\n|-damage|p1a: Floette|36/100 brn\n|move|p1a: Floette|Draining Kiss|p2a: Milotic\n|-damage|p2a: Milotic|34/100\n|-heal|p1a: Floette|69/100 brn|[from] drain|[of] p2a: Milotic\n|\n|-heal|p2a: Milotic|40/100|[from] item: Leftovers\n|-damage|p1a: Floette|63/100 brn|[from] brn\n|upkeep\n|turn|17\n|\n|t:|1776648353\n|move|p2a: Milotic|Protect|p2a: Milotic\n|-singleturn|p2a: Milotic|Protect\n|move|p1a: Floette|Draining Kiss|p2a: Milotic\n|-activate|p2a: Milotic|move: Protect\n|\n|-heal|p2a: Milotic|46/100|[from] item: Leftovers\n|-damage|p1a: Floette|57/100 brn|[from] brn\n|upkeep\n|turn|18\n|\n|t:|1776648355\n|move|p2a: Milotic|Muddy Water|p1a: Floette|[miss]\n|-miss|p2a: Milotic|p1a: Floette\n|move|p1a: Floette|Draining Kiss|p2a: Milotic\n|-damage|p2a: Milotic|7/100\n|-heal|p1a: Floette|89/100 brn|[from] drain|[of] p2a: Milotic\n|\n|-heal|p2a: Milotic|13/100|[from] item: Leftovers\n|-damage|p1a: Floette|83/100 brn|[from] brn\n|upkeep\n|turn|19\n|\n|t:|1776648361\n|move|p2a: Milotic|Protect|p2a: Milotic\n|-singleturn|p2a: Milotic|Protect\n|move|p1a: Floette|Dazzling Gleam|p2a: Milotic\n|-activate|p2a: Milotic|move: Protect\n|\n|-heal|p2a: Milotic|19/100|[from] item: Leftovers\n|-damage|p1a: Floette|77/100 brn|[from] brn\n|upkeep\n|turn|20\n|\n|t:|1776648363\n|move|p2a: Milotic|Muddy Water|p1a: Floette\n|-damage|p1a: Floette|62/100 brn\n|move|p1a: Floette|Dazzling Gleam|p2a: Milotic\n|-damage|p2a: Milotic|0 fnt\n|faint|p2a: Milotic\n|\n|win|disciple of blahaj\n|raw|disciple of blahaj's rating: 1311 &rarr; <strong>1334</strong><br />(+23 for winning)\n|raw|L234S's rating: 1371 &rarr; <strong>1348</strong><br />(-23 for losing)\n|l|\u2606L234S\n|player|p2|\n",
  "uploadtime": 1776648373,
  "views": 9,
  "formatid": "gen9championsvgc2026regma",
  "rating": 1334,
  "private": 0,
  "password": null
}