{
  "id": "gen9championsvgc2026regma-2581733563",
  "format": "[Gen 9 Champions] VGC 2026 Reg M-A",
  "players": [
    "Elpirulas666",
    "thealex610"
  ],
  "log": "|j|\u2606Elpirulas666\n|j|\u2606thealex610\n|t:|1776024252\n|gametype|doubles\n|player|p1|Elpirulas666|1|1091\n|player|p2|thealex610|169|1126\n|gen|9\n|tier|[Gen 9 Champions] VGC 2026 Reg M-A\n|rated|\n|rule|Species Clause: Limit one of each Pok\u00e9mon\n|rule|Item Clause: Limit 1 of each item\n|clearpoke\n|poke|p1|Tyranitar, L50, F|\n|poke|p1|Excadrill, L50, F|\n|poke|p1|Incineroar, L50, F|\n|poke|p1|Rotom-Wash, L50|\n|poke|p1|Sinistcha, L50|\n|poke|p1|Corviknight, L50, F|\n|poke|p2|Sneasler, L50, M|\n|poke|p2|Talonflame, L50, F|\n|poke|p2|Milotic, L50, F|\n|poke|p2|Aegislash, L50, F|\n|poke|p2|Scizor, L50, F|\n|poke|p2|Tyranitar, L50, F|\n|teampreview|4\n|inactive|Battle timer is ON: inactive players will automatically lose when time's up. (requested by thealex610)\n|\n|t:|1776024306\n|teamsize|p1|4\n|teamsize|p2|4\n|start\n|switch|p1a: Incineroar|Incineroar, L50, F|100/100\n|switch|p1b: Tyranitar|Tyranitar, L50, F|100/100\n|switch|p2a: Sneasler|Sneasler, L50, M|100/100\n|switch|p2b: Milotic|Milotic, L50, F|100/100\n|-weather|Sandstorm|[from] ability: Sand Stream|[of] p1b: Tyranitar\n|-ability|p1a: Incineroar|Intimidate|boost\n|-unboost|p2a: Sneasler|atk|1\n|-unboost|p2b: Milotic|atk|1\n|-ability|p2b: Milotic|Competitive|boost\n|-boost|p2b: Milotic|spa|2\n|-enditem|p2a: Sneasler|White Herb\n|-clearnegativeboost|p2a: Sneasler|[silent]\n|turn|1\n|\n|t:|1776024326\n|move|p1b: Tyranitar|Protect|p1b: Tyranitar\n|-singleturn|p1b: Tyranitar|Protect\n|move|p2a: Sneasler|Fake Out|p1a: Incineroar\n|-crit|p1a: Incineroar\n|-damage|p1a: Incineroar|78/100\n|move|p2b: Milotic|Scald|p1b: Tyranitar\n|-activate|p1b: Tyranitar|move: Protect\n|cant|p1a: Incineroar|flinch\n|\n|-weather|Sandstorm|[upkeep]\n|-damage|p2a: Sneasler|95/100|[from] Sandstorm\n|-damage|p2b: Milotic|95/100|[from] Sandstorm\n|-damage|p1a: Incineroar|72/100|[from] Sandstorm\n|upkeep\n|turn|2\n|\n|t:|1776024342\n|switch|p1b: Sinistcha|Sinistcha, L50|100/100\n|-heal|p1a: Incineroar|97/100|[from] ability: Hospitality|[of] p1b: Sinistcha\n|move|p2a: Sneasler|Close Combat|p1b: Sinistcha\n|-immune|p1b: Sinistcha\n|move|p2b: Milotic|Scald|p1a: Incineroar\n|-supereffective|p1a: Incineroar|1\n|-damage|p1a: Incineroar|0 fnt\n|faint|p1a: Incineroar\n|\n|-weather|Sandstorm|[upkeep]\n|-damage|p2a: Sneasler|89/100|[from] Sandstorm\n|-damage|p2b: Milotic|89/100|[from] Sandstorm\n|-damage|p1b: Sinistcha|95/100|[from] Sandstorm\n|-heal|p1b: Sinistcha|100/100|[from] item: Leftovers\n|upkeep\n|\n|t:|1776024353\n|switch|p1a: Excadrill|Excadrill, L50, F|100/100\n|turn|3\n|\n|t:|1776024365\n|move|p1b: Sinistcha|Rage Powder|p1b: Sinistcha\n|-singleturn|p1b: Sinistcha|move: Rage Powder\n|move|p2a: Sneasler|Close Combat|p1b: Sinistcha\n|-immune|p1b: Sinistcha\n|move|p1a: Excadrill|High Horsepower|p2a: Sneasler\n|-supereffective|p2a: Sneasler|1\n|-damage|p2a: Sneasler|0 fnt\n|faint|p2a: Sneasler\n|move|p2b: Milotic|Icy Wind|p1b: Sinistcha|[spread] p1a,p1b\n|-supereffective|p1b: Sinistcha|1\n|-damage|p1a: Excadrill|67/100\n|-damage|p1b: Sinistcha|44/100\n|-unboost|p1a: Excadrill|spe|1\n|-unboost|p1b: Sinistcha|spe|1\n|\n|-weather|Sandstorm|[upkeep]\n|-damage|p2b: Milotic|83/100|[from] Sandstorm\n|-damage|p1b: Sinistcha|38/100|[from] Sandstorm\n|-heal|p1b: Sinistcha|44/100|[from] item: Leftovers\n|upkeep\n|\n|t:|1776024383\n|switch|p2a: Scizor|Scizor, L50, F, shiny|100/100\n|turn|4\n|\n|t:|1776024394\n|detailschange|p2a: Scizor|Scizor-Mega, L50, F, shiny\n|-mega|p2a: Scizor|Scizor|Scizorite\n|move|p2b: Milotic|Protect|p2b: Milotic\n|-singleturn|p2b: Milotic|Protect\n|move|p1a: Excadrill|High Horsepower|p2a: Scizor\n|-damage|p2a: Scizor|49/100\n|move|p2a: Scizor|Dual Wingbeat|p1b: Sinistcha\n|-supereffective|p1b: Sinistcha|1\n|-damage|p1b: Sinistcha|7/100\n|-supereffective|p1b: Sinistcha|1\n|-damage|p1b: Sinistcha|0 fnt\n|faint|p1b: Sinistcha\n|-hitcount|p1: Sinistcha|2\n|\n|-weather|Sandstorm|[upkeep]\n|-damage|p2b: Milotic|77/100|[from] Sandstorm\n|upkeep\n|\n|t:|1776024401\n|switch|p1b: Tyranitar|Tyranitar, L50, F|100/100\n|turn|5\n|\n|t:|1776024417\n|detailschange|p1b: Tyranitar|Tyranitar-Mega, L50, F\n|-mega|p1b: Tyranitar|Tyranitar|Tyranitarite\n|move|p2a: Scizor|Protect|p2a: Scizor\n|-singleturn|p2a: Scizor|Protect\n|move|p1a: Excadrill|High Horsepower|p2a: Scizor\n|-activate|p2a: Scizor|move: Protect\n|move|p2b: Milotic|Scald|p1b: Tyranitar\n|-supereffective|p1b: Tyranitar|1\n|-damage|p1b: Tyranitar|21/100\n|-status|p1b: Tyranitar|brn\n|move|p1b: Tyranitar|Crunch|p2a: Scizor\n|-activate|p2a: Scizor|move: Protect\n|\n|-weather|none\n|-damage|p1b: Tyranitar|15/100 brn|[from] brn\n|upkeep\n|turn|6\n|\n|t:|1776024438\n|move|p2a: Scizor|Bullet Punch|p1b: Tyranitar\n|-supereffective|p1b: Tyranitar|1\n|-damage|p1b: Tyranitar|0 fnt\n|faint|p1b: Tyranitar\n|move|p2b: Milotic|Scald|p1a: Excadrill\n|-supereffective|p1a: Excadrill|1\n|-damage|p1a: Excadrill|0 fnt\n|faint|p1a: Excadrill\n|\n|win|thealex610\n|raw|Elpirulas666's rating: 1091 &rarr; <strong>1070</strong><br />(-21 for losing)\n|raw|thealex610's rating: 1126 &rarr; <strong>1148</strong><br />(+22 for winning)\n|l|\u2606Elpirulas666\n|player|p1|\n",
  "uploadtime": 1776024448,
  "views": 34,
  "formatid": "gen9championsvgc2026regma",
  "rating": 1070,
  "private": 0,
  "password": null
}