{
  "id": "gen9championsvgc2026regma-2588145570",
  "format": "[Gen 9 Champions] VGC 2026 Reg M-A",
  "players": [
    "LyleHater229",
    "TheBallistic1"
  ],
  "log": "|j|\u2606LyleHater229\n|j|\u2606TheBallistic1\n|t:|1776608906\n|gametype|doubles\n|player|p1|LyleHater229|blue|1137\n|player|p2|TheBallistic1|colress|1121\n|gen|9\n|tier|[Gen 9 Champions] VGC 2026 Reg M-A\n|rated|\n|rule|Species Clause: Limit one of each Pok\u00e9mon\n|rule|Item Clause: Limit 1 of each item\n|clearpoke\n|poke|p1|Tyranitar, L50, M, shiny|\n|poke|p1|Excadrill, L50, M|\n|poke|p1|Milotic, L50, F|\n|poke|p1|Rotom-Wash, L50|\n|poke|p1|Dragonite, L50, M|\n|poke|p1|Aegislash, L50, F|\n|poke|p2|Floette-Eternal, L50, F|\n|poke|p2|Charizard, L50, F|\n|poke|p2|Sneasler, L50, M|\n|poke|p2|Milotic, L50, M|\n|poke|p2|Incineroar, L50, F|\n|poke|p2|Sinistcha, L50|\n|teampreview|4\n|\n|t:|1776608964\n|teamsize|p1|4\n|teamsize|p2|4\n|start\n|switch|p1a: Dragonite|Dragonite, L50, M|100/100\n|switch|p1b: Aegislash|Aegislash, L50, F|100/100\n|switch|p2a: Floette|Floette-Eternal, L50, F|100/100\n|switch|p2b: Sneasler|Sneasler, L50, M|100/100\n|turn|1\n|\n|t:|1776608987\n|move|p2a: Floette|Protect|p2a: Floette\n|-singleturn|p2a: Floette|Protect\n|move|p1a: Dragonite|Protect|p1a: Dragonite\n|-singleturn|p1a: Dragonite|Protect\n|move|p2b: Sneasler|U-turn|p1a: Dragonite\n|-activate|p1a: Dragonite|move: Protect\n|-formechange|p1b: Aegislash|Aegislash-Blade|\n|move|p1b: Aegislash|Iron Head|p2a: Floette\n|-activate|p2a: Floette|move: Protect\n|\n|upkeep\n|turn|2\n|l|\u2606TheBallistic1\n|player|p2|\n|j|\u2606TheBallistic1\n|player|p2|TheBallistic1|colress|\n|\n|t:|1776609029\n|switch|p2a: Incineroar|Incineroar, L50, F|100/100\n|-ability|p2a: Incineroar|Intimidate|boost\n|-fail|p1a: Dragonite|unboost|Attack|[from] ability: Inner Focus|[of] p1a: Dragonite\n|-unboost|p1b: Aegislash|atk|1\n|move|p2b: Sneasler|U-turn|p1a: Dragonite\n|-resisted|p1a: Dragonite|1\n|-damage|p1a: Dragonite|90/100\n|\n|t:|1776609037\n|switch|p2b: Floette|Floette-Eternal, L50, F|100/100|[from] U-turn\n|move|p1a: Dragonite|Scale Shot|p2b: Floette\n|-immune|p2b: Floette\n|move|p1b: Aegislash|Iron Head|p2a: Incineroar\n|-resisted|p2a: Incineroar|1\n|-damage|p2a: Incineroar|86/100\n|\n|upkeep\n|turn|3\n|\n|t:|1776609077\n|switch|p1b: Rotom|Rotom-Wash, L50|100/100\n|move|p2b: Floette|Protect|p2b: Floette\n|-singleturn|p2b: Floette|Protect\n|move|p1a: Dragonite|Protect|p1a: Dragonite\n|-singleturn|p1a: Dragonite|Protect\n|move|p2a: Incineroar|Flare Blitz|p1b: Rotom\n|-resisted|p1b: Rotom|1\n|-damage|p1b: Rotom|60/100\n|-damage|p2a: Incineroar|77/100|[from] Recoil\n|\n|upkeep\n|turn|4\n|\n|t:|1776609116\n|switch|p1a: Milotic|Milotic, L50, F|100/100\n|detailschange|p2b: Floette|Floette-Mega, L50, F\n|-mega|p2b: Floette|Floette|Floettite\n|-ability|p2b: Floette|Fairy Aura\n|move|p1b: Rotom|Hydro Pump|p2b: Floette\n|-damage|p2b: Floette|58/100\n|move|p2b: Floette|Dazzling Gleam|p1a: Milotic|[spread] p1a,p1b\n|-damage|p1a: Milotic|71/100\n|-damage|p1b: Rotom|0 fnt\n|faint|p1b: Rotom\n|move|p2a: Incineroar|Parting Shot|p1a: Milotic\n|-unboost|p1a: Milotic|atk|1\n|-ability|p1a: Milotic|Competitive|boost\n|-boost|p1a: Milotic|spa|2\n|-unboost|p1a: Milotic|spa|1\n|-ability|p1a: Milotic|Competitive|boost\n|-boost|p1a: Milotic|spa|2\n|\n|t:|1776609131\n|switch|p2a: Sneasler|Sneasler, L50, M|100/100|[from] Parting Shot\n|\n|-heal|p1a: Milotic|77/100|[from] item: Leftovers\n|upkeep\n|\n|t:|1776609138\n|switch|p1b: Aegislash|Aegislash, L50, F|100/100\n|turn|5\n|inactive|Battle timer is ON: inactive players will automatically lose when time's up. (requested by TheBallistic1)\n|\n|t:|1776609159\n|switch|p2a: Sinistcha|Sinistcha, L50|100/100\n|-heal|p2b: Floette|82/100|[from] ability: Hospitality|[of] p2a: Sinistcha\n|move|p2b: Floette|Protect|p2b: Floette\n|-singleturn|p2b: Floette|Protect\n|move|p1a: Milotic|Protect|p1a: Milotic\n|-singleturn|p1a: Milotic|Protect\n|-formechange|p1b: Aegislash|Aegislash-Blade|\n|move|p1b: Aegislash|Iron Head|p2a: Sinistcha\n|-damage|p2a: Sinistcha|63/100\n|\n|-heal|p1a: Milotic|83/100|[from] item: Leftovers\n|upkeep\n|turn|6\n|inactive|LyleHater229 has 30 seconds left.\n|inactive|LyleHater229 has 20 seconds left.\n|inactive|LyleHater229 has 15 seconds left.\n|inactive|LyleHater229 has 10 seconds left.\n|\n|t:|1776609204\n|switch|p2b: Incineroar|Incineroar, L50, F|77/100\n|-ability|p2b: Incineroar|Intimidate|boost\n|-unboost|p1a: Milotic|atk|1\n|-ability|p1a: Milotic|Competitive|boost\n|-boost|p1a: Milotic|spa|2\n|-unboost|p1b: Aegislash|atk|1\n|move|p1a: Milotic|Ice Beam|p2a: Sinistcha\n|-supereffective|p2a: Sinistcha|1\n|-damage|p2a: Sinistcha|0 fnt\n|faint|p2a: Sinistcha\n|move|p1b: Aegislash|Iron Head|p2b: Incineroar\n|-resisted|p2b: Incineroar|1\n|-damage|p2b: Incineroar|60/100\n|\n|-heal|p1a: Milotic|89/100|[from] item: Leftovers\n|upkeep\n|\n|t:|1776609214\n|switch|p2a: Sneasler|Sneasler, L50, M|100/100\n|turn|7\n|\n|t:|1776609222\n|move|p1a: Milotic|Protect|p1a: Milotic\n|-singleturn|p1a: Milotic|Protect\n|-formechange|p1b: Aegislash|Aegislash|\n|move|p1b: Aegislash|King's Shield|p1b: Aegislash\n|-singleturn|p1b: Aegislash|Protect\n|move|p2a: Sneasler|Fake Out|p1a: Milotic\n|-activate|p1a: Milotic|move: Protect\n|move|p2b: Incineroar|Darkest Lariat|p1b: Aegislash\n|-activate|p1b: Aegislash|move: Protect\n|-unboost|p2b: Incineroar|atk|1\n|\n|-heal|p1a: Milotic|95/100|[from] item: Leftovers\n|upkeep\n|turn|8\n|\n|t:|1776609244\n|switch|p1b: Dragonite|Dragonite, L50, M|90/100\n|move|p2a: Sneasler|Close Combat|p1a: Milotic\n|-damage|p1a: Milotic|37/100\n|-unboost|p2a: Sneasler|def|1\n|-unboost|p2a: Sneasler|spd|1\n|-enditem|p2a: Sneasler|White Herb\n|-clearnegativeboost|p2a: Sneasler|[silent]\n|move|p1a: Milotic|Scald|p2b: Incineroar\n|-supereffective|p2b: Incineroar|1\n|-damage|p2b: Incineroar|0 fnt\n|faint|p2b: Incineroar\n|\n|-heal|p1a: Milotic|43/100|[from] item: Leftovers\n|upkeep\n|\n|t:|1776609260\n|switch|p2b: Floette|Floette-Mega, L50, F|82/100\n|-ability|p2b: Floette|Fairy Aura\n|turn|9\n|\n|t:|1776609275\n|move|p1a: Milotic|Protect|p1a: Milotic\n|-singleturn|p1a: Milotic|Protect\n|move|p2a: Sneasler|U-turn|p1a: Milotic\n|-activate|p1a: Milotic|move: Protect\n|move|p2b: Floette|Dazzling Gleam|p1b: Dragonite|[spread] p1b\n|-activate|p1a: Milotic|move: Protect\n|-supereffective|p1b: Dragonite|1\n|-damage|p1b: Dragonite|10/100\n|move|p1b: Dragonite|Tailwind|p1b: Dragonite\n|-sidestart|p1: LyleHater229|move: Tailwind\n|\n|-heal|p1a: Milotic|49/100|[from] item: Leftovers\n|upkeep\n|turn|10\n|\n|t:|1776609298\n|move|p1b: Dragonite|Extreme Speed|p2b: Floette\n|-damage|p2b: Floette|41/100\n|move|p2a: Sneasler|Dire Claw|p1a: Milotic\n|-damage|p1a: Milotic|11/100\n|move|p1a: Milotic|Scald|p2a: Sneasler\n|-damage|p2a: Sneasler|0 fnt\n|faint|p2a: Sneasler\n|move|p2b: Floette|Dazzling Gleam|p1b: Dragonite|[spread] p1a,p1b\n|-supereffective|p1b: Dragonite|1\n|-damage|p1a: Milotic|0 fnt\n|-damage|p1b: Dragonite|0 fnt\n|faint|p1a: Milotic\n|faint|p1b: Dragonite\n|\n|upkeep\n|\n|t:|1776609313\n|switch|p1a: Aegislash|Aegislash, L50, F|100/100\n|turn|11\n|\n|t:|1776609320\n|move|p2b: Floette|Protect|p2b: Floette\n|-singleturn|p2b: Floette|Protect\n|-formechange|p1a: Aegislash|Aegislash-Blade|\n|move|p1a: Aegislash|Iron Head|p2b: Floette\n|-activate|p2b: Floette|move: Protect\n|\n|upkeep\n|turn|12\n|\n|t:|1776609330\n|move|p2b: Floette|Protect||[still]\n|-fail|p2b: Floette\n|-formechange|p1a: Aegislash|Aegislash|\n|move|p1a: Aegislash|King's Shield||[still]\n|-fail|p1a: Aegislash\n|\n|-sideend|p1: LyleHater229|move: Tailwind\n|upkeep\n|turn|13\n|\n|t:|1776609340\n|move|p2b: Floette|Protect|p2b: Floette\n|-singleturn|p2b: Floette|Protect\n|-formechange|p1a: Aegislash|Aegislash-Blade|\n|move|p1a: Aegislash|Iron Head|p2b: Floette\n|-activate|p2b: Floette|move: Protect\n|\n|upkeep\n|turn|14\n|\n|t:|1776609358\n|move|p2b: Floette|Moonblast|p1a: Aegislash\n|-resisted|p1a: Aegislash|1\n|-damage|p1a: Aegislash|39/100\n|-enditem|p1a: Aegislash|Sitrus Berry|[eat]\n|-heal|p1a: Aegislash|64/100|[from] item: Sitrus Berry\n|move|p1a: Aegislash|Iron Head|p2b: Floette\n|-supereffective|p2b: Floette|1\n|-damage|p2b: Floette|0 fnt\n|faint|p2b: Floette\n|\n|win|LyleHater229\n|raw|LyleHater229's rating: 1137 &rarr; <strong>1161</strong><br />(+24 for winning)\n|raw|TheBallistic1's rating: 1121 &rarr; <strong>1097</strong><br />(-24 for losing)\n",
  "uploadtime": 1776609361,
  "views": 11,
  "formatid": "gen9championsvgc2026regma",
  "rating": 1097,
  "private": 0,
  "password": null
}