{
  "id": "gen9championsvgc2026regma-2586777370",
  "format": "[Gen 9 Champions] VGC 2026 Reg M-A",
  "players": [
    "xXTato1406Xx",
    "Weeb53"
  ],
  "log": "|j|\u2606xXTato1406Xx\n|j|\u2606Weeb53\n|t:|1776459094\n|gametype|doubles\n|player|p1|xXTato1406Xx|cheren-gen5bw2|1052\n|player|p2|Weeb53|ethan|1049\n|gen|9\n|tier|[Gen 9 Champions] VGC 2026 Reg M-A\n|rated|\n|rule|Species Clause: Limit one of each Pok\u00e9mon\n|rule|Item Clause: Limit 1 of each item\n|clearpoke\n|poke|p1|Garchomp, L50, F|\n|poke|p1|Tyranitar, L50, M|\n|poke|p1|Archaludon, L50, F|\n|poke|p1|Sinistcha, L50|\n|poke|p1|Pelipper, L50, M|\n|poke|p1|Corviknight, L50, M|\n|poke|p2|Froslass, L50, F|\n|poke|p2|Clefable, L50, M|\n|poke|p2|Mamoswine, L50, F|\n|poke|p2|Milotic, L50, M|\n|poke|p2|Sinistcha, L50|\n|poke|p2|Emboar, L50, M|\n|teampreview|4\n|\n|t:|1776459130\n|teamsize|p1|4\n|teamsize|p2|4\n|start\n|switch|p1a: Tyranitar|Tyranitar, L50, M|100/100\n|switch|p1b: Corviknight|Corviknight, L50, M|100/100\n|switch|p2a: Mamoswine|Mamoswine, L50, F|100/100\n|switch|p2b: Milotic|Milotic, L50, M|100/100\n|-weather|Sandstorm|[from] ability: Sand Stream|[of] p1a: Tyranitar\n|turn|1\n|\n|t:|1776459155\n|move|p1a: Tyranitar|Protect|p1a: Tyranitar\n|-singleturn|p1a: Tyranitar|Protect\n|move|p2a: Mamoswine|High Horsepower|p1a: Tyranitar\n|-activate|p1a: Tyranitar|move: Protect\n|move|p2b: Milotic|Scald|p1b: Corviknight\n|-damage|p1b: Corviknight|76/100\n|-status|p1b: Corviknight|brn\n|move|p1b: Corviknight|Iron Defense|p1b: Corviknight\n|-boost|p1b: Corviknight|def|2\n|\n|-weather|Sandstorm|[upkeep]\n|-damage|p2b: Milotic|95/100|[from] Sandstorm\n|-heal|p2b: Milotic|100/100|[from] item: Leftovers\n|-heal|p1b: Corviknight|82/100 brn|[from] item: Leftovers\n|-damage|p1b: Corviknight|76/100 brn|[from] brn\n|upkeep\n|turn|2\n|\n|t:|1776459180\n|move|p2a: Mamoswine|High Horsepower|p1a: Tyranitar\n|-supereffective|p1a: Tyranitar|1\n|-damage|p1a: Tyranitar|8/100\n|move|p2b: Milotic|Flip Turn|p1b: Corviknight\n|-damage|p1b: Corviknight|70/100 brn\n|\n|t:|1776459190\n|switch|p2b: Froslass|Froslass, L50, F|100/100|[from] Flip Turn\n|move|p1b: Corviknight|Iron Defense|p1b: Corviknight\n|-boost|p1b: Corviknight|def|2\n|move|p1a: Tyranitar|Knock Off|p2b: Froslass\n|-supereffective|p2b: Froslass|1\n|-damage|p2b: Froslass|0 fnt\n|faint|p2b: Froslass\n|\n|-weather|Sandstorm|[upkeep]\n|-heal|p1b: Corviknight|76/100 brn|[from] item: Leftovers\n|-damage|p1b: Corviknight|70/100 brn|[from] brn\n|upkeep\n|\n|t:|1776459204\n|switch|p2b: Emboar|Emboar, L50, M|100/100\n|turn|3\n|\n|t:|1776459212\n|switch|p1a: Garchomp|Garchomp, L50, F|100/100\n|detailschange|p2b: Emboar|Emboar-Mega, L50, M\n|-mega|p2b: Emboar|Emboar|Emboarite\n|-ability|p2b: Emboar|Mold Breaker\n|move|p2a: Mamoswine|High Horsepower|p1a: Garchomp\n|-damage|p1a: Garchomp|43/100\n|move|p2b: Emboar|Flare Blitz|p1b: Corviknight\n|-supereffective|p1b: Corviknight|1\n|-crit|p1b: Corviknight\n|-damage|p1b: Corviknight|0 fnt\n|faint|p1b: Corviknight\n|-damage|p2b: Emboar|82/100|[from] Recoil\n|\n|-weather|Sandstorm|[upkeep]\n|-damage|p2b: Emboar|76/100|[from] Sandstorm\n|upkeep\n|\n|t:|1776459225\n|switch|p1b: Sinistcha|Sinistcha, L50|100/100\n|-heal|p1a: Garchomp|68/100|[from] ability: Hospitality|[of] p1b: Sinistcha\n|turn|4\n|\n|t:|1776459247\n|detailschange|p1a: Garchomp|Garchomp-Mega, L50, F\n|-mega|p1a: Garchomp|Garchomp|Garchompite\n|move|p2b: Emboar|Protect|p2b: Emboar\n|-singleturn|p2b: Emboar|Protect\n|move|p2a: Mamoswine|High Horsepower|p1a: Garchomp\n|-damage|p1a: Garchomp|23/100\n|move|p1a: Garchomp|Earthquake|p2a: Mamoswine|[spread] p1b,p2a\n|-activate|p2b: Emboar|move: Protect\n|-resisted|p1b: Sinistcha|1\n|-damage|p1b: Sinistcha|66/100\n|-damage|p2a: Mamoswine|26/100\n|move|p1b: Sinistcha|Matcha Gotcha|p2b: Emboar|[spread] p2a\n|-activate|p2b: Emboar|move: Protect\n|-supereffective|p2a: Mamoswine|1\n|-damage|p2a: Mamoswine|0 fnt\n|-heal|p1b: Sinistcha|79/100|[from] drain|[of] p2a: Mamoswine\n|faint|p2a: Mamoswine\n|\n|-weather|Sandstorm|[upkeep]\n|-damage|p2b: Emboar|70/100|[from] Sandstorm\n|-damage|p1b: Sinistcha|73/100|[from] Sandstorm\n|upkeep\n|\n|t:|1776459271\n|switch|p2a: Milotic|Milotic, L50, M|100/100\n|turn|5\n|\n|t:|1776459296\n|move|p1a: Garchomp|Protect|p1a: Garchomp\n|-singleturn|p1a: Garchomp|Protect\n|move|p2a: Milotic|Scald|p1a: Garchomp\n|-activate|p1a: Garchomp|move: Protect\n|move|p2b: Emboar|Flare Blitz|p1b: Sinistcha\n|-supereffective|p1b: Sinistcha|1\n|-damage|p1b: Sinistcha|0 fnt\n|faint|p1b: Sinistcha\n|-damage|p2b: Emboar|50/100|[from] Recoil\n|\n|-weather|none\n|upkeep\n|\n|t:|1776459305\n|switch|p1b: Tyranitar|Tyranitar, L50, M|8/100\n|-weather|Sandstorm|[from] ability: Sand Stream|[of] p1b: Tyranitar\n|turn|6\n|\n|t:|1776459324\n|move|p2b: Emboar|Protect|p2b: Emboar\n|-singleturn|p2b: Emboar|Protect\n|move|p1b: Tyranitar|Protect|p1b: Tyranitar\n|-singleturn|p1b: Tyranitar|Protect\n|move|p2a: Milotic|Scald|p1a: Garchomp\n|-damage|p1a: Garchomp|0 fnt\n|faint|p1a: Garchomp\n|\n|-weather|Sandstorm|[upkeep]\n|-damage|p2a: Milotic|95/100|[from] Sandstorm\n|-damage|p2b: Emboar|44/100|[from] Sandstorm\n|-heal|p2a: Milotic|100/100|[from] item: Leftovers\n|upkeep\n|turn|7\n|\n|t:|1776459342\n|move|p2a: Milotic|Scald|p1b: Tyranitar\n|-supereffective|p1b: Tyranitar|1\n|-damage|p1b: Tyranitar|0 fnt\n|faint|p1b: Tyranitar\n|\n|win|Weeb53\n|raw|xXTato1406Xx's rating: 1052 &rarr; <strong>1034</strong><br />(-18 for losing)\n|raw|Weeb53's rating: 1049 &rarr; <strong>1082</strong><br />(+33 for winning)\n|l|\u2606xXTato1406Xx\n|player|p1|\n",
  "uploadtime": 1776459355,
  "views": 24,
  "formatid": "gen9championsvgc2026regma",
  "rating": 1034,
  "private": 0,
  "password": null
}