{
  "id": "gen9championsvgc2026regma-2585509890",
  "format": "[Gen 9 Champions] VGC 2026 Reg M-A",
  "players": [
    "sylent knight",
    "dkapflzksh"
  ],
  "log": "|j|\u2606sylent knight\n|j|\u2606dkapflzksh\n|t:|1776352352\n|gametype|doubles\n|player|p1|sylent knight|169|1367\n|player|p2|dkapflzksh|scientist-gen4dp|1432\n|gen|9\n|tier|[Gen 9 Champions] VGC 2026 Reg M-A\n|rated|\n|rule|Species Clause: Limit one of each Pok\u00e9mon\n|rule|Item Clause: Limit 1 of each item\n|clearpoke\n|poke|p1|Incineroar, L50, F|\n|poke|p1|Araquanid, L50, M|\n|poke|p1|Sinistcha, L50|\n|poke|p1|Machamp, L50, M|\n|poke|p1|Scizor, L50, M|\n|poke|p1|Rhyperior, L50, F|\n|poke|p2|Basculegion, L50, M|\n|poke|p2|Dragonite, L50, F|\n|poke|p2|Archaludon, L50, M|\n|poke|p2|Pelipper, L50, F|\n|poke|p2|Floette-Eternal, L50, F|\n|poke|p2|Kingambit, L50, M|\n|teampreview|4\n|j| lance dance vgc13\n|l| lance dance vgc13\n|inactive|Battle timer is ON: inactive players will automatically lose when time's up. (requested by sylent knight)\n|j| thatsaltyguy\n|l| thatsaltyguy\n|\n|t:|1776352392\n|teamsize|p1|4\n|teamsize|p2|4\n|start\n|switch|p1a: Araquanid|Araquanid, L50, M|100/100\n|switch|p1b: Sinistcha|Sinistcha, L50|100/100\n|switch|p2a: Pelipper|Pelipper, L50, F, shiny|100/100\n|switch|p2b: Basculegion|Basculegion, L50, M, shiny|100/100\n|-weather|RainDance|[from] ability: Drizzle|[of] p2a: Pelipper\n|turn|1\n|inactive|sylent knight has 30 seconds left.\n|\n|t:|1776352424\n|move|p2b: Basculegion|Flip Turn|p1a: Araquanid\n|-resisted|p1a: Araquanid|1\n|-damage|p1a: Araquanid|69/100\n|\n|t:|1776352427\n|switch|p2b: Archaludon|Archaludon, L50, M, shiny|100/100|[from] Flip Turn\n|move|p2a: Pelipper|Hurricane|p1b: Sinistcha\n|-supereffective|p1b: Sinistcha|1\n|-damage|p1b: Sinistcha|33/100\n|-start|p1b: Sinistcha|confusion\n|move|p1a: Araquanid|Liquidation|p2b: Archaludon\n|-resisted|p2b: Archaludon|1\n|-damage|p2b: Archaludon|56/100\n|-unboost|p2b: Archaludon|def|1\n|-ability|p2b: Archaludon|Stamina|boost\n|-boost|p2b: Archaludon|def|1\n|-activate|p1b: Sinistcha|confusion\n|move|p1b: Sinistcha|Trick Room|p1b: Sinistcha\n|-fieldstart|move: Trick Room|[of] p1b: Sinistcha\n|\n|-weather|RainDance|[upkeep]\n|-heal|p1b: Sinistcha|39/100|[from] item: Leftovers\n|-heal|p2b: Archaludon|62/100|[from] item: Leftovers\n|upkeep\n|turn|2\n|inactive|sylent knight has 30 seconds left.\n|inactive|dkapflzksh has 30 seconds left.\n|\n|t:|1776352455\n|move|p2b: Archaludon|Protect|p2b: Archaludon\n|-singleturn|p2b: Archaludon|Protect\n|move|p1a: Araquanid|Liquidation|p2b: Archaludon\n|-activate|p2b: Archaludon|move: Protect\n|-end|p1b: Sinistcha|confusion\n|move|p1b: Sinistcha|Matcha Gotcha|p2b: Archaludon|[spread] p2a\n|-activate|p2b: Archaludon|move: Protect\n|-damage|p2a: Pelipper|63/100\n|-heal|p1b: Sinistcha|56/100|[from] drain|[of] p2a: Pelipper\n|move|p2a: Pelipper|Hurricane|p1b: Sinistcha\n|-supereffective|p1b: Sinistcha|1\n|-damage|p1b: Sinistcha|0 fnt\n|faint|p1b: Sinistcha\n|\n|-weather|RainDance|[upkeep]\n|-heal|p2b: Archaludon|69/100|[from] item: Leftovers\n|upkeep\n|\n|t:|1776352477\n|switch|p1b: Machamp|Machamp, L50, M|100/100\n|turn|3\n|\n|t:|1776352487\n|switch|p2b: Basculegion|Basculegion, L50, M, shiny|100/100\n|move|p1a: Araquanid|Liquidation|p2a: Pelipper\n|-resisted|p2a: Pelipper|1\n|-damage|p2a: Pelipper|0 fnt\n|faint|p2a: Pelipper\n|move|p1b: Machamp|Dynamic Punch|p2b: Basculegion\n|-immune|p2b: Basculegion\n|\n|-weather|RainDance|[upkeep]\n|upkeep\n|\n|t:|1776352497\n|switch|p2a: Dragonite|Dragonite, L50, F, shiny|100/100\n|turn|4\n|\n|t:|1776352516\n|switch|p2b: Archaludon|Archaludon, L50, M, shiny|69/100\n|detailschange|p2a: Dragonite|Dragonite-Mega, L50, F, shiny\n|-mega|p2a: Dragonite|Dragonite|Dragoninite\n|move|p1a: Araquanid|Liquidation|p2b: Archaludon\n|-resisted|p2b: Archaludon|1\n|-damage|p2b: Archaludon|28/100\n|-unboost|p2b: Archaludon|def|1\n|-ability|p2b: Archaludon|Stamina|boost\n|-boost|p2b: Archaludon|def|1\n|move|p1b: Machamp|Knock Off|p2b: Archaludon\n|-damage|p2b: Archaludon|8/100\n|-ability|p2b: Archaludon|Stamina|boost\n|-boost|p2b: Archaludon|def|1\n|-enditem|p2b: Archaludon|Leftovers|[from] move: Knock Off|[of] p1b: Machamp\n|move|p2a: Dragonite|Hurricane|p1b: Machamp\n|-supereffective|p1b: Machamp|1\n|-damage|p1b: Machamp|6/100\n|\n|-weather|RainDance|[upkeep]\n|upkeep\n|turn|5\n|inactive|sylent knight has 30 seconds left.\n|\n|t:|1776352543\n|move|p2b: Archaludon|Protect|p2b: Archaludon\n|-singleturn|p2b: Archaludon|Protect\n|move|p2a: Dragonite|Protect|p2a: Dragonite\n|-singleturn|p2a: Dragonite|Protect\n|move|p1a: Araquanid|Liquidation|p2a: Dragonite\n|-activate|p2a: Dragonite|move: Protect\n|move|p1b: Machamp|Dynamic Punch|p2a: Dragonite\n|-activate|p2a: Dragonite|move: Protect\n|\n|-weather|none\n|-fieldend|move: Trick Room\n|upkeep\n|turn|6\n|\n|t:|1776352559\n|move|p2a: Dragonite|Draco Meteor|p1a: Araquanid\n|-damage|p1a: Araquanid|6/100\n|-unboost|p2a: Dragonite|spa|2\n|move|p2b: Archaludon|Dragon Pulse|p1b: Machamp\n|-damage|p1b: Machamp|0 fnt\n|faint|p1b: Machamp\n|move|p1a: Araquanid|Liquidation|p2b: Archaludon\n|-resisted|p2b: Archaludon|1\n|-damage|p2b: Archaludon|0 fnt\n|faint|p2b: Archaludon\n|\n|upkeep\n|\n|t:|1776352567\n|switch|p2b: Basculegion|Basculegion, L50, M, shiny|100/100\n|switch|p1b: Scizor|Scizor, L50, M|100/100\n|turn|7\n|\n|t:|1776352578\n|detailschange|p1b: Scizor|Scizor-Mega, L50, M\n|-mega|p1b: Scizor|Scizor|Scizorite\n|move|p2b: Basculegion|Last Respects|p1b: Scizor\n|-damage|p1b: Scizor|27/100\n|move|p2a: Dragonite|Draco Meteor|p1a: Araquanid\n|-damage|p1a: Araquanid|0 fnt\n|-unboost|p2a: Dragonite|spa|2\n|faint|p1a: Araquanid\n|move|p1b: Scizor|Dual Wingbeat|p2b: Basculegion\n|-damage|p2b: Basculegion|71/100\n|-damage|p2b: Basculegion|43/100\n|-hitcount|p2b: Basculegion|2\n|\n|upkeep\n|turn|8\n|\n|t:|1776352598\n|move|p2b: Basculegion|Last Respects|p1b: Scizor\n|-damage|p1b: Scizor|0 fnt\n|faint|p1b: Scizor\n|\n|win|dkapflzksh\n|raw|sylent knight's rating: 1367 &rarr; <strong>1351</strong><br />(-16 for losing)\n|raw|dkapflzksh's rating: 1432 &rarr; <strong>1448</strong><br />(+16 for winning)\n",
  "uploadtime": 1776352598,
  "views": 26,
  "formatid": "gen9championsvgc2026regma",
  "rating": 1351,
  "private": 0,
  "password": null
}