{
  "id": "gen9championsvgc2026regma-2583765869",
  "format": "[Gen 9 Champions] VGC 2026 Reg M-A",
  "players": [
    "WhimseyVGC",
    "mattnot3"
  ],
  "log": "|j|\u2606WhimseyVGC\n|j|\u2606mattnot3\n|t:|1776196233\n|gametype|doubles\n|player|p1|WhimseyVGC|102|1320\n|player|p2|mattnot3|pokemonbreeder-gen4|1442\n|gen|9\n|tier|[Gen 9 Champions] VGC 2026 Reg M-A\n|rated|\n|rule|Species Clause: Limit one of each Pok\u00e9mon\n|rule|Item Clause: Limit 1 of each item\n|clearpoke\n|poke|p1|Meganium, L50, F|\n|poke|p1|Aerodactyl, L50, F|\n|poke|p1|Farigiraf, L50, M|\n|poke|p1|Sinistcha, L50|\n|poke|p1|Incineroar, L50, F|\n|poke|p1|Blastoise, L50, F|\n|poke|p2|Kommo-o, L50, F|\n|poke|p2|Scizor, L50, M|\n|poke|p2|Sinistcha, L50|\n|poke|p2|Aerodactyl, L50, M|\n|poke|p2|Incineroar, L50, M|\n|poke|p2|Primarina, L50, M|\n|teampreview|4\n|inactive|Battle timer is ON: inactive players will automatically lose when time's up. (requested by mattnot3)\n|j| babblebloeb\n|inactive|WhimseyVGC has 60 seconds left.\n|inactive|mattnot3 has 60 seconds left.\n|j| carlinss\n|inactive|WhimseyVGC has 30 seconds left.\n|inactive|mattnot3 has 30 seconds left.\n|inactive|WhimseyVGC has 20 seconds left.\n|\n|t:|1776196304\n|teamsize|p1|4\n|teamsize|p2|4\n|start\n|switch|p1a: Incineroar|Incineroar, L50, F|100/100\n|switch|p1b: Farigiraf|Farigiraf, L50, M|100/100\n|switch|p2a: Primarina|Primarina, L50, M|100/100\n|switch|p2b: Sinistcha|Sinistcha, L50|100/100\n|-ability|p1a: Incineroar|Intimidate|boost\n|-unboost|p2a: Primarina|atk|1\n|-unboost|p2b: Sinistcha|atk|1\n|turn|1\n|j| gardenman445\n|\n|t:|1776196326\n|switch|p2b: Incineroar|Incineroar, L50, M|100/100\n|-ability|p2b: Incineroar|Intimidate|boost\n|-unboost|p1a: Incineroar|atk|1\n|-unboost|p1b: Farigiraf|atk|1\n|move|p1a: Incineroar|Fake Out|p2a: Primarina\n|-damage|p2a: Primarina|89/100\n|cant|p2a: Primarina|flinch\n|move|p1b: Farigiraf|Trick Room|p1b: Farigiraf\n|-fieldstart|move: Trick Room|[of] p1b: Farigiraf\n|\n|-heal|p2a: Primarina|95/100|[from] item: Leftovers\n|upkeep\n|turn|2\n|\n|t:|1776196350\n|move|p2b: Incineroar|Darkest Lariat|p1b: Farigiraf\n|-supereffective|p1b: Farigiraf|1\n|-damage|p1b: Farigiraf|15/100\n|-enditem|p1b: Farigiraf|Sitrus Berry|[eat]\n|-heal|p1b: Farigiraf|40/100|[from] item: Sitrus Berry\n|move|p1b: Farigiraf|Hyper Voice|p2a: Primarina|[spread] p2a,p2b\n|-crit|p2a: Primarina\n|-damage|p2a: Primarina|50/100\n|-damage|p2b: Incineroar|75/100\n|move|p1a: Incineroar|Parting Shot|p2a: Primarina\n|-unboost|p2a: Primarina|atk|1\n|-unboost|p2a: Primarina|spa|1\n|\n|t:|1776196360\n|switch|p1a: Meganium|Meganium, L50, F, shiny|100/100|[from] Parting Shot\n|move|p2a: Primarina|Calm Mind|p2a: Primarina\n|-boost|p2a: Primarina|spa|1\n|-boost|p2a: Primarina|spd|1\n|\n|-heal|p2a: Primarina|56/100|[from] item: Leftovers\n|upkeep\n|turn|3\n|\n|t:|1776196371\n|switch|p1b: Incineroar|Incineroar, L50, F|100/100\n|-ability|p1b: Incineroar|Intimidate|boost\n|-unboost|p2a: Primarina|atk|1\n|-unboost|p2b: Incineroar|atk|1\n|switch|p2a: Sinistcha|Sinistcha, L50|100/100\n|-heal|p2b: Incineroar|99/100|[from] ability: Hospitality|[of] p2a: Sinistcha\n|detailschange|p1a: Meganium|Meganium-Mega, L50, F, shiny\n|-mega|p1a: Meganium|Meganium|Meganiumite\n|move|p2b: Incineroar|Parting Shot|p1a: Meganium\n|-unboost|p1a: Meganium|atk|1\n|-unboost|p1a: Meganium|spa|1\n|\n|t:|1776196388\n|switch|p2b: Scizor|Scizor, L50, M|100/100|[from] Parting Shot\n|move|p1a: Meganium|Solar Beam||[still]\n|-prepare|p1a: Meganium|Solar Beam\n|-activate|p1a: Meganium|ability: Mega Sol\n|-anim|p1a: Meganium|Solar Beam|p2a: Sinistcha|[miss]\n|-miss|p1a: Meganium|p2a: Sinistcha\n|\n|upkeep\n|turn|4\n|inactive|WhimseyVGC has 30 seconds left.\n|inactive|WhimseyVGC has 20 seconds left.\n|inactive|WhimseyVGC has 15 seconds left.\n|inactive|WhimseyVGC has 10 seconds left.\n|l| carlinss\n|\n|t:|1776196437\n|switch|p2a: Incineroar|Incineroar, L50, M|99/100\n|-ability|p2a: Incineroar|Intimidate|boost\n|-unboost|p1a: Meganium|atk|1\n|-unboost|p1b: Incineroar|atk|1\n|detailschange|p2b: Scizor|Scizor-Mega, L50, M\n|-mega|p2b: Scizor|Scizor|Scizorite\n|move|p2b: Scizor|Protect|p2b: Scizor\n|-singleturn|p2b: Scizor|Protect\n|move|p1b: Incineroar|Flare Blitz|p2b: Scizor\n|-activate|p2b: Scizor|move: Protect\n|move|p1a: Meganium|Weather Ball|p2a: Incineroar\n|-resisted|p2a: Incineroar|1\n|-damage|p2a: Incineroar|86/100\n|\n|upkeep\n|turn|5\n|\n|t:|1776196454\n|switch|p1b: Farigiraf|Farigiraf, L50, M|40/100\n|switch|p2b: Primarina|Primarina, L50, M|56/100\n|move|p2a: Incineroar|Flare Blitz|p1a: Meganium\n|-supereffective|p1a: Meganium|1\n|-damage|p1a: Meganium|6/100\n|-damage|p2a: Incineroar|57/100|[from] Recoil\n|move|p1a: Meganium|Weather Ball|p2b: Primarina\n|-resisted|p2b: Primarina|1\n|-damage|p2b: Primarina|38/100\n|\n|-heal|p2b: Primarina|44/100|[from] item: Leftovers\n|-fieldend|move: Trick Room\n|upkeep\n|turn|6\n|\n|t:|1776196471\n|switch|p1a: Incineroar|Incineroar, L50, F|100/100\n|-ability|p1a: Incineroar|Intimidate|boost\n|-unboost|p2a: Incineroar|atk|1\n|-unboost|p2b: Primarina|atk|1\n|switch|p2a: Sinistcha|Sinistcha, L50|100/100\n|-heal|p2b: Primarina|69/100|[from] ability: Hospitality|[of] p2a: Sinistcha\n|move|p1b: Farigiraf|Protect|p1b: Farigiraf\n|-singleturn|p1b: Farigiraf|Protect\n|move|p2b: Primarina|Hyper Voice|p1a: Incineroar|[spread] p1a\n|-activate|p1b: Farigiraf|move: Protect\n|-supereffective|p1a: Incineroar|1\n|-damage|p1a: Incineroar|25/100\n|\n|-heal|p2b: Primarina|74/100|[from] item: Leftovers\n|upkeep\n|turn|7\n|\n|t:|1776196493\n|switch|p2b: Incineroar|Incineroar, L50, M|57/100\n|-ability|p2b: Incineroar|Intimidate|boost\n|-unboost|p1a: Incineroar|atk|1\n|-unboost|p1b: Farigiraf|atk|1\n|move|p1a: Incineroar|Fake Out|p2b: Incineroar\n|-damage|p2b: Incineroar|49/100\n|-enditem|p2b: Incineroar|Sitrus Berry|[eat]\n|-heal|p2b: Incineroar|74/100|[from] item: Sitrus Berry\n|move|p2a: Sinistcha|Life Dew||[still]|[spread] p2a,p2b\n|-fail|p2a: Sinistcha|heal\n|-heal|p2b: Incineroar|99/100\n|move|p1b: Farigiraf|Trick Room|p1b: Farigiraf\n|-fieldstart|move: Trick Room|[of] p1b: Farigiraf\n|\n|upkeep\n|turn|8\n|inactive|WhimseyVGC has 30 seconds left.\n|l| babblebloeb\n|inactive|WhimseyVGC has 20 seconds left.\n|\n|t:|1776196532\n|move|p2b: Incineroar|Darkest Lariat|p1b: Farigiraf\n|-supereffective|p1b: Farigiraf|1\n|-damage|p1b: Farigiraf|0 fnt\n|faint|p1b: Farigiraf\n|move|p2a: Sinistcha|Matcha Gotcha|p1a: Incineroar\n|-resisted|p1a: Incineroar|1\n|-damage|p1a: Incineroar|7/100\n|move|p1a: Incineroar|Parting Shot|p2b: Incineroar\n|-unboost|p2b: Incineroar|atk|1\n|-unboost|p2b: Incineroar|spa|1\n|\n|t:|1776196539\n|switch|p1a: Aerodactyl|Aerodactyl, L50, F|100/100|[from] Parting Shot\n|-ability|p1a: Aerodactyl|Unnerve\n|\n|upkeep\n|\n|t:|1776196544\n|switch|p1b: Incineroar|Incineroar, L50, F|7/100\n|-ability|p1b: Incineroar|Intimidate|boost\n|-unboost|p2a: Sinistcha|atk|1\n|-unboost|p2b: Incineroar|atk|1\n|turn|9\n|\n|t:|1776196551\n|move|p2b: Incineroar|Darkest Lariat|p1b: Incineroar\n|-resisted|p1b: Incineroar|1\n|-damage|p1b: Incineroar|0 fnt\n|faint|p1b: Incineroar\n|move|p2a: Sinistcha|Matcha Gotcha|p1a: Aerodactyl\n|-damage|p1a: Aerodactyl|41/100\n|-status|p1a: Aerodactyl|brn\n|move|p1a: Aerodactyl|Rock Slide|p2a: Sinistcha|[spread] p2a,p2b\n|-supereffective|p2b: Incineroar|1\n|-damage|p2a: Sinistcha|90/100\n|-damage|p2b: Incineroar|73/100\n|\n|-damage|p1a: Aerodactyl|36/100 brn|[from] brn\n|upkeep\n|-message|WhimseyVGC forfeited.\n|\n|win|mattnot3\n|raw|WhimseyVGC's rating: 1320 &rarr; <strong>1307</strong><br />(-13 for losing)\n|raw|mattnot3's rating: 1442 &rarr; <strong>1455</strong><br />(+13 for winning)\n|l|\u2606WhimseyVGC\n|player|p1|\n",
  "uploadtime": 1776196565,
  "views": 45,
  "formatid": "gen9championsvgc2026regma",
  "rating": 1307,
  "private": 0,
  "password": null
}