{
  "id": "gen9championsvgc2026regma-2588503009",
  "format": "[Gen 9 Champions] VGC 2026 Reg M-A",
  "players": [
    "coberdt",
    "thicc latina lover"
  ],
  "log": "|j|\u2606coberdt\n|j|\u2606thicc latina lover\n|t:|1776639436\n|gametype|doubles\n|player|p1|coberdt|lebanne|1397\n|player|p2|thicc latina lover|skyla|1420\n|gen|9\n|tier|[Gen 9 Champions] VGC 2026 Reg M-A\n|rated|\n|rule|Species Clause: Limit one of each Pok\u00e9mon\n|rule|Item Clause: Limit 1 of each item\n|clearpoke\n|poke|p1|Pelipper, L50, F|\n|poke|p1|Archaludon, L50, F|\n|poke|p1|Sneasler, L50, F|\n|poke|p1|Kingambit, L50, M|\n|poke|p1|Basculegion, L50, M|\n|poke|p1|Blastoise, L50, F|\n|poke|p2|Venusaur, L50, M, shiny|\n|poke|p2|Pelipper, L50, F, shiny|\n|poke|p2|Basculegion, L50, M|\n|poke|p2|Archaludon, L50, F|\n|poke|p2|Sneasler, L50, M|\n|poke|p2|Incineroar, L50, M|\n|teampreview|4\ncoberdt has agreed to open team sheets.\n|inactive|Battle timer is ON: inactive players will automatically lose when time's up. (requested by coberdt)\n|j| 801344244a\n|inactive|coberdt has 60 seconds left.\n|inactive|thicc latina lover has 60 seconds left.\n|\n|t:|1776639477\n|teamsize|p1|4\n|teamsize|p2|4\n|start\n|switch|p1a: Sneasler|Sneasler, L50, F|100/100\n|switch|p1b: Kingambit|Kingambit, L50, M|100/100\n|switch|p2a: Venusaur|Venusaur, L50, M, shiny|100/100\n|switch|p2b: Sneasler|Sneasler, L50, M|100/100\n|turn|1\n|\n|t:|1776639499\n|detailschange|p2a: Venusaur|Venusaur-Mega, L50, M, shiny\n|-mega|p2a: Venusaur|Venusaur|Venusaurite\n|move|p1a: Sneasler|Fake Out|p2b: Sneasler\n|-damage|p2b: Sneasler|77/100\n|cant|p2b: Sneasler|flinch\n|move|p2a: Venusaur|Leech Seed|p1a: Sneasler\n|-start|p1a: Sneasler|move: Leech Seed\n|move|p1b: Kingambit|Iron Head|p2a: Venusaur\n|-crit|p2a: Venusaur\n|-damage|p2a: Venusaur|39/100\n|\n|-damage|p1a: Sneasler|88/100|[from] Leech Seed|[of] p2a: Venusaur\n|-heal|p2a: Venusaur|49/100|[silent]\n|upkeep\n|turn|2\n|\n|t:|1776639517\n|switch|p1a: Pelipper|Pelipper, L50, F|100/100\n|-weather|RainDance|[from] ability: Drizzle|[of] p1a: Pelipper\n|move|p2a: Venusaur|Protect|p2a: Venusaur\n|-singleturn|p2a: Venusaur|Protect\n|move|p2b: Sneasler|Coaching|p2a: Venusaur\n|-boost|p2a: Venusaur|atk|1\n|-boost|p2a: Venusaur|def|1\n|move|p1b: Kingambit|Iron Head|p2a: Venusaur\n|-activate|p2a: Venusaur|move: Protect\n|\n|-weather|RainDance|[upkeep]\n|upkeep\n|turn|3\n|\n|t:|1776639535\n|move|p2b: Sneasler|Close Combat|p1b: Kingambit\n|-supereffective|p1b: Kingambit|2\n|-enditem|p1b: Kingambit|Chople Berry|[eat]\n|-enditem|p1b: Kingambit|Chople Berry|[weaken]\n|-damage|p1b: Kingambit|15/100\n|-unboost|p2b: Sneasler|def|1\n|-unboost|p2b: Sneasler|spd|1\n|-enditem|p2b: Sneasler|White Herb\n|-clearnegativeboost|p2b: Sneasler|[silent]\n|move|p1a: Pelipper|Hurricane|p2a: Venusaur\n|-supereffective|p2a: Venusaur|1\n|-damage|p2a: Venusaur|0 fnt\n|faint|p2a: Venusaur\n|move|p1b: Kingambit|Iron Head|p2b: Sneasler\n|-damage|p2b: Sneasler|0 fnt\n|faint|p2b: Sneasler\n|\n|-weather|RainDance|[upkeep]\n|upkeep\n|\n|t:|1776639546\n|switch|p2b: Basculegion|Basculegion, L50, M|100/100\n|switch|p2a: Incineroar|Incineroar, L50, M|100/100\n|-ability|p2a: Incineroar|Intimidate|boost\n|-unboost|p1a: Pelipper|atk|1\n|-unboost|p1b: Kingambit|atk|1\n|-ability|p1b: Kingambit|Defiant|boost\n|-boost|p1b: Kingambit|atk|2\n|turn|4\n|\n|t:|1776639557\n|move|p1b: Kingambit|Protect|p1b: Kingambit\n|-singleturn|p1b: Kingambit|Protect\n|move|p2a: Incineroar|Fake Out|p1b: Kingambit\n|-activate|p1b: Kingambit|move: Protect\n|move|p2b: Basculegion|Last Respects|p1a: Pelipper\n|-enditem|p1a: Pelipper|Focus Sash\n|-damage|p1a: Pelipper|1/100\n|move|p1a: Pelipper|Weather Ball|p2a: Incineroar\n|-supereffective|p2a: Incineroar|1\n|-damage|p2a: Incineroar|8/100\n|\n|-weather|RainDance|[upkeep]\n|upkeep\n|turn|5\n|-message|thicc latina lover forfeited.\n|\n|win|coberdt\n|raw|coberdt's rating: 1397 &rarr; <strong>1418</strong><br />(+21 for winning)\n|raw|thicc latina lover's rating: 1420 &rarr; <strong>1399</strong><br />(-21 for losing)\n",
  "uploadtime": 1776639565,
  "views": 9,
  "formatid": "gen9championsvgc2026regma",
  "rating": 1399,
  "private": 0,
  "password": null
}