{
  "id": "gen9championsvgc2026regma-2583937373",
  "format": "[Gen 9 Champions] VGC 2026 Reg M-A",
  "players": [
    "eisbarenjoyer",
    "coberdt"
  ],
  "log": "|j|\u2606eisbarenjoyer\n|j|\u2606coberdt\n|t:|1776209900\n|gametype|doubles\n|player|p1|eisbarenjoyer|elesa|1218\n|player|p2|coberdt|roxie|1154\n|gen|9\n|tier|[Gen 9 Champions] VGC 2026 Reg M-A\n|rated|\n|rule|Species Clause: Limit one of each Pok\u00e9mon\n|rule|Item Clause: Limit 1 of each item\n|clearpoke\n|poke|p1|Pelipper, L50, F|\n|poke|p1|Garchomp, L50, M|\n|poke|p1|Sneasler, L50, F|\n|poke|p1|Starmie, L50|\n|poke|p1|Clefable, L50, M|\n|poke|p1|Kingambit, L50, F|\n|poke|p2|Pelipper, L50, F|\n|poke|p2|Archaludon, L50, M|\n|poke|p2|Incineroar, L50, M|\n|poke|p2|Sinistcha, L50|\n|poke|p2|Palafin, L50, M|\n|poke|p2|Gengar, L50, F|\n|teampreview|4\ncoberdt has agreed to open team sheets.\n|inactive|Battle timer is ON: inactive players will automatically lose when time's up. (requested by coberdt)\n|\n|t:|1776209927\n|teamsize|p1|4\n|teamsize|p2|4\n|start\n|switch|p1a: Starmie|Starmie, L50, shiny|100/100\n|switch|p1b: Kingambit|Kingambit, L50, F|100/100\n|switch|p2a: Palafin|Palafin, L50, M|100/100\n|switch|p2b: Archaludon|Archaludon, L50, M|100/100\n|turn|1\n|\n|t:|1776209943\n|move|p1a: Starmie|Protect|p1a: Starmie\n|-singleturn|p1a: Starmie|Protect\n|move|p2a: Palafin|Close Combat|p1b: Kingambit\n|-supereffective|p1b: Kingambit|2\n|-enditem|p1b: Kingambit|Chople Berry|[eat]\n|-enditem|p1b: Kingambit|Chople Berry|[weaken]\n|-damage|p1b: Kingambit|62/100\n|-unboost|p2a: Palafin|def|1\n|-unboost|p2a: Palafin|spd|1\n|move|p2b: Archaludon|Electro Shot||[still]\n|-prepare|p2b: Archaludon|Electro Shot\n|-boost|p2b: Archaludon|spa|1\n|move|p1b: Kingambit|Swords Dance|p1b: Kingambit\n|-boost|p1b: Kingambit|atk|2\n|\n|upkeep\n|turn|2\n|\n|t:|1776209966\n|detailschange|p1a: Starmie|Starmie-Mega, L50, shiny\n|-mega|p1a: Starmie|Starmie|Starminite\n|move|p1b: Kingambit|Sucker Punch|p2b: Archaludon\n|-damage|p2b: Archaludon|33/100\n|move|p2a: Palafin|Close Combat|p1b: Kingambit\n|-supereffective|p1b: Kingambit|2\n|-damage|p1b: Kingambit|0 fnt\n|-unboost|p2a: Palafin|def|1\n|-unboost|p2a: Palafin|spd|1\n|faint|p1b: Kingambit\n|move|p1a: Starmie|Zen Headbutt|p2b: Archaludon\n|-resisted|p2b: Archaludon|1\n|-crit|p2b: Archaludon\n|-damage|p2b: Archaludon|0 fnt\n|faint|p2b: Archaludon\n|\n|upkeep\n|\n|t:|1776209979\n|switch|p2b: Gengar|Gengar, L50, F|100/100\n|switch|p1b: Pelipper|Pelipper, L50, F|100/100\n|-weather|RainDance|[from] ability: Drizzle|[of] p1b: Pelipper\n|turn|3\n|\n|t:|1776209991\n|detailschange|p2b: Gengar|Gengar-Mega, L50, F\n|-mega|p2b: Gengar|Gengar|Gengarite\n|move|p2a: Palafin|Protect|p2a: Palafin\n|-singleturn|p2a: Palafin|Protect\n|move|p2b: Gengar|Shadow Ball|p1a: Starmie\n|-supereffective|p1a: Starmie|1\n|-damage|p1a: Starmie|0 fnt\n|faint|p1a: Starmie\n|move|p1b: Pelipper|Tailwind|p1b: Pelipper\n|-sidestart|p1: eisbarenjoyer|move: Tailwind\n|\n|-weather|RainDance|[upkeep]\n|upkeep\n|\n|t:|1776209996\n|switch|p1a: Sneasler|Sneasler, L50, F|100/100\n|turn|4\n|\n|t:|1776210010\n|detailschange|p2a: Palafin|Palafin-Hero, L50, M\n|switch|p2a: Sinistcha|Sinistcha, L50|100/100\n|move|p1a: Sneasler|Fake Out|p2a: Sinistcha\n|-immune|p2a: Sinistcha\n|move|p1b: Pelipper|Hurricane|p2b: Gengar\n|-damage|p2b: Gengar|41/100\n|-start|p2b: Gengar|confusion\n|-activate|p2b: Gengar|confusion\n|move|p2b: Gengar|Icy Wind|p1b: Pelipper|[spread] p1a,p1b\n|-damage|p1a: Sneasler|76/100\n|-damage|p1b: Pelipper|69/100\n|-unboost|p1a: Sneasler|spe|1\n|-unboost|p1b: Pelipper|spe|1\n|-enditem|p1a: Sneasler|White Herb\n|-clearnegativeboost|p1a: Sneasler|[silent]\n|\n|-weather|RainDance|[upkeep]\n|upkeep\n|turn|5\n|\n|t:|1776210032\n|move|p2a: Sinistcha|Rage Powder|p2a: Sinistcha\n|-singleturn|p2a: Sinistcha|move: Rage Powder\n|move|p1a: Sneasler|Dire Claw|p2a: Sinistcha\n|-damage|p2a: Sinistcha|65/100\n|-activate|p2b: Gengar|confusion\n|-damage|p2b: Gengar|32/100|[from] confusion\n|move|p1b: Pelipper|Hurricane|p2a: Sinistcha\n|-supereffective|p2a: Sinistcha|1\n|-damage|p2a: Sinistcha|0 fnt\n|faint|p2a: Sinistcha\n|\n|-weather|RainDance|[upkeep]\n|upkeep\n|\n|t:|1776210040\n|switch|p2a: Palafin|Palafin-Hero, L50, M|100/100\n|-activate|p2a: Palafin|ability: Zero to Hero\n|turn|6\n|\n|t:|1776210046\n|move|p1a: Sneasler|Protect|p1a: Sneasler\n|-singleturn|p1a: Sneasler|Protect\n|-end|p2b: Gengar|confusion\n|move|p2b: Gengar|Protect|p2b: Gengar\n|-singleturn|p2b: Gengar|Protect\n|move|p2a: Palafin|Protect|p2a: Palafin\n|-singleturn|p2a: Palafin|Protect\n|move|p1b: Pelipper|Weather Ball|p2b: Gengar\n|-activate|p2b: Gengar|move: Protect\n|\n|-weather|RainDance|[upkeep]\n|-sideend|p1: eisbarenjoyer|move: Tailwind\n|upkeep\n|turn|7\n|inactive|coberdt has 30 seconds left.\n|\n|t:|1776210076\n|move|p1a: Sneasler|Dire Claw|p2a: Palafin\n|-damage|p2a: Palafin|61/100\n|move|p2b: Gengar|Shadow Ball|p1a: Sneasler\n|-damage|p1a: Sneasler|8/100\n|move|p2a: Palafin|Wave Crash|p1b: Pelipper\n|-resisted|p1b: Pelipper|1\n|-damage|p1b: Pelipper|0 fnt\n|faint|p1b: Pelipper\n|-damage|p2a: Palafin|44/100|[from] Recoil\n|\n|-weather|none\n|upkeep\n|turn|8\n|-message|eisbarenjoyer forfeited.\n|\n|win|coberdt\n|raw|eisbarenjoyer's rating: 1218 &rarr; <strong>1188</strong><br />(-30 for losing)\n|raw|coberdt's rating: 1154 &rarr; <strong>1184</strong><br />(+30 for winning)\n|l|\u2606eisbarenjoyer\n|player|p1|\n",
  "uploadtime": 1776210085,
  "views": 58,
  "formatid": "gen9championsvgc2026regma",
  "rating": 1184,
  "private": 0,
  "password": null
}