{
  "id": "gen9championsvgc2026regma-2588245392",
  "format": "[Gen 9 Champions] VGC 2026 Reg M-A",
  "players": [
    "Jonasanger2",
    "ppyyy-inertia"
  ],
  "log": "|j|\u2606Jonasanger2\n|j|\u2606ppyyy-inertia\n|t:|1776617658\n|gametype|doubles\n|player|p1|Jonasanger2|169|1301\n|player|p2|ppyyy-inertia|elesa-gen5bw2|1336\n|gen|9\n|tier|[Gen 9 Champions] VGC 2026 Reg M-A\n|rated|\n|rule|Species Clause: Limit one of each Pok\u00e9mon\n|rule|Item Clause: Limit 1 of each item\n|clearpoke\n|poke|p1|Kangaskhan, L50, F|\n|poke|p1|Whimsicott, L50, M|\n|poke|p1|Zoroark-Hisui, L50, F|\n|poke|p1|Typhlosion-Hisui, L50, F|\n|poke|p1|Archaludon, L50, F|\n|poke|p1|Blastoise, L50, M|\n|poke|p2|Incineroar, L50, F|\n|poke|p2|Floette-Eternal, L50, F, shiny|\n|poke|p2|Zoroark-Hisui, L50, M, shiny|\n|poke|p2|Tinkaton, L50, F, shiny|\n|poke|p2|Dragonite, L50, F, shiny|\n|poke|p2|Garchomp, L50, M|\n|teampreview|4\n|inactive|Battle timer is ON: inactive players will automatically lose when time's up. (requested by Jonasanger2)\nJonasanger2 rejected open team sheets.\n|inactive|ppyyy-inertia has 60 seconds left.\n|\n|t:|1776617716\n|teamsize|p1|4\n|teamsize|p2|4\n|start\n|switch|p1a: Blastoise|Blastoise, L50, M|100/100\n|switch|p1b: Whimsicott|Whimsicott, L50, M|100/100\n|switch|p2a: Floette|Floette-Eternal, L50, F, shiny|100/100\n|switch|p2b: Dragonite|Dragonite, L50, F, shiny|100/100\n|turn|1\n|inactive|ppyyy-inertia has 30 seconds left.\n|\n|t:|1776617747\n|move|p1b: Whimsicott|Protect|p1b: Whimsicott\n|-singleturn|p1b: Whimsicott|Protect\n|move|p1a: Blastoise|Protect|p1a: Blastoise\n|-singleturn|p1a: Blastoise|Protect\n|move|p2a: Floette|Icy Wind|p1b: Whimsicott|[spread] \n|-activate|p1a: Blastoise|move: Protect\n|-activate|p1b: Whimsicott|move: Protect\n|move|p2b: Dragonite|Scale Shot|p1a: Blastoise\n|-activate|p1a: Blastoise|move: Protect\n|\n|upkeep\n|turn|2\n|\n|t:|1776617768\n|detailschange|p1a: Blastoise|Blastoise-Mega, L50, M\n|-mega|p1a: Blastoise|Blastoise|Blastoisinite\n|move|p1b: Whimsicott|Tailwind|p1b: Whimsicott\n|-sidestart|p1: Jonasanger2|move: Tailwind\n|move|p1a: Blastoise|Dark Pulse|p2a: Floette\n|-supereffective|p2a: Floette|1\n|-enditem|p2a: Floette|Focus Sash\n|-damage|p2a: Floette|1/100\n|replace|p2a: Zoroark|Zoroark-Hisui, L50, M, shiny\n|-end|p2a: Zoroark|Illusion\n|cant|p2a: Zoroark|flinch\n|move|p2b: Dragonite|Scale Shot|p1a: Blastoise\n|-damage|p1a: Blastoise|84/100\n|-damage|p1a: Blastoise|67/100\n|-damage|p1a: Blastoise|49/100\n|-damage|p1a: Blastoise|32/100\n|-hitcount|p1a: Blastoise|4\n|-unboost|p2b: Dragonite|def|1\n|-boost|p2b: Dragonite|spe|1\n|\n|upkeep\n|turn|3\n|\n|t:|1776617791\n|switch|p2a: Incineroar|Incineroar, L50, F|100/100\n|-ability|p2a: Incineroar|Intimidate|boost\n|-unboost|p1a: Blastoise|atk|1\n|-unboost|p1b: Whimsicott|atk|1\n|move|p2b: Dragonite|Protect|p2b: Dragonite\n|-singleturn|p2b: Dragonite|Protect\n|move|p1b: Whimsicott|Moonblast|p2b: Dragonite\n|-activate|p2b: Dragonite|move: Protect\n|move|p1a: Blastoise|Muddy Water|p2a: Incineroar|[spread] p2a\n|-activate|p2b: Dragonite|move: Protect\n|-supereffective|p2a: Incineroar|1\n|-damage|p2a: Incineroar|25/100\n|-enditem|p2a: Incineroar|Sitrus Berry|[eat]\n|-heal|p2a: Incineroar|50/100|[from] item: Sitrus Berry\n|\n|upkeep\n|turn|4\n|\n|t:|1776617808\n|switch|p2a: Floette|Floette-Eternal, L50, F, shiny|100/100\n|move|p1b: Whimsicott|Protect|p1b: Whimsicott\n|-singleturn|p1b: Whimsicott|Protect\n|move|p1a: Blastoise|Protect|p1a: Blastoise\n|-singleturn|p1a: Blastoise|Protect\n|move|p2b: Dragonite|Tailwind|p2b: Dragonite\n|-sidestart|p2: ppyyy-inertia|move: Tailwind\n|\n|upkeep\n|turn|5\n|inactive|Jonasanger2 has 30 seconds left.\n|\n|t:|1776617839\n|switch|p1b: Typhlosion|Typhlosion-Hisui, L50, F|100/100\n|-item|p2a: Floette|Floettite|[from] ability: Frisk|[of] p1b: Typhlosion\n|-item|p2b: Dragonite|Dragon Fang|[from] ability: Frisk|[of] p1b: Typhlosion\n|detailschange|p2a: Floette|Floette-Mega, L50, F, shiny\n|-mega|p2a: Floette|Floette|Floettite\n|-ability|p2a: Floette|Fairy Aura\n|move|p2b: Dragonite|Protect|p2b: Dragonite\n|-singleturn|p2b: Dragonite|Protect\n|move|p1a: Blastoise|Muddy Water|p2a: Floette|[spread] p2a\n|-activate|p2b: Dragonite|move: Protect\n|-damage|p2a: Floette|74/100\n|move|p2a: Floette|Dazzling Gleam|p1b: Typhlosion|[spread] p1a,p1b\n|-resisted|p1b: Typhlosion|1\n|-damage|p1a: Blastoise|0 fnt\n|-damage|p1b: Typhlosion|70/100\n|faint|p1a: Blastoise\n|\n|-sideend|p1: Jonasanger2|move: Tailwind\n|upkeep\n|\n|t:|1776617842\n|switch|p1a: Whimsicott|Whimsicott, L50, M|100/100\n|turn|6\n|\n|t:|1776617849\n|move|p1b: Typhlosion|Protect|p1b: Typhlosion\n|-singleturn|p1b: Typhlosion|Protect\n|move|p1a: Whimsicott|Tailwind|p1a: Whimsicott\n|-sidestart|p1: Jonasanger2|move: Tailwind\n|move|p2b: Dragonite|Scale Shot|p1b: Typhlosion\n|-activate|p1b: Typhlosion|move: Protect\n|move|p2a: Floette|Dazzling Gleam|p1b: Typhlosion|[spread] p1a\n|-activate|p1b: Typhlosion|move: Protect\n|-damage|p1a: Whimsicott|28/100\n|\n|upkeep\n|turn|7\n|\n|t:|1776617871\n|move|p2b: Dragonite|Scale Shot|p1b: Typhlosion\n|-damage|p1b: Typhlosion|41/100\n|-damage|p1b: Typhlosion|15/100\n|-hitcount|p1b: Typhlosion|2\n|-unboost|p2b: Dragonite|def|1\n|-boost|p2b: Dragonite|spe|1\n|move|p1a: Whimsicott|Moonblast|p2b: Dragonite\n|-supereffective|p2b: Dragonite|1\n|-damage|p2b: Dragonite|52/100\n|move|p1b: Typhlosion|Heat Wave|p2b: Dragonite|[spread] p2a,p2b\n|-resisted|p2b: Dragonite|1\n|-damage|p2a: Floette|44/100\n|-damage|p2b: Dragonite|32/100\n|move|p2a: Floette|Dazzling Gleam|p1a: Whimsicott|[spread] p1a,p1b\n|-resisted|p1b: Typhlosion|1\n|-crit|p1b: Typhlosion\n|-damage|p1a: Whimsicott|0 fnt\n|-damage|p1b: Typhlosion|0 fnt\n|faint|p1a: Whimsicott\n|faint|p1b: Typhlosion\n|\n|-sideend|p2: ppyyy-inertia|move: Tailwind\n|upkeep\n|-message|Jonasanger2 forfeited.\n|\n|win|ppyyy-inertia\n|raw|Jonasanger2's rating: 1301 &rarr; <strong>1283</strong><br />(-18 for losing)\n|raw|ppyyy-inertia's rating: 1336 &rarr; <strong>1354</strong><br />(+18 for winning)\n|l|\u2606Jonasanger2\n|player|p1|\n",
  "uploadtime": 1776617882,
  "views": 11,
  "formatid": "gen9championsvgc2026regma",
  "rating": 1283,
  "private": 0,
  "password": null
}