{
  "id": "gen9championsvgc2026regma-2580872267",
  "format": "[Gen 9 Champions] VGC 2026 Reg M-A",
  "players": [
    "isntthisH3nt4ijazz",
    "A m 0 g u s sus"
  ],
  "log": "|j|\u2606isntthisH3nt4ijazz\n|j|\u2606A m 0 g u s sus\n|t:|1775939408\n|gametype|doubles\n|player|p1|isntthisH3nt4ijazz|shauntal-masters|1040\n|player|p2|A m 0 g u s sus|cyrus|1000\n|gen|9\n|tier|[Gen 9 Champions] VGC 2026 Reg M-A\n|rated|\n|rule|Species Clause: Limit one of each Pok\u00e9mon\n|rule|Item Clause: Limit 1 of each item\n|clearpoke\n|poke|p1|Sneasler, L50, F|\n|poke|p1|Gengar, L50, M|\n|poke|p1|Primarina, L50, M|\n|poke|p1|Incineroar, L50, M|\n|poke|p1|Sinistcha, L50|\n|poke|p1|Hydreigon, L50, M|\n|poke|p2|Charizard, L50, M|\n|poke|p2|Venusaur, L50, F|\n|poke|p2|Garchomp, L50, M|\n|poke|p2|Typhlosion-Hisui, L50, M|\n|poke|p2|Talonflame, L50, M|\n|poke|p2|Victreebel, L50, M|\n|teampreview|4\n|\n|t:|1775939436\n|teamsize|p1|4\n|teamsize|p2|4\n|start\n|switch|p1a: Incineroar|Incineroar, L50, M|100/100\n|switch|p1b: Gengar|Gengar, L50, M|100/100\n|switch|p2a: Charizard|Charizard, L50, M|100/100\n|switch|p2b: Garchomp|Garchomp, L50, M|100/100\n|-ability|p1a: Incineroar|Intimidate|boost\n|-unboost|p2a: Charizard|atk|1\n|-unboost|p2b: Garchomp|atk|1\n|turn|1\n|\n|t:|1775939458\n|switch|p1b: Hydreigon|Hydreigon, L50, M|100/100\n|detailschange|p2a: Charizard|Charizard-Mega-Y, L50, M\n|-mega|p2a: Charizard|Charizard|Charizardite Y\n|-weather|SunnyDay|[from] ability: Drought|[of] p2a: Charizard\n|move|p1a: Incineroar|Fake Out|p2b: Garchomp\n|-crit|p2b: Garchomp\n|-damage|p2b: Garchomp|84/100\n|-damage|p1a: Incineroar|88/100|[from] ability: Rough Skin|[of] p2b: Garchomp\n|cant|p2b: Garchomp|flinch\n|move|p2a: Charizard|Heat Wave|p1a: Incineroar|[spread] p1b\n|-miss|p2a: Charizard|p1a: Incineroar\n|-resisted|p1b: Hydreigon|1\n|-damage|p1b: Hydreigon|62/100\n|\n|-weather|SunnyDay|[upkeep]\n|upkeep\n|turn|2\n|\n|t:|1775939478\n|move|p1b: Hydreigon|Draco Meteor|p2b: Garchomp\n|-supereffective|p2b: Garchomp|1\n|-damage|p2b: Garchomp|0 fnt\n|-unboost|p1b: Hydreigon|spa|2\n|faint|p2b: Garchomp\n|move|p2a: Charizard|Heat Wave|p1a: Incineroar|[spread] p1a,p1b\n|-resisted|p1a: Incineroar|1\n|-resisted|p1b: Hydreigon|1\n|-damage|p1a: Incineroar|58/100\n|-damage|p1b: Hydreigon|29/100\n|-status|p1b: Hydreigon|brn\n|move|p1a: Incineroar|Parting Shot|p2a: Charizard\n|-unboost|p2a: Charizard|atk|1\n|-unboost|p2a: Charizard|spa|1\n|\n|t:|1775939490\n|switch|p1a: Gengar|Gengar, L50, M|100/100|[from] Parting Shot\n|\n|-weather|SunnyDay|[upkeep]\n|-damage|p1b: Hydreigon|23/100 brn|[from] brn\n|upkeep\n|\n|t:|1775939512\n|switch|p2b: Typhlosion|Typhlosion-Hisui, L50, M|100/100\n|turn|3\n|\n|t:|1775939518\n|switch|p1b: Incineroar|Incineroar, L50, M|58/100\n|-ability|p1b: Incineroar|Intimidate|boost\n|-unboost|p2a: Charizard|atk|1\n|-unboost|p2b: Typhlosion|atk|1\n|detailschange|p1a: Gengar|Gengar-Mega, L50, M\n|-mega|p1a: Gengar|Gengar|Gengarite\n|move|p1a: Gengar|Protect|p1a: Gengar\n|-singleturn|p1a: Gengar|Protect\n|move|p2b: Typhlosion|Eruption|p1a: Gengar|[spread] p1b\n|-activate|p1a: Gengar|move: Protect\n|-resisted|p1b: Incineroar|1\n|-damage|p1b: Incineroar|21/100\n|-enditem|p1b: Incineroar|Sitrus Berry|[eat]\n|-heal|p1b: Incineroar|46/100|[from] item: Sitrus Berry\n|move|p2a: Charizard|Heat Wave|p1a: Gengar|[spread] \n|-activate|p1a: Gengar|move: Protect\n|-miss|p2a: Charizard|p1b: Incineroar\n|\n|-weather|SunnyDay|[upkeep]\n|upkeep\n|turn|4\n|\n|t:|1775939555\n|move|p1b: Incineroar|Fake Out|p2a: Charizard\n|-damage|p2a: Charizard|85/100\n|move|p2b: Typhlosion|Eruption|p1a: Gengar|[spread] p1a,p1b\n|-resisted|p1b: Incineroar|1\n|-damage|p1a: Gengar|5/100\n|-damage|p1b: Incineroar|10/100\n|move|p1a: Gengar|Perish Song|p1a: Gengar\n|-start|p1a: Gengar|perish3|[silent]\n|-start|p1b: Incineroar|perish3|[silent]\n|-start|p2a: Charizard|perish3|[silent]\n|-start|p2b: Typhlosion|perish3|[silent]\n|-fieldactivate|move: Perish Song\n|cant|p2a: Charizard|flinch\n|\n|-weather|SunnyDay|[upkeep]\n|-start|p2b: Typhlosion|perish3\n|-start|p1a: Gengar|perish3\n|-start|p2a: Charizard|perish3\n|-start|p1b: Incineroar|perish3\n|upkeep\n|turn|5\n|\n|t:|1775939575\n|move|p1a: Gengar|Protect|p1a: Gengar\n|-singleturn|p1a: Gengar|Protect\n|move|p1b: Incineroar|Protect|p1b: Incineroar\n|-singleturn|p1b: Incineroar|Protect\n|move|p2b: Typhlosion|Eruption|p1a: Gengar|[spread] \n|-activate|p1a: Gengar|move: Protect\n|-activate|p1b: Incineroar|move: Protect\n|move|p2a: Charizard|Heat Wave|p1a: Gengar|[spread] \n|-activate|p1a: Gengar|move: Protect\n|-activate|p1b: Incineroar|move: Protect\n|\n|-weather|none\n|-start|p2b: Typhlosion|perish2\n|-start|p1a: Gengar|perish2\n|-start|p2a: Charizard|perish2\n|-start|p1b: Incineroar|perish2\n|upkeep\n|turn|6\n|\n|t:|1775939591\n|switch|p1a: Primarina|Primarina, L50, M|100/100\n|move|p2b: Typhlosion|Eruption|p1b: Incineroar|[spread] p1a,p1b\n|-resisted|p1a: Primarina|1\n|-resisted|p1b: Incineroar|1\n|-damage|p1a: Primarina|78/100\n|-damage|p1b: Incineroar|0 fnt\n|faint|p1b: Incineroar\n|move|p2a: Charizard|Heat Wave|p1a: Primarina\n|-resisted|p1a: Primarina|1\n|-damage|p1a: Primarina|62/100\n|\n|-heal|p1a: Primarina|68/100|[from] item: Leftovers\n|-start|p2b: Typhlosion|perish1\n|-start|p2a: Charizard|perish1\n|upkeep\n|\n|t:|1775939601\n|switch|p1b: Gengar|Gengar-Mega, L50, M|5/100\n|turn|7\n|\n|t:|1775939613\n|move|p1b: Gengar|Protect|p1b: Gengar\n|-singleturn|p1b: Gengar|Protect\n|move|p2b: Typhlosion|Eruption|p1b: Gengar|[spread] p1a\n|-activate|p1b: Gengar|move: Protect\n|-resisted|p1a: Primarina|1\n|-damage|p1a: Primarina|46/100\n|move|p2a: Charizard|Heat Wave|p1a: Primarina|[spread] p1a\n|-activate|p1b: Gengar|move: Protect\n|-resisted|p1a: Primarina|1\n|-damage|p1a: Primarina|34/100\n|-status|p1a: Primarina|brn\n|move|p1a: Primarina|Perish Song|p1a: Primarina\n|-start|p1a: Primarina|perish3|[silent]\n|-start|p1b: Gengar|perish3|[silent]\n|-fieldactivate|move: Perish Song\n|\n|-heal|p1a: Primarina|40/100 brn|[from] item: Leftovers\n|-damage|p1a: Primarina|34/100 brn|[from] brn\n|-start|p2b: Typhlosion|perish0\n|-start|p1b: Gengar|perish3\n|faint|p2b: Typhlosion\n|-start|p2a: Charizard|perish0\n|-start|p1a: Primarina|perish3\n|faint|p2a: Charizard\n|upkeep\n|\n|t:|1775939625\n|switch|p2b: Venusaur|Venusaur, L50, F|100/100\n|turn|8\n|\n|t:|1775939638\n|switch|p1a: Hydreigon|Hydreigon, L50, M|23/100 brn\n|move|p1b: Gengar|Perish Song|p1b: Gengar\n|-start|p1a: Hydreigon|perish3|[silent]\n|-start|p2b: Venusaur|perish3|[silent]\n|-fieldactivate|move: Perish Song\n|move|p2b: Venusaur|Sludge Bomb|p1a: Hydreigon\n|-damage|p1a: Hydreigon|0 fnt\n|faint|p1a: Hydreigon\n|\n|-start|p1b: Gengar|perish2\n|-start|p2b: Venusaur|perish3\n|upkeep\n|\n|t:|1775939647\n|switch|p1a: Primarina|Primarina, L50, M|34/100 brn\n|turn|9\n|\n|t:|1775939657\n|move|p1a: Primarina|Protect|p1a: Primarina\n|-singleturn|p1a: Primarina|Protect\n|move|p1b: Gengar|Shadow Ball|p2b: Venusaur\n|-damage|p2b: Venusaur|45/100\n|move|p2b: Venusaur|Sludge Bomb|p1a: Primarina\n|-activate|p1a: Primarina|move: Protect\n|\n|-heal|p1a: Primarina|40/100 brn|[from] item: Leftovers\n|-damage|p1a: Primarina|34/100 brn|[from] brn\n|-start|p1b: Gengar|perish1\n|-start|p2b: Venusaur|perish2\n|upkeep\n|turn|10\n|\n|t:|1775939670\n|move|p1b: Gengar|Shadow Ball|p2b: Venusaur\n|-damage|p2b: Venusaur|0 fnt\n|faint|p2b: Venusaur\n|\n|win|isntthisH3nt4ijazz\n|raw|isntthisH3nt4ijazz's rating: 1040 &rarr; <strong>1070</strong><br />(+30 for winning)\n|raw|A m 0 g u s sus's rating: 1000 &rarr; <strong>1000</strong><br />(+0 for losing)\n",
  "uploadtime": 1775939673,
  "views": 15,
  "formatid": "gen9championsvgc2026regma",
  "rating": 1000,
  "private": 0,
  "password": null
}