{
  "id": "gen9championsvgc2026regma-2582085455",
  "format": "[Gen 9 Champions] VGC 2026 Reg M-A",
  "players": [
    "GoatSage",
    "Thinking Charizard"
  ],
  "log": "|j|\u2606GoatSage\n|j|\u2606Thinking Charizard\n|t:|1776056017\n|gametype|doubles\n|player|p1|GoatSage|101|1000\n|player|p2|Thinking Charizard|colress|1040\n|gen|9\n|tier|[Gen 9 Champions] VGC 2026 Reg M-A\n|rated|\n|rule|Species Clause: Limit one of each Pok\u00e9mon\n|rule|Item Clause: Limit 1 of each item\n|clearpoke\n|poke|p1|Tinkaton, L50, F|\n|poke|p1|Trevenant, L50, M|\n|poke|p1|Scovillain, L50, F|\n|poke|p1|Milotic, L50, M|\n|poke|p1|Ninetales, L50, M|\n|poke|p1|Gallade, L50, M|\n|poke|p2|Charizard, L50, M|\n|poke|p2|Whimsicott, L50, M|\n|poke|p2|Venusaur, L50, M|\n|poke|p2|Garchomp, L50, F|\n|poke|p2|Politoed, L50, M|\n|poke|p2|Farigiraf, L50, M|\n|teampreview|4\n|\n|t:|1776056063\n|teamsize|p1|4\n|teamsize|p2|4\n|start\n|switch|p1a: Scovillain|Scovillain, L50, F|100/100\n|switch|p1b: Tinkaton|Tinkaton, L50, F|100/100\n|switch|p2a: Charizard|Charizard, L50, M|100/100\n|switch|p2b: Whimsicott|Whimsicott, L50, M|100/100\n|turn|1\n|\n|t:|1776056122\n|switch|p2b: Garchomp|Garchomp, L50, F|100/100\n|move|p2a: Charizard|Protect|p2a: Charizard\n|-singleturn|p2a: Charizard|Protect\n|move|p1b: Tinkaton|Fake Out|p2a: Charizard\n|-activate|p2a: Charizard|move: Protect\n|move|p1a: Scovillain|Flamethrower|p2b: Garchomp\n|-resisted|p2b: Garchomp|1\n|-damage|p2b: Garchomp|77/100\n|\n|upkeep\n|turn|2\n|\n|t:|1776056169\n|detailschange|p2a: Charizard|Charizard-Mega-Y, L50, M\n|-mega|p2a: Charizard|Charizard|Charizardite Y\n|-weather|SunnyDay|[from] ability: Drought|[of] p2a: Charizard\n|move|p2b: Garchomp|Protect|p2b: Garchomp\n|-singleturn|p2b: Garchomp|Protect\n|move|p1b: Tinkaton|Protect|p1b: Tinkaton\n|-singleturn|p1b: Tinkaton|Protect\n|move|p1a: Scovillain|Giga Drain|p2b: Garchomp\n|-activate|p2b: Garchomp|move: Protect\n|move|p2a: Charizard|Heat Wave|p1b: Tinkaton|[spread] p1a\n|-activate|p1b: Tinkaton|move: Protect\n|-enditem|p1a: Scovillain|Focus Sash\n|-damage|p1a: Scovillain|1/100\n|\n|-weather|SunnyDay|[upkeep]\n|upkeep\n|turn|3\n|\n|t:|1776056214\n|switch|p1b: Milotic|Milotic, L50, M|100/100\n|move|p1a: Scovillain|Solar Beam||[still]\n|-prepare|p1a: Scovillain|Solar Beam\n|-anim|p1a: Scovillain|Solar Beam|p2b: Garchomp\n|-damage|p2b: Garchomp|10/100\n|move|p2b: Garchomp|Stomping Tantrum|p1b: Milotic\n|-damage|p1b: Milotic|39/100\n|move|p2a: Charizard|Heat Wave|p1a: Scovillain|[spread] p1a,p1b\n|-resisted|p1b: Milotic|1\n|-damage|p1a: Scovillain|0 fnt\n|-damage|p1b: Milotic|9/100\n|faint|p1a: Scovillain\n|\n|-weather|SunnyDay|[upkeep]\n|-heal|p1b: Milotic|15/100|[from] item: Leftovers\n|upkeep\n|\n|t:|1776056230\n|switch|p1a: Gallade|Gallade, L50, M|100/100\n|turn|4\n|\n|t:|1776056266\n|detailschange|p1a: Gallade|Gallade-Mega, L50, M\n|-mega|p1a: Gallade|Gallade|Galladite\n|move|p2a: Charizard|Protect|p2a: Charizard\n|-singleturn|p2a: Charizard|Protect\n|move|p1a: Gallade|Wide Guard|p1a: Gallade\n|-singleturn|p1a: Gallade|Wide Guard\n|move|p2b: Garchomp|Dragon Claw|p1a: Gallade\n|-damage|p1a: Gallade|43/100\n|move|p1b: Milotic|Draining Kiss|p2b: Garchomp\n|-supereffective|p2b: Garchomp|1\n|-damage|p2b: Garchomp|0 fnt\n|-heal|p1b: Milotic|23/100|[from] drain|[of] p2b: Garchomp\n|-damage|p1b: Milotic|10/100|[from] ability: Rough Skin|[of] p2b: Garchomp\n|faint|p2b: Garchomp\n|\n|-weather|SunnyDay|[upkeep]\n|-heal|p1b: Milotic|16/100|[from] item: Leftovers\n|upkeep\n|\n|t:|1776056290\n|switch|p2b: Venusaur|Venusaur, L50, M|100/100\n|turn|5\n|\n|t:|1776056333\n|move|p2b: Venusaur|Sludge Bomb|p1a: Gallade\n|-damage|p1a: Gallade|0 fnt\n|faint|p1a: Gallade\n|move|p2a: Charizard|Solar Beam||[still]\n|-prepare|p2a: Charizard|Solar Beam\n|-anim|p2a: Charizard|Solar Beam|p1b: Milotic\n|-supereffective|p1b: Milotic|1\n|-damage|p1b: Milotic|0 fnt\n|faint|p1b: Milotic\n|\n|-weather|SunnyDay|[upkeep]\n|upkeep\n|\n|t:|1776056348\n|switch|p1b: Tinkaton|Tinkaton, L50, F|100/100\n|turn|6\n|\n|t:|1776056369\n|switch|p2a: Whimsicott|Whimsicott, L50, M|100/100\n|move|p2b: Venusaur|Sleep Powder|p1b: Tinkaton\n|-status|p1b: Tinkaton|slp|[from] move: Sleep Powder\n|cant|p1b: Tinkaton|slp\n|\n|-weather|none\n|upkeep\n|turn|7\n|\n|t:|1776056384\n|switch|p2b: Charizard|Charizard-Mega-Y, L50, M|100/100\n|-weather|SunnyDay|[from] ability: Drought|[of] p2b: Charizard\n|move|p2a: Whimsicott|Tailwind|p2a: Whimsicott\n|-sidestart|p2: Thinking Charizard|move: Tailwind\n|cant|p1b: Tinkaton|slp\n|\n|-weather|SunnyDay|[upkeep]\n|upkeep\n|turn|8\n|\n|t:|1776056395\n|move|p2a: Whimsicott|Helping Hand|p2b: Charizard\n|-singleturn|p2b: Charizard|Helping Hand|[of] p2a: Whimsicott\n|move|p2b: Charizard|Weather Ball|p1b: Tinkaton\n|-supereffective|p1b: Tinkaton|1\n|-damage|p1b: Tinkaton|0 fnt\n|faint|p1b: Tinkaton\n|\n|win|Thinking Charizard\n|raw|GoatSage's rating: 1000 &rarr; <strong>1000</strong><br />(+0 for losing)\n|raw|Thinking Charizard's rating: 1040 &rarr; <strong>1070</strong><br />(+30 for winning)\n|c|\u2606Thinking Charizard|gg\n|l|\u2606GoatSage\n|player|p1|\n",
  "uploadtime": 1776056404,
  "views": 9,
  "formatid": "gen9championsvgc2026regma",
  "rating": 1000,
  "private": 0,
  "password": null
}