{
  "id": "gen9championsvgc2026regma-2583222778",
  "format": "[Gen 9 Champions] VGC 2026 Reg M-A",
  "players": [
    "Tamejo",
    "tito blaster"
  ],
  "log": "|j|\u2606Tamejo\n|j|\u2606tito blaster\n|t:|1776156496\n|gametype|doubles\n|player|p1|Tamejo|caitlin|1286\n|player|p2|tito blaster|cilan|1212\n|gen|9\n|tier|[Gen 9 Champions] VGC 2026 Reg M-A\n|rated|\n|rule|Species Clause: Limit one of each Pok\u00e9mon\n|rule|Item Clause: Limit 1 of each item\n|clearpoke\n|poke|p1|Dragapult, L50, M|\n|poke|p1|Farigiraf, L50, F|\n|poke|p1|Sylveon, L50, F|\n|poke|p1|Whimsicott, L50, F|\n|poke|p1|Glimmora, L50, M|\n|poke|p1|Kingambit, L50, F|\n|poke|p2|Maushold, L50|\n|poke|p2|Garchomp, L50, M|\n|poke|p2|Kingambit, L50, M|\n|poke|p2|Aerodactyl, L50, M|\n|poke|p2|Delphox, L50, F|\n|poke|p2|Basculegion, L50, M|\n|teampreview|4\n|inactive|Battle timer is ON: inactive players will automatically lose when time's up. (requested by tito blaster)\n|inactive|tito blaster has 60 seconds left.\n|\n|t:|1776156554\n|teamsize|p1|4\n|teamsize|p2|4\n|start\n|switch|p1a: Whimsicott|Whimsicott, L50, F|100/100\n|switch|p1b: Sylveon|Sylveon, L50, F|100/100\n|switch|p2a: Aerodactyl|Aerodactyl, L50, M|100/100\n|switch|p2b: Kingambit|Kingambit, L50, M|100/100\n|-ability|p2a: Aerodactyl|Unnerve\n|turn|1\n|\n|t:|1776156573\n|switch|p2b: Delphox|Delphox, L50, F|100/100\n|move|p1a: Whimsicott|Tailwind|p1a: Whimsicott\n|-sidestart|p1: Tamejo|move: Tailwind\n|move|p1b: Sylveon|Hyper Voice|p2a: Aerodactyl|[spread] p2a,p2b\n|-crit|p2a: Aerodactyl\n|-resisted|p2b: Delphox|1\n|-damage|p2a: Aerodactyl|30/100\n|-damage|p2b: Delphox|83/100\n|move|p2a: Aerodactyl|Tailwind|p2a: Aerodactyl\n|-sidestart|p2: tito blaster|move: Tailwind\n|\n|upkeep\n|turn|2\n|\n|t:|1776156588\n|detailschange|p2b: Delphox|Delphox-Mega, L50, F\n|-mega|p2b: Delphox|Delphox|Delphoxite\n|move|p1a: Whimsicott|Encore|p2a: Aerodactyl\n|-start|p2a: Aerodactyl|Encore\n|move|p2b: Delphox|Heat Wave|p1a: Whimsicott|[spread] p1a,p1b\n|-supereffective|p1a: Whimsicott|1\n|-enditem|p1a: Whimsicott|Focus Sash\n|-damage|p1a: Whimsicott|1/100\n|-damage|p1b: Sylveon|73/100\n|move|p2a: Aerodactyl|Tailwind||[still]\n|-fail|p2a: Aerodactyl\n|move|p1b: Sylveon|Calm Mind|p1b: Sylveon\n|-boost|p1b: Sylveon|spa|1\n|-boost|p1b: Sylveon|spd|1\n|\n|-heal|p1b: Sylveon|79/100|[from] item: Leftovers\n|upkeep\n|turn|3\n|inactive|Tamejo has 30 seconds left.\n|\n|t:|1776156614\n|switch|p1a: Dragapult|Dragapult, L50, M|100/100\n|switch|p2a: Kingambit|Kingambit, L50, M|100/100\n|move|p2b: Delphox|Psyshock|p1b: Sylveon\n|-damage|p1b: Sylveon|30/100\n|move|p1b: Sylveon|Calm Mind|p1b: Sylveon\n|-boost|p1b: Sylveon|spa|1\n|-boost|p1b: Sylveon|spd|1\n|\n|-heal|p1b: Sylveon|36/100|[from] item: Leftovers\n|upkeep\n|turn|4\n|inactive|tito blaster has 30 seconds left.\n|\n|t:|1776156643\n|move|p2b: Delphox|Protect|p2b: Delphox\n|-singleturn|p2b: Delphox|Protect\n|move|p1b: Sylveon|Protect|p1b: Sylveon\n|-singleturn|p1b: Sylveon|Protect\n|move|p1a: Dragapult|Phantom Force||[still]\n|-prepare|p1a: Dragapult|Phantom Force\n|move|p2a: Kingambit|Assurance|p1a: Dragapult|[miss]\n|-miss|p2a: Kingambit|p1a: Dragapult\n|\n|-heal|p1b: Sylveon|42/100|[from] item: Leftovers\n|-sideend|p2: tito blaster|move: Tailwind\n|-sideend|p1: Tamejo|move: Tailwind\n|upkeep\n|turn|5\n|inactive|tito blaster has 30 seconds left.\n|\n|t:|1776156673\n|switch|p2b: Garchomp|Garchomp, L50, M|100/100\n|move|p2a: Kingambit|Protect|p2a: Kingambit\n|-singleturn|p2a: Kingambit|Protect\n|move|p1a: Dragapult|Phantom Force|p2b: Garchomp|[from] lockedmove\n|-crit|p2b: Garchomp\n|-damage|p2b: Garchomp|43/100\n|-damage|p1a: Dragapult|88/100|[from] ability: Rough Skin|[of] p2b: Garchomp\n|move|p1b: Sylveon|Hyper Voice|p2a: Kingambit|[spread] p2b\n|-activate|p2a: Kingambit|move: Protect\n|-supereffective|p2b: Garchomp|1\n|-crit|p2b: Garchomp\n|-damage|p2b: Garchomp|0 fnt\n|faint|p2b: Garchomp\n|\n|-heal|p1b: Sylveon|48/100|[from] item: Leftovers\n|upkeep\n|\n|t:|1776156686\n|switch|p2b: Delphox|Delphox-Mega, L50, F|83/100\n|turn|6\n|\n|t:|1776156695\n|move|p1b: Sylveon|Protect|p1b: Sylveon\n|-singleturn|p1b: Sylveon|Protect\n|move|p2a: Kingambit|Sucker Punch|p1a: Dragapult\n|-supereffective|p1a: Dragapult|1\n|-enditem|p1a: Dragapult|Colbur Berry|[eat]\n|-enditem|p1a: Dragapult|Colbur Berry|[weaken]\n|-damage|p1a: Dragapult|21/100\n|move|p1a: Dragapult|Phantom Force||[still]\n|-prepare|p1a: Dragapult|Phantom Force\n|move|p2b: Delphox|Psyshock|p1b: Sylveon\n|-activate|p1b: Sylveon|move: Protect\n|\n|-heal|p1b: Sylveon|55/100|[from] item: Leftovers\n|upkeep\n|turn|7\n|\n|t:|1776156719\n|move|p1a: Dragapult|Phantom Force|p2b: Delphox|[from] lockedmove\n|-supereffective|p2b: Delphox|1\n|-damage|p2b: Delphox|0 fnt\n|faint|p2b: Delphox\n|move|p1b: Sylveon|Hyper Voice|p2a: Kingambit\n|-damage|p2a: Kingambit|0 fnt\n|faint|p2a: Kingambit\n|\n|-heal|p1b: Sylveon|61/100|[from] item: Leftovers\n|upkeep\n|-message|tito blaster forfeited.\n|\n|win|Tamejo\n|raw|Tamejo's rating: 1309 &rarr; <strong>1324</strong><br />(+15 for winning)\n|raw|tito blaster's rating: 1212 &rarr; <strong>1194</strong><br />(-18 for losing)\n|l|\u2606tito blaster\n|player|p2|\n",
  "uploadtime": 1776156731,
  "views": 22,
  "formatid": "gen9championsvgc2026regma",
  "rating": 1194,
  "private": 0,
  "password": null
}