{
  "id": "gen9championsvgc2026regma-2587655045",
  "format": "[Gen 9 Champions] VGC 2026 Reg M-A",
  "players": [
    "PyrOH3nS",
    "albertito2005"
  ],
  "log": "|j|\u2606PyrOH3nS\n|j|\u2606albertito2005\n|t:|1776550840\n|gametype|doubles\n|player|p1|PyrOH3nS|dawn-gen4pt|1443\n|player|p2|albertito2005|veteran|1506\n|gen|9\n|tier|[Gen 9 Champions] VGC 2026 Reg M-A\n|rated|\n|rule|Species Clause: Limit one of each Pok\u00e9mon\n|rule|Item Clause: Limit 1 of each item\n|clearpoke\n|poke|p1|Dragapult, L50, M|\n|poke|p1|Kangaskhan, L50, F|\n|poke|p1|Azumarill, L50, F|\n|poke|p1|Kingambit, L50, M|\n|poke|p1|Gardevoir, L50, M|\n|poke|p1|Talonflame, L50, M|\n|poke|p2|Scovillain, L50, M|\n|poke|p2|Incineroar, L50, M|\n|poke|p2|Farigiraf, L50, M|\n|poke|p2|Gallade, L50, M|\n|poke|p2|Kingambit, L50, F|\n|poke|p2|Pelipper, L50, F|\n|teampreview|4\n|inactive|Battle timer is ON: inactive players will automatically lose when time's up. (requested by albertito2005)\n|\n|t:|1776550898\n|teamsize|p1|4\n|teamsize|p2|4\n|start\n|switch|p1a: Gardevoir|Gardevoir, L50, M|100/100\n|switch|p1b: Talonflame|Talonflame, L50, M|100/100\n|switch|p2a: Farigiraf|Farigiraf, L50, M|100/100\n|switch|p2b: Incineroar|Incineroar, L50, M|100/100\n|-ability|p1a: Gardevoir|Intimidate|Trace|[from] ability: Trace|[of] p2b: Incineroar\n|-ability|p1a: Gardevoir|Intimidate|boost\n|-unboost|p2a: Farigiraf|atk|1\n|-unboost|p2b: Incineroar|atk|1\n|-ability|p2b: Incineroar|Intimidate|boost\n|-unboost|p1a: Gardevoir|atk|1\n|-unboost|p1b: Talonflame|atk|1\n|-enditem|p2b: Incineroar|White Herb\n|-clearnegativeboost|p2b: Incineroar|[silent]\n|turn|1\n|\n|t:|1776550919\n|detailschange|p1a: Gardevoir|Gardevoir-Mega, L50, M\n|-mega|p1a: Gardevoir|Gardevoir|Gardevoirite\n|move|p2b: Incineroar|Fake Out|p1a: Gardevoir\n|-damage|p1a: Gardevoir|85/100\n|move|p1b: Talonflame|Taunt|p2a: Farigiraf\n|-start|p2a: Farigiraf|move: Taunt\n|cant|p1a: Gardevoir|flinch\n|cant|p2a: Farigiraf|move: Taunt|Trick Room\n|\n|upkeep\n|turn|2\n|\n|t:|1776550943\n|move|p1b: Talonflame|Tailwind|p1b: Talonflame\n|-sidestart|p1: PyrOH3nS|move: Tailwind\n|move|p1a: Gardevoir|Hyper Voice|p2a: Farigiraf|[spread] p2a,p2b\n|-damage|p2a: Farigiraf|55/100\n|-damage|p2b: Incineroar|55/100\n|move|p2b: Incineroar|Flare Blitz|p1a: Gardevoir\n|-damage|p1a: Gardevoir|14/100\n|-damage|p2b: Incineroar|35/100|[from] Recoil\n|move|p2a: Farigiraf|Hyper Voice|p1b: Talonflame|[spread] p1a,p1b\n|-damage|p1a: Gardevoir|0 fnt\n|-damage|p1b: Talonflame|49/100\n|faint|p1a: Gardevoir\n|\n|upkeep\n|\n|t:|1776550961\n|switch|p1a: Kingambit|Kingambit, L50, M|100/100\n|turn|3\n|\n|t:|1776550982\n|switch|p1b: Azumarill|Azumarill, L50, F|100/100\n|switch|p2a: Scovillain|Scovillain, L50, M|100/100\n|move|p1a: Kingambit|Kowtow Cleave|p2a: Scovillain\n|-damage|p2a: Scovillain|52/100\n|move|p2b: Incineroar|Close Combat|p1a: Kingambit\n|-supereffective|p1a: Kingambit|2\n|-enditem|p1a: Kingambit|Chople Berry|[eat]\n|-enditem|p1a: Kingambit|Chople Berry|[weaken]\n|-damage|p1a: Kingambit|43/100\n|-unboost|p2b: Incineroar|def|1\n|-unboost|p2b: Incineroar|spd|1\n|\n|upkeep\n|turn|4\n|inactive|PyrOH3nS has 30 seconds left.\n|\n|t:|1776551016\n|switch|p1a: Talonflame|Talonflame, L50, M|49/100\n|detailschange|p2a: Scovillain|Scovillain-Mega, L50, M\n|-mega|p2a: Scovillain|Scovillain|Scovillainite\n|move|p1b: Azumarill|Belly Drum|p1b: Azumarill\n|-damage|p1b: Azumarill|50/100\n|-setboost|p1b: Azumarill|atk|6|[from] move: Belly Drum\n|-enditem|p1b: Azumarill|Sitrus Berry|[eat]\n|-heal|p1b: Azumarill|75/100|[from] item: Sitrus Berry\n|move|p2a: Scovillain|Leaf Storm|p1b: Azumarill\n|-supereffective|p1b: Azumarill|1\n|-damage|p1b: Azumarill|0 fnt\n|-unboost|p2a: Scovillain|spa|2\n|faint|p1b: Azumarill\n|move|p2b: Incineroar|Close Combat|p1a: Talonflame\n|-resisted|p1a: Talonflame|1\n|-damage|p1a: Talonflame|19/100\n|-unboost|p2b: Incineroar|def|1\n|-unboost|p2b: Incineroar|spd|1\n|\n|upkeep\n|\n|t:|1776551034\n|switch|p1b: Kingambit|Kingambit, L50, M|43/100\n|turn|5\n|\n|t:|1776551043\n|switch|p2b: Farigiraf|Farigiraf, L50, M|55/100\n|move|p2a: Scovillain|Rage Powder|p2a: Scovillain\n|-singleturn|p2a: Scovillain|move: Rage Powder\n|move|p1b: Kingambit|Sucker Punch||[still]\n|cant|p2b: Farigiraf|ability: Armor Tail|Sucker Punch|[of] p1b: Kingambit\n|move|p1a: Talonflame|Acrobatics|p2a: Scovillain\n|-supereffective|p2a: Scovillain|1\n|-damage|p2a: Scovillain|0 fnt\n|-immune|p1a: Talonflame\n|faint|p2a: Scovillain\n|\n|-sideend|p1: PyrOH3nS|move: Tailwind\n|upkeep\n|\n|t:|1776551058\n|switch|p2a: Kingambit|Kingambit, L50, F|100/100\n|turn|6\n|inactive|albertito2005 has 30 seconds left.\n|\n|t:|1776551088\n|move|p1a: Talonflame|Tailwind|p1a: Talonflame\n|-sidestart|p1: PyrOH3nS|move: Tailwind\n|move|p1b: Kingambit|Kowtow Cleave|p2b: Farigiraf\n|-supereffective|p2b: Farigiraf|1\n|-damage|p2b: Farigiraf|0 fnt\n|faint|p2b: Farigiraf\n|move|p2a: Kingambit|Kowtow Cleave|p1b: Kingambit\n|-resisted|p1b: Kingambit|1\n|-damage|p1b: Kingambit|21/100\n|\n|upkeep\n|\n|t:|1776551096\n|switch|p2b: Incineroar|Incineroar, L50, M|35/100\n|-ability|p2b: Incineroar|Intimidate|boost\n|-unboost|p1a: Talonflame|atk|1\n|-unboost|p1b: Kingambit|atk|1\n|-ability|p1b: Kingambit|Defiant|boost\n|-boost|p1b: Kingambit|atk|2\n|turn|7\n|\n|t:|1776551120\n|move|p2b: Incineroar|Fake Out|p1b: Kingambit\n|-resisted|p1b: Kingambit|1\n|-damage|p1b: Kingambit|16/100\n|move|p1a: Talonflame|Flare Blitz|p2a: Kingambit\n|-supereffective|p2a: Kingambit|1\n|-damage|p2a: Kingambit|57/100\n|-damage|p1a: Talonflame|0 fnt|[from] Recoil\n|faint|p1a: Talonflame\n|cant|p1b: Kingambit|flinch\n|move|p2a: Kingambit|Kowtow Cleave|p1b: Kingambit\n|-resisted|p1b: Kingambit|1\n|-damage|p1b: Kingambit|0 fnt\n|faint|p1b: Kingambit\n|\n|win|albertito2005\n|raw|PyrOH3nS's rating: 1443 &rarr; <strong>1427</strong><br />(-16 for losing)\n|raw|albertito2005's rating: 1506 &rarr; <strong>1522</strong><br />(+16 for winning)\n|l|\u2606PyrOH3nS\n|player|p1|\n|l|\u2606albertito2005\n|player|p2|\n",
  "uploadtime": 1776551147,
  "views": 16,
  "formatid": "gen9championsvgc2026regma",
  "rating": 1427,
  "private": 0,
  "password": null
}