{
  "id": "gen9championsvgc2026regma-2581432210",
  "format": "[Gen 9 Champions] VGC 2026 Reg M-A",
  "players": [
    "B. Farro",
    "gwomp13589"
  ],
  "log": "|j|\u2606B. Farro\n|j|\u2606gwomp13589\n|t:|1775999819\n|gametype|doubles\n|player|p1|B. Farro|ingo|1095\n|player|p2|gwomp13589|102|1000\n|gen|9\n|tier|[Gen 9 Champions] VGC 2026 Reg M-A\n|rated|\n|rule|Species Clause: Limit one of each Pok\u00e9mon\n|rule|Item Clause: Limit 1 of each item\n|clearpoke\n|poke|p1|Glimmora, L50, M|\n|poke|p1|Whimsicott, L50, F|\n|poke|p1|Altaria, L50, F|\n|poke|p1|Tauros-Paldea-Blaze, L50, M|\n|poke|p1|Garchomp, L50, F|\n|poke|p1|Kangaskhan, L50, F|\n|poke|p2|Passimian, L50, F|\n|poke|p2|Goodra-Hisui, L50, M|\n|poke|p2|Starmie, L50|\n|poke|p2|Farigiraf, L50, M|\n|poke|p2|Rotom-Frost, L50|\n|poke|p2|Incineroar, L50, M|\n|teampreview|4\ngwomp13589 rejected open team sheets.\n|inactive|Battle timer is ON: inactive players will automatically lose when time's up. (requested by gwomp13589)\n|\n|t:|1775999864\n|teamsize|p1|4\n|teamsize|p2|4\n|start\n|switch|p1a: Tauros|Tauros-Paldea-Blaze, L50, M|100/100\n|switch|p1b: Kangaskhan|Kangaskhan, L50, F|100/100\n|switch|p2a: Starmie|Starmie, L50|100/100\n|switch|p2b: Rotom|Rotom-Frost, L50|100/100\n|-ability|p1a: Tauros|Intimidate|boost\n|-unboost|p2a: Starmie|atk|1\n|-unboost|p2b: Rotom|atk|1\n|turn|1\n|\n|t:|1775999886\n|detailschange|p2a: Starmie|Starmie-Mega, L50\n|-mega|p2a: Starmie|Starmie|Starminite\n|move|p1b: Kangaskhan|Fake Out|p2a: Starmie\n|-damage|p2a: Starmie|75/100\n|cant|p2a: Starmie|flinch\n|move|p1a: Tauros|Wild Charge|p2a: Starmie\n|-supereffective|p2a: Starmie|1\n|-damage|p2a: Starmie|15/100\n|-damage|p1a: Tauros|87/100|[from] Recoil\n|move|p2b: Rotom|Volt Switch|p1a: Tauros\n|-damage|p1a: Tauros|35/100\n|\n|t:|1775999897\n|switch|p2b: Passimian|Passimian, L50, F|100/100|[from] Volt Switch\n|\n|upkeep\n|turn|2\n|\n|t:|1775999911\n|move|p1a: Tauros|Protect|p1a: Tauros\n|-singleturn|p1a: Tauros|Protect\n|move|p2b: Passimian|Protect|p2b: Passimian\n|-singleturn|p2b: Passimian|Protect\n|move|p2a: Starmie|Self-Destruct|p1b: Kangaskhan|[spread] p1b\n|-activate|p2b: Passimian|move: Protect\n|-activate|p1a: Tauros|move: Protect\n|-damage|p1b: Kangaskhan|43/100\n|faint|p2a: Starmie\n|-ability|p2b: Passimian|Huge Power|Receiver|[from] ability: Receiver|[of] p2a: Starmie\n|move|p1b: Kangaskhan|Double-Edge|p2b: Passimian\n|-activate|p2b: Passimian|move: Protect\n|\n|upkeep\n|\n|t:|1775999926\n|switch|p2a: Goodra|Goodra-Hisui, L50, M|100/100\n|turn|3\n|\n|t:|1775999939\n|switch|p1b: Whimsicott|Whimsicott, L50, F|100/100\n|move|p1a: Tauros|Close Combat|p2a: Goodra\n|-supereffective|p2a: Goodra|1\n|-damage|p2a: Goodra|11/100\n|-unboost|p1a: Tauros|def|1\n|-unboost|p1a: Tauros|spd|1\n|-enditem|p1a: Tauros|White Herb\n|-clearnegativeboost|p1a: Tauros|[silent]\n|move|p2b: Passimian|Drain Punch|p1b: Whimsicott\n|-resisted|p1b: Whimsicott|1\n|-damage|p1b: Whimsicott|43/100\n|move|p2a: Goodra|Shelter|p2a: Goodra\n|-boost|p2a: Goodra|def|2\n|\n|upkeep\n|turn|4\n|inactive|B. Farro has 30 seconds left.\n|\n|t:|1775999968\n|move|p2a: Goodra|Protect|p2a: Goodra\n|-singleturn|p2a: Goodra|Protect\n|move|p1b: Whimsicott|Moonblast|p2b: Passimian\n|-supereffective|p2b: Passimian|1\n|-enditem|p2b: Passimian|Roseli Berry|[eat]\n|-enditem|p2b: Passimian|Roseli Berry|[weaken]\n|-damage|p2b: Passimian|61/100\n|move|p1a: Tauros|Close Combat|p2a: Goodra\n|-activate|p2a: Goodra|move: Protect\n|move|p2b: Passimian|Iron Head|p1b: Whimsicott\n|-supereffective|p1b: Whimsicott|1\n|-damage|p1b: Whimsicott|0 fnt\n|faint|p1b: Whimsicott\n|\n|upkeep\n|\n|t:|1775999979\n|switch|p1b: Kangaskhan|Kangaskhan, L50, F|43/100\n|turn|5\n|\n|t:|1775999998\n|move|p1b: Kangaskhan|Fake Out|p2b: Passimian\n|-damage|p2b: Passimian|40/100\n|move|p1a: Tauros|Raging Bull|p2a: Goodra\n|-damage|p2a: Goodra|0 fnt\n|faint|p2a: Goodra\n|cant|p2b: Passimian|flinch\n|\n|upkeep\n|\n|t:|1776000005\n|switch|p2a: Rotom|Rotom-Frost, L50|100/100\n|turn|6\n|\n|t:|1776000019\n|move|p1b: Kangaskhan|Protect|p1b: Kangaskhan\n|-singleturn|p1b: Kangaskhan|Protect\n|move|p2b: Passimian|Protect|p2b: Passimian\n|-singleturn|p2b: Passimian|Protect\n|move|p1a: Tauros|Close Combat|p2b: Passimian\n|-activate|p2b: Passimian|move: Protect\n|move|p2a: Rotom|Thunder|p1a: Tauros\n|-damage|p1a: Tauros|0 fnt\n|faint|p1a: Tauros\n|\n|upkeep\n|\n|t:|1776000028\n|switch|p1a: Glimmora|Glimmora, L50, M|100/100\n|turn|7\n|inactive|B. Farro has 30 seconds left.\n|\n|t:|1776000057\n|detailschange|p1a: Glimmora|Glimmora-Mega, L50, M\n|-mega|p1a: Glimmora|Glimmora|Glimmoranite\n|move|p1a: Glimmora|Sludge Bomb|p2b: Passimian\n|-damage|p2b: Passimian|0 fnt\n|faint|p2b: Passimian\n|move|p2a: Rotom|Blizzard|p1b: Kangaskhan|[spread] p1a\n|-miss|p2a: Rotom|p1b: Kangaskhan\n|-damage|p1a: Glimmora|44/100\n|move|p1b: Kangaskhan|Double-Edge|p2a: Rotom\n|-damage|p2a: Rotom|25/100\n|-damage|p1b: Kangaskhan|29/100|[from] Recoil\n|\n|upkeep\n|turn|8\n|\n|t:|1776000071\n|move|p1a: Glimmora|Power Gem|p2a: Rotom\n|-supereffective|p2a: Rotom|1\n|-damage|p2a: Rotom|0 fnt\n|faint|p2a: Rotom\n|\n|win|B. Farro\n|raw|B. Farro's rating: 1095 &rarr; <strong>1114</strong><br />(+19 for winning)\n|raw|gwomp13589's rating: 1000 &rarr; <strong>1000</strong><br />(+0 for losing)\n|l|\u2606gwomp13589\n|player|p2|\n",
  "uploadtime": 1776000082,
  "views": 15,
  "formatid": "gen9championsvgc2026regma",
  "rating": 1000,
  "private": 0,
  "password": null
}