{
  "id": "gen9championsvgc2026regma-2587523780",
  "format": "[Gen 9 Champions] VGC 2026 Reg M-A",
  "players": [
    "mr brewster",
    "ImprobableBlob"
  ],
  "log": "|j|\u2606mr brewster\n|j|\u2606ImprobableBlob\n|t:|1776539156\n|gametype|doubles\n|player|p1|mr brewster|scientist-gen4dp|1537\n|player|p2|ImprobableBlob|jasmine|1540\n|gen|9\n|tier|[Gen 9 Champions] VGC 2026 Reg M-A\n|rated|\n|rule|Species Clause: Limit one of each Pok\u00e9mon\n|rule|Item Clause: Limit 1 of each item\n|clearpoke\n|poke|p1|Tyranitar, L50, F|\n|poke|p1|Garchomp, L50, M|\n|poke|p1|Aerodactyl, L50, M|\n|poke|p1|Rotom-Wash, L50|\n|poke|p1|Sneasler, L50, M|\n|poke|p1|Sinistcha, L50|\n|poke|p2|Tyranitar, L50, M|\n|poke|p2|Excadrill, L50, F|\n|poke|p2|Corviknight, L50, F|\n|poke|p2|Sneasler, L50, F|\n|poke|p2|Basculegion, L50, M|\n|poke|p2|Meganium, L50, F|\n|teampreview|4\n|inactive|Battle timer is ON: inactive players will automatically lose when time's up. (requested by ImprobableBlob)\n|inactive|ImprobableBlob has 60 seconds left.\n|\n|t:|1776539198\n|teamsize|p1|4\n|teamsize|p2|4\n|start\n|switch|p1a: Rotom|Rotom-Wash, L50|100/100\n|switch|p1b: Garchomp|Garchomp, L50, M|100/100\n|switch|p2a: Corviknight|Corviknight, L50, F|100/100\n|switch|p2b: Basculegion|Basculegion, L50, M|100/100\n|turn|1\n|\n|t:|1776539219\n|move|p2b: Basculegion|Flip Turn|p1b: Garchomp\n|-damage|p1b: Garchomp|69/100\n|\n|t:|1776539222\n|switch|p2b: Meganium|Meganium, L50, F|100/100|[from] Flip Turn\n|move|p1a: Rotom|Discharge|p2b: Meganium|[spread] p2a,p2b\n|-immune|p1b: Garchomp\n|-supereffective|p2a: Corviknight|1\n|-resisted|p2b: Meganium|1\n|-damage|p2a: Corviknight|54/100\n|-damage|p2b: Meganium|84/100\n|move|p1b: Garchomp|Earthquake|p2a: Corviknight|[spread] p2b\n|-immune|p1a: Rotom|[from] ability: Levitate\n|-immune|p2a: Corviknight\n|-resisted|p2b: Meganium|1\n|-damage|p2b: Meganium|59/100\n|move|p2a: Corviknight|Tailwind|p2a: Corviknight\n|-sidestart|p2: ImprobableBlob|move: Tailwind\n|\n|-heal|p2a: Corviknight|60/100|[from] item: Leftovers\n|upkeep\n|turn|2\n|\n|t:|1776539246\n|switch|p1a: Sneasler|Sneasler, L50, M|100/100\n|detailschange|p2b: Meganium|Meganium-Mega, L50, F\n|-mega|p2b: Meganium|Meganium|Meganiumite\n|move|p2b: Meganium|Solar Beam||[still]\n|-prepare|p2b: Meganium|Solar Beam\n|-activate|p2b: Meganium|ability: Mega Sol\n|-anim|p2b: Meganium|Solar Beam|p1a: Sneasler\n|-resisted|p1a: Sneasler|1\n|-damage|p1a: Sneasler|54/100\n|move|p2a: Corviknight|Roost|p2a: Corviknight\n|-heal|p2a: Corviknight|100/100\n|-singleturn|p2a: Corviknight|move: Roost\n|move|p1b: Garchomp|Poison Jab|p2b: Meganium\n|-supereffective|p2b: Meganium|2\n|-damage|p2b: Meganium|0 fnt\n|faint|p2b: Meganium\n|\n|upkeep\n|\n|t:|1776539252\n|switch|p2b: Basculegion|Basculegion, L50, M|100/100\n|turn|3\n|inactive|ImprobableBlob has 30 seconds left.\n|\n|t:|1776539280\n|move|p1a: Sneasler|Protect|p1a: Sneasler\n|-singleturn|p1a: Sneasler|Protect\n|move|p2b: Basculegion|Flip Turn|p1a: Sneasler\n|-activate|p1a: Sneasler|move: Protect\n|move|p2a: Corviknight|Bulk Up|p2a: Corviknight\n|-boost|p2a: Corviknight|atk|1\n|-boost|p2a: Corviknight|def|1\n|move|p1b: Garchomp|Dragon Claw|p2b: Basculegion\n|-damage|p2b: Basculegion|39/100\n|\n|upkeep\n|turn|4\n|\n|t:|1776539297\n|switch|p1a: Tyranitar|Tyranitar, L50, F|100/100\n|-weather|Sandstorm|[from] ability: Sand Stream|[of] p1a: Tyranitar\n|move|p2b: Basculegion|Flip Turn|p1b: Garchomp|[miss]\n|-miss|p2b: Basculegion|p1b: Garchomp\n|move|p2a: Corviknight|Brave Bird|p1a: Tyranitar\n|-resisted|p1a: Tyranitar|1\n|-damage|p1a: Tyranitar|78/100\n|-damage|p2a: Corviknight|93/100|[from] Recoil\n|move|p1b: Garchomp|Dragon Claw|p2b: Basculegion\n|-damage|p2b: Basculegion|0 fnt\n|faint|p2b: Basculegion\n|\n|-weather|Sandstorm|[upkeep]\n|-heal|p2a: Corviknight|99/100|[from] item: Leftovers\n|-sideend|p2: ImprobableBlob|move: Tailwind\n|upkeep\n|\n|t:|1776539306\n|switch|p2b: Sneasler|Sneasler, L50, F|100/100\n|turn|5\n|\n|t:|1776539317\n|detailschange|p1a: Tyranitar|Tyranitar-Mega, L50, F\n|-mega|p1a: Tyranitar|Tyranitar|Tyranitarite\n|move|p1a: Tyranitar|Protect|p1a: Tyranitar\n|-singleturn|p1a: Tyranitar|Protect\n|move|p2b: Sneasler|Close Combat|p1a: Tyranitar\n|-activate|p1a: Tyranitar|move: Protect\n|move|p1b: Garchomp|Earthquake|p2b: Sneasler|[spread] p2b\n|-activate|p1a: Tyranitar|move: Protect\n|-immune|p2a: Corviknight\n|-supereffective|p2b: Sneasler|1\n|-damage|p2b: Sneasler|0 fnt\n|faint|p2b: Sneasler\n|move|p2a: Corviknight|Bulk Up|p2a: Corviknight\n|-boost|p2a: Corviknight|atk|1\n|-boost|p2a: Corviknight|def|1\n|\n|-weather|Sandstorm|[upkeep]\n|-heal|p2a: Corviknight|100/100|[from] item: Leftovers\n|upkeep\n|turn|6\n|j| shucklestrats\n|\n|t:|1776539337\n|switch|p1b: Sneasler|Sneasler, L50, M|54/100\n|move|p1a: Tyranitar|Knock Off|p2a: Corviknight\n|-damage|p2a: Corviknight|71/100\n|-enditem|p2a: Corviknight|Leftovers|[from] move: Knock Off|[of] p1a: Tyranitar\n|move|p2a: Corviknight|Bulk Up|p2a: Corviknight\n|-boost|p2a: Corviknight|atk|1\n|-boost|p2a: Corviknight|def|1\n|\n|-weather|Sandstorm|[upkeep]\n|-damage|p1b: Sneasler|48/100|[from] Sandstorm\n|upkeep\n|turn|7\n|\n|t:|1776539346\n|move|p1b: Sneasler|Fake Out|p2a: Corviknight\n|-resisted|p2a: Corviknight|1\n|-damage|p2a: Corviknight|69/100\n|move|p1a: Tyranitar|Rock Slide|p2a: Corviknight|[miss]\n|-miss|p1a: Tyranitar|p2a: Corviknight\n|cant|p2a: Corviknight|flinch\n|\n|-weather|Sandstorm|[upkeep]\n|-damage|p1b: Sneasler|43/100|[from] Sandstorm\n|upkeep\n|turn|8\n|\n|t:|1776539352\n|move|p1b: Sneasler|Close Combat|p2a: Corviknight\n|-damage|p2a: Corviknight|45/100\n|-unboost|p1b: Sneasler|def|1\n|-unboost|p1b: Sneasler|spd|1\n|-enditem|p1b: Sneasler|White Herb\n|-clearnegativeboost|p1b: Sneasler|[silent]\n|move|p1a: Tyranitar|Rock Slide|p2a: Corviknight\n|-damage|p2a: Corviknight|27/100\n|cant|p2a: Corviknight|flinch\n|\n|-weather|none\n|upkeep\n|turn|9\n|-message|ImprobableBlob forfeited.\n|\n|win|mr brewster\n|raw|mr brewster's rating: 1537 &rarr; <strong>1557</strong><br />(+20 for winning)\n|raw|ImprobableBlob's rating: 1540 &rarr; <strong>1520</strong><br />(-20 for losing)\n|l|\u2606ImprobableBlob\n|player|p2|\n|l|\u2606mr brewster\n|player|p1|\n|l| shucklestrats\n",
  "uploadtime": 1776539397,
  "views": 20,
  "formatid": "gen9championsvgc2026regma",
  "rating": 1520,
  "private": 0,
  "password": null
}