{
  "id": "gen9championsvgc2026regma-2585877489",
  "format": "[Gen 9 Champions] VGC 2026 Reg M-A",
  "players": [
    "KilamanolaVGC",
    "Jah_08"
  ],
  "log": "|j|\u203dKilamanolaVGC\n|j|\u2606Jah_08\n|t:|1776377694\n|gametype|doubles\n|player|p1|KilamanolaVGC|benga|1260\n|player|p2|Jah_08|alder|1324\n|gen|9\n|tier|[Gen 9 Champions] VGC 2026 Reg M-A\n|rated|\n|rule|Species Clause: Limit one of each Pok\u00e9mon\n|rule|Item Clause: Limit 1 of each item\n|clearpoke\n|poke|p1|Floette-Eternal, L50, F|\n|poke|p1|Garchomp, L50, M|\n|poke|p1|Aerodactyl, L50, M|\n|poke|p1|Kingambit, L50, F|\n|poke|p1|Charizard, L50, M|\n|poke|p1|Sneasler, L50, M|\n|poke|p2|Excadrill, L50, M|\n|poke|p2|Whimsicott, L50, M|\n|poke|p2|Chandelure, L50, F|\n|poke|p2|Zoroark-Hisui, L50, M|\n|poke|p2|Basculegion, L50, M|\n|poke|p2|Hydreigon, L50, M|\n|teampreview|4\n|inactive|Battle timer is ON: inactive players will automatically lose when time's up. (requested by KilamanolaVGC)\nKilamanolaVGC has agreed to open team sheets.\nJah_08 rejected open team sheets.\n|inactive|KilamanolaVGC has 60 seconds left.\n|inactive|KilamanolaVGC has 30 seconds left.\n|\n|t:|1776377755\n|teamsize|p1|4\n|teamsize|p2|4\n|start\n|switch|p1a: Sneasler|Sneasler, L50, M, shiny|100/100\n|switch|p1b: Aerodactyl|Aerodactyl, L50, M|100/100\n|switch|p2a: Chandelure|Chandelure, L50, F|100/100\n|switch|p2b: Whimsicott|Whimsicott, L50, M, shiny|100/100\n|-ability|p1b: Aerodactyl|Unnerve\n|turn|1\n|inactive|Jah_08 has 30 seconds left.\n|\n|t:|1776377789\n|detailschange|p2a: Chandelure|Chandelure-Mega, L50, F\n|-mega|p2a: Chandelure|Chandelure|Chandelurite\n|move|p2b: Whimsicott|Protect|p2b: Whimsicott\n|-singleturn|p2b: Whimsicott|Protect\n|move|p1b: Aerodactyl|Rock Slide|p2a: Chandelure|[spread] p2a\n|-activate|p2b: Whimsicott|move: Protect\n|-supereffective|p2a: Chandelure|1\n|-damage|p2a: Chandelure|49/100\n|move|p1a: Sneasler|Dire Claw|p2b: Whimsicott\n|-activate|p2b: Whimsicott|move: Protect\n|move|p2a: Chandelure|Heat Wave|p1a: Sneasler|[spread] p1a,p1b\n|-resisted|p1b: Aerodactyl|1\n|-damage|p1a: Sneasler|33/100\n|-damage|p1b: Aerodactyl|66/100\n|\n|upkeep\n|turn|2\n|\n|t:|1776377812\n|move|p2b: Whimsicott|Tailwind|p2b: Whimsicott\n|-sidestart|p2: Jah_08|move: Tailwind\n|move|p2a: Chandelure|Shadow Ball|p1b: Aerodactyl\n|-damage|p1b: Aerodactyl|0 fnt\n|faint|p1b: Aerodactyl\n|move|p1a: Sneasler|Dire Claw|p2b: Whimsicott\n|-supereffective|p2b: Whimsicott|2\n|-damage|p2b: Whimsicott|0 fnt\n|faint|p2b: Whimsicott\n|\n|upkeep\n|\n|t:|1776377826\n|switch|p1b: Kingambit|Kingambit, L50, F, shiny|100/100\n|switch|p2b: Excadrill|Excadrill, L50, M|100/100\n|-ability|p2b: Excadrill|Mold Breaker\n|turn|3\n|\n|t:|1776377841\n|move|p1a: Sneasler|Protect|p1a: Sneasler\n|-singleturn|p1a: Sneasler|Protect\n|move|p1b: Kingambit|Protect|p1b: Kingambit\n|-singleturn|p1b: Kingambit|Protect\n|move|p2b: Excadrill|High Horsepower|p1a: Sneasler\n|-activate|p1a: Sneasler|move: Protect\n|move|p2a: Chandelure|Substitute|p2a: Chandelure\n|-start|p2a: Chandelure|Substitute\n|-damage|p2a: Chandelure|24/100\n|\n|upkeep\n|turn|4\n|\n|t:|1776377860\n|move|p1b: Kingambit|Sucker Punch|p2b: Excadrill\n|-damage|p2b: Excadrill|35/100\n|move|p2b: Excadrill|High Horsepower|p1b: Kingambit\n|-supereffective|p1b: Kingambit|1\n|-damage|p1b: Kingambit|24/100\n|move|p2a: Chandelure|Heat Wave|p1b: Kingambit|[spread] p1a,p1b\n|-crit|p1a: Sneasler\n|-supereffective|p1b: Kingambit|1\n|-damage|p1a: Sneasler|0 fnt\n|-damage|p1b: Kingambit|0 fnt\n|faint|p1a: Sneasler\n|faint|p1b: Kingambit\n|\n|upkeep\n|\n|t:|1776377868\n|switch|p1b: Floette|Floette-Eternal, L50, F|100/100\n|turn|5\n|\n|t:|1776377881\n|detailschange|p1b: Floette|Floette-Mega, L50, F\n|-mega|p1b: Floette|Floette|Floettite\n|-ability|p1b: Floette|Fairy Aura\n|move|p1b: Floette|Protect|p1b: Floette\n|-singleturn|p1b: Floette|Protect\n|move|p2b: Excadrill|Iron Head|p1b: Floette\n|-activate|p1b: Floette|move: Protect\n|move|p2a: Chandelure|Shadow Ball|p1b: Floette\n|-activate|p1b: Floette|move: Protect\n|\n|-sideend|p2: Jah_08|move: Tailwind\n|upkeep\n|turn|6\n|c|\u2606Jah_08|gg\n|\n|t:|1776377899\n|move|p1b: Floette|Dazzling Gleam|p2a: Chandelure|[spread] p2a,p2b\n|-resisted|p2a: Chandelure|1\n|-activate|p2a: Chandelure|move: Substitute|[damage]\n|-resisted|p2b: Excadrill|1\n|-crit|p2b: Excadrill\n|-damage|p2b: Excadrill|0 fnt\n|faint|p2b: Excadrill\n|move|p2a: Chandelure|Shadow Ball|p1b: Floette\n|-damage|p1b: Floette|53/100\n|-unboost|p1b: Floette|spd|1\n|\n|upkeep\n|\n|t:|1776377910\n|switch|p2b: Basculegion|Basculegion, L50, M|100/100\n|turn|7\n|-message|KilamanolaVGC forfeited.\n|\n|win|Jah_08\n|raw|KilamanolaVGC's rating: 1260 &rarr; <strong>1240</strong><br />(-20 for losing)\n|raw|Jah_08's rating: 1324 &rarr; <strong>1340</strong><br />(+16 for winning)\n|l|\u203dKilamanolaVGC\n|player|p1|\n",
  "uploadtime": 1776377917,
  "views": 24,
  "formatid": "gen9championsvgc2026regma",
  "rating": 1240,
  "private": 0,
  "password": null
}