{
  "id": "gen9championsvgc2026regma-2582980728",
  "format": "[Gen 9 Champions] VGC 2026 Reg M-A",
  "players": [
    "leolc0926",
    "free-bean-joe"
  ],
  "log": "|j|\u2606leolc0926\n|j|\u2606free-bean-joe\n|t:|1776130441\n|gametype|doubles\n|player|p1|leolc0926|steven|1070\n|player|p2|free-bean-joe|101|1047\n|gen|9\n|tier|[Gen 9 Champions] VGC 2026 Reg M-A\n|rated|\n|rule|Species Clause: Limit one of each Pok\u00e9mon\n|rule|Item Clause: Limit 1 of each item\n|clearpoke\n|poke|p1|Venusaur, L50, M|\n|poke|p1|Incineroar, L50, M|\n|poke|p1|Golurk, L50|\n|poke|p1|Torkoal, L50, M|\n|poke|p1|Kingambit, L50, M|\n|poke|p1|Farigiraf, L50, F|\n|poke|p2|Klefki, L50, M|\n|poke|p2|Sneasler, L50, M|\n|poke|p2|Corviknight, L50, F|\n|poke|p2|Slowbro, L50, F|\n|poke|p2|Aegislash, L50, F|\n|poke|p2|Sinistcha, L50|\n|teampreview|4\nleolc0926 has agreed to open team sheets.\n|\n|t:|1776130487\n|teamsize|p1|4\n|teamsize|p2|4\n|start\n|switch|p1a: Kingambit|Kingambit, L50, M|100/100\n|switch|p1b: Farigiraf|Farigiraf, L50, F|100/100\n|switch|p2a: Klefki|Klefki, L50, M|100/100\n|switch|p2b: Slowbro|Slowbro, L50, F|100/100\n|turn|1\n|\n|t:|1776130529\n|switch|p2b: Sneasler|Sneasler, L50, M|100/100\n|move|p1b: Farigiraf|Helping Hand|p1a: Kingambit\n|-singleturn|p1a: Kingambit|Helping Hand|[of] p1b: Farigiraf\n|move|p2a: Klefki|Dazzling Gleam|p1b: Farigiraf|[spread] p1a,p1b\n|-damage|p1a: Kingambit|86/100\n|-damage|p1b: Farigiraf|88/100\n|move|p1a: Kingambit|Kowtow Cleave|p2b: Sneasler\n|-resisted|p2b: Sneasler|1\n|-damage|p2b: Sneasler|20/100\n|\n|upkeep\n|turn|2\n|inactive|Battle timer is ON: inactive players will automatically lose when time's up. (requested by leolc0926)\n|inactive|free-bean-joe has 60 seconds left.\n|\n|t:|1776130560\n|move|p1a: Kingambit|Protect|p1a: Kingambit\n|-singleturn|p1a: Kingambit|Protect\n|move|p2a: Klefki|Light Screen|p2a: Klefki\n|-sidestart|p2: free-bean-joe|move: Light Screen\n|move|p2b: Sneasler|Close Combat|p1a: Kingambit\n|-activate|p1a: Kingambit|move: Protect\n|move|p1b: Farigiraf|Hyper Voice|p2a: Klefki|[spread] p2a,p2b\n|-resisted|p2a: Klefki|1\n|-damage|p2a: Klefki|93/100\n|-damage|p2b: Sneasler|0 fnt\n|faint|p2b: Sneasler\n|\n|upkeep\n|\n|t:|1776130577\n|switch|p2b: Corviknight|Corviknight, L50, F|100/100\n|-ability|p2b: Corviknight|Unnerve\n|turn|3\n|inactive|leolc0926 has 30 seconds left.\n|\n|t:|1776130606\n|switch|p1a: Torkoal|Torkoal, L50, M|100/100\n|-weather|SunnyDay|[from] ability: Drought|[of] p1a: Torkoal\n|move|p2a: Klefki|Dazzling Gleam|p1b: Farigiraf|[spread] p1a,p1b\n|-resisted|p1a: Torkoal|1\n|-damage|p1a: Torkoal|89/100\n|-damage|p1b: Farigiraf|76/100\n|move|p2b: Corviknight|Brave Bird|p1a: Torkoal\n|-damage|p1a: Torkoal|39/100\n|-damage|p2b: Corviknight|86/100|[from] Recoil\n|move|p1b: Farigiraf|Trick Room|p1b: Farigiraf\n|-fieldstart|move: Trick Room|[of] p1b: Farigiraf\n|\n|-weather|SunnyDay|[upkeep]\n|upkeep\n|turn|4\n|inactive|free-bean-joe has 30 seconds left.\n|inactive|free-bean-joe has 20 seconds left.\n|\n|t:|1776130644\n|switch|p2b: Slowbro|Slowbro, L50, F|100/100\n|move|p1b: Farigiraf|Helping Hand|p1a: Torkoal\n|-singleturn|p1a: Torkoal|Helping Hand|[of] p1b: Farigiraf\n|move|p2a: Klefki|Rain Dance|p2a: Klefki\n|-weather|RainDance\n|move|p1a: Torkoal|Weather Ball|p2a: Klefki\n|-damage|p2a: Klefki|58/100\n|\n|-weather|RainDance|[upkeep]\n|upkeep\n|turn|5\n|inactive|leolc0926 has 30 seconds left.\n|inactive|free-bean-joe has 30 seconds left.\n|inactive|free-bean-joe has 20 seconds left.\n|\n|t:|1776130680\n|switch|p2a: Corviknight|Corviknight, L50, F|86/100\n|-ability|p2a: Corviknight|Unnerve\n|detailschange|p2b: Slowbro|Slowbro-Mega, L50, F\n|-mega|p2b: Slowbro|Slowbro|Slowbronite\n|move|p1a: Torkoal|Helping Hand|p1b: Farigiraf\n|-singleturn|p1b: Farigiraf|Helping Hand|[of] p1a: Torkoal\n|move|p2b: Slowbro|Surf|p1b: Farigiraf|[spread] p2a,p1a,p1b\n|-supereffective|p1a: Torkoal|1\n|-crit|p1a: Torkoal\n|-damage|p2a: Corviknight|51/100\n|-damage|p1a: Torkoal|0 fnt\n|-damage|p1b: Farigiraf|34/100\n|faint|p1a: Torkoal\n|move|p1b: Farigiraf|Hyper Voice|p2a: Corviknight|[spread] p2a,p2b\n|-resisted|p2a: Corviknight|1\n|-damage|p2a: Corviknight|39/100\n|-damage|p2b: Slowbro|75/100\n|\n|-weather|RainDance|[upkeep]\n|upkeep\n|inactive|leolc0926 has 30 seconds left.\n|inactive|leolc0926 has 20 seconds left.\n|inactive|leolc0926 has 15 seconds left.\n|\n|t:|1776130720\n|switch|p1a: Kingambit|Kingambit, L50, M|86/100\n|turn|6\n|\n|t:|1776130745\n|move|p1b: Farigiraf|Helping Hand|p1a: Kingambit\n|-singleturn|p1a: Kingambit|Helping Hand|[of] p1b: Farigiraf\n|move|p2b: Slowbro|Surf|p1b: Farigiraf|[spread] p2a,p1a,p1b\n|-damage|p2a: Corviknight|6/100\n|-damage|p1a: Kingambit|29/100\n|-damage|p1b: Farigiraf|0 fnt\n|faint|p1b: Farigiraf\n|move|p1a: Kingambit|Kowtow Cleave|p2b: Slowbro\n|-supereffective|p2b: Slowbro|1\n|-damage|p2b: Slowbro|0 fnt\n|faint|p2b: Slowbro\n|move|p2a: Corviknight|Brave Bird|p1a: Kingambit\n|-resisted|p1a: Kingambit|1\n|-damage|p1a: Kingambit|4/100\n|-damage|p2a: Corviknight|0 fnt|[from] Recoil\n|faint|p2a: Corviknight\n|\n|-weather|RainDance|[upkeep]\n|-sideend|p2: free-bean-joe|move: Light Screen\n|upkeep\n|\n|t:|1776130768\n|switch|p2b: Klefki|Klefki, L50, M|58/100\n|switch|p1b: Golurk|Golurk, L50|100/100\n|turn|7\n|\n|t:|1776130775\n|detailschange|p1b: Golurk|Golurk-Mega, L50\n|-mega|p1b: Golurk|Golurk|Golurkite\n|move|p1a: Kingambit|Iron Head|p2b: Klefki\n|-damage|p2b: Klefki|5/100\n|move|p1b: Golurk|Headlong Rush|p2b: Klefki\n|-supereffective|p2b: Klefki|1\n|-damage|p2b: Klefki|0 fnt\n|-unboost|p1b: Golurk|def|1\n|-unboost|p1b: Golurk|spd|1\n|faint|p2b: Klefki\n|\n|win|leolc0926\n|raw|leolc0926's rating: 1070 &rarr; <strong>1098</strong><br />(+28 for winning)\n|raw|free-bean-joe's rating: 1047 &rarr; <strong>1031</strong><br />(-16 for losing)\n|c|\u2606leolc0926|gg\n|l|\u2606free-bean-joe\n|player|p2|\n",
  "uploadtime": 1776130786,
  "views": 19,
  "formatid": "gen9championsvgc2026regma",
  "rating": 1031,
  "private": 0,
  "password": null
}