{
  "id": "gen9championsvgc2026regma-2580972750",
  "format": "[Gen 9 Champions] VGC 2026 Reg M-A",
  "players": [
    "pe.medeiross",
    "nusocs-m"
  ],
  "log": "|j|\u2606pe.medeiross\n|j|\u2606nusocs-m\n|t:|1775947971\n|gametype|doubles\n|player|p1|pe.medeiross|juggler|1112\n|player|p2|nusocs-m|unknown|1169\n|gen|9\n|tier|[Gen 9 Champions] VGC 2026 Reg M-A\n|rated|\n|rule|Species Clause: Limit one of each Pok\u00e9mon\n|rule|Item Clause: Limit 1 of each item\n|clearpoke\n|poke|p1|Clefable, L50, F|\n|poke|p1|Kingambit, L50, M|\n|poke|p1|Sneasler, L50, F|\n|poke|p1|Dragonite, L50, M|\n|poke|p1|Delphox, L50, F|\n|poke|p1|Basculegion, L50, M|\n|poke|p2|Charizard, L50, M|\n|poke|p2|Aerodactyl, L50, F|\n|poke|p2|Garchomp, L50, F|\n|poke|p2|Glimmora, L50, F|\n|poke|p2|Incineroar, L50, M|\n|poke|p2|Venusaur, L50, F|\n|teampreview|4\n|inactive|Battle timer is ON: inactive players will automatically lose when time's up. (requested by pe.medeiross)\n|\n|t:|1775948009\n|teamsize|p1|4\n|teamsize|p2|4\n|start\n|switch|p1a: Kingambit|Kingambit, L50, M|100/100\n|switch|p1b: Basculegion|Basculegion, L50, M|100/100\n|switch|p2a: Charizard|Charizard, L50, M|100/100\n|switch|p2b: Venusaur|Venusaur, L50, F|100/100\n|turn|1\n|\n|t:|1775948028\n|detailschange|p2a: Charizard|Charizard-Mega-Y, L50, M\n|-mega|p2a: Charizard|Charizard|Charizardite Y\n|-weather|SunnyDay|[from] ability: Drought|[of] p2a: Charizard\n|move|p2b: Venusaur|Sleep Powder|p1a: Kingambit\n|-status|p1a: Kingambit|slp|[from] move: Sleep Powder\n|move|p1b: Basculegion|Wave Crash|p2a: Charizard\n|-supereffective|p2a: Charizard|1\n|-damage|p2a: Charizard|0 fnt\n|faint|p2a: Charizard\n|-damage|p1b: Basculegion|74/100|[from] Recoil\n|cant|p1a: Kingambit|slp\n|\n|-weather|SunnyDay|[upkeep]\n|upkeep\n|\n|t:|1775948047\n|switch|p2a: Garchomp|Garchomp, L50, F|100/100\n|turn|2\n|\n|t:|1775948060\n|switch|p1b: Delphox|Delphox, L50, F|100/100\n|switch|p1a: Sneasler|Sneasler, L50, F|100/100\n|move|p2b: Venusaur|Protect|p2b: Venusaur\n|-singleturn|p2b: Venusaur|Protect\n|move|p2a: Garchomp|Earthquake|p1b: Delphox|[spread] p1a,p1b\n|-activate|p2b: Venusaur|move: Protect\n|-supereffective|p1a: Sneasler|1\n|-supereffective|p1b: Delphox|1\n|-enditem|p1a: Sneasler|Focus Sash\n|-damage|p1a: Sneasler|1/100\n|-damage|p1b: Delphox|0 fnt\n|faint|p1b: Delphox\n|\n|-weather|SunnyDay|[upkeep]\n|upkeep\n|\n|t:|1775948072\n|switch|p1b: Kingambit|Kingambit, L50, M|100/100 slp\n|turn|3\n|\n|t:|1775948090\n|move|p2a: Garchomp|Protect|p2a: Garchomp\n|-singleturn|p2a: Garchomp|Protect\n|move|p1a: Sneasler|Close Combat|p2a: Garchomp\n|-activate|p2a: Garchomp|move: Protect\n|move|p2b: Venusaur|Sludge Bomb|p1a: Sneasler\n|-resisted|p1a: Sneasler|1\n|-damage|p1a: Sneasler|0 fnt\n|faint|p1a: Sneasler\n|cant|p1b: Kingambit|slp\n|\n|-weather|SunnyDay|[upkeep]\n|upkeep\n|\n|t:|1775948092\n|switch|p1a: Basculegion|Basculegion, L50, M|74/100\n|turn|4\n|\n|t:|1775948111\n|move|p2b: Venusaur|Leaf Storm|p1a: Basculegion\n|-supereffective|p1a: Basculegion|1\n|-damage|p1a: Basculegion|0 fnt\n|-unboost|p2b: Venusaur|spa|2\n|faint|p1a: Basculegion\n|move|p2a: Garchomp|Earthquake|p1b: Kingambit|[spread] p2b,p1b\n|-supereffective|p1b: Kingambit|1\n|-damage|p2b: Venusaur|50/100\n|-damage|p1b: Kingambit|43/100 slp\n|-curestatus|p1b: Kingambit|slp|[msg]\n|move|p1b: Kingambit|Swords Dance|p1b: Kingambit\n|-boost|p1b: Kingambit|atk|2\n|\n|-weather|SunnyDay|[upkeep]\n|-heal|p2b: Venusaur|56/100|[from] item: Leftovers\n|upkeep\n|turn|5\n|-message|pe.medeiross forfeited.\n|\n|win|nusocs-m\n|raw|pe.medeiross's rating: 1112 &rarr; <strong>1091</strong><br />(-21 for losing)\n|raw|nusocs-m's rating: 1169 &rarr; <strong>1190</strong><br />(+21 for winning)\n|l|\u2606pe.medeiross\n|player|p1|\n",
  "uploadtime": 1775948133,
  "views": 18,
  "formatid": "gen9championsvgc2026regma",
  "rating": 1091,
  "private": 0,
  "password": null
}