{
  "id": "gen9championsvgc2026regma-2580664056",
  "format": "[Gen 9 Champions] VGC 2026 Reg M-A",
  "players": [
    "amongdripgoku",
    "sh1n194m1_v2"
  ],
  "log": "|j|\u2606amongdripgoku\n|j|\u2606sh1n194m1_v2\n|t:|1775922436\n|gametype|doubles\n|player|p1|amongdripgoku|2|1000\n|player|p2|sh1n194m1_v2|265|1000\n|gen|9\n|tier|[Gen 9 Champions] VGC 2026 Reg M-A\n|rated|\n|rule|Species Clause: Limit one of each Pok\u00e9mon\n|rule|Item Clause: Limit 1 of each item\n|clearpoke\n|poke|p1|Pelipper, L50, F|\n|poke|p1|Gengar, L50, M|\n|poke|p1|Greninja-*, L50, M|\n|poke|p1|Basculegion, L50, M|\n|poke|p1|Archaludon, L50, F|\n|poke|p1|Whimsicott, L50, M|\n|poke|p2|Meganium, L50, F|\n|poke|p2|Archaludon, L50, M|\n|poke|p2|Ninetales-Alola, L50, F|\n|poke|p2|Froslass, L50, F|\n|poke|p2|Sinistcha, L50|\n|poke|p2|Araquanid, L50, M|\n|teampreview|4\n|inactive|Battle timer is ON: inactive players will automatically lose when time's up. (requested by amongdripgoku)\nsh1n194m1_v2 rejected open team sheets.\n|\n|t:|1775922536\n|teamsize|p1|4\n|teamsize|p2|4\n|start\n|switch|p1a: Pelipper|Pelipper, L50, F|100/100\n|switch|p1b: Gengar|Gengar, L50, M|100/100\n|switch|p2a: Meganium|Meganium, L50, F|100/100\n|switch|p2b: Araquanid|Araquanid, L50, M, shiny|100/100\n|-weather|RainDance|[from] ability: Drizzle|[of] p1a: Pelipper\n|turn|1\n|\n|t:|1775922551\n|detailschange|p1b: Gengar|Gengar-Mega, L50, M\n|-mega|p1b: Gengar|Gengar|Gengarite\n|detailschange|p2a: Meganium|Meganium-Mega, L50, F\n|-mega|p2a: Meganium|Meganium|Meganiumite\n|move|p1a: Pelipper|Protect|p1a: Pelipper\n|-singleturn|p1a: Pelipper|Protect\n|move|p1b: Gengar|Sludge Bomb|p2a: Meganium\n|-supereffective|p2a: Meganium|2\n|-damage|p2a: Meganium|0 fnt\n|faint|p2a: Meganium\n|move|p2b: Araquanid|Sticky Web|p1b: Gengar\n|-sidestart|p1: amongdripgoku|move: Sticky Web\n|\n|-weather|RainDance|[upkeep]\n|upkeep\n|\n|t:|1775922562\n|switch|p2a: Archaludon|Archaludon, L50, M|100/100\n|turn|2\n|\n|t:|1775922581\n|move|p1b: Gengar|Shadow Ball|p2a: Archaludon\n|-damage|p2a: Archaludon|42/100\n|-ability|p2a: Archaludon|Stamina|boost\n|-boost|p2a: Archaludon|def|1\n|move|p2a: Archaludon|Draco Meteor|p1b: Gengar\n|-damage|p1b: Gengar|20/100\n|-unboost|p2a: Archaludon|spa|2\n|move|p1a: Pelipper|Tailwind|p1a: Pelipper\n|-sidestart|p1: amongdripgoku|move: Tailwind\n|move|p2b: Araquanid|Blizzard|p1a: Pelipper|[spread] p1b\n|-miss|p2b: Araquanid|p1a: Pelipper\n|-damage|p1b: Gengar|3/100\n|\n|-weather|RainDance|[upkeep]\n|-heal|p2a: Archaludon|48/100|[from] item: Leftovers\n|upkeep\n|turn|3\n|\n|t:|1775922600\n|move|p2a: Archaludon|Protect|p2a: Archaludon\n|-singleturn|p2a: Archaludon|Protect\n|move|p1a: Pelipper|Wide Guard|p1a: Pelipper\n|-singleturn|p1a: Pelipper|Wide Guard\n|move|p1b: Gengar|Shadow Ball|p2a: Archaludon\n|-activate|p2a: Archaludon|move: Protect\n|move|p2b: Araquanid|Blizzard|p1b: Gengar|[spread] \n|-activate|p1a: Pelipper|move: Wide Guard\n|-activate|p1b: Gengar|move: Wide Guard\n|\n|-weather|RainDance|[upkeep]\n|-heal|p2a: Archaludon|54/100|[from] item: Leftovers\n|upkeep\n|turn|4\n|inactive|amongdripgoku has 30 seconds left.\n|inactive|sh1n194m1_v2 has 30 seconds left.\n|\n|t:|1775922627\n|switch|p1a: Archaludon|Archaludon, L50, F|100/100\n|-activate|p1a: Archaludon|move: Sticky Web\n|-unboost|p1a: Archaludon|spe|1\n|move|p1b: Gengar|Shadow Ball|p2a: Archaludon\n|-damage|p2a: Archaludon|0 fnt\n|faint|p2a: Archaludon\n|move|p2b: Araquanid|Blizzard|p1b: Gengar|[spread] \n|-miss|p2b: Araquanid|p1a: Archaludon\n|-miss|p2b: Araquanid|p1b: Gengar\n|\n|-weather|RainDance|[upkeep]\n|upkeep\n|\n|t:|1775922639\n|switch|p2a: Sinistcha|Sinistcha, L50|100/100\n|turn|5\n|\n|t:|1775922647\n|move|p1b: Gengar|Shadow Ball|p2a: Sinistcha\n|-supereffective|p2a: Sinistcha|1\n|-damage|p2a: Sinistcha|0 fnt\n|faint|p2a: Sinistcha\n|move|p1a: Archaludon|Electro Shot||[still]\n|-prepare|p1a: Archaludon|Electro Shot\n|-boost|p1a: Archaludon|spa|1\n|-anim|p1a: Archaludon|Electro Shot|p2b: Araquanid\n|-supereffective|p2b: Araquanid|1\n|-damage|p2b: Araquanid|5/100\n|move|p2b: Araquanid|Blizzard|p1a: Archaludon|[spread] p1a,p1b\n|-damage|p1a: Archaludon|88/100\n|-damage|p1b: Gengar|0 fnt\n|faint|p1b: Gengar\n|\n|-weather|none\n|-sideend|p1: amongdripgoku|move: Tailwind\n|upkeep\n|\n|t:|1775922659\n|switch|p1b: Pelipper|Pelipper, L50, F|100/100\n|-weather|RainDance|[from] ability: Drizzle|[of] p1b: Pelipper\n|turn|6\n|\n|t:|1775922667\n|move|p1b: Pelipper|Weather Ball|p2b: Araquanid\n|-heal|p2b: Araquanid|29/100|[from] ability: Water Absorb|[of] p1b: Pelipper\n|move|p1a: Archaludon|Electro Shot||[still]\n|-prepare|p1a: Archaludon|Electro Shot\n|-boost|p1a: Archaludon|spa|1\n|-anim|p1a: Archaludon|Electro Shot|p2b: Araquanid\n|-supereffective|p2b: Araquanid|1\n|-damage|p2b: Araquanid|0 fnt\n|faint|p2b: Araquanid\n|\n|win|amongdripgoku\n|raw|amongdripgoku's rating: 1000 &rarr; <strong>1040</strong><br />(+40 for winning)\n|raw|sh1n194m1_v2's rating: 1000 &rarr; <strong>1000</strong><br />(+0 for losing)\n",
  "uploadtime": 1775922667,
  "views": 10,
  "formatid": "gen9championsvgc2026regma",
  "rating": 1000,
  "private": 0,
  "password": null
}