{
  "id": "gen9championsvgc2026regma-2587025181",
  "format": "[Gen 9 Champions] VGC 2026 Reg M-A",
  "players": [
    "Scrambledegg62",
    "PhantomzTK"
  ],
  "log": "|j|\u2606Scrambledegg62\n|j|\u2606PhantomzTK\n|t:|1776482491\n|gametype|doubles\n|player|p1|Scrambledegg62|lance|1276\n|player|p2|PhantomzTK|caitlin|1295\n|gen|9\n|tier|[Gen 9 Champions] VGC 2026 Reg M-A\n|rated|\n|rule|Species Clause: Limit one of each Pok\u00e9mon\n|rule|Item Clause: Limit 1 of each item\n|clearpoke\n|poke|p1|Sneasler, L50, F|\n|poke|p1|Aerodactyl, L50, F|\n|poke|p1|Floette-Eternal, L50, F|\n|poke|p1|Kingambit, L50, M|\n|poke|p1|Basculegion, L50, M|\n|poke|p1|Sinistcha, L50|\n|poke|p2|Froslass, L50, F|\n|poke|p2|Samurott-Hisui, L50, M|\n|poke|p2|Maushold, L50|\n|poke|p2|Whimsicott, L50, F|\n|poke|p2|Typhlosion-Hisui, L50, F|\n|poke|p2|Glimmora, L50, M|\n|teampreview|4\n|inactive|Battle timer is ON: inactive players will automatically lose when time's up. (requested by Scrambledegg62)\n|inactive|Scrambledegg62 has 60 seconds left.\n|\n|t:|1776482532\n|teamsize|p1|4\n|teamsize|p2|4\n|start\n|switch|p1a: Sneasler|Sneasler, L50, F|100/100\n|switch|p1b: Aerodactyl|Aerodactyl, L50, F, shiny|100/100\n|switch|p2a: Samurott|Samurott-Hisui, L50, M|100/100\n|switch|p2b: Whimsicott|Whimsicott, L50, F|100/100\n|-ability|p1b: Aerodactyl|Unnerve\n|turn|1\n|\n|t:|1776482551\n|move|p2b: Whimsicott|Tailwind|p2b: Whimsicott\n|-sidestart|p2: PhantomzTK|move: Tailwind\n|move|p2a: Samurott|Flip Turn|p1a: Sneasler\n|-damage|p1a: Sneasler|43/100\n|\n|t:|1776482558\n|switch|p2a: Froslass|Froslass, L50, F|100/100|[from] Flip Turn\n|move|p1b: Aerodactyl|Dual Wingbeat|p2b: Whimsicott\n|-supereffective|p2b: Whimsicott|1\n|-damage|p2b: Whimsicott|56/100\n|-supereffective|p2b: Whimsicott|1\n|-damage|p2b: Whimsicott|13/100\n|-hitcount|p2b: Whimsicott|2\n|move|p1a: Sneasler|Close Combat|p2a: Froslass\n|-immune|p2a: Froslass\n|\n|upkeep\n|turn|2\n|\n|t:|1776482570\n|detailschange|p2a: Froslass|Froslass-Mega, L50, F\n|-mega|p2a: Froslass|Froslass|Froslassite\n|-weather|Snowscape|[from] ability: Snow Warning|[of] p2a: Froslass\n|move|p1a: Sneasler|Protect|p1a: Sneasler\n|-singleturn|p1a: Sneasler|Protect\n|move|p2b: Whimsicott|Moonblast|p1b: Aerodactyl\n|-damage|p1b: Aerodactyl|62/100\n|move|p2a: Froslass|Blizzard|p1b: Aerodactyl|[spread] p1b\n|-activate|p1a: Sneasler|move: Protect\n|-supereffective|p1b: Aerodactyl|1\n|-damage|p1b: Aerodactyl|0 fnt\n|faint|p1b: Aerodactyl\n|\n|-weather|Snowscape|[upkeep]\n|upkeep\n|\n|t:|1776482580\n|switch|p1b: Kingambit|Kingambit, L50, M, shiny|100/100\n|turn|3\n|\n|t:|1776482589\n|switch|p1a: Floette|Floette-Eternal, L50, F|100/100\n|move|p2b: Whimsicott|Encore||[still]\n|-fail|p2b: Whimsicott\n|move|p2a: Froslass|Aurora Veil|p2a: Froslass\n|-sidestart|p2: PhantomzTK|move: Aurora Veil\n|move|p1b: Kingambit|Kowtow Cleave|p2a: Froslass\n|-supereffective|p2a: Froslass|1\n|-damage|p2a: Froslass|40/100\n|\n|-weather|Snowscape|[upkeep]\n|upkeep\n|turn|4\n|\n|t:|1776482607\n|detailschange|p1a: Floette|Floette-Mega, L50, F\n|-mega|p1a: Floette|Floette|Floettite\n|-ability|p1a: Floette|Fairy Aura\n|move|p2b: Whimsicott|Protect|p2b: Whimsicott\n|-singleturn|p2b: Whimsicott|Protect\n|move|p1a: Floette|Protect|p1a: Floette\n|-singleturn|p1a: Floette|Protect\n|move|p2a: Froslass|Blizzard|p1b: Kingambit|[spread] p1b\n|-activate|p1a: Floette|move: Protect\n|-resisted|p1b: Kingambit|1\n|-crit|p1b: Kingambit\n|-damage|p1b: Kingambit|66/100\n|-status|p1b: Kingambit|frz\n|cant|p1b: Kingambit|frz\n|\n|-weather|Snowscape|[upkeep]\n|-sideend|p2: PhantomzTK|move: Tailwind\n|upkeep\n|turn|5\n|\n|t:|1776482624\n|switch|p2a: Typhlosion|Typhlosion-Hisui, L50, F|100/100\n|-item|p1a: Floette|Floettite|[from] ability: Frisk|[of] p2a: Typhlosion\n|-item|p1b: Kingambit|Chople Berry|[from] ability: Frisk|[of] p2a: Typhlosion\n|move|p2b: Whimsicott|Encore|p1a: Floette\n|-start|p1a: Floette|Encore\n|move|p1a: Floette|Protect||[still]\n|-fail|p1a: Floette\n|cant|p1b: Kingambit|frz\n|\n|-weather|Snowscape|[upkeep]\n|upkeep\n|turn|6\n|\n|t:|1776482637\n|move|p1a: Floette|Protect|p1a: Floette\n|-singleturn|p1a: Floette|Protect\n|move|p2b: Whimsicott|Tailwind|p2b: Whimsicott\n|-sidestart|p2: PhantomzTK|move: Tailwind\n|-curestatus|p1b: Kingambit|frz|[msg]\n|move|p1b: Kingambit|Sucker Punch|p2a: Typhlosion\n|-supereffective|p2a: Typhlosion|1\n|-damage|p2a: Typhlosion|20/100\n|move|p2a: Typhlosion|Eruption|p1a: Floette|[spread] p1b\n|-activate|p1a: Floette|move: Protect\n|-supereffective|p1b: Kingambit|1\n|-damage|p1b: Kingambit|39/100\n|\n|-weather|none\n|upkeep\n|turn|7\n|\n|t:|1776482657\n|move|p2a: Typhlosion|Protect|p2a: Typhlosion\n|-singleturn|p2a: Typhlosion|Protect\n|move|p1a: Floette|Protect|p1a: Floette\n|-singleturn|p1a: Floette|Protect\n|move|p2b: Whimsicott|Moonblast|p1b: Kingambit\n|-damage|p1b: Kingambit|5/100\n|move|p1b: Kingambit|Kowtow Cleave|p2a: Typhlosion\n|-activate|p2a: Typhlosion|move: Protect\n|\n|-end|p1a: Floette|Encore\n|-sideend|p2: PhantomzTK|move: Aurora Veil\n|upkeep\n|turn|8\n|\n|t:|1776482673\n|switch|p1a: Sneasler|Sneasler, L50, F|43/100\n|move|p2b: Whimsicott|Encore||[still]\n|-fail|p2b: Whimsicott\n|move|p1b: Kingambit|Sucker Punch|p2a: Typhlosion\n|-supereffective|p2a: Typhlosion|1\n|-damage|p2a: Typhlosion|0 fnt\n|faint|p2a: Typhlosion\n|\n|upkeep\n|\n|t:|1776482677\n|switch|p2a: Samurott|Samurott-Hisui, L50, M|100/100\n|turn|9\n|\n|t:|1776482698\n|move|p2b: Whimsicott|Protect|p2b: Whimsicott\n|-singleturn|p2b: Whimsicott|Protect\n|move|p1a: Sneasler|Fake Out|p2a: Samurott\n|-damage|p2a: Samurott|83/100\n|move|p1b: Kingambit|Sucker Punch||[still]\n|-fail|p1b: Kingambit\n|cant|p2a: Samurott|flinch\n|\n|-sideend|p2: PhantomzTK|move: Tailwind\n|upkeep\n|turn|10\n|\n|t:|1776482713\n|switch|p1a: Floette|Floette-Mega, L50, F|100/100\n|-ability|p1a: Floette|Fairy Aura\n|move|p2b: Whimsicott|Tailwind|p2b: Whimsicott\n|-sidestart|p2: PhantomzTK|move: Tailwind\n|move|p2a: Samurott|Flip Turn|p1a: Floette\n|-damage|p1a: Floette|67/100\n|\n|t:|1776482721\n|switch|p2a: Froslass|Froslass-Mega, L50, F|40/100|[from] Flip Turn\n|-weather|Snowscape|[from] ability: Snow Warning|[of] p2a: Froslass\n|move|p1b: Kingambit|Low Kick|p2a: Froslass\n|-immune|p2a: Froslass\n|\n|-weather|Snowscape|[upkeep]\n|upkeep\n|turn|11\n|\n|t:|1776482744\n|move|p2b: Whimsicott|Protect|p2b: Whimsicott\n|-singleturn|p2b: Whimsicott|Protect\n|move|p2a: Froslass|Protect|p2a: Froslass\n|-singleturn|p2a: Froslass|Protect\n|move|p1b: Kingambit|Sucker Punch||[still]\n|-fail|p1b: Kingambit\n|move|p1a: Floette|Moonblast|p2a: Froslass\n|-activate|p2a: Froslass|move: Protect\n|\n|-weather|Snowscape|[upkeep]\n|upkeep\n|turn|12\n|\n|t:|1776482764\n|move|p1b: Kingambit|Sucker Punch||[still]\n|-fail|p1b: Kingambit\n|move|p2b: Whimsicott|Moonblast|p1b: Kingambit\n|-damage|p1b: Kingambit|0 fnt\n|faint|p1b: Kingambit\n|move|p2a: Froslass|Aurora Veil|p2a: Froslass\n|-sidestart|p2: PhantomzTK|move: Aurora Veil\n|move|p1a: Floette|Moonblast|p2b: Whimsicott\n|-damage|p2b: Whimsicott|0 fnt\n|faint|p2b: Whimsicott\n|\n|-weather|Snowscape|[upkeep]\n|upkeep\n|\n|t:|1776482772\n|switch|p2b: Samurott|Samurott-Hisui, L50, M|83/100\n|switch|p1b: Sneasler|Sneasler, L50, F|43/100\n|turn|13\n|inactive|PhantomzTK has 30 seconds left.\n|\n|t:|1776482804\n|move|p1b: Sneasler|Protect|p1b: Sneasler\n|-singleturn|p1b: Sneasler|Protect\n|move|p1a: Floette|Protect|p1a: Floette\n|-singleturn|p1a: Floette|Protect\n|move|p2b: Samurott|Aqua Cutter|p1a: Floette\n|-activate|p1a: Floette|move: Protect\n|move|p2a: Froslass|Blizzard|p1a: Floette|[spread] \n|-activate|p1a: Floette|move: Protect\n|-activate|p1b: Sneasler|move: Protect\n|\n|-weather|Snowscape|[upkeep]\n|-sideend|p2: PhantomzTK|move: Tailwind\n|upkeep\n|turn|14\n|\n|t:|1776482818\n|move|p2b: Samurott|Aqua Cutter|p1b: Sneasler\n|-damage|p1b: Sneasler|0 fnt\n|faint|p1b: Sneasler\n|move|p2a: Froslass|Blizzard|p1a: Floette\n|-damage|p1a: Floette|24/100\n|-status|p1a: Floette|frz\n|cant|p1a: Floette|frz\n|\n|-weather|none\n|upkeep\n|turn|15\n|-message|Scrambledegg62 forfeited.\n|\n|win|PhantomzTK\n|raw|Scrambledegg62's rating: 1276 &rarr; <strong>1251</strong><br />(-25 for losing)\n|raw|PhantomzTK's rating: 1271 &rarr; <strong>1296</strong><br />(+25 for winning)\n",
  "uploadtime": 1776482839,
  "views": 24,
  "formatid": "gen9championsvgc2026regma",
  "rating": 1251,
  "private": 0,
  "password": null
}