{
  "id": "gen9championsvgc2026regma-2582816468",
  "format": "[Gen 9 Champions] VGC 2026 Reg M-A",
  "players": [
    "penledzuu",
    "chaotic based"
  ],
  "log": "|j|\u2606penledzuu\n|j|\u2606chaotic based\n|t:|1776116295\n|gametype|doubles\n|player|p1|penledzuu|ninjaboy|1145\n|player|p2|chaotic based|burglar|1221\n|gen|9\n|tier|[Gen 9 Champions] VGC 2026 Reg M-A\n|rated|\n|rule|Species Clause: Limit one of each Pok\u00e9mon\n|rule|Item Clause: Limit 1 of each item\n|clearpoke\n|poke|p1|Gengar, L50, F|\n|poke|p1|Gardevoir, L50, M|\n|poke|p1|Arcanine-Hisui, L50, F|\n|poke|p1|Charizard, L50, F|\n|poke|p1|Machamp, L50, M|\n|poke|p1|Sneasler, L50, M|\n|poke|p2|Incineroar, L50, M|\n|poke|p2|Pelipper, L50, F|\n|poke|p2|Archaludon, L50, M|\n|poke|p2|Dragonite, L50, M|\n|poke|p2|Basculegion, L50, M|\n|poke|p2|Blastoise, L50, M|\n|teampreview|4\n|inactive|Battle timer is ON: inactive players will automatically lose when time's up. (requested by penledzuu)\n|inactive|chaotic based has 60 seconds left.\n|inactive|chaotic based has 30 seconds left.\n|\n|t:|1776116359\n|teamsize|p1|4\n|teamsize|p2|4\n|start\n|switch|p1a: Gengar|Gengar, L50, F, shiny|100/100\n|switch|p1b: Gardevoir|Gardevoir, L50, M|100/100\n|switch|p2a: Valletta|Pelipper, L50, F|100/100\n|switch|p2b: Low Rider|Basculegion, L50, M|100/100\n|-ability|p1b: Gardevoir|Drizzle|Trace|[from] ability: Trace|[of] p2a: Valletta\n|-weather|RainDance|[from] ability: Drizzle|[of] p1b: Gardevoir\n|turn|1\n|inactive|penledzuu has 30 seconds left.\n|\n|t:|1776116394\n|move|p2b: Low Rider|Last Respects|p1a: Gengar\n|-supereffective|p1a: Gengar|1\n|-enditem|p1a: Gengar|Focus Sash\n|-damage|p1a: Gengar|1/100\n|move|p1a: Gengar|Shadow Ball|p2b: Low Rider\n|-supereffective|p2b: Low Rider|1\n|-damage|p2b: Low Rider|0 fnt\n|faint|p2b: Low Rider\n|move|p1b: Gardevoir|Psychic|p2a: Valletta\n|-damage|p2a: Valletta|27/100\n|-enditem|p2a: Valletta|Sitrus Berry|[eat]\n|-heal|p2a: Valletta|51/100|[from] item: Sitrus Berry\n|move|p2a: Valletta|Tailwind|p2a: Valletta\n|-sidestart|p2: chaotic based|move: Tailwind\n|\n|-weather|RainDance|[upkeep]\n|upkeep\n|\n|t:|1776116405\n|switch|p2b: Blastoise|Blastoise, L50, M|100/100\n|turn|2\n|\n|t:|1776116416\n|detailschange|p2b: Blastoise|Blastoise-Mega, L50, M\n|-mega|p2b: Blastoise|Blastoise|Blastoisinite\n|move|p2b: Blastoise|Water Spout|p1a: Gengar|[spread] p1a,p1b\n|-damage|p1a: Gengar|0 fnt\n|-damage|p1b: Gardevoir|0 fnt\n|faint|p1a: Gengar\n|faint|p1b: Gardevoir\n|move|p2a: Valletta|Hurricane|p1: Gengar|[notarget]\n|-fail|p2a: Valletta\n|\n|-weather|RainDance|[upkeep]\n|upkeep\n|\n|t:|1776116422\n|switch|p1a: Charizard|Charizard, L50, F, shiny|100/100\n|switch|p1b: Sneasler|Sneasler, L50, M|100/100\n|turn|3\n|\n|t:|1776116439\n|switch|p2a: Debuffer|Incineroar, L50, M, shiny|100/100\n|-ability|p2a: Debuffer|Intimidate|boost\n|-unboost|p1a: Charizard|atk|1\n|-unboost|p1b: Sneasler|atk|1\n|-enditem|p1b: Sneasler|White Herb\n|-clearnegativeboost|p1b: Sneasler|[silent]\n|detailschange|p1a: Charizard|Charizard-Mega-Y, L50, F, shiny\n|-mega|p1a: Charizard|Charizard|Charizardite Y\n|-weather|SunnyDay|[from] ability: Drought|[of] p1a: Charizard\n|move|p1b: Sneasler|Fake Out|p2b: Blastoise\n|-damage|p2b: Blastoise|84/100\n|cant|p2b: Blastoise|flinch\n|move|p1a: Charizard|Heat Wave|p2a: Debuffer|[spread] p2a,p2b\n|-resisted|p2a: Debuffer|1\n|-resisted|p2b: Blastoise|1\n|-damage|p2a: Debuffer|77/100\n|-damage|p2b: Blastoise|45/100\n|\n|-weather|SunnyDay|[upkeep]\n|upkeep\n|turn|4\n|inactive|chaotic based has 30 seconds left.\n|\n|t:|1776116465\n|switch|p2b: Valletta|Pelipper, L50, F|51/100\n|-weather|RainDance|[from] ability: Drizzle|[of] p2b: Valletta\n|move|p1a: Charizard|Protect|p1a: Charizard\n|-singleturn|p1a: Charizard|Protect\n|move|p2a: Debuffer|Fake Out|p1a: Charizard\n|-activate|p1a: Charizard|move: Protect\n|move|p1b: Sneasler|Dire Claw|p2b: Valletta\n|-crit|p2b: Valletta\n|-damage|p2b: Valletta|0 fnt\n|faint|p2b: Valletta\n|\n|-weather|RainDance|[upkeep]\n|-sideend|p2: chaotic based|move: Tailwind\n|upkeep\n|\n|t:|1776116473\n|switch|p2b: Blastoise|Blastoise-Mega, L50, M|45/100\n|turn|5\n|\n|t:|1776116487\n|move|p1b: Sneasler|Dire Claw|p2a: Debuffer\n|-damage|p2a: Debuffer|34/100\n|move|p2b: Blastoise|Surf|p1b: Sneasler|[spread] p2a,p1a,p1b\n|-supereffective|p2a: Debuffer|1\n|-supereffective|p1a: Charizard|1\n|-damage|p2a: Debuffer|0 fnt\n|-damage|p1a: Charizard|0 fnt\n|-damage|p1b: Sneasler|20/100\n|faint|p2a: Debuffer\n|faint|p1a: Charizard\n|\n|-weather|RainDance|[upkeep]\n|upkeep\n|turn|6\n|\n|t:|1776116498\n|move|p1b: Sneasler|Close Combat|p2b: Blastoise\n|-damage|p2b: Blastoise|0 fnt\n|-unboost|p1b: Sneasler|def|1\n|-unboost|p1b: Sneasler|spd|1\n|faint|p2b: Blastoise\n|\n|win|penledzuu\n|raw|penledzuu's rating: 1145 &rarr; <strong>1175</strong><br />(+30 for winning)\n|raw|chaotic based's rating: 1221 &rarr; <strong>1191</strong><br />(-30 for losing)\n|l|\u2606chaotic based\n|player|p2|\n",
  "uploadtime": 1776116504,
  "views": 18,
  "formatid": "gen9championsvgc2026regma",
  "rating": 1175,
  "private": 0,
  "password": null
}