{
  "id": "gen9championsvgc2026regma-2583051907",
  "format": "[Gen 9 Champions] VGC 2026 Reg M-A",
  "players": [
    "riley996",
    "blackskull345"
  ],
  "log": "|j|\u2606riley996\n|j|\u2606blackskull345\n|t:|1776136878\n|gametype|doubles\n|player|p1|riley996|102|1109\n|player|p2|blackskull345|101|1059\n|gen|9\n|tier|[Gen 9 Champions] VGC 2026 Reg M-A\n|rated|\n|rule|Species Clause: Limit one of each Pok\u00e9mon\n|rule|Item Clause: Limit 1 of each item\n|clearpoke\n|poke|p1|Pelipper, L50, F|\n|poke|p1|Archaludon, L50, M|\n|poke|p1|Meganium, L50, M|\n|poke|p1|Basculegion, L50, M|\n|poke|p1|Sneasler, L50, M|\n|poke|p1|Dragonite, L50, F|\n|poke|p2|Delphox, L50, M|\n|poke|p2|Sneasler, L50, F|\n|poke|p2|Garchomp, L50, F|\n|poke|p2|Maushold, L50|\n|poke|p2|Primarina, L50, M|\n|poke|p2|Aerodactyl, L50, F|\n|teampreview|4\n|\n|t:|1776136898\n|teamsize|p1|4\n|teamsize|p2|4\n|start\n|switch|p1a: Pelipper|Pelipper, L50, F|100/100\n|switch|p1b: Meganium|Meganium, L50, M|100/100\n|switch|p2a: Garchomp|Garchomp, L50, F|100/100\n|switch|p2b: Aerodactyl|Aerodactyl, L50, F|100/100\n|-ability|p2b: Aerodactyl|Unnerve\n|-weather|RainDance|[from] ability: Drizzle|[of] p1a: Pelipper\n|turn|1\n|\n|t:|1776136927\n|switch|p2a: Sneasler|Sneasler, L50, F|100/100\n|detailschange|p1b: Meganium|Meganium-Mega, L50, M\n|-mega|p1b: Meganium|Meganium|Meganiumite\n|move|p1b: Meganium|Protect|p1b: Meganium\n|-singleturn|p1b: Meganium|Protect\n|move|p1a: Pelipper|Protect|p1a: Pelipper\n|-singleturn|p1a: Pelipper|Protect\n|move|p2b: Aerodactyl|Tailwind|p2b: Aerodactyl\n|-sidestart|p2: blackskull345|move: Tailwind\n|\n|-weather|RainDance|[upkeep]\n|upkeep\n|turn|2\n|inactive|Battle timer is ON: inactive players will automatically lose when time's up. (requested by blackskull345)\n|inactive|riley996 has 60 seconds left.\n|\n|t:|1776136961\n|move|p2a: Sneasler|Fake Out|p1a: Pelipper\n|-damage|p1a: Pelipper|86/100\n|cant|p1a: Pelipper|flinch\n|move|p2b: Aerodactyl|Rock Slide|p1a: Pelipper|[spread] p1a,p1b\n|-supereffective|p1a: Pelipper|1\n|-damage|p1a: Pelipper|24/100\n|-damage|p1b: Meganium|69/100\n|cant|p1b: Meganium|flinch\n|\n|-weather|RainDance|[upkeep]\n|upkeep\n|turn|3\n|\n|t:|1776136975\n|switch|p1b: Archaludon|Archaludon, L50, M|100/100\n|switch|p1a: Basculegion|Basculegion, L50, M|100/100\n|move|p2a: Sneasler|Dire Claw|p1b: Archaludon\n|-immune|p1b: Archaludon\n|move|p2b: Aerodactyl|Rock Slide|p1a: Basculegion|[spread] p1a,p1b\n|-resisted|p1b: Archaludon|1\n|-damage|p1a: Basculegion|56/100\n|-damage|p1b: Archaludon|88/100\n|-ability|p1b: Archaludon|Stamina|boost\n|-boost|p1b: Archaludon|def|1\n|\n|-weather|RainDance|[upkeep]\n|upkeep\n|turn|4\n|\n|t:|1776136999\n|move|p2a: Sneasler|Close Combat|p1b: Archaludon\n|-supereffective|p1b: Archaludon|1\n|-damage|p1b: Archaludon|20/100\n|-unboost|p2a: Sneasler|def|1\n|-unboost|p2a: Sneasler|spd|1\n|-ability|p1b: Archaludon|Stamina|boost\n|-boost|p1b: Archaludon|def|1\n|move|p2b: Aerodactyl|Rock Slide|p1b: Archaludon|[spread] p1a,p1b\n|-resisted|p1b: Archaludon|1\n|-damage|p1a: Basculegion|12/100\n|-damage|p1b: Archaludon|14/100\n|-ability|p1b: Archaludon|Stamina|boost\n|-boost|p1b: Archaludon|def|1\n|cant|p1a: Basculegion|flinch\n|cant|p1b: Archaludon|flinch\n|\n|-weather|RainDance|[upkeep]\n|-sideend|p2: blackskull345|move: Tailwind\n|upkeep\n|turn|5\n|c|\u2606riley996|no way\n|c|\u2606blackskull345|I KNOW\n|c|\u2606blackskull345|CRINGE\n|c|\u2606riley996|thats crazy gg\n|inactive|riley996 has 30 seconds left.\n|inactive|blackskull345 has 30 seconds left.\n|-message|riley996 forfeited.\n|\n|win|blackskull345\n|raw|riley996's rating: 1109 &rarr; <strong>1080</strong><br />(-29 for losing)\n|raw|blackskull345's rating: 1059 &rarr; <strong>1095</strong><br />(+36 for winning)\n|l|\u2606riley996\n|player|p1|\n",
  "uploadtime": 1776137037,
  "views": 13,
  "formatid": "gen9championsvgc2026regma",
  "rating": 1080,
  "private": 0,
  "password": null
}