{
  "id": "gen9championsvgc2026regma-2586287858",
  "format": "[Gen 9 Champions] VGC 2026 Reg M-A",
  "players": [
    "GavriellKing",
    "ShashKetchum"
  ],
  "log": "|j|\u2606GavriellKing\n|j|\u2606ShashKetchum\n|t:|1776421566\n|gametype|doubles\n|player|p1|GavriellKing|hilbert|1142\n|player|p2|ShashKetchum|rocketgrunt|1227\n|gen|9\n|tier|[Gen 9 Champions] VGC 2026 Reg M-A\n|rated|\n|rule|Species Clause: Limit one of each Pok\u00e9mon\n|rule|Item Clause: Limit 1 of each item\n|clearpoke\n|poke|p1|Pelipper, L50, M|\n|poke|p1|Archaludon, L50, M|\n|poke|p1|Basculegion, L50, M|\n|poke|p1|Dragonite, L50, F|\n|poke|p1|Incineroar, L50, M|\n|poke|p1|Sinistcha, L50|\n|poke|p2|Charizard, L50, F|\n|poke|p2|Aegislash, L50, M|\n|poke|p2|Sneasler, L50, M|\n|poke|p2|Milotic, L50, M|\n|poke|p2|Aerodactyl, L50, F|\n|poke|p2|Sylveon, L50, F|\n|teampreview|4\n|\n|t:|1776421613\n|teamsize|p1|4\n|teamsize|p2|4\n|start\n|switch|p1a: Basculegion|Basculegion, L50, M|100/100\n|switch|p1b: Archaludon|Archaludon, L50, M|100/100\n|switch|p2a: Sneasler|Sneasler, L50, M|100/100\n|switch|p2b: Aerodactyl|Aerodactyl, L50, F|100/100\n|-ability|p2b: Aerodactyl|Unnerve\n|turn|1\n|\n|t:|1776421650\n|switch|p1b: Pelipper|Pelipper, L50, M|100/100\n|-weather|RainDance|[from] ability: Drizzle|[of] p1b: Pelipper\n|move|p1a: Basculegion|Wave Crash|p2b: Aerodactyl\n|-supereffective|p2b: Aerodactyl|1\n|-enditem|p2b: Aerodactyl|Focus Sash\n|-damage|p2b: Aerodactyl|1/100\n|-damage|p1a: Basculegion|75/100|[from] Recoil\n|move|p2b: Aerodactyl|Rock Slide|p1b: Pelipper|[spread] p1a,p1b\n|-supereffective|p1b: Pelipper|1\n|-damage|p1a: Basculegion|40/100\n|-damage|p1b: Pelipper|38/100\n|move|p2a: Sneasler|Close Combat|p1b: Pelipper\n|-resisted|p1b: Pelipper|1\n|-damage|p1b: Pelipper|0 fnt\n|-unboost|p2a: Sneasler|def|1\n|-unboost|p2a: Sneasler|spd|1\n|faint|p1b: Pelipper\n|-enditem|p2a: Sneasler|White Herb\n|-clearnegativeboost|p2a: Sneasler|[silent]\n|\n|-weather|RainDance|[upkeep]\n|upkeep\n|\n|t:|1776421674\n|switch|p1b: Dragonite|Dragonite, L50, F|100/100\n|turn|2\n|\n|t:|1776421709\n|switch|p2b: Sylveon|Sylveon, L50, F|100/100\n|detailschange|p1b: Dragonite|Dragonite-Mega, L50, F\n|-mega|p1b: Dragonite|Dragonite|Dragoninite\n|move|p2a: Sneasler|Protect|p2a: Sneasler\n|-singleturn|p2a: Sneasler|Protect\n|move|p1a: Basculegion|Wave Crash|p2b: Sylveon\n|-damage|p2b: Sylveon|3/100\n|-damage|p1a: Basculegion|7/100|[from] Recoil\n|move|p1b: Dragonite|Hurricane|p2a: Sneasler\n|-activate|p2a: Sneasler|move: Protect\n|\n|-weather|RainDance|[upkeep]\n|upkeep\n|turn|3\n|\n|t:|1776421743\n|switch|p1a: Archaludon|Archaludon, L50, M|100/100\n|move|p2b: Sylveon|Quick Attack|p1a: Archaludon\n|-damage|p1a: Archaludon|90/100\n|-ability|p1a: Archaludon|Stamina|boost\n|-boost|p1a: Archaludon|def|1\n|move|p2a: Sneasler|Dire Claw|p1b: Dragonite\n|-damage|p1b: Dragonite|81/100\n|move|p1b: Dragonite|Hurricane|p2a: Sneasler\n|-supereffective|p2a: Sneasler|1\n|-crit|p2a: Sneasler\n|-damage|p2a: Sneasler|0 fnt\n|faint|p2a: Sneasler\n|\n|-weather|RainDance|[upkeep]\n|upkeep\n|\n|t:|1776421757\n|switch|p2a: Aerodactyl|Aerodactyl, L50, F|1/100\n|-ability|p2a: Aerodactyl|Unnerve\n|turn|4\n|\n|t:|1776421813\n|move|p2a: Aerodactyl|Tailwind|p2a: Aerodactyl\n|-sidestart|p2: ShashKetchum|move: Tailwind\n|move|p2b: Sylveon|Hyper Beam|p1b: Dragonite|[miss]\n|-miss|p2b: Sylveon|p1b: Dragonite\n|move|p1a: Archaludon|Flash Cannon|p2b: Sylveon\n|-supereffective|p2b: Sylveon|1\n|-damage|p2b: Sylveon|0 fnt\n|faint|p2b: Sylveon\n|move|p1b: Dragonite|Hurricane|p2a: Aerodactyl\n|-resisted|p2a: Aerodactyl|1\n|-damage|p2a: Aerodactyl|0 fnt\n|faint|p2a: Aerodactyl\n|\n|-weather|RainDance|[upkeep]\n|upkeep\n|\n|t:|1776421829\n|switch|p2b: Charizard|Charizard, L50, F|100/100\n|turn|5\n|\n|t:|1776421839\n|detailschange|p2b: Charizard|Charizard-Mega-X, L50, F\n|-mega|p2b: Charizard|Charizard|Charizardite X\n|move|p2b: Charizard|Dragon Claw|p1b: Dragonite\n|-supereffective|p1b: Dragonite|1\n|-damage|p1b: Dragonite|1/100\n|move|p1a: Archaludon|Electro Shot||[still]\n|-prepare|p1a: Archaludon|Electro Shot\n|-boost|p1a: Archaludon|spa|1\n|-anim|p1a: Archaludon|Electro Shot|p2b: Charizard\n|-resisted|p2b: Charizard|1\n|-damage|p2b: Charizard|65/100\n|move|p1b: Dragonite|Draco Meteor|p2b: Charizard\n|-supereffective|p2b: Charizard|1\n|-damage|p2b: Charizard|0 fnt\n|-unboost|p1b: Dragonite|spa|2\n|faint|p2b: Charizard\n|\n|win|GavriellKing\n|raw|GavriellKing's rating: 1142 &rarr; <strong>1173</strong><br />(+31 for winning)\n|raw|ShashKetchum's rating: 1227 &rarr; <strong>1196</strong><br />(-31 for losing)\n|c|\u2606ShashKetchum|ggs\n|l|\u2606GavriellKing\n|player|p1|\n",
  "uploadtime": 1776421899,
  "views": 29,
  "formatid": "gen9championsvgc2026regma",
  "rating": 1173,
  "private": 0,
  "password": null
}