{
  "id": "gen9championsvgc2026regma-2581463544",
  "format": "[Gen 9 Champions] VGC 2026 Reg M-A",
  "players": [
    "i_hatr_peanuts",
    "darksol1111"
  ],
  "log": "|j|\u2606i_hatr_peanuts\n|j|\u2606darksol1111\n|t:|1776002873\n|gametype|doubles\n|player|p1|i_hatr_peanuts|265|1126\n|player|p2|darksol1111|veteran|1054\n|gen|9\n|tier|[Gen 9 Champions] VGC 2026 Reg M-A\n|rated|\n|rule|Species Clause: Limit one of each Pok\u00e9mon\n|rule|Item Clause: Limit 1 of each item\n|clearpoke\n|poke|p1|Tyranitar, L50, M|\n|poke|p1|Excadrill, L50, M|\n|poke|p1|Incineroar, L50, F|\n|poke|p1|Sinistcha, L50|\n|poke|p1|Scizor, L50, F|\n|poke|p1|Kingambit, L50, M|\n|poke|p2|Charizard, L50, M|\n|poke|p2|Venusaur, L50, M|\n|poke|p2|Rotom-Wash, L50|\n|poke|p2|Garchomp, L50, F|\n|poke|p2|Sneasler, L50, F|\n|poke|p2|Incineroar, L50, F|\n|teampreview|4\ndarksol1111 has agreed to open team sheets.\ni_hatr_peanuts has agreed to open team sheets.\n|showteam|p1|Tyranitar||Tyranitarite|SandStream|KnockOff,RockSlide,DragonDance,LowKick|||M|||50|]Excadrill||FocusSash|SandRush|HighHorsepower,IronHead,Protect,Earthquake|||M|||50|]Incineroar||ShucaBerry|Intimidate|PartingShot,Taunt,FlareBlitz,FakeOut|||F|||50|]Sinistcha||SitrusBerry|Hospitality|MatchaGotcha,LifeDew,RagePowder,TrickRoom||||||50|]Scizor||MetalCoat|Technician|Uturn,KnockOff,BulletPunch,Roost|||F|||50|]Kingambit||BlackGlasses|Defiant|KowtowCleave,SuckerPunch,IronHead,LowKick|||M|||50|\n|showteam|p2|Charizard||CharizarditeY|SolarPower|Protect,HeatWave,SolarBeam,WeatherBall|||M|||50|]Venusaur||FocusSash|Chlorophyll|Protect,LeafStorm,SleepPowder,SludgeBomb|||M|||50|]Rotom-Wash||Leftovers|Levitate|Protect,WillOWisp,Thunderbolt,HydroPump||||||50|]Garchomp||ChoiceScarf|RoughSkin|Earthquake,Bulldoze,DragonClaw,RockSlide|||F|||50|]Sneasler||WhiteHerb|Unburden|Protect,DireClaw,CloseCombat,RockTomb|||F|||50|]Incineroar||SitrusBerry|Intimidate|FakeOut,DarkestLariat,FlareBlitz,PartingShot|||F|||50|\n|inactive|Battle timer is ON: inactive players will automatically lose when time's up. (requested by i_hatr_peanuts)\n|\n|t:|1776002906\n|teamsize|p1|4\n|teamsize|p2|4\n|start\n|switch|p1a: Tyranitar|Tyranitar, L50, M|100/100\n|switch|p1b: Incineroar|Incineroar, L50, F|100/100\n|switch|p2a: Rotom|Rotom-Wash, L50|100/100\n|switch|p2b: Garchomp|Garchomp, L50, F|100/100\n|-weather|Sandstorm|[from] ability: Sand Stream|[of] p1a: Tyranitar\n|-ability|p1b: Incineroar|Intimidate|boost\n|-unboost|p2a: Rotom|atk|1\n|-unboost|p2b: Garchomp|atk|1\n|turn|1\n|\n|t:|1776002926\n|detailschange|p1a: Tyranitar|Tyranitar-Mega, L50, M\n|-mega|p1a: Tyranitar|Tyranitar|Tyranitarite\n|move|p1b: Incineroar|Fake Out|p2b: Garchomp\n|-damage|p2b: Garchomp|90/100\n|-damage|p1b: Incineroar|88/100|[from] ability: Rough Skin|[of] p2b: Garchomp\n|cant|p2b: Garchomp|flinch\n|move|p2a: Rotom|Will-O-Wisp|p1a: Tyranitar|[miss]\n|-miss|p2a: Rotom|p1a: Tyranitar\n|move|p1a: Tyranitar|Dragon Dance|p1a: Tyranitar\n|-boost|p1a: Tyranitar|atk|1\n|-boost|p1a: Tyranitar|spe|1\n|\n|-weather|Sandstorm|[upkeep]\n|-damage|p2a: Rotom|95/100|[from] Sandstorm\n|-damage|p1b: Incineroar|82/100|[from] Sandstorm\n|-heal|p2a: Rotom|100/100|[from] item: Leftovers\n|upkeep\n|turn|2\n|inactive|i_hatr_peanuts has 30 seconds left.\n|inactive|i_hatr_peanuts has 20 seconds left.\n|\n|t:|1776002963\n|move|p2b: Garchomp|Earthquake|p1b: Incineroar|[spread] p1a,p1b\n|-immune|p2a: Rotom|[from] ability: Levitate\n|-supereffective|p1a: Tyranitar|1\n|-supereffective|p1b: Incineroar|1\n|-enditem|p1b: Incineroar|Shuca Berry|[eat]\n|-enditem|p1b: Incineroar|Shuca Berry|[weaken]\n|-damage|p1a: Tyranitar|64/100\n|-damage|p1b: Incineroar|63/100\n|move|p1a: Tyranitar|Dragon Dance|p1a: Tyranitar\n|-boost|p1a: Tyranitar|atk|1\n|-boost|p1a: Tyranitar|spe|1\n|move|p2a: Rotom|Hydro Pump|p1b: Incineroar\n|-supereffective|p1b: Incineroar|1\n|-damage|p1b: Incineroar|0 fnt\n|faint|p1b: Incineroar\n|\n|-weather|Sandstorm|[upkeep]\n|-damage|p2a: Rotom|95/100|[from] Sandstorm\n|-heal|p2a: Rotom|100/100|[from] item: Leftovers\n|upkeep\n|\n|t:|1776002975\n|switch|p1b: Excadrill|Excadrill, L50, M|100/100\n|turn|3\n|\n|t:|1776002989\n|move|p1b: Excadrill|High Horsepower|p2b: Garchomp\n|-crit|p2b: Garchomp\n|-damage|p2b: Garchomp|17/100\n|-damage|p1b: Excadrill|88/100|[from] ability: Rough Skin|[of] p2b: Garchomp\n|move|p2b: Garchomp|Earthquake|p1a: Tyranitar|[spread] p1a,p1b\n|-immune|p2a: Rotom|[from] ability: Levitate\n|-supereffective|p1a: Tyranitar|1\n|-supereffective|p1b: Excadrill|1\n|-damage|p1a: Tyranitar|25/100\n|-damage|p1b: Excadrill|11/100\n|move|p1a: Tyranitar|Rock Slide|p2a: Rotom|[spread] p2a,p2b\n|-resisted|p2b: Garchomp|1\n|-damage|p2a: Rotom|26/100\n|-damage|p2b: Garchomp|0 fnt\n|faint|p2b: Garchomp\n|move|p2a: Rotom|Will-O-Wisp|p1a: Tyranitar\n|-status|p1a: Tyranitar|brn\n|\n|-weather|Sandstorm|[upkeep]\n|-damage|p2a: Rotom|20/100|[from] Sandstorm\n|-heal|p2a: Rotom|26/100|[from] item: Leftovers\n|-damage|p1a: Tyranitar|20/100 brn|[from] brn\n|upkeep\n|\n|t:|1776003008\n|switch|p2b: Charizard|Charizard, L50, M|100/100\n|turn|4\n|\n|t:|1776003022\n|switch|p1a: Scizor|Scizor, L50, F|100/100\n|detailschange|p2b: Charizard|Charizard-Mega-Y, L50, M\n|-mega|p2b: Charizard|Charizard|Charizardite Y\n|-weather|SunnyDay|[from] ability: Drought|[of] p2b: Charizard\n|move|p1b: Excadrill|Protect|p1b: Excadrill\n|-singleturn|p1b: Excadrill|Protect\n|move|p2b: Charizard|Heat Wave|p1b: Excadrill|[spread] p1a\n|-activate|p1b: Excadrill|move: Protect\n|-supereffective|p1a: Scizor|2\n|-damage|p1a: Scizor|0 fnt\n|faint|p1a: Scizor\n|move|p2a: Rotom|Thunderbolt|p1b: Excadrill\n|-activate|p1b: Excadrill|move: Protect\n|\n|-weather|SunnyDay|[upkeep]\n|-heal|p2a: Rotom|32/100|[from] item: Leftovers\n|upkeep\n|\n|t:|1776003024\n|switch|p1a: Tyranitar|Tyranitar-Mega, L50, M|20/100 brn\n|-weather|Sandstorm|[from] ability: Sand Stream|[of] p1a: Tyranitar\n|turn|5\n|\n|t:|1776003045\n|move|p1b: Excadrill|Iron Head|p2a: Rotom\n|-resisted|p2a: Rotom|2\n|-damage|p2a: Rotom|21/100\n|move|p2b: Charizard|Heat Wave|p1a: Tyranitar|[spread] p1a,p1b\n|-resisted|p1a: Tyranitar|1\n|-supereffective|p1b: Excadrill|1\n|-damage|p1a: Tyranitar|10/100 brn\n|-damage|p1b: Excadrill|0 fnt\n|faint|p1b: Excadrill\n|move|p2a: Rotom|Hydro Pump|p1a: Tyranitar\n|-supereffective|p1a: Tyranitar|1\n|-damage|p1a: Tyranitar|0 fnt\n|faint|p1a: Tyranitar\n|\n|win|darksol1111\n|raw|i_hatr_peanuts's rating: 1126 &rarr; <strong>1096</strong><br />(-30 for losing)\n|raw|darksol1111's rating: 1054 &rarr; <strong>1092</strong><br />(+38 for winning)\n|l|\u2606i_hatr_peanuts\n|player|p1|\n|c|\u2606darksol1111|gg\n",
  "uploadtime": 1776004122,
  "views": 17,
  "formatid": "gen9championsvgc2026regma",
  "rating": 1092,
  "private": 0,
  "password": null
}