{
  "id": "gen9championsvgc2026regma-2584307919",
  "format": "[Gen 9 Champions] VGC 2026 Reg M-A",
  "players": [
    "waez97",
    "yadazei"
  ],
  "log": "|j|\u2606waez97\n|j|\u2606yadazei\n|t:|1776249604\n|gametype|doubles\n|player|p1|waez97|102|1192\n|player|p2|yadazei|twins|1149\n|gen|9\n|tier|[Gen 9 Champions] VGC 2026 Reg M-A\n|rated|\n|rule|Species Clause: Limit one of each Pok\u00e9mon\n|rule|Item Clause: Limit 1 of each item\n|clearpoke\n|poke|p1|Jolteon, L50, F|\n|poke|p1|Beedrill, L50, M|\n|poke|p1|Basculegion-F, L50, F|\n|poke|p1|Meganium, L50, F|\n|poke|p1|Lucario, L50, M|\n|poke|p1|Aerodactyl, L50, M|\n|poke|p2|Greninja-*, L50, M|\n|poke|p2|Pelipper, L50, M|\n|poke|p2|Aerodactyl, L50, F|\n|poke|p2|Archaludon, L50, M|\n|poke|p2|Aegislash, L50, F|\n|poke|p2|Sneasler, L50, M|\n|teampreview|4\n|inactive|Battle timer is ON: inactive players will automatically lose when time's up. (requested by yadazei)\n|c|\u2606yadazei|\u53c8\u662f\u4f60\n|inactive|yadazei has 60 seconds left.\n|\n|t:|1776249635\n|teamsize|p1|4\n|teamsize|p2|4\n|start\n|switch|p1a: Jolteon|Jolteon, L50, F|100/100\n|switch|p1b: Lucario|Lucario, L50, M|100/100\n|switch|p2a: Greninja|Greninja, L50, M|100/100\n|switch|p2b: Sneasler|Sneasler, L50, M|100/100\n|turn|1\n|\n|t:|1776249646\n|move|p1a: Jolteon|Protect|p1a: Jolteon\n|-singleturn|p1a: Jolteon|Protect\n|move|p2a: Greninja|Protect|p2a: Greninja\n|-start|p2a: Greninja|typechange|Normal|[from] ability: Protean\n|-singleturn|p2a: Greninja|Protect\n|move|p2b: Sneasler|Protect|p2b: Sneasler\n|-singleturn|p2b: Sneasler|Protect\n|move|p1b: Lucario|Protect||[still]\n|-fail|p1b: Lucario\n|\n|upkeep\n|turn|2\n|inactive|yadazei has 30 seconds left.\n|\n|t:|1776249674\n|detailschange|p2a: Greninja|Greninja-Mega, L50, M\n|-mega|p2a: Greninja|Greninja|Greninjite\n|move|p1b: Lucario|Protect|p1b: Lucario\n|-singleturn|p1b: Lucario|Protect\n|move|p2a: Greninja|Hydro Pump|p1a: Jolteon|[miss]\n|-start|p2a: Greninja|typechange|Water|[from] ability: Protean\n|-miss|p2a: Greninja|p1a: Jolteon\n|move|p1a: Jolteon|Thunder Wave|p2b: Sneasler\n|-status|p2b: Sneasler|par\n|move|p2b: Sneasler|Close Combat|p1b: Lucario\n|-activate|p1b: Lucario|move: Protect\n|\n|upkeep\n|turn|3\n|inactive|waez97 has 30 seconds left.\n|\n|t:|1776249701\n|switch|p1b: Basculegion|Basculegion-F, L50, F|100/100\n|move|p2a: Greninja|Protect|p2a: Greninja\n|-singleturn|p2a: Greninja|Protect\n|move|p1a: Jolteon|Thunder Wave|p2a: Greninja\n|-activate|p2a: Greninja|move: Protect\n|move|p2b: Sneasler|Close Combat|p1a: Jolteon\n|-enditem|p1a: Jolteon|Focus Sash\n|-damage|p1a: Jolteon|1/100\n|-unboost|p2b: Sneasler|def|1\n|-unboost|p2b: Sneasler|spd|1\n|-enditem|p2b: Sneasler|White Herb\n|-clearnegativeboost|p2b: Sneasler|[silent]\n|\n|upkeep\n|turn|4\n|\n|t:|1776249719\n|switch|p2a: Archaludon|Archaludon, L50, M|100/100\n|move|p1a: Jolteon|Protect|p1a: Jolteon\n|-singleturn|p1a: Jolteon|Protect\n|move|p2b: Sneasler|Dire Claw|p1a: Jolteon\n|-activate|p1a: Jolteon|move: Protect\n|move|p1b: Basculegion|Muddy Water|p2a: Archaludon|[spread] p2a\n|-miss|p1b: Basculegion|p2b: Sneasler\n|-resisted|p2a: Archaludon|1\n|-damage|p2a: Archaludon|70/100\n|-ability|p2a: Archaludon|Stamina|boost\n|-boost|p2a: Archaludon|def|1\n|\n|-heal|p2a: Archaludon|76/100|[from] item: Leftovers\n|upkeep\n|turn|5\n|inactive|waez97 has 30 seconds left.\n|inactive|waez97 has 20 seconds left.\n|inactive|waez97 has 15 seconds left.\n|inactive|waez97 has 10 seconds left.\n|\n|t:|1776249767\n|switch|p2b: Pelipper|Pelipper, L50, M|100/100\n|-weather|RainDance|[from] ability: Drizzle|[of] p2b: Pelipper\n|move|p1b: Basculegion|Protect|p1b: Basculegion\n|-singleturn|p1b: Basculegion|Protect\n|move|p1a: Jolteon|Volt Switch|p2b: Pelipper\n|-supereffective|p2b: Pelipper|2\n|-enditem|p2b: Pelipper|Focus Sash\n|-damage|p2b: Pelipper|1/100\n|\n|t:|1776249777\n|switch|p1a: Meganium|Meganium, L50, F|100/100|[from] Volt Switch\n|move|p2a: Archaludon|Electro Shot||[still]\n|-prepare|p2a: Archaludon|Electro Shot\n|-boost|p2a: Archaludon|spa|1\n|-anim|p2a: Archaludon|Electro Shot|p1b: Basculegion\n|-activate|p1b: Basculegion|move: Protect\n|\n|-weather|RainDance|[upkeep]\n|-heal|p2a: Archaludon|82/100|[from] item: Leftovers\n|upkeep\n|turn|6\n|\n|t:|1776249798\n|switch|p1b: Jolteon|Jolteon, L50, F|1/100\n|detailschange|p1a: Meganium|Meganium-Mega, L50, F\n|-mega|p1a: Meganium|Meganium|Meganiumite\n|move|p2a: Archaludon|Electro Shot||[still]\n|-prepare|p2a: Archaludon|Electro Shot\n|-boost|p2a: Archaludon|spa|1\n|-anim|p2a: Archaludon|Electro Shot|p1b: Jolteon\n|-heal|p1b: Jolteon|26/100|[from] ability: Volt Absorb|[of] p2a: Archaludon\n|move|p2b: Pelipper|Hurricane|p1a: Meganium\n|-supereffective|p1a: Meganium|1\n|-damage|p1a: Meganium|23/100\n|-start|p1a: Meganium|confusion\n|-activate|p1a: Meganium|confusion\n|-damage|p1a: Meganium|16/100|[from] confusion\n|\n|-weather|RainDance|[upkeep]\n|-heal|p2a: Archaludon|88/100|[from] item: Leftovers\n|upkeep\n|turn|7\n|inactive|waez97 has 30 seconds left.\n|inactive|waez97 has 20 seconds left.\n|\n|t:|1776249833\n|move|p1b: Jolteon|Volt Switch|p2b: Pelipper\n|-supereffective|p2b: Pelipper|2\n|-crit|p2b: Pelipper\n|-damage|p2b: Pelipper|0 fnt\n|faint|p2b: Pelipper\n|\n|t:|1776249840\n|switch|p1b: Basculegion|Basculegion-F, L50, F|100/100|[from] Volt Switch\n|move|p2a: Archaludon|Flash Cannon|p1b: Basculegion\n|-resisted|p1b: Basculegion|1\n|-damage|p1b: Basculegion|62/100\n|-activate|p1a: Meganium|confusion\n|-damage|p1a: Meganium|10/100|[from] confusion\n|\n|-weather|RainDance|[upkeep]\n|-heal|p2a: Archaludon|94/100|[from] item: Leftovers\n|upkeep\n|\n|t:|1776249847\n|switch|p2b: Greninja|Greninja-Mega, L50, M|100/100\n|turn|8\n|\n|t:|1776249868\n|-activate|p1a: Meganium|confusion\n|move|p1a: Meganium|Protect|p1a: Meganium\n|-singleturn|p1a: Meganium|Protect\n|move|p1b: Basculegion|Protect|p1b: Basculegion\n|-singleturn|p1b: Basculegion|Protect\n|move|p2b: Greninja|Ice Beam|p1a: Meganium\n|-start|p2b: Greninja|typechange|Ice|[from] ability: Protean\n|-activate|p1a: Meganium|move: Protect\n|move|p2a: Archaludon|Electro Shot||[still]\n|-prepare|p2a: Archaludon|Electro Shot\n|-boost|p2a: Archaludon|spa|1\n|-anim|p2a: Archaludon|Electro Shot|p1b: Basculegion\n|-activate|p1b: Basculegion|move: Protect\n|\n|-weather|RainDance|[upkeep]\n|-heal|p2a: Archaludon|99/100|[from] item: Leftovers\n|upkeep\n|turn|9\n|\n|t:|1776249888\n|switch|p1a: Lucario|Lucario, L50, M|100/100\n|switch|p1b: Jolteon|Jolteon, L50, F|26/100\n|move|p2b: Greninja|Hydro Pump|p1b: Jolteon\n|-damage|p1b: Jolteon|0 fnt\n|faint|p1b: Jolteon\n|move|p2a: Archaludon|Flash Cannon|p1a: Lucario\n|-resisted|p1a: Lucario|1\n|-damage|p1a: Lucario|31/100\n|\n|-weather|none\n|-heal|p2a: Archaludon|100/100|[from] item: Leftovers\n|upkeep\n|\n|t:|1776249899\n|switch|p1b: Basculegion|Basculegion-F, L50, F|62/100\n|turn|10\n|\n|t:|1776249912\n|move|p2a: Archaludon|Protect|p2a: Archaludon\n|-singleturn|p2a: Archaludon|Protect\n|move|p1a: Lucario|Bullet Punch|p2b: Greninja\n|-supereffective|p2b: Greninja|1\n|-damage|p2b: Greninja|32/100\n|move|p2b: Greninja|Hydro Pump|p1a: Lucario\n|-damage|p1a: Lucario|0 fnt\n|faint|p1a: Lucario\n|move|p1b: Basculegion|Muddy Water|p2b: Greninja|[spread] p2b\n|-activate|p2a: Archaludon|move: Protect\n|-damage|p2b: Greninja|0 fnt\n|faint|p2b: Greninja\n|\n|upkeep\n|\n|t:|1776249924\n|switch|p2b: Sneasler|Sneasler, L50, M|100/100 par\n|switch|p1a: Meganium|Meganium-Mega, L50, F|10/100\n|turn|11\n|\n|t:|1776249935\n|move|p1a: Meganium|Protect|p1a: Meganium\n|-singleturn|p1a: Meganium|Protect\n|move|p2a: Archaludon|Dragon Pulse|p1b: Basculegion\n|-damage|p1b: Basculegion|0 fnt\n|faint|p1b: Basculegion\n|move|p2b: Sneasler|Dire Claw|p1a: Meganium\n|-activate|p1a: Meganium|move: Protect\n|\n|upkeep\n|turn|12\n|\n|t:|1776249945\n|move|p2a: Archaludon|Flash Cannon|p1a: Meganium\n|-supereffective|p1a: Meganium|1\n|-crit|p1a: Meganium\n|-damage|p1a: Meganium|0 fnt\n|faint|p1a: Meganium\n|\n|win|yadazei\n|raw|waez97's rating: 1192 &rarr; <strong>1164</strong><br />(-28 for losing)\n|raw|yadazei's rating: 1149 &rarr; <strong>1177</strong><br />(+28 for winning)\n|l|\u2606waez97\n|player|p1|\n",
  "uploadtime": 1776249947,
  "views": 18,
  "formatid": "gen9championsvgc2026regma",
  "rating": 1164,
  "private": 0,
  "password": null
}