{
  "id": "gen9championsvgc2026regma-2588363660",
  "format": "[Gen 9 Champions] VGC 2026 Reg M-A",
  "players": [
    "jayoticnl",
    "voltei hoje"
  ],
  "log": "|j|\u2606jayoticnl\n|j|\u2606voltei hoje\n|t:|1776627338\n|gametype|doubles\n|player|p1|jayoticnl|jacinthe|1299\n|player|p2|voltei hoje|iris|1335\n|gen|9\n|tier|[Gen 9 Champions] VGC 2026 Reg M-A\n|rated|\n|rule|Species Clause: Limit one of each Pok\u00e9mon\n|rule|Item Clause: Limit 1 of each item\n|clearpoke\n|poke|p1|Lopunny, L50, M|\n|poke|p1|Kingambit, L50, M|\n|poke|p1|Vanilluxe, L50, F|\n|poke|p1|Garchomp, L50, F|\n|poke|p1|Clefable, L50, M|\n|poke|p1|Rotom-Wash, L50|\n|poke|p2|Sableye, L50, M|\n|poke|p2|Basculegion, L50, M|\n|poke|p2|Venusaur, L50, F|\n|poke|p2|Milotic, L50, M|\n|poke|p2|Hydreigon, L50, M|\n|poke|p2|Incineroar, L50, F|\n|teampreview|4\n|\n|t:|1776627356\n|teamsize|p1|4\n|teamsize|p2|4\n|start\n|switch|p1a: Lopunny|Lopunny, L50, M|100/100\n|switch|p1b: Kingambit|Kingambit, L50, M|100/100\n|switch|p2a: Sableye|Sableye, L50, M|100/100\n|switch|p2b: Milotic|Milotic, L50, M|100/100\n|turn|1\n|inactive|Battle timer is ON: inactive players will automatically lose when time's up. (requested by voltei hoje)\n|\n|t:|1776627376\n|detailschange|p1a: Lopunny|Lopunny-Mega, L50, M\n|-mega|p1a: Lopunny|Lopunny|Lopunnite\n|move|p2a: Sableye|Protect|p2a: Sableye\n|-singleturn|p2a: Sableye|Protect\n|move|p1a: Lopunny|Fake Out|p2a: Sableye\n|-activate|p2a: Sableye|move: Protect\n|move|p2b: Milotic|Coil|p2b: Milotic\n|-boost|p2b: Milotic|atk|1\n|-boost|p2b: Milotic|def|1\n|-boost|p2b: Milotic|accuracy|1\n|move|p1b: Kingambit|Swords Dance|p1b: Kingambit\n|-boost|p1b: Kingambit|atk|2\n|\n|upkeep\n|turn|2\n|\n|t:|1776627394\n|move|p2a: Sableye|Encore|p1a: Lopunny\n|-start|p1a: Lopunny|Encore\n|move|p1a: Lopunny|Fake Out||[still]\n|-hint|Fake Out only works on your first turn out.\n|-fail|p1a: Lopunny\n|move|p2b: Milotic|Hypnosis|p1b: Kingambit|[miss]\n|-miss|p2b: Milotic|p1b: Kingambit\n|move|p1b: Kingambit|Kowtow Cleave|p2b: Milotic\n|-damage|p2b: Milotic|34/100\n|\n|-heal|p2b: Milotic|40/100|[from] item: Leftovers\n|upkeep\n|turn|3\n|\n|t:|1776627410\n|switch|p1a: Vanilluxe|Vanilluxe, L50, F|100/100\n|-weather|Snowscape|[from] ability: Snow Warning|[of] p1a: Vanilluxe\n|switch|p2a: Venusaur|Venusaur, L50, F|100/100\n|move|p2b: Milotic|Hypnosis|p1b: Kingambit\n|-status|p1b: Kingambit|slp|[from] move: Hypnosis\n|cant|p1b: Kingambit|slp\n|\n|-weather|Snowscape|[upkeep]\n|-heal|p2b: Milotic|46/100|[from] item: Leftovers\n|upkeep\n|turn|4\n|\n|t:|1776627425\n|detailschange|p2a: Venusaur|Venusaur-Mega, L50, F\n|-mega|p2a: Venusaur|Venusaur|Venusaurite\n|move|p1a: Vanilluxe|Freeze-Dry|p2b: Milotic\n|-supereffective|p2b: Milotic|1\n|-damage|p2b: Milotic|12/100\n|move|p2b: Milotic|Hypnosis|p1a: Vanilluxe\n|-status|p1a: Vanilluxe|slp|[from] move: Hypnosis\n|move|p2a: Venusaur|Earth Power|p1b: Kingambit\n|-supereffective|p1b: Kingambit|1\n|-damage|p1b: Kingambit|38/100 slp\n|-curestatus|p1b: Kingambit|slp|[msg]\n|move|p1b: Kingambit|Kowtow Cleave|p2a: Venusaur\n|-damage|p2a: Venusaur|23/100\n|\n|-weather|Snowscape|[upkeep]\n|-heal|p2b: Milotic|18/100|[from] item: Leftovers\n|upkeep\n|turn|5\n|\n|t:|1776627442\n|move|p2a: Venusaur|Protect|p2a: Venusaur\n|-singleturn|p2a: Venusaur|Protect\n|move|p1b: Kingambit|Sucker Punch||[still]\n|-fail|p1b: Kingambit\n|cant|p1a: Vanilluxe|slp\n|move|p2b: Milotic|Hypnosis|p1b: Kingambit|[miss]\n|-miss|p2b: Milotic|p1b: Kingambit\n|\n|-weather|Snowscape|[upkeep]\n|-heal|p2b: Milotic|24/100|[from] item: Leftovers\n|upkeep\n|turn|6\n|\n|t:|1776627454\n|switch|p2a: Sableye|Sableye, L50, M|100/100\n|move|p1b: Kingambit|Sucker Punch||[still]\n|-fail|p1b: Kingambit\n|-curestatus|p1a: Vanilluxe|slp|[msg]\n|move|p1a: Vanilluxe|Freeze-Dry|p2b: Milotic\n|-supereffective|p2b: Milotic|1\n|-damage|p2b: Milotic|0 fnt\n|faint|p2b: Milotic\n|\n|-weather|Snowscape|[upkeep]\n|upkeep\n|\n|t:|1776627468\n|switch|p2b: Basculegion|Basculegion, L50, M|100/100\n|turn|7\n|\n|t:|1776627482\n|move|p1b: Kingambit|Protect|p1b: Kingambit\n|-singleturn|p1b: Kingambit|Protect\n|move|p2a: Sableye|Fake Out|p1b: Kingambit\n|-activate|p1b: Kingambit|move: Protect\n|move|p1a: Vanilluxe|Freeze-Dry|p2b: Basculegion\n|-supereffective|p2b: Basculegion|1\n|-damage|p2b: Basculegion|32/100\n|move|p2b: Basculegion|Flip Turn|p1b: Kingambit\n|-activate|p1b: Kingambit|move: Protect\n|\n|-weather|none\n|upkeep\n|turn|8\n|\n|t:|1776627498\n|move|p2a: Sableye|Disable|p1a: Vanilluxe\n|-start|p1a: Vanilluxe|Disable|Freeze-Dry\n|cant|p1a: Vanilluxe|Disable|Freeze-Dry\n|move|p2b: Basculegion|Flip Turn|p1b: Kingambit\n|-damage|p1b: Kingambit|10/100\n|\n|t:|1776627505\n|switch|p2b: Venusaur|Venusaur-Mega, L50, F|23/100|[from] Flip Turn\n|move|p1b: Kingambit|Kowtow Cleave|p2a: Sableye\n|-damage|p2a: Sableye|4/100\n|\n|upkeep\n|turn|9\n|\n|t:|1776627525\n|move|p2a: Sableye|Protect|p2a: Sableye\n|-singleturn|p2a: Sableye|Protect\n|move|p1b: Kingambit|Sucker Punch|p2b: Venusaur\n|-damage|p2b: Venusaur|0 fnt\n|faint|p2b: Venusaur\n|-activate|p1a: Vanilluxe|move: Struggle\n|move|p1a: Vanilluxe|Struggle|p2a: Sableye\n|-activate|p2a: Sableye|move: Protect\n|\n|upkeep\n|-message|voltei hoje forfeited.\n|\n|win|jayoticnl\n|raw|jayoticnl's rating: 1299 &rarr; <strong>1327</strong><br />(+28 for winning)\n|raw|voltei hoje's rating: 1335 &rarr; <strong>1313</strong><br />(-22 for losing)\n|l|\u2606voltei hoje\n|player|p2|\n",
  "uploadtime": 1776627561,
  "views": 13,
  "formatid": "gen9championsvgc2026regma",
  "rating": 1313,
  "private": 0,
  "password": null
}