{
  "id": "gen9championsvgc2026regma-2589455553",
  "format": "[Gen 9 Champions] VGC 2026 Reg M-A",
  "players": [
    "MimikyuBot",
    "ashenduck"
  ],
  "log": "|j|\u2606MimikyuBot\n|j|\u2606ashenduck\n|t:|1776724493\n|gametype|doubles\n|player|p1|MimikyuBot|266|1000\n|player|p2|ashenduck|hilbert-wonderlauncher|1082\n|gen|9\n|tier|[Gen 9 Champions] VGC 2026 Reg M-A\n|rated|\n|rule|Species Clause: Limit one of each Pok\u00e9mon\n|rule|Item Clause: Limit 1 of each item\n|clearpoke\n|poke|p1|Aegislash, L50, M, shiny|\n|poke|p1|Whimsicott, L50, F, shiny|\n|poke|p1|Gallade, L50, M, shiny|\n|poke|p1|Incineroar, L50, M, shiny|\n|poke|p1|Clefable, L50, F, shiny|\n|poke|p1|Milotic, L50, M, shiny|\n|poke|p2|Charizard, L50, M|\n|poke|p2|Rotom-Wash, L50|\n|poke|p2|Venusaur, L50, M|\n|poke|p2|Incineroar, L50, F|\n|poke|p2|Whimsicott, L50, M|\n|poke|p2|Garchomp, L50, F|\n|teampreview|4\nMimikyuBot has agreed to open team sheets.\nashenduck has agreed to open team sheets.\n|showteam|p1|Aegislash||SpellTag|StanceChange|IronHead,KingsShield,Poltergeist,ShadowSneak|||M|||50|]Whimsicott||FocusSash|Prankster|Tailwind,Moonblast,SunnyDay,Encore|||F|||50|]Gallade||Galladite|Sharpness|PsychoCut,SacredSword,TripleAxel,Protect|||M|||50|]Incineroar||Leftovers|Intimidate|FlareBlitz,PartingShot,Snarl,FakeOut|||M|||50|]Clefable||SitrusBerry|Unaware|FollowMe,Moonblast,Protect,HelpingHand|||F|||50|]Milotic||MysticWater|Competitive|Scald,IcyWind,IceBeam,Protect|||M|||50|\n|showteam|p2|Charizard||CharizarditeY|SolarPower|HeatWave,Overheat,SolarBeam,Protect|||M|||50|]Rotom-Wash||SitrusBerry|Levitate|VoltSwitch,WillOWisp,Thunderbolt,HydroPump||||||50|]Venusaur||Leftovers|Chlorophyll|GigaDrain,SleepPowder,Protect,Roar|||M|||50|]Incineroar||ChopleBerry|Intimidate|DarkestLariat,FakeOut,PartingShot,FlareBlitz|||F|||50|]Whimsicott||FocusSash|Prankster|Encore,Taunt,Moonblast,Tailwind|||M|||50|]Garchomp||WhiteHerb|RoughSkin|DragonClaw,Earthquake,RockSlide,Protect|||F|||50|\n|\n|t:|1776724560\n|teamsize|p1|4\n|teamsize|p2|4\n|start\n|switch|p1a: Whimsicott|Whimsicott, L50, F, shiny|100/100\n|switch|p1b: Gallade|Gallade, L50, M, shiny|100/100\n|switch|p2a: Charizard|Charizard, L50, M|100/100\n|switch|p2b: Venusaur|Venusaur, L50, M|100/100\n|turn|1\n|inactive|Battle timer is ON: inactive players will automatically lose when time's up. (requested by MimikyuBot)\n|\n|t:|1776724583\n|switch|p2b: Incineroar|Incineroar, L50, F|100/100\n|-ability|p2b: Incineroar|Intimidate|boost\n|-unboost|p1a: Whimsicott|atk|1\n|-unboost|p1b: Gallade|atk|1\n|detailschange|p1b: Gallade|Gallade-Mega, L50, M, shiny\n|-mega|p1b: Gallade|Gallade|Galladite\n|move|p2a: Charizard|Protect|p2a: Charizard\n|-singleturn|p2a: Charizard|Protect\n|move|p1a: Whimsicott|Moonblast|p2b: Incineroar\n|-damage|p2b: Incineroar|66/100\n|move|p1b: Gallade|Psycho Cut|p2b: Incineroar\n|-immune|p2b: Incineroar\n|\n|upkeep\n|turn|2\n|\n|t:|1776724608\n|detailschange|p2a: Charizard|Charizard-Mega-Y, L50, M\n|-mega|p2a: Charizard|Charizard|Charizardite Y\n|-weather|SunnyDay|[from] ability: Drought|[of] p2a: Charizard\n|move|p2b: Incineroar|Fake Out|p1b: Gallade\n|-damage|p1b: Gallade|85/100\n|move|p1a: Whimsicott|Moonblast|p2b: Incineroar\n|-damage|p2b: Incineroar|32/100\n|move|p2a: Charizard|Heat Wave|p1b: Gallade|[spread] p1a,p1b\n|-supereffective|p1a: Whimsicott|1\n|-enditem|p1a: Whimsicott|Focus Sash\n|-damage|p1a: Whimsicott|1/100\n|-damage|p1b: Gallade|17/100\n|move|p1b: Gallade|Sacred Sword|p2b: Incineroar\n|-supereffective|p2b: Incineroar|1\n|-enditem|p2b: Incineroar|Chople Berry|[eat]\n|-enditem|p2b: Incineroar|Chople Berry|[weaken]\n|-damage|p2b: Incineroar|0 fnt\n|faint|p2b: Incineroar\n|\n|-weather|SunnyDay|[upkeep]\n|upkeep\n|\n|t:|1776724627\n|switch|p2b: Venusaur|Venusaur, L50, M|100/100\n|turn|3\n|inactive|ashenduck has 30 seconds left.\n|inactive|ashenduck has 20 seconds left.\n|inactive|ashenduck has 15 seconds left.\n|inactive|ashenduck has 10 seconds left.\n|\n|t:|1776724673\n|move|p2a: Charizard|Protect|p2a: Charizard\n|-singleturn|p2a: Charizard|Protect\n|move|p2b: Venusaur|Giga Drain|p1b: Gallade\n|-damage|p1b: Gallade|0 fnt\n|faint|p1b: Gallade\n|move|p1a: Whimsicott|Moonblast|p2b: Venusaur\n|-resisted|p2b: Venusaur|1\n|-damage|p2b: Venusaur|81/100\n|-unboost|p2b: Venusaur|spa|1\n|\n|-weather|SunnyDay|[upkeep]\n|-heal|p2b: Venusaur|87/100|[from] item: Leftovers\n|upkeep\n|\n|t:|1776724673\n|switch|p1b: Aegislash|Aegislash, L50, M, shiny|100/100\n|turn|4\n|\n|t:|1776724688\n|move|p2b: Venusaur|Sleep Powder|p1b: Aegislash|[miss]\n|-miss|p2b: Venusaur|p1b: Aegislash\n|move|p1a: Whimsicott|Moonblast|p2b: Venusaur\n|-resisted|p2b: Venusaur|1\n|-damage|p2b: Venusaur|65/100\n|move|p2a: Charizard|Heat Wave|p1b: Aegislash|[spread] p1a,p1b\n|-supereffective|p1a: Whimsicott|1\n|-supereffective|p1b: Aegislash|1\n|-crit|p1b: Aegislash\n|-damage|p1a: Whimsicott|0 fnt\n|-damage|p1b: Aegislash|0 fnt\n|faint|p1a: Whimsicott\n|faint|p1b: Aegislash\n|\n|-weather|SunnyDay|[upkeep]\n|-heal|p2b: Venusaur|71/100|[from] item: Leftovers\n|upkeep\n|\n|t:|1776724689\n|switch|p1a: Incineroar|Incineroar, L50, M, shiny|100/100\n|-ability|p1a: Incineroar|Intimidate|boost\n|-unboost|p2a: Charizard|atk|1\n|-unboost|p2b: Venusaur|atk|1\n|turn|5\n|\n|t:|1776724708\n|move|p2b: Venusaur|Protect|p2b: Venusaur\n|-singleturn|p2b: Venusaur|Protect\n|move|p2a: Charizard|Protect|p2a: Charizard\n|-singleturn|p2a: Charizard|Protect\n|move|p1a: Incineroar|Flare Blitz|p2b: Venusaur\n|-activate|p2b: Venusaur|move: Protect\n|\n|-weather|SunnyDay|[upkeep]\n|-heal|p2b: Venusaur|77/100|[from] item: Leftovers\n|upkeep\n|turn|6\n|\n|t:|1776724725\n|move|p2b: Venusaur|Sleep Powder|p1a: Incineroar|[miss]\n|-miss|p2b: Venusaur|p1a: Incineroar\n|move|p2a: Charizard|Heat Wave|p1a: Incineroar\n|-resisted|p1a: Incineroar|1\n|-damage|p1a: Incineroar|68/100\n|move|p1a: Incineroar|Flare Blitz|p2b: Venusaur\n|-supereffective|p2b: Venusaur|1\n|-damage|p2b: Venusaur|0 fnt\n|faint|p2b: Venusaur\n|-damage|p1a: Incineroar|48/100|[from] Recoil\n|\n|-weather|none\n|-heal|p1a: Incineroar|54/100|[from] item: Leftovers\n|upkeep\n|\n|t:|1776724737\n|switch|p2b: Rotom|Rotom-Wash, L50|100/100\n|turn|7\n|\n|t:|1776724745\n|move|p2a: Charizard|Overheat|p1a: Incineroar\n|-resisted|p1a: Incineroar|1\n|-damage|p1a: Incineroar|27/100\n|-unboost|p2a: Charizard|spa|2\n|move|p2b: Rotom|Hydro Pump|p1a: Incineroar|[miss]\n|-miss|p2b: Rotom|p1a: Incineroar\n|move|p1a: Incineroar|Snarl|p2a: Charizard|[spread] p2a,p2b\n|-crit|p2b: Rotom\n|-damage|p2a: Charizard|90/100\n|-damage|p2b: Rotom|80/100\n|-unboost|p2a: Charizard|spa|1\n|-unboost|p2b: Rotom|spa|1\n|\n|-heal|p1a: Incineroar|33/100|[from] item: Leftovers\n|upkeep\n|turn|8\n|\n|t:|1776724761\n|move|p2a: Charizard|Heat Wave|p1a: Incineroar|[miss]\n|-miss|p2a: Charizard|p1a: Incineroar\n|move|p2b: Rotom|Hydro Pump|p1a: Incineroar\n|-supereffective|p1a: Incineroar|1\n|-damage|p1a: Incineroar|0 fnt\n|faint|p1a: Incineroar\n|\n|win|ashenduck\n",
  "uploadtime": 1776724562,
  "views": 4,
  "formatid": "gen9championsvgc2026regma",
  "rating": null,
  "private": 0,
  "password": null
}