{
  "id": "gen9championsvgc2026regma-2584577254",
  "format": "[Gen 9 Champions] VGC 2026 Reg M-A",
  "players": [
    "Zordor",
    "Tapferkeitsameise"
  ],
  "log": "|j|\u2606Zordor\n|j|\u2606Tapferkeitsameise\n|html|<table width=\"100%\"><tr><td align=\"left\">Zordor</td><td align=\"right\">Tapferkeitsameise</tr><tr><td align=\"left\"><i class=\"fa fa-circle\"></i> <i class=\"fa fa-circle-o\"></i> </td><td align=\"right\"><i class=\"fa fa-circle-o\"></i> <i class=\"fa fa-circle-o\"></i> </tr></table>\n|uhtml|bestof|<h2><strong>Game 2</strong> of <a href=\"/game-bestof3-gen9championsvgc2026regma-2584572660\">a best-of-3</a></h2>\n|t:|1776269880\n|gametype|doubles\n|player|p1|Zordor|pilot|\n|player|p2|Tapferkeitsameise|serena-masters3|\n|gen|9\n|tier|[Gen 9 Champions] VGC 2026 Reg M-A\n|rated|Tournament battle\n|rule|Species Clause: Limit one of each Pok\u00e9mon\n|rule|Item Clause: Limit 1 of each item\n|raw|<div class=\"infobox\"><details class=\"readmore\" open><summary><strong>2 custom rules:</strong></summary> Force Open Team Sheets, Best of = 3</details></div>\n|clearpoke\n|poke|p1|Rotom-Wash, L50|\n|poke|p1|Sneasler, L50, M|\n|poke|p1|Kingambit, L50, F|\n|poke|p1|Altaria, L50, F|\n|poke|p1|Arcanine, L50, F|\n|poke|p1|Dragapult, L50, F|\n|poke|p2|Gardevoir, L50, M|\n|poke|p2|Aerodactyl, L50, F|\n|poke|p2|Sneasler, L50, M|\n|poke|p2|Kingambit, L50, M|\n|poke|p2|Dragapult, L50, F|\n|poke|p2|Rotom-Wash, L50|\n|teampreview|4\n|showteam|p1|Rotom-Wash||SitrusBerry|Levitate|HydroPump,Thunderbolt,WillOWisp,Protect||||||50|]Sneasler||FocusSash|Unburden|DireClaw,CloseCombat,RockTomb,Protect|||M|||50|]Kingambit||ChopleBerry|Defiant|KowtowCleave,IronHead,SuckerPunch,Protect|||F|||50|]Altaria||Altarianite|CloudNine|HyperVoice,DragonPulse,Flamethrower,Protect|||F|||50|]Arcanine||Leftovers|Intimidate|FlareBlitz,PsychicFangs,ExtremeSpeed,Protect|||F|||50|]Dragapult||RoseliBerry|ClearBody|DracoMeteor,Hex,LightScreen,WillOWisp|||F|||50|\n|showteam|p2|Gardevoir||Gardevoirite|Trace|HyperVoice,Psyshock,Protect,CalmMind|||M|||50|]Aerodactyl||FocusSash|Unnerve|RockSlide,DualWingbeat,Protect,Tailwind|||F|||50|]Sneasler||WhiteHerb|Unburden|FakeOut,CloseCombat,DireClaw,Protect|||M|||50|]Kingambit||ChopleBerry|Defiant|SuckerPunch,IronHead,Protect,LowKick|||M|||50|]Dragapult||SpellTag|ClearBody|ShadowBall,DracoMeteor,Flamethrower,Protect|||F|||50|]Rotom-Wash||ChoiceScarf|Levitate|Trick,VoltSwitch,Thunderbolt,HydroPump||||||50|\n|inactive|Battle timer is ON: inactive players will automatically lose when time's up. (requested by Tapferkeitsameise)\n|inactive|Zordor has 60 seconds left.\n|inactive|Tapferkeitsameise has 60 seconds left.\n|\n|t:|1776269937\n|teamsize|p1|4\n|teamsize|p2|4\n|start\n|switch|p1a: Kingambit|Kingambit, L50, F|100/100\n|switch|p1b: Dragapult|Dragapult, L50, F|100/100\n|switch|p2a: Kingambit|Kingambit, L50, M|100/100\n|switch|p2b: Aerodactyl|Aerodactyl, L50, F|100/100\n|-ability|p2b: Aerodactyl|Unnerve\n|turn|1\n|\n|t:|1776269953\n|move|p1b: Dragapult|Will-O-Wisp|p2a: Kingambit\n|-status|p2a: Kingambit|brn\n|move|p2b: Aerodactyl|Tailwind|p2b: Aerodactyl\n|-sidestart|p2: Tapferkeitsameise|move: Tailwind\n|move|p2a: Kingambit|Low Kick|p1a: Kingambit\n|-supereffective|p1a: Kingambit|2\n|-damage|p1a: Kingambit|50/100\n|move|p1a: Kingambit|Iron Head|p2b: Aerodactyl\n|-supereffective|p2b: Aerodactyl|1\n|-enditem|p2b: Aerodactyl|Focus Sash\n|-damage|p2b: Aerodactyl|1/100\n|\n|-damage|p2a: Kingambit|95/100 brn|[from] brn\n|upkeep\n|turn|2\n|inactive|Zordor has 30 seconds left.\n|inactive|Tapferkeitsameise has 30 seconds left.\n|inactive|Zordor has 20 seconds left.\n|\n|t:|1776269988\n|switch|p1a: Altaria|Altaria, L50, F|100/100\n|-ability|p1a: Altaria|Cloud Nine\n|move|p2b: Aerodactyl|Protect|p2b: Aerodactyl\n|-singleturn|p2b: Aerodactyl|Protect\n|move|p1b: Dragapult|Light Screen|p1b: Dragapult\n|-sidestart|p1: Zordor|move: Light Screen\n|move|p2a: Kingambit|Iron Head|p1b: Dragapult\n|-damage|p1b: Dragapult|75/100\n|\n|-damage|p2a: Kingambit|89/100 brn|[from] brn\n|upkeep\n|turn|3\n|inactive|Tapferkeitsameise has 30 seconds left.\n|\n|t:|1776270021\n|detailschange|p1a: Altaria|Altaria-Mega, L50, F\n|-mega|p1a: Altaria|Altaria|Altarianite\n|move|p2b: Aerodactyl|Rock Slide|p1b: Dragapult|[spread] p1a\n|-miss|p2b: Aerodactyl|p1b: Dragapult\n|-damage|p1a: Altaria|76/100\n|move|p1b: Dragapult|Hex|p2a: Kingambit\n|-resisted|p2a: Kingambit|1\n|-damage|p2a: Kingambit|61/100 brn\n|move|p2a: Kingambit|Iron Head|p1a: Altaria\n|-supereffective|p1a: Altaria|1\n|-damage|p1a: Altaria|35/100\n|move|p1a: Altaria|Hyper Voice|p2a: Kingambit|[spread] p2a,p2b\n|-damage|p2a: Kingambit|24/100 brn\n|-damage|p2b: Aerodactyl|0 fnt\n|faint|p2b: Aerodactyl\n|\n|-damage|p2a: Kingambit|18/100 brn|[from] brn\n|upkeep\n|\n|t:|1776270034\n|switch|p2b: Dragapult|Dragapult, L50, F|100/100\n|turn|4\n|\n|t:|1776270053\n|switch|p1b: Kingambit|Kingambit, L50, F|50/100\n|move|p2b: Dragapult|Protect|p2b: Dragapult\n|-singleturn|p2b: Dragapult|Protect\n|move|p1a: Altaria|Protect|p1a: Altaria\n|-singleturn|p1a: Altaria|Protect\n|move|p2a: Kingambit|Sucker Punch||[still]\n|-fail|p2a: Kingambit\n|\n|-damage|p2a: Kingambit|12/100 brn|[from] brn\n|-sideend|p2: Tapferkeitsameise|move: Tailwind\n|upkeep\n|turn|5\n|\n|t:|1776270063\n|switch|p2b: Sneasler|Sneasler, L50, M|100/100\n|move|p1b: Kingambit|Sucker Punch||[still]\n|-fail|p1b: Kingambit\n|move|p1a: Altaria|Hyper Voice|p2a: Kingambit|[spread] p2a,p2b\n|-damage|p2a: Kingambit|0 fnt\n|-damage|p2b: Sneasler|46/100\n|faint|p2a: Kingambit\n|\n|upkeep\n|\n|t:|1776270065\n|switch|p2a: Dragapult|Dragapult, L50, F|100/100\n|turn|6\n|\n|t:|1776270087\n|move|p2a: Dragapult|Protect|p2a: Dragapult\n|-singleturn|p2a: Dragapult|Protect\n|move|p2b: Sneasler|Protect|p2b: Sneasler\n|-singleturn|p2b: Sneasler|Protect\n|move|p1a: Altaria|Hyper Voice|p2b: Sneasler|[spread] \n|-activate|p2a: Dragapult|move: Protect\n|-activate|p2b: Sneasler|move: Protect\n|move|p1b: Kingambit|Iron Head|p2b: Sneasler\n|-activate|p2b: Sneasler|move: Protect\n|\n|-sideend|p1: Zordor|move: Light Screen\n|upkeep\n|turn|7\n|\n|t:|1776270105\n|move|p1b: Kingambit|Sucker Punch|p2a: Dragapult\n|-supereffective|p2a: Dragapult|1\n|-damage|p2a: Dragapult|0 fnt\n|faint|p2a: Dragapult\n|move|p2b: Sneasler|Close Combat|p1b: Kingambit\n|-supereffective|p1b: Kingambit|2\n|-enditem|p1b: Kingambit|Chople Berry|[eat]\n|-enditem|p1b: Kingambit|Chople Berry|[weaken]\n|-damage|p1b: Kingambit|0 fnt\n|-unboost|p2b: Sneasler|def|1\n|-unboost|p2b: Sneasler|spd|1\n|faint|p1b: Kingambit\n|-enditem|p2b: Sneasler|White Herb\n|-clearnegativeboost|p2b: Sneasler|[silent]\n|move|p1a: Altaria|Hyper Voice|p2b: Sneasler\n|-damage|p2b: Sneasler|0 fnt\n|faint|p2b: Sneasler\n|\n|win|Zordor\n|c|\u2606Tapferkeitsameise|gtg\n|c|\u2606Tapferkeitsameise|gg\n|c|\u2606Zordor|Well played\n",
  "uploadtime": 1776270115,
  "views": 26,
  "formatid": "gen9championsvgc2026regma",
  "rating": null,
  "private": 0,
  "password": null
}