{
  "id": "gen9championsvgc2026regma-2583123843",
  "format": "[Gen 9 Champions] VGC 2026 Reg M-A",
  "players": [
    "BabyBirdLucy",
    "bluetile32"
  ],
  "log": "|j|\u2606BabyBirdLucy\n|j|\u2606bluetile32\n|t:|1776144849\n|gametype|doubles\n|player|p1|BabyBirdLucy|red-gen2|1135\n|player|p2|bluetile32|pokemaniac|1107\n|gen|9\n|tier|[Gen 9 Champions] VGC 2026 Reg M-A\n|rated|\n|rule|Species Clause: Limit one of each Pok\u00e9mon\n|rule|Item Clause: Limit 1 of each item\n|clearpoke\n|poke|p1|Tyranitar, L50, M|\n|poke|p1|Aggron, L50, M|\n|poke|p1|Sinistcha, L50|\n|poke|p1|Incineroar, L50, F|\n|poke|p1|Sneasler, L50, M|\n|poke|p1|Rotom-Wash, L50|\n|poke|p2|Delphox, L50, F|\n|poke|p2|Ninetales, L50, M|\n|poke|p2|Banette, L50, F|\n|poke|p2|Sinistcha, L50|\n|poke|p2|Rotom-Heat, L50|\n|poke|p2|Garchomp, L50, F|\n|teampreview|4\n|inactive|Battle timer is ON: inactive players will automatically lose when time's up. (requested by BabyBirdLucy)\n|\n|t:|1776144893\n|teamsize|p1|4\n|teamsize|p2|4\n|start\n|switch|p1a: Sneasler|Sneasler, L50, M|100/100\n|switch|p1b: Rotom|Rotom-Wash, L50|100/100\n|switch|p2a: Banette|Banette, L50, F|100/100\n|switch|p2b: Rotom|Rotom-Heat, L50|100/100\n|turn|1\n|\n|t:|1776144904\n|switch|p2b: Ninetales|Ninetales, L50, M|100/100\n|-weather|SunnyDay|[from] ability: Drought|[of] p2b: Ninetales\n|detailschange|p2a: Banette|Banette-Mega, L50, F\n|-mega|p2a: Banette|Banette|Banettite\n|move|p1a: Sneasler|Fake Out|p2b: Ninetales\n|-damage|p2b: Ninetales|82/100\n|move|p1b: Rotom|Will-O-Wisp|p2a: Banette\n|-status|p2a: Banette|brn\n|move|p2a: Banette|Poltergeist|p1a: Sneasler\n|-activate|p1a: Sneasler|move: Poltergeist|White Herb\n|-damage|p1a: Sneasler|32/100\n|\n|-weather|SunnyDay|[upkeep]\n|-damage|p2a: Banette|95/100 brn|[from] brn\n|upkeep\n|turn|2\n|inactive|BabyBirdLucy has 30 seconds left.\n|inactive|bluetile32 has 30 seconds left.\n|\n|t:|1776144933\n|switch|p1b: Tyranitar|Tyranitar, L50, M|100/100\n|-weather|Sandstorm|[from] ability: Sand Stream|[of] p1b: Tyranitar\n|move|p1a: Sneasler|Close Combat|p2b: Ninetales\n|-damage|p2b: Ninetales|0 fnt\n|-unboost|p1a: Sneasler|def|1\n|-unboost|p1a: Sneasler|spd|1\n|faint|p2b: Ninetales\n|-enditem|p1a: Sneasler|White Herb\n|-clearnegativeboost|p1a: Sneasler|[silent]\n|move|p2a: Banette|Knock Off|p1b: Tyranitar\n|-resisted|p1b: Tyranitar|1\n|-damage|p1b: Tyranitar|93/100\n|-enditem|p1b: Tyranitar|Chople Berry|[from] move: Knock Off|[of] p2a: Banette\n|\n|-weather|Sandstorm|[upkeep]\n|-damage|p1a: Sneasler|26/100|[from] Sandstorm\n|-damage|p2a: Banette|89/100 brn|[from] Sandstorm\n|-damage|p2a: Banette|83/100 brn|[from] brn\n|upkeep\n|\n|t:|1776144950\n|switch|p2b: Rotom|Rotom-Heat, L50|100/100\n|turn|3\n|\n|t:|1776144960\n|move|p2a: Banette|Destiny Bond|p2a: Banette\n|-singlemove|p2a: Banette|Destiny Bond\n|move|p1a: Sneasler|Close Combat|p2b: Rotom\n|-damage|p2b: Rotom|17/100\n|-unboost|p1a: Sneasler|def|1\n|-unboost|p1a: Sneasler|spd|1\n|move|p2b: Rotom|Discharge|p1b: Tyranitar|[spread] p2a,p1a,p1b\n|-damage|p2a: Banette|51/100 brn\n|-damage|p1a: Sneasler|0 fnt\n|-damage|p1b: Tyranitar|78/100\n|faint|p1a: Sneasler\n|move|p1b: Tyranitar|Rock Slide|p2a: Banette|[spread] p2a,p2b\n|-supereffective|p2b: Rotom|1\n|-damage|p2a: Banette|11/100 brn\n|-damage|p2b: Rotom|0 fnt\n|faint|p2b: Rotom\n|\n|-weather|Sandstorm|[upkeep]\n|-damage|p2a: Banette|5/100 brn|[from] Sandstorm\n|-damage|p2a: Banette|0 fnt|[from] brn\n|faint|p2a: Banette\n|upkeep\n|inactive|bluetile32 has 30 seconds left.\n|\n|t:|1776144990\n|switch|p1a: Incineroar|Incineroar, L50, F|100/100\n|switch|p2a: Garchomp|Garchomp, L50, F|100/100\n|-ability|p1a: Incineroar|Intimidate|boost\n|-unboost|p2a: Garchomp|atk|1\n|turn|4\n|\n|t:|1776144997\n|switch|p1a: Rotom|Rotom-Wash, L50|100/100\n|move|p1b: Tyranitar|Protect|p1b: Tyranitar\n|-singleturn|p1b: Tyranitar|Protect\n|move|p2a: Garchomp|Earthquake|p1a: Rotom|[spread] \n|-activate|p1b: Tyranitar|move: Protect\n|-immune|p1a: Rotom|[from] ability: Levitate\n|\n|-weather|Sandstorm|[upkeep]\n|-damage|p1a: Rotom|95/100|[from] Sandstorm\n|upkeep\n|turn|5\n|\n|t:|1776145009\n|move|p1a: Rotom|Will-O-Wisp|p2a: Garchomp\n|-status|p2a: Garchomp|brn\n|move|p2a: Garchomp|Earthquake|p1a: Rotom|[spread] p1b\n|-immune|p1a: Rotom|[from] ability: Levitate\n|-supereffective|p1b: Tyranitar|1\n|-damage|p1b: Tyranitar|62/100\n|move|p1b: Tyranitar|Knock Off|p2a: Garchomp\n|-damage|p2a: Garchomp|52/100 brn\n|-damage|p1b: Tyranitar|50/100|[from] ability: Rough Skin|[of] p2a: Garchomp\n|-enditem|p2a: Garchomp|Focus Sash|[from] move: Knock Off|[of] p1b: Tyranitar\n|\n|-weather|Sandstorm|[upkeep]\n|-damage|p1a: Rotom|89/100|[from] Sandstorm\n|-damage|p2a: Garchomp|46/100 brn|[from] brn\n|upkeep\n|turn|6\n|-message|bluetile32 forfeited.\n|\n|win|BabyBirdLucy\n|raw|BabyBirdLucy's rating: 1135 &rarr; <strong>1158</strong><br />(+23 for winning)\n|raw|bluetile32's rating: 1107 &rarr; <strong>1084</strong><br />(-23 for losing)\n|l|\u2606bluetile32\n|player|p2|\n|l|\u2606BabyBirdLucy\n|player|p1|\n|j|\u2606BabyBirdLucy\n|player|p1|BabyBirdLucy|red-gen2|\n",
  "uploadtime": 1776145031,
  "views": 15,
  "formatid": "gen9championsvgc2026regma",
  "rating": 1084,
  "private": 0,
  "password": null
}