{
  "id": "gen9championsvgc2026regma-2583847087",
  "format": "[Gen 9 Champions] VGC 2026 Reg M-A",
  "players": [
    "SimMikaze",
    "Rakkune"
  ],
  "log": "|j|\u2606SimMikaze\n|j|\u2606Rakkune\n|t:|1776202341\n|gametype|doubles\n|player|p1|SimMikaze|miku-ghost|1354\n|player|p2|Rakkune|miku-flying|1342\n|gen|9\n|tier|[Gen 9 Champions] VGC 2026 Reg M-A\n|rated|\n|rule|Species Clause: Limit one of each Pok\u00e9mon\n|rule|Item Clause: Limit 1 of each item\n|clearpoke\n|poke|p1|Gengar, L50, M|\n|poke|p1|Kommo-o, L50, F|\n|poke|p1|Maushold, L50|\n|poke|p1|Whimsicott, L50, M|\n|poke|p1|Incineroar, L50, M|\n|poke|p1|Blastoise, L50, M|\n|poke|p2|Tyranitar, L50, M|\n|poke|p2|Excadrill, L50, F|\n|poke|p2|Gyarados, L50, F|\n|poke|p2|Rotom-Heat, L50|\n|poke|p2|Gengar, L50, F|\n|poke|p2|Corviknight, L50, F|\n|teampreview|4\n|inactive|Battle timer is ON: inactive players will automatically lose when time's up. (requested by SimMikaze)\n|inactive|Rakkune has 60 seconds left.\n|\n|t:|1776202433\n|teamsize|p1|4\n|teamsize|p2|4\n|start\n|switch|p1a: Gengar|Gengar, L50, M, shiny|100/100\n|switch|p1b: Whimsicott|Whimsicott, L50, M|100/100\n|switch|p2a: Gengar|Gengar, L50, F|100/100\n|switch|p2b: Tyranitar|Tyranitar, L50, M|100/100\n|-weather|Sandstorm|[from] ability: Sand Stream|[of] p2b: Tyranitar\n|turn|1\n|inactive|SimMikaze has 30 seconds left.\n|inactive|SimMikaze has 20 seconds left.\n|inactive|Rakkune has 30 seconds left.\n|\n|t:|1776202469\n|detailschange|p1a: Gengar|Gengar-Mega, L50, M, shiny\n|-mega|p1a: Gengar|Gengar|Gengarite\n|detailschange|p2a: Gengar|Gengar-Mega, L50, F\n|-mega|p2a: Gengar|Gengar|Gengarite\n|move|p1b: Whimsicott|Protect|p1b: Whimsicott\n|-singleturn|p1b: Whimsicott|Protect\n|move|p1a: Gengar|Protect|p1a: Gengar\n|-singleturn|p1a: Gengar|Protect\n|move|p2a: Gengar|Protect|p2a: Gengar\n|-singleturn|p2a: Gengar|Protect\n|move|p2b: Tyranitar|Ice Punch|p1b: Whimsicott\n|-activate|p1b: Whimsicott|move: Protect\n|\n|-weather|Sandstorm|[upkeep]\n|-damage|p2a: Gengar|95/100|[from] Sandstorm\n|-damage|p1a: Gengar|95/100|[from] Sandstorm\n|-damage|p1b: Whimsicott|95/100|[from] Sandstorm\n|upkeep\n|turn|2\n|inactive|SimMikaze has 30 seconds left.\n|inactive|SimMikaze has 20 seconds left.\n|inactive|SimMikaze has 15 seconds left.\n|inactive|Rakkune has 30 seconds left.\n|inactive|SimMikaze has 10 seconds left.\n|\n|t:|1776202517\n|move|p2a: Gengar|Protect||[still]\n|-fail|p2a: Gengar\n|move|p1b: Whimsicott|Encore|p2b: Tyranitar\n|-hint|Since gen 7, Dark is immune to Prankster moves.\n|-immune|p2b: Tyranitar\n|move|p1a: Gengar|Perish Song|p1a: Gengar\n|-start|p1a: Gengar|perish3|[silent]\n|-start|p1b: Whimsicott|perish3|[silent]\n|-start|p2a: Gengar|perish3|[silent]\n|-start|p2b: Tyranitar|perish3|[silent]\n|-fieldactivate|move: Perish Song\n|move|p2b: Tyranitar|Ice Punch|p1b: Whimsicott\n|-supereffective|p1b: Whimsicott|1\n|-damage|p1b: Whimsicott|43/100\n|\n|-weather|Sandstorm|[upkeep]\n|-damage|p1a: Gengar|89/100|[from] Sandstorm\n|-damage|p2a: Gengar|89/100|[from] Sandstorm\n|-damage|p1b: Whimsicott|37/100|[from] Sandstorm\n|-start|p2a: Gengar|perish3\n|-start|p1a: Gengar|perish3\n|-start|p1b: Whimsicott|perish3\n|-start|p2b: Tyranitar|perish3\n|upkeep\n|turn|3\n|\n|t:|1776202537\n|move|p1a: Gengar|Protect|p1a: Gengar\n|-singleturn|p1a: Gengar|Protect\n|move|p1b: Whimsicott|Encore|p2a: Gengar\n|-start|p2a: Gengar|Encore\n|move|p2a: Gengar|Protect|p2a: Gengar\n|-singleturn|p2a: Gengar|Protect\n|move|p2b: Tyranitar|Ice Punch|p1b: Whimsicott\n|-supereffective|p1b: Whimsicott|1\n|-damage|p1b: Whimsicott|0 fnt\n|faint|p1b: Whimsicott\n|\n|-weather|Sandstorm|[upkeep]\n|-damage|p1a: Gengar|83/100|[from] Sandstorm\n|-damage|p2a: Gengar|83/100|[from] Sandstorm\n|-start|p1a: Gengar|perish2\n|-start|p2a: Gengar|perish2\n|-start|p2b: Tyranitar|perish2\n|upkeep\n|\n|t:|1776202551\n|switch|p1b: Incineroar|Incineroar, L50, M, shiny|100/100\n|-ability|p1b: Incineroar|Intimidate|boost\n|-unboost|p2a: Gengar|atk|1\n|-unboost|p2b: Tyranitar|atk|1\n|turn|4\n|\n|t:|1776202558\n|move|p2a: Gengar|Protect|p2a: Gengar\n|-singleturn|p2a: Gengar|Protect\n|move|p1b: Incineroar|Fake Out|p2b: Tyranitar\n|-resisted|p2b: Tyranitar|1\n|-crit|p2b: Tyranitar\n|-damage|p2b: Tyranitar|95/100\n|move|p1a: Gengar|Shadow Ball|p2a: Gengar\n|-activate|p2a: Gengar|move: Protect\n|cant|p2b: Tyranitar|flinch\n|\n|-weather|Sandstorm|[upkeep]\n|-damage|p2a: Gengar|77/100|[from] Sandstorm\n|-damage|p1a: Gengar|77/100|[from] Sandstorm\n|-damage|p1b: Incineroar|95/100|[from] Sandstorm\n|-start|p2a: Gengar|perish1\n|-start|p1a: Gengar|perish1\n|-start|p2b: Tyranitar|perish1\n|upkeep\n|turn|5\n|\n|t:|1776202575\n|switch|p1a: Kommo-o|Kommo-o, L50, F|100/100\n|move|p2a: Gengar|Protect||[still]\n|-fail|p2a: Gengar\n|move|p1b: Incineroar|Protect|p1b: Incineroar\n|-singleturn|p1b: Incineroar|Protect\n|move|p2b: Tyranitar|Rock Slide|p1b: Incineroar|[spread] p1a\n|-activate|p1b: Incineroar|move: Protect\n|-resisted|p1a: Kommo-o|1\n|-damage|p1a: Kommo-o|95/100\n|\n|-weather|none\n|-end|p2a: Gengar|Encore\n|-start|p2a: Gengar|perish0\n|-start|p2b: Tyranitar|perish0\n|faint|p2a: Gengar\n|faint|p2b: Tyranitar\n|upkeep\n|\n|t:|1776202582\n|switch|p2a: Excadrill|Excadrill, L50, F|100/100\n|switch|p2b: Corviknight|Corviknight, L50, F|100/100\n|turn|6\n|inactive|SimMikaze has 30 seconds left.\n|\n|t:|1776202609\n|move|p2a: Excadrill|Earthquake|p1b: Incineroar|[spread] p1a,p1b\n|-immune|p2b: Corviknight\n|-supereffective|p1b: Incineroar|1\n|-damage|p1a: Kommo-o|70/100\n|-damage|p1b: Incineroar|29/100\n|-enditem|p1b: Incineroar|Sitrus Berry|[eat]\n|-heal|p1b: Incineroar|54/100|[from] item: Sitrus Berry\n|move|p1a: Kommo-o|Iron Defense|p1a: Kommo-o\n|-boost|p1a: Kommo-o|def|2\n|move|p2b: Corviknight|Brave Bird|p1a: Kommo-o\n|-supereffective|p1a: Kommo-o|1\n|-damage|p1a: Kommo-o|47/100\n|-damage|p2b: Corviknight|94/100|[from] Recoil\n|move|p1b: Incineroar|Parting Shot|p2a: Excadrill\n|-unboost|p2a: Excadrill|atk|1\n|-unboost|p2a: Excadrill|spa|1\n|\n|t:|1776202620\n|switch|p1b: Gengar|Gengar-Mega, L50, M, shiny|77/100|[from] Parting Shot\n|\n|upkeep\n|turn|7\n|\n|t:|1776202636\n|move|p1b: Gengar|Perish Song|p1b: Gengar\n|-immune|p1a: Kommo-o|[from] ability: Soundproof\n|-start|p1b: Gengar|perish3|[silent]\n|-start|p2a: Excadrill|perish3|[silent]\n|-start|p2b: Corviknight|perish3|[silent]\n|-fieldactivate|move: Perish Song\n|move|p2a: Excadrill|Earthquake|p1b: Gengar|[spread] p1a,p1b\n|-immune|p2b: Corviknight\n|-supereffective|p1b: Gengar|1\n|-damage|p1a: Kommo-o|37/100\n|-damage|p1b: Gengar|7/100\n|move|p1a: Kommo-o|Body Press|p2a: Excadrill\n|-supereffective|p2a: Excadrill|1\n|-enditem|p2a: Excadrill|Focus Sash\n|-damage|p2a: Excadrill|1/100\n|-heal|p1a: Kommo-o|49/100|[from] item: Shell Bell|[of] p2a: Excadrill\n|move|p2b: Corviknight|Brave Bird|p1a: Kommo-o\n|-supereffective|p1a: Kommo-o|1\n|-damage|p1a: Kommo-o|26/100\n|-damage|p2b: Corviknight|87/100|[from] Recoil\n|\n|-start|p1b: Gengar|perish3\n|-start|p2a: Excadrill|perish3\n|-start|p2b: Corviknight|perish3\n|upkeep\n|turn|8\n|\n|t:|1776202658\n|move|p1b: Gengar|Protect|p1b: Gengar\n|-singleturn|p1b: Gengar|Protect\n|move|p2a: Excadrill|Protect|p2a: Excadrill\n|-singleturn|p2a: Excadrill|Protect\n|move|p1a: Kommo-o|Protect|p1a: Kommo-o\n|-singleturn|p1a: Kommo-o|Protect\n|move|p2b: Corviknight|Brave Bird|p1b: Gengar\n|-activate|p1b: Gengar|move: Protect\n|\n|-start|p1b: Gengar|perish2\n|-start|p2a: Excadrill|perish2\n|-start|p2b: Corviknight|perish2\n|upkeep\n|turn|9\n|\n|t:|1776202679\n|move|p1b: Gengar|Disable|p2a: Excadrill\n|-start|p2a: Excadrill|Disable|Protect\n|move|p2a: Excadrill|Earthquake|p1a: Kommo-o|[spread] p1a,p1b\n|-immune|p2b: Corviknight\n|-supereffective|p1b: Gengar|1\n|-damage|p1a: Kommo-o|16/100\n|-damage|p1b: Gengar|0 fnt\n|faint|p1b: Gengar\n|move|p1a: Kommo-o|Iron Defense|p1a: Kommo-o\n|-boost|p1a: Kommo-o|def|2\n|move|p2b: Corviknight|Brave Bird|p1a: Kommo-o\n|-supereffective|p1a: Kommo-o|1\n|-damage|p1a: Kommo-o|2/100\n|-damage|p2b: Corviknight|82/100|[from] Recoil\n|\n|-start|p2a: Excadrill|perish1\n|-start|p2b: Corviknight|perish1\n|upkeep\n|\n|t:|1776202681\n|switch|p1b: Incineroar|Incineroar, L50, M, shiny|54/100\n|-ability|p1b: Incineroar|Intimidate|boost\n|-unboost|p2a: Excadrill|atk|1\n|-ability|p2b: Corviknight|Mirror Armor\n|-unboost|p1b: Incineroar|atk|1\n|turn|10\n|-message|Rakkune forfeited.\n|\n|win|SimMikaze\n|raw|SimMikaze's rating: 1354 &rarr; <strong>1373</strong><br />(+19 for winning)\n|raw|Rakkune's rating: 1342 &rarr; <strong>1323</strong><br />(-19 for losing)\n|l|\u2606Rakkune\n|player|p2|\n",
  "uploadtime": 1776202698,
  "views": 33,
  "formatid": "gen9championsvgc2026regma",
  "rating": 1323,
  "private": 0,
  "password": null
}