{
  "id": "gen9championsvgc2026regma-2581644586",
  "format": "[Gen 9 Champions] VGC 2026 Reg M-A",
  "players": [
    "suxzor",
    "Bigbro2022"
  ],
  "log": "|j|\u2606suxzor\n|j|\u2606Bigbro2022\n|t:|1776017528\n|gametype|doubles\n|player|p1|suxzor|265|1218\n|player|p2|Bigbro2022|cynthia-gen4|1128\n|gen|9\n|tier|[Gen 9 Champions] VGC 2026 Reg M-A\n|rated|\n|rule|Species Clause: Limit one of each Pok\u00e9mon\n|rule|Item Clause: Limit 1 of each item\n|clearpoke\n|poke|p1|Alakazam, L50, M|\n|poke|p1|Tinkaton, L50, F|\n|poke|p1|Feraligatr, L50, F|\n|poke|p1|Ninetales-Alola, L50, F|\n|poke|p1|Sinistcha, L50|\n|poke|p1|Incineroar, L50, F|\n|poke|p2|Floette-Eternal, L50, F|\n|poke|p2|Empoleon, L50, M|\n|poke|p2|Luxray, L50, F|\n|poke|p2|Gardevoir, L50, M|\n|poke|p2|Scovillain, L50, M|\n|poke|p2|Garchomp, L50, M|\n|teampreview|4\n|\n|t:|1776017577\n|teamsize|p1|4\n|teamsize|p2|4\n|start\n|switch|p1a: Alakazam|Alakazam, L50, M|100/100\n|switch|p1b: Tinkaton|Tinkaton, L50, F|100/100\n|switch|p2a: Empoleon|Empoleon, L50, M|100/100\n|switch|p2b: Gardevoir|Gardevoir, L50, M|100/100\n|turn|1\n|\n|t:|1776017626\n|detailschange|p1a: Alakazam|Alakazam-Mega, L50, M\n|-mega|p1a: Alakazam|Alakazam|Alakazite\n|-ability|p1a: Alakazam|Telepathy|Trace|[from] ability: Trace|[of] p2b: Gardevoir\n|move|p1b: Tinkaton|Fake Out|p2b: Gardevoir\n|-damage|p2b: Gardevoir|84/100\n|move|p1a: Alakazam|Focus Blast|p2a: Empoleon\n|-supereffective|p2a: Empoleon|1\n|-damage|p2a: Empoleon|3/100\n|cant|p2b: Gardevoir|flinch\n|move|p2a: Empoleon|Surf|p1b: Tinkaton|[spread] p1a,p1b\n|-activate|p2b: Gardevoir|ability: Telepathy\n|-damage|p1a: Alakazam|57/100\n|-damage|p1b: Tinkaton|64/100\n|\n|-heal|p1b: Tinkaton|70/100|[from] item: Leftovers\n|-heal|p2a: Empoleon|9/100|[from] item: Leftovers\n|upkeep\n|turn|2\n|\n|t:|1776017678\n|move|p2a: Empoleon|Protect|p2a: Empoleon\n|-singleturn|p2a: Empoleon|Protect\n|move|p1a: Alakazam|Psyshock|p2a: Empoleon\n|-activate|p2a: Empoleon|move: Protect\n|move|p2b: Gardevoir|Trick|p1b: Tinkaton\n|-activate|p2b: Gardevoir|move: Trick|[of] p1b: Tinkaton\n|-item|p1b: Tinkaton|Choice Scarf|[from] move: Trick\n|-item|p2b: Gardevoir|Leftovers|[from] move: Trick\n|move|p1b: Tinkaton|Gigaton Hammer|p2b: Gardevoir\n|-supereffective|p2b: Gardevoir|1\n|-damage|p2b: Gardevoir|0 fnt\n|faint|p2b: Gardevoir\n|\n|-heal|p2a: Empoleon|15/100|[from] item: Leftovers\n|upkeep\n|\n|t:|1776017700\n|switch|p2b: Floette|Floette-Eternal, L50, F|100/100\n|turn|3\n|\n|t:|1776017732\n|switch|p1b: Sinistcha|Sinistcha, L50|100/100\n|-heal|p1a: Alakazam|82/100|[from] ability: Hospitality|[of] p1b: Sinistcha\n|switch|p2a: Scovillain|Scovillain, L50, M|100/100\n|detailschange|p2b: Floette|Floette-Mega, L50, F\n|-mega|p2b: Floette|Floette|Floettite\n|-ability|p2b: Floette|Fairy Aura\n|move|p1a: Alakazam|Psyshock|p2b: Floette\n|-damage|p2b: Floette|46/100\n|move|p2b: Floette|Light of Ruin|p1a: Alakazam\n|-damage|p1a: Alakazam|0 fnt\n|faint|p1a: Alakazam\n|-damage|p2b: Floette|16/100|[from] Recoil\n|\n|-ability|p2a: Scovillain|Moody|boost\n|-boost|p2a: Scovillain|spd|2\n|-unboost|p2a: Scovillain|def|1\n|upkeep\n|\n|t:|1776017767\n|switch|p1a: Ninetales|Ninetales-Alola, L50, F|100/100\n|-weather|Snowscape|[from] ability: Snow Warning|[of] p1a: Ninetales\n|turn|4\n|\n|t:|1776017806\n|switch|p1b: Tinkaton|Tinkaton, L50, F|70/100\n|move|p2a: Scovillain|Protect|p2a: Scovillain\n|-singleturn|p2a: Scovillain|Protect\n|move|p2b: Floette|Protect|p2b: Floette\n|-singleturn|p2b: Floette|Protect\n|move|p1a: Ninetales|Aurora Veil|p1a: Ninetales\n|-sidestart|p1: suxzor|move: Aurora Veil\n|\n|-weather|Snowscape|[upkeep]\n|-ability|p2a: Scovillain|Moody|boost\n|-boost|p2a: Scovillain|spd|2\n|-unboost|p2a: Scovillain|spe|1\n|upkeep\n|turn|5\n|\n|t:|1776017844\n|switch|p2b: Empoleon|Empoleon, L50, M|15/100\n|move|p1b: Tinkaton|Gigaton Hammer|p2a: Scovillain\n|-resisted|p2a: Scovillain|1\n|-damage|p2a: Scovillain|46/100\n|move|p1a: Ninetales|Freeze-Dry|p2b: Empoleon\n|-damage|p2b: Empoleon|0 fnt\n|faint|p2b: Empoleon\n|move|p2a: Scovillain|Substitute|p2a: Scovillain\n|-start|p2a: Scovillain|Substitute\n|-damage|p2a: Scovillain|21/100\n|\n|-weather|Snowscape|[upkeep]\n|-ability|p2a: Scovillain|Moody|boost\n|-boost|p2a: Scovillain|atk|2\n|-unboost|p2a: Scovillain|spa|1\n|upkeep\n|\n|t:|1776017852\n|switch|p2b: Floette|Floette-Mega, L50, F|16/100\n|-ability|p2b: Floette|Fairy Aura\n|turn|6\n|\n|t:|1776017866\n|-activate|p1b: Tinkaton|move: Struggle\n|move|p1b: Tinkaton|Struggle|p2a: Scovillain\n|-activate|p2a: Scovillain|move: Substitute|[damage]\n|-damage|p1b: Tinkaton|45/100|[from] recoil\n|move|p1a: Ninetales|Freeze-Dry|p2a: Scovillain\n|-end|p2a: Scovillain|Substitute\n|move|p2b: Floette|Draining Kiss|p1a: Ninetales\n|-damage|p1a: Ninetales|67/100\n|-heal|p2b: Floette|37/100|[from] drain|[of] p1a: Ninetales\n|move|p2a: Scovillain|Giga Drain|p1a: Ninetales\n|-damage|p1a: Ninetales|50/100\n|-heal|p2a: Scovillain|29/100|[from] drain|[of] p1a: Ninetales\n|\n|-weather|Snowscape|[upkeep]\n|-ability|p2a: Scovillain|Moody|boost\n|-boost|p2a: Scovillain|spe|2\n|-unboost|p2a: Scovillain|def|1\n|upkeep\n|turn|7\n|inactive|Battle timer is ON: inactive players will automatically lose when time's up. (requested by Bigbro2022)\n|\n|t:|1776017899\n|switch|p1b: Sinistcha|Sinistcha, L50|100/100\n|-heal|p1a: Ninetales|75/100|[from] ability: Hospitality|[of] p1b: Sinistcha\n|move|p2a: Scovillain|Protect|p2a: Scovillain\n|-singleturn|p2a: Scovillain|Protect\n|move|p2b: Floette|Protect|p2b: Floette\n|-singleturn|p2b: Floette|Protect\n|move|p1a: Ninetales|Freeze-Dry|p2a: Scovillain\n|-activate|p2a: Scovillain|move: Protect\n|\n|-weather|Snowscape|[upkeep]\n|-ability|p2a: Scovillain|Moody|boost\n|-boost|p2a: Scovillain|def|2\n|-unboost|p2a: Scovillain|spa|1\n|upkeep\n|turn|8\n|inactive|suxzor has 30 seconds left.\n|inactive|Bigbro2022 has 30 seconds left.\n|inactive|suxzor has 20 seconds left.\n|\n|t:|1776017938\n|move|p2a: Scovillain|Giga Drain|p1a: Ninetales\n|-damage|p1a: Ninetales|64/100\n|-heal|p2a: Scovillain|34/100|[from] drain|[of] p1a: Ninetales\n|move|p1a: Ninetales|Moonblast|p2b: Floette\n|-damage|p2b: Floette|2/100\n|move|p2b: Floette|Draining Kiss|p1b: Sinistcha\n|-damage|p1b: Sinistcha|62/100\n|-heal|p2b: Floette|30/100|[from] drain|[of] p1b: Sinistcha\n|move|p1b: Sinistcha|Shadow Ball|p2b: Floette\n|-damage|p2b: Floette|8/100\n|\n|-weather|none\n|-sideend|p1: suxzor|move: Aurora Veil\n|-ability|p2a: Scovillain|Moody|boost\n|-boost|p2a: Scovillain|atk|2\n|-unboost|p2a: Scovillain|spd|1\n|upkeep\n|turn|9\n|inactive|suxzor has 30 seconds left.\n|inactive|Bigbro2022 has 30 seconds left.\n|\n|t:|1776017970\n|switch|p1b: Tinkaton|Tinkaton, L50, F|45/100\n|move|p2b: Floette|Protect|p2b: Floette\n|-singleturn|p2b: Floette|Protect\n|move|p2a: Scovillain|Giga Drain|p1a: Ninetales\n|-damage|p1a: Ninetales|46/100\n|-heal|p2a: Scovillain|42/100|[from] drain|[of] p1a: Ninetales\n|move|p1a: Ninetales|Moonblast|p2b: Floette\n|-activate|p2b: Floette|move: Protect\n|\n|-ability|p2a: Scovillain|Moody|boost\n|-boost|p2a: Scovillain|spa|2\n|-unboost|p2a: Scovillain|atk|1\n|upkeep\n|turn|10\n|\n|t:|1776017992\n|move|p2a: Scovillain|Rage Powder|p2a: Scovillain\n|-singleturn|p2a: Scovillain|move: Rage Powder\n|move|p1b: Tinkaton|Encore|p2a: Scovillain\n|-start|p2a: Scovillain|Encore\n|move|p1a: Ninetales|Freeze-Dry|p2a: Scovillain\n|-damage|p2a: Scovillain|27/100\n|move|p2b: Floette|Draining Kiss|p1a: Ninetales\n|-damage|p1a: Ninetales|0 fnt\n|-heal|p2b: Floette|36/100|[from] drain|[of] p1a: Ninetales\n|faint|p1a: Ninetales\n|\n|-ability|p2a: Scovillain|Moody|boost\n|-boost|p2a: Scovillain|spa|2\n|-unboost|p2a: Scovillain|spe|1\n|upkeep\n|\n|t:|1776018008\n|switch|p1a: Sinistcha|Sinistcha, L50|62/100\n|-heal|p1b: Tinkaton|70/100|[from] ability: Hospitality|[of] p1a: Sinistcha\n|turn|11\n|\n|t:|1776018023\n|move|p2a: Scovillain|Rage Powder|p2a: Scovillain\n|-singleturn|p2a: Scovillain|move: Rage Powder\n|move|p1b: Tinkaton|Encore||[still]\n|-fail|p1b: Tinkaton\n|move|p2b: Floette|Draining Kiss|p1a: Sinistcha\n|-damage|p1a: Sinistcha|8/100\n|-heal|p2b: Floette|76/100|[from] drain|[of] p1a: Sinistcha\n|move|p1a: Sinistcha|Shadow Ball|p2b: Floette\n|-damage|p2b: Floette|52/100\n|-unboost|p2b: Floette|spd|1\n|\n|-ability|p2a: Scovillain|Moody|boost\n|-boost|p2a: Scovillain|spa|2\n|-unboost|p2a: Scovillain|spd|1\n|upkeep\n|turn|12\n|-message|suxzor forfeited.\n|\n|win|Bigbro2022\n|raw|suxzor's rating: 1218 &rarr; <strong>1188</strong><br />(-30 for losing)\n|raw|Bigbro2022's rating: 1154 &rarr; <strong>1184</strong><br />(+30 for winning)\n|l|\u2606suxzor\n|player|p1|\n",
  "uploadtime": 1776018046,
  "views": 22,
  "formatid": "gen9championsvgc2026regma",
  "rating": 1184,
  "private": 0,
  "password": null
}