{
  "id": "gen9championsvgc2026regma-2586793069",
  "format": "[Gen 9 Champions] VGC 2026 Reg M-A",
  "players": [
    "arachnid pie",
    "lukelby"
  ],
  "log": "|j|\u2606arachnid pie\n|j|\u2606lukelby\n|t:|1776460340\n|gametype|doubles\n|player|p1|arachnid pie|iris-gen5bw2|1119\n|player|p2|lukelby|hiker-gen4|1146\n|gen|9\n|tier|[Gen 9 Champions] VGC 2026 Reg M-A\n|rated|\n|rule|Species Clause: Limit one of each Pok\u00e9mon\n|rule|Item Clause: Limit 1 of each item\n|clearpoke\n|poke|p1|Gardevoir, L50, M|\n|poke|p1|Maushold-Four, L50|\n|poke|p1|Clefable, L50, M|\n|poke|p1|Espathra, L50, F|\n|poke|p1|Rotom-Wash, L50|\n|poke|p1|Typhlosion, L50, M|\n|poke|p2|Ninetales-Alola, L50, F|\n|poke|p2|Crabominable, L50, M|\n|poke|p2|Incineroar, L50, M|\n|poke|p2|Farigiraf, L50, F|\n|poke|p2|Glimmora, L50, M|\n|poke|p2|Decidueye-Hisui, L50, M|\n|teampreview|4\narachnid pie has agreed to open team sheets.\nlukelby has agreed to open team sheets.\n|showteam|p1|Gardevoir||Gardevoirite|Trace|HyperVoice,CalmMind,Psychic,Protect|||M|||50|]Maushold-Four||FocusSash|FriendGuard|FollowMe,HelpingHand,Protect,PopulationBomb||||||50|]Clefable||Leftovers|Unaware|FollowMe,HealPulse,Protect,Wish|||M|||50|]Espathra||ColburBerry|SpeedBoost|Psychic,Protect,CalmMind,BatonPass|||F|||50|]Rotom-Wash||ChoiceScarf|Levitate|Trick,HydroPump,VoltSwitch,Thunderbolt||||||50|]Typhlosion||Charcoal|FlashFire|Eruption,Protect,ScorchingSands,HeatWave|||M|||50|\n|showteam|p2|Ninetales-Alola||BabiriBerry|SnowWarning|AuroraVeil,Blizzard,Moonblast,Howl|||F|||50|]Crabominable||Crabominite|HyperCutter|MachPunch,IceHammer,DrainPunch,Protect|||M|||50|]Incineroar||ChopleBerry|Intimidate|PartingShot,WillOWisp,FakeOut,DarkestLariat|||M|||50|]Farigiraf||SitrusBerry|ArmorTail|TrickRoom,HyperVoice,PsychicNoise,Thunderbolt|||F|||50|]Glimmora||Glimmoranite|ToxicDebris|SludgeBomb,PowerGem,SpikyShield,EarthPower|||M|||50|]Decidueye-Hisui||CobaBerry|Scrappy|Protect,LeafBlade,CloseCombat,Coaching|||M|||50|\n|\n|t:|1776460417\n|teamsize|p1|4\n|teamsize|p2|4\n|start\n|switch|p1a: Typhlosion|Typhlosion, L50, M|100/100\n|switch|p1b: Espathra|Espathra, L50, F, shiny|100/100\n|switch|p2a: mimmer|Incineroar, L50, M|100/100\n|switch|p2b: catch this|Glimmora, L50, M|100/100\n|-ability|p2a: mimmer|Intimidate|boost\n|-unboost|p1a: Typhlosion|atk|1\n|-unboost|p1b: Espathra|atk|1\n|turn|1\n|\n|t:|1776460453\n|detailschange|p2b: catch this|Glimmora-Mega, L50, M\n|-mega|p2b: catch this|Glimmora|Glimmoranite\n|move|p1b: Espathra|Protect|p1b: Espathra\n|-singleturn|p1b: Espathra|Protect\n|move|p2a: mimmer|Fake Out|p1a: Typhlosion\n|-damage|p1a: Typhlosion|85/100\n|cant|p1a: Typhlosion|flinch\n|move|p2b: catch this|Power Gem|p1a: Typhlosion\n|-supereffective|p1a: Typhlosion|1\n|-damage|p1a: Typhlosion|0 fnt\n|faint|p1a: Typhlosion\n|\n|-ability|p1b: Espathra|Speed Boost|boost\n|-boost|p1b: Espathra|spe|1\n|upkeep\n|\n|t:|1776460470\n|switch|p1a: Rotom|Rotom-Wash, L50, shiny|100/100\n|turn|2\n|\n|t:|1776460493\n|switch|p2b: nuh uh|Farigiraf, L50, F|100/100\n|move|p1b: Espathra|Psychic|p2b: nuh uh\n|-resisted|p2b: nuh uh|1\n|-damage|p2b: nuh uh|85/100\n|move|p1a: Rotom|Hydro Pump|p2a: mimmer\n|-supereffective|p2a: mimmer|1\n|-damage|p2a: mimmer|35/100\n|move|p2a: mimmer|Darkest Lariat|p1b: Espathra\n|-supereffective|p1b: Espathra|1\n|-enditem|p1b: Espathra|Colbur Berry|[eat]\n|-enditem|p1b: Espathra|Colbur Berry|[weaken]\n|-damage|p1b: Espathra|47/100\n|\n|-ability|p1b: Espathra|Speed Boost|boost\n|-boost|p1b: Espathra|spe|1\n|upkeep\n|turn|3\n|\n|t:|1776460532\n|switch|p2a: Broly|Crabominable, L50, M|100/100\n|move|p1b: Espathra|Calm Mind|p1b: Espathra\n|-boost|p1b: Espathra|spa|1\n|-boost|p1b: Espathra|spd|1\n|move|p1a: Rotom|Hydro Pump|p2a: Broly\n|-damage|p2a: Broly|44/100\n|move|p2b: nuh uh|Hyper Voice|p1b: Espathra|[spread] p1a,p1b\n|-damage|p1a: Rotom|69/100\n|-damage|p1b: Espathra|22/100\n|\n|-ability|p1b: Espathra|Speed Boost|boost\n|-boost|p1b: Espathra|spe|1\n|upkeep\n|turn|4\n|\n|t:|1776460556\n|move|p2a: Broly|Mach Punch|p1b: Espathra\n|-resisted|p1b: Espathra|1\n|-damage|p1b: Espathra|2/100\n|move|p1b: Espathra|Psychic|p2a: Broly\n|-supereffective|p2a: Broly|1\n|-damage|p2a: Broly|0 fnt\n|faint|p2a: Broly\n|move|p1a: Rotom|Hydro Pump|p2b: nuh uh\n|-damage|p2b: nuh uh|51/100\n|move|p2b: nuh uh|Psychic Noise|p1a: Rotom\n|-damage|p1a: Rotom|30/100\n|-start|p1a: Rotom|move: Heal Block\n|\n|-ability|p1b: Espathra|Speed Boost|boost\n|-boost|p1b: Espathra|spe|1\n|upkeep\n|\n|t:|1776460568\n|switch|p2a: mimmer|Incineroar, L50, M|35/100\n|-ability|p2a: mimmer|Intimidate|boost\n|-unboost|p1a: Rotom|atk|1\n|-unboost|p1b: Espathra|atk|1\n|turn|5\n|\n|t:|1776460581\n|move|p1b: Espathra|Protect|p1b: Espathra\n|-singleturn|p1b: Espathra|Protect\n|move|p2a: mimmer|Fake Out|p1a: Rotom\n|-damage|p1a: Rotom|15/100\n|cant|p1a: Rotom|flinch\n|move|p2b: nuh uh|Hyper Voice|p1a: Rotom|[spread] p1a\n|-activate|p1b: Espathra|move: Protect\n|-damage|p1a: Rotom|0 fnt\n|faint|p1a: Rotom\n|\n|-ability|p1b: Espathra|Speed Boost|boost\n|-boost|p1b: Espathra|spe|1\n|upkeep\n|\n|t:|1776460591\n|switch|p1a: Gardevoir|Gardevoir, L50, M|100/100\n|-ability|p1a: Gardevoir|Intimidate|Trace|[from] ability: Trace|[of] p2a: mimmer\n|-ability|p1a: Gardevoir|Intimidate|boost\n|-unboost|p2a: mimmer|atk|1\n|-unboost|p2b: nuh uh|atk|1\n|turn|6\n|\n|t:|1776460635\n|switch|p2a: catch this|Glimmora-Mega, L50, M|100/100\n|detailschange|p1a: Gardevoir|Gardevoir-Mega, L50, M\n|-mega|p1a: Gardevoir|Gardevoir|Gardevoirite\n|move|p1b: Espathra|Psychic|p2b: nuh uh\n|-resisted|p2b: nuh uh|1\n|-damage|p2b: nuh uh|29/100\n|-enditem|p2b: nuh uh|Sitrus Berry|[eat]\n|-heal|p2b: nuh uh|54/100|[from] item: Sitrus Berry\n|move|p1a: Gardevoir|Hyper Voice|p2a: catch this|[spread] p2a,p2b\n|-resisted|p2a: catch this|1\n|-damage|p2a: catch this|78/100\n|-damage|p2b: nuh uh|21/100\n|move|p2b: nuh uh|Trick Room|p2b: nuh uh\n|-fieldstart|move: Trick Room|[of] p2b: nuh uh\n|\n|-ability|p1b: Espathra|Speed Boost|boost\n|-boost|p1b: Espathra|spe|1\n|upkeep\n|turn|7\n|\n|t:|1776460653\n|move|p2b: nuh uh|Hyper Voice|p1a: Gardevoir|[spread] p1a,p1b\n|-damage|p1a: Gardevoir|77/100\n|-damage|p1b: Espathra|0 fnt\n|faint|p1b: Espathra\n|move|p2a: catch this|Sludge Bomb|p1a: Gardevoir\n|-supereffective|p1a: Gardevoir|1\n|-damage|p1a: Gardevoir|0 fnt\n|faint|p1a: Gardevoir\n|\n|win|lukelby\n|raw|arachnid pie's rating: 1119 &rarr; <strong>1096</strong><br />(-23 for losing)\n|raw|lukelby's rating: 1146 &rarr; <strong>1169</strong><br />(+23 for winning)\n|l|\u2606arachnid pie\n|player|p1|\n",
  "uploadtime": 1776460866,
  "views": 27,
  "formatid": "gen9championsvgc2026regma",
  "rating": 1096,
  "private": 0,
  "password": null
}