{
  "id": "gen9championsvgc2026regma-2587715909",
  "format": "[Gen 9 Champions] VGC 2026 Reg M-A",
  "players": [
    "dayron91",
    "Soldann"
  ],
  "log": "|j|\u2606dayron91\n|j|\u2606Soldann\n|t:|1776556776\n|gametype|doubles\n|player|p1|dayron91|266|1129\n|player|p2|Soldann|1|1144\n|gen|9\n|tier|[Gen 9 Champions] VGC 2026 Reg M-A\n|rated|\n|rule|Species Clause: Limit one of each Pok\u00e9mon\n|rule|Item Clause: Limit 1 of each item\n|clearpoke\n|poke|p1|Kleavor, L50, M|\n|poke|p1|Volcarona, L50, M|\n|poke|p1|Araquanid, L50, F|\n|poke|p1|Scizor, L50, F|\n|poke|p1|Vivillon, L50, M|\n|poke|p1|Heracross, L50, M|\n|poke|p2|Gengar, L50, F|\n|poke|p2|Kangaskhan, L50, F|\n|poke|p2|Incineroar, L50, M|\n|poke|p2|Politoed, L50, F|\n|poke|p2|Sneasler, L50, F|\n|poke|p2|Kingambit, L50, F|\n|teampreview|4\n|\n|t:|1776556843\n|teamsize|p1|4\n|teamsize|p2|4\n|start\n|switch|p1a: Kleavor|Kleavor, L50, M|100/100\n|switch|p1b: Araquanid|Araquanid, L50, F|100/100\n|switch|p2a: Gengar|Gengar, L50, F|100/100\n|switch|p2b: Sneasler|Sneasler, L50, F|100/100\n|turn|1\n|\n|t:|1776556881\n|detailschange|p2a: Gengar|Gengar-Mega, L50, F\n|-mega|p2a: Gengar|Gengar|Gengarite\n|move|p2b: Sneasler|Fake Out|p1b: Araquanid\n|-damage|p1b: Araquanid|87/100\n|move|p2a: Gengar|Perish Song|p2a: Gengar\n|-start|p1a: Kleavor|perish3|[silent]\n|-start|p1b: Araquanid|perish3|[silent]\n|-start|p2a: Gengar|perish3|[silent]\n|-start|p2b: Sneasler|perish3|[silent]\n|-fieldactivate|move: Perish Song\n|move|p1a: Kleavor|Stone Axe|p2a: Gengar\n|-damage|p2a: Gengar|39/100\n|-sidestart|p2: Soldann|move: Stealth Rock\n|cant|p1b: Araquanid|flinch\n|\n|-start|p2b: Sneasler|perish3\n|-start|p2a: Gengar|perish3\n|-start|p1a: Kleavor|perish3\n|-start|p1b: Araquanid|perish3\n|upkeep\n|turn|2\n|\n|t:|1776556907\n|switch|p2b: Incineroar|Incineroar, L50, M|100/100\n|-damage|p2b: Incineroar|76/100|[from] Stealth Rock\n|-ability|p2b: Incineroar|Intimidate|boost\n|-unboost|p1a: Kleavor|atk|1\n|-unboost|p1b: Araquanid|atk|1\n|-enditem|p1a: Kleavor|White Herb\n|-clearnegativeboost|p1a: Kleavor|[silent]\n|move|p2a: Gengar|Protect|p2a: Gengar\n|-singleturn|p2a: Gengar|Protect\n|move|p1a: Kleavor|Stone Axe|p2b: Incineroar\n|-supereffective|p2b: Incineroar|1\n|-crit|p2b: Incineroar\n|-damage|p2b: Incineroar|0 fnt\n|faint|p2b: Incineroar\n|move|p1b: Araquanid|Liquidation|p2a: Gengar\n|-activate|p2a: Gengar|move: Protect\n|\n|-start|p2a: Gengar|perish2\n|-start|p1a: Kleavor|perish2\n|-start|p1b: Araquanid|perish2\n|upkeep\n|\n|t:|1776556926\n|switch|p2b: Sneasler|Sneasler, L50, F|100/100\n|-damage|p2b: Sneasler|95/100|[from] Stealth Rock\n|turn|3\n|\n|t:|1776556938\n|switch|p2a: Kangaskhan|Kangaskhan, L50, F|100/100\n|-damage|p2a: Kangaskhan|88/100|[from] Stealth Rock\n|move|p2b: Sneasler|U-turn|p1b: Araquanid\n|-damage|p1b: Araquanid|64/100\n|\n|t:|1776556943\n|switch|p2b: Gengar|Gengar-Mega, L50, F|39/100|[from] U-turn\n|-damage|p2b: Gengar|27/100|[from] Stealth Rock\n|move|p1a: Kleavor|Night Slash|p2a: Kangaskhan\n|-damage|p2a: Kangaskhan|49/100\n|move|p1b: Araquanid|Liquidation|p2a: Kangaskhan\n|-damage|p2a: Kangaskhan|7/100\n|-unboost|p2a: Kangaskhan|def|1\n|\n|-start|p1a: Kleavor|perish1\n|-start|p1b: Araquanid|perish1\n|upkeep\n|turn|4\n|\n|t:|1776556970\n|move|p2b: Gengar|Protect|p2b: Gengar\n|-singleturn|p2b: Gengar|Protect\n|move|p2a: Kangaskhan|Protect|p2a: Kangaskhan\n|-singleturn|p2a: Kangaskhan|Protect\n|move|p1a: Kleavor|X-Scissor|p2a: Kangaskhan\n|-activate|p2a: Kangaskhan|move: Protect\n|move|p1b: Araquanid|Liquidation|p2a: Kangaskhan\n|-activate|p2a: Kangaskhan|move: Protect\n|\n|-start|p1a: Kleavor|perish0\n|-start|p1b: Araquanid|perish0\n|faint|p1a: Kleavor\n|faint|p1b: Araquanid\n|upkeep\n|\n|t:|1776556985\n|switch|p1a: Scizor|Scizor, L50, F|100/100\n|switch|p1b: Volcarona|Volcarona, L50, M|100/100\n|turn|5\n|\n|t:|1776556998\n|move|p2a: Kangaskhan|Protect|p2a: Kangaskhan\n|-singleturn|p2a: Kangaskhan|Protect\n|move|p1a: Scizor|Bullet Punch|p2b: Gengar\n|-damage|p2b: Gengar|0 fnt\n|faint|p2b: Gengar\n|move|p1b: Volcarona|Heat Wave|p2a: Kangaskhan\n|-activate|p2a: Kangaskhan|move: Protect\n|\n|upkeep\n|-message|Soldann forfeited.\n|\n|win|dayron91\n|raw|dayron91's rating: 1129 &rarr; <strong>1155</strong><br />(+26 for winning)\n|raw|Soldann's rating: 1144 &rarr; <strong>1118</strong><br />(-26 for losing)\n|l|\u2606Soldann\n|player|p2|\n",
  "uploadtime": 1776557020,
  "views": 16,
  "formatid": "gen9championsvgc2026regma",
  "rating": 1118,
  "private": 0,
  "password": null
}