{
  "id": "gen9championsvgc2026regma-2586020718",
  "format": "[Gen 9 Champions] VGC 2026 Reg M-A",
  "players": [
    "LowEloInsano",
    "Thatbreloomguy"
  ],
  "log": "|j|\u2606LowEloInsano\n|j|\u2606Thatbreloomguy\n|t:|1776390972\n|gametype|doubles\n|player|p1|LowEloInsano|backpacker|1290\n|player|p2|Thatbreloomguy|2|1190\n|gen|9\n|tier|[Gen 9 Champions] VGC 2026 Reg M-A\n|rated|\n|rule|Species Clause: Limit one of each Pok\u00e9mon\n|rule|Item Clause: Limit 1 of each item\n|clearpoke\n|poke|p1|Blastoise, L50, M|\n|poke|p1|Talonflame, L50, M|\n|poke|p1|Sinistcha, L50|\n|poke|p1|Sneasler, L50, F|\n|poke|p1|Kingambit, L50, F|\n|poke|p1|Incineroar, L50, F|\n|poke|p2|Lopunny, L50, M|\n|poke|p2|Incineroar, L50, F|\n|poke|p2|Snorlax, L50, F|\n|poke|p2|Milotic, L50, M|\n|poke|p2|Oranguru, L50, M|\n|poke|p2|Typhlosion-Hisui, L50, F|\n|teampreview|4\n|\n|t:|1776391013\n|teamsize|p1|4\n|teamsize|p2|4\n|start\n|switch|p1a: Blastoise|Blastoise, L50, M|100/100\n|switch|p1b: Talonflame|Talonflame, L50, M|100/100\n|switch|p2a: Lopunny|Lopunny, L50, M|100/100\n|switch|p2b: Oranguru|Oranguru, L50, M|100/100\n|turn|1\n|inactive|Battle timer is ON: inactive players will automatically lose when time's up. (requested by LowEloInsano)\n|\n|t:|1776391040\n|switch|p2b: Snorlax|Snorlax, L50, F|100/100\n|detailschange|p2a: Lopunny|Lopunny-Mega, L50, M\n|-mega|p2a: Lopunny|Lopunny|Lopunnite\n|detailschange|p1a: Blastoise|Blastoise-Mega, L50, M\n|-mega|p1a: Blastoise|Blastoise|Blastoisinite\n|move|p2a: Lopunny|Fake Out|p1b: Talonflame\n|-damage|p1b: Talonflame|64/100\n|cant|p1b: Talonflame|flinch\n|move|p1a: Blastoise|Water Spout|p2b: Snorlax|[spread] p2a,p2b\n|-damage|p2a: Lopunny|15/100\n|-damage|p2b: Snorlax|57/100\n|\n|upkeep\n|turn|2\n|inactive|LowEloInsano has 30 seconds left.\n|\n|t:|1776391067\n|move|p2a: Lopunny|Close Combat|p1a: Blastoise\n|-damage|p1a: Blastoise|41/100\n|-unboost|p2a: Lopunny|def|1\n|-unboost|p2a: Lopunny|spd|1\n|move|p1b: Talonflame|Dual Wingbeat|p2a: Lopunny|[miss]\n|-miss|p1b: Talonflame|p2a: Lopunny\n|move|p1a: Blastoise|Aura Sphere|p2b: Snorlax\n|-supereffective|p2b: Snorlax|1\n|-damage|p2b: Snorlax|2/100\n|-enditem|p2b: Snorlax|Sitrus Berry|[eat]\n|-heal|p2b: Snorlax|27/100|[from] item: Sitrus Berry\n|move|p2b: Snorlax|Body Slam|p1a: Blastoise\n|-damage|p1a: Blastoise|0 fnt\n|faint|p1a: Blastoise\n|\n|upkeep\n|\n|t:|1776391083\n|switch|p1a: Kingambit|Kingambit, L50, F|100/100\n|turn|3\n|\n|t:|1776391093\n|move|p1a: Kingambit|Sucker Punch||[still]\n|-fail|p1a: Kingambit\n|move|p2a: Lopunny|After You|p2b: Snorlax\n|-activate|p2b: Snorlax|move: After You\n|move|p2b: Snorlax|High Horsepower|p1a: Kingambit\n|-supereffective|p1a: Kingambit|1\n|-damage|p1a: Kingambit|54/100\n|move|p1b: Talonflame|Tailwind|p1b: Talonflame\n|-sidestart|p1: LowEloInsano|move: Tailwind\n|\n|upkeep\n|turn|4\n|\n|t:|1776391108\n|move|p2a: Lopunny|Protect|p2a: Lopunny\n|-singleturn|p2a: Lopunny|Protect\n|move|p1b: Talonflame|Dual Wingbeat|p2a: Lopunny\n|-activate|p2a: Lopunny|move: Protect\n|move|p1a: Kingambit|Kowtow Cleave|p2b: Snorlax\n|-damage|p2b: Snorlax|0 fnt\n|faint|p2b: Snorlax\n|\n|upkeep\n|c|\u2606LowEloInsano|after you is saucy i like it\n|\n|t:|1776391116\n|switch|p2b: Incineroar|Incineroar, L50, F|100/100\n|-ability|p2b: Incineroar|Intimidate|boost\n|-unboost|p1a: Kingambit|atk|1\n|-ability|p1a: Kingambit|Defiant|boost\n|-boost|p1a: Kingambit|atk|2\n|-unboost|p1b: Talonflame|atk|1\n|turn|5\n|\n|t:|1776391131\n|switch|p2a: Oranguru|Oranguru, L50, M|100/100\n|move|p1b: Talonflame|Quick Guard|p1b: Talonflame\n|-singleturn|p1b: Talonflame|Quick Guard\n|move|p2b: Incineroar|Fake Out|p1a: Kingambit\n|-activate|p1a: Kingambit|move: Quick Guard\n|move|p1a: Kingambit|Sucker Punch||[still]\n|-fail|p1a: Kingambit\n|\n|upkeep\n|turn|6\n|\n|t:|1776391149\n|move|p2a: Oranguru|Protect|p2a: Oranguru\n|-singleturn|p2a: Oranguru|Protect\n|move|p1b: Talonflame|Rain Dance|p1b: Talonflame\n|-weather|RainDance\n|move|p1a: Kingambit|Kowtow Cleave|p2a: Oranguru\n|-activate|p2a: Oranguru|move: Protect\n|move|p2b: Incineroar|Flare Blitz|p1a: Kingambit\n|-supereffective|p1a: Kingambit|1\n|-damage|p1a: Kingambit|7/100\n|-damage|p2b: Incineroar|85/100|[from] Recoil\n|\n|-weather|RainDance|[upkeep]\n|-sideend|p1: LowEloInsano|move: Tailwind\n|upkeep\n|turn|7\n|\n|t:|1776391170\n|move|p1b: Talonflame|Tailwind|p1b: Talonflame\n|-sidestart|p1: LowEloInsano|move: Tailwind\n|move|p1a: Kingambit|Kowtow Cleave|p2a: Oranguru\n|-supereffective|p2a: Oranguru|1\n|-damage|p2a: Oranguru|0 fnt\n|faint|p2a: Oranguru\n|move|p2b: Incineroar|Flare Blitz|p1a: Kingambit\n|-supereffective|p1a: Kingambit|1\n|-damage|p1a: Kingambit|0 fnt\n|faint|p1a: Kingambit\n|-damage|p2b: Incineroar|83/100|[from] Recoil\n|\n|-weather|RainDance|[upkeep]\n|upkeep\n|\n|t:|1776391177\n|switch|p2a: Lopunny|Lopunny-Mega, L50, M|15/100\n|switch|p1a: Sneasler|Sneasler, L50, F|100/100\n|turn|8\n|\n|t:|1776391197\n|move|p1b: Talonflame|Quick Guard|p1b: Talonflame\n|-singleturn|p1b: Talonflame|Quick Guard\n|move|p2a: Lopunny|Fake Out|p1b: Talonflame\n|-activate|p1b: Talonflame|move: Quick Guard\n|move|p1a: Sneasler|Dire Claw|p2a: Lopunny\n|-damage|p2a: Lopunny|0 fnt\n|faint|p2a: Lopunny\n|move|p2b: Incineroar|Flare Blitz|p1a: Sneasler\n|-damage|p1a: Sneasler|42/100\n|-damage|p2b: Incineroar|68/100|[from] Recoil\n|\n|-weather|RainDance|[upkeep]\n|upkeep\n|turn|9\n|-message|Thatbreloomguy forfeited.\n|\n|win|LowEloInsano\n|raw|LowEloInsano's rating: 1290 &rarr; <strong>1308</strong><br />(+18 for winning)\n|raw|Thatbreloomguy's rating: 1190 &rarr; <strong>1172</strong><br />(-18 for losing)\n|l|\u2606Thatbreloomguy\n|player|p2|\n",
  "uploadtime": 1776391213,
  "views": 27,
  "formatid": "gen9championsvgc2026regma",
  "rating": 1172,
  "private": 0,
  "password": null
}