{
  "id": "gen9championsvgc2026regma-2582045952",
  "format": "[Gen 9 Champions] VGC 2026 Reg M-A",
  "players": [
    "superboy245",
    "Forbranna"
  ],
  "log": "|j|\u2606superboy245\n|j|\u2606Forbranna\n|t:|1776051556\n|gametype|doubles\n|player|p1|superboy245|buck|1261\n|player|p2|Forbranna|101|1366\n|gen|9\n|tier|[Gen 9 Champions] VGC 2026 Reg M-A\n|rated|\n|rule|Species Clause: Limit one of each Pok\u00e9mon\n|rule|Item Clause: Limit 1 of each item\n|clearpoke\n|poke|p1|Greninja-*, L50, M|\n|poke|p1|Politoed, L50, M|\n|poke|p1|Archaludon, L50, M|\n|poke|p1|Maushold, L50|\n|poke|p1|Dragonite, L50, M|\n|poke|p1|Basculegion, L50, M|\n|poke|p2|Meganium, L50, F|\n|poke|p2|Tyranitar, L50, M|\n|poke|p2|Excadrill, L50, M|\n|poke|p2|Farigiraf, L50, F|\n|poke|p2|Aegislash, L50, M|\n|poke|p2|Volcarona, L50, F|\n|teampreview|4\nsuperboy245 rejected open team sheets.\n|\n|t:|1776051598\n|teamsize|p1|4\n|teamsize|p2|4\n|start\n|switch|p1a: Basculegion|Basculegion, L50, M|100/100\n|switch|p1b: Greninja|Greninja, L50, M|100/100\n|switch|p2a: Theodora|Volcarona, L50, F|100/100\n|switch|p2b: Sappho|Meganium, L50, F|100/100\n|turn|1\n|\n|t:|1776051623\n|detailschange|p2b: Sappho|Meganium-Mega, L50, F\n|-mega|p2b: Sappho|Meganium|Meganiumite\n|move|p1b: Greninja|Protect|p1b: Greninja\n|-start|p1b: Greninja|typechange|Normal|[from] ability: Protean\n|-singleturn|p1b: Greninja|Protect\n|move|p2a: Theodora|Protect|p2a: Theodora\n|-singleturn|p2a: Theodora|Protect\n|move|p1a: Basculegion|Flip Turn|p2b: Sappho\n|-resisted|p2b: Sappho|1\n|-damage|p2b: Sappho|88/100\n|\n|t:|1776051632\n|switch|p1a: Archaludon|Archaludon, L50, M|100/100|[from] Flip Turn\n|move|p2b: Sappho|Solar Beam||[still]\n|-prepare|p2b: Sappho|Solar Beam\n|-activate|p2b: Sappho|ability: Mega Sol\n|-anim|p2b: Sappho|Solar Beam|p1a: Archaludon\n|-resisted|p1a: Archaludon|2\n|-crit|p1a: Archaludon\n|-damage|p1a: Archaludon|70/100\n|-ability|p1a: Archaludon|Stamina|boost\n|-boost|p1a: Archaludon|def|1\n|\n|-heal|p1a: Archaludon|76/100|[from] item: Leftovers\n|upkeep\n|turn|2\n|\n|t:|1776051663\n|detailschange|p1b: Greninja|Greninja-Mega, L50, M\n|-mega|p1b: Greninja|Greninja|Greninjite\n|move|p1b: Greninja|Surf|p2b: Sappho|[spread] p1a,p2a,p2b\n|-start|p1b: Greninja|typechange|Water|[from] ability: Protean\n|-resisted|p1a: Archaludon|1\n|-supereffective|p2a: Theodora|1\n|-crit|p2a: Theodora\n|-resisted|p2b: Sappho|1\n|-damage|p1a: Archaludon|53/100\n|-damage|p2a: Theodora|4/100\n|-damage|p2b: Sappho|73/100\n|-ability|p1a: Archaludon|Stamina|boost\n|-boost|p1a: Archaludon|def|1\n|-enditem|p2a: Theodora|Sitrus Berry|[eat]\n|-heal|p2a: Theodora|29/100|[from] item: Sitrus Berry\n|move|p2a: Theodora|Tailwind|p2a: Theodora\n|-sidestart|p2: Forbranna|move: Tailwind\n|move|p2b: Sappho|Solar Beam||[still]\n|-prepare|p2b: Sappho|Solar Beam\n|-activate|p2b: Sappho|ability: Mega Sol\n|-anim|p2b: Sappho|Solar Beam|p1b: Greninja\n|-supereffective|p1b: Greninja|1\n|-damage|p1b: Greninja|0 fnt\n|faint|p1b: Greninja\n|move|p1a: Archaludon|Flash Cannon|p2b: Sappho\n|-supereffective|p2b: Sappho|1\n|-damage|p2b: Sappho|4/100\n|\n|-heal|p1a: Archaludon|59/100|[from] item: Leftovers\n|upkeep\n|\n|t:|1776051682\n|switch|p1b: Basculegion|Basculegion, L50, M|100/100\n|turn|3\n|\n|t:|1776051736\n|switch|p2b: Dr. Freud|Farigiraf, L50, F|100/100\n|move|p1a: Archaludon|Protect|p1a: Archaludon\n|-singleturn|p1a: Archaludon|Protect\n|move|p1b: Basculegion|Aqua Jet||[still]\n|cant|p2b: Dr. Freud|ability: Armor Tail|Aqua Jet|[of] p1b: Basculegion\n|move|p2a: Theodora|Heat Wave|p1a: Archaludon|[spread] p1b\n|-activate|p1a: Archaludon|move: Protect\n|-resisted|p1b: Basculegion|1\n|-damage|p1b: Basculegion|82/100\n|\n|-heal|p1a: Archaludon|65/100|[from] item: Leftovers\n|upkeep\n|turn|4\n|\n|t:|1776051780\n|switch|p1a: Politoed|Politoed, L50, M|100/100\n|-weather|RainDance|[from] ability: Drizzle|[of] p1a: Politoed\n|move|p2a: Theodora|Heat Wave|p1a: Politoed|[spread] p1b\n|-miss|p2a: Theodora|p1a: Politoed\n|-resisted|p1b: Basculegion|1\n|-damage|p1b: Basculegion|74/100\n|move|p1b: Basculegion|Flip Turn|p2a: Theodora\n|-supereffective|p2a: Theodora|1\n|-damage|p2a: Theodora|0 fnt\n|faint|p2a: Theodora\n|\n|t:|1776051791\n|switch|p1b: Archaludon|Archaludon, L50, M|65/100|[from] Flip Turn\n|move|p2b: Dr. Freud|Dazzling Gleam|p1a: Politoed|[spread] p1a,p1b\n|-damage|p1a: Politoed|89/100\n|-damage|p1b: Archaludon|46/100\n|-ability|p1b: Archaludon|Stamina|boost\n|-boost|p1b: Archaludon|def|1\n|\n|-weather|RainDance|[upkeep]\n|-heal|p1b: Archaludon|52/100|[from] item: Leftovers\n|upkeep\n|\n|t:|1776051804\n|switch|p2a: Sappho|Meganium-Mega, L50, F|4/100\n|turn|5\n|\n|t:|1776051822\n|move|p1a: Politoed|Protect|p1a: Politoed\n|-singleturn|p1a: Politoed|Protect\n|move|p2a: Sappho|Solar Beam||[still]\n|-prepare|p2a: Sappho|Solar Beam\n|-activate|p2a: Sappho|ability: Mega Sol\n|-anim|p2a: Sappho|Solar Beam|p1a: Politoed\n|-activate|p1a: Politoed|move: Protect\n|move|p1b: Archaludon|Electro Shot||[still]\n|-prepare|p1b: Archaludon|Electro Shot\n|-boost|p1b: Archaludon|spa|1\n|-anim|p1b: Archaludon|Electro Shot|p2a: Sappho\n|-resisted|p2a: Sappho|1\n|-damage|p2a: Sappho|0 fnt\n|faint|p2a: Sappho\n|move|p2b: Dr. Freud|Trick Room|p2b: Dr. Freud\n|-fieldstart|move: Trick Room|[of] p2b: Dr. Freud\n|\n|-weather|RainDance|[upkeep]\n|-heal|p1b: Archaludon|59/100|[from] item: Leftovers\n|-sideend|p2: Forbranna|move: Tailwind\n|upkeep\n|\n|t:|1776051840\n|switch|p2a: Charles V|Aegislash, L50, M, shiny|100/100\n|turn|6\n|\n|t:|1776051849\n|move|p2b: Dr. Freud|Helping Hand|p2a: Charles V\n|-singleturn|p2a: Charles V|Helping Hand|[of] p2b: Dr. Freud\n|-formechange|p2a: Charles V|Aegislash-Blade|\n|move|p2a: Charles V|Shadow Ball|p1b: Archaludon\n|-damage|p1b: Archaludon|0 fnt\n|faint|p1b: Archaludon\n|move|p1a: Politoed|Weather Ball|p2b: Dr. Freud\n|-damage|p2b: Dr. Freud|55/100\n|\n|-weather|RainDance|[upkeep]\n|upkeep\n|\n|t:|1776051860\n|switch|p1b: Basculegion|Basculegion, L50, M|74/100\n|turn|7\n|\n|t:|1776051888\n|move|p2b: Dr. Freud|Psychic Noise|p1a: Politoed\n|-damage|p1a: Politoed|71/100\n|-start|p1a: Politoed|move: Heal Block\n|move|p2a: Charles V|Shadow Ball|p1b: Basculegion\n|-supereffective|p1b: Basculegion|1\n|-damage|p1b: Basculegion|0 fnt\n|faint|p1b: Basculegion\n|move|p1a: Politoed|Weather Ball|p2a: Charles V\n|-damage|p2a: Charles V|1/100\n|\n|-weather|RainDance|[upkeep]\n|-heal|p2a: Charles V|7/100|[from] item: Leftovers\n|upkeep\n|turn|8\n|\n|t:|1776051933\n|move|p2b: Dr. Freud|Helping Hand|p2a: Charles V\n|-singleturn|p2a: Charles V|Helping Hand|[of] p2b: Dr. Freud\n|move|p2a: Charles V|Shadow Ball|p1a: Politoed\n|-damage|p1a: Politoed|27/100\n|move|p1a: Politoed|Weather Ball|p2b: Dr. Freud\n|-damage|p2b: Dr. Freud|13/100\n|\n|-weather|none\n|-heal|p2a: Charles V|14/100|[from] item: Leftovers\n|-end|p1a: Politoed|move: Heal Block\n|upkeep\n|-enditem|p1a: Politoed|Sitrus Berry|[eat]\n|-heal|p1a: Politoed|52/100|[from] item: Sitrus Berry\n|turn|9\n|\n|t:|1776051958\n|move|p2b: Dr. Freud|Psychic Noise|p1a: Politoed\n|-damage|p1a: Politoed|32/100\n|-start|p1a: Politoed|move: Heal Block\n|move|p2a: Charles V|Shadow Ball|p1a: Politoed\n|-damage|p1a: Politoed|0 fnt\n|faint|p1a: Politoed\n|\n|win|Forbranna\n|raw|superboy245's rating: 1261 &rarr; <strong>1243</strong><br />(-18 for losing)\n|raw|Forbranna's rating: 1366 &rarr; <strong>1380</strong><br />(+14 for winning)\n",
  "uploadtime": 1776051965,
  "views": 22,
  "formatid": "gen9championsvgc2026regma",
  "rating": 1243,
  "private": 0,
  "password": null
}