{
  "id": "gen9championsvgc2026regma-2583115690",
  "format": "[Gen 9 Champions] VGC 2026 Reg M-A",
  "players": [
    "shapy23",
    "StrawberryBalloons"
  ],
  "log": "|j|\u2606shapy23\n|j|\u2606StrawberryBalloons\n|t:|1776143838\n|gametype|doubles\n|player|p1|shapy23|265|1186\n|player|p2|StrawberryBalloons|fisherman-gen4|1271\n|gen|9\n|tier|[Gen 9 Champions] VGC 2026 Reg M-A\n|rated|\n|rule|Species Clause: Limit one of each Pok\u00e9mon\n|rule|Item Clause: Limit 1 of each item\n|clearpoke\n|poke|p1|Charizard, L50, M|\n|poke|p1|Venusaur, L50, M|\n|poke|p1|Garchomp, L50, M|\n|poke|p1|Sneasler, L50, M|\n|poke|p1|Basculegion, L50, M|\n|poke|p1|Incineroar, L50, F|\n|poke|p2|Garchomp, L50, F|\n|poke|p2|Tinkaton, L50, F|\n|poke|p2|Whimsicott, L50, F|\n|poke|p2|Floette-Eternal, L50, F|\n|poke|p2|Milotic, L50, F|\n|poke|p2|Meganium, L50, F|\n|teampreview|4\n|inactive|Battle timer is ON: inactive players will automatically lose when time's up. (requested by StrawberryBalloons)\n|inactive|shapy23 also wants the timer to be on.\n|inactive|shapy23 has 60 seconds left.\n|\n|t:|1776143881\n|teamsize|p1|4\n|teamsize|p2|4\n|start\n|switch|p1a: Charizard|Charizard, L50, M|100/100\n|switch|p1b: Incineroar|Incineroar, L50, F|100/100\n|switch|p2a: Whimsicott|Whimsicott, L50, F|100/100\n|switch|p2b: Milotic|Milotic, L50, F|100/100\n|-ability|p1b: Incineroar|Intimidate|boost\n|-unboost|p2a: Whimsicott|atk|1\n|-unboost|p2b: Milotic|atk|1\n|-ability|p2b: Milotic|Competitive|boost\n|-boost|p2b: Milotic|spa|2\n|turn|1\n|\n|t:|1776143901\n|detailschange|p1a: Charizard|Charizard-Mega-Y, L50, M\n|-mega|p1a: Charizard|Charizard|Charizardite Y\n|-weather|SunnyDay|[from] ability: Drought|[of] p1a: Charizard\n|move|p1b: Incineroar|Fake Out|p2a: Whimsicott\n|-damage|p2a: Whimsicott|81/100\n|cant|p2a: Whimsicott|flinch\n|move|p1a: Charizard|Heat Wave|p2b: Milotic|[spread] p2a,p2b\n|-supereffective|p2a: Whimsicott|1\n|-enditem|p2a: Whimsicott|Occa Berry|[eat]\n|-enditem|p2a: Whimsicott|Occa Berry|[weaken]\n|-resisted|p2b: Milotic|1\n|-damage|p2a: Whimsicott|0 fnt\n|-damage|p2b: Milotic|80/100\n|faint|p2a: Whimsicott\n|move|p2b: Milotic|Scald|p1a: Charizard\n|-supereffective|p1a: Charizard|1\n|-damage|p1a: Charizard|46/100\n|\n|-weather|SunnyDay|[upkeep]\n|-heal|p2b: Milotic|86/100|[from] item: Leftovers\n|upkeep\n|\n|t:|1776143904\n|switch|p2a: Garchomp|Garchomp, L50, F|100/100\n|turn|2\n|inactive|shapy23 has 30 seconds left.\n|\n|t:|1776143931\n|move|p1a: Charizard|Protect|p1a: Charizard\n|-singleturn|p1a: Charizard|Protect\n|move|p2a: Garchomp|Rock Slide|p1a: Charizard|[spread] p1b\n|-activate|p1a: Charizard|move: Protect\n|-supereffective|p1b: Incineroar|1\n|-damage|p1b: Incineroar|67/100\n|move|p2b: Milotic|Coil|p2b: Milotic\n|-boost|p2b: Milotic|atk|1\n|-boost|p2b: Milotic|def|1\n|-boost|p2b: Milotic|accuracy|1\n|cant|p1b: Incineroar|flinch\n|\n|-weather|SunnyDay|[upkeep]\n|-heal|p2b: Milotic|92/100|[from] item: Leftovers\n|upkeep\n|turn|3\n|inactive|shapy23 has 30 seconds left.\n|inactive|StrawberryBalloons has 30 seconds left.\n|\n|t:|1776143965\n|switch|p1a: Garchomp|Garchomp, L50, M|100/100\n|move|p2a: Garchomp|Rock Slide|p1b: Incineroar|[spread] p1a\n|-miss|p2a: Garchomp|p1b: Incineroar\n|-resisted|p1a: Garchomp|1\n|-damage|p1a: Garchomp|92/100\n|move|p2b: Milotic|Hypnosis|p1a: Garchomp\n|-status|p1a: Garchomp|slp|[from] move: Hypnosis\n|move|p1b: Incineroar|Parting Shot|p2a: Garchomp\n|-unboost|p2a: Garchomp|atk|1\n|-unboost|p2a: Garchomp|spa|1\n|\n|t:|1776143980\n|switch|p1b: Venusaur|Venusaur, L50, M|100/100|[from] Parting Shot\n|\n|-weather|SunnyDay|[upkeep]\n|-heal|p2b: Milotic|98/100|[from] item: Leftovers\n|upkeep\n|turn|4\n|\n|t:|1776144000\n|switch|p2a: Floette|Floette-Eternal, L50, F|100/100\n|move|p1b: Venusaur|Energy Ball|p2b: Milotic\n|-supereffective|p2b: Milotic|1\n|-damage|p2b: Milotic|41/100\n|cant|p1a: Garchomp|slp\n|move|p2b: Milotic|Hypnosis|p1b: Venusaur\n|-status|p1b: Venusaur|slp|[from] move: Hypnosis\n|\n|-weather|SunnyDay|[upkeep]\n|-heal|p2b: Milotic|47/100|[from] item: Leftovers\n|upkeep\n|turn|5\n|\n|t:|1776144023\n|detailschange|p2a: Floette|Floette-Mega, L50, F\n|-mega|p2a: Floette|Floette|Floettite\n|-ability|p2a: Floette|Fairy Aura\n|cant|p1b: Venusaur|slp\n|cant|p1a: Garchomp|slp\n|move|p2a: Floette|Calm Mind|p2a: Floette\n|-boost|p2a: Floette|spa|1\n|-boost|p2a: Floette|spd|1\n|move|p2b: Milotic|Draining Kiss|p1a: Garchomp\n|-supereffective|p1a: Garchomp|1\n|-damage|p1a: Garchomp|25/100 slp\n|-heal|p2b: Milotic|99/100|[from] drain|[of] p1a: Garchomp\n|-damage|p2b: Milotic|86/100|[from] ability: Rough Skin|[of] p1a: Garchomp\n|\n|-weather|none\n|-heal|p2b: Milotic|92/100|[from] item: Leftovers\n|upkeep\n|turn|6\n|\n|t:|1776144045\n|switch|p1a: Charizard|Charizard-Mega-Y, L50, M|46/100\n|-weather|SunnyDay|[from] ability: Drought|[of] p1a: Charizard\n|-curestatus|p1b: Venusaur|slp|[msg]\n|move|p1b: Venusaur|Sludge Bomb|p2a: Floette\n|-supereffective|p2a: Floette|1\n|-damage|p2a: Floette|56/100\n|move|p2a: Floette|Moonblast|p1b: Venusaur\n|-resisted|p1b: Venusaur|1\n|-damage|p1b: Venusaur|34/100\n|move|p2b: Milotic|Scald|p1a: Charizard\n|-supereffective|p1a: Charizard|1\n|-damage|p1a: Charizard|0 fnt\n|faint|p1a: Charizard\n|\n|-weather|SunnyDay|[upkeep]\n|-heal|p2b: Milotic|98/100|[from] item: Leftovers\n|upkeep\n|\n|t:|1776144060\n|switch|p1a: Garchomp|Garchomp, L50, M|25/100 slp\n|turn|7\n|\n|t:|1776144073\n|move|p1b: Venusaur|Sludge Bomb|p2a: Floette\n|-supereffective|p2a: Floette|1\n|-damage|p2a: Floette|17/100\n|-curestatus|p1a: Garchomp|slp|[msg]\n|move|p1a: Garchomp|Dragon Claw|p2b: Milotic\n|-damage|p2b: Milotic|67/100\n|move|p2a: Floette|Dazzling Gleam|p1a: Garchomp|[spread] p1a,p1b\n|-supereffective|p1a: Garchomp|1\n|-resisted|p1b: Venusaur|1\n|-damage|p1a: Garchomp|0 fnt\n|-damage|p1b: Venusaur|0 fnt\n|faint|p1a: Garchomp\n|faint|p1b: Venusaur\n|move|p2b: Milotic|Draining Kiss|p1: Garchomp|[notarget]\n|-fail|p2b: Milotic\n|\n|-weather|SunnyDay|[upkeep]\n|-heal|p2b: Milotic|73/100|[from] item: Leftovers\n|upkeep\n|-message|shapy23 forfeited.\n|\n|win|StrawberryBalloons\n|raw|shapy23's rating: 1186 &rarr; <strong>1167</strong><br />(-19 for losing)\n|raw|StrawberryBalloons's rating: 1271 &rarr; <strong>1290</strong><br />(+19 for winning)\n",
  "uploadtime": 1776144088,
  "views": 27,
  "formatid": "gen9championsvgc2026regma",
  "rating": 1167,
  "private": 0,
  "password": null
}