{
  "id": "gen9championsvgc2026regma-2587582703",
  "format": "[Gen 9 Champions] VGC 2026 Reg M-A",
  "players": [
    "RobinLeft",
    "STRONGERX"
  ],
  "log": "|j|\u2606RobinLeft\n|j|\u2606STRONGERX\n|t:|1776544277\n|gametype|doubles\n|player|p1|RobinLeft|n|1084\n|player|p2|STRONGERX|biker|1000\n|gen|9\n|tier|[Gen 9 Champions] VGC 2026 Reg M-A\n|rated|\n|rule|Species Clause: Limit one of each Pok\u00e9mon\n|rule|Item Clause: Limit 1 of each item\n|clearpoke\n|poke|p1|Feraligatr, L50, F|\n|poke|p1|Sneasler, L50, F|\n|poke|p1|Whimsicott, L50, M|\n|poke|p1|Farigiraf, L50, M|\n|poke|p1|Incineroar, L50, F|\n|poke|p1|Floette-Eternal, L50, F|\n|poke|p2|Scovillain, L50, F, shiny|\n|poke|p2|Incineroar, L50, F, shiny|\n|poke|p2|Farigiraf, L50, M, shiny|\n|poke|p2|Gallade, L50, M, shiny|\n|poke|p2|Kingambit, L50, M, shiny|\n|poke|p2|Pelipper, L50, F, shiny|\n|teampreview|4\nRobinLeft rejected open team sheets.\n|inactive|Battle timer is ON: inactive players will automatically lose when time's up. (requested by RobinLeft)\n|\n|t:|1776544312\n|teamsize|p1|4\n|teamsize|p2|4\n|start\n|switch|p1a: StraightUpSneasin'|Sneasler, L50, F|100/100\n|switch|p1b: What a surprise|Incineroar, L50, F|100/100\n|switch|p2a: Scovillain|Scovillain, L50, F, shiny|100/100\n|switch|p2b: Farigiraf|Farigiraf, L50, M, shiny|100/100\n|-ability|p1b: What a surprise|Intimidate|boost\n|-unboost|p2a: Scovillain|atk|1\n|-unboost|p2b: Farigiraf|atk|1\n|turn|1\n|\n|t:|1776544337\n|detailschange|p2a: Scovillain|Scovillain-Mega, L50, F, shiny\n|-mega|p2a: Scovillain|Scovillain|Scovillainite\n|move|p2a: Scovillain|Rage Powder|p2a: Scovillain\n|-singleturn|p2a: Scovillain|move: Rage Powder\n|move|p1a: StraightUpSneasin'|Dire Claw|p2a: Scovillain\n|-supereffective|p2a: Scovillain|1\n|-crit|p2a: Scovillain\n|-damage|p2a: Scovillain|0 fnt\n|-status|p1a: StraightUpSneasin'|brn|[from] ability: Spicy Spray|[of] p2a: Scovillain\n|faint|p2a: Scovillain\n|move|p1b: What a surprise|Darkest Lariat|p2b: Farigiraf\n|-supereffective|p2b: Farigiraf|1\n|-damage|p2b: Farigiraf|15/100\n|-enditem|p2b: Farigiraf|Sitrus Berry|[eat]\n|-heal|p2b: Farigiraf|40/100|[from] item: Sitrus Berry\n|move|p2b: Farigiraf|Trick Room|p2b: Farigiraf\n|-fieldstart|move: Trick Room|[of] p2b: Farigiraf\n|\n|-damage|p1a: StraightUpSneasin'|95/100 brn|[from] brn\n|upkeep\n|\n|t:|1776544354\n|switch|p2a: Gallade|Gallade, L50, M, shiny|100/100\n|turn|2\n|inactive|RobinLeft has 30 seconds left.\n|\n|t:|1776544381\n|move|p2b: Farigiraf|Hyper Voice|p1a: StraightUpSneasin'|[spread] p1a,p1b\n|-damage|p1a: StraightUpSneasin'|52/100 brn\n|-damage|p1b: What a surprise|71/100\n|move|p1b: What a surprise|Flare Blitz|p2a: Gallade\n|-damage|p2a: Gallade|12/100\n|-damage|p1b: What a surprise|45/100|[from] Recoil\n|move|p2a: Gallade|Sacred Sword|p1b: What a surprise\n|-supereffective|p1b: What a surprise|1\n|-damage|p1b: What a surprise|0 fnt\n|faint|p1b: What a surprise\n|move|p1a: StraightUpSneasin'|Taunt|p2a: Gallade\n|-start|p2a: Gallade|move: Taunt\n|\n|-damage|p1a: StraightUpSneasin'|46/100 brn|[from] brn\n|upkeep\n|\n|t:|1776544399\n|switch|p1b: Just a wittle guy|Floette-Eternal, L50, F|100/100\n|turn|3\n|\n|t:|1776544415\n|detailschange|p1b: Just a wittle guy|Floette-Mega, L50, F\n|-mega|p1b: Just a wittle guy|Floette|Floettite\n|-ability|p1b: Just a wittle guy|Fairy Aura\n|move|p2b: Farigiraf|Hyper Voice|p1a: StraightUpSneasin'|[spread] p1a,p1b\n|-damage|p1a: StraightUpSneasin'|0 fnt\n|-damage|p1b: Just a wittle guy|74/100\n|faint|p1a: StraightUpSneasin'\n|move|p2a: Gallade|Psycho Cut|p1b: Just a wittle guy\n|-damage|p1b: Just a wittle guy|2/100\n|move|p1b: Just a wittle guy|Dazzling Gleam|p2a: Gallade|[spread] p2a,p2b\n|-supereffective|p2a: Gallade|1\n|-damage|p2a: Gallade|0 fnt\n|-damage|p2b: Farigiraf|0 fnt\n|faint|p2a: Gallade\n|faint|p2b: Farigiraf\n|\n|upkeep\n|\n|t:|1776544430\n|switch|p2b: Kingambit|Kingambit, L50, M, shiny|100/100\n|switch|p1a: Whimsy Scott|Whimsicott, L50, M|100/100\n|turn|4\n|\n|t:|1776544451\n|move|p1b: Just a wittle guy|Protect|p1b: Just a wittle guy\n|-singleturn|p1b: Just a wittle guy|Protect\n|move|p2b: Kingambit|Sucker Punch||[still]\n|-fail|p2b: Kingambit\n|move|p1a: Whimsy Scott|Moonblast|p2b: Kingambit\n|-damage|p2b: Kingambit|66/100\n|\n|upkeep\n|turn|5\n|\n|t:|1776544472\n|move|p1b: Just a wittle guy|Helping Hand|p1a: Whimsy Scott\n|-singleturn|p1a: Whimsy Scott|Helping Hand|[of] p1b: Just a wittle guy\n|move|p2b: Kingambit|Sucker Punch||[still]\n|-fail|p2b: Kingambit\n|move|p1a: Whimsy Scott|Moonblast|p2b: Kingambit\n|-damage|p2b: Kingambit|16/100\n|-unboost|p2b: Kingambit|spa|1\n|-ability|p2b: Kingambit|Defiant|boost\n|-boost|p2b: Kingambit|atk|2\n|\n|-fieldend|move: Trick Room\n|upkeep\n|turn|6\n|inactive|STRONGERX has 30 seconds left.\n|\n|t:|1776544502\n|move|p2b: Kingambit|Sucker Punch|p1a: Whimsy Scott\n|-resisted|p1a: Whimsy Scott|1\n|-damage|p1a: Whimsy Scott|43/100\n|move|p1b: Just a wittle guy|Moonblast|p2b: Kingambit\n|-damage|p2b: Kingambit|0 fnt\n|faint|p2b: Kingambit\n|\n|win|RobinLeft\n|raw|RobinLeft's rating: 1084 &rarr; <strong>1105</strong><br />(+21 for winning)\n|raw|STRONGERX's rating: 1000 &rarr; <strong>1000</strong><br />(+0 for losing)\n|c|\u2606RobinLeft|Gg\n",
  "uploadtime": 1776544516,
  "views": 37,
  "formatid": "gen9championsvgc2026regma",
  "rating": 1000,
  "private": 0,
  "password": null
}