{
  "id": "gen9championsvgc2026regma-2584002325",
  "format": "[Gen 9 Champions] VGC 2026 Reg M-A",
  "players": [
    "Marceeisanut",
    "Cabin6"
  ],
  "log": "|j|\u2606Marceeisanut\n|j|\u2606Cabin6\n|t:|1776215762\n|gametype|doubles\n|player|p1|Marceeisanut|skierf|1365\n|player|p2|Cabin6|roxie|1394\n|gen|9\n|tier|[Gen 9 Champions] VGC 2026 Reg M-A\n|rated|\n|rule|Species Clause: Limit one of each Pok\u00e9mon\n|rule|Item Clause: Limit 1 of each item\n|clearpoke\n|poke|p1|Floette-Eternal, L50, F|\n|poke|p1|Aerodactyl, L50, M|\n|poke|p1|Gardevoir, L50, F|\n|poke|p1|Incineroar, L50, F|\n|poke|p1|Farigiraf, L50, F|\n|poke|p1|Sneasler, L50, F|\n|poke|p2|Delphox, L50, F|\n|poke|p2|Kingambit, L50, F|\n|poke|p2|Sneasler, L50, M|\n|poke|p2|Dragonite, L50, M|\n|poke|p2|Clefable, L50, F|\n|poke|p2|Basculegion, L50, M|\n|teampreview|4\n|inactive|Battle timer is ON: inactive players will automatically lose when time's up. (requested by Marceeisanut)\n|\n|t:|1776215790\n|teamsize|p1|4\n|teamsize|p2|4\n|start\n|switch|p1a: Floette|Floette-Eternal, L50, F|100/100\n|switch|p1b: Aerodactyl|Aerodactyl, L50, M|100/100\n|switch|p2a: Basculegion|Basculegion, L50, M|100/100\n|switch|p2b: Foxpii's Aura|Delphox, L50, F|100/100\n|turn|1\n|\n|t:|1776215807\n|detailschange|p2b: Foxpii's Aura|Delphox-Mega, L50, F\n|-mega|p2b: Foxpii's Aura|Delphox|Delphoxite\n|detailschange|p1a: Floette|Floette-Mega, L50, F\n|-mega|p1a: Floette|Floette|Floettite\n|-ability|p1a: Floette|Fairy Aura\n|move|p1a: Floette|Protect|p1a: Floette\n|-singleturn|p1a: Floette|Protect\n|move|p2a: Basculegion|Wave Crash|p1b: Aerodactyl\n|-supereffective|p1b: Aerodactyl|1\n|-enditem|p1b: Aerodactyl|Focus Sash\n|-damage|p1b: Aerodactyl|1/100\n|-damage|p2a: Basculegion|75/100|[from] Recoil\n|move|p2b: Foxpii's Aura|Substitute|p2b: Foxpii's Aura\n|-start|p2b: Foxpii's Aura|Substitute\n|-damage|p2b: Foxpii's Aura|76/100\n|move|p1b: Aerodactyl|Tailwind|p1b: Aerodactyl\n|-sidestart|p1: Marceeisanut|move: Tailwind\n|\n|upkeep\n|turn|2\n|\n|t:|1776215831\n|switch|p2a: Clefable|Clefable, L50, F|100/100\n|move|p1b: Aerodactyl|Rock Slide|p2a: Clefable|[spread] p2a,p2b\n|-supereffective|p2b: Foxpii's Aura|1\n|-end|p2b: Foxpii's Aura|Substitute\n|-damage|p2a: Clefable|81/100\n|move|p1a: Floette|Moonblast|p2b: Foxpii's Aura\n|-resisted|p2b: Foxpii's Aura|1\n|-damage|p2b: Foxpii's Aura|36/100\n|move|p2b: Foxpii's Aura|Heat Wave|p1b: Aerodactyl|[spread] p1a\n|-miss|p2b: Foxpii's Aura|p1b: Aerodactyl\n|-damage|p1a: Floette|63/100\n|\n|upkeep\n|turn|3\n|\n|t:|1776215850\n|switch|p2b: Basculegion|Basculegion, L50, M|75/100\n|move|p2a: Clefable|Protect|p2a: Clefable\n|-singleturn|p2a: Clefable|Protect\n|move|p1b: Aerodactyl|Rock Slide|p2a: Clefable|[spread] p2b\n|-activate|p2a: Clefable|move: Protect\n|-damage|p2b: Basculegion|41/100\n|move|p1a: Floette|Dazzling Gleam|p2a: Clefable|[spread] p2b\n|-activate|p2a: Clefable|move: Protect\n|-crit|p2b: Basculegion\n|-damage|p2b: Basculegion|0 fnt\n|faint|p2b: Basculegion\n|\n|upkeep\n|\n|t:|1776215864\n|switch|p2b: Abdur's Aura|Sneasler, L50, M|100/100\n|turn|4\n|\n|t:|1776215888\n|switch|p1b: Farigiraf|Farigiraf, L50, F|100/100\n|move|p2b: Abdur's Aura|Fake Out||[still]\n|cant|p1b: Farigiraf|ability: Armor Tail|Fake Out|[of] p2b: Abdur's Aura\n|move|p1a: Floette|Moonblast|p2b: Abdur's Aura\n|-enditem|p2b: Abdur's Aura|Focus Sash\n|-damage|p2b: Abdur's Aura|1/100\n|move|p2a: Clefable|Moonblast|p1a: Floette\n|-damage|p1a: Floette|26/100\n|\n|-sideend|p1: Marceeisanut|move: Tailwind\n|upkeep\n|turn|5\n|inactive|Cabin6 has 30 seconds left.\n|\n|t:|1776215918\n|switch|p1a: Aerodactyl|Aerodactyl, L50, M|1/100\n|move|p2a: Clefable|Helping Hand|p2b: Abdur's Aura\n|-singleturn|p2b: Abdur's Aura|Helping Hand|[of] p2a: Clefable\n|move|p2b: Abdur's Aura|Close Combat|p1b: Farigiraf\n|-damage|p1b: Farigiraf|6/100\n|-unboost|p2b: Abdur's Aura|def|1\n|-unboost|p2b: Abdur's Aura|spd|1\n|-enditem|p1b: Farigiraf|Sitrus Berry|[eat]\n|-heal|p1b: Farigiraf|31/100|[from] item: Sitrus Berry\n|move|p1b: Farigiraf|Trick Room|p1b: Farigiraf\n|-fieldstart|move: Trick Room|[of] p1b: Farigiraf\n|\n|upkeep\n|turn|6\n|\n|t:|1776215936\n|move|p2b: Abdur's Aura|Protect|p2b: Abdur's Aura\n|-singleturn|p2b: Abdur's Aura|Protect\n|move|p1b: Farigiraf|Psychic|p2b: Abdur's Aura\n|-activate|p2b: Abdur's Aura|move: Protect\n|move|p2a: Clefable|Moonblast|p1a: Aerodactyl\n|-damage|p1a: Aerodactyl|0 fnt\n|faint|p1a: Aerodactyl\n|\n|upkeep\n|\n|t:|1776215946\n|switch|p1a: Floette|Floette-Mega, L50, F|26/100\n|-ability|p1a: Floette|Fairy Aura\n|turn|7\n|\n|t:|1776215962\n|switch|p2b: Foxpii's Aura|Delphox-Mega, L50, F|36/100\n|move|p1b: Farigiraf|Psychic|p2b: Foxpii's Aura\n|-resisted|p2b: Foxpii's Aura|1\n|-damage|p2b: Foxpii's Aura|20/100\n|move|p2a: Clefable|Moonblast|p1a: Floette\n|-damage|p1a: Floette|0 fnt\n|faint|p1a: Floette\n|\n|upkeep\n|\n|t:|1776215965\n|switch|p1a: Incineroar|Incineroar, L50, F|100/100\n|-ability|p1a: Incineroar|Intimidate|boost\n|-unboost|p2a: Clefable|atk|1\n|-unboost|p2b: Foxpii's Aura|atk|1\n|turn|8\n|\n|t:|1776215976\n|move|p2a: Clefable|Protect|p2a: Clefable\n|-singleturn|p2a: Clefable|Protect\n|move|p2b: Foxpii's Aura|Protect|p2b: Foxpii's Aura\n|-singleturn|p2b: Foxpii's Aura|Protect\n|move|p1b: Farigiraf|Psychic|p2b: Foxpii's Aura\n|-activate|p2b: Foxpii's Aura|move: Protect\n|move|p1a: Incineroar|Flare Blitz|p2b: Foxpii's Aura\n|-activate|p2b: Foxpii's Aura|move: Protect\n|\n|upkeep\n|turn|9\n|\n|t:|1776215996\n|move|p2a: Clefable|Follow Me|p2a: Clefable\n|-singleturn|p2a: Clefable|move: Follow Me\n|move|p1b: Farigiraf|Psychic|p2a: Clefable\n|-damage|p2a: Clefable|50/100\n|-unboost|p2a: Clefable|spd|1\n|-enditem|p2a: Clefable|Sitrus Berry|[eat]\n|-heal|p2a: Clefable|75/100|[from] item: Sitrus Berry\n|move|p1a: Incineroar|Flare Blitz|p2a: Clefable\n|-damage|p2a: Clefable|42/100\n|-status|p2a: Clefable|brn\n|-damage|p1a: Incineroar|90/100|[from] Recoil\n|move|p2b: Foxpii's Aura|Psychic|p1b: Farigiraf\n|-resisted|p1b: Farigiraf|1\n|-damage|p1b: Farigiraf|12/100\n|\n|-damage|p2a: Clefable|36/100 brn|[from] brn\n|-fieldend|move: Trick Room\n|upkeep\n|turn|10\n|j| Iapapa Sand\n|\n|t:|1776216019\n|move|p1a: Incineroar|Protect|p1a: Incineroar\n|-singleturn|p1a: Incineroar|Protect\n|move|p1b: Farigiraf|Protect|p1b: Farigiraf\n|-singleturn|p1b: Farigiraf|Protect\n|move|p2b: Foxpii's Aura|Heat Wave|p1a: Incineroar|[spread] \n|-activate|p1a: Incineroar|move: Protect\n|-activate|p1b: Farigiraf|move: Protect\n|move|p2a: Clefable|Moonblast|p1a: Incineroar\n|-activate|p1a: Incineroar|move: Protect\n|\n|-damage|p2a: Clefable|30/100 brn|[from] brn\n|upkeep\n|turn|11\n|\n|t:|1776216040\n|move|p2b: Foxpii's Aura|Psychic|p1b: Farigiraf\n|-resisted|p1b: Farigiraf|1\n|-damage|p1b: Farigiraf|0 fnt\n|faint|p1b: Farigiraf\n|move|p1a: Incineroar|Flare Blitz|p2b: Foxpii's Aura\n|-resisted|p2b: Foxpii's Aura|1\n|-damage|p2b: Foxpii's Aura|0 fnt\n|faint|p2b: Foxpii's Aura\n|-damage|p1a: Incineroar|85/100|[from] Recoil\n|move|p2a: Clefable|Moonblast|p1a: Incineroar\n|-damage|p1a: Incineroar|58/100\n|\n|-damage|p2a: Clefable|24/100 brn|[from] brn\n|upkeep\n|\n|t:|1776216054\n|switch|p2b: Abdur's Aura|Sneasler, L50, M|1/100\n|turn|12\n|l| Iapapa Sand\n|j| Iapapa Sand\n|l| Iapapa Sand\n|\n|t:|1776216067\n|move|p1a: Incineroar|Protect|p1a: Incineroar\n|-singleturn|p1a: Incineroar|Protect\n|move|p2b: Abdur's Aura|Fake Out|p1a: Incineroar\n|-activate|p1a: Incineroar|move: Protect\n|move|p2a: Clefable|Moonblast|p1a: Incineroar\n|-activate|p1a: Incineroar|move: Protect\n|\n|-damage|p2a: Clefable|18/100 brn|[from] brn\n|upkeep\n|turn|13\n|\n|t:|1776216078\n|move|p2a: Clefable|Follow Me|p2a: Clefable\n|-singleturn|p2a: Clefable|move: Follow Me\n|move|p2b: Abdur's Aura|Close Combat|p1a: Incineroar\n|-supereffective|p1a: Incineroar|1\n|-enditem|p1a: Incineroar|Chople Berry|[eat]\n|-enditem|p1a: Incineroar|Chople Berry|[weaken]\n|-damage|p1a: Incineroar|10/100\n|-unboost|p2b: Abdur's Aura|def|1\n|-unboost|p2b: Abdur's Aura|spd|1\n|move|p1a: Incineroar|Flare Blitz|p2a: Clefable\n|-damage|p2a: Clefable|0 fnt\n|faint|p2a: Clefable\n|-damage|p1a: Incineroar|4/100|[from] Recoil\n|\n|upkeep\n|turn|14\n|\n|t:|1776216095\n|move|p2b: Abdur's Aura|Close Combat|p1a: Incineroar\n|-supereffective|p1a: Incineroar|1\n|-damage|p1a: Incineroar|0 fnt\n|-unboost|p2b: Abdur's Aura|def|1\n|-unboost|p2b: Abdur's Aura|spd|1\n|faint|p1a: Incineroar\n|\n|win|Cabin6\n|raw|Marceeisanut's rating: 1365 &rarr; <strong>1347</strong><br />(-18 for losing)\n|raw|Cabin6's rating: 1394 &rarr; <strong>1412</strong><br />(+18 for winning)\n|l|\u2606Marceeisanut\n|player|p1|\n",
  "uploadtime": 1776216115,
  "views": 40,
  "formatid": "gen9championsvgc2026regma",
  "rating": 1347,
  "private": 0,
  "password": null
}