{
  "id": "gen9championsvgc2026regma-2583261973",
  "format": "[Gen 9 Champions] VGC 2026 Reg M-A",
  "players": [
    "calamella",
    "Raidum"
  ],
  "log": "|j|\u2606calamella\n|j|\u2606Raidum\n|t:|1776160738\n|gametype|doubles\n|player|p1|calamella|li|1126\n|player|p2|Raidum|richboy-gen4|1141\n|gen|9\n|tier|[Gen 9 Champions] VGC 2026 Reg M-A\n|rated|\n|rule|Species Clause: Limit one of each Pok\u00e9mon\n|rule|Item Clause: Limit 1 of each item\n|clearpoke\n|poke|p1|Floette-Eternal, L50, F|\n|poke|p1|Kingambit, L50, M|\n|poke|p1|Delphox, L50, F|\n|poke|p1|Maushold, L50|\n|poke|p1|Sneasler, L50, M|\n|poke|p1|Aerodactyl, L50, F|\n|poke|p2|Basculegion, L50, M|\n|poke|p2|Sneasler, L50, F|\n|poke|p2|Pelipper, L50, F|\n|poke|p2|Archaludon, L50, M|\n|poke|p2|Meganium, L50, M|\n|poke|p2|Incineroar, L50, M|\n|teampreview|4\n|inactive|Battle timer is ON: inactive players will automatically lose when time's up. (requested by Raidum)\nRaidum has agreed to open team sheets.\n|\n|t:|1776160815\n|teamsize|p1|4\n|teamsize|p2|4\n|start\n|switch|p1a: Kingambit|Kingambit, L50, M|100/100\n|switch|p1b: Sneasler|Sneasler, L50, M|100/100\n|switch|p2a: Pelipper|Pelipper, L50, F|100/100\n|switch|p2b: Sneasler|Sneasler, L50, F|100/100\n|-weather|RainDance|[from] ability: Drizzle|[of] p2a: Pelipper\n|turn|1\n|inactive|Raidum has 30 seconds left.\n|\n|t:|1776160846\n|switch|p1a: Floette|Floette-Eternal, L50, F|100/100\n|move|p1b: Sneasler|Fake Out|p2a: Pelipper\n|-damage|p2a: Pelipper|84/100\n|move|p2b: Sneasler|Close Combat|p1b: Sneasler\n|-resisted|p1b: Sneasler|1\n|-damage|p1b: Sneasler|47/100\n|-unboost|p2b: Sneasler|def|1\n|-unboost|p2b: Sneasler|spd|1\n|-enditem|p2b: Sneasler|White Herb\n|-clearnegativeboost|p2b: Sneasler|[silent]\n|cant|p2a: Pelipper|flinch\n|\n|-weather|RainDance|[upkeep]\n|upkeep\n|turn|2\n|inactive|calamella has 30 seconds left.\n|\n|t:|1776160876\n|move|p2b: Sneasler|Protect|p2b: Sneasler\n|-singleturn|p2b: Sneasler|Protect\n|move|p1a: Floette|Protect|p1a: Floette\n|-singleturn|p1a: Floette|Protect\n|move|p1b: Sneasler|Close Combat|p2b: Sneasler\n|-activate|p2b: Sneasler|move: Protect\n|move|p2a: Pelipper|Hurricane|p1b: Sneasler\n|-supereffective|p1b: Sneasler|1\n|-damage|p1b: Sneasler|0 fnt\n|faint|p1b: Sneasler\n|\n|-weather|RainDance|[upkeep]\n|upkeep\n|\n|t:|1776160885\n|switch|p1b: Maushold|Maushold, L50|100/100\n|turn|3\n|inactive|Raidum has 30 seconds left.\n|inactive|Raidum has 20 seconds left.\n|inactive|Raidum has 15 seconds left.\n|\n|t:|1776160927\n|detailschange|p1a: Floette|Floette-Mega, L50, F\n|-mega|p1a: Floette|Floette|Floettite\n|-ability|p1a: Floette|Fairy Aura\n|move|p1b: Maushold|Protect|p1b: Maushold\n|-singleturn|p1b: Maushold|Protect\n|move|p2b: Sneasler|Close Combat|p1b: Maushold\n|-activate|p1b: Maushold|move: Protect\n|move|p1a: Floette|Moonblast|p2a: Pelipper\n|-damage|p2a: Pelipper|0 fnt\n|faint|p2a: Pelipper\n|\n|-weather|RainDance|[upkeep]\n|upkeep\n|\n|t:|1776160946\n|switch|p2a: Basculegion|Basculegion, L50, M|100/100\n|turn|4\n|inactive|calamella has 30 seconds left.\n|inactive|calamella has 20 seconds left.\n|\n|t:|1776160982\n|move|p1b: Maushold|Helping Hand|p1a: Floette\n|-singleturn|p1a: Floette|Helping Hand|[of] p1b: Maushold\n|move|p2b: Sneasler|Dire Claw|p1a: Floette\n|-supereffective|p1a: Floette|1\n|-damage|p1a: Floette|33/100\n|move|p2a: Basculegion|Wave Crash|p1b: Maushold\n|-damage|p1b: Maushold|0 fnt\n|faint|p1b: Maushold\n|-damage|p2a: Basculegion|70/100|[from] Recoil\n|move|p1a: Floette|Moonblast|p2b: Sneasler\n|-damage|p2b: Sneasler|0 fnt\n|faint|p2b: Sneasler\n|\n|-weather|RainDance|[upkeep]\n|upkeep\n|\n|t:|1776161001\n|switch|p1b: Kingambit|Kingambit, L50, M|100/100\n|switch|p2b: Archaludon|Archaludon, L50, M|100/100\n|turn|5\n|\n|t:|1776161015\n|move|p1a: Floette|Protect|p1a: Floette\n|-singleturn|p1a: Floette|Protect\n|move|p1b: Kingambit|Sucker Punch|p2a: Basculegion\n|-supereffective|p2a: Basculegion|1\n|-damage|p2a: Basculegion|0 fnt\n|faint|p2a: Basculegion\n|move|p2b: Archaludon|Electro Shot||[still]\n|-prepare|p2b: Archaludon|Electro Shot\n|-boost|p2b: Archaludon|spa|1\n|-anim|p2b: Archaludon|Electro Shot|p1a: Floette\n|-activate|p1a: Floette|move: Protect\n|\n|-weather|none\n|upkeep\n|turn|6\n|\n|t:|1776161038\n|move|p1a: Floette|Moonblast|p2b: Archaludon\n|-damage|p2b: Archaludon|19/100\n|move|p2b: Archaludon|Aura Sphere|p1b: Kingambit\n|-supereffective|p1b: Kingambit|2\n|-damage|p1b: Kingambit|0 fnt\n|faint|p1b: Kingambit\n|\n|upkeep\n|turn|7\n|\n|t:|1776161050\n|move|p1a: Floette|Moonblast|p2b: Archaludon\n|-damage|p2b: Archaludon|0 fnt\n|faint|p2b: Archaludon\n|\n|win|calamella\n|raw|calamella's rating: 1126 &rarr; <strong>1152</strong><br />(+26 for winning)\n|raw|Raidum's rating: 1141 &rarr; <strong>1115</strong><br />(-26 for losing)\n|l|\u2606Raidum\n|player|p2|\n",
  "uploadtime": 1776161183,
  "views": 16,
  "formatid": "gen9championsvgc2026regma",
  "rating": 1115,
  "private": 0,
  "password": null
}