{
  "id": "gen9championsvgc2026regma-2582227973",
  "format": "[Gen 9 Champions] VGC 2026 Reg M-A",
  "players": [
    "tianthunder",
    "MoNo_T0NaL"
  ],
  "log": "|j|\u2606tianthunder\n|j|\u2606MoNo_T0NaL\n|t:|1776073668\n|gametype|doubles\n|player|p1|tianthunder|170|1000\n|player|p2|MoNo_T0NaL|n|1013\n|gen|9\n|tier|[Gen 9 Champions] VGC 2026 Reg M-A\n|rated|\n|rule|Species Clause: Limit one of each Pok\u00e9mon\n|rule|Item Clause: Limit 1 of each item\n|clearpoke\n|poke|p1|Goodra-Hisui, L50, M|\n|poke|p1|Aegislash, L50, M|\n|poke|p1|Gengar, L50, M|\n|poke|p1|Froslass, L50, F|\n|poke|p1|Tsareena, L50, F|\n|poke|p1|Rotom-Wash, L50|\n|poke|p2|Gengar, L50, F|\n|poke|p2|Whimsicott, L50, F|\n|poke|p2|Arcanine-Hisui, L50, F|\n|poke|p2|Sneasler, L50, M|\n|poke|p2|Meowscarada, L50, M|\n|poke|p2|Maushold, L50|\n|teampreview|4\n|inactive|Battle timer is ON: inactive players will automatically lose when time's up. (requested by tianthunder)\n|\n|t:|1776073728\n|teamsize|p1|4\n|teamsize|p2|4\n|start\n|switch|p1a: Goodra|Goodra-Hisui, L50, M|100/100\n|switch|p1b: Rotom|Rotom-Wash, L50|100/100\n|switch|p2a: Whimsicott|Whimsicott, L50, F|100/100\n|switch|p2b: Violet|Gengar, L50, F, shiny|100/100\n|turn|1\n|\n|t:|1776073743\n|detailschange|p2b: Violet|Gengar-Mega, L50, F, shiny\n|-mega|p2b: Violet|Gengar|Gengarite\n|move|p2b: Violet|Protect|p2b: Violet\n|-singleturn|p2b: Violet|Protect\n|move|p2a: Whimsicott|Tailwind|p2a: Whimsicott\n|-sidestart|p2: MoNo_T0NaL|move: Tailwind\n|move|p1b: Rotom|Thunder Wave|p2b: Violet\n|-activate|p2b: Violet|move: Protect\n|move|p1a: Goodra|Heavy Slam|p2a: Whimsicott\n|-supereffective|p2a: Whimsicott|1\n|-damage|p2a: Whimsicott|29/100\n|\n|upkeep\n|turn|2\n|\n|t:|1776073762\n|move|p2a: Whimsicott|Encore|p1a: Goodra\n|-start|p1a: Goodra|Encore\n|move|p2b: Violet|Disable|p1a: Goodra\n|-start|p1a: Goodra|Disable|Heavy Slam\n|move|p1b: Rotom|Thunder Wave|p2b: Violet\n|-status|p2b: Violet|par\n|cant|p1a: Goodra|Disable|Heavy Slam\n|\n|upkeep\n|turn|3\n|\n|t:|1776073778\n|move|p2a: Whimsicott|Encore|p1b: Rotom\n|-start|p1b: Rotom|Encore\n|move|p2b: Violet|Disable|p1b: Rotom\n|-start|p1b: Rotom|Disable|Thunder Wave\n|cant|p1b: Rotom|Disable|Thunder Wave\n|-activate|p1a: Goodra|move: Struggle\n|move|p1a: Goodra|Struggle|p2b: Violet\n|-damage|p2b: Violet|83/100 par\n|-damage|p1a: Goodra|75/100|[from] recoil\n|\n|-heal|p1a: Goodra|81/100|[from] item: Leftovers\n|upkeep\n|turn|4\n|\n|t:|1776073797\n|move|p2a: Whimsicott|Moonblast|p1b: Rotom\n|-damage|p1b: Rotom|69/100\n|move|p2b: Violet|Shadow Ball|p1b: Rotom\n|-damage|p1b: Rotom|20/100\n|-enditem|p1b: Rotom|Sitrus Berry|[eat]\n|-heal|p1b: Rotom|44/100|[from] item: Sitrus Berry\n|-activate|p1b: Rotom|move: Struggle\n|move|p1b: Rotom|Struggle|p2b: Violet\n|-damage|p2b: Violet|72/100 par\n|-damage|p1b: Rotom|20/100|[from] recoil\n|-activate|p1a: Goodra|move: Struggle\n|move|p1a: Goodra|Struggle|p2b: Violet\n|-damage|p2b: Violet|54/100 par\n|-damage|p1a: Goodra|56/100|[from] recoil\n|\n|-heal|p1a: Goodra|62/100|[from] item: Leftovers\n|-end|p1a: Goodra|Encore\n|-sideend|p2: MoNo_T0NaL|move: Tailwind\n|upkeep\n|turn|5\n|inactive|MoNo_T0NaL has 30 seconds left.\n|inactive|MoNo_T0NaL has 20 seconds left.\n|\n|t:|1776073836\n|switch|p2a: Kaizo|Arcanine-Hisui, L50, F, shiny|100/100\n|-ability|p2a: Kaizo|Intimidate|boost\n|-unboost|p1a: Goodra|atk|1\n|-unboost|p1b: Rotom|atk|1\n|move|p2b: Violet|Protect|p2b: Violet\n|-singleturn|p2b: Violet|Protect\n|-activate|p1b: Rotom|move: Struggle\n|move|p1b: Rotom|Struggle|p2b: Violet\n|-activate|p2b: Violet|move: Protect\n|move|p1a: Goodra|Blizzard|p2a: Kaizo|[spread] p2a\n|-activate|p2b: Violet|move: Protect\n|-resisted|p2a: Kaizo|1\n|-damage|p2a: Kaizo|88/100\n|\n|-heal|p1a: Goodra|68/100|[from] item: Leftovers\n|-end|p1b: Rotom|Encore\n|-end|p1a: Goodra|Disable\n|upkeep\n|turn|6\n|\n|t:|1776073859\n|move|p2a: Kaizo|Flare Blitz|p1a: Goodra\n|-damage|p1a: Goodra|15/100\n|-damage|p2a: Kaizo|68/100|[from] Recoil\n|move|p1b: Rotom|Volt Switch|p2b: Violet\n|-damage|p2b: Violet|22/100 par\n|\n|t:|1776073863\n|switch|p1b: Gengar|Gengar, L50, M|100/100|[from] Volt Switch\n|move|p2b: Violet|Shadow Ball|p1b: Gengar\n|-supereffective|p1b: Gengar|1\n|-damage|p1b: Gengar|0 fnt\n|-start|p2b: Violet|Disable|Shadow Ball|[from] ability: Cursed Body|[of] p1b: Gengar\n|faint|p1b: Gengar\n|move|p1a: Goodra|Heavy Slam|p2b: Violet\n|-damage|p2b: Violet|0 fnt\n|faint|p2b: Violet\n|\n|-heal|p1a: Goodra|21/100|[from] item: Leftovers\n|upkeep\n|\n|t:|1776073880\n|switch|p2b: Whimsicott|Whimsicott, L50, F|29/100\n|switch|p1b: Froslass|Froslass, L50, F|100/100\n|turn|7\n|\n|t:|1776073890\n|detailschange|p1b: Froslass|Froslass-Mega, L50, F\n|-mega|p1b: Froslass|Froslass|Froslassite\n|-weather|Snowscape|[from] ability: Snow Warning|[of] p1b: Froslass\n|move|p2b: Whimsicott|Tailwind|p2b: Whimsicott\n|-sidestart|p2: MoNo_T0NaL|move: Tailwind\n|move|p2a: Kaizo|Rock Slide|p1a: Goodra|[spread] p1a,p1b\n|-resisted|p1a: Goodra|1\n|-supereffective|p1b: Froslass|1\n|-damage|p1a: Goodra|8/100\n|-damage|p1b: Froslass|46/100\n|move|p1b: Froslass|Blizzard|p2a: Kaizo|[spread] p2a,p2b\n|-resisted|p2a: Kaizo|1\n|-crit|p2a: Kaizo\n|-supereffective|p2b: Whimsicott|1\n|-damage|p2a: Kaizo|19/100\n|-damage|p2b: Whimsicott|0 fnt\n|faint|p2b: Whimsicott\n|move|p1a: Goodra|Blizzard|p2a: Kaizo\n|-resisted|p2a: Kaizo|1\n|-damage|p2a: Kaizo|3/100\n|\n|-weather|Snowscape|[upkeep]\n|-heal|p1a: Goodra|14/100|[from] item: Leftovers\n|upkeep\n|\n|t:|1776073910\n|switch|p2b: Meowscarada|Meowscarada, L50, M|100/100\n|turn|8\n|\n|t:|1776073921\n|switch|p1b: Rotom|Rotom-Wash, L50|20/100\n|move|p2b: Meowscarada|Knock Off|p1b: Rotom\n|-start|p2b: Meowscarada|typechange|Dark|[from] ability: Protean\n|-damage|p1b: Rotom|0 fnt\n|faint|p1b: Rotom\n|move|p2a: Kaizo|Rock Slide|p1a: Goodra\n|-resisted|p1a: Goodra|1\n|-crit|p1a: Goodra\n|-damage|p1a: Goodra|0 fnt\n|faint|p1a: Goodra\n|\n|-weather|Snowscape|[upkeep]\n|upkeep\n|\n|t:|1776073928\n|switch|p1b: Froslass|Froslass-Mega, L50, F|46/100\n|turn|9\n|-message|tianthunder forfeited.\n|\n|win|MoNo_T0NaL\n|raw|tianthunder's rating: 1000 &rarr; <strong>1000</strong><br />(+0 for losing)\n|raw|MoNo_T0NaL's rating: 1013 &rarr; <strong>1050</strong><br />(+37 for winning)\n|l|\u2606tianthunder\n|player|p1|\n",
  "uploadtime": 1776073943,
  "views": 11,
  "formatid": "gen9championsvgc2026regma",
  "rating": 1000,
  "private": 0,
  "password": null
}