{
  "id": "gen9championsvgc2026regma-2584367661",
  "format": "[Gen 9 Champions] VGC 2026 Reg M-A",
  "players": [
    "Corbinc",
    "reggie1000"
  ],
  "log": "|j|\u2606Corbinc\n|j|\u2606reggie1000\n|t:|1776255431\n|gametype|doubles\n|player|p1|Corbinc|ghetsis-gen5bw|1053\n|player|p2|reggie1000|169|1096\n|gen|9\n|tier|[Gen 9 Champions] VGC 2026 Reg M-A\n|rated|\n|rule|Species Clause: Limit one of each Pok\u00e9mon\n|rule|Item Clause: Limit 1 of each item\n|clearpoke\n|poke|p1|Crabominable, L50, F|\n|poke|p1|Abomasnow, L50, F|\n|poke|p1|Sableye, L50, M|\n|poke|p1|Golurk, L50|\n|poke|p1|Farigiraf, L50, F|\n|poke|p1|Ninetales-Alola, L50, M|\n|poke|p2|Starmie, L50|\n|poke|p2|Alakazam, L50, F|\n|poke|p2|Arcanine, L50, M|\n|poke|p2|Aerodactyl, L50, F|\n|poke|p2|Lucario, L50, F|\n|poke|p2|Sinistcha, L50|\n|teampreview|4\n|inactive|Battle timer is ON: inactive players will automatically lose when time's up. (requested by Corbinc)\n|\n|t:|1776255450\n|teamsize|p1|4\n|teamsize|p2|4\n|start\n|switch|p1a: Farigiraf|Farigiraf, L50, F|100/100\n|switch|p1b: Sableye|Sableye, L50, M|100/100\n|switch|p2a: Alakazam|Alakazam, L50, F|100/100\n|switch|p2b: Arcanine|Arcanine, L50, M|100/100\n|-ability|p2b: Arcanine|Intimidate|boost\n|-unboost|p1a: Farigiraf|atk|1\n|-unboost|p1b: Sableye|atk|1\n|turn|1\n|\n|t:|1776255466\n|move|p1b: Sableye|Fake Out|p2a: Alakazam\n|-damage|p2a: Alakazam|87/100\n|move|p2a: Alakazam|Encore|p1b: Sableye\n|-start|p1b: Sableye|Encore\n|move|p2b: Arcanine|Howl|p2b: Arcanine|[spread] p2a,p2b\n|-boost|p2a: Alakazam|atk|1\n|-boost|p2b: Arcanine|atk|1\n|move|p1a: Farigiraf|Trick Room|p1a: Farigiraf\n|-fieldstart|move: Trick Room|[of] p1a: Farigiraf\n|\n|upkeep\n|turn|2\n|\n|t:|1776255483\n|switch|p1b: Abomasnow|Abomasnow, L50, F|100/100\n|-weather|Snowscape|[from] ability: Snow Warning|[of] p1b: Abomasnow\n|move|p1a: Farigiraf|Gravity|p1a: Farigiraf\n|-fieldstart|move: Gravity\n|move|p2b: Arcanine|Flare Blitz|p1b: Abomasnow\n|-supereffective|p1b: Abomasnow|2\n|-enditem|p1b: Abomasnow|Focus Sash\n|-damage|p1b: Abomasnow|1/100\n|-damage|p2b: Arcanine|62/100|[from] Recoil\n|move|p2a: Alakazam|Light Screen|p2a: Alakazam\n|-sidestart|p2: reggie1000|move: Light Screen\n|\n|-weather|Snowscape|[upkeep]\n|upkeep\n|turn|3\n|\n|t:|1776255502\n|switch|p1a: Crabominable|Crabominable, L50, F|100/100\n|move|p1b: Abomasnow|Frost Breath|p1a: Crabominable\n|-resisted|p1a: Crabominable|1\n|-crit|p1a: Crabominable\n|-damage|p1a: Crabominable|88/100\n|-setboost|p1a: Crabominable|atk|6|[from] ability: Anger Point\n|move|p2b: Arcanine|Morning Sun|p2b: Arcanine\n|-heal|p2b: Arcanine|87/100\n|move|p2a: Alakazam|Psychic|p1b: Abomasnow\n|-damage|p1b: Abomasnow|0 fnt\n|faint|p1b: Abomasnow\n|\n|-weather|Snowscape|[upkeep]\n|upkeep\n|c|\u2606reggie1000|what the\n|\n|t:|1776255517\n|switch|p1b: Sableye|Sableye, L50, M|100/100\n|turn|4\n|c|\u2606Corbinc|Let me cook\n|inactive|Corbinc has 30 seconds left.\n|c|\u2606reggie1000|you are cooking ngl\n|c|\u2606reggie1000|i have no idea of what just happened\n|inactive|Corbinc has 20 seconds left.\n|c|\u2606reggie1000|!data frost breath\n|c|\u2606reggie1000|/raw <ul class=\"utilichart\"><li class=\"result\"><span class=\"col movenamecol\"><a href=\"https://dex.pokemonshowdown.com/moves/frostbreath\">Frost Breath</a></span> <span class=\"col typecol\"><img src=\"//play.pokemonshowdown.com/sprites/types/Ice.png\" alt=\"Ice\" width=\"32\" height=\"14\"><img src=\"//play.pokemonshowdown.com/sprites/categories/Special.png\" alt=\"Special\" width=\"32\" height=\"14\"></span> <span class=\"col labelcol\"><em>Power</em><br>60</span> <span class=\"col widelabelcol\"><em>Accuracy</em><br>90%</span> <span class=\"col pplabelcol\"><em>PP</em><br>16</span> <span class=\"col movedesccol\">Always results in a critical hit.</span> </li><li style=\"clear:both\"></li></ul>\n\n|\n|t:|1776255556\n|detailschange|p1a: Crabominable|Crabominable-Mega, L50, F\n|-mega|p1a: Crabominable|Crabominable|Crabominite\n|move|p1b: Sableye|Fake Out|p2b: Arcanine\n|-damage|p2b: Arcanine|74/100\n|move|p1a: Crabominable|Earthquake|p2a: Alakazam|[spread] p1b,p2a,p2b\n|-supereffective|p2b: Arcanine|1\n|-damage|p1b: Sableye|0 fnt\n|-damage|p2a: Alakazam|0 fnt\n|-damage|p2b: Arcanine|0 fnt\n|faint|p1b: Sableye\n|faint|p2a: Alakazam\n|faint|p2b: Arcanine\n|\n|-weather|Snowscape|[upkeep]\n|upkeep\n|c|\u2606reggie1000|holy\n|c|\u2606Corbinc|It crits my anger point\n|c|\u2606reggie1000|!data anger point\n|c|\u2606reggie1000|/raw <ul class=\"utilichart\"><li class=\"result\"><span class=\"col namecol\"><a href=\"https://dex.pokemonshowdown.com/abilities/angerpoint\">Anger Point</a></span> <span class=\"col abilitydesccol\">If this Pokemon (not its substitute) takes a critical hit, its Attack is raised 12 stages.</span> </li><li style=\"clear:both\"></li></ul>\n\n|c|\u2606reggie1000|oh boy lol\n|\n|t:|1776255577\n|switch|p1b: Farigiraf|Farigiraf, L50, F|100/100\n|switch|p2b: Aerodactyl|Aerodactyl, L50, F|100/100\n|switch|p2a: Starmie|Starmie, L50|100/100\n|-ability|p2b: Aerodactyl|Unnerve\n|turn|5\n|c|\u2606Corbinc|lol\n|c|\u2606Corbinc|It isn't Very consistent\n|c|\u2606reggie1000|no but it's fun\n|inactive|Corbinc has 30 seconds left.\n|\n|t:|1776255605\n|detailschange|p2a: Starmie|Starmie-Mega, L50\n|-mega|p2a: Starmie|Starmie|Starminite\n|move|p2b: Aerodactyl|Wide Guard|p2b: Aerodactyl\n|-singleturn|p2b: Aerodactyl|Wide Guard\n|move|p1a: Crabominable|Earthquake|p2a: Starmie|[spread] p1b\n|-activate|p2a: Starmie|move: Wide Guard\n|-activate|p2b: Aerodactyl|move: Wide Guard\n|-damage|p1b: Farigiraf|26/100\n|move|p1b: Farigiraf|Hyper Voice|p2b: Aerodactyl|[spread] \n|-activate|p2a: Starmie|move: Wide Guard\n|-activate|p2b: Aerodactyl|move: Wide Guard\n|move|p2a: Starmie|Cosmic Power|p2a: Starmie\n|-boost|p2a: Starmie|def|1\n|-boost|p2a: Starmie|spd|1\n|\n|-weather|Snowscape|[upkeep]\n|-fieldend|move: Trick Room\n|upkeep\n|turn|6\n|c|\u2606Corbinc|Very\n|c|\u2606Corbinc|Gets drain punch too\n|inactive|reggie1000 has 30 seconds left.\n|\n|t:|1776255634\n|move|p2b: Aerodactyl|Dual Wingbeat|p1a: Crabominable\n|-supereffective|p1a: Crabominable|1\n|-damage|p1a: Crabominable|69/100\n|-supereffective|p1a: Crabominable|1\n|-damage|p1a: Crabominable|49/100\n|-hitcount|p1a: Crabominable|2\n|move|p2a: Starmie|Liquidation|p1a: Crabominable\n|-damage|p1a: Crabominable|18/100\n|move|p1b: Farigiraf|Hyper Voice|p2a: Starmie|[spread] p2a,p2b\n|-resisted|p2b: Aerodactyl|1\n|-damage|p2a: Starmie|90/100\n|-damage|p2b: Aerodactyl|88/100\n|move|p1a: Crabominable|Earthquake|p2a: Starmie|[spread] p1b,p2a,p2b\n|-supereffective|p2b: Aerodactyl|1\n|-damage|p1b: Farigiraf|0 fnt\n|-damage|p2a: Starmie|32/100\n|-damage|p2b: Aerodactyl|0 fnt\n|faint|p1b: Farigiraf\n|faint|p2b: Aerodactyl\n|\n|-weather|none\n|-sideend|p2: reggie1000|move: Light Screen\n|-fieldend|move: Gravity\n|upkeep\n|turn|7\n|\n|t:|1776255650\n|move|p2a: Starmie|Liquidation|p1a: Crabominable\n|-damage|p1a: Crabominable|0 fnt\n|faint|p1a: Crabominable\n|\n|win|reggie1000\n|raw|Corbinc's rating: 1053 &rarr; <strong>1037</strong><br />(-16 for losing)\n|raw|reggie1000's rating: 1096 &rarr; <strong>1118</strong><br />(+22 for winning)\n|c|\u2606reggie1000|was scary ngl\n|c|\u2606Corbinc|Gg\n|c|\u2606reggie1000|gg\n|c|\u2606Corbinc|Lol\n",
  "uploadtime": 1776255656,
  "views": 34,
  "formatid": "gen9championsvgc2026regma",
  "rating": 1037,
  "private": 0,
  "password": null
}