{
  "id": "gen9championsvgc2026regma-2587155977",
  "format": "[Gen 9 Champions] VGC 2026 Reg M-A",
  "players": [
    "33daan",
    "shiver419"
  ],
  "log": "|j|\u260633daan\n|j|\u2606shiver419\n|t:|1776501638\n|gametype|doubles\n|player|p1|33daan|170|1444\n|player|p2|shiver419|170|1424\n|gen|9\n|tier|[Gen 9 Champions] VGC 2026 Reg M-A\n|rated|\n|rule|Species Clause: Limit one of each Pok\u00e9mon\n|rule|Item Clause: Limit 1 of each item\n|clearpoke\n|poke|p1|Incineroar, L50, F|\n|poke|p1|Farigiraf, L50, F|\n|poke|p1|Torkoal, L50, F|\n|poke|p1|Sinistcha, L50|\n|poke|p1|Kingambit, L50, F|\n|poke|p1|Crabominable, L50, M|\n|poke|p2|Scizor, L50, F|\n|poke|p2|Basculegion, L50, M|\n|poke|p2|Incineroar, L50, F|\n|poke|p2|Sinistcha, L50|\n|poke|p2|Kommo-o, L50, F|\n|poke|p2|Sneasler, L50, M|\n|teampreview|4\n|inactive|Battle timer is ON: inactive players will automatically lose when time's up. (requested by 33daan)\n|inactive|33daan has 60 seconds left.\n|inactive|shiver419 has 60 seconds left.\n|\n|t:|1776501686\n|teamsize|p1|4\n|teamsize|p2|4\n|start\n|switch|p1a: Incineroar|Incineroar, L50, F|100/100\n|switch|p1b: Farigiraf|Farigiraf, L50, F|100/100\n|switch|p2a: Basculegion|Basculegion, L50, M|100/100\n|switch|p2b: Kommo-o|Kommo-o, L50, F|100/100\n|-ability|p1a: Incineroar|Intimidate|boost\n|-unboost|p2a: Basculegion|atk|1\n|-unboost|p2b: Kommo-o|atk|1\n|turn|1\n|inactive|33daan has 30 seconds left.\n|inactive|33daan has 20 seconds left.\n|inactive|33daan has 15 seconds left.\n|inactive|33daan has 10 seconds left.\n|inactive|33daan has 5 seconds left.\n|\n|t:|1776501741\n|move|p1a: Incineroar|Fake Out|p2b: Kommo-o\n|-damage|p2b: Kommo-o|87/100\n|move|p2a: Basculegion|Flip Turn|p1a: Incineroar\n|-supereffective|p1a: Incineroar|1\n|-damage|p1a: Incineroar|47/100\n|\n|t:|1776501749\n|switch|p2a: Sinistcha|Sinistcha, L50|100/100|[from] Flip Turn\n|-heal|p2b: Kommo-o|100/100|[from] ability: Hospitality|[of] p2a: Sinistcha\n|cant|p2b: Kommo-o|flinch\n|move|p1b: Farigiraf|Psychic|p2b: Kommo-o\n|-supereffective|p2b: Kommo-o|1\n|-damage|p2b: Kommo-o|12/100\n|-unboost|p2b: Kommo-o|spd|1\n|\n|-heal|p2b: Kommo-o|18/100|[from] item: Leftovers\n|upkeep\n|turn|2\n|inactive|33daan has 30 seconds left.\n|inactive|33daan has 20 seconds left.\n|inactive|33daan has 15 seconds left.\n|inactive|33daan has 10 seconds left.\n|inactive|33daan has 5 seconds left.\n|\n|t:|1776501804\n|move|p1a: Incineroar|Fake Out||[still]\n|-hint|Fake Out only works on your first turn out.\n|-fail|p1a: Incineroar\n|move|p2a: Sinistcha|Rage Powder|p2a: Sinistcha\n|-singleturn|p2a: Sinistcha|move: Rage Powder\n|move|p2b: Kommo-o|Aura Sphere|p1a: Incineroar\n|-supereffective|p1a: Incineroar|1\n|-damage|p1a: Incineroar|0 fnt\n|faint|p1a: Incineroar\n|move|p1b: Farigiraf|Psychic|p2a: Sinistcha\n|-damage|p2a: Sinistcha|57/100\n|\n|-heal|p2b: Kommo-o|24/100|[from] item: Leftovers\n|upkeep\n|inactive|33daan has 30 seconds left.\n|\n|t:|1776501837\n|switch|p1a: Crabominable|Crabominable, L50, M|100/100\n|turn|3\n|\n|t:|1776501846\n|switch|p1a: Torkoal|Torkoal, L50, F|100/100\n|-weather|SunnyDay|[from] ability: Drought|[of] p1a: Torkoal\n|move|p2b: Kommo-o|Protect|p2b: Kommo-o\n|-singleturn|p2b: Kommo-o|Protect\n|move|p2a: Sinistcha|Strength Sap|p1a: Torkoal\n|-unboost|p1a: Torkoal|atk|1\n|-heal|p2a: Sinistcha|100/100\n|move|p1b: Farigiraf|Trick Room|p1b: Farigiraf\n|-fieldstart|move: Trick Room|[of] p1b: Farigiraf\n|\n|-weather|SunnyDay|[upkeep]\n|-heal|p2b: Kommo-o|29/100|[from] item: Leftovers\n|upkeep\n|turn|4\n|inactive|33daan has 30 seconds left.\n|inactive|33daan has 20 seconds left.\n|inactive|33daan has 15 seconds left.\n|inactive|33daan has 10 seconds left.\n|inactive|33daan has 5 seconds left.\n|\n|t:|1776501901\n|switch|p2a: Basculegion|Basculegion, L50, M|100/100\n|switch|p2b: Incineroar|Incineroar, L50, F|100/100\n|-ability|p2b: Incineroar|Intimidate|boost\n|-unboost|p1a: Torkoal|atk|1\n|-unboost|p1b: Farigiraf|atk|1\n|move|p1a: Torkoal|Eruption|p2a: Basculegion|[spread] p2a,p2b\n|-resisted|p2a: Basculegion|1\n|-resisted|p2b: Incineroar|1\n|-damage|p2a: Basculegion|56/100\n|-damage|p2b: Incineroar|70/100\n|move|p1b: Farigiraf|Psychic|p2a: Basculegion\n|-damage|p2a: Basculegion|4/100\n|\n|-weather|SunnyDay|[upkeep]\n|upkeep\n|turn|5\n|inactive|33daan has 30 seconds left.\n|inactive|shiver419 has 30 seconds left.\n|inactive|33daan has 20 seconds left.\n|inactive|33daan has 15 seconds left.\n|inactive|33daan has 10 seconds left.\n|inactive|33daan has 5 seconds left.\n|\n|t:|1776501956\n|switch|p2a: Kommo-o|Kommo-o, L50, F|29/100\n|move|p1a: Torkoal|Eruption|p2a: Kommo-o|[spread] p2a,p2b\n|-resisted|p2a: Kommo-o|1\n|-resisted|p2b: Incineroar|1\n|-damage|p2a: Kommo-o|0 fnt\n|-damage|p2b: Incineroar|40/100\n|-enditem|p2b: Incineroar|Sitrus Berry|[eat]\n|-heal|p2b: Incineroar|64/100|[from] item: Sitrus Berry\n|faint|p2a: Kommo-o\n|move|p1b: Farigiraf|Psychic|p2b: Incineroar\n|-immune|p2b: Incineroar\n|move|p2b: Incineroar|Throat Chop|p1a: Torkoal\n|-damage|p1a: Torkoal|72/100\n|-start|p1a: Torkoal|Throat Chop|[silent]\n|\n|-weather|SunnyDay|[upkeep]\n|upkeep\n|inactive|shiver419 has 30 seconds left.\n|inactive|shiver419 has 20 seconds left.\n|inactive|shiver419 has 15 seconds left.\n|inactive|shiver419 has 10 seconds left.\n|\n|t:|1776502004\n|switch|p2a: Sinistcha|Sinistcha, L50|100/100\n|-heal|p2b: Incineroar|89/100|[from] ability: Hospitality|[of] p2a: Sinistcha\n|turn|6\n|inactive|33daan has 30 seconds left.\n|inactive|33daan has 20 seconds left.\n|inactive|33daan has 15 seconds left.\n|inactive|33daan has 10 seconds left.\n|inactive|33daan has 5 seconds left.\n|-activate|p1a: Torkoal|item: Quick Claw\n|\n|t:|1776502059\n|move|p1a: Torkoal|Eruption|p2b: Incineroar|[spread] p2a,p2b\n|-supereffective|p2a: Sinistcha|1\n|-resisted|p2b: Incineroar|1\n|-damage|p2a: Sinistcha|0 fnt\n|-damage|p2b: Incineroar|64/100\n|faint|p2a: Sinistcha\n|move|p1b: Farigiraf|Psychic|p2b: Incineroar\n|-immune|p2b: Incineroar\n|move|p2b: Incineroar|Throat Chop|p1a: Torkoal\n|-damage|p1a: Torkoal|39/100\n|\n|-weather|SunnyDay|[upkeep]\n|-end|p1a: Torkoal|Throat Chop|[silent]\n|upkeep\n|\n|t:|1776502064\n|switch|p2a: Basculegion|Basculegion, L50, M|4/100\n|turn|7\n|\n|t:|1776502075\n|move|p1a: Torkoal|Heat Wave|p2b: Incineroar|[spread] p2a,p2b\n|-resisted|p2a: Basculegion|1\n|-resisted|p2b: Incineroar|1\n|-crit|p2b: Incineroar\n|-damage|p2a: Basculegion|0 fnt\n|-damage|p2b: Incineroar|33/100\n|faint|p2a: Basculegion\n|move|p1b: Farigiraf|Hyper Voice|p2b: Incineroar\n|-damage|p2b: Incineroar|0 fnt\n|faint|p2b: Incineroar\n|\n|win|33daan\n|raw|33daan's rating: 1444 &rarr; <strong>1463</strong><br />(+19 for winning)\n|raw|shiver419's rating: 1424 &rarr; <strong>1405</strong><br />(-19 for losing)\n|l|\u2606shiver419\n|player|p2|\n|l|\u260633daan\n|player|p1|\n",
  "uploadtime": 1776502126,
  "views": 38,
  "formatid": "gen9championsvgc2026regma",
  "rating": 1405,
  "private": 0,
  "password": null
}