{
  "id": "gen9championsvgc2026regma-2584836978",
  "format": "[Gen 9 Champions] VGC 2026 Reg M-A",
  "players": [
    "battle sim trainer",
    "Abonathy"
  ],
  "log": "|j|\u2606battle sim trainer\n|j|\u2606Abonathy\n|t:|1776287479\n|gametype|doubles\n|player|p1|battle sim trainer|turo|1157\n|player|p2|Abonathy|red|1068\n|gen|9\n|tier|[Gen 9 Champions] VGC 2026 Reg M-A\n|rated|\n|rule|Species Clause: Limit one of each Pok\u00e9mon\n|rule|Item Clause: Limit 1 of each item\n|clearpoke\n|poke|p1|Farigiraf, L50, M|\n|poke|p1|Maushold-Four, L50|\n|poke|p1|Camerupt, L50, M|\n|poke|p1|Hatterene, L50, F|\n|poke|p1|Meowstic, L50, M|\n|poke|p1|Gallade, L50, M|\n|poke|p2|Talonflame, L50, M|\n|poke|p2|Floette-Eternal, L50, F|\n|poke|p2|Garchomp, L50, M|\n|poke|p2|Sneasler, L50, M|\n|poke|p2|Kleavor, L50, M|\n|poke|p2|Scizor, L50, F|\n|teampreview|4\n|inactive|Battle timer is ON: inactive players will automatically lose when time's up. (requested by Abonathy)\n|inactive|battle sim trainer has 60 seconds left.\n|\n|t:|1776287524\n|teamsize|p1|4\n|teamsize|p2|4\n|start\n|switch|p1a: Meowstic|Meowstic, L50, M|100/100\n|switch|p1b: Hatterene|Hatterene, L50, F|100/100\n|switch|p2a: Kleavor|Kleavor, L50, M|100/100\n|switch|p2b: Scizor|Scizor, L50, F|100/100\n|turn|1\n|inactive|Abonathy has 30 seconds left.\n|\n|t:|1776287555\n|move|p1a: Meowstic|Fake Out|p2b: Scizor\n|-resisted|p2b: Scizor|1\n|-damage|p2b: Scizor|98/100\n|move|p2a: Kleavor|X-Scissor|p1b: Hatterene\n|-damage|p1b: Hatterene|19/100\n|cant|p2b: Scizor|flinch\n|move|p1b: Hatterene|Trick Room|p1b: Hatterene\n|-fieldstart|move: Trick Room|[of] p1b: Hatterene\n|\n|upkeep\n|turn|2\n|j| camala64\n|inactive|battle sim trainer has 30 seconds left.\n|l| camala64\n|\n|t:|1776287585\n|switch|p1b: Camerupt|Camerupt, L50, M|100/100\n|move|p2b: Scizor|Bullet Punch|p1b: Camerupt\n|-resisted|p1b: Camerupt|1\n|-damage|p1b: Camerupt|73/100\n|move|p1a: Meowstic|Sunny Day|p1a: Meowstic\n|-weather|SunnyDay\n|move|p2a: Kleavor|X-Scissor|p1a: Meowstic\n|-supereffective|p1a: Meowstic|1\n|-damage|p1a: Meowstic|0 fnt\n|faint|p1a: Meowstic\n|\n|-weather|SunnyDay|[upkeep]\n|upkeep\n|\n|t:|1776287597\n|switch|p1a: Farigiraf|Farigiraf, L50, M|100/100\n|turn|3\n|\n|t:|1776287620\n|switch|p2b: Garchomp|Garchomp, L50, M|100/100\n|detailschange|p1b: Camerupt|Camerupt-Mega, L50, M\n|-mega|p1b: Camerupt|Camerupt|Cameruptite\n|move|p1a: Farigiraf|Helping Hand|p1b: Camerupt\n|-singleturn|p1b: Camerupt|Helping Hand|[of] p1a: Farigiraf\n|move|p1b: Camerupt|Eruption|p2a: Kleavor|[spread] p2a,p2b\n|-resisted|p2b: Garchomp|1\n|-damage|p2a: Kleavor|0 fnt\n|-damage|p2b: Garchomp|41/100\n|faint|p2a: Kleavor\n|\n|-weather|SunnyDay|[upkeep]\n|upkeep\n|inactive|Abonathy has 30 seconds left.\n|\n|t:|1776287651\n|switch|p2a: Scizor|Scizor, L50, F|98/100\n|turn|4\n|\n|t:|1776287674\n|move|p1a: Farigiraf|Helping Hand|p1b: Camerupt\n|-singleturn|p1b: Camerupt|Helping Hand|[of] p1a: Farigiraf\n|move|p2a: Scizor|Protect|p2a: Scizor\n|-singleturn|p2a: Scizor|Protect\n|move|p1b: Camerupt|Eruption|p2b: Garchomp|[spread] p2b\n|-activate|p2a: Scizor|move: Protect\n|-resisted|p2b: Garchomp|1\n|-damage|p2b: Garchomp|0 fnt\n|faint|p2b: Garchomp\n|\n|-weather|SunnyDay|[upkeep]\n|upkeep\n|\n|t:|1776287683\n|switch|p2b: Floette|Floette-Eternal, L50, F|100/100\n|turn|5\n|\n|t:|1776287699\n|move|p1a: Farigiraf|Helping Hand|p1b: Camerupt\n|-singleturn|p1b: Camerupt|Helping Hand|[of] p1a: Farigiraf\n|move|p2a: Scizor|Protect||[still]\n|-fail|p2a: Scizor\n|move|p2b: Floette|Protect|p2b: Floette\n|-singleturn|p2b: Floette|Protect\n|move|p1b: Camerupt|Eruption|p2b: Floette|[spread] p2a\n|-activate|p2b: Floette|move: Protect\n|-supereffective|p2a: Scizor|2\n|-damage|p2a: Scizor|0 fnt\n|faint|p2a: Scizor\n|\n|-weather|SunnyDay|[upkeep]\n|-fieldend|move: Trick Room\n|upkeep\n|turn|6\n|inactive|Abonathy has 30 seconds left.\n|\n|t:|1776287728\n|detailschange|p2b: Floette|Floette-Mega, L50, F\n|-mega|p2b: Floette|Floette|Floettite\n|-ability|p2b: Floette|Fairy Aura\n|move|p2b: Floette|Dazzling Gleam|p1b: Camerupt|[spread] p1a,p1b\n|-resisted|p1b: Camerupt|1\n|-damage|p1a: Farigiraf|59/100\n|-damage|p1b: Camerupt|47/100\n|move|p1b: Camerupt|Flamethrower|p2b: Floette\n|-crit|p2b: Floette\n|-damage|p2b: Floette|0 fnt\n|faint|p2b: Floette\n|\n|win|battle sim trainer\n|raw|battle sim trainer's rating: 1157 &rarr; <strong>1176</strong><br />(+19 for winning)\n|raw|Abonathy's rating: 1068 &rarr; <strong>1053</strong><br />(-15 for losing)\n",
  "uploadtime": 1776287734,
  "views": 20,
  "formatid": "gen9championsvgc2026regma",
  "rating": 1053,
  "private": 0,
  "password": null
}