{
  "id": "gen9championsvgc2026regma-2587814729",
  "format": "[Gen 9 Champions] VGC 2026 Reg M-A",
  "players": [
    "Twishts",
    "ub student"
  ],
  "log": "|j|\u2606Twishts\n|j|\u2606ub student\n|t:|1776566765\n|gametype|doubles\n|player|p1|Twishts|policeman-gen4|1489\n|player|p2|ub student|101|1514\n|gen|9\n|tier|[Gen 9 Champions] VGC 2026 Reg M-A\n|rated|\n|rule|Species Clause: Limit one of each Pok\u00e9mon\n|rule|Item Clause: Limit 1 of each item\n|clearpoke\n|poke|p1|Aerodactyl, L50, F|\n|poke|p1|Garchomp, L50, F|\n|poke|p1|Milotic, L50, F|\n|poke|p1|Floette-Eternal, L50, F|\n|poke|p1|Incineroar, L50, M|\n|poke|p1|Scizor, L50, M|\n|poke|p2|Floette-Eternal, L50, F|\n|poke|p2|Talonflame, L50, M|\n|poke|p2|Basculegion, L50, M|\n|poke|p2|Garchomp, L50, F|\n|poke|p2|Rotom-Wash, L50|\n|poke|p2|Kingambit, L50, M|\n|teampreview|4\n|inactive|Battle timer is ON: inactive players will automatically lose when time's up. (requested by ub student)\n|\n|t:|1776566790\n|teamsize|p1|4\n|teamsize|p2|4\n|start\n|switch|p1a: Aerodactyl|Aerodactyl, L50, F|100/100\n|switch|p1b: Garchomp|Garchomp, L50, F|100/100\n|switch|p2a: Talonflame|Talonflame, L50, M|100/100\n|switch|p2b: Basculegion|Basculegion, L50, M|100/100\n|-ability|p1a: Aerodactyl|Unnerve\n|turn|1\n|\n|t:|1776566805\n|move|p2a: Talonflame|Feint|p1a: Aerodactyl\n|-resisted|p1a: Aerodactyl|1\n|-damage|p1a: Aerodactyl|94/100\n|move|p2b: Basculegion|Flip Turn|p1a: Aerodactyl\n|-supereffective|p1a: Aerodactyl|1\n|-damage|p1a: Aerodactyl|0 fnt\n|faint|p1a: Aerodactyl\n|\n|t:|1776566809\n|switch|p2b: Floette|Floette-Eternal, L50, F|100/100|[from] Flip Turn\n|move|p1b: Garchomp|Rock Slide|p2a: Talonflame|[spread] p2a,p2b\n|-supereffective|p2a: Talonflame|2\n|-enditem|p2a: Talonflame|Focus Sash\n|-damage|p2a: Talonflame|1/100\n|-damage|p2b: Floette|77/100\n|\n|upkeep\n|\n|t:|1776566817\n|switch|p1a: Incineroar|Incineroar, L50, M|100/100\n|-ability|p1a: Incineroar|Intimidate|boost\n|-unboost|p2a: Talonflame|atk|1\n|-unboost|p2b: Floette|atk|1\n|turn|2\n|\n|t:|1776566836\n|detailschange|p2b: Floette|Floette-Mega, L50, F\n|-mega|p2b: Floette|Floette|Floettite\n|-ability|p2b: Floette|Fairy Aura\n|move|p2a: Talonflame|Protect|p2a: Talonflame\n|-singleturn|p2a: Talonflame|Protect\n|move|p1b: Garchomp|Protect|p1b: Garchomp\n|-singleturn|p1b: Garchomp|Protect\n|move|p2b: Floette|Protect|p2b: Floette\n|-singleturn|p2b: Floette|Protect\n|move|p1a: Incineroar|Fake Out|p2a: Talonflame\n|-activate|p2a: Talonflame|move: Protect\n|\n|upkeep\n|turn|3\n|inactive|ub student has 30 seconds left.\n|\n|t:|1776566863\n|move|p2a: Talonflame|Tailwind|p2a: Talonflame\n|-sidestart|p2: ub student|move: Tailwind\n|move|p2b: Floette|Moonblast|p1b: Garchomp\n|-supereffective|p1b: Garchomp|1\n|-damage|p1b: Garchomp|0 fnt\n|faint|p1b: Garchomp\n|move|p1a: Incineroar|Parting Shot|p2b: Floette\n|-unboost|p2b: Floette|atk|1\n|-unboost|p2b: Floette|spa|1\n|\n|t:|1776566870\n|switch|p1a: Floette|Floette-Eternal, L50, F|100/100|[from] Parting Shot\n|\n|upkeep\n|\n|t:|1776566872\n|switch|p1b: Incineroar|Incineroar, L50, M|100/100\n|-ability|p1b: Incineroar|Intimidate|boost\n|-unboost|p2a: Talonflame|atk|1\n|-unboost|p2b: Floette|atk|1\n|turn|4\n|inactive|ub student has 30 seconds left.\n|inactive|ub student has 20 seconds left.\n|\n|t:|1776566907\n|detailschange|p1a: Floette|Floette-Mega, L50, F\n|-mega|p1a: Floette|Floette|Floettite\n|-ability|p1a: Floette|Fairy Aura\n|move|p1b: Incineroar|Fake Out|p2a: Talonflame\n|-damage|p2a: Talonflame|0 fnt\n|faint|p2a: Talonflame\n|move|p2b: Floette|Light of Ruin|p1b: Incineroar\n|-damage|p1b: Incineroar|51/100\n|-damage|p2b: Floette|50/100|[from] Recoil\n|move|p1a: Floette|Calm Mind|p1a: Floette\n|-boost|p1a: Floette|spa|1\n|-boost|p1a: Floette|spd|1\n|\n|upkeep\n|\n|t:|1776566921\n|switch|p2a: Kingambit|Kingambit, L50, M|100/100\n|turn|5\n|\n|t:|1776566928\n|move|p2b: Floette|Light of Ruin|p1b: Incineroar\n|-damage|p1b: Incineroar|9/100\n|-enditem|p1b: Incineroar|Sitrus Berry|[eat]\n|-heal|p1b: Incineroar|34/100|[from] item: Sitrus Berry\n|-damage|p2b: Floette|26/100|[from] Recoil\n|move|p2a: Kingambit|Iron Head|p1a: Floette\n|-supereffective|p1a: Floette|1\n|-damage|p1a: Floette|0 fnt\n|faint|p1a: Floette\n|move|p1b: Incineroar|Flare Blitz|p2a: Kingambit\n|-supereffective|p2a: Kingambit|1\n|-damage|p2a: Kingambit|40/100\n|-damage|p1b: Incineroar|14/100|[from] Recoil\n|\n|upkeep\n|turn|6\n|\n|t:|1776566944\n|move|p2b: Floette|Moonblast|p1b: Incineroar\n|-damage|p1b: Incineroar|0 fnt\n|faint|p1b: Incineroar\n|\n|win|ub student\n|raw|Twishts's rating: 1489 &rarr; <strong>1470</strong><br />(-19 for losing)\n|raw|ub student's rating: 1514 &rarr; <strong>1533</strong><br />(+19 for winning)\n|c|\u2606Twishts|gg\n|l|\u2606ub student\n|player|p2|\n|l|\u2606Twishts\n|player|p1|\n",
  "uploadtime": 1776567016,
  "views": 14,
  "formatid": "gen9championsvgc2026regma",
  "rating": 1470,
  "private": 0,
  "password": null
}