{
  "id": "gen9championsvgc2026regma-2584838211",
  "format": "[Gen 9 Champions] VGC 2026 Reg M-A",
  "players": [
    "szadek",
    "sediclaneto"
  ],
  "log": "|j|\u2606szadek\n|j|\u2606sediclaneto\n|t:|1776287579\n|gametype|doubles\n|player|p1|szadek|veteran|1125\n|player|p2|sediclaneto|wallace|1114\n|gen|9\n|tier|[Gen 9 Champions] VGC 2026 Reg M-A\n|rated|\n|rule|Species Clause: Limit one of each Pok\u00e9mon\n|rule|Item Clause: Limit 1 of each item\n|clearpoke\n|poke|p1|Floette-Eternal, L50, F|\n|poke|p1|Mamoswine, L50, M|\n|poke|p1|Araquanid, L50, M|\n|poke|p1|Sneasler, L50, F|\n|poke|p1|Rotom-Heat, L50|\n|poke|p1|Whimsicott, L50, F|\n|poke|p2|Froslass, L50, F|\n|poke|p2|Sneasler, L50, M|\n|poke|p2|Aerodactyl, L50, M|\n|poke|p2|Garchomp, L50, M|\n|poke|p2|Kingambit, L50, M|\n|poke|p2|Rotom-Wash, L50|\n|teampreview|4\n|inactive|Battle timer is ON: inactive players will automatically lose when time's up. (requested by sediclaneto)\n|\n|t:|1776287613\n|teamsize|p1|4\n|teamsize|p2|4\n|start\n|switch|p1a: Sneasler|Sneasler, L50, F|100/100\n|switch|p1b: Whimsicott|Whimsicott, L50, F|100/100\n|switch|p2a: Froslass|Froslass, L50, F|100/100\n|switch|p2b: Kingambit|Kingambit, L50, M|100/100\n|turn|1\n|inactive|sediclaneto has 30 seconds left.\n|inactive|sediclaneto has 20 seconds left.\n|\n|t:|1776287649\n|detailschange|p2a: Froslass|Froslass-Mega, L50, F\n|-mega|p2a: Froslass|Froslass|Froslassite\n|-weather|Snowscape|[from] ability: Snow Warning|[of] p2a: Froslass\n|move|p2b: Kingambit|Protect|p2b: Kingambit\n|-singleturn|p2b: Kingambit|Protect\n|move|p1b: Whimsicott|Tailwind|p1b: Whimsicott\n|-sidestart|p1: szadek|move: Tailwind\n|move|p1a: Sneasler|Close Combat|p2b: Kingambit\n|-activate|p2b: Kingambit|move: Protect\n|move|p2a: Froslass|Blizzard|p1a: Sneasler|[spread] p1a,p1b\n|-supereffective|p1b: Whimsicott|1\n|-damage|p1a: Sneasler|37/100\n|-enditem|p1b: Whimsicott|Focus Sash\n|-damage|p1b: Whimsicott|1/100\n|\n|-weather|Snowscape|[upkeep]\n|upkeep\n|turn|2\n|inactive|sediclaneto has 30 seconds left.\n|\n|t:|1776287676\n|switch|p2b: Sneasler|Sneasler, L50, M|100/100\n|move|p1b: Whimsicott|Protect|p1b: Whimsicott\n|-singleturn|p1b: Whimsicott|Protect\n|move|p1a: Sneasler|Close Combat|p2b: Sneasler\n|-resisted|p2b: Sneasler|1\n|-damage|p2b: Sneasler|42/100\n|-unboost|p1a: Sneasler|def|1\n|-unboost|p1a: Sneasler|spd|1\n|-enditem|p1a: Sneasler|White Herb\n|-clearnegativeboost|p1a: Sneasler|[silent]\n|move|p2a: Froslass|Blizzard|p1b: Whimsicott|[spread] p1a\n|-activate|p1b: Whimsicott|move: Protect\n|-damage|p1a: Sneasler|0 fnt\n|faint|p1a: Sneasler\n|\n|-weather|Snowscape|[upkeep]\n|upkeep\n|\n|t:|1776287697\n|switch|p1a: Floette|Floette-Eternal, L50, F|100/100\n|turn|3\n|\n|t:|1776287721\n|detailschange|p1a: Floette|Floette-Mega, L50, F\n|-mega|p1a: Floette|Floette|Floettite\n|-ability|p1a: Floette|Fairy Aura\n|move|p2b: Sneasler|Fake Out|p1a: Floette\n|-damage|p1a: Floette|83/100\n|move|p1b: Whimsicott|Moonblast|p2b: Sneasler\n|-damage|p2b: Sneasler|0 fnt\n|faint|p2b: Sneasler\n|cant|p1a: Floette|flinch\n|move|p2a: Froslass|Blizzard|p1b: Whimsicott|[spread] p1a,p1b\n|-supereffective|p1b: Whimsicott|1\n|-damage|p1a: Floette|53/100\n|-damage|p1b: Whimsicott|0 fnt\n|-status|p1a: Floette|frz\n|faint|p1b: Whimsicott\n|\n|-weather|Snowscape|[upkeep]\n|upkeep\n|\n|t:|1776287742\n|switch|p1b: Rotom|Rotom-Heat, L50|100/100\n|switch|p2b: Kingambit|Kingambit, L50, M|100/100\n|turn|4\n|\n|t:|1776287765\n|move|p1b: Rotom|Overheat|p2b: Kingambit\n|-supereffective|p2b: Kingambit|1\n|-damage|p2b: Kingambit|0 fnt\n|-unboost|p1b: Rotom|spa|2\n|faint|p2b: Kingambit\n|cant|p1a: Floette|frz\n|move|p2a: Froslass|Aurora Veil|p2a: Froslass\n|-sidestart|p2: sediclaneto|move: Aurora Veil\n|\n|-weather|Snowscape|[upkeep]\n|-sideend|p1: szadek|move: Tailwind\n|upkeep\n|\n|t:|1776287775\n|switch|p2b: Aerodactyl|Aerodactyl, L50, M|100/100\n|-ability|p2b: Aerodactyl|Unnerve\n|turn|5\n|\n|t:|1776287786\n|cant|p1a: Floette|frz\n|move|p2b: Aerodactyl|Rock Slide|p1b: Rotom|[spread] p1a,p1b\n|-supereffective|p1b: Rotom|1\n|-damage|p1a: Floette|24/100 frz\n|-damage|p1b: Rotom|28/100\n|move|p2a: Froslass|Shadow Ball|p1a: Floette\n|-damage|p1a: Floette|0 fnt\n|faint|p1a: Floette\n|move|p1b: Rotom|Electroweb|p2b: Aerodactyl|[spread] p2a,p2b\n|-supereffective|p2b: Aerodactyl|1\n|-damage|p2a: Froslass|92/100\n|-damage|p2b: Aerodactyl|83/100\n|-unboost|p2a: Froslass|spe|1\n|-unboost|p2b: Aerodactyl|spe|1\n|\n|-weather|none\n|upkeep\n|turn|6\n|c|\u2606szadek|Freeze sucks, gg\n|inactive|szadek has 30 seconds left.\n|\n|t:|1776287821\n|move|p1b: Rotom|Thunderbolt|p2b: Aerodactyl\n|-supereffective|p2b: Aerodactyl|1\n|-damage|p2b: Aerodactyl|44/100\n|move|p2b: Aerodactyl|Dual Wingbeat|p1b: Rotom\n|-resisted|p1b: Rotom|1\n|-damage|p1b: Rotom|16/100\n|-resisted|p1b: Rotom|1\n|-damage|p1b: Rotom|4/100\n|-hitcount|p1b: Rotom|2\n|move|p2a: Froslass|Shadow Ball|p1b: Rotom\n|-damage|p1b: Rotom|0 fnt\n|faint|p1b: Rotom\n|\n|win|sediclaneto\n|raw|szadek's rating: 1125 &rarr; <strong>1099</strong><br />(-26 for losing)\n|raw|sediclaneto's rating: 1114 &rarr; <strong>1140</strong><br />(+26 for winning)\n",
  "uploadtime": 1776287835,
  "views": 20,
  "formatid": "gen9championsvgc2026regma",
  "rating": 1099,
  "private": 0,
  "password": null
}