{
  "id": "gen9championsvgc2026regma-2581989063",
  "format": "[Gen 9 Champions] VGC 2026 Reg M-A",
  "players": [
    "ommo.ommo",
    "VenVGC"
  ],
  "log": "|j|\u2606ommo.ommo\n|j|\u2606VenVGC\n|t:|1776046046\n|gametype|doubles\n|player|p1|ommo.ommo|n|1000\n|player|p2|VenVGC|266|1043\n|gen|9\n|tier|[Gen 9 Champions] VGC 2026 Reg M-A\n|rated|\n|rule|Species Clause: Limit one of each Pok\u00e9mon\n|rule|Item Clause: Limit 1 of each item\n|clearpoke\n|poke|p1|Farigiraf, L50, F|\n|poke|p1|Audino, L50, M|\n|poke|p1|Snorlax, L50, F|\n|poke|p1|Drampa, L50, F|\n|poke|p1|Oranguru, L50, M|\n|poke|p1|Toucannon, L50, M|\n|poke|p2|Gengar, L50, M|\n|poke|p2|Meganium, L50, M|\n|poke|p2|Politoed, L50, F|\n|poke|p2|Sinistcha, L50|\n|poke|p2|Incineroar, L50, F|\n|poke|p2|Sableye, L50, F|\n|teampreview|4\nommo.ommo rejected open team sheets.\n|inactive|Battle timer is ON: inactive players will automatically lose when time's up. (requested by ommo.ommo)\n|\n|t:|1776046087\n|teamsize|p1|4\n|teamsize|p2|4\n|start\n|switch|p1a: Farigiraf|Farigiraf, L50, F|100/100\n|switch|p1b: Drampa|Drampa, L50, F|100/100\n|switch|p2a: Sinistcha|Sinistcha, L50|100/100\n|switch|p2b: Sableye|Sableye, L50, F|100/100\n|turn|1\n|\n|t:|1776046110\n|detailschange|p1b: Drampa|Drampa-Mega, L50, F\n|-mega|p1b: Drampa|Drampa|Drampanite\n|move|p2b: Sableye|Light Screen|p2b: Sableye\n|-sidestart|p2: VenVGC|move: Light Screen\n|move|p2a: Sinistcha|Calm Mind|p2a: Sinistcha\n|-boost|p2a: Sinistcha|spa|1\n|-boost|p2a: Sinistcha|spd|1\n|move|p1b: Drampa|Calm Mind|p1b: Drampa\n|-boost|p1b: Drampa|spa|1\n|-boost|p1b: Drampa|spd|1\n|move|p1a: Farigiraf|Trick Room|p1a: Farigiraf\n|-fieldstart|move: Trick Room|[of] p1a: Farigiraf\n|\n|upkeep\n|turn|2\n|inactive|VenVGC has 30 seconds left.\n|\n|t:|1776046139\n|move|p2b: Sableye|Reflect|p2b: Sableye\n|-sidestart|p2: VenVGC|Reflect\n|move|p1b: Drampa|Ice Beam|p2a: Sinistcha\n|-supereffective|p2a: Sinistcha|1\n|-damage|p2a: Sinistcha|51/100\n|move|p1a: Farigiraf|Twin Beam|p2a: Sinistcha\n|-damage|p2a: Sinistcha|42/100\n|-damage|p2a: Sinistcha|33/100\n|-hitcount|p2a: Sinistcha|2\n|move|p2a: Sinistcha|Calm Mind|p2a: Sinistcha\n|-boost|p2a: Sinistcha|spa|1\n|-boost|p2a: Sinistcha|spd|1\n|\n|-heal|p2a: Sinistcha|38/100|[from] item: Leftovers\n|upkeep\n|turn|3\n|\n|t:|1776046155\n|move|p1b: Drampa|Heat Wave|p2b: Sableye|[spread] p2a,p2b\n|-supereffective|p2a: Sinistcha|1\n|-damage|p2a: Sinistcha|10/100\n|-damage|p2b: Sableye|66/100\n|move|p2b: Sableye|Foul Play|p1b: Drampa\n|-damage|p1b: Drampa|67/100\n|move|p1a: Farigiraf|Twin Beam|p2a: Sinistcha\n|-damage|p2a: Sinistcha|3/100\n|-damage|p2a: Sinistcha|0 fnt\n|faint|p2a: Sinistcha\n|-hitcount|p2: Sinistcha|2\n|\n|upkeep\n|\n|t:|1776046170\n|switch|p2a: Politoed|Politoed, L50, F|100/100\n|-weather|RainDance|[from] ability: Drizzle|[of] p2a: Politoed\n|turn|4\n|\n|t:|1776046186\n|move|p1b: Drampa|Calm Mind|p1b: Drampa\n|-boost|p1b: Drampa|spa|1\n|-boost|p1b: Drampa|spd|1\n|move|p2b: Sableye|Foul Play|p1a: Farigiraf\n|-supereffective|p1a: Farigiraf|1\n|-damage|p1a: Farigiraf|23/100\n|move|p1a: Farigiraf|Twin Beam|p2a: Politoed\n|-crit|p2a: Politoed\n|-damage|p2a: Politoed|70/100\n|-damage|p2a: Politoed|56/100\n|-hitcount|p2a: Politoed|2\n|move|p2a: Politoed|Perish Song|p2a: Politoed\n|-start|p1a: Farigiraf|perish3|[silent]\n|-start|p1b: Drampa|perish3|[silent]\n|-start|p2a: Politoed|perish3|[silent]\n|-start|p2b: Sableye|perish3|[silent]\n|-fieldactivate|move: Perish Song\n|\n|-weather|RainDance|[upkeep]\n|-start|p1b: Drampa|perish3\n|-start|p2b: Sableye|perish3\n|-start|p1a: Farigiraf|perish3\n|-start|p2a: Politoed|perish3\n|upkeep\n|turn|5\n|inactive|ommo.ommo has 30 seconds left.\n|-activate|p1a: Farigiraf|item: Quick Claw\n|\n|t:|1776046213\n|move|p1a: Farigiraf|Twin Beam|p2a: Politoed\n|-damage|p2a: Politoed|43/100\n|-damage|p2a: Politoed|30/100\n|-hitcount|p2a: Politoed|2\n|move|p1b: Drampa|Ice Beam|p2a: Politoed\n|-resisted|p2a: Politoed|1\n|-damage|p2a: Politoed|7/100\n|move|p2b: Sableye|Foul Play|p1a: Farigiraf\n|-supereffective|p1a: Farigiraf|1\n|-damage|p1a: Farigiraf|0 fnt\n|faint|p1a: Farigiraf\n|move|p2a: Politoed|Icy Wind|p1b: Drampa\n|-supereffective|p1b: Drampa|1\n|-damage|p1b: Drampa|55/100\n|-unboost|p1b: Drampa|spe|1\n|\n|-weather|RainDance|[upkeep]\n|-start|p1b: Drampa|perish2\n|-start|p2b: Sableye|perish2\n|-start|p2a: Politoed|perish2\n|-sideend|p2: VenVGC|move: Light Screen\n|-fieldend|move: Trick Room\n|upkeep\n|inactive|ommo.ommo has 30 seconds left.\n|\n|t:|1776046245\n|switch|p1a: Toucannon|Toucannon, L50, M|100/100\n|turn|6\n|\n|t:|1776046260\n|switch|p2b: Gengar|Gengar, L50, M|100/100\n|move|p2a: Politoed|Muddy Water|p1a: Toucannon|[spread] p1a,p1b\n|-resisted|p1b: Drampa|1\n|-damage|p1a: Toucannon|62/100\n|-damage|p1b: Drampa|48/100\n|-ability|p1b: Drampa|Berserk|boost\n|-boost|p1b: Drampa|spa|1\n|move|p1a: Toucannon|Swords Dance|p1a: Toucannon\n|-boost|p1a: Toucannon|atk|2\n|move|p1b: Drampa|Ice Beam|p2a: Politoed\n|-resisted|p2a: Politoed|1\n|-damage|p2a: Politoed|0 fnt\n|faint|p2a: Politoed\n|\n|-weather|RainDance|[upkeep]\n|-start|p1b: Drampa|perish1\n|-sideend|p2: VenVGC|Reflect\n|upkeep\n|\n|t:|1776046275\n|switch|p2a: Sableye|Sableye, L50, F|66/100\n|turn|7\n|\n|t:|1776046291\n|detailschange|p2b: Gengar|Gengar-Mega, L50, M\n|-mega|p2b: Gengar|Gengar|Gengarite\n|move|p2b: Gengar|Protect|p2b: Gengar\n|-singleturn|p2b: Gengar|Protect\n|move|p2a: Sableye|Encore|p1a: Toucannon\n|-start|p1a: Toucannon|Encore\n|move|p1a: Toucannon|Swords Dance|p1a: Toucannon\n|-boost|p1a: Toucannon|atk|2\n|move|p1b: Drampa|Ice Beam|p2b: Gengar\n|-activate|p2b: Gengar|move: Protect\n|\n|-weather|RainDance|[upkeep]\n|-start|p1b: Drampa|perish0\n|faint|p1b: Drampa\n|upkeep\n|\n|t:|1776046302\n|switch|p1b: Snorlax|Snorlax, L50, F|100/100\n|turn|8\n|\n|t:|1776046314\n|move|p2a: Sableye|Reflect|p2a: Sableye\n|-sidestart|p2: VenVGC|Reflect\n|move|p2b: Gengar|Substitute|p2b: Gengar\n|-start|p2b: Gengar|Substitute\n|-damage|p2b: Gengar|76/100\n|move|p1a: Toucannon|Swords Dance|p1a: Toucannon\n|-boost|p1a: Toucannon|atk|2\n|move|p1b: Snorlax|Belly Drum|p1b: Snorlax\n|-damage|p1b: Snorlax|51/100\n|-setboost|p1b: Snorlax|atk|6|[from] move: Belly Drum\n|\n|-weather|none\n|upkeep\n|turn|9\n|\n|t:|1776046335\n|move|p2a: Sableye|Encore|p1b: Snorlax\n|-start|p1b: Snorlax|Encore\n|move|p2b: Gengar|Sludge Bomb|p1a: Toucannon\n|-damage|p1a: Toucannon|6/100\n|-status|p1a: Toucannon|psn\n|move|p1a: Toucannon|Swords Dance|p1a: Toucannon\n|-boost|p1a: Toucannon|atk|0\n|move|p1b: Snorlax|Belly Drum||[still]\n|-fail|p1b: Snorlax\n|\n|-damage|p1a: Toucannon|0 fnt|[from] psn\n|faint|p1a: Toucannon\n|upkeep\n|turn|10\n|-message|ommo.ommo forfeited.\n|\n|win|VenVGC\n|raw|ommo.ommo's rating: 1000 &rarr; <strong>1000</strong><br />(+0 for losing)\n|raw|VenVGC's rating: 1043 &rarr; <strong>1072</strong><br />(+29 for winning)\n|l|\u2606ommo.ommo\n|player|p1|\n",
  "uploadtime": 1776046351,
  "views": 26,
  "formatid": "gen9championsvgc2026regma",
  "rating": 1000,
  "private": 0,
  "password": null
}