{
  "id": "gen9championsvgc2026regma-2583737063",
  "format": "[Gen 9 Champions] VGC 2026 Reg M-A",
  "players": [
    "badalakazam",
    "Niftix"
  ],
  "log": "|j|\u2606badalakazam\n|j|\u2606Niftix\n|t:|1776194254\n|gametype|doubles\n|player|p1|badalakazam|102|1213\n|player|p2|Niftix|2|1177\n|gen|9\n|tier|[Gen 9 Champions] VGC 2026 Reg M-A\n|rated|\n|rule|Species Clause: Limit one of each Pok\u00e9mon\n|rule|Item Clause: Limit 1 of each item\n|clearpoke\n|poke|p1|Abomasnow, L50, F|\n|poke|p1|Slowking, L50, M|\n|poke|p1|Incineroar, L50, F|\n|poke|p1|Rotom-Frost, L50|\n|poke|p1|Mudsdale, L50, M|\n|poke|p1|Vivillon, L50, M|\n|poke|p2|Tyranitar, L50, M|\n|poke|p2|Excadrill, L50, M|\n|poke|p2|Rotom-Wash, L50|\n|poke|p2|Incineroar, L50, M|\n|poke|p2|Sinistcha, L50|\n|poke|p2|Floette-Eternal, L50, F|\n|teampreview|4\n|inactive|Battle timer is ON: inactive players will automatically lose when time's up. (requested by Niftix)\n|inactive|badalakazam has 60 seconds left.\n|inactive|Niftix has 60 seconds left.\n|inactive|badalakazam has 30 seconds left.\n|\n|t:|1776194320\n|teamsize|p1|4\n|teamsize|p2|4\n|start\n|switch|p1a: Mudsdale|Mudsdale, L50, M|100/100\n|switch|p1b: Slowking|Slowking, L50, M|100/100\n|switch|p2a: Incineroar|Incineroar, L50, M|100/100\n|switch|p2b: Floette|Floette-Eternal, L50, F|100/100\n|-ability|p2a: Incineroar|Intimidate|boost\n|-fail|p1a: Mudsdale|unboost|Attack|[from] ability: Inner Focus|[of] p1a: Mudsdale\n|-fail|p1b: Slowking|unboost|Attack|[from] ability: Oblivious|[of] p1b: Slowking\n|turn|1\n|\n|t:|1776194341\n|detailschange|p2b: Floette|Floette-Mega, L50, F\n|-mega|p2b: Floette|Floette|Floettite\n|-ability|p2b: Floette|Fairy Aura\n|move|p2a: Incineroar|Fake Out|p1b: Slowking\n|-damage|p1b: Slowking|89/100\n|move|p2b: Floette|Calm Mind|p2b: Floette\n|-boost|p2b: Floette|spa|1\n|-boost|p2b: Floette|spd|1\n|move|p1a: Mudsdale|High Horsepower|p2b: Floette\n|-damage|p2b: Floette|43/100\n|cant|p1b: Slowking|flinch\n|\n|upkeep\n|turn|2\n|inactive|badalakazam has 30 seconds left.\n|inactive|Niftix has 30 seconds left.\n|\n|t:|1776194370\n|switch|p1a: Incineroar|Incineroar, L50, F|100/100\n|-ability|p1a: Incineroar|Intimidate|boost\n|-unboost|p2a: Incineroar|atk|1\n|-unboost|p2b: Floette|atk|1\n|move|p1b: Slowking|Protect|p1b: Slowking\n|-singleturn|p1b: Slowking|Protect\n|move|p2b: Floette|Moonblast|p1a: Incineroar\n|-crit|p1a: Incineroar\n|-damage|p1a: Incineroar|0 fnt\n|faint|p1a: Incineroar\n|move|p2a: Incineroar|Throat Chop|p1b: Slowking\n|-activate|p1b: Slowking|move: Protect\n|\n|upkeep\n|c|\u2606badalakazam|omg\n|\n|t:|1776194383\n|switch|p1a: Mudsdale|Mudsdale, L50, M|100/100\n|turn|3\n|\n|t:|1776194394\n|switch|p2a: Sinistcha|Sinistcha, L50|100/100\n|-heal|p2b: Floette|68/100|[from] ability: Hospitality|[of] p2a: Sinistcha\n|move|p1a: Mudsdale|Protect|p1a: Mudsdale\n|-singleturn|p1a: Mudsdale|Protect\n|move|p2b: Floette|Dazzling Gleam|p1a: Mudsdale|[spread] p1b\n|-activate|p1a: Mudsdale|move: Protect\n|-damage|p1b: Slowking|32/100\n|move|p1b: Slowking|Trick Room|p1b: Slowking\n|-fieldstart|move: Trick Room|[of] p1b: Slowking\n|\n|upkeep\n|turn|4\n|\n|t:|1776194413\n|move|p2a: Sinistcha|Rage Powder|p2a: Sinistcha\n|-singleturn|p2a: Sinistcha|move: Rage Powder\n|move|p1b: Slowking|Hydro Pump|p2a: Sinistcha\n|-resisted|p2a: Sinistcha|1\n|-damage|p2a: Sinistcha|75/100\n|move|p1a: Mudsdale|Earthquake|p2b: Floette|[spread] p1b,p2a,p2b\n|-resisted|p2a: Sinistcha|1\n|-crit|p2a: Sinistcha\n|-damage|p1b: Slowking|0 fnt\n|-damage|p2a: Sinistcha|49/100\n|-damage|p2b: Floette|24/100\n|faint|p1b: Slowking\n|move|p2b: Floette|Dazzling Gleam|p1a: Mudsdale\n|-damage|p1a: Mudsdale|28/100\n|\n|upkeep\n|\n|t:|1776194419\n|switch|p1b: Abomasnow|Abomasnow, L50, F|100/100\n|-weather|Snowscape|[from] ability: Snow Warning|[of] p1b: Abomasnow\n|turn|5\n|\n|t:|1776194444\n|switch|p2a: Incineroar|Incineroar, L50, M|100/100\n|-ability|p2a: Incineroar|Intimidate|boost\n|-fail|p1a: Mudsdale|unboost|Attack|[from] ability: Inner Focus|[of] p1a: Mudsdale\n|-unboost|p1b: Abomasnow|atk|1\n|detailschange|p1b: Abomasnow|Abomasnow-Mega, L50, F\n|-mega|p1b: Abomasnow|Abomasnow|Abomasite\n|move|p2b: Floette|Protect|p2b: Floette\n|-singleturn|p2b: Floette|Protect\n|move|p1b: Abomasnow|Blizzard|p2b: Floette|[spread] p2a\n|-activate|p2b: Floette|move: Protect\n|-resisted|p2a: Incineroar|1\n|-damage|p2a: Incineroar|78/100\n|move|p1a: Mudsdale|Earthquake|p2b: Floette|[spread] p1b,p2a\n|-activate|p2b: Floette|move: Protect\n|-resisted|p1b: Abomasnow|1\n|-crit|p1b: Abomasnow\n|-supereffective|p2a: Incineroar|1\n|-damage|p1b: Abomasnow|83/100\n|-damage|p2a: Incineroar|9/100\n|-enditem|p2a: Incineroar|Sitrus Berry|[eat]\n|-heal|p2a: Incineroar|34/100|[from] item: Sitrus Berry\n|\n|-weather|Snowscape|[upkeep]\n|upkeep\n|turn|6\n|inactive|Niftix has 30 seconds left.\n|inactive|Niftix has 20 seconds left.\n|\n|t:|1776194483\n|move|p2a: Incineroar|Fake Out|p1b: Abomasnow\n|-damage|p1b: Abomasnow|75/100\n|cant|p1b: Abomasnow|flinch\n|move|p1a: Mudsdale|Earthquake|p2b: Floette|[spread] p1b,p2a,p2b\n|-resisted|p1b: Abomasnow|1\n|-supereffective|p2a: Incineroar|1\n|-damage|p1b: Abomasnow|61/100\n|-damage|p2a: Incineroar|0 fnt\n|-damage|p2b: Floette|0 fnt\n|faint|p2a: Incineroar\n|faint|p2b: Floette\n|\n|-weather|Snowscape|[upkeep]\n|upkeep\n|\n|t:|1776194490\n|switch|p2a: Rotom|Rotom-Wash, L50|100/100\n|switch|p2b: Sinistcha|Sinistcha, L50|49/100\n|turn|7\n|\n|t:|1776194502\n|move|p2b: Sinistcha|Protect|p2b: Sinistcha\n|-singleturn|p2b: Sinistcha|Protect\n|move|p2a: Rotom|Protect|p2a: Rotom\n|-singleturn|p2a: Rotom|Protect\n|move|p1b: Abomasnow|Blizzard|p2b: Sinistcha|[spread] \n|-activate|p2a: Rotom|move: Protect\n|-activate|p2b: Sinistcha|move: Protect\n|move|p1a: Mudsdale|Rock Slide|p2a: Rotom|[spread] \n|-activate|p2a: Rotom|move: Protect\n|-activate|p2b: Sinistcha|move: Protect\n|\n|-weather|Snowscape|[upkeep]\n|-fieldend|move: Trick Room\n|upkeep\n|turn|8\n|inactive|Niftix has 30 seconds left.\n|inactive|Niftix has 20 seconds left.\n|\n|t:|1776194540\n|move|p1a: Mudsdale|Protect|p1a: Mudsdale\n|-singleturn|p1a: Mudsdale|Protect\n|move|p2a: Rotom|Hydro Pump|p1b: Abomasnow|[miss]\n|-miss|p2a: Rotom|p1b: Abomasnow\n|move|p2b: Sinistcha|Matcha Gotcha|p1b: Abomasnow|[spread] p1b\n|-activate|p1a: Mudsdale|move: Protect\n|-resisted|p1b: Abomasnow|1\n|-damage|p1b: Abomasnow|49/100\n|-heal|p2b: Sinistcha|57/100|[from] drain|[of] p1b: Abomasnow\n|-status|p1b: Abomasnow|brn\n|move|p1b: Abomasnow|Blizzard|p2b: Sinistcha|[spread] p2a,p2b\n|-resisted|p2a: Rotom|1\n|-supereffective|p2b: Sinistcha|1\n|-damage|p2a: Rotom|77/100\n|-damage|p2b: Sinistcha|0 fnt\n|faint|p2b: Sinistcha\n|\n|-weather|Snowscape|[upkeep]\n|-heal|p2a: Rotom|83/100|[from] item: Leftovers\n|-damage|p1b: Abomasnow|43/100 brn|[from] brn\n|upkeep\n|turn|9\n|\n|t:|1776194557\n|move|p2a: Rotom|Hydro Pump|p1a: Mudsdale|[miss]\n|-miss|p2a: Rotom|p1a: Mudsdale\n|move|p1a: Mudsdale|Rock Slide|p2a: Rotom\n|-damage|p2a: Rotom|59/100\n|move|p1b: Abomasnow|Wood Hammer|p2a: Rotom\n|-supereffective|p2a: Rotom|1\n|-damage|p2a: Rotom|25/100\n|-damage|p1b: Abomasnow|35/100 brn|[from] Recoil\n|\n|-weather|none\n|-heal|p2a: Rotom|31/100|[from] item: Leftovers\n|-damage|p1b: Abomasnow|28/100 brn|[from] brn\n|upkeep\n|turn|10\n|\n|t:|1776194565\n|move|p2a: Rotom|Hydro Pump|p1a: Mudsdale\n|-supereffective|p1a: Mudsdale|1\n|-damage|p1a: Mudsdale|0 fnt\n|faint|p1a: Mudsdale\n|move|p1b: Abomasnow|Wood Hammer|p2a: Rotom\n|-supereffective|p2a: Rotom|1\n|-damage|p2a: Rotom|0 fnt\n|faint|p2a: Rotom\n|-damage|p1b: Abomasnow|21/100 brn|[from] Recoil\n|\n|win|badalakazam\n|raw|badalakazam's rating: 1213 &rarr; <strong>1235</strong><br />(+22 for winning)\n|raw|Niftix's rating: 1177 &rarr; <strong>1155</strong><br />(-22 for losing)\n|l|\u2606Niftix\n|player|p2|\n",
  "uploadtime": 1776194578,
  "views": 18,
  "formatid": "gen9championsvgc2026regma",
  "rating": 1155,
  "private": 0,
  "password": null
}