{
  "id": "gen9championsvgc2026regma-2584335767",
  "format": "[Gen 9 Champions] VGC 2026 Reg M-A",
  "players": [
    "Blayksta",
    "W0LFEN74"
  ],
  "log": "|j|\u2606Blayksta\n|j|\u2606W0LFEN74\n|t:|1776252484\n|gametype|doubles\n|player|p1|Blayksta|miku-ghost|1000\n|player|p2|W0LFEN74|170|1089\n|gen|9\n|tier|[Gen 9 Champions] VGC 2026 Reg M-A\n|rated|\n|rule|Species Clause: Limit one of each Pok\u00e9mon\n|rule|Item Clause: Limit 1 of each item\n|clearpoke\n|poke|p1|Starmie, L50|\n|poke|p1|Dragapult, L50, F|\n|poke|p1|Heliolisk, L50, F|\n|poke|p1|Aerodactyl, L50, F|\n|poke|p1|Whimsicott, L50, M|\n|poke|p1|Farigiraf, L50, M|\n|poke|p2|Lucario, L50, F|\n|poke|p2|Alcremie-Rainbow-Swirl, L50, F|\n|poke|p2|Incineroar, L50, M|\n|poke|p2|Aegislash, L50, F|\n|poke|p2|Sinistcha, L50|\n|poke|p2|Aerodactyl, L50, M|\n|teampreview|4\nBlayksta rejected open team sheets.\n|\n|t:|1776252515\n|teamsize|p1|4\n|teamsize|p2|4\n|start\n|switch|p1a: Heliolisk|Heliolisk, L50, F|100/100\n|switch|p1b: Starmie|Starmie, L50|100/100\n|switch|p2a: Vivienne|Alcremie-Rainbow-Swirl, L50, F|100/100\n|switch|p2b: Burd|Aerodactyl, L50, M|100/100\n|-ability|p2b: Burd|Unnerve\n|turn|1\n|\n|t:|1776252532\n|switch|p2b: Cat|Incineroar, L50, M|100/100\n|-ability|p2b: Cat|Intimidate|boost\n|-unboost|p1a: Heliolisk|atk|1\n|-unboost|p1b: Starmie|atk|1\n|detailschange|p1b: Starmie|Starmie-Mega, L50\n|-mega|p1b: Starmie|Starmie|Starminite\n|move|p2a: Vivienne|Protect|p2a: Vivienne\n|-singleturn|p2a: Vivienne|Protect\n|move|p1a: Heliolisk|Shed Tail|p1a: Heliolisk\n|-start|p1a: Heliolisk|Substitute|[from] move: Shed Tail\n|-damage|p1a: Heliolisk|50/100\n|-enditem|p1a: Heliolisk|Sitrus Berry|[eat]\n|-heal|p1a: Heliolisk|75/100|[from] item: Sitrus Berry\n|inactive|Battle timer is ON: inactive players will automatically lose when time's up. (requested by W0LFEN74)\n|\n|t:|1776252553\n|switch|p1a: Dragapult|Dragapult, L50, F|100/100|[from] Shed Tail\n|move|p1b: Starmie|Skill Swap|p1a: Dragapult\n|-activate|p1b: Starmie|Skill Swap|||[of] p1a: Dragapult\n|\n|upkeep\n|turn|2\n|\n|t:|1776252573\n|switch|p1b: Farigiraf|Farigiraf, L50, M|100/100\n|move|p1a: Dragapult|Dragon Darts|p2b: Cat\n|-damage|p2b: Cat|45/100\n|-anim|p1a: Dragapult|Dragon Darts|p2b: Cat\n|-damage|p2b: Cat|0 fnt\n|faint|p2b: Cat\n|move|p2a: Vivienne|Alluring Voice|p1a: Dragapult\n|-supereffective|p1a: Dragapult|1\n|-damage|p1a: Dragapult|0 fnt\n|faint|p1a: Dragapult\n|\n|upkeep\n|\n|t:|1776252586\n|switch|p1a: Starmie|Starmie-Mega, L50|100/100\n|switch|p2b: Ice|Aegislash, L50, F|100/100\n|turn|3\n|\n|t:|1776252600\n|move|p1b: Farigiraf|Helping Hand|p1a: Starmie\n|-singleturn|p1a: Starmie|Helping Hand|[of] p1b: Farigiraf\n|move|p1a: Starmie|Liquidation|p2b: Ice\n|-damage|p2b: Ice|0 fnt\n|faint|p2b: Ice\n|move|p2a: Vivienne|Decorate|p2: Ice|[notarget]\n|-fail|p2a: Vivienne\n|\n|upkeep\n|\n|t:|1776252611\n|switch|p2b: Burd|Aerodactyl, L50, M|100/100\n|-ability|p2b: Burd|Unnerve\n|turn|4\n|\n|t:|1776252630\n|detailschange|p2b: Burd|Aerodactyl-Mega, L50, M\n|-mega|p2b: Burd|Aerodactyl|Aerodactylite\n|move|p1b: Farigiraf|Helping Hand|p1a: Starmie\n|-singleturn|p1a: Starmie|Helping Hand|[of] p1b: Farigiraf\n|move|p2b: Burd|Dual Wingbeat|p1a: Starmie\n|-damage|p1a: Starmie|65/100\n|-damage|p1a: Starmie|30/100\n|-hitcount|p1a: Starmie|2\n|move|p1a: Starmie|Liquidation|p2b: Burd\n|-supereffective|p2b: Burd|1\n|-damage|p2b: Burd|0 fnt\n|faint|p2b: Burd\n|move|p2a: Vivienne|Decorate|p2: Burd|[notarget]\n|-fail|p2a: Vivienne\n|\n|upkeep\n|turn|5\n|\n|t:|1776252644\n|move|p1b: Farigiraf|Helping Hand|p1a: Starmie\n|-singleturn|p1a: Starmie|Helping Hand|[of] p1b: Farigiraf\n|move|p1a: Starmie|Aqua Jet|p2a: Vivienne\n|-damage|p2a: Vivienne|8/100\n|move|p2a: Vivienne|Alluring Voice|p1a: Starmie\n|-damage|p1a: Starmie|0 fnt\n|faint|p1a: Starmie\n|\n|-heal|p2a: Vivienne|13/100|[from] item: Leftovers\n|upkeep\n|\n|t:|1776252648\n|switch|p1a: Heliolisk|Heliolisk, L50, F|75/100\n|turn|6\n|-message|W0LFEN74 forfeited.\n|\n|win|Blayksta\n|raw|Blayksta's rating: 1000 &rarr; <strong>1050</strong><br />(+50 for winning)\n|raw|W0LFEN74's rating: 1089 &rarr; <strong>1060</strong><br />(-29 for losing)\n|l|\u2606W0LFEN74\n|player|p2|\n",
  "uploadtime": 1776252714,
  "views": 22,
  "formatid": "gen9championsvgc2026regma",
  "rating": 1050,
  "private": 0,
  "password": null
}