{
  "id": "gen9championsvgc2026regma-2584956466",
  "format": "[Gen 9 Champions] VGC 2026 Reg M-A",
  "players": [
    "fhadfgdasdfsdf",
    "KUTF1"
  ],
  "log": "|j|\u2606fhadfgdasdfsdf\n|j|\u2606KUTF1\n|t:|1776297978\n|gametype|doubles\n|player|p1|fhadfgdasdfsdf|gentleman-gen4|1233\n|player|p2|KUTF1|harlequin|1260\n|gen|9\n|tier|[Gen 9 Champions] VGC 2026 Reg M-A\n|rated|\n|rule|Species Clause: Limit one of each Pok\u00e9mon\n|rule|Item Clause: Limit 1 of each item\n|clearpoke\n|poke|p1|Alakazam, L50, M|\n|poke|p1|Meowstic, L50, M|\n|poke|p1|Torkoal, L50, F|\n|poke|p1|Venusaur, L50, M|\n|poke|p1|Sneasler, L50, M|\n|poke|p1|Farigiraf, L50, F|\n|poke|p2|Drampa, L50, F|\n|poke|p2|Emboar, L50, F|\n|poke|p2|Decidueye-Hisui, L50, F|\n|poke|p2|Kingambit, L50, M|\n|poke|p2|Farigiraf, L50, F|\n|poke|p2|Incineroar, L50, M|\n|teampreview|4\n|inactive|Battle timer is ON: inactive players will automatically lose when time's up. (requested by KUTF1)\n|inactive|fhadfgdasdfsdf has 60 seconds left.\n|\n|t:|1776298019\n|teamsize|p1|4\n|teamsize|p2|4\n|start\n|switch|p1a: Sneasler|Sneasler, L50, M|100/100\n|switch|p1b: Alakazam|Alakazam, L50, M|100/100\n|switch|p2a: The Gourd|Incineroar, L50, M|100/100\n|switch|p2b: Yoo Mira|Farigiraf, L50, F|100/100\n|-ability|p2a: The Gourd|Intimidate|boost\n|-unboost|p1a: Sneasler|atk|1\n|-fail|p1b: Alakazam|unboost|Attack|[from] ability: Inner Focus|[of] p1b: Alakazam\n|-enditem|p1a: Sneasler|White Herb\n|-clearnegativeboost|p1a: Sneasler|[silent]\n|turn|1\n|inactive|KUTF1 has 30 seconds left.\n|\n|t:|1776298050\n|switch|p1b: Farigiraf|Farigiraf, L50, F|100/100\n|move|p2a: The Gourd|Fake Out||[still]\n|cant|p1b: Farigiraf|ability: Armor Tail|Fake Out|[of] p2a: The Gourd\n|move|p1a: Sneasler|Dire Claw|p2a: The Gourd\n|-damage|p2a: The Gourd|60/100\n|move|p2b: Yoo Mira|Trick Room|p2b: Yoo Mira\n|-fieldstart|move: Trick Room|[of] p2b: Yoo Mira\n|\n|upkeep\n|turn|2\n|\n|t:|1776298069\n|move|p2b: Yoo Mira|Hyper Voice|p1b: Farigiraf|[spread] p1a,p1b\n|-damage|p1a: Sneasler|64/100\n|-damage|p1b: Farigiraf|77/100\n|move|p2a: The Gourd|Darkest Lariat|p1b: Farigiraf\n|-supereffective|p1b: Farigiraf|1\n|-damage|p1b: Farigiraf|0 fnt\n|faint|p1b: Farigiraf\n|move|p1a: Sneasler|Close Combat|p2a: The Gourd\n|-supereffective|p2a: The Gourd|1\n|-damage|p2a: The Gourd|0 fnt\n|-unboost|p1a: Sneasler|def|1\n|-unboost|p1a: Sneasler|spd|1\n|faint|p2a: The Gourd\n|\n|upkeep\n|\n|t:|1776298084\n|switch|p1b: Torkoal|Torkoal, L50, F|100/100\n|switch|p2a: Jin Mori|Emboar, L50, F, shiny|100/100\n|-weather|SunnyDay|[from] ability: Drought|[of] p1b: Torkoal\n|turn|3\n|\n|t:|1776298096\n|detailschange|p2a: Jin Mori|Emboar-Mega, L50, F, shiny\n|-mega|p2a: Jin Mori|Emboar|Emboarite\n|-ability|p2a: Jin Mori|Mold Breaker\n|move|p1b: Torkoal|Eruption|p2b: Yoo Mira|[spread] p2a,p2b\n|-resisted|p2a: Jin Mori|1\n|-damage|p2a: Jin Mori|69/100\n|-damage|p2b: Yoo Mira|29/100\n|move|p2b: Yoo Mira|Psychic|p1a: Sneasler\n|-supereffective|p1a: Sneasler|2\n|-damage|p1a: Sneasler|0 fnt\n|faint|p1a: Sneasler\n|move|p2a: Jin Mori|Flare Blitz|p1b: Torkoal\n|-resisted|p1b: Torkoal|1\n|-damage|p1b: Torkoal|53/100\n|-damage|p2a: Jin Mori|57/100|[from] Recoil\n|\n|-weather|SunnyDay|[upkeep]\n|upkeep\n|\n|t:|1776298109\n|switch|p1a: Alakazam|Alakazam, L50, M|100/100\n|turn|4\n|\n|t:|1776298121\n|detailschange|p1a: Alakazam|Alakazam-Mega, L50, M\n|-mega|p1a: Alakazam|Alakazam|Alakazite\n|-ability|p1a: Alakazam|Mold Breaker|Trace|[from] ability: Trace|[of] p2a: Jin Mori\n|-ability|p1a: Alakazam|Mold Breaker\n|move|p2b: Yoo Mira|Protect|p2b: Yoo Mira\n|-singleturn|p2b: Yoo Mira|Protect\n|move|p2a: Jin Mori|Protect|p2a: Jin Mori\n|-singleturn|p2a: Jin Mori|Protect\n|move|p1b: Torkoal|Heat Wave|p2a: Jin Mori|[spread] \n|-activate|p2a: Jin Mori|move: Protect\n|-activate|p2b: Yoo Mira|move: Protect\n|move|p1a: Alakazam|Expanding Force|p2a: Jin Mori\n|-activate|p2a: Jin Mori|move: Protect\n|\n|-weather|SunnyDay|[upkeep]\n|upkeep\n|turn|5\n|\n|t:|1776298146\n|switch|p2b: Guendoowun|Drampa, L50, F, shiny|100/100\n|-ability|p2b: Guendoowun|Cloud Nine\n|move|p1a: Alakazam|Protect|p1a: Alakazam\n|-singleturn|p1a: Alakazam|Protect\n|move|p1b: Torkoal|Weather Ball|p2b: Guendoowun\n|-damage|p2b: Guendoowun|85/100\n|move|p2a: Jin Mori|Flare Blitz|p1a: Alakazam\n|-activate|p1a: Alakazam|move: Protect\n|\n|-weather|SunnyDay|[upkeep]\n|-fieldend|move: Trick Room\n|upkeep\n|turn|6\n|\n|t:|1776298163\n|move|p2a: Jin Mori|Sucker Punch|p1a: Alakazam\n|-supereffective|p1a: Alakazam|1\n|-damage|p1a: Alakazam|0 fnt\n|faint|p1a: Alakazam\n|move|p2b: Guendoowun|Hyper Voice|p1b: Torkoal\n|-damage|p1b: Torkoal|0 fnt\n|faint|p1b: Torkoal\n|\n|win|KUTF1\n|raw|fhadfgdasdfsdf's rating: 1233 &rarr; <strong>1210</strong><br />(-23 for losing)\n|raw|KUTF1's rating: 1260 &rarr; <strong>1283</strong><br />(+23 for winning)\n",
  "uploadtime": 1776298168,
  "views": 23,
  "formatid": "gen9championsvgc2026regma",
  "rating": 1210,
  "private": 0,
  "password": null
}