{
  "id": "gen9championsvgc2026regma-2585870514",
  "format": "[Gen 9 Champions] VGC 2026 Reg M-A",
  "players": [
    "Jonyko",
    "Shortslover69"
  ],
  "log": "|j|\u2606Jonyko\n|j|\u2606Shortslover69\n|t:|1776377097\n|gametype|doubles\n|player|p1|Jonyko|lucas-contest|1126\n|player|p2|Shortslover69|youngster-gen4dp|1163\n|gen|9\n|tier|[Gen 9 Champions] VGC 2026 Reg M-A\n|rated|\n|rule|Species Clause: Limit one of each Pok\u00e9mon\n|rule|Item Clause: Limit 1 of each item\n|clearpoke\n|poke|p1|Gallade, L50, M|\n|poke|p1|Dragapult, L50, F|\n|poke|p1|Kleavor, L50, M|\n|poke|p1|Kingambit, L50, M|\n|poke|p1|Whimsicott, L50, F|\n|poke|p1|Glalie, L50, M|\n|poke|p2|Floette-Eternal, L50, F|\n|poke|p2|Maushold, L50|\n|poke|p2|Vivillon, L50, M|\n|poke|p2|Excadrill, L50, F|\n|poke|p2|Luxray, L50, M|\n|poke|p2|Chandelure, L50, M|\n|teampreview|4\n|inactive|Battle timer is ON: inactive players will automatically lose when time's up. (requested by Shortslover69)\n|inactive|Shortslover69 has 60 seconds left.\nJonyko rejected open team sheets.\n|\n|t:|1776377153\n|teamsize|p1|4\n|teamsize|p2|4\n|start\n|switch|p1a: Kleavor|Kleavor, L50, M|100/100\n|switch|p1b: Glalie|Glalie, L50, M|100/100\n|switch|p2a: Chandelure|Chandelure, L50, M|100/100\n|switch|p2b: Vivillon|Vivillon, L50, M|100/100\n|turn|1\n|\n|t:|1776377166\n|detailschange|p1b: Glalie|Glalie-Mega, L50, M\n|-mega|p1b: Glalie|Glalie|Glalitite\n|detailschange|p2a: Chandelure|Chandelure-Mega, L50, M\n|-mega|p2a: Chandelure|Chandelure|Chandelurite\n|move|p2b: Vivillon|Rage Powder|p2b: Vivillon\n|-singleturn|p2b: Vivillon|move: Rage Powder\n|move|p1a: Kleavor|Rock Slide|p2b: Vivillon|[spread] p2a,p2b\n|-supereffective|p2a: Chandelure|1\n|-supereffective|p2b: Vivillon|2\n|-damage|p2a: Chandelure|50/100\n|-enditem|p2b: Vivillon|Focus Sash\n|-damage|p2b: Vivillon|1/100\n|move|p1b: Glalie|Substitute|p1b: Glalie\n|-start|p1b: Glalie|Substitute\n|-damage|p1b: Glalie|76/100\n|move|p2a: Chandelure|Heat Wave|p1a: Kleavor|[spread] p1a\n|-miss|p2a: Chandelure|p1b: Glalie\n|-crit|p1a: Kleavor\n|-damage|p1a: Kleavor|0 fnt\n|faint|p1a: Kleavor\n|\n|upkeep\n|\n|t:|1776377186\n|switch|p1a: Dragapult|Dragapult, L50, F|100/100\n|turn|2\n|\n|t:|1776377197\n|move|p1b: Glalie|Protect|p1b: Glalie\n|-singleturn|p1b: Glalie|Protect\n|move|p2a: Chandelure|Protect|p2a: Chandelure\n|-singleturn|p2a: Chandelure|Protect\n|move|p1a: Dragapult|Dragon Darts|p2b: Vivillon\n|-damage|p2b: Vivillon|0 fnt\n|faint|p2b: Vivillon\n|\n|upkeep\n|\n|t:|1776377206\n|switch|p2b: Excadrill|Excadrill, L50, F|100/100\n|-ability|p2b: Excadrill|Mold Breaker\n|turn|3\n|\n|t:|1776377222\n|move|p2b: Excadrill|Rock Slide|p1a: Dragapult|[spread] p1a,p1b\n|-supereffective|p1b: Glalie|1\n|-end|p1b: Glalie|Substitute\n|-damage|p1a: Dragapult|72/100\n|cant|p1a: Dragapult|flinch\n|move|p1b: Glalie|Sheer Cold|p2b: Excadrill\n|-damage|p2b: Excadrill|0 fnt\n|faint|p2b: Excadrill\n|-ohko\n|move|p2a: Chandelure|Shadow Ball|p1a: Dragapult\n|-supereffective|p1a: Dragapult|1\n|-damage|p1a: Dragapult|0 fnt\n|faint|p1a: Dragapult\n|\n|upkeep\n|\n|t:|1776377234\n|switch|p1a: Kingambit|Kingambit, L50, M|100/100\n|switch|p2b: Floette|Floette-Eternal, L50, F|100/100\n|turn|4\n|inactive|Shortslover69 has 30 seconds left.\n|\n|t:|1776377263\n|move|p1a: Kingambit|Sucker Punch||[still]\n|-fail|p1a: Kingambit\n|move|p1b: Glalie|Sheer Cold|p2b: Floette\n|-damage|p2b: Floette|0 fnt\n|faint|p2b: Floette\n|-ohko\n|move|p2a: Chandelure|Calm Mind|p2a: Chandelure\n|-boost|p2a: Chandelure|spa|1\n|-boost|p2a: Chandelure|spd|1\n|\n|upkeep\n|turn|5\n|-message|Shortslover69 forfeited.\n|\n|win|Jonyko\n|raw|Jonyko's rating: 1126 &rarr; <strong>1154</strong><br />(+28 for winning)\n|raw|Shortslover69's rating: 1163 &rarr; <strong>1135</strong><br />(-28 for losing)\n|l|\u2606Shortslover69\n|player|p2|\n",
  "uploadtime": 1776377275,
  "views": 24,
  "formatid": "gen9championsvgc2026regma",
  "rating": 1135,
  "private": 0,
  "password": null
}