{
  "id": "gen9championsvgc2026regma-2584680972",
  "format": "[Gen 9 Champions] VGC 2026 Reg M-A",
  "players": [
    "Lilmoose01",
    "Doolie8Aardvark"
  ],
  "log": "|j|\u2606Lilmoose01\n|j|\u2606Doolie8Aardvark\n|t:|1776276411\n|gametype|doubles\n|player|p1|Lilmoose01|red|1079\n|player|p2|Doolie8Aardvark|lucas|1029\n|gen|9\n|tier|[Gen 9 Champions] VGC 2026 Reg M-A\n|rated|\n|rule|Species Clause: Limit one of each Pok\u00e9mon\n|rule|Item Clause: Limit 1 of each item\n|clearpoke\n|poke|p1|Meganium, L50, M|\n|poke|p1|Archaludon, L50, F|\n|poke|p1|Incineroar, L50, M|\n|poke|p1|Basculegion, L50, M|\n|poke|p1|Politoed, L50, M|\n|poke|p1|Sneasler, L50, M|\n|poke|p2|Ninetales-Alola, L50, M|\n|poke|p2|Meganium, L50, F|\n|poke|p2|Aerodactyl, L50, M|\n|poke|p2|Maushold, L50|\n|poke|p2|Basculegion, L50, M|\n|poke|p2|Incineroar, L50, F|\n|teampreview|4\n|inactive|Battle timer is ON: inactive players will automatically lose when time's up. (requested by Doolie8Aardvark)\n|\n|t:|1776276426\n|teamsize|p1|4\n|teamsize|p2|4\n|start\n|switch|p1a: Basculegion|Basculegion, L50, M|100/100\n|switch|p1b: Sneasler|Sneasler, L50, M|100/100\n|switch|p2a: Maushold|Maushold, L50|100/100\n|switch|p2b: Basculegion|Basculegion, L50, M|100/100\n|turn|1\n|\n|t:|1776276448\n|move|p1b: Sneasler|Fake Out|p2a: Maushold\n|-damage|p2a: Maushold|79/100\n|cant|p2a: Maushold|flinch\n|move|p2b: Basculegion|Flip Turn|p1b: Sneasler\n|-damage|p1b: Sneasler|37/100\n|\n|t:|1776276459\n|switch|p2b: Meganium|Meganium, L50, F|100/100|[from] Flip Turn\n|move|p1a: Basculegion|Flip Turn|p2a: Maushold\n|-damage|p2a: Maushold|28/100\n|\n|t:|1776276467\n|switch|p1a: Meganium|Meganium, L50, M|100/100|[from] Flip Turn\n|\n|upkeep\n|turn|2\n|\n|t:|1776276489\n|switch|p2b: Aerodactyl|Aerodactyl, L50, M|100/100\n|-ability|p2b: Aerodactyl|Unnerve\n|detailschange|p1a: Meganium|Meganium-Mega, L50, M\n|-mega|p1a: Meganium|Meganium|Meganiumite\n|move|p2a: Maushold|Encore|p1b: Sneasler\n|-start|p1b: Sneasler|Encore\n|move|p1b: Sneasler|Fake Out||[still]\n|-hint|Fake Out only works on your first turn out.\n|-fail|p1b: Sneasler\n|move|p1a: Meganium|Weather Ball|p2b: Aerodactyl\n|-resisted|p2b: Aerodactyl|1\n|-damage|p2b: Aerodactyl|70/100\n|\n|upkeep\n|turn|3\n|inactive|Doolie8Aardvark has 30 seconds left.\n|\n|t:|1776276516\n|switch|p1b: Politoed|Politoed, L50, M|100/100\n|-weather|RainDance|[from] ability: Drizzle|[of] p1b: Politoed\n|move|p1a: Meganium|Protect|p1a: Meganium\n|-singleturn|p1a: Meganium|Protect\n|move|p2a: Maushold|Follow Me|p2a: Maushold\n|-singleturn|p2a: Maushold|move: Follow Me\n|move|p2b: Aerodactyl|Tailwind|p2b: Aerodactyl\n|-sidestart|p2: Doolie8Aardvark|move: Tailwind\n|\n|-weather|RainDance|[upkeep]\n|upkeep\n|turn|4\n|\n|t:|1776276532\n|move|p2a: Maushold|Follow Me|p2a: Maushold\n|-singleturn|p2a: Maushold|move: Follow Me\n|move|p2b: Aerodactyl|Dual Wingbeat|p1a: Meganium\n|-supereffective|p1a: Meganium|1\n|-damage|p1a: Meganium|61/100\n|-supereffective|p1a: Meganium|1\n|-crit|p1a: Meganium\n|-damage|p1a: Meganium|0 fnt\n|faint|p1a: Meganium\n|-hitcount|p1: Meganium|2\n|move|p1b: Politoed|Icy Wind|p2a: Maushold|[spread] p2a,p2b\n|-supereffective|p2b: Aerodactyl|1\n|-damage|p2a: Maushold|14/100\n|-damage|p2b: Aerodactyl|45/100\n|-unboost|p2a: Maushold|spe|1\n|-unboost|p2b: Aerodactyl|spe|1\n|\n|-weather|RainDance|[upkeep]\n|upkeep\n|\n|t:|1776276547\n|switch|p1a: Basculegion|Basculegion, L50, M|100/100\n|turn|5\n|inactive|Doolie8Aardvark has 30 seconds left.\n|\n|t:|1776276576\n|move|p2a: Maushold|Follow Me|p2a: Maushold\n|-singleturn|p2a: Maushold|move: Follow Me\n|move|p2b: Aerodactyl|Dual Wingbeat|p1b: Politoed\n|-damage|p1b: Politoed|79/100\n|-damage|p1b: Politoed|59/100\n|-hitcount|p1b: Politoed|2\n|move|p1a: Basculegion|Wave Crash|p2a: Maushold\n|-damage|p2a: Maushold|0 fnt\n|faint|p2a: Maushold\n|-damage|p1a: Basculegion|96/100|[from] Recoil\n|move|p1b: Politoed|Weather Ball|p2b: Aerodactyl\n|-supereffective|p2b: Aerodactyl|1\n|-damage|p2b: Aerodactyl|0 fnt\n|faint|p2b: Aerodactyl\n|\n|-weather|RainDance|[upkeep]\n|upkeep\n|\n|t:|1776276590\n|switch|p2b: Meganium|Meganium, L50, F|100/100\n|switch|p2a: Basculegion|Basculegion, L50, M|100/100\n|turn|6\n|inactive|Lilmoose01 has 30 seconds left.\n|\n|t:|1776276623\n|switch|p1a: Sneasler|Sneasler, L50, M|37/100\n|detailschange|p2b: Meganium|Meganium-Mega, L50, F\n|-mega|p2b: Meganium|Meganium|Meganiumite\n|move|p2a: Basculegion|Last Respects|p1a: Sneasler\n|-damage|p1a: Sneasler|0 fnt\n|faint|p1a: Sneasler\n|move|p2b: Meganium|Solar Beam||[still]\n|-prepare|p2b: Meganium|Solar Beam\n|-activate|p2b: Meganium|ability: Mega Sol\n|-anim|p2b: Meganium|Solar Beam|p1b: Politoed\n|-supereffective|p1b: Politoed|1\n|-damage|p1b: Politoed|0 fnt\n|faint|p1b: Politoed\n|\n|-weather|RainDance|[upkeep]\n|-sideend|p2: Doolie8Aardvark|move: Tailwind\n|upkeep\n|\n|t:|1776276630\n|switch|p1b: Basculegion|Basculegion, L50, M|96/100\n|turn|7\n|\n|t:|1776276642\n|move|p1b: Basculegion|Last Respects|p2a: Basculegion\n|-supereffective|p2a: Basculegion|1\n|-damage|p2a: Basculegion|0 fnt\n|faint|p2a: Basculegion\n|move|p2b: Meganium|Solar Beam||[still]\n|-prepare|p2b: Meganium|Solar Beam\n|-activate|p2b: Meganium|ability: Mega Sol\n|-anim|p2b: Meganium|Solar Beam|p1b: Basculegion\n|-supereffective|p1b: Basculegion|1\n|-damage|p1b: Basculegion|0 fnt\n|faint|p1b: Basculegion\n|\n|win|Doolie8Aardvark\n|raw|Lilmoose01's rating: 1079 &rarr; <strong>1054</strong><br />(-25 for losing)\n|raw|Doolie8Aardvark's rating: 1029 &rarr; <strong>1070</strong><br />(+41 for winning)\n|l|\u2606Lilmoose01\n|player|p1|\n",
  "uploadtime": 1776276661,
  "views": 24,
  "formatid": "gen9championsvgc2026regma",
  "rating": 1054,
  "private": 0,
  "password": null
}