{
  "id": "gen9championsvgc2026regma-2586123159",
  "format": "[Gen 9 Champions] VGC 2026 Reg M-A",
  "players": [
    "pastavore",
    "engr.sora"
  ],
  "log": "|j|\u2606pastavore\n|j|\u2606engr.sora\n|t:|1776401778\n|gametype|doubles\n|player|p1|pastavore|pokemonranger-gen6|1118\n|player|p2|engr.sora|bruno|1188\n|gen|9\n|tier|[Gen 9 Champions] VGC 2026 Reg M-A\n|rated|\n|rule|Species Clause: Limit one of each Pok\u00e9mon\n|rule|Item Clause: Limit 1 of each item\n|clearpoke\n|poke|p1|Whimsicott, L50, M|\n|poke|p1|Garchomp, L50, M|\n|poke|p1|Rotom-Wash, L50|\n|poke|p1|Orthworm, L50, M|\n|poke|p1|Incineroar, L50, M|\n|poke|p1|Floette-Eternal, L50, F|\n|poke|p2|Charizard, L50, M|\n|poke|p2|Kingambit, L50, M|\n|poke|p2|Rotom-Wash, L50|\n|poke|p2|Sinistcha, L50|\n|poke|p2|Sneasler, L50, M|\n|poke|p2|Ninetales-Alola, L50, M|\n|teampreview|4\n|\n|t:|1776401814\n|teamsize|p1|4\n|teamsize|p2|4\n|start\n|switch|p1a: Whimsicott|Whimsicott, L50, M|100/100\n|switch|p1b: Floette|Floette-Eternal, L50, F|100/100\n|switch|p2a: Charizard|Charizard, L50, M|100/100\n|switch|p2b: Kingambit|Kingambit, L50, M|100/100\n|turn|1\n|inactive|Battle timer is ON: inactive players will automatically lose when time's up. (requested by pastavore)\n|\n|t:|1776401839\n|detailschange|p2a: Charizard|Charizard-Mega-X, L50, M\n|-mega|p2a: Charizard|Charizard|Charizardite X\n|detailschange|p1b: Floette|Floette-Mega, L50, F\n|-mega|p1b: Floette|Floette|Floettite\n|-ability|p1b: Floette|Fairy Aura\n|move|p1a: Whimsicott|Tailwind|p1a: Whimsicott\n|-sidestart|p1: pastavore|move: Tailwind\n|move|p1b: Floette|Light of Ruin|p2b: Kingambit\n|-damage|p2b: Kingambit|0 fnt\n|faint|p2b: Kingambit\n|-damage|p1b: Floette|31/100|[from] Recoil\n|move|p2a: Charizard|Dragon Dance|p2a: Charizard\n|-boost|p2a: Charizard|atk|1\n|-boost|p2a: Charizard|spe|1\n|\n|upkeep\n|\n|t:|1776401863\n|switch|p2b: Ninetales|Ninetales-Alola, L50, M|100/100\n|-weather|Snowscape|[from] ability: Snow Warning|[of] p2b: Ninetales\n|turn|2\n|inactive|engr.sora has 30 seconds left.\n|\n|t:|1776401896\n|switch|p1a: Rotom|Rotom-Wash, L50|100/100\n|move|p2a: Charizard|Protect|p2a: Charizard\n|-singleturn|p2a: Charizard|Protect\n|move|p1b: Floette|Light of Ruin|p2a: Charizard\n|-activate|p2a: Charizard|move: Protect\n|move|p2b: Ninetales|Aurora Veil|p2b: Ninetales\n|-sidestart|p2: engr.sora|move: Aurora Veil\n|\n|-weather|Snowscape|[upkeep]\n|upkeep\n|turn|3\n|inactive|engr.sora has 30 seconds left.\n|\n|t:|1776401925\n|move|p1a: Rotom|Trick||[still]\n|-fail|p1a: Rotom\n|move|p1b: Floette|Light of Ruin|p2a: Charizard\n|-damage|p2a: Charizard|18/100\n|-damage|p1b: Floette|0 fnt|[from] Recoil\n|faint|p1b: Floette\n|move|p2a: Charizard|Flare Blitz|p1a: Rotom\n|-resisted|p1a: Rotom|1\n|-damage|p1a: Rotom|25/100\n|-status|p1a: Rotom|brn\n|-damage|p2a: Charizard|1/100|[from] Recoil\n|move|p2b: Ninetales|Freeze-Dry|p1a: Rotom\n|-supereffective|p1a: Rotom|1\n|-damage|p1a: Rotom|0 fnt\n|faint|p1a: Rotom\n|\n|-weather|Snowscape|[upkeep]\n|upkeep\n|\n|t:|1776401942\n|switch|p1b: Orthworm|Orthworm, L50, M|100/100\n|switch|p1a: Whimsicott|Whimsicott, L50, M|100/100\n|turn|4\n|\n|t:|1776401953\n|switch|p2b: Sinistcha|Sinistcha, L50|100/100\n|-heal|p2a: Charizard|26/100|[from] ability: Hospitality|[of] p2b: Sinistcha\n|move|p2a: Charizard|Protect|p2a: Charizard\n|-singleturn|p2a: Charizard|Protect\n|move|p1a: Whimsicott|U-turn|p2a: Charizard\n|-activate|p2a: Charizard|move: Protect\n|move|p1b: Orthworm|Heavy Slam|p2b: Sinistcha\n|-damage|p2b: Sinistcha|84/100\n|\n|-weather|Snowscape|[upkeep]\n|-sideend|p1: pastavore|move: Tailwind\n|upkeep\n|turn|5\n|\n|t:|1776401975\n|switch|p2a: Ninetales|Ninetales-Alola, L50, M|100/100\n|move|p1a: Whimsicott|Tailwind|p1a: Whimsicott\n|-sidestart|p1: pastavore|move: Tailwind\n|move|p1b: Orthworm|Body Press|p2a: Ninetales\n|-damage|p2a: Ninetales|78/100\n|move|p2b: Sinistcha|Matcha Gotcha|p1a: Whimsicott|[spread] p1a,p1b\n|-resisted|p1a: Whimsicott|1\n|-resisted|p1b: Orthworm|1\n|-damage|p1a: Whimsicott|85/100\n|-heal|p2b: Sinistcha|91/100|[from] drain|[of] p1a: Whimsicott\n|-damage|p1b: Orthworm|81/100\n|-heal|p2b: Sinistcha|100/100|[from] drain|[of] p1b: Orthworm\n|-status|p1a: Whimsicott|brn\n|\n|-weather|Snowscape|[upkeep]\n|-damage|p1a: Whimsicott|79/100 brn|[from] brn\n|upkeep\n|turn|6\n|inactive|engr.sora has 30 seconds left.\n|inactive|engr.sora has 20 seconds left.\n|inactive|engr.sora has 15 seconds left.\n|inactive|engr.sora has 10 seconds left.\n|inactive|engr.sora has 5 seconds left.\n|\n|t:|1776402026\n|switch|p2b: Charizard|Charizard-Mega-X, L50, M|26/100\n|move|p1a: Whimsicott|U-turn|p2a: Ninetales\n|-resisted|p2a: Ninetales|1\n|-damage|p2a: Ninetales|76/100\n|move|p2a: Ninetales|Blizzard|p1a: Whimsicott|[spread] p1a,p1b\n|-supereffective|p1a: Whimsicott|1\n|-resisted|p1b: Orthworm|1\n|-crit|p1b: Orthworm\n|-damage|p1a: Whimsicott|0 fnt\n|-damage|p1b: Orthworm|46/100\n|-enditem|p1b: Orthworm|Sitrus Berry|[eat]\n|-heal|p1b: Orthworm|71/100|[from] item: Sitrus Berry\n|faint|p1a: Whimsicott\n|move|p1b: Orthworm|Iron Defense|p1b: Orthworm\n|-boost|p1b: Orthworm|def|2\n|\n|-weather|none\n|-sideend|p2: engr.sora|move: Aurora Veil\n|upkeep\n|turn|7\n|-message|pastavore forfeited.\n|\n|win|engr.sora\n|raw|pastavore's rating: 1118 &rarr; <strong>1098</strong><br />(-20 for losing)\n|raw|engr.sora's rating: 1188 &rarr; <strong>1208</strong><br />(+20 for winning)\n|l|\u2606pastavore\n|player|p1|\n",
  "uploadtime": 1776402073,
  "views": 15,
  "formatid": "gen9championsvgc2026regma",
  "rating": 1098,
  "private": 0,
  "password": null
}