{
  "id": "gen9championsvgc2026regma-2584219580",
  "format": "[Gen 9 Champions] VGC 2026 Reg M-A",
  "players": [
    "zhz2021",
    "ScribbleScribble"
  ],
  "log": "|j|\u2606zhz2021\n|j|\u2606ScribbleScribble\n|t:|1776239688\n|gametype|doubles\n|player|p1|zhz2021|marley|1571\n|player|p2|ScribbleScribble|mina-lgpe|1477\n|gen|9\n|tier|[Gen 9 Champions] VGC 2026 Reg M-A\n|rated|\n|rule|Species Clause: Limit one of each Pok\u00e9mon\n|rule|Item Clause: Limit 1 of each item\n|clearpoke\n|poke|p1|Sableye, L50, F|\n|poke|p1|Archaludon, L50, M|\n|poke|p1|Scovillain, L50, F|\n|poke|p1|Basculegion-F, L50, F|\n|poke|p1|Primarina, L50, M|\n|poke|p1|Venusaur, L50, F|\n|poke|p2|Floette-Eternal, L50, F|\n|poke|p2|Sneasler, L50, M|\n|poke|p2|Aerodactyl, L50, M|\n|poke|p2|Kingambit, L50, F|\n|poke|p2|Basculegion, L50, M|\n|poke|p2|Farigiraf, L50, F|\n|teampreview|4\n|inactive|Battle timer is ON: inactive players will automatically lose when time's up. (requested by ScribbleScribble)\n|\n|t:|1776239703\n|teamsize|p1|4\n|teamsize|p2|4\n|start\n|switch|p1a: Sableye|Sableye, L50, F|100/100\n|switch|p1b: Basculegion|Basculegion-F, L50, F, shiny|100/100\n|switch|p2a: Floette|Floette-Eternal, L50, F|100/100\n|switch|p2b: Aerodactyl|Aerodactyl, L50, M|100/100\n|-ability|p2b: Aerodactyl|Unnerve\n|turn|1\n|\n|t:|1776239724\n|detailschange|p2a: Floette|Floette-Mega, L50, F\n|-mega|p2a: Floette|Floette|Floettite\n|-ability|p2a: Floette|Fairy Aura\n|move|p1a: Sableye|Rain Dance|p1a: Sableye\n|-weather|RainDance\n|move|p1b: Basculegion|Muddy Water|p2b: Aerodactyl|[spread] p2a,p2b\n|-supereffective|p2b: Aerodactyl|1\n|-damage|p2a: Floette|61/100\n|-enditem|p2b: Aerodactyl|Focus Sash\n|-damage|p2b: Aerodactyl|1/100\n|-unboost|p2a: Floette|accuracy|1\n|move|p2b: Aerodactyl|Tailwind|p2b: Aerodactyl\n|-sidestart|p2: ScribbleScribble|move: Tailwind\n|move|p2a: Floette|Calm Mind|p2a: Floette\n|-boost|p2a: Floette|spa|1\n|-boost|p2a: Floette|spd|1\n|\n|-weather|RainDance|[upkeep]\n|upkeep\n|turn|2\n|j| nibabazhenduo\n|\n|t:|1776239746\n|switch|p2b: Farigiraf|Farigiraf, L50, F|100/100\n|move|p1a: Sableye|Encore||[still]\n|cant|p2b: Farigiraf|ability: Armor Tail|Encore|[of] p1a: Sableye\n|move|p2a: Floette|Dazzling Gleam|p1a: Sableye|[spread] p1a,p1b\n|-supereffective|p1a: Sableye|1\n|-damage|p1a: Sableye|0 fnt\n|-damage|p1b: Basculegion|9/100\n|faint|p1a: Sableye\n|move|p1b: Basculegion|Muddy Water|p2b: Farigiraf|[spread] p2a,p2b\n|-damage|p2a: Floette|35/100\n|-damage|p2b: Farigiraf|59/100\n|\n|-weather|RainDance|[upkeep]\n|upkeep\n|j| Syachilove0408\n|\n|t:|1776239750\n|switch|p1a: Venusaur|Venusaur, L50, F|100/100\n|turn|3\n|l| nibabazhenduo\n|\n|t:|1776239757\n|detailschange|p1a: Venusaur|Venusaur-Mega, L50, F\n|-mega|p1a: Venusaur|Venusaur|Venusaurite\n|move|p1b: Basculegion|Protect|p1b: Basculegion\n|-singleturn|p1b: Basculegion|Protect\n|move|p2a: Floette|Dazzling Gleam|p1b: Basculegion|[spread] p1a\n|-activate|p1b: Basculegion|move: Protect\n|-resisted|p1a: Venusaur|1\n|-damage|p1a: Venusaur|72/100\n|move|p2b: Farigiraf|Psyshock|p1a: Venusaur\n|-supereffective|p1a: Venusaur|1\n|-damage|p1a: Venusaur|29/100\n|move|p1a: Venusaur|Sludge Wave|p2b: Farigiraf|[spread] p2a,p2b\n|-activate|p1b: Basculegion|move: Protect\n|-supereffective|p2a: Floette|1\n|-damage|p2a: Floette|6/100\n|-damage|p2b: Farigiraf|35/100\n|-status|p2a: Floette|psn\n|-enditem|p2b: Farigiraf|Sitrus Berry|[eat]\n|-heal|p2b: Farigiraf|60/100|[from] item: Sitrus Berry\n|\n|-weather|RainDance|[upkeep]\n|-damage|p2a: Floette|0 fnt|[from] psn\n|faint|p2a: Floette\n|upkeep\n|inactive|ScribbleScribble has 30 seconds left.\n|\n|t:|1776239785\n|switch|p2a: Aerodactyl|Aerodactyl, L50, M|1/100\n|-ability|p2a: Aerodactyl|Unnerve\n|turn|4\n|\n|t:|1776239793\n|switch|p1b: Primarina|Primarina, L50, M|100/100\n|move|p1a: Venusaur|Protect|p1a: Venusaur\n|-singleturn|p1a: Venusaur|Protect\n|move|p2a: Aerodactyl|Rock Slide|p1a: Venusaur|[spread] p1b\n|-activate|p1a: Venusaur|move: Protect\n|-damage|p1b: Primarina|71/100\n|move|p2b: Farigiraf|Hyper Voice|p1a: Venusaur|[spread] p1b\n|-activate|p1a: Venusaur|move: Protect\n|-damage|p1b: Primarina|49/100\n|\n|-weather|RainDance|[upkeep]\n|-sideend|p2: ScribbleScribble|move: Tailwind\n|upkeep\n|turn|5\n|\n|t:|1776239803\n|move|p2a: Aerodactyl|Rock Slide|p1a: Venusaur|[spread] p1a,p1b\n|-damage|p1a: Venusaur|10/100\n|-damage|p1b: Primarina|18/100\n|cant|p1a: Venusaur|flinch\n|move|p1b: Primarina|Hyper Voice|p2a: Aerodactyl|[spread] p2a,p2b\n|-supereffective|p2a: Aerodactyl|1\n|-damage|p2a: Aerodactyl|0 fnt\n|-damage|p2b: Farigiraf|13/100\n|-enditem|p1b: Primarina|Sitrus Berry|[eat]\n|-heal|p1b: Primarina|43/100|[from] item: Sitrus Berry\n|faint|p2a: Aerodactyl\n|move|p2b: Farigiraf|Hyper Voice|p1b: Primarina|[spread] p1a,p1b\n|-damage|p1a: Venusaur|0 fnt\n|-damage|p1b: Primarina|19/100\n|faint|p1a: Venusaur\n|\n|-weather|none\n|upkeep\n|\n|t:|1776239813\n|switch|p2a: Sneasler|Sneasler, L50, M|100/100\n|switch|p1a: Basculegion|Basculegion-F, L50, F, shiny|9/100\n|turn|6\n|inactive|ScribbleScribble has 30 seconds left.\n|\n|t:|1776239845\n|move|p1b: Primarina|Protect|p1b: Primarina\n|-singleturn|p1b: Primarina|Protect\n|move|p2a: Sneasler|Dire Claw|p1a: Basculegion\n|-resisted|p1a: Basculegion|1\n|-damage|p1a: Basculegion|0 fnt\n|faint|p1a: Basculegion\n|move|p2b: Farigiraf|Hyper Voice|p1b: Primarina\n|-activate|p1b: Primarina|move: Protect\n|\n|upkeep\n|turn|7\n|-message|zhz2021 forfeited.\n|\n|win|ScribbleScribble\n|raw|zhz2021's rating: 1571 &rarr; <strong>1546</strong><br />(-25 for losing)\n|raw|ScribbleScribble's rating: 1477 &rarr; <strong>1502</strong><br />(+25 for winning)\n|l|\u2606zhz2021\n|player|p1|\n|l|\u2606ScribbleScribble\n|player|p2|\n",
  "uploadtime": 1776239894,
  "views": 84,
  "formatid": "gen9championsvgc2026regma",
  "rating": 1502,
  "private": 0,
  "password": null
}