{
  "id": "gen9championsvgc2026regma-2582906238",
  "format": "[Gen 9 Champions] VGC 2026 Reg M-A",
  "players": [
    "Salemali7",
    "Xelemental 4ever"
  ],
  "log": "|j|\u2606Salemali7\n|j|\u2606Xelemental 4ever\n|t:|1776123819\n|gametype|doubles\n|player|p1|Salemali7|byron|1001\n|player|p2|Xelemental 4ever|170|1070\n|gen|9\n|tier|[Gen 9 Champions] VGC 2026 Reg M-A\n|rated|\n|rule|Species Clause: Limit one of each Pok\u00e9mon\n|rule|Item Clause: Limit 1 of each item\n|clearpoke\n|poke|p1|Charizard, L50, F|\n|poke|p1|Milotic, L50, F|\n|poke|p1|Sinistcha, L50|\n|poke|p1|Alakazam, L50, F|\n|poke|p1|Sneasler, L50, M|\n|poke|p1|Typhlosion-Hisui, L50, M|\n|poke|p2|Incineroar, L50, F|\n|poke|p2|Crabominable, L50, F|\n|poke|p2|Farigiraf, L50, M|\n|poke|p2|Torkoal, L50, F|\n|poke|p2|Sinistcha, L50|\n|poke|p2|Scizor, L50, F|\n|teampreview|4\n|c|\u2606Xelemental 4ever|gl hf\nXelemental 4ever has agreed to open team sheets.\n|\n|t:|1776123862\n|teamsize|p1|4\n|teamsize|p2|4\n|start\n|switch|p1a: Milotic|Milotic, L50, F|100/100\n|switch|p1b: Alakazam|Alakazam, L50, F|100/100\n|switch|p2a: Have a Tea|Sinistcha, L50|100/100\n|switch|p2b: Never leaving|Incineroar, L50, F|100/100\n|-ability|p2b: Never leaving|Intimidate|boost\n|-unboost|p1a: Milotic|atk|1\n|-ability|p1a: Milotic|Competitive|boost\n|-boost|p1a: Milotic|spa|2\n|-fail|p1b: Alakazam|unboost|Attack|[from] ability: Inner Focus|[of] p1b: Alakazam\n|turn|1\n|\n|t:|1776123881\n|move|p2b: Never leaving|Fake Out|p1a: Milotic\n|-damage|p1a: Milotic|88/100\n|move|p1b: Alakazam|Speed Swap|p1a: Milotic\n|-activate|p1b: Alakazam|move: Speed Swap|[of] p1a: Milotic\n|cant|p1a: Milotic|flinch\n|move|p2a: Have a Tea|Trick Room|p2a: Have a Tea\n|-fieldstart|move: Trick Room|[of] p2a: Have a Tea\n|\n|-heal|p1a: Milotic|94/100|[from] item: Leftovers\n|upkeep\n|turn|2\n|\n|t:|1776123901\n|move|p2b: Never leaving|Darkest Lariat|p1b: Alakazam\n|-supereffective|p1b: Alakazam|1\n|-enditem|p1b: Alakazam|Focus Sash\n|-damage|p1b: Alakazam|1/100\n|move|p2a: Have a Tea|Matcha Gotcha|p1b: Alakazam|[spread] p1a,p1b\n|-supereffective|p1a: Milotic|1\n|-damage|p1a: Milotic|64/100\n|-damage|p1b: Alakazam|0 fnt\n|faint|p1b: Alakazam\n|move|p1a: Milotic|Scald|p2b: Never leaving\n|-supereffective|p2b: Never leaving|1\n|-enditem|p2b: Never leaving|Passho Berry|[eat]\n|-enditem|p2b: Never leaving|Passho Berry|[weaken]\n|-damage|p2b: Never leaving|50/100\n|\n|-heal|p1a: Milotic|70/100|[from] item: Leftovers\n|upkeep\n|\n|t:|1776123919\n|switch|p1b: Charizard|Charizard, L50, F|100/100\n|turn|3\n|\n|t:|1776123930\n|detailschange|p1b: Charizard|Charizard-Mega-X, L50, F\n|-mega|p1b: Charizard|Charizard|Charizardite X\n|move|p2b: Never leaving|Parting Shot|p1b: Charizard\n|-unboost|p1b: Charizard|atk|1\n|-unboost|p1b: Charizard|spa|1\n|\n|t:|1776123938\n|switch|p2b: Torkoal|Torkoal, L50, F|100/100|[from] Parting Shot\n|-weather|SunnyDay|[from] ability: Drought|[of] p2b: Torkoal\n|move|p2a: Have a Tea|Matcha Gotcha|p1b: Charizard|[spread] p1a,p1b\n|-supereffective|p1a: Milotic|1\n|-resisted|p1b: Charizard|2\n|-damage|p1a: Milotic|38/100\n|-damage|p1b: Charizard|93/100\n|move|p1b: Charizard|Flare Blitz|p2a: Have a Tea\n|-supereffective|p2a: Have a Tea|1\n|-damage|p2a: Have a Tea|0 fnt\n|faint|p2a: Have a Tea\n|-damage|p1b: Charizard|62/100|[from] Recoil\n|move|p1a: Milotic|Scald|p2b: Torkoal\n|-supereffective|p2b: Torkoal|1\n|-damage|p2b: Torkoal|28/100\n|\n|-weather|SunnyDay|[upkeep]\n|-heal|p1a: Milotic|44/100|[from] item: Leftovers\n|upkeep\n|\n|t:|1776123954\n|switch|p2a: Angry Rave|Crabominable, L50, F|100/100\n|turn|4\n|\n|t:|1776123972\n|detailschange|p2a: Angry Rave|Crabominable-Mega, L50, F\n|-mega|p2a: Angry Rave|Crabominable|Crabominite\n|move|p1b: Charizard|Protect|p1b: Charizard\n|-singleturn|p1b: Charizard|Protect\n|move|p2b: Torkoal|Heat Wave|p1a: Milotic|[spread] p1a\n|-activate|p1b: Charizard|move: Protect\n|-resisted|p1a: Milotic|1\n|-damage|p1a: Milotic|26/100\n|move|p2a: Angry Rave|Rock Slide|p1b: Charizard|[spread] p1a\n|-activate|p1b: Charizard|move: Protect\n|-damage|p1a: Milotic|5/100\n|cant|p1a: Milotic|flinch\n|\n|-weather|SunnyDay|[upkeep]\n|-heal|p1a: Milotic|11/100|[from] item: Leftovers\n|upkeep\n|turn|5\n|\n|t:|1776123991\n|switch|p1b: Sneasler|Sneasler, L50, M|100/100\n|move|p1a: Milotic|Protect|p1a: Milotic\n|-singleturn|p1a: Milotic|Protect\n|move|p2b: Torkoal|Heat Wave|p1a: Milotic|[spread] \n|-activate|p1a: Milotic|move: Protect\n|-miss|p2b: Torkoal|p1b: Sneasler\n|move|p2a: Angry Rave|Ice Hammer|p1b: Sneasler\n|-damage|p1b: Sneasler|0 fnt\n|-unboost|p2a: Angry Rave|spe|1\n|faint|p1b: Sneasler\n|\n|-weather|SunnyDay|[upkeep]\n|-heal|p1a: Milotic|17/100|[from] item: Leftovers\n|-fieldend|move: Trick Room\n|upkeep\n|\n|t:|1776124009\n|switch|p1b: Charizard|Charizard-Mega-X, L50, F|62/100\n|turn|6\n|\n|t:|1776124016\n|move|p2a: Angry Rave|Protect|p2a: Angry Rave\n|-singleturn|p2a: Angry Rave|Protect\n|move|p1a: Milotic|Scald|p2b: Torkoal\n|-supereffective|p2b: Torkoal|1\n|-damage|p2b: Torkoal|0 fnt\n|faint|p2b: Torkoal\n|move|p1b: Charizard|Flare Blitz|p2a: Angry Rave\n|-activate|p2a: Angry Rave|move: Protect\n|\n|-weather|SunnyDay|[upkeep]\n|-heal|p1a: Milotic|23/100|[from] item: Leftovers\n|upkeep\n|\n|t:|1776124023\n|switch|p2b: Never leaving|Incineroar, L50, F|50/100\n|-ability|p2b: Never leaving|Intimidate|boost\n|-unboost|p1a: Milotic|atk|1\n|-ability|p1a: Milotic|Competitive|boost\n|-boost|p1a: Milotic|spa|2\n|-unboost|p1b: Charizard|atk|1\n|turn|7\n|\n|t:|1776124035\n|move|p1a: Milotic|Protect|p1a: Milotic\n|-singleturn|p1a: Milotic|Protect\n|move|p1b: Charizard|Protect|p1b: Charizard\n|-singleturn|p1b: Charizard|Protect\n|move|p2b: Never leaving|Fake Out|p1b: Charizard\n|-activate|p1b: Charizard|move: Protect\n|move|p2a: Angry Rave|Drain Punch|p1a: Milotic\n|-activate|p1a: Milotic|move: Protect\n|\n|-weather|none\n|-heal|p1a: Milotic|29/100|[from] item: Leftovers\n|upkeep\n|turn|8\n|\n|t:|1776124055\n|move|p1a: Milotic|Recover|p1a: Milotic\n|-heal|p1a: Milotic|79/100\n|move|p1b: Charizard|Flare Blitz|p2a: Angry Rave\n|-supereffective|p2a: Angry Rave|1\n|-damage|p2a: Angry Rave|17/100\n|-damage|p1b: Charizard|31/100|[from] Recoil\n|move|p2b: Never leaving|Darkest Lariat|p1a: Milotic\n|-damage|p1a: Milotic|42/100\n|move|p2a: Angry Rave|Rock Slide|p1a: Milotic|[spread] p1a,p1b\n|-supereffective|p1b: Charizard|1\n|-damage|p1a: Milotic|22/100\n|-damage|p1b: Charizard|0 fnt\n|faint|p1b: Charizard\n|\n|-heal|p1a: Milotic|28/100|[from] item: Leftovers\n|upkeep\n|turn|9\n|\n|t:|1776124073\n|move|p1a: Milotic|Recover|p1a: Milotic\n|-heal|p1a: Milotic|78/100\n|move|p2b: Never leaving|Darkest Lariat|p1a: Milotic\n|-damage|p1a: Milotic|42/100\n|move|p2a: Angry Rave|Drain Punch|p1a: Milotic\n|-damage|p1a: Milotic|0 fnt\n|-heal|p2a: Angry Rave|38/100|[from] drain|[of] p1a: Milotic\n|faint|p1a: Milotic\n|\n|win|Xelemental 4ever\n|raw|Salemali7's rating: 1001 &rarr; <strong>1000</strong><br />(-1 for losing)\n|raw|Xelemental 4ever's rating: 1070 &rarr; <strong>1094</strong><br />(+24 for winning)\n|c|\u2606Xelemental 4ever|gg\n",
  "uploadtime": 1776124083,
  "views": 18,
  "formatid": "gen9championsvgc2026regma",
  "rating": 1000,
  "private": 0,
  "password": null
}