{
  "id": "gen9championsvgc2026regma-2587780661",
  "format": "[Gen 9 Champions] VGC 2026 Reg M-A",
  "players": [
    "lOI0IOl",
    "JellyBeanDeath"
  ],
  "log": "|j|\u2606lOI0IOl\n|j|\u2606JellyBeanDeath\n|t:|1776563302\n|gametype|doubles\n|player|p1|lOI0IOl|169|1401\n|player|p2|JellyBeanDeath|170|1463\n|gen|9\n|tier|[Gen 9 Champions] VGC 2026 Reg M-A\n|rated|\n|rule|Species Clause: Limit one of each Pok\u00e9mon\n|rule|Item Clause: Limit 1 of each item\n|clearpoke\n|poke|p1|Meowscarada, L50, F|\n|poke|p1|Talonflame, L50, M|\n|poke|p1|Floette-Eternal, L50, F|\n|poke|p1|Garchomp, L50, M|\n|poke|p1|Delphox, L50, M|\n|poke|p1|Raichu, L50, M|\n|poke|p2|Charizard, L50, F|\n|poke|p2|Heliolisk, L50, M|\n|poke|p2|Milotic, L50, M|\n|poke|p2|Leafeon, L50, F|\n|poke|p2|Farigiraf, L50, F|\n|poke|p2|Kommo-o, L50, F|\n|teampreview|4\n|inactive|Battle timer is ON: inactive players will automatically lose when time's up. (requested by JellyBeanDeath)\n|inactive|lOI0IOl has 60 seconds left.\n|inactive|lOI0IOl has 30 seconds left.\n|inactive|lOI0IOl has 20 seconds left.\n|inactive|lOI0IOl has 15 seconds left.\n|inactive|lOI0IOl has 10 seconds left.\n|inactive|lOI0IOl has 5 seconds left.\n|\n|t:|1776563393\n|teamsize|p1|4\n|teamsize|p2|4\n|start\n|switch|p1a: Talonflame|Talonflame, L50, M|100/100\n|switch|p1b: Raichu|Raichu, L50, M|100/100\n|switch|p2a: Farigiraf|Farigiraf, L50, F|100/100\n|switch|p2b: Milotic|Milotic, L50, M|100/100\n|turn|1\n|\n|t:|1776563412\n|switch|p1a: Meowscarada|Meowscarada, L50, F|100/100\n|move|p2b: Milotic|Protect|p2b: Milotic\n|-singleturn|p2b: Milotic|Protect\n|move|p1b: Raichu|Thunderbolt|p2b: Milotic\n|-activate|p2b: Milotic|move: Protect\n|move|p2a: Farigiraf|Psychic Noise|p1b: Raichu\n|-damage|p1b: Raichu|47/100\n|-start|p1b: Raichu|move: Heal Block\n|\n|upkeep\n|turn|2\n|inactive|JellyBeanDeath has 30 seconds left.\n|\n|t:|1776563438\n|switch|p2b: Heliolisk|Heliolisk, L50, M|100/100\n|move|p1b: Raichu|Volt Switch|p2b: Heliolisk\n|-resisted|p2b: Heliolisk|1\n|-crit|p2b: Heliolisk\n|-damage|p2b: Heliolisk|62/100\n|\n|t:|1776563446\n|switch|p1b: Delphox|Delphox, L50, M|100/100|[from] Volt Switch\n|move|p1a: Meowscarada|Flower Trick|p2b: Heliolisk\n|-crit|p2b: Heliolisk\n|-damage|p2b: Heliolisk|0 fnt\n|faint|p2b: Heliolisk\n|move|p2a: Farigiraf|Hyper Voice|p1b: Delphox|[spread] p1a,p1b\n|-crit|p1a: Meowscarada\n|-damage|p1a: Meowscarada|35/100\n|-damage|p1b: Delphox|70/100\n|\n|upkeep\n|\n|t:|1776563462\n|switch|p2b: Milotic|Milotic, L50, M|100/100\n|turn|3\n|\n|t:|1776563485\n|switch|p2a: Charizard|Charizard, L50, F|100/100\n|detailschange|p1b: Delphox|Delphox-Mega, L50, M\n|-mega|p1b: Delphox|Delphox|Delphoxite\n|move|p1b: Delphox|Heat Wave|p2a: Charizard|[spread] p2a,p2b\n|-resisted|p2a: Charizard|1\n|-resisted|p2b: Milotic|1\n|-damage|p2a: Charizard|71/100\n|-damage|p2b: Milotic|86/100\n|move|p1a: Meowscarada|Flower Trick|p2a: Charizard\n|-resisted|p2a: Charizard|2\n|-crit|p2a: Charizard\n|-damage|p2a: Charizard|55/100\n|move|p2b: Milotic|Scald|p1a: Meowscarada\n|-resisted|p1a: Meowscarada|1\n|-damage|p1a: Meowscarada|12/100\n|\n|-heal|p2b: Milotic|92/100|[from] item: Leftovers\n|upkeep\n|turn|4\n|inactive|lOI0IOl has 30 seconds left.\n|\n|t:|1776563517\n|detailschange|p2a: Charizard|Charizard-Mega-Y, L50, F\n|-mega|p2a: Charizard|Charizard|Charizardite Y\n|-weather|SunnyDay|[from] ability: Drought|[of] p2a: Charizard\n|move|p2b: Milotic|Protect|p2b: Milotic\n|-singleturn|p2b: Milotic|Protect\n|move|p1b: Delphox|Psychic|p2a: Charizard\n|-damage|p2a: Charizard|0 fnt\n|faint|p2a: Charizard\n|move|p1a: Meowscarada|Flower Trick|p2b: Milotic\n|-activate|p2b: Milotic|move: Protect\n|\n|-weather|SunnyDay|[upkeep]\n|-heal|p2b: Milotic|98/100|[from] item: Leftovers\n|upkeep\n|\n|t:|1776563529\n|switch|p2a: Farigiraf|Farigiraf, L50, F|100/100\n|turn|5\n|\n|t:|1776563538\n|move|p1b: Delphox|Heat Wave|p2b: Milotic|[spread] p2a,p2b\n|-resisted|p2b: Milotic|1\n|-damage|p2a: Farigiraf|37/100\n|-damage|p2b: Milotic|73/100\n|-status|p2a: Farigiraf|brn\n|-enditem|p2a: Farigiraf|Sitrus Berry|[eat]\n|-heal|p2a: Farigiraf|61/100 brn|[from] item: Sitrus Berry\n|move|p1a: Meowscarada|Flower Trick|p2b: Milotic\n|-supereffective|p2b: Milotic|1\n|-crit|p2b: Milotic\n|-damage|p2b: Milotic|0 fnt\n|faint|p2b: Milotic\n|move|p2a: Farigiraf|Hyper Voice|p1b: Delphox|[spread] p1a,p1b\n|-crit|p1b: Delphox\n|-damage|p1a: Meowscarada|0 fnt\n|-damage|p1b: Delphox|31/100\n|faint|p1a: Meowscarada\n|\n|-weather|SunnyDay|[upkeep]\n|-damage|p2a: Farigiraf|55/100 brn|[from] brn\n|upkeep\n|-message|JellyBeanDeath forfeited.\n|\n|win|lOI0IOl\n|raw|lOI0IOl's rating: 1401 &rarr; <strong>1425</strong><br />(+24 for winning)\n|raw|JellyBeanDeath's rating: 1463 &rarr; <strong>1439</strong><br />(-24 for losing)\n|l|\u2606JellyBeanDeath\n|player|p2|\n|l|\u2606lOI0IOl\n|player|p1|\n",
  "uploadtime": 1776563759,
  "views": 15,
  "formatid": "gen9championsvgc2026regma",
  "rating": 1425,
  "private": 0,
  "password": null
}