{
  "id": "gen9championsvgc2026regma-2583886236",
  "format": "[Gen 9 Champions] VGC 2026 Reg M-A",
  "players": [
    "A New Way",
    "seabear2112"
  ],
  "log": "|j|\u2606A New Way\n|j|\u2606seabear2112\n|t:|1776205493\n|gametype|doubles\n|player|p1|A New Way|giovanni-gen3|1140\n|player|p2|seabear2112|guitarist|1145\n|gen|9\n|tier|[Gen 9 Champions] VGC 2026 Reg M-A\n|rated|\n|rule|Species Clause: Limit one of each Pok\u00e9mon\n|rule|Item Clause: Limit 1 of each item\n|clearpoke\n|poke|p1|Incineroar, L50, F|\n|poke|p1|Glimmora, L50, F|\n|poke|p1|Sinistcha, L50|\n|poke|p1|Aggron, L50, F|\n|poke|p1|Ninetales-Alola, L50, F|\n|poke|p1|Farigiraf, L50, F|\n|poke|p2|Glimmora, L50, M|\n|poke|p2|Incineroar, L50, M|\n|poke|p2|Rotom-Wash, L50|\n|poke|p2|Garchomp, L50, M|\n|poke|p2|Primarina, L50, F|\n|poke|p2|Aerodactyl, L50, F|\n|teampreview|4\n|inactive|Battle timer is ON: inactive players will automatically lose when time's up. (requested by A New Way)\n|\n|t:|1776205523\n|teamsize|p1|4\n|teamsize|p2|4\n|start\n|switch|p1a: Incineroar|Incineroar, L50, F|100/100\n|switch|p1b: Ninetales|Ninetales-Alola, L50, F|100/100\n|switch|p2a: Holt|Rotom-Wash, L50|100/100\n|switch|p2b: Linetti|Primarina, L50, F, shiny|100/100\n|-ability|p1a: Incineroar|Intimidate|boost\n|-unboost|p2a: Holt|atk|1\n|-unboost|p2b: Linetti|atk|1\n|-weather|Snowscape|[from] ability: Snow Warning|[of] p1b: Ninetales\n|turn|1\n|\n|t:|1776205542\n|move|p1a: Incineroar|Parting Shot|p2b: Linetti\n|-unboost|p2b: Linetti|atk|1\n|-unboost|p2b: Linetti|spa|1\n|\n|t:|1776205547\n|switch|p1a: Glimmora|Glimmora, L50, F|100/100|[from] Parting Shot\n|move|p1b: Ninetales|Aurora Veil|p1b: Ninetales\n|-sidestart|p1: A New Way|move: Aurora Veil\n|move|p2a: Holt|Hydro Pump|p1a: Glimmora\n|-supereffective|p1a: Glimmora|1\n|-damage|p1a: Glimmora|18/100\n|move|p2b: Linetti|Calm Mind|p2b: Linetti\n|-boost|p2b: Linetti|spa|1\n|-boost|p2b: Linetti|spd|1\n|\n|-weather|Snowscape|[upkeep]\n|upkeep\n|turn|2\n|\n|t:|1776205572\n|move|p2b: Linetti|Protect|p2b: Linetti\n|-singleturn|p2b: Linetti|Protect\n|move|p1b: Ninetales|Moonblast|p2b: Linetti\n|-activate|p2b: Linetti|move: Protect\n|move|p1a: Glimmora|Mortal Spin|p2a: Holt|[spread] p2a\n|-activate|p2b: Linetti|move: Protect\n|-damage|p2a: Holt|96/100\n|-status|p2a: Holt|psn\n|move|p2a: Holt|Thunderbolt|p1a: Glimmora\n|-damage|p1a: Glimmora|0 fnt\n|faint|p1a: Glimmora\n|\n|-weather|Snowscape|[upkeep]\n|-damage|p2a: Holt|84/100 psn|[from] psn\n|upkeep\n|\n|t:|1776205581\n|switch|p1a: Incineroar|Incineroar, L50, F|100/100\n|-ability|p1a: Incineroar|Intimidate|boost\n|-unboost|p2a: Holt|atk|1\n|-unboost|p2b: Linetti|atk|1\n|turn|3\n|\n|t:|1776205603\n|switch|p2a: Peralta|Incineroar, L50, M|100/100\n|-ability|p2a: Peralta|Intimidate|boost\n|-unboost|p1a: Incineroar|atk|1\n|-unboost|p1b: Ninetales|atk|1\n|move|p1a: Incineroar|Scary Face|p2b: Linetti\n|-unboost|p2b: Linetti|spe|2\n|move|p1b: Ninetales|Moonblast|p2b: Linetti\n|-damage|p2b: Linetti|83/100\n|-unboost|p2b: Linetti|spa|1\n|move|p2b: Linetti|Calm Mind|p2b: Linetti\n|-boost|p2b: Linetti|spa|1\n|-boost|p2b: Linetti|spd|1\n|\n|-weather|Snowscape|[upkeep]\n|-heal|p2b: Linetti|89/100|[from] item: Leftovers\n|upkeep\n|turn|4\n|inactive|A New Way has 30 seconds left.\n|inactive|A New Way has 20 seconds left.\n|\n|t:|1776205640\n|switch|p1a: Aggron|Aggron, L50, F|100/100\n|move|p2a: Peralta|Fake Out|p1a: Aggron\n|-resisted|p1a: Aggron|2\n|-damage|p1a: Aggron|99/100\n|move|p1b: Ninetales|Moonblast|p2b: Linetti\n|-damage|p2b: Linetti|75/100\n|move|p2b: Linetti|Calm Mind|p2b: Linetti\n|-boost|p2b: Linetti|spa|1\n|-boost|p2b: Linetti|spd|1\n|\n|-weather|Snowscape|[upkeep]\n|-heal|p2b: Linetti|82/100|[from] item: Leftovers\n|upkeep\n|turn|5\n|\n|t:|1776205657\n|detailschange|p1a: Aggron|Aggron-Mega, L50, F\n|-mega|p1a: Aggron|Aggron|Aggronite\n|move|p1b: Ninetales|Moonblast|p2a: Peralta\n|-damage|p2a: Peralta|80/100\n|move|p2a: Peralta|Parting Shot|p1a: Aggron\n|-unboost|p1a: Aggron|atk|1\n|-unboost|p1a: Aggron|spa|1\n|\n|t:|1776205664\n|switch|p2a: Holt|Rotom-Wash, L50|84/100 psn|[from] Parting Shot\n|move|p1a: Aggron|Heavy Slam|p2b: Linetti\n|-damage|p2b: Linetti|45/100\n|move|p2b: Linetti|Hyper Voice|p1b: Ninetales|[spread] p1a,p1b\n|-damage|p1a: Aggron|68/100\n|-damage|p1b: Ninetales|68/100\n|\n|-weather|none\n|-heal|p2b: Linetti|52/100|[from] item: Leftovers\n|-damage|p2a: Holt|72/100 psn|[from] psn\n|-sideend|p1: A New Way|move: Aurora Veil\n|upkeep\n|turn|6\n|\n|t:|1776205679\n|move|p1a: Aggron|Protect|p1a: Aggron\n|-singleturn|p1a: Aggron|Protect\n|move|p2b: Linetti|Protect|p2b: Linetti\n|-singleturn|p2b: Linetti|Protect\n|move|p1b: Ninetales|Snowscape|p1b: Ninetales\n|-weather|Snowscape\n|move|p2a: Holt|Will-O-Wisp|p1a: Aggron\n|-activate|p1a: Aggron|move: Protect\n|\n|-weather|Snowscape|[upkeep]\n|-heal|p2b: Linetti|58/100|[from] item: Leftovers\n|-damage|p2a: Holt|60/100 psn|[from] psn\n|upkeep\n|turn|7\n|\n|t:|1776205699\n|switch|p1a: Incineroar|Incineroar, L50, F|100/100\n|-ability|p1a: Incineroar|Intimidate|boost\n|-unboost|p2a: Holt|atk|1\n|-unboost|p2b: Linetti|atk|1\n|switch|p2b: Peralta|Incineroar, L50, M|80/100\n|-ability|p2b: Peralta|Intimidate|boost\n|-unboost|p1a: Incineroar|atk|1\n|-unboost|p1b: Ninetales|atk|1\n|move|p1b: Ninetales|Aurora Veil|p1b: Ninetales\n|-sidestart|p1: A New Way|move: Aurora Veil\n|move|p2a: Holt|Will-O-Wisp|p1a: Incineroar\n|-immune|p1a: Incineroar\n|\n|-weather|Snowscape|[upkeep]\n|-damage|p2a: Holt|48/100 psn|[from] psn\n|upkeep\n|-enditem|p2a: Holt|Sitrus Berry|[eat]\n|-heal|p2a: Holt|72/100 psn|[from] item: Sitrus Berry\n|turn|8\n|inactive|A New Way has 30 seconds left.\n|inactive|A New Way has 20 seconds left.\n|inactive|A New Way has 15 seconds left.\n|inactive|A New Way has 10 seconds left.\n|inactive|A New Way has 5 seconds left.\n|\n|t:|1776205749\n|switch|p2a: Linetti|Primarina, L50, F, shiny|58/100\n|move|p1a: Incineroar|Parting Shot|p2a: Linetti\n|-unboost|p2a: Linetti|atk|1\n|-unboost|p2a: Linetti|spa|1\n|\n|t:|1776205756\n|switch|p1a: Aggron|Aggron-Mega, L50, F|68/100|[from] Parting Shot\n|move|p1b: Ninetales|Moonblast|p2a: Linetti\n|-damage|p2a: Linetti|33/100\n|-unboost|p2a: Linetti|spa|1\n|move|p2b: Peralta|Flare Blitz|p1b: Ninetales\n|-supereffective|p1b: Ninetales|1\n|-damage|p1b: Ninetales|19/100\n|-enditem|p1b: Ninetales|Sitrus Berry|[eat]\n|-heal|p1b: Ninetales|44/100|[from] item: Sitrus Berry\n|-damage|p2b: Peralta|65/100|[from] Recoil\n|\n|-weather|Snowscape|[upkeep]\n|-heal|p2a: Linetti|40/100|[from] item: Leftovers\n|upkeep\n|turn|9\n|inactive|seabear2112 has 30 seconds left.\n|\n|t:|1776205786\n|move|p2a: Linetti|Protect|p2a: Linetti\n|-singleturn|p2a: Linetti|Protect\n|move|p1b: Ninetales|Moonblast|p2a: Linetti\n|-activate|p2a: Linetti|move: Protect\n|move|p2b: Peralta|Parting Shot|p1a: Aggron\n|-unboost|p1a: Aggron|atk|1\n|-unboost|p1a: Aggron|spa|1\n|\n|t:|1776205795\n|switch|p2b: Jeffords|Garchomp, L50, M|100/100|[from] Parting Shot\n|move|p1a: Aggron|Iron Defense|p1a: Aggron\n|-boost|p1a: Aggron|def|2\n|\n|-weather|Snowscape|[upkeep]\n|-heal|p2a: Linetti|46/100|[from] item: Leftovers\n|upkeep\n|turn|10\n|\n|t:|1776205810\n|switch|p2a: Peralta|Incineroar, L50, M|65/100\n|-ability|p2a: Peralta|Intimidate|boost\n|-unboost|p1a: Aggron|atk|1\n|-unboost|p1b: Ninetales|atk|1\n|move|p2b: Jeffords|Protect|p2b: Jeffords\n|-singleturn|p2b: Jeffords|Protect\n|move|p1b: Ninetales|Blizzard|p2b: Jeffords|[spread] p2a\n|-activate|p2b: Jeffords|move: Protect\n|-resisted|p2a: Peralta|1\n|-damage|p2a: Peralta|56/100\n|-status|p2a: Peralta|frz\n|move|p1a: Aggron|Body Press|p2a: Peralta\n|-supereffective|p2a: Peralta|1\n|-damage|p2a: Peralta|0 fnt\n|faint|p2a: Peralta\n|\n|-weather|none\n|upkeep\n|\n|t:|1776205833\n|switch|p2a: Holt|Rotom-Wash, L50|72/100 psn\n|turn|11\n|inactive|seabear2112 has 30 seconds left.\n|\n|t:|1776205858\n|switch|p1b: Incineroar|Incineroar, L50, F|100/100\n|-ability|p1b: Incineroar|Intimidate|boost\n|-unboost|p2a: Holt|atk|1\n|-unboost|p2b: Jeffords|atk|1\n|move|p1a: Aggron|Protect|p1a: Aggron\n|-singleturn|p1a: Aggron|Protect\n|move|p2b: Jeffords|Rock Slide|p1b: Incineroar|[spread] p1b\n|-activate|p1a: Aggron|move: Protect\n|-supereffective|p1b: Incineroar|1\n|-damage|p1b: Incineroar|84/100\n|move|p2a: Holt|Thunderbolt|p1b: Incineroar\n|-damage|p1b: Incineroar|56/100\n|\n|-damage|p2a: Holt|60/100 psn|[from] psn\n|-sideend|p1: A New Way|move: Aurora Veil\n|upkeep\n|turn|12\n|inactive|seabear2112 has 30 seconds left.\n|\n|t:|1776205884\n|move|p1b: Incineroar|Scary Face|p2a: Holt\n|-unboost|p2a: Holt|spe|2\n|move|p2b: Jeffords|Earthquake|p1b: Incineroar|[spread] p1a,p1b\n|-immune|p2a: Holt|[from] ability: Levitate\n|-supereffective|p1a: Aggron|1\n|-supereffective|p1b: Incineroar|1\n|-damage|p1a: Aggron|58/100\n|-damage|p1b: Incineroar|5/100\n|move|p1a: Aggron|Body Press|p2a: Holt\n|-damage|p2a: Holt|0 fnt\n|faint|p2a: Holt\n|\n|upkeep\n|\n|t:|1776205895\n|switch|p2a: Linetti|Primarina, L50, F, shiny|46/100\n|turn|13\n|\n|t:|1776205907\n|move|p1a: Aggron|Protect|p1a: Aggron\n|-singleturn|p1a: Aggron|Protect\n|move|p1b: Incineroar|Scary Face|p2b: Jeffords\n|-unboost|p2b: Jeffords|spe|2\n|move|p2a: Linetti|Hyper Voice|p1b: Incineroar|[spread] p1b\n|-activate|p1a: Aggron|move: Protect\n|-supereffective|p1b: Incineroar|1\n|-damage|p1b: Incineroar|0 fnt\n|faint|p1b: Incineroar\n|move|p2b: Jeffords|Rock Slide|p1a: Aggron\n|-activate|p1a: Aggron|move: Protect\n|\n|-heal|p2a: Linetti|52/100|[from] item: Leftovers\n|upkeep\n|-message|seabear2112 forfeited.\n|\n|win|A New Way\n|raw|A New Way's rating: 1140 &rarr; <strong>1165</strong><br />(+25 for winning)\n|raw|seabear2112's rating: 1145 &rarr; <strong>1120</strong><br />(-25 for losing)\n|l|\u2606seabear2112\n|player|p2|\n",
  "uploadtime": 1776205968,
  "views": 38,
  "formatid": "gen9championsvgc2026regma",
  "rating": 1120,
  "private": 0,
  "password": null
}