{
  "id": "gen9championsvgc2026regma-2583277238",
  "format": "[Gen 9 Champions] VGC 2026 Reg M-A",
  "players": [
    "igetnervous",
    "Star7700"
  ],
  "log": "|j|\u2606igetnervous\n|j|\u2606Star7700\n|t:|1776162349\n|gametype|doubles\n|player|p1|igetnervous|1|1105\n|player|p2|Star7700|102|1087\n|gen|9\n|tier|[Gen 9 Champions] VGC 2026 Reg M-A\n|rated|\n|rule|Species Clause: Limit one of each Pok\u00e9mon\n|rule|Item Clause: Limit 1 of each item\n|clearpoke\n|poke|p1|Aerodactyl, L50, F|\n|poke|p1|Floette-Eternal, L50, F|\n|poke|p1|Sneasler, L50, F|\n|poke|p1|Basculegion, L50, M|\n|poke|p1|Kingambit, L50, F|\n|poke|p1|Maushold-Four, L50|\n|poke|p2|Aerodactyl, L50, M|\n|poke|p2|Tyranitar, L50, F|\n|poke|p2|Excadrill, L50, M|\n|poke|p2|Milotic, L50, M|\n|poke|p2|Sinistcha, L50|\n|poke|p2|Rotom-Heat, L50|\n|teampreview|4\n|\n|t:|1776162393\n|teamsize|p1|4\n|teamsize|p2|4\n|start\n|switch|p1a: Floette|Floette-Eternal, L50, F|100/100\n|switch|p1b: Aerodactyl|Aerodactyl, L50, F, shiny|100/100\n|switch|p2a: Tyranitar|Tyranitar, L50, F|100/100\n|switch|p2b: Excadrill|Excadrill, L50, M|100/100\n|-ability|p1b: Aerodactyl|Unnerve\n|-weather|Sandstorm|[from] ability: Sand Stream|[of] p2a: Tyranitar\n|turn|1\n|\n|t:|1776162434\n|switch|p2a: Rotom|Rotom-Heat, L50|100/100\n|switch|p1a: Sneasler|Sneasler, L50, F|100/100\n|move|p2b: Excadrill|Iron Head|p1a: Sneasler\n|-damage|p1a: Sneasler|22/100\n|move|p1b: Aerodactyl|Tailwind|p1b: Aerodactyl\n|-sidestart|p1: igetnervous|move: Tailwind\n|\n|-weather|Sandstorm|[upkeep]\n|-damage|p1a: Sneasler|16/100|[from] Sandstorm\n|-damage|p2a: Rotom|95/100|[from] Sandstorm\n|upkeep\n|turn|2\n|\n|t:|1776162451\n|move|p2b: Excadrill|Protect|p2b: Excadrill\n|-singleturn|p2b: Excadrill|Protect\n|move|p2a: Rotom|Protect|p2a: Rotom\n|-singleturn|p2a: Rotom|Protect\n|move|p1a: Sneasler|Fake Out|p2b: Excadrill\n|-activate|p2b: Excadrill|move: Protect\n|move|p1b: Aerodactyl|Rock Slide|p2b: Excadrill|[spread] \n|-activate|p2a: Rotom|move: Protect\n|-activate|p2b: Excadrill|move: Protect\n|\n|-weather|Sandstorm|[upkeep]\n|-damage|p1a: Sneasler|10/100|[from] Sandstorm\n|-damage|p2a: Rotom|89/100|[from] Sandstorm\n|upkeep\n|turn|3\n|\n|t:|1776162479\n|move|p1b: Aerodactyl|Rock Slide|p2b: Excadrill|[spread] p2a,p2b\n|-supereffective|p2a: Rotom|1\n|-resisted|p2b: Excadrill|2\n|-damage|p2a: Rotom|34/100\n|-damage|p2b: Excadrill|91/100\n|move|p1a: Sneasler|Close Combat|p2b: Excadrill\n|-supereffective|p2b: Excadrill|1\n|-damage|p2b: Excadrill|0 fnt\n|-unboost|p1a: Sneasler|def|1\n|-unboost|p1a: Sneasler|spd|1\n|faint|p2b: Excadrill\n|-enditem|p1a: Sneasler|White Herb\n|-clearnegativeboost|p1a: Sneasler|[silent]\n|move|p2a: Rotom|Thunderbolt|p1b: Aerodactyl\n|-supereffective|p1b: Aerodactyl|1\n|-damage|p1b: Aerodactyl|10/100\n|\n|-weather|Sandstorm|[upkeep]\n|-damage|p1a: Sneasler|4/100|[from] Sandstorm\n|-damage|p2a: Rotom|29/100|[from] Sandstorm\n|upkeep\n|\n|t:|1776162500\n|switch|p2b: Sinistcha|Sinistcha, L50|100/100\n|-heal|p2a: Rotom|53/100|[from] ability: Hospitality|[of] p2b: Sinistcha\n|turn|4\n|\n|t:|1776162523\n|switch|p1a: Floette|Floette-Eternal, L50, F|100/100\n|move|p2a: Rotom|Protect|p2a: Rotom\n|-singleturn|p2a: Rotom|Protect\n|move|p1b: Aerodactyl|Dual Wingbeat|p2b: Sinistcha\n|-supereffective|p2b: Sinistcha|1\n|-crit|p2b: Sinistcha\n|-damage|p2b: Sinistcha|52/100\n|-supereffective|p2b: Sinistcha|1\n|-damage|p2b: Sinistcha|17/100\n|-hitcount|p2b: Sinistcha|2\n|move|p2b: Sinistcha|Matcha Gotcha|p1b: Aerodactyl|[spread] p1a,p1b\n|-damage|p1a: Floette|81/100\n|-heal|p2b: Sinistcha|26/100|[from] drain|[of] p1a: Floette\n|-damage|p1b: Aerodactyl|0 fnt\n|-heal|p2b: Sinistcha|31/100|[from] drain|[of] p1b: Aerodactyl\n|-enditem|p2b: Sinistcha|Sitrus Berry|[eat]\n|-heal|p2b: Sinistcha|56/100|[from] item: Sitrus Berry\n|faint|p1b: Aerodactyl\n|\n|-weather|Sandstorm|[upkeep]\n|-damage|p1a: Floette|75/100|[from] Sandstorm\n|-damage|p2a: Rotom|48/100|[from] Sandstorm\n|-damage|p2b: Sinistcha|49/100|[from] Sandstorm\n|-sideend|p1: igetnervous|move: Tailwind\n|upkeep\n|\n|t:|1776162544\n|switch|p1b: Basculegion|Basculegion, L50, M|100/100\n|turn|5\n|\n|t:|1776162562\n|detailschange|p1a: Floette|Floette-Mega, L50, F\n|-mega|p1a: Floette|Floette|Floettite\n|-ability|p1a: Floette|Fairy Aura\n|move|p2b: Sinistcha|Rage Powder|p2b: Sinistcha\n|-singleturn|p2b: Sinistcha|move: Rage Powder\n|move|p1b: Basculegion|Last Respects|p2b: Sinistcha\n|-supereffective|p2b: Sinistcha|1\n|-damage|p2b: Sinistcha|0 fnt\n|faint|p2b: Sinistcha\n|move|p1a: Floette|Calm Mind|p1a: Floette\n|-boost|p1a: Floette|spa|1\n|-boost|p1a: Floette|spd|1\n|move|p2a: Rotom|Thunderbolt|p1b: Basculegion\n|-supereffective|p1b: Basculegion|1\n|-damage|p1b: Basculegion|6/100\n|\n|-weather|none\n|upkeep\n|\n|t:|1776162580\n|switch|p2b: Tyranitar|Tyranitar, L50, F|100/100\n|-weather|Sandstorm|[from] ability: Sand Stream|[of] p2b: Tyranitar\n|turn|6\n|\n|t:|1776162616\n|move|p1b: Basculegion|Last Respects|p2b: Tyranitar\n|-resisted|p2b: Tyranitar|1\n|-damage|p2b: Tyranitar|73/100\n|move|p2b: Tyranitar|Rock Slide|p1b: Basculegion|[spread] p1a,p1b\n|-damage|p1a: Floette|40/100\n|-damage|p1b: Basculegion|0 fnt\n|faint|p1b: Basculegion\n|move|p1a: Floette|Dazzling Gleam|p2a: Rotom|[spread] p2a,p2b\n|-resisted|p2a: Rotom|1\n|-supereffective|p2b: Tyranitar|1\n|-damage|p2a: Rotom|13/100\n|-damage|p2b: Tyranitar|0 fnt\n|faint|p2b: Tyranitar\n|move|p2a: Rotom|Thunderbolt|p1a: Floette\n|-damage|p1a: Floette|17/100\n|-status|p1a: Floette|par\n|\n|-weather|Sandstorm|[upkeep]\n|-damage|p2a: Rotom|7/100|[from] Sandstorm\n|-damage|p1a: Floette|11/100 par|[from] Sandstorm\n|upkeep\n|\n|t:|1776162633\n|switch|p1b: Sneasler|Sneasler, L50, F|4/100\n|turn|7\n|\n|t:|1776162643\n|move|p2a: Rotom|Protect|p2a: Rotom\n|-singleturn|p2a: Rotom|Protect\n|move|p1b: Sneasler|Fake Out|p2a: Rotom\n|-activate|p2a: Rotom|move: Protect\n|cant|p1a: Floette|par\n|\n|-weather|Sandstorm|[upkeep]\n|-damage|p1b: Sneasler|0 fnt|[from] Sandstorm\n|-damage|p2a: Rotom|1/100|[from] Sandstorm\n|-damage|p1a: Floette|5/100 par|[from] Sandstorm\n|faint|p1b: Sneasler\n|upkeep\n|turn|8\n|\n|t:|1776162657\n|move|p2a: Rotom|Thunderbolt|p1a: Floette\n|-damage|p1a: Floette|0 fnt\n|faint|p1a: Floette\n|\n|win|Star7700\n|raw|igetnervous's rating: 1105 &rarr; <strong>1079</strong><br />(-26 for losing)\n|raw|Star7700's rating: 1087 &rarr; <strong>1115</strong><br />(+28 for winning)\n",
  "uploadtime": 1776162663,
  "views": 42,
  "formatid": "gen9championsvgc2026regma",
  "rating": 1079,
  "private": 0,
  "password": null
}