{
  "id": "gen9championsvgc2026regma-2584443238",
  "format": "[Gen 9 Champions] VGC 2026 Reg M-A",
  "players": [
    "Who\u2019sTao",
    "NathanaelW19"
  ],
  "log": "|j|\u2606Who\u2019sTao\n|j|\u2606NathanaelW19\n|t:|1776261227\n|gametype|doubles\n|player|p1|Who\u2019sTao|nate|1116\n|player|p2|NathanaelW19|dragontamer|1192\n|gen|9\n|tier|[Gen 9 Champions] VGC 2026 Reg M-A\n|rated|\n|rule|Species Clause: Limit one of each Pok\u00e9mon\n|rule|Item Clause: Limit 1 of each item\n|clearpoke\n|poke|p1|Delphox, L50, F|\n|poke|p1|Garchomp, L50, M|\n|poke|p1|Clefable, L50, F|\n|poke|p1|Rotom-Wash, L50|\n|poke|p1|Kingambit, L50, M|\n|poke|p1|Whimsicott, L50, F|\n|poke|p2|Emboar, L50, F|\n|poke|p2|Heliolisk, L50, M|\n|poke|p2|Sneasler, L50, F|\n|poke|p2|Aerodactyl, L50, M|\n|poke|p2|Hydreigon, L50, M|\n|poke|p2|Sinistcha-Masterpiece, L50|\n|teampreview|4\n|inactive|Battle timer is ON: inactive players will automatically lose when time's up. (requested by NathanaelW19)\n|inactive|Who\u2019sTao has 60 seconds left.\n|inactive|NathanaelW19 has 60 seconds left.\n|\n|t:|1776261288\n|teamsize|p1|4\n|teamsize|p2|4\n|start\n|switch|p1a: Stark|Garchomp, L50, M|100/100\n|switch|p1b: Casper|Rotom-Wash, L50|100/100\n|switch|p2a: Sneasler|Sneasler, L50, F, shiny|100/100\n|switch|p2b: Aerodactyl|Aerodactyl, L50, M|100/100\n|-ability|p2b: Aerodactyl|Unnerve\n|turn|1\n|inactive|Who\u2019sTao has 30 seconds left.\n|\n|t:|1776261313\n|move|p2a: Sneasler|Fake Out|p1a: Stark\n|-damage|p1a: Stark|86/100\n|-damage|p2a: Sneasler|88/100|[from] ability: Rough Skin|[of] p1a: Stark\n|move|p2b: Aerodactyl|Tailwind|p2b: Aerodactyl\n|-sidestart|p2: NathanaelW19|move: Tailwind\n|cant|p1a: Stark|flinch\n|move|p1b: Casper|Volt Switch|p2b: Aerodactyl\n|-supereffective|p2b: Aerodactyl|1\n|-damage|p2b: Aerodactyl|16/100\n|\n|t:|1776261328\n|switch|p1b: Harriet|Whimsicott, L50, F|100/100|[from] Volt Switch\n|\n|upkeep\n|turn|2\n|\n|t:|1776261351\n|move|p1b: Harriet|Encore|p2b: Aerodactyl\n|-start|p2b: Aerodactyl|Encore\n|move|p2b: Aerodactyl|Tailwind||[still]\n|-fail|p2b: Aerodactyl\n|move|p2a: Sneasler|Close Combat|p1a: Stark\n|-damage|p1a: Stark|18/100\n|-unboost|p2a: Sneasler|def|1\n|-unboost|p2a: Sneasler|spd|1\n|-damage|p2a: Sneasler|76/100|[from] ability: Rough Skin|[of] p1a: Stark\n|-enditem|p2a: Sneasler|White Herb\n|-clearnegativeboost|p2a: Sneasler|[silent]\n|move|p1a: Stark|Rock Slide|p2b: Aerodactyl|[spread] p2a,p2b\n|-resisted|p2a: Sneasler|1\n|-supereffective|p2b: Aerodactyl|1\n|-damage|p2a: Sneasler|61/100\n|-damage|p2b: Aerodactyl|0 fnt\n|faint|p2b: Aerodactyl\n|\n|upkeep\n|\n|t:|1776261356\n|switch|p2b: Hydreigon|Hydreigon, L50, M|100/100\n|turn|3\n|inactive|Who\u2019sTao has 30 seconds left.\n|\n|t:|1776261385\n|move|p1b: Harriet|Tailwind|p1b: Harriet\n|-sidestart|p1: Who\u2019sTao|move: Tailwind\n|move|p2a: Sneasler|Acrobatics|p1b: Harriet\n|-supereffective|p1b: Harriet|1\n|-damage|p1b: Harriet|6/100\n|move|p1a: Stark|Earthquake|p2b: Hydreigon|[spread] p1b,p2a\n|-immune|p2b: Hydreigon|[from] ability: Levitate\n|-resisted|p1b: Harriet|1\n|-supereffective|p2a: Sneasler|1\n|-damage|p1b: Harriet|0 fnt\n|-damage|p2a: Sneasler|0 fnt\n|faint|p1b: Harriet\n|faint|p2a: Sneasler\n|move|p2b: Hydreigon|Dark Pulse|p1a: Stark\n|-damage|p1a: Stark|0 fnt\n|faint|p1a: Stark\n|\n|upkeep\n|\n|t:|1776261402\n|switch|p2a: Emboar|Emboar, L50, F, shiny|100/100\n|switch|p1b: Casper|Rotom-Wash, L50|100/100\n|switch|p1a: Flamme|Delphox, L50, F|100/100\n|turn|4\n|inactive|Who\u2019sTao has 30 seconds left.\n|inactive|NathanaelW19 has 30 seconds left.\n|inactive|Who\u2019sTao has 20 seconds left.\n|inactive|NathanaelW19 has 20 seconds left.\n|inactive|Who\u2019sTao has 15 seconds left.\n|inactive|NathanaelW19 has 15 seconds left.\n|inactive|Who\u2019sTao has 10 seconds left.\n|\n|t:|1776261449\n|detailschange|p1a: Flamme|Delphox-Mega, L50, F\n|-mega|p1a: Flamme|Delphox|Delphoxite\n|move|p1a: Flamme|Protect|p1a: Flamme\n|-singleturn|p1a: Flamme|Protect\n|move|p2a: Emboar|Protect|p2a: Emboar\n|-singleturn|p2a: Emboar|Protect\n|move|p2b: Hydreigon|Dark Pulse|p1a: Flamme\n|-activate|p1a: Flamme|move: Protect\n|move|p1b: Casper|Hydro Pump|p2b: Hydreigon\n|-resisted|p2b: Hydreigon|1\n|-damage|p2b: Hydreigon|74/100\n|\n|-sideend|p2: NathanaelW19|move: Tailwind\n|upkeep\n|turn|5\n|\n|t:|1776261469\n|detailschange|p2a: Emboar|Emboar-Mega, L50, F, shiny\n|-mega|p2a: Emboar|Emboar|Emboarite\n|-ability|p2a: Emboar|Mold Breaker\n|move|p2a: Emboar|Sucker Punch|p1a: Flamme\n|-supereffective|p1a: Flamme|1\n|-damage|p1a: Flamme|11/100\n|move|p1a: Flamme|Psychic|p2a: Emboar\n|-supereffective|p2a: Emboar|1\n|-damage|p2a: Emboar|19/100\n|move|p1b: Casper|Hydro Pump|p2b: Hydreigon\n|-resisted|p2b: Hydreigon|1\n|-damage|p2b: Hydreigon|50/100\n|move|p2b: Hydreigon|Dark Pulse|p1a: Flamme\n|-supereffective|p1a: Flamme|1\n|-damage|p1a: Flamme|0 fnt\n|faint|p1a: Flamme\n|\n|upkeep\n|turn|6\n|\n|t:|1776261488\n|move|p2a: Emboar|Sucker Punch|p1b: Casper\n|-damage|p1b: Casper|72/100\n|move|p1b: Casper|Hydro Pump|p2b: Hydreigon|[miss]\n|-miss|p1b: Casper|p2b: Hydreigon\n|move|p2b: Hydreigon|Draco Meteor|p1b: Casper\n|-damage|p1b: Casper|0 fnt\n|-unboost|p2b: Hydreigon|spa|2\n|faint|p1b: Casper\n|\n|win|NathanaelW19\n|raw|Who\u2019sTao's rating: 1116 &rarr; <strong>1096</strong><br />(-20 for losing)\n|raw|NathanaelW19's rating: 1192 &rarr; <strong>1212</strong><br />(+20 for winning)\n|l|\u2606Who\u2019sTao\n|player|p1|\n",
  "uploadtime": 1776261506,
  "views": 20,
  "formatid": "gen9championsvgc2026regma",
  "rating": 1096,
  "private": 0,
  "password": null
}