{
  "id": "gen9championsvgc2026regma-2587527571",
  "format": "[Gen 9 Champions] VGC 2026 Reg M-A",
  "players": [
    "marugod97",
    "yinyangchu"
  ],
  "log": "|j|\u2606marugod97\n|j|\u2606yinyangchu\n|t:|1776539485\n|gametype|doubles\n|player|p1|marugod97|gambler|1154\n|player|p2|yinyangchu|265|1244\n|gen|9\n|tier|[Gen 9 Champions] VGC 2026 Reg M-A\n|rated|\n|rule|Species Clause: Limit one of each Pok\u00e9mon\n|rule|Item Clause: Limit 1 of each item\n|clearpoke\n|poke|p1|Froslass, L50, F|\n|poke|p1|Aerodactyl, L50, F|\n|poke|p1|Kingambit, L50, F|\n|poke|p1|Rotom-Heat, L50|\n|poke|p1|Sneasler, L50, F, shiny|\n|poke|p1|Archaludon, L50, F|\n|poke|p2|Scovillain, L50, M|\n|poke|p2|Sableye, L50, M|\n|poke|p2|Whimsicott, L50, M|\n|poke|p2|Tauros-Paldea-Aqua, L50, M|\n|poke|p2|Archaludon, L50, M|\n|poke|p2|Floette-Eternal, L50, F|\n|teampreview|4\n|inactive|Battle timer is ON: inactive players will automatically lose when time's up. (requested by marugod97)\n|\n|t:|1776539534\n|teamsize|p1|4\n|teamsize|p2|4\n|start\n|switch|p1a: Rotom|Rotom-Heat, L50|100/100\n|switch|p1b: Sneasler|Sneasler, L50, F, shiny|100/100\n|switch|p2a: Scovillain|Scovillain, L50, M|100/100\n|switch|p2b: Whimsicott|Whimsicott, L50, M|100/100\n|turn|1\n|inactive|yinyangchu has 30 seconds left.\n|inactive|yinyangchu has 20 seconds left.\n|inactive|yinyangchu has 15 seconds left.\n|inactive|yinyangchu has 10 seconds left.\n|inactive|yinyangchu has 5 seconds left.\n|\n|t:|1776539585\n|switch|p2b: Tauros|Tauros-Paldea-Aqua, L50, M|100/100\n|-ability|p2b: Tauros|Intimidate|boost\n|-unboost|p1a: Rotom|atk|1\n|-unboost|p1b: Sneasler|atk|1\n|-enditem|p1b: Sneasler|White Herb\n|-clearnegativeboost|p1b: Sneasler|[silent]\n|move|p2a: Scovillain|Protect|p2a: Scovillain\n|-singleturn|p2a: Scovillain|Protect\n|move|p1b: Sneasler|Fake Out|p2b: Tauros\n|-damage|p2b: Tauros|88/100\n|move|p1a: Rotom|Overheat|p2b: Tauros\n|-resisted|p2b: Tauros|1\n|-damage|p2b: Tauros|59/100\n|-unboost|p1a: Rotom|spa|2\n|\n|upkeep\n|turn|2\n|inactive|yinyangchu has 30 seconds left.\n|inactive|yinyangchu has 20 seconds left.\n|\n|t:|1776539622\n|detailschange|p2a: Scovillain|Scovillain-Mega, L50, M\n|-mega|p2a: Scovillain|Scovillain|Scovillainite\n|move|p1b: Sneasler|Protect|p1b: Sneasler\n|-singleturn|p1b: Sneasler|Protect\n|move|p2b: Tauros|Wave Crash|p1a: Rotom\n|-supereffective|p1a: Rotom|1\n|-damage|p1a: Rotom|0 fnt\n|faint|p1a: Rotom\n|-damage|p2b: Tauros|31/100|[from] Recoil\n|move|p2a: Scovillain|Flamethrower|p1b: Sneasler\n|-activate|p1b: Sneasler|move: Protect\n|\n|upkeep\n|\n|t:|1776539634\n|switch|p1a: Froslass|Froslass, L50, F|100/100\n|turn|3\n|\n|t:|1776539653\n|detailschange|p1a: Froslass|Froslass-Mega, L50, F\n|-mega|p1a: Froslass|Froslass|Froslassite\n|-weather|Snowscape|[from] ability: Snow Warning|[of] p1a: Froslass\n|move|p2a: Scovillain|Protect|p2a: Scovillain\n|-singleturn|p2a: Scovillain|Protect\n|move|p2b: Tauros|Aqua Jet|p1b: Sneasler\n|-damage|p1b: Sneasler|68/100\n|move|p1b: Sneasler|Dire Claw|p2a: Scovillain\n|-activate|p2a: Scovillain|move: Protect\n|move|p1a: Froslass|Blizzard|p2b: Tauros|[spread] p2b\n|-activate|p2a: Scovillain|move: Protect\n|-resisted|p2b: Tauros|1\n|-damage|p2b: Tauros|3/100\n|-status|p2b: Tauros|frz\n|\n|-weather|Snowscape|[upkeep]\n|upkeep\n|turn|4\n|inactive|yinyangchu has 30 seconds left.\n|inactive|yinyangchu has 20 seconds left.\n|inactive|yinyangchu has 15 seconds left.\n|\n|t:|1776539698\n|move|p1b: Sneasler|Dire Claw|p2a: Scovillain\n|-supereffective|p2a: Scovillain|1\n|-damage|p2a: Scovillain|0 fnt\n|-status|p1b: Sneasler|brn|[from] ability: Spicy Spray|[of] p2a: Scovillain\n|faint|p2a: Scovillain\n|move|p1a: Froslass|Aurora Veil|p1a: Froslass\n|-sidestart|p1: marugod97|move: Aurora Veil\n|cant|p2b: Tauros|frz\n|\n|-weather|Snowscape|[upkeep]\n|-damage|p1b: Sneasler|62/100 brn|[from] brn\n|upkeep\n|\n|t:|1776539707\n|switch|p2a: Whimsicott|Whimsicott, L50, M|100/100\n|turn|5\n|\n|t:|1776539723\n|move|p2a: Whimsicott|Sunny Day|p2a: Whimsicott\n|-weather|SunnyDay\n|move|p1b: Sneasler|Dire Claw|p2a: Whimsicott\n|-supereffective|p2a: Whimsicott|2\n|-damage|p2a: Whimsicott|13/100\n|move|p1a: Froslass|Blizzard|p2a: Whimsicott|[spread] p2a,p2b\n|-supereffective|p2a: Whimsicott|1\n|-crit|p2a: Whimsicott\n|-resisted|p2b: Tauros|1\n|-damage|p2a: Whimsicott|0 fnt\n|-damage|p2b: Tauros|0 fnt\n|faint|p2a: Whimsicott\n|faint|p2b: Tauros\n|\n|-weather|SunnyDay|[upkeep]\n|-damage|p1b: Sneasler|57/100 brn|[from] brn\n|upkeep\n|\n|t:|1776539724\n|switch|p2a: Archaludon|Archaludon, L50, M|100/100\n|turn|6\n|\n|t:|1776539740\n|switch|p1a: Archaludon|Archaludon, L50, F|100/100\n|move|p1b: Sneasler|Close Combat|p2a: Archaludon\n|-supereffective|p2a: Archaludon|1\n|-damage|p2a: Archaludon|55/100\n|-unboost|p1b: Sneasler|def|1\n|-unboost|p1b: Sneasler|spd|1\n|-ability|p2a: Archaludon|Stamina|boost\n|-boost|p2a: Archaludon|def|1\n|move|p2a: Archaludon|Dragon Pulse|p1a: Archaludon\n|-damage|p1a: Archaludon|66/100\n|-ability|p1a: Archaludon|Stamina|boost\n|-boost|p1a: Archaludon|def|1\n|\n|-weather|SunnyDay|[upkeep]\n|-heal|p2a: Archaludon|61/100|[from] item: Leftovers\n|-damage|p1b: Sneasler|51/100 brn|[from] brn\n|upkeep\n|turn|7\n|-message|yinyangchu forfeited.\n|\n|win|marugod97\n|raw|marugod97's rating: 1154 &rarr; <strong>1185</strong><br />(+31 for winning)\n|raw|yinyangchu's rating: 1244 &rarr; <strong>1213</strong><br />(-31 for losing)\n|l|\u2606yinyangchu\n|player|p2|\n",
  "uploadtime": 1776539755,
  "views": 23,
  "formatid": "gen9championsvgc2026regma",
  "rating": 1185,
  "private": 0,
  "password": null
}