{
  "id": "gen9championsvgc2026regma-2582301922",
  "format": "[Gen 9 Champions] VGC 2026 Reg M-A",
  "players": [
    "Gadgo",
    "colfox"
  ],
  "log": "|j|\u2606Gadgo\n|j|\u2606colfox\n|t:|1776081369\n|gametype|doubles\n|player|p1|Gadgo|tate|1206\n|player|p2|colfox|1|1111\n|gen|9\n|tier|[Gen 9 Champions] VGC 2026 Reg M-A\n|rated|\n|rule|Species Clause: Limit one of each Pok\u00e9mon\n|rule|Item Clause: Limit 1 of each item\n|clearpoke\n|poke|p1|Kingambit, L50, M|\n|poke|p1|Incineroar, L50, M|\n|poke|p1|Sneasler, L50, F|\n|poke|p1|Basculegion, L50, M|\n|poke|p1|Venusaur, L50, M|\n|poke|p1|Dragonite, L50, F|\n|poke|p2|Ninetales, L50, F|\n|poke|p2|Dragonite, L50, M|\n|poke|p2|Sylveon, L50, M|\n|poke|p2|Milotic, L50, F|\n|poke|p2|Delphox, L50, M|\n|poke|p2|Garchomp, L50, F|\n|teampreview|4\n|inactive|Battle timer is ON: inactive players will automatically lose when time's up. (requested by Gadgo)\n|\n|t:|1776081396\n|teamsize|p1|4\n|teamsize|p2|4\n|start\n|switch|p1a: Venusaur|Venusaur, L50, M|100/100\n|switch|p1b: Sneasler|Sneasler, L50, F|100/100\n|switch|p2a: Milotic|Milotic, L50, F|100/100\n|switch|p2b: Delphox|Delphox, L50, M|100/100\n|turn|1\n|\n|t:|1776081420\n|detailschange|p1a: Venusaur|Venusaur-Mega, L50, M\n|-mega|p1a: Venusaur|Venusaur|Venusaurite\n|move|p1b: Sneasler|Rock Tomb|p2b: Delphox\n|-supereffective|p2b: Delphox|1\n|-crit|p2b: Delphox\n|-damage|p2b: Delphox|0 fnt\n|faint|p2b: Delphox\n|move|p1a: Venusaur|Leech Seed|p2a: Milotic\n|-start|p2a: Milotic|move: Leech Seed\n|move|p2a: Milotic|Icy Wind|p1b: Sneasler|[spread] p1a,p1b\n|-supereffective|p1a: Venusaur|1\n|-damage|p1a: Venusaur|89/100\n|-damage|p1b: Sneasler|81/100\n|-unboost|p1a: Venusaur|spe|1\n|-unboost|p1b: Sneasler|spe|1\n|-enditem|p1b: Sneasler|White Herb\n|-clearnegativeboost|p1b: Sneasler|[silent]\n|\n|-damage|p2a: Milotic|88/100|[from] Leech Seed|[of] p1a: Venusaur\n|-heal|p1a: Venusaur|100/100|[silent]\n|upkeep\n|\n|t:|1776081439\n|switch|p2b: Garchomp|Garchomp, L50, F|100/100\n|turn|2\n|\n|t:|1776081451\n|move|p1b: Sneasler|Protect|p1b: Sneasler\n|-singleturn|p1b: Sneasler|Protect\n|move|p2b: Garchomp|Protect|p2b: Garchomp\n|-singleturn|p2b: Garchomp|Protect\n|move|p2a: Milotic|Icy Wind|p1b: Sneasler|[spread] p1a\n|-activate|p1b: Sneasler|move: Protect\n|-supereffective|p1a: Venusaur|1\n|-damage|p1a: Venusaur|90/100\n|-unboost|p1a: Venusaur|spe|1\n|move|p1a: Venusaur|Leech Seed|p2b: Garchomp\n|-activate|p2b: Garchomp|move: Protect\n|\n|-heal|p2a: Milotic|94/100|[from] item: Leftovers\n|-damage|p2a: Milotic|82/100|[from] Leech Seed|[of] p1a: Venusaur\n|-heal|p1a: Venusaur|100/100|[silent]\n|upkeep\n|turn|3\n|inactive|colfox has 30 seconds left.\n|\n|t:|1776081477\n|switch|p1b: Incineroar|Incineroar, L50, M|100/100\n|-ability|p1b: Incineroar|Intimidate|boost\n|-unboost|p2a: Milotic|atk|1\n|-ability|p2a: Milotic|Competitive|boost\n|-boost|p2a: Milotic|spa|2\n|-unboost|p2b: Garchomp|atk|1\n|move|p2a: Milotic|Protect|p2a: Milotic\n|-singleturn|p2a: Milotic|Protect\n|move|p2b: Garchomp|Earthquake|p1b: Incineroar|[spread] p1a,p1b\n|-activate|p2a: Milotic|move: Protect\n|-supereffective|p1b: Incineroar|1\n|-crit|p1b: Incineroar\n|-damage|p1a: Venusaur|79/100\n|-damage|p1b: Incineroar|17/100\n|-enditem|p1b: Incineroar|Sitrus Berry|[eat]\n|-heal|p1b: Incineroar|42/100|[from] item: Sitrus Berry\n|move|p1a: Venusaur|Sludge Bomb|p2a: Milotic\n|-activate|p2a: Milotic|move: Protect\n|\n|-heal|p2a: Milotic|88/100|[from] item: Leftovers\n|-damage|p2a: Milotic|75/100|[from] Leech Seed|[of] p1a: Venusaur\n|-heal|p1a: Venusaur|93/100|[silent]\n|upkeep\n|turn|4\n|inactive|Gadgo has 30 seconds left.\n|\n|t:|1776081504\n|move|p1b: Incineroar|Fake Out|p2a: Milotic\n|-damage|p2a: Milotic|64/100\n|move|p2b: Garchomp|Dragon Claw|p1a: Venusaur\n|-damage|p1a: Venusaur|72/100\n|cant|p2a: Milotic|flinch\n|move|p1a: Venusaur|Sludge Bomb|p2a: Milotic\n|-damage|p2a: Milotic|38/100\n|\n|-heal|p2a: Milotic|44/100|[from] item: Leftovers\n|-damage|p2a: Milotic|31/100|[from] Leech Seed|[of] p1a: Venusaur\n|-heal|p1a: Venusaur|86/100|[silent]\n|upkeep\n|turn|5\n|inactive|colfox has 30 seconds left.\n|inactive|Gadgo has 30 seconds left.\n|\n|t:|1776081534\n|switch|p2b: Ninetales|Ninetales, L50, F|100/100\n|-weather|SunnyDay|[from] ability: Drought|[of] p2b: Ninetales\n|move|p2a: Milotic|Scald|p1b: Incineroar\n|-supereffective|p1b: Incineroar|1\n|-damage|p1b: Incineroar|0 fnt\n|faint|p1b: Incineroar\n|move|p1a: Venusaur|Sludge Bomb|p2a: Milotic\n|-damage|p2a: Milotic|1/100\n|-status|p2a: Milotic|psn\n|\n|-weather|SunnyDay|[upkeep]\n|-heal|p2a: Milotic|7/100 psn|[from] item: Leftovers\n|-damage|p2a: Milotic|0 fnt|[from] Leech Seed|[of] p1a: Venusaur\n|-heal|p1a: Venusaur|94/100|[silent]\n|faint|p2a: Milotic\n|upkeep\n|\n|t:|1776081554\n|switch|p2a: Garchomp|Garchomp, L50, F|100/100\n|switch|p1b: Basculegion|Basculegion, L50, M|100/100\n|turn|6\n|\n|t:|1776081568\n|move|p2b: Ninetales|Protect|p2b: Ninetales\n|-singleturn|p2b: Ninetales|Protect\n|move|p1b: Basculegion|Wave Crash|p2b: Ninetales\n|-activate|p2b: Ninetales|move: Protect\n|move|p2a: Garchomp|Earthquake|p1a: Venusaur|[spread] p1a,p1b\n|-activate|p2b: Ninetales|move: Protect\n|-crit|p1b: Basculegion\n|-damage|p1a: Venusaur|63/100\n|-damage|p1b: Basculegion|28/100\n|move|p1a: Venusaur|Leech Seed|p2b: Ninetales\n|-activate|p2b: Ninetales|move: Protect\n|\n|-weather|SunnyDay|[upkeep]\n|upkeep\n|turn|7\n|inactive|colfox has 30 seconds left.\n|inactive|colfox has 20 seconds left.\n|inactive|colfox has 15 seconds left.\n|\n|t:|1776081609\n|move|p2b: Ninetales|Helping Hand|p2a: Garchomp\n|-singleturn|p2a: Garchomp|Helping Hand|[of] p2b: Ninetales\n|move|p1b: Basculegion|Wave Crash|p2b: Ninetales\n|-supereffective|p2b: Ninetales|1\n|-damage|p2b: Ninetales|0 fnt\n|faint|p2b: Ninetales\n|-damage|p1b: Basculegion|0 fnt|[from] Recoil\n|faint|p1b: Basculegion\n|move|p2a: Garchomp|Earthquake|p1a: Venusaur\n|-damage|p1a: Venusaur|5/100\n|move|p1a: Venusaur|Earth Power|p2a: Garchomp\n|-damage|p2a: Garchomp|70/100\n|\n|-weather|SunnyDay|[upkeep]\n|upkeep\n|\n|t:|1776081615\n|switch|p1b: Sneasler|Sneasler, L50, F|81/100\n|turn|8\n|\n|t:|1776081630\n|move|p2a: Garchomp|Protect|p2a: Garchomp\n|-singleturn|p2a: Garchomp|Protect\n|move|p1a: Venusaur|Protect|p1a: Venusaur\n|-singleturn|p1a: Venusaur|Protect\n|move|p1b: Sneasler|Dire Claw|p2a: Garchomp\n|-activate|p2a: Garchomp|move: Protect\n|\n|-weather|SunnyDay|[upkeep]\n|upkeep\n|turn|9\n|\n|t:|1776081642\n|move|p1b: Sneasler|Dire Claw|p2a: Garchomp\n|-resisted|p2a: Garchomp|1\n|-damage|p2a: Garchomp|50/100\n|-damage|p1b: Sneasler|69/100|[from] ability: Rough Skin|[of] p2a: Garchomp\n|move|p2a: Garchomp|Earthquake|p1b: Sneasler|[spread] p1a,p1b\n|-supereffective|p1b: Sneasler|1\n|-damage|p1a: Venusaur|0 fnt\n|-damage|p1b: Sneasler|0 fnt\n|faint|p1a: Venusaur\n|faint|p1b: Sneasler\n|\n|win|colfox\n|raw|Gadgo's rating: 1206 &rarr; <strong>1174</strong><br />(-32 for losing)\n|raw|colfox's rating: 1111 &rarr; <strong>1143</strong><br />(+32 for winning)\n|l|\u2606Gadgo\n|player|p1|\n",
  "uploadtime": 1776081654,
  "views": 27,
  "formatid": "gen9championsvgc2026regma",
  "rating": 1143,
  "private": 0,
  "password": null
}