{
  "id": "gen9championsvgc2026regma-2583117486",
  "format": "[Gen 9 Champions] VGC 2026 Reg M-A",
  "players": [
    "bathsheeba",
    "jisdafods"
  ],
  "log": "|j|\u2606bathsheeba\n|j|\u2606jisdafods\n|t:|1776144056\n|gametype|doubles\n|player|p1|bathsheeba|serena-masters3|1235\n|player|p2|jisdafods|266|1211\n|gen|9\n|tier|[Gen 9 Champions] VGC 2026 Reg M-A\n|rated|\n|rule|Species Clause: Limit one of each Pok\u00e9mon\n|rule|Item Clause: Limit 1 of each item\n|clearpoke\n|poke|p1|Garchomp, L50, F|\n|poke|p1|Delphox, L50, M|\n|poke|p1|Charizard, L50, M|\n|poke|p1|Aerodactyl, L50, F|\n|poke|p1|Whimsicott, L50, M|\n|poke|p1|Sneasler, L50, F|\n|poke|p2|Charizard, L50, F|\n|poke|p2|Venusaur, L50, F|\n|poke|p2|Sneasler, L50, M|\n|poke|p2|Rotom-Wash, L50|\n|poke|p2|Garchomp, L50, M|\n|poke|p2|Incineroar, L50, F|\n|teampreview|4\n|\n|t:|1776144079\n|teamsize|p1|4\n|teamsize|p2|4\n|start\n|switch|p1a: Aerodactyl|Aerodactyl, L50, F|100/100\n|switch|p1b: Sneasler|Sneasler, L50, F|100/100\n|switch|p2a: Garchomp|Garchomp, L50, M|100/100\n|switch|p2b: Charizard|Charizard, L50, F|100/100\n|-ability|p1a: Aerodactyl|Unnerve\n|turn|1\n|\n|t:|1776144097\n|detailschange|p1a: Aerodactyl|Aerodactyl-Mega, L50, F\n|-mega|p1a: Aerodactyl|Aerodactyl|Aerodactylite\n|move|p2b: Charizard|Protect|p2b: Charizard\n|-singleturn|p2b: Charizard|Protect\n|move|p1b: Sneasler|Fake Out|p2b: Charizard\n|-activate|p2b: Charizard|move: Protect\n|move|p2a: Garchomp|Rock Slide|p1b: Sneasler|[spread] p1a,p1b\n|-supereffective|p1a: Aerodactyl|1\n|-resisted|p1b: Sneasler|1\n|-damage|p1a: Aerodactyl|48/100\n|-damage|p1b: Sneasler|83/100\n|move|p1a: Aerodactyl|Tailwind|p1a: Aerodactyl\n|-sidestart|p1: bathsheeba|move: Tailwind\n|\n|upkeep\n|turn|2\n|\n|t:|1776144110\n|switch|p2b: Incineroar|Incineroar, L50, F|100/100\n|-ability|p2b: Incineroar|Intimidate|boost\n|-unboost|p1a: Aerodactyl|atk|1\n|-unboost|p1b: Sneasler|atk|1\n|-enditem|p1b: Sneasler|White Herb\n|-clearnegativeboost|p1b: Sneasler|[silent]\n|move|p1b: Sneasler|Dire Claw|p2a: Garchomp\n|-resisted|p2a: Garchomp|1\n|-damage|p2a: Garchomp|79/100\n|-status|p2a: Garchomp|par\n|-damage|p1b: Sneasler|71/100|[from] ability: Rough Skin|[of] p2a: Garchomp\n|move|p1a: Aerodactyl|Rock Slide|p2a: Garchomp|[spread] p2a,p2b\n|-resisted|p2a: Garchomp|1\n|-supereffective|p2b: Incineroar|1\n|-damage|p2a: Garchomp|68/100 par\n|-damage|p2b: Incineroar|58/100\n|cant|p2a: Garchomp|par\n|\n|upkeep\n|turn|3\n|\n|t:|1776144135\n|switch|p1a: Garchomp|Garchomp, L50, F|100/100\n|move|p1b: Sneasler|Upper Hand|p2b: Incineroar\n|-supereffective|p2b: Incineroar|1\n|-damage|p2b: Incineroar|0 fnt\n|faint|p2b: Incineroar\n|move|p2a: Garchomp|Rock Slide|p1a: Garchomp|[spread] p1a\n|-miss|p2a: Garchomp|p1b: Sneasler\n|-resisted|p1a: Garchomp|1\n|-damage|p1a: Garchomp|90/100\n|\n|upkeep\n|\n|t:|1776144148\n|switch|p2b: Venusaur|Venusaur, L50, F|100/100\n|turn|4\n|\n|t:|1776144161\n|switch|p1b: Aerodactyl|Aerodactyl-Mega, L50, F|48/100\n|move|p1a: Garchomp|Earthquake|p2a: Garchomp|[spread] p2a,p2b\n|-immune|p1b: Aerodactyl\n|-damage|p2a: Garchomp|22/100 par\n|-damage|p2b: Venusaur|36/100\n|move|p2b: Venusaur|Sleep Powder|p1a: Garchomp\n|-status|p1a: Garchomp|slp|[from] move: Sleep Powder\n|cant|p2a: Garchomp|par\n|\n|-sideend|p1: bathsheeba|move: Tailwind\n|upkeep\n|turn|5\n|\n|t:|1776144185\n|move|p2b: Venusaur|Protect|p2b: Venusaur\n|-singleturn|p2b: Venusaur|Protect\n|move|p1b: Aerodactyl|Tailwind|p1b: Aerodactyl\n|-sidestart|p1: bathsheeba|move: Tailwind\n|cant|p1a: Garchomp|slp\n|move|p2a: Garchomp|Rock Slide|p1b: Aerodactyl|[spread] p1a,p1b\n|-resisted|p1a: Garchomp|1\n|-supereffective|p1b: Aerodactyl|1\n|-damage|p1a: Garchomp|79/100 slp\n|-damage|p1b: Aerodactyl|0 fnt\n|faint|p1b: Aerodactyl\n|\n|upkeep\n|\n|t:|1776144197\n|switch|p1b: Whimsicott|Whimsicott, L50, M|100/100\n|turn|6\n|\n|t:|1776144213\n|switch|p2a: Charizard|Charizard, L50, F|100/100\n|move|p1b: Whimsicott|Encore|p2b: Venusaur\n|-start|p2b: Venusaur|Encore\n|move|p2b: Venusaur|Protect||[still]\n|-fail|p2b: Venusaur\n|-curestatus|p1a: Garchomp|slp|[msg]\n|move|p1a: Garchomp|Breaking Swipe|p2b: Venusaur|[spread] p2a,p2b\n|-damage|p2a: Charizard|67/100\n|-damage|p2b: Venusaur|5/100\n|-unboost|p2a: Charizard|atk|1\n|-unboost|p2b: Venusaur|atk|1\n|\n|upkeep\n|turn|7\n|\n|t:|1776144233\n|switch|p2b: Garchomp|Garchomp, L50, M|22/100 par\n|move|p2a: Charizard|Protect|p2a: Charizard\n|-singleturn|p2a: Charizard|Protect\n|move|p1a: Garchomp|Rock Slide|p2b: Garchomp|[spread] p2b\n|-activate|p2a: Charizard|move: Protect\n|-resisted|p2b: Garchomp|1\n|-damage|p2b: Garchomp|12/100 par\n|move|p1b: Whimsicott|Moonblast|p2a: Charizard\n|-activate|p2a: Charizard|move: Protect\n|\n|upkeep\n|turn|8\n|\n|t:|1776144251\n|switch|p2a: Venusaur|Venusaur, L50, F|5/100\n|move|p1b: Whimsicott|Encore||[still]\n|-fail|p1b: Whimsicott\n|move|p1a: Garchomp|Rock Slide|p2a: Venusaur|[spread] p2a,p2b\n|-resisted|p2b: Garchomp|1\n|-damage|p2a: Venusaur|0 fnt\n|-damage|p2b: Garchomp|3/100 par\n|faint|p2a: Venusaur\n|cant|p2b: Garchomp|flinch\n|\n|-sideend|p1: bathsheeba|move: Tailwind\n|upkeep\n|\n|t:|1776144261\n|switch|p2a: Charizard|Charizard, L50, F|67/100\n|turn|9\n|\n|t:|1776144268\n|detailschange|p2a: Charizard|Charizard-Mega-Y, L50, F\n|-mega|p2a: Charizard|Charizard|Charizardite Y\n|-weather|SunnyDay|[from] ability: Drought|[of] p2a: Charizard\n|move|p1b: Whimsicott|Tailwind|p1b: Whimsicott\n|-sidestart|p1: bathsheeba|move: Tailwind\n|move|p1a: Garchomp|Rock Slide|p2a: Charizard|[spread] p2b\n|-miss|p1a: Garchomp|p2a: Charizard\n|-resisted|p2b: Garchomp|1\n|-damage|p2b: Garchomp|0 fnt\n|faint|p2b: Garchomp\n|move|p2a: Charizard|Heat Wave|p1a: Garchomp|[spread] p1a,p1b\n|-resisted|p1a: Garchomp|1\n|-supereffective|p1b: Whimsicott|1\n|-crit|p1b: Whimsicott\n|-damage|p1a: Garchomp|45/100\n|-enditem|p1b: Whimsicott|Focus Sash\n|-damage|p1b: Whimsicott|1/100\n|\n|-weather|SunnyDay|[upkeep]\n|upkeep\n|turn|10\n|\n|t:|1776144288\n|move|p1a: Garchomp|Rock Slide|p2a: Charizard\n|-supereffective|p2a: Charizard|2\n|-damage|p2a: Charizard|0 fnt\n|faint|p2a: Charizard\n|\n|win|bathsheeba\n|raw|bathsheeba's rating: 1235 &rarr; <strong>1258</strong><br />(+23 for winning)\n|raw|jisdafods's rating: 1211 &rarr; <strong>1188</strong><br />(-23 for losing)\n|c|\u2606bathsheeba|im sorry\n|c|\u2606bathsheeba|gg\n|c|\u2606bathsheeba|has full para nerf been implemented in showdown?\n|l|\u2606bathsheeba\n|player|p1|\n",
  "uploadtime": 1776145449,
  "views": 31,
  "formatid": "gen9championsvgc2026regma",
  "rating": 1188,
  "private": 0,
  "password": null
}