{
  "id": "gen9championsvgc2026regma-2580717765",
  "format": "[Gen 9 Champions] VGC 2026 Reg M-A",
  "players": [
    "Volkayn0",
    "RazzvyBerry"
  ],
  "log": "|j|\u2606Volkayn0\n|j|\u2606RazzvyBerry\n|t:|1775926785\n|gametype|doubles\n|player|p1|Volkayn0|101|1105\n|player|p2|RazzvyBerry|harlequin|1158\n|gen|9\n|tier|[Gen 9 Champions] VGC 2026 Reg M-A\n|rated|\n|rule|Species Clause: Limit one of each Pok\u00e9mon\n|rule|Item Clause: Limit 1 of each item\n|clearpoke\n|poke|p1|Floette-Eternal, L50, F|\n|poke|p1|Aerodactyl, L50, M|\n|poke|p1|Incineroar, L50, F|\n|poke|p1|Garchomp, L50, M|\n|poke|p1|Sneasler, L50, M|\n|poke|p1|Basculegion, L50, M|\n|poke|p2|Azumarill, L50, F|\n|poke|p2|Froslass, L50, F|\n|poke|p2|Sinistcha, L50|\n|poke|p2|Incineroar, L50, F|\n|poke|p2|Sneasler, L50, F|\n|poke|p2|Maushold, L50|\n|teampreview|4\n|inactive|Battle timer is ON: inactive players will automatically lose when time's up. (requested by RazzvyBerry)\n|inactive|Volkayn0 has 60 seconds left.\n|inactive|RazzvyBerry has 60 seconds left.\n|\n|t:|1775926836\n|teamsize|p1|4\n|teamsize|p2|4\n|start\n|switch|p1a: Incineroar|Incineroar, L50, F|100/100\n|switch|p1b: Aerodactyl|Aerodactyl, L50, M|100/100\n|switch|p2a: Azumarill|Azumarill, L50, F|100/100\n|switch|p2b: Maushold|Maushold, L50|100/100\n|-ability|p1b: Aerodactyl|Unnerve\n|-ability|p1a: Incineroar|Intimidate|boost\n|-unboost|p2a: Azumarill|atk|1\n|-unboost|p2b: Maushold|atk|1\n|turn|1\n|\n|t:|1775926861\n|move|p2b: Maushold|Protect|p2b: Maushold\n|-singleturn|p2b: Maushold|Protect\n|move|p2a: Azumarill|Protect|p2a: Azumarill\n|-singleturn|p2a: Azumarill|Protect\n|move|p1a: Incineroar|Fake Out|p2a: Azumarill\n|-activate|p2a: Azumarill|move: Protect\n|move|p1b: Aerodactyl|Tailwind|p1b: Aerodactyl\n|-sidestart|p1: Volkayn0|move: Tailwind\n|\n|upkeep\n|turn|2\n|inactive|Volkayn0 has 30 seconds left.\n|\n|t:|1775926890\n|move|p2b: Maushold|Follow Me|p2b: Maushold\n|-singleturn|p2b: Maushold|move: Follow Me\n|move|p1b: Aerodactyl|Rock Slide|p2a: Azumarill|[spread] p2a,p2b\n|-damage|p2a: Azumarill|81/100\n|-damage|p2b: Maushold|77/100\n|move|p1a: Incineroar|Darkest Lariat|p2b: Maushold\n|-damage|p2b: Maushold|38/100\n|cant|p2a: Azumarill|flinch\n|\n|upkeep\n|turn|3\n|\n|t:|1775926914\n|move|p2b: Maushold|Follow Me|p2b: Maushold\n|-singleturn|p2b: Maushold|move: Follow Me\n|move|p1b: Aerodactyl|Rock Slide|p2a: Azumarill|[spread] p2a,p2b\n|-damage|p2a: Azumarill|63/100\n|-damage|p2b: Maushold|16/100\n|move|p1a: Incineroar|Darkest Lariat|p2b: Maushold\n|-damage|p2b: Maushold|0 fnt\n|faint|p2b: Maushold\n|cant|p2a: Azumarill|flinch\n|\n|upkeep\n|inactive|RazzvyBerry has 30 seconds left.\n|\n|t:|1775926939\n|switch|p2b: Incineroar|Incineroar, L50, F|100/100\n|-ability|p2b: Incineroar|Intimidate|boost\n|-unboost|p1a: Incineroar|atk|1\n|-unboost|p1b: Aerodactyl|atk|1\n|turn|4\n|\n|t:|1775926954\n|move|p2b: Incineroar|Fake Out|p1b: Aerodactyl\n|-resisted|p1b: Aerodactyl|1\n|-damage|p1b: Aerodactyl|90/100\n|cant|p1b: Aerodactyl|flinch\n|move|p1a: Incineroar|Parting Shot|p2a: Azumarill\n|-unboost|p2a: Azumarill|atk|1\n|-unboost|p2a: Azumarill|spa|1\n|\n|t:|1775926965\n|switch|p1a: Basculegion|Basculegion, L50, M|100/100|[from] Parting Shot\n|move|p2a: Azumarill|Belly Drum|p2a: Azumarill\n|-damage|p2a: Azumarill|13/100\n|-setboost|p2a: Azumarill|atk|6|[from] move: Belly Drum\n|\n|-sideend|p1: Volkayn0|move: Tailwind\n|upkeep\n|turn|5\n|inactive|Volkayn0 has 30 seconds left.\n|\n|t:|1775926996\n|switch|p1b: Incineroar|Incineroar, L50, F|100/100\n|-enditem|p2a: Azumarill|Sitrus Berry|[eat]\n|-heal|p2a: Azumarill|37/100|[from] item: Sitrus Berry\n|-ability|p1b: Incineroar|Intimidate|boost\n|-unboost|p2a: Azumarill|atk|1\n|-unboost|p2b: Incineroar|atk|1\n|move|p2a: Azumarill|Protect|p2a: Azumarill\n|-singleturn|p2a: Azumarill|Protect\n|move|p1a: Basculegion|Liquidation|p2a: Azumarill\n|-activate|p2a: Azumarill|move: Protect\n|move|p2b: Incineroar|Darkest Lariat|p1a: Basculegion\n|-supereffective|p1a: Basculegion|1\n|-damage|p1a: Basculegion|29/100\n|\n|upkeep\n|turn|6\n|inactive|RazzvyBerry has 30 seconds left.\n|inactive|RazzvyBerry has 20 seconds left.\n|inactive|RazzvyBerry has 15 seconds left.\n|inactive|RazzvyBerry has 10 seconds left.\n|\n|t:|1775927044\n|move|p1b: Incineroar|Fake Out|p2a: Azumarill\n|-damage|p2a: Azumarill|23/100\n|cant|p2a: Azumarill|flinch\n|move|p1a: Basculegion|Liquidation|p2b: Incineroar\n|-supereffective|p2b: Incineroar|1\n|-damage|p2b: Incineroar|0 fnt\n|faint|p2b: Incineroar\n|\n|upkeep\n|\n|t:|1775927050\n|switch|p2b: Froslass|Froslass, L50, F|100/100\n|turn|7\n|\n|t:|1775927069\n|detailschange|p2b: Froslass|Froslass-Mega, L50, F\n|-mega|p2b: Froslass|Froslass|Froslassite\n|-weather|Snowscape|[from] ability: Snow Warning|[of] p2b: Froslass\n|move|p2a: Azumarill|Aqua Jet|p1a: Basculegion\n|-resisted|p1a: Basculegion|1\n|-damage|p1a: Basculegion|0 fnt\n|faint|p1a: Basculegion\n|move|p2b: Froslass|Aurora Veil|p2b: Froslass\n|-sidestart|p2: RazzvyBerry|move: Aurora Veil\n|move|p1b: Incineroar|Flare Blitz|p2b: Froslass\n|-supereffective|p2b: Froslass|1\n|-damage|p2b: Froslass|13/100\n|-damage|p1b: Incineroar|75/100|[from] Recoil\n|\n|-weather|Snowscape|[upkeep]\n|upkeep\n|\n|t:|1775927088\n|switch|p1a: Aerodactyl|Aerodactyl, L50, M|90/100\n|-ability|p1a: Aerodactyl|Unnerve\n|turn|8\n|c|\u2606RazzvyBerry|This meta is so funny\n|inactive|Volkayn0 has 30 seconds left.\n|inactive|RazzvyBerry has 30 seconds left.\n|c|\u2606RazzvyBerry|Unnerve being a good ability\n|inactive|RazzvyBerry has 20 seconds left.\n|inactive|Volkayn0 has 20 seconds left.\n|\n|t:|1775927136\n|move|p2b: Froslass|Protect|p2b: Froslass\n|-singleturn|p2b: Froslass|Protect\n|move|p2a: Azumarill|Aqua Jet|p1a: Aerodactyl\n|-supereffective|p1a: Aerodactyl|1\n|-damage|p1a: Aerodactyl|0 fnt\n|faint|p1a: Aerodactyl\n|move|p1b: Incineroar|Darkest Lariat|p2b: Froslass\n|-activate|p2b: Froslass|move: Protect\n|\n|-weather|Snowscape|[upkeep]\n|upkeep\n|\n|t:|1775927146\n|switch|p1a: Floette|Floette-Eternal, L50, F|100/100\n|turn|9\n|c|\u2606Volkayn0|I know right\n|\n|t:|1775927166\n|detailschange|p1a: Floette|Floette-Mega, L50, F\n|-mega|p1a: Floette|Floette|Floettite\n|-ability|p1a: Floette|Fairy Aura\n|move|p2a: Azumarill|Aqua Jet|p1a: Floette\n|-damage|p1a: Floette|0 fnt\n|faint|p1a: Floette\n|move|p2b: Froslass|Shadow Ball|p1b: Incineroar\n|-resisted|p1b: Incineroar|1\n|-damage|p1b: Incineroar|49/100\n|-enditem|p1b: Incineroar|Sitrus Berry|[eat]\n|-heal|p1b: Incineroar|73/100|[from] item: Sitrus Berry\n|move|p1b: Incineroar|Darkest Lariat|p2b: Froslass\n|-supereffective|p2b: Froslass|1\n|-damage|p2b: Froslass|0 fnt\n|faint|p2b: Froslass\n|\n|-weather|Snowscape|[upkeep]\n|upkeep\n|turn|10\n|\n|t:|1775927183\n|move|p2a: Azumarill|Aqua Jet|p1b: Incineroar\n|-supereffective|p1b: Incineroar|1\n|-damage|p1b: Incineroar|0 fnt\n|faint|p1b: Incineroar\n|\n|win|RazzvyBerry\n|raw|Volkayn0's rating: 1105 &rarr; <strong>1084</strong><br />(-21 for losing)\n|raw|RazzvyBerry's rating: 1158 &rarr; <strong>1179</strong><br />(+21 for winning)\n",
  "uploadtime": 1775927192,
  "views": 15,
  "formatid": "gen9championsvgc2026regma",
  "rating": 1084,
  "private": 0,
  "password": null
}