{
  "id": "gen9championsvgc2026regma-2581924480",
  "format": "[Gen 9 Champions] VGC 2026 Reg M-A",
  "players": [
    "papucaru",
    "A5h3r"
  ],
  "log": "|j|\u2606papucaru\n|j|\u2606A5h3r\n|t:|1776040214\n|gametype|doubles\n|player|p1|papucaru|2|1124\n|player|p2|A5h3r|alder|1109\n|gen|9\n|tier|[Gen 9 Champions] VGC 2026 Reg M-A\n|rated|\n|rule|Species Clause: Limit one of each Pok\u00e9mon\n|rule|Item Clause: Limit 1 of each item\n|clearpoke\n|poke|p1|Talonflame, L50, F|\n|poke|p1|Lucario, L50, M|\n|poke|p1|Garchomp, L50, F|\n|poke|p1|Rotom-Wash, L50|\n|poke|p1|Spiritomb, L50, M|\n|poke|p1|Gardevoir, L50, M|\n|poke|p2|Kangaskhan, L50, F|\n|poke|p2|Pelipper, L50, F|\n|poke|p2|Archaludon, L50, M|\n|poke|p2|Meganium, L50, M|\n|poke|p2|Basculegion, L50, M|\n|poke|p2|Incineroar, L50, F|\n|teampreview|4\n|\n|t:|1776040239\n|teamsize|p1|4\n|teamsize|p2|4\n|start\n|switch|p1a: Talonflame|Talonflame, L50, F, shiny|100/100\n|switch|p1b: Lucario|Lucario, L50, M, shiny|100/100\n|switch|p2a: oh yeah|Incineroar, L50, F|100/100\n|switch|p2b: DUMPSTER|Pelipper, L50, F|100/100\n|-weather|RainDance|[from] ability: Drizzle|[of] p2b: DUMPSTER\n|-ability|p2a: oh yeah|Intimidate|boost\n|-unboost|p1a: Talonflame|atk|1\n|-fail|p1b: Lucario|unboost|Attack|[from] ability: Inner Focus|[of] p1b: Lucario\n|turn|1\n|\n|t:|1776040275\n|switch|p1b: Rotom|Rotom-Wash, L50|100/100\n|move|p1a: Talonflame|Upper Hand|p2a: oh yeah\n|-supereffective|p2a: oh yeah|1\n|-damage|p2a: oh yeah|83/100\n|cant|p2a: oh yeah|flinch\n|move|p2b: DUMPSTER|Weather Ball|p1b: Rotom\n|-resisted|p1b: Rotom|1\n|-damage|p1b: Rotom|61/100\n|\n|-weather|RainDance|[upkeep]\n|upkeep\n|turn|2\n|\n|t:|1776040295\n|move|p1a: Talonflame|Tailwind|p1a: Talonflame\n|-sidestart|p1: papucaru|move: Tailwind\n|move|p1b: Rotom|Hydro Pump|p2a: oh yeah\n|-supereffective|p2a: oh yeah|1\n|-damage|p2a: oh yeah|0 fnt\n|faint|p2a: oh yeah\n|move|p2b: DUMPSTER|Tailwind|p2b: DUMPSTER\n|-sidestart|p2: A5h3r|move: Tailwind\n|\n|-weather|RainDance|[upkeep]\n|upkeep\n|\n|t:|1776040300\n|switch|p2a: Meganium|Meganium, L50, M|100/100\n|turn|3\n|\n|t:|1776040314\n|detailschange|p2a: Meganium|Meganium-Mega, L50, M\n|-mega|p2a: Meganium|Meganium|Meganiumite\n|move|p1a: Talonflame|Dual Wingbeat|p2a: Meganium\n|-supereffective|p2a: Meganium|1\n|-damage|p2a: Meganium|83/100\n|-supereffective|p2a: Meganium|1\n|-damage|p2a: Meganium|66/100\n|-hitcount|p2a: Meganium|2\n|move|p1b: Rotom|Volt Switch|p2b: DUMPSTER\n|-supereffective|p2b: DUMPSTER|2\n|-enditem|p2b: DUMPSTER|Focus Sash\n|-damage|p2b: DUMPSTER|1/100\n|\n|t:|1776040329\n|switch|p1b: Garchomp|Garchomp, L50, F, shiny|100/100|[from] Volt Switch\n|move|p2b: DUMPSTER|Weather Ball|p1a: Talonflame\n|-supereffective|p1a: Talonflame|1\n|-enditem|p1a: Talonflame|Focus Sash\n|-damage|p1a: Talonflame|1/100\n|move|p2a: Meganium|Solar Beam||[still]\n|-prepare|p2a: Meganium|Solar Beam\n|-activate|p2a: Meganium|ability: Mega Sol\n|-anim|p2a: Meganium|Solar Beam|p1b: Garchomp\n|-damage|p1b: Garchomp|32/100\n|\n|-weather|RainDance|[upkeep]\n|upkeep\n|turn|4\n|\n|t:|1776040354\n|switch|p2b: Basculegion|Basculegion, L50, M|100/100\n|move|p1b: Garchomp|Rock Slide|p2a: Meganium|[spread] p2a,p2b\n|-damage|p2a: Meganium|50/100\n|-damage|p2b: Basculegion|75/100\n|move|p1a: Talonflame|Dual Wingbeat|p2a: Meganium\n|-supereffective|p2a: Meganium|1\n|-damage|p2a: Meganium|30/100\n|-supereffective|p2a: Meganium|1\n|-crit|p2a: Meganium\n|-damage|p2a: Meganium|0 fnt\n|faint|p2a: Meganium\n|-hitcount|p2: Meganium|2\n|\n|-weather|RainDance|[upkeep]\n|upkeep\n|inactive|Battle timer is ON: inactive players will automatically lose when time's up. (requested by papucaru)\n|\n|t:|1776040387\n|switch|p2a: DUMPSTER|Pelipper, L50, F|1/100\n|turn|5\n|\n|t:|1776040406\n|switch|p1a: Rotom|Rotom-Wash, L50|61/100\n|move|p2b: Basculegion|Aqua Jet|p1a: Rotom\n|-resisted|p1a: Rotom|1\n|-damage|p1a: Rotom|41/100\n|-enditem|p1a: Rotom|Sitrus Berry|[eat]\n|-heal|p1a: Rotom|66/100|[from] item: Sitrus Berry\n|move|p1b: Garchomp|Rock Slide|p2a: DUMPSTER|[spread] p2a,p2b\n|-supereffective|p2a: DUMPSTER|1\n|-damage|p2a: DUMPSTER|0 fnt\n|-damage|p2b: Basculegion|50/100\n|faint|p2a: DUMPSTER\n|\n|-weather|none\n|-sideend|p2: A5h3r|move: Tailwind\n|-sideend|p1: papucaru|move: Tailwind\n|upkeep\n|turn|6\n|\n|t:|1776040424\n|move|p1b: Garchomp|Rock Slide|p2b: Basculegion\n|-damage|p2b: Basculegion|17/100\n|move|p2b: Basculegion|Last Respects|p1a: Rotom\n|-damage|p1a: Rotom|0 fnt\n|faint|p1a: Rotom\n|\n|upkeep\n|\n|t:|1776040431\n|switch|p1a: Talonflame|Talonflame, L50, F, shiny|1/100\n|turn|7\n|c|\u2606A5h3r|ggwp u win\n|\n|t:|1776040438\n|move|p2b: Basculegion|Aqua Jet|p1a: Talonflame\n|-supereffective|p1a: Talonflame|1\n|-crit|p1a: Talonflame\n|-damage|p1a: Talonflame|0 fnt\n|faint|p1a: Talonflame\n|move|p1b: Garchomp|Rock Slide|p2b: Basculegion\n|-damage|p2b: Basculegion|0 fnt\n|faint|p2b: Basculegion\n|\n|win|papucaru\n|raw|papucaru's rating: 1124 &rarr; <strong>1148</strong><br />(+24 for winning)\n|raw|A5h3r's rating: 1109 &rarr; <strong>1085</strong><br />(-24 for losing)\n",
  "uploadtime": 1776040442,
  "views": 27,
  "formatid": "gen9championsvgc2026regma",
  "rating": 1085,
  "private": 0,
  "password": null
}