{
  "id": "gen9championsvgc2026regma-2588494765",
  "format": "[Gen 9 Champions] VGC 2026 Reg M-A",
  "players": [
    "luizhsouza3",
    "thicc latina lover"
  ],
  "log": "|j|\u2606luizhsouza3\n|j|\u2606thicc latina lover\n|t:|1776638655\n|gametype|doubles\n|player|p1|luizhsouza3|hilbert-wonderlauncher|1401\n|player|p2|thicc latina lover|skyla|1405\n|gen|9\n|tier|[Gen 9 Champions] VGC 2026 Reg M-A\n|rated|\n|rule|Species Clause: Limit one of each Pok\u00e9mon\n|rule|Item Clause: Limit 1 of each item\n|clearpoke\n|poke|p1|Aerodactyl, L50, F|\n|poke|p1|Typhlosion-Hisui, L50, F|\n|poke|p1|Tauros-Paldea-Aqua, L50, M|\n|poke|p1|Meganium, L50, M|\n|poke|p1|Archaludon, L50, F|\n|poke|p1|Kangaskhan, L50, F|\n|poke|p2|Venusaur, L50, F, shiny|\n|poke|p2|Pelipper, L50, F, shiny|\n|poke|p2|Basculegion, L50, M|\n|poke|p2|Archaludon, L50, F|\n|poke|p2|Sneasler, L50, M|\n|poke|p2|Incineroar, L50, M|\n|teampreview|4\n|inactive|Battle timer is ON: inactive players will automatically lose when time's up. (requested by luizhsouza3)\n|inactive|thicc latina lover has 60 seconds left.\n|\n|t:|1776638691\n|teamsize|p1|4\n|teamsize|p2|4\n|start\n|switch|p1a: Just Better|Tauros-Paldea-Aqua, L50, M|100/100\n|switch|p1b: The Mother|Kangaskhan, L50, F|100/100\n|switch|p2a: Venusaur|Venusaur, L50, F, shiny|100/100\n|switch|p2b: Basculegion|Basculegion, L50, M|100/100\n|-ability|p1a: Just Better|Intimidate|boost\n|-unboost|p2a: Venusaur|atk|1\n|-unboost|p2b: Basculegion|atk|1\n|turn|1\n|j| GentleH\n|\n|t:|1776638712\n|switch|p2b: Sneasler|Sneasler, L50, M|100/100\n|detailschange|p1b: The Mother|Kangaskhan-Mega, L50, F\n|-mega|p1b: The Mother|Kangaskhan|Kangaskhanite\n|detailschange|p2a: Venusaur|Venusaur-Mega, L50, F, shiny\n|-mega|p2a: Venusaur|Venusaur|Venusaurite\n|move|p1a: Just Better|Protect|p1a: Just Better\n|-singleturn|p1a: Just Better|Protect\n|move|p1b: The Mother|Double-Edge|p2a: Venusaur\n|-damage|p2a: Venusaur|48/100\n|-damage|p2a: Venusaur|35/100\n|-hitcount|p2a: Venusaur|2\n|-damage|p1b: The Mother|78/100|[from] Recoil\n|move|p2a: Venusaur|Leech Seed|p1b: The Mother\n|-start|p1b: The Mother|move: Leech Seed\n|\n|-damage|p1b: The Mother|66/100|[from] Leech Seed|[of] p2a: Venusaur\n|-heal|p2a: Venusaur|46/100|[silent]\n|upkeep\n|turn|2\n|\n|t:|1776638736\n|switch|p1b: The Bird|Aerodactyl, L50, F|100/100\n|-ability|p1b: The Bird|Unnerve\n|move|p2b: Sneasler|Close Combat|p1b: The Bird\n|-enditem|p1b: The Bird|Focus Sash\n|-damage|p1b: The Bird|1/100\n|-unboost|p2b: Sneasler|def|1\n|-unboost|p2b: Sneasler|spd|1\n|-enditem|p2b: Sneasler|White Herb\n|-clearnegativeboost|p2b: Sneasler|[silent]\n|move|p1a: Just Better|Wave Crash|p2b: Sneasler\n|-damage|p2b: Sneasler|8/100\n|-damage|p1a: Just Better|68/100|[from] Recoil\n|move|p2a: Venusaur|Giga Drain|p1a: Just Better\n|-supereffective|p1a: Just Better|1\n|-damage|p1a: Just Better|0 fnt\n|-heal|p2a: Venusaur|74/100|[from] drain|[of] p1a: Just Better\n|faint|p1a: Just Better\n|\n|upkeep\n|\n|t:|1776638753\n|switch|p1a: The Mother|Kangaskhan-Mega, L50, F|66/100\n|turn|3\n|\n|t:|1776638770\n|move|p1a: The Mother|Sucker Punch|p2b: Sneasler\n|-resisted|p2b: Sneasler|1\n|-damage|p2b: Sneasler|0 fnt\n|faint|p2b: Sneasler\n|-hitcount|p2: Sneasler|1\n|move|p1b: The Bird|Tailwind|p1b: The Bird\n|-sidestart|p1: luizhsouza3|move: Tailwind\n|move|p2a: Venusaur|Giga Drain|p1a: The Mother\n|-damage|p1a: The Mother|36/100\n|-heal|p2a: Venusaur|89/100|[from] drain|[of] p1a: The Mother\n|\n|upkeep\n|\n|t:|1776638774\n|switch|p2b: Incineroar|Incineroar, L50, M|100/100\n|-ability|p2b: Incineroar|Intimidate|boost\n|-unboost|p1a: The Mother|atk|1\n|-unboost|p1b: The Bird|atk|1\n|turn|4\n|l| GentleH\n|\n|t:|1776638787\n|switch|p1a: They did him dirty|Archaludon, L50, F|100/100\n|move|p1b: The Bird|Protect|p1b: The Bird\n|-singleturn|p1b: The Bird|Protect\n|move|p2a: Venusaur|Protect|p2a: Venusaur\n|-singleturn|p2a: Venusaur|Protect\n|move|p2b: Incineroar|Darkest Lariat|p1a: They did him dirty\n|-crit|p1a: They did him dirty\n|-damage|p1a: They did him dirty|60/100\n|\n|upkeep\n|turn|5\n|\n|t:|1776638801\n|switch|p1b: The Mother|Kangaskhan-Mega, L50, F|36/100\n|move|p1a: They did him dirty|Draco Meteor|p2a: Venusaur\n|-damage|p2a: Venusaur|35/100\n|-unboost|p1a: They did him dirty|spa|2\n|move|p2a: Venusaur|Leech Seed|p1a: They did him dirty\n|-start|p1a: They did him dirty|move: Leech Seed\n|move|p2b: Incineroar|Parting Shot|p1b: The Mother\n|-unboost|p1b: The Mother|atk|1\n|-unboost|p1b: The Mother|spa|1\n|\n|t:|1776638812\n|switch|p2b: Basculegion|Basculegion, L50, M|100/100|[from] Parting Shot\n|\n|-damage|p1a: They did him dirty|48/100|[from] Leech Seed|[of] p2a: Venusaur\n|-heal|p2a: Venusaur|46/100|[silent]\n|upkeep\n|turn|6\n|\n|t:|1776638833\n|switch|p1a: The Bird|Aerodactyl, L50, F|1/100\n|-ability|p1a: The Bird|Unnerve\n|move|p2a: Venusaur|Protect|p2a: Venusaur\n|-singleturn|p2a: Venusaur|Protect\n|move|p1b: The Mother|Double-Edge|p2a: Venusaur\n|-activate|p2a: Venusaur|move: Protect\n|move|p2b: Basculegion|Flip Turn|p1b: The Mother\n|-damage|p1b: The Mother|0 fnt\n|faint|p1b: The Mother\n|\n|t:|1776638841\n|switch|p2b: Incineroar|Incineroar, L50, M|100/100|[from] Flip Turn\n|-ability|p2b: Incineroar|Intimidate|boost\n|-unboost|p1a: The Bird|atk|1\n|\n|-sideend|p1: luizhsouza3|move: Tailwind\n|upkeep\n|\n|t:|1776638843\n|switch|p1b: They did him dirty|Archaludon, L50, F|48/100\n|turn|7\n|\n|t:|1776638862\n|move|p1a: The Bird|Protect|p1a: The Bird\n|-singleturn|p1a: The Bird|Protect\n|move|p2b: Incineroar|Fake Out|p1b: They did him dirty\n|-resisted|p1b: They did him dirty|1\n|-damage|p1b: They did him dirty|44/100\n|cant|p1b: They did him dirty|flinch\n|move|p2a: Venusaur|Leech Seed|p1b: They did him dirty\n|-start|p1b: They did him dirty|move: Leech Seed\n|\n|-damage|p1b: They did him dirty|31/100|[from] Leech Seed|[of] p2a: Venusaur\n|-heal|p2a: Venusaur|57/100|[silent]\n|upkeep\n|turn|8\n|\n|t:|1776638879\n|move|p2a: Venusaur|Protect|p2a: Venusaur\n|-singleturn|p2a: Venusaur|Protect\n|move|p1a: The Bird|Rock Slide|p2b: Incineroar|[spread] p2b\n|-activate|p2a: Venusaur|move: Protect\n|-supereffective|p2b: Incineroar|1\n|-damage|p2b: Incineroar|68/100\n|move|p1b: They did him dirty|Draco Meteor|p2b: Incineroar\n|-damage|p2b: Incineroar|11/100\n|-unboost|p1b: They did him dirty|spa|2\n|move|p2b: Incineroar|Darkest Lariat|p1a: The Bird\n|-damage|p1a: The Bird|0 fnt\n|faint|p1a: The Bird\n|\n|-damage|p1b: They did him dirty|19/100|[from] Leech Seed|[of] p2a: Venusaur\n|-heal|p2a: Venusaur|67/100|[silent]\n|upkeep\n|turn|9\n|-message|luizhsouza3 forfeited.\n|\n|win|thicc latina lover\n|raw|luizhsouza3's rating: 1401 &rarr; <strong>1381</strong><br />(-20 for losing)\n|raw|thicc latina lover's rating: 1405 &rarr; <strong>1425</strong><br />(+20 for winning)\n",
  "uploadtime": 1776638895,
  "views": 14,
  "formatid": "gen9championsvgc2026regma",
  "rating": 1381,
  "private": 0,
  "password": null
}