{
  "id": "gen9championsvgc2026regma-2587021060",
  "format": "[Gen 9 Champions] VGC 2026 Reg M-A",
  "players": [
    "devaunte",
    "mrguy888"
  ],
  "log": "|j|\u2606devaunte\n|j|\u2606mrguy888\n|t:|1776482047\n|gametype|doubles\n|player|p1|devaunte|266|1223\n|player|p2|mrguy888|noland-gen3|1309\n|gen|9\n|tier|[Gen 9 Champions] VGC 2026 Reg M-A\n|rated|\n|rule|Species Clause: Limit one of each Pok\u00e9mon\n|rule|Item Clause: Limit 1 of each item\n|clearpoke\n|poke|p1|Delphox, L50, F|\n|poke|p1|Garchomp, L50, F|\n|poke|p1|Aerodactyl, L50, M|\n|poke|p1|Kangaskhan, L50, F|\n|poke|p1|Sneasler, L50, F|\n|poke|p1|Farigiraf, L50, F|\n|poke|p2|Floette-Eternal, L50, F|\n|poke|p2|Aerodactyl, L50, F|\n|poke|p2|Tauros-Paldea-Aqua, L50, M|\n|poke|p2|Kangaskhan, L50, F|\n|poke|p2|Rotom-Heat, L50|\n|poke|p2|Aegislash, L50, M|\n|teampreview|4\n|inactive|Battle timer is ON: inactive players will automatically lose when time's up. (requested by mrguy888)\n|inactive|mrguy888 has 60 seconds left.\n|\n|t:|1776482089\n|teamsize|p1|4\n|teamsize|p2|4\n|start\n|switch|p1a: Sneasler|Sneasler, L50, F|100/100\n|switch|p1b: Aerodactyl|Aerodactyl, L50, M|100/100\n|switch|p2a: Rotom|Rotom-Heat, L50|100/100\n|switch|p2b: Aerodactyl|Aerodactyl, L50, F|100/100\n|-ability|p2b: Aerodactyl|Unnerve\n|turn|1\n|inactive|mrguy888 has 30 seconds left.\n|\n|t:|1776482120\n|switch|p2b: Aegislash|Aegislash, L50, M|100/100\n|move|p1a: Sneasler|Fake Out|p2b: Aegislash\n|-immune|p2b: Aegislash\n|move|p2a: Rotom|Electroweb|p1b: Aerodactyl|[spread] p1a\n|-miss|p2a: Rotom|p1b: Aerodactyl\n|-damage|p1a: Sneasler|80/100\n|-unboost|p1a: Sneasler|spe|1\n|-enditem|p1a: Sneasler|White Herb\n|-clearnegativeboost|p1a: Sneasler|[silent]\n|move|p1b: Aerodactyl|Tailwind|p1b: Aerodactyl\n|-sidestart|p1: devaunte|move: Tailwind\n|\n|upkeep\n|turn|2\n|\n|t:|1776482142\n|move|p1a: Sneasler|Close Combat|p2a: Rotom\n|-damage|p2a: Rotom|23/100\n|-unboost|p1a: Sneasler|def|1\n|-unboost|p1a: Sneasler|spd|1\n|move|p1b: Aerodactyl|Rock Slide|p2a: Rotom|[spread] p2b\n|-miss|p1b: Aerodactyl|p2a: Rotom\n|-resisted|p2b: Aegislash|1\n|-damage|p2b: Aegislash|90/100\n|move|p2a: Rotom|Electroweb|p1b: Aerodactyl|[spread] p1a,p1b\n|-supereffective|p1b: Aerodactyl|1\n|-damage|p1a: Sneasler|47/100\n|-damage|p1b: Aerodactyl|57/100\n|-unboost|p1a: Sneasler|spe|1\n|-unboost|p1b: Aerodactyl|spe|1\n|-formechange|p2b: Aegislash|Aegislash-Blade|\n|move|p2b: Aegislash|Iron Head|p1b: Aerodactyl\n|-supereffective|p1b: Aerodactyl|1\n|-damage|p1b: Aerodactyl|0 fnt\n|faint|p1b: Aerodactyl\n|\n|upkeep\n|\n|t:|1776482152\n|switch|p1b: Delphox|Delphox, L50, F|100/100\n|turn|3\n|\n|t:|1776482164\n|detailschange|p1b: Delphox|Delphox-Mega, L50, F\n|-mega|p1b: Delphox|Delphox|Delphoxite\n|-formechange|p2b: Aegislash|Aegislash|\n|move|p2b: Aegislash|King's Shield|p2b: Aegislash\n|-singleturn|p2b: Aegislash|Protect\n|move|p1a: Sneasler|Close Combat|p2a: Rotom\n|-damage|p2a: Rotom|0 fnt\n|-unboost|p1a: Sneasler|def|1\n|-unboost|p1a: Sneasler|spd|1\n|faint|p2a: Rotom\n|move|p1b: Delphox|Heat Wave|p2b: Aegislash\n|-activate|p2b: Aegislash|move: Protect\n|\n|upkeep\n|\n|t:|1776482176\n|switch|p2a: Kangaskhan|Kangaskhan, L50, F|100/100\n|turn|4\n|\n|t:|1776482184\n|detailschange|p2a: Kangaskhan|Kangaskhan-Mega, L50, F\n|-mega|p2a: Kangaskhan|Kangaskhan|Kangaskhanite\n|move|p1a: Sneasler|Protect|p1a: Sneasler\n|-singleturn|p1a: Sneasler|Protect\n|move|p1b: Delphox|Protect|p1b: Delphox\n|-singleturn|p1b: Delphox|Protect\n|move|p2a: Kangaskhan|Fake Out|p1b: Delphox\n|-activate|p1b: Delphox|move: Protect\n|-formechange|p2b: Aegislash|Aegislash-Blade|\n|move|p2b: Aegislash|Shadow Sneak|p1a: Sneasler\n|-activate|p1a: Sneasler|move: Protect\n|\n|-sideend|p1: devaunte|move: Tailwind\n|upkeep\n|turn|5\n|\n|t:|1776482193\n|move|p2a: Kangaskhan|Sucker Punch|p1b: Delphox\n|-supereffective|p1b: Delphox|1\n|-damage|p1b: Delphox|24/100\n|-supereffective|p1b: Delphox|1\n|-crit|p1b: Delphox\n|-damage|p1b: Delphox|0 fnt\n|faint|p1b: Delphox\n|-hitcount|p1: Delphox|2\n|move|p2b: Aegislash|Shadow Sneak|p1a: Sneasler\n|-damage|p1a: Sneasler|0 fnt\n|faint|p1a: Sneasler\n|\n|upkeep\n|-message|devaunte forfeited.\n|\n|win|mrguy888\n|raw|devaunte's rating: 1223 &rarr; <strong>1204</strong><br />(-19 for losing)\n|raw|mrguy888's rating: 1309 &rarr; <strong>1324</strong><br />(+15 for winning)\n|l|\u2606devaunte\n|player|p1|\n",
  "uploadtime": 1776482205,
  "views": 22,
  "formatid": "gen9championsvgc2026regma",
  "rating": 1204,
  "private": 0,
  "password": null
}