{
  "id": "gen9championsvgc2026regma-2585419420",
  "format": "[Gen 9 Champions] VGC 2026 Reg M-A",
  "players": [
    "Beestingaa",
    "rkingulta"
  ],
  "log": "|j|\u2606Beestingaa\n|j|\u2606rkingulta\n|t:|1776345988\n|gametype|doubles\n|player|p1|Beestingaa|170|1170\n|player|p2|rkingulta|lucas|1118\n|gen|9\n|tier|[Gen 9 Champions] VGC 2026 Reg M-A\n|rated|\n|rule|Species Clause: Limit one of each Pok\u00e9mon\n|rule|Item Clause: Limit 1 of each item\n|clearpoke\n|poke|p1|Farigiraf, L50, M|\n|poke|p1|Golurk, L50|\n|poke|p1|Torkoal, L50, M|\n|poke|p1|Sneasler, L50, M|\n|poke|p1|Venusaur, L50, M|\n|poke|p1|Incineroar, L50, M|\n|poke|p2|Tyranitar, L50, F|\n|poke|p2|Excadrill, L50, M|\n|poke|p2|Rotom-Wash, L50|\n|poke|p2|Meganium, L50, F|\n|poke|p2|Aerodactyl, L50, M|\n|poke|p2|Kangaskhan, L50, F|\n|teampreview|4\n|inactive|Battle timer is ON: inactive players will automatically lose when time's up. (requested by rkingulta)\n|\n|t:|1776346078\n|teamsize|p1|4\n|teamsize|p2|4\n|start\n|switch|p1a: Golurk|Golurk, L50, shiny|100/100\n|switch|p1b: Venusaur|Venusaur, L50, M, shiny|100/100\n|switch|p2a: Tyranitar|Tyranitar, L50, F|100/100\n|switch|p2b: Excadrill|Excadrill, L50, M|100/100\n|-weather|Sandstorm|[from] ability: Sand Stream|[of] p2a: Tyranitar\n|turn|1\n|inactive|Beestingaa has 30 seconds left.\n|inactive|rkingulta has 30 seconds left.\n|inactive|Beestingaa has 20 seconds left.\n|inactive|Beestingaa has 15 seconds left.\n|inactive|Beestingaa has 10 seconds left.\n|\n|t:|1776346128\n|switch|p2b: Rotom|Rotom-Wash, L50|100/100\n|detailschange|p1a: Golurk|Golurk-Mega, L50, shiny\n|-mega|p1a: Golurk|Golurk|Golurkite\n|move|p1b: Venusaur|Protect|p1b: Venusaur\n|-singleturn|p1b: Venusaur|Protect\n|move|p1a: Golurk|Headlong Rush|p2a: Tyranitar\n|-supereffective|p2a: Tyranitar|1\n|-damage|p2a: Tyranitar|0 fnt\n|-unboost|p1a: Golurk|def|1\n|-unboost|p1a: Golurk|spd|1\n|faint|p2a: Tyranitar\n|\n|-weather|Sandstorm|[upkeep]\n|-damage|p2b: Rotom|95/100|[from] Sandstorm\n|-damage|p1b: Venusaur|95/100|[from] Sandstorm\n|upkeep\n|\n|t:|1776346146\n|switch|p2a: Kangaskhan|Kangaskhan, L50, F|100/100\n|turn|2\n|inactive|Beestingaa has 30 seconds left.\n|inactive|Beestingaa has 20 seconds left.\n|inactive|Beestingaa has 15 seconds left.\n|inactive|Beestingaa has 10 seconds left.\n|\n|t:|1776346195\n|switch|p1a: Farigiraf|Farigiraf, L50, M, shiny|100/100\n|detailschange|p2a: Kangaskhan|Kangaskhan-Mega, L50, F\n|-mega|p2a: Kangaskhan|Kangaskhan|Kangaskhanite\n|move|p2a: Kangaskhan|Fake Out||[still]\n|cant|p1a: Farigiraf|ability: Armor Tail|Fake Out|[of] p2a: Kangaskhan\n|move|p2b: Rotom|Will-O-Wisp|p1a: Farigiraf\n|-status|p1a: Farigiraf|brn\n|move|p1b: Venusaur|Sleep Powder|p2b: Rotom\n|-status|p2b: Rotom|slp|[from] move: Sleep Powder\n|\n|-weather|Sandstorm|[upkeep]\n|-damage|p2b: Rotom|89/100 slp|[from] Sandstorm\n|-damage|p2a: Kangaskhan|94/100|[from] Sandstorm\n|-damage|p1b: Venusaur|89/100|[from] Sandstorm\n|-damage|p1a: Farigiraf|95/100 brn|[from] Sandstorm\n|-damage|p1a: Farigiraf|89/100 brn|[from] brn\n|upkeep\n|turn|3\n|inactive|Beestingaa has 30 seconds left.\n|inactive|Beestingaa has 20 seconds left.\n|inactive|Beestingaa has 15 seconds left.\n|inactive|rkingulta has 30 seconds left.\n|inactive|Beestingaa has 10 seconds left.\n|inactive|Beestingaa has 5 seconds left.\n|\n|t:|1776346247\n|move|p1b: Venusaur|Protect|p1b: Venusaur\n|-singleturn|p1b: Venusaur|Protect\n|cant|p2b: Rotom|slp\n|move|p2a: Kangaskhan|Double-Edge|p1a: Farigiraf\n|-damage|p1a: Farigiraf|35/100 brn\n|-damage|p1a: Farigiraf|21/100 brn\n|-hitcount|p1a: Farigiraf|2\n|-damage|p2a: Kangaskhan|71/100|[from] Recoil\n|move|p1a: Farigiraf|Trick Room|p1a: Farigiraf\n|-fieldstart|move: Trick Room|[of] p1a: Farigiraf\n|\n|-weather|Sandstorm|[upkeep]\n|-damage|p1a: Farigiraf|15/100 brn|[from] Sandstorm\n|-damage|p1b: Venusaur|83/100|[from] Sandstorm\n|-damage|p2a: Kangaskhan|65/100|[from] Sandstorm\n|-damage|p2b: Rotom|84/100 slp|[from] Sandstorm\n|-damage|p1a: Farigiraf|9/100 brn|[from] brn\n|upkeep\n|turn|4\n|inactive|Beestingaa has 30 seconds left.\n|inactive|rkingulta has 30 seconds left.\n|inactive|Beestingaa has 20 seconds left.\n|inactive|Beestingaa has 15 seconds left.\n|inactive|rkingulta has 20 seconds left.\n|inactive|Beestingaa has 10 seconds left.\n|inactive|rkingulta has 15 seconds left.\n|inactive|Beestingaa has 5 seconds left.\n|\n|t:|1776346298\n|switch|p2a: Excadrill|Excadrill, L50, M|100/100\n|move|p1a: Farigiraf|Hyper Voice|p2a: Excadrill|[spread] p2a,p2b\n|-resisted|p2a: Excadrill|1\n|-damage|p2a: Excadrill|78/100\n|-damage|p2b: Rotom|49/100 slp\n|move|p1b: Venusaur|Giga Drain|p2b: Rotom\n|-supereffective|p2b: Rotom|1\n|-damage|p2b: Rotom|0 fnt\n|-heal|p1b: Venusaur|99/100|[from] drain|[of] p2b: Rotom\n|faint|p2b: Rotom\n|\n|-weather|Sandstorm|[upkeep]\n|-damage|p1a: Farigiraf|4/100 brn|[from] Sandstorm\n|-damage|p1b: Venusaur|94/100|[from] Sandstorm\n|-damage|p1a: Farigiraf|0 fnt|[from] brn\n|faint|p1a: Farigiraf\n|upkeep\n|\n|t:|1776346317\n|switch|p1a: Torkoal|Torkoal, L50, M|100/100\n|switch|p2b: Kangaskhan|Kangaskhan-Mega, L50, F|65/100\n|-weather|SunnyDay|[from] ability: Drought|[of] p1a: Torkoal\n|turn|5\n|\n|t:|1776346331\n|switch|p1b: Golurk|Golurk-Mega, L50, shiny|100/100\n|move|p1a: Torkoal|Protect|p1a: Torkoal\n|-singleturn|p1a: Torkoal|Protect\n|move|p2a: Excadrill|Protect|p2a: Excadrill\n|-singleturn|p2a: Excadrill|Protect\n|move|p2b: Kangaskhan|Fake Out|p1a: Torkoal\n|-activate|p1a: Torkoal|move: Protect\n|\n|-weather|SunnyDay|[upkeep]\n|upkeep\n|turn|6\n|\n|t:|1776346350\n|move|p2b: Kangaskhan|Sucker Punch|p1b: Golurk\n|-supereffective|p1b: Golurk|1\n|-damage|p1b: Golurk|52/100\n|-supereffective|p1b: Golurk|1\n|-damage|p1b: Golurk|42/100\n|-hitcount|p1b: Golurk|2\n|move|p1a: Torkoal|Eruption|p2a: Excadrill|[spread] p2a,p2b\n|-supereffective|p2a: Excadrill|1\n|-damage|p2a: Excadrill|0 fnt\n|-damage|p2b: Kangaskhan|0 fnt\n|faint|p2a: Excadrill\n|faint|p2b: Kangaskhan\n|\n|win|Beestingaa\n|raw|Beestingaa's rating: 1170 &rarr; <strong>1191</strong><br />(+21 for winning)\n|raw|rkingulta's rating: 1118 &rarr; <strong>1097</strong><br />(-21 for losing)\n|l|\u2606rkingulta\n|player|p2|\n|l|\u2606Beestingaa\n|player|p1|\n|j|\u2606Beestingaa\n|player|p1|Beestingaa|170|\n",
  "uploadtime": 1776346455,
  "views": 37,
  "formatid": "gen9championsvgc2026regma",
  "rating": 1097,
  "private": 0,
  "password": null
}