{
  "id": "gen9championsvgc2026regma-2586792192",
  "format": "[Gen 9 Champions] VGC 2026 Reg M-A",
  "players": [
    "Xernos123",
    "omgtisaiashw"
  ],
  "log": "|j|\u2606Xernos123\n|j|\u203domgtisaiashw\n|t:|1776460270\n|gametype|doubles\n|player|p1|Xernos123|1|1000\n|player|p2|omgtisaiashw|170|1000\n|gen|9\n|tier|[Gen 9 Champions] VGC 2026 Reg M-A\n|rated|\n|rule|Species Clause: Limit one of each Pok\u00e9mon\n|rule|Item Clause: Limit 1 of each item\n|clearpoke\n|poke|p1|Incineroar, L50, F|\n|poke|p1|Whimsicott, L50, F|\n|poke|p1|Floette-Eternal, L50, F|\n|poke|p1|Runerigus, L50, M|\n|poke|p1|Aerodactyl, L50, M|\n|poke|p1|Primarina, L50, M|\n|poke|p2|Dragonite, L50, M|\n|poke|p2|Excadrill, L50, M|\n|poke|p2|Emolga, L50, F|\n|poke|p2|Garchomp, L50, M|\n|poke|p2|Aggron, L50, F|\n|poke|p2|Hydreigon, L50, F|\n|teampreview|4\n|inactive|Battle timer is ON: inactive players will automatically lose when time's up. (requested by Xernos123)\nomgtisaiashw rejected open team sheets.\n|\n|t:|1776460295\n|teamsize|p1|4\n|teamsize|p2|4\n|start\n|switch|p1a: Incineroar|Incineroar, L50, F|100/100\n|switch|p1b: Primarina|Primarina, L50, M|100/100\n|switch|p2a: Excadrill|Excadrill, L50, M|100/100\n|switch|p2b: Dragonite|Dragonite, L50, M|100/100\n|-ability|p2a: Excadrill|Mold Breaker\n|-ability|p1a: Incineroar|Intimidate|boost\n|-unboost|p2a: Excadrill|atk|1\n|-unboost|p2b: Dragonite|atk|1\n|turn|1\n|inactive|omgtisaiashw has 30 seconds left.\n|\n|t:|1776460320\n|move|p2b: Dragonite|Protect|p2b: Dragonite\n|-singleturn|p2b: Dragonite|Protect\n|move|p1a: Incineroar|Fake Out|p2b: Dragonite\n|-activate|p2b: Dragonite|move: Protect\n|move|p2a: Excadrill|Earthquake|p1b: Primarina|[spread] p1a,p1b\n|-activate|p2b: Dragonite|move: Protect\n|-supereffective|p1a: Incineroar|1\n|-damage|p1a: Incineroar|53/100\n|-damage|p1b: Primarina|58/100\n|move|p1b: Primarina|Hyper Voice|p2a: Excadrill|[spread] p2a\n|-activate|p2b: Dragonite|move: Protect\n|-supereffective|p2a: Excadrill|1\n|-damage|p2a: Excadrill|11/100\n|\n|-heal|p1b: Primarina|64/100|[from] item: Leftovers\n|upkeep\n|turn|2\n|inactive|omgtisaiashw has 30 seconds left.\n|\n|t:|1776460346\n|move|p2a: Excadrill|Drill Run|p1a: Incineroar\n|-supereffective|p1a: Incineroar|1\n|-damage|p1a: Incineroar|0 fnt\n|faint|p1a: Incineroar\n|move|p2b: Dragonite|Blizzard|p1b: Primarina|[miss]\n|-miss|p2b: Dragonite|p1b: Primarina\n|move|p1b: Primarina|Moonblast|p2b: Dragonite\n|-supereffective|p2b: Dragonite|1\n|-damage|p2b: Dragonite|50/100\n|\n|-heal|p1b: Primarina|69/100|[from] item: Leftovers\n|upkeep\n|\n|t:|1776460357\n|switch|p1a: Floette|Floette-Eternal, L50, F|100/100\n|turn|3\n|\n|t:|1776460367\n|detailschange|p1a: Floette|Floette-Mega, L50, F\n|-mega|p1a: Floette|Floette|Floettite\n|-ability|p1a: Floette|Fairy Aura\n|move|p1a: Floette|Dazzling Gleam|p2a: Excadrill|[spread] p2a,p2b\n|-resisted|p2a: Excadrill|1\n|-supereffective|p2b: Dragonite|1\n|-damage|p2a: Excadrill|0 fnt\n|-damage|p2b: Dragonite|0 fnt\n|faint|p2a: Excadrill\n|faint|p2b: Dragonite\n|move|p1b: Primarina|Life Dew||[still]|[spread] p1a,p1b\n|-fail|p1a: Floette|heal\n|-heal|p1b: Primarina|94/100\n|\n|-heal|p1b: Primarina|99/100|[from] item: Leftovers\n|upkeep\n|\n|t:|1776460380\n|switch|p2a: Aggron|Aggron, L50, F|100/100\n|switch|p2b: Emolga|Emolga, L50, F|100/100\n|turn|4\n|\n|t:|1776460398\n|detailschange|p2a: Aggron|Aggron-Mega, L50, F\n|-mega|p2a: Aggron|Aggron|Aggronite\n|move|p2b: Emolga|Volt Switch|p1b: Primarina\n|-supereffective|p1b: Primarina|1\n|-damage|p1b: Primarina|65/100\n|move|p1a: Floette|Moonblast|p2b: Emolga\n|-enditem|p2b: Emolga|Focus Sash\n|-damage|p2b: Emolga|1/100\n|move|p1b: Primarina|Hyper Voice|p2a: Aggron|[spread] p2a,p2b\n|-damage|p2a: Aggron|64/100\n|-damage|p2b: Emolga|0 fnt\n|faint|p2b: Emolga\n|move|p2a: Aggron|Heavy Slam|p1a: Floette\n|-supereffective|p1a: Floette|1\n|-damage|p1a: Floette|0 fnt\n|faint|p1a: Floette\n|\n|-heal|p1b: Primarina|71/100|[from] item: Leftovers\n|upkeep\n|\n|t:|1776460412\n|switch|p1a: Runerigus|Runerigus, L50, M|100/100\n|turn|5\n|\n|t:|1776460419\n|move|p2a: Aggron|Protect|p2a: Aggron\n|-singleturn|p2a: Aggron|Protect\n|move|p1b: Primarina|Hyper Voice|p2a: Aggron\n|-activate|p2a: Aggron|move: Protect\n|move|p1a: Runerigus|Will-O-Wisp|p2a: Aggron\n|-activate|p2a: Aggron|move: Protect\n|\n|-heal|p1b: Primarina|77/100|[from] item: Leftovers\n|upkeep\n|turn|6\n|\n|t:|1776460430\n|move|p1b: Primarina|Hyper Voice|p2a: Aggron\n|-damage|p2a: Aggron|16/100\n|move|p2a: Aggron|Heavy Slam|p1b: Primarina\n|-damage|p1b: Primarina|0 fnt\n|faint|p1b: Primarina\n|move|p1a: Runerigus|Will-O-Wisp|p2a: Aggron\n|-status|p2a: Aggron|brn\n|\n|-damage|p2a: Aggron|10/100 brn|[from] brn\n|upkeep\n|turn|7\n|\n|t:|1776460452\n|move|p1a: Runerigus|Protect|p1a: Runerigus\n|-singleturn|p1a: Runerigus|Protect\n|move|p2a: Aggron|Heavy Slam|p1a: Runerigus\n|-activate|p1a: Runerigus|move: Protect\n|\n|-damage|p2a: Aggron|4/100 brn|[from] brn\n|upkeep\n|turn|8\n|\n|t:|1776460459\n|move|p1a: Runerigus|Protect|p1a: Runerigus\n|-singleturn|p1a: Runerigus|Protect\n|move|p2a: Aggron|Heavy Slam|p1a: Runerigus\n|-activate|p1a: Runerigus|move: Protect\n|\n|-damage|p2a: Aggron|0 fnt|[from] brn\n|faint|p2a: Aggron\n|\n|win|Xernos123\n|raw|Xernos123's rating: 1000 &rarr; <strong>1040</strong><br />(+40 for winning)\n|raw|omgtisaiashw's rating: 1000 &rarr; <strong>1000</strong><br />(+0 for losing)\n",
  "uploadtime": 1776460461,
  "views": 22,
  "formatid": "gen9championsvgc2026regma",
  "rating": 1000,
  "private": 0,
  "password": null
}