{
  "id": "gen9championsvgc2026regma-2580291987",
  "format": "[Gen 9 Champions] VGC 2026 Reg M-A",
  "players": [
    "Pyip",
    "tdanger44"
  ],
  "log": "|j|\u2606Pyip\n|j|\u2606tdanger44\n|t:|1775876648\n|gametype|doubles\n|player|p1|Pyip|pokekid|\n|player|p2|tdanger44|backersf|\n|gen|9\n|tier|[Gen 9 Champions] VGC 2026 Reg M-A\n|rated|Tournament battle\n|rule|Species Clause: Limit one of each Pok\u00e9mon\n|rule|Item Clause: Limit 1 of each item\n|clearpoke\n|poke|p1|Froslass, L50, F|\n|poke|p1|Palafin, L50, M|\n|poke|p1|Sneasler, L50, M|\n|poke|p1|Arcanine-Hisui, L50, M|\n|poke|p1|Kingambit, L50, M|\n|poke|p1|Clefable, L50, F|\n|poke|p2|Floette-Eternal, L50, F|\n|poke|p2|Talonflame, L50, F|\n|poke|p2|Pelipper, L50, M|\n|poke|p2|Tauros-Paldea-Blaze, L50, M|\n|poke|p2|Maushold, L50|\n|poke|p2|Sinistcha, L50|\n|teampreview|4\n|inactive|Battle timer is ON: inactive players will automatically lose when time's up. (requested by Pyip)\nPyip rejected open team sheets.\n|c|\u2606tdanger44|glhf\n|j| hershynt\n|c|\u2606Pyip|hf\n|j|@thacrow\n|c| hershynt|hi thacrow\n|inactive|Pyip has 60 seconds left.\n|inactive|tdanger44 has 60 seconds left.\n|inactive|Pyip has 30 seconds left.\n|inactive|tdanger44 has 30 seconds left.\n|c| hershynt|thacrow howre you feeling about the new reg?\n|inactive|Pyip has 20 seconds left.\n|\n|t:|1775876722\n|teamsize|p1|4\n|teamsize|p2|4\n|start\n|switch|p1a: Froslass|Froslass, L50, F, shiny|100/100\n|switch|p1b: Arcanine|Arcanine-Hisui, L50, M|100/100\n|switch|p2a: Talonflame|Talonflame, L50, F|100/100\n|switch|p2b: Maushold|Maushold, L50|100/100\n|-ability|p1b: Arcanine|Intimidate|boost\n|-unboost|p2a: Talonflame|atk|1\n|-unboost|p2b: Maushold|atk|1\n|turn|1\n|c| hershynt|im liking it quite a lot\n|inactive|tdanger44 has 30 seconds left.\n|j| merdico\n|inactive|tdanger44 has 20 seconds left.\n|j| Supreme Dirt\n|inactive|tdanger44 has 15 seconds left.\n|inactive|tdanger44 has 10 seconds left.\n|inactive|tdanger44 has 5 seconds left.\n|\n|t:|1775876774\n|detailschange|p1a: Froslass|Froslass-Mega, L50, F, shiny\n|-mega|p1a: Froslass|Froslass|Froslassite\n|-weather|Snowscape|[from] ability: Snow Warning|[of] p1a: Froslass\n|move|p2a: Talonflame|Protect|p2a: Talonflame\n|-singleturn|p2a: Talonflame|Protect\n|move|p2b: Maushold|Follow Me|p2b: Maushold\n|-singleturn|p2b: Maushold|move: Follow Me\n|move|p1a: Froslass|Aurora Veil|p1a: Froslass\n|-sidestart|p1: Pyip|move: Aurora Veil\n|move|p1b: Arcanine|Rock Slide|p2a: Talonflame|[spread] p2b\n|-activate|p2a: Talonflame|move: Protect\n|-damage|p2b: Maushold|60/100\n|\n|-weather|Snowscape|[upkeep]\n|upkeep\n|turn|2\n|c|\u2606tdanger44|oops\n|j| juleocesar\n|\n|t:|1775876797\n|move|p2b: Maushold|Protect|p2b: Maushold\n|-singleturn|p2b: Maushold|Protect\n|move|p2a: Talonflame|Tailwind|p2a: Talonflame\n|-sidestart|p2: tdanger44|move: Tailwind\n|move|p1a: Froslass|Blizzard|p2a: Talonflame|[spread] p2a\n|-activate|p2b: Maushold|move: Protect\n|-damage|p2a: Talonflame|57/100\n|move|p1b: Arcanine|Rock Slide|p2b: Maushold|[spread] p2a\n|-activate|p2b: Maushold|move: Protect\n|-supereffective|p2a: Talonflame|2\n|-damage|p2a: Talonflame|0 fnt\n|faint|p2a: Talonflame\n|\n|-weather|Snowscape|[upkeep]\n|upkeep\n|j| masterstef\n|\n|t:|1775876806\n|switch|p2a: Pelipper|Pelipper, L50, M|100/100\n|-weather|RainDance|[from] ability: Drizzle|[of] p2a: Pelipper\n|turn|3\n|l| masterstef\n|j| masterstef\n|\n|t:|1775876825\n|switch|p1a: Clefable|Clefable, L50, F, shiny|100/100\n|move|p2b: Maushold|Helping Hand|p2a: Pelipper\n|-singleturn|p2a: Pelipper|Helping Hand|[of] p2b: Maushold\n|move|p2a: Pelipper|Weather Ball|p1b: Arcanine\n|-supereffective|p1b: Arcanine|2\n|-enditem|p1b: Arcanine|Focus Sash\n|-damage|p1b: Arcanine|1/100\n|move|p1b: Arcanine|Rock Slide|p2b: Maushold|[spread] p2a,p2b\n|-supereffective|p2a: Pelipper|1\n|-damage|p2a: Pelipper|66/100\n|-damage|p2b: Maushold|23/100\n|-enditem|p2b: Maushold|Sitrus Berry|[eat]\n|-heal|p2b: Maushold|48/100|[from] item: Sitrus Berry\n|\n|-weather|RainDance|[upkeep]\n|upkeep\n|turn|4\n|l| masterstef\n|\n|t:|1775876849\n|move|p1a: Clefable|Follow Me|p1a: Clefable\n|-singleturn|p1a: Clefable|move: Follow Me\n|move|p2b: Maushold|Population Bomb|p1a: Clefable\n|-damage|p1a: Clefable|98/100\n|-damage|p1a: Clefable|95/100\n|-hitcount|p1a: Clefable|2\n|move|p2a: Pelipper|Weather Ball|p1a: Clefable\n|-damage|p1a: Clefable|59/100\n|move|p1b: Arcanine|Rock Slide|p2a: Pelipper|[spread] p2a,p2b\n|-supereffective|p2a: Pelipper|1\n|-damage|p2a: Pelipper|33/100\n|-damage|p2b: Maushold|10/100\n|\n|-weather|RainDance|[upkeep]\n|upkeep\n|turn|5\n|inactive|Pyip has 30 seconds left.\n|\n|t:|1775876880\n|switch|p2b: Floette|Floette-Eternal, L50, F|100/100\n|move|p1a: Clefable|Helping Hand|p1b: Arcanine\n|-singleturn|p1b: Arcanine|Helping Hand|[of] p1a: Clefable\n|move|p2a: Pelipper|Wide Guard|p2a: Pelipper\n|-singleturn|p2a: Pelipper|Wide Guard\n|move|p1b: Arcanine|Extreme Speed|p2a: Pelipper\n|-damage|p2a: Pelipper|0 fnt\n|faint|p2a: Pelipper\n|\n|-weather|RainDance|[upkeep]\n|-sideend|p2: tdanger44|move: Tailwind\n|-sideend|p1: Pyip|move: Aurora Veil\n|upkeep\n|\n|t:|1775876890\n|switch|p2a: Maushold|Maushold, L50|10/100\n|turn|6\n|j| Mircat222\n|j| TheGuyWithACloak\n|l| TheGuyWithACloak\n|inactive|Pyip has 30 seconds left.\n|\n|t:|1775876915\n|detailschange|p2b: Floette|Floette-Mega, L50, F\n|-mega|p2b: Floette|Floette|Floettite\n|-ability|p2b: Floette|Fairy Aura\n|move|p2a: Maushold|Follow Me|p2a: Maushold\n|-singleturn|p2a: Maushold|move: Follow Me\n|move|p1b: Arcanine|Extreme Speed|p2a: Maushold\n|-damage|p2a: Maushold|0 fnt\n|faint|p2a: Maushold\n|move|p2b: Floette|Dazzling Gleam|p1a: Clefable|[spread] p1a,p1b\n|-resisted|p1b: Arcanine|1\n|-damage|p1a: Clefable|14/100\n|-damage|p1b: Arcanine|0 fnt\n|-enditem|p1a: Clefable|Sitrus Berry|[eat]\n|-heal|p1a: Clefable|39/100|[from] item: Sitrus Berry\n|faint|p1b: Arcanine\n|move|p1a: Clefable|Moonblast|p2b: Floette\n|-damage|p2b: Floette|62/100\n|\n|-weather|RainDance|[upkeep]\n|upkeep\n|j|#DaWoblefet\n|l| Mircat222\n|l|#DaWoblefet\n|\n|t:|1775876931\n|switch|p1b: Sneasler|Sneasler, L50, M|100/100\n|turn|7\n|j| sroms\n|\n|t:|1775876941\n|move|p1b: Sneasler|Dire Claw|p2b: Floette\n|-supereffective|p2b: Floette|1\n|-damage|p2b: Floette|0 fnt\n|faint|p2b: Floette\n|\n|win|Pyip\n|n|\u2606Pyip|pyip\n|n|\u2606tdanger44|tdanger44\n|n| hershynt|hershynt\n|n| thacrow|thacrow\n|n| merdico|merdico\n|n| Supreme Dirt|supremedirt\n|n| juleocesar|juleocesar\n|n| sroms|sroms\n|l| thacrow\n|c|\u2606Pyip|gg\n",
  "uploadtime": 1775876947,
  "views": 24,
  "formatid": "gen9championsvgc2026regma",
  "rating": null,
  "private": 0,
  "password": null
}