{
  "id": "gen9championsvgc2026regma-2585019311",
  "format": "[Gen 9 Champions] VGC 2026 Reg M-A",
  "players": [
    "pokemonyoyoplayer",
    "PresidentOTogekiss"
  ],
  "log": "|j|\u2606pokemonyoyoplayer\n|j|\u2606PresidentOTogekiss\n|t:|1776303895\n|gametype|doubles\n|player|p1|pokemonyoyoplayer|101|1493\n|player|p2|PresidentOTogekiss|102|1519\n|gen|9\n|tier|[Gen 9 Champions] VGC 2026 Reg M-A\n|rated|\n|rule|Species Clause: Limit one of each Pok\u00e9mon\n|rule|Item Clause: Limit 1 of each item\n|clearpoke\n|poke|p1|Sneasler, L50, F|\n|poke|p1|Kingambit, L50, F|\n|poke|p1|Aerodactyl, L50, M|\n|poke|p1|Gardevoir, L50, M|\n|poke|p1|Incineroar, L50, F|\n|poke|p1|Sinistcha, L50|\n|poke|p2|Floette-Eternal, L50, F|\n|poke|p2|Sableye, L50, M|\n|poke|p2|Sinistcha, L50|\n|poke|p2|Espathra, L50, F|\n|poke|p2|Milotic, L50, F|\n|poke|p2|Froslass, L50, F|\n|teampreview|4\n|j| jeskyv2\n|\n|t:|1776303957\n|teamsize|p1|4\n|teamsize|p2|4\n|start\n|switch|p1a: Gardevoir|Gardevoir, L50, M|100/100\n|switch|p1b: Sneasler|Sneasler, L50, F|100/100\n|switch|p2a: Floette|Floette-Eternal, L50, F|100/100\n|switch|p2b: Sableye|Sableye, L50, M, shiny|100/100\n|-ability|p1a: Gardevoir|Flower Veil|Trace|[from] ability: Trace|[of] p2a: Floette\n|turn|1\n|\n|t:|1776304018\n|switch|p1b: Kingambit|Kingambit, L50, F|100/100\n|switch|p2a: Sinistcha|Sinistcha, L50|100/100\n|detailschange|p1a: Gardevoir|Gardevoir-Mega, L50, M\n|-mega|p1a: Gardevoir|Gardevoir|Gardevoirite\n|move|p2b: Sableye|Fake Out|p1a: Gardevoir\n|-damage|p1a: Gardevoir|90/100\n|cant|p1a: Gardevoir|flinch\n|\n|upkeep\n|turn|2\n|\n|t:|1776304039\n|switch|p1b: Sinistcha|Sinistcha, L50|100/100\n|-heal|p1a: Gardevoir|100/100|[from] ability: Hospitality|[of] p1b: Sinistcha\n|switch|p2b: Espathra|Espathra, L50, F|100/100\n|move|p1a: Gardevoir|Hyper Voice|p2a: Sinistcha|[spread] p2a,p2b\n|-damage|p2a: Sinistcha|33/100\n|-damage|p2b: Espathra|17/100\n|move|p2a: Sinistcha|Stun Spore|p1a: Gardevoir\n|-status|p1a: Gardevoir|par\n|\n|upkeep\n|turn|3\n|inactive|Battle timer is ON: inactive players will automatically lose when time's up. (requested by PresidentOTogekiss)\n|j| Leleholic\n|\n|t:|1776304080\n|switch|p1b: Kingambit|Kingambit, L50, F|100/100\n|move|p2b: Espathra|Lumina Crash|p1a: Gardevoir\n|-resisted|p1a: Gardevoir|1\n|-damage|p1a: Gardevoir|84/100 par\n|-unboost|p1a: Gardevoir|spd|2\n|move|p2a: Sinistcha|Matcha Gotcha|p1b: Kingambit|[spread] p1a,p1b\n|-crit|p1a: Gardevoir\n|-resisted|p1b: Kingambit|1\n|-damage|p1a: Gardevoir|16/100 par\n|-heal|p2a: Sinistcha|63/100|[from] drain|[of] p1a: Gardevoir\n|-damage|p1b: Kingambit|89/100\n|-heal|p2a: Sinistcha|70/100|[from] drain|[of] p1b: Kingambit\n|cant|p1a: Gardevoir|par\n|\n|-ability|p2b: Espathra|Speed Boost|boost\n|-boost|p2b: Espathra|spe|1\n|upkeep\n|turn|4\n|inactive|pokemonyoyoplayer has 30 seconds left.\n|inactive|pokemonyoyoplayer has 20 seconds left.\n|\n|t:|1776304116\n|move|p2b: Espathra|Ally Switch|p2b: Espathra\n|swap|p2b: Espathra|0|[from] move: Ally Switch\n|move|p2b: Sinistcha|Matcha Gotcha|p1a: Gardevoir|[spread] p1a,p1b\n|-resisted|p1b: Kingambit|1\n|-damage|p1a: Gardevoir|0 fnt\n|-heal|p2b: Sinistcha|77/100|[from] drain|[of] p1a: Gardevoir\n|-damage|p1b: Kingambit|76/100\n|-heal|p2b: Sinistcha|85/100|[from] drain|[of] p1b: Kingambit\n|faint|p1a: Gardevoir\n|move|p1b: Kingambit|Kowtow Cleave|p2a: Espathra\n|-supereffective|p2a: Espathra|1\n|-damage|p2a: Espathra|0 fnt\n|faint|p2a: Espathra\n|\n|upkeep\n|inactive|pokemonyoyoplayer has 30 seconds left.\n|\n|t:|1776304144\n|switch|p2a: Floette|Floette-Eternal, L50, F|100/100\n|switch|p1a: Sinistcha|Sinistcha, L50|100/100\n|-heal|p1b: Kingambit|100/100|[from] ability: Hospitality|[of] p1a: Sinistcha\n|turn|5\n|\n|t:|1776304167\n|detailschange|p2a: Floette|Floette-Mega, L50, F\n|-mega|p2a: Floette|Floette|Floettite\n|-ability|p2a: Floette|Fairy Aura\n|move|p2b: Sinistcha|Rage Powder|p2b: Sinistcha\n|-singleturn|p2b: Sinistcha|move: Rage Powder\n|move|p2a: Floette|Calm Mind|p2a: Floette\n|-boost|p2a: Floette|spa|1\n|-boost|p2a: Floette|spd|1\n|move|p1b: Kingambit|Kowtow Cleave|p2b: Sinistcha\n|-supereffective|p2b: Sinistcha|1\n|-enditem|p2b: Sinistcha|Colbur Berry|[eat]\n|-enditem|p2b: Sinistcha|Colbur Berry|[weaken]\n|-damage|p2b: Sinistcha|40/100\n|move|p1a: Sinistcha|Trick Room|p1a: Sinistcha\n|-fieldstart|move: Trick Room|[of] p1a: Sinistcha\n|\n|upkeep\n|turn|6\n|inactive|PresidentOTogekiss has 30 seconds left.\n|inactive|pokemonyoyoplayer has 30 seconds left.\n|inactive|PresidentOTogekiss has 20 seconds left.\n|inactive|PresidentOTogekiss has 15 seconds left.\n|inactive|pokemonyoyoplayer has 20 seconds left.\n|\n|t:|1776304224\n|switch|p2b: Sableye|Sableye, L50, M, shiny|100/100\n|move|p2a: Floette|Protect|p2a: Floette\n|-singleturn|p2a: Floette|Protect\n|move|p1a: Sinistcha|Rage Powder|p1a: Sinistcha\n|-singleturn|p1a: Sinistcha|move: Rage Powder\n|move|p1b: Kingambit|Kowtow Cleave|p2b: Sableye\n|-damage|p2b: Sableye|45/100\n|\n|upkeep\n|turn|7\n|inactive|pokemonyoyoplayer has 30 seconds left.\n|\n|t:|1776304255\n|move|p1b: Kingambit|Protect|p1b: Kingambit\n|-singleturn|p1b: Kingambit|Protect\n|move|p2b: Sableye|Fake Out|p1b: Kingambit\n|-activate|p1b: Kingambit|move: Protect\n|move|p1a: Sinistcha|Rage Powder|p1a: Sinistcha\n|-singleturn|p1a: Sinistcha|move: Rage Powder\n|move|p2a: Floette|Dazzling Gleam|p1b: Kingambit|[spread] p1a\n|-activate|p1b: Kingambit|move: Protect\n|-damage|p1a: Sinistcha|25/100\n|-enditem|p1a: Sinistcha|Sitrus Berry|[eat]\n|-heal|p1a: Sinistcha|49/100|[from] item: Sitrus Berry\n|\n|upkeep\n|turn|8\n|inactive|pokemonyoyoplayer has 30 seconds left.\n|inactive|pokemonyoyoplayer has 20 seconds left.\n|inactive|pokemonyoyoplayer has 15 seconds left.\n|inactive|pokemonyoyoplayer has 10 seconds left.\n|inactive|pokemonyoyoplayer has 5 seconds left.\n|\n|t:|1776304307\n|switch|p2b: Sinistcha|Sinistcha, L50|40/100\n|move|p2a: Floette|Protect|p2a: Floette\n|-singleturn|p2a: Floette|Protect\n|move|p1a: Sinistcha|Rage Powder|p1a: Sinistcha\n|-singleturn|p1a: Sinistcha|move: Rage Powder\n|move|p1b: Kingambit|Kowtow Cleave|p2b: Sinistcha\n|-supereffective|p2b: Sinistcha|1\n|-damage|p2b: Sinistcha|0 fnt\n|faint|p2b: Sinistcha\n|\n|upkeep\n|inactive|PresidentOTogekiss has 30 seconds left.\n|inactive|PresidentOTogekiss has 20 seconds left.\n|\n|t:|1776304343\n|switch|p2b: Sableye|Sableye, L50, M, shiny|45/100\n|turn|9\n|inactive|pokemonyoyoplayer has 30 seconds left.\n|j| trisew\n|inactive|pokemonyoyoplayer has 20 seconds left.\n|\n|t:|1776304382\n|move|p2b: Sableye|Fake Out|p1b: Kingambit\n|-resisted|p1b: Kingambit|1\n|-damage|p1b: Kingambit|98/100\n|move|p1a: Sinistcha|Rage Powder|p1a: Sinistcha\n|-singleturn|p1a: Sinistcha|move: Rage Powder\n|cant|p1b: Kingambit|flinch\n|move|p2a: Floette|Dazzling Gleam|p1a: Sinistcha|[spread] p1a,p1b\n|-damage|p1a: Sinistcha|0 fnt\n|-damage|p1b: Kingambit|19/100\n|faint|p1a: Sinistcha\n|\n|-fieldend|move: Trick Room\n|upkeep\n|\n|t:|1776304394\n|switch|p1a: Sneasler|Sneasler, L50, F|100/100\n|turn|10\n|inactive|PresidentOTogekiss has 30 seconds left.\n|\n|t:|1776304420\n|move|p1a: Sneasler|Fake Out|p2a: Floette\n|-damage|p2a: Floette|86/100\n|move|p2b: Sableye|Will-O-Wisp|p1a: Sneasler\n|-status|p1a: Sneasler|brn\n|cant|p2a: Floette|flinch\n|move|p1b: Kingambit|Kowtow Cleave|p2b: Sableye\n|-damage|p2b: Sableye|0 fnt\n|faint|p2b: Sableye\n|\n|-damage|p1a: Sneasler|95/100 brn|[from] brn\n|upkeep\n|turn|11\n|\n|t:|1776304439\n|move|p1b: Kingambit|Sucker Punch|p2a: Floette\n|-resisted|p2a: Floette|1\n|-damage|p2a: Floette|58/100\n|move|p1a: Sneasler|Dire Claw|p2a: Floette\n|-supereffective|p2a: Floette|1\n|-damage|p2a: Floette|16/100\n|-status|p2a: Floette|psn\n|move|p2a: Floette|Dazzling Gleam|p1a: Sneasler|[spread] p1a,p1b\n|-damage|p1a: Sneasler|0 fnt\n|-damage|p1b: Kingambit|0 fnt\n|faint|p1a: Sneasler\n|faint|p1b: Kingambit\n|\n|win|PresidentOTogekiss\n|raw|pokemonyoyoplayer's rating: 1493 &rarr; <strong>1474</strong><br />(-19 for losing)\n|raw|PresidentOTogekiss's rating: 1519 &rarr; <strong>1538</strong><br />(+19 for winning)\n|l|\u2606PresidentOTogekiss\n|player|p2|\n|l| trisew\n",
  "uploadtime": 1776304453,
  "views": 50,
  "formatid": "gen9championsvgc2026regma",
  "rating": 1474,
  "private": 0,
  "password": null
}