{
  "id": "gen9championsvgc2026regma-2582487154",
  "format": "[Gen 9 Champions] VGC 2026 Reg M-A",
  "players": [
    "KinimaP",
    "animluna"
  ],
  "log": "|j|\u2606KinimaP\n|j|\u2606animluna\n|t:|1776094829\n|gametype|doubles\n|player|p1|KinimaP|169|1196\n|player|p2|animluna|doctor|1289\n|gen|9\n|tier|[Gen 9 Champions] VGC 2026 Reg M-A\n|rated|\n|rule|Species Clause: Limit one of each Pok\u00e9mon\n|rule|Item Clause: Limit 1 of each item\n|clearpoke\n|poke|p1|Floette-Eternal, L50, F|\n|poke|p1|Talonflame, L50, M|\n|poke|p1|Basculegion, L50, M|\n|poke|p1|Garchomp, L50, F|\n|poke|p1|Maushold-Four, L50|\n|poke|p1|Kingambit, L50, M|\n|poke|p2|Sneasler, L50, M|\n|poke|p2|Whimsicott, L50, M|\n|poke|p2|Gardevoir, L50, M|\n|poke|p2|Tyranitar, L50, M|\n|poke|p2|Rotom-Wash, L50|\n|poke|p2|Kingambit, L50, M|\n|teampreview|4\n|\n|t:|1776094854\n|teamsize|p1|4\n|teamsize|p2|4\n|start\n|switch|p1a: Maushold|Maushold-Four, L50|100/100\n|switch|p1b: Floette|Floette-Eternal, L50, F|100/100\n|switch|p2a: Snisler|Sneasler, L50, M|100/100\n|switch|p2b: Kingembit|Kingambit, L50, M|100/100\n|turn|1\n|\n|t:|1776094890\n|move|p1a: Maushold|Protect|p1a: Maushold\n|-singleturn|p1a: Maushold|Protect\n|move|p1b: Floette|Protect|p1b: Floette\n|-singleturn|p1b: Floette|Protect\n|move|p2a: Snisler|Taunt|p1a: Maushold\n|-activate|p1a: Maushold|move: Protect\n|move|p2b: Kingembit|Iron Head|p1b: Floette\n|-activate|p1b: Floette|move: Protect\n|\n|upkeep\n|turn|2\n|\n|t:|1776094909\n|detailschange|p1b: Floette|Floette-Mega, L50, F\n|-mega|p1b: Floette|Floette|Floettite\n|-ability|p1b: Floette|Fairy Aura\n|move|p1a: Maushold|Follow Me|p1a: Maushold\n|-singleturn|p1a: Maushold|move: Follow Me\n|move|p2a: Snisler|Taunt|p1a: Maushold\n|-start|p1a: Maushold|move: Taunt\n|move|p1b: Floette|Moonblast|p2a: Snisler\n|-enditem|p2a: Snisler|Focus Sash\n|-damage|p2a: Snisler|1/100\n|move|p2b: Kingembit|Iron Head|p1a: Maushold\n|-damage|p1a: Maushold|42/100\n|\n|upkeep\n|turn|3\n|\n|t:|1776094935\n|move|p1a: Maushold|Feint|p2a: Snisler\n|-damage|p2a: Snisler|0 fnt\n|faint|p2a: Snisler\n|move|p2b: Kingembit|Sucker Punch|p1b: Floette\n|-resisted|p1b: Floette|1\n|-damage|p1b: Floette|81/100\n|move|p1b: Floette|Moonblast|p2b: Kingembit\n|-damage|p2b: Kingembit|17/100\n|\n|upkeep\n|\n|t:|1776094943\n|switch|p2a: Gardevuar|Gardevoir, L50, M, shiny|100/100\n|-ability|p2a: Gardevuar|Friend Guard|Trace|[from] ability: Trace|[of] p1a: Maushold\n|turn|4\n|\n|t:|1776094959\n|detailschange|p2a: Gardevuar|Gardevoir-Mega, L50, M, shiny\n|-mega|p2a: Gardevuar|Gardevoir|Gardevoirite\n|move|p2b: Kingembit|Protect|p2b: Kingembit\n|-singleturn|p2b: Kingembit|Protect\n|move|p1a: Maushold|Super Fang|p2a: Gardevuar\n|-damage|p2a: Gardevuar|50/100\n|move|p1b: Floette|Dazzling Gleam|p2a: Gardevuar|[spread] p2a\n|-activate|p2b: Kingembit|move: Protect\n|-damage|p2a: Gardevuar|9/100\n|move|p2a: Gardevuar|Trick Room|p2a: Gardevuar\n|-fieldstart|move: Trick Room|[of] p2a: Gardevuar\n|\n|upkeep\n|turn|5\n|\n|t:|1776094979\n|move|p1b: Floette|Protect|p1b: Floette\n|-singleturn|p1b: Floette|Protect\n|move|p1a: Maushold|Feint|p2a: Gardevuar\n|-damage|p2a: Gardevuar|0 fnt\n|faint|p2a: Gardevuar\n|move|p2b: Kingembit|Iron Head|p1b: Floette\n|-activate|p1b: Floette|move: Protect\n|\n|-end|p1a: Maushold|move: Taunt\n|upkeep\n|\n|t:|1776094988\n|switch|p2a: Whimsicott|Whimsicott, L50, M, shiny|100/100\n|turn|6\n|\n|t:|1776094996\n|move|p2b: Kingembit|Protect|p2b: Kingembit\n|-singleturn|p2b: Kingembit|Protect\n|move|p1a: Maushold|Follow Me|p1a: Maushold\n|-singleturn|p1a: Maushold|move: Follow Me\n|move|p2a: Whimsicott|Taunt|p1a: Maushold\n|-start|p1a: Maushold|move: Taunt\n|move|p1b: Floette|Dazzling Gleam|p2b: Kingembit|[spread] p2a\n|-activate|p2b: Kingembit|move: Protect\n|-damage|p2a: Whimsicott|32/100\n|\n|upkeep\n|turn|7\n|\n|t:|1776095016\n|move|p1b: Floette|Protect|p1b: Floette\n|-singleturn|p1b: Floette|Protect\n|move|p1a: Maushold|Feint|p2a: Whimsicott\n|-damage|p2a: Whimsicott|22/100\n|move|p2a: Whimsicott|Encore|p1a: Maushold\n|-start|p1a: Maushold|Encore\n|move|p2b: Kingembit|Iron Head|p1b: Floette\n|-activate|p1b: Floette|move: Protect\n|\n|upkeep\n|turn|8\n|\n|t:|1776095028\n|switch|p1b: Kingambit|Kingambit, L50, M|100/100\n|move|p1a: Maushold|Feint|p2a: Whimsicott\n|-damage|p2a: Whimsicott|12/100\n|move|p2a: Whimsicott|Encore|p1b: Kingambit\n|-hint|Since gen 7, Dark is immune to Prankster moves.\n|-immune|p1b: Kingambit\n|move|p2b: Kingembit|Iron Head|p1a: Maushold\n|-crit|p1a: Maushold\n|-damage|p1a: Maushold|0 fnt\n|faint|p1a: Maushold\n|\n|-fieldend|move: Trick Room\n|upkeep\n|-message|animluna forfeited.\n|\n|win|KinimaP\n|raw|KinimaP's rating: 1196 &rarr; <strong>1228</strong><br />(+32 for winning)\n|raw|animluna's rating: 1289 &rarr; <strong>1257</strong><br />(-32 for losing)\n|l|\u2606animluna\n|player|p2|\n",
  "uploadtime": 1776095050,
  "views": 37,
  "formatid": "gen9championsvgc2026regma",
  "rating": 1228,
  "private": 0,
  "password": null
}