{
  "id": "gen9championsvgc2026regma-2582376548",
  "format": "[Gen 9 Champions] VGC 2026 Reg M-A",
  "players": [
    "Niko highway",
    "Lord Golden"
  ],
  "log": "|j|\u2606Niko highway\n|j|\u2606Lord Golden\n|t:|1776087522\n|gametype|doubles\n|player|p1|Niko highway|169|1342\n|player|p2|Lord Golden|aaron|1285\n|gen|9\n|tier|[Gen 9 Champions] VGC 2026 Reg M-A\n|rated|\n|rule|Species Clause: Limit one of each Pok\u00e9mon\n|rule|Item Clause: Limit 1 of each item\n|clearpoke\n|poke|p1|Incineroar, L50, M|\n|poke|p1|Conkeldurr, L50, F|\n|poke|p1|Sinistcha, L50|\n|poke|p1|Cofagrigus, L50, M|\n|poke|p1|Drampa, L50, F|\n|poke|p1|Aggron, L50, F|\n|poke|p2|Aerodactyl, L50, M|\n|poke|p2|Gardevoir, L50, F|\n|poke|p2|Rotom-Heat, L50|\n|poke|p2|Garchomp, L50, F|\n|poke|p2|Aegislash, L50, M|\n|poke|p2|Milotic, L50, M|\n|teampreview|4\n|inactive|Battle timer is ON: inactive players will automatically lose when time's up. (requested by Niko highway)\n|\n|t:|1776087590\n|teamsize|p1|4\n|teamsize|p2|4\n|start\n|switch|p1a: Conkeldurr|Conkeldurr, L50, F|100/100\n|switch|p1b: Cofagrigus|Cofagrigus, L50, M|100/100\n|switch|p2a: Aegislash|Aegislash, L50, M|100/100\n|switch|p2b: Milotic|Milotic, L50, M|100/100\n|turn|1\n|\n|t:|1776087605\n|switch|p1b: Aggron|Aggron, L50, F|100/100\n|move|p2b: Milotic|Scald|p1b: Aggron\n|-supereffective|p1b: Aggron|1\n|-damage|p1b: Aggron|42/100\n|-status|p1b: Aggron|brn\n|-formechange|p2a: Aegislash|Aegislash-Blade|\n|move|p2a: Aegislash|Poltergeist|p1b: Aggron\n|-activate|p1b: Aggron|move: Poltergeist|Aggronite\n|-damage|p1b: Aggron|6/100 brn\n|move|p1a: Conkeldurr|Knock Off|p2a: Aegislash\n|-supereffective|p2a: Aegislash|1\n|-damage|p2a: Aegislash|0 fnt\n|-enditem|p2a: Aegislash|Sitrus Berry|[from] move: Knock Off|[of] p1a: Conkeldurr\n|faint|p2a: Aegislash\n|\n|-damage|p1b: Aggron|0 fnt|[from] brn\n|faint|p1b: Aggron\n|upkeep\n|\n|t:|1776087623\n|switch|p2a: Aerodactyl|Aerodactyl, L50, M|100/100\n|switch|p1b: Cofagrigus|Cofagrigus, L50, M|100/100\n|-ability|p2a: Aerodactyl|Unnerve\n|turn|2\n|\n|t:|1776087637\n|detailschange|p2a: Aerodactyl|Aerodactyl-Mega, L50, M\n|-mega|p2a: Aerodactyl|Aerodactyl|Aerodactylite\n|move|p1a: Conkeldurr|Wide Guard|p1a: Conkeldurr\n|-singleturn|p1a: Conkeldurr|Wide Guard\n|move|p2a: Aerodactyl|Rock Slide|p1a: Conkeldurr|[spread] \n|-activate|p1a: Conkeldurr|move: Wide Guard\n|-activate|p1b: Cofagrigus|move: Wide Guard\n|move|p2b: Milotic|Scald|p1b: Cofagrigus\n|-damage|p1b: Cofagrigus|74/100\n|move|p1b: Cofagrigus|Trick Room|p1b: Cofagrigus\n|-fieldstart|move: Trick Room|[of] p1b: Cofagrigus\n|\n|-heal|p1b: Cofagrigus|80/100|[from] item: Leftovers\n|upkeep\n|turn|3\n|\n|t:|1776087661\n|move|p2a: Aerodactyl|Protect|p2a: Aerodactyl\n|-singleturn|p2a: Aerodactyl|Protect\n|move|p1b: Cofagrigus|Will-O-Wisp|p2a: Aerodactyl\n|-activate|p2a: Aerodactyl|move: Protect\n|move|p1a: Conkeldurr|Knock Off|p2b: Milotic\n|-damage|p2b: Milotic|66/100\n|-enditem|p2b: Milotic|Leftovers|[from] move: Knock Off|[of] p1a: Conkeldurr\n|move|p2b: Milotic|Scald|p1b: Cofagrigus\n|-damage|p1b: Cofagrigus|55/100\n|\n|-heal|p1b: Cofagrigus|62/100|[from] item: Leftovers\n|upkeep\n|turn|4\n|\n|t:|1776087678\n|switch|p2a: Rotom|Rotom-Heat, L50|100/100\n|move|p1b: Cofagrigus|Shadow Ball|p2a: Rotom\n|-damage|p2a: Rotom|60/100\n|move|p1a: Conkeldurr|Drain Punch|p2a: Rotom\n|-damage|p2a: Rotom|0 fnt\n|faint|p2a: Rotom\n|move|p2b: Milotic|Life Dew|p2b: Milotic\n|-heal|p2b: Milotic|92/100\n|\n|-heal|p1b: Cofagrigus|68/100|[from] item: Leftovers\n|upkeep\n|\n|t:|1776087689\n|switch|p2a: Aerodactyl|Aerodactyl-Mega, L50, M|100/100\n|turn|5\n|\n|t:|1776087698\n|move|p1b: Cofagrigus|Will-O-Wisp|p2a: Aerodactyl\n|-status|p2a: Aerodactyl|brn\n|move|p1a: Conkeldurr|Drain Punch|p2b: Milotic\n|-damage|p2b: Milotic|37/100\n|move|p2b: Milotic|Scald|p1b: Cofagrigus\n|-damage|p1b: Cofagrigus|39/100\n|-status|p1b: Cofagrigus|brn\n|move|p2a: Aerodactyl|Dual Wingbeat|p1a: Conkeldurr\n|-supereffective|p1a: Conkeldurr|1\n|-damage|p1a: Conkeldurr|75/100\n|-supereffective|p1a: Conkeldurr|1\n|-damage|p1a: Conkeldurr|52/100\n|-hitcount|p1a: Conkeldurr|2\n|\n|-heal|p1b: Cofagrigus|45/100 brn|[from] item: Leftovers\n|-damage|p1b: Cofagrigus|39/100 brn|[from] brn\n|-damage|p2a: Aerodactyl|95/100 brn|[from] brn\n|upkeep\n|turn|6\n|\n|t:|1776087711\n|move|p2b: Milotic|Protect|p2b: Milotic\n|-singleturn|p2b: Milotic|Protect\n|move|p2a: Aerodactyl|Protect|p2a: Aerodactyl\n|-singleturn|p2a: Aerodactyl|Protect\n|move|p1b: Cofagrigus|Shadow Ball|p2b: Milotic\n|-activate|p2b: Milotic|move: Protect\n|move|p1a: Conkeldurr|Drain Punch|p2b: Milotic\n|-activate|p2b: Milotic|move: Protect\n|\n|-heal|p1b: Cofagrigus|45/100 brn|[from] item: Leftovers\n|-damage|p1b: Cofagrigus|39/100 brn|[from] brn\n|-damage|p2a: Aerodactyl|89/100 brn|[from] brn\n|-fieldend|move: Trick Room\n|upkeep\n|turn|7\n|\n|t:|1776087718\n|move|p2a: Aerodactyl|Dual Wingbeat|p1a: Conkeldurr|[miss]\n|-miss|p2a: Aerodactyl|p1a: Conkeldurr\n|move|p2b: Milotic|Life Dew|p2b: Milotic|[spread] p2a,p2b\n|-heal|p2a: Aerodactyl|100/100 brn\n|-heal|p2b: Milotic|62/100\n|move|p1a: Conkeldurr|Drain Punch|p2b: Milotic\n|-damage|p2b: Milotic|6/100\n|-heal|p1a: Conkeldurr|78/100|[from] drain|[of] p2b: Milotic\n|move|p1b: Cofagrigus|Trick Room|p1b: Cofagrigus\n|-fieldstart|move: Trick Room|[of] p1b: Cofagrigus\n|\n|-heal|p1b: Cofagrigus|45/100 brn|[from] item: Leftovers\n|-damage|p1b: Cofagrigus|39/100 brn|[from] brn\n|-damage|p2a: Aerodactyl|95/100 brn|[from] brn\n|upkeep\n|turn|8\n|-message|Lord Golden forfeited.\n|\n|win|Niko highway\n|raw|Niko highway's rating: 1342 &rarr; <strong>1359</strong><br />(+17 for winning)\n|raw|Lord Golden's rating: 1285 &rarr; <strong>1264</strong><br />(-21 for losing)\n|l|\u2606Lord Golden\n|player|p2|\n",
  "uploadtime": 1776087730,
  "views": 55,
  "formatid": "gen9championsvgc2026regma",
  "rating": 1264,
  "private": 0,
  "password": null
}