{
  "id": "gen9championsvgc2026regma-2585549173",
  "format": "[Gen 9 Champions] VGC 2026 Reg M-A",
  "players": [
    "bregunda",
    "coo1kid"
  ],
  "log": "|j|\u2606bregunda\n|j|\u2606coo1kid\n|t:|1776354840\n|gametype|doubles\n|player|p1|bregunda|chuck|1165\n|player|p2|coo1kid|hilbert|1152\n|gen|9\n|tier|[Gen 9 Champions] VGC 2026 Reg M-A\n|rated|\n|rule|Species Clause: Limit one of each Pok\u00e9mon\n|rule|Item Clause: Limit 1 of each item\n|clearpoke\n|poke|p1|Aerodactyl, L50, M|\n|poke|p1|Floette-Eternal, L50, F|\n|poke|p1|Weavile, L50, M|\n|poke|p1|Rotom-Wash, L50|\n|poke|p1|Sneasler, L50, M|\n|poke|p1|Basculegion, L50, M|\n|poke|p2|Gengar, L50, M|\n|poke|p2|Politoed, L50, M|\n|poke|p2|Sinistcha-Masterpiece, L50|\n|poke|p2|Incineroar, L50, M|\n|poke|p2|Vaporeon, L50, F|\n|poke|p2|Primarina, L50, F|\n|teampreview|4\n|inactive|Battle timer is ON: inactive players will automatically lose when time's up. (requested by coo1kid)\ncoo1kid has agreed to open team sheets.\n|inactive|bregunda has 60 seconds left.\n|\n|t:|1776354877\n|teamsize|p1|4\n|teamsize|p2|4\n|start\n|switch|p1a: Basculegion|Basculegion, L50, M|100/100\n|switch|p1b: Sneasler|Sneasler, L50, M|100/100\n|switch|p2a: Gengar|Gengar, L50, M, shiny|100/100\n|switch|p2b: Incineroar|Incineroar, L50, M|100/100\n|-ability|p2b: Incineroar|Intimidate|boost\n|-unboost|p1a: Basculegion|atk|1\n|-unboost|p1b: Sneasler|atk|1\n|-enditem|p1b: Sneasler|White Herb\n|-clearnegativeboost|p1b: Sneasler|[silent]\n|turn|1\n|\n|t:|1776354886\n|detailschange|p2a: Gengar|Gengar-Mega, L50, M, shiny\n|-mega|p2a: Gengar|Gengar|Gengarite\n|move|p1b: Sneasler|Fake Out|p2b: Incineroar\n|-damage|p2b: Incineroar|89/100\n|cant|p2b: Incineroar|flinch\n|move|p1a: Basculegion|Flip Turn|p2a: Gengar\n|-damage|p2a: Gengar|61/100\n|\n|t:|1776354894\n|switch|p1a: Rotom|Rotom-Wash, L50|100/100|[from] Flip Turn\n|move|p2a: Gengar|Perish Song|p2a: Gengar\n|-start|p1a: Rotom|perish3|[silent]\n|-start|p1b: Sneasler|perish3|[silent]\n|-start|p2a: Gengar|perish3|[silent]\n|-start|p2b: Incineroar|perish3|[silent]\n|-fieldactivate|move: Perish Song\n|\n|-start|p1b: Sneasler|perish3\n|-start|p2a: Gengar|perish3\n|-start|p1a: Rotom|perish3\n|-start|p2b: Incineroar|perish3\n|upkeep\n|turn|2\n|\n|t:|1776354908\n|move|p2a: Gengar|Protect|p2a: Gengar\n|-singleturn|p2a: Gengar|Protect\n|move|p2b: Incineroar|Protect|p2b: Incineroar\n|-singleturn|p2b: Incineroar|Protect\n|move|p1b: Sneasler|Close Combat|p2b: Incineroar\n|-activate|p2b: Incineroar|move: Protect\n|move|p1a: Rotom|Electroweb|p2a: Gengar|[spread] \n|-activate|p2a: Gengar|move: Protect\n|-activate|p2b: Incineroar|move: Protect\n|\n|-start|p1b: Sneasler|perish2\n|-start|p2a: Gengar|perish2\n|-start|p1a: Rotom|perish2\n|-start|p2b: Incineroar|perish2\n|upkeep\n|turn|3\n|\n|t:|1776354917\n|switch|p2b: Sinistcha|Sinistcha-Masterpiece, L50|100/100\n|-heal|p2a: Gengar|86/100|[from] ability: Hospitality|[of] p2b: Sinistcha\n|move|p1b: Sneasler|U-turn|p2a: Gengar\n|-resisted|p2a: Gengar|2\n|-damage|p2a: Gengar|76/100\n|\n|t:|1776354923\n|switch|p1b: Basculegion|Basculegion, L50, M|100/100|[from] U-turn\n|move|p2a: Gengar|Shadow Ball|p1b: Basculegion\n|-supereffective|p1b: Basculegion|1\n|-damage|p1b: Basculegion|0 fnt\n|faint|p1b: Basculegion\n|move|p1a: Rotom|Volt Switch|p2b: Sinistcha\n|-resisted|p2b: Sinistcha|1\n|-damage|p2b: Sinistcha|89/100\n|\n|t:|1776354930\n|switch|p1a: Sneasler|Sneasler, L50, M|100/100|[from] Volt Switch\n|\n|-start|p2a: Gengar|perish1\n|upkeep\n|\n|t:|1776354933\n|switch|p1b: Rotom|Rotom-Wash, L50|100/100\n|turn|4\n|\n|t:|1776354943\n|switch|p2a: Incineroar|Incineroar, L50, M|89/100\n|-ability|p2a: Incineroar|Intimidate|boost\n|-unboost|p1a: Sneasler|atk|1\n|-unboost|p1b: Rotom|atk|1\n|move|p2b: Sinistcha|Rage Powder|p2b: Sinistcha\n|-singleturn|p2b: Sinistcha|move: Rage Powder\n|move|p1a: Sneasler|Dire Claw|p2b: Sinistcha\n|-damage|p2b: Sinistcha|67/100\n|move|p1b: Rotom|Electroweb|p2a: Incineroar|[spread] p2a,p2b\n|-resisted|p2b: Sinistcha|1\n|-damage|p2a: Incineroar|78/100\n|-damage|p2b: Sinistcha|59/100\n|-unboost|p2a: Incineroar|spe|1\n|-unboost|p2b: Sinistcha|spe|1\n|\n|upkeep\n|turn|5\n|\n|t:|1776354960\n|move|p2a: Incineroar|Fake Out|p1a: Sneasler\n|-damage|p1a: Sneasler|82/100\n|cant|p1a: Sneasler|flinch\n|move|p1b: Rotom|Hydro Pump|p2a: Incineroar\n|-supereffective|p2a: Incineroar|1\n|-damage|p2a: Incineroar|15/100\n|move|p2b: Sinistcha|Matcha Gotcha|p1a: Sneasler|[spread] p1a,p1b\n|-resisted|p1a: Sneasler|1\n|-supereffective|p1b: Rotom|1\n|-damage|p1a: Sneasler|66/100\n|-heal|p2b: Sinistcha|66/100|[from] drain|[of] p1a: Sneasler\n|-damage|p1b: Rotom|58/100\n|-heal|p2b: Sinistcha|85/100|[from] drain|[of] p1b: Rotom\n|\n|upkeep\n|turn|6\n|\n|t:|1776354977\n|move|p2a: Incineroar|Protect|p2a: Incineroar\n|-singleturn|p2a: Incineroar|Protect\n|move|p1a: Sneasler|Dire Claw|p2b: Sinistcha\n|-damage|p2b: Sinistcha|61/100\n|move|p1b: Rotom|Volt Switch|p2a: Incineroar\n|-activate|p2a: Incineroar|move: Protect\n|move|p2b: Sinistcha|Matcha Gotcha|p1b: Rotom|[spread] p1a,p1b\n|-resisted|p1a: Sneasler|1\n|-supereffective|p1b: Rotom|1\n|-damage|p1a: Sneasler|51/100\n|-heal|p2b: Sinistcha|67/100|[from] drain|[of] p1a: Sneasler\n|-damage|p1b: Rotom|20/100\n|-heal|p2b: Sinistcha|84/100|[from] drain|[of] p1b: Rotom\n|-status|p1b: Rotom|brn\n|-enditem|p1b: Rotom|Sitrus Berry|[eat]\n|-heal|p1b: Rotom|45/100 brn|[from] item: Sitrus Berry\n|\n|-damage|p1b: Rotom|39/100 brn|[from] brn\n|upkeep\n|turn|7\n|\n|t:|1776354991\n|move|p1a: Sneasler|Dire Claw|p2b: Sinistcha\n|-damage|p2b: Sinistcha|61/100\n|move|p1b: Rotom|Volt Switch|p2a: Incineroar\n|-damage|p2a: Incineroar|0 fnt\n|faint|p2a: Incineroar\n|\n|t:|1776354996\n|switch|p1b: Floette|Floette-Eternal, L50, F|100/100|[from] Volt Switch\n|move|p2b: Sinistcha|Matcha Gotcha|p1a: Sneasler|[spread] p1b\n|-miss|p2b: Sinistcha|p1a: Sneasler\n|-damage|p1b: Floette|78/100\n|-heal|p2b: Sinistcha|70/100|[from] drain|[of] p1b: Floette\n|\n|upkeep\n|\n|t:|1776355003\n|switch|p2a: Gengar|Gengar-Mega, L50, M, shiny|76/100\n|turn|8\n|\n|t:|1776355013\n|detailschange|p1b: Floette|Floette-Mega, L50, F\n|-mega|p1b: Floette|Floette|Floettite\n|-ability|p1b: Floette|Fairy Aura\n|move|p2b: Sinistcha|Rage Powder|p2b: Sinistcha\n|-singleturn|p2b: Sinistcha|move: Rage Powder\n|move|p2a: Gengar|Perish Song|p2a: Gengar\n|-start|p1a: Sneasler|perish3|[silent]\n|-start|p1b: Floette|perish3|[silent]\n|-start|p2a: Gengar|perish3|[silent]\n|-start|p2b: Sinistcha|perish3|[silent]\n|-fieldactivate|move: Perish Song\n|move|p1a: Sneasler|Dire Claw|p2b: Sinistcha\n|-crit|p2b: Sinistcha\n|-damage|p2b: Sinistcha|12/100\n|-enditem|p2b: Sinistcha|Sitrus Berry|[eat]\n|-heal|p2b: Sinistcha|37/100|[from] item: Sitrus Berry\n|move|p1b: Floette|Moonblast|p2b: Sinistcha\n|-damage|p2b: Sinistcha|0 fnt\n|faint|p2b: Sinistcha\n|\n|-start|p2a: Gengar|perish3\n|-start|p1a: Sneasler|perish3\n|-start|p1b: Floette|perish3\n|upkeep\n|\n|t:|1776355027\n|switch|p2b: Vaporeon|Vaporeon, L50, F|100/100\n|turn|9\n|\n|t:|1776355041\n|move|p2a: Gengar|Protect|p2a: Gengar\n|-singleturn|p2a: Gengar|Protect\n|move|p2b: Vaporeon|Protect|p2b: Vaporeon\n|-singleturn|p2b: Vaporeon|Protect\n|move|p1a: Sneasler|Close Combat|p2b: Vaporeon\n|-activate|p2b: Vaporeon|move: Protect\n|move|p1b: Floette|Moonblast|p2b: Vaporeon\n|-activate|p2b: Vaporeon|move: Protect\n|\n|-start|p2a: Gengar|perish2\n|-start|p1a: Sneasler|perish2\n|-start|p1b: Floette|perish2\n|upkeep\n|turn|10\n|\n|t:|1776355054\n|move|p2a: Gengar|Sludge Bomb|p1b: Floette\n|-supereffective|p1b: Floette|1\n|-damage|p1b: Floette|0 fnt\n|faint|p1b: Floette\n|move|p1a: Sneasler|Close Combat|p2b: Vaporeon\n|-damage|p2b: Vaporeon|65/100\n|-unboost|p1a: Sneasler|def|1\n|-unboost|p1a: Sneasler|spd|1\n|move|p2b: Vaporeon|Scald|p1a: Sneasler\n|-damage|p1a: Sneasler|0 fnt\n|faint|p1a: Sneasler\n|\n|-heal|p2b: Vaporeon|71/100|[from] item: Leftovers\n|-start|p2a: Gengar|perish1\n|upkeep\n|\n|t:|1776355064\n|switch|p1b: Rotom|Rotom-Wash, L50|39/100 brn\n|turn|11\n|\n|t:|1776355068\n|move|p2a: Gengar|Sludge Bomb|p1b: Rotom\n|-damage|p1b: Rotom|0 fnt\n|faint|p1b: Rotom\n|\n|win|coo1kid\n|raw|bregunda's rating: 1165 &rarr; <strong>1139</strong><br />(-26 for losing)\n|raw|coo1kid's rating: 1152 &rarr; <strong>1178</strong><br />(+26 for winning)\n",
  "uploadtime": 1776355070,
  "views": 22,
  "formatid": "gen9championsvgc2026regma",
  "rating": 1139,
  "private": 0,
  "password": null
}