{
  "id": "gen9championsvgc2026regma-2584226389",
  "format": "[Gen 9 Champions] VGC 2026 Reg M-A",
  "players": [
    "Miguel2707",
    "EXSA"
  ],
  "log": "|j|\u2606Miguel2707\n|j|\u2606EXSA\n|t:|1776240490\n|gametype|doubles\n|player|p1|Miguel2707|266|1118\n|player|p2|EXSA|266|1163\n|gen|9\n|tier|[Gen 9 Champions] VGC 2026 Reg M-A\n|rated|\n|rule|Species Clause: Limit one of each Pok\u00e9mon\n|rule|Item Clause: Limit 1 of each item\n|clearpoke\n|poke|p1|Milotic, L50, M|\n|poke|p1|Sableye, L50, M|\n|poke|p1|Farigiraf, L50, M|\n|poke|p1|Crabominable, L50, F|\n|poke|p1|Kingambit, L50, F|\n|poke|p1|Sinistcha-Masterpiece, L50|\n|poke|p2|Charizard, L50, F|\n|poke|p2|Incineroar, L50, M|\n|poke|p2|Maushold-Four, L50|\n|poke|p2|Hawlucha, L50, F|\n|poke|p2|Garchomp, L50, M|\n|poke|p2|Whimsicott, L50, M|\n|teampreview|4\n|inactive|Battle timer is ON: inactive players will automatically lose when time's up. (requested by Miguel2707)\n|inactive|EXSA has 60 seconds left.\n|\n|t:|1776240558\n|teamsize|p1|4\n|teamsize|p2|4\n|start\n|switch|p1a: Milotic|Milotic, L50, M|100/100\n|switch|p1b: Sableye|Sableye, L50, M|100/100\n|switch|p2a: Charizard|Charizard, L50, F, shiny|100/100\n|switch|p2b: Whimsicott|Whimsicott, L50, M|100/100\n|turn|1\n|inactive|Miguel2707 has 30 seconds left.\n|\n|t:|1776240590\n|move|p2a: Charizard|Protect|p2a: Charizard\n|-singleturn|p2a: Charizard|Protect\n|move|p1a: Milotic|Protect|p1a: Milotic\n|-singleturn|p1a: Milotic|Protect\n|move|p1b: Sableye|Taunt|p2b: Whimsicott\n|-start|p2b: Whimsicott|move: Taunt\n|move|p2b: Whimsicott|Moonblast|p1b: Sableye\n|-supereffective|p1b: Sableye|1\n|-damage|p1b: Sableye|0 fnt\n|faint|p1b: Sableye\n|\n|upkeep\n|\n|t:|1776240605\n|switch|p1b: Farigiraf|Farigiraf, L50, M|100/100\n|turn|2\n|\n|t:|1776240624\n|switch|p2b: Maushold|Maushold-Four, L50|100/100\n|detailschange|p2a: Charizard|Charizard-Mega-Y, L50, F, shiny\n|-mega|p2a: Charizard|Charizard|Charizardite Y\n|-weather|SunnyDay|[from] ability: Drought|[of] p2a: Charizard\n|move|p2a: Charizard|Solar Beam||[still]\n|-prepare|p2a: Charizard|Solar Beam\n|-anim|p2a: Charizard|Solar Beam|p1a: Milotic\n|-supereffective|p1a: Milotic|1\n|-damage|p1a: Milotic|33/100\n|move|p1a: Milotic|Scald|p2a: Charizard\n|-supereffective|p2a: Charizard|1\n|-damage|p2a: Charizard|71/100\n|move|p1b: Farigiraf|Trick Room|p1b: Farigiraf\n|-fieldstart|move: Trick Room|[of] p1b: Farigiraf\n|\n|-weather|SunnyDay|[upkeep]\n|-heal|p1a: Milotic|39/100|[from] item: Leftovers\n|upkeep\n|turn|3\n|inactive|Miguel2707 has 30 seconds left.\n|\n|t:|1776240656\n|move|p2b: Maushold|Follow Me|p2b: Maushold\n|-singleturn|p2b: Maushold|move: Follow Me\n|move|p1b: Farigiraf|Psyshock|p2b: Maushold\n|-crit|p2b: Maushold\n|-damage|p2b: Maushold|35/100\n|move|p1a: Milotic|Scald|p2b: Maushold\n|-damage|p2b: Maushold|12/100\n|-status|p2b: Maushold|brn\n|move|p2a: Charizard|Heat Wave|p1a: Milotic|[spread] p1a\n|-miss|p2a: Charizard|p1b: Farigiraf\n|-resisted|p1a: Milotic|1\n|-damage|p1a: Milotic|14/100\n|\n|-weather|SunnyDay|[upkeep]\n|-heal|p1a: Milotic|19/100|[from] item: Leftovers\n|-damage|p2b: Maushold|6/100 brn|[from] brn\n|upkeep\n|turn|4\n|inactive|EXSA has 30 seconds left.\n|\n|t:|1776240691\n|move|p1a: Milotic|Protect|p1a: Milotic\n|-singleturn|p1a: Milotic|Protect\n|move|p2b: Maushold|Follow Me|p2b: Maushold\n|-singleturn|p2b: Maushold|move: Follow Me\n|move|p1b: Farigiraf|Dazzling Gleam|p2a: Charizard|[spread] p2a,p2b\n|-resisted|p2a: Charizard|1\n|-damage|p2a: Charizard|65/100\n|-damage|p2b: Maushold|0 fnt\n|faint|p2b: Maushold\n|move|p2a: Charizard|Heat Wave|p1a: Milotic|[spread] p1b\n|-activate|p1a: Milotic|move: Protect\n|-damage|p1b: Farigiraf|41/100\n|-status|p1b: Farigiraf|brn\n|-enditem|p1b: Farigiraf|Sitrus Berry|[eat]\n|-heal|p1b: Farigiraf|66/100 brn|[from] item: Sitrus Berry\n|\n|-weather|SunnyDay|[upkeep]\n|-heal|p1a: Milotic|25/100|[from] item: Leftovers\n|-damage|p1b: Farigiraf|60/100 brn|[from] brn\n|upkeep\n|\n|t:|1776240694\n|switch|p2b: Whimsicott|Whimsicott, L50, M|100/100\n|turn|5\n|\n|t:|1776240719\n|move|p1b: Farigiraf|Psyshock|p2a: Charizard\n|-damage|p2a: Charizard|19/100\n|move|p1a: Milotic|Scald|p2a: Charizard\n|-supereffective|p2a: Charizard|1\n|-damage|p2a: Charizard|0 fnt\n|faint|p2a: Charizard\n|move|p2b: Whimsicott|Moonblast|p1a: Milotic\n|-damage|p1a: Milotic|0 fnt\n|faint|p1a: Milotic\n|\n|-weather|SunnyDay|[upkeep]\n|-damage|p1b: Farigiraf|53/100 brn|[from] brn\n|upkeep\n|\n|t:|1776240730\n|switch|p1a: Crabominable|Crabominable, L50, F|100/100\n|switch|p2a: Incineroar|Incineroar, L50, M|100/100\n|-ability|p2a: Incineroar|Intimidate|boost\n|-fail|p1a: Crabominable|unboost|Attack|[from] ability: Hyper Cutter|[of] p1a: Crabominable\n|-unboost|p1b: Farigiraf|atk|1\n|turn|6\n|inactive|Miguel2707 has 30 seconds left.\n|\n|t:|1776240761\n|move|p1a: Crabominable|Protect|p1a: Crabominable\n|-singleturn|p1a: Crabominable|Protect\n|move|p1b: Farigiraf|Protect|p1b: Farigiraf\n|-singleturn|p1b: Farigiraf|Protect\n|move|p2a: Incineroar|Throat Chop|p1b: Farigiraf\n|-activate|p1b: Farigiraf|move: Protect\n|move|p2b: Whimsicott|Moonblast|p1a: Crabominable\n|-activate|p1a: Crabominable|move: Protect\n|\n|-weather|none\n|-damage|p1b: Farigiraf|47/100 brn|[from] brn\n|-fieldend|move: Trick Room\n|upkeep\n|turn|7\n|inactive|Miguel2707 has 30 seconds left.\n|inactive|Miguel2707 has 20 seconds left.\n|\n|t:|1776240798\n|detailschange|p1a: Crabominable|Crabominable-Mega, L50, F\n|-mega|p1a: Crabominable|Crabominable|Crabominite\n|move|p2b: Whimsicott|Moonblast|p1a: Crabominable\n|-supereffective|p1a: Crabominable|1\n|-damage|p1a: Crabominable|47/100\n|move|p2a: Incineroar|Flare Blitz|p1a: Crabominable\n|-supereffective|p1a: Crabominable|1\n|-damage|p1a: Crabominable|0 fnt\n|faint|p1a: Crabominable\n|-damage|p2a: Incineroar|84/100|[from] Recoil\n|move|p1b: Farigiraf|Trick Room|p1b: Farigiraf\n|-fieldstart|move: Trick Room|[of] p1b: Farigiraf\n|\n|-damage|p1b: Farigiraf|41/100 brn|[from] brn\n|upkeep\n|turn|8\n|-message|Miguel2707 forfeited.\n|\n|win|EXSA\n|raw|Miguel2707's rating: 1118 &rarr; <strong>1096</strong><br />(-22 for losing)\n|raw|EXSA's rating: 1163 &rarr; <strong>1185</strong><br />(+22 for winning)\n|l|\u2606Miguel2707\n|player|p1|\n",
  "uploadtime": 1776240808,
  "views": 16,
  "formatid": "gen9championsvgc2026regma",
  "rating": 1096,
  "private": 0,
  "password": null
}