{
  "id": "gen9championsvgc2026regma-2580753771",
  "format": "[Gen 9 Champions] VGC 2026 Reg M-A",
  "players": [
    "mjmm13",
    "MediocreCook"
  ],
  "log": "|j|\u2606mjmm13\n|j|\u2606MediocreCook\n|t:|1775929717\n|gametype|doubles\n|player|p1|mjmm13|169|1022\n|player|p2|MediocreCook|alder|1078\n|gen|9\n|tier|[Gen 9 Champions] VGC 2026 Reg M-A\n|rated|\n|rule|Species Clause: Limit one of each Pok\u00e9mon\n|rule|Item Clause: Limit 1 of each item\n|clearpoke\n|poke|p1|Meowstic, L50, M|\n|poke|p1|Alakazam, L50, M|\n|poke|p1|Maushold, L50|\n|poke|p1|Kommo-o, L50, M|\n|poke|p1|Scizor, L50, M|\n|poke|p1|Incineroar, L50, M|\n|poke|p2|Beedrill, L50, M|\n|poke|p2|Palafin, L50, M|\n|poke|p2|Kingambit, L50, M|\n|poke|p2|Rotom-Wash, L50|\n|poke|p2|Incineroar, L50, M|\n|poke|p2|Whimsicott, L50, M|\n|teampreview|4\n|inactive|Battle timer is ON: inactive players will automatically lose when time's up. (requested by MediocreCook)\n|inactive|mjmm13 has 60 seconds left.\n|inactive|MediocreCook has 60 seconds left.\n|\n|t:|1775929754\n|teamsize|p1|4\n|teamsize|p2|4\n|start\n|switch|p1a: Kommo-o|Kommo-o, L50, M|100/100\n|switch|p1b: Scizor|Scizor, L50, M|100/100\n|switch|p2a: Palafin|Palafin, L50, M, shiny|100/100\n|switch|p2b: Whimsicott|Whimsicott, L50, M, shiny|100/100\n|turn|1\n|\n|t:|1775929769\n|move|p2b: Whimsicott|Protect|p2b: Whimsicott\n|-singleturn|p2b: Whimsicott|Protect\n|move|p1b: Scizor|Bullet Punch|p2b: Whimsicott\n|-activate|p2b: Whimsicott|move: Protect\n|move|p2a: Palafin|Flip Turn|p1b: Scizor\n|-damage|p1b: Scizor|75/100\n|\n|t:|1775929775\n|detailschange|p2a: Palafin|Palafin-Hero, L50, M, shiny\n|switch|p2a: Incineroar|Incineroar, L50, M, shiny|100/100|[from] Flip Turn\n|-ability|p2a: Incineroar|Intimidate|boost\n|-unboost|p1a: Kommo-o|atk|1\n|-unboost|p1b: Scizor|atk|1\n|move|p1a: Kommo-o|Iron Defense|p1a: Kommo-o\n|-boost|p1a: Kommo-o|def|2\n|\n|upkeep\n|turn|2\n|\n|t:|1775929796\n|switch|p1b: Incineroar|Incineroar, L50, M|100/100\n|-ability|p1b: Incineroar|Intimidate|boost\n|-unboost|p2a: Incineroar|atk|1\n|-unboost|p2b: Whimsicott|atk|1\n|move|p1a: Kommo-o|Protect|p1a: Kommo-o\n|-singleturn|p1a: Kommo-o|Protect\n|move|p2a: Incineroar|Fake Out|p1b: Incineroar\n|-damage|p1b: Incineroar|94/100\n|move|p2b: Whimsicott|Moonblast|p1a: Kommo-o\n|-activate|p1a: Kommo-o|move: Protect\n|\n|upkeep\n|turn|3\n|\n|t:|1775929818\n|move|p2b: Whimsicott|Protect|p2b: Whimsicott\n|-singleturn|p2b: Whimsicott|Protect\n|move|p1b: Incineroar|Fake Out|p2b: Whimsicott\n|-activate|p2b: Whimsicott|move: Protect\n|move|p1a: Kommo-o|Body Press|p2a: Incineroar\n|-supereffective|p2a: Incineroar|1\n|-damage|p2a: Incineroar|0 fnt\n|faint|p2a: Incineroar\n|\n|upkeep\n|\n|t:|1775929826\n|switch|p2a: Palafin|Palafin-Hero, L50, M, shiny|100/100\n|-activate|p2a: Palafin|ability: Zero to Hero\n|turn|4\n|\n|t:|1775929838\n|switch|p1b: Scizor|Scizor, L50, M|75/100\n|move|p1a: Kommo-o|Protect|p1a: Kommo-o\n|-singleturn|p1a: Kommo-o|Protect\n|move|p2b: Whimsicott|Moonblast|p1a: Kommo-o\n|-activate|p1a: Kommo-o|move: Protect\n|move|p2a: Palafin|Close Combat|p1b: Scizor\n|-crit|p1b: Scizor\n|-damage|p1b: Scizor|6/100\n|-unboost|p2a: Palafin|def|1\n|-unboost|p2a: Palafin|spd|1\n|\n|upkeep\n|turn|5\n|\n|t:|1775929859\n|move|p2a: Palafin|Jet Punch|p1b: Scizor\n|-damage|p1b: Scizor|0 fnt\n|faint|p1b: Scizor\n|move|p2b: Whimsicott|Moonblast|p1a: Kommo-o\n|-supereffective|p1a: Kommo-o|2\n|-damage|p1a: Kommo-o|0 fnt\n|faint|p1a: Kommo-o\n|\n|upkeep\n|\n|t:|1775929867\n|switch|p1a: Incineroar|Incineroar, L50, M|94/100\n|switch|p1b: Alakazam|Alakazam, L50, M|100/100\n|-ability|p1a: Incineroar|Intimidate|boost\n|-unboost|p2a: Palafin|atk|1\n|-unboost|p2b: Whimsicott|atk|1\n|turn|6\n|\n|t:|1775929886\n|detailschange|p1b: Alakazam|Alakazam-Mega, L50, M\n|-mega|p1b: Alakazam|Alakazam|Alakazite\n|-ability|p1b: Alakazam|Prankster|Trace|[from] ability: Trace|[of] p2b: Whimsicott\n|move|p2b: Whimsicott|Protect|p2b: Whimsicott\n|-singleturn|p2b: Whimsicott|Protect\n|move|p1a: Incineroar|Fake Out|p2a: Palafin\n|-damage|p2a: Palafin|84/100\n|move|p1b: Alakazam|Psychic|p2a: Palafin\n|-damage|p2a: Palafin|0 fnt\n|faint|p2a: Palafin\n|\n|upkeep\n|\n|t:|1775929901\n|switch|p2a: Beedrill|Beedrill, L50, M, shiny|100/100\n|turn|7\n|\n|t:|1775929910\n|detailschange|p2a: Beedrill|Beedrill-Mega, L50, M, shiny\n|-mega|p2a: Beedrill|Beedrill|Beedrillite\n|move|p1b: Alakazam|Protect|p1b: Alakazam\n|-singleturn|p1b: Alakazam|Protect\n|move|p2a: Beedrill|Protect|p2a: Beedrill\n|-singleturn|p2a: Beedrill|Protect\n|move|p2b: Whimsicott|Tailwind|p2b: Whimsicott\n|-sidestart|p2: MediocreCook|move: Tailwind\n|move|p1a: Incineroar|Flare Blitz|p2a: Beedrill\n|-activate|p2a: Beedrill|move: Protect\n|\n|upkeep\n|turn|8\n|\n|t:|1775929923\n|move|p1b: Alakazam|Protect|p1b: Alakazam\n|-singleturn|p1b: Alakazam|Protect\n|move|p2b: Whimsicott|Encore|p1b: Alakazam\n|-activate|p1b: Alakazam|move: Protect\n|move|p2a: Beedrill|Drill Run|p1a: Incineroar\n|-supereffective|p1a: Incineroar|1\n|-damage|p1a: Incineroar|41/100\n|-enditem|p1a: Incineroar|Sitrus Berry|[eat]\n|-heal|p1a: Incineroar|66/100|[from] item: Sitrus Berry\n|move|p1a: Incineroar|Flare Blitz|p2a: Beedrill\n|-supereffective|p2a: Beedrill|1\n|-damage|p2a: Beedrill|0 fnt\n|faint|p2a: Beedrill\n|-damage|p1a: Incineroar|43/100|[from] Recoil\n|\n|upkeep\n|turn|9\n|\n|t:|1775929944\n|move|p2b: Whimsicott|Encore|p1b: Alakazam\n|-start|p1b: Alakazam|Encore\n|move|p1b: Alakazam|Protect||[still]\n|-fail|p1b: Alakazam\n|move|p1a: Incineroar|Flare Blitz|p2b: Whimsicott\n|-supereffective|p2b: Whimsicott|1\n|-enditem|p2b: Whimsicott|Focus Sash\n|-damage|p2b: Whimsicott|1/100\n|-damage|p1a: Incineroar|20/100|[from] Recoil\n|\n|upkeep\n|turn|10\n|\n|t:|1775929958\n|move|p1b: Alakazam|Protect|p1b: Alakazam\n|-singleturn|p1b: Alakazam|Protect\n|move|p2b: Whimsicott|Moonblast|p1a: Incineroar\n|-damage|p1a: Incineroar|0 fnt\n|faint|p1a: Incineroar\n|\n|-sideend|p2: MediocreCook|move: Tailwind\n|upkeep\n|turn|11\n|-message|mjmm13 forfeited.\n|\n|win|MediocreCook\n|raw|mjmm13's rating: 1022 &rarr; <strong>1011</strong><br />(-11 for losing)\n|raw|MediocreCook's rating: 1078 &rarr; <strong>1102</strong><br />(+24 for winning)\n|l|\u2606mjmm13\n|player|p1|\n",
  "uploadtime": 1775929987,
  "views": 10,
  "formatid": "gen9championsvgc2026regma",
  "rating": 1011,
  "private": 0,
  "password": null
}