{
  "id": "gen9championsvgc2026regma-2585557820",
  "format": "[Gen 9 Champions] VGC 2026 Reg M-A",
  "players": [
    "fmont4",
    "jellow69"
  ],
  "log": "|j|\u2606fmont4\n|j|\u2606jellow69\n|t:|1776355404\n|gametype|doubles\n|player|p1|fmont4|1|1081\n|player|p2|jellow69|burglar|1000\n|gen|9\n|tier|[Gen 9 Champions] VGC 2026 Reg M-A\n|rated|\n|rule|Species Clause: Limit one of each Pok\u00e9mon\n|rule|Item Clause: Limit 1 of each item\n|clearpoke\n|poke|p1|Incineroar, L50, M|\n|poke|p1|Corviknight, L50, M|\n|poke|p1|Goodra-Hisui, L50, F|\n|poke|p1|Charizard, L50, F|\n|poke|p1|Clefable, L50, M|\n|poke|p1|Golurk, L50|\n|poke|p2|Milotic, L50, M|\n|poke|p2|Slowking, L50, F|\n|poke|p2|Incineroar, L50, M|\n|poke|p2|Crabominable, L50, F|\n|poke|p2|Altaria, L50, M|\n|poke|p2|Sneasler, L50, M|\n|teampreview|4\n|\n|t:|1776355447\n|teamsize|p1|4\n|teamsize|p2|4\n|start\n|switch|p1a: Charizard|Charizard, L50, F, shiny|100/100\n|switch|p1b: Clefable|Clefable, L50, M|100/100\n|switch|p2a: Incineroar|Incineroar, L50, M|100/100\n|switch|p2b: Milotic|Milotic, L50, M|100/100\n|-ability|p2a: Incineroar|Intimidate|boost\n|-unboost|p1a: Charizard|atk|1\n|-unboost|p1b: Clefable|atk|1\n|turn|1\n|\n|t:|1776355482\n|switch|p2a: Altaria|Altaria, L50, M|100/100\n|-ability|p2a: Altaria|Cloud Nine\n|detailschange|p1a: Charizard|Charizard-Mega-Y, L50, F, shiny\n|-mega|p1a: Charizard|Charizard|Charizardite Y\n|-weather|SunnyDay|[from] ability: Drought|[of] p1a: Charizard\n|move|p1b: Clefable|Follow Me|p1b: Clefable\n|-singleturn|p1b: Clefable|move: Follow Me\n|move|p1a: Charizard|Solar Beam||[still]\n|-prepare|p1a: Charizard|Solar Beam\n|move|p2b: Milotic|Icy Wind|p1b: Clefable|[spread] p1a,p1b\n|-damage|p1a: Charizard|90/100\n|-damage|p1b: Clefable|90/100\n|-unboost|p1a: Charizard|spe|1\n|-unboost|p1b: Clefable|spe|1\n|\n|-weather|SunnyDay|[upkeep]\n|upkeep\n|turn|2\n|\n|t:|1776355533\n|switch|p2b: Incineroar|Incineroar, L50, M|100/100\n|-ability|p2b: Incineroar|Intimidate|boost\n|-unboost|p1a: Charizard|atk|1\n|-unboost|p1b: Clefable|atk|1\n|move|p1a: Charizard|Solar Beam|p2b: Incineroar|[from] lockedmove\n|-resisted|p2b: Incineroar|1\n|-damage|p2b: Incineroar|82/100\n|move|p2a: Altaria|Flamethrower|p1b: Clefable\n|-damage|p1b: Clefable|74/100\n|move|p1b: Clefable|Icy Wind|p2b: Incineroar|[spread] p2a,p2b\n|-supereffective|p2a: Altaria|2\n|-resisted|p2b: Incineroar|1\n|-damage|p2a: Altaria|66/100\n|-damage|p2b: Incineroar|79/100\n|-unboost|p2a: Altaria|spe|1\n|-unboost|p2b: Incineroar|spe|1\n|-enditem|p2a: Altaria|White Herb\n|-clearnegativeboost|p2a: Altaria|[silent]\n|\n|-weather|SunnyDay|[upkeep]\n|upkeep\n|turn|3\n|\n|t:|1776355570\n|switch|p1a: Goodra|Goodra-Hisui, L50, F, shiny|100/100\n|move|p2b: Incineroar|Fake Out|p1a: Goodra\n|-resisted|p1a: Goodra|1\n|-damage|p1a: Goodra|96/100\n|-ability|p1a: Goodra|Gooey\n|-unboost|p2b: Incineroar|spe|1\n|move|p2a: Altaria|Flamethrower|p1b: Clefable\n|-damage|p1b: Clefable|57/100\n|move|p1b: Clefable|Moonblast|p2a: Altaria\n|-supereffective|p2a: Altaria|1\n|-damage|p2a: Altaria|10/100\n|\n|-weather|SunnyDay|[upkeep]\n|upkeep\n|turn|4\n|inactive|Battle timer is ON: inactive players will automatically lose when time's up. (requested by fmont4)\n|\n|t:|1776355618\n|switch|p2a: Milotic|Milotic, L50, M|100/100\n|move|p2b: Incineroar|Protect|p2b: Incineroar\n|-singleturn|p2b: Incineroar|Protect\n|move|p1a: Goodra|Flash Cannon|p2a: Milotic\n|-resisted|p2a: Milotic|1\n|-damage|p2a: Milotic|80/100\n|move|p1b: Clefable|Moonblast|p2b: Incineroar\n|-activate|p2b: Incineroar|move: Protect\n|\n|-weather|SunnyDay|[upkeep]\n|upkeep\n|turn|5\n|inactive|jellow69 has 30 seconds left.\n|\n|t:|1776355651\n|move|p2a: Milotic|Icy Wind|p1b: Clefable|[spread] p1a,p1b\n|-damage|p1a: Goodra|87/100\n|-damage|p1b: Clefable|47/100\n|-unboost|p1a: Goodra|spe|1\n|-unboost|p1b: Clefable|spe|1\n|move|p1a: Goodra|Draco Meteor|p2a: Milotic\n|-damage|p2a: Milotic|22/100\n|-unboost|p1a: Goodra|spa|2\n|move|p1b: Clefable|Moonblast|p2a: Milotic\n|-damage|p2a: Milotic|0 fnt\n|faint|p2a: Milotic\n|move|p2b: Incineroar|Parting Shot|p1a: Goodra\n|-unboost|p1a: Goodra|atk|1\n|-unboost|p1a: Goodra|spa|1\n|\n|t:|1776355667\n|switch|p2b: Sneasler|Sneasler, L50, M|100/100|[from] Parting Shot\n|\n|-weather|none\n|upkeep\n|\n|t:|1776355681\n|switch|p2a: Incineroar|Incineroar, L50, M|79/100\n|-ability|p2a: Incineroar|Intimidate|boost\n|-unboost|p1a: Goodra|atk|1\n|-unboost|p1b: Clefable|atk|1\n|turn|6\n|inactive|jellow69 has 30 seconds left.\n|\n|t:|1776355714\n|move|p1a: Goodra|Protect|p1a: Goodra\n|-singleturn|p1a: Goodra|Protect\n|move|p1b: Clefable|Protect|p1b: Clefable\n|-singleturn|p1b: Clefable|Protect\n|move|p2b: Sneasler|Dire Claw|p1b: Clefable\n|-activate|p1b: Clefable|move: Protect\n|move|p2a: Incineroar|Parting Shot|p1a: Goodra\n|-activate|p1a: Goodra|move: Protect\n|\n|upkeep\n|turn|7\n|\n|t:|1776355736\n|switch|p1a: Corviknight|Corviknight, L50, M, shiny|100/100\n|switch|p1b: Charizard|Charizard-Mega-Y, L50, F, shiny|90/100\n|-weather|SunnyDay|[from] ability: Drought|[of] p1b: Charizard\n|move|p2b: Sneasler|Dire Claw|p1b: Charizard\n|-damage|p1b: Charizard|28/100\n|move|p2a: Incineroar|Flare Blitz|p1a: Corviknight\n|-supereffective|p1a: Corviknight|1\n|-damage|p1a: Corviknight|0 fnt\n|faint|p1a: Corviknight\n|-damage|p2a: Incineroar|39/100|[from] Recoil\n|-enditem|p2a: Incineroar|Sitrus Berry|[eat]\n|-heal|p2a: Incineroar|63/100|[from] item: Sitrus Berry\n|\n|-weather|SunnyDay|[upkeep]\n|upkeep\n|\n|t:|1776355749\n|switch|p1a: Clefable|Clefable, L50, M|47/100\n|turn|8\n|inactive|jellow69 has 30 seconds left.\n|inactive|jellow69 has 20 seconds left.\n|inactive|jellow69 has 15 seconds left.\n|\n|t:|1776355791\n|move|p1b: Charizard|Protect|p1b: Charizard\n|-singleturn|p1b: Charizard|Protect\n|move|p2a: Incineroar|Protect|p2a: Incineroar\n|-singleturn|p2a: Incineroar|Protect\n|move|p2b: Sneasler|Dire Claw|p1b: Charizard\n|-activate|p1b: Charizard|move: Protect\n|move|p1a: Clefable|Icy Wind|p2b: Sneasler|[spread] p2b\n|-activate|p2a: Incineroar|move: Protect\n|-damage|p2b: Sneasler|86/100\n|-unboost|p2b: Sneasler|spe|1\n|\n|-weather|SunnyDay|[upkeep]\n|upkeep\n|turn|9\n|inactive|jellow69 has 30 seconds left.\n|inactive|jellow69 has 20 seconds left.\n|inactive|jellow69 has 15 seconds left.\n|inactive|fmont4 has 30 seconds left.\n|inactive|jellow69 has 10 seconds left.\n|\n|t:|1776355839\n|switch|p1a: Goodra|Goodra-Hisui, L50, F, shiny|87/100\n|move|p1b: Charizard|Heat Wave|p2a: Incineroar|[spread] p2a,p2b\n|-resisted|p2a: Incineroar|1\n|-damage|p2a: Incineroar|42/100\n|-damage|p2b: Sneasler|4/100\n|move|p2b: Sneasler|Dire Claw|p1b: Charizard\n|-damage|p1b: Charizard|0 fnt\n|faint|p1b: Charizard\n|move|p2a: Incineroar|Flare Blitz|p1a: Goodra\n|-damage|p1a: Goodra|16/100\n|-status|p1a: Goodra|brn\n|-ability|p1a: Goodra|Gooey\n|-unboost|p2a: Incineroar|spe|1\n|-damage|p2a: Incineroar|17/100|[from] Recoil\n|\n|-weather|SunnyDay|[upkeep]\n|-damage|p1a: Goodra|10/100 brn|[from] brn\n|upkeep\n|\n|t:|1776355851\n|switch|p1b: Clefable|Clefable, L50, M|47/100\n|turn|10\n|inactive|jellow69 has 30 seconds left.\n|inactive|jellow69 has 20 seconds left.\n|inactive|jellow69 has 15 seconds left.\n|\n|t:|1776355895\n|switch|p2a: Altaria|Altaria, L50, M|10/100\n|-ability|p2a: Altaria|Cloud Nine\n|move|p2b: Sneasler|Protect|p2b: Sneasler\n|-singleturn|p2b: Sneasler|Protect\n|move|p1b: Clefable|Moonblast|p2a: Altaria\n|-supereffective|p2a: Altaria|1\n|-damage|p2a: Altaria|0 fnt\n|faint|p2a: Altaria\n|move|p1a: Goodra|Flash Cannon|p2b: Sneasler\n|-activate|p2b: Sneasler|move: Protect\n|\n|-weather|SunnyDay|[upkeep]\n|-damage|p1a: Goodra|4/100 brn|[from] brn\n|upkeep\n|\n|t:|1776355910\n|switch|p2a: Incineroar|Incineroar, L50, M|17/100\n|-ability|p2a: Incineroar|Intimidate|boost\n|-unboost|p1a: Goodra|atk|1\n|-unboost|p1b: Clefable|atk|1\n|turn|11\n|inactive|fmont4 has 30 seconds left.\n|inactive|jellow69 has 30 seconds left.\n|inactive|fmont4 has 20 seconds left.\n|inactive|jellow69 has 20 seconds left.\n|inactive|fmont4 has 15 seconds left.\n|\n|t:|1776355954\n|move|p1b: Clefable|Protect|p1b: Clefable\n|-singleturn|p1b: Clefable|Protect\n|move|p2a: Incineroar|Fake Out|p1b: Clefable\n|-activate|p1b: Clefable|move: Protect\n|move|p2b: Sneasler|Dire Claw|p1b: Clefable\n|-activate|p1b: Clefable|move: Protect\n|move|p1a: Goodra|Flash Cannon|p2a: Incineroar\n|-resisted|p2a: Incineroar|1\n|-damage|p2a: Incineroar|0 fnt\n|faint|p2a: Incineroar\n|\n|-weather|none\n|-damage|p1a: Goodra|0 fnt|[from] brn\n|faint|p1a: Goodra\n|upkeep\n|turn|12\n|\n|t:|1776355974\n|move|p2b: Sneasler|Dire Claw|p1b: Clefable\n|-supereffective|p1b: Clefable|1\n|-damage|p1b: Clefable|0 fnt\n|faint|p1b: Clefable\n|\n|win|jellow69\n|raw|fmont4's rating: 1081 &rarr; <strong>1054</strong><br />(-27 for losing)\n|raw|jellow69's rating: 1000 &rarr; <strong>1049</strong><br />(+49 for winning)\n|l|\u2606fmont4\n|player|p1|\n",
  "uploadtime": 1776356009,
  "views": 39,
  "formatid": "gen9championsvgc2026regma",
  "rating": 1049,
  "private": 0,
  "password": null
}