{
  "id": "gen9championsvgc2026regma-2589438949",
  "format": "[Gen 9 Champions] VGC 2026 Reg M-A",
  "players": [
    "Igrene4CYL",
    "testingtesting101"
  ],
  "log": "|j|\u2606Igrene4CYL\n|j|\u2606testingtesting101\n|t:|1776723021\n|gametype|doubles\n|player|p1|Igrene4CYL|miku-ghost|\n|player|p2|testingtesting101|buck|\n|gen|9\n|tier|[Gen 9 Champions] VGC 2026 Reg M-A\n|rated|Tournament battle\n|rule|Species Clause: Limit one of each Pok\u00e9mon\n|rule|Item Clause: Limit 1 of each item\n|clearpoke\n|poke|p1|Farigiraf, L50, M|\n|poke|p1|Kingambit, L50, F|\n|poke|p1|Hatterene, L50, F|\n|poke|p1|Torkoal, L50, F|\n|poke|p1|Sinistcha, L50|\n|poke|p1|Crabominable, L50, M|\n|poke|p2|Greninja, L50, M|\n|poke|p2|Politoed, L50, M|\n|poke|p2|Basculegion, L50, M|\n|poke|p2|Lucario, L50, M|\n|poke|p2|Sinistcha, L50|\n|poke|p2|Toxicroak, L50, M|\n|teampreview|4\n|inactive|Battle timer is ON: inactive players will automatically lose when time's up. (requested by Igrene4CYL)\nIgrene4CYL has agreed to open team sheets.\ntestingtesting101 rejected open team sheets.\n|inactive|Igrene4CYL has 60 seconds left.\n|inactive|testingtesting101 has 60 seconds left.\n|\n|t:|1776723061\n|teamsize|p1|4\n|teamsize|p2|4\n|start\n|switch|p1a: Farigiraf|Farigiraf, L50, M|100/100\n|switch|p1b: Crabominable|Crabominable, L50, M|100/100\n|switch|p2a: Greninja|Greninja, L50, M|100/100\n|switch|p2b: Lucario|Lucario, L50, M|100/100\n|turn|1\n|\n|t:|1776723077\n|detailschange|p2a: Greninja|Greninja-Mega, L50, M\n|-mega|p2a: Greninja|Greninja|Greninjite\n|detailschange|p1b: Crabominable|Crabominable-Mega, L50, M\n|-mega|p1b: Crabominable|Crabominable|Crabominite\n|move|p1b: Crabominable|Protect|p1b: Crabominable\n|-singleturn|p1b: Crabominable|Protect\n|move|p2a: Greninja|Dark Pulse|p1a: Farigiraf\n|-start|p2a: Greninja|typechange|Dark|[from] ability: Protean\n|-supereffective|p1a: Farigiraf|1\n|-damage|p1a: Farigiraf|10/100\n|move|p2b: Lucario|Meteor Mash|p1a: Farigiraf\n|-damage|p1a: Farigiraf|0 fnt\n|-boost|p2b: Lucario|atk|1\n|faint|p1a: Farigiraf\n|\n|upkeep\n|inactive|Igrene4CYL has 30 seconds left.\n|\n|t:|1776723103\n|switch|p1a: Torkoal|Torkoal, L50, F|100/100\n|-weather|SunnyDay|[from] ability: Drought|[of] p1a: Torkoal\n|turn|2\n|\n|t:|1776723123\n|switch|p2a: Politoed|Politoed, L50, M|100/100\n|-weather|RainDance|[from] ability: Drizzle|[of] p2a: Politoed\n|move|p1b: Crabominable|Mach Punch|p2b: Lucario\n|-supereffective|p2b: Lucario|1\n|-damage|p2b: Lucario|0 fnt\n|faint|p2b: Lucario\n|move|p1a: Torkoal|Eruption|p2a: Politoed\n|-resisted|p2a: Politoed|1\n|-damage|p2a: Politoed|88/100\n|\n|-weather|RainDance|[upkeep]\n|upkeep\n|\n|t:|1776723131\n|switch|p2b: Greninja|Greninja-Mega, L50, M|100/100\n|turn|3\n|\n|t:|1776723137\n|switch|p1a: Sinistcha|Sinistcha, L50|100/100\n|move|p2a: Politoed|Helping Hand|p2b: Greninja\n|-singleturn|p2b: Greninja|Helping Hand|[of] p2a: Politoed\n|move|p1b: Crabominable|Protect|p1b: Crabominable\n|-singleturn|p1b: Crabominable|Protect\n|move|p2b: Greninja|Surf|p1a: Sinistcha|[spread] p2a,p1a\n|-start|p2b: Greninja|typechange|Water|[from] ability: Protean\n|-activate|p1b: Crabominable|move: Protect\n|-resisted|p2a: Politoed|1\n|-resisted|p1a: Sinistcha|1\n|-damage|p2a: Politoed|62/100\n|-damage|p1a: Sinistcha|50/100\n|-enditem|p1a: Sinistcha|Sitrus Berry|[eat]\n|-heal|p1a: Sinistcha|75/100|[from] item: Sitrus Berry\n|\n|-weather|RainDance|[upkeep]\n|upkeep\n|turn|4\n|inactive|testingtesting101 has 30 seconds left.\n|\n|t:|1776723163\n|move|p2b: Greninja|Dark Pulse|p1a: Sinistcha\n|-supereffective|p1a: Sinistcha|1\n|-damage|p1a: Sinistcha|12/100\n|move|p2a: Politoed|Ice Beam|p1a: Sinistcha\n|-supereffective|p1a: Sinistcha|1\n|-damage|p1a: Sinistcha|0 fnt\n|faint|p1a: Sinistcha\n|move|p1b: Crabominable|Rock Slide|p2a: Politoed|[spread] p2a,p2b\n|-damage|p2a: Politoed|33/100\n|-damage|p2b: Greninja|62/100\n|-enditem|p2a: Politoed|Sitrus Berry|[eat]\n|-heal|p2a: Politoed|58/100|[from] item: Sitrus Berry\n|\n|-weather|RainDance|[upkeep]\n|upkeep\n|\n|t:|1776723177\n|switch|p1a: Torkoal|Torkoal, L50, F|100/100\n|-weather|SunnyDay|[from] ability: Drought|[of] p1a: Torkoal\n|turn|5\n|\n|t:|1776723190\n|switch|p2a: Basculegion|Basculegion, L50, M|100/100\n|move|p2b: Greninja|Protect|p2b: Greninja\n|-singleturn|p2b: Greninja|Protect\n|move|p1b: Crabominable|Mach Punch|p2b: Greninja\n|-activate|p2b: Greninja|move: Protect\n|move|p1a: Torkoal|Solar Beam||[still]\n|-prepare|p1a: Torkoal|Solar Beam\n|-anim|p1a: Torkoal|Solar Beam|p2b: Greninja\n|-activate|p2b: Greninja|move: Protect\n|\n|-weather|SunnyDay|[upkeep]\n|upkeep\n|turn|6\n|\n|t:|1776723213\n|switch|p2b: Politoed|Politoed, L50, M|58/100\n|-weather|RainDance|[from] ability: Drizzle|[of] p2b: Politoed\n|move|p1b: Crabominable|Mach Punch|p2b: Politoed\n|-damage|p2b: Politoed|23/100\n|move|p2a: Basculegion|Wave Crash|p1b: Crabominable\n|-damage|p1b: Crabominable|37/100\n|-damage|p2a: Basculegion|79/100|[from] Recoil\n|move|p1a: Torkoal|Heat Wave|p2b: Politoed|[spread] p2a,p2b\n|-resisted|p2a: Basculegion|1\n|-resisted|p2b: Politoed|1\n|-damage|p2a: Basculegion|68/100\n|-damage|p2b: Politoed|17/100\n|\n|-weather|RainDance|[upkeep]\n|upkeep\n|turn|7\n|\n|t:|1776723225\n|move|p2a: Basculegion|Last Respects|p1b: Crabominable\n|-damage|p1b: Crabominable|1/100\n|move|p2b: Politoed|Weather Ball|p1a: Torkoal\n|-supereffective|p1a: Torkoal|1\n|-damage|p1a: Torkoal|0 fnt\n|faint|p1a: Torkoal\n|move|p1b: Crabominable|Rock Slide|p2b: Politoed|[spread] p2a,p2b\n|-damage|p2a: Basculegion|37/100\n|-damage|p2b: Politoed|0 fnt\n|faint|p2b: Politoed\n|\n|-weather|RainDance|[upkeep]\n|upkeep\n|\n|t:|1776723229\n|switch|p2b: Greninja|Greninja-Mega, L50, M|62/100\n|turn|8\n|c|\u2606testingtesting101|Gg\n|inactive|Igrene4CYL has 30 seconds left.\n|c|\u2606Igrene4CYL|idk relying on closed teamsheets is kinda cringe\n|-message|Igrene4CYL forfeited.\n|\n|win|testingtesting101\n|n|\u2606Igrene4CYL|igrene4cyl\n|n|\u2606testingtesting101|testingtesting101\n|l|\u2606Igrene4CYL\n|player|p1|\n",
  "uploadtime": 1776723266,
  "views": 6,
  "formatid": "gen9championsvgc2026regma",
  "rating": null,
  "private": 0,
  "password": null
}