{
  "id": "gen9championsvgc2026regma-2580535613",
  "format": "[Gen 9 Champions] VGC 2026 Reg M-A",
  "players": [
    "kobersss",
    "Sickanmlg1337"
  ],
  "log": "|j|\u2606kobersss\n|j|\u2606Sickanmlg1337\n|t:|1775910052\n|gametype|doubles\n|player|p1|kobersss|266|1040\n|player|p2|Sickanmlg1337|2|1072\n|gen|9\n|tier|[Gen 9 Champions] VGC 2026 Reg M-A\n|rated|\n|rule|Species Clause: Limit one of each Pok\u00e9mon\n|rule|Item Clause: Limit 1 of each item\n|clearpoke\n|poke|p1|Dragonite, L50, M|\n|poke|p1|Talonflame, L50, F|\n|poke|p1|Milotic, L50, F|\n|poke|p1|Meganium, L50, M|\n|poke|p1|Politoed, L50, F|\n|poke|p1|Archaludon, L50, M|\n|poke|p2|Froslass, L50, F|\n|poke|p2|Orthworm, L50, F|\n|poke|p2|Basculegion, L50, M|\n|poke|p2|Incineroar, L50, M|\n|poke|p2|Rotom-Frost, L50|\n|poke|p2|Garchomp, L50, F|\n|teampreview|4\n|\n|t:|1775910110\n|teamsize|p1|4\n|teamsize|p2|4\n|start\n|switch|p1a: Talonflame|Talonflame, L50, F|100/100\n|switch|p1b: Dragonite|Dragonite, L50, M|100/100\n|switch|p2a: Froslass|Froslass, L50, F|100/100\n|switch|p2b: Incineroar|Incineroar, L50, M|100/100\n|-ability|p2b: Incineroar|Intimidate|boost\n|-unboost|p1a: Talonflame|atk|1\n|-unboost|p1b: Dragonite|atk|1\n|turn|1\n|\n|t:|1775910130\n|detailschange|p1b: Dragonite|Dragonite-Mega, L50, M\n|-mega|p1b: Dragonite|Dragonite|Dragoninite\n|move|p1b: Dragonite|Protect|p1b: Dragonite\n|-singleturn|p1b: Dragonite|Protect\n|move|p2b: Incineroar|Fake Out|p1a: Talonflame\n|-damage|p1a: Talonflame|77/100\n|cant|p1a: Talonflame|flinch\n|move|p2a: Froslass|Nasty Plot|p2a: Froslass\n|-boost|p2a: Froslass|spa|2\n|\n|upkeep\n|turn|2\n|\n|t:|1775910161\n|detailschange|p2a: Froslass|Froslass-Mega, L50, F\n|-mega|p2a: Froslass|Froslass|Froslassite\n|-weather|Snowscape|[from] ability: Snow Warning|[of] p2a: Froslass\n|move|p1a: Talonflame|Tailwind|p1a: Talonflame\n|-sidestart|p1: kobersss|move: Tailwind\n|move|p1b: Dragonite|Draco Meteor|p2a: Froslass\n|-damage|p2a: Froslass|0 fnt\n|-unboost|p1b: Dragonite|spa|2\n|faint|p2a: Froslass\n|move|p2b: Incineroar|Parting Shot|p1a: Talonflame\n|-unboost|p1a: Talonflame|atk|1\n|-unboost|p1a: Talonflame|spa|1\n|\n|t:|1775910182\n|switch|p2b: Garchomp|Garchomp, L50, F|100/100|[from] Parting Shot\n|\n|-weather|Snowscape|[upkeep]\n|upkeep\n|\n|t:|1775910188\n|switch|p2a: Incineroar|Incineroar, L50, M|100/100\n|-ability|p2a: Incineroar|Intimidate|boost\n|-unboost|p1a: Talonflame|atk|1\n|-unboost|p1b: Dragonite|atk|1\n|turn|3\n|\n|t:|1775910220\n|switch|p1a: Milotic|Milotic, L50, F|100/100\n|switch|p1b: Politoed|Politoed, L50, F|100/100\n|-weather|RainDance|[from] ability: Drizzle|[of] p1b: Politoed\n|move|p2a: Incineroar|Fake Out|p1b: Politoed\n|-damage|p1b: Politoed|83/100\n|move|p2b: Garchomp|Rock Slide|p1a: Milotic|[spread] p1b\n|-miss|p2b: Garchomp|p1a: Milotic\n|-damage|p1b: Politoed|59/100\n|\n|-weather|RainDance|[upkeep]\n|upkeep\n|turn|4\n|\n|t:|1775910258\n|move|p1b: Politoed|Helping Hand|p1a: Milotic\n|-singleturn|p1a: Milotic|Helping Hand|[of] p1b: Politoed\n|move|p2b: Garchomp|Protect|p2b: Garchomp\n|-singleturn|p2b: Garchomp|Protect\n|move|p1a: Milotic|Weather Ball|p2b: Garchomp\n|-activate|p2b: Garchomp|move: Protect\n|move|p2a: Incineroar|Parting Shot|p1a: Milotic\n|-unboost|p1a: Milotic|atk|1\n|-ability|p1a: Milotic|Competitive|boost\n|-boost|p1a: Milotic|spa|2\n|-unboost|p1a: Milotic|spa|1\n|-ability|p1a: Milotic|Competitive|boost\n|-boost|p1a: Milotic|spa|2\n|\n|t:|1775910272\n|switch|p2a: Orthworm|Orthworm, L50, F|100/100|[from] Parting Shot\n|\n|-weather|RainDance|[upkeep]\n|upkeep\n|turn|5\n|\n|t:|1775910295\n|move|p1a: Milotic|Ice Beam|p2b: Garchomp\n|-supereffective|p2b: Garchomp|2\n|-enditem|p2b: Garchomp|Focus Sash\n|-damage|p2b: Garchomp|1/100\n|move|p1b: Politoed|Weather Ball|p2b: Garchomp\n|-damage|p2b: Garchomp|0 fnt\n|faint|p2b: Garchomp\n|move|p2a: Orthworm|Body Press|p1a: Milotic\n|-damage|p1a: Milotic|62/100\n|\n|-weather|RainDance|[upkeep]\n|-heal|p1a: Milotic|68/100|[from] item: Leftovers\n|-sideend|p1: kobersss|move: Tailwind\n|upkeep\n|\n|t:|1775910307\n|switch|p2b: Incineroar|Incineroar, L50, M|100/100\n|-ability|p2b: Incineroar|Intimidate|boost\n|-unboost|p1a: Milotic|atk|1\n|-ability|p1a: Milotic|Competitive|boost\n|-boost|p1a: Milotic|spa|2\n|-unboost|p1b: Politoed|atk|1\n|turn|6\n|\n|t:|1775910336\n|move|p1a: Milotic|Life Dew|p1a: Milotic|[spread] p1a,p1b\n|-heal|p1a: Milotic|94/100\n|-heal|p1b: Politoed|84/100\n|move|p1b: Politoed|Weather Ball|p2b: Incineroar\n|-supereffective|p2b: Incineroar|1\n|-damage|p2b: Incineroar|0 fnt\n|faint|p2b: Incineroar\n|move|p2a: Orthworm|Iron Defense|p2a: Orthworm\n|-boost|p2a: Orthworm|def|2\n|\n|-weather|RainDance|[upkeep]\n|-heal|p1a: Milotic|99/100|[from] item: Leftovers\n|upkeep\n|turn|7\n|\n|t:|1775910359\n|switch|p1b: Talonflame|Talonflame, L50, F|77/100\n|move|p1a: Milotic|Life Dew|p1a: Milotic|[spread] p1a,p1b\n|-heal|p1a: Milotic|100/100\n|-heal|p1b: Talonflame|100/100\n|move|p2a: Orthworm|Body Press|p1a: Milotic\n|-damage|p1a: Milotic|34/100\n|\n|-weather|none\n|-heal|p1a: Milotic|40/100|[from] item: Leftovers\n|upkeep\n|turn|8\n|\n|t:|1775910380\n|move|p1b: Talonflame|Flare Blitz|p2a: Orthworm\n|-supereffective|p2a: Orthworm|1\n|-damage|p2a: Orthworm|72/100\n|-damage|p1b: Talonflame|90/100|[from] Recoil\n|move|p1a: Milotic|Scald|p2a: Orthworm\n|-damage|p2a: Orthworm|0 fnt\n|faint|p2a: Orthworm\n|\n|win|kobersss\n|raw|kobersss's rating: 1040 &rarr; <strong>1077</strong><br />(+37 for winning)\n|raw|Sickanmlg1337's rating: 1072 &rarr; <strong>1049</strong><br />(-23 for losing)\n",
  "uploadtime": 1775910394,
  "views": 18,
  "formatid": "gen9championsvgc2026regma",
  "rating": 1049,
  "private": 0,
  "password": null
}