{
  "id": "gen9championsvgc2026regma-2588491542",
  "format": "[Gen 9 Champions] VGC 2026 Reg M-A",
  "players": [
    "SunTufo",
    "xRamii"
  ],
  "log": "|j|\u2606SunTufo\n|j|\u2606xRamii\n|t:|1776638352\n|gametype|doubles\n|player|p1|SunTufo|li|1482\n|player|p2|xRamii|veteran|1566\n|gen|9\n|tier|[Gen 9 Champions] VGC 2026 Reg M-A\n|rated|\n|rule|Species Clause: Limit one of each Pok\u00e9mon\n|rule|Item Clause: Limit 1 of each item\n|clearpoke\n|poke|p1|Froslass, L50, F, shiny|\n|poke|p1|Milotic, L50, F, shiny|\n|poke|p1|Sneasler, L50, M, shiny|\n|poke|p1|Rotom-Frost, L50|\n|poke|p1|Goodra-Hisui, L50, M, shiny|\n|poke|p1|Incineroar, L50, M, shiny|\n|poke|p2|Garchomp, L50, F, shiny|\n|poke|p2|Rotom-Wash, L50, shiny|\n|poke|p2|Aegislash, L50, F, shiny|\n|poke|p2|Charizard, L50, F, shiny|\n|poke|p2|Aerodactyl, L50, M|\n|poke|p2|Sneasler, L50, F|\n|teampreview|4\n|inactive|Battle timer is ON: inactive players will automatically lose when time's up. (requested by SunTufo)\n|inactive|xRamii has 60 seconds left.\n|inactive|xRamii has 30 seconds left.\n|\n|t:|1776638420\n|teamsize|p1|4\n|teamsize|p2|4\n|start\n|switch|p1a: Froslass|Froslass, L50, F, shiny|100/100\n|switch|p1b: Sneasler|Sneasler, L50, M, shiny|100/100\n|switch|p2a: Sneasler|Sneasler, L50, F|100/100\n|switch|p2b: Rotom|Rotom-Wash, L50, shiny|100/100\n|turn|1\n|\n|t:|1776638439\n|detailschange|p1a: Froslass|Froslass-Mega, L50, F, shiny\n|-mega|p1a: Froslass|Froslass|Froslassite\n|-weather|Snowscape|[from] ability: Snow Warning|[of] p1a: Froslass\n|move|p1b: Sneasler|Fake Out|p2b: Rotom\n|-damage|p2b: Rotom|84/100\n|move|p2a: Sneasler|Fake Out|p1b: Sneasler\n|-damage|p1b: Sneasler|76/100\n|cant|p2b: Rotom|flinch\n|move|p1a: Froslass|Aurora Veil|p1a: Froslass\n|-sidestart|p1: SunTufo|move: Aurora Veil\n|\n|-weather|Snowscape|[upkeep]\n|upkeep\n|turn|2\n|inactive|xRamii has 30 seconds left.\n|inactive|SunTufo has 30 seconds left.\n|inactive|xRamii has 20 seconds left.\n|\n|t:|1776638476\n|move|p2b: Rotom|Volt Switch|p1b: Sneasler\n|-damage|p1b: Sneasler|48/100\n|\n|t:|1776638482\n|switch|p2b: Charizard|Charizard, L50, F, shiny|100/100|[from] Volt Switch\n|move|p1a: Froslass|Shadow Ball|p2b: Charizard\n|-damage|p2b: Charizard|50/100\n|-unboost|p2b: Charizard|spd|1\n|move|p1b: Sneasler|Dire Claw|p2b: Charizard\n|-damage|p2b: Charizard|5/100\n|move|p2a: Sneasler|Close Combat|p1b: Sneasler\n|-resisted|p1b: Sneasler|1\n|-damage|p1b: Sneasler|11/100\n|-unboost|p2a: Sneasler|def|1\n|-unboost|p2a: Sneasler|spd|1\n|-enditem|p2a: Sneasler|White Herb\n|-clearnegativeboost|p2a: Sneasler|[silent]\n|\n|-weather|Snowscape|[upkeep]\n|upkeep\n|turn|3\n|\n|t:|1776638502\n|switch|p1a: Rotom|Rotom-Frost, L50|100/100\n|detailschange|p2b: Charizard|Charizard-Mega-Y, L50, F, shiny\n|-mega|p2b: Charizard|Charizard|Charizardite Y\n|-weather|SunnyDay|[from] ability: Drought|[of] p2b: Charizard\n|move|p2b: Charizard|Protect|p2b: Charizard\n|-singleturn|p2b: Charizard|Protect\n|move|p2a: Sneasler|Dire Claw|p1b: Sneasler\n|-resisted|p1b: Sneasler|1\n|-damage|p1b: Sneasler|0 fnt\n|faint|p1b: Sneasler\n|\n|-weather|SunnyDay|[upkeep]\n|upkeep\n|\n|t:|1776638508\n|switch|p1b: Froslass|Froslass-Mega, L50, F, shiny|100/100\n|-weather|Snowscape|[from] ability: Snow Warning|[of] p1b: Froslass\n|turn|4\n|\n|t:|1776638524\n|switch|p2b: Rotom|Rotom-Wash, L50, shiny|84/100\n|move|p2a: Sneasler|Close Combat|p1a: Rotom\n|-supereffective|p1a: Rotom|1\n|-damage|p1a: Rotom|15/100\n|-unboost|p2a: Sneasler|def|1\n|-unboost|p2a: Sneasler|spd|1\n|move|p1a: Rotom|Volt Switch|p2a: Sneasler\n|-damage|p2a: Sneasler|36/100\n|\n|t:|1776638529\n|switch|p1a: Incineroar|Incineroar, L50, M, shiny|100/100|[from] Volt Switch\n|-ability|p1a: Incineroar|Intimidate|boost\n|-unboost|p2a: Sneasler|atk|1\n|-unboost|p2b: Rotom|atk|1\n|move|p1b: Froslass|Blizzard|p2a: Sneasler|[spread] p2a,p2b\n|-resisted|p2b: Rotom|1\n|-damage|p2a: Sneasler|0 fnt\n|-damage|p2b: Rotom|56/100\n|faint|p2a: Sneasler\n|\n|-weather|Snowscape|[upkeep]\n|upkeep\n|\n|t:|1776638539\n|switch|p2a: Charizard|Charizard-Mega-Y, L50, F, shiny|5/100\n|-weather|SunnyDay|[from] ability: Drought|[of] p2a: Charizard\n|turn|5\n|\n|t:|1776638557\n|switch|p1b: Rotom|Rotom-Frost, L50|15/100\n|move|p2a: Charizard|Protect|p2a: Charizard\n|-singleturn|p2a: Charizard|Protect\n|move|p2b: Rotom|Hydro Pump|p1a: Incineroar|[miss]\n|-miss|p2b: Rotom|p1a: Incineroar\n|move|p1a: Incineroar|Parting Shot|p2b: Rotom\n|-unboost|p2b: Rotom|atk|1\n|-unboost|p2b: Rotom|spa|1\n|\n|t:|1776638565\n|switch|p1a: Froslass|Froslass-Mega, L50, F, shiny|100/100|[from] Parting Shot\n|-weather|Snowscape|[from] ability: Snow Warning|[of] p1a: Froslass\n|\n|-weather|Snowscape|[upkeep]\n|-sideend|p1: SunTufo|move: Aurora Veil\n|upkeep\n|turn|6\n|\n|t:|1776638577\n|switch|p1b: Incineroar|Incineroar, L50, M, shiny|100/100\n|-ability|p1b: Incineroar|Intimidate|boost\n|-unboost|p2a: Charizard|atk|1\n|-unboost|p2b: Rotom|atk|1\n|switch|p2a: Aegislash|Aegislash, L50, F, shiny|100/100\n|move|p2b: Rotom|Hydro Pump|p1b: Incineroar|[miss]\n|-miss|p2b: Rotom|p1b: Incineroar\n|move|p1a: Froslass|Blizzard|p2a: Aegislash|[spread] p2a,p2b\n|-resisted|p2a: Aegislash|1\n|-resisted|p2b: Rotom|1\n|-damage|p2a: Aegislash|84/100\n|-damage|p2b: Rotom|29/100\n|-status|p2b: Rotom|frz\n|\n|-weather|Snowscape|[upkeep]\n|upkeep\n|turn|7\n|\n|t:|1776638600\n|move|p2a: Aegislash|King's Shield|p2a: Aegislash\n|-singleturn|p2a: Aegislash|Protect\n|-curestatus|p2b: Rotom|frz|[msg]\n|move|p2b: Rotom|Hydro Pump|p1b: Incineroar\n|-supereffective|p1b: Incineroar|1\n|-damage|p1b: Incineroar|37/100\n|-enditem|p1b: Incineroar|Sitrus Berry|[eat]\n|-heal|p1b: Incineroar|62/100|[from] item: Sitrus Berry\n|move|p1a: Froslass|Shadow Ball|p2a: Aegislash\n|-activate|p2a: Aegislash|move: Protect\n|move|p1b: Incineroar|Darkest Lariat|p2b: Rotom\n|-damage|p2b: Rotom|0 fnt\n|faint|p2b: Rotom\n|\n|-weather|Snowscape|[upkeep]\n|upkeep\n|\n|t:|1776638611\n|switch|p2b: Charizard|Charizard-Mega-Y, L50, F, shiny|5/100\n|-weather|SunnyDay|[from] ability: Drought|[of] p2b: Charizard\n|turn|8\n|\n|t:|1776638631\n|switch|p1a: Rotom|Rotom-Frost, L50|15/100\n|move|p2b: Charizard|Heat Wave|p1a: Rotom|[spread] p1b\n|-miss|p2b: Charizard|p1a: Rotom\n|-resisted|p1b: Incineroar|1\n|-damage|p1b: Incineroar|29/100\n|move|p1b: Incineroar|Darkest Lariat|p2b: Charizard\n|-damage|p2b: Charizard|0 fnt\n|faint|p2b: Charizard\n|-formechange|p2a: Aegislash|Aegislash-Blade|\n|move|p2a: Aegislash|Close Combat|p1b: Incineroar\n|-supereffective|p1b: Incineroar|1\n|-damage|p1b: Incineroar|0 fnt\n|-unboost|p2a: Aegislash|def|1\n|-unboost|p2a: Aegislash|spd|1\n|faint|p1b: Incineroar\n|\n|-weather|SunnyDay|[upkeep]\n|upkeep\n|\n|t:|1776638644\n|switch|p1b: Froslass|Froslass-Mega, L50, F, shiny|100/100\n|-weather|Snowscape|[from] ability: Snow Warning|[of] p1b: Froslass\n|turn|9\n|\n|t:|1776638650\n|-formechange|p2a: Aegislash|Aegislash|\n|move|p2a: Aegislash|King's Shield|p2a: Aegislash\n|-singleturn|p2a: Aegislash|Protect\n|move|p1a: Rotom|Thunderbolt|p2a: Aegislash\n|-activate|p2a: Aegislash|move: Protect\n|move|p1b: Froslass|Aurora Veil|p1b: Froslass\n|-sidestart|p1: SunTufo|move: Aurora Veil\n|\n|-weather|Snowscape|[upkeep]\n|upkeep\n|turn|10\n|\n|t:|1776638661\n|-formechange|p2a: Aegislash|Aegislash-Blade|\n|move|p2a: Aegislash|Shadow Sneak|p1a: Rotom\n|-damage|p1a: Rotom|0 fnt\n|faint|p1a: Rotom\n|move|p1b: Froslass|Shadow Ball|p2a: Aegislash\n|-supereffective|p2a: Aegislash|1\n|-damage|p2a: Aegislash|0 fnt\n|faint|p2a: Aegislash\n|\n|win|SunTufo\n|raw|SunTufo's rating: 1464 &rarr; <strong>1490</strong><br />(+26 for winning)\n|raw|xRamii's rating: 1566 &rarr; <strong>1540</strong><br />(-26 for losing)\n|l|\u2606xRamii\n|player|p2|\n|l|\u2606SunTufo\n|player|p1|\n",
  "uploadtime": 1776638661,
  "views": 13,
  "formatid": "gen9championsvgc2026regma",
  "rating": 1490,
  "private": 0,
  "password": null
}