{
  "id": "gen9championsvgc2026regma-2580706487",
  "format": "[Gen 9 Champions] VGC 2026 Reg M-A",
  "players": [
    "Payneless",
    "WhiteBoySharia"
  ],
  "log": "|j|\u2606Payneless\n|j|\u2606WhiteBoySharia\n|t:|1775925863\n|gametype|doubles\n|player|p1|Payneless|gambler|1089\n|player|p2|WhiteBoySharia|kieran|1159\n|gen|9\n|tier|[Gen 9 Champions] VGC 2026 Reg M-A\n|rated|\n|rule|Species Clause: Limit one of each Pok\u00e9mon\n|rule|Item Clause: Limit 1 of each item\n|clearpoke\n|poke|p1|Glimmora, L50, F|\n|poke|p1|Typhlosion-Hisui, L50, M|\n|poke|p1|Whimsicott, L50, F|\n|poke|p1|Farigiraf, L50, M|\n|poke|p1|Decidueye-Hisui, L50, M|\n|poke|p1|Meganium, L50, M|\n|poke|p2|Incineroar, L50, M|\n|poke|p2|Charizard, L50, M|\n|poke|p2|Venusaur, L50, F|\n|poke|p2|Whimsicott, L50, F|\n|poke|p2|Archaludon, L50, M|\n|poke|p2|Garchomp, L50, F|\n|teampreview|4\n|inactive|Battle timer is ON: inactive players will automatically lose when time's up. (requested by WhiteBoySharia)\n|inactive|WhiteBoySharia has 60 seconds left.\n|\n|t:|1775925901\n|teamsize|p1|4\n|teamsize|p2|4\n|start\n|switch|p1a: SillyGuy|Whimsicott, L50, F|100/100\n|switch|p1b: EgoDeath|Typhlosion-Hisui, L50, M|100/100\n|switch|p2a: Charizard|Charizard, L50, M|100/100\n|switch|p2b: Whimsicott|Whimsicott, L50, F, shiny|100/100\n|-item|p2a: Charizard|Charizardite Y|[from] ability: Frisk|[of] p1b: EgoDeath\n|-item|p2b: Whimsicott|Mental Herb|[from] ability: Frisk|[of] p1b: EgoDeath\n|turn|1\n|\n|t:|1775925923\n|move|p2b: Whimsicott|Tailwind|p2b: Whimsicott\n|-sidestart|p2: WhiteBoySharia|move: Tailwind\n|move|p1a: SillyGuy|Tailwind|p1a: SillyGuy\n|-sidestart|p1: Payneless|move: Tailwind\n|move|p1b: EgoDeath|Eruption|p2a: Charizard|[spread] p2a,p2b\n|-resisted|p2a: Charizard|1\n|-supereffective|p2b: Whimsicott|1\n|-damage|p2a: Charizard|65/100\n|-damage|p2b: Whimsicott|0 fnt\n|faint|p2b: Whimsicott\n|move|p2a: Charizard|Scorching Sands|p1b: EgoDeath\n|-supereffective|p1b: EgoDeath|1\n|-damage|p1b: EgoDeath|41/100\n|\n|upkeep\n|inactive|WhiteBoySharia has 30 seconds left.\n|\n|t:|1775925949\n|switch|p2b: Garchomp|Garchomp, L50, F|100/100\n|turn|2\n|\n|t:|1775925964\n|switch|p1b: XFactor|Decidueye-Hisui, L50, M|100/100\n|detailschange|p2a: Charizard|Charizard-Mega-Y, L50, M\n|-mega|p2a: Charizard|Charizard|Charizardite Y\n|-weather|SunnyDay|[from] ability: Drought|[of] p2a: Charizard\n|move|p1a: SillyGuy|Encore|p2a: Charizard\n|-start|p2a: Charizard|Encore\n|move|p2b: Garchomp|Earthquake|p1a: SillyGuy|[spread] p1a,p1b\n|-immune|p2a: Charizard\n|-resisted|p1a: SillyGuy|1\n|-resisted|p1b: XFactor|1\n|-damage|p1a: SillyGuy|83/100\n|-damage|p1b: XFactor|79/100\n|move|p2a: Charizard|Scorching Sands|p1b: XFactor\n|-resisted|p1b: XFactor|1\n|-damage|p1b: XFactor|65/100\n|-status|p1b: XFactor|brn\n|\n|-weather|SunnyDay|[upkeep]\n|-damage|p1b: XFactor|59/100 brn|[from] brn\n|upkeep\n|turn|3\n|inactive|Payneless has 30 seconds left.\n|inactive|WhiteBoySharia has 30 seconds left.\n|\n|t:|1775925996\n|switch|p2a: Venusaur|Venusaur, L50, F|100/100\n|move|p1b: XFactor|Protect|p1b: XFactor\n|-singleturn|p1b: XFactor|Protect\n|move|p2b: Garchomp|Dragon Claw|p1b: XFactor\n|-activate|p1b: XFactor|move: Protect\n|move|p1a: SillyGuy|Moonblast|p2b: Garchomp\n|-supereffective|p2b: Garchomp|1\n|-damage|p2b: Garchomp|41/100\n|\n|-weather|SunnyDay|[upkeep]\n|-damage|p1b: XFactor|52/100 brn|[from] brn\n|upkeep\n|turn|4\n|inactive|Payneless has 30 seconds left.\n|\n|t:|1775926031\n|switch|p1a: MortalCoil|Glimmora, L50, F|100/100\n|move|p2a: Venusaur|Weather Ball|p1a: MortalCoil\n|-resisted|p1a: MortalCoil|1\n|-damage|p1a: MortalCoil|68/100\n|move|p2b: Garchomp|Dragon Claw|p1b: XFactor\n|-damage|p1b: XFactor|0 fnt\n|faint|p1b: XFactor\n|\n|-weather|SunnyDay|[upkeep]\n|-sideend|p1: Payneless|move: Tailwind\n|-sideend|p2: WhiteBoySharia|move: Tailwind\n|upkeep\n|\n|t:|1775926041\n|switch|p1b: SillyGuy|Whimsicott, L50, F|83/100\n|turn|5\n|\n|t:|1775926061\n|detailschange|p1a: MortalCoil|Glimmora-Mega, L50, F\n|-mega|p1a: MortalCoil|Glimmora|Glimmoranite\n|move|p1b: SillyGuy|Tailwind|p1b: SillyGuy\n|-sidestart|p1: Payneless|move: Tailwind\n|move|p1a: MortalCoil|Earth Power|p2b: Garchomp\n|-damage|p2b: Garchomp|2/100\n|-unboost|p2b: Garchomp|spd|1\n|move|p2a: Venusaur|Weather Ball|p1b: SillyGuy\n|-supereffective|p1b: SillyGuy|1\n|-damage|p1b: SillyGuy|0 fnt\n|faint|p1b: SillyGuy\n|move|p2b: Garchomp|Earthquake|p1a: MortalCoil|[spread] p2a,p1a\n|-supereffective|p1a: MortalCoil|2\n|-damage|p2a: Venusaur|46/100\n|-damage|p1a: MortalCoil|0 fnt\n|faint|p1a: MortalCoil\n|\n|-weather|SunnyDay|[upkeep]\n|upkeep\n|-message|Payneless forfeited.\n|\n|win|WhiteBoySharia\n|raw|Payneless's rating: 1089 &rarr; <strong>1070</strong><br />(-19 for losing)\n|raw|WhiteBoySharia's rating: 1159 &rarr; <strong>1179</strong><br />(+20 for winning)\n|l|\u2606Payneless\n|player|p1|\n",
  "uploadtime": 1775926080,
  "views": 10,
  "formatid": "gen9championsvgc2026regma",
  "rating": 1070,
  "private": 0,
  "password": null
}