{
  "id": "gen9championsvgc2026regma-2582688688",
  "format": "[Gen 9 Champions] VGC 2026 Reg M-A",
  "players": [
    "joyfuljokester",
    "Rusano"
  ],
  "log": "|j|\u2606joyfuljokester\n|j|\u2606Rusano\n|t:|1776107401\n|gametype|doubles\n|player|p1|joyfuljokester|170|1063\n|player|p2|Rusano|ghetsis-gen5bw|1096\n|gen|9\n|tier|[Gen 9 Champions] VGC 2026 Reg M-A\n|rated|\n|rule|Species Clause: Limit one of each Pok\u00e9mon\n|rule|Item Clause: Limit 1 of each item\n|clearpoke\n|poke|p1|Sharpedo, L50, F|\n|poke|p1|Gardevoir, L50, F|\n|poke|p1|Greninja-*, L50, M|\n|poke|p1|Froslass, L50, F|\n|poke|p1|Hatterene, L50, F|\n|poke|p1|Primarina, L50, M|\n|poke|p2|Tyranitar, L50, F|\n|poke|p2|Farigiraf, L50, F|\n|poke|p2|Kingambit, L50, M|\n|poke|p2|Aegislash, L50, M|\n|poke|p2|Sinistcha, L50|\n|poke|p2|Rhyperior, L50, F|\n|teampreview|4\n|inactive|Battle timer is ON: inactive players will automatically lose when time's up. (requested by Rusano)\nRusano has agreed to open team sheets.\njoyfuljokester has agreed to open team sheets.\n|showteam|p1|Sharpedo||FocusSash|SpeedBoost|Round,Scald,Substitute,Protect|||F|||50|]Gardevoir||Gardevoirite|Trace|Round,MysticalFire,Moonblast,Protect|||F|||50|]Greninja||ChoiceScarf|Protean|Round|||M|||50|]Froslass||Froslassite|CursedBody|Round,Blizzard,ShadowBall,Protect|||F|||50|]Hatterene||SitrusBerry|MagicBounce|Round,ExpandingForce,TrickRoom,PsychicTerrain|||F|||50|]Primarina||MysticWater|LiquidVoice|Round,Moonblast,CalmMind,Protect|||M|||50|\n|showteam|p2|Tyranitar||Tyranitarite|SandStream|RockSlide,LowKick,KnockOff,Protect|||F|||50|]Farigiraf||MentalHerb|ArmorTail|HelpingHand,PsychicNoise,TrickRoom,DazzlingGleam|||F|||50|]Kingambit||BlackGlasses|Defiant|KowtowCleave,SuckerPunch,IronHead,Protect|||M|||50|]Aegislash||SitrusBerry|StanceChange|FlashCannon,ShadowBall,WideGuard,KingsShield|||M|||50|]Sinistcha||Leftovers|Hospitality|MatchaGotcha,StrengthSap,TrickRoom,RagePowder||||||50|]Rhyperior||WhiteHerb|SolidRock|HighHorsepower,RockWrecker,HeavySlam,Protect|||F|||50|\n|c|\u2606joyfuljokester|ROUND\n|inactive|joyfuljokester has 60 seconds left.\n|\n|t:|1776107434\n|teamsize|p1|4\n|teamsize|p2|4\n|start\n|switch|p1a: Greninja|Greninja, L50, M|100/100\n|switch|p1b: Gardevoir|Gardevoir, L50, F|100/100\n|switch|p2a: hypervoice|Farigiraf, L50, F, shiny|100/100\n|switch|p2b: kaka|Kingambit, L50, M, shiny|100/100\n|-ability|p1b: Gardevoir|Defiant|Trace|[from] ability: Trace|[of] p2b: kaka\n|turn|1\n|inactive|Rusano has 30 seconds left.\n|inactive|Rusano has 20 seconds left.\n|inactive|Rusano has 15 seconds left.\n|inactive|Rusano has 10 seconds left.\n|\n|t:|1776107481\n|detailschange|p1b: Gardevoir|Gardevoir-Mega, L50, F\n|-mega|p1b: Gardevoir|Gardevoir|Gardevoirite\n|move|p1a: Greninja|Round|p2a: hypervoice\n|-start|p1a: Greninja|typechange|Normal|[from] ability: Protean\n|-damage|p2a: hypervoice|73/100\n|move|p1b: Gardevoir|Round|p2b: kaka|[from] move: Round\n|-damage|p2b: kaka|14/100\n|move|p2a: hypervoice|Dazzling Gleam|p1a: Greninja|[spread] p1a,p1b\n|-damage|p1a: Greninja|79/100\n|-damage|p1b: Gardevoir|87/100\n|move|p2b: kaka|Iron Head|p1b: Gardevoir\n|-supereffective|p1b: Gardevoir|1\n|-damage|p1b: Gardevoir|0 fnt\n|faint|p1b: Gardevoir\n|\n|upkeep\n|\n|t:|1776107496\n|switch|p1b: Primarina|Primarina, L50, M|100/100\n|turn|2\n|\n|t:|1776107507\n|move|p2b: kaka|Protect|p2b: kaka\n|-singleturn|p2b: kaka|Protect\n|move|p1a: Greninja|Round|p2a: hypervoice\n|-damage|p2a: hypervoice|44/100\n|move|p1b: Primarina|Round|p2a: hypervoice|[from] move: Round\n|-damage|p2a: hypervoice|0 fnt\n|faint|p2a: hypervoice\n|\n|upkeep\n|\n|t:|1776107517\n|switch|p2a: performative|Sinistcha, L50, shiny|100/100\n|-heal|p2b: kaka|38/100|[from] ability: Hospitality|[of] p2a: performative\n|turn|3\n|\n|t:|1776107530\n|move|p2a: performative|Rage Powder|p2a: performative\n|-singleturn|p2a: performative|move: Rage Powder\n|move|p1a: Greninja|Round|p2a: performative\n|-immune|p2a: performative\n|move|p1b: Primarina|Round|p2a: performative|[from] move: Round\n|-resisted|p2a: performative|1\n|-damage|p2a: performative|65/100\n|move|p2b: kaka|Iron Head|p1b: Primarina\n|-damage|p1b: Primarina|47/100\n|\n|-heal|p2a: performative|71/100|[from] item: Leftovers\n|upkeep\n|turn|4\n|\n|t:|1776107545\n|move|p2a: performative|Rage Powder|p2a: performative\n|-singleturn|p2a: performative|move: Rage Powder\n|move|p1a: Greninja|Round|p2a: performative\n|-immune|p2a: performative\n|move|p1b: Primarina|Round|p2a: performative|[from] move: Round\n|-resisted|p2a: performative|1\n|-damage|p2a: performative|36/100\n|move|p2b: kaka|Iron Head|p1b: Primarina\n|-damage|p1b: Primarina|0 fnt\n|faint|p1b: Primarina\n|\n|-heal|p2a: performative|43/100|[from] item: Leftovers\n|upkeep\n|\n|t:|1776107554\n|switch|p1b: Hatterene|Hatterene, L50, F|100/100\n|turn|5\n|\n|t:|1776107562\n|move|p1a: Greninja|Round|p2a: performative\n|-immune|p2a: performative\n|move|p1b: Hatterene|Round|p2a: performative|[from] move: Round\n|-immune|p2a: performative\n|move|p2a: performative|Strength Sap|p1a: Greninja\n|-unboost|p1a: Greninja|atk|1\n|-heal|p2a: performative|100/100\n|move|p2b: kaka|Iron Head|p1b: Hatterene\n|-supereffective|p1b: Hatterene|1\n|-crit|p1b: Hatterene\n|-damage|p1b: Hatterene|0 fnt\n|faint|p1b: Hatterene\n|\n|upkeep\n|turn|6\n|\n|t:|1776107574\n|move|p1a: Greninja|Round|p2a: performative\n|-immune|p2a: performative\n|move|p2a: performative|Matcha Gotcha|p1a: Greninja\n|-damage|p1a: Greninja|28/100\n|move|p2b: kaka|Kowtow Cleave|p1a: Greninja\n|-damage|p1a: Greninja|0 fnt\n|faint|p1a: Greninja\n|\n|win|Rusano\n|raw|joyfuljokester's rating: 1063 &rarr; <strong>1045</strong><br />(-18 for losing)\n|raw|Rusano's rating: 1096 &rarr; <strong>1119</strong><br />(+23 for winning)\n|c|\u2606Rusano|wp\n|c|\u2606joyfuljokester|gg\n|l|\u2606joyfuljokester\n|player|p1|\n",
  "uploadtime": 1776107589,
  "views": 14,
  "formatid": "gen9championsvgc2026regma",
  "rating": 1045,
  "private": 0,
  "password": null
}