{
  "id": "gen9championsvgc2026regma-2586124467",
  "format": "[Gen 9 Champions] VGC 2026 Reg M-A",
  "players": [
    "Ronnie122307",
    "noRNGplz"
  ],
  "log": "|j|\u2606Ronnie122307\n|j|\u2606noRNGplz\n|t:|1776401945\n|gametype|doubles\n|player|p1|Ronnie122307|serena|1441\n|player|p2|noRNGplz|170|1376\n|gen|9\n|tier|[Gen 9 Champions] VGC 2026 Reg M-A\n|rated|\n|rule|Species Clause: Limit one of each Pok\u00e9mon\n|rule|Item Clause: Limit 1 of each item\n|clearpoke\n|poke|p1|Charizard, L50, M|\n|poke|p1|Whimsicott, L50, M|\n|poke|p1|Kingambit, L50, M|\n|poke|p1|Farigiraf, L50, M|\n|poke|p1|Venusaur, L50, M|\n|poke|p1|Sylveon, L50, F|\n|poke|p2|Pidgeot, L50, F|\n|poke|p2|Goodra-Hisui, L50, M|\n|poke|p2|Sneasler, L50, F|\n|poke|p2|Basculegion, L50, M|\n|poke|p2|Heliolisk, L50, F|\n|poke|p2|Arcanine-Hisui, L50, F|\n|teampreview|4\n|\n|t:|1776401980\n|teamsize|p1|4\n|teamsize|p2|4\n|start\n|switch|p1a: Farigiraf|Farigiraf, L50, M|100/100\n|switch|p1b: Kingambit|Kingambit, L50, M|100/100\n|switch|p2a: Goodra|Goodra-Hisui, L50, M|100/100\n|switch|p2b: Sneasler|Sneasler, L50, F|100/100\n|turn|1\n|\n|t:|1776401992\n|move|p1b: Kingambit|Protect|p1b: Kingambit\n|-singleturn|p1b: Kingambit|Protect\n|move|p2b: Sneasler|Dire Claw|p1a: Farigiraf\n|-damage|p1a: Farigiraf|73/100\n|move|p2a: Goodra|Shelter|p2a: Goodra\n|-boost|p2a: Goodra|def|2\n|move|p1a: Farigiraf|Psychic|p2b: Sneasler\n|-supereffective|p2b: Sneasler|2\n|-damage|p2b: Sneasler|0 fnt\n|faint|p2b: Sneasler\n|\n|upkeep\n|\n|t:|1776401998\n|switch|p2b: Pidgeot|Pidgeot, L50, F|100/100\n|turn|2\n|\n|t:|1776402019\n|switch|p1b: Sylveon|Sylveon, L50, F|100/100\n|detailschange|p2b: Pidgeot|Pidgeot-Mega, L50, F\n|-mega|p2b: Pidgeot|Pidgeot|Pidgeotite\n|move|p2b: Pidgeot|Hurricane|p1a: Farigiraf\n|-damage|p1a: Farigiraf|14/100\n|move|p2a: Goodra|Body Press|p1b: Sylveon\n|-resisted|p1b: Sylveon|1\n|-damage|p1b: Sylveon|68/100\n|move|p1a: Farigiraf|Trick Room|p1a: Farigiraf\n|-fieldstart|move: Trick Room|[of] p1a: Farigiraf\n|\n|upkeep\n|turn|3\n|\n|t:|1776402033\n|switch|p2b: Arcanine|Arcanine-Hisui, L50, F|100/100\n|-ability|p2b: Arcanine|Intimidate|boost\n|-unboost|p1a: Farigiraf|atk|1\n|-unboost|p1b: Sylveon|atk|1\n|move|p1a: Farigiraf|Helping Hand|p1b: Sylveon\n|-singleturn|p1b: Sylveon|Helping Hand|[of] p1a: Farigiraf\n|move|p1b: Sylveon|Hyper Beam|p2a: Goodra|[miss]\n|-miss|p1b: Sylveon|p2a: Goodra\n|move|p2a: Goodra|Heavy Slam|p1b: Sylveon\n|-supereffective|p1b: Sylveon|1\n|-crit|p1b: Sylveon\n|-damage|p1b: Sylveon|0 fnt\n|faint|p1b: Sylveon\n|\n|upkeep\n|\n|t:|1776402043\n|switch|p1b: Venusaur|Venusaur, L50, M|100/100\n|turn|4\n|\n|t:|1776402053\n|detailschange|p1b: Venusaur|Venusaur-Mega, L50, M\n|-mega|p1b: Venusaur|Venusaur|Venusaurite\n|move|p2b: Arcanine|Protect|p2b: Arcanine\n|-singleturn|p2b: Arcanine|Protect\n|move|p1a: Farigiraf|Psychic|p2b: Arcanine\n|-activate|p2b: Arcanine|move: Protect\n|move|p2a: Goodra|Heavy Slam|p1a: Farigiraf\n|-damage|p1a: Farigiraf|0 fnt\n|faint|p1a: Farigiraf\n|move|p1b: Venusaur|Giga Drain|p2b: Arcanine\n|-activate|p2b: Arcanine|move: Protect\n|\n|upkeep\n|\n|t:|1776402069\n|switch|p1a: Kingambit|Kingambit, L50, M|100/100\n|turn|5\n|\n|t:|1776402074\n|move|p1a: Kingambit|Kowtow Cleave|p2a: Goodra\n|-damage|p2a: Goodra|81/100\n|move|p2a: Goodra|Body Press|p1a: Kingambit\n|-supereffective|p1a: Kingambit|2\n|-damage|p1a: Kingambit|0 fnt\n|faint|p1a: Kingambit\n|move|p2b: Arcanine|Rock Slide|p1b: Venusaur|[miss]\n|-miss|p2b: Arcanine|p1b: Venusaur\n|move|p1b: Venusaur|Sleep Powder|p2a: Goodra\n|-status|p2a: Goodra|slp|[from] move: Sleep Powder\n|\n|-heal|p2a: Goodra|87/100 slp|[from] item: Leftovers\n|upkeep\n|turn|6\n|-message|Ronnie122307 forfeited.\n|\n|win|noRNGplz\n|raw|Ronnie122307's rating: 1422 &rarr; <strong>1399</strong><br />(-23 for losing)\n|raw|noRNGplz's rating: 1376 &rarr; <strong>1399</strong><br />(+23 for winning)\n|l|\u2606Ronnie122307\n|player|p1|\n",
  "uploadtime": 1776402089,
  "views": 52,
  "formatid": "gen9championsvgc2026regma",
  "rating": 1399,
  "private": 0,
  "password": null
}