{
  "id": "gen9championsvgc2026regma-2585726132",
  "format": "[Gen 9 Champions] VGC 2026 Reg M-A",
  "players": [
    "4letters1wordyeet",
    "Doguito46"
  ],
  "log": "|j|\u26064letters1wordyeet\n|j|\u2606Doguito46\n|t:|1776366349\n|gametype|doubles\n|player|p1|4letters1wordyeet|cynthia-gen4|1010\n|player|p2|Doguito46|101|1000\n|gen|9\n|tier|[Gen 9 Champions] VGC 2026 Reg M-A\n|rated|\n|rule|Species Clause: Limit one of each Pok\u00e9mon\n|rule|Item Clause: Limit 1 of each item\n|clearpoke\n|poke|p1|Alakazam, L50, M|\n|poke|p1|Garchomp, L50, M|\n|poke|p1|Gardevoir, L50, F|\n|poke|p1|Tyranitar, L50, M|\n|poke|p1|Incineroar, L50, M|\n|poke|p1|Skarmory, L50, M|\n|poke|p2|Pelipper, L50, M|\n|poke|p2|Basculegion, L50, M|\n|poke|p2|Archaludon, L50, M|\n|poke|p2|Sneasler, L50, F|\n|poke|p2|Dragonite, L50, M|\n|poke|p2|Incineroar, L50, M|\n|teampreview|4\n|inactive|Battle timer is ON: inactive players will automatically lose when time's up. (requested by 4letters1wordyeet)\n|inactive|Doguito46 has 60 seconds left.\n|\n|t:|1776366384\n|teamsize|p1|4\n|teamsize|p2|4\n|start\n|switch|p1a: Incineroar|Incineroar, L50, M|100/100\n|switch|p1b: Alakazam|Alakazam, L50, M|100/100\n|switch|p2a: Incineroar|Incineroar, L50, M|100/100\n|switch|p2b: Sneasler|Sneasler, L50, F, shiny|100/100\n|-ability|p2a: Incineroar|Intimidate|boost\n|-unboost|p1a: Incineroar|atk|1\n|-fail|p1b: Alakazam|unboost|Attack|[from] ability: Inner Focus|[of] p1b: Alakazam\n|-ability|p1a: Incineroar|Intimidate|boost\n|-unboost|p2a: Incineroar|atk|1\n|-unboost|p2b: Sneasler|atk|1\n|-enditem|p2b: Sneasler|White Herb\n|-clearnegativeboost|p2b: Sneasler|[silent]\n|turn|1\n|inactive|4letters1wordyeet has 30 seconds left.\n|inactive|Doguito46 has 30 seconds left.\n|\n|t:|1776366410\n|move|p2b: Sneasler|Fake Out|p1a: Incineroar\n|-damage|p1a: Incineroar|82/100\n|cant|p1a: Incineroar|flinch\n|move|p2a: Incineroar|Fake Out|p1b: Alakazam\n|-damage|p1b: Alakazam|79/100\n|move|p1b: Alakazam|Speed Swap|p2b: Sneasler\n|-activate|p1b: Alakazam|move: Speed Swap|[of] p2b: Sneasler\n|\n|-heal|p1a: Incineroar|88/100|[from] item: Leftovers\n|upkeep\n|turn|2\n|\n|t:|1776366434\n|move|p2b: Sneasler|Protect|p2b: Sneasler\n|-singleturn|p2b: Sneasler|Protect\n|move|p1b: Alakazam|Reflect|p1b: Alakazam\n|-sidestart|p1: 4letters1wordyeet|Reflect\n|move|p2a: Incineroar|Darkest Lariat|p1b: Alakazam\n|-supereffective|p1b: Alakazam|1\n|-damage|p1b: Alakazam|0 fnt\n|faint|p1b: Alakazam\n|move|p1a: Incineroar|Will-O-Wisp|p2b: Sneasler\n|-activate|p2b: Sneasler|move: Protect\n|\n|-heal|p1a: Incineroar|93/100|[from] item: Leftovers\n|upkeep\n|inactive|4letters1wordyeet has 30 seconds left.\n|inactive|4letters1wordyeet has 20 seconds left.\n|inactive|4letters1wordyeet has 15 seconds left.\n|inactive|4letters1wordyeet has 10 seconds left.\n|inactive|4letters1wordyeet has 5 seconds left.\n|\n|t:|1776366489\n|switch|p1b: Garchomp|Garchomp, L50, M|100/100\n|turn|3\n|inactive|4letters1wordyeet has 30 seconds left.\n|inactive|4letters1wordyeet has 20 seconds left.\n|inactive|4letters1wordyeet has 15 seconds left.\n|inactive|4letters1wordyeet has 10 seconds left.\n|inactive|4letters1wordyeet has 5 seconds left.\n|\n|t:|1776366544\n|move|p2b: Sneasler|Close Combat|p1a: Incineroar\n|-supereffective|p1a: Incineroar|1\n|-damage|p1a: Incineroar|0 fnt\n|-unboost|p2b: Sneasler|def|1\n|-unboost|p2b: Sneasler|spd|1\n|faint|p1a: Incineroar\n|move|p1b: Garchomp|Swords Dance|p1b: Garchomp\n|-boost|p1b: Garchomp|atk|2\n|move|p2a: Incineroar|Parting Shot|p1b: Garchomp\n|-unboost|p1b: Garchomp|atk|1\n|-unboost|p1b: Garchomp|spa|1\n|\n|t:|1776366564\n|switch|p2a: Pelipper|Pelipper, L50, M|100/100|[from] Parting Shot\n|-weather|RainDance|[from] ability: Drizzle|[of] p2a: Pelipper\n|\n|-weather|RainDance|[upkeep]\n|upkeep\n|inactive|4letters1wordyeet has 30 seconds left.\n|inactive|4letters1wordyeet has 20 seconds left.\n|inactive|4letters1wordyeet has 15 seconds left.\n|inactive|4letters1wordyeet has 10 seconds left.\n|inactive|4letters1wordyeet has 5 seconds left.\n|\n|t:|1776366619\n|switch|p1a: Tyranitar|Tyranitar, L50, M|100/100\n|-weather|Sandstorm|[from] ability: Sand Stream|[of] p1a: Tyranitar\n|turn|4\n|inactive|Doguito46 has 30 seconds left.\n|inactive|Doguito46 has 20 seconds left.\n|\n|t:|1776366658\n|detailschange|p1b: Garchomp|Garchomp-Mega, L50, M\n|-mega|p1b: Garchomp|Garchomp|Garchompite\n|move|p2b: Sneasler|Close Combat|p1b: Garchomp\n|-damage|p1b: Garchomp|66/100\n|-unboost|p2b: Sneasler|def|1\n|-unboost|p2b: Sneasler|spd|1\n|move|p1b: Garchomp|Substitute|p1b: Garchomp\n|-start|p1b: Garchomp|Substitute\n|-damage|p1b: Garchomp|41/100\n|move|p2a: Pelipper|Tailwind|p2a: Pelipper\n|-sidestart|p2: Doguito46|move: Tailwind\n|move|p1a: Tyranitar|Thunder Wave|p2b: Sneasler\n|-status|p2b: Sneasler|par\n|\n|-weather|Sandstorm|[upkeep]\n|-damage|p2b: Sneasler|95/100 par|[from] Sandstorm\n|-damage|p2a: Pelipper|95/100|[from] Sandstorm\n|upkeep\n|turn|5\n|inactive|Doguito46 has 30 seconds left.\n|\n|t:|1776366684\n|switch|p2a: Basculegion|Basculegion, L50, M, shiny|100/100\n|move|p2b: Sneasler|Close Combat|p1a: Tyranitar\n|-supereffective|p1a: Tyranitar|2\n|-enditem|p1a: Tyranitar|Chople Berry|[eat]\n|-enditem|p1a: Tyranitar|Chople Berry|[weaken]\n|-damage|p1a: Tyranitar|34/100\n|-unboost|p2b: Sneasler|def|1\n|-unboost|p2b: Sneasler|spd|1\n|move|p1b: Garchomp|Dragon Rush|p2b: Sneasler\n|-damage|p2b: Sneasler|0 fnt\n|faint|p2b: Sneasler\n|move|p1a: Tyranitar|Stealth Rock|p2a: Basculegion\n|-sidestart|p2: Doguito46|move: Stealth Rock\n|\n|-weather|Sandstorm|[upkeep]\n|-damage|p2a: Basculegion|94/100|[from] Sandstorm\n|upkeep\n|\n|t:|1776366701\n|switch|p2b: Pelipper|Pelipper, L50, M|95/100\n|-damage|p2b: Pelipper|70/100|[from] Stealth Rock\n|-weather|RainDance|[from] ability: Drizzle|[of] p2b: Pelipper\n|turn|6\n|\n|t:|1776366725\n|move|p2a: Basculegion|Wave Crash|p1a: Tyranitar\n|-supereffective|p1a: Tyranitar|1\n|-damage|p1a: Tyranitar|0 fnt\n|faint|p1a: Tyranitar\n|-damage|p2a: Basculegion|85/100|[from] Recoil\n|move|p2b: Pelipper|Weather Ball|p1b: Garchomp\n|-end|p1b: Garchomp|Substitute\n|move|p1b: Garchomp|Dragon Rush|p2a: Basculegion|[miss]\n|-miss|p1b: Garchomp|p2a: Basculegion\n|\n|-weather|RainDance|[upkeep]\n|-sideend|p1: 4letters1wordyeet|Reflect\n|upkeep\n|turn|7\n|\n|t:|1776366742\n|move|p2a: Basculegion|Wave Crash|p1b: Garchomp\n|-damage|p1b: Garchomp|0 fnt\n|faint|p1b: Garchomp\n|-damage|p2a: Basculegion|70/100|[from] Recoil\n|\n|win|Doguito46\n|raw|4letters1wordyeet's rating: 1010 &rarr; <strong>1000</strong><br />(-10 for losing)\n|raw|Doguito46's rating: 1000 &rarr; <strong>1041</strong><br />(+41 for winning)\n|c|\u2606Doguito46|gg\n|l|\u26064letters1wordyeet\n|player|p1|\n",
  "uploadtime": 1776366764,
  "views": 18,
  "formatid": "gen9championsvgc2026regma",
  "rating": 1000,
  "private": 0,
  "password": null
}