{
  "id": "gen9championsvgc2026regma-2586956378",
  "format": "[Gen 9 Champions] VGC 2026 Reg M-A",
  "players": [
    "raikudosenien",
    "l.x.z.z.z"
  ],
  "log": "|j|\u2606raikudosenien\n|j|\u2606l.x.z.z.z\n|t:|1776475440\n|gametype|doubles\n|player|p1|raikudosenien|2|1059\n|player|p2|l.x.z.z.z|101|1152\n|gen|9\n|tier|[Gen 9 Champions] VGC 2026 Reg M-A\n|rated|\n|rule|Species Clause: Limit one of each Pok\u00e9mon\n|rule|Item Clause: Limit 1 of each item\n|clearpoke\n|poke|p1|Gengar, L50, M|\n|poke|p1|Abomasnow, L50, M|\n|poke|p1|Cofagrigus, L50, M|\n|poke|p1|Toxapex, L50, M|\n|poke|p1|Kingambit, L50, M|\n|poke|p1|Hydrapple, L50, F|\n|poke|p2|Starmie, L50|\n|poke|p2|Floette-Eternal, L50, F|\n|poke|p2|Sinistcha, L50|\n|poke|p2|Rotom-Wash, L50|\n|poke|p2|Corviknight, L50, M|\n|poke|p2|Arcanine-Hisui, L50, F|\n|teampreview|4\n|\n|t:|1776475470\n|teamsize|p1|4\n|teamsize|p2|4\n|start\n|switch|p1a: Cofagrigus|Cofagrigus, L50, M, shiny|100/100\n|switch|p1b: Toxapex|Toxapex, L50, M|100/100\n|switch|p2a: Starmie|Starmie, L50|100/100\n|switch|p2b: Arcanine|Arcanine-Hisui, L50, F|100/100\n|-ability|p2b: Arcanine|Intimidate|boost\n|-unboost|p1a: Cofagrigus|atk|1\n|-unboost|p1b: Toxapex|atk|1\n|turn|1\n|\n|t:|1776475491\n|detailschange|p2a: Starmie|Starmie-Mega, L50\n|-mega|p2a: Starmie|Starmie|Starminite\n|move|p2a: Starmie|Skill Swap|p2b: Arcanine\n|-activate|p2a: Starmie|Skill Swap|||[of] p2b: Arcanine\n|-ability|p2a: Starmie|Intimidate|boost\n|-unboost|p1a: Cofagrigus|atk|1\n|-unboost|p1b: Toxapex|atk|1\n|move|p2b: Arcanine|Rock Slide|p1a: Cofagrigus|[spread] p1a,p1b\n|-damage|p1a: Cofagrigus|67/100\n|-damage|p1b: Toxapex|70/100\n|move|p1b: Toxapex|Toxic|p2a: Starmie\n|-status|p2a: Starmie|tox\n|cant|p1a: Cofagrigus|flinch\n|\n|-heal|p1b: Toxapex|76/100|[from] item: Leftovers\n|-damage|p2a: Starmie|95/100 tox|[from] psn\n|upkeep\n|turn|2\n|\n|t:|1776475519\n|switch|p1b: Abomasnow|Abomasnow, L50, M|100/100\n|-weather|Snowscape|[from] ability: Snow Warning|[of] p1b: Abomasnow\n|move|p2a: Starmie|Flip Turn|p1a: Cofagrigus\n|-damage|p1a: Cofagrigus|51/100\n|-activate|p1a: Cofagrigus|ability: Mummy|p2a: Starmie|[ability] Intimidate\n|\n|t:|1776475532\n|switch|p2a: Corviknight|Corviknight, L50, M|100/100|[from] Flip Turn\n|move|p2b: Arcanine|Rock Slide|p1b: Abomasnow|[spread] p1a,p1b\n|-supereffective|p1b: Abomasnow|1\n|-damage|p1a: Cofagrigus|16/100\n|-damage|p1b: Abomasnow|20/100\n|move|p1a: Cofagrigus|Trick Room|p1a: Cofagrigus\n|-fieldstart|move: Trick Room|[of] p1a: Cofagrigus\n|\n|-weather|Snowscape|[upkeep]\n|upkeep\n|turn|3\n|\n|t:|1776475559\n|detailschange|p1b: Abomasnow|Abomasnow-Mega, L50, M\n|-mega|p1b: Abomasnow|Abomasnow|Abomasite\n|move|p1b: Abomasnow|Leaf Storm|p2b: Arcanine\n|-damage|p2b: Arcanine|20/100\n|-unboost|p1b: Abomasnow|spa|2\n|move|p1a: Cofagrigus|Psychic|p2b: Arcanine\n|-damage|p2b: Arcanine|0 fnt\n|faint|p2b: Arcanine\n|move|p2a: Corviknight|Iron Defense|p2a: Corviknight\n|-boost|p2a: Corviknight|def|2\n|\n|-weather|Snowscape|[upkeep]\n|upkeep\n|\n|t:|1776475576\n|switch|p2b: Rotom|Rotom-Wash, L50|100/100\n|turn|4\n|\n|t:|1776475586\n|move|p1a: Cofagrigus|Shadow Ball|p2a: Corviknight\n|-damage|p2a: Corviknight|69/100\n|move|p1b: Abomasnow|Leaf Storm|p2b: Rotom\n|-supereffective|p2b: Rotom|1\n|-damage|p2b: Rotom|0 fnt\n|-unboost|p1b: Abomasnow|spa|2\n|faint|p2b: Rotom\n|move|p2a: Corviknight|Body Press|p1b: Abomasnow\n|-supereffective|p1b: Abomasnow|1\n|-damage|p1b: Abomasnow|0 fnt\n|faint|p1b: Abomasnow\n|\n|-weather|Snowscape|[upkeep]\n|-heal|p2a: Corviknight|75/100|[from] item: Leftovers\n|upkeep\n|\n|t:|1776475605\n|switch|p1b: Toxapex|Toxapex, L50, M|100/100\n|switch|p2b: Starmie|Starmie-Mega, L50|95/100 tox\n|turn|5\n|\n|t:|1776475631\n|move|p1a: Cofagrigus|Shadow Ball|p2b: Starmie\n|-supereffective|p2b: Starmie|1\n|-damage|p2b: Starmie|19/100 tox\n|-unboost|p2b: Starmie|spd|1\n|move|p1b: Toxapex|Infestation|p2a: Corviknight\n|-resisted|p2a: Corviknight|2\n|-damage|p2a: Corviknight|75/100\n|-activate|p2a: Corviknight|move: Infestation|[of] p1b: Toxapex\n|move|p2a: Corviknight|Brave Bird|p1a: Cofagrigus\n|-damage|p1a: Cofagrigus|0 fnt\n|-activate|p1a: Cofagrigus|ability: Mummy|p2a: Corviknight|[ability] Mirror Armor\n|faint|p1a: Cofagrigus\n|-damage|p2a: Corviknight|71/100|[from] Recoil\n|move|p2b: Starmie|Psycho Cut|p1b: Toxapex\n|-supereffective|p1b: Toxapex|1\n|-damage|p1b: Toxapex|23/100\n|\n|-weather|Snowscape|[upkeep]\n|-heal|p1b: Toxapex|29/100|[from] item: Leftovers\n|-heal|p2a: Corviknight|77/100|[from] item: Leftovers\n|-damage|p2b: Starmie|13/100 tox|[from] psn\n|-damage|p2a: Corviknight|64/100|[from] move: Infestation|[partiallytrapped]\n|upkeep\n|\n|t:|1776475655\n|switch|p1a: Gengar|Gengar, L50, M|100/100\n|turn|6\n|\n|t:|1776475676\n|move|p1b: Toxapex|Baneful Bunker|p1b: Toxapex\n|-singleturn|p1b: Toxapex|move: Protect\n|move|p1a: Gengar|Protect|p1a: Gengar\n|-singleturn|p1a: Gengar|Protect\n|move|p2a: Corviknight|Brave Bird|p1a: Gengar\n|-activate|p1a: Gengar|move: Protect\n|move|p2b: Starmie|Psycho Cut|p1a: Gengar\n|-activate|p1a: Gengar|move: Protect\n|\n|-weather|none\n|-heal|p1b: Toxapex|34/100|[from] item: Leftovers\n|-heal|p2a: Corviknight|70/100|[from] item: Leftovers\n|-damage|p2b: Starmie|1/100 tox|[from] psn\n|-damage|p2a: Corviknight|58/100|[from] move: Infestation|[partiallytrapped]\n|-fieldend|move: Trick Room\n|upkeep\n|turn|7\n|\n|t:|1776475716\n|move|p2b: Starmie|Psycho Cut|p1a: Gengar\n|-supereffective|p1a: Gengar|1\n|-crit|p1a: Gengar\n|-damage|p1a: Gengar|0 fnt\n|faint|p1a: Gengar\n|move|p2a: Corviknight|Brave Bird|p1b: Toxapex\n|-damage|p1b: Toxapex|9/100\n|-damage|p2a: Corviknight|52/100|[from] Recoil\n|move|p1b: Toxapex|Recover|p1b: Toxapex\n|-heal|p1b: Toxapex|60/100\n|\n|-heal|p2a: Corviknight|58/100|[from] item: Leftovers\n|-heal|p1b: Toxapex|65/100|[from] item: Leftovers\n|-damage|p2b: Starmie|0 fnt|[from] psn\n|faint|p2b: Starmie\n|-damage|p2a: Corviknight|45/100|[from] move: Infestation|[partiallytrapped]\n|upkeep\n|turn|8\n|\n|t:|1776475735\n|move|p1b: Toxapex|Baneful Bunker|p1b: Toxapex\n|-singleturn|p1b: Toxapex|move: Protect\n|move|p2a: Corviknight|Iron Defense|p2a: Corviknight\n|-boost|p2a: Corviknight|def|2\n|\n|-heal|p2a: Corviknight|51/100|[from] item: Leftovers\n|-heal|p1b: Toxapex|71/100|[from] item: Leftovers\n|-damage|p2a: Corviknight|39/100|[from] move: Infestation|[partiallytrapped]\n|upkeep\n|turn|9\n|\n|t:|1776475750\n|move|p2a: Corviknight|Body Press|p1b: Toxapex\n|-resisted|p1b: Toxapex|1\n|-damage|p1b: Toxapex|48/100\n|move|p1b: Toxapex|Recover|p1b: Toxapex\n|-heal|p1b: Toxapex|99/100\n|\n|-heal|p2a: Corviknight|45/100|[from] item: Leftovers\n|-heal|p1b: Toxapex|100/100|[from] item: Leftovers\n|-end|p2a: Corviknight|Infestation|[partiallytrapped]\n|upkeep\n|turn|10\n|\n|t:|1776475761\n|move|p2a: Corviknight|Protect|p2a: Corviknight\n|-singleturn|p2a: Corviknight|Protect\n|move|p1b: Toxapex|Infestation|p2a: Corviknight\n|-activate|p2a: Corviknight|move: Protect\n|\n|-heal|p2a: Corviknight|51/100|[from] item: Leftovers\n|upkeep\n|turn|11\n|\n|t:|1776475769\n|move|p2a: Corviknight|Iron Defense|p2a: Corviknight\n|-boost|p2a: Corviknight|def|2\n|move|p1b: Toxapex|Infestation|p2a: Corviknight\n|-resisted|p2a: Corviknight|2\n|-damage|p2a: Corviknight|50/100\n|-activate|p2a: Corviknight|move: Infestation|[of] p1b: Toxapex\n|-activate|p2a: Corviknight|ability: Mummy|p1b: Toxapex|[ability] Regenerator\n|\n|-heal|p2a: Corviknight|56/100|[from] item: Leftovers\n|-damage|p2a: Corviknight|44/100|[from] move: Infestation|[partiallytrapped]\n|upkeep\n|turn|12\n|\n|t:|1776475786\n|move|p1b: Toxapex|Baneful Bunker|p1b: Toxapex\n|-singleturn|p1b: Toxapex|move: Protect\n|move|p2a: Corviknight|Body Press|p1b: Toxapex\n|-activate|p1b: Toxapex|move: Protect\n|\n|-heal|p2a: Corviknight|50/100|[from] item: Leftovers\n|-damage|p2a: Corviknight|38/100|[from] move: Infestation|[partiallytrapped]\n|upkeep\n|turn|13\n|\n|t:|1776475795\n|move|p2a: Corviknight|Body Press|p1b: Toxapex\n|-resisted|p1b: Toxapex|1\n|-damage|p1b: Toxapex|71/100\n|move|p1b: Toxapex|Recover|p1b: Toxapex\n|-heal|p1b: Toxapex|100/100\n|\n|-heal|p2a: Corviknight|43/100|[from] item: Leftovers\n|-damage|p2a: Corviknight|31/100|[from] move: Infestation|[partiallytrapped]\n|upkeep\n|turn|14\n|\n|t:|1776475805\n|move|p1b: Toxapex|Baneful Bunker|p1b: Toxapex\n|-singleturn|p1b: Toxapex|move: Protect\n|move|p2a: Corviknight|Iron Defense|p2a: Corviknight\n|-boost|p2a: Corviknight|def|0\n|\n|-heal|p2a: Corviknight|37/100|[from] item: Leftovers\n|-damage|p2a: Corviknight|25/100|[from] move: Infestation|[partiallytrapped]\n|upkeep\n|turn|15\n|\n|t:|1776475814\n|move|p2a: Corviknight|Body Press|p1b: Toxapex\n|-resisted|p1b: Toxapex|1\n|-damage|p1b: Toxapex|71/100\n|move|p1b: Toxapex|Recover|p1b: Toxapex\n|-heal|p1b: Toxapex|100/100\n|\n|-heal|p2a: Corviknight|31/100|[from] item: Leftovers\n|-end|p2a: Corviknight|Infestation|[partiallytrapped]\n|upkeep\n|turn|16\n|\n|t:|1776475825\n|move|p2a: Corviknight|Protect|p2a: Corviknight\n|-singleturn|p2a: Corviknight|Protect\n|move|p1b: Toxapex|Infestation|p2a: Corviknight\n|-activate|p2a: Corviknight|move: Protect\n|\n|-heal|p2a: Corviknight|37/100|[from] item: Leftovers\n|upkeep\n|turn|17\n|\n|t:|1776475832\n|move|p2a: Corviknight|Body Press|p1b: Toxapex\n|-resisted|p1b: Toxapex|1\n|-damage|p1b: Toxapex|70/100\n|move|p1b: Toxapex|Infestation|p2a: Corviknight\n|-resisted|p2a: Corviknight|2\n|-damage|p2a: Corviknight|36/100\n|-activate|p2a: Corviknight|move: Infestation|[of] p1b: Toxapex\n|\n|-heal|p2a: Corviknight|42/100|[from] item: Leftovers\n|-heal|p1b: Toxapex|76/100|[from] item: Leftovers\n|-damage|p2a: Corviknight|30/100|[from] move: Infestation|[partiallytrapped]\n|upkeep\n|turn|18\n|\n|t:|1776475843\n|move|p1b: Toxapex|Baneful Bunker|p1b: Toxapex\n|-singleturn|p1b: Toxapex|move: Protect\n|move|p2a: Corviknight|Body Press|p1b: Toxapex\n|-activate|p1b: Toxapex|move: Protect\n|\n|-heal|p2a: Corviknight|36/100|[from] item: Leftovers\n|-heal|p1b: Toxapex|81/100|[from] item: Leftovers\n|-damage|p2a: Corviknight|23/100|[from] move: Infestation|[partiallytrapped]\n|upkeep\n|turn|19\n|\n|t:|1776475858\n|move|p2a: Corviknight|Body Press|p1b: Toxapex\n|-resisted|p1b: Toxapex|1\n|-damage|p1b: Toxapex|49/100\n|move|p1b: Toxapex|Recover|p1b: Toxapex\n|-heal|p1b: Toxapex|99/100\n|\n|-heal|p2a: Corviknight|29/100|[from] item: Leftovers\n|-heal|p1b: Toxapex|100/100|[from] item: Leftovers\n|-damage|p2a: Corviknight|17/100|[from] move: Infestation|[partiallytrapped]\n|upkeep\n|turn|20\n|\n|t:|1776475872\n|move|p2a: Corviknight|Iron Defense|p2a: Corviknight\n|-boost|p2a: Corviknight|def|0\n|move|p1b: Toxapex|Recover||[still]\n|-fail|p1b: Toxapex|heal\n|\n|-heal|p2a: Corviknight|23/100|[from] item: Leftovers\n|-damage|p2a: Corviknight|11/100|[from] move: Infestation|[partiallytrapped]\n|upkeep\n|turn|21\n|\n|t:|1776475881\n|move|p1b: Toxapex|Baneful Bunker|p1b: Toxapex\n|-singleturn|p1b: Toxapex|move: Protect\n|move|p2a: Corviknight|Body Press|p1b: Toxapex\n|-activate|p1b: Toxapex|move: Protect\n|\n|-heal|p2a: Corviknight|17/100|[from] item: Leftovers\n|-damage|p2a: Corviknight|4/100|[from] move: Infestation|[partiallytrapped]\n|upkeep\n|turn|22\n|\n|t:|1776475891\n|move|p2a: Corviknight|Body Press|p1b: Toxapex\n|-resisted|p1b: Toxapex|1\n|-damage|p1b: Toxapex|66/100\n|move|p1b: Toxapex|Infestation|p2a: Corviknight\n|-resisted|p2a: Corviknight|2\n|-damage|p2a: Corviknight|4/100\n|\n|-heal|p2a: Corviknight|10/100|[from] item: Leftovers\n|-heal|p1b: Toxapex|72/100|[from] item: Leftovers\n|-end|p2a: Corviknight|Infestation|[partiallytrapped]\n|upkeep\n|turn|23\n|\n|t:|1776475908\n|move|p2a: Corviknight|Protect|p2a: Corviknight\n|-singleturn|p2a: Corviknight|Protect\n|move|p1b: Toxapex|Baneful Bunker||[still]\n|-fail|p1b: Toxapex\n|\n|-heal|p2a: Corviknight|16/100|[from] item: Leftovers\n|-heal|p1b: Toxapex|78/100|[from] item: Leftovers\n|upkeep\n|turn|24\n|\n|t:|1776475914\n|move|p2a: Corviknight|Protect||[still]\n|-fail|p2a: Corviknight\n|move|p1b: Toxapex|Recover|p1b: Toxapex\n|-heal|p1b: Toxapex|100/100\n|\n|-heal|p2a: Corviknight|21/100|[from] item: Leftovers\n|upkeep\n|turn|25\n|\n|t:|1776475922\n|move|p2a: Corviknight|Protect|p2a: Corviknight\n|-singleturn|p2a: Corviknight|Protect\n|move|p1b: Toxapex|Infestation|p2a: Corviknight\n|-activate|p2a: Corviknight|move: Protect\n|\n|-heal|p2a: Corviknight|27/100|[from] item: Leftovers\n|upkeep\n|turn|26\n|\n|t:|1776475931\n|move|p2a: Corviknight|Body Press|p1b: Toxapex\n|-resisted|p1b: Toxapex|1\n|-damage|p1b: Toxapex|71/100\n|move|p1b: Toxapex|Infestation|p2a: Corviknight\n|-resisted|p2a: Corviknight|2\n|-damage|p2a: Corviknight|27/100\n|-activate|p2a: Corviknight|move: Infestation|[of] p1b: Toxapex\n|\n|-heal|p2a: Corviknight|33/100|[from] item: Leftovers\n|-heal|p1b: Toxapex|76/100|[from] item: Leftovers\n|-damage|p2a: Corviknight|20/100|[from] move: Infestation|[partiallytrapped]\n|upkeep\n|turn|27\n|\n|t:|1776475948\n|move|p1b: Toxapex|Baneful Bunker|p1b: Toxapex\n|-singleturn|p1b: Toxapex|move: Protect\n|move|p2a: Corviknight|Brave Bird|p1b: Toxapex\n|-activate|p1b: Toxapex|move: Protect\n|\n|-heal|p2a: Corviknight|26/100|[from] item: Leftovers\n|-heal|p1b: Toxapex|82/100|[from] item: Leftovers\n|-damage|p2a: Corviknight|14/100|[from] move: Infestation|[partiallytrapped]\n|upkeep\n|turn|28\n|\n|t:|1776475961\n|move|p2a: Corviknight|Body Press|p1b: Toxapex\n|-resisted|p1b: Toxapex|1\n|-damage|p1b: Toxapex|50/100\n|move|p1b: Toxapex|Recover|p1b: Toxapex\n|-heal|p1b: Toxapex|100/100\n|\n|-heal|p2a: Corviknight|20/100|[from] item: Leftovers\n|-damage|p2a: Corviknight|8/100|[from] move: Infestation|[partiallytrapped]\n|upkeep\n|turn|29\n|\n|t:|1776475973\n|move|p2a: Corviknight|Brave Bird|p1b: Toxapex\n|-damage|p1b: Toxapex|77/100\n|-damage|p2a: Corviknight|2/100|[from] Recoil\n|move|p1b: Toxapex|Infestation|p2a: Corviknight\n|-resisted|p2a: Corviknight|2\n|-damage|p2a: Corviknight|1/100\n|\n|-heal|p2a: Corviknight|7/100|[from] item: Leftovers\n|-heal|p1b: Toxapex|83/100|[from] item: Leftovers\n|-damage|p2a: Corviknight|0 fnt|[from] move: Infestation|[partiallytrapped]\n|faint|p2a: Corviknight\n|\n|win|raikudosenien\n|raw|raikudosenien's rating: 1059 &rarr; <strong>1098</strong><br />(+39 for winning)\n|raw|l.x.z.z.z's rating: 1152 &rarr; <strong>1120</strong><br />(-32 for losing)\n|l|\u2606l.x.z.z.z\n|player|p2|\n",
  "uploadtime": 1776475986,
  "views": 19,
  "formatid": "gen9championsvgc2026regma",
  "rating": 1098,
  "private": 0,
  "password": null
}