{
  "id": "gen9championsvgc2026regma-2588011886",
  "format": "[Gen 9 Champions] VGC 2026 Reg M-A",
  "players": [
    "Tsekaiandincognito",
    "NoProblemAgency"
  ],
  "log": "|j|\u2606Tsekaiandincognito\n|j|\u2606NoProblemAgency\n|t:|1776592715\n|gametype|doubles\n|player|p1|Tsekaiandincognito|170|1196\n|player|p2|NoProblemAgency|red|1114\n|gen|9\n|tier|[Gen 9 Champions] VGC 2026 Reg M-A\n|rated|\n|rule|Species Clause: Limit one of each Pok\u00e9mon\n|rule|Item Clause: Limit 1 of each item\n|clearpoke\n|poke|p1|Talonflame, L50, F|\n|poke|p1|Starmie, L50|\n|poke|p1|Krookodile, L50, M|\n|poke|p1|Gardevoir, L50, F|\n|poke|p1|Gengar, L50, M|\n|poke|p1|Aggron, L50, M|\n|poke|p2|Gengar, L50, F|\n|poke|p2|Incineroar, L50, M|\n|poke|p2|Kommo-o, L50, M|\n|poke|p2|Basculegion, L50, M|\n|poke|p2|Maushold, L50|\n|poke|p2|Rotom-Wash, L50|\n|teampreview|4\n|\n|t:|1776592736\n|teamsize|p1|4\n|teamsize|p2|4\n|start\n|switch|p1a: Talonflame|Talonflame, L50, F|100/100\n|switch|p1b: Starmie|Starmie, L50|100/100\n|switch|p2a: Gengar|Gengar, L50, F|100/100\n|switch|p2b: Incineroar|Incineroar, L50, M|100/100\n|-ability|p2b: Incineroar|Intimidate|boost\n|-unboost|p1a: Talonflame|atk|1\n|-unboost|p1b: Starmie|atk|1\n|turn|1\n|\n|t:|1776592748\n|switch|p2b: Rotom|Rotom-Wash, L50|100/100\n|detailschange|p1b: Starmie|Starmie-Mega, L50\n|-mega|p1b: Starmie|Starmie|Starminite\n|detailschange|p2a: Gengar|Gengar-Mega, L50, F\n|-mega|p2a: Gengar|Gengar|Gengarite\n|move|p2a: Gengar|Protect|p2a: Gengar\n|-singleturn|p2a: Gengar|Protect\n|move|p1a: Talonflame|Quick Guard|p1a: Talonflame\n|-singleturn|p1a: Talonflame|Quick Guard\n|move|p1b: Starmie|Liquidation|p2b: Rotom\n|-resisted|p2b: Rotom|1\n|-damage|p2b: Rotom|75/100\n|\n|upkeep\n|turn|2\n|\n|t:|1776592768\n|switch|p2a: Incineroar|Incineroar, L50, M|100/100\n|-ability|p2a: Incineroar|Intimidate|boost\n|-unboost|p1a: Talonflame|atk|1\n|-unboost|p1b: Starmie|atk|1\n|move|p1a: Talonflame|Tailwind|p1a: Talonflame\n|-sidestart|p1: Tsekaiandincognito|move: Tailwind\n|move|p1b: Starmie|Liquidation|p2a: Incineroar\n|-supereffective|p2a: Incineroar|1\n|-damage|p2a: Incineroar|19/100\n|-unboost|p2a: Incineroar|def|1\n|move|p2b: Rotom|Volt Switch|p1a: Talonflame\n|-supereffective|p1a: Talonflame|1\n|-damage|p1a: Talonflame|14/100\n|inactive|Battle timer is ON: inactive players will automatically lose when time's up. (requested by Tsekaiandincognito)\n|\n|t:|1776592782\n|switch|p2b: Gengar|Gengar-Mega, L50, F|100/100|[from] Volt Switch\n|\n|upkeep\n|turn|3\n|\n|t:|1776592796\n|move|p1b: Starmie|Protect|p1b: Starmie\n|-singleturn|p1b: Starmie|Protect\n|move|p2a: Incineroar|Fake Out|p1a: Talonflame\n|-damage|p1a: Talonflame|0 fnt\n|faint|p1a: Talonflame\n|move|p2b: Gengar|Shadow Ball|p1b: Starmie\n|-activate|p1b: Starmie|move: Protect\n|\n|upkeep\n|\n|t:|1776592804\n|switch|p1a: Krookodile|Krookodile, L50, M|100/100\n|turn|4\n|\n|t:|1776592814\n|switch|p2a: Rotom|Rotom-Wash, L50|75/100\n|move|p2b: Gengar|Protect|p2b: Gengar\n|-singleturn|p2b: Gengar|Protect\n|move|p1b: Starmie|Aqua Jet|p2a: Rotom\n|-resisted|p2a: Rotom|1\n|-damage|p2a: Rotom|66/100\n|move|p1a: Krookodile|Knock Off|p2b: Gengar\n|-activate|p2b: Gengar|move: Protect\n|\n|upkeep\n|turn|5\n|\n|t:|1776592826\n|switch|p2b: Incineroar|Incineroar, L50, M|19/100\n|-ability|p2b: Incineroar|Intimidate|boost\n|-unboost|p1a: Krookodile|atk|1\n|-unboost|p1b: Starmie|atk|1\n|move|p1b: Starmie|Protect|p1b: Starmie\n|-singleturn|p1b: Starmie|Protect\n|move|p1a: Krookodile|Knock Off|p2b: Incineroar\n|-resisted|p2b: Incineroar|1\n|-damage|p2b: Incineroar|2/100\n|-enditem|p2b: Incineroar|Chople Berry|[from] move: Knock Off|[of] p1a: Krookodile\n|move|p2a: Rotom|Hydro Pump|p1a: Krookodile\n|-supereffective|p1a: Krookodile|1\n|-damage|p1a: Krookodile|0 fnt\n|faint|p1a: Krookodile\n|\n|-sideend|p1: Tsekaiandincognito|move: Tailwind\n|upkeep\n|\n|t:|1776592838\n|switch|p1a: Gardevoir|Gardevoir, L50, F|100/100\n|turn|6\n|\n|t:|1776592851\n|move|p1b: Starmie|Aqua Jet|p2b: Incineroar\n|-supereffective|p2b: Incineroar|1\n|-damage|p2b: Incineroar|0 fnt\n|faint|p2b: Incineroar\n|move|p1a: Gardevoir|Moonblast|p2a: Rotom\n|-damage|p2a: Rotom|12/100\n|-enditem|p2a: Rotom|Sitrus Berry|[eat]\n|-heal|p2a: Rotom|37/100|[from] item: Sitrus Berry\n|move|p2a: Rotom|Volt Switch|p1b: Starmie\n|-supereffective|p1b: Starmie|1\n|-damage|p1b: Starmie|37/100\n|\n|t:|1776592862\n|switch|p2a: Gengar|Gengar-Mega, L50, F|100/100|[from] Volt Switch\n|\n|upkeep\n|\n|t:|1776592867\n|switch|p2b: Rotom|Rotom-Wash, L50|37/100\n|turn|7\n|\n|t:|1776592879\n|move|p1b: Starmie|Protect|p1b: Starmie\n|-singleturn|p1b: Starmie|Protect\n|move|p2a: Gengar|Sludge Bomb|p1a: Gardevoir\n|-supereffective|p1a: Gardevoir|1\n|-damage|p1a: Gardevoir|0 fnt\n|faint|p1a: Gardevoir\n|move|p2b: Rotom|Volt Switch|p1b: Starmie\n|-activate|p1b: Starmie|move: Protect\n|\n|upkeep\n|turn|8\n|\n|t:|1776592888\n|move|p1b: Starmie|Aqua Jet|p2a: Gengar\n|-damage|p2a: Gengar|82/100\n|move|p2a: Gengar|Shadow Ball|p1b: Starmie\n|-supereffective|p1b: Starmie|1\n|-damage|p1b: Starmie|0 fnt\n|faint|p1b: Starmie\n|\n|win|NoProblemAgency\n|raw|Tsekaiandincognito's rating: 1196 &rarr; <strong>1165</strong><br />(-31 for losing)\n|raw|NoProblemAgency's rating: 1114 &rarr; <strong>1145</strong><br />(+31 for winning)\n",
  "uploadtime": 1776592893,
  "views": 10,
  "formatid": "gen9championsvgc2026regma",
  "rating": 1145,
  "private": 0,
  "password": null
}