{
  "id": "gen9championsvgc2026regma-2587730132",
  "format": "[Gen 9 Champions] VGC 2026 Reg M-A",
  "players": [
    "SunTufo",
    "ChoKuRei"
  ],
  "log": "|j|\u2606SunTufo\n|j|\u2606ChoKuRei\n|t:|1776558208\n|gametype|doubles\n|player|p1|SunTufo|li|1307\n|player|p2|ChoKuRei|2|1277\n|gen|9\n|tier|[Gen 9 Champions] VGC 2026 Reg M-A\n|rated|\n|rule|Species Clause: Limit one of each Pok\u00e9mon\n|rule|Item Clause: Limit 1 of each item\n|clearpoke\n|poke|p1|Froslass, L50, F, shiny|\n|poke|p1|Milotic, L50, F, shiny|\n|poke|p1|Sneasler, L50, M, shiny|\n|poke|p1|Rotom-Frost, L50|\n|poke|p1|Goodra-Hisui, L50, M, shiny|\n|poke|p1|Kleavor, L50, F|\n|poke|p2|Sylveon, L50, M, shiny|\n|poke|p2|Salazzle, L50, F, shiny|\n|poke|p2|Aerodactyl, L50, M, shiny|\n|poke|p2|Dragonite, L50, M, shiny|\n|poke|p2|Tyranitar, L50, M, shiny|\n|poke|p2|Excadrill, L50, M, shiny|\n|teampreview|4\n|inactive|Battle timer is ON: inactive players will automatically lose when time's up. (requested by ChoKuRei)\n|inactive|SunTufo also wants the timer to be on.\n|\n|t:|1776558231\n|teamsize|p1|4\n|teamsize|p2|4\n|start\n|switch|p1a: Goodra|Goodra-Hisui, L50, M, shiny|100/100\n|switch|p1b: Sneasler|Sneasler, L50, M, shiny|100/100\n|switch|p2a: Salazzle|Salazzle, L50, F, shiny|100/100\n|switch|p2b: Sylveon|Sylveon, L50, M, shiny|100/100\n|turn|1\n|\n|t:|1776558246\n|move|p1b: Sneasler|Fake Out|p2a: Salazzle\n|-damage|p2a: Salazzle|73/100\n|cant|p2a: Salazzle|flinch\n|move|p2b: Sylveon|Psychic|p1b: Sneasler\n|-supereffective|p1b: Sneasler|2\n|-damage|p1b: Sneasler|0 fnt\n|faint|p1b: Sneasler\n|move|p1a: Goodra|Shelter|p1a: Goodra\n|-boost|p1a: Goodra|def|2\n|\n|upkeep\n|\n|t:|1776558254\n|switch|p1b: Milotic|Milotic, L50, F, shiny|100/100\n|turn|2\n|\n|t:|1776558261\n|switch|p2a: Dragonite|Dragonite, L50, M, shiny|100/100\n|move|p1b: Milotic|Muddy Water|p2a: Dragonite|[spread] p2a,p2b\n|-resisted|p2a: Dragonite|1\n|-damage|p2a: Dragonite|93/100\n|-damage|p2b: Sylveon|78/100\n|move|p1a: Goodra|Heavy Slam|p2b: Sylveon\n|-supereffective|p2b: Sylveon|1\n|-damage|p2b: Sylveon|0 fnt\n|faint|p2b: Sylveon\n|\n|-heal|p2a: Dragonite|99/100|[from] item: Leftovers\n|upkeep\n|\n|t:|1776558275\n|switch|p2b: Salazzle|Salazzle, L50, F, shiny|73/100\n|turn|3\n|\n|t:|1776558283\n|move|p2b: Salazzle|Fake Out|p1b: Milotic\n|-damage|p1b: Milotic|94/100\n|cant|p1b: Milotic|flinch\n|move|p2a: Dragonite|Fire Punch|p1a: Goodra\n|-damage|p1a: Goodra|90/100\n|move|p1a: Goodra|Shelter|p1a: Goodra\n|-boost|p1a: Goodra|def|2\n|\n|-heal|p2a: Dragonite|100/100|[from] item: Leftovers\n|-heal|p1a: Goodra|96/100|[from] item: Leftovers\n|upkeep\n|turn|4\n|inactive|SunTufo has 30 seconds left.\n|\n|t:|1776558309\n|move|p2b: Salazzle|Heat Wave|p1b: Milotic|[spread] p1a,p1b\n|-resisted|p1b: Milotic|1\n|-damage|p1a: Goodra|75/100\n|-damage|p1b: Milotic|81/100\n|-status|p1a: Goodra|brn\n|move|p1b: Milotic|Muddy Water|p2b: Salazzle|[spread] p2a,p2b\n|-resisted|p2a: Dragonite|1\n|-supereffective|p2b: Salazzle|1\n|-damage|p2a: Dragonite|93/100\n|-damage|p2b: Salazzle|0 fnt\n|faint|p2b: Salazzle\n|move|p2a: Dragonite|Thunder Punch|p1b: Milotic\n|-supereffective|p1b: Milotic|1\n|-damage|p1b: Milotic|20/100\n|move|p1a: Goodra|Body Press|p2a: Dragonite\n|-resisted|p2a: Dragonite|1\n|-damage|p2a: Dragonite|76/100\n|\n|-heal|p2a: Dragonite|82/100|[from] item: Leftovers\n|-heal|p1a: Goodra|81/100 brn|[from] item: Leftovers\n|-damage|p1a: Goodra|75/100 brn|[from] brn\n|upkeep\n|\n|t:|1776558328\n|switch|p2b: Aerodactyl|Aerodactyl, L50, M, shiny|100/100\n|-ability|p2b: Aerodactyl|Unnerve\n|turn|5\n|\n|t:|1776558343\n|detailschange|p2b: Aerodactyl|Aerodactyl-Mega, L50, M, shiny\n|-mega|p2b: Aerodactyl|Aerodactyl|Aerodactylite\n|move|p2a: Dragonite|Extreme Speed|p1b: Milotic\n|-crit|p1b: Milotic\n|-damage|p1b: Milotic|0 fnt\n|faint|p1b: Milotic\n|move|p2b: Aerodactyl|Fire Fang|p1a: Goodra\n|-crit|p1a: Goodra\n|-damage|p1a: Goodra|38/100 brn\n|move|p1a: Goodra|Body Press|p2b: Aerodactyl\n|-damage|p2b: Aerodactyl|55/100\n|\n|-heal|p2a: Dragonite|88/100|[from] item: Leftovers\n|-heal|p1a: Goodra|44/100 brn|[from] item: Leftovers\n|-damage|p1a: Goodra|38/100 brn|[from] brn\n|upkeep\n|\n|t:|1776558355\n|switch|p1b: Froslass|Froslass, L50, F, shiny|100/100\n|turn|6\n|\n|t:|1776558371\n|detailschange|p1b: Froslass|Froslass-Mega, L50, F, shiny\n|-mega|p1b: Froslass|Froslass|Froslassite\n|-weather|Snowscape|[from] ability: Snow Warning|[of] p1b: Froslass\n|move|p2b: Aerodactyl|Rock Slide|p1b: Froslass|[spread] p1a,p1b\n|-resisted|p1a: Goodra|1\n|-supereffective|p1b: Froslass|1\n|-damage|p1a: Goodra|34/100 brn\n|-damage|p1b: Froslass|34/100\n|cant|p1b: Froslass|flinch\n|move|p2a: Dragonite|Earthquake|p1b: Froslass|[spread] p1a,p1b\n|-immune|p2b: Aerodactyl\n|-supereffective|p1a: Goodra|1\n|-crit|p1b: Froslass\n|-damage|p1a: Goodra|19/100 brn\n|-damage|p1b: Froslass|0 fnt\n|faint|p1b: Froslass\n|move|p1a: Goodra|Heavy Slam|p2b: Aerodactyl\n|-supereffective|p2b: Aerodactyl|1\n|-damage|p2b: Aerodactyl|9/100\n|\n|-weather|Snowscape|[upkeep]\n|-heal|p2a: Dragonite|94/100|[from] item: Leftovers\n|-heal|p1a: Goodra|25/100 brn|[from] item: Leftovers\n|-damage|p1a: Goodra|19/100 brn|[from] brn\n|upkeep\n|turn|7\n|c|\u2606SunTufo|lol the game\n|inactive|SunTufo has 30 seconds left.\n|inactive|ChoKuRei has 30 seconds left.\n|c|\u2606SunTufo|more rng game\n|-message|SunTufo forfeited.\n|\n|win|ChoKuRei\n|raw|SunTufo's rating: 1307 &rarr; <strong>1285</strong><br />(-22 for losing)\n|raw|ChoKuRei's rating: 1277 &rarr; <strong>1304</strong><br />(+27 for winning)\n",
  "uploadtime": 1776558403,
  "views": 16,
  "formatid": "gen9championsvgc2026regma",
  "rating": 1285,
  "private": 0,
  "password": null
}