{
  "id": "gen9championsvgc2026regma-2586468461",
  "format": "[Gen 9 Champions] VGC 2026 Reg M-A",
  "players": [
    "miguelmnc2",
    "AMD_T75"
  ],
  "log": "|j|\u2606miguelmnc2\n|j|\u2606AMD_T75\n|t:|1776436790\n|gametype|doubles\n|player|p1|miguelmnc2|cynthia-gen4|1088\n|player|p2|AMD_T75|1|1092\n|gen|9\n|tier|[Gen 9 Champions] VGC 2026 Reg M-A\n|rated|\n|rule|Species Clause: Limit one of each Pok\u00e9mon\n|rule|Item Clause: Limit 1 of each item\n|clearpoke\n|poke|p1|Sneasler, L50, F|\n|poke|p1|Farigiraf, L50, F|\n|poke|p1|Typhlosion-Hisui, L50, M|\n|poke|p1|Torkoal, L50, F|\n|poke|p1|Ninetales-Alola, L50, F|\n|poke|p1|Crabominable, L50, M|\n|poke|p2|Floette-Eternal, L50, F|\n|poke|p2|Sinistcha, L50|\n|poke|p2|Incineroar, L50, M|\n|poke|p2|Sneasler, L50, M|\n|poke|p2|Camerupt, L50, F|\n|poke|p2|Torkoal, L50, F|\n|teampreview|4\n|\n|t:|1776436849\n|teamsize|p1|4\n|teamsize|p2|4\n|start\n|switch|p1a: Farigiraf|Farigiraf, L50, F|100/100\n|switch|p1b: Sneasler|Sneasler, L50, F|100/100\n|switch|p2a: Sinistcha|Sinistcha, L50|100/100\n|switch|p2b: Incineroar|Incineroar, L50, M, shiny|100/100\n|-ability|p2b: Incineroar|Intimidate|boost\n|-unboost|p1a: Farigiraf|atk|1\n|-unboost|p1b: Sneasler|atk|1\n|-enditem|p1b: Sneasler|White Herb\n|-clearnegativeboost|p1b: Sneasler|[silent]\n|turn|1\n|inactive|Battle timer is ON: inactive players will automatically lose when time's up. (requested by miguelmnc2)\n|\n|t:|1776436879\n|switch|p2a: Torkoal|Torkoal, L50, F|100/100\n|-weather|SunnyDay|[from] ability: Drought|[of] p2a: Torkoal\n|move|p1b: Sneasler|U-turn|p2a: Torkoal\n|-resisted|p2a: Torkoal|1\n|-damage|p2a: Torkoal|92/100\n|\n|t:|1776436888\n|switch|p1b: Torkoal|Torkoal, L50, F|100/100|[from] U-turn\n|move|p2b: Incineroar|Parting Shot|p1a: Farigiraf\n|-unboost|p1a: Farigiraf|atk|1\n|-unboost|p1a: Farigiraf|spa|1\n|\n|t:|1776436894\n|switch|p2b: Camerupt|Camerupt, L50, F|100/100|[from] Parting Shot\n|move|p1a: Farigiraf|Trick Room|p1a: Farigiraf\n|-fieldstart|move: Trick Room|[of] p1a: Farigiraf\n|\n|-weather|SunnyDay|[upkeep]\n|upkeep\n|turn|2\n|inactive|miguelmnc2 has 30 seconds left.\n|inactive|AMD_T75 has 30 seconds left.\n|inactive|AMD_T75 has 20 seconds left.\n|inactive|miguelmnc2 has 20 seconds left.\n|inactive|AMD_T75 has 15 seconds left.\n|\n|t:|1776436944\n|detailschange|p2b: Camerupt|Camerupt-Mega, L50, F\n|-mega|p2b: Camerupt|Camerupt|Cameruptite\n|move|p2a: Torkoal|Helping Hand|p2b: Camerupt\n|-singleturn|p2b: Camerupt|Helping Hand|[of] p2a: Torkoal\n|move|p1a: Farigiraf|Helping Hand|p1b: Torkoal\n|-singleturn|p1b: Torkoal|Helping Hand|[of] p1a: Farigiraf\n|move|p2b: Camerupt|Heat Wave|p1b: Torkoal|[spread] p1a\n|-miss|p2b: Camerupt|p1b: Torkoal\n|-damage|p1a: Farigiraf|0 fnt\n|faint|p1a: Farigiraf\n|move|p1b: Torkoal|Eruption|p2b: Camerupt|[spread] p2a,p2b\n|-resisted|p2a: Torkoal|1\n|-resisted|p2b: Camerupt|1\n|-damage|p2a: Torkoal|0 fnt\n|-damage|p2b: Camerupt|34/100\n|faint|p2a: Torkoal\n|\n|-weather|SunnyDay|[upkeep]\n|upkeep\n|inactive|miguelmnc2 has 30 seconds left.\n|\n|t:|1776436970\n|switch|p2a: Sinistcha|Sinistcha, L50|100/100\n|switch|p1a: Crabominable|Crabominable, L50, M|100/100\n|-heal|p2b: Camerupt|59/100|[from] ability: Hospitality|[of] p2a: Sinistcha\n|turn|3\n|\n|t:|1776436985\n|move|p1a: Crabominable|Protect|p1a: Crabominable\n|-singleturn|p1a: Crabominable|Protect\n|move|p2b: Camerupt|Heat Wave|p1b: Torkoal|[spread] p1b\n|-activate|p1a: Crabominable|move: Protect\n|-resisted|p1b: Torkoal|1\n|-damage|p1b: Torkoal|31/100\n|move|p1b: Torkoal|Eruption|p2b: Camerupt|[spread] p2a,p2b\n|-supereffective|p2a: Sinistcha|1\n|-resisted|p2b: Camerupt|1\n|-damage|p2a: Sinistcha|53/100\n|-damage|p2b: Camerupt|47/100\n|move|p2a: Sinistcha|Matcha Gotcha|p1b: Torkoal|[spread] p1b\n|-activate|p1a: Crabominable|move: Protect\n|-resisted|p1b: Torkoal|1\n|-damage|p1b: Torkoal|11/100\n|-heal|p2a: Sinistcha|62/100|[from] drain|[of] p1b: Torkoal\n|\n|-weather|SunnyDay|[upkeep]\n|-heal|p2a: Sinistcha|68/100|[from] item: Leftovers\n|upkeep\n|turn|4\n|\n|t:|1776437003\n|switch|p1a: Sneasler|Sneasler, L50, F|100/100\n|move|p2a: Sinistcha|Rage Powder|p2a: Sinistcha\n|-singleturn|p2a: Sinistcha|move: Rage Powder\n|move|p1b: Torkoal|Body Press|p2a: Sinistcha\n|-immune|p2a: Sinistcha\n|move|p2b: Camerupt|Heat Wave|p1b: Torkoal|[spread] p1a\n|-miss|p2b: Camerupt|p1b: Torkoal\n|-crit|p1a: Sneasler\n|-damage|p1a: Sneasler|0 fnt\n|faint|p1a: Sneasler\n|\n|-weather|SunnyDay|[upkeep]\n|-heal|p2a: Sinistcha|74/100|[from] item: Leftovers\n|upkeep\n|\n|t:|1776437011\n|switch|p1a: Crabominable|Crabominable, L50, M|100/100\n|turn|5\n|\n|t:|1776437034\n|detailschange|p1a: Crabominable|Crabominable-Mega, L50, M\n|-mega|p1a: Crabominable|Crabominable|Crabominite\n|move|p1a: Crabominable|Protect|p1a: Crabominable\n|-singleturn|p1a: Crabominable|Protect\n|move|p2a: Sinistcha|Rage Powder|p2a: Sinistcha\n|-singleturn|p2a: Sinistcha|move: Rage Powder\n|move|p1b: Torkoal|Weather Ball|p2a: Sinistcha\n|-supereffective|p2a: Sinistcha|1\n|-damage|p2a: Sinistcha|0 fnt\n|faint|p2a: Sinistcha\n|move|p2b: Camerupt|Eruption|p1b: Torkoal|[spread] p1b\n|-activate|p1a: Crabominable|move: Protect\n|-resisted|p1b: Torkoal|1\n|-crit|p1b: Torkoal\n|-damage|p1b: Torkoal|0 fnt\n|faint|p1b: Torkoal\n|\n|-weather|none\n|-fieldend|move: Trick Room\n|upkeep\n|\n|t:|1776437045\n|switch|p2a: Incineroar|Incineroar, L50, M, shiny|100/100\n|-ability|p2a: Incineroar|Intimidate|boost\n|-unboost|p1a: Crabominable|atk|1\n|turn|6\n|\n|t:|1776437054\n|move|p2a: Incineroar|Fake Out|p1a: Crabominable\n|-damage|p1a: Crabominable|93/100\n|cant|p1a: Crabominable|flinch\n|move|p2b: Camerupt|Heat Wave|p1a: Crabominable\n|-supereffective|p1a: Crabominable|1\n|-damage|p1a: Crabominable|0 fnt\n|faint|p1a: Crabominable\n|\n|win|AMD_T75\n|raw|miguelmnc2's rating: 1088 &rarr; <strong>1065</strong><br />(-23 for losing)\n|raw|AMD_T75's rating: 1092 &rarr; <strong>1118</strong><br />(+26 for winning)\n|l|\u2606miguelmnc2\n|player|p1|\n",
  "uploadtime": 1776437064,
  "views": 17,
  "formatid": "gen9championsvgc2026regma",
  "rating": 1065,
  "private": 0,
  "password": null
}