{
  "id": "gen9championsvgc2026regma-2582206183",
  "format": "[Gen 9 Champions] VGC 2026 Reg M-A",
  "players": [
    "megaswampert52",
    "darksol1111"
  ],
  "log": "|j|\u2606megaswampert52\n|j|\u2606darksol1111\n|t:|1776071196\n|gametype|doubles\n|player|p1|megaswampert52|leon|1204\n|player|p2|darksol1111|veteran|1106\n|gen|9\n|tier|[Gen 9 Champions] VGC 2026 Reg M-A\n|rated|\n|rule|Species Clause: Limit one of each Pok\u00e9mon\n|rule|Item Clause: Limit 1 of each item\n|clearpoke\n|poke|p1|Charizard, L50, M|\n|poke|p1|Kingambit, L50, M|\n|poke|p1|Incineroar, L50, M|\n|poke|p1|Whimsicott, L50, M|\n|poke|p1|Garchomp, L50, F|\n|poke|p1|Dragapult, L50, F|\n|poke|p2|Cofagrigus, L50, F|\n|poke|p2|Meganium, L50, F|\n|poke|p2|Empoleon, L50, F|\n|poke|p2|Noivern, L50, F|\n|poke|p2|Mamoswine, L50, F|\n|poke|p2|Incineroar, L50, F|\n|teampreview|4\n|inactive|Battle timer is ON: inactive players will automatically lose when time's up. (requested by megaswampert52)\n|inactive|megaswampert52 has 60 seconds left.\n|\n|t:|1776071273\n|teamsize|p1|4\n|teamsize|p2|4\n|start\n|switch|p1a: Kingambit|Kingambit, L50, M|100/100\n|switch|p1b: Charizard|Charizard, L50, M|100/100\n|switch|p2a: Empoleon|Empoleon, L50, F|100/100\n|switch|p2b: Mamoswine|Mamoswine, L50, F|100/100\n|turn|1\n|\n|t:|1776071288\n|detailschange|p1b: Charizard|Charizard-Mega-Y, L50, M\n|-mega|p1b: Charizard|Charizard|Charizardite Y\n|-weather|SunnyDay|[from] ability: Drought|[of] p1b: Charizard\n|move|p2a: Empoleon|Protect|p2a: Empoleon\n|-singleturn|p2a: Empoleon|Protect\n|move|p2b: Mamoswine|Rock Slide|p1a: Kingambit|[spread] p1a,p1b\n|-resisted|p1a: Kingambit|1\n|-supereffective|p1b: Charizard|2\n|-damage|p1a: Kingambit|92/100\n|-damage|p1b: Charizard|0 fnt\n|faint|p1b: Charizard\n|cant|p1a: Kingambit|flinch\n|\n|-weather|SunnyDay|[upkeep]\n|upkeep\n|\n|t:|1776071302\n|switch|p1b: Garchomp|Garchomp, L50, F|100/100\n|turn|2\n|\n|t:|1776071308\n|switch|p2b: Incineroar|Incineroar, L50, F|100/100\n|-ability|p2b: Incineroar|Intimidate|boost\n|-unboost|p1a: Kingambit|atk|1\n|-ability|p1a: Kingambit|Defiant|boost\n|-boost|p1a: Kingambit|atk|2\n|-unboost|p1b: Garchomp|atk|1\n|switch|p2a: Meganium|Meganium, L50, F|100/100\n|move|p1b: Garchomp|Protect|p1b: Garchomp\n|-singleturn|p1b: Garchomp|Protect\n|move|p1a: Kingambit|Iron Head|p2b: Incineroar\n|-resisted|p2b: Incineroar|1\n|-damage|p2b: Incineroar|68/100\n|\n|-weather|SunnyDay|[upkeep]\n|upkeep\n|turn|3\n|\n|t:|1776071328\n|detailschange|p2a: Meganium|Meganium-Mega, L50, F\n|-mega|p2a: Meganium|Meganium|Meganiumite\n|move|p1a: Kingambit|Protect|p1a: Kingambit\n|-singleturn|p1a: Kingambit|Protect\n|move|p2b: Incineroar|Fake Out|p1b: Garchomp\n|-damage|p1b: Garchomp|89/100\n|-damage|p2b: Incineroar|56/100|[from] ability: Rough Skin|[of] p1b: Garchomp\n|cant|p1b: Garchomp|flinch\n|move|p2a: Meganium|Weather Ball|p1a: Kingambit\n|-activate|p1a: Kingambit|move: Protect\n|\n|-weather|SunnyDay|[upkeep]\n|upkeep\n|turn|4\n|inactive|darksol1111 has 30 seconds left.\n|inactive|darksol1111 has 20 seconds left.\n|inactive|darksol1111 has 15 seconds left.\n|\n|t:|1776071369\n|switch|p1a: Dragapult|Dragapult, L50, F|100/100\n|move|p1b: Garchomp|Rock Slide|p2a: Meganium|[spread] p2a,p2b\n|-supereffective|p2b: Incineroar|1\n|-damage|p2a: Meganium|89/100\n|-damage|p2b: Incineroar|32/100\n|-enditem|p2b: Incineroar|Sitrus Berry|[eat]\n|-heal|p2b: Incineroar|57/100|[from] item: Sitrus Berry\n|-heal|p1b: Garchomp|93/100|[from] item: Shell Bell|[of] p2b: Incineroar\n|cant|p2a: Meganium|flinch\n|move|p2b: Incineroar|Flare Blitz|p1a: Dragapult\n|-resisted|p1a: Dragapult|1\n|-damage|p1a: Dragapult|50/100\n|-damage|p2b: Incineroar|43/100|[from] Recoil\n|\n|-weather|SunnyDay|[upkeep]\n|upkeep\n|turn|5\n|\n|t:|1776071391\n|move|p1a: Dragapult|Phantom Force||[still]\n|-prepare|p1a: Dragapult|Phantom Force\n|move|p1b: Garchomp|Earthquake|p2a: Meganium|[spread] p2a,p2b\n|-miss|p1b: Garchomp|p1a: Dragapult\n|-resisted|p2a: Meganium|1\n|-supereffective|p2b: Incineroar|1\n|-damage|p2a: Meganium|77/100\n|-damage|p2b: Incineroar|0 fnt\n|faint|p2b: Incineroar\n|-heal|p1b: Garchomp|100/100|[from] item: Shell Bell|[of] p2: Incineroar\n|move|p2a: Meganium|Dazzling Gleam|p1b: Garchomp|[spread] p1b\n|-miss|p2a: Meganium|p1a: Dragapult\n|-supereffective|p1b: Garchomp|1\n|-damage|p1b: Garchomp|19/100\n|\n|-weather|none\n|upkeep\n|\n|t:|1776071406\n|switch|p2b: Empoleon|Empoleon, L50, F|100/100\n|turn|6\n|\n|t:|1776071413\n|move|p2b: Empoleon|Protect|p2b: Empoleon\n|-singleturn|p2b: Empoleon|Protect\n|move|p1a: Dragapult|Phantom Force|p2a: Meganium|[from] lockedmove\n|-damage|p2a: Meganium|37/100\n|move|p1b: Garchomp|Rock Slide|p2a: Meganium|[spread] \n|-activate|p2b: Empoleon|move: Protect\n|-miss|p1b: Garchomp|p2a: Meganium\n|move|p2a: Meganium|Dazzling Gleam|p1a: Dragapult|[spread] p1a,p1b\n|-supereffective|p1a: Dragapult|1\n|-supereffective|p1b: Garchomp|1\n|-damage|p1a: Dragapult|0 fnt\n|-damage|p1b: Garchomp|0 fnt\n|faint|p1a: Dragapult\n|faint|p1b: Garchomp\n|\n|upkeep\n|\n|t:|1776071424\n|switch|p1b: Kingambit|Kingambit, L50, M|92/100\n|turn|7\n|c|\u2606darksol1111|gg\n|c|\u2606megaswampert52|gg\n|\n|t:|1776071432\n|move|p2a: Meganium|Weather Ball|p1b: Kingambit\n|-supereffective|p1b: Kingambit|1\n|-damage|p1b: Kingambit|0 fnt\n|faint|p1b: Kingambit\n|\n|win|darksol1111\n|raw|megaswampert52's rating: 1204 &rarr; <strong>1172</strong><br />(-32 for losing)\n|raw|darksol1111's rating: 1106 &rarr; <strong>1138</strong><br />(+32 for winning)\n|l|\u2606megaswampert52\n|player|p1|\n|c|\u2606darksol1111|that a good team you got there\n",
  "uploadtime": 1776071508,
  "views": 14,
  "formatid": "gen9championsvgc2026regma",
  "rating": 1138,
  "private": 0,
  "password": null
}