{
  "id": "gen9championsvgc2026regma-2588643427",
  "format": "[Gen 9 Champions] VGC 2026 Reg M-A",
  "players": [
    "MaK2012",
    "nmq0901"
  ],
  "log": "|j|\u2606MaK2012\n|j|\u2606nmq0901\n|t:|1776653127\n|gametype|doubles\n|player|p1|MaK2012|102|1094\n|player|p2|nmq0901|102|1084\n|gen|9\n|tier|[Gen 9 Champions] VGC 2026 Reg M-A\n|rated|\n|rule|Species Clause: Limit one of each Pok\u00e9mon\n|rule|Item Clause: Limit 1 of each item\n|clearpoke\n|poke|p1|Noivern, L50, F|\n|poke|p1|Heracross, L50, M|\n|poke|p1|Chandelure, L50, M|\n|poke|p1|Farigiraf, L50, M|\n|poke|p1|Toxicroak, L50, F|\n|poke|p1|Primarina, L50, F|\n|poke|p2|Feraligatr, L50, F|\n|poke|p2|Aggron, L50, M|\n|poke|p2|Alakazam, L50, F|\n|poke|p2|Whimsicott, L50, M|\n|poke|p2|Pelipper, L50, F|\n|poke|p2|Tyranitar, L50, M|\n|teampreview|4\n|\n|t:|1776653162\n|teamsize|p1|4\n|teamsize|p2|4\n|start\n|switch|p1a: Farigiraf|Farigiraf, L50, M|100/100\n|switch|p1b: Toxicroak|Toxicroak, L50, F|100/100\n|switch|p2a: Aggron|Aggron, L50, M|100/100\n|switch|p2b: Whimsicott|Whimsicott, L50, M|100/100\n|turn|1\n|\n|t:|1776653182\n|detailschange|p2a: Aggron|Aggron-Mega, L50, M\n|-mega|p2a: Aggron|Aggron|Aggronite\n|move|p1b: Toxicroak|Fake Out|p2a: Aggron\n|-resisted|p2a: Aggron|1\n|-damage|p2a: Aggron|97/100\n|move|p2b: Whimsicott|Light Screen|p2b: Whimsicott\n|-sidestart|p2: nmq0901|move: Light Screen\n|cant|p2a: Aggron|flinch\n|move|p1a: Farigiraf|Trick Room|p1a: Farigiraf\n|-fieldstart|move: Trick Room|[of] p1a: Farigiraf\n|\n|upkeep\n|turn|2\n|\n|t:|1776653213\n|switch|p2b: Tyranitar|Tyranitar, L50, M|100/100\n|-weather|Sandstorm|[from] ability: Sand Stream|[of] p2b: Tyranitar\n|move|p1a: Farigiraf|Protect|p1a: Farigiraf\n|-singleturn|p1a: Farigiraf|Protect\n|move|p2a: Aggron|Iron Defense|p2a: Aggron\n|-boost|p2a: Aggron|def|2\n|move|p1b: Toxicroak|Poison Jab|p2b: Tyranitar\n|-resisted|p2b: Tyranitar|1\n|-damage|p2b: Tyranitar|84/100\n|-status|p2b: Tyranitar|psn\n|\n|-weather|Sandstorm|[upkeep]\n|-damage|p1a: Farigiraf|94/100|[from] Sandstorm\n|-damage|p1b: Toxicroak|95/100|[from] Sandstorm\n|-heal|p1a: Farigiraf|100/100|[from] item: Leftovers\n|-damage|p2b: Tyranitar|72/100 psn|[from] psn\n|upkeep\n|turn|3\n|\n|t:|1776653248\n|switch|p1a: Primarina|Primarina, L50, F|100/100\n|move|p1b: Toxicroak|Sucker Punch|p2b: Tyranitar\n|-resisted|p2b: Tyranitar|1\n|-damage|p2b: Tyranitar|63/100 psn\n|move|p2a: Aggron|Iron Defense|p2a: Aggron\n|-boost|p2a: Aggron|def|2\n|move|p2b: Tyranitar|Crunch|p1a: Primarina\n|-resisted|p1a: Primarina|1\n|-damage|p1a: Primarina|76/100\n|\n|-weather|Sandstorm|[upkeep]\n|-damage|p1a: Primarina|70/100|[from] Sandstorm\n|-damage|p1b: Toxicroak|89/100|[from] Sandstorm\n|-damage|p2b: Tyranitar|51/100 psn|[from] psn\n|upkeep\n|turn|4\n|\n|t:|1776653277\n|switch|p1b: Farigiraf|Farigiraf, L50, M|100/100\n|move|p2a: Aggron|Body Press|p1b: Farigiraf\n|-damage|p1b: Farigiraf|0 fnt\n|faint|p1b: Farigiraf\n|move|p2b: Tyranitar|Rock Slide|p1a: Primarina\n|-damage|p1a: Primarina|17/100\n|move|p1a: Primarina|Hyper Voice|p2a: Aggron|[spread] p2a,p2b\n|-supereffective|p2b: Tyranitar|1\n|-damage|p2a: Aggron|66/100\n|-damage|p2b: Tyranitar|14/100 psn\n|\n|-weather|Sandstorm|[upkeep]\n|-damage|p1a: Primarina|10/100|[from] Sandstorm\n|-damage|p2b: Tyranitar|2/100 psn|[from] psn\n|upkeep\n|\n|t:|1776653293\n|switch|p1b: Toxicroak|Toxicroak, L50, F|89/100\n|turn|5\n|\n|t:|1776653312\n|move|p1b: Toxicroak|Fake Out|p2a: Aggron\n|-resisted|p2a: Aggron|1\n|-damage|p2a: Aggron|65/100\n|cant|p2a: Aggron|flinch\n|move|p2b: Tyranitar|Rock Slide|p1b: Toxicroak|[spread] p1a\n|-miss|p2b: Tyranitar|p1b: Toxicroak\n|-damage|p1a: Primarina|0 fnt\n|faint|p1a: Primarina\n|\n|-weather|Sandstorm|[upkeep]\n|-damage|p1b: Toxicroak|83/100|[from] Sandstorm\n|-damage|p2b: Tyranitar|0 fnt|[from] psn\n|faint|p2b: Tyranitar\n|-sideend|p2: nmq0901|move: Light Screen\n|-fieldend|move: Trick Room\n|upkeep\n|l|\u2606nmq0901\n|player|p2|\n|j|\u2606nmq0901\n|player|p2|nmq0901|102|\n|\n|t:|1776653359\n|switch|p1a: Heracross|Heracross, L50, M|100/100\n|switch|p2b: Alakazam|Alakazam, L50, F|100/100\n|turn|6\n|\n|t:|1776653375\n|detailschange|p1a: Heracross|Heracross-Mega, L50, M\n|-mega|p1a: Heracross|Heracross|Heracronite\n|move|p1b: Toxicroak|Sucker Punch|p2b: Alakazam\n|-supereffective|p2b: Alakazam|1\n|-enditem|p2b: Alakazam|Focus Sash\n|-damage|p2b: Alakazam|1/100\n|move|p2b: Alakazam|Psychic|p1b: Toxicroak\n|-supereffective|p1b: Toxicroak|2\n|-damage|p1b: Toxicroak|0 fnt\n|faint|p1b: Toxicroak\n|move|p1a: Heracross|Close Combat|p2a: Aggron\n|-supereffective|p2a: Aggron|1\n|-damage|p2a: Aggron|42/100\n|-unboost|p1a: Heracross|def|1\n|-unboost|p1a: Heracross|spd|1\n|move|p2a: Aggron|Body Press|p1a: Heracross\n|-resisted|p1a: Heracross|1\n|-damage|p1a: Heracross|12/100\n|\n|-weather|none\n|upkeep\n|turn|7\n|\n|t:|1776653399\n|move|p2b: Alakazam|Speed Swap|p2a: Aggron\n|-activate|p2b: Alakazam|move: Speed Swap|[of] p2a: Aggron\n|move|p2a: Aggron|Body Press|p1a: Heracross\n|-resisted|p1a: Heracross|1\n|-damage|p1a: Heracross|0 fnt\n|faint|p1a: Heracross\n|\n|win|nmq0901\n|raw|MaK2012's rating: 1094 &rarr; <strong>1069</strong><br />(-25 for losing)\n|raw|nmq0901's rating: 1084 &rarr; <strong>1112</strong><br />(+28 for winning)\n|l|\u2606MaK2012\n|player|p1|\n",
  "uploadtime": 1776653410,
  "views": 6,
  "formatid": "gen9championsvgc2026regma",
  "rating": 1069,
  "private": 0,
  "password": null
}