{
  "id": "gen9championsvgc2026regma-2581376921",
  "format": "[Gen 9 Champions] VGC 2026 Reg M-A",
  "players": [
    "ryankun26",
    "naive-mranderson"
  ],
  "log": "|j|\u2606ryankun26\n|j|\u2606naive-mranderson\n|t:|1775993659\n|gametype|doubles\n|player|p1|ryankun26|hilda|1082\n|player|p2|naive-mranderson|101|1054\n|gen|9\n|tier|[Gen 9 Champions] VGC 2026 Reg M-A\n|rated|\n|rule|Species Clause: Limit one of each Pok\u00e9mon\n|rule|Item Clause: Limit 1 of each item\n|clearpoke\n|poke|p1|Talonflame, L50, F|\n|poke|p1|Glimmora, L50, F|\n|poke|p1|Tsareena, L50, F|\n|poke|p1|Gyarados, L50, M|\n|poke|p1|Clefable, L50, M|\n|poke|p1|Hydreigon, L50, M|\n|poke|p2|Delphox, L50, M|\n|poke|p2|Garchomp, L50, M|\n|poke|p2|Primarina, L50, F|\n|poke|p2|Sinistcha, L50|\n|poke|p2|Incineroar, L50, F|\n|poke|p2|Aerodactyl, L50, M|\n|teampreview|4\n|inactive|Battle timer is ON: inactive players will automatically lose when time's up. (requested by ryankun26)\n|inactive|ryankun26 has 60 seconds left.\n|inactive|naive-mranderson has 60 seconds left.\n|\n|t:|1775993712\n|teamsize|p1|4\n|teamsize|p2|4\n|start\n|switch|p1a: Gyarados|Gyarados, L50, M|100/100\n|switch|p1b: Hydreigon|Hydreigon, L50, M|100/100\n|switch|p2a: Garchomp|Garchomp, L50, M|100/100\n|switch|p2b: Aerodactyl|Aerodactyl, L50, M|100/100\n|-ability|p2b: Aerodactyl|Unnerve\n|-ability|p1a: Gyarados|Intimidate|boost\n|-unboost|p2a: Garchomp|atk|1\n|-unboost|p2b: Aerodactyl|atk|1\n|turn|1\n|inactive|naive-mranderson has 30 seconds left.\n|\n|t:|1775993740\n|switch|p1b: Clefable|Clefable, L50, M|100/100\n|switch|p2a: Primarina|Primarina, L50, F|100/100\n|move|p2b: Aerodactyl|Tailwind|p2b: Aerodactyl\n|-sidestart|p2: naive-mranderson|move: Tailwind\n|move|p1a: Gyarados|Thunder Wave|p2b: Aerodactyl\n|-status|p2b: Aerodactyl|par\n|\n|upkeep\n|turn|2\n|inactive|naive-mranderson has 30 seconds left.\n|\n|t:|1775993766\n|switch|p2b: Incineroar|Incineroar, L50, F|100/100\n|-ability|p2b: Incineroar|Intimidate|boost\n|-unboost|p1a: Gyarados|atk|1\n|-unboost|p1b: Clefable|atk|1\n|move|p1a: Gyarados|Protect|p1a: Gyarados\n|-singleturn|p1a: Gyarados|Protect\n|move|p1b: Clefable|Protect|p1b: Clefable\n|-singleturn|p1b: Clefable|Protect\n|move|p2a: Primarina|Moonblast|p1a: Gyarados\n|-activate|p1a: Gyarados|move: Protect\n|\n|upkeep\n|turn|3\n|inactive|naive-mranderson has 30 seconds left.\n|\n|t:|1775993794\n|switch|p1a: Glimmora|Glimmora, L50, F|100/100\n|switch|p1b: Hydreigon|Hydreigon, L50, M|100/100\n|move|p2b: Incineroar|Fake Out|p1a: Glimmora\n|-resisted|p1a: Glimmora|1\n|-damage|p1a: Glimmora|94/100\n|-activate|p1a: Glimmora|ability: Toxic Debris\n|-sidestart|p2: naive-mranderson|move: Toxic Spikes\n|move|p2a: Primarina|Moonblast|p1a: Glimmora\n|-resisted|p1a: Glimmora|1\n|-damage|p1a: Glimmora|63/100\n|\n|upkeep\n|turn|4\n|inactive|ryankun26 has 30 seconds left.\n|inactive|naive-mranderson has 30 seconds left.\n|\n|t:|1775993826\n|switch|p2b: Garchomp|Garchomp, L50, M|100/100\n|-status|p2b: Garchomp|psn\n|switch|p1a: Gyarados|Gyarados, L50, M|100/100\n|-ability|p1a: Gyarados|Intimidate|boost\n|-unboost|p2a: Primarina|atk|1\n|-unboost|p2b: Garchomp|atk|1\n|move|p2a: Primarina|Icy Wind|p1b: Hydreigon|[spread] p1a\n|-miss|p2a: Primarina|p1b: Hydreigon\n|-damage|p1a: Gyarados|90/100\n|-unboost|p1a: Gyarados|spe|1\n|move|p1b: Hydreigon|Tailwind|p1b: Hydreigon\n|-sidestart|p1: ryankun26|move: Tailwind\n|\n|-heal|p1a: Gyarados|96/100|[from] item: Leftovers\n|-damage|p2b: Garchomp|88/100 psn|[from] psn\n|-sideend|p2: naive-mranderson|move: Tailwind\n|upkeep\n|turn|5\n|inactive|ryankun26 has 30 seconds left.\n|inactive|naive-mranderson has 30 seconds left.\n|inactive|ryankun26 has 20 seconds left.\n|\n|t:|1775993863\n|switch|p2b: Incineroar|Incineroar, L50, F|100/100\n|-status|p2b: Incineroar|psn\n|-enditem|p2b: Incineroar|Lum Berry|[eat]\n|-curestatus|p2b: Incineroar|psn|[msg]\n|-ability|p2b: Incineroar|Intimidate|boost\n|-unboost|p1a: Gyarados|atk|1\n|-unboost|p1b: Hydreigon|atk|1\n|move|p1b: Hydreigon|Protect|p1b: Hydreigon\n|-singleturn|p1b: Hydreigon|Protect\n|move|p1a: Gyarados|Thunder Wave|p2a: Primarina\n|-status|p2a: Primarina|par\n|move|p2a: Primarina|Moonblast|p1b: Hydreigon\n|-activate|p1b: Hydreigon|move: Protect\n|\n|-heal|p1a: Gyarados|100/100|[from] item: Leftovers\n|upkeep\n|turn|6\n|\n|t:|1775993886\n|switch|p1b: Clefable|Clefable, L50, M|100/100\n|move|p1a: Gyarados|Waterfall|p2b: Incineroar\n|-supereffective|p2b: Incineroar|1\n|-damage|p2b: Incineroar|56/100\n|move|p2b: Incineroar|Parting Shot|p1b: Clefable\n|-unboost|p1b: Clefable|atk|1\n|-unboost|p1b: Clefable|spa|1\n|\n|t:|1775993900\n|switch|p2b: Garchomp|Garchomp, L50, M|88/100 psn|[from] Parting Shot\n|move|p2a: Primarina|Moonblast|p1a: Gyarados\n|-damage|p1a: Gyarados|62/100\n|-unboost|p1a: Gyarados|spa|1\n|\n|-heal|p1a: Gyarados|69/100|[from] item: Leftovers\n|-damage|p2b: Garchomp|76/100 psn|[from] psn\n|upkeep\n|turn|7\n|\n|t:|1775993923\n|switch|p2a: Aerodactyl|Aerodactyl, L50, M|100/100 par\n|-ability|p2a: Aerodactyl|Unnerve\n|move|p1b: Clefable|Moonblast|p2b: Garchomp\n|-supereffective|p2b: Garchomp|1\n|-damage|p2b: Garchomp|16/100 psn\n|move|p1a: Gyarados|Waterfall|p2a: Aerodactyl\n|-supereffective|p2a: Aerodactyl|1\n|-damage|p2a: Aerodactyl|15/100 par\n|move|p2b: Garchomp|Earthquake|p1a: Gyarados|[spread] p1b\n|-immune|p2a: Aerodactyl\n|-immune|p1a: Gyarados\n|-crit|p1b: Clefable\n|-damage|p1b: Clefable|18/100\n|\n|-heal|p1a: Gyarados|75/100|[from] item: Leftovers\n|-damage|p2b: Garchomp|4/100 psn|[from] psn\n|-sideend|p1: ryankun26|move: Tailwind\n|upkeep\n|turn|8\n|-message|naive-mranderson forfeited.\n|\n|win|ryankun26\n|raw|ryankun26's rating: 1082 &rarr; <strong>1107</strong><br />(+25 for winning)\n|raw|naive-mranderson's rating: 1054 &rarr; <strong>1037</strong><br />(-17 for losing)\n|l|\u2606naive-mranderson\n|player|p2|\n",
  "uploadtime": 1775993944,
  "views": 32,
  "formatid": "gen9championsvgc2026regma",
  "rating": 1037,
  "private": 0,
  "password": null
}