{
  "id": "gen9championsvgc2026regma-2585531819",
  "format": "[Gen 9 Champions] VGC 2026 Reg M-A",
  "players": [
    "mr. bigodon",
    "Deidei16"
  ],
  "log": "|j|\u2606mr. bigodon\n|j|\u2606Deidei16\n|t:|1776353749\n|gametype|doubles\n|player|p1|mr. bigodon|drayden|1206\n|player|p2|Deidei16|2|1237\n|gen|9\n|tier|[Gen 9 Champions] VGC 2026 Reg M-A\n|rated|\n|rule|Species Clause: Limit one of each Pok\u00e9mon\n|rule|Item Clause: Limit 1 of each item\n|clearpoke\n|poke|p1|Meganium, L50, F|\n|poke|p1|Gallade, L50, M|\n|poke|p1|Milotic, L50, F|\n|poke|p1|Garchomp, L50, M|\n|poke|p1|Aerodactyl, L50, M|\n|poke|p1|Sinistcha, L50|\n|poke|p2|Kangaskhan, L50, F|\n|poke|p2|Talonflame, L50, M|\n|poke|p2|Gyarados, L50, M|\n|poke|p2|Sneasler, L50, F|\n|poke|p2|Typhlosion-Hisui, L50, M|\n|poke|p2|Garchomp, L50, M|\n|teampreview|4\n|inactive|Battle timer is ON: inactive players will automatically lose when time's up. (requested by Deidei16)\n|inactive|Deidei16 has 60 seconds left.\n|\n|t:|1776353793\n|teamsize|p1|4\n|teamsize|p2|4\n|start\n|switch|p1a: Gallade|Gallade, L50, M, shiny|100/100\n|switch|p1b: Milotic|Milotic, L50, F, shiny|100/100\n|switch|p2a: Sneasler|Sneasler, L50, F|100/100\n|switch|p2b: Kangaskhan|Kangaskhan, L50, F|100/100\n|turn|1\n|\n|t:|1776353817\n|detailschange|p1a: Gallade|Gallade-Mega, L50, M, shiny\n|-mega|p1a: Gallade|Gallade|Galladite\n|detailschange|p2b: Kangaskhan|Kangaskhan-Mega, L50, F\n|-mega|p2b: Kangaskhan|Kangaskhan|Kangaskhanite\n|move|p2b: Kangaskhan|Fake Out|p1a: Gallade\n|-damage|p1a: Gallade|73/100\n|-damage|p1a: Gallade|66/100\n|-hitcount|p1a: Gallade|2\n|move|p2a: Sneasler|Dire Claw|p1b: Milotic\n|-damage|p1b: Milotic|61/100\n|-status|p1b: Milotic|psn|[from] ability: Poison Touch|[of] p2a: Sneasler\n|move|p1a: Gallade|Psycho Cut|p2a: Sneasler\n|-supereffective|p2a: Sneasler|2\n|-enditem|p2a: Sneasler|Focus Sash\n|-damage|p2a: Sneasler|1/100\n|move|p1b: Milotic|Scald|p2b: Kangaskhan\n|-damage|p2b: Kangaskhan|67/100\n|-status|p2b: Kangaskhan|brn\n|\n|-heal|p1b: Milotic|68/100 psn|[from] item: Leftovers\n|-damage|p1b: Milotic|55/100 psn|[from] psn\n|-damage|p2b: Kangaskhan|61/100 brn|[from] brn\n|upkeep\n|turn|2\n|inactive|Deidei16 has 30 seconds left.\n|\n|t:|1776353848\n|switch|p1b: Sinistcha|Sinistcha, L50|100/100\n|-heal|p1a: Gallade|91/100|[from] ability: Hospitality|[of] p1b: Sinistcha\n|move|p1a: Gallade|Protect|p1a: Gallade\n|-singleturn|p1a: Gallade|Protect\n|move|p2b: Kangaskhan|Sucker Punch||[still]\n|-fail|p2b: Kangaskhan\n|move|p2a: Sneasler|Close Combat|p1b: Sinistcha\n|-immune|p1b: Sinistcha\n|\n|-damage|p2b: Kangaskhan|55/100 brn|[from] brn\n|upkeep\n|turn|3\n|\n|t:|1776353868\n|move|p1b: Sinistcha|Rage Powder|p1b: Sinistcha\n|-singleturn|p1b: Sinistcha|move: Rage Powder\n|move|p2b: Kangaskhan|Sucker Punch||[still]\n|-fail|p2b: Kangaskhan\n|move|p2a: Sneasler|Dire Claw|p1b: Sinistcha\n|-damage|p1b: Sinistcha|65/100\n|move|p1a: Gallade|Psycho Cut|p2a: Sneasler\n|-supereffective|p2a: Sneasler|2\n|-damage|p2a: Sneasler|0 fnt\n|faint|p2a: Sneasler\n|\n|-damage|p2b: Kangaskhan|50/100 brn|[from] brn\n|upkeep\n|\n|t:|1776353881\n|switch|p2a: Talonflame|Talonflame, L50, M|100/100\n|turn|4\n|\n|t:|1776353890\n|switch|p1b: Aerodactyl|Aerodactyl, L50, M, shiny|100/100\n|-ability|p1b: Aerodactyl|Unnerve\n|move|p1a: Gallade|Protect|p1a: Gallade\n|-singleturn|p1a: Gallade|Protect\n|move|p2a: Talonflame|Tailwind|p2a: Talonflame\n|-sidestart|p2: Deidei16|move: Tailwind\n|move|p2b: Kangaskhan|Double-Edge|p1a: Gallade\n|-activate|p1a: Gallade|move: Protect\n|\n|-damage|p2b: Kangaskhan|44/100 brn|[from] brn\n|upkeep\n|turn|5\n|\n|t:|1776353908\n|switch|p1a: Sinistcha|Sinistcha, L50|65/100\n|move|p2a: Talonflame|Dual Wingbeat|p1a: Sinistcha\n|-supereffective|p1a: Sinistcha|1\n|-damage|p1a: Sinistcha|31/100\n|-enditem|p1a: Sinistcha|Sitrus Berry|[eat]\n|-heal|p1a: Sinistcha|56/100|[from] item: Sitrus Berry\n|-supereffective|p1a: Sinistcha|1\n|-damage|p1a: Sinistcha|24/100\n|-hitcount|p1a: Sinistcha|2\n|move|p2b: Kangaskhan|Double-Edge|p1b: Aerodactyl\n|-resisted|p1b: Aerodactyl|1\n|-damage|p1b: Aerodactyl|73/100\n|-resisted|p1b: Aerodactyl|1\n|-damage|p1b: Aerodactyl|67/100\n|-hitcount|p1b: Aerodactyl|2\n|-damage|p2b: Kangaskhan|35/100 brn|[from] Recoil\n|move|p1b: Aerodactyl|Rock Slide|p2a: Talonflame|[spread] p2a,p2b\n|-supereffective|p2a: Talonflame|2\n|-damage|p2a: Talonflame|0 fnt\n|-damage|p2b: Kangaskhan|15/100 brn\n|faint|p2a: Talonflame\n|\n|-damage|p2b: Kangaskhan|9/100 brn|[from] brn\n|upkeep\n|\n|t:|1776353920\n|switch|p2a: Typhlosion|Typhlosion-Hisui, L50, M|100/100\n|-item|p1b: Aerodactyl|Focus Sash|[from] ability: Frisk|[of] p2a: Typhlosion\n|turn|6\n|\n|t:|1776353934\n|move|p2a: Typhlosion|Eruption|p1a: Sinistcha|[spread] p1a,p1b\n|-supereffective|p1a: Sinistcha|1\n|-resisted|p1b: Aerodactyl|1\n|-crit|p1b: Aerodactyl\n|-damage|p1a: Sinistcha|0 fnt\n|-damage|p1b: Aerodactyl|3/100\n|faint|p1a: Sinistcha\n|move|p2b: Kangaskhan|Drain Punch|p1b: Aerodactyl\n|-damage|p1b: Aerodactyl|0 fnt\n|-heal|p2b: Kangaskhan|10/100 brn|[from] drain|[of] p1b: Aerodactyl\n|faint|p1b: Aerodactyl\n|-hitcount|p1: Aerodactyl|1\n|\n|-damage|p2b: Kangaskhan|4/100 brn|[from] brn\n|upkeep\n|\n|t:|1776353942\n|switch|p1b: Gallade|Gallade-Mega, L50, M, shiny|91/100\n|switch|p1a: Milotic|Milotic, L50, F, shiny|55/100 psn\n|turn|7\n|\n|t:|1776353950\n|move|p1b: Gallade|Protect|p1b: Gallade\n|-singleturn|p1b: Gallade|Protect\n|move|p1a: Milotic|Protect|p1a: Milotic\n|-singleturn|p1a: Milotic|Protect\n|move|p2a: Typhlosion|Eruption|p1b: Gallade|[spread] \n|-activate|p1a: Milotic|move: Protect\n|-activate|p1b: Gallade|move: Protect\n|move|p2b: Kangaskhan|Drain Punch|p1a: Milotic\n|-activate|p1a: Milotic|move: Protect\n|\n|-heal|p1a: Milotic|61/100 psn|[from] item: Leftovers\n|-damage|p1a: Milotic|49/100 psn|[from] psn\n|-damage|p2b: Kangaskhan|0 fnt|[from] brn\n|faint|p2b: Kangaskhan\n|-sideend|p2: Deidei16|move: Tailwind\n|upkeep\n|turn|8\n|\n|t:|1776353967\n|move|p2a: Typhlosion|Eruption|p1a: Milotic|[spread] p1a,p1b\n|-resisted|p1a: Milotic|1\n|-damage|p1a: Milotic|24/100 psn\n|-damage|p1b: Gallade|19/100\n|move|p1b: Gallade|Aqua Cutter|p2a: Typhlosion\n|-supereffective|p2a: Typhlosion|1\n|-damage|p2a: Typhlosion|14/100\n|move|p1a: Milotic|Life Dew|p1a: Milotic|[spread] p1a,p1b\n|-heal|p1a: Milotic|49/100 psn\n|-heal|p1b: Gallade|44/100\n|\n|-heal|p1a: Milotic|55/100 psn|[from] item: Leftovers\n|-damage|p1a: Milotic|43/100 psn|[from] psn\n|upkeep\n|turn|9\n|inactive|Deidei16 has 30 seconds left.\n|l|\u2606Deidei16\n|inactive|Deidei16 disconnected and has a minute to reconnect!\n|player|p2|\n|inactive|Deidei16 has 20 seconds left.\n|inactive|Deidei16 has 15 seconds left.\n|inactive|Deidei16 has 10 seconds left.\n|inactive|Deidei16 has 5 seconds left.\n|-message|Deidei16 lost due to inactivity.\n|\n|win|mr. bigodon\n|raw|mr. bigodon's rating: 1206 &rarr; <strong>1233</strong><br />(+27 for winning)\n|raw|Deidei16's rating: 1237 &rarr; <strong>1210</strong><br />(-27 for losing)\n",
  "uploadtime": 1776354029,
  "views": 50,
  "formatid": "gen9championsvgc2026regma",
  "rating": 1210,
  "private": 0,
  "password": null
}