{
  "id": "gen9championsvgc2026regma-2581854012",
  "format": "[Gen 9 Champions] VGC 2026 Reg M-A",
  "players": [
    "ub student",
    "th3fenix"
  ],
  "log": "|j|\u2606ub student\n|j|\u2606th3fenix\n|t:|1776033909\n|gametype|doubles\n|player|p1|ub student|265|1371\n|player|p2|th3fenix|102|1326\n|gen|9\n|tier|[Gen 9 Champions] VGC 2026 Reg M-A\n|rated|\n|rule|Species Clause: Limit one of each Pok\u00e9mon\n|rule|Item Clause: Limit 1 of each item\n|clearpoke\n|poke|p1|Crabominable, L50, M|\n|poke|p1|Incineroar, L50, M|\n|poke|p1|Farigiraf, L50, M|\n|poke|p1|Torkoal, L50, F|\n|poke|p1|Venusaur, L50, F|\n|poke|p1|Drampa, L50, F|\n|poke|p2|Floette-Eternal, L50, F|\n|poke|p2|Incineroar, L50, M|\n|poke|p2|Tyranitar, L50, M|\n|poke|p2|Aegislash, L50, M|\n|poke|p2|Rotom-Wash, L50|\n|poke|p2|Kommo-o, L50, F|\n|teampreview|4\n|inactive|Battle timer is ON: inactive players will automatically lose when time's up. (requested by ub student)\n|\n|t:|1776033935\n|teamsize|p1|4\n|teamsize|p2|4\n|start\n|switch|p1a: Incineroar|Incineroar, L50, M|100/100\n|switch|p1b: Farigiraf|Farigiraf, L50, M|100/100\n|switch|p2a: Aegislash|Aegislash, L50, M|100/100\n|switch|p2b: Rotom|Rotom-Wash, L50, shiny|100/100\n|-ability|p1a: Incineroar|Intimidate|boost\n|-unboost|p2a: Aegislash|atk|1\n|-unboost|p2b: Rotom|atk|1\n|turn|1\n|inactive|th3fenix has 30 seconds left.\n|\n|t:|1776033967\n|switch|p2a: Tyranitar|Tyranitar, L50, M|100/100\n|-weather|Sandstorm|[from] ability: Sand Stream|[of] p2a: Tyranitar\n|move|p1b: Farigiraf|Protect|p1b: Farigiraf\n|-singleturn|p1b: Farigiraf|Protect\n|move|p2b: Rotom|Hydro Pump|p1a: Incineroar\n|-supereffective|p1a: Incineroar|1\n|-damage|p1a: Incineroar|23/100\n|move|p1a: Incineroar|Parting Shot|p2b: Rotom\n|-unboost|p2b: Rotom|atk|1\n|-unboost|p2b: Rotom|spa|1\n|\n|t:|1776033977\n|switch|p1a: Venusaur|Venusaur, L50, F|100/100|[from] Parting Shot\n|\n|-weather|Sandstorm|[upkeep]\n|-damage|p2b: Rotom|95/100|[from] Sandstorm\n|-damage|p1a: Venusaur|94/100|[from] Sandstorm\n|-damage|p1b: Farigiraf|94/100|[from] Sandstorm\n|upkeep\n|turn|2\n|j| faetaso\n|\n|t:|1776033995\n|switch|p2b: Aegislash|Aegislash, L50, M|100/100\n|switch|p1b: Torkoal|Torkoal, L50, F|100/100\n|-weather|SunnyDay|[from] ability: Drought|[of] p1b: Torkoal\n|move|p1a: Venusaur|Giga Drain|p2a: Tyranitar\n|-supereffective|p2a: Tyranitar|1\n|-damage|p2a: Tyranitar|43/100\n|-heal|p1a: Venusaur|100/100|[from] drain|[of] p2a: Tyranitar\n|move|p2a: Tyranitar|Knock Off|p1b: Torkoal\n|-damage|p1b: Torkoal|69/100\n|-enditem|p1b: Torkoal|Charcoal|[from] move: Knock Off|[of] p2a: Tyranitar\n|\n|-weather|SunnyDay|[upkeep]\n|upkeep\n|turn|3\n|j| Kozakmh\n|\n|t:|1776034015\n|switch|p2a: Rotom|Rotom-Wash, L50, shiny|95/100\n|move|p1a: Venusaur|Giga Drain|p2a: Rotom\n|-supereffective|p2a: Rotom|1\n|-damage|p2a: Rotom|0 fnt\n|faint|p2a: Rotom\n|-formechange|p2b: Aegislash|Aegislash-Blade|\n|move|p2b: Aegislash|Poltergeist|p1a: Venusaur\n|-activate|p1a: Venusaur|move: Poltergeist|Venusaurite\n|-damage|p1a: Venusaur|6/100\n|move|p1b: Torkoal|Heat Wave|p2b: Aegislash\n|-supereffective|p2b: Aegislash|1\n|-damage|p2b: Aegislash|0 fnt\n|faint|p2b: Aegislash\n|\n|-weather|SunnyDay|[upkeep]\n|upkeep\n|\n|t:|1776034029\n|switch|p2a: Floette|Floette-Eternal, L50, F|100/100\n|switch|p2b: Tyranitar|Tyranitar, L50, M|43/100\n|-weather|Sandstorm|[from] ability: Sand Stream|[of] p2b: Tyranitar\n|turn|4\n|l| Kozakmh\n|inactive|ub student has 30 seconds left.\n|\n|t:|1776034060\n|detailschange|p2a: Floette|Floette-Mega, L50, F\n|-mega|p2a: Floette|Floette|Floettite\n|-ability|p2a: Floette|Fairy Aura\n|move|p2a: Floette|Calm Mind|p2a: Floette\n|-boost|p2a: Floette|spa|1\n|-boost|p2a: Floette|spd|1\n|move|p1a: Venusaur|Sleep Powder|p2a: Floette|[miss]\n|-miss|p1a: Venusaur|p2a: Floette\n|move|p2b: Tyranitar|Rock Slide|p1a: Venusaur|[spread] \n|-miss|p2b: Tyranitar|p1a: Venusaur\n|-miss|p2b: Tyranitar|p1b: Torkoal\n|move|p1b: Torkoal|Earth Power|p2b: Tyranitar\n|-supereffective|p2b: Tyranitar|1\n|-damage|p2b: Tyranitar|14/100\n|\n|-weather|Sandstorm|[upkeep]\n|-damage|p2a: Floette|95/100|[from] Sandstorm\n|-damage|p1a: Venusaur|0 fnt|[from] Sandstorm\n|-damage|p1b: Torkoal|63/100|[from] Sandstorm\n|faint|p1a: Venusaur\n|upkeep\n|\n|t:|1776034070\n|switch|p1a: Incineroar|Incineroar, L50, M|23/100\n|-ability|p1a: Incineroar|Intimidate|boost\n|-unboost|p2a: Floette|atk|1\n|-unboost|p2b: Tyranitar|atk|1\n|turn|5\n|\n|t:|1776034086\n|move|p2a: Floette|Protect|p2a: Floette\n|-singleturn|p2a: Floette|Protect\n|move|p2b: Tyranitar|Protect|p2b: Tyranitar\n|-singleturn|p2b: Tyranitar|Protect\n|move|p1a: Incineroar|Fake Out|p2a: Floette\n|-activate|p2a: Floette|move: Protect\n|move|p1b: Torkoal|Earth Power|p2b: Tyranitar\n|-activate|p2b: Tyranitar|move: Protect\n|\n|-weather|Sandstorm|[upkeep]\n|-damage|p2a: Floette|89/100|[from] Sandstorm\n|-damage|p1a: Incineroar|17/100|[from] Sandstorm\n|-damage|p1b: Torkoal|57/100|[from] Sandstorm\n|upkeep\n|turn|6\n|\n|t:|1776034098\n|move|p2a: Floette|Dazzling Gleam|p1a: Incineroar|[spread] p1a,p1b\n|-resisted|p1b: Torkoal|1\n|-crit|p1b: Torkoal\n|-damage|p1a: Incineroar|0 fnt\n|-damage|p1b: Torkoal|0 fnt\n|faint|p1a: Incineroar\n|faint|p1b: Torkoal\n|move|p2b: Tyranitar|Rock Slide|p1: Incineroar|[notarget]\n|-fail|p2b: Tyranitar\n|\n|-weather|Sandstorm|[upkeep]\n|-damage|p2a: Floette|83/100|[from] Sandstorm\n|upkeep\n|-message|ub student forfeited.\n|\n|win|th3fenix\n|raw|ub student's rating: 1371 &rarr; <strong>1348</strong><br />(-23 for losing)\n|raw|th3fenix's rating: 1326 &rarr; <strong>1349</strong><br />(+23 for winning)\n|l|\u2606ub student\n|player|p1|\n|l| faetaso\n|l|\u2606th3fenix\n|player|p2|\n",
  "uploadtime": 1776034141,
  "views": 37,
  "formatid": "gen9championsvgc2026regma",
  "rating": 1348,
  "private": 0,
  "password": null
}