{
  "id": "gen9championsvgc2026regma-2583415000",
  "format": "[Gen 9 Champions] VGC 2026 Reg M-A",
  "players": [
    "TinManFall",
    "DivergenceVGC"
  ],
  "log": "|j|\u2606TinManFall\n|j|\u2606DivergenceVGC\n|t:|1776174109\n|gametype|doubles\n|player|p1|TinManFall|2|1174\n|player|p2|DivergenceVGC|1|1183\n|gen|9\n|tier|[Gen 9 Champions] VGC 2026 Reg M-A\n|rated|\n|rule|Species Clause: Limit one of each Pok\u00e9mon\n|rule|Item Clause: Limit 1 of each item\n|clearpoke\n|poke|p1|Pelipper, L50, M|\n|poke|p1|Archaludon, L50, F|\n|poke|p1|Meganium, L50, M|\n|poke|p1|Incineroar, L50, F|\n|poke|p1|Farigiraf, L50, F|\n|poke|p1|Crabominable, L50, M|\n|poke|p2|Charizard, L50, F|\n|poke|p2|Sneasler, L50, M|\n|poke|p2|Rotom-Wash, L50|\n|poke|p2|Garchomp, L50, M|\n|poke|p2|Incineroar, L50, F|\n|poke|p2|Milotic, L50, F|\n|teampreview|4\n|inactive|Battle timer is ON: inactive players will automatically lose when time's up. (requested by TinManFall)\n|\n|t:|1776174154\n|teamsize|p1|4\n|teamsize|p2|4\n|start\n|switch|p1a: Farigiraf|Farigiraf, L50, F|100/100\n|switch|p1b: Crabominable|Crabominable, L50, M|100/100\n|switch|p2a: Charizard|Charizard, L50, F|100/100\n|switch|p2b: Sneasler|Sneasler, L50, M|100/100\n|turn|1\n|\n|t:|1776174167\n|detailschange|p2a: Charizard|Charizard-Mega-Y, L50, F\n|-mega|p2a: Charizard|Charizard|Charizardite Y\n|-weather|SunnyDay|[from] ability: Drought|[of] p2a: Charizard\n|move|p1b: Crabominable|Protect|p1b: Crabominable\n|-singleturn|p1b: Crabominable|Protect\n|move|p2b: Sneasler|Close Combat|p1a: Farigiraf\n|-crit|p1a: Farigiraf\n|-damage|p1a: Farigiraf|19/100\n|-unboost|p2b: Sneasler|def|1\n|-unboost|p2b: Sneasler|spd|1\n|-enditem|p2b: Sneasler|White Herb\n|-clearnegativeboost|p2b: Sneasler|[silent]\n|move|p2a: Charizard|Heat Wave|p1a: Farigiraf|[spread] \n|-activate|p1b: Crabominable|move: Protect\n|-miss|p2a: Charizard|p1a: Farigiraf\n|move|p1a: Farigiraf|Trick Room|p1a: Farigiraf\n|-fieldstart|move: Trick Room|[of] p1a: Farigiraf\n|\n|-weather|SunnyDay|[upkeep]\n|-heal|p1a: Farigiraf|25/100|[from] item: Leftovers\n|upkeep\n|turn|2\n|inactive|TinManFall has 30 seconds left.\n|\n|t:|1776174194\n|switch|p1b: Pelipper|Pelipper, L50, M|100/100\n|-weather|RainDance|[from] ability: Drizzle|[of] p1b: Pelipper\n|switch|p2a: Milotic|Milotic, L50, F|100/100\n|switch|p2b: Incineroar|Incineroar, L50, F|100/100\n|-ability|p2b: Incineroar|Intimidate|boost\n|-unboost|p1a: Farigiraf|atk|1\n|-unboost|p1b: Pelipper|atk|1\n|move|p1a: Farigiraf|Hyper Voice|p2a: Milotic|[spread] p2a,p2b\n|-damage|p2a: Milotic|81/100\n|-damage|p2b: Incineroar|74/100\n|\n|-weather|RainDance|[upkeep]\n|-heal|p1a: Farigiraf|31/100|[from] item: Leftovers\n|-heal|p2a: Milotic|87/100|[from] item: Leftovers\n|upkeep\n|turn|3\n|inactive|DivergenceVGC has 30 seconds left.\n|\n|t:|1776174225\n|move|p1a: Farigiraf|Light Screen|p1a: Farigiraf\n|-sidestart|p1: TinManFall|move: Light Screen\n|move|p2b: Incineroar|Parting Shot|p1b: Pelipper\n|-unboost|p1b: Pelipper|atk|1\n|-unboost|p1b: Pelipper|spa|1\n|\n|t:|1776174231\n|switch|p2b: Charizard|Charizard-Mega-Y, L50, F|100/100|[from] Parting Shot\n|-weather|SunnyDay|[from] ability: Drought|[of] p2b: Charizard\n|move|p2a: Milotic|Ice Beam|p1b: Pelipper\n|-damage|p1b: Pelipper|69/100\n|move|p1b: Pelipper|Muddy Water|p2b: Charizard|[spread] p2a,p2b\n|-resisted|p2a: Milotic|1\n|-supereffective|p2b: Charizard|1\n|-damage|p2a: Milotic|84/100\n|-damage|p2b: Charizard|86/100\n|\n|-weather|SunnyDay|[upkeep]\n|-heal|p1a: Farigiraf|37/100|[from] item: Leftovers\n|-heal|p2a: Milotic|90/100|[from] item: Leftovers\n|upkeep\n|turn|4\n|inactive|DivergenceVGC has 30 seconds left.\n|\n|t:|1776174256\n|switch|p1a: Incineroar|Incineroar, L50, F|100/100\n|-ability|p1a: Incineroar|Intimidate|boost\n|-unboost|p2a: Milotic|atk|1\n|-ability|p2a: Milotic|Competitive|boost\n|-boost|p2a: Milotic|spa|2\n|-unboost|p2b: Charizard|atk|1\n|move|p2a: Milotic|Ice Beam|p1a: Incineroar\n|-resisted|p1a: Incineroar|1\n|-damage|p1a: Incineroar|90/100\n|move|p2b: Charizard|Heat Wave|p1a: Incineroar|[spread] p1a,p1b\n|-resisted|p1a: Incineroar|1\n|-resisted|p1b: Pelipper|1\n|-damage|p1a: Incineroar|75/100\n|-damage|p1b: Pelipper|25/100\n|-status|p1b: Pelipper|brn\n|move|p1b: Pelipper|Muddy Water|p2a: Milotic|[spread] p2a,p2b\n|-resisted|p2a: Milotic|1\n|-supereffective|p2b: Charizard|1\n|-damage|p2a: Milotic|87/100\n|-damage|p2b: Charizard|71/100\n|\n|-weather|SunnyDay|[upkeep]\n|-heal|p2a: Milotic|93/100|[from] item: Leftovers\n|-damage|p1b: Pelipper|19/100 brn|[from] brn\n|upkeep\n|turn|5\n|inactive|DivergenceVGC has 30 seconds left.\n|\n|t:|1776174286\n|switch|p2b: Incineroar|Incineroar, L50, F|74/100\n|-ability|p2b: Incineroar|Intimidate|boost\n|-unboost|p1a: Incineroar|atk|1\n|-unboost|p1b: Pelipper|atk|1\n|move|p2a: Milotic|Protect|p2a: Milotic\n|-singleturn|p2a: Milotic|Protect\n|move|p1a: Incineroar|Darkest Lariat|p2b: Incineroar\n|-resisted|p2b: Incineroar|1\n|-damage|p2b: Incineroar|65/100\n|move|p1b: Pelipper|Muddy Water|p2b: Incineroar|[spread] p2b\n|-activate|p2a: Milotic|move: Protect\n|-supereffective|p2b: Incineroar|1\n|-damage|p2b: Incineroar|46/100\n|\n|-weather|SunnyDay|[upkeep]\n|-heal|p2a: Milotic|99/100|[from] item: Leftovers\n|-damage|p1b: Pelipper|14/100 brn|[from] brn\n|-fieldend|move: Trick Room\n|upkeep\n|turn|6\n|inactive|DivergenceVGC has 30 seconds left.\n|inactive|TinManFall has 30 seconds left.\n|\n|t:|1776174324\n|move|p2b: Incineroar|Fake Out|p1a: Incineroar\n|-damage|p1a: Incineroar|65/100\n|move|p1b: Pelipper|Muddy Water|p2b: Incineroar|[spread] p2a,p2b\n|-resisted|p2a: Milotic|1\n|-supereffective|p2b: Incineroar|1\n|-damage|p2a: Milotic|96/100\n|-damage|p2b: Incineroar|30/100\n|move|p2a: Milotic|Icy Wind|p1a: Incineroar|[spread] p1a,p1b\n|-resisted|p1a: Incineroar|1\n|-crit|p1b: Pelipper\n|-damage|p1a: Incineroar|59/100\n|-damage|p1b: Pelipper|0 fnt\n|-unboost|p1a: Incineroar|spe|1\n|faint|p1b: Pelipper\n|cant|p1a: Incineroar|flinch\n|\n|-weather|SunnyDay|[upkeep]\n|-heal|p2a: Milotic|100/100|[from] item: Leftovers\n|upkeep\n|\n|t:|1776174333\n|switch|p1b: Crabominable|Crabominable, L50, M|100/100\n|turn|7\n|\n|t:|1776174352\n|switch|p1a: Farigiraf|Farigiraf, L50, F|37/100\n|detailschange|p1b: Crabominable|Crabominable-Mega, L50, M\n|-mega|p1b: Crabominable|Crabominable|Crabominite\n|move|p2a: Milotic|Protect|p2a: Milotic\n|-singleturn|p2a: Milotic|Protect\n|move|p2b: Incineroar|Flare Blitz|p1b: Crabominable\n|-supereffective|p1b: Crabominable|1\n|-damage|p1b: Crabominable|2/100\n|-damage|p2b: Incineroar|0 fnt|[from] Recoil\n|faint|p2b: Incineroar\n|move|p1b: Crabominable|Bulk Up|p1b: Crabominable\n|-boost|p1b: Crabominable|atk|1\n|-boost|p1b: Crabominable|def|1\n|\n|-weather|none\n|-heal|p1a: Farigiraf|44/100|[from] item: Leftovers\n|-sideend|p1: TinManFall|move: Light Screen\n|upkeep\n|\n|t:|1776174377\n|switch|p2b: Sneasler|Sneasler, L50, M|100/100\n|turn|8\n|\n|t:|1776174398\n|move|p1b: Crabominable|Protect|p1b: Crabominable\n|-singleturn|p1b: Crabominable|Protect\n|move|p2b: Sneasler|Close Combat|p1a: Farigiraf\n|-damage|p1a: Farigiraf|0 fnt\n|-unboost|p2b: Sneasler|def|1\n|-unboost|p2b: Sneasler|spd|1\n|faint|p1a: Farigiraf\n|move|p2a: Milotic|Scald|p1b: Crabominable\n|-activate|p1b: Crabominable|move: Protect\n|\n|upkeep\n|\n|t:|1776174407\n|switch|p1a: Incineroar|Incineroar, L50, F|59/100\n|-ability|p1a: Incineroar|Intimidate|boost\n|-unboost|p2a: Milotic|atk|1\n|-ability|p2a: Milotic|Competitive|boost\n|-boost|p2a: Milotic|spa|2\n|-unboost|p2b: Sneasler|atk|1\n|turn|9\n|\n|t:|1776174432\n|move|p1a: Incineroar|Fake Out|p2a: Milotic\n|-damage|p2a: Milotic|90/100\n|move|p2b: Sneasler|Dire Claw|p1b: Crabominable\n|-damage|p1b: Crabominable|0 fnt\n|faint|p1b: Crabominable\n|cant|p2a: Milotic|flinch\n|\n|-heal|p2a: Milotic|96/100|[from] item: Leftovers\n|upkeep\n|turn|10\n|-message|TinManFall forfeited.\n|\n|win|DivergenceVGC\n|raw|TinManFall's rating: 1174 &rarr; <strong>1150</strong><br />(-24 for losing)\n|raw|DivergenceVGC's rating: 1183 &rarr; <strong>1207</strong><br />(+24 for winning)\n|l|\u2606TinManFall\n|player|p1|\n",
  "uploadtime": 1776174446,
  "views": 15,
  "formatid": "gen9championsvgc2026regma",
  "rating": 1150,
  "private": 0,
  "password": null
}