{
  "id": "gen9championsvgc2026regma-2580742816",
  "format": "[Gen 9 Champions] VGC 2026 Reg M-A",
  "players": [
    "la javineta",
    "THUG333"
  ],
  "log": "|j|\u2606la javineta\n|j|\u2606THUG333\n|t:|1775928814\n|gametype|doubles\n|player|p1|la javineta|265|1174\n|player|p2|THUG333|265|1230\n|gen|9\n|tier|[Gen 9 Champions] VGC 2026 Reg M-A\n|rated|\n|rule|Species Clause: Limit one of each Pok\u00e9mon\n|rule|Item Clause: Limit 1 of each item\n|clearpoke\n|poke|p1|Heliolisk, L50, F|\n|poke|p1|Garchomp, L50, F|\n|poke|p1|Tyranitar, L50, F|\n|poke|p1|Aerodactyl, L50, M|\n|poke|p1|Milotic, L50, F|\n|poke|p1|Incineroar, L50, M|\n|poke|p2|Golurk, L50|\n|poke|p2|Incineroar, L50, M|\n|poke|p2|Farigiraf, L50, F|\n|poke|p2|Kingambit, L50, M|\n|poke|p2|Rotom-Wash, L50|\n|poke|p2|Kommo-o, L50, F|\n|teampreview|4\nTHUG333 rejected open team sheets.\n|j| hoshigumo1101\n|\n|t:|1775928845\n|teamsize|p1|4\n|teamsize|p2|4\n|start\n|switch|p1a: Milotic|Milotic, L50, F|100/100\n|switch|p1b: Aerodactyl|Aerodactyl, L50, M|100/100\n|switch|p2a: Farigiraf|Farigiraf, L50, F, shiny|100/100\n|switch|p2b: Rotom|Rotom-Wash, L50, shiny|100/100\n|-ability|p1b: Aerodactyl|Unnerve\n|turn|1\n|l| hoshigumo1101\n|\n|t:|1775928879\n|detailschange|p1b: Aerodactyl|Aerodactyl-Mega, L50, M\n|-mega|p1b: Aerodactyl|Aerodactyl|Aerodactylite\n|move|p1a: Milotic|Protect|p1a: Milotic\n|-singleturn|p1a: Milotic|Protect\n|move|p1b: Aerodactyl|Rock Slide|p2b: Rotom|[spread] \n|-miss|p1b: Aerodactyl|p2a: Farigiraf\n|-miss|p1b: Aerodactyl|p2b: Rotom\n|move|p2b: Rotom|Volt Switch|p1a: Milotic\n|-activate|p1a: Milotic|move: Protect\n|move|p2a: Farigiraf|Trick Room|p2a: Farigiraf\n|-fieldstart|move: Trick Room|[of] p2a: Farigiraf\n|\n|upkeep\n|turn|2\n|\n|t:|1775928899\n|move|p2a: Farigiraf|Helping Hand|p2b: Rotom\n|-singleturn|p2b: Rotom|Helping Hand|[of] p2a: Farigiraf\n|move|p1a: Milotic|Coil|p1a: Milotic\n|-boost|p1a: Milotic|atk|1\n|-boost|p1a: Milotic|def|1\n|-boost|p1a: Milotic|accuracy|1\n|move|p2b: Rotom|Volt Switch|p1b: Aerodactyl\n|-supereffective|p1b: Aerodactyl|1\n|-damage|p1b: Aerodactyl|0 fnt\n|faint|p1b: Aerodactyl\n|\n|t:|1775928902\n|switch|p2b: Golurk|Golurk, L50, shiny|100/100|[from] Volt Switch\n|\n|upkeep\n|\n|t:|1775928909\n|switch|p1b: Incineroar|Incineroar, L50, M|100/100\n|-ability|p1b: Incineroar|Intimidate|boost\n|-unboost|p2a: Farigiraf|atk|1\n|-unboost|p2b: Golurk|atk|1\n|turn|3\n|\n|t:|1775928931\n|switch|p2b: Rotom|Rotom-Wash, L50, shiny|100/100\n|switch|p1b: Garchomp|Garchomp, L50, F|100/100\n|move|p2a: Farigiraf|Psychic|p1a: Milotic\n|-crit|p1a: Milotic\n|-damage|p1a: Milotic|71/100\n|move|p1a: Milotic|Coil|p1a: Milotic\n|-boost|p1a: Milotic|atk|1\n|-boost|p1a: Milotic|def|1\n|-boost|p1a: Milotic|accuracy|1\n|\n|-heal|p1a: Milotic|77/100|[from] item: Leftovers\n|upkeep\n|turn|4\n|\n|t:|1775928969\n|move|p2a: Farigiraf|Psychic|p1a: Milotic\n|-damage|p1a: Milotic|57/100\n|move|p1a: Milotic|Hypnosis|p2b: Rotom\n|-status|p2b: Rotom|slp|[from] move: Hypnosis\n|move|p1b: Garchomp|Stomping Tantrum|p2a: Farigiraf\n|-damage|p2a: Farigiraf|75/100\n|cant|p2b: Rotom|slp\n|\n|-heal|p1a: Milotic|63/100|[from] item: Leftovers\n|upkeep\n|turn|5\n|\n|t:|1775928981\n|move|p2a: Farigiraf|Psychic|p1a: Milotic\n|-damage|p1a: Milotic|43/100\n|move|p1a: Milotic|Hypnosis|p2a: Farigiraf\n|-status|p2a: Farigiraf|slp|[from] move: Hypnosis\n|move|p1b: Garchomp|Stomping Tantrum|p2a: Farigiraf\n|-damage|p2a: Farigiraf|49/100 slp\n|cant|p2b: Rotom|slp\n|\n|-heal|p1a: Milotic|49/100|[from] item: Leftovers\n|-fieldend|move: Trick Room\n|upkeep\n|turn|6\n|\n|t:|1775928991\n|move|p1a: Milotic|Protect|p1a: Milotic\n|-singleturn|p1a: Milotic|Protect\n|-curestatus|p2b: Rotom|slp|[msg]\n|move|p2b: Rotom|Volt Switch|p1a: Milotic\n|-activate|p1a: Milotic|move: Protect\n|move|p1b: Garchomp|Dragon Claw|p2b: Rotom\n|-damage|p2b: Rotom|47/100\n|cant|p2a: Farigiraf|slp\n|\n|-heal|p1a: Milotic|55/100|[from] item: Leftovers\n|upkeep\n|turn|7\n|\n|t:|1775929011\n|move|p2b: Rotom|Volt Switch|p1a: Milotic\n|-supereffective|p1a: Milotic|1\n|-damage|p1a: Milotic|10/100\n|\n|t:|1775929016\n|switch|p2b: Kommo-o|Kommo-o, L50, F, shiny|100/100|[from] Volt Switch\n|move|p1b: Garchomp|Dragon Claw|p2b: Kommo-o\n|-supereffective|p2b: Kommo-o|1\n|-damage|p2b: Kommo-o|33/100\n|move|p1a: Milotic|Coil|p1a: Milotic\n|-boost|p1a: Milotic|atk|1\n|-boost|p1a: Milotic|def|1\n|-boost|p1a: Milotic|accuracy|1\n|cant|p2a: Farigiraf|slp\n|\n|-heal|p2b: Kommo-o|40/100|[from] item: Leftovers\n|-heal|p1a: Milotic|17/100|[from] item: Leftovers\n|upkeep\n|turn|8\n|\n|t:|1775929037\n|-curestatus|p2a: Farigiraf|slp|[msg]\n|move|p2a: Farigiraf|Helping Hand|p2b: Kommo-o\n|-singleturn|p2b: Kommo-o|Helping Hand|[of] p2a: Farigiraf\n|move|p1b: Garchomp|Stomping Tantrum|p2a: Farigiraf\n|-damage|p2a: Farigiraf|23/100\n|move|p2b: Kommo-o|Clanging Scales|p1a: Milotic|[spread] p1a,p1b\n|-supereffective|p1b: Garchomp|1\n|-damage|p1a: Milotic|0 fnt\n|-damage|p1b: Garchomp|0 fnt\n|faint|p1a: Milotic\n|faint|p1b: Garchomp\n|-unboost|p2b: Kommo-o|def|1\n|\n|-heal|p2b: Kommo-o|46/100|[from] item: Leftovers\n|upkeep\n|-message|la javineta forfeited.\n|\n|win|THUG333\n|raw|la javineta's rating: 1174 &rarr; <strong>1153</strong><br />(-21 for losing)\n|raw|THUG333's rating: 1230 &rarr; <strong>1251</strong><br />(+21 for winning)\n|l|\u2606la javineta\n|player|p1|\n",
  "uploadtime": 1775929050,
  "views": 14,
  "formatid": "gen9championsvgc2026regma",
  "rating": 1153,
  "private": 0,
  "password": null
}