{
  "id": "gen9championsvgc2026regma-2588899992",
  "format": "[Gen 9 Champions] VGC 2026 Reg M-A",
  "players": [
    "jiagah",
    "gundi8"
  ],
  "log": "|j|\u2606jiagah\n|j|\u2606gundi8\n|t:|1776683929\n|gametype|doubles\n|player|p1|jiagah|blackbelt-gen4|1000\n|player|p2|gundi8|ethan|1000\n|gen|9\n|tier|[Gen 9 Champions] VGC 2026 Reg M-A\n|rated|\n|rule|Species Clause: Limit one of each Pok\u00e9mon\n|rule|Item Clause: Limit 1 of each item\n|clearpoke\n|poke|p1|Scovillain, L50, F|\n|poke|p1|Toxicroak, L50, F, shiny|\n|poke|p1|Milotic, L50, F|\n|poke|p1|Sableye, L50, F|\n|poke|p1|Absol, L50, M|\n|poke|p1|Zoroark-Hisui, L50, F|\n|poke|p2|Venusaur, L50, M, shiny|\n|poke|p2|Incineroar, L50, M, shiny|\n|poke|p2|Tyranitar, L50, F|\n|poke|p2|Garchomp, L50, M|\n|poke|p2|Rotom-Wash, L50|\n|poke|p2|Gardevoir, L50, F|\n|teampreview|4\n|inactive|Battle timer is ON: inactive players will automatically lose when time's up. (requested by gundi8)\n|inactive|jiagah has 60 seconds left.\n|inactive|gundi8 has 60 seconds left.\n|\n|t:|1776683989\n|teamsize|p1|4\n|teamsize|p2|4\n|start\n|switch|p1a: Manon|Milotic, L50, F|100/100\n|switch|p1b: Scovillain|Scovillain, L50, F|100/100\n|switch|p2a: Venusaur|Venusaur, L50, M, shiny|100/100\n|switch|p2b: Gardevoir|Gardevoir, L50, F|100/100\n|turn|1\n|inactive|gundi8 has 30 seconds left.\n|\n|t:|1776684015\n|detailschange|p2a: Venusaur|Venusaur-Mega, L50, M, shiny\n|-mega|p2a: Venusaur|Venusaur|Venusaurite\n|move|p1b: Scovillain|Extrasensory|p2a: Venusaur\n|-supereffective|p2a: Venusaur|1\n|-damage|p2a: Venusaur|58/100\n|move|p2b: Gardevoir|Psychic|p1b: Scovillain\n|-damage|p1b: Scovillain|2/100\n|-unboost|p1b: Scovillain|spd|1\n|replace|p1b: Zoroark|Zoroark-Hisui, L50, F\n|-end|p1b: Zoroark|Illusion\n|move|p2a: Venusaur|Leech Seed|p1a: Manon\n|-start|p1a: Manon|move: Leech Seed\n|move|p1a: Manon|Icy Wind|p2a: Venusaur|[spread] p2a,p2b\n|-supereffective|p2a: Venusaur|1\n|-damage|p2a: Venusaur|47/100\n|-damage|p2b: Gardevoir|86/100\n|-unboost|p2a: Venusaur|spe|1\n|-unboost|p2b: Gardevoir|spe|1\n|\n|-damage|p1a: Manon|88/100|[from] Leech Seed|[of] p2a: Venusaur\n|-heal|p2a: Venusaur|60/100|[silent]\n|upkeep\n|turn|2\n|inactive|jiagah has 30 seconds left.\n|inactive|gundi8 has 30 seconds left.\n|\n|t:|1776684049\n|switch|p1b: Scovillain|Scovillain, L50, F|100/100\n|switch|p2b: Tyranitar|Tyranitar, L50, F|100/100\n|-weather|Sandstorm|[from] ability: Sand Stream|[of] p2b: Tyranitar\n|move|p2a: Venusaur|Protect|p2a: Venusaur\n|-singleturn|p2a: Venusaur|Protect\n|move|p1a: Manon|Icy Wind|p2a: Venusaur|[spread] p2b\n|-activate|p2a: Venusaur|move: Protect\n|-damage|p2b: Tyranitar|93/100\n|-unboost|p2b: Tyranitar|spe|1\n|\n|-weather|Sandstorm|[upkeep]\n|-damage|p1b: Scovillain|95/100|[from] Sandstorm\n|-damage|p1a: Manon|82/100|[from] Sandstorm\n|-damage|p2a: Venusaur|55/100|[from] Sandstorm\n|-heal|p1a: Manon|88/100|[from] item: Leftovers\n|-damage|p1a: Manon|76/100|[from] Leech Seed|[of] p2a: Venusaur\n|-heal|p2a: Venusaur|68/100|[silent]\n|-ability|p1b: Scovillain|Moody|boost\n|-boost|p1b: Scovillain|spe|2\n|-unboost|p1b: Scovillain|atk|1\n|upkeep\n|turn|3\n|inactive|gundi8 has 30 seconds left.\n|inactive|jiagah has 30 seconds left.\n|inactive|jiagah has 20 seconds left.\n|inactive|jiagah has 15 seconds left.\n|inactive|gundi8 has 20 seconds left.\n|inactive|jiagah has 10 seconds left.\n|inactive|jiagah has 5 seconds left.\n|\n|t:|1776684108\n|switch|p2b: Gardevoir|Gardevoir, L50, F|86/100\n|move|p1b: Scovillain|Overheat|p2a: Venusaur|[miss]\n|-miss|p1b: Scovillain|p2a: Venusaur\n|move|p1a: Manon|Icy Wind|p2b: Gardevoir|[spread] p2a,p2b\n|-supereffective|p2a: Venusaur|1\n|-damage|p2a: Venusaur|57/100\n|-damage|p2b: Gardevoir|70/100\n|-unboost|p2a: Venusaur|spe|1\n|-unboost|p2b: Gardevoir|spe|1\n|move|p2a: Venusaur|Sludge Bomb|p1b: Scovillain\n|-supereffective|p1b: Scovillain|1\n|-damage|p1b: Scovillain|0 fnt\n|faint|p1b: Scovillain\n|\n|-weather|Sandstorm|[upkeep]\n|-damage|p2b: Gardevoir|64/100|[from] Sandstorm\n|-damage|p1a: Manon|70/100|[from] Sandstorm\n|-damage|p2a: Venusaur|51/100|[from] Sandstorm\n|-heal|p1a: Manon|76/100|[from] item: Leftovers\n|-damage|p1a: Manon|63/100|[from] Leech Seed|[of] p2a: Venusaur\n|-heal|p2a: Venusaur|65/100|[silent]\n|upkeep\n|\n|t:|1776684114\n|switch|p1b: Absol|Absol, L50, M|100/100\n|turn|4\n|\n|t:|1776684124\n|move|p1b: Absol|Psycho Cut|p2a: Venusaur\n|-supereffective|p2a: Venusaur|1\n|-crit|p2a: Venusaur\n|-damage|p2a: Venusaur|3/100\n|move|p2b: Gardevoir|Moonblast|p1b: Absol\n|-supereffective|p1b: Absol|1\n|-damage|p1b: Absol|0 fnt\n|faint|p1b: Absol\n|move|p1a: Manon|Icy Wind|p2b: Gardevoir|[spread] p2a\n|-miss|p1a: Manon|p2b: Gardevoir\n|-supereffective|p2a: Venusaur|1\n|-damage|p2a: Venusaur|0 fnt\n|faint|p2a: Venusaur\n|\n|-weather|Sandstorm|[upkeep]\n|-damage|p2b: Gardevoir|58/100|[from] Sandstorm\n|-damage|p1a: Manon|57/100|[from] Sandstorm\n|-heal|p1a: Manon|63/100|[from] item: Leftovers\n|upkeep\n|\n|t:|1776684135\n|switch|p1b: Zoroark|Zoroark-Hisui, L50, F|2/100\n|switch|p2a: Rotom|Rotom-Wash, L50|100/100\n|turn|5\n|\n|t:|1776684147\n|move|p2a: Rotom|Protect|p2a: Rotom\n|-singleturn|p2a: Rotom|Protect\n|move|p1b: Zoroark|Sludge Bomb|p2b: Gardevoir\n|-supereffective|p2b: Gardevoir|1\n|-damage|p2b: Gardevoir|0 fnt\n|faint|p2b: Gardevoir\n|move|p1a: Manon|Muddy Water|p2a: Rotom\n|-activate|p2a: Rotom|move: Protect\n|\n|-weather|Sandstorm|[upkeep]\n|-damage|p1b: Zoroark|0 fnt|[from] Sandstorm\n|-damage|p2a: Rotom|95/100|[from] Sandstorm\n|-damage|p1a: Manon|57/100|[from] Sandstorm\n|faint|p1b: Zoroark\n|-heal|p1a: Manon|63/100|[from] item: Leftovers\n|-damage|p1a: Manon|51/100|[from] Leech Seed|[of] p2a: Rotom\n|-heal|p2a: Rotom|100/100|[silent]\n|upkeep\n|\n|t:|1776684150\n|switch|p2b: Tyranitar|Tyranitar, L50, F|93/100\n|turn|6\n|\n|t:|1776684159\n|move|p2a: Rotom|Thunderbolt|p1a: Manon\n|-supereffective|p1a: Manon|1\n|-damage|p1a: Manon|0 fnt\n|faint|p1a: Manon\n|\n|win|gundi8\n|raw|jiagah's rating: 1000 &rarr; <strong>1000</strong><br />(+0 for losing)\n|raw|gundi8's rating: 1000 &rarr; <strong>1040</strong><br />(+40 for winning)\n",
  "uploadtime": 1776684159,
  "views": 12,
  "formatid": "gen9championsvgc2026regma",
  "rating": 1000,
  "private": 0,
  "password": null
}