{
  "id": "gen9championsvgc2026regma-2584861740",
  "format": "[Gen 9 Champions] VGC 2026 Reg M-A",
  "players": [
    "halcony",
    "pan-dulcito"
  ],
  "log": "|j|\u2606halcony\n|j|\u2606pan-dulcito\n|t:|1776289502\n|gametype|doubles\n|player|p1|halcony|266|1087\n|player|p2|pan-dulcito|miku-fire|1170\n|gen|9\n|tier|[Gen 9 Champions] VGC 2026 Reg M-A\n|rated|\n|rule|Species Clause: Limit one of each Pok\u00e9mon\n|rule|Item Clause: Limit 1 of each item\n|clearpoke\n|poke|p1|Meganium, L50, F|\n|poke|p1|Pelipper, L50, M|\n|poke|p1|Basculegion, L50, M|\n|poke|p1|Archaludon, L50, F|\n|poke|p1|Sneasler, L50, F|\n|poke|p1|Incineroar, L50, F|\n|poke|p2|Charizard, L50, F|\n|poke|p2|Maushold-Four, L50|\n|poke|p2|Kingambit, L50, F|\n|poke|p2|Sneasler, L50, M|\n|poke|p2|Dragapult, L50, M|\n|poke|p2|Garchomp, L50, M|\n|teampreview|4\n|inactive|Battle timer is ON: inactive players will automatically lose when time's up. (requested by halcony)\nhalcony rejected open team sheets.\n|\n|t:|1776289527\n|teamsize|p1|4\n|teamsize|p2|4\n|start\n|switch|p1a: Pelipper|Pelipper, L50, M|100/100\n|switch|p1b: Basculegion|Basculegion, L50, M|100/100\n|switch|p2a: Kingambit|Kingambit, L50, F|100/100\n|switch|p2b: Garchomp|Garchomp, L50, M|100/100\n|-weather|RainDance|[from] ability: Drizzle|[of] p1a: Pelipper\n|turn|1\n|inactive|pan-dulcito has 30 seconds left.\n|\n|t:|1776289555\n|move|p2b: Garchomp|Rock Slide|p1a: Pelipper|[spread] p1a\n|-miss|p2b: Garchomp|p1b: Basculegion\n|-supereffective|p1a: Pelipper|1\n|-crit|p1a: Pelipper\n|-damage|p1a: Pelipper|36/100\n|move|p1b: Basculegion|Wave Crash|p2b: Garchomp\n|-damage|p2b: Garchomp|13/100\n|-damage|p1b: Basculegion|88/100|[from] ability: Rough Skin|[of] p2b: Garchomp\n|-damage|p1b: Basculegion|61/100|[from] Recoil\n|move|p1a: Pelipper|Tailwind|p1a: Pelipper\n|-sidestart|p1: halcony|move: Tailwind\n|move|p2a: Kingambit|Kowtow Cleave|p1b: Basculegion\n|-supereffective|p1b: Basculegion|1\n|-damage|p1b: Basculegion|0 fnt\n|faint|p1b: Basculegion\n|\n|-weather|RainDance|[upkeep]\n|upkeep\n|\n|t:|1776289572\n|switch|p1b: Archaludon|Archaludon, L50, F|100/100\n|turn|2\n|\n|t:|1776289585\n|move|p1a: Pelipper|Protect|p1a: Pelipper\n|-singleturn|p1a: Pelipper|Protect\n|move|p2a: Kingambit|Sucker Punch||[still]\n|-fail|p2a: Kingambit\n|move|p2b: Garchomp|Rock Slide|p1b: Archaludon|[spread] p1b\n|-activate|p1a: Pelipper|move: Protect\n|-resisted|p1b: Archaludon|1\n|-damage|p1b: Archaludon|92/100\n|-ability|p1b: Archaludon|Stamina|boost\n|-boost|p1b: Archaludon|def|1\n|cant|p1b: Archaludon|flinch\n|\n|-weather|RainDance|[upkeep]\n|-heal|p1b: Archaludon|98/100|[from] item: Leftovers\n|upkeep\n|turn|3\n|\n|t:|1776289606\n|switch|p2b: Maushold|Maushold-Four, L50|100/100\n|move|p1a: Pelipper|Roost|p1a: Pelipper\n|-heal|p1a: Pelipper|87/100\n|-singleturn|p1a: Pelipper|move: Roost\n|move|p1b: Archaludon|Aura Sphere|p2a: Kingambit\n|-supereffective|p2a: Kingambit|2\n|-damage|p2a: Kingambit|2/100\n|move|p2a: Kingambit|Kowtow Cleave|p1a: Pelipper\n|-damage|p1a: Pelipper|30/100\n|\n|-weather|RainDance|[upkeep]\n|-heal|p1b: Archaludon|100/100|[from] item: Leftovers\n|upkeep\n|turn|4\n|\n|t:|1776289628\n|switch|p1a: Sneasler|Sneasler, L50, F|100/100\n|move|p2a: Kingambit|Protect|p2a: Kingambit\n|-singleturn|p2a: Kingambit|Protect\n|move|p1b: Archaludon|Electro Shot||[still]\n|-prepare|p1b: Archaludon|Electro Shot\n|-boost|p1b: Archaludon|spa|1\n|-anim|p1b: Archaludon|Electro Shot|p2b: Maushold\n|-damage|p2b: Maushold|8/100\n|move|p2b: Maushold|Super Fang|p1b: Archaludon\n|-damage|p1b: Archaludon|51/100\n|-ability|p1b: Archaludon|Stamina|boost\n|-boost|p1b: Archaludon|def|1\n|\n|-weather|RainDance|[upkeep]\n|-heal|p1b: Archaludon|57/100|[from] item: Leftovers\n|-sideend|p1: halcony|move: Tailwind\n|upkeep\n|turn|5\n|inactive|pan-dulcito has 30 seconds left.\n|inactive|pan-dulcito has 20 seconds left.\n|\n|t:|1776289667\n|move|p2b: Maushold|Protect|p2b: Maushold\n|-singleturn|p2b: Maushold|Protect\n|move|p2a: Kingambit|Protect||[still]\n|-fail|p2a: Kingambit\n|move|p1a: Sneasler|Fake Out|p2a: Kingambit\n|-resisted|p2a: Kingambit|1\n|-damage|p2a: Kingambit|0 fnt\n|faint|p2a: Kingambit\n|move|p1b: Archaludon|Electro Shot||[still]\n|-prepare|p1b: Archaludon|Electro Shot\n|-boost|p1b: Archaludon|spa|1\n|-anim|p1b: Archaludon|Electro Shot|p2b: Maushold\n|-activate|p2b: Maushold|move: Protect\n|\n|-weather|none\n|-heal|p1b: Archaludon|63/100|[from] item: Leftovers\n|upkeep\n|\n|t:|1776289684\n|switch|p2a: Garchomp|Garchomp, L50, M|13/100\n|turn|6\n|inactive|pan-dulcito has 30 seconds left.\n|inactive|pan-dulcito has 20 seconds left.\n|\n|t:|1776289722\n|switch|p1a: Pelipper|Pelipper, L50, M|30/100\n|-weather|RainDance|[from] ability: Drizzle|[of] p1a: Pelipper\n|move|p2a: Garchomp|Rock Slide|p1b: Archaludon|[spread] p1a,p1b\n|-supereffective|p1a: Pelipper|1\n|-resisted|p1b: Archaludon|1\n|-damage|p1a: Pelipper|0 fnt\n|-damage|p1b: Archaludon|58/100\n|-ability|p1b: Archaludon|Stamina|boost\n|-boost|p1b: Archaludon|def|1\n|faint|p1a: Pelipper\n|move|p2b: Maushold|Encore|p1b: Archaludon\n|-start|p1b: Archaludon|Encore\n|move|p1b: Archaludon|Electro Shot||[still]\n|-prepare|p1b: Archaludon|Electro Shot\n|-boost|p1b: Archaludon|spa|1\n|-anim|p1b: Archaludon|Electro Shot|p2b: Maushold\n|-damage|p2b: Maushold|0 fnt\n|faint|p2b: Maushold\n|\n|-weather|RainDance|[upkeep]\n|-heal|p1b: Archaludon|64/100|[from] item: Leftovers\n|upkeep\n|\n|t:|1776289743\n|switch|p2b: Charizard|Charizard, L50, F|100/100\n|switch|p1a: Sneasler|Sneasler, L50, F|100/100\n|turn|7\n|\n|t:|1776289752\n|detailschange|p2b: Charizard|Charizard-Mega-Y, L50, F\n|-mega|p2b: Charizard|Charizard|Charizardite Y\n|-weather|SunnyDay|[from] ability: Drought|[of] p2b: Charizard\n|move|p2b: Charizard|Protect|p2b: Charizard\n|-singleturn|p2b: Charizard|Protect\n|move|p1a: Sneasler|Fake Out|p2a: Garchomp\n|-damage|p2a: Garchomp|0 fnt\n|-damage|p1a: Sneasler|88/100|[from] ability: Rough Skin|[of] p2a: Garchomp\n|faint|p2a: Garchomp\n|move|p1b: Archaludon|Electro Shot||[still]\n|-prepare|p1b: Archaludon|Electro Shot\n|-boost|p1b: Archaludon|spa|1\n|\n|-weather|SunnyDay|[upkeep]\n|-heal|p1b: Archaludon|70/100|[from] item: Leftovers\n|upkeep\n|turn|8\n|\n|t:|1776289772\n|move|p1a: Sneasler|Dire Claw|p2b: Charizard\n|-damage|p2b: Charizard|55/100\n|move|p2b: Charizard|Heat Wave|p1a: Sneasler|[spread] p1a,p1b\n|-damage|p1a: Sneasler|2/100\n|-damage|p1b: Archaludon|3/100\n|-ability|p1b: Archaludon|Stamina|boost\n|-boost|p1b: Archaludon|def|1\n|move|p1b: Archaludon|Electro Shot|p2b: Charizard|[from] lockedmove\n|-supereffective|p2b: Charizard|1\n|-damage|p2b: Charizard|0 fnt\n|faint|p2b: Charizard\n|\n|win|halcony\n|raw|halcony's rating: 1087 &rarr; <strong>1120</strong><br />(+33 for winning)\n|raw|pan-dulcito's rating: 1170 &rarr; <strong>1139</strong><br />(-31 for losing)\n|l|\u2606halcony\n|player|p1|\n",
  "uploadtime": 1776289789,
  "views": 19,
  "formatid": "gen9championsvgc2026regma",
  "rating": 1120,
  "private": 0,
  "password": null
}