{
  "id": "gen9championsvgc2026regma-2588942265",
  "format": "[Gen 9 Champions] VGC 2026 Reg M-A",
  "players": [
    "4lexm4t",
    "Tamejo"
  ],
  "log": "|j|\u26064lexm4t\n|j|\u2606Tamejo\n|t:|1776688063\n|gametype|doubles\n|player|p1|4lexm4t|boarder|1329\n|player|p2|Tamejo|caitlin|1424\n|gen|9\n|tier|[Gen 9 Champions] VGC 2026 Reg M-A\n|rated|\n|rule|Species Clause: Limit one of each Pok\u00e9mon\n|rule|Item Clause: Limit 1 of each item\n|clearpoke\n|poke|p1|Floette-Eternal, L50, F|\n|poke|p1|Aegislash, L50, F|\n|poke|p1|Talonflame, L50, F|\n|poke|p1|Incineroar, L50, F|\n|poke|p1|Garchomp, L50, F|\n|poke|p1|Rotom-Wash, L50|\n|poke|p2|Dragapult, L50, M|\n|poke|p2|Sylveon, L50, F|\n|poke|p2|Whimsicott, L50, F|\n|poke|p2|Glimmora, L50, M|\n|poke|p2|Charizard, L50, M|\n|poke|p2|Kingambit, L50, M|\n|teampreview|4\n|\n|t:|1776688142\n|teamsize|p1|4\n|teamsize|p2|4\n|start\n|switch|p1a: Talonflame|Talonflame, L50, F|100/100\n|switch|p1b: Garchomp|Garchomp, L50, F|100/100\n|switch|p2a: Sylveon|Sylveon, L50, F|100/100\n|switch|p2b: Whimsicott|Whimsicott, L50, F|100/100\n|turn|1\n|\n|t:|1776688184\n|move|p1b: Garchomp|Protect|p1b: Garchomp\n|-singleturn|p1b: Garchomp|Protect\n|move|p1a: Talonflame|Tailwind|p1a: Talonflame\n|-sidestart|p1: 4lexm4t|move: Tailwind\n|move|p2b: Whimsicott|Moonblast|p1b: Garchomp\n|-activate|p1b: Garchomp|move: Protect\n|move|p2a: Sylveon|Hyper Voice|p1b: Garchomp|[spread] p1a\n|-activate|p1b: Garchomp|move: Protect\n|-resisted|p1a: Talonflame|1\n|-damage|p1a: Talonflame|73/100\n|\n|upkeep\n|turn|2\n|\n|t:|1776688211\n|move|p2b: Whimsicott|Encore|p1a: Talonflame\n|-start|p1a: Talonflame|Encore\n|move|p1a: Talonflame|Tailwind||[still]\n|-fail|p1a: Talonflame\n|move|p1b: Garchomp|Earthquake|p2a: Sylveon|[spread] p2a,p2b\n|-immune|p1a: Talonflame\n|-resisted|p2b: Whimsicott|1\n|-damage|p2a: Sylveon|53/100\n|-damage|p2b: Whimsicott|74/100\n|move|p2a: Sylveon|Hyper Voice|p1b: Garchomp|[spread] p1a,p1b\n|-resisted|p1a: Talonflame|1\n|-supereffective|p1b: Garchomp|1\n|-damage|p1a: Talonflame|45/100\n|-damage|p1b: Garchomp|26/100\n|\n|-heal|p2a: Sylveon|59/100|[from] item: Leftovers\n|upkeep\n|turn|3\n|\n|t:|1776688232\n|switch|p1a: Aegislash|Aegislash, L50, F|100/100\n|move|p2b: Whimsicott|Tailwind|p2b: Whimsicott\n|-sidestart|p2: Tamejo|move: Tailwind\n|move|p1b: Garchomp|Rock Slide|p2a: Sylveon|[spread] p2a,p2b\n|-damage|p2a: Sylveon|36/100\n|-damage|p2b: Whimsicott|47/100\n|move|p2a: Sylveon|Hyper Voice|p1b: Garchomp|[spread] p1a,p1b\n|-resisted|p1a: Aegislash|1\n|-supereffective|p1b: Garchomp|1\n|-damage|p1a: Aegislash|87/100\n|-damage|p1b: Garchomp|0 fnt\n|faint|p1b: Garchomp\n|\n|-heal|p2a: Sylveon|42/100|[from] item: Leftovers\n|upkeep\n|\n|t:|1776688242\n|switch|p1b: Talonflame|Talonflame, L50, F|45/100\n|turn|4\n|\n|t:|1776688264\n|switch|p2a: Kingambit|Kingambit, L50, M|100/100\n|move|p1b: Talonflame|Acrobatics|p2b: Whimsicott\n|-supereffective|p2b: Whimsicott|1\n|-damage|p2b: Whimsicott|0 fnt\n|faint|p2b: Whimsicott\n|-formechange|p1a: Aegislash|Aegislash-Blade|\n|move|p1a: Aegislash|Iron Head|p2a: Kingambit\n|-resisted|p2a: Kingambit|1\n|-damage|p2a: Kingambit|83/100\n|\n|-sideend|p1: 4lexm4t|move: Tailwind\n|upkeep\n|\n|t:|1776688275\n|switch|p2b: Glimmora|Glimmora, L50, M|100/100\n|turn|5\n|\n|t:|1776688297\n|detailschange|p2b: Glimmora|Glimmora-Mega, L50, M\n|-mega|p2b: Glimmora|Glimmora|Glimmoranite\n|-formechange|p1a: Aegislash|Aegislash|\n|move|p1a: Aegislash|King's Shield|p1a: Aegislash\n|-singleturn|p1a: Aegislash|Protect\n|move|p2b: Glimmora|Power Gem|p1b: Talonflame\n|-supereffective|p1b: Talonflame|2\n|-damage|p1b: Talonflame|0 fnt\n|faint|p1b: Talonflame\n|move|p2a: Kingambit|Kowtow Cleave|p1a: Aegislash\n|-activate|p1a: Aegislash|move: Protect\n|-unboost|p2a: Kingambit|atk|1\n|-ability|p2a: Kingambit|Defiant|boost\n|-boost|p2a: Kingambit|atk|2\n|\n|upkeep\n|\n|t:|1776688305\n|switch|p1b: Floette|Floette-Eternal, L50, F|100/100\n|turn|6\n|\n|t:|1776688328\n|move|p1b: Floette|Protect|p1b: Floette\n|-singleturn|p1b: Floette|Protect\n|move|p2b: Glimmora|Earth Power|p1a: Aegislash\n|-supereffective|p1a: Aegislash|1\n|-damage|p1a: Aegislash|28/100\n|move|p2a: Kingambit|Kowtow Cleave|p1a: Aegislash\n|-supereffective|p1a: Aegislash|1\n|-damage|p1a: Aegislash|0 fnt\n|faint|p1a: Aegislash\n|\n|-sideend|p2: Tamejo|move: Tailwind\n|upkeep\n|turn|7\n|\n|t:|1776688338\n|detailschange|p1b: Floette|Floette-Mega, L50, F\n|-mega|p1b: Floette|Floette|Floettite\n|-ability|p1b: Floette|Fairy Aura\n|move|p2b: Glimmora|Sludge Bomb|p1b: Floette\n|-supereffective|p1b: Floette|1\n|-damage|p1b: Floette|4/100\n|move|p1b: Floette|Dazzling Gleam|p2a: Kingambit|[spread] p2a,p2b\n|-resisted|p2b: Glimmora|1\n|-damage|p2a: Kingambit|37/100\n|-damage|p2b: Glimmora|75/100\n|move|p2a: Kingambit|Iron Head|p1b: Floette\n|-supereffective|p1b: Floette|1\n|-damage|p1b: Floette|0 fnt\n|faint|p1b: Floette\n|\n|win|Tamejo\n|raw|4lexm4t's rating: 1329 &rarr; <strong>1314</strong><br />(-15 for losing)\n|raw|Tamejo's rating: 1424 &rarr; <strong>1439</strong><br />(+15 for winning)\n|c|\u2606Tamejo|Gg\n",
  "uploadtime": 1776688345,
  "views": 8,
  "formatid": "gen9championsvgc2026regma",
  "rating": 1314,
  "private": 0,
  "password": null
}