{
  "id": "gen9championsvgc2026regma-2587088190",
  "format": "[Gen 9 Champions] VGC 2026 Reg M-A",
  "players": [
    "spectralwater",
    "moogathekid"
  ],
  "log": "|j|\u2606spectralwater\n|j|\u2606moogathekid\n|t:|1776491716\n|gametype|doubles\n|player|p1|spectralwater|hilbert|1045\n|player|p2|moogathekid|steven|1000\n|gen|9\n|tier|[Gen 9 Champions] VGC 2026 Reg M-A\n|rated|\n|rule|Species Clause: Limit one of each Pok\u00e9mon\n|rule|Item Clause: Limit 1 of each item\n|clearpoke\n|poke|p1|Incineroar, L50, M, shiny|\n|poke|p1|Whimsicott, L50, F, shiny|\n|poke|p1|Medicham, L50, F, shiny|\n|poke|p1|Tyranitar, L50, M, shiny|\n|poke|p1|Lucario, L50, M, shiny|\n|poke|p1|Garchomp, L50, F, shiny|\n|poke|p2|Gardevoir, L50, F, shiny|\n|poke|p2|Whimsicott, L50, M|\n|poke|p2|Milotic, L50, F|\n|poke|p2|Incineroar, L50, F|\n|poke|p2|Zoroark-Hisui, L50, F|\n|poke|p2|Oranguru, L50, M|\n|teampreview|4\n|\n|t:|1776491754\n|teamsize|p1|4\n|teamsize|p2|4\n|start\n|switch|p1a: Incineroar|Incineroar, L50, M, shiny|100/100\n|switch|p1b: Whimsicott|Whimsicott, L50, F, shiny|100/100\n|switch|p2a: Oranguru|Oranguru, L50, M|100/100\n|switch|p2b: Whimsicott|Whimsicott, L50, M|100/100\n|-ability|p1a: Incineroar|Intimidate|boost\n|-fail|p2a: Oranguru|unboost|Attack|[from] ability: Inner Focus|[of] p2a: Oranguru\n|-unboost|p2b: Whimsicott|atk|1\n|turn|1\n|\n|t:|1776491788\n|move|p1a: Incineroar|Fake Out|p2b: Whimsicott\n|-damage|p2b: Whimsicott|89/100\n|move|p1b: Whimsicott|Light Screen|p1b: Whimsicott\n|-sidestart|p1: spectralwater|move: Light Screen\n|cant|p2b: Whimsicott|flinch\n|move|p2a: Oranguru|Trick Room|p2a: Oranguru\n|-fieldstart|move: Trick Room|[of] p2a: Oranguru\n|\n|-heal|p2b: Whimsicott|95/100|[from] item: Leftovers\n|upkeep\n|turn|2\n|\n|t:|1776491812\n|switch|p2b: Incineroar|Incineroar, L50, F|100/100\n|-ability|p2b: Incineroar|Intimidate|boost\n|-unboost|p1a: Incineroar|atk|1\n|-unboost|p1b: Whimsicott|atk|1\n|move|p1b: Whimsicott|Encore|p2b: Incineroar\n|-hint|Since gen 7, Dark is immune to Prankster moves.\n|-immune|p2b: Incineroar\n|move|p2a: Oranguru|Psychic Terrain|p2a: Oranguru\n|-fieldstart|move: Psychic Terrain\n|move|p1a: Incineroar|Swords Dance|p1a: Incineroar\n|-boost|p1a: Incineroar|atk|2\n|\n|upkeep\n|turn|3\n|\n|t:|1776491836\n|move|p1b: Whimsicott|Encore|p2a: Oranguru\n|-activate|p2a: Oranguru|move: Psychic Terrain\n|move|p2a: Oranguru|Foul Play|p1a: Incineroar\n|-resisted|p1a: Incineroar|1\n|-crit|p1a: Incineroar\n|-damage|p1a: Incineroar|63/100\n|move|p2b: Incineroar|Parting Shot|p1a: Incineroar\n|-unboost|p1a: Incineroar|atk|1\n|-unboost|p1a: Incineroar|spa|1\n|\n|t:|1776491844\n|switch|p2b: Gardevoir|Gardevoir, L50, F, shiny|100/100|[from] Parting Shot\n|-ability|p2b: Gardevoir|Prankster|Trace|[from] ability: Trace|[of] p1b: Whimsicott\n|move|p1a: Incineroar|Swords Dance|p1a: Incineroar\n|-boost|p1a: Incineroar|atk|2\n|\n|upkeep\n|turn|4\n|\n|t:|1776491868\n|move|p1b: Whimsicott|Helping Hand|p1a: Incineroar\n|-singleturn|p1a: Incineroar|Helping Hand|[of] p1b: Whimsicott\n|move|p2b: Gardevoir|Protect|p2b: Gardevoir\n|-singleturn|p2b: Gardevoir|Protect\n|move|p2a: Oranguru|Foul Play|p1a: Incineroar\n|-resisted|p1a: Incineroar|1\n|-damage|p1a: Incineroar|30/100\n|move|p1a: Incineroar|Flare Blitz|p2b: Gardevoir\n|-activate|p2b: Gardevoir|move: Protect\n|\n|upkeep\n|turn|5\n|\n|t:|1776491895\n|switch|p1a: Tyranitar|Tyranitar, L50, M, shiny|100/100\n|-weather|Sandstorm|[from] ability: Sand Stream|[of] p1a: Tyranitar\n|detailschange|p2b: Gardevoir|Gardevoir-Mega, L50, F, shiny\n|-mega|p2b: Gardevoir|Gardevoir|Gardevoirite\n|move|p1b: Whimsicott|Encore|p2b: Gardevoir\n|-activate|p2b: Gardevoir|move: Psychic Terrain\n|move|p2a: Oranguru|Foul Play|p1a: Tyranitar\n|-resisted|p1a: Tyranitar|1\n|-damage|p1a: Tyranitar|90/100\n|move|p2b: Gardevoir|Expanding Force|p1a: Tyranitar|[spread] p1b\n|-immune|p1a: Tyranitar\n|-damage|p1b: Whimsicott|33/100\n|\n|-weather|Sandstorm|[upkeep]\n|-damage|p2a: Oranguru|94/100|[from] Sandstorm\n|-damage|p2b: Gardevoir|95/100|[from] Sandstorm\n|-damage|p1b: Whimsicott|27/100|[from] Sandstorm\n|-heal|p1a: Tyranitar|96/100|[from] item: Leftovers\n|-sideend|p1: spectralwater|move: Light Screen\n|-fieldend|move: Trick Room\n|upkeep\n|turn|6\n|\n|t:|1776491923\n|move|p2b: Gardevoir|Protect|p2b: Gardevoir\n|-singleturn|p2b: Gardevoir|Protect\n|move|p1b: Whimsicott|Light Screen|p1b: Whimsicott\n|-sidestart|p1: spectralwater|move: Light Screen\n|move|p1a: Tyranitar|Iron Head|p2b: Gardevoir\n|-activate|p2b: Gardevoir|move: Protect\n|move|p2a: Oranguru|Trick Room|p2a: Oranguru\n|-fieldstart|move: Trick Room|[of] p2a: Oranguru\n|\n|-weather|Sandstorm|[upkeep]\n|-damage|p2a: Oranguru|88/100|[from] Sandstorm\n|-damage|p2b: Gardevoir|89/100|[from] Sandstorm\n|-damage|p1b: Whimsicott|21/100|[from] Sandstorm\n|-heal|p1a: Tyranitar|100/100|[from] item: Leftovers\n|-fieldend|move: Psychic Terrain\n|upkeep\n|turn|7\n|\n|t:|1776491941\n|move|p1b: Whimsicott|Light Screen||[still]\n|-fail|p1b: Whimsicott\n|move|p2a: Oranguru|Instruct|p2b: Gardevoir\n|-singleturn|p2b: Gardevoir|move: Instruct|[of] p2a: Oranguru\n|move|p2b: Gardevoir|Protect|p2b: Gardevoir\n|-singleturn|p2b: Gardevoir|Protect\n|move|p1a: Tyranitar|Iron Head|p2b: Gardevoir\n|-activate|p2b: Gardevoir|move: Protect\n|move|p2b: Gardevoir|Hyper Voice|p1b: Whimsicott|[spread] p1a,p1b\n|-supereffective|p1a: Tyranitar|1\n|-damage|p1a: Tyranitar|63/100\n|-damage|p1b: Whimsicott|0 fnt\n|faint|p1b: Whimsicott\n|\n|-weather|Sandstorm|[upkeep]\n|-damage|p2a: Oranguru|82/100|[from] Sandstorm\n|-damage|p2b: Gardevoir|83/100|[from] Sandstorm\n|-heal|p1a: Tyranitar|69/100|[from] item: Leftovers\n|upkeep\n|\n|t:|1776491962\n|switch|p1b: Garchomp|Garchomp, L50, F, shiny|100/100\n|turn|8\n|\n|t:|1776491981\n|switch|p2b: Incineroar|Incineroar, L50, F|100/100\n|-ability|p2b: Incineroar|Intimidate|boost\n|-unboost|p1a: Tyranitar|atk|1\n|-unboost|p1b: Garchomp|atk|1\n|detailschange|p1b: Garchomp|Garchomp-Mega, L50, F, shiny\n|-mega|p1b: Garchomp|Garchomp|Garchompite\n|move|p1a: Tyranitar|Protect|p1a: Tyranitar\n|-singleturn|p1a: Tyranitar|Protect\n|move|p2a: Oranguru|Psychic Terrain|p2a: Oranguru\n|-fieldstart|move: Psychic Terrain\n|move|p1b: Garchomp|Earthquake|p2b: Incineroar|[spread] p2a,p2b\n|-activate|p1a: Tyranitar|move: Protect\n|-crit|p2a: Oranguru\n|-supereffective|p2b: Incineroar|1\n|-damage|p2a: Oranguru|0 fnt\n|-damage|p2b: Incineroar|32/100\n|-enditem|p2b: Incineroar|Sitrus Berry|[eat]\n|-heal|p2b: Incineroar|57/100|[from] item: Sitrus Berry\n|faint|p2a: Oranguru\n|\n|-weather|Sandstorm|[upkeep]\n|-damage|p2b: Incineroar|51/100|[from] Sandstorm\n|-heal|p1a: Tyranitar|75/100|[from] item: Leftovers\n|upkeep\n|\n|t:|1776491994\n|switch|p2a: Gardevoir|Gardevoir-Mega, L50, F, shiny|83/100\n|turn|9\n|\n|t:|1776492012\n|move|p1b: Garchomp|Protect|p1b: Garchomp\n|-singleturn|p1b: Garchomp|Protect\n|move|p2b: Incineroar|Parting Shot|p1b: Garchomp\n|-activate|p1b: Garchomp|move: Protect\n|move|p1a: Tyranitar|Iron Head|p2a: Gardevoir\n|-supereffective|p2a: Gardevoir|1\n|-damage|p2a: Gardevoir|35/100\n|move|p2a: Gardevoir|Hyper Voice|p1a: Tyranitar|[spread] p1a\n|-activate|p1b: Garchomp|move: Protect\n|-supereffective|p1a: Tyranitar|1\n|-damage|p1a: Tyranitar|36/100\n|\n|-weather|none\n|-heal|p1a: Tyranitar|42/100|[from] item: Leftovers\n|upkeep\n|turn|10\n|\n|t:|1776492039\n|move|p2b: Incineroar|Parting Shot|p1a: Tyranitar\n|-unboost|p1a: Tyranitar|atk|1\n|-unboost|p1a: Tyranitar|spa|1\n|\n|t:|1776492043\n|switch|p2b: Whimsicott|Whimsicott, L50, M|95/100|[from] Parting Shot\n|move|p1a: Tyranitar|Stone Edge|p2b: Whimsicott\n|-damage|p2b: Whimsicott|74/100\n|move|p2a: Gardevoir|Hyper Voice|p1a: Tyranitar|[spread] p1a,p1b\n|-supereffective|p1a: Tyranitar|1\n|-supereffective|p1b: Garchomp|1\n|-damage|p1a: Tyranitar|0 fnt\n|-damage|p1b: Garchomp|41/100\n|faint|p1a: Tyranitar\n|move|p1b: Garchomp|Swords Dance|p1b: Garchomp\n|-boost|p1b: Garchomp|atk|2\n|\n|-heal|p2b: Whimsicott|80/100|[from] item: Leftovers\n|-sideend|p1: spectralwater|move: Light Screen\n|-fieldend|move: Trick Room\n|upkeep\n|\n|t:|1776492060\n|switch|p1a: Incineroar|Incineroar, L50, M, shiny|30/100\n|-ability|p1a: Incineroar|Intimidate|boost\n|-unboost|p2a: Gardevoir|atk|1\n|-unboost|p2b: Whimsicott|atk|1\n|turn|11\n|\n|t:|1776492084\n|move|p2b: Whimsicott|Tailwind|p2b: Whimsicott\n|-sidestart|p2: moogathekid|move: Tailwind\n|move|p2a: Gardevoir|Hyper Voice|p1a: Incineroar|[spread] p1a,p1b\n|-supereffective|p1b: Garchomp|1\n|-damage|p1a: Incineroar|0 fnt\n|-damage|p1b: Garchomp|0 fnt\n|faint|p1a: Incineroar\n|faint|p1b: Garchomp\n|\n|win|moogathekid\n|raw|spectralwater's rating: 1045 &rarr; <strong>1026</strong><br />(-19 for losing)\n|raw|moogathekid's rating: 1000 &rarr; <strong>1045</strong><br />(+45 for winning)\n|l|\u2606spectralwater\n|player|p1|\n",
  "uploadtime": 1776492095,
  "views": 24,
  "formatid": "gen9championsvgc2026regma",
  "rating": 1026,
  "private": 0,
  "password": null
}