{
  "id": "gen9championsvgc2026regma-2586850327",
  "format": "[Gen 9 Champions] VGC 2026 Reg M-A",
  "players": [
    "riku797vgc5",
    "TheFastTortoise"
  ],
  "log": "|j|\u2606riku797vgc5\n|j|\u2606TheFastTortoise\n|t:|1776465224\n|gametype|doubles\n|player|p1|riku797vgc5|1|1266\n|player|p2|TheFastTortoise|170|1247\n|gen|9\n|tier|[Gen 9 Champions] VGC 2026 Reg M-A\n|rated|\n|rule|Species Clause: Limit one of each Pok\u00e9mon\n|rule|Item Clause: Limit 1 of each item\n|clearpoke\n|poke|p1|Kommo-o, L50, F|\n|poke|p1|Maushold, L50|\n|poke|p1|Incineroar, L50, M|\n|poke|p1|Gengar, L50, M|\n|poke|p1|Sinistcha, L50|\n|poke|p1|Kingambit, L50, F|\n|poke|p2|Milotic, L50, F|\n|poke|p2|Sneasler, L50, F|\n|poke|p2|Incineroar, L50, F|\n|poke|p2|Farigiraf, L50, F|\n|poke|p2|Scizor, L50, F|\n|poke|p2|Dragonite, L50, F|\n|teampreview|4\n|\n|t:|1776465255\n|teamsize|p1|4\n|teamsize|p2|4\n|start\n|switch|p1a: Gengar|Gengar, L50, M, shiny|100/100\n|switch|p1b: Kingambit|Kingambit, L50, F, shiny|100/100\n|switch|p2a: Milotic|Milotic, L50, F|100/100\n|switch|p2b: Sneasler|Sneasler, L50, F|100/100\n|turn|1\n|\n|t:|1776465289\n|switch|p2b: Dragonite|Dragonite, L50, F, shiny|100/100\n|detailschange|p1a: Gengar|Gengar-Mega, L50, M, shiny\n|-mega|p1a: Gengar|Gengar|Gengarite\n|move|p1b: Kingambit|Protect|p1b: Kingambit\n|-singleturn|p1b: Kingambit|Protect\n|move|p1a: Gengar|Perish Song|p1a: Gengar\n|-start|p1a: Gengar|perish3|[silent]\n|-start|p1b: Kingambit|perish3|[silent]\n|-start|p2a: Milotic|perish3|[silent]\n|-start|p2b: Dragonite|perish3|[silent]\n|-fieldactivate|move: Perish Song\n|move|p2a: Milotic|Scald|p1a: Gengar\n|-damage|p1a: Gengar|71/100\n|\n|-start|p1a: Gengar|perish3\n|-start|p2a: Milotic|perish3\n|-start|p2b: Dragonite|perish3\n|-start|p1b: Kingambit|perish3\n|upkeep\n|turn|2\n|\n|t:|1776465303\n|switch|p1b: Sinistcha|Sinistcha, L50|100/100\n|-heal|p1a: Gengar|96/100|[from] ability: Hospitality|[of] p1b: Sinistcha\n|detailschange|p2b: Dragonite|Dragonite-Mega, L50, F, shiny\n|-mega|p2b: Dragonite|Dragonite|Dragoninite\n|move|p1a: Gengar|Protect|p1a: Gengar\n|-singleturn|p1a: Gengar|Protect\n|move|p2b: Dragonite|Heat Wave|p1a: Gengar|[spread] p1b\n|-activate|p1a: Gengar|move: Protect\n|-supereffective|p1b: Sinistcha|1\n|-enditem|p1b: Sinistcha|Occa Berry|[eat]\n|-enditem|p1b: Sinistcha|Occa Berry|[weaken]\n|-damage|p1b: Sinistcha|69/100\n|move|p2a: Milotic|Scald|p1b: Sinistcha\n|-resisted|p1b: Sinistcha|1\n|-damage|p1b: Sinistcha|56/100\n|-status|p1b: Sinistcha|brn\n|\n|-damage|p1b: Sinistcha|50/100 brn|[from] brn\n|-start|p1a: Gengar|perish2\n|-start|p2b: Dragonite|perish2\n|-start|p2a: Milotic|perish2\n|upkeep\n|turn|3\n|\n|t:|1776465313\n|move|p1a: Gengar|Disable|p2b: Dragonite\n|-start|p2b: Dragonite|Disable|Heat Wave\n|cant|p2b: Dragonite|Disable|Heat Wave\n|move|p2a: Milotic|Icy Wind|p1b: Sinistcha|[spread] p1a,p1b\n|-supereffective|p1b: Sinistcha|1\n|-damage|p1a: Gengar|85/100\n|-damage|p1b: Sinistcha|32/100 brn\n|-unboost|p1a: Gengar|spe|1\n|-unboost|p1b: Sinistcha|spe|1\n|move|p1b: Sinistcha|Life Dew|p1b: Sinistcha|[spread] p1a,p1b\n|-heal|p1a: Gengar|100/100\n|-heal|p1b: Sinistcha|57/100 brn\n|\n|-damage|p1b: Sinistcha|50/100 brn|[from] brn\n|-start|p2b: Dragonite|perish1\n|-start|p1a: Gengar|perish1\n|-start|p2a: Milotic|perish1\n|upkeep\n|turn|4\n|\n|t:|1776465327\n|switch|p1a: Kingambit|Kingambit, L50, F, shiny|100/100\n|move|p2b: Dragonite|Air Slash|p1b: Sinistcha\n|-supereffective|p1b: Sinistcha|1\n|-damage|p1b: Sinistcha|0 fnt\n|faint|p1b: Sinistcha\n|move|p2a: Milotic|Icy Wind|p1a: Kingambit\n|-resisted|p1a: Kingambit|1\n|-damage|p1a: Kingambit|95/100\n|-unboost|p1a: Kingambit|spe|1\n|-ability|p1a: Kingambit|Defiant|boost\n|-boost|p1a: Kingambit|atk|2\n|\n|-start|p2b: Dragonite|perish0\n|-start|p2a: Milotic|perish0\n|upkeep\n|faint|p2b: Dragonite\n|faint|p2a: Milotic\n|inactive|Battle timer is ON: inactive players will automatically lose when time's up. (requested by TheFastTortoise)\n|\n|t:|1776465338\n|switch|p2b: Sneasler|Sneasler, L50, F|100/100\n|switch|p2a: Scizor|Scizor, L50, F|100/100\n|switch|p1b: Incineroar|Incineroar, L50, M, shiny|100/100\n|-ability|p1b: Incineroar|Intimidate|boost\n|-unboost|p2a: Scizor|atk|1\n|-unboost|p2b: Sneasler|atk|1\n|turn|5\n|\n|t:|1776465351\n|switch|p1b: Gengar|Gengar-Mega, L50, M, shiny|100/100\n|move|p1a: Kingambit|Protect|p1a: Kingambit\n|-singleturn|p1a: Kingambit|Protect\n|move|p2b: Sneasler|Fake Out|p1b: Gengar\n|-immune|p1b: Gengar\n|move|p2a: Scizor|Close Combat|p1a: Kingambit\n|-activate|p1a: Kingambit|move: Protect\n|\n|upkeep\n|turn|6\n|\n|t:|1776465363\n|move|p1a: Kingambit|Sucker Punch|p2a: Scizor\n|-damage|p2a: Scizor|15/100\n|move|p1b: Gengar|Perish Song|p1b: Gengar\n|-start|p1a: Kingambit|perish3|[silent]\n|-start|p1b: Gengar|perish3|[silent]\n|-start|p2a: Scizor|perish3|[silent]\n|-start|p2b: Sneasler|perish3|[silent]\n|-fieldactivate|move: Perish Song\n|move|p2b: Sneasler|Close Combat|p1a: Kingambit\n|-supereffective|p1a: Kingambit|2\n|-enditem|p1a: Kingambit|Chople Berry|[eat]\n|-enditem|p1a: Kingambit|Chople Berry|[weaken]\n|-damage|p1a: Kingambit|22/100\n|-unboost|p2b: Sneasler|def|1\n|-unboost|p2b: Sneasler|spd|1\n|move|p2a: Scizor|Knock Off|p1b: Gengar\n|-supereffective|p1b: Gengar|1\n|-damage|p1b: Gengar|68/100\n|\n|-start|p1b: Gengar|perish3\n|-start|p2b: Sneasler|perish3\n|-start|p2a: Scizor|perish3\n|-start|p1a: Kingambit|perish3\n|upkeep\n|turn|7\n|\n|t:|1776465376\n|move|p2a: Scizor|Bullet Punch|p1a: Kingambit\n|-resisted|p1a: Kingambit|1\n|-damage|p1a: Kingambit|14/100\n|move|p1a: Kingambit|Sucker Punch||[still]\n|-fail|p1a: Kingambit\n|move|p1b: Gengar|Disable|p2b: Sneasler\n|-start|p2b: Sneasler|Disable|Close Combat\n|cant|p2b: Sneasler|Disable|Close Combat\n|\n|-start|p1b: Gengar|perish2\n|-start|p2b: Sneasler|perish2\n|-start|p2a: Scizor|perish2\n|-start|p1a: Kingambit|perish2\n|upkeep\n|turn|8\n|\n|t:|1776465385\n|move|p1a: Kingambit|Sucker Punch|p2a: Scizor\n|-damage|p2a: Scizor|0 fnt\n|faint|p2a: Scizor\n|move|p1b: Gengar|Disable||[still]\n|-fail|p1b: Gengar\n|move|p2b: Sneasler|Acrobatics|p1a: Kingambit\n|-resisted|p1a: Kingambit|1\n|-damage|p1a: Kingambit|8/100\n|\n|-start|p1b: Gengar|perish1\n|-start|p2b: Sneasler|perish1\n|-start|p1a: Kingambit|perish1\n|upkeep\n|turn|9\n|-message|TheFastTortoise forfeited.\n|\n|win|riku797vgc5\n|raw|riku797vgc5's rating: 1266 &rarr; <strong>1290</strong><br />(+24 for winning)\n|raw|TheFastTortoise's rating: 1247 &rarr; <strong>1223</strong><br />(-24 for losing)\n|l|\u2606TheFastTortoise\n|player|p2|\n",
  "uploadtime": 1776465395,
  "views": 33,
  "formatid": "gen9championsvgc2026regma",
  "rating": 1223,
  "private": 0,
  "password": null
}