{
  "id": "gen9championsvgc2026regma-2580470096",
  "format": "[Gen 9 Champions] VGC 2026 Reg M-A",
  "players": [
    "Asteroide89",
    "Mat002"
  ],
  "log": "|j|\u2606Asteroide89\n|j|\u2606Mat002\n|t:|1775901323\n|gametype|doubles\n|player|p1|Asteroide89|1|1149\n|player|p2|Mat002|steven|1116\n|gen|9\n|tier|[Gen 9 Champions] VGC 2026 Reg M-A\n|rated|\n|rule|Species Clause: Limit one of each Pok\u00e9mon\n|rule|Item Clause: Limit 1 of each item\n|clearpoke\n|poke|p1|Incineroar, L50, F|\n|poke|p1|Floette-Eternal, L50, F|\n|poke|p1|Garchomp, L50, M|\n|poke|p1|Maushold, L50|\n|poke|p1|Delphox, L50, M|\n|poke|p1|Aerodactyl, L50, M|\n|poke|p2|Incineroar, L50, M|\n|poke|p2|Scizor, L50, M|\n|poke|p2|Basculegion, L50, M|\n|poke|p2|Rotom-Wash, L50|\n|poke|p2|Dragonite, L50, M|\n|poke|p2|Pelipper, L50, F|\n|teampreview|4\n|j| Bona1718\n|\n|t:|1775901351\n|teamsize|p1|4\n|teamsize|p2|4\n|start\n|switch|p1a: Aerodactyl|Aerodactyl, L50, M|100/100\n|switch|p1b: Garchomp|Garchomp, L50, M|100/100\n|switch|p2a: Incineroar|Incineroar, L50, M|100/100\n|switch|p2b: Rotom|Rotom-Wash, L50|100/100\n|-ability|p1a: Aerodactyl|Unnerve\n|-ability|p2a: Incineroar|Intimidate|boost\n|-unboost|p1a: Aerodactyl|atk|1\n|-unboost|p1b: Garchomp|atk|1\n|turn|1\n|\n|t:|1775901378\n|move|p1a: Aerodactyl|Protect|p1a: Aerodactyl\n|-singleturn|p1a: Aerodactyl|Protect\n|move|p1b: Garchomp|Protect|p1b: Garchomp\n|-singleturn|p1b: Garchomp|Protect\n|move|p2a: Incineroar|Fake Out|p1a: Aerodactyl\n|-activate|p1a: Aerodactyl|move: Protect\n|move|p2b: Rotom|Will-O-Wisp|p1b: Garchomp\n|-activate|p1b: Garchomp|move: Protect\n|\n|upkeep\n|turn|2\n|\n|t:|1775901395\n|switch|p1b: Floette|Floette-Eternal, L50, F|100/100\n|switch|p2a: Pelipper|Pelipper, L50, F|100/100\n|-weather|RainDance|[from] ability: Drizzle|[of] p2a: Pelipper\n|move|p1a: Aerodactyl|Tailwind|p1a: Aerodactyl\n|-sidestart|p1: Asteroide89|move: Tailwind\n|move|p2b: Rotom|Will-O-Wisp|p1b: Floette\n|-status|p1b: Floette|brn\n|\n|-weather|RainDance|[upkeep]\n|-damage|p1b: Floette|95/100 brn|[from] brn\n|upkeep\n|turn|3\n|l| Bona1718\n|\n|t:|1775901418\n|detailschange|p1b: Floette|Floette-Mega, L50, F\n|-mega|p1b: Floette|Floette|Floettite\n|-ability|p1b: Floette|Fairy Aura\n|move|p2a: Pelipper|Wide Guard|p2a: Pelipper\n|-singleturn|p2a: Pelipper|Wide Guard\n|move|p1a: Aerodactyl|Rock Slide|p2b: Rotom|[spread] \n|-activate|p2a: Pelipper|move: Wide Guard\n|-activate|p2b: Rotom|move: Wide Guard\n|move|p1b: Floette|Calm Mind|p1b: Floette\n|-boost|p1b: Floette|spa|1\n|-boost|p1b: Floette|spd|1\n|move|p2b: Rotom|Will-O-Wisp|p1a: Aerodactyl\n|-status|p1a: Aerodactyl|brn\n|\n|-weather|RainDance|[upkeep]\n|-damage|p1a: Aerodactyl|95/100 brn|[from] brn\n|-damage|p1b: Floette|89/100 brn|[from] brn\n|upkeep\n|turn|4\n|\n|t:|1775901448\n|switch|p1a: Maushold|Maushold, L50|100/100\n|move|p1b: Floette|Moonblast|p2b: Rotom\n|-damage|p2b: Rotom|1/100\n|-enditem|p2b: Rotom|Sitrus Berry|[eat]\n|-heal|p2b: Rotom|26/100|[from] item: Sitrus Berry\n|move|p2b: Rotom|Volt Switch|p1a: Maushold\n|-damage|p1a: Maushold|72/100\n|\n|t:|1775901461\n|switch|p2b: Incineroar|Incineroar, L50, M|100/100|[from] Volt Switch\n|-ability|p2b: Incineroar|Intimidate|boost\n|-unboost|p1a: Maushold|atk|1\n|-unboost|p1b: Floette|atk|1\n|move|p2a: Pelipper|Tailwind|p2a: Pelipper\n|-sidestart|p2: Mat002|move: Tailwind\n|\n|-weather|RainDance|[upkeep]\n|-damage|p1b: Floette|83/100 brn|[from] brn\n|upkeep\n|turn|5\n|\n|t:|1775901493\n|switch|p2a: Rotom|Rotom-Wash, L50|26/100\n|move|p1a: Maushold|Protect|p1a: Maushold\n|-singleturn|p1a: Maushold|Protect\n|move|p1b: Floette|Protect|p1b: Floette\n|-singleturn|p1b: Floette|Protect\n|move|p2b: Incineroar|Fake Out|p1b: Floette\n|-activate|p1b: Floette|move: Protect\n|\n|-weather|RainDance|[upkeep]\n|-damage|p1b: Floette|77/100 brn|[from] brn\n|-sideend|p1: Asteroide89|move: Tailwind\n|upkeep\n|turn|6\n|\n|t:|1775901522\n|move|p2a: Rotom|Will-O-Wisp|p1a: Maushold|[miss]\n|-miss|p2a: Rotom|p1a: Maushold\n|move|p2b: Incineroar|Parting Shot|p1b: Floette\n|-unboost|p1b: Floette|atk|1\n|-unboost|p1b: Floette|spa|1\n|\n|t:|1775901528\n|switch|p2b: Basculegion|Basculegion, L50, M|100/100|[from] Parting Shot\n|move|p1a: Maushold|Super Fang|p2b: Basculegion\n|-immune|p2b: Basculegion\n|move|p1b: Floette|Dazzling Gleam|p2a: Rotom|[spread] p2a,p2b\n|-damage|p2a: Rotom|0 fnt\n|-damage|p2b: Basculegion|42/100\n|faint|p2a: Rotom\n|\n|-weather|none\n|-damage|p1b: Floette|72/100 brn|[from] brn\n|upkeep\n|\n|t:|1775901539\n|switch|p2a: Pelipper|Pelipper, L50, F|100/100\n|-weather|RainDance|[from] ability: Drizzle|[of] p2a: Pelipper\n|turn|7\n|\n|t:|1775901565\n|switch|p2a: Incineroar|Incineroar, L50, M|100/100\n|-ability|p2a: Incineroar|Intimidate|boost\n|-unboost|p1a: Maushold|atk|1\n|-unboost|p1b: Floette|atk|1\n|move|p1a: Maushold|Follow Me|p1a: Maushold\n|-singleturn|p1a: Maushold|move: Follow Me\n|move|p2b: Basculegion|Flip Turn|p1a: Maushold\n|-damage|p1a: Maushold|28/100\n|\n|t:|1775901575\n|switch|p2b: Pelipper|Pelipper, L50, F|100/100|[from] Flip Turn\n|move|p1b: Floette|Moonblast|p2b: Pelipper\n|-damage|p2b: Pelipper|7/100\n|\n|-weather|RainDance|[upkeep]\n|-damage|p1b: Floette|66/100 brn|[from] brn\n|-sideend|p2: Mat002|move: Tailwind\n|upkeep\n|turn|8\n|\n|t:|1775901596\n|move|p1a: Maushold|Protect|p1a: Maushold\n|-singleturn|p1a: Maushold|Protect\n|move|p1b: Floette|Protect|p1b: Floette\n|-singleturn|p1b: Floette|Protect\n|move|p2b: Pelipper|Tailwind|p2b: Pelipper\n|-sidestart|p2: Mat002|move: Tailwind\n|move|p2a: Incineroar|Darkest Lariat|p1a: Maushold\n|-activate|p1a: Maushold|move: Protect\n|\n|-weather|RainDance|[upkeep]\n|-damage|p1b: Floette|60/100 brn|[from] brn\n|upkeep\n|turn|9\n|\n|t:|1775901624\n|switch|p1a: Aerodactyl|Aerodactyl, L50, M|95/100 brn\n|-ability|p1a: Aerodactyl|Unnerve\n|move|p2b: Pelipper|Hurricane|p1a: Aerodactyl\n|-resisted|p1a: Aerodactyl|1\n|-damage|p1a: Aerodactyl|69/100 brn\n|move|p2a: Incineroar|Parting Shot|p1b: Floette\n|-unboost|p1b: Floette|atk|1\n|-unboost|p1b: Floette|spa|1\n|\n|t:|1775901633\n|switch|p2a: Basculegion|Basculegion, L50, M|42/100|[from] Parting Shot\n|move|p1b: Floette|Moonblast|p2b: Pelipper\n|-damage|p2b: Pelipper|0 fnt\n|faint|p2b: Pelipper\n|\n|-weather|RainDance|[upkeep]\n|-damage|p1a: Aerodactyl|63/100 brn|[from] brn\n|-damage|p1b: Floette|54/100 brn|[from] brn\n|upkeep\n|\n|t:|1775901641\n|switch|p2b: Incineroar|Incineroar, L50, M|100/100\n|-ability|p2b: Incineroar|Intimidate|boost\n|-unboost|p1a: Aerodactyl|atk|1\n|-unboost|p1b: Floette|atk|1\n|turn|10\n|\n|t:|1775901661\n|move|p1a: Aerodactyl|Protect|p1a: Aerodactyl\n|-singleturn|p1a: Aerodactyl|Protect\n|move|p1b: Floette|Protect|p1b: Floette\n|-singleturn|p1b: Floette|Protect\n|move|p2b: Incineroar|Fake Out|p1b: Floette\n|-activate|p1b: Floette|move: Protect\n|move|p2a: Basculegion|Last Respects|p1b: Floette\n|-activate|p1b: Floette|move: Protect\n|\n|-weather|RainDance|[upkeep]\n|-damage|p1a: Aerodactyl|57/100 brn|[from] brn\n|-damage|p1b: Floette|48/100 brn|[from] brn\n|upkeep\n|turn|11\n|\n|t:|1775901684\n|switch|p1b: Garchomp|Garchomp, L50, M|100/100\n|move|p2a: Basculegion|Last Respects|p1b: Garchomp\n|-damage|p1b: Garchomp|27/100\n|move|p1a: Aerodactyl|Rock Slide|p2a: Basculegion|[spread] p2a,p2b\n|-supereffective|p2b: Incineroar|1\n|-damage|p2a: Basculegion|32/100\n|-damage|p2b: Incineroar|88/100\n|move|p2b: Incineroar|Darkest Lariat|p1a: Aerodactyl\n|-damage|p1a: Aerodactyl|7/100 brn\n|\n|-weather|none\n|-damage|p1a: Aerodactyl|1/100 brn|[from] brn\n|-sideend|p2: Mat002|move: Tailwind\n|upkeep\n|turn|12\n|\n|t:|1775901705\n|move|p2a: Basculegion|Aqua Jet|p1a: Aerodactyl\n|-supereffective|p1a: Aerodactyl|1\n|-damage|p1a: Aerodactyl|0 fnt\n|faint|p1a: Aerodactyl\n|move|p1b: Garchomp|Earthquake|p2b: Incineroar|[spread] p2a,p2b\n|-supereffective|p2b: Incineroar|1\n|-damage|p2a: Basculegion|0 fnt\n|-damage|p2b: Incineroar|26/100\n|faint|p2a: Basculegion\n|move|p2b: Incineroar|Parting Shot|p1b: Garchomp\n|-unboost|p1b: Garchomp|atk|1\n|-unboost|p1b: Garchomp|spa|1\n|\n|upkeep\n|\n|t:|1775901718\n|switch|p1a: Maushold|Maushold, L50|28/100\n|turn|13\n|-message|Mat002 forfeited.\n|\n|win|Asteroide89\n|raw|Asteroide89's rating: 1149 &rarr; <strong>1172</strong><br />(+23 for winning)\n|raw|Mat002's rating: 1116 &rarr; <strong>1093</strong><br />(-23 for losing)\n|l|\u2606Mat002\n|player|p2|\n",
  "uploadtime": 1775901722,
  "views": 35,
  "formatid": "gen9championsvgc2026regma",
  "rating": 1093,
  "private": 0,
  "password": null
}