{
  "id": "gen9championsvgc2026regma-2586152903",
  "format": "[Gen 9 Champions] VGC 2026 Reg M-A",
  "players": [
    "PokeWoke1358",
    "MarsieHehe"
  ],
  "log": "|j|\u2606PokeWoke1358\n|j|\u2606MarsieHehe\n|t:|1776405711\n|gametype|doubles\n|player|p1|PokeWoke1358|artist-gen4|1071\n|player|p2|MarsieHehe|266|1096\n|gen|9\n|tier|[Gen 9 Champions] VGC 2026 Reg M-A\n|rated|\n|rule|Species Clause: Limit one of each Pok\u00e9mon\n|rule|Item Clause: Limit 1 of each item\n|clearpoke\n|poke|p1|Sneasler, L50, F|\n|poke|p1|Hydreigon, L50, M|\n|poke|p1|Mimikyu, L50, F|\n|poke|p1|Rotom-Wash, L50|\n|poke|p1|Excadrill, L50, M|\n|poke|p1|Starmie, L50|\n|poke|p2|Froslass, L50, F|\n|poke|p2|Sneasler, L50, F|\n|poke|p2|Rotom-Frost, L50|\n|poke|p2|Garchomp, L50, M|\n|poke|p2|Maushold, L50|\n|poke|p2|Kingambit, L50, F|\n|teampreview|4\n|\n|t:|1776405748\n|teamsize|p1|4\n|teamsize|p2|4\n|start\n|switch|p1a: Sneasler|Sneasler, L50, F|100/100\n|switch|p1b: Mimikyu|Mimikyu, L50, F|100/100\n|switch|p2a: Garchomp|Garchomp, L50, M|100/100\n|switch|p2b: Sneasler|Sneasler, L50, F|100/100\n|turn|1\n|\n|t:|1776405768\n|move|p2b: Sneasler|Fake Out|p1a: Sneasler\n|-damage|p1a: Sneasler|77/100\n|cant|p1a: Sneasler|flinch\n|move|p2a: Garchomp|Rock Slide|p1b: Mimikyu|[spread] p1a,p1b\n|-resisted|p1a: Sneasler|1\n|-damage|p1a: Sneasler|60/100\n|-activate|p1b: Mimikyu|ability: Disguise\n|-damage|p1b: Mimikyu|100/100\n|detailschange|p1b: Mimikyu|Mimikyu-Busted, L50, F\n|-damage|p1b: Mimikyu|88/100|[from] pokemon: Mimikyu-Busted\n|cant|p1b: Mimikyu|flinch\n|\n|upkeep\n|turn|2\n|\n|t:|1776405790\n|move|p2a: Garchomp|Rock Slide|p1b: Mimikyu|[spread] p1a,p1b\n|-resisted|p1a: Sneasler|1\n|-damage|p1a: Sneasler|41/100\n|-damage|p1b: Mimikyu|56/100\n|move|p2b: Sneasler|Dire Claw|p1b: Mimikyu\n|-crit|p1b: Mimikyu\n|-damage|p1b: Mimikyu|0 fnt\n|faint|p1b: Mimikyu\n|move|p1a: Sneasler|Coaching|p1: Mimikyu|[notarget]\n|-fail|p1a: Sneasler\n|\n|upkeep\n|\n|t:|1776405800\n|switch|p1b: Rotom|Rotom-Wash, L50|100/100\n|turn|3\n|\n|t:|1776405811\n|move|p2a: Garchomp|Rock Slide|p1a: Sneasler|[spread] p1a,p1b\n|-resisted|p1a: Sneasler|1\n|-damage|p1a: Sneasler|22/100\n|-damage|p1b: Rotom|77/100\n|move|p2b: Sneasler|Close Combat|p1a: Sneasler\n|-resisted|p1a: Sneasler|1\n|-damage|p1a: Sneasler|0 fnt\n|-unboost|p2b: Sneasler|def|1\n|-unboost|p2b: Sneasler|spd|1\n|faint|p1a: Sneasler\n|-enditem|p2b: Sneasler|White Herb\n|-clearnegativeboost|p2b: Sneasler|[silent]\n|cant|p1b: Rotom|flinch\n|\n|-heal|p1b: Rotom|83/100|[from] item: Leftovers\n|upkeep\n|\n|t:|1776405815\n|switch|p1a: Excadrill|Excadrill, L50, M|100/100\n|-ability|p1a: Excadrill|Mold Breaker\n|turn|4\n|\n|t:|1776405833\n|detailschange|p1a: Excadrill|Excadrill-Mega, L50, M\n|-mega|p1a: Excadrill|Excadrill|Excadrite\n|move|p2b: Sneasler|Close Combat|p1a: Excadrill\n|-supereffective|p1a: Excadrill|1\n|-damage|p1a: Excadrill|0 fnt\n|-unboost|p2b: Sneasler|def|1\n|-unboost|p2b: Sneasler|spd|1\n|faint|p1a: Excadrill\n|move|p2a: Garchomp|Rock Slide|p1b: Rotom|[miss]\n|-miss|p2a: Garchomp|p1b: Rotom\n|move|p1b: Rotom|Hydro Pump|p2a: Garchomp\n|-damage|p2a: Garchomp|43/100\n|\n|-heal|p1b: Rotom|88/100|[from] item: Leftovers\n|upkeep\n|turn|5\n|-message|PokeWoke1358 forfeited.\n|\n|win|MarsieHehe\n|raw|PokeWoke1358's rating: 1071 &rarr; <strong>1052</strong><br />(-19 for losing)\n|raw|MarsieHehe's rating: 1096 &rarr; <strong>1120</strong><br />(+24 for winning)\n|l|\u2606PokeWoke1358\n|player|p1|\n",
  "uploadtime": 1776405848,
  "views": 22,
  "formatid": "gen9championsvgc2026regma",
  "rating": 1052,
  "private": 0,
  "password": null
}