{
  "id": "gen9championsvgc2026regma-2588068975",
  "format": "[Gen 9 Champions] VGC 2026 Reg M-A",
  "players": [
    "yuriimon",
    "kakkoiiwwwwww"
  ],
  "log": "|j|\u2606yuriimon\n|j|\u2606kakkoiiwwwwww\n|t:|1776600574\n|gametype|doubles\n|player|p1|yuriimon|waitress-gen4|1167\n|player|p2|kakkoiiwwwwww|2|1201\n|gen|9\n|tier|[Gen 9 Champions] VGC 2026 Reg M-A\n|rated|\n|rule|Species Clause: Limit one of each Pok\u00e9mon\n|rule|Item Clause: Limit 1 of each item\n|clearpoke\n|poke|p1|Glimmora, L50, F|\n|poke|p1|Incineroar, L50, M|\n|poke|p1|Politoed, L50, M|\n|poke|p1|Basculegion, L50, M|\n|poke|p1|Chesnaught, L50, F|\n|poke|p1|Dragapult, L50, F|\n|poke|p2|Floette-Eternal, L50, F|\n|poke|p2|Aerodactyl, L50, M|\n|poke|p2|Sneasler, L50, F|\n|poke|p2|Basculegion, L50, M|\n|poke|p2|Espathra, L50, M, shiny|\n|poke|p2|Kingambit, L50, M|\n|teampreview|4\n|inactive|Battle timer is ON: inactive players will automatically lose when time's up. (requested by yuriimon)\n|inactive|kakkoiiwwwwww has 60 seconds left.\n|\n|t:|1776600625\n|teamsize|p1|4\n|teamsize|p2|4\n|start\n|switch|p1a: Glimmora|Glimmora, L50, F|100/100\n|switch|p1b: Basculegion|Basculegion, L50, M|100/100\n|switch|p2a: Aerodactyl|Aerodactyl, L50, M|100/100\n|switch|p2b: Kingambit|Kingambit, L50, M|100/100\n|-ability|p2a: Aerodactyl|Unnerve\n|turn|1\n|inactive|yuriimon has 30 seconds left.\n|\n|t:|1776600659\n|switch|p1b: Politoed|Politoed, L50, M|100/100\n|-weather|RainDance|[from] ability: Drizzle|[of] p1b: Politoed\n|detailschange|p1a: Glimmora|Glimmora-Mega, L50, F\n|-mega|p1a: Glimmora|Glimmora|Glimmoranite\n|move|p2a: Aerodactyl|Protect|p2a: Aerodactyl\n|-singleturn|p2a: Aerodactyl|Protect\n|move|p2b: Kingambit|Sucker Punch||[still]\n|-fail|p2b: Kingambit\n|move|p1a: Glimmora|Earth Power|p2b: Kingambit\n|-supereffective|p2b: Kingambit|1\n|-crit|p2b: Kingambit\n|-damage|p2b: Kingambit|0 fnt\n|faint|p2b: Kingambit\n|\n|-weather|RainDance|[upkeep]\n|upkeep\n|\n|t:|1776600676\n|switch|p2b: Basculegion|Basculegion, L50, M|100/100\n|turn|2\n|inactive|yuriimon has 30 seconds left.\n|\n|t:|1776600705\n|switch|p1b: Basculegion|Basculegion, L50, M|100/100\n|move|p1a: Glimmora|Spiky Shield|p1a: Glimmora\n|-singleturn|p1a: Glimmora|move: Protect\n|move|p2b: Basculegion|Last Respects|p1a: Glimmora\n|-activate|p1a: Glimmora|move: Protect\n|move|p2a: Aerodactyl|Rock Slide|p1a: Glimmora|[spread] p1b\n|-activate|p1a: Glimmora|move: Protect\n|-damage|p1b: Basculegion|66/100\n|\n|-weather|RainDance|[upkeep]\n|upkeep\n|turn|3\n|inactive|yuriimon has 30 seconds left.\n|inactive|yuriimon has 20 seconds left.\n|\n|t:|1776600744\n|move|p1b: Basculegion|Last Respects|p2b: Basculegion\n|-supereffective|p2b: Basculegion|1\n|-damage|p2b: Basculegion|36/100\n|move|p2b: Basculegion|Last Respects|p1b: Basculegion\n|-supereffective|p1b: Basculegion|1\n|-damage|p1b: Basculegion|0 fnt\n|faint|p1b: Basculegion\n|move|p2a: Aerodactyl|Tailwind|p2a: Aerodactyl\n|-sidestart|p2: kakkoiiwwwwww|move: Tailwind\n|move|p1a: Glimmora|Power Gem|p2b: Basculegion\n|-damage|p2b: Basculegion|0 fnt\n|faint|p2b: Basculegion\n|\n|-weather|RainDance|[upkeep]\n|upkeep\n|\n|t:|1776600759\n|switch|p2b: Floette|Floette-Eternal, L50, F|100/100\n|switch|p1b: Incineroar|Incineroar, L50, M|100/100\n|-ability|p1b: Incineroar|Intimidate|boost\n|-unboost|p2a: Aerodactyl|atk|1\n|-unboost|p2b: Floette|atk|1\n|turn|4\n|\n|t:|1776600781\n|switch|p1b: Politoed|Politoed, L50, M|100/100\n|detailschange|p2b: Floette|Floette-Mega, L50, F\n|-mega|p2b: Floette|Floette|Floettite\n|-ability|p2b: Floette|Fairy Aura\n|move|p2a: Aerodactyl|Rock Slide|p1b: Politoed|[spread] p1b\n|-miss|p2a: Aerodactyl|p1a: Glimmora\n|-damage|p1b: Politoed|84/100\n|move|p2b: Floette|Dazzling Gleam|p1b: Politoed|[spread] p1a,p1b\n|-resisted|p1a: Glimmora|1\n|-damage|p1a: Glimmora|76/100\n|-damage|p1b: Politoed|45/100\n|move|p1a: Glimmora|Sludge Wave|p2a: Aerodactyl|[spread] p1b,p2a,p2b\n|-resisted|p2a: Aerodactyl|1\n|-supereffective|p2b: Floette|1\n|-damage|p1b: Politoed|0 fnt\n|-damage|p2a: Aerodactyl|60/100\n|-damage|p2b: Floette|0 fnt\n|faint|p1b: Politoed\n|faint|p2b: Floette\n|\n|-weather|RainDance|[upkeep]\n|upkeep\n|\n|t:|1776600795\n|switch|p1b: Incineroar|Incineroar, L50, M|100/100\n|-ability|p1b: Incineroar|Intimidate|boost\n|-unboost|p2a: Aerodactyl|atk|1\n|turn|5\n|-message|kakkoiiwwwwww forfeited.\n|\n|win|yuriimon\n|raw|yuriimon's rating: 1167 &rarr; <strong>1194</strong><br />(+27 for winning)\n|raw|kakkoiiwwwwww's rating: 1201 &rarr; <strong>1174</strong><br />(-27 for losing)\n|l|\u2606kakkoiiwwwwww\n|player|p2|\n",
  "uploadtime": 1776600803,
  "views": 11,
  "formatid": "gen9championsvgc2026regma",
  "rating": 1174,
  "private": 0,
  "password": null
}