{
  "id": "gen9championsvgc2026regma-2580585325",
  "format": "[Gen 9 Champions] VGC 2026 Reg M-A",
  "players": [
    "bbvmn",
    "makoyouidiot"
  ],
  "log": "|j|\u2606bbvmn\n|j|\u2606makoyouidiot\n|t:|1775915473\n|gametype|doubles\n|player|p1|bbvmn|102|1008\n|player|p2|makoyouidiot|acetrainersnow|1000\n|gen|9\n|tier|[Gen 9 Champions] VGC 2026 Reg M-A\n|rated|\n|rule|Species Clause: Limit one of each Pok\u00e9mon\n|rule|Item Clause: Limit 1 of each item\n|clearpoke\n|poke|p1|Sinistcha-Masterpiece, L50|\n|poke|p1|Garganacl, L50, F|\n|poke|p1|Sylveon, L50, F|\n|poke|p1|Araquanid, L50, F|\n|poke|p1|Floette-Eternal, L50, F|\n|poke|p1|Reuniclus, L50, F|\n|poke|p2|Charizard, L50, F|\n|poke|p2|Aerodactyl, L50, M|\n|poke|p2|Serperior, L50, F|\n|poke|p2|Tyrantrum, L50, M|\n|poke|p2|Oranguru, L50, M|\n|poke|p2|Torkoal, L50, M|\n|teampreview|4\n|\n|t:|1775915497\n|teamsize|p1|4\n|teamsize|p2|4\n|start\n|switch|p1a: Sinistcha|Sinistcha-Masterpiece, L50|100/100\n|switch|p1b: Araquanid|Araquanid, L50, F|100/100\n|switch|p2a: Serperior|Serperior, L50, F|100/100\n|switch|p2b: Aerodactyl|Aerodactyl, L50, M|100/100\n|-ability|p2b: Aerodactyl|Unnerve\n|turn|1\n|\n|t:|1775915512\n|move|p2b: Aerodactyl|Tailwind|p2b: Aerodactyl\n|-sidestart|p2: makoyouidiot|move: Tailwind\n|move|p2a: Serperior|Leaf Storm|p1b: Araquanid\n|-damage|p1b: Araquanid|58/100\n|-boost|p2a: Serperior|spa|2\n|move|p1b: Araquanid|Liquidation|p2b: Aerodactyl\n|-supereffective|p2b: Aerodactyl|1\n|-enditem|p2b: Aerodactyl|Focus Sash\n|-damage|p2b: Aerodactyl|1/100\n|move|p1a: Sinistcha|Trick Room|p1a: Sinistcha\n|-fieldstart|move: Trick Room|[of] p1a: Sinistcha\n|\n|upkeep\n|turn|2\n|\n|t:|1775915535\n|move|p1b: Araquanid|Liquidation|p2a: Serperior\n|-resisted|p2a: Serperior|1\n|-damage|p2a: Serperior|54/100\n|move|p1a: Sinistcha|Matcha Gotcha|p2a: Serperior|[spread] p2a,p2b\n|-resisted|p2a: Serperior|1\n|-damage|p2a: Serperior|40/100\n|-damage|p2b: Aerodactyl|0 fnt\n|faint|p2b: Aerodactyl\n|move|p2a: Serperior|Leaf Storm|p1b: Araquanid\n|-damage|p1b: Araquanid|0 fnt\n|-boost|p2a: Serperior|spa|2\n|faint|p1b: Araquanid\n|\n|upkeep\n|\n|t:|1775915549\n|switch|p1b: Sylveon|Sylveon, L50, F|100/100\n|switch|p2b: Tyrantrum|Tyrantrum, L50, M|100/100\n|turn|3\n|\n|t:|1775915560\n|move|p2b: Tyrantrum|Protect|p2b: Tyrantrum\n|-singleturn|p2b: Tyrantrum|Protect\n|move|p1b: Sylveon|Hyper Voice|p2a: Serperior|[spread] p2a\n|-activate|p2b: Tyrantrum|move: Protect\n|-damage|p2a: Serperior|0 fnt\n|faint|p2a: Serperior\n|move|p1a: Sinistcha|Matcha Gotcha|p2b: Tyrantrum\n|-activate|p2b: Tyrantrum|move: Protect\n|\n|upkeep\n|\n|t:|1775915572\n|switch|p2a: Charizard|Charizard, L50, F|100/100\n|turn|4\n|\n|t:|1775915585\n|switch|p1a: Floette|Floette-Eternal, L50, F|100/100\n|detailschange|p2a: Charizard|Charizard-Mega-Y, L50, F\n|-mega|p2a: Charizard|Charizard|Charizardite Y\n|-weather|SunnyDay|[from] ability: Drought|[of] p2a: Charizard\n|move|p1b: Sylveon|Hyper Voice|p2a: Charizard|[spread] p2a,p2b\n|-resisted|p2a: Charizard|1\n|-supereffective|p2b: Tyrantrum|1\n|-damage|p2a: Charizard|81/100\n|-damage|p2b: Tyrantrum|1/100\n|move|p2b: Tyrantrum|Head Smash|p1b: Sylveon\n|-damage|p1b: Sylveon|0 fnt\n|faint|p1b: Sylveon\n|move|p2a: Charizard|Heat Wave|p1a: Floette\n|-damage|p1a: Floette|13/100\n|\n|-weather|SunnyDay|[upkeep]\n|-sideend|p2: makoyouidiot|move: Tailwind\n|upkeep\n|\n|t:|1775915599\n|switch|p1b: Sinistcha|Sinistcha-Masterpiece, L50|100/100\n|-heal|p1a: Floette|38/100|[from] ability: Hospitality|[of] p1b: Sinistcha\n|turn|5\n|\n|t:|1775915607\n|detailschange|p1a: Floette|Floette-Mega, L50, F\n|-mega|p1a: Floette|Floette|Floettite\n|-ability|p1a: Floette|Fairy Aura\n|move|p2b: Tyrantrum|Protect|p2b: Tyrantrum\n|-singleturn|p2b: Tyrantrum|Protect\n|move|p1a: Floette|Protect|p1a: Floette\n|-singleturn|p1a: Floette|Protect\n|move|p1b: Sinistcha|Matcha Gotcha|p2a: Charizard|[spread] p2a\n|-activate|p2b: Tyrantrum|move: Protect\n|-resisted|p2a: Charizard|2\n|-damage|p2a: Charizard|75/100\n|move|p2a: Charizard|Heat Wave|p1a: Floette|[spread] p1b\n|-activate|p1a: Floette|move: Protect\n|-supereffective|p1b: Sinistcha|1\n|-damage|p1b: Sinistcha|0 fnt\n|faint|p1b: Sinistcha\n|\n|-weather|SunnyDay|[upkeep]\n|-fieldend|move: Trick Room\n|upkeep\n|turn|6\n|\n|t:|1775915637\n|move|p1a: Floette|Dazzling Gleam|p2a: Charizard|[spread] p2a,p2b\n|-resisted|p2a: Charizard|1\n|-supereffective|p2b: Tyrantrum|1\n|-damage|p2a: Charizard|53/100\n|-damage|p2b: Tyrantrum|0 fnt\n|faint|p2b: Tyrantrum\n|move|p2a: Charizard|Heat Wave|p1a: Floette\n|-damage|p1a: Floette|0 fnt\n|faint|p1a: Floette\n|\n|win|makoyouidiot\n|raw|bbvmn's rating: 1008 &rarr; <strong>1000</strong><br />(-8 for losing)\n|raw|makoyouidiot's rating: 1000 &rarr; <strong>1041</strong><br />(+41 for winning)\n|l|\u2606bbvmn\n|player|p1|\n",
  "uploadtime": 1775915660,
  "views": 33,
  "formatid": "gen9championsvgc2026regma",
  "rating": 1000,
  "private": 0,
  "password": null
}