{
  "id": "gen9championsvgc2026regma-2587747697",
  "format": "[Gen 9 Champions] VGC 2026 Reg M-A",
  "players": [
    "Anicredible",
    "stonee_boi"
  ],
  "log": "|j|\u2606Anicredible\n|j|\u2606stonee_boi\n|t:|1776559980\n|gametype|doubles\n|player|p1|Anicredible|schoolkid-gen4|1073\n|player|p2|stonee_boi|fisherman-gen4|1059\n|gen|9\n|tier|[Gen 9 Champions] VGC 2026 Reg M-A\n|rated|\n|rule|Species Clause: Limit one of each Pok\u00e9mon\n|rule|Item Clause: Limit 1 of each item\n|clearpoke\n|poke|p1|Kangaskhan, L50, F|\n|poke|p1|Sinistcha, L50|\n|poke|p1|Sneasler, L50, M|\n|poke|p1|Whimsicott, L50, M|\n|poke|p1|Corviknight, L50, F|\n|poke|p1|Primarina, L50, F|\n|poke|p2|Excadrill, L50, M|\n|poke|p2|Araquanid, L50, F|\n|poke|p2|Tyranitar, L50, M|\n|poke|p2|Chimecho, L50, F, shiny|\n|poke|p2|Sableye, L50, M|\n|poke|p2|Armarouge, L50, M|\n|teampreview|4\n|inactive|Battle timer is ON: inactive players will automatically lose when time's up. (requested by stonee_boi)\n|inactive|Anicredible also wants the timer to be on.\nAnicredible rejected open team sheets.\n|\n|t:|1776559999\n|teamsize|p1|4\n|teamsize|p2|4\n|start\n|switch|p1a: Kangaskhan|Kangaskhan, L50, F|100/100\n|switch|p1b: Sneasler|Sneasler, L50, M|100/100\n|switch|p2a: Araquanid|Araquanid, L50, F|100/100\n|switch|p2b: Sableye|Sableye, L50, M|100/100\n|turn|1\n|\n|t:|1776560024\n|detailschange|p1a: Kangaskhan|Kangaskhan-Mega, L50, F\n|-mega|p1a: Kangaskhan|Kangaskhan|Kangaskhanite\n|move|p2b: Sableye|Fake Out|p1b: Sneasler\n|-damage|p1b: Sneasler|89/100\n|cant|p1b: Sneasler|flinch\n|move|p1a: Kangaskhan|Double-Edge|p2a: Araquanid\n|-damage|p2a: Araquanid|43/100\n|-damage|p2a: Araquanid|30/100\n|-hitcount|p2a: Araquanid|2\n|-damage|p1a: Kangaskhan|84/100|[from] Recoil\n|move|p2a: Araquanid|Liquidation|p1b: Sneasler\n|-damage|p1b: Sneasler|0 fnt\n|faint|p1b: Sneasler\n|\n|upkeep\n|\n|t:|1776560034\n|switch|p1b: Sinistcha|Sinistcha, L50|100/100\n|-heal|p1a: Kangaskhan|100/100|[from] ability: Hospitality|[of] p1b: Sinistcha\n|turn|2\n|\n|t:|1776560054\n|move|p1b: Sinistcha|Rage Powder|p1b: Sinistcha\n|-singleturn|p1b: Sinistcha|move: Rage Powder\n|move|p1a: Kangaskhan|Double-Edge|p2a: Araquanid\n|-damage|p2a: Araquanid|0 fnt\n|faint|p2a: Araquanid\n|-hitcount|p2: Araquanid|1\n|-damage|p1a: Kangaskhan|94/100|[from] Recoil\n|move|p2b: Sableye|Foul Play|p1b: Sinistcha\n|-supereffective|p1b: Sinistcha|1\n|-enditem|p1b: Sinistcha|Colbur Berry|[eat]\n|-enditem|p1b: Sinistcha|Colbur Berry|[weaken]\n|-damage|p1b: Sinistcha|79/100\n|\n|upkeep\n|\n|t:|1776560065\n|switch|p2a: Armarouge|Armarouge, L50, M|100/100\n|turn|3\n|\n|t:|1776560088\n|switch|p1b: Primarina|Primarina, L50, F|100/100\n|move|p2b: Sableye|Encore||[still]\n|-fail|p2b: Sableye\n|move|p1a: Kangaskhan|Double-Edge|p2a: Armarouge\n|-damage|p2a: Armarouge|45/100\n|-damage|p2a: Armarouge|32/100\n|-hitcount|p2a: Armarouge|2\n|-damage|p1a: Kangaskhan|74/100|[from] Recoil\n|move|p2a: Armarouge|Heat Wave|p1b: Primarina|[spread] p1a\n|-miss|p2a: Armarouge|p1b: Primarina\n|-damage|p1a: Kangaskhan|42/100\n|\n|upkeep\n|turn|4\n|\n|t:|1776560111\n|switch|p2a: Chimecho|Chimecho, L50, F, shiny|100/100\n|move|p1a: Kangaskhan|Sucker Punch||[still]\n|-fail|p1a: Kangaskhan\n|move|p1b: Primarina|Moonblast|p2b: Sableye\n|-supereffective|p2b: Sableye|1\n|-damage|p2b: Sableye|0 fnt\n|faint|p2b: Sableye\n|\n|upkeep\n|\n|t:|1776560119\n|switch|p2b: Armarouge|Armarouge, L50, M|32/100\n|turn|5\n|\n|t:|1776560129\n|detailschange|p2a: Chimecho|Chimecho-Mega, L50, F, shiny\n|-mega|p2a: Chimecho|Chimecho|Chimechite\n|move|p1a: Kangaskhan|Protect|p1a: Kangaskhan\n|-singleturn|p1a: Kangaskhan|Protect\n|move|p1b: Primarina|Protect|p1b: Primarina\n|-singleturn|p1b: Primarina|Protect\n|move|p2b: Armarouge|Energy Ball|p1b: Primarina\n|-activate|p1b: Primarina|move: Protect\n|move|p2a: Chimecho|Calm Mind|p2a: Chimecho\n|-boost|p2a: Chimecho|spa|1\n|-boost|p2a: Chimecho|spd|1\n|\n|upkeep\n|turn|6\n|\n|t:|1776560149\n|switch|p1b: Sinistcha|Sinistcha, L50|79/100\n|-heal|p1a: Kangaskhan|67/100|[from] ability: Hospitality|[of] p1b: Sinistcha\n|move|p1a: Kangaskhan|Sucker Punch|p2b: Armarouge\n|-supereffective|p2b: Armarouge|1\n|-damage|p2b: Armarouge|0 fnt\n|faint|p2b: Armarouge\n|-hitcount|p2: Armarouge|1\n|move|p2a: Chimecho|Calm Mind|p2a: Chimecho\n|-boost|p2a: Chimecho|spa|1\n|-boost|p2a: Chimecho|spd|1\n|\n|upkeep\n|turn|7\n|\n|t:|1776560162\n|move|p1b: Sinistcha|Rage Powder|p1b: Sinistcha\n|-singleturn|p1b: Sinistcha|move: Rage Powder\n|move|p1a: Kangaskhan|Double-Edge|p2a: Chimecho\n|-resisted|p2a: Chimecho|1\n|-damage|p2a: Chimecho|79/100\n|-resisted|p2a: Chimecho|1\n|-damage|p2a: Chimecho|74/100\n|-hitcount|p2a: Chimecho|2\n|-damage|p1a: Kangaskhan|60/100|[from] Recoil\n|move|p2a: Chimecho|Shadow Ball|p1b: Sinistcha\n|-supereffective|p1b: Sinistcha|1\n|-damage|p1b: Sinistcha|0 fnt\n|faint|p1b: Sinistcha\n|\n|upkeep\n|\n|t:|1776560172\n|switch|p1b: Primarina|Primarina, L50, F|100/100\n|turn|8\n|\n|t:|1776560178\n|move|p1a: Kangaskhan|Sucker Punch|p2a: Chimecho\n|-supereffective|p2a: Chimecho|1\n|-crit|p2a: Chimecho\n|-damage|p2a: Chimecho|26/100\n|-supereffective|p2a: Chimecho|1\n|-damage|p2a: Chimecho|18/100\n|-hitcount|p2a: Chimecho|2\n|move|p1b: Primarina|Hyper Voice|p2a: Chimecho\n|-damage|p2a: Chimecho|0 fnt\n|faint|p2a: Chimecho\n|\n|win|Anicredible\n|raw|Anicredible's rating: 1073 &rarr; <strong>1101</strong><br />(+28 for winning)\n|raw|stonee_boi's rating: 1059 &rarr; <strong>1041</strong><br />(-18 for losing)\n|l|\u2606stonee_boi\n|player|p2|\n",
  "uploadtime": 1776560188,
  "views": 11,
  "formatid": "gen9championsvgc2026regma",
  "rating": 1041,
  "private": 0,
  "password": null
}