{
  "id": "gen9championsvgc2026regma-2582557424",
  "format": "[Gen 9 Champions] VGC 2026 Reg M-A",
  "players": [
    "squirethe2nd",
    "bakaboy2016"
  ],
  "log": "|j|\u2606squirethe2nd\n|j|\u2606bakaboy2016\n|t:|1776099224\n|gametype|doubles\n|player|p1|squirethe2nd|steven|1144\n|player|p2|bakaboy2016|2|1207\n|gen|9\n|tier|[Gen 9 Champions] VGC 2026 Reg M-A\n|rated|\n|rule|Species Clause: Limit one of each Pok\u00e9mon\n|rule|Item Clause: Limit 1 of each item\n|clearpoke\n|poke|p1|Charizard, L50, M|\n|poke|p1|Sneasler, L50, M|\n|poke|p1|Incineroar, L50, F|\n|poke|p1|Whimsicott, L50, M|\n|poke|p1|Rotom-Wash, L50|\n|poke|p1|Garchomp, L50, F|\n|poke|p2|Kingambit, L50, F|\n|poke|p2|Sneasler, L50, F|\n|poke|p2|Clefable, L50, M|\n|poke|p2|Delphox, L50, F|\n|poke|p2|Dragonite, L50, F|\n|poke|p2|Basculegion, L50, M|\n|teampreview|4\n|inactive|Battle timer is ON: inactive players will automatically lose when time's up. (requested by squirethe2nd)\n|\n|t:|1776099252\n|teamsize|p1|4\n|teamsize|p2|4\n|start\n|switch|p1a: Sneasler|Sneasler, L50, M|100/100\n|switch|p1b: Incineroar|Incineroar, L50, F|100/100\n|switch|p2a: Dragonite|Dragonite, L50, F|100/100\n|switch|p2b: Clefable|Clefable, L50, M|100/100\n|-ability|p1b: Incineroar|Intimidate|boost\n|-unboost|p2a: Dragonite|atk|1\n|-unboost|p2b: Clefable|atk|1\n|turn|1\n|\n|t:|1776099269\n|move|p2a: Dragonite|Protect|p2a: Dragonite\n|-singleturn|p2a: Dragonite|Protect\n|move|p2b: Clefable|Protect|p2b: Clefable\n|-singleturn|p2b: Clefable|Protect\n|move|p1b: Incineroar|Fake Out|p2a: Dragonite\n|-activate|p2a: Dragonite|move: Protect\n|move|p1a: Sneasler|Dire Claw|p2b: Clefable\n|-activate|p2b: Clefable|move: Protect\n|\n|upkeep\n|turn|2\n|inactive|bakaboy2016 has 30 seconds left.\n|inactive|bakaboy2016 has 20 seconds left.\n|\n|t:|1776099306\n|move|p2b: Clefable|Follow Me|p2b: Clefable\n|-singleturn|p2b: Clefable|move: Follow Me\n|move|p1a: Sneasler|Dire Claw|p2b: Clefable\n|-supereffective|p2b: Clefable|1\n|-damage|p2b: Clefable|37/100\n|-enditem|p2b: Clefable|Sitrus Berry|[eat]\n|-heal|p2b: Clefable|62/100|[from] item: Sitrus Berry\n|move|p2a: Dragonite|Haze|p2a: Dragonite\n|-clearallboost\n|move|p1b: Incineroar|Darkest Lariat|p2b: Clefable\n|-resisted|p2b: Clefable|1\n|-damage|p2b: Clefable|48/100\n|\n|upkeep\n|turn|3\n|inactive|bakaboy2016 has 30 seconds left.\n|\n|t:|1776099332\n|move|p2b: Clefable|Follow Me|p2b: Clefable\n|-singleturn|p2b: Clefable|move: Follow Me\n|move|p1a: Sneasler|Dire Claw|p2b: Clefable\n|-supereffective|p2b: Clefable|1\n|-damage|p2b: Clefable|0 fnt\n|faint|p2b: Clefable\n|move|p2a: Dragonite|Scale Shot|p1a: Sneasler\n|-crit|p1a: Sneasler\n|-damage|p1a: Sneasler|62/100\n|-damage|p1a: Sneasler|37/100\n|-hitcount|p1a: Sneasler|2\n|-unboost|p2a: Dragonite|def|1\n|-boost|p2a: Dragonite|spe|1\n|move|p1b: Incineroar|Parting Shot|p2a: Dragonite\n|-unboost|p2a: Dragonite|atk|1\n|-unboost|p2a: Dragonite|spa|1\n|\n|t:|1776099351\n|switch|p1b: Garchomp|Garchomp, L50, F|100/100|[from] Parting Shot\n|\n|upkeep\n|\n|t:|1776099357\n|switch|p2b: Delphox|Delphox, L50, F|100/100\n|turn|4\n|inactive|squirethe2nd has 30 seconds left.\n|\n|t:|1776099387\n|detailschange|p2b: Delphox|Delphox-Mega, L50, F\n|-mega|p2b: Delphox|Delphox|Delphoxite\n|move|p1b: Garchomp|Dragon Claw|p2a: Dragonite\n|-supereffective|p2a: Dragonite|1\n|-damage|p2a: Dragonite|26/100\n|move|p2a: Dragonite|Scale Shot|p1b: Garchomp|[miss]\n|-miss|p2a: Dragonite|p1b: Garchomp\n|move|p1a: Sneasler|U-turn|p2b: Delphox\n|-damage|p2b: Delphox|62/100\n|\n|t:|1776099397\n|switch|p1a: Incineroar|Incineroar, L50, F|100/100|[from] U-turn\n|-ability|p1a: Incineroar|Intimidate|boost\n|-unboost|p2a: Dragonite|atk|1\n|-unboost|p2b: Delphox|atk|1\n|move|p2b: Delphox|Substitute|p2b: Delphox\n|-start|p2b: Delphox|Substitute\n|-damage|p2b: Delphox|38/100\n|\n|upkeep\n|turn|5\n|\n|t:|1776099414\n|move|p2a: Dragonite|Extreme Speed|p1a: Incineroar\n|-damage|p1a: Incineroar|86/100\n|move|p1b: Garchomp|Dragon Claw|p2b: Delphox\n|-end|p2b: Delphox|Substitute\n|move|p2b: Delphox|Heat Wave|p1a: Incineroar|[spread] p1a,p1b\n|-resisted|p1a: Incineroar|1\n|-resisted|p1b: Garchomp|1\n|-damage|p1a: Incineroar|68/100\n|-damage|p1b: Garchomp|75/100\n|move|p1a: Incineroar|Darkest Lariat|p2b: Delphox\n|-supereffective|p2b: Delphox|1\n|-damage|p2b: Delphox|0 fnt\n|faint|p2b: Delphox\n|\n|upkeep\n|\n|t:|1776099429\n|switch|p2b: Basculegion|Basculegion, L50, M|100/100\n|turn|6\n|\n|t:|1776099449\n|switch|p1a: Rotom|Rotom-Wash, L50|100/100\n|move|p2a: Dragonite|Extreme Speed|p1a: Rotom\n|-damage|p1a: Rotom|83/100\n|move|p1b: Garchomp|Dragon Claw|p2a: Dragonite\n|-supereffective|p2a: Dragonite|1\n|-damage|p2a: Dragonite|0 fnt\n|faint|p2a: Dragonite\n|move|p2b: Basculegion|Last Respects|p1a: Rotom\n|-damage|p1a: Rotom|0 fnt\n|faint|p1a: Rotom\n|\n|upkeep\n|\n|t:|1776099463\n|switch|p1a: Incineroar|Incineroar, L50, F|68/100\n|-ability|p1a: Incineroar|Intimidate|boost\n|-unboost|p2b: Basculegion|atk|1\n|turn|7\n|\n|t:|1776099472\n|move|p1b: Garchomp|Dragon Claw|p2b: Basculegion\n|-damage|p2b: Basculegion|52/100\n|move|p2b: Basculegion|Last Respects|p1a: Incineroar\n|-resisted|p1a: Incineroar|1\n|-damage|p1a: Incineroar|25/100\n|-enditem|p1a: Incineroar|Sitrus Berry|[eat]\n|-heal|p1a: Incineroar|50/100|[from] item: Sitrus Berry\n|move|p1a: Incineroar|Darkest Lariat|p2b: Basculegion\n|-supereffective|p2b: Basculegion|1\n|-damage|p2b: Basculegion|0 fnt\n|faint|p2b: Basculegion\n|\n|win|squirethe2nd\n|raw|squirethe2nd's rating: 1144 &rarr; <strong>1173</strong><br />(+29 for winning)\n|raw|bakaboy2016's rating: 1207 &rarr; <strong>1178</strong><br />(-29 for losing)\n|l|\u2606bakaboy2016\n|player|p2|\n",
  "uploadtime": 1776099750,
  "views": 11,
  "formatid": "gen9championsvgc2026regma",
  "rating": 1173,
  "private": 0,
  "password": null
}