{
  "id": "gen9championsvgc2026regma-2580438667",
  "format": "[Gen 9 Champions] VGC 2026 Reg M-A",
  "players": [
    "mgomsant",
    "bermm"
  ],
  "log": "|j|\u2606mgomsant\n|j|\u2606bermm\n|t:|1775896641\n|gametype|doubles\n|player|p1|mgomsant|pokefan-gen4|1047\n|player|p2|bermm|266|1046\n|gen|9\n|tier|[Gen 9 Champions] VGC 2026 Reg M-A\n|rated|\n|rule|Species Clause: Limit one of each Pok\u00e9mon\n|rule|Item Clause: Limit 1 of each item\n|clearpoke\n|poke|p1|Lucario, L50, M|\n|poke|p1|Incineroar, L50, M|\n|poke|p1|Sinistcha, L50|\n|poke|p1|Milotic, L50, F|\n|poke|p1|Dragonite, L50, F|\n|poke|p1|Jolteon, L50, F|\n|poke|p2|Incineroar, L50, F|\n|poke|p2|Hydreigon, L50, M|\n|poke|p2|Charizard, L50, M|\n|poke|p2|Venusaur, L50, F|\n|poke|p2|Farigiraf, L50, M|\n|poke|p2|Torkoal, L50, M|\n|teampreview|4\n|\n|t:|1775896672\n|teamsize|p1|4\n|teamsize|p2|4\n|start\n|switch|p1a: Dragonite|Dragonite, L50, F|100/100\n|switch|p1b: Jolteon|Jolteon, L50, F|100/100\n|switch|p2a: Farigiraf|Farigiraf, L50, M|100/100\n|switch|p2b: Incineroar|Incineroar, L50, F|100/100\n|turn|1\n|\n|t:|1775896691\n|detailschange|p1a: Dragonite|Dragonite-Mega, L50, F\n|-mega|p1a: Dragonite|Dragonite|Dragoninite\n|move|p2b: Incineroar|Fake Out|p1a: Dragonite\n|-damage|p1a: Dragonite|96/100\n|move|p1b: Jolteon|Discharge|p2a: Farigiraf|[spread] p1a,p2a,p2b\n|-crit|p2b: Incineroar\n|-damage|p1a: Dragonite|75/100\n|-damage|p2a: Farigiraf|73/100\n|-damage|p2b: Incineroar|63/100\n|-status|p2b: Incineroar|par\n|cant|p1a: Dragonite|flinch\n|move|p2a: Farigiraf|Trick Room|p2a: Farigiraf\n|-fieldstart|move: Trick Room|[of] p2a: Farigiraf\n|\n|upkeep\n|turn|2\n|\n|t:|1775896709\n|cant|p2b: Incineroar|par\n|move|p2a: Farigiraf|Psychic|p1b: Jolteon\n|-damage|p1b: Jolteon|43/100\n|move|p1a: Dragonite|Air Slash|p2b: Incineroar\n|-damage|p2b: Incineroar|21/100 par\n|-enditem|p2b: Incineroar|Sitrus Berry|[eat]\n|-heal|p2b: Incineroar|46/100 par|[from] item: Sitrus Berry\n|move|p1b: Jolteon|Discharge|p2b: Incineroar|[spread] p1a,p2a,p2b\n|-damage|p1a: Dragonite|55/100\n|-damage|p2a: Farigiraf|46/100\n|-damage|p2b: Incineroar|22/100 par\n|\n|upkeep\n|turn|3\n|\n|t:|1775896733\n|move|p1a: Dragonite|Protect|p1a: Dragonite\n|-singleturn|p1a: Dragonite|Protect\n|move|p2b: Incineroar|Flare Blitz|p1a: Dragonite\n|-activate|p1a: Dragonite|move: Protect\n|move|p2a: Farigiraf|Psychic|p1b: Jolteon\n|-damage|p1b: Jolteon|0 fnt\n|faint|p1b: Jolteon\n|\n|upkeep\n|\n|t:|1775896745\n|switch|p1b: Milotic|Milotic, L50, F|100/100\n|turn|4\n|\n|t:|1775896763\n|move|p2b: Incineroar|Throat Chop|p1b: Milotic\n|-damage|p1b: Milotic|62/100\n|-start|p1b: Milotic|Throat Chop|[silent]\n|move|p2a: Farigiraf|Thunderbolt|p1b: Milotic\n|-supereffective|p1b: Milotic|1\n|-damage|p1b: Milotic|13/100\n|move|p1b: Milotic|Scald|p2b: Incineroar\n|-supereffective|p2b: Incineroar|1\n|-damage|p2b: Incineroar|0 fnt\n|faint|p2b: Incineroar\n|move|p1a: Dragonite|Heat Wave|p2a: Farigiraf\n|-damage|p2a: Farigiraf|7/100\n|-status|p2a: Farigiraf|brn\n|\n|-damage|p2a: Farigiraf|0 fnt|[from] brn\n|faint|p2a: Farigiraf\n|upkeep\n|\n|t:|1775896772\n|switch|p2a: Torkoal|Torkoal, L50, M|100/100\n|switch|p2b: Hydreigon|Hydreigon, L50, M|100/100\n|-weather|SunnyDay|[from] ability: Drought|[of] p2a: Torkoal\n|turn|5\n|\n|t:|1775896792\n|move|p2a: Torkoal|Eruption|p1a: Dragonite|[spread] p1a,p1b\n|-resisted|p1a: Dragonite|1\n|-resisted|p1b: Milotic|1\n|-damage|p1a: Dragonite|24/100\n|-damage|p1b: Milotic|0 fnt\n|faint|p1b: Milotic\n|move|p1a: Dragonite|Draco Meteor|p2b: Hydreigon\n|-supereffective|p2b: Hydreigon|1\n|-damage|p2b: Hydreigon|0 fnt\n|-unboost|p1a: Dragonite|spa|2\n|faint|p2b: Hydreigon\n|\n|-weather|SunnyDay|[upkeep]\n|-fieldend|move: Trick Room\n|upkeep\n|\n|t:|1775896806\n|switch|p1b: Incineroar|Incineroar, L50, M|100/100\n|-ability|p1b: Incineroar|Intimidate|boost\n|-unboost|p2a: Torkoal|atk|1\n|turn|6\n|\n|t:|1775896816\n|move|p1a: Dragonite|Protect|p1a: Dragonite\n|-singleturn|p1a: Dragonite|Protect\n|move|p1b: Incineroar|Fake Out|p2a: Torkoal\n|-damage|p2a: Torkoal|89/100\n|cant|p2a: Torkoal|flinch\n|\n|-weather|SunnyDay|[upkeep]\n|upkeep\n|turn|7\n|\n|t:|1775896830\n|move|p1a: Dragonite|Air Slash|p2a: Torkoal\n|-damage|p2a: Torkoal|62/100\n|move|p1b: Incineroar|Darkest Lariat|p2a: Torkoal\n|-damage|p2a: Torkoal|24/100\n|move|p2a: Torkoal|Eruption|p1a: Dragonite|[spread] p1a,p1b\n|-resisted|p1a: Dragonite|1\n|-resisted|p1b: Incineroar|1\n|-damage|p1a: Dragonite|15/100\n|-damage|p1b: Incineroar|91/100\n|\n|-weather|SunnyDay|[upkeep]\n|upkeep\n|turn|8\n|\n|t:|1775896848\n|move|p1a: Dragonite|Air Slash|p2a: Torkoal\n|-damage|p2a: Torkoal|0 fnt\n|faint|p2a: Torkoal\n|\n|win|mgomsant\n|raw|mgomsant's rating: 1047 &rarr; <strong>1080</strong><br />(+33 for winning)\n|raw|bermm's rating: 1046 &rarr; <strong>1029</strong><br />(-17 for losing)\n",
  "uploadtime": 1775896848,
  "views": 15,
  "formatid": "gen9championsvgc2026regma",
  "rating": 1029,
  "private": 0,
  "password": null
}