{
  "id": "gen9championsvgc2026regma-2581986559",
  "format": "[Gen 9 Champions] VGC 2026 Reg M-A",
  "players": [
    "mitogel",
    "Goodusername69"
  ],
  "log": "|j|\u2606mitogel\n|j|\u2606Goodusername69\n|t:|1776045811\n|gametype|doubles\n|player|p1|mitogel|dawn|1101\n|player|p2|Goodusername69|lady-gen4|1000\n|gen|9\n|tier|[Gen 9 Champions] VGC 2026 Reg M-A\n|rated|\n|rule|Species Clause: Limit one of each Pok\u00e9mon\n|rule|Item Clause: Limit 1 of each item\n|clearpoke\n|poke|p1|Conkeldurr, L50, F|\n|poke|p1|Aggron, L50, F|\n|poke|p1|Alcremie, L50, F|\n|poke|p1|Primarina, L50, M|\n|poke|p1|Aerodactyl, L50, M|\n|poke|p1|Cofagrigus, L50, M|\n|poke|p2|Beedrill, L50, M|\n|poke|p2|Incineroar, L50, M|\n|poke|p2|Clefable, L50, F|\n|poke|p2|Basculegion, L50, M|\n|poke|p2|Rotom-Mow, L50|\n|poke|p2|Glimmora, L50, M|\n|teampreview|4\n|\n|t:|1776045888\n|teamsize|p1|4\n|teamsize|p2|4\n|start\n|switch|p1a: Cofagrigus|Cofagrigus, L50, M|100/100\n|switch|p1b: Primarina|Primarina, L50, M|100/100\n|switch|p2a: Basculegion|Basculegion, L50, M|100/100\n|switch|p2b: Incineroar|Incineroar, L50, M|100/100\n|-ability|p2b: Incineroar|Intimidate|boost\n|-unboost|p1a: Cofagrigus|atk|1\n|-unboost|p1b: Primarina|atk|1\n|turn|1\n|\n|t:|1776045931\n|move|p1b: Primarina|Protect|p1b: Primarina\n|-singleturn|p1b: Primarina|Protect\n|move|p2b: Incineroar|Fake Out|p1b: Primarina\n|-activate|p1b: Primarina|move: Protect\n|move|p2a: Basculegion|Wave Crash|p1a: Cofagrigus\n|-damage|p1a: Cofagrigus|25/100\n|-activate|p1a: Cofagrigus|ability: Mummy|p2a: Basculegion|[ability] Adaptability\n|-damage|p2a: Basculegion|84/100|[from] Recoil\n|move|p1a: Cofagrigus|Trick Room|p1a: Cofagrigus\n|-fieldstart|move: Trick Room|[of] p1a: Cofagrigus\n|\n|upkeep\n|turn|2\n|\n|t:|1776045953\n|switch|p1a: Conkeldurr|Conkeldurr, L50, F|100/100\n|switch|p2a: Rotom|Rotom-Mow, L50|100/100\n|move|p2b: Incineroar|Throat Chop|p1b: Primarina\n|-resisted|p1b: Primarina|1\n|-damage|p1b: Primarina|81/100\n|-start|p1b: Primarina|Throat Chop|[silent]\n|cant|p1b: Primarina|move: Throat Chop\n|\n|upkeep\n|turn|3\n|\n|t:|1776045993\n|switch|p1b: Cofagrigus|Cofagrigus, L50, M|25/100\n|move|p1a: Conkeldurr|Ice Punch|p2a: Rotom\n|-supereffective|p2a: Rotom|1\n|-damage|p2a: Rotom|43/100\n|-enditem|p2a: Rotom|Sitrus Berry|[eat]\n|-heal|p2a: Rotom|68/100|[from] item: Sitrus Berry\n|move|p2b: Incineroar|Parting Shot|p1a: Conkeldurr\n|-unboost|p1a: Conkeldurr|atk|1\n|-unboost|p1a: Conkeldurr|spa|1\n|\n|t:|1776046005\n|switch|p2b: Basculegion|Basculegion, L50, M|84/100|[from] Parting Shot\n|-enditem|p1a: Conkeldurr|White Herb\n|-clearnegativeboost|p1a: Conkeldurr|[silent]\n|move|p2a: Rotom|Leaf Storm|p1b: Cofagrigus\n|-damage|p1b: Cofagrigus|0 fnt\n|-unboost|p2a: Rotom|spa|2\n|faint|p1b: Cofagrigus\n|\n|upkeep\n|\n|t:|1776046015\n|switch|p1b: Aggron|Aggron, L50, F|100/100\n|turn|4\n|\n|t:|1776046062\n|switch|p2a: Incineroar|Incineroar, L50, M|100/100\n|-ability|p2a: Incineroar|Intimidate|boost\n|-unboost|p1a: Conkeldurr|atk|1\n|-unboost|p1b: Aggron|atk|1\n|detailschange|p1b: Aggron|Aggron-Mega, L50, F\n|-mega|p1b: Aggron|Aggron|Aggronite\n|move|p1a: Conkeldurr|Coaching|p1b: Aggron\n|-boost|p1b: Aggron|atk|1\n|-boost|p1b: Aggron|def|1\n|move|p1b: Aggron|Iron Head|p2b: Basculegion\n|-resisted|p2b: Basculegion|1\n|-damage|p2b: Basculegion|60/100\n|move|p2b: Basculegion|Flip Turn|p1a: Conkeldurr\n|-crit|p1a: Conkeldurr\n|-damage|p1a: Conkeldurr|45/100\n|\n|t:|1776046082\n|switch|p2b: Beedrill|Beedrill, L50, M|100/100|[from] Flip Turn\n|\n|upkeep\n|turn|5\n|\n|t:|1776046111\n|detailschange|p2b: Beedrill|Beedrill-Mega, L50, M\n|-mega|p2b: Beedrill|Beedrill|Beedrillite\n|move|p2a: Incineroar|Fake Out|p1b: Aggron\n|-resisted|p1b: Aggron|1\n|-damage|p1b: Aggron|98/100\n|move|p1a: Conkeldurr|Drain Punch|p2a: Incineroar\n|-supereffective|p2a: Incineroar|1\n|-enditem|p2a: Incineroar|Chople Berry|[eat]\n|-enditem|p2a: Incineroar|Chople Berry|[weaken]\n|-damage|p2a: Incineroar|80/100\n|-heal|p1a: Conkeldurr|55/100|[from] drain|[of] p2a: Incineroar\n|cant|p1b: Aggron|flinch\n|move|p2b: Beedrill|Poison Jab|p1a: Conkeldurr\n|-crit|p1a: Conkeldurr\n|-damage|p1a: Conkeldurr|0 fnt\n|faint|p1a: Conkeldurr\n|\n|-fieldend|move: Trick Room\n|upkeep\n|\n|t:|1776046124\n|switch|p1a: Primarina|Primarina, L50, M|81/100\n|turn|6\n|\n|t:|1776046134\n|move|p1a: Primarina|Protect|p1a: Primarina\n|-singleturn|p1a: Primarina|Protect\n|move|p2b: Beedrill|Poison Jab|p1a: Primarina\n|-activate|p1a: Primarina|move: Protect\n|move|p2a: Incineroar|Parting Shot|p1b: Aggron\n|-unboost|p1b: Aggron|atk|1\n|-unboost|p1b: Aggron|spa|1\n|\n|t:|1776046143\n|switch|p2a: Rotom|Rotom-Mow, L50|68/100|[from] Parting Shot\n|move|p1b: Aggron|Iron Defense|p1b: Aggron\n|-boost|p1b: Aggron|def|2\n|\n|upkeep\n|turn|7\n|\n|t:|1776046176\n|move|p2b: Beedrill|Poison Jab|p1a: Primarina\n|-supereffective|p1a: Primarina|1\n|-damage|p1a: Primarina|0 fnt\n|faint|p1a: Primarina\n|move|p2a: Rotom|Electroweb|p1b: Aggron\n|-damage|p1b: Aggron|78/100\n|-unboost|p1b: Aggron|spe|1\n|move|p1b: Aggron|Body Press|p2a: Rotom\n|-damage|p2a: Rotom|0 fnt\n|faint|p2a: Rotom\n|\n|upkeep\n|\n|t:|1776046186\n|switch|p2a: Incineroar|Incineroar, L50, M|80/100\n|-ability|p2a: Incineroar|Intimidate|boost\n|-unboost|p1b: Aggron|atk|1\n|turn|8\n|\n|t:|1776046192\n|move|p1b: Aggron|Protect|p1b: Aggron\n|-singleturn|p1b: Aggron|Protect\n|move|p2a: Incineroar|Fake Out|p1b: Aggron\n|-activate|p1b: Aggron|move: Protect\n|move|p2b: Beedrill|U-turn|p1b: Aggron\n|-activate|p1b: Aggron|move: Protect\n|\n|upkeep\n|turn|9\n|\n|t:|1776046207\n|move|p2b: Beedrill|Protect|p2b: Beedrill\n|-singleturn|p2b: Beedrill|Protect\n|move|p2a: Incineroar|Parting Shot|p1b: Aggron\n|-unboost|p1b: Aggron|atk|1\n|-unboost|p1b: Aggron|spa|1\n|\n|t:|1776046211\n|switch|p2a: Basculegion|Basculegion, L50, M|60/100|[from] Parting Shot\n|move|p1b: Aggron|Body Press|p2a: Basculegion\n|-immune|p2a: Basculegion\n|\n|upkeep\n|turn|10\n|\n|t:|1776046235\n|move|p2b: Beedrill|U-turn|p1b: Aggron\n|-resisted|p1b: Aggron|1\n|-damage|p1b: Aggron|73/100\n|\n|t:|1776046239\n|switch|p2b: Incineroar|Incineroar, L50, M|80/100|[from] U-turn\n|-ability|p2b: Incineroar|Intimidate|boost\n|-unboost|p1b: Aggron|atk|1\n|move|p2a: Basculegion|Flip Turn|p1b: Aggron\n|-damage|p1b: Aggron|64/100\n|\n|t:|1776046245\n|switch|p2a: Beedrill|Beedrill-Mega, L50, M|100/100|[from] Flip Turn\n|move|p1b: Aggron|Body Press|p2b: Incineroar\n|-supereffective|p2b: Incineroar|1\n|-damage|p2b: Incineroar|0 fnt\n|faint|p2b: Incineroar\n|\n|upkeep\n|\n|t:|1776046249\n|switch|p2b: Basculegion|Basculegion, L50, M|60/100\n|turn|11\n|\n|t:|1776046258\n|move|p2a: Beedrill|U-turn|p1b: Aggron\n|-resisted|p1b: Aggron|1\n|-damage|p1b: Aggron|58/100\n|move|p2b: Basculegion|Last Respects|p1b: Aggron\n|-damage|p1b: Aggron|38/100\n|move|p1b: Aggron|Iron Defense|p1b: Aggron\n|-boost|p1b: Aggron|def|2\n|\n|upkeep\n|turn|12\n|\n|t:|1776046273\n|move|p2a: Beedrill|U-turn|p1b: Aggron\n|-resisted|p1b: Aggron|1\n|-damage|p1b: Aggron|33/100\n|move|p2b: Basculegion|Last Respects|p1b: Aggron\n|-damage|p1b: Aggron|15/100\n|move|p1b: Aggron|Body Press|p2a: Beedrill\n|-resisted|p2a: Beedrill|2\n|-damage|p2a: Beedrill|2/100\n|\n|upkeep\n|turn|13\n|\n|t:|1776046287\n|move|p2a: Beedrill|U-turn|p1b: Aggron\n|-resisted|p1b: Aggron|1\n|-damage|p1b: Aggron|11/100\n|move|p2b: Basculegion|Last Respects|p1b: Aggron\n|-damage|p1b: Aggron|0 fnt\n|faint|p1b: Aggron\n|\n|win|Goodusername69\n|raw|mitogel's rating: 1101 &rarr; <strong>1069</strong><br />(-32 for losing)\n|raw|Goodusername69's rating: 1000 &rarr; <strong>1051</strong><br />(+51 for winning)\n",
  "uploadtime": 1776046304,
  "views": 15,
  "formatid": "gen9championsvgc2026regma",
  "rating": 1051,
  "private": 0,
  "password": null
}