{
  "id": "gen9championsvgc2026regma-2581750301",
  "format": "[Gen 9 Champions] VGC 2026 Reg M-A",
  "players": [
    "fireapething",
    "Minezzzzz"
  ],
  "log": "|j|\u2606fireapething\n|j|\u2606Minezzzzz\n|t:|1776025526\n|gametype|doubles\n|player|p1|fireapething|170|1102\n|player|p2|Minezzzzz|hugh|1065\n|gen|9\n|tier|[Gen 9 Champions] VGC 2026 Reg M-A\n|rated|\n|rule|Species Clause: Limit one of each Pok\u00e9mon\n|rule|Item Clause: Limit 1 of each item\n|clearpoke\n|poke|p1|Garchomp, L50, M|\n|poke|p1|Talonflame, L50, M|\n|poke|p1|Rotom-Wash, L50|\n|poke|p1|Lopunny, L50, F|\n|poke|p1|Incineroar, L50, M|\n|poke|p1|Clefable, L50, F|\n|poke|p2|Tyranitar, L50, M|\n|poke|p2|Corviknight, L50, M|\n|poke|p2|Primarina, L50, M|\n|poke|p2|Incineroar, L50, F|\n|poke|p2|Excadrill, L50, F|\n|poke|p2|Sinistcha, L50|\n|teampreview|4\n|inactive|Battle timer is ON: inactive players will automatically lose when time's up. (requested by Minezzzzz)\n|\n|t:|1776025593\n|teamsize|p1|4\n|teamsize|p2|4\n|start\n|switch|p1a: Lopunny|Lopunny, L50, F|100/100\n|switch|p1b: Garchomp|Garchomp, L50, M|100/100\n|switch|p2a: Tyranitar|Tyranitar, L50, M|100/100\n|switch|p2b: Excadrill|Excadrill, L50, F|100/100\n|-weather|Sandstorm|[from] ability: Sand Stream|[of] p2a: Tyranitar\n|turn|1\n|inactive|fireapething has 30 seconds left.\n|inactive|Minezzzzz has 30 seconds left.\n|inactive|fireapething has 20 seconds left.\n|inactive|fireapething has 15 seconds left.\n|\n|t:|1776025633\n|switch|p1a: Rotom|Rotom-Wash, L50|100/100\n|detailschange|p2a: Tyranitar|Tyranitar-Mega, L50, M\n|-mega|p2a: Tyranitar|Tyranitar|Tyranitarite\n|move|p2b: Excadrill|Iron Head|p1b: Garchomp\n|-damage|p1b: Garchomp|56/100\n|-damage|p2b: Excadrill|88/100|[from] ability: Rough Skin|[of] p1b: Garchomp\n|move|p1b: Garchomp|Earthquake|p2b: Excadrill|[spread] p2a,p2b\n|-immune|p1a: Rotom|[from] ability: Levitate\n|-supereffective|p2a: Tyranitar|1\n|-supereffective|p2b: Excadrill|1\n|-damage|p2a: Tyranitar|36/100\n|-damage|p2b: Excadrill|0 fnt\n|faint|p2b: Excadrill\n|move|p2a: Tyranitar|Low Kick|p1a: Rotom\n|-damage|p1a: Rotom|89/100\n|\n|-weather|Sandstorm|[upkeep]\n|-damage|p1a: Rotom|83/100|[from] Sandstorm\n|-heal|p1a: Rotom|89/100|[from] item: Leftovers\n|upkeep\n|\n|t:|1776025652\n|switch|p2b: Corviknight|Corviknight, L50, M|100/100\n|turn|2\n|\n|t:|1776025661\n|move|p1b: Garchomp|Dragon Claw|p2a: Tyranitar\n|-damage|p2a: Tyranitar|8/100\n|move|p1a: Rotom|Volt Switch|p2b: Corviknight\n|-supereffective|p2b: Corviknight|1\n|-damage|p2b: Corviknight|53/100\n|\n|t:|1776025667\n|switch|p1a: Talonflame|Talonflame, L50, M|100/100|[from] Volt Switch\n|move|p2a: Tyranitar|Rock Slide|p1b: Garchomp|[spread] p1a,p1b\n|-supereffective|p1a: Talonflame|2\n|-resisted|p1b: Garchomp|1\n|-damage|p1a: Talonflame|0 fnt\n|-damage|p1b: Garchomp|37/100\n|faint|p1a: Talonflame\n|move|p2b: Corviknight|Tailwind|p2b: Corviknight\n|-sidestart|p2: Minezzzzz|move: Tailwind\n|\n|-weather|Sandstorm|[upkeep]\n|-heal|p2b: Corviknight|59/100|[from] item: Leftovers\n|upkeep\n|\n|t:|1776025673\n|switch|p1a: Lopunny|Lopunny, L50, F|100/100\n|turn|3\n|\n|t:|1776025685\n|switch|p2a: Incineroar|Incineroar, L50, F|100/100\n|-ability|p2a: Incineroar|Intimidate|boost\n|-unboost|p1a: Lopunny|atk|1\n|-unboost|p1b: Garchomp|atk|1\n|detailschange|p1a: Lopunny|Lopunny-Mega, L50, F\n|-mega|p1a: Lopunny|Lopunny|Lopunnite\n|move|p1a: Lopunny|Close Combat|p2b: Corviknight\n|-damage|p2b: Corviknight|29/100\n|-unboost|p1a: Lopunny|def|1\n|-unboost|p1a: Lopunny|spd|1\n|move|p2b: Corviknight|Bulk Up|p2b: Corviknight\n|-boost|p2b: Corviknight|atk|1\n|-boost|p2b: Corviknight|def|1\n|move|p1b: Garchomp|Rock Slide|p2b: Corviknight|[spread] p2a,p2b\n|-supereffective|p2a: Incineroar|1\n|-damage|p2a: Incineroar|75/100\n|-damage|p2b: Corviknight|23/100\n|\n|-weather|Sandstorm|[upkeep]\n|-damage|p1a: Lopunny|95/100|[from] Sandstorm\n|-damage|p2a: Incineroar|69/100|[from] Sandstorm\n|-heal|p2b: Corviknight|29/100|[from] item: Leftovers\n|upkeep\n|turn|4\n|\n|t:|1776025709\n|switch|p1a: Rotom|Rotom-Wash, L50|89/100\n|move|p2a: Incineroar|Fake Out|p1b: Garchomp\n|-damage|p1b: Garchomp|23/100\n|-damage|p2a: Incineroar|56/100|[from] ability: Rough Skin|[of] p1b: Garchomp\n|move|p2b: Corviknight|Brave Bird|p1a: Rotom\n|-resisted|p1a: Rotom|1\n|-damage|p1a: Rotom|61/100\n|-damage|p2b: Corviknight|22/100|[from] Recoil\n|cant|p1b: Garchomp|flinch\n|\n|-weather|Sandstorm|[upkeep]\n|-damage|p2a: Incineroar|50/100|[from] Sandstorm\n|-damage|p1a: Rotom|55/100|[from] Sandstorm\n|-heal|p2b: Corviknight|28/100|[from] item: Leftovers\n|-heal|p1a: Rotom|61/100|[from] item: Leftovers\n|upkeep\n|turn|5\n|inactive|Minezzzzz has 30 seconds left.\n|\n|t:|1776025738\n|move|p2b: Corviknight|Brave Bird|p1a: Rotom\n|-resisted|p1a: Rotom|1\n|-damage|p1a: Rotom|30/100\n|-damage|p2b: Corviknight|20/100|[from] Recoil\n|move|p1b: Garchomp|Earthquake|p2a: Incineroar|[spread] p2a\n|-immune|p1a: Rotom|[from] ability: Levitate\n|-immune|p2b: Corviknight\n|-supereffective|p2a: Incineroar|1\n|-enditem|p2a: Incineroar|Shuca Berry|[eat]\n|-enditem|p2a: Incineroar|Shuca Berry|[weaken]\n|-damage|p2a: Incineroar|18/100\n|move|p2a: Incineroar|Flare Blitz|p1a: Rotom\n|-resisted|p1a: Rotom|1\n|-damage|p1a: Rotom|0 fnt\n|faint|p1a: Rotom\n|-damage|p2a: Incineroar|10/100|[from] Recoil\n|\n|-weather|none\n|-heal|p2b: Corviknight|26/100|[from] item: Leftovers\n|-sideend|p2: Minezzzzz|move: Tailwind\n|upkeep\n|\n|t:|1776025750\n|switch|p1a: Lopunny|Lopunny-Mega, L50, F|95/100\n|turn|6\n|\n|t:|1776025766\n|move|p1a: Lopunny|Close Combat|p2b: Corviknight\n|-damage|p2b: Corviknight|0 fnt\n|-unboost|p1a: Lopunny|def|1\n|-unboost|p1a: Lopunny|spd|1\n|faint|p2b: Corviknight\n|move|p1b: Garchomp|Rock Slide|p2a: Incineroar\n|-supereffective|p2a: Incineroar|1\n|-damage|p2a: Incineroar|0 fnt\n|faint|p2a: Incineroar\n|\n|upkeep\n|inactive|Minezzzzz has 30 seconds left.\n|l|\u2606Minezzzzz\n|inactive|Minezzzzz disconnected and has a minute to reconnect!\n|player|p2|\n|inactive|Minezzzzz has 20 seconds left.\n|inactive|Minezzzzz has 15 seconds left.\n|inactive|Minezzzzz has 10 seconds left.\n|inactive|Minezzzzz has 5 seconds left.\n|-message|Minezzzzz lost due to inactivity.\n|\n|win|fireapething\n",
  "uploadtime": 1776025529,
  "views": 10,
  "formatid": "gen9championsvgc2026regma",
  "rating": null,
  "private": 0,
  "password": null
}