{
  "id": "gen9championsvgc2026regma-2588626921",
  "format": "[Gen 9 Champions] VGC 2026 Reg M-A",
  "players": [
    "Azmatic1",
    "sockperson"
  ],
  "log": "|j|\u2606Azmatic1\n|j|\u2606sockperson\n|t:|1776651486\n|gametype|doubles\n|player|p1|Azmatic1|266|1410\n|player|p2|sockperson|barry|1495\n|gen|9\n|tier|[Gen 9 Champions] VGC 2026 Reg M-A\n|rated|\n|rule|Species Clause: Limit one of each Pok\u00e9mon\n|rule|Item Clause: Limit 1 of each item\n|clearpoke\n|poke|p1|Gyarados, L50, F|\n|poke|p1|Floette-Eternal, L50, F|\n|poke|p1|Orthworm, L50, M|\n|poke|p1|Garchomp, L50, F|\n|poke|p1|Sneasler, L50, M|\n|poke|p1|Ninetales-Alola, L50, F|\n|poke|p2|Vaporeon, L50, F|\n|poke|p2|Jolteon, L50, M|\n|poke|p2|Flareon, L50, M|\n|poke|p2|Espeon, L50, M|\n|poke|p2|Umbreon, L50, F|\n|poke|p2|Sylveon, L50, M|\n|teampreview|4\n|\n|t:|1776651532\n|teamsize|p1|4\n|teamsize|p2|4\n|start\n|switch|p1a: Sneasler|Sneasler, L50, M|100/100\n|switch|p1b: Orthworm|Orthworm, L50, M|100/100\n|switch|p2a: Espeon|Espeon, L50, M|100/100\n|switch|p2b: Sylveon|Sylveon, L50, M|100/100\n|turn|1\n|\n|t:|1776651545\n|switch|p2b: Vaporeon|Vaporeon, L50, F|100/100\n|move|p1a: Sneasler|Fake Out|p2a: Espeon\n|-damage|p2a: Espeon|87/100\n|cant|p2a: Espeon|flinch\n|move|p1b: Orthworm|Shed Tail|p1b: Orthworm\n|-start|p1b: Orthworm|Substitute|[from] move: Shed Tail\n|-damage|p1b: Orthworm|50/100\n|-enditem|p1b: Orthworm|Sitrus Berry|[eat]\n|-heal|p1b: Orthworm|75/100|[from] item: Sitrus Berry\n|inactive|Battle timer is ON: inactive players will automatically lose when time's up. (requested by sockperson)\n|\n|t:|1776651576\n|switch|p1b: Floette|Floette-Eternal, L50, F|100/100|[from] Shed Tail\n|\n|upkeep\n|turn|2\n|\n|t:|1776651599\n|switch|p1a: Orthworm|Orthworm, L50, M|75/100\n|detailschange|p1b: Floette|Floette-Mega, L50, F\n|-mega|p1b: Floette|Floette|Floettite\n|-ability|p1b: Floette|Fairy Aura\n|move|p1b: Floette|Calm Mind|p1b: Floette\n|-boost|p1b: Floette|spa|1\n|-boost|p1b: Floette|spd|1\n|move|p2a: Espeon|Psyshock|p1b: Floette\n|-end|p1b: Floette|Substitute\n|move|p2b: Vaporeon|Yawn|p1b: Floette\n|-start|p1b: Floette|move: Yawn|[of] p2b: Vaporeon\n|\n|upkeep\n|turn|3\n|\n|t:|1776651622\n|switch|p1a: Sneasler|Sneasler, L50, M|100/100\n|move|p1b: Floette|Dazzling Gleam|p2a: Espeon|[spread] p2a,p2b\n|-damage|p2a: Espeon|5/100\n|-damage|p2b: Vaporeon|40/100\n|-enditem|p2b: Vaporeon|Sitrus Berry|[eat]\n|-heal|p2b: Vaporeon|65/100|[from] item: Sitrus Berry\n|move|p2b: Vaporeon|Scald|p1a: Sneasler\n|-damage|p1a: Sneasler|62/100\n|move|p2a: Espeon|Trick Room|p2a: Espeon\n|-fieldstart|move: Trick Room|[of] p2a: Espeon\n|\n|-end|p1b: Floette|move: Yawn|[silent]\n|-status|p1b: Floette|slp\n|upkeep\n|turn|4\n|\n|t:|1776651640\n|switch|p2a: Flareon|Flareon, L50, M|100/100\n|move|p1a: Sneasler|Fake Out|p2a: Flareon\n|-damage|p2a: Flareon|82/100\n|move|p2b: Vaporeon|Scald|p1a: Sneasler\n|-damage|p1a: Sneasler|24/100\n|cant|p1b: Floette|slp\n|\n|upkeep\n|turn|5\n|\n|t:|1776651661\n|-curestatus|p1b: Floette|slp|[msg]\n|move|p1b: Floette|Protect|p1b: Floette\n|-singleturn|p1b: Floette|Protect\n|move|p2a: Flareon|Flare Blitz|p1b: Floette\n|-activate|p1b: Floette|move: Protect\n|move|p2b: Vaporeon|Scald|p1a: Sneasler\n|-damage|p1a: Sneasler|0 fnt\n|faint|p1a: Sneasler\n|\n|upkeep\n|\n|t:|1776651680\n|switch|p1a: Orthworm|Orthworm, L50, M|75/100\n|turn|6\n|\n|t:|1776651688\n|move|p2a: Flareon|Flare Blitz|p1b: Floette\n|-damage|p1b: Floette|26/100\n|-status|p1b: Floette|brn\n|-damage|p2a: Flareon|57/100|[from] Recoil\n|move|p1a: Orthworm|Iron Defense|p1a: Orthworm\n|-boost|p1a: Orthworm|def|2\n|move|p2b: Vaporeon|Scald|p1a: Orthworm\n|-damage|p1a: Orthworm|43/100\n|move|p1b: Floette|Dazzling Gleam|p2a: Flareon|[spread] p2a,p2b\n|-resisted|p2a: Flareon|1\n|-damage|p2a: Flareon|19/100\n|-damage|p2b: Vaporeon|3/100\n|\n|-damage|p1b: Floette|20/100 brn|[from] brn\n|upkeep\n|turn|7\n|\n|t:|1776651705\n|move|p1b: Floette|Protect|p1b: Floette\n|-singleturn|p1b: Floette|Protect\n|move|p2a: Flareon|Superpower|p1a: Orthworm\n|-supereffective|p1a: Orthworm|1\n|-damage|p1a: Orthworm|13/100\n|-unboost|p2a: Flareon|atk|1\n|-unboost|p2a: Flareon|def|1\n|move|p1a: Orthworm|Body Press|p2a: Flareon\n|-damage|p2a: Flareon|0 fnt\n|faint|p2a: Flareon\n|move|p2b: Vaporeon|Scald|p1a: Orthworm\n|-damage|p1a: Orthworm|0 fnt\n|faint|p1a: Orthworm\n|\n|-damage|p1b: Floette|15/100 brn|[from] brn\n|-fieldend|move: Trick Room\n|upkeep\n|\n|t:|1776651715\n|switch|p1a: Garchomp|Garchomp, L50, F|100/100\n|switch|p2a: Sylveon|Sylveon, L50, M|100/100\n|turn|8\n|\n|t:|1776651734\n|move|p2a: Sylveon|Quick Attack|p1b: Floette\n|-damage|p1b: Floette|0 fnt\n|faint|p1b: Floette\n|move|p1a: Garchomp|Rock Slide|p2b: Vaporeon|[spread] p2a,p2b\n|-damage|p2a: Sylveon|78/100\n|-damage|p2b: Vaporeon|0 fnt\n|faint|p2b: Vaporeon\n|\n|upkeep\n|\n|t:|1776651740\n|switch|p2b: Espeon|Espeon, L50, M|5/100\n|turn|9\n|\n|t:|1776651747\n|move|p2b: Espeon|Helping Hand|p2a: Sylveon\n|-singleturn|p2a: Sylveon|Helping Hand|[of] p2b: Espeon\n|move|p1a: Garchomp|Earthquake|p2b: Espeon|[spread] p2a,p2b\n|-damage|p2a: Sylveon|35/100\n|-damage|p2b: Espeon|0 fnt\n|faint|p2b: Espeon\n|move|p2a: Sylveon|Hyper Voice|p1a: Garchomp\n|-supereffective|p1a: Garchomp|1\n|-damage|p1a: Garchomp|0 fnt\n|faint|p1a: Garchomp\n|\n|win|sockperson\n|raw|Azmatic1's rating: 1410 &rarr; <strong>1395</strong><br />(-15 for losing)\n|raw|sockperson's rating: 1495 &rarr; <strong>1510</strong><br />(+15 for winning)\n|l|\u2606sockperson\n|player|p2|\n",
  "uploadtime": 1776651755,
  "views": 16,
  "formatid": "gen9championsvgc2026regma",
  "rating": 1395,
  "private": 0,
  "password": null
}