{
  "id": "gen9championsvgc2026regma-2586993181",
  "format": "[Gen 9 Champions] VGC 2026 Reg M-A",
  "players": [
    "chuckie2274",
    "aaradox"
  ],
  "log": "|j|\u2606chuckie2274\n|j|\u2606aaradox\n|t:|1776479148\n|gametype|doubles\n|player|p1|chuckie2274|1|1061\n|player|p2|aaradox|veteran|1065\n|gen|9\n|tier|[Gen 9 Champions] VGC 2026 Reg M-A\n|rated|\n|rule|Species Clause: Limit one of each Pok\u00e9mon\n|rule|Item Clause: Limit 1 of each item\n|clearpoke\n|poke|p1|Blastoise, L50, M|\n|poke|p1|Pelipper, L50, F|\n|poke|p1|Primarina, L50, F|\n|poke|p1|Whimsicott, L50, F|\n|poke|p1|Clefable, L50, M|\n|poke|p1|Corviknight, L50, M|\n|poke|p2|Floette-Eternal, L50, F|\n|poke|p2|Aerodactyl, L50, F|\n|poke|p2|Incineroar, L50, M|\n|poke|p2|Garchomp, L50, F|\n|poke|p2|Basculegion, L50, M|\n|poke|p2|Sneasler, L50, F|\n|teampreview|4\n|inactive|Battle timer is ON: inactive players will automatically lose when time's up. (requested by chuckie2274)\n|\n|t:|1776479184\n|teamsize|p1|4\n|teamsize|p2|4\n|start\n|switch|p1a: Pelipper|Pelipper, L50, F|100/100\n|switch|p1b: Primarina|Primarina, L50, F|100/100\n|switch|p2a: PINKPANTHERESS|Sneasler, L50, F, shiny|100/100\n|switch|p2b: Incineroar|Incineroar, L50, M|100/100\n|-weather|RainDance|[from] ability: Drizzle|[of] p1a: Pelipper\n|-ability|p2b: Incineroar|Intimidate|boost\n|-unboost|p1a: Pelipper|atk|1\n|-unboost|p1b: Primarina|atk|1\n|turn|1\n|\n|t:|1776479204\n|move|p2b: Incineroar|Fake Out|p1a: Pelipper\n|-damage|p1a: Pelipper|86/100\n|move|p2a: PINKPANTHERESS|Dire Claw|p1b: Primarina\n|-supereffective|p1b: Primarina|1\n|-damage|p1b: Primarina|0 fnt\n|faint|p1b: Primarina\n|cant|p1a: Pelipper|flinch\n|\n|-weather|RainDance|[upkeep]\n|upkeep\n|\n|t:|1776479217\n|switch|p1b: Whimsicott|Whimsicott, L50, F|100/100\n|turn|2\n|\n|t:|1776479240\n|move|p1b: Whimsicott|Tailwind|p1b: Whimsicott\n|-sidestart|p1: chuckie2274|move: Tailwind\n|move|p1a: Pelipper|Hurricane|p2a: PINKPANTHERESS\n|-supereffective|p2a: PINKPANTHERESS|1\n|-damage|p2a: PINKPANTHERESS|0 fnt\n|faint|p2a: PINKPANTHERESS\n|move|p2b: Incineroar|Parting Shot|p1a: Pelipper\n|-unboost|p1a: Pelipper|atk|1\n|-unboost|p1a: Pelipper|spa|1\n|\n|t:|1776479254\n|switch|p2b: Taylor Swift|Aerodactyl, L50, F|100/100|[from] Parting Shot\n|-ability|p2b: Taylor Swift|Unnerve\n|\n|-weather|RainDance|[upkeep]\n|upkeep\n|\n|t:|1776479260\n|switch|p2a: Floette|Floette-Eternal, L50, F|100/100\n|turn|3\n|inactive|aaradox has 30 seconds left.\n|\n|t:|1776479293\n|detailschange|p2a: Floette|Floette-Mega, L50, F\n|-mega|p2a: Floette|Floette|Floettite\n|-ability|p2a: Floette|Fairy Aura\n|move|p1b: Whimsicott|Light Screen|p1b: Whimsicott\n|-sidestart|p1: chuckie2274|move: Light Screen\n|move|p1a: Pelipper|Hurricane|p2a: Floette\n|-damage|p2a: Floette|66/100\n|-start|p2a: Floette|confusion\n|move|p2b: Taylor Swift|Tailwind|p2b: Taylor Swift\n|-sidestart|p2: aaradox|move: Tailwind\n|-activate|p2a: Floette|confusion\n|move|p2a: Floette|Light of Ruin|p1b: Whimsicott\n|-enditem|p1b: Whimsicott|Focus Sash\n|-damage|p1b: Whimsicott|1/100\n|-damage|p2a: Floette|11/100|[from] Recoil\n|\n|-weather|RainDance|[upkeep]\n|upkeep\n|turn|4\n|inactive|chuckie2274 has 30 seconds left.\n|inactive|aaradox has 30 seconds left.\n|inactive|chuckie2274 has 20 seconds left.\n|inactive|chuckie2274 has 15 seconds left.\n|inactive|chuckie2274 has 10 seconds left.\n|\n|t:|1776479342\n|switch|p2b: Incineroar|Incineroar, L50, M|100/100\n|-ability|p2b: Incineroar|Intimidate|boost\n|-unboost|p1a: Pelipper|atk|1\n|-unboost|p1b: Whimsicott|atk|1\n|move|p1b: Whimsicott|Protect|p1b: Whimsicott\n|-singleturn|p1b: Whimsicott|Protect\n|-activate|p2a: Floette|confusion\n|move|p2a: Floette|Draining Kiss|p1a: Pelipper\n|-damage|p1a: Pelipper|40/100\n|-heal|p2a: Floette|43/100|[from] drain|[of] p1a: Pelipper\n|move|p1a: Pelipper|Hurricane|p2a: Floette\n|-damage|p2a: Floette|10/100\n|\n|-weather|RainDance|[upkeep]\n|upkeep\n|turn|5\n|inactive|chuckie2274 has 30 seconds left.\n|inactive|aaradox has 30 seconds left.\n|inactive|chuckie2274 has 20 seconds left.\n|\n|t:|1776479379\n|-activate|p2a: Floette|confusion\n|move|p2a: Floette|Protect|p2a: Floette\n|-singleturn|p2a: Floette|Protect\n|move|p2b: Incineroar|Fake Out|p1b: Whimsicott\n|-damage|p1b: Whimsicott|0 fnt\n|faint|p1b: Whimsicott\n|move|p1a: Pelipper|Hurricane|p2a: Floette\n|-activate|p2a: Floette|move: Protect\n|\n|-weather|none\n|-sideend|p1: chuckie2274|move: Tailwind\n|upkeep\n|\n|t:|1776479385\n|switch|p1b: Blastoise|Blastoise, L50, M|100/100\n|turn|6\n|\n|t:|1776479407\n|detailschange|p1b: Blastoise|Blastoise-Mega, L50, M\n|-mega|p1b: Blastoise|Blastoise|Blastoisinite\n|move|p2b: Incineroar|Helping Hand|p2a: Floette\n|-singleturn|p2a: Floette|Helping Hand|[of] p2b: Incineroar\n|-end|p2a: Floette|confusion\n|move|p2a: Floette|Light of Ruin|p1b: Blastoise\n|-damage|p1b: Blastoise|0 fnt\n|faint|p1b: Blastoise\n|-damage|p2a: Floette|0 fnt|[from] Recoil\n|faint|p2a: Floette\n|move|p1a: Pelipper|Tailwind|p1a: Pelipper\n|-sidestart|p1: chuckie2274|move: Tailwind\n|\n|-sideend|p2: aaradox|move: Tailwind\n|upkeep\n|\n|t:|1776479417\n|switch|p2a: Taylor Swift|Aerodactyl, L50, F|100/100\n|-ability|p2a: Taylor Swift|Unnerve\n|turn|7\n|-message|chuckie2274 forfeited.\n|\n|win|aaradox\n|raw|chuckie2274's rating: 1061 &rarr; <strong>1042</strong><br />(-19 for losing)\n|raw|aaradox's rating: 1065 &rarr; <strong>1095</strong><br />(+30 for winning)\n|l|\u2606chuckie2274\n|player|p1|\n",
  "uploadtime": 1776479439,
  "views": 17,
  "formatid": "gen9championsvgc2026regma",
  "rating": 1042,
  "private": 0,
  "password": null
}