{
  "id": "gen9championsvgc2026regma-2588744855",
  "format": "[Gen 9 Champions] VGC 2026 Reg M-A",
  "players": [
    "Kokashuu",
    "hollospollosbro38"
  ],
  "log": "|j|\u2606Kokashuu\n|j|\u2606hollospollosbro38\n|t:|1776665099\n|gametype|doubles\n|player|p1|Kokashuu|burglar|\n|player|p2|hollospollosbro38|hilbert|\n|gen|9\n|tier|[Gen 9 Champions] VGC 2026 Reg M-A\n|rule|Species Clause: Limit one of each Pok\u00e9mon\n|rule|Item Clause: Limit 1 of each item\n|clearpoke\n|poke|p1|Froslass, L50, F|\n|poke|p1|Incineroar, L50, F|\n|poke|p1|Orthworm, L50, M|\n|poke|p1|Rotom-Frost, L50|\n|poke|p1|Garchomp, L50, M|\n|poke|p1|Meowscarada, L50, M|\n|poke|p2|Tyrantrum, L50, F|\n|poke|p2|Arcanine, L50, F|\n|poke|p2|Rotom-Wash, L50|\n|poke|p2|Whimsicott, L50, M|\n|poke|p2|Excadrill, L50, M|\n|poke|p2|Tyranitar, L50, M|\n|teampreview|4\n|\n|t:|1776665126\n|teamsize|p1|4\n|teamsize|p2|4\n|start\n|switch|p1a: Garchomp|Garchomp, L50, M|100/100\n|switch|p1b: Orthworm|Orthworm, L50, M|100/100\n|switch|p2a: Arcanine|Arcanine, L50, F|100/100\n|switch|p2b: Whimsicott|Whimsicott, L50, M|100/100\n|-ability|p2a: Arcanine|Intimidate|boost\n|-unboost|p1a: Garchomp|atk|1\n|-unboost|p1b: Orthworm|atk|1\n|turn|1\n|\n|t:|1776665165\n|move|p2b: Whimsicott|Protect|p2b: Whimsicott\n|-singleturn|p2b: Whimsicott|Protect\n|move|p1a: Garchomp|Earthquake|p2b: Whimsicott|[spread] p2a\n|-activate|p2b: Whimsicott|move: Protect\n|-immune|p1b: Orthworm|[from] ability: Earth Eater\n|-supereffective|p2a: Arcanine|1\n|-crit|p2a: Arcanine\n|-damage|p2a: Arcanine|0 fnt\n|faint|p2a: Arcanine\n|move|p1b: Orthworm|Heavy Slam|p2b: Whimsicott\n|-activate|p2b: Whimsicott|move: Protect\n|\n|upkeep\n|\n|t:|1776665176\n|switch|p2a: Rotom|Rotom-Wash, L50|100/100\n|turn|2\n|\n|t:|1776665190\n|switch|p1a: Meowscarada|Meowscarada, L50, M|100/100\n|move|p2b: Whimsicott|Tailwind|p2b: Whimsicott\n|-sidestart|p2: hollospollosbro38|move: Tailwind\n|move|p2a: Rotom|Will-O-Wisp|p1a: Meowscarada\n|-status|p1a: Meowscarada|brn\n|move|p1b: Orthworm|Heavy Slam|p2b: Whimsicott\n|-supereffective|p2b: Whimsicott|1\n|-damage|p2b: Whimsicott|28/100\n|\n|-damage|p1a: Meowscarada|95/100 brn|[from] brn\n|upkeep\n|turn|3\n|\n|t:|1776665215\n|switch|p2b: Tyrantrum|Tyrantrum, L50, F|100/100\n|move|p1a: Meowscarada|Flower Trick|p2a: Rotom\n|-start|p1a: Meowscarada|typechange|Grass|[from] ability: Protean\n|-supereffective|p2a: Rotom|1\n|-crit|p2a: Rotom\n|-damage|p2a: Rotom|51/100\n|move|p2a: Rotom|Reflect|p2a: Rotom\n|-sidestart|p2: hollospollosbro38|Reflect\n|move|p1b: Orthworm|Heavy Slam|p2b: Tyrantrum\n|-supereffective|p2b: Tyrantrum|1\n|-damage|p2b: Tyrantrum|90/100\n|\n|-heal|p2a: Rotom|57/100|[from] item: Leftovers\n|-damage|p1a: Meowscarada|89/100 brn|[from] brn\n|upkeep\n|turn|4\n|\n|t:|1776665240\n|move|p2b: Tyrantrum|Dragon Claw|p1b: Orthworm\n|-resisted|p1b: Orthworm|1\n|-damage|p1b: Orthworm|86/100\n|move|p1a: Meowscarada|Flower Trick|p2a: Rotom\n|-supereffective|p2a: Rotom|1\n|-crit|p2a: Rotom\n|-damage|p2a: Rotom|1/100\n|move|p2a: Rotom|Will-O-Wisp|p1b: Orthworm\n|-status|p1b: Orthworm|brn\n|move|p1b: Orthworm|Body Press|p2b: Tyrantrum\n|-supereffective|p2b: Tyrantrum|1\n|-damage|p2b: Tyrantrum|71/100\n|\n|-heal|p2a: Rotom|7/100|[from] item: Leftovers\n|-damage|p1a: Meowscarada|83/100 brn|[from] brn\n|-damage|p1b: Orthworm|80/100 brn|[from] brn\n|upkeep\n|turn|5\n|\n|t:|1776665281\n|switch|p2b: Whimsicott|Whimsicott, L50, M|28/100\n|switch|p1a: Garchomp|Garchomp, L50, M|100/100\n|move|p2a: Rotom|Thunderbolt|p1b: Orthworm\n|-crit|p1b: Orthworm\n|-damage|p1b: Orthworm|0 fnt\n|faint|p1b: Orthworm\n|\n|-heal|p2a: Rotom|13/100|[from] item: Leftovers\n|-sideend|p2: hollospollosbro38|move: Tailwind\n|upkeep\n|\n|t:|1776665297\n|switch|p1b: Meowscarada|Meowscarada, L50, M|83/100 brn\n|turn|6\n|\n|t:|1776665322\n|move|p2b: Whimsicott|Protect|p2b: Whimsicott\n|-singleturn|p2b: Whimsicott|Protect\n|move|p1b: Meowscarada|Flower Trick|p2a: Rotom\n|-start|p1b: Meowscarada|typechange|Grass|[from] ability: Protean\n|-supereffective|p2a: Rotom|1\n|-crit|p2a: Rotom\n|-damage|p2a: Rotom|0 fnt\n|faint|p2a: Rotom\n|move|p1a: Garchomp|Swords Dance|p1a: Garchomp\n|-boost|p1a: Garchomp|atk|2\n|\n|-damage|p1b: Meowscarada|77/100 brn|[from] brn\n|upkeep\n|\n|t:|1776665341\n|switch|p2a: Tyrantrum|Tyrantrum, L50, F|71/100\n|turn|7\n|\n|t:|1776665381\n|move|p1b: Meowscarada|Flower Trick|p2a: Tyrantrum\n|-crit|p2a: Tyrantrum\n|-damage|p2a: Tyrantrum|46/100\n|move|p2a: Tyrantrum|Rock Slide|p1a: Garchomp|[spread] p1a,p1b\n|-resisted|p1a: Garchomp|1\n|-damage|p1a: Garchomp|86/100\n|-damage|p1b: Meowscarada|35/100 brn\n|move|p2b: Whimsicott|Dazzling Gleam|p1b: Meowscarada|[spread] p1a,p1b\n|-supereffective|p1a: Garchomp|1\n|-damage|p1a: Garchomp|29/100\n|-damage|p1b: Meowscarada|0 fnt\n|faint|p1b: Meowscarada\n|move|p1a: Garchomp|Dragon Claw|p2a: Tyrantrum\n|-supereffective|p2a: Tyrantrum|1\n|-crit|p2a: Tyrantrum\n|-damage|p2a: Tyrantrum|0 fnt\n|faint|p2a: Tyrantrum\n|\n|-sideend|p2: hollospollosbro38|Reflect\n|upkeep\n|\n|t:|1776665399\n|switch|p1b: Froslass|Froslass, L50, F|100/100\n|turn|8\n|\n|t:|1776665403\n|detailschange|p1b: Froslass|Froslass-Mega, L50, F\n|-mega|p1b: Froslass|Froslass|Froslassite\n|-weather|Snowscape|[from] ability: Snow Warning|[of] p1b: Froslass\n|move|p1a: Garchomp|Protect|p1a: Garchomp\n|-singleturn|p1a: Garchomp|Protect\n|move|p2b: Whimsicott|Dazzling Gleam|p1b: Froslass|[spread] p1b\n|-activate|p1a: Garchomp|move: Protect\n|-damage|p1b: Froslass|77/100\n|move|p1b: Froslass|Blizzard|p2b: Whimsicott\n|-supereffective|p2b: Whimsicott|1\n|-damage|p2b: Whimsicott|0 fnt\n|faint|p2b: Whimsicott\n|\n|win|Kokashuu\n|l|\u2606hollospollosbro38\n|player|p2|\n|l|\u2606Kokashuu\n|player|p1|\n|j|\u2606Kokashuu\n|player|p1|Kokashuu|burglar|\n",
  "uploadtime": 1776665445,
  "views": 14,
  "formatid": "gen9championsvgc2026regma",
  "rating": null,
  "private": 0,
  "password": null
}