{
  "id": "gen9championsvgc2026regma-2581201065",
  "format": "[Gen 9 Champions] VGC 2026 Reg M-A",
  "players": [
    "Sampad123",
    "yzuii"
  ],
  "log": "|j|\u2606Sampad123\n|j|\u2606yzuii\n|t:|1775970095\n|gametype|doubles\n|player|p1|Sampad123|266|\n|player|p2|yzuii|waitress-gen4|\n|gen|9\n|tier|[Gen 9 Champions] VGC 2026 Reg M-A\n|rule|Species Clause: Limit one of each Pok\u00e9mon\n|rule|Item Clause: Limit 1 of each item\n|clearpoke\n|poke|p1|Alakazam, L50, M|\n|poke|p1|Drampa, L50, M|\n|poke|p1|Farigiraf, L50, M|\n|poke|p1|Alcremie, L50, F|\n|poke|p1|Kingambit, L50, M|\n|poke|p1|Snorlax, L50, F|\n|poke|p2|Incineroar, L50, M|\n|poke|p2|Gengar, L50, F|\n|poke|p2|Sinistcha, L50|\n|poke|p2|Kingambit, L50, F|\n|poke|p2|Tyranitar, L50, F|\n|poke|p2|Kommo-o, L50, F|\n|teampreview|4\nyzuii has agreed to open team sheets.\n|\n|t:|1775970131\n|teamsize|p1|4\n|teamsize|p2|4\n|start\n|switch|p1a: Alakazam|Alakazam, L50, M|100/100\n|switch|p1b: Drampa|Drampa, L50, M|100/100\n|switch|p2a: Tyranitar|Tyranitar, L50, F|100/100\n|switch|p2b: Kommo-o|Kommo-o, L50, F|100/100\n|-weather|Sandstorm|[from] ability: Sand Stream|[of] p2a: Tyranitar\n|-ability|p1b: Drampa|Cloud Nine\n|turn|1\n|\n|t:|1775970151\n|switch|p2b: Sinistcha|Sinistcha, L50|100/100\n|move|p1b: Drampa|Protect|p1b: Drampa\n|-singleturn|p1b: Drampa|Protect\n|move|p1a: Alakazam|Reflect|p1a: Alakazam\n|-sidestart|p1: Sampad123|Reflect\n|move|p2a: Tyranitar|Rock Slide|p1b: Drampa|[spread] \n|-activate|p1b: Drampa|move: Protect\n|-miss|p2a: Tyranitar|p1a: Alakazam\n|\n|-weather|Sandstorm|[upkeep]\n|upkeep\n|turn|2\n|\n|t:|1775970173\n|detailschange|p1b: Drampa|Drampa-Mega, L50, M\n|-mega|p1b: Drampa|Drampa|Drampanite\n|move|p2b: Sinistcha|Rage Powder|p2b: Sinistcha\n|-singleturn|p2b: Sinistcha|move: Rage Powder\n|move|p1a: Alakazam|Speed Swap|p2b: Sinistcha\n|-activate|p1a: Alakazam|move: Speed Swap|[of] p2b: Sinistcha\n|move|p2a: Tyranitar|Rock Slide|p1a: Alakazam|[spread] p1a,p1b\n|-crit|p1a: Alakazam\n|-damage|p1a: Alakazam|5/100\n|-damage|p1b: Drampa|82/100\n|move|p1b: Drampa|Hyper Voice|p2b: Sinistcha|[spread] p2a\n|-immune|p2b: Sinistcha\n|-resisted|p2a: Tyranitar|1\n|-damage|p2a: Tyranitar|86/100\n|\n|-weather|Sandstorm|[upkeep]\n|-damage|p2b: Sinistcha|94/100|[from] Sandstorm\n|-damage|p1a: Alakazam|0 fnt|[from] Sandstorm\n|-damage|p1b: Drampa|76/100|[from] Sandstorm\n|faint|p1a: Alakazam\n|upkeep\n|\n|t:|1775970193\n|switch|p1a: Kingambit|Kingambit, L50, M|100/100\n|turn|3\n|\n|t:|1775970204\n|switch|p2a: Gengar|Gengar, L50, F|100/100\n|move|p2b: Sinistcha|Rage Powder|p2b: Sinistcha\n|-singleturn|p2b: Sinistcha|move: Rage Powder\n|move|p1a: Kingambit|Kowtow Cleave|p2b: Sinistcha\n|-supereffective|p2b: Sinistcha|1\n|-crit|p2b: Sinistcha\n|-damage|p2b: Sinistcha|0 fnt\n|faint|p2b: Sinistcha\n|move|p1b: Drampa|Draco Meteor|p2a: Gengar\n|-damage|p2a: Gengar|0 fnt\n|-unboost|p1b: Drampa|spa|2\n|faint|p2a: Gengar\n|\n|-weather|Sandstorm|[upkeep]\n|-damage|p1b: Drampa|70/100|[from] Sandstorm\n|upkeep\n|\n|t:|1775970206\n|switch|p2a: Tyranitar|Tyranitar, L50, F|86/100\n|switch|p2b: Kommo-o|Kommo-o, L50, F|100/100\n|turn|4\n|\n|t:|1775970231\n|switch|p1b: Snorlax|Snorlax, L50, F|100/100\n|move|p2a: Tyranitar|Ice Punch|p1b: Snorlax\n|-damage|p1b: Snorlax|92/100\n|-status|p1b: Snorlax|frz\n|move|p2b: Kommo-o|Aura Sphere|p1a: Kingambit\n|-supereffective|p1a: Kingambit|2\n|-damage|p1a: Kingambit|0 fnt\n|faint|p1a: Kingambit\n|\n|-weather|Sandstorm|[upkeep]\n|-damage|p2b: Kommo-o|95/100|[from] Sandstorm\n|-damage|p1b: Snorlax|86/100 frz|[from] Sandstorm\n|-heal|p2b: Kommo-o|100/100|[from] item: Leftovers\n|upkeep\n|\n|t:|1775970247\n|switch|p1a: Drampa|Drampa-Mega, L50, M|70/100\n|turn|5\n|\n|t:|1775970283\n|move|p2a: Tyranitar|Ice Punch|p1a: Drampa\n|-supereffective|p1a: Drampa|1\n|-damage|p1a: Drampa|38/100\n|-ability|p1a: Drampa|Berserk|boost\n|-boost|p1a: Drampa|spa|1\n|move|p2b: Kommo-o|Clangorous Soul|p2b: Kommo-o\n|-boost|p2b: Kommo-o|atk|1\n|-boost|p2b: Kommo-o|def|1\n|-boost|p2b: Kommo-o|spa|1\n|-boost|p2b: Kommo-o|spd|1\n|-boost|p2b: Kommo-o|spe|1\n|-damage|p2b: Kommo-o|68/100\n|move|p1a: Drampa|Draco Meteor|p2b: Kommo-o\n|-supereffective|p2b: Kommo-o|1\n|-damage|p2b: Kommo-o|0 fnt\n|-unboost|p1a: Drampa|spa|2\n|faint|p2b: Kommo-o\n|-curestatus|p1b: Snorlax|frz|[msg]\n|move|p1b: Snorlax|Heavy Slam|p2a: Tyranitar\n|-supereffective|p2a: Tyranitar|1\n|-damage|p2a: Tyranitar|46/100\n|\n|-weather|none\n|-sideend|p1: Sampad123|Reflect\n|upkeep\n|turn|6\n|\n|t:|1775970313\n|move|p2a: Tyranitar|Ice Punch|p1a: Drampa\n|-supereffective|p1a: Drampa|1\n|-damage|p1a: Drampa|0 fnt\n|faint|p1a: Drampa\n|move|p1b: Snorlax|Double-Edge|p2a: Tyranitar\n|-resisted|p2a: Tyranitar|1\n|-damage|p2a: Tyranitar|17/100\n|-damage|p1b: Snorlax|80/100|[from] Recoil\n|\n|upkeep\n|turn|7\n|\n|t:|1775970324\n|move|p2a: Tyranitar|Ice Punch|p1b: Snorlax\n|-damage|p1b: Snorlax|67/100\n|move|p1b: Snorlax|Double-Edge|p2a: Tyranitar\n|-resisted|p2a: Tyranitar|1\n|-damage|p2a: Tyranitar|0 fnt\n|faint|p2a: Tyranitar\n|-damage|p1b: Snorlax|63/100|[from] Recoil\n|\n|win|Sampad123\n",
  "uploadtime": 1775970334,
  "views": 15,
  "formatid": "gen9championsvgc2026regma",
  "rating": null,
  "private": 0,
  "password": null
}