{
  "id": "gen9championsvgc2026regma-2584582625",
  "format": "[Gen 9 Champions] VGC 2026 Reg M-A",
  "players": [
    "anfora34",
    "sirae"
  ],
  "log": "|j|\u2606anfora34\n|j|\u2606sirae\n|t:|1776270215\n|gametype|doubles\n|player|p1|anfora34|lucas|1137\n|player|p2|sirae|caitlin|1211\n|gen|9\n|tier|[Gen 9 Champions] VGC 2026 Reg M-A\n|rated|\n|rule|Species Clause: Limit one of each Pok\u00e9mon\n|rule|Item Clause: Limit 1 of each item\n|clearpoke\n|poke|p1|Gengar, L50, M|\n|poke|p1|Incineroar, L50, F|\n|poke|p1|Maushold, L50|\n|poke|p1|Conkeldurr, L50, F|\n|poke|p1|Toxapex, L50, M|\n|poke|p1|Araquanid, L50, F|\n|poke|p2|Incineroar, L50, F|\n|poke|p2|Gengar, L50, F|\n|poke|p2|Archaludon, L50, F|\n|poke|p2|Meganium, L50, F|\n|poke|p2|Farigiraf, L50, F|\n|poke|p2|Pelipper, L50, F|\n|teampreview|4\n|inactive|Battle timer is ON: inactive players will automatically lose when time's up. (requested by sirae)\n|\n|t:|1776270244\n|teamsize|p1|4\n|teamsize|p2|4\n|start\n|switch|p1a: Gengar|Gengar, L50, M|100/100\n|switch|p1b: Maushold|Maushold, L50|100/100\n|switch|p2a: Incineroar|Incineroar, L50, F|100/100\n|switch|p2b: Gengar|Gengar, L50, F|100/100\n|-ability|p2a: Incineroar|Intimidate|boost\n|-unboost|p1a: Gengar|atk|1\n|-unboost|p1b: Maushold|atk|1\n|turn|1\n|\n|t:|1776270263\n|switch|p2b: Farigiraf|Farigiraf, L50, F|100/100\n|move|p1b: Maushold|Protect|p1b: Maushold\n|-singleturn|p1b: Maushold|Protect\n|move|p1a: Gengar|Protect|p1a: Gengar\n|-singleturn|p1a: Gengar|Protect\n|move|p2a: Incineroar|Darkest Lariat|p1a: Gengar\n|-activate|p1a: Gengar|move: Protect\n|\n|upkeep\n|turn|2\n|inactive|anfora34 has 30 seconds left.\n|inactive|anfora34 has 20 seconds left.\n|inactive|anfora34 has 15 seconds left.\n|\n|t:|1776270307\n|detailschange|p1a: Gengar|Gengar-Mega, L50, M\n|-mega|p1a: Gengar|Gengar|Gengarite\n|move|p1b: Maushold|Follow Me|p1b: Maushold\n|-singleturn|p1b: Maushold|move: Follow Me\n|move|p1a: Gengar|Perish Song|p1a: Gengar\n|-start|p1a: Gengar|perish3|[silent]\n|-start|p1b: Maushold|perish3|[silent]\n|-start|p2a: Incineroar|perish3|[silent]\n|-start|p2b: Farigiraf|perish3|[silent]\n|-fieldactivate|move: Perish Song\n|move|p2a: Incineroar|Darkest Lariat|p1b: Maushold\n|-damage|p1b: Maushold|51/100\n|move|p2b: Farigiraf|Trick Room|p2b: Farigiraf\n|-fieldstart|move: Trick Room|[of] p2b: Farigiraf\n|\n|-start|p2b: Farigiraf|perish3\n|-start|p2a: Incineroar|perish3\n|-start|p1b: Maushold|perish3\n|-start|p1a: Gengar|perish3\n|upkeep\n|turn|3\n|\n|t:|1776270331\n|move|p1b: Maushold|Follow Me|p1b: Maushold\n|-singleturn|p1b: Maushold|move: Follow Me\n|move|p2b: Farigiraf|Imprison|p2b: Farigiraf\n|-start|p2b: Farigiraf|move: Imprison\n|move|p2a: Incineroar|Darkest Lariat|p1b: Maushold\n|-damage|p1b: Maushold|3/100\n|move|p1a: Gengar|Substitute|p1a: Gengar\n|-start|p1a: Gengar|Substitute\n|-damage|p1a: Gengar|76/100\n|\n|-start|p2b: Farigiraf|perish2\n|-start|p2a: Incineroar|perish2\n|-start|p1b: Maushold|perish2\n|-start|p1a: Gengar|perish2\n|upkeep\n|turn|4\n|\n|t:|1776270350\n|move|p1b: Maushold|Follow Me|p1b: Maushold\n|-singleturn|p1b: Maushold|move: Follow Me\n|move|p2b: Farigiraf|Hyper Voice|p1b: Maushold|[spread] p1b\n|-immune|p1a: Gengar\n|-damage|p1b: Maushold|0 fnt\n|faint|p1b: Maushold\n|move|p2a: Incineroar|Darkest Lariat|p1a: Gengar\n|-supereffective|p1a: Gengar|1\n|-end|p1a: Gengar|Substitute\n|move|p1a: Gengar|Skill Swap|p1: Maushold|[notarget]\n|-fail|p1a: Gengar\n|\n|-start|p2b: Farigiraf|perish1\n|-start|p2a: Incineroar|perish1\n|-start|p1a: Gengar|perish1\n|upkeep\n|\n|t:|1776270362\n|switch|p1b: Toxapex|Toxapex, L50, M|100/100\n|turn|5\n|\n|t:|1776270378\n|switch|p1a: Conkeldurr|Conkeldurr, L50, F|100/100\n|move|p1b: Toxapex|Toxic|p2a: Incineroar\n|-status|p2a: Incineroar|tox\n|move|p2b: Farigiraf|Hyper Voice|p1b: Toxapex|[spread] p1a,p1b\n|-damage|p1a: Conkeldurr|73/100\n|-damage|p1b: Toxapex|79/100\n|move|p2a: Incineroar|Parting Shot|p1a: Conkeldurr\n|-unboost|p1a: Conkeldurr|atk|1\n|-unboost|p1a: Conkeldurr|spa|1\n|\n|t:|1776270393\n|switch|p2a: Gengar|Gengar, L50, F|100/100|[from] Parting Shot\n|\n|-heal|p1b: Toxapex|85/100|[from] item: Leftovers\n|-start|p2b: Farigiraf|perish0\n|faint|p2b: Farigiraf\n|upkeep\n|\n|t:|1776270403\n|switch|p2b: Incineroar|Incineroar, L50, F|100/100 tox\n|-ability|p2b: Incineroar|Intimidate|boost\n|-unboost|p1a: Conkeldurr|atk|1\n|-unboost|p1b: Toxapex|atk|1\n|turn|6\n|\n|t:|1776270418\n|switch|p1a: Gengar|Gengar-Mega, L50, M|76/100\n|detailschange|p2a: Gengar|Gengar-Mega, L50, F\n|-mega|p2a: Gengar|Gengar|Gengarite\n|move|p1b: Toxapex|Baneful Bunker|p1b: Toxapex\n|-singleturn|p1b: Toxapex|move: Protect\n|move|p2b: Incineroar|Fake Out|p1a: Gengar\n|-immune|p1a: Gengar\n|move|p2a: Gengar|Perish Song|p2a: Gengar\n|-start|p1a: Gengar|perish3|[silent]\n|-start|p1b: Toxapex|perish3|[silent]\n|-start|p2a: Gengar|perish3|[silent]\n|-start|p2b: Incineroar|perish3|[silent]\n|-fieldactivate|move: Perish Song\n|\n|-heal|p1b: Toxapex|91/100|[from] item: Leftovers\n|-damage|p2b: Incineroar|95/100 tox|[from] psn\n|-start|p1b: Toxapex|perish3\n|-start|p2b: Incineroar|perish3\n|-start|p2a: Gengar|perish3\n|-start|p1a: Gengar|perish3\n|-fieldend|move: Trick Room\n|upkeep\n|turn|7\n|\n|t:|1776270428\n|move|p1a: Gengar|Protect|p1a: Gengar\n|-singleturn|p1a: Gengar|Protect\n|move|p2a: Gengar|Protect|p2a: Gengar\n|-singleturn|p2a: Gengar|Protect\n|move|p2b: Incineroar|Darkest Lariat|p1a: Gengar\n|-activate|p1a: Gengar|move: Protect\n|move|p1b: Toxapex|Infestation|p2a: Gengar\n|-activate|p2a: Gengar|move: Protect\n|\n|-heal|p1b: Toxapex|97/100|[from] item: Leftovers\n|-damage|p2b: Incineroar|83/100 tox|[from] psn\n|-start|p1a: Gengar|perish2\n|-start|p2a: Gengar|perish2\n|-start|p2b: Incineroar|perish2\n|-start|p1b: Toxapex|perish2\n|upkeep\n|turn|8\n|\n|t:|1776270436\n|switch|p1a: Conkeldurr|Conkeldurr, L50, F|73/100\n|switch|p2a: Archaludon|Archaludon, L50, F|100/100\n|move|p2b: Incineroar|Darkest Lariat|p1a: Conkeldurr\n|-resisted|p1a: Conkeldurr|1\n|-damage|p1a: Conkeldurr|58/100\n|move|p1b: Toxapex|Infestation|p2a: Archaludon\n|-resisted|p2a: Archaludon|1\n|-damage|p2a: Archaludon|99/100\n|-activate|p2a: Archaludon|move: Infestation|[of] p1b: Toxapex\n|-ability|p2a: Archaludon|Stamina|boost\n|-boost|p2a: Archaludon|def|1\n|\n|-heal|p1b: Toxapex|100/100|[from] item: Leftovers\n|-damage|p2b: Incineroar|66/100 tox|[from] psn\n|-damage|p2a: Archaludon|87/100|[from] move: Infestation|[partiallytrapped]\n|-start|p2b: Incineroar|perish1\n|-start|p1b: Toxapex|perish1\n|upkeep\n|turn|9\n|\n|t:|1776270456\n|switch|p1b: Gengar|Gengar-Mega, L50, M|76/100\n|move|p2b: Incineroar|Parting Shot|p1b: Gengar\n|-unboost|p1b: Gengar|atk|1\n|-unboost|p1b: Gengar|spa|1\n|\n|t:|1776270461\n|switch|p2b: Gengar|Gengar-Mega, L50, F|100/100|[from] Parting Shot\n|move|p2a: Archaludon|Electro Shot||[still]\n|-prepare|p2a: Archaludon|Electro Shot\n|-boost|p2a: Archaludon|spa|1\n|move|p1a: Conkeldurr|Drain Punch|p2a: Archaludon\n|-supereffective|p2a: Archaludon|1\n|-damage|p2a: Archaludon|39/100\n|-heal|p1a: Conkeldurr|79/100|[from] drain|[of] p2a: Archaludon\n|-ability|p2a: Archaludon|Stamina|boost\n|-boost|p2a: Archaludon|def|1\n|\n|-end|p2a: Archaludon|Infestation|[partiallytrapped]|[silent]\n|upkeep\n|turn|10\n|\n|t:|1776270479\n|move|p1b: Gengar|Protect|p1b: Gengar\n|-singleturn|p1b: Gengar|Protect\n|move|p2b: Gengar|Disable|p1a: Conkeldurr\n|-start|p1a: Conkeldurr|Disable|Drain Punch\n|move|p2a: Archaludon|Electro Shot|p1a: Conkeldurr|[from] lockedmove\n|-damage|p1a: Conkeldurr|28/100\n|cant|p1a: Conkeldurr|Disable|Drain Punch\n|\n|upkeep\n|turn|11\n|\n|t:|1776270499\n|move|p2b: Gengar|Protect|p2b: Gengar\n|-singleturn|p2b: Gengar|Protect\n|move|p1b: Gengar|Substitute|p1b: Gengar\n|-start|p1b: Gengar|Substitute\n|-damage|p1b: Gengar|52/100\n|move|p2a: Archaludon|Dragon Pulse|p1a: Conkeldurr\n|-damage|p1a: Conkeldurr|0 fnt\n|faint|p1a: Conkeldurr\n|\n|upkeep\n|\n|t:|1776270503\n|switch|p1a: Toxapex|Toxapex, L50, M|100/100\n|turn|12\n|\n|t:|1776270517\n|move|p1b: Gengar|Skill Swap|p2a: Archaludon\n|-activate|p1b: Gengar|Skill Swap|Stamina|Shadow Tag|[of] p2a: Archaludon\n|move|p2b: Gengar|Perish Song|p2b: Gengar\n|-start|p1a: Toxapex|perish3|[silent]\n|-start|p1b: Gengar|perish3|[silent]\n|-start|p2a: Archaludon|perish3|[silent]\n|-start|p2b: Gengar|perish3|[silent]\n|-fieldactivate|move: Perish Song\n|move|p2a: Archaludon|Dragon Pulse|p1b: Gengar\n|-end|p1b: Gengar|Substitute\n|move|p1a: Toxapex|Infestation|p2b: Gengar\n|-resisted|p2b: Gengar|2\n|-damage|p2b: Gengar|99/100\n|-activate|p2b: Gengar|move: Infestation|[of] p1a: Toxapex\n|\n|-damage|p2b: Gengar|87/100|[from] move: Infestation|[partiallytrapped]\n|-start|p1b: Gengar|perish3\n|-start|p2b: Gengar|perish3\n|-start|p2a: Archaludon|perish3\n|-start|p1a: Toxapex|perish3\n|upkeep\n|turn|13\n|\n|t:|1776270535\n|move|p2b: Gengar|Protect|p2b: Gengar\n|-singleturn|p2b: Gengar|Protect\n|move|p1b: Gengar|Perish Song||[still]\n|-fail|p1b: Gengar\n|move|p2a: Archaludon|Dragon Pulse|p1b: Gengar\n|-damage|p1b: Gengar|0 fnt\n|faint|p1b: Gengar\n|move|p1a: Toxapex|Infestation|p2a: Archaludon\n|-resisted|p2a: Archaludon|1\n|-damage|p2a: Archaludon|38/100\n|-activate|p2a: Archaludon|move: Infestation|[of] p1a: Toxapex\n|\n|-damage|p2b: Gengar|75/100|[from] move: Infestation|[partiallytrapped]\n|-damage|p2a: Archaludon|25/100|[from] move: Infestation|[partiallytrapped]\n|-start|p2b: Gengar|perish2\n|-start|p2a: Archaludon|perish2\n|-start|p1a: Toxapex|perish2\n|upkeep\n|turn|14\n|-message|anfora34 forfeited.\n|\n|win|sirae\n|raw|anfora34's rating: 1137 &rarr; <strong>1117</strong><br />(-20 for losing)\n|raw|sirae's rating: 1211 &rarr; <strong>1231</strong><br />(+20 for winning)\n|l|\u2606anfora34\n|player|p1|\n",
  "uploadtime": 1776270564,
  "views": 21,
  "formatid": "gen9championsvgc2026regma",
  "rating": 1117,
  "private": 0,
  "password": null
}