{
  "id": "gen9championsvgc2026regma-2586870949",
  "format": "[Gen 9 Champions] VGC 2026 Reg M-A",
  "players": [
    "thewxfr",
    "gasertheegyptain"
  ],
  "log": "|j|\u2606thewxfr\n|j|\u2606gasertheegyptain\n|t:|1776467110\n|gametype|doubles\n|player|p1|thewxfr|265|\n|player|p2|gasertheegyptain|unknown|\n|gen|9\n|tier|[Gen 9 Champions] VGC 2026 Reg M-A\n|rule|Species Clause: Limit one of each Pok\u00e9mon\n|rule|Item Clause: Limit 1 of each item\n|clearpoke\n|poke|p1|Slowking-Galar, L50, M|\n|poke|p1|Sneasler, L50, F|\n|poke|p1|Beedrill, L50, F|\n|poke|p1|Ariados, L50, M|\n|poke|p1|Gengar, L50, F|\n|poke|p1|Glimmora, L50, M|\n|poke|p2|Emboar, L50, M|\n|poke|p2|Cofagrigus, L50, F|\n|poke|p2|Reuniclus, L50, F|\n|poke|p2|Mudsdale, L50, F|\n|poke|p2|Sneasler, L50, M|\n|poke|p2|Clefable, L50, F|\n|teampreview|4\nthewxfr rejected open team sheets.\n|c|\u2606gasertheegyptain|yeah uh\n|c|\u2606gasertheegyptain|dont ask\n|c|\u2606thewxfr|dw\n|c|\u2606thewxfr|my team is very hard to play\n|c|\u2606thewxfr|but its soooo good\n|c|\u2606gasertheegyptain|yeah i know\n|c|\u2606gasertheegyptain|but dude\n|c|\u2606gasertheegyptain|i have fucking emboar\n|c|\u2606thewxfr|i mean\n|\n|t:|1776467167\n|teamsize|p1|4\n|teamsize|p2|4\n|start\n|switch|p1a: Gengar|Gengar, L50, F|100/100\n|switch|p1b: Slowking|Slowking-Galar, L50, M|100/100\n|switch|p2a: Emboar|Emboar, L50, M|100/100\n|switch|p2b: Reuniclus|Reuniclus, L50, F|100/100\n|turn|1\n|c|\u2606thewxfr|it does somewhat counters my poosoon\n|c|\u2606thewxfr|sadly i wish i could use my whole team\n|c|\u2606gasertheegyptain|lol\n|c|\u2606gasertheegyptain|stickyweb araidos\n|c|\u2606thewxfr|no\n|c|\u2606thewxfr|its even more perverse\n|c|\u2606thewxfr|>:)\n|c|\u2606gasertheegyptain|!dt gengar\n|c|\u2606gasertheegyptain|/raw <div class=\"message\"><ul class=\"utilichart\"><li class=\"result\"><span class=\"col numcol\">OU</span> <span class=\"col iconcol\"><psicon pokemon=\"gengar\"/></span> <span class=\"col pokemonnamecol\" style=\"white-space:nowrap\"><a href=\"https://dex.pokemonshowdown.com/pokemon/gengar\" target=\"_blank\">Gengar</a></span> <span class=\"col typecol\"><img src=\"https://play.pokemonshowdown.com/sprites/types/Ghost.png\" alt=\"Ghost\" height=\"14\" width=\"32\"><img src=\"https://play.pokemonshowdown.com/sprites/types/Poison.png\" alt=\"Poison\" height=\"14\" width=\"32\"></span> <span style=\"float:left;min-height:26px\"><span class=\"col abilitycol\">Cursed Body</span><span class=\"col abilitycol\"></span></span><span style=\"float:left;min-height:26px\"><span class=\"col statcol\"><em>HP</em><br />60</span> <span class=\"col statcol\"><em>Atk</em><br />65</span> <span class=\"col statcol\"><em>Def</em><br />60</span> <span class=\"col statcol\"><em>SpA</em><br />130</span> <span class=\"col statcol\"><em>SpD</em><br />75</span> <span class=\"col statcol\"><em>Spe</em><br />110</span> <span class=\"col bstcol\"><em>BST<br />500</em></span> </span></li><li style=\"clear:both\"></li></ul></div>\n|c|\u2606gasertheegyptain|/raw <font size=\"1\"><font color=\"#686868\">Dex#:</font> 94&nbsp;|&ThickSpace;<font color=\"#686868\">Gen:</font> 1&nbsp;|&ThickSpace;<font color=\"#686868\">Height:</font> 1.5 m&nbsp;|&ThickSpace;<font color=\"#686868\">Weight:</font> 40.5 kg <em>(60 BP)</em>&nbsp;|&ThickSpace;<font color=\"#686868\">Dex Colour:</font> Purple&nbsp;|&ThickSpace;<font color=\"#686868\">Egg Group(s):</font> Amorphous&nbsp;|&ThickSpace;<font color=\"#686868\">Pre-Evolution:</font> Haunter&nbsp;|&ThickSpace;<font color=\"#686868\">Does Not Evolve</font></font>\n\n|\n|t:|1776467206\n|detailschange|p2a: Emboar|Emboar-Mega, L50, M\n|-mega|p2a: Emboar|Emboar|Emboarite\n|-ability|p2a: Emboar|Mold Breaker\n|move|p2a: Emboar|Protect|p2a: Emboar\n|-singleturn|p2a: Emboar|Protect\n|move|p1a: Gengar|Destiny Bond|p1a: Gengar\n|-singlemove|p1a: Gengar|Destiny Bond\n|move|p1b: Slowking|Toxic Spikes|p2a: Emboar\n|-sidestart|p2: gasertheegyptain|move: Toxic Spikes\n|move|p2b: Reuniclus|Trick Room|p2b: Reuniclus\n|-fieldstart|move: Trick Room|[of] p2b: Reuniclus\n|\n|upkeep\n|turn|2\n|\n|t:|1776467221\n|move|p1b: Slowking|Helping Hand|p1a: Gengar\n|-singleturn|p1a: Gengar|Helping Hand|[of] p1b: Slowking\n|move|p2b: Reuniclus|Protect|p2b: Reuniclus\n|-singleturn|p2b: Reuniclus|Protect\n|move|p2a: Emboar|Earthquake|p1b: Slowking|[spread] p1a,p1b\n|-activate|p2b: Reuniclus|move: Protect\n|-supereffective|p1a: Gengar|1\n|-supereffective|p1b: Slowking|1\n|-enditem|p1a: Gengar|Focus Sash\n|-damage|p1a: Gengar|1/100\n|-damage|p1b: Slowking|57/100\n|move|p1a: Gengar|Hex|p2b: Reuniclus\n|-activate|p2b: Reuniclus|move: Protect\n|\n|upkeep\n|turn|3\n|c|\u2606thewxfr|good for me i guess\n|c|\u2606thewxfr|except i put sash like an idiot\n|\n|t:|1776467244\n|move|p2b: Reuniclus|Expanding Force|p1b: Slowking\n|-damage|p1b: Slowking|32/100\n|move|p1b: Slowking|Slack Off|p1b: Slowking\n|-heal|p1b: Slowking|82/100\n|move|p2a: Emboar|Flare Blitz|p1b: Slowking\n|-damage|p1b: Slowking|28/100\n|-damage|p2a: Emboar|84/100|[from] Recoil\n|move|p1a: Gengar|Hex|p2b: Reuniclus\n|-supereffective|p2b: Reuniclus|1\n|-damage|p2b: Reuniclus|45/100\n|\n|upkeep\n|turn|4\n|\n|t:|1776467255\n|move|p2b: Reuniclus|Protect|p2b: Reuniclus\n|-singleturn|p2b: Reuniclus|Protect\n|move|p1b: Slowking|Slack Off|p1b: Slowking\n|-heal|p1b: Slowking|78/100\n|move|p2a: Emboar|Earthquake|p1b: Slowking|[spread] p1a,p1b\n|-activate|p2b: Reuniclus|move: Protect\n|-supereffective|p1a: Gengar|1\n|-supereffective|p1b: Slowking|1\n|-damage|p1a: Gengar|0 fnt\n|-damage|p1b: Slowking|29/100\n|faint|p1a: Gengar\n|\n|upkeep\n|\n|t:|1776467271\n|switch|p1a: Sneasler|Sneasler, L50, F|100/100\n|turn|5\n|c|\u2606gasertheegyptain|yeah i did this team quickly\n|\n|t:|1776467298\n|move|p1a: Sneasler|Fake Out|p2b: Reuniclus\n|-damage|p2b: Reuniclus|34/100\n|cant|p2b: Reuniclus|flinch\n|move|p1b: Slowking|Slack Off|p1b: Slowking\n|-heal|p1b: Slowking|79/100\n|move|p2a: Emboar|Earthquake|p1a: Sneasler|[spread] p2b,p1a,p1b\n|-supereffective|p1a: Sneasler|1\n|-supereffective|p1b: Slowking|1\n|-damage|p2b: Reuniclus|9/100\n|-damage|p1a: Sneasler|0 fnt\n|-damage|p1b: Slowking|30/100\n|faint|p1a: Sneasler\n|\n|-fieldend|move: Trick Room\n|upkeep\n|c|\u2606thewxfr|trick room is always a mess\n|\n|t:|1776467304\n|switch|p1a: Beedrill|Beedrill, L50, F|100/100\n|turn|6\n|\n|t:|1776467317\n|detailschange|p1a: Beedrill|Beedrill-Mega, L50, F\n|-mega|p1a: Beedrill|Beedrill|Beedrillite\n|move|p1b: Slowking|Helping Hand|p1a: Beedrill\n|-singleturn|p1a: Beedrill|Helping Hand|[of] p1b: Slowking\n|move|p2b: Reuniclus|Protect|p2b: Reuniclus\n|-singleturn|p2b: Reuniclus|Protect\n|move|p1a: Beedrill|Poison Jab|p2a: Emboar\n|-damage|p2a: Emboar|0 fnt\n|faint|p2a: Emboar\n|\n|upkeep\n|\n|t:|1776467326\n|switch|p2a: Cofagrigus|Cofagrigus, L50, F|100/100\n|-status|p2a: Cofagrigus|psn\n|turn|7\n|\n|t:|1776467334\n|move|p2a: Cofagrigus|Protect|p2a: Cofagrigus\n|-singleturn|p2a: Cofagrigus|Protect\n|move|p1a: Beedrill|Fell Stinger|p2b: Reuniclus\n|-supereffective|p2b: Reuniclus|1\n|-damage|p2b: Reuniclus|0 fnt\n|faint|p2b: Reuniclus\n|-boost|p1a: Beedrill|atk|3\n|move|p1b: Slowking|Slack Off|p1b: Slowking\n|-heal|p1b: Slowking|80/100\n|\n|-damage|p2a: Cofagrigus|88/100 psn|[from] psn\n|upkeep\n|\n|t:|1776467338\n|switch|p2b: Mudsdale|Mudsdale, L50, F|100/100\n|-status|p2b: Mudsdale|psn\n|turn|8\n|\n|t:|1776467348\n|move|p1b: Slowking|Helping Hand|p1a: Beedrill\n|-singleturn|p1a: Beedrill|Helping Hand|[of] p1b: Slowking\n|move|p1a: Beedrill|Fell Stinger|p2b: Mudsdale\n|-damage|p2b: Mudsdale|0 fnt\n|faint|p2b: Mudsdale\n|-boost|p1a: Beedrill|atk|3\n|move|p2a: Cofagrigus|Trick Room|p2a: Cofagrigus\n|-fieldstart|move: Trick Room|[of] p2a: Cofagrigus\n|\n|-heal|p2a: Cofagrigus|94/100 psn|[from] item: Leftovers\n|-damage|p2a: Cofagrigus|82/100 psn|[from] psn\n|upkeep\n|turn|9\n|\n|t:|1776467361\n|move|p1b: Slowking|Helping Hand|p1a: Beedrill\n|-singleturn|p1a: Beedrill|Helping Hand|[of] p1b: Slowking\n|move|p2a: Cofagrigus|Hex|p1a: Beedrill\n|-damage|p1a: Beedrill|69/100\n|move|p1a: Beedrill|Poison Jab|p2a: Cofagrigus\n|-resisted|p2a: Cofagrigus|1\n|-damage|p2a: Cofagrigus|0 fnt\n|-activate|p2a: Cofagrigus|ability: Mummy|p1a: Beedrill|[ability] Adaptability\n|faint|p2a: Cofagrigus\n|\n|win|thewxfr\n|c|\u2606thewxfr|beedrill's bulk is underratted\n|c|\u2606gasertheegyptain|yeah bro thats insane\n|c|\u2606thewxfr|ik\n|c|\u2606thewxfr|:)\n|c|\u2606gasertheegyptain|i just used a bad team bro\n|c|\u2606thewxfr|and its not even my good item/team lol\n|c|\u2606thewxfr|i know\n",
  "uploadtime": 1776467391,
  "views": 13,
  "formatid": "gen9championsvgc2026regma",
  "rating": null,
  "private": 0,
  "password": null
}