{
  "id": "gen9championsvgc2026regma-2580614199",
  "format": "[Gen 9 Champions] VGC 2026 Reg M-A",
  "players": [
    "rbewho",
    "klepsiki123"
  ],
  "log": "|j|\u2606rbewho\n|j|\u2606klepsiki123\n|t:|1775918196\n|gametype|doubles\n|player|p1|rbewho|ghetsis|1097\n|player|p2|klepsiki123|psychic-gen4|1170\n|gen|9\n|tier|[Gen 9 Champions] VGC 2026 Reg M-A\n|rated|\n|rule|Species Clause: Limit one of each Pok\u00e9mon\n|rule|Item Clause: Limit 1 of each item\n|clearpoke\n|poke|p1|Whimsicott, L50, M|\n|poke|p1|Zoroark-Hisui, L50, M|\n|poke|p1|Kingambit, L50, F|\n|poke|p1|Sinistcha-Masterpiece, L50|\n|poke|p1|Kangaskhan, L50, F|\n|poke|p1|Maushold-Four, L50|\n|poke|p2|Delphox, L50, M|\n|poke|p2|Basculegion, L50, M|\n|poke|p2|Clefable, L50, M|\n|poke|p2|Kingambit, L50, M|\n|poke|p2|Dragonite, L50, M|\n|poke|p2|Sneasler, L50, M|\n|teampreview|4\n|inactive|Battle timer is ON: inactive players will automatically lose when time's up. (requested by klepsiki123)\n|inactive|rbewho also wants the timer to be on.\n|inactive|rbewho has 60 seconds left.\n|inactive|klepsiki123 has 60 seconds left.\n|inactive|rbewho has 30 seconds left.\n|inactive|rbewho has 20 seconds left.\n|inactive|rbewho has 15 seconds left.\n|inactive|rbewho has 10 seconds left.\n|\n|t:|1775918279\n|teamsize|p1|4\n|teamsize|p2|4\n|start\n|switch|p1a: Kangaskhan|Kangaskhan, L50, F, shiny|100/100\n|switch|p1b: Whimsicott|Whimsicott, L50, M, shiny|100/100\n|switch|p2a: Delphox|Delphox, L50, M|100/100\n|switch|p2b: Sneasler|Sneasler, L50, M|100/100\n|turn|1\n|\n|t:|1775918297\n|detailschange|p2a: Delphox|Delphox-Mega, L50, M\n|-mega|p2a: Delphox|Delphox|Delphoxite\n|move|p2b: Sneasler|Fake Out|p1a: Kangaskhan\n|-immune|p1a: Kangaskhan\n|move|p1b: Whimsicott|Tailwind|p1b: Whimsicott\n|-sidestart|p1: rbewho|move: Tailwind\n|move|p1a: Kangaskhan|Bitter Malice|p2a: Delphox\n|-supereffective|p2a: Delphox|1\n|-damage|p2a: Delphox|19/100\n|-unboost|p2a: Delphox|atk|1\n|move|p2a: Delphox|Substitute|p2a: Delphox\n|-fail|p2a: Delphox|move: Substitute|[weak]\n|\n|upkeep\n|turn|2\n|inactive|rbewho has 30 seconds left.\n|inactive|rbewho has 20 seconds left.\n|\n|t:|1775918334\n|move|p2a: Delphox|Protect|p2a: Delphox\n|-singleturn|p2a: Delphox|Protect\n|move|p1a: Kangaskhan|Bitter Malice|p2a: Delphox\n|-activate|p2a: Delphox|move: Protect\n|move|p1b: Whimsicott|Moonblast|p2b: Sneasler\n|-damage|p2b: Sneasler|51/100\n|move|p2b: Sneasler|Dire Claw|p1b: Whimsicott\n|-supereffective|p1b: Whimsicott|2\n|-enditem|p1b: Whimsicott|Focus Sash\n|-damage|p1b: Whimsicott|1/100\n|-status|p1b: Whimsicott|slp\n|\n|upkeep\n|turn|3\n|\n|t:|1775918354\n|switch|p2a: Kingambit|Kingambit, L50, M|100/100\n|move|p1a: Kangaskhan|Bitter Malice|p2a: Kingambit\n|-resisted|p2a: Kingambit|1\n|-damage|p2a: Kingambit|81/100\n|-unboost|p2a: Kingambit|atk|1\n|-ability|p2a: Kingambit|Defiant|boost\n|-boost|p2a: Kingambit|atk|2\n|cant|p1b: Whimsicott|slp\n|move|p2b: Sneasler|Dire Claw|p1a: Kangaskhan\n|-resisted|p1a: Kangaskhan|1\n|-damage|p1a: Kangaskhan|58/100\n|replace|p1a: Zoroark|Zoroark-Hisui, L50, M, shiny\n|-end|p1a: Zoroark|Illusion\n|\n|upkeep\n|turn|4\n|\n|t:|1775918375\n|switch|p1a: Kangaskhan|Kangaskhan, L50, F, shiny|100/100\n|move|p2a: Kingambit|Sucker Punch||[still]\n|-fail|p2a: Kingambit\n|cant|p1b: Whimsicott|slp\n|move|p2b: Sneasler|Dire Claw|p1b: Whimsicott\n|-supereffective|p1b: Whimsicott|2\n|-damage|p1b: Whimsicott|0 fnt\n|faint|p1b: Whimsicott\n|\n|-sideend|p1: rbewho|move: Tailwind\n|upkeep\n|\n|t:|1775918384\n|switch|p1b: Kingambit|Kingambit, L50, F, shiny|58/100\n|turn|5\n|\n|t:|1775918402\n|detailschange|p1a: Kangaskhan|Kangaskhan-Mega, L50, F, shiny\n|-mega|p1a: Kangaskhan|Kangaskhan|Kangaskhanite\n|move|p2b: Sneasler|Protect|p2b: Sneasler\n|-singleturn|p2b: Sneasler|Protect\n|move|p2a: Kingambit|Protect|p2a: Kingambit\n|-singleturn|p2a: Kingambit|Protect\n|move|p1a: Kangaskhan|Fake Out|p2b: Sneasler\n|-activate|p2b: Sneasler|move: Protect\n|move|p1b: Kingambit|Flamethrower|p2a: Kingambit\n|-activate|p2a: Kingambit|move: Protect\n|\n|upkeep\n|turn|6\n|c|\u2606klepsiki123|WHAT\n|c|\u2606klepsiki123|FLAMETROWHER\n|inactive|klepsiki123 has 30 seconds left.\n|\n|t:|1775918432\n|move|p1b: Kingambit|Flamethrower|p2a: Kingambit\n|-supereffective|p2a: Kingambit|1\n|-damage|p2a: Kingambit|23/100\n|move|p2b: Sneasler|Close Combat|p1b: Kingambit\n|-immune|p1b: Kingambit\n|move|p1a: Kangaskhan|Drain Punch|p2a: Kingambit\n|-supereffective|p2a: Kingambit|2\n|-damage|p2a: Kingambit|0 fnt\n|faint|p2a: Kingambit\n|-hitcount|p2: Kingambit|1\n|\n|upkeep\n|c|\u2606klepsiki123|OH MY GOD\n|-message|klepsiki123 forfeited.\n|\n|win|rbewho\n|raw|rbewho's rating: 1097 &rarr; <strong>1128</strong><br />(+31 for winning)\n|raw|klepsiki123's rating: 1170 &rarr; <strong>1140</strong><br />(-30 for losing)\n|c|\u2606rbewho|ahahaha\n|l|\u2606klepsiki123\n|player|p2|\n",
  "uploadtime": 1775918449,
  "views": 19,
  "formatid": "gen9championsvgc2026regma",
  "rating": 1128,
  "private": 0,
  "password": null
}