{
  "id": "gen9championsvgc2026regma-2588042361",
  "format": "[Gen 9 Champions] VGC 2026 Reg M-A",
  "players": [
    "Cabin6",
    "Mameon"
  ],
  "log": "|j|\u2606Cabin6\n|j|\u2606Mameon\n|t:|1776597054\n|gametype|doubles\n|player|p1|Cabin6|roxie|1460\n|player|p2|Mameon|red|1391\n|gen|9\n|tier|[Gen 9 Champions] VGC 2026 Reg M-A\n|rated|\n|rule|Species Clause: Limit one of each Pok\u00e9mon\n|rule|Item Clause: Limit 1 of each item\n|clearpoke\n|poke|p1|Delphox, L50, F|\n|poke|p1|Kingambit, L50, F|\n|poke|p1|Sneasler, L50, M|\n|poke|p1|Dragonite, L50, M|\n|poke|p1|Clefable, L50, F|\n|poke|p1|Basculegion, L50, M|\n|poke|p2|Charizard, L50, M|\n|poke|p2|Kingambit, L50, M|\n|poke|p2|Incineroar, L50, M|\n|poke|p2|Aerodactyl, L50, M|\n|poke|p2|Floette-Eternal, L50, F|\n|poke|p2|Sneasler, L50, M|\n|teampreview|4\n|inactive|Battle timer is ON: inactive players will automatically lose when time's up. (requested by Cabin6)\n|\n|t:|1776597086\n|teamsize|p1|4\n|teamsize|p2|4\n|start\n|switch|p1a: Aaron's Legion|Basculegion, L50, M|100/100\n|switch|p1b: Foxpii's Blessing|Delphox, L50, F|100/100\n|switch|p2a: Charizard|Charizard, L50, M|100/100\n|switch|p2b: Aerodactyl|Aerodactyl, L50, M|100/100\n|-ability|p2b: Aerodactyl|Unnerve\n|turn|1\n|inactive|Mameon has 30 seconds left.\n|\n|t:|1776597120\n|detailschange|p1b: Foxpii's Blessing|Delphox-Mega, L50, F\n|-mega|p1b: Foxpii's Blessing|Delphox|Delphoxite\n|detailschange|p2a: Charizard|Charizard-Mega-Y, L50, M\n|-mega|p2a: Charizard|Charizard|Charizardite Y\n|-weather|SunnyDay|[from] ability: Drought|[of] p2a: Charizard\n|move|p1a: Aaron's Legion|Flip Turn|p2b: Aerodactyl\n|-supereffective|p2b: Aerodactyl|1\n|-damage|p2b: Aerodactyl|34/100\n|\n|t:|1776597130\n|switch|p1a: Clefable|Clefable, L50, F|100/100|[from] Flip Turn\n|move|p1b: Foxpii's Blessing|Substitute|p1b: Foxpii's Blessing\n|-start|p1b: Foxpii's Blessing|Substitute\n|-damage|p1b: Foxpii's Blessing|76/100\n|move|p2b: Aerodactyl|Rock Slide|p1a: Clefable|[spread] p1a,p1b\n|-supereffective|p1b: Foxpii's Blessing|1\n|-crit|p1b: Foxpii's Blessing\n|-end|p1b: Foxpii's Blessing|Substitute\n|-damage|p1a: Clefable|82/100\n|move|p2a: Charizard|Solar Beam||[still]\n|-prepare|p2a: Charizard|Solar Beam\n|-anim|p2a: Charizard|Solar Beam|p1a: Clefable\n|-damage|p1a: Clefable|29/100\n|\n|-weather|SunnyDay|[upkeep]\n|upkeep\n|turn|2\n|\n|t:|1776597155\n|switch|p1a: Abdur's Aura|Sneasler, L50, M|100/100\n|move|p1b: Foxpii's Blessing|Psychic|p2b: Aerodactyl\n|-damage|p2b: Aerodactyl|0 fnt\n|faint|p2b: Aerodactyl\n|move|p2a: Charizard|Weather Ball|p1b: Foxpii's Blessing\n|-resisted|p1b: Foxpii's Blessing|1\n|-damage|p1b: Foxpii's Blessing|30/100\n|\n|-weather|SunnyDay|[upkeep]\n|upkeep\n|\n|t:|1776597169\n|switch|p2b: Sneasler|Sneasler, L50, M|100/100\n|turn|3\n|\n|t:|1776597177\n|move|p1b: Foxpii's Blessing|Protect|p1b: Foxpii's Blessing\n|-singleturn|p1b: Foxpii's Blessing|Protect\n|move|p1a: Abdur's Aura|Protect|p1a: Abdur's Aura\n|-singleturn|p1a: Abdur's Aura|Protect\n|move|p2b: Sneasler|Fake Out|p1b: Foxpii's Blessing\n|-activate|p1b: Foxpii's Blessing|move: Protect\n|move|p2a: Charizard|Heat Wave|p1b: Foxpii's Blessing|[spread] \n|-activate|p1a: Abdur's Aura|move: Protect\n|-activate|p1b: Foxpii's Blessing|move: Protect\n|\n|-weather|SunnyDay|[upkeep]\n|upkeep\n|turn|4\n|\n|t:|1776597193\n|move|p2b: Sneasler|Protect|p2b: Sneasler\n|-singleturn|p2b: Sneasler|Protect\n|move|p1b: Foxpii's Blessing|Psychic|p2b: Sneasler\n|-activate|p2b: Sneasler|move: Protect\n|move|p1a: Abdur's Aura|Dire Claw|p2a: Charizard\n|-damage|p2a: Charizard|53/100\n|move|p2a: Charizard|Weather Ball|p1b: Foxpii's Blessing\n|-resisted|p1b: Foxpii's Blessing|1\n|-damage|p1b: Foxpii's Blessing|0 fnt\n|faint|p1b: Foxpii's Blessing\n|\n|-weather|SunnyDay|[upkeep]\n|upkeep\n|\n|t:|1776597207\n|switch|p1b: Clefable|Clefable, L50, F|29/100\n|-enditem|p1b: Clefable|Sitrus Berry|[eat]\n|-heal|p1b: Clefable|54/100|[from] item: Sitrus Berry\n|turn|5\n|\n|t:|1776597226\n|move|p1a: Abdur's Aura|Dire Claw|p2a: Charizard\n|-damage|p2a: Charizard|5/100\n|move|p2b: Sneasler|Close Combat|p1a: Abdur's Aura\n|-resisted|p1a: Abdur's Aura|1\n|-damage|p1a: Abdur's Aura|47/100\n|-unboost|p2b: Sneasler|def|1\n|-unboost|p2b: Sneasler|spd|1\n|-enditem|p2b: Sneasler|White Herb\n|-clearnegativeboost|p2b: Sneasler|[silent]\n|move|p2a: Charizard|Weather Ball|p1a: Abdur's Aura\n|-damage|p1a: Abdur's Aura|0 fnt\n|faint|p1a: Abdur's Aura\n|move|p1b: Clefable|Moonblast|p2b: Sneasler\n|-damage|p2b: Sneasler|58/100\n|\n|-weather|none\n|upkeep\n|\n|t:|1776597241\n|switch|p1a: Aaron's Legion|Basculegion, L50, M|100/100\n|turn|6\n|inactive|Cabin6 has 30 seconds left.\n|inactive|Mameon has 30 seconds left.\n|\n|t:|1776597270\n|move|p2b: Sneasler|Dire Claw|p1b: Clefable\n|-supereffective|p1b: Clefable|1\n|-crit|p1b: Clefable\n|-damage|p1b: Clefable|0 fnt\n|faint|p1b: Clefable\n|move|p1a: Aaron's Legion|Last Respects|p2b: Sneasler\n|-damage|p2b: Sneasler|0 fnt\n|faint|p2b: Sneasler\n|move|p2a: Charizard|Heat Wave|p1a: Aaron's Legion\n|-resisted|p1a: Aaron's Legion|1\n|-damage|p1a: Aaron's Legion|67/100\n|\n|upkeep\n|\n|t:|1776597281\n|switch|p2b: Kingambit|Kingambit, L50, M|100/100\n|turn|7\n|\n|t:|1776597292\n|move|p1a: Aaron's Legion|Last Respects|p2a: Charizard\n|-damage|p2a: Charizard|0 fnt\n|faint|p2a: Charizard\n|move|p2b: Kingambit|Kowtow Cleave|p1a: Aaron's Legion\n|-supereffective|p1a: Aaron's Legion|1\n|-damage|p1a: Aaron's Legion|0 fnt\n|faint|p1a: Aaron's Legion\n|\n|win|Mameon\n|raw|Cabin6's rating: 1460 &rarr; <strong>1436</strong><br />(-24 for losing)\n|raw|Mameon's rating: 1391 &rarr; <strong>1415</strong><br />(+24 for winning)\n|l|\u2606Cabin6\n|player|p1|\n",
  "uploadtime": 1776597301,
  "views": 13,
  "formatid": "gen9championsvgc2026regma",
  "rating": 1415,
  "private": 0,
  "password": null
}