{
  "id": "gen9championsvgc2026regma-2585619231",
  "format": "[Gen 9 Champions] VGC 2026 Reg M-A",
  "players": [
    "lkdsmfviok26541",
    "Zerox94"
  ],
  "log": "|j|\u2606lkdsmfviok26541\n|j|\u2606Zerox94\n|t:|1776359292\n|gametype|doubles\n|player|p1|lkdsmfviok26541|2|1154\n|player|p2|Zerox94|silver|1145\n|gen|9\n|tier|[Gen 9 Champions] VGC 2026 Reg M-A\n|rated|\n|rule|Species Clause: Limit one of each Pok\u00e9mon\n|rule|Item Clause: Limit 1 of each item\n|clearpoke\n|poke|p1|Araquanid, L50, M|\n|poke|p1|Pelipper, L50, F|\n|poke|p1|Orthworm, L50, F|\n|poke|p1|Clefable, L50, F|\n|poke|p1|Gyarados, L50, F|\n|poke|p1|Tyrantrum, L50, F|\n|poke|p2|Meowstic, L50, M|\n|poke|p2|Venusaur, L50, F|\n|poke|p2|Torkoal, L50, F|\n|poke|p2|Serperior, L50, M|\n|poke|p2|Charizard, L50, M|\n|poke|p2|Typhlosion, L50, F|\n|teampreview|4\n|inactive|Battle timer is ON: inactive players will automatically lose when time's up. (requested by lkdsmfviok26541)\n|inactive|Zerox94 has 60 seconds left.\n|\n|t:|1776359355\n|teamsize|p1|4\n|teamsize|p2|4\n|start\n|switch|p1a: Araquanid|Araquanid, L50, M|100/100\n|switch|p1b: Gyarados|Gyarados, L50, F|100/100\n|switch|p2a: Venusaur|Venusaur, L50, F|100/100\n|switch|p2b: Serperior|Serperior, L50, M|100/100\n|-ability|p1b: Gyarados|Intimidate|boost\n|-unboost|p2a: Venusaur|atk|1\n|-boost|p2b: Serperior|atk|1\n|turn|1\n|-activate|p1a: Araquanid|item: Quick Claw\n|\n|t:|1776359378\n|detailschange|p1b: Gyarados|Gyarados-Mega, L50, F\n|-mega|p1b: Gyarados|Gyarados|Gyaradosite\n|-ability|p1b: Gyarados|Mold Breaker\n|move|p1a: Araquanid|Entrainment|p1b: Gyarados\n|-ability|p1b: Gyarados|Water Bubble|Mold Breaker|[from] move: Entrainment|[of] p1a: Araquanid\n|move|p2b: Serperior|Leaf Storm|p1b: Gyarados|[miss]\n|-miss|p2b: Serperior|p1b: Gyarados\n|move|p1b: Gyarados|Dragon Dance|p1b: Gyarados\n|-boost|p1b: Gyarados|atk|1\n|-boost|p1b: Gyarados|spe|1\n|move|p2a: Venusaur|Sleep Powder|p1a: Araquanid\n|-status|p1a: Araquanid|slp|[from] move: Sleep Powder\n|\n|upkeep\n|turn|2\n|inactive|Zerox94 has 30 seconds left.\n|\n|t:|1776359403\n|switch|p1a: Pelipper|Pelipper, L50, F|100/100\n|-weather|RainDance|[from] ability: Drizzle|[of] p1a: Pelipper\n|move|p1b: Gyarados|Waterfall|p2b: Serperior\n|-resisted|p2b: Serperior|1\n|-damage|p2b: Serperior|0 fnt\n|faint|p2b: Serperior\n|move|p2a: Venusaur|Sleep Powder|p1b: Gyarados\n|-status|p1b: Gyarados|slp|[from] move: Sleep Powder\n|\n|-weather|RainDance|[upkeep]\n|upkeep\n|\n|t:|1776359416\n|switch|p2b: Torkoal|Torkoal, L50, F|100/100\n|-weather|SunnyDay|[from] ability: Drought|[of] p2b: Torkoal\n|turn|3\n|\n|t:|1776359440\n|switch|p1b: Clefable|Clefable, L50, F|100/100\n|move|p2a: Venusaur|Sleep Powder|p1a: Pelipper|[miss]\n|-miss|p2a: Venusaur|p1a: Pelipper\n|move|p1a: Pelipper|Weather Ball|p2a: Venusaur\n|-supereffective|p2a: Venusaur|1\n|-damage|p2a: Venusaur|27/100\n|-enditem|p2a: Venusaur|Sitrus Berry|[eat]\n|-heal|p2a: Venusaur|52/100|[from] item: Sitrus Berry\n|move|p2b: Torkoal|Eruption|p1b: Clefable|[spread] p1a,p1b\n|-resisted|p1a: Pelipper|1\n|-damage|p1a: Pelipper|50/100\n|-damage|p1b: Clefable|53/100\n|\n|-weather|SunnyDay|[upkeep]\n|upkeep\n|turn|4\n|inactive|Zerox94 has 30 seconds left.\n|inactive|Zerox94 has 20 seconds left.\n|\n|t:|1776359479\n|switch|p1a: Araquanid|Araquanid, L50, M|100/100 slp\n|move|p1b: Clefable|Protect|p1b: Clefable\n|-singleturn|p1b: Clefable|Protect\n|move|p2a: Venusaur|Giga Drain|p1a: Araquanid\n|-damage|p1a: Araquanid|86/100 slp\n|-heal|p2a: Venusaur|61/100|[from] drain|[of] p1a: Araquanid\n|move|p2b: Torkoal|Overheat|p1b: Clefable\n|-activate|p1b: Clefable|move: Protect\n|\n|-weather|SunnyDay|[upkeep]\n|upkeep\n|turn|5\n|\n|t:|1776359504\n|switch|p1a: Pelipper|Pelipper, L50, F|50/100\n|-weather|RainDance|[from] ability: Drizzle|[of] p1a: Pelipper\n|move|p2a: Venusaur|Sludge Bomb|p1b: Clefable\n|-supereffective|p1b: Clefable|1\n|-damage|p1b: Clefable|8/100\n|move|p1b: Clefable|Wish|p1b: Clefable\n|move|p2b: Torkoal|Eruption|p1a: Pelipper|[spread] p1a,p1b\n|-resisted|p1a: Pelipper|1\n|-damage|p1a: Pelipper|34/100\n|-damage|p1b: Clefable|0 fnt\n|faint|p1b: Clefable\n|\n|-weather|RainDance|[upkeep]\n|upkeep\n|\n|t:|1776359518\n|switch|p1b: Gyarados|Gyarados-Mega, L50, F|100/100 slp\n|-ability|p1b: Gyarados|Mold Breaker\n|turn|6\n|inactive|Zerox94 has 30 seconds left.\n|inactive|Zerox94 has 20 seconds left.\n|inactive|Zerox94 has 15 seconds left.\n|\n|t:|1776359559\n|switch|p2b: Typhlosion|Typhlosion, L50, F|100/100\n|cant|p1b: Gyarados|slp\n|move|p2a: Venusaur|Giga Drain|p1a: Pelipper\n|-damage|p1a: Pelipper|0 fnt\n|-heal|p2a: Venusaur|79/100|[from] drain|[of] p1a: Pelipper\n|faint|p1a: Pelipper\n|\n|-weather|RainDance|[upkeep]\n|upkeep\n|\n|t:|1776359568\n|switch|p1a: Araquanid|Araquanid, L50, M|86/100 slp\n|turn|7\n|\n|t:|1776359584\n|switch|p2b: Torkoal|Torkoal, L50, F|100/100\n|-weather|SunnyDay|[from] ability: Drought|[of] p2b: Torkoal\n|move|p2a: Venusaur|Giga Drain|p1b: Gyarados\n|-supereffective|p1b: Gyarados|1\n|-damage|p1b: Gyarados|61/100 slp\n|-heal|p2a: Venusaur|100/100|[from] drain|[of] p1b: Gyarados\n|cant|p1b: Gyarados|slp\n|cant|p1a: Araquanid|slp\n|\n|-weather|SunnyDay|[upkeep]\n|upkeep\n|turn|8\n|inactive|Zerox94 has 30 seconds left.\n|\n|t:|1776359611\n|move|p2b: Torkoal|Helping Hand|p2a: Venusaur\n|-singleturn|p2a: Venusaur|Helping Hand|[of] p2b: Torkoal\n|move|p2a: Venusaur|Giga Drain|p1b: Gyarados\n|-supereffective|p1b: Gyarados|1\n|-damage|p1b: Gyarados|0 fnt\n|faint|p1b: Gyarados\n|cant|p1a: Araquanid|slp\n|\n|-weather|SunnyDay|[upkeep]\n|upkeep\n|turn|9\n|-message|lkdsmfviok26541 forfeited.\n|\n|win|Zerox94\n|raw|lkdsmfviok26541's rating: 1154 &rarr; <strong>1128</strong><br />(-26 for losing)\n|raw|Zerox94's rating: 1145 &rarr; <strong>1171</strong><br />(+26 for winning)\n|l|\u2606lkdsmfviok26541\n|player|p1|\n",
  "uploadtime": 1776359641,
  "views": 25,
  "formatid": "gen9championsvgc2026regma",
  "rating": 1128,
  "private": 0,
  "password": null
}