{
  "id": "gen9championsvgc2026regma-2584782411",
  "format": "[Gen 9 Champions] VGC 2026 Reg M-A",
  "players": [
    "Nickdia1",
    "1#MiraidonHater"
  ],
  "log": "|j|\u2606Nickdia1\n|j|\u26061#MiraidonHater\n|t:|1776283286\n|gametype|doubles\n|player|p1|Nickdia1|2|1253\n|player|p2|1#MiraidonHater|2|1319\n|gen|9\n|tier|[Gen 9 Champions] VGC 2026 Reg M-A\n|rated|\n|rule|Species Clause: Limit one of each Pok\u00e9mon\n|rule|Item Clause: Limit 1 of each item\n|clearpoke\n|poke|p1|Camerupt, L50, F|\n|poke|p1|Bellibolt, L50, F|\n|poke|p1|Sinistcha-Masterpiece, L50|\n|poke|p1|Incineroar, L50, F|\n|poke|p1|Abomasnow, L50, M|\n|poke|p1|Oranguru, L50, M|\n|poke|p2|Gardevoir, L50, M|\n|poke|p2|Garchomp, L50, M|\n|poke|p2|Aerodactyl, L50, F|\n|poke|p2|Tsareena, L50, F|\n|poke|p2|Incineroar, L50, M|\n|poke|p2|Basculegion, L50, M|\n|teampreview|4\n|inactive|Battle timer is ON: inactive players will automatically lose when time's up. (requested by Nickdia1)\n|\n|t:|1776283325\n|teamsize|p1|4\n|teamsize|p2|4\n|start\n|switch|p1a: Oranguru|Oranguru, L50, M|100/100\n|switch|p1b: Bellibolt|Bellibolt, L50, F|100/100\n|switch|p2a: Basculegion|Basculegion, L50, M|100/100\n|switch|p2b: Gardevoir|Gardevoir, L50, M|100/100\n|turn|1\n|inactive|Nickdia1 has 30 seconds left.\n|\n|t:|1776283358\n|detailschange|p2b: Gardevoir|Gardevoir-Mega, L50, M\n|-mega|p2b: Gardevoir|Gardevoir|Gardevoirite\n|move|p2a: Basculegion|Wave Crash|p1a: Oranguru\n|-damage|p1a: Oranguru|36/100\n|-damage|p2a: Basculegion|79/100|[from] Recoil\n|move|p2b: Gardevoir|Hyper Voice|p1b: Bellibolt|[spread] p1a,p1b\n|-damage|p1a: Oranguru|2/100\n|-damage|p1b: Bellibolt|62/100\n|-start|p1b: Bellibolt|Charge|Hyper Voice|[from] ability: Electromorphosis\n|move|p1b: Bellibolt|Soak|p2b: Gardevoir\n|-start|p2b: Gardevoir|typechange|Water\n|move|p1a: Oranguru|Trick Room|p1a: Oranguru\n|-fieldstart|move: Trick Room|[of] p1a: Oranguru\n|\n|upkeep\n|turn|2\n|\n|t:|1776283376\n|switch|p2a: Incineroar|Incineroar, L50, M|100/100\n|-ability|p2a: Incineroar|Intimidate|boost\n|-fail|p1a: Oranguru|unboost|Attack|[from] ability: Inner Focus|[of] p1a: Oranguru\n|-unboost|p1b: Bellibolt|atk|1\n|move|p2b: Gardevoir|Protect|p2b: Gardevoir\n|-singleturn|p2b: Gardevoir|Protect\n|move|p1b: Bellibolt|Parabolic Charge|p2b: Gardevoir|[spread] p1a,p2a\n|-activate|p2b: Gardevoir|move: Protect\n|-damage|p1a: Oranguru|0 fnt\n|-heal|p1b: Bellibolt|62/100|[from] drain|[of] p1a: Oranguru\n|-damage|p2a: Incineroar|63/100\n|-heal|p1b: Bellibolt|80/100|[from] drain|[of] p2a: Incineroar\n|faint|p1a: Oranguru\n|-end|p1b: Bellibolt|Charge|[silent]\n|\n|upkeep\n|\n|t:|1776283392\n|switch|p1a: Camerupt|Camerupt, L50, F|100/100\n|turn|3\n|\n|t:|1776283408\n|switch|p2b: Tsareena|Tsareena, L50, F|100/100\n|detailschange|p1a: Camerupt|Camerupt-Mega, L50, F\n|-mega|p1a: Camerupt|Camerupt|Cameruptite\n|move|p2a: Incineroar|Fake Out|p1a: Camerupt\n|-damage|p1a: Camerupt|88/100\n|cant|p1a: Camerupt|flinch\n|move|p1b: Bellibolt|Parabolic Charge|p2a: Incineroar|[spread] p2a,p2b\n|-immune|p1a: Camerupt\n|-resisted|p2b: Tsareena|1\n|-damage|p2a: Incineroar|45/100\n|-heal|p1b: Bellibolt|88/100|[from] drain|[of] p2a: Incineroar\n|-damage|p2b: Tsareena|90/100\n|-heal|p1b: Bellibolt|93/100|[from] drain|[of] p2b: Tsareena\n|\n|upkeep\n|turn|4\n|\n|t:|1776283427\n|move|p2b: Tsareena|Protect|p2b: Tsareena\n|-singleturn|p2b: Tsareena|Protect\n|move|p1a: Camerupt|Heat Wave|p2a: Incineroar|[spread] p2a\n|-activate|p2b: Tsareena|move: Protect\n|-resisted|p2a: Incineroar|1\n|-damage|p2a: Incineroar|22/100\n|move|p1b: Bellibolt|Parabolic Charge|p2a: Incineroar|[spread] p2a\n|-activate|p2b: Tsareena|move: Protect\n|-immune|p1a: Camerupt\n|-damage|p2a: Incineroar|0 fnt\n|-heal|p1b: Bellibolt|100/100|[from] drain|[of] p2a: Incineroar\n|faint|p2a: Incineroar\n|\n|upkeep\n|\n|t:|1776283432\n|switch|p2a: Basculegion|Basculegion, L50, M|79/100\n|turn|5\n|\n|t:|1776283447\n|move|p1a: Camerupt|Protect|p1a: Camerupt\n|-singleturn|p1a: Camerupt|Protect\n|move|p2a: Basculegion|Aqua Jet|p1a: Camerupt\n|-activate|p1a: Camerupt|move: Protect\n|move|p1b: Bellibolt|Parabolic Charge|p2a: Basculegion|[spread] p2a,p2b\n|-activate|p1a: Camerupt|move: Protect\n|-supereffective|p2a: Basculegion|1\n|-resisted|p2b: Tsareena|1\n|-damage|p2a: Basculegion|30/100\n|-damage|p2b: Tsareena|80/100\n|move|p2b: Tsareena|Trop Kick|p1b: Bellibolt\n|-damage|p1b: Bellibolt|69/100\n|-unboost|p1b: Bellibolt|atk|1\n|-start|p1b: Bellibolt|Charge|Trop Kick|[from] ability: Electromorphosis\n|\n|-fieldend|move: Trick Room\n|upkeep\n|turn|6\n|\n|t:|1776283461\n|switch|p1a: Sinistcha|Sinistcha-Masterpiece, L50|100/100\n|-heal|p1b: Bellibolt|94/100|[from] ability: Hospitality|[of] p1a: Sinistcha\n|move|p2a: Basculegion|Aqua Jet|p1a: Sinistcha\n|-resisted|p1a: Sinistcha|1\n|-crit|p1a: Sinistcha\n|-damage|p1a: Sinistcha|83/100\n|move|p2b: Tsareena|Trop Kick|p1b: Bellibolt\n|-damage|p1b: Bellibolt|66/100\n|-unboost|p1b: Bellibolt|atk|1\n|-start|p1b: Bellibolt|Charge|Trop Kick|[from] ability: Electromorphosis\n|move|p1b: Bellibolt|Parabolic Charge|p2b: Tsareena|[spread] p1a,p2a,p2b\n|-resisted|p1a: Sinistcha|1\n|-supereffective|p2a: Basculegion|1\n|-resisted|p2b: Tsareena|1\n|-crit|p2b: Tsareena\n|-damage|p1a: Sinistcha|62/100\n|-heal|p1b: Bellibolt|75/100|[from] drain|[of] p1a: Sinistcha\n|-damage|p2a: Basculegion|0 fnt\n|-heal|p1b: Bellibolt|88/100|[from] drain|[of] p2a: Basculegion\n|-damage|p2b: Tsareena|48/100\n|-heal|p1b: Bellibolt|100/100|[from] drain|[of] p2b: Tsareena\n|-enditem|p2b: Tsareena|Sitrus Berry|[eat]\n|-heal|p2b: Tsareena|73/100|[from] item: Sitrus Berry\n|faint|p2a: Basculegion\n|-end|p1b: Bellibolt|Charge|[silent]\n|\n|upkeep\n|\n|t:|1776283474\n|switch|p2a: Gardevoir|Gardevoir-Mega, L50, M|100/100\n|turn|7\n|\n|t:|1776283496\n|move|p2a: Gardevoir|Calm Mind|p2a: Gardevoir\n|-boost|p2a: Gardevoir|spa|1\n|-boost|p2a: Gardevoir|spd|1\n|move|p2b: Tsareena|Triple Axel|p1a: Sinistcha\n|-supereffective|p1a: Sinistcha|1\n|-damage|p1a: Sinistcha|50/100\n|-supereffective|p1a: Sinistcha|1\n|-damage|p1a: Sinistcha|26/100\n|-hitcount|p1a: Sinistcha|2\n|move|p1b: Bellibolt|Soak|p2b: Tsareena\n|-start|p2b: Tsareena|typechange|Water\n|move|p1a: Sinistcha|Trick Room|p1a: Sinistcha\n|-fieldstart|move: Trick Room|[of] p1a: Sinistcha\n|\n|upkeep\n|turn|8\n|\n|t:|1776283515\n|move|p2b: Tsareena|Protect|p2b: Tsareena\n|-singleturn|p2b: Tsareena|Protect\n|move|p1b: Bellibolt|Parabolic Charge|p2a: Gardevoir|[spread] p1a,p2a\n|-activate|p2b: Tsareena|move: Protect\n|-resisted|p1a: Sinistcha|1\n|-damage|p1a: Sinistcha|16/100\n|-damage|p2a: Gardevoir|88/100\n|move|p1a: Sinistcha|Matcha Gotcha|p2a: Gardevoir|[spread] p2a\n|-activate|p2b: Tsareena|move: Protect\n|-crit|p2a: Gardevoir\n|-damage|p2a: Gardevoir|56/100\n|-heal|p1a: Sinistcha|31/100|[from] drain|[of] p2a: Gardevoir\n|move|p2a: Gardevoir|Hyper Voice|p1a: Sinistcha|[spread] p1a,p1b\n|-damage|p1a: Sinistcha|0 fnt\n|-damage|p1b: Bellibolt|40/100\n|-start|p1b: Bellibolt|Charge|Hyper Voice|[from] ability: Electromorphosis\n|faint|p1a: Sinistcha\n|\n|upkeep\n|\n|t:|1776283531\n|switch|p1a: Camerupt|Camerupt-Mega, L50, F|88/100\n|turn|9\n|\n|t:|1776283538\n|move|p1a: Camerupt|Earth Power|p2a: Gardevoir\n|-damage|p2a: Gardevoir|16/100\n|move|p1b: Bellibolt|Parabolic Charge|p2a: Gardevoir|[spread] p2a,p2b\n|-immune|p1a: Camerupt\n|-supereffective|p2b: Tsareena|1\n|-damage|p2a: Gardevoir|0 fnt\n|-heal|p1b: Bellibolt|47/100|[from] drain|[of] p2a: Gardevoir\n|-damage|p2b: Tsareena|0 fnt\n|-heal|p1b: Bellibolt|76/100|[from] drain|[of] p2b: Tsareena\n|faint|p2a: Gardevoir\n|faint|p2b: Tsareena\n|-end|p1b: Bellibolt|Charge|[silent]\n|\n|win|Nickdia1\n",
  "uploadtime": 1776283288,
  "views": 23,
  "formatid": "gen9championsvgc2026regma",
  "rating": null,
  "private": 0,
  "password": null
}