{
  "id": "gen9championsvgc2026regma-2582892720",
  "format": "[Gen 9 Champions] VGC 2026 Reg M-A",
  "players": [
    "loklastaji",
    "ihav0imag1nation"
  ],
  "log": "|j|\u2606loklastaji\n|j|\u2606ihav0imag1nation\n|t:|1776122636\n|gametype|doubles\n|player|p1|loklastaji|102|1287\n|player|p2|ihav0imag1nation|169|1200\n|gen|9\n|tier|[Gen 9 Champions] VGC 2026 Reg M-A\n|rated|\n|rule|Species Clause: Limit one of each Pok\u00e9mon\n|rule|Item Clause: Limit 1 of each item\n|clearpoke\n|poke|p1|Talonflame, L50, M|\n|poke|p1|Goodra-Hisui, L50, F|\n|poke|p1|Samurott-Hisui, L50, M|\n|poke|p1|Meganium, L50, M|\n|poke|p1|Farigiraf, L50, M|\n|poke|p1|Froslass, L50, F|\n|poke|p2|Crabominable, L50, M|\n|poke|p2|Farigiraf, L50, F|\n|poke|p2|Incineroar, L50, F|\n|poke|p2|Hatterene, L50, F|\n|poke|p2|Kingambit, L50, M|\n|poke|p2|Sinistcha, L50|\n|teampreview|4\n|\n|t:|1776122673\n|teamsize|p1|4\n|teamsize|p2|4\n|start\n|switch|p1a: Farigiraf|Farigiraf, L50, M|100/100\n|switch|p1b: Samurott|Samurott-Hisui, L50, M|100/100\n|switch|p2a: Crabominable|Crabominable, L50, M|100/100\n|switch|p2b: Farigiraf|Farigiraf, L50, F|100/100\n|turn|1\n|\n|t:|1776122691\n|detailschange|p2a: Crabominable|Crabominable-Mega, L50, M\n|-mega|p2a: Crabominable|Crabominable|Crabominite\n|move|p1b: Samurott|Night Slash|p2b: Farigiraf\n|-supereffective|p2b: Farigiraf|1\n|-damage|p2b: Farigiraf|18/100\n|move|p1a: Farigiraf|Psychic|p2a: Crabominable\n|-supereffective|p2a: Crabominable|1\n|-damage|p2a: Crabominable|23/100\n|move|p2a: Crabominable|Drain Punch|p1b: Samurott\n|-supereffective|p1b: Samurott|1\n|-damage|p1b: Samurott|0 fnt\n|-heal|p2a: Crabominable|64/100|[from] drain|[of] p1b: Samurott\n|faint|p1b: Samurott\n|move|p2b: Farigiraf|Trick Room|p2b: Farigiraf\n|-fieldstart|move: Trick Room|[of] p2b: Farigiraf\n|\n|upkeep\n|\n|t:|1776122721\n|switch|p1b: Talonflame|Talonflame, L50, M|100/100\n|turn|2\n|\n|t:|1776122735\n|switch|p2b: Kingambit|Kingambit, L50, M|100/100\n|move|p2a: Crabominable|Thunder Punch|p1b: Talonflame\n|-supereffective|p1b: Talonflame|1\n|-enditem|p1b: Talonflame|Focus Sash\n|-damage|p1b: Talonflame|1/100\n|move|p1a: Farigiraf|Hyper Voice|p2b: Kingambit|[spread] p2a,p2b\n|-resisted|p2b: Kingambit|1\n|-damage|p2a: Crabominable|35/100\n|-damage|p2b: Kingambit|84/100\n|move|p1b: Talonflame|Flare Blitz|p2a: Crabominable\n|-supereffective|p2a: Crabominable|1\n|-damage|p2a: Crabominable|0 fnt\n|faint|p2a: Crabominable\n|-damage|p1b: Talonflame|0 fnt|[from] Recoil\n|faint|p1b: Talonflame\n|\n|upkeep\n|\n|t:|1776122754\n|switch|p2a: Hatterene|Hatterene, L50, F|100/100\n|switch|p1b: Goodra|Goodra-Hisui, L50, F|100/100\n|turn|3\n|\n|t:|1776122768\n|move|p2a: Hatterene|Dazzling Gleam|p1b: Goodra|[spread] p1a,p1b\n|-damage|p1a: Farigiraf|53/100\n|-damage|p1b: Goodra|65/100\n|move|p2b: Kingambit|Swords Dance|p2b: Kingambit\n|-boost|p2b: Kingambit|atk|2\n|move|p1b: Goodra|Steel Beam|p2a: Hatterene\n|-supereffective|p2a: Hatterene|1\n|-damage|p2a: Hatterene|0 fnt\n|-damage|p1b: Goodra|15/100|[from] steelbeam\n|faint|p2a: Hatterene\n|move|p1a: Farigiraf|Trick Room|p1a: Farigiraf\n|-fieldend|move: Trick Room\n|\n|-heal|p1b: Goodra|20/100|[from] item: Leftovers\n|upkeep\n|\n|t:|1776122783\n|switch|p2a: Farigiraf|Farigiraf, L50, F|18/100\n|turn|4\n|\n|t:|1776122806\n|move|p2b: Kingambit|Protect|p2b: Kingambit\n|-singleturn|p2b: Kingambit|Protect\n|move|p1b: Goodra|Draco Meteor|p2b: Kingambit\n|-activate|p2b: Kingambit|move: Protect\n|move|p1a: Farigiraf|Hyper Voice|p2a: Farigiraf|[spread] p2a\n|-activate|p2b: Kingambit|move: Protect\n|-damage|p2a: Farigiraf|0 fnt\n|faint|p2a: Farigiraf\n|\n|-heal|p1b: Goodra|26/100|[from] item: Leftovers\n|upkeep\n|turn|5\n|inactive|Battle timer is ON: inactive players will automatically lose when time's up. (requested by ihav0imag1nation)\n|\n|t:|1776122845\n|move|p1b: Goodra|Draco Meteor|p2b: Kingambit\n|-resisted|p2b: Kingambit|1\n|-damage|p2b: Kingambit|55/100\n|-unboost|p1b: Goodra|spa|2\n|move|p1a: Farigiraf|Hyper Voice|p2b: Kingambit\n|-resisted|p2b: Kingambit|1\n|-damage|p2b: Kingambit|31/100\n|move|p2b: Kingambit|Kowtow Cleave|p1a: Farigiraf\n|-supereffective|p1a: Farigiraf|1\n|-enditem|p1a: Farigiraf|Colbur Berry|[eat]\n|-enditem|p1a: Farigiraf|Colbur Berry|[weaken]\n|-damage|p1a: Farigiraf|0 fnt\n|faint|p1a: Farigiraf\n|\n|-heal|p1b: Goodra|32/100|[from] item: Leftovers\n|upkeep\n|turn|6\n|\n|t:|1776122866\n|move|p1b: Goodra|Protect|p1b: Goodra\n|-singleturn|p1b: Goodra|Protect\n|move|p2b: Kingambit|Sucker Punch||[still]\n|-fail|p2b: Kingambit\n|\n|-heal|p1b: Goodra|38/100|[from] item: Leftovers\n|upkeep\n|turn|7\n|\n|t:|1776122885\n|move|p2b: Kingambit|Sucker Punch|p1b: Goodra\n|-damage|p1b: Goodra|0 fnt\n|faint|p1b: Goodra\n|\n|win|ihav0imag1nation\n|raw|loklastaji's rating: 1287 &rarr; <strong>1256</strong><br />(-31 for losing)\n|raw|ihav0imag1nation's rating: 1200 &rarr; <strong>1231</strong><br />(+31 for winning)\n",
  "uploadtime": 1776122890,
  "views": 32,
  "formatid": "gen9championsvgc2026regma",
  "rating": 1231,
  "private": 0,
  "password": null
}