{
  "id": "gen9championsvgc2026regma-2586678285",
  "format": "[Gen 9 Champions] VGC 2026 Reg M-A",
  "players": [
    "donusopp",
    "evancindy3935"
  ],
  "log": "|j|\u2606donusopp\n|j|\u2606evancindy3935\n|t:|1776451483\n|gametype|doubles\n|player|p1|donusopp|dancer|1104\n|player|p2|evancindy3935|2|1204\n|gen|9\n|tier|[Gen 9 Champions] VGC 2026 Reg M-A\n|rated|\n|rule|Species Clause: Limit one of each Pok\u00e9mon\n|rule|Item Clause: Limit 1 of each item\n|clearpoke\n|poke|p1|Pelipper, L50, F|\n|poke|p1|Serperior, L50, F|\n|poke|p1|Ampharos, L50, F|\n|poke|p1|Krookodile, L50, F|\n|poke|p1|Corviknight, L50, F|\n|poke|p1|Archaludon, L50, F|\n|poke|p2|Charizard, L50, F|\n|poke|p2|Sneasler, L50, F|\n|poke|p2|Zoroark-Hisui, L50, F|\n|poke|p2|Venusaur, L50, M|\n|poke|p2|Incineroar, L50, M|\n|poke|p2|Garchomp, L50, F|\n|teampreview|4\n|inactive|Battle timer is ON: inactive players will automatically lose when time's up. (requested by evancindy3935)\ndonusopp rejected open team sheets.\n|inactive|evancindy3935 has 60 seconds left.\n|\n|t:|1776451527\n|teamsize|p1|4\n|teamsize|p2|4\n|start\n|switch|p1a: Serperior|Serperior, L50, F, shiny|100/100\n|switch|p1b: Pelipper|Pelipper, L50, F|100/100\n|switch|p2a: Charizard|Charizard, L50, F, shiny|100/100\n|switch|p2b: Incineroar|Incineroar, L50, M, shiny|100/100\n|-weather|RainDance|[from] ability: Drizzle|[of] p1b: Pelipper\n|turn|1\n|\n|t:|1776451552\n|detailschange|p2a: Charizard|Charizard-Mega-Y, L50, F, shiny\n|-mega|p2a: Charizard|Charizard|Charizardite Y\n|-weather|SunnyDay|[from] ability: Drought|[of] p2a: Charizard\n|move|p1a: Serperior|Protect|p1a: Serperior\n|-singleturn|p1a: Serperior|Protect\n|move|p2b: Incineroar|Icy Wind|p1b: Pelipper|[spread] p1b\n|-activate|p1a: Serperior|move: Protect\n|-damage|p1b: Pelipper|76/100\n|-unboost|p1b: Pelipper|spe|1\n|move|p2a: Charizard|Heat Wave|p1b: Pelipper|[spread] p1b\n|-activate|p1a: Serperior|move: Protect\n|-resisted|p1b: Pelipper|1\n|-damage|p1b: Pelipper|22/100\n|-enditem|p1b: Pelipper|Sitrus Berry|[eat]\n|-heal|p1b: Pelipper|46/100|[from] item: Sitrus Berry\n|move|p1b: Pelipper|Soak|p2a: Charizard\n|-start|p2a: Charizard|typechange|Water\n|\n|-weather|SunnyDay|[upkeep]\n|upkeep\n|turn|2\n|inactive|donusopp has 30 seconds left.\n|inactive|evancindy3935 has 30 seconds left.\n|\n|t:|1776451584\n|move|p2a: Charizard|Protect|p2a: Charizard\n|-singleturn|p2a: Charizard|Protect\n|move|p2b: Incineroar|Icy Wind|p1a: Serperior|[spread] \n|-miss|p2b: Incineroar|p1a: Serperior\n|-miss|p2b: Incineroar|p1b: Pelipper\n|move|p1a: Serperior|Leaf Storm|p2a: Charizard\n|-activate|p2a: Charizard|move: Protect\n|move|p1b: Pelipper|Roost|p1b: Pelipper\n|-heal|p1b: Pelipper|96/100\n|-singleturn|p1b: Pelipper|move: Roost\n|\n|-weather|SunnyDay|[upkeep]\n|upkeep\n|turn|3\n|\n|t:|1776451616\n|switch|p2a: Incineroar|Incineroar, L50, M, shiny|100/100\n|-ability|p2a: Incineroar|Intimidate|boost\n|-boost|p1a: Serperior|atk|1\n|-unboost|p1b: Pelipper|atk|1\n|move|p1a: Serperior|Protect|p1a: Serperior\n|-singleturn|p1a: Serperior|Protect\n|move|p2b: Incineroar|Icy Wind|p1a: Serperior|[spread] p1b\n|-activate|p1a: Serperior|move: Protect\n|-damage|p1b: Pelipper|72/100\n|-unboost|p1b: Pelipper|spe|1\n|move|p1b: Pelipper|Soak|p2b: Incineroar\n|-start|p2b: Incineroar|typechange|Water\n|\n|-weather|SunnyDay|[upkeep]\n|upkeep\n|turn|4\n|inactive|donusopp has 30 seconds left.\n|\n|t:|1776451644\n|move|p2a: Incineroar|Fake Out|p1a: Serperior\n|-damage|p1a: Serperior|88/100\n|move|p2b: Incineroar|Icy Wind|p1b: Pelipper|[spread] p1a\n|-miss|p2b: Incineroar|p1b: Pelipper\n|-supereffective|p1a: Serperior|1\n|-damage|p1a: Serperior|54/100\n|-boost|p1a: Serperior|spe|1\n|cant|p1a: Serperior|flinch\n|move|p1b: Pelipper|Soak|p2a: Incineroar\n|-start|p2a: Incineroar|typechange|Water\n|\n|-weather|SunnyDay|[upkeep]\n|upkeep\n|turn|5\n|inactive|donusopp has 30 seconds left.\n|\n|t:|1776451670\n|switch|p2b: Charizard|Charizard-Mega-Y, L50, F, shiny|100/100\n|switch|p2a: Sneasler|Sneasler, L50, F, shiny|100/100\n|move|p1a: Serperior|Protect|p1a: Serperior\n|-singleturn|p1a: Serperior|Protect\n|move|p1b: Pelipper|Weather Ball|p2a: Sneasler\n|-damage|p2a: Sneasler|48/100\n|\n|-weather|none\n|upkeep\n|turn|6\n|inactive|evancindy3935 has 30 seconds left.\n|\n|t:|1776451701\n|switch|p1a: Ampharos|Ampharos, L50, F|100/100\n|move|p2a: Sneasler|Fake Out|p1a: Ampharos\n|-damage|p1a: Ampharos|87/100\n|-status|p2a: Sneasler|par|[from] ability: Static|[of] p1a: Ampharos\n|move|p2b: Charizard|Air Cutter|p1b: Pelipper|[spread] p1a,p1b\n|-resisted|p1a: Ampharos|1\n|-damage|p1a: Ampharos|73/100\n|-damage|p1b: Pelipper|28/100\n|move|p1b: Pelipper|Roost|p1b: Pelipper\n|-heal|p1b: Pelipper|78/100\n|-singleturn|p1b: Pelipper|move: Roost\n|\n|upkeep\n|turn|7\n|inactive|donusopp has 30 seconds left.\n|inactive|evancindy3935 has 30 seconds left.\n|inactive|donusopp has 20 seconds left.\n|inactive|donusopp has 15 seconds left.\n|inactive|donusopp has 10 seconds left.\n|\n|t:|1776451748\n|switch|p2b: Incineroar|Incineroar, L50, M, shiny|100/100\n|-ability|p2b: Incineroar|Intimidate|boost\n|-unboost|p1a: Ampharos|atk|1\n|-unboost|p1b: Pelipper|atk|1\n|move|p2a: Sneasler|Close Combat|p1a: Ampharos\n|-damage|p1a: Ampharos|9/100\n|-unboost|p2a: Sneasler|def|1\n|-unboost|p2a: Sneasler|spd|1\n|-enditem|p2a: Sneasler|White Herb\n|-clearnegativeboost|p2a: Sneasler|[silent]\n|move|p1a: Ampharos|Dragon Pulse|p2a: Sneasler\n|-damage|p2a: Sneasler|11/100 par\n|move|p1b: Pelipper|Soak|p2b: Incineroar\n|-start|p2b: Incineroar|typechange|Water\n|\n|upkeep\n|turn|8\n|inactive|donusopp has 30 seconds left.\n|inactive|evancindy3935 has 30 seconds left.\n|\n|t:|1776451783\n|move|p2a: Sneasler|Dire Claw|p1a: Ampharos\n|-damage|p1a: Ampharos|0 fnt\n|faint|p1a: Ampharos\n|move|p2b: Incineroar|Darkest Lariat|p1b: Pelipper\n|-damage|p1b: Pelipper|58/100\n|move|p1b: Pelipper|Roost|p1b: Pelipper\n|-heal|p1b: Pelipper|100/100\n|-singleturn|p1b: Pelipper|move: Roost\n|\n|upkeep\n|\n|t:|1776451792\n|switch|p1a: Serperior|Serperior, L50, F, shiny|54/100\n|turn|9\n|\n|t:|1776451808\n|switch|p2b: Charizard|Charizard-Mega-Y, L50, F, shiny|100/100\n|-weather|SunnyDay|[from] ability: Drought|[of] p2b: Charizard\n|switch|p1b: Archaludon|Archaludon, L50, F|100/100\n|move|p2a: Sneasler|Dire Claw|p1a: Serperior\n|-supereffective|p1a: Serperior|1\n|-damage|p1a: Serperior|0 fnt\n|faint|p1a: Serperior\n|\n|-weather|SunnyDay|[upkeep]\n|upkeep\n|\n|t:|1776451816\n|switch|p1a: Pelipper|Pelipper, L50, F|100/100\n|-weather|RainDance|[from] ability: Drizzle|[of] p1a: Pelipper\n|turn|10\n|\n|t:|1776451833\n|switch|p2b: Incineroar|Incineroar, L50, M, shiny|100/100\n|-ability|p2b: Incineroar|Intimidate|boost\n|-unboost|p1a: Pelipper|atk|1\n|-unboost|p1b: Archaludon|atk|1\n|move|p1b: Archaludon|Protect|p1b: Archaludon\n|-singleturn|p1b: Archaludon|Protect\n|move|p2a: Sneasler|Close Combat|p1b: Archaludon\n|-activate|p1b: Archaludon|move: Protect\n|move|p1a: Pelipper|Hurricane|p2a: Sneasler\n|-supereffective|p2a: Sneasler|1\n|-damage|p2a: Sneasler|0 fnt\n|faint|p2a: Sneasler\n|\n|-weather|RainDance|[upkeep]\n|upkeep\n|\n|t:|1776451849\n|switch|p2a: Charizard|Charizard-Mega-Y, L50, F, shiny|100/100\n|-weather|SunnyDay|[from] ability: Drought|[of] p2a: Charizard\n|turn|11\n|\n|t:|1776451873\n|move|p2b: Incineroar|Fake Out|p1a: Pelipper\n|-damage|p1a: Pelipper|90/100\n|move|p2a: Charizard|Heat Wave|p1b: Archaludon|[spread] p1a,p1b\n|-resisted|p1a: Pelipper|1\n|-damage|p1a: Pelipper|40/100\n|-damage|p1b: Archaludon|0 fnt\n|faint|p1b: Archaludon\n|cant|p1a: Pelipper|flinch\n|\n|-weather|SunnyDay|[upkeep]\n|upkeep\n|turn|12\n|\n|t:|1776451894\n|move|p2a: Charizard|Weather Ball|p1a: Pelipper\n|-resisted|p1a: Pelipper|1\n|-damage|p1a: Pelipper|0 fnt\n|faint|p1a: Pelipper\n|\n|win|evancindy3935\n|raw|donusopp's rating: 1104 &rarr; <strong>1086</strong><br />(-18 for losing)\n|raw|evancindy3935's rating: 1204 &rarr; <strong>1222</strong><br />(+18 for winning)\n",
  "uploadtime": 1776451923,
  "views": 23,
  "formatid": "gen9championsvgc2026regma",
  "rating": 1086,
  "private": 0,
  "password": null
}