{
  "id": "gen9championsvgc2026regma-2584975363",
  "format": "[Gen 9 Champions] VGC 2026 Reg M-A",
  "players": [
    "DannyMelon",
    "Blaze Gol D Blade"
  ],
  "log": "|j|\u2606DannyMelon\n|j|\u2606Blaze Gol D Blade\n|t:|1776299770\n|gametype|doubles\n|player|p1|DannyMelon|crasherwake|\n|player|p2|Blaze Gol D Blade|265|\n|gen|9\n|tier|[Gen 9 Champions] VGC 2026 Reg M-A\n|rule|Species Clause: Limit one of each Pok\u00e9mon\n|rule|Item Clause: Limit 1 of each item\n|clearpoke\n|poke|p1|Gengar, L50, M|\n|poke|p1|Maushold-Four, L50|\n|poke|p1|Rotom-Wash, L50|\n|poke|p1|Kommo-o, L50, M|\n|poke|p1|Oranguru, L50, M|\n|poke|p1|Aegislash, L50, M|\n|poke|p2|Sableye, L50, M|\n|poke|p2|Charizard, L50, F|\n|poke|p2|Espathra, L50, M|\n|poke|p2|Greninja-*, L50, M|\n|poke|p2|Dragapult, L50, F|\n|poke|p2|Venusaur, L50, M|\n|teampreview|4\nDannyMelon rejected open team sheets.\n|j| TimLikesTrains\n|j| Nooodles080\n|c| TimLikesTrains|This shit so ass on mobile\n|c|\u2606DannyMelon|truth nuke\n|\n|t:|1776299838\n|teamsize|p1|4\n|teamsize|p2|4\n|start\n|switch|p1a: Rotom|Rotom-Wash, L50|100/100\n|switch|p1b: Kommo-o|Kommo-o, L50, M|100/100\n|switch|p2a: Espathra|Espathra, L50, M|100/100\n|switch|p2b: Greninja|Greninja, L50, M, shiny|100/100\n|turn|1\n|c| TimLikesTrains|Frawg\n|c| TimLikesTrains|Birb\n|\n|t:|1776299881\n|move|p2b: Greninja|Protect|p2b: Greninja\n|-start|p2b: Greninja|typechange|Normal|[from] ability: Protean\n|-singleturn|p2b: Greninja|Protect\n|move|p1b: Kommo-o|Protect|p1b: Kommo-o\n|-singleturn|p1b: Kommo-o|Protect\n|move|p1a: Rotom|Discharge|p2b: Greninja|[spread] p2a\n|-activate|p1b: Kommo-o|move: Protect\n|-activate|p2b: Greninja|move: Protect\n|-damage|p2a: Espathra|60/100\n|move|p2a: Espathra|Lumina Crash|p1a: Rotom\n|-damage|p1a: Rotom|64/100\n|-unboost|p1a: Rotom|spd|2\n|\n|-ability|p2a: Espathra|Speed Boost|boost\n|-boost|p2a: Espathra|spe|1\n|upkeep\n|turn|2\n|c|\u2606DannyMelon|@pogchew chinese vpn lookin ahhhh dude\n|\n|t:|1776299911\n|switch|p1a: Aegislash|Aegislash, L50, M|100/100\n|move|p2a: Espathra|Lumina Crash|p1b: Kommo-o\n|-supereffective|p1b: Kommo-o|1\n|-damage|p1b: Kommo-o|40/100\n|-unboost|p1b: Kommo-o|spd|2\n|move|p2b: Greninja|Dark Pulse|p1b: Kommo-o\n|-resisted|p1b: Kommo-o|1\n|-damage|p1b: Kommo-o|19/100\n|move|p1b: Kommo-o|Clanging Scales|p2a: Espathra|[spread] p2a,p2b\n|-crit|p2a: Espathra\n|-damage|p2a: Espathra|0 fnt\n|-damage|p2b: Greninja|51/100\n|faint|p2a: Espathra\n|-unboost|p1b: Kommo-o|def|1\n|\n|-heal|p1b: Kommo-o|25/100|[from] item: Leftovers\n|upkeep\n|\n|t:|1776299931\n|switch|p2a: Charizard|Charizard, L50, F, shiny|100/100\n|turn|3\n|c| TimLikesTrains|Normal type greninja\n|\n|t:|1776299946\n|detailschange|p2a: Charizard|Charizard-Mega-Y, L50, F, shiny\n|-mega|p2a: Charizard|Charizard|Charizardite Y\n|-weather|SunnyDay|[from] ability: Drought|[of] p2a: Charizard\n|move|p2b: Greninja|Weather Ball|p1b: Kommo-o\n|-immune|p1b: Kommo-o|[from] ability: Bulletproof\n|move|p2a: Charizard|Weather Ball|p1a: Aegislash\n|-supereffective|p1a: Aegislash|1\n|-damage|p1a: Aegislash|0 fnt\n|faint|p1a: Aegislash\n|move|p1b: Kommo-o|Clanging Scales|p2b: Greninja|[spread] p2a,p2b\n|-damage|p2a: Charizard|72/100\n|-damage|p2b: Greninja|8/100\n|-unboost|p1b: Kommo-o|def|1\n|\n|-weather|SunnyDay|[upkeep]\n|-heal|p1b: Kommo-o|31/100|[from] item: Leftovers\n|upkeep\n|c| TimLikesTrains|Lmaooo\n|c|\u2606Blaze Gol D Blade|im such a chud\n|\n|t:|1776299961\n|switch|p1a: Rotom|Rotom-Wash, L50|64/100\n|turn|4\n|\n|t:|1776299973\n|move|p2a: Charizard|Protect|p2a: Charizard\n|-singleturn|p2a: Charizard|Protect\n|move|p1b: Kommo-o|Protect|p1b: Kommo-o\n|-singleturn|p1b: Kommo-o|Protect\n|move|p2b: Greninja|Dark Pulse|p1b: Kommo-o\n|-activate|p1b: Kommo-o|move: Protect\n|move|p1a: Rotom|Thunderbolt|p2a: Charizard\n|-activate|p2a: Charizard|move: Protect\n|\n|-weather|SunnyDay|[upkeep]\n|-heal|p1b: Kommo-o|37/100|[from] item: Leftovers\n|upkeep\n|turn|5\n|\n|t:|1776299990\n|move|p2b: Greninja|Dark Pulse|p1a: Rotom\n|-damage|p1a: Rotom|38/100\n|move|p1a: Rotom|Thunderbolt|p2a: Charizard\n|-supereffective|p2a: Charizard|1\n|-damage|p2a: Charizard|0 fnt\n|faint|p2a: Charizard\n|move|p1b: Kommo-o|Flamethrower|p2b: Greninja\n|-damage|p2b: Greninja|0 fnt\n|faint|p2b: Greninja\n|\n|-weather|SunnyDay|[upkeep]\n|-heal|p1b: Kommo-o|43/100|[from] item: Leftovers\n|upkeep\n|c| TimLikesTrains|Blaze might be ass\n|\n|t:|1776300028\n|switch|p2b: Dragapult|Dragapult, L50, F|100/100\n|turn|6\n|\n|t:|1776300055\n|move|p2b: Dragapult|Shadow Ball|p1a: Rotom\n|-damage|p1a: Rotom|0 fnt\n|faint|p1a: Rotom\n|move|p1b: Kommo-o|Clanging Scales|p2b: Dragapult\n|-supereffective|p2b: Dragapult|1\n|-damage|p2b: Dragapult|0 fnt\n|faint|p2b: Dragapult\n|\n|win|DannyMelon\n|l|\u2606Blaze Gol D Blade\n|player|p2|\n|l|\u2606DannyMelon\n|player|p1|\n|l| TimLikesTrains\n|j| TimLikesTrains\n|l| TimLikesTrains\n|l| Nooodles080\n|j|\u2606DannyMelon\n|player|p1|DannyMelon|crasherwake|\n|l|\u2606DannyMelon\n|player|p1|\n|j|\u2606DannyMelon\n|player|p1|DannyMelon|crasherwake|\n",
  "uploadtime": 1776300060,
  "views": 51,
  "formatid": "gen9championsvgc2026regma",
  "rating": null,
  "private": 0,
  "password": null
}