{
  "id": "gen9championsvgc2026regma-2587137107",
  "format": "[Gen 9 Champions] VGC 2026 Reg M-A",
  "players": [
    "Resok",
    "TheBallistic1"
  ],
  "log": "|j|\u2606Resok\n|j|\u2606TheBallistic1\n|t:|1776498783\n|gametype|doubles\n|player|p1|Resok|170|1061\n|player|p2|TheBallistic1|colress|1068\n|gen|9\n|tier|[Gen 9 Champions] VGC 2026 Reg M-A\n|rated|\n|rule|Species Clause: Limit one of each Pok\u00e9mon\n|rule|Item Clause: Limit 1 of each item\n|clearpoke\n|poke|p1|Farigiraf, L50, F|\n|poke|p1|Charizard, L50, F|\n|poke|p1|Venusaur, L50, M|\n|poke|p1|Sneasler, L50, F|\n|poke|p1|Garchomp, L50, M|\n|poke|p1|Gengar, L50, F|\n|poke|p2|Floette-Eternal, L50, F|\n|poke|p2|Sneasler, L50, M|\n|poke|p2|Milotic, L50, F|\n|poke|p2|Incineroar, L50, F|\n|poke|p2|Sinistcha, L50|\n|poke|p2|Garchomp, L50, M|\n|teampreview|4\n|inactive|Battle timer is ON: inactive players will automatically lose when time's up. (requested by Resok)\n|\n|t:|1776498810\n|teamsize|p1|4\n|teamsize|p2|4\n|start\n|switch|p1a: Charizard|Charizard, L50, F|100/100\n|switch|p1b: Venusaur|Venusaur, L50, M|100/100\n|switch|p2a: Milotic|Milotic, L50, F|100/100\n|switch|p2b: Sneasler|Sneasler, L50, M|100/100\n|turn|1\n|\n|t:|1776498826\n|move|p1a: Charizard|Protect|p1a: Charizard\n|-singleturn|p1a: Charizard|Protect\n|move|p1b: Venusaur|Protect|p1b: Venusaur\n|-singleturn|p1b: Venusaur|Protect\n|move|p2b: Sneasler|Fake Out|p1a: Charizard\n|-activate|p1a: Charizard|move: Protect\n|move|p2a: Milotic|Scald|p1a: Charizard\n|-activate|p1a: Charizard|move: Protect\n|\n|upkeep\n|turn|2\n|\n|t:|1776498844\n|detailschange|p1a: Charizard|Charizard-Mega-Y, L50, F\n|-mega|p1a: Charizard|Charizard|Charizardite Y\n|-weather|SunnyDay|[from] ability: Drought|[of] p1a: Charizard\n|move|p1b: Venusaur|Sleep Powder|p2b: Sneasler\n|-status|p2b: Sneasler|slp|[from] move: Sleep Powder\n|cant|p2b: Sneasler|slp\n|move|p1a: Charizard|Solar Beam||[still]\n|-prepare|p1a: Charizard|Solar Beam\n|-anim|p1a: Charizard|Solar Beam|p2a: Milotic\n|-supereffective|p2a: Milotic|1\n|-damage|p2a: Milotic|23/100\n|move|p2a: Milotic|Scald|p1a: Charizard\n|-supereffective|p1a: Charizard|1\n|-damage|p1a: Charizard|60/100\n|\n|-weather|SunnyDay|[upkeep]\n|-heal|p2a: Milotic|29/100|[from] item: Leftovers\n|upkeep\n|turn|3\n|inactive|Resok has 30 seconds left.\n|\n|t:|1776498870\n|switch|p2a: Sinistcha|Sinistcha, L50|100/100\n|move|p1b: Venusaur|Giga Drain|p2a: Sinistcha\n|-resisted|p2a: Sinistcha|1\n|-crit|p2a: Sinistcha\n|-damage|p2a: Sinistcha|67/100\n|-curestatus|p2b: Sneasler|slp|[msg]\n|move|p2b: Sneasler|Dire Claw|p1a: Charizard\n|-damage|p1a: Charizard|0 fnt\n|faint|p1a: Charizard\n|\n|-weather|SunnyDay|[upkeep]\n|upkeep\n|\n|t:|1776498888\n|switch|p1a: Sneasler|Sneasler, L50, F|100/100\n|turn|4\n|\n|t:|1776498896\n|switch|p2b: Milotic|Milotic, L50, F|29/100\n|move|p1b: Venusaur|Sleep Powder|p2b: Milotic\n|-status|p2b: Milotic|slp|[from] move: Sleep Powder\n|move|p1a: Sneasler|Dire Claw|p2a: Sinistcha\n|-damage|p2a: Sinistcha|31/100\n|move|p2a: Sinistcha|Matcha Gotcha|p1a: Sneasler|[spread] p1a,p1b\n|-resisted|p1a: Sneasler|1\n|-resisted|p1b: Venusaur|2\n|-damage|p1a: Sneasler|83/100\n|-heal|p2a: Sinistcha|40/100|[from] drain|[of] p1a: Sneasler\n|-damage|p1b: Venusaur|93/100\n|-heal|p2a: Sinistcha|44/100|[from] drain|[of] p1b: Venusaur\n|-status|p1a: Sneasler|brn\n|\n|-weather|SunnyDay|[upkeep]\n|-heal|p2b: Milotic|35/100 slp|[from] item: Leftovers\n|-damage|p1a: Sneasler|78/100 brn|[from] brn\n|upkeep\n|turn|5\n|\n|t:|1776498918\n|move|p2a: Sinistcha|Protect|p2a: Sinistcha\n|-singleturn|p2a: Sinistcha|Protect\n|move|p1b: Venusaur|Giga Drain|p2b: Milotic\n|-supereffective|p2b: Milotic|1\n|-damage|p2b: Milotic|0 fnt\n|-heal|p1b: Venusaur|100/100|[from] drain|[of] p2b: Milotic\n|faint|p2b: Milotic\n|move|p1a: Sneasler|Dire Claw|p2a: Sinistcha\n|-activate|p2a: Sinistcha|move: Protect\n|\n|-weather|SunnyDay|[upkeep]\n|-damage|p1a: Sneasler|72/100 brn|[from] brn\n|upkeep\n|\n|t:|1776498926\n|switch|p2b: Floette|Floette-Eternal, L50, F|100/100\n|turn|6\n|\n|t:|1776498939\n|detailschange|p2b: Floette|Floette-Mega, L50, F\n|-mega|p2b: Floette|Floette|Floettite\n|-ability|p2b: Floette|Fairy Aura\n|move|p2a: Sinistcha|Rage Powder|p2a: Sinistcha\n|-singleturn|p2a: Sinistcha|move: Rage Powder\n|move|p1b: Venusaur|Sleep Powder|p2b: Floette|[miss]\n|-miss|p1b: Venusaur|p2b: Floette\n|move|p1a: Sneasler|Dire Claw|p2a: Sinistcha\n|-crit|p2a: Sinistcha\n|-damage|p2a: Sinistcha|14/100\n|-status|p2a: Sinistcha|psn\n|move|p2b: Floette|Dazzling Gleam|p1b: Venusaur|[spread] p1a,p1b\n|-resisted|p1b: Venusaur|1\n|-damage|p1a: Sneasler|3/100 brn\n|-damage|p1b: Venusaur|75/100\n|\n|-weather|none\n|-damage|p2a: Sinistcha|2/100 psn|[from] psn\n|-damage|p1a: Sneasler|0 fnt|[from] brn\n|faint|p1a: Sneasler\n|upkeep\n|\n|t:|1776498960\n|switch|p1a: Gengar|Gengar, L50, F|100/100\n|turn|7\n|l|\u2606Resok\n|inactive|Resok disconnected and has a minute to reconnect!\n|player|p1|\n|inactive|Resok has 30 seconds left.\n|j|\u2606Resok\n|inactive|Resok reconnected and has 30 seconds left.\n|player|p1|Resok|170|\n|\n|t:|1776498993\n|move|p2a: Sinistcha|Rage Powder|p2a: Sinistcha\n|-singleturn|p2a: Sinistcha|move: Rage Powder\n|move|p1a: Gengar|Sludge Bomb|p2a: Sinistcha\n|-damage|p2a: Sinistcha|0 fnt\n|faint|p2a: Sinistcha\n|move|p2b: Floette|Dazzling Gleam|p1b: Venusaur|[spread] p1a,p1b\n|-resisted|p1a: Gengar|1\n|-resisted|p1b: Venusaur|1\n|-damage|p1a: Gengar|65/100\n|-damage|p1b: Venusaur|51/100\n|move|p1b: Venusaur|Sleep Powder|p2b: Floette|[miss]\n|-miss|p1b: Venusaur|p2b: Floette\n|\n|upkeep\n|\n|t:|1776499007\n|switch|p2a: Sneasler|Sneasler, L50, M|100/100\n|turn|8\n|\n|t:|1776499029\n|move|p1b: Venusaur|Protect|p1b: Venusaur\n|-singleturn|p1b: Venusaur|Protect\n|move|p2a: Sneasler|Fake Out|p1b: Venusaur\n|-activate|p1b: Venusaur|move: Protect\n|move|p1a: Gengar|Icy Wind|p2a: Sneasler|[spread] p2a,p2b\n|-crit|p2b: Floette\n|-damage|p2a: Sneasler|79/100\n|-damage|p2b: Floette|82/100\n|-unboost|p2a: Sneasler|spe|1\n|-unboost|p2b: Floette|spe|1\n|-enditem|p2a: Sneasler|White Herb\n|-clearnegativeboost|p2a: Sneasler|[silent]\n|move|p2b: Floette|Dazzling Gleam|p1a: Gengar|[spread] p1a\n|-activate|p1b: Venusaur|move: Protect\n|-resisted|p1a: Gengar|1\n|-damage|p1a: Gengar|28/100\n|\n|upkeep\n|turn|9\n|inactive|Resok has 30 seconds left.\n|\n|t:|1776499055\n|move|p2a: Sneasler|Close Combat|p1b: Venusaur\n|-resisted|p1b: Venusaur|1\n|-damage|p1b: Venusaur|9/100\n|-unboost|p2a: Sneasler|def|1\n|-unboost|p2a: Sneasler|spd|1\n|move|p1a: Gengar|Sludge Bomb|p2b: Floette\n|-supereffective|p2b: Floette|1\n|-damage|p2b: Floette|9/100\n|move|p1b: Venusaur|Sleep Powder|p2a: Sneasler\n|-status|p2a: Sneasler|slp|[from] move: Sleep Powder\n|move|p2b: Floette|Moonblast|p1a: Gengar\n|-resisted|p1a: Gengar|1\n|-damage|p1a: Gengar|0 fnt\n|-start|p2b: Floette|Disable|Moonblast|[from] ability: Cursed Body|[of] p1a: Gengar\n|faint|p1a: Gengar\n|\n|upkeep\n|turn|10\n|\n|t:|1776499067\n|cant|p2a: Sneasler|slp\n|move|p1b: Venusaur|Giga Drain|p2b: Floette\n|-damage|p2b: Floette|0 fnt\n|-heal|p1b: Venusaur|13/100|[from] drain|[of] p2b: Floette\n|faint|p2b: Floette\n|\n|upkeep\n|turn|11\n|\n|t:|1776499074\n|cant|p2a: Sneasler|slp\n|move|p1b: Venusaur|Giga Drain|p2a: Sneasler\n|-resisted|p2a: Sneasler|1\n|-damage|p2a: Sneasler|38/100 slp\n|-heal|p1b: Venusaur|34/100|[from] drain|[of] p2a: Sneasler\n|\n|upkeep\n|turn|12\n|\n|t:|1776499081\n|-curestatus|p2a: Sneasler|slp|[msg]\n|move|p2a: Sneasler|Close Combat|p1b: Venusaur\n|-resisted|p1b: Venusaur|1\n|-damage|p1b: Venusaur|0 fnt\n|-unboost|p2a: Sneasler|def|1\n|-unboost|p2a: Sneasler|spd|1\n|faint|p1b: Venusaur\n|\n|win|TheBallistic1\n|raw|Resok's rating: 1061 &rarr; <strong>1042</strong><br />(-19 for losing)\n|raw|TheBallistic1's rating: 1068 &rarr; <strong>1097</strong><br />(+29 for winning)\n",
  "uploadtime": 1776499085,
  "views": 21,
  "formatid": "gen9championsvgc2026regma",
  "rating": 1042,
  "private": 0,
  "password": null
}