{
  "id": "gen9championsvgc2026regma-2587989124",
  "format": "[Gen 9 Champions] VGC 2026 Reg M-A",
  "players": [
    "Niko highway",
    "SunTufo"
  ],
  "log": "|j|\u2606Niko highway\n|j|\u2606SunTufo\n|t:|1776589419\n|gametype|doubles\n|player|p1|Niko highway|1|1386\n|player|p2|SunTufo|li|1351\n|gen|9\n|tier|[Gen 9 Champions] VGC 2026 Reg M-A\n|rated|\n|rule|Species Clause: Limit one of each Pok\u00e9mon\n|rule|Item Clause: Limit 1 of each item\n|clearpoke\n|poke|p1|Skarmory, L50, M|\n|poke|p1|Sneasler, L50, F|\n|poke|p1|Milotic, L50, M|\n|poke|p1|Hydreigon, L50, M|\n|poke|p1|Tsareena, L50, F|\n|poke|p1|Rotom-Heat, L50|\n|poke|p2|Froslass, L50, F, shiny|\n|poke|p2|Milotic, L50, F, shiny|\n|poke|p2|Sneasler, L50, M, shiny|\n|poke|p2|Rotom-Frost, L50|\n|poke|p2|Goodra-Hisui, L50, M, shiny|\n|poke|p2|Incineroar, L50, M, shiny|\n|teampreview|4\n|inactive|Battle timer is ON: inactive players will automatically lose when time's up. (requested by SunTufo)\n|\n|t:|1776589446\n|teamsize|p1|4\n|teamsize|p2|4\n|start\n|switch|p1a: Sneasler|Sneasler, L50, F|100/100\n|switch|p1b: Skarmory|Skarmory, L50, M|100/100\n|switch|p2a: Froslass|Froslass, L50, F, shiny|100/100\n|switch|p2b: Rotom|Rotom-Frost, L50|100/100\n|turn|1\n|\n|t:|1776589465\n|detailschange|p2a: Froslass|Froslass-Mega, L50, F, shiny\n|-mega|p2a: Froslass|Froslass|Froslassite\n|-weather|Snowscape|[from] ability: Snow Warning|[of] p2a: Froslass\n|detailschange|p1b: Skarmory|Skarmory-Mega, L50, M\n|-mega|p1b: Skarmory|Skarmory|Skarmorite\n|move|p1a: Sneasler|Fake Out|p2b: Rotom\n|-damage|p2b: Rotom|88/100\n|cant|p2b: Rotom|flinch\n|move|p2a: Froslass|Aurora Veil|p2a: Froslass\n|-sidestart|p2: SunTufo|move: Aurora Veil\n|move|p1b: Skarmory|Iron Head|p2a: Froslass\n|-supereffective|p2a: Froslass|1\n|-damage|p2a: Froslass|27/100\n|\n|-weather|Snowscape|[upkeep]\n|upkeep\n|turn|2\n|\n|t:|1776589486\n|move|p2b: Rotom|Blizzard|p1b: Skarmory|[spread] p1a,p1b\n|-crit|p1b: Skarmory\n|-damage|p1a: Sneasler|50/100\n|-damage|p1b: Skarmory|39/100\n|move|p2a: Froslass|Blizzard|p1a: Sneasler|[spread] p1a,p1b\n|-damage|p1a: Sneasler|0 fnt\n|-damage|p1b: Skarmory|0 fnt\n|faint|p1a: Sneasler\n|faint|p1b: Skarmory\n|\n|-weather|Snowscape|[upkeep]\n|upkeep\n|\n|t:|1776589491\n|switch|p1a: Milotic|Milotic, L50, M|100/100\n|switch|p1b: Hydreigon|Hydreigon, L50, M|100/100\n|turn|3\n|\n|t:|1776589500\n|move|p1b: Hydreigon|Snarl|p2a: Froslass|[spread] p2a,p2b\n|-supereffective|p2a: Froslass|1\n|-damage|p2a: Froslass|0 fnt\n|-damage|p2b: Rotom|67/100\n|-unboost|p2b: Rotom|spa|1\n|faint|p2a: Froslass\n|move|p2b: Rotom|Blizzard|p1b: Hydreigon|[spread] p1a,p1b\n|-resisted|p1a: Milotic|1\n|-supereffective|p1b: Hydreigon|1\n|-damage|p1a: Milotic|92/100\n|-damage|p1b: Hydreigon|43/100\n|move|p1a: Milotic|Scald|p2b: Rotom\n|-damage|p2b: Rotom|42/100\n|\n|-weather|Snowscape|[upkeep]\n|-heal|p1a: Milotic|98/100|[from] item: Leftovers\n|upkeep\n|\n|t:|1776589504\n|switch|p2a: Milotic|Milotic, L50, F, shiny|100/100\n|turn|4\n|\n|t:|1776589510\n|switch|p2b: Sneasler|Sneasler, L50, M, shiny|100/100\n|move|p1b: Hydreigon|Snarl|p2b: Sneasler|[spread] p2a,p2b\n|-resisted|p2b: Sneasler|1\n|-damage|p2a: Milotic|89/100\n|-damage|p2b: Sneasler|91/100\n|-unboost|p2a: Milotic|spa|1\n|-ability|p2a: Milotic|Competitive|boost\n|-boost|p2a: Milotic|spa|2\n|-unboost|p2b: Sneasler|spa|1\n|-enditem|p2b: Sneasler|White Herb\n|-clearnegativeboost|p2b: Sneasler|[silent]\n|move|p2a: Milotic|Muddy Water|p1b: Hydreigon|[spread] p1a,p1b\n|-resisted|p1a: Milotic|1\n|-resisted|p1b: Hydreigon|1\n|-damage|p1a: Milotic|81/100\n|-damage|p1b: Hydreigon|14/100\n|move|p1a: Milotic|Scald|p2b: Sneasler\n|-damage|p2b: Sneasler|67/100\n|\n|-weather|Snowscape|[upkeep]\n|-heal|p1a: Milotic|87/100|[from] item: Leftovers\n|upkeep\n|turn|5\n|-message|Niko highway forfeited.\n|\n|win|SunTufo\n|raw|Niko highway's rating: 1386 &rarr; <strong>1364</strong><br />(-22 for losing)\n|raw|SunTufo's rating: 1351 &rarr; <strong>1373</strong><br />(+22 for winning)\n|l|\u2606Niko highway\n|player|p1|\n",
  "uploadtime": 1776589516,
  "views": 30,
  "formatid": "gen9championsvgc2026regma",
  "rating": 1364,
  "private": 0,
  "password": null
}