{
  "id": "gen9championsvgc2026regma-2584886912",
  "format": "[Gen 9 Champions] VGC 2026 Reg M-A",
  "players": [
    "filipe lllll",
    "Pantoskywalker"
  ],
  "log": "|j|\u2606filipe lllll\n|j|\u2606Pantoskywalker\n|t:|1776291630\n|gametype|doubles\n|player|p1|filipe lllll|265|1095\n|player|p2|Pantoskywalker|1|1124\n|gen|9\n|tier|[Gen 9 Champions] VGC 2026 Reg M-A\n|rated|\n|rule|Species Clause: Limit one of each Pok\u00e9mon\n|rule|Item Clause: Limit 1 of each item\n|clearpoke\n|poke|p1|Slowking-Galar, L50, F|\n|poke|p1|Ninetales-Alola, L50, M|\n|poke|p1|Kingambit, L50, F|\n|poke|p1|Altaria, L50, F|\n|poke|p1|Charizard, L50, F|\n|poke|p1|Kangaskhan, L50, F|\n|poke|p2|Glimmora, L50, F|\n|poke|p2|Whimsicott, L50, F|\n|poke|p2|Sinistcha, L50|\n|poke|p2|Incineroar, L50, M|\n|poke|p2|Archaludon, L50, M|\n|poke|p2|Tauros-Paldea-Aqua, L50, M|\n|teampreview|4\n|\n|t:|1776291677\n|teamsize|p1|4\n|teamsize|p2|4\n|start\n|switch|p1a: Ninetales|Ninetales-Alola, L50, M|100/100\n|switch|p1b: Kangaskhan|Kangaskhan, L50, F|100/100\n|switch|p2a: Glimmora|Glimmora, L50, F|100/100\n|switch|p2b: Whimsicott|Whimsicott, L50, F|100/100\n|-weather|Snowscape|[from] ability: Snow Warning|[of] p1a: Ninetales\n|turn|1\n|\n|t:|1776291711\n|detailschange|p1b: Kangaskhan|Kangaskhan-Mega, L50, F\n|-mega|p1b: Kangaskhan|Kangaskhan|Kangaskhanite\n|detailschange|p2a: Glimmora|Glimmora-Mega, L50, F\n|-mega|p2a: Glimmora|Glimmora|Glimmoranite\n|move|p1b: Kangaskhan|Fake Out|p2b: Whimsicott\n|-damage|p2b: Whimsicott|66/100\n|-damage|p2b: Whimsicott|60/100\n|-hitcount|p2b: Whimsicott|2\n|cant|p2b: Whimsicott|flinch\n|move|p1a: Ninetales|Aurora Veil|p1a: Ninetales\n|-sidestart|p1: filipe lllll|move: Aurora Veil\n|move|p2a: Glimmora|Sludge Bomb|p1a: Ninetales\n|-supereffective|p1a: Ninetales|1\n|-damage|p1a: Ninetales|0 fnt\n|faint|p1a: Ninetales\n|\n|-weather|Snowscape|[upkeep]\n|upkeep\n|\n|t:|1776291733\n|switch|p1a: Slowking|Slowking-Galar, L50, F|100/100\n|turn|2\n|\n|t:|1776291765\n|move|p1b: Kangaskhan|Protect|p1b: Kangaskhan\n|-singleturn|p1b: Kangaskhan|Protect\n|move|p2a: Glimmora|Protect|p2a: Glimmora\n|-singleturn|p2a: Glimmora|Protect\n|move|p2b: Whimsicott|Tailwind|p2b: Whimsicott\n|-sidestart|p2: Pantoskywalker|move: Tailwind\n|move|p1a: Slowking|Sludge Bomb|p2b: Whimsicott\n|-supereffective|p2b: Whimsicott|2\n|-damage|p2b: Whimsicott|0 fnt\n|faint|p2b: Whimsicott\n|\n|-weather|Snowscape|[upkeep]\n|upkeep\n|\n|t:|1776291781\n|switch|p2b: Incineroar|Incineroar, L50, M|100/100\n|-ability|p2b: Incineroar|Intimidate|boost\n|-unboost|p1a: Slowking|atk|1\n|-unboost|p1b: Kangaskhan|atk|1\n|turn|3\n|\n|t:|1776291809\n|switch|p1b: Altaria|Altaria, L50, F|100/100\n|-ability|p1b: Altaria|Cloud Nine\n|move|p2b: Incineroar|Fake Out|p1b: Altaria\n|-damage|p1b: Altaria|93/100\n|move|p2a: Glimmora|Power Gem|p1b: Altaria\n|-supereffective|p1b: Altaria|1\n|-damage|p1b: Altaria|7/100\n|move|p1a: Slowking|Future Sight|p2a: Glimmora\n|-start|p1a: Slowking|move: Future Sight\n|\n|-weather|Snowscape|[upkeep]\n|upkeep\n|turn|4\n|\n|t:|1776291853\n|move|p1b: Altaria|Protect|p1b: Altaria\n|-singleturn|p1b: Altaria|Protect\n|move|p2a: Glimmora|Power Gem|p1a: Slowking\n|-damage|p1a: Slowking|73/100\n|move|p2b: Incineroar|Flare Blitz|p1b: Altaria\n|-activate|p1b: Altaria|move: Protect\n|move|p1a: Slowking|Sludge Bomb|p2b: Incineroar\n|-damage|p2b: Incineroar|60/100\n|-status|p2b: Incineroar|psn\n|\n|-weather|Snowscape|[upkeep]\n|-damage|p2b: Incineroar|48/100 psn|[from] psn\n|upkeep\n|-enditem|p2b: Incineroar|Sitrus Berry|[eat]\n|-heal|p2b: Incineroar|73/100 psn|[from] item: Sitrus Berry\n|turn|5\n|\n|t:|1776291885\n|switch|p1b: Kangaskhan|Kangaskhan-Mega, L50, F|100/100\n|move|p2a: Glimmora|Power Gem|p1a: Slowking\n|-damage|p1a: Slowking|46/100\n|move|p2b: Incineroar|Flare Blitz|p1b: Kangaskhan\n|-damage|p1b: Kangaskhan|58/100\n|-damage|p2b: Incineroar|59/100 psn|[from] Recoil\n|move|p1a: Slowking|Sludge Bomb|p2b: Incineroar\n|-damage|p2b: Incineroar|23/100 psn\n|\n|-weather|none\n|-end|p2a: Glimmora|move: Future Sight\n|-supereffective|p2a: Glimmora|1\n|-damage|p2a: Glimmora|3/100\n|-damage|p2b: Incineroar|11/100 psn|[from] psn\n|-sideend|p2: Pantoskywalker|move: Tailwind\n|-sideend|p1: filipe lllll|move: Aurora Veil\n|upkeep\n|turn|6\n|\n|t:|1776291914\n|move|p2a: Glimmora|Protect|p2a: Glimmora\n|-singleturn|p2a: Glimmora|Protect\n|move|p1b: Kangaskhan|Fake Out|p2b: Incineroar\n|-damage|p2b: Incineroar|0 fnt\n|faint|p2b: Incineroar\n|-hitcount|p2: Incineroar|1\n|move|p1a: Slowking|Slack Off|p1a: Slowking\n|-heal|p1a: Slowking|96/100\n|\n|upkeep\n|\n|t:|1776291919\n|switch|p2b: Tauros|Tauros-Paldea-Aqua, L50, M|100/100\n|-ability|p2b: Tauros|Intimidate|boost\n|-unboost|p1a: Slowking|atk|1\n|-unboost|p1b: Kangaskhan|atk|1\n|turn|7\n|\n|t:|1776291948\n|move|p1b: Kangaskhan|Protect|p1b: Kangaskhan\n|-singleturn|p1b: Kangaskhan|Protect\n|move|p2a: Glimmora|Power Gem|p1a: Slowking\n|-damage|p1a: Slowking|57/100\n|move|p2b: Tauros|Close Combat|p1b: Kangaskhan\n|-activate|p1b: Kangaskhan|move: Protect\n|move|p1a: Slowking|Future Sight|p2b: Tauros\n|-start|p1a: Slowking|move: Future Sight\n|\n|upkeep\n|turn|8\n|inactive|Battle timer is ON: inactive players will automatically lose when time's up. (requested by Pantoskywalker)\n|\n|t:|1776291971\n|switch|p1b: Altaria|Altaria, L50, F|7/100\n|-ability|p1b: Altaria|Cloud Nine\n|move|p2a: Glimmora|Power Gem|p1a: Slowking\n|-damage|p1a: Slowking|13/100\n|move|p2b: Tauros|Close Combat|p1b: Altaria\n|-resisted|p1b: Altaria|1\n|-damage|p1b: Altaria|0 fnt\n|-unboost|p2b: Tauros|def|1\n|-unboost|p2b: Tauros|spd|1\n|faint|p1b: Altaria\n|move|p1a: Slowking|Slack Off|p1a: Slowking\n|-heal|p1a: Slowking|63/100\n|\n|upkeep\n|\n|t:|1776291987\n|switch|p1b: Kangaskhan|Kangaskhan-Mega, L50, F|58/100\n|turn|9\n|\n|t:|1776292000\n|move|p2b: Tauros|Protect|p2b: Tauros\n|-singleturn|p2b: Tauros|Protect\n|move|p1b: Kangaskhan|Fake Out|p2a: Glimmora\n|-resisted|p2a: Glimmora|1\n|-damage|p2a: Glimmora|0 fnt\n|faint|p2a: Glimmora\n|-hitcount|p2: Glimmora|1\n|move|p1a: Slowking|Sludge Bomb|p2b: Tauros\n|-activate|p2b: Tauros|move: Protect\n|\n|-end|p2b: Tauros|move: Future Sight\n|-supereffective|p2b: Tauros|1\n|-crit|p2b: Tauros\n|-damage|p2b: Tauros|0 fnt\n|faint|p2b: Tauros\n|\n|win|filipe lllll\n|raw|filipe lllll's rating: 1095 &rarr; <strong>1123</strong><br />(+28 for winning)\n|raw|Pantoskywalker's rating: 1124 &rarr; <strong>1097</strong><br />(-27 for losing)\n|l|\u2606Pantoskywalker\n|player|p2|\n",
  "uploadtime": 1776292130,
  "views": 20,
  "formatid": "gen9championsvgc2026regma",
  "rating": 1097,
  "private": 0,
  "password": null
}