{
  "id": "gen9championsvgc2026regma-2585826852",
  "format": "[Gen 9 Champions] VGC 2026 Reg M-A",
  "players": [
    "Directeur Ian",
    "Arkhyr"
  ],
  "log": "|j|\u2606Directeur Ian\n|j|\u2606Arkhyr\n|html|<table width=\"100%\"><tr><td align=\"left\">Directeur Ian</td><td align=\"right\">Arkhyr</tr><tr><td align=\"left\"><i class=\"fa fa-circle-o\"></i> <i class=\"fa fa-circle-o\"></i> </td><td align=\"right\"><i class=\"fa fa-circle-o\"></i> <i class=\"fa fa-circle\"></i> </tr></table>\n|uhtml|bestof|<h2><strong>Game 2</strong> of <a href=\"/game-bestof3-gen9championsvgc2026regma-2585820165\">a best-of-3</a></h2>\n|t:|1776373560\n|gametype|doubles\n|player|p1|Directeur Ian|gentleman-gen4|\n|player|p2|Arkhyr|lusamine-nihilego|\n|gen|9\n|tier|[Gen 9 Champions] VGC 2026 Reg M-A\n|rule|Species Clause: Limit one of each Pok\u00e9mon\n|rule|Item Clause: Limit 1 of each item\n|raw|<div class=\"infobox\"><details class=\"readmore\" open><summary><strong>1 custom rule:</strong></summary> Best of = 3</details></div>\n|clearpoke\n|poke|p1|Sinistcha, L50|\n|poke|p1|Maushold, L50|\n|poke|p1|Aerodactyl, L50, M|\n|poke|p1|Weavile, L50, M|\n|poke|p1|Emboar, L50, F|\n|poke|p1|Mudsdale, L50, F|\n|poke|p2|Tauros-Paldea-Aqua, L50, M|\n|poke|p2|Floette-Eternal, L50, F|\n|poke|p2|Crabominable, L50, M|\n|poke|p2|Oranguru, L50, F|\n|poke|p2|Incineroar, L50, F|\n|poke|p2|Zoroark-Hisui, L50, F|\n|teampreview|4\n|\n|t:|1776373599\n|teamsize|p1|4\n|teamsize|p2|4\n|start\n|switch|p1a: Sinistcha|Sinistcha, L50|100/100\n|switch|p1b: Aerodactyl|Aerodactyl, L50, M|100/100\n|switch|p2a: Tauros|Tauros-Paldea-Aqua, L50, M|100/100\n|switch|p2b: Floette|Floette-Eternal, L50, F|100/100\n|-ability|p1b: Aerodactyl|Unnerve\n|-ability|p2a: Tauros|Intimidate|boost\n|-unboost|p1a: Sinistcha|atk|1\n|-unboost|p1b: Aerodactyl|atk|1\n|turn|1\n|\n|t:|1776373624\n|detailschange|p1b: Aerodactyl|Aerodactyl-Mega, L50, M\n|-mega|p1b: Aerodactyl|Aerodactyl|Aerodactylite\n|move|p1b: Aerodactyl|Protect|p1b: Aerodactyl\n|-singleturn|p1b: Aerodactyl|Protect\n|move|p2b: Floette|Shadow Ball|p1a: Sinistcha\n|-supereffective|p1a: Sinistcha|1\n|-damage|p1a: Sinistcha|0 fnt\n|faint|p1a: Sinistcha\n|move|p2a: Tauros|Raging Bull|p1b: Aerodactyl\n|-activate|p1b: Aerodactyl|move: Protect\n|\n|upkeep\n|\n|t:|1776373635\n|switch|p1a: Maushold|Maushold, L50|100/100\n|turn|2\n|\n|t:|1776373652\n|switch|p2b: Incineroar|Incineroar, L50, F|100/100\n|-ability|p2b: Incineroar|Intimidate|boost\n|-unboost|p1a: Maushold|atk|1\n|-unboost|p1b: Aerodactyl|atk|1\n|move|p2a: Tauros|Protect|p2a: Tauros\n|-singleturn|p2a: Tauros|Protect\n|move|p1a: Maushold|Follow Me|p1a: Maushold\n|-singleturn|p1a: Maushold|move: Follow Me\n|move|p1b: Aerodactyl|Dual Wingbeat|p2a: Tauros\n|-activate|p2a: Tauros|move: Protect\n|\n|upkeep\n|turn|3\n|\n|t:|1776373689\n|switch|p1b: Mudsdale|Mudsdale, L50, F|100/100\n|switch|p2b: Floette|Floette-Eternal, L50, F|100/100\n|move|p1a: Maushold|Protect|p1a: Maushold\n|-singleturn|p1a: Maushold|Protect\n|move|p2a: Tauros|Close Combat|p1a: Maushold\n|-activate|p1a: Maushold|move: Protect\n|\n|upkeep\n|turn|4\n|\n|t:|1776373736\n|move|p1a: Maushold|Follow Me|p1a: Maushold\n|-singleturn|p1a: Maushold|move: Follow Me\n|move|p2b: Floette|Hyper Voice|p1a: Maushold|[spread] p1a,p1b\n|-damage|p1a: Maushold|57/100\n|-damage|p1b: Mudsdale|81/100\n|-ability|p1b: Mudsdale|Stamina|boost\n|-boost|p1b: Mudsdale|def|1\n|move|p2a: Tauros|Raging Bull|p1a: Maushold\n|-damage|p1a: Maushold|0 fnt\n|faint|p1a: Maushold\n|move|p1b: Mudsdale|Rock Slide|p2a: Tauros|[spread] p2a,p2b\n|-resisted|p2a: Tauros|1\n|-damage|p2a: Tauros|93/100\n|-damage|p2b: Floette|70/100\n|replace|p2b: Zoroark|Zoroark-Hisui, L50, F\n|-end|p2b: Zoroark|Illusion\n|\n|-heal|p1b: Mudsdale|87/100|[from] item: Leftovers\n|upkeep\n|\n|t:|1776373750\n|switch|p1a: Aerodactyl|Aerodactyl-Mega, L50, M|100/100\n|turn|5\n|\n|t:|1776373772\n|switch|p2b: Incineroar|Incineroar, L50, F|100/100\n|-ability|p2b: Incineroar|Intimidate|boost\n|-unboost|p1a: Aerodactyl|atk|1\n|-unboost|p1b: Mudsdale|atk|1\n|move|p2a: Tauros|Protect|p2a: Tauros\n|-singleturn|p2a: Tauros|Protect\n|move|p1a: Aerodactyl|Dual Wingbeat|p2a: Tauros\n|-activate|p2a: Tauros|move: Protect\n|move|p1b: Mudsdale|Bulldoze|p2a: Tauros|[spread] p2b\n|-activate|p2a: Tauros|move: Protect\n|-immune|p1a: Aerodactyl\n|-supereffective|p2b: Incineroar|1\n|-damage|p2b: Incineroar|82/100\n|-unboost|p2b: Incineroar|spe|1\n|\n|-heal|p1b: Mudsdale|93/100|[from] item: Leftovers\n|upkeep\n|turn|6\n|\n|t:|1776373796\n|move|p1a: Aerodactyl|Dual Wingbeat|p2a: Tauros\n|-supereffective|p2a: Tauros|1\n|-damage|p2a: Tauros|57/100\n|-supereffective|p2a: Tauros|1\n|-damage|p2a: Tauros|24/100\n|-hitcount|p2a: Tauros|2\n|move|p2a: Tauros|Raging Bull|p1a: Aerodactyl\n|-supereffective|p1a: Aerodactyl|1\n|-damage|p1a: Aerodactyl|0 fnt\n|faint|p1a: Aerodactyl\n|move|p2b: Incineroar|Parting Shot|p1b: Mudsdale\n|-unboost|p1b: Mudsdale|atk|1\n|-unboost|p1b: Mudsdale|spa|1\n|\n|t:|1776373805\n|switch|p2b: Floette|Floette-Eternal, L50, F|100/100|[from] Parting Shot\n|move|p1b: Mudsdale|Bulldoze|p2b: Floette|[spread] p2a,p2b\n|-damage|p2a: Tauros|15/100\n|-damage|p2b: Floette|89/100\n|-unboost|p2a: Tauros|spe|1\n|-unboost|p2b: Floette|spe|1\n|\n|-heal|p1b: Mudsdale|99/100|[from] item: Leftovers\n|upkeep\n|turn|7\n|c|\u2606Directeur Ian|Well ggs\n|c|\u2606Arkhyr|gg\n|\n|t:|1776373818\n|detailschange|p2b: Floette|Floette-Mega, L50, F\n|-mega|p2b: Floette|Floette|Floettite\n|-ability|p2b: Floette|Fairy Aura\n|move|p2b: Floette|Moonblast|p1b: Mudsdale\n|-damage|p1b: Mudsdale|46/100\n|-ability|p1b: Mudsdale|Stamina|boost\n|-boost|p1b: Mudsdale|def|1\n|move|p2a: Tauros|Raging Bull|p1b: Mudsdale\n|-supereffective|p1b: Mudsdale|1\n|-damage|p1b: Mudsdale|3/100\n|-ability|p1b: Mudsdale|Stamina|boost\n|-boost|p1b: Mudsdale|def|1\n|move|p1b: Mudsdale|Heavy Slam|p2b: Floette\n|-supereffective|p2b: Floette|1\n|-damage|p2b: Floette|54/100\n|\n|-heal|p1b: Mudsdale|9/100|[from] item: Leftovers\n|upkeep\n|turn|8\n|\n|t:|1776373838\n|move|p2b: Floette|Helping Hand|p2a: Tauros\n|-singleturn|p2a: Tauros|Helping Hand|[of] p2b: Floette\n|move|p2a: Tauros|Aqua Jet|p1b: Mudsdale\n|-supereffective|p1b: Mudsdale|1\n|-damage|p1b: Mudsdale|0 fnt\n|faint|p1b: Mudsdale\n|\n|win|Arkhyr\n",
  "uploadtime": 1776373857,
  "views": 52,
  "formatid": "gen9championsvgc2026regma",
  "rating": null,
  "private": 0,
  "password": null
}