{
  "id": "gen9championsvgc2026regma-2582046895",
  "format": "[Gen 9 Champions] VGC 2026 Reg M-A",
  "players": [
    "asdeph",
    "that2canto"
  ],
  "log": "|j|\u2606asdeph\n|j|\u2606that2canto\n|t:|1776051650\n|gametype|doubles\n|player|p1|asdeph|2|1125\n|player|p2|that2canto|hugh|1199\n|gen|9\n|tier|[Gen 9 Champions] VGC 2026 Reg M-A\n|rated|\n|rule|Species Clause: Limit one of each Pok\u00e9mon\n|rule|Item Clause: Limit 1 of each item\n|clearpoke\n|poke|p1|Glimmora, L50, F|\n|poke|p1|Tyranitar, L50, M|\n|poke|p1|Corviknight, L50, M|\n|poke|p1|Excadrill, L50, M|\n|poke|p1|Basculegion, L50, M|\n|poke|p1|Sylveon, L50, M|\n|poke|p2|Crabominable, L50, F|\n|poke|p2|Kingambit, L50, M|\n|poke|p2|Torkoal, L50, M|\n|poke|p2|Hatterene, L50, F|\n|poke|p2|Farigiraf, L50, M|\n|poke|p2|Aurorus, L50, F|\n|teampreview|4\n|\n|t:|1776051691\n|teamsize|p1|4\n|teamsize|p2|4\n|start\n|switch|p1a: Tyranitar|Tyranitar, L50, M|100/100\n|switch|p1b: Basculegion|Basculegion, L50, M|100/100\n|switch|p2a: Hatterene|Hatterene, L50, F|100/100\n|switch|p2b: Crabominable|Crabominable, L50, F|100/100\n|-weather|Sandstorm|[from] ability: Sand Stream|[of] p1a: Tyranitar\n|turn|1\n|\n|t:|1776051709\n|detailschange|p2b: Crabominable|Crabominable-Mega, L50, F\n|-mega|p2b: Crabominable|Crabominable|Crabominite\n|move|p2a: Hatterene|Protect|p2a: Hatterene\n|-singleturn|p2a: Hatterene|Protect\n|move|p1b: Basculegion|Flip Turn|p2a: Hatterene\n|-activate|p2a: Hatterene|move: Protect\n|move|p1a: Tyranitar|Knock Off|p2a: Hatterene\n|-activate|p2a: Hatterene|move: Protect\n|move|p2b: Crabominable|Drain Punch|p1a: Tyranitar\n|-supereffective|p1a: Tyranitar|2\n|-enditem|p1a: Tyranitar|Chople Berry|[eat]\n|-enditem|p1a: Tyranitar|Chople Berry|[weaken]\n|-damage|p1a: Tyranitar|5/100\n|\n|-weather|Sandstorm|[upkeep]\n|-damage|p1b: Basculegion|94/100|[from] Sandstorm\n|-damage|p2b: Crabominable|95/100|[from] Sandstorm\n|-damage|p2a: Hatterene|94/100|[from] Sandstorm\n|upkeep\n|turn|2\n|\n|t:|1776051737\n|move|p1b: Basculegion|Flip Turn|p2a: Hatterene\n|-damage|p2a: Hatterene|44/100\n|\n|t:|1776051740\n|switch|p1b: Excadrill|Excadrill, L50, M|100/100|[from] Flip Turn\n|move|p1a: Tyranitar|Knock Off|p2a: Hatterene\n|-damage|p2a: Hatterene|0 fnt\n|-enditem|p2a: Hatterene|Fairy Feather|[from] move: Knock Off|[of] p1a: Tyranitar\n|faint|p2a: Hatterene\n|move|p2b: Crabominable|Drain Punch|p1a: Tyranitar\n|-supereffective|p1a: Tyranitar|2\n|-damage|p1a: Tyranitar|0 fnt\n|-heal|p2b: Crabominable|97/100|[from] drain|[of] p1a: Tyranitar\n|faint|p1a: Tyranitar\n|\n|-weather|Sandstorm|[upkeep]\n|-damage|p2b: Crabominable|91/100|[from] Sandstorm\n|upkeep\n|\n|t:|1776051755\n|switch|p1a: Basculegion|Basculegion, L50, M|94/100\n|switch|p2a: Kingambit|Kingambit, L50, M|100/100\n|turn|3\n|\n|t:|1776051770\n|move|p2a: Kingambit|Sucker Punch|p1a: Basculegion\n|-supereffective|p1a: Basculegion|1\n|-damage|p1a: Basculegion|0 fnt\n|faint|p1a: Basculegion\n|move|p1b: Excadrill|Iron Head|p2b: Crabominable\n|-supereffective|p2b: Crabominable|1\n|-damage|p2b: Crabominable|18/100\n|move|p2b: Crabominable|Drain Punch|p1b: Excadrill\n|-supereffective|p1b: Excadrill|1\n|-enditem|p1b: Excadrill|Focus Sash\n|-damage|p1b: Excadrill|1/100\n|-heal|p2b: Crabominable|63/100|[from] drain|[of] p1b: Excadrill\n|\n|-weather|Sandstorm|[upkeep]\n|-damage|p2b: Crabominable|57/100|[from] Sandstorm\n|upkeep\n|\n|t:|1776051776\n|switch|p1a: Corviknight|Corviknight, L50, M|100/100\n|turn|4\n|\n|t:|1776051791\n|move|p2a: Kingambit|Sucker Punch||[still]\n|-fail|p2a: Kingambit\n|move|p1b: Excadrill|Swords Dance|p1b: Excadrill\n|-boost|p1b: Excadrill|atk|2\n|move|p1a: Corviknight|Bulk Up|p1a: Corviknight\n|-boost|p1a: Corviknight|atk|1\n|-boost|p1a: Corviknight|def|1\n|move|p2b: Crabominable|Drain Punch|p1a: Corviknight\n|-damage|p1a: Corviknight|74/100\n|-heal|p2b: Crabominable|69/100|[from] drain|[of] p1a: Corviknight\n|\n|-weather|Sandstorm|[upkeep]\n|-damage|p2b: Crabominable|63/100|[from] Sandstorm\n|upkeep\n|turn|5\n|\n|t:|1776051814\n|move|p1b: Excadrill|Protect|p1b: Excadrill\n|-singleturn|p1b: Excadrill|Protect\n|move|p2a: Kingambit|Sucker Punch||[still]\n|-fail|p2a: Kingambit\n|move|p1a: Corviknight|Bulk Up|p1a: Corviknight\n|-boost|p1a: Corviknight|atk|1\n|-boost|p1a: Corviknight|def|1\n|move|p2b: Crabominable|Drain Punch|p1b: Excadrill\n|-activate|p1b: Excadrill|move: Protect\n|\n|-weather|none\n|upkeep\n|turn|6\n|\n|t:|1776051835\n|move|p1b: Excadrill|Protect||[still]\n|-fail|p1b: Excadrill\n|move|p2a: Kingambit|Sucker Punch||[still]\n|-fail|p2a: Kingambit\n|move|p1a: Corviknight|Body Press|p2a: Kingambit\n|-supereffective|p2a: Kingambit|2\n|-enditem|p2a: Kingambit|Chople Berry|[eat]\n|-enditem|p2a: Kingambit|Chople Berry|[weaken]\n|-damage|p2a: Kingambit|21/100\n|move|p2b: Crabominable|Drain Punch|p1b: Excadrill\n|-supereffective|p1b: Excadrill|1\n|-damage|p1b: Excadrill|0 fnt\n|-heal|p2b: Crabominable|63/100|[from] drain|[of] p1b: Excadrill\n|faint|p1b: Excadrill\n|\n|upkeep\n|turn|7\n|\n|t:|1776051856\n|move|p2a: Kingambit|Sucker Punch|p1a: Corviknight\n|-damage|p1a: Corviknight|59/100\n|move|p1a: Corviknight|Body Press|p2a: Kingambit\n|-supereffective|p2a: Kingambit|2\n|-damage|p2a: Kingambit|0 fnt\n|faint|p2a: Kingambit\n|move|p2b: Crabominable|Drain Punch|p1a: Corviknight\n|-crit|p1a: Corviknight\n|-damage|p1a: Corviknight|0 fnt\n|-heal|p2b: Crabominable|88/100|[from] drain|[of] p1a: Corviknight\n|faint|p1a: Corviknight\n|\n|win|that2canto\n|raw|asdeph's rating: 1125 &rarr; <strong>1105</strong><br />(-20 for losing)\n|raw|that2canto's rating: 1199 &rarr; <strong>1219</strong><br />(+20 for winning)\n|l|\u2606asdeph\n|player|p1|\n",
  "uploadtime": 1776051937,
  "views": 15,
  "formatid": "gen9championsvgc2026regma",
  "rating": 1105,
  "private": 0,
  "password": null
}