{
  "id": "gen9championsvgc2026regma-2583815585",
  "format": "[Gen 9 Champions] VGC 2026 Reg M-A",
  "players": [
    "Kappon-u",
    "KingOvershield"
  ],
  "log": "|j|\u2606Kappon-u\n|j|\u2606KingOvershield\n|t:|1776199868\n|gametype|doubles\n|player|p1|Kappon-u|bianca|1180\n|player|p2|KingOvershield|bugcatcher-gen4dp|1257\n|gen|9\n|tier|[Gen 9 Champions] VGC 2026 Reg M-A\n|rated|\n|rule|Species Clause: Limit one of each Pok\u00e9mon\n|rule|Item Clause: Limit 1 of each item\n|clearpoke\n|poke|p1|Scizor, L50, M|\n|poke|p1|Aerodactyl, L50, M|\n|poke|p1|Basculegion, L50, M|\n|poke|p1|Kommo-o, L50, F|\n|poke|p1|Incineroar, L50, M|\n|poke|p1|Gengar, L50, M|\n|poke|p2|Scizor, L50, F|\n|poke|p2|Incineroar, L50, M|\n|poke|p2|Ninetales-Alola, L50, M|\n|poke|p2|Basculegion, L50, M|\n|poke|p2|Sneasler, L50, M|\n|poke|p2|Kommo-o, L50, F|\n|teampreview|4\n|inactive|Battle timer is ON: inactive players will automatically lose when time's up. (requested by Kappon-u)\n|inactive|Kappon-u has 60 seconds left.\n|inactive|KingOvershield has 60 seconds left.\n|c|\u2606KingOvershield|u trying to copy my team or what\n|inactive|KingOvershield has 30 seconds left.\n|\n|t:|1776199937\n|teamsize|p1|4\n|teamsize|p2|4\n|start\n|switch|p1a: Aerodactyl|Aerodactyl, L50, M|100/100\n|switch|p1b: Incineroar|Incineroar, L50, M|100/100\n|switch|p2a: Kommo-o|Kommo-o, L50, F|100/100\n|switch|p2b: Sneasler|Sneasler, L50, M|100/100\n|-ability|p1a: Aerodactyl|Unnerve\n|-ability|p1b: Incineroar|Intimidate|boost\n|-unboost|p2a: Kommo-o|atk|1\n|-unboost|p2b: Sneasler|atk|1\n|-enditem|p2b: Sneasler|White Herb\n|-clearnegativeboost|p2b: Sneasler|[silent]\n|turn|1\n|inactive|KingOvershield has 30 seconds left.\n|\n|t:|1776199969\n|move|p2b: Sneasler|Fake Out|p1b: Incineroar\n|-damage|p1b: Incineroar|88/100\n|cant|p1b: Incineroar|flinch\n|move|p1a: Aerodactyl|Tailwind|p1a: Aerodactyl\n|-sidestart|p1: Kappon-u|move: Tailwind\n|move|p2a: Kommo-o|Clangorous Soul|p2a: Kommo-o\n|-boost|p2a: Kommo-o|atk|1\n|-boost|p2a: Kommo-o|def|1\n|-boost|p2a: Kommo-o|spa|1\n|-boost|p2a: Kommo-o|spd|1\n|-boost|p2a: Kommo-o|spe|1\n|-damage|p2a: Kommo-o|68/100\n|\n|-heal|p2a: Kommo-o|73/100|[from] item: Leftovers\n|upkeep\n|turn|2\n|inactive|KingOvershield has 30 seconds left.\n|\n|t:|1776199994\n|move|p1a: Aerodactyl|Dual Wingbeat|p2b: Sneasler\n|-supereffective|p2b: Sneasler|1\n|-damage|p2b: Sneasler|42/100\n|-supereffective|p2b: Sneasler|1\n|-damage|p2b: Sneasler|0 fnt\n|faint|p2b: Sneasler\n|-hitcount|p2: Sneasler|2\n|move|p2a: Kommo-o|Aura Sphere|p1b: Incineroar\n|-supereffective|p1b: Incineroar|1\n|-damage|p1b: Incineroar|0 fnt\n|faint|p1b: Incineroar\n|\n|-heal|p2a: Kommo-o|79/100|[from] item: Leftovers\n|upkeep\n|\n|t:|1776200018\n|switch|p2b: Scizor|Scizor, L50, F|100/100\n|switch|p1b: Scizor|Scizor, L50, M|100/100\n|turn|3\n|\n|t:|1776200036\n|detailschange|p1b: Scizor|Scizor-Mega, L50, M\n|-mega|p1b: Scizor|Scizor|Scizorite\n|detailschange|p2b: Scizor|Scizor-Mega, L50, F\n|-mega|p2b: Scizor|Scizor|Scizorite\n|move|p1b: Scizor|Bullet Punch|p2a: Kommo-o\n|-damage|p2a: Kommo-o|56/100\n|move|p2b: Scizor|Bullet Punch|p1a: Aerodactyl\n|-supereffective|p1a: Aerodactyl|1\n|-crit|p1a: Aerodactyl\n|-enditem|p1a: Aerodactyl|Focus Sash\n|-damage|p1a: Aerodactyl|1/100\n|move|p1a: Aerodactyl|Dual Wingbeat|p2a: Kommo-o\n|-supereffective|p2a: Kommo-o|1\n|-damage|p2a: Kommo-o|31/100\n|-supereffective|p2a: Kommo-o|1\n|-damage|p2a: Kommo-o|7/100\n|-hitcount|p2a: Kommo-o|2\n|move|p2a: Kommo-o|Aura Sphere|p1b: Scizor\n|-damage|p1b: Scizor|46/100\n|\n|-heal|p2a: Kommo-o|13/100|[from] item: Leftovers\n|upkeep\n|turn|4\n|inactive|Kappon-u has 30 seconds left.\n|inactive|KingOvershield has 30 seconds left.\n|inactive|KingOvershield has 20 seconds left.\n|inactive|KingOvershield has 15 seconds left.\n|\n|t:|1776200079\n|switch|p2b: Incineroar|Incineroar, L50, M|100/100\n|-ability|p2b: Incineroar|Intimidate|boost\n|-unboost|p1a: Aerodactyl|atk|1\n|-unboost|p1b: Scizor|atk|1\n|move|p1a: Aerodactyl|Protect|p1a: Aerodactyl\n|-singleturn|p1a: Aerodactyl|Protect\n|move|p2a: Kommo-o|Protect|p2a: Kommo-o\n|-singleturn|p2a: Kommo-o|Protect\n|move|p1b: Scizor|Bullet Punch|p2a: Kommo-o\n|-activate|p2a: Kommo-o|move: Protect\n|\n|-heal|p2a: Kommo-o|19/100|[from] item: Leftovers\n|-sideend|p1: Kappon-u|move: Tailwind\n|upkeep\n|turn|5\n|inactive|Kappon-u has 30 seconds left.\n|inactive|KingOvershield has 30 seconds left.\n|\n|t:|1776200113\n|switch|p1a: Basculegion|Basculegion, L50, M|100/100\n|move|p2b: Incineroar|Fake Out|p1b: Scizor\n|-resisted|p1b: Scizor|1\n|-damage|p1b: Scizor|41/100\n|cant|p1b: Scizor|flinch\n|move|p2a: Kommo-o|Clanging Scales|p1a: Basculegion|[spread] p1a,p1b\n|-resisted|p1b: Scizor|1\n|-damage|p1a: Basculegion|31/100\n|-damage|p1b: Scizor|10/100\n|-unboost|p2a: Kommo-o|def|1\n|\n|-heal|p2a: Kommo-o|24/100|[from] item: Leftovers\n|upkeep\n|turn|6\n|inactive|KingOvershield has 30 seconds left.\n|inactive|Kappon-u has 30 seconds left.\n|\n|t:|1776200148\n|switch|p2b: Scizor|Scizor-Mega, L50, F|100/100\n|move|p2a: Kommo-o|Protect|p2a: Kommo-o\n|-singleturn|p2a: Kommo-o|Protect\n|move|p1a: Basculegion|Last Respects|p2a: Kommo-o\n|-activate|p2a: Kommo-o|move: Protect\n|move|p1b: Scizor|Bug Bite|p2b: Scizor\n|-resisted|p2b: Scizor|1\n|-damage|p2b: Scizor|84/100\n|\n|-heal|p2a: Kommo-o|30/100|[from] item: Leftovers\n|upkeep\n|turn|7\n|inactive|Kappon-u has 30 seconds left.\n|inactive|KingOvershield has 30 seconds left.\n|inactive|Kappon-u has 20 seconds left.\n|inactive|KingOvershield has 20 seconds left.\n|\n|t:|1776200186\n|move|p2b: Scizor|Bullet Punch|p1b: Scizor\n|-resisted|p1b: Scizor|1\n|-damage|p1b: Scizor|0 fnt\n|faint|p1b: Scizor\n|move|p2a: Kommo-o|Clanging Scales|p1a: Basculegion\n|-damage|p1a: Basculegion|0 fnt\n|faint|p1a: Basculegion\n|-unboost|p2a: Kommo-o|def|1\n|\n|-heal|p2a: Kommo-o|36/100|[from] item: Leftovers\n|upkeep\n|c|\u2606Kappon-u|gg\n|-message|Kappon-u forfeited.\n|\n|win|KingOvershield\n|raw|Kappon-u's rating: 1180 &rarr; <strong>1160</strong><br />(-20 for losing)\n|raw|KingOvershield's rating: 1257 &rarr; <strong>1277</strong><br />(+20 for winning)\n|c|\u2606KingOvershield|ggs\n|l|\u2606Kappon-u\n|player|p1|\n",
  "uploadtime": 1776200319,
  "views": 17,
  "formatid": "gen9championsvgc2026regma",
  "rating": 1160,
  "private": 0,
  "password": null
}