{
  "id": "gen9championsvgc2026regma-2581895271",
  "format": "[Gen 9 Champions] VGC 2026 Reg M-A",
  "players": [
    "miratrice",
    "isalynne4"
  ],
  "log": "|j|\u2606miratrice\n|j|\u2606isalynne4\n|t:|1776037574\n|gametype|doubles\n|player|p1|miratrice|psychicf-gen4|\n|player|p2|isalynne4|shauntal|\n|gen|9\n|tier|[Gen 9 Champions] VGC 2026 Reg M-A\n|rule|Species Clause: Limit one of each Pok\u00e9mon\n|rule|Item Clause: Limit 1 of each item\n|clearpoke\n|poke|p1|Torkoal, L50, F|\n|poke|p1|Lopunny, L50, F|\n|poke|p1|Volcarona, L50, M|\n|poke|p1|Gallade, L50, M|\n|poke|p1|Aerodactyl, L50, F|\n|poke|p1|Victreebel, L50, M|\n|poke|p2|Pelipper, L50, M|\n|poke|p2|Basculegion, L50, M|\n|poke|p2|Excadrill, L50, M|\n|poke|p2|Incineroar, L50, F|\n|poke|p2|Whimsicott, L50, M|\n|poke|p2|Sneasler, L50, M|\n|teampreview|4\n|\n|t:|1776037622\n|teamsize|p1|4\n|teamsize|p2|4\n|start\n|switch|p1a: Victreebel|Victreebel, L50, M|100/100\n|switch|p1b: Torkoal|Torkoal, L50, F|100/100\n|switch|p2a: Peixe fritavel|Basculegion, L50, M|100/100\n|switch|p2b: P\u00e1ssaro besta|Pelipper, L50, M|100/100\n|-weather|RainDance|[from] ability: Drizzle|[of] p2b: P\u00e1ssaro besta\n|-weather|SunnyDay|[from] ability: Drought|[of] p1b: Torkoal\n|turn|1\n|\n|t:|1776037647\n|move|p2b: P\u00e1ssaro besta|Protect|p2b: P\u00e1ssaro besta\n|-singleturn|p2b: P\u00e1ssaro besta|Protect\n|move|p1b: Torkoal|Protect|p1b: Torkoal\n|-singleturn|p1b: Torkoal|Protect\n|move|p1a: Victreebel|Sleep Powder|p2b: P\u00e1ssaro besta\n|-activate|p2b: P\u00e1ssaro besta|move: Protect\n|move|p2a: Peixe fritavel|Flip Turn|p1b: Torkoal\n|-activate|p1b: Torkoal|move: Protect\n|\n|-weather|SunnyDay|[upkeep]\n|upkeep\n|turn|2\n|\n|t:|1776037670\n|switch|p2b: Djabo|Whimsicott, L50, M|100/100\n|switch|p1b: Lopunny|Lopunny, L50, F|100/100\n|move|p1a: Victreebel|Encore||[still]\n|-fail|p1a: Victreebel\n|move|p2a: Peixe fritavel|Wave Crash|p1b: Lopunny\n|-damage|p1b: Lopunny|65/100\n|-damage|p2a: Peixe fritavel|92/100|[from] Recoil\n|\n|-weather|SunnyDay|[upkeep]\n|upkeep\n|turn|3\n|\n|t:|1776037748\n|switch|p2b: P\u00e1ssaro besta|Pelipper, L50, M|100/100\n|-weather|RainDance|[from] ability: Drizzle|[of] p2b: P\u00e1ssaro besta\n|detailschange|p1b: Lopunny|Lopunny-Mega, L50, F\n|-mega|p1b: Lopunny|Lopunny|Lopunnite\n|move|p1b: Lopunny|Fake Out|p2b: P\u00e1ssaro besta\n|-damage|p2b: P\u00e1ssaro besta|77/100\n|move|p2a: Peixe fritavel|Wave Crash|p1b: Lopunny\n|-damage|p1b: Lopunny|0 fnt\n|faint|p1b: Lopunny\n|-damage|p2a: Peixe fritavel|76/100|[from] Recoil\n|move|p1a: Victreebel|Leaf Blade|p2a: Peixe fritavel\n|-supereffective|p2a: Peixe fritavel|1\n|-damage|p2a: Peixe fritavel|0 fnt\n|faint|p2a: Peixe fritavel\n|\n|-weather|RainDance|[upkeep]\n|upkeep\n|\n|t:|1776037776\n|switch|p1b: Torkoal|Torkoal, L50, F|100/100\n|switch|p2a: Broca|Excadrill, L50, M|100/100\n|-weather|SunnyDay|[from] ability: Drought|[of] p1b: Torkoal\n|turn|4\n|\n|t:|1776037796\n|detailschange|p2a: Broca|Excadrill-Mega, L50, M\n|-mega|p2a: Broca|Excadrill|Excadrite\n|move|p1b: Torkoal|Protect|p1b: Torkoal\n|-singleturn|p1b: Torkoal|Protect\n|move|p1a: Victreebel|Sleep Powder|p2a: Broca\n|-status|p2a: Broca|slp|[from] move: Sleep Powder\n|cant|p2a: Broca|slp\n|move|p2b: P\u00e1ssaro besta|Tailwind|p2b: P\u00e1ssaro besta\n|-sidestart|p2: isalynne4|move: Tailwind\n|\n|-weather|SunnyDay|[upkeep]\n|upkeep\n|turn|5\n|\n|t:|1776037825\n|cant|p2a: Broca|slp\n|move|p1a: Victreebel|Encore|p2b: P\u00e1ssaro besta\n|-start|p2b: P\u00e1ssaro besta|Encore\n|move|p2b: P\u00e1ssaro besta|Tailwind||[still]\n|-fail|p2b: P\u00e1ssaro besta\n|move|p1b: Torkoal|Flamethrower|p2a: Broca\n|-supereffective|p2a: Broca|1\n|-damage|p2a: Broca|0 fnt\n|faint|p2a: Broca\n|\n|-weather|SunnyDay|[upkeep]\n|upkeep\n|\n|t:|1776037836\n|switch|p2a: Djabo|Whimsicott, L50, M|100/100\n|turn|6\n|\n|t:|1776037872\n|move|p2a: Djabo|Protect|p2a: Djabo\n|-singleturn|p2a: Djabo|Protect\n|move|p1a: Victreebel|Leaf Blade|p2b: P\u00e1ssaro besta\n|-crit|p2b: P\u00e1ssaro besta\n|-damage|p2b: P\u00e1ssaro besta|7/100\n|move|p2b: P\u00e1ssaro besta|Tailwind||[still]\n|-fail|p2b: P\u00e1ssaro besta\n|move|p1b: Torkoal|Flamethrower|p2a: Djabo\n|-activate|p2a: Djabo|move: Protect\n|\n|-weather|SunnyDay|[upkeep]\n|upkeep\n|turn|7\n|\n|t:|1776037885\n|move|p2a: Djabo|Moonblast|p1b: Torkoal\n|-resisted|p1b: Torkoal|1\n|-damage|p1b: Torkoal|78/100\n|move|p1a: Victreebel|Encore|p2a: Djabo\n|-start|p2a: Djabo|Encore\n|-enditem|p2a: Djabo|Mental Herb\n|-end|p2a: Djabo|Encore\n|move|p2b: P\u00e1ssaro besta|Tailwind||[still]\n|-fail|p2b: P\u00e1ssaro besta\n|move|p1b: Torkoal|Eruption|p2a: Djabo|[spread] p2a,p2b\n|-supereffective|p2a: Djabo|1\n|-resisted|p2b: P\u00e1ssaro besta|1\n|-damage|p2a: Djabo|0 fnt\n|-damage|p2b: P\u00e1ssaro besta|0 fnt\n|faint|p2a: Djabo\n|faint|p2b: P\u00e1ssaro besta\n|\n|win|miratrice\n|l|\u2606isalynne4\n|player|p2|\n",
  "uploadtime": 1776037897,
  "views": 16,
  "formatid": "gen9championsvgc2026regma",
  "rating": null,
  "private": 0,
  "password": null
}