{
  "id": "gen9championsvgc2026regma-2582818038",
  "format": "[Gen 9 Champions] VGC 2026 Reg M-A",
  "players": [
    "marwandk",
    "Sup20"
  ],
  "log": "|j|\u2606marwandk\n|j|\u2606Sup20\n|t:|1776116416\n|gametype|doubles\n|player|p1|marwandk|102|1152\n|player|p2|Sup20|1|1141\n|gen|9\n|tier|[Gen 9 Champions] VGC 2026 Reg M-A\n|rated|\n|rule|Species Clause: Limit one of each Pok\u00e9mon\n|rule|Item Clause: Limit 1 of each item\n|clearpoke\n|poke|p1|Skarmory, L50, F|\n|poke|p1|Gyarados, L50, F|\n|poke|p1|Aerodactyl, L50, F|\n|poke|p1|Garchomp, L50, F|\n|poke|p1|Milotic, L50, M|\n|poke|p1|Tauros-Paldea-Blaze, L50, M|\n|poke|p2|Aggron, L50, F|\n|poke|p2|Floette-Eternal, L50, F|\n|poke|p2|Incineroar, L50, M|\n|poke|p2|Sinistcha, L50|\n|poke|p2|Rotom-Wash, L50|\n|poke|p2|Vivillon, L50, F|\n|teampreview|4\nmarwandk has agreed to open team sheets.\n|inactive|Battle timer is ON: inactive players will automatically lose when time's up. (requested by Sup20)\n|inactive|marwandk has 60 seconds left.\n|\n|t:|1776116501\n|teamsize|p1|4\n|teamsize|p2|4\n|start\n|switch|p1a: Milotic|Milotic, L50, M|100/100\n|switch|p1b: Skarmory|Skarmory, L50, F|100/100\n|switch|p2a: Aggron|Aggron, L50, F|100/100\n|switch|p2b: Rotom|Rotom-Wash, L50|100/100\n|turn|1\n|inactive|marwandk has 30 seconds left.\n|inactive|Sup20 has 30 seconds left.\n|inactive|marwandk has 20 seconds left.\n|\n|t:|1776116541\n|detailschange|p2a: Aggron|Aggron-Mega, L50, F\n|-mega|p2a: Aggron|Aggron|Aggronite\n|move|p1b: Skarmory|Body Press|p2a: Aggron\n|-supereffective|p2a: Aggron|1\n|-damage|p2a: Aggron|83/100\n|move|p1a: Milotic|Scald|p2b: Rotom\n|-resisted|p2b: Rotom|1\n|-damage|p2b: Rotom|87/100\n|move|p2b: Rotom|Thunderbolt|p1b: Skarmory\n|-supereffective|p1b: Skarmory|1\n|-damage|p1b: Skarmory|13/100\n|move|p2a: Aggron|Stone Edge|p1a: Milotic\n|-damage|p1a: Milotic|70/100\n|\n|-heal|p1a: Milotic|76/100|[from] item: Leftovers\n|-heal|p2b: Rotom|93/100|[from] item: Leftovers\n|upkeep\n|turn|2\n|\n|t:|1776116564\n|move|p1b: Skarmory|Body Press|p2b: Rotom\n|-damage|p2b: Rotom|67/100\n|move|p1a: Milotic|Scald|p2a: Aggron\n|-damage|p2a: Aggron|49/100\n|-status|p2a: Aggron|brn\n|move|p2b: Rotom|Thunderbolt|p1a: Milotic\n|-supereffective|p1a: Milotic|1\n|-damage|p1a: Milotic|28/100\n|-status|p1a: Milotic|par\n|move|p2a: Aggron|Stone Edge|p1b: Skarmory|[miss]\n|-miss|p2a: Aggron|p1b: Skarmory\n|\n|-heal|p2b: Rotom|72/100|[from] item: Leftovers\n|-heal|p1a: Milotic|34/100 par|[from] item: Leftovers\n|-damage|p2a: Aggron|43/100 brn|[from] brn\n|upkeep\n|turn|3\n|inactive|Sup20 has 30 seconds left.\n|\n|t:|1776116590\n|switch|p2b: Sinistcha|Sinistcha, L50|100/100\n|-heal|p2a: Aggron|68/100 brn|[from] ability: Hospitality|[of] p2b: Sinistcha\n|move|p1b: Skarmory|Body Press|p2b: Sinistcha\n|-immune|p2b: Sinistcha\n|move|p2a: Aggron|Stone Edge|p1b: Skarmory\n|-damage|p1b: Skarmory|0 fnt\n|faint|p1b: Skarmory\n|move|p1a: Milotic|Recover|p1a: Milotic\n|-heal|p1a: Milotic|84/100 par\n|\n|-heal|p1a: Milotic|90/100 par|[from] item: Leftovers\n|-damage|p2a: Aggron|62/100 brn|[from] brn\n|upkeep\n|\n|t:|1776116604\n|switch|p1b: Gyarados|Gyarados, L50, F|100/100\n|-ability|p1b: Gyarados|Intimidate|boost\n|-unboost|p2a: Aggron|atk|1\n|-unboost|p2b: Sinistcha|atk|1\n|turn|4\n|\n|t:|1776116628\n|detailschange|p1b: Gyarados|Gyarados-Mega, L50, F\n|-mega|p1b: Gyarados|Gyarados|Gyaradosite\n|-ability|p1b: Gyarados|Mold Breaker\n|move|p1a: Milotic|Protect|p1a: Milotic\n|-singleturn|p1a: Milotic|Protect\n|move|p1b: Gyarados|Crunch|p2b: Sinistcha\n|-supereffective|p2b: Sinistcha|1\n|-damage|p2b: Sinistcha|32/100\n|-enditem|p2b: Sinistcha|Sitrus Berry|[eat]\n|-heal|p2b: Sinistcha|57/100|[from] item: Sitrus Berry\n|move|p2b: Sinistcha|Matcha Gotcha|p1a: Milotic|[spread] p1b\n|-activate|p1a: Milotic|move: Protect\n|-supereffective|p1b: Gyarados|1\n|-damage|p1b: Gyarados|59/100\n|-heal|p2b: Sinistcha|77/100|[from] drain|[of] p1b: Gyarados\n|move|p2a: Aggron|Stone Edge|p1b: Gyarados\n|-damage|p1b: Gyarados|49/100\n|\n|-heal|p1a: Milotic|96/100 par|[from] item: Leftovers\n|-damage|p2a: Aggron|55/100 brn|[from] brn\n|upkeep\n|turn|5\n|inactive|marwandk has 30 seconds left.\n|inactive|Sup20 has 30 seconds left.\n|inactive|marwandk has 20 seconds left.\n|\n|t:|1776116663\n|switch|p2b: Rotom|Rotom-Wash, L50|72/100\n|move|p1b: Gyarados|Protect|p1b: Gyarados\n|-singleturn|p1b: Gyarados|Protect\n|move|p2a: Aggron|Body Press|p1b: Gyarados\n|-activate|p1b: Gyarados|move: Protect\n|cant|p1a: Milotic|par\n|\n|-heal|p2b: Rotom|78/100|[from] item: Leftovers\n|-heal|p1a: Milotic|100/100 par|[from] item: Leftovers\n|-damage|p2a: Aggron|49/100 brn|[from] brn\n|upkeep\n|turn|6\n|inactive|marwandk has 30 seconds left.\n|inactive|Sup20 has 30 seconds left.\n|inactive|marwandk has 20 seconds left.\n|inactive|marwandk has 15 seconds left.\n|\n|t:|1776116708\n|switch|p1b: Aerodactyl|Aerodactyl, L50, F|100/100\n|-ability|p1b: Aerodactyl|Unnerve\n|switch|p2a: Sinistcha|Sinistcha, L50|77/100\n|-heal|p2b: Rotom|100/100|[from] ability: Hospitality|[of] p2a: Sinistcha\n|move|p2b: Rotom|Thunderbolt|p1b: Aerodactyl\n|-supereffective|p1b: Aerodactyl|1\n|-damage|p1b: Aerodactyl|13/100\n|move|p1a: Milotic|Scald|p2a: Sinistcha\n|-resisted|p2a: Sinistcha|1\n|-crit|p2a: Sinistcha\n|-damage|p2a: Sinistcha|47/100\n|\n|upkeep\n|turn|7\n|\n|t:|1776116725\n|switch|p2a: Aggron|Aggron-Mega, L50, F|49/100 brn\n|move|p1b: Aerodactyl|Tailwind|p1b: Aerodactyl\n|-sidestart|p1: marwandk|move: Tailwind\n|move|p1a: Milotic|Ice Beam|p2a: Aggron\n|-resisted|p2a: Aggron|1\n|-damage|p2a: Aggron|36/100 brn\n|move|p2b: Rotom|Thunderbolt|p1b: Aerodactyl\n|-supereffective|p1b: Aerodactyl|1\n|-damage|p1b: Aerodactyl|0 fnt\n|faint|p1b: Aerodactyl\n|\n|-damage|p2a: Aggron|29/100 brn|[from] brn\n|upkeep\n|\n|t:|1776116734\n|switch|p1b: Gyarados|Gyarados-Mega, L50, F|49/100\n|-ability|p1b: Gyarados|Mold Breaker\n|turn|8\n|\n|t:|1776116740\n|move|p1a: Milotic|Protect|p1a: Milotic\n|-singleturn|p1a: Milotic|Protect\n|move|p2a: Aggron|Protect|p2a: Aggron\n|-singleturn|p2a: Aggron|Protect\n|move|p1b: Gyarados|Earthquake|p2b: Rotom|[spread] p2b\n|-activate|p1a: Milotic|move: Protect\n|-activate|p2a: Aggron|move: Protect\n|-supereffective|p2b: Rotom|1\n|-damage|p2b: Rotom|36/100\n|move|p2b: Rotom|Thunderbolt|p1b: Gyarados\n|-supereffective|p1b: Gyarados|1\n|-damage|p1b: Gyarados|0 fnt\n|faint|p1b: Gyarados\n|\n|-heal|p2b: Rotom|41/100|[from] item: Leftovers\n|-damage|p2a: Aggron|23/100 brn|[from] brn\n|upkeep\n|turn|9\n|\n|t:|1776116755\n|move|p1a: Milotic|Scald|p2a: Aggron\n|-damage|p2a: Aggron|0 fnt\n|faint|p2a: Aggron\n|move|p2b: Rotom|Thunderbolt|p1a: Milotic\n|-supereffective|p1a: Milotic|1\n|-damage|p1a: Milotic|56/100 par\n|\n|-heal|p1a: Milotic|62/100 par|[from] item: Leftovers\n|-heal|p2b: Rotom|47/100|[from] item: Leftovers\n|upkeep\n|\n|t:|1776116758\n|switch|p2a: Sinistcha|Sinistcha, L50|47/100\n|-heal|p2b: Rotom|72/100|[from] ability: Hospitality|[of] p2a: Sinistcha\n|turn|10\n|\n|t:|1776116761\n|move|p1a: Milotic|Ice Beam|p2a: Sinistcha\n|-supereffective|p2a: Sinistcha|1\n|-damage|p2a: Sinistcha|0 fnt\n|faint|p2a: Sinistcha\n|move|p2b: Rotom|Thunderbolt|p1a: Milotic\n|-supereffective|p1a: Milotic|1\n|-damage|p1a: Milotic|11/100 par\n|\n|-heal|p1a: Milotic|17/100 par|[from] item: Leftovers\n|-heal|p2b: Rotom|78/100|[from] item: Leftovers\n|-sideend|p1: marwandk|move: Tailwind\n|upkeep\n|\n|t:|1776116764\n|switch|p2a: Incineroar|Incineroar, L50, M|100/100\n|-ability|p2a: Incineroar|Intimidate|boost\n|-unboost|p1a: Milotic|atk|1\n|-ability|p1a: Milotic|Competitive|boost\n|-boost|p1a: Milotic|spa|2\n|turn|11\n|\n|t:|1776116767\n|move|p2a: Incineroar|Fake Out|p1a: Milotic\n|-damage|p1a: Milotic|7/100 par\n|move|p2b: Rotom|Thunderbolt|p1a: Milotic\n|-supereffective|p1a: Milotic|1\n|-damage|p1a: Milotic|0 fnt\n|faint|p1a: Milotic\n|\n|win|Sup20\n|raw|marwandk's rating: 1152 &rarr; <strong>1126</strong><br />(-26 for losing)\n|raw|Sup20's rating: 1141 &rarr; <strong>1167</strong><br />(+26 for winning)\n",
  "uploadtime": 1776116771,
  "views": 23,
  "formatid": "gen9championsvgc2026regma",
  "rating": 1126,
  "private": 0,
  "password": null
}