{
  "id": "gen9championsvgc2026regma-2588209789",
  "format": "[Gen 9 Champions] VGC 2026 Reg M-A",
  "players": [
    "donbeedo",
    "filie"
  ],
  "log": "|j|\u2606donbeedo\n|j|\u2606filie\n|t:|1776614646\n|gametype|doubles\n|player|p1|donbeedo|sage|1019\n|player|p2|filie|101|1053\n|gen|9\n|tier|[Gen 9 Champions] VGC 2026 Reg M-A\n|rated|\n|rule|Species Clause: Limit one of each Pok\u00e9mon\n|rule|Item Clause: Limit 1 of each item\n|clearpoke\n|poke|p1|Decidueye-Hisui, L50, F|\n|poke|p1|Blastoise, L50, F|\n|poke|p1|Talonflame, L50, M|\n|poke|p1|Hydreigon, L50, F|\n|poke|p1|Scizor, L50, M|\n|poke|p1|Ninetales-Alola, L50, M|\n|poke|p2|Gengar, L50, M|\n|poke|p2|Politoed, L50, F|\n|poke|p2|Incineroar, L50, F|\n|poke|p2|Kommo-o, L50, F|\n|poke|p2|Sinistcha, L50|\n|poke|p2|Heliolisk, L50, M|\n|teampreview|4\n|inactive|Battle timer is ON: inactive players will automatically lose when time's up. (requested by donbeedo)\n|inactive|donbeedo has 60 seconds left.\n|\n|t:|1776614687\n|teamsize|p1|4\n|teamsize|p2|4\n|start\n|switch|p1a: Blastoise|Blastoise, L50, F|100/100\n|switch|p1b: Decidueye|Decidueye-Hisui, L50, F|100/100\n|switch|p2a: Incineroar|Incineroar, L50, F|100/100\n|switch|p2b: Heliolisk|Heliolisk, L50, M|100/100\n|-ability|p2a: Incineroar|Intimidate|boost\n|-unboost|p1a: Blastoise|atk|1\n|-fail|p1b: Decidueye|unboost|Attack|[from] ability: Scrappy|[of] p1b: Decidueye\n|turn|1\n|\n|t:|1776614703\n|detailschange|p1a: Blastoise|Blastoise-Mega, L50, F\n|-mega|p1a: Blastoise|Blastoise|Blastoisinite\n|move|p2a: Incineroar|Fake Out|p1a: Blastoise\n|-damage|p1a: Blastoise|91/100\n|move|p1b: Decidueye|Upper Hand||[still]\n|-fail|p1b: Decidueye\n|move|p2b: Heliolisk|Electroweb|p1b: Decidueye|[spread] p1b\n|-miss|p2b: Heliolisk|p1a: Blastoise\n|-resisted|p1b: Decidueye|1\n|-damage|p1b: Decidueye|92/100\n|-unboost|p1b: Decidueye|spe|1\n|cant|p1a: Blastoise|flinch\n|\n|upkeep\n|turn|2\n|\n|t:|1776614725\n|move|p2b: Heliolisk|Electroweb|p1b: Decidueye|[spread] p1a,p1b\n|-supereffective|p1a: Blastoise|1\n|-resisted|p1b: Decidueye|1\n|-damage|p1a: Blastoise|69/100\n|-damage|p1b: Decidueye|85/100\n|-unboost|p1a: Blastoise|spe|1\n|-unboost|p1b: Decidueye|spe|1\n|move|p2a: Incineroar|Parting Shot|p1b: Decidueye\n|-unboost|p1b: Decidueye|atk|1\n|-unboost|p1b: Decidueye|spa|1\n|\n|t:|1776614737\n|switch|p2a: Gengar|Gengar, L50, M|100/100|[from] Parting Shot\n|move|p1a: Blastoise|Shell Smash|p1a: Blastoise\n|-unboost|p1a: Blastoise|def|1\n|-unboost|p1a: Blastoise|spd|1\n|-boost|p1a: Blastoise|atk|2\n|-boost|p1a: Blastoise|spa|2\n|-boost|p1a: Blastoise|spe|2\n|move|p1b: Decidueye|Triple Arrows|p2b: Heliolisk\n|-supereffective|p2b: Heliolisk|1\n|-enditem|p2b: Heliolisk|Focus Sash\n|-damage|p2b: Heliolisk|1/100\n|-unboost|p2b: Heliolisk|def|1\n|\n|upkeep\n|turn|3\n|inactive|filie has 30 seconds left.\n|\n|t:|1776614762\n|detailschange|p2a: Gengar|Gengar-Mega, L50, M\n|-mega|p2a: Gengar|Gengar|Gengarite\n|move|p2b: Heliolisk|Ally Switch|p2b: Heliolisk\n|swap|p2b: Heliolisk|0|[from] move: Ally Switch\n|move|p2b: Gengar|Sludge Bomb|p1a: Blastoise\n|-damage|p1a: Blastoise|16/100\n|move|p1a: Blastoise|Water Spout|p2a: Heliolisk|[spread] p2b\n|-heal|p2a: Heliolisk|26/100|[from] ability: Dry Skin|[of] p1a: Blastoise\n|-damage|p2b: Gengar|80/100\n|move|p1b: Decidueye|Knock Off|p2a: Heliolisk\n|-damage|p2a: Heliolisk|0 fnt\n|faint|p2a: Heliolisk\n|\n|upkeep\n|\n|t:|1776614775\n|switch|p2a: Incineroar|Incineroar, L50, F|100/100\n|-ability|p2a: Incineroar|Intimidate|boost\n|-unboost|p1a: Blastoise|atk|1\n|-fail|p1b: Decidueye|unboost|Attack|[from] ability: Scrappy|[of] p1b: Decidueye\n|turn|4\n|\n|t:|1776614788\n|move|p2a: Incineroar|Fake Out|p1b: Decidueye\n|-damage|p1b: Decidueye|72/100\n|cant|p1b: Decidueye|flinch\n|move|p2b: Gengar|Sludge Bomb|p1a: Blastoise\n|-damage|p1a: Blastoise|0 fnt\n|faint|p1a: Blastoise\n|\n|upkeep\n|\n|t:|1776614799\n|switch|p1a: Ninetales|Ninetales-Alola, L50, M|100/100\n|-weather|Snowscape|[from] ability: Snow Warning|[of] p1a: Ninetales\n|turn|5\n|\n|t:|1776614812\n|move|p2a: Incineroar|Protect|p2a: Incineroar\n|-singleturn|p2a: Incineroar|Protect\n|move|p2b: Gengar|Sludge Bomb|p1a: Ninetales\n|-supereffective|p1a: Ninetales|1\n|-enditem|p1a: Ninetales|Focus Sash\n|-damage|p1a: Ninetales|1/100\n|move|p1a: Ninetales|Blizzard|p2a: Incineroar|[spread] p2b\n|-activate|p2a: Incineroar|move: Protect\n|-damage|p2b: Gengar|42/100\n|move|p1b: Decidueye|Knock Off|p2a: Incineroar\n|-activate|p2a: Incineroar|move: Protect\n|\n|-weather|Snowscape|[upkeep]\n|upkeep\n|turn|6\n|\n|t:|1776614831\n|move|p2b: Gengar|Protect|p2b: Gengar\n|-singleturn|p2b: Gengar|Protect\n|move|p1a: Ninetales|Blizzard|p2b: Gengar|[spread] p2a\n|-activate|p2b: Gengar|move: Protect\n|-resisted|p2a: Incineroar|1\n|-damage|p2a: Incineroar|86/100\n|move|p2a: Incineroar|Throat Chop|p1a: Ninetales\n|-resisted|p1a: Ninetales|1\n|-damage|p1a: Ninetales|0 fnt\n|faint|p1a: Ninetales\n|move|p1b: Decidueye|Knock Off|p2a: Incineroar\n|-resisted|p2a: Incineroar|1\n|-damage|p2a: Incineroar|76/100\n|-enditem|p2a: Incineroar|Passho Berry|[from] move: Knock Off|[of] p1b: Decidueye\n|\n|-weather|Snowscape|[upkeep]\n|upkeep\n|\n|t:|1776614842\n|switch|p1a: Talonflame|Talonflame, L50, M|100/100\n|turn|7\n|inactive|filie has 30 seconds left.\n|inactive|filie has 20 seconds left.\n|\n|t:|1776614881\n|switch|p2b: Sinistcha|Sinistcha, L50|100/100\n|-heal|p2a: Incineroar|100/100|[from] ability: Hospitality|[of] p2b: Sinistcha\n|move|p1a: Talonflame|Acrobatics|p2b: Sinistcha\n|-supereffective|p2b: Sinistcha|1\n|-damage|p2b: Sinistcha|25/100\n|-enditem|p2b: Sinistcha|Sitrus Berry|[eat]\n|-heal|p2b: Sinistcha|50/100|[from] item: Sitrus Berry\n|move|p2a: Incineroar|Throat Chop|p1a: Talonflame\n|-damage|p1a: Talonflame|46/100\n|-start|p1a: Talonflame|Throat Chop|[silent]\n|move|p1b: Decidueye|Triple Arrows|p2a: Incineroar\n|-supereffective|p2a: Incineroar|1\n|-damage|p2a: Incineroar|26/100\n|\n|-weather|Snowscape|[upkeep]\n|upkeep\n|turn|8\n|\n|t:|1776614902\n|move|p2b: Sinistcha|Rage Powder|p2b: Sinistcha\n|-singleturn|p2b: Sinistcha|move: Rage Powder\n|move|p1a: Talonflame|Acrobatics|p2b: Sinistcha\n|-supereffective|p2b: Sinistcha|1\n|-damage|p2b: Sinistcha|0 fnt\n|faint|p2b: Sinistcha\n|move|p2a: Incineroar|Throat Chop|p1a: Talonflame\n|-damage|p1a: Talonflame|0 fnt\n|faint|p1a: Talonflame\n|move|p1b: Decidueye|Triple Arrows|p2a: Incineroar\n|-supereffective|p2a: Incineroar|1\n|-damage|p2a: Incineroar|0 fnt\n|faint|p2a: Incineroar\n|\n|-weather|Snowscape|[upkeep]\n|upkeep\n|\n|t:|1776614918\n|switch|p2b: Gengar|Gengar-Mega, L50, M|42/100\n|turn|9\n|\n|t:|1776614930\n|move|p2b: Gengar|Sludge Bomb|p1b: Decidueye\n|-supereffective|p1b: Decidueye|1\n|-damage|p1b: Decidueye|0 fnt\n|faint|p1b: Decidueye\n|\n|win|filie\n|raw|donbeedo's rating: 1019 &rarr; <strong>1007</strong><br />(-12 for losing)\n|raw|filie's rating: 1053 &rarr; <strong>1082</strong><br />(+29 for winning)\n|l|\u2606donbeedo\n|player|p1|\n",
  "uploadtime": 1776614976,
  "views": 12,
  "formatid": "gen9championsvgc2026regma",
  "rating": 1007,
  "private": 0,
  "password": null
}