{
  "id": "gen9championsvgc2026regma-2580309492",
  "format": "[Gen 9 Champions] VGC 2026 Reg M-A",
  "players": [
    "aosks",
    "NeonDursknoir"
  ],
  "log": "|j|\u2606aosks\n|j|\u2606NeonDursknoir\n|t:|1775878780\n|gametype|doubles\n|player|p1|aosks|2|1011\n|player|p2|NeonDursknoir|blaine|1000\n|gen|9\n|tier|[Gen 9 Champions] VGC 2026 Reg M-A\n|rated|\n|rule|Species Clause: Limit one of each Pok\u00e9mon\n|rule|Item Clause: Limit 1 of each item\n|clearpoke\n|poke|p1|Torkoal, L50, M|\n|poke|p1|Sinistcha, L50|\n|poke|p1|Incineroar, L50, F|\n|poke|p1|Starmie, L50|\n|poke|p1|Charizard, L50, F|\n|poke|p1|Hawlucha, L50, F|\n|poke|p2|Camerupt, L50, M|\n|poke|p2|Incineroar, L50, F|\n|poke|p2|Gyarados, L50, M|\n|poke|p2|Garchomp, L50, M|\n|poke|p2|Hatterene, L50, F|\n|poke|p2|Sinistcha, L50|\n|teampreview|4\nNeonDursknoir rejected open team sheets.\n|inactive|Battle timer is ON: inactive players will automatically lose when time's up. (requested by NeonDursknoir)\n|\n|t:|1775878799\n|teamsize|p1|4\n|teamsize|p2|4\n|start\n|switch|p1a: Charizard|Charizard, L50, F|100/100\n|switch|p1b: Starmie|Starmie, L50|100/100\n|switch|p2a: Camerupt|Camerupt, L50, M|100/100\n|switch|p2b: Sinistcha|Sinistcha, L50|100/100\n|turn|1\n|j| Dysprosium1132\n|\n|t:|1775878816\n|detailschange|p2a: Camerupt|Camerupt-Mega, L50, M\n|-mega|p2a: Camerupt|Camerupt|Cameruptite\n|move|p2a: Camerupt|Protect|p2a: Camerupt\n|-singleturn|p2a: Camerupt|Protect\n|move|p1b: Starmie|Scald|p2a: Camerupt\n|-activate|p2a: Camerupt|move: Protect\n|move|p1a: Charizard|Heat Wave|p2a: Camerupt|[spread] \n|-activate|p2a: Camerupt|move: Protect\n|-miss|p1a: Charizard|p2b: Sinistcha\n|move|p2b: Sinistcha|Trick Room|p2b: Sinistcha\n|-fieldstart|move: Trick Room|[of] p2b: Sinistcha\n|\n|upkeep\n|turn|2\n|inactive|aosks has 30 seconds left.\n|\n|t:|1775878849\n|detailschange|p1a: Charizard|Charizard-Mega-Y, L50, F\n|-mega|p1a: Charizard|Charizard|Charizardite Y\n|-weather|SunnyDay|[from] ability: Drought|[of] p1a: Charizard\n|move|p1b: Starmie|Protect|p1b: Starmie\n|-singleturn|p1b: Starmie|Protect\n|move|p2a: Camerupt|Earth Power|p1b: Starmie\n|-activate|p1b: Starmie|move: Protect\n|move|p2b: Sinistcha|Matcha Gotcha|p1a: Charizard|[spread] p1a\n|-activate|p1b: Starmie|move: Protect\n|-resisted|p1a: Charizard|2\n|-damage|p1a: Charizard|93/100\n|move|p1a: Charizard|Heat Wave|p2a: Camerupt|[spread] p2a,p2b\n|-resisted|p2a: Camerupt|1\n|-supereffective|p2b: Sinistcha|1\n|-damage|p2a: Camerupt|72/100\n|-damage|p2b: Sinistcha|0 fnt\n|faint|p2b: Sinistcha\n|\n|-weather|SunnyDay|[upkeep]\n|upkeep\n|\n|t:|1775878866\n|switch|p2b: Hatterene|Hatterene, L50, F|100/100\n|turn|3\n|\n|t:|1775878879\n|switch|p1b: Torkoal|Torkoal, L50, M|100/100\n|move|p1a: Charizard|Protect|p1a: Charizard\n|-singleturn|p1a: Charizard|Protect\n|move|p2a: Camerupt|Earth Power|p1b: Torkoal\n|-supereffective|p1b: Torkoal|1\n|-damage|p1b: Torkoal|0 fnt\n|faint|p1b: Torkoal\n|move|p2b: Hatterene|Nuzzle|p1a: Charizard\n|-activate|p1a: Charizard|move: Protect\n|\n|-weather|SunnyDay|[upkeep]\n|upkeep\n|\n|t:|1775878902\n|switch|p1b: Starmie|Starmie, L50|100/100\n|turn|4\n|\n|t:|1775878916\n|move|p2a: Camerupt|Overheat|p1a: Charizard\n|-resisted|p1a: Charizard|1\n|-crit|p1a: Charizard\n|-damage|p1a: Charizard|4/100\n|-unboost|p2a: Camerupt|spa|2\n|move|p2b: Hatterene|Psyshock|p1a: Charizard\n|-damage|p1a: Charizard|0 fnt\n|faint|p1a: Charizard\n|move|p1b: Starmie|Trick Room|p1b: Starmie\n|-fieldend|move: Trick Room\n|\n|-weather|SunnyDay|[upkeep]\n|upkeep\n|\n|t:|1775878925\n|switch|p1a: Hawlucha|Hawlucha, L50, F|100/100\n|-ability|p1a: Hawlucha|Mold Breaker\n|turn|5\n|\n|t:|1775878947\n|switch|p2a: Garchomp|Garchomp, L50, M|100/100\n|move|p1a: Hawlucha|Brave Bird|p2b: Hatterene\n|-damage|p2b: Hatterene|44/100\n|-damage|p1a: Hawlucha|80/100|[from] Recoil\n|move|p1b: Starmie|Scald|p2a: Garchomp\n|-damage|p2a: Garchomp|81/100\n|move|p2b: Hatterene|Nuzzle|p1a: Hawlucha\n|-supereffective|p1a: Hawlucha|1\n|-damage|p1a: Hawlucha|66/100\n|-status|p1a: Hawlucha|par\n|\n|-weather|SunnyDay|[upkeep]\n|-heal|p2b: Hatterene|50/100|[from] item: Leftovers\n|upkeep\n|turn|6\n|inactive|aosks has 30 seconds left.\n|inactive|NeonDursknoir has 30 seconds left.\n|\n|t:|1775878974\n|move|p1a: Hawlucha|Detect|p1a: Hawlucha\n|-singleturn|p1a: Hawlucha|Protect\n|move|p1b: Starmie|Scald|p2b: Hatterene\n|-damage|p2b: Hatterene|32/100\n|move|p2a: Garchomp|Dragon Claw|p1a: Hawlucha\n|-activate|p1a: Hawlucha|move: Protect\n|move|p2b: Hatterene|Dazzling Gleam|p1a: Hawlucha|[spread] p1b\n|-activate|p1a: Hawlucha|move: Protect\n|-crit|p1b: Starmie\n|-damage|p1b: Starmie|17/100\n|\n|-weather|none\n|-heal|p2b: Hatterene|38/100|[from] item: Leftovers\n|upkeep\n|turn|7\n|inactive|aosks has 30 seconds left.\n|\n|t:|1775879000\n|move|p1b: Starmie|Scald|p2b: Hatterene\n|-damage|p2b: Hatterene|0 fnt\n|faint|p2b: Hatterene\n|move|p2a: Garchomp|Dragon Claw|p1a: Hawlucha\n|-damage|p1a: Hawlucha|2/100 par\n|move|p1a: Hawlucha|Close Combat|p2a: Garchomp\n|-damage|p2a: Garchomp|34/100\n|-unboost|p1a: Hawlucha|def|1\n|-unboost|p1a: Hawlucha|spd|1\n|-damage|p1a: Hawlucha|0 fnt|[from] ability: Rough Skin|[of] p2a: Garchomp\n|faint|p1a: Hawlucha\n|\n|upkeep\n|\n|t:|1775879008\n|switch|p2b: Camerupt|Camerupt-Mega, L50, M|72/100\n|turn|8\n|\n|t:|1775879024\n|move|p1b: Starmie|Scald|p2b: Camerupt\n|-supereffective|p2b: Camerupt|2\n|-damage|p2b: Camerupt|0 fnt\n|faint|p2b: Camerupt\n|move|p2a: Garchomp|Dragon Claw|p1b: Starmie\n|-damage|p1b: Starmie|0 fnt\n|faint|p1b: Starmie\n|\n|win|NeonDursknoir\n|raw|aosks's rating: 1011 &rarr; <strong>1000</strong><br />(-11 for losing)\n|raw|NeonDursknoir's rating: 1000 &rarr; <strong>1041</strong><br />(+41 for winning)\n|l|\u2606aosks\n|player|p1|\n",
  "uploadtime": 1775879031,
  "views": 23,
  "formatid": "gen9championsvgc2026regma",
  "rating": 1000,
  "private": 0,
  "password": null
}