{
  "id": "gen9championsvgc2026regma-2583821464",
  "format": "[Gen 9 Champions] VGC 2026 Reg M-A",
  "players": [
    "Shadowflamepkm",
    "Israel Big"
  ],
  "log": "|j|\u2606Shadowflamepkm\n|j|\u2606Israel Big\n|t:|1776200351\n|gametype|doubles\n|player|p1|Shadowflamepkm|red|1118\n|player|p2|Israel Big|169|1190\n|gen|9\n|tier|[Gen 9 Champions] VGC 2026 Reg M-A\n|rated|\n|rule|Species Clause: Limit one of each Pok\u00e9mon\n|rule|Item Clause: Limit 1 of each item\n|clearpoke\n|poke|p1|Charizard, L50, F|\n|poke|p1|Venusaur, L50, M|\n|poke|p1|Sneasler, L50, M|\n|poke|p1|Incineroar, L50, F|\n|poke|p1|Farigiraf, L50, M|\n|poke|p1|Torkoal, L50, F|\n|poke|p2|Basculegion, L50, M|\n|poke|p2|Pelipper, L50, M|\n|poke|p2|Archaludon, L50, M|\n|poke|p2|Dragonite, L50, M|\n|poke|p2|Sneasler, L50, M|\n|poke|p2|Rotom-Heat, L50|\n|teampreview|4\n|c|\u2606Shadowflamepkm|Glhf\n|\n|t:|1776200385\n|teamsize|p1|4\n|teamsize|p2|4\n|start\n|switch|p1a: Charizard|Charizard, L50, F|100/100\n|switch|p1b: Venusaur|Venusaur, L50, M|100/100\n|switch|p2a: Sneasler|Sneasler, L50, M|100/100\n|switch|p2b: Rotom|Rotom-Heat, L50|100/100\n|turn|1\n|\n|t:|1776200411\n|switch|p1b: Incineroar|Incineroar, L50, F|100/100\n|-ability|p1b: Incineroar|Intimidate|boost\n|-unboost|p2a: Sneasler|atk|1\n|-unboost|p2b: Rotom|atk|1\n|-enditem|p2a: Sneasler|White Herb\n|-clearnegativeboost|p2a: Sneasler|[silent]\n|move|p1a: Charizard|Protect|p1a: Charizard\n|-singleturn|p1a: Charizard|Protect\n|move|p2a: Sneasler|Fake Out|p1b: Incineroar\n|-damage|p1b: Incineroar|86/100\n|move|p2b: Rotom|Thunderbolt|p1a: Charizard\n|-activate|p1a: Charizard|move: Protect\n|\n|upkeep\n|turn|2\n|\n|t:|1776200456\n|detailschange|p1a: Charizard|Charizard-Mega-Y, L50, F\n|-mega|p1a: Charizard|Charizard|Charizardite Y\n|-weather|SunnyDay|[from] ability: Drought|[of] p1a: Charizard\n|move|p1b: Incineroar|Fake Out|p2b: Rotom\n|-damage|p2b: Rotom|88/100\n|move|p2a: Sneasler|Close Combat|p1b: Incineroar\n|-supereffective|p1b: Incineroar|1\n|-damage|p1b: Incineroar|0 fnt\n|-unboost|p2a: Sneasler|def|1\n|-unboost|p2a: Sneasler|spd|1\n|faint|p1b: Incineroar\n|move|p1a: Charizard|Heat Wave|p2b: Rotom|[spread] p2a,p2b\n|-resisted|p2b: Rotom|1\n|-damage|p2a: Sneasler|0 fnt\n|-damage|p2b: Rotom|51/100\n|faint|p2a: Sneasler\n|cant|p2b: Rotom|flinch\n|\n|-weather|SunnyDay|[upkeep]\n|upkeep\n|\n|t:|1776200472\n|switch|p2a: Pelipper|Pelipper, L50, M|100/100\n|switch|p1b: Sneasler|Sneasler, L50, M|100/100\n|-weather|RainDance|[from] ability: Drizzle|[of] p2a: Pelipper\n|turn|3\n|\n|t:|1776200489\n|move|p1b: Sneasler|Fake Out|p2a: Pelipper\n|-damage|p2a: Pelipper|87/100\n|move|p1a: Charizard|Weather Ball|p2b: Rotom\n|-supereffective|p2b: Rotom|1\n|-damage|p2b: Rotom|0 fnt\n|faint|p2b: Rotom\n|cant|p2a: Pelipper|flinch\n|\n|-weather|RainDance|[upkeep]\n|upkeep\n|\n|t:|1776200492\n|switch|p2b: Dragonite|Dragonite, L50, M|100/100\n|turn|4\n|\n|t:|1776200503\n|switch|p1a: Venusaur|Venusaur, L50, M|100/100\n|detailschange|p2b: Dragonite|Dragonite-Mega, L50, M\n|-mega|p2b: Dragonite|Dragonite|Dragoninite\n|move|p1b: Sneasler|Dire Claw|p2b: Dragonite\n|-damage|p2b: Dragonite|82/100\n|-status|p2b: Dragonite|psn\n|move|p2b: Dragonite|Thunder|p1a: Venusaur\n|-resisted|p1a: Venusaur|1\n|-damage|p1a: Venusaur|80/100\n|-status|p1a: Venusaur|par\n|move|p2a: Pelipper|Hurricane|p1b: Sneasler\n|-supereffective|p1b: Sneasler|1\n|-enditem|p1b: Sneasler|Focus Sash\n|-damage|p1b: Sneasler|1/100\n|\n|-weather|RainDance|[upkeep]\n|-damage|p2b: Dragonite|70/100 psn|[from] psn\n|upkeep\n|turn|5\n|\n|t:|1776200521\n|move|p1b: Sneasler|Dire Claw|p2b: Dragonite\n|-damage|p2b: Dragonite|28/100 psn\n|move|p2b: Dragonite|Hurricane|p1a: Venusaur\n|-supereffective|p1a: Venusaur|1\n|-damage|p1a: Venusaur|0 fnt\n|faint|p1a: Venusaur\n|move|p2a: Pelipper|Hurricane|p1b: Sneasler\n|-supereffective|p1b: Sneasler|1\n|-damage|p1b: Sneasler|0 fnt\n|faint|p1b: Sneasler\n|\n|-weather|RainDance|[upkeep]\n|-damage|p2b: Dragonite|16/100 psn|[from] psn\n|upkeep\n|\n|t:|1776200527\n|switch|p1b: Charizard|Charizard-Mega-Y, L50, F|100/100\n|-weather|SunnyDay|[from] ability: Drought|[of] p1b: Charizard\n|turn|6\n|\n|t:|1776200541\n|move|p2b: Dragonite|Draco Meteor|p1b: Charizard\n|-damage|p1b: Charizard|29/100\n|-unboost|p2b: Dragonite|spa|2\n|move|p1b: Charizard|Heat Wave|p2a: Pelipper|[spread] p2a,p2b\n|-resisted|p2a: Pelipper|1\n|-resisted|p2b: Dragonite|1\n|-damage|p2a: Pelipper|38/100\n|-damage|p2b: Dragonite|0 fnt\n|-status|p2a: Pelipper|brn\n|faint|p2b: Dragonite\n|move|p2a: Pelipper|Ice Beam|p1b: Charizard\n|-damage|p1b: Charizard|5/100\n|\n|-weather|SunnyDay|[upkeep]\n|-damage|p2a: Pelipper|32/100 brn|[from] brn\n|upkeep\n|turn|7\n|\n|t:|1776200552\n|move|p1b: Charizard|Solar Beam||[still]\n|-prepare|p1b: Charizard|Solar Beam\n|-anim|p1b: Charizard|Solar Beam|p2a: Pelipper\n|-damage|p2a: Pelipper|0 fnt\n|faint|p2a: Pelipper\n|\n|win|Shadowflamepkm\n|raw|Shadowflamepkm's rating: 1118 &rarr; <strong>1148</strong><br />(+30 for winning)\n|raw|Israel Big's rating: 1190 &rarr; <strong>1160</strong><br />(-30 for losing)\n|c|\u2606Shadowflamepkm|Gg\n|l|\u2606Israel Big\n|player|p2|\n",
  "uploadtime": 1776200562,
  "views": 16,
  "formatid": "gen9championsvgc2026regma",
  "rating": 1148,
  "private": 0,
  "password": null
}