{
  "id": "gen9championsvgc2026regma-2587905493",
  "format": "[Gen 9 Champions] VGC 2026 Reg M-A",
  "players": [
    "ULIBOX",
    "volacrona"
  ],
  "log": "|j|\u2606ULIBOX\n|j|\u2606volacrona\n|t:|1776577154\n|gametype|doubles\n|player|p1|ULIBOX|flint|1058\n|player|p2|volacrona|chili|1046\n|gen|9\n|tier|[Gen 9 Champions] VGC 2026 Reg M-A\n|rated|\n|rule|Species Clause: Limit one of each Pok\u00e9mon\n|rule|Item Clause: Limit 1 of each item\n|clearpoke\n|poke|p1|Pelipper, L50, F|\n|poke|p1|Archaludon, L50, M|\n|poke|p1|Sinistcha, L50, shiny|\n|poke|p1|Incineroar, L50, M, shiny|\n|poke|p1|Floette-Eternal, L50, F|\n|poke|p1|Kingambit, L50, F, shiny|\n|poke|p2|Glimmora, L50, F|\n|poke|p2|Tinkaton, L50, F|\n|poke|p2|Garchomp, L50, F|\n|poke|p2|Corviknight, L50, F|\n|poke|p2|Basculegion, L50, M|\n|poke|p2|Volcarona, L50, M|\n|teampreview|4\n|\n|t:|1776577196\n|teamsize|p1|4\n|teamsize|p2|4\n|start\n|switch|p1a: Pelicaneando|Pelipper, L50, F|100/100\n|switch|p1b: Golden gate|Archaludon, L50, M|100/100\n|switch|p2a: Tinkaton|Tinkaton, L50, F|100/100\n|switch|p2b: Garchomp|Garchomp, L50, F|100/100\n|-ability|p2a: Tinkaton|Mold Breaker\n|-weather|RainDance|[from] ability: Drizzle|[of] p1a: Pelicaneando\n|turn|1\n|c|\u2606volacrona|glhf\n|\n|t:|1776577228\n|move|p2a: Tinkaton|Fake Out|p1a: Pelicaneando\n|-damage|p1a: Pelicaneando|89/100\n|move|p2b: Garchomp|Stomping Tantrum|p1b: Golden gate\n|-supereffective|p1b: Golden gate|1\n|-damage|p1b: Golden gate|18/100\n|-ability|p1b: Golden gate|Stamina|boost\n|-boost|p1b: Golden gate|def|1\n|move|p1b: Golden gate|Electro Shot||[still]\n|-prepare|p1b: Golden gate|Electro Shot\n|-boost|p1b: Golden gate|spa|1\n|-anim|p1b: Golden gate|Electro Shot|p2a: Tinkaton\n|-crit|p2a: Tinkaton\n|-damage|p2a: Tinkaton|10/100\n|cant|p1a: Pelicaneando|flinch\n|\n|-weather|RainDance|[upkeep]\n|upkeep\n|turn|2\n|\n|t:|1776577262\n|move|p1b: Golden gate|Protect|p1b: Golden gate\n|-singleturn|p1b: Golden gate|Protect\n|move|p2b: Garchomp|Dragon Claw|p1a: Pelicaneando\n|-damage|p1a: Pelicaneando|29/100\n|-enditem|p1a: Pelicaneando|Sitrus Berry|[eat]\n|-heal|p1a: Pelicaneando|53/100|[from] item: Sitrus Berry\n|move|p2a: Tinkaton|Gigaton Hammer|p1b: Golden gate\n|-activate|p1b: Golden gate|move: Protect\n|move|p1a: Pelicaneando|Tailwind|p1a: Pelicaneando\n|-sidestart|p1: ULIBOX|move: Tailwind\n|\n|-weather|RainDance|[upkeep]\n|upkeep\n|turn|3\n|\n|t:|1776577283\n|move|p2a: Tinkaton|Helping Hand|p2b: Garchomp\n|-singleturn|p2b: Garchomp|Helping Hand|[of] p2a: Tinkaton\n|move|p1b: Golden gate|Electro Shot||[still]\n|-prepare|p1b: Golden gate|Electro Shot\n|-boost|p1b: Golden gate|spa|1\n|-anim|p1b: Golden gate|Electro Shot|p2a: Tinkaton\n|-damage|p2a: Tinkaton|0 fnt\n|faint|p2a: Tinkaton\n|move|p1a: Pelicaneando|Hurricane|p2b: Garchomp\n|-damage|p2b: Garchomp|45/100\n|move|p2b: Garchomp|Dragon Claw|p1a: Pelicaneando\n|-damage|p1a: Pelicaneando|0 fnt\n|faint|p1a: Pelicaneando\n|\n|-weather|RainDance|[upkeep]\n|upkeep\n|\n|t:|1776577301\n|switch|p2a: Volcarona|Volcarona, L50, M|100/100\n|switch|p1a: Zucaritas|Incineroar, L50, M, shiny|100/100\n|-ability|p1a: Zucaritas|Intimidate|boost\n|-unboost|p2a: Volcarona|atk|1\n|-unboost|p2b: Garchomp|atk|1\n|turn|4\n|\n|t:|1776577315\n|move|p2a: Volcarona|Protect|p2a: Volcarona\n|-singleturn|p2a: Volcarona|Protect\n|move|p1b: Golden gate|Draco Meteor|p2b: Garchomp\n|-supereffective|p2b: Garchomp|1\n|-damage|p2b: Garchomp|0 fnt\n|-unboost|p1b: Golden gate|spa|2\n|faint|p2b: Garchomp\n|move|p1a: Zucaritas|Parting Shot|p2a: Volcarona\n|-activate|p2a: Volcarona|move: Protect\n|\n|-weather|RainDance|[upkeep]\n|upkeep\n|\n|t:|1776577320\n|switch|p2b: Glimmora|Glimmora, L50, F|100/100\n|turn|5\n|\n|t:|1776577337\n|move|p2b: Glimmora|Spiky Shield|p2b: Glimmora\n|-singleturn|p2b: Glimmora|move: Protect\n|move|p1b: Golden gate|Flash Cannon|p2b: Glimmora\n|-activate|p2b: Glimmora|move: Protect\n|move|p2a: Volcarona|Fiery Dance|p1b: Golden gate\n|-damage|p1b: Golden gate|0 fnt\n|faint|p1b: Golden gate\n|move|p1a: Zucaritas|Parting Shot|p2a: Volcarona\n|-unboost|p2a: Volcarona|atk|1\n|-unboost|p2a: Volcarona|spa|1\n|\n|t:|1776577349\n|switch|p1a: Magnus-carlsen|Kingambit, L50, F, shiny|100/100|[from] Parting Shot\n|\n|-weather|none\n|-sideend|p1: ULIBOX|move: Tailwind\n|upkeep\n|\n|t:|1776577352\n|switch|p1b: Zucaritas|Incineroar, L50, M, shiny|100/100\n|-ability|p1b: Zucaritas|Intimidate|boost\n|-unboost|p2a: Volcarona|atk|1\n|-unboost|p2b: Glimmora|atk|1\n|turn|6\n|\n|t:|1776577374\n|detailschange|p2b: Glimmora|Glimmora-Mega, L50, F\n|-mega|p2b: Glimmora|Glimmora|Glimmoranite\n|move|p1b: Zucaritas|Fake Out|p2a: Volcarona\n|-damage|p2a: Volcarona|82/100\n|move|p2b: Glimmora|Power Gem|p1b: Zucaritas\n|-supereffective|p1b: Zucaritas|1\n|-damage|p1b: Zucaritas|0 fnt\n|faint|p1b: Zucaritas\n|cant|p2a: Volcarona|flinch\n|move|p1a: Magnus-carlsen|Iron Head|p2b: Glimmora\n|-supereffective|p2b: Glimmora|1\n|-damage|p2b: Glimmora|9/100\n|\n|upkeep\n|turn|7\n|\n|t:|1776577421\n|move|p2b: Glimmora|Spiky Shield|p2b: Glimmora\n|-singleturn|p2b: Glimmora|move: Protect\n|move|p1a: Magnus-carlsen|Sucker Punch||[still]\n|-fail|p1a: Magnus-carlsen\n|move|p2a: Volcarona|Heat Wave|p1a: Magnus-carlsen\n|-supereffective|p1a: Magnus-carlsen|1\n|-damage|p1a: Magnus-carlsen|44/100\n|\n|upkeep\n|turn|8\n|\n|t:|1776577432\n|move|p1a: Magnus-carlsen|Sucker Punch|p2b: Glimmora\n|-damage|p2b: Glimmora|0 fnt\n|faint|p2b: Glimmora\n|move|p2a: Volcarona|Heat Wave|p1a: Magnus-carlsen\n|-supereffective|p1a: Magnus-carlsen|1\n|-damage|p1a: Magnus-carlsen|0 fnt\n|faint|p1a: Magnus-carlsen\n|\n|win|volacrona\n|raw|ULIBOX's rating: 1058 &rarr; <strong>1039</strong><br />(-19 for losing)\n|raw|volacrona's rating: 1046 &rarr; <strong>1080</strong><br />(+34 for winning)\n|c|\u2606volacrona|ggwp\n",
  "uploadtime": 1776577439,
  "views": 10,
  "formatid": "gen9championsvgc2026regma",
  "rating": 1039,
  "private": 0,
  "password": null
}