{
  "id": "gen9championsvgc2026regma-2583615531",
  "format": "[Gen 9 Champions] VGC 2026 Reg M-A",
  "players": [
    "Newtry lesgo",
    "Mirthinion"
  ],
  "log": "|j|\u2606Newtry lesgo\n|j|\u2606Mirthinion\n|t:|1776186702\n|gametype|doubles\n|player|p1|Newtry lesgo|iris-gen5bw2|1155\n|player|p2|Mirthinion|janitor|1219\n|gen|9\n|tier|[Gen 9 Champions] VGC 2026 Reg M-A\n|rated|\n|rule|Species Clause: Limit one of each Pok\u00e9mon\n|rule|Item Clause: Limit 1 of each item\n|clearpoke\n|poke|p1|Ceruledge, L50, M|\n|poke|p1|Froslass, L50, F|\n|poke|p1|Sneasler, L50, F|\n|poke|p1|Clefable, L50, M|\n|poke|p2|Tyranitar, L50, M|\n|poke|p2|Lycanroc, L50, M|\n|poke|p2|Primarina, L50, F|\n|poke|p2|Corviknight, L50, M|\n|poke|p2|Kommo-o, L50, M|\n|poke|p2|Incineroar, L50, M|\n|teampreview|4\n|inactive|Battle timer is ON: inactive players will automatically lose when time's up. (requested by Mirthinion)\nMirthinion rejected open team sheets.\n|inactive|Newtry lesgo has 60 seconds left.\n|inactive|Mirthinion has 60 seconds left.\n|l|\u2606Newtry lesgo\n|inactive|Newtry lesgo disconnected and has a minute to reconnect!\n|player|p1|\n|inactive|Newtry lesgo has 30 seconds left.\n|inactive|Mirthinion has 30 seconds left.\n|j|\u2606Newtry lesgo\n|inactive|Newtry lesgo reconnected and has 25 seconds left.\n|player|p1|Newtry lesgo|iris-gen5bw2|\n|inactive|Newtry lesgo has 20 seconds left.\n|inactive|Mirthinion has 20 seconds left.\n|inactive|Newtry lesgo has 15 seconds left.\n|\n|t:|1776186781\n|teamsize|p1|4\n|teamsize|p2|4\n|start\n|switch|p1a: Froslass|Froslass, L50, F|100/100\n|switch|p1b: Sneasler|Sneasler, L50, F|100/100\n|switch|p2a: Incineroar|Incineroar, L50, M|100/100\n|switch|p2b: Corviknight|Corviknight, L50, M|100/100\n|-ability|p2a: Incineroar|Intimidate|boost\n|-unboost|p1a: Froslass|atk|1\n|-unboost|p1b: Sneasler|atk|1\n|-enditem|p1b: Sneasler|White Herb\n|-clearnegativeboost|p1b: Sneasler|[silent]\n|turn|1\n|\n|t:|1776186803\n|detailschange|p1a: Froslass|Froslass-Mega, L50, F\n|-mega|p1a: Froslass|Froslass|Froslassite\n|-weather|Snowscape|[from] ability: Snow Warning|[of] p1a: Froslass\n|move|p1b: Sneasler|Fake Out|p2b: Corviknight\n|-resisted|p2b: Corviknight|1\n|-damage|p2b: Corviknight|95/100\n|move|p1a: Froslass|Nasty Plot|p1a: Froslass\n|-boost|p1a: Froslass|spa|2\n|cant|p2b: Corviknight|flinch\n|move|p2a: Incineroar|Will-O-Wisp|p1b: Sneasler\n|-status|p1b: Sneasler|brn\n|\n|-weather|Snowscape|[upkeep]\n|-damage|p1b: Sneasler|95/100 brn|[from] brn\n|upkeep\n|turn|2\n|\n|t:|1776186828\n|move|p1b: Sneasler|Close Combat|p2a: Incineroar\n|-supereffective|p2a: Incineroar|1\n|-enditem|p2a: Incineroar|Chople Berry|[eat]\n|-enditem|p2a: Incineroar|Chople Berry|[weaken]\n|-damage|p2a: Incineroar|76/100\n|-unboost|p1b: Sneasler|def|1\n|-unboost|p1b: Sneasler|spd|1\n|move|p1a: Froslass|Blizzard|p2a: Incineroar|[spread] p2a,p2b\n|-resisted|p2a: Incineroar|1\n|-crit|p2b: Corviknight\n|-damage|p2a: Incineroar|42/100\n|-damage|p2b: Corviknight|7/100\n|-enditem|p2b: Corviknight|Sitrus Berry|[eat]\n|-heal|p2b: Corviknight|32/100|[from] item: Sitrus Berry\n|move|p2b: Corviknight|Tailwind|p2b: Corviknight\n|-sidestart|p2: Mirthinion|move: Tailwind\n|move|p2a: Incineroar|Parting Shot|p1a: Froslass\n|-unboost|p1a: Froslass|atk|1\n|-unboost|p1a: Froslass|spa|1\n|\n|t:|1776186843\n|switch|p2a: Tyranitar|Tyranitar, L50, M|100/100|[from] Parting Shot\n|-weather|Sandstorm|[from] ability: Sand Stream|[of] p2a: Tyranitar\n|\n|-weather|Sandstorm|[upkeep]\n|-damage|p1b: Sneasler|89/100 brn|[from] Sandstorm\n|-damage|p1a: Froslass|94/100|[from] Sandstorm\n|-damage|p1b: Sneasler|83/100 brn|[from] brn\n|upkeep\n|turn|3\n|inactive|Mirthinion has 30 seconds left.\n|inactive|Mirthinion has 20 seconds left.\n|\n|t:|1776186880\n|switch|p1a: Clefable|Clefable, L50, M|100/100\n|detailschange|p2a: Tyranitar|Tyranitar-Mega, L50, M\n|-mega|p2a: Tyranitar|Tyranitar|Tyranitarite\n|move|p1b: Sneasler|Protect|p1b: Sneasler\n|-singleturn|p1b: Sneasler|Protect\n|move|p2a: Tyranitar|Rock Slide|p1a: Clefable|[spread] \n|-activate|p1b: Sneasler|move: Protect\n|-miss|p2a: Tyranitar|p1a: Clefable\n|move|p2b: Corviknight|Roost|p2b: Corviknight\n|-heal|p2b: Corviknight|82/100\n|-singleturn|p2b: Corviknight|move: Roost\n|\n|-weather|Sandstorm|[upkeep]\n|-damage|p1b: Sneasler|77/100 brn|[from] Sandstorm\n|-damage|p1b: Sneasler|71/100 brn|[from] brn\n|upkeep\n|turn|4\n|inactive|Newtry lesgo has 30 seconds left.\n|\n|t:|1776186907\n|move|p1b: Sneasler|Close Combat|p2a: Tyranitar\n|-supereffective|p2a: Tyranitar|2\n|-damage|p2a: Tyranitar|15/100\n|-unboost|p1b: Sneasler|def|1\n|-unboost|p1b: Sneasler|spd|1\n|move|p2a: Tyranitar|Rock Slide|p1b: Sneasler|[spread] p1a\n|-miss|p2a: Tyranitar|p1b: Sneasler\n|-damage|p1a: Clefable|63/100\n|move|p2b: Corviknight|Iron Head|p1a: Clefable\n|-supereffective|p1a: Clefable|1\n|-damage|p1a: Clefable|21/100\n|cant|p1a: Clefable|flinch\n|\n|-weather|Sandstorm|[upkeep]\n|-damage|p1b: Sneasler|66/100 brn|[from] Sandstorm\n|-heal|p1a: Clefable|27/100|[from] item: Leftovers\n|-damage|p1b: Sneasler|60/100 brn|[from] brn\n|upkeep\n|turn|5\n|inactive|Newtry lesgo has 30 seconds left.\n|\n|t:|1776186935\n|switch|p2a: Incineroar|Incineroar, L50, M|42/100\n|-ability|p2a: Incineroar|Intimidate|boost\n|-unboost|p1a: Clefable|atk|1\n|-unboost|p1b: Sneasler|atk|1\n|move|p1b: Sneasler|Protect|p1b: Sneasler\n|-singleturn|p1b: Sneasler|Protect\n|move|p1a: Clefable|Protect|p1a: Clefable\n|-singleturn|p1a: Clefable|Protect\n|move|p2b: Corviknight|Brave Bird|p1b: Sneasler\n|-activate|p1b: Sneasler|move: Protect\n|\n|-weather|Sandstorm|[upkeep]\n|-damage|p1b: Sneasler|54/100 brn|[from] Sandstorm\n|-damage|p2a: Incineroar|36/100|[from] Sandstorm\n|-heal|p1a: Clefable|33/100|[from] item: Leftovers\n|-damage|p1b: Sneasler|48/100 brn|[from] brn\n|-sideend|p2: Mirthinion|move: Tailwind\n|upkeep\n|turn|6\n|inactive|Mirthinion has 30 seconds left.\n|\n|t:|1776186964\n|switch|p1b: Ceruledge|Ceruledge, L50, M|100/100\n|switch|p2a: Primarina|Primarina, L50, F|100/100\n|move|p2b: Corviknight|Tailwind|p2b: Corviknight\n|-sidestart|p2: Mirthinion|move: Tailwind\n|move|p1a: Clefable|Encore||[still]\n|-fail|p1a: Clefable\n|\n|-weather|none\n|-heal|p1a: Clefable|39/100|[from] item: Leftovers\n|upkeep\n|turn|7\n|\n|t:|1776186985\n|switch|p2b: Incineroar|Incineroar, L50, M|36/100\n|-ability|p2b: Incineroar|Intimidate|boost\n|-unboost|p1a: Clefable|atk|1\n|-unboost|p1b: Ceruledge|atk|1\n|move|p1a: Clefable|Follow Me|p1a: Clefable\n|-singleturn|p1a: Clefable|move: Follow Me\n|move|p2a: Primarina|Hyper Voice|p1b: Ceruledge|[spread] p1a,p1b\n|-supereffective|p1b: Ceruledge|1\n|-damage|p1a: Clefable|7/100\n|-damage|p1b: Ceruledge|14/100\n|move|p1b: Ceruledge|Bitter Blade|p2b: Incineroar\n|-resisted|p2b: Incineroar|1\n|-damage|p2b: Incineroar|25/100\n|-heal|p1b: Ceruledge|22/100|[from] drain|[of] p2b: Incineroar\n|\n|-heal|p1a: Clefable|13/100|[from] item: Leftovers\n|upkeep\n|turn|8\n|-activate|p2a: Primarina|item: Quick Claw\n|\n|t:|1776187009\n|switch|p1b: Froslass|Froslass-Mega, L50, F|94/100\n|-weather|Snowscape|[from] ability: Snow Warning|[of] p1b: Froslass\n|move|p1a: Clefable|Protect|p1a: Clefable\n|-singleturn|p1a: Clefable|Protect\n|move|p2a: Primarina|Hyper Voice|p1a: Clefable|[spread] p1b\n|-activate|p1a: Clefable|move: Protect\n|-damage|p1b: Froslass|62/100\n|move|p2b: Incineroar|Parting Shot|p1b: Froslass\n|-unboost|p1b: Froslass|atk|1\n|-unboost|p1b: Froslass|spa|1\n|\n|t:|1776187022\n|switch|p2b: Tyranitar|Tyranitar-Mega, L50, M|15/100|[from] Parting Shot\n|-weather|Sandstorm|[from] ability: Sand Stream|[of] p2b: Tyranitar\n|\n|-weather|Sandstorm|[upkeep]\n|-damage|p2a: Primarina|95/100|[from] Sandstorm\n|-damage|p1b: Froslass|56/100|[from] Sandstorm\n|-heal|p1a: Clefable|19/100|[from] item: Leftovers\n|upkeep\n|turn|9\n|inactive|Newtry lesgo has 30 seconds left.\n|inactive|Mirthinion has 30 seconds left.\n|inactive|Newtry lesgo has 20 seconds left.\n|\n|t:|1776187059\n|switch|p2b: Corviknight|Corviknight, L50, M|82/100\n|switch|p1b: Ceruledge|Ceruledge, L50, M|22/100\n|move|p2a: Primarina|Hyper Voice|p1a: Clefable|[spread] p1a,p1b\n|-supereffective|p1b: Ceruledge|1\n|-damage|p1a: Clefable|0 fnt\n|-damage|p1b: Ceruledge|0 fnt\n|faint|p1a: Clefable\n|faint|p1b: Ceruledge\n|\n|-weather|Sandstorm|[upkeep]\n|-damage|p2a: Primarina|89/100|[from] Sandstorm\n|-sideend|p2: Mirthinion|move: Tailwind\n|upkeep\n|\n|t:|1776187063\n|switch|p1b: Froslass|Froslass-Mega, L50, F|56/100\n|switch|p1a: Sneasler|Sneasler, L50, F|48/100 brn\n|-weather|Snowscape|[from] ability: Snow Warning|[of] p1b: Froslass\n|turn|10\n|-message|Newtry lesgo forfeited.\n|\n|win|Mirthinion\n|raw|Newtry lesgo's rating: 1155 &rarr; <strong>1135</strong><br />(-20 for losing)\n|raw|Mirthinion's rating: 1219 &rarr; <strong>1239</strong><br />(+20 for winning)\n|l|\u2606Newtry lesgo\n|player|p1|\n",
  "uploadtime": 1776187078,
  "views": 47,
  "formatid": "gen9championsvgc2026regma",
  "rating": 1135,
  "private": 0,
  "password": null
}