{
  "id": "gen9championsvgc2026regma-2585892756",
  "format": "[Gen 9 Champions] VGC 2026 Reg M-A",
  "players": [
    "calmnic",
    "guedesbrawl"
  ],
  "log": "|j|\u2606calmnic\n|j|\u2606guedesbrawl\n|t:|1776379028\n|gametype|doubles\n|player|p1|calmnic|1|1168\n|player|p2|guedesbrawl|169|1140\n|gen|9\n|tier|[Gen 9 Champions] VGC 2026 Reg M-A\n|rated|\n|rule|Species Clause: Limit one of each Pok\u00e9mon\n|rule|Item Clause: Limit 1 of each item\n|clearpoke\n|poke|p1|Gyarados, L50, F|\n|poke|p1|Raichu, L50, M|\n|poke|p1|Aegislash, L50, F|\n|poke|p1|Garchomp, L50, F|\n|poke|p1|Incineroar, L50, M|\n|poke|p1|Altaria, L50, M|\n|poke|p2|Maushold-Four, L50|\n|poke|p2|Incineroar, L50, M|\n|poke|p2|Pelipper, L50, F|\n|poke|p2|Archaludon, L50, M|\n|poke|p2|Basculegion, L50, M|\n|poke|p2|Meganium, L50, M|\n|teampreview|4\n|\n|t:|1776379096\n|teamsize|p1|4\n|teamsize|p2|4\n|start\n|switch|p1a: Garchomp|Garchomp, L50, F|100/100\n|switch|p1b: Raichu|Raichu, L50, M|100/100\n|switch|p2a: Meganium|Meganium, L50, M|100/100\n|switch|p2b: Basculegion|Basculegion, L50, M|100/100\n|turn|1\n|\n|t:|1776379120\n|switch|p1a: Altaria|Altaria, L50, M|100/100\n|-ability|p1a: Altaria|Cloud Nine\n|detailschange|p2a: Meganium|Meganium-Mega, L50, M\n|-mega|p2a: Meganium|Meganium|Meganiumite\n|move|p2a: Meganium|Protect|p2a: Meganium\n|-singleturn|p2a: Meganium|Protect\n|move|p1b: Raichu|Nuzzle|p2b: Basculegion\n|-supereffective|p2b: Basculegion|1\n|-damage|p2b: Basculegion|80/100\n|-status|p2b: Basculegion|par\n|move|p2b: Basculegion|Flip Turn|p1a: Altaria\n|-resisted|p1a: Altaria|1\n|-damage|p1a: Altaria|83/100\n|\n|t:|1776379136\n|switch|p2b: Incineroar|Incineroar, L50, M|100/100|[from] Flip Turn\n|-ability|p2b: Incineroar|Intimidate|boost\n|-unboost|p1a: Altaria|atk|1\n|-unboost|p1b: Raichu|atk|1\n|\n|upkeep\n|turn|2\n|\n|t:|1776379168\n|move|p1b: Raichu|Protect|p1b: Raichu\n|-singleturn|p1b: Raichu|Protect\n|move|p1a: Altaria|Protect|p1a: Altaria\n|-singleturn|p1a: Altaria|Protect\n|move|p2b: Incineroar|Fake Out|p1b: Raichu\n|-activate|p1b: Raichu|move: Protect\n|move|p2a: Meganium|Dazzling Gleam|p1a: Altaria|[spread] \n|-activate|p1a: Altaria|move: Protect\n|-activate|p1b: Raichu|move: Protect\n|\n|upkeep\n|turn|3\n|\n|t:|1776379191\n|switch|p1a: Aegislash|Aegislash, L50, F|100/100\n|move|p2b: Incineroar|Helping Hand|p2a: Meganium\n|-singleturn|p2a: Meganium|Helping Hand|[of] p2b: Incineroar\n|move|p1b: Raichu|Nuzzle|p2a: Meganium\n|-resisted|p2a: Meganium|1\n|-damage|p2a: Meganium|98/100\n|-status|p2a: Meganium|par\n|cant|p2a: Meganium|par\n|\n|upkeep\n|turn|4\n|\n|t:|1776379211\n|move|p1a: Aegislash|King's Shield|p1a: Aegislash\n|-singleturn|p1a: Aegislash|Protect\n|move|p1b: Raichu|Nuzzle|p2b: Incineroar\n|-damage|p2b: Incineroar|95/100\n|-status|p2b: Incineroar|par\n|move|p2a: Meganium|Weather Ball|p1a: Aegislash\n|-activate|p1a: Aegislash|move: Protect\n|move|p2b: Incineroar|Darkest Lariat|p1a: Aegislash\n|-activate|p1a: Aegislash|move: Protect\n|-unboost|p2b: Incineroar|atk|1\n|\n|upkeep\n|turn|5\n|c|\u2606guedesbrawl|gg]\n|-message|guedesbrawl forfeited.\n|\n|win|calmnic\n|raw|calmnic's rating: 1168 &rarr; <strong>1191</strong><br />(+23 for winning)\n|raw|guedesbrawl's rating: 1140 &rarr; <strong>1117</strong><br />(-23 for losing)\n|l|\u2606guedesbrawl\n|player|p2|\n",
  "uploadtime": 1776379230,
  "views": 17,
  "formatid": "gen9championsvgc2026regma",
  "rating": 1117,
  "private": 0,
  "password": null
}