{
  "id": "gen9championsvgc2026regma-2583265374",
  "format": "[Gen 9 Champions] VGC 2026 Reg M-A",
  "players": [
    "Lesuu",
    "labubumechanics"
  ],
  "log": "|j|\u2606Lesuu\n|j|\u2606labubumechanics\n|t:|1776161102\n|gametype|doubles\n|player|p1|Lesuu|1|1057\n|player|p2|labubumechanics|169|1040\n|gen|9\n|tier|[Gen 9 Champions] VGC 2026 Reg M-A\n|rated|\n|rule|Species Clause: Limit one of each Pok\u00e9mon\n|rule|Item Clause: Limit 1 of each item\n|clearpoke\n|poke|p1|Chimecho, L50, M|\n|poke|p1|Tyranitar, L50, M|\n|poke|p1|Garchomp, L50, M|\n|poke|p1|Incineroar, L50, F|\n|poke|p1|Rotom-Wash, L50|\n|poke|p1|Aerodactyl, L50, F|\n|poke|p2|Alakazam, L50, F|\n|poke|p2|Meowstic, L50, M|\n|poke|p2|Incineroar, L50, F|\n|poke|p2|Sinistcha, L50|\n|poke|p2|Froslass, L50, F|\n|poke|p2|Milotic, L50, M|\n|teampreview|4\n|\n|t:|1776161152\n|teamsize|p1|4\n|teamsize|p2|4\n|start\n|switch|p1a: Aerodactyl|Aerodactyl, L50, F|100/100\n|switch|p1b: Chimecho|Chimecho, L50, M|100/100\n|switch|p2a: Froslass|Froslass, L50, F|100/100\n|switch|p2b: Meowstic|Meowstic, L50, M|100/100\n|-ability|p1a: Aerodactyl|Unnerve\n|turn|1\n|\n|t:|1776161168\n|detailschange|p2a: Froslass|Froslass-Mega, L50, F\n|-mega|p2a: Froslass|Froslass|Froslassite\n|-weather|Snowscape|[from] ability: Snow Warning|[of] p2a: Froslass\n|detailschange|p1b: Chimecho|Chimecho-Mega, L50, M\n|-mega|p1b: Chimecho|Chimecho|Chimechite\n|move|p2b: Meowstic|Fake Out|p1a: Aerodactyl\n|-resisted|p1a: Aerodactyl|1\n|-damage|p1a: Aerodactyl|97/100\n|cant|p1a: Aerodactyl|flinch\n|move|p2a: Froslass|Blizzard|p1b: Chimecho|[spread] p1a,p1b\n|-supereffective|p1a: Aerodactyl|1\n|-resisted|p1b: Chimecho|1\n|-damage|p1a: Aerodactyl|0 fnt\n|-damage|p1b: Chimecho|82/100\n|faint|p1a: Aerodactyl\n|move|p1b: Chimecho|Calm Mind|p1b: Chimecho\n|-boost|p1b: Chimecho|spa|1\n|-boost|p1b: Chimecho|spd|1\n|\n|-weather|Snowscape|[upkeep]\n|upkeep\n|\n|t:|1776161184\n|switch|p1a: Tyranitar|Tyranitar, L50, M|100/100\n|-weather|Sandstorm|[from] ability: Sand Stream|[of] p1a: Tyranitar\n|turn|2\n|\n|t:|1776161201\n|move|p2b: Meowstic|Helping Hand|p2a: Froslass\n|-singleturn|p2a: Froslass|Helping Hand|[of] p2b: Meowstic\n|move|p2a: Froslass|Shadow Ball|p1b: Chimecho\n|-supereffective|p1b: Chimecho|1\n|-damage|p1b: Chimecho|2/100\n|move|p1a: Tyranitar|Knock Off|p2b: Meowstic\n|-supereffective|p2b: Meowstic|1\n|-crit|p2b: Meowstic\n|-enditem|p2b: Meowstic|Focus Sash\n|-damage|p2b: Meowstic|1/100\n|move|p1b: Chimecho|Psychic|p2a: Froslass\n|-damage|p2a: Froslass|11/100\n|\n|-weather|Sandstorm|[upkeep]\n|-damage|p2a: Froslass|5/100|[from] Sandstorm\n|-damage|p2b: Meowstic|0 fnt|[from] Sandstorm\n|faint|p2b: Meowstic\n|upkeep\n|\n|t:|1776161217\n|switch|p2b: Milotic|Milotic, L50, M|100/100\n|turn|3\n|\n|t:|1776161227\n|switch|p2a: Sinistcha|Sinistcha, L50|100/100\n|move|p1b: Chimecho|Protect|p1b: Chimecho\n|-singleturn|p1b: Chimecho|Protect\n|move|p1a: Tyranitar|Knock Off|p2b: Milotic\n|-damage|p2b: Milotic|37/100\n|-enditem|p2b: Milotic|Leftovers|[from] move: Knock Off|[of] p1a: Tyranitar\n|move|p2b: Milotic|Muddy Water|p1a: Tyranitar|[spread] \n|-activate|p1b: Chimecho|move: Protect\n|-miss|p2b: Milotic|p1a: Tyranitar\n|\n|-weather|Sandstorm|[upkeep]\n|-damage|p2b: Milotic|31/100|[from] Sandstorm\n|-damage|p2a: Sinistcha|94/100|[from] Sandstorm\n|upkeep\n|turn|4\n|\n|t:|1776161257\n|move|p1a: Tyranitar|Knock Off|p2a: Sinistcha\n|-supereffective|p2a: Sinistcha|1\n|-enditem|p2a: Sinistcha|Colbur Berry|[eat]\n|-enditem|p2a: Sinistcha|Colbur Berry|[weaken]\n|-damage|p2a: Sinistcha|40/100\n|move|p2b: Milotic|Scald|p1a: Tyranitar\n|-supereffective|p1a: Tyranitar|1\n|-crit|p1a: Tyranitar\n|-damage|p1a: Tyranitar|28/100\n|move|p2a: Sinistcha|Matcha Gotcha|p1a: Tyranitar|[spread] p1a,p1b\n|-supereffective|p1a: Tyranitar|1\n|-resisted|p1b: Chimecho|1\n|-damage|p1a: Tyranitar|0 fnt\n|-heal|p2a: Sinistcha|54/100|[from] drain|[of] p1a: Tyranitar\n|-damage|p1b: Chimecho|0 fnt\n|-heal|p2a: Sinistcha|55/100|[from] drain|[of] p1b: Chimecho\n|faint|p1a: Tyranitar\n|faint|p1b: Chimecho\n|\n|-weather|Sandstorm|[upkeep]\n|-damage|p2b: Milotic|25/100|[from] Sandstorm\n|-damage|p2a: Sinistcha|49/100|[from] Sandstorm\n|upkeep\n|inactive|Battle timer is ON: inactive players will automatically lose when time's up. (requested by Lesuu)\n|\n|t:|1776161298\n|switch|p1b: Garchomp|Garchomp, L50, M|100/100\n|turn|5\n|\n|t:|1776161305\n|move|p1b: Garchomp|Earthquake|p2b: Milotic|[spread] p2a,p2b\n|-resisted|p2a: Sinistcha|1\n|-damage|p2a: Sinistcha|29/100\n|-damage|p2b: Milotic|0 fnt\n|faint|p2b: Milotic\n|move|p2a: Sinistcha|Matcha Gotcha|p1b: Garchomp|[miss]\n|-miss|p2a: Sinistcha|p1b: Garchomp\n|\n|-weather|Sandstorm|[upkeep]\n|-damage|p2a: Sinistcha|22/100|[from] Sandstorm\n|upkeep\n|\n|t:|1776161313\n|switch|p2b: Froslass|Froslass-Mega, L50, F|5/100\n|-weather|Snowscape|[from] ability: Snow Warning|[of] p2b: Froslass\n|turn|6\n|\n|t:|1776161321\n|move|p2b: Froslass|Protect|p2b: Froslass\n|-singleturn|p2b: Froslass|Protect\n|move|p1b: Garchomp|Earthquake|p2b: Froslass|[spread] p2a\n|-activate|p2b: Froslass|move: Protect\n|-resisted|p2a: Sinistcha|1\n|-damage|p2a: Sinistcha|2/100\n|move|p2a: Sinistcha|Trick Room|p2a: Sinistcha\n|-fieldstart|move: Trick Room|[of] p2a: Sinistcha\n|\n|-weather|Snowscape|[upkeep]\n|upkeep\n|turn|7\n|\n|t:|1776161330\n|move|p1b: Garchomp|Protect|p1b: Garchomp\n|-singleturn|p1b: Garchomp|Protect\n|move|p2a: Sinistcha|Matcha Gotcha|p1b: Garchomp\n|-activate|p1b: Garchomp|move: Protect\n|move|p2b: Froslass|Blizzard|p1b: Garchomp\n|-activate|p1b: Garchomp|move: Protect\n|\n|-weather|Snowscape|[upkeep]\n|upkeep\n|turn|8\n|\n|t:|1776161350\n|move|p2a: Sinistcha|Matcha Gotcha|p1b: Garchomp\n|-damage|p1b: Garchomp|61/100\n|-heal|p2a: Sinistcha|23/100|[from] drain|[of] p1b: Garchomp\n|move|p1b: Garchomp|Earthquake|p2a: Sinistcha|[spread] p2a,p2b\n|-resisted|p2a: Sinistcha|1\n|-damage|p2a: Sinistcha|3/100\n|-damage|p2b: Froslass|0 fnt\n|faint|p2b: Froslass\n|\n|-weather|Snowscape|[upkeep]\n|upkeep\n|turn|9\n|\n|t:|1776161365\n|move|p2a: Sinistcha|Matcha Gotcha|p1b: Garchomp|[miss]\n|-miss|p2a: Sinistcha|p1b: Garchomp\n|move|p1b: Garchomp|Dragon Claw|p2a: Sinistcha\n|-damage|p2a: Sinistcha|0 fnt\n|faint|p2a: Sinistcha\n|\n|win|Lesuu\n|raw|Lesuu's rating: 1057 &rarr; <strong>1087</strong><br />(+30 for winning)\n|raw|labubumechanics's rating: 1040 &rarr; <strong>1025</strong><br />(-15 for losing)\n",
  "uploadtime": 1776161369,
  "views": 18,
  "formatid": "gen9championsvgc2026regma",
  "rating": 1025,
  "private": 0,
  "password": null
}