{
  "id": "gen9championsvgc2026regma-2587072009",
  "format": "[Gen 9 Champions] VGC 2026 Reg M-A",
  "players": [
    "ShiroTheTrainerV2",
    "snodlop"
  ],
  "log": "|j|\u2606ShiroTheTrainerV2\n|j|\u2606snodlop\n|t:|1776489588\n|gametype|doubles\n|player|p1|ShiroTheTrainerV2|veteran|1084\n|player|p2|snodlop|lady-gen4|1165\n|gen|9\n|tier|[Gen 9 Champions] VGC 2026 Reg M-A\n|rated|\n|rule|Species Clause: Limit one of each Pok\u00e9mon\n|rule|Item Clause: Limit 1 of each item\n|clearpoke\n|poke|p1|Aegislash, L50, F|\n|poke|p1|Dragapult, L50, F|\n|poke|p1|Rhyperior, L50, M|\n|poke|p1|Mr. Rime, L50, F|\n|poke|p1|Corviknight, L50, M|\n|poke|p1|Charizard, L50, F|\n|poke|p2|Pelipper, L50, M|\n|poke|p2|Palafin, L50, M|\n|poke|p2|Basculegion, L50, M|\n|poke|p2|Manectric, L50, F|\n|poke|p2|Dragonite, L50, M|\n|poke|p2|Kingambit, L50, F|\n|teampreview|4\n|inactive|Battle timer is ON: inactive players will automatically lose when time's up. (requested by ShiroTheTrainerV2)\n|\n|t:|1776489600\n|teamsize|p1|4\n|teamsize|p2|4\n|start\n|switch|p1a: Rhyperior|Rhyperior, L50, M|100/100\n|switch|p1b: Mr. Rime|Mr. Rime, L50, F|100/100\n|switch|p2a: Pelipper|Pelipper, L50, M|100/100\n|switch|p2b: Palafin|Palafin, L50, M|100/100\n|-weather|RainDance|[from] ability: Drizzle|[of] p2a: Pelipper\n|turn|1\n|\n|t:|1776489617\n|move|p2b: Palafin|Flip Turn|p1a: Rhyperior\n|-supereffective|p1a: Rhyperior|2\n|-enditem|p1a: Rhyperior|Passho Berry|[eat]\n|-enditem|p1a: Rhyperior|Passho Berry|[weaken]\n|-damage|p1a: Rhyperior|63/100\n|\n|t:|1776489623\n|detailschange|p2b: Palafin|Palafin-Hero, L50, M\n|switch|p2b: Kingambit|Kingambit, L50, F|100/100|[from] Flip Turn\n|move|p1b: Mr. Rime|Freeze-Dry|p2b: Kingambit\n|-resisted|p2b: Kingambit|1\n|-damage|p2b: Kingambit|86/100\n|move|p2a: Pelipper|Weather Ball|p1a: Rhyperior\n|-supereffective|p1a: Rhyperior|2\n|-damage|p1a: Rhyperior|0 fnt\n|faint|p1a: Rhyperior\n|\n|-weather|RainDance|[upkeep]\n|-heal|p2b: Kingambit|91/100|[from] item: Leftovers\n|upkeep\n|\n|t:|1776489636\n|switch|p1a: Charizard|Charizard, L50, F|100/100\n|turn|2\n|\n|t:|1776489648\n|detailschange|p1a: Charizard|Charizard-Mega-Y, L50, F\n|-mega|p1a: Charizard|Charizard|Charizardite Y\n|-weather|SunnyDay|[from] ability: Drought|[of] p1a: Charizard\n|move|p2a: Pelipper|Wide Guard|p2a: Pelipper\n|-singleturn|p2a: Pelipper|Wide Guard\n|move|p1b: Mr. Rime|Freeze-Dry|p2a: Pelipper\n|-supereffective|p2a: Pelipper|2\n|-enditem|p2a: Pelipper|Focus Sash\n|-damage|p2a: Pelipper|1/100\n|move|p1a: Charizard|Heat Wave|p2a: Pelipper|[spread] \n|-activate|p2a: Pelipper|move: Wide Guard\n|-activate|p2b: Kingambit|move: Wide Guard\n|move|p2b: Kingambit|Iron Head|p1b: Mr. Rime\n|-supereffective|p1b: Mr. Rime|1\n|-damage|p1b: Mr. Rime|0 fnt\n|faint|p1b: Mr. Rime\n|\n|-weather|SunnyDay|[upkeep]\n|-heal|p2b: Kingambit|97/100|[from] item: Leftovers\n|upkeep\n|\n|t:|1776489661\n|switch|p1b: Dragapult|Dragapult, L50, F|100/100\n|turn|3\n|\n|t:|1776489678\n|switch|p2a: Palafin|Palafin-Hero, L50, M|100/100\n|-activate|p2a: Palafin|ability: Zero to Hero\n|move|p2b: Kingambit|Sucker Punch|p1b: Dragapult\n|-supereffective|p1b: Dragapult|1\n|-enditem|p1b: Dragapult|Focus Sash\n|-damage|p1b: Dragapult|1/100\n|move|p1b: Dragapult|U-turn|p2a: Palafin\n|-damage|p2a: Palafin|75/100\n|move|p1a: Charizard|Air Slash|p2b: Kingambit|[miss]\n|-miss|p1a: Charizard|p2b: Kingambit\n|\n|-weather|SunnyDay|[upkeep]\n|-heal|p2b: Kingambit|100/100|[from] item: Leftovers\n|upkeep\n|turn|4\n|\n|t:|1776489698\n|switch|p2b: Pelipper|Pelipper, L50, M|1/100\n|-weather|RainDance|[from] ability: Drizzle|[of] p2b: Pelipper\n|move|p2a: Palafin|Jet Punch|p1b: Dragapult\n|-resisted|p1b: Dragapult|1\n|-damage|p1b: Dragapult|0 fnt\n|faint|p1b: Dragapult\n|move|p1a: Charizard|Solar Beam||[still]\n|-prepare|p1a: Charizard|Solar Beam\n|\n|-weather|RainDance|[upkeep]\n|upkeep\n|turn|5\n|c|\u2606ShiroTheTrainerV2|gg\n|\n|t:|1776489709\n|move|p2a: Palafin|Jet Punch|p1a: Charizard\n|-supereffective|p1a: Charizard|1\n|-damage|p1a: Charizard|0 fnt\n|faint|p1a: Charizard\n|\n|win|snodlop\n|raw|ShiroTheTrainerV2's rating: 1084 &rarr; <strong>1067</strong><br />(-17 for losing)\n|raw|snodlop's rating: 1165 &rarr; <strong>1184</strong><br />(+19 for winning)\n|l|\u2606ShiroTheTrainerV2\n|player|p1|\n",
  "uploadtime": 1776490085,
  "views": 14,
  "formatid": "gen9championsvgc2026regma",
  "rating": 1067,
  "private": 0,
  "password": null
}