{
  "id": "gen9championsvgc2026regma-2581011737",
  "format": "[Gen 9 Champions] VGC 2026 Reg M-A",
  "players": [
    "s4m1_jaw3d",
    "2sweep4u"
  ],
  "log": "|j|\u2606s4m1_jaw3d\n|j|\u26062sweep4u\n|t:|1775951562\n|gametype|doubles\n|player|p1|s4m1_jaw3d|volkner|\n|player|p2|2sweep4u|unknownf|\n|gen|9\n|tier|[Gen 9 Champions] VGC 2026 Reg M-A\n|rule|Species Clause: Limit one of each Pok\u00e9mon\n|rule|Item Clause: Limit 1 of each item\n|clearpoke\n|poke|p1|Sinistcha, L50|\n|poke|p1|Kleavor, L50, F|\n|poke|p1|Farigiraf, L50, F|\n|poke|p1|Kangaskhan, L50, F|\n|poke|p1|Raichu, L50, M|\n|poke|p1|Pelipper, L50, F|\n|poke|p2|Milotic, L50, M|\n|poke|p2|Farigiraf, L50, M|\n|poke|p2|Charizard, L50, F|\n|poke|p2|Sneasler, L50, M|\n|poke|p2|Dragapult, L50, F|\n|poke|p2|Garchomp, L50, F|\n|teampreview|4\ns4m1_jaw3d has agreed to open team sheets.\n2sweep4u has agreed to open team sheets.\n|showteam|p1|Sinistcha||ColburBerry|Hospitality|MatchaGotcha,StrengthSap,RagePowder,TrickRoom||||||50|]Kleavor||ChoiceScarf|Sharpness|CloseCombat,StoneAxe,Lunge,Uturn|||F|||50|]Farigiraf||SitrusBerry|ArmorTail|TrickRoom,HyperVoice,Imprison,Protect|||F|||50|]Kangaskhan||Kangaskhanite|EarlyBird|FakeOut,Crunch,DoubleEdge,Protect|||F|||50|]Raichu||FocusSash|LightningRod|FakeOut,FocusBlast,VoltSwitch,Electroweb|||M|||50|]Pelipper||WacanBerry|Drizzle|Tailwind,WideGuard,IcyWind,WeatherBall|||F|||50|\n|showteam|p2|Milotic||Leftovers|Competitive|Scald,Recover,IceBeam,Protect|||M|||50|]Farigiraf||SitrusBerry|ArmorTail|AllySwitch,TrickRoom,Imprison,Psychic|||M|||50|]Charizard||CharizarditeY|Blaze|HeatWave,SolarBeam,Protect,DragonPulse|||F|||50|]Sneasler||WhiteHerb|Unburden|Coaching,FakeOut,DireClaw,CloseCombat|||M|||50|]Dragapult||DragonFang|ClearBody|DragonDarts,PsychicFangs,Protect,PhantomForce|||F|||50|]Garchomp||ChoiceScarf|SandVeil|RockSlide,Earthquake,StompingTantrum,DragonClaw|||F|||50|\n|c|\u2606s4m1_jaw3d|Glhf\n|c|\u26062sweep4u|u2 bro\n|inactive|Battle timer is ON: inactive players will automatically lose when time's up. (requested by s4m1_jaw3d)\n|inactive|2sweep4u has 60 seconds left.\n|\n|t:|1775951632\n|teamsize|p1|4\n|teamsize|p2|4\n|start\n|switch|p1a: Kleavor|Kleavor, L50, F|100/100\n|switch|p1b: Raichu|Raichu, L50, M|100/100\n|switch|p2a: Fentmaxxin'|Sneasler, L50, M|100/100\n|switch|p2b: SouljaBoy|Dragapult, L50, F|100/100\n|turn|1\n|inactive|2sweep4u has 30 seconds left.\n|\n|t:|1775951661\n|switch|p2b: Julia Wolf|Farigiraf, L50, M|100/100\n|move|p2a: Fentmaxxin'|Close Combat|p1a: Kleavor\n|-damage|p1a: Kleavor|29/100\n|-unboost|p2a: Fentmaxxin'|def|1\n|-unboost|p2a: Fentmaxxin'|spd|1\n|-enditem|p2a: Fentmaxxin'|White Herb\n|-clearnegativeboost|p2a: Fentmaxxin'|[silent]\n|move|p1a: Kleavor|Stone Axe|p2b: Julia Wolf\n|-crit|p2b: Julia Wolf\n|-damage|p2b: Julia Wolf|28/100\n|-sidestart|p2: 2sweep4u|move: Stealth Rock\n|-enditem|p2b: Julia Wolf|Sitrus Berry|[eat]\n|-heal|p2b: Julia Wolf|53/100|[from] item: Sitrus Berry\n|move|p1b: Raichu|Electroweb|p2a: Fentmaxxin'|[spread] p2a,p2b\n|-damage|p2a: Fentmaxxin'|76/100\n|-damage|p2b: Julia Wolf|36/100\n|-unboost|p2a: Fentmaxxin'|spe|1\n|-unboost|p2b: Julia Wolf|spe|1\n|\n|upkeep\n|turn|2\n|inactive|s4m1_jaw3d has 30 seconds left.\n|inactive|2sweep4u has 30 seconds left.\n|inactive|2sweep4u has 20 seconds left.\n|\n|t:|1775951698\n|switch|p1a: Sinistcha|Sinistcha, L50|100/100\n|move|p2b: Julia Wolf|Ally Switch|p2b: Julia Wolf\n|swap|p2b: Julia Wolf|0|[from] move: Ally Switch\n|move|p2b: Fentmaxxin'|Close Combat|p1b: Raichu\n|-enditem|p1b: Raichu|Focus Sash\n|-damage|p1b: Raichu|1/100\n|-unboost|p2b: Fentmaxxin'|def|1\n|-unboost|p2b: Fentmaxxin'|spd|1\n|move|p1b: Raichu|Volt Switch|p2b: Fentmaxxin'\n|-damage|p2b: Fentmaxxin'|18/100\n|\n|t:|1775951711\n|switch|p1b: Kangaskhan|Kangaskhan, L50, F|100/100|[from] Volt Switch\n|\n|upkeep\n|turn|3\n|inactive|2sweep4u has 30 seconds left.\n|\n|t:|1775951737\n|switch|p2a: SouljaBoy|Dragapult, L50, F|100/100\n|-damage|p2a: SouljaBoy|88/100|[from] Stealth Rock\n|detailschange|p1b: Kangaskhan|Kangaskhan-Mega, L50, F\n|-mega|p1b: Kangaskhan|Kangaskhan|Kangaskhanite\n|move|p1a: Sinistcha|Rage Powder|p1a: Sinistcha\n|-singleturn|p1a: Sinistcha|move: Rage Powder\n|move|p2b: Fentmaxxin'|Coaching|p2a: SouljaBoy\n|-boost|p2a: SouljaBoy|atk|1\n|-boost|p2a: SouljaBoy|def|1\n|move|p1b: Kangaskhan|Crunch|p2b: Fentmaxxin'\n|-resisted|p2b: Fentmaxxin'|1\n|-damage|p2b: Fentmaxxin'|0 fnt\n|faint|p2b: Fentmaxxin'\n|-hitcount|p2: Fentmaxxin'|1\n|\n|upkeep\n|inactive|2sweep4u has 30 seconds left.\n|inactive|2sweep4u has 20 seconds left.\n|\n|t:|1775951777\n|switch|p2b: Drake|Garchomp, L50, F|100/100\n|-damage|p2b: Drake|94/100|[from] Stealth Rock\n|turn|4\n|\n|t:|1775951800\n|move|p1b: Kangaskhan|Protect|p1b: Kangaskhan\n|-singleturn|p1b: Kangaskhan|Protect\n|move|p2b: Drake|Dragon Claw|p1b: Kangaskhan\n|-activate|p1b: Kangaskhan|move: Protect\n|move|p2a: SouljaBoy|Phantom Force||[still]\n|-prepare|p2a: SouljaBoy|Phantom Force\n|move|p1a: Sinistcha|Strength Sap|p2b: Drake\n|-unboost|p2b: Drake|atk|1\n|\n|upkeep\n|turn|5\n|\n|t:|1775951815\n|switch|p1a: Raichu|Raichu, L50, M|1/100\n|move|p2b: Drake|Dragon Claw|p1b: Kangaskhan\n|-damage|p1b: Kangaskhan|75/100\n|move|p2a: SouljaBoy|Phantom Force|p1a: Raichu|[from] lockedmove\n|-damage|p1a: Raichu|0 fnt\n|faint|p1a: Raichu\n|move|p1b: Kangaskhan|Crunch|p2a: SouljaBoy\n|-supereffective|p2a: SouljaBoy|1\n|-damage|p2a: SouljaBoy|29/100\n|-supereffective|p2a: SouljaBoy|1\n|-damage|p2a: SouljaBoy|16/100\n|-hitcount|p2a: SouljaBoy|2\n|\n|upkeep\n|\n|t:|1775951826\n|switch|p1a: Sinistcha|Sinistcha, L50|100/100\n|-heal|p1b: Kangaskhan|99/100|[from] ability: Hospitality|[of] p1a: Sinistcha\n|turn|6\n|j| son wu tang\n|\n|t:|1775951847\n|switch|p2b: Julia Wolf|Farigiraf, L50, M|36/100\n|-damage|p2b: Julia Wolf|24/100|[from] Stealth Rock\n|move|p1a: Sinistcha|Rage Powder|p1a: Sinistcha\n|-singleturn|p1a: Sinistcha|move: Rage Powder\n|move|p2a: SouljaBoy|Phantom Force||[still]\n|-prepare|p2a: SouljaBoy|Phantom Force\n|move|p1b: Kangaskhan|Double-Edge|p2b: Julia Wolf\n|-damage|p2b: Julia Wolf|0 fnt\n|faint|p2b: Julia Wolf\n|-hitcount|p2: Julia Wolf|1\n|-damage|p1b: Kangaskhan|91/100|[from] Recoil\n|\n|upkeep\n|\n|t:|1775951856\n|switch|p2b: Drake|Garchomp, L50, F|94/100\n|-damage|p2b: Drake|88/100|[from] Stealth Rock\n|turn|7\n|\n|t:|1775951871\n|switch|p1a: Kleavor|Kleavor, L50, F|29/100\n|move|p1b: Kangaskhan|Protect|p1b: Kangaskhan\n|-singleturn|p1b: Kangaskhan|Protect\n|move|p2b: Drake|Dragon Claw|p1b: Kangaskhan\n|-activate|p1b: Kangaskhan|move: Protect\n|move|p2a: SouljaBoy|Phantom Force|p1a: Kleavor|[from] lockedmove\n|-damage|p1a: Kleavor|0 fnt\n|faint|p1a: Kleavor\n|\n|upkeep\n|\n|t:|1775951882\n|switch|p1a: Sinistcha|Sinistcha, L50|100/100\n|-heal|p1b: Kangaskhan|100/100|[from] ability: Hospitality|[of] p1a: Sinistcha\n|turn|8\n|\n|t:|1775951898\n|move|p2b: Drake|Dragon Claw|p1b: Kangaskhan\n|-crit|p1b: Kangaskhan\n|-damage|p1b: Kangaskhan|45/100\n|move|p2a: SouljaBoy|Phantom Force||[still]\n|-prepare|p2a: SouljaBoy|Phantom Force\n|move|p1b: Kangaskhan|Double-Edge|p2b: Drake\n|-damage|p2b: Drake|14/100\n|-damage|p2b: Drake|0 fnt\n|faint|p2b: Drake\n|-hitcount|p2: Drake|2\n|-damage|p1b: Kangaskhan|17/100|[from] Recoil\n|move|p1a: Sinistcha|Strength Sap|p2a: SouljaBoy|[miss]\n|-miss|p1a: Sinistcha|p2a: SouljaBoy\n|\n|upkeep\n|turn|9\n|c|\u26062sweep4u|yeag gg\n|c|\u2606s4m1_jaw3d|Gg\n|\n|t:|1775951919\n|move|p1a: Sinistcha|Rage Powder|p1a: Sinistcha\n|-singleturn|p1a: Sinistcha|move: Rage Powder\n|move|p2a: SouljaBoy|Phantom Force|p1a: Sinistcha|[from] lockedmove\n|-supereffective|p1a: Sinistcha|1\n|-damage|p1a: Sinistcha|0 fnt\n|faint|p1a: Sinistcha\n|move|p1b: Kangaskhan|Crunch|p2a: SouljaBoy\n|-supereffective|p2a: SouljaBoy|1\n|-damage|p2a: SouljaBoy|0 fnt\n|faint|p2a: SouljaBoy\n|-hitcount|p2: SouljaBoy|1\n|\n|win|s4m1_jaw3d\n",
  "uploadtime": 1775951920,
  "views": 13,
  "formatid": "gen9championsvgc2026regma",
  "rating": null,
  "private": 0,
  "password": null
}