{
  "id": "gen9championsvgc2026regma-2589484490",
  "format": "[Gen 9 Champions] VGC 2026 Reg M-A",
  "players": [
    "benjiapollo",
    "ElGranPollo"
  ],
  "log": "|j|\u2606benjiapollo\n|j|\u2606ElGranPollo\n|t:|1776727155\n|gametype|doubles\n|player|p1|benjiapollo|giovanni|1440\n|player|p2|ElGranPollo|hilbert-wonderlauncher|1364\n|gen|9\n|tier|[Gen 9 Champions] VGC 2026 Reg M-A\n|rated|\n|rule|Species Clause: Limit one of each Pok\u00e9mon\n|rule|Item Clause: Limit 1 of each item\n|clearpoke\n|poke|p1|Basculegion, L50, M|\n|poke|p1|Charizard, L50, M|\n|poke|p1|Kingambit, L50, F|\n|poke|p1|Sneasler, L50, F|\n|poke|p1|Venusaur, L50, M|\n|poke|p1|Talonflame, L50, F|\n|poke|p2|Gengar, L50, F|\n|poke|p2|Pinsir, L50, F|\n|poke|p2|Weavile, L50, F|\n|poke|p2|Pelipper, L50, F|\n|poke|p2|Archaludon, L50, M|\n|poke|p2|Basculegion, L50, M|\n|teampreview|4\n|inactive|Battle timer is ON: inactive players will automatically lose when time's up. (requested by ElGranPollo)\n|\n|t:|1776727173\n|teamsize|p1|4\n|teamsize|p2|4\n|start\n|switch|p1a: Talonflame|Talonflame, L50, F|100/100\n|switch|p1b: Kingambit|Kingambit, L50, F|100/100\n|switch|p2a: Gengar|Gengar, L50, F|100/100\n|switch|p2b: Weavile|Weavile, L50, F|100/100\n|turn|1\n|inactive|ElGranPollo has 30 seconds left.\n|inactive|ElGranPollo has 20 seconds left.\n|inactive|ElGranPollo has 15 seconds left.\n|\n|t:|1776727214\n|switch|p2a: Pelipper|Pelipper, L50, F|100/100\n|-weather|RainDance|[from] ability: Drizzle|[of] p2a: Pelipper\n|move|p1a: Talonflame|Quick Guard|p1a: Talonflame\n|-singleturn|p1a: Talonflame|Quick Guard\n|move|p2b: Weavile|Knock Off|p1b: Kingambit\n|-resisted|p1b: Kingambit|1\n|-damage|p1b: Kingambit|84/100\n|-enditem|p1b: Kingambit|Black Glasses|[from] move: Knock Off|[of] p2b: Weavile\n|move|p1b: Kingambit|Kowtow Cleave|p2a: Pelipper\n|-damage|p2a: Pelipper|57/100\n|\n|-weather|RainDance|[upkeep]\n|-heal|p2a: Pelipper|63/100|[from] item: Leftovers\n|upkeep\n|turn|2\n|inactive|ElGranPollo has 30 seconds left.\n|\n|t:|1776727246\n|switch|p2b: Archaludon|Archaludon, L50, M|100/100\n|switch|p1b: Charizard|Charizard, L50, M|100/100\n|move|p1a: Talonflame|Tailwind|p1a: Talonflame\n|-sidestart|p1: benjiapollo|move: Tailwind\n|move|p2a: Pelipper|Weather Ball|p1a: Talonflame\n|-supereffective|p1a: Talonflame|1\n|-enditem|p1a: Talonflame|Focus Sash\n|-damage|p1a: Talonflame|1/100\n|\n|-weather|RainDance|[upkeep]\n|-heal|p2a: Pelipper|69/100|[from] item: Leftovers\n|upkeep\n|turn|3\n|\n|t:|1776727270\n|switch|p2a: Weavile|Weavile, L50, F|100/100\n|detailschange|p1b: Charizard|Charizard-Mega-X, L50, M\n|-mega|p1b: Charizard|Charizard|Charizardite X\n|move|p2b: Archaludon|Protect|p2b: Archaludon\n|-singleturn|p2b: Archaludon|Protect\n|move|p1a: Talonflame|Brave Bird|p2a: Weavile\n|-damage|p2a: Weavile|25/100\n|-damage|p1a: Talonflame|0 fnt|[from] Recoil\n|faint|p1a: Talonflame\n|move|p1b: Charizard|Brick Break|p2b: Archaludon\n|-activate|p2b: Archaludon|move: Protect\n|\n|-weather|RainDance|[upkeep]\n|upkeep\n|\n|t:|1776727282\n|switch|p1a: Sneasler|Sneasler, L50, F|100/100\n|turn|4\n|inactive|ElGranPollo has 30 seconds left.\n|\n|t:|1776727312\n|move|p1a: Sneasler|Fake Out|p2a: Weavile\n|-damage|p2a: Weavile|0 fnt\n|faint|p2a: Weavile\n|move|p1b: Charizard|Brick Break|p2b: Archaludon\n|-supereffective|p2b: Archaludon|1\n|-damage|p2b: Archaludon|44/100\n|-ability|p2b: Archaludon|Stamina|boost\n|-boost|p2b: Archaludon|def|1\n|-enditem|p2b: Archaludon|Sitrus Berry|[eat]\n|-heal|p2b: Archaludon|68/100|[from] item: Sitrus Berry\n|move|p2b: Archaludon|Aura Sphere|p1a: Sneasler\n|-resisted|p1a: Sneasler|1\n|-damage|p1a: Sneasler|79/100\n|\n|-weather|RainDance|[upkeep]\n|upkeep\n|\n|t:|1776727326\n|switch|p2a: Gengar|Gengar, L50, F|100/100\n|turn|5\n|\n|t:|1776727346\n|detailschange|p2a: Gengar|Gengar-Mega, L50, F\n|-mega|p2a: Gengar|Gengar|Gengarite\n|move|p2b: Archaludon|Protect|p2b: Archaludon\n|-singleturn|p2b: Archaludon|Protect\n|move|p1a: Sneasler|Close Combat|p2b: Archaludon\n|-activate|p2b: Archaludon|move: Protect\n|move|p1b: Charizard|Dragon Claw|p2a: Gengar\n|-damage|p2a: Gengar|15/100\n|move|p2a: Gengar|Sludge Bomb|p1b: Charizard\n|-damage|p1b: Charizard|20/100\n|\n|-weather|none\n|-sideend|p1: benjiapollo|move: Tailwind\n|upkeep\n|turn|6\n|inactive|ElGranPollo has 30 seconds left.\n|\n|t:|1776727379\n|switch|p2b: Pelipper|Pelipper, L50, F|69/100\n|-weather|RainDance|[from] ability: Drizzle|[of] p2b: Pelipper\n|move|p2a: Gengar|Thunderbolt|p1b: Charizard\n|-resisted|p1b: Charizard|1\n|-damage|p1b: Charizard|0 fnt\n|faint|p1b: Charizard\n|move|p1a: Sneasler|Close Combat|p2b: Pelipper\n|-resisted|p2b: Pelipper|1\n|-damage|p2b: Pelipper|42/100\n|-unboost|p1a: Sneasler|def|1\n|-unboost|p1a: Sneasler|spd|1\n|-enditem|p1a: Sneasler|White Herb\n|-clearnegativeboost|p1a: Sneasler|[silent]\n|\n|-weather|RainDance|[upkeep]\n|-heal|p2b: Pelipper|48/100|[from] item: Leftovers\n|upkeep\n|\n|t:|1776727393\n|switch|p1b: Kingambit|Kingambit, L50, F|84/100\n|turn|7\n|\n|t:|1776727406\n|switch|p2a: Archaludon|Archaludon, L50, M|68/100\n|move|p2b: Pelipper|Protect|p2b: Pelipper\n|-singleturn|p2b: Pelipper|Protect\n|move|p1a: Sneasler|Dire Claw|p2a: Archaludon\n|-immune|p2a: Archaludon\n|move|p1b: Kingambit|Kowtow Cleave|p2b: Pelipper\n|-activate|p2b: Pelipper|move: Protect\n|\n|-weather|RainDance|[upkeep]\n|-heal|p2b: Pelipper|54/100|[from] item: Leftovers\n|upkeep\n|turn|8\n|\n|t:|1776727425\n|move|p1a: Sneasler|Close Combat|p2a: Archaludon\n|-supereffective|p2a: Archaludon|1\n|-damage|p2a: Archaludon|0 fnt\n|-unboost|p1a: Sneasler|def|1\n|-unboost|p1a: Sneasler|spd|1\n|faint|p2a: Archaludon\n|move|p2b: Pelipper|Hurricane|p1a: Sneasler\n|-supereffective|p1a: Sneasler|1\n|-damage|p1a: Sneasler|0 fnt\n|faint|p1a: Sneasler\n|move|p1b: Kingambit|Kowtow Cleave|p2b: Pelipper\n|-damage|p2b: Pelipper|12/100\n|\n|-weather|RainDance|[upkeep]\n|-heal|p2b: Pelipper|18/100|[from] item: Leftovers\n|upkeep\n|\n|t:|1776727434\n|switch|p2a: Gengar|Gengar-Mega, L50, F|15/100\n|turn|9\n|\n|t:|1776727450\n|move|p2a: Gengar|Protect|p2a: Gengar\n|-singleturn|p2a: Gengar|Protect\n|move|p1b: Kingambit|Sucker Punch|p2b: Pelipper\n|-damage|p2b: Pelipper|0 fnt\n|faint|p2b: Pelipper\n|\n|-weather|RainDance|[upkeep]\n|upkeep\n|turn|10\n|\n|t:|1776727457\n|move|p1b: Kingambit|Sucker Punch|p2a: Gengar\n|-supereffective|p2a: Gengar|1\n|-damage|p2a: Gengar|0 fnt\n|faint|p2a: Gengar\n|\n|win|benjiapollo\n|raw|benjiapollo's rating: 1440 &rarr; <strong>1456</strong><br />(+16 for winning)\n|raw|ElGranPollo's rating: 1364 &rarr; <strong>1348</strong><br />(-16 for losing)\n|l|\u2606ElGranPollo\n|player|p2|\n",
  "uploadtime": 1776727463,
  "views": 7,
  "formatid": "gen9championsvgc2026regma",
  "rating": 1348,
  "private": 0,
  "password": null
}