{
  "id": "gen9championsvgc2026regma-2582994397",
  "format": "[Gen 9 Champions] VGC 2026 Reg M-A",
  "players": [
    "sammyvv",
    "pacrat27"
  ],
  "log": "|j|\u2606sammyvv\n|j|\u2606pacrat27\n|t:|1776131655\n|gametype|doubles\n|player|p1|sammyvv|n|1157\n|player|p2|pacrat27|silver|1112\n|gen|9\n|tier|[Gen 9 Champions] VGC 2026 Reg M-A\n|rated|\n|rule|Species Clause: Limit one of each Pok\u00e9mon\n|rule|Item Clause: Limit 1 of each item\n|clearpoke\n|poke|p1|Abomasnow, L50, F|\n|poke|p1|Hatterene, L50, F|\n|poke|p1|Avalugg-Hisui, L50, M|\n|poke|p1|Kingambit, L50, F|\n|poke|p1|Milotic, L50, M|\n|poke|p1|Incineroar, L50, M|\n|poke|p2|Meganium, L50, M|\n|poke|p2|Politoed, L50, F|\n|poke|p2|Archaludon, L50, F|\n|poke|p2|Blastoise, L50, M|\n|poke|p2|Beartic, L50, F|\n|poke|p2|Sharpedo, L50, F|\n|teampreview|4\n|\n|t:|1776131683\n|teamsize|p1|4\n|teamsize|p2|4\n|start\n|switch|p1a: Abomasnow|Abomasnow, L50, F, shiny|100/100\n|switch|p1b: Hatterene|Hatterene, L50, F|100/100\n|switch|p2a: Beartic|Beartic, L50, F|100/100\n|switch|p2b: Archaludon|Archaludon, L50, F|100/100\n|-weather|Snowscape|[from] ability: Snow Warning|[of] p1a: Abomasnow\n|turn|1\n|\n|t:|1776131712\n|detailschange|p1a: Abomasnow|Abomasnow-Mega, L50, F, shiny\n|-mega|p1a: Abomasnow|Abomasnow|Abomasite\n|move|p1a: Abomasnow|Protect|p1a: Abomasnow\n|-singleturn|p1a: Abomasnow|Protect\n|move|p2b: Archaludon|Flash Cannon|p1a: Abomasnow\n|-activate|p1a: Abomasnow|move: Protect\n|move|p2a: Beartic|Icicle Crash|p1b: Hatterene\n|-damage|p1b: Hatterene|58/100\n|move|p1b: Hatterene|Trick Room|p1b: Hatterene\n|-fieldstart|move: Trick Room|[of] p1b: Hatterene\n|\n|-weather|Snowscape|[upkeep]\n|upkeep\n|turn|2\n|\n|t:|1776131750\n|switch|p2a: Meganium|Meganium, L50, M|100/100\n|move|p1b: Hatterene|Protect|p1b: Hatterene\n|-singleturn|p1b: Hatterene|Protect\n|move|p1a: Abomasnow|Aurora Veil|p1a: Abomasnow\n|-sidestart|p1: sammyvv|move: Aurora Veil\n|move|p2b: Archaludon|Flash Cannon|p1a: Abomasnow\n|-supereffective|p1a: Abomasnow|1\n|-damage|p1a: Abomasnow|55/100\n|\n|-weather|Snowscape|[upkeep]\n|upkeep\n|turn|3\n|\n|t:|1776131780\n|switch|p2a: Beartic|Beartic, L50, F|100/100\n|move|p1b: Hatterene|Dazzling Gleam|p2b: Archaludon|[spread] p2a,p2b\n|-damage|p2a: Beartic|74/100\n|-damage|p2b: Archaludon|71/100\n|-ability|p2b: Archaludon|Stamina|boost\n|-boost|p2b: Archaludon|def|1\n|move|p1a: Abomasnow|Blizzard|p2b: Archaludon|[spread] p2a,p2b\n|-resisted|p2a: Beartic|1\n|-damage|p2a: Beartic|53/100\n|-damage|p2b: Archaludon|28/100\n|-ability|p2b: Archaludon|Stamina|boost\n|-boost|p2b: Archaludon|def|1\n|move|p2b: Archaludon|Flash Cannon|p1b: Hatterene|[miss]\n|-miss|p2b: Archaludon|p1b: Hatterene\n|\n|-weather|Snowscape|[upkeep]\n|upkeep\n|turn|4\n|\n|t:|1776131808\n|move|p1b: Hatterene|Heal Pulse|p1a: Abomasnow\n|-heal|p1a: Abomasnow|100/100\n|move|p1a: Abomasnow|Blizzard|p2b: Archaludon|[spread] p2a,p2b\n|-resisted|p2a: Beartic|1\n|-damage|p2a: Beartic|32/100\n|-damage|p2b: Archaludon|0 fnt\n|faint|p2b: Archaludon\n|move|p2a: Beartic|Rain Dance|p2a: Beartic\n|-weather|RainDance\n|\n|-weather|RainDance|[upkeep]\n|upkeep\n|\n|t:|1776131821\n|switch|p2b: Politoed|Politoed, L50, F|100/100\n|turn|5\n|inactive|Battle timer is ON: inactive players will automatically lose when time's up. (requested by sammyvv)\n|\n|t:|1776131841\n|switch|p1a: Milotic|Milotic, L50, M, shiny|100/100\n|move|p1b: Hatterene|Protect|p1b: Hatterene\n|-singleturn|p1b: Hatterene|Protect\n|move|p2b: Politoed|Muddy Water|p1b: Hatterene|[spread] p1a\n|-activate|p1b: Hatterene|move: Protect\n|-resisted|p1a: Milotic|1\n|-damage|p1a: Milotic|88/100\n|move|p2a: Beartic|Liquidation|p1a: Milotic\n|-resisted|p1a: Milotic|1\n|-damage|p1a: Milotic|75/100\n|\n|-weather|RainDance|[upkeep]\n|-fieldend|move: Trick Room\n|upkeep\n|turn|6\n|\n|t:|1776131864\n|switch|p2b: Meganium|Meganium, L50, M|100/100\n|switch|p1a: Abomasnow|Abomasnow-Mega, L50, F, shiny|100/100\n|-weather|Snowscape|[from] ability: Snow Warning|[of] p1a: Abomasnow\n|move|p2a: Beartic|Trailblaze|p1a: Abomasnow\n|-resisted|p1a: Abomasnow|1\n|-damage|p1a: Abomasnow|97/100\n|-boost|p2a: Beartic|spe|1\n|move|p1b: Hatterene|Trick Room|p1b: Hatterene\n|-fieldstart|move: Trick Room|[of] p1b: Hatterene\n|\n|-weather|Snowscape|[upkeep]\n|-sideend|p1: sammyvv|move: Aurora Veil\n|upkeep\n|turn|7\n|\n|t:|1776131888\n|switch|p2a: Politoed|Politoed, L50, F|100/100\n|-weather|RainDance|[from] ability: Drizzle|[of] p2a: Politoed\n|detailschange|p2b: Meganium|Meganium-Mega, L50, M\n|-mega|p2b: Meganium|Meganium|Meganiumite\n|move|p1b: Hatterene|Dazzling Gleam|p2a: Politoed|[spread] p2a,p2b\n|-damage|p2a: Politoed|73/100\n|-damage|p2b: Meganium|77/100\n|move|p1a: Abomasnow|Leech Seed|p2b: Meganium\n|-immune|p2b: Meganium\n|move|p2b: Meganium|Weather Ball|p1a: Abomasnow\n|-supereffective|p1a: Abomasnow|2\n|-damage|p1a: Abomasnow|0 fnt\n|faint|p1a: Abomasnow\n|\n|-weather|RainDance|[upkeep]\n|upkeep\n|\n|t:|1776131908\n|switch|p1a: Milotic|Milotic, L50, M, shiny|75/100\n|turn|8\n|\n|t:|1776131922\n|move|p1b: Hatterene|Dazzling Gleam|p2a: Politoed|[spread] p2a,p2b\n|-damage|p2a: Politoed|46/100\n|-damage|p2b: Meganium|53/100\n|-enditem|p2a: Politoed|Sitrus Berry|[eat]\n|-heal|p2a: Politoed|71/100|[from] item: Sitrus Berry\n|move|p1a: Milotic|Blizzard|p2a: Politoed|[spread] p2a\n|-miss|p1a: Milotic|p2b: Meganium\n|-resisted|p2a: Politoed|1\n|-damage|p2a: Politoed|56/100\n|move|p2a: Politoed|Psychic|p1a: Milotic\n|-damage|p1a: Milotic|54/100\n|move|p2b: Meganium|Solar Beam||[still]\n|-prepare|p2b: Meganium|Solar Beam\n|-activate|p2b: Meganium|ability: Mega Sol\n|-anim|p2b: Meganium|Solar Beam|p1a: Milotic\n|-supereffective|p1a: Milotic|1\n|-damage|p1a: Milotic|0 fnt\n|faint|p1a: Milotic\n|\n|-weather|RainDance|[upkeep]\n|upkeep\n|\n|t:|1776131943\n|switch|p1a: Avalugg|Avalugg-Hisui, L50, M|100/100\n|turn|9\n|\n|t:|1776131954\n|move|p1b: Hatterene|Dazzling Gleam|p2a: Politoed|[spread] p2a,p2b\n|-damage|p2a: Politoed|27/100\n|-damage|p2b: Meganium|30/100\n|move|p1a: Avalugg|Rock Slide|p2b: Meganium|[spread] p2a,p2b\n|-damage|p2a: Politoed|1/100\n|-damage|p2b: Meganium|8/100\n|cant|p2a: Politoed|flinch\n|move|p2b: Meganium|Solar Beam||[still]\n|-prepare|p2b: Meganium|Solar Beam\n|-activate|p2b: Meganium|ability: Mega Sol\n|-anim|p2b: Meganium|Solar Beam|p1a: Avalugg\n|-supereffective|p1a: Avalugg|1\n|-damage|p1a: Avalugg|0 fnt\n|faint|p1a: Avalugg\n|\n|-weather|RainDance|[upkeep]\n|upkeep\n|turn|10\n|\n|t:|1776131978\n|switch|p2b: Beartic|Beartic, L50, F|32/100\n|move|p1b: Hatterene|Dazzling Gleam|p2b: Beartic|[spread] p2a,p2b\n|-damage|p2a: Politoed|0 fnt\n|-damage|p2b: Beartic|2/100\n|faint|p2a: Politoed\n|\n|-weather|RainDance|[upkeep]\n|-fieldend|move: Trick Room\n|upkeep\n|\n|t:|1776131987\n|switch|p2a: Meganium|Meganium-Mega, L50, M|8/100\n|turn|11\n|\n|t:|1776131997\n|move|p2b: Beartic|Liquidation|p1b: Hatterene\n|-damage|p1b: Hatterene|12/100\n|move|p2a: Meganium|Solar Beam||[still]\n|-prepare|p2a: Meganium|Solar Beam\n|-activate|p2a: Meganium|ability: Mega Sol\n|-anim|p2a: Meganium|Solar Beam|p1b: Hatterene\n|-damage|p1b: Hatterene|0 fnt\n|faint|p1b: Hatterene\n|\n|win|pacrat27\n|raw|sammyvv's rating: 1157 &rarr; <strong>1129</strong><br />(-28 for losing)\n|raw|pacrat27's rating: 1112 &rarr; <strong>1140</strong><br />(+28 for winning)\n|c|\u2606pacrat27|Gg\n|l|\u2606sammyvv\n|player|p1|\n",
  "uploadtime": 1776132019,
  "views": 14,
  "formatid": "gen9championsvgc2026regma",
  "rating": 1129,
  "private": 0,
  "password": null
}