{
  "id": "gen9championsvgc2026regma-2587843035",
  "format": "[Gen 9 Champions] VGC 2026 Reg M-A",
  "players": [
    "buenasera",
    "Andrwii"
  ],
  "log": "|j|\u2606buenasera\n|j|\u2606Andrwii\n|t:|1776569719\n|gametype|doubles\n|player|p1|buenasera|266|1009\n|player|p2|Andrwii|flannery|1000\n|gen|9\n|tier|[Gen 9 Champions] VGC 2026 Reg M-A\n|rated|\n|rule|Species Clause: Limit one of each Pok\u00e9mon\n|rule|Item Clause: Limit 1 of each item\n|clearpoke\n|poke|p1|Floette-Eternal, L50, F|\n|poke|p1|Sableye, L50, F|\n|poke|p1|Espathra, L50, F|\n|poke|p1|Gengar, L50, M|\n|poke|p1|Whimsicott, L50, F|\n|poke|p1|Incineroar, L50, F|\n|poke|p2|Tyranitar, L50, F|\n|poke|p2|Sneasler, L50, F|\n|poke|p2|Aggron, L50, F|\n|poke|p2|Sinistcha, L50|\n|poke|p2|Basculegion, L50, M|\n|poke|p2|Farigiraf, L50, M|\n|teampreview|4\n|c|\u2606Andrwii|salve\n|c|\u2606buenasera|opa\n|c|\u2606Andrwii|pra quem nn tem switch\n|c|\u2606Andrwii|tamo aqui kkkkkkkkkk\n|c|\u2606buenasera|kkkkkkk\n|c|\u2606buenasera|melhor que nada kkkk\n|\n|t:|1776569767\n|teamsize|p1|4\n|teamsize|p2|4\n|start\n|switch|p1a: Espathra|Espathra, L50, F|100/100\n|switch|p1b: Sableye|Sableye, L50, F|100/100\n|switch|p2a: Aggron|Aggron, L50, F|100/100\n|switch|p2b: Basculegion|Basculegion, L50, M|100/100\n|turn|1\n|c|\u2606buenasera|mas porra 4k reais em um switch mais 500 reais no jogo\n|c|\u2606buenasera|to \u00f3timo aqui\n|c|\u2606Andrwii|kkkkkkkkkkkkkkk\n|\n|t:|1776569817\n|move|p1b: Sableye|Fake Out|p2a: Aggron\n|-resisted|p2a: Aggron|2\n|-damage|p2a: Aggron|99/100\n|move|p2b: Basculegion|Flip Turn|p1a: Espathra\n|-damage|p1a: Espathra|67/100\n|\n|t:|1776569827\n|switch|p2b: Sinistcha|Sinistcha, L50|100/100|[from] Flip Turn\n|-heal|p2a: Aggron|100/100|[from] ability: Hospitality|[of] p2b: Sinistcha\n|move|p1a: Espathra|Calm Mind|p1a: Espathra\n|-boost|p1a: Espathra|spa|1\n|-boost|p1a: Espathra|spd|1\n|cant|p2a: Aggron|flinch\n|\n|-ability|p1a: Espathra|Speed Boost|boost\n|-boost|p1a: Espathra|spe|1\n|upkeep\n|turn|2\n|\n|t:|1776569856\n|switch|p2b: Tyranitar|Tyranitar, L50, F|100/100\n|-weather|Sandstorm|[from] ability: Sand Stream|[of] p2b: Tyranitar\n|move|p1b: Sableye|Encore|p2b: Tyranitar\n|-hint|Since gen 7, Dark is immune to Prankster moves.\n|-immune|p2b: Tyranitar\n|move|p1a: Espathra|Calm Mind|p1a: Espathra\n|-boost|p1a: Espathra|spa|1\n|-boost|p1a: Espathra|spd|1\n|move|p2a: Aggron|Iron Defense|p2a: Aggron\n|-boost|p2a: Aggron|def|2\n|\n|-weather|Sandstorm|[upkeep]\n|-damage|p1a: Espathra|61/100|[from] Sandstorm\n|-damage|p1b: Sableye|95/100|[from] Sandstorm\n|-ability|p1a: Espathra|Speed Boost|boost\n|-boost|p1a: Espathra|spe|1\n|upkeep\n|turn|3\n|\n|t:|1776569879\n|move|p1b: Sableye|Encore|p2a: Aggron\n|-start|p2a: Aggron|Encore\n|move|p1a: Espathra|Baton Pass|p1a: Espathra\n|\n|t:|1776569886\n|switch|p1a: Floette|Floette-Eternal, L50, F|100/100|[from] Baton Pass\n|move|p2b: Tyranitar|Crunch|p1a: Floette\n|-resisted|p1a: Floette|1\n|-crit|p1a: Floette\n|-damage|p1a: Floette|41/100\n|-unboost|p1a: Floette|def|1\n|move|p2a: Aggron|Iron Defense|p2a: Aggron\n|-boost|p2a: Aggron|def|2\n|\n|-weather|Sandstorm|[upkeep]\n|-damage|p1a: Floette|35/100|[from] Sandstorm\n|-damage|p1b: Sableye|89/100|[from] Sandstorm\n|upkeep\n|turn|4\n|\n|t:|1776569909\n|detailschange|p1a: Floette|Floette-Mega, L50, F\n|-mega|p1a: Floette|Floette|Floettite\n|-ability|p1a: Floette|Fairy Aura\n|move|p2b: Tyranitar|Protect|p2b: Tyranitar\n|-singleturn|p2b: Tyranitar|Protect\n|move|p1b: Sableye|Rain Dance|p1b: Sableye\n|-weather|RainDance\n|move|p1a: Floette|Draining Kiss|p2b: Tyranitar\n|-activate|p2b: Tyranitar|move: Protect\n|move|p2a: Aggron|Iron Defense|p2a: Aggron\n|-boost|p2a: Aggron|def|2\n|\n|-weather|RainDance|[upkeep]\n|upkeep\n|turn|5\n|\n|t:|1776569925\n|switch|p2b: Basculegion|Basculegion, L50, M|100/100\n|move|p1b: Sableye|Encore||[still]\n|-fail|p1b: Sableye\n|move|p1a: Floette|Draining Kiss|p2b: Basculegion\n|-damage|p2b: Basculegion|7/100\n|-heal|p1a: Floette|100/100|[from] drain|[of] p2b: Basculegion\n|move|p2a: Aggron|Iron Defense|p2a: Aggron\n|-boost|p2a: Aggron|def|0\n|\n|-weather|RainDance|[upkeep]\n|-end|p2a: Aggron|Encore\n|upkeep\n|turn|6\n|\n|t:|1776569953\n|move|p1a: Floette|Protect|p1a: Floette\n|-singleturn|p1a: Floette|Protect\n|move|p1b: Sableye|Encore|p2a: Aggron\n|-start|p2a: Aggron|Encore\n|move|p2b: Basculegion|Flip Turn|p1a: Floette\n|-activate|p1a: Floette|move: Protect\n|move|p2a: Aggron|Iron Defense|p2a: Aggron\n|-boost|p2a: Aggron|def|0\n|\n|-weather|RainDance|[upkeep]\n|upkeep\n|turn|7\n|c|\u2606Andrwii|mosquei\n|\n|t:|1776569967\n|move|p1b: Sableye|Disable|p2b: Basculegion\n|-start|p2b: Basculegion|Disable|Flip Turn\n|move|p1a: Floette|Draining Kiss|p2b: Basculegion\n|-damage|p2b: Basculegion|0 fnt\n|faint|p2b: Basculegion\n|move|p2a: Aggron|Iron Defense|p2a: Aggron\n|-boost|p2a: Aggron|def|0\n|\n|-weather|RainDance|[upkeep]\n|upkeep\n|c|\u2606buenasera|hehe\n|\n|t:|1776569977\n|switch|p2b: Tyranitar|Tyranitar, L50, F|100/100\n|-weather|Sandstorm|[from] ability: Sand Stream|[of] p2b: Tyranitar\n|turn|8\n|c|\u2606buenasera|amo essas estrat\u00e9gias desgra\u00e7adas kkkk\n|\n|t:|1776569988\n|move|p1b: Sableye|Rain Dance|p1b: Sableye\n|-weather|RainDance\n|move|p1a: Floette|Draining Kiss|p2b: Tyranitar\n|-supereffective|p2b: Tyranitar|1\n|-damage|p2b: Tyranitar|0 fnt\n|faint|p2b: Tyranitar\n|move|p2a: Aggron|Iron Defense|p2a: Aggron\n|-boost|p2a: Aggron|def|0\n|\n|-weather|RainDance|[upkeep]\n|-end|p2a: Aggron|Encore\n|upkeep\n|\n|t:|1776569997\n|switch|p2b: Sinistcha|Sinistcha, L50|100/100\n|turn|9\n|\n|t:|1776570019\n|detailschange|p2a: Aggron|Aggron-Mega, L50, F\n|-mega|p2a: Aggron|Aggron|Aggronite\n|move|p1b: Sableye|Encore||[still]\n|-fail|p1b: Sableye\n|move|p1a: Floette|Stored Power|p2b: Sinistcha|[miss]\n|-miss|p1a: Floette|p2b: Sinistcha\n|move|p2a: Aggron|Body Press|p1a: Floette\n|-resisted|p1a: Floette|1\n|-damage|p1a: Floette|0 fnt\n|faint|p1a: Floette\n|move|p2b: Sinistcha|Trick Room|p2b: Sinistcha\n|-fieldstart|move: Trick Room|[of] p2b: Sinistcha\n|\n|-weather|RainDance|[upkeep]\n|upkeep\n|c|\u2606buenasera|queeee?\n|c|\u2606Andrwii|calma\n|\n|t:|1776570042\n|switch|p1a: Gengar|Gengar, L50, M|100/100\n|turn|10\n|c|\u2606buenasera|kkkk nossa n tinha visto que tinha acabado o encore\n|\n|t:|1776570064\n|move|p1b: Sableye|Disable|p2a: Aggron\n|-start|p2a: Aggron|Disable|Body Press\n|move|p2a: Aggron|Heavy Slam|p1a: Gengar\n|-damage|p1a: Gengar|0 fnt\n|faint|p1a: Gengar\n|move|p2b: Sinistcha|Matcha Gotcha|p1b: Sableye\n|-damage|p1b: Sableye|34/100\n|\n|-weather|RainDance|[upkeep]\n|upkeep\n|c|\u2606buenasera|mds e denovo aa\n|\n|t:|1776570078\n|switch|p1a: Espathra|Espathra, L50, F|61/100\n|turn|11\n|\n|t:|1776570091\n|move|p1a: Espathra|Protect|p1a: Espathra\n|-singleturn|p1a: Espathra|Protect\n|move|p1b: Sableye|Encore|p2b: Sinistcha\n|-start|p2b: Sinistcha|Encore\n|move|p2a: Aggron|Heavy Slam|p1a: Espathra\n|-activate|p1a: Espathra|move: Protect\n|move|p2b: Sinistcha|Matcha Gotcha|p1b: Sableye|[spread] p1b\n|-activate|p1a: Espathra|move: Protect\n|-damage|p1b: Sableye|0 fnt\n|faint|p1b: Sableye\n|\n|-weather|RainDance|[upkeep]\n|-ability|p1a: Espathra|Speed Boost|boost\n|-boost|p1a: Espathra|spe|1\n|upkeep\n|turn|12\n|\n|t:|1776570112\n|move|p2a: Aggron|Heavy Slam|p1a: Espathra\n|-damage|p1a: Espathra|24/100\n|move|p2b: Sinistcha|Matcha Gotcha|p1a: Espathra\n|-damage|p1a: Espathra|0 fnt\n|faint|p1a: Espathra\n|\n|win|Andrwii\n|raw|buenasera's rating: 1009 &rarr; <strong>1000</strong><br />(-9 for losing)\n|raw|Andrwii's rating: 1000 &rarr; <strong>1041</strong><br />(+41 for winning)\n|c|\u2606buenasera|nossa eu mosquei demais agora kkkk\n|c|\u2606buenasera|mas bom jogo kk\n|c|\u2606Andrwii|gg mani\n|c|\u2606Andrwii|kkkkkkkkk\n|c|\u2606buenasera|gg\n|l|\u2606buenasera\n|player|p1|\n|c|\u2606Andrwii|a habilidade do ultimo matou\n|c|\u2606Andrwii|kkkkkkkk\n|c|\u2606Andrwii|gg\n",
  "uploadtime": 1776570240,
  "views": 9,
  "formatid": "gen9championsvgc2026regma",
  "rating": 1000,
  "private": 0,
  "password": null
}