{
  "id": "gen9championsvgc2026regma-2586151274",
  "format": "[Gen 9 Champions] VGC 2026 Reg M-A",
  "players": [
    "Zhi2",
    "colinprk"
  ],
  "log": "|j|\u2606Zhi2\n|j|\u2606colinprk\n|t:|1776405493\n|gametype|doubles\n|player|p1|Zhi2|169|1168\n|player|p2|colinprk|102|1071\n|gen|9\n|tier|[Gen 9 Champions] VGC 2026 Reg M-A\n|rated|\n|rule|Species Clause: Limit one of each Pok\u00e9mon\n|rule|Item Clause: Limit 1 of each item\n|clearpoke\n|poke|p1|Pelipper, L50, F|\n|poke|p1|Blastoise, L50, M|\n|poke|p1|Starmie, L50|\n|poke|p1|Sinistcha, L50|\n|poke|p1|Kingambit, L50, M|\n|poke|p1|Garchomp, L50, M|\n|poke|p2|Emboar, L50, F|\n|poke|p2|Conkeldurr, L50, F|\n|poke|p2|Cofagrigus, L50, F|\n|poke|p2|Reuniclus, L50, F|\n|poke|p2|Incineroar, L50, F|\n|poke|p2|Hydreigon, L50, F|\n|teampreview|4\n|inactive|Battle timer is ON: inactive players will automatically lose when time's up. (requested by colinprk)\n|inactive|Zhi2 has 60 seconds left.\n|inactive|colinprk has 60 seconds left.\ncolinprk rejected open team sheets.\n|\n|t:|1776405549\n|teamsize|p1|4\n|teamsize|p2|4\n|start\n|switch|p1a: Kingambit|Kingambit, L50, M|100/100\n|switch|p1b: Garchomp|Garchomp, L50, M|100/100\n|switch|p2a: Incineroar|Incineroar, L50, F, shiny|100/100\n|switch|p2b: Hydreigon|Hydreigon, L50, F|100/100\n|-ability|p2a: Incineroar|Intimidate|boost\n|-unboost|p1a: Kingambit|atk|1\n|-ability|p1a: Kingambit|Defiant|boost\n|-boost|p1a: Kingambit|atk|2\n|-unboost|p1b: Garchomp|atk|1\n|turn|1\n|inactive|colinprk has 30 seconds left.\n|inactive|colinprk has 20 seconds left.\n|\n|t:|1776405585\n|move|p2a: Incineroar|Fake Out|p1b: Garchomp\n|-damage|p1b: Garchomp|86/100\n|-damage|p2a: Incineroar|88/100|[from] ability: Rough Skin|[of] p1b: Garchomp\n|cant|p1b: Garchomp|flinch\n|move|p2b: Hydreigon|Tailwind|p2b: Hydreigon\n|-sidestart|p2: colinprk|move: Tailwind\n|move|p1a: Kingambit|Brick Break|p2a: Incineroar\n|-supereffective|p2a: Incineroar|1\n|-damage|p2a: Incineroar|3/100\n|\n|upkeep\n|turn|2\n|\n|t:|1776405605\n|move|p2b: Hydreigon|Draco Meteor|p1b: Garchomp\n|-supereffective|p1b: Garchomp|1\n|-damage|p1b: Garchomp|0 fnt\n|-unboost|p2b: Hydreigon|spa|2\n|faint|p1b: Garchomp\n|move|p2a: Incineroar|Parting Shot|p1a: Kingambit\n|-unboost|p1a: Kingambit|atk|1\n|-ability|p1a: Kingambit|Defiant|boost\n|-boost|p1a: Kingambit|atk|2\n|-unboost|p1a: Kingambit|spa|1\n|-ability|p1a: Kingambit|Defiant|boost\n|-boost|p1a: Kingambit|atk|2\n|\n|t:|1776405621\n|switch|p2a: Reuniclus|Reuniclus, L50, F|100/100|[from] Parting Shot\n|move|p1a: Kingambit|Iron Head|p2b: Hydreigon\n|-enditem|p2b: Hydreigon|Focus Sash\n|-damage|p2b: Hydreigon|1/100\n|\n|upkeep\n|\n|t:|1776405636\n|switch|p1b: Sinistcha|Sinistcha, L50|100/100\n|turn|3\n|\n|t:|1776405651\n|move|p2b: Hydreigon|Dark Pulse|p1b: Sinistcha\n|-supereffective|p1b: Sinistcha|1\n|-damage|p1b: Sinistcha|66/100\n|move|p2a: Reuniclus|Psychic|p1b: Sinistcha\n|-damage|p1b: Sinistcha|24/100\n|move|p1b: Sinistcha|Matcha Gotcha|p2a: Reuniclus|[spread] p2a,p2b\n|-resisted|p2b: Hydreigon|1\n|-damage|p2a: Reuniclus|76/100\n|-heal|p1b: Sinistcha|39/100|[from] drain|[of] p2a: Reuniclus\n|-damage|p2b: Hydreigon|0 fnt\n|-heal|p1b: Sinistcha|39/100|[from] drain|[of] p2b: Hydreigon\n|faint|p2b: Hydreigon\n|move|p1a: Kingambit|Iron Head|p2a: Reuniclus\n|-damage|p2a: Reuniclus|0 fnt\n|faint|p2a: Reuniclus\n|\n|upkeep\n|\n|t:|1776405669\n|switch|p2b: Incineroar|Incineroar, L50, F, shiny|3/100\n|switch|p2a: Emboar|Emboar, L50, F|100/100\n|-ability|p2b: Incineroar|Intimidate|boost\n|-unboost|p1a: Kingambit|atk|1\n|-ability|p1a: Kingambit|Defiant|boost\n|-boost|p1a: Kingambit|atk|2\n|-unboost|p1b: Sinistcha|atk|1\n|turn|4\n|\n|t:|1776405688\n|detailschange|p2a: Emboar|Emboar-Mega, L50, F\n|-mega|p2a: Emboar|Emboar|Emboarite\n|-ability|p2a: Emboar|Mold Breaker\n|move|p1a: Kingambit|Protect|p1a: Kingambit\n|-singleturn|p1a: Kingambit|Protect\n|move|p2b: Incineroar|Fake Out|p1a: Kingambit\n|-activate|p1a: Kingambit|move: Protect\n|move|p2a: Emboar|Flare Blitz|p1a: Kingambit\n|-activate|p1a: Kingambit|move: Protect\n|move|p1b: Sinistcha|Scald|p2b: Incineroar\n|-supereffective|p2b: Incineroar|1\n|-damage|p2b: Incineroar|0 fnt\n|faint|p2b: Incineroar\n|\n|-sideend|p2: colinprk|move: Tailwind\n|upkeep\n|turn|5\n|inactive|Zhi2 has 30 seconds left.\n|inactive|Zhi2 has 20 seconds left.\n|\n|t:|1776405728\n|switch|p1b: Pelipper|Pelipper, L50, F|100/100\n|-weather|RainDance|[from] ability: Drizzle|[of] p1b: Pelipper\n|move|p2a: Emboar|Flare Blitz|p1a: Kingambit\n|-supereffective|p1a: Kingambit|1\n|-damage|p1a: Kingambit|45/100\n|-damage|p2a: Emboar|80/100|[from] Recoil\n|move|p1a: Kingambit|Brick Break|p2a: Emboar\n|-damage|p2a: Emboar|0 fnt\n|faint|p2a: Emboar\n|\n|win|Zhi2\n|raw|Zhi2's rating: 1168 &rarr; <strong>1186</strong><br />(+18 for winning)\n|raw|colinprk's rating: 1071 &rarr; <strong>1056</strong><br />(-15 for losing)\n|l|\u2606colinprk\n|player|p2|\n",
  "uploadtime": 1776405740,
  "views": 18,
  "formatid": "gen9championsvgc2026regma",
  "rating": 1056,
  "private": 0,
  "password": null
}