{
  "id": "gen9championsvgc2026regma-2584780275",
  "format": "[Gen 9 Champions] VGC 2026 Reg M-A",
  "players": [
    "skippiii",
    "benjiapollo"
  ],
  "log": "|j|\u2606skippiii\n|j|\u2606benjiapollo\n|t:|1776283134\n|gametype|doubles\n|player|p1|skippiii|102|1085\n|player|p2|benjiapollo|giovanni|1094\n|gen|9\n|tier|[Gen 9 Champions] VGC 2026 Reg M-A\n|rated|\n|rule|Species Clause: Limit one of each Pok\u00e9mon\n|rule|Item Clause: Limit 1 of each item\n|clearpoke\n|poke|p1|Whimsicott, L50, M|\n|poke|p1|Incineroar, L50, F|\n|poke|p1|Kangaskhan, L50, F|\n|poke|p1|Garchomp, L50, F|\n|poke|p1|Sinistcha-Masterpiece, L50|\n|poke|p1|Gengar, L50, F|\n|poke|p2|Basculegion, L50, M|\n|poke|p2|Charizard, L50, F|\n|poke|p2|Kingambit, L50, F|\n|poke|p2|Sneasler, L50, F|\n|poke|p2|Venusaur, L50, M|\n|poke|p2|Talonflame, L50, M|\n|teampreview|4\n|inactive|Battle timer is ON: inactive players will automatically lose when time's up. (requested by skippiii)\n|\n|t:|1776283155\n|teamsize|p1|4\n|teamsize|p2|4\n|start\n|switch|p1a: Kangaskhan|Kangaskhan, L50, F|100/100\n|switch|p1b: Whimsicott|Whimsicott, L50, M|100/100\n|switch|p2a: Talonflame|Talonflame, L50, M|100/100\n|switch|p2b: Kingambit|Kingambit, L50, F|100/100\n|turn|1\n|inactive|skippiii has 30 seconds left.\n|\n|t:|1776283181\n|detailschange|p1a: Kangaskhan|Kangaskhan-Mega, L50, F\n|-mega|p1a: Kangaskhan|Kangaskhan|Kangaskhanite\n|move|p2a: Talonflame|Quick Guard|p2a: Talonflame\n|-singleturn|p2a: Talonflame|Quick Guard\n|move|p1a: Kangaskhan|Fake Out|p2b: Kingambit\n|-activate|p2b: Kingambit|move: Quick Guard\n|move|p1b: Whimsicott|Taunt|p2a: Talonflame\n|-activate|p2a: Talonflame|move: Quick Guard\n|move|p2b: Kingambit|Iron Head|p1b: Whimsicott\n|-supereffective|p1b: Whimsicott|1\n|-enditem|p1b: Whimsicott|Focus Sash\n|-damage|p1b: Whimsicott|1/100\n|\n|upkeep\n|turn|2\n|inactive|skippiii has 30 seconds left.\n|inactive|benjiapollo has 30 seconds left.\n|\n|t:|1776283209\n|move|p2a: Talonflame|Tailwind|p2a: Talonflame\n|-sidestart|p2: benjiapollo|move: Tailwind\n|move|p1b: Whimsicott|Tailwind|p1b: Whimsicott\n|-sidestart|p1: skippiii|move: Tailwind\n|move|p1a: Kangaskhan|Drain Punch|p2b: Kingambit\n|-supereffective|p2b: Kingambit|2\n|-damage|p2b: Kingambit|31/100\n|-supereffective|p2b: Kingambit|2\n|-damage|p2b: Kingambit|14/100\n|-hitcount|p2b: Kingambit|2\n|move|p2b: Kingambit|Kowtow Cleave|p1a: Kangaskhan\n|-damage|p1a: Kangaskhan|41/100\n|\n|upkeep\n|turn|3\n|\n|t:|1776283228\n|switch|p1b: Sinistcha|Sinistcha-Masterpiece, L50|100/100\n|-heal|p1a: Kangaskhan|65/100|[from] ability: Hospitality|[of] p1b: Sinistcha\n|move|p2b: Kingambit|Protect|p2b: Kingambit\n|-singleturn|p2b: Kingambit|Protect\n|move|p2a: Talonflame|Brave Bird|p1b: Sinistcha\n|-supereffective|p1b: Sinistcha|1\n|-damage|p1b: Sinistcha|27/100\n|-enditem|p1b: Sinistcha|Sitrus Berry|[eat]\n|-heal|p1b: Sinistcha|51/100|[from] item: Sitrus Berry\n|-damage|p2a: Talonflame|77/100|[from] Recoil\n|move|p1a: Kangaskhan|Drain Punch|p2b: Kingambit\n|-activate|p2b: Kingambit|move: Protect\n|\n|upkeep\n|turn|4\n|\n|t:|1776283245\n|switch|p2b: Basculegion|Basculegion, L50, M|100/100\n|move|p2a: Talonflame|Brave Bird|p1b: Sinistcha\n|-supereffective|p1b: Sinistcha|1\n|-damage|p1b: Sinistcha|0 fnt\n|faint|p1b: Sinistcha\n|-damage|p2a: Talonflame|62/100|[from] Recoil\n|move|p1a: Kangaskhan|Drain Punch|p2b: Basculegion\n|-immune|p2b: Basculegion\n|\n|upkeep\n|\n|t:|1776283257\n|switch|p1b: Garchomp|Garchomp, L50, F|100/100\n|turn|5\n|\n|t:|1776283281\n|move|p1b: Garchomp|Rock Slide|p2a: Talonflame|[spread] p2a,p2b\n|-supereffective|p2a: Talonflame|2\n|-damage|p2a: Talonflame|0 fnt\n|-damage|p2b: Basculegion|75/100\n|faint|p2a: Talonflame\n|cant|p2b: Basculegion|flinch\n|move|p1a: Kangaskhan|Double-Edge|p2b: Basculegion\n|-immune|p2b: Basculegion\n|\n|-sideend|p2: benjiapollo|move: Tailwind\n|-sideend|p1: skippiii|move: Tailwind\n|upkeep\n|\n|t:|1776283291\n|switch|p2a: Charizard|Charizard, L50, F|100/100\n|turn|6\n|\n|t:|1776283302\n|detailschange|p2a: Charizard|Charizard-Mega-X, L50, F\n|-mega|p2a: Charizard|Charizard|Charizardite X\n|move|p1a: Kangaskhan|Sucker Punch|p2b: Basculegion\n|-supereffective|p2b: Basculegion|1\n|-damage|p2b: Basculegion|16/100\n|-supereffective|p2b: Basculegion|1\n|-damage|p2b: Basculegion|2/100\n|-hitcount|p2b: Basculegion|2\n|move|p1b: Garchomp|Rock Slide|p2a: Charizard|[spread] p2b\n|-miss|p1b: Garchomp|p2a: Charizard\n|-damage|p2b: Basculegion|0 fnt\n|faint|p2b: Basculegion\n|move|p2a: Charizard|Dragon Claw|p1b: Garchomp\n|-supereffective|p1b: Garchomp|1\n|-damage|p1b: Garchomp|0 fnt\n|-damage|p2a: Charizard|88/100|[from] ability: Rough Skin|[of] p1b: Garchomp\n|faint|p1b: Garchomp\n|\n|upkeep\n|\n|t:|1776283317\n|switch|p1b: Whimsicott|Whimsicott, L50, M|1/100\n|switch|p2b: Kingambit|Kingambit, L50, F|14/100\n|turn|7\n|\n|t:|1776283332\n|move|p1b: Whimsicott|Tailwind|p1b: Whimsicott\n|-sidestart|p1: skippiii|move: Tailwind\n|move|p2b: Kingambit|Sucker Punch||[still]\n|-fail|p2b: Kingambit\n|move|p1a: Kangaskhan|Drain Punch|p2b: Kingambit\n|-supereffective|p2b: Kingambit|2\n|-damage|p2b: Kingambit|0 fnt\n|-heal|p1a: Kangaskhan|73/100|[from] drain|[of] p2b: Kingambit\n|faint|p2b: Kingambit\n|-hitcount|p2: Kingambit|1\n|move|p2a: Charizard|Flare Blitz|p1a: Kangaskhan\n|-damage|p1a: Kangaskhan|0 fnt\n|faint|p1a: Kangaskhan\n|-damage|p2a: Charizard|59/100|[from] Recoil\n|\n|upkeep\n|turn|8\n|\n|t:|1776283350\n|move|p1b: Whimsicott|Moonblast|p2a: Charizard\n|-damage|p2a: Charizard|14/100\n|move|p2a: Charizard|Thunder Punch|p1b: Whimsicott\n|-resisted|p1b: Whimsicott|1\n|-damage|p1b: Whimsicott|0 fnt\n|faint|p1b: Whimsicott\n|\n|win|benjiapollo\n|raw|skippiii's rating: 1085 &rarr; <strong>1063</strong><br />(-22 for losing)\n|raw|benjiapollo's rating: 1094 &rarr; <strong>1119</strong><br />(+25 for winning)\n|l|\u2606skippiii\n|player|p1|\n",
  "uploadtime": 1776283359,
  "views": 25,
  "formatid": "gen9championsvgc2026regma",
  "rating": 1063,
  "private": 0,
  "password": null
}