{
  "id": "gen9championsvgc2026regma-2586525051",
  "format": "[Gen 9 Champions] VGC 2026 Reg M-A",
  "players": [
    "iD0ntSweep",
    "yauyauyauyauyau"
  ],
  "log": "|j|\u2606iD0ntSweep\n|j|\u2606yauyauyauyauyau\n|t:|1776440596\n|gametype|doubles\n|player|p1|iD0ntSweep|elesa|1081\n|player|p2|yauyauyauyauyau|169|1000\n|gen|9\n|tier|[Gen 9 Champions] VGC 2026 Reg M-A\n|rated|\n|rule|Species Clause: Limit one of each Pok\u00e9mon\n|rule|Item Clause: Limit 1 of each item\n|clearpoke\n|poke|p1|Meowstic, L50, M|\n|poke|p1|Alakazam, L50, F|\n|poke|p1|Milotic, L50, F|\n|poke|p1|Aerodactyl, L50, F|\n|poke|p1|Dragapult, L50, F|\n|poke|p1|Rotom-Wash, L50|\n|poke|p2|Lucario, L50, F|\n|poke|p2|Gengar, L50, F|\n|poke|p2|Primarina, L50, M|\n|poke|p2|Dragonite, L50, M|\n|poke|p2|Sandaconda, L50, F|\n|poke|p2|Incineroar, L50, F|\n|teampreview|4\n|inactive|Battle timer is ON: inactive players will automatically lose when time's up. (requested by iD0ntSweep)\n|\n|t:|1776440620\n|teamsize|p1|4\n|teamsize|p2|4\n|start\n|switch|p1a: Dragapult|Dragapult, L50, F, shiny|100/100\n|switch|p1b: Milotic|Milotic, L50, F, shiny|100/100\n|switch|p2a: Primarina|Primarina, L50, M|100/100\n|switch|p2b: Incineroar|Incineroar, L50, F|100/100\n|-ability|p2b: Incineroar|Intimidate|boost\n|-fail|p1a: Dragapult|unboost|[from] ability: Clear Body|[of] p1a: Dragapult\n|-unboost|p1b: Milotic|atk|1\n|-ability|p1b: Milotic|Competitive|boost\n|-boost|p1b: Milotic|spa|2\n|turn|1\n|\n|t:|1776440636\n|move|p1b: Milotic|Protect|p1b: Milotic\n|-singleturn|p1b: Milotic|Protect\n|move|p2b: Incineroar|Fake Out|p1b: Milotic\n|-activate|p1b: Milotic|move: Protect\n|move|p1a: Dragapult|Phantom Force||[still]\n|-prepare|p1a: Dragapult|Phantom Force\n|move|p2a: Primarina|Shadow Ball|p1a: Dragapult|[miss]\n|-miss|p2a: Primarina|p1a: Dragapult\n|\n|upkeep\n|turn|2\n|\n|t:|1776440660\n|move|p1a: Dragapult|Phantom Force|p2a: Primarina|[from] lockedmove\n|-damage|p2a: Primarina|55/100\n|move|p1b: Milotic|Scald|p2b: Incineroar\n|-supereffective|p2b: Incineroar|1\n|-damage|p2b: Incineroar|0 fnt\n|faint|p2b: Incineroar\n|move|p2a: Primarina|Shadow Ball|p1a: Dragapult\n|-supereffective|p1a: Dragapult|1\n|-damage|p1a: Dragapult|17/100\n|\n|upkeep\n|\n|t:|1776440670\n|switch|p2b: Gengar|Gengar, L50, F|100/100\n|turn|3\n|\n|t:|1776440690\n|move|p2b: Gengar|Sludge Bomb|p1b: Milotic\n|-damage|p1b: Milotic|62/100\n|-status|p1b: Milotic|psn\n|move|p1a: Dragapult|Phantom Force||[still]\n|-prepare|p1a: Dragapult|Phantom Force\n|move|p1b: Milotic|Icy Wind|p2a: Primarina|[spread] p2b\n|-miss|p1b: Milotic|p2a: Primarina\n|-damage|p2b: Gengar|63/100\n|-unboost|p2b: Gengar|spe|1\n|move|p2a: Primarina|Hyper Voice|p1b: Milotic|[spread] p1b\n|-miss|p2a: Primarina|p1a: Dragapult\n|-resisted|p1b: Milotic|1\n|-damage|p1b: Milotic|45/100 psn\n|\n|-heal|p1b: Milotic|51/100 psn|[from] item: Leftovers\n|-damage|p1b: Milotic|39/100 psn|[from] psn\n|upkeep\n|turn|4\n|inactive|yauyauyauyauyau has 30 seconds left.\n|inactive|yauyauyauyauyau has 20 seconds left.\n|\n|t:|1776440728\n|switch|p2a: Dragonite|Dragonite, L50, M|100/100\n|move|p1b: Milotic|Protect|p1b: Milotic\n|-singleturn|p1b: Milotic|Protect\n|move|p1a: Dragapult|Phantom Force|p2b: Gengar|[from] lockedmove\n|-supereffective|p2b: Gengar|1\n|-damage|p2b: Gengar|0 fnt\n|faint|p2b: Gengar\n|\n|-heal|p1b: Milotic|45/100 psn|[from] item: Leftovers\n|-damage|p1b: Milotic|32/100 psn|[from] psn\n|upkeep\n|\n|t:|1776440741\n|switch|p2b: Primarina|Primarina, L50, M|55/100\n|turn|5\n|\n|t:|1776440751\n|detailschange|p2a: Dragonite|Dragonite-Mega, L50, M\n|-mega|p2a: Dragonite|Dragonite|Dragoninite\n|move|p1a: Dragapult|Dragon Darts|p2a: Dragonite\n|-supereffective|p2a: Dragonite|1\n|-damage|p2a: Dragonite|79/100\n|-anim|p1a: Dragapult|Dragon Darts|p2a: Dragonite\n|-supereffective|p2a: Dragonite|1\n|-damage|p2a: Dragonite|41/100\n|move|p2a: Dragonite|Thunderbolt|p1b: Milotic\n|-supereffective|p1b: Milotic|1\n|-damage|p1b: Milotic|0 fnt\n|faint|p1b: Milotic\n|move|p2b: Primarina|Hyper Voice|p1a: Dragapult\n|-resisted|p1a: Dragapult|1\n|-damage|p1a: Dragapult|0 fnt\n|faint|p1a: Dragapult\n|\n|upkeep\n|\n|t:|1776440763\n|switch|p1a: Alakazam|Alakazam, L50, F|100/100\n|switch|p1b: Meowstic|Meowstic, L50, M|100/100\n|turn|6\n|\n|t:|1776440776\n|detailschange|p1a: Alakazam|Alakazam-Mega, L50, F\n|-mega|p1a: Alakazam|Alakazam|Alakazite\n|-ability|p1a: Alakazam|Liquid Voice|Trace|[from] ability: Trace|[of] p2b: Primarina\n|move|p1b: Meowstic|Psychic Terrain|p1b: Meowstic\n|-fieldstart|move: Psychic Terrain\n|move|p1a: Alakazam|Expanding Force|p2b: Primarina|[spread] p2a,p2b\n|-damage|p2a: Dragonite|0 fnt\n|-damage|p2b: Primarina|0 fnt\n|faint|p2a: Dragonite\n|faint|p2b: Primarina\n|\n|win|iD0ntSweep\n|raw|iD0ntSweep's rating: 1081 &rarr; <strong>1102</strong><br />(+21 for winning)\n|raw|yauyauyauyauyau's rating: 1000 &rarr; <strong>1000</strong><br />(+0 for losing)\n|l|\u2606yauyauyauyauyau\n|player|p2|\n",
  "uploadtime": 1776440792,
  "views": 21,
  "formatid": "gen9championsvgc2026regma",
  "rating": 1000,
  "private": 0,
  "password": null
}