{
  "id": "gen9championsvgc2026regma-2582214734",
  "format": "[Gen 9 Champions] VGC 2026 Reg M-A",
  "players": [
    "MiikeAMG",
    "thewi7"
  ],
  "log": "|j|\u2606MiikeAMG\n|j|\u2606thewi7\n|t:|1776072191\n|gametype|doubles\n|player|p1|MiikeAMG|266|1000\n|player|p2|thewi7|preschoolerf|1000\n|gen|9\n|tier|[Gen 9 Champions] VGC 2026 Reg M-A\n|rated|\n|rule|Species Clause: Limit one of each Pok\u00e9mon\n|rule|Item Clause: Limit 1 of each item\n|clearpoke\n|poke|p1|Starmie, L50|\n|poke|p1|Aegislash, L50, F|\n|poke|p1|Sneasler, L50, F|\n|poke|p1|Pelipper, L50, F|\n|poke|p1|Archaludon, L50, M|\n|poke|p1|Maushold, L50|\n|poke|p2|Archaludon, L50, F|\n|poke|p2|Sneasler, L50, F|\n|poke|p2|Dragonite, L50, F|\n|poke|p2|Pelipper, L50, M|\n|poke|p2|Basculegion, L50, M|\n|poke|p2|Clefable, L50, F|\n|teampreview|4\nMiikeAMG rejected open team sheets.\n|\n|t:|1776072246\n|teamsize|p1|4\n|teamsize|p2|4\n|start\n|switch|p1a: Starmie|Starmie, L50|100/100\n|switch|p1b: Maushold|Maushold, L50|100/100\n|switch|p2a: Sneasler|Sneasler, L50, F, shiny|100/100\n|switch|p2b: Dragonite|Dragonite, L50, F, shiny|100/100\n|turn|1\n|\n|t:|1776072266\n|detailschange|p1a: Starmie|Starmie-Mega, L50\n|-mega|p1a: Starmie|Starmie|Starminite\n|move|p1b: Maushold|Protect|p1b: Maushold\n|-singleturn|p1b: Maushold|Protect\n|move|p1a: Starmie|Protect|p1a: Starmie\n|-singleturn|p1a: Starmie|Protect\n|move|p2a: Sneasler|Fake Out|p1a: Starmie\n|-activate|p1a: Starmie|move: Protect\n|move|p2b: Dragonite|Tailwind|p2b: Dragonite\n|-sidestart|p2: thewi7|move: Tailwind\n|\n|upkeep\n|turn|2\n|\n|t:|1776072299\n|detailschange|p2b: Dragonite|Dragonite-Mega, L50, F, shiny\n|-mega|p2b: Dragonite|Dragonite|Dragoninite\n|move|p1b: Maushold|Follow Me|p1b: Maushold\n|-singleturn|p1b: Maushold|move: Follow Me\n|move|p2a: Sneasler|Close Combat|p1b: Maushold\n|-supereffective|p1b: Maushold|1\n|-enditem|p1b: Maushold|Chople Berry|[eat]\n|-enditem|p1b: Maushold|Chople Berry|[weaken]\n|-damage|p1b: Maushold|10/100\n|-unboost|p2a: Sneasler|def|1\n|-unboost|p2a: Sneasler|spd|1\n|move|p2b: Dragonite|Dragon Pulse|p1b: Maushold\n|-damage|p1b: Maushold|0 fnt\n|faint|p1b: Maushold\n|move|p1a: Starmie|Ice Spinner|p2b: Dragonite\n|-supereffective|p2b: Dragonite|2\n|-damage|p2b: Dragonite|21/100\n|\n|upkeep\n|\n|t:|1776072314\n|switch|p1b: Pelipper|Pelipper, L50, F|100/100\n|-weather|RainDance|[from] ability: Drizzle|[of] p1b: Pelipper\n|turn|3\n|\n|t:|1776072336\n|switch|p2a: Archaludon|Archaludon, L50, F|100/100\n|move|p1a: Starmie|Protect|p1a: Starmie\n|-singleturn|p1a: Starmie|Protect\n|move|p2b: Dragonite|Dragon Pulse|p1b: Pelipper\n|-damage|p1b: Pelipper|17/100\n|move|p1b: Pelipper|Tailwind|p1b: Pelipper\n|-sidestart|p1: MiikeAMG|move: Tailwind\n|\n|-weather|RainDance|[upkeep]\n|upkeep\n|turn|4\n|\n|t:|1776072365\n|switch|p1a: Archaludon|Archaludon, L50, M|100/100\n|move|p1b: Pelipper|Protect|p1b: Pelipper\n|-singleturn|p1b: Pelipper|Protect\n|move|p2a: Archaludon|Electro Shot||[still]\n|-prepare|p2a: Archaludon|Electro Shot\n|-boost|p2a: Archaludon|spa|1\n|-anim|p2a: Archaludon|Electro Shot|p1a: Archaludon\n|-resisted|p1a: Archaludon|1\n|-damage|p1a: Archaludon|65/100\n|-ability|p1a: Archaludon|Stamina|boost\n|-boost|p1a: Archaludon|def|1\n|move|p2b: Dragonite|Dragon Pulse|p1b: Pelipper\n|-activate|p1b: Pelipper|move: Protect\n|\n|-weather|RainDance|[upkeep]\n|-heal|p1a: Archaludon|71/100|[from] item: Leftovers\n|-sideend|p2: thewi7|move: Tailwind\n|upkeep\n|turn|5\n|\n|t:|1776072401\n|move|p2b: Dragonite|Protect|p2b: Dragonite\n|-singleturn|p2b: Dragonite|Protect\n|move|p1b: Pelipper|Hurricane|p2b: Dragonite\n|-activate|p2b: Dragonite|move: Protect\n|move|p1a: Archaludon|Draco Meteor|p2a: Archaludon\n|-damage|p2a: Archaludon|9/100\n|-unboost|p1a: Archaludon|spa|2\n|-ability|p2a: Archaludon|Stamina|boost\n|-boost|p2a: Archaludon|def|1\n|move|p2a: Archaludon|Electro Shot||[still]\n|-prepare|p2a: Archaludon|Electro Shot\n|-boost|p2a: Archaludon|spa|1\n|-anim|p2a: Archaludon|Electro Shot|p1a: Archaludon\n|-resisted|p1a: Archaludon|1\n|-damage|p1a: Archaludon|27/100\n|-ability|p1a: Archaludon|Stamina|boost\n|-boost|p1a: Archaludon|def|1\n|\n|-weather|RainDance|[upkeep]\n|-heal|p1a: Archaludon|33/100|[from] item: Leftovers\n|-heal|p2a: Archaludon|15/100|[from] item: Leftovers\n|upkeep\n|turn|6\n|\n|t:|1776072428\n|switch|p2b: Basculegion|Basculegion, L50, M|100/100\n|move|p1a: Archaludon|Protect|p1a: Archaludon\n|-singleturn|p1a: Archaludon|Protect\n|move|p2a: Archaludon|Protect|p2a: Archaludon\n|-singleturn|p2a: Archaludon|Protect\n|move|p1b: Pelipper|Hurricane|p2b: Basculegion\n|-damage|p2b: Basculegion|45/100\n|\n|-weather|RainDance|[upkeep]\n|-heal|p1a: Archaludon|39/100|[from] item: Leftovers\n|-heal|p2a: Archaludon|21/100|[from] item: Leftovers\n|-sideend|p1: MiikeAMG|move: Tailwind\n|upkeep\n|turn|7\n|\n|t:|1776072485\n|move|p1b: Pelipper|Protect|p1b: Pelipper\n|-singleturn|p1b: Pelipper|Protect\n|move|p2b: Basculegion|Wave Crash|p1a: Archaludon\n|-resisted|p1a: Archaludon|1\n|-damage|p1a: Archaludon|14/100\n|-ability|p1a: Archaludon|Stamina|boost\n|-boost|p1a: Archaludon|def|1\n|-damage|p2b: Basculegion|37/100|[from] Recoil\n|move|p2a: Archaludon|Electro Shot||[still]\n|-prepare|p2a: Archaludon|Electro Shot\n|-boost|p2a: Archaludon|spa|1\n|-anim|p2a: Archaludon|Electro Shot|p1b: Pelipper\n|-activate|p1b: Pelipper|move: Protect\n|move|p1a: Archaludon|Electro Shot||[still]\n|-prepare|p1a: Archaludon|Electro Shot\n|-boost|p1a: Archaludon|spa|1\n|-anim|p1a: Archaludon|Electro Shot|p2b: Basculegion\n|-supereffective|p2b: Basculegion|1\n|-damage|p2b: Basculegion|0 fnt\n|faint|p2b: Basculegion\n|\n|-weather|none\n|-heal|p2a: Archaludon|27/100|[from] item: Leftovers\n|-heal|p1a: Archaludon|20/100|[from] item: Leftovers\n|upkeep\n|\n|t:|1776072506\n|switch|p2b: Dragonite|Dragonite-Mega, L50, F, shiny|21/100\n|turn|8\n|inactive|Battle timer is ON: inactive players will automatically lose when time's up. (requested by MiikeAMG)\n|\n|t:|1776072567\n|switch|p1b: Starmie|Starmie-Mega, L50|100/100\n|move|p2a: Archaludon|Draco Meteor|p1a: Archaludon\n|-damage|p1a: Archaludon|0 fnt\n|-unboost|p2a: Archaludon|spa|2\n|faint|p1a: Archaludon\n|move|p2b: Dragonite|Dragon Pulse|p1b: Starmie\n|-damage|p1b: Starmie|41/100\n|\n|-heal|p2a: Archaludon|33/100|[from] item: Leftovers\n|upkeep\n|\n|t:|1776072573\n|switch|p1a: Pelipper|Pelipper, L50, F|17/100\n|-weather|RainDance|[from] ability: Drizzle|[of] p1a: Pelipper\n|turn|9\n|inactive|MiikeAMG has 30 seconds left.\n|\n|t:|1776072601\n|move|p1b: Starmie|Liquidation|p2a: Archaludon\n|-resisted|p2a: Archaludon|1\n|-damage|p2a: Archaludon|0 fnt\n|faint|p2a: Archaludon\n|move|p2b: Dragonite|Dragon Pulse|p1b: Starmie\n|-damage|p1b: Starmie|0 fnt\n|faint|p1b: Starmie\n|move|p1a: Pelipper|Tailwind|p1a: Pelipper\n|-sidestart|p1: MiikeAMG|move: Tailwind\n|\n|-weather|RainDance|[upkeep]\n|upkeep\n|\n|t:|1776072611\n|switch|p2a: Sneasler|Sneasler, L50, F, shiny|100/100\n|turn|10\n|\n|t:|1776072615\n|move|p2a: Sneasler|Fake Out|p1a: Pelipper\n|-damage|p1a: Pelipper|0 fnt\n|faint|p1a: Pelipper\n|\n|win|thewi7\n|raw|MiikeAMG's rating: 1000 &rarr; <strong>1000</strong><br />(+0 for losing)\n|raw|thewi7's rating: 1000 &rarr; <strong>1040</strong><br />(+40 for winning)\n|l|\u2606MiikeAMG\n|player|p1|\n",
  "uploadtime": 1776072681,
  "views": 12,
  "formatid": "gen9championsvgc2026regma",
  "rating": 1000,
  "private": 0,
  "password": null
}