{
  "id": "gen9championsvgc2026regma-2583814949",
  "format": "[Gen 9 Champions] VGC 2026 Reg M-A",
  "players": [
    "brazzers777",
    "MoreOrLess789"
  ],
  "log": "|j|\u2606brazzers777\n|j|\u2606MoreOrLess789\n|t:|1776199816\n|gametype|doubles\n|player|p1|brazzers777|2|1127\n|player|p2|MoreOrLess789|cynthia|1106\n|gen|9\n|tier|[Gen 9 Champions] VGC 2026 Reg M-A\n|rated|\n|rule|Species Clause: Limit one of each Pok\u00e9mon\n|rule|Item Clause: Limit 1 of each item\n|clearpoke\n|poke|p1|Meowscarada, L50, F|\n|poke|p1|Kangaskhan, L50, F|\n|poke|p1|Aegislash, L50, F|\n|poke|p1|Tauros-Paldea-Blaze, L50, M|\n|poke|p1|Aerodactyl, L50, F|\n|poke|p1|Milotic, L50, M|\n|poke|p2|Meganium, L50, M|\n|poke|p2|Pelipper, L50, M|\n|poke|p2|Archaludon, L50, M|\n|poke|p2|Gengar, L50, M|\n|poke|p2|Kommo-o, L50, M|\n|poke|p2|Klefki, L50, M|\n|teampreview|4\n|inactive|Battle timer is ON: inactive players will automatically lose when time's up. (requested by brazzers777)\n|inactive|brazzers777 has 60 seconds left.\n|inactive|brazzers777 has 30 seconds left.\n|inactive|brazzers777 has 20 seconds left.\n|inactive|brazzers777 has 15 seconds left.\n|inactive|brazzers777 has 10 seconds left.\n|inactive|brazzers777 has 5 seconds left.\n|\n|t:|1776199906\n|teamsize|p1|4\n|teamsize|p2|4\n|start\n|switch|p1a: Kangaskhan|Kangaskhan, L50, F|100/100\n|switch|p1b: Milotic|Milotic, L50, M|100/100\n|switch|p2a: Casper|Gengar, L50, M, shiny|100/100\n|switch|p2b: Bonk|Kommo-o, L50, M|100/100\n|turn|1\n|inactive|brazzers777 has 30 seconds left.\n|inactive|MoreOrLess789 has 30 seconds left.\n|inactive|brazzers777 has 20 seconds left.\n|inactive|MoreOrLess789 has 20 seconds left.\n|inactive|brazzers777 has 15 seconds left.\n|inactive|MoreOrLess789 has 15 seconds left.\n|inactive|MoreOrLess789 has 10 seconds left.\n|inactive|MoreOrLess789 has 5 seconds left.\n|\n|t:|1776199958\n|detailschange|p2a: Casper|Gengar-Mega, L50, M, shiny\n|-mega|p2a: Casper|Gengar|Gengarite\n|detailschange|p1a: Kangaskhan|Kangaskhan-Mega, L50, F\n|-mega|p1a: Kangaskhan|Kangaskhan|Kangaskhanite\n|move|p2b: Bonk|Boomburst|p1a: Kangaskhan|[spread] p1a,p1b\n|-immune|p2a: Casper\n|-damage|p1a: Kangaskhan|69/100\n|-damage|p1b: Milotic|77/100\n|move|p2a: Casper|Perish Song|p2a: Casper\n|-start|p1a: Kangaskhan|perish3|[silent]\n|-start|p1b: Milotic|perish3|[silent]\n|-start|p2a: Casper|perish3|[silent]\n|-immune|p2b: Bonk|[from] ability: Soundproof\n|-fieldactivate|move: Perish Song\n|move|p1a: Kangaskhan|Body Slam|p2b: Bonk\n|-damage|p2b: Bonk|60/100\n|-damage|p2b: Bonk|50/100\n|-hitcount|p2b: Bonk|2\n|move|p1b: Milotic|Ice Beam|p2b: Bonk\n|-supereffective|p2b: Bonk|1\n|-damage|p2b: Bonk|0 fnt\n|faint|p2b: Bonk\n|\n|-heal|p1b: Milotic|83/100|[from] item: Leftovers\n|-start|p2a: Casper|perish3\n|-start|p1a: Kangaskhan|perish3\n|-start|p1b: Milotic|perish3\n|upkeep\n|\n|t:|1776199977\n|switch|p2b: Merlin|Meganium, L50, M|100/100\n|turn|2\n|\n|t:|1776199991\n|move|p2a: Casper|Protect|p2a: Casper\n|-singleturn|p2a: Casper|Protect\n|move|p2b: Merlin|Protect|p2b: Merlin\n|-singleturn|p2b: Merlin|Protect\n|move|p1a: Kangaskhan|Bite|p2a: Casper\n|-activate|p2a: Casper|move: Protect\n|move|p1b: Milotic|Ice Beam|p2b: Merlin\n|-activate|p2b: Merlin|move: Protect\n|\n|-heal|p1b: Milotic|89/100|[from] item: Leftovers\n|-start|p2a: Casper|perish2\n|-start|p1a: Kangaskhan|perish2\n|-start|p1b: Milotic|perish2\n|upkeep\n|turn|3\n|\n|t:|1776200004\n|move|p2a: Casper|Substitute|p2a: Casper\n|-start|p2a: Casper|Substitute\n|-damage|p2a: Casper|76/100\n|move|p1a: Kangaskhan|Bite|p2a: Casper\n|-supereffective|p2a: Casper|1\n|-end|p2a: Casper|Substitute\n|-supereffective|p2a: Casper|1\n|-damage|p2a: Casper|61/100\n|-hitcount|p2a: Casper|2\n|move|p2b: Merlin|Solar Beam||[still]\n|-prepare|p2b: Merlin|Solar Beam\n|move|p1b: Milotic|Ice Beam|p2b: Merlin\n|-supereffective|p2b: Merlin|1\n|-damage|p2b: Merlin|48/100\n|\n|-heal|p1b: Milotic|95/100|[from] item: Leftovers\n|-start|p2a: Casper|perish1\n|-start|p1a: Kangaskhan|perish1\n|-start|p1b: Milotic|perish1\n|upkeep\n|turn|4\n|inactive|brazzers777 has 30 seconds left.\n|\n|t:|1776200031\n|switch|p2a: Big|Pelipper, L50, M|100/100\n|-weather|RainDance|[from] ability: Drizzle|[of] p2a: Big\n|move|p1a: Kangaskhan|Body Slam|p2a: Big\n|-damage|p2a: Big|59/100\n|-damage|p2a: Big|48/100\n|-status|p2a: Big|par\n|-hitcount|p2a: Big|2\n|move|p2b: Merlin|Solar Beam|p1b: Milotic|[from] lockedmove\n|-supereffective|p1b: Milotic|1\n|-damage|p1b: Milotic|58/100\n|move|p1b: Milotic|Scald|p2a: Big\n|-resisted|p2a: Big|1\n|-damage|p2a: Big|17/100 par\n|\n|-weather|RainDance|[upkeep]\n|-heal|p1b: Milotic|64/100|[from] item: Leftovers\n|-start|p1a: Kangaskhan|perish0\n|-start|p1b: Milotic|perish0\n|upkeep\n|faint|p1a: Kangaskhan\n|faint|p1b: Milotic\n|\n|t:|1776200047\n|switch|p1a: Aegislash|Aegislash, L50, F|100/100\n|switch|p1b: Meowscarada|Meowscarada, L50, F|100/100\n|turn|5\n|\n|t:|1776200066\n|move|p1b: Meowscarada|Knock Off|p2b: Merlin\n|-damage|p2b: Merlin|16/100\n|move|p2b: Merlin|Weather Ball|p1a: Aegislash\n|-damage|p1a: Aegislash|67/100\n|-formechange|p1a: Aegislash|Aegislash-Blade|\n|move|p1a: Aegislash|Shadow Ball|p2a: Big\n|-damage|p2a: Big|0 fnt\n|faint|p2a: Big\n|\n|-weather|RainDance|[upkeep]\n|upkeep\n|\n|t:|1776200071\n|switch|p2a: Casper|Gengar-Mega, L50, M, shiny|61/100\n|turn|6\n|inactive|brazzers777 has 30 seconds left.\n|\n|t:|1776200105\n|move|p2b: Merlin|Protect|p2b: Merlin\n|-singleturn|p2b: Merlin|Protect\n|move|p2a: Casper|Sludge Wave|p1b: Meowscarada|[spread] p1b\n|-activate|p2b: Merlin|move: Protect\n|-immune|p1a: Aegislash\n|-supereffective|p1b: Meowscarada|1\n|-enditem|p1b: Meowscarada|Focus Sash\n|-damage|p1b: Meowscarada|1/100\n|move|p1b: Meowscarada|Knock Off|p2a: Casper\n|-supereffective|p2a: Casper|1\n|-damage|p2a: Casper|0 fnt\n|faint|p2a: Casper\n|move|p1a: Aegislash|Shadow Ball|p2b: Merlin\n|-activate|p2b: Merlin|move: Protect\n|\n|-weather|RainDance|[upkeep]\n|upkeep\n|turn|7\n|-message|MoreOrLess789 forfeited.\n|\n|win|brazzers777\n|raw|brazzers777's rating: 1127 &rarr; <strong>1150</strong><br />(+23 for winning)\n|raw|MoreOrLess789's rating: 1106 &rarr; <strong>1083</strong><br />(-23 for losing)\n|l|\u2606MoreOrLess789\n|player|p2|\n",
  "uploadtime": 1776200150,
  "views": 22,
  "formatid": "gen9championsvgc2026regma",
  "rating": 1083,
  "private": 0,
  "password": null
}