{
  "id": "gen9championsvgc2026regma-2581481137",
  "format": "[Gen 9 Champions] VGC 2026 Reg M-A",
  "players": [
    "ferenainexi",
    "Bugawup"
  ],
  "log": "|j|\u2606ferenainexi\n|j|\u2606Bugawup\n|html|<table width=\"100%\"><tr><td align=\"left\">ferenainexi</td><td align=\"right\">Bugawup</tr><tr><td align=\"left\"><i class=\"fa fa-circle-o\"></i> <i class=\"fa fa-circle-o\"></i> </td><td align=\"right\"><i class=\"fa fa-circle-o\"></i> <i class=\"fa fa-circle-o\"></i> </tr></table>\n|uhtml|bestof|<h2><strong>Game 1</strong> of <a href=\"/game-bestof3-gen9championsvgc2026regma-2581481136\">a best-of-3</a></h2>\n|t:|1776004478\n|gametype|doubles\n|player|p1|ferenainexi|scientistf|\n|player|p2|Bugawup|colress|\n|gen|9\n|tier|[Gen 9 Champions] VGC 2026 Reg M-A\n|rule|Species Clause: Limit one of each Pok\u00e9mon\n|rule|Item Clause: Limit 1 of each item\n|raw|<div class=\"infobox\"><details class=\"readmore\" open><summary><strong>1 custom rule:</strong></summary> Best of = 3</details></div>\n|clearpoke\n|poke|p1|Pinsir, L50, M|\n|poke|p1|Heracross, L50, F|\n|poke|p1|Vivillon, L50, M|\n|poke|p1|Orthworm, L50, F|\n|poke|p1|Kleavor, L50, F|\n|poke|p1|Clawitzer, L50, M|\n|poke|p2|Meowscarada, L50, F|\n|poke|p2|Lucario, L50, M|\n|poke|p2|Glimmora, L50, M|\n|poke|p2|Avalugg, L50, M|\n|poke|p2|Zoroark-Hisui, L50, F|\n|poke|p2|Whimsicott, L50, F|\n|teampreview|4\n|\n|t:|1776004610\n|teamsize|p1|4\n|teamsize|p2|4\n|start\n|switch|p1a: Vivillon|Vivillon, L50, M|100/100\n|switch|p1b: Kleavor|Kleavor, L50, F|100/100\n|switch|p2a: Aggeloi|Glimmora, L50, M|100/100\n|switch|p2b: Kyubalt|Whimsicott, L50, F, shiny|100/100\n|turn|1\n|\n|t:|1776004658\n|move|p2b: Kyubalt|Switcheroo|p1a: Vivillon\n|-activate|p2b: Kyubalt|move: Trick|[of] p1a: Vivillon\n|-item|p1a: Vivillon|Choice Scarf|[from] move: Switcheroo\n|-item|p2b: Kyubalt|Focus Sash|[from] move: Switcheroo\n|move|p1a: Vivillon|Sleep Powder|p2a: Aggeloi\n|-status|p2a: Aggeloi|slp|[from] move: Sleep Powder\n|cant|p2a: Aggeloi|slp\n|move|p1b: Kleavor|Stone Axe|p2b: Kyubalt\n|-damage|p2b: Kyubalt|5/100\n|-sidestart|p2: Bugawup|move: Stealth Rock\n|\n|upkeep\n|turn|2\n|\n|t:|1776004686\n|switch|p1a: Orthworm|Orthworm, L50, F|100/100\n|move|p2b: Kyubalt|Tailwind|p2b: Kyubalt\n|-sidestart|p2: Bugawup|move: Tailwind\n|cant|p2a: Aggeloi|slp\n|move|p1b: Kleavor|Stone Axe|p2b: Kyubalt|[miss]\n|-miss|p1b: Kleavor|p2b: Kyubalt\n|\n|upkeep\n|turn|3\n|l|\u2606ferenainexi\n|player|p1|\n|j|\u2606ferenainexi\n|player|p1|ferenainexi|scientistf|\n|\n|t:|1776004771\n|-curestatus|p2a: Aggeloi|slp|[msg]\n|move|p2a: Aggeloi|Bitter Malice|p1b: Kleavor\n|-damage|p1b: Kleavor|18/100\n|-unboost|p1b: Kleavor|atk|1\n|move|p2b: Kyubalt|Dazzling Gleam|p1b: Kleavor|[spread] p1a,p1b\n|-resisted|p1a: Orthworm|1\n|-damage|p1a: Orthworm|85/100\n|-damage|p1b: Kleavor|0 fnt\n|faint|p1b: Kleavor\n|move|p1a: Orthworm|High Horsepower|p2a: Aggeloi\n|-damage|p2a: Aggeloi|50/100\n|replace|p2a: Lappland|Zoroark-Hisui, L50, F, shiny\n|-end|p2a: Lappland|Illusion\n|\n|-heal|p1a: Orthworm|91/100|[from] item: Leftovers\n|upkeep\n|\n|t:|1776004803\n|switch|p1b: Vivillon|Vivillon, L50, M|100/100\n|turn|4\n|\n|t:|1776004842\n|move|p2a: Lappland|Flamethrower|p1b: Vivillon\n|-supereffective|p1b: Vivillon|1\n|-damage|p1b: Vivillon|0 fnt\n|faint|p1b: Vivillon\n|move|p2b: Kyubalt|Dazzling Gleam|p1a: Orthworm\n|-resisted|p1a: Orthworm|1\n|-crit|p1a: Orthworm\n|-damage|p1a: Orthworm|56/100\n|move|p1a: Orthworm|Rock Slide|p2b: Kyubalt|[spread] p2a,p2b\n|-damage|p2a: Lappland|18/100\n|-damage|p2b: Kyubalt|0 fnt\n|faint|p2b: Kyubalt\n|\n|-heal|p1a: Orthworm|62/100|[from] item: Leftovers\n|upkeep\n|\n|t:|1776004886\n|switch|p1b: Heracross|Heracross, L50, F|100/100\n|switch|p2b: Aggeloi|Glimmora, L50, M|100/100\n|-damage|p2b: Aggeloi|88/100|[from] Stealth Rock\n|turn|5\n|\n|t:|1776004929\n|detailschange|p2b: Aggeloi|Glimmora-Mega, L50, M\n|-mega|p2b: Aggeloi|Glimmora|Glimmoranite\n|detailschange|p1b: Heracross|Heracross-Mega, L50, F\n|-mega|p1b: Heracross|Heracross|Heracronite\n|move|p2b: Aggeloi|Power Gem|p1a: Orthworm\n|-resisted|p1a: Orthworm|1\n|-damage|p1a: Orthworm|19/100\n|move|p2a: Lappland|Flamethrower|p1a: Orthworm\n|-supereffective|p1a: Orthworm|1\n|-damage|p1a: Orthworm|0 fnt\n|faint|p1a: Orthworm\n|move|p1b: Heracross|Rock Blast|p2b: Aggeloi\n|-damage|p2b: Aggeloi|75/100\n|-damage|p2b: Aggeloi|60/100\n|-damage|p2b: Aggeloi|47/100\n|-damage|p2b: Aggeloi|33/100\n|-damage|p2b: Aggeloi|20/100\n|-hitcount|p2b: Aggeloi|5\n|\n|-sideend|p2: Bugawup|move: Tailwind\n|upkeep\n|turn|6\n|\n|t:|1776004973\n|move|p2b: Aggeloi|Sludge Bomb|p1b: Heracross\n|-damage|p1b: Heracross|19/100\n|move|p2a: Lappland|Flamethrower|p1b: Heracross\n|-supereffective|p1b: Heracross|1\n|-damage|p1b: Heracross|0 fnt\n|faint|p1b: Heracross\n|\n|win|Bugawup\n||ferenainexi is ready for game 2.\n||Bugawup is ready for game 2.\n|uhtml|next|Next: <a href=\"/battle-gen9championsvgc2026regma-2581486881\"><strong>Game 2 of 3</strong></a>\n|l|\u2606ferenainexi\n|player|p1|\n",
  "uploadtime": 1776005878,
  "views": 11,
  "formatid": "gen9championsvgc2026regma",
  "rating": null,
  "private": 0,
  "password": null
}