{
  "id": "gen9championsvgc2026regma-2582650421",
  "format": "[Gen 9 Champions] VGC 2026 Reg M-A",
  "players": [
    "fuffrey",
    "porygon-epilepz"
  ],
  "log": "|j|\u2606fuffrey\n|j|\u2606porygon-epilepz\n|t:|1776104963\n|gametype|doubles\n|player|p1|fuffrey|1|1196\n|player|p2|porygon-epilepz|hiker-gen4|1179\n|gen|9\n|tier|[Gen 9 Champions] VGC 2026 Reg M-A\n|rated|\n|rule|Species Clause: Limit one of each Pok\u00e9mon\n|rule|Item Clause: Limit 1 of each item\n|clearpoke\n|poke|p1|Slowking-Galar, L50, M|\n|poke|p1|Weavile, L50, M|\n|poke|p1|Greninja-*, L50, F|\n|poke|p1|Aurorus, L50, M|\n|poke|p1|Arcanine-Hisui, L50, M|\n|poke|p1|Rotom-Wash, L50|\n|poke|p2|Kommo-o, L50, M|\n|poke|p2|Incineroar, L50, F|\n|poke|p2|Glimmora, L50, F|\n|poke|p2|Sinistcha, L50|\n|poke|p2|Talonflame, L50, F|\n|poke|p2|Rotom-Wash, L50|\n|teampreview|4\n|inactive|Battle timer is ON: inactive players will automatically lose when time's up. (requested by fuffrey)\n|inactive|porygon-epilepz has 60 seconds left.\n|\n|t:|1776104998\n|teamsize|p1|4\n|teamsize|p2|4\n|start\n|switch|p1a: Slowking|Slowking-Galar, L50, M|100/100\n|switch|p1b: Rotom|Rotom-Wash, L50|100/100\n|switch|p2a: Kommo-o|Kommo-o, L50, M|100/100\n|switch|p2b: Incineroar|Incineroar, L50, F|100/100\n|-ability|p2b: Incineroar|Intimidate|boost\n|-unboost|p1a: Slowking|atk|1\n|-unboost|p1b: Rotom|atk|1\n|turn|1\n|\n|t:|1776105014\n|move|p2b: Incineroar|Fake Out|p1a: Slowking\n|-damage|p1a: Slowking|92/100\n|move|p1b: Rotom|Thunder Wave|p2a: Kommo-o\n|-status|p2a: Kommo-o|par\n|move|p2a: Kommo-o|Clangorous Soul|p2a: Kommo-o\n|-boost|p2a: Kommo-o|atk|1\n|-boost|p2a: Kommo-o|def|1\n|-boost|p2a: Kommo-o|spa|1\n|-boost|p2a: Kommo-o|spd|1\n|-boost|p2a: Kommo-o|spe|1\n|-damage|p2a: Kommo-o|68/100 par\n|-prepare|p1a: Slowking|Chilly Reception|[premajor]\n|cant|p1a: Slowking|flinch\n|\n|-heal|p2a: Kommo-o|74/100 par|[from] item: Leftovers\n|upkeep\n|turn|2\n|\n|t:|1776105032\n|move|p1b: Rotom|Hydro Pump|p2b: Incineroar|[miss]\n|-miss|p1b: Rotom|p2b: Incineroar\n|move|p2a: Kommo-o|Clanging Scales|p1b: Rotom|[spread] p1a,p1b\n|-damage|p1a: Slowking|52/100\n|-damage|p1b: Rotom|44/100\n|-unboost|p2a: Kommo-o|def|1\n|move|p2b: Incineroar|Throat Chop|p1a: Slowking\n|-supereffective|p1a: Slowking|1\n|-damage|p1a: Slowking|4/100\n|-start|p1a: Slowking|Throat Chop|[silent]\n|-enditem|p1a: Slowking|Sitrus Berry|[eat]\n|-heal|p1a: Slowking|29/100|[from] item: Sitrus Berry\n|move|p1a: Slowking|Psychic|p2a: Kommo-o\n|-supereffective|p2a: Kommo-o|1\n|-damage|p2a: Kommo-o|33/100 par\n|\n|-heal|p1b: Rotom|50/100|[from] item: Leftovers\n|-heal|p2a: Kommo-o|39/100 par|[from] item: Leftovers\n|upkeep\n|turn|3\n|\n|t:|1776105050\n|move|p2a: Kommo-o|Protect|p2a: Kommo-o\n|-singleturn|p2a: Kommo-o|Protect\n|move|p1a: Slowking|Protect|p1a: Slowking\n|-singleturn|p1a: Slowking|Protect\n|move|p1b: Rotom|Hydro Pump|p2b: Incineroar\n|-supereffective|p2b: Incineroar|1\n|-damage|p2b: Incineroar|19/100\n|move|p2b: Incineroar|Throat Chop|p1a: Slowking\n|-activate|p1a: Slowking|move: Protect\n|\n|-heal|p1b: Rotom|56/100|[from] item: Leftovers\n|-heal|p2a: Kommo-o|45/100 par|[from] item: Leftovers\n|-end|p1a: Slowking|Throat Chop|[silent]\n|upkeep\n|turn|4\n|\n|t:|1776105072\n|switch|p2b: Rotom|Rotom-Wash, L50|100/100\n|switch|p1a: Aurorus|Aurorus, L50, M|100/100\n|-weather|Snowscape|[from] ability: Snow Warning|[of] p1a: Aurorus\n|move|p1b: Rotom|Volt Switch|p2b: Rotom\n|-damage|p2b: Rotom|73/100\n|\n|t:|1776105080\n|switch|p1b: Slowking|Slowking-Galar, L50, M|62/100|[from] Volt Switch\n|move|p2a: Kommo-o|Clanging Scales|p1b: Slowking|[spread] p1a,p1b\n|-damage|p1a: Aurorus|52/100\n|-damage|p1b: Slowking|21/100\n|-unboost|p2a: Kommo-o|def|1\n|\n|-weather|Snowscape|[upkeep]\n|-heal|p2a: Kommo-o|52/100 par|[from] item: Leftovers\n|upkeep\n|turn|5\n|\n|t:|1776105102\n|cant|p2a: Kommo-o|par\n|move|p2b: Rotom|Hydro Pump|p1a: Aurorus\n|-supereffective|p1a: Aurorus|1\n|-damage|p1a: Aurorus|0 fnt\n|faint|p1a: Aurorus\n|move|p1b: Slowking|Psychic|p2a: Kommo-o\n|-supereffective|p2a: Kommo-o|1\n|-damage|p2a: Kommo-o|10/100 par\n|\n|-weather|Snowscape|[upkeep]\n|-heal|p2a: Kommo-o|16/100 par|[from] item: Leftovers\n|upkeep\n|\n|t:|1776105112\n|switch|p1a: Greninja|Greninja, L50, F|100/100\n|turn|6\n|\n|t:|1776105122\n|detailschange|p1a: Greninja|Greninja-Mega, L50, F\n|-mega|p1a: Greninja|Greninja|Greninjite\n|move|p2a: Kommo-o|Protect|p2a: Kommo-o\n|-singleturn|p2a: Kommo-o|Protect\n|move|p1a: Greninja|Blizzard|p2b: Rotom|[spread] p2b\n|-start|p1a: Greninja|typechange|Ice|[from] ability: Protean\n|-activate|p2a: Kommo-o|move: Protect\n|-resisted|p2b: Rotom|1\n|-damage|p2b: Rotom|54/100\n|move|p2b: Rotom|Thunderbolt|p1b: Slowking\n|-damage|p1b: Slowking|0 fnt\n|faint|p1b: Slowking\n|\n|-weather|Snowscape|[upkeep]\n|-heal|p2a: Kommo-o|22/100 par|[from] item: Leftovers\n|upkeep\n|\n|t:|1776105127\n|switch|p1b: Rotom|Rotom-Wash, L50|56/100\n|turn|7\n|\n|t:|1776105152\n|move|p1a: Greninja|Blizzard|p2b: Rotom|[spread] p2a,p2b\n|-supereffective|p2a: Kommo-o|1\n|-resisted|p2b: Rotom|1\n|-damage|p2a: Kommo-o|0 fnt\n|-damage|p2b: Rotom|35/100\n|faint|p2a: Kommo-o\n|move|p1b: Rotom|Volt Switch|p2b: Rotom\n|-damage|p2b: Rotom|9/100\n|move|p2b: Rotom|Hydro Pump|p1a: Greninja\n|-damage|p1a: Greninja|37/100\n|\n|-weather|Snowscape|[upkeep]\n|-heal|p1b: Rotom|62/100|[from] item: Leftovers\n|upkeep\n|\n|t:|1776105160\n|switch|p2a: Incineroar|Incineroar, L50, F|19/100\n|-ability|p2a: Incineroar|Intimidate|boost\n|-unboost|p1a: Greninja|atk|1\n|-unboost|p1b: Rotom|atk|1\n|turn|8\n|\n|t:|1776105178\n|move|p1a: Greninja|Protect|p1a: Greninja\n|-singleturn|p1a: Greninja|Protect\n|move|p2a: Incineroar|Fake Out|p1a: Greninja\n|-activate|p1a: Greninja|move: Protect\n|move|p1b: Rotom|Volt Switch|p2b: Rotom\n|-crit|p2b: Rotom\n|-damage|p2b: Rotom|0 fnt\n|faint|p2b: Rotom\n|\n|-weather|none\n|-heal|p1b: Rotom|67/100|[from] item: Leftovers\n|upkeep\n|\n|t:|1776105189\n|switch|p2b: Glimmora|Glimmora, L50, F|100/100\n|turn|9\n|\n|t:|1776105210\n|detailschange|p2b: Glimmora|Glimmora-Mega, L50, F\n|-mega|p2b: Glimmora|Glimmora|Glimmoranite\n|move|p1a: Greninja|Low Kick|p2a: Incineroar\n|-supereffective|p2a: Incineroar|1\n|-damage|p2a: Incineroar|0 fnt\n|faint|p2a: Incineroar\n|move|p2b: Glimmora|Sludge Bomb|p1b: Rotom\n|-damage|p1b: Rotom|0 fnt\n|faint|p1b: Rotom\n|\n|upkeep\n|turn|10\n|\n|t:|1776105226\n|move|p2b: Glimmora|Spiky Shield|p2b: Glimmora\n|-singleturn|p2b: Glimmora|move: Protect\n|move|p1a: Greninja|Blizzard|p2b: Glimmora\n|-activate|p2b: Glimmora|move: Protect\n|\n|upkeep\n|turn|11\n|\n|t:|1776105232\n|move|p1a: Greninja|Blizzard|p2b: Glimmora\n|-damage|p2b: Glimmora|34/100\n|move|p2b: Glimmora|Power Gem|p1a: Greninja\n|-supereffective|p1a: Greninja|1\n|-damage|p1a: Greninja|0 fnt\n|faint|p1a: Greninja\n|\n|win|porygon-epilepz\n|raw|fuffrey's rating: 1196 &rarr; <strong>1170</strong><br />(-26 for losing)\n|raw|porygon-epilepz's rating: 1179 &rarr; <strong>1205</strong><br />(+26 for winning)\n",
  "uploadtime": 1776104965,
  "views": 17,
  "formatid": "gen9championsvgc2026regma",
  "rating": 1170,
  "private": 0,
  "password": null
}