{
  "id": "gen9championsvgc2026regma-2588794231",
  "format": "[Gen 9 Champions] VGC 2026 Reg M-A",
  "players": [
    "mizutiga",
    "raycraycray"
  ],
  "log": "|j|\u2606mizutiga\n|j|\u2606raycraycray\n|t:|1776671647\n|gametype|doubles\n|player|p1|mizutiga|266|1104\n|player|p2|raycraycray|265|1096\n|gen|9\n|tier|[Gen 9 Champions] VGC 2026 Reg M-A\n|rated|\n|rule|Species Clause: Limit one of each Pok\u00e9mon\n|rule|Item Clause: Limit 1 of each item\n|clearpoke\n|poke|p1|Serperior, L50, F, shiny|\n|poke|p1|Incineroar, L50, M|\n|poke|p1|Tauros-Paldea-Aqua, L50, M|\n|poke|p1|Pelipper, L50, M|\n|poke|p1|Dragonite, L50, F|\n|poke|p1|Milotic, L50, F|\n|poke|p2|Farigiraf, L50, M|\n|poke|p2|Gardevoir, L50, F|\n|poke|p2|Kingambit, L50, M|\n|poke|p2|Zoroark-Hisui, L50, F|\n|poke|p2|Scizor, L50, M|\n|poke|p2|Garchomp, L50, F|\n|teampreview|4\n|\n|t:|1776671683\n|teamsize|p1|4\n|teamsize|p2|4\n|start\n|switch|p1a: Incineroar|Incineroar, L50, M|100/100\n|switch|p1b: Dragonite|Dragonite, L50, F|100/100\n|switch|p2a: Gardevoir|Gardevoir, L50, F|100/100\n|switch|p2b: Garchomp|Garchomp, L50, F|100/100\n|-ability|p2a: Gardevoir|Multiscale|Trace|[from] ability: Trace|[of] p1b: Dragonite\n|-ability|p1a: Incineroar|Intimidate|boost\n|-unboost|p2a: Gardevoir|atk|1\n|-unboost|p2b: Garchomp|atk|1\n|turn|1\n|\n|t:|1776671709\n|detailschange|p1b: Dragonite|Dragonite-Mega, L50, F\n|-mega|p1b: Dragonite|Dragonite|Dragoninite\n|detailschange|p2a: Gardevoir|Gardevoir-Mega, L50, F\n|-mega|p2a: Gardevoir|Gardevoir|Gardevoirite\n|move|p1a: Incineroar|Fake Out|p2a: Gardevoir\n|-damage|p2a: Gardevoir|82/100\n|move|p2b: Garchomp|Focus Blast|p1a: Incineroar\n|-supereffective|p1a: Incineroar|1\n|-damage|p1a: Incineroar|40/100\n|-enditem|p1a: Incineroar|Sitrus Berry|[eat]\n|-heal|p1a: Incineroar|65/100|[from] item: Sitrus Berry\n|move|p1b: Dragonite|Tailwind|p1b: Dragonite\n|-sidestart|p1: mizutiga|move: Tailwind\n|cant|p2a: Gardevoir|flinch\n|\n|upkeep\n|turn|2\n|\n|t:|1776671750\n|switch|p2b: Scizor|Scizor, L50, M|100/100\n|move|p1b: Dragonite|Protect|p1b: Dragonite\n|-singleturn|p1b: Dragonite|Protect\n|move|p1a: Incineroar|Flare Blitz|p2a: Gardevoir\n|-damage|p2a: Gardevoir|0 fnt\n|faint|p2a: Gardevoir\n|-damage|p1a: Incineroar|46/100|[from] Recoil\n|\n|upkeep\n|\n|t:|1776671761\n|switch|p2a: Garchomp|Garchomp, L50, F|100/100\n|turn|3\n|\n|t:|1776671786\n|switch|p1a: Pelipper|Pelipper, L50, M|100/100\n|-weather|RainDance|[from] ability: Drizzle|[of] p1a: Pelipper\n|move|p2b: Scizor|Bullet Punch|p1b: Dragonite\n|-damage|p1b: Dragonite|85/100\n|move|p1b: Dragonite|Draco Meteor|p2a: Garchomp\n|-supereffective|p2a: Garchomp|1\n|-damage|p2a: Garchomp|0 fnt\n|-unboost|p1b: Dragonite|spa|2\n|faint|p2a: Garchomp\n|\n|-weather|RainDance|[upkeep]\n|upkeep\n|\n|t:|1776671800\n|switch|p2a: Scizor|Scizor, L50, M|100/100\n|turn|4\n|\n|t:|1776671816\n|switch|p1b: Incineroar|Incineroar, L50, M|46/100\n|-ability|p1b: Incineroar|Intimidate|boost\n|-unboost|p2a: Scizor|atk|1\n|-unboost|p2b: Scizor|atk|1\n|move|p2a: Scizor|Hyper Voice|p1b: Incineroar|[spread] p1a,p1b\n|-damage|p1a: Pelipper|50/100\n|-damage|p1b: Incineroar|22/100\n|move|p1a: Pelipper|Hurricane|p2b: Scizor\n|-damage|p2b: Scizor|57/100\n|move|p2b: Scizor|Dual Wingbeat|p1b: Incineroar\n|-crit|p1b: Incineroar\n|-damage|p1b: Incineroar|0 fnt\n|faint|p1b: Incineroar\n|-hitcount|p1: Incineroar|1\n|\n|-weather|RainDance|[upkeep]\n|-sideend|p1: mizutiga|move: Tailwind\n|upkeep\n|\n|t:|1776671831\n|switch|p1b: Dragonite|Dragonite-Mega, L50, F|85/100\n|turn|5\n|\n|t:|1776671842\n|move|p2a: Scizor|Hyper Voice|p1a: Pelipper|[spread] p1a,p1b\n|-damage|p1a: Pelipper|2/100\n|-damage|p1b: Dragonite|59/100\n|move|p1b: Dragonite|Thunder|p2b: Scizor\n|-damage|p2b: Scizor|10/100\n|move|p1a: Pelipper|Hurricane|p2b: Scizor\n|-damage|p2b: Scizor|0 fnt\n|faint|p2b: Scizor\n|\n|-weather|RainDance|[upkeep]\n|upkeep\n|turn|6\n|-message|raycraycray forfeited.\n|\n|win|mizutiga\n|raw|mizutiga's rating: 1104 &rarr; <strong>1128</strong><br />(+24 for winning)\n|raw|raycraycray's rating: 1096 &rarr; <strong>1072</strong><br />(-24 for losing)\n|l|\u2606raycraycray\n|player|p2|\n",
  "uploadtime": 1776671856,
  "views": 14,
  "formatid": "gen9championsvgc2026regma",
  "rating": 1072,
  "private": 0,
  "password": null
}