{
  "id": "gen9championsvgc2026regma-2585814150",
  "format": "[Gen 9 Champions] VGC 2026 Reg M-A",
  "players": [
    "Phillip Blevin",
    "Navenz"
  ],
  "log": "|j|\u2606Phillip Blevin\n|j|\u2606Navenz\n|t:|1776372579\n|gametype|doubles\n|player|p1|Phillip Blevin|cynthia-masters4|1181\n|player|p2|Navenz|266|1182\n|gen|9\n|tier|[Gen 9 Champions] VGC 2026 Reg M-A\n|rated|\n|rule|Species Clause: Limit one of each Pok\u00e9mon\n|rule|Item Clause: Limit 1 of each item\n|clearpoke\n|poke|p1|Tyranitar, L50, M|\n|poke|p1|Maushold, L50|\n|poke|p1|Chesnaught, L50, M|\n|poke|p1|Sinistcha, L50|\n|poke|p1|Rotom-Wash, L50|\n|poke|p1|Garchomp, L50, F|\n|poke|p2|Sneasler, L50, F|\n|poke|p2|Charizard, L50, F|\n|poke|p2|Garchomp, L50, M|\n|poke|p2|Rotom-Heat, L50|\n|poke|p2|Venusaur, L50, M|\n|poke|p2|Maushold-Four, L50|\n|teampreview|4\n|inactive|Battle timer is ON: inactive players will automatically lose when time's up. (requested by Phillip Blevin)\nPhillip Blevin has agreed to open team sheets.\n|inactive|Navenz has 60 seconds left.\n|inactive|Phillip Blevin has 60 seconds left.\nNavenz rejected open team sheets.\n|inactive|Phillip Blevin has 30 seconds left.\n|\n|t:|1776372654\n|teamsize|p1|4\n|teamsize|p2|4\n|start\n|switch|p1a: Rotom|Rotom-Wash, L50|100/100\n|switch|p1b: Tyranitar|Tyranitar, L50, M|100/100\n|switch|p2a: Sneasler|Sneasler, L50, F|100/100\n|switch|p2b: Garchomp|Garchomp, L50, M|100/100\n|-weather|Sandstorm|[from] ability: Sand Stream|[of] p1b: Tyranitar\n|turn|1\n|inactive|Navenz has 30 seconds left.\n|\n|t:|1776372686\n|move|p1b: Tyranitar|Protect|p1b: Tyranitar\n|-singleturn|p1b: Tyranitar|Protect\n|move|p2a: Sneasler|Fake Out|p1a: Rotom\n|-damage|p1a: Rotom|84/100\n|move|p2b: Garchomp|Dragon Claw|p1a: Rotom\n|-damage|p1a: Rotom|40/100\n|cant|p1a: Rotom|flinch\n|\n|-weather|Sandstorm|[upkeep]\n|-damage|p1a: Rotom|34/100|[from] Sandstorm\n|-damage|p2a: Sneasler|95/100|[from] Sandstorm\n|upkeep\n|turn|2\n|\n|t:|1776372705\n|switch|p1b: Sinistcha|Sinistcha, L50|100/100\n|-heal|p1a: Rotom|59/100|[from] ability: Hospitality|[of] p1b: Sinistcha\n|move|p2b: Garchomp|Dragon Claw|p1a: Rotom\n|-damage|p1a: Rotom|16/100\n|move|p1a: Rotom|Will-O-Wisp|p2b: Garchomp\n|-status|p2b: Garchomp|brn\n|move|p2a: Sneasler|Close Combat|p1b: Sinistcha\n|-immune|p1b: Sinistcha\n|\n|-weather|Sandstorm|[upkeep]\n|-damage|p1a: Rotom|11/100|[from] Sandstorm\n|-damage|p2a: Sneasler|89/100|[from] Sandstorm\n|-damage|p1b: Sinistcha|94/100|[from] Sandstorm\n|-damage|p2b: Garchomp|95/100 brn|[from] brn\n|upkeep\n|turn|3\n|\n|t:|1776372724\n|move|p2b: Garchomp|Dragon Claw|p1a: Rotom\n|-damage|p1a: Rotom|0 fnt\n|faint|p1a: Rotom\n|move|p2a: Sneasler|Dire Claw|p1b: Sinistcha\n|-damage|p1b: Sinistcha|61/100\n|-status|p1b: Sinistcha|slp\n|cant|p1b: Sinistcha|slp\n|\n|-weather|Sandstorm|[upkeep]\n|-damage|p2a: Sneasler|83/100|[from] Sandstorm\n|-damage|p1b: Sinistcha|54/100 slp|[from] Sandstorm\n|-damage|p2b: Garchomp|89/100 brn|[from] brn\n|upkeep\n|\n|t:|1776372728\n|switch|p1a: Garchomp|Garchomp, L50, F|100/100\n|turn|4\n|\n|t:|1776372742\n|move|p1a: Garchomp|Protect|p1a: Garchomp\n|-singleturn|p1a: Garchomp|Protect\n|move|p2b: Garchomp|Dragon Claw|p1a: Garchomp\n|-activate|p1a: Garchomp|move: Protect\n|move|p2a: Sneasler|Close Combat|p1a: Garchomp\n|-activate|p1a: Garchomp|move: Protect\n|cant|p1b: Sinistcha|slp\n|\n|-weather|Sandstorm|[upkeep]\n|-damage|p2a: Sneasler|78/100|[from] Sandstorm\n|-damage|p1b: Sinistcha|48/100 slp|[from] Sandstorm\n|-damage|p2b: Garchomp|83/100 brn|[from] brn\n|upkeep\n|turn|5\n|\n|t:|1776372765\n|move|p2b: Garchomp|Dragon Claw|p1a: Garchomp|[miss]\n|-miss|p2b: Garchomp|p1a: Garchomp\n|move|p2a: Sneasler|Close Combat|p1a: Garchomp|[miss]\n|-miss|p2a: Sneasler|p1a: Garchomp\n|move|p1a: Garchomp|Earthquake|p2a: Sneasler|[spread] p1b,p2a,p2b\n|-resisted|p1b: Sinistcha|1\n|-supereffective|p2a: Sneasler|1\n|-damage|p1b: Sinistcha|32/100 slp\n|-damage|p2a: Sneasler|0 fnt\n|-damage|p2b: Garchomp|44/100 brn\n|faint|p2a: Sneasler\n|-curestatus|p1b: Sinistcha|slp|[msg]\n|move|p1b: Sinistcha|Trick Room|p1b: Sinistcha\n|-fieldstart|move: Trick Room|[of] p1b: Sinistcha\n|\n|-weather|none\n|-damage|p2b: Garchomp|38/100 brn|[from] brn\n|upkeep\n|\n|t:|1776372783\n|switch|p2a: Venusaur|Venusaur, L50, M|100/100\n|turn|6\n|\n|t:|1776372794\n|switch|p1a: Tyranitar|Tyranitar, L50, M|100/100\n|-weather|Sandstorm|[from] ability: Sand Stream|[of] p1a: Tyranitar\n|move|p1b: Sinistcha|Strength Sap|p2b: Garchomp\n|-unboost|p2b: Garchomp|atk|1\n|-heal|p1b: Sinistcha|100/100\n|move|p2a: Venusaur|Sludge Bomb|p1b: Sinistcha\n|-damage|p1b: Sinistcha|55/100\n|-status|p1b: Sinistcha|psn\n|move|p2b: Garchomp|Dragon Claw|p1a: Tyranitar\n|-damage|p1a: Tyranitar|90/100\n|\n|-weather|Sandstorm|[upkeep]\n|-damage|p1b: Sinistcha|49/100 psn|[from] Sandstorm\n|-damage|p2a: Venusaur|95/100|[from] Sandstorm\n|-damage|p1b: Sinistcha|36/100 psn|[from] psn\n|-damage|p2b: Garchomp|32/100 brn|[from] brn\n|upkeep\n|turn|7\n|\n|t:|1776372818\n|move|p1a: Tyranitar|Stone Edge|p2a: Venusaur\n|-damage|p2a: Venusaur|13/100\n|move|p1b: Sinistcha|Shadow Ball|p2b: Garchomp\n|-damage|p2b: Garchomp|0 fnt\n|faint|p2b: Garchomp\n|move|p2a: Venusaur|Sleep Powder|p1a: Tyranitar\n|-status|p1a: Tyranitar|slp|[from] move: Sleep Powder\n|\n|-weather|Sandstorm|[upkeep]\n|-damage|p1b: Sinistcha|30/100 psn|[from] Sandstorm\n|-damage|p2a: Venusaur|8/100|[from] Sandstorm\n|-damage|p1b: Sinistcha|18/100 psn|[from] psn\n|upkeep\n|\n|t:|1776372832\n|switch|p2b: Charizard|Charizard, L50, F|100/100\n|turn|8\n|\n|t:|1776372843\n|switch|p1a: Garchomp|Garchomp, L50, F|100/100\n|detailschange|p2b: Charizard|Charizard-Mega-Y, L50, F\n|-mega|p2b: Charizard|Charizard|Charizardite Y\n|-weather|SunnyDay|[from] ability: Drought|[of] p2b: Charizard\n|move|p2a: Venusaur|Protect|p2a: Venusaur\n|-singleturn|p2a: Venusaur|Protect\n|move|p1b: Sinistcha|Shadow Ball|p2a: Venusaur\n|-activate|p2a: Venusaur|move: Protect\n|move|p2b: Charizard|Solar Beam||[still]\n|-prepare|p2b: Charizard|Solar Beam\n|-anim|p2b: Charizard|Solar Beam|p1a: Garchomp\n|-damage|p1a: Garchomp|50/100\n|\n|-weather|SunnyDay|[upkeep]\n|-damage|p1b: Sinistcha|6/100 psn|[from] psn\n|upkeep\n|turn|9\n|\n|t:|1776372867\n|move|p1a: Garchomp|Protect|p1a: Garchomp\n|-singleturn|p1a: Garchomp|Protect\n|move|p1b: Sinistcha|Shadow Ball|p2a: Venusaur\n|-damage|p2a: Venusaur|0 fnt\n|faint|p2a: Venusaur\n|move|p2b: Charizard|Heat Wave|p1b: Sinistcha|[spread] p1b\n|-activate|p1a: Garchomp|move: Protect\n|-supereffective|p1b: Sinistcha|1\n|-damage|p1b: Sinistcha|0 fnt\n|faint|p1b: Sinistcha\n|\n|-weather|SunnyDay|[upkeep]\n|-fieldend|move: Trick Room\n|upkeep\n|\n|t:|1776372875\n|switch|p1b: Tyranitar|Tyranitar, L50, M|90/100 slp\n|-weather|Sandstorm|[from] ability: Sand Stream|[of] p1b: Tyranitar\n|turn|10\n|-message|Navenz forfeited.\n|\n|win|Phillip Blevin\n|raw|Phillip Blevin's rating: 1181 &rarr; <strong>1206</strong><br />(+25 for winning)\n|raw|Navenz's rating: 1182 &rarr; <strong>1157</strong><br />(-25 for losing)\n",
  "uploadtime": 1776372877,
  "views": 16,
  "formatid": "gen9championsvgc2026regma",
  "rating": 1157,
  "private": 0,
  "password": null
}