{
  "id": "gen9championsvgc2026regma-2587568806",
  "format": "[Gen 9 Champions] VGC 2026 Reg M-A",
  "players": [
    "chaarlyyyyy",
    "pikacon999"
  ],
  "log": "|j|\u2606chaarlyyyyy\n|j|\u2606pikacon999\n|t:|1776543053\n|gametype|doubles\n|player|p1|chaarlyyyyy|265|1099\n|player|p2|pikacon999|dawn|1079\n|gen|9\n|tier|[Gen 9 Champions] VGC 2026 Reg M-A\n|rated|\n|rule|Species Clause: Limit one of each Pok\u00e9mon\n|rule|Item Clause: Limit 1 of each item\n|clearpoke\n|poke|p1|Maushold-Four, L50|\n|poke|p1|Gardevoir, L50, F, shiny|\n|poke|p1|Sinistcha, L50|\n|poke|p1|Kangaskhan, L50, F|\n|poke|p1|Aegislash, L50, M, shiny|\n|poke|p1|Politoed, L50, M, shiny|\n|poke|p2|Charizard, L50, M|\n|poke|p2|Whimsicott, L50, F|\n|poke|p2|Garchomp, L50, M|\n|poke|p2|Rotom-Wash, L50|\n|poke|p2|Venusaur, L50, F|\n|poke|p2|Incineroar, L50, F|\n|teampreview|4\n|c|\u2606chaarlyyyyy|arent you tired of the same team\npikacon999 rejected open team sheets.\n|\n|t:|1776543110\n|teamsize|p1|4\n|teamsize|p2|4\n|start\n|switch|p1a: TUMAMI|Kangaskhan, L50, F|100/100\n|switch|p1b: Gardevoir|Gardevoir, L50, F, shiny|100/100\n|switch|p2a: Charizard|Charizard, L50, M|100/100\n|switch|p2b: Venusaur|Venusaur, L50, F|100/100\n|-ability|p1b: Gardevoir|Chlorophyll|Trace|[from] ability: Trace|[of] p2b: Venusaur\n|turn|1\n|\n|t:|1776543146\n|detailschange|p1b: Gardevoir|Gardevoir-Mega, L50, F, shiny\n|-mega|p1b: Gardevoir|Gardevoir|Gardevoirite\n|move|p2a: Charizard|Protect|p2a: Charizard\n|-singleturn|p2a: Charizard|Protect\n|move|p1a: TUMAMI|Fake Out|p2b: Venusaur\n|-damage|p2b: Venusaur|79/100\n|cant|p2b: Venusaur|flinch\n|move|p1b: Gardevoir|Trick Room|p1b: Gardevoir\n|-fieldstart|move: Trick Room|[of] p1b: Gardevoir\n|\n|upkeep\n|turn|2\n|inactive|Battle timer is ON: inactive players will automatically lose when time's up. (requested by chaarlyyyyy)\n|\n|t:|1776543214\n|detailschange|p2a: Charizard|Charizard-Mega-Y, L50, M\n|-mega|p2a: Charizard|Charizard|Charizardite Y\n|-weather|SunnyDay|[from] ability: Drought|[of] p2a: Charizard\n|move|p1a: TUMAMI|Double-Edge|p2a: Charizard\n|-damage|p2a: Charizard|30/100\n|-damage|p1a: TUMAMI|82/100|[from] Recoil\n|move|p2a: Charizard|Solar Beam||[still]\n|-prepare|p2a: Charizard|Solar Beam\n|-anim|p2a: Charizard|Solar Beam|p1b: Gardevoir\n|-damage|p1b: Gardevoir|57/100\n|move|p1b: Gardevoir|Psyshock|p2b: Venusaur\n|-supereffective|p2b: Venusaur|1\n|-damage|p2b: Venusaur|0 fnt\n|faint|p2b: Venusaur\n|\n|-weather|SunnyDay|[upkeep]\n|upkeep\n|\n|t:|1776543232\n|switch|p2b: Garchomp|Garchomp, L50, M|100/100\n|turn|3\n|\n|t:|1776543251\n|switch|p1a: CARLITOS|Politoed, L50, M, shiny|100/100\n|-weather|RainDance|[from] ability: Drizzle|[of] p1a: CARLITOS\n|move|p2a: Charizard|Protect|p2a: Charizard\n|-singleturn|p2a: Charizard|Protect\n|move|p1b: Gardevoir|Hyper Voice|p2b: Garchomp|[spread] p2b\n|-activate|p2a: Charizard|move: Protect\n|-supereffective|p2b: Garchomp|1\n|-damage|p2b: Garchomp|0 fnt\n|faint|p2b: Garchomp\n|\n|-weather|RainDance|[upkeep]\n|upkeep\n|\n|t:|1776543263\n|switch|p2b: Incineroar|Incineroar, L50, F|100/100\n|-ability|p2b: Incineroar|Intimidate|boost\n|-unboost|p1a: CARLITOS|atk|1\n|-unboost|p1b: Gardevoir|atk|1\n|turn|4\n|\n|t:|1776543279\n|move|p2b: Incineroar|Fake Out|p1a: CARLITOS\n|-damage|p1a: CARLITOS|87/100\n|cant|p1a: CARLITOS|flinch\n|move|p2a: Charizard|Solar Beam||[still]\n|-prepare|p2a: Charizard|Solar Beam\n|move|p1b: Gardevoir|Hyper Voice|p2a: Charizard|[spread] p2a,p2b\n|-resisted|p2a: Charizard|1\n|-damage|p2a: Charizard|7/100\n|-damage|p2b: Incineroar|56/100\n|\n|-weather|RainDance|[upkeep]\n|upkeep\n|turn|5\n|c|\u2606chaarlyyyyy|wtf\n|\n|t:|1776543294\n|move|p1a: CARLITOS|Muddy Water|p2b: Incineroar|[spread] p2a,p2b\n|-supereffective|p2a: Charizard|1\n|-supereffective|p2b: Incineroar|1\n|-damage|p2a: Charizard|0 fnt\n|-damage|p2b: Incineroar|0 fnt\n|faint|p2a: Charizard\n|faint|p2b: Incineroar\n|\n|win|chaarlyyyyy\n|raw|chaarlyyyyy's rating: 1099 &rarr; <strong>1123</strong><br />(+24 for winning)\n|raw|pikacon999's rating: 1079 &rarr; <strong>1058</strong><br />(-21 for losing)\n|l|\u2606chaarlyyyyy\n|player|p1|\n",
  "uploadtime": 1776543303,
  "views": 12,
  "formatid": "gen9championsvgc2026regma",
  "rating": 1058,
  "private": 0,
  "password": null
}