{
  "id": "gen9championsvgc2026regma-2587929171",
  "format": "[Gen 9 Champions] VGC 2026 Reg M-A",
  "players": [
    "unova arowak",
    "0ten"
  ],
  "log": "|j|\u2606unova arowak\n|j|\u26060ten\n|t:|1776580471\n|gametype|doubles\n|player|p1|unova arowak|aetherfoundation2|1000\n|player|p2|0ten|pokemaniac|1000\n|gen|9\n|tier|[Gen 9 Champions] VGC 2026 Reg M-A\n|rated|\n|rule|Species Clause: Limit one of each Pok\u00e9mon\n|rule|Item Clause: Limit 1 of each item\n|clearpoke\n|poke|p1|Corviknight, L50, M, shiny|\n|poke|p1|Leafeon, L50, F|\n|poke|p1|Sableye, L50, M, shiny|\n|poke|p1|Krookodile, L50, M|\n|poke|p1|Milotic, L50, F|\n|poke|p1|Torkoal, L50, M|\n|poke|p2|Starmie, L50|\n|poke|p2|Heliolisk, L50, M|\n|poke|p2|Sableye, L50, M, shiny|\n|poke|p2|Lucario, L50, M, shiny|\n|poke|p2|Milotic, L50, F, shiny|\n|poke|p2|Ariados, L50, M|\n|teampreview|4\n|inactive|Battle timer is ON: inactive players will automatically lose when time's up. (requested by 0ten)\n|inactive|unova arowak has 60 seconds left.\n|inactive|unova arowak has 30 seconds left.\n|\n|t:|1776580537\n|teamsize|p1|4\n|teamsize|p2|4\n|start\n|switch|p1a: Sableye|Sableye, L50, M, shiny|100/100\n|switch|p1b: Corvi|Corviknight, L50, M, shiny|100/100\n|switch|p2a: Ariados|Ariados, L50, M|100/100\n|switch|p2b: Heliolisk|Heliolisk, L50, M|100/100\n|turn|1\n|-activate|p2a: Ariados|item: Quick Claw\n|\n|t:|1776580554\n|move|p2a: Ariados|Protect|p2a: Ariados\n|-singleturn|p2a: Ariados|Protect\n|move|p1a: Sableye|Fake Out|p2b: Heliolisk\n|-damage|p2b: Heliolisk|84/100\n|cant|p2b: Heliolisk|flinch\n|move|p1b: Corvi|Tailwind|p1b: Corvi\n|-sidestart|p1: unova arowak|move: Tailwind\n|\n|-heal|p2b: Heliolisk|90/100|[from] item: Leftovers\n|upkeep\n|turn|2\n|inactive|0ten has 30 seconds left.\n|\n|t:|1776580584\n|switch|p1b: Torkoal|Torkoal, L50, M|100/100\n|-weather|SunnyDay|[from] ability: Drought|[of] p1b: Torkoal\n|move|p2a: Ariados|Rage Powder|p2a: Ariados\n|-singleturn|p2a: Ariados|move: Rage Powder\n|move|p1a: Sableye|Will-O-Wisp|p2a: Ariados\n|-status|p2a: Ariados|brn\n|move|p2b: Heliolisk|Shed Tail|p2b: Heliolisk\n|-start|p2b: Heliolisk|Substitute|[from] move: Shed Tail\n|-damage|p2b: Heliolisk|39/100\n|\n|t:|1776580594\n|switch|p2b: Starmie|Starmie, L50|100/100|[from] Shed Tail\n|\n|-weather|SunnyDay|[upkeep]\n|-damage|p2a: Ariados|94/100 brn|[from] brn\n|upkeep\n|turn|3\n|\n|t:|1776580606\n|switch|p2a: Heliolisk|Heliolisk, L50, M|39/100\n|detailschange|p2b: Starmie|Starmie-Mega, L50\n|-mega|p2b: Starmie|Starmie|Starminite\n|move|p1a: Sableye|Quash||[still]\n|-fail|p1a: Sableye\n|move|p2b: Starmie|Cosmic Power|p2b: Starmie\n|-boost|p2b: Starmie|def|1\n|-boost|p2b: Starmie|spd|1\n|move|p1b: Torkoal|Eruption|p2b: Starmie|[spread] p2a,p2b\n|-resisted|p2b: Starmie|1\n|-crit|p2b: Starmie\n|-end|p2b: Starmie|Substitute\n|-damage|p2a: Heliolisk|0 fnt\n|faint|p2a: Heliolisk\n|\n|-weather|SunnyDay|[upkeep]\n|upkeep\n|\n|t:|1776580621\n|switch|p2a: Lucario|Lucario, L50, M, shiny|100/100\n|turn|4\n|\n|t:|1776580642\n|move|p1a: Sableye|Quash|p2b: Starmie\n|-activate|p2b: Starmie|move: Quash\n|move|p2a: Lucario|Coaching|p2b: Starmie\n|-boost|p2b: Starmie|atk|1\n|-boost|p2b: Starmie|def|1\n|move|p1b: Torkoal|Eruption|p2b: Starmie|[spread] p2a,p2b\n|-supereffective|p2a: Lucario|1\n|-resisted|p2b: Starmie|1\n|-enditem|p2a: Lucario|Focus Sash\n|-damage|p2a: Lucario|1/100\n|-damage|p2b: Starmie|64/100\n|move|p2b: Starmie|Waterfall|p1b: Torkoal\n|-supereffective|p1b: Torkoal|1\n|-damage|p1b: Torkoal|18/100\n|\n|-weather|SunnyDay|[upkeep]\n|-sideend|p1: unova arowak|move: Tailwind\n|upkeep\n|turn|5\n|\n|t:|1776580666\n|switch|p1b: Corvi|Corviknight, L50, M, shiny|100/100\n|move|p1a: Sableye|Protect|p1a: Sableye\n|-singleturn|p1a: Sableye|Protect\n|move|p2b: Starmie|Waterfall|p1b: Corvi\n|-damage|p1b: Corvi|63/100\n|move|p2a: Lucario|Coaching|p2b: Starmie\n|-boost|p2b: Starmie|atk|1\n|-boost|p2b: Starmie|def|1\n|\n|-weather|SunnyDay|[upkeep]\n|-heal|p1b: Corvi|68/100|[from] item: Leftovers\n|upkeep\n|turn|6\n|\n|t:|1776580687\n|move|p1a: Sableye|Will-O-Wisp|p2b: Starmie\n|-status|p2b: Starmie|brn\n|move|p2b: Starmie|Minimize|p2b: Starmie\n|-boost|p2b: Starmie|evasion|2\n|move|p2a: Lucario|Life Dew|p2a: Lucario|[spread] p2a,p2b\n|-heal|p2a: Lucario|26/100\n|-heal|p2b: Starmie|89/100 brn\n|move|p1b: Corvi|Tailwind|p1b: Corvi\n|-sidestart|p1: unova arowak|move: Tailwind\n|\n|-weather|none\n|-heal|p1b: Corvi|74/100|[from] item: Leftovers\n|-damage|p2b: Starmie|83/100 brn|[from] brn\n|upkeep\n|turn|7\n|\n|t:|1776580703\n|move|p1a: Sableye|Protect|p1a: Sableye\n|-singleturn|p1a: Sableye|Protect\n|move|p2b: Starmie|Minimize|p2b: Starmie\n|-boost|p2b: Starmie|evasion|2\n|move|p1b: Corvi|U-turn|p2b: Starmie|[miss]\n|-miss|p1b: Corvi|p2b: Starmie\n|move|p2a: Lucario|Psych Up|p2b: Starmie\n|-copyboost|p2a: Lucario|p2b: Starmie|[from] move: Psych Up\n|\n|-heal|p1b: Corvi|80/100|[from] item: Leftovers\n|-damage|p2b: Starmie|78/100 brn|[from] brn\n|upkeep\n|turn|8\n|\n|t:|1776580719\n|move|p1a: Sableye|Quash|p2a: Lucario|[miss]\n|-miss|p1a: Sableye|p2a: Lucario\n|move|p2b: Starmie|Cosmic Power|p2b: Starmie\n|-boost|p2b: Starmie|def|1\n|-boost|p2b: Starmie|spd|1\n|move|p1b: Corvi|U-turn|p2b: Starmie|[miss]\n|-miss|p1b: Corvi|p2b: Starmie\n|move|p2a: Lucario|Life Dew|p2a: Lucario|[spread] p2a,p2b\n|-heal|p2a: Lucario|52/100\n|-heal|p2b: Starmie|100/100 brn\n|\n|-heal|p1b: Corvi|86/100|[from] item: Leftovers\n|-damage|p2b: Starmie|95/100 brn|[from] brn\n|upkeep\n|turn|9\n|\n|t:|1776580740\n|switch|p1b: Torkoal|Torkoal, L50, M|18/100\n|-weather|SunnyDay|[from] ability: Drought|[of] p1b: Torkoal\n|move|p1a: Sableye|Will-O-Wisp|p2a: Lucario\n|-status|p2a: Lucario|brn\n|move|p2b: Starmie|Minimize|p2b: Starmie\n|-boost|p2b: Starmie|evasion|2\n|move|p2a: Lucario|Coaching|p2b: Starmie\n|-boost|p2b: Starmie|atk|1\n|-boost|p2b: Starmie|def|1\n|\n|-weather|SunnyDay|[upkeep]\n|-damage|p2b: Starmie|89/100 brn|[from] brn\n|-damage|p2a: Lucario|45/100 brn|[from] brn\n|-sideend|p1: unova arowak|move: Tailwind\n|upkeep\n|turn|10\n|\n|t:|1776580761\n|move|p1a: Sableye|Quash|p2b: Starmie|[miss]\n|-miss|p1a: Sableye|p2b: Starmie\n|move|p2b: Starmie|Waterfall|p1b: Torkoal\n|-supereffective|p1b: Torkoal|1\n|-damage|p1b: Torkoal|0 fnt\n|faint|p1b: Torkoal\n|move|p2a: Lucario|Copycat|p2a: Lucario\n|move|p2a: Lucario|Waterfall|p1a: Sableye|[from] move: Copycat\n|-damage|p1a: Sableye|86/100\n|\n|-weather|SunnyDay|[upkeep]\n|-damage|p2b: Starmie|83/100 brn|[from] brn\n|-damage|p2a: Lucario|39/100 brn|[from] brn\n|upkeep\n|\n|t:|1776580766\n|switch|p1b: Leafeon|Leafeon, L50, F|100/100\n|turn|11\n|\n|t:|1776580784\n|switch|p1a: Corvi|Corviknight, L50, M, shiny|86/100\n|move|p2b: Starmie|Zen Headbutt|p1b: Leafeon\n|-damage|p1b: Leafeon|34/100\n|cant|p1b: Leafeon|flinch\n|move|p2a: Lucario|Life Dew|p2a: Lucario|[spread] p2a,p2b\n|-heal|p2a: Lucario|64/100 brn\n|-heal|p2b: Starmie|100/100 brn\n|\n|-weather|SunnyDay|[upkeep]\n|-heal|p1a: Corvi|91/100|[from] item: Leftovers\n|-damage|p2b: Starmie|95/100 brn|[from] brn\n|-damage|p2a: Lucario|58/100 brn|[from] brn\n|upkeep\n|turn|12\n|\n|t:|1776580801\n|move|p2b: Starmie|Zen Headbutt|p1b: Leafeon\n|-damage|p1b: Leafeon|0 fnt\n|faint|p1b: Leafeon\n|move|p2a: Lucario|Coaching|p2b: Starmie\n|-boost|p2b: Starmie|atk|1\n|-boost|p2b: Starmie|def|1\n|move|p1a: Corvi|U-turn|p2b: Starmie|[miss]\n|-miss|p1a: Corvi|p2b: Starmie\n|\n|-weather|SunnyDay|[upkeep]\n|-heal|p1a: Corvi|97/100|[from] item: Leftovers\n|-damage|p2b: Starmie|89/100 brn|[from] brn\n|-damage|p2a: Lucario|52/100 brn|[from] brn\n|upkeep\n|\n|t:|1776580803\n|switch|p1b: Sableye|Sableye, L50, M, shiny|86/100\n|turn|13\n|-message|unova arowak forfeited.\n|\n|win|0ten\n|raw|unova arowak's rating: 1000 &rarr; <strong>1000</strong><br />(+0 for losing)\n|raw|0ten's rating: 1000 &rarr; <strong>1040</strong><br />(+40 for winning)\n|l|\u2606unova arowak\n|player|p1|\n",
  "uploadtime": 1776580820,
  "views": 7,
  "formatid": "gen9championsvgc2026regma",
  "rating": 1000,
  "private": 0,
  "password": null
}