{
  "id": "gen9championsvgc2026regma-2580644433",
  "format": "[Gen 9 Champions] VGC 2026 Reg M-A",
  "players": [
    "Barbe Bleue",
    "alvin776"
  ],
  "log": "|j|\u2606Barbe Bleue\n|j|\u2606alvin776\n|t:|1775920836\n|gametype|doubles\n|player|p1|Barbe Bleue|guitarist-gen4|1106\n|player|p2|alvin776|1|1133\n|gen|9\n|tier|[Gen 9 Champions] VGC 2026 Reg M-A\n|rated|\n|rule|Species Clause: Limit one of each Pok\u00e9mon\n|rule|Item Clause: Limit 1 of each item\n|clearpoke\n|poke|p1|Starmie, L50|\n|poke|p1|Kingambit, L50, M|\n|poke|p1|Incineroar, L50, M|\n|poke|p1|Sylveon, L50, M|\n|poke|p1|Sneasler, L50, F|\n|poke|p1|Sinistcha, L50|\n|poke|p2|Gengar, L50, F|\n|poke|p2|Arcanine, L50, F|\n|poke|p2|Basculegion, L50, M|\n|poke|p2|Archaludon, L50, F|\n|poke|p2|Gallade, L50, M|\n|poke|p2|Politoed, L50, F|\n|teampreview|4\n|inactive|Battle timer is ON: inactive players will automatically lose when time's up. (requested by Barbe Bleue)\n|inactive|Barbe Bleue has 60 seconds left.\n|inactive|alvin776 has 60 seconds left.\n|\n|t:|1775920877\n|teamsize|p1|4\n|teamsize|p2|4\n|start\n|switch|p1a: Starmie|Starmie, L50|100/100\n|switch|p1b: Sneasler|Sneasler, L50, F|100/100\n|switch|p2a: Gengar|Gengar, L50, F|100/100\n|switch|p2b: Gallade|Gallade, L50, M|100/100\n|turn|1\n|inactive|Barbe Bleue has 30 seconds left.\n|inactive|alvin776 has 30 seconds left.\n|\n|t:|1775920910\n|detailschange|p2a: Gengar|Gengar-Mega, L50, F\n|-mega|p2a: Gengar|Gengar|Gengarite\n|detailschange|p1a: Starmie|Starmie-Mega, L50\n|-mega|p1a: Starmie|Starmie|Starminite\n|move|p2a: Gengar|Protect|p2a: Gengar\n|-singleturn|p2a: Gengar|Protect\n|move|p1b: Sneasler|Fake Out|p2b: Gallade\n|-damage|p2b: Gallade|77/100\n|move|p1a: Starmie|Substitute|p1a: Starmie\n|-start|p1a: Starmie|Substitute\n|-damage|p1a: Starmie|75/100\n|cant|p2b: Gallade|flinch\n|-ability|p2b: Gallade|Steadfast|boost\n|-boost|p2b: Gallade|spe|1\n|\n|upkeep\n|turn|2\n|\n|t:|1775920935\n|move|p2b: Gallade|Shadow Sneak|p1a: Starmie\n|-supereffective|p1a: Starmie|1\n|-end|p1a: Starmie|Substitute\n|move|p2a: Gengar|Shadow Ball|p1a: Starmie\n|-supereffective|p1a: Starmie|1\n|-crit|p1a: Starmie\n|-damage|p1a: Starmie|0 fnt\n|faint|p1a: Starmie\n|move|p1b: Sneasler|Coaching|p1: Starmie|[notarget]\n|-fail|p1b: Sneasler\n|\n|upkeep\n|\n|t:|1775920954\n|switch|p1a: Sylveon|Sylveon, L50, M|100/100\n|turn|3\n|\n|t:|1775920967\n|move|p2a: Gengar|Sludge Bomb|p1a: Sylveon\n|-supereffective|p1a: Sylveon|1\n|-damage|p1a: Sylveon|17/100\n|move|p1b: Sneasler|Dire Claw|p2b: Gallade\n|-damage|p2b: Gallade|6/100\n|-status|p2b: Gallade|psn\n|move|p2b: Gallade|Psycho Cut|p1b: Sneasler\n|-supereffective|p1b: Sneasler|2\n|-damage|p1b: Sneasler|0 fnt\n|faint|p1b: Sneasler\n|move|p1a: Sylveon|Hyper Voice|p2a: Gengar|[spread] p2a,p2b\n|-resisted|p2a: Gengar|1\n|-supereffective|p2b: Gallade|1\n|-damage|p2a: Gengar|70/100\n|-damage|p2b: Gallade|0 fnt\n|faint|p2b: Gallade\n|\n|upkeep\n|inactive|alvin776 has 30 seconds left.\n|\n|t:|1775920992\n|switch|p1b: Incineroar|Incineroar, L50, M|100/100\n|switch|p2b: Politoed|Politoed, L50, F|100/100\n|-weather|RainDance|[from] ability: Drizzle|[of] p2b: Politoed\n|-ability|p1b: Incineroar|Intimidate|boost\n|-unboost|p2a: Gengar|atk|1\n|-unboost|p2b: Politoed|atk|1\n|turn|4\n|\n|t:|1775921010\n|move|p1a: Sylveon|Detect|p1a: Sylveon\n|-singleturn|p1a: Sylveon|Protect\n|move|p2a: Gengar|Disable|p1a: Sylveon\n|-activate|p1a: Sylveon|move: Protect\n|move|p2b: Politoed|Weather Ball|p1b: Incineroar\n|-supereffective|p1b: Incineroar|1\n|-damage|p1b: Incineroar|7/100\n|-enditem|p1b: Incineroar|Sitrus Berry|[eat]\n|-heal|p1b: Incineroar|32/100|[from] item: Sitrus Berry\n|move|p1b: Incineroar|Darkest Lariat|p2a: Gengar\n|-supereffective|p2a: Gengar|1\n|-damage|p2a: Gengar|0 fnt\n|faint|p2a: Gengar\n|\n|-weather|RainDance|[upkeep]\n|upkeep\n|\n|t:|1775921021\n|switch|p2a: Basculegion|Basculegion, L50, M|100/100\n|turn|5\n|\n|t:|1775921035\n|move|p2a: Basculegion|Aqua Jet|p1a: Sylveon\n|-damage|p1a: Sylveon|0 fnt\n|faint|p1a: Sylveon\n|move|p2b: Politoed|Weather Ball|p1b: Incineroar\n|-supereffective|p1b: Incineroar|1\n|-damage|p1b: Incineroar|0 fnt\n|faint|p1b: Incineroar\n|\n|win|alvin776\n|raw|Barbe Bleue's rating: 1106 &rarr; <strong>1083</strong><br />(-23 for losing)\n|raw|alvin776's rating: 1133 &rarr; <strong>1156</strong><br />(+23 for winning)\n|l|\u2606Barbe Bleue\n|player|p1|\n",
  "uploadtime": 1775921045,
  "views": 14,
  "formatid": "gen9championsvgc2026regma",
  "rating": 1083,
  "private": 0,
  "password": null
}