{
  "id": "gen9championsvgc2026regma-2580747245",
  "format": "[Gen 9 Champions] VGC 2026 Reg M-A",
  "players": [
    "iammarykon",
    "yuriimon"
  ],
  "log": "|j|\u2606iammarykon\n|j|\u2606yuriimon\n|t:|1775929177\n|gametype|doubles\n|player|p1|iammarykon|chili|1162\n|player|p2|yuriimon|waitress-gen4|1127\n|gen|9\n|tier|[Gen 9 Champions] VGC 2026 Reg M-A\n|rated|\n|rule|Species Clause: Limit one of each Pok\u00e9mon\n|rule|Item Clause: Limit 1 of each item\n|clearpoke\n|poke|p1|Charizard, L50, F|\n|poke|p1|Venusaur, L50, M|\n|poke|p1|Garchomp, L50, F|\n|poke|p1|Incineroar, L50, F|\n|poke|p1|Gardevoir, L50, F|\n|poke|p1|Milotic, L50, F|\n|poke|p2|Feraligatr, L50, M|\n|poke|p2|Gallade, L50, M|\n|poke|p2|Politoed, L50, M|\n|poke|p2|Raichu, L50, F|\n|poke|p2|Arcanine-Hisui, L50, F|\n|poke|p2|Clefable, L50, F|\n|teampreview|4\n|inactive|Battle timer is ON: inactive players will automatically lose when time's up. (requested by yuriimon)\n|inactive|iammarykon also wants the timer to be on.\n|\n|t:|1775929199\n|teamsize|p1|4\n|teamsize|p2|4\n|start\n|switch|p1a: Charizard|Charizard, L50, F|100/100\n|switch|p1b: Venusaur|Venusaur, L50, M|100/100\n|switch|p2a: Raichu|Raichu, L50, F|100/100\n|switch|p2b: Gallade|Gallade, L50, M|100/100\n|turn|1\n|\n|t:|1775929209\n|detailschange|p1a: Charizard|Charizard-Mega-Y, L50, F\n|-mega|p1a: Charizard|Charizard|Charizardite Y\n|-weather|SunnyDay|[from] ability: Drought|[of] p1a: Charizard\n|move|p1a: Charizard|Protect|p1a: Charizard\n|-singleturn|p1a: Charizard|Protect\n|move|p2a: Raichu|Fake Out|p1b: Venusaur\n|-damage|p1b: Venusaur|91/100\n|cant|p1b: Venusaur|flinch\n|move|p2b: Gallade|Trick Room|p2b: Gallade\n|-fieldstart|move: Trick Room|[of] p2b: Gallade\n|\n|-weather|SunnyDay|[upkeep]\n|upkeep\n|turn|2\n|\n|t:|1775929221\n|switch|p1a: Garchomp|Garchomp, L50, F|100/100\n|move|p2b: Gallade|Psycho Cut|p1b: Venusaur\n|-supereffective|p1b: Venusaur|1\n|-damage|p1b: Venusaur|0 fnt\n|faint|p1b: Venusaur\n|move|p2a: Raichu|Volt Switch|p1a: Garchomp\n|-immune|p1a: Garchomp\n|\n|-weather|SunnyDay|[upkeep]\n|upkeep\n|\n|t:|1775929228\n|switch|p1b: Charizard|Charizard-Mega-Y, L50, F|100/100\n|turn|3\n|\n|t:|1775929236\n|move|p2b: Gallade|Wide Guard|p2b: Gallade\n|-singleturn|p2b: Gallade|Wide Guard\n|move|p1b: Charizard|Heat Wave|p2a: Raichu|[spread] \n|-activate|p2a: Raichu|move: Wide Guard\n|-activate|p2b: Gallade|move: Wide Guard\n|move|p1a: Garchomp|Earthquake|p2a: Raichu|[spread] \n|-activate|p2a: Raichu|move: Wide Guard\n|-activate|p2b: Gallade|move: Wide Guard\n|-immune|p1b: Charizard\n|move|p2a: Raichu|Volt Switch|p1b: Charizard\n|-supereffective|p1b: Charizard|1\n|-damage|p1b: Charizard|60/100\n|\n|t:|1775929250\n|switch|p2a: Feraligatr|Feraligatr, L50, M|100/100|[from] Volt Switch\n|\n|-weather|SunnyDay|[upkeep]\n|upkeep\n|turn|4\n|\n|t:|1775929265\n|detailschange|p2a: Feraligatr|Feraligatr-Mega, L50, M\n|-mega|p2a: Feraligatr|Feraligatr|Feraligite\n|move|p1b: Charizard|Protect|p1b: Charizard\n|-singleturn|p1b: Charizard|Protect\n|move|p2b: Gallade|Sacred Sword|p1a: Garchomp\n|-damage|p1a: Garchomp|29/100\n|-damage|p2b: Gallade|89/100|[from] ability: Rough Skin|[of] p1a: Garchomp\n|move|p2a: Feraligatr|Body Slam|p1a: Garchomp\n|-supereffective|p1a: Garchomp|1\n|-damage|p1a: Garchomp|0 fnt\n|-damage|p2a: Feraligatr|88/100|[from] ability: Rough Skin|[of] p1a: Garchomp\n|faint|p1a: Garchomp\n|\n|-weather|SunnyDay|[upkeep]\n|upkeep\n|\n|t:|1775929271\n|switch|p1a: Milotic|Milotic, L50, F|100/100\n|turn|5\n|\n|t:|1775929289\n|switch|p2b: Politoed|Politoed, L50, M|100/100\n|-weather|RainDance|[from] ability: Drizzle|[of] p2b: Politoed\n|move|p1b: Charizard|Protect||[still]\n|-fail|p1b: Charizard\n|move|p2a: Feraligatr|Liquidation|p1b: Charizard\n|-supereffective|p1b: Charizard|1\n|-damage|p1b: Charizard|0 fnt\n|faint|p1b: Charizard\n|move|p1a: Milotic|Scald|p2b: Politoed\n|-resisted|p2b: Politoed|1\n|-damage|p2b: Politoed|84/100\n|\n|-weather|RainDance|[upkeep]\n|-fieldend|move: Trick Room\n|upkeep\n|turn|6\n|-message|iammarykon forfeited.\n|\n|win|yuriimon\n|raw|iammarykon's rating: 1162 &rarr; <strong>1134</strong><br />(-28 for losing)\n|raw|yuriimon's rating: 1127 &rarr; <strong>1155</strong><br />(+28 for winning)\n|l|\u2606iammarykon\n|player|p1|\n",
  "uploadtime": 1775929304,
  "views": 14,
  "formatid": "gen9championsvgc2026regma",
  "rating": 1134,
  "private": 0,
  "password": null
}