{
  "id": "gen9championsvgc2026regma-2583666994",
  "format": "[Gen 9 Champions] VGC 2026 Reg M-A",
  "players": [
    "On the wave now",
    "Sol4ri"
  ],
  "log": "|j|\u2606On the wave now\n|j|\u2606Sol4ri\n|t:|1776189805\n|gametype|doubles\n|player|p1|On the wave now|ruinmaniac|1192\n|player|p2|Sol4ri|will|1122\n|gen|9\n|tier|[Gen 9 Champions] VGC 2026 Reg M-A\n|rated|\n|rule|Species Clause: Limit one of each Pok\u00e9mon\n|rule|Item Clause: Limit 1 of each item\n|clearpoke\n|poke|p1|Tyranitar, L50, M|\n|poke|p1|Excadrill, L50, F|\n|poke|p1|Garchomp, L50, M|\n|poke|p1|Incineroar, L50, M|\n|poke|p1|Rotom-Wash, L50|\n|poke|p1|Milotic, L50, F|\n|poke|p2|Politoed, L50, F|\n|poke|p2|Gengar, L50, F|\n|poke|p2|Basculegion, L50, M|\n|poke|p2|Incineroar, L50, M|\n|poke|p2|Kommo-o, L50, F|\n|poke|p2|Archaludon, L50, M|\n|teampreview|4\nOn the wave now has agreed to open team sheets.\n|\n|t:|1776189823\n|teamsize|p1|4\n|teamsize|p2|4\n|start\n|switch|p1a: Rotom|Rotom-Wash, L50|100/100\n|switch|p1b: Garchomp|Garchomp, L50, M|100/100\n|switch|p2a: Kommo-o|Kommo-o, L50, F|100/100\n|switch|p2b: Archaludon|Archaludon, L50, M|100/100\n|turn|1\n|inactive|Battle timer is ON: inactive players will automatically lose when time's up. (requested by Sol4ri)\n|\n|t:|1776189844\n|move|p1b: Garchomp|Earthquake|p2a: Kommo-o|[spread] p2a,p2b\n|-immune|p1a: Rotom|[from] ability: Levitate\n|-supereffective|p2b: Archaludon|1\n|-damage|p2a: Kommo-o|69/100\n|-damage|p2b: Archaludon|35/100\n|move|p2b: Archaludon|Draco Meteor|p1b: Garchomp\n|-supereffective|p1b: Garchomp|1\n|-damage|p1b: Garchomp|0 fnt\n|-unboost|p2b: Archaludon|spa|2\n|faint|p1b: Garchomp\n|-enditem|p2b: Archaludon|White Herb\n|-clearnegativeboost|p2b: Archaludon|[silent]\n|move|p1a: Rotom|Discharge|p2a: Kommo-o|[spread] p2a,p2b\n|-resisted|p2a: Kommo-o|1\n|-resisted|p2b: Archaludon|1\n|-damage|p2a: Kommo-o|60/100\n|-damage|p2b: Archaludon|18/100\n|move|p2a: Kommo-o|Clanging Scales|p1a: Rotom\n|-damage|p1a: Rotom|66/100\n|-unboost|p2a: Kommo-o|def|1\n|\n|upkeep\n|\n|t:|1776189864\n|switch|p1b: Tyranitar|Tyranitar, L50, M|100/100\n|-weather|Sandstorm|[from] ability: Sand Stream|[of] p1b: Tyranitar\n|turn|2\n|\n|t:|1776189878\n|switch|p2a: Politoed|Politoed, L50, F|100/100\n|-weather|RainDance|[from] ability: Drizzle|[of] p2a: Politoed\n|detailschange|p1b: Tyranitar|Tyranitar-Mega, L50, M\n|-mega|p1b: Tyranitar|Tyranitar|Tyranitarite\n|-weather|Sandstorm|[from] ability: Sand Stream|[of] p1b: Tyranitar\n|move|p2b: Archaludon|Flash Cannon|p1b: Tyranitar\n|-supereffective|p1b: Tyranitar|1\n|-damage|p1b: Tyranitar|50/100\n|move|p1b: Tyranitar|Ice Punch|p2a: Politoed\n|-resisted|p2a: Politoed|1\n|-damage|p2a: Politoed|86/100\n|move|p1a: Rotom|Hydro Pump|p2b: Archaludon|[miss]\n|-miss|p1a: Rotom|p2b: Archaludon\n|\n|-weather|Sandstorm|[upkeep]\n|-damage|p1a: Rotom|60/100|[from] Sandstorm\n|-damage|p2a: Politoed|80/100|[from] Sandstorm\n|upkeep\n|turn|3\n|\n|t:|1776189902\n|move|p2a: Politoed|Protect|p2a: Politoed\n|-singleturn|p2a: Politoed|Protect\n|move|p2b: Archaludon|Flash Cannon|p1b: Tyranitar\n|-supereffective|p1b: Tyranitar|1\n|-damage|p1b: Tyranitar|2/100\n|move|p1b: Tyranitar|Knock Off|p2a: Politoed\n|-activate|p2a: Politoed|move: Protect\n|move|p1a: Rotom|Hydro Pump|p2b: Archaludon|[miss]\n|-miss|p1a: Rotom|p2b: Archaludon\n|\n|-weather|Sandstorm|[upkeep]\n|-damage|p1a: Rotom|55/100|[from] Sandstorm\n|-damage|p2a: Politoed|74/100|[from] Sandstorm\n|upkeep\n|turn|4\n|\n|t:|1776189922\n|switch|p2a: Kommo-o|Kommo-o, L50, F|60/100\n|move|p2b: Archaludon|Flash Cannon|p1b: Tyranitar\n|-supereffective|p1b: Tyranitar|1\n|-damage|p1b: Tyranitar|0 fnt\n|faint|p1b: Tyranitar\n|move|p1a: Rotom|Hydro Pump|p2b: Archaludon\n|-resisted|p2b: Archaludon|1\n|-damage|p2b: Archaludon|0 fnt\n|faint|p2b: Archaludon\n|\n|-weather|Sandstorm|[upkeep]\n|-damage|p1a: Rotom|49/100|[from] Sandstorm\n|-damage|p2a: Kommo-o|54/100|[from] Sandstorm\n|-enditem|p1a: Rotom|Sitrus Berry|[eat]\n|-heal|p1a: Rotom|74/100|[from] item: Sitrus Berry\n|upkeep\n|\n|t:|1776189939\n|switch|p2b: Politoed|Politoed, L50, F|74/100\n|switch|p1b: Excadrill|Excadrill, L50, F|100/100\n|-weather|RainDance|[from] ability: Drizzle|[of] p2b: Politoed\n|turn|5\n|inactive|On the wave now has 30 seconds left.\n|\n|t:|1776189968\n|move|p2a: Kommo-o|Protect|p2a: Kommo-o\n|-singleturn|p2a: Kommo-o|Protect\n|move|p1b: Excadrill|High Horsepower|p2a: Kommo-o\n|-activate|p2a: Kommo-o|move: Protect\n|move|p1a: Rotom|Discharge|p2a: Kommo-o|[spread] p2b\n|-activate|p2a: Kommo-o|move: Protect\n|-immune|p1b: Excadrill\n|-supereffective|p2b: Politoed|1\n|-damage|p2b: Politoed|33/100\n|-status|p2b: Politoed|par\n|-enditem|p2b: Politoed|Sitrus Berry|[eat]\n|-heal|p2b: Politoed|58/100 par|[from] item: Sitrus Berry\n|move|p2b: Politoed|Perish Song|p2b: Politoed\n|-start|p1a: Rotom|perish3|[silent]\n|-start|p1b: Excadrill|perish3|[silent]\n|-immune|p2a: Kommo-o|[from] ability: Soundproof\n|-start|p2b: Politoed|perish3|[silent]\n|-fieldactivate|move: Perish Song\n|\n|-weather|RainDance|[upkeep]\n|-start|p1b: Excadrill|perish3\n|-start|p1a: Rotom|perish3\n|-start|p2b: Politoed|perish3\n|upkeep\n|turn|6\n|inactive|Sol4ri has 30 seconds left.\n|\n|t:|1776189995\n|move|p2b: Politoed|Protect|p2b: Politoed\n|-singleturn|p2b: Politoed|Protect\n|move|p1b: Excadrill|High Horsepower|p2a: Kommo-o\n|-damage|p2a: Kommo-o|1/100\n|move|p1a: Rotom|Discharge|p2b: Politoed|[spread] p2a\n|-activate|p2b: Politoed|move: Protect\n|-immune|p1b: Excadrill\n|-resisted|p2a: Kommo-o|1\n|-damage|p2a: Kommo-o|0 fnt\n|faint|p2a: Kommo-o\n|\n|-weather|RainDance|[upkeep]\n|-start|p1b: Excadrill|perish2\n|-start|p1a: Rotom|perish2\n|-start|p2b: Politoed|perish2\n|upkeep\n|\n|t:|1776190012\n|switch|p2a: Gengar|Gengar, L50, F|100/100\n|turn|7\n|\n|t:|1776190032\n|detailschange|p2a: Gengar|Gengar-Mega, L50, F\n|-mega|p2a: Gengar|Gengar|Gengarite\n|move|p2a: Gengar|Disable|p1a: Rotom\n|-start|p1a: Rotom|Disable|Discharge\n|move|p1b: Excadrill|High Horsepower|p2a: Gengar\n|-supereffective|p2a: Gengar|1\n|-damage|p2a: Gengar|0 fnt\n|faint|p2a: Gengar\n|cant|p1a: Rotom|Disable|Discharge\n|move|p2b: Politoed|Weather Ball|p1b: Excadrill\n|-supereffective|p1b: Excadrill|1\n|-damage|p1b: Excadrill|0 fnt\n|faint|p1b: Excadrill\n|\n|-weather|RainDance|[upkeep]\n|-start|p1a: Rotom|perish1\n|-start|p2b: Politoed|perish1\n|upkeep\n|turn|8\n|\n|t:|1776190050\n|move|p2b: Politoed|Protect|p2b: Politoed\n|-singleturn|p2b: Politoed|Protect\n|move|p1a: Rotom|Volt Switch|p2b: Politoed\n|-activate|p2b: Politoed|move: Protect\n|\n|-weather|RainDance|[upkeep]\n|-start|p1a: Rotom|perish0\n|-start|p2b: Politoed|perish0\n|faint|p1a: Rotom\n|faint|p2b: Politoed\n|\n|win|Sol4ri\n|raw|On the wave now's rating: 1212 &rarr; <strong>1181</strong><br />(-31 for losing)\n|raw|Sol4ri's rating: 1122 &rarr; <strong>1153</strong><br />(+31 for winning)\n",
  "uploadtime": 1776190062,
  "views": 23,
  "formatid": "gen9championsvgc2026regma",
  "rating": 1153,
  "private": 0,
  "password": null
}