{
  "id": "gen9championsvgc2026regma-2589502882",
  "format": "[Gen 9 Champions] VGC 2026 Reg M-A",
  "players": [
    "scrambledegg62",
    "JPXL"
  ],
  "log": "|j|\u2606scrambledegg62\n|j|\u2606JPXL\n|t:|1776728849\n|gametype|doubles\n|player|p1|scrambledegg62|lance|1329\n|player|p2|JPXL|102|1334\n|gen|9\n|tier|[Gen 9 Champions] VGC 2026 Reg M-A\n|rated|\n|rule|Species Clause: Limit one of each Pok\u00e9mon\n|rule|Item Clause: Limit 1 of each item\n|clearpoke\n|poke|p1|Talonflame, L50, F, shiny|\n|poke|p1|Floette-Eternal, L50, F|\n|poke|p1|Garchomp, L50, F, shiny|\n|poke|p1|Basculegion, L50, M, shiny|\n|poke|p1|Sneasler, L50, F|\n|poke|p1|Farigiraf, L50, M, shiny|\n|poke|p2|Talonflame, L50, M|\n|poke|p2|Garchomp, L50, M|\n|poke|p2|Basculegion, L50, M|\n|poke|p2|Kingambit, L50, M|\n|poke|p2|Sneasler, L50, M|\n|poke|p2|Floette-Eternal, L50, F|\n|teampreview|4\n|inactive|Battle timer is ON: inactive players will automatically lose when time's up. (requested by scrambledegg62)\n|inactive|scrambledegg62 has 60 seconds left.\n|inactive|JPXL has 60 seconds left.\n|\n|t:|1776728891\n|teamsize|p1|4\n|teamsize|p2|4\n|start\n|switch|p1a: Garchomp|Garchomp, L50, F, shiny|100/100\n|switch|p1b: Talonflame|Talonflame, L50, F, shiny|100/100\n|switch|p2a: Basculegion|Basculegion, L50, M|100/100\n|switch|p2b: Sneasler|Sneasler, L50, M|100/100\n|turn|1\n|\n|t:|1776728904\n|move|p1b: Talonflame|Protect|p1b: Talonflame\n|-singleturn|p1b: Talonflame|Protect\n|move|p1a: Garchomp|Protect|p1a: Garchomp\n|-singleturn|p1a: Garchomp|Protect\n|move|p2b: Sneasler|Fake Out|p1b: Talonflame\n|-activate|p1b: Talonflame|move: Protect\n|move|p2a: Basculegion|Liquidation|p1a: Garchomp\n|-activate|p1a: Garchomp|move: Protect\n|\n|upkeep\n|turn|2\n|\n|t:|1776728923\n|move|p1b: Talonflame|Tailwind|p1b: Talonflame\n|-sidestart|p1: scrambledegg62|move: Tailwind\n|move|p2a: Basculegion|Aqua Jet|p1b: Talonflame\n|-supereffective|p1b: Talonflame|1\n|-damage|p1b: Talonflame|18/100\n|move|p1a: Garchomp|Earthquake|p2b: Sneasler|[spread] p2a,p2b\n|-immune|p1b: Talonflame\n|-supereffective|p2b: Sneasler|1\n|-damage|p2a: Basculegion|40/100\n|-damage|p2b: Sneasler|0 fnt\n|-enditem|p2a: Basculegion|Sitrus Berry|[eat]\n|-heal|p2a: Basculegion|65/100|[from] item: Sitrus Berry\n|faint|p2b: Sneasler\n|\n|upkeep\n|inactive|JPXL has 30 seconds left.\n|\n|t:|1776728955\n|switch|p2b: Floette|Floette-Eternal, L50, F|100/100\n|turn|3\n|\n|t:|1776728972\n|switch|p1b: Sneasler|Sneasler, L50, F|100/100\n|move|p2b: Floette|Protect|p2b: Floette\n|-singleturn|p2b: Floette|Protect\n|move|p2a: Basculegion|Aqua Jet|p1b: Sneasler\n|-damage|p1b: Sneasler|55/100\n|move|p1a: Garchomp|Earthquake|p2a: Basculegion|[spread] p1b,p2a\n|-activate|p2b: Floette|move: Protect\n|-supereffective|p1b: Sneasler|1\n|-damage|p1b: Sneasler|0 fnt\n|-damage|p2a: Basculegion|0 fnt\n|faint|p1b: Sneasler\n|faint|p2a: Basculegion\n|\n|upkeep\n|\n|t:|1776728985\n|switch|p1b: Floette|Floette-Eternal, L50, F|100/100\n|switch|p2a: Talonflame|Talonflame, L50, M|100/100\n|turn|4\n|\n|t:|1776729002\n|detailschange|p1b: Floette|Floette-Mega, L50, F\n|-mega|p1b: Floette|Floette|Floettite\n|-ability|p1b: Floette|Fairy Aura\n|detailschange|p2b: Floette|Floette-Mega, L50, F\n|-mega|p2b: Floette|Floette|Floettite\n|-ability|p2b: Floette|Fairy Aura\n|move|p2a: Talonflame|Tailwind|p2a: Talonflame\n|-sidestart|p2: JPXL|move: Tailwind\n|move|p1a: Garchomp|Rock Tomb|p2a: Talonflame\n|-supereffective|p2a: Talonflame|2\n|-damage|p2a: Talonflame|0 fnt\n|faint|p2a: Talonflame\n|move|p1b: Floette|Moonblast|p2b: Floette\n|-crit|p2b: Floette\n|-damage|p2b: Floette|8/100\n|move|p2b: Floette|Dazzling Gleam|p1a: Garchomp|[spread] p1a,p1b\n|-supereffective|p1a: Garchomp|1\n|-damage|p1a: Garchomp|0 fnt\n|-damage|p1b: Floette|58/100\n|faint|p1a: Garchomp\n|\n|upkeep\n|\n|t:|1776729017\n|switch|p1a: Talonflame|Talonflame, L50, F, shiny|18/100\n|turn|5\n|\n|t:|1776729031\n|move|p1a: Talonflame|Brave Bird|p2b: Floette\n|-damage|p2b: Floette|0 fnt\n|faint|p2b: Floette\n|-damage|p1a: Talonflame|15/100|[from] Recoil\n|\n|win|scrambledegg62\n|raw|scrambledegg62's rating: 1329 &rarr; <strong>1349</strong><br />(+20 for winning)\n|raw|JPXL's rating: 1334 &rarr; <strong>1314</strong><br />(-20 for losing)\n",
  "uploadtime": 1776729032,
  "views": 3,
  "formatid": "gen9championsvgc2026regma",
  "rating": 1314,
  "private": 0,
  "password": null
}