{
  "id": "gen9championsvgc2026regma-2586734517",
  "format": "[Gen 9 Champions] VGC 2026 Reg M-A",
  "players": [
    "Tarakona",
    "tusssk"
  ],
  "log": "|j|\u2606Tarakona\n|j|\u2606tusssk\n|t:|1776455760\n|gametype|doubles\n|player|p1|Tarakona|265|1229\n|player|p2|tusssk|koga|1185\n|gen|9\n|tier|[Gen 9 Champions] VGC 2026 Reg M-A\n|rated|\n|rule|Species Clause: Limit one of each Pok\u00e9mon\n|rule|Item Clause: Limit 1 of each item\n|clearpoke\n|poke|p1|Delphox, L50, M|\n|poke|p1|Garchomp, L50, M|\n|poke|p1|Rotom-Wash, L50|\n|poke|p1|Tyranitar, L50, M|\n|poke|p1|Kingambit, L50, M|\n|poke|p1|Sneasler, L50, M|\n|poke|p2|Whimsicott, L50, M|\n|poke|p2|Incineroar, L50, M|\n|poke|p2|Glimmora, L50, M|\n|poke|p2|Basculegion, L50, M|\n|poke|p2|Chesnaught, L50, M|\n|poke|p2|Ninetales-Alola, L50, M|\n|teampreview|4\nTarakona has agreed to open team sheets.\n|inactive|Battle timer is ON: inactive players will automatically lose when time's up. (requested by tusssk)\n|\n|t:|1776455803\n|teamsize|p1|4\n|teamsize|p2|4\n|start\n|switch|p1a: Regina|Sneasler, L50, M|100/100\n|switch|p1b: Hecate|Delphox, L50, M|100/100\n|switch|p2a: Whimsicott|Whimsicott, L50, M, shiny|100/100\n|switch|p2b: Ninetales|Ninetales-Alola, L50, M|100/100\n|-weather|Snowscape|[from] ability: Snow Warning|[of] p2b: Ninetales\n|turn|1\n|\n|t:|1776455820\n|detailschange|p1b: Hecate|Delphox-Mega, L50, M\n|-mega|p1b: Hecate|Delphox|Delphoxite\n|move|p2a: Whimsicott|Protect|p2a: Whimsicott\n|-singleturn|p2a: Whimsicott|Protect\n|move|p2b: Ninetales|Protect|p2b: Ninetales\n|-singleturn|p2b: Ninetales|Protect\n|move|p1a: Regina|Fake Out|p2a: Whimsicott\n|-activate|p2a: Whimsicott|move: Protect\n|move|p1b: Hecate|Heat Wave|p2b: Ninetales|[spread] \n|-activate|p2a: Whimsicott|move: Protect\n|-activate|p2b: Ninetales|move: Protect\n|\n|-weather|Snowscape|[upkeep]\n|upkeep\n|turn|2\n|\n|t:|1776455843\n|move|p2a: Whimsicott|Tailwind|p2a: Whimsicott\n|-sidestart|p2: tusssk|move: Tailwind\n|move|p2b: Ninetales|Aurora Veil|p2b: Ninetales\n|-sidestart|p2: tusssk|move: Aurora Veil\n|move|p1b: Hecate|Heat Wave|p2a: Whimsicott|[spread] p2a,p2b\n|-supereffective|p2a: Whimsicott|1\n|-supereffective|p2b: Ninetales|1\n|-enditem|p2b: Ninetales|Occa Berry|[eat]\n|-enditem|p2b: Ninetales|Occa Berry|[weaken]\n|-enditem|p2a: Whimsicott|Focus Sash\n|-damage|p2a: Whimsicott|1/100\n|-damage|p2b: Ninetales|67/100\n|move|p1a: Regina|Dire Claw|p2b: Ninetales\n|-supereffective|p2b: Ninetales|1\n|-damage|p2b: Ninetales|5/100\n|\n|-weather|Snowscape|[upkeep]\n|upkeep\n|turn|3\n|\n|t:|1776455868\n|move|p2a: Whimsicott|Fake Tears|p1a: Regina\n|-unboost|p1a: Regina|spd|2\n|-enditem|p1a: Regina|White Herb\n|-clearnegativeboost|p1a: Regina|[silent]\n|move|p2b: Ninetales|Blizzard|p1b: Hecate|[spread] p1a,p1b\n|-resisted|p1b: Hecate|1\n|-damage|p1a: Regina|58/100\n|-damage|p1b: Hecate|86/100\n|move|p1a: Regina|Dire Claw|p2a: Whimsicott\n|-supereffective|p2a: Whimsicott|2\n|-damage|p2a: Whimsicott|0 fnt\n|faint|p2a: Whimsicott\n|move|p1b: Hecate|Heat Wave|p2b: Ninetales|[miss]\n|-miss|p1b: Hecate|p2b: Ninetales\n|\n|-weather|Snowscape|[upkeep]\n|upkeep\n|\n|t:|1776455880\n|switch|p2a: Basculegion|Basculegion, L50, M|100/100\n|turn|4\n|inactive|Tarakona has 30 seconds left.\n|\n|t:|1776455909\n|switch|p1b: \u30b4\u30b8\u30e9|Tyranitar, L50, M|100/100\n|-weather|Sandstorm|[from] ability: Sand Stream|[of] p1b: \u30b4\u30b8\u30e9\n|move|p2b: Ninetales|Protect|p2b: Ninetales\n|-singleturn|p2b: Ninetales|Protect\n|move|p2a: Basculegion|Wave Crash|p1a: Regina\n|-damage|p1a: Regina|0 fnt\n|faint|p1a: Regina\n|-damage|p2a: Basculegion|85/100|[from] Recoil\n|\n|-weather|Sandstorm|[upkeep]\n|-damage|p2a: Basculegion|79/100|[from] Sandstorm\n|-damage|p2b: Ninetales|0 fnt|[from] Sandstorm\n|faint|p2b: Ninetales\n|upkeep\n|\n|t:|1776455927\n|switch|p2b: Chesnaught|Chesnaught, L50, M, shiny|100/100\n|switch|p1a: Nobunaga|Kingambit, L50, M|100/100\n|turn|5\n|inactive|Tarakona has 30 seconds left.\n|\n|t:|1776455955\n|detailschange|p2b: Chesnaught|Chesnaught-Mega, L50, M, shiny\n|-mega|p2b: Chesnaught|Chesnaught|Chesnaughtite\n|move|p1b: \u30b4\u30b8\u30e9|Protect|p1b: \u30b4\u30b8\u30e9\n|-singleturn|p1b: \u30b4\u30b8\u30e9|Protect\n|move|p1a: Nobunaga|Sucker Punch|p2a: Basculegion\n|-supereffective|p2a: Basculegion|1\n|-damage|p2a: Basculegion|2/100\n|move|p2a: Basculegion|Wave Crash|p1b: \u30b4\u30b8\u30e9\n|-activate|p1b: \u30b4\u30b8\u30e9|move: Protect\n|move|p2b: Chesnaught|Body Press|p1a: Nobunaga\n|-supereffective|p1a: Nobunaga|2\n|-damage|p1a: Nobunaga|0 fnt\n|faint|p1a: Nobunaga\n|\n|-weather|Sandstorm|[upkeep]\n|-damage|p2a: Basculegion|0 fnt|[from] Sandstorm\n|-damage|p2b: Chesnaught|94/100|[from] Sandstorm\n|faint|p2a: Basculegion\n|-sideend|p2: tusssk|move: Tailwind\n|upkeep\n|\n|t:|1776455970\n|switch|p1a: Hecate|Delphox-Mega, L50, M|86/100\n|turn|6\n|\n|t:|1776455984\n|move|p1a: Hecate|Psychic|p2b: Chesnaught\n|-supereffective|p2b: Chesnaught|1\n|-damage|p2b: Chesnaught|19/100\n|move|p1b: \u30b4\u30b8\u30e9|Lash Out|p2b: Chesnaught\n|-resisted|p2b: Chesnaught|1\n|-crit|p2b: Chesnaught\n|-damage|p2b: Chesnaught|1/100\n|move|p2b: Chesnaught|Body Press|p1a: Hecate\n|-resisted|p1a: Hecate|1\n|-damage|p1a: Hecate|38/100\n|\n|-weather|Sandstorm|[upkeep]\n|-damage|p1a: Hecate|32/100|[from] Sandstorm\n|-damage|p2b: Chesnaught|0 fnt|[from] Sandstorm\n|faint|p2b: Chesnaught\n|\n|win|Tarakona\n|raw|Tarakona's rating: 1229 &rarr; <strong>1251</strong><br />(+22 for winning)\n|raw|tusssk's rating: 1185 &rarr; <strong>1163</strong><br />(-22 for losing)\n",
  "uploadtime": 1776456003,
  "views": 33,
  "formatid": "gen9championsvgc2026regma",
  "rating": 1163,
  "private": 0,
  "password": null
}