{
  "id": "gen9championsvgc2026regma-2587953412",
  "format": "[Gen 9 Champions] VGC 2026 Reg M-A",
  "players": [
    "Soggy4047",
    "Noobilio"
  ],
  "log": "|j|\u2606Soggy4047\n|j|\u2606Noobilio\n|t:|1776584084\n|gametype|doubles\n|player|p1|Soggy4047|cynthia-gen4|1351\n|player|p2|Noobilio|nurse|1378\n|gen|9\n|tier|[Gen 9 Champions] VGC 2026 Reg M-A\n|rated|\n|rule|Species Clause: Limit one of each Pok\u00e9mon\n|rule|Item Clause: Limit 1 of each item\n|clearpoke\n|poke|p1|Aerodactyl, L50, M|\n|poke|p1|Basculegion, L50, M|\n|poke|p1|Sneasler, L50, M|\n|poke|p1|Floette-Eternal, L50, F|\n|poke|p1|Maushold, L50|\n|poke|p1|Kingambit, L50, M|\n|poke|p2|Froslass, L50, F|\n|poke|p2|Palafin, L50, F|\n|poke|p2|Kingambit, L50, F|\n|poke|p2|Arcanine-Hisui, L50, F|\n|poke|p2|Sinistcha, L50|\n|poke|p2|Sneasler, L50, F|\n|teampreview|4\n|\n|t:|1776584107\n|teamsize|p1|4\n|teamsize|p2|4\n|start\n|switch|p1a: Aerodactyl|Aerodactyl, L50, M|100/100\n|switch|p1b: Kingambit|Kingambit, L50, M|100/100\n|switch|p2a: Palafin|Palafin, L50, F|100/100\n|switch|p2b: Kingambit|Kingambit, L50, F|100/100\n|-ability|p1a: Aerodactyl|Unnerve\n|turn|1\n|\n|t:|1776584129\n|move|p2b: Kingambit|Protect|p2b: Kingambit\n|-singleturn|p2b: Kingambit|Protect\n|move|p1a: Aerodactyl|Tailwind|p1a: Aerodactyl\n|-sidestart|p1: Soggy4047|move: Tailwind\n|move|p1b: Kingambit|Low Kick|p2b: Kingambit\n|-activate|p2b: Kingambit|move: Protect\n|move|p2a: Palafin|Close Combat|p1b: Kingambit\n|-supereffective|p1b: Kingambit|2\n|-damage|p1b: Kingambit|14/100\n|-unboost|p2a: Palafin|def|1\n|-unboost|p2a: Palafin|spd|1\n|\n|upkeep\n|turn|2\n|\n|t:|1776584154\n|detailschange|p2a: Palafin|Palafin-Hero, L50, F\n|switch|p2a: Sneasler|Sneasler, L50, F|100/100\n|move|p1b: Kingambit|Sucker Punch||[still]\n|-fail|p1b: Kingambit\n|move|p2b: Kingambit|Sucker Punch||[still]\n|-fail|p2b: Kingambit\n|move|p1a: Aerodactyl|Rock Slide|p2a: Sneasler|[spread] p2a,p2b\n|-resisted|p2a: Sneasler|1\n|-resisted|p2b: Kingambit|1\n|-damage|p2a: Sneasler|79/100\n|-damage|p2b: Kingambit|90/100\n|\n|upkeep\n|turn|3\n|\n|t:|1776584164\n|move|p1a: Aerodactyl|Protect|p1a: Aerodactyl\n|-singleturn|p1a: Aerodactyl|Protect\n|move|p1b: Kingambit|Protect|p1b: Kingambit\n|-singleturn|p1b: Kingambit|Protect\n|move|p2a: Sneasler|Fake Out|p1b: Kingambit\n|-activate|p1b: Kingambit|move: Protect\n|move|p2b: Kingambit|Swords Dance|p2b: Kingambit\n|-boost|p2b: Kingambit|atk|2\n|\n|upkeep\n|turn|4\n|\n|t:|1776584178\n|move|p2b: Kingambit|Sucker Punch|p1a: Aerodactyl\n|-enditem|p1a: Aerodactyl|Focus Sash\n|-damage|p1a: Aerodactyl|1/100\n|move|p1a: Aerodactyl|Rock Slide|p2b: Kingambit|[spread] p2b\n|-miss|p1a: Aerodactyl|p2a: Sneasler\n|-resisted|p2b: Kingambit|1\n|-damage|p2b: Kingambit|82/100\n|move|p2a: Sneasler|Close Combat|p1b: Kingambit\n|-supereffective|p1b: Kingambit|2\n|-damage|p1b: Kingambit|0 fnt\n|-unboost|p2a: Sneasler|def|1\n|-unboost|p2a: Sneasler|spd|1\n|faint|p1b: Kingambit\n|-enditem|p2a: Sneasler|White Herb\n|-clearnegativeboost|p2a: Sneasler|[silent]\n|\n|-sideend|p1: Soggy4047|move: Tailwind\n|upkeep\n|\n|t:|1776584200\n|switch|p1b: Floette|Floette-Eternal, L50, F|100/100\n|turn|5\n|\n|t:|1776584219\n|detailschange|p1b: Floette|Floette-Mega, L50, F\n|-mega|p1b: Floette|Floette|Floettite\n|-ability|p1b: Floette|Fairy Aura\n|move|p2a: Sneasler|Dire Claw|p1b: Floette\n|-supereffective|p1b: Floette|1\n|-damage|p1b: Floette|0 fnt\n|faint|p1b: Floette\n|move|p1a: Aerodactyl|Tailwind|p1a: Aerodactyl\n|-sidestart|p1: Soggy4047|move: Tailwind\n|move|p2b: Kingambit|Kowtow Cleave|p1a: Aerodactyl\n|-damage|p1a: Aerodactyl|0 fnt\n|faint|p1a: Aerodactyl\n|\n|upkeep\n|\n|t:|1776584225\n|switch|p1b: Basculegion|Basculegion, L50, M|100/100\n|turn|6\n|\n|t:|1776584232\n|move|p2b: Kingambit|Sucker Punch|p1b: Basculegion\n|-supereffective|p1b: Basculegion|1\n|-damage|p1b: Basculegion|0 fnt\n|faint|p1b: Basculegion\n|\n|win|Noobilio\n|raw|Soggy4047's rating: 1351 &rarr; <strong>1333</strong><br />(-18 for losing)\n|raw|Noobilio's rating: 1378 &rarr; <strong>1396</strong><br />(+18 for winning)\n",
  "uploadtime": 1776584234,
  "views": 22,
  "formatid": "gen9championsvgc2026regma",
  "rating": 1333,
  "private": 0,
  "password": null
}