{
  "id": "gen9championsvgc2026regma-2583662261",
  "format": "[Gen 9 Champions] VGC 2026 Reg M-A",
  "players": [
    "deli(again)",
    "Professor cheery"
  ],
  "log": "|j|\u2606deli(again)\n|j|\u2606Professor cheery\n|t:|1776189513\n|gametype|doubles\n|player|p1|deli(again)|102|1186\n|player|p2|Professor cheery|102|1108\n|gen|9\n|tier|[Gen 9 Champions] VGC 2026 Reg M-A\n|rated|\n|rule|Species Clause: Limit one of each Pok\u00e9mon\n|rule|Item Clause: Limit 1 of each item\n|clearpoke\n|poke|p1|Palafin, L50, F|\n|poke|p1|Incineroar, L50, M|\n|poke|p1|Sinistcha, L50|\n|poke|p1|Froslass, L50, F|\n|poke|p1|Sneasler, L50, F|\n|poke|p1|Kangaskhan, L50, F|\n|poke|p2|Tyranitar, L50, F|\n|poke|p2|Floette-Eternal, L50, F|\n|poke|p2|Palafin, L50, F|\n|poke|p2|Sneasler, L50, F|\n|poke|p2|Kingambit, L50, M|\n|poke|p2|Aerodactyl, L50, F|\n|teampreview|4\n|inactive|Battle timer is ON: inactive players will automatically lose when time's up. (requested by deli(again))\n|\n|t:|1776189551\n|teamsize|p1|4\n|teamsize|p2|4\n|start\n|switch|p1a: Palafin|Palafin, L50, F|100/100\n|switch|p1b: Sneasler|Sneasler, L50, F|100/100\n|switch|p2a: Sneasler|Sneasler, L50, F|100/100\n|switch|p2b: Palafin|Palafin, L50, F|100/100\n|-ability|p2a: Sneasler|Pressure\n|turn|1\n|\n|t:|1776189563\n|detailschange|p2b: Palafin|Palafin-Hero, L50, F\n|switch|p2b: Kingambit|Kingambit, L50, M|100/100\n|detailschange|p1a: Palafin|Palafin-Hero, L50, F\n|switch|p1a: Incineroar|Incineroar, L50, M, shiny|100/100\n|-ability|p1a: Incineroar|Intimidate|boost\n|-unboost|p2a: Sneasler|atk|1\n|-unboost|p2b: Kingambit|atk|1\n|-ability|p2b: Kingambit|Defiant|boost\n|-boost|p2b: Kingambit|atk|2\n|-enditem|p2a: Sneasler|White Herb\n|-clearnegativeboost|p2a: Sneasler|[silent]\n|move|p2a: Sneasler|Fake Out|p1a: Incineroar\n|-damage|p1a: Incineroar|89/100\n|move|p1b: Sneasler|Close Combat|p2b: Kingambit\n|-supereffective|p2b: Kingambit|2\n|-damage|p2b: Kingambit|0 fnt\n|-unboost|p1b: Sneasler|def|1\n|-unboost|p1b: Sneasler|spd|1\n|faint|p2b: Kingambit\n|-enditem|p1b: Sneasler|White Herb\n|-clearnegativeboost|p1b: Sneasler|[silent]\n|\n|upkeep\n|\n|t:|1776189576\n|switch|p2b: Palafin|Palafin-Hero, L50, F|100/100\n|-activate|p2b: Palafin|ability: Zero to Hero\n|turn|2\n|\n|t:|1776189583\n|switch|p1a: Kangaskhan|Kangaskhan, L50, F|100/100\n|move|p1b: Sneasler|Dire Claw|p2b: Palafin\n|-damage|p2b: Palafin|55/100\n|move|p2b: Palafin|Wave Crash|p1b: Sneasler\n|-damage|p1b: Sneasler|0 fnt\n|faint|p1b: Sneasler\n|-damage|p2b: Palafin|25/100|[from] Recoil\n|move|p2a: Sneasler|Acrobatics|p1a: Kangaskhan\n|-damage|p1a: Kangaskhan|63/100\n|\n|upkeep\n|\n|t:|1776189588\n|switch|p1b: Palafin|Palafin-Hero, L50, F|100/100\n|-activate|p1b: Palafin|ability: Zero to Hero\n|turn|3\n|inactive|Professor cheery has 30 seconds left.\n|\n|t:|1776189614\n|detailschange|p1a: Kangaskhan|Kangaskhan-Mega, L50, F\n|-mega|p1a: Kangaskhan|Kangaskhan|Kangaskhanite\n|move|p1a: Kangaskhan|Fake Out|p2a: Sneasler\n|-damage|p2a: Sneasler|65/100\n|-damage|p2a: Sneasler|55/100\n|-hitcount|p2a: Sneasler|2\n|move|p1b: Palafin|Jet Punch|p2a: Sneasler\n|-damage|p2a: Sneasler|0 fnt\n|faint|p2a: Sneasler\n|move|p2b: Palafin|Wave Crash|p1a: Kangaskhan\n|-damage|p1a: Kangaskhan|0 fnt\n|faint|p1a: Kangaskhan\n|-damage|p2b: Palafin|0 fnt|[from] Recoil\n|faint|p2b: Palafin\n|\n|upkeep\n|\n|t:|1776189624\n|switch|p2b: Floette|Floette-Eternal, L50, F|100/100\n|switch|p1a: Incineroar|Incineroar, L50, M, shiny|89/100\n|-ability|p1a: Incineroar|Intimidate|boost\n|-unboost|p2b: Floette|atk|1\n|turn|4\n|\n|t:|1776189634\n|detailschange|p2b: Floette|Floette-Mega, L50, F\n|-mega|p2b: Floette|Floette|Floettite\n|-ability|p2b: Floette|Fairy Aura\n|move|p2b: Floette|Protect|p2b: Floette\n|-singleturn|p2b: Floette|Protect\n|move|p1a: Incineroar|Fake Out|p2b: Floette\n|-activate|p2b: Floette|move: Protect\n|move|p1b: Palafin|Wave Crash|p2b: Floette\n|-activate|p2b: Floette|move: Protect\n|\n|upkeep\n|turn|5\n|inactive|deli(again) has 30 seconds left.\n|\n|t:|1776189659\n|move|p1b: Palafin|Protect|p1b: Palafin\n|-singleturn|p1b: Palafin|Protect\n|move|p2b: Floette|Moonblast|p1b: Palafin\n|-activate|p1b: Palafin|move: Protect\n|move|p1a: Incineroar|Flare Blitz|p2b: Floette\n|-damage|p2b: Floette|33/100\n|-damage|p1a: Incineroar|73/100|[from] Recoil\n|\n|upkeep\n|turn|6\n|\n|t:|1776189664\n|move|p1b: Palafin|Jet Punch|p2b: Floette\n|-damage|p2b: Floette|0 fnt\n|faint|p2b: Floette\n|\n|win|deli(again)\n|raw|deli(again)'s rating: 1186 &rarr; <strong>1205</strong><br />(+19 for winning)\n|raw|Professor cheery's rating: 1108 &rarr; <strong>1089</strong><br />(-19 for losing)\n|c|\u2606deli(again)|gg palafin diff\n|c|\u2606Professor cheery|gg\n|l|\u2606Professor cheery\n|player|p2|\n",
  "uploadtime": 1776189670,
  "views": 24,
  "formatid": "gen9championsvgc2026regma",
  "rating": 1089,
  "private": 0,
  "password": null
}