{
  "id": "gen9championsvgc2026regma-2580686202",
  "format": "[Gen 9 Champions] VGC 2026 Reg M-A",
  "players": [
    "Borchimon",
    "Bfioib"
  ],
  "log": "|j|\u2606Borchimon\n|j|\u2606Bfioib\n|t:|1775924220\n|gametype|doubles\n|player|p1|Borchimon|265|1015\n|player|p2|Bfioib|2|1000\n|gen|9\n|tier|[Gen 9 Champions] VGC 2026 Reg M-A\n|rated|\n|rule|Species Clause: Limit one of each Pok\u00e9mon\n|rule|Item Clause: Limit 1 of each item\n|clearpoke\n|poke|p1|Avalugg-Hisui, L50, M|\n|poke|p1|Delphox, L50, M|\n|poke|p1|Araquanid, L50, F|\n|poke|p1|Raichu, L50, M|\n|poke|p1|Krookodile, L50, M|\n|poke|p1|Talonflame, L50, M|\n|poke|p2|Starmie, L50|\n|poke|p2|Ninetales-Alola, L50, F|\n|poke|p2|Snorlax, L50, F|\n|poke|p2|Dragapult, L50, M|\n|poke|p2|Sableye, L50, M|\n|poke|p2|Garchomp, L50, M|\n|teampreview|4\n|\n|t:|1775924277\n|teamsize|p1|4\n|teamsize|p2|4\n|start\n|switch|p1a: Delphox|Delphox, L50, M|100/100\n|switch|p1b: Talonflame|Talonflame, L50, M|100/100\n|switch|p2a: Ninetales|Ninetales-Alola, L50, F|100/100\n|switch|p2b: Starmie|Starmie, L50|100/100\n|-weather|Snowscape|[from] ability: Snow Warning|[of] p2a: Ninetales\n|turn|1\n|\n|t:|1775924302\n|detailschange|p2b: Starmie|Starmie-Mega, L50\n|-mega|p2b: Starmie|Starmie|Starminite\n|detailschange|p1a: Delphox|Delphox-Mega, L50, M\n|-mega|p1a: Delphox|Delphox|Delphoxite\n|move|p1b: Talonflame|Tailwind|p1b: Talonflame\n|-sidestart|p1: Borchimon|move: Tailwind\n|move|p1a: Delphox|Shadow Ball|p2b: Starmie\n|-supereffective|p2b: Starmie|1\n|-damage|p2b: Starmie|27/100\n|move|p2b: Starmie|Scald|p1a: Delphox\n|-supereffective|p1a: Delphox|1\n|-damage|p1a: Delphox|29/100\n|move|p2a: Ninetales|Aurora Veil|p2a: Ninetales\n|-sidestart|p2: Bfioib|move: Aurora Veil\n|\n|-weather|Snowscape|[upkeep]\n|upkeep\n|turn|2\n|\n|t:|1775924323\n|move|p2b: Starmie|Protect|p2b: Starmie\n|-singleturn|p2b: Starmie|Protect\n|move|p1b: Talonflame|Brave Bird|p2b: Starmie\n|-activate|p2b: Starmie|move: Protect\n|move|p1a: Delphox|Heat Wave|p2a: Ninetales|[spread] p2a\n|-activate|p2b: Starmie|move: Protect\n|-supereffective|p2a: Ninetales|1\n|-damage|p2a: Ninetales|44/100\n|move|p2a: Ninetales|Icy Wind|p1b: Talonflame|[spread] p1a,p1b\n|-resisted|p1a: Delphox|1\n|-damage|p1a: Delphox|24/100\n|-damage|p1b: Talonflame|81/100\n|-unboost|p1a: Delphox|spe|1\n|-unboost|p1b: Talonflame|spe|1\n|\n|-weather|Snowscape|[upkeep]\n|upkeep\n|turn|3\n|\n|t:|1775924366\n|switch|p2b: Garchomp|Garchomp, L50, M|100/100\n|switch|p2a: Snorlax|Snorlax, L50, F|100/100\n|move|p1b: Talonflame|Flare Blitz|p2a: Snorlax\n|-damage|p2a: Snorlax|86/100\n|-damage|p1b: Talonflame|74/100|[from] Recoil\n|move|p1a: Delphox|Shadow Ball|p2b: Garchomp\n|-damage|p2b: Garchomp|76/100\n|-unboost|p2b: Garchomp|spd|1\n|\n|-weather|Snowscape|[upkeep]\n|upkeep\n|turn|4\n|\n|t:|1775924388\n|switch|p1a: Krookodile|Krookodile, L50, M|100/100\n|-ability|p1a: Krookodile|Intimidate|boost\n|-unboost|p2a: Snorlax|atk|1\n|-unboost|p2b: Garchomp|atk|1\n|move|p1b: Talonflame|Protect|p1b: Talonflame\n|-singleturn|p1b: Talonflame|Protect\n|move|p2b: Garchomp|Protect|p2b: Garchomp\n|-singleturn|p2b: Garchomp|Protect\n|move|p2a: Snorlax|Self-Destruct|p1b: Talonflame|[spread] p1a\n|-activate|p2b: Garchomp|move: Protect\n|-activate|p1b: Talonflame|move: Protect\n|-damage|p1a: Krookodile|31/100\n|faint|p2a: Snorlax\n|\n|-weather|Snowscape|[upkeep]\n|-sideend|p1: Borchimon|move: Tailwind\n|upkeep\n|\n|t:|1775924421\n|switch|p2a: Ninetales|Ninetales-Alola, L50, F|44/100\n|turn|5\n|\n|t:|1775924477\n|switch|p1a: Avalugg|Avalugg-Hisui, L50, M|100/100\n|move|p2a: Ninetales|Icy Wind|p1a: Avalugg|[spread] p1b\n|-miss|p2a: Ninetales|p1a: Avalugg\n|-damage|p1b: Talonflame|55/100\n|-unboost|p1b: Talonflame|spe|1\n|move|p2b: Garchomp|Rock Slide|p1b: Talonflame|[spread] p1a,p1b\n|-supereffective|p1a: Avalugg|1\n|-supereffective|p1b: Talonflame|2\n|-damage|p1a: Avalugg|94/100\n|-damage|p1b: Talonflame|0 fnt\n|faint|p1b: Talonflame\n|\n|-weather|none\n|-sideend|p2: Bfioib|move: Aurora Veil\n|upkeep\n|\n|t:|1775924488\n|switch|p1b: Krookodile|Krookodile, L50, M|31/100\n|-ability|p1b: Krookodile|Intimidate|boost\n|-unboost|p2a: Ninetales|atk|1\n|-unboost|p2b: Garchomp|atk|1\n|turn|6\n|\n|t:|1775924511\n|switch|p2a: Starmie|Starmie-Mega, L50|27/100\n|move|p2b: Garchomp|Protect|p2b: Garchomp\n|-singleturn|p2b: Garchomp|Protect\n|move|p1b: Krookodile|Crunch|p2b: Garchomp\n|-activate|p2b: Garchomp|move: Protect\n|move|p1a: Avalugg|Iron Defense|p1a: Avalugg\n|-boost|p1a: Avalugg|def|2\n|\n|upkeep\n|turn|7\n|\n|t:|1775924555\n|switch|p2b: Ninetales|Ninetales-Alola, L50, F|44/100\n|-weather|Snowscape|[from] ability: Snow Warning|[of] p2b: Ninetales\n|move|p1b: Krookodile|Crunch|p2a: Starmie\n|-supereffective|p2a: Starmie|1\n|-damage|p2a: Starmie|0 fnt\n|faint|p2a: Starmie\n|move|p1a: Avalugg|Iron Defense|p1a: Avalugg\n|-boost|p1a: Avalugg|def|2\n|\n|-weather|Snowscape|[upkeep]\n|upkeep\n|\n|t:|1775924564\n|switch|p2a: Garchomp|Garchomp, L50, M|76/100\n|turn|8\n|\n|t:|1775924589\n|move|p1b: Krookodile|Crunch|p2a: Garchomp\n|-damage|p2a: Garchomp|41/100\n|-unboost|p2a: Garchomp|def|1\n|-damage|p1b: Krookodile|19/100|[from] ability: Rough Skin|[of] p2a: Garchomp\n|move|p2b: Ninetales|Aurora Veil|p2b: Ninetales\n|-sidestart|p2: Bfioib|move: Aurora Veil\n|move|p2a: Garchomp|Rock Slide|p1a: Avalugg|[spread] p1a\n|-miss|p2a: Garchomp|p1b: Krookodile\n|-supereffective|p1a: Avalugg|1\n|-damage|p1a: Avalugg|91/100\n|move|p1a: Avalugg|Body Press|p2a: Garchomp\n|-damage|p2a: Garchomp|0 fnt\n|-damage|p1a: Avalugg|78/100|[from] ability: Rough Skin|[of] p2a: Garchomp\n|faint|p2a: Garchomp\n|\n|-weather|Snowscape|[upkeep]\n|upkeep\n|turn|9\n|\n|t:|1775924613\n|move|p1b: Krookodile|Crunch|p2b: Ninetales\n|-resisted|p2b: Ninetales|1\n|-damage|p2b: Ninetales|32/100\n|-unboost|p2b: Ninetales|def|1\n|move|p2b: Ninetales|Blizzard|p1b: Krookodile|[spread] p1a,p1b\n|-resisted|p1a: Avalugg|1\n|-supereffective|p1b: Krookodile|1\n|-damage|p1a: Avalugg|57/100\n|-damage|p1b: Krookodile|0 fnt\n|faint|p1b: Krookodile\n|move|p1a: Avalugg|Body Press|p2b: Ninetales\n|-damage|p2b: Ninetales|0 fnt\n|faint|p2b: Ninetales\n|\n|win|Borchimon\n|raw|Borchimon's rating: 1015 &rarr; <strong>1051</strong><br />(+36 for winning)\n|raw|Bfioib's rating: 1000 &rarr; <strong>1000</strong><br />(+0 for losing)\n|l|\u2606Bfioib\n|player|p2|\n",
  "uploadtime": 1775924634,
  "views": 14,
  "formatid": "gen9championsvgc2026regma",
  "rating": 1000,
  "private": 0,
  "password": null
}