{
  "id": "gen9championsvgc2026regma-2581916907",
  "format": "[Gen 9 Champions] VGC 2026 Reg M-A",
  "players": [
    "cataclyst03",
    "injuryreserv3"
  ],
  "log": "|j|\u2606cataclyst03\n|j|\u2606injuryreserv3\n|t:|1776039531\n|gametype|doubles\n|player|p1|cataclyst03|hilbert|1328\n|player|p2|injuryreserv3|sabrina|1320\n|gen|9\n|tier|[Gen 9 Champions] VGC 2026 Reg M-A\n|rated|\n|rule|Species Clause: Limit one of each Pok\u00e9mon\n|rule|Item Clause: Limit 1 of each item\n|clearpoke\n|poke|p1|Basculegion-F, L50, F|\n|poke|p1|Pelipper, L50, M|\n|poke|p1|Sneasler, L50, M|\n|poke|p1|Dragonite, L50, F|\n|poke|p1|Archaludon, L50, F|\n|poke|p1|Manectric, L50, F|\n|poke|p2|Sneasler, L50, F|\n|poke|p2|Basculegion, L50, M|\n|poke|p2|Charizard, L50, F|\n|poke|p2|Floette-Eternal, L50, F|\n|poke|p2|Incineroar, L50, M|\n|poke|p2|Venusaur, L50, M|\n|teampreview|4\n|inactive|Battle timer is ON: inactive players will automatically lose when time's up. (requested by cataclyst03)\n|\n|t:|1776039553\n|teamsize|p1|4\n|teamsize|p2|4\n|start\n|switch|p1a: Basculegion|Basculegion-F, L50, F|100/100\n|switch|p1b: Manectric|Manectric, L50, F|100/100\n|switch|p2a: Incineroar|Incineroar, L50, M|100/100\n|switch|p2b: Basculegion|Basculegion, L50, M|100/100\n|-ability|p2a: Incineroar|Intimidate|boost\n|-unboost|p1a: Basculegion|atk|1\n|-unboost|p1b: Manectric|atk|1\n|turn|1\n|inactive|injuryreserv3 has 30 seconds left.\n|\n|t:|1776039582\n|move|p2a: Incineroar|Fake Out|p1b: Manectric\n|-damage|p1b: Manectric|81/100\n|cant|p1b: Manectric|flinch\n|move|p2b: Basculegion|Last Respects|p1a: Basculegion\n|-supereffective|p1a: Basculegion|1\n|-damage|p1a: Basculegion|25/100\n|move|p1a: Basculegion|Shadow Ball|p2b: Basculegion\n|-supereffective|p2b: Basculegion|1\n|-damage|p2b: Basculegion|16/100\n|\n|upkeep\n|turn|2\n|\n|t:|1776039607\n|move|p1b: Manectric|Volt Switch|p2a: Incineroar\n|-damage|p2a: Incineroar|75/100\n|\n|t:|1776039610\n|switch|p1b: Pelipper|Pelipper, L50, M|100/100|[from] Volt Switch\n|-weather|RainDance|[from] ability: Drizzle|[of] p1b: Pelipper\n|move|p1a: Basculegion|Muddy Water|p2b: Basculegion|[spread] p2a,p2b\n|-supereffective|p2a: Incineroar|1\n|-resisted|p2b: Basculegion|1\n|-damage|p2a: Incineroar|0 fnt\n|-damage|p2b: Basculegion|0 fnt\n|faint|p2a: Incineroar\n|faint|p2b: Basculegion\n|\n|-weather|RainDance|[upkeep]\n|upkeep\n|\n|t:|1776039621\n|switch|p2b: Venusaur|Venusaur, L50, M|100/100\n|switch|p2a: Charizard|Charizard, L50, F|100/100\n|turn|3\n|\n|t:|1776039638\n|switch|p1b: Manectric|Manectric, L50, F|81/100\n|detailschange|p2a: Charizard|Charizard-Mega-Y, L50, F\n|-mega|p2a: Charizard|Charizard|Charizardite Y\n|-weather|SunnyDay|[from] ability: Drought|[of] p2a: Charizard\n|move|p1a: Basculegion|Protect|p1a: Basculegion\n|-singleturn|p1a: Basculegion|Protect\n|move|p2b: Venusaur|Sleep Powder|p1b: Manectric|[miss]\n|-miss|p2b: Venusaur|p1b: Manectric\n|move|p2a: Charizard|Heat Wave|p1b: Manectric|[spread] p1b\n|-activate|p1a: Basculegion|move: Protect\n|-crit|p1b: Manectric\n|-damage|p1b: Manectric|0 fnt\n|faint|p1b: Manectric\n|\n|-weather|SunnyDay|[upkeep]\n|upkeep\n|inactive|cataclyst03 has 30 seconds left.\n|\n|t:|1776039670\n|switch|p1b: Pelipper|Pelipper, L50, M|100/100\n|-weather|RainDance|[from] ability: Drizzle|[of] p1b: Pelipper\n|turn|4\n|\n|t:|1776039691\n|move|p2a: Charizard|Protect|p2a: Charizard\n|-singleturn|p2a: Charizard|Protect\n|move|p1a: Basculegion|Muddy Water|p2a: Charizard|[spread] p2b\n|-activate|p2a: Charizard|move: Protect\n|-resisted|p2b: Venusaur|1\n|-damage|p2b: Venusaur|68/100\n|move|p1b: Pelipper|Hurricane|p2b: Venusaur\n|-supereffective|p2b: Venusaur|1\n|-damage|p2b: Venusaur|0 fnt\n|faint|p2b: Venusaur\n|\n|-weather|RainDance|[upkeep]\n|upkeep\n|turn|5\n|\n|t:|1776039706\n|move|p1a: Basculegion|Flip Turn|p2a: Charizard\n|-supereffective|p2a: Charizard|1\n|-crit|p2a: Charizard\n|-damage|p2a: Charizard|0 fnt\n|faint|p2a: Charizard\n|\n|win|cataclyst03\n|raw|cataclyst03's rating: 1328 &rarr; <strong>1348</strong><br />(+20 for winning)\n|raw|injuryreserv3's rating: 1320 &rarr; <strong>1300</strong><br />(-20 for losing)\n|l|\u2606injuryreserv3\n|player|p2|\n|j|\u2606injuryreserv3\n|player|p2|injuryreserv3|sabrina|\n",
  "uploadtime": 1776039714,
  "views": 45,
  "formatid": "gen9championsvgc2026regma",
  "rating": 1300,
  "private": 0,
  "password": null
}