{
  "id": "gen9championsvgc2026regma-2581199722",
  "format": "[Gen 9 Champions] VGC 2026 Reg M-A",
  "players": [
    "Sceptilicious",
    "Blizzord_05"
  ],
  "log": "|j|\u2606Sceptilicious\n|j|\u2606Blizzord_05\n|t:|1775969943\n|gametype|doubles\n|player|p1|Sceptilicious|266|1084\n|player|p2|Blizzord_05|1|1012\n|gen|9\n|tier|[Gen 9 Champions] VGC 2026 Reg M-A\n|rated|\n|rule|Species Clause: Limit one of each Pok\u00e9mon\n|rule|Item Clause: Limit 1 of each item\n|clearpoke\n|poke|p1|Sinistcha, L50|\n|poke|p1|Dragonite, L50, F|\n|poke|p1|Milotic, L50, M|\n|poke|p1|Incineroar, L50, F|\n|poke|p1|Rotom-Wash, L50|\n|poke|p1|Maushold, L50|\n|poke|p2|Dragonite, L50, F|\n|poke|p2|Whimsicott, L50, M|\n|poke|p2|Incineroar, L50, F|\n|poke|p2|Rotom-Wash, L50|\n|poke|p2|Sneasler, L50, F|\n|poke|p2|Aerodactyl, L50, M|\n|teampreview|4\n|inactive|Battle timer is ON: inactive players will automatically lose when time's up. (requested by Blizzord_05)\n|\n|t:|1775969975\n|teamsize|p1|4\n|teamsize|p2|4\n|start\n|switch|p1a: Wolfey|Incineroar, L50, F|100/100\n|switch|p1b: Lucy|Milotic, L50, M, shiny|100/100\n|switch|p2a: Sneasler|Sneasler, L50, F|100/100\n|switch|p2b: Aerodactyl|Aerodactyl, L50, M|100/100\n|-ability|p2b: Aerodactyl|Pressure\n|-ability|p1a: Wolfey|Intimidate|boost\n|-unboost|p2a: Sneasler|atk|1\n|-unboost|p2b: Aerodactyl|atk|1\n|-enditem|p2a: Sneasler|White Herb\n|-clearnegativeboost|p2a: Sneasler|[silent]\n|turn|1\n|\n|t:|1775969991\n|move|p2a: Sneasler|Upper Hand|p1a: Wolfey\n|-supereffective|p1a: Wolfey|1\n|-damage|p1a: Wolfey|33/100\n|cant|p1a: Wolfey|flinch\n|move|p2b: Aerodactyl|Taunt|p1b: Lucy\n|-start|p1b: Lucy|move: Taunt\n|cant|p1b: Lucy|move: Taunt|Rain Dance\n|\n|upkeep\n|turn|2\n|\n|t:|1775970014\n|switch|p2b: Whimsicott|Whimsicott, L50, M|100/100\n|move|p2a: Sneasler|Close Combat|p1a: Wolfey\n|-supereffective|p1a: Wolfey|1\n|-damage|p1a: Wolfey|0 fnt\n|-unboost|p2a: Sneasler|def|1\n|-unboost|p2a: Sneasler|spd|1\n|faint|p1a: Wolfey\n|move|p1b: Lucy|Icy Wind|p2a: Sneasler|[spread] p2a,p2b\n|-supereffective|p2b: Whimsicott|1\n|-damage|p2a: Sneasler|80/100\n|-damage|p2b: Whimsicott|70/100\n|-unboost|p2a: Sneasler|spe|1\n|-unboost|p2b: Whimsicott|spe|1\n|\n|upkeep\n|\n|t:|1775970028\n|switch|p1a: The Trickster|Rotom-Wash, L50|100/100\n|turn|3\n|\n|t:|1775970043\n|move|p2b: Whimsicott|Helping Hand|p2a: Sneasler\n|-singleturn|p2a: Sneasler|Helping Hand|[of] p2b: Whimsicott\n|move|p2a: Sneasler|Dire Claw|p1b: Lucy\n|-damage|p1b: Lucy|50/100\n|move|p1a: The Trickster|Will-O-Wisp|p2a: Sneasler\n|-status|p2a: Sneasler|brn\n|move|p1b: Lucy|Icy Wind|p2a: Sneasler|[spread] p2b\n|-miss|p1b: Lucy|p2a: Sneasler\n|-supereffective|p2b: Whimsicott|1\n|-damage|p2b: Whimsicott|38/100\n|-unboost|p2b: Whimsicott|spe|1\n|\n|-damage|p2a: Sneasler|74/100 brn|[from] brn\n|-end|p1b: Lucy|move: Taunt\n|upkeep\n|turn|4\n|inactive|Blizzord_05 has 30 seconds left.\n|\n|t:|1775970073\n|move|p2a: Sneasler|Close Combat|p1b: Lucy\n|-damage|p1b: Lucy|22/100\n|-unboost|p2a: Sneasler|def|1\n|-unboost|p2a: Sneasler|spd|1\n|move|p1a: The Trickster|Will-O-Wisp|p1b: Lucy\n|-status|p1b: Lucy|brn\n|move|p1b: Lucy|Recover|p1b: Lucy\n|-heal|p1b: Lucy|72/100 brn\n|move|p2b: Whimsicott|Dazzling Gleam|p1a: The Trickster|[spread] p1a,p1b\n|-damage|p1a: The Trickster|79/100\n|-damage|p1b: Lucy|55/100 brn\n|\n|-heal|p1a: The Trickster|85/100|[from] item: Leftovers\n|-damage|p2a: Sneasler|68/100 brn|[from] brn\n|-damage|p1b: Lucy|49/100 brn|[from] brn\n|upkeep\n|turn|5\n|inactive|Blizzord_05 has 30 seconds left.\n|\n|t:|1775970101\n|move|p2b: Whimsicott|Encore|p1b: Lucy\n|-start|p1b: Lucy|Encore\n|move|p2a: Sneasler|Dire Claw|p1a: The Trickster\n|-damage|p1a: The Trickster|65/100\n|move|p1a: The Trickster|Hydro Pump|p2b: Whimsicott\n|-resisted|p2b: Whimsicott|1\n|-damage|p2b: Whimsicott|3/100\n|move|p1b: Lucy|Recover|p1b: Lucy\n|-heal|p1b: Lucy|99/100 brn\n|\n|-heal|p1a: The Trickster|71/100|[from] item: Leftovers\n|-damage|p2a: Sneasler|62/100 brn|[from] brn\n|-damage|p1b: Lucy|93/100 brn|[from] brn\n|upkeep\n|turn|6\n|\n|t:|1775970125\n|move|p2b: Whimsicott|Tailwind|p2b: Whimsicott\n|-sidestart|p2: Blizzord_05|move: Tailwind\n|move|p2a: Sneasler|Dire Claw|p1a: The Trickster\n|-damage|p1a: The Trickster|50/100\n|move|p1a: The Trickster|Volt Switch|p2b: Whimsicott\n|-resisted|p2b: Whimsicott|1\n|-damage|p2b: Whimsicott|0 fnt\n|faint|p2b: Whimsicott\n|\n|t:|1775970134\n|switch|p1a: Nicole|Dragonite, L50, F, shiny|100/100|[from] Volt Switch\n|move|p1b: Lucy|Recover|p1b: Lucy\n|-heal|p1b: Lucy|100/100 brn\n|\n|-damage|p2a: Sneasler|57/100 brn|[from] brn\n|-damage|p1b: Lucy|95/100 brn|[from] brn\n|upkeep\n|\n|t:|1775970145\n|switch|p2b: Aerodactyl|Aerodactyl, L50, M|100/100\n|-ability|p2b: Aerodactyl|Pressure\n|turn|7\n|\n|t:|1775970153\n|switch|p1b: The Trickster|Rotom-Wash, L50|50/100\n|move|p1a: Nicole|Protect|p1a: Nicole\n|-singleturn|p1a: Nicole|Protect\n|move|p2b: Aerodactyl|Stone Edge|p1a: Nicole\n|-activate|p1a: Nicole|move: Protect\n|move|p2a: Sneasler|Dire Claw|p1a: Nicole\n|-activate|p1a: Nicole|move: Protect\n|\n|-heal|p1b: The Trickster|55/100|[from] item: Leftovers\n|-damage|p2a: Sneasler|51/100 brn|[from] brn\n|upkeep\n|turn|8\n|\n|t:|1775970173\n|switch|p1a: Lucy|Milotic, L50, M, shiny|95/100 brn\n|move|p2b: Aerodactyl|Stone Edge|p1a: Lucy\n|-damage|p1a: Lucy|68/100 brn\n|move|p2a: Sneasler|Dire Claw|p1a: Lucy\n|-damage|p1a: Lucy|56/100 brn\n|move|p1b: The Trickster|Volt Switch|p2b: Aerodactyl\n|-supereffective|p2b: Aerodactyl|1\n|-crit|p2b: Aerodactyl\n|-damage|p2b: Aerodactyl|0 fnt\n|faint|p2b: Aerodactyl\n|\n|t:|1775970184\n|switch|p1b: Nicole|Dragonite, L50, F, shiny|100/100|[from] Volt Switch\n|\n|-damage|p2a: Sneasler|45/100 brn|[from] brn\n|-damage|p1a: Lucy|50/100 brn|[from] brn\n|upkeep\n|\n|t:|1775970190\n|switch|p2b: Dragonite|Dragonite, L50, F|100/100\n|turn|9\n|\n|t:|1775970196\n|detailschange|p2b: Dragonite|Dragonite-Mega, L50, F\n|-mega|p2b: Dragonite|Dragonite|Dragoninite\n|move|p1b: Nicole|Protect|p1b: Nicole\n|-singleturn|p1b: Nicole|Protect\n|move|p2a: Sneasler|Dire Claw|p1b: Nicole\n|-activate|p1b: Nicole|move: Protect\n|move|p2b: Dragonite|Dragon Pulse|p1b: Nicole\n|-activate|p1b: Nicole|move: Protect\n|move|p1a: Lucy|Icy Wind|p2a: Sneasler|[spread] p2a,p2b\n|-crit|p2a: Sneasler\n|-supereffective|p2b: Dragonite|2\n|-damage|p2a: Sneasler|4/100 brn\n|-damage|p2b: Dragonite|82/100\n|-unboost|p2a: Sneasler|spe|1\n|-unboost|p2b: Dragonite|spe|1\n|\n|-damage|p2a: Sneasler|0 fnt|[from] brn\n|faint|p2a: Sneasler\n|-damage|p1a: Lucy|44/100 brn|[from] brn\n|-sideend|p2: Blizzord_05|move: Tailwind\n|upkeep\n|turn|10\n|\n|t:|1775970221\n|detailschange|p1b: Nicole|Dragonite-Mega, L50, F, shiny\n|-mega|p1b: Nicole|Dragonite|Dragoninite\n|move|p1b: Nicole|Draco Meteor|p2b: Dragonite\n|-supereffective|p2b: Dragonite|1\n|-damage|p2b: Dragonite|0 fnt\n|-unboost|p1b: Nicole|spa|2\n|faint|p2b: Dragonite\n|\n|win|Sceptilicious\n|raw|Sceptilicious's rating: 1084 &rarr; <strong>1106</strong><br />(+22 for winning)\n|raw|Blizzord_05's rating: 1012 &rarr; <strong>1003</strong><br />(-9 for losing)\n|l|\u2606Blizzord_05\n|player|p2|\n",
  "uploadtime": 1775970228,
  "views": 14,
  "formatid": "gen9championsvgc2026regma",
  "rating": 1003,
  "private": 0,
  "password": null
}