{
  "id": "gen9championsvgc2026regma-2582513166",
  "format": "[Gen 9 Champions] VGC 2026 Reg M-A",
  "players": [
    "jose.torres.1",
    "battle sim trainer"
  ],
  "log": "|j|\u2606jose.torres.1\n|j|\u2606battle sim trainer\n|t:|1776096480\n|gametype|doubles\n|player|p1|jose.torres.1|striker|1125\n|player|p2|battle sim trainer|turo|1119\n|gen|9\n|tier|[Gen 9 Champions] VGC 2026 Reg M-A\n|rated|\n|rule|Species Clause: Limit one of each Pok\u00e9mon\n|rule|Item Clause: Limit 1 of each item\n|clearpoke\n|poke|p1|Aerodactyl, L50, M|\n|poke|p1|Tyranitar, L50, M|\n|poke|p1|Lycanroc, L50, F|\n|poke|p1|Zoroark-Hisui, L50, M|\n|poke|p1|Kingambit, L50, F|\n|poke|p1|Garchomp, L50, M|\n|poke|p2|Gallade, L50, M|\n|poke|p2|Torkoal, L50, M|\n|poke|p2|Crabominable, L50, F|\n|poke|p2|Farigiraf, L50, F|\n|poke|p2|Kangaskhan, L50, F|\n|poke|p2|Sinistcha-Masterpiece, L50|\n|teampreview|4\n|inactive|Battle timer is ON: inactive players will automatically lose when time's up. (requested by battle sim trainer)\n|\n|t:|1776096512\n|teamsize|p1|4\n|teamsize|p2|4\n|start\n|switch|p1a: Kingambit|Kingambit, L50, F|100/100\n|switch|p1b: Tyranitar|Tyranitar, L50, M|100/100\n|switch|p2a: Kangaskhan|Kangaskhan, L50, F|100/100\n|switch|p2b: Farigiraf|Farigiraf, L50, F|100/100\n|turn|1\n|inactive|jose.torres.1 has 30 seconds left.\n|\n|t:|1776096537\n|move|p2a: Kangaskhan|Fake Out|p1a: Kingambit\n|-resisted|p1a: Kingambit|1\n|-damage|p1a: Kingambit|92/100\n|move|p1b: Tyranitar|Hyper Voice|p2b: Farigiraf|[spread] p2a,p2b\n|-damage|p2a: Kangaskhan|66/100\n|-damage|p2b: Farigiraf|74/100\n|cant|p1a: Kingambit|flinch\n|move|p2b: Farigiraf|Trick Room|p2b: Farigiraf\n|-fieldstart|move: Trick Room|[of] p2b: Farigiraf\n|\n|upkeep\n|turn|2\n|\n|t:|1776096552\n|switch|p2b: Crabominable|Crabominable, L50, F|100/100\n|move|p1a: Kingambit|Protect|p1a: Kingambit\n|-singleturn|p1a: Kingambit|Protect\n|move|p1b: Tyranitar|Protect|p1b: Tyranitar\n|-singleturn|p1b: Tyranitar|Protect\n|move|p2a: Kangaskhan|Last Resort|p1b: Tyranitar\n|-activate|p1b: Tyranitar|move: Protect\n|\n|upkeep\n|turn|3\n|\n|t:|1776096574\n|switch|p1a: Garchomp|Garchomp, L50, M|100/100\n|detailschange|p2b: Crabominable|Crabominable-Mega, L50, F\n|-mega|p2b: Crabominable|Crabominable|Crabominite\n|move|p2b: Crabominable|Drain Punch|p1a: Garchomp\n|-damage|p1a: Garchomp|47/100\n|-damage|p2b: Crabominable|88/100|[from] ability: Rough Skin|[of] p1a: Garchomp\n|move|p2a: Kangaskhan|Last Resort|p1b: Tyranitar\n|-enditem|p1b: Tyranitar|Focus Sash\n|-damage|p1b: Tyranitar|1/100\n|replace|p1b: Zoroark|Zoroark-Hisui, L50, M\n|-end|p1b: Zoroark|Illusion\n|move|p1b: Zoroark|Bitter Malice|p2b: Crabominable\n|-damage|p2b: Crabominable|57/100\n|-unboost|p2b: Crabominable|atk|1\n|\n|upkeep\n|turn|4\n|inactive|battle sim trainer has 30 seconds left.\n|\n|t:|1776096599\n|move|p1a: Garchomp|Protect|p1a: Garchomp\n|-singleturn|p1a: Garchomp|Protect\n|move|p1b: Zoroark|Protect|p1b: Zoroark\n|-singleturn|p1b: Zoroark|Protect\n|move|p2b: Crabominable|Drain Punch|p1a: Garchomp\n|-activate|p1a: Garchomp|move: Protect\n|move|p2a: Kangaskhan|Last Resort|p1b: Zoroark\n|-activate|p1b: Zoroark|move: Protect\n|\n|upkeep\n|turn|5\n|inactive|battle sim trainer has 30 seconds left.\n|\n|t:|1776096628\n|switch|p2a: Farigiraf|Farigiraf, L50, F|74/100\n|switch|p1b: Tyranitar|Tyranitar, L50, M|100/100\n|-weather|Sandstorm|[from] ability: Sand Stream|[of] p1b: Tyranitar\n|detailschange|p1a: Garchomp|Garchomp-Mega, L50, M\n|-mega|p1a: Garchomp|Garchomp|Garchompite\n|move|p2b: Crabominable|Ice Punch|p1a: Garchomp\n|-supereffective|p1a: Garchomp|2\n|-damage|p1a: Garchomp|0 fnt\n|faint|p1a: Garchomp\n|\n|-weather|Sandstorm|[upkeep]\n|-damage|p2b: Crabominable|51/100|[from] Sandstorm\n|-damage|p2a: Farigiraf|68/100|[from] Sandstorm\n|-fieldend|move: Trick Room\n|upkeep\n|\n|t:|1776096643\n|switch|p1a: Kingambit|Kingambit, L50, F|92/100\n|turn|6\n|inactive|battle sim trainer has 30 seconds left.\n|\n|t:|1776096671\n|switch|p2a: Kangaskhan|Kangaskhan, L50, F|66/100\n|switch|p2b: Torkoal|Torkoal, L50, M|100/100\n|-weather|SunnyDay|[from] ability: Drought|[of] p2b: Torkoal\n|move|p1b: Tyranitar|Rock Slide|p2b: Torkoal|[spread] p2a,p2b\n|-supereffective|p2b: Torkoal|1\n|-damage|p2a: Kangaskhan|40/100\n|-damage|p2b: Torkoal|62/100\n|move|p1a: Kingambit|Assurance|p2a: Kangaskhan\n|-damage|p2a: Kangaskhan|0 fnt\n|faint|p2a: Kangaskhan\n|\n|-weather|SunnyDay|[upkeep]\n|upkeep\n|\n|t:|1776096682\n|switch|p2a: Farigiraf|Farigiraf, L50, F|68/100\n|turn|7\n|\n|t:|1776096692\n|move|p1b: Tyranitar|Rock Slide|p2a: Farigiraf|[spread] p2a,p2b\n|-supereffective|p2b: Torkoal|1\n|-damage|p2a: Farigiraf|42/100\n|-damage|p2b: Torkoal|21/100\n|-enditem|p2a: Farigiraf|Sitrus Berry|[eat]\n|-heal|p2a: Farigiraf|67/100|[from] item: Sitrus Berry\n|move|p1a: Kingambit|Assurance|p2a: Farigiraf\n|-supereffective|p2a: Farigiraf|1\n|-damage|p2a: Farigiraf|0 fnt\n|faint|p2a: Farigiraf\n|cant|p2b: Torkoal|flinch\n|\n|-weather|SunnyDay|[upkeep]\n|upkeep\n|\n|t:|1776096699\n|switch|p2a: Crabominable|Crabominable-Mega, L50, F|51/100\n|turn|8\n|\n|t:|1776096709\n|move|p2a: Crabominable|Mach Punch|p1a: Kingambit\n|-supereffective|p1a: Kingambit|2\n|-damage|p1a: Kingambit|0 fnt\n|faint|p1a: Kingambit\n|move|p1b: Tyranitar|Rock Slide|p2a: Crabominable|[spread] p2a,p2b\n|-supereffective|p2b: Torkoal|1\n|-damage|p2a: Crabominable|33/100\n|-damage|p2b: Torkoal|0 fnt\n|faint|p2b: Torkoal\n|\n|-weather|SunnyDay|[upkeep]\n|upkeep\n|\n|t:|1776096718\n|switch|p1a: Tyranitar|Tyranitar, L50, M|1/100\n|turn|9\n|\n|t:|1776096724\n|move|p1a: Tyranitar|Hyper Voice|p2a: Crabominable\n|-damage|p2a: Crabominable|0 fnt\n|faint|p2a: Crabominable\n|\n|win|jose.torres.1\n|raw|jose.torres.1's rating: 1125 &rarr; <strong>1150</strong><br />(+25 for winning)\n|raw|battle sim trainer's rating: 1119 &rarr; <strong>1094</strong><br />(-25 for losing)\n",
  "uploadtime": 1776096727,
  "views": 12,
  "formatid": "gen9championsvgc2026regma",
  "rating": 1094,
  "private": 0,
  "password": null
}