{
  "id": "gen9championsvgc2026regma-2585846595",
  "format": "[Gen 9 Champions] VGC 2026 Reg M-A",
  "players": [
    "NosoyCarlos4321",
    "heartbreaker7"
  ],
  "log": "|j|\u2606NosoyCarlos4321\n|j|\u2606heartbreaker7\n|t:|1776375125\n|gametype|doubles\n|player|p1|NosoyCarlos4321|blue|1000\n|player|p2|heartbreaker7|red-masters2|1079\n|gen|9\n|tier|[Gen 9 Champions] VGC 2026 Reg M-A\n|rated|\n|rule|Species Clause: Limit one of each Pok\u00e9mon\n|rule|Item Clause: Limit 1 of each item\n|clearpoke\n|poke|p1|Empoleon, L50, M|\n|poke|p1|Ninetales-Alola, L50, F|\n|poke|p1|Incineroar, L50, M|\n|poke|p1|Toxicroak, L50, M|\n|poke|p1|Aerodactyl, L50, F|\n|poke|p1|Rotom-Mow, L50|\n|poke|p2|Kingambit, L50, F|\n|poke|p2|Gyarados, L50, M|\n|poke|p2|Venusaur, L50, M|\n|poke|p2|Alcremie-Rainbow-Swirl, L50, F|\n|poke|p2|Garchomp, L50, F|\n|poke|p2|Zoroark-Hisui, L50, M|\n|teampreview|4\n|inactive|Battle timer is ON: inactive players will automatically lose when time's up. (requested by NosoyCarlos4321)\n|inactive|NosoyCarlos4321 has 60 seconds left.\nheartbreaker7 rejected open team sheets.\n|\n|t:|1776375168\n|teamsize|p1|4\n|teamsize|p2|4\n|start\n|switch|p1a: Empoleon|Empoleon, L50, M|100/100\n|switch|p1b: Ninetales|Ninetales-Alola, L50, F|100/100\n|switch|p2a: Gyarados|Gyarados, L50, M|100/100\n|switch|p2b: Garchomp|Garchomp, L50, F|100/100\n|-weather|Snowscape|[from] ability: Snow Warning|[of] p1b: Ninetales\n|-ability|p2a: Gyarados|Intimidate|boost\n|-unboost|p1a: Empoleon|atk|1\n|-ability|p1a: Empoleon|Competitive|boost\n|-boost|p1a: Empoleon|spa|2\n|-unboost|p1b: Ninetales|atk|1\n|turn|1\n|inactive|heartbreaker7 has 30 seconds left.\n|\n|t:|1776375197\n|switch|p2b: Kingambit|Kingambit, L50, F|100/100\n|detailschange|p2a: Gyarados|Gyarados-Mega, L50, M\n|-mega|p2a: Gyarados|Gyarados|Gyaradosite\n|-ability|p2a: Gyarados|Mold Breaker\n|move|p1b: Ninetales|Blizzard|p2b: Kingambit|[spread] p2a,p2b\n|-resisted|p2a: Gyarados|1\n|-crit|p2a: Gyarados\n|-resisted|p2b: Kingambit|1\n|-damage|p2a: Gyarados|79/100\n|-damage|p2b: Kingambit|85/100\n|move|p2a: Gyarados|Temper Flare|p1b: Ninetales\n|-supereffective|p1b: Ninetales|1\n|-damage|p1b: Ninetales|39/100\n|move|p1a: Empoleon|Icy Wind|p2b: Kingambit|[spread] p2a,p2b\n|-resisted|p2a: Gyarados|1\n|-resisted|p2b: Kingambit|1\n|-damage|p2a: Gyarados|68/100\n|-damage|p2b: Kingambit|72/100\n|-unboost|p2a: Gyarados|spe|1\n|-unboost|p2b: Kingambit|spe|1\n|-ability|p2b: Kingambit|Defiant|boost\n|-boost|p2b: Kingambit|atk|2\n|\n|-weather|Snowscape|[upkeep]\n|upkeep\n|turn|2\n|inactive|heartbreaker7 has 30 seconds left.\n|\n|t:|1776375228\n|switch|p1b: Toxicroak|Toxicroak, L50, M|100/100\n|move|p2a: Gyarados|Temper Flare|p1a: Empoleon\n|-damage|p1a: Empoleon|69/100\n|move|p1a: Empoleon|Surf|p2a: Gyarados|[spread] p2a,p2b\n|-immune|p1b: Toxicroak|[from] ability: Dry Skin\n|-resisted|p2a: Gyarados|1\n|-damage|p2a: Gyarados|40/100\n|-damage|p2b: Kingambit|1/100\n|move|p2b: Kingambit|Kowtow Cleave|p1a: Empoleon\n|-damage|p1a: Empoleon|0 fnt\n|faint|p1a: Empoleon\n|\n|-weather|Snowscape|[upkeep]\n|upkeep\n|\n|t:|1776375243\n|switch|p1a: Rotom|Rotom-Mow, L50|100/100\n|turn|3\n|inactive|NosoyCarlos4321 has 30 seconds left.\n|\n|t:|1776375276\n|switch|p2a: Garchomp|Garchomp, L50, F|100/100\n|move|p2b: Kingambit|Sucker Punch|p1a: Rotom\n|-damage|p1a: Rotom|1/100\n|-enditem|p1a: Rotom|Sitrus Berry|[eat]\n|-heal|p1a: Rotom|26/100|[from] item: Sitrus Berry\n|move|p1b: Toxicroak|Close Combat|p2b: Kingambit\n|-supereffective|p2b: Kingambit|2\n|-damage|p2b: Kingambit|0 fnt\n|-unboost|p1b: Toxicroak|def|1\n|-unboost|p1b: Toxicroak|spd|1\n|faint|p2b: Kingambit\n|move|p1a: Rotom|Thunderbolt|p2a: Garchomp\n|-immune|p2a: Garchomp\n|\n|-weather|Snowscape|[upkeep]\n|upkeep\n|\n|t:|1776375298\n|switch|p2b: Gyarados|Gyarados-Mega, L50, M|40/100\n|-ability|p2b: Gyarados|Mold Breaker\n|turn|4\n|\n|t:|1776375320\n|move|p1b: Toxicroak|Close Combat|p2a: Garchomp\n|-damage|p2a: Garchomp|43/100\n|-unboost|p1b: Toxicroak|def|1\n|-unboost|p1b: Toxicroak|spd|1\n|-damage|p1b: Toxicroak|88/100|[from] ability: Rough Skin|[of] p2a: Garchomp\n|move|p2a: Garchomp|Rock Slide|p1a: Rotom|[spread] p1a,p1b\n|-resisted|p1b: Toxicroak|1\n|-crit|p1b: Toxicroak\n|-damage|p1a: Rotom|4/100\n|-damage|p1b: Toxicroak|39/100\n|move|p2b: Gyarados|Temper Flare|p1a: Rotom\n|-supereffective|p1a: Rotom|1\n|-damage|p1a: Rotom|0 fnt\n|faint|p1a: Rotom\n|\n|-weather|Snowscape|[upkeep]\n|upkeep\n|\n|t:|1776375332\n|switch|p1a: Ninetales|Ninetales-Alola, L50, F|39/100\n|turn|5\n|\n|t:|1776375350\n|move|p1b: Toxicroak|Close Combat|p2b: Gyarados\n|-supereffective|p2b: Gyarados|1\n|-damage|p2b: Gyarados|0 fnt\n|-unboost|p1b: Toxicroak|def|1\n|-unboost|p1b: Toxicroak|spd|1\n|faint|p2b: Gyarados\n|move|p1a: Ninetales|Blizzard|p2a: Garchomp\n|-supereffective|p2a: Garchomp|2\n|-crit|p2a: Garchomp\n|-damage|p2a: Garchomp|0 fnt\n|faint|p2a: Garchomp\n|\n|-weather|none\n|upkeep\n|\n|t:|1776375358\n|switch|p2b: Zoroark|Zoroark-Hisui, L50, M|100/100\n|turn|6\n|\n|t:|1776375373\n|move|p2b: Zoroark|Hyper Voice|p1b: Toxicroak|[spread] p1a,p1b\n|-damage|p1a: Ninetales|0 fnt\n|-damage|p1b: Toxicroak|0 fnt\n|faint|p1a: Ninetales\n|faint|p1b: Toxicroak\n|\n|win|heartbreaker7\n|raw|NosoyCarlos4321's rating: 1000 &rarr; <strong>1000</strong><br />(+0 for losing)\n|raw|heartbreaker7's rating: 1079 &rarr; <strong>1101</strong><br />(+22 for winning)\n|c|\u2606heartbreaker7|gg\n",
  "uploadtime": 1776375390,
  "views": 25,
  "formatid": "gen9championsvgc2026regma",
  "rating": 1000,
  "private": 0,
  "password": null
}