{
  "id": "gen9championsvgc2026regma-2585784669",
  "format": "[Gen 9 Champions] VGC 2026 Reg M-A",
  "players": [
    "edenborn",
    "afish52"
  ],
  "log": "|j|\u2606edenborn\n|j|\u2606afish52\n|t:|1776370425\n|gametype|doubles\n|player|p1|edenborn|unknown|1195\n|player|p2|afish52|gentleman-gen4|1145\n|gen|9\n|tier|[Gen 9 Champions] VGC 2026 Reg M-A\n|rated|\n|rule|Species Clause: Limit one of each Pok\u00e9mon\n|rule|Item Clause: Limit 1 of each item\n|clearpoke\n|poke|p1|Palafin, L50, F|\n|poke|p1|Pelipper, L50, M|\n|poke|p1|Archaludon, L50, M|\n|poke|p1|Sinistcha, L50|\n|poke|p1|Incineroar, L50, M|\n|poke|p1|Aerodactyl, L50, F|\n|poke|p2|Kangaskhan, L50, F|\n|poke|p2|Gardevoir, L50, F|\n|poke|p2|Incineroar, L50, F|\n|poke|p2|Aegislash, L50, M|\n|poke|p2|Aerodactyl, L50, M|\n|poke|p2|Hydreigon, L50, F|\n|teampreview|4\n|inactive|Battle timer is ON: inactive players will automatically lose when time's up. (requested by edenborn)\n|\n|t:|1776370450\n|teamsize|p1|4\n|teamsize|p2|4\n|start\n|switch|p1a: Herc|Palafin, L50, F|100/100\n|switch|p1b: Weather Breaker|Aerodactyl, L50, F|100/100\n|switch|p2a: Gardevoir|Gardevoir, L50, F|100/100\n|switch|p2b: Aerodactyl|Aerodactyl, L50, M|100/100\n|-ability|p2b: Aerodactyl|Unnerve\n|-ability|p1b: Weather Breaker|Unnerve\n|-ability|p2a: Gardevoir|Unnerve|Trace|[from] ability: Trace|[of] p1b: Weather Breaker\n|-ability|p2a: Gardevoir|Unnerve\n|turn|1\n|inactive|edenborn has 30 seconds left.\n|\n|t:|1776370476\n|detailschange|p1b: Weather Breaker|Aerodactyl-Mega, L50, F\n|-mega|p1b: Weather Breaker|Aerodactyl|Aerodactylite\n|detailschange|p2a: Gardevoir|Gardevoir-Mega, L50, F\n|-mega|p2a: Gardevoir|Gardevoir|Gardevoirite\n|move|p2b: Aerodactyl|Protect|p2b: Aerodactyl\n|-singleturn|p2b: Aerodactyl|Protect\n|move|p1b: Weather Breaker|Tailwind|p1b: Weather Breaker\n|-sidestart|p1: edenborn|move: Tailwind\n|move|p1a: Herc|Flip Turn|p2b: Aerodactyl\n|-activate|p2b: Aerodactyl|move: Protect\n|move|p2a: Gardevoir|Hyper Voice|p1a: Herc|[spread] p1a,p1b\n|-damage|p1a: Herc|30/100\n|-damage|p1b: Weather Breaker|33/100\n|\n|upkeep\n|turn|2\n|inactive|edenborn has 30 seconds left.\n|\n|t:|1776370510\n|move|p1b: Weather Breaker|Rock Slide|p2b: Aerodactyl|[spread] p2a,p2b\n|-supereffective|p2b: Aerodactyl|1\n|-damage|p2a: Gardevoir|59/100\n|-damage|p2b: Aerodactyl|2/100\n|move|p1a: Herc|Flip Turn|p2b: Aerodactyl\n|-supereffective|p2b: Aerodactyl|1\n|-damage|p2b: Aerodactyl|0 fnt\n|faint|p2b: Aerodactyl\n|\n|t:|1776370520\n|detailschange|p1a: Herc|Palafin-Hero, L50, F\n|switch|p1a: The Enforcer|Incineroar, L50, M|100/100|[from] Flip Turn\n|-ability|p1a: The Enforcer|Intimidate|boost\n|-unboost|p2a: Gardevoir|atk|1\n|move|p2a: Gardevoir|Hyper Voice|p1b: Weather Breaker|[spread] p1a,p1b\n|-damage|p1a: The Enforcer|54/100\n|-damage|p1b: Weather Breaker|0 fnt\n|faint|p1b: Weather Breaker\n|\n|upkeep\n|\n|t:|1776370535\n|switch|p1b: Herc|Palafin-Hero, L50, F|30/100\n|switch|p2b: Incineroar|Incineroar, L50, F|100/100\n|-activate|p1b: Herc|ability: Zero to Hero\n|-ability|p2b: Incineroar|Intimidate|boost\n|-unboost|p1a: The Enforcer|atk|1\n|-unboost|p1b: Herc|atk|1\n|turn|3\n|\n|t:|1776370557\n|move|p2a: Gardevoir|Protect|p2a: Gardevoir\n|-singleturn|p2a: Gardevoir|Protect\n|move|p1a: The Enforcer|Fake Out|p2b: Incineroar\n|-damage|p2b: Incineroar|94/100\n|cant|p2b: Incineroar|flinch\n|move|p1b: Herc|Flip Turn|p2a: Gardevoir\n|-activate|p2a: Gardevoir|move: Protect\n|\n|upkeep\n|turn|4\n|inactive|edenborn has 30 seconds left.\n|inactive|afish52 has 30 seconds left.\n|inactive|afish52 has 20 seconds left.\n|\n|t:|1776370598\n|move|p1b: Herc|Wave Crash|p2b: Incineroar\n|-supereffective|p2b: Incineroar|1\n|-damage|p2b: Incineroar|0 fnt\n|faint|p2b: Incineroar\n|-damage|p1b: Herc|5/100|[from] Recoil\n|move|p1a: The Enforcer|Throat Chop|p2a: Gardevoir\n|-damage|p2a: Gardevoir|24/100\n|-start|p2a: Gardevoir|Throat Chop|[silent]\n|cant|p2a: Gardevoir|move: Throat Chop\n|\n|-sideend|p1: edenborn|move: Tailwind\n|upkeep\n|\n|t:|1776370606\n|switch|p2b: Kangaskhan|Kangaskhan, L50, F|100/100\n|turn|5\n|\n|t:|1776370630\n|switch|p1a: Drizz Lord|Pelipper, L50, M|100/100\n|-weather|RainDance|[from] ability: Drizzle|[of] p1a: Drizz Lord\n|move|p2a: Gardevoir|Protect|p2a: Gardevoir\n|-singleturn|p2a: Gardevoir|Protect\n|move|p1b: Herc|Protect|p1b: Herc\n|-singleturn|p1b: Herc|Protect\n|move|p2b: Kangaskhan|Drain Punch|p1a: Drizz Lord\n|-resisted|p1a: Drizz Lord|1\n|-damage|p1a: Drizz Lord|91/100\n|\n|-weather|RainDance|[upkeep]\n|-end|p2a: Gardevoir|Throat Chop|[silent]\n|upkeep\n|turn|6\n|inactive|edenborn has 30 seconds left.\n|inactive|afish52 has 30 seconds left.\n|inactive|afish52 has 20 seconds left.\n|inactive|afish52 has 15 seconds left.\n|\n|t:|1776370673\n|move|p2a: Gardevoir|Protect||[still]\n|-fail|p2a: Gardevoir\n|move|p1b: Herc|Jet Punch|p2a: Gardevoir\n|-damage|p2a: Gardevoir|0 fnt\n|faint|p2a: Gardevoir\n|move|p2b: Kangaskhan|Drain Punch|p1b: Herc\n|-damage|p1b: Herc|0 fnt\n|faint|p1b: Herc\n|move|p1a: Drizz Lord|Hurricane|p2b: Kangaskhan\n|-damage|p2b: Kangaskhan|65/100\n|\n|-weather|RainDance|[upkeep]\n|upkeep\n|\n|t:|1776370686\n|switch|p1b: The Enforcer|Incineroar, L50, M|54/100\n|-ability|p1b: The Enforcer|Intimidate|boost\n|-fail|p2b: Kangaskhan|unboost|Attack|[from] ability: Inner Focus|[of] p2b: Kangaskhan\n|turn|7\n|\n|t:|1776370701\n|move|p2b: Kangaskhan|Protect|p2b: Kangaskhan\n|-singleturn|p2b: Kangaskhan|Protect\n|move|p1a: Drizz Lord|Hurricane|p2b: Kangaskhan\n|-activate|p2b: Kangaskhan|move: Protect\n|move|p1b: The Enforcer|Throat Chop|p2b: Kangaskhan\n|-activate|p2b: Kangaskhan|move: Protect\n|\n|-weather|RainDance|[upkeep]\n|upkeep\n|turn|8\n|\n|t:|1776370715\n|move|p2b: Kangaskhan|Drain Punch|p1b: The Enforcer\n|-supereffective|p1b: The Enforcer|1\n|-enditem|p1b: The Enforcer|Chople Berry|[eat]\n|-enditem|p1b: The Enforcer|Chople Berry|[weaken]\n|-damage|p1b: The Enforcer|34/100\n|-heal|p2b: Kangaskhan|75/100|[from] drain|[of] p1b: The Enforcer\n|move|p1a: Drizz Lord|Hurricane|p2b: Kangaskhan\n|-damage|p2b: Kangaskhan|39/100\n|move|p1b: The Enforcer|Throat Chop|p2b: Kangaskhan\n|-damage|p2b: Kangaskhan|9/100\n|-start|p2b: Kangaskhan|Throat Chop|[silent]\n|\n|-weather|RainDance|[upkeep]\n|upkeep\n|turn|9\n|\n|t:|1776370735\n|move|p2b: Kangaskhan|Drain Punch|p1b: The Enforcer\n|-supereffective|p1b: The Enforcer|1\n|-damage|p1b: The Enforcer|0 fnt\n|-heal|p2b: Kangaskhan|25/100|[from] drain|[of] p1b: The Enforcer\n|faint|p1b: The Enforcer\n|move|p1a: Drizz Lord|Hurricane|p2b: Kangaskhan\n|-damage|p2b: Kangaskhan|0 fnt\n|faint|p2b: Kangaskhan\n|\n|win|edenborn\n|raw|edenborn's rating: 1195 &rarr; <strong>1216</strong><br />(+21 for winning)\n|raw|afish52's rating: 1145 &rarr; <strong>1124</strong><br />(-21 for losing)\n|l|\u2606afish52\n|player|p2|\n",
  "uploadtime": 1776370749,
  "views": 22,
  "formatid": "gen9championsvgc2026regma",
  "rating": 1124,
  "private": 0,
  "password": null
}