{
  "id": "gen9championsvgc2026regma-2585770504",
  "format": "[Gen 9 Champions] VGC 2026 Reg M-A",
  "players": [
    "worfin18",
    "MattySVO89"
  ],
  "log": "|j|\u2606worfin18\n|j|\u2606MattySVO89\n|t:|1776369414\n|gametype|doubles\n|player|p1|worfin18|n|1000\n|player|p2|MattySVO89|marnie|1055\n|gen|9\n|tier|[Gen 9 Champions] VGC 2026 Reg M-A\n|rated|\n|rule|Species Clause: Limit one of each Pok\u00e9mon\n|rule|Item Clause: Limit 1 of each item\n|clearpoke\n|poke|p1|Talonflame, L50, M|\n|poke|p1|Gardevoir, L50, F|\n|poke|p1|Aegislash, L50, M|\n|poke|p1|Krookodile, L50, M|\n|poke|p1|Maushold, L50|\n|poke|p1|Rotom-Wash, L50|\n|poke|p2|Aerodactyl, L50, F|\n|poke|p2|Arcanine-Hisui, L50, F|\n|poke|p2|Sinistcha-Masterpiece, L50|\n|poke|p2|Corviknight, L50, F|\n|poke|p2|Lopunny, L50, F|\n|poke|p2|Starmie, L50|\n|teampreview|4\n|\n|t:|1776369472\n|teamsize|p1|4\n|teamsize|p2|4\n|start\n|switch|p1a: Talonflame|Talonflame, L50, M, shiny|100/100\n|switch|p1b: Rotom|Rotom-Wash, L50|100/100\n|switch|p2a: Aerodactyl|Aerodactyl, L50, F|100/100\n|switch|p2b: Arcanine|Arcanine-Hisui, L50, F|100/100\n|-ability|p2a: Aerodactyl|Unnerve\n|-ability|p2b: Arcanine|Intimidate|boost\n|-unboost|p1a: Talonflame|atk|1\n|-unboost|p1b: Rotom|atk|1\n|turn|1\n|\n|t:|1776369501\n|move|p1a: Talonflame|Protect|p1a: Talonflame\n|-singleturn|p1a: Talonflame|Protect\n|move|p1b: Rotom|Protect|p1b: Rotom\n|-singleturn|p1b: Rotom|Protect\n|move|p2b: Arcanine|Rock Slide|p1a: Talonflame|[spread] \n|-activate|p1a: Talonflame|move: Protect\n|-activate|p1b: Rotom|move: Protect\n|move|p2a: Aerodactyl|Tailwind|p2a: Aerodactyl\n|-sidestart|p2: MattySVO89|move: Tailwind\n|\n|upkeep\n|turn|2\n|\n|t:|1776369513\n|switch|p2b: Starmie|Starmie, L50|100/100\n|move|p1a: Talonflame|Tailwind|p1a: Talonflame\n|-sidestart|p1: worfin18|move: Tailwind\n|move|p2a: Aerodactyl|Rock Slide|p1b: Rotom|[spread] p1a,p1b\n|-supereffective|p1a: Talonflame|2\n|-damage|p1a: Talonflame|0 fnt\n|-damage|p1b: Rotom|71/100\n|faint|p1a: Talonflame\n|move|p1b: Rotom|Hydro Pump|p2b: Starmie\n|-resisted|p2b: Starmie|1\n|-damage|p2b: Starmie|63/100\n|\n|-heal|p1b: Rotom|77/100|[from] item: Leftovers\n|upkeep\n|\n|t:|1776369517\n|switch|p1a: Gardevoir|Gardevoir, L50, F, shiny|100/100\n|turn|3\n|\n|t:|1776369549\n|switch|p2b: Sinistcha|Sinistcha-Masterpiece, L50|100/100\n|detailschange|p1a: Gardevoir|Gardevoir-Mega, L50, F, shiny\n|-mega|p1a: Gardevoir|Gardevoir|Gardevoirite\n|move|p2a: Aerodactyl|Protect|p2a: Aerodactyl\n|-singleturn|p2a: Aerodactyl|Protect\n|move|p1a: Gardevoir|Psychic|p2a: Aerodactyl\n|-activate|p2a: Aerodactyl|move: Protect\n|move|p1b: Rotom|Thunderbolt|p2b: Sinistcha\n|-resisted|p2b: Sinistcha|1\n|-damage|p2b: Sinistcha|76/100\n|\n|-heal|p1b: Rotom|83/100|[from] item: Leftovers\n|upkeep\n|turn|4\n|\n|t:|1776369572\n|switch|p1b: Aegislash|Aegislash, L50, M, shiny|100/100\n|move|p2a: Aerodactyl|Rock Slide|p1a: Gardevoir|[spread] p1a,p1b\n|-resisted|p1b: Aegislash|1\n|-damage|p1a: Gardevoir|60/100\n|-damage|p1b: Aegislash|90/100\n|cant|p1a: Gardevoir|flinch\n|move|p2b: Sinistcha|Matcha Gotcha|p1b: Aegislash|[spread] p1a,p1b\n|-resisted|p1b: Aegislash|1\n|-damage|p1a: Gardevoir|37/100\n|-heal|p2b: Sinistcha|88/100|[from] drain|[of] p1a: Gardevoir\n|-damage|p1b: Aegislash|80/100\n|-heal|p2b: Sinistcha|94/100|[from] drain|[of] p1b: Aegislash\n|\n|-sideend|p2: MattySVO89|move: Tailwind\n|upkeep\n|turn|5\n|\n|t:|1776369591\n|move|p2b: Sinistcha|Protect|p2b: Sinistcha\n|-singleturn|p2b: Sinistcha|Protect\n|move|p1a: Gardevoir|Dazzling Gleam|p2a: Aerodactyl|[spread] p2a\n|-activate|p2b: Sinistcha|move: Protect\n|-damage|p2a: Aerodactyl|37/100\n|move|p2a: Aerodactyl|Tailwind|p2a: Aerodactyl\n|-sidestart|p2: MattySVO89|move: Tailwind\n|-formechange|p1b: Aegislash|Aegislash-Blade|\n|move|p1b: Aegislash|Iron Head|p2a: Aerodactyl\n|-supereffective|p2a: Aerodactyl|1\n|-damage|p2a: Aerodactyl|0 fnt\n|faint|p2a: Aerodactyl\n|\n|-sideend|p1: worfin18|move: Tailwind\n|upkeep\n|\n|t:|1776369602\n|switch|p2a: Arcanine|Arcanine-Hisui, L50, F|100/100\n|-ability|p2a: Arcanine|Intimidate|boost\n|-unboost|p1a: Gardevoir|atk|1\n|-unboost|p1b: Aegislash|atk|1\n|turn|6\n|\n|t:|1776369620\n|switch|p2b: Starmie|Starmie, L50|63/100\n|move|p1a: Gardevoir|Protect|p1a: Gardevoir\n|-singleturn|p1a: Gardevoir|Protect\n|-formechange|p1b: Aegislash|Aegislash|\n|move|p1b: Aegislash|King's Shield|p1b: Aegislash\n|-singleturn|p1b: Aegislash|Protect\n|move|p2a: Arcanine|Rock Slide|p1a: Gardevoir|[spread] \n|-activate|p1a: Gardevoir|move: Protect\n|-activate|p1b: Aegislash|move: Protect\n|\n|upkeep\n|turn|7\n|\n|t:|1776369650\n|switch|p2a: Sinistcha|Sinistcha-Masterpiece, L50|94/100\n|-heal|p2b: Starmie|87/100|[from] ability: Hospitality|[of] p2a: Sinistcha\n|switch|p1b: Rotom|Rotom-Wash, L50|83/100\n|detailschange|p2b: Starmie|Starmie-Mega, L50\n|-mega|p2b: Starmie|Starmie|Starminite\n|move|p2b: Starmie|Self-Destruct|p1a: Gardevoir|[spread] p1a,p1b\n|-immune|p2a: Sinistcha\n|-damage|p1a: Gardevoir|0 fnt\n|-damage|p1b: Rotom|0 fnt\n|faint|p2b: Starmie\n|faint|p1a: Gardevoir\n|faint|p1b: Rotom\n|\n|upkeep\n|\n|t:|1776369665\n|switch|p2b: Arcanine|Arcanine-Hisui, L50, F|100/100\n|switch|p1a: Aegislash|Aegislash, L50, M, shiny|80/100\n|-ability|p2b: Arcanine|Intimidate|boost\n|-unboost|p1a: Aegislash|atk|1\n|turn|8\n|\n|t:|1776369677\n|move|p2b: Arcanine|Flare Blitz|p1a: Aegislash\n|-supereffective|p1a: Aegislash|1\n|-damage|p1a: Aegislash|0 fnt\n|faint|p1a: Aegislash\n|-damage|p2b: Arcanine|75/100|[from] Recoil\n|\n|win|MattySVO89\n|raw|worfin18's rating: 1000 &rarr; <strong>1000</strong><br />(+0 for losing)\n|raw|MattySVO89's rating: 1055 &rarr; <strong>1082</strong><br />(+27 for winning)\n|l|\u2606worfin18\n|player|p1|\n",
  "uploadtime": 1776369797,
  "views": 15,
  "formatid": "gen9championsvgc2026regma",
  "rating": 1000,
  "private": 0,
  "password": null
}