{
  "id": "gen9championsvgc2026regma-2582860836",
  "format": "[Gen 9 Champions] VGC 2026 Reg M-A",
  "players": [
    "m4ddness",
    "taotietsu"
  ],
  "log": "|j|\u2606m4ddness\n|j|\u2606taotietsu\n|t:|1776119888\n|gametype|doubles\n|player|p1|m4ddness|ethan|1101\n|player|p2|taotietsu|emmet|1189\n|gen|9\n|tier|[Gen 9 Champions] VGC 2026 Reg M-A\n|rated|\n|rule|Species Clause: Limit one of each Pok\u00e9mon\n|rule|Item Clause: Limit 1 of each item\n|clearpoke\n|poke|p1|Floette-Eternal, L50, F|\n|poke|p1|Klefki, L50, F|\n|poke|p1|Talonflame, L50, M|\n|poke|p1|Gyarados, L50, M|\n|poke|p1|Garchomp, L50, F|\n|poke|p1|Sinistcha, L50|\n|poke|p2|Incineroar, L50, F|\n|poke|p2|Pelipper, L50, F|\n|poke|p2|Farigiraf, L50, F|\n|poke|p2|Kingambit, L50, M|\n|poke|p2|Milotic, L50, F|\n|poke|p2|Meganium, L50, F|\n|teampreview|4\n|inactive|Battle timer is ON: inactive players will automatically lose when time's up. (requested by taotietsu)\n|inactive|taotietsu has 60 seconds left.\n|\n|t:|1776119925\n|teamsize|p1|4\n|teamsize|p2|4\n|start\n|switch|p1a: Sinistcha|Sinistcha, L50|100/100\n|switch|p1b: Gyarados|Gyarados, L50, M|100/100\n|switch|p2a: Farigiraf|Farigiraf, L50, F|100/100\n|switch|p2b: Incineroar|Incineroar, L50, F|100/100\n|-ability|p1b: Gyarados|Intimidate|boost\n|-unboost|p2a: Farigiraf|atk|1\n|-unboost|p2b: Incineroar|atk|1\n|-ability|p2b: Incineroar|Intimidate|boost\n|-unboost|p1a: Sinistcha|atk|1\n|-unboost|p1b: Gyarados|atk|1\n|turn|1\n|inactive|m4ddness has 30 seconds left.\n|\n|t:|1776119957\n|move|p1b: Gyarados|Dragon Dance|p1b: Gyarados\n|-boost|p1b: Gyarados|atk|1\n|-boost|p1b: Gyarados|spe|1\n|move|p1a: Sinistcha|Strength Sap|p2b: Incineroar\n|-unboost|p2b: Incineroar|atk|1\n|move|p2b: Incineroar|Parting Shot|p1b: Gyarados\n|-unboost|p1b: Gyarados|atk|1\n|-unboost|p1b: Gyarados|spa|1\n|\n|t:|1776119968\n|switch|p2b: Meganium|Meganium, L50, F|100/100|[from] Parting Shot\n|move|p2a: Farigiraf|Trick Room|p2a: Farigiraf\n|-fieldstart|move: Trick Room|[of] p2a: Farigiraf\n|\n|upkeep\n|turn|2\n|inactive|m4ddness has 30 seconds left.\n|\n|t:|1776120003\n|detailschange|p2b: Meganium|Meganium-Mega, L50, F\n|-mega|p2b: Meganium|Meganium|Meganiumite\n|move|p2a: Farigiraf|Helping Hand|p2b: Meganium\n|-singleturn|p2b: Meganium|Helping Hand|[of] p2a: Farigiraf\n|move|p1a: Sinistcha|Rage Powder|p1a: Sinistcha\n|-singleturn|p1a: Sinistcha|move: Rage Powder\n|move|p2b: Meganium|Solar Beam||[still]\n|-prepare|p2b: Meganium|Solar Beam\n|-activate|p2b: Meganium|ability: Mega Sol\n|-anim|p2b: Meganium|Solar Beam|p1b: Gyarados\n|-damage|p1b: Gyarados|0 fnt\n|faint|p1b: Gyarados\n|\n|upkeep\n|\n|t:|1776120019\n|switch|p1b: Floette|Floette-Eternal, L50, F|100/100\n|turn|3\n|\n|t:|1776120039\n|detailschange|p1b: Floette|Floette-Mega, L50, F\n|-mega|p1b: Floette|Floette|Floettite\n|-ability|p1b: Floette|Fairy Aura\n|move|p2a: Farigiraf|Helping Hand|p2b: Meganium\n|-singleturn|p2b: Meganium|Helping Hand|[of] p2a: Farigiraf\n|move|p1a: Sinistcha|Rage Powder|p1a: Sinistcha\n|-singleturn|p1a: Sinistcha|move: Rage Powder\n|move|p2b: Meganium|Solar Beam||[still]\n|-prepare|p2b: Meganium|Solar Beam\n|-activate|p2b: Meganium|ability: Mega Sol\n|-anim|p2b: Meganium|Solar Beam|p1b: Floette\n|-damage|p1b: Floette|28/100\n|move|p1b: Floette|Draining Kiss|p2b: Meganium\n|-damage|p2b: Meganium|73/100\n|-heal|p1b: Floette|49/100|[from] drain|[of] p2b: Meganium\n|\n|upkeep\n|turn|4\n|\n|t:|1776120063\n|switch|p1b: Klefki|Klefki, L50, F|100/100\n|move|p2a: Farigiraf|Helping Hand|p2b: Meganium\n|-singleturn|p2b: Meganium|Helping Hand|[of] p2a: Farigiraf\n|move|p1a: Sinistcha|Shadow Ball|p2b: Meganium\n|-damage|p2b: Meganium|43/100\n|move|p2b: Meganium|Solar Beam||[still]\n|-prepare|p2b: Meganium|Solar Beam\n|-activate|p2b: Meganium|ability: Mega Sol\n|-anim|p2b: Meganium|Solar Beam|p1b: Klefki\n|-resisted|p1b: Klefki|1\n|-damage|p1b: Klefki|47/100\n|-enditem|p1b: Klefki|Sitrus Berry|[eat]\n|-heal|p1b: Klefki|71/100|[from] item: Sitrus Berry\n|\n|upkeep\n|turn|5\n|\n|t:|1776120084\n|move|p2a: Farigiraf|Helping Hand|p2b: Meganium\n|-singleturn|p2b: Meganium|Helping Hand|[of] p2a: Farigiraf\n|move|p1b: Klefki|Light Screen|p1b: Klefki\n|-sidestart|p1: m4ddness|move: Light Screen\n|move|p1a: Sinistcha|Shadow Ball|p2b: Meganium\n|-damage|p2b: Meganium|13/100\n|move|p2b: Meganium|Weather Ball|p1b: Klefki\n|-supereffective|p1b: Klefki|1\n|-damage|p1b: Klefki|0 fnt\n|faint|p1b: Klefki\n|\n|-fieldend|move: Trick Room\n|upkeep\n|\n|t:|1776120095\n|switch|p1b: Floette|Floette-Mega, L50, F|49/100\n|-ability|p1b: Floette|Fairy Aura\n|turn|6\n|\n|t:|1776120113\n|move|p1b: Floette|Draining Kiss|p2a: Farigiraf\n|-damage|p2a: Farigiraf|63/100\n|-heal|p1b: Floette|84/100|[from] drain|[of] p2a: Farigiraf\n|move|p2b: Meganium|Dazzling Gleam|p1a: Sinistcha|[spread] p1a,p1b\n|-damage|p1a: Sinistcha|62/100\n|-damage|p1b: Floette|60/100\n|move|p1a: Sinistcha|Matcha Gotcha|p2a: Farigiraf|[spread] p2b\n|-miss|p1a: Sinistcha|p2a: Farigiraf\n|-resisted|p2b: Meganium|1\n|-damage|p2b: Meganium|2/100\n|-heal|p1a: Sinistcha|67/100|[from] drain|[of] p2b: Meganium\n|-status|p2b: Meganium|brn\n|move|p2a: Farigiraf|Trick Room|p2a: Farigiraf\n|-fieldstart|move: Trick Room|[of] p2a: Farigiraf\n|\n|-heal|p1a: Sinistcha|74/100|[from] item: Leftovers\n|-damage|p2b: Meganium|0 fnt|[from] brn\n|faint|p2b: Meganium\n|upkeep\n|\n|t:|1776120131\n|switch|p2b: Kingambit|Kingambit, L50, M|100/100\n|turn|7\n|\n|t:|1776120146\n|move|p2a: Farigiraf|Helping Hand|p2b: Kingambit\n|-singleturn|p2b: Kingambit|Helping Hand|[of] p2a: Farigiraf\n|move|p2b: Kingambit|Iron Head|p1b: Floette\n|-supereffective|p1b: Floette|1\n|-damage|p1b: Floette|0 fnt\n|faint|p1b: Floette\n|move|p1a: Sinistcha|Strength Sap|p2b: Kingambit\n|-unboost|p2b: Kingambit|atk|1\n|-ability|p2b: Kingambit|Defiant|boost\n|-boost|p2b: Kingambit|atk|2\n|-heal|p1a: Sinistcha|100/100\n|\n|upkeep\n|turn|8\n|-message|m4ddness forfeited.\n|\n|win|taotietsu\n|raw|m4ddness's rating: 1101 &rarr; <strong>1082</strong><br />(-19 for losing)\n|raw|taotietsu's rating: 1189 &rarr; <strong>1208</strong><br />(+19 for winning)\n|l|\u2606m4ddness\n|player|p1|\n",
  "uploadtime": 1776120165,
  "views": 12,
  "formatid": "gen9championsvgc2026regma",
  "rating": 1082,
  "private": 0,
  "password": null
}