{
  "id": "gen9championsvgc2026regma-2587226047",
  "format": "[Gen 9 Champions] VGC 2026 Reg M-A",
  "players": [
    "bear gamer 999",
    "Lahnnn"
  ],
  "log": "|j|\u2606bear gamer 999\n|j|\u2606Lahnnn\n|t:|1776511441\n|gametype|doubles\n|player|p1|bear gamer 999|ninjaboy|1057\n|player|p2|Lahnnn|veteranf|1024\n|gen|9\n|tier|[Gen 9 Champions] VGC 2026 Reg M-A\n|rated|\n|rule|Species Clause: Limit one of each Pok\u00e9mon\n|rule|Item Clause: Limit 1 of each item\n|clearpoke\n|poke|p1|Tyranitar, L50, F, shiny|\n|poke|p1|Excadrill, L50, M, shiny|\n|poke|p1|Aerodactyl, L50, F, shiny|\n|poke|p1|Arcanine-Hisui, L50, F, shiny|\n|poke|p1|Audino, L50, F, shiny|\n|poke|p1|Lycanroc, L50, M, shiny|\n|poke|p2|Aggron, L50, M|\n|poke|p2|Alakazam, L50, F|\n|poke|p2|Sinistcha, L50|\n|poke|p2|Aerodactyl, L50, M|\n|poke|p2|Passimian, L50, F|\n|poke|p2|Spiritomb, L50, M|\n|teampreview|4\n|inactive|Battle timer is ON: inactive players will automatically lose when time's up. (requested by Lahnnn)\n|inactive|bear gamer 999 also wants the timer to be on.\n|\n|t:|1776511466\n|teamsize|p1|4\n|teamsize|p2|4\n|start\n|switch|p1a: Mandrillone|Excadrill, L50, M, shiny|100/100\n|switch|p1b: Aerodactyl|Aerodactyl, L50, F, shiny|100/100\n|switch|p2a: Alakazam|Alakazam, L50, F|100/100\n|switch|p2b: Aerodactyl|Aerodactyl, L50, M|100/100\n|-ability|p1b: Aerodactyl|Unnerve\n|-ability|p1a: Mandrillone|Mold Breaker\n|turn|1\n|\n|t:|1776511484\n|detailschange|p1a: Mandrillone|Excadrill-Mega, L50, M, shiny\n|-mega|p1a: Mandrillone|Excadrill|Excadrite\n|move|p2b: Aerodactyl|Tailwind|p2b: Aerodactyl\n|-sidestart|p2: Lahnnn|move: Tailwind\n|move|p2a: Alakazam|Reflect|p2a: Alakazam\n|-sidestart|p2: Lahnnn|Reflect\n|move|p1a: Mandrillone|Iron Head|p2b: Aerodactyl\n|-supereffective|p2b: Aerodactyl|1\n|-enditem|p2b: Aerodactyl|Focus Sash\n|-damage|p2b: Aerodactyl|1/100\n|move|p1b: Aerodactyl|Tailwind|p1b: Aerodactyl\n|-sidestart|p1: bear gamer 999|move: Tailwind\n|\n|upkeep\n|turn|2\n|\n|t:|1776511503\n|switch|p2b: Aggron|Aggron, L50, M|100/100\n|move|p2a: Alakazam|Speed Swap|p2b: Aggron\n|-activate|p2a: Alakazam|move: Speed Swap|[of] p2b: Aggron\n|move|p1a: Mandrillone|Drill Run|p2a: Alakazam\n|-damage|p2a: Alakazam|19/100\n|move|p1b: Aerodactyl|Stealth Rock|p2a: Alakazam\n|-sidestart|p2: Lahnnn|move: Stealth Rock\n|\n|upkeep\n|turn|3\n|\n|t:|1776511527\n|switch|p1b: Taytar|Tyranitar, L50, F, shiny|100/100\n|-weather|Sandstorm|[from] ability: Sand Stream|[of] p1b: Taytar\n|switch|p2a: Aerodactyl|Aerodactyl, L50, M|1/100\n|-damage|p2a: Aerodactyl|0 fnt|[from] Stealth Rock\n|faint|p2a: Aerodactyl\n|detailschange|p2b: Aggron|Aggron-Mega, L50, M\n|-mega|p2b: Aggron|Aggron|Aggronite\n|move|p1a: Mandrillone|Drill Run|p2b: Aggron\n|-supereffective|p2b: Aggron|1\n|-damage|p2b: Aggron|72/100\n|move|p2b: Aggron|Iron Defense|p2b: Aggron\n|-boost|p2b: Aggron|def|2\n|\n|-weather|Sandstorm|[upkeep]\n|upkeep\n|\n|t:|1776511545\n|switch|p2a: Alakazam|Alakazam, L50, F|19/100\n|-damage|p2a: Alakazam|7/100|[from] Stealth Rock\n|turn|4\n|\n|t:|1776511558\n|move|p2a: Alakazam|Light Screen|p2a: Alakazam\n|-sidestart|p2: Lahnnn|move: Light Screen\n|move|p1a: Mandrillone|Drill Run|p2b: Aggron\n|-supereffective|p2b: Aggron|1\n|-crit|p2b: Aggron\n|-damage|p2b: Aggron|10/100\n|move|p1b: Taytar|Rock Slide|p2b: Aggron|[spread] p2b\n|-miss|p1b: Taytar|p2a: Alakazam\n|-resisted|p2b: Aggron|1\n|-damage|p2b: Aggron|7/100\n|move|p2b: Aggron|Body Press|p1a: Mandrillone\n|-supereffective|p1a: Mandrillone|1\n|-damage|p1a: Mandrillone|0 fnt\n|faint|p1a: Mandrillone\n|\n|-weather|Sandstorm|[upkeep]\n|-damage|p2a: Alakazam|0 fnt|[from] Sandstorm\n|faint|p2a: Alakazam\n|-sideend|p2: Lahnnn|move: Tailwind\n|-sideend|p1: bear gamer 999|move: Tailwind\n|upkeep\n|\n|t:|1776511578\n|switch|p2a: Sinistcha|Sinistcha, L50|100/100\n|switch|p1a: Aerodactyl|Aerodactyl, L50, F, shiny|100/100\n|-ability|p1a: Aerodactyl|Unnerve\n|-damage|p2a: Sinistcha|88/100|[from] Stealth Rock\n|-heal|p2b: Aggron|32/100|[from] ability: Hospitality|[of] p2a: Sinistcha\n|turn|5\n|\n|t:|1776511591\n|move|p2b: Aggron|Protect|p2b: Aggron\n|-singleturn|p2b: Aggron|Protect\n|move|p1a: Aerodactyl|Rock Slide|p2b: Aggron|[spread] p2a\n|-activate|p2b: Aggron|move: Protect\n|-damage|p2a: Sinistcha|74/100\n|move|p1b: Taytar|Stomping Tantrum|p2b: Aggron\n|-activate|p2b: Aggron|move: Protect\n|move|p2a: Sinistcha|Life Dew|p2a: Sinistcha|[spread] p2a,p2b\n|-heal|p2a: Sinistcha|99/100\n|-heal|p2b: Aggron|57/100\n|\n|-weather|Sandstorm|[upkeep]\n|-damage|p2a: Sinistcha|93/100|[from] Sandstorm\n|-heal|p2a: Sinistcha|99/100|[from] item: Leftovers\n|-sideend|p2: Lahnnn|Reflect\n|upkeep\n|turn|6\n|\n|t:|1776511616\n|move|p1a: Aerodactyl|Tailwind|p1a: Aerodactyl\n|-sidestart|p1: bear gamer 999|move: Tailwind\n|move|p1b: Taytar|Stomping Tantrum|p2b: Aggron\n|-supereffective|p2b: Aggron|1\n|-damage|p2b: Aggron|46/100\n|move|p2a: Sinistcha|Strength Sap|p1a: Aerodactyl\n|-unboost|p1a: Aerodactyl|atk|1\n|-heal|p2a: Sinistcha|100/100\n|move|p2b: Aggron|Body Press|p1b: Taytar\n|-supereffective|p1b: Taytar|2\n|-enditem|p1b: Taytar|Chople Berry|[eat]\n|-enditem|p1b: Taytar|Chople Berry|[weaken]\n|-damage|p1b: Taytar|0 fnt\n|faint|p1b: Taytar\n|\n|-weather|Sandstorm|[upkeep]\n|-damage|p2a: Sinistcha|94/100|[from] Sandstorm\n|-heal|p2a: Sinistcha|100/100|[from] item: Leftovers\n|upkeep\n|\n|t:|1776511631\n|switch|p1b: Audino|Audino, L50, F, shiny|100/100\n|turn|7\n|\n|t:|1776511639\n|move|p1a: Aerodactyl|Dual Wingbeat|p2a: Sinistcha\n|-supereffective|p2a: Sinistcha|1\n|-damage|p2a: Sinistcha|79/100\n|-supereffective|p2a: Sinistcha|1\n|-damage|p2a: Sinistcha|59/100\n|-hitcount|p2a: Sinistcha|2\n|move|p1b: Audino|Safeguard|p1b: Audino\n|-sidestart|p1: bear gamer 999|Safeguard\n|move|p2a: Sinistcha|Life Dew|p2a: Sinistcha|[spread] p2a,p2b\n|-heal|p2a: Sinistcha|84/100\n|-heal|p2b: Aggron|71/100\n|move|p2b: Aggron|Body Press|p1b: Audino\n|-supereffective|p1b: Audino|1\n|-damage|p1b: Audino|0 fnt\n|faint|p1b: Audino\n|\n|-weather|none\n|-heal|p2a: Sinistcha|90/100|[from] item: Leftovers\n|upkeep\n|turn|8\n|inactive|Lahnnn has 30 seconds left.\n|\n|t:|1776511668\n|move|p1a: Aerodactyl|Dual Wingbeat|p2a: Sinistcha\n|-supereffective|p2a: Sinistcha|1\n|-damage|p2a: Sinistcha|65/100\n|-supereffective|p2a: Sinistcha|1\n|-damage|p2a: Sinistcha|45/100\n|-hitcount|p2a: Sinistcha|2\n|move|p2a: Sinistcha|Shadow Ball|p1a: Aerodactyl\n|-damage|p1a: Aerodactyl|64/100\n|move|p2b: Aggron|Body Press|p1a: Aerodactyl|[miss]\n|-miss|p2b: Aggron|p1a: Aerodactyl\n|\n|-heal|p2a: Sinistcha|51/100|[from] item: Leftovers\n|-sideend|p2: Lahnnn|move: Light Screen\n|upkeep\n|turn|9\n|\n|t:|1776511685\n|move|p1a: Aerodactyl|Dual Wingbeat|p2a: Sinistcha|[miss]\n|-miss|p1a: Aerodactyl|p2a: Sinistcha\n|move|p2a: Sinistcha|Life Dew|p2a: Sinistcha|[spread] p2a,p2b\n|-heal|p2a: Sinistcha|76/100\n|-heal|p2b: Aggron|96/100\n|move|p2b: Aggron|Body Press|p1a: Aerodactyl\n|-damage|p1a: Aerodactyl|0 fnt\n|faint|p1a: Aerodactyl\n|\n|win|Lahnnn\n|raw|bear gamer 999's rating: 1057 &rarr; <strong>1037</strong><br />(-20 for losing)\n|raw|Lahnnn's rating: 1024 &rarr; <strong>1064</strong><br />(+40 for winning)\n",
  "uploadtime": 1776511698,
  "views": 15,
  "formatid": "gen9championsvgc2026regma",
  "rating": 1037,
  "private": 0,
  "password": null
}