{
  "id": "gen9championsvgc2026regma-2586322303",
  "format": "[Gen 9 Champions] VGC 2026 Reg M-A",
  "players": [
    "Vividedenne",
    "deeball"
  ],
  "log": "|j|\u2606Vividedenne\n|j|\u203ddeeball\n|t:|1776425158\n|gametype|doubles\n|player|p1|Vividedenne|#npl2023|1000\n|player|p2|deeball|fantina|1078\n|gen|9\n|tier|[Gen 9 Champions] VGC 2026 Reg M-A\n|rated|\n|rule|Species Clause: Limit one of each Pok\u00e9mon\n|rule|Item Clause: Limit 1 of each item\n|clearpoke\n|poke|p1|Chesnaught, L50, F|\n|poke|p1|Volcarona, L50, M|\n|poke|p1|Ninetales-Alola, L50, M|\n|poke|p1|Rotom-Wash, L50|\n|poke|p1|Incineroar, L50, F|\n|poke|p1|Glimmora, L50, M|\n|poke|p2|Farigiraf, L50, F|\n|poke|p2|Torkoal, L50, F|\n|poke|p2|Crabominable, L50, M|\n|poke|p2|Aegislash, L50, M|\n|poke|p2|Charizard, L50, F|\n|poke|p2|Venusaur, L50, M|\n|teampreview|4\n|inactive|Battle timer is ON: inactive players will automatically lose when time's up. (requested by Vividedenne)\n|inactive|Vividedenne has 60 seconds left.\n|inactive|deeball has 60 seconds left.\ndeeball rejected open team sheets.\n|\n|t:|1776425202\n|teamsize|p1|4\n|teamsize|p2|4\n|start\n|switch|p1a: Volcarona|Volcarona, L50, M|100/100\n|switch|p1b: Glimmora|Glimmora, L50, M|100/100\n|switch|p2a: Aegislash|Aegislash, L50, M|100/100\n|switch|p2b: Crabominable|Crabominable, L50, M, shiny|100/100\n|turn|1\n|\n|t:|1776425221\n|switch|p1a: Incineroar|Incineroar, L50, F|100/100\n|-ability|p1a: Incineroar|Intimidate|boost\n|-unboost|p2a: Aegislash|atk|1\n|-unboost|p2b: Crabominable|atk|1\n|switch|p2b: Farigiraf|Farigiraf, L50, F|100/100\n|move|p1b: Glimmora|Stealth Rock|p2a: Aegislash\n|-sidestart|p2: deeball|move: Stealth Rock\n|-formechange|p2a: Aegislash|Aegislash-Blade|\n|move|p2a: Aegislash|Iron Head|p1b: Glimmora\n|-supereffective|p1b: Glimmora|1\n|-damage|p1b: Glimmora|17/100\n|-activate|p1b: Glimmora|ability: Toxic Debris\n|-sidestart|p2: deeball|move: Toxic Spikes\n|\n|upkeep\n|turn|2\n|inactive|Vividedenne has 30 seconds left.\n|inactive|Vividedenne has 20 seconds left.\n|inactive|Vividedenne has 15 seconds left.\n|inactive|Vividedenne has 10 seconds left.\n|\n|t:|1776425268\n|detailschange|p1b: Glimmora|Glimmora-Mega, L50, M\n|-mega|p1b: Glimmora|Glimmora|Glimmoranite\n|move|p1b: Glimmora|Sludge Bomb|p2b: Farigiraf\n|-damage|p2b: Farigiraf|33/100\n|move|p1a: Incineroar|Parting Shot|p2a: Aegislash\n|-unboost|p2a: Aegislash|atk|1\n|-unboost|p2a: Aegislash|spa|1\n|\n|t:|1776425275\n|switch|p1a: Volcarona|Volcarona, L50, M|100/100|[from] Parting Shot\n|move|p2a: Aegislash|Iron Head|p1b: Glimmora\n|-supereffective|p1b: Glimmora|1\n|-damage|p1b: Glimmora|0 fnt\n|faint|p1b: Glimmora\n|move|p2b: Farigiraf|Trick Room|p2b: Farigiraf\n|-fieldstart|move: Trick Room|[of] p2b: Farigiraf\n|\n|upkeep\n|\n|t:|1776425283\n|switch|p1b: Ninetales|Ninetales-Alola, L50, M|100/100\n|-weather|Snowscape|[from] ability: Snow Warning|[of] p1b: Ninetales\n|turn|3\n|inactive|deeball has 30 seconds left.\n|\n|t:|1776425313\n|switch|p1b: Incineroar|Incineroar, L50, F|100/100\n|-ability|p1b: Incineroar|Intimidate|boost\n|-unboost|p2a: Aegislash|atk|1\n|-unboost|p2b: Farigiraf|atk|1\n|move|p2b: Farigiraf|Hyper Voice|p1b: Incineroar|[spread] p1a,p1b\n|-damage|p1a: Volcarona|67/100\n|-damage|p1b: Incineroar|66/100\n|move|p2a: Aegislash|Iron Head|p1b: Incineroar\n|-resisted|p1b: Incineroar|1\n|-damage|p1b: Incineroar|58/100\n|move|p1a: Volcarona|Heat Wave|p2a: Aegislash|[spread] p2a,p2b\n|-supereffective|p2a: Aegislash|1\n|-damage|p2a: Aegislash|0 fnt\n|-damage|p2b: Farigiraf|0 fnt\n|faint|p2a: Aegislash\n|faint|p2b: Farigiraf\n|\n|-weather|Snowscape|[upkeep]\n|upkeep\n|\n|t:|1776425331\n|switch|p2b: Crabominable|Crabominable, L50, M, shiny|100/100\n|switch|p2a: Torkoal|Torkoal, L50, F, shiny|100/100\n|-damage|p2a: Torkoal|76/100|[from] Stealth Rock\n|-status|p2a: Torkoal|psn\n|-weather|SunnyDay|[from] ability: Drought|[of] p2a: Torkoal\n|-damage|p2b: Crabominable|88/100|[from] Stealth Rock\n|-status|p2b: Crabominable|psn\n|turn|4\n|\n|t:|1776425339\n|switch|p1a: Ninetales|Ninetales-Alola, L50, M|100/100\n|-weather|Snowscape|[from] ability: Snow Warning|[of] p1a: Ninetales\n|detailschange|p2b: Crabominable|Crabominable-Mega, L50, M, shiny\n|-mega|p2b: Crabominable|Crabominable|Crabominite\n|move|p1b: Incineroar|Fake Out|p2a: Torkoal\n|-damage|p2a: Torkoal|68/100 psn\n|cant|p2a: Torkoal|flinch\n|move|p2b: Crabominable|Drain Punch|p1b: Incineroar\n|-supereffective|p1b: Incineroar|1\n|-damage|p1b: Incineroar|0 fnt\n|-heal|p2b: Crabominable|100/100 psn|[from] drain|[of] p1b: Incineroar\n|faint|p1b: Incineroar\n|\n|-weather|Snowscape|[upkeep]\n|-heal|p2a: Torkoal|74/100 psn|[from] item: Leftovers\n|-damage|p2a: Torkoal|62/100 psn|[from] psn\n|-damage|p2b: Crabominable|88/100 psn|[from] psn\n|upkeep\n|\n|t:|1776425350\n|switch|p1b: Volcarona|Volcarona, L50, M|67/100\n|turn|5\n|\n|t:|1776425365\n|move|p1b: Volcarona|Protect|p1b: Volcarona\n|-singleturn|p1b: Volcarona|Protect\n|move|p2a: Torkoal|Eruption|p1b: Volcarona|[spread] p1a\n|-activate|p1b: Volcarona|move: Protect\n|-supereffective|p1a: Ninetales|1\n|-damage|p1a: Ninetales|39/100\n|move|p2b: Crabominable|Ice Hammer|p1b: Volcarona\n|-activate|p1b: Volcarona|move: Protect\n|move|p1a: Ninetales|Aurora Veil|p1a: Ninetales\n|-sidestart|p1: Vividedenne|move: Aurora Veil\n|\n|-weather|Snowscape|[upkeep]\n|-heal|p2a: Torkoal|68/100 psn|[from] item: Leftovers\n|-damage|p2a: Torkoal|55/100 psn|[from] psn\n|-damage|p2b: Crabominable|76/100 psn|[from] psn\n|upkeep\n|turn|6\n|\n|t:|1776425385\n|move|p2a: Torkoal|Eruption|p1b: Volcarona|[spread] p1a,p1b\n|-supereffective|p1a: Ninetales|1\n|-crit|p1b: Volcarona\n|-damage|p1a: Ninetales|2/100\n|-damage|p1b: Volcarona|27/100\n|move|p2b: Crabominable|Ice Hammer|p1b: Volcarona|[miss]\n|-miss|p2b: Crabominable|p1b: Volcarona\n|move|p1b: Volcarona|Heat Wave|p2a: Torkoal|[spread] p2a,p2b\n|-resisted|p2a: Torkoal|1\n|-supereffective|p2b: Crabominable|1\n|-damage|p2a: Torkoal|32/100 psn\n|-damage|p2b: Crabominable|20/100 psn\n|move|p1a: Ninetales|Disable|p2b: Crabominable\n|-start|p2b: Crabominable|Disable|Ice Hammer\n|\n|-weather|Snowscape|[upkeep]\n|-heal|p2a: Torkoal|38/100 psn|[from] item: Leftovers\n|-damage|p2a: Torkoal|25/100 psn|[from] psn\n|-damage|p2b: Crabominable|8/100 psn|[from] psn\n|-fieldend|move: Trick Room\n|upkeep\n|turn|7\n|\n|t:|1776425405\n|move|p2b: Crabominable|Mach Punch|p1a: Ninetales\n|-damage|p1a: Ninetales|0 fnt\n|faint|p1a: Ninetales\n|move|p1b: Volcarona|Giga Drain|p2b: Crabominable\n|-damage|p2b: Crabominable|0 fnt\n|-heal|p1b: Volcarona|32/100|[from] drain|[of] p2b: Crabominable\n|faint|p2b: Crabominable\n|move|p2a: Torkoal|Eruption|p1b: Volcarona\n|-damage|p1b: Volcarona|21/100\n|\n|-weather|Snowscape|[upkeep]\n|-heal|p2a: Torkoal|32/100 psn|[from] item: Leftovers\n|-damage|p2a: Torkoal|19/100 psn|[from] psn\n|upkeep\n|turn|8\n|\n|t:|1776425418\n|move|p1b: Volcarona|Heat Wave|p2a: Torkoal\n|-resisted|p2a: Torkoal|1\n|-damage|p2a: Torkoal|0 fnt\n|faint|p2a: Torkoal\n|\n|win|Vividedenne\n",
  "uploadtime": 1776425160,
  "views": 22,
  "formatid": "gen9championsvgc2026regma",
  "rating": null,
  "private": 0,
  "password": null
}