{
  "id": "gen9championsvgc2026regma-2588733838",
  "format": "[Gen 9 Champions] VGC 2026 Reg M-A",
  "players": [
    "Tempest ash",
    "Tsekaiandincognito"
  ],
  "log": "|j|\u2606Tempest ash\n|j|\u2606Tsekaiandincognito\n|t:|1776663575\n|gametype|doubles\n|player|p1|Tempest ash|1|1250\n|player|p2|Tsekaiandincognito|169|1248\n|gen|9\n|tier|[Gen 9 Champions] VGC 2026 Reg M-A\n|rated|\n|rule|Species Clause: Limit one of each Pok\u00e9mon\n|rule|Item Clause: Limit 1 of each item\n|clearpoke\n|poke|p1|Politoed, L50, M|\n|poke|p1|Blastoise, L50, M|\n|poke|p1|Farigiraf, L50, F|\n|poke|p1|Sinistcha-Masterpiece, L50|\n|poke|p1|Floette-Eternal, L50, F|\n|poke|p1|Vivillon, L50, M|\n|poke|p2|Talonflame, L50, M|\n|poke|p2|Starmie, L50|\n|poke|p2|Krookodile, L50, F|\n|poke|p2|Gardevoir, L50, M|\n|poke|p2|Floette-Eternal, L50, F|\n|poke|p2|Meganium, L50, M|\n|teampreview|4\n|inactive|Battle timer is ON: inactive players will automatically lose when time's up. (requested by Tsekaiandincognito)\n|\n|t:|1776663588\n|teamsize|p1|4\n|teamsize|p2|4\n|start\n|switch|p1a: Farigiraf|Farigiraf, L50, F|100/100\n|switch|p1b: Blastoise|Blastoise, L50, M|100/100\n|switch|p2a: Talonflame|Talonflame, L50, M|100/100\n|switch|p2b: Starmie|Starmie, L50|100/100\n|turn|1\n|\n|t:|1776663596\n|detailschange|p2b: Starmie|Starmie-Mega, L50\n|-mega|p2b: Starmie|Starmie|Starminite\n|move|p1b: Blastoise|Protect|p1b: Blastoise\n|-singleturn|p1b: Blastoise|Protect\n|move|p2a: Talonflame|Quick Guard|p2a: Talonflame\n|-singleturn|p2a: Talonflame|Quick Guard\n|move|p2b: Starmie|Liquidation|p1a: Farigiraf\n|-damage|p1a: Farigiraf|32/100\n|-enditem|p1a: Farigiraf|Sitrus Berry|[eat]\n|-heal|p1a: Farigiraf|56/100|[from] item: Sitrus Berry\n|move|p1a: Farigiraf|Trick Room|p1a: Farigiraf\n|-fieldstart|move: Trick Room|[of] p1a: Farigiraf\n|\n|upkeep\n|turn|2\n|\n|t:|1776663618\n|detailschange|p1b: Blastoise|Blastoise-Mega, L50, M\n|-mega|p1b: Blastoise|Blastoise|Blastoisinite\n|move|p2a: Talonflame|Protect|p2a: Talonflame\n|-singleturn|p2a: Talonflame|Protect\n|move|p1a: Farigiraf|Hyper Voice|p2b: Starmie|[spread] p2b\n|-activate|p2a: Talonflame|move: Protect\n|-damage|p2b: Starmie|65/100\n|move|p1b: Blastoise|Water Spout|p2a: Talonflame|[spread] p2b\n|-activate|p2a: Talonflame|move: Protect\n|-resisted|p2b: Starmie|1\n|-damage|p2b: Starmie|23/100\n|move|p2b: Starmie|Self-Destruct|p1b: Blastoise|[spread] p1a,p1b\n|-activate|p2a: Talonflame|move: Protect\n|-damage|p1a: Farigiraf|0 fnt\n|-damage|p1b: Blastoise|19/100\n|faint|p2b: Starmie\n|faint|p1a: Farigiraf\n|\n|upkeep\n|\n|t:|1776663640\n|switch|p1a: Sinistcha|Sinistcha-Masterpiece, L50|100/100\n|switch|p2b: Gardevoir|Gardevoir, L50, M|100/100\n|-heal|p1b: Blastoise|44/100|[from] ability: Hospitality|[of] p1a: Sinistcha\n|turn|3\n|\n|t:|1776663663\n|switch|p1a: Politoed|Politoed, L50, M|100/100\n|-weather|RainDance|[from] ability: Drizzle|[of] p1a: Politoed\n|switch|p2a: Krookodile|Krookodile, L50, F|100/100\n|move|p1b: Blastoise|Water Pulse|p2a: Krookodile\n|-supereffective|p2a: Krookodile|1\n|-damage|p2a: Krookodile|0 fnt\n|faint|p2a: Krookodile\n|move|p2b: Gardevoir|Moonblast|p1b: Blastoise\n|-damage|p1b: Blastoise|2/100\n|\n|-weather|RainDance|[upkeep]\n|upkeep\n|\n|t:|1776663675\n|switch|p2a: Talonflame|Talonflame, L50, M|100/100\n|turn|4\n|inactive|Tempest ash has 30 seconds left.\n|\n|t:|1776663708\n|switch|p1a: Sinistcha|Sinistcha-Masterpiece, L50|100/100\n|-heal|p1b: Blastoise|26/100|[from] ability: Hospitality|[of] p1a: Sinistcha\n|move|p2a: Talonflame|Dual Wingbeat|p1b: Blastoise\n|-damage|p1b: Blastoise|13/100\n|-damage|p1b: Blastoise|0 fnt\n|faint|p1b: Blastoise\n|-hitcount|p1: Blastoise|2\n|move|p2b: Gardevoir|Moonblast|p1a: Sinistcha\n|-damage|p1a: Sinistcha|50/100\n|\n|-weather|RainDance|[upkeep]\n|-heal|p1a: Sinistcha|56/100|[from] item: Leftovers\n|upkeep\n|\n|t:|1776663722\n|switch|p1b: Politoed|Politoed, L50, M|100/100\n|turn|5\n|inactive|Tempest ash has 30 seconds left.\n|\n|t:|1776663748\n|move|p2a: Talonflame|Protect|p2a: Talonflame\n|-singleturn|p2a: Talonflame|Protect\n|move|p1a: Sinistcha|Life Dew||[still]|[spread] p1a,p1b\n|-heal|p1a: Sinistcha|81/100\n|-fail|p1b: Politoed|heal\n|move|p1b: Politoed|Muddy Water|p2b: Gardevoir|[spread] p2b\n|-activate|p2a: Talonflame|move: Protect\n|-damage|p2b: Gardevoir|59/100\n|move|p2b: Gardevoir|Moonblast|p1b: Politoed\n|-damage|p1b: Politoed|60/100\n|\n|-weather|RainDance|[upkeep]\n|-heal|p1a: Sinistcha|88/100|[from] item: Leftovers\n|-fieldend|move: Trick Room\n|upkeep\n|turn|6\n|-activate|p2b: Gardevoir|item: Quick Claw\n|\n|t:|1776663767\n|move|p2a: Talonflame|Dual Wingbeat|p1b: Politoed\n|-damage|p1b: Politoed|46/100\n|-damage|p1b: Politoed|31/100\n|-hitcount|p1b: Politoed|2\n|move|p2b: Gardevoir|Moonblast|p1b: Politoed\n|-damage|p1b: Politoed|0 fnt\n|faint|p1b: Politoed\n|move|p1a: Sinistcha|Life Dew|p1a: Sinistcha\n|-heal|p1a: Sinistcha|100/100\n|\n|-weather|RainDance|[upkeep]\n|upkeep\n|turn|7\n|\n|t:|1776663780\n|move|p2a: Talonflame|Dual Wingbeat|p1a: Sinistcha\n|-supereffective|p1a: Sinistcha|1\n|-damage|p1a: Sinistcha|74/100\n|-supereffective|p1a: Sinistcha|1\n|-damage|p1a: Sinistcha|49/100\n|-hitcount|p1a: Sinistcha|2\n|move|p2b: Gardevoir|Moonblast|p1a: Sinistcha\n|-damage|p1a: Sinistcha|3/100\n|cant|p1a: Sinistcha|flinch\n|\n|-weather|none\n|-heal|p1a: Sinistcha|9/100|[from] item: Leftovers\n|upkeep\n|turn|8\n|\n|t:|1776663790\n|move|p2b: Gardevoir|Helping Hand|p2a: Talonflame\n|-singleturn|p2a: Talonflame|Helping Hand|[of] p2b: Gardevoir\n|move|p2a: Talonflame|Dual Wingbeat|p1a: Sinistcha\n|-supereffective|p1a: Sinistcha|1\n|-damage|p1a: Sinistcha|0 fnt\n|faint|p1a: Sinistcha\n|-hitcount|p1: Sinistcha|1\n|\n|win|Tsekaiandincognito\n|raw|Tempest ash's rating: 1250 &rarr; <strong>1225</strong><br />(-25 for losing)\n|raw|Tsekaiandincognito's rating: 1248 &rarr; <strong>1273</strong><br />(+25 for winning)\n|l|\u2606Tempest ash\n|player|p1|\n",
  "uploadtime": 1776663799,
  "views": 12,
  "formatid": "gen9championsvgc2026regma",
  "rating": 1225,
  "private": 0,
  "password": null
}