{
  "id": "gen9championsvgc2026regma-2584287475",
  "format": "[Gen 9 Champions] VGC 2026 Reg M-A",
  "players": [
    "Nimblefrog6",
    "EXSA"
  ],
  "log": "|j|\u2606Nimblefrog6\n|j|\u2606EXSA\n|t:|1776247363\n|gametype|doubles\n|player|p1|Nimblefrog6|medium-gen2jp|1077\n|player|p2|EXSA|266|1158\n|gen|9\n|tier|[Gen 9 Champions] VGC 2026 Reg M-A\n|rated|\n|rule|Species Clause: Limit one of each Pok\u00e9mon\n|rule|Item Clause: Limit 1 of each item\n|clearpoke\n|poke|p1|Dragapult, L50, F|\n|poke|p1|Sneasler, L50, M|\n|poke|p1|Froslass, L50, F|\n|poke|p1|Glimmora, L50, M|\n|poke|p1|Whimsicott, L50, M|\n|poke|p1|Incineroar, L50, F|\n|poke|p2|Charizard, L50, F|\n|poke|p2|Incineroar, L50, M|\n|poke|p2|Maushold-Four, L50|\n|poke|p2|Hawlucha, L50, M|\n|poke|p2|Garchomp, L50, M|\n|poke|p2|Whimsicott, L50, F|\n|teampreview|4\n|inactive|Battle timer is ON: inactive players will automatically lose when time's up. (requested by Nimblefrog6)\n|inactive|Nimblefrog6 has 60 seconds left.\nNimblefrog6 has agreed to open team sheets.\n|inactive|EXSA has 60 seconds left.\n|inactive|Nimblefrog6 has 30 seconds left.\n|\n|t:|1776247432\n|teamsize|p1|4\n|teamsize|p2|4\n|start\n|switch|p1a: Incineroar|Incineroar, L50, F|100/100\n|switch|p1b: Sneasler|Sneasler, L50, M|100/100\n|switch|p2a: Charizard|Charizard, L50, F, shiny|100/100\n|switch|p2b: Whimsicott|Whimsicott, L50, F|100/100\n|-ability|p1a: Incineroar|Intimidate|boost\n|-unboost|p2a: Charizard|atk|1\n|-unboost|p2b: Whimsicott|atk|1\n|turn|1\n|\n|t:|1776247454\n|switch|p2b: Garchomp|Garchomp, L50, M|100/100\n|move|p2a: Charizard|Protect|p2a: Charizard\n|-singleturn|p2a: Charizard|Protect\n|move|p1b: Sneasler|Fake Out|p2b: Garchomp\n|-damage|p2b: Garchomp|86/100\n|-damage|p1b: Sneasler|88/100|[from] ability: Rough Skin|[of] p2b: Garchomp\n|move|p1a: Incineroar|Parting Shot|p2a: Charizard\n|-activate|p2a: Charizard|move: Protect\n|\n|upkeep\n|turn|2\n|\n|t:|1776247468\n|detailschange|p2a: Charizard|Charizard-Mega-Y, L50, F, shiny\n|-mega|p2a: Charizard|Charizard|Charizardite Y\n|-weather|SunnyDay|[from] ability: Drought|[of] p2a: Charizard\n|move|p1b: Sneasler|Protect|p1b: Sneasler\n|-singleturn|p1b: Sneasler|Protect\n|move|p2b: Garchomp|Earthquake|p1b: Sneasler|[spread] p1a\n|-activate|p1b: Sneasler|move: Protect\n|-immune|p2a: Charizard\n|-supereffective|p1a: Incineroar|1\n|-damage|p1a: Incineroar|17/100\n|-enditem|p1a: Incineroar|Sitrus Berry|[eat]\n|-heal|p1a: Incineroar|42/100|[from] item: Sitrus Berry\n|move|p2a: Charizard|Heat Wave|p1a: Incineroar|[spread] p1a\n|-activate|p1b: Sneasler|move: Protect\n|-resisted|p1a: Incineroar|1\n|-damage|p1a: Incineroar|9/100\n|move|p1a: Incineroar|Parting Shot|p2b: Garchomp\n|-unboost|p2b: Garchomp|atk|1\n|-unboost|p2b: Garchomp|spa|1\n|\n|t:|1776247479\n|switch|p1a: Froslass|Froslass, L50, F|100/100|[from] Parting Shot\n|\n|-weather|SunnyDay|[upkeep]\n|upkeep\n|turn|3\n|\n|t:|1776247491\n|detailschange|p1a: Froslass|Froslass-Mega, L50, F\n|-mega|p1a: Froslass|Froslass|Froslassite\n|-weather|Snowscape|[from] ability: Snow Warning|[of] p1a: Froslass\n|move|p2b: Garchomp|Earthquake|p1a: Froslass|[spread] p1a,p1b\n|-immune|p2a: Charizard\n|-supereffective|p1b: Sneasler|1\n|-damage|p1a: Froslass|69/100\n|-damage|p1b: Sneasler|0 fnt\n|faint|p1b: Sneasler\n|move|p1a: Froslass|Blizzard|p2a: Charizard|[spread] p2a,p2b\n|-supereffective|p2b: Garchomp|2\n|-damage|p2a: Charizard|49/100\n|-damage|p2b: Garchomp|0 fnt\n|faint|p2b: Garchomp\n|move|p2a: Charizard|Heat Wave|p1a: Froslass\n|-supereffective|p1a: Froslass|1\n|-damage|p1a: Froslass|0 fnt\n|faint|p1a: Froslass\n|\n|-weather|Snowscape|[upkeep]\n|upkeep\n|\n|t:|1776247503\n|switch|p1b: Dragapult|Dragapult, L50, F|100/100\n|switch|p1a: Incineroar|Incineroar, L50, F|9/100\n|switch|p2b: Whimsicott|Whimsicott, L50, F|100/100\n|-ability|p1a: Incineroar|Intimidate|boost\n|-unboost|p2a: Charizard|atk|1\n|-unboost|p2b: Whimsicott|atk|1\n|turn|4\n|\n|t:|1776247517\n|switch|p2a: Incineroar|Incineroar, L50, M|100/100\n|-ability|p2a: Incineroar|Intimidate|boost\n|-unboost|p1a: Incineroar|atk|1\n|-fail|p1b: Dragapult|unboost|[from] ability: Clear Body|[of] p1b: Dragapult\n|move|p1a: Incineroar|Fake Out|p2b: Whimsicott\n|-damage|p2b: Whimsicott|89/100\n|move|p1b: Dragapult|Dragon Darts|p2a: Incineroar\n|-damage|p2a: Incineroar|67/100\n|-anim|p1b: Dragapult|Dragon Darts|p2a: Incineroar\n|-damage|p2a: Incineroar|37/100\n|-enditem|p2a: Incineroar|Sitrus Berry|[eat]\n|-heal|p2a: Incineroar|61/100|[from] item: Sitrus Berry\n|cant|p2b: Whimsicott|flinch\n|\n|-weather|Snowscape|[upkeep]\n|upkeep\n|turn|5\n|-message|Nimblefrog6 forfeited.\n|\n|win|EXSA\n|raw|Nimblefrog6's rating: 1077 &rarr; <strong>1060</strong><br />(-17 for losing)\n|raw|EXSA's rating: 1158 &rarr; <strong>1177</strong><br />(+19 for winning)\n|l|\u2606Nimblefrog6\n|player|p1|\n",
  "uploadtime": 1776247532,
  "views": 20,
  "formatid": "gen9championsvgc2026regma",
  "rating": 1060,
  "private": 0,
  "password": null
}