{
  "id": "gen9championsvgc2026regma-2583240930",
  "format": "[Gen 9 Champions] VGC 2026 Reg M-A",
  "players": [
    "Keyan_Sans",
    "Bmanwe"
  ],
  "log": "|j|\u2606Keyan_Sans\n|j|\u2606Bmanwe\n|t:|1776158499\n|gametype|doubles\n|player|p1|Keyan_Sans|hugh|1074\n|player|p2|Bmanwe|dancer|1067\n|gen|9\n|tier|[Gen 9 Champions] VGC 2026 Reg M-A\n|rated|\n|rule|Species Clause: Limit one of each Pok\u00e9mon\n|rule|Item Clause: Limit 1 of each item\n|clearpoke\n|poke|p1|Dragonite, L50, F|\n|poke|p1|Pelipper, L50, F|\n|poke|p1|Basculegion, L50, M|\n|poke|p1|Archaludon, L50, F|\n|poke|p1|Sneasler, L50, M|\n|poke|p1|Maushold-Four, L50|\n|poke|p2|Gardevoir, L50, M|\n|poke|p2|Skeledirge, L50, M|\n|poke|p2|Gengar, L50, M|\n|poke|p2|Hydrapple, L50, F|\n|poke|p2|Pelipper, L50, M|\n|poke|p2|Oranguru, L50, F|\n|teampreview|4\nKeyan_Sans rejected open team sheets.\n|inactive|Battle timer is ON: inactive players will automatically lose when time's up. (requested by Keyan_Sans)\n|inactive|Keyan_Sans has 60 seconds left.\n|\n|t:|1776158533\n|teamsize|p1|4\n|teamsize|p2|4\n|start\n|switch|p1a: Pelipper|Pelipper, L50, F|100/100\n|switch|p1b: Basculegion|Basculegion, L50, M|100/100\n|switch|p2a: Dave|Pelipper, L50, M|100/100\n|switch|p2b: True Jeff|Oranguru, L50, F, shiny|100/100\n|-weather|RainDance|[from] ability: Drizzle|[of] p2a: Dave\n|turn|1\n|\n|t:|1776158549\n|move|p1b: Basculegion|Wave Crash|p2b: True Jeff\n|-damage|p2b: True Jeff|2/100\n|-damage|p1b: Basculegion|73/100|[from] Recoil\n|move|p2a: Dave|Tailwind|p2a: Dave\n|-sidestart|p2: Bmanwe|move: Tailwind\n|move|p2b: True Jeff|Psychic Terrain|p2b: True Jeff\n|-fieldstart|move: Psychic Terrain\n|move|p1a: Pelipper|Weather Ball|p2b: True Jeff\n|-damage|p2b: True Jeff|0 fnt\n|faint|p2b: True Jeff\n|\n|-weather|RainDance|[upkeep]\n|upkeep\n|\n|t:|1776158563\n|switch|p2b: CARMEL APPLE|Hydrapple, L50, F, shiny|100/100\n|-ability|p2b: CARMEL APPLE|Supersweet Syrup\n|-unboost|p1a: Pelipper|evasion|1\n|-unboost|p1b: Basculegion|evasion|1\n|turn|2\n|\n|t:|1776158581\n|move|p1b: Basculegion|Flip Turn|p2b: CARMEL APPLE\n|-resisted|p2b: CARMEL APPLE|2\n|-damage|p2b: CARMEL APPLE|91/100\n|\n|t:|1776158585\n|switch|p1b: Archaludon|Archaludon, L50, F|100/100|[from] Flip Turn\n|move|p2a: Dave|Hurricane|p1a: Pelipper\n|-crit|p1a: Pelipper\n|-damage|p1a: Pelipper|50/100\n|-start|p1a: Pelipper|confusion\n|move|p2b: CARMEL APPLE|Energy Ball|p1b: Archaludon\n|-resisted|p1b: Archaludon|2\n|-damage|p1b: Archaludon|88/100\n|-unboost|p1b: Archaludon|spd|1\n|-ability|p1b: Archaludon|Stamina|boost\n|-boost|p1b: Archaludon|def|1\n|-activate|p1a: Pelipper|confusion\n|move|p1a: Pelipper|Tailwind|p1a: Pelipper\n|-sidestart|p1: Keyan_Sans|move: Tailwind\n|\n|-weather|RainDance|[upkeep]\n|-heal|p1b: Archaludon|94/100|[from] item: Leftovers\n|upkeep\n|turn|3\n|inactive|Bmanwe has 30 seconds left.\n|\n|t:|1776158620\n|switch|p1a: Dragonite|Dragonite, L50, F|100/100\n|move|p1b: Archaludon|Electro Shot||[still]\n|-prepare|p1b: Archaludon|Electro Shot\n|-boost|p1b: Archaludon|spa|1\n|-anim|p1b: Archaludon|Electro Shot|p2a: Dave\n|-supereffective|p2a: Dave|2\n|-damage|p2a: Dave|0 fnt\n|faint|p2a: Dave\n|move|p2b: CARMEL APPLE|Fickle Beam|p1b: Archaludon\n|-damage|p1b: Archaludon|24/100\n|-ability|p1b: Archaludon|Stamina|boost\n|-boost|p1b: Archaludon|def|1\n|\n|-weather|RainDance|[upkeep]\n|-heal|p1b: Archaludon|30/100|[from] item: Leftovers\n|upkeep\n|\n|t:|1776158636\n|switch|p2a: Gengar|Gengar, L50, M, shiny|100/100\n|turn|4\n|\n|t:|1776158647\n|detailschange|p2a: Gengar|Gengar-Mega, L50, M, shiny\n|-mega|p2a: Gengar|Gengar|Gengarite\n|detailschange|p1a: Dragonite|Dragonite-Mega, L50, F\n|-mega|p1a: Dragonite|Dragonite|Dragoninite\n|move|p1b: Archaludon|Protect|p1b: Archaludon\n|-singleturn|p1b: Archaludon|Protect\n|move|p2a: Gengar|Icy Wind|p1a: Dragonite|[spread] p1a\n|-activate|p1b: Archaludon|move: Protect\n|-supereffective|p1a: Dragonite|2\n|-damage|p1a: Dragonite|68/100\n|-unboost|p1a: Dragonite|spe|1\n|move|p1a: Dragonite|Ice Beam|p2b: CARMEL APPLE\n|-supereffective|p2b: CARMEL APPLE|2\n|-damage|p2b: CARMEL APPLE|0 fnt\n|faint|p2b: CARMEL APPLE\n|\n|-weather|RainDance|[upkeep]\n|-heal|p1b: Archaludon|36/100|[from] item: Leftovers\n|-sideend|p2: Bmanwe|move: Tailwind\n|upkeep\n|turn|5\n|\n|t:|1776158667\n|move|p1b: Archaludon|Dragon Pulse|p2a: Gengar\n|-damage|p2a: Gengar|12/100\n|move|p1a: Dragonite|Hurricane|p2a: Gengar\n|-damage|p2a: Gengar|0 fnt\n|faint|p2a: Gengar\n|\n|win|Keyan_Sans\n|raw|Keyan_Sans's rating: 1074 &rarr; <strong>1102</strong><br />(+28 for winning)\n|raw|Bmanwe's rating: 1067 &rarr; <strong>1047</strong><br />(-20 for losing)\n",
  "uploadtime": 1776158670,
  "views": 16,
  "formatid": "gen9championsvgc2026regma",
  "rating": 1047,
  "private": 0,
  "password": null
}