{
  "id": "gen9championsvgc2026regma-2582904304",
  "format": "[Gen 9 Champions] VGC 2026 Reg M-A",
  "players": [
    "johnscottriley",
    "Morrocan AXL BLAZE"
  ],
  "log": "|j|\u2606johnscottriley\n|j|\u2606Morrocan AXL BLAZE\n|t:|1776123650\n|gametype|doubles\n|player|p1|johnscottriley|169|1175\n|player|p2|Morrocan AXL BLAZE|nate|1174\n|gen|9\n|tier|[Gen 9 Champions] VGC 2026 Reg M-A\n|rated|\n|rule|Species Clause: Limit one of each Pok\u00e9mon\n|rule|Item Clause: Limit 1 of each item\n|clearpoke\n|poke|p1|Garchomp, L50, M|\n|poke|p1|Aerodactyl, L50, M|\n|poke|p1|Sneasler, L50, M|\n|poke|p1|Delphox, L50, F|\n|poke|p1|Kingambit, L50, F|\n|poke|p1|Basculegion, L50, M|\n|poke|p2|Tyranitar, L50, M|\n|poke|p2|Excadrill, L50, M|\n|poke|p2|Corviknight, L50, M|\n|poke|p2|Gyarados, L50, M|\n|poke|p2|Rotom-Heat, L50|\n|poke|p2|Sinistcha, L50|\n|teampreview|4\nMorrocan AXL BLAZE has agreed to open team sheets.\n|inactive|Battle timer is ON: inactive players will automatically lose when time's up. (requested by johnscottriley)\n|\n|t:|1776123672\n|teamsize|p1|4\n|teamsize|p2|4\n|start\n|switch|p1a: Aerodactyl|Aerodactyl, L50, M|100/100\n|switch|p1b: Garchomp|Garchomp, L50, M|100/100\n|switch|p2a: Excadrill|Excadrill, L50, M|100/100\n|switch|p2b: Corviknight|Corviknight, L50, M|100/100\n|-ability|p1a: Aerodactyl|Unnerve\n|turn|1\n|inactive|johnscottriley has 30 seconds left.\n|\n|t:|1776123697\n|move|p1a: Aerodactyl|Rock Slide|p2b: Corviknight|[spread] p2a,p2b\n|-resisted|p2a: Excadrill|2\n|-damage|p2a: Excadrill|92/100\n|-damage|p2b: Corviknight|78/100\n|move|p1b: Garchomp|Earthquake|p2b: Corviknight|[spread] p2a\n|-immune|p1a: Aerodactyl\n|-immune|p2b: Corviknight\n|-supereffective|p2a: Excadrill|1\n|-damage|p2a: Excadrill|0 fnt\n|faint|p2a: Excadrill\n|move|p2b: Corviknight|Tailwind|p2b: Corviknight\n|-sidestart|p2: Morrocan AXL BLAZE|move: Tailwind\n|\n|-heal|p2b: Corviknight|84/100|[from] item: Leftovers\n|upkeep\n|\n|t:|1776123703\n|switch|p2a: subhuman|Sinistcha, L50|100/100\n|-heal|p2b: Corviknight|100/100|[from] ability: Hospitality|[of] p2a: subhuman\n|turn|2\n|\n|t:|1776123718\n|move|p1a: Aerodactyl|Tailwind|p1a: Aerodactyl\n|-sidestart|p1: johnscottriley|move: Tailwind\n|move|p1b: Garchomp|Rock Slide|p2a: subhuman|[spread] p2a,p2b\n|-damage|p2a: subhuman|83/100\n|-damage|p2b: Corviknight|83/100\n|move|p2b: Corviknight|Brave Bird|p1b: Garchomp\n|-damage|p1b: Garchomp|51/100\n|-damage|p2b: Corviknight|71/100|[from] ability: Rough Skin|[of] p1b: Garchomp\n|-damage|p2b: Corviknight|54/100|[from] Recoil\n|cant|p2a: subhuman|flinch\n|\n|-heal|p2b: Corviknight|60/100|[from] item: Leftovers\n|upkeep\n|turn|3\n|\n|t:|1776123736\n|move|p1a: Aerodactyl|Rock Slide|p2b: Corviknight|[spread] p2a,p2b\n|-damage|p2a: subhuman|61/100\n|-damage|p2b: Corviknight|35/100\n|move|p1b: Garchomp|Rock Slide|p2b: Corviknight|[spread] p2a,p2b\n|-damage|p2a: subhuman|43/100\n|-damage|p2b: Corviknight|19/100\n|cant|p2b: Corviknight|flinch\n|move|p2a: subhuman|Matcha Gotcha|p1a: Aerodactyl|[spread] p1b\n|-miss|p2a: subhuman|p1a: Aerodactyl\n|-damage|p1b: Garchomp|24/100\n|-heal|p2a: subhuman|59/100|[from] drain|[of] p1b: Garchomp\n|-status|p1b: Garchomp|brn\n|\n|-heal|p2b: Corviknight|25/100|[from] item: Leftovers\n|-damage|p1b: Garchomp|18/100 brn|[from] brn\n|upkeep\n|turn|4\n|\n|t:|1776123756\n|switch|p2a: Tyranitar|Tyranitar, L50, M, shiny|100/100\n|-weather|Sandstorm|[from] ability: Sand Stream|[of] p2a: Tyranitar\n|move|p2b: Corviknight|Protect|p2b: Corviknight\n|-singleturn|p2b: Corviknight|Protect\n|move|p1a: Aerodactyl|Rock Slide|p2b: Corviknight|[spread] p2a\n|-activate|p2b: Corviknight|move: Protect\n|-damage|p2a: Tyranitar|77/100\n|move|p1b: Garchomp|Rock Slide|p2b: Corviknight|[spread] p2a\n|-activate|p2b: Corviknight|move: Protect\n|-damage|p2a: Tyranitar|69/100\n|\n|-weather|Sandstorm|[upkeep]\n|-heal|p2b: Corviknight|31/100|[from] item: Leftovers\n|-damage|p1b: Garchomp|12/100 brn|[from] brn\n|-sideend|p2: Morrocan AXL BLAZE|move: Tailwind\n|upkeep\n|turn|5\n|inactive|johnscottriley has 30 seconds left.\n|inactive|Morrocan AXL BLAZE has 30 seconds left.\n|\n|t:|1776123786\n|switch|p2b: subhuman|Sinistcha, L50|59/100\n|-heal|p2a: Tyranitar|94/100|[from] ability: Hospitality|[of] p2b: subhuman\n|detailschange|p2a: Tyranitar|Tyranitar-Mega, L50, M, shiny\n|-mega|p2a: Tyranitar|Tyranitar|Tyranitarite\n|move|p1a: Aerodactyl|Rock Slide|p2a: Tyranitar|[spread] p2a,p2b\n|-damage|p2a: Tyranitar|77/100\n|-damage|p2b: subhuman|39/100\n|move|p1b: Garchomp|Earthquake|p2b: subhuman|[spread] p2a,p2b\n|-immune|p1a: Aerodactyl\n|-supereffective|p2a: Tyranitar|1\n|-resisted|p2b: subhuman|1\n|-damage|p2a: Tyranitar|50/100\n|-damage|p2b: subhuman|29/100\n|cant|p2a: Tyranitar|flinch\n|\n|-weather|Sandstorm|[upkeep]\n|-damage|p2b: subhuman|23/100|[from] Sandstorm\n|-damage|p1b: Garchomp|6/100 brn|[from] brn\n|-sideend|p1: johnscottriley|move: Tailwind\n|upkeep\n|turn|6\n|-message|Morrocan AXL BLAZE forfeited.\n|\n|win|johnscottriley\n|raw|johnscottriley's rating: 1175 &rarr; <strong>1200</strong><br />(+25 for winning)\n|raw|Morrocan AXL BLAZE's rating: 1174 &rarr; <strong>1149</strong><br />(-25 for losing)\n",
  "uploadtime": 1776123801,
  "views": 13,
  "formatid": "gen9championsvgc2026regma",
  "rating": 1149,
  "private": 0,
  "password": null
}