{
  "id": "gen9championsvgc2026regma-2585867898",
  "format": "[Gen 9 Champions] VGC 2026 Reg M-A",
  "players": [
    "r4gn4r96",
    "AidzPlayz"
  ],
  "log": "|j|\u2606r4gn4r96\n|j|\u2606AidzPlayz\n|t:|1776376878\n|gametype|doubles\n|player|p1|r4gn4r96|101|1102\n|player|p2|AidzPlayz|ghetsis-gen5bw|1186\n|gen|9\n|tier|[Gen 9 Champions] VGC 2026 Reg M-A\n|rated|\n|rule|Species Clause: Limit one of each Pok\u00e9mon\n|rule|Item Clause: Limit 1 of each item\n|clearpoke\n|poke|p1|Pelipper, L50, F|\n|poke|p1|Archaludon, L50, M|\n|poke|p1|Sneasler, L50, F|\n|poke|p1|Palafin, L50, M|\n|poke|p1|Dragonite, L50, M|\n|poke|p1|Sinistcha, L50|\n|poke|p2|Aerodactyl, L50, M|\n|poke|p2|Incineroar, L50, M|\n|poke|p2|Floette-Eternal, L50, F|\n|poke|p2|Basculegion, L50, M|\n|poke|p2|Garchomp, L50, F|\n|poke|p2|Sneasler, L50, F|\n|teampreview|4\n|inactive|Battle timer is ON: inactive players will automatically lose when time's up. (requested by AidzPlayz)\n|\n|t:|1776376926\n|teamsize|p1|4\n|teamsize|p2|4\n|start\n|switch|p1a: Dragonite|Dragonite, L50, M|100/100\n|switch|p1b: Sneasler|Sneasler, L50, F|100/100\n|switch|p2a: Aerodactyl|Aerodactyl, L50, M|100/100\n|switch|p2b: Floette|Floette-Eternal, L50, F|100/100\n|-ability|p2a: Aerodactyl|Unnerve\n|turn|1\n|inactive|r4gn4r96 has 30 seconds left.\n|inactive|AidzPlayz has 30 seconds left.\n|\n|t:|1776376955\n|switch|p1a: Archaludon|Archaludon, L50, M|100/100\n|detailschange|p2b: Floette|Floette-Mega, L50, F\n|-mega|p2b: Floette|Floette|Floettite\n|-ability|p2b: Floette|Fairy Aura\n|move|p2b: Floette|Protect|p2b: Floette\n|-singleturn|p2b: Floette|Protect\n|move|p2a: Aerodactyl|Dual Wingbeat|p1b: Sneasler\n|-supereffective|p1b: Sneasler|1\n|-damage|p1b: Sneasler|35/100\n|-supereffective|p1b: Sneasler|1\n|-damage|p1b: Sneasler|0 fnt\n|faint|p1b: Sneasler\n|-hitcount|p1: Sneasler|2\n|\n|upkeep\n|\n|t:|1776376972\n|switch|p1b: Pelipper|Pelipper, L50, F|100/100\n|-weather|RainDance|[from] ability: Drizzle|[of] p1b: Pelipper\n|turn|2\n|\n|t:|1776376996\n|move|p1b: Pelipper|Wide Guard|p1b: Pelipper\n|-singleturn|p1b: Pelipper|Wide Guard\n|move|p2a: Aerodactyl|Tailwind|p2a: Aerodactyl\n|-sidestart|p2: AidzPlayz|move: Tailwind\n|move|p2b: Floette|Light of Ruin|p1a: Archaludon\n|-damage|p1a: Archaludon|0 fnt\n|faint|p1a: Archaludon\n|-damage|p2b: Floette|35/100|[from] Recoil\n|\n|-weather|RainDance|[upkeep]\n|upkeep\n|\n|t:|1776377008\n|switch|p1a: Dragonite|Dragonite, L50, M|100/100\n|turn|3\n|\n|t:|1776377017\n|detailschange|p1a: Dragonite|Dragonite-Mega, L50, M\n|-mega|p1a: Dragonite|Dragonite|Dragoninite\n|move|p1a: Dragonite|Protect|p1a: Dragonite\n|-singleturn|p1a: Dragonite|Protect\n|move|p2a: Aerodactyl|Rock Slide|p1b: Pelipper|[spread] p1b\n|-activate|p1a: Dragonite|move: Protect\n|-supereffective|p1b: Pelipper|1\n|-damage|p1b: Pelipper|45/100\n|move|p2b: Floette|Moonblast|p1a: Dragonite\n|-activate|p1a: Dragonite|move: Protect\n|move|p1b: Pelipper|Weather Ball|p2b: Floette\n|-damage|p2b: Floette|0 fnt\n|faint|p2b: Floette\n|\n|-weather|RainDance|[upkeep]\n|upkeep\n|\n|t:|1776377033\n|switch|p2b: Incineroar|Incineroar, L50, M|100/100\n|-ability|p2b: Incineroar|Intimidate|boost\n|-unboost|p1a: Dragonite|atk|1\n|-unboost|p1b: Pelipper|atk|1\n|turn|4\n|\n|t:|1776377052\n|move|p2b: Incineroar|Fake Out|p1a: Dragonite\n|-damage|p1a: Dragonite|96/100\n|move|p1b: Pelipper|Wide Guard|p1b: Pelipper\n|-singleturn|p1b: Pelipper|Wide Guard\n|move|p2a: Aerodactyl|Dual Wingbeat|p1b: Pelipper\n|-damage|p1b: Pelipper|25/100\n|-damage|p1b: Pelipper|5/100\n|-hitcount|p1b: Pelipper|2\n|cant|p1a: Dragonite|flinch\n|\n|-weather|RainDance|[upkeep]\n|upkeep\n|turn|5\n|\n|t:|1776377073\n|move|p1b: Pelipper|Protect||[still]\n|-fail|p1b: Pelipper\n|move|p2a: Aerodactyl|Rock Slide|p1b: Pelipper|[spread] p1a,p1b\n|-supereffective|p1a: Dragonite|1\n|-supereffective|p1b: Pelipper|1\n|-damage|p1a: Dragonite|45/100\n|-damage|p1b: Pelipper|0 fnt\n|faint|p1b: Pelipper\n|move|p1a: Dragonite|Tailwind|p1a: Dragonite\n|-sidestart|p1: r4gn4r96|move: Tailwind\n|move|p2b: Incineroar|Parting Shot|p1a: Dragonite\n|-unboost|p1a: Dragonite|atk|1\n|-unboost|p1a: Dragonite|spa|1\n|\n|t:|1776377085\n|switch|p2b: Sneasler|Sneasler, L50, F|100/100|[from] Parting Shot\n|\n|-weather|RainDance|[upkeep]\n|-sideend|p2: AidzPlayz|move: Tailwind\n|upkeep\n|turn|6\n|\n|t:|1776377100\n|move|p2b: Sneasler|Protect|p2b: Sneasler\n|-singleturn|p2b: Sneasler|Protect\n|move|p1a: Dragonite|Hurricane|p2b: Sneasler\n|-activate|p2b: Sneasler|move: Protect\n|move|p2a: Aerodactyl|Tailwind|p2a: Aerodactyl\n|-sidestart|p2: AidzPlayz|move: Tailwind\n|\n|-weather|none\n|upkeep\n|turn|7\n|-message|r4gn4r96 forfeited.\n|\n|win|AidzPlayz\n|raw|r4gn4r96's rating: 1102 &rarr; <strong>1083</strong><br />(-19 for losing)\n|raw|AidzPlayz's rating: 1186 &rarr; <strong>1205</strong><br />(+19 for winning)\n",
  "uploadtime": 1776377105,
  "views": 15,
  "formatid": "gen9championsvgc2026regma",
  "rating": 1083,
  "private": 0,
  "password": null
}