{
  "id": "gen9championsvgc2026regma-2589557775",
  "format": "[Gen 9 Champions] VGC 2026 Reg M-A",
  "players": [
    "duvay",
    "rybib234"
  ],
  "log": "|j|\u2606duvay\n|j|\u2606rybib234\n|t:|1776733957\n|gametype|doubles\n|player|p1|duvay|102|1138\n|player|p2|rybib234|1|1110\n|gen|9\n|tier|[Gen 9 Champions] VGC 2026 Reg M-A\n|rated|\n|rule|Species Clause: Limit one of each Pok\u00e9mon\n|rule|Item Clause: Limit 1 of each item\n|clearpoke\n|poke|p1|Tyrantrum, L50, F|\n|poke|p1|Talonflame, L50, M|\n|poke|p1|Sinistcha, L50|\n|poke|p1|Milotic, L50, F|\n|poke|p1|Gardevoir, L50, F|\n|poke|p1|Sneasler, L50, M|\n|poke|p2|Aerodactyl, L50, M|\n|poke|p2|Tyranitar, L50, F|\n|poke|p2|Garchomp, L50, F|\n|poke|p2|Ninetales-Alola, L50, F|\n|poke|p2|Excadrill, L50, F|\n|poke|p2|Sinistcha, L50|\n|teampreview|4\n|inactive|Battle timer is ON: inactive players will automatically lose when time's up. (requested by duvay)\nduvay rejected open team sheets.\n|inactive|duvay has 60 seconds left.\n|\n|t:|1776733997\n|teamsize|p1|4\n|teamsize|p2|4\n|start\n|switch|p1a: Tyrantrum|Tyrantrum, L50, F|100/100\n|switch|p1b: Talonflame|Talonflame, L50, M|100/100\n|switch|p2a: Aerodactyl|Aerodactyl, L50, M|100/100\n|switch|p2b: Tyranitar|Tyranitar, L50, F|100/100\n|-weather|Sandstorm|[from] ability: Sand Stream|[of] p2b: Tyranitar\n|turn|1\n|inactive|rybib234 has 30 seconds left.\n|inactive|rybib234 has 20 seconds left.\n|inactive|rybib234 has 15 seconds left.\n|\n|t:|1776734042\n|move|p1b: Talonflame|Tailwind|p1b: Talonflame\n|-sidestart|p1: duvay|move: Tailwind\n|move|p2a: Aerodactyl|Rock Slide|p1a: Tyrantrum|[spread] p1a,p1b\n|-supereffective|p1b: Talonflame|2\n|-damage|p1a: Tyrantrum|79/100\n|-damage|p1b: Talonflame|0 fnt\n|faint|p1b: Talonflame\n|move|p1a: Tyrantrum|Head Smash|p2a: Aerodactyl\n|-supereffective|p2a: Aerodactyl|1\n|-damage|p2a: Aerodactyl|0 fnt\n|faint|p2a: Aerodactyl\n|move|p2b: Tyranitar|Body Press|p1a: Tyrantrum\n|-supereffective|p1a: Tyrantrum|1\n|-damage|p1a: Tyrantrum|48/100\n|\n|-weather|Sandstorm|[upkeep]\n|upkeep\n|\n|t:|1776734058\n|switch|p2a: Excadrill|Excadrill, L50, F|100/100\n|switch|p1b: Milotic|Milotic, L50, F|100/100\n|turn|2\n|\n|t:|1776734073\n|switch|p2b: Sinistcha|Sinistcha, L50|100/100\n|move|p1a: Tyrantrum|Protect|p1a: Tyrantrum\n|-singleturn|p1a: Tyrantrum|Protect\n|move|p2a: Excadrill|High Horsepower|p1a: Tyrantrum\n|-activate|p1a: Tyrantrum|move: Protect\n|move|p1b: Milotic|Icy Wind|p2b: Sinistcha|[spread] p2a,p2b\n|-supereffective|p2b: Sinistcha|1\n|-damage|p2a: Excadrill|86/100\n|-damage|p2b: Sinistcha|72/100\n|-unboost|p2a: Excadrill|spe|1\n|-unboost|p2b: Sinistcha|spe|1\n|\n|-weather|Sandstorm|[upkeep]\n|-damage|p1b: Milotic|95/100|[from] Sandstorm\n|-damage|p2b: Sinistcha|66/100|[from] Sandstorm\n|-heal|p1b: Milotic|100/100|[from] item: Leftovers\n|upkeep\n|turn|3\n|inactive|duvay has 30 seconds left.\n|inactive|duvay has 20 seconds left.\n|\n|t:|1776734111\n|move|p1b: Milotic|Icy Wind|p2a: Excadrill|[spread] p2a,p2b\n|-supereffective|p2b: Sinistcha|1\n|-damage|p2a: Excadrill|70/100\n|-damage|p2b: Sinistcha|34/100\n|-unboost|p2a: Excadrill|spe|1\n|-unboost|p2b: Sinistcha|spe|1\n|move|p1a: Tyrantrum|Scale Shot|p2b: Sinistcha\n|-damage|p2b: Sinistcha|17/100\n|-damage|p2b: Sinistcha|0 fnt\n|faint|p2b: Sinistcha\n|-hitcount|p2: Sinistcha|2\n|-unboost|p1a: Tyrantrum|def|1\n|-boost|p1a: Tyrantrum|spe|1\n|move|p2a: Excadrill|High Horsepower|p1a: Tyrantrum\n|-supereffective|p1a: Tyrantrum|1\n|-damage|p1a: Tyrantrum|0 fnt\n|faint|p1a: Tyrantrum\n|\n|-weather|Sandstorm|[upkeep]\n|-damage|p1b: Milotic|95/100|[from] Sandstorm\n|-heal|p1b: Milotic|100/100|[from] item: Leftovers\n|upkeep\n|\n|t:|1776734124\n|switch|p1a: Sneasler|Sneasler, L50, M|100/100\n|switch|p2b: Tyranitar|Tyranitar, L50, F|100/100\n|turn|4\n|inactive|duvay has 30 seconds left.\n|\n|t:|1776734154\n|move|p2a: Excadrill|Protect|p2a: Excadrill\n|-singleturn|p2a: Excadrill|Protect\n|move|p2b: Tyranitar|Protect|p2b: Tyranitar\n|-singleturn|p2b: Tyranitar|Protect\n|move|p1a: Sneasler|Fake Out|p2b: Tyranitar\n|-activate|p2b: Tyranitar|move: Protect\n|move|p1b: Milotic|Muddy Water|p2a: Excadrill|[spread] \n|-activate|p2a: Excadrill|move: Protect\n|-activate|p2b: Tyranitar|move: Protect\n|\n|-weather|Sandstorm|[upkeep]\n|-damage|p1a: Sneasler|95/100|[from] Sandstorm\n|-damage|p1b: Milotic|95/100|[from] Sandstorm\n|-heal|p1b: Milotic|100/100|[from] item: Leftovers\n|-sideend|p1: duvay|move: Tailwind\n|upkeep\n|turn|5\n|inactive|rybib234 has 30 seconds left.\n|inactive|duvay has 30 seconds left.\n|\n|t:|1776734191\n|detailschange|p2b: Tyranitar|Tyranitar-Mega, L50, F\n|-mega|p2b: Tyranitar|Tyranitar|Tyranitarite\n|move|p1a: Sneasler|Protect|p1a: Sneasler\n|-singleturn|p1a: Sneasler|Protect\n|move|p2a: Excadrill|High Horsepower|p1a: Sneasler\n|-activate|p1a: Sneasler|move: Protect\n|move|p1b: Milotic|Coil|p1b: Milotic\n|-boost|p1b: Milotic|atk|1\n|-boost|p1b: Milotic|def|1\n|-boost|p1b: Milotic|accuracy|1\n|move|p2b: Tyranitar|Knock Off|p1b: Milotic\n|-damage|p1b: Milotic|56/100\n|-enditem|p1b: Milotic|Leftovers|[from] move: Knock Off|[of] p2b: Tyranitar\n|\n|-weather|none\n|upkeep\n|turn|6\n|\n|t:|1776734215\n|move|p1a: Sneasler|Close Combat|p2a: Excadrill\n|-supereffective|p2a: Excadrill|1\n|-damage|p2a: Excadrill|0 fnt\n|-unboost|p1a: Sneasler|def|1\n|-unboost|p1a: Sneasler|spd|1\n|faint|p2a: Excadrill\n|move|p1b: Milotic|Muddy Water|p2b: Tyranitar\n|-supereffective|p2b: Tyranitar|1\n|-damage|p2b: Tyranitar|39/100\n|move|p2b: Tyranitar|Rock Slide|p1b: Milotic|[spread] p1a,p1b\n|-resisted|p1a: Sneasler|1\n|-damage|p1a: Sneasler|43/100\n|-damage|p1b: Milotic|26/100\n|\n|upkeep\n|turn|7\n|\n|t:|1776734226\n|move|p1a: Sneasler|Close Combat|p2b: Tyranitar\n|-supereffective|p2b: Tyranitar|2\n|-damage|p2b: Tyranitar|0 fnt\n|-unboost|p1a: Sneasler|def|1\n|-unboost|p1a: Sneasler|spd|1\n|faint|p2b: Tyranitar\n|\n|win|duvay\n|raw|duvay's rating: 1138 &rarr; <strong>1161</strong><br />(+23 for winning)\n|raw|rybib234's rating: 1110 &rarr; <strong>1087</strong><br />(-23 for losing)\n|l|\u2606rybib234\n|player|p2|\n",
  "uploadtime": 1776734234,
  "views": 4,
  "formatid": "gen9championsvgc2026regma",
  "rating": 1087,
  "private": 0,
  "password": null
}