{
  "id": "gen9championsvgc2026regma-2581923225",
  "format": "[Gen 9 Champions] VGC 2026 Reg M-A",
  "players": [
    "chromate",
    "skymin<3"
  ],
  "log": "|j|\u2606chromate\n|j|\u2606skymin<3\n|html|<table width=\"100%\"><tr><td align=\"left\">chromate</td><td align=\"right\">skymin&lt;3</tr><tr><td align=\"left\"><i class=\"fa fa-circle\"></i> <i class=\"fa fa-circle-o\"></i> </td><td align=\"right\"><i class=\"fa fa-circle-o\"></i> <i class=\"fa fa-circle-o\"></i> </tr></table>\n|uhtml|bestof|<h2><strong>Game 2</strong> of <a href=\"/game-bestof3-gen9championsvgc2026regma-2581918626\">a best-of-3</a></h2>\n|t:|1776040100\n|gametype|doubles\n|player|p1|chromate|miku-ghost|\n|player|p2|skymin<3|#skymin3|\n|gen|9\n|tier|[Gen 9 Champions] VGC 2026 Reg M-A\n|rated|Tournament battle\n|rule|Species Clause: Limit one of each Pok\u00e9mon\n|rule|Item Clause: Limit 1 of each item\n|raw|<div class=\"infobox\"><details class=\"readmore\" open><summary><strong>2 custom rules:</strong></summary> Force Open Team Sheets, Best of = 3</details></div>\n|clearpoke\n|poke|p1|Charizard, L50, F|\n|poke|p1|Whimsicott, L50, F|\n|poke|p1|Garchomp, L50, F|\n|poke|p1|Sneasler, L50, M|\n|poke|p1|Maushold, L50|\n|poke|p1|Incineroar, L50, M|\n|poke|p2|Garchomp, L50, M|\n|poke|p2|Delphox, L50, M|\n|poke|p2|Rotom-Wash, L50|\n|poke|p2|Sneasler, L50, F|\n|poke|p2|Aerodactyl, L50, F|\n|poke|p2|Kingambit, L50, F|\n|teampreview|4\n|showteam|p1|Charizard||CharizarditeY|Blaze|HeatWave,SolarBeam,WeatherBall,Protect|||F|||50|]Whimsicott||FocusSash|Prankster|Moonblast,Tailwind,Encore,SunnyDay|||F|||50|]Garchomp||ChoiceScarf|RoughSkin|Earthquake,DragonClaw,RockSlide,StompingTantrum|||F|||50|]Sneasler||WhiteHerb|Unburden|GunkShot,CloseCombat,RockTomb,Protect|||M|||50|]Maushold||ChopleBerry|FriendGuard|SuperFang,FollowMe,HelpingHand,Protect||||||50|]Incineroar||SitrusBerry|Intimidate|FlareBlitz,ThroatChop,FakeOut,PartingShot|||M|||50|\n|showteam|p2|Garchomp||SoftSand|RoughSkin|Earthquake,DragonClaw,RockSlide,Protect|||M|||50|]Delphox||Delphoxite|Blaze|Encore,HeatWave,Psychic,Protect|||M|||50|]Rotom-Wash||ChoiceScarf|Levitate|HydroPump,Thunderbolt,WillOWisp,Electroweb||||||50|]Sneasler||WhiteHerb|Unburden|CloseCombat,DireClaw,FakeOut,Protect|||F|||50|]Aerodactyl||FocusSash|Unnerve|DualWingbeat,RockSlide,Tailwind,Protect|||F|||50|]Kingambit||BlackGlasses|Defiant|IronHead,Protect,SuckerPunch,KowtowCleave|||F|||50|\n|j| SeulClef\n|j| MaybeIllusion\n|j| ssuausasj\n|j| Rainpelt103\n|j| aurora ltd\n|l| aurora ltd\n|\n|t:|1776040173\n|teamsize|p1|4\n|teamsize|p2|4\n|start\n|switch|p1a: Garchomp|Garchomp, L50, F|100/100\n|switch|p1b: Whimsicott|Whimsicott, L50, F|100/100\n|switch|p2a: Eclipsa|Delphox, L50, M, shiny|100/100\n|switch|p2b: Diablos|Garchomp, L50, M, shiny|100/100\n|turn|1\n|\n|t:|1776040201\n|detailschange|p2a: Eclipsa|Delphox-Mega, L50, M, shiny\n|-mega|p2a: Eclipsa|Delphox|Delphoxite\n|move|p2b: Diablos|Protect|p2b: Diablos\n|-singleturn|p2b: Diablos|Protect\n|move|p1a: Garchomp|Rock Slide|p2b: Diablos|[spread] p2a\n|-activate|p2b: Diablos|move: Protect\n|-supereffective|p2a: Eclipsa|1\n|-damage|p2a: Eclipsa|36/100\n|move|p2a: Eclipsa|Psychic|p1a: Garchomp\n|-damage|p1a: Garchomp|40/100\n|move|p1b: Whimsicott|Moonblast|p2b: Diablos\n|-activate|p2b: Diablos|move: Protect\n|\n|upkeep\n|turn|2\n|j| snively3\n|\n|t:|1776040224\n|move|p1a: Garchomp|Rock Slide|p2b: Diablos|[spread] p2a,p2b\n|-supereffective|p2a: Eclipsa|1\n|-resisted|p2b: Diablos|1\n|-damage|p2a: Eclipsa|0 fnt\n|-damage|p2b: Diablos|90/100\n|faint|p2a: Eclipsa\n|move|p1b: Whimsicott|Moonblast|p2b: Diablos\n|-supereffective|p2b: Diablos|1\n|-damage|p2b: Diablos|17/100\n|move|p2b: Diablos|Dragon Claw|p1a: Garchomp\n|-supereffective|p1a: Garchomp|1\n|-damage|p1a: Garchomp|0 fnt\n|-damage|p2b: Diablos|5/100|[from] ability: Rough Skin|[of] p1a: Garchomp\n|faint|p1a: Garchomp\n|\n|upkeep\n|\n|t:|1776040237\n|switch|p2a: Consul D|Sneasler, L50, F, shiny|100/100\n|switch|p1a: Sneasler|Sneasler, L50, M|100/100\n|turn|3\n|\n|t:|1776040248\n|move|p1a: Sneasler|Protect|p1a: Sneasler\n|-singleturn|p1a: Sneasler|Protect\n|move|p1b: Whimsicott|Tailwind|p1b: Whimsicott\n|-sidestart|p1: chromate|move: Tailwind\n|move|p2a: Consul D|Dire Claw|p1b: Whimsicott\n|-supereffective|p1b: Whimsicott|2\n|-enditem|p1b: Whimsicott|Focus Sash\n|-damage|p1b: Whimsicott|1/100\n|move|p2b: Diablos|Dragon Claw|p1a: Sneasler\n|-activate|p1a: Sneasler|move: Protect\n|\n|upkeep\n|turn|4\n|l| SeulClef\n|\n|t:|1776040315\n|move|p2a: Consul D|Protect|p2a: Consul D\n|-singleturn|p2a: Consul D|Protect\n|move|p2b: Diablos|Protect|p2b: Diablos\n|-singleturn|p2b: Diablos|Protect\n|move|p1b: Whimsicott|Moonblast|p2b: Diablos\n|-activate|p2b: Diablos|move: Protect\n|move|p1a: Sneasler|Close Combat|p2a: Consul D\n|-activate|p2a: Consul D|move: Protect\n|\n|upkeep\n|turn|5\n|j| ugcl\n|\n|t:|1776040331\n|switch|p2a: Neon|Rotom-Wash, L50, shiny|100/100\n|move|p1b: Whimsicott|Moonblast|p2b: Diablos\n|-supereffective|p2b: Diablos|1\n|-damage|p2b: Diablos|0 fnt\n|faint|p2b: Diablos\n|move|p1a: Sneasler|Close Combat|p2a: Neon\n|-damage|p2a: Neon|7/100\n|-unboost|p1a: Sneasler|def|1\n|-unboost|p1a: Sneasler|spd|1\n|-enditem|p1a: Sneasler|White Herb\n|-clearnegativeboost|p1a: Sneasler|[silent]\n|\n|upkeep\n|\n|t:|1776040337\n|switch|p2b: Consul D|Sneasler, L50, F, shiny|100/100\n|turn|6\n|c|\u2606skymin<3|dang no encore\n|\n|t:|1776040364\n|move|p1a: Sneasler|Protect|p1a: Sneasler\n|-singleturn|p1a: Sneasler|Protect\n|move|p2b: Consul D|Fake Out|p1b: Whimsicott\n|-damage|p1b: Whimsicott|0 fnt\n|faint|p1b: Whimsicott\n|move|p2a: Neon|Electroweb|p1a: Sneasler\n|-activate|p1a: Sneasler|move: Protect\n|\n|-sideend|p1: chromate|move: Tailwind\n|upkeep\n|\n|t:|1776040368\n|switch|p1b: Charizard|Charizard, L50, F|100/100\n|turn|7\n|\n|t:|1776040378\n|detailschange|p1b: Charizard|Charizard-Mega-Y, L50, F\n|-mega|p1b: Charizard|Charizard|Charizardite Y\n|-weather|SunnyDay|[from] ability: Drought|[of] p1b: Charizard\n|move|p1a: Sneasler|Close Combat|p2a: Neon\n|-damage|p2a: Neon|0 fnt\n|-unboost|p1a: Sneasler|def|1\n|-unboost|p1a: Sneasler|spd|1\n|faint|p2a: Neon\n|move|p2b: Consul D|Dire Claw|p1b: Charizard\n|-damage|p1b: Charizard|45/100\n|-status|p1b: Charizard|psn\n|move|p1b: Charizard|Weather Ball|p2b: Consul D\n|-damage|p2b: Consul D|0 fnt\n|faint|p2b: Consul D\n|\n|win|chromate\n|c|\u2606skymin<3|ggs\n|l| snively3\n|l| MaybeIllusion\n|l|\u2606skymin<3\n|player|p2|\n|l| Rainpelt103\n|l| ssuausasj\n|c|\u2606chromate|ggs\n|l| ugcl\n|j|\u2606skymin<3\n|player|p2|skymin<3|#skymin3|\n|l|\u2606skymin<3\n|player|p2|\n|j| aurora ltd\n",
  "uploadtime": 1776040535,
  "views": 9,
  "formatid": "gen9championsvgc2026regma",
  "rating": null,
  "private": 0,
  "password": null
}