{
  "id": "gen9championsvgc2026regma-2581978739",
  "format": "[Gen 9 Champions] VGC 2026 Reg M-A",
  "players": [
    "Theredapple",
    "delybird"
  ],
  "log": "|j|\u2606Theredapple\n|j|\u2606delybird\n|t:|1776045108\n|gametype|doubles\n|player|p1|Theredapple|2|1214\n|player|p2|delybird|blue-masters|1128\n|gen|9\n|tier|[Gen 9 Champions] VGC 2026 Reg M-A\n|rated|\n|rule|Species Clause: Limit one of each Pok\u00e9mon\n|rule|Item Clause: Limit 1 of each item\n|clearpoke\n|poke|p1|Archaludon, L50, M|\n|poke|p1|Pelipper, L50, F|\n|poke|p1|Basculegion, L50, M|\n|poke|p1|Manectric, L50, M|\n|poke|p1|Beartic, L50, M|\n|poke|p1|Venusaur, L50, M|\n|poke|p2|Floette-Eternal, L50, F|\n|poke|p2|Incineroar, L50, F|\n|poke|p2|Sinistcha, L50|\n|poke|p2|Klefki, L50, F|\n|poke|p2|Milotic, L50, M|\n|teampreview|4\n|inactive|Battle timer is ON: inactive players will automatically lose when time's up. (requested by Theredapple)\n|\n|t:|1776045141\n|teamsize|p1|4\n|teamsize|p2|4\n|start\n|switch|p1a: Archaludon|Archaludon, L50, M|100/100\n|switch|p1b: Manectric|Manectric, L50, M|100/100\n|switch|p2a: Incineroar|Incineroar, L50, F|100/100\n|switch|p2b: Floette|Floette-Eternal, L50, F|100/100\n|-ability|p2a: Incineroar|Intimidate|boost\n|-unboost|p1a: Archaludon|atk|1\n|-unboost|p1b: Manectric|atk|1\n|turn|1\n|\n|t:|1776045160\n|detailschange|p1b: Manectric|Manectric-Mega, L50, M\n|-mega|p1b: Manectric|Manectric|Manectite\n|-ability|p1b: Manectric|Intimidate|boost\n|-unboost|p2a: Incineroar|atk|1\n|-unboost|p2b: Floette|atk|1\n|detailschange|p2b: Floette|Floette-Mega, L50, F\n|-mega|p2b: Floette|Floette|Floettite\n|-ability|p2b: Floette|Fairy Aura\n|move|p2a: Incineroar|Fake Out|p1b: Manectric\n|-damage|p1b: Manectric|89/100\n|cant|p1b: Manectric|flinch\n|move|p2b: Floette|Calm Mind|p2b: Floette\n|-boost|p2b: Floette|spa|1\n|-boost|p2b: Floette|spd|1\n|move|p1a: Archaludon|Flash Cannon|p2b: Floette\n|-supereffective|p2b: Floette|1\n|-damage|p2b: Floette|51/100\n|-unboost|p2b: Floette|spd|1\n|\n|upkeep\n|turn|2\n|inactive|Theredapple has 30 seconds left.\n|inactive|Theredapple has 20 seconds left.\n|inactive|Theredapple has 15 seconds left.\n|inactive|Theredapple has 10 seconds left.\n|\n|t:|1776045209\n|move|p2b: Floette|Protect|p2b: Floette\n|-singleturn|p2b: Floette|Protect\n|move|p1b: Manectric|Thunder Wave|p2b: Floette\n|-activate|p2b: Floette|move: Protect\n|move|p1a: Archaludon|Flash Cannon|p2b: Floette\n|-activate|p2b: Floette|move: Protect\n|move|p2a: Incineroar|Parting Shot|p1a: Archaludon\n|-unboost|p1a: Archaludon|atk|1\n|-unboost|p1a: Archaludon|spa|1\n|\n|t:|1776045217\n|switch|p2a: Sinistcha|Sinistcha, L50|100/100|[from] Parting Shot\n|-heal|p2b: Floette|76/100|[from] ability: Hospitality|[of] p2a: Sinistcha\n|\n|upkeep\n|turn|3\n|\n|t:|1776045239\n|move|p1a: Archaludon|Protect|p1a: Archaludon\n|-singleturn|p1a: Archaludon|Protect\n|move|p2a: Sinistcha|Rage Powder|p2a: Sinistcha\n|-singleturn|p2a: Sinistcha|move: Rage Powder\n|move|p1b: Manectric|Snarl|p2b: Floette|[spread] p2a,p2b\n|-supereffective|p2a: Sinistcha|1\n|-resisted|p2b: Floette|1\n|-damage|p2a: Sinistcha|70/100\n|-damage|p2b: Floette|70/100\n|-unboost|p2a: Sinistcha|spa|1\n|-unboost|p2b: Floette|spa|1\n|move|p2b: Floette|Calm Mind|p2b: Floette\n|-boost|p2b: Floette|spa|1\n|-boost|p2b: Floette|spd|1\n|\n|upkeep\n|turn|4\n|\n|t:|1776045258\n|switch|p2a: Klefki|Klefki, L50, F|100/100\n|move|p1b: Manectric|Snarl|p2a: Klefki|[spread] p2a,p2b\n|-resisted|p2a: Klefki|1\n|-resisted|p2b: Floette|1\n|-damage|p2a: Klefki|94/100\n|-damage|p2b: Floette|66/100\n|-unboost|p2a: Klefki|spa|1\n|-unboost|p2b: Floette|spa|1\n|move|p2b: Floette|Moonblast|p1a: Archaludon\n|-ability|p1a: Archaludon|Sturdy\n|-damage|p1a: Archaludon|1/100\n|move|p1a: Archaludon|Flash Cannon|p2b: Floette\n|-supereffective|p2b: Floette|1\n|-damage|p2b: Floette|33/100\n|\n|-heal|p1a: Archaludon|7/100|[from] item: Leftovers\n|upkeep\n|turn|5\n|inactive|Theredapple has 30 seconds left.\n|\n|t:|1776045289\n|move|p1a: Archaludon|Protect|p1a: Archaludon\n|-singleturn|p1a: Archaludon|Protect\n|move|p2a: Klefki|Light Screen|p2a: Klefki\n|-sidestart|p2: delybird|move: Light Screen\n|move|p1b: Manectric|Snarl|p2b: Floette|[spread] p2a,p2b\n|-resisted|p2a: Klefki|1\n|-resisted|p2b: Floette|1\n|-damage|p2a: Klefki|90/100\n|-damage|p2b: Floette|30/100\n|-unboost|p2a: Klefki|spa|1\n|-unboost|p2b: Floette|spa|1\n|move|p2b: Floette|Dazzling Gleam|p1a: Archaludon|[spread] p1b\n|-activate|p1a: Archaludon|move: Protect\n|-damage|p1b: Manectric|44/100\n|\n|-heal|p1a: Archaludon|13/100|[from] item: Leftovers\n|upkeep\n|turn|6\n|\n|t:|1776045305\n|switch|p2a: Sinistcha|Sinistcha, L50|70/100\n|-heal|p2b: Floette|55/100|[from] ability: Hospitality|[of] p2a: Sinistcha\n|move|p1b: Manectric|Thunder Wave|p2b: Floette\n|-status|p2b: Floette|par\n|move|p1a: Archaludon|Flash Cannon|p2b: Floette\n|-supereffective|p2b: Floette|1\n|-damage|p2b: Floette|34/100 par\n|move|p2b: Floette|Dazzling Gleam|p1b: Manectric|[spread] p1a,p1b\n|-damage|p1a: Archaludon|0 fnt\n|-damage|p1b: Manectric|0 fnt\n|faint|p1a: Archaludon\n|faint|p1b: Manectric\n|\n|upkeep\n|\n|t:|1776045317\n|switch|p1b: Basculegion|Basculegion, L50, M|100/100\n|switch|p1a: Pelipper|Pelipper, L50, F|100/100\n|-weather|RainDance|[from] ability: Drizzle|[of] p1a: Pelipper\n|turn|7\n|\n|t:|1776045331\n|switch|p2a: Incineroar|Incineroar, L50, F|100/100\n|-ability|p2a: Incineroar|Intimidate|boost\n|-unboost|p1a: Pelipper|atk|1\n|-unboost|p1b: Basculegion|atk|1\n|cant|p2b: Floette|par\n|move|p1b: Basculegion|Wave Crash|p2b: Floette\n|-crit|p2b: Floette\n|-damage|p2b: Floette|0 fnt\n|faint|p2b: Floette\n|-damage|p1b: Basculegion|92/100|[from] Recoil\n|move|p1a: Pelipper|Hurricane|p2a: Incineroar\n|-damage|p2a: Incineroar|74/100\n|\n|-weather|RainDance|[upkeep]\n|upkeep\n|\n|t:|1776045339\n|switch|p2b: Sinistcha|Sinistcha, L50|70/100\n|-heal|p2a: Incineroar|99/100|[from] ability: Hospitality|[of] p2b: Sinistcha\n|turn|8\n|\n|t:|1776045347\n|move|p2a: Incineroar|Fake Out|p1a: Pelipper\n|-damage|p1a: Pelipper|86/100\n|move|p1b: Basculegion|Wave Crash|p2a: Incineroar\n|-supereffective|p2a: Incineroar|1\n|-damage|p2a: Incineroar|0 fnt\n|faint|p2a: Incineroar\n|-damage|p1b: Basculegion|58/100|[from] Recoil\n|cant|p1a: Pelipper|flinch\n|move|p2b: Sinistcha|Matcha Gotcha|p1a: Pelipper|[spread] p1a,p1b\n|-crit|p1a: Pelipper\n|-supereffective|p1b: Basculegion|1\n|-crit|p1b: Basculegion\n|-damage|p1a: Pelipper|17/100\n|-heal|p2b: Sinistcha|97/100|[from] drain|[of] p1a: Pelipper\n|-damage|p1b: Basculegion|0 fnt\n|-heal|p2b: Sinistcha|100/100|[from] drain|[of] p1b: Basculegion\n|faint|p1b: Basculegion\n|\n|-weather|RainDance|[upkeep]\n|upkeep\n|\n|t:|1776045364\n|switch|p2a: Klefki|Klefki, L50, F|90/100\n|turn|9\n|\n|t:|1776045368\n|move|p2a: Klefki|Thunder Wave|p1a: Pelipper\n|-status|p1a: Pelipper|par\n|move|p2b: Sinistcha|Shadow Ball|p1a: Pelipper\n|-damage|p1a: Pelipper|0 fnt\n|faint|p1a: Pelipper\n|\n|win|delybird\n|raw|Theredapple's rating: 1214 &rarr; <strong>1183</strong><br />(-31 for losing)\n|raw|delybird's rating: 1128 &rarr; <strong>1159</strong><br />(+31 for winning)\n|l|\u2606Theredapple\n|player|p1|\n",
  "uploadtime": 1776045375,
  "views": 20,
  "formatid": "gen9championsvgc2026regma",
  "rating": 1159,
  "private": 0,
  "password": null
}