{
  "id": "gen9championsvgc2026regma-2589490585",
  "format": "[Gen 9 Champions] VGC 2026 Reg M-A",
  "players": [
    "Saucem",
    "Highschord"
  ],
  "log": "|j|\u2606Saucem\n|j|\u2606Highschord\n|t:|1776727718\n|gametype|doubles\n|player|p1|Saucem|elesa|1229\n|player|p2|Highschord|102|1175\n|gen|9\n|tier|[Gen 9 Champions] VGC 2026 Reg M-A\n|rated|\n|rule|Species Clause: Limit one of each Pok\u00e9mon\n|rule|Item Clause: Limit 1 of each item\n|clearpoke\n|poke|p1|Charizard, L50, F|\n|poke|p1|Incineroar, L50, F|\n|poke|p1|Garchomp, L50, M|\n|poke|p1|Whimsicott, L50, M|\n|poke|p1|Venusaur, L50, F|\n|poke|p1|Sneasler, L50, M|\n|poke|p2|Dragapult, L50, F|\n|poke|p2|Maushold, L50|\n|poke|p2|Floette-Eternal, L50, F|\n|poke|p2|Kingambit, L50, F|\n|poke|p2|Aerodactyl, L50, F|\n|poke|p2|Milotic, L50, M|\n|teampreview|4\n|inactive|Battle timer is ON: inactive players will automatically lose when time's up. (requested by Highschord)\n|\n|t:|1776727747\n|teamsize|p1|4\n|teamsize|p2|4\n|start\n|switch|p1a: Charizard|Charizard, L50, F|100/100\n|switch|p1b: Venusaur|Venusaur, L50, F|100/100\n|switch|p2a: Milotic|Milotic, L50, M|100/100\n|switch|p2b: Aerodactyl|Aerodactyl, L50, F|100/100\n|-ability|p2b: Aerodactyl|Unnerve\n|turn|1\n|inactive|Highschord has 30 seconds left.\n|\n|t:|1776727777\n|detailschange|p1a: Charizard|Charizard-Mega-Y, L50, F\n|-mega|p1a: Charizard|Charizard|Charizardite Y\n|-weather|SunnyDay|[from] ability: Drought|[of] p1a: Charizard\n|move|p2b: Aerodactyl|Protect|p2b: Aerodactyl\n|-singleturn|p2b: Aerodactyl|Protect\n|move|p1b: Venusaur|Sleep Powder|p2b: Aerodactyl\n|-activate|p2b: Aerodactyl|move: Protect\n|move|p1a: Charizard|Solar Beam||[still]\n|-prepare|p1a: Charizard|Solar Beam\n|-anim|p1a: Charizard|Solar Beam|p2a: Milotic\n|-supereffective|p2a: Milotic|1\n|-crit|p2a: Milotic\n|-damage|p2a: Milotic|0 fnt\n|faint|p2a: Milotic\n|\n|-weather|SunnyDay|[upkeep]\n|upkeep\n|c|\u2606Highschord|welp, crit mattered\n|c|\u2606Highschord|gg\n|\n|t:|1776727793\n|switch|p2a: Dragapult|Dragapult, L50, F|100/100\n|turn|2\n|c|\u2606Saucem|lmao\n|\n|t:|1776727805\n|switch|p1a: Whimsicott|Whimsicott, L50, M|100/100\n|move|p2a: Dragapult|Psychic Fangs|p1b: Venusaur\n|-supereffective|p1b: Venusaur|1\n|-damage|p1b: Venusaur|27/100\n|move|p1b: Venusaur|Sleep Powder|p2b: Aerodactyl\n|-status|p2b: Aerodactyl|slp|[from] move: Sleep Powder\n|cant|p2b: Aerodactyl|slp\n|\n|-weather|SunnyDay|[upkeep]\n|upkeep\n|turn|3\n|\n|t:|1776727820\n|move|p1a: Whimsicott|Tailwind|p1a: Whimsicott\n|-sidestart|p1: Saucem|move: Tailwind\n|move|p1b: Venusaur|Solar Beam||[still]\n|-prepare|p1b: Venusaur|Solar Beam\n|-anim|p1b: Venusaur|Solar Beam|p2b: Aerodactyl\n|-enditem|p2b: Aerodactyl|Focus Sash\n|-damage|p2b: Aerodactyl|1/100 slp\n|move|p2a: Dragapult|Psychic Fangs|p1b: Venusaur\n|-supereffective|p1b: Venusaur|1\n|-damage|p1b: Venusaur|0 fnt\n|faint|p1b: Venusaur\n|-curestatus|p2b: Aerodactyl|slp|[msg]\n|move|p2b: Aerodactyl|Dual Wingbeat|p1a: Whimsicott\n|-supereffective|p1a: Whimsicott|1\n|-damage|p1a: Whimsicott|47/100\n|-supereffective|p1a: Whimsicott|1\n|-damage|p1a: Whimsicott|0 fnt\n|faint|p1a: Whimsicott\n|-hitcount|p1: Whimsicott|2\n|\n|-weather|SunnyDay|[upkeep]\n|upkeep\n|\n|t:|1776727826\n|switch|p1a: Charizard|Charizard-Mega-Y, L50, F|100/100\n|switch|p1b: Sneasler|Sneasler, L50, M|100/100\n|turn|4\n|\n|t:|1776727844\n|move|p2b: Aerodactyl|Protect|p2b: Aerodactyl\n|-singleturn|p2b: Aerodactyl|Protect\n|move|p1b: Sneasler|Dire Claw|p2a: Dragapult\n|-resisted|p2a: Dragapult|1\n|-damage|p2a: Dragapult|70/100\n|move|p1a: Charizard|Heat Wave|p2a: Dragapult|[spread] p2a\n|-activate|p2b: Aerodactyl|move: Protect\n|-resisted|p2a: Dragapult|1\n|-damage|p2a: Dragapult|24/100\n|move|p2a: Dragapult|Psychic Fangs|p1b: Sneasler\n|-supereffective|p1b: Sneasler|2\n|-damage|p1b: Sneasler|0 fnt\n|faint|p1b: Sneasler\n|\n|-weather|SunnyDay|[upkeep]\n|upkeep\n|turn|5\n|inactive|Highschord has 30 seconds left.\n|\n|t:|1776727870\n|switch|p2b: Kingambit|Kingambit, L50, F|100/100\n|move|p1a: Charizard|Heat Wave|p2b: Kingambit|[spread] p2a,p2b\n|-resisted|p2a: Dragapult|1\n|-supereffective|p2b: Kingambit|1\n|-damage|p2a: Dragapult|0 fnt\n|-damage|p2b: Kingambit|0 fnt\n|faint|p2a: Dragapult\n|faint|p2b: Kingambit\n|\n|-weather|none\n|upkeep\n|\n|t:|1776727876\n|switch|p2b: Aerodactyl|Aerodactyl, L50, F|1/100\n|-ability|p2b: Aerodactyl|Unnerve\n|turn|6\n|\n|t:|1776727880\n|move|p2b: Aerodactyl|Protect|p2b: Aerodactyl\n|-singleturn|p2b: Aerodactyl|Protect\n|move|p1a: Charizard|Weather Ball|p2b: Aerodactyl\n|-activate|p2b: Aerodactyl|move: Protect\n|\n|-sideend|p1: Saucem|move: Tailwind\n|upkeep\n|turn|7\n|\n|t:|1776727885\n|move|p2b: Aerodactyl|Rock Slide|p1a: Charizard|[miss]\n|-miss|p2b: Aerodactyl|p1a: Charizard\n|move|p1a: Charizard|Weather Ball|p2b: Aerodactyl\n|-resisted|p2b: Aerodactyl|1\n|-damage|p2b: Aerodactyl|0 fnt\n|faint|p2b: Aerodactyl\n|\n|win|Saucem\n|raw|Saucem's rating: 1229 &rarr; <strong>1250</strong><br />(+21 for winning)\n|raw|Highschord's rating: 1175 &rarr; <strong>1154</strong><br />(-21 for losing)\n|c|\u2606Highschord|ok\n|c|\u2606Highschord|welp\n|c|\u2606Saucem|LOL\n|c|\u2606Highschord|rng hates me\n|l|\u2606Saucem\n|player|p1|\n|c|\u2606Highschord|gg\n",
  "uploadtime": 1776727901,
  "views": 4,
  "formatid": "gen9championsvgc2026regma",
  "rating": 1154,
  "private": 0,
  "password": null
}