{
  "id": "gen9championsvgc2026regma-2583982538",
  "format": "[Gen 9 Champions] VGC 2026 Reg M-A",
  "players": [
    "oranguru91",
    "adrianmer10"
  ],
  "log": "|j|\u2606oranguru91\n|j|\u2606adrianmer10\n|t:|1776213998\n|gametype|doubles\n|player|p1|oranguru91|n|1380\n|player|p2|adrianmer10|ethan|1408\n|gen|9\n|tier|[Gen 9 Champions] VGC 2026 Reg M-A\n|rated|\n|rule|Species Clause: Limit one of each Pok\u00e9mon\n|rule|Item Clause: Limit 1 of each item\n|clearpoke\n|poke|p1|Floette-Eternal, L50, F|\n|poke|p1|Milotic, L50, F|\n|poke|p1|Sableye, L50, M|\n|poke|p1|Aerodactyl, L50, F|\n|poke|p1|Incineroar, L50, M|\n|poke|p1|Sinistcha, L50|\n|poke|p2|Volcarona, L50, F|\n|poke|p2|Tyranitar, L50, F|\n|poke|p2|Sinistcha, L50|\n|poke|p2|Milotic, L50, F|\n|poke|p2|Sneasler, L50, M|\n|poke|p2|Garchomp, L50, F|\n|teampreview|4\n|j| number86\n|l| number86\n|\n|t:|1776214102\n|teamsize|p1|4\n|teamsize|p2|4\n|start\n|switch|p1a: Floette|Floette-Eternal, L50, F|100/100\n|switch|p1b: Sableye|Sableye, L50, M|100/100\n|switch|p2a: Milotic|Milotic, L50, F|100/100\n|switch|p2b: Sneasler|Sneasler, L50, M|100/100\n|turn|1\n|\n|t:|1776214128\n|detailschange|p1a: Floette|Floette-Mega, L50, F\n|-mega|p1a: Floette|Floette|Floettite\n|-ability|p1a: Floette|Fairy Aura\n|move|p2b: Sneasler|Protect|p2b: Sneasler\n|-singleturn|p2b: Sneasler|Protect\n|move|p1a: Floette|Protect|p1a: Floette\n|-singleturn|p1a: Floette|Protect\n|move|p1b: Sableye|Will-O-Wisp|p2b: Sneasler\n|-activate|p2b: Sneasler|move: Protect\n|move|p2a: Milotic|Icy Wind|p1b: Sableye|[spread] p1b\n|-activate|p1a: Floette|move: Protect\n|-damage|p1b: Sableye|90/100\n|-unboost|p1b: Sableye|spe|1\n|\n|upkeep\n|turn|2\n|\n|t:|1776214166\n|switch|p2b: Volcarona|Volcarona, L50, F|100/100\n|move|p1b: Sableye|Encore||[still]\n|-fail|p1b: Sableye\n|move|p1a: Floette|Draining Kiss|p2b: Volcarona\n|-resisted|p2b: Volcarona|1\n|-damage|p2b: Volcarona|80/100\n|move|p2a: Milotic|Icy Wind|p1b: Sableye|[spread] p1a,p1b\n|-damage|p1a: Floette|94/100\n|-damage|p1b: Sableye|79/100\n|-unboost|p1a: Floette|spe|1\n|-unboost|p1b: Sableye|spe|1\n|\n|-heal|p2b: Volcarona|86/100|[from] item: Leftovers\n|upkeep\n|turn|3\n|j| Reign1997\n|inactive|Battle timer is ON: inactive players will automatically lose when time's up. (requested by adrianmer10)\n|j| neptunewings\n|\n|t:|1776214220\n|move|p1b: Sableye|Disable|p2a: Milotic\n|-start|p2a: Milotic|Disable|Icy Wind\n|move|p2b: Volcarona|Heat Wave|p1a: Floette|[spread] p1b\n|-miss|p2b: Volcarona|p1a: Floette\n|-damage|p1b: Sableye|41/100\n|move|p2a: Milotic|Scald|p1b: Sableye\n|-damage|p1b: Sableye|10/100\n|move|p1a: Floette|Calm Mind|p1a: Floette\n|-boost|p1a: Floette|spa|1\n|-boost|p1a: Floette|spd|1\n|\n|-heal|p2b: Volcarona|93/100|[from] item: Leftovers\n|upkeep\n|turn|4\n|\n|t:|1776214242\n|switch|p1b: Sinistcha|Sinistcha, L50|100/100\n|-heal|p1a: Floette|100/100|[from] ability: Hospitality|[of] p1b: Sinistcha\n|move|p2b: Volcarona|Quiver Dance|p2b: Volcarona\n|-boost|p2b: Volcarona|spa|1\n|-boost|p2b: Volcarona|spd|1\n|-boost|p2b: Volcarona|spe|1\n|move|p2a: Milotic|Scald|p1b: Sinistcha\n|-resisted|p1b: Sinistcha|1\n|-damage|p1b: Sinistcha|86/100\n|move|p1a: Floette|Calm Mind|p1a: Floette\n|-boost|p1a: Floette|spa|1\n|-boost|p1a: Floette|spd|1\n|\n|-heal|p2b: Volcarona|99/100|[from] item: Leftovers\n|upkeep\n|turn|5\n|inactive|adrianmer10 has 30 seconds left.\n|\n|t:|1776214269\n|switch|p2a: Sinistcha|Sinistcha, L50|100/100\n|-heal|p2b: Volcarona|100/100|[from] ability: Hospitality|[of] p2a: Sinistcha\n|move|p2b: Volcarona|Heat Wave|p1a: Floette|[spread] p1a,p1b\n|-supereffective|p1b: Sinistcha|1\n|-damage|p1a: Floette|81/100\n|-damage|p1b: Sinistcha|0 fnt\n|faint|p1b: Sinistcha\n|move|p1a: Floette|Draining Kiss|p2b: Volcarona\n|-resisted|p2b: Volcarona|1\n|-damage|p2b: Volcarona|75/100\n|-heal|p1a: Floette|100/100|[from] drain|[of] p2b: Volcarona\n|\n|-heal|p2b: Volcarona|82/100|[from] item: Leftovers\n|upkeep\n|\n|t:|1776214292\n|switch|p1b: Incineroar|Incineroar, L50, M|100/100\n|-ability|p1b: Incineroar|Intimidate|boost\n|-unboost|p2a: Sinistcha|atk|1\n|-unboost|p2b: Volcarona|atk|1\n|turn|6\n|l| Reign1997\n|\n|t:|1776214305\n|move|p2a: Sinistcha|Rage Powder|p2a: Sinistcha\n|-singleturn|p2a: Sinistcha|move: Rage Powder\n|move|p2b: Volcarona|Quiver Dance|p2b: Volcarona\n|-boost|p2b: Volcarona|spa|1\n|-boost|p2b: Volcarona|spd|1\n|-boost|p2b: Volcarona|spe|1\n|move|p1a: Floette|Light of Ruin|p2a: Sinistcha\n|-damage|p2a: Sinistcha|0 fnt\n|faint|p2a: Sinistcha\n|-damage|p1a: Floette|51/100|[from] Recoil\n|move|p1b: Incineroar|Flare Blitz|p2b: Volcarona\n|-damage|p2b: Volcarona|0 fnt\n|faint|p2b: Volcarona\n|-damage|p1b: Incineroar|75/100|[from] Recoil\n|\n|upkeep\n|\n|t:|1776214320\n|switch|p2b: Sneasler|Sneasler, L50, M|100/100\n|switch|p2a: Milotic|Milotic, L50, F|100/100\n|turn|7\n|\n|t:|1776214342\n|move|p1a: Floette|Protect|p1a: Floette\n|-singleturn|p1a: Floette|Protect\n|move|p2b: Sneasler|Dire Claw|p1a: Floette\n|-activate|p1a: Floette|move: Protect\n|move|p2a: Milotic|Scald|p1b: Incineroar\n|-supereffective|p1b: Incineroar|1\n|-damage|p1b: Incineroar|27/100\n|move|p1b: Incineroar|Parting Shot|p2b: Sneasler\n|-unboost|p2b: Sneasler|atk|1\n|-unboost|p2b: Sneasler|spa|1\n|\n|t:|1776214353\n|switch|p1b: Sableye|Sableye, L50, M|10/100|[from] Parting Shot\n|-enditem|p2b: Sneasler|White Herb\n|-clearnegativeboost|p2b: Sneasler|[silent]\n|\n|upkeep\n|turn|8\n|\n|t:|1776214368\n|move|p2b: Sneasler|Protect|p2b: Sneasler\n|-singleturn|p2b: Sneasler|Protect\n|move|p1b: Sableye|Disable|p2b: Sneasler\n|-activate|p2b: Sneasler|move: Protect\n|move|p2a: Milotic|Scald|p1b: Sableye\n|-damage|p1b: Sableye|0 fnt\n|faint|p1b: Sableye\n|move|p1a: Floette|Draining Kiss|p2b: Sneasler\n|-activate|p2b: Sneasler|move: Protect\n|\n|upkeep\n|\n|t:|1776214381\n|switch|p1b: Incineroar|Incineroar, L50, M|27/100\n|-ability|p1b: Incineroar|Intimidate|boost\n|-unboost|p2a: Milotic|atk|1\n|-ability|p2a: Milotic|Competitive|boost\n|-boost|p2a: Milotic|spa|2\n|-unboost|p2b: Sneasler|atk|1\n|turn|9\n|j| Reign1997\n|\n|t:|1776214403\n|move|p1b: Incineroar|Fake Out|p2b: Sneasler\n|-damage|p2b: Sneasler|76/100\n|cant|p2b: Sneasler|flinch\n|move|p2a: Milotic|Scald|p1b: Incineroar\n|-supereffective|p1b: Incineroar|1\n|-damage|p1b: Incineroar|0 fnt\n|faint|p1b: Incineroar\n|move|p1a: Floette|Draining Kiss|p2b: Sneasler\n|-damage|p2b: Sneasler|0 fnt\n|-heal|p1a: Floette|100/100|[from] drain|[of] p2b: Sneasler\n|faint|p2b: Sneasler\n|\n|upkeep\n|turn|10\n|\n|t:|1776214419\n|move|p2a: Milotic|Scald|p1a: Floette\n|-damage|p1a: Floette|82/100\n|move|p1a: Floette|Light of Ruin|p2a: Milotic\n|-damage|p2a: Milotic|0 fnt\n|faint|p2a: Milotic\n|-damage|p1a: Floette|26/100|[from] Recoil\n|\n|win|oranguru91\n|raw|oranguru91's rating: 1380 &rarr; <strong>1402</strong><br />(+22 for winning)\n|raw|adrianmer10's rating: 1408 &rarr; <strong>1386</strong><br />(-22 for losing)\n|l|\u2606adrianmer10\n|player|p2|\n|l| Reign1997\n|l|\u2606oranguru91\n|player|p1|\n",
  "uploadtime": 1776215486,
  "views": 44,
  "formatid": "gen9championsvgc2026regma",
  "rating": 1386,
  "private": 0,
  "password": null
}