{
  "id": "gen9championsvgc2026regma-2589522371",
  "format": "[Gen 9 Champions] VGC 2026 Reg M-A",
  "players": [
    "StronkBocchi",
    "Yamh"
  ],
  "log": "|j|\u2606StronkBocchi\n|j|\u2606Yamh\n|t:|1776730649\n|gametype|doubles\n|player|p1|StronkBocchi|caitlin|1398\n|player|p2|Yamh|darach-caitlin|1378\n|gen|9\n|tier|[Gen 9 Champions] VGC 2026 Reg M-A\n|rated|\n|rule|Species Clause: Limit one of each Pok\u00e9mon\n|rule|Item Clause: Limit 1 of each item\n|clearpoke\n|poke|p1|Charizard, L50, F|\n|poke|p1|Venusaur, L50, M|\n|poke|p1|Milotic, L50, M|\n|poke|p1|Incineroar, L50, M|\n|poke|p1|Sneasler, L50, F|\n|poke|p1|Garchomp, L50, F|\n|poke|p2|Sneasler, L50, F|\n|poke|p2|Kingambit, L50, F|\n|poke|p2|Milotic, L50, F|\n|poke|p2|Basculegion, L50, M|\n|poke|p2|Aerodactyl, L50, F|\n|poke|p2|Floette-Eternal, L50, F|\n|teampreview|4\n|inactive|Battle timer is ON: inactive players will automatically lose when time's up. (requested by StronkBocchi)\n|\n|t:|1776730695\n|teamsize|p1|4\n|teamsize|p2|4\n|start\n|switch|p1a: Milotic|Milotic, L50, M|100/100\n|switch|p1b: Garchomp|Garchomp, L50, F|100/100\n|switch|p2a: Solid Snake|Milotic, L50, F|100/100\n|switch|p2b: Reptilia|Aerodactyl, L50, F|100/100\n|-ability|p2b: Reptilia|Unnerve\n|turn|1\n|\n|t:|1776730711\n|move|p2b: Reptilia|Tailwind|p2b: Reptilia\n|-sidestart|p2: Yamh|move: Tailwind\n|move|p2a: Solid Snake|Ice Beam|p1b: Garchomp\n|-supereffective|p1b: Garchomp|2\n|-damage|p1b: Garchomp|28/100\n|move|p1b: Garchomp|Rock Slide|p2b: Reptilia|[spread] p2a,p2b\n|-supereffective|p2b: Reptilia|1\n|-damage|p2a: Solid Snake|89/100\n|-damage|p2b: Reptilia|46/100\n|move|p1a: Milotic|Coil|p1a: Milotic\n|-boost|p1a: Milotic|atk|1\n|-boost|p1a: Milotic|def|1\n|-boost|p1a: Milotic|accuracy|1\n|\n|upkeep\n|turn|2\n|\n|t:|1776730727\n|move|p1b: Garchomp|Protect|p1b: Garchomp\n|-singleturn|p1b: Garchomp|Protect\n|move|p2b: Reptilia|Rock Slide|p1a: Milotic|[spread] p1a\n|-activate|p1b: Garchomp|move: Protect\n|-damage|p1a: Milotic|84/100\n|move|p2a: Solid Snake|Ice Beam|p1b: Garchomp\n|-activate|p1b: Garchomp|move: Protect\n|move|p1a: Milotic|Hypnosis|p2a: Solid Snake|[miss]\n|-miss|p1a: Milotic|p2a: Solid Snake\n|\n|-heal|p1a: Milotic|90/100|[from] item: Leftovers\n|upkeep\n|turn|3\n|\n|t:|1776730751\n|switch|p1b: Charizard|Charizard, L50, F|100/100\n|move|p2b: Reptilia|Rock Slide|p1b: Charizard|[spread] p1b\n|-miss|p2b: Reptilia|p1a: Milotic\n|-supereffective|p1b: Charizard|2\n|-damage|p1b: Charizard|0 fnt\n|faint|p1b: Charizard\n|move|p2a: Solid Snake|Ice Beam|p1a: Milotic\n|-resisted|p1a: Milotic|1\n|-damage|p1a: Milotic|84/100\n|move|p1a: Milotic|Coil|p1a: Milotic\n|-boost|p1a: Milotic|atk|1\n|-boost|p1a: Milotic|def|1\n|-boost|p1a: Milotic|accuracy|1\n|\n|-heal|p1a: Milotic|90/100|[from] item: Leftovers\n|upkeep\n|\n|t:|1776730767\n|switch|p1b: Venusaur|Venusaur, L50, M|100/100\n|turn|4\n|\n|t:|1776730781\n|move|p2b: Reptilia|Protect|p2b: Reptilia\n|-singleturn|p2b: Reptilia|Protect\n|move|p2a: Solid Snake|Protect|p2a: Solid Snake\n|-singleturn|p2a: Solid Snake|Protect\n|move|p1b: Venusaur|Protect|p1b: Venusaur\n|-singleturn|p1b: Venusaur|Protect\n|move|p1a: Milotic|Hypnosis|p2a: Solid Snake\n|-activate|p2a: Solid Snake|move: Protect\n|\n|-heal|p1a: Milotic|96/100|[from] item: Leftovers\n|-sideend|p2: Yamh|move: Tailwind\n|upkeep\n|turn|5\n|\n|t:|1776730799\n|move|p2b: Reptilia|Dual Wingbeat|p1b: Venusaur\n|-supereffective|p1b: Venusaur|1\n|-damage|p1b: Venusaur|55/100\n|-supereffective|p1b: Venusaur|1\n|-damage|p1b: Venusaur|14/100\n|-hitcount|p1b: Venusaur|2\n|move|p1b: Venusaur|Giga Drain|p2a: Solid Snake\n|-supereffective|p2a: Solid Snake|1\n|-damage|p2a: Solid Snake|41/100\n|-heal|p1b: Venusaur|44/100|[from] drain|[of] p2a: Solid Snake\n|-enditem|p2a: Solid Snake|Sitrus Berry|[eat]\n|-heal|p2a: Solid Snake|65/100|[from] item: Sitrus Berry\n|move|p1a: Milotic|Hypnosis|p2a: Solid Snake\n|-status|p2a: Solid Snake|slp|[from] move: Hypnosis\n|cant|p2a: Solid Snake|slp\n|\n|-heal|p1a: Milotic|100/100|[from] item: Leftovers\n|upkeep\n|turn|6\n|inactive|StronkBocchi has 30 seconds left.\n|\n|t:|1776730825\n|move|p2b: Reptilia|Protect|p2b: Reptilia\n|-singleturn|p2b: Reptilia|Protect\n|move|p1b: Venusaur|Protect|p1b: Venusaur\n|-singleturn|p1b: Venusaur|Protect\n|-curestatus|p2a: Solid Snake|slp|[msg]\n|move|p2a: Solid Snake|Protect|p2a: Solid Snake\n|-singleturn|p2a: Solid Snake|Protect\n|move|p1a: Milotic|Hypnosis|p2b: Reptilia\n|-activate|p2b: Reptilia|move: Protect\n|\n|upkeep\n|turn|7\n|\n|t:|1776730849\n|move|p1b: Venusaur|Protect|p1b: Venusaur\n|-singleturn|p1b: Venusaur|Protect\n|move|p2b: Reptilia|Dual Wingbeat|p1b: Venusaur\n|-activate|p1b: Venusaur|move: Protect\n|move|p1a: Milotic|Hypnosis|p2a: Solid Snake\n|-status|p2a: Solid Snake|slp|[from] move: Hypnosis\n|cant|p2a: Solid Snake|slp\n|\n|upkeep\n|turn|8\n|\n|t:|1776730867\n|switch|p1b: Garchomp|Garchomp, L50, F|28/100\n|-curestatus|p2a: Solid Snake|slp|[msg]\n|move|p2a: Solid Snake|Protect|p2a: Solid Snake\n|-singleturn|p2a: Solid Snake|Protect\n|move|p2b: Reptilia|Dual Wingbeat|p1b: Garchomp\n|-damage|p1b: Garchomp|12/100\n|-damage|p2b: Reptilia|34/100|[from] ability: Rough Skin|[of] p1b: Garchomp\n|-damage|p1b: Garchomp|0 fnt\n|-damage|p2b: Reptilia|22/100|[from] ability: Rough Skin|[of] p1b: Garchomp\n|faint|p1b: Garchomp\n|-hitcount|p1: Garchomp|2\n|move|p1a: Milotic|Muddy Water|p2a: Solid Snake|[spread] p2b\n|-activate|p2a: Solid Snake|move: Protect\n|-supereffective|p2b: Reptilia|1\n|-damage|p2b: Reptilia|0 fnt\n|faint|p2b: Reptilia\n|\n|upkeep\n|\n|t:|1776730884\n|switch|p2b: \u660e\u661f\u30d2\u30de\u30ea|Floette-Eternal, L50, F|100/100\n|switch|p1b: Venusaur|Venusaur, L50, M|44/100\n|turn|9\n|\n|t:|1776730901\n|detailschange|p2b: \u660e\u661f\u30d2\u30de\u30ea|Floette-Mega, L50, F\n|-mega|p2b: \u660e\u661f\u30d2\u30de\u30ea|Floette|Floettite\n|-ability|p2b: \u660e\u661f\u30d2\u30de\u30ea|Fairy Aura\n|move|p2b: \u660e\u661f\u30d2\u30de\u30ea|Protect|p2b: \u660e\u661f\u30d2\u30de\u30ea\n|-singleturn|p2b: \u660e\u661f\u30d2\u30de\u30ea|Protect\n|move|p1b: Venusaur|Sludge Bomb|p2b: \u660e\u661f\u30d2\u30de\u30ea\n|-activate|p2b: \u660e\u661f\u30d2\u30de\u30ea|move: Protect\n|move|p1a: Milotic|Hypnosis|p2a: Solid Snake\n|-status|p2a: Solid Snake|slp|[from] move: Hypnosis\n|cant|p2a: Solid Snake|slp\n|\n|upkeep\n|turn|10\n|inactive|Yamh has 30 seconds left.\n|\n|t:|1776730930\n|move|p2b: \u660e\u661f\u30d2\u30de\u30ea|Psychic|p1b: Venusaur\n|-supereffective|p1b: Venusaur|1\n|-damage|p1b: Venusaur|0 fnt\n|faint|p1b: Venusaur\n|move|p1a: Milotic|Muddy Water|p2b: \u660e\u661f\u30d2\u30de\u30ea|[spread] p2a,p2b\n|-resisted|p2a: Solid Snake|1\n|-damage|p2a: Solid Snake|56/100 slp\n|-damage|p2b: \u660e\u661f\u30d2\u30de\u30ea|81/100\n|cant|p2a: Solid Snake|slp\n|\n|upkeep\n|turn|11\n|-message|StronkBocchi forfeited.\n|\n|win|Yamh\n|raw|StronkBocchi's rating: 1398 &rarr; <strong>1377</strong><br />(-21 for losing)\n|raw|Yamh's rating: 1378 &rarr; <strong>1399</strong><br />(+21 for winning)\n|l|\u2606StronkBocchi\n|player|p1|\n",
  "uploadtime": 1776730945,
  "views": 6,
  "formatid": "gen9championsvgc2026regma",
  "rating": 1377,
  "private": 0,
  "password": null
}