{
  "id": "gen9championsvgc2026regma-2583418581",
  "format": "[Gen 9 Champions] VGC 2026 Reg M-A",
  "players": [
    "SomthingIdk",
    "malucy"
  ],
  "log": "|j|\u2606SomthingIdk\n|j|\u2606malucy\n|t:|1776174355\n|gametype|doubles\n|player|p1|SomthingIdk|lucas|1069\n|player|p2|malucy|169|1107\n|gen|9\n|tier|[Gen 9 Champions] VGC 2026 Reg M-A\n|rated|\n|rule|Species Clause: Limit one of each Pok\u00e9mon\n|rule|Item Clause: Limit 1 of each item\n|clearpoke\n|poke|p1|Maushold-Four, L50|\n|poke|p1|Basculegion, L50, M|\n|poke|p1|Scizor, L50, M|\n|poke|p1|Gardevoir, L50, M|\n|poke|p1|Incineroar, L50, M|\n|poke|p1|Chesnaught, L50, F|\n|poke|p2|Espathra, L50, M|\n|poke|p2|Meowstic, L50, M|\n|poke|p2|Sneasler, L50, M|\n|poke|p2|Aerodactyl, L50, F|\n|poke|p2|Farigiraf, L50, M|\n|poke|p2|Lucario, L50, F|\n|teampreview|4\n|\n|t:|1776174398\n|teamsize|p1|4\n|teamsize|p2|4\n|start\n|switch|p1a: Gardevoir|Gardevoir, L50, M|100/100\n|switch|p1b: Maushold|Maushold-Four, L50, shiny|100/100\n|switch|p2a: Farigiraf|Farigiraf, L50, M|100/100\n|switch|p2b: Meowstic|Meowstic, L50, M|100/100\n|-ability|p1a: Gardevoir|Prankster|Trace|[from] ability: Trace|[of] p2b: Meowstic\n|turn|1\n|\n|t:|1776174416\n|move|p2b: Meowstic|Fake Tears|p1a: Gardevoir\n|-unboost|p1a: Gardevoir|spd|2\n|move|p1b: Maushold|Population Bomb|p2a: Farigiraf\n|-damage|p2a: Farigiraf|89/100\n|-hitcount|p2a: Farigiraf|1\n|move|p1a: Gardevoir|Moonblast|p2a: Farigiraf\n|-damage|p2a: Farigiraf|52/100\n|move|p2a: Farigiraf|Nasty Plot|p2a: Farigiraf\n|-boost|p2a: Farigiraf|spa|2\n|\n|upkeep\n|turn|2\n|\n|t:|1776174437\n|move|p2b: Meowstic|Psychic Terrain|p2b: Meowstic\n|-fieldstart|move: Psychic Terrain\n|move|p1b: Maushold|Population Bomb|p2a: Farigiraf\n|-damage|p2a: Farigiraf|42/100\n|-damage|p2a: Farigiraf|31/100\n|-damage|p2a: Farigiraf|21/100\n|-damage|p2a: Farigiraf|9/100\n|-damage|p2a: Farigiraf|0 fnt\n|faint|p2a: Farigiraf\n|-hitcount|p2: Farigiraf|5\n|move|p1a: Gardevoir|Moonblast|p2b: Meowstic\n|-damage|p2b: Meowstic|52/100\n|-unboost|p2b: Meowstic|spa|1\n|\n|upkeep\n|\n|t:|1776174451\n|switch|p2a: Espathra|Espathra, L50, M|100/100\n|turn|3\n|\n|t:|1776174474\n|move|p2b: Meowstic|Helping Hand|p2a: Espathra\n|-singleturn|p2a: Espathra|Helping Hand|[of] p2b: Meowstic\n|move|p1b: Maushold|U-turn|p2b: Meowstic\n|-supereffective|p2b: Meowstic|1\n|-damage|p2b: Meowstic|12/100\n|\n|t:|1776174482\n|switch|p1b: Basculegion|Basculegion, L50, M, shiny|100/100|[from] U-turn\n|move|p2a: Espathra|Expanding Force|p1a: Gardevoir|[spread] p1a,p1b\n|-resisted|p1a: Gardevoir|1\n|-damage|p1a: Gardevoir|0 fnt\n|-damage|p1b: Basculegion|0 fnt\n|faint|p1a: Gardevoir\n|faint|p1b: Basculegion\n|\n|-ability|p2a: Espathra|Speed Boost|boost\n|-boost|p2a: Espathra|spe|1\n|upkeep\n|\n|t:|1776174491\n|switch|p1b: Maushold|Maushold-Four, L50, shiny|100/100\n|switch|p1a: Chesnaught|Chesnaught, L50, F, shiny|100/100\n|turn|4\n|\n|t:|1776174511\n|detailschange|p1a: Chesnaught|Chesnaught-Mega, L50, F, shiny\n|-mega|p1a: Chesnaught|Chesnaught|Chesnaughtite\n|move|p2b: Meowstic|Helping Hand|p2a: Espathra\n|-singleturn|p2a: Espathra|Helping Hand|[of] p2b: Meowstic\n|move|p2a: Espathra|Expanding Force|p1b: Maushold|[spread] p1a,p1b\n|-supereffective|p1a: Chesnaught|1\n|-damage|p1a: Chesnaught|0 fnt\n|-enditem|p1b: Maushold|Focus Sash\n|-damage|p1b: Maushold|1/100\n|faint|p1a: Chesnaught\n|move|p1b: Maushold|Population Bomb|p2a: Espathra\n|-damage|p2a: Espathra|83/100\n|-damage|p2a: Espathra|66/100\n|-damage|p2a: Espathra|50/100\n|-damage|p2a: Espathra|32/100\n|-damage|p2a: Espathra|13/100\n|-damage|p2a: Espathra|0 fnt\n|faint|p2a: Espathra\n|-hitcount|p2: Espathra|6\n|\n|upkeep\n|inactive|Battle timer is ON: inactive players will automatically lose when time's up. (requested by malucy)\n|\n|t:|1776174529\n|switch|p2a: Lucario|Lucario, L50, F|100/100\n|turn|5\n|\n|t:|1776174536\n|move|p1b: Maushold|Population Bomb|p2a: Lucario|[miss]\n|-miss|p1b: Maushold|p2a: Lucario\n|move|p2a: Lucario|Drain Punch|p1b: Maushold\n|-supereffective|p1b: Maushold|1\n|-damage|p1b: Maushold|0 fnt\n|faint|p1b: Maushold\n|\n|win|malucy\n|raw|SomthingIdk's rating: 1069 &rarr; <strong>1051</strong><br />(-18 for losing)\n|raw|malucy's rating: 1107 &rarr; <strong>1129</strong><br />(+22 for winning)\n|l|\u2606SomthingIdk\n|player|p1|\n",
  "uploadtime": 1776174543,
  "views": 13,
  "formatid": "gen9championsvgc2026regma",
  "rating": 1051,
  "private": 0,
  "password": null
}