{
  "id": "gen9championsvgc2026regma-2582335863",
  "format": "[Gen 9 Champions] VGC 2026 Reg M-A",
  "players": [
    "orpheus128",
    "UhhArashi"
  ],
  "log": "|j|\u2606orpheus128\n|j|\u2606UhhArashi\n|t:|1776084376\n|gametype|doubles\n|player|p1|orpheus128|hilbert|1082\n|player|p2|UhhArashi|266|1023\n|gen|9\n|tier|[Gen 9 Champions] VGC 2026 Reg M-A\n|rated|\n|rule|Species Clause: Limit one of each Pok\u00e9mon\n|rule|Item Clause: Limit 1 of each item\n|clearpoke\n|poke|p1|Starmie, L50|\n|poke|p1|Kingambit, L50, M|\n|poke|p1|Sylveon, L50, M|\n|poke|p1|Incineroar, L50, F|\n|poke|p1|Sneasler, L50, M|\n|poke|p1|Sinistcha, L50|\n|poke|p2|Charizard, L50, M|\n|poke|p2|Whimsicott, L50, M|\n|poke|p2|Garchomp, L50, M|\n|poke|p2|Incineroar, L50, F|\n|poke|p2|Gallade, L50, M|\n|poke|p2|Kingambit, L50, M|\n|teampreview|4\n|\n|t:|1776084406\n|teamsize|p1|4\n|teamsize|p2|4\n|start\n|switch|p1a: Big N Nasty|Starmie, L50, shiny|100/100\n|switch|p1b: Sylveon|Sylveon, L50, M|100/100\n|switch|p2a: Charizard|Charizard, L50, M|100/100\n|switch|p2b: Whimsicott|Whimsicott, L50, M|100/100\n|turn|1\n|\n|t:|1776084427\n|detailschange|p2a: Charizard|Charizard-Mega-Y, L50, M\n|-mega|p2a: Charizard|Charizard|Charizardite Y\n|-weather|SunnyDay|[from] ability: Drought|[of] p2a: Charizard\n|detailschange|p1a: Big N Nasty|Starmie-Mega, L50, shiny\n|-mega|p1a: Big N Nasty|Starmie|Starminite\n|move|p1b: Sylveon|Helping Hand|p1a: Big N Nasty\n|-singleturn|p1a: Big N Nasty|Helping Hand|[of] p1b: Sylveon\n|move|p2b: Whimsicott|Tailwind|p2b: Whimsicott\n|-sidestart|p2: UhhArashi|move: Tailwind\n|move|p2a: Charizard|Solar Beam||[still]\n|-prepare|p2a: Charizard|Solar Beam\n|-anim|p2a: Charizard|Solar Beam|p1a: Big N Nasty\n|-supereffective|p1a: Big N Nasty|1\n|-damage|p1a: Big N Nasty|0 fnt\n|faint|p1a: Big N Nasty\n|\n|-weather|SunnyDay|[upkeep]\n|upkeep\n|\n|t:|1776084445\n|switch|p1a: Sneasler|Sneasler, L50, M|100/100\n|turn|2\n|\n|t:|1776084458\n|move|p1b: Sylveon|Helping Hand|p1a: Sneasler\n|-singleturn|p1a: Sneasler|Helping Hand|[of] p1b: Sylveon\n|move|p2a: Charizard|Weather Ball|p1a: Sneasler\n|-enditem|p1a: Sneasler|Focus Sash\n|-damage|p1a: Sneasler|1/100\n|move|p1a: Sneasler|Rock Slide|p2b: Whimsicott|[spread] p2a,p2b\n|-supereffective|p2a: Charizard|2\n|-damage|p2a: Charizard|0 fnt\n|-damage|p2b: Whimsicott|80/100\n|faint|p2a: Charizard\n|move|p2b: Whimsicott|Moonblast|p1a: Sneasler\n|-damage|p1a: Sneasler|0 fnt\n|faint|p1a: Sneasler\n|\n|-weather|SunnyDay|[upkeep]\n|upkeep\n|\n|t:|1776084476\n|switch|p1a: Kingambit|Kingambit, L50, M|100/100\n|switch|p2a: Gallade|Gallade, L50, M|100/100\n|turn|3\n|\n|t:|1776084491\n|move|p2b: Whimsicott|Encore|p1b: Sylveon\n|-start|p1b: Sylveon|Encore\n|move|p1b: Sylveon|Helping Hand|p1a: Kingambit\n|-singleturn|p1a: Kingambit|Helping Hand|[of] p1b: Sylveon\n|move|p1a: Kingambit|Sucker Punch|p2a: Gallade\n|-damage|p2a: Gallade|0 fnt\n|faint|p2a: Gallade\n|\n|-weather|SunnyDay|[upkeep]\n|upkeep\n|\n|t:|1776084499\n|switch|p2a: Incineroar|Incineroar, L50, F|100/100\n|-ability|p2a: Incineroar|Intimidate|boost\n|-unboost|p1a: Kingambit|atk|1\n|-ability|p1a: Kingambit|Defiant|boost\n|-boost|p1a: Kingambit|atk|2\n|-unboost|p1b: Sylveon|atk|1\n|turn|4\n|\n|t:|1776084522\n|move|p1b: Sylveon|Helping Hand|p1a: Kingambit\n|-singleturn|p1a: Kingambit|Helping Hand|[of] p1b: Sylveon\n|move|p2b: Whimsicott|Encore|p1a: Kingambit\n|-hint|Since gen 7, Dark is immune to Prankster moves.\n|-immune|p1a: Kingambit\n|move|p2a: Incineroar|Taunt|p1b: Sylveon\n|-start|p1b: Sylveon|move: Taunt\n|move|p1a: Kingambit|Low Kick|p2a: Incineroar\n|-supereffective|p2a: Incineroar|1\n|-damage|p2a: Incineroar|5/100\n|-enditem|p2a: Incineroar|Sitrus Berry|[eat]\n|-heal|p2a: Incineroar|30/100|[from] item: Sitrus Berry\n|\n|-weather|SunnyDay|[upkeep]\n|-sideend|p2: UhhArashi|move: Tailwind\n|upkeep\n|turn|5\n|\n|t:|1776084542\n|move|p1a: Kingambit|Sucker Punch|p2a: Incineroar\n|-resisted|p2a: Incineroar|1\n|-damage|p2a: Incineroar|8/100\n|move|p2b: Whimsicott|Moonblast|p1a: Kingambit\n|-damage|p1a: Kingambit|73/100\n|-unboost|p1a: Kingambit|spa|1\n|-ability|p1a: Kingambit|Defiant|boost\n|-boost|p1a: Kingambit|atk|2\n|-activate|p1b: Sylveon|move: Struggle\n|move|p1b: Sylveon|Struggle|p2b: Whimsicott\n|-damage|p2b: Whimsicott|75/100\n|-damage|p1b: Sylveon|76/100|[from] recoil\n|move|p2a: Incineroar|Flare Blitz|p1a: Kingambit\n|-supereffective|p1a: Kingambit|1\n|-damage|p1a: Kingambit|0 fnt\n|faint|p1a: Kingambit\n|-damage|p2a: Incineroar|0 fnt|[from] Recoil\n|faint|p2a: Incineroar\n|\n|-weather|none\n|-end|p1b: Sylveon|Encore\n|upkeep\n|turn|6\n|c|\u2606orpheus128|was hoping struggle would hit incin lmao\n|\n|t:|1776084570\n|move|p2b: Whimsicott|Encore||[still]\n|-fail|p2b: Whimsicott\n|move|p1b: Sylveon|Hyper Voice|p2b: Whimsicott\n|-damage|p2b: Whimsicott|0 fnt\n|faint|p2b: Whimsicott\n|\n|win|orpheus128\n|raw|orpheus128's rating: 1082 &rarr; <strong>1105</strong><br />(+23 for winning)\n|raw|UhhArashi's rating: 1023 &rarr; <strong>1012</strong><br />(-11 for losing)\n|c|\u2606orpheus128|gg\n|l|\u2606UhhArashi\n|player|p2|\n",
  "uploadtime": 1776084588,
  "views": 18,
  "formatid": "gen9championsvgc2026regma",
  "rating": 1012,
  "private": 0,
  "password": null
}