{
  "id": "gen9championsvgc2026regma-2587620522",
  "format": "[Gen 9 Champions] VGC 2026 Reg M-A",
  "players": [
    "Ashe_Cheikes",
    "autiorez"
  ],
  "log": "|j|\u2606Ashe_Cheikes\n|j|\u2606autiorez\n|t:|1776547647\n|gametype|doubles\n|player|p1|Ashe_Cheikes|266|1188\n|player|p2|autiorez|youngn|1182\n|gen|9\n|tier|[Gen 9 Champions] VGC 2026 Reg M-A\n|rated|\n|rule|Species Clause: Limit one of each Pok\u00e9mon\n|rule|Item Clause: Limit 1 of each item\n|clearpoke\n|poke|p1|Milotic, L50, M|\n|poke|p1|Toxapex, L50, M|\n|poke|p1|Espathra, L50, M|\n|poke|p1|Gallade, L50, M|\n|poke|p1|Cofagrigus, L50, M|\n|poke|p1|Raichu, L50, M|\n|poke|p2|Lucario, L50, F|\n|poke|p2|Dragapult, L50, M|\n|poke|p2|Kingambit, L50, M|\n|poke|p2|Starmie, L50|\n|poke|p2|Hippowdon, L50, F|\n|poke|p2|Jolteon, L50, F|\n|teampreview|4\n|inactive|Battle timer is ON: inactive players will automatically lose when time's up. (requested by autiorez)\nAshe_Cheikes rejected open team sheets.\n|inactive|Ashe_Cheikes has 60 seconds left.\n|l|\u2606autiorez\n|inactive|autiorez disconnected and has a minute to reconnect!\n|player|p2|\n|j|\u2606autiorez\n|inactive|autiorez reconnected.\n|player|p2|autiorez|youngn|\n|\n|t:|1776547704\n|teamsize|p1|4\n|teamsize|p2|4\n|start\n|switch|p1a: Cofagrigus|Cofagrigus, L50, M|100/100\n|switch|p1b: Espathra|Espathra, L50, M|100/100\n|switch|p2a: Starmie|Starmie, L50|100/100\n|switch|p2b: Dragapult|Dragapult, L50, M|100/100\n|turn|1\n|\n|t:|1776547718\n|move|p2a: Starmie|Protect|p2a: Starmie\n|-singleturn|p2a: Starmie|Protect\n|move|p1b: Espathra|Protect|p1b: Espathra\n|-singleturn|p1b: Espathra|Protect\n|move|p2b: Dragapult|Shadow Ball|p1a: Cofagrigus\n|-supereffective|p1a: Cofagrigus|1\n|-damage|p1a: Cofagrigus|41/100\n|move|p1a: Cofagrigus|Will-O-Wisp|p2a: Starmie\n|-activate|p2a: Starmie|move: Protect\n|\n|-ability|p1b: Espathra|Speed Boost|boost\n|-boost|p1b: Espathra|spe|1\n|upkeep\n|turn|2\n|inactive|Ashe_Cheikes has 30 seconds left.\n|\n|t:|1776547744\n|detailschange|p2a: Starmie|Starmie-Mega, L50\n|-mega|p2a: Starmie|Starmie|Starminite\n|move|p1a: Cofagrigus|Ally Switch|p1a: Cofagrigus\n|swap|p1a: Cofagrigus|1|[from] move: Ally Switch\n|move|p2b: Dragapult|Shadow Ball|p1a: Espathra\n|-supereffective|p1a: Espathra|1\n|-damage|p1a: Espathra|8/100\n|-enditem|p1a: Espathra|Sitrus Berry|[eat]\n|-heal|p1a: Espathra|33/100|[from] item: Sitrus Berry\n|move|p1a: Espathra|Lumina Crash|p2b: Dragapult\n|-damage|p2b: Dragapult|58/100\n|-unboost|p2b: Dragapult|spd|2\n|move|p2a: Starmie|Liquidation|p1b: Cofagrigus\n|-damage|p1b: Cofagrigus|0 fnt\n|-activate|p1b: Cofagrigus|ability: Mummy|p2a: Starmie|[ability] Huge Power\n|faint|p1b: Cofagrigus\n|\n|-ability|p1a: Espathra|Speed Boost|boost\n|-boost|p1a: Espathra|spe|1\n|upkeep\n|c|\u2606autiorez|\u2026..\n|c|\u2606autiorez|what was the point in that\n|\n|t:|1776547766\n|switch|p1b: Raichu|Raichu, L50, M|100/100\n|turn|3\n|\n|t:|1776547779\n|move|p1b: Raichu|Fake Out|p2a: Starmie\n|-damage|p2a: Starmie|90/100\n|-activate|p2a: Starmie|ability: Mummy|p1b: Raichu|[ability] Lightning Rod\n|move|p2b: Dragapult|Shadow Ball|p1b: Raichu\n|-damage|p1b: Raichu|40/100\n|-unboost|p1b: Raichu|spd|1\n|move|p1a: Espathra|Lumina Crash|p2b: Dragapult\n|-damage|p2b: Dragapult|0 fnt\n|faint|p2b: Dragapult\n|cant|p2a: Starmie|flinch\n|\n|-ability|p1a: Espathra|Speed Boost|boost\n|-boost|p1a: Espathra|spe|1\n|upkeep\n|\n|t:|1776547788\n|switch|p2b: Jolteon|Jolteon, L50, F|100/100\n|turn|4\n|inactive|Ashe_Cheikes has 30 seconds left.\n|inactive|Ashe_Cheikes has 20 seconds left.\n|inactive|Ashe_Cheikes has 15 seconds left.\n|\n|t:|1776547829\n|move|p1a: Espathra|Protect|p1a: Espathra\n|-singleturn|p1a: Espathra|Protect\n|move|p2b: Jolteon|Thunderbolt|p1a: Espathra\n|-activate|p1a: Espathra|move: Protect\n|move|p2a: Starmie|Liquidation|p1b: Raichu\n|-damage|p1b: Raichu|0 fnt\n|faint|p1b: Raichu\n|\n|-ability|p1a: Espathra|Speed Boost|boost\n|-boost|p1a: Espathra|spe|1\n|upkeep\n|\n|t:|1776547838\n|switch|p1b: Gallade|Gallade, L50, M|100/100\n|turn|5\n|\n|t:|1776547857\n|detailschange|p1b: Gallade|Gallade-Mega, L50, M\n|-mega|p1b: Gallade|Gallade|Galladite\n|move|p2a: Starmie|Protect|p2a: Starmie\n|-singleturn|p2a: Starmie|Protect\n|move|p1a: Espathra|Lumina Crash|p2a: Starmie\n|-activate|p2a: Starmie|move: Protect\n|move|p2b: Jolteon|Thunderbolt|p1a: Espathra\n|-damage|p1a: Espathra|0 fnt\n|faint|p1a: Espathra\n|move|p1b: Gallade|Sacred Sword|p2a: Starmie\n|-activate|p2a: Starmie|move: Protect\n|\n|upkeep\n|turn|6\n|c|\u2606autiorez|gg\n|-message|Ashe_Cheikes forfeited.\n|\n|win|autiorez\n|raw|Ashe_Cheikes's rating: 1188 &rarr; <strong>1163</strong><br />(-25 for losing)\n|raw|autiorez's rating: 1182 &rarr; <strong>1207</strong><br />(+25 for winning)\n|l|\u2606Ashe_Cheikes\n|player|p1|\n|c|\u2606autiorez|speed boost is nothing without power\n",
  "uploadtime": 1776547875,
  "views": 11,
  "formatid": "gen9championsvgc2026regma",
  "rating": 1163,
  "private": 0,
  "password": null
}