{
  "id": "gen9championsvgc2026regma-2586577665",
  "format": "[Gen 9 Champions] VGC 2026 Reg M-A",
  "players": [
    "1#MiraidonHater",
    "Lone Thief"
  ],
  "log": "|j|\u26061#MiraidonHater\n|j|\u2606Lone Thief\n|t:|1776444376\n|gametype|doubles\n|player|p1|1#MiraidonHater|1|1360\n|player|p2|Lone Thief|gambler|1366\n|gen|9\n|tier|[Gen 9 Champions] VGC 2026 Reg M-A\n|rated|\n|rule|Species Clause: Limit one of each Pok\u00e9mon\n|rule|Item Clause: Limit 1 of each item\n|clearpoke\n|poke|p1|Gardevoir, L50, M|\n|poke|p1|Basculegion, L50, M|\n|poke|p1|Tsareena, L50, F|\n|poke|p1|Incineroar, L50, F|\n|poke|p1|Pelipper, L50, F|\n|poke|p1|Archaludon, L50, M|\n|poke|p2|Floette-Eternal, L50, F|\n|poke|p2|Aerodactyl, L50, F|\n|poke|p2|Incineroar, L50, M|\n|poke|p2|Sinistcha, L50|\n|poke|p2|Kingambit, L50, M|\n|poke|p2|Froslass, L50, F|\n|teampreview|4\n|inactive|Battle timer is ON: inactive players will automatically lose when time's up. (requested by Lone Thief)\n|inactive|1#MiraidonHater has 60 seconds left.\n|\n|t:|1776444417\n|teamsize|p1|4\n|teamsize|p2|4\n|start\n|switch|p1a: Basculegion|Basculegion, L50, M|100/100\n|switch|p1b: Tsareena|Tsareena, L50, F|100/100\n|switch|p2a: Floette|Floette-Eternal, L50, F|100/100\n|switch|p2b: Aerodactyl|Aerodactyl, L50, F|100/100\n|-ability|p2b: Aerodactyl|Unnerve\n|turn|1\n|\n|t:|1776444433\n|detailschange|p2a: Floette|Floette-Mega, L50, F\n|-mega|p2a: Floette|Floette|Floettite\n|-ability|p2a: Floette|Fairy Aura\n|move|p2a: Floette|Protect|p2a: Floette\n|-singleturn|p2a: Floette|Protect\n|move|p1a: Basculegion|Wave Crash|p2a: Floette\n|-activate|p2a: Floette|move: Protect\n|move|p2b: Aerodactyl|Dual Wingbeat|p1b: Tsareena\n|-supereffective|p1b: Tsareena|1\n|-damage|p1b: Tsareena|64/100\n|-supereffective|p1b: Tsareena|1\n|-damage|p1b: Tsareena|30/100\n|-hitcount|p1b: Tsareena|2\n|move|p1b: Tsareena|Triple Axel|p2b: Aerodactyl\n|-supereffective|p2b: Aerodactyl|1\n|-damage|p2b: Aerodactyl|80/100\n|-supereffective|p2b: Aerodactyl|1\n|-damage|p2b: Aerodactyl|39/100\n|-supereffective|p2b: Aerodactyl|1\n|-damage|p2b: Aerodactyl|0 fnt\n|-enditem|p1b: Tsareena|Sitrus Berry|[eat]\n|-heal|p1b: Tsareena|55/100|[from] item: Sitrus Berry\n|faint|p2b: Aerodactyl\n|-hitcount|p2: Aerodactyl|3\n|\n|upkeep\n|\n|t:|1776444456\n|switch|p2b: Incineroar|Incineroar, L50, M|100/100\n|-ability|p2b: Incineroar|Intimidate|boost\n|-unboost|p1a: Basculegion|atk|1\n|-unboost|p1b: Tsareena|atk|1\n|turn|2\n|\n|t:|1776444476\n|move|p1a: Basculegion|Wave Crash|p2a: Floette\n|-damage|p2a: Floette|56/100\n|-damage|p1a: Basculegion|87/100|[from] Recoil\n|move|p2a: Floette|Dazzling Gleam|p1b: Tsareena|[spread] p1a,p1b\n|-damage|p1a: Basculegion|39/100\n|-damage|p1b: Tsareena|18/100\n|move|p1b: Tsareena|Trop Kick|p2a: Floette\n|-damage|p2a: Floette|31/100\n|-unboost|p2a: Floette|atk|1\n|move|p2b: Incineroar|Parting Shot|p1a: Basculegion\n|-unboost|p1a: Basculegion|atk|1\n|-unboost|p1a: Basculegion|spa|1\n|\n|t:|1776444489\n|switch|p2b: Sinistcha|Sinistcha, L50|100/100|[from] Parting Shot\n|-heal|p2a: Floette|56/100|[from] ability: Hospitality|[of] p2b: Sinistcha\n|\n|upkeep\n|turn|3\n|inactive|1#MiraidonHater has 30 seconds left.\n|\n|t:|1776444523\n|switch|p1a: EVERY LAST DROP|Archaludon, L50, M|100/100\n|switch|p2b: Incineroar|Incineroar, L50, M|100/100\n|-ability|p2b: Incineroar|Intimidate|boost\n|-unboost|p1a: EVERY LAST DROP|atk|1\n|-unboost|p1b: Tsareena|atk|1\n|move|p1b: Tsareena|Protect|p1b: Tsareena\n|-singleturn|p1b: Tsareena|Protect\n|move|p2a: Floette|Draining Kiss|p1b: Tsareena\n|-activate|p1b: Tsareena|move: Protect\n|\n|upkeep\n|turn|4\n|\n|t:|1776444536\n|switch|p1b: Pelipper|Pelipper, L50, F|100/100\n|-weather|RainDance|[from] ability: Drizzle|[of] p1b: Pelipper\n|move|p2b: Incineroar|Fake Out|p1a: EVERY LAST DROP\n|-resisted|p1a: EVERY LAST DROP|1\n|-damage|p1a: EVERY LAST DROP|96/100\n|cant|p1a: EVERY LAST DROP|flinch\n|move|p2a: Floette|Dazzling Gleam|p1a: EVERY LAST DROP|[spread] p1a,p1b\n|-damage|p1a: EVERY LAST DROP|32/100\n|-damage|p1b: Pelipper|29/100\n|\n|-weather|RainDance|[upkeep]\n|upkeep\n|turn|5\n|\n|t:|1776444549\n|switch|p2b: Sinistcha|Sinistcha, L50|100/100\n|-heal|p2a: Floette|81/100|[from] ability: Hospitality|[of] p2b: Sinistcha\n|move|p1b: Pelipper|Wide Guard|p1b: Pelipper\n|-singleturn|p1b: Pelipper|Wide Guard\n|move|p1a: EVERY LAST DROP|Electro Shot||[still]\n|-prepare|p1a: EVERY LAST DROP|Electro Shot\n|-boost|p1a: EVERY LAST DROP|spa|1\n|-anim|p1a: EVERY LAST DROP|Electro Shot|p2a: Floette\n|-damage|p2a: Floette|18/100\n|move|p2a: Floette|Dazzling Gleam|p1a: EVERY LAST DROP|[spread] \n|-activate|p1a: EVERY LAST DROP|move: Wide Guard\n|-activate|p1b: Pelipper|move: Wide Guard\n|\n|-weather|RainDance|[upkeep]\n|upkeep\n|turn|6\n|inactive|1#MiraidonHater has 30 seconds left.\n|\n|t:|1776444579\n|move|p2b: Sinistcha|Rage Powder|p2b: Sinistcha\n|-singleturn|p2b: Sinistcha|move: Rage Powder\n|move|p1a: EVERY LAST DROP|Flash Cannon|p2b: Sinistcha\n|-damage|p2b: Sinistcha|26/100\n|-enditem|p2b: Sinistcha|Sitrus Berry|[eat]\n|-heal|p2b: Sinistcha|50/100|[from] item: Sitrus Berry\n|move|p1b: Pelipper|Tailwind|p1b: Pelipper\n|-sidestart|p1: 1#MiraidonHater|move: Tailwind\n|move|p2a: Floette|Draining Kiss|p1b: Pelipper\n|-damage|p1b: Pelipper|0 fnt\n|-heal|p2a: Floette|34/100|[from] drain|[of] p1b: Pelipper\n|faint|p1b: Pelipper\n|\n|-weather|RainDance|[upkeep]\n|upkeep\n|\n|t:|1776444589\n|switch|p1b: Basculegion|Basculegion, L50, M|39/100\n|turn|7\n|\n|t:|1776444597\n|switch|p2b: Incineroar|Incineroar, L50, M|100/100\n|-ability|p2b: Incineroar|Intimidate|boost\n|-unboost|p1a: EVERY LAST DROP|atk|1\n|-unboost|p1b: Basculegion|atk|1\n|move|p2a: Floette|Protect|p2a: Floette\n|-singleturn|p2a: Floette|Protect\n|move|p1b: Basculegion|Last Respects|p2b: Incineroar\n|-resisted|p2b: Incineroar|1\n|-damage|p2b: Incineroar|81/100\n|move|p1a: EVERY LAST DROP|Flash Cannon|p2a: Floette\n|-activate|p2a: Floette|move: Protect\n|\n|-weather|RainDance|[upkeep]\n|-heal|p2b: Incineroar|87/100|[from] item: Leftovers\n|upkeep\n|turn|8\n|inactive|Lone Thief has 30 seconds left.\n|\n|t:|1776444628\n|switch|p1b: Tsareena|Tsareena, L50, F|18/100\n|switch|p2a: Sinistcha|Sinistcha, L50|50/100\n|-heal|p2b: Incineroar|100/100|[from] ability: Hospitality|[of] p2a: Sinistcha\n|move|p1a: EVERY LAST DROP|Flash Cannon|p2a: Sinistcha\n|-damage|p2a: Sinistcha|0 fnt\n|faint|p2a: Sinistcha\n|move|p2b: Incineroar|Snarl|p1b: Tsareena|[spread] p1b\n|-miss|p2b: Incineroar|p1a: EVERY LAST DROP\n|-damage|p1b: Tsareena|7/100\n|-unboost|p1b: Tsareena|spa|1\n|\n|-weather|none\n|upkeep\n|\n|t:|1776444641\n|switch|p2a: Floette|Floette-Mega, L50, F|34/100\n|-ability|p2a: Floette|Fairy Aura\n|turn|9\n|\n|t:|1776444658\n|move|p2a: Floette|Protect|p2a: Floette\n|-singleturn|p2a: Floette|Protect\n|move|p1a: EVERY LAST DROP|Draco Meteor|p2b: Incineroar\n|-damage|p2b: Incineroar|12/100\n|-unboost|p1a: EVERY LAST DROP|spa|2\n|move|p1b: Tsareena|Trop Kick|p2a: Floette\n|-activate|p2a: Floette|move: Protect\n|move|p2b: Incineroar|Flare Blitz|p1a: EVERY LAST DROP\n|-damage|p1a: EVERY LAST DROP|0 fnt\n|faint|p1a: EVERY LAST DROP\n|-damage|p2b: Incineroar|4/100|[from] Recoil\n|\n|-heal|p2b: Incineroar|10/100|[from] item: Leftovers\n|-sideend|p1: 1#MiraidonHater|move: Tailwind\n|upkeep\n|\n|t:|1776444661\n|switch|p1a: Basculegion|Basculegion, L50, M|39/100\n|turn|10\n|\n|t:|1776444675\n|move|p1a: Basculegion|Wave Crash|p2a: Floette\n|-crit|p2a: Floette\n|-damage|p2a: Floette|0 fnt\n|faint|p2a: Floette\n|-damage|p1a: Basculegion|29/100|[from] Recoil\n|move|p1b: Tsareena|Low Kick|p2b: Incineroar\n|-supereffective|p2b: Incineroar|1\n|-damage|p2b: Incineroar|0 fnt\n|faint|p2b: Incineroar\n|\n|win|1#MiraidonHater\n",
  "uploadtime": 1776444381,
  "views": 18,
  "formatid": "gen9championsvgc2026regma",
  "rating": null,
  "private": 0,
  "password": null
}