{
  "id": "gen9championsvgc2026regma-2580999831",
  "format": "[Gen 9 Champions] VGC 2026 Reg M-A",
  "players": [
    "CroatianGolurk",
    "DragonairJordan23"
  ],
  "log": "|j|\u2606CroatianGolurk\n|j|\u2606DragonairJordan23\n|t:|1775950454\n|gametype|doubles\n|player|p1|CroatianGolurk|101|1000\n|player|p2|DragonairJordan23|dancer|1100\n|gen|9\n|tier|[Gen 9 Champions] VGC 2026 Reg M-A\n|rated|\n|rule|Species Clause: Limit one of each Pok\u00e9mon\n|rule|Item Clause: Limit 1 of each item\n|clearpoke\n|poke|p1|Garchomp, L50, F|\n|poke|p1|Ninetales-Alola, L50, F|\n|poke|p1|Golurk, L50|\n|poke|p1|Orthworm, L50, M|\n|poke|p1|Delphox, L50, M|\n|poke|p1|Sneasler, L50, F|\n|poke|p2|Aegislash, L50, M|\n|poke|p2|Incineroar, L50, M|\n|poke|p2|Venusaur, L50, F|\n|poke|p2|Clefable, L50, M|\n|teampreview|4\n|\n|t:|1775950477\n|teamsize|p1|4\n|teamsize|p2|4\n|start\n|switch|p1a: Orthworm|Orthworm, L50, M|100/100\n|switch|p1b: Garchomp|Garchomp, L50, F|100/100\n|switch|p2a: Venusaur|Venusaur, L50, F|100/100\n|switch|p2b: Incineroar|Incineroar, L50, M|100/100\n|-ability|p2b: Incineroar|Intimidate|boost\n|-unboost|p1a: Orthworm|atk|1\n|-unboost|p1b: Garchomp|atk|1\n|turn|1\n|\n|t:|1775950492\n|detailschange|p2a: Venusaur|Venusaur-Mega, L50, F\n|-mega|p2a: Venusaur|Venusaur|Venusaurite\n|move|p2b: Incineroar|Fake Out|p1a: Orthworm\n|-resisted|p1a: Orthworm|1\n|-damage|p1a: Orthworm|98/100\n|move|p1b: Garchomp|Rock Slide|p2b: Incineroar|[spread] p2a,p2b\n|-supereffective|p2b: Incineroar|1\n|-damage|p2a: Venusaur|92/100\n|-damage|p2b: Incineroar|78/100\n|move|p2a: Venusaur|Leech Seed|p1b: Garchomp\n|-start|p1b: Garchomp|move: Leech Seed\n|cant|p1a: Orthworm|flinch\n|\n|-damage|p1b: Garchomp|88/100|[from] Leech Seed|[of] p2a: Venusaur\n|-heal|p2a: Venusaur|100/100|[silent]\n|upkeep\n|turn|2\n|\n|t:|1775950507\n|move|p1b: Garchomp|Rock Slide|p2b: Incineroar|[spread] p2a,p2b\n|-supereffective|p2b: Incineroar|1\n|-damage|p2a: Venusaur|92/100\n|-damage|p2b: Incineroar|54/100\n|cant|p2b: Incineroar|flinch\n|move|p2a: Venusaur|Leech Seed|p1a: Orthworm|[miss]\n|-miss|p2a: Venusaur|p1a: Orthworm\n|move|p1a: Orthworm|Shed Tail|p1a: Orthworm\n|-start|p1a: Orthworm|Substitute|[from] move: Shed Tail\n|-damage|p1a: Orthworm|48/100\n|-enditem|p1a: Orthworm|Sitrus Berry|[eat]\n|-heal|p1a: Orthworm|73/100|[from] item: Sitrus Berry\n|\n|t:|1775950520\n|switch|p1a: Delphox|Delphox, L50, M|100/100|[from] Shed Tail\n|\n|-damage|p1b: Garchomp|76/100|[from] Leech Seed|[of] p2a: Venusaur\n|-heal|p2a: Venusaur|100/100|[silent]\n|upkeep\n|turn|3\n|\n|t:|1775950539\n|switch|p1b: Sneasler|Sneasler, L50, F|100/100\n|switch|p2a: Aegislash|Aegislash, L50, M|100/100\n|detailschange|p1a: Delphox|Delphox-Mega, L50, M\n|-mega|p1a: Delphox|Delphox|Delphoxite\n|move|p1a: Delphox|Calm Mind|p1a: Delphox\n|-boost|p1a: Delphox|spa|1\n|-boost|p1a: Delphox|spd|1\n|move|p2b: Incineroar|Parting Shot|p1a: Delphox\n|-unboost|p1a: Delphox|atk|1\n|-unboost|p1a: Delphox|spa|1\n|\n|t:|1775950550\n|switch|p2b: Venusaur|Venusaur-Mega, L50, F|100/100|[from] Parting Shot\n|\n|upkeep\n|turn|4\n|\n|t:|1775950569\n|switch|p2b: Incineroar|Incineroar, L50, M|54/100\n|-ability|p2b: Incineroar|Intimidate|boost\n|-immune|p1a: Delphox\n|-unboost|p1b: Sneasler|atk|1\n|move|p1b: Sneasler|Fake Out|p2b: Incineroar\n|-damage|p2b: Incineroar|46/100\n|move|p1a: Delphox|Calm Mind|p1a: Delphox\n|-boost|p1a: Delphox|spa|1\n|-boost|p1a: Delphox|spd|1\n|move|p2a: Aegislash|Substitute|p2a: Aegislash\n|-start|p2a: Aegislash|Substitute\n|-damage|p2a: Aegislash|76/100\n|\n|-heal|p2a: Aegislash|82/100|[from] item: Leftovers\n|upkeep\n|turn|5\n|\n|t:|1775950584\n|switch|p1b: Garchomp|Garchomp, L50, F|76/100\n|move|p1a: Delphox|Heat Wave|p2a: Aegislash|[spread] p2a,p2b\n|-supereffective|p2a: Aegislash|1\n|-end|p2a: Aegislash|Substitute\n|-resisted|p2b: Incineroar|1\n|-damage|p2b: Incineroar|19/100\n|move|p2b: Incineroar|Throat Chop|p1a: Delphox\n|-supereffective|p1a: Delphox|1\n|-end|p1a: Delphox|Substitute\n|-formechange|p2a: Aegislash|Aegislash-Blade|\n|move|p2a: Aegislash|Shadow Ball|p1a: Delphox\n|-supereffective|p1a: Delphox|1\n|-damage|p1a: Delphox|64/100\n|\n|-heal|p2a: Aegislash|88/100|[from] item: Leftovers\n|upkeep\n|turn|6\n|inactive|Battle timer is ON: inactive players will automatically lose when time's up. (requested by CroatianGolurk)\n|\n|t:|1775950622\n|switch|p2b: Venusaur|Venusaur-Mega, L50, F|100/100\n|-formechange|p2a: Aegislash|Aegislash|\n|move|p2a: Aegislash|King's Shield|p2a: Aegislash\n|-singleturn|p2a: Aegislash|Protect\n|move|p1b: Garchomp|Earthquake|p2a: Aegislash|[spread] p2b\n|-activate|p2a: Aegislash|move: Protect\n|-immune|p1a: Delphox|[from] ability: Levitate\n|-damage|p2b: Venusaur|71/100\n|move|p1a: Delphox|Heat Wave|p2a: Aegislash|[spread] p2b\n|-activate|p2a: Aegislash|move: Protect\n|-supereffective|p2b: Venusaur|1\n|-damage|p2b: Venusaur|28/100\n|\n|-heal|p2a: Aegislash|94/100|[from] item: Leftovers\n|upkeep\n|turn|7\n|\n|t:|1775950645\n|switch|p2b: Incineroar|Incineroar, L50, M|19/100\n|-ability|p2b: Incineroar|Intimidate|boost\n|-unboost|p1a: Delphox|atk|1\n|-unboost|p1b: Garchomp|atk|1\n|move|p1b: Garchomp|Earthquake|p2a: Aegislash|[spread] p2a,p2b\n|-immune|p1a: Delphox|[from] ability: Levitate\n|-supereffective|p2a: Aegislash|1\n|-supereffective|p2b: Incineroar|1\n|-damage|p2a: Aegislash|53/100\n|-damage|p2b: Incineroar|0 fnt\n|faint|p2b: Incineroar\n|move|p1a: Delphox|Heat Wave|p2a: Aegislash\n|-supereffective|p2a: Aegislash|1\n|-damage|p2a: Aegislash|0 fnt\n|faint|p2a: Aegislash\n|\n|upkeep\n|\n|t:|1775950657\n|switch|p2b: Clefable|Clefable, L50, M|100/100\n|switch|p2a: Venusaur|Venusaur-Mega, L50, F|28/100\n|turn|8\n|\n|t:|1775950662\n|move|p2a: Venusaur|Protect|p2a: Venusaur\n|-singleturn|p2a: Venusaur|Protect\n|move|p1b: Garchomp|Earthquake|p2a: Venusaur|[spread] p2b\n|-activate|p2a: Venusaur|move: Protect\n|-immune|p1a: Delphox|[from] ability: Levitate\n|-damage|p2b: Clefable|72/100\n|move|p1a: Delphox|Psychic|p2a: Venusaur\n|-activate|p2a: Venusaur|move: Protect\n|move|p2b: Clefable|Life Dew|p2b: Clefable|[spread] p2a,p2b\n|-heal|p2a: Venusaur|53/100\n|-heal|p2b: Clefable|98/100\n|\n|upkeep\n|turn|9\n|\n|t:|1775950679\n|move|p2b: Clefable|Follow Me|p2b: Clefable\n|-singleturn|p2b: Clefable|move: Follow Me\n|move|p1b: Garchomp|Earthquake|p2b: Clefable|[spread] p2a,p2b\n|-immune|p1a: Delphox|[from] ability: Levitate\n|-damage|p2a: Venusaur|37/100\n|-damage|p2b: Clefable|67/100\n|move|p1a: Delphox|Psychic|p2b: Clefable\n|-damage|p2b: Clefable|18/100\n|-unboost|p2b: Clefable|spd|1\n|-enditem|p2b: Clefable|Sitrus Berry|[eat]\n|-heal|p2b: Clefable|43/100|[from] item: Sitrus Berry\n|move|p2a: Venusaur|Leech Seed|p1a: Delphox\n|-start|p1a: Delphox|move: Leech Seed\n|\n|-damage|p1a: Delphox|52/100|[from] Leech Seed|[of] p2a: Venusaur\n|-heal|p2a: Venusaur|49/100|[silent]\n|upkeep\n|turn|10\n|\n|t:|1775950701\n|move|p2a: Venusaur|Protect|p2a: Venusaur\n|-singleturn|p2a: Venusaur|Protect\n|move|p2b: Clefable|Protect|p2b: Clefable\n|-singleturn|p2b: Clefable|Protect\n|move|p1b: Garchomp|Earthquake|p2b: Clefable|[spread] \n|-activate|p2a: Venusaur|move: Protect\n|-activate|p2b: Clefable|move: Protect\n|-immune|p1a: Delphox|[from] ability: Levitate\n|move|p1a: Delphox|Calm Mind|p1a: Delphox\n|-boost|p1a: Delphox|spa|1\n|-boost|p1a: Delphox|spd|1\n|\n|-damage|p1a: Delphox|40/100|[from] Leech Seed|[of] p2a: Venusaur\n|-heal|p2a: Venusaur|60/100|[silent]\n|upkeep\n|turn|11\n|\n|t:|1775950719\n|move|p1b: Garchomp|Earthquake|p2a: Venusaur|[spread] p2a,p2b\n|-immune|p1a: Delphox|[from] ability: Levitate\n|-damage|p2a: Venusaur|43/100\n|-damage|p2b: Clefable|13/100\n|move|p1a: Delphox|Heat Wave|p2a: Venusaur|[spread] p2a,p2b\n|-supereffective|p2a: Venusaur|1\n|-damage|p2a: Venusaur|0 fnt\n|-damage|p2b: Clefable|0 fnt\n|faint|p2a: Venusaur\n|faint|p2b: Clefable\n|\n|win|CroatianGolurk\n|raw|CroatianGolurk's rating: 1000 &rarr; <strong>1051</strong><br />(+51 for winning)\n|raw|DragonairJordan23's rating: 1100 &rarr; <strong>1068</strong><br />(-32 for losing)\n",
  "uploadtime": 1775950720,
  "views": 10,
  "formatid": "gen9championsvgc2026regma",
  "rating": 1051,
  "private": 0,
  "password": null
}