{
  "id": "gen9championsvgc2026regma-2585049533",
  "format": "[Gen 9 Champions] VGC 2026 Reg M-A",
  "players": [
    "MuhFugginPenguin",
    "rgeee"
  ],
  "log": "|j|\u2606MuhFugginPenguin\n|j|\u2606rgeee\n|t:|1776306721\n|gametype|doubles\n|player|p1|MuhFugginPenguin|2|1358\n|player|p2|rgeee|1|1259\n|gen|9\n|tier|[Gen 9 Champions] VGC 2026 Reg M-A\n|rated|\n|rule|Species Clause: Limit one of each Pok\u00e9mon\n|rule|Item Clause: Limit 1 of each item\n|clearpoke\n|poke|p1|Aerodactyl, L50, F|\n|poke|p1|Milotic, L50, F|\n|poke|p1|Sneasler, L50, M|\n|poke|p1|Rotom-Heat, L50|\n|poke|p1|Kingambit, L50, F|\n|poke|p1|Chesnaught, L50, F|\n|poke|p2|Cofagrigus, L50, M|\n|poke|p2|Torkoal, L50, M|\n|poke|p2|Dragapult, L50, F|\n|poke|p2|Farigiraf, L50, F|\n|poke|p2|Kangaskhan, L50, F|\n|poke|p2|Crabominable, L50, F|\n|teampreview|4\n|\n|t:|1776306782\n|teamsize|p1|4\n|teamsize|p2|4\n|start\n|switch|p1a: Kingambit|Kingambit, L50, F, shiny|100/100\n|switch|p1b: Chesnaught|Chesnaught, L50, F, shiny|100/100\n|switch|p2a: Cofagrigus|Cofagrigus, L50, M|100/100\n|switch|p2b: Dragapult|Dragapult, L50, F|100/100\n|turn|1\n|\n|t:|1776306812\n|detailschange|p1b: Chesnaught|Chesnaught-Mega, L50, F, shiny\n|-mega|p1b: Chesnaught|Chesnaught|Chesnaughtite\n|move|p2b: Dragapult|Dragon Darts|p1b: Chesnaught\n|-damage|p1b: Chesnaught|86/100\n|-anim|p2b: Dragapult|Dragon Darts|p1a: Kingambit\n|-resisted|p1a: Kingambit|1\n|-damage|p1a: Kingambit|92/100\n|move|p1a: Kingambit|Kowtow Cleave|p2b: Dragapult\n|-supereffective|p2b: Dragapult|1\n|-enditem|p2b: Dragapult|Focus Sash\n|-damage|p2b: Dragapult|1/100\n|move|p1b: Chesnaught|Leech Seed|p2a: Cofagrigus\n|-start|p2a: Cofagrigus|move: Leech Seed\n|move|p2a: Cofagrigus|Trick Room|p2a: Cofagrigus\n|-fieldstart|move: Trick Room|[of] p2a: Cofagrigus\n|\n|-damage|p2a: Cofagrigus|88/100|[from] Leech Seed|[of] p1b: Chesnaught\n|-heal|p1b: Chesnaught|97/100|[silent]\n|upkeep\n|turn|2\n|\n|t:|1776306846\n|move|p1a: Kingambit|Protect|p1a: Kingambit\n|-singleturn|p1a: Kingambit|Protect\n|move|p2a: Cofagrigus|Body Press|p1a: Kingambit\n|-activate|p1a: Kingambit|move: Protect\n|move|p1b: Chesnaught|Wood Hammer|p2b: Dragapult\n|-resisted|p2b: Dragapult|1\n|-damage|p2b: Dragapult|0 fnt\n|faint|p2b: Dragapult\n|-damage|p1b: Chesnaught|96/100|[from] Recoil\n|\n|-damage|p2a: Cofagrigus|76/100|[from] Leech Seed|[of] p1b: Chesnaught\n|-heal|p1b: Chesnaught|100/100|[silent]\n|upkeep\n|\n|t:|1776306851\n|switch|p2b: Torkoal|Torkoal, L50, M|100/100\n|-weather|SunnyDay|[from] ability: Drought|[of] p2b: Torkoal\n|turn|3\n|\n|t:|1776306873\n|move|p1b: Chesnaught|Spiky Shield|p1b: Chesnaught\n|-singleturn|p1b: Chesnaught|move: Protect\n|move|p2a: Cofagrigus|Ally Switch|p2a: Cofagrigus\n|swap|p2a: Cofagrigus|1|[from] move: Ally Switch\n|move|p1a: Kingambit|Sucker Punch||[still]\n|-fail|p1a: Kingambit\n|move|p2a: Torkoal|Eruption|p1a: Kingambit|[spread] p1a\n|-activate|p1b: Chesnaught|move: Protect\n|-supereffective|p1a: Kingambit|1\n|-damage|p1a: Kingambit|0 fnt\n|faint|p1a: Kingambit\n|\n|-weather|SunnyDay|[upkeep]\n|-damage|p2b: Cofagrigus|64/100|[from] Leech Seed|[of] p1b: Chesnaught\n|upkeep\n|\n|t:|1776306888\n|switch|p1a: Rotom|Rotom-Heat, L50, shiny|100/100\n|turn|4\n|\n|t:|1776306899\n|switch|p1b: Sneasler|Sneasler, L50, M|100/100\n|move|p2a: Torkoal|Eruption|p1a: Rotom|[spread] p1a,p1b\n|-resisted|p1a: Rotom|1\n|-damage|p1a: Rotom|52/100\n|-damage|p1b: Sneasler|0 fnt\n|faint|p1b: Sneasler\n|move|p2b: Cofagrigus|Fake Tears|p1a: Rotom\n|-unboost|p1a: Rotom|spd|2\n|move|p1a: Rotom|Thunderbolt|p2a: Torkoal\n|-damage|p2a: Torkoal|46/100\n|\n|-weather|SunnyDay|[upkeep]\n|upkeep\n|\n|t:|1776306914\n|switch|p1b: Chesnaught|Chesnaught-Mega, L50, F, shiny|100/100\n|turn|5\n|\n|t:|1776306924\n|move|p1b: Chesnaught|Spiky Shield|p1b: Chesnaught\n|-singleturn|p1b: Chesnaught|move: Protect\n|move|p1a: Rotom|Protect|p1a: Rotom\n|-singleturn|p1a: Rotom|Protect\n|move|p2b: Cofagrigus|Ally Switch|p2b: Cofagrigus\n|swap|p2b: Cofagrigus|0|[from] move: Ally Switch\n|move|p2b: Torkoal|Heat Wave|p1a: Rotom|[spread] \n|-activate|p1a: Rotom|move: Protect\n|-activate|p1b: Chesnaught|move: Protect\n|\n|-weather|SunnyDay|[upkeep]\n|-damage|p2a: Cofagrigus|52/100|[from] Leech Seed|[of] p1b: Chesnaught\n|-fieldend|move: Trick Room\n|upkeep\n|turn|6\n|\n|t:|1776306942\n|move|p2b: Torkoal|Protect|p2b: Torkoal\n|-singleturn|p2b: Torkoal|Protect\n|move|p1a: Rotom|Overheat|p2a: Cofagrigus\n|-damage|p2a: Cofagrigus|0 fnt\n|-unboost|p1a: Rotom|spa|2\n|faint|p2a: Cofagrigus\n|move|p1b: Chesnaught|Body Press|p2b: Torkoal\n|-activate|p2b: Torkoal|move: Protect\n|\n|-weather|SunnyDay|[upkeep]\n|upkeep\n|\n|t:|1776306947\n|switch|p2a: Crabominable|Crabominable, L50, F|100/100\n|turn|7\n|\n|t:|1776306967\n|detailschange|p2a: Crabominable|Crabominable-Mega, L50, F\n|-mega|p2a: Crabominable|Crabominable|Crabominite\n|move|p2a: Crabominable|Mach Punch|p1a: Rotom\n|-damage|p1a: Rotom|14/100\n|move|p1a: Rotom|Thunderbolt|p2b: Torkoal\n|-crit|p2b: Torkoal\n|-damage|p2b: Torkoal|0 fnt\n|faint|p2b: Torkoal\n|move|p1b: Chesnaught|Body Press|p2a: Crabominable\n|-supereffective|p2a: Crabominable|1\n|-damage|p2a: Crabominable|20/100\n|\n|-weather|none\n|upkeep\n|turn|8\n|\n|t:|1776306981\n|move|p2a: Crabominable|Mach Punch|p1a: Rotom\n|-damage|p1a: Rotom|0 fnt\n|faint|p1a: Rotom\n|move|p1b: Chesnaught|Body Press|p2a: Crabominable\n|-supereffective|p2a: Crabominable|1\n|-damage|p2a: Crabominable|0 fnt\n|faint|p2a: Crabominable\n|\n|win|MuhFugginPenguin\n|raw|MuhFugginPenguin's rating: 1358 &rarr; <strong>1372</strong><br />(+14 for winning)\n|raw|rgeee's rating: 1259 &rarr; <strong>1241</strong><br />(-18 for losing)\n",
  "uploadtime": 1776306988,
  "views": 30,
  "formatid": "gen9championsvgc2026regma",
  "rating": 1241,
  "private": 0,
  "password": null
}