{
  "id": "gen9championsvgc2026regma-2583885900",
  "format": "[Gen 9 Champions] VGC 2026 Reg M-A",
  "players": [
    "DashingSceptile",
    "Qloser"
  ],
  "log": "|j|\u2606DashingSceptile\n|j|\u2606Qloser\n|t:|1776205465\n|gametype|doubles\n|player|p1|DashingSceptile|kieran-champion|1314\n|player|p2|Qloser|norman|1291\n|gen|9\n|tier|[Gen 9 Champions] VGC 2026 Reg M-A\n|rated|\n|rule|Species Clause: Limit one of each Pok\u00e9mon\n|rule|Item Clause: Limit 1 of each item\n|clearpoke\n|poke|p1|Kingambit, L50, M|\n|poke|p1|Dragonite, L50, F|\n|poke|p1|Pelipper, L50, M|\n|poke|p1|Basculegion, L50, M|\n|poke|p1|Archaludon, L50, M|\n|poke|p1|Sneasler, L50, F|\n|poke|p2|Charizard, L50, M|\n|poke|p2|Kingambit, L50, F|\n|poke|p2|Rotom-Wash, L50|\n|poke|p2|Tyranitar, L50, M|\n|poke|p2|Sinistcha, L50|\n|poke|p2|Excadrill, L50, M|\n|teampreview|4\n|inactive|Battle timer is ON: inactive players will automatically lose when time's up. (requested by Qloser)\n|inactive|DashingSceptile has 60 seconds left.\n|inactive|Qloser has 60 seconds left.\n|\n|t:|1776205505\n|teamsize|p1|4\n|teamsize|p2|4\n|start\n|switch|p1a: Ruth|Sneasler, L50, F, shiny|100/100\n|switch|p1b: Sapphire|Dragonite, L50, F, shiny|100/100\n|switch|p2a: Rotom|Rotom-Wash, L50|100/100\n|switch|p2b: Excadrill|Excadrill, L50, M|100/100\n|turn|1\n|\n|t:|1776205521\n|detailschange|p1b: Sapphire|Dragonite-Mega, L50, F, shiny\n|-mega|p1b: Sapphire|Dragonite|Dragoninite\n|move|p2b: Excadrill|Protect|p2b: Excadrill\n|-singleturn|p2b: Excadrill|Protect\n|move|p2a: Rotom|Protect|p2a: Rotom\n|-singleturn|p2a: Rotom|Protect\n|move|p1a: Ruth|Fake Out|p2a: Rotom\n|-activate|p2a: Rotom|move: Protect\n|move|p1b: Sapphire|Draco Meteor|p2a: Rotom\n|-activate|p2a: Rotom|move: Protect\n|\n|upkeep\n|turn|2\n|\n|t:|1776205536\n|move|p1a: Ruth|Close Combat|p2b: Excadrill\n|-supereffective|p2b: Excadrill|1\n|-enditem|p2b: Excadrill|Focus Sash\n|-damage|p2b: Excadrill|1/100\n|-unboost|p1a: Ruth|def|1\n|-unboost|p1a: Ruth|spd|1\n|-enditem|p1a: Ruth|White Herb\n|-clearnegativeboost|p1a: Ruth|[silent]\n|move|p2b: Excadrill|High Horsepower|p1a: Ruth\n|-supereffective|p1a: Ruth|1\n|-damage|p1a: Ruth|0 fnt\n|faint|p1a: Ruth\n|move|p1b: Sapphire|Draco Meteor|p2a: Rotom\n|-damage|p2a: Rotom|9/100\n|-unboost|p1b: Sapphire|spa|2\n|-enditem|p2a: Rotom|Sitrus Berry|[eat]\n|-heal|p2a: Rotom|34/100|[from] item: Sitrus Berry\n|move|p2a: Rotom|Electroweb|p1b: Sapphire\n|-damage|p1b: Sapphire|90/100\n|-unboost|p1b: Sapphire|spe|1\n|\n|upkeep\n|\n|t:|1776205544\n|switch|p1a: Poseidon|Basculegion, L50, M, shiny|100/100\n|turn|3\n|\n|t:|1776205577\n|switch|p1b: Peeko|Pelipper, L50, M, shiny|100/100\n|-weather|RainDance|[from] ability: Drizzle|[of] p1b: Peeko\n|move|p1a: Poseidon|Last Respects|p2a: Rotom\n|-damage|p2a: Rotom|0 fnt\n|faint|p2a: Rotom\n|move|p2b: Excadrill|High Horsepower|p1a: Poseidon\n|-damage|p1a: Poseidon|29/100\n|\n|-weather|RainDance|[upkeep]\n|upkeep\n|\n|t:|1776205586\n|switch|p2a: Tyranitar|Tyranitar, L50, M|100/100\n|-weather|Sandstorm|[from] ability: Sand Stream|[of] p2a: Tyranitar\n|turn|4\n|\n|t:|1776205603\n|move|p2b: Excadrill|Protect|p2b: Excadrill\n|-singleturn|p2b: Excadrill|Protect\n|move|p2a: Tyranitar|Knock Off|p1a: Poseidon\n|-supereffective|p1a: Poseidon|1\n|-enditem|p1a: Poseidon|Colbur Berry|[eat]\n|-enditem|p1a: Poseidon|Colbur Berry|[weaken]\n|-damage|p1a: Poseidon|0 fnt\n|faint|p1a: Poseidon\n|move|p1b: Peeko|Weather Ball|p2b: Excadrill\n|-activate|p2b: Excadrill|move: Protect\n|\n|-weather|Sandstorm|[upkeep]\n|-damage|p1b: Peeko|95/100|[from] Sandstorm\n|upkeep\n|\n|t:|1776205605\n|switch|p1a: Sapphire|Dragonite-Mega, L50, F, shiny|90/100\n|turn|5\n|\n|t:|1776205621\n|move|p1b: Peeko|Wide Guard|p1b: Peeko\n|-singleturn|p1b: Peeko|Wide Guard\n|move|p2b: Excadrill|Rock Slide|p1b: Peeko|[spread] \n|-activate|p1a: Sapphire|move: Wide Guard\n|-activate|p1b: Peeko|move: Wide Guard\n|move|p2a: Tyranitar|Knock Off|p1b: Peeko\n|-damage|p1b: Peeko|41/100\n|-enditem|p1b: Peeko|Focus Sash|[from] move: Knock Off|[of] p2a: Tyranitar\n|move|p1a: Sapphire|Hurricane|p2b: Excadrill|[miss]\n|-miss|p1a: Sapphire|p2b: Excadrill\n|\n|-weather|Sandstorm|[upkeep]\n|-damage|p1a: Sapphire|84/100|[from] Sandstorm\n|-damage|p1b: Peeko|35/100|[from] Sandstorm\n|upkeep\n|turn|6\n|-message|DashingSceptile forfeited.\n|\n|win|Qloser\n|raw|DashingSceptile's rating: 1314 &rarr; <strong>1293</strong><br />(-21 for losing)\n|raw|Qloser's rating: 1291 &rarr; <strong>1318</strong><br />(+27 for winning)\n",
  "uploadtime": 1776205632,
  "views": 47,
  "formatid": "gen9championsvgc2026regma",
  "rating": 1293,
  "private": 0,
  "password": null
}