{
  "id": "gen9championsvgc2026regma-2586695361",
  "format": "[Gen 9 Champions] VGC 2026 Reg M-A",
  "players": [
    "Avocanoodle",
    "robboneal"
  ],
  "log": "|j|\u2606Avocanoodle\n|j|\u2606robboneal\n|t:|1776452823\n|gametype|doubles\n|player|p1|Avocanoodle|sonia-professor|1060\n|player|p2|robboneal|170|1054\n|gen|9\n|tier|[Gen 9 Champions] VGC 2026 Reg M-A\n|rated|\n|rule|Species Clause: Limit one of each Pok\u00e9mon\n|rule|Item Clause: Limit 1 of each item\n|clearpoke\n|poke|p1|Mudsdale, L50, M|\n|poke|p1|Maushold-Four, L50|\n|poke|p1|Feraligatr, L50, F|\n|poke|p1|Volcarona, L50, M|\n|poke|p1|Aegislash, L50, F|\n|poke|p1|Rotom-Mow, L50|\n|poke|p2|Blastoise, L50, F|\n|poke|p2|Farigiraf, L50, M|\n|poke|p2|Sinistcha, L50|\n|poke|p2|Kingambit, L50, F|\n|poke|p2|Armarouge, L50, M|\n|poke|p2|Aegislash, L50, F|\n|teampreview|4\n|inactive|Battle timer is ON: inactive players will automatically lose when time's up. (requested by Avocanoodle)\n|inactive|Avocanoodle has 60 seconds left.\n|inactive|Avocanoodle has 30 seconds left.\n|inactive|Avocanoodle has 20 seconds left.\n|\n|t:|1776452896\n|teamsize|p1|4\n|teamsize|p2|4\n|start\n|switch|p1a: Rotom|Rotom-Mow, L50|100/100\n|switch|p1b: Feraligatr|Feraligatr, L50, F|100/100\n|switch|p2a: Blastoise|Blastoise, L50, F, shiny|100/100\n|switch|p2b: Farigiraf|Farigiraf, L50, M, shiny|100/100\n|turn|1\n|\n|t:|1776452910\n|detailschange|p1b: Feraligatr|Feraligatr-Mega, L50, F\n|-mega|p1b: Feraligatr|Feraligatr|Feraligite\n|detailschange|p2a: Blastoise|Blastoise-Mega, L50, F, shiny\n|-mega|p2a: Blastoise|Blastoise|Blastoisinite\n|move|p2a: Blastoise|Fake Out|p1a: Rotom\n|-damage|p1a: Rotom|90/100\n|cant|p1a: Rotom|flinch\n|move|p1b: Feraligatr|Double-Edge|p2b: Farigiraf\n|-damage|p2b: Farigiraf|38/100\n|-enditem|p2b: Farigiraf|Sitrus Berry|[eat]\n|-heal|p2b: Farigiraf|63/100|[from] item: Sitrus Berry\n|-damage|p1b: Feraligatr|77/100|[from] Recoil\n|move|p2b: Farigiraf|Trick Room|p2b: Farigiraf\n|-fieldstart|move: Trick Room|[of] p2b: Farigiraf\n|\n|upkeep\n|turn|2\n|inactive|Avocanoodle has 30 seconds left.\n|inactive|Avocanoodle has 20 seconds left.\n|\n|t:|1776452946\n|move|p2b: Farigiraf|Helping Hand|p2a: Blastoise\n|-singleturn|p2a: Blastoise|Helping Hand|[of] p2b: Farigiraf\n|move|p1b: Feraligatr|Protect|p1b: Feraligatr\n|-singleturn|p1b: Feraligatr|Protect\n|move|p2a: Blastoise|Water Spout|p1b: Feraligatr|[spread] p1a\n|-activate|p1b: Feraligatr|move: Protect\n|-resisted|p1a: Rotom|1\n|-damage|p1a: Rotom|34/100\n|move|p1a: Rotom|Leaf Storm|p2a: Blastoise\n|-supereffective|p2a: Blastoise|1\n|-damage|p2a: Blastoise|0 fnt\n|-unboost|p1a: Rotom|spa|2\n|faint|p2a: Blastoise\n|\n|upkeep\n|\n|t:|1776452966\n|switch|p2a: Sinistcha|Sinistcha, L50, shiny|100/100\n|-heal|p2b: Farigiraf|87/100|[from] ability: Hospitality|[of] p2a: Sinistcha\n|turn|3\n|\n|t:|1776452979\n|move|p2b: Farigiraf|Twin Beam|p1a: Rotom\n|-damage|p1a: Rotom|16/100\n|-damage|p1a: Rotom|0 fnt\n|faint|p1a: Rotom\n|-hitcount|p1: Rotom|2\n|move|p2a: Sinistcha|Matcha Gotcha|p1b: Feraligatr\n|-damage|p1b: Feraligatr|47/100\n|move|p1b: Feraligatr|Double-Edge|p2a: Sinistcha\n|-damage|p2a: Sinistcha|23/100\n|-damage|p1b: Feraligatr|23/100|[from] Recoil\n|\n|upkeep\n|\n|t:|1776452993\n|switch|p1a: Volcarona|Volcarona, L50, M, shiny|100/100\n|turn|4\n|\n|t:|1776453002\n|move|p1b: Feraligatr|Protect|p1b: Feraligatr\n|-singleturn|p1b: Feraligatr|Protect\n|move|p2b: Farigiraf|Twin Beam|p1a: Volcarona\n|-damage|p1a: Volcarona|88/100\n|-damage|p1a: Volcarona|77/100\n|-hitcount|p1a: Volcarona|2\n|move|p2a: Sinistcha|Matcha Gotcha|p1b: Feraligatr|[spread] p1a\n|-activate|p1b: Feraligatr|move: Protect\n|-resisted|p1a: Volcarona|2\n|-damage|p1a: Volcarona|72/100\n|-heal|p2a: Sinistcha|26/100|[from] drain|[of] p1a: Volcarona\n|move|p1a: Volcarona|Mystical Fire|p2a: Sinistcha\n|-supereffective|p2a: Sinistcha|1\n|-damage|p2a: Sinistcha|0 fnt\n|faint|p2a: Sinistcha\n|\n|upkeep\n|\n|t:|1776453021\n|switch|p2a: Kingambit|Kingambit, L50, F|100/100\n|turn|5\n|\n|t:|1776453034\n|switch|p1b: Mudsdale|Mudsdale, L50, M|100/100\n|move|p2a: Kingambit|Kowtow Cleave|p1a: Volcarona\n|-damage|p1a: Volcarona|11/100\n|-enditem|p1a: Volcarona|Sitrus Berry|[eat]\n|-heal|p1a: Volcarona|36/100|[from] item: Sitrus Berry\n|move|p2b: Farigiraf|Twin Beam|p1b: Mudsdale\n|-damage|p1b: Mudsdale|89/100\n|-ability|p1b: Mudsdale|Stamina|boost\n|-boost|p1b: Mudsdale|def|1\n|-crit|p1b: Mudsdale\n|-damage|p1b: Mudsdale|72/100\n|-ability|p1b: Mudsdale|Stamina|boost\n|-boost|p1b: Mudsdale|def|1\n|-hitcount|p1b: Mudsdale|2\n|move|p1a: Volcarona|Mystical Fire|p2b: Farigiraf\n|-damage|p2b: Farigiraf|53/100\n|-unboost|p2b: Farigiraf|spa|1\n|\n|-heal|p1b: Mudsdale|77/100|[from] item: Leftovers\n|-fieldend|move: Trick Room\n|upkeep\n|turn|6\n|inactive|Avocanoodle has 30 seconds left.\n|\n|t:|1776453063\n|move|p2a: Kingambit|Sucker Punch|p1a: Volcarona\n|-damage|p1a: Volcarona|0 fnt\n|faint|p1a: Volcarona\n|move|p1b: Mudsdale|Body Press|p2a: Kingambit\n|-supereffective|p2a: Kingambit|2\n|-damage|p2a: Kingambit|0 fnt\n|faint|p2a: Kingambit\n|move|p2b: Farigiraf|Trick Room|p2b: Farigiraf\n|-fieldstart|move: Trick Room|[of] p2b: Farigiraf\n|\n|-heal|p1b: Mudsdale|83/100|[from] item: Leftovers\n|upkeep\n|\n|t:|1776453069\n|switch|p1a: Feraligatr|Feraligatr-Mega, L50, F|23/100\n|turn|7\n|\n|t:|1776453077\n|move|p1a: Feraligatr|Protect|p1a: Feraligatr\n|-singleturn|p1a: Feraligatr|Protect\n|move|p1b: Mudsdale|Body Press|p2b: Farigiraf\n|-damage|p2b: Farigiraf|24/100\n|move|p2b: Farigiraf|Twin Beam|p1a: Feraligatr\n|-activate|p1a: Feraligatr|move: Protect\n|\n|-heal|p1b: Mudsdale|89/100|[from] item: Leftovers\n|upkeep\n|turn|8\n|-message|robboneal forfeited.\n|\n|win|Avocanoodle\n|raw|Avocanoodle's rating: 1060 &rarr; <strong>1090</strong><br />(+30 for winning)\n|raw|robboneal's rating: 1054 &rarr; <strong>1036</strong><br />(-18 for losing)\n",
  "uploadtime": 1776453085,
  "views": 32,
  "formatid": "gen9championsvgc2026regma",
  "rating": 1036,
  "private": 0,
  "password": null
}