{
  "id": "gen9championsvgc2026regma-2585555667",
  "format": "[Gen 9 Champions] VGC 2026 Reg M-A",
  "players": [
    "Shnooopy",
    "Cloudys"
  ],
  "log": "|j|\u2606Shnooopy\n|j|\u2606Cloudys\n|t:|1776355261\n|gametype|doubles\n|player|p1|Shnooopy|ninjaboy|1044\n|player|p2|Cloudys|bruno|1077\n|gen|9\n|tier|[Gen 9 Champions] VGC 2026 Reg M-A\n|rated|\n|rule|Species Clause: Limit one of each Pok\u00e9mon\n|rule|Item Clause: Limit 1 of each item\n|clearpoke\n|poke|p1|Floette-Eternal, L50, F|\n|poke|p1|Palafin, L50, F|\n|poke|p1|Incineroar, L50, M|\n|poke|p1|Sinistcha, L50|\n|poke|p1|Delphox, L50, F|\n|poke|p1|Aerodactyl, L50, F|\n|poke|p2|Ampharos, L50, M|\n|poke|p2|Incineroar, L50, M|\n|poke|p2|Sinistcha, L50|\n|poke|p2|Klefki, L50, M|\n|poke|p2|Camerupt, L50, M|\n|poke|p2|Vaporeon, L50, M|\n|teampreview|4\n|inactive|Battle timer is ON: inactive players will automatically lose when time's up. (requested by Shnooopy)\n|inactive|Cloudys has 60 seconds left.\n|\n|t:|1776355349\n|teamsize|p1|4\n|teamsize|p2|4\n|start\n|switch|p1a: Floette|Floette-Eternal, L50, F|100/100\n|switch|p1b: Palafin|Palafin, L50, F|100/100\n|switch|p2a: Klefki|Klefki, L50, M|100/100\n|switch|p2b: Incineroar|Incineroar, L50, M|100/100\n|-ability|p2b: Incineroar|Intimidate|boost\n|-unboost|p1a: Floette|atk|1\n|-unboost|p1b: Palafin|atk|1\n|turn|1\n|\n|t:|1776355365\n|move|p2b: Incineroar|Fake Out|p1b: Palafin\n|-damage|p1b: Palafin|83/100\n|move|p2a: Klefki|Light Screen|p2a: Klefki\n|-sidestart|p2: Cloudys|move: Light Screen\n|move|p1a: Floette|Moonblast|p2b: Incineroar\n|-damage|p2b: Incineroar|69/100\n|cant|p1b: Palafin|flinch\n|\n|-heal|p2b: Incineroar|75/100|[from] item: Leftovers\n|upkeep\n|turn|2\n|\n|t:|1776355384\n|detailschange|p1b: Palafin|Palafin-Hero, L50, F\n|switch|p1b: Incineroar|Incineroar, L50, M|100/100\n|-ability|p1b: Incineroar|Intimidate|boost\n|-unboost|p2a: Klefki|atk|1\n|-unboost|p2b: Incineroar|atk|1\n|move|p1a: Floette|Calm Mind|p1a: Floette\n|-boost|p1a: Floette|spa|1\n|-boost|p1a: Floette|spd|1\n|move|p2b: Incineroar|Parting Shot|p1a: Floette\n|-unboost|p1a: Floette|atk|1\n|-unboost|p1a: Floette|spa|1\n|\n|t:|1776355394\n|switch|p2b: Camerupt|Camerupt, L50, M|100/100|[from] Parting Shot\n|move|p2a: Klefki|Trick Room|p2a: Klefki\n|-fieldstart|move: Trick Room|[of] p2a: Klefki\n|\n|upkeep\n|turn|3\n|inactive|Shnooopy has 30 seconds left.\n|\n|t:|1776355425\n|move|p2b: Camerupt|Protect|p2b: Camerupt\n|-singleturn|p2b: Camerupt|Protect\n|move|p2a: Klefki|Sunny Day|p2a: Klefki\n|-weather|SunnyDay\n|move|p1b: Incineroar|Parting Shot|p2b: Camerupt\n|-activate|p2b: Camerupt|move: Protect\n|move|p1a: Floette|Calm Mind|p1a: Floette\n|-boost|p1a: Floette|spa|1\n|-boost|p1a: Floette|spd|1\n|\n|-weather|SunnyDay|[upkeep]\n|upkeep\n|turn|4\n|\n|t:|1776355446\n|switch|p2a: Incineroar|Incineroar, L50, M|75/100\n|-ability|p2a: Incineroar|Intimidate|boost\n|-unboost|p1a: Floette|atk|1\n|-unboost|p1b: Incineroar|atk|1\n|detailschange|p2b: Camerupt|Camerupt-Mega, L50, M\n|-mega|p2b: Camerupt|Camerupt|Cameruptite\n|move|p1a: Floette|Protect|p1a: Floette\n|-singleturn|p1a: Floette|Protect\n|move|p2b: Camerupt|Eruption|p1a: Floette|[spread] p1b\n|-activate|p1a: Floette|move: Protect\n|-resisted|p1b: Incineroar|1\n|-damage|p1b: Incineroar|57/100\n|move|p1b: Incineroar|Parting Shot|p2b: Camerupt\n|-unboost|p2b: Camerupt|atk|1\n|-unboost|p2b: Camerupt|spa|1\n|\n|t:|1776355457\n|switch|p1b: Palafin|Palafin-Hero, L50, F|83/100|[from] Parting Shot\n|-activate|p1b: Palafin|ability: Zero to Hero\n|\n|-weather|SunnyDay|[upkeep]\n|-heal|p2a: Incineroar|81/100|[from] item: Leftovers\n|upkeep\n|turn|5\n|\n|t:|1776355465\n|switch|p1a: Incineroar|Incineroar, L50, M|57/100\n|-ability|p1a: Incineroar|Intimidate|boost\n|-unboost|p2a: Incineroar|atk|1\n|-unboost|p2b: Camerupt|atk|1\n|move|p1b: Palafin|Protect|p1b: Palafin\n|-singleturn|p1b: Palafin|Protect\n|move|p2a: Incineroar|Fake Out|p1b: Palafin\n|-activate|p1b: Palafin|move: Protect\n|move|p2b: Camerupt|Eruption|p1a: Incineroar|[spread] p1a\n|-activate|p1b: Palafin|move: Protect\n|-resisted|p1a: Incineroar|1\n|-damage|p1a: Incineroar|31/100\n|\n|-weather|SunnyDay|[upkeep]\n|-heal|p2a: Incineroar|87/100|[from] item: Leftovers\n|-heal|p1a: Incineroar|37/100|[from] item: Leftovers\n|-sideend|p2: Cloudys|move: Light Screen\n|upkeep\n|turn|6\n|\n|t:|1776355483\n|switch|p2b: Klefki|Klefki, L50, M|100/100\n|move|p1a: Incineroar|Fake Out|p2b: Klefki\n|-resisted|p2b: Klefki|1\n|-damage|p2b: Klefki|96/100\n|move|p2a: Incineroar|Parting Shot|p1b: Palafin\n|-unboost|p1b: Palafin|atk|1\n|-unboost|p1b: Palafin|spa|1\n|\n|t:|1776355493\n|switch|p2a: Sinistcha|Sinistcha, L50|100/100|[from] Parting Shot\n|-heal|p2b: Klefki|100/100|[from] ability: Hospitality|[of] p2a: Sinistcha\n|move|p1b: Palafin|Wave Crash|p2a: Sinistcha\n|-resisted|p2a: Sinistcha|1\n|-damage|p2a: Sinistcha|88/100\n|-damage|p1b: Palafin|79/100|[from] Recoil\n|\n|-weather|SunnyDay|[upkeep]\n|-heal|p1a: Incineroar|43/100|[from] item: Leftovers\n|-fieldend|move: Trick Room\n|upkeep\n|turn|7\n|\n|t:|1776355518\n|move|p1b: Palafin|Wave Crash|p2b: Klefki\n|-damage|p2b: Klefki|71/100\n|-damage|p1b: Palafin|72/100|[from] Recoil\n|move|p2a: Sinistcha|Matcha Gotcha|p1b: Palafin|[spread] p1a,p1b\n|-resisted|p1a: Incineroar|1\n|-supereffective|p1b: Palafin|1\n|-damage|p1a: Incineroar|31/100\n|-heal|p2a: Sinistcha|94/100|[from] drain|[of] p1a: Incineroar\n|-damage|p1b: Palafin|19/100\n|-heal|p2a: Sinistcha|100/100|[from] drain|[of] p1b: Palafin\n|move|p1a: Incineroar|Flare Blitz|p2b: Klefki\n|-supereffective|p2b: Klefki|1\n|-damage|p2b: Klefki|0 fnt\n|faint|p2b: Klefki\n|-damage|p1a: Incineroar|12/100|[from] Recoil\n|\n|-weather|none\n|-heal|p1a: Incineroar|18/100|[from] item: Leftovers\n|upkeep\n|\n|t:|1776355535\n|switch|p2b: Incineroar|Incineroar, L50, M|87/100\n|-ability|p2b: Incineroar|Intimidate|boost\n|-unboost|p1a: Incineroar|atk|1\n|-unboost|p1b: Palafin|atk|1\n|turn|8\n|\n|t:|1776355540\n|switch|p1a: Sinistcha|Sinistcha, L50|100/100\n|-heal|p1b: Palafin|44/100|[from] ability: Hospitality|[of] p1a: Sinistcha\n|move|p1b: Palafin|Protect|p1b: Palafin\n|-singleturn|p1b: Palafin|Protect\n|move|p2b: Incineroar|Fake Out|p1a: Sinistcha\n|-immune|p1a: Sinistcha\n|move|p2a: Sinistcha|Matcha Gotcha|p1a: Sinistcha|[spread] p1a\n|-activate|p1b: Palafin|move: Protect\n|-resisted|p1a: Sinistcha|1\n|-damage|p1a: Sinistcha|89/100\n|-status|p1a: Sinistcha|brn\n|\n|-heal|p2b: Incineroar|93/100|[from] item: Leftovers\n|-damage|p1a: Sinistcha|83/100 brn|[from] brn\n|upkeep\n|turn|9\n|\n|t:|1776355549\n|switch|p1b: Incineroar|Incineroar, L50, M|18/100\n|-ability|p1b: Incineroar|Intimidate|boost\n|-unboost|p2a: Sinistcha|atk|1\n|-unboost|p2b: Incineroar|atk|1\n|move|p1a: Sinistcha|Life Dew|p1a: Sinistcha|[spread] p1a,p1b\n|-heal|p1a: Sinistcha|100/100 brn\n|-heal|p1b: Incineroar|44/100\n|move|p2a: Sinistcha|Matcha Gotcha|p1a: Sinistcha|[spread] p1a,p1b\n|-resisted|p1a: Sinistcha|1\n|-resisted|p1b: Incineroar|1\n|-damage|p1a: Sinistcha|89/100 brn\n|-damage|p1b: Incineroar|33/100\n|move|p2b: Incineroar|Parting Shot|p1a: Sinistcha\n|-unboost|p1a: Sinistcha|atk|1\n|-unboost|p1a: Sinistcha|spa|1\n|\n|t:|1776355561\n|switch|p2b: Camerupt|Camerupt-Mega, L50, M|100/100|[from] Parting Shot\n|\n|-heal|p1b: Incineroar|39/100|[from] item: Leftovers\n|-damage|p1a: Sinistcha|83/100 brn|[from] brn\n|upkeep\n|turn|10\n|\n|t:|1776355583\n|switch|p2a: Incineroar|Incineroar, L50, M|93/100\n|-ability|p2a: Incineroar|Intimidate|boost\n|-unboost|p1a: Sinistcha|atk|1\n|-unboost|p1b: Incineroar|atk|1\n|move|p2b: Camerupt|Protect|p2b: Camerupt\n|-singleturn|p2b: Camerupt|Protect\n|move|p1a: Sinistcha|Life Dew|p1a: Sinistcha|[spread] p1a,p1b\n|-heal|p1a: Sinistcha|100/100 brn\n|-heal|p1b: Incineroar|64/100\n|move|p1b: Incineroar|Throat Chop|p2b: Camerupt\n|-activate|p2b: Camerupt|move: Protect\n|\n|-heal|p1b: Incineroar|70/100|[from] item: Leftovers\n|-heal|p2a: Incineroar|99/100|[from] item: Leftovers\n|-damage|p1a: Sinistcha|94/100 brn|[from] brn\n|upkeep\n|turn|11\n|inactive|Shnooopy has 30 seconds left.\n|\n|t:|1776355613\n|switch|p1a: Palafin|Palafin-Hero, L50, F|44/100\n|move|p2a: Incineroar|Fake Out|p1b: Incineroar\n|-damage|p1b: Incineroar|58/100\n|cant|p1b: Incineroar|flinch\n|move|p2b: Camerupt|Eruption|p1a: Palafin|[spread] p1a,p1b\n|-resisted|p1a: Palafin|1\n|-resisted|p1b: Incineroar|1\n|-damage|p1a: Palafin|11/100\n|-damage|p1b: Incineroar|34/100\n|\n|-heal|p1b: Incineroar|40/100|[from] item: Leftovers\n|-heal|p2a: Incineroar|100/100|[from] item: Leftovers\n|upkeep\n|turn|12\n|\n|t:|1776355638\n|switch|p1b: Sinistcha|Sinistcha, L50|94/100 brn\n|-heal|p1a: Palafin|35/100|[from] ability: Hospitality|[of] p1b: Sinistcha\n|move|p1a: Palafin|Wave Crash|p2b: Camerupt\n|-supereffective|p2b: Camerupt|2\n|-damage|p2b: Camerupt|0 fnt\n|faint|p2b: Camerupt\n|-damage|p1a: Palafin|7/100|[from] Recoil\n|move|p2a: Incineroar|Parting Shot|p1a: Palafin\n|-unboost|p1a: Palafin|atk|1\n|-unboost|p1a: Palafin|spa|1\n|\n|t:|1776355647\n|switch|p2a: Sinistcha|Sinistcha, L50|100/100|[from] Parting Shot\n|\n|-damage|p1b: Sinistcha|88/100 brn|[from] brn\n|upkeep\n|\n|t:|1776355649\n|switch|p2b: Incineroar|Incineroar, L50, M|100/100\n|-ability|p2b: Incineroar|Intimidate|boost\n|-unboost|p1a: Palafin|atk|1\n|-unboost|p1b: Sinistcha|atk|1\n|turn|13\n|\n|t:|1776355654\n|switch|p1b: Incineroar|Incineroar, L50, M|40/100\n|-ability|p1b: Incineroar|Intimidate|boost\n|-unboost|p2a: Sinistcha|atk|1\n|-unboost|p2b: Incineroar|atk|1\n|move|p1a: Palafin|Protect|p1a: Palafin\n|-singleturn|p1a: Palafin|Protect\n|move|p2b: Incineroar|Fake Out|p1a: Palafin\n|-activate|p1a: Palafin|move: Protect\n|move|p2a: Sinistcha|Matcha Gotcha|p1b: Incineroar|[spread] p1b\n|-activate|p1a: Palafin|move: Protect\n|-resisted|p1b: Incineroar|1\n|-damage|p1b: Incineroar|28/100\n|\n|-heal|p1b: Incineroar|34/100|[from] item: Leftovers\n|upkeep\n|turn|14\n|\n|t:|1776355666\n|switch|p1a: Floette|Floette-Eternal, L50, F|100/100\n|switch|p1b: Sinistcha|Sinistcha, L50|88/100 brn\n|move|p2a: Sinistcha|Rage Powder|p2a: Sinistcha\n|-singleturn|p2a: Sinistcha|move: Rage Powder\n|move|p2b: Incineroar|Darkest Lariat|p1a: Floette\n|-resisted|p1a: Floette|1\n|-crit|p1a: Floette\n|-damage|p1a: Floette|46/100\n|\n|-damage|p1b: Sinistcha|82/100 brn|[from] brn\n|upkeep\n|turn|15\n|\n|t:|1776355679\n|switch|p1b: Incineroar|Incineroar, L50, M|34/100\n|-ability|p1b: Incineroar|Intimidate|boost\n|-unboost|p2a: Sinistcha|atk|1\n|-unboost|p2b: Incineroar|atk|1\n|move|p1a: Floette|Protect|p1a: Floette\n|-singleturn|p1a: Floette|Protect\n|move|p2a: Sinistcha|Rage Powder|p2a: Sinistcha\n|-singleturn|p2a: Sinistcha|move: Rage Powder\n|move|p2b: Incineroar|Flare Blitz|p1b: Incineroar\n|-resisted|p1b: Incineroar|1\n|-damage|p1b: Incineroar|22/100\n|-damage|p2b: Incineroar|97/100|[from] Recoil\n|\n|-heal|p2b: Incineroar|100/100|[from] item: Leftovers\n|-heal|p1b: Incineroar|28/100|[from] item: Leftovers\n|upkeep\n|turn|16\n|\n|t:|1776355685\n|switch|p1b: Sinistcha|Sinistcha, L50|82/100 brn\n|-heal|p1a: Floette|70/100|[from] ability: Hospitality|[of] p1b: Sinistcha\n|move|p1a: Floette|Calm Mind|p1a: Floette\n|-boost|p1a: Floette|spa|1\n|-boost|p1a: Floette|spd|1\n|move|p2a: Sinistcha|Matcha Gotcha|p1b: Sinistcha|[spread] p1a,p1b\n|-resisted|p1b: Sinistcha|1\n|-damage|p1a: Floette|54/100\n|-damage|p1b: Sinistcha|70/100 brn\n|move|p2b: Incineroar|Parting Shot|p1a: Floette\n|-unboost|p1a: Floette|atk|1\n|-unboost|p1a: Floette|spa|1\n|\n|-damage|p1b: Sinistcha|64/100 brn|[from] brn\n|upkeep\n|turn|17\n|\n|t:|1776355704\n|switch|p1b: Incineroar|Incineroar, L50, M|28/100\n|-ability|p1b: Incineroar|Intimidate|boost\n|-unboost|p2a: Sinistcha|atk|1\n|-unboost|p2b: Incineroar|atk|1\n|move|p1a: Floette|Calm Mind|p1a: Floette\n|-boost|p1a: Floette|spa|1\n|-boost|p1a: Floette|spd|1\n|move|p2a: Sinistcha|Shadow Ball|p1b: Incineroar\n|-resisted|p1b: Incineroar|1\n|-damage|p1b: Incineroar|13/100\n|-unboost|p1b: Incineroar|spd|1\n|move|p2b: Incineroar|Darkest Lariat|p1a: Floette\n|-resisted|p1a: Floette|1\n|-damage|p1a: Floette|40/100\n|\n|-heal|p1b: Incineroar|19/100|[from] item: Leftovers\n|upkeep\n|turn|18\n|\n|t:|1776355714\n|switch|p1b: Sinistcha|Sinistcha, L50|64/100 brn\n|-heal|p1a: Floette|64/100|[from] ability: Hospitality|[of] p1b: Sinistcha\n|move|p1a: Floette|Protect|p1a: Floette\n|-singleturn|p1a: Floette|Protect\n|move|p2a: Sinistcha|Shadow Ball|p1a: Floette\n|-activate|p1a: Floette|move: Protect\n|move|p2b: Incineroar|Darkest Lariat|p1a: Floette\n|-activate|p1a: Floette|move: Protect\n|\n|-damage|p1b: Sinistcha|58/100 brn|[from] brn\n|upkeep\n|turn|19\n|\n|t:|1776355726\n|switch|p1b: Incineroar|Incineroar, L50, M|19/100\n|-ability|p1b: Incineroar|Intimidate|boost\n|-unboost|p2a: Sinistcha|atk|1\n|-unboost|p2b: Incineroar|atk|1\n|move|p1a: Floette|Calm Mind|p1a: Floette\n|-boost|p1a: Floette|spa|1\n|-boost|p1a: Floette|spd|1\n|move|p2a: Sinistcha|Shadow Ball|p1a: Floette\n|-damage|p1a: Floette|50/100\n|move|p2b: Incineroar|Darkest Lariat|p1b: Incineroar\n|-resisted|p1b: Incineroar|1\n|-damage|p1b: Incineroar|13/100\n|\n|-heal|p1b: Incineroar|19/100|[from] item: Leftovers\n|upkeep\n|turn|20\n|\n|t:|1776355740\n|move|p1b: Incineroar|Fake Out|p2b: Incineroar\n|-damage|p2b: Incineroar|91/100\n|move|p1a: Floette|Calm Mind|p1a: Floette\n|-boost|p1a: Floette|spa|1\n|-boost|p1a: Floette|spd|1\n|move|p2a: Sinistcha|Matcha Gotcha|p1b: Incineroar|[spread] p1a,p1b\n|-resisted|p1b: Incineroar|1\n|-damage|p1a: Floette|41/100\n|-damage|p1b: Incineroar|7/100\n|cant|p2b: Incineroar|flinch\n|\n|-heal|p1b: Incineroar|13/100|[from] item: Leftovers\n|-heal|p2b: Incineroar|97/100|[from] item: Leftovers\n|upkeep\n|turn|21\n|\n|t:|1776355748\n|switch|p1b: Sinistcha|Sinistcha, L50|58/100 brn\n|-heal|p1a: Floette|65/100|[from] ability: Hospitality|[of] p1b: Sinistcha\n|move|p1a: Floette|Protect|p1a: Floette\n|-singleturn|p1a: Floette|Protect\n|move|p2a: Sinistcha|Matcha Gotcha|p1b: Sinistcha|[spread] p1b\n|-activate|p1a: Floette|move: Protect\n|-resisted|p1b: Sinistcha|1\n|-damage|p1b: Sinistcha|46/100 brn\n|-enditem|p1b: Sinistcha|Sitrus Berry|[eat]\n|-heal|p1b: Sinistcha|71/100 brn|[from] item: Sitrus Berry\n|move|p2b: Incineroar|Darkest Lariat|p1b: Sinistcha\n|-supereffective|p1b: Sinistcha|1\n|-damage|p1b: Sinistcha|44/100 brn\n|\n|-heal|p2b: Incineroar|100/100|[from] item: Leftovers\n|-damage|p1b: Sinistcha|38/100 brn|[from] brn\n|upkeep\n|turn|22\n|\n|t:|1776355768\n|move|p1a: Floette|Moonblast|p2b: Incineroar\n|-damage|p2b: Incineroar|0 fnt\n|faint|p2b: Incineroar\n|move|p1b: Sinistcha|Life Dew|p1b: Sinistcha|[spread] p1a,p1b\n|-heal|p1a: Floette|91/100\n|-heal|p1b: Sinistcha|63/100 brn\n|move|p2a: Sinistcha|Shadow Ball|p1b: Sinistcha\n|-supereffective|p1b: Sinistcha|1\n|-damage|p1b: Sinistcha|2/100 brn\n|\n|-damage|p1b: Sinistcha|0 fnt|[from] brn\n|faint|p1b: Sinistcha\n|upkeep\n|\n|t:|1776355773\n|switch|p1b: Incineroar|Incineroar, L50, M|13/100\n|-ability|p1b: Incineroar|Intimidate|boost\n|-unboost|p2a: Sinistcha|atk|1\n|turn|23\n|\n|t:|1776355780\n|move|p1a: Floette|Moonblast|p2a: Sinistcha\n|-damage|p2a: Sinistcha|0 fnt\n|faint|p2a: Sinistcha\n|\n|win|Shnooopy\n|raw|Shnooopy's rating: 1044 &rarr; <strong>1081</strong><br />(+37 for winning)\n|raw|Cloudys's rating: 1077 &rarr; <strong>1053</strong><br />(-24 for losing)\n|l|\u2606Cloudys\n|player|p2|\n",
  "uploadtime": 1776355790,
  "views": 28,
  "formatid": "gen9championsvgc2026regma",
  "rating": 1053,
  "private": 0,
  "password": null
}