{
  "id": "gen9championsvgc2026regma-2584951241",
  "format": "[Gen 9 Champions] VGC 2026 Reg M-A",
  "players": [
    "askeru",
    "zambooxler"
  ],
  "log": "|j|\u2606askeru\n|j|\u2606zambooxler\n|t:|1776297489\n|gametype|doubles\n|player|p1|askeru|aromalady|1052\n|player|p2|zambooxler|170|1113\n|gen|9\n|tier|[Gen 9 Champions] VGC 2026 Reg M-A\n|rated|\n|rule|Species Clause: Limit one of each Pok\u00e9mon\n|rule|Item Clause: Limit 1 of each item\n|clearpoke\n|poke|p1|Umbreon, L50, F|\n|poke|p1|Ninetales, L50, M|\n|poke|p1|Sneasler, L50, M|\n|poke|p1|Clefable, L50, F|\n|poke|p1|Gardevoir, L50, M|\n|poke|p1|Corviknight, L50, F|\n|poke|p2|Meganium, L50, F|\n|poke|p2|Pelipper, L50, F|\n|poke|p2|Archaludon, L50, F|\n|poke|p2|Maushold-Four, L50|\n|poke|p2|Basculegion, L50, M|\n|poke|p2|Rhyperior, L50, F|\n|teampreview|4\nzambooxler has agreed to open team sheets.\n|\n|t:|1776297581\n|teamsize|p1|4\n|teamsize|p2|4\n|start\n|switch|p1a: Umbreon|Umbreon, L50, F|100/100\n|switch|p1b: Ninetales|Ninetales, L50, M|100/100\n|switch|p2a: Pelipper|Pelipper, L50, F|100/100\n|switch|p2b: Basculegion|Basculegion, L50, M|100/100\n|-weather|SunnyDay|[from] ability: Drought|[of] p1b: Ninetales\n|-weather|RainDance|[from] ability: Drizzle|[of] p2a: Pelipper\n|turn|1\n|\n|t:|1776297613\n|move|p1b: Ninetales|Protect|p1b: Ninetales\n|-singleturn|p1b: Ninetales|Protect\n|move|p2b: Basculegion|Flip Turn|p1b: Ninetales\n|-activate|p1b: Ninetales|move: Protect\n|move|p2a: Pelipper|Tailwind|p2a: Pelipper\n|-sidestart|p2: zambooxler|move: Tailwind\n|move|p1a: Umbreon|Snarl|p2a: Pelipper|[spread] p2a,p2b\n|-supereffective|p2b: Basculegion|1\n|-damage|p2a: Pelipper|88/100\n|-damage|p2b: Basculegion|79/100\n|-unboost|p2a: Pelipper|spa|1\n|-unboost|p2b: Basculegion|spa|1\n|\n|-weather|RainDance|[upkeep]\n|upkeep\n|turn|2\n|\n|t:|1776297662\n|switch|p1b: Corviknight|Corviknight, L50, F|100/100\n|move|p2b: Basculegion|Flip Turn|p1b: Corviknight\n|-damage|p1b: Corviknight|62/100\n|\n|t:|1776297670\n|switch|p2b: Archaludon|Archaludon, L50, F, shiny|100/100|[from] Flip Turn\n|move|p2a: Pelipper|Weather Ball|p1b: Corviknight\n|-damage|p1b: Corviknight|31/100\n|move|p1a: Umbreon|Snarl|p2b: Archaludon|[spread] p2a,p2b\n|-damage|p2a: Pelipper|75/100\n|-damage|p2b: Archaludon|87/100\n|-unboost|p2a: Pelipper|spa|1\n|-unboost|p2b: Archaludon|spa|1\n|-ability|p2b: Archaludon|Stamina|boost\n|-boost|p2b: Archaludon|def|1\n|\n|-weather|RainDance|[upkeep]\n|upkeep\n|turn|3\n|\n|t:|1776297724\n|move|p2a: Pelipper|Wide Guard|p2a: Pelipper\n|-singleturn|p2a: Pelipper|Wide Guard\n|move|p2b: Archaludon|Electro Shot||[still]\n|-prepare|p2b: Archaludon|Electro Shot\n|-boost|p2b: Archaludon|spa|1\n|-anim|p2b: Archaludon|Electro Shot|p1b: Corviknight\n|-supereffective|p1b: Corviknight|1\n|-damage|p1b: Corviknight|0 fnt\n|faint|p1b: Corviknight\n|move|p1a: Umbreon|Snarl|p2b: Archaludon|[spread] \n|-activate|p2a: Pelipper|move: Wide Guard\n|-activate|p2b: Archaludon|move: Wide Guard\n|\n|-weather|RainDance|[upkeep]\n|upkeep\n|\n|t:|1776297746\n|switch|p1b: Ninetales|Ninetales, L50, M|100/100\n|-weather|SunnyDay|[from] ability: Drought|[of] p1b: Ninetales\n|turn|4\n|\n|t:|1776297763\n|switch|p2a: Basculegion|Basculegion, L50, M|79/100\n|move|p2b: Archaludon|Draco Meteor|p1b: Ninetales\n|-damage|p1b: Ninetales|17/100\n|-unboost|p2b: Archaludon|spa|2\n|move|p1b: Ninetales|Fake Tears|p2b: Archaludon\n|-unboost|p2b: Archaludon|spd|2\n|move|p1a: Umbreon|Snarl|p2b: Archaludon|[spread] p2a,p2b\n|-supereffective|p2a: Basculegion|1\n|-damage|p2a: Basculegion|58/100\n|-damage|p2b: Archaludon|56/100\n|-unboost|p2a: Basculegion|spa|1\n|-unboost|p2b: Archaludon|spa|1\n|-ability|p2b: Archaludon|Stamina|boost\n|-boost|p2b: Archaludon|def|1\n|\n|-weather|SunnyDay|[upkeep]\n|-sideend|p2: zambooxler|move: Tailwind\n|upkeep\n|turn|5\n|\n|t:|1776297793\n|switch|p2b: Pelipper|Pelipper, L50, F|75/100\n|-weather|RainDance|[from] ability: Drizzle|[of] p2b: Pelipper\n|move|p2a: Basculegion|Flip Turn|p1b: Ninetales\n|-supereffective|p1b: Ninetales|1\n|-damage|p1b: Ninetales|0 fnt\n|faint|p1b: Ninetales\n|\n|t:|1776297801\n|switch|p2a: Meganium|Meganium, L50, F, shiny|100/100|[from] Flip Turn\n|move|p1a: Umbreon|Snarl|p2a: Meganium|[spread] p2a,p2b\n|-damage|p2a: Meganium|92/100\n|-damage|p2b: Pelipper|61/100\n|-unboost|p2a: Meganium|spa|1\n|-unboost|p2b: Pelipper|spa|1\n|\n|-weather|RainDance|[upkeep]\n|upkeep\n|\n|t:|1776297809\n|switch|p1b: Gardevoir|Gardevoir, L50, M|100/100\n|-ability|p1b: Gardevoir|Drizzle|Trace|[from] ability: Trace|[of] p2b: Pelipper\n|turn|6\n|\n|t:|1776297824\n|detailschange|p1b: Gardevoir|Gardevoir-Mega, L50, M\n|-mega|p1b: Gardevoir|Gardevoir|Gardevoirite\n|detailschange|p2a: Meganium|Meganium-Mega, L50, F, shiny\n|-mega|p2a: Meganium|Meganium|Meganiumite\n|move|p2b: Pelipper|Wide Guard|p2b: Pelipper\n|-singleturn|p2b: Pelipper|Wide Guard\n|move|p1b: Gardevoir|Calm Mind|p1b: Gardevoir\n|-boost|p1b: Gardevoir|spa|1\n|-boost|p1b: Gardevoir|spd|1\n|move|p2a: Meganium|Dazzling Gleam|p1a: Umbreon|[spread] p1a,p1b\n|-supereffective|p1a: Umbreon|1\n|-damage|p1a: Umbreon|70/100\n|-damage|p1b: Gardevoir|88/100\n|move|p1a: Umbreon|Snarl|p2a: Meganium|[spread] \n|-activate|p2a: Meganium|move: Wide Guard\n|-activate|p2b: Pelipper|move: Wide Guard\n|\n|-weather|RainDance|[upkeep]\n|-heal|p1a: Umbreon|76/100|[from] item: Leftovers\n|upkeep\n|turn|7\n|\n|t:|1776297855\n|switch|p2b: Archaludon|Archaludon, L50, F, shiny|56/100\n|move|p1b: Gardevoir|Hyper Voice|p2a: Meganium|[spread] p2a,p2b\n|-damage|p2a: Meganium|34/100\n|-damage|p2b: Archaludon|0 fnt\n|faint|p2b: Archaludon\n|move|p2a: Meganium|Dazzling Gleam|p1a: Umbreon|[spread] p1a,p1b\n|-supereffective|p1a: Umbreon|1\n|-damage|p1a: Umbreon|45/100\n|-damage|p1b: Gardevoir|75/100\n|move|p1a: Umbreon|Snarl|p2a: Meganium\n|-resisted|p2a: Meganium|1\n|-damage|p2a: Meganium|28/100\n|-unboost|p2a: Meganium|spa|1\n|\n|-weather|RainDance|[upkeep]\n|-heal|p1a: Umbreon|51/100|[from] item: Leftovers\n|upkeep\n|\n|t:|1776297870\n|switch|p2b: Basculegion|Basculegion, L50, M|58/100\n|turn|8\n|\n|t:|1776297882\n|move|p1b: Gardevoir|Protect|p1b: Gardevoir\n|-singleturn|p1b: Gardevoir|Protect\n|move|p2b: Basculegion|Last Respects|p1b: Gardevoir\n|-activate|p1b: Gardevoir|move: Protect\n|move|p2a: Meganium|Dazzling Gleam|p1b: Gardevoir|[spread] p1a\n|-activate|p1b: Gardevoir|move: Protect\n|-supereffective|p1a: Umbreon|1\n|-damage|p1a: Umbreon|27/100\n|move|p1a: Umbreon|Foul Play|p2b: Basculegion\n|-supereffective|p2b: Basculegion|1\n|-damage|p2b: Basculegion|0 fnt\n|faint|p2b: Basculegion\n|\n|-weather|RainDance|[upkeep]\n|-heal|p1a: Umbreon|33/100|[from] item: Leftovers\n|upkeep\n|\n|t:|1776297895\n|switch|p2b: Pelipper|Pelipper, L50, F|61/100\n|turn|9\n|\n|t:|1776297921\n|move|p2b: Pelipper|Wide Guard|p2b: Pelipper\n|-singleturn|p2b: Pelipper|Wide Guard\n|move|p1b: Gardevoir|Hyper Voice|p2a: Meganium|[spread] \n|-activate|p2a: Meganium|move: Wide Guard\n|-activate|p2b: Pelipper|move: Wide Guard\n|move|p2a: Meganium|Dazzling Gleam|p1a: Umbreon|[spread] p1a,p1b\n|-supereffective|p1a: Umbreon|1\n|-damage|p1a: Umbreon|11/100\n|-damage|p1b: Gardevoir|66/100\n|move|p1a: Umbreon|Moonlight|p1a: Umbreon\n|-heal|p1a: Umbreon|36/100\n|\n|-weather|none\n|-heal|p1a: Umbreon|42/100|[from] item: Leftovers\n|upkeep\n|turn|10\n|\n|t:|1776297940\n|move|p2b: Pelipper|Wide Guard|p2b: Pelipper\n|-singleturn|p2b: Pelipper|Wide Guard\n|move|p1b: Gardevoir|Hyper Voice|p2b: Pelipper|[spread] \n|-activate|p2a: Meganium|move: Wide Guard\n|-activate|p2b: Pelipper|move: Wide Guard\n|move|p2a: Meganium|Dazzling Gleam|p1a: Umbreon|[spread] p1a,p1b\n|-supereffective|p1a: Umbreon|1\n|-crit|p1a: Umbreon\n|-damage|p1a: Umbreon|0 fnt\n|-damage|p1b: Gardevoir|55/100\n|faint|p1a: Umbreon\n|\n|upkeep\n|turn|11\n|\n|t:|1776297961\n|move|p2b: Pelipper|Wide Guard|p2b: Pelipper\n|-singleturn|p2b: Pelipper|Wide Guard\n|move|p1b: Gardevoir|Hyper Voice|p2a: Meganium|[spread] \n|-activate|p2a: Meganium|move: Wide Guard\n|-activate|p2b: Pelipper|move: Wide Guard\n|move|p2a: Meganium|Solar Beam||[still]\n|-prepare|p2a: Meganium|Solar Beam\n|-activate|p2a: Meganium|ability: Mega Sol\n|-anim|p2a: Meganium|Solar Beam|p1b: Gardevoir\n|-damage|p1b: Gardevoir|33/100\n|\n|upkeep\n|turn|12\n|\n|t:|1776297980\n|move|p2b: Pelipper|Wide Guard|p2b: Pelipper\n|-singleturn|p2b: Pelipper|Wide Guard\n|move|p1b: Gardevoir|Psychic|p2b: Pelipper\n|-damage|p2b: Pelipper|0 fnt\n|faint|p2b: Pelipper\n|move|p2a: Meganium|Solar Beam||[still]\n|-prepare|p2a: Meganium|Solar Beam\n|-activate|p2a: Meganium|ability: Mega Sol\n|-anim|p2a: Meganium|Solar Beam|p1b: Gardevoir\n|-damage|p1b: Gardevoir|12/100\n|\n|upkeep\n|turn|13\n|\n|t:|1776297997\n|move|p2a: Meganium|Protect|p2a: Meganium\n|-singleturn|p2a: Meganium|Protect\n|move|p1b: Gardevoir|Psychic|p2a: Meganium\n|-activate|p2a: Meganium|move: Protect\n|\n|upkeep\n|turn|14\n|\n|t:|1776298003\n|move|p1b: Gardevoir|Psychic|p2a: Meganium\n|-damage|p2a: Meganium|0 fnt\n|faint|p2a: Meganium\n|\n|win|askeru\n|raw|askeru's rating: 1052 &rarr; <strong>1090</strong><br />(+38 for winning)\n|raw|zambooxler's rating: 1113 &rarr; <strong>1084</strong><br />(-29 for losing)\n|l|\u2606zambooxler\n|player|p2|\n|c|\u2606askeru|gg\n",
  "uploadtime": 1776298011,
  "views": 20,
  "formatid": "gen9championsvgc2026regma",
  "rating": 1084,
  "private": 0,
  "password": null
}