{
  "id": "gen9championsvgc2026regma-2587580787",
  "format": "[Gen 9 Champions] VGC 2026 Reg M-A",
  "players": [
    "MegaArmarougeWhen",
    "pokemanwomanman"
  ],
  "log": "|j|\u2606MegaArmarougeWhen\n|j|\u2606pokemanwomanman\n|t:|1776544106\n|gametype|doubles\n|player|p1|MegaArmarougeWhen|266|1211\n|player|p2|pokemanwomanman|265|1312\n|gen|9\n|tier|[Gen 9 Champions] VGC 2026 Reg M-A\n|rated|\n|rule|Species Clause: Limit one of each Pok\u00e9mon\n|rule|Item Clause: Limit 1 of each item\n|clearpoke\n|poke|p1|Primarina, L50, F|\n|poke|p1|Zoroark-Hisui, L50, M|\n|poke|p1|Gardevoir, L50, M|\n|poke|p1|Sneasler, L50, F|\n|poke|p1|Heliolisk, L50, F|\n|poke|p1|Ninetales, L50, M|\n|poke|p2|Primarina, L50, F, shiny|\n|poke|p2|Talonflame, L50, M, shiny|\n|poke|p2|Sinistcha, L50|\n|poke|p2|Garchomp, L50, F, shiny|\n|poke|p2|Camerupt, L50, F, shiny|\n|poke|p2|Froslass, L50, F, shiny|\n|teampreview|4\npokemanwomanman rejected open team sheets.\n|inactive|Battle timer is ON: inactive players will automatically lose when time's up. (requested by pokemanwomanman)\n|inactive|MegaArmarougeWhen has 60 seconds left.\n|inactive|pokemanwomanman has 60 seconds left.\n|\n|t:|1776544168\n|teamsize|p1|4\n|teamsize|p2|4\n|start\n|switch|p1a: Primarina|Primarina, L50, F|100/100\n|switch|p1b: Gardevoir|Gardevoir, L50, M|100/100\n|switch|p2a: Froslass|Froslass, L50, F, shiny|100/100\n|switch|p2b: Talonflame|Talonflame, L50, M, shiny|100/100\n|-ability|p1b: Gardevoir|Gale Wings|Trace|[from] ability: Trace|[of] p2b: Talonflame\n|turn|1\n|\n|t:|1776544187\n|detailschange|p2a: Froslass|Froslass-Mega, L50, F, shiny\n|-mega|p2a: Froslass|Froslass|Froslassite\n|-weather|Snowscape|[from] ability: Snow Warning|[of] p2a: Froslass\n|detailschange|p1b: Gardevoir|Gardevoir-Mega, L50, M\n|-mega|p1b: Gardevoir|Gardevoir|Gardevoirite\n|move|p2b: Talonflame|Tailwind|p2b: Talonflame\n|-sidestart|p2: pokemanwomanman|move: Tailwind\n|move|p2a: Froslass|Aurora Veil|p2a: Froslass\n|-sidestart|p2: pokemanwomanman|move: Aurora Veil\n|move|p1a: Primarina|Icy Wind|p2b: Talonflame|[spread] p2a,p2b\n|-resisted|p2a: Froslass|1\n|-damage|p2a: Froslass|96/100\n|-damage|p2b: Talonflame|87/100\n|-unboost|p2a: Froslass|spe|1\n|-unboost|p2b: Talonflame|spe|1\n|move|p1b: Gardevoir|Trick Room|p1b: Gardevoir\n|-fieldstart|move: Trick Room|[of] p1b: Gardevoir\n|\n|-weather|Snowscape|[upkeep]\n|upkeep\n|turn|2\n|\n|t:|1776544206\n|switch|p1a: Primarina|Primarina, L50, F|100/100\n|move|p1b: Gardevoir|Hyper Voice|p2b: Talonflame|[spread] p2a,p2b\n|-resisted|p2b: Talonflame|1\n|-damage|p2a: Froslass|47/100\n|-damage|p2b: Talonflame|59/100\n|move|p2a: Froslass|Shadow Ball|p1b: Gardevoir\n|-supereffective|p1b: Gardevoir|1\n|-damage|p1b: Gardevoir|15/100\n|move|p2b: Talonflame|Brave Bird|p1a: Primarina\n|-damage|p1a: Primarina|57/100\n|-damage|p2b: Talonflame|42/100|[from] Recoil\n|\n|-weather|Snowscape|[upkeep]\n|upkeep\n|turn|3\n|\n|t:|1776544224\n|move|p1a: Primarina|Round|p2b: Talonflame\n|-supereffective|p2b: Talonflame|1\n|-damage|p2b: Talonflame|0 fnt\n|faint|p2b: Talonflame\n|move|p1b: Gardevoir|Round|p2a: Froslass|[from] move: Round\n|-damage|p2a: Froslass|0 fnt\n|faint|p2a: Froslass\n|\n|-weather|Snowscape|[upkeep]\n|upkeep\n|\n|t:|1776544234\n|switch|p2a: Garchomp|Garchomp, L50, F, shiny|100/100\n|switch|p2b: Sinistcha|Sinistcha, L50|100/100\n|turn|4\n|\n|t:|1776544246\n|move|p2b: Sinistcha|Rage Powder|p2b: Sinistcha\n|-singleturn|p2b: Sinistcha|move: Rage Powder\n|move|p1a: Primarina|Moonblast|p2b: Sinistcha\n|-damage|p2b: Sinistcha|68/100\n|move|p2a: Garchomp|Earthquake|p1a: Primarina|[spread] p2b,p1a,p1b\n|-resisted|p2b: Sinistcha|1\n|-damage|p2b: Sinistcha|59/100\n|-damage|p1a: Primarina|18/100\n|-damage|p1b: Gardevoir|0 fnt\n|faint|p1b: Gardevoir\n|\n|-weather|Snowscape|[upkeep]\n|-sideend|p2: pokemanwomanman|move: Tailwind\n|upkeep\n|\n|t:|1776544256\n|switch|p1b: Sneasler|Sneasler, L50, F|100/100\n|turn|5\n|\n|t:|1776544264\n|move|p1a: Primarina|Protect|p1a: Primarina\n|-singleturn|p1a: Primarina|Protect\n|move|p2b: Sinistcha|Strength Sap|p1b: Sneasler\n|-unboost|p1b: Sneasler|atk|1\n|-heal|p2b: Sinistcha|100/100\n|move|p1b: Sneasler|Acid Spray|p2a: Garchomp\n|-resisted|p2a: Garchomp|1\n|-damage|p2a: Garchomp|98/100\n|-unboost|p2a: Garchomp|spd|2\n|move|p2a: Garchomp|Earthquake|p1b: Sneasler|[spread] p2b,p1b\n|-activate|p1a: Primarina|move: Protect\n|-resisted|p2b: Sinistcha|1\n|-supereffective|p1b: Sneasler|1\n|-damage|p2b: Sinistcha|91/100\n|-enditem|p1b: Sneasler|Focus Sash\n|-damage|p1b: Sneasler|1/100\n|\n|-weather|none\n|-sideend|p2: pokemanwomanman|move: Aurora Veil\n|-fieldend|move: Trick Room\n|upkeep\n|turn|6\n|inactive|MegaArmarougeWhen has 30 seconds left.\n|\n|t:|1776544289\n|switch|p1a: Primarina|Primarina, L50, F|100/100\n|move|p1b: Sneasler|Dire Claw|p2b: Sinistcha\n|-damage|p2b: Sinistcha|68/100\n|-status|p2b: Sinistcha|par\n|move|p2a: Garchomp|Earthquake|p1b: Sneasler|[spread] p2b,p1a,p1b\n|-resisted|p2b: Sinistcha|1\n|-supereffective|p1b: Sneasler|1\n|-damage|p2b: Sinistcha|54/100 par\n|-damage|p1a: Primarina|30/100\n|-damage|p1b: Sneasler|0 fnt\n|replace|p1a: Zoroark|Zoroark-Hisui, L50, M\n|-end|p1a: Zoroark|Illusion\n|faint|p1b: Sneasler\n|move|p2b: Sinistcha|Energy Ball|p1a: Zoroark\n|-damage|p1a: Zoroark|0 fnt\n|faint|p1a: Zoroark\n|\n|upkeep\n|-message|MegaArmarougeWhen forfeited.\n|\n|win|pokemanwomanman\n|raw|MegaArmarougeWhen's rating: 1211 &rarr; <strong>1193</strong><br />(-18 for losing)\n|raw|pokemanwomanman's rating: 1312 &rarr; <strong>1326</strong><br />(+14 for winning)\n|l|\u2606MegaArmarougeWhen\n|player|p1|\n",
  "uploadtime": 1776544299,
  "views": 38,
  "formatid": "gen9championsvgc2026regma",
  "rating": 1193,
  "private": 0,
  "password": null
}