{
  "id": "gen9championsvgc2026regma-2583954154",
  "format": "[Gen 9 Champions] VGC 2026 Reg M-A",
  "players": [
    "Salemali7",
    "AkujiAzure"
  ],
  "log": "|j|\u2606Salemali7\n|j|\u2606AkujiAzure\n|t:|1776211415\n|gametype|doubles\n|player|p1|Salemali7|byron|1101\n|player|p2|AkujiAzure|burglar|1000\n|gen|9\n|tier|[Gen 9 Champions] VGC 2026 Reg M-A\n|rated|\n|rule|Species Clause: Limit one of each Pok\u00e9mon\n|rule|Item Clause: Limit 1 of each item\n|clearpoke\n|poke|p1|Blastoise, L50, F|\n|poke|p1|Sinistcha, L50|\n|poke|p1|Farigiraf, L50, F|\n|poke|p1|Raichu, L50, F|\n|poke|p1|Gallade, L50, M|\n|poke|p1|Steelix, L50, F|\n|poke|p2|Alakazam, L50, F|\n|poke|p2|Drampa, L50, M|\n|poke|p2|Crabominable, L50, M|\n|poke|p2|Sinistcha, L50|\n|poke|p2|Basculegion, L50, M|\n|poke|p2|Slowking, L50, M|\n|teampreview|4\n|c|\u2606AkujiAzure|hi\n|\n|t:|1776211444\n|teamsize|p1|4\n|teamsize|p2|4\n|start\n|switch|p1a: Gallade|Gallade, L50, M|100/100\n|switch|p1b: Farigiraf|Farigiraf, L50, F|100/100\n|switch|p2a: Slowking|Slowking, L50, M|100/100\n|switch|p2b: Alakazam|Alakazam, L50, F, shiny|100/100\n|turn|1\n|j| Surge9719\n|\n|t:|1776211471\n|move|p2b: Alakazam|Reflect|p2b: Alakazam\n|-sidestart|p2: AkujiAzure|Reflect\n|move|p1a: Gallade|Psycho Cut|p2b: Alakazam\n|-resisted|p2b: Alakazam|1\n|-damage|p2b: Alakazam|67/100\n|move|p2a: Slowking|Yawn|p1a: Gallade\n|-start|p1a: Gallade|move: Yawn|[of] p2a: Slowking\n|move|p1b: Farigiraf|Trick Room|p1b: Farigiraf\n|-fieldstart|move: Trick Room|[of] p1b: Farigiraf\n|\n|upkeep\n|turn|2\n|\n|t:|1776211485\n|switch|p1a: Blastoise|Blastoise, L50, F|100/100\n|-prepare|p2a: Slowking|Chilly Reception|[premajor]\n|move|p2a: Slowking|Chilly Reception|p2a: Slowking\n|-weather|Snowscape\n|c|\u2606AkujiAzure|thanks\n|\n|t:|1776211491\n|switch|p2a: Crabominable|Crabominable, L50, M|100/100|[from] Chilly Reception\n|move|p2b: Alakazam|Light Screen|p2b: Alakazam\n|-sidestart|p2: AkujiAzure|move: Light Screen\n|move|p1b: Farigiraf|Trick Room|p1b: Farigiraf\n|-fieldend|move: Trick Room\n|\n|-weather|Snowscape|[upkeep]\n|upkeep\n|turn|3\n|\n|t:|1776211507\n|detailschange|p1a: Blastoise|Blastoise-Mega, L50, F\n|-mega|p1a: Blastoise|Blastoise|Blastoisinite\n|detailschange|p2a: Crabominable|Crabominable-Mega, L50, M\n|-mega|p2a: Crabominable|Crabominable|Crabominite\n|move|p1b: Farigiraf|Helping Hand|p1a: Blastoise\n|-singleturn|p1a: Blastoise|Helping Hand|[of] p1b: Farigiraf\n|move|p2b: Alakazam|Speed Swap|p2a: Crabominable\n|-activate|p2b: Alakazam|move: Speed Swap|[of] p2a: Crabominable\n|move|p2a: Crabominable|Thunder Punch|p1a: Blastoise\n|-supereffective|p1a: Blastoise|1\n|-damage|p1a: Blastoise|38/100\n|move|p1a: Blastoise|Water Spout|p2b: Alakazam|[spread] p2a,p2b\n|-damage|p2a: Crabominable|82/100\n|-damage|p2b: Alakazam|36/100\n|\n|-weather|Snowscape|[upkeep]\n|upkeep\n|turn|4\n|\n|t:|1776211530\n|move|p1a: Blastoise|Protect|p1a: Blastoise\n|-singleturn|p1a: Blastoise|Protect\n|move|p2a: Crabominable|Thunder Punch|p1a: Blastoise\n|-activate|p1a: Blastoise|move: Protect\n|move|p2b: Alakazam|Psychic|p1b: Farigiraf\n|-resisted|p1b: Farigiraf|1\n|-damage|p1b: Farigiraf|86/100\n|move|p1b: Farigiraf|Trick Room|p1b: Farigiraf\n|-fieldstart|move: Trick Room|[of] p1b: Farigiraf\n|\n|-weather|Snowscape|[upkeep]\n|upkeep\n|turn|5\n|\n|t:|1776211555\n|move|p1b: Farigiraf|Helping Hand|p1a: Blastoise\n|-singleturn|p1a: Blastoise|Helping Hand|[of] p1b: Farigiraf\n|move|p2b: Alakazam|Speed Swap|p2a: Crabominable\n|-activate|p2b: Alakazam|move: Speed Swap|[of] p2a: Crabominable\n|move|p2a: Crabominable|Thunder Punch|p1a: Blastoise\n|-supereffective|p1a: Blastoise|1\n|-damage|p1a: Blastoise|0 fnt\n|faint|p1a: Blastoise\n|\n|-weather|Snowscape|[upkeep]\n|-sideend|p2: AkujiAzure|Reflect\n|upkeep\n|-message|Salemali7 forfeited.\n|\n|win|AkujiAzure\n|raw|Salemali7's rating: 1101 &rarr; <strong>1069</strong><br />(-32 for losing)\n|raw|AkujiAzure's rating: 1000 &rarr; <strong>1051</strong><br />(+51 for winning)\n|l|\u2606Salemali7\n|player|p1|\n|j|\u2606Salemali7\n|player|p1|Salemali7|byron|\n|l|\u2606Salemali7\n|player|p1|\n|l| Surge9719\n",
  "uploadtime": 1776211572,
  "views": 50,
  "formatid": "gen9championsvgc2026regma",
  "rating": 1051,
  "private": 0,
  "password": null
}