{
  "id": "gen9championsvgc2026regma-2587656793",
  "format": "[Gen 9 Champions] VGC 2026 Reg M-A",
  "players": [
    "takiyako",
    "Zenakuss17"
  ],
  "log": "|j|\u2606takiyako\n|j|\u2606Zenakuss17\n|t:|1776551003\n|gametype|doubles\n|player|p1|takiyako|ingo-hisui|1052\n|player|p2|Zenakuss17|benga|1110\n|gen|9\n|tier|[Gen 9 Champions] VGC 2026 Reg M-A\n|rated|\n|rule|Species Clause: Limit one of each Pok\u00e9mon\n|rule|Item Clause: Limit 1 of each item\n|clearpoke\n|poke|p1|Quaquaval, L50, M|\n|poke|p1|Archaludon, L50, M|\n|poke|p1|Kommo-o, L50, M|\n|poke|p1|Oranguru, L50, M|\n|poke|p1|Reuniclus, L50, M|\n|poke|p1|Arcanine-Hisui, L50, M|\n|poke|p2|Starmie, L50|\n|poke|p2|Pelipper, L50, M|\n|poke|p2|Archaludon, L50, M, shiny|\n|poke|p2|Incineroar, L50, F|\n|poke|p2|Sinistcha, L50|\n|poke|p2|Kingambit, L50, M|\n|teampreview|4\n|inactive|Battle timer is ON: inactive players will automatically lose when time's up. (requested by takiyako)\n|inactive|Zenakuss17 has 60 seconds left.\n|\n|t:|1776551044\n|teamsize|p1|4\n|teamsize|p2|4\n|start\n|switch|p1a: Kommo-o|Kommo-o, L50, M|100/100\n|switch|p1b: Oranguru|Oranguru, L50, M|100/100\n|switch|p2a: Pelipper|Pelipper, L50, M|100/100\n|switch|p2b: Kingambit|Kingambit, L50, M|100/100\n|-weather|RainDance|[from] ability: Drizzle|[of] p2a: Pelipper\n|turn|1\n|\n|t:|1776551062\n|move|p1a: Kommo-o|Drain Punch|p2b: Kingambit\n|-supereffective|p2b: Kingambit|2\n|-enditem|p2b: Kingambit|Chople Berry|[eat]\n|-enditem|p2b: Kingambit|Chople Berry|[weaken]\n|-damage|p2b: Kingambit|55/100\n|move|p1b: Oranguru|Instruct|p1a: Kommo-o\n|-singleturn|p1a: Kommo-o|move: Instruct|[of] p1b: Oranguru\n|move|p1a: Kommo-o|Drain Punch|p2b: Kingambit\n|-supereffective|p2b: Kingambit|2\n|-damage|p2b: Kingambit|0 fnt\n|faint|p2b: Kingambit\n|move|p2a: Pelipper|Hurricane|p1a: Kommo-o\n|-supereffective|p1a: Kommo-o|1\n|-damage|p1a: Kommo-o|0 fnt\n|faint|p1a: Kommo-o\n|\n|-weather|RainDance|[upkeep]\n|upkeep\n|\n|t:|1776551073\n|switch|p1a: Gumi|Reuniclus, L50, M|100/100\n|switch|p2b: Incineroar|Incineroar, L50, F|100/100\n|-ability|p2b: Incineroar|Intimidate|boost\n|-unboost|p1a: Gumi|atk|1\n|-unboost|p1b: Oranguru|atk|1\n|turn|2\n|\n|t:|1776551090\n|move|p2b: Incineroar|Throat Chop|p1a: Gumi\n|-supereffective|p1a: Gumi|1\n|-damage|p1a: Gumi|33/100\n|-start|p1a: Gumi|Throat Chop|[silent]\n|move|p2a: Pelipper|Hydro Pump|p1b: Oranguru|[miss]\n|-miss|p2a: Pelipper|p1b: Oranguru\n|move|p1a: Gumi|Focus Blast|p2b: Incineroar\n|-supereffective|p2b: Incineroar|1\n|-damage|p2b: Incineroar|6/100\n|-enditem|p2b: Incineroar|Sitrus Berry|[eat]\n|-heal|p2b: Incineroar|31/100|[from] item: Sitrus Berry\n|move|p1b: Oranguru|Trick Room|p1b: Oranguru\n|-fieldstart|move: Trick Room|[of] p1b: Oranguru\n|\n|-weather|RainDance|[upkeep]\n|upkeep\n|turn|3\n|\n|t:|1776551110\n|move|p1a: Gumi|Focus Blast|p2b: Incineroar|[miss]\n|-miss|p1a: Gumi|p2b: Incineroar\n|move|p2a: Pelipper|Hurricane|p1a: Gumi\n|-damage|p1a: Gumi|0 fnt\n|faint|p1a: Gumi\n|move|p2b: Incineroar|Parting Shot|p1b: Oranguru\n|-unboost|p1b: Oranguru|atk|1\n|-unboost|p1b: Oranguru|spa|1\n|\n|t:|1776551120\n|switch|p2b: Starmie|Starmie, L50|100/100|[from] Parting Shot\n|move|p1b: Oranguru|Instruct|p1: Gumi|[notarget]\n|-fail|p1b: Oranguru\n|\n|-weather|RainDance|[upkeep]\n|upkeep\n|\n|t:|1776551125\n|switch|p1a: Brain Damage|Arcanine-Hisui, L50, M|100/100\n|turn|4\n|\n|t:|1776551138\n|detailschange|p2b: Starmie|Starmie-Mega, L50\n|-mega|p2b: Starmie|Starmie|Starminite\n|move|p2b: Starmie|Aqua Jet|p1a: Brain Damage\n|-supereffective|p1a: Brain Damage|2\n|-enditem|p1a: Brain Damage|Focus Sash\n|-activate|p1b: Oranguru|ability: Symbiosis|Dragon Fang|[of] p1a: Brain Damage\n|-damage|p1a: Brain Damage|1/100\n|move|p2a: Pelipper|Hydro Pump|p1b: Oranguru|[miss]\n|-miss|p2a: Pelipper|p1b: Oranguru\n|move|p1a: Brain Damage|Head Smash|p2a: Pelipper\n|-supereffective|p2a: Pelipper|1\n|-enditem|p2a: Pelipper|Focus Sash\n|-damage|p2a: Pelipper|1/100\n|move|p1b: Oranguru|Trick Room|p1b: Oranguru\n|-fieldend|move: Trick Room\n|\n|-weather|RainDance|[upkeep]\n|upkeep\n|turn|5\n|inactive|Zenakuss17 has 30 seconds left.\n|\n|t:|1776551165\n|move|p1a: Brain Damage|Extreme Speed|p2a: Pelipper\n|-damage|p2a: Pelipper|0 fnt\n|faint|p2a: Pelipper\n|move|p2b: Starmie|Aqua Jet|p1a: Brain Damage\n|-supereffective|p1a: Brain Damage|2\n|-damage|p1a: Brain Damage|0 fnt\n|faint|p1a: Brain Damage\n|move|p1b: Oranguru|Skill Swap|p2b: Starmie\n|-activate|p1b: Oranguru|Skill Swap|Huge Power|Symbiosis|[of] p2b: Starmie\n|\n|-weather|none\n|upkeep\n|-message|takiyako forfeited.\n|\n|win|Zenakuss17\n|raw|takiyako's rating: 1052 &rarr; <strong>1037</strong><br />(-15 for losing)\n|raw|Zenakuss17's rating: 1110 &rarr; <strong>1131</strong><br />(+21 for winning)\n|l|\u2606takiyako\n|player|p1|\n",
  "uploadtime": 1776551280,
  "views": 11,
  "formatid": "gen9championsvgc2026regma",
  "rating": 1037,
  "private": 0,
  "password": null
}