{
  "id": "gen9championsvgc2026regma-2581448390",
  "format": "[Gen 9 Champions] VGC 2026 Reg M-A",
  "players": [
    "acp cool person",
    "Iskakhi"
  ],
  "log": "|j|\u2606acp cool person\n|j|\u2606Iskakhi\n|t:|1776001427\n|gametype|doubles\n|player|p1|acp cool person|lady|1053\n|player|p2|Iskakhi|170|1048\n|gen|9\n|tier|[Gen 9 Champions] VGC 2026 Reg M-A\n|rated|\n|rule|Species Clause: Limit one of each Pok\u00e9mon\n|rule|Item Clause: Limit 1 of each item\n|clearpoke\n|poke|p1|Delphox, L50, F|\n|poke|p1|Basculegion, L50, M|\n|poke|p1|Rotom-Wash, L50|\n|poke|p1|Farigiraf, L50, M|\n|poke|p1|Tinkaton, L50, F|\n|poke|p1|Sinistcha, L50|\n|poke|p2|Garganacl, L50, F|\n|poke|p2|Tyranitar, L50, F|\n|poke|p2|Excadrill, L50, M|\n|poke|p2|Garchomp, L50, F|\n|poke|p2|Talonflame, L50, M|\n|poke|p2|Meganium, L50, F|\n|teampreview|4\nIskakhi has agreed to open team sheets.\n|inactive|Battle timer is ON: inactive players will automatically lose when time's up. (requested by Iskakhi)\n|\n|t:|1776001458\n|teamsize|p1|4\n|teamsize|p2|4\n|start\n|switch|p1a: Basculegion|Basculegion, L50, M|100/100\n|switch|p1b: Farigiraf|Farigiraf, L50, M|100/100\n|switch|p2a: Tyranitar|Tyranitar, L50, F|100/100\n|switch|p2b: Excadrill|Excadrill, L50, M|100/100\n|-weather|Sandstorm|[from] ability: Sand Stream|[of] p2a: Tyranitar\n|turn|1\n|\n|t:|1776001482\n|move|p2b: Excadrill|X-Scissor|p1b: Farigiraf\n|-supereffective|p1b: Farigiraf|1\n|-damage|p1b: Farigiraf|44/100\n|move|p1a: Basculegion|Flip Turn|p2b: Excadrill\n|-supereffective|p2b: Excadrill|1\n|-damage|p2b: Excadrill|0 fnt\n|faint|p2b: Excadrill\n|\n|t:|1776001489\n|switch|p1a: Rotom|Rotom-Wash, L50|100/100|[from] Flip Turn\n|move|p2a: Tyranitar|Knock Off|p1a: Rotom\n|-damage|p1a: Rotom|43/100\n|-enditem|p1a: Rotom|Leftovers|[from] move: Knock Off|[of] p2a: Tyranitar\n|move|p1b: Farigiraf|Trick Room|p1b: Farigiraf\n|-fieldstart|move: Trick Room|[of] p1b: Farigiraf\n|\n|-weather|Sandstorm|[upkeep]\n|-damage|p1b: Farigiraf|38/100|[from] Sandstorm\n|-damage|p1a: Rotom|37/100|[from] Sandstorm\n|upkeep\n|\n|t:|1776001499\n|switch|p2b: Garganacl|Garganacl, L50, F|100/100\n|turn|2\n|\n|t:|1776001513\n|move|p2b: Garganacl|Iron Defense|p2b: Garganacl\n|-boost|p2b: Garganacl|def|2\n|move|p1b: Farigiraf|Psychic|p2b: Garganacl\n|-damage|p2b: Garganacl|83/100\n|move|p2a: Tyranitar|Knock Off|p1b: Farigiraf\n|-supereffective|p1b: Farigiraf|1\n|-damage|p1b: Farigiraf|0 fnt\n|-enditem|p1b: Farigiraf|Silk Scarf|[from] move: Knock Off|[of] p2a: Tyranitar\n|faint|p1b: Farigiraf\n|move|p1a: Rotom|Hydro Pump|p2a: Tyranitar\n|-supereffective|p2a: Tyranitar|1\n|-damage|p2a: Tyranitar|41/100\n|-enditem|p2a: Tyranitar|Sitrus Berry|[eat]\n|-heal|p2a: Tyranitar|66/100|[from] item: Sitrus Berry\n|\n|-weather|Sandstorm|[upkeep]\n|-damage|p1a: Rotom|32/100|[from] Sandstorm\n|-heal|p2b: Garganacl|89/100|[from] item: Leftovers\n|upkeep\n|\n|t:|1776001530\n|switch|p1b: Basculegion|Basculegion, L50, M|100/100\n|turn|3\n|\n|t:|1776001552\n|switch|p2a: Garchomp|Garchomp, L50, F|100/100\n|move|p2b: Garganacl|Salt Cure|p1b: Basculegion\n|-damage|p1b: Basculegion|82/100\n|-start|p1b: Basculegion|Salt Cure\n|move|p1a: Rotom|Hydro Pump|p2b: Garganacl\n|-supereffective|p2b: Garganacl|1\n|-damage|p2b: Garganacl|42/100\n|move|p1b: Basculegion|Flip Turn|p2a: Garchomp\n|-damage|p2a: Garchomp|57/100\n|\n|t:|1776001562\n|switch|p1b: Delphox|Delphox, L50, F|100/100|[from] Flip Turn\n|\n|-weather|Sandstorm|[upkeep]\n|-damage|p1a: Rotom|26/100|[from] Sandstorm\n|-damage|p1b: Delphox|94/100|[from] Sandstorm\n|-heal|p2b: Garganacl|48/100|[from] item: Leftovers\n|upkeep\n|turn|4\n|\n|t:|1776001583\n|detailschange|p1b: Delphox|Delphox-Mega, L50, F\n|-mega|p1b: Delphox|Delphox|Delphoxite\n|move|p2b: Garganacl|Salt Cure|p1b: Delphox\n|-supereffective|p1b: Delphox|1\n|-damage|p1b: Delphox|58/100\n|-start|p1b: Delphox|Salt Cure\n|move|p1a: Rotom|Will-O-Wisp|p2a: Garchomp\n|-status|p2a: Garchomp|brn\n|move|p2a: Garchomp|Rock Slide|p1b: Delphox|[spread] p1a,p1b\n|-crit|p1a: Rotom\n|-supereffective|p1b: Delphox|1\n|-damage|p1a: Rotom|11/100\n|-damage|p1b: Delphox|30/100\n|move|p1b: Delphox|Psychic|p2b: Garganacl\n|-damage|p2b: Garganacl|14/100\n|\n|-weather|Sandstorm|[upkeep]\n|-damage|p1a: Rotom|5/100|[from] Sandstorm\n|-damage|p1b: Delphox|24/100|[from] Sandstorm\n|-heal|p2b: Garganacl|20/100|[from] item: Leftovers\n|-damage|p2a: Garchomp|51/100 brn|[from] brn\n|-damage|p1b: Delphox|18/100|[from] Salt Cure\n|upkeep\n|turn|5\n|inactive|acp cool person has 30 seconds left.\n|inactive|Iskakhi has 30 seconds left.\n|\n|t:|1776001617\n|move|p1b: Delphox|Protect|p1b: Delphox\n|-singleturn|p1b: Delphox|Protect\n|move|p2b: Garganacl|Salt Cure|p1b: Delphox\n|-activate|p1b: Delphox|move: Protect\n|move|p1a: Rotom|Hydro Pump|p2b: Garganacl|[miss]\n|-miss|p1a: Rotom|p2b: Garganacl\n|move|p2a: Garchomp|Swords Dance|p2a: Garchomp\n|-boost|p2a: Garchomp|atk|2\n|\n|-weather|none\n|-heal|p2b: Garganacl|26/100|[from] item: Leftovers\n|-damage|p2a: Garchomp|45/100 brn|[from] brn\n|-damage|p1b: Delphox|12/100|[from] Salt Cure\n|-fieldend|move: Trick Room\n|upkeep\n|turn|6\n|inactive|Iskakhi has 30 seconds left.\n|\n|t:|1776001649\n|move|p1b: Delphox|Psychic|p2a: Garchomp\n|-damage|p2a: Garchomp|0 fnt\n|faint|p2a: Garchomp\n|move|p1a: Rotom|Hydro Pump|p2b: Garganacl\n|-supereffective|p2b: Garganacl|1\n|-damage|p2b: Garganacl|0 fnt\n|faint|p2b: Garganacl\n|\n|-damage|p1b: Delphox|6/100|[from] Salt Cure\n|upkeep\n|\n|t:|1776001659\n|switch|p2b: Tyranitar|Tyranitar, L50, F|66/100\n|-weather|Sandstorm|[from] ability: Sand Stream|[of] p2b: Tyranitar\n|turn|7\n|\n|t:|1776001670\n|move|p2b: Tyranitar|Protect|p2b: Tyranitar\n|-singleturn|p2b: Tyranitar|Protect\n|move|p1b: Delphox|Heat Wave|p2b: Tyranitar\n|-activate|p2b: Tyranitar|move: Protect\n|move|p1a: Rotom|Hydro Pump|p2b: Tyranitar\n|-activate|p2b: Tyranitar|move: Protect\n|\n|-weather|Sandstorm|[upkeep]\n|-damage|p1b: Delphox|0 fnt|[from] Sandstorm\n|-damage|p1a: Rotom|0 fnt|[from] Sandstorm\n|faint|p1b: Delphox\n|faint|p1a: Rotom\n|upkeep\n|c|\u2606acp cool person|damnnnnn\n|inactive|acp cool person has 30 seconds left.\n|c|\u2606Iskakhi|:3\n|inactive|acp cool person has 20 seconds left.\n|inactive|acp cool person has 15 seconds left.\n|c|\u2606Iskakhi|i'm testing this team\n|\n|t:|1776001713\n|switch|p1b: Basculegion|Basculegion, L50, M|82/100\n|turn|8\n|c|\u2606acp cool person|same\n|c|\u2606acp cool person|i usually play doubles OU\n|c|\u2606acp cool person|and most of the mons legal are OU\n|c|\u2606acp cool person|and the other half are ubers\n|inactive|acp cool person has 30 seconds left.\n|\n|t:|1776001742\n|move|p1b: Basculegion|Flip Turn|p2b: Tyranitar\n|-supereffective|p2b: Tyranitar|1\n|-damage|p2b: Tyranitar|4/100\n|move|p2b: Tyranitar|Knock Off|p1b: Basculegion\n|-supereffective|p1b: Basculegion|1\n|-damage|p1b: Basculegion|0 fnt\n|-enditem|p1b: Basculegion|Choice Scarf|[from] move: Knock Off|[of] p2b: Tyranitar\n|faint|p1b: Basculegion\n|\n|win|Iskakhi\n|raw|acp cool person's rating: 1053 &rarr; <strong>1035</strong><br />(-18 for losing)\n|raw|Iskakhi's rating: 1048 &rarr; <strong>1081</strong><br />(+33 for winning)\n|l|\u2606acp cool person\n|player|p1|\n|c|\u2606Iskakhi|i started the comp using garganacl\n|c|\u2606Iskakhi|gg\n",
  "uploadtime": 1776001786,
  "views": 16,
  "formatid": "gen9championsvgc2026regma",
  "rating": 1035,
  "private": 0,
  "password": null
}