{
  "id": "gen9championsvgc2026regma-2581843060",
  "format": "[Gen 9 Champions] VGC 2026 Reg M-A",
  "players": [
    "buglover9",
    "gariheuz"
  ],
  "log": "|j|\u2606buglover9\n|j|\u2606gariheuz\n|t:|1776032974\n|gametype|doubles\n|player|p1|buglover9|bugcatcher-gen4dp|1088\n|player|p2|gariheuz|n|1165\n|gen|9\n|tier|[Gen 9 Champions] VGC 2026 Reg M-A\n|rated|\n|rule|Species Clause: Limit one of each Pok\u00e9mon\n|rule|Item Clause: Limit 1 of each item\n|clearpoke\n|poke|p1|Araquanid, L50, M|\n|poke|p1|Incineroar, L50, M|\n|poke|p1|Arcanine, L50, M|\n|poke|p1|Kommo-o, L50, M|\n|poke|p1|Kangaskhan, L50, F|\n|poke|p1|Sinistcha, L50|\n|poke|p2|Pelipper, L50, M|\n|poke|p2|Basculegion, L50, M|\n|poke|p2|Dragonite, L50, F|\n|poke|p2|Archaludon, L50, F|\n|poke|p2|Sneasler, L50, M|\n|poke|p2|Scizor, L50, M|\n|teampreview|4\n|inactive|Battle timer is ON: inactive players will automatically lose when time's up. (requested by gariheuz)\nbuglover9 rejected open team sheets.\n|inactive|buglover9 has 60 seconds left.\n|\n|t:|1776033015\n|teamsize|p1|4\n|teamsize|p2|4\n|start\n|switch|p1a: Araquanid|Araquanid, L50, M|100/100\n|switch|p1b: Incineroar|Incineroar, L50, M, shiny|100/100\n|switch|p2a: Pelipper|Pelipper, L50, M|100/100\n|switch|p2b: Dragonite|Dragonite, L50, F|100/100\n|-weather|RainDance|[from] ability: Drizzle|[of] p2a: Pelipper\n|-ability|p1b: Incineroar|Intimidate|boost\n|-unboost|p2a: Pelipper|atk|1\n|-unboost|p2b: Dragonite|atk|1\n|turn|1\n|inactive|buglover9 has 30 seconds left.\n|\n|t:|1776033047\n|detailschange|p2b: Dragonite|Dragonite-Mega, L50, F\n|-mega|p2b: Dragonite|Dragonite|Dragoninite\n|move|p1b: Incineroar|Fake Out|p2a: Pelipper\n|-damage|p2a: Pelipper|84/100\n|move|p2b: Dragonite|Hurricane|p1a: Araquanid\n|-supereffective|p1a: Araquanid|1\n|-damage|p1a: Araquanid|10/100\n|cant|p2a: Pelipper|flinch\n|move|p1a: Araquanid|Sticky Web|p2a: Pelipper\n|-sidestart|p2: gariheuz|move: Sticky Web\n|\n|-weather|RainDance|[upkeep]\n|upkeep\n|turn|2\n|inactive|buglover9 has 30 seconds left.\n|\n|t:|1776033074\n|move|p2b: Dragonite|Hurricane|p1a: Araquanid\n|-supereffective|p1a: Araquanid|1\n|-damage|p1a: Araquanid|0 fnt\n|faint|p1a: Araquanid\n|move|p2a: Pelipper|Tailwind|p2a: Pelipper\n|-sidestart|p2: gariheuz|move: Tailwind\n|move|p1b: Incineroar|Parting Shot|p2a: Pelipper\n|-unboost|p2a: Pelipper|atk|1\n|-unboost|p2a: Pelipper|spa|1\n|\n|t:|1776033084\n|switch|p1b: Kommo-o|Kommo-o, L50, M|100/100|[from] Parting Shot\n|\n|-weather|RainDance|[upkeep]\n|upkeep\n|\n|t:|1776033088\n|switch|p1a: Incineroar|Incineroar, L50, M, shiny|100/100\n|-ability|p1a: Incineroar|Intimidate|boost\n|-unboost|p2a: Pelipper|atk|1\n|-unboost|p2b: Dragonite|atk|1\n|turn|3\n|\n|t:|1776033099\n|switch|p2a: Basculegion|Basculegion, L50, M|100/100\n|-activate|p2a: Basculegion|move: Sticky Web\n|-unboost|p2a: Basculegion|spe|1\n|move|p1a: Incineroar|Fake Out|p2b: Dragonite\n|-damage|p2b: Dragonite|95/100\n|cant|p2b: Dragonite|flinch\n|move|p1b: Kommo-o|Clangorous Soul|p1b: Kommo-o\n|-boost|p1b: Kommo-o|atk|1\n|-boost|p1b: Kommo-o|def|1\n|-boost|p1b: Kommo-o|spa|1\n|-boost|p1b: Kommo-o|spd|1\n|-boost|p1b: Kommo-o|spe|1\n|-damage|p1b: Kommo-o|68/100\n|\n|-weather|RainDance|[upkeep]\n|-heal|p1b: Kommo-o|74/100|[from] item: Leftovers\n|upkeep\n|turn|4\n|\n|t:|1776033124\n|move|p2b: Dragonite|Protect|p2b: Dragonite\n|-singleturn|p2b: Dragonite|Protect\n|move|p2a: Basculegion|Wave Crash|p1b: Kommo-o\n|-resisted|p1b: Kommo-o|1\n|-damage|p1b: Kommo-o|38/100\n|-damage|p2a: Basculegion|91/100|[from] Recoil\n|move|p1b: Kommo-o|Clanging Scales|p2b: Dragonite|[spread] p2a\n|-activate|p2b: Dragonite|move: Protect\n|-damage|p2a: Basculegion|25/100\n|-unboost|p1b: Kommo-o|def|1\n|move|p1a: Incineroar|Darkest Lariat|p2a: Basculegion\n|-supereffective|p2a: Basculegion|1\n|-damage|p2a: Basculegion|0 fnt\n|faint|p2a: Basculegion\n|\n|-weather|RainDance|[upkeep]\n|-heal|p1b: Kommo-o|45/100|[from] item: Leftovers\n|upkeep\n|\n|t:|1776033133\n|switch|p2a: Pelipper|Pelipper, L50, M|84/100\n|turn|5\n|\n|t:|1776033155\n|move|p1b: Kommo-o|Protect|p1b: Kommo-o\n|-singleturn|p1b: Kommo-o|Protect\n|move|p2a: Pelipper|Wide Guard|p2a: Pelipper\n|-singleturn|p2a: Pelipper|Wide Guard\n|move|p2b: Dragonite|Hurricane|p1b: Kommo-o\n|-activate|p1b: Kommo-o|move: Protect\n|move|p1a: Incineroar|Parting Shot|p2a: Pelipper\n|-unboost|p2a: Pelipper|atk|1\n|-unboost|p2a: Pelipper|spa|1\n|\n|t:|1776033165\n|switch|p1a: Arcanine|Arcanine, L50, M|100/100|[from] Parting Shot\n|\n|-weather|none\n|-heal|p1b: Kommo-o|51/100|[from] item: Leftovers\n|-sideend|p2: gariheuz|move: Tailwind\n|upkeep\n|turn|6\n|inactive|buglover9 has 30 seconds left.\n|\n|t:|1776033199\n|move|p2a: Pelipper|Wide Guard|p2a: Pelipper\n|-singleturn|p2a: Pelipper|Wide Guard\n|move|p1b: Kommo-o|Clanging Scales|p2a: Pelipper|[spread] \n|-activate|p2a: Pelipper|move: Wide Guard\n|-activate|p2b: Dragonite|move: Wide Guard\n|move|p2b: Dragonite|Draco Meteor|p1b: Kommo-o|[miss]\n|-miss|p2b: Dragonite|p1b: Kommo-o\n|move|p1a: Arcanine|Fire Spin|p2b: Dragonite\n|-resisted|p2b: Dragonite|1\n|-crit|p2b: Dragonite\n|-damage|p2b: Dragonite|88/100\n|-activate|p2b: Dragonite|move: Fire Spin|[of] p1a: Arcanine\n|\n|-heal|p1b: Kommo-o|57/100|[from] item: Leftovers\n|-damage|p2b: Dragonite|76/100|[from] move: Fire Spin|[partiallytrapped]\n|upkeep\n|turn|7\n|c|\u2606gariheuz|lol\n|inactive|buglover9 has 30 seconds left.\n|inactive|gariheuz has 30 seconds left.\n|\n|t:|1776033228\n|switch|p1a: Incineroar|Incineroar, L50, M, shiny|100/100\n|-ability|p1a: Incineroar|Intimidate|boost\n|-unboost|p2a: Pelipper|atk|1\n|-unboost|p2b: Dragonite|atk|1\n|move|p1b: Kommo-o|Protect|p1b: Kommo-o\n|-singleturn|p1b: Kommo-o|Protect\n|move|p2b: Dragonite|Hurricane|p1a: Incineroar|[miss]\n|-miss|p2b: Dragonite|p1a: Incineroar\n|move|p2a: Pelipper|Hurricane|p1a: Incineroar\n|-damage|p1a: Incineroar|71/100\n|-start|p1a: Incineroar|confusion\n|\n|-heal|p1b: Kommo-o|63/100|[from] item: Leftovers\n|-end|p2b: Dragonite|Fire Spin|[partiallytrapped]|[silent]\n|upkeep\n|turn|8\n|\n|t:|1776033252\n|move|p2a: Pelipper|Wide Guard|p2a: Pelipper\n|-singleturn|p2a: Pelipper|Wide Guard\n|-activate|p1a: Incineroar|confusion\n|move|p1a: Incineroar|Fake Out|p2a: Pelipper\n|-damage|p2a: Pelipper|67/100\n|move|p1b: Kommo-o|Clanging Scales|p2b: Dragonite|[spread] \n|-activate|p2a: Pelipper|move: Wide Guard\n|-activate|p2b: Dragonite|move: Wide Guard\n|move|p2b: Dragonite|Draco Meteor|p1b: Kommo-o\n|-supereffective|p1b: Kommo-o|1\n|-damage|p1b: Kommo-o|0 fnt\n|-unboost|p2b: Dragonite|spa|2\n|faint|p1b: Kommo-o\n|\n|upkeep\n|n|!buglover9|buglover9\n|-message|buglover9 forfeited.\n|\n|win|gariheuz\n",
  "uploadtime": 1776033263,
  "views": 9,
  "formatid": "gen9championsvgc2026regma",
  "rating": null,
  "private": 0,
  "password": null
}