{
  "id": "gen9championsvgc2026regma-2583078653",
  "format": "[Gen 9 Champions] VGC 2026 Reg M-A",
  "players": [
    "holdingb",
    "ImActuallyShrek"
  ],
  "log": "|j|\u2606holdingb\n|j|\u2606ImActuallyShrek\n|t:|1776139575\n|gametype|doubles\n|player|p1|holdingb|anabel-gen7|\n|player|p2|ImActuallyShrek|266|\n|gen|9\n|tier|[Gen 9 Champions] VGC 2026 Reg M-A\n|rated|Tournament battle\n|rule|Species Clause: Limit one of each Pok\u00e9mon\n|rule|Item Clause: Limit 1 of each item\n|clearpoke\n|poke|p1|Clefable, L50, M|\n|poke|p1|Starmie, L50|\n|poke|p1|Meowstic, L50, M|\n|poke|p1|Sneasler, L50, M|\n|poke|p1|Talonflame, L50, F|\n|poke|p1|Garchomp, L50, M|\n|poke|p2|Gengar, L50, F|\n|poke|p2|Sableye, L50, F|\n|poke|p2|Milotic, L50, F|\n|poke|p2|Aerodactyl, L50, F|\n|poke|p2|Incineroar, L50, M|\n|poke|p2|Chesnaught, L50, F|\n|teampreview|4\n|inactive|Battle timer is ON: inactive players will automatically lose when time's up. (requested by holdingb)\nholdingb rejected open team sheets.\n|inactive|holdingb has 60 seconds left.\n|j| OnToTheOther\n|\n|t:|1776139634\n|teamsize|p1|4\n|teamsize|p2|4\n|start\n|switch|p1a: Talonflame|Talonflame, L50, F|100/100\n|switch|p1b: Garchomp|Garchomp, L50, M|100/100\n|switch|p2a: Incineroar|Incineroar, L50, M|100/100\n|switch|p2b: Gengar|Gengar, L50, F|100/100\n|-ability|p2a: Incineroar|Intimidate|boost\n|-unboost|p1a: Talonflame|atk|1\n|-unboost|p1b: Garchomp|atk|1\n|-enditem|p1b: Garchomp|White Herb\n|-clearnegativeboost|p1b: Garchomp|[silent]\n|turn|1\n|\n|t:|1776139656\n|switch|p2a: Sableye|Sableye, L50, F|100/100\n|detailschange|p2b: Gengar|Gengar-Mega, L50, F\n|-mega|p2b: Gengar|Gengar|Gengarite\n|move|p2b: Gengar|Protect|p2b: Gengar\n|-singleturn|p2b: Gengar|Protect\n|move|p1a: Talonflame|Quick Guard|p1a: Talonflame\n|-singleturn|p1a: Talonflame|Quick Guard\n|move|p1b: Garchomp|Earthquake|p2a: Sableye|[spread] p2a\n|-activate|p2b: Gengar|move: Protect\n|-immune|p1a: Talonflame\n|-damage|p2a: Sableye|43/100\n|-enditem|p2a: Sableye|Sitrus Berry|[eat]\n|-heal|p2a: Sableye|68/100|[from] item: Sitrus Berry\n|\n|upkeep\n|turn|2\n|\n|t:|1776139672\n|switch|p2b: Milotic|Milotic, L50, F|100/100\n|move|p1a: Talonflame|Quick Guard|p1a: Talonflame\n|-singleturn|p1a: Talonflame|Quick Guard\n|move|p2a: Sableye|Encore|p1a: Talonflame\n|-activate|p1a: Talonflame|move: Quick Guard\n|move|p1b: Garchomp|Earthquake|p2a: Sableye|[spread] p2a,p2b\n|-immune|p1a: Talonflame\n|-damage|p2a: Sableye|8/100\n|-damage|p2b: Milotic|62/100\n|\n|-heal|p2b: Milotic|68/100|[from] item: Leftovers\n|upkeep\n|turn|3\n|\n|t:|1776139694\n|move|p1a: Talonflame|Brave Bird|p2b: Milotic\n|-damage|p2b: Milotic|41/100\n|-damage|p1a: Talonflame|89/100|[from] Recoil\n|move|p1b: Garchomp|Earthquake|p2a: Sableye|[spread] p2a,p2b\n|-immune|p1a: Talonflame\n|-damage|p2a: Sableye|0 fnt\n|-damage|p2b: Milotic|7/100\n|faint|p2a: Sableye\n|move|p2b: Milotic|Ice Beam|p1b: Garchomp\n|-supereffective|p1b: Garchomp|2\n|-damage|p1b: Garchomp|9/100\n|\n|-heal|p2b: Milotic|13/100|[from] item: Leftovers\n|upkeep\n|\n|t:|1776139701\n|switch|p2a: Gengar|Gengar-Mega, L50, F|100/100\n|turn|4\n|\n|t:|1776139710\n|switch|p2b: Incineroar|Incineroar, L50, M|100/100\n|-ability|p2b: Incineroar|Intimidate|boost\n|-unboost|p1a: Talonflame|atk|1\n|-unboost|p1b: Garchomp|atk|1\n|move|p2a: Gengar|Protect|p2a: Gengar\n|-singleturn|p2a: Gengar|Protect\n|move|p1b: Garchomp|Protect|p1b: Garchomp\n|-singleturn|p1b: Garchomp|Protect\n|move|p1a: Talonflame|Tailwind|p1a: Talonflame\n|-sidestart|p1: holdingb|move: Tailwind\n|\n|upkeep\n|turn|5\n|\n|t:|1776139723\n|move|p1a: Talonflame|Quick Guard|p1a: Talonflame\n|-singleturn|p1a: Talonflame|Quick Guard\n|move|p2b: Incineroar|Fake Out|p1a: Talonflame\n|-activate|p1a: Talonflame|move: Quick Guard\n|move|p1b: Garchomp|Earthquake|p2b: Incineroar|[spread] p2a,p2b\n|-immune|p1a: Talonflame\n|-supereffective|p2a: Gengar|1\n|-supereffective|p2b: Incineroar|1\n|-enditem|p2b: Incineroar|Shuca Berry|[eat]\n|-enditem|p2b: Incineroar|Shuca Berry|[weaken]\n|-damage|p2a: Gengar|28/100\n|-damage|p2b: Incineroar|77/100\n|move|p2a: Gengar|Shadow Ball|p1b: Garchomp\n|-crit|p1b: Garchomp\n|-damage|p1b: Garchomp|0 fnt\n|faint|p1b: Garchomp\n|\n|upkeep\n|\n|t:|1776139737\n|switch|p1b: Starmie|Starmie, L50|100/100\n|turn|6\n|\n|t:|1776139752\n|move|p1a: Talonflame|Brave Bird|p2a: Gengar\n|-damage|p2a: Gengar|0 fnt\n|faint|p2a: Gengar\n|-damage|p1a: Talonflame|79/100|[from] Recoil\n|move|p1b: Starmie|Minimize|p1b: Starmie\n|-boost|p1b: Starmie|evasion|2\n|move|p2b: Incineroar|Throat Chop|p1b: Starmie\n|-supereffective|p1b: Starmie|1\n|-damage|p1b: Starmie|31/100\n|-start|p1b: Starmie|Throat Chop|[silent]\n|\n|-heal|p1b: Starmie|37/100|[from] item: Leftovers\n|upkeep\n|\n|t:|1776139755\n|switch|p2a: Milotic|Milotic, L50, F|13/100\n|turn|7\n|\n|t:|1776139769\n|move|p1a: Talonflame|Brave Bird|p2a: Milotic\n|-damage|p2a: Milotic|0 fnt\n|faint|p2a: Milotic\n|-damage|p1a: Talonflame|73/100|[from] Recoil\n|move|p1b: Starmie|Recover|p1b: Starmie\n|-heal|p1b: Starmie|87/100\n|move|p2b: Incineroar|Throat Chop|p1b: Starmie|[miss]\n|-miss|p2b: Incineroar|p1b: Starmie\n|\n|-heal|p1b: Starmie|93/100|[from] item: Leftovers\n|-end|p1b: Starmie|Throat Chop|[silent]\n|-sideend|p1: holdingb|move: Tailwind\n|upkeep\n|turn|8\n|-message|ImActuallyShrek forfeited.\n|\n|win|holdingb\n|n|\u2606holdingb|holdingb\n|n|\u2606ImActuallyShrek|imactuallyshrek\n|n| OnToTheOther|ontotheother\n|l|\u2606ImActuallyShrek\n|player|p2|\n",
  "uploadtime": 1776139780,
  "views": 14,
  "formatid": "gen9championsvgc2026regma",
  "rating": null,
  "private": 0,
  "password": null
}