{
  "id": "gen9championsvgc2026regma-2582036357",
  "format": "[Gen 9 Champions] VGC 2026 Reg M-A",
  "players": [
    "junerotting",
    "SwirledX"
  ],
  "log": "|j|\u2606junerotting\n|j|\u2606SwirledX\n|t:|1776050585\n|gametype|doubles\n|player|p1|junerotting|n|1174\n|player|p2|SwirledX|102|1077\n|gen|9\n|tier|[Gen 9 Champions] VGC 2026 Reg M-A\n|rated|\n|rule|Species Clause: Limit one of each Pok\u00e9mon\n|rule|Item Clause: Limit 1 of each item\n|clearpoke\n|poke|p1|Froslass, L50, F|\n|poke|p1|Sinistcha, L50|\n|poke|p1|Clefable, L50, F|\n|poke|p1|Rotom-Wash, L50|\n|poke|p1|Garchomp, L50, M|\n|poke|p1|Gallade, L50, M|\n|poke|p2|Charizard, L50, M|\n|poke|p2|Venusaur, L50, F|\n|poke|p2|Garchomp, L50, M|\n|poke|p2|Rotom-Wash, L50|\n|poke|p2|Sneasler, L50, M|\n|poke|p2|Incineroar, L50, F|\n|teampreview|4\nSwirledX has agreed to open team sheets.\njunerotting has agreed to open team sheets.\n|showteam|p1|Froslass||Froslassite|CursedBody|Blizzard,ShadowBall,NastyPlot,Protect|||F|||50|]Sinistcha||MentalHerb|Hospitality|RagePowder,MatchaGotcha,LifeDew,StrengthSap||||||50|]Clefable||Leftovers|MagicGuard|FollowMe,Encore,Protect,Moonblast|||F|||50|]Rotom-Wash||Magnet|Levitate|Discharge,Thunderbolt,DarkPulse,HydroPump||||||50|]Garchomp||SitrusBerry|RoughSkin|Earthquake,Protect,SwordsDance,RockSlide|||M|||50|]Gallade||WhiteHerb|Steadfast|SwordsDance,CloseCombat,PsychoCut,LeafBlade|||M|||50|\n|showteam|p2|Charizard||CharizarditeY|SolarPower|HeatWave,SolarBeam,WeatherBall,Protect|||M|||50|]Venusaur||FocusSash|Chlorophyll|SleepPowder,LeafStorm,SludgeBomb,Protect|||F|||50|]Garchomp||ChoiceScarf|RoughSkin|RockSlide,Earthquake,DragonClaw,Bulldoze|||M|||50|]Rotom-Wash||Leftovers|Levitate|HydroPump,Thunderbolt,WillOWisp,Protect||||||50|]Sneasler||WhiteHerb|Unburden|FakeOut,CloseCombat,DireClaw,RockTomb|||M|||50|]Incineroar||SitrusBerry|Intimidate|FakeOut,FlareBlitz,DarkestLariat,PartingShot|||F|||50|\n|\n|t:|1776050684\n|teamsize|p1|4\n|teamsize|p2|4\n|start\n|switch|p1a: Garchomp|Garchomp, L50, M|100/100\n|switch|p1b: Rotom|Rotom-Wash, L50|100/100\n|switch|p2a: Incineroar|Incineroar, L50, F|100/100\n|switch|p2b: Sneasler|Sneasler, L50, M|100/100\n|-ability|p2a: Incineroar|Intimidate|boost\n|-unboost|p1a: Garchomp|atk|1\n|-unboost|p1b: Rotom|atk|1\n|turn|1\n|\n|t:|1776050726\n|move|p1a: Garchomp|Protect|p1a: Garchomp\n|-singleturn|p1a: Garchomp|Protect\n|move|p2b: Sneasler|Fake Out|p1b: Rotom\n|-damage|p1b: Rotom|82/100\n|cant|p1b: Rotom|flinch\n|move|p2a: Incineroar|Parting Shot|p1a: Garchomp\n|-activate|p1a: Garchomp|move: Protect\n|\n|upkeep\n|turn|2\n|\n|t:|1776050808\n|move|p2b: Sneasler|Rock Tomb|p1b: Rotom\n|-damage|p1b: Rotom|54/100\n|-unboost|p1b: Rotom|spe|1\n|move|p1a: Garchomp|Earthquake|p2a: Incineroar|[spread] p2a,p2b\n|-immune|p1b: Rotom|[from] ability: Levitate\n|-supereffective|p2a: Incineroar|1\n|-supereffective|p2b: Sneasler|1\n|-damage|p2a: Incineroar|53/100\n|-damage|p2b: Sneasler|18/100\n|move|p1b: Rotom|Hydro Pump|p2a: Incineroar\n|-supereffective|p2a: Incineroar|1\n|-damage|p2a: Incineroar|0 fnt\n|faint|p2a: Incineroar\n|\n|upkeep\n|\n|t:|1776050822\n|switch|p2a: Charizard|Charizard, L50, M|100/100\n|turn|3\n|\n|t:|1776050847\n|detailschange|p2a: Charizard|Charizard-Mega-Y, L50, M\n|-mega|p2a: Charizard|Charizard|Charizardite Y\n|-weather|SunnyDay|[from] ability: Drought|[of] p2a: Charizard\n|move|p1a: Garchomp|Protect|p1a: Garchomp\n|-singleturn|p1a: Garchomp|Protect\n|move|p2b: Sneasler|Close Combat|p1a: Garchomp\n|-activate|p1a: Garchomp|move: Protect\n|move|p2a: Charizard|Solar Beam||[still]\n|-prepare|p2a: Charizard|Solar Beam\n|-anim|p2a: Charizard|Solar Beam|p1b: Rotom\n|-supereffective|p1b: Rotom|1\n|-damage|p1b: Rotom|0 fnt\n|faint|p1b: Rotom\n|\n|-weather|SunnyDay|[upkeep]\n|upkeep\n|\n|t:|1776050865\n|switch|p1b: Sinistcha|Sinistcha, L50|100/100\n|turn|4\n|\n|t:|1776050880\n|move|p1b: Sinistcha|Rage Powder|p1b: Sinistcha\n|-singleturn|p1b: Sinistcha|move: Rage Powder\n|move|p2b: Sneasler|Rock Tomb|p1b: Sinistcha\n|-damage|p1b: Sinistcha|79/100\n|-unboost|p1b: Sinistcha|spe|1\n|move|p1a: Garchomp|Rock Slide|p2a: Charizard|[spread] p2a,p2b\n|-supereffective|p2a: Charizard|2\n|-resisted|p2b: Sneasler|1\n|-damage|p2a: Charizard|30/100\n|-damage|p2b: Sneasler|6/100\n|move|p2a: Charizard|Weather Ball|p1b: Sinistcha\n|-supereffective|p1b: Sinistcha|1\n|-damage|p1b: Sinistcha|0 fnt\n|faint|p1b: Sinistcha\n|\n|-weather|SunnyDay|[upkeep]\n|upkeep\n|\n|t:|1776050894\n|switch|p1b: Gallade|Gallade, L50, M|100/100\n|turn|5\n|\n|t:|1776050962\n|move|p2a: Charizard|Protect|p2a: Charizard\n|-singleturn|p2a: Charizard|Protect\n|move|p2b: Sneasler|Close Combat|p1a: Garchomp\n|-damage|p1a: Garchomp|35/100\n|-unboost|p2b: Sneasler|def|1\n|-unboost|p2b: Sneasler|spd|1\n|-damage|p2b: Sneasler|0 fnt|[from] ability: Rough Skin|[of] p1a: Garchomp\n|-enditem|p1a: Garchomp|Sitrus Berry|[eat]\n|-heal|p1a: Garchomp|60/100|[from] item: Sitrus Berry\n|faint|p2b: Sneasler\n|move|p1a: Garchomp|Rock Slide|p2a: Charizard\n|-activate|p2a: Charizard|move: Protect\n|move|p1b: Gallade|Psycho Cut|p2a: Charizard\n|-activate|p2a: Charizard|move: Protect\n|\n|-weather|SunnyDay|[upkeep]\n|upkeep\n|\n|t:|1776050976\n|switch|p2b: Venusaur|Venusaur, L50, F|100/100\n|turn|6\n|\n|t:|1776050987\n|move|p2b: Venusaur|Leaf Storm|p1a: Garchomp\n|-damage|p1a: Garchomp|0 fnt\n|-unboost|p2b: Venusaur|spa|2\n|faint|p1a: Garchomp\n|move|p2a: Charizard|Heat Wave|p1b: Gallade\n|-damage|p1b: Gallade|7/100\n|move|p1b: Gallade|Psycho Cut|p2b: Venusaur\n|-supereffective|p2b: Venusaur|1\n|-damage|p2b: Venusaur|4/100\n|\n|-weather|SunnyDay|[upkeep]\n|upkeep\n|turn|7\n|inactive|Battle timer is ON: inactive players will automatically lose when time's up. (requested by SwirledX)\n|-message|junerotting forfeited.\n|\n|win|SwirledX\n|raw|junerotting's rating: 1174 &rarr; <strong>1142</strong><br />(-32 for losing)\n|raw|SwirledX's rating: 1077 &rarr; <strong>1113</strong><br />(+36 for winning)\n|l|\u2606junerotting\n|player|p1|\n",
  "uploadtime": 1776051010,
  "views": 24,
  "formatid": "gen9championsvgc2026regma",
  "rating": 1113,
  "private": 0,
  "password": null
}