{
  "id": "gen9championsvgc2026regma-2585441715",
  "format": "[Gen 9 Champions] VGC 2026 Reg M-A",
  "players": [
    "boysenorange",
    "eobrocas"
  ],
  "log": "|j|\u2606boysenorange\n|j|\u2606eobrocas\n|t:|1776347540\n|gametype|doubles\n|player|p1|boysenorange|turo|1278\n|player|p2|eobrocas|rosa|1190\n|gen|9\n|tier|[Gen 9 Champions] VGC 2026 Reg M-A\n|rated|\n|rule|Species Clause: Limit one of each Pok\u00e9mon\n|rule|Item Clause: Limit 1 of each item\n|clearpoke\n|poke|p1|Farigiraf, L50, M|\n|poke|p1|Sinistcha, L50|\n|poke|p1|Medicham, L50, F|\n|poke|p1|Torkoal, L50, M|\n|poke|p1|Golurk, L50|\n|poke|p1|Decidueye-Hisui, L50, F|\n|poke|p2|Whimsicott, L50, M|\n|poke|p2|Incineroar, L50, M|\n|poke|p2|Sneasler, L50, M|\n|poke|p2|Ninetales, L50, F|\n|poke|p2|Delphox, L50, F|\n|poke|p2|Umbreon, L50, F|\n|teampreview|4\n|inactive|Battle timer is ON: inactive players will automatically lose when time's up. (requested by boysenorange)\n|inactive|eobrocas has 60 seconds left.\n|\n|t:|1776347590\n|teamsize|p1|4\n|teamsize|p2|4\n|start\n|switch|p1a: Farigiraf|Farigiraf, L50, M|100/100\n|switch|p1b: Medicham|Medicham, L50, F|100/100\n|switch|p2a: Umbreon|Umbreon, L50, F|100/100\n|switch|p2b: Incineroar|Incineroar, L50, M|100/100\n|-ability|p2b: Incineroar|Intimidate|boost\n|-unboost|p1a: Farigiraf|atk|1\n|-unboost|p1b: Medicham|atk|1\n|turn|1\n|inactive|boysenorange has 30 seconds left.\n|\n|t:|1776347623\n|move|p2a: Umbreon|Snarl|p1a: Farigiraf|[spread] p1a,p1b\n|-supereffective|p1a: Farigiraf|1\n|-damage|p1a: Farigiraf|86/100\n|-damage|p1b: Medicham|88/100\n|-unboost|p1a: Farigiraf|spa|1\n|-unboost|p1b: Medicham|spa|1\n|move|p1b: Medicham|Close Combat|p2b: Incineroar\n|-supereffective|p2b: Incineroar|1\n|-damage|p2b: Incineroar|17/100\n|-unboost|p1b: Medicham|def|1\n|-unboost|p1b: Medicham|spd|1\n|-enditem|p2b: Incineroar|Sitrus Berry|[eat]\n|-heal|p2b: Incineroar|42/100|[from] item: Sitrus Berry\n|move|p2b: Incineroar|Will-O-Wisp|p1b: Medicham\n|-status|p1b: Medicham|brn\n|move|p1a: Farigiraf|Trick Room|p1a: Farigiraf\n|-fieldstart|move: Trick Room|[of] p1a: Farigiraf\n|\n|-damage|p1b: Medicham|82/100 brn|[from] brn\n|upkeep\n|turn|2\n|inactive|eobrocas has 30 seconds left.\n|inactive|eobrocas has 20 seconds left.\n|inactive|eobrocas has 15 seconds left.\n|inactive|eobrocas has 10 seconds left.\n|\n|t:|1776347669\n|move|p1a: Farigiraf|Nasty Plot|p1a: Farigiraf\n|-boost|p1a: Farigiraf|spa|2\n|move|p2b: Incineroar|Parting Shot|p1b: Medicham\n|-unboost|p1b: Medicham|atk|1\n|-unboost|p1b: Medicham|spa|1\n|\n|t:|1776347680\n|switch|p2b: Delphox|Delphox, L50, F|100/100|[from] Parting Shot\n|move|p1b: Medicham|Close Combat|p2b: Delphox\n|-resisted|p2b: Delphox|1\n|-damage|p2b: Delphox|85/100\n|-unboost|p1b: Medicham|def|1\n|-unboost|p1b: Medicham|spd|1\n|move|p2a: Umbreon|Foul Play|p1a: Farigiraf\n|-supereffective|p1a: Farigiraf|1\n|-damage|p1a: Farigiraf|46/100\n|-enditem|p1a: Farigiraf|Sitrus Berry|[eat]\n|-heal|p1a: Farigiraf|71/100|[from] item: Sitrus Berry\n|\n|-damage|p1b: Medicham|76/100 brn|[from] brn\n|upkeep\n|turn|3\n|inactive|eobrocas has 30 seconds left.\n|\n|t:|1776347710\n|switch|p1b: Golurk|Golurk, L50|100/100\n|move|p1a: Farigiraf|Hyper Voice|p2a: Umbreon|[spread] p2a,p2b\n|-crit|p2b: Delphox\n|-damage|p2a: Umbreon|71/100\n|-damage|p2b: Delphox|24/100\n|move|p2a: Umbreon|Foul Play|p1a: Farigiraf\n|-supereffective|p1a: Farigiraf|1\n|-damage|p1a: Farigiraf|36/100\n|move|p2b: Delphox|Psychic|p1a: Farigiraf\n|-resisted|p1a: Farigiraf|1\n|-damage|p1a: Farigiraf|20/100\n|\n|-heal|p2a: Umbreon|77/100|[from] item: Leftovers\n|upkeep\n|turn|4\n|inactive|boysenorange has 30 seconds left.\n|\n|t:|1776347739\n|switch|p2b: Incineroar|Incineroar, L50, M|42/100\n|-ability|p2b: Incineroar|Intimidate|boost\n|-unboost|p1a: Farigiraf|atk|1\n|-unboost|p1b: Golurk|atk|1\n|detailschange|p1b: Golurk|Golurk-Mega, L50\n|-mega|p1b: Golurk|Golurk|Golurkite\n|move|p1b: Golurk|Close Combat|p2a: Umbreon\n|-supereffective|p2a: Umbreon|1\n|-damage|p2a: Umbreon|30/100\n|-unboost|p1b: Golurk|def|1\n|-unboost|p1b: Golurk|spd|1\n|move|p1a: Farigiraf|Hyper Voice|p2a: Umbreon|[spread] p2a,p2b\n|-damage|p2a: Umbreon|2/100\n|-damage|p2b: Incineroar|9/100\n|move|p2a: Umbreon|Yawn|p1b: Golurk\n|-start|p1b: Golurk|move: Yawn|[of] p2a: Umbreon\n|\n|-heal|p2a: Umbreon|8/100|[from] item: Leftovers\n|upkeep\n|turn|5\n|\n|t:|1776347757\n|switch|p1b: Medicham|Medicham, L50, F|76/100 brn\n|move|p1a: Farigiraf|Hyper Voice|p2a: Umbreon|[spread] p2a,p2b\n|-damage|p2a: Umbreon|0 fnt\n|-damage|p2b: Incineroar|0 fnt\n|faint|p2a: Umbreon\n|faint|p2b: Incineroar\n|\n|-damage|p1b: Medicham|70/100 brn|[from] brn\n|-fieldend|move: Trick Room\n|upkeep\n|\n|t:|1776347763\n|switch|p2a: Delphox|Delphox, L50, F|24/100\n|switch|p2b: Sneasler|Sneasler, L50, M|100/100\n|turn|6\n|\n|t:|1776347784\n|move|p1b: Medicham|Fake Out|p2a: Delphox\n|-damage|p2a: Delphox|12/100\n|cant|p2a: Delphox|flinch\n|move|p2b: Sneasler|Close Combat|p1a: Farigiraf\n|-damage|p1a: Farigiraf|0 fnt\n|-unboost|p2b: Sneasler|def|1\n|-unboost|p2b: Sneasler|spd|1\n|faint|p1a: Farigiraf\n|-enditem|p2b: Sneasler|White Herb\n|-clearnegativeboost|p2b: Sneasler|[silent]\n|\n|-damage|p1b: Medicham|64/100 brn|[from] brn\n|upkeep\n|\n|t:|1776347793\n|switch|p1a: Golurk|Golurk-Mega, L50|100/100\n|turn|7\n|inactive|boysenorange has 30 seconds left.\n|\n|t:|1776347819\n|switch|p1b: Decidueye|Decidueye-Hisui, L50, F|100/100\n|move|p2b: Sneasler|Rock Slide|p1b: Decidueye|[spread] p1a,p1b\n|-resisted|p1a: Golurk|1\n|-resisted|p1b: Decidueye|1\n|-damage|p1a: Golurk|91/100\n|-damage|p1b: Decidueye|89/100\n|move|p2a: Delphox|Psychic|p1b: Decidueye\n|-supereffective|p1b: Decidueye|1\n|-damage|p1b: Decidueye|2/100\n|-unboost|p1b: Decidueye|spd|1\n|move|p1a: Golurk|Headlong Rush|p2b: Sneasler\n|-supereffective|p2b: Sneasler|1\n|-damage|p2b: Sneasler|0 fnt\n|-unboost|p1a: Golurk|def|1\n|-unboost|p1a: Golurk|spd|1\n|faint|p2b: Sneasler\n|\n|upkeep\n|turn|8\n|\n|t:|1776347837\n|move|p2a: Delphox|Psychic|p1b: Decidueye\n|-supereffective|p1b: Decidueye|1\n|-damage|p1b: Decidueye|0 fnt\n|faint|p1b: Decidueye\n|move|p1a: Golurk|Headlong Rush|p2a: Delphox\n|-supereffective|p2a: Delphox|1\n|-damage|p2a: Delphox|0 fnt\n|-unboost|p1a: Golurk|def|1\n|-unboost|p1a: Golurk|spd|1\n|faint|p2a: Delphox\n|\n|win|boysenorange\n|raw|boysenorange's rating: 1278 &rarr; <strong>1297</strong><br />(+19 for winning)\n|raw|eobrocas's rating: 1190 &rarr; <strong>1171</strong><br />(-19 for losing)\n|l|\u2606eobrocas\n|player|p2|\n",
  "uploadtime": 1776347840,
  "views": 28,
  "formatid": "gen9championsvgc2026regma",
  "rating": 1171,
  "private": 0,
  "password": null
}