{
  "id": "gen9championsvgc2026regma-2581440768",
  "format": "[Gen 9 Champions] VGC 2026 Reg M-A",
  "players": [
    "KogaAF1219",
    "nextxenp"
  ],
  "log": "|j|\u2606KogaAF1219\n|j|\u2606nextxenp\n|t:|1776000676\n|gametype|doubles\n|player|p1|KogaAF1219|koga|1039\n|player|p2|nextxenp|skier|1026\n|gen|9\n|tier|[Gen 9 Champions] VGC 2026 Reg M-A\n|rated|\n|rule|Species Clause: Limit one of each Pok\u00e9mon\n|rule|Item Clause: Limit 1 of each item\n|clearpoke\n|poke|p1|Torkoal, L50, M|\n|poke|p1|Rotom-Fan, L50|\n|poke|p1|Excadrill, L50, F|\n|poke|p1|Whimsicott, L50, F|\n|poke|p1|Venusaur, L50, F|\n|poke|p1|Arcanine, L50, M|\n|poke|p2|Gengar, L50, F|\n|poke|p2|Incineroar, L50, F|\n|poke|p2|Sinistcha, L50|\n|poke|p2|Kingambit, L50, F|\n|poke|p2|Tyranitar, L50, M|\n|poke|p2|Kommo-o, L50, M|\n|teampreview|4\nKogaAF1219 has agreed to open team sheets.\nnextxenp has agreed to open team sheets.\n|showteam|p1|Torkoal||Charcoal|Drought|Eruption,HeatWave,SolarBeam,WeatherBall|||M|||50|]Rotom-Fan||ChoiceScarf|Levitate|Discharge,ThunderWave,AirSlash,Trick||||||50|]Excadrill||FocusSash|MoldBreaker|Earthquake,IronHead,RockSlide,Protect|||F|||50|]Whimsicott||Leftovers|Prankster|LightScreen,Tailwind,Moonblast,SunnyDay|||F|||50|]Venusaur||Venusaurite|Chlorophyll|GigaDrain,SleepPowder,Protect,SludgeBomb|||F|||50|]Arcanine||SitrusBerry|Intimidate|FlareBlitz,CloseCombat,PlayRough,Protect|||M|||50|\n|showteam|p2|Gengar||Gengarite|CursedBody|ShadowBall,PerishSong,Substitute,Protect|||F|||50|]Incineroar||ShucaBerry|Intimidate|FlareBlitz,ThroatChop,FakeOut,PartingShot|||F|||50|]Sinistcha||SitrusBerry|Hospitality|RagePowder,LifeDew,Protect,MatchaGotcha||||||50|]Kingambit||ChopleBerry|Defiant|LowKick,IronHead,SuckerPunch,Protect|||F|||50|]Tyranitar||ChoiceScarf|SandStream|RockSlide,StoneEdge,LowKick,IcePunch|||M|||50|]Kommo-o||Leftovers|Soundproof|ClangingScales,AuraSphere,Protect,ClangorousSoul|||M|||50|\n|\n|t:|1776000721\n|teamsize|p1|4\n|teamsize|p2|4\n|start\n|switch|p1a: Rotom|Rotom-Fan, L50|100/100\n|switch|p1b: Arcanine|Arcanine, L50, M, shiny|100/100\n|switch|p2a: Incineroar|Incineroar, L50, F|100/100\n|switch|p2b: Kommo-o|Kommo-o, L50, M|100/100\n|-ability|p1b: Arcanine|Intimidate|boost\n|-unboost|p2a: Incineroar|atk|1\n|-unboost|p2b: Kommo-o|atk|1\n|-ability|p2a: Incineroar|Intimidate|boost\n|-unboost|p1a: Rotom|atk|1\n|-unboost|p1b: Arcanine|atk|1\n|turn|1\n|\n|t:|1776000745\n|move|p2a: Incineroar|Fake Out|p1a: Rotom\n|-damage|p1a: Rotom|93/100\n|cant|p1a: Rotom|flinch\n|move|p2b: Kommo-o|Clangorous Soul|p2b: Kommo-o\n|-boost|p2b: Kommo-o|atk|1\n|-boost|p2b: Kommo-o|def|1\n|-boost|p2b: Kommo-o|spa|1\n|-boost|p2b: Kommo-o|spd|1\n|-boost|p2b: Kommo-o|spe|1\n|-damage|p2b: Kommo-o|68/100\n|move|p1b: Arcanine|Play Rough|p2b: Kommo-o\n|-supereffective|p2b: Kommo-o|2\n|-damage|p2b: Kommo-o|13/100\n|\n|-heal|p2b: Kommo-o|19/100|[from] item: Leftovers\n|upkeep\n|turn|2\n|\n|t:|1776000782\n|move|p1b: Arcanine|Protect|p1b: Arcanine\n|-singleturn|p1b: Arcanine|Protect\n|move|p1a: Rotom|Discharge|p2a: Incineroar|[spread] p2a,p2b\n|-activate|p1b: Arcanine|move: Protect\n|-resisted|p2b: Kommo-o|1\n|-damage|p2a: Incineroar|85/100\n|-damage|p2b: Kommo-o|11/100\n|move|p2b: Kommo-o|Clanging Scales|p1a: Rotom|[spread] p1a\n|-activate|p1b: Arcanine|move: Protect\n|-damage|p1a: Rotom|28/100\n|-unboost|p2b: Kommo-o|def|1\n|move|p2a: Incineroar|Parting Shot|p1b: Arcanine\n|-activate|p1b: Arcanine|move: Protect\n|\n|-heal|p2b: Kommo-o|17/100|[from] item: Leftovers\n|upkeep\n|turn|3\n|\n|t:|1776000818\n|switch|p1a: Venusaur|Venusaur, L50, F|100/100\n|switch|p2b: Tyranitar|Tyranitar, L50, M|100/100\n|-weather|Sandstorm|[from] ability: Sand Stream|[of] p2b: Tyranitar\n|move|p1b: Arcanine|Play Rough|p2b: Tyranitar|[miss]\n|-miss|p1b: Arcanine|p2b: Tyranitar\n|move|p2a: Incineroar|Throat Chop|p1b: Arcanine\n|-damage|p1b: Arcanine|79/100\n|-start|p1b: Arcanine|Throat Chop|[silent]\n|\n|-weather|Sandstorm|[upkeep]\n|-damage|p1a: Venusaur|95/100|[from] Sandstorm\n|-damage|p1b: Arcanine|73/100|[from] Sandstorm\n|-damage|p2a: Incineroar|79/100|[from] Sandstorm\n|upkeep\n|turn|4\n|\n|t:|1776000844\n|move|p1a: Venusaur|Protect|p1a: Venusaur\n|-singleturn|p1a: Venusaur|Protect\n|move|p2b: Tyranitar|Rock Slide|p1b: Arcanine|[spread] p1b\n|-activate|p1a: Venusaur|move: Protect\n|-supereffective|p1b: Arcanine|1\n|-damage|p1b: Arcanine|9/100\n|-enditem|p1b: Arcanine|Sitrus Berry|[eat]\n|-heal|p1b: Arcanine|34/100|[from] item: Sitrus Berry\n|cant|p1b: Arcanine|flinch\n|move|p2a: Incineroar|Flare Blitz|p1a: Venusaur\n|-activate|p1a: Venusaur|move: Protect\n|\n|-weather|Sandstorm|[upkeep]\n|-damage|p1a: Venusaur|89/100|[from] Sandstorm\n|-damage|p1b: Arcanine|28/100|[from] Sandstorm\n|-damage|p2a: Incineroar|73/100|[from] Sandstorm\n|-end|p1b: Arcanine|Throat Chop|[silent]\n|upkeep\n|turn|5\n|\n|t:|1776000868\n|switch|p2b: Kingambit|Kingambit, L50, F|100/100\n|switch|p1b: Excadrill|Excadrill, L50, F|100/100\n|-ability|p1b: Excadrill|Mold Breaker\n|move|p1a: Venusaur|Sleep Powder|p2a: Incineroar\n|-status|p2a: Incineroar|slp|[from] move: Sleep Powder\n|cant|p2a: Incineroar|slp\n|\n|-weather|Sandstorm|[upkeep]\n|-damage|p1a: Venusaur|83/100|[from] Sandstorm\n|-damage|p2a: Incineroar|67/100 slp|[from] Sandstorm\n|upkeep\n|turn|6\n|\n|t:|1776000890\n|switch|p1a: Rotom|Rotom-Fan, L50|28/100\n|move|p1b: Excadrill|Earthquake|p2b: Kingambit|[spread] p2a,p2b\n|-immune|p1a: Rotom\n|-supereffective|p2a: Incineroar|1\n|-enditem|p2a: Incineroar|Shuca Berry|[eat]\n|-enditem|p2a: Incineroar|Shuca Berry|[weaken]\n|-supereffective|p2b: Kingambit|1\n|-damage|p2a: Incineroar|33/100 slp\n|-damage|p2b: Kingambit|43/100\n|cant|p2a: Incineroar|slp\n|move|p2b: Kingambit|Low Kick|p1b: Excadrill\n|-supereffective|p1b: Excadrill|1\n|-damage|p1b: Excadrill|30/100\n|\n|-weather|Sandstorm|[upkeep]\n|-damage|p1a: Rotom|22/100|[from] Sandstorm\n|-damage|p2a: Incineroar|27/100 slp|[from] Sandstorm\n|upkeep\n|turn|7\n|\n|t:|1776000921\n|switch|p2a: Tyranitar|Tyranitar, L50, M|100/100\n|move|p2b: Kingambit|Sucker Punch|p1b: Excadrill\n|-damage|p1b: Excadrill|0 fnt\n|faint|p1b: Excadrill\n|move|p1a: Rotom|Discharge|p2b: Kingambit|[spread] p2a,p2b\n|-damage|p2a: Tyranitar|85/100\n|-damage|p2b: Kingambit|22/100\n|-status|p2a: Tyranitar|par\n|\n|-weather|none\n|upkeep\n|\n|t:|1776000934\n|switch|p1b: Arcanine|Arcanine, L50, M, shiny|28/100\n|-ability|p1b: Arcanine|Intimidate|boost\n|-unboost|p2a: Tyranitar|atk|1\n|-unboost|p2b: Kingambit|atk|1\n|-ability|p2b: Kingambit|Defiant|boost\n|-boost|p2b: Kingambit|atk|2\n|turn|8\n|\n|t:|1776000958\n|move|p1b: Arcanine|Protect|p1b: Arcanine\n|-singleturn|p1b: Arcanine|Protect\n|move|p2b: Kingambit|Protect|p2b: Kingambit\n|-singleturn|p2b: Kingambit|Protect\n|move|p1a: Rotom|Discharge|p2b: Kingambit|[spread] p2a\n|-activate|p1b: Arcanine|move: Protect\n|-activate|p2b: Kingambit|move: Protect\n|-crit|p2a: Tyranitar\n|-damage|p2a: Tyranitar|55/100 par\n|move|p2a: Tyranitar|Rock Slide|p1a: Rotom|[spread] p1a\n|-activate|p1b: Arcanine|move: Protect\n|-supereffective|p1a: Rotom|1\n|-damage|p1a: Rotom|0 fnt\n|faint|p1a: Rotom\n|\n|upkeep\n|\n|t:|1776000962\n|switch|p1a: Venusaur|Venusaur, L50, F|83/100\n|turn|9\n|inactive|Battle timer is ON: inactive players will automatically lose when time's up. (requested by KogaAF1219)\n|\n|t:|1776001000\n|move|p1b: Arcanine|Protect|p1b: Arcanine\n|-singleturn|p1b: Arcanine|Protect\n|move|p2b: Kingambit|Sucker Punch||[still]\n|-fail|p2b: Kingambit\n|move|p1a: Venusaur|Sleep Powder|p2b: Kingambit\n|-status|p2b: Kingambit|slp|[from] move: Sleep Powder\n|move|p2a: Tyranitar|Rock Slide|p1b: Arcanine|[spread] p1a\n|-activate|p1b: Arcanine|move: Protect\n|-damage|p1a: Venusaur|57/100\n|\n|upkeep\n|turn|10\n|\n|t:|1776001021\n|switch|p2b: Incineroar|Incineroar, L50, F|27/100 slp\n|-ability|p2b: Incineroar|Intimidate|boost\n|-unboost|p1a: Venusaur|atk|1\n|-unboost|p1b: Arcanine|atk|1\n|move|p1a: Venusaur|Giga Drain|p2a: Tyranitar\n|-supereffective|p2a: Tyranitar|1\n|-damage|p2a: Tyranitar|0 fnt\n|-heal|p1a: Venusaur|88/100|[from] drain|[of] p2a: Tyranitar\n|faint|p2a: Tyranitar\n|move|p1b: Arcanine|Flare Blitz|p2b: Incineroar\n|-resisted|p2b: Incineroar|1\n|-damage|p2b: Incineroar|10/100 slp\n|-damage|p1b: Arcanine|22/100|[from] Recoil\n|\n|upkeep\n|\n|t:|1776001034\n|switch|p2a: Kommo-o|Kommo-o, L50, M|17/100\n|turn|11\n|\n|t:|1776001045\n|detailschange|p1a: Venusaur|Venusaur-Mega, L50, F\n|-mega|p1a: Venusaur|Venusaur|Venusaurite\n|move|p1b: Arcanine|Protect|p1b: Arcanine\n|-singleturn|p1b: Arcanine|Protect\n|move|p1a: Venusaur|Sludge Bomb|p2a: Kommo-o\n|-damage|p2a: Kommo-o|0 fnt\n|faint|p2a: Kommo-o\n|-curestatus|p2b: Incineroar|slp|[msg]\n|move|p2b: Incineroar|Flare Blitz|p1a: Venusaur\n|-supereffective|p1a: Venusaur|1\n|-crit|p1a: Venusaur\n|-damage|p1a: Venusaur|17/100\n|-damage|p2b: Incineroar|0 fnt|[from] Recoil\n|faint|p2b: Incineroar\n|\n|upkeep\n|\n|t:|1776001059\n|switch|p2b: Kingambit|Kingambit, L50, F|22/100 slp\n|turn|12\n|\n|t:|1776001072\n|cant|p2b: Kingambit|slp\n|move|p1a: Venusaur|Giga Drain|p2b: Kingambit\n|-resisted|p2b: Kingambit|1\n|-crit|p2b: Kingambit\n|-damage|p2b: Kingambit|0 fnt\n|-heal|p1a: Venusaur|32/100|[from] drain|[of] p2b: Kingambit\n|faint|p2b: Kingambit\n|\n|win|KogaAF1219\n|raw|KogaAF1219's rating: 1039 &rarr; <strong>1072</strong><br />(+33 for winning)\n|raw|nextxenp's rating: 1026 &rarr; <strong>1013</strong><br />(-13 for losing)\n",
  "uploadtime": 1776001076,
  "views": 39,
  "formatid": "gen9championsvgc2026regma",
  "rating": 1013,
  "private": 0,
  "password": null
}