{
  "id": "gen9championsvgc2026regma-2584778022",
  "format": "[Gen 9 Champions] VGC 2026 Reg M-A",
  "players": [
    "hyrosh x",
    "PauloMira"
  ],
  "log": "|j|\u2606hyrosh x\n|j|\u2606PauloMira\n|t:|1776282977\n|gametype|doubles\n|player|p1|hyrosh x|102|1131\n|player|p2|PauloMira|101|1074\n|gen|9\n|tier|[Gen 9 Champions] VGC 2026 Reg M-A\n|rated|\n|rule|Species Clause: Limit one of each Pok\u00e9mon\n|rule|Item Clause: Limit 1 of each item\n|clearpoke\n|poke|p1|Kangaskhan, L50, F|\n|poke|p1|Ditto, L50|\n|poke|p1|Vivillon-Fancy, L50, F|\n|poke|p1|Sylveon, L50, F|\n|poke|p1|Milotic, L50, F|\n|poke|p1|Incineroar, L50, M|\n|poke|p2|Charizard, L50, M|\n|poke|p2|Venusaur, L50, F|\n|poke|p2|Milotic, L50, M|\n|poke|p2|Infernape, L50, F|\n|poke|p2|Gardevoir, L50, F|\n|poke|p2|Garchomp, L50, F|\n|teampreview|4\n|inactive|Battle timer is ON: inactive players will automatically lose when time's up. (requested by hyrosh x)\n|inactive|hyrosh x has 60 seconds left.\n|\n|t:|1776283014\n|teamsize|p1|4\n|teamsize|p2|4\n|start\n|switch|p1a: Sylveon|Sylveon, L50, F, shiny|100/100\n|switch|p1b: Ditto|Ditto, L50|100/100\n|switch|p2a: Milotic|Milotic, L50, M|100/100\n|switch|p2b: Gardevoir|Gardevoir, L50, F|100/100\n|-transform|p1b: Ditto|p2a: Milotic|[from] ability: Imposter\n|turn|1\n|inactive|PauloMira has 30 seconds left.\n|\n|t:|1776283046\n|move|p2b: Gardevoir|Mystical Fire|p1a: Sylveon\n|-damage|p1a: Sylveon|83/100\n|-unboost|p1a: Sylveon|spa|1\n|move|p1b: Ditto|Scald|p2b: Gardevoir\n|-damage|p2b: Gardevoir|71/100\n|move|p2a: Milotic|Scald|p1a: Sylveon\n|-damage|p1a: Sylveon|63/100\n|-status|p1a: Sylveon|brn\n|move|p1a: Sylveon|Calm Mind|p1a: Sylveon\n|-boost|p1a: Sylveon|spa|1\n|-boost|p1a: Sylveon|spd|1\n|\n|-damage|p1a: Sylveon|57/100 brn|[from] brn\n|upkeep\n|turn|2\n|\n|t:|1776283068\n|switch|p2a: Infernape|Infernape, L50, F|100/100\n|move|p2b: Gardevoir|Mystical Fire|p1a: Sylveon\n|-damage|p1a: Sylveon|44/100 brn\n|-unboost|p1a: Sylveon|spa|1\n|move|p1b: Ditto|Scald|p2b: Gardevoir\n|-damage|p2b: Gardevoir|38/100\n|move|p1a: Sylveon|Hyper Voice|p2b: Gardevoir|[spread] p2a,p2b\n|-crit|p2a: Infernape\n|-damage|p2a: Infernape|1/100\n|-damage|p2b: Gardevoir|6/100\n|\n|-damage|p1a: Sylveon|38/100 brn|[from] brn\n|upkeep\n|turn|3\n|\n|t:|1776283079\n|move|p2a: Infernape|Fake Out|p1a: Sylveon\n|-damage|p1a: Sylveon|26/100 brn\n|cant|p1a: Sylveon|flinch\n|move|p2b: Gardevoir|Mystical Fire|p1a: Sylveon\n|-damage|p1a: Sylveon|13/100 brn\n|-unboost|p1a: Sylveon|spa|1\n|move|p1b: Ditto|Scald|p2b: Gardevoir\n|-damage|p2b: Gardevoir|0 fnt\n|faint|p2b: Gardevoir\n|\n|-damage|p1a: Sylveon|7/100 brn|[from] brn\n|upkeep\n|\n|t:|1776283096\n|switch|p2b: Milotic|Milotic, L50, M|100/100\n|turn|4\n|\n|t:|1776283112\n|move|p1a: Sylveon|Quick Attack|p2a: Infernape\n|-damage|p2a: Infernape|0 fnt\n|faint|p2a: Infernape\n|move|p1b: Ditto|Scald|p2b: Milotic\n|-resisted|p2b: Milotic|1\n|-damage|p2b: Milotic|91/100\n|move|p2b: Milotic|Scald|p1b: Ditto\n|-resisted|p1b: Ditto|1\n|-damage|p1b: Ditto|86/100\n|\n|-heal|p2b: Milotic|97/100|[from] item: Leftovers\n|-damage|p1a: Sylveon|1/100 brn|[from] brn\n|upkeep\n|\n|t:|1776283124\n|switch|p2a: Garchomp|Garchomp, L50, F|100/100\n|turn|5\n|\n|t:|1776283133\n|move|p2a: Garchomp|Protect|p2a: Garchomp\n|-singleturn|p2a: Garchomp|Protect\n|move|p1b: Ditto|Scald|p2a: Garchomp\n|-activate|p2a: Garchomp|move: Protect\n|move|p2b: Milotic|Ice Beam|p1b: Ditto\n|-resisted|p1b: Ditto|1\n|-damage|p1b: Ditto|76/100\n|move|p1a: Sylveon|Hyper Voice|p2a: Garchomp|[spread] p2b\n|-activate|p2a: Garchomp|move: Protect\n|-damage|p2b: Milotic|80/100\n|\n|-heal|p2b: Milotic|86/100|[from] item: Leftovers\n|-damage|p1a: Sylveon|0 fnt|[from] brn\n|faint|p1a: Sylveon\n|upkeep\n|\n|t:|1776283136\n|switch|p1a: Incineroar|Incineroar, L50, M|100/100\n|-ability|p1a: Incineroar|Intimidate|boost\n|-unboost|p2a: Garchomp|atk|1\n|-unboost|p2b: Milotic|atk|1\n|-ability|p2b: Milotic|Competitive|boost\n|-boost|p2b: Milotic|spa|2\n|turn|6\n|\n|t:|1776283155\n|switch|p1b: Kangaskhan|Kangaskhan, L50, F|100/100\n|move|p1a: Incineroar|Fake Out|p2b: Milotic\n|-damage|p2b: Milotic|79/100\n|move|p2a: Garchomp|Rock Slide|p1b: Kangaskhan|[spread] p1a,p1b\n|-supereffective|p1a: Incineroar|1\n|-damage|p1a: Incineroar|79/100\n|-damage|p1b: Kangaskhan|88/100\n|cant|p2b: Milotic|flinch\n|\n|-heal|p2b: Milotic|85/100|[from] item: Leftovers\n|upkeep\n|turn|7\n|\n|t:|1776283176\n|detailschange|p1b: Kangaskhan|Kangaskhan-Mega, L50, F\n|-mega|p1b: Kangaskhan|Kangaskhan|Kangaskhanite\n|move|p1b: Kangaskhan|Fake Out|p2b: Milotic\n|-damage|p2b: Milotic|68/100\n|-damage|p2b: Milotic|65/100\n|-hitcount|p2b: Milotic|2\n|move|p2a: Garchomp|Rock Slide|p1a: Incineroar|[spread] p1a,p1b\n|-supereffective|p1a: Incineroar|1\n|-damage|p1a: Incineroar|59/100\n|-damage|p1b: Kangaskhan|77/100\n|cant|p2b: Milotic|flinch\n|cant|p1a: Incineroar|flinch\n|\n|-heal|p2b: Milotic|71/100|[from] item: Leftovers\n|upkeep\n|turn|8\n|inactive|hyrosh x has 30 seconds left.\n|\n|t:|1776283208\n|move|p2a: Garchomp|Rock Slide|p1b: Kangaskhan|[spread] p1b\n|-miss|p2a: Garchomp|p1a: Incineroar\n|-damage|p1b: Kangaskhan|66/100\n|cant|p1b: Kangaskhan|flinch\n|move|p2b: Milotic|Scald|p1a: Incineroar\n|-supereffective|p1a: Incineroar|1\n|-damage|p1a: Incineroar|0 fnt\n|faint|p1a: Incineroar\n|\n|-heal|p2b: Milotic|77/100|[from] item: Leftovers\n|upkeep\n|\n|t:|1776283223\n|switch|p1a: Ditto|Ditto, L50|76/100\n|-transform|p1a: Ditto|p2b: Milotic|[from] ability: Imposter\n|turn|9\n|inactive|PauloMira has 30 seconds left.\n|\n|t:|1776283250\n|move|p2b: Milotic|Protect|p2b: Milotic\n|-singleturn|p2b: Milotic|Protect\n|move|p2a: Garchomp|Rock Slide|p1a: Ditto|[spread] p1a,p1b\n|-damage|p1a: Ditto|63/100\n|-damage|p1b: Kangaskhan|54/100\n|cant|p1a: Ditto|flinch\n|move|p1b: Kangaskhan|Double-Edge|p2b: Milotic\n|-activate|p2b: Milotic|move: Protect\n|\n|-heal|p2b: Milotic|83/100|[from] item: Leftovers\n|upkeep\n|turn|10\n|inactive|hyrosh x has 30 seconds left.\n|\n|t:|1776283283\n|move|p2a: Garchomp|Rock Slide|p1b: Kangaskhan|[spread] p1a,p1b\n|-damage|p1a: Ditto|51/100\n|-damage|p1b: Kangaskhan|43/100\n|cant|p1a: Ditto|flinch\n|cant|p1b: Kangaskhan|flinch\n|move|p2b: Milotic|Scald|p1b: Kangaskhan\n|-damage|p1b: Kangaskhan|0 fnt\n|faint|p1b: Kangaskhan\n|\n|-heal|p2b: Milotic|89/100|[from] item: Leftovers\n|upkeep\n|turn|11\n|inactive|hyrosh x has 30 seconds left.\n|inactive|hyrosh x has 20 seconds left.\n|c|\u2606hyrosh x|wtf 6 flinch\n|inactive|hyrosh x has 15 seconds left.\n|\n|t:|1776283328\n|move|p2a: Garchomp|Dragon Claw|p1a: Ditto\n|-damage|p1a: Ditto|24/100\n|move|p1a: Ditto|Scald|p2a: Garchomp\n|-damage|p2a: Garchomp|38/100\n|move|p2b: Milotic|Scald|p1a: Ditto\n|-resisted|p1a: Ditto|1\n|-crit|p1a: Ditto\n|-damage|p1a: Ditto|0 fnt\n|faint|p1a: Ditto\n|\n|win|PauloMira\n|raw|hyrosh x's rating: 1102 &rarr; <strong>1075</strong><br />(-27 for losing)\n|raw|PauloMira's rating: 1074 &rarr; <strong>1105</strong><br />(+31 for winning)\n|l|\u2606PauloMira\n|player|p2|\n",
  "uploadtime": 1776283345,
  "views": 27,
  "formatid": "gen9championsvgc2026regma",
  "rating": 1075,
  "private": 0,
  "password": null
}