{
  "id": "gen9championsvgc2026regma-2583912744",
  "format": "[Gen 9 Champions] VGC 2026 Reg M-A",
  "players": [
    "Daniarceus",
    "Cheasleywithaw"
  ],
  "log": "|j|\u2606Daniarceus\n|j|\u2606Cheasleywithaw\n|t:|1776207725\n|gametype|doubles\n|player|p1|Daniarceus|101|1428\n|player|p2|Cheasleywithaw|266|1450\n|gen|9\n|tier|[Gen 9 Champions] VGC 2026 Reg M-A\n|rated|\n|rule|Species Clause: Limit one of each Pok\u00e9mon\n|rule|Item Clause: Limit 1 of each item\n|clearpoke\n|poke|p1|Aerodactyl, L50, F|\n|poke|p1|Incineroar, L50, F|\n|poke|p1|Floette-Eternal, L50, F|\n|poke|p1|Basculegion, L50, M|\n|poke|p1|Garchomp, L50, M|\n|poke|p1|Sneasler, L50, F|\n|poke|p2|Incineroar, L50, M|\n|poke|p2|Milotic, L50, M|\n|poke|p2|Sinistcha-Masterpiece, L50|\n|poke|p2|Floette-Eternal, L50, F|\n|poke|p2|Aerodactyl, L50, M|\n|poke|p2|Garchomp, L50, F|\n|teampreview|4\n|inactive|Battle timer is ON: inactive players will automatically lose when time's up. (requested by Daniarceus)\nCheasleywithaw has agreed to open team sheets.\n|j| Pokedrengen\n|l| Pokedrengen\n|\n|t:|1776207755\n|teamsize|p1|4\n|teamsize|p2|4\n|start\n|switch|p1a: Aerodactyl|Aerodactyl, L50, F|100/100\n|switch|p1b: Floette|Floette-Eternal, L50, F|100/100\n|switch|p2a: Milotic|Milotic, L50, M|100/100\n|switch|p2b: Aerodactyl|Aerodactyl, L50, M|100/100\n|-ability|p1a: Aerodactyl|Unnerve\n|-ability|p2b: Aerodactyl|Unnerve\n|turn|1\n|j| alonso-m5\n|\n|t:|1776207776\n|detailschange|p1b: Floette|Floette-Mega, L50, F\n|-mega|p1b: Floette|Floette|Floettite\n|-ability|p1b: Floette|Fairy Aura\n|move|p2b: Aerodactyl|Protect|p2b: Aerodactyl\n|-singleturn|p2b: Aerodactyl|Protect\n|move|p1a: Aerodactyl|Tailwind|p1a: Aerodactyl\n|-sidestart|p1: Daniarceus|move: Tailwind\n|move|p1b: Floette|Dazzling Gleam|p2a: Milotic|[spread] p2a\n|-activate|p2b: Aerodactyl|move: Protect\n|-damage|p2a: Milotic|69/100\n|move|p2a: Milotic|Scald|p1a: Aerodactyl\n|-supereffective|p1a: Aerodactyl|1\n|-damage|p1a: Aerodactyl|6/100\n|-status|p1a: Aerodactyl|brn\n|\n|-heal|p2a: Milotic|75/100|[from] item: Leftovers\n|-damage|p1a: Aerodactyl|0 fnt|[from] brn\n|faint|p1a: Aerodactyl\n|upkeep\n|\n|t:|1776207792\n|switch|p1a: Sneasler|Sneasler, L50, F|100/100\n|turn|2\n|\n|t:|1776207806\n|switch|p2b: Garchomp|Garchomp, L50, F|100/100\n|move|p2a: Milotic|Protect|p2a: Milotic\n|-singleturn|p2a: Milotic|Protect\n|move|p1a: Sneasler|Close Combat|p2b: Garchomp\n|-damage|p2b: Garchomp|32/100\n|-unboost|p1a: Sneasler|def|1\n|-unboost|p1a: Sneasler|spd|1\n|-damage|p1a: Sneasler|88/100|[from] ability: Rough Skin|[of] p2b: Garchomp\n|-enditem|p1a: Sneasler|White Herb\n|-clearnegativeboost|p1a: Sneasler|[silent]\n|move|p1b: Floette|Dazzling Gleam|p2a: Milotic|[spread] p2b\n|-activate|p2a: Milotic|move: Protect\n|-supereffective|p2b: Garchomp|1\n|-enditem|p2b: Garchomp|Roseli Berry|[eat]\n|-enditem|p2b: Garchomp|Roseli Berry|[weaken]\n|-damage|p2b: Garchomp|0 fnt\n|faint|p2b: Garchomp\n|\n|-heal|p2a: Milotic|81/100|[from] item: Leftovers\n|upkeep\n|\n|t:|1776207822\n|switch|p2b: Aerodactyl|Aerodactyl, L50, M|100/100\n|-ability|p2b: Aerodactyl|Unnerve\n|turn|3\n|\n|t:|1776207830\n|move|p2b: Aerodactyl|Protect|p2b: Aerodactyl\n|-singleturn|p2b: Aerodactyl|Protect\n|move|p1a: Sneasler|Close Combat|p2b: Aerodactyl\n|-activate|p2b: Aerodactyl|move: Protect\n|move|p1b: Floette|Dazzling Gleam|p2a: Milotic|[spread] p2a\n|-activate|p2b: Aerodactyl|move: Protect\n|-damage|p2a: Milotic|50/100\n|move|p2a: Milotic|Scald|p1a: Sneasler\n|-damage|p1a: Sneasler|46/100\n|\n|-heal|p2a: Milotic|56/100|[from] item: Leftovers\n|upkeep\n|turn|4\n|\n|t:|1776207845\n|move|p1a: Sneasler|Close Combat|p2b: Aerodactyl\n|-enditem|p2b: Aerodactyl|Focus Sash\n|-damage|p2b: Aerodactyl|1/100\n|-unboost|p1a: Sneasler|def|1\n|-unboost|p1a: Sneasler|spd|1\n|move|p1b: Floette|Dazzling Gleam|p2b: Aerodactyl|[spread] p2a,p2b\n|-damage|p2a: Milotic|22/100\n|-damage|p2b: Aerodactyl|0 fnt\n|faint|p2b: Aerodactyl\n|move|p2a: Milotic|Scald|p1a: Sneasler\n|-damage|p1a: Sneasler|0 fnt\n|faint|p1a: Sneasler\n|\n|-heal|p2a: Milotic|28/100|[from] item: Leftovers\n|-sideend|p1: Daniarceus|move: Tailwind\n|upkeep\n|\n|t:|1776207853\n|switch|p2b: Floette|Floette-Eternal, L50, F|100/100\n|switch|p1a: Basculegion|Basculegion, L50, M|100/100\n|turn|5\n|\n|t:|1776207862\n|detailschange|p2b: Floette|Floette-Mega, L50, F\n|-mega|p2b: Floette|Floette|Floettite\n|-ability|p2b: Floette|Fairy Aura\n|move|p1a: Basculegion|Last Respects|p2b: Floette\n|-crit|p2b: Floette\n|-damage|p2b: Floette|0 fnt\n|faint|p2b: Floette\n|move|p1b: Floette|Dazzling Gleam|p2a: Milotic\n|-damage|p2a: Milotic|0 fnt\n|faint|p2a: Milotic\n|\n|win|Daniarceus\n|raw|Daniarceus's rating: 1428 &rarr; <strong>1449</strong><br />(+21 for winning)\n|raw|Cheasleywithaw's rating: 1450 &rarr; <strong>1429</strong><br />(-21 for losing)\n|l|\u2606Cheasleywithaw\n|player|p2|\n|l| alonso-m5\n|l|\u2606Daniarceus\n|player|p1|\n",
  "uploadtime": 1776207952,
  "views": 29,
  "formatid": "gen9championsvgc2026regma",
  "rating": 1429,
  "private": 0,
  "password": null
}