{
  "id": "gen9championsvgc2026regma-2585925429",
  "format": "[Gen 9 Champions] VGC 2026 Reg M-A",
  "players": [
    "chzao",
    "Kooky14"
  ],
  "log": "|j|\u2606chzao\n|j|\u2606Kooky14\n|t:|1776382023\n|gametype|doubles\n|player|p1|chzao|clay|1261\n|player|p2|Kooky14|teamrocket|1175\n|gen|9\n|tier|[Gen 9 Champions] VGC 2026 Reg M-A\n|rated|\n|rule|Species Clause: Limit one of each Pok\u00e9mon\n|rule|Item Clause: Limit 1 of each item\n|clearpoke\n|poke|p1|Crabominable, L50, M|\n|poke|p1|Slowking-Galar, L50, F|\n|poke|p1|Tsareena, L50, F|\n|poke|p1|Incineroar, L50, M|\n|poke|p1|Sylveon, L50, M|\n|poke|p1|Sinistcha, L50|\n|poke|p2|Sableye, L50, F|\n|poke|p2|Kingambit, L50, M|\n|poke|p2|Tyranitar, L50, M|\n|poke|p2|Volcarona, L50, F|\n|poke|p2|Sneasler, L50, F|\n|poke|p2|Rotom-Wash, L50|\n|teampreview|4\n|inactive|Battle timer is ON: inactive players will automatically lose when time's up. (requested by chzao)\n|inactive|Kooky14 has 60 seconds left.\n|inactive|Kooky14 has 30 seconds left.\n|inactive|Kooky14 has 20 seconds left.\n|\n|t:|1776382096\n|teamsize|p1|4\n|teamsize|p2|4\n|start\n|switch|p1a: Slowking|Slowking-Galar, L50, F|100/100\n|switch|p1b: Incineroar|Incineroar, L50, M|100/100\n|switch|p2a: Sableye|Sableye, L50, F|100/100\n|switch|p2b: Tyranitar|Tyranitar, L50, M|100/100\n|-weather|Sandstorm|[from] ability: Sand Stream|[of] p2b: Tyranitar\n|-ability|p1b: Incineroar|Intimidate|boost\n|-unboost|p2a: Sableye|atk|1\n|-unboost|p2b: Tyranitar|atk|1\n|turn|1\n|inactive|chzao has 30 seconds left.\n|\n|t:|1776382128\n|move|p2b: Tyranitar|Protect|p2b: Tyranitar\n|-singleturn|p2b: Tyranitar|Protect\n|move|p1b: Incineroar|Fake Out|p2b: Tyranitar\n|-activate|p2b: Tyranitar|move: Protect\n|move|p2a: Sableye|Fake Out|p1a: Slowking\n|-damage|p1a: Slowking|96/100\n|cant|p1a: Slowking|flinch\n|\n|-weather|Sandstorm|[upkeep]\n|-damage|p1b: Incineroar|95/100|[from] Sandstorm\n|-damage|p2a: Sableye|95/100|[from] Sandstorm\n|-damage|p1a: Slowking|90/100|[from] Sandstorm\n|-heal|p2a: Sableye|100/100|[from] item: Leftovers\n|upkeep\n|turn|2\n|\n|t:|1776382146\n|detailschange|p2b: Tyranitar|Tyranitar-Mega, L50, M\n|-mega|p2b: Tyranitar|Tyranitar|Tyranitarite\n|move|p2a: Sableye|Encore|p1b: Incineroar\n|-hint|Since gen 7, Dark is immune to Prankster moves.\n|-immune|p1b: Incineroar\n|move|p2b: Tyranitar|Knock Off|p1a: Slowking\n|-supereffective|p1a: Slowking|1\n|-damage|p1a: Slowking|27/100\n|-enditem|p1a: Slowking|Mental Herb|[from] move: Knock Off|[of] p2b: Tyranitar\n|move|p1b: Incineroar|Parting Shot|p2b: Tyranitar\n|-unboost|p2b: Tyranitar|atk|1\n|-unboost|p2b: Tyranitar|spa|1\n|\n|t:|1776382165\n|switch|p1b: Crabominable|Crabominable, L50, M|100/100|[from] Parting Shot\n|move|p1a: Slowking|Trick Room|p1a: Slowking\n|-fieldstart|move: Trick Room|[of] p1a: Slowking\n|\n|-weather|Sandstorm|[upkeep]\n|-damage|p1a: Slowking|21/100|[from] Sandstorm\n|-damage|p1b: Crabominable|95/100|[from] Sandstorm\n|-damage|p2a: Sableye|95/100|[from] Sandstorm\n|-heal|p2a: Sableye|100/100|[from] item: Leftovers\n|upkeep\n|turn|3\n|inactive|Kooky14 has 30 seconds left.\n|\n|t:|1776382191\n|switch|p2b: Sneasler|Sneasler, L50, F|100/100\n|-ability|p2b: Sneasler|Pressure\n|detailschange|p1b: Crabominable|Crabominable-Mega, L50, M\n|-mega|p1b: Crabominable|Crabominable|Crabominite\n|move|p2a: Sableye|Encore|p1a: Slowking\n|-start|p1a: Slowking|Encore\n|move|p1b: Crabominable|Ice Punch|p2a: Sableye\n|-damage|p2a: Sableye|22/100\n|move|p1a: Slowking|Trick Room|p1a: Slowking\n|-fieldend|move: Trick Room\n|\n|-weather|Sandstorm|[upkeep]\n|-damage|p2b: Sneasler|95/100|[from] Sandstorm\n|-damage|p2a: Sableye|16/100|[from] Sandstorm\n|-damage|p1b: Crabominable|89/100|[from] Sandstorm\n|-damage|p1a: Slowking|15/100|[from] Sandstorm\n|-heal|p2a: Sableye|22/100|[from] item: Leftovers\n|upkeep\n|turn|4\n|\n|t:|1776382211\n|switch|p1b: Incineroar|Incineroar, L50, M|95/100\n|-ability|p1b: Incineroar|Intimidate|boost\n|-unboost|p2a: Sableye|atk|1\n|-unboost|p2b: Sneasler|atk|1\n|-enditem|p2b: Sneasler|White Herb\n|-clearnegativeboost|p2b: Sneasler|[silent]\n|move|p2a: Sableye|Disable|p1a: Slowking\n|-start|p1a: Slowking|Disable|Trick Room\n|move|p2b: Sneasler|Close Combat|p1b: Incineroar\n|-supereffective|p1b: Incineroar|1\n|-damage|p1b: Incineroar|0 fnt\n|-unboost|p2b: Sneasler|def|1\n|-unboost|p2b: Sneasler|spd|1\n|faint|p1b: Incineroar\n|cant|p1a: Slowking|Disable|Trick Room\n|\n|-weather|Sandstorm|[upkeep]\n|-damage|p2b: Sneasler|89/100|[from] Sandstorm\n|-damage|p2a: Sableye|16/100|[from] Sandstorm\n|-damage|p1a: Slowking|9/100|[from] Sandstorm\n|-heal|p2a: Sableye|22/100|[from] item: Leftovers\n|upkeep\n|\n|t:|1776382220\n|switch|p1b: Sylveon|Sylveon, L50, M|100/100\n|turn|5\n|\n|t:|1776382234\n|switch|p2a: Kingambit|Kingambit, L50, M|100/100\n|move|p2b: Sneasler|Dire Claw|p1b: Sylveon\n|-supereffective|p1b: Sylveon|1\n|-crit|p1b: Sylveon\n|-enditem|p1b: Sylveon|Focus Sash\n|-damage|p1b: Sylveon|1/100\n|move|p1b: Sylveon|Hyper Voice|p2a: Kingambit|[spread] p2a,p2b\n|-damage|p2a: Kingambit|63/100\n|-damage|p2b: Sneasler|7/100\n|-activate|p1a: Slowking|move: Struggle\n|move|p1a: Slowking|Struggle|p2b: Sneasler\n|-damage|p2b: Sneasler|0 fnt\n|faint|p2b: Sneasler\n|-damage|p1a: Slowking|0 fnt|[from] recoil\n|faint|p1a: Slowking\n|\n|-weather|none\n|upkeep\n|\n|t:|1776382251\n|switch|p2b: Sableye|Sableye, L50, F|22/100\n|switch|p1a: Crabominable|Crabominable-Mega, L50, M|89/100\n|turn|6\n|\n|t:|1776382267\n|move|p1a: Crabominable|Protect|p1a: Crabominable\n|-singleturn|p1a: Crabominable|Protect\n|move|p2b: Sableye|Fake Out|p1a: Crabominable\n|-activate|p1a: Crabominable|move: Protect\n|move|p2a: Kingambit|Sucker Punch|p1b: Sylveon\n|-resisted|p1b: Sylveon|1\n|-damage|p1b: Sylveon|0 fnt\n|faint|p1b: Sylveon\n|\n|-heal|p2b: Sableye|28/100|[from] item: Leftovers\n|upkeep\n|turn|7\n|\n|t:|1776382279\n|move|p2b: Sableye|Encore|p1a: Crabominable\n|-start|p1a: Crabominable|Encore\n|move|p1a: Crabominable|Protect|p1a: Crabominable\n|-singleturn|p1a: Crabominable|Protect\n|move|p2a: Kingambit|Iron Head|p1a: Crabominable\n|-activate|p1a: Crabominable|move: Protect\n|\n|-heal|p2b: Sableye|34/100|[from] item: Leftovers\n|upkeep\n|turn|8\n|-message|chzao forfeited.\n|\n|win|Kooky14\n|raw|chzao's rating: 1261 &rarr; <strong>1230</strong><br />(-31 for losing)\n|raw|Kooky14's rating: 1175 &rarr; <strong>1206</strong><br />(+31 for winning)\n|l|\u2606chzao\n|player|p1|\n",
  "uploadtime": 1776382290,
  "views": 28,
  "formatid": "gen9championsvgc2026regma",
  "rating": 1206,
  "private": 0,
  "password": null
}