{
  "id": "gen9championsvgc2026regma-2585542142",
  "format": "[Gen 9 Champions] VGC 2026 Reg M-A",
  "players": [
    "reggie1000",
    "NoProtectPlz"
  ],
  "log": "|j|\u2606reggie1000\n|j|\u2606NoProtectPlz\n|t:|1776354405\n|gametype|doubles\n|player|p1|reggie1000|102|1173\n|player|p2|NoProtectPlz|schoolkid-gen4|1134\n|gen|9\n|tier|[Gen 9 Champions] VGC 2026 Reg M-A\n|rated|\n|rule|Species Clause: Limit one of each Pok\u00e9mon\n|rule|Item Clause: Limit 1 of each item\n|clearpoke\n|poke|p1|Excadrill, L50, M|\n|poke|p1|Talonflame, L50, M|\n|poke|p1|Basculegion, L50, M|\n|poke|p1|Sneasler, L50, M|\n|poke|p1|Froslass, L50, F|\n|poke|p1|Greninja-*, L50, M|\n|poke|p2|Tyranitar, L50, F|\n|poke|p2|Primarina, L50, F|\n|poke|p2|Excadrill, L50, F|\n|poke|p2|Corviknight, L50, F|\n|poke|p2|Incineroar, L50, F|\n|poke|p2|Sinistcha, L50|\n|teampreview|4\n|c|\u2606NoProtectPlz|gl hf\nNoProtectPlz rejected open team sheets.\n|\n|t:|1776354437\n|teamsize|p1|4\n|teamsize|p2|4\n|start\n|switch|p1a: Smogon bird|Talonflame, L50, M|100/100\n|switch|p1b: fihh|Basculegion, L50, M|100/100\n|switch|p2a: Tyranitar|Tyranitar, L50, F, shiny|100/100\n|switch|p2b: Corviknight|Corviknight, L50, F, shiny|100/100\n|-weather|Sandstorm|[from] ability: Sand Stream|[of] p2a: Tyranitar\n|turn|1\n|\n|t:|1776354461\n|detailschange|p2a: Tyranitar|Tyranitar-Mega, L50, F, shiny\n|-mega|p2a: Tyranitar|Tyranitar|Tyranitarite\n|move|p2a: Tyranitar|Protect|p2a: Tyranitar\n|-singleturn|p2a: Tyranitar|Protect\n|move|p1a: Smogon bird|Tailwind|p1a: Smogon bird\n|-sidestart|p1: reggie1000|move: Tailwind\n|move|p1b: fihh|Flip Turn|p2a: Tyranitar\n|-activate|p2a: Tyranitar|move: Protect\n|move|p2b: Corviknight|Tailwind|p2b: Corviknight\n|-sidestart|p2: NoProtectPlz|move: Tailwind\n|\n|-weather|Sandstorm|[upkeep]\n|-damage|p1b: fihh|95/100|[from] Sandstorm\n|-damage|p1a: Smogon bird|95/100|[from] Sandstorm\n|upkeep\n|turn|2\n|\n|t:|1776354481\n|switch|p2a: Primarina|Primarina, L50, F|100/100\n|switch|p2b: Incineroar|Incineroar, L50, F|100/100\n|-ability|p2b: Incineroar|Intimidate|boost\n|-unboost|p1a: Smogon bird|atk|1\n|-unboost|p1b: fihh|atk|1\n|move|p1b: fihh|Flip Turn|p2a: Primarina\n|-resisted|p2a: Primarina|1\n|-damage|p2a: Primarina|82/100\n|\n|t:|1776354483\n|switch|p1b: Activision|Froslass, L50, F|100/100|[from] Flip Turn\n|move|p1a: Smogon bird|U-turn|p2a: Primarina\n|-resisted|p2a: Primarina|1\n|-crit|p2a: Primarina\n|-damage|p2a: Primarina|66/100\n|\n|t:|1776354498\n|switch|p1a: fihh|Basculegion, L50, M|95/100|[from] U-turn\n|\n|-weather|Sandstorm|[upkeep]\n|-damage|p1a: fihh|89/100|[from] Sandstorm\n|-damage|p1b: Activision|94/100|[from] Sandstorm\n|-damage|p2b: Incineroar|95/100|[from] Sandstorm\n|-damage|p2a: Primarina|60/100|[from] Sandstorm\n|upkeep\n|turn|3\n|c|\u2606NoProtectPlz|double double out lol\n|c|\u2606reggie1000|that was confusing lol\n|\n|t:|1776354535\n|move|p1a: fihh|Wave Crash|p2b: Incineroar\n|-supereffective|p2b: Incineroar|1\n|-damage|p2b: Incineroar|0 fnt\n|faint|p2b: Incineroar\n|-damage|p1a: fihh|60/100|[from] Recoil\n|move|p1b: Activision|Nasty Plot|p1b: Activision\n|-boost|p1b: Activision|spa|2\n|move|p2a: Primarina|Moonblast|p1b: Activision\n|-damage|p1b: Activision|5/100\n|\n|-weather|Sandstorm|[upkeep]\n|-damage|p1a: fihh|54/100|[from] Sandstorm\n|-damage|p1b: Activision|0 fnt|[from] Sandstorm\n|-damage|p2a: Primarina|54/100|[from] Sandstorm\n|faint|p1b: Activision\n|upkeep\n|\n|t:|1776354554\n|switch|p1b: Froggy|Greninja, L50, M, shiny|100/100\n|switch|p2b: Corviknight|Corviknight, L50, F, shiny|100/100\n|turn|4\n|\n|t:|1776354588\n|move|p1a: fihh|Wave Crash|p2b: Corviknight\n|-damage|p2b: Corviknight|46/100\n|-damage|p1a: fihh|36/100|[from] Recoil\n|move|p1b: Froggy|Sludge Wave|p2b: Corviknight|[spread] p1a,p2a\n|-start|p1b: Froggy|typechange|Poison|[from] ability: Protean\n|-immune|p2b: Corviknight\n|-resisted|p1a: fihh|1\n|-crit|p1a: fihh\n|-supereffective|p2a: Primarina|1\n|-damage|p1a: fihh|10/100\n|-damage|p2a: Primarina|0 fnt\n|faint|p2a: Primarina\n|move|p2b: Corviknight|Bulk Up|p2b: Corviknight\n|-boost|p2b: Corviknight|atk|1\n|-boost|p2b: Corviknight|def|1\n|\n|-weather|Sandstorm|[upkeep]\n|-damage|p1a: fihh|4/100|[from] Sandstorm\n|-damage|p1b: Froggy|94/100|[from] Sandstorm\n|-heal|p2b: Corviknight|52/100|[from] item: Leftovers\n|-sideend|p2: NoProtectPlz|move: Tailwind\n|-sideend|p1: reggie1000|move: Tailwind\n|upkeep\n|c|\u2606NoProtectPlz|oooh nice\n|\n|t:|1776354605\n|switch|p2a: Tyranitar|Tyranitar-Mega, L50, F, shiny|100/100\n|turn|5\n|\n|t:|1776354626\n|move|p1a: fihh|Wave Crash|p2a: Tyranitar\n|-supereffective|p2a: Tyranitar|1\n|-damage|p2a: Tyranitar|11/100\n|-damage|p1a: fihh|0 fnt|[from] Recoil\n|faint|p1a: fihh\n|move|p1b: Froggy|Weather Ball|p2b: Corviknight\n|-damage|p2b: Corviknight|23/100\n|move|p2a: Tyranitar|Rock Slide|p1b: Froggy|[miss]\n|-miss|p2a: Tyranitar|p1b: Froggy\n|move|p2b: Corviknight|Tailwind|p2b: Corviknight\n|-sidestart|p2: NoProtectPlz|move: Tailwind\n|\n|-weather|none\n|-heal|p2b: Corviknight|29/100|[from] item: Leftovers\n|upkeep\n|\n|t:|1776354630\n|switch|p1a: Smogon bird|Talonflame, L50, M|95/100\n|turn|6\n|\n|t:|1776354648\n|move|p2a: Tyranitar|Rock Slide|p1a: Smogon bird|[spread] p1a,p1b\n|-supereffective|p1a: Smogon bird|2\n|-damage|p1a: Smogon bird|0 fnt\n|-damage|p1b: Froggy|31/100\n|faint|p1a: Smogon bird\n|move|p1b: Froggy|Dark Pulse|p2a: Tyranitar\n|-resisted|p2a: Tyranitar|1\n|-damage|p2a: Tyranitar|1/100\n|move|p2b: Corviknight|Roost|p2b: Corviknight\n|-heal|p2b: Corviknight|79/100\n|-singleturn|p2b: Corviknight|move: Roost\n|\n|-heal|p2b: Corviknight|85/100|[from] item: Leftovers\n|upkeep\n|turn|7\n|c|\u2606reggie1000|ah man\n|c|\u2606reggie1000|gg\n|c|\u2606NoProtectPlz|wow close\n|c|\u2606reggie1000|yeah didn't think she'd live\n|c|\u2606NoProtectPlz|i think corvi vs gren was still a win for me tho\n|c|\u2606NoProtectPlz|1v1\n|c|\u2606reggie1000|i have hydro cannon\n|\n|t:|1776354687\n|move|p2a: Tyranitar|Crunch|p1b: Froggy\n|-damage|p1b: Froggy|0 fnt\n|faint|p1b: Froggy\n|\n|win|NoProtectPlz\n|raw|reggie1000's rating: 1173 &rarr; <strong>1145</strong><br />(-28 for losing)\n|raw|NoProtectPlz's rating: 1134 &rarr; <strong>1162</strong><br />(+28 for winning)\n|c|\u2606reggie1000|so maybe that would've worked\n|c|\u2606NoProtectPlz|ohhh\n|c|\u2606reggie1000|idk\n|c|\u2606NoProtectPlz|yeah who knows\n|c|\u2606NoProtectPlz|gg\n|c|\u2606reggie1000|gg though!\n|c|\u2606NoProtectPlz|cool team!\n|c|\u2606reggie1000|thanks :)\n|c|\u2606reggie1000|have a good one\n",
  "uploadtime": 1776354697,
  "views": 20,
  "formatid": "gen9championsvgc2026regma",
  "rating": 1145,
  "private": 0,
  "password": null
}