{
  "id": "gen9championsvgc2026regma-2587144042",
  "format": "[Gen 9 Champions] VGC 2026 Reg M-A",
  "players": [
    "shadovar",
    "maple_syrup689hoe"
  ],
  "log": "|j|\u2606shadovar\n|j|\u2606maple_syrup689hoe\n|t:|1776499848\n|gametype|doubles\n|player|p1|shadovar|265|1206\n|player|p2|maple_syrup689hoe|266|1239\n|gen|9\n|tier|[Gen 9 Champions] VGC 2026 Reg M-A\n|rated|\n|rule|Species Clause: Limit one of each Pok\u00e9mon\n|rule|Item Clause: Limit 1 of each item\n|clearpoke\n|poke|p1|Incineroar, L50, M|\n|poke|p1|Gengar, L50, F|\n|poke|p1|Sinistcha, L50|\n|poke|p1|Kingambit, L50, F|\n|poke|p1|Kommo-o, L50, F|\n|poke|p1|Tyranitar, L50, M|\n|poke|p2|Aerodactyl, L50, F|\n|poke|p2|Floette-Eternal, L50, F|\n|poke|p2|Garchomp, L50, M|\n|poke|p2|Basculegion, L50, M|\n|poke|p2|Incineroar, L50, F|\n|poke|p2|Sneasler, L50, F|\n|teampreview|4\n|inactive|Battle timer is ON: inactive players will automatically lose when time's up. (requested by maple_syrup689hoe)\n|\n|t:|1776499894\n|teamsize|p1|4\n|teamsize|p2|4\n|start\n|switch|p1a: Incineroar|Incineroar, L50, M|100/100\n|switch|p1b: Gengar|Gengar, L50, F|100/100\n|switch|p2a: Garchomp|Garchomp, L50, M|100/100\n|switch|p2b: Aerodactyl|Aerodactyl, L50, F|100/100\n|-ability|p2b: Aerodactyl|Unnerve\n|-ability|p1a: Incineroar|Intimidate|boost\n|-unboost|p2a: Garchomp|atk|1\n|-unboost|p2b: Aerodactyl|atk|1\n|turn|1\n|inactive|shadovar has 30 seconds left.\n|\n|t:|1776499921\n|detailschange|p1b: Gengar|Gengar-Mega, L50, F\n|-mega|p1b: Gengar|Gengar|Gengarite\n|move|p2b: Aerodactyl|Protect|p2b: Aerodactyl\n|-singleturn|p2b: Aerodactyl|Protect\n|move|p1a: Incineroar|Fake Out|p2a: Garchomp\n|-damage|p2a: Garchomp|90/100\n|-damage|p1a: Incineroar|88/100|[from] ability: Rough Skin|[of] p2a: Garchomp\n|move|p1b: Gengar|Perish Song|p1b: Gengar\n|-start|p1a: Incineroar|perish3|[silent]\n|-start|p1b: Gengar|perish3|[silent]\n|-start|p2a: Garchomp|perish3|[silent]\n|-start|p2b: Aerodactyl|perish3|[silent]\n|-fieldactivate|move: Perish Song\n|cant|p2a: Garchomp|flinch\n|\n|-start|p2b: Aerodactyl|perish3\n|-start|p1b: Gengar|perish3\n|-start|p2a: Garchomp|perish3\n|-start|p1a: Incineroar|perish3\n|upkeep\n|turn|2\n|inactive|shadovar has 30 seconds left.\n|\n|t:|1776499948\n|switch|p1b: Sinistcha|Sinistcha, L50|100/100\n|-heal|p1a: Incineroar|100/100|[from] ability: Hospitality|[of] p1b: Sinistcha\n|move|p2b: Aerodactyl|Tailwind|p2b: Aerodactyl\n|-sidestart|p2: maple_syrup689hoe|move: Tailwind\n|move|p2a: Garchomp|Earthquake|p1b: Sinistcha|[spread] p1a,p1b\n|-immune|p2b: Aerodactyl\n|-supereffective|p1a: Incineroar|1\n|-resisted|p1b: Sinistcha|1\n|-damage|p1a: Incineroar|59/100\n|-damage|p1b: Sinistcha|90/100\n|move|p1a: Incineroar|Parting Shot|p2a: Garchomp\n|-unboost|p2a: Garchomp|atk|1\n|-unboost|p2a: Garchomp|spa|1\n|\n|t:|1776499962\n|switch|p1a: Gengar|Gengar-Mega, L50, F|100/100|[from] Parting Shot\n|\n|-start|p2b: Aerodactyl|perish2\n|-start|p2a: Garchomp|perish2\n|upkeep\n|turn|3\n|inactive|shadovar has 30 seconds left.\n|inactive|shadovar has 20 seconds left.\n|inactive|shadovar has 15 seconds left.\n|inactive|shadovar has 10 seconds left.\n|\n|t:|1776500011\n|move|p1b: Sinistcha|Rage Powder|p1b: Sinistcha\n|-singleturn|p1b: Sinistcha|move: Rage Powder\n|move|p2b: Aerodactyl|Dual Wingbeat|p1b: Sinistcha\n|-supereffective|p1b: Sinistcha|1\n|-damage|p1b: Sinistcha|69/100\n|-supereffective|p1b: Sinistcha|1\n|-crit|p1b: Sinistcha\n|-damage|p1b: Sinistcha|17/100\n|-hitcount|p1b: Sinistcha|2\n|move|p2a: Garchomp|Earthquake|p1b: Sinistcha|[spread] p1a,p1b\n|-immune|p2b: Aerodactyl\n|-supereffective|p1a: Gengar|1\n|-resisted|p1b: Sinistcha|1\n|-damage|p1a: Gengar|56/100\n|-damage|p1b: Sinistcha|9/100\n|move|p1a: Gengar|Substitute|p1a: Gengar\n|-start|p1a: Gengar|Substitute\n|-damage|p1a: Gengar|32/100\n|\n|-start|p2b: Aerodactyl|perish1\n|-start|p2a: Garchomp|perish1\n|upkeep\n|turn|4\n|\n|t:|1776500029\n|move|p1a: Gengar|Protect|p1a: Gengar\n|-singleturn|p1a: Gengar|Protect\n|move|p1b: Sinistcha|Protect|p1b: Sinistcha\n|-singleturn|p1b: Sinistcha|Protect\n|move|p2b: Aerodactyl|Rock Slide|p1a: Gengar|[spread] \n|-activate|p1a: Gengar|move: Protect\n|-activate|p1b: Sinistcha|move: Protect\n|move|p2a: Garchomp|Earthquake|p1b: Sinistcha|[spread] \n|-activate|p1a: Gengar|move: Protect\n|-activate|p1b: Sinistcha|move: Protect\n|-immune|p2b: Aerodactyl\n|\n|-start|p2b: Aerodactyl|perish0\n|-start|p2a: Garchomp|perish0\n|faint|p2b: Aerodactyl\n|faint|p2a: Garchomp\n|upkeep\n|-enditem|p1b: Sinistcha|Sitrus Berry|[eat]\n|-heal|p1b: Sinistcha|34/100|[from] item: Sitrus Berry\n|\n|t:|1776500036\n|switch|p2b: Sneasler|Sneasler, L50, F|100/100\n|switch|p2a: Floette|Floette-Eternal, L50, F|100/100\n|turn|5\n|-message|maple_syrup689hoe forfeited.\n|\n|win|shadovar\n|raw|shadovar's rating: 1206 &rarr; <strong>1233</strong><br />(+27 for winning)\n|raw|maple_syrup689hoe's rating: 1239 &rarr; <strong>1212</strong><br />(-27 for losing)\n|l|\u2606maple_syrup689hoe\n|player|p2|\n",
  "uploadtime": 1776500070,
  "views": 43,
  "formatid": "gen9championsvgc2026regma",
  "rating": 1212,
  "private": 0,
  "password": null
}