{
  "id": "gen9championsvgc2026regma-2585633141",
  "format": "[Gen 9 Champions] VGC 2026 Reg M-A",
  "players": [
    "RBG_LOL",
    "Izan101004"
  ],
  "log": "|j|\u2606RBG_LOL\n|j|\u2606Izan101004\n|t:|1776360181\n|gametype|doubles\n|player|p1|RBG_LOL|ghetsis-gen5bw|1119\n|player|p2|Izan101004|hilbert|1207\n|gen|9\n|tier|[Gen 9 Champions] VGC 2026 Reg M-A\n|rated|\n|rule|Species Clause: Limit one of each Pok\u00e9mon\n|rule|Item Clause: Limit 1 of each item\n|clearpoke\n|poke|p1|Garchomp, L50, M|\n|poke|p1|Froslass, L50, F|\n|poke|p1|Sneasler, L50, M|\n|poke|p1|Kingambit, L50, M|\n|poke|p1|Talonflame, L50, M|\n|poke|p1|Milotic, L50, F|\n|poke|p2|Charizard, L50, F|\n|poke|p2|Sneasler, L50, F|\n|poke|p2|Basculegion, L50, M|\n|poke|p2|Garchomp, L50, M|\n|poke|p2|Incineroar, L50, F|\n|poke|p2|Goodra-Hisui, L50, M|\n|teampreview|4\n|\n|t:|1776360206\n|teamsize|p1|4\n|teamsize|p2|4\n|start\n|switch|p1a: Talonflame|Talonflame, L50, M, shiny|100/100\n|switch|p1b: Sneasler|Sneasler, L50, M|100/100\n|switch|p2a: Incineroar|Incineroar, L50, F|100/100\n|switch|p2b: Garchomp|Garchomp, L50, M|100/100\n|-ability|p2a: Incineroar|Intimidate|boost\n|-unboost|p1a: Talonflame|atk|1\n|-unboost|p1b: Sneasler|atk|1\n|-enditem|p1b: Sneasler|White Herb\n|-clearnegativeboost|p1b: Sneasler|[silent]\n|turn|1\n|\n|t:|1776360230\n|move|p1a: Talonflame|Protect|p1a: Talonflame\n|-singleturn|p1a: Talonflame|Protect\n|move|p2a: Incineroar|Fake Out|p1b: Sneasler\n|-damage|p1b: Sneasler|83/100\n|cant|p1b: Sneasler|flinch\n|move|p2b: Garchomp|Rock Slide|p1a: Talonflame|[spread] p1b\n|-activate|p1a: Talonflame|move: Protect\n|-resisted|p1b: Sneasler|1\n|-damage|p1b: Sneasler|67/100\n|\n|upkeep\n|turn|2\n|\n|t:|1776360254\n|move|p1b: Sneasler|Close Combat|p2a: Incineroar\n|-supereffective|p2a: Incineroar|1\n|-damage|p2a: Incineroar|0 fnt\n|-unboost|p1b: Sneasler|def|1\n|-unboost|p1b: Sneasler|spd|1\n|faint|p2a: Incineroar\n|move|p1a: Talonflame|Tailwind|p1a: Talonflame\n|-sidestart|p1: RBG_LOL|move: Tailwind\n|move|p2b: Garchomp|Stomping Tantrum|p1b: Sneasler\n|-supereffective|p1b: Sneasler|1\n|-damage|p1b: Sneasler|0 fnt\n|faint|p1b: Sneasler\n|\n|upkeep\n|\n|t:|1776360269\n|switch|p1b: Milotic|Milotic, L50, F|100/100\n|switch|p2a: Charizard|Charizard, L50, F|100/100\n|turn|3\n|\n|t:|1776360282\n|move|p2a: Charizard|Protect|p2a: Charizard\n|-singleturn|p2a: Charizard|Protect\n|move|p1a: Talonflame|Will-O-Wisp|p2b: Garchomp\n|-status|p2b: Garchomp|brn\n|move|p1b: Milotic|Icy Wind|p2a: Charizard|[spread] p2b\n|-activate|p2a: Charizard|move: Protect\n|-supereffective|p2b: Garchomp|2\n|-damage|p2b: Garchomp|41/100 brn\n|-unboost|p2b: Garchomp|spe|1\n|move|p2b: Garchomp|Rock Slide|p1b: Milotic|[spread] p1a,p1b\n|-supereffective|p1a: Talonflame|2\n|-damage|p1a: Talonflame|44/100\n|-damage|p1b: Milotic|90/100\n|\n|-heal|p1b: Milotic|96/100|[from] item: Leftovers\n|-damage|p2b: Garchomp|35/100 brn|[from] brn\n|upkeep\n|turn|4\n|\n|t:|1776360317\n|switch|p2b: Goodra|Goodra-Hisui, L50, M|100/100\n|detailschange|p2a: Charizard|Charizard-Mega-Y, L50, F\n|-mega|p2a: Charizard|Charizard|Charizardite Y\n|-weather|SunnyDay|[from] ability: Drought|[of] p2a: Charizard\n|move|p1a: Talonflame|Protect|p1a: Talonflame\n|-singleturn|p1a: Talonflame|Protect\n|move|p1b: Milotic|Icy Wind|p2a: Charizard|[spread] p2a,p2b\n|-damage|p2a: Charizard|89/100\n|-damage|p2b: Goodra|91/100\n|-unboost|p2a: Charizard|spe|1\n|-unboost|p2b: Goodra|spe|1\n|move|p2a: Charizard|Solar Beam||[still]\n|-prepare|p2a: Charizard|Solar Beam\n|-anim|p2a: Charizard|Solar Beam|p1b: Milotic\n|-supereffective|p1b: Milotic|1\n|-damage|p1b: Milotic|12/100\n|\n|-weather|SunnyDay|[upkeep]\n|-heal|p1b: Milotic|18/100|[from] item: Leftovers\n|-heal|p2b: Goodra|97/100|[from] item: Leftovers\n|upkeep\n|turn|5\n|inactive|Battle timer is ON: inactive players will automatically lose when time's up. (requested by Izan101004)\n|\n|t:|1776360355\n|move|p1a: Talonflame|Protect||[still]\n|-fail|p1a: Talonflame\n|move|p1b: Milotic|Icy Wind|p2b: Goodra|[spread] p2a,p2b\n|-damage|p2a: Charizard|78/100\n|-damage|p2b: Goodra|88/100\n|-unboost|p2a: Charizard|spe|1\n|-unboost|p2b: Goodra|spe|1\n|move|p2a: Charizard|Air Slash|p1a: Talonflame\n|-damage|p1a: Talonflame|0 fnt\n|faint|p1a: Talonflame\n|move|p2b: Goodra|Shelter|p2b: Goodra\n|-boost|p2b: Goodra|def|2\n|\n|-weather|SunnyDay|[upkeep]\n|-heal|p1b: Milotic|23/100|[from] item: Leftovers\n|-heal|p2b: Goodra|94/100|[from] item: Leftovers\n|-sideend|p1: RBG_LOL|move: Tailwind\n|upkeep\n|\n|t:|1776360358\n|switch|p1a: Froslass|Froslass, L50, F|100/100\n|turn|6\n|\n|t:|1776360380\n|detailschange|p1a: Froslass|Froslass-Mega, L50, F\n|-mega|p1a: Froslass|Froslass|Froslassite\n|-weather|Snowscape|[from] ability: Snow Warning|[of] p1a: Froslass\n|move|p1a: Froslass|Blizzard|p2b: Goodra|[spread] p2a,p2b\n|-damage|p2a: Charizard|35/100\n|-damage|p2b: Goodra|61/100\n|-status|p2b: Goodra|frz\n|move|p1b: Milotic|Scald|p2a: Charizard\n|-supereffective|p2a: Charizard|1\n|-damage|p2a: Charizard|0 fnt\n|faint|p2a: Charizard\n|cant|p2b: Goodra|frz\n|\n|-weather|Snowscape|[upkeep]\n|-heal|p1b: Milotic|29/100|[from] item: Leftovers\n|-heal|p2b: Goodra|67/100 frz|[from] item: Leftovers\n|upkeep\n|\n|t:|1776360394\n|switch|p2a: Garchomp|Garchomp, L50, M|35/100 brn\n|turn|7\n|\n|t:|1776360409\n|-curestatus|p2b: Goodra|frz|[msg]\n|move|p2b: Goodra|Protect|p2b: Goodra\n|-singleturn|p2b: Goodra|Protect\n|move|p2a: Garchomp|Rock Slide|p1a: Froslass|[spread] p1a,p1b\n|-supereffective|p1a: Froslass|1\n|-damage|p1a: Froslass|78/100\n|-damage|p1b: Milotic|21/100\n|move|p1a: Froslass|Blizzard|p2b: Goodra|[spread] p2a\n|-activate|p2b: Goodra|move: Protect\n|-supereffective|p2a: Garchomp|2\n|-damage|p2a: Garchomp|0 fnt\n|faint|p2a: Garchomp\n|move|p1b: Milotic|Icy Wind|p2b: Goodra\n|-activate|p2b: Goodra|move: Protect\n|\n|-weather|Snowscape|[upkeep]\n|-heal|p1b: Milotic|27/100|[from] item: Leftovers\n|-heal|p2b: Goodra|73/100|[from] item: Leftovers\n|upkeep\n|turn|8\n|\n|t:|1776360432\n|move|p1a: Froslass|Blizzard|p2b: Goodra\n|-damage|p2b: Goodra|31/100\n|move|p1b: Milotic|Icy Wind|p2b: Goodra\n|-damage|p2b: Goodra|20/100\n|-unboost|p2b: Goodra|spe|1\n|move|p2b: Goodra|Body Press|p1b: Milotic\n|-damage|p1b: Milotic|0 fnt\n|faint|p1b: Milotic\n|\n|-weather|Snowscape|[upkeep]\n|-heal|p2b: Goodra|26/100|[from] item: Leftovers\n|upkeep\n|turn|9\n|\n|t:|1776360442\n|move|p2b: Goodra|Protect|p2b: Goodra\n|-singleturn|p2b: Goodra|Protect\n|move|p1a: Froslass|Blizzard|p2b: Goodra\n|-activate|p2b: Goodra|move: Protect\n|\n|-weather|Snowscape|[upkeep]\n|-heal|p2b: Goodra|32/100|[from] item: Leftovers\n|upkeep\n|turn|10\n|\n|t:|1776360451\n|move|p1a: Froslass|Blizzard|p2b: Goodra\n|-damage|p2b: Goodra|0 fnt\n|faint|p2b: Goodra\n|\n|win|RBG_LOL\n|raw|RBG_LOL's rating: 1119 &rarr; <strong>1150</strong><br />(+31 for winning)\n|raw|Izan101004's rating: 1207 &rarr; <strong>1176</strong><br />(-31 for losing)\n",
  "uploadtime": 1776360453,
  "views": 16,
  "formatid": "gen9championsvgc2026regma",
  "rating": 1150,
  "private": 0,
  "password": null
}