{
  "id": "gen9championsvgc2026regma-2580475050",
  "format": "[Gen 9 Champions] VGC 2026 Reg M-A",
  "players": [
    "aurovei",
    "Braute"
  ],
  "log": "|j|\u2606aurovei\n|j|\u2606Braute\n|t:|1775902027\n|gametype|doubles\n|player|p1|aurovei|dawn|1041\n|player|p2|Braute|miku-fire|1084\n|gen|9\n|tier|[Gen 9 Champions] VGC 2026 Reg M-A\n|rated|\n|rule|Species Clause: Limit one of each Pok\u00e9mon\n|rule|Item Clause: Limit 1 of each item\n|clearpoke\n|poke|p1|Milotic, L50, M|\n|poke|p1|Sinistcha-Masterpiece, L50|\n|poke|p1|Incineroar, L50, M|\n|poke|p1|Raichu, L50, M|\n|poke|p1|Gengar, L50, F|\n|poke|p1|Gallade, L50, M|\n|poke|p2|Beedrill, L50, F|\n|poke|p2|Dragapult, L50, F|\n|poke|p2|Arcanine-Hisui, L50, M|\n|poke|p2|Sinistcha, L50|\n|poke|p2|Talonflame, L50, F|\n|poke|p2|Basculegion, L50, M|\n|teampreview|4\n|inactive|Battle timer is ON: inactive players will automatically lose when time's up. (requested by Braute)\n|inactive|aurovei has 60 seconds left.\n|inactive|Braute has 60 seconds left.\n|\n|t:|1775902060\n|teamsize|p1|4\n|teamsize|p2|4\n|start\n|switch|p1a: Incineroar|Incineroar, L50, M, shiny|100/100\n|switch|p1b: Milotic|Milotic, L50, M, shiny|100/100\n|switch|p2a: Dragapult|Dragapult, L50, F|100/100\n|switch|p2b: Basculegion|Basculegion, L50, M|100/100\n|-ability|p1a: Incineroar|Intimidate|boost\n|-fail|p2a: Dragapult|unboost|[from] ability: Clear Body|[of] p2a: Dragapult\n|-unboost|p2b: Basculegion|atk|1\n|turn|1\n|inactive|aurovei has 30 seconds left.\n|\n|t:|1775902092\n|move|p2b: Basculegion|Wave Crash|p1a: Incineroar\n|-supereffective|p1a: Incineroar|1\n|-damage|p1a: Incineroar|0 fnt\n|faint|p1a: Incineroar\n|-damage|p2b: Basculegion|66/100|[from] Recoil\n|move|p2a: Dragapult|U-turn|p1b: Milotic\n|-damage|p1b: Milotic|83/100\n|\n|t:|1775902099\n|switch|p2a: Sinistcha|Sinistcha, L50|100/100|[from] U-turn\n|-heal|p2b: Basculegion|91/100|[from] ability: Hospitality|[of] p2a: Sinistcha\n|move|p1b: Milotic|Coil|p1b: Milotic\n|-boost|p1b: Milotic|atk|1\n|-boost|p1b: Milotic|def|1\n|-boost|p1b: Milotic|accuracy|1\n|\n|-heal|p1b: Milotic|89/100|[from] item: Leftovers\n|upkeep\n|\n|t:|1775902110\n|switch|p1a: Raichu|Raichu, L50, M, shiny|100/100\n|turn|2\n|\n|t:|1775902123\n|switch|p2b: Dragapult|Dragapult, L50, F|100/100\n|move|p1a: Raichu|Volt Switch|p2b: Dragapult\n|-resisted|p2b: Dragapult|1\n|-damage|p2b: Dragapult|79/100\n|\n|t:|1775902129\n|switch|p1a: Gengar|Gengar, L50, F, shiny|100/100|[from] Volt Switch\n|move|p1b: Milotic|Coil|p1b: Milotic\n|-boost|p1b: Milotic|atk|1\n|-boost|p1b: Milotic|def|1\n|-boost|p1b: Milotic|accuracy|1\n|move|p2a: Sinistcha|Matcha Gotcha|p1a: Gengar|[spread] p1a,p1b\n|-resisted|p1a: Gengar|1\n|-supereffective|p1b: Milotic|1\n|-damage|p1a: Gengar|81/100\n|-damage|p1b: Milotic|61/100\n|-status|p1a: Gengar|brn\n|\n|-heal|p1b: Milotic|67/100|[from] item: Leftovers\n|-damage|p1a: Gengar|75/100 brn|[from] brn\n|upkeep\n|turn|3\n|\n|t:|1775902152\n|detailschange|p1a: Gengar|Gengar-Mega, L50, F, shiny\n|-mega|p1a: Gengar|Gengar|Gengarite\n|move|p1a: Gengar|Protect|p1a: Gengar\n|-singleturn|p1a: Gengar|Protect\n|move|p2a: Sinistcha|Rage Powder|p2a: Sinistcha\n|-singleturn|p2a: Sinistcha|move: Rage Powder\n|move|p2b: Dragapult|Shadow Ball|p1a: Gengar\n|-activate|p1a: Gengar|move: Protect\n|move|p1b: Milotic|Hypnosis|p2a: Sinistcha\n|-status|p2a: Sinistcha|slp|[from] move: Hypnosis\n|\n|-heal|p1b: Milotic|73/100|[from] item: Leftovers\n|-damage|p1a: Gengar|69/100 brn|[from] brn\n|upkeep\n|turn|4\n|\n|t:|1775902170\n|switch|p1a: Raichu|Raichu, L50, M, shiny|100/100\n|move|p2b: Dragapult|Shadow Ball|p1a: Raichu\n|-damage|p1a: Raichu|23/100\n|move|p1b: Milotic|Hypnosis|p2b: Dragapult\n|-status|p2b: Dragapult|slp|[from] move: Hypnosis\n|cant|p2a: Sinistcha|slp\n|\n|-heal|p1b: Milotic|79/100|[from] item: Leftovers\n|upkeep\n|turn|5\n|inactive|aurovei has 30 seconds left.\n|\n|t:|1775902200\n|cant|p2b: Dragapult|slp\n|move|p1a: Raichu|Volt Switch|p2a: Sinistcha\n|-resisted|p2a: Sinistcha|1\n|-damage|p2a: Sinistcha|86/100 slp\n|\n|t:|1775902205\n|switch|p1a: Gengar|Gengar-Mega, L50, F, shiny|69/100 brn|[from] Volt Switch\n|move|p1b: Milotic|Muddy Water|p2b: Dragapult|[spread] p2a,p2b\n|-resisted|p2a: Sinistcha|1\n|-resisted|p2b: Dragapult|1\n|-damage|p2a: Sinistcha|76/100 slp\n|-damage|p2b: Dragapult|64/100 slp\n|cant|p2a: Sinistcha|slp\n|\n|-heal|p1b: Milotic|85/100|[from] item: Leftovers\n|-damage|p1a: Gengar|63/100 brn|[from] brn\n|upkeep\n|turn|6\n|\n|t:|1775902223\n|move|p1a: Gengar|Shadow Ball|p2b: Dragapult\n|-supereffective|p2b: Dragapult|1\n|-damage|p2b: Dragapult|0 fnt\n|faint|p2b: Dragapult\n|move|p1b: Milotic|Muddy Water|p2a: Sinistcha\n|-resisted|p2a: Sinistcha|1\n|-damage|p2a: Sinistcha|61/100 slp\n|-unboost|p2a: Sinistcha|accuracy|1\n|-curestatus|p2a: Sinistcha|slp|[msg]\n|move|p2a: Sinistcha|Matcha Gotcha|p1a: Gengar|[spread] p1a\n|-miss|p2a: Sinistcha|p1b: Milotic\n|-resisted|p1a: Gengar|1\n|-damage|p1a: Gengar|46/100 brn\n|-heal|p2a: Sinistcha|67/100|[from] drain|[of] p1a: Gengar\n|\n|-heal|p1b: Milotic|91/100|[from] item: Leftovers\n|-damage|p1a: Gengar|40/100 brn|[from] brn\n|upkeep\n|inactive|Braute has 30 seconds left.\n|\n|t:|1775902251\n|switch|p2b: Basculegion|Basculegion, L50, M|91/100\n|turn|7\n|\n|t:|1775902272\n|move|p1a: Gengar|Protect|p1a: Gengar\n|-singleturn|p1a: Gengar|Protect\n|move|p2b: Basculegion|Last Respects|p1b: Milotic\n|-damage|p1b: Milotic|50/100\n|move|p1b: Milotic|Hypnosis|p2b: Basculegion\n|-status|p2b: Basculegion|slp|[from] move: Hypnosis\n|move|p2a: Sinistcha|Matcha Gotcha|p1a: Gengar|[spread] p1b\n|-activate|p1a: Gengar|move: Protect\n|-supereffective|p1b: Milotic|1\n|-damage|p1b: Milotic|25/100\n|-heal|p2a: Sinistcha|81/100|[from] drain|[of] p1b: Milotic\n|\n|-heal|p1b: Milotic|31/100|[from] item: Leftovers\n|-damage|p1a: Gengar|34/100 brn|[from] brn\n|upkeep\n|turn|8\n|\n|t:|1775902289\n|move|p2a: Sinistcha|Rage Powder|p2a: Sinistcha\n|-singleturn|p2a: Sinistcha|move: Rage Powder\n|move|p1a: Gengar|Shadow Ball|p2a: Sinistcha\n|-supereffective|p2a: Sinistcha|1\n|-damage|p2a: Sinistcha|0 fnt\n|faint|p2a: Sinistcha\n|cant|p2b: Basculegion|slp\n|move|p1b: Milotic|Recover|p1b: Milotic\n|-heal|p1b: Milotic|81/100\n|\n|-heal|p1b: Milotic|87/100|[from] item: Leftovers\n|-damage|p1a: Gengar|28/100 brn|[from] brn\n|upkeep\n|\n|t:|1775902293\n|switch|p2a: Beedrill|Beedrill, L50, F, shiny|100/100\n|turn|9\n|\n|t:|1775902312\n|detailschange|p2a: Beedrill|Beedrill-Mega, L50, F, shiny\n|-mega|p2a: Beedrill|Beedrill|Beedrillite\n|move|p1a: Gengar|Shadow Ball|p2b: Basculegion\n|-supereffective|p2b: Basculegion|1\n|-damage|p2b: Basculegion|0 fnt\n|faint|p2b: Basculegion\n|move|p2a: Beedrill|Lunge|p1b: Milotic\n|-damage|p1b: Milotic|47/100\n|-unboost|p1b: Milotic|atk|1\n|-ability|p1b: Milotic|Competitive|boost\n|-boost|p1b: Milotic|spa|2\n|move|p1b: Milotic|Hypnosis|p2a: Beedrill\n|-status|p2a: Beedrill|slp|[from] move: Hypnosis\n|\n|-heal|p1b: Milotic|53/100|[from] item: Leftovers\n|-damage|p1a: Gengar|22/100 brn|[from] brn\n|upkeep\n|turn|10\n|-message|Braute forfeited.\n|\n|win|aurovei\n|raw|aurovei's rating: 1041 &rarr; <strong>1079</strong><br />(+38 for winning)\n|raw|Braute's rating: 1084 &rarr; <strong>1059</strong><br />(-25 for losing)\n",
  "uploadtime": 1775902320,
  "views": 19,
  "formatid": "gen9championsvgc2026regma",
  "rating": 1059,
  "private": 0,
  "password": null
}