{
  "id": "gen9championsvgc2026regma-2587718462",
  "format": "[Gen 9 Champions] VGC 2026 Reg M-A",
  "players": [
    "blaisenova1",
    "boodooboo"
  ],
  "log": "|j|\u2606blaisenova1\n|j|\u2606boodooboo\n|t:|1776557026\n|gametype|doubles\n|player|p1|blaisenova1|veteran|1197\n|player|p2|boodooboo|n|1117\n|gen|9\n|tier|[Gen 9 Champions] VGC 2026 Reg M-A\n|rated|\n|rule|Species Clause: Limit one of each Pok\u00e9mon\n|rule|Item Clause: Limit 1 of each item\n|clearpoke\n|poke|p1|Gardevoir, L50, M|\n|poke|p1|Whimsicott, L50, F|\n|poke|p1|Farigiraf, L50, M|\n|poke|p1|Incineroar, L50, F|\n|poke|p1|Sneasler, L50, M|\n|poke|p1|Typhlosion-Hisui, L50, F|\n|poke|p2|Garchomp, L50, F|\n|poke|p2|Tyranitar, L50, M|\n|poke|p2|Aerodactyl, L50, F|\n|poke|p2|Sneasler, L50, M|\n|poke|p2|Rotom-Wash, L50|\n|poke|p2|Milotic, L50, M|\n|teampreview|4\n|inactive|Battle timer is ON: inactive players will automatically lose when time's up. (requested by boodooboo)\n|inactive|blaisenova1 has 60 seconds left.\n|\n|t:|1776557088\n|teamsize|p1|4\n|teamsize|p2|4\n|start\n|switch|p1a: Typhlosion|Typhlosion-Hisui, L50, F|100/100\n|switch|p1b: Gardevoir|Gardevoir, L50, M|100/100\n|switch|p2a: Milotic|Milotic, L50, M|100/100\n|switch|p2b: Aerodactyl|Aerodactyl, L50, F|100/100\n|-item|p2a: Milotic|Leftovers|[from] ability: Frisk|[of] p1a: Typhlosion\n|-item|p2b: Aerodactyl|Focus Sash|[from] ability: Frisk|[of] p1a: Typhlosion\n|-ability|p1b: Gardevoir|Rock Head|Trace|[from] ability: Trace|[of] p2b: Aerodactyl\n|turn|1\n|\n|t:|1776557112\n|switch|p1a: Farigiraf|Farigiraf, L50, M|100/100\n|detailschange|p1b: Gardevoir|Gardevoir-Mega, L50, M\n|-mega|p1b: Gardevoir|Gardevoir|Gardevoirite\n|move|p2b: Aerodactyl|Tailwind|p2b: Aerodactyl\n|-sidestart|p2: boodooboo|move: Tailwind\n|move|p2a: Milotic|Coil|p2a: Milotic\n|-boost|p2a: Milotic|atk|1\n|-boost|p2a: Milotic|def|1\n|-boost|p2a: Milotic|accuracy|1\n|move|p1b: Gardevoir|Calm Mind|p1b: Gardevoir\n|-boost|p1b: Gardevoir|spa|1\n|-boost|p1b: Gardevoir|spd|1\n|\n|upkeep\n|turn|2\n|\n|t:|1776557133\n|move|p2b: Aerodactyl|Rock Slide|p1b: Gardevoir|[spread] p1a,p1b\n|-damage|p1a: Farigiraf|78/100\n|-damage|p1b: Gardevoir|67/100\n|move|p2a: Milotic|Hypnosis|p1b: Gardevoir\n|-status|p1b: Gardevoir|slp|[from] move: Hypnosis\n|cant|p1b: Gardevoir|slp\n|move|p1a: Farigiraf|Trick Room|p1a: Farigiraf\n|-fieldstart|move: Trick Room|[of] p1a: Farigiraf\n|\n|upkeep\n|turn|3\n|\n|t:|1776557146\n|move|p1a: Farigiraf|Hyper Voice|p2a: Milotic|[spread] p2a,p2b\n|-resisted|p2b: Aerodactyl|1\n|-damage|p2a: Milotic|83/100\n|-damage|p2b: Aerodactyl|79/100\n|cant|p1b: Gardevoir|slp\n|move|p2a: Milotic|Muddy Water|p1b: Gardevoir|[spread] p1a,p1b\n|-damage|p1a: Farigiraf|58/100\n|-damage|p1b: Gardevoir|56/100 slp\n|move|p2b: Aerodactyl|Rock Slide|p1a: Farigiraf|[spread] p1a,p1b\n|-damage|p1a: Farigiraf|36/100\n|-damage|p1b: Gardevoir|24/100 slp\n|-enditem|p1a: Farigiraf|Sitrus Berry|[eat]\n|-heal|p1a: Farigiraf|60/100|[from] item: Sitrus Berry\n|\n|-heal|p2a: Milotic|89/100|[from] item: Leftovers\n|upkeep\n|turn|4\n|\n|t:|1776557159\n|move|p1a: Farigiraf|Helping Hand|p1b: Gardevoir\n|-singleturn|p1b: Gardevoir|Helping Hand|[of] p1a: Farigiraf\n|-curestatus|p1b: Gardevoir|slp|[msg]\n|move|p1b: Gardevoir|Hyper Voice|p2a: Milotic|[spread] p2a,p2b\n|-crit|p2a: Milotic\n|-damage|p2a: Milotic|0 fnt\n|-damage|p2b: Aerodactyl|0 fnt\n|faint|p2a: Milotic\n|faint|p2b: Aerodactyl\n|\n|-sideend|p2: boodooboo|move: Tailwind\n|upkeep\n|\n|t:|1776557168\n|switch|p2a: Garchomp|Garchomp, L50, F|100/100\n|switch|p2b: Tyranitar|Tyranitar, L50, M|100/100\n|-weather|Sandstorm|[from] ability: Sand Stream|[of] p2b: Tyranitar\n|turn|5\n|\n|t:|1776557183\n|switch|p1a: Incineroar|Incineroar, L50, F|100/100\n|-ability|p1a: Incineroar|Intimidate|boost\n|-unboost|p2a: Garchomp|atk|1\n|-unboost|p2b: Tyranitar|atk|1\n|detailschange|p2b: Tyranitar|Tyranitar-Mega, L50, M\n|-mega|p2b: Tyranitar|Tyranitar|Tyranitarite\n|move|p2b: Tyranitar|Protect|p2b: Tyranitar\n|-singleturn|p2b: Tyranitar|Protect\n|move|p2a: Garchomp|Protect|p2a: Garchomp\n|-singleturn|p2a: Garchomp|Protect\n|move|p1b: Gardevoir|Hyper Voice|p2b: Tyranitar|[spread] \n|-activate|p2a: Garchomp|move: Protect\n|-activate|p2b: Tyranitar|move: Protect\n|\n|-weather|Sandstorm|[upkeep]\n|-damage|p1a: Incineroar|95/100|[from] Sandstorm\n|-damage|p1b: Gardevoir|18/100|[from] Sandstorm\n|upkeep\n|turn|6\n|inactive|boodooboo has 30 seconds left.\n|inactive|boodooboo has 20 seconds left.\n|\n|t:|1776557222\n|move|p1a: Incineroar|Fake Out|p2b: Tyranitar\n|-resisted|p2b: Tyranitar|1\n|-damage|p2b: Tyranitar|97/100\n|cant|p2b: Tyranitar|flinch\n|move|p1b: Gardevoir|Hyper Voice|p2b: Tyranitar|[spread] p2b\n|-miss|p1b: Gardevoir|p2a: Garchomp\n|-supereffective|p2b: Tyranitar|1\n|-damage|p2b: Tyranitar|19/100\n|move|p2a: Garchomp|Earthquake|p1b: Gardevoir|[spread] p2b,p1a,p1b\n|-supereffective|p2b: Tyranitar|1\n|-supereffective|p1a: Incineroar|1\n|-damage|p2b: Tyranitar|0 fnt\n|-damage|p1a: Incineroar|59/100\n|-damage|p1b: Gardevoir|0 fnt\n|faint|p2b: Tyranitar\n|faint|p1b: Gardevoir\n|\n|-weather|Sandstorm|[upkeep]\n|-damage|p1a: Incineroar|53/100|[from] Sandstorm\n|-fieldend|move: Trick Room\n|upkeep\n|-message|boodooboo forfeited.\n|\n|win|blaisenova1\n|raw|blaisenova1's rating: 1197 &rarr; <strong>1216</strong><br />(+19 for winning)\n|raw|boodooboo's rating: 1117 &rarr; <strong>1098</strong><br />(-19 for losing)\n|l|\u2606boodooboo\n|player|p2|\n",
  "uploadtime": 1776557254,
  "views": 22,
  "formatid": "gen9championsvgc2026regma",
  "rating": 1098,
  "private": 0,
  "password": null
}