{
  "id": "gen9championsvgc2026regma-2587784802",
  "format": "[Gen 9 Champions] VGC 2026 Reg M-A",
  "players": [
    "manofcream",
    "JellyBeanDeath"
  ],
  "log": "|j|\u2606manofcream\n|j|\u2606JellyBeanDeath\n|t:|1776563723\n|gametype|doubles\n|player|p1|manofcream|swimmer|1408\n|player|p2|JellyBeanDeath|170|1459\n|gen|9\n|tier|[Gen 9 Champions] VGC 2026 Reg M-A\n|rated|\n|rule|Species Clause: Limit one of each Pok\u00e9mon\n|rule|Item Clause: Limit 1 of each item\n|clearpoke\n|poke|p1|Sinistcha, L50|\n|poke|p1|Gyarados, L50, M|\n|poke|p1|Rotom-Heat, L50|\n|poke|p1|Gliscor, L50, M|\n|poke|p1|Sneasler, L50, M|\n|poke|p1|Sylveon, L50, M|\n|poke|p2|Charizard, L50, F|\n|poke|p2|Heliolisk, L50, F|\n|poke|p2|Milotic, L50, F|\n|poke|p2|Leafeon, L50, F|\n|poke|p2|Farigiraf, L50, F|\n|poke|p2|Kommo-o, L50, M|\n|teampreview|4\n|inactive|Battle timer is ON: inactive players will automatically lose when time's up. (requested by JellyBeanDeath)\n|inactive|manofcream has 60 seconds left.\n|inactive|JellyBeanDeath has 60 seconds left.\n|\n|t:|1776563761\n|teamsize|p1|4\n|teamsize|p2|4\n|start\n|switch|p1a: Rotom|Rotom-Heat, L50|100/100\n|switch|p1b: Sneasler|Sneasler, L50, M|100/100\n|switch|p2a: Farigiraf|Farigiraf, L50, F|100/100\n|switch|p2b: Kommo-o|Kommo-o, L50, M|100/100\n|turn|1\n|\n|t:|1776563771\n|move|p2b: Kommo-o|Protect|p2b: Kommo-o\n|-singleturn|p2b: Kommo-o|Protect\n|move|p1a: Rotom|Volt Switch|p2b: Kommo-o\n|-activate|p2b: Kommo-o|move: Protect\n|move|p1b: Sneasler|Close Combat|p2b: Kommo-o\n|-activate|p2b: Kommo-o|move: Protect\n|move|p2a: Farigiraf|Psychic Noise|p1b: Sneasler\n|-supereffective|p1b: Sneasler|2\n|-enditem|p1b: Sneasler|Focus Sash\n|-damage|p1b: Sneasler|1/100\n|-start|p1b: Sneasler|move: Heal Block\n|\n|upkeep\n|turn|2\n|inactive|JellyBeanDeath has 30 seconds left.\n|\n|t:|1776563801\n|move|p1b: Sneasler|Close Combat|p2b: Kommo-o\n|-damage|p2b: Kommo-o|48/100\n|-unboost|p1b: Sneasler|def|1\n|-unboost|p1b: Sneasler|spd|1\n|move|p1a: Rotom|Volt Switch|p2b: Kommo-o\n|-resisted|p2b: Kommo-o|1\n|-damage|p2b: Kommo-o|30/100\n|\n|t:|1776563817\n|switch|p1a: Sinistcha|Sinistcha, L50|100/100|[from] Volt Switch\n|move|p2b: Kommo-o|Clanging Scales|p1b: Sneasler|[spread] p1a,p1b\n|-damage|p1a: Sinistcha|70/100\n|-damage|p1b: Sneasler|0 fnt\n|faint|p1b: Sneasler\n|-unboost|p2b: Kommo-o|def|1\n|move|p2a: Farigiraf|Hyper Voice|p1a: Sinistcha\n|-immune|p1a: Sinistcha\n|\n|upkeep\n|\n|t:|1776563826\n|switch|p1b: Gyarados|Gyarados, L50, M|100/100\n|-ability|p1b: Gyarados|Intimidate|boost\n|-unboost|p2a: Farigiraf|atk|1\n|-unboost|p2b: Kommo-o|atk|1\n|turn|3\n|\n|t:|1776563841\n|detailschange|p1b: Gyarados|Gyarados-Mega, L50, M\n|-mega|p1b: Gyarados|Gyarados|Gyaradosite\n|-ability|p1b: Gyarados|Mold Breaker\n|move|p2b: Kommo-o|Clanging Scales|p1a: Sinistcha|[spread] p1a,p1b\n|-damage|p1a: Sinistcha|41/100\n|-damage|p1b: Gyarados|72/100\n|-unboost|p2b: Kommo-o|def|1\n|move|p1b: Gyarados|Waterfall|p2b: Kommo-o\n|-resisted|p2b: Kommo-o|1\n|-damage|p2b: Kommo-o|0 fnt\n|faint|p2b: Kommo-o\n|move|p2a: Farigiraf|Hyper Voice|p1b: Gyarados|[spread] p1b\n|-immune|p1a: Sinistcha\n|-damage|p1b: Gyarados|48/100\n|move|p1a: Sinistcha|Trick Room|p1a: Sinistcha\n|-fieldstart|move: Trick Room|[of] p1a: Sinistcha\n|\n|upkeep\n|\n|t:|1776563856\n|switch|p2b: Charizard|Charizard, L50, F|100/100\n|turn|4\n|\n|t:|1776563870\n|detailschange|p2b: Charizard|Charizard-Mega-Y, L50, F\n|-mega|p2b: Charizard|Charizard|Charizardite Y\n|-weather|SunnyDay|[from] ability: Drought|[of] p2b: Charizard\n|move|p2a: Farigiraf|Hyper Voice|p1b: Gyarados|[spread] p1b\n|-immune|p1a: Sinistcha\n|-damage|p1b: Gyarados|26/100\n|move|p1a: Sinistcha|Matcha Gotcha|p2a: Farigiraf|[spread] p2a,p2b\n|-resisted|p2b: Charizard|2\n|-damage|p2a: Farigiraf|67/100\n|-heal|p1a: Sinistcha|62/100|[from] drain|[of] p2a: Farigiraf\n|-damage|p2b: Charizard|94/100\n|-heal|p1a: Sinistcha|65/100|[from] drain|[of] p2b: Charizard\n|move|p1b: Gyarados|Lash Out|p2a: Farigiraf\n|-supereffective|p2a: Farigiraf|1\n|-damage|p2a: Farigiraf|0 fnt\n|faint|p2a: Farigiraf\n|move|p2b: Charizard|Heat Wave|p1a: Sinistcha|[spread] p1a,p1b\n|-supereffective|p1a: Sinistcha|1\n|-resisted|p1b: Gyarados|1\n|-damage|p1a: Sinistcha|0 fnt\n|-damage|p1b: Gyarados|0 fnt\n|faint|p1a: Sinistcha\n|faint|p1b: Gyarados\n|\n|-weather|SunnyDay|[upkeep]\n|upkeep\n|c|\u2606manofcream|I was really expecting protect\n|\n|t:|1776563892\n|switch|p2a: Heliolisk|Heliolisk, L50, F|100/100\n|switch|p1b: Rotom|Rotom-Heat, L50|100/100\n|turn|5\n|\n|t:|1776563901\n|move|p2b: Charizard|Heat Wave|p1b: Rotom\n|-resisted|p1b: Rotom|1\n|-damage|p1b: Rotom|46/100\n|move|p1b: Rotom|Volt Switch|p2b: Charizard\n|-supereffective|p2b: Charizard|1\n|-damage|p2b: Charizard|30/100\n|move|p2a: Heliolisk|Hyper Voice|p1b: Rotom\n|-damage|p1b: Rotom|0 fnt\n|faint|p1b: Rotom\n|\n|win|JellyBeanDeath\n|raw|manofcream's rating: 1408 &rarr; <strong>1391</strong><br />(-17 for losing)\n|raw|JellyBeanDeath's rating: 1459 &rarr; <strong>1476</strong><br />(+17 for winning)\n|l|\u2606manofcream\n|player|p1|\n|l|\u2606JellyBeanDeath\n|player|p2|\n",
  "uploadtime": 1776563917,
  "views": 16,
  "formatid": "gen9championsvgc2026regma",
  "rating": 1391,
  "private": 0,
  "password": null
}