{
  "id": "gen9championsvgc2026regma-2589398910",
  "format": "[Gen 9 Champions] VGC 2026 Reg M-A",
  "players": [
    "TophBoom",
    "9sharps"
  ],
  "log": "|j|\u2606TophBoom\n|j|\u26069sharps\n|t:|1776719787\n|gametype|doubles\n|player|p1|TophBoom|miku-fairy|1231\n|player|p2|9sharps|2|1222\n|gen|9\n|tier|[Gen 9 Champions] VGC 2026 Reg M-A\n|rated|\n|rule|Species Clause: Limit one of each Pok\u00e9mon\n|rule|Item Clause: Limit 1 of each item\n|clearpoke\n|poke|p1|Floette-Eternal, L50, F|\n|poke|p1|Banette, L50, F|\n|poke|p1|Sinistcha-Masterpiece, L50|\n|poke|p1|Incineroar, L50, M|\n|poke|p1|Palafin, L50, M, shiny|\n|poke|p1|Aerodactyl, L50, M|\n|poke|p2|Froslass, L50, F|\n|poke|p2|Palafin, L50, F|\n|poke|p2|Kingambit, L50, M|\n|poke|p2|Arcanine-Hisui, L50, M|\n|poke|p2|Sinistcha, L50|\n|poke|p2|Sneasler, L50, M|\n|teampreview|4\n|inactive|Battle timer is ON: inactive players will automatically lose when time's up. (requested by 9sharps)\n|inactive|TophBoom has 60 seconds left.\n|\n|t:|1776719821\n|teamsize|p1|4\n|teamsize|p2|4\n|start\n|switch|p1a: Aerodactyl|Aerodactyl, L50, M|100/100\n|switch|p1b: Palafin|Palafin, L50, M, shiny|100/100\n|switch|p2a: Sinistcha|Sinistcha, L50|100/100\n|switch|p2b: Kingambit|Kingambit, L50, M|100/100\n|-ability|p1a: Aerodactyl|Unnerve\n|turn|1\n|\n|t:|1776719841\n|move|p1a: Aerodactyl|Dual Wingbeat|p2a: Sinistcha\n|-supereffective|p2a: Sinistcha|1\n|-damage|p2a: Sinistcha|70/100\n|-supereffective|p2a: Sinistcha|1\n|-damage|p2a: Sinistcha|36/100\n|-hitcount|p2a: Sinistcha|2\n|move|p1b: Palafin|Flip Turn|p2b: Kingambit\n|-damage|p2b: Kingambit|80/100\n|\n|t:|1776719855\n|detailschange|p1b: Palafin|Palafin-Hero, L50, M, shiny\n|switch|p1b: Sinistcha|Sinistcha-Masterpiece, L50|100/100|[from] Flip Turn\n|move|p2b: Kingambit|Swords Dance|p2b: Kingambit\n|-boost|p2b: Kingambit|atk|2\n|move|p2a: Sinistcha|Trick Room|p2a: Sinistcha\n|-fieldstart|move: Trick Room|[of] p2a: Sinistcha\n|\n|upkeep\n|turn|2\n|inactive|TophBoom has 30 seconds left.\n|inactive|TophBoom has 20 seconds left.\n|inactive|TophBoom has 15 seconds left.\n|inactive|TophBoom has 10 seconds left.\n|\n|t:|1776719901\n|move|p2b: Kingambit|Kowtow Cleave|p1a: Aerodactyl\n|-enditem|p1a: Aerodactyl|Focus Sash\n|-damage|p1a: Aerodactyl|1/100\n|move|p2a: Sinistcha|Life Dew|p2a: Sinistcha|[spread] p2a,p2b\n|-heal|p2a: Sinistcha|62/100\n|-heal|p2b: Kingambit|100/100\n|move|p1a: Aerodactyl|Dual Wingbeat|p2a: Sinistcha\n|-supereffective|p2a: Sinistcha|1\n|-damage|p2a: Sinistcha|27/100\n|-supereffective|p2a: Sinistcha|1\n|-damage|p2a: Sinistcha|0 fnt\n|faint|p2a: Sinistcha\n|-hitcount|p2: Sinistcha|2\n|move|p1b: Sinistcha|Trick Room|p1b: Sinistcha\n|-fieldend|move: Trick Room\n|\n|upkeep\n|\n|t:|1776719919\n|switch|p2a: Arcanine|Arcanine-Hisui, L50, M|100/100\n|-ability|p2a: Arcanine|Intimidate|boost\n|-unboost|p1a: Aerodactyl|atk|1\n|-unboost|p1b: Sinistcha|atk|1\n|turn|3\n|\n|t:|1776719936\n|move|p1b: Sinistcha|Rage Powder|p1b: Sinistcha\n|-singleturn|p1b: Sinistcha|move: Rage Powder\n|move|p1a: Aerodactyl|Tailwind|p1a: Aerodactyl\n|-sidestart|p1: TophBoom|move: Tailwind\n|move|p2a: Arcanine|Flare Blitz|p1b: Sinistcha\n|-supereffective|p1b: Sinistcha|1\n|-damage|p1b: Sinistcha|0 fnt\n|faint|p1b: Sinistcha\n|-damage|p2a: Arcanine|66/100|[from] Recoil\n|move|p2b: Kingambit|Kowtow Cleave|p1a: Aerodactyl\n|-damage|p1a: Aerodactyl|0 fnt\n|faint|p1a: Aerodactyl\n|\n|upkeep\n|\n|t:|1776719945\n|switch|p1a: Floette|Floette-Eternal, L50, F|100/100\n|switch|p1b: Palafin|Palafin-Hero, L50, M, shiny|100/100\n|-activate|p1b: Palafin|ability: Zero to Hero\n|turn|4\n|inactive|TophBoom has 30 seconds left.\n|inactive|TophBoom has 20 seconds left.\n|\n|t:|1776719982\n|detailschange|p1a: Floette|Floette-Mega, L50, F\n|-mega|p1a: Floette|Floette|Floettite\n|-ability|p1a: Floette|Fairy Aura\n|move|p2a: Arcanine|Protect|p2a: Arcanine\n|-singleturn|p2a: Arcanine|Protect\n|move|p1b: Palafin|Jet Punch|p2b: Kingambit\n|-damage|p2b: Kingambit|65/100\n|move|p2b: Kingambit|Sucker Punch||[still]\n|-fail|p2b: Kingambit\n|move|p1a: Floette|Moonblast|p2b: Kingambit\n|-damage|p2b: Kingambit|0 fnt\n|faint|p2b: Kingambit\n|\n|upkeep\n|\n|t:|1776719992\n|switch|p2b: Froslass|Froslass, L50, F|100/100\n|turn|5\n|\n|t:|1776720009\n|detailschange|p2b: Froslass|Froslass-Mega, L50, F\n|-mega|p2b: Froslass|Froslass|Froslassite\n|-weather|Snowscape|[from] ability: Snow Warning|[of] p2b: Froslass\n|move|p1b: Palafin|Jet Punch|p2a: Arcanine\n|-supereffective|p2a: Arcanine|2\n|-damage|p2a: Arcanine|0 fnt\n|faint|p2a: Arcanine\n|move|p1a: Floette|Moonblast|p2b: Froslass\n|-damage|p2b: Froslass|17/100\n|move|p2b: Froslass|Aurora Veil|p2b: Froslass\n|-sidestart|p2: 9sharps|move: Aurora Veil\n|\n|-weather|Snowscape|[upkeep]\n|upkeep\n|turn|6\n|\n|t:|1776720022\n|move|p2b: Froslass|Protect|p2b: Froslass\n|-singleturn|p2b: Froslass|Protect\n|move|p1b: Palafin|Jet Punch|p2b: Froslass\n|-activate|p2b: Froslass|move: Protect\n|move|p1a: Floette|Moonblast|p2b: Froslass\n|-activate|p2b: Froslass|move: Protect\n|\n|-weather|Snowscape|[upkeep]\n|-sideend|p1: TophBoom|move: Tailwind\n|upkeep\n|turn|7\n|\n|t:|1776720026\n|move|p1b: Palafin|Jet Punch|p2b: Froslass\n|-damage|p2b: Froslass|0 fnt\n|faint|p2b: Froslass\n|\n|win|TophBoom\n|raw|TophBoom's rating: 1231 &rarr; <strong>1255</strong><br />(+24 for winning)\n|raw|9sharps's rating: 1222 &rarr; <strong>1198</strong><br />(-24 for losing)\n|l|\u26069sharps\n|player|p2|\n",
  "uploadtime": 1776720028,
  "views": 7,
  "formatid": "gen9championsvgc2026regma",
  "rating": 1198,
  "private": 0,
  "password": null
}