{
  "id": "gen9championsvgc2026regma-2587080476",
  "format": "[Gen 9 Champions] VGC 2026 Reg M-A",
  "players": [
    "Warehouse User",
    "fred fred borger"
  ],
  "log": "|j|\u2606Warehouse User\n|j|\u2606fred fred borger\n|t:|1776490695\n|gametype|doubles\n|player|p1|Warehouse User|102|1043\n|player|p2|fred fred borger|flannery|1057\n|gen|9\n|tier|[Gen 9 Champions] VGC 2026 Reg M-A\n|rated|\n|rule|Species Clause: Limit one of each Pok\u00e9mon\n|rule|Item Clause: Limit 1 of each item\n|clearpoke\n|poke|p1|Aegislash, L50, M|\n|poke|p1|Maushold-Four, L50|\n|poke|p1|Azumarill, L50, M|\n|poke|p1|Whimsicott, L50, M|\n|poke|p1|Beedrill, L50, M|\n|poke|p1|Castform, L50, M|\n|poke|p2|Whimsicott, L50, F|\n|poke|p2|Ariados, L50, F|\n|poke|p2|Basculegion, L50, M|\n|poke|p2|Delphox, L50, M|\n|poke|p2|Garganacl, L50, M|\n|poke|p2|Garchomp, L50, M|\n|teampreview|4\n|inactive|Battle timer is ON: inactive players will automatically lose when time's up. (requested by Warehouse User)\n|\n|t:|1776490747\n|teamsize|p1|4\n|teamsize|p2|4\n|start\n|switch|p1a: Azumarill|Azumarill, L50, M|100/100\n|switch|p1b: Whimsicott|Whimsicott, L50, M|100/100\n|switch|p2a: Delphox|Delphox, L50, M|100/100\n|switch|p2b: Whimsicott|Whimsicott, L50, F|100/100\n|turn|1\n|\n|t:|1776490765\n|detailschange|p2a: Delphox|Delphox-Mega, L50, M\n|-mega|p2a: Delphox|Delphox|Delphoxite\n|move|p2b: Whimsicott|Tailwind|p2b: Whimsicott\n|-sidestart|p2: fred fred borger|move: Tailwind\n|move|p2a: Delphox|Heat Wave|p1b: Whimsicott|[spread] p1a,p1b\n|-resisted|p1a: Azumarill|1\n|-supereffective|p1b: Whimsicott|1\n|-damage|p1a: Azumarill|78/100\n|-enditem|p1b: Whimsicott|Focus Sash\n|-damage|p1b: Whimsicott|1/100\n|move|p1b: Whimsicott|Moonblast|p2a: Delphox\n|-resisted|p2a: Delphox|1\n|-damage|p2a: Delphox|83/100\n|move|p1a: Azumarill|Belly Drum|p1a: Azumarill\n|-damage|p1a: Azumarill|28/100\n|-setboost|p1a: Azumarill|atk|6|[from] move: Belly Drum\n|-enditem|p1a: Azumarill|Sitrus Berry|[eat]\n|-heal|p1a: Azumarill|53/100|[from] item: Sitrus Berry\n|\n|upkeep\n|turn|2\n|inactive|Warehouse User has 30 seconds left.\n|\n|t:|1776490796\n|switch|p1b: Maushold|Maushold-Four, L50|100/100\n|move|p2b: Whimsicott|Encore|p1a: Azumarill\n|-start|p1a: Azumarill|Encore\n|move|p2a: Delphox|Heat Wave|p1b: Maushold|[spread] p1a,p1b\n|-resisted|p1a: Azumarill|1\n|-damage|p1a: Azumarill|37/100\n|-damage|p1b: Maushold|46/100\n|move|p1a: Azumarill|Belly Drum||[still]\n|-fail|p1a: Azumarill\n|\n|upkeep\n|turn|3\n|\n|t:|1776490813\n|move|p2a: Delphox|Heat Wave|p1b: Maushold|[spread] p1a,p1b\n|-resisted|p1a: Azumarill|1\n|-damage|p1a: Azumarill|20/100\n|-damage|p1b: Maushold|0 fnt\n|faint|p1b: Maushold\n|move|p2b: Whimsicott|Moonblast|p1a: Azumarill\n|-damage|p1a: Azumarill|0 fnt\n|faint|p1a: Azumarill\n|\n|upkeep\n|\n|t:|1776490830\n|switch|p1b: Whimsicott|Whimsicott, L50, M|1/100\n|switch|p1a: Aegislash|Aegislash, L50, M|100/100\n|turn|4\n|\n|t:|1776490845\n|move|p2b: Whimsicott|Protect|p2b: Whimsicott\n|-singleturn|p2b: Whimsicott|Protect\n|move|p1b: Whimsicott|Tailwind|p1b: Whimsicott\n|-sidestart|p1: Warehouse User|move: Tailwind\n|move|p2a: Delphox|Substitute|p2a: Delphox\n|-start|p2a: Delphox|Substitute\n|-damage|p2a: Delphox|58/100\n|move|p1a: Aegislash|Swords Dance|p1a: Aegislash\n|-boost|p1a: Aegislash|atk|2\n|\n|-sideend|p2: fred fred borger|move: Tailwind\n|upkeep\n|turn|5\n|\n|t:|1776490865\n|move|p2b: Whimsicott|Encore|p1b: Whimsicott\n|-start|p1b: Whimsicott|Encore\n|move|p1b: Whimsicott|Tailwind||[still]\n|-fail|p1b: Whimsicott\n|move|p2a: Delphox|Heat Wave|p1b: Whimsicott|[spread] p1a,p1b\n|-supereffective|p1a: Aegislash|1\n|-supereffective|p1b: Whimsicott|1\n|-damage|p1a: Aegislash|38/100\n|-damage|p1b: Whimsicott|0 fnt\n|faint|p1b: Whimsicott\n|move|p1a: Aegislash|Swords Dance|p1a: Aegislash\n|-boost|p1a: Aegislash|atk|2\n|\n|upkeep\n|turn|6\n|\n|t:|1776490883\n|move|p2b: Whimsicott|Tailwind|p2b: Whimsicott\n|-sidestart|p2: fred fred borger|move: Tailwind\n|-formechange|p1a: Aegislash|Aegislash-Blade|\n|move|p1a: Aegislash|Shadow Sneak|p2b: Whimsicott\n|-damage|p2b: Whimsicott|0 fnt\n|faint|p2b: Whimsicott\n|move|p2a: Delphox|Heat Wave|p1a: Aegislash\n|-supereffective|p1a: Aegislash|1\n|-damage|p1a: Aegislash|0 fnt\n|faint|p1a: Aegislash\n|\n|win|fred fred borger\n|raw|Warehouse User's rating: 1043 &rarr; <strong>1027</strong><br />(-16 for losing)\n|raw|fred fred borger's rating: 1057 &rarr; <strong>1087</strong><br />(+30 for winning)\n|l|\u2606Warehouse User\n|player|p1|\n",
  "uploadtime": 1776490895,
  "views": 15,
  "formatid": "gen9championsvgc2026regma",
  "rating": 1027,
  "private": 0,
  "password": null
}