{
  "id": "gen9championsvgc2026regma-2582582525",
  "format": "[Gen 9 Champions] VGC 2026 Reg M-A",
  "players": [
    "Natlus25",
    "Todo CCT"
  ],
  "log": "|j|\u2606Natlus25\n|j|\u2606Todo CCT\n|t:|1776100782\n|gametype|doubles\n|player|p1|Natlus25|102|1171\n|player|p2|Todo CCT|giovanni|1102\n|gen|9\n|tier|[Gen 9 Champions] VGC 2026 Reg M-A\n|rated|\n|rule|Species Clause: Limit one of each Pok\u00e9mon\n|rule|Item Clause: Limit 1 of each item\n|clearpoke\n|poke|p1|Vanilluxe, L50, M|\n|poke|p1|Armarouge, L50, M|\n|poke|p1|Feraligatr, L50, F|\n|poke|p1|Whimsicott, L50, M|\n|poke|p1|Rotom-Frost, L50|\n|poke|p1|Milotic, L50, M|\n|poke|p2|Sneasler, L50, M|\n|poke|p2|Sinistcha, L50|\n|poke|p2|Rotom-Wash, L50|\n|poke|p2|Whimsicott, L50, M|\n|poke|p2|Starmie, L50|\n|poke|p2|Glimmora, L50, F|\n|teampreview|4\n|\n|t:|1776100820\n|teamsize|p1|4\n|teamsize|p2|4\n|start\n|switch|p1a: Whimsicott|Whimsicott, L50, M|100/100\n|switch|p1b: Rotom|Rotom-Frost, L50|100/100\n|switch|p2a: Glimmora|Glimmora, L50, F|100/100\n|switch|p2b: Whimsicott|Whimsicott, L50, M|100/100\n|turn|1\n|\n|t:|1776100905\n|detailschange|p2a: Glimmora|Glimmora-Mega, L50, F\n|-mega|p2a: Glimmora|Glimmora|Glimmoranite\n|move|p2b: Whimsicott|Tailwind|p2b: Whimsicott\n|-sidestart|p2: Todo CCT|move: Tailwind\n|move|p1a: Whimsicott|Tailwind|p1a: Whimsicott\n|-sidestart|p1: Natlus25|move: Tailwind\n|move|p2a: Glimmora|Power Gem|p1b: Rotom\n|-supereffective|p1b: Rotom|1\n|-damage|p1b: Rotom|0 fnt\n|faint|p1b: Rotom\n|\n|upkeep\n|\n|t:|1776100917\n|switch|p1b: Feraligatr|Feraligatr, L50, F|100/100\n|turn|2\n|\n|t:|1776100941\n|detailschange|p1b: Feraligatr|Feraligatr-Mega, L50, F\n|-mega|p1b: Feraligatr|Feraligatr|Feraligite\n|move|p2a: Glimmora|Spiky Shield|p2a: Glimmora\n|-singleturn|p2a: Glimmora|move: Protect\n|move|p1a: Whimsicott|Encore|p2a: Glimmora\n|-activate|p2a: Glimmora|move: Protect\n|move|p2b: Whimsicott|Encore||[still]\n|-fail|p2b: Whimsicott\n|move|p1b: Feraligatr|Dragon Dance|p1b: Feraligatr\n|-boost|p1b: Feraligatr|atk|1\n|-boost|p1b: Feraligatr|spe|1\n|\n|upkeep\n|turn|3\n|\n|t:|1776100965\n|switch|p2a: Rotom|Rotom-Wash, L50|100/100\n|move|p2b: Whimsicott|Encore|p1b: Feraligatr\n|-start|p1b: Feraligatr|Encore\n|move|p1a: Whimsicott|Encore||[still]\n|-fail|p1a: Whimsicott\n|move|p1b: Feraligatr|Dragon Dance|p1b: Feraligatr\n|-boost|p1b: Feraligatr|atk|1\n|-boost|p1b: Feraligatr|spe|1\n|\n|upkeep\n|turn|4\n|\n|t:|1776100980\n|move|p2b: Whimsicott|Taunt|p1b: Feraligatr\n|-start|p1b: Feraligatr|move: Taunt\n|move|p1a: Whimsicott|Encore|p2b: Whimsicott\n|-start|p2b: Whimsicott|Encore\n|cant|p1b: Feraligatr|move: Taunt|Dragon Dance\n|move|p2a: Rotom|Will-O-Wisp|p1b: Feraligatr\n|-status|p1b: Feraligatr|brn\n|\n|-damage|p1b: Feraligatr|94/100 brn|[from] brn\n|-sideend|p2: Todo CCT|move: Tailwind\n|-sideend|p1: Natlus25|move: Tailwind\n|upkeep\n|turn|5\n|\n|t:|1776101002\n|switch|p1b: Vanilluxe|Vanilluxe, L50, M|100/100\n|-weather|Snowscape|[from] ability: Snow Warning|[of] p1b: Vanilluxe\n|switch|p2a: Glimmora|Glimmora-Mega, L50, F|100/100\n|switch|p2b: Sneasler|Sneasler, L50, M|100/100\n|move|p1a: Whimsicott|Moonblast|p2a: Glimmora\n|-resisted|p2a: Glimmora|1\n|-damage|p2a: Glimmora|78/100\n|\n|-weather|Snowscape|[upkeep]\n|upkeep\n|turn|6\n|\n|t:|1776101019\n|switch|p1b: Feraligatr|Feraligatr-Mega, L50, F|94/100 brn\n|move|p2b: Sneasler|Fake Out|p1b: Feraligatr\n|-damage|p1b: Feraligatr|81/100 brn\n|move|p1a: Whimsicott|Tailwind|p1a: Whimsicott\n|-sidestart|p1: Natlus25|move: Tailwind\n|move|p2a: Glimmora|Sludge Bomb|p1a: Whimsicott\n|-supereffective|p1a: Whimsicott|2\n|-enditem|p1a: Whimsicott|Focus Sash\n|-damage|p1a: Whimsicott|1/100\n|-status|p1a: Whimsicott|psn\n|\n|-weather|Snowscape|[upkeep]\n|-damage|p1a: Whimsicott|0 fnt|[from] psn\n|faint|p1a: Whimsicott\n|-damage|p1b: Feraligatr|75/100 brn|[from] brn\n|upkeep\n|\n|t:|1776101034\n|switch|p1a: Vanilluxe|Vanilluxe, L50, M|100/100\n|turn|7\n|\n|t:|1776101047\n|move|p1a: Vanilluxe|Blizzard|p2b: Sneasler|[spread] p2a,p2b\n|-damage|p2a: Glimmora|32/100\n|-damage|p2b: Sneasler|50/100\n|-status|p2b: Sneasler|frz\n|move|p1b: Feraligatr|Liquidation|p2a: Glimmora\n|-supereffective|p2a: Glimmora|1\n|-damage|p2a: Glimmora|0 fnt\n|faint|p2a: Glimmora\n|-curestatus|p2b: Sneasler|frz|[msg]\n|move|p2b: Sneasler|Close Combat|p1a: Vanilluxe\n|-supereffective|p1a: Vanilluxe|1\n|-damage|p1a: Vanilluxe|0 fnt\n|-unboost|p2b: Sneasler|def|1\n|-unboost|p2b: Sneasler|spd|1\n|faint|p1a: Vanilluxe\n|-enditem|p2b: Sneasler|White Herb\n|-clearnegativeboost|p2b: Sneasler|[silent]\n|\n|-weather|Snowscape|[upkeep]\n|-damage|p1b: Feraligatr|68/100 brn|[from] brn\n|upkeep\n|\n|t:|1776101059\n|switch|p2a: Whimsicott|Whimsicott, L50, M|100/100\n|turn|8\n|\n|t:|1776101069\n|move|p2a: Whimsicott|Tailwind|p2a: Whimsicott\n|-sidestart|p2: Todo CCT|move: Tailwind\n|move|p2b: Sneasler|Close Combat|p1b: Feraligatr\n|-damage|p1b: Feraligatr|7/100 brn\n|-unboost|p2b: Sneasler|def|1\n|-unboost|p2b: Sneasler|spd|1\n|move|p1b: Feraligatr|Liquidation|p2b: Sneasler\n|-damage|p2b: Sneasler|0 fnt\n|faint|p2b: Sneasler\n|\n|-weather|Snowscape|[upkeep]\n|-damage|p1b: Feraligatr|1/100 brn|[from] brn\n|upkeep\n|\n|t:|1776101071\n|switch|p2b: Rotom|Rotom-Wash, L50|100/100\n|turn|9\n|\n|t:|1776101083\n|move|p2b: Rotom|Volt Switch|p1b: Feraligatr\n|-damage|p1b: Feraligatr|0 fnt\n|faint|p1b: Feraligatr\n|\n|win|Todo CCT\n|raw|Natlus25's rating: 1171 &rarr; <strong>1141</strong><br />(-30 for losing)\n|raw|Todo CCT's rating: 1102 &rarr; <strong>1132</strong><br />(+30 for winning)\n|l|\u2606Natlus25\n|player|p1|\n",
  "uploadtime": 1776101091,
  "views": 25,
  "formatid": "gen9championsvgc2026regma",
  "rating": 1132,
  "private": 0,
  "password": null
}