{
  "id": "gen9championsvgc2026regma-2587807108",
  "format": "[Gen 9 Champions] VGC 2026 Reg M-A",
  "players": [
    "DoctorGrizzman",
    "ashiceclaw"
  ],
  "log": "|j|\u2606DoctorGrizzman\n|j|\u2606ashiceclaw\n|t:|1776565984\n|gametype|doubles\n|player|p1|DoctorGrizzman|cynthia|1277\n|player|p2|ashiceclaw|alder|1347\n|gen|9\n|tier|[Gen 9 Champions] VGC 2026 Reg M-A\n|rated|\n|rule|Species Clause: Limit one of each Pok\u00e9mon\n|rule|Item Clause: Limit 1 of each item\n|clearpoke\n|poke|p1|Runerigus, L50, M|\n|poke|p1|Ampharos, L50, F|\n|poke|p1|Primarina, L50, F|\n|poke|p1|Sinistcha, L50|\n|poke|p1|Mudsdale, L50, M|\n|poke|p1|Aggron, L50, M|\n|poke|p2|Dragapult, L50, M|\n|poke|p2|Aggron, L50, M|\n|poke|p2|Sinistcha, L50|\n|poke|p2|Incineroar, L50, M|\n|poke|p2|Basculegion, L50, M|\n|poke|p2|Sneasler, L50, M|\n|teampreview|4\n|\n|t:|1776566003\n|teamsize|p1|4\n|teamsize|p2|4\n|start\n|switch|p1a: Runerigus|Runerigus, L50, M|100/100\n|switch|p1b: Ampharos|Ampharos, L50, F|100/100\n|switch|p2a: Sneasler|Sneasler, L50, M|100/100\n|switch|p2b: Dragapult|Dragapult, L50, M|100/100\n|turn|1\n|\n|t:|1776566014\n|move|p1b: Ampharos|Protect|p1b: Ampharos\n|-singleturn|p1b: Ampharos|Protect\n|move|p2b: Dragapult|Shadow Ball|p1a: Runerigus\n|-supereffective|p1a: Runerigus|1\n|-damage|p1a: Runerigus|37/100\n|move|p2a: Sneasler|Dire Claw|p1a: Runerigus\n|-resisted|p1a: Runerigus|2\n|-damage|p1a: Runerigus|31/100\n|-activate|p2a: Sneasler|Skill Swap|Wandering Spirit|Unburden|[of] p1a: Runerigus\n|move|p1a: Runerigus|Trick Room|p1a: Runerigus\n|-fieldstart|move: Trick Room|[of] p1a: Runerigus\n|\n|upkeep\n|turn|2\n|\n|t:|1776566034\n|switch|p2b: Sinistcha|Sinistcha, L50|100/100\n|detailschange|p1b: Ampharos|Ampharos-Mega, L50, F\n|-mega|p1b: Ampharos|Ampharos|Ampharosite\n|-ability|p1b: Ampharos|Mold Breaker\n|move|p1a: Runerigus|Will-O-Wisp|p2a: Sneasler\n|-status|p2a: Sneasler|brn\n|move|p1b: Ampharos|Dragon Pulse|p2b: Sinistcha\n|-damage|p2b: Sinistcha|38/100\n|move|p2a: Sneasler|Dire Claw|p1b: Ampharos\n|-damage|p1b: Ampharos|82/100\n|-status|p1b: Ampharos|slp\n|\n|-damage|p2a: Sneasler|95/100 brn|[from] brn\n|upkeep\n|turn|3\n|\n|t:|1776566060\n|move|p1a: Runerigus|Destiny Bond|p1a: Runerigus\n|-singlemove|p1a: Runerigus|Destiny Bond\n|cant|p1b: Ampharos|slp\n|move|p2a: Sneasler|Dire Claw|p1a: Runerigus\n|-resisted|p1a: Runerigus|2\n|-damage|p1a: Runerigus|27/100\n|-status|p1a: Runerigus|slp\n|move|p2b: Sinistcha|Trick Room|p2b: Sinistcha\n|-fieldend|move: Trick Room\n|\n|-damage|p2a: Sneasler|89/100 brn|[from] brn\n|upkeep\n|turn|4\n|\n|t:|1776566074\n|switch|p2a: Dragapult|Dragapult, L50, M|100/100\n|move|p2b: Sinistcha|Matcha Gotcha|p1b: Ampharos|[spread] p1a,p1b\n|-supereffective|p1a: Runerigus|1\n|-resisted|p1b: Ampharos|1\n|-damage|p1a: Runerigus|0 fnt\n|-heal|p2b: Sinistcha|51/100|[from] drain|[of] p1a: Runerigus\n|-damage|p1b: Ampharos|71/100 slp\n|-heal|p2b: Sinistcha|58/100|[from] drain|[of] p1b: Ampharos\n|faint|p1a: Runerigus\n|-activate|p1a: Runerigus|move: Destiny Bond\n|faint|p2b: Sinistcha\n|cant|p1b: Ampharos|slp\n|\n|upkeep\n|\n|t:|1776566082\n|switch|p2b: Basculegion|Basculegion, L50, M|100/100\n|switch|p1a: Primarina|Primarina, L50, F|100/100\n|turn|5\n|\n|t:|1776566090\n|-curestatus|p1b: Ampharos|slp|[msg]\n|move|p1b: Ampharos|Protect|p1b: Ampharos\n|-singleturn|p1b: Ampharos|Protect\n|move|p2b: Basculegion|Last Respects|p1a: Primarina\n|-damage|p1a: Primarina|34/100\n|move|p2a: Dragapult|Dragon Darts|p1b: Ampharos\n|-immune|p1a: Primarina\n|move|p1a: Primarina|Moonblast|p2a: Dragapult\n|-supereffective|p2a: Dragapult|1\n|-damage|p2a: Dragapult|0 fnt\n|faint|p2a: Dragapult\n|\n|-heal|p1a: Primarina|40/100|[from] item: Leftovers\n|upkeep\n|\n|t:|1776566093\n|switch|p2a: Sneasler|Sneasler, L50, M|89/100 brn\n|turn|6\n|\n|t:|1776566117\n|switch|p1b: Mudsdale|Mudsdale, L50, M|100/100\n|move|p2b: Basculegion|Last Respects|p1b: Mudsdale\n|-damage|p1b: Mudsdale|24/100\n|move|p2a: Sneasler|Dire Claw|p1a: Primarina\n|-supereffective|p1a: Primarina|1\n|-damage|p1a: Primarina|0 fnt\n|faint|p1a: Primarina\n|\n|-damage|p2a: Sneasler|83/100 brn|[from] brn\n|upkeep\n|\n|t:|1776566126\n|switch|p1a: Ampharos|Ampharos-Mega, L50, F|71/100\n|-ability|p1a: Ampharos|Mold Breaker\n|turn|7\n|\n|t:|1776566134\n|move|p2b: Basculegion|Last Respects|p1a: Ampharos\n|-damage|p1a: Ampharos|0 fnt\n|faint|p1a: Ampharos\n|move|p2a: Sneasler|Close Combat|p1b: Mudsdale\n|-damage|p1b: Mudsdale|0 fnt\n|-unboost|p2a: Sneasler|def|1\n|-unboost|p2a: Sneasler|spd|1\n|faint|p1b: Mudsdale\n|\n|win|ashiceclaw\n|raw|DoctorGrizzman's rating: 1277 &rarr; <strong>1257</strong><br />(-20 for losing)\n|raw|ashiceclaw's rating: 1347 &rarr; <strong>1363</strong><br />(+16 for winning)\n|l|\u2606DoctorGrizzman\n|player|p1|\n",
  "uploadtime": 1776566147,
  "views": 20,
  "formatid": "gen9championsvgc2026regma",
  "rating": 1257,
  "private": 0,
  "password": null
}