{
  "id": "gen9championsvgc2026regma-2585653446",
  "format": "[Gen 9 Champions] VGC 2026 Reg M-A",
  "players": [
    "henitusec",
    "Moodkeepz"
  ],
  "log": "|j|\u2606henitusec\n|j|\u2606Moodkeepz\n|t:|1776361471\n|gametype|doubles\n|player|p1|henitusec|volo|1128\n|player|p2|Moodkeepz|2|1141\n|gen|9\n|tier|[Gen 9 Champions] VGC 2026 Reg M-A\n|rated|\n|rule|Species Clause: Limit one of each Pok\u00e9mon\n|rule|Item Clause: Limit 1 of each item\n|clearpoke\n|poke|p1|Gardevoir, L50, F|\n|poke|p1|Aegislash, L50, F|\n|poke|p1|Incineroar, L50, F|\n|poke|p1|Vivillon-Polar, L50, F|\n|poke|p1|Whimsicott, L50, M|\n|poke|p1|Tauros-Paldea-Aqua, L50, M|\n|poke|p2|Altaria, L50, F|\n|poke|p2|Incineroar, L50, F|\n|poke|p2|Gengar, L50, F|\n|poke|p2|Kommo-o, L50, M|\n|poke|p2|Sableye, L50, F|\n|poke|p2|Sinistcha, L50|\n|teampreview|4\n|inactive|Battle timer is ON: inactive players will automatically lose when time's up. (requested by henitusec)\n|\n|t:|1776361488\n|teamsize|p1|4\n|teamsize|p2|4\n|start\n|switch|p1a: Aegislash|Aegislash, L50, F|100/100\n|switch|p1b: Whimsicott|Whimsicott, L50, M|100/100\n|switch|p2a: Incineroar|Incineroar, L50, F|100/100\n|switch|p2b: Gengar|Gengar, L50, F|100/100\n|-ability|p2a: Incineroar|Intimidate|boost\n|-unboost|p1a: Aegislash|atk|1\n|-unboost|p1b: Whimsicott|atk|1\n|-enditem|p1a: Aegislash|White Herb\n|-clearnegativeboost|p1a: Aegislash|[silent]\n|turn|1\n|\n|t:|1776361508\n|detailschange|p2b: Gengar|Gengar-Mega, L50, F\n|-mega|p2b: Gengar|Gengar|Gengarite\n|move|p2b: Gengar|Protect|p2b: Gengar\n|-singleturn|p2b: Gengar|Protect\n|move|p1a: Aegislash|King's Shield|p1a: Aegislash\n|-singleturn|p1a: Aegislash|Protect\n|move|p2a: Incineroar|Fake Out|p1b: Whimsicott\n|-damage|p1b: Whimsicott|89/100\n|cant|p1b: Whimsicott|flinch\n|\n|upkeep\n|turn|2\n|inactive|Moodkeepz has 30 seconds left.\n|\n|t:|1776361535\n|switch|p2b: Sableye|Sableye, L50, F|100/100\n|move|p1b: Whimsicott|Tailwind|p1b: Whimsicott\n|-sidestart|p1: henitusec|move: Tailwind\n|-formechange|p1a: Aegislash|Aegislash-Blade|\n|move|p1a: Aegislash|Poltergeist|p2b: Sableye\n|-activate|p2b: Sableye|move: Poltergeist|Focus Sash\n|-crit|p2b: Sableye\n|-damage|p2b: Sableye|20/100\n|move|p2a: Incineroar|Throat Chop|p1a: Aegislash\n|-supereffective|p1a: Aegislash|1\n|-damage|p1a: Aegislash|0 fnt\n|faint|p1a: Aegislash\n|\n|upkeep\n|\n|t:|1776361552\n|switch|p1a: Tauros|Tauros-Paldea-Aqua, L50, M|100/100\n|-ability|p1a: Tauros|Intimidate|boost\n|-unboost|p2a: Incineroar|atk|1\n|-unboost|p2b: Sableye|atk|1\n|turn|3\n|\n|t:|1776361569\n|move|p1b: Whimsicott|Light Screen|p1b: Whimsicott\n|-sidestart|p1: henitusec|move: Light Screen\n|move|p2b: Sableye|Encore|p1b: Whimsicott\n|-start|p1b: Whimsicott|Encore\n|-enditem|p1b: Whimsicott|Mental Herb\n|-end|p1b: Whimsicott|Encore\n|move|p1a: Tauros|Wave Crash|p2a: Incineroar\n|-supereffective|p2a: Incineroar|1\n|-damage|p2a: Incineroar|0 fnt\n|faint|p2a: Incineroar\n|-damage|p1a: Tauros|63/100|[from] Recoil\n|\n|upkeep\n|\n|t:|1776361585\n|switch|p2a: Gengar|Gengar-Mega, L50, F|100/100\n|turn|4\n|inactive|henitusec has 30 seconds left.\n|inactive|henitusec has 20 seconds left.\n|inactive|henitusec has 15 seconds left.\n|\n|t:|1776361630\n|switch|p2b: Sinistcha|Sinistcha, L50|100/100\n|move|p1b: Whimsicott|Cotton Guard|p1b: Whimsicott\n|-boost|p1b: Whimsicott|def|3\n|move|p1a: Tauros|Aqua Jet|p2b: Sinistcha\n|-resisted|p2b: Sinistcha|1\n|-damage|p2b: Sinistcha|92/100\n|move|p2a: Gengar|Perish Song|p2a: Gengar\n|-start|p1a: Tauros|perish3|[silent]\n|-start|p1b: Whimsicott|perish3|[silent]\n|-start|p2a: Gengar|perish3|[silent]\n|-start|p2b: Sinistcha|perish3|[silent]\n|-fieldactivate|move: Perish Song\n|\n|-heal|p2b: Sinistcha|98/100|[from] item: Leftovers\n|-start|p1b: Whimsicott|perish3\n|-start|p1a: Tauros|perish3\n|-start|p2a: Gengar|perish3\n|-start|p2b: Sinistcha|perish3\n|upkeep\n|turn|5\n|inactive|Moodkeepz has 30 seconds left.\n|inactive|Moodkeepz has 20 seconds left.\n|\n|t:|1776361670\n|move|p2a: Gengar|Protect|p2a: Gengar\n|-singleturn|p2a: Gengar|Protect\n|move|p1b: Whimsicott|Encore|p2a: Gengar\n|-activate|p2a: Gengar|move: Protect\n|move|p1a: Tauros|Wave Crash|p2a: Gengar\n|-activate|p2a: Gengar|move: Protect\n|move|p2b: Sinistcha|Matcha Gotcha|p1b: Whimsicott|[spread] p1a,p1b\n|-supereffective|p1a: Tauros|1\n|-resisted|p1b: Whimsicott|1\n|-damage|p1a: Tauros|21/100\n|-heal|p2b: Sinistcha|100/100|[from] drain|[of] p1a: Tauros\n|-damage|p1b: Whimsicott|79/100\n|\n|-start|p1b: Whimsicott|perish2\n|-start|p1a: Tauros|perish2\n|-start|p2a: Gengar|perish2\n|-start|p2b: Sinistcha|perish2\n|-sideend|p1: henitusec|move: Tailwind\n|upkeep\n|turn|6\n|inactive|Moodkeepz has 30 seconds left.\n|inactive|Moodkeepz has 20 seconds left.\n|inactive|Moodkeepz has 15 seconds left.\n|\n|t:|1776361710\n|move|p2a: Gengar|Protect||[still]\n|-fail|p2a: Gengar\n|move|p1b: Whimsicott|Encore|p2b: Sinistcha\n|-start|p2b: Sinistcha|Encore\n|move|p1a: Tauros|Wave Crash|p2a: Gengar\n|-damage|p2a: Gengar|14/100\n|-damage|p1a: Tauros|0 fnt|[from] Recoil\n|faint|p1a: Tauros\n|move|p2b: Sinistcha|Matcha Gotcha|p1b: Whimsicott\n|-resisted|p1b: Whimsicott|1\n|-damage|p1b: Whimsicott|65/100\n|\n|-start|p1b: Whimsicott|perish1\n|-start|p2a: Gengar|perish1\n|-start|p2b: Sinistcha|perish1\n|upkeep\n|\n|t:|1776361723\n|switch|p1a: Gardevoir|Gardevoir, L50, F, shiny|100/100\n|-ability|p1a: Gardevoir|Hospitality|Trace|[from] ability: Trace|[of] p2b: Sinistcha\n|-heal|p1b: Whimsicott|89/100|[from] ability: Hospitality|[of] p1a: Gardevoir\n|turn|7\n|\n|t:|1776361737\n|switch|p2a: Sableye|Sableye, L50, F|20/100\n|detailschange|p1a: Gardevoir|Gardevoir-Mega, L50, F, shiny\n|-mega|p1a: Gardevoir|Gardevoir|Gardevoirite\n|move|p1b: Whimsicott|Tailwind|p1b: Whimsicott\n|-sidestart|p1: henitusec|move: Tailwind\n|move|p1a: Gardevoir|Hyper Voice|p2a: Sableye|[spread] p2a,p2b\n|-supereffective|p2a: Sableye|1\n|-crit|p2a: Sableye\n|-damage|p2a: Sableye|0 fnt\n|-damage|p2b: Sinistcha|58/100\n|faint|p2a: Sableye\n|move|p2b: Sinistcha|Matcha Gotcha|p1a: Gardevoir|[spread] p1a,p1b\n|-resisted|p1b: Whimsicott|1\n|-damage|p1a: Gardevoir|87/100\n|-heal|p2b: Sinistcha|65/100|[from] drain|[of] p1a: Gardevoir\n|-damage|p1b: Whimsicott|80/100\n|-heal|p2b: Sinistcha|69/100|[from] drain|[of] p1b: Whimsicott\n|\n|-heal|p2b: Sinistcha|75/100|[from] item: Leftovers\n|-start|p1b: Whimsicott|perish0\n|-start|p2b: Sinistcha|perish0\n|-sideend|p1: henitusec|move: Light Screen\n|faint|p1b: Whimsicott\n|faint|p2b: Sinistcha\n|upkeep\n|\n|t:|1776361761\n|switch|p2b: Gengar|Gengar-Mega, L50, F|14/100\n|turn|8\n|-message|Moodkeepz forfeited.\n|\n|win|henitusec\n|raw|henitusec's rating: 1128 &rarr; <strong>1154</strong><br />(+26 for winning)\n|raw|Moodkeepz's rating: 1141 &rarr; <strong>1115</strong><br />(-26 for losing)\n|l|\u2606Moodkeepz\n|player|p2|\n",
  "uploadtime": 1776361776,
  "views": 23,
  "formatid": "gen9championsvgc2026regma",
  "rating": 1115,
  "private": 0,
  "password": null
}