{
  "id": "gen9championsvgc2026regma-2583456965",
  "format": "[Gen 9 Champions] VGC 2026 Reg M-A",
  "players": [
    "yodagirlxx9",
    "Hedgehogwarrior"
  ],
  "log": "|j|\u2606yodagirlxx9\n|j|\u2606Hedgehogwarrior\n|t:|1776176869\n|gametype|doubles\n|player|p1|yodagirlxx9|1|1101\n|player|p2|Hedgehogwarrior|102|1091\n|gen|9\n|tier|[Gen 9 Champions] VGC 2026 Reg M-A\n|rated|\n|rule|Species Clause: Limit one of each Pok\u00e9mon\n|rule|Item Clause: Limit 1 of each item\n|clearpoke\n|poke|p1|Greninja-*, L50, F|\n|poke|p1|Talonflame, L50, F|\n|poke|p1|Pelipper, L50, F|\n|poke|p1|Kingambit, L50, F|\n|poke|p1|Tauros-Paldea-Aqua, L50, M|\n|poke|p1|Archaludon, L50, M|\n|poke|p2|Steelix, L50, F|\n|poke|p2|Tyranitar, L50, F|\n|poke|p2|Alakazam, L50, F|\n|poke|p2|Sinistcha, L50|\n|poke|p2|Orthworm, L50, M|\n|poke|p2|Talonflame, L50, M|\n|teampreview|4\n|inactive|Battle timer is ON: inactive players will automatically lose when time's up. (requested by yodagirlxx9)\nyodagirlxx9 has agreed to open team sheets.\n|\n|t:|1776176895\n|teamsize|p1|4\n|teamsize|p2|4\n|start\n|switch|p1a: Greninja|Greninja, L50, F|100/100\n|switch|p1b: Talonflame|Talonflame, L50, F|100/100\n|switch|p2a: Steelix|Steelix, L50, F|100/100\n|switch|p2b: Orthworm|Orthworm, L50, M|100/100\n|turn|1\n|inactive|yodagirlxx9 has 30 seconds left.\n|\n|t:|1776176924\n|switch|p1b: Pelipper|Pelipper, L50, F|100/100\n|-weather|RainDance|[from] ability: Drizzle|[of] p1b: Pelipper\n|switch|p2b: Tyranitar|Tyranitar, L50, F|100/100\n|-weather|Sandstorm|[from] ability: Sand Stream|[of] p2b: Tyranitar\n|detailschange|p2a: Steelix|Steelix-Mega, L50, F\n|-mega|p2a: Steelix|Steelix|Steelixite\n|move|p1a: Greninja|Hydro Pump|p2a: Steelix|[miss]\n|-start|p1a: Greninja|typechange|Water|[from] ability: Protean\n|-miss|p1a: Greninja|p2a: Steelix\n|move|p2a: Steelix|Rock Slide|p1a: Greninja|[spread] p1a,p1b\n|-supereffective|p1b: Pelipper|1\n|-damage|p1a: Greninja|59/100\n|-damage|p1b: Pelipper|30/100\n|\n|-weather|Sandstorm|[upkeep]\n|-damage|p1b: Pelipper|24/100|[from] Sandstorm\n|-damage|p1a: Greninja|53/100|[from] Sandstorm\n|upkeep\n|turn|2\n|inactive|yodagirlxx9 has 30 seconds left.\n|inactive|Hedgehogwarrior has 30 seconds left.\n|inactive|Hedgehogwarrior has 20 seconds left.\n|inactive|Hedgehogwarrior has 15 seconds left.\n|inactive|Hedgehogwarrior has 10 seconds left.\n|\n|t:|1776176973\n|detailschange|p1a: Greninja|Greninja-Mega, L50, F\n|-mega|p1a: Greninja|Greninja|Greninjite\n|move|p1a: Greninja|Hydro Pump|p2b: Tyranitar\n|-start|p1a: Greninja|typechange|Water|[from] ability: Protean\n|-supereffective|p2b: Tyranitar|1\n|-damage|p2b: Tyranitar|30/100\n|move|p1b: Pelipper|U-turn|p2b: Tyranitar\n|-supereffective|p2b: Tyranitar|1\n|-crit|p2b: Tyranitar\n|-damage|p2b: Tyranitar|13/100\n|\n|t:|1776176986\n|switch|p1b: Tauros|Tauros-Paldea-Aqua, L50, M|100/100|[from] U-turn\n|-ability|p1b: Tauros|Intimidate|boost\n|-unboost|p2a: Steelix|atk|1\n|-unboost|p2b: Tyranitar|atk|1\n|move|p2b: Tyranitar|Thunder Punch|p1a: Greninja\n|-supereffective|p1a: Greninja|1\n|-damage|p1a: Greninja|13/100\n|move|p2a: Steelix|Rock Slide|p1a: Greninja|[spread] p1a\n|-miss|p2a: Steelix|p1b: Tauros\n|-damage|p1a: Greninja|0 fnt\n|faint|p1a: Greninja\n|\n|-weather|Sandstorm|[upkeep]\n|-damage|p1b: Tauros|94/100|[from] Sandstorm\n|upkeep\n|\n|t:|1776177000\n|switch|p1a: Pelipper|Pelipper, L50, F|24/100\n|-weather|RainDance|[from] ability: Drizzle|[of] p1a: Pelipper\n|turn|3\n|\n|t:|1776177012\n|switch|p2a: Sinistcha|Sinistcha, L50|100/100\n|-heal|p2b: Tyranitar|37/100|[from] ability: Hospitality|[of] p2a: Sinistcha\n|move|p1a: Pelipper|Weather Ball|p2b: Tyranitar\n|-supereffective|p2b: Tyranitar|1\n|-damage|p2b: Tyranitar|0 fnt\n|faint|p2b: Tyranitar\n|move|p1b: Tauros|Wave Crash|p2a: Sinistcha\n|-resisted|p2a: Sinistcha|1\n|-damage|p2a: Sinistcha|61/100\n|-damage|p1b: Tauros|82/100|[from] Recoil\n|\n|-weather|RainDance|[upkeep]\n|-heal|p2a: Sinistcha|67/100|[from] item: Leftovers\n|upkeep\n|\n|t:|1776177027\n|switch|p2b: Orthworm|Orthworm, L50, M|100/100\n|turn|4\n|\n|t:|1776177038\n|switch|p1a: Talonflame|Talonflame, L50, F|100/100\n|move|p1b: Tauros|Close Combat|p2b: Orthworm\n|-supereffective|p2b: Orthworm|1\n|-damage|p2b: Orthworm|26/100\n|-unboost|p1b: Tauros|def|1\n|-unboost|p1b: Tauros|spd|1\n|-enditem|p2b: Orthworm|Sitrus Berry|[eat]\n|-heal|p2b: Orthworm|51/100|[from] item: Sitrus Berry\n|move|p2b: Orthworm|Stealth Rock|p1b: Tauros\n|-sidestart|p1: yodagirlxx9|move: Stealth Rock\n|move|p2a: Sinistcha|Trick Room|p2a: Sinistcha\n|-fieldstart|move: Trick Room|[of] p2a: Sinistcha\n|\n|-weather|RainDance|[upkeep]\n|-heal|p2a: Sinistcha|74/100|[from] item: Leftovers\n|upkeep\n|turn|5\n|\n|t:|1776177061\n|move|p1a: Talonflame|Brave Bird|p2a: Sinistcha\n|-supereffective|p2a: Sinistcha|1\n|-crit|p2a: Sinistcha\n|-damage|p2a: Sinistcha|0 fnt\n|faint|p2a: Sinistcha\n|-damage|p1a: Talonflame|73/100|[from] Recoil\n|move|p2b: Orthworm|Smack Down|p1a: Talonflame\n|-supereffective|p1a: Talonflame|2\n|-damage|p1a: Talonflame|8/100\n|-start|p1a: Talonflame|Smack Down\n|move|p1b: Tauros|Close Combat|p2b: Orthworm\n|-supereffective|p2b: Orthworm|1\n|-damage|p2b: Orthworm|0 fnt\n|-unboost|p1b: Tauros|def|1\n|-unboost|p1b: Tauros|spd|1\n|faint|p2b: Orthworm\n|\n|-weather|RainDance|[upkeep]\n|upkeep\n|\n|t:|1776177080\n|switch|p2a: Steelix|Steelix-Mega, L50, F|100/100\n|turn|6\n|c|\u2606yodagirlxx9|how did talonflame move first LMAO\n|inactive|yodagirlxx9 has 30 seconds left.\n|\n|t:|1776177106\n|move|p2a: Steelix|Earthquake|p1a: Talonflame|[spread] p1a,p1b\n|-supereffective|p1a: Talonflame|1\n|-damage|p1a: Talonflame|0 fnt\n|-damage|p1b: Tauros|0 fnt\n|faint|p1a: Talonflame\n|faint|p1b: Tauros\n|\n|-weather|RainDance|[upkeep]\n|upkeep\n|\n|t:|1776177114\n|switch|p1a: Pelipper|Pelipper, L50, F|24/100\n|-damage|p1a: Pelipper|0 fnt|[from] Stealth Rock\n|faint|p1a: Pelipper\n|\n|win|Hedgehogwarrior\n|raw|yodagirlxx9's rating: 1101 &rarr; <strong>1075</strong><br />(-26 for losing)\n|raw|Hedgehogwarrior's rating: 1091 &rarr; <strong>1118</strong><br />(+27 for winning)\n|l|\u2606yodagirlxx9\n|player|p1|\n",
  "uploadtime": 1776177199,
  "views": 20,
  "formatid": "gen9championsvgc2026regma",
  "rating": 1075,
  "private": 0,
  "password": null
}