{
  "id": "gen9championsvgc2026regma-2584857638",
  "format": "[Gen 9 Champions] VGC 2026 Reg M-A",
  "players": [
    "DNS14",
    "Gallon of poo"
  ],
  "log": "|j|\u2606DNS14\n|j|\u2606Gallon of poo\n|t:|1776289161\n|gametype|doubles\n|player|p1|DNS14|giovanni|1091\n|player|p2|Gallon of poo|ghetsis|1151\n|gen|9\n|tier|[Gen 9 Champions] VGC 2026 Reg M-A\n|rated|\n|rule|Species Clause: Limit one of each Pok\u00e9mon\n|rule|Item Clause: Limit 1 of each item\n|clearpoke\n|poke|p1|Meganium, L50, M|\n|poke|p1|Pelipper, L50, M|\n|poke|p1|Archaludon, L50, M|\n|poke|p1|Basculegion, L50, M|\n|poke|p1|Politoed, L50, M|\n|poke|p1|Rotom-Wash, L50|\n|poke|p2|Medicham, L50, M|\n|poke|p2|Talonflame, L50, F|\n|poke|p2|Ninetales, L50, F|\n|poke|p2|Excadrill, L50, M|\n|poke|p2|Hawlucha, L50, M|\n|poke|p2|Glimmora, L50, F|\n|teampreview|4\n|inactive|Battle timer is ON: inactive players will automatically lose when time's up. (requested by DNS14)\n|inactive|DNS14 has 60 seconds left.\n|\n|t:|1776289212\n|teamsize|p1|4\n|teamsize|p2|4\n|start\n|switch|p1a: Politoed|Politoed, L50, M, shiny|100/100\n|switch|p1b: Basculegion|Basculegion, L50, M|100/100\n|switch|p2a: Talonflame|Talonflame, L50, F|100/100\n|switch|p2b: Glimmora|Glimmora, L50, F|100/100\n|-weather|RainDance|[from] ability: Drizzle|[of] p1a: Politoed\n|turn|1\n|\n|t:|1776289228\n|switch|p2b: Ash|Ninetales, L50, F, shiny|100/100\n|-weather|SunnyDay|[from] ability: Drought|[of] p2b: Ash\n|move|p2a: Talonflame|Tailwind|p2a: Talonflame\n|-sidestart|p2: Gallon of poo|move: Tailwind\n|move|p1b: Basculegion|Flip Turn|p2b: Ash\n|-supereffective|p2b: Ash|1\n|-damage|p2b: Ash|34/100\n|\n|t:|1776289238\n|switch|p1b: Meganium|Meganium, L50, M|100/100|[from] Flip Turn\n|move|p1a: Politoed|Muddy Water|p2b: Ash|[spread] \n|-miss|p1a: Politoed|p2a: Talonflame\n|-miss|p1a: Politoed|p2b: Ash\n|\n|-weather|SunnyDay|[upkeep]\n|upkeep\n|turn|2\n|inactive|DNS14 has 30 seconds left.\n|\n|t:|1776289270\n|switch|p2b: Glimmora|Glimmora, L50, F|100/100\n|switch|p1a: Archaludon|Archaludon, L50, M|100/100\n|detailschange|p1b: Meganium|Meganium-Mega, L50, M\n|-mega|p1b: Meganium|Meganium|Meganiumite\n|move|p1b: Meganium|Protect|p1b: Meganium\n|-singleturn|p1b: Meganium|Protect\n|move|p2a: Talonflame|Flare Blitz|p1b: Meganium\n|-activate|p1b: Meganium|move: Protect\n|\n|-weather|SunnyDay|[upkeep]\n|upkeep\n|turn|3\n|\n|t:|1776289286\n|switch|p1a: Politoed|Politoed, L50, M, shiny|100/100\n|-weather|RainDance|[from] ability: Drizzle|[of] p1a: Politoed\n|detailschange|p2b: Glimmora|Glimmora-Mega, L50, F\n|-mega|p2b: Glimmora|Glimmora|Glimmoranite\n|move|p2a: Talonflame|Acrobatics|p1b: Meganium\n|-supereffective|p1b: Meganium|1\n|-damage|p1b: Meganium|11/100\n|move|p2b: Glimmora|Earth Power|p1a: Politoed\n|-damage|p1a: Politoed|73/100\n|move|p1b: Meganium|Weather Ball|p2a: Talonflame\n|-resisted|p2a: Talonflame|1\n|-damage|p2a: Talonflame|55/100\n|\n|-weather|RainDance|[upkeep]\n|upkeep\n|turn|4\n|inactive|DNS14 has 30 seconds left.\n|inactive|DNS14 has 20 seconds left.\n|inactive|DNS14 has 15 seconds left.\n|\n|t:|1776289329\n|switch|p1b: Archaludon|Archaludon, L50, M|100/100\n|move|p2a: Talonflame|Acrobatics|p1b: Archaludon\n|-resisted|p1b: Archaludon|1\n|-damage|p1b: Archaludon|84/100\n|move|p2b: Glimmora|Power Gem|p1a: Politoed\n|-damage|p1a: Politoed|27/100\n|-enditem|p1a: Politoed|Sitrus Berry|[eat]\n|-heal|p1a: Politoed|52/100|[from] item: Sitrus Berry\n|move|p1a: Politoed|Muddy Water|p2a: Talonflame|[spread] p2a\n|-miss|p1a: Politoed|p2b: Glimmora\n|-supereffective|p2a: Talonflame|1\n|-damage|p2a: Talonflame|0 fnt\n|faint|p2a: Talonflame\n|\n|-weather|RainDance|[upkeep]\n|-sideend|p2: Gallon of poo|move: Tailwind\n|upkeep\n|\n|t:|1776289346\n|switch|p2a: Kamina|Excadrill, L50, M, shiny|100/100\n|turn|5\n|\n|t:|1776289356\n|move|p1a: Politoed|Protect|p1a: Politoed\n|-singleturn|p1a: Politoed|Protect\n|move|p2b: Glimmora|Sludge Bomb|p1a: Politoed\n|-activate|p1a: Politoed|move: Protect\n|move|p2a: Kamina|High Horsepower|p1b: Archaludon|[miss]\n|-miss|p2a: Kamina|p1b: Archaludon\n|move|p1b: Archaludon|Flash Cannon|p2b: Glimmora\n|-supereffective|p2b: Glimmora|1\n|-damage|p2b: Glimmora|10/100\n|\n|-weather|RainDance|[upkeep]\n|upkeep\n|turn|6\n|inactive|DNS14 has 30 seconds left.\n|inactive|DNS14 has 20 seconds left.\n|inactive|DNS14 has 15 seconds left.\n|inactive|DNS14 has 10 seconds left.\n|\n|t:|1776289401\n|move|p2b: Glimmora|Sludge Bomb|p1a: Politoed\n|-damage|p1a: Politoed|0 fnt\n|faint|p1a: Politoed\n|move|p2a: Kamina|High Horsepower|p1b: Archaludon\n|-supereffective|p1b: Archaludon|1\n|-damage|p1b: Archaludon|7/100\n|move|p1b: Archaludon|Dragon Pulse|p2b: Glimmora\n|-damage|p2b: Glimmora|0 fnt\n|faint|p2b: Glimmora\n|\n|-weather|RainDance|[upkeep]\n|upkeep\n|\n|t:|1776289408\n|switch|p2b: Ash|Ninetales, L50, F, shiny|34/100\n|switch|p1a: Basculegion|Basculegion, L50, M|100/100\n|-weather|SunnyDay|[from] ability: Drought|[of] p2b: Ash\n|turn|7\n|inactive|DNS14 has 30 seconds left.\n|\n|t:|1776289436\n|move|p2a: Kamina|Protect|p2a: Kamina\n|-singleturn|p2a: Kamina|Protect\n|move|p1a: Basculegion|Wave Crash|p2a: Kamina\n|-activate|p2a: Kamina|move: Protect\n|move|p2b: Ash|Flame Charge|p1b: Archaludon\n|-damage|p1b: Archaludon|0 fnt\n|-boost|p2b: Ash|spe|1\n|faint|p1b: Archaludon\n|\n|-weather|SunnyDay|[upkeep]\n|upkeep\n|\n|t:|1776289445\n|switch|p1b: Meganium|Meganium-Mega, L50, M|11/100\n|turn|8\n|\n|t:|1776289458\n|move|p2b: Ash|Flame Charge|p1b: Meganium\n|-supereffective|p1b: Meganium|1\n|-damage|p1b: Meganium|0 fnt\n|-boost|p2b: Ash|spe|1\n|faint|p1b: Meganium\n|move|p1a: Basculegion|Wave Crash|p2a: Kamina\n|-supereffective|p2a: Kamina|1\n|-damage|p2a: Kamina|0 fnt\n|faint|p2a: Kamina\n|-damage|p1a: Basculegion|69/100|[from] Recoil\n|\n|-weather|SunnyDay|[upkeep]\n|upkeep\n|turn|9\n|\n|t:|1776289463\n|move|p2b: Ash|Flare Blitz|p1a: Basculegion\n|-resisted|p1a: Basculegion|1\n|-crit|p1a: Basculegion\n|-damage|p1a: Basculegion|0 fnt\n|faint|p1a: Basculegion\n|-damage|p2b: Ash|4/100|[from] Recoil\n|\n|win|Gallon of poo\n|raw|DNS14's rating: 1091 &rarr; <strong>1071</strong><br />(-20 for losing)\n|raw|Gallon of poo's rating: 1151 &rarr; <strong>1172</strong><br />(+21 for winning)\n|l|\u2606DNS14\n|player|p1|\n",
  "uploadtime": 1776289469,
  "views": 20,
  "formatid": "gen9championsvgc2026regma",
  "rating": 1071,
  "private": 0,
  "password": null
}