{
  "id": "gen9championsvgc2026regma-2588360898",
  "format": "[Gen 9 Champions] VGC 2026 Reg M-A",
  "players": [
    "importarcade",
    "isovor"
  ],
  "log": "|j|\u2606importarcade\n|j|\u2606isovor\n|t:|1776627118\n|gametype|doubles\n|player|p1|importarcade|ethan|1000\n|player|p2|isovor|102|1096\n|gen|9\n|tier|[Gen 9 Champions] VGC 2026 Reg M-A\n|rated|\n|rule|Species Clause: Limit one of each Pok\u00e9mon\n|rule|Item Clause: Limit 1 of each item\n|clearpoke\n|poke|p1|Incineroar, L50, M|\n|poke|p1|Corviknight, L50, F|\n|poke|p1|Garchomp, L50, M|\n|poke|p1|Floette-Eternal, L50, F|\n|poke|p1|Sneasler, L50, M|\n|poke|p1|Sinistcha, L50|\n|poke|p2|Floette-Eternal, L50, F|\n|poke|p2|Liepard, L50, F|\n|poke|p2|Aerodactyl, L50, F|\n|poke|p2|Garchomp, L50, M|\n|poke|p2|Kommo-o, L50, F|\n|poke|p2|Delphox, L50, M|\n|teampreview|4\n|\n|t:|1776627161\n|teamsize|p1|4\n|teamsize|p2|4\n|start\n|switch|p1a: Incineroar|Incineroar, L50, M|100/100\n|switch|p1b: Sneasler|Sneasler, L50, M|100/100\n|switch|p2a: Garchomp|Garchomp, L50, M|100/100\n|switch|p2b: Delphox|Delphox, L50, M|100/100\n|-ability|p1b: Sneasler|Pressure\n|-ability|p1a: Incineroar|Intimidate|boost\n|-unboost|p2a: Garchomp|atk|1\n|-unboost|p2b: Delphox|atk|1\n|turn|1\n|\n|t:|1776627180\n|move|p2b: Delphox|Protect|p2b: Delphox\n|-singleturn|p2b: Delphox|Protect\n|move|p1b: Sneasler|Fake Out|p2a: Garchomp\n|-damage|p2a: Garchomp|84/100\n|-damage|p1b: Sneasler|88/100|[from] ability: Rough Skin|[of] p2a: Garchomp\n|cant|p2a: Garchomp|flinch\n|move|p1a: Incineroar|Throat Chop|p2b: Delphox\n|-activate|p2b: Delphox|move: Protect\n|\n|upkeep\n|turn|2\n|\n|t:|1776627218\n|switch|p1b: Floette|Floette-Eternal, L50, F|100/100\n|detailschange|p2b: Delphox|Delphox-Mega, L50, M\n|-mega|p2b: Delphox|Delphox|Delphoxite\n|move|p2b: Delphox|Helping Hand|p2a: Garchomp\n|-singleturn|p2a: Garchomp|Helping Hand|[of] p2b: Delphox\n|move|p2a: Garchomp|Earthquake|p1a: Incineroar|[spread] p1a,p1b\n|-immune|p2b: Delphox|[from] ability: Levitate\n|-supereffective|p1a: Incineroar|1\n|-damage|p1a: Incineroar|32/100\n|-damage|p1b: Floette|42/100\n|move|p1a: Incineroar|Throat Chop|p2b: Delphox\n|-supereffective|p2b: Delphox|1\n|-damage|p2b: Delphox|4/100\n|-start|p2b: Delphox|Throat Chop|[silent]\n|\n|upkeep\n|turn|3\n|\n|t:|1776627264\n|switch|p1a: Sinistcha|Sinistcha, L50|100/100\n|-heal|p1b: Floette|67/100|[from] ability: Hospitality|[of] p1a: Sinistcha\n|detailschange|p1b: Floette|Floette-Mega, L50, F\n|-mega|p1b: Floette|Floette|Floettite\n|-ability|p1b: Floette|Fairy Aura\n|move|p2b: Delphox|Helping Hand|p2a: Garchomp\n|-singleturn|p2a: Garchomp|Helping Hand|[of] p2b: Delphox\n|move|p2a: Garchomp|Earthquake|p1b: Floette|[spread] p1a,p1b\n|-immune|p2b: Delphox|[from] ability: Levitate\n|-resisted|p1a: Sinistcha|1\n|-damage|p1a: Sinistcha|83/100\n|-damage|p1b: Floette|18/100\n|move|p1b: Floette|Draining Kiss|p2a: Garchomp\n|-supereffective|p2a: Garchomp|1\n|-damage|p2a: Garchomp|6/100\n|-heal|p1b: Floette|77/100|[from] drain|[of] p2a: Garchomp\n|-damage|p1b: Floette|65/100|[from] ability: Rough Skin|[of] p2a: Garchomp\n|\n|-end|p2b: Delphox|Throat Chop|[silent]\n|upkeep\n|turn|4\n|\n|t:|1776627297\n|move|p2b: Delphox|Protect|p2b: Delphox\n|-singleturn|p2b: Delphox|Protect\n|move|p1b: Floette|Protect|p1b: Floette\n|-singleturn|p1b: Floette|Protect\n|move|p2a: Garchomp|Earthquake|p1a: Sinistcha|[spread] p1a\n|-activate|p2b: Delphox|move: Protect\n|-activate|p1b: Floette|move: Protect\n|-resisted|p1a: Sinistcha|1\n|-damage|p1a: Sinistcha|71/100\n|move|p1a: Sinistcha|Matcha Gotcha|p2b: Delphox|[spread] p2a\n|-activate|p2b: Delphox|move: Protect\n|-damage|p2a: Garchomp|0 fnt\n|-heal|p1a: Sinistcha|75/100|[from] drain|[of] p2a: Garchomp\n|faint|p2a: Garchomp\n|\n|upkeep\n|\n|t:|1776627307\n|switch|p2a: Aerodactyl|Aerodactyl, L50, F|100/100\n|turn|5\n|\n|t:|1776627334\n|move|p1a: Sinistcha|Rage Powder|p1a: Sinistcha\n|-singleturn|p1a: Sinistcha|move: Rage Powder\n|move|p2b: Delphox|Heat Wave|p1b: Floette|[spread] p1a,p1b\n|-supereffective|p1a: Sinistcha|1\n|-damage|p1a: Sinistcha|0 fnt\n|-damage|p1b: Floette|37/100\n|faint|p1a: Sinistcha\n|move|p2a: Aerodactyl|Tailwind|p2a: Aerodactyl\n|-sidestart|p2: isovor|move: Tailwind\n|move|p1b: Floette|Draining Kiss|p2b: Delphox\n|-resisted|p2b: Delphox|1\n|-damage|p2b: Delphox|0 fnt\n|-heal|p1b: Floette|40/100|[from] drain|[of] p2b: Delphox\n|faint|p2b: Delphox\n|\n|upkeep\n|\n|t:|1776627347\n|switch|p2b: Floette|Floette-Eternal, L50, F|100/100\n|switch|p1a: Incineroar|Incineroar, L50, M|32/100\n|-ability|p1a: Incineroar|Intimidate|boost\n|-unboost|p2a: Aerodactyl|atk|1\n|-unboost|p2b: Floette|atk|1\n|turn|6\n|\n|t:|1776627373\n|move|p2a: Aerodactyl|Protect|p2a: Aerodactyl\n|-singleturn|p2a: Aerodactyl|Protect\n|move|p2b: Floette|Protect|p2b: Floette\n|-singleturn|p2b: Floette|Protect\n|move|p1a: Incineroar|Fake Out|p2b: Floette\n|-activate|p2b: Floette|move: Protect\n|move|p1b: Floette|Draining Kiss|p2a: Aerodactyl\n|-activate|p2a: Aerodactyl|move: Protect\n|\n|upkeep\n|turn|7\n|\n|t:|1776627409\n|move|p2a: Aerodactyl|Rock Slide|p1a: Incineroar|[spread] p1a,p1b\n|-supereffective|p1a: Incineroar|1\n|-damage|p1a: Incineroar|4/100\n|-damage|p1b: Floette|21/100\n|move|p2b: Floette|Dazzling Gleam|p1a: Incineroar|[spread] p1a,p1b\n|-damage|p1a: Incineroar|0 fnt\n|-damage|p1b: Floette|0 fnt\n|faint|p1a: Incineroar\n|faint|p1b: Floette\n|\n|upkeep\n|\n|t:|1776627421\n|switch|p1b: Sneasler|Sneasler, L50, M|88/100\n|-ability|p1b: Sneasler|Pressure\n|turn|8\n|\n|t:|1776627430\n|move|p2a: Aerodactyl|Rock Slide|p1b: Sneasler\n|-resisted|p1b: Sneasler|1\n|-damage|p1b: Sneasler|69/100\n|move|p2b: Floette|Moonblast|p1b: Sneasler\n|-damage|p1b: Sneasler|2/100\n|move|p1b: Sneasler|Dire Claw|p2b: Floette\n|-supereffective|p2b: Floette|1\n|-damage|p2b: Floette|0 fnt\n|faint|p2b: Floette\n|\n|-sideend|p2: isovor|move: Tailwind\n|upkeep\n|turn|9\n|\n|t:|1776627447\n|move|p2a: Aerodactyl|Rock Slide|p1b: Sneasler\n|-resisted|p1b: Sneasler|1\n|-damage|p1b: Sneasler|0 fnt\n|faint|p1b: Sneasler\n|\n|win|isovor\n|raw|importarcade's rating: 1000 &rarr; <strong>1000</strong><br />(+0 for losing)\n|raw|isovor's rating: 1096 &rarr; <strong>1115</strong><br />(+19 for winning)\n|l|\u2606isovor\n|player|p2|\n",
  "uploadtime": 1776627477,
  "views": 25,
  "formatid": "gen9championsvgc2026regma",
  "rating": 1000,
  "private": 0,
  "password": null
}