{
  "id": "gen9championsvgc2026regma-2580997977",
  "format": "[Gen 9 Champions] VGC 2026 Reg M-A",
  "players": [
    "Specs Guillotine",
    "Burner Accnt"
  ],
  "log": "|j|\u2606Specs Guillotine\n|j|\u2606Burner Accnt\n|t:|1775950284\n|gametype|doubles\n|player|p1|Specs Guillotine|265|1084\n|player|p2|Burner Accnt|bugcatcher-gen1|1050\n|gen|9\n|tier|[Gen 9 Champions] VGC 2026 Reg M-A\n|rated|\n|rule|Species Clause: Limit one of each Pok\u00e9mon\n|rule|Item Clause: Limit 1 of each item\n|clearpoke\n|poke|p1|Arcanine, L50, F|\n|poke|p1|Froslass, L50, F|\n|poke|p1|Primarina, L50, M|\n|poke|p1|Kommo-o, L50, F|\n|poke|p1|Sinistcha, L50|\n|poke|p1|Aerodactyl, L50, M|\n|poke|p2|Skarmory, L50, F|\n|poke|p2|Tyranitar, L50, F|\n|poke|p2|Excadrill, L50, M|\n|poke|p2|Milotic, L50, F|\n|poke|p2|Rotom-Heat, L50|\n|poke|p2|Sinistcha, L50|\n|teampreview|4\n|inactive|Battle timer is ON: inactive players will automatically lose when time's up. (requested by Burner Accnt)\n|\n|t:|1775950332\n|teamsize|p1|4\n|teamsize|p2|4\n|start\n|switch|p1a: Arcanine|Arcanine, L50, F|100/100\n|switch|p1b: Primarina|Primarina, L50, M|100/100\n|switch|p2a: Skarmory|Skarmory, L50, F|100/100\n|switch|p2b: Rotom|Rotom-Heat, L50|100/100\n|-ability|p1a: Arcanine|Intimidate|boost\n|-unboost|p2a: Skarmory|atk|1\n|-unboost|p2b: Rotom|atk|1\n|turn|1\n|\n|t:|1775950345\n|switch|p2a: Tyranitar|Tyranitar, L50, F|100/100\n|-weather|Sandstorm|[from] ability: Sand Stream|[of] p2a: Tyranitar\n|move|p1b: Primarina|Protect|p1b: Primarina\n|-singleturn|p1b: Primarina|Protect\n|move|p2b: Rotom|Electroweb|p1b: Primarina|[spread] p1a\n|-activate|p1b: Primarina|move: Protect\n|-damage|p1a: Arcanine|74/100\n|-unboost|p1a: Arcanine|spe|1\n|move|p1a: Arcanine|Will-O-Wisp|p2a: Tyranitar\n|-status|p2a: Tyranitar|brn\n|\n|-weather|Sandstorm|[upkeep]\n|-damage|p2b: Rotom|95/100|[from] Sandstorm\n|-damage|p1a: Arcanine|68/100|[from] Sandstorm\n|-damage|p1b: Primarina|95/100|[from] Sandstorm\n|-damage|p2a: Tyranitar|94/100 brn|[from] brn\n|upkeep\n|turn|2\n|inactive|Specs Guillotine has 30 seconds left.\n|inactive|Specs Guillotine has 20 seconds left.\n|inactive|Specs Guillotine has 15 seconds left.\n|\n|t:|1775950388\n|switch|p1a: Froslass|Froslass, L50, F|100/100\n|move|p2b: Rotom|Electroweb|p1b: Primarina|[spread] p1a,p1b\n|-supereffective|p1b: Primarina|1\n|-damage|p1a: Froslass|71/100\n|-damage|p1b: Primarina|61/100\n|-unboost|p1a: Froslass|spe|1\n|-unboost|p1b: Primarina|spe|1\n|move|p2a: Tyranitar|Rock Slide|p1b: Primarina|[spread] p1a,p1b\n|-supereffective|p1a: Froslass|1\n|-damage|p1a: Froslass|19/100\n|-damage|p1b: Primarina|44/100\n|cant|p1b: Primarina|flinch\n|\n|-weather|Sandstorm|[upkeep]\n|-damage|p2b: Rotom|89/100|[from] Sandstorm\n|-damage|p1a: Froslass|13/100|[from] Sandstorm\n|-damage|p1b: Primarina|38/100|[from] Sandstorm\n|-damage|p2a: Tyranitar|88/100 brn|[from] brn\n|upkeep\n|turn|3\n|\n|t:|1775950408\n|switch|p1a: Sinistcha|Sinistcha, L50|100/100\n|-heal|p1b: Primarina|63/100|[from] ability: Hospitality|[of] p1a: Sinistcha\n|move|p2b: Rotom|Electroweb|p1b: Primarina|[spread] p1a,p1b\n|-resisted|p1a: Sinistcha|1\n|-supereffective|p1b: Primarina|1\n|-damage|p1a: Sinistcha|89/100\n|-damage|p1b: Primarina|25/100\n|-unboost|p1a: Sinistcha|spe|1\n|-unboost|p1b: Primarina|spe|1\n|move|p2a: Tyranitar|Rock Slide|p1a: Sinistcha|[spread] p1a,p1b\n|-damage|p1a: Sinistcha|75/100\n|-damage|p1b: Primarina|7/100\n|move|p1b: Primarina|Hyper Voice|p2b: Rotom|[spread] p2a,p2b\n|-supereffective|p2a: Tyranitar|1\n|-supereffective|p2b: Rotom|1\n|-damage|p2a: Tyranitar|39/100 brn\n|-damage|p2b: Rotom|0 fnt\n|faint|p2b: Rotom\n|\n|-weather|Sandstorm|[upkeep]\n|-damage|p1a: Sinistcha|69/100|[from] Sandstorm\n|-damage|p1b: Primarina|1/100|[from] Sandstorm\n|-damage|p2a: Tyranitar|33/100 brn|[from] brn\n|upkeep\n|\n|t:|1775950429\n|switch|p2b: Skarmory|Skarmory, L50, F|100/100\n|turn|4\n|\n|t:|1775950446\n|detailschange|p2b: Skarmory|Skarmory-Mega, L50, F\n|-mega|p2b: Skarmory|Skarmory|Skarmorite\n|move|p2b: Skarmory|Rock Slide|p1b: Primarina|[spread] p1a,p1b\n|-damage|p1a: Sinistcha|52/100\n|-damage|p1b: Primarina|0 fnt\n|faint|p1b: Primarina\n|move|p2a: Tyranitar|Rock Slide|p1a: Sinistcha\n|-damage|p1a: Sinistcha|35/100\n|cant|p1a: Sinistcha|flinch\n|\n|-weather|Sandstorm|[upkeep]\n|-damage|p1a: Sinistcha|29/100|[from] Sandstorm\n|-damage|p2a: Tyranitar|27/100 brn|[from] brn\n|upkeep\n|\n|t:|1775950457\n|switch|p1b: Froslass|Froslass, L50, F|13/100\n|turn|5\n|\n|t:|1775950476\n|detailschange|p1b: Froslass|Froslass-Mega, L50, F\n|-mega|p1b: Froslass|Froslass|Froslassite\n|-weather|Snowscape|[from] ability: Snow Warning|[of] p1b: Froslass\n|move|p1b: Froslass|Aurora Veil|p1b: Froslass\n|-sidestart|p1: Specs Guillotine|move: Aurora Veil\n|move|p2b: Skarmory|Brave Bird|p1a: Sinistcha\n|-supereffective|p1a: Sinistcha|1\n|-damage|p1a: Sinistcha|0 fnt\n|faint|p1a: Sinistcha\n|-damage|p2b: Skarmory|89/100|[from] Recoil\n|move|p2a: Tyranitar|Knock Off|p1b: Froslass\n|-supereffective|p1b: Froslass|1\n|-damage|p1b: Froslass|0 fnt\n|faint|p1b: Froslass\n|\n|-weather|Snowscape|[upkeep]\n|-damage|p2a: Tyranitar|21/100 brn|[from] brn\n|upkeep\n|\n|t:|1775950482\n|switch|p1b: Arcanine|Arcanine, L50, F|68/100\n|-ability|p1b: Arcanine|Intimidate|boost\n|-unboost|p2a: Tyranitar|atk|1\n|-unboost|p2b: Skarmory|atk|1\n|turn|6\n|\n|t:|1775950496\n|switch|p2b: Sinistcha|Sinistcha, L50|100/100\n|-heal|p2a: Tyranitar|46/100 brn|[from] ability: Hospitality|[of] p2b: Sinistcha\n|move|p1b: Arcanine|Flare Blitz|p2b: Sinistcha\n|-supereffective|p2b: Sinistcha|1\n|-damage|p2b: Sinistcha|5/100\n|-enditem|p2b: Sinistcha|Sitrus Berry|[eat]\n|-heal|p2b: Sinistcha|30/100|[from] item: Sitrus Berry\n|-damage|p1b: Arcanine|35/100|[from] Recoil\n|-enditem|p1b: Arcanine|Sitrus Berry|[eat]\n|-heal|p1b: Arcanine|60/100|[from] item: Sitrus Berry\n|move|p2a: Tyranitar|Rock Slide|p1b: Arcanine\n|-supereffective|p1b: Arcanine|1\n|-damage|p1b: Arcanine|39/100\n|\n|-weather|Snowscape|[upkeep]\n|-damage|p2a: Tyranitar|39/100 brn|[from] brn\n|upkeep\n|turn|7\n|-message|Specs Guillotine forfeited.\n|\n|win|Burner Accnt\n|raw|Specs Guillotine's rating: 1084 &rarr; <strong>1059</strong><br />(-25 for losing)\n|raw|Burner Accnt's rating: 1050 &rarr; <strong>1086</strong><br />(+36 for winning)\n|l|\u2606Specs Guillotine\n|player|p1|\n",
  "uploadtime": 1775950514,
  "views": 27,
  "formatid": "gen9championsvgc2026regma",
  "rating": 1059,
  "private": 0,
  "password": null
}