{
  "id": "gen9championsvgc2026regma-2584213910",
  "format": "[Gen 9 Champions] VGC 2026 Reg M-A",
  "players": [
    "Geistvgctest",
    "mafiakitty"
  ],
  "log": "|j|\u2606Geistvgctest\n|j|\u2606mafiakitty\n|t:|1776239025\n|gametype|doubles\n|player|p1|Geistvgctest|acetrainerf|1188\n|player|p2|mafiakitty|265|1275\n|gen|9\n|tier|[Gen 9 Champions] VGC 2026 Reg M-A\n|rated|\n|rule|Species Clause: Limit one of each Pok\u00e9mon\n|rule|Item Clause: Limit 1 of each item\n|clearpoke\n|poke|p1|Charizard, L50, M|\n|poke|p1|Garchomp, L50, F|\n|poke|p1|Sneasler, L50, F|\n|poke|p1|Whimsicott, L50, F|\n|poke|p1|Aegislash, L50, M|\n|poke|p1|Milotic, L50, M|\n|poke|p2|Hawlucha, L50, F|\n|poke|p2|Krookodile, L50, M|\n|poke|p2|Vanilluxe, L50, F|\n|poke|p2|Kingambit, L50, M|\n|poke|p2|Sableye, L50, F|\n|poke|p2|Snorlax, L50, F|\n|teampreview|4\n|inactive|Battle timer is ON: inactive players will automatically lose when time's up. (requested by mafiakitty)\n|\n|t:|1776239084\n|teamsize|p1|4\n|teamsize|p2|4\n|start\n|switch|p1a: Sneasler|Sneasler, L50, F|100/100\n|switch|p1b: Charizard|Charizard, L50, M, shiny|100/100\n|switch|p2a: Sableye|Sableye, L50, F|100/100\n|switch|p2b: Krookodile|Krookodile, L50, M, shiny|100/100\n|-ability|p2b: Krookodile|Intimidate|boost\n|-unboost|p1a: Sneasler|atk|1\n|-unboost|p1b: Charizard|atk|1\n|-enditem|p1a: Sneasler|White Herb\n|-clearnegativeboost|p1a: Sneasler|[silent]\n|turn|1\n|\n|t:|1776239107\n|move|p1b: Charizard|Protect|p1b: Charizard\n|-singleturn|p1b: Charizard|Protect\n|move|p2a: Sableye|Will-O-Wisp|p1a: Sneasler\n|-status|p1a: Sneasler|brn\n|move|p1a: Sneasler|Coaching|p1b: Charizard\n|-boost|p1b: Charizard|atk|1\n|-boost|p1b: Charizard|def|1\n|move|p2b: Krookodile|Rock Slide|p1b: Charizard|[spread] p1a\n|-activate|p1b: Charizard|move: Protect\n|-resisted|p1a: Sneasler|1\n|-damage|p1a: Sneasler|86/100 brn\n|\n|-damage|p1a: Sneasler|80/100 brn|[from] brn\n|upkeep\n|turn|2\n|inactive|Geistvgctest has 30 seconds left.\n|inactive|Geistvgctest has 20 seconds left.\n|\n|t:|1776239143\n|detailschange|p1b: Charizard|Charizard-Mega-X, L50, M, shiny\n|-mega|p1b: Charizard|Charizard|Charizardite X\n|move|p2a: Sableye|Taunt|p1b: Charizard\n|-start|p1b: Charizard|move: Taunt\n|move|p1a: Sneasler|Coaching|p1b: Charizard\n|-boost|p1b: Charizard|atk|1\n|-boost|p1b: Charizard|def|1\n|move|p2b: Krookodile|Rock Slide|p1b: Charizard|[spread] p1a,p1b\n|-resisted|p1a: Sneasler|1\n|-supereffective|p1b: Charizard|1\n|-damage|p1a: Sneasler|66/100 brn\n|-damage|p1b: Charizard|86/100\n|cant|p1b: Charizard|flinch\n|\n|-damage|p1a: Sneasler|60/100 brn|[from] brn\n|upkeep\n|turn|3\n|inactive|Geistvgctest has 30 seconds left.\n|\n|t:|1776239178\n|move|p2a: Sableye|Taunt|p1a: Sneasler\n|-start|p1a: Sneasler|move: Taunt\n|move|p1a: Sneasler|Close Combat|p2b: Krookodile\n|-supereffective|p2b: Krookodile|1\n|-damage|p2b: Krookodile|43/100\n|-unboost|p1a: Sneasler|def|1\n|-unboost|p1a: Sneasler|spd|1\n|move|p2b: Krookodile|Rock Slide|p1a: Sneasler|[spread] p1b\n|-miss|p2b: Krookodile|p1a: Sneasler\n|-supereffective|p1b: Charizard|1\n|-crit|p1b: Charizard\n|-damage|p1b: Charizard|44/100\n|cant|p1b: Charizard|flinch\n|\n|-damage|p1a: Sneasler|54/100 brn|[from] brn\n|upkeep\n|turn|4\n|inactive|mafiakitty has 30 seconds left.\n|\n|t:|1776239205\n|switch|p2b: Hawlucha|Hawlucha, L50, F, shiny|100/100\n|move|p1a: Sneasler|Close Combat|p2b: Hawlucha\n|-resisted|p2b: Hawlucha|1\n|-damage|p2b: Hawlucha|79/100\n|-unboost|p1a: Sneasler|def|1\n|-unboost|p1a: Sneasler|spd|1\n|move|p1b: Charizard|Fire Punch|p2a: Sableye\n|-damage|p2a: Sableye|0 fnt\n|faint|p2a: Sableye\n|\n|-damage|p1a: Sneasler|48/100 brn|[from] brn\n|-end|p1b: Charizard|move: Taunt\n|upkeep\n|\n|t:|1776239219\n|switch|p2a: Krookodile|Krookodile, L50, M, shiny|43/100\n|-ability|p2a: Krookodile|Intimidate|boost\n|-unboost|p1a: Sneasler|atk|1\n|-unboost|p1b: Charizard|atk|1\n|turn|5\n|\n|t:|1776239238\n|detailschange|p2b: Hawlucha|Hawlucha-Mega, L50, F, shiny\n|-mega|p2b: Hawlucha|Hawlucha|Hawluchanite\n|move|p1a: Sneasler|Close Combat|p2a: Krookodile\n|-supereffective|p2a: Krookodile|1\n|-damage|p2a: Krookodile|0 fnt\n|-unboost|p1a: Sneasler|def|1\n|-unboost|p1a: Sneasler|spd|1\n|faint|p2a: Krookodile\n|move|p2b: Hawlucha|Close Combat|p1b: Charizard\n|-crit|p1b: Charizard\n|-damage|p1b: Charizard|0 fnt\n|-unboost|p2b: Hawlucha|def|1\n|-unboost|p2b: Hawlucha|spd|1\n|faint|p1b: Charizard\n|\n|-damage|p1a: Sneasler|42/100 brn|[from] brn\n|-end|p1a: Sneasler|move: Taunt\n|upkeep\n|\n|t:|1776239256\n|switch|p1b: Garchomp|Garchomp, L50, F|100/100\n|switch|p2a: Vanilluxe|Vanilluxe, L50, F, shiny|100/100\n|-weather|Snowscape|[from] ability: Snow Warning|[of] p2a: Vanilluxe\n|turn|6\n|\n|t:|1776239271\n|move|p1a: Sneasler|Coaching|p1b: Garchomp\n|-boost|p1b: Garchomp|atk|1\n|-boost|p1b: Garchomp|def|1\n|move|p1b: Garchomp|Stone Edge|p2a: Vanilluxe\n|-supereffective|p2a: Vanilluxe|1\n|-damage|p2a: Vanilluxe|21/100\n|move|p2b: Hawlucha|Entrainment|p2a: Vanilluxe\n|-ability|p2a: Vanilluxe|No Guard|Snow Warning|[from] move: Entrainment|[of] p2b: Hawlucha\n|move|p2a: Vanilluxe|Blizzard|p1b: Garchomp|[spread] p1a,p1b\n|-crit|p1a: Sneasler\n|-supereffective|p1b: Garchomp|2\n|-damage|p1a: Sneasler|0 fnt\n|-damage|p1b: Garchomp|0 fnt\n|faint|p1a: Sneasler\n|faint|p1b: Garchomp\n|\n|-weather|Snowscape|[upkeep]\n|upkeep\n|\n|t:|1776239281\n|switch|p1b: Milotic|Milotic, L50, M, shiny|100/100\n|turn|7\n|\n|t:|1776239287\n|move|p2b: Hawlucha|Brave Bird|p1b: Milotic\n|-damage|p1b: Milotic|46/100\n|-damage|p2b: Hawlucha|55/100|[from] Recoil\n|move|p1b: Milotic|Scald|p2a: Vanilluxe\n|-damage|p2a: Vanilluxe|0 fnt\n|faint|p2a: Vanilluxe\n|\n|-weather|Snowscape|[upkeep]\n|-heal|p1b: Milotic|51/100|[from] item: Leftovers\n|upkeep\n|turn|8\n|\n|t:|1776239297\n|move|p1b: Milotic|Protect|p1b: Milotic\n|-singleturn|p1b: Milotic|Protect\n|move|p2b: Hawlucha|Brave Bird|p1b: Milotic\n|-activate|p1b: Milotic|move: Protect\n|\n|-weather|Snowscape|[upkeep]\n|-heal|p1b: Milotic|57/100|[from] item: Leftovers\n|upkeep\n|turn|9\n|\n|t:|1776239307\n|move|p2b: Hawlucha|Brave Bird|p1b: Milotic\n|-damage|p1b: Milotic|2/100\n|-damage|p2b: Hawlucha|31/100|[from] Recoil\n|move|p1b: Milotic|Scald|p2b: Hawlucha\n|-damage|p2b: Hawlucha|0 fnt\n|faint|p2b: Hawlucha\n|\n|win|Geistvgctest\n|raw|Geistvgctest's rating: 1188 &rarr; <strong>1219</strong><br />(+31 for winning)\n|raw|mafiakitty's rating: 1275 &rarr; <strong>1244</strong><br />(-31 for losing)\n|l|\u2606mafiakitty\n|player|p2|\n",
  "uploadtime": 1776239323,
  "views": 38,
  "formatid": "gen9championsvgc2026regma",
  "rating": 1219,
  "private": 0,
  "password": null
}