{
  "id": "gen9championsvgc2026regma-2585222149",
  "format": "[Gen 9 Champions] VGC 2026 Reg M-A",
  "players": [
    "ItzExXoZ",
    "tbplong"
  ],
  "log": "|j|\u2606ItzExXoZ\n|j|\u2606tbplong\n|t:|1776326762\n|gametype|doubles\n|player|p1|ItzExXoZ|101|1099\n|player|p2|tbplong|1|1000\n|gen|9\n|tier|[Gen 9 Champions] VGC 2026 Reg M-A\n|rated|\n|rule|Species Clause: Limit one of each Pok\u00e9mon\n|rule|Item Clause: Limit 1 of each item\n|clearpoke\n|poke|p1|Tyranitar, L50, F|\n|poke|p1|Oranguru, L50, M|\n|poke|p1|Empoleon, L50, M|\n|poke|p1|Arcanine-Hisui, L50, F|\n|poke|p1|Steelix, L50, F|\n|poke|p1|Altaria, L50, M|\n|poke|p2|Gardevoir, L50, F|\n|poke|p2|Primarina, L50, M|\n|poke|p2|Whimsicott, L50, F|\n|poke|p2|Sneasler, L50, M|\n|poke|p2|Arcanine-Hisui, L50, F|\n|poke|p2|Kingambit, L50, M|\n|teampreview|4\ntbplong has agreed to open team sheets.\n|inactive|Battle timer is ON: inactive players will automatically lose when time's up. (requested by ItzExXoZ)\n|inactive|tbplong has 60 seconds left.\n|\n|t:|1776326811\n|teamsize|p1|4\n|teamsize|p2|4\n|start\n|switch|p1a: Tyranitar|Tyranitar, L50, F, shiny|100/100\n|switch|p1b: Arcanine|Arcanine-Hisui, L50, F, shiny|100/100\n|switch|p2a: Whimsicott|Whimsicott, L50, F|100/100\n|switch|p2b: Sneasler|Sneasler, L50, M|100/100\n|-ability|p1b: Arcanine|Intimidate|boost\n|-unboost|p2a: Whimsicott|atk|1\n|-unboost|p2b: Sneasler|atk|1\n|-weather|Sandstorm|[from] ability: Sand Stream|[of] p1a: Tyranitar\n|-enditem|p2b: Sneasler|White Herb\n|-clearnegativeboost|p2b: Sneasler|[silent]\n|turn|1\n|inactive|tbplong has 30 seconds left.\n|inactive|tbplong has 20 seconds left.\n|inactive|tbplong has 15 seconds left.\n|\n|t:|1776326854\n|move|p1a: Tyranitar|Protect|p1a: Tyranitar\n|-singleturn|p1a: Tyranitar|Protect\n|move|p2b: Sneasler|Fake Out|p1b: Arcanine\n|-resisted|p1b: Arcanine|1\n|-damage|p1b: Arcanine|94/100\n|move|p2a: Whimsicott|Tailwind|p2a: Whimsicott\n|-sidestart|p2: tbplong|move: Tailwind\n|cant|p1b: Arcanine|flinch\n|\n|-weather|Sandstorm|[upkeep]\n|-damage|p2b: Sneasler|95/100|[from] Sandstorm\n|-damage|p2a: Whimsicott|95/100|[from] Sandstorm\n|upkeep\n|turn|2\n|inactive|ItzExXoZ has 30 seconds left.\n|\n|t:|1776326883\n|move|p2a: Whimsicott|Encore|p1a: Tyranitar\n|-hint|Since gen 7, Dark is immune to Prankster moves.\n|-immune|p1a: Tyranitar\n|move|p2b: Sneasler|Close Combat|p1a: Tyranitar\n|-supereffective|p1a: Tyranitar|2\n|-damage|p1a: Tyranitar|0 fnt\n|-unboost|p2b: Sneasler|def|1\n|-unboost|p2b: Sneasler|spd|1\n|faint|p1a: Tyranitar\n|move|p1b: Arcanine|Flare Blitz|p2a: Whimsicott\n|-supereffective|p2a: Whimsicott|1\n|-damage|p2a: Whimsicott|0 fnt\n|faint|p2a: Whimsicott\n|-damage|p1b: Arcanine|68/100|[from] Recoil\n|\n|-weather|Sandstorm|[upkeep]\n|-damage|p2b: Sneasler|89/100|[from] Sandstorm\n|upkeep\n|\n|t:|1776326902\n|switch|p2a: Gardevoir|Gardevoir, L50, F|100/100\n|switch|p1a: Oranguru|Oranguru, L50, M, shiny|100/100\n|-ability|p2a: Gardevoir|Telepathy|Trace|[from] ability: Trace|[of] p1a: Oranguru\n|turn|3\n|inactive|tbplong has 30 seconds left.\n|inactive|tbplong has 20 seconds left.\n|inactive|tbplong has 15 seconds left.\n|inactive|tbplong has 10 seconds left.\n|inactive|tbplong has 5 seconds left.\n|\n|t:|1776326957\n|switch|p1b: Steelix|Steelix, L50, F, shiny|100/100\n|move|p2b: Sneasler|Close Combat|p1a: Oranguru\n|-damage|p1a: Oranguru|56/100\n|-unboost|p2b: Sneasler|def|1\n|-unboost|p2b: Sneasler|spd|1\n|move|p2a: Gardevoir|Hyper Voice|p1a: Oranguru|[spread] p1a,p1b\n|-resisted|p1b: Steelix|1\n|-damage|p1a: Oranguru|37/100\n|-damage|p1b: Steelix|89/100\n|move|p1a: Oranguru|Trick Room|p1a: Oranguru\n|-fieldstart|move: Trick Room|[of] p1a: Oranguru\n|\n|-weather|Sandstorm|[upkeep]\n|-damage|p1a: Oranguru|30/100|[from] Sandstorm\n|-damage|p2a: Gardevoir|94/100|[from] Sandstorm\n|-damage|p2b: Sneasler|83/100|[from] Sandstorm\n|upkeep\n|turn|4\n|\n|t:|1776326980\n|detailschange|p1b: Steelix|Steelix-Mega, L50, F, shiny\n|-mega|p1b: Steelix|Steelix|Steelixite\n|move|p2b: Sneasler|Protect|p2b: Sneasler\n|-singleturn|p2b: Sneasler|Protect\n|move|p1b: Steelix|Iron Defense|p1b: Steelix\n|-boost|p1b: Steelix|def|2\n|move|p1a: Oranguru|Light Screen|p1a: Oranguru\n|-sidestart|p1: ItzExXoZ|move: Light Screen\n|move|p2a: Gardevoir|Trick Room|p2a: Gardevoir\n|-fieldend|move: Trick Room\n|\n|-weather|Sandstorm|[upkeep]\n|-damage|p2b: Sneasler|77/100|[from] Sandstorm\n|-damage|p2a: Gardevoir|88/100|[from] Sandstorm\n|-damage|p1a: Oranguru|24/100|[from] Sandstorm\n|-sideend|p2: tbplong|move: Tailwind\n|upkeep\n|turn|5\n|inactive|tbplong has 30 seconds left.\n|inactive|tbplong has 20 seconds left.\n|inactive|tbplong has 15 seconds left.\n|inactive|tbplong has 10 seconds left.\n|\n|t:|1776327028\n|switch|p2b: Primarina|Primarina, L50, M|100/100\n|detailschange|p2a: Gardevoir|Gardevoir-Mega, L50, F\n|-mega|p2a: Gardevoir|Gardevoir|Gardevoirite\n|move|p2a: Gardevoir|Hyper Voice|p1b: Steelix|[spread] p1a,p1b\n|-resisted|p1b: Steelix|1\n|-damage|p1a: Oranguru|0 fnt\n|-damage|p1b: Steelix|76/100\n|faint|p1a: Oranguru\n|move|p1b: Steelix|Body Press|p2a: Gardevoir\n|-resisted|p2a: Gardevoir|2\n|-damage|p2a: Gardevoir|51/100\n|\n|-weather|none\n|upkeep\n|\n|t:|1776327042\n|switch|p1a: Arcanine|Arcanine-Hisui, L50, F, shiny|68/100\n|-ability|p1a: Arcanine|Intimidate|boost\n|-unboost|p2a: Gardevoir|atk|1\n|-unboost|p2b: Primarina|atk|1\n|turn|6\n|\n|t:|1776327056\n|move|p2a: Gardevoir|Hyper Voice|p1b: Steelix|[spread] p1a,p1b\n|-resisted|p1a: Arcanine|1\n|-resisted|p1b: Steelix|1\n|-damage|p1a: Arcanine|51/100\n|-damage|p1b: Steelix|64/100\n|move|p1a: Arcanine|Wild Charge|p2b: Primarina\n|-supereffective|p2b: Primarina|1\n|-damage|p2b: Primarina|31/100\n|-damage|p1a: Arcanine|35/100|[from] Recoil\n|move|p2b: Primarina|Hyper Voice|p1b: Steelix|[spread] p1a,p1b\n|-supereffective|p1a: Arcanine|2\n|-enditem|p1a: Arcanine|Passho Berry|[eat]\n|-enditem|p1a: Arcanine|Passho Berry|[weaken]\n|-supereffective|p1b: Steelix|1\n|-damage|p1a: Arcanine|0 fnt\n|-damage|p1b: Steelix|30/100\n|faint|p1a: Arcanine\n|move|p1b: Steelix|Body Press|p2a: Gardevoir\n|-resisted|p2a: Gardevoir|2\n|-damage|p2a: Gardevoir|16/100\n|\n|-heal|p2b: Primarina|37/100|[from] item: Leftovers\n|upkeep\n|turn|7\n|inactive|tbplong has 30 seconds left.\n|\n|t:|1776327090\n|move|p2a: Gardevoir|Psychic|p1b: Steelix\n|-resisted|p1b: Steelix|1\n|-damage|p1b: Steelix|15/100\n|move|p2b: Primarina|Hyper Voice|p1b: Steelix\n|-supereffective|p1b: Steelix|1\n|-damage|p1b: Steelix|0 fnt\n|faint|p1b: Steelix\n|\n|win|tbplong\n|raw|ItzExXoZ's rating: 1099 &rarr; <strong>1067</strong><br />(-32 for losing)\n|raw|tbplong's rating: 1000 &rarr; <strong>1051</strong><br />(+51 for winning)\n|l|\u2606ItzExXoZ\n|player|p1|\n",
  "uploadtime": 1776327112,
  "views": 17,
  "formatid": "gen9championsvgc2026regma",
  "rating": 1051,
  "private": 0,
  "password": null
}