{
  "id": "gen9championsvgc2026regma-2588294949",
  "format": "[Gen 9 Champions] VGC 2026 Reg M-A",
  "players": [
    "ISHIANAXAGORAS",
    "Estraumatized"
  ],
  "log": "|j|\u2606ISHIANAXAGORAS\n|j|\u2606Estraumatized\n|t:|1776621776\n|gametype|doubles\n|player|p1|ISHIANAXAGORAS|steven|1081\n|player|p2|Estraumatized|n|1000\n|gen|9\n|tier|[Gen 9 Champions] VGC 2026 Reg M-A\n|rated|\n|rule|Species Clause: Limit one of each Pok\u00e9mon\n|rule|Item Clause: Limit 1 of each item\n|clearpoke\n|poke|p1|Armarouge, L50, M|\n|poke|p1|Meowstic, L50, M|\n|poke|p1|Weavile, L50, M|\n|poke|p1|Aggron, L50, F|\n|poke|p1|Incineroar, L50, F|\n|poke|p1|Kingambit, L50, M|\n|poke|p2|Ampharos, L50, F, shiny|\n|poke|p2|Chesnaught, L50, M, shiny|\n|poke|p2|Torkoal, L50, F, shiny|\n|poke|p2|Incineroar, L50, M, shiny|\n|poke|p2|Sinistcha, L50|\n|poke|p2|Goodra-Hisui, L50, M|\n|teampreview|4\n|\n|t:|1776621801\n|teamsize|p1|4\n|teamsize|p2|4\n|start\n|switch|p1a: Meowstic|Meowstic, L50, M|100/100\n|switch|p1b: Armarouge|Armarouge, L50, M|100/100\n|switch|p2a: Dinner|Sinistcha, L50|100/100\n|switch|p2b: Fork|Incineroar, L50, M, shiny|100/100\n|-ability|p2b: Fork|Intimidate|boost\n|-unboost|p1a: Meowstic|atk|1\n|-unboost|p1b: Armarouge|atk|1\n|turn|1\n|\n|t:|1776621822\n|move|p2b: Fork|Fake Out|p1b: Armarouge\n|-damage|p1b: Armarouge|89/100\n|cant|p1b: Armarouge|flinch\n|move|p1a: Meowstic|Trick Room|p1a: Meowstic\n|-fieldstart|move: Trick Room|[of] p1a: Meowstic\n|move|p2a: Dinner|Trick Room|p2a: Dinner\n|-fieldend|move: Trick Room\n|\n|upkeep\n|turn|2\n|\n|t:|1776621847\n|move|p1b: Armarouge|Aura Sphere|p2b: Fork\n|-supereffective|p2b: Fork|1\n|-crit|p2b: Fork\n|-enditem|p2b: Fork|Chople Berry|[eat]\n|-enditem|p2b: Fork|Chople Berry|[weaken]\n|-damage|p2b: Fork|61/100\n|move|p2a: Dinner|Shadow Ball|p1a: Meowstic\n|-supereffective|p1a: Meowstic|1\n|-crit|p1a: Meowstic\n|-enditem|p1a: Meowstic|Focus Sash\n|-damage|p1a: Meowstic|1/100\n|move|p2b: Fork|Throat Chop|p1b: Armarouge\n|-supereffective|p1b: Armarouge|1\n|-damage|p1b: Armarouge|25/100\n|-start|p1b: Armarouge|Throat Chop|[silent]\n|move|p1a: Meowstic|Trick Room|p1a: Meowstic\n|-fieldstart|move: Trick Room|[of] p1a: Meowstic\n|\n|upkeep\n|turn|3\n|\n|t:|1776621874\n|move|p1a: Meowstic|Psychic Terrain|p1a: Meowstic\n|-fieldstart|move: Psychic Terrain\n|move|p2b: Fork|Throat Chop|p1b: Armarouge\n|-supereffective|p1b: Armarouge|1\n|-damage|p1b: Armarouge|0 fnt\n|faint|p1b: Armarouge\n|move|p2a: Dinner|Shadow Ball|p1a: Meowstic\n|-supereffective|p1a: Meowstic|1\n|-damage|p1a: Meowstic|0 fnt\n|faint|p1a: Meowstic\n|\n|upkeep\n|\n|t:|1776621883\n|switch|p1b: woke|Kingambit, L50, M|100/100\n|switch|p1a: the wall|Aggron, L50, F|100/100\n|turn|4\n|\n|t:|1776621899\n|detailschange|p1a: the wall|Aggron-Mega, L50, F\n|-mega|p1a: the wall|Aggron|Aggronite\n|move|p2a: Dinner|Rage Powder|p2a: Dinner\n|-singleturn|p2a: Dinner|move: Rage Powder\n|move|p1a: the wall|Iron Defense|p1a: the wall\n|-boost|p1a: the wall|def|2\n|move|p1b: woke|Low Kick|p2a: Dinner\n|-immune|p2a: Dinner\n|move|p2b: Fork|Parting Shot|p1a: the wall\n|-unboost|p1a: the wall|atk|1\n|-unboost|p1a: the wall|spa|1\n|\n|t:|1776621922\n|switch|p2b: Beetroot|Chesnaught, L50, M, shiny|100/100|[from] Parting Shot\n|\n|upkeep\n|turn|5\n|\n|t:|1776621947\n|detailschange|p2b: Beetroot|Chesnaught-Mega, L50, M, shiny\n|-mega|p2b: Beetroot|Chesnaught|Chesnaughtite\n|move|p2b: Beetroot|Iron Defense|p2b: Beetroot\n|-boost|p2b: Beetroot|def|2\n|move|p1b: woke|Iron Head|p2a: Dinner\n|-damage|p2a: Dinner|58/100\n|move|p1a: the wall|Body Press|p2b: Beetroot\n|-damage|p2b: Beetroot|82/100\n|move|p2a: Dinner|Matcha Gotcha|p1a: the wall|[spread] p1a,p1b\n|-resisted|p1a: the wall|1\n|-resisted|p1b: woke|1\n|-damage|p1a: the wall|85/100\n|-heal|p2a: Dinner|66/100|[from] drain|[of] p1a: the wall\n|-damage|p1b: woke|87/100\n|-heal|p2a: Dinner|72/100|[from] drain|[of] p1b: woke\n|\n|upkeep\n|turn|6\n|\n|t:|1776621979\n|move|p2b: Beetroot|Body Press|p1b: woke\n|-supereffective|p1b: woke|2\n|-damage|p1b: woke|0 fnt\n|faint|p1b: woke\n|move|p1a: the wall|Iron Defense|p1a: the wall\n|-boost|p1a: the wall|def|2\n|move|p2a: Dinner|Matcha Gotcha|p1a: the wall\n|-resisted|p1a: the wall|1\n|-damage|p1a: the wall|63/100\n|-heal|p2a: Dinner|83/100|[from] drain|[of] p1a: the wall\n|-status|p1a: the wall|brn\n|\n|-damage|p1a: the wall|57/100 brn|[from] brn\n|-fieldend|move: Trick Room\n|upkeep\n|turn|7\n|-message|ISHIANAXAGORAS forfeited.\n|\n|win|Estraumatized\n|raw|ISHIANAXAGORAS's rating: 1081 &rarr; <strong>1054</strong><br />(-27 for losing)\n|raw|Estraumatized's rating: 1000 &rarr; <strong>1049</strong><br />(+49 for winning)\n|l|\u2606ISHIANAXAGORAS\n|player|p1|\n",
  "uploadtime": 1776622000,
  "views": 21,
  "formatid": "gen9championsvgc2026regma",
  "rating": 1049,
  "private": 0,
  "password": null
}