{
  "id": "gen9championsvgc2026regma-2586972523",
  "format": "[Gen 9 Champions] VGC 2026 Reg M-A",
  "players": [
    "p2slacker9",
    "25th_mang"
  ],
  "log": "|j|\u2606p2slacker9\n|j|\u260625th_mang\n|t:|1776477061\n|gametype|doubles\n|player|p1|p2slacker9|n|1297\n|player|p2|25th_mang|ballguy|1405\n|gen|9\n|tier|[Gen 9 Champions] VGC 2026 Reg M-A\n|rated|\n|rule|Species Clause: Limit one of each Pok\u00e9mon\n|rule|Item Clause: Limit 1 of each item\n|clearpoke\n|poke|p1|Kingambit, L50, M|\n|poke|p1|Garchomp, L50, M|\n|poke|p1|Milotic, L50, M|\n|poke|p1|Garganacl, L50, F|\n|poke|p1|Froslass, L50, F|\n|poke|p1|Sneasler, L50, M|\n|poke|p2|Blastoise, L50, M|\n|poke|p2|Kingambit, L50, F|\n|poke|p2|Kangaskhan, L50, F|\n|poke|p2|Sinistcha-Masterpiece, L50|\n|poke|p2|Aerodactyl, L50, M|\n|poke|p2|Farigiraf, L50, M|\n|teampreview|4\n|inactive|Battle timer is ON: inactive players will automatically lose when time's up. (requested by 25th_mang)\n|inactive|p2slacker9 has 60 seconds left.\n|\n|t:|1776477101\n|teamsize|p1|4\n|teamsize|p2|4\n|start\n|switch|p1a: Sneasler|Sneasler, L50, M|100/100\n|switch|p1b: Froslass|Froslass, L50, F|100/100\n|switch|p2a: Blastoise|Blastoise, L50, M|100/100\n|switch|p2b: Farigiraf|Farigiraf, L50, M, shiny|100/100\n|turn|1\n|\n|t:|1776477120\n|detailschange|p1b: Froslass|Froslass-Mega, L50, F\n|-mega|p1b: Froslass|Froslass|Froslassite\n|-weather|Snowscape|[from] ability: Snow Warning|[of] p1b: Froslass\n|move|p2a: Blastoise|Fake Out|p1a: Sneasler\n|-crit|p1a: Sneasler\n|-damage|p1a: Sneasler|83/100\n|move|p1b: Froslass|Blizzard|p2b: Farigiraf|[spread] p2a,p2b\n|-resisted|p2a: Blastoise|1\n|-crit|p2a: Blastoise\n|-damage|p2a: Blastoise|68/100\n|-damage|p2b: Farigiraf|60/100\n|-status|p2b: Farigiraf|frz\n|cant|p1a: Sneasler|flinch\n|-curestatus|p2b: Farigiraf|frz|[msg]\n|move|p2b: Farigiraf|Trick Room|p2b: Farigiraf\n|-fieldstart|move: Trick Room|[of] p2b: Farigiraf\n|\n|-weather|Snowscape|[upkeep]\n|upkeep\n|turn|2\n|c|\u260625th_mang|Oh shit\n|c|\u2606p2slacker9|W turn 1 thaw\n|inactive|p2slacker9 has 30 seconds left.\n|inactive|25th_mang has 30 seconds left.\n|c|\u2606p2slacker9|chosen one ah\n|inactive|p2slacker9 has 20 seconds left.\n|\n|t:|1776477160\n|detailschange|p2a: Blastoise|Blastoise-Mega, L50, M\n|-mega|p2a: Blastoise|Blastoise|Blastoisinite\n|move|p1a: Sneasler|Protect|p1a: Sneasler\n|-singleturn|p1a: Sneasler|Protect\n|move|p2b: Farigiraf|Rain Dance|p2b: Farigiraf\n|-weather|RainDance\n|move|p2a: Blastoise|Water Spout|p1b: Froslass|[spread] p1b\n|-activate|p1a: Sneasler|move: Protect\n|-damage|p1b: Froslass|19/100\n|move|p1b: Froslass|Aurora Veil||[still]\n|-fail|p1b: Froslass\n|\n|-weather|RainDance|[upkeep]\n|upkeep\n|turn|3\n|\n|t:|1776477183\n|switch|p2b: Sinistcha|Sinistcha-Masterpiece, L50|100/100\n|-heal|p2a: Blastoise|92/100|[from] ability: Hospitality|[of] p2b: Sinistcha\n|move|p1b: Froslass|Protect|p1b: Froslass\n|-singleturn|p1b: Froslass|Protect\n|move|p2a: Blastoise|Water Spout|p1a: Sneasler|[spread] p1a\n|-activate|p1b: Froslass|move: Protect\n|-damage|p1a: Sneasler|0 fnt\n|faint|p1a: Sneasler\n|\n|-weather|RainDance|[upkeep]\n|upkeep\n|\n|t:|1776477197\n|switch|p1a: Garganacl|Garganacl, L50, F|100/100\n|turn|4\n|inactive|p2slacker9 has 30 seconds left.\n|\n|t:|1776477223\n|switch|p1b: Garchomp|Garchomp, L50, M|100/100\n|move|p1a: Garganacl|Wide Guard|p1a: Garganacl\n|-singleturn|p1a: Garganacl|Wide Guard\n|move|p2b: Sinistcha|Life Dew||[still]|[spread] p2a,p2b\n|-heal|p2a: Blastoise|100/100\n|-fail|p2b: Sinistcha|heal\n|move|p2a: Blastoise|Water Pulse|p1a: Garganacl\n|-supereffective|p1a: Garganacl|1\n|-damage|p1a: Garganacl|0 fnt\n|faint|p1a: Garganacl\n|\n|-weather|RainDance|[upkeep]\n|upkeep\n|\n|t:|1776477233\n|switch|p1a: Froslass|Froslass-Mega, L50, F|19/100\n|-weather|Snowscape|[from] ability: Snow Warning|[of] p1a: Froslass\n|turn|5\n|\n|t:|1776477251\n|move|p1a: Froslass|Protect|p1a: Froslass\n|-singleturn|p1a: Froslass|Protect\n|move|p2b: Sinistcha|Matcha Gotcha|p1a: Froslass|[spread] \n|-activate|p1a: Froslass|move: Protect\n|-miss|p2b: Sinistcha|p1b: Garchomp\n|move|p2a: Blastoise|Water Spout|p1b: Garchomp|[spread] p1b\n|-activate|p1a: Froslass|move: Protect\n|-damage|p1b: Garchomp|34/100\n|move|p1b: Garchomp|Rock Slide|p2a: Blastoise|[spread] p2a,p2b\n|-damage|p2a: Blastoise|85/100\n|-damage|p2b: Sinistcha|85/100\n|\n|-weather|Snowscape|[upkeep]\n|-fieldend|move: Trick Room\n|upkeep\n|turn|6\n|\n|t:|1776477268\n|switch|p2a: Farigiraf|Farigiraf, L50, M, shiny|60/100\n|move|p1b: Garchomp|Rock Slide|p2b: Sinistcha|[spread] p2a,p2b\n|-damage|p2a: Farigiraf|47/100\n|-damage|p2b: Sinistcha|69/100\n|-enditem|p2a: Farigiraf|Sitrus Berry|[eat]\n|-heal|p2a: Farigiraf|72/100|[from] item: Sitrus Berry\n|move|p1a: Froslass|Blizzard|p2a: Farigiraf|[spread] p2a,p2b\n|-supereffective|p2b: Sinistcha|1\n|-damage|p2a: Farigiraf|24/100\n|-damage|p2b: Sinistcha|0 fnt\n|faint|p2b: Sinistcha\n|\n|-weather|Snowscape|[upkeep]\n|upkeep\n|c|\u2606p2slacker9|imma need some flinches\n|\n|t:|1776477287\n|switch|p2b: Blastoise|Blastoise-Mega, L50, M|85/100\n|turn|7\n|\n|t:|1776477302\n|move|p2a: Farigiraf|Helping Hand|p2b: Blastoise\n|-singleturn|p2b: Blastoise|Helping Hand|[of] p2a: Farigiraf\n|move|p1b: Garchomp|Rock Slide|p2b: Blastoise|[spread] \n|-miss|p1b: Garchomp|p2a: Farigiraf\n|-miss|p1b: Garchomp|p2b: Blastoise\n|move|p1a: Froslass|Blizzard|p2a: Farigiraf|[spread] p2a,p2b\n|-resisted|p2b: Blastoise|1\n|-damage|p2a: Farigiraf|0 fnt\n|-damage|p2b: Blastoise|65/100\n|faint|p2a: Farigiraf\n|move|p2b: Blastoise|Water Spout|p1b: Garchomp|[spread] p1a,p1b\n|-damage|p1a: Froslass|0 fnt\n|-damage|p1b: Garchomp|0 fnt\n|faint|p1a: Froslass\n|faint|p1b: Garchomp\n|\n|win|25th_mang\n|raw|p2slacker9's rating: 1297 &rarr; <strong>1280</strong><br />(-17 for losing)\n|raw|25th_mang's rating: 1405 &rarr; <strong>1419</strong><br />(+14 for winning)\n|c|\u2606p2slacker9|gg\n|l|\u2606p2slacker9\n|player|p1|\n",
  "uploadtime": 1776477338,
  "views": 28,
  "formatid": "gen9championsvgc2026regma",
  "rating": 1280,
  "private": 0,
  "password": null
}