{
  "id": "gen9championsvgc2026regma-2586493180",
  "format": "[Gen 9 Champions] VGC 2026 Reg M-A",
  "players": [
    "ik0nick",
    "Warity"
  ],
  "log": "|j|\u2606ik0nick\n|j|\u2606Warity\n|t:|1776438483\n|gametype|doubles\n|player|p1|ik0nick|169|1135\n|player|p2|Warity|170|1188\n|gen|9\n|tier|[Gen 9 Champions] VGC 2026 Reg M-A\n|rated|\n|rule|Species Clause: Limit one of each Pok\u00e9mon\n|rule|Item Clause: Limit 1 of each item\n|clearpoke\n|poke|p1|Gengar, L50, M|\n|poke|p1|Incineroar, L50, F|\n|poke|p1|Kommo-o, L50, M|\n|poke|p1|Sinistcha, L50|\n|poke|p1|Kingambit, L50, F|\n|poke|p1|Kleavor, L50, F|\n|poke|p2|Incineroar, L50, F|\n|poke|p2|Sneasler, L50, M|\n|poke|p2|Whimsicott, L50, F|\n|poke|p2|Rotom-Wash, L50|\n|poke|p2|Goodra-Hisui, L50, F|\n|poke|p2|Delphox, L50, F|\n|teampreview|4\n|inactive|Battle timer is ON: inactive players will automatically lose when time's up. (requested by Warity)\n|\n|t:|1776438509\n|teamsize|p1|4\n|teamsize|p2|4\n|start\n|switch|p1a: Incineroar|Incineroar, L50, F|100/100\n|switch|p1b: Kleavor|Kleavor, L50, F|100/100\n|switch|p2a: Sneasler|Sneasler, L50, M|100/100\n|switch|p2b: Whimsicott|Whimsicott, L50, F|100/100\n|-ability|p1a: Incineroar|Intimidate|boost\n|-unboost|p2a: Sneasler|atk|1\n|-unboost|p2b: Whimsicott|atk|1\n|-enditem|p2a: Sneasler|White Herb\n|-clearnegativeboost|p2a: Sneasler|[silent]\n|turn|1\n|\n|t:|1776438520\n|move|p2b: Whimsicott|Protect|p2b: Whimsicott\n|-singleturn|p2b: Whimsicott|Protect\n|move|p2a: Sneasler|Protect|p2a: Sneasler\n|-singleturn|p2a: Sneasler|Protect\n|move|p1a: Incineroar|Fake Out|p2b: Whimsicott\n|-activate|p2b: Whimsicott|move: Protect\n|move|p1b: Kleavor|Swords Dance|p1b: Kleavor\n|-boost|p1b: Kleavor|atk|2\n|\n|upkeep\n|turn|2\n|\n|t:|1776438541\n|move|p2b: Whimsicott|Encore|p1b: Kleavor\n|-start|p1b: Kleavor|Encore\n|move|p2a: Sneasler|Close Combat|p1a: Incineroar\n|-supereffective|p1a: Incineroar|1\n|-enditem|p1a: Incineroar|Chople Berry|[eat]\n|-enditem|p1a: Incineroar|Chople Berry|[weaken]\n|-damage|p1a: Incineroar|25/100\n|-unboost|p2a: Sneasler|def|1\n|-unboost|p2a: Sneasler|spd|1\n|move|p1b: Kleavor|Swords Dance|p1b: Kleavor\n|-boost|p1b: Kleavor|atk|2\n|move|p1a: Incineroar|Parting Shot|p2a: Sneasler\n|-unboost|p2a: Sneasler|atk|1\n|-unboost|p2a: Sneasler|spa|1\n|\n|t:|1776438558\n|switch|p1a: Gengar|Gengar, L50, M, shiny|100/100|[from] Parting Shot\n|\n|upkeep\n|turn|3\n|\n|t:|1776438572\n|switch|p2a: Goodra|Goodra-Hisui, L50, F|100/100\n|move|p2b: Whimsicott|Tailwind|p2b: Whimsicott\n|-sidestart|p2: Warity|move: Tailwind\n|move|p1a: Gengar|Shadow Ball|p2a: Goodra\n|-damage|p2a: Goodra|68/100\n|move|p1b: Kleavor|Swords Dance|p1b: Kleavor\n|-boost|p1b: Kleavor|atk|2\n|\n|upkeep\n|turn|4\n|\n|t:|1776438588\n|move|p2b: Whimsicott|Moonblast|p1b: Kleavor\n|-damage|p1b: Kleavor|43/100\n|move|p1a: Gengar|Sludge Wave|p2b: Whimsicott|[spread] p1b,p2b\n|-immune|p2a: Goodra\n|-resisted|p1b: Kleavor|1\n|-supereffective|p2b: Whimsicott|2\n|-damage|p1b: Kleavor|11/100\n|-enditem|p2b: Whimsicott|Focus Sash\n|-damage|p2b: Whimsicott|1/100\n|-status|p1b: Kleavor|psn\n|move|p1b: Kleavor|Swords Dance|p1b: Kleavor\n|-boost|p1b: Kleavor|atk|0\n|move|p2a: Goodra|Iron Head|p1b: Kleavor\n|-supereffective|p1b: Kleavor|1\n|-damage|p1b: Kleavor|0 fnt\n|faint|p1b: Kleavor\n|\n|upkeep\n|\n|t:|1776438602\n|switch|p1b: Incineroar|Incineroar, L50, F|25/100\n|-ability|p1b: Incineroar|Intimidate|boost\n|-unboost|p2a: Goodra|atk|1\n|-unboost|p2b: Whimsicott|atk|1\n|turn|5\n|\n|t:|1776438618\n|move|p2b: Whimsicott|Moonblast|p1b: Incineroar\n|-crit|p1b: Incineroar\n|-damage|p1b: Incineroar|0 fnt\n|faint|p1b: Incineroar\n|move|p1a: Gengar|Shadow Ball|p2a: Goodra\n|-damage|p2a: Goodra|36/100\n|move|p2a: Goodra|Body Press|p1a: Gengar\n|-immune|p1a: Gengar\n|\n|upkeep\n|\n|t:|1776438626\n|switch|p1b: Sinistcha|Sinistcha, L50|100/100\n|turn|6\n|\n|t:|1776438637\n|detailschange|p1a: Gengar|Gengar-Mega, L50, M, shiny\n|-mega|p1a: Gengar|Gengar|Gengarite\n|move|p2b: Whimsicott|Protect|p2b: Whimsicott\n|-singleturn|p2b: Whimsicott|Protect\n|move|p1b: Sinistcha|Protect|p1b: Sinistcha\n|-singleturn|p1b: Sinistcha|Protect\n|move|p1a: Gengar|Nasty Plot|p1a: Gengar\n|-boost|p1a: Gengar|spa|2\n|move|p2a: Goodra|Iron Head|p1b: Sinistcha\n|-activate|p1b: Sinistcha|move: Protect\n|\n|-sideend|p2: Warity|move: Tailwind\n|upkeep\n|turn|7\n|\n|t:|1776438657\n|move|p1b: Sinistcha|Rage Powder|p1b: Sinistcha\n|-singleturn|p1b: Sinistcha|move: Rage Powder\n|move|p2b: Whimsicott|Encore|p1a: Gengar\n|-start|p1a: Gengar|Encore\n|move|p1a: Gengar|Nasty Plot|p1a: Gengar\n|-boost|p1a: Gengar|spa|2\n|move|p2a: Goodra|Iron Head|p1b: Sinistcha\n|-damage|p1b: Sinistcha|85/100\n|\n|-heal|p1b: Sinistcha|92/100|[from] item: Leftovers\n|upkeep\n|turn|8\n|inactive|Warity has 30 seconds left.\n|\n|t:|1776438684\n|move|p1b: Sinistcha|Rage Powder|p1b: Sinistcha\n|-singleturn|p1b: Sinistcha|move: Rage Powder\n|move|p2b: Whimsicott|Encore|p1b: Sinistcha\n|-start|p1b: Sinistcha|Encore\n|move|p1a: Gengar|Nasty Plot|p1a: Gengar\n|-boost|p1a: Gengar|spa|2\n|move|p2a: Goodra|Life Dew|p2a: Goodra|[spread] p2a,p2b\n|-heal|p2a: Goodra|61/100\n|-heal|p2b: Whimsicott|26/100\n|\n|-heal|p1b: Sinistcha|98/100|[from] item: Leftovers\n|upkeep\n|turn|9\n|\n|t:|1776438699\n|move|p1b: Sinistcha|Rage Powder|p1b: Sinistcha\n|-singleturn|p1b: Sinistcha|move: Rage Powder\n|move|p2b: Whimsicott|Moonblast|p1a: Gengar\n|-resisted|p1a: Gengar|1\n|-damage|p1a: Gengar|75/100\n|-unboost|p1a: Gengar|spa|1\n|move|p1a: Gengar|Nasty Plot|p1a: Gengar\n|-boost|p1a: Gengar|spa|1\n|move|p2a: Goodra|Life Dew|p2a: Goodra|[spread] p2a,p2b\n|-heal|p2a: Goodra|86/100\n|-heal|p2b: Whimsicott|52/100\n|\n|-heal|p1b: Sinistcha|100/100|[from] item: Leftovers\n|-end|p1a: Gengar|Encore\n|upkeep\n|turn|10\n|\n|t:|1776438719\n|move|p1b: Sinistcha|Rage Powder|p1b: Sinistcha\n|-singleturn|p1b: Sinistcha|move: Rage Powder\n|move|p2b: Whimsicott|Encore|p1a: Gengar\n|-start|p1a: Gengar|Encore\n|move|p1a: Gengar|Nasty Plot|p1a: Gengar\n|-boost|p1a: Gengar|spa|0\n|move|p2a: Goodra|Life Dew|p2a: Goodra|[spread] p2a,p2b\n|-heal|p2a: Goodra|100/100\n|-heal|p2b: Whimsicott|77/100\n|\n|upkeep\n|turn|11\n|\n|t:|1776438731\n|move|p1b: Sinistcha|Rage Powder|p1b: Sinistcha\n|-singleturn|p1b: Sinistcha|move: Rage Powder\n|move|p2b: Whimsicott|Moonblast|p1a: Gengar\n|-resisted|p1a: Gengar|1\n|-damage|p1a: Gengar|53/100\n|move|p1a: Gengar|Nasty Plot|p1a: Gengar\n|-boost|p1a: Gengar|spa|0\n|move|p2a: Goodra|Life Dew||[still]|[spread] p2a,p2b\n|-fail|p2a: Goodra|heal\n|-heal|p2b: Whimsicott|100/100\n|\n|-end|p1b: Sinistcha|Encore\n|upkeep\n|turn|12\n|inactive|ik0nick has 30 seconds left.\n|inactive|ik0nick has 20 seconds left.\n|inactive|ik0nick has 15 seconds left.\n|\n|t:|1776438776\n|move|p2b: Whimsicott|Encore|p1b: Sinistcha\n|-start|p1b: Sinistcha|Encore\n|move|p1b: Sinistcha|Rage Powder|p1b: Sinistcha\n|-singleturn|p1b: Sinistcha|move: Rage Powder\n|move|p1a: Gengar|Nasty Plot|p1a: Gengar\n|-boost|p1a: Gengar|spa|0\n|move|p2a: Goodra|Iron Head|p1b: Sinistcha\n|-damage|p1b: Sinistcha|86/100\n|\n|-heal|p1b: Sinistcha|93/100|[from] item: Leftovers\n|-end|p1a: Gengar|Encore\n|upkeep\n|turn|13\n|\n|t:|1776438796\n|move|p1a: Gengar|Protect|p1a: Gengar\n|-singleturn|p1a: Gengar|Protect\n|move|p1b: Sinistcha|Rage Powder|p1b: Sinistcha\n|-singleturn|p1b: Sinistcha|move: Rage Powder\n|move|p2b: Whimsicott|Encore|p1a: Gengar\n|-activate|p1a: Gengar|move: Protect\n|move|p2a: Goodra|Iron Head|p1b: Sinistcha\n|-damage|p1b: Sinistcha|79/100\n|\n|-heal|p1b: Sinistcha|85/100|[from] item: Leftovers\n|upkeep\n|turn|14\n|\n|t:|1776438807\n|move|p1b: Sinistcha|Rage Powder|p1b: Sinistcha\n|-singleturn|p1b: Sinistcha|move: Rage Powder\n|move|p2b: Whimsicott|Encore|p1a: Gengar\n|-start|p1a: Gengar|Encore\n|move|p1a: Gengar|Protect||[still]\n|-fail|p1a: Gengar\n|move|p2a: Goodra|Iron Head|p1b: Sinistcha\n|-damage|p1b: Sinistcha|69/100\n|\n|-heal|p1b: Sinistcha|75/100|[from] item: Leftovers\n|-end|p1b: Sinistcha|Encore\n|upkeep\n|turn|15\n|\n|t:|1776438828\n|move|p1a: Gengar|Protect|p1a: Gengar\n|-singleturn|p1a: Gengar|Protect\n|move|p2b: Whimsicott|Encore|p1b: Sinistcha\n|-start|p1b: Sinistcha|Encore\n|move|p1b: Sinistcha|Rage Powder|p1b: Sinistcha\n|-singleturn|p1b: Sinistcha|move: Rage Powder\n|move|p2a: Goodra|Iron Head|p1b: Sinistcha\n|-damage|p1b: Sinistcha|58/100\n|\n|-heal|p1b: Sinistcha|65/100|[from] item: Leftovers\n|upkeep\n|turn|16\n|\n|t:|1776438842\n|move|p1a: Gengar|Protect||[still]\n|-fail|p1a: Gengar\n|move|p1b: Sinistcha|Rage Powder|p1b: Sinistcha\n|-singleturn|p1b: Sinistcha|move: Rage Powder\n|move|p2b: Whimsicott|Tailwind|p2b: Whimsicott\n|-sidestart|p2: Warity|move: Tailwind\n|move|p2a: Goodra|Iron Head|p1b: Sinistcha\n|-damage|p1b: Sinistcha|50/100\n|\n|-heal|p1b: Sinistcha|57/100|[from] item: Leftovers\n|-end|p1a: Gengar|Encore\n|upkeep\n|turn|17\n|\n|t:|1776438855\n|move|p1a: Gengar|Protect|p1a: Gengar\n|-singleturn|p1a: Gengar|Protect\n|move|p1b: Sinistcha|Rage Powder|p1b: Sinistcha\n|-singleturn|p1b: Sinistcha|move: Rage Powder\n|move|p2b: Whimsicott|Moonblast|p1a: Gengar\n|-activate|p1a: Gengar|move: Protect\n|move|p2a: Goodra|Iron Head|p1b: Sinistcha\n|-damage|p1b: Sinistcha|42/100\n|\n|-heal|p1b: Sinistcha|48/100|[from] item: Leftovers\n|-end|p1b: Sinistcha|Encore\n|upkeep\n|turn|18\n|\n|t:|1776438867\n|move|p2b: Whimsicott|Moonblast|p1a: Gengar\n|-resisted|p1a: Gengar|1\n|-damage|p1a: Gengar|27/100\n|move|p1a: Gengar|Shadow Ball|p2b: Whimsicott\n|-damage|p2b: Whimsicott|0 fnt\n|faint|p2b: Whimsicott\n|move|p2a: Goodra|Iron Head|p1a: Gengar\n|-damage|p1a: Gengar|0 fnt\n|faint|p1a: Gengar\n|move|p1b: Sinistcha|Matcha Gotcha|p2a: Goodra\n|-ability|p2a: Goodra|Sap Sipper|boost\n|-boost|p2a: Goodra|atk|1\n|\n|-heal|p1b: Sinistcha|54/100|[from] item: Leftovers\n|upkeep\n|c|\u2606ik0nick|lmai\n|\n|t:|1776438884\n|switch|p2b: Delphox|Delphox, L50, F|100/100\n|turn|19\n|c|\u2606ik0nick|lmao\n|c|\u2606ik0nick|gg\n|\n|t:|1776438890\n|detailschange|p2b: Delphox|Delphox-Mega, L50, F\n|-mega|p2b: Delphox|Delphox|Delphoxite\n|move|p1b: Sinistcha|Rage Powder|p1b: Sinistcha\n|-singleturn|p1b: Sinistcha|move: Rage Powder\n|move|p2b: Delphox|Heat Wave|p1b: Sinistcha\n|-supereffective|p1b: Sinistcha|1\n|-crit|p1b: Sinistcha\n|-damage|p1b: Sinistcha|0 fnt\n|faint|p1b: Sinistcha\n|\n|win|Warity\n|raw|ik0nick's rating: 1135 &rarr; <strong>1114</strong><br />(-21 for losing)\n|raw|Warity's rating: 1188 &rarr; <strong>1209</strong><br />(+21 for winning)\n|l|\u2606ik0nick\n|player|p1|\n|c|\u2606Warity|Gg\n",
  "uploadtime": 1776438910,
  "views": 24,
  "formatid": "gen9championsvgc2026regma",
  "rating": 1114,
  "private": 0,
  "password": null
}