{
  "id": "gen9championsvgc2026regma-2588255590",
  "format": "[Gen 9 Champions] VGC 2026 Reg M-A",
  "players": [
    "londi g",
    "legonene"
  ],
  "log": "|j|\u2606londi g\n|j|\u2606legonene\n|html|<table width=\"100%\"><tr><td align=\"left\">londi g</td><td align=\"right\">legonene</tr><tr><td align=\"left\"><i class=\"fa fa-circle-o\"></i> <i class=\"fa fa-circle-o\"></i> </td><td align=\"right\"><i class=\"fa fa-circle-o\"></i> <i class=\"fa fa-circle-o\"></i> </tr></table>\n|uhtml|bestof|<h2><strong>Game 1</strong> of <a href=\"/game-bestof3-gen9championsvgc2026regma-2588255588\">a best-of-3</a></h2>\n|t:|1776618511\n|gametype|doubles\n|player|p1|londi g|colress|\n|player|p2|legonene|chili|\n|gen|9\n|tier|[Gen 9 Champions] VGC 2026 Reg M-A\n|rule|Species Clause: Limit one of each Pok\u00e9mon\n|rule|Item Clause: Limit 1 of each item\n|raw|<div class=\"infobox\"><details class=\"readmore\" open><summary><strong>1 custom rule:</strong></summary> Best of = 3</details></div>\n|clearpoke\n|poke|p1|Torkoal, L50, F|\n|poke|p1|Gardevoir, L50, M|\n|poke|p1|Krookodile, L50, F|\n|poke|p1|Orthworm, L50, M|\n|poke|p1|Delphox, L50, F|\n|poke|p1|Noivern, L50, F|\n|poke|p2|Primarina, L50, F|\n|poke|p2|Froslass, L50, F|\n|poke|p2|Dragapult, L50, M|\n|poke|p2|Incineroar, L50, F|\n|poke|p2|Lycanroc-Dusk, L50, F|\n|poke|p2|Conkeldurr, L50, F|\n|teampreview|4\n|j| CyberDragon/Dark\n|c|\u2606legonene|Glhf\n|c|\u2606legonene|It\u2019s not open team sheets right\n|l| CyberDragon/Dark\n|\n|t:|1776618611\n|teamsize|p1|4\n|teamsize|p2|4\n|start\n|switch|p1a: Noivern|Noivern, L50, F|100/100\n|switch|p1b: Krookodile|Krookodile, L50, F|100/100\n|switch|p2a: Lycanroc|Lycanroc-Dusk, L50, F|100/100\n|switch|p2b: Incineroar|Incineroar, L50, F|100/100\n|-item|p2a: Lycanroc|Focus Sash|[from] ability: Frisk|[of] p1a: Noivern\n|-item|p2b: Incineroar|Sitrus Berry|[from] ability: Frisk|[of] p1a: Noivern\n|-ability|p1b: Krookodile|Intimidate|boost\n|-unboost|p2a: Lycanroc|atk|1\n|-unboost|p2b: Incineroar|atk|1\n|-ability|p2b: Incineroar|Intimidate|boost\n|-unboost|p1a: Noivern|atk|1\n|-unboost|p1b: Krookodile|atk|1\n|turn|1\n|c|\u2606londi g|No\n|c|\u2606londi g|And gl\n|\n|t:|1776618673\n|move|p2b: Incineroar|Fake Out|p1a: Noivern\n|-damage|p1a: Noivern|91/100\n|cant|p1a: Noivern|flinch\n|move|p2a: Lycanroc|Rock Slide|p1b: Krookodile|[spread] p1a,p1b\n|-supereffective|p1a: Noivern|1\n|-resisted|p1b: Krookodile|1\n|-damage|p1a: Noivern|45/100\n|-damage|p1b: Krookodile|88/100\n|cant|p1b: Krookodile|flinch\n|\n|upkeep\n|turn|2\n|\n|t:|1776618700\n|move|p2a: Lycanroc|Accelerock|p1a: Noivern\n|-supereffective|p1a: Noivern|1\n|-damage|p1a: Noivern|0 fnt\n|faint|p1a: Noivern\n|move|p1b: Krookodile|Earthquake|p2a: Lycanroc|[spread] p2a,p2b\n|-supereffective|p2a: Lycanroc|1\n|-supereffective|p2b: Incineroar|1\n|-damage|p2a: Lycanroc|3/100\n|-damage|p2b: Incineroar|52/100\n|move|p2b: Incineroar|Parting Shot|p1b: Krookodile\n|-unboost|p1b: Krookodile|atk|1\n|-unboost|p1b: Krookodile|spa|1\n|\n|t:|1776618713\n|switch|p2b: Froslass|Froslass, L50, F|100/100|[from] Parting Shot\n|\n|upkeep\n|\n|t:|1776618735\n|switch|p1a: Orthworm|Orthworm, L50, M|100/100\n|turn|3\n|\n|t:|1776618824\n|switch|p2a: Incineroar|Incineroar, L50, F|52/100\n|-ability|p2a: Incineroar|Intimidate|boost\n|-unboost|p1a: Orthworm|atk|1\n|-unboost|p1b: Krookodile|atk|1\n|detailschange|p2b: Froslass|Froslass-Mega, L50, F\n|-mega|p2b: Froslass|Froslass|Froslassite\n|-weather|Snowscape|[from] ability: Snow Warning|[of] p2b: Froslass\n|move|p1b: Krookodile|Protect|p1b: Krookodile\n|-singleturn|p1b: Krookodile|Protect\n|move|p2b: Froslass|Weather Ball|p1b: Krookodile\n|-activate|p1b: Krookodile|move: Protect\n|move|p1a: Orthworm|Shed Tail|p1a: Orthworm\n|-start|p1a: Orthworm|Substitute|[from] move: Shed Tail\n|-damage|p1a: Orthworm|50/100\n|\n|t:|1776618844\n|switch|p1a: Delphox|Delphox, L50, F|100/100|[from] Shed Tail\n|\n|-weather|Snowscape|[upkeep]\n|upkeep\n|turn|4\n|\n|t:|1776618874\n|detailschange|p1a: Delphox|Delphox-Mega, L50, F\n|-mega|p1a: Delphox|Delphox|Delphoxite\n|move|p2a: Incineroar|Fake Out|p1b: Krookodile\n|-damage|p1b: Krookodile|75/100\n|move|p1a: Delphox|Heat Wave|p2a: Incineroar|[spread] p2a,p2b\n|-resisted|p2a: Incineroar|1\n|-supereffective|p2b: Froslass|1\n|-damage|p2a: Incineroar|38/100\n|-damage|p2b: Froslass|0 fnt\n|-enditem|p2a: Incineroar|Sitrus Berry|[eat]\n|-heal|p2a: Incineroar|62/100|[from] item: Sitrus Berry\n|faint|p2b: Froslass\n|cant|p1b: Krookodile|flinch\n|\n|-weather|Snowscape|[upkeep]\n|upkeep\n|\n|t:|1776618888\n|switch|p2b: Dragapult|Dragapult, L50, M|100/100\n|turn|5\n|\n|t:|1776618912\n|switch|p1b: Orthworm|Orthworm, L50, M|50/100\n|move|p1a: Delphox|Shadow Ball|p2b: Dragapult\n|-supereffective|p2b: Dragapult|1\n|-crit|p2b: Dragapult\n|-damage|p2b: Dragapult|0 fnt\n|faint|p2b: Dragapult\n|move|p2a: Incineroar|Darkest Lariat|p1a: Delphox\n|-supereffective|p1a: Delphox|1\n|-end|p1a: Delphox|Substitute\n|\n|-weather|Snowscape|[upkeep]\n|upkeep\n|\n|t:|1776618930\n|switch|p2b: Lycanroc|Lycanroc-Dusk, L50, F|3/100\n|turn|6\n|\n|t:|1776618968\n|move|p1a: Delphox|Protect|p1a: Delphox\n|-singleturn|p1a: Delphox|Protect\n|move|p2b: Lycanroc|Accelerock|p1a: Delphox\n|-activate|p1a: Delphox|move: Protect\n|move|p2a: Incineroar|Flare Blitz|p1b: Orthworm\n|-supereffective|p1b: Orthworm|1\n|-crit|p1b: Orthworm\n|-damage|p1b: Orthworm|0 fnt\n|faint|p1b: Orthworm\n|-damage|p2a: Incineroar|48/100|[from] Recoil\n|\n|-weather|Snowscape|[upkeep]\n|upkeep\n|\n|t:|1776618980\n|switch|p1b: Krookodile|Krookodile, L50, F|75/100\n|-ability|p1b: Krookodile|Intimidate|boost\n|-unboost|p2a: Incineroar|atk|1\n|-unboost|p2b: Lycanroc|atk|1\n|turn|7\n|\n|t:|1776618994\n|move|p1a: Delphox|Shadow Ball|p2b: Lycanroc\n|-damage|p2b: Lycanroc|0 fnt\n|faint|p2b: Lycanroc\n|move|p1b: Krookodile|Earthquake|p2a: Incineroar|[spread] p2a\n|-immune|p1a: Delphox|[from] ability: Levitate\n|-supereffective|p2a: Incineroar|1\n|-damage|p2a: Incineroar|0 fnt\n|faint|p2a: Incineroar\n|\n|win|londi g\n|inactive|londi g has 30 seconds to confirm battle start!\n|inactive|legonene has 30 seconds to confirm battle start!\n||legonene is ready for game 2.\n|c|\u2606londi g|Gg\n|c|\u2606legonene|Gg\n||londi g is ready for game 2.\n|uhtml|next|Next: <a href=\"/battle-gen9championsvgc2026regma-2588261627\"><strong>Game 2 of 3</strong></a>\n",
  "uploadtime": 1776619765,
  "views": 24,
  "formatid": "gen9championsvgc2026regma",
  "rating": null,
  "private": 0,
  "password": null
}