{
  "id": "gen9championsvgc2026regma-2586109790",
  "format": "[Gen 9 Champions] VGC 2026 Reg M-A",
  "players": [
    "asuratvt",
    "Iceisnice_44"
  ],
  "log": "|j|\u2606asuratvt\n|j|\u2606Iceisnice_44\n|t:|1776400138\n|gametype|doubles\n|player|p1|asuratvt|maid|1111\n|player|p2|Iceisnice_44|102|1188\n|gen|9\n|tier|[Gen 9 Champions] VGC 2026 Reg M-A\n|rated|\n|rule|Species Clause: Limit one of each Pok\u00e9mon\n|rule|Item Clause: Limit 1 of each item\n|clearpoke\n|poke|p1|Sylveon, L50, F|\n|poke|p1|Floette-Eternal, L50, F|\n|poke|p1|Whimsicott, L50, F|\n|poke|p1|Clefable, L50, F|\n|poke|p1|Gardevoir, L50, F|\n|poke|p1|Alcremie, L50, F|\n|poke|p2|Gengar, L50, F|\n|poke|p2|Politoed, L50, M|\n|poke|p2|Incineroar, L50, M|\n|poke|p2|Archaludon, L50, M|\n|poke|p2|Dragonite, L50, M|\n|poke|p2|Basculegion, L50, M|\n|teampreview|4\n|inactive|Battle timer is ON: inactive players will automatically lose when time's up. (requested by asuratvt)\nIceisnice_44 rejected open team sheets.\n|inactive|asuratvt has 60 seconds left.\n|\n|t:|1776400180\n|teamsize|p1|4\n|teamsize|p2|4\n|start\n|switch|p1a: Floette|Floette-Eternal, L50, F|100/100\n|switch|p1b: Whimsicott|Whimsicott, L50, F|100/100\n|switch|p2a: Gengar|Gengar, L50, F|100/100\n|switch|p2b: Incineroar|Incineroar, L50, M|100/100\n|-ability|p2b: Incineroar|Intimidate|boost\n|-unboost|p1a: Floette|atk|1\n|-block|p1b: Whimsicott|ability: Flower Veil|[of] p1a: Floette\n|turn|1\n|inactive|asuratvt has 30 seconds left.\n|inactive|asuratvt has 20 seconds left.\n|\n|t:|1776400217\n|detailschange|p2a: Gengar|Gengar-Mega, L50, F\n|-mega|p2a: Gengar|Gengar|Gengarite\n|detailschange|p1a: Floette|Floette-Mega, L50, F\n|-mega|p1a: Floette|Floette|Floettite\n|-ability|p1a: Floette|Fairy Aura\n|move|p2b: Incineroar|Fake Out|p1b: Whimsicott\n|-damage|p1b: Whimsicott|80/100\n|cant|p1b: Whimsicott|flinch\n|move|p2a: Gengar|Sludge Bomb|p1a: Floette\n|-supereffective|p1a: Floette|1\n|-damage|p1a: Floette|30/100\n|move|p1a: Floette|Calm Mind|p1a: Floette\n|-boost|p1a: Floette|spa|1\n|-boost|p1a: Floette|spd|1\n|\n|upkeep\n|turn|2\n|\n|t:|1776400238\n|move|p1b: Whimsicott|Tailwind|p1b: Whimsicott\n|-sidestart|p1: asuratvt|move: Tailwind\n|move|p1a: Floette|Dazzling Gleam|p2a: Gengar|[spread] p2a,p2b\n|-resisted|p2a: Gengar|1\n|-damage|p2a: Gengar|53/100\n|-damage|p2b: Incineroar|43/100\n|-enditem|p2b: Incineroar|Sitrus Berry|[eat]\n|-heal|p2b: Incineroar|68/100|[from] item: Sitrus Berry\n|move|p2a: Gengar|Sludge Bomb|p1a: Floette\n|-supereffective|p1a: Floette|1\n|-damage|p1a: Floette|0 fnt\n|faint|p1a: Floette\n|move|p2b: Incineroar|Flare Blitz|p1b: Whimsicott\n|-supereffective|p1b: Whimsicott|1\n|-damage|p1b: Whimsicott|0 fnt\n|faint|p1b: Whimsicott\n|-damage|p2b: Incineroar|49/100|[from] Recoil\n|\n|upkeep\n|\n|t:|1776400263\n|switch|p1b: Gardevoir|Gardevoir, L50, F|100/100\n|switch|p1a: Sylveon|Sylveon, L50, F|100/100\n|-ability|p1b: Gardevoir|Shadow Tag|Trace|[from] ability: Trace|[of] p2a: Gengar\n|turn|3\n|\n|t:|1776400287\n|switch|p2a: Archaludon|Archaludon, L50, M|100/100\n|move|p1b: Gardevoir|Moonblast|p2a: Archaludon\n|-damage|p2a: Archaludon|46/100\n|-ability|p2a: Archaludon|Stamina|boost\n|-boost|p2a: Archaludon|def|1\n|move|p1a: Sylveon|Hyper Voice|p2b: Incineroar|[spread] p2a,p2b\n|-resisted|p2a: Archaludon|1\n|-damage|p2a: Archaludon|37/100\n|-damage|p2b: Incineroar|34/100\n|-ability|p2a: Archaludon|Stamina|boost\n|-boost|p2a: Archaludon|def|1\n|move|p2b: Incineroar|Parting Shot|p1b: Gardevoir\n|-unboost|p1b: Gardevoir|atk|1\n|-unboost|p1b: Gardevoir|spa|1\n|\n|t:|1776400305\n|switch|p2b: Politoed|Politoed, L50, M|100/100|[from] Parting Shot\n|-weather|RainDance|[from] ability: Drizzle|[of] p2b: Politoed\n|\n|-weather|RainDance|[upkeep]\n|-heal|p2a: Archaludon|43/100|[from] item: Leftovers\n|upkeep\n|turn|4\n|\n|t:|1776400329\n|move|p2a: Archaludon|Protect|p2a: Archaludon\n|-singleturn|p2a: Archaludon|Protect\n|move|p1b: Gardevoir|Moonblast|p2b: Politoed\n|-damage|p2b: Politoed|78/100\n|move|p1a: Sylveon|Hyper Beam|p2b: Politoed\n|-damage|p2b: Politoed|43/100\n|-mustrecharge|p1a: Sylveon\n|move|p2b: Politoed|Perish Song|p2b: Politoed\n|-start|p1a: Sylveon|perish3|[silent]\n|-start|p1b: Gardevoir|perish3|[silent]\n|-start|p2a: Archaludon|perish3|[silent]\n|-start|p2b: Politoed|perish3|[silent]\n|-fieldactivate|move: Perish Song\n|\n|-weather|RainDance|[upkeep]\n|-heal|p2a: Archaludon|49/100|[from] item: Leftovers\n|-start|p1b: Gardevoir|perish3\n|-start|p1a: Sylveon|perish3\n|-start|p2a: Archaludon|perish3\n|-start|p2b: Politoed|perish3\n|upkeep\n|turn|5\n|inactive|asuratvt has 30 seconds left.\n|inactive|asuratvt has 20 seconds left.\n|inactive|asuratvt has 15 seconds left.\n|inactive|asuratvt has 10 seconds left.\n|inactive|asuratvt has 5 seconds left.\n|\n|t:|1776400385\n|move|p1b: Gardevoir|Moonblast|p2b: Politoed\n|-damage|p2b: Politoed|19/100\n|cant|p1a: Sylveon|recharge\n|move|p2a: Archaludon|Electro Shot||[still]\n|-prepare|p2a: Archaludon|Electro Shot\n|-boost|p2a: Archaludon|spa|1\n|-anim|p2a: Archaludon|Electro Shot|p1a: Sylveon\n|-damage|p1a: Sylveon|44/100\n|move|p2b: Politoed|Weather Ball|p1a: Sylveon\n|-damage|p1a: Sylveon|0 fnt\n|faint|p1a: Sylveon\n|\n|-weather|RainDance|[upkeep]\n|-heal|p2a: Archaludon|55/100|[from] item: Leftovers\n|-start|p1b: Gardevoir|perish2\n|-start|p2a: Archaludon|perish2\n|-start|p2b: Politoed|perish2\n|-sideend|p1: asuratvt|move: Tailwind\n|upkeep\n|turn|6\n|inactive|asuratvt has 30 seconds left.\n|inactive|asuratvt has 20 seconds left.\n|inactive|asuratvt has 15 seconds left.\n|inactive|asuratvt has 10 seconds left.\n|inactive|asuratvt has 5 seconds left.\n|\n|t:|1776400440\n|move|p2a: Archaludon|Protect|p2a: Archaludon\n|-singleturn|p2a: Archaludon|Protect\n|move|p2b: Politoed|Protect|p2b: Politoed\n|-singleturn|p2b: Politoed|Protect\n|move|p1b: Gardevoir|Moonblast|p2a: Archaludon\n|-activate|p2a: Archaludon|move: Protect\n|\n|-weather|RainDance|[upkeep]\n|-heal|p2a: Archaludon|62/100|[from] item: Leftovers\n|-start|p1b: Gardevoir|perish1\n|-start|p2a: Archaludon|perish1\n|-start|p2b: Politoed|perish1\n|upkeep\n|turn|7\n|inactive|asuratvt has 30 seconds left.\n|inactive|asuratvt has 20 seconds left.\n|inactive|asuratvt has 15 seconds left.\n|inactive|asuratvt has 10 seconds left.\n|inactive|asuratvt has 5 seconds left.\n|\n|t:|1776400495\n|move|p1b: Gardevoir|Moonblast|p2b: Politoed\n|-damage|p2b: Politoed|0 fnt\n|faint|p2b: Politoed\n|move|p2a: Archaludon|Flash Cannon|p1b: Gardevoir\n|-supereffective|p1b: Gardevoir|1\n|-damage|p1b: Gardevoir|0 fnt\n|faint|p1b: Gardevoir\n|\n|win|Iceisnice_44\n|raw|asuratvt's rating: 1111 &rarr; <strong>1091</strong><br />(-20 for losing)\n|raw|Iceisnice_44's rating: 1188 &rarr; <strong>1208</strong><br />(+20 for winning)\n",
  "uploadtime": 1776400503,
  "views": 15,
  "formatid": "gen9championsvgc2026regma",
  "rating": 1091,
  "private": 0,
  "password": null
}