{
  "id": "gen9championsvgc2026regma-2584901358",
  "format": "[Gen 9 Champions] VGC 2026 Reg M-A",
  "players": [
    "ScribbleScribble",
    "Crene"
  ],
  "log": "|j|\u2606ScribbleScribble\n|j|\u2606Crene\n|t:|1776292894\n|gametype|doubles\n|player|p1|ScribbleScribble|mina-lgpe|1531\n|player|p2|Crene|erika|1484\n|gen|9\n|tier|[Gen 9 Champions] VGC 2026 Reg M-A\n|rated|\n|rule|Species Clause: Limit one of each Pok\u00e9mon\n|rule|Item Clause: Limit 1 of each item\n|clearpoke\n|poke|p1|Floette-Eternal, L50, F|\n|poke|p1|Sneasler, L50, F|\n|poke|p1|Aerodactyl, L50, F|\n|poke|p1|Kingambit, L50, M|\n|poke|p1|Basculegion, L50, M|\n|poke|p1|Farigiraf, L50, F|\n|poke|p2|Delphox, L50, M|\n|poke|p2|Kingambit, L50, F|\n|poke|p2|Sneasler, L50, M|\n|poke|p2|Basculegion, L50, M|\n|poke|p2|Floette-Eternal, L50, F|\n|poke|p2|Garchomp, L50, F|\n|teampreview|4\n|inactive|Battle timer is ON: inactive players will automatically lose when time's up. (requested by Crene)\n|inactive|ScribbleScribble also wants the timer to be on.\n|inactive|Crene has 60 seconds left.\n|j| arthrzzz\n|j| The boy savior\n|\n|t:|1776292949\n|teamsize|p1|4\n|teamsize|p2|4\n|start\n|switch|p1a: Aerodactyl|Aerodactyl, L50, F|100/100\n|switch|p1b: Kingambit|Kingambit, L50, M|100/100\n|switch|p2a: Floette|Floette-Eternal, L50, F|100/100\n|switch|p2b: Delphox|Delphox, L50, M|100/100\n|-ability|p1a: Aerodactyl|Unnerve\n|turn|1\n|\n|t:|1776292972\n|detailschange|p2a: Floette|Floette-Mega, L50, F\n|-mega|p2a: Floette|Floette|Floettite\n|-ability|p2a: Floette|Fairy Aura\n|move|p1a: Aerodactyl|Tailwind|p1a: Aerodactyl\n|-sidestart|p1: ScribbleScribble|move: Tailwind\n|move|p2a: Floette|Dazzling Gleam|p1b: Kingambit|[spread] p1a,p1b\n|-damage|p1a: Aerodactyl|34/100\n|-damage|p1b: Kingambit|50/100\n|move|p2b: Delphox|Will-O-Wisp|p1b: Kingambit\n|-status|p1b: Kingambit|brn\n|move|p1b: Kingambit|Kowtow Cleave|p2a: Floette\n|-resisted|p2a: Floette|1\n|-damage|p2a: Floette|79/100\n|\n|-damage|p1b: Kingambit|44/100 brn|[from] brn\n|upkeep\n|turn|2\n|\n|t:|1776292988\n|move|p2a: Floette|Protect|p2a: Floette\n|-singleturn|p2a: Floette|Protect\n|move|p2b: Delphox|Protect|p2b: Delphox\n|-singleturn|p2b: Delphox|Protect\n|move|p1a: Aerodactyl|Rock Slide|p2a: Floette|[spread] \n|-activate|p2a: Floette|move: Protect\n|-activate|p2b: Delphox|move: Protect\n|move|p1b: Kingambit|Kowtow Cleave|p2b: Delphox\n|-activate|p2b: Delphox|move: Protect\n|\n|-damage|p1b: Kingambit|38/100 brn|[from] brn\n|upkeep\n|turn|3\n|\n|t:|1776292996\n|move|p1b: Kingambit|Sucker Punch|p2b: Delphox\n|-supereffective|p2b: Delphox|1\n|-damage|p2b: Delphox|30/100\n|move|p1a: Aerodactyl|Rock Slide|p2a: Floette|[spread] p2a\n|-miss|p1a: Aerodactyl|p2b: Delphox\n|-damage|p2a: Floette|49/100\n|move|p2a: Floette|Dazzling Gleam|p1b: Kingambit|[spread] p1a,p1b\n|-damage|p1a: Aerodactyl|0 fnt\n|-damage|p1b: Kingambit|0 fnt\n|faint|p1a: Aerodactyl\n|faint|p1b: Kingambit\n|move|p2b: Delphox|Heat Wave|p1: Aerodactyl|[notarget]\n|-fail|p2b: Delphox\n|\n|upkeep\n|\n|t:|1776293001\n|switch|p1a: Floette|Floette-Eternal, L50, F|100/100\n|switch|p1b: Basculegion|Basculegion, L50, M|100/100\n|turn|4\n|\n|t:|1776293013\n|detailschange|p1a: Floette|Floette-Mega, L50, F\n|-mega|p1a: Floette|Floette|Floettite\n|-ability|p1a: Floette|Fairy Aura\n|move|p2a: Floette|Protect|p2a: Floette\n|-singleturn|p2a: Floette|Protect\n|move|p1b: Basculegion|Last Respects|p2a: Floette\n|-activate|p2a: Floette|move: Protect\n|move|p1a: Floette|Calm Mind|p1a: Floette\n|-boost|p1a: Floette|spa|1\n|-boost|p1a: Floette|spd|1\n|move|p2b: Delphox|Will-O-Wisp|p1b: Basculegion\n|-status|p1b: Basculegion|brn\n|\n|-damage|p1b: Basculegion|94/100 brn|[from] brn\n|-sideend|p1: ScribbleScribble|move: Tailwind\n|upkeep\n|turn|5\n|l| arthrzzz\n|\n|t:|1776293024\n|move|p1b: Basculegion|Last Respects|p2b: Delphox\n|-supereffective|p2b: Delphox|1\n|-damage|p2b: Delphox|0 fnt\n|faint|p2b: Delphox\n|move|p2a: Floette|Draining Kiss|p1b: Basculegion\n|-damage|p1b: Basculegion|45/100 brn\n|-heal|p2a: Floette|97/100|[from] drain|[of] p1b: Basculegion\n|move|p1a: Floette|Moonblast|p2a: Floette\n|-damage|p2a: Floette|0 fnt\n|faint|p2a: Floette\n|\n|-damage|p1b: Basculegion|39/100 brn|[from] brn\n|upkeep\n|\n|t:|1776293027\n|switch|p2a: Kingambit|Kingambit, L50, F|100/100\n|switch|p2b: Garchomp|Garchomp, L50, F|100/100\n|turn|6\n|\n|t:|1776293038\n|move|p2a: Kingambit|Sucker Punch|p1b: Basculegion\n|-supereffective|p1b: Basculegion|1\n|-damage|p1b: Basculegion|0 fnt\n|faint|p1b: Basculegion\n|move|p2b: Garchomp|Iron Head|p1a: Floette\n|-supereffective|p1a: Floette|1\n|-damage|p1a: Floette|20/100\n|move|p1a: Floette|Dazzling Gleam|p2b: Garchomp|[spread] p2a,p2b\n|-supereffective|p2b: Garchomp|1\n|-damage|p2a: Kingambit|22/100\n|-damage|p2b: Garchomp|0 fnt\n|faint|p2b: Garchomp\n|\n|upkeep\n|turn|7\n|\n|t:|1776293041\n|move|p1a: Floette|Protect|p1a: Floette\n|-singleturn|p1a: Floette|Protect\n|move|p2a: Kingambit|Sucker Punch||[still]\n|-fail|p2a: Kingambit\n|\n|upkeep\n|turn|8\n|\n|t:|1776293049\n|move|p1a: Floette|Protect||[still]\n|-fail|p1a: Floette\n|move|p2a: Kingambit|Sucker Punch||[still]\n|-fail|p2a: Kingambit\n|\n|upkeep\n|turn|9\n|\n|t:|1776293053\n|move|p1a: Floette|Protect|p1a: Floette\n|-singleturn|p1a: Floette|Protect\n|move|p2a: Kingambit|Sucker Punch||[still]\n|-fail|p2a: Kingambit\n|\n|upkeep\n|turn|10\n|\n|t:|1776293056\n|move|p1a: Floette|Protect|p1a: Floette\n|-singleturn|p1a: Floette|Protect\n|move|p2a: Kingambit|Sucker Punch||[still]\n|-fail|p2a: Kingambit\n|\n|upkeep\n|turn|11\n|\n|t:|1776293064\n|move|p1a: Floette|Protect||[still]\n|-fail|p1a: Floette\n|move|p2a: Kingambit|Sucker Punch||[still]\n|-fail|p2a: Kingambit\n|\n|upkeep\n|turn|12\n|\n|t:|1776293072\n|move|p2a: Kingambit|Sucker Punch|p1a: Floette\n|-resisted|p1a: Floette|1\n|-damage|p1a: Floette|0 fnt\n|faint|p1a: Floette\n|\n|win|Crene\n|raw|ScribbleScribble's rating: 1531 &rarr; <strong>1508</strong><br />(-23 for losing)\n|raw|Crene's rating: 1484 &rarr; <strong>1507</strong><br />(+23 for winning)\n|c|\u2606Crene|L\n|c|\u2606Crene|L\n|c|\u2606Crene|L\n|c|\u2606Crene|L\n|l|\u2606ScribbleScribble\n|player|p1|\n|c|\u2606Crene|how do you not read that\n|c|\u2606Crene|holy\n",
  "uploadtime": 1776293083,
  "views": 102,
  "formatid": "gen9championsvgc2026regma",
  "rating": 1507,
  "private": 0,
  "password": null
}