{
  "id": "gen9championsvgc2026regma-2585133939",
  "format": "[Gen 9 Champions] VGC 2026 Reg M-A",
  "players": [
    "lakeandbake",
    "Whovian102"
  ],
  "log": "|j|\u203dlakeandbake\n|j|\u2606Whovian102\n|t:|1776315834\n|gametype|doubles\n|player|p1|lakeandbake|iono-masters|1144\n|player|p2|Whovian102|ethan|1056\n|gen|9\n|tier|[Gen 9 Champions] VGC 2026 Reg M-A\n|rated|\n|rule|Species Clause: Limit one of each Pok\u00e9mon\n|rule|Item Clause: Limit 1 of each item\n|clearpoke\n|poke|p1|Drampa, L50, F|\n|poke|p1|Sinistcha, L50|\n|poke|p1|Torkoal, L50, F|\n|poke|p1|Sneasler, L50, M|\n|poke|p1|Incineroar, L50, M|\n|poke|p1|Farigiraf, L50, F|\n|poke|p2|Meganium, L50, M|\n|poke|p2|Pelipper, L50, M|\n|poke|p2|Sinistcha, L50|\n|poke|p2|Aerodactyl, L50, F|\n|poke|p2|Farigiraf, L50, F|\n|poke|p2|Basculegion, L50, M|\n|teampreview|4\n|inactive|Battle timer is ON: inactive players will automatically lose when time's up. (requested by lakeandbake)\nWhovian102 rejected open team sheets.\n|\n|t:|1776315885\n|teamsize|p1|4\n|teamsize|p2|4\n|start\n|switch|p1a: Sneasler|Sneasler, L50, M|100/100\n|switch|p1b: Drampa|Drampa, L50, F|100/100\n|switch|p2a: Aerodactyl|Aerodactyl, L50, F|100/100\n|switch|p2b: Basculegion|Basculegion, L50, M|100/100\n|-ability|p1b: Drampa|Cloud Nine\n|turn|1\n|inactive|lakeandbake has 30 seconds left.\n|inactive|lakeandbake has 20 seconds left.\n|inactive|lakeandbake has 15 seconds left.\n|inactive|lakeandbake has 10 seconds left.\n|inactive|Whovian102 has 30 seconds left.\n|inactive|lakeandbake has 5 seconds left.\n|\n|t:|1776315940\n|move|p1a: Sneasler|Fake Out|p2b: Basculegion\n|-immune|p2b: Basculegion\n|move|p2a: Aerodactyl|Tailwind|p2a: Aerodactyl\n|-sidestart|p2: Whovian102|move: Tailwind\n|move|p2b: Basculegion|Psychic Fangs|p1a: Sneasler\n|-supereffective|p1a: Sneasler|2\n|-enditem|p1a: Sneasler|Focus Sash\n|-damage|p1a: Sneasler|1/100\n|move|p1b: Drampa|Hyper Voice|p2a: Aerodactyl|[spread] p2a\n|-immune|p2b: Basculegion\n|-resisted|p2a: Aerodactyl|1\n|-damage|p2a: Aerodactyl|76/100\n|\n|upkeep\n|turn|2\n|inactive|lakeandbake has 30 seconds left.\n|inactive|lakeandbake has 20 seconds left.\n|inactive|lakeandbake has 15 seconds left.\n|\n|t:|1776315984\n|switch|p1a: Sinistcha|Sinistcha, L50|100/100\n|detailschange|p1b: Drampa|Drampa-Mega, L50, F\n|-mega|p1b: Drampa|Drampa|Drampanite\n|move|p2b: Basculegion|Protect|p2b: Basculegion\n|-singleturn|p2b: Basculegion|Protect\n|move|p2a: Aerodactyl|Earthquake|p1b: Drampa|[spread] p1a,p1b\n|-activate|p2b: Basculegion|move: Protect\n|-resisted|p1a: Sinistcha|1\n|-crit|p1a: Sinistcha\n|-damage|p1a: Sinistcha|85/100\n|-damage|p1b: Drampa|82/100\n|move|p1b: Drampa|Calm Mind|p1b: Drampa\n|-boost|p1b: Drampa|spa|1\n|-boost|p1b: Drampa|spd|1\n|\n|upkeep\n|turn|3\n|inactive|Whovian102 has 30 seconds left.\n|\n|t:|1776316017\n|move|p1b: Drampa|Protect|p1b: Drampa\n|-singleturn|p1b: Drampa|Protect\n|move|p2a: Aerodactyl|Rock Slide|p1b: Drampa|[spread] p1a\n|-activate|p1b: Drampa|move: Protect\n|-damage|p1a: Sinistcha|59/100\n|move|p2b: Basculegion|Last Respects|p1a: Sinistcha\n|-supereffective|p1a: Sinistcha|1\n|-crit|p1a: Sinistcha\n|-damage|p1a: Sinistcha|0 fnt\n|faint|p1a: Sinistcha\n|\n|upkeep\n|inactive|lakeandbake has 30 seconds left.\n|\n|t:|1776316043\n|switch|p1a: Incineroar|Incineroar, L50, M|100/100\n|-ability|p1a: Incineroar|Intimidate|boost\n|-unboost|p2a: Aerodactyl|atk|1\n|-unboost|p2b: Basculegion|atk|1\n|turn|4\n|\n|t:|1776316053\n|switch|p2a: Pelipper|Pelipper, L50, M|100/100\n|-weather|RainDance|[from] ability: Drizzle|[of] p2a: Pelipper\n|move|p2b: Basculegion|Wave Crash|p1a: Incineroar\n|-supereffective|p1a: Incineroar|1\n|-damage|p1a: Incineroar|0 fnt\n|faint|p1a: Incineroar\n|-damage|p2b: Basculegion|70/100|[from] Recoil\n|move|p1b: Drampa|Dragon Pulse|p2b: Basculegion\n|-damage|p2b: Basculegion|0 fnt\n|faint|p2b: Basculegion\n|\n|-weather|RainDance|[upkeep]\n|-sideend|p2: Whovian102|move: Tailwind\n|upkeep\n|\n|t:|1776316066\n|switch|p2b: Meganium|Meganium, L50, M|100/100\n|switch|p1a: Sneasler|Sneasler, L50, M|1/100\n|turn|5\n|\n|t:|1776316080\n|move|p2a: Pelipper|Tailwind|p2a: Pelipper\n|-sidestart|p2: Whovian102|move: Tailwind\n|move|p2b: Meganium|Dazzling Gleam|p1a: Sneasler|[spread] p1a,p1b\n|-supereffective|p1b: Drampa|1\n|-damage|p1a: Sneasler|0 fnt\n|-damage|p1b: Drampa|64/100\n|faint|p1a: Sneasler\n|move|p1b: Drampa|Hyper Voice|p2b: Meganium|[spread] p2a,p2b\n|-damage|p2a: Pelipper|0 fnt\n|-damage|p2b: Meganium|29/100\n|faint|p2a: Pelipper\n|\n|-weather|RainDance|[upkeep]\n|upkeep\n|\n|t:|1776316088\n|switch|p2a: Aerodactyl|Aerodactyl, L50, F|76/100\n|turn|6\n|\n|t:|1776316102\n|detailschange|p2b: Meganium|Meganium-Mega, L50, M\n|-mega|p2b: Meganium|Meganium|Meganiumite\n|move|p1b: Drampa|Protect|p1b: Drampa\n|-singleturn|p1b: Drampa|Protect\n|move|p2a: Aerodactyl|Dual Wingbeat|p1b: Drampa\n|-activate|p1b: Drampa|move: Protect\n|move|p2b: Meganium|Dazzling Gleam|p1b: Drampa\n|-activate|p1b: Drampa|move: Protect\n|\n|-weather|RainDance|[upkeep]\n|upkeep\n|turn|7\n|inactive|lakeandbake has 30 seconds left.\n|inactive|lakeandbake has 20 seconds left.\n|inactive|lakeandbake has 15 seconds left.\n|inactive|lakeandbake has 10 seconds left.\n|\n|t:|1776316150\n|move|p2a: Aerodactyl|Dual Wingbeat|p1b: Drampa\n|-damage|p1b: Drampa|48/100\n|-damage|p1b: Drampa|33/100\n|-hitcount|p1b: Drampa|2\n|-ability|p1b: Drampa|Berserk|boost\n|-boost|p1b: Drampa|spa|1\n|move|p2b: Meganium|Dazzling Gleam|p1b: Drampa\n|-supereffective|p1b: Drampa|1\n|-damage|p1b: Drampa|0 fnt\n|faint|p1b: Drampa\n|\n|win|Whovian102\n|raw|lakeandbake's rating: 1144 &rarr; <strong>1113</strong><br />(-31 for losing)\n|raw|Whovian102's rating: 1056 &rarr; <strong>1095</strong><br />(+39 for winning)\n",
  "uploadtime": 1776316151,
  "views": 20,
  "formatid": "gen9championsvgc2026regma",
  "rating": 1095,
  "private": 0,
  "password": null
}