{
  "id": "gen9championsvgc2026regma-2583250504",
  "format": "[Gen 9 Champions] VGC 2026 Reg M-A",
  "players": [
    "EisenVGC",
    "Mexxiouss"
  ],
  "log": "|j|\u2606EisenVGC\n|j|\u203dMexxiouss\n|t:|1776159532\n|gametype|doubles\n|player|p1|EisenVGC|265|1071\n|player|p2|Mexxiouss|169|1068\n|gen|9\n|tier|[Gen 9 Champions] VGC 2026 Reg M-A\n|rated|\n|rule|Species Clause: Limit one of each Pok\u00e9mon\n|rule|Item Clause: Limit 1 of each item\n|clearpoke\n|poke|p1|Incineroar, L50, F|\n|poke|p1|Venusaur, L50, F|\n|poke|p1|Rotom-Wash, L50|\n|poke|p1|Garchomp, L50, M|\n|poke|p1|Corviknight, L50, F|\n|poke|p1|Ninetales-Alola, L50, F|\n|poke|p2|Froslass, L50, F|\n|poke|p2|Incineroar, L50, F|\n|poke|p2|Garchomp, L50, M|\n|poke|p2|Rotom-Frost, L50|\n|poke|p2|Quaquaval, L50, M|\n|poke|p2|Sinistcha, L50|\n|teampreview|4\n|\n|t:|1776159603\n|teamsize|p1|4\n|teamsize|p2|4\n|start\n|switch|p1a: Garchomp|Garchomp, L50, M|100/100\n|switch|p1b: Incineroar|Incineroar, L50, F|100/100\n|switch|p2a: Garchomp|Garchomp, L50, M|100/100\n|switch|p2b: Rotom|Rotom-Frost, L50|100/100\n|-ability|p1b: Incineroar|Intimidate|boost\n|-unboost|p2a: Garchomp|atk|1\n|-unboost|p2b: Rotom|atk|1\n|turn|1\n|\n|t:|1776159627\n|switch|p1a: Rotom|Rotom-Wash, L50|100/100\n|move|p2b: Rotom|Protect|p2b: Rotom\n|-singleturn|p2b: Rotom|Protect\n|move|p1b: Incineroar|Fake Out|p2a: Garchomp\n|-damage|p2a: Garchomp|90/100\n|cant|p2a: Garchomp|flinch\n|\n|upkeep\n|turn|2\n|\n|t:|1776159644\n|move|p2a: Garchomp|Rock Slide|p1a: Rotom|[spread] p1a,p1b\n|-supereffective|p1b: Incineroar|1\n|-damage|p1a: Rotom|86/100\n|-damage|p1b: Incineroar|81/100\n|move|p2b: Rotom|Volt Switch|p1a: Rotom\n|-damage|p1a: Rotom|51/100\n|\n|t:|1776159670\n|switch|p2b: Froslass|Froslass, L50, F|100/100|[from] Volt Switch\n|cant|p1a: Rotom|flinch\n|cant|p1b: Incineroar|flinch\n|\n|upkeep\n|turn|3\n|\n|t:|1776159694\n|detailschange|p2b: Froslass|Froslass-Mega, L50, F\n|-mega|p2b: Froslass|Froslass|Froslassite\n|-weather|Snowscape|[from] ability: Snow Warning|[of] p2b: Froslass\n|move|p2b: Froslass|Protect|p2b: Froslass\n|-singleturn|p2b: Froslass|Protect\n|move|p2a: Garchomp|Rock Slide|p1a: Rotom|[spread] p1a,p1b\n|-supereffective|p1b: Incineroar|1\n|-damage|p1a: Rotom|36/100\n|-damage|p1b: Incineroar|59/100\n|-enditem|p1a: Rotom|Sitrus Berry|[eat]\n|-heal|p1a: Rotom|61/100|[from] item: Sitrus Berry\n|move|p1a: Rotom|Will-O-Wisp|p2a: Garchomp\n|-status|p2a: Garchomp|brn\n|move|p1b: Incineroar|Parting Shot|p2b: Froslass\n|-activate|p2b: Froslass|move: Protect\n|\n|-weather|Snowscape|[upkeep]\n|-damage|p2a: Garchomp|84/100 brn|[from] brn\n|upkeep\n|turn|4\n|\n|t:|1776159769\n|move|p2b: Froslass|Shadow Ball|p1a: Rotom\n|-damage|p1a: Rotom|8/100\n|move|p2a: Garchomp|Rock Slide|p1a: Rotom|[spread] p1a,p1b\n|-supereffective|p1b: Incineroar|1\n|-damage|p1a: Rotom|0 fnt\n|-damage|p1b: Incineroar|47/100\n|faint|p1a: Rotom\n|move|p1b: Incineroar|Parting Shot|p2b: Froslass\n|-unboost|p2b: Froslass|atk|1\n|-unboost|p2b: Froslass|spa|1\n|\n|t:|1776159779\n|switch|p1b: Garchomp|Garchomp, L50, M|100/100|[from] Parting Shot\n|\n|-weather|Snowscape|[upkeep]\n|-damage|p2a: Garchomp|78/100 brn|[from] brn\n|upkeep\n|\n|t:|1776159784\n|switch|p1a: Venusaur|Venusaur, L50, F|100/100\n|turn|5\n|\n|t:|1776159808\n|detailschange|p1a: Venusaur|Venusaur-Mega, L50, F\n|-mega|p1a: Venusaur|Venusaur|Venusaurite\n|move|p2a: Garchomp|Protect|p2a: Garchomp\n|-singleturn|p2a: Garchomp|Protect\n|move|p1b: Garchomp|Dragon Claw|p2a: Garchomp\n|-activate|p2a: Garchomp|move: Protect\n|move|p2b: Froslass|Blizzard|p1b: Garchomp|[spread] p1a,p1b\n|-supereffective|p1a: Venusaur|1\n|-supereffective|p1b: Garchomp|2\n|-damage|p1a: Venusaur|77/100\n|-damage|p1b: Garchomp|0 fnt\n|faint|p1b: Garchomp\n|move|p1a: Venusaur|Leech Seed|p2b: Froslass\n|-start|p2b: Froslass|move: Leech Seed\n|\n|-weather|Snowscape|[upkeep]\n|-damage|p2b: Froslass|88/100|[from] Leech Seed|[of] p1a: Venusaur\n|-heal|p1a: Venusaur|87/100|[silent]\n|-damage|p2a: Garchomp|72/100 brn|[from] brn\n|upkeep\n|\n|t:|1776159823\n|switch|p1b: Incineroar|Incineroar, L50, F|47/100\n|-ability|p1b: Incineroar|Intimidate|boost\n|-unboost|p2a: Garchomp|atk|1\n|-unboost|p2b: Froslass|atk|1\n|turn|6\n|\n|t:|1776159835\n|move|p2b: Froslass|Protect|p2b: Froslass\n|-singleturn|p2b: Froslass|Protect\n|move|p1b: Incineroar|Fake Out|p2a: Garchomp\n|-damage|p2a: Garchomp|60/100 brn\n|cant|p2a: Garchomp|flinch\n|move|p1a: Venusaur|Leech Seed|p2a: Garchomp\n|-start|p2a: Garchomp|move: Leech Seed\n|\n|-weather|Snowscape|[upkeep]\n|-damage|p2b: Froslass|76/100|[from] Leech Seed|[of] p1a: Venusaur\n|-heal|p1a: Venusaur|96/100|[silent]\n|-damage|p2a: Garchomp|48/100 brn|[from] Leech Seed|[of] p1a: Venusaur\n|-heal|p1a: Venusaur|100/100|[silent]\n|-damage|p2a: Garchomp|42/100 brn|[from] brn\n|upkeep\n|turn|7\n|\n|t:|1776159877\n|switch|p2a: Rotom|Rotom-Frost, L50|100/100\n|move|p2b: Froslass|Blizzard|p1a: Venusaur|[spread] p1a,p1b\n|-supereffective|p1a: Venusaur|1\n|-crit|p1a: Venusaur\n|-resisted|p1b: Incineroar|1\n|-damage|p1a: Venusaur|49/100\n|-damage|p1b: Incineroar|32/100\n|move|p1a: Venusaur|Giga Drain|p2a: Rotom\n|-damage|p2a: Rotom|62/100\n|-heal|p1a: Venusaur|62/100|[from] drain|[of] p2a: Rotom\n|move|p1b: Incineroar|Throat Chop|p2b: Froslass\n|-supereffective|p2b: Froslass|1\n|-damage|p2b: Froslass|9/100\n|-start|p2b: Froslass|Throat Chop|[silent]\n|\n|-weather|none\n|-damage|p2b: Froslass|0 fnt|[from] Leech Seed|[of] p1a: Venusaur\n|-heal|p1a: Venusaur|69/100|[silent]\n|faint|p2b: Froslass\n|upkeep\n|\n|t:|1776159893\n|switch|p2b: Incineroar|Incineroar, L50, F|100/100\n|-ability|p2b: Incineroar|Intimidate|boost\n|-unboost|p1a: Venusaur|atk|1\n|-unboost|p1b: Incineroar|atk|1\n|turn|8\n|\n|t:|1776159910\n|move|p2a: Rotom|Protect|p2a: Rotom\n|-singleturn|p2a: Rotom|Protect\n|move|p1a: Venusaur|Protect|p1a: Venusaur\n|-singleturn|p1a: Venusaur|Protect\n|move|p1b: Incineroar|Parting Shot|p2a: Rotom\n|-activate|p2a: Rotom|move: Protect\n|move|p2b: Incineroar|Flare Blitz|p1a: Venusaur\n|-activate|p1a: Venusaur|move: Protect\n|\n|upkeep\n|turn|9\n|\n|t:|1776159930\n|move|p2a: Rotom|Shadow Ball|p1a: Venusaur\n|-damage|p1a: Venusaur|52/100\n|move|p1a: Venusaur|Leech Seed|p2b: Incineroar\n|-start|p2b: Incineroar|move: Leech Seed\n|move|p1b: Incineroar|Parting Shot|p2a: Rotom\n|-unboost|p2a: Rotom|atk|1\n|-unboost|p2a: Rotom|spa|1\n|move|p2b: Incineroar|Flare Blitz|p1a: Venusaur\n|-supereffective|p1a: Venusaur|1\n|-damage|p1a: Venusaur|20/100\n|-damage|p2b: Incineroar|91/100|[from] Recoil\n|\n|-heal|p2b: Incineroar|97/100|[from] item: Leftovers\n|-damage|p2b: Incineroar|84/100|[from] Leech Seed|[of] p1a: Venusaur\n|-heal|p1a: Venusaur|33/100|[silent]\n|upkeep\n|turn|10\n|\n|t:|1776159960\n|move|p1a: Venusaur|Protect|p1a: Venusaur\n|-singleturn|p1a: Venusaur|Protect\n|move|p2a: Rotom|Blizzard|p1b: Incineroar|[spread] \n|-activate|p1a: Venusaur|move: Protect\n|-miss|p2a: Rotom|p1b: Incineroar\n|move|p1b: Incineroar|Flare Blitz|p2a: Rotom\n|-supereffective|p2a: Rotom|1\n|-damage|p2a: Rotom|0 fnt\n|faint|p2a: Rotom\n|-damage|p1b: Incineroar|19/100|[from] Recoil\n|move|p2b: Incineroar|Flare Blitz|p1a: Venusaur\n|-activate|p1a: Venusaur|move: Protect\n|\n|-heal|p2b: Incineroar|90/100|[from] item: Leftovers\n|-damage|p2b: Incineroar|78/100|[from] Leech Seed|[of] p1a: Venusaur\n|-heal|p1a: Venusaur|47/100|[silent]\n|upkeep\n|\n|t:|1776159976\n|switch|p2a: Garchomp|Garchomp, L50, M|42/100 brn\n|turn|11\n|\n|t:|1776159995\n|move|p2a: Garchomp|Rock Slide|p1b: Incineroar|[spread] p1a,p1b\n|-supereffective|p1b: Incineroar|1\n|-damage|p1a: Venusaur|39/100\n|-damage|p1b: Incineroar|3/100\n|move|p1a: Venusaur|Leech Seed|p2a: Garchomp\n|-start|p2a: Garchomp|move: Leech Seed\n|move|p1b: Incineroar|Parting Shot|p2b: Incineroar\n|-unboost|p2b: Incineroar|atk|1\n|-unboost|p2b: Incineroar|spa|1\n|move|p2b: Incineroar|Flare Blitz|p1a: Venusaur\n|-supereffective|p1a: Venusaur|1\n|-damage|p1a: Venusaur|13/100\n|-damage|p2b: Incineroar|70/100|[from] Recoil\n|\n|-heal|p2b: Incineroar|76/100|[from] item: Leftovers\n|-damage|p2a: Garchomp|30/100 brn|[from] Leech Seed|[of] p1a: Venusaur\n|-heal|p1a: Venusaur|26/100|[silent]\n|-damage|p2b: Incineroar|63/100|[from] Leech Seed|[of] p1a: Venusaur\n|-heal|p1a: Venusaur|39/100|[silent]\n|-damage|p2a: Garchomp|24/100 brn|[from] brn\n|upkeep\n|turn|12\n|\n|t:|1776160045\n|move|p1a: Venusaur|Protect|p1a: Venusaur\n|-singleturn|p1a: Venusaur|Protect\n|move|p2a: Garchomp|Rock Slide|p1b: Incineroar|[spread] p1b\n|-activate|p1a: Venusaur|move: Protect\n|-supereffective|p1b: Incineroar|1\n|-damage|p1b: Incineroar|0 fnt\n|faint|p1b: Incineroar\n|move|p2b: Incineroar|Flare Blitz|p1a: Venusaur\n|-activate|p1a: Venusaur|move: Protect\n|\n|-heal|p2b: Incineroar|69/100|[from] item: Leftovers\n|-damage|p2a: Garchomp|11/100 brn|[from] Leech Seed|[of] p1a: Venusaur\n|-heal|p1a: Venusaur|52/100|[silent]\n|-damage|p2b: Incineroar|57/100|[from] Leech Seed|[of] p1a: Venusaur\n|-heal|p1a: Venusaur|65/100|[silent]\n|-damage|p2a: Garchomp|5/100 brn|[from] brn\n|upkeep\n|turn|13\n|\n|t:|1776160067\n|move|p2a: Garchomp|Dragon Claw|p1a: Venusaur\n|-damage|p1a: Venusaur|47/100\n|move|p1a: Venusaur|Sludge Bomb|p2b: Incineroar\n|-damage|p2b: Incineroar|20/100\n|move|p2b: Incineroar|Flare Blitz|p1a: Venusaur\n|-supereffective|p1a: Venusaur|1\n|-damage|p1a: Venusaur|21/100\n|-status|p1a: Venusaur|brn\n|-damage|p2b: Incineroar|12/100|[from] Recoil\n|\n|-heal|p2b: Incineroar|18/100|[from] item: Leftovers\n|-damage|p2a: Garchomp|0 fnt|[from] Leech Seed|[of] p1a: Venusaur\n|-heal|p1a: Venusaur|26/100 brn|[silent]\n|faint|p2a: Garchomp\n|-damage|p2b: Incineroar|5/100|[from] Leech Seed|[of] p1a: Venusaur\n|-heal|p1a: Venusaur|40/100 brn|[silent]\n|-damage|p1a: Venusaur|34/100 brn|[from] brn\n|upkeep\n|turn|14\n|\n|t:|1776160088\n|move|p1a: Venusaur|Protect|p1a: Venusaur\n|-singleturn|p1a: Venusaur|Protect\n|move|p2b: Incineroar|Flare Blitz|p1a: Venusaur\n|-activate|p1a: Venusaur|move: Protect\n|\n|-heal|p2b: Incineroar|11/100|[from] item: Leftovers\n|-damage|p2b: Incineroar|0 fnt|[from] Leech Seed|[of] p1a: Venusaur\n|-heal|p1a: Venusaur|46/100 brn|[silent]\n|faint|p2b: Incineroar\n|\n|win|EisenVGC\n|raw|EisenVGC's rating: 1071 &rarr; <strong>1100</strong><br />(+29 for winning)\n|raw|Mexxiouss's rating: 1068 &rarr; <strong>1048</strong><br />(-20 for losing)\n|l|\u203dMexxiouss\n|player|p2|\n",
  "uploadtime": 1776160372,
  "views": 17,
  "formatid": "gen9championsvgc2026regma",
  "rating": 1048,
  "private": 0,
  "password": null
}