{
  "id": "gen9championsvgc2026regma-2586470625",
  "format": "[Gen 9 Champions] VGC 2026 Reg M-A",
  "players": [
    "HusbandOfMafia",
    "Lonelylight"
  ],
  "log": "|j|\u2606HusbandOfMafia\n|j|\u2606Lonelylight\n|t:|1776436930\n|gametype|doubles\n|player|p1|HusbandOfMafia|li|1218\n|player|p2|Lonelylight|170|1245\n|gen|9\n|tier|[Gen 9 Champions] VGC 2026 Reg M-A\n|rated|\n|rule|Species Clause: Limit one of each Pok\u00e9mon\n|rule|Item Clause: Limit 1 of each item\n|clearpoke\n|poke|p1|Charizard, L50, M|\n|poke|p1|Garchomp, L50, M|\n|poke|p1|Aerodactyl, L50, F|\n|poke|p1|Incineroar, L50, M|\n|poke|p1|Milotic, L50, F|\n|poke|p1|Sneasler, L50, F|\n|poke|p2|Feraligatr, L50, M|\n|poke|p2|Whimsicott, L50, F|\n|poke|p2|Sinistcha, L50|\n|poke|p2|Kingambit, L50, F|\n|poke|p2|Typhlosion-Hisui, L50, F|\n|poke|p2|Primarina, L50, F|\n|teampreview|4\n|inactive|Battle timer is ON: inactive players will automatically lose when time's up. (requested by Lonelylight)\n|inactive|HusbandOfMafia has 60 seconds left.\n|\n|t:|1776436978\n|teamsize|p1|4\n|teamsize|p2|4\n|start\n|switch|p1a: Aerodactyl|Aerodactyl, L50, F|100/100\n|switch|p1b: Garchomp|Garchomp, L50, M|100/100\n|switch|p2a: Whimsicott|Whimsicott, L50, F|100/100\n|switch|p2b: Feraligatr|Feraligatr, L50, M|100/100\n|-ability|p1a: Aerodactyl|Unnerve\n|turn|1\n|\n|t:|1776436994\n|switch|p1b: Incineroar|Incineroar, L50, M|100/100\n|-ability|p1b: Incineroar|Intimidate|boost\n|-unboost|p2a: Whimsicott|atk|1\n|-unboost|p2b: Feraligatr|atk|1\n|detailschange|p2b: Feraligatr|Feraligatr-Mega, L50, M\n|-mega|p2b: Feraligatr|Feraligatr|Feraligite\n|move|p2a: Whimsicott|Tailwind|p2a: Whimsicott\n|-sidestart|p2: Lonelylight|move: Tailwind\n|move|p2b: Feraligatr|Ice Punch|p1b: Incineroar\n|-resisted|p1b: Incineroar|1\n|-damage|p1b: Incineroar|92/100\n|move|p1a: Aerodactyl|Dual Wingbeat|p2a: Whimsicott\n|-supereffective|p2a: Whimsicott|1\n|-damage|p2a: Whimsicott|46/100\n|-supereffective|p2a: Whimsicott|1\n|-damage|p2a: Whimsicott|0 fnt\n|faint|p2a: Whimsicott\n|-hitcount|p2: Whimsicott|2\n|\n|upkeep\n|\n|t:|1776437000\n|switch|p2a: Primarina|Primarina, L50, F|100/100\n|turn|2\n|\n|t:|1776437020\n|move|p1b: Incineroar|Fake Out|p2b: Feraligatr\n|-damage|p2b: Feraligatr|87/100\n|cant|p2b: Feraligatr|flinch\n|move|p1a: Aerodactyl|Tailwind|p1a: Aerodactyl\n|-sidestart|p1: HusbandOfMafia|move: Tailwind\n|move|p2a: Primarina|Hyper Voice|p1a: Aerodactyl|[spread] p1a,p1b\n|-supereffective|p1a: Aerodactyl|1\n|-supereffective|p1b: Incineroar|1\n|-damage|p1a: Aerodactyl|8/100\n|-damage|p1b: Incineroar|31/100\n|-enditem|p1b: Incineroar|Sitrus Berry|[eat]\n|-heal|p1b: Incineroar|55/100|[from] item: Sitrus Berry\n|\n|upkeep\n|turn|3\n|\n|t:|1776437045\n|move|p2b: Feraligatr|Aqua Jet|p1a: Aerodactyl\n|-supereffective|p1a: Aerodactyl|1\n|-damage|p1a: Aerodactyl|0 fnt\n|faint|p1a: Aerodactyl\n|move|p2a: Primarina|Hyper Voice|p1b: Incineroar\n|-supereffective|p1b: Incineroar|1\n|-damage|p1b: Incineroar|0 fnt\n|faint|p1b: Incineroar\n|\n|upkeep\n|\n|t:|1776437054\n|switch|p1a: Charizard|Charizard, L50, M|100/100\n|switch|p1b: Garchomp|Garchomp, L50, M|100/100\n|turn|4\n|\n|t:|1776437063\n|detailschange|p1a: Charizard|Charizard-Mega-Y, L50, M\n|-mega|p1a: Charizard|Charizard|Charizardite Y\n|-weather|SunnyDay|[from] ability: Drought|[of] p1a: Charizard\n|move|p2b: Feraligatr|Aqua Jet|p1b: Garchomp\n|-damage|p1b: Garchomp|92/100\n|-damage|p2b: Feraligatr|75/100|[from] ability: Rough Skin|[of] p1b: Garchomp\n|move|p1b: Garchomp|Dragon Claw|p2b: Feraligatr\n|-supereffective|p2b: Feraligatr|1\n|-damage|p2b: Feraligatr|0 fnt\n|faint|p2b: Feraligatr\n|move|p1a: Charizard|Solar Beam||[still]\n|-prepare|p1a: Charizard|Solar Beam\n|-anim|p1a: Charizard|Solar Beam|p2a: Primarina\n|-supereffective|p2a: Primarina|1\n|-damage|p2a: Primarina|4/100\n|move|p2a: Primarina|Moonblast|p1b: Garchomp\n|-supereffective|p1b: Garchomp|1\n|-damage|p1b: Garchomp|0 fnt\n|faint|p1b: Garchomp\n|\n|-weather|SunnyDay|[upkeep]\n|-heal|p2a: Primarina|10/100|[from] item: Leftovers\n|-sideend|p2: Lonelylight|move: Tailwind\n|upkeep\n|\n|t:|1776437072\n|switch|p2b: Typhlosion|Typhlosion-Hisui, L50, F|100/100\n|turn|5\n|\n|t:|1776437089\n|move|p2a: Primarina|Protect|p2a: Primarina\n|-singleturn|p2a: Primarina|Protect\n|move|p1a: Charizard|Heat Wave|p2b: Typhlosion|[spread] p2b\n|-activate|p2a: Primarina|move: Protect\n|-resisted|p2b: Typhlosion|1\n|-crit|p2b: Typhlosion\n|-damage|p2b: Typhlosion|31/100\n|move|p2b: Typhlosion|Shadow Ball|p1a: Charizard\n|-damage|p1a: Charizard|60/100\n|\n|-weather|SunnyDay|[upkeep]\n|-heal|p2a: Primarina|16/100|[from] item: Leftovers\n|-sideend|p1: HusbandOfMafia|move: Tailwind\n|upkeep\n|turn|6\n|\n|t:|1776437102\n|move|p2b: Typhlosion|Shadow Ball|p1a: Charizard\n|-damage|p1a: Charizard|21/100\n|move|p1a: Charizard|Heat Wave|p2b: Typhlosion|[spread] p2a,p2b\n|-resisted|p2a: Primarina|1\n|-resisted|p2b: Typhlosion|1\n|-damage|p2a: Primarina|0 fnt\n|-damage|p2b: Typhlosion|0 fnt\n|faint|p2a: Primarina\n|faint|p2b: Typhlosion\n|\n|win|HusbandOfMafia\n|raw|HusbandOfMafia's rating: 1218 &rarr; <strong>1245</strong><br />(+27 for winning)\n|raw|Lonelylight's rating: 1245 &rarr; <strong>1218</strong><br />(-27 for losing)\n|l|\u2606Lonelylight\n|player|p2|\n",
  "uploadtime": 1776437117,
  "views": 38,
  "formatid": "gen9championsvgc2026regma",
  "rating": 1218,
  "private": 0,
  "password": null
}