{
  "id": "gen9championsvgc2026regma-2581208934",
  "format": "[Gen 9 Champions] VGC 2026 Reg M-A",
  "players": [
    "JaxviVGC",
    "moonone"
  ],
  "log": "|j|\u2606JaxviVGC\n|j|\u2606moonone\n|t:|1775971023\n|gametype|doubles\n|player|p1|JaxviVGC|ethan|1292\n|player|p2|moonone|265|1331\n|gen|9\n|tier|[Gen 9 Champions] VGC 2026 Reg M-A\n|rated|\n|rule|Species Clause: Limit one of each Pok\u00e9mon\n|rule|Item Clause: Limit 1 of each item\n|clearpoke\n|poke|p1|Delphox, L50, M|\n|poke|p1|Whimsicott, L50, M|\n|poke|p1|Floette-Eternal, L50, F|\n|poke|p1|Garchomp, L50, F|\n|poke|p1|Sneasler, L50, F|\n|poke|p1|Maushold-Four, L50|\n|poke|p2|Gengar, L50, M|\n|poke|p2|Basculegion, L50, M|\n|poke|p2|Incineroar, L50, F|\n|poke|p2|Pelipper, L50, M|\n|poke|p2|Kingambit, L50, F|\n|poke|p2|Kommo-o, L50, F|\n|teampreview|4\n|j| gE1xjZRtuhW2DdT0AK\n|inactive|Battle timer is ON: inactive players will automatically lose when time's up. (requested by moonone)\n|\n|t:|1775971053\n|teamsize|p1|4\n|teamsize|p2|4\n|start\n|switch|p1a: Sneasler|Sneasler, L50, F|100/100\n|switch|p1b: Floette|Floette-Eternal, L50, F|100/100\n|switch|p2a: Gengar|Gengar, L50, M, shiny|100/100\n|switch|p2b: Basculegion|Basculegion, L50, M|100/100\n|turn|1\n|inactive|JaxviVGC has 30 seconds left.\n|\n|t:|1775971082\n|switch|p1a: Whimsicott|Whimsicott, L50, M|100/100\n|detailschange|p2a: Gengar|Gengar-Mega, L50, M, shiny\n|-mega|p2a: Gengar|Gengar|Gengarite\n|detailschange|p1b: Floette|Floette-Mega, L50, F\n|-mega|p1b: Floette|Floette|Floettite\n|-ability|p1b: Floette|Fairy Aura\n|move|p2b: Basculegion|Flip Turn|p1a: Whimsicott\n|-resisted|p1a: Whimsicott|1\n|-damage|p1a: Whimsicott|74/100\n|\n|t:|1775971092\n|switch|p2b: Incineroar|Incineroar, L50, F|100/100|[from] Flip Turn\n|-ability|p2b: Incineroar|Intimidate|boost\n|-unboost|p1a: Whimsicott|atk|1\n|-unboost|p1b: Floette|atk|1\n|move|p2a: Gengar|Perish Song|p2a: Gengar\n|-start|p1a: Whimsicott|perish3|[silent]\n|-start|p1b: Floette|perish3|[silent]\n|-start|p2a: Gengar|perish3|[silent]\n|-start|p2b: Incineroar|perish3|[silent]\n|-fieldactivate|move: Perish Song\n|move|p1b: Floette|Light of Ruin|p2b: Incineroar|[miss]\n|-miss|p1b: Floette|p2b: Incineroar\n|\n|-start|p2a: Gengar|perish3\n|-start|p1a: Whimsicott|perish3\n|-start|p1b: Floette|perish3\n|-start|p2b: Incineroar|perish3\n|upkeep\n|turn|2\n|\n|t:|1775971110\n|move|p2a: Gengar|Protect|p2a: Gengar\n|-singleturn|p2a: Gengar|Protect\n|move|p2b: Incineroar|Protect|p2b: Incineroar\n|-singleturn|p2b: Incineroar|Protect\n|move|p1a: Whimsicott|Encore|p2a: Gengar\n|-activate|p2a: Gengar|move: Protect\n|move|p1b: Floette|Light of Ruin|p2b: Incineroar\n|-activate|p2b: Incineroar|move: Protect\n|\n|-start|p2a: Gengar|perish2\n|-start|p1a: Whimsicott|perish2\n|-start|p1b: Floette|perish2\n|-start|p2b: Incineroar|perish2\n|upkeep\n|turn|3\n|inactive|moonone has 30 seconds left.\n|\n|t:|1775971141\n|switch|p2a: Kingambit|Kingambit, L50, F|100/100\n|move|p1a: Whimsicott|Encore|p2a: Kingambit\n|-hint|Since gen 7, Dark is immune to Prankster moves.\n|-immune|p2a: Kingambit\n|move|p1b: Floette|Light of Ruin|p2b: Incineroar\n|-damage|p2b: Incineroar|0 fnt\n|faint|p2b: Incineroar\n|-damage|p1b: Floette|33/100|[from] Recoil\n|\n|-start|p1a: Whimsicott|perish1\n|-start|p1b: Floette|perish1\n|upkeep\n|\n|t:|1775971153\n|switch|p2b: Gengar|Gengar-Mega, L50, M, shiny|100/100\n|turn|4\n|\n|t:|1775971160\n|move|p2b: Gengar|Protect|p2b: Gengar\n|-singleturn|p2b: Gengar|Protect\n|move|p2a: Kingambit|Protect|p2a: Kingambit\n|-singleturn|p2a: Kingambit|Protect\n|move|p1a: Whimsicott|Tailwind|p1a: Whimsicott\n|-sidestart|p1: JaxviVGC|move: Tailwind\n|move|p1b: Floette|Dazzling Gleam|p2b: Gengar|[spread] \n|-activate|p2a: Kingambit|move: Protect\n|-activate|p2b: Gengar|move: Protect\n|\n|-start|p1a: Whimsicott|perish0\n|-start|p1b: Floette|perish0\n|faint|p1a: Whimsicott\n|faint|p1b: Floette\n|upkeep\n|\n|t:|1775971168\n|switch|p1a: Garchomp|Garchomp, L50, F|100/100\n|switch|p1b: Sneasler|Sneasler, L50, F|100/100\n|turn|5\n|inactive|moonone has 30 seconds left.\n|\n|t:|1775971195\n|move|p1b: Sneasler|Protect|p1b: Sneasler\n|-singleturn|p1b: Sneasler|Protect\n|move|p2a: Kingambit|Sucker Punch|p1a: Garchomp\n|-damage|p1a: Garchomp|58/100\n|-damage|p2a: Kingambit|88/100|[from] ability: Rough Skin|[of] p1a: Garchomp\n|move|p1a: Garchomp|Earthquake|p2b: Gengar|[spread] p2a,p2b\n|-activate|p1b: Sneasler|move: Protect\n|-supereffective|p2a: Kingambit|1\n|-supereffective|p2b: Gengar|1\n|-damage|p2a: Kingambit|16/100\n|-damage|p2b: Gengar|0 fnt\n|faint|p2b: Gengar\n|\n|upkeep\n|\n|t:|1775971206\n|switch|p2b: Basculegion|Basculegion, L50, M|100/100\n|turn|6\n|\n|t:|1775971226\n|move|p2b: Basculegion|Aqua Jet|p1a: Garchomp\n|-damage|p1a: Garchomp|32/100\n|-damage|p2b: Basculegion|88/100|[from] ability: Rough Skin|[of] p1a: Garchomp\n|move|p2a: Kingambit|Sucker Punch|p1a: Garchomp\n|-damage|p1a: Garchomp|0 fnt\n|-damage|p2a: Kingambit|4/100|[from] ability: Rough Skin|[of] p1a: Garchomp\n|faint|p1a: Garchomp\n|move|p1b: Sneasler|Dire Claw|p2b: Basculegion\n|-resisted|p2b: Basculegion|1\n|-damage|p2b: Basculegion|59/100\n|\n|upkeep\n|turn|7\n|\n|t:|1775971242\n|move|p2b: Basculegion|Aqua Jet|p1b: Sneasler\n|-damage|p1b: Sneasler|59/100\n|move|p2a: Kingambit|Sucker Punch|p1b: Sneasler\n|-resisted|p1b: Sneasler|1\n|-damage|p1b: Sneasler|23/100\n|move|p1b: Sneasler|Dire Claw|p2b: Basculegion\n|-resisted|p2b: Basculegion|1\n|-damage|p2b: Basculegion|28/100\n|\n|-sideend|p1: JaxviVGC|move: Tailwind\n|upkeep\n|turn|8\n|\n|t:|1775971254\n|move|p2b: Basculegion|Aqua Jet|p1b: Sneasler\n|-damage|p1b: Sneasler|0 fnt\n|faint|p1b: Sneasler\n|\n|win|moonone\n|raw|JaxviVGC's rating: 1292 &rarr; <strong>1270</strong><br />(-22 for losing)\n|raw|moonone's rating: 1331 &rarr; <strong>1349</strong><br />(+18 for winning)\n|c|\u2606JaxviVGC|gg\n|l|\u2606JaxviVGC\n|player|p1|\n",
  "uploadtime": 1775971275,
  "views": 23,
  "formatid": "gen9championsvgc2026regma",
  "rating": 1270,
  "private": 0,
  "password": null
}