{
  "id": "gen9championsvgc2026regma-2587564258",
  "format": "[Gen 9 Champions] VGC 2026 Reg M-A",
  "players": [
    "kdjfalkcsd",
    "csr not honse"
  ],
  "log": "|j|\u2606kdjfalkcsd\n|j|\u2606csr not honse\n|t:|1776542663\n|gametype|doubles\n|player|p1|kdjfalkcsd|1|1086\n|player|p2|csr not honse|blackbelt-gen4dp|1087\n|gen|9\n|tier|[Gen 9 Champions] VGC 2026 Reg M-A\n|rated|\n|rule|Species Clause: Limit one of each Pok\u00e9mon\n|rule|Item Clause: Limit 1 of each item\n|clearpoke\n|poke|p1|Empoleon, L50, F|\n|poke|p1|Floette-Eternal, L50, F|\n|poke|p1|Sinistcha-Masterpiece, L50|\n|poke|p1|Incineroar, L50, M|\n|poke|p1|Sneasler, L50, M|\n|poke|p1|Aerodactyl, L50, F|\n|poke|p2|Gengar, L50, M, shiny|\n|poke|p2|Whimsicott, L50, F, shiny|\n|poke|p2|Kommo-o, L50, F, shiny|\n|poke|p2|Incineroar, L50, F, shiny|\n|poke|p2|Kingambit, L50, M, shiny|\n|poke|p2|Primarina, L50, M, shiny|\n|teampreview|4\n|inactive|Battle timer is ON: inactive players will automatically lose when time's up. (requested by csr not honse)\n|inactive|csr not honse has 60 seconds left.\n|inactive|kdjfalkcsd has 60 seconds left.\n|inactive|csr not honse has 30 seconds left.\n|\n|t:|1776542737\n|teamsize|p1|4\n|teamsize|p2|4\n|start\n|switch|p1a: Empoleon|Empoleon, L50, F|100/100\n|switch|p1b: Sneasler|Sneasler, L50, M|100/100\n|switch|p2a: Kingambit|Kingambit, L50, M, shiny|100/100\n|switch|p2b: Primarina|Primarina, L50, M, shiny|100/100\n|turn|1\n|inactive|kdjfalkcsd has 30 seconds left.\n|inactive|csr not honse has 30 seconds left.\n|inactive|kdjfalkcsd has 20 seconds left.\n|inactive|csr not honse has 20 seconds left.\n|inactive|kdjfalkcsd has 15 seconds left.\n|\n|t:|1776542779\n|move|p2a: Kingambit|Protect|p2a: Kingambit\n|-singleturn|p2a: Kingambit|Protect\n|move|p1b: Sneasler|Dire Claw|p2b: Primarina\n|-supereffective|p2b: Primarina|1\n|-enditem|p2b: Primarina|Kebia Berry|[eat]\n|-enditem|p2b: Primarina|Kebia Berry|[weaken]\n|-damage|p2b: Primarina|52/100\n|-status|p2b: Primarina|psn\n|move|p1a: Empoleon|Hydro Pump|p2a: Kingambit\n|-activate|p2a: Kingambit|move: Protect\n|move|p2b: Primarina|Flip Turn|p1b: Sneasler\n|-damage|p1b: Sneasler|71/100\n|\n|t:|1776542790\n|switch|p2b: Gengar|Gengar, L50, M, shiny|100/100|[from] Flip Turn\n|\n|upkeep\n|turn|2\n|inactive|kdjfalkcsd has 30 seconds left.\n|inactive|csr not honse has 30 seconds left.\n|inactive|kdjfalkcsd has 20 seconds left.\n|inactive|kdjfalkcsd has 15 seconds left.\n|inactive|kdjfalkcsd has 10 seconds left.\n|\n|t:|1776542842\n|detailschange|p2b: Gengar|Gengar-Mega, L50, M, shiny\n|-mega|p2b: Gengar|Gengar|Gengarite\n|move|p2a: Kingambit|Sucker Punch|p1b: Sneasler\n|-resisted|p1b: Sneasler|1\n|-damage|p1b: Sneasler|30/100\n|move|p2b: Gengar|Shadow Ball|p1b: Sneasler\n|-damage|p1b: Sneasler|0 fnt\n|faint|p1b: Sneasler\n|move|p1a: Empoleon|Hydro Pump|p2a: Kingambit\n|-damage|p2a: Kingambit|40/100\n|\n|upkeep\n|\n|t:|1776542864\n|switch|p1b: Sinistcha|Sinistcha-Masterpiece, L50|100/100\n|turn|3\n|\n|t:|1776542881\n|move|p1b: Sinistcha|Protect|p1b: Sinistcha\n|-singleturn|p1b: Sinistcha|Protect\n|move|p2a: Kingambit|Sucker Punch|p1a: Empoleon\n|-damage|p1a: Empoleon|53/100\n|move|p2b: Gengar|Shadow Ball|p1b: Sinistcha\n|-activate|p1b: Sinistcha|move: Protect\n|move|p1a: Empoleon|Hydro Pump|p2b: Gengar|[miss]\n|-miss|p1a: Empoleon|p2b: Gengar\n|\n|upkeep\n|turn|4\n|\n|t:|1776542904\n|move|p2b: Gengar|Shadow Ball|p1b: Sinistcha\n|-supereffective|p1b: Sinistcha|1\n|-damage|p1b: Sinistcha|12/100\n|-enditem|p1b: Sinistcha|Sitrus Berry|[eat]\n|-heal|p1b: Sinistcha|36/100|[from] item: Sitrus Berry\n|move|p1a: Empoleon|Hydro Pump|p2b: Gengar\n|-damage|p2b: Gengar|38/100\n|move|p2a: Kingambit|Kowtow Cleave|p1a: Empoleon\n|-damage|p1a: Empoleon|0 fnt\n|faint|p1a: Empoleon\n|move|p1b: Sinistcha|Trick Room|p1b: Sinistcha\n|-fieldstart|move: Trick Room|[of] p1b: Sinistcha\n|\n|upkeep\n|\n|t:|1776542915\n|switch|p1a: Floette|Floette-Eternal, L50, F|100/100\n|turn|5\n|\n|t:|1776542941\n|detailschange|p1a: Floette|Floette-Mega, L50, F\n|-mega|p1a: Floette|Floette|Floettite\n|-ability|p1a: Floette|Fairy Aura\n|move|p1b: Sinistcha|Protect|p1b: Sinistcha\n|-singleturn|p1b: Sinistcha|Protect\n|move|p2a: Kingambit|Kowtow Cleave|p1b: Sinistcha\n|-activate|p1b: Sinistcha|move: Protect\n|move|p1a: Floette|Dazzling Gleam|p2b: Gengar|[spread] p2a,p2b\n|-resisted|p2b: Gengar|1\n|-damage|p2a: Kingambit|0 fnt\n|-damage|p2b: Gengar|8/100\n|faint|p2a: Kingambit\n|move|p2b: Gengar|Sludge Bomb|p1a: Floette\n|-supereffective|p1a: Floette|1\n|-damage|p1a: Floette|28/100\n|\n|upkeep\n|\n|t:|1776542958\n|switch|p2a: Whimsicott|Whimsicott, L50, F, shiny|100/100\n|turn|6\n|\n|t:|1776542980\n|move|p2a: Whimsicott|Protect|p2a: Whimsicott\n|-singleturn|p2a: Whimsicott|Protect\n|move|p2b: Gengar|Protect|p2b: Gengar\n|-singleturn|p2b: Gengar|Protect\n|move|p1b: Sinistcha|Matcha Gotcha|p2b: Gengar|[spread] \n|-activate|p2a: Whimsicott|move: Protect\n|-activate|p2b: Gengar|move: Protect\n|move|p1a: Floette|Dazzling Gleam|p2a: Whimsicott|[spread] \n|-activate|p2a: Whimsicott|move: Protect\n|-activate|p2b: Gengar|move: Protect\n|\n|upkeep\n|turn|7\n|inactive|csr not honse has 30 seconds left.\n|\n|t:|1776543023\n|switch|p2b: Primarina|Primarina, L50, M, shiny|52/100 psn\n|move|p2a: Whimsicott|Encore|p1b: Sinistcha\n|-start|p1b: Sinistcha|Encore\n|move|p1b: Sinistcha|Matcha Gotcha|p2a: Whimsicott|[spread] p2a,p2b\n|-resisted|p2a: Whimsicott|1\n|-supereffective|p2b: Primarina|1\n|-damage|p2a: Whimsicott|86/100\n|-heal|p1b: Sinistcha|44/100|[from] drain|[of] p2a: Whimsicott\n|-damage|p2b: Primarina|13/100 psn\n|-heal|p1b: Sinistcha|64/100|[from] drain|[of] p2b: Primarina\n|-status|p2a: Whimsicott|brn\n|move|p1a: Floette|Dazzling Gleam|p2a: Whimsicott|[spread] p2a,p2b\n|-damage|p2a: Whimsicott|18/100 brn\n|-damage|p2b: Primarina|0 fnt\n|faint|p2b: Primarina\n|\n|-damage|p2a: Whimsicott|12/100 brn|[from] brn\n|upkeep\n|\n|t:|1776543037\n|switch|p2b: Gengar|Gengar-Mega, L50, M, shiny|8/100\n|turn|8\n|\n|t:|1776543052\n|move|p2a: Whimsicott|Protect|p2a: Whimsicott\n|-singleturn|p2a: Whimsicott|Protect\n|move|p2b: Gengar|Protect|p2b: Gengar\n|-singleturn|p2b: Gengar|Protect\n|move|p1b: Sinistcha|Matcha Gotcha|p2b: Gengar|[spread] \n|-activate|p2a: Whimsicott|move: Protect\n|-activate|p2b: Gengar|move: Protect\n|move|p1a: Floette|Dazzling Gleam|p2a: Whimsicott|[spread] \n|-activate|p2a: Whimsicott|move: Protect\n|-activate|p2b: Gengar|move: Protect\n|\n|-damage|p2a: Whimsicott|6/100 brn|[from] brn\n|-fieldend|move: Trick Room\n|upkeep\n|turn|9\n|\n|t:|1776543072\n|move|p2a: Whimsicott|Tailwind|p2a: Whimsicott\n|-sidestart|p2: csr not honse|move: Tailwind\n|move|p2b: Gengar|Sludge Bomb|p1a: Floette\n|-supereffective|p1a: Floette|1\n|-damage|p1a: Floette|0 fnt\n|faint|p1a: Floette\n|move|p1b: Sinistcha|Matcha Gotcha|p2b: Gengar|[spread] p2a,p2b\n|-resisted|p2a: Whimsicott|1\n|-resisted|p2b: Gengar|1\n|-damage|p2a: Whimsicott|0 fnt\n|-heal|p1b: Sinistcha|67/100|[from] drain|[of] p2a: Whimsicott\n|-damage|p2b: Gengar|0 fnt\n|-heal|p1b: Sinistcha|70/100|[from] drain|[of] p2b: Gengar\n|faint|p2a: Whimsicott\n|faint|p2b: Gengar\n|\n|win|kdjfalkcsd\n|raw|kdjfalkcsd's rating: 1086 &rarr; <strong>1113</strong><br />(+27 for winning)\n|raw|csr not honse's rating: 1087 &rarr; <strong>1064</strong><br />(-23 for losing)\n|l|\u2606csr not honse\n|player|p2|\n",
  "uploadtime": 1776543125,
  "views": 14,
  "formatid": "gen9championsvgc2026regma",
  "rating": 1064,
  "private": 0,
  "password": null
}