{
  "id": "gen9championsvgc2026regma-2584716464",
  "format": "[Gen 9 Champions] VGC 2026 Reg M-A",
  "players": [
    "toxmyself",
    "SlowpokeAZ"
  ],
  "log": "|j|\u2606toxmyself\n|j|\u2606SlowpokeAZ\n|t:|1776278709\n|gametype|doubles\n|player|p1|toxmyself|norman|1156\n|player|p2|SlowpokeAZ|169|1073\n|gen|9\n|tier|[Gen 9 Champions] VGC 2026 Reg M-A\n|rated|\n|rule|Species Clause: Limit one of each Pok\u00e9mon\n|rule|Item Clause: Limit 1 of each item\n|clearpoke\n|poke|p1|Charizard, L50, M|\n|poke|p1|Venusaur, L50, F|\n|poke|p1|Garchomp, L50, M|\n|poke|p1|Incineroar, L50, F|\n|poke|p1|Gardevoir, L50, F|\n|poke|p1|Milotic, L50, F|\n|poke|p2|Aggron, L50, M|\n|poke|p2|Alakazam, L50, F|\n|poke|p2|Rotom-Wash, L50|\n|poke|p2|Garchomp, L50, M|\n|poke|p2|Zoroark-Hisui, L50, M|\n|poke|p2|Pelipper, L50, F|\n|teampreview|4\n|inactive|Battle timer is ON: inactive players will automatically lose when time's up. (requested by toxmyself)\n|\n|t:|1776278735\n|teamsize|p1|4\n|teamsize|p2|4\n|start\n|switch|p1a: Charizard|Charizard, L50, M|100/100\n|switch|p1b: Garchomp|Garchomp, L50, M|100/100\n|switch|p2a: Aggron|Aggron, L50, M|100/100\n|switch|p2b: Alakazam|Alakazam, L50, F, shiny|100/100\n|turn|1\n|\n|t:|1776278746\n|detailschange|p1a: Charizard|Charizard-Mega-Y, L50, M\n|-mega|p1a: Charizard|Charizard|Charizardite Y\n|-weather|SunnyDay|[from] ability: Drought|[of] p1a: Charizard\n|detailschange|p2a: Aggron|Aggron-Mega, L50, M\n|-mega|p2a: Aggron|Aggron|Aggronite\n|move|p2b: Alakazam|Light Screen|p2b: Alakazam\n|-sidestart|p2: SlowpokeAZ|move: Light Screen\n|move|p1b: Garchomp|Earthquake|p2b: Alakazam|[spread] p2a,p2b\n|-immune|p1a: Charizard\n|-supereffective|p2a: Aggron|1\n|-damage|p2a: Aggron|72/100\n|-damage|p2b: Alakazam|11/100\n|move|p1a: Charizard|Heat Wave|p2a: Aggron|[spread] p2a,p2b\n|-supereffective|p2a: Aggron|1\n|-damage|p2a: Aggron|0 fnt\n|-damage|p2b: Alakazam|0 fnt\n|faint|p2a: Aggron\n|faint|p2b: Alakazam\n|\n|-weather|SunnyDay|[upkeep]\n|upkeep\n|\n|t:|1776278761\n|switch|p2b: Rotom|Rotom-Wash, L50|100/100\n|switch|p2a: Pelipper|Pelipper, L50, F|100/100\n|-weather|RainDance|[from] ability: Drizzle|[of] p2a: Pelipper\n|turn|2\n|\n|t:|1776278775\n|switch|p1a: Milotic|Milotic, L50, F|100/100\n|move|p1b: Garchomp|Rock Slide|p2a: Pelipper|[spread] p2a,p2b\n|-supereffective|p2a: Pelipper|1\n|-damage|p2a: Pelipper|65/100\n|-damage|p2b: Rotom|79/100\n|cant|p2b: Rotom|flinch\n|move|p2a: Pelipper|Tailwind|p2a: Pelipper\n|-sidestart|p2: SlowpokeAZ|move: Tailwind\n|\n|-weather|RainDance|[upkeep]\n|upkeep\n|turn|3\n|inactive|SlowpokeAZ has 30 seconds left.\n|-activate|p2a: Pelipper|item: Quick Claw\n|\n|t:|1776278804\n|move|p2a: Pelipper|Hurricane|p1a: Milotic\n|-damage|p1a: Milotic|69/100\n|move|p2b: Rotom|Hydro Pump|p1b: Garchomp\n|-damage|p1b: Garchomp|11/100\n|move|p1b: Garchomp|Rock Slide|p2b: Rotom|[spread] p2a,p2b\n|-supereffective|p2a: Pelipper|1\n|-damage|p2a: Pelipper|25/100\n|-damage|p2b: Rotom|56/100\n|move|p1a: Milotic|Life Dew|p1a: Milotic|[spread] p1a,p1b\n|-heal|p1a: Milotic|94/100\n|-heal|p1b: Garchomp|37/100\n|\n|-weather|RainDance|[upkeep]\n|-heal|p1a: Milotic|100/100|[from] item: Leftovers\n|upkeep\n|turn|4\n|inactive|SlowpokeAZ has 30 seconds left.\n|inactive|SlowpokeAZ has 20 seconds left.\n|inactive|SlowpokeAZ has 15 seconds left.\n|inactive|SlowpokeAZ has 10 seconds left.\n|inactive|SlowpokeAZ has 5 seconds left.\n|\n|t:|1776278859\n|move|p1b: Garchomp|Protect|p1b: Garchomp\n|-singleturn|p1b: Garchomp|Protect\n|move|p1a: Milotic|Protect|p1a: Milotic\n|-singleturn|p1a: Milotic|Protect\n|move|p2b: Rotom|Thunderbolt|p1a: Milotic\n|-activate|p1a: Milotic|move: Protect\n|move|p2a: Pelipper|Tailwind||[still]\n|-fail|p2a: Pelipper\n|\n|-weather|RainDance|[upkeep]\n|upkeep\n|turn|5\n|inactive|SlowpokeAZ has 30 seconds left.\n|inactive|SlowpokeAZ has 20 seconds left.\n|inactive|SlowpokeAZ has 15 seconds left.\n|inactive|SlowpokeAZ has 10 seconds left.\n|inactive|SlowpokeAZ has 5 seconds left.\n|\n|t:|1776278914\n|move|p2b: Rotom|Thunderbolt|p1b: Garchomp\n|-immune|p1b: Garchomp\n|move|p2a: Pelipper|Tailwind||[still]\n|-fail|p2a: Pelipper\n|move|p1b: Garchomp|Rock Slide|p2b: Rotom|[spread] p2a\n|-miss|p1b: Garchomp|p2b: Rotom\n|-supereffective|p2a: Pelipper|1\n|-damage|p2a: Pelipper|0 fnt\n|faint|p2a: Pelipper\n|move|p1a: Milotic|Ice Beam|p2b: Rotom\n|-resisted|p2b: Rotom|1\n|-damage|p2b: Rotom|48/100\n|-status|p2b: Rotom|frz\n|-enditem|p2b: Rotom|Sitrus Berry|[eat]\n|-heal|p2b: Rotom|72/100 frz|[from] item: Sitrus Berry\n|\n|-weather|RainDance|[upkeep]\n|-sideend|p2: SlowpokeAZ|move: Light Screen\n|-sideend|p2: SlowpokeAZ|move: Tailwind\n|upkeep\n|turn|6\n|\n|t:|1776278929\n|move|p1b: Garchomp|Dragon Claw|p2b: Rotom\n|-damage|p2b: Rotom|24/100 frz\n|cant|p2b: Rotom|frz\n|move|p1a: Milotic|Life Dew||[still]|[spread] p1a,p1b\n|-fail|p1a: Milotic|heal\n|-heal|p1b: Garchomp|62/100\n|\n|-weather|none\n|upkeep\n|turn|7\n|\n|t:|1776278946\n|move|p1b: Garchomp|Dragon Claw|p2b: Rotom\n|-damage|p2b: Rotom|0 fnt\n|faint|p2b: Rotom\n|\n|win|toxmyself\n|raw|toxmyself's rating: 1156 &rarr; <strong>1174</strong><br />(+18 for winning)\n|raw|SlowpokeAZ's rating: 1052 &rarr; <strong>1039</strong><br />(-13 for losing)\n",
  "uploadtime": 1776278946,
  "views": 23,
  "formatid": "gen9championsvgc2026regma",
  "rating": 1039,
  "private": 0,
  "password": null
}