{
  "id": "gen9championsvgc2026regma-2588894321",
  "format": "[Gen 9 Champions] VGC 2026 Reg M-A",
  "players": [
    "meyownaze2",
    "Yamh"
  ],
  "log": "|j|\u2606meyownaze2\n|j|\u2606Yamh\n|t:|1776683331\n|gametype|doubles\n|player|p1|meyownaze2|preschooler|1366\n|player|p2|Yamh|darach-caitlin|1454\n|gen|9\n|tier|[Gen 9 Champions] VGC 2026 Reg M-A\n|rated|\n|rule|Species Clause: Limit one of each Pok\u00e9mon\n|rule|Item Clause: Limit 1 of each item\n|clearpoke\n|poke|p1|Aggron, L50, M|\n|poke|p1|Pelipper, L50, M|\n|poke|p1|Basculegion, L50, M|\n|poke|p1|Dragonite, L50, F|\n|poke|p1|Sinistcha-Masterpiece, L50|\n|poke|p1|Incineroar, L50, M|\n|poke|p2|Sneasler, L50, F|\n|poke|p2|Kingambit, L50, F|\n|poke|p2|Milotic, L50, F|\n|poke|p2|Basculegion, L50, M|\n|poke|p2|Aerodactyl, L50, M|\n|poke|p2|Floette-Eternal, L50, F|\n|teampreview|4\n|\n|t:|1776683369\n|teamsize|p1|4\n|teamsize|p2|4\n|start\n|switch|p1a: Dragonite|Dragonite, L50, F|100/100\n|switch|p1b: Pelipper|Pelipper, L50, M|100/100\n|switch|p2a: Reptilia|Aerodactyl, L50, M|100/100\n|switch|p2b: Solid Snake|Milotic, L50, F|100/100\n|-ability|p2a: Reptilia|Unnerve\n|-weather|RainDance|[from] ability: Drizzle|[of] p1b: Pelipper\n|turn|1\n|\n|t:|1776683391\n|detailschange|p1a: Dragonite|Dragonite-Mega, L50, F\n|-mega|p1a: Dragonite|Dragonite|Dragoninite\n|move|p1b: Pelipper|Wide Guard|p1b: Pelipper\n|-singleturn|p1b: Pelipper|Wide Guard\n|move|p2a: Reptilia|Tailwind|p2a: Reptilia\n|-sidestart|p2: Yamh|move: Tailwind\n|move|p2b: Solid Snake|Ice Beam|p1a: Dragonite\n|-supereffective|p1a: Dragonite|2\n|-damage|p1a: Dragonite|60/100\n|move|p1a: Dragonite|Thunderbolt|p2b: Solid Snake\n|-supereffective|p2b: Solid Snake|1\n|-damage|p2b: Solid Snake|41/100\n|-enditem|p2b: Solid Snake|Sitrus Berry|[eat]\n|-heal|p2b: Solid Snake|66/100|[from] item: Sitrus Berry\n|\n|-weather|RainDance|[upkeep]\n|upkeep\n|turn|2\n|\n|t:|1776683444\n|move|p1a: Dragonite|Protect|p1a: Dragonite\n|-singleturn|p1a: Dragonite|Protect\n|move|p2a: Reptilia|Rock Slide|p1a: Dragonite|[spread] p1b\n|-activate|p1a: Dragonite|move: Protect\n|-supereffective|p1b: Pelipper|1\n|-damage|p1b: Pelipper|37/100\n|move|p2b: Solid Snake|Scald|p1a: Dragonite\n|-activate|p1a: Dragonite|move: Protect\n|move|p1b: Pelipper|Hurricane|p2b: Solid Snake\n|-damage|p2b: Solid Snake|28/100\n|-start|p2b: Solid Snake|confusion\n|\n|-weather|RainDance|[upkeep]\n|upkeep\n|turn|3\n|\n|t:|1776683466\n|move|p1b: Pelipper|Wide Guard|p1b: Pelipper\n|-singleturn|p1b: Pelipper|Wide Guard\n|move|p2a: Reptilia|Dual Wingbeat|p1b: Pelipper|[miss]\n|-miss|p2a: Reptilia|p1b: Pelipper\n|-activate|p2b: Solid Snake|confusion\n|-damage|p2b: Solid Snake|23/100|[from] confusion\n|move|p1a: Dragonite|Thunderbolt|p2b: Solid Snake\n|-supereffective|p2b: Solid Snake|1\n|-damage|p2b: Solid Snake|0 fnt\n|faint|p2b: Solid Snake\n|\n|-weather|RainDance|[upkeep]\n|upkeep\n|c|\u2606Yamh|Bruh\n|\n|t:|1776683479\n|switch|p2b: \u660e\u661f\u30d2\u30de\u30ea|Floette-Eternal, L50, F|100/100\n|turn|4\n|\n|t:|1776683490\n|switch|p1a: Aggron|Aggron, L50, M|100/100\n|detailschange|p2b: \u660e\u661f\u30d2\u30de\u30ea|Floette-Mega, L50, F\n|-mega|p2b: \u660e\u661f\u30d2\u30de\u30ea|Floette|Floettite\n|-ability|p2b: \u660e\u661f\u30d2\u30de\u30ea|Fairy Aura\n|move|p2a: Reptilia|Dual Wingbeat|p1b: Pelipper|[miss]\n|-miss|p2a: Reptilia|p1b: Pelipper\n|move|p2b: \u660e\u661f\u30d2\u30de\u30ea|Moonblast|p1a: Aggron\n|-resisted|p1a: Aggron|1\n|-damage|p1a: Aggron|56/100\n|move|p1b: Pelipper|Weather Ball|p2a: Reptilia\n|-supereffective|p2a: Reptilia|1\n|-enditem|p2a: Reptilia|Focus Sash\n|-damage|p2a: Reptilia|1/100\n|\n|-weather|RainDance|[upkeep]\n|-sideend|p2: Yamh|move: Tailwind\n|upkeep\n|turn|5\n|\n|t:|1776683516\n|move|p1b: Pelipper|Protect|p1b: Pelipper\n|-singleturn|p1b: Pelipper|Protect\n|move|p2a: Reptilia|Rock Slide|p1b: Pelipper|[spread] p1a\n|-activate|p1b: Pelipper|move: Protect\n|-resisted|p1a: Aggron|1\n|-damage|p1a: Aggron|49/100\n|move|p2b: \u660e\u661f\u30d2\u30de\u30ea|Moonblast|p1a: Aggron\n|-resisted|p1a: Aggron|1\n|-damage|p1a: Aggron|8/100\n|move|p1a: Aggron|Heavy Slam|p2b: \u660e\u661f\u30d2\u30de\u30ea\n|-supereffective|p2b: \u660e\u661f\u30d2\u30de\u30ea|1\n|-damage|p2b: \u660e\u661f\u30d2\u30de\u30ea|21/100\n|\n|-weather|none\n|upkeep\n|turn|6\n|c|\u2606meyownaze2|Dont hit the casinos bruh\n|\n|t:|1776683557\n|move|p1a: Aggron|Protect|p1a: Aggron\n|-singleturn|p1a: Aggron|Protect\n|move|p1b: Pelipper|Wide Guard|p1b: Pelipper\n|-singleturn|p1b: Pelipper|Wide Guard\n|move|p2a: Reptilia|Dual Wingbeat|p1b: Pelipper\n|-damage|p1b: Pelipper|12/100\n|-damage|p1b: Pelipper|0 fnt\n|faint|p1b: Pelipper\n|-hitcount|p1: Pelipper|2\n|move|p2b: \u660e\u661f\u30d2\u30de\u30ea|Moonblast|p1a: Aggron\n|-activate|p1a: Aggron|move: Protect\n|\n|upkeep\n|\n|t:|1776683566\n|switch|p1b: Sinistcha|Sinistcha-Masterpiece, L50|100/100\n|-heal|p1a: Aggron|33/100|[from] ability: Hospitality|[of] p1b: Sinistcha\n|turn|7\n|\n|t:|1776683594\n|move|p2a: Reptilia|Protect|p2a: Reptilia\n|-singleturn|p2a: Reptilia|Protect\n|move|p1b: Sinistcha|Rage Powder|p1b: Sinistcha\n|-singleturn|p1b: Sinistcha|move: Rage Powder\n|move|p2b: \u660e\u661f\u30d2\u30de\u30ea|Moonblast|p1b: Sinistcha\n|-damage|p1b: Sinistcha|28/100\n|move|p1a: Aggron|Heavy Slam|p2b: \u660e\u661f\u30d2\u30de\u30ea\n|-supereffective|p2b: \u660e\u661f\u30d2\u30de\u30ea|1\n|-damage|p2b: \u660e\u661f\u30d2\u30de\u30ea|0 fnt\n|faint|p2b: \u660e\u661f\u30d2\u30de\u30ea\n|\n|upkeep\n|\n|t:|1776683603\n|switch|p2b: Snivel|Sneasler, L50, F|100/100\n|turn|8\n|\n|t:|1776683626\n|move|p1b: Sinistcha|Rage Powder|p1b: Sinistcha\n|-singleturn|p1b: Sinistcha|move: Rage Powder\n|move|p2a: Reptilia|Dual Wingbeat|p1b: Sinistcha|[miss]\n|-miss|p2a: Reptilia|p1b: Sinistcha\n|move|p2b: Snivel|Close Combat|p1b: Sinistcha\n|-immune|p1b: Sinistcha\n|move|p1a: Aggron|Heavy Slam|p2a: Reptilia\n|-supereffective|p2a: Reptilia|1\n|-damage|p2a: Reptilia|0 fnt\n|faint|p2a: Reptilia\n|\n|upkeep\n|turn|9\n|c|\u2606Yamh|Omg\n|c|\u2606Yamh|Bro\n|c|\u2606Yamh|\ud83d\ude2d\n|c|\u2606meyownaze2|gawdamn\n|c|\u2606Yamh|Yeah gg\n|c|\u2606meyownaze2|i feel bad bruh srsly\n|c|\u2606Yamh|It happens\n|c|\u2606Yamh|Thats pokemon\n|\n|t:|1776683662\n|move|p2b: Snivel|Dire Claw|p1b: Sinistcha\n|-damage|p1b: Sinistcha|0 fnt\n|faint|p1b: Sinistcha\n|move|p1a: Aggron|Heavy Slam|p2b: Snivel\n|-damage|p2b: Snivel|20/100\n|\n|upkeep\n|\n|t:|1776683668\n|switch|p1b: Dragonite|Dragonite-Mega, L50, F|60/100\n|turn|10\n|c|\u2606meyownaze2|true\n|c|\u2606Yamh|Ggs\n|-message|Yamh forfeited.\n|\n|win|meyownaze2\n|raw|meyownaze2's rating: 1366 &rarr; <strong>1391</strong><br />(+25 for winning)\n|raw|Yamh's rating: 1454 &rarr; <strong>1429</strong><br />(-25 for losing)\n",
  "uploadtime": 1776683688,
  "views": 22,
  "formatid": "gen9championsvgc2026regma",
  "rating": 1391,
  "private": 0,
  "password": null
}