{
  "id": "gen9championsvgc2026regma-2583622603",
  "format": "[Gen 9 Champions] VGC 2026 Reg M-A",
  "players": [
    "Kronos031706",
    "testteamchamp123"
  ],
  "log": "|j|\u2606Kronos031706\n|j|\u2606testteamchamp123\n|t:|1776187125\n|gametype|doubles\n|player|p1|Kronos031706|169|1060\n|player|p2|testteamchamp123|169|1049\n|gen|9\n|tier|[Gen 9 Champions] VGC 2026 Reg M-A\n|rated|\n|rule|Species Clause: Limit one of each Pok\u00e9mon\n|rule|Item Clause: Limit 1 of each item\n|clearpoke\n|poke|p1|Meganium, L50, F|\n|poke|p1|Vanilluxe, L50, M|\n|poke|p1|Froslass, L50, F|\n|poke|p1|Rotom-Wash, L50|\n|poke|p1|Weavile, L50, M|\n|poke|p1|Lucario, L50, F|\n|poke|p2|Pelipper, L50, M|\n|poke|p2|Meganium, L50, F|\n|poke|p2|Heliolisk, L50, F|\n|poke|p2|Vaporeon, L50, F|\n|poke|p2|Dragonite, L50, F|\n|poke|p2|Toxicroak, L50, M|\n|teampreview|4\n|\n|t:|1776187173\n|teamsize|p1|4\n|teamsize|p2|4\n|start\n|switch|p1a: Froslass|Froslass, L50, F|100/100\n|switch|p1b: Vanilluxe|Vanilluxe, L50, M|100/100\n|switch|p2a: Pelipper|Pelipper, L50, M|100/100\n|switch|p2b: Toxicroak|Toxicroak, L50, M|100/100\n|-weather|RainDance|[from] ability: Drizzle|[of] p2a: Pelipper\n|turn|1\n|\n|t:|1776187196\n|detailschange|p1a: Froslass|Froslass-Mega, L50, F\n|-mega|p1a: Froslass|Froslass|Froslassite\n|-weather|Snowscape|[from] ability: Snow Warning|[of] p1a: Froslass\n|move|p1a: Froslass|Blizzard|p2a: Pelipper|[spread] p2a,p2b\n|-damage|p2a: Pelipper|60/100\n|-damage|p2b: Toxicroak|25/100\n|move|p2b: Toxicroak|Close Combat|p1b: Vanilluxe\n|-supereffective|p1b: Vanilluxe|1\n|-damage|p1b: Vanilluxe|0 fnt\n|-unboost|p2b: Toxicroak|def|1\n|-unboost|p2b: Toxicroak|spd|1\n|faint|p1b: Vanilluxe\n|move|p2a: Pelipper|Tailwind|p2a: Pelipper\n|-sidestart|p2: testteamchamp123|move: Tailwind\n|\n|-weather|Snowscape|[upkeep]\n|upkeep\n|\n|t:|1776187211\n|switch|p1b: Lucario|Lucario, L50, F|100/100\n|turn|2\n|\n|t:|1776187219\n|move|p2a: Pelipper|Wide Guard|p2a: Pelipper\n|-singleturn|p2a: Pelipper|Wide Guard\n|move|p1b: Lucario|Extreme Speed|p2b: Toxicroak\n|-damage|p2b: Toxicroak|0 fnt\n|faint|p2b: Toxicroak\n|move|p1a: Froslass|Blizzard|p2a: Pelipper\n|-activate|p2a: Pelipper|move: Wide Guard\n|\n|-weather|Snowscape|[upkeep]\n|upkeep\n|\n|t:|1776187229\n|switch|p2b: Vaporeon|Vaporeon, L50, F|100/100\n|turn|3\n|\n|t:|1776187245\n|move|p1a: Froslass|Blizzard|p2a: Pelipper|[spread] p2a,p2b\n|-resisted|p2b: Vaporeon|1\n|-damage|p2a: Pelipper|18/100\n|-damage|p2b: Vaporeon|83/100\n|-enditem|p2a: Pelipper|Sitrus Berry|[eat]\n|-heal|p2a: Pelipper|43/100|[from] item: Sitrus Berry\n|move|p2b: Vaporeon|Surf|p1b: Lucario|[spread] p2a,p1a,p1b\n|-resisted|p2a: Pelipper|1\n|-damage|p2a: Pelipper|30/100\n|-damage|p1a: Froslass|67/100\n|-damage|p1b: Lucario|63/100\n|move|p2a: Pelipper|Surf|p1b: Lucario|[spread] p1a,p1b\n|-heal|p2b: Vaporeon|100/100|[from] ability: Water Absorb|[of] p2a: Pelipper\n|-damage|p1a: Froslass|43/100\n|-damage|p1b: Lucario|25/100\n|-enditem|p1b: Lucario|Sitrus Berry|[eat]\n|-heal|p1b: Lucario|50/100|[from] item: Sitrus Berry\n|move|p1b: Lucario|Close Combat|p2b: Vaporeon\n|-damage|p2b: Vaporeon|56/100\n|-unboost|p1b: Lucario|def|1\n|-unboost|p1b: Lucario|spd|1\n|\n|-weather|Snowscape|[upkeep]\n|-heal|p2b: Vaporeon|62/100|[from] item: Leftovers\n|upkeep\n|turn|4\n|\n|t:|1776187277\n|move|p1b: Lucario|Extreme Speed|p2a: Pelipper\n|-damage|p2a: Pelipper|2/100\n|move|p1a: Froslass|Blizzard|p2a: Pelipper|[spread] p2a,p2b\n|-resisted|p2b: Vaporeon|1\n|-damage|p2a: Pelipper|0 fnt\n|-damage|p2b: Vaporeon|44/100\n|faint|p2a: Pelipper\n|move|p2b: Vaporeon|Surf|p1b: Lucario|[spread] p1a,p1b\n|-damage|p1a: Froslass|14/100\n|-damage|p1b: Lucario|0 fnt\n|faint|p1b: Lucario\n|\n|-weather|Snowscape|[upkeep]\n|-heal|p2b: Vaporeon|50/100|[from] item: Leftovers\n|-sideend|p2: testteamchamp123|move: Tailwind\n|upkeep\n|\n|t:|1776187290\n|switch|p1b: Rotom|Rotom-Wash, L50|100/100\n|switch|p2a: Heliolisk|Heliolisk, L50, F|100/100\n|turn|5\n|-activate|p1b: Rotom|item: Quick Claw\n|\n|t:|1776187318\n|move|p1b: Rotom|Hydro Pump|p2a: Heliolisk\n|-immune|p2a: Heliolisk|[from] ability: Dry Skin\n|move|p1a: Froslass|Shadow Ball|p2b: Vaporeon\n|-damage|p2b: Vaporeon|17/100\n|move|p2a: Heliolisk|Surf|p1b: Rotom|[spread] p1a,p1b\n|-heal|p2b: Vaporeon|41/100|[from] ability: Water Absorb|[of] p2a: Heliolisk\n|-resisted|p1b: Rotom|1\n|-damage|p1a: Froslass|0 fnt\n|-damage|p1b: Rotom|89/100\n|faint|p1a: Froslass\n|move|p2b: Vaporeon|Surf|p1b: Rotom|[spread] p1b\n|-immune|p2a: Heliolisk|[from] ability: Dry Skin\n|-resisted|p1b: Rotom|1\n|-damage|p1b: Rotom|73/100\n|\n|-weather|none\n|-heal|p2b: Vaporeon|47/100|[from] item: Leftovers\n|upkeep\n|turn|6\n|-activate|p1b: Rotom|item: Quick Claw\n|\n|t:|1776187337\n|move|p2b: Vaporeon|Protect|p2b: Vaporeon\n|-singleturn|p2b: Vaporeon|Protect\n|move|p1b: Rotom|Thunderbolt|p2b: Vaporeon\n|-activate|p2b: Vaporeon|move: Protect\n|move|p2a: Heliolisk|Hyper Voice|p1b: Rotom\n|-damage|p1b: Rotom|20/100\n|\n|-heal|p2b: Vaporeon|53/100|[from] item: Leftovers\n|upkeep\n|turn|7\n|-activate|p1b: Rotom|item: Quick Claw\n|\n|t:|1776187348\n|move|p2b: Vaporeon|Helping Hand|p2a: Heliolisk\n|-singleturn|p2a: Heliolisk|Helping Hand|[of] p2b: Vaporeon\n|move|p1b: Rotom|Thunderbolt|p2b: Vaporeon\n|-supereffective|p2b: Vaporeon|1\n|-damage|p2b: Vaporeon|0 fnt\n|faint|p2b: Vaporeon\n|move|p2a: Heliolisk|Hyper Voice|p1b: Rotom\n|-damage|p1b: Rotom|0 fnt\n|faint|p1b: Rotom\n|\n|win|testteamchamp123\n|raw|Kronos031706's rating: 1060 &rarr; <strong>1040</strong><br />(-20 for losing)\n|raw|testteamchamp123's rating: 1049 &rarr; <strong>1083</strong><br />(+34 for winning)\n",
  "uploadtime": 1776187358,
  "views": 19,
  "formatid": "gen9championsvgc2026regma",
  "rating": 1040,
  "private": 0,
  "password": null
}