{
  "id": "gen9championsvgc2026regma-2588478965",
  "format": "[Gen 9 Champions] VGC 2026 Reg M-A",
  "players": [
    "matuju2021",
    "VilladsNyengSucks"
  ],
  "log": "|j|\u2606matuju2021\n|j|\u2606VilladsNyengSucks\n|t:|1776637179\n|gametype|doubles\n|player|p1|matuju2021|1|1049\n|player|p2|VilladsNyengSucks|miku-ghost|1098\n|gen|9\n|tier|[Gen 9 Champions] VGC 2026 Reg M-A\n|rated|\n|rule|Species Clause: Limit one of each Pok\u00e9mon\n|rule|Item Clause: Limit 1 of each item\n|clearpoke\n|poke|p1|Floette-Eternal, L50, F|\n|poke|p1|Garchomp, L50, F|\n|poke|p1|Incineroar, L50, M|\n|poke|p1|Rotom-Wash, L50|\n|poke|p1|Aegislash, L50, F|\n|poke|p1|Talonflame, L50, M|\n|poke|p2|Garchomp, L50, F|\n|poke|p2|Aerodactyl, L50, M|\n|poke|p2|Sneasler, L50, M|\n|poke|p2|Gallade, L50, M|\n|poke|p2|Incineroar, L50, F|\n|poke|p2|Aegislash, L50, M|\n|teampreview|4\nVilladsNyengSucks has agreed to open team sheets.\n|inactive|Battle timer is ON: inactive players will automatically lose when time's up. (requested by VilladsNyengSucks)\n|\n|t:|1776637257\n|teamsize|p1|4\n|teamsize|p2|4\n|start\n|switch|p1a: Incineroar|Incineroar, L50, M|100/100\n|switch|p1b: Floette|Floette-Eternal, L50, F|100/100\n|switch|p2a: Sneasler|Sneasler, L50, M|100/100\n|switch|p2b: Aerodactyl|Aerodactyl, L50, M|100/100\n|-ability|p2b: Aerodactyl|Pressure\n|-ability|p1a: Incineroar|Intimidate|boost\n|-unboost|p2a: Sneasler|atk|1\n|-unboost|p2b: Aerodactyl|atk|1\n|-enditem|p2a: Sneasler|White Herb\n|-clearnegativeboost|p2a: Sneasler|[silent]\n|turn|1\n|inactive|matuju2021 has 30 seconds left.\n|inactive|matuju2021 has 20 seconds left.\n|inactive|matuju2021 has 15 seconds left.\n|inactive|matuju2021 has 10 seconds left.\n|\n|t:|1776637303\n|switch|p1a: Rotom|Rotom-Wash, L50|100/100\n|move|p1b: Floette|Protect|p1b: Floette\n|-singleturn|p1b: Floette|Protect\n|move|p2a: Sneasler|Fake Out|p1b: Floette\n|-activate|p1b: Floette|move: Protect\n|move|p2b: Aerodactyl|Rock Slide|p1b: Floette|[spread] p1a\n|-activate|p1b: Floette|move: Protect\n|-damage|p1a: Rotom|84/100\n|\n|upkeep\n|turn|2\n|inactive|matuju2021 has 30 seconds left.\n|inactive|VilladsNyengSucks has 30 seconds left.\n|inactive|matuju2021 has 20 seconds left.\n|inactive|matuju2021 has 15 seconds left.\n|\n|t:|1776637345\n|switch|p1b: Incineroar|Incineroar, L50, M|100/100\n|-ability|p1b: Incineroar|Intimidate|boost\n|-unboost|p2a: Sneasler|atk|1\n|-unboost|p2b: Aerodactyl|atk|1\n|move|p2a: Sneasler|Dire Claw|p1b: Incineroar\n|-damage|p1b: Incineroar|72/100\n|-status|p1b: Incineroar|par\n|move|p2b: Aerodactyl|Tailwind|p2b: Aerodactyl\n|-sidestart|p2: VilladsNyengSucks|move: Tailwind\n|move|p1a: Rotom|Hydro Pump|p2b: Aerodactyl\n|-supereffective|p2b: Aerodactyl|1\n|-enditem|p2b: Aerodactyl|Focus Sash\n|-damage|p2b: Aerodactyl|1/100\n|\n|-heal|p1b: Incineroar|78/100 par|[from] item: Leftovers\n|upkeep\n|turn|3\n|inactive|VilladsNyengSucks has 30 seconds left.\n|\n|t:|1776637372\n|switch|p2b: Aegislash|Aegislash, L50, M|100/100\n|move|p2a: Sneasler|Upper Hand|p1b: Incineroar\n|-supereffective|p1b: Incineroar|1\n|-damage|p1b: Incineroar|33/100 par\n|cant|p1b: Incineroar|flinch\n|move|p1a: Rotom|Will-O-Wisp|p2a: Sneasler\n|-status|p2a: Sneasler|brn\n|\n|-heal|p1b: Incineroar|39/100 par|[from] item: Leftovers\n|-damage|p2a: Sneasler|95/100 brn|[from] brn\n|upkeep\n|turn|4\n|inactive|matuju2021 has 30 seconds left.\n|inactive|matuju2021 has 20 seconds left.\n|\n|t:|1776637408\n|move|p2a: Sneasler|Dire Claw|p1a: Rotom\n|-damage|p1a: Rotom|71/100\n|-formechange|p2b: Aegislash|Aegislash-Blade|\n|move|p2b: Aegislash|Shadow Ball|p1a: Rotom\n|-damage|p1a: Rotom|22/100\n|-enditem|p1a: Rotom|Sitrus Berry|[eat]\n|-heal|p1a: Rotom|47/100|[from] item: Sitrus Berry\n|move|p1a: Rotom|Will-O-Wisp|p2b: Aegislash|[miss]\n|-miss|p1a: Rotom|p2b: Aegislash\n|move|p1b: Incineroar|Parting Shot|p2a: Sneasler\n|-unboost|p2a: Sneasler|atk|1\n|-unboost|p2a: Sneasler|spa|1\n|\n|t:|1776637426\n|switch|p1b: Talonflame|Talonflame, L50, M|100/100|[from] Parting Shot\n|\n|-damage|p2a: Sneasler|89/100 brn|[from] brn\n|upkeep\n|turn|5\n|inactive|VilladsNyengSucks has 30 seconds left.\n|\n|t:|1776637451\n|move|p1a: Rotom|Protect|p1a: Rotom\n|-singleturn|p1a: Rotom|Protect\n|move|p2a: Sneasler|Upper Hand||[still]\n|-fail|p2a: Sneasler\n|move|p1b: Talonflame|Tailwind|p1b: Talonflame\n|-sidestart|p1: matuju2021|move: Tailwind\n|move|p2b: Aegislash|Shadow Ball|p1a: Rotom\n|-activate|p1a: Rotom|move: Protect\n|\n|-damage|p2a: Sneasler|83/100 brn|[from] brn\n|-sideend|p2: VilladsNyengSucks|move: Tailwind\n|upkeep\n|turn|6\n|inactive|matuju2021 has 30 seconds left.\n|\n|t:|1776637477\n|-formechange|p2b: Aegislash|Aegislash|\n|move|p2b: Aegislash|King's Shield|p2b: Aegislash\n|-singleturn|p2b: Aegislash|Protect\n|move|p1b: Talonflame|Flare Blitz|p2b: Aegislash\n|-activate|p2b: Aegislash|move: Protect\n|-unboost|p1b: Talonflame|atk|1\n|move|p2a: Sneasler|Dire Claw|p1a: Rotom\n|-damage|p1a: Rotom|36/100\n|-status|p1a: Rotom|psn\n|move|p1a: Rotom|Thunderbolt|p2b: Aegislash\n|-activate|p2b: Aegislash|move: Protect\n|\n|-damage|p1a: Rotom|24/100 psn|[from] psn\n|-damage|p2a: Sneasler|77/100 brn|[from] brn\n|upkeep\n|turn|7\n|inactive|VilladsNyengSucks has 30 seconds left.\n|\n|t:|1776637508\n|switch|p2b: Garchomp|Garchomp, L50, F|100/100\n|move|p1b: Talonflame|Flare Blitz|p2b: Garchomp\n|-resisted|p2b: Garchomp|1\n|-damage|p2b: Garchomp|85/100\n|-damage|p1b: Talonflame|88/100|[from] ability: Rough Skin|[of] p2b: Garchomp\n|-damage|p1b: Talonflame|82/100|[from] Recoil\n|move|p2a: Sneasler|Dire Claw|p1b: Talonflame\n|-damage|p1b: Talonflame|64/100\n|-status|p1b: Talonflame|psn\n|move|p1a: Rotom|Thunderbolt|p2b: Garchomp\n|-immune|p2b: Garchomp\n|\n|-damage|p1b: Talonflame|52/100 psn|[from] psn\n|-damage|p1a: Rotom|11/100 psn|[from] psn\n|-damage|p2a: Sneasler|71/100 brn|[from] brn\n|upkeep\n|turn|8\n|\n|t:|1776637531\n|move|p1b: Talonflame|Protect|p1b: Talonflame\n|-singleturn|p1b: Talonflame|Protect\n|move|p2a: Sneasler|Dire Claw|p1a: Rotom\n|-damage|p1a: Rotom|0 fnt\n|faint|p1a: Rotom\n|move|p2b: Garchomp|Rock Slide|p1b: Talonflame\n|-activate|p1b: Talonflame|move: Protect\n|\n|-damage|p1b: Talonflame|39/100 psn|[from] psn\n|-damage|p2a: Sneasler|66/100 brn|[from] brn\n|-sideend|p1: matuju2021|move: Tailwind\n|upkeep\n|\n|t:|1776637545\n|switch|p1a: Incineroar|Incineroar, L50, M|39/100 par\n|-ability|p1a: Incineroar|Intimidate|boost\n|-unboost|p2a: Sneasler|atk|1\n|-unboost|p2b: Garchomp|atk|1\n|turn|9\n|\n|t:|1776637568\n|move|p2a: Sneasler|Upper Hand|p1a: Incineroar\n|-supereffective|p1a: Incineroar|1\n|-damage|p1a: Incineroar|27/100 par\n|cant|p1a: Incineroar|flinch\n|move|p2b: Garchomp|Rock Slide|p1b: Talonflame|[spread] p1a,p1b\n|-supereffective|p1a: Incineroar|1\n|-crit|p1a: Incineroar\n|-supereffective|p1b: Talonflame|2\n|-crit|p1b: Talonflame\n|-damage|p1a: Incineroar|0 fnt\n|-damage|p1b: Talonflame|0 fnt\n|faint|p1a: Incineroar\n|faint|p1b: Talonflame\n|\n|-damage|p2a: Sneasler|60/100 brn|[from] brn\n|upkeep\n|\n|t:|1776637590\n|switch|p1b: Floette|Floette-Eternal, L50, F|100/100\n|turn|10\n|\n|t:|1776637609\n|detailschange|p1b: Floette|Floette-Mega, L50, F\n|-mega|p1b: Floette|Floette|Floettite\n|-ability|p1b: Floette|Fairy Aura\n|move|p2a: Sneasler|Dire Claw|p1b: Floette\n|-supereffective|p1b: Floette|1\n|-damage|p1b: Floette|84/100\n|move|p2b: Garchomp|Rock Slide|p1b: Floette\n|-damage|p1b: Floette|68/100\n|move|p1b: Floette|Dazzling Gleam|p2a: Sneasler|[spread] p2a,p2b\n|-crit|p2a: Sneasler\n|-supereffective|p2b: Garchomp|1\n|-damage|p2a: Sneasler|0 fnt\n|-damage|p2b: Garchomp|0 fnt\n|faint|p2a: Sneasler\n|faint|p2b: Garchomp\n|\n|upkeep\n|\n|t:|1776637620\n|switch|p2a: Aegislash|Aegislash, L50, M|100/100\n|switch|p2b: Aerodactyl|Aerodactyl, L50, M|1/100\n|-ability|p2b: Aerodactyl|Pressure\n|turn|11\n|\n|t:|1776637631\n|move|p2a: Aegislash|King's Shield|p2a: Aegislash\n|-singleturn|p2a: Aegislash|Protect\n|move|p2b: Aerodactyl|Tailwind|p2b: Aerodactyl\n|-sidestart|p2: VilladsNyengSucks|move: Tailwind\n|move|p1b: Floette|Dazzling Gleam|p2b: Aerodactyl|[spread] p2b\n|-activate|p2a: Aegislash|move: Protect\n|-damage|p2b: Aerodactyl|0 fnt\n|faint|p2b: Aerodactyl\n|\n|upkeep\n|turn|12\n|\n|t:|1776637643\n|move|p1b: Floette|Protect|p1b: Floette\n|-singleturn|p1b: Floette|Protect\n|-formechange|p2a: Aegislash|Aegislash-Blade|\n|move|p2a: Aegislash|Steel Beam|p1b: Floette\n|-activate|p1b: Floette|move: Protect\n|-damage|p2a: Aegislash|50/100|[from] steelbeam\n|\n|-heal|p2a: Aegislash|56/100|[from] item: Leftovers\n|upkeep\n|turn|13\n|\n|t:|1776637655\n|move|p2a: Aegislash|Steel Beam|p1b: Floette\n|-supereffective|p1b: Floette|1\n|-damage|p1b: Floette|0 fnt\n|-damage|p2a: Aegislash|6/100|[from] steelbeam\n|faint|p1b: Floette\n|\n|win|VilladsNyengSucks\n|raw|matuju2021's rating: 1049 &rarr; <strong>1034</strong><br />(-15 for losing)\n|raw|VilladsNyengSucks's rating: 1098 &rarr; <strong>1120</strong><br />(+22 for winning)\n|l|\u2606matuju2021\n|player|p1|\n",
  "uploadtime": 1776637663,
  "views": 17,
  "formatid": "gen9championsvgc2026regma",
  "rating": 1034,
  "private": 0,
  "password": null
}