{
  "id": "gen9championsvgc2026regma-2581263774",
  "format": "[Gen 9 Champions] VGC 2026 Reg M-A",
  "players": [
    "waiseng",
    "RyushinYuki"
  ],
  "log": "|j|\u2606waiseng\n|j|\u2606RyushinYuki\n|t:|1775978214\n|gametype|doubles\n|player|p1|waiseng|giovanni|1375\n|player|p2|RyushinYuki|cynthia-masters|1455\n|gen|9\n|tier|[Gen 9 Champions] VGC 2026 Reg M-A\n|rated|\n|rule|Species Clause: Limit one of each Pok\u00e9mon\n|rule|Item Clause: Limit 1 of each item\n|clearpoke\n|poke|p1|Basculegion, L50, M|\n|poke|p1|Froslass, L50, F|\n|poke|p1|Garchomp, L50, M|\n|poke|p1|Incineroar, L50, M|\n|poke|p1|Orthworm, L50, M|\n|poke|p1|Rotom-Frost, L50|\n|poke|p2|Corviknight, L50, M|\n|poke|p2|Tyranitar, L50, F|\n|poke|p2|Excadrill, L50, M|\n|poke|p2|Meganium, L50, M|\n|poke|p2|Sneasler, L50, F|\n|poke|p2|Rotom-Wash, L50|\n|teampreview|4\n|j| Azuiir\n|inactive|Battle timer is ON: inactive players will automatically lose when time's up. (requested by waiseng)\n|\n|t:|1775978257\n|teamsize|p1|4\n|teamsize|p2|4\n|start\n|switch|p1a: Orthworm|Orthworm, L50, M|100/100\n|switch|p1b: Garchomp|Garchomp, L50, M|100/100\n|switch|p2a: Corviknight|Corviknight, L50, M|100/100\n|switch|p2b: Excadrill|Excadrill, L50, M|100/100\n|turn|1\n|\n|t:|1775978280\n|move|p2b: Excadrill|Protect|p2b: Excadrill\n|-singleturn|p2b: Excadrill|Protect\n|move|p1b: Garchomp|Earthquake|p2b: Excadrill|[spread] \n|-activate|p2b: Excadrill|move: Protect\n|-immune|p1a: Orthworm|[from] ability: Earth Eater\n|-immune|p2a: Corviknight\n|move|p2a: Corviknight|Tailwind|p2a: Corviknight\n|-sidestart|p2: RyushinYuki|move: Tailwind\n|move|p1a: Orthworm|Iron Defense|p1a: Orthworm\n|-boost|p1a: Orthworm|def|2\n|\n|upkeep\n|turn|2\n|\n|t:|1775978305\n|move|p1b: Garchomp|Protect|p1b: Garchomp\n|-singleturn|p1b: Garchomp|Protect\n|move|p2b: Excadrill|High Horsepower|p1b: Garchomp\n|-activate|p1b: Garchomp|move: Protect\n|move|p2a: Corviknight|Bulk Up|p2a: Corviknight\n|-boost|p2a: Corviknight|atk|1\n|-boost|p2a: Corviknight|def|1\n|move|p1a: Orthworm|Iron Defense|p1a: Orthworm\n|-boost|p1a: Orthworm|def|2\n|\n|upkeep\n|turn|3\n|\n|t:|1775978321\n|move|p2b: Excadrill|High Horsepower|p1b: Garchomp\n|-damage|p1b: Garchomp|46/100\n|move|p2a: Corviknight|Bulk Up|p2a: Corviknight\n|-boost|p2a: Corviknight|atk|1\n|-boost|p2a: Corviknight|def|1\n|move|p1b: Garchomp|Earthquake|p2b: Excadrill|[spread] p2b\n|-immune|p1a: Orthworm|[from] ability: Earth Eater\n|-immune|p2a: Corviknight\n|-supereffective|p2b: Excadrill|1\n|-enditem|p2b: Excadrill|Focus Sash\n|-damage|p2b: Excadrill|1/100\n|move|p1a: Orthworm|Body Press|p2a: Corviknight\n|-damage|p2a: Corviknight|66/100\n|\n|-heal|p2a: Corviknight|72/100|[from] item: Leftovers\n|upkeep\n|turn|4\n|\n|t:|1775978344\n|move|p2b: Excadrill|Protect|p2b: Excadrill\n|-singleturn|p2b: Excadrill|Protect\n|move|p1b: Garchomp|Protect|p1b: Garchomp\n|-singleturn|p1b: Garchomp|Protect\n|move|p2a: Corviknight|Body Press|p1a: Orthworm\n|-supereffective|p1a: Orthworm|1\n|-damage|p1a: Orthworm|84/100\n|move|p1a: Orthworm|Iron Defense|p1a: Orthworm\n|-boost|p1a: Orthworm|def|2\n|\n|-heal|p2a: Corviknight|78/100|[from] item: Leftovers\n|-sideend|p2: RyushinYuki|move: Tailwind\n|upkeep\n|turn|5\n|\n|t:|1775978357\n|move|p1b: Garchomp|Rock Slide|p2a: Corviknight|[spread] p2a,p2b\n|-resisted|p2b: Excadrill|2\n|-damage|p2a: Corviknight|69/100\n|-damage|p2b: Excadrill|0 fnt\n|faint|p2b: Excadrill\n|move|p2a: Corviknight|Tailwind|p2a: Corviknight\n|-sidestart|p2: RyushinYuki|move: Tailwind\n|move|p1a: Orthworm|Body Press|p2a: Corviknight\n|-damage|p2a: Corviknight|19/100\n|\n|-heal|p2a: Corviknight|24/100|[from] item: Leftovers\n|upkeep\n|\n|t:|1775978363\n|switch|p2b: Meganium|Meganium, L50, M|100/100\n|turn|6\n|\n|t:|1775978384\n|detailschange|p2b: Meganium|Meganium-Mega, L50, M\n|-mega|p2b: Meganium|Meganium|Meganiumite\n|move|p1b: Garchomp|Protect|p1b: Garchomp\n|-singleturn|p1b: Garchomp|Protect\n|move|p2b: Meganium|Weather Ball|p1a: Orthworm\n|-supereffective|p1a: Orthworm|1\n|-damage|p1a: Orthworm|0 fnt\n|faint|p1a: Orthworm\n|move|p2a: Corviknight|Brave Bird|p1b: Garchomp\n|-activate|p1b: Garchomp|move: Protect\n|\n|-heal|p2a: Corviknight|30/100|[from] item: Leftovers\n|upkeep\n|\n|t:|1775978393\n|switch|p1a: Froslass|Froslass, L50, F|100/100\n|turn|7\n|\n|t:|1775978417\n|detailschange|p1a: Froslass|Froslass-Mega, L50, F\n|-mega|p1a: Froslass|Froslass|Froslassite\n|-weather|Snowscape|[from] ability: Snow Warning|[of] p1a: Froslass\n|move|p2b: Meganium|Dazzling Gleam|p1a: Froslass|[spread] p1a,p1b\n|-supereffective|p1b: Garchomp|1\n|-damage|p1a: Froslass|56/100\n|-damage|p1b: Garchomp|0 fnt\n|faint|p1b: Garchomp\n|move|p2a: Corviknight|Brave Bird|p1a: Froslass\n|-damage|p1a: Froslass|0 fnt\n|faint|p1a: Froslass\n|-damage|p2a: Corviknight|17/100|[from] Recoil\n|\n|-weather|Snowscape|[upkeep]\n|-heal|p2a: Corviknight|23/100|[from] item: Leftovers\n|upkeep\n|-message|waiseng forfeited.\n|\n|win|RyushinYuki\n|raw|waiseng's rating: 1375 &rarr; <strong>1360</strong><br />(-15 for losing)\n|raw|RyushinYuki's rating: 1455 &rarr; <strong>1470</strong><br />(+15 for winning)\n|l|\u2606waiseng\n|player|p1|\n",
  "uploadtime": 1775978448,
  "views": 91,
  "formatid": "gen9championsvgc2026regma",
  "rating": 1360,
  "private": 0,
  "password": null
}