{
  "id": "gen9championsvgc2026regma-2582715883",
  "format": "[Gen 9 Champions] VGC 2026 Reg M-A",
  "players": [
    "TrickRoomAbooser",
    "L_Yami_H"
  ],
  "log": "|j|\u2606TrickRoomAbooser\n|j|\u2606L_Yami_H\n|t:|1776109200\n|gametype|doubles\n|player|p1|TrickRoomAbooser|101|1138\n|player|p2|L_Yami_H|ghetsis|1220\n|gen|9\n|tier|[Gen 9 Champions] VGC 2026 Reg M-A\n|rated|\n|rule|Species Clause: Limit one of each Pok\u00e9mon\n|rule|Item Clause: Limit 1 of each item\n|clearpoke\n|poke|p1|Chandelure, L50, F|\n|poke|p1|Farigiraf, L50, F|\n|poke|p1|Gliscor, L50, M|\n|poke|p1|Greninja-*, L50, F|\n|poke|p1|Decidueye-Hisui, L50, F|\n|poke|p1|Arcanine-Hisui, L50, M|\n|poke|p2|Sableye, L50, M|\n|poke|p2|Victreebel, L50, F|\n|poke|p2|Farigiraf, L50, M|\n|poke|p2|Araquanid, L50, F|\n|poke|p2|Arcanine, L50, M|\n|poke|p2|Raichu, L50, M|\n|teampreview|4\n|\n|t:|1776109254\n|teamsize|p1|4\n|teamsize|p2|4\n|start\n|switch|p1a: Farigiraf|Farigiraf, L50, F, shiny|100/100\n|switch|p1b: Decidueye|Decidueye-Hisui, L50, F|100/100\n|switch|p2a: Weeber|Araquanid, L50, F|100/100\n|switch|p2b: Gabu|Arcanine, L50, M|100/100\n|-ability|p2b: Gabu|Intimidate|boost\n|-unboost|p1a: Farigiraf|atk|1\n|-fail|p1b: Decidueye|unboost|Attack|[from] ability: Scrappy|[of] p1b: Decidueye\n|turn|1\n|inactive|Battle timer is ON: inactive players will automatically lose when time's up. (requested by L_Yami_H)\n|\n|t:|1776109276\n|move|p2b: Gabu|Will-O-Wisp|p1b: Decidueye\n|-status|p1b: Decidueye|brn\n|move|p1b: Decidueye|Leaf Blade|p2a: Weeber\n|-damage|p2a: Weeber|78/100\n|move|p2a: Weeber|Leech Life|p1a: Farigiraf\n|-supereffective|p1a: Farigiraf|1\n|-damage|p1a: Farigiraf|44/100\n|-heal|p2a: Weeber|100/100|[from] drain|[of] p1a: Farigiraf\n|move|p1a: Farigiraf|Trick Room|p1a: Farigiraf\n|-fieldstart|move: Trick Room|[of] p1a: Farigiraf\n|\n|-damage|p1b: Decidueye|94/100 brn|[from] brn\n|upkeep\n|turn|2\n|inactive|L_Yami_H has 30 seconds left.\n|\n|t:|1776109307\n|move|p2a: Weeber|Leech Life|p1a: Farigiraf\n|-supereffective|p1a: Farigiraf|1\n|-damage|p1a: Farigiraf|0 fnt\n|faint|p1a: Farigiraf\n|move|p1b: Decidueye|Leaf Blade|p2a: Weeber\n|-crit|p2a: Weeber\n|-damage|p2a: Weeber|59/100\n|move|p2b: Gabu|Heat Wave|p1b: Decidueye|[miss]\n|-miss|p2b: Gabu|p1b: Decidueye\n|\n|-heal|p2a: Weeber|65/100|[from] item: Leftovers\n|-damage|p1b: Decidueye|88/100 brn|[from] brn\n|upkeep\n|\n|t:|1776109320\n|switch|p1a: Chandelure|Chandelure, L50, F, shiny|100/100\n|turn|3\n|\n|t:|1776109328\n|detailschange|p1a: Chandelure|Chandelure-Mega, L50, F, shiny\n|-mega|p1a: Chandelure|Chandelure|Chandelurite\n|move|p1a: Chandelure|Protect|p1a: Chandelure\n|-singleturn|p1a: Chandelure|Protect\n|move|p2a: Weeber|Liquidation|p1a: Chandelure\n|-activate|p1a: Chandelure|move: Protect\n|move|p1b: Decidueye|Leaf Blade|p2a: Weeber\n|-crit|p2a: Weeber\n|-damage|p2a: Weeber|29/100\n|move|p2b: Gabu|Snarl|p1b: Decidueye|[spread] p1b\n|-activate|p1a: Chandelure|move: Protect\n|-resisted|p1b: Decidueye|1\n|-damage|p1b: Decidueye|83/100 brn\n|-unboost|p1b: Decidueye|spa|1\n|\n|-heal|p2a: Weeber|35/100|[from] item: Leftovers\n|-damage|p1b: Decidueye|77/100 brn|[from] brn\n|upkeep\n|turn|4\n|\n|t:|1776109346\n|switch|p1a: Greninja|Greninja, L50, F, shiny|100/100\n|move|p2a: Weeber|Liquidation|p1a: Greninja\n|-resisted|p1a: Greninja|1\n|-damage|p1a: Greninja|54/100\n|move|p1b: Decidueye|Leaf Blade|p2a: Weeber\n|-crit|p2a: Weeber\n|-damage|p2a: Weeber|0 fnt\n|faint|p2a: Weeber\n|move|p2b: Gabu|Snarl|p1a: Greninja|[spread] p1a,p1b\n|-resisted|p1a: Greninja|1\n|-resisted|p1b: Decidueye|1\n|-damage|p1a: Greninja|47/100\n|-damage|p1b: Decidueye|73/100 brn\n|-unboost|p1a: Greninja|spa|1\n|-unboost|p1b: Decidueye|spa|1\n|\n|-damage|p1b: Decidueye|67/100 brn|[from] brn\n|upkeep\n|\n|t:|1776109357\n|switch|p2a: Baret|Victreebel, L50, F, shiny|100/100\n|turn|5\n|\n|t:|1776109373\n|detailschange|p2a: Baret|Victreebel-Mega, L50, F, shiny\n|-mega|p2a: Baret|Victreebel|Victreebelite\n|move|p1b: Decidueye|Triple Arrows|p2b: Gabu\n|-crit|p2b: Gabu\n|-damage|p2b: Gabu|72/100\n|-unboost|p2b: Gabu|def|1\n|cant|p2b: Gabu|flinch\n|move|p2a: Baret|Sludge Bomb|p1b: Decidueye\n|-supereffective|p1b: Decidueye|1\n|-damage|p1b: Decidueye|0 fnt\n|faint|p1b: Decidueye\n|move|p1a: Greninja|Hydro Pump|p2b: Gabu\n|-supereffective|p2b: Gabu|1\n|-damage|p2b: Gabu|0 fnt\n|faint|p2b: Gabu\n|\n|-fieldend|move: Trick Room\n|upkeep\n|\n|t:|1776109388\n|switch|p2b: Yami|Sableye, L50, M|100/100\n|switch|p1b: Chandelure|Chandelure-Mega, L50, F, shiny|100/100\n|turn|6\n|\n|t:|1776109405\n|move|p1a: Greninja|Protect|p1a: Greninja\n|-singleturn|p1a: Greninja|Protect\n|move|p2b: Yami|Sucker Punch|p1b: Chandelure\n|-supereffective|p1b: Chandelure|1\n|-damage|p1b: Chandelure|47/100\n|move|p2a: Baret|Sludge Bomb|p1b: Chandelure\n|-resisted|p1b: Chandelure|1\n|-damage|p1b: Chandelure|25/100\n|-status|p1b: Chandelure|psn\n|move|p1b: Chandelure|Flamethrower|p2a: Baret\n|-supereffective|p2a: Baret|1\n|-crit|p2a: Baret\n|-damage|p2a: Baret|0 fnt\n|-damage|p1b: Chandelure|0 fnt|[from] ability: Innards Out|[of] p2a: Baret\n|faint|p2a: Baret\n|faint|p1b: Chandelure\n|\n|upkeep\n|turn|7\n|inactive|TrickRoomAbooser has 30 seconds left.\n|\n|t:|1776109440\n|move|p2b: Yami|Sucker Punch|p1a: Greninja\n|-resisted|p1a: Greninja|1\n|-damage|p1a: Greninja|29/100\n|move|p1a: Greninja|Hydro Pump|p2b: Yami\n|-damage|p2b: Yami|0 fnt\n|faint|p2b: Yami\n|\n|win|TrickRoomAbooser\n|raw|TrickRoomAbooser's rating: 1138 &rarr; <strong>1169</strong><br />(+31 for winning)\n|raw|L_Yami_H's rating: 1220 &rarr; <strong>1189</strong><br />(-31 for losing)\n|l|\u2606L_Yami_H\n|player|p2|\n",
  "uploadtime": 1776109517,
  "views": 17,
  "formatid": "gen9championsvgc2026regma",
  "rating": 1169,
  "private": 0,
  "password": null
}