{
  "id": "gen9championsvgc2026regma-2586689395",
  "format": "[Gen 9 Champions] VGC 2026 Reg M-A",
  "players": [
    "strami",
    "londi g"
  ],
  "log": "|j|\u2606strami\n|j|\u2606londi g\n|t:|1776452375\n|gametype|doubles\n|player|p1|strami|hoopster|1395\n|player|p2|londi g|colress|1428\n|gen|9\n|tier|[Gen 9 Champions] VGC 2026 Reg M-A\n|rated|\n|rule|Species Clause: Limit one of each Pok\u00e9mon\n|rule|Item Clause: Limit 1 of each item\n|clearpoke\n|poke|p1|Scovillain, L50, M|\n|poke|p1|Primarina, L50, F|\n|poke|p1|Aerodactyl, L50, F|\n|poke|p1|Sneasler, L50, M|\n|poke|p1|Garchomp, L50, F|\n|poke|p1|Sinistcha, L50|\n|poke|p2|Floette-Eternal, L50, F|\n|poke|p2|Garchomp, L50, F|\n|poke|p2|Incineroar, L50, F|\n|poke|p2|Sinistcha, L50|\n|poke|p2|Delphox, L50, M|\n|poke|p2|Whimsicott, L50, M|\n|teampreview|4\n|inactive|Battle timer is ON: inactive players will automatically lose when time's up. (requested by strami)\n|c|\u2606londi g|gl\n|inactive|strami has 60 seconds left.\n|inactive|londi g has 60 seconds left.\n|\n|t:|1776452430\n|teamsize|p1|4\n|teamsize|p2|4\n|start\n|switch|p1a: Aerodactyl|Aerodactyl, L50, F|100/100\n|switch|p1b: Sneasler|Sneasler, L50, M|100/100\n|switch|p2a: Delphox|Delphox, L50, M|100/100\n|switch|p2b: Whimsicott|Whimsicott, L50, M|100/100\n|turn|1\n|inactive|strami has 30 seconds left.\n|inactive|londi g has 30 seconds left.\n|inactive|londi g has 20 seconds left.\n|\n|t:|1776452472\n|switch|p2b: Incineroar|Incineroar, L50, F|100/100\n|-ability|p2b: Incineroar|Intimidate|boost\n|-unboost|p1a: Aerodactyl|atk|1\n|-unboost|p1b: Sneasler|atk|1\n|-enditem|p1b: Sneasler|White Herb\n|-clearnegativeboost|p1b: Sneasler|[silent]\n|detailschange|p2a: Delphox|Delphox-Mega, L50, M\n|-mega|p2a: Delphox|Delphox|Delphoxite\n|move|p1b: Sneasler|Fake Out|p2a: Delphox\n|-damage|p2a: Delphox|78/100\n|cant|p2a: Delphox|flinch\n|move|p1a: Aerodactyl|Tailwind|p1a: Aerodactyl\n|-sidestart|p1: strami|move: Tailwind\n|\n|upkeep\n|turn|2\n|inactive|londi g has 30 seconds left.\n|inactive|londi g has 20 seconds left.\n|\n|t:|1776452509\n|move|p1a: Aerodactyl|Protect|p1a: Aerodactyl\n|-singleturn|p1a: Aerodactyl|Protect\n|move|p2b: Incineroar|Fake Out|p1a: Aerodactyl\n|-activate|p1a: Aerodactyl|move: Protect\n|move|p1b: Sneasler|Close Combat|p2b: Incineroar\n|-supereffective|p2b: Incineroar|1\n|-damage|p2b: Incineroar|1/100\n|-unboost|p1b: Sneasler|def|1\n|-unboost|p1b: Sneasler|spd|1\n|-enditem|p2b: Incineroar|Sitrus Berry|[eat]\n|-heal|p2b: Incineroar|26/100|[from] item: Sitrus Berry\n|move|p2a: Delphox|Psychic|p1b: Sneasler\n|-supereffective|p1b: Sneasler|2\n|-damage|p1b: Sneasler|0 fnt\n|faint|p1b: Sneasler\n|\n|upkeep\n|\n|t:|1776452519\n|switch|p1b: Primarina|Primarina, L50, F, shiny|100/100\n|turn|3\n|\n|t:|1776452529\n|move|p2a: Delphox|Protect|p2a: Delphox\n|-singleturn|p2a: Delphox|Protect\n|move|p1a: Aerodactyl|Rock Slide|p2a: Delphox|[spread] p2b\n|-activate|p2a: Delphox|move: Protect\n|-supereffective|p2b: Incineroar|1\n|-damage|p2b: Incineroar|0 fnt\n|faint|p2b: Incineroar\n|move|p1b: Primarina|Hyper Voice|p2a: Delphox\n|-activate|p2a: Delphox|move: Protect\n|\n|upkeep\n|\n|t:|1776452542\n|switch|p2b: Sinistcha|Sinistcha, L50|100/100\n|-heal|p2a: Delphox|100/100|[from] ability: Hospitality|[of] p2b: Sinistcha\n|turn|4\n|\n|t:|1776452565\n|switch|p2a: Whimsicott|Whimsicott, L50, M|100/100\n|move|p1a: Aerodactyl|Rock Slide|p2a: Whimsicott|[spread] p2a,p2b\n|-damage|p2a: Whimsicott|78/100\n|-damage|p2b: Sinistcha|86/100\n|move|p1b: Primarina|Calm Mind|p1b: Primarina\n|-boost|p1b: Primarina|spa|1\n|-boost|p1b: Primarina|spd|1\n|cant|p2b: Sinistcha|flinch\n|\n|-heal|p2b: Sinistcha|93/100|[from] item: Leftovers\n|-sideend|p1: strami|move: Tailwind\n|upkeep\n|turn|5\n|\n|t:|1776452590\n|switch|p1b: Scovillain|Scovillain, L50, M, shiny|100/100\n|move|p2a: Whimsicott|Encore||[still]\n|-fail|p2a: Whimsicott\n|move|p1a: Aerodactyl|Tailwind|p1a: Aerodactyl\n|-sidestart|p1: strami|move: Tailwind\n|move|p2b: Sinistcha|Matcha Gotcha|p1a: Aerodactyl|[spread] p1b\n|-miss|p2b: Sinistcha|p1a: Aerodactyl\n|-resisted|p1b: Scovillain|2\n|-damage|p1b: Scovillain|94/100\n|-heal|p2b: Sinistcha|96/100|[from] drain|[of] p1b: Scovillain\n|\n|-heal|p2b: Sinistcha|100/100|[from] item: Leftovers\n|-ability|p1b: Scovillain|Moody|boost\n|-boost|p1b: Scovillain|spe|2\n|-unboost|p1b: Scovillain|spa|1\n|upkeep\n|turn|6\n|c|\u2606londi g|in terms of matcha lands, we have no matcha lands\n|inactive|londi g has 30 seconds left.\n|inactive|strami has 30 seconds left.\n|inactive|londi g has 20 seconds left.\n|inactive|strami has 20 seconds left.\n|inactive|londi g has 15 seconds left.\n|inactive|strami has 15 seconds left.\n|\n|t:|1776452643\n|detailschange|p1b: Scovillain|Scovillain-Mega, L50, M, shiny\n|-mega|p1b: Scovillain|Scovillain|Scovillainite\n|move|p2a: Whimsicott|Encore|p1a: Aerodactyl\n|-start|p1a: Aerodactyl|Encore\n|move|p1a: Aerodactyl|Tailwind||[still]\n|-fail|p1a: Aerodactyl\n|move|p1b: Scovillain|Flamethrower|p2b: Sinistcha\n|-supereffective|p2b: Sinistcha|1\n|-damage|p2b: Sinistcha|52/100\n|move|p2b: Sinistcha|Trick Room|p2b: Sinistcha\n|-fieldstart|move: Trick Room|[of] p2b: Sinistcha\n|\n|-heal|p2b: Sinistcha|58/100|[from] item: Leftovers\n|upkeep\n|turn|7\n|\n|t:|1776452663\n|switch|p2a: Delphox|Delphox-Mega, L50, M|100/100\n|switch|p1a: Primarina|Primarina, L50, F, shiny|100/100\n|move|p2b: Sinistcha|Life Dew||[still]|[spread] p2a,p2b\n|-fail|p2a: Delphox|heal\n|-heal|p2b: Sinistcha|84/100\n|move|p1b: Scovillain|Flamethrower|p2a: Delphox\n|-resisted|p2a: Delphox|1\n|-crit|p2a: Delphox\n|-damage|p2a: Delphox|73/100\n|\n|-heal|p2b: Sinistcha|90/100|[from] item: Leftovers\n|upkeep\n|turn|8\n|\n|t:|1776452683\n|move|p2b: Sinistcha|Matcha Gotcha|p1b: Scovillain|[spread] p1a,p1b\n|-supereffective|p1a: Primarina|1\n|-resisted|p1b: Scovillain|2\n|-damage|p1a: Primarina|58/100\n|-heal|p2b: Sinistcha|100/100|[from] drain|[of] p1a: Primarina\n|-damage|p1b: Scovillain|89/100\n|-status|p2b: Sinistcha|brn|[from] ability: Spicy Spray|[of] p1b: Scovillain\n|move|p1a: Primarina|Calm Mind|p1a: Primarina\n|-boost|p1a: Primarina|spa|1\n|-boost|p1a: Primarina|spd|1\n|move|p2a: Delphox|Heat Wave|p1a: Primarina|[spread] p1a,p1b\n|-resisted|p1a: Primarina|1\n|-crit|p1b: Scovillain\n|-damage|p1a: Primarina|47/100\n|-damage|p1b: Scovillain|19/100\n|-immune|p2a: Delphox\n|move|p1b: Scovillain|Flamethrower|p2b: Sinistcha\n|-supereffective|p2b: Sinistcha|1\n|-damage|p2b: Sinistcha|53/100 brn\n|\n|-heal|p2b: Sinistcha|59/100 brn|[from] item: Leftovers\n|-heal|p1a: Primarina|53/100|[from] item: Leftovers\n|-damage|p2b: Sinistcha|53/100 brn|[from] brn\n|-sideend|p1: strami|move: Tailwind\n|upkeep\n|turn|9\n|inactive|londi g has 30 seconds left.\n|\n|t:|1776452715\n|move|p2b: Sinistcha|Matcha Gotcha|p1b: Scovillain|[spread] p1a,p1b\n|-supereffective|p1a: Primarina|1\n|-resisted|p1b: Scovillain|2\n|-damage|p1a: Primarina|22/100\n|-heal|p2b: Sinistcha|68/100 brn|[from] drain|[of] p1a: Primarina\n|-damage|p1b: Scovillain|13/100\n|-heal|p2b: Sinistcha|71/100 brn|[from] drain|[of] p1b: Scovillain\n|move|p1a: Primarina|Hyper Voice|p2b: Sinistcha|[spread] p2a,p2b\n|-supereffective|p2a: Delphox|1\n|-resisted|p2b: Sinistcha|1\n|-damage|p2a: Delphox|0 fnt\n|-damage|p2b: Sinistcha|48/100 brn\n|faint|p2a: Delphox\n|move|p1b: Scovillain|Flamethrower|p2b: Sinistcha\n|-supereffective|p2b: Sinistcha|1\n|-damage|p2b: Sinistcha|0 fnt\n|faint|p2b: Sinistcha\n|\n|-heal|p1a: Primarina|28/100|[from] item: Leftovers\n|upkeep\n|\n|t:|1776452727\n|switch|p2b: Whimsicott|Whimsicott, L50, M|78/100\n|turn|10\n|\n|t:|1776452737\n|move|p1a: Primarina|Moonblast|p2b: Whimsicott\n|-damage|p2b: Whimsicott|0 fnt\n|faint|p2b: Whimsicott\n|\n|win|strami\n|raw|strami's rating: 1395 &rarr; <strong>1417</strong><br />(+22 for winning)\n|raw|londi g's rating: 1428 &rarr; <strong>1406</strong><br />(-22 for losing)\n|l|\u2606londi g\n|player|p2|\n",
  "uploadtime": 1776452853,
  "views": 42,
  "formatid": "gen9championsvgc2026regma",
  "rating": 1406,
  "private": 0,
  "password": null
}