{
  "id": "gen9championsvgc2026regma-2588045474",
  "format": "[Gen 9 Champions] VGC 2026 Reg M-A",
  "players": [
    "Sibartzy",
    "dakak o"
  ],
  "log": "|j|\u2606Sibartzy\n|j|\u2606dakak o\n|t:|1776597489\n|gametype|doubles\n|player|p1|Sibartzy|whitney|1056\n|player|p2|dakak o|170|1000\n|gen|9\n|tier|[Gen 9 Champions] VGC 2026 Reg M-A\n|rated|\n|rule|Species Clause: Limit one of each Pok\u00e9mon\n|rule|Item Clause: Limit 1 of each item\n|clearpoke\n|poke|p1|Tyranitar, L50, M|\n|poke|p1|Aggron, L50, M|\n|poke|p1|Ninetales-Alola, L50, M|\n|poke|p1|Sinistcha, L50|\n|poke|p1|Slowking, L50, F|\n|poke|p1|Sneasler, L50, M|\n|poke|p2|Dragapult, L50, M|\n|poke|p2|Dragonite, L50, F|\n|poke|p2|Mr. Rime, L50, M|\n|poke|p2|Krookodile, L50, F|\n|poke|p2|Gyarados, L50, F|\n|poke|p2|Skeledirge, L50, F|\n|teampreview|4\n|inactive|Battle timer is ON: inactive players will automatically lose when time's up. (requested by Sibartzy)\n|inactive|Sibartzy has 60 seconds left.\n|\n|t:|1776597523\n|teamsize|p1|4\n|teamsize|p2|4\n|start\n|switch|p1a: Ninetales|Ninetales-Alola, L50, M|100/100\n|switch|p1b: Aggron|Aggron, L50, M|100/100\n|switch|p2a: Gyarados|Gyarados, L50, F|100/100\n|switch|p2b: Krookodile|Krookodile, L50, F|100/100\n|-weather|Snowscape|[from] ability: Snow Warning|[of] p1a: Ninetales\n|-ability|p2b: Krookodile|Intimidate|boost\n|-unboost|p1a: Ninetales|atk|1\n|-unboost|p1b: Aggron|atk|1\n|-ability|p2a: Gyarados|Intimidate|boost\n|-unboost|p1a: Ninetales|atk|1\n|-unboost|p1b: Aggron|atk|1\n|turn|1\n|inactive|Sibartzy has 30 seconds left.\n|inactive|dakak o has 30 seconds left.\n|\n|t:|1776597554\n|detailschange|p1b: Aggron|Aggron-Mega, L50, M\n|-mega|p1b: Aggron|Aggron|Aggronite\n|move|p1a: Ninetales|Aurora Veil|p1a: Ninetales\n|-sidestart|p1: Sibartzy|move: Aurora Veil\n|move|p2b: Krookodile|Knock Off|p1a: Ninetales\n|-resisted|p1a: Ninetales|1\n|-damage|p1a: Ninetales|90/100\n|-enditem|p1a: Ninetales|Babiri Berry|[from] move: Knock Off|[of] p2b: Krookodile\n|move|p2a: Gyarados|Aqua Tail|p1b: Aggron\n|-damage|p1b: Aggron|88/100\n|move|p1b: Aggron|Iron Defense|p1b: Aggron\n|-boost|p1b: Aggron|def|2\n|\n|-weather|Snowscape|[upkeep]\n|upkeep\n|turn|2\n|\n|t:|1776597573\n|switch|p1a: Tyranitar|Tyranitar, L50, M|100/100\n|-weather|Sandstorm|[from] ability: Sand Stream|[of] p1a: Tyranitar\n|switch|p2a: Skeledirge|Skeledirge, L50, F|100/100\n|move|p2b: Krookodile|Knock Off|p1b: Aggron\n|-damage|p1b: Aggron|85/100\n|move|p1b: Aggron|Iron Defense|p1b: Aggron\n|-boost|p1b: Aggron|def|2\n|\n|-weather|Sandstorm|[upkeep]\n|-damage|p2a: Skeledirge|95/100|[from] Sandstorm\n|upkeep\n|turn|3\n|\n|t:|1776597593\n|move|p2a: Skeledirge|Fire Fang|p1b: Aggron\n|-supereffective|p1b: Aggron|1\n|-damage|p1b: Aggron|81/100\n|move|p2b: Krookodile|Dark Pulse|p1a: Tyranitar\n|-resisted|p1a: Tyranitar|1\n|-damage|p1a: Tyranitar|96/100\n|move|p1a: Tyranitar|Knock Off|p2a: Skeledirge\n|-supereffective|p2a: Skeledirge|1\n|-damage|p2a: Skeledirge|0 fnt\n|-enditem|p2a: Skeledirge|Choice Scarf|[from] move: Knock Off|[of] p1a: Tyranitar\n|faint|p2a: Skeledirge\n|move|p1b: Aggron|Body Press|p2b: Krookodile\n|-supereffective|p2b: Krookodile|1\n|-enditem|p2b: Krookodile|Focus Sash\n|-damage|p2b: Krookodile|1/100\n|\n|-weather|Sandstorm|[upkeep]\n|upkeep\n|\n|t:|1776597600\n|switch|p2a: Dragapult|Dragapult, L50, M|100/100\n|turn|4\n|\n|t:|1776597618\n|move|p2a: Dragapult|Draco Meteor|p1b: Aggron\n|-resisted|p1b: Aggron|1\n|-damage|p1b: Aggron|66/100\n|-unboost|p2a: Dragapult|spa|2\n|move|p2b: Krookodile|Earthquake|p1a: Tyranitar|[spread] p2a,p1a,p1b\n|-supereffective|p1a: Tyranitar|1\n|-supereffective|p1b: Aggron|1\n|-damage|p2a: Dragapult|74/100\n|-damage|p1a: Tyranitar|67/100\n|-damage|p1b: Aggron|61/100\n|move|p1a: Tyranitar|Rock Slide|p2b: Krookodile|[spread] p2b\n|-miss|p1a: Tyranitar|p2a: Dragapult\n|-resisted|p2b: Krookodile|1\n|-damage|p2b: Krookodile|0 fnt\n|faint|p2b: Krookodile\n|move|p1b: Aggron|Iron Defense|p1b: Aggron\n|-boost|p1b: Aggron|def|2\n|\n|-weather|Sandstorm|[upkeep]\n|-damage|p2a: Dragapult|68/100|[from] Sandstorm\n|-heal|p2a: Dragapult|74/100|[from] item: Leftovers\n|upkeep\n|inactive|dakak o has 30 seconds left.\n|inactive|dakak o has 20 seconds left.\n|inactive|dakak o has 15 seconds left.\n|inactive|dakak o has 10 seconds left.\n|inactive|dakak o has 5 seconds left.\n|\n|t:|1776597673\n|switch|p2b: Gyarados|Gyarados, L50, F|100/100\n|-ability|p2b: Gyarados|Intimidate|boost\n|-unboost|p1a: Tyranitar|atk|1\n|-unboost|p1b: Aggron|atk|1\n|turn|5\n|inactive|dakak o has 30 seconds left.\n|inactive|dakak o has 20 seconds left.\n|inactive|dakak o has 15 seconds left.\n|inactive|dakak o has 10 seconds left.\n|inactive|dakak o has 5 seconds left.\n|\n|t:|1776597728\n|switch|p1a: Sinistcha|Sinistcha, L50|100/100\n|-heal|p1b: Aggron|85/100|[from] ability: Hospitality|[of] p1a: Sinistcha\n|move|p1b: Aggron|Protect|p1b: Aggron\n|-singleturn|p1b: Aggron|Protect\n|move|p2a: Dragapult|Draco Meteor|p1a: Sinistcha\n|-damage|p1a: Sinistcha|83/100\n|-unboost|p2a: Dragapult|spa|2\n|move|p2b: Gyarados|Aqua Tail|p1a: Sinistcha\n|-resisted|p1a: Sinistcha|1\n|-damage|p1a: Sinistcha|74/100\n|\n|-weather|Sandstorm|[upkeep]\n|-damage|p2a: Dragapult|68/100|[from] Sandstorm\n|-damage|p2b: Gyarados|94/100|[from] Sandstorm\n|-damage|p1a: Sinistcha|68/100|[from] Sandstorm\n|-heal|p2a: Dragapult|74/100|[from] item: Leftovers\n|-sideend|p1: Sibartzy|move: Aurora Veil\n|upkeep\n|turn|6\n|inactive|dakak o has 30 seconds left.\n|inactive|dakak o has 20 seconds left.\n|inactive|dakak o has 15 seconds left.\n|inactive|dakak o has 10 seconds left.\n|inactive|dakak o has 5 seconds left.\n|\n|t:|1776597783\n|move|p2a: Dragapult|Draco Meteor|p1a: Sinistcha\n|-damage|p1a: Sinistcha|52/100\n|-unboost|p2a: Dragapult|spa|2\n|move|p2b: Gyarados|Aqua Tail|p1b: Aggron\n|-damage|p1b: Aggron|80/100\n|move|p1b: Aggron|Body Press|p2b: Gyarados\n|-resisted|p2b: Gyarados|1\n|-damage|p2b: Gyarados|17/100\n|move|p1a: Sinistcha|Trick Room|p1a: Sinistcha\n|-fieldstart|move: Trick Room|[of] p1a: Sinistcha\n|\n|-weather|none\n|-heal|p2a: Dragapult|79/100|[from] item: Leftovers\n|upkeep\n|turn|7\n|inactive|dakak o has 30 seconds left.\n|inactive|dakak o has 20 seconds left.\n|inactive|dakak o has 15 seconds left.\n|inactive|dakak o has 10 seconds left.\n|inactive|dakak o has 5 seconds left.\n|\n|t:|1776597839\n|move|p1b: Aggron|Body Press|p2b: Gyarados\n|-resisted|p2b: Gyarados|1\n|-damage|p2b: Gyarados|0 fnt\n|faint|p2b: Gyarados\n|move|p1a: Sinistcha|Life Dew|p1a: Sinistcha|[spread] p1a,p1b\n|-heal|p1a: Sinistcha|77/100\n|-heal|p1b: Aggron|100/100\n|move|p2a: Dragapult|Draco Meteor|p1b: Aggron\n|-resisted|p1b: Aggron|1\n|-damage|p1b: Aggron|95/100\n|\n|-heal|p2a: Dragapult|85/100|[from] item: Leftovers\n|upkeep\n|turn|8\n|inactive|dakak o has 30 seconds left.\n|inactive|dakak o has 20 seconds left.\n|inactive|dakak o has 15 seconds left.\n|inactive|dakak o has 10 seconds left.\n|inactive|dakak o has 5 seconds left.\n|\n|t:|1776597894\n|switch|p1a: Tyranitar|Tyranitar, L50, M|67/100\n|-weather|Sandstorm|[from] ability: Sand Stream|[of] p1a: Tyranitar\n|move|p1b: Aggron|Protect|p1b: Aggron\n|-singleturn|p1b: Aggron|Protect\n|move|p2a: Dragapult|Draco Meteor|p1a: Tyranitar\n|-damage|p1a: Tyranitar|61/100\n|\n|-weather|Sandstorm|[upkeep]\n|-damage|p2a: Dragapult|79/100|[from] Sandstorm\n|-heal|p2a: Dragapult|85/100|[from] item: Leftovers\n|upkeep\n|turn|9\n|inactive|dakak o has 30 seconds left.\n|inactive|dakak o has 20 seconds left.\n|inactive|dakak o has 15 seconds left.\n|inactive|dakak o has 10 seconds left.\n|inactive|dakak o has 5 seconds left.\n|\n|t:|1776597949\n|switch|p1b: Sinistcha|Sinistcha, L50|77/100\n|-heal|p1a: Tyranitar|86/100|[from] ability: Hospitality|[of] p1b: Sinistcha\n|move|p1a: Tyranitar|Knock Off|p2a: Dragapult\n|-supereffective|p2a: Dragapult|1\n|-damage|p2a: Dragapult|0 fnt\n|-enditem|p2a: Dragapult|Leftovers|[from] move: Knock Off|[of] p1a: Tyranitar\n|faint|p2a: Dragapult\n|\n|win|Sibartzy\n|raw|Sibartzy's rating: 1056 &rarr; <strong>1083</strong><br />(+27 for winning)\n|raw|dakak o's rating: 1000 &rarr; <strong>1000</strong><br />(+0 for losing)\n",
  "uploadtime": 1776597959,
  "views": 13,
  "formatid": "gen9championsvgc2026regma",
  "rating": 1000,
  "private": 0,
  "password": null
}