{
  "id": "gen9championsvgc2026regma-2585487013",
  "format": "[Gen 9 Champions] VGC 2026 Reg M-A",
  "players": [
    "Yamimari",
    "pitness"
  ],
  "log": "|j|\u2606Yamimari\n|j|\u2606pitness\n|t:|1776350819\n|gametype|doubles\n|player|p1|Yamimari|n|1111\n|player|p2|pitness|linebacker|1133\n|gen|9\n|tier|[Gen 9 Champions] VGC 2026 Reg M-A\n|rated|\n|rule|Species Clause: Limit one of each Pok\u00e9mon\n|rule|Item Clause: Limit 1 of each item\n|clearpoke\n|poke|p1|Blastoise, L50, M|\n|poke|p1|Raichu, L50, M|\n|poke|p1|Pelipper, L50, M|\n|poke|p1|Sinistcha, L50|\n|poke|p1|Archaludon, L50, M|\n|poke|p1|Lycanroc, L50, M|\n|poke|p2|Bellibolt, L50, M|\n|poke|p2|Froslass, L50, F|\n|poke|p2|Ninetales-Alola, L50, M|\n|poke|p2|Kingambit, L50, M|\n|poke|p2|Arcanine-Hisui, L50, M|\n|poke|p2|Kommo-o, L50, M|\n|teampreview|4\n|inactive|Battle timer is ON: inactive players will automatically lose when time's up. (requested by pitness)\n|inactive|pitness has 60 seconds left.\n|\n|t:|1776350852\n|teamsize|p1|4\n|teamsize|p2|4\n|start\n|switch|p1a: Pippins|Raichu, L50, M|100/100\n|switch|p1b: Archaludon|Archaludon, L50, M|100/100\n|switch|p2a: Froslass|Froslass, L50, F|100/100\n|switch|p2b: Kingambit|Kingambit, L50, M|100/100\n|turn|1\n|\n|t:|1776350868\n|detailschange|p2a: Froslass|Froslass-Mega, L50, F\n|-mega|p2a: Froslass|Froslass|Froslassite\n|-weather|Snowscape|[from] ability: Snow Warning|[of] p2a: Froslass\n|move|p2a: Froslass|Aurora Veil|p2a: Froslass\n|-sidestart|p2: pitness|move: Aurora Veil\n|move|p1a: Pippins|Nuzzle|p2a: Froslass\n|-damage|p2a: Froslass|95/100\n|-status|p2a: Froslass|par\n|move|p1b: Archaludon|Aura Sphere|p2b: Kingambit\n|-supereffective|p2b: Kingambit|2\n|-enditem|p2b: Kingambit|Chople Berry|[eat]\n|-enditem|p2b: Kingambit|Chople Berry|[weaken]\n|-damage|p2b: Kingambit|69/100\n|move|p2b: Kingambit|Swords Dance|p2b: Kingambit\n|-boost|p2b: Kingambit|atk|2\n|\n|-weather|Snowscape|[upkeep]\n|upkeep\n|turn|2\n|\n|t:|1776350889\n|move|p2b: Kingambit|Protect|p2b: Kingambit\n|-singleturn|p2b: Kingambit|Protect\n|move|p1a: Pippins|Encore|p2a: Froslass\n|-start|p2a: Froslass|Encore\n|move|p1b: Archaludon|Aura Sphere|p2b: Kingambit\n|-activate|p2b: Kingambit|move: Protect\n|move|p2a: Froslass|Aurora Veil||[still]\n|-fail|p2a: Froslass\n|\n|-weather|Snowscape|[upkeep]\n|upkeep\n|turn|3\n|\n|t:|1776350912\n|switch|p1b: Harbor|Blastoise, L50, M|100/100\n|switch|p2a: Kommo-o|Kommo-o, L50, M|100/100\n|move|p2b: Kingambit|Sucker Punch||[still]\n|-fail|p2b: Kingambit\n|move|p1a: Pippins|Encore|p2b: Kingambit\n|-start|p2b: Kingambit|Encore\n|\n|-weather|Snowscape|[upkeep]\n|upkeep\n|turn|4\n|\n|t:|1776350933\n|detailschange|p1b: Harbor|Blastoise-Mega, L50, M\n|-mega|p1b: Harbor|Blastoise|Blastoisinite\n|move|p2b: Kingambit|Sucker Punch||[still]\n|-fail|p2b: Kingambit\n|move|p1a: Pippins|Nuzzle|p2a: Kommo-o\n|-resisted|p2a: Kommo-o|1\n|-damage|p2a: Kommo-o|99/100\n|-status|p2a: Kommo-o|par\n|move|p1b: Harbor|Shell Smash|p1b: Harbor\n|-unboost|p1b: Harbor|def|1\n|-unboost|p1b: Harbor|spd|1\n|-boost|p1b: Harbor|atk|2\n|-boost|p1b: Harbor|spa|2\n|-boost|p1b: Harbor|spe|2\n|move|p2a: Kommo-o|Iron Defense|p2a: Kommo-o\n|-boost|p2a: Kommo-o|def|2\n|\n|-weather|Snowscape|[upkeep]\n|-heal|p2a: Kommo-o|100/100 par|[from] item: Leftovers\n|upkeep\n|turn|5\n|\n|t:|1776350951\n|move|p1b: Harbor|Protect|p1b: Harbor\n|-singleturn|p1b: Harbor|Protect\n|move|p2b: Kingambit|Sucker Punch||[still]\n|-fail|p2b: Kingambit\n|move|p1a: Pippins|Encore|p2a: Kommo-o\n|-start|p2a: Kommo-o|Encore\n|move|p2a: Kommo-o|Iron Defense|p2a: Kommo-o\n|-boost|p2a: Kommo-o|def|2\n|\n|-weather|none\n|-sideend|p2: pitness|move: Aurora Veil\n|upkeep\n|turn|6\n|\n|t:|1776350969\n|switch|p1a: Archaludon|Archaludon, L50, M|100/100\n|move|p2b: Kingambit|Sucker Punch||[still]\n|-fail|p2b: Kingambit\n|move|p1b: Harbor|Shell Smash|p1b: Harbor\n|-unboost|p1b: Harbor|def|1\n|-unboost|p1b: Harbor|spd|1\n|-boost|p1b: Harbor|atk|2\n|-boost|p1b: Harbor|spa|2\n|-boost|p1b: Harbor|spe|2\n|move|p2a: Kommo-o|Iron Defense|p2a: Kommo-o\n|-boost|p2a: Kommo-o|def|2\n|\n|-end|p2b: Kingambit|Encore\n|upkeep\n|turn|7\n|-message|pitness forfeited.\n|\n|win|Yamimari\n|raw|Yamimari's rating: 1111 &rarr; <strong>1138</strong><br />(+27 for winning)\n|raw|pitness's rating: 1133 &rarr; <strong>1106</strong><br />(-27 for losing)\n|l|\u2606pitness\n|player|p2|\n",
  "uploadtime": 1776350980,
  "views": 20,
  "formatid": "gen9championsvgc2026regma",
  "rating": 1106,
  "private": 0,
  "password": null
}