{
  "id": "gen9championsvgc2026regma-2582279195",
  "format": "[Gen 9 Champions] VGC 2026 Reg M-A",
  "players": [
    "Oggstar",
    "vnunesp12"
  ],
  "log": "|j|\u2606Oggstar\n|j|\u2606vnunesp12\n|t:|1776079195\n|gametype|doubles\n|player|p1|Oggstar|102|1028\n|player|p2|vnunesp12|red|1082\n|gen|9\n|tier|[Gen 9 Champions] VGC 2026 Reg M-A\n|rated|\n|rule|Species Clause: Limit one of each Pok\u00e9mon\n|rule|Item Clause: Limit 1 of each item\n|clearpoke\n|poke|p1|Crabominable, L50, F|\n|poke|p1|Farigiraf, L50, M|\n|poke|p1|Aerodactyl, L50, F|\n|poke|p1|Delphox, L50, M|\n|poke|p1|Basculegion, L50, M|\n|poke|p1|Ninetales-Alola, L50, F|\n|poke|p2|Manectric, L50, M|\n|poke|p2|Pelipper, L50, M|\n|poke|p2|Sinistcha, L50|\n|poke|p2|Basculegion, L50, M|\n|poke|p2|Sneasler, L50, M|\n|poke|p2|Kingambit, L50, F|\n|teampreview|4\n|inactive|Battle timer is ON: inactive players will automatically lose when time's up. (requested by Oggstar)\n|\n|t:|1776079230\n|teamsize|p1|4\n|teamsize|p2|4\n|start\n|switch|p1a: Aerodactyl|Aerodactyl, L50, F|100/100\n|switch|p1b: Basculegion|Basculegion, L50, M|100/100\n|switch|p2a: Erick|Kingambit, L50, F|100/100\n|switch|p2b: Luciano Juba|Manectric, L50, M|100/100\n|-ability|p1a: Aerodactyl|Unnerve\n|turn|1\n|inactive|Oggstar has 30 seconds left.\n|\n|t:|1776079261\n|detailschange|p2b: Luciano Juba|Manectric-Mega, L50, M\n|-mega|p2b: Luciano Juba|Manectric|Manectite\n|-ability|p2b: Luciano Juba|Intimidate|boost\n|-unboost|p1a: Aerodactyl|atk|1\n|-unboost|p1b: Basculegion|atk|1\n|move|p1b: Basculegion|Flip Turn|p2b: Luciano Juba\n|-damage|p2b: Luciano Juba|63/100\n|\n|t:|1776079267\n|switch|p1b: Ninetales|Ninetales-Alola, L50, F|100/100|[from] Flip Turn\n|-weather|Snowscape|[from] ability: Snow Warning|[of] p1b: Ninetales\n|move|p1a: Aerodactyl|Tailwind|p1a: Aerodactyl\n|-sidestart|p1: Oggstar|move: Tailwind\n|move|p2b: Luciano Juba|Volt Switch|p1a: Aerodactyl\n|-supereffective|p1a: Aerodactyl|1\n|-enditem|p1a: Aerodactyl|Focus Sash\n|-damage|p1a: Aerodactyl|1/100\n|\n|t:|1776079278\n|switch|p2b: \u00c9verton Ribeiro|Pelipper, L50, M|100/100|[from] Volt Switch\n|-weather|RainDance|[from] ability: Drizzle|[of] p2b: \u00c9verton Ribeiro\n|move|p2a: Erick|Kowtow Cleave|p1b: Ninetales\n|-resisted|p1b: Ninetales|1\n|-damage|p1b: Ninetales|57/100\n|\n|-weather|RainDance|[upkeep]\n|-heal|p1b: Ninetales|63/100|[from] item: Leftovers\n|upkeep\n|turn|2\n|inactive|Oggstar has 30 seconds left.\n|\n|t:|1776079312\n|switch|p1b: Basculegion|Basculegion, L50, M|100/100\n|move|p2a: Erick|Sucker Punch|p1a: Aerodactyl\n|-damage|p1a: Aerodactyl|0 fnt\n|faint|p1a: Aerodactyl\n|move|p2b: \u00c9verton Ribeiro|Tailwind|p2b: \u00c9verton Ribeiro\n|-sidestart|p2: vnunesp12|move: Tailwind\n|\n|-weather|RainDance|[upkeep]\n|upkeep\n|\n|t:|1776079320\n|switch|p1a: Ninetales|Ninetales-Alola, L50, F|63/100\n|-weather|Snowscape|[from] ability: Snow Warning|[of] p1a: Ninetales\n|turn|3\n|\n|t:|1776079342\n|switch|p2b: Jean Lucas|Basculegion, L50, M|100/100\n|move|p2a: Erick|Sucker Punch|p1b: Basculegion\n|-supereffective|p1b: Basculegion|1\n|-damage|p1b: Basculegion|0 fnt\n|faint|p1b: Basculegion\n|move|p1a: Ninetales|Aurora Veil|p1a: Ninetales\n|-sidestart|p1: Oggstar|move: Aurora Veil\n|\n|-weather|Snowscape|[upkeep]\n|-heal|p1a: Ninetales|69/100|[from] item: Leftovers\n|upkeep\n|\n|t:|1776079350\n|switch|p1b: Delphox|Delphox, L50, M|100/100\n|turn|4\n|\n|t:|1776079369\n|switch|p2b: \u00c9verton Ribeiro|Pelipper, L50, M|100/100\n|-weather|RainDance|[from] ability: Drizzle|[of] p2b: \u00c9verton Ribeiro\n|detailschange|p1b: Delphox|Delphox-Mega, L50, M\n|-mega|p1b: Delphox|Delphox|Delphoxite\n|move|p1b: Delphox|Nasty Plot|p1b: Delphox\n|-boost|p1b: Delphox|spa|2\n|move|p1a: Ninetales|Blizzard|p2b: \u00c9verton Ribeiro|[spread] p2a,p2b\n|-resisted|p2a: Erick|1\n|-damage|p2a: Erick|85/100\n|-damage|p2b: \u00c9verton Ribeiro|58/100\n|-status|p2a: Erick|frz\n|cant|p2a: Erick|frz\n|\n|-weather|RainDance|[upkeep]\n|-heal|p1a: Ninetales|75/100|[from] item: Leftovers\n|-sideend|p1: Oggstar|move: Tailwind\n|upkeep\n|turn|5\n|inactive|Oggstar has 30 seconds left.\n|\n|t:|1776079403\n|move|p2b: \u00c9verton Ribeiro|Weather Ball|p1b: Delphox\n|-supereffective|p1b: Delphox|1\n|-damage|p1b: Delphox|34/100\n|move|p1b: Delphox|Heat Wave|p2b: \u00c9verton Ribeiro|[spread] p2a,p2b\n|-supereffective|p2a: Erick|1\n|-resisted|p2b: \u00c9verton Ribeiro|1\n|-damage|p2a: Erick|5/100 frz\n|-damage|p2b: \u00c9verton Ribeiro|30/100\n|-curestatus|p2a: Erick|frz|[msg]\n|move|p1a: Ninetales|Moonblast|p2b: \u00c9verton Ribeiro\n|-damage|p2b: \u00c9verton Ribeiro|0 fnt\n|faint|p2b: \u00c9verton Ribeiro\n|move|p2a: Erick|Kowtow Cleave|p1b: Delphox\n|-supereffective|p1b: Delphox|1\n|-damage|p1b: Delphox|0 fnt\n|faint|p1b: Delphox\n|\n|-weather|RainDance|[upkeep]\n|-heal|p1a: Ninetales|81/100|[from] item: Leftovers\n|-sideend|p2: vnunesp12|move: Tailwind\n|upkeep\n|-message|Oggstar forfeited.\n|\n|win|vnunesp12\n|raw|Oggstar's rating: 1028 &rarr; <strong>1016</strong><br />(-12 for losing)\n|raw|vnunesp12's rating: 1082 &rarr; <strong>1105</strong><br />(+23 for winning)\n|l|\u2606Oggstar\n|player|p1|\n",
  "uploadtime": 1776079438,
  "views": 15,
  "formatid": "gen9championsvgc2026regma",
  "rating": 1016,
  "private": 0,
  "password": null
}