{
  "id": "gen9championsvgc2026regma-2586944578",
  "format": "[Gen 9 Champions] VGC 2026 Reg M-A",
  "players": [
    "loklastaji",
    "Logggz"
  ],
  "log": "|j|\u2606loklastaji\n|j|\u2606Logggz\n|t:|1776474266\n|gametype|doubles\n|player|p1|loklastaji|2|1048\n|player|p2|Logggz|266|1076\n|gen|9\n|tier|[Gen 9 Champions] VGC 2026 Reg M-A\n|rated|\n|rule|Species Clause: Limit one of each Pok\u00e9mon\n|rule|Item Clause: Limit 1 of each item\n|clearpoke\n|poke|p1|Samurott-Hisui, L50, F|\n|poke|p1|Delphox, L50, F|\n|poke|p1|Tinkaton, L50, F|\n|poke|p1|Decidueye-Hisui, L50, M|\n|poke|p1|Altaria, L50, M|\n|poke|p1|Farigiraf, L50, M|\n|poke|p2|Floette-Eternal, L50, F|\n|poke|p2|Incineroar, L50, M|\n|poke|p2|Basculegion, L50, M|\n|poke|p2|Glimmora, L50, F|\n|poke|p2|Pelipper, L50, F|\n|poke|p2|Kingambit, L50, M|\n|teampreview|4\n|\n|t:|1776474287\n|teamsize|p1|4\n|teamsize|p2|4\n|start\n|switch|p1a: Tinkaton|Tinkaton, L50, F|100/100\n|switch|p1b: Samurott|Samurott-Hisui, L50, F|100/100\n|switch|p2a: Basculegion|Basculegion, L50, M|100/100\n|switch|p2b: Incineroar|Incineroar, L50, M|100/100\n|-ability|p2b: Incineroar|Intimidate|boost\n|-fail|p1a: Tinkaton|unboost|Attack|[from] ability: Own Tempo|[of] p1a: Tinkaton\n|-unboost|p1b: Samurott|atk|1\n|-enditem|p1b: Samurott|White Herb\n|-clearnegativeboost|p1b: Samurott|[silent]\n|turn|1\n|inactive|Battle timer is ON: inactive players will automatically lose when time's up. (requested by Logggz)\n|\n|t:|1776474314\n|move|p1a: Tinkaton|Fake Out|p2b: Incineroar\n|-crit|p2b: Incineroar\n|-damage|p2b: Incineroar|87/100\n|cant|p2b: Incineroar|flinch\n|move|p1b: Samurott|Sucker Punch|p2a: Basculegion\n|-supereffective|p2a: Basculegion|1\n|-enditem|p2a: Basculegion|Colbur Berry|[eat]\n|-enditem|p2a: Basculegion|Colbur Berry|[weaken]\n|-damage|p2a: Basculegion|59/100\n|move|p2a: Basculegion|Flip Turn|p1a: Tinkaton\n|-damage|p1a: Tinkaton|59/100\n|\n|t:|1776474324\n|switch|p2a: Pelipper|Pelipper, L50, F|100/100|[from] Flip Turn\n|-weather|RainDance|[from] ability: Drizzle|[of] p2a: Pelipper\n|\n|-weather|RainDance|[upkeep]\n|upkeep\n|turn|2\n|\n|t:|1776474342\n|move|p1a: Tinkaton|Gigaton Hammer|p2b: Incineroar\n|-resisted|p2b: Incineroar|1\n|-damage|p2b: Incineroar|57/100\n|move|p1b: Samurott|Aqua Cutter|p2b: Incineroar\n|-supereffective|p2b: Incineroar|1\n|-enditem|p2b: Incineroar|Passho Berry|[eat]\n|-enditem|p2b: Incineroar|Passho Berry|[weaken]\n|-damage|p2b: Incineroar|0 fnt\n|faint|p2b: Incineroar\n|move|p2a: Pelipper|Weather Ball|p1a: Tinkaton\n|-damage|p1a: Tinkaton|5/100\n|\n|-weather|RainDance|[upkeep]\n|upkeep\n|\n|t:|1776474356\n|switch|p2b: Glimmora|Glimmora, L50, F|100/100\n|turn|3\n|\n|t:|1776474363\n|move|p1a: Tinkaton|Protect|p1a: Tinkaton\n|-singleturn|p1a: Tinkaton|Protect\n|move|p2b: Glimmora|Spiky Shield|p2b: Glimmora\n|-singleturn|p2b: Glimmora|move: Protect\n|move|p1b: Samurott|Ceaseless Edge|p2a: Pelipper\n|-damage|p2a: Pelipper|48/100\n|-sidestart|p2: Logggz|Spikes\n|move|p2a: Pelipper|Tailwind|p2a: Pelipper\n|-sidestart|p2: Logggz|move: Tailwind\n|\n|-weather|RainDance|[upkeep]\n|upkeep\n|turn|4\n|\n|t:|1776474387\n|switch|p1a: Farigiraf|Farigiraf, L50, M|100/100\n|detailschange|p2b: Glimmora|Glimmora-Mega, L50, F\n|-mega|p2b: Glimmora|Glimmora|Glimmoranite\n|move|p2b: Glimmora|Sludge Bomb|p1b: Samurott\n|-damage|p1b: Samurott|0 fnt\n|faint|p1b: Samurott\n|move|p2a: Pelipper|Weather Ball|p1a: Farigiraf\n|-damage|p1a: Farigiraf|48/100\n|\n|-weather|RainDance|[upkeep]\n|upkeep\n|\n|t:|1776474400\n|switch|p1b: Tinkaton|Tinkaton, L50, F|5/100\n|turn|5\n|\n|t:|1776474415\n|move|p1b: Tinkaton|Fake Out|p2a: Pelipper\n|-damage|p2a: Pelipper|37/100\n|move|p2b: Glimmora|Sludge Bomb|p1a: Farigiraf\n|-damage|p1a: Farigiraf|0 fnt\n|faint|p1a: Farigiraf\n|cant|p2a: Pelipper|flinch\n|\n|-weather|none\n|upkeep\n|\n|t:|1776474425\n|switch|p1a: Decidueye|Decidueye-Hisui, L50, M|100/100\n|turn|6\n|\n|t:|1776474438\n|move|p2b: Glimmora|Power Gem|p1b: Tinkaton\n|-resisted|p1b: Tinkaton|1\n|-damage|p1b: Tinkaton|0 fnt\n|faint|p1b: Tinkaton\n|move|p2a: Pelipper|Hurricane|p1a: Decidueye|[miss]\n|-miss|p2a: Pelipper|p1a: Decidueye\n|move|p1a: Decidueye|Leaf Blade|p2a: Pelipper\n|-damage|p2a: Pelipper|0 fnt\n|faint|p2a: Pelipper\n|\n|-sideend|p2: Logggz|move: Tailwind\n|upkeep\n|\n|t:|1776474448\n|switch|p2a: Basculegion|Basculegion, L50, M|59/100\n|-damage|p2a: Basculegion|47/100|[from] Spikes\n|turn|7\n|\n|t:|1776474455\n|move|p1a: Decidueye|Leaf Blade|p2a: Basculegion\n|-supereffective|p2a: Basculegion|1\n|-damage|p2a: Basculegion|0 fnt\n|faint|p2a: Basculegion\n|move|p2b: Glimmora|Sludge Bomb|p1a: Decidueye\n|-supereffective|p1a: Decidueye|1\n|-damage|p1a: Decidueye|0 fnt\n|faint|p1a: Decidueye\n|\n|win|Logggz\n|raw|loklastaji's rating: 1048 &rarr; <strong>1032</strong><br />(-16 for losing)\n|raw|Logggz's rating: 1076 &rarr; <strong>1102</strong><br />(+26 for winning)\n|l|\u2606Logggz\n|player|p2|\n",
  "uploadtime": 1776474465,
  "views": 21,
  "formatid": "gen9championsvgc2026regma",
  "rating": 1032,
  "private": 0,
  "password": null
}