{
  "id": "gen9championsvgc2026regma-2582204049",
  "format": "[Gen 9 Champions] VGC 2026 Reg M-A",
  "players": [
    "The Elemelons",
    "evokenz"
  ],
  "log": "|j|\u2606The Elemelons\n|j|\u2606evokenz\n|t:|1776070942\n|gametype|doubles\n|player|p1|The Elemelons|marlon|1095\n|player|p2|evokenz|265|1074\n|gen|9\n|tier|[Gen 9 Champions] VGC 2026 Reg M-A\n|rated|\n|rule|Species Clause: Limit one of each Pok\u00e9mon\n|rule|Item Clause: Limit 1 of each item\n|clearpoke\n|poke|p1|Palafin, L50, M|\n|poke|p1|Sneasler, L50, F|\n|poke|p1|Hawlucha, L50, M|\n|poke|p1|Mr. Rime, L50, F|\n|poke|p1|Lucario, L50, M|\n|poke|p1|Ariados, L50, F|\n|poke|p2|Dragapult, L50, F|\n|poke|p2|Sneasler, L50, F|\n|poke|p2|Incineroar, L50, M|\n|poke|p2|Maushold, L50|\n|poke|p2|Floette-Eternal, L50, F|\n|poke|p2|Kingambit, L50, M|\n|teampreview|4\nevokenz has agreed to open team sheets.\nThe Elemelons rejected open team sheets.\n|\n|t:|1776070983\n|teamsize|p1|4\n|teamsize|p2|4\n|start\n|switch|p1a: Enemy AC-130|Lucario, L50, M|100/100\n|switch|p1b: Diane|Ariados, L50, F|100/100\n|switch|p2a: Dragapult|Dragapult, L50, F|100/100\n|switch|p2b: Sneasler|Sneasler, L50, F|100/100\n|turn|1\n|\n|t:|1776071008\n|move|p1b: Diane|Shadow Sneak|p2a: Dragapult\n|-supereffective|p2a: Dragapult|1\n|-crit|p2a: Dragapult\n|-damage|p2a: Dragapult|65/100\n|move|p1a: Enemy AC-130|Final Gambit|p2b: Sneasler\n|-damage|p2b: Sneasler|0 fnt\n|faint|p1a: Enemy AC-130\n|faint|p2b: Sneasler\n|move|p2a: Dragapult|Thunder Wave|p1b: Diane\n|-status|p1b: Diane|par\n|\n|upkeep\n|\n|t:|1776071019\n|switch|p2b: Floette|Floette-Eternal, L50, F|100/100\n|switch|p1a: Nacho Libre|Hawlucha, L50, M, shiny|100/100\n|turn|2\n|\n|t:|1776071037\n|detailschange|p1a: Nacho Libre|Hawlucha-Mega, L50, M, shiny\n|-mega|p1a: Nacho Libre|Hawlucha|Hawluchanite\n|detailschange|p2b: Floette|Floette-Mega, L50, F\n|-mega|p2b: Floette|Floette|Floettite\n|-ability|p2b: Floette|Fairy Aura\n|move|p1b: Diane|Rage Powder|p1b: Diane\n|-singleturn|p1b: Diane|move: Rage Powder\n|move|p2a: Dragapult|Shadow Ball|p1b: Diane\n|-damage|p1b: Diane|58/100 par\n|move|p1a: Nacho Libre|Throat Chop|p2a: Dragapult\n|-supereffective|p2a: Dragapult|1\n|-damage|p2a: Dragapult|5/100\n|-start|p2a: Dragapult|Throat Chop|[silent]\n|move|p2b: Floette|Dazzling Gleam|p1a: Nacho Libre|[spread] p1a,p1b\n|-supereffective|p1a: Nacho Libre|1\n|-resisted|p1b: Diane|1\n|-damage|p1a: Nacho Libre|0 fnt\n|-damage|p1b: Diane|27/100 par\n|faint|p1a: Nacho Libre\n|\n|-heal|p1b: Diane|33/100 par|[from] item: Leftovers\n|upkeep\n|\n|t:|1776071043\n|switch|p1a: Noelle Holiday|Mr. Rime, L50, F|100/100\n|turn|3\n|\n|t:|1776071080\n|switch|p2a: Maushold|Maushold, L50|100/100\n|move|p2b: Floette|Protect|p2b: Floette\n|-singleturn|p2b: Floette|Protect\n|move|p1b: Diane|Shadow Sneak|p2a: Maushold\n|-immune|p2a: Maushold\n|move|p1a: Noelle Holiday|Hypnosis|p2b: Floette\n|-activate|p2b: Floette|move: Protect\n|\n|-heal|p1b: Diane|39/100 par|[from] item: Leftovers\n|upkeep\n|turn|4\n|\n|t:|1776071106\n|move|p2a: Maushold|Follow Me|p2a: Maushold\n|-singleturn|p2a: Maushold|move: Follow Me\n|move|p1b: Diane|Rage Powder|p1b: Diane\n|-singleturn|p1b: Diane|move: Rage Powder\n|move|p2b: Floette|Moonblast|p1b: Diane\n|-resisted|p1b: Diane|1\n|-damage|p1b: Diane|0 fnt\n|faint|p1b: Diane\n|move|p1a: Noelle Holiday|Hypnosis|p2a: Maushold|[miss]\n|-miss|p1a: Noelle Holiday|p2a: Maushold\n|\n|upkeep\n|turn|5\n|\n|t:|1776071119\n|move|p2a: Maushold|Follow Me|p2a: Maushold\n|-singleturn|p2a: Maushold|move: Follow Me\n|move|p2b: Floette|Moonblast|p1a: Noelle Holiday\n|-damage|p1a: Noelle Holiday|48/100\n|move|p1a: Noelle Holiday|Sheer Cold|p2a: Maushold|[miss]\n|-miss|p1a: Noelle Holiday|p2a: Maushold\n|\n|upkeep\n|turn|6\n|\n|t:|1776071134\n|move|p2a: Maushold|Follow Me|p2a: Maushold\n|-singleturn|p2a: Maushold|move: Follow Me\n|move|p2b: Floette|Moonblast|p1a: Noelle Holiday\n|-damage|p1a: Noelle Holiday|0 fnt\n|faint|p1a: Noelle Holiday\n|\n|win|evokenz\n|raw|The Elemelons's rating: 1095 &rarr; <strong>1069</strong><br />(-26 for losing)\n|raw|evokenz's rating: 1074 &rarr; <strong>1105</strong><br />(+31 for winning)\n",
  "uploadtime": 1776071135,
  "views": 9,
  "formatid": "gen9championsvgc2026regma",
  "rating": 1069,
  "private": 0,
  "password": null
}