{
  "id": "gen9championsvgc2026regma-2585207593",
  "format": "[Gen 9 Champions] VGC 2026 Reg M-A",
  "players": [
    "anino23",
    "TheWonderfulGirl"
  ],
  "log": "|j|\u2606anino23\n|j|\u2606TheWonderfulGirl\n|t:|1776325054\n|gametype|doubles\n|player|p1|anino23|266|1156\n|player|p2|TheWonderfulGirl|pokekid|1107\n|gen|9\n|tier|[Gen 9 Champions] VGC 2026 Reg M-A\n|rated|\n|rule|Species Clause: Limit one of each Pok\u00e9mon\n|rule|Item Clause: Limit 1 of each item\n|clearpoke\n|poke|p1|Meowstic, L50, M|\n|poke|p1|Beedrill, L50, F|\n|poke|p1|Sinistcha, L50|\n|poke|p1|Pelipper, L50, M|\n|poke|p1|Kingambit, L50, F|\n|poke|p1|Sneasler, L50, M|\n|poke|p2|Froslass, L50, F|\n|poke|p2|Garchomp, L50, M|\n|poke|p2|Rotom-Frost, L50|\n|poke|p2|Empoleon, L50, F|\n|poke|p2|Incineroar, L50, F|\n|poke|p2|Kingambit, L50, F|\n|teampreview|4\n|inactive|Battle timer is ON: inactive players will automatically lose when time's up. (requested by TheWonderfulGirl)\n|inactive|anino23 also wants the timer to be on.\n|inactive|anino23 has 60 seconds left.\n|inactive|TheWonderfulGirl has 60 seconds left.\n|inactive|anino23 has 30 seconds left.\n|\n|t:|1776325116\n|teamsize|p1|4\n|teamsize|p2|4\n|start\n|switch|p1a: Beedrill|Beedrill, L50, F|100/100\n|switch|p1b: Meowstic|Meowstic, L50, M|100/100\n|switch|p2a: Garchomp|Garchomp, L50, M|100/100\n|switch|p2b: Rotom|Rotom-Frost, L50|100/100\n|turn|1\n|inactive|anino23 has 30 seconds left.\n|inactive|TheWonderfulGirl has 30 seconds left.\n|inactive|anino23 has 20 seconds left.\n|inactive|anino23 has 15 seconds left.\n|\n|t:|1776325158\n|switch|p2a: Froslass|Froslass, L50, F|100/100\n|detailschange|p1a: Beedrill|Beedrill-Mega, L50, F\n|-mega|p1a: Beedrill|Beedrill|Beedrillite\n|move|p1b: Meowstic|Psychic Terrain|p1b: Meowstic\n|-fieldstart|move: Psychic Terrain\n|move|p2b: Rotom|Electroweb|p1a: Beedrill|[spread] p1a,p1b\n|-damage|p1a: Beedrill|74/100\n|-damage|p1b: Meowstic|76/100\n|-unboost|p1a: Beedrill|spe|1\n|-unboost|p1b: Meowstic|spe|1\n|move|p1a: Beedrill|U-turn|p2a: Froslass\n|-resisted|p2a: Froslass|1\n|-damage|p2a: Froslass|51/100\n|\n|t:|1776325170\n|switch|p1a: Kingambit|Kingambit, L50, F|100/100|[from] U-turn\n|\n|upkeep\n|turn|2\n|inactive|TheWonderfulGirl has 30 seconds left.\n|inactive|anino23 has 30 seconds left.\n|inactive|anino23 has 20 seconds left.\n|\n|t:|1776325211\n|switch|p2a: Garchomp|Garchomp, L50, M|100/100\n|move|p2b: Rotom|Electroweb|p1a: Kingambit|[spread] p1a,p1b\n|-damage|p1a: Kingambit|81/100\n|-damage|p1b: Meowstic|47/100\n|-unboost|p1a: Kingambit|spe|1\n|-ability|p1a: Kingambit|Defiant|boost\n|-boost|p1a: Kingambit|atk|2\n|-unboost|p1b: Meowstic|spe|1\n|move|p1b: Meowstic|Expanding Force|p2b: Rotom|[spread] p2a,p2b\n|-damage|p2a: Garchomp|49/100\n|-damage|p2b: Rotom|30/100\n|move|p1a: Kingambit|Kowtow Cleave|p2a: Garchomp\n|-damage|p2a: Garchomp|0 fnt\n|-damage|p1a: Kingambit|69/100|[from] ability: Rough Skin|[of] p2a: Garchomp\n|faint|p2a: Garchomp\n|\n|upkeep\n|\n|t:|1776325233\n|switch|p2a: Kingambit|Kingambit, L50, F|100/100\n|turn|3\n|\n|t:|1776325247\n|switch|p2b: Froslass|Froslass, L50, F|51/100\n|move|p1b: Meowstic|Thunder Wave|p2a: Kingambit\n|-activate|p2a: Kingambit|move: Psychic Terrain\n|move|p2a: Kingambit|Low Kick|p1a: Kingambit\n|-supereffective|p1a: Kingambit|2\n|-enditem|p1a: Kingambit|Chople Berry|[eat]\n|-enditem|p1a: Kingambit|Chople Berry|[weaken]\n|-damage|p1a: Kingambit|16/100\n|move|p1a: Kingambit|Kowtow Cleave|p2b: Froslass\n|-supereffective|p2b: Froslass|1\n|-damage|p2b: Froslass|0 fnt\n|faint|p2b: Froslass\n|\n|upkeep\n|\n|t:|1776325258\n|switch|p2b: Rotom|Rotom-Frost, L50|30/100\n|turn|4\n|\n|t:|1776325279\n|move|p1a: Kingambit|Protect|p1a: Kingambit\n|-singleturn|p1a: Kingambit|Protect\n|move|p2b: Rotom|Blizzard|p1a: Kingambit|[spread] p1b\n|-activate|p1a: Kingambit|move: Protect\n|-damage|p1b: Meowstic|0 fnt\n|faint|p1b: Meowstic\n|move|p2a: Kingambit|Low Kick|p1a: Kingambit\n|-activate|p1a: Kingambit|move: Protect\n|\n|upkeep\n|\n|t:|1776325292\n|switch|p1b: Pelipper|Pelipper, L50, M|100/100\n|-weather|RainDance|[from] ability: Drizzle|[of] p1b: Pelipper\n|turn|5\n|\n|t:|1776325313\n|move|p1b: Pelipper|Protect|p1b: Pelipper\n|-singleturn|p1b: Pelipper|Protect\n|move|p2b: Rotom|Blizzard|p1b: Pelipper|[spread] \n|-activate|p1b: Pelipper|move: Protect\n|-miss|p2b: Rotom|p1a: Kingambit\n|move|p2a: Kingambit|Low Kick|p1a: Kingambit\n|-supereffective|p1a: Kingambit|2\n|-damage|p1a: Kingambit|0 fnt\n|faint|p1a: Kingambit\n|\n|-weather|RainDance|[upkeep]\n|-fieldend|move: Psychic Terrain\n|upkeep\n|\n|t:|1776325323\n|switch|p1a: Beedrill|Beedrill-Mega, L50, F|74/100\n|turn|6\n|\n|t:|1776325336\n|move|p2a: Kingambit|Sucker Punch|p1a: Beedrill\n|-damage|p1a: Beedrill|0 fnt\n|faint|p1a: Beedrill\n|move|p2b: Rotom|Blizzard|p1b: Pelipper|[miss]\n|-miss|p2b: Rotom|p1b: Pelipper\n|move|p1b: Pelipper|Weather Ball|p2a: Kingambit\n|-damage|p2a: Kingambit|40/100\n|\n|-weather|RainDance|[upkeep]\n|upkeep\n|turn|7\n|\n|t:|1776325356\n|move|p2a: Kingambit|Sucker Punch|p1b: Pelipper\n|-damage|p1b: Pelipper|59/100\n|move|p2b: Rotom|Blizzard|p1b: Pelipper\n|-damage|p1b: Pelipper|0 fnt\n|faint|p1b: Pelipper\n|\n|win|TheWonderfulGirl\n|raw|anino23's rating: 1156 &rarr; <strong>1127</strong><br />(-29 for losing)\n|raw|TheWonderfulGirl's rating: 1107 &rarr; <strong>1136</strong><br />(+29 for winning)\n|l|\u2606anino23\n|player|p1|\n",
  "uploadtime": 1776325364,
  "views": 22,
  "formatid": "gen9championsvgc2026regma",
  "rating": 1127,
  "private": 0,
  "password": null
}