{
  "id": "gen9championsvgc2026regma-2588581765",
  "format": "[Gen 9 Champions] VGC 2026 Reg M-A",
  "players": [
    "maksimplaysgames",
    "AeroScorch"
  ],
  "log": "|j|\u2606maksimplaysgames\n|j|\u2606AeroScorch\n|t:|1776647120\n|gametype|doubles\n|player|p1|maksimplaysgames|102|1045\n|player|p2|AeroScorch|102|1000\n|gen|9\n|tier|[Gen 9 Champions] VGC 2026 Reg M-A\n|rated|\n|rule|Species Clause: Limit one of each Pok\u00e9mon\n|rule|Item Clause: Limit 1 of each item\n|clearpoke\n|poke|p1|Manectric, L50, M, shiny|\n|poke|p1|Blastoise, L50, M, shiny|\n|poke|p1|Pelipper, L50, F, shiny|\n|poke|p1|Basculegion, L50, M, shiny|\n|poke|p1|Sinistcha-Masterpiece, L50, shiny|\n|poke|p1|Slowbro-Galar, L50, F, shiny|\n|poke|p2|Aggron, L50, M|\n|poke|p2|Incineroar, L50, F|\n|poke|p2|Sinistcha, L50|\n|poke|p2|Tyranitar, L50, F|\n|poke|p2|Sneasler, L50, M|\n|poke|p2|Farigiraf, L50, F|\n|teampreview|4\nmaksimplaysgames has agreed to open team sheets.\n|\n|t:|1776647194\n|teamsize|p1|4\n|teamsize|p2|4\n|start\n|switch|p1a: Blastoise|Blastoise, L50, M, shiny|100/100\n|switch|p1b: Pelipper|Pelipper, L50, F, shiny|100/100\n|switch|p2a: Incineroar|Incineroar, L50, F|100/100\n|switch|p2b: Farigiraf|Farigiraf, L50, F|100/100\n|-weather|RainDance|[from] ability: Drizzle|[of] p1b: Pelipper\n|-ability|p2a: Incineroar|Intimidate|boost\n|-unboost|p1a: Blastoise|atk|1\n|-unboost|p1b: Pelipper|atk|1\n|turn|1\n|\n|t:|1776647237\n|switch|p2a: Sinistcha|Sinistcha, L50|100/100\n|move|p1a: Blastoise|Protect|p1a: Blastoise\n|-singleturn|p1a: Blastoise|Protect\n|move|p1b: Pelipper|Weather Ball|p2a: Sinistcha\n|-resisted|p2a: Sinistcha|1\n|-damage|p2a: Sinistcha|62/100\n|move|p2b: Farigiraf|Hyper Voice|p1b: Pelipper|[spread] p1b\n|-activate|p1a: Blastoise|move: Protect\n|-damage|p1b: Pelipper|57/100\n|\n|-weather|RainDance|[upkeep]\n|-heal|p2a: Sinistcha|68/100|[from] item: Leftovers\n|upkeep\n|turn|2\n|\n|t:|1776647266\n|move|p1b: Pelipper|Hurricane|p2a: Sinistcha\n|-supereffective|p2a: Sinistcha|1\n|-damage|p2a: Sinistcha|0 fnt\n|faint|p2a: Sinistcha\n|move|p1a: Blastoise|Ice Beam|p2b: Farigiraf\n|-damage|p2b: Farigiraf|86/100\n|move|p2b: Farigiraf|Trick Room|p2b: Farigiraf\n|-fieldstart|move: Trick Room|[of] p2b: Farigiraf\n|\n|-weather|RainDance|[upkeep]\n|upkeep\n|\n|t:|1776647275\n|switch|p2a: Aggron|Aggron, L50, M|100/100\n|turn|3\n|\n|t:|1776647295\n|detailschange|p2a: Aggron|Aggron-Mega, L50, M\n|-mega|p2a: Aggron|Aggron|Aggronite\n|move|p2a: Aggron|Iron Defense|p2a: Aggron\n|-boost|p2a: Aggron|def|2\n|move|p2b: Farigiraf|Hyper Voice|p1a: Blastoise|[spread] p1a,p1b\n|-crit|p1b: Pelipper\n|-damage|p1a: Blastoise|81/100\n|-damage|p1b: Pelipper|0 fnt\n|faint|p1b: Pelipper\n|move|p1a: Blastoise|Muddy Water|p2b: Farigiraf|[spread] p2a,p2b\n|-damage|p2a: Aggron|69/100\n|-damage|p2b: Farigiraf|58/100\n|\n|-weather|RainDance|[upkeep]\n|-heal|p1a: Blastoise|87/100|[from] ability: Rain Dish\n|upkeep\n|\n|t:|1776647305\n|switch|p1b: Slowbro|Slowbro-Galar, L50, F, shiny|100/100\n|turn|4\n|\n|t:|1776647316\n|move|p1b: Slowbro|Razor Shell|p2a: Aggron\n|-damage|p2a: Aggron|60/100\n|move|p2a: Aggron|Body Press|p1a: Blastoise\n|-damage|p1a: Blastoise|19/100\n|move|p2b: Farigiraf|Psychic|p1b: Slowbro\n|-damage|p1b: Slowbro|65/100\n|move|p1a: Blastoise|Muddy Water|p2a: Aggron|[spread] p2a,p2b\n|-crit|p2b: Farigiraf\n|-damage|p2a: Aggron|30/100\n|-damage|p2b: Farigiraf|21/100\n|-unboost|p2a: Aggron|accuracy|1\n|\n|-weather|RainDance|[upkeep]\n|-heal|p1a: Blastoise|25/100|[from] ability: Rain Dish\n|upkeep\n|turn|5\n|-activate|p1b: Slowbro|item: Quick Claw\n|\n|t:|1776647338\n|move|p2a: Aggron|Protect|p2a: Aggron\n|-singleturn|p2a: Aggron|Protect\n|move|p1b: Slowbro|Razor Shell|p2b: Farigiraf\n|-damage|p2b: Farigiraf|0 fnt\n|faint|p2b: Farigiraf\n|move|p1a: Blastoise|Muddy Water|p2a: Aggron\n|-activate|p2a: Aggron|move: Protect\n|\n|-weather|none\n|upkeep\n|\n|t:|1776647347\n|switch|p2b: Incineroar|Incineroar, L50, F|100/100\n|-ability|p2b: Incineroar|Intimidate|boost\n|-unboost|p1a: Blastoise|atk|1\n|-unboost|p1b: Slowbro|atk|1\n|turn|6\n|\n|t:|1776647373\n|switch|p1b: Sinistcha|Sinistcha-Masterpiece, L50, shiny|100/100\n|-heal|p1a: Blastoise|49/100|[from] ability: Hospitality|[of] p1b: Sinistcha\n|move|p1a: Blastoise|Protect|p1a: Blastoise\n|-singleturn|p1a: Blastoise|Protect\n|move|p2b: Incineroar|Fake Out|p1a: Blastoise\n|-activate|p1a: Blastoise|move: Protect\n|move|p2a: Aggron|Heavy Slam|p1b: Sinistcha|[miss]\n|-miss|p2a: Aggron|p1b: Sinistcha\n|\n|-fieldend|move: Trick Room\n|upkeep\n|turn|7\n|\n|t:|1776647404\n|move|p1b: Sinistcha|Rage Powder|p1b: Sinistcha\n|-singleturn|p1b: Sinistcha|move: Rage Powder\n|move|p1a: Blastoise|Shell Smash|p1a: Blastoise\n|-unboost|p1a: Blastoise|def|1\n|-unboost|p1a: Blastoise|spd|1\n|-boost|p1a: Blastoise|atk|2\n|-boost|p1a: Blastoise|spa|2\n|-boost|p1a: Blastoise|spe|2\n|move|p2b: Incineroar|Flare Blitz|p1b: Sinistcha\n|-supereffective|p1b: Sinistcha|1\n|-damage|p1b: Sinistcha|9/100\n|-damage|p2b: Incineroar|74/100|[from] Recoil\n|move|p2a: Aggron|Heavy Slam|p1b: Sinistcha\n|-damage|p1b: Sinistcha|0 fnt\n|faint|p1b: Sinistcha\n|\n|upkeep\n|\n|t:|1776647415\n|switch|p1b: Slowbro|Slowbro-Galar, L50, F, shiny|65/100\n|turn|8\n|\n|t:|1776647432\n|move|p2a: Aggron|Protect|p2a: Aggron\n|-singleturn|p2a: Aggron|Protect\n|move|p1a: Blastoise|Muddy Water|p2a: Aggron|[spread] p2b\n|-activate|p2a: Aggron|move: Protect\n|-supereffective|p2b: Incineroar|1\n|-damage|p2b: Incineroar|12/100\n|-enditem|p2b: Incineroar|Sitrus Berry|[eat]\n|-heal|p2b: Incineroar|37/100|[from] item: Sitrus Berry\n|move|p2b: Incineroar|Parting Shot|p1a: Blastoise\n|-unboost|p1a: Blastoise|atk|1\n|-unboost|p1a: Blastoise|spa|1\n|move|p1b: Slowbro|Razor Shell|p2b: Incineroar\n|-supereffective|p2b: Incineroar|1\n|-damage|p2b: Incineroar|0 fnt\n|faint|p2b: Incineroar\n|\n|upkeep\n|turn|9\n|\n|t:|1776647452\n|move|p1a: Blastoise|Muddy Water|p2a: Aggron\n|-damage|p2a: Aggron|0 fnt\n|faint|p2a: Aggron\n|\n|win|maksimplaysgames\n|raw|maksimplaysgames's rating: 1045 &rarr; <strong>1074</strong><br />(+29 for winning)\n|raw|AeroScorch's rating: 1000 &rarr; <strong>1000</strong><br />(+0 for losing)\n",
  "uploadtime": 1776647457,
  "views": 16,
  "formatid": "gen9championsvgc2026regma",
  "rating": 1000,
  "private": 0,
  "password": null
}