{
  "id": "gen9championsvgc2026regma-2588034016",
  "format": "[Gen 9 Champions] VGC 2026 Reg M-A",
  "players": [
    "lino14",
    "fanan1233"
  ],
  "log": "|j|\u2606lino14\n|j|\u2606fanan1233\n|t:|1776595872\n|gametype|doubles\n|player|p1|lino14|norman|1100\n|player|p2|fanan1233|preschooler|1095\n|gen|9\n|tier|[Gen 9 Champions] VGC 2026 Reg M-A\n|rated|\n|rule|Species Clause: Limit one of each Pok\u00e9mon\n|rule|Item Clause: Limit 1 of each item\n|clearpoke\n|poke|p1|Pelipper, L50, M|\n|poke|p1|Whimsicott, L50, F, shiny|\n|poke|p1|Basculegion, L50, M|\n|poke|p1|Heracross, L50, M|\n|poke|p1|Milotic, L50, F|\n|poke|p1|Politoed, L50, F|\n|poke|p2|Clefable, L50, M|\n|poke|p2|Garchomp, L50, M|\n|poke|p2|Sneasler, L50, M|\n|poke|p2|Kingambit, L50, F|\n|poke|p2|Incineroar, L50, F|\n|poke|p2|Sinistcha, L50|\n|teampreview|4\n|inactive|Battle timer is ON: inactive players will automatically lose when time's up. (requested by fanan1233)\nfanan1233 rejected open team sheets.\n|\n|t:|1776595910\n|teamsize|p1|4\n|teamsize|p2|4\n|start\n|switch|p1a: Pelipper|Pelipper, L50, M|100/100\n|switch|p1b: Whimsicott|Whimsicott, L50, F, shiny|100/100\n|switch|p2a: Clefable|Clefable, L50, M|100/100\n|switch|p2b: Garchomp|Garchomp, L50, M|100/100\n|-weather|RainDance|[from] ability: Drizzle|[of] p1a: Pelipper\n|turn|1\n|inactive|lino14 has 30 seconds left.\n|\n|t:|1776595937\n|switch|p2b: Sinistcha|Sinistcha, L50|100/100\n|detailschange|p2a: Clefable|Clefable-Mega, L50, M\n|-mega|p2a: Clefable|Clefable|Clefablite\n|move|p1b: Whimsicott|Tailwind|p1b: Whimsicott\n|-sidestart|p1: lino14|move: Tailwind\n|move|p1a: Pelipper|Ice Beam|p2b: Sinistcha\n|-supereffective|p2b: Sinistcha|1\n|-damage|p2b: Sinistcha|32/100\n|move|p2a: Clefable|Moonblast|p1a: Pelipper\n|-damage|p1a: Pelipper|6/100\n|\n|-weather|RainDance|[upkeep]\n|-heal|p2b: Sinistcha|38/100|[from] item: Leftovers\n|upkeep\n|turn|2\n|inactive|lino14 has 30 seconds left.\n|\n|t:|1776595965\n|move|p2b: Sinistcha|Protect|p2b: Sinistcha\n|-singleturn|p2b: Sinistcha|Protect\n|move|p1b: Whimsicott|Moonblast|p2b: Sinistcha\n|-activate|p2b: Sinistcha|move: Protect\n|move|p1a: Pelipper|Weather Ball|p2a: Clefable\n|-damage|p2a: Clefable|47/100\n|move|p2a: Clefable|Dazzling Gleam|p1b: Whimsicott|[spread] p1a,p1b\n|-damage|p1a: Pelipper|0 fnt\n|-damage|p1b: Whimsicott|52/100\n|faint|p1a: Pelipper\n|\n|-weather|RainDance|[upkeep]\n|-heal|p2b: Sinistcha|44/100|[from] item: Leftovers\n|upkeep\n|\n|t:|1776595978\n|switch|p1a: Milotic|Milotic, L50, F|100/100\n|turn|3\n|\n|t:|1776595996\n|move|p2b: Sinistcha|Rage Powder|p2b: Sinistcha\n|-singleturn|p2b: Sinistcha|move: Rage Powder\n|move|p1b: Whimsicott|Moonblast|p2b: Sinistcha\n|-damage|p2b: Sinistcha|10/100\n|move|p1a: Milotic|Icy Wind|p2b: Sinistcha|[spread] p2a,p2b\n|-supereffective|p2a: Clefable|1\n|-supereffective|p2b: Sinistcha|1\n|-damage|p2a: Clefable|31/100\n|-damage|p2b: Sinistcha|0 fnt\n|-unboost|p2a: Clefable|spe|1\n|faint|p2b: Sinistcha\n|move|p2a: Clefable|Dazzling Gleam|p1b: Whimsicott|[spread] p1a,p1b\n|-damage|p1a: Milotic|72/100\n|-damage|p1b: Whimsicott|5/100\n|-enditem|p1b: Whimsicott|Sitrus Berry|[eat]\n|-heal|p1b: Whimsicott|29/100|[from] item: Sitrus Berry\n|\n|-weather|RainDance|[upkeep]\n|-heal|p1a: Milotic|78/100|[from] item: Leftovers\n|upkeep\n|\n|t:|1776596010\n|switch|p2b: Kingambit|Kingambit, L50, F|100/100\n|turn|4\n|\n|t:|1776596021\n|switch|p2a: Garchomp|Garchomp, L50, M|100/100\n|move|p2b: Kingambit|Sucker Punch|p1a: Milotic\n|-damage|p1a: Milotic|47/100\n|move|p1b: Whimsicott|Moonblast|p2a: Garchomp\n|-supereffective|p2a: Garchomp|1\n|-damage|p2a: Garchomp|42/100\n|move|p1a: Milotic|Scald|p2a: Garchomp\n|-damage|p2a: Garchomp|0 fnt\n|faint|p2a: Garchomp\n|\n|-weather|RainDance|[upkeep]\n|-heal|p1a: Milotic|52/100|[from] item: Leftovers\n|-sideend|p1: lino14|move: Tailwind\n|upkeep\n|\n|t:|1776596029\n|switch|p2a: Clefable|Clefable-Mega, L50, M|31/100\n|turn|5\n|\n|t:|1776596036\n|move|p1b: Whimsicott|Moonblast|p2a: Clefable\n|-damage|p2a: Clefable|8/100\n|move|p1a: Milotic|Icy Wind|p2b: Kingambit|[spread] p2a,p2b\n|-supereffective|p2a: Clefable|1\n|-resisted|p2b: Kingambit|1\n|-damage|p2a: Clefable|0 fnt\n|-damage|p2b: Kingambit|96/100\n|-unboost|p2b: Kingambit|spe|1\n|-ability|p2b: Kingambit|Defiant|boost\n|-boost|p2b: Kingambit|atk|2\n|faint|p2a: Clefable\n|move|p2b: Kingambit|Kowtow Cleave|p1a: Milotic\n|-damage|p1a: Milotic|0 fnt\n|faint|p1a: Milotic\n|\n|-weather|none\n|upkeep\n|\n|t:|1776596049\n|switch|p1a: Politoed|Politoed, L50, F|100/100\n|-weather|RainDance|[from] ability: Drizzle|[of] p1a: Politoed\n|turn|6\n|\n|t:|1776596058\n|move|p2b: Kingambit|Protect|p2b: Kingambit\n|-singleturn|p2b: Kingambit|Protect\n|move|p1b: Whimsicott|Encore|p2b: Kingambit\n|-activate|p2b: Kingambit|move: Protect\n|move|p1a: Politoed|Surf|p2b: Kingambit|[spread] p1b\n|-activate|p2b: Kingambit|move: Protect\n|-resisted|p1b: Whimsicott|1\n|-damage|p1b: Whimsicott|8/100\n|\n|-weather|RainDance|[upkeep]\n|upkeep\n|turn|7\n|\n|t:|1776596080\n|move|p2b: Kingambit|Sucker Punch|p1a: Politoed\n|-damage|p1a: Politoed|12/100\n|move|p1b: Whimsicott|Moonblast|p2b: Kingambit\n|-damage|p2b: Kingambit|68/100\n|move|p1a: Politoed|Surf|p2b: Kingambit|[spread] p1b,p2b\n|-resisted|p1b: Whimsicott|1\n|-damage|p1b: Whimsicott|0 fnt\n|-damage|p2b: Kingambit|38/100\n|faint|p1b: Whimsicott\n|\n|-weather|RainDance|[upkeep]\n|upkeep\n|turn|8\n|\n|t:|1776596093\n|move|p1a: Politoed|Protect|p1a: Politoed\n|-singleturn|p1a: Politoed|Protect\n|move|p2b: Kingambit|Sucker Punch||[still]\n|-fail|p2b: Kingambit\n|\n|-weather|RainDance|[upkeep]\n|upkeep\n|turn|9\n|\n|t:|1776596101\n|move|p2b: Kingambit|Sucker Punch||[still]\n|-fail|p2b: Kingambit\n|move|p1a: Politoed|Substitute|p1a: Politoed\n|-fail|p1a: Politoed|move: Substitute|[weak]\n|\n|-weather|RainDance|[upkeep]\n|upkeep\n|turn|10\n|\n|t:|1776596109\n|move|p1a: Politoed|Surf|p2b: Kingambit\n|-damage|p2b: Kingambit|0 fnt\n|faint|p2b: Kingambit\n|\n|win|lino14\n|raw|lino14's rating: 1100 &rarr; <strong>1125</strong><br />(+25 for winning)\n|raw|fanan1233's rating: 1095 &rarr; <strong>1071</strong><br />(-24 for losing)\n|l|\u2606fanan1233\n|player|p2|\n",
  "uploadtime": 1776596118,
  "views": 15,
  "formatid": "gen9championsvgc2026regma",
  "rating": 1071,
  "private": 0,
  "password": null
}