{
  "id": "gen9championsvgc2026regma-2583747067",
  "format": "[Gen 9 Champions] VGC 2026 Reg M-A",
  "players": [
    "An rua",
    "LaserDedenee"
  ],
  "log": "|j|\u2606An rua\n|j|\u2606LaserDedenee\n|t:|1776194937\n|gametype|doubles\n|player|p1|An rua|bugcatcher-gen4dp|1228\n|player|p2|LaserDedenee|169|1263\n|gen|9\n|tier|[Gen 9 Champions] VGC 2026 Reg M-A\n|rated|\n|rule|Species Clause: Limit one of each Pok\u00e9mon\n|rule|Item Clause: Limit 1 of each item\n|clearpoke\n|poke|p1|Incineroar, L50, F|\n|poke|p1|Sinistcha, L50|\n|poke|p1|Sneasler, L50, F|\n|poke|p1|Garchomp, L50, M|\n|poke|p1|Basculegion, L50, M|\n|poke|p1|Kingambit, L50, M|\n|poke|p2|Gyarados, L50, M|\n|poke|p2|Ninetales-Alola, L50, F|\n|poke|p2|Sneasler, L50, M|\n|poke|p2|Scizor, L50, M|\n|poke|p2|Garchomp, L50, M|\n|poke|p2|Ceruledge, L50, M|\n|teampreview|4\n|inactive|Battle timer is ON: inactive players will automatically lose when time's up. (requested by An rua)\nLaserDedenee rejected open team sheets.\n|inactive|LaserDedenee has 60 seconds left.\n|inactive|LaserDedenee has 30 seconds left.\n|inactive|LaserDedenee has 20 seconds left.\n|inactive|LaserDedenee has 15 seconds left.\n|inactive|LaserDedenee has 10 seconds left.\n|\n|t:|1776195021\n|teamsize|p1|4\n|teamsize|p2|4\n|start\n|switch|p1a: Sinistcha|Sinistcha, L50|100/100\n|switch|p1b: Basculegion|Basculegion, L50, M|100/100\n|switch|p2a: Sneasler|Sneasler, L50, M|100/100\n|switch|p2b: Gyarados|Gyarados, L50, M|100/100\n|-ability|p2b: Gyarados|Intimidate|boost\n|-unboost|p1a: Sinistcha|atk|1\n|-unboost|p1b: Basculegion|atk|1\n|turn|1\n|\n|t:|1776195046\n|detailschange|p2b: Gyarados|Gyarados-Mega, L50, M\n|-mega|p2b: Gyarados|Gyarados|Gyaradosite\n|-ability|p2b: Gyarados|Mold Breaker\n|move|p1b: Basculegion|Flip Turn|p2a: Sneasler\n|-damage|p2a: Sneasler|53/100\n|\n|t:|1776195053\n|switch|p1b: Incineroar|Incineroar, L50, F|100/100|[from] Flip Turn\n|-ability|p1b: Incineroar|Intimidate|boost\n|-unboost|p2a: Sneasler|atk|1\n|-unboost|p2b: Gyarados|atk|1\n|-enditem|p2a: Sneasler|White Herb\n|-clearnegativeboost|p2a: Sneasler|[silent]\n|move|p2a: Sneasler|Coaching|p2b: Gyarados\n|-boost|p2b: Gyarados|atk|1\n|-boost|p2b: Gyarados|def|1\n|move|p2b: Gyarados|Dragon Dance|p2b: Gyarados\n|-boost|p2b: Gyarados|atk|1\n|-boost|p2b: Gyarados|spe|1\n|move|p1a: Sinistcha|Trick Room|p1a: Sinistcha\n|-fieldstart|move: Trick Room|[of] p1a: Sinistcha\n|\n|upkeep\n|turn|2\n|\n|t:|1776195073\n|switch|p2a: Ceruledge|Ceruledge, L50, M|100/100\n|move|p2b: Gyarados|Protect|p2b: Gyarados\n|-singleturn|p2b: Gyarados|Protect\n|move|p1b: Incineroar|Flare Blitz|p2a: Ceruledge\n|-start|p2a: Ceruledge|ability: Flash Fire\n|move|p1a: Sinistcha|Matcha Gotcha|p2b: Gyarados|[spread] \n|-activate|p2b: Gyarados|move: Protect\n|-miss|p1a: Sinistcha|p2a: Ceruledge\n|\n|upkeep\n|turn|3\n|\n|t:|1776195092\n|move|p1b: Incineroar|Darkest Lariat|p2a: Ceruledge\n|-supereffective|p2a: Ceruledge|1\n|-damage|p2a: Ceruledge|31/100\n|move|p1a: Sinistcha|Matcha Gotcha|p2a: Ceruledge|[spread] p2a,p2b\n|-resisted|p2a: Ceruledge|1\n|-supereffective|p2b: Gyarados|1\n|-crit|p2b: Gyarados\n|-damage|p2a: Ceruledge|18/100\n|-damage|p2b: Gyarados|38/100\n|move|p2a: Ceruledge|Bitter Blade|p1a: Sinistcha\n|-supereffective|p1a: Sinistcha|1\n|-damage|p1a: Sinistcha|0 fnt\n|-heal|p2a: Ceruledge|67/100|[from] drain|[of] p1a: Sinistcha\n|faint|p1a: Sinistcha\n|move|p2b: Gyarados|Waterfall|p1b: Incineroar\n|-supereffective|p1b: Incineroar|1\n|-damage|p1b: Incineroar|0 fnt\n|faint|p1b: Incineroar\n|\n|upkeep\n|\n|t:|1776195102\n|switch|p1b: Basculegion|Basculegion, L50, M|100/100\n|switch|p1a: Kingambit|Kingambit, L50, M|100/100\n|turn|4\n|inactive|LaserDedenee has 30 seconds left.\n|\n|t:|1776195128\n|move|p2a: Ceruledge|Protect|p2a: Ceruledge\n|-singleturn|p2a: Ceruledge|Protect\n|move|p2b: Gyarados|Protect|p2b: Gyarados\n|-singleturn|p2b: Gyarados|Protect\n|move|p1a: Kingambit|Kowtow Cleave|p2a: Ceruledge\n|-activate|p2a: Ceruledge|move: Protect\n|move|p1b: Basculegion|Last Respects|p2b: Gyarados\n|-activate|p2b: Gyarados|move: Protect\n|\n|upkeep\n|turn|5\n|\n|t:|1776195150\n|-end|p2a: Ceruledge|ability: Flash Fire|[silent]\n|switch|p2a: Ninetales|Ninetales-Alola, L50, F|100/100\n|-weather|Snowscape|[from] ability: Snow Warning|[of] p2a: Ninetales\n|move|p1a: Kingambit|Kowtow Cleave|p2a: Ninetales\n|-resisted|p2a: Ninetales|1\n|-damage|p2a: Ninetales|70/100\n|move|p1b: Basculegion|Last Respects|p2b: Gyarados\n|-resisted|p2b: Gyarados|1\n|-damage|p2b: Gyarados|3/100\n|move|p2b: Gyarados|Crunch|p1b: Basculegion\n|-supereffective|p1b: Basculegion|1\n|-damage|p1b: Basculegion|0 fnt\n|faint|p1b: Basculegion\n|\n|-weather|Snowscape|[upkeep]\n|-fieldend|move: Trick Room\n|upkeep\n|turn|6\n|\n|t:|1776195167\n|move|p1a: Kingambit|Sucker Punch|p2b: Gyarados\n|-resisted|p2b: Gyarados|1\n|-damage|p2b: Gyarados|0 fnt\n|faint|p2b: Gyarados\n|move|p2a: Ninetales|Aurora Veil|p2a: Ninetales\n|-sidestart|p2: LaserDedenee|move: Aurora Veil\n|\n|-weather|Snowscape|[upkeep]\n|upkeep\n|\n|t:|1776195171\n|switch|p2b: Sneasler|Sneasler, L50, M|53/100\n|turn|7\n|\n|t:|1776195177\n|move|p1a: Kingambit|Protect|p1a: Kingambit\n|-singleturn|p1a: Kingambit|Protect\n|move|p2a: Ninetales|Blizzard|p1a: Kingambit\n|-activate|p1a: Kingambit|move: Protect\n|move|p2b: Sneasler|Close Combat|p1a: Kingambit\n|-activate|p1a: Kingambit|move: Protect\n|\n|-weather|Snowscape|[upkeep]\n|upkeep\n|turn|8\n|\n|t:|1776195184\n|move|p1a: Kingambit|Sucker Punch|p2b: Sneasler\n|-resisted|p2b: Sneasler|1\n|-damage|p2b: Sneasler|24/100\n|move|p2a: Ninetales|Moonblast|p1a: Kingambit\n|-damage|p1a: Kingambit|61/100\n|move|p2b: Sneasler|Close Combat|p1a: Kingambit\n|-supereffective|p1a: Kingambit|2\n|-damage|p1a: Kingambit|0 fnt\n|-unboost|p2b: Sneasler|def|1\n|-unboost|p2b: Sneasler|spd|1\n|faint|p1a: Kingambit\n|\n|win|LaserDedenee\n|raw|An rua's rating: 1228 &rarr; <strong>1206</strong><br />(-22 for losing)\n|raw|LaserDedenee's rating: 1263 &rarr; <strong>1285</strong><br />(+22 for winning)\n|l|\u2606An rua\n|player|p1|\n",
  "uploadtime": 1776195192,
  "views": 37,
  "formatid": "gen9championsvgc2026regma",
  "rating": 1206,
  "private": 0,
  "password": null
}