{
  "id": "gen9championsvgc2026regma-2587476450",
  "format": "[Gen 9 Champions] VGC 2026 Reg M-A",
  "players": [
    "d4ntez",
    "PencilNum2"
  ],
  "log": "|j|\u2606d4ntez\n|j|\u2606PencilNum2\n|t:|1776535052\n|gametype|doubles\n|player|p1|d4ntez|cyclist|1197\n|player|p2|PencilNum2|102|1238\n|gen|9\n|tier|[Gen 9 Champions] VGC 2026 Reg M-A\n|rated|\n|rule|Species Clause: Limit one of each Pok\u00e9mon\n|rule|Item Clause: Limit 1 of each item\n|clearpoke\n|poke|p1|Emboar, L50, F|\n|poke|p1|Farigiraf, L50, M|\n|poke|p1|Gyarados, L50, F|\n|poke|p1|Hydrapple, L50, F|\n|poke|p1|Tinkaton, L50, F|\n|poke|p1|Polteageist, L50, shiny|\n|poke|p2|Tyranitar, L50, M|\n|poke|p2|Aegislash, L50, F|\n|poke|p2|Corviknight, L50, M|\n|poke|p2|Garchomp, L50, M|\n|poke|p2|Rotom-Wash, L50|\n|poke|p2|Emboar, L50, F|\n|teampreview|4\nPencilNum2 rejected open team sheets.\n|inactive|Battle timer is ON: inactive players will automatically lose when time's up. (requested by PencilNum2)\n|inactive|PencilNum2 has 60 seconds left.\n|inactive|d4ntez has 60 seconds left.\n|\n|t:|1776535094\n|teamsize|p1|4\n|teamsize|p2|4\n|start\n|switch|p1a: Pellillep|Farigiraf, L50, M|100/100\n|switch|p1b: Gracie Abrams|Emboar, L50, F|100/100\n|switch|p2a: Rotom|Rotom-Wash, L50|100/100\n|switch|p2b: Garchomp|Garchomp, L50, M|100/100\n|turn|1\n|\n|t:|1776535111\n|switch|p1b: Morango do Amor|Hydrapple, L50, F|100/100\n|move|p2a: Rotom|Trick|p1a: Pellillep\n|-activate|p2a: Rotom|move: Trick|[of] p1a: Pellillep\n|-item|p1a: Pellillep|Choice Scarf|[from] move: Trick\n|-item|p2a: Rotom|Mental Herb|[from] move: Trick\n|move|p2b: Garchomp|Earthquake|p1a: Pellillep|[spread] p1a,p1b\n|-immune|p2a: Rotom|[from] ability: Levitate\n|-resisted|p1b: Morango do Amor|1\n|-damage|p1a: Pellillep|58/100\n|-damage|p1b: Morango do Amor|84/100\n|move|p1a: Pellillep|Trick Room|p1a: Pellillep\n|-fieldstart|move: Trick Room|[of] p1a: Pellillep\n|\n|upkeep\n|turn|2\n|inactive|PencilNum2 has 30 seconds left.\n|\n|t:|1776535137\n|switch|p1a: Poppy|Tinkaton, L50, F|100/100\n|switch|p2b: Emboar|Emboar, L50, F|100/100\n|move|p1b: Morango do Amor|Leaf Storm|p2a: Rotom\n|-supereffective|p2a: Rotom|1\n|-damage|p2a: Rotom|0 fnt\n|-unboost|p1b: Morango do Amor|spa|2\n|faint|p2a: Rotom\n|\n|upkeep\n|\n|t:|1776535146\n|switch|p2a: Aegislash|Aegislash, L50, F|100/100\n|turn|3\n|\n|t:|1776535160\n|switch|p1b: Pellillep|Farigiraf, L50, M|58/100\n|detailschange|p2b: Emboar|Emboar-Mega, L50, F\n|-mega|p2b: Emboar|Emboar|Emboarite\n|-ability|p2b: Emboar|Mold Breaker\n|move|p1a: Poppy|Fake Out|p2b: Emboar\n|-damage|p2b: Emboar|89/100\n|-formechange|p2a: Aegislash|Aegislash-Blade|\n|move|p2a: Aegislash|Shadow Ball|p1b: Pellillep\n|-immune|p1b: Pellillep\n|cant|p2b: Emboar|flinch\n|\n|upkeep\n|turn|4\n|inactive|d4ntez has 30 seconds left.\n|\n|t:|1776535190\n|move|p2b: Emboar|Protect|p2b: Emboar\n|-singleturn|p2b: Emboar|Protect\n|move|p1a: Poppy|Play Rough|p2b: Emboar\n|-activate|p2b: Emboar|move: Protect\n|move|p2a: Aegislash|Shadow Ball|p1a: Poppy\n|-damage|p1a: Poppy|55/100\n|move|p1b: Pellillep|Twin Beam|p2b: Emboar\n|-activate|p2b: Emboar|move: Protect\n|\n|upkeep\n|turn|5\n|\n|t:|1776535210\n|switch|p2b: Garchomp|Garchomp, L50, M|100/100\n|move|p1a: Poppy|Play Rough|p2b: Garchomp\n|-supereffective|p2b: Garchomp|1\n|-damage|p2b: Garchomp|31/100\n|move|p2a: Aegislash|Shadow Ball|p1a: Poppy\n|-damage|p1a: Poppy|10/100\n|move|p1b: Pellillep|Twin Beam|p2b: Garchomp\n|-damage|p2b: Garchomp|10/100\n|-damage|p2b: Garchomp|0 fnt\n|faint|p2b: Garchomp\n|-hitcount|p2: Garchomp|2\n|\n|-fieldend|move: Trick Room\n|upkeep\n|\n|t:|1776535222\n|switch|p2b: Emboar|Emboar-Mega, L50, F|89/100\n|-ability|p2b: Emboar|Mold Breaker\n|turn|6\n|\n|t:|1776535237\n|move|p2b: Emboar|Protect|p2b: Emboar\n|-singleturn|p2b: Emboar|Protect\n|move|p1a: Poppy|Feint|p2b: Emboar\n|-activate|p2b: Emboar|move: Feint\n|-damage|p2b: Emboar|80/100\n|move|p1b: Pellillep|Twin Beam|p2b: Emboar\n|-supereffective|p2b: Emboar|1\n|-damage|p2b: Emboar|51/100\n|-supereffective|p2b: Emboar|1\n|-damage|p2b: Emboar|24/100\n|-hitcount|p2b: Emboar|2\n|move|p2a: Aegislash|Shadow Ball|p1a: Poppy\n|-damage|p1a: Poppy|0 fnt\n|faint|p1a: Poppy\n|\n|upkeep\n|\n|t:|1776535254\n|switch|p1a: Gracie Abrams|Emboar, L50, F|100/100\n|turn|7\n|\n|t:|1776535261\n|detailschange|p1a: Gracie Abrams|Emboar-Mega, L50, F\n|-mega|p1a: Gracie Abrams|Emboar|Emboarite\n|-ability|p1a: Gracie Abrams|Mold Breaker\n|-formechange|p2a: Aegislash|Aegislash|\n|move|p2a: Aegislash|King's Shield|p2a: Aegislash\n|-singleturn|p2a: Aegislash|Protect\n|move|p1b: Pellillep|Twin Beam|p2b: Emboar\n|-supereffective|p2b: Emboar|1\n|-damage|p2b: Emboar|0 fnt\n|faint|p2b: Emboar\n|-hitcount|p2: Emboar|1\n|move|p1a: Gracie Abrams|Flare Blitz|p2a: Aegislash\n|-activate|p2a: Aegislash|move: Protect\n|-unboost|p1a: Gracie Abrams|atk|1\n|\n|upkeep\n|turn|8\n|c|\u2606d4ntez|thanks for the scarf\n|\n|t:|1776535280\n|switch|p1b: Morango do Amor|Hydrapple, L50, F|100/100\n|-formechange|p2a: Aegislash|Aegislash-Blade|\n|move|p2a: Aegislash|Shadow Ball|p1a: Gracie Abrams\n|-damage|p1a: Gracie Abrams|61/100\n|move|p1a: Gracie Abrams|Flare Blitz|p2a: Aegislash\n|-supereffective|p2a: Aegislash|1\n|-damage|p2a: Aegislash|0 fnt\n|faint|p2a: Aegislash\n|-damage|p1a: Gracie Abrams|40/100|[from] Recoil\n|\n|win|d4ntez\n|raw|d4ntez's rating: 1197 &rarr; <strong>1225</strong><br />(+28 for winning)\n|raw|PencilNum2's rating: 1238 &rarr; <strong>1210</strong><br />(-28 for losing)\n|l|\u2606PencilNum2\n|player|p2|\n",
  "uploadtime": 1776535308,
  "views": 27,
  "formatid": "gen9championsvgc2026regma",
  "rating": 1210,
  "private": 0,
  "password": null
}