{
  "id": "gen9championsvgc2026regma-2581925271",
  "format": "[Gen 9 Champions] VGC 2026 Reg M-A",
  "players": [
    "sheikhswampert",
    "CinnamonClub"
  ],
  "log": "|j|\u2606sheikhswampert\n|j|\u2606CinnamonClub\n|t:|1776040287\n|gametype|doubles\n|player|p1|sheikhswampert|volkner|1144\n|player|p2|CinnamonClub|101|1091\n|gen|9\n|tier|[Gen 9 Champions] VGC 2026 Reg M-A\n|rated|\n|rule|Species Clause: Limit one of each Pok\u00e9mon\n|rule|Item Clause: Limit 1 of each item\n|clearpoke\n|poke|p1|Sneasler, L50, F|\n|poke|p1|Froslass, L50, F|\n|poke|p1|Kingambit, L50, F|\n|poke|p1|Dragonite, L50, M|\n|poke|p1|Hydreigon, L50, M|\n|poke|p1|Slowking-Galar, L50, M|\n|poke|p2|Sneasler, L50, F|\n|poke|p2|Whimsicott, L50, F|\n|poke|p2|Rotom-Wash, L50|\n|poke|p2|Garchomp, L50, F|\n|poke|p2|Tyranitar, L50, M|\n|poke|p2|Corviknight, L50, F|\n|teampreview|4\n|\n|t:|1776040321\n|teamsize|p1|4\n|teamsize|p2|4\n|start\n|switch|p1a: Sneasler|Sneasler, L50, F|100/100\n|switch|p1b: Froslass|Froslass, L50, F, shiny|100/100\n|switch|p2a: Sneasler|Sneasler, L50, F|100/100\n|switch|p2b: Rotom|Rotom-Wash, L50|100/100\n|turn|1\n|inactive|Battle timer is ON: inactive players will automatically lose when time's up. (requested by sheikhswampert)\n|\n|t:|1776040374\n|detailschange|p1b: Froslass|Froslass-Mega, L50, F, shiny\n|-mega|p1b: Froslass|Froslass|Froslassite\n|-weather|Snowscape|[from] ability: Snow Warning|[of] p1b: Froslass\n|move|p2a: Sneasler|Fake Out|p1a: Sneasler\n|-damage|p1a: Sneasler|77/100\n|cant|p1a: Sneasler|flinch\n|move|p2b: Rotom|Volt Switch|p1b: Froslass\n|-damage|p1b: Froslass|57/100\n|\n|t:|1776040389\n|switch|p2b: Tyranitar|Tyranitar, L50, M|100/100|[from] Volt Switch\n|-weather|Sandstorm|[from] ability: Sand Stream|[of] p2b: Tyranitar\n|move|p1b: Froslass|Aurora Veil||[still]\n|-fail|p1b: Froslass\n|\n|-weather|Sandstorm|[upkeep]\n|-damage|p1b: Froslass|51/100|[from] Sandstorm\n|-damage|p1a: Sneasler|71/100|[from] Sandstorm\n|-damage|p2a: Sneasler|95/100|[from] Sandstorm\n|upkeep\n|turn|2\n|c|\u2606sheikhswampert|nice\n|inactive|CinnamonClub has 30 seconds left.\n|inactive|CinnamonClub has 20 seconds left.\n|inactive|CinnamonClub has 15 seconds left.\n|inactive|CinnamonClub has 10 seconds left.\n|inactive|CinnamonClub has 5 seconds left.\n|\n|t:|1776040441\n|switch|p1b: Dragonite|Dragonite, L50, M|100/100\n|switch|p2a: Rotom|Rotom-Wash, L50|100/100\n|move|p1a: Sneasler|Close Combat|p2b: Tyranitar\n|-supereffective|p2b: Tyranitar|2\n|-enditem|p2b: Tyranitar|Chople Berry|[eat]\n|-enditem|p2b: Tyranitar|Chople Berry|[weaken]\n|-damage|p2b: Tyranitar|1/100\n|-unboost|p1a: Sneasler|def|1\n|-unboost|p1a: Sneasler|spd|1\n|move|p2b: Tyranitar|Knock Off|p1b: Dragonite\n|-damage|p1b: Dragonite|73/100\n|-enditem|p1b: Dragonite|White Herb|[from] move: Knock Off|[of] p2b: Tyranitar\n|\n|-weather|Sandstorm|[upkeep]\n|-damage|p2a: Rotom|95/100|[from] Sandstorm\n|-damage|p1a: Sneasler|65/100|[from] Sandstorm\n|-damage|p1b: Dragonite|67/100|[from] Sandstorm\n|upkeep\n|turn|3\n|inactive|sheikhswampert has 30 seconds left.\n|inactive|CinnamonClub has 30 seconds left.\n|inactive|sheikhswampert has 20 seconds left.\n|inactive|CinnamonClub has 20 seconds left.\n|inactive|sheikhswampert has 15 seconds left.\n|inactive|sheikhswampert has 10 seconds left.\n|\n|t:|1776040487\n|move|p2b: Tyranitar|Protect|p2b: Tyranitar\n|-singleturn|p2b: Tyranitar|Protect\n|move|p1b: Dragonite|Extreme Speed|p2b: Tyranitar\n|-activate|p2b: Tyranitar|move: Protect\n|move|p2a: Rotom|Volt Switch|p1a: Sneasler\n|-damage|p1a: Sneasler|0 fnt\n|faint|p1a: Sneasler\n|\n|t:|1776040505\n|switch|p2a: Sneasler|Sneasler, L50, F|95/100|[from] Volt Switch\n|\n|-weather|Sandstorm|[upkeep]\n|-damage|p2a: Sneasler|89/100|[from] Sandstorm\n|-damage|p1b: Dragonite|61/100|[from] Sandstorm\n|upkeep\n|\n|t:|1776040511\n|switch|p1a: Froslass|Froslass-Mega, L50, F, shiny|51/100\n|-weather|Snowscape|[from] ability: Snow Warning|[of] p1a: Froslass\n|turn|4\n|inactive|CinnamonClub has 30 seconds left.\n|inactive|CinnamonClub has 20 seconds left.\n|\n|t:|1776040550\n|switch|p2b: Rotom|Rotom-Wash, L50|95/100\n|move|p2a: Sneasler|Fake Out|p1b: Dragonite\n|-damage|p1b: Dragonite|47/100\n|cant|p1b: Dragonite|flinch\n|move|p1a: Froslass|Blizzard|p2b: Rotom|[spread] p2a,p2b\n|-resisted|p2b: Rotom|1\n|-damage|p2a: Sneasler|28/100\n|-damage|p2b: Rotom|63/100\n|-status|p2a: Sneasler|frz\n|\n|-weather|Snowscape|[upkeep]\n|upkeep\n|turn|5\n|inactive|CinnamonClub has 30 seconds left.\n|\n|t:|1776040584\n|switch|p2a: Corviknight|Corviknight, L50, F|100/100\n|move|p2b: Rotom|Thunderbolt|p1a: Froslass\n|-damage|p1a: Froslass|1/100\n|move|p1a: Froslass|Shadow Ball|p2b: Rotom\n|-damage|p2b: Rotom|3/100\n|move|p1b: Dragonite|Dragon Dance|p1b: Dragonite\n|-boost|p1b: Dragonite|atk|1\n|-boost|p1b: Dragonite|spe|1\n|\n|-weather|Snowscape|[upkeep]\n|upkeep\n|turn|6\n|\n|t:|1776040606\n|move|p1b: Dragonite|Extreme Speed|p2b: Rotom\n|-damage|p2b: Rotom|0 fnt\n|faint|p2b: Rotom\n|move|p1a: Froslass|Aurora Veil|p1a: Froslass\n|-sidestart|p1: sheikhswampert|move: Aurora Veil\n|move|p2a: Corviknight|Brave Bird|p1b: Dragonite\n|-damage|p1b: Dragonite|24/100\n|-damage|p2a: Corviknight|93/100|[from] Recoil\n|\n|-weather|Snowscape|[upkeep]\n|-heal|p2a: Corviknight|99/100|[from] item: Leftovers\n|upkeep\n|\n|t:|1776040621\n|switch|p2b: Tyranitar|Tyranitar, L50, M|1/100\n|-weather|Sandstorm|[from] ability: Sand Stream|[of] p2b: Tyranitar\n|turn|7\n|\n|t:|1776040638\n|move|p2b: Tyranitar|Protect|p2b: Tyranitar\n|-singleturn|p2b: Tyranitar|Protect\n|move|p1a: Froslass|Shadow Ball|p2b: Tyranitar\n|-activate|p2b: Tyranitar|move: Protect\n|move|p1b: Dragonite|Fire Punch|p2a: Corviknight\n|-supereffective|p2a: Corviknight|1\n|-damage|p2a: Corviknight|23/100\n|move|p2a: Corviknight|Iron Defense|p2a: Corviknight\n|-boost|p2a: Corviknight|def|2\n|\n|-weather|Sandstorm|[upkeep]\n|-damage|p1a: Froslass|0 fnt|[from] Sandstorm\n|-damage|p1b: Dragonite|18/100|[from] Sandstorm\n|faint|p1a: Froslass\n|-heal|p2a: Corviknight|29/100|[from] item: Leftovers\n|upkeep\n|\n|t:|1776040652\n|switch|p1a: Kingambit|Kingambit, L50, F|100/100\n|turn|8\n|inactive|CinnamonClub has 30 seconds left.\n|inactive|CinnamonClub has 20 seconds left.\n|\n|t:|1776040690\n|move|p1a: Kingambit|Sucker Punch|p2b: Tyranitar\n|-resisted|p2b: Tyranitar|1\n|-damage|p2b: Tyranitar|0 fnt\n|faint|p2b: Tyranitar\n|move|p1b: Dragonite|Fire Punch|p2a: Corviknight\n|-supereffective|p2a: Corviknight|1\n|-damage|p2a: Corviknight|0 fnt\n|faint|p2a: Corviknight\n|\n|-weather|Sandstorm|[upkeep]\n|-damage|p1b: Dragonite|12/100|[from] Sandstorm\n|upkeep\n|\n|t:|1776040702\n|switch|p2a: Sneasler|Sneasler, L50, F|28/100 frz\n|turn|9\n|\n|t:|1776040711\n|move|p1b: Dragonite|Extreme Speed|p2a: Sneasler\n|-damage|p2a: Sneasler|0 fnt\n|faint|p2a: Sneasler\n|\n|win|sheikhswampert\n|raw|sheikhswampert's rating: 1144 &rarr; <strong>1165</strong><br />(+21 for winning)\n|raw|CinnamonClub's rating: 1091 &rarr; <strong>1071</strong><br />(-20 for losing)\n|c|\u2606sheikhswampert|very tough match\n|c|\u2606sheikhswampert|gg\n|c|\u2606CinnamonClub|Ggs\n",
  "uploadtime": 1776040725,
  "views": 9,
  "formatid": "gen9championsvgc2026regma",
  "rating": 1071,
  "private": 0,
  "password": null
}