{
  "id": "gen9championsvgc2026regma-2585909568",
  "format": "[Gen 9 Champions] VGC 2026 Reg M-A",
  "players": [
    "wtfispayday2",
    "Matheus1958"
  ],
  "log": "|j|\u2606wtfispayday2\n|j|\u2606Matheus1958\n|t:|1776380556\n|gametype|doubles\n|player|p1|wtfispayday2|olivia|1090\n|player|p2|Matheus1958|266|1000\n|gen|9\n|tier|[Gen 9 Champions] VGC 2026 Reg M-A\n|rated|\n|rule|Species Clause: Limit one of each Pok\u00e9mon\n|rule|Item Clause: Limit 1 of each item\n|clearpoke\n|poke|p1|Froslass, L50, F|\n|poke|p1|Sneasler, L50, M|\n|poke|p1|Sinistcha, L50|\n|poke|p1|Incineroar, L50, M|\n|poke|p1|Meganium, L50, F|\n|poke|p1|Arcanine-Hisui, L50, F|\n|poke|p2|Incineroar, L50, F|\n|poke|p2|Gardevoir, L50, F|\n|poke|p2|Rampardos, L50, F|\n|poke|p2|Goodra-Hisui, L50, M|\n|poke|p2|Basculegion, L50, M|\n|poke|p2|Talonflame, L50, M|\n|teampreview|4\n|inactive|Battle timer is ON: inactive players will automatically lose when time's up. (requested by Matheus1958)\n|\n|t:|1776380584\n|teamsize|p1|4\n|teamsize|p2|4\n|start\n|switch|p1a: Sneasler|Sneasler, L50, M|100/100\n|switch|p1b: Arcanine|Arcanine-Hisui, L50, F|100/100\n|switch|p2a: Incineroar|Incineroar, L50, F|100/100\n|switch|p2b: Goodra|Goodra-Hisui, L50, M|100/100\n|-ability|p1a: Sneasler|Pressure\n|-ability|p1b: Arcanine|Intimidate|boost\n|-unboost|p2a: Incineroar|atk|1\n|-unboost|p2b: Goodra|atk|1\n|-ability|p2a: Incineroar|Intimidate|boost\n|-unboost|p1a: Sneasler|atk|1\n|-unboost|p1b: Arcanine|atk|1\n|-enditem|p1a: Sneasler|White Herb\n|-clearnegativeboost|p1a: Sneasler|[silent]\n|turn|1\n|inactive|Matheus1958 has 30 seconds left.\n|inactive|wtfispayday2 has 30 seconds left.\n|\n|t:|1776380626\n|move|p1a: Sneasler|Fake Out|p2a: Incineroar\n|-damage|p2a: Incineroar|85/100\n|cant|p2a: Incineroar|flinch\n|move|p1b: Arcanine|Flare Blitz|p2b: Goodra\n|-damage|p2b: Goodra|62/100\n|-ability|p2b: Goodra|Gooey\n|-unboost|p1b: Arcanine|spe|1\n|-damage|p1b: Arcanine|88/100|[from] Recoil\n|move|p2b: Goodra|Draco Meteor|p1a: Sneasler\n|-damage|p1a: Sneasler|17/100\n|-unboost|p2b: Goodra|spa|2\n|\n|upkeep\n|turn|2\n|inactive|Matheus1958 has 30 seconds left.\n|\n|t:|1776380659\n|switch|p2b: Talonflame|Talonflame, L50, M, shiny|100/100\n|move|p1a: Sneasler|Close Combat|p2a: Incineroar\n|-supereffective|p2a: Incineroar|1\n|-damage|p2a: Incineroar|0 fnt\n|-unboost|p1a: Sneasler|def|1\n|-unboost|p1a: Sneasler|spd|1\n|faint|p2a: Incineroar\n|move|p1b: Arcanine|Flare Blitz|p2b: Talonflame\n|-resisted|p2b: Talonflame|1\n|-damage|p2b: Talonflame|75/100\n|-damage|p1b: Arcanine|80/100|[from] Recoil\n|\n|upkeep\n|\n|t:|1776380675\n|switch|p2a: Rampardos|Rampardos, L50, F|100/100\n|-ability|p2a: Rampardos|Mold Breaker\n|turn|3\n|\n|t:|1776380686\n|move|p1a: Sneasler|Protect|p1a: Sneasler\n|-singleturn|p1a: Sneasler|Protect\n|move|p2b: Talonflame|Tailwind|p2b: Talonflame\n|-sidestart|p2: Matheus1958|move: Tailwind\n|move|p2a: Rampardos|Earthquake|p1b: Arcanine|[spread] p1b\n|-activate|p1a: Sneasler|move: Protect\n|-immune|p2b: Talonflame\n|-supereffective|p1b: Arcanine|2\n|-damage|p1b: Arcanine|0 fnt\n|faint|p1b: Arcanine\n|\n|upkeep\n|\n|t:|1776380694\n|switch|p1b: Meganium|Meganium, L50, F|100/100\n|turn|4\n|inactive|wtfispayday2 has 30 seconds left.\n|inactive|Matheus1958 has 30 seconds left.\n|\n|t:|1776380727\n|switch|p2b: Goodra|Goodra-Hisui, L50, M|62/100\n|detailschange|p1b: Meganium|Meganium-Mega, L50, F\n|-mega|p1b: Meganium|Meganium|Meganiumite\n|move|p1a: Sneasler|Close Combat|p2a: Rampardos\n|-supereffective|p2a: Rampardos|1\n|-damage|p2a: Rampardos|0 fnt\n|-unboost|p1a: Sneasler|def|1\n|-unboost|p1a: Sneasler|spd|1\n|faint|p2a: Rampardos\n|move|p1b: Meganium|Solar Beam||[still]\n|-prepare|p1b: Meganium|Solar Beam\n|-activate|p1b: Meganium|ability: Mega Sol\n|-anim|p1b: Meganium|Solar Beam|p2b: Goodra\n|-resisted|p2b: Goodra|2\n|-damage|p2b: Goodra|52/100\n|\n|upkeep\n|\n|t:|1776380743\n|switch|p2a: Talonflame|Talonflame, L50, M, shiny|75/100\n|turn|5\n|\n|t:|1776380753\n|move|p2a: Talonflame|Brave Bird|p1b: Meganium\n|-supereffective|p1b: Meganium|1\n|-damage|p1b: Meganium|22/100\n|-damage|p2a: Talonflame|44/100|[from] Recoil\n|move|p1a: Sneasler|Close Combat|p2b: Goodra\n|-supereffective|p2b: Goodra|1\n|-damage|p2b: Goodra|0 fnt\n|-unboost|p1a: Sneasler|def|1\n|-unboost|p1a: Sneasler|spd|1\n|-ability|p2b: Goodra|Gooey\n|-unboost|p1a: Sneasler|spe|1\n|faint|p2b: Goodra\n|move|p1b: Meganium|Weather Ball|p2a: Talonflame\n|-resisted|p2a: Talonflame|1\n|-damage|p2a: Talonflame|0 fnt\n|faint|p2a: Talonflame\n|\n|win|wtfispayday2\n|raw|wtfispayday2's rating: 1090 &rarr; <strong>1110</strong><br />(+20 for winning)\n|raw|Matheus1958's rating: 1000 &rarr; <strong>1000</strong><br />(+0 for losing)\n|l|\u2606Matheus1958\n|player|p2|\n",
  "uploadtime": 1776381628,
  "views": 14,
  "formatid": "gen9championsvgc2026regma",
  "rating": 1000,
  "private": 0,
  "password": null
}