{
  "id": "gen9championsvgc2026regma-2581467466",
  "format": "[Gen 9 Champions] VGC 2026 Reg M-A",
  "players": [
    "Braute",
    "baku_308"
  ],
  "log": "|j|\u2606Braute\n|j|\u2606baku_308\n|t:|1776003238\n|gametype|doubles\n|player|p1|Braute|miku-fire|1168\n|player|p2|baku_308|170|1129\n|gen|9\n|tier|[Gen 9 Champions] VGC 2026 Reg M-A\n|rated|\n|rule|Species Clause: Limit one of each Pok\u00e9mon\n|rule|Item Clause: Limit 1 of each item\n|clearpoke\n|poke|p1|Beedrill, L50, M|\n|poke|p1|Incineroar, L50, M|\n|poke|p1|Talonflame, L50, F|\n|poke|p1|Kingambit, L50, F|\n|poke|p1|Tyranitar, L50, M|\n|poke|p1|Excadrill, L50, F|\n|poke|p2|Arcanine, L50, F|\n|poke|p2|Rotom-Wash, L50|\n|poke|p2|Garchomp, L50, M|\n|poke|p2|Venusaur, L50, F|\n|poke|p2|Corviknight, L50, F|\n|poke|p2|Sneasler, L50, M|\n|teampreview|4\n|inactive|Battle timer is ON: inactive players will automatically lose when time's up. (requested by Braute)\n|inactive|Braute has 60 seconds left.\n|inactive|baku_308 has 60 seconds left.\n|\n|t:|1776003282\n|teamsize|p1|4\n|teamsize|p2|4\n|start\n|switch|p1a: Tyranitar|Tyranitar, L50, M|100/100\n|switch|p1b: Excadrill|Excadrill, L50, F|100/100\n|switch|p2a: Garchomp|Garchomp, L50, M|100/100\n|switch|p2b: Rotom|Rotom-Wash, L50|100/100\n|-weather|Sandstorm|[from] ability: Sand Stream|[of] p1a: Tyranitar\n|turn|1\n|\n|t:|1776003307\n|switch|p1a: Talonflame|Talonflame, L50, F|100/100\n|move|p1b: Excadrill|High Horsepower|p2a: Garchomp\n|-damage|p2a: Garchomp|50/100\n|-damage|p1b: Excadrill|88/100|[from] ability: Rough Skin|[of] p2a: Garchomp\n|move|p2b: Rotom|Hydro Pump|p1b: Excadrill\n|-supereffective|p1b: Excadrill|1\n|-damage|p1b: Excadrill|0 fnt\n|faint|p1b: Excadrill\n|move|p2a: Garchomp|Earthquake|p1a: Talonflame|[spread] \n|-immune|p2b: Rotom|[from] ability: Levitate\n|-immune|p1a: Talonflame\n|\n|-weather|Sandstorm|[upkeep]\n|-damage|p2b: Rotom|95/100|[from] Sandstorm\n|-damage|p1a: Talonflame|95/100|[from] Sandstorm\n|upkeep\n|inactive|Braute has 30 seconds left.\n|\n|t:|1776003338\n|switch|p1b: Beedrill|Beedrill, L50, M, shiny|100/100\n|turn|2\n|\n|t:|1776003353\n|switch|p2b: Arcanine|Arcanine, L50, F|100/100\n|-ability|p2b: Arcanine|Intimidate|boost\n|-unboost|p1a: Talonflame|atk|1\n|-unboost|p1b: Beedrill|atk|1\n|detailschange|p1b: Beedrill|Beedrill-Mega, L50, M, shiny\n|-mega|p1b: Beedrill|Beedrill|Beedrillite\n|move|p1b: Beedrill|U-turn|p2b: Arcanine\n|-resisted|p2b: Arcanine|1\n|-damage|p2b: Arcanine|80/100\n|\n|t:|1776003361\n|switch|p1b: Tyranitar|Tyranitar, L50, M|100/100|[from] U-turn\n|move|p1a: Talonflame|Tailwind|p1a: Talonflame\n|-sidestart|p1: Braute|move: Tailwind\n|move|p2a: Garchomp|Stone Edge|p1a: Talonflame\n|-supereffective|p1a: Talonflame|2\n|-damage|p1a: Talonflame|0 fnt\n|faint|p1a: Talonflame\n|\n|-weather|Sandstorm|[upkeep]\n|-damage|p2b: Arcanine|74/100|[from] Sandstorm\n|upkeep\n|\n|t:|1776003364\n|switch|p1a: Beedrill|Beedrill-Mega, L50, M, shiny|100/100\n|turn|3\n|\n|t:|1776003370\n|move|p2a: Garchomp|Protect|p2a: Garchomp\n|-singleturn|p2a: Garchomp|Protect\n|move|p2b: Arcanine|Protect|p2b: Arcanine\n|-singleturn|p2b: Arcanine|Protect\n|move|p1a: Beedrill|Lunge|p2a: Garchomp\n|-activate|p2a: Garchomp|move: Protect\n|move|p1b: Tyranitar|Rock Slide|p2b: Arcanine|[spread] \n|-activate|p2a: Garchomp|move: Protect\n|-activate|p2b: Arcanine|move: Protect\n|\n|-weather|Sandstorm|[upkeep]\n|-damage|p1a: Beedrill|95/100|[from] Sandstorm\n|-damage|p2b: Arcanine|68/100|[from] Sandstorm\n|upkeep\n|turn|4\n|\n|t:|1776003394\n|move|p1a: Beedrill|Lunge|p2a: Garchomp\n|-damage|p2a: Garchomp|0 fnt\n|-damage|p1a: Beedrill|83/100|[from] ability: Rough Skin|[of] p2a: Garchomp\n|faint|p2a: Garchomp\n|move|p1b: Tyranitar|Rock Slide|p2b: Arcanine\n|-supereffective|p2b: Arcanine|1\n|-damage|p2b: Arcanine|0 fnt\n|faint|p2b: Arcanine\n|\n|-weather|Sandstorm|[upkeep]\n|-damage|p1a: Beedrill|77/100|[from] Sandstorm\n|upkeep\n|\n|t:|1776003403\n|switch|p2a: Sneasler|Sneasler, L50, M|100/100\n|switch|p2b: Rotom|Rotom-Wash, L50|95/100\n|turn|5\n|inactive|Braute has 30 seconds left.\n|\n|t:|1776003431\n|move|p1b: Tyranitar|Protect|p1b: Tyranitar\n|-singleturn|p1b: Tyranitar|Protect\n|move|p2a: Sneasler|Fake Out|p1a: Beedrill\n|-damage|p1a: Beedrill|43/100\n|cant|p1a: Beedrill|flinch\n|move|p2b: Rotom|Hydro Pump|p1a: Beedrill\n|-damage|p1a: Beedrill|0 fnt\n|faint|p1a: Beedrill\n|\n|-weather|none\n|-sideend|p1: Braute|move: Tailwind\n|upkeep\n|turn|6\n|-message|Braute forfeited.\n|\n|win|baku_308\n|raw|Braute's rating: 1168 &rarr; <strong>1140</strong><br />(-28 for losing)\n|raw|baku_308's rating: 1129 &rarr; <strong>1157</strong><br />(+28 for winning)\n",
  "uploadtime": 1776003441,
  "views": 40,
  "formatid": "gen9championsvgc2026regma",
  "rating": 1140,
  "private": 0,
  "password": null
}