{
  "id": "gen9championsvgc2026regma-2585785803",
  "format": "[Gen 9 Champions] VGC 2026 Reg M-A",
  "players": [
    "baelordyama",
    "yuriimon"
  ],
  "log": "|j|\u2606baelordyama\n|j|\u2606yuriimon\n|t:|1776370505\n|gametype|doubles\n|player|p1|baelordyama|wallace|1120\n|player|p2|yuriimon|waitress-gen4|1114\n|gen|9\n|tier|[Gen 9 Champions] VGC 2026 Reg M-A\n|rated|\n|rule|Species Clause: Limit one of each Pok\u00e9mon\n|rule|Item Clause: Limit 1 of each item\n|clearpoke\n|poke|p1|Alakazam, L50, M|\n|poke|p1|Meowstic, L50, M|\n|poke|p1|Sneasler, L50, M|\n|poke|p1|Aerodactyl, L50, F|\n|poke|p1|Milotic, L50, M|\n|poke|p1|Incineroar, L50, M|\n|poke|p2|Glimmora, L50, F|\n|poke|p2|Incineroar, L50, M|\n|poke|p2|Politoed, L50, M|\n|poke|p2|Basculegion, L50, M|\n|poke|p2|Chesnaught, L50, F|\n|poke|p2|Dragapult, L50, F|\n|teampreview|4\n|inactive|Battle timer is ON: inactive players will automatically lose when time's up. (requested by yuriimon)\n|inactive|yuriimon has 60 seconds left.\n|\n|t:|1776370537\n|teamsize|p1|4\n|teamsize|p2|4\n|start\n|switch|p1a: Sneasler|Sneasler, L50, M|100/100\n|switch|p1b: Milotic|Milotic, L50, M|100/100\n|switch|p2a: Dragapult|Dragapult, L50, F|100/100\n|switch|p2b: Incineroar|Incineroar, L50, M|100/100\n|-ability|p2b: Incineroar|Intimidate|boost\n|-unboost|p1a: Sneasler|atk|1\n|-unboost|p1b: Milotic|atk|1\n|-ability|p1b: Milotic|Competitive|boost\n|-boost|p1b: Milotic|spa|2\n|-enditem|p1a: Sneasler|White Herb\n|-clearnegativeboost|p1a: Sneasler|[silent]\n|turn|1\n|\n|t:|1776370559\n|switch|p2b: Politoed|Politoed, L50, M|100/100\n|-weather|RainDance|[from] ability: Drizzle|[of] p2b: Politoed\n|move|p1a: Sneasler|Fake Out|p2b: Politoed\n|-damage|p2b: Politoed|86/100\n|move|p2a: Dragapult|Thunder|p1b: Milotic\n|-supereffective|p1b: Milotic|1\n|-damage|p1b: Milotic|56/100\n|-status|p1b: Milotic|par\n|move|p1b: Milotic|Scald|p2b: Politoed\n|-resisted|p2b: Politoed|1\n|-damage|p2b: Politoed|45/100\n|-status|p2b: Politoed|brn\n|\n|-weather|RainDance|[upkeep]\n|-heal|p1b: Milotic|62/100 par|[from] item: Leftovers\n|-damage|p2b: Politoed|39/100 brn|[from] brn\n|upkeep\n|turn|2\n|inactive|baelordyama has 30 seconds left.\n|\n|t:|1776370585\n|cant|p1b: Milotic|par\n|move|p1a: Sneasler|Dire Claw|p2a: Dragapult\n|-resisted|p2a: Dragapult|1\n|-damage|p2a: Dragapult|69/100\n|move|p2a: Dragapult|Thunder|p1b: Milotic\n|-supereffective|p1b: Milotic|1\n|-damage|p1b: Milotic|17/100 par\n|move|p2b: Politoed|Encore|p1a: Sneasler\n|-start|p1a: Sneasler|Encore\n|\n|-weather|RainDance|[upkeep]\n|-heal|p1b: Milotic|23/100 par|[from] item: Leftovers\n|-damage|p2b: Politoed|33/100 brn|[from] brn\n|upkeep\n|turn|3\n|\n|t:|1776370606\n|switch|p2b: Incineroar|Incineroar, L50, M|100/100\n|-ability|p2b: Incineroar|Intimidate|boost\n|-unboost|p1a: Sneasler|atk|1\n|-unboost|p1b: Milotic|atk|1\n|-ability|p1b: Milotic|Competitive|boost\n|-boost|p1b: Milotic|spa|2\n|move|p1b: Milotic|Protect|p1b: Milotic\n|-singleturn|p1b: Milotic|Protect\n|move|p1a: Sneasler|Dire Claw|p2b: Incineroar\n|-damage|p2b: Incineroar|77/100\n|move|p2a: Dragapult|Thunder|p1b: Milotic\n|-activate|p1b: Milotic|move: Protect\n|\n|-weather|RainDance|[upkeep]\n|-heal|p1b: Milotic|29/100 par|[from] item: Leftovers\n|upkeep\n|turn|4\n|\n|t:|1776370628\n|move|p2b: Incineroar|Fake Out|p1a: Sneasler\n|-crit|p1a: Sneasler\n|-damage|p1a: Sneasler|71/100\n|cant|p1a: Sneasler|flinch\n|move|p2a: Dragapult|Thunder|p1b: Milotic\n|-supereffective|p1b: Milotic|1\n|-damage|p1b: Milotic|0 fnt\n|faint|p1b: Milotic\n|\n|-weather|RainDance|[upkeep]\n|upkeep\n|\n|t:|1776370640\n|switch|p1b: Alakazam|Alakazam, L50, M, shiny|100/100\n|turn|5\n|\n|t:|1776370651\n|detailschange|p1b: Alakazam|Alakazam-Mega, L50, M, shiny\n|-mega|p1b: Alakazam|Alakazam|Alakazite\n|-ability|p1b: Alakazam|Intimidate|Trace|[from] ability: Trace|[of] p2b: Incineroar\n|-ability|p1b: Alakazam|Intimidate|boost\n|-fail|p2a: Dragapult|unboost|[from] ability: Clear Body|[of] p2a: Dragapult\n|-unboost|p2b: Incineroar|atk|1\n|move|p1b: Alakazam|Protect|p1b: Alakazam\n|-singleturn|p1b: Alakazam|Protect\n|move|p1a: Sneasler|Dire Claw|p2a: Dragapult\n|-resisted|p2a: Dragapult|1\n|-damage|p2a: Dragapult|51/100\n|move|p2a: Dragapult|Will-O-Wisp|p1a: Sneasler\n|-status|p1a: Sneasler|brn\n|move|p2b: Incineroar|Darkest Lariat|p1b: Alakazam\n|-activate|p1b: Alakazam|move: Protect\n|\n|-weather|none\n|-damage|p1a: Sneasler|65/100 brn|[from] brn\n|-end|p1a: Sneasler|Encore\n|upkeep\n|turn|6\n|inactive|baelordyama has 30 seconds left.\n|inactive|yuriimon has 30 seconds left.\n|inactive|yuriimon has 20 seconds left.\n|inactive|yuriimon has 15 seconds left.\n|\n|t:|1776370694\n|switch|p1b: Meowstic|Meowstic, L50, M, shiny|100/100\n|move|p1a: Sneasler|Close Combat|p2b: Incineroar\n|-supereffective|p2b: Incineroar|1\n|-damage|p2b: Incineroar|44/100\n|-unboost|p1a: Sneasler|def|1\n|-unboost|p1a: Sneasler|spd|1\n|-enditem|p2b: Incineroar|Sitrus Berry|[eat]\n|-heal|p2b: Incineroar|69/100|[from] item: Sitrus Berry\n|move|p2a: Dragapult|Hex|p1a: Sneasler\n|-damage|p1a: Sneasler|0 fnt\n|faint|p1a: Sneasler\n|move|p2b: Incineroar|Parting Shot|p1b: Meowstic\n|-unboost|p1b: Meowstic|atk|1\n|-unboost|p1b: Meowstic|spa|1\n|\n|t:|1776370709\n|switch|p2b: Basculegion|Basculegion, L50, M|100/100|[from] Parting Shot\n|\n|upkeep\n|\n|t:|1776370713\n|switch|p1a: Alakazam|Alakazam-Mega, L50, M, shiny|100/100\n|-ability|p1a: Alakazam|Swift Swim|Trace|[from] ability: Trace|[of] p2b: Basculegion\n|turn|7\n|\n|t:|1776370735\n|move|p1a: Alakazam|Protect|p1a: Alakazam\n|-singleturn|p1a: Alakazam|Protect\n|move|p1b: Meowstic|Reflect|p1b: Meowstic\n|-sidestart|p1: baelordyama|Reflect\n|move|p2a: Dragapult|Will-O-Wisp|p1a: Alakazam\n|-activate|p1a: Alakazam|move: Protect\n|move|p2b: Basculegion|Wave Crash|p1a: Alakazam\n|-activate|p1a: Alakazam|move: Protect\n|\n|upkeep\n|turn|8\n|\n|t:|1776370756\n|switch|p2a: Politoed|Politoed, L50, M|33/100 brn\n|-weather|RainDance|[from] ability: Drizzle|[of] p2a: Politoed\n|move|p1b: Meowstic|Psychic Terrain|p1b: Meowstic\n|-fieldstart|move: Psychic Terrain\n|move|p1a: Alakazam|Expanding Force|p2b: Basculegion|[spread] p2a,p2b\n|-damage|p2a: Politoed|0 fnt\n|-damage|p2b: Basculegion|3/100\n|faint|p2a: Politoed\n|move|p2b: Basculegion|Wave Crash|p1a: Alakazam\n|-damage|p1a: Alakazam|0 fnt\n|faint|p1a: Alakazam\n|-damage|p2b: Basculegion|0 fnt|[from] Recoil\n|faint|p2b: Basculegion\n|\n|-weather|RainDance|[upkeep]\n|upkeep\n|\n|t:|1776370768\n|switch|p2b: Incineroar|Incineroar, L50, M|69/100\n|switch|p2a: Dragapult|Dragapult, L50, F|51/100\n|-ability|p2b: Incineroar|Intimidate|boost\n|-unboost|p1b: Meowstic|atk|1\n|turn|9\n|-message|baelordyama forfeited.\n|\n|win|yuriimon\n|raw|baelordyama's rating: 1120 &rarr; <strong>1095</strong><br />(-25 for losing)\n|raw|yuriimon's rating: 1114 &rarr; <strong>1139</strong><br />(+25 for winning)\n|l|\u2606baelordyama\n|player|p1|\n",
  "uploadtime": 1776370779,
  "views": 29,
  "formatid": "gen9championsvgc2026regma",
  "rating": 1095,
  "private": 0,
  "password": null
}