{
  "id": "gen9championsvgc2026regma-2588147460",
  "format": "[Gen 9 Champions] VGC 2026 Reg M-A",
  "players": [
    "yuriimon",
    "realgodofmars"
  ],
  "log": "|j|\u2606yuriimon\n|j|\u2606realgodofmars\n|t:|1776609080\n|gametype|doubles\n|player|p1|yuriimon|waitress-gen4|1135\n|player|p2|realgodofmars|hilbert-wonderlauncher|1056\n|gen|9\n|tier|[Gen 9 Champions] VGC 2026 Reg M-A\n|rated|\n|rule|Species Clause: Limit one of each Pok\u00e9mon\n|rule|Item Clause: Limit 1 of each item\n|clearpoke\n|poke|p1|Glimmora, L50, F|\n|poke|p1|Incineroar, L50, M|\n|poke|p1|Politoed, L50, M|\n|poke|p1|Basculegion, L50, M|\n|poke|p1|Chesnaught, L50, F|\n|poke|p1|Scizor, L50, F|\n|poke|p2|Floette-Eternal, L50, F, shiny|\n|poke|p2|Corviknight, L50, F|\n|poke|p2|Garchomp, L50, F|\n|poke|p2|Incineroar, L50, F, shiny|\n|poke|p2|Sneasler, L50, F|\n|poke|p2|Sinistcha, L50|\n|teampreview|4\n|inactive|Battle timer is ON: inactive players will automatically lose when time's up. (requested by yuriimon)\n|inactive|yuriimon has 60 seconds left.\n|\n|t:|1776609112\n|teamsize|p1|4\n|teamsize|p2|4\n|start\n|switch|p1a: Scizor|Scizor, L50, F|100/100\n|switch|p1b: Basculegion|Basculegion, L50, M|100/100\n|switch|p2a: Petals|Floette-Eternal, L50, F, shiny|100/100\n|switch|p2b: Iroh|Incineroar, L50, F, shiny|100/100\n|turn|1\n|inactive|yuriimon has 30 seconds left.\n|\n|t:|1776609140\n|detailschange|p2a: Petals|Floette-Mega, L50, F, shiny\n|-mega|p2a: Petals|Floette|Floettite\n|-ability|p2a: Petals|Fairy Aura\n|move|p1a: Scizor|Protect|p1a: Scizor\n|-singleturn|p1a: Scizor|Protect\n|move|p2b: Iroh|Fake Out|p1a: Scizor\n|-activate|p1a: Scizor|move: Protect\n|move|p2a: Petals|Calm Mind|p2a: Petals\n|-boost|p2a: Petals|spa|1\n|-boost|p2a: Petals|spd|1\n|move|p1b: Basculegion|Wave Crash|p2b: Iroh\n|-supereffective|p2b: Iroh|1\n|-damage|p2b: Iroh|0 fnt\n|faint|p2b: Iroh\n|-damage|p1b: Basculegion|69/100|[from] Recoil\n|\n|upkeep\n|\n|t:|1776609156\n|switch|p2b: Fugo|Sneasler, L50, F|100/100\n|-ability|p2b: Fugo|Pressure\n|turn|2\n|\n|t:|1776609172\n|switch|p1b: Glimmora|Glimmora, L50, F|100/100\n|move|p2b: Fugo|Fake Out|p1a: Scizor\n|-resisted|p1a: Scizor|1\n|-damage|p1a: Scizor|94/100\n|cant|p1a: Scizor|flinch\n|move|p2a: Petals|Calm Mind|p2a: Petals\n|-boost|p2a: Petals|spa|1\n|-boost|p2a: Petals|spd|1\n|\n|upkeep\n|turn|3\n|\n|t:|1776609194\n|detailschange|p1b: Glimmora|Glimmora-Mega, L50, F\n|-mega|p1b: Glimmora|Glimmora|Glimmoranite\n|move|p1a: Scizor|Bullet Punch|p2a: Petals\n|-supereffective|p2a: Petals|1\n|-damage|p2a: Petals|0 fnt\n|faint|p2a: Petals\n|move|p2b: Fugo|Close Combat|p1a: Scizor\n|-damage|p1a: Scizor|29/100\n|-unboost|p2b: Fugo|def|1\n|-unboost|p2b: Fugo|spd|1\n|move|p1b: Glimmora|Sludge Wave|p2b: Fugo|[spread] p2b\n|-immune|p1a: Scizor\n|-resisted|p2b: Fugo|1\n|-damage|p2b: Fugo|37/100\n|\n|upkeep\n|\n|t:|1776609206\n|switch|p2a: Maomao|Sinistcha, L50|100/100\n|-heal|p2b: Fugo|62/100|[from] ability: Hospitality|[of] p2a: Maomao\n|turn|4\n|\n|t:|1776609215\n|move|p1a: Scizor|Protect|p1a: Scizor\n|-singleturn|p1a: Scizor|Protect\n|move|p2a: Maomao|Rage Powder|p2a: Maomao\n|-singleturn|p2a: Maomao|move: Rage Powder\n|move|p2b: Fugo|Close Combat|p1a: Scizor\n|-activate|p1a: Scizor|move: Protect\n|move|p1b: Glimmora|Earth Power|p2a: Maomao\n|-resisted|p2a: Maomao|1\n|-damage|p2a: Maomao|79/100\n|\n|-heal|p2a: Maomao|85/100|[from] item: Leftovers\n|upkeep\n|turn|5\n|\n|t:|1776609230\n|move|p1a: Scizor|Bullet Punch|p2b: Fugo\n|-damage|p2b: Fugo|0 fnt\n|faint|p2b: Fugo\n|move|p1b: Glimmora|Sludge Wave|p2a: Maomao|[spread] p2a\n|-immune|p1a: Scizor\n|-damage|p2a: Maomao|21/100\n|move|p2a: Maomao|Life Dew|p2a: Maomao\n|-heal|p2a: Maomao|46/100\n|\n|-heal|p2a: Maomao|52/100|[from] item: Leftovers\n|upkeep\n|turn|6\n|-message|realgodofmars forfeited.\n|\n|win|yuriimon\n|raw|yuriimon's rating: 1135 &rarr; <strong>1154</strong><br />(+19 for winning)\n|raw|realgodofmars's rating: 1056 &rarr; <strong>1042</strong><br />(-14 for losing)\n|l|\u2606realgodofmars\n|player|p2|\n",
  "uploadtime": 1776609254,
  "views": 6,
  "formatid": "gen9championsvgc2026regma",
  "rating": 1042,
  "private": 0,
  "password": null
}