{
  "id": "gen9championsvgc2026regma-2583806599",
  "format": "[Gen 9 Champions] VGC 2026 Reg M-A",
  "players": [
    "sirae",
    "hi_jpx"
  ],
  "log": "|j|\u2606sirae\n|j|\u2606hi_jpx\n|t:|1776199082\n|gametype|doubles\n|player|p1|sirae|caitlin|1243\n|player|p2|hi_jpx|170|1143\n|gen|9\n|tier|[Gen 9 Champions] VGC 2026 Reg M-A\n|rated|\n|rule|Species Clause: Limit one of each Pok\u00e9mon\n|rule|Item Clause: Limit 1 of each item\n|clearpoke\n|poke|p1|Glimmora, L50, M|\n|poke|p1|Primarina, L50, F|\n|poke|p1|Chesnaught, L50, F|\n|poke|p1|Incineroar, L50, F|\n|poke|p1|Corviknight, L50, F|\n|poke|p1|Gengar, L50, F|\n|poke|p2|Archaludon, L50, M|\n|poke|p2|Pelipper, L50, M|\n|poke|p2|Basculegion, L50, M|\n|poke|p2|Dragonite, L50, F|\n|poke|p2|Sneasler, L50, M|\n|poke|p2|Incineroar, L50, M|\n|teampreview|4\n|inactive|Battle timer is ON: inactive players will automatically lose when time's up. (requested by sirae)\nhi_jpx rejected open team sheets.\n|\n|t:|1776199111\n|teamsize|p1|4\n|teamsize|p2|4\n|start\n|switch|p1a: Gengar|Gengar, L50, F|100/100\n|switch|p1b: Incineroar|Incineroar, L50, F|100/100\n|switch|p2a: Tuasa|Sneasler, L50, M|100/100\n|switch|p2b: Sinonimo|Incineroar, L50, M|100/100\n|-ability|p1b: Incineroar|Intimidate|boost\n|-unboost|p2a: Tuasa|atk|1\n|-unboost|p2b: Sinonimo|atk|1\n|-enditem|p2a: Tuasa|White Herb\n|-clearnegativeboost|p2a: Tuasa|[silent]\n|turn|1\n|inactive|hi_jpx has 30 seconds left.\n|\n|t:|1776199138\n|detailschange|p1a: Gengar|Gengar-Mega, L50, F\n|-mega|p1a: Gengar|Gengar|Gengarite\n|move|p2a: Tuasa|Fake Out|p1a: Gengar\n|-immune|p1a: Gengar\n|move|p1b: Incineroar|Fake Out|p2b: Sinonimo\n|-damage|p2b: Sinonimo|89/100\n|move|p1a: Gengar|Perish Song|p1a: Gengar\n|-start|p1a: Gengar|perish3|[silent]\n|-start|p1b: Incineroar|perish3|[silent]\n|-start|p2a: Tuasa|perish3|[silent]\n|-start|p2b: Sinonimo|perish3|[silent]\n|-fieldactivate|move: Perish Song\n|cant|p2b: Sinonimo|flinch\n|\n|-start|p2a: Tuasa|perish3\n|-start|p1a: Gengar|perish3\n|-start|p1b: Incineroar|perish3\n|-start|p2b: Sinonimo|perish3\n|upkeep\n|turn|2\n|inactive|sirae has 30 seconds left.\n|\n|t:|1776199167\n|switch|p1b: Primarina|Primarina, L50, F|100/100\n|move|p1a: Gengar|Protect|p1a: Gengar\n|-singleturn|p1a: Gengar|Protect\n|move|p2a: Tuasa|Close Combat|p1b: Primarina\n|-resisted|p1b: Primarina|1\n|-damage|p1b: Primarina|69/100\n|-unboost|p2a: Tuasa|def|1\n|-unboost|p2a: Tuasa|spd|1\n|move|p2b: Sinonimo|Parting Shot|p1a: Gengar\n|-activate|p1a: Gengar|move: Protect\n|\n|-heal|p1b: Primarina|75/100|[from] item: Leftovers\n|-start|p2a: Tuasa|perish2\n|-start|p1a: Gengar|perish2\n|-start|p2b: Sinonimo|perish2\n|upkeep\n|turn|3\n|inactive|hi_jpx has 30 seconds left.\n|\n|t:|1776199197\n|move|p1b: Primarina|Protect|p1b: Primarina\n|-singleturn|p1b: Primarina|Protect\n|move|p2a: Tuasa|Dire Claw|p1b: Primarina\n|-activate|p1b: Primarina|move: Protect\n|move|p1a: Gengar|Disable|p2b: Sinonimo\n|-start|p2b: Sinonimo|Disable|Parting Shot\n|move|p2b: Sinonimo|Flare Blitz|p1a: Gengar\n|-damage|p1a: Gengar|57/100\n|-status|p1a: Gengar|brn\n|-damage|p2b: Sinonimo|75/100|[from] Recoil\n|\n|-heal|p1b: Primarina|82/100|[from] item: Leftovers\n|-damage|p1a: Gengar|51/100 brn|[from] brn\n|-start|p2a: Tuasa|perish1\n|-start|p1a: Gengar|perish1\n|-start|p2b: Sinonimo|perish1\n|upkeep\n|turn|4\n|\n|t:|1776199218\n|switch|p1a: Incineroar|Incineroar, L50, F|100/100\n|-ability|p1a: Incineroar|Intimidate|boost\n|-unboost|p2a: Tuasa|atk|1\n|-unboost|p2b: Sinonimo|atk|1\n|switch|p1b: Glimmora|Glimmora, L50, M|100/100\n|move|p2a: Tuasa|Dire Claw|p1b: Glimmora\n|-resisted|p1b: Glimmora|2\n|-crit|p1b: Glimmora\n|-damage|p1b: Glimmora|80/100\n|-activate|p1b: Glimmora|ability: Toxic Debris\n|-sidestart|p2: hi_jpx|move: Toxic Spikes\n|move|p2b: Sinonimo|Flare Blitz|p1a: Incineroar\n|-resisted|p1a: Incineroar|1\n|-damage|p1a: Incineroar|87/100\n|-damage|p2b: Sinonimo|70/100|[from] Recoil\n|\n|-start|p2a: Tuasa|perish0\n|-start|p2b: Sinonimo|perish0\n|faint|p2a: Tuasa\n|faint|p2b: Sinonimo\n|upkeep\n|\n|t:|1776199233\n|switch|p2a: chepe-town|Archaludon, L50, M, shiny|100/100\n|switch|p2b: D10S|Pelipper, L50, M|100/100\n|-weather|RainDance|[from] ability: Drizzle|[of] p2b: D10S\n|turn|5\n|inactive|sirae has 30 seconds left.\n|\n|t:|1776199268\n|move|p2a: chepe-town|Protect|p2a: chepe-town\n|-singleturn|p2a: chepe-town|Protect\n|move|p1a: Incineroar|Fake Out|p2a: chepe-town\n|-activate|p2a: chepe-town|move: Protect\n|move|p1b: Glimmora|Power Gem|p2b: D10S\n|-supereffective|p2b: D10S|1\n|-enditem|p2b: D10S|Focus Sash\n|-damage|p2b: D10S|1/100\n|move|p2b: D10S|Tailwind|p2b: D10S\n|-sidestart|p2: hi_jpx|move: Tailwind\n|\n|-weather|RainDance|[upkeep]\n|upkeep\n|turn|6\n|\n|t:|1776199289\n|switch|p1a: Primarina|Primarina, L50, F|82/100\n|move|p2b: D10S|Protect|p2b: D10S\n|-singleturn|p2b: D10S|Protect\n|move|p1b: Glimmora|Spiky Shield|p1b: Glimmora\n|-singleturn|p1b: Glimmora|move: Protect\n|move|p2a: chepe-town|Electro Shot||[still]\n|-prepare|p2a: chepe-town|Electro Shot\n|-boost|p2a: chepe-town|spa|1\n|-anim|p2a: chepe-town|Electro Shot|p1a: Primarina\n|-supereffective|p1a: Primarina|1\n|-damage|p1a: Primarina|0 fnt\n|faint|p1a: Primarina\n|\n|-weather|RainDance|[upkeep]\n|upkeep\n|\n|t:|1776199304\n|switch|p1a: Incineroar|Incineroar, L50, F|87/100\n|-ability|p1a: Incineroar|Intimidate|boost\n|-unboost|p2a: chepe-town|atk|1\n|-unboost|p2b: D10S|atk|1\n|turn|7\n|\n|t:|1776199324\n|move|p1a: Incineroar|Fake Out|p2b: D10S\n|-crit|p2b: D10S\n|-damage|p2b: D10S|0 fnt\n|faint|p2b: D10S\n|move|p2a: chepe-town|Electro Shot||[still]\n|-prepare|p2a: chepe-town|Electro Shot\n|-boost|p2a: chepe-town|spa|1\n|-anim|p2a: chepe-town|Electro Shot|p1a: Incineroar\n|-damage|p1a: Incineroar|6/100\n|move|p1b: Glimmora|Earth Power|p2a: chepe-town\n|-supereffective|p2a: chepe-town|1\n|-crit|p2a: chepe-town\n|-damage|p2a: chepe-town|9/100\n|-unboost|p2a: chepe-town|spd|1\n|-ability|p2a: chepe-town|Stamina|boost\n|-boost|p2a: chepe-town|def|1\n|\n|-weather|RainDance|[upkeep]\n|-heal|p2a: chepe-town|15/100|[from] item: Leftovers\n|upkeep\n|turn|8\n|-message|hi_jpx forfeited.\n|l|\u2606hi_jpx\n|inactive|hi_jpx disconnected and has a minute to reconnect!\n|player|p2|\n|j|\u2606hi_jpx\n|inactive|hi_jpx reconnected and has 45 seconds left.\n|player|p2|hi_jpx|170|\n|l|\u2606hi_jpx\n|inactive|hi_jpx disconnected and has a minute to reconnect!\n|player|p2|\n|\n|win|sirae\n|raw|sirae's rating: 1243 &rarr; <strong>1261</strong><br />(+18 for winning)\n|raw|hi_jpx's rating: 1143 &rarr; <strong>1125</strong><br />(-18 for losing)\n",
  "uploadtime": 1776199430,
  "views": 18,
  "formatid": "gen9championsvgc2026regma",
  "rating": 1125,
  "private": 0,
  "password": null
}