{
  "id": "gen9championsvgc2026regma-2589502340",
  "format": "[Gen 9 Champions] VGC 2026 Reg M-A",
  "players": [
    "Enekos",
    "Angelcake273"
  ],
  "log": "|j|\u2606Enekos\n|j|\u2606Angelcake273\n|t:|1776728802\n|gametype|doubles\n|player|p1|Enekos|steven|1071\n|player|p2|Angelcake273|101|1119\n|gen|9\n|tier|[Gen 9 Champions] VGC 2026 Reg M-A\n|rated|\n|rule|Species Clause: Limit one of each Pok\u00e9mon\n|rule|Item Clause: Limit 1 of each item\n|clearpoke\n|poke|p1|Gyarados, L50, M, shiny|\n|poke|p1|Aerodactyl, L50, M|\n|poke|p1|Oranguru, L50, F|\n|poke|p1|Armarouge, L50, M, shiny|\n|poke|p1|Sylveon, L50, F|\n|poke|p1|Aegislash, L50, M, shiny|\n|poke|p2|Scovillain, L50, F, shiny|\n|poke|p2|Sneasler, L50, F, shiny|\n|poke|p2|Aerodactyl, L50, M|\n|poke|p2|Milotic, L50, F|\n|poke|p2|Rotom-Wash, L50, shiny|\n|poke|p2|Scizor, L50, M|\n|teampreview|4\n|inactive|Battle timer is ON: inactive players will automatically lose when time's up. (requested by Angelcake273)\nAngelcake273 rejected open team sheets.\n|inactive|Angelcake273 has 60 seconds left.\n|\n|t:|1776728845\n|teamsize|p1|4\n|teamsize|p2|4\n|start\n|switch|p1a: Gyarados|Gyarados, L50, M, shiny|100/100\n|switch|p1b: Armarouge|Armarouge, L50, M, shiny|100/100\n|switch|p2a: Aerodactyl|Aerodactyl, L50, M|100/100\n|switch|p2b: Scovillain|Scovillain, L50, F, shiny|100/100\n|-ability|p2a: Aerodactyl|Unnerve\n|-ability|p1a: Gyarados|Intimidate|boost\n|-unboost|p2a: Aerodactyl|atk|1\n|-unboost|p2b: Scovillain|atk|1\n|turn|1\n|inactive|Angelcake273 has 30 seconds left.\n|\n|t:|1776728872\n|detailschange|p1a: Gyarados|Gyarados-Mega, L50, M, shiny\n|-mega|p1a: Gyarados|Gyarados|Gyaradosite\n|-ability|p1a: Gyarados|Mold Breaker\n|detailschange|p2b: Scovillain|Scovillain-Mega, L50, F, shiny\n|-mega|p2b: Scovillain|Scovillain|Scovillainite\n|move|p2b: Scovillain|Rage Powder|p2b: Scovillain\n|-singleturn|p2b: Scovillain|move: Rage Powder\n|move|p2a: Aerodactyl|Tailwind|p2a: Aerodactyl\n|-sidestart|p2: Angelcake273|move: Tailwind\n|move|p1a: Gyarados|Waterfall|p2b: Scovillain\n|-damage|p2b: Scovillain|42/100\n|-status|p1a: Gyarados|brn|[from] ability: Spicy Spray|[of] p2b: Scovillain\n|move|p1b: Armarouge|Armor Cannon|p2b: Scovillain\n|-damage|p2b: Scovillain|0 fnt\n|-unboost|p1b: Armarouge|def|1\n|-unboost|p1b: Armarouge|spd|1\n|-immune|p1b: Armarouge\n|faint|p2b: Scovillain\n|-enditem|p1b: Armarouge|White Herb\n|-clearnegativeboost|p1b: Armarouge|[silent]\n|\n|-damage|p1a: Gyarados|94/100 brn|[from] brn\n|upkeep\n|\n|t:|1776728894\n|switch|p2b: Cha-Clunk|Rotom-Wash, L50, shiny|100/100\n|turn|2\n|\n|t:|1776728915\n|switch|p1a: Oranguru|Oranguru, L50, F|100/100\n|move|p1b: Armarouge|Protect|p1b: Armarouge\n|-singleturn|p1b: Armarouge|Protect\n|move|p2a: Aerodactyl|Rock Slide|p1a: Oranguru|[spread] p1a\n|-activate|p1b: Armarouge|move: Protect\n|-damage|p1a: Oranguru|84/100\n|move|p2b: Cha-Clunk|Hydro Pump|p1b: Armarouge\n|-activate|p1b: Armarouge|move: Protect\n|\n|-heal|p1a: Oranguru|90/100|[from] item: Leftovers\n|upkeep\n|turn|3\n|\n|t:|1776728935\n|switch|p1b: Gyarados|Gyarados-Mega, L50, M, shiny|94/100 brn\n|-ability|p1b: Gyarados|Mold Breaker\n|move|p2a: Aerodactyl|Rock Slide|p1a: Oranguru|[spread] p1a,p1b\n|-damage|p1a: Oranguru|74/100\n|-damage|p1b: Gyarados|80/100 brn\n|move|p2b: Cha-Clunk|Thunderbolt|p1b: Gyarados\n|-supereffective|p1b: Gyarados|1\n|-damage|p1b: Gyarados|14/100 brn\n|move|p1a: Oranguru|Trick Room|p1a: Oranguru\n|-fieldstart|move: Trick Room|[of] p1a: Oranguru\n|\n|-heal|p1a: Oranguru|80/100|[from] item: Leftovers\n|-damage|p1b: Gyarados|8/100 brn|[from] brn\n|upkeep\n|turn|4\n|inactive|Enekos has 30 seconds left.\n|\n|t:|1776728963\n|switch|p1a: Aegislash|Aegislash, L50, M, shiny|100/100\n|switch|p2a: Milotic|Milotic, L50, F|100/100\n|move|p1b: Gyarados|Waterfall|p2a: Milotic\n|-resisted|p2a: Milotic|1\n|-damage|p2a: Milotic|90/100\n|move|p2b: Cha-Clunk|Hydro Pump|p1a: Aegislash|[miss]\n|-miss|p2b: Cha-Clunk|p1a: Aegislash\n|\n|-heal|p2a: Milotic|96/100|[from] item: Leftovers\n|-damage|p1b: Gyarados|2/100 brn|[from] brn\n|-sideend|p2: Angelcake273|move: Tailwind\n|upkeep\n|turn|5\n|inactive|Enekos has 30 seconds left.\n|\n|t:|1776728991\n|move|p1b: Gyarados|Protect|p1b: Gyarados\n|-singleturn|p1b: Gyarados|Protect\n|-formechange|p1a: Aegislash|Aegislash-Blade|\n|move|p1a: Aegislash|Iron Head|p2b: Cha-Clunk\n|-resisted|p2b: Cha-Clunk|2\n|-damage|p2b: Cha-Clunk|89/100\n|move|p2a: Milotic|Life Dew|p2a: Milotic|[spread] p2a,p2b\n|-heal|p2a: Milotic|100/100\n|-heal|p2b: Cha-Clunk|100/100\n|move|p2b: Cha-Clunk|Will-O-Wisp|p1a: Aegislash|[miss]\n|-miss|p2b: Cha-Clunk|p1a: Aegislash\n|\n|-damage|p1b: Gyarados|0 fnt|[from] brn\n|faint|p1b: Gyarados\n|upkeep\n|\n|t:|1776729011\n|switch|p1b: Armarouge|Armarouge, L50, M, shiny|100/100\n|turn|6\n|\n|t:|1776729026\n|move|p1a: Aegislash|Poltergeist|p2b: Cha-Clunk\n|-activate|p2b: Cha-Clunk|move: Poltergeist|Sitrus Berry\n|-damage|p2b: Cha-Clunk|26/100\n|-enditem|p2b: Cha-Clunk|Sitrus Berry|[eat]\n|-heal|p2b: Cha-Clunk|51/100|[from] item: Sitrus Berry\n|move|p1b: Armarouge|Psychic|p2b: Cha-Clunk\n|-damage|p2b: Cha-Clunk|0 fnt\n|faint|p2b: Cha-Clunk\n|move|p2a: Milotic|Scald|p1a: Aegislash\n|-damage|p1a: Aegislash|39/100\n|\n|upkeep\n|\n|t:|1776729037\n|switch|p2b: Aerodactyl|Aerodactyl, L50, M|100/100\n|-ability|p2b: Aerodactyl|Unnerve\n|turn|7\n|\n|t:|1776729052\n|-formechange|p1a: Aegislash|Aegislash|\n|move|p1a: Aegislash|King's Shield|p1a: Aegislash\n|-singleturn|p1a: Aegislash|Protect\n|move|p2b: Aerodactyl|Protect|p2b: Aerodactyl\n|-singleturn|p2b: Aerodactyl|Protect\n|move|p1b: Armarouge|Armor Cannon|p2b: Aerodactyl\n|-activate|p2b: Aerodactyl|move: Protect\n|move|p2a: Milotic|Scald|p1a: Aegislash\n|-activate|p1a: Aegislash|move: Protect\n|\n|-fieldend|move: Trick Room\n|upkeep\n|turn|8\n|\n|t:|1776729077\n|switch|p1a: Oranguru|Oranguru, L50, F|80/100\n|move|p2b: Aerodactyl|Rock Slide|p1a: Oranguru|[spread] p1a,p1b\n|-supereffective|p1b: Armarouge|1\n|-damage|p1a: Oranguru|57/100\n|-damage|p1b: Armarouge|47/100\n|move|p2a: Milotic|Scald|p1a: Oranguru\n|-damage|p1a: Oranguru|31/100\n|move|p1b: Armarouge|Psychic|p2a: Milotic\n|-damage|p2a: Milotic|65/100\n|\n|-heal|p2a: Milotic|71/100|[from] item: Leftovers\n|-heal|p1a: Oranguru|36/100|[from] item: Leftovers\n|upkeep\n|turn|9\n|\n|t:|1776729093\n|move|p1b: Armarouge|Protect|p1b: Armarouge\n|-singleturn|p1b: Armarouge|Protect\n|move|p2b: Aerodactyl|Rock Slide|p1b: Armarouge|[spread] p1a\n|-activate|p1b: Armarouge|move: Protect\n|-damage|p1a: Oranguru|10/100\n|move|p2a: Milotic|Scald|p1a: Oranguru\n|-damage|p1a: Oranguru|0 fnt\n|faint|p1a: Oranguru\n|\n|-heal|p2a: Milotic|77/100|[from] item: Leftovers\n|upkeep\n|\n|t:|1776729104\n|switch|p1a: Aegislash|Aegislash, L50, M, shiny|39/100\n|turn|10\n|\n|t:|1776729111\n|move|p2b: Aerodactyl|Rock Slide|p1a: Aegislash|[spread] p1a,p1b\n|-resisted|p1a: Aegislash|1\n|-supereffective|p1b: Armarouge|1\n|-damage|p1a: Aegislash|29/100\n|-damage|p1b: Armarouge|0 fnt\n|faint|p1b: Armarouge\n|move|p2a: Milotic|Scald|p1a: Aegislash\n|-damage|p1a: Aegislash|3/100\n|-formechange|p1a: Aegislash|Aegislash-Blade|\n|move|p1a: Aegislash|Poltergeist|p2a: Milotic|[miss]\n|-miss|p1a: Aegislash|p2a: Milotic\n|\n|-heal|p2a: Milotic|83/100|[from] item: Leftovers\n|upkeep\n|turn|11\n|\n|t:|1776729125\n|-formechange|p1a: Aegislash|Aegislash|\n|move|p1a: Aegislash|King's Shield|p1a: Aegislash\n|-singleturn|p1a: Aegislash|Protect\n|move|p2b: Aerodactyl|Rock Slide|p1a: Aegislash\n|-activate|p1a: Aegislash|move: Protect\n|move|p2a: Milotic|Scald|p1a: Aegislash\n|-activate|p1a: Aegislash|move: Protect\n|\n|-heal|p2a: Milotic|89/100|[from] item: Leftovers\n|upkeep\n|turn|12\n|\n|t:|1776729137\n|-formechange|p1a: Aegislash|Aegislash-Blade|\n|move|p1a: Aegislash|Shadow Sneak|p2a: Milotic\n|-damage|p2a: Milotic|63/100\n|move|p2b: Aerodactyl|Rock Slide|p1a: Aegislash\n|-resisted|p1a: Aegislash|1\n|-damage|p1a: Aegislash|0 fnt\n|faint|p1a: Aegislash\n|\n|win|Angelcake273\n|raw|Enekos's rating: 1071 &rarr; <strong>1053</strong><br />(-18 for losing)\n|raw|Angelcake273's rating: 1119 &rarr; <strong>1141</strong><br />(+22 for winning)\n|c|\u2606Enekos|GG\n|l|\u2606Angelcake273\n|player|p2|\n",
  "uploadtime": 1776729145,
  "views": 2,
  "formatid": "gen9championsvgc2026regma",
  "rating": 1053,
  "private": 0,
  "password": null
}