{
  "id": "gen9championsvgc2026regma-2588512823",
  "format": "[Gen 9 Champions] VGC 2026 Reg M-A",
  "players": [
    "aroswing",
    "Tat10F"
  ],
  "log": "|j|\u2606aroswing\n|j|\u2606Tat10F\n|t:|1776640393\n|gametype|doubles\n|player|p1|aroswing|marnie|1318\n|player|p2|Tat10F|clair|1414\n|gen|9\n|tier|[Gen 9 Champions] VGC 2026 Reg M-A\n|rated|\n|rule|Species Clause: Limit one of each Pok\u00e9mon\n|rule|Item Clause: Limit 1 of each item\n|clearpoke\n|poke|p1|Rotom-Wash, L50, shiny|\n|poke|p1|Aerodactyl, L50, M|\n|poke|p1|Gardevoir, L50, F, shiny|\n|poke|p1|Garchomp, L50, F|\n|poke|p1|Gallade, L50, M|\n|poke|p1|Floette-Eternal, L50, F|\n|poke|p2|Venusaur, L50, M, shiny|\n|poke|p2|Tyranitar, L50, M|\n|poke|p2|Excadrill, L50, M|\n|poke|p2|Corviknight, L50, F, shiny|\n|poke|p2|Rotom-Heat, L50|\n|poke|p2|Basculegion, L50, M|\n|teampreview|4\n|inactive|Battle timer is ON: inactive players will automatically lose when time's up. (requested by aroswing)\n|inactive|aroswing has 60 seconds left.\n|\n|t:|1776640452\n|teamsize|p1|4\n|teamsize|p2|4\n|start\n|switch|p1a: Aerodactyl|Aerodactyl, L50, M|100/100\n|switch|p1b: Gallade|Gallade, L50, M|100/100\n|switch|p2a: Excadrill|Excadrill, L50, M|100/100\n|switch|p2b: Basculegion|Basculegion, L50, M|100/100\n|-ability|p1a: Aerodactyl|Unnerve\n|turn|1\n|inactive|aroswing has 30 seconds left.\n|inactive|aroswing has 20 seconds left.\n|\n|t:|1776640494\n|move|p2b: Basculegion|Flip Turn|p1a: Aerodactyl\n|-supereffective|p1a: Aerodactyl|1\n|-enditem|p1a: Aerodactyl|Focus Sash\n|-damage|p1a: Aerodactyl|1/100\n|\n|t:|1776640498\n|switch|p2b: Tyranitar|Tyranitar, L50, M|100/100|[from] Flip Turn\n|-weather|Sandstorm|[from] ability: Sand Stream|[of] p2b: Tyranitar\n|move|p2a: Excadrill|Iron Head|p1a: Aerodactyl\n|-supereffective|p1a: Aerodactyl|1\n|-damage|p1a: Aerodactyl|0 fnt\n|faint|p1a: Aerodactyl\n|move|p1b: Gallade|Sacred Sword|p2b: Tyranitar\n|-supereffective|p2b: Tyranitar|2\n|-enditem|p2b: Tyranitar|Chople Berry|[eat]\n|-enditem|p2b: Tyranitar|Chople Berry|[weaken]\n|-damage|p2b: Tyranitar|0 fnt\n|faint|p2b: Tyranitar\n|\n|-weather|Sandstorm|[upkeep]\n|-damage|p1b: Gallade|95/100|[from] Sandstorm\n|upkeep\n|\n|t:|1776640518\n|switch|p1a: Garchomp|Garchomp, L50, F|100/100\n|switch|p2b: Venusaur|Venusaur, L50, M, shiny|100/100\n|turn|2\n|inactive|aroswing has 30 seconds left.\n|\n|t:|1776640548\n|detailschange|p2b: Venusaur|Venusaur-Mega, L50, M, shiny\n|-mega|p2b: Venusaur|Venusaur|Venusaurite\n|move|p2a: Excadrill|Protect|p2a: Excadrill\n|-singleturn|p2a: Excadrill|Protect\n|move|p1a: Garchomp|Protect|p1a: Garchomp\n|-singleturn|p1a: Garchomp|Protect\n|move|p2b: Venusaur|Giga Drain|p1a: Garchomp\n|-activate|p1a: Garchomp|move: Protect\n|move|p1b: Gallade|Psycho Cut|p2b: Venusaur\n|-supereffective|p2b: Venusaur|1\n|-damage|p2b: Venusaur|6/100\n|\n|-weather|Sandstorm|[upkeep]\n|-damage|p2b: Venusaur|0 fnt|[from] Sandstorm\n|-damage|p1b: Gallade|89/100|[from] Sandstorm\n|faint|p2b: Venusaur\n|upkeep\n|\n|t:|1776640561\n|switch|p2b: Basculegion|Basculegion, L50, M|100/100\n|turn|3\n|\n|t:|1776640571\n|move|p1b: Gallade|Wide Guard|p1b: Gallade\n|-singleturn|p1b: Gallade|Wide Guard\n|move|p2a: Excadrill|High Horsepower|p1b: Gallade\n|-damage|p1b: Gallade|13/100\n|move|p2b: Basculegion|Last Respects|p1a: Garchomp\n|-damage|p1a: Garchomp|13/100\n|move|p1a: Garchomp|Earthquake|p2b: Basculegion|[spread] p2a,p2b\n|-activate|p1b: Gallade|move: Wide Guard\n|-supereffective|p2a: Excadrill|1\n|-enditem|p2a: Excadrill|Focus Sash\n|-damage|p2a: Excadrill|1/100\n|-damage|p2b: Basculegion|54/100\n|\n|-weather|Sandstorm|[upkeep]\n|-damage|p2b: Basculegion|48/100|[from] Sandstorm\n|-damage|p1b: Gallade|7/100|[from] Sandstorm\n|upkeep\n|turn|4\n|inactive|aroswing has 30 seconds left.\n|inactive|aroswing has 20 seconds left.\n|\n|t:|1776640606\n|move|p1b: Gallade|Wide Guard|p1b: Gallade\n|-singleturn|p1b: Gallade|Wide Guard\n|move|p2a: Excadrill|Iron Head|p1b: Gallade\n|-damage|p1b: Gallade|0 fnt\n|faint|p1b: Gallade\n|move|p2b: Basculegion|Last Respects|p1a: Garchomp\n|-damage|p1a: Garchomp|0 fnt\n|faint|p1a: Garchomp\n|\n|-weather|Sandstorm|[upkeep]\n|-damage|p2b: Basculegion|42/100|[from] Sandstorm\n|upkeep\n|\n|t:|1776640617\n|switch|p1b: Floette|Floette-Eternal, L50, F|100/100\n|turn|5\n|\n|t:|1776640623\n|detailschange|p1b: Floette|Floette-Mega, L50, F\n|-mega|p1b: Floette|Floette|Floettite\n|-ability|p1b: Floette|Fairy Aura\n|move|p1b: Floette|Protect|p1b: Floette\n|-singleturn|p1b: Floette|Protect\n|move|p2a: Excadrill|Iron Head|p1b: Floette\n|-activate|p1b: Floette|move: Protect\n|move|p2b: Basculegion|Last Respects|p1b: Floette\n|-activate|p1b: Floette|move: Protect\n|\n|-weather|none\n|upkeep\n|turn|6\n|\n|t:|1776640636\n|move|p2b: Basculegion|Last Respects|p1b: Floette\n|-damage|p1b: Floette|0 fnt\n|faint|p1b: Floette\n|\n|win|Tat10F\n|raw|aroswing's rating: 1318 &rarr; <strong>1303</strong><br />(-15 for losing)\n|raw|Tat10F's rating: 1414 &rarr; <strong>1429</strong><br />(+15 for winning)\n",
  "uploadtime": 1776640640,
  "views": 10,
  "formatid": "gen9championsvgc2026regma",
  "rating": 1303,
  "private": 0,
  "password": null
}