{
  "id": "gen9championsvgc2026regma-2586179778",
  "format": "[Gen 9 Champions] VGC 2026 Reg M-A",
  "players": [
    "IronYew",
    "Deltanaa"
  ],
  "log": "|j|\u2606IronYew\n|j|\u2606Deltanaa\n|t:|1776409124\n|gametype|doubles\n|player|p1|IronYew|giovanni|1021\n|player|p2|Deltanaa|dawn-gen4pt|1000\n|gen|9\n|tier|[Gen 9 Champions] VGC 2026 Reg M-A\n|rated|\n|rule|Species Clause: Limit one of each Pok\u00e9mon\n|rule|Item Clause: Limit 1 of each item\n|clearpoke\n|poke|p1|Froslass, L50, F|\n|poke|p1|Mamoswine, L50, F|\n|poke|p1|Glaceon, L50, F|\n|poke|p1|Beartic, L50, M|\n|poke|p1|Aurorus, L50, F|\n|poke|p1|Rotom-Frost, L50|\n|poke|p2|Aggron, L50, M|\n|poke|p2|Tyranitar, L50, F|\n|poke|p2|Klefki, L50, F|\n|poke|p2|Glimmora, L50, M|\n|poke|p2|Farigiraf, L50, F|\n|poke|p2|Spiritomb, L50, M|\n|teampreview|4\nDeltanaa has agreed to open team sheets.\n|inactive|Battle timer is ON: inactive players will automatically lose when time's up. (requested by IronYew)\n|inactive|Deltanaa has 60 seconds left.\n|\n|t:|1776409172\n|teamsize|p1|4\n|teamsize|p2|4\n|start\n|switch|p1a: Aurorus|Aurorus, L50, F|100/100\n|switch|p1b: Glaceon|Glaceon, L50, F, shiny|100/100\n|switch|p2a: Tyranitar|Tyranitar, L50, F|100/100\n|switch|p2b: Klefki|Klefki, L50, F|100/100\n|-weather|Sandstorm|[from] ability: Sand Stream|[of] p2a: Tyranitar\n|-weather|Snowscape|[from] ability: Snow Warning|[of] p1a: Aurorus\n|turn|1\n|\n|t:|1776409191\n|move|p1b: Glaceon|Protect|p1b: Glaceon\n|-singleturn|p1b: Glaceon|Protect\n|move|p2a: Tyranitar|Rock Slide|p1a: Aurorus|[spread] p1a\n|-activate|p1b: Glaceon|move: Protect\n|-supereffective|p1a: Aurorus|1\n|-damage|p1a: Aurorus|59/100\n|cant|p1a: Aurorus|flinch\n|move|p2b: Klefki|Trick Room|p2b: Klefki\n|-fieldstart|move: Trick Room|[of] p2b: Klefki\n|\n|-weather|Snowscape|[upkeep]\n|upkeep\n|turn|2\n|\n|t:|1776409214\n|move|p2b: Klefki|Light Screen|p2b: Klefki\n|-sidestart|p2: Deltanaa|move: Light Screen\n|move|p1a: Aurorus|Thunder Wave|p2a: Tyranitar\n|-status|p2a: Tyranitar|par\n|move|p2a: Tyranitar|Rock Slide|p1b: Glaceon|[spread] p1a,p1b\n|-supereffective|p1a: Aurorus|1\n|-supereffective|p1b: Glaceon|1\n|-damage|p1a: Aurorus|19/100\n|-damage|p1b: Glaceon|64/100\n|cant|p1b: Glaceon|flinch\n|\n|-weather|Snowscape|[upkeep]\n|-heal|p1b: Glaceon|70/100|[from] ability: Ice Body\n|-heal|p1b: Glaceon|76/100|[from] item: Leftovers\n|upkeep\n|turn|3\n|inactive|IronYew has 30 seconds left.\n|inactive|Deltanaa has 30 seconds left.\n|\n|t:|1776409245\n|switch|p1a: Rotom|Rotom-Frost, L50|100/100\n|move|p2b: Klefki|Reflect|p2b: Klefki\n|-sidestart|p2: Deltanaa|Reflect\n|move|p2a: Tyranitar|Rock Slide|p1b: Glaceon|[spread] p1a\n|-miss|p2a: Tyranitar|p1b: Glaceon\n|-supereffective|p1a: Rotom|1\n|-damage|p1a: Rotom|58/100\n|move|p1b: Glaceon|Calm Mind|p1b: Glaceon\n|-boost|p1b: Glaceon|spa|1\n|-boost|p1b: Glaceon|spd|1\n|\n|-weather|Snowscape|[upkeep]\n|-heal|p1b: Glaceon|82/100|[from] ability: Ice Body\n|-heal|p1b: Glaceon|88/100|[from] item: Leftovers\n|upkeep\n|turn|4\n|\n|t:|1776409265\n|switch|p2b: Aggron|Aggron, L50, M|100/100\n|move|p1b: Glaceon|Protect|p1b: Glaceon\n|-singleturn|p1b: Glaceon|Protect\n|move|p2a: Tyranitar|Snarl|p1a: Rotom|[spread] p1a\n|-activate|p1b: Glaceon|move: Protect\n|-damage|p1a: Rotom|44/100\n|-unboost|p1a: Rotom|spa|1\n|move|p1a: Rotom|Volt Switch|p2b: Aggron\n|-damage|p2b: Aggron|90/100\n|\n|t:|1776409281\n|switch|p1a: Aurorus|Aurorus, L50, F|19/100|[from] Volt Switch\n|\n|-weather|Snowscape|[upkeep]\n|-heal|p1b: Glaceon|94/100|[from] ability: Ice Body\n|-heal|p1b: Glaceon|99/100|[from] item: Leftovers\n|upkeep\n|turn|5\n|\n|t:|1776409295\n|move|p2b: Aggron|Protect|p2b: Aggron\n|-singleturn|p2b: Aggron|Protect\n|move|p2a: Tyranitar|Snarl|p1a: Aurorus|[spread] p1a,p1b\n|-damage|p1a: Aurorus|11/100\n|-damage|p1b: Glaceon|92/100\n|-unboost|p1a: Aurorus|spa|1\n|-unboost|p1b: Glaceon|spa|1\n|move|p1a: Aurorus|Reflect|p1a: Aurorus\n|-sidestart|p1: IronYew|Reflect\n|move|p1b: Glaceon|Calm Mind|p1b: Glaceon\n|-boost|p1b: Glaceon|spa|1\n|-boost|p1b: Glaceon|spd|1\n|\n|-weather|none\n|-heal|p1b: Glaceon|98/100|[from] item: Leftovers\n|-fieldend|move: Trick Room\n|upkeep\n|turn|6\n|inactive|IronYew has 30 seconds left.\n|inactive|Deltanaa has 30 seconds left.\n|\n|t:|1776409329\n|detailschange|p2b: Aggron|Aggron-Mega, L50, M\n|-mega|p2b: Aggron|Aggron|Aggronite\n|move|p1b: Glaceon|Stored Power|p2b: Aggron\n|-resisted|p2b: Aggron|1\n|-damage|p2b: Aggron|81/100\n|move|p1a: Aurorus|Thunder Wave|p2b: Aggron\n|-status|p2b: Aggron|par\n|move|p2a: Tyranitar|Snarl|p1a: Aurorus|[spread] p1a,p1b\n|-damage|p1a: Aurorus|3/100\n|-damage|p1b: Glaceon|92/100\n|-unboost|p1a: Aurorus|spa|1\n|-unboost|p1b: Glaceon|spa|1\n|move|p2b: Aggron|Body Press|p1b: Glaceon\n|-supereffective|p1b: Glaceon|1\n|-damage|p1b: Glaceon|50/100\n|\n|-heal|p1b: Glaceon|56/100|[from] item: Leftovers\n|-sideend|p2: Deltanaa|move: Light Screen\n|upkeep\n|turn|7\n|\n|t:|1776409349\n|switch|p1a: Rotom|Rotom-Frost, L50|44/100\n|switch|p2a: Klefki|Klefki, L50, F|100/100\n|move|p1b: Glaceon|Protect|p1b: Glaceon\n|-singleturn|p1b: Glaceon|Protect\n|move|p2b: Aggron|Iron Defense|p2b: Aggron\n|-boost|p2b: Aggron|def|2\n|\n|-heal|p1b: Glaceon|62/100|[from] item: Leftovers\n|-sideend|p2: Deltanaa|Reflect\n|upkeep\n|turn|8\n|\n|t:|1776409374\n|move|p1a: Rotom|Volt Switch|p2a: Klefki\n|-damage|p2a: Klefki|66/100\n|\n|t:|1776409388\n|switch|p1a: Aurorus|Aurorus, L50, F|3/100|[from] Volt Switch\n|-weather|Snowscape|[from] ability: Snow Warning|[of] p1a: Aurorus\n|move|p1b: Glaceon|Calm Mind|p1b: Glaceon\n|-boost|p1b: Glaceon|spa|1\n|-boost|p1b: Glaceon|spd|1\n|move|p2b: Aggron|Body Press|p1b: Glaceon\n|-supereffective|p1b: Glaceon|1\n|-damage|p1b: Glaceon|12/100\n|move|p2a: Klefki|Trick Room|p2a: Klefki\n|-fieldstart|move: Trick Room|[of] p2a: Klefki\n|\n|-weather|Snowscape|[upkeep]\n|-heal|p1b: Glaceon|18/100|[from] ability: Ice Body\n|-heal|p1b: Glaceon|24/100|[from] item: Leftovers\n|upkeep\n|turn|9\n|\n|t:|1776409409\n|move|p2a: Klefki|Light Screen|p2a: Klefki\n|-sidestart|p2: Deltanaa|move: Light Screen\n|move|p2b: Aggron|Body Press|p1b: Glaceon\n|-supereffective|p1b: Glaceon|1\n|-damage|p1b: Glaceon|0 fnt\n|faint|p1b: Glaceon\n|move|p1a: Aurorus|Blizzard|p2b: Aggron|[spread] p2a,p2b\n|-resisted|p2a: Klefki|1\n|-resisted|p2b: Aggron|1\n|-damage|p2a: Klefki|53/100\n|-damage|p2b: Aggron|73/100 par\n|\n|-weather|Snowscape|[upkeep]\n|-sideend|p1: IronYew|Reflect\n|upkeep\n|\n|t:|1776409422\n|switch|p1b: Froslass|Froslass, L50, F|100/100\n|turn|10\n|\n|t:|1776409444\n|switch|p2a: Tyranitar|Tyranitar, L50, F|100/100 par\n|-weather|Sandstorm|[from] ability: Sand Stream|[of] p2a: Tyranitar\n|move|p2b: Aggron|Heavy Slam|p1b: Froslass\n|-supereffective|p1b: Froslass|1\n|-damage|p1b: Froslass|0 fnt\n|faint|p1b: Froslass\n|move|p1a: Aurorus|Blizzard|p2a: Tyranitar|[spread] p2a,p2b\n|-resisted|p2b: Aggron|1\n|-damage|p2a: Tyranitar|90/100 par\n|-damage|p2b: Aggron|65/100 par\n|\n|-weather|Sandstorm|[upkeep]\n|upkeep\n|-message|IronYew forfeited.\n|\n|win|Deltanaa\n|raw|IronYew's rating: 1021 &rarr; <strong>1007</strong><br />(-14 for losing)\n|raw|Deltanaa's rating: 1000 &rarr; <strong>1042</strong><br />(+42 for winning)\n|l|\u2606IronYew\n|player|p1|\n",
  "uploadtime": 1776409463,
  "views": 16,
  "formatid": "gen9championsvgc2026regma",
  "rating": 1007,
  "private": 0,
  "password": null
}