{
  "id": "gen9championsvgc2026regma-2587128772",
  "format": "[Gen 9 Champions] VGC 2026 Reg M-A",
  "players": [
    "gymleaderirish",
    "isabellissima"
  ],
  "log": "|j|\u2606gymleaderirish\n|j|\u2606isabellissima\n|t:|1776497522\n|gametype|doubles\n|player|p1|gymleaderirish|169|1349\n|player|p2|isabellissima|101|1301\n|gen|9\n|tier|[Gen 9 Champions] VGC 2026 Reg M-A\n|rated|\n|rule|Species Clause: Limit one of each Pok\u00e9mon\n|rule|Item Clause: Limit 1 of each item\n|clearpoke\n|poke|p1|Sneasler, L50, F, shiny|\n|poke|p1|Blastoise, L50, F, shiny|\n|poke|p1|Garchomp, L50, F|\n|poke|p1|Aerodactyl, L50, M|\n|poke|p1|Sylveon, L50, F|\n|poke|p1|Sinistcha, L50|\n|poke|p2|Incineroar, L50, F, shiny|\n|poke|p2|Gengar, L50, F, shiny|\n|poke|p2|Sneasler, L50, F|\n|poke|p2|Maushold-Four, L50|\n|poke|p2|Kommo-o, L50, M, shiny|\n|poke|p2|Politoed, L50, M, shiny|\n|teampreview|4\n|inactive|Battle timer is ON: inactive players will automatically lose when time's up. (requested by gymleaderirish)\n|inactive|gymleaderirish has 60 seconds left.\n|\n|t:|1776497555\n|teamsize|p1|4\n|teamsize|p2|4\n|start\n|switch|p1a: Sneasler|Sneasler, L50, F, shiny|100/100\n|switch|p1b: Blastoise|Blastoise, L50, F, shiny|100/100\n|switch|p2a: Incineroar|Incineroar, L50, F, shiny|100/100\n|switch|p2b: Gengar|Gengar, L50, F, shiny|100/100\n|-ability|p2a: Incineroar|Intimidate|boost\n|-unboost|p1a: Sneasler|atk|1\n|-unboost|p1b: Blastoise|atk|1\n|-enditem|p1a: Sneasler|White Herb\n|-clearnegativeboost|p1a: Sneasler|[silent]\n|turn|1\n|\n|t:|1776497572\n|detailschange|p2b: Gengar|Gengar-Mega, L50, F, shiny\n|-mega|p2b: Gengar|Gengar|Gengarite\n|detailschange|p1b: Blastoise|Blastoise-Mega, L50, F, shiny\n|-mega|p1b: Blastoise|Blastoise|Blastoisinite\n|move|p1a: Sneasler|Fake Out|p2a: Incineroar\n|-damage|p2a: Incineroar|89/100\n|cant|p2a: Incineroar|flinch\n|move|p2b: Gengar|Perish Song|p2b: Gengar\n|-start|p1a: Sneasler|perish3|[silent]\n|-start|p1b: Blastoise|perish3|[silent]\n|-start|p2a: Incineroar|perish3|[silent]\n|-start|p2b: Gengar|perish3|[silent]\n|-fieldactivate|move: Perish Song\n|move|p1b: Blastoise|Dark Pulse|p2b: Gengar\n|-supereffective|p2b: Gengar|1\n|-damage|p2b: Gengar|0 fnt\n|faint|p2b: Gengar\n|\n|-start|p1a: Sneasler|perish3\n|-start|p1b: Blastoise|perish3\n|-start|p2a: Incineroar|perish3\n|upkeep\n|\n|t:|1776497592\n|switch|p2b: Sneasler|Sneasler, L50, F|100/100\n|turn|2\n|\n|t:|1776497601\n|switch|p1b: Garchomp|Garchomp, L50, F|100/100\n|move|p1a: Sneasler|Protect|p1a: Sneasler\n|-singleturn|p1a: Sneasler|Protect\n|move|p2b: Sneasler|Close Combat|p1b: Garchomp\n|-crit|p1b: Garchomp\n|-damage|p1b: Garchomp|10/100\n|-unboost|p2b: Sneasler|def|1\n|-unboost|p2b: Sneasler|spd|1\n|-damage|p2b: Sneasler|88/100|[from] ability: Rough Skin|[of] p1b: Garchomp\n|-enditem|p2b: Sneasler|White Herb\n|-clearnegativeboost|p2b: Sneasler|[silent]\n|move|p2a: Incineroar|Parting Shot|p1b: Garchomp\n|-unboost|p1b: Garchomp|atk|1\n|-unboost|p1b: Garchomp|spa|1\n|\n|t:|1776497617\n|switch|p2a: Maushold|Maushold-Four, L50|100/100|[from] Parting Shot\n|\n|-start|p1a: Sneasler|perish2\n|upkeep\n|turn|3\n|\n|t:|1776497642\n|move|p2b: Sneasler|Dire Claw|p1b: Garchomp\n|-resisted|p1b: Garchomp|1\n|-damage|p1b: Garchomp|0 fnt\n|-damage|p2b: Sneasler|76/100|[from] ability: Rough Skin|[of] p1b: Garchomp\n|faint|p1b: Garchomp\n|move|p1a: Sneasler|Close Combat|p2a: Maushold\n|-supereffective|p2a: Maushold|1\n|-enditem|p2a: Maushold|Chople Berry|[eat]\n|-enditem|p2a: Maushold|Chople Berry|[weaken]\n|-damage|p2a: Maushold|11/100\n|-unboost|p1a: Sneasler|def|1\n|-unboost|p1a: Sneasler|spd|1\n|move|p2a: Maushold|Super Fang|p1a: Sneasler\n|-damage|p1a: Sneasler|51/100\n|\n|-start|p1a: Sneasler|perish1\n|upkeep\n|\n|t:|1776497651\n|switch|p1b: Sinistcha|Sinistcha, L50|100/100\n|-heal|p1a: Sneasler|75/100|[from] ability: Hospitality|[of] p1b: Sinistcha\n|turn|4\n|\n|t:|1776497675\n|move|p2a: Maushold|Helping Hand|p2b: Sneasler\n|-singleturn|p2b: Sneasler|Helping Hand|[of] p2a: Maushold\n|move|p2b: Sneasler|Dire Claw|p1b: Sinistcha\n|-damage|p1b: Sinistcha|40/100\n|-enditem|p1b: Sinistcha|Sitrus Berry|[eat]\n|-heal|p1b: Sinistcha|65/100|[from] item: Sitrus Berry\n|move|p1a: Sneasler|Close Combat|p2b: Sneasler\n|-resisted|p2b: Sneasler|1\n|-damage|p2b: Sneasler|31/100\n|-unboost|p1a: Sneasler|def|1\n|-unboost|p1a: Sneasler|spd|1\n|move|p1b: Sinistcha|Trick Room|p1b: Sinistcha\n|-fieldstart|move: Trick Room|[of] p1b: Sinistcha\n|\n|-start|p1a: Sneasler|perish0\n|faint|p1a: Sneasler\n|upkeep\n|\n|t:|1776497689\n|switch|p1a: Blastoise|Blastoise-Mega, L50, F, shiny|100/100\n|turn|5\n|\n|t:|1776497709\n|move|p2b: Sneasler|Protect|p2b: Sneasler\n|-singleturn|p2b: Sneasler|Protect\n|move|p1b: Sinistcha|Life Dew||[still]|[spread] p1a,p1b\n|-fail|p1a: Blastoise|heal\n|-heal|p1b: Sinistcha|90/100\n|move|p1a: Blastoise|Water Spout|p2a: Maushold|[spread] p2a\n|-activate|p2b: Sneasler|move: Protect\n|-damage|p2a: Maushold|0 fnt\n|faint|p2a: Maushold\n|\n|upkeep\n|\n|t:|1776497718\n|switch|p2a: Incineroar|Incineroar, L50, F, shiny|89/100\n|-ability|p2a: Incineroar|Intimidate|boost\n|-unboost|p1a: Blastoise|atk|1\n|-unboost|p1b: Sinistcha|atk|1\n|turn|6\n|\n|t:|1776497728\n|move|p1a: Blastoise|Protect|p1a: Blastoise\n|-singleturn|p1a: Blastoise|Protect\n|move|p2a: Incineroar|Fake Out|p1a: Blastoise\n|-activate|p1a: Blastoise|move: Protect\n|move|p1b: Sinistcha|Matcha Gotcha|p2a: Incineroar|[spread] p2a,p2b\n|-resisted|p2a: Incineroar|1\n|-resisted|p2b: Sneasler|1\n|-damage|p2a: Incineroar|78/100\n|-heal|p1b: Sinistcha|96/100|[from] drain|[of] p2a: Incineroar\n|-damage|p2b: Sneasler|16/100\n|-heal|p1b: Sinistcha|100/100|[from] drain|[of] p2b: Sneasler\n|move|p2b: Sneasler|Dire Claw|p1a: Blastoise\n|-activate|p1a: Blastoise|move: Protect\n|\n|upkeep\n|turn|7\n|\n|t:|1776497745\n|move|p2a: Incineroar|Protect|p2a: Incineroar\n|-singleturn|p2a: Incineroar|Protect\n|move|p2b: Sneasler|Protect|p2b: Sneasler\n|-singleturn|p2b: Sneasler|Protect\n|move|p1b: Sinistcha|Rage Powder|p1b: Sinistcha\n|-singleturn|p1b: Sinistcha|move: Rage Powder\n|move|p1a: Blastoise|Water Spout|p2b: Sneasler|[spread] \n|-activate|p2a: Incineroar|move: Protect\n|-activate|p2b: Sneasler|move: Protect\n|\n|upkeep\n|turn|8\n|\n|t:|1776497755\n|move|p2a: Incineroar|Protect|p2a: Incineroar\n|-singleturn|p2a: Incineroar|Protect\n|move|p2b: Sneasler|Protect||[still]\n|-fail|p2b: Sneasler\n|move|p1b: Sinistcha|Rage Powder|p1b: Sinistcha\n|-singleturn|p1b: Sinistcha|move: Rage Powder\n|move|p1a: Blastoise|Water Spout|p2b: Sneasler|[spread] p2b\n|-activate|p2a: Incineroar|move: Protect\n|-damage|p2b: Sneasler|0 fnt\n|faint|p2b: Sneasler\n|\n|-fieldend|move: Trick Room\n|upkeep\n|turn|9\n|\n|t:|1776497769\n|move|p1b: Sinistcha|Rage Powder|p1b: Sinistcha\n|-singleturn|p1b: Sinistcha|move: Rage Powder\n|move|p1a: Blastoise|Water Spout|p2a: Incineroar\n|-supereffective|p2a: Incineroar|1\n|-damage|p2a: Incineroar|0 fnt\n|faint|p2a: Incineroar\n|\n|win|gymleaderirish\n|raw|gymleaderirish's rating: 1349 &rarr; <strong>1366</strong><br />(+17 for winning)\n|raw|isabellissima's rating: 1301 &rarr; <strong>1284</strong><br />(-17 for losing)\n",
  "uploadtime": 1776497771,
  "views": 34,
  "formatid": "gen9championsvgc2026regma",
  "rating": 1284,
  "private": 0,
  "password": null
}