{
  "id": "gen9championsvgc2026regma-2587875333",
  "format": "[Gen 9 Champions] VGC 2026 Reg M-A",
  "players": [
    "UtterlyIncapable",
    "radioiamp"
  ],
  "log": "|j|\u2606UtterlyIncapable\n|j|\u2606radioiamp\n|t:|1776573364\n|gametype|doubles\n|player|p1|UtterlyIncapable|firebreather|1436\n|player|p2|radioiamp|170|1426\n|gen|9\n|tier|[Gen 9 Champions] VGC 2026 Reg M-A\n|rated|\n|rule|Species Clause: Limit one of each Pok\u00e9mon\n|rule|Item Clause: Limit 1 of each item\n|clearpoke\n|poke|p1|Zoroark-Hisui, L50, F|\n|poke|p1|Whimsicott, L50, F|\n|poke|p1|Garchomp, L50, M|\n|poke|p1|Glimmora, L50, M|\n|poke|p1|Corviknight, L50, M|\n|poke|p1|Aegislash, L50, F|\n|poke|p2|Golurk, L50|\n|poke|p2|Sneasler, L50, F|\n|poke|p2|Venusaur, L50, F|\n|poke|p2|Torkoal, L50, M|\n|poke|p2|Farigiraf, L50, F|\n|poke|p2|Kleavor, L50, F|\n|teampreview|4\n|\n|t:|1776573392\n|teamsize|p1|4\n|teamsize|p2|4\n|start\n|switch|p1a: Glimmora|Glimmora, L50, M|100/100\n|switch|p1b: Whimsicott|Whimsicott, L50, F|100/100\n|switch|p2a: Sneasler|Sneasler, L50, F|100/100\n|switch|p2b: Farigiraf|Farigiraf, L50, F|100/100\n|turn|1\n|\n|t:|1776573407\n|switch|p1b: Corviknight|Corviknight, L50, M|100/100\n|move|p2a: Sneasler|Protect|p2a: Sneasler\n|-singleturn|p2a: Sneasler|Protect\n|move|p2b: Farigiraf|Protect|p2b: Farigiraf\n|-singleturn|p2b: Farigiraf|Protect\n|move|p1a: Glimmora|Substitute|p1a: Glimmora\n|-start|p1a: Glimmora|Substitute\n|-damage|p1a: Glimmora|76/100\n|\n|upkeep\n|turn|2\n|\n|t:|1776573419\n|move|p1a: Glimmora|Spiky Shield|p1a: Glimmora\n|-singleturn|p1a: Glimmora|move: Protect\n|move|p2a: Sneasler|Close Combat|p1a: Glimmora\n|-activate|p1a: Glimmora|move: Protect\n|-damage|p2a: Sneasler|88/100|[from] Spiky Shield|[of] p1a: Glimmora\n|move|p1b: Corviknight|Iron Defense|p1b: Corviknight\n|-boost|p1b: Corviknight|def|2\n|move|p2b: Farigiraf|Psychic|p1a: Glimmora\n|-activate|p1a: Glimmora|move: Protect\n|\n|upkeep\n|turn|3\n|\n|t:|1776573434\n|switch|p2a: Torkoal|Torkoal, L50, M|100/100\n|-weather|SunnyDay|[from] ability: Drought|[of] p2a: Torkoal\n|detailschange|p1a: Glimmora|Glimmora-Mega, L50, M\n|-mega|p1a: Glimmora|Glimmora|Glimmoranite\n|move|p1a: Glimmora|Sludge Bomb|p2b: Farigiraf\n|-damage|p2b: Farigiraf|45/100\n|-status|p2b: Farigiraf|psn\n|-enditem|p2b: Farigiraf|Sitrus Berry|[eat]\n|-heal|p2b: Farigiraf|70/100 psn|[from] item: Sitrus Berry\n|move|p1b: Corviknight|Body Press|p2b: Farigiraf\n|-damage|p2b: Farigiraf|23/100 psn\n|move|p2b: Farigiraf|Trick Room|p2b: Farigiraf\n|-fieldstart|move: Trick Room|[of] p2b: Farigiraf\n|\n|-weather|SunnyDay|[upkeep]\n|-damage|p2b: Farigiraf|11/100 psn|[from] psn\n|upkeep\n|turn|4\n|\n|t:|1776573451\n|switch|p2b: Golurk|Golurk, L50|100/100\n|move|p1b: Corviknight|Protect|p1b: Corviknight\n|-singleturn|p1b: Corviknight|Protect\n|move|p1a: Glimmora|Spiky Shield|p1a: Glimmora\n|-singleturn|p1a: Glimmora|move: Protect\n|move|p2a: Torkoal|Eruption|p1a: Glimmora|[spread] \n|-activate|p1a: Glimmora|move: Protect\n|-activate|p1b: Corviknight|move: Protect\n|\n|-weather|SunnyDay|[upkeep]\n|upkeep\n|turn|5\n|\n|t:|1776573464\n|switch|p1b: Garchomp|Garchomp, L50, M|100/100\n|detailschange|p2b: Golurk|Golurk-Mega, L50\n|-mega|p2b: Golurk|Golurk|Golurkite\n|move|p2a: Torkoal|Eruption|p1a: Glimmora|[spread] p1a,p1b\n|-resisted|p1a: Glimmora|1\n|-end|p1a: Glimmora|Substitute\n|-resisted|p1b: Garchomp|1\n|-damage|p1b: Garchomp|53/100\n|move|p2b: Golurk|Headlong Rush|p1a: Glimmora\n|-supereffective|p1a: Glimmora|2\n|-damage|p1a: Glimmora|0 fnt\n|-unboost|p2b: Golurk|def|1\n|-unboost|p2b: Golurk|spd|1\n|faint|p1a: Glimmora\n|\n|-weather|SunnyDay|[upkeep]\n|upkeep\n|\n|t:|1776573474\n|switch|p1a: Whimsicott|Whimsicott, L50, F|100/100\n|turn|6\n|\n|t:|1776573484\n|switch|p2a: Farigiraf|Farigiraf, L50, F|11/100 psn\n|move|p1a: Whimsicott|Protect|p1a: Whimsicott\n|-singleturn|p1a: Whimsicott|Protect\n|move|p2b: Golurk|Ice Punch|p1b: Garchomp\n|-supereffective|p1b: Garchomp|2\n|-damage|p1b: Garchomp|0 fnt\n|-damage|p2b: Golurk|88/100|[from] ability: Rough Skin|[of] p1b: Garchomp\n|faint|p1b: Garchomp\n|\n|-weather|SunnyDay|[upkeep]\n|-damage|p2a: Farigiraf|0 fnt|[from] psn\n|faint|p2a: Farigiraf\n|upkeep\n|\n|t:|1776573496\n|switch|p2a: Torkoal|Torkoal, L50, M|100/100\n|switch|p1b: Corviknight|Corviknight, L50, M|100/100\n|turn|7\n|\n|t:|1776573505\n|move|p1a: Whimsicott|Protect||[still]\n|-fail|p1a: Whimsicott\n|move|p1b: Corviknight|Protect|p1b: Corviknight\n|-singleturn|p1b: Corviknight|Protect\n|move|p2a: Torkoal|Eruption|p1b: Corviknight|[spread] p1a\n|-activate|p1b: Corviknight|move: Protect\n|-supereffective|p1a: Whimsicott|1\n|-damage|p1a: Whimsicott|0 fnt\n|faint|p1a: Whimsicott\n|move|p2b: Golurk|Ice Punch|p1b: Corviknight\n|-ability|p2b: Golurk|Unseen Fist\n|-zbroken|p1b: Corviknight\n|-damage|p1b: Corviknight|95/100\n|\n|-weather|none\n|-fieldend|move: Trick Room\n|upkeep\n|turn|8\n|\n|t:|1776573525\n|move|p1b: Corviknight|Body Press|p2a: Torkoal\n|-damage|p2a: Torkoal|78/100\n|move|p2b: Golurk|Ice Punch|p1b: Corviknight\n|-damage|p1b: Corviknight|73/100\n|move|p2a: Torkoal|Heat Wave|p1b: Corviknight\n|-supereffective|p1b: Corviknight|1\n|-damage|p1b: Corviknight|0 fnt\n|faint|p1b: Corviknight\n|\n|win|radioiamp\n|raw|UtterlyIncapable's rating: 1436 &rarr; <strong>1415</strong><br />(-21 for losing)\n|raw|radioiamp's rating: 1426 &rarr; <strong>1447</strong><br />(+21 for winning)\n|l|\u2606UtterlyIncapable\n|player|p1|\n|l|\u2606radioiamp\n|player|p2|\n",
  "uploadtime": 1776573653,
  "views": 14,
  "formatid": "gen9championsvgc2026regma",
  "rating": 1415,
  "private": 0,
  "password": null
}