{
  "id": "gen9championsvgc2026regma-2587737179",
  "format": "[Gen 9 Champions] VGC 2026 Reg M-A",
  "players": [
    "Wishe7",
    "Aze77"
  ],
  "log": "|j|\u2606Wishe7\n|j|\u2606Aze77\n|t:|1776558922\n|gametype|doubles\n|player|p1|Wishe7|169|1040\n|player|p2|Aze77|2|1102\n|gen|9\n|tier|[Gen 9 Champions] VGC 2026 Reg M-A\n|rated|\n|rule|Species Clause: Limit one of each Pok\u00e9mon\n|rule|Item Clause: Limit 1 of each item\n|clearpoke\n|poke|p1|Pelipper, L50, M|\n|poke|p1|Archaludon, L50, M|\n|poke|p1|Basculegion, L50, M|\n|poke|p1|Sneasler, L50, M|\n|poke|p1|Incineroar, L50, M|\n|poke|p1|Meganium, L50, M|\n|poke|p2|Froslass, L50, F, shiny|\n|poke|p2|Sneasler, L50, F, shiny|\n|poke|p2|Basculegion, L50, M, shiny|\n|poke|p2|Ninetales-Alola, L50, F, shiny|\n|poke|p2|Mimikyu, L50, F, shiny|\n|poke|p2|Altaria, L50, F, shiny|\n|teampreview|4\n|inactive|Battle timer is ON: inactive players will automatically lose when time's up. (requested by Aze77)\n|inactive|Wishe7 also wants the timer to be on.\n|inactive|Wishe7 has 60 seconds left.\n|inactive|Aze77 has 60 seconds left.\n|\n|t:|1776558973\n|teamsize|p1|4\n|teamsize|p2|4\n|start\n|switch|p1a: Meganium|Meganium, L50, M|100/100\n|switch|p1b: Sneasler|Sneasler, L50, M|100/100\n|switch|p2a: Mimikyu|Mimikyu, L50, F, shiny|100/100\n|switch|p2b: Froslass|Froslass, L50, F, shiny|100/100\n|turn|1\n|inactive|Wishe7 has 30 seconds left.\n|inactive|Wishe7 has 20 seconds left.\n|\n|t:|1776559009\n|detailschange|p2b: Froslass|Froslass-Mega, L50, F, shiny\n|-mega|p2b: Froslass|Froslass|Froslassite\n|-weather|Snowscape|[from] ability: Snow Warning|[of] p2b: Froslass\n|detailschange|p1a: Meganium|Meganium-Mega, L50, M\n|-mega|p1a: Meganium|Meganium|Meganiumite\n|move|p1b: Sneasler|Dire Claw|p2a: Mimikyu\n|-activate|p2a: Mimikyu|ability: Disguise\n|-damage|p2a: Mimikyu|100/100\n|-status|p2a: Mimikyu|psn\n|detailschange|p2a: Mimikyu|Mimikyu-Busted, L50, F, shiny\n|-damage|p2a: Mimikyu|88/100 psn|[from] pokemon: Mimikyu-Busted\n|move|p2b: Froslass|Blizzard|p1a: Meganium|[spread] p1a,p1b\n|-supereffective|p1a: Meganium|1\n|-crit|p1a: Meganium\n|-damage|p1a: Meganium|0 fnt\n|-damage|p1b: Sneasler|47/100\n|faint|p1a: Meganium\n|move|p2a: Mimikyu|Will-O-Wisp|p1b: Sneasler|[miss]\n|-miss|p2a: Mimikyu|p1b: Sneasler\n|\n|-weather|Snowscape|[upkeep]\n|-damage|p2a: Mimikyu|76/100 psn|[from] psn\n|upkeep\n|\n|t:|1776559027\n|switch|p1a: Pelipper|Pelipper, L50, M|100/100\n|-weather|RainDance|[from] ability: Drizzle|[of] p1a: Pelipper\n|turn|2\n|\n|t:|1776559044\n|move|p2b: Froslass|Protect|p2b: Froslass\n|-singleturn|p2b: Froslass|Protect\n|move|p1b: Sneasler|Dire Claw|p2a: Mimikyu\n|-damage|p2a: Mimikyu|36/100 psn\n|move|p2a: Mimikyu|Taunt|p1a: Pelipper\n|-start|p1a: Pelipper|move: Taunt\n|cant|p1a: Pelipper|move: Taunt|Tailwind\n|\n|-weather|RainDance|[upkeep]\n|-damage|p2a: Mimikyu|24/100 psn|[from] psn\n|upkeep\n|turn|3\n|inactive|Wishe7 has 30 seconds left.\n|\n|t:|1776559071\n|switch|p2a: Ninetales|Ninetales-Alola, L50, F, shiny|100/100\n|-weather|Snowscape|[from] ability: Snow Warning|[of] p2a: Ninetales\n|move|p1b: Sneasler|Protect|p1b: Sneasler\n|-singleturn|p1b: Sneasler|Protect\n|move|p2b: Froslass|Blizzard|p1b: Sneasler|[spread] p1a\n|-activate|p1b: Sneasler|move: Protect\n|-damage|p1a: Pelipper|27/100\n|-enditem|p1a: Pelipper|Sitrus Berry|[eat]\n|-heal|p1a: Pelipper|52/100|[from] item: Sitrus Berry\n|move|p1a: Pelipper|Hurricane|p2b: Froslass\n|-damage|p2b: Froslass|56/100\n|\n|-weather|Snowscape|[upkeep]\n|upkeep\n|turn|4\n|inactive|Wishe7 has 30 seconds left.\n|\n|t:|1776559096\n|switch|p1a: Archaludon|Archaludon, L50, M|100/100\n|move|p1b: Sneasler|Dire Claw|p2a: Ninetales\n|-supereffective|p2a: Ninetales|1\n|-damage|p2a: Ninetales|34/100\n|move|p2a: Ninetales|Disable||[still]\n|-fail|p2a: Ninetales\n|move|p2b: Froslass|Blizzard|p1b: Sneasler|[spread] p1a,p1b\n|-damage|p1a: Archaludon|39/100\n|-damage|p1b: Sneasler|0 fnt\n|-ability|p1a: Archaludon|Stamina|boost\n|-boost|p1a: Archaludon|def|1\n|faint|p1b: Sneasler\n|\n|-weather|Snowscape|[upkeep]\n|-heal|p1a: Archaludon|45/100|[from] item: Leftovers\n|upkeep\n|\n|t:|1776559105\n|switch|p1b: Pelipper|Pelipper, L50, M|52/100\n|-weather|RainDance|[from] ability: Drizzle|[of] p1b: Pelipper\n|turn|5\n|inactive|Wishe7 has 30 seconds left.\n|\n|t:|1776559132\n|switch|p2b: Mimikyu|Mimikyu-Busted, L50, F, shiny|24/100 psn\n|move|p1a: Archaludon|Protect|p1a: Archaludon\n|-singleturn|p1a: Archaludon|Protect\n|move|p2a: Ninetales|Icy Wind|p1a: Archaludon|[spread] p1b\n|-activate|p1a: Archaludon|move: Protect\n|-damage|p1b: Pelipper|29/100\n|-unboost|p1b: Pelipper|spe|1\n|move|p1b: Pelipper|Tailwind|p1b: Pelipper\n|-sidestart|p1: Wishe7|move: Tailwind\n|\n|-weather|RainDance|[upkeep]\n|-heal|p1a: Archaludon|51/100|[from] item: Leftovers\n|-damage|p2b: Mimikyu|12/100 psn|[from] psn\n|upkeep\n|turn|6\n|\n|t:|1776559153\n|move|p1a: Archaludon|Electro Shot||[still]\n|-prepare|p1a: Archaludon|Electro Shot\n|-boost|p1a: Archaludon|spa|1\n|-anim|p1a: Archaludon|Electro Shot|p2a: Ninetales\n|-damage|p2a: Ninetales|0 fnt\n|faint|p2a: Ninetales\n|move|p1b: Pelipper|Weather Ball|p2b: Mimikyu\n|-damage|p2b: Mimikyu|0 fnt\n|faint|p2b: Mimikyu\n|\n|-weather|RainDance|[upkeep]\n|-heal|p1a: Archaludon|57/100|[from] item: Leftovers\n|upkeep\n|\n|t:|1776559167\n|switch|p2a: Froslass|Froslass-Mega, L50, F, shiny|56/100\n|switch|p2b: Sneasler|Sneasler, L50, F, shiny|100/100\n|-weather|Snowscape|[from] ability: Snow Warning|[of] p2a: Froslass\n|turn|7\n|\n|t:|1776559191\n|move|p1b: Pelipper|Protect|p1b: Pelipper\n|-singleturn|p1b: Pelipper|Protect\n|move|p2b: Sneasler|Fake Out|p1a: Archaludon\n|-resisted|p1a: Archaludon|1\n|-damage|p1a: Archaludon|54/100\n|-ability|p1a: Archaludon|Stamina|boost\n|-boost|p1a: Archaludon|def|1\n|cant|p1a: Archaludon|flinch\n|move|p2a: Froslass|Blizzard|p1a: Archaludon|[spread] p1a\n|-activate|p1b: Pelipper|move: Protect\n|-damage|p1a: Archaludon|0 fnt\n|faint|p1a: Archaludon\n|\n|-weather|Snowscape|[upkeep]\n|upkeep\n|turn|8\n|\n|t:|1776559212\n|move|p2b: Sneasler|Protect|p2b: Sneasler\n|-singleturn|p2b: Sneasler|Protect\n|move|p2a: Froslass|Thunderbolt|p1b: Pelipper\n|-supereffective|p1b: Pelipper|2\n|-damage|p1b: Pelipper|0 fnt\n|faint|p1b: Pelipper\n|\n|win|Aze77\n|raw|Wishe7's rating: 1040 &rarr; <strong>1027</strong><br />(-13 for losing)\n|raw|Aze77's rating: 1102 &rarr; <strong>1123</strong><br />(+21 for winning)\n|l|\u2606Wishe7\n|player|p1|\n",
  "uploadtime": 1776559220,
  "views": 11,
  "formatid": "gen9championsvgc2026regma",
  "rating": 1027,
  "private": 0,
  "password": null
}