{
  "id": "gen9championsvgc2026regma-2587564936",
  "format": "[Gen 9 Champions] VGC 2026 Reg M-A",
  "players": [
    "AquaticPanic",
    "stevesaint"
  ],
  "log": "|j|\u2606AquaticPanic\n|j|\u2606stevesaint\n|t:|1776542721\n|gametype|doubles\n|player|p1|AquaticPanic|bellelba|1414\n|player|p2|stevesaint|firebreather|1448\n|gen|9\n|tier|[Gen 9 Champions] VGC 2026 Reg M-A\n|rated|\n|rule|Species Clause: Limit one of each Pok\u00e9mon\n|rule|Item Clause: Limit 1 of each item\n|clearpoke\n|poke|p1|Venusaur, L50, M|\n|poke|p1|Charizard, L50, F|\n|poke|p1|Garchomp, L50, M|\n|poke|p1|Armarouge, L50, F|\n|poke|p1|Rotom-Wash, L50|\n|poke|p1|Aerodactyl, L50, M|\n|poke|p2|Incineroar, L50, M, shiny|\n|poke|p2|Milotic, L50, M, shiny|\n|poke|p2|Sneasler, L50, M, shiny|\n|poke|p2|Garchomp, L50, M, shiny|\n|poke|p2|Charizard, L50, M, shiny|\n|poke|p2|Whimsicott, L50, M, shiny|\n|teampreview|4\n|\n|t:|1776542771\n|teamsize|p1|4\n|teamsize|p2|4\n|start\n|switch|p1a: Aerodactyl|Aerodactyl, L50, M|100/100\n|switch|p1b: Rotom|Rotom-Wash, L50|100/100\n|switch|p2a: Garchomp|Garchomp, L50, M, shiny|100/100\n|switch|p2b: Sneasler|Sneasler, L50, M, shiny|100/100\n|-ability|p1a: Aerodactyl|Pressure\n|turn|1\n|j| Garderoar\n|l| Garderoar\n|\n|t:|1776542797\n|move|p1a: Aerodactyl|Protect|p1a: Aerodactyl\n|-singleturn|p1a: Aerodactyl|Protect\n|move|p2a: Garchomp|Rock Slide|p1a: Aerodactyl|[spread] p1b\n|-activate|p1a: Aerodactyl|move: Protect\n|-damage|p1b: Rotom|81/100\n|move|p2b: Sneasler|Rock Slide|p1b: Rotom|[spread] p1b\n|-activate|p1a: Aerodactyl|move: Protect\n|-damage|p1b: Rotom|61/100\n|cant|p1b: Rotom|flinch\n|\n|upkeep\n|turn|2\n|\n|t:|1776542817\n|move|p2a: Garchomp|Rock Slide|p1a: Aerodactyl|[spread] p1a,p1b\n|-supereffective|p1a: Aerodactyl|1\n|-damage|p1a: Aerodactyl|41/100\n|-damage|p1b: Rotom|41/100\n|-enditem|p1b: Rotom|Sitrus Berry|[eat]\n|-heal|p1b: Rotom|66/100|[from] item: Sitrus Berry\n|move|p1a: Aerodactyl|Dual Wingbeat|p2b: Sneasler\n|-supereffective|p2b: Sneasler|1\n|-damage|p2b: Sneasler|39/100\n|-supereffective|p2b: Sneasler|1\n|-damage|p2b: Sneasler|0 fnt\n|faint|p2b: Sneasler\n|-hitcount|p2: Sneasler|2\n|move|p1b: Rotom|Volt Switch|p2a: Garchomp\n|-immune|p2a: Garchomp\n|\n|upkeep\n|\n|t:|1776542826\n|switch|p2b: Whimsicott|Whimsicott, L50, M, shiny|100/100\n|turn|3\n|\n|t:|1776542833\n|switch|p1b: Armarouge|Armarouge, L50, F|100/100\n|move|p2b: Whimsicott|Light Screen|p2b: Whimsicott\n|-sidestart|p2: stevesaint|move: Light Screen\n|move|p2a: Garchomp|Rock Slide|p1b: Armarouge|[spread] p1a,p1b\n|-supereffective|p1a: Aerodactyl|1\n|-supereffective|p1b: Armarouge|1\n|-damage|p1a: Aerodactyl|0 fnt\n|-damage|p1b: Armarouge|66/100\n|-ability|p1b: Armarouge|Weak Armor|boost\n|-unboost|p1b: Armarouge|def|1\n|-boost|p1b: Armarouge|spe|2\n|faint|p1a: Aerodactyl\n|\n|upkeep\n|inactive|Battle timer is ON: inactive players will automatically lose when time's up. (requested by stevesaint)\n|\n|t:|1776542846\n|switch|p1a: Charizard|Charizard, L50, F|100/100\n|turn|4\n|\n|t:|1776542853\n|detailschange|p1a: Charizard|Charizard-Mega-Y, L50, F\n|-mega|p1a: Charizard|Charizard|Charizardite Y\n|-weather|SunnyDay|[from] ability: Drought|[of] p1a: Charizard\n|move|p1b: Armarouge|Wide Guard|p1b: Armarouge\n|-singleturn|p1b: Armarouge|Wide Guard\n|move|p2b: Whimsicott|Tailwind|p2b: Whimsicott\n|-sidestart|p2: stevesaint|move: Tailwind\n|move|p2a: Garchomp|Rock Slide|p1a: Charizard|[spread] \n|-activate|p1a: Charizard|move: Wide Guard\n|-activate|p1b: Armarouge|move: Wide Guard\n|move|p1a: Charizard|Heat Wave|p2b: Whimsicott|[spread] p2a,p2b\n|-resisted|p2a: Garchomp|1\n|-supereffective|p2b: Whimsicott|1\n|-damage|p2a: Garchomp|79/100\n|-enditem|p2b: Whimsicott|Focus Sash\n|-damage|p2b: Whimsicott|1/100\n|-status|p2a: Garchomp|brn\n|\n|-weather|SunnyDay|[upkeep]\n|-damage|p2a: Garchomp|73/100 brn|[from] brn\n|upkeep\n|turn|5\n|inactive|stevesaint has 30 seconds left.\n|\n|t:|1776542882\n|switch|p2b: Charizard|Charizard, L50, M, shiny|100/100\n|move|p1b: Armarouge|Wide Guard|p1b: Armarouge\n|-singleturn|p1b: Armarouge|Wide Guard\n|move|p2a: Garchomp|Rock Slide|p1a: Charizard|[spread] \n|-activate|p1a: Charizard|move: Wide Guard\n|-activate|p1b: Armarouge|move: Wide Guard\n|move|p1a: Charizard|Heat Wave|p2a: Garchomp|[spread] p2a,p2b\n|-resisted|p2a: Garchomp|1\n|-resisted|p2b: Charizard|1\n|-damage|p2a: Garchomp|49/100 brn\n|-damage|p2b: Charizard|75/100\n|\n|-weather|SunnyDay|[upkeep]\n|-damage|p2a: Garchomp|43/100 brn|[from] brn\n|upkeep\n|turn|6\n|\n|t:|1776542904\n|detailschange|p2b: Charizard|Charizard-Mega-Y, L50, M, shiny\n|-mega|p2b: Charizard|Charizard|Charizardite Y\n|move|p1b: Armarouge|Protect||[still]\n|-fail|p1b: Armarouge\n|move|p1a: Charizard|Protect|p1a: Charizard\n|-singleturn|p1a: Charizard|Protect\n|move|p2a: Garchomp|Rock Slide|p1b: Armarouge|[spread] p1b\n|-activate|p1a: Charizard|move: Protect\n|-supereffective|p1b: Armarouge|1\n|-damage|p1b: Armarouge|40/100\n|-ability|p1b: Armarouge|Weak Armor|boost\n|-unboost|p1b: Armarouge|def|1\n|-boost|p1b: Armarouge|spe|2\n|move|p2b: Charizard|Heat Wave|p1b: Armarouge|[spread] p1b\n|-activate|p1a: Charizard|move: Protect\n|-resisted|p1b: Armarouge|1\n|-damage|p1b: Armarouge|11/100\n|\n|-weather|SunnyDay|[upkeep]\n|-damage|p2a: Garchomp|37/100 brn|[from] brn\n|upkeep\n|turn|7\n|inactive|stevesaint has 30 seconds left.\n|\n|t:|1776542936\n|move|p1b: Armarouge|Wide Guard|p1b: Armarouge\n|-singleturn|p1b: Armarouge|Wide Guard\n|move|p2a: Garchomp|Rock Slide|p1a: Charizard|[spread] \n|-activate|p1a: Charizard|move: Wide Guard\n|-activate|p1b: Armarouge|move: Wide Guard\n|move|p2b: Charizard|Heat Wave|p1a: Charizard|[spread] \n|-activate|p1a: Charizard|move: Wide Guard\n|-activate|p1b: Armarouge|move: Wide Guard\n|move|p1a: Charizard|Heat Wave|p2b: Charizard|[spread] p2a,p2b\n|-resisted|p2a: Garchomp|1\n|-resisted|p2b: Charizard|1\n|-damage|p2a: Garchomp|13/100 brn\n|-damage|p2b: Charizard|53/100\n|\n|-weather|SunnyDay|[upkeep]\n|-damage|p2a: Garchomp|8/100 brn|[from] brn\n|-sideend|p2: stevesaint|move: Light Screen\n|-sideend|p2: stevesaint|move: Tailwind\n|upkeep\n|turn|8\n|\n|t:|1776542956\n|move|p1b: Armarouge|Wide Guard|p1b: Armarouge\n|-singleturn|p1b: Armarouge|Wide Guard\n|move|p2a: Garchomp|Rock Slide|p1a: Charizard|[spread] \n|-activate|p1a: Charizard|move: Wide Guard\n|-activate|p1b: Armarouge|move: Wide Guard\n|move|p1a: Charizard|Heat Wave|p2b: Charizard|[spread] p2a,p2b\n|-resisted|p2a: Garchomp|1\n|-resisted|p2b: Charizard|1\n|-damage|p2a: Garchomp|0 fnt\n|-damage|p2b: Charizard|22/100\n|faint|p2a: Garchomp\n|move|p2b: Charizard|Dragon Pulse|p1b: Armarouge\n|-damage|p1b: Armarouge|0 fnt\n|faint|p1b: Armarouge\n|\n|-weather|none\n|upkeep\n|\n|t:|1776542971\n|switch|p2a: Whimsicott|Whimsicott, L50, M, shiny|1/100\n|switch|p1b: Rotom|Rotom-Wash, L50|66/100\n|turn|9\n|-message|stevesaint forfeited.\n|\n|win|AquaticPanic\n|raw|AquaticPanic's rating: 1414 &rarr; <strong>1436</strong><br />(+22 for winning)\n|raw|stevesaint's rating: 1448 &rarr; <strong>1426</strong><br />(-22 for losing)\n|l|\u2606stevesaint\n|player|p2|\n",
  "uploadtime": 1776542988,
  "views": 30,
  "formatid": "gen9championsvgc2026regma",
  "rating": 1426,
  "private": 0,
  "password": null
}