{
  "id": "gen9championsvgc2026regma-2586275929",
  "format": "[Gen 9 Champions] VGC 2026 Reg M-A",
  "players": [
    "Presilayer",
    "RBG_LOL"
  ],
  "log": "|j|\u203dPresilayer\n|j|\u2606RBG_LOL\n|t:|1776420275\n|gametype|doubles\n|player|p1|Presilayer|2|1092\n|player|p2|RBG_LOL|ghetsis-gen5bw|1000\n|gen|9\n|tier|[Gen 9 Champions] VGC 2026 Reg M-A\n|rated|\n|rule|Species Clause: Limit one of each Pok\u00e9mon\n|rule|Item Clause: Limit 1 of each item\n|clearpoke\n|poke|p1|Starmie, L50|\n|poke|p1|Vaporeon, L50, M|\n|poke|p1|Pelipper, L50, M|\n|poke|p1|Garchomp, L50, F|\n|poke|p1|Raichu, L50, F|\n|poke|p1|Emboar, L50, M|\n|poke|p2|Garchomp, L50, M|\n|poke|p2|Froslass, L50, F|\n|poke|p2|Sneasler, L50, M|\n|poke|p2|Kingambit, L50, M|\n|poke|p2|Talonflame, L50, M|\n|poke|p2|Milotic, L50, F|\n|teampreview|4\n|\n|t:|1776420307\n|teamsize|p1|4\n|teamsize|p2|4\n|start\n|switch|p1a: Starmie|Starmie, L50|100/100\n|switch|p1b: Vaporeon|Vaporeon, L50, M|100/100\n|switch|p2a: Talonflame|Talonflame, L50, M, shiny|100/100\n|switch|p2b: Froslass|Froslass, L50, F|100/100\n|turn|1\n|\n|t:|1776420331\n|detailschange|p1a: Starmie|Starmie-Mega, L50\n|-mega|p1a: Starmie|Starmie|Starminite\n|detailschange|p2b: Froslass|Froslass-Mega, L50, F\n|-mega|p2b: Froslass|Froslass|Froslassite\n|-weather|Snowscape|[from] ability: Snow Warning|[of] p2b: Froslass\n|move|p2a: Talonflame|Tailwind|p2a: Talonflame\n|-sidestart|p2: RBG_LOL|move: Tailwind\n|move|p2b: Froslass|Shadow Ball|p1a: Starmie\n|-supereffective|p1a: Starmie|1\n|-damage|p1a: Starmie|0 fnt\n|faint|p1a: Starmie\n|move|p1b: Vaporeon|Yawn|p2b: Froslass\n|-start|p2b: Froslass|move: Yawn|[of] p1b: Vaporeon\n|\n|-weather|Snowscape|[upkeep]\n|upkeep\n|\n|t:|1776420347\n|switch|p1a: Pelipper|Pelipper, L50, M|100/100\n|-weather|RainDance|[from] ability: Drizzle|[of] p1a: Pelipper\n|turn|2\n|\n|t:|1776420358\n|switch|p2b: Kingambit|Kingambit, L50, M|100/100\n|move|p2a: Talonflame|Protect|p2a: Talonflame\n|-singleturn|p2a: Talonflame|Protect\n|move|p1b: Vaporeon|Whirlpool|p2a: Talonflame\n|-activate|p2a: Talonflame|move: Protect\n|move|p1a: Pelipper|Tailwind|p1a: Pelipper\n|-sidestart|p1: Presilayer|move: Tailwind\n|\n|-weather|RainDance|[upkeep]\n|upkeep\n|turn|3\n|\n|t:|1776420382\n|switch|p1b: Garchomp|Garchomp, L50, F|100/100\n|move|p2a: Talonflame|Brave Bird|p1a: Pelipper\n|-damage|p1a: Pelipper|34/100\n|-damage|p2a: Talonflame|81/100|[from] Recoil\n|move|p1a: Pelipper|Weather Ball|p2b: Kingambit\n|-damage|p2b: Kingambit|44/100\n|move|p2b: Kingambit|Kowtow Cleave|p1b: Garchomp\n|-damage|p1b: Garchomp|33/100\n|-damage|p2b: Kingambit|32/100|[from] ability: Rough Skin|[of] p1b: Garchomp\n|\n|-weather|RainDance|[upkeep]\n|upkeep\n|turn|4\n|\n|t:|1776420411\n|move|p2b: Kingambit|Sucker Punch|p1a: Pelipper\n|-damage|p1a: Pelipper|0 fnt\n|faint|p1a: Pelipper\n|move|p1b: Garchomp|Liquidation|p2a: Talonflame\n|-supereffective|p2a: Talonflame|1\n|-damage|p2a: Talonflame|0 fnt\n|faint|p2a: Talonflame\n|\n|-weather|RainDance|[upkeep]\n|-sideend|p2: RBG_LOL|move: Tailwind\n|upkeep\n|\n|t:|1776420423\n|switch|p2a: Froslass|Froslass-Mega, L50, F|100/100\n|switch|p1a: Vaporeon|Vaporeon, L50, M|100/100\n|-weather|Snowscape|[from] ability: Snow Warning|[of] p2a: Froslass\n|turn|5\n|\n|t:|1776420451\n|move|p2a: Froslass|Protect|p2a: Froslass\n|-singleturn|p2a: Froslass|Protect\n|move|p2b: Kingambit|Protect|p2b: Kingambit\n|-singleturn|p2b: Kingambit|Protect\n|move|p1b: Garchomp|Liquidation|p2b: Kingambit\n|-activate|p2b: Kingambit|move: Protect\n|move|p1a: Vaporeon|Scald|p2b: Kingambit\n|-activate|p2b: Kingambit|move: Protect\n|\n|-weather|Snowscape|[upkeep]\n|-sideend|p1: Presilayer|move: Tailwind\n|upkeep\n|turn|6\n|\n|t:|1776420479\n|move|p2b: Kingambit|Sucker Punch|p1b: Garchomp\n|-damage|p1b: Garchomp|0 fnt\n|-damage|p2b: Kingambit|20/100|[from] ability: Rough Skin|[of] p1b: Garchomp\n|faint|p1b: Garchomp\n|move|p2a: Froslass|Shadow Ball|p1a: Vaporeon\n|-damage|p1a: Vaporeon|63/100\n|-unboost|p1a: Vaporeon|spd|1\n|move|p1a: Vaporeon|Scald|p2b: Kingambit\n|-damage|p2b: Kingambit|0 fnt\n|faint|p2b: Kingambit\n|\n|-weather|Snowscape|[upkeep]\n|-heal|p1a: Vaporeon|69/100|[from] item: Leftovers\n|upkeep\n|\n|t:|1776420490\n|switch|p2b: Sneasler|Sneasler, L50, M|100/100\n|turn|7\n|\n|t:|1776420496\n|move|p2b: Sneasler|Fake Out|p1a: Vaporeon\n|-damage|p1a: Vaporeon|55/100\n|move|p2a: Froslass|Shadow Ball|p1a: Vaporeon\n|-damage|p1a: Vaporeon|0 fnt\n|faint|p1a: Vaporeon\n|\n|win|RBG_LOL\n|raw|Presilayer's rating: 1092 &rarr; <strong>1062</strong><br />(-30 for losing)\n|raw|RBG_LOL's rating: 1000 &rarr; <strong>1050</strong><br />(+50 for winning)\n",
  "uploadtime": 1776420499,
  "views": 22,
  "formatid": "gen9championsvgc2026regma",
  "rating": 1050,
  "private": 0,
  "password": null
}