{
  "id": "gen9championsvgc2026regma-2587640657",
  "format": "[Gen 9 Champions] VGC 2026 Reg M-A",
  "players": [
    "Bluemxst22",
    "KennarDH"
  ],
  "log": "|j|\u2606Bluemxst22\n|j|\u2606KennarDH\n|t:|1776549509\n|gametype|doubles\n|player|p1|Bluemxst22|lance-gen1rb|1215\n|player|p2|KennarDH|rocketgruntf|1284\n|gen|9\n|tier|[Gen 9 Champions] VGC 2026 Reg M-A\n|rated|\n|rule|Species Clause: Limit one of each Pok\u00e9mon\n|rule|Item Clause: Limit 1 of each item\n|clearpoke\n|poke|p1|Charizard, L50, M, shiny|\n|poke|p1|Kangaskhan, L50, F|\n|poke|p1|Aerodactyl, L50, M|\n|poke|p1|Aegislash, L50, F|\n|poke|p1|Milotic, L50, F, shiny|\n|poke|p1|Garchomp, L50, M, shiny|\n|poke|p2|Froslass, L50, F|\n|poke|p2|Glaceon, L50, M|\n|poke|p2|Slowking, L50, F|\n|poke|p2|Raichu-Alola, L50, M|\n|poke|p2|Quaquaval, L50, M|\n|poke|p2|Kangaskhan, L50, F|\n|teampreview|4\n|inactive|Battle timer is ON: inactive players will automatically lose when time's up. (requested by KennarDH)\n|inactive|Bluemxst22 has 60 seconds left.\n|inactive|KennarDH has 30 seconds left.\n|\n|t:|1776549586\n|teamsize|p1|4\n|teamsize|p2|4\n|start\n|switch|p1a: Kangaskhan|Kangaskhan, L50, F|100/100\n|switch|p1b: Aegislash|Aegislash, L50, F|100/100\n|switch|p2a: Froslass|Froslass, L50, F|100/100\n|switch|p2b: Raichu|Raichu-Alola, L50, M|100/100\n|turn|1\n|inactive|KennarDH has 30 seconds left.\n|\n|t:|1776549613\n|switch|p2b: Slowking|Slowking, L50, F|100/100\n|detailschange|p2a: Froslass|Froslass-Mega, L50, F\n|-mega|p2a: Froslass|Froslass|Froslassite\n|-weather|Snowscape|[from] ability: Snow Warning|[of] p2a: Froslass\n|detailschange|p1a: Kangaskhan|Kangaskhan-Mega, L50, F\n|-mega|p1a: Kangaskhan|Kangaskhan|Kangaskhanite\n|move|p1a: Kangaskhan|Fake Out|p2b: Slowking\n|-damage|p2b: Slowking|84/100\n|-damage|p2b: Slowking|81/100\n|-hitcount|p2b: Slowking|2\n|move|p2a: Froslass|Aurora Veil|p2a: Froslass\n|-sidestart|p2: KennarDH|move: Aurora Veil\n|-formechange|p1b: Aegislash|Aegislash-Blade|\n|move|p1b: Aegislash|Iron Head|p2a: Froslass\n|-supereffective|p2a: Froslass|1\n|-damage|p2a: Froslass|38/100\n|\n|-weather|Snowscape|[upkeep]\n|upkeep\n|turn|2\n|\n|t:|1776549635\n|move|p1b: Aegislash|Shadow Sneak|p2a: Froslass\n|-supereffective|p2a: Froslass|1\n|-damage|p2a: Froslass|0 fnt\n|faint|p2a: Froslass\n|move|p1a: Kangaskhan|Double-Edge|p2b: Slowking\n|-damage|p2b: Slowking|52/100\n|-damage|p2b: Slowking|46/100\n|-hitcount|p2b: Slowking|2\n|-damage|p1a: Kangaskhan|90/100|[from] Recoil\n|move|p2b: Slowking|Scald|p1a: Kangaskhan\n|-damage|p1a: Kangaskhan|69/100\n|\n|-weather|Snowscape|[upkeep]\n|upkeep\n|\n|t:|1776549647\n|switch|p2a: Glaceon|Glaceon, L50, M|100/100\n|turn|3\n|\n|t:|1776549660\n|move|p1a: Kangaskhan|Sucker Punch||[still]\n|-fail|p1a: Kangaskhan\n|move|p1b: Aegislash|Iron Head|p2a: Glaceon\n|-supereffective|p2a: Glaceon|1\n|-damage|p2a: Glaceon|59/100\n|move|p2a: Glaceon|Blizzard|p1a: Kangaskhan|[spread] p1a,p1b\n|-resisted|p1b: Aegislash|1\n|-damage|p1a: Kangaskhan|35/100\n|-damage|p1b: Aegislash|64/100\n|-status|p1b: Aegislash|frz\n|move|p2b: Slowking|Trick Room|p2b: Slowking\n|-fieldstart|move: Trick Room|[of] p2b: Slowking\n|\n|-weather|Snowscape|[upkeep]\n|-heal|p2a: Glaceon|64/100|[from] ability: Ice Body\n|-heal|p2a: Glaceon|70/100|[from] item: Leftovers\n|upkeep\n|turn|4\n|inactive|Bluemxst22 has 30 seconds left.\n|inactive|KennarDH has 30 seconds left.\n|\n|t:|1776549689\n|move|p2b: Slowking|Protect|p2b: Slowking\n|-singleturn|p2b: Slowking|Protect\n|cant|p1b: Aegislash|frz\n|move|p2a: Glaceon|Blizzard|p1a: Kangaskhan|[spread] p1a,p1b\n|-resisted|p1b: Aegislash|1\n|-crit|p1b: Aegislash\n|-damage|p1a: Kangaskhan|5/100\n|-damage|p1b: Aegislash|1/100 frz\n|move|p1a: Kangaskhan|Double-Edge|p2b: Slowking\n|-activate|p2b: Slowking|move: Protect\n|\n|-weather|Snowscape|[upkeep]\n|-heal|p2a: Glaceon|76/100|[from] ability: Ice Body\n|-heal|p2a: Glaceon|82/100|[from] item: Leftovers\n|upkeep\n|turn|5\n|\n|t:|1776549704\n|cant|p1b: Aegislash|frz\n|move|p1a: Kangaskhan|Sucker Punch|p2a: Glaceon\n|-damage|p2a: Glaceon|73/100\n|-damage|p2a: Glaceon|71/100\n|-hitcount|p2a: Glaceon|2\n|move|p2b: Slowking|Scald|p1a: Kangaskhan\n|-damage|p1a: Kangaskhan|0 fnt\n|faint|p1a: Kangaskhan\n|move|p2a: Glaceon|Blizzard|p1b: Aegislash\n|-resisted|p1b: Aegislash|1\n|-damage|p1b: Aegislash|0 fnt\n|faint|p1b: Aegislash\n|\n|-weather|none\n|-heal|p2a: Glaceon|77/100|[from] item: Leftovers\n|-sideend|p2: KennarDH|move: Aurora Veil\n|upkeep\n|\n|t:|1776549721\n|switch|p1b: Milotic|Milotic, L50, F, shiny|100/100\n|switch|p1a: Aerodactyl|Aerodactyl, L50, M|100/100\n|-ability|p1a: Aerodactyl|Unnerve\n|turn|6\n|\n|t:|1776549740\n|move|p1a: Aerodactyl|Protect|p1a: Aerodactyl\n|-singleturn|p1a: Aerodactyl|Protect\n|move|p2b: Slowking|Scald|p1a: Aerodactyl\n|-activate|p1a: Aerodactyl|move: Protect\n|move|p2a: Glaceon|Freeze-Dry|p1b: Milotic\n|-supereffective|p1b: Milotic|1\n|-crit|p1b: Milotic\n|-damage|p1b: Milotic|26/100\n|move|p1b: Milotic|Scald|p2b: Slowking\n|-resisted|p2b: Slowking|1\n|-damage|p2b: Slowking|33/100\n|-status|p2b: Slowking|brn\n|\n|-heal|p2a: Glaceon|83/100|[from] item: Leftovers\n|-heal|p1b: Milotic|32/100|[from] item: Leftovers\n|-damage|p2b: Slowking|27/100 brn|[from] brn\n|upkeep\n|turn|7\n|\n|t:|1776549760\n|move|p1b: Milotic|Protect|p1b: Milotic\n|-singleturn|p1b: Milotic|Protect\n|move|p1a: Aerodactyl|Protect||[still]\n|-fail|p1a: Aerodactyl\n|-prepare|p2b: Slowking|Chilly Reception|[premajor]\n|move|p2b: Slowking|Chilly Reception|p2b: Slowking\n|-weather|Snowscape\n|\n|t:|1776549768\n|switch|p2b: Raichu|Raichu-Alola, L50, M|100/100|[from] Chilly Reception\n|move|p2a: Glaceon|Blizzard|p1b: Milotic|[spread] p1a\n|-activate|p1b: Milotic|move: Protect\n|-supereffective|p1a: Aerodactyl|1\n|-enditem|p1a: Aerodactyl|Focus Sash\n|-damage|p1a: Aerodactyl|1/100\n|\n|-weather|Snowscape|[upkeep]\n|-heal|p2a: Glaceon|89/100|[from] ability: Ice Body\n|-heal|p2a: Glaceon|95/100|[from] item: Leftovers\n|-heal|p1b: Milotic|38/100|[from] item: Leftovers\n|-fieldend|move: Trick Room\n|upkeep\n|turn|8\n|\n|t:|1776549784\n|move|p1a: Aerodactyl|Protect|p1a: Aerodactyl\n|-singleturn|p1a: Aerodactyl|Protect\n|move|p2b: Raichu|Fake Out|p1a: Aerodactyl\n|-activate|p1a: Aerodactyl|move: Protect\n|move|p1b: Milotic|Recover|p1b: Milotic\n|-heal|p1b: Milotic|88/100\n|move|p2a: Glaceon|Freeze-Dry|p1b: Milotic\n|-supereffective|p1b: Milotic|1\n|-damage|p1b: Milotic|40/100\n|\n|-weather|Snowscape|[upkeep]\n|-heal|p2a: Glaceon|100/100|[from] ability: Ice Body\n|-heal|p1b: Milotic|46/100|[from] item: Leftovers\n|upkeep\n|turn|9\n|\n|t:|1776549799\n|move|p1a: Aerodactyl|Rock Slide|p2a: Glaceon|[spread] p2a,p2b\n|-supereffective|p2a: Glaceon|1\n|-damage|p2a: Glaceon|73/100\n|-damage|p2b: Raichu|47/100\n|move|p2b: Raichu|Volt Switch|p1b: Milotic\n|-supereffective|p1b: Milotic|1\n|-damage|p1b: Milotic|4/100\n|\n|t:|1776549808\n|switch|p2b: Slowking|Slowking, L50, F|27/100 brn|[from] Volt Switch\n|move|p1b: Milotic|Recover|p1b: Milotic\n|-heal|p1b: Milotic|54/100\n|move|p2a: Glaceon|Blizzard|p1a: Aerodactyl|[spread] p1a,p1b\n|-supereffective|p1a: Aerodactyl|1\n|-resisted|p1b: Milotic|1\n|-damage|p1a: Aerodactyl|0 fnt\n|-damage|p1b: Milotic|39/100\n|faint|p1a: Aerodactyl\n|\n|-weather|Snowscape|[upkeep]\n|-heal|p2a: Glaceon|78/100|[from] ability: Ice Body\n|-heal|p1b: Milotic|45/100|[from] item: Leftovers\n|-heal|p2a: Glaceon|84/100|[from] item: Leftovers\n|-damage|p2b: Slowking|21/100 brn|[from] brn\n|upkeep\n|turn|10\n|-message|Bluemxst22 forfeited.\n|\n|win|KennarDH\n|raw|Bluemxst22's rating: 1215 &rarr; <strong>1195</strong><br />(-20 for losing)\n|raw|KennarDH's rating: 1284 &rarr; <strong>1304</strong><br />(+20 for winning)\n|l|\u2606Bluemxst22\n|player|p1|\n",
  "uploadtime": 1776549826,
  "views": 13,
  "formatid": "gen9championsvgc2026regma",
  "rating": 1195,
  "private": 0,
  "password": null
}