{
  "id": "gen9championsvgc2026regma-2580465185",
  "format": "[Gen 9 Champions] VGC 2026 Reg M-A",
  "players": [
    "jiayezi007",
    "kawadino"
  ],
  "log": "|j|\u2606jiayezi007\n|j|\u2606kawadino\n|t:|1775900612\n|gametype|doubles\n|player|p1|jiayezi007|1|1083\n|player|p2|kawadino|265|1057\n|gen|9\n|tier|[Gen 9 Champions] VGC 2026 Reg M-A\n|rated|\n|rule|Species Clause: Limit one of each Pok\u00e9mon\n|rule|Item Clause: Limit 1 of each item\n|clearpoke\n|poke|p1|Garchomp, L50, F|\n|poke|p1|Charizard, L50, F|\n|poke|p1|Milotic, L50, F|\n|poke|p1|Sneasler, L50, F|\n|poke|p1|Whimsicott, L50, F|\n|poke|p1|Incineroar, L50, M|\n|poke|p2|Tyranitar, L50, F|\n|poke|p2|Excadrill, L50, F|\n|poke|p2|Sinistcha, L50|\n|poke|p2|Incineroar, L50, M|\n|poke|p2|Rotom-Wash, L50|\n|poke|p2|Garchomp, L50, M|\n|teampreview|4\n|inactive|Battle timer is ON: inactive players will automatically lose when time's up. (requested by jiayezi007)\njiayezi007 has agreed to open team sheets.\n|\n|t:|1775900625\n|teamsize|p1|4\n|teamsize|p2|4\n|start\n|switch|p1a: Milotic|Milotic, L50, F, shiny|100/100\n|switch|p1b: Whimsicott|Whimsicott, L50, F, shiny|100/100\n|switch|p2a: Incineroar|Incineroar, L50, M|100/100\n|switch|p2b: Sinistcha|Sinistcha, L50|100/100\n|-ability|p2a: Incineroar|Intimidate|boost\n|-unboost|p1a: Milotic|atk|1\n|-ability|p1a: Milotic|Competitive|boost\n|-boost|p1a: Milotic|spa|2\n|-unboost|p1b: Whimsicott|atk|1\n|turn|1\n|\n|t:|1775900634\n|move|p2a: Incineroar|Fake Out|p1a: Milotic\n|-damage|p1a: Milotic|93/100\n|move|p1b: Whimsicott|Tailwind|p1b: Whimsicott\n|-sidestart|p1: jiayezi007|move: Tailwind\n|cant|p1a: Milotic|flinch\n|move|p2b: Sinistcha|Matcha Gotcha|p1a: Milotic|[spread] p1a,p1b\n|-supereffective|p1a: Milotic|1\n|-resisted|p1b: Whimsicott|1\n|-damage|p1a: Milotic|59/100\n|-damage|p1b: Whimsicott|86/100\n|\n|-heal|p1a: Milotic|65/100|[from] item: Leftovers\n|upkeep\n|turn|2\n|inactive|jiayezi007 has 30 seconds left.\n|inactive|jiayezi007 has 20 seconds left.\n|\n|t:|1775900669\n|move|p1b: Whimsicott|Moonblast|p2b: Sinistcha\n|-damage|p2b: Sinistcha|66/100\n|move|p1a: Milotic|Coil|p1a: Milotic\n|-boost|p1a: Milotic|atk|1\n|-boost|p1a: Milotic|def|1\n|-boost|p1a: Milotic|accuracy|1\n|move|p2b: Sinistcha|Matcha Gotcha|p1a: Milotic|[spread] p1a,p1b\n|-supereffective|p1a: Milotic|1\n|-crit|p1a: Milotic\n|-resisted|p1b: Whimsicott|1\n|-damage|p1a: Milotic|5/100\n|-heal|p2b: Sinistcha|99/100|[from] drain|[of] p1a: Milotic\n|-damage|p1b: Whimsicott|71/100\n|-heal|p2b: Sinistcha|100/100|[from] drain|[of] p1b: Whimsicott\n|move|p2a: Incineroar|Flare Blitz|p1b: Whimsicott\n|-supereffective|p1b: Whimsicott|1\n|-damage|p1b: Whimsicott|0 fnt\n|faint|p1b: Whimsicott\n|-damage|p2a: Incineroar|81/100|[from] Recoil\n|\n|-heal|p1a: Milotic|11/100|[from] item: Leftovers\n|upkeep\n|\n|t:|1775900679\n|switch|p1b: Garchomp|Garchomp, L50, F|100/100\n|turn|3\n|inactive|kawadino has 30 seconds left.\n|\n|t:|1775900707\n|move|p1b: Garchomp|Rock Slide|p2b: Sinistcha|[spread] p2a,p2b\n|-supereffective|p2a: Incineroar|1\n|-crit|p2a: Incineroar\n|-damage|p2a: Incineroar|23/100\n|-damage|p2b: Sinistcha|86/100\n|move|p1a: Milotic|Recover|p1a: Milotic\n|-heal|p1a: Milotic|61/100\n|cant|p2b: Sinistcha|flinch\n|move|p2a: Incineroar|Parting Shot|p1b: Garchomp\n|-unboost|p1b: Garchomp|atk|1\n|-unboost|p1b: Garchomp|spa|1\n|\n|t:|1775900718\n|switch|p2a: Tyranitar|Tyranitar, L50, F|100/100|[from] Parting Shot\n|-weather|Sandstorm|[from] ability: Sand Stream|[of] p2a: Tyranitar\n|\n|-weather|Sandstorm|[upkeep]\n|-damage|p1a: Milotic|55/100|[from] Sandstorm\n|-damage|p2b: Sinistcha|80/100|[from] Sandstorm\n|-heal|p1a: Milotic|61/100|[from] item: Leftovers\n|-heal|p2b: Sinistcha|86/100|[from] item: Leftovers\n|upkeep\n|turn|4\n|\n|t:|1775900742\n|move|p1b: Garchomp|Rock Slide|p2a: Tyranitar|[spread] p2a\n|-miss|p1b: Garchomp|p2b: Sinistcha\n|-damage|p2a: Tyranitar|87/100\n|move|p1a: Milotic|Hydro Pump|p2a: Tyranitar\n|-supereffective|p2a: Tyranitar|1\n|-damage|p2a: Tyranitar|4/100\n|move|p2b: Sinistcha|Matcha Gotcha|p1a: Milotic|[spread] p1a,p1b\n|-supereffective|p1a: Milotic|1\n|-damage|p1a: Milotic|26/100\n|-heal|p2b: Sinistcha|100/100|[from] drain|[of] p1a: Milotic\n|-damage|p1b: Garchomp|72/100\n|-status|p1b: Garchomp|brn\n|cant|p2a: Tyranitar|flinch\n|\n|-weather|Sandstorm|[upkeep]\n|-damage|p1a: Milotic|20/100|[from] Sandstorm\n|-damage|p2b: Sinistcha|94/100|[from] Sandstorm\n|-heal|p1a: Milotic|26/100|[from] item: Leftovers\n|-heal|p2b: Sinistcha|100/100|[from] item: Leftovers\n|-damage|p1b: Garchomp|66/100 brn|[from] brn\n|-sideend|p1: jiayezi007|move: Tailwind\n|upkeep\n|turn|5\n|inactive|kawadino has 30 seconds left.\n|inactive|kawadino has 20 seconds left.\n|\n|t:|1775900781\n|switch|p2a: Incineroar|Incineroar, L50, M|23/100\n|-ability|p2a: Incineroar|Intimidate|boost\n|-unboost|p1a: Milotic|atk|1\n|-ability|p1a: Milotic|Competitive|boost\n|-boost|p1a: Milotic|spa|2\n|-unboost|p1b: Garchomp|atk|1\n|move|p1b: Garchomp|Rock Slide|p2b: Sinistcha|[spread] p2a,p2b\n|-supereffective|p2a: Incineroar|1\n|-damage|p2a: Incineroar|12/100\n|-damage|p2b: Sinistcha|97/100\n|move|p1a: Milotic|Recover|p1a: Milotic\n|-heal|p1a: Milotic|76/100\n|move|p2b: Sinistcha|Life Dew|p2b: Sinistcha|[spread] p2a,p2b\n|-heal|p2a: Incineroar|38/100\n|-heal|p2b: Sinistcha|100/100\n|\n|-weather|Sandstorm|[upkeep]\n|-damage|p1a: Milotic|70/100|[from] Sandstorm\n|-damage|p2b: Sinistcha|94/100|[from] Sandstorm\n|-damage|p2a: Incineroar|32/100|[from] Sandstorm\n|-heal|p1a: Milotic|76/100|[from] item: Leftovers\n|-heal|p2b: Sinistcha|100/100|[from] item: Leftovers\n|-damage|p1b: Garchomp|60/100 brn|[from] brn\n|upkeep\n|turn|6\n|inactive|jiayezi007 has 30 seconds left.\n|\n|t:|1775900806\n|switch|p1b: Charizard|Charizard, L50, F|100/100\n|move|p2a: Incineroar|Fake Out|p1a: Milotic\n|-damage|p1a: Milotic|70/100\n|cant|p1a: Milotic|flinch\n|move|p2b: Sinistcha|Matcha Gotcha|p1b: Charizard|[spread] p1a,p1b\n|-supereffective|p1a: Milotic|1\n|-resisted|p1b: Charizard|2\n|-damage|p1a: Milotic|37/100\n|-damage|p1b: Charizard|93/100\n|-status|p1a: Milotic|brn\n|\n|-weather|Sandstorm|[upkeep]\n|-damage|p1b: Charizard|87/100|[from] Sandstorm\n|-damage|p1a: Milotic|31/100 brn|[from] Sandstorm\n|-damage|p2b: Sinistcha|94/100|[from] Sandstorm\n|-damage|p2a: Incineroar|26/100|[from] Sandstorm\n|-heal|p1a: Milotic|37/100 brn|[from] item: Leftovers\n|-heal|p2b: Sinistcha|100/100|[from] item: Leftovers\n|-damage|p1a: Milotic|31/100 brn|[from] brn\n|upkeep\n|turn|7\n|\n|t:|1775900827\n|switch|p2b: Excadrill|Excadrill, L50, F|100/100\n|move|p1b: Charizard|Protect|p1b: Charizard\n|-singleturn|p1b: Charizard|Protect\n|move|p1a: Milotic|Recover|p1a: Milotic\n|-heal|p1a: Milotic|81/100 brn\n|move|p2a: Incineroar|Parting Shot|p1b: Charizard\n|-activate|p1b: Charizard|move: Protect\n|\n|-weather|none\n|-heal|p1a: Milotic|87/100 brn|[from] item: Leftovers\n|-damage|p1a: Milotic|81/100 brn|[from] brn\n|upkeep\n|turn|8\n|inactive|jiayezi007 has 30 seconds left.\n|inactive|kawadino has 30 seconds left.\n|inactive|jiayezi007 has 20 seconds left.\n|\n|t:|1775900865\n|detailschange|p1b: Charizard|Charizard-Mega-Y, L50, F\n|-mega|p1b: Charizard|Charizard|Charizardite Y\n|-weather|SunnyDay|[from] ability: Drought|[of] p1b: Charizard\n|move|p1b: Charizard|Solar Beam||[still]\n|-prepare|p1b: Charizard|Solar Beam\n|-anim|p1b: Charizard|Solar Beam|p2b: Excadrill\n|-damage|p2b: Excadrill|38/100\n|move|p2b: Excadrill|Rock Slide|p1b: Charizard|[spread] p1a,p1b\n|-supereffective|p1b: Charizard|2\n|-damage|p1a: Milotic|71/100 brn\n|-damage|p1b: Charizard|0 fnt\n|faint|p1b: Charizard\n|move|p1a: Milotic|Hydro Pump|p2b: Excadrill\n|-supereffective|p2b: Excadrill|1\n|-damage|p2b: Excadrill|0 fnt\n|faint|p2b: Excadrill\n|move|p2a: Incineroar|Parting Shot|p1a: Milotic\n|-unboost|p1a: Milotic|atk|1\n|-ability|p1a: Milotic|Competitive|boost\n|-boost|p1a: Milotic|spa|2\n|-unboost|p1a: Milotic|spa|1\n|-ability|p1a: Milotic|Competitive|boost\n|-boost|p1a: Milotic|spa|1\n|\n|t:|1775900874\n|switch|p2a: Tyranitar|Tyranitar, L50, F|4/100|[from] Parting Shot\n|-weather|Sandstorm|[from] ability: Sand Stream|[of] p2a: Tyranitar\n|\n|-weather|Sandstorm|[upkeep]\n|-damage|p1a: Milotic|65/100 brn|[from] Sandstorm\n|-heal|p1a: Milotic|71/100 brn|[from] item: Leftovers\n|-damage|p1a: Milotic|65/100 brn|[from] brn\n|upkeep\n|\n|t:|1775900879\n|switch|p1b: Garchomp|Garchomp, L50, F|60/100 brn\n|switch|p2b: Incineroar|Incineroar, L50, M|26/100\n|-ability|p2b: Incineroar|Intimidate|boost\n|-unboost|p1a: Milotic|atk|1\n|-boost|p1a: Milotic|spa|0\n|-unboost|p1b: Garchomp|atk|1\n|turn|9\n|\n|t:|1775900892\n|switch|p2a: Sinistcha|Sinistcha, L50|100/100\n|-heal|p2b: Incineroar|50/100|[from] ability: Hospitality|[of] p2a: Sinistcha\n|move|p2b: Incineroar|Fake Out|p1b: Garchomp\n|-damage|p1b: Garchomp|48/100 brn\n|-damage|p2b: Incineroar|38/100|[from] ability: Rough Skin|[of] p1b: Garchomp\n|cant|p1b: Garchomp|flinch\n|move|p1a: Milotic|Hydro Pump|p2b: Incineroar\n|-supereffective|p2b: Incineroar|1\n|-crit|p2b: Incineroar\n|-enditem|p2b: Incineroar|Passho Berry|[eat]\n|-enditem|p2b: Incineroar|Passho Berry|[weaken]\n|-damage|p2b: Incineroar|0 fnt\n|faint|p2b: Incineroar\n|\n|-weather|Sandstorm|[upkeep]\n|-damage|p1a: Milotic|59/100 brn|[from] Sandstorm\n|-damage|p2a: Sinistcha|94/100|[from] Sandstorm\n|-heal|p1a: Milotic|65/100 brn|[from] item: Leftovers\n|-heal|p2a: Sinistcha|100/100|[from] item: Leftovers\n|-damage|p1b: Garchomp|42/100 brn|[from] brn\n|-damage|p1a: Milotic|59/100 brn|[from] brn\n|upkeep\n|\n|t:|1775900903\n|switch|p2b: Tyranitar|Tyranitar, L50, F|4/100\n|turn|10\n|\n|t:|1775900911\n|move|p1b: Garchomp|Rock Slide|p2b: Tyranitar|[spread] p2a,p2b\n|-damage|p2a: Sinistcha|96/100\n|-damage|p2b: Tyranitar|0 fnt\n|faint|p2b: Tyranitar\n|move|p1a: Milotic|Hydro Pump|p2a: Sinistcha\n|-resisted|p2a: Sinistcha|1\n|-damage|p2a: Sinistcha|5/100\n|cant|p2a: Sinistcha|flinch\n|\n|-weather|Sandstorm|[upkeep]\n|-damage|p1a: Milotic|53/100 brn|[from] Sandstorm\n|-damage|p2a: Sinistcha|0 fnt|[from] Sandstorm\n|faint|p2a: Sinistcha\n|\n|win|jiayezi007\n|raw|jiayezi007's rating: 1083 &rarr; <strong>1108</strong><br />(+25 for winning)\n|raw|kawadino's rating: 1057 &rarr; <strong>1040</strong><br />(-17 for losing)\n|l|\u2606kawadino\n|player|p2|\n",
  "uploadtime": 1775900929,
  "views": 20,
  "formatid": "gen9championsvgc2026regma",
  "rating": 1040,
  "private": 0,
  "password": null
}