{
  "id": "gen9championsvgc2026regma-2587801954",
  "format": "[Gen 9 Champions] VGC 2026 Reg M-A",
  "players": [
    "ShinyLucari00",
    "holibrand"
  ],
  "log": "|j|\u2606ShinyLucari00\n|j|\u2606holibrand\n|t:|1776565452\n|gametype|doubles\n|player|p1|ShinyLucari00|169|1338\n|player|p2|holibrand|pokemonbreeder-gen4|1282\n|gen|9\n|tier|[Gen 9 Champions] VGC 2026 Reg M-A\n|rated|\n|rule|Species Clause: Limit one of each Pok\u00e9mon\n|rule|Item Clause: Limit 1 of each item\n|clearpoke\n|poke|p1|Aerodactyl, L50, M|\n|poke|p1|Floette-Eternal, L50, F|\n|poke|p1|Incineroar, L50, M, shiny|\n|poke|p1|Kingambit, L50, M, shiny|\n|poke|p1|Basculegion, L50, M|\n|poke|p1|Garchomp, L50, M|\n|poke|p2|Floette-Eternal, L50, F|\n|poke|p2|Sinistcha, L50|\n|poke|p2|Scizor, L50, F|\n|poke|p2|Sneasler, L50, F|\n|poke|p2|Aerodactyl, L50, M|\n|poke|p2|Incineroar, L50, F|\n|teampreview|4\n|inactive|Battle timer is ON: inactive players will automatically lose when time's up. (requested by holibrand)\n|inactive|ShinyLucari00 has 60 seconds left.\n|\n|t:|1776565487\n|teamsize|p1|4\n|teamsize|p2|4\n|start\n|switch|p1a: Aerodactyl|Aerodactyl, L50, M|100/100\n|switch|p1b: Basculegion|Basculegion, L50, M|100/100\n|switch|p2a: Sneasler|Sneasler, L50, F|100/100\n|switch|p2b: Incineroar|Incineroar, L50, F|100/100\n|-ability|p1a: Aerodactyl|Unnerve\n|turn|1\n|\n|t:|1776565505\n|switch|p2b: Sinistcha|Sinistcha, L50|100/100\n|move|p1a: Aerodactyl|Protect|p1a: Aerodactyl\n|-singleturn|p1a: Aerodactyl|Protect\n|move|p2a: Sneasler|Dire Claw|p1b: Basculegion\n|-resisted|p1b: Basculegion|1\n|-damage|p1b: Basculegion|76/100\n|-status|p1b: Basculegion|slp\n|cant|p1b: Basculegion|slp\n|\n|upkeep\n|turn|2\n|c|\u2606ShinyLucari00|lol nice\n|\n|t:|1776565524\n|switch|p2a: Floette|Floette-Eternal, L50, F|100/100\n|move|p1a: Aerodactyl|Dual Wingbeat|p2a: Floette\n|-damage|p2a: Floette|81/100\n|-damage|p2a: Floette|63/100\n|-hitcount|p2a: Floette|2\n|-curestatus|p1b: Basculegion|slp|[msg]\n|move|p1b: Basculegion|Last Respects|p2b: Sinistcha\n|-supereffective|p2b: Sinistcha|1\n|-damage|p2b: Sinistcha|42/100\n|move|p2b: Sinistcha|Matcha Gotcha|p1a: Aerodactyl|[spread] p1b\n|-miss|p2b: Sinistcha|p1a: Aerodactyl\n|-supereffective|p1b: Basculegion|1\n|-damage|p1b: Basculegion|25/100\n|-heal|p2b: Sinistcha|72/100|[from] drain|[of] p1b: Basculegion\n|-status|p1b: Basculegion|brn\n|\n|-damage|p1b: Basculegion|18/100 brn|[from] brn\n|upkeep\n|turn|3\n|inactive|ShinyLucari00 has 30 seconds left.\n|inactive|holibrand has 30 seconds left.\n|\n|t:|1776565554\n|detailschange|p2a: Floette|Floette-Mega, L50, F\n|-mega|p2a: Floette|Floette|Floettite\n|-ability|p2a: Floette|Fairy Aura\n|move|p1a: Aerodactyl|Dual Wingbeat|p2b: Sinistcha|[miss]\n|-miss|p1a: Aerodactyl|p2b: Sinistcha\n|move|p1b: Basculegion|Last Respects|p2a: Floette\n|-damage|p2a: Floette|47/100\n|move|p2a: Floette|Dazzling Gleam|p1a: Aerodactyl|[spread] p1a,p1b\n|-damage|p1a: Aerodactyl|36/100\n|-damage|p1b: Basculegion|0 fnt\n|faint|p1b: Basculegion\n|move|p2b: Sinistcha|Life Dew|p2b: Sinistcha|[spread] p2a,p2b\n|-heal|p2a: Floette|72/100\n|-heal|p2b: Sinistcha|98/100\n|\n|upkeep\n|\n|t:|1776565569\n|switch|p1b: Floette|Floette-Eternal, L50, F|100/100\n|turn|4\n|\n|t:|1776565584\n|detailschange|p1b: Floette|Floette-Mega, L50, F\n|-mega|p1b: Floette|Floette|Floettite\n|-ability|p1b: Floette|Fairy Aura\n|move|p1a: Aerodactyl|Rock Slide|p2b: Sinistcha|[spread] p2a,p2b\n|-damage|p2a: Floette|50/100\n|-damage|p2b: Sinistcha|77/100\n|cant|p2a: Floette|flinch\n|move|p1b: Floette|Dazzling Gleam|p2b: Sinistcha|[spread] p2a,p2b\n|-damage|p2a: Floette|10/100\n|-damage|p2b: Sinistcha|29/100\n|move|p2b: Sinistcha|Life Dew|p2b: Sinistcha|[spread] p2a,p2b\n|-heal|p2a: Floette|35/100\n|-heal|p2b: Sinistcha|54/100\n|\n|upkeep\n|turn|5\n|\n|t:|1776565608\n|switch|p2a: Incineroar|Incineroar, L50, F|100/100\n|move|p1a: Aerodactyl|Tailwind|p1a: Aerodactyl\n|-sidestart|p1: ShinyLucari00|move: Tailwind\n|move|p1b: Floette|Dazzling Gleam|p2a: Incineroar|[spread] p2a,p2b\n|-damage|p2a: Incineroar|58/100\n|-damage|p2b: Sinistcha|4/100\n|move|p2b: Sinistcha|Matcha Gotcha|p1b: Floette|[spread] p1a,p1b\n|-damage|p1a: Aerodactyl|0 fnt\n|-heal|p2b: Sinistcha|20/100|[from] drain|[of] p1a: Aerodactyl\n|-damage|p1b: Floette|83/100\n|-heal|p2b: Sinistcha|29/100|[from] drain|[of] p1b: Floette\n|-enditem|p2b: Sinistcha|Sitrus Berry|[eat]\n|-heal|p2b: Sinistcha|54/100|[from] item: Sitrus Berry\n|faint|p1a: Aerodactyl\n|\n|upkeep\n|\n|t:|1776565624\n|switch|p1a: Garchomp|Garchomp, L50, M|100/100\n|turn|6\n|\n|t:|1776565628\n|move|p1a: Garchomp|Protect|p1a: Garchomp\n|-singleturn|p1a: Garchomp|Protect\n|move|p1b: Floette|Protect|p1b: Floette\n|-singleturn|p1b: Floette|Protect\n|move|p2a: Incineroar|Fake Out|p1a: Garchomp\n|-activate|p1a: Garchomp|move: Protect\n|move|p2b: Sinistcha|Matcha Gotcha|p1a: Garchomp|[spread] \n|-activate|p1a: Garchomp|move: Protect\n|-activate|p1b: Floette|move: Protect\n|\n|upkeep\n|turn|7\n|inactive|holibrand has 30 seconds left.\n|inactive|holibrand has 20 seconds left.\n|inactive|holibrand has 15 seconds left.\n|inactive|holibrand has 10 seconds left.\n|inactive|holibrand has 5 seconds left.\n|\n|t:|1776565681\n|move|p1a: Garchomp|Stomping Tantrum|p2a: Incineroar\n|-supereffective|p2a: Incineroar|1\n|-enditem|p2a: Incineroar|Shuca Berry|[eat]\n|-enditem|p2a: Incineroar|Shuca Berry|[weaken]\n|-damage|p2a: Incineroar|24/100\n|move|p1b: Floette|Moonblast|p2b: Sinistcha\n|-damage|p2b: Sinistcha|0 fnt\n|faint|p2b: Sinistcha\n|move|p2a: Incineroar|Will-O-Wisp|p1a: Garchomp\n|-status|p1a: Garchomp|brn\n|\n|-damage|p1a: Garchomp|94/100 brn|[from] brn\n|upkeep\n|\n|t:|1776565699\n|switch|p2b: Floette|Floette-Mega, L50, F|35/100\n|-ability|p2b: Floette|Fairy Aura\n|turn|8\n|\n|t:|1776565707\n|move|p2b: Floette|Protect|p2b: Floette\n|-singleturn|p2b: Floette|Protect\n|move|p1a: Garchomp|Rock Slide|p2b: Floette|[spread] p2a\n|-activate|p2b: Floette|move: Protect\n|-supereffective|p2a: Incineroar|1\n|-damage|p2a: Incineroar|8/100\n|move|p1b: Floette|Dazzling Gleam|p2a: Incineroar|[spread] p2a\n|-activate|p2b: Floette|move: Protect\n|-damage|p2a: Incineroar|0 fnt\n|faint|p2a: Incineroar\n|\n|-damage|p1a: Garchomp|88/100 brn|[from] brn\n|-sideend|p1: ShinyLucari00|move: Tailwind\n|upkeep\n|\n|t:|1776565718\n|switch|p2a: Sneasler|Sneasler, L50, F|100/100\n|turn|9\n|\n|t:|1776565730\n|move|p1b: Floette|Protect|p1b: Floette\n|-singleturn|p1b: Floette|Protect\n|move|p2a: Sneasler|Fake Out|p1a: Garchomp\n|-damage|p1a: Garchomp|73/100 brn\n|-damage|p2a: Sneasler|88/100|[from] ability: Rough Skin|[of] p1a: Garchomp\n|cant|p1a: Garchomp|flinch\n|move|p2b: Floette|Calm Mind|p2b: Floette\n|-boost|p2b: Floette|spa|1\n|-boost|p2b: Floette|spd|1\n|\n|-damage|p1a: Garchomp|67/100 brn|[from] brn\n|upkeep\n|turn|10\n|inactive|holibrand has 30 seconds left.\n|\n|t:|1776565759\n|move|p2a: Sneasler|Dire Claw|p1b: Floette\n|-supereffective|p1b: Floette|1\n|-crit|p1b: Floette\n|-damage|p1b: Floette|0 fnt\n|faint|p1b: Floette\n|move|p1a: Garchomp|Stomping Tantrum|p2a: Sneasler\n|-supereffective|p2a: Sneasler|1\n|-damage|p2a: Sneasler|0 fnt\n|faint|p2a: Sneasler\n|move|p2b: Floette|Dazzling Gleam|p1a: Garchomp\n|-supereffective|p1a: Garchomp|1\n|-damage|p1a: Garchomp|0 fnt\n|faint|p1a: Garchomp\n|\n|win|holibrand\n|raw|ShinyLucari00's rating: 1338 &rarr; <strong>1315</strong><br />(-23 for losing)\n|raw|holibrand's rating: 1282 &rarr; <strong>1311</strong><br />(+29 for winning)\n|l|\u2606ShinyLucari00\n|player|p1|\n",
  "uploadtime": 1776565777,
  "views": 17,
  "formatid": "gen9championsvgc2026regma",
  "rating": 1311,
  "private": 0,
  "password": null
}