{
  "id": "gen9championsvgc2026regma-2582626502",
  "format": "[Gen 9 Champions] VGC 2026 Reg M-A",
  "players": [
    "Nachofrize",
    "Asiga"
  ],
  "log": "|j|\u2606Nachofrize\n|j|\u2606Asiga\n|t:|1776103486\n|gametype|doubles\n|player|p1|Nachofrize|cynthia|1040\n|player|p2|Asiga|ghetsis|1000\n|gen|9\n|tier|[Gen 9 Champions] VGC 2026 Reg M-A\n|rated|\n|rule|Species Clause: Limit one of each Pok\u00e9mon\n|rule|Item Clause: Limit 1 of each item\n|clearpoke\n|poke|p1|Lopunny, L50, F|\n|poke|p1|Slowking, L50, M|\n|poke|p1|Hydreigon, L50, F|\n|poke|p1|Kleavor, L50, M|\n|poke|p1|Rotom-Frost, L50|\n|poke|p1|Dragonite, L50, F|\n|poke|p2|Pelipper, L50, F|\n|poke|p2|Feraligatr, L50, F|\n|poke|p2|Incineroar, L50, M|\n|poke|p2|Venusaur, L50, M|\n|poke|p2|Basculegion, L50, M|\n|poke|p2|Sableye, L50, F|\n|teampreview|4\n|\n|t:|1776103555\n|teamsize|p1|4\n|teamsize|p2|4\n|start\n|switch|p1a: Lopunny|Lopunny, L50, F|100/100\n|switch|p1b: Hydreigon|Hydreigon, L50, F|100/100\n|switch|p2a: Incineroar|Incineroar, L50, M|100/100\n|switch|p2b: Pelipper|Pelipper, L50, F, shiny|100/100\n|-weather|RainDance|[from] ability: Drizzle|[of] p2b: Pelipper\n|-ability|p2a: Incineroar|Intimidate|boost\n|-unboost|p1a: Lopunny|atk|1\n|-unboost|p1b: Hydreigon|atk|1\n|turn|1\n|\n|t:|1776103612\n|detailschange|p1a: Lopunny|Lopunny-Mega, L50, F\n|-mega|p1a: Lopunny|Lopunny|Lopunnite\n|move|p2b: Pelipper|Protect|p2b: Pelipper\n|-singleturn|p2b: Pelipper|Protect\n|move|p1a: Lopunny|Fake Out|p2a: Incineroar\n|-damage|p2a: Incineroar|85/100\n|cant|p2a: Incineroar|flinch\n|move|p1b: Hydreigon|Dark Pulse|p2b: Pelipper\n|-activate|p2b: Pelipper|move: Protect\n|\n|-weather|RainDance|[upkeep]\n|upkeep\n|turn|2\n|\n|t:|1776103641\n|move|p1b: Hydreigon|Dark Pulse|p2b: Pelipper\n|-damage|p2b: Pelipper|41/100\n|move|p1a: Lopunny|U-turn|p2a: Incineroar\n|-damage|p2a: Incineroar|68/100\n|\n|t:|1776103647\n|switch|p1a: Slowking|Slowking, L50, M|100/100|[from] U-turn\n|move|p2b: Pelipper|U-turn|p1a: Slowking\n|-supereffective|p1a: Slowking|1\n|-crit|p1a: Slowking\n|-damage|p1a: Slowking|75/100\n|\n|t:|1776103657\n|switch|p2b: Feraligatr|Feraligatr, L50, F|100/100|[from] U-turn\n|move|p2a: Incineroar|Parting Shot|p1b: Hydreigon\n|-unboost|p1b: Hydreigon|atk|1\n|-unboost|p1b: Hydreigon|spa|1\n|\n|t:|1776103668\n|switch|p2a: Sableye|Sableye, L50, F, shiny|100/100|[from] Parting Shot\n|\n|-weather|RainDance|[upkeep]\n|upkeep\n|turn|3\n|\n|t:|1776103688\n|detailschange|p2b: Feraligatr|Feraligatr-Mega, L50, F\n|-mega|p2b: Feraligatr|Feraligatr|Feraligite\n|move|p2a: Sableye|Fake Out|p1b: Hydreigon\n|-damage|p1b: Hydreigon|91/100\n|cant|p1b: Hydreigon|flinch\n|move|p2b: Feraligatr|Double-Edge|p1b: Hydreigon\n|-supereffective|p1b: Hydreigon|1\n|-damage|p1b: Hydreigon|0 fnt\n|faint|p1b: Hydreigon\n|-damage|p2b: Feraligatr|71/100|[from] Recoil\n|-prepare|p1a: Slowking|Chilly Reception|[premajor]\n|move|p1a: Slowking|Chilly Reception|p1a: Slowking\n|-weather|Snowscape\n|\n|t:|1776103703\n|switch|p1a: Lopunny|Lopunny-Mega, L50, F|100/100|[from] Chilly Reception\n|\n|-weather|Snowscape|[upkeep]\n|upkeep\n|\n|t:|1776103706\n|switch|p1b: Rotom|Rotom-Frost, L50|100/100\n|turn|4\n|\n|t:|1776103723\n|switch|p2b: Incineroar|Incineroar, L50, M|68/100\n|-ability|p2b: Incineroar|Intimidate|boost\n|-fail|p1a: Lopunny|unboost|Attack|[from] ability: Scrappy|[of] p1a: Lopunny\n|-unboost|p1b: Rotom|atk|1\n|move|p1a: Lopunny|Fake Out|p2b: Incineroar\n|-damage|p2b: Incineroar|46/100\n|move|p1b: Rotom|Electroweb|p2b: Incineroar|[spread] p2a,p2b\n|-damage|p2a: Sableye|74/100\n|-damage|p2b: Incineroar|27/100\n|-unboost|p2a: Sableye|spe|1\n|-unboost|p2b: Incineroar|spe|1\n|move|p2a: Sableye|Rain Dance|p2a: Sableye\n|-weather|RainDance\n|\n|-weather|RainDance|[upkeep]\n|upkeep\n|turn|5\n|\n|t:|1776103760\n|move|p2b: Incineroar|Fake Out|p1b: Rotom\n|-damage|p1b: Rotom|87/100\n|move|p1a: Lopunny|U-turn|p2b: Incineroar\n|-damage|p2b: Incineroar|3/100\n|\n|t:|1776103765\n|switch|p1a: Slowking|Slowking, L50, M|100/100|[from] U-turn\n|cant|p1b: Rotom|flinch\n|move|p2a: Sableye|Encore||[still]\n|-fail|p2a: Sableye\n|\n|-weather|RainDance|[upkeep]\n|-heal|p1b: Rotom|93/100|[from] item: Leftovers\n|upkeep\n|turn|6\n|-message|Asiga forfeited.\n|\n|win|Nachofrize\n|raw|Nachofrize's rating: 1040 &rarr; <strong>1070</strong><br />(+30 for winning)\n|raw|Asiga's rating: 1000 &rarr; <strong>1000</strong><br />(+0 for losing)\n|l|\u2606Asiga\n|player|p2|\n",
  "uploadtime": 1776103797,
  "views": 13,
  "formatid": "gen9championsvgc2026regma",
  "rating": 1000,
  "private": 0,
  "password": null
}