{
  "id": "gen9championsvgc2026regma-2588618045",
  "format": "[Gen 9 Champions] VGC 2026 Reg M-A",
  "players": [
    "adalove",
    "thelagger"
  ],
  "log": "|j|\u2606adalove\n|j|\u2606thelagger\n|t:|1776650608\n|gametype|doubles\n|player|p1|adalove|dragontamer|1197\n|player|p2|thelagger|acetrainerf|1138\n|gen|9\n|tier|[Gen 9 Champions] VGC 2026 Reg M-A\n|rated|\n|rule|Species Clause: Limit one of each Pok\u00e9mon\n|rule|Item Clause: Limit 1 of each item\n|clearpoke\n|poke|p1|Tyranitar, L50, M|\n|poke|p1|Excadrill, L50, M|\n|poke|p1|Corviknight, L50, F|\n|poke|p1|Milotic, L50, F|\n|poke|p1|Farigiraf, L50, F|\n|poke|p1|Floette-Eternal, L50, F|\n|poke|p2|Floette-Eternal, L50, F|\n|poke|p2|Aerodactyl, L50, M|\n|poke|p2|Incineroar, L50, M|\n|poke|p2|Sneasler, L50, M|\n|poke|p2|Garchomp, L50, M|\n|poke|p2|Basculegion, L50, M|\n|teampreview|4\n|inactive|Battle timer is ON: inactive players will automatically lose when time's up. (requested by adalove)\nadalove rejected open team sheets.\n|\n|t:|1776650630\n|teamsize|p1|4\n|teamsize|p2|4\n|start\n|switch|p1a: Corviknight|Corviknight, L50, F|100/100\n|switch|p1b: Milotic|Milotic, L50, F|100/100\n|switch|p2a: Floette|Floette-Eternal, L50, F|100/100\n|switch|p2b: Aerodactyl|Aerodactyl, L50, M|100/100\n|-ability|p2b: Aerodactyl|Unnerve\n|turn|1\n|inactive|adalove has 30 seconds left.\n|inactive|adalove has 20 seconds left.\n|inactive|adalove has 15 seconds left.\n|\n|t:|1776650671\n|detailschange|p2a: Floette|Floette-Mega, L50, F\n|-mega|p2a: Floette|Floette|Floettite\n|-ability|p2a: Floette|Fairy Aura\n|move|p2b: Aerodactyl|Tailwind|p2b: Aerodactyl\n|-sidestart|p2: thelagger|move: Tailwind\n|move|p2a: Floette|Dazzling Gleam|p1b: Milotic|[spread] p1a,p1b\n|-resisted|p1a: Corviknight|1\n|-damage|p1a: Corviknight|77/100\n|-damage|p1b: Milotic|68/100\n|move|p1b: Milotic|Scald|p2b: Aerodactyl\n|-supereffective|p2b: Aerodactyl|1\n|-damage|p2b: Aerodactyl|8/100\n|move|p1a: Corviknight|Tailwind|p1a: Corviknight\n|-sidestart|p1: adalove|move: Tailwind\n|\n|-heal|p1b: Milotic|74/100|[from] item: Leftovers\n|upkeep\n|turn|2\n|inactive|adalove has 30 seconds left.\n|\n|t:|1776650701\n|move|p2b: Aerodactyl|Rock Slide|p1b: Milotic|[spread] p1a,p1b\n|-damage|p1a: Corviknight|59/100\n|-damage|p1b: Milotic|47/100\n|move|p2a: Floette|Dazzling Gleam|p1a: Corviknight|[spread] p1a,p1b\n|-resisted|p1a: Corviknight|1\n|-damage|p1a: Corviknight|34/100\n|-damage|p1b: Milotic|11/100\n|move|p1b: Milotic|Scald|p2b: Aerodactyl\n|-supereffective|p2b: Aerodactyl|1\n|-damage|p2b: Aerodactyl|0 fnt\n|-enditem|p1a: Corviknight|Sitrus Berry|[eat]\n|-heal|p1a: Corviknight|59/100|[from] item: Sitrus Berry\n|faint|p2b: Aerodactyl\n|cant|p1a: Corviknight|flinch\n|\n|-heal|p1b: Milotic|18/100|[from] item: Leftovers\n|upkeep\n|\n|t:|1776650715\n|switch|p2b: Basculegion|Basculegion, L50, M|100/100\n|turn|3\n|\n|t:|1776650737\n|move|p1b: Milotic|Protect|p1b: Milotic\n|-singleturn|p1b: Milotic|Protect\n|move|p2b: Basculegion|Last Respects|p1a: Corviknight\n|-damage|p1a: Corviknight|14/100\n|move|p2a: Floette|Dazzling Gleam|p1a: Corviknight|[spread] p1a\n|-activate|p1b: Milotic|move: Protect\n|-resisted|p1a: Corviknight|1\n|-damage|p1a: Corviknight|0 fnt\n|faint|p1a: Corviknight\n|\n|-heal|p1b: Milotic|24/100|[from] item: Leftovers\n|upkeep\n|\n|t:|1776650748\n|switch|p1a: Tyranitar|Tyranitar, L50, M|100/100\n|-weather|Sandstorm|[from] ability: Sand Stream|[of] p1a: Tyranitar\n|turn|4\n|\n|t:|1776650772\n|switch|p2b: Garchomp|Garchomp, L50, M|100/100\n|switch|p1b: Excadrill|Excadrill, L50, M|100/100\n|move|p1a: Tyranitar|Protect|p1a: Tyranitar\n|-singleturn|p1a: Tyranitar|Protect\n|move|p2a: Floette|Dazzling Gleam|p1a: Tyranitar|[spread] p1b\n|-activate|p1a: Tyranitar|move: Protect\n|-resisted|p1b: Excadrill|1\n|-damage|p1b: Excadrill|63/100\n|\n|-weather|Sandstorm|[upkeep]\n|-damage|p2a: Floette|94/100|[from] Sandstorm\n|-sideend|p1: adalove|move: Tailwind\n|-sideend|p2: thelagger|move: Tailwind\n|upkeep\n|turn|5\n|\n|t:|1776650796\n|detailschange|p1a: Tyranitar|Tyranitar-Mega, L50, M\n|-mega|p1a: Tyranitar|Tyranitar|Tyranitarite\n|move|p2a: Floette|Protect|p2a: Floette\n|-singleturn|p2a: Floette|Protect\n|move|p1b: Excadrill|Iron Head|p2a: Floette\n|-activate|p2a: Floette|move: Protect\n|move|p2b: Garchomp|Earthquake|p1b: Excadrill|[spread] p1a,p1b\n|-activate|p2a: Floette|move: Protect\n|-supereffective|p1a: Tyranitar|1\n|-supereffective|p1b: Excadrill|1\n|-damage|p1a: Tyranitar|56/100\n|-damage|p1b: Excadrill|0 fnt\n|faint|p1b: Excadrill\n|move|p1a: Tyranitar|Knock Off|p2b: Garchomp\n|-damage|p2b: Garchomp|44/100\n|-damage|p1a: Tyranitar|43/100|[from] ability: Rough Skin|[of] p2b: Garchomp\n|-enditem|p2b: Garchomp|Haban Berry|[from] move: Knock Off|[of] p1a: Tyranitar\n|\n|-weather|Sandstorm|[upkeep]\n|-damage|p2a: Floette|88/100|[from] Sandstorm\n|upkeep\n|\n|t:|1776650812\n|switch|p1b: Milotic|Milotic, L50, F|24/100\n|turn|6\n|\n|t:|1776650820\n|move|p1a: Tyranitar|Protect|p1a: Tyranitar\n|-singleturn|p1a: Tyranitar|Protect\n|move|p2b: Garchomp|Dragon Claw|p1a: Tyranitar\n|-activate|p1a: Tyranitar|move: Protect\n|move|p2a: Floette|Dazzling Gleam|p1b: Milotic|[spread] p1b\n|-activate|p1a: Tyranitar|move: Protect\n|-damage|p1b: Milotic|0 fnt\n|faint|p1b: Milotic\n|\n|-weather|Sandstorm|[upkeep]\n|-damage|p2a: Floette|82/100|[from] Sandstorm\n|upkeep\n|turn|7\n|\n|t:|1776650832\n|move|p2b: Garchomp|Dragon Claw|p1a: Tyranitar\n|-damage|p1a: Tyranitar|17/100\n|move|p2a: Floette|Moonblast|p1a: Tyranitar\n|-supereffective|p1a: Tyranitar|1\n|-damage|p1a: Tyranitar|0 fnt\n|faint|p1a: Tyranitar\n|\n|win|thelagger\n|raw|adalove's rating: 1197 &rarr; <strong>1168</strong><br />(-29 for losing)\n|raw|thelagger's rating: 1138 &rarr; <strong>1167</strong><br />(+29 for winning)\n",
  "uploadtime": 1776650833,
  "views": 4,
  "formatid": "gen9championsvgc2026regma",
  "rating": 1167,
  "private": 0,
  "password": null
}