{
  "id": "gen9championsvgc2026regma-2583168023",
  "format": "[Gen 9 Champions] VGC 2026 Reg M-A",
  "players": [
    "WizardGibby",
    "Medoy_2"
  ],
  "log": "|j|\u2606WizardGibby\n|j|\u2606Medoy_2\n|t:|1776150291\n|gametype|doubles\n|player|p1|WizardGibby|scientistf|1088\n|player|p2|Medoy_2|dancer|1047\n|gen|9\n|tier|[Gen 9 Champions] VGC 2026 Reg M-A\n|rated|\n|rule|Species Clause: Limit one of each Pok\u00e9mon\n|rule|Item Clause: Limit 1 of each item\n|clearpoke\n|poke|p1|Gengar, L50, F|\n|poke|p1|Politoed, L50, M|\n|poke|p1|Clefable, L50, M|\n|poke|p1|Basculegion, L50, M|\n|poke|p1|Sneasler, L50, M|\n|poke|p1|Heliolisk, L50, F|\n|poke|p2|Kangaskhan, L50, F|\n|poke|p2|Sinistcha, L50|\n|poke|p2|Sneasler, L50, F|\n|poke|p2|Talonflame, L50, M|\n|poke|p2|Floette-Eternal, L50, F|\n|poke|p2|Incineroar, L50, M|\n|teampreview|4\n|\n|t:|1776150313\n|teamsize|p1|4\n|teamsize|p2|4\n|start\n|switch|p1a: Politoed|Politoed, L50, M|100/100\n|switch|p1b: Heliolisk|Heliolisk, L50, F|100/100\n|switch|p2a: Floette|Floette-Eternal, L50, F|100/100\n|switch|p2b: Sinistcha|Sinistcha, L50|100/100\n|-weather|RainDance|[from] ability: Drizzle|[of] p1a: Politoed\n|turn|1\n|\n|t:|1776150331\n|detailschange|p2a: Floette|Floette-Mega, L50, F\n|-mega|p2a: Floette|Floette|Floettite\n|-ability|p2a: Floette|Fairy Aura\n|move|p1a: Politoed|Protect|p1a: Politoed\n|-singleturn|p1a: Politoed|Protect\n|move|p2b: Sinistcha|Rage Powder|p2b: Sinistcha\n|-singleturn|p2b: Sinistcha|move: Rage Powder\n|move|p1b: Heliolisk|Shed Tail|p1b: Heliolisk\n|-start|p1b: Heliolisk|Substitute|[from] move: Shed Tail\n|-damage|p1b: Heliolisk|50/100\n|-enditem|p1b: Heliolisk|Sitrus Berry|[eat]\n|-heal|p1b: Heliolisk|75/100|[from] item: Sitrus Berry\n|\n|t:|1776150345\n|switch|p1b: Gengar|Gengar, L50, F|100/100|[from] Shed Tail\n|move|p2a: Floette|Calm Mind|p2a: Floette\n|-boost|p2a: Floette|spa|1\n|-boost|p2a: Floette|spd|1\n|\n|-weather|RainDance|[upkeep]\n|upkeep\n|turn|2\n|\n|t:|1776150357\n|detailschange|p1b: Gengar|Gengar-Mega, L50, F\n|-mega|p1b: Gengar|Gengar|Gengarite\n|move|p1b: Gengar|Perish Song|p1b: Gengar\n|-start|p1a: Politoed|perish3|[silent]\n|-start|p1b: Gengar|perish3|[silent]\n|-start|p2a: Floette|perish3|[silent]\n|-start|p2b: Sinistcha|perish3|[silent]\n|-fieldactivate|move: Perish Song\n|move|p2a: Floette|Dazzling Gleam|p1a: Politoed|[spread] p1a,p1b\n|-resisted|p1b: Gengar|1\n|-end|p1b: Gengar|Substitute\n|-damage|p1a: Politoed|40/100\n|move|p1a: Politoed|Encore|p2a: Floette\n|-start|p2a: Floette|Encore\n|move|p2b: Sinistcha|Matcha Gotcha|p1a: Politoed|[spread] p1a,p1b\n|-supereffective|p1a: Politoed|1\n|-resisted|p1b: Gengar|1\n|-damage|p1a: Politoed|0 fnt\n|-damage|p1b: Gengar|88/100\n|faint|p1a: Politoed\n|\n|-weather|RainDance|[upkeep]\n|-start|p1b: Gengar|perish3\n|-start|p2a: Floette|perish3\n|-start|p2b: Sinistcha|perish3\n|upkeep\n|\n|t:|1776150382\n|switch|p1a: Sneasler|Sneasler, L50, M|100/100\n|turn|3\n|\n|t:|1776150393\n|move|p1a: Sneasler|Fake Out|p2a: Floette\n|-damage|p2a: Floette|82/100\n|move|p1b: Gengar|Disable|p2a: Floette\n|-start|p2a: Floette|Disable|Dazzling Gleam\n|cant|p2a: Floette|flinch\n|move|p2b: Sinistcha|Matcha Gotcha|p1b: Gengar|[spread] p1a,p1b\n|-resisted|p1a: Sneasler|1\n|-resisted|p1b: Gengar|1\n|-damage|p1a: Sneasler|85/100\n|-damage|p1b: Gengar|76/100\n|\n|-weather|RainDance|[upkeep]\n|-start|p1b: Gengar|perish2\n|-start|p2a: Floette|perish2\n|-start|p2b: Sinistcha|perish2\n|upkeep\n|turn|4\n|\n|t:|1776150426\n|move|p1b: Gengar|Protect|p1b: Gengar\n|-singleturn|p1b: Gengar|Protect\n|move|p1a: Sneasler|Dire Claw|p2b: Sinistcha\n|-crit|p2b: Sinistcha\n|-damage|p2b: Sinistcha|44/100\n|-status|p2b: Sinistcha|psn|[from] ability: Poison Touch|[of] p1a: Sneasler\n|-activate|p2a: Floette|move: Struggle\n|move|p2a: Floette|Struggle|p1b: Gengar\n|-activate|p1b: Gengar|move: Protect\n|move|p2b: Sinistcha|Matcha Gotcha|p1b: Gengar|[spread] p1a\n|-activate|p1b: Gengar|move: Protect\n|-resisted|p1a: Sneasler|1\n|-damage|p1a: Sneasler|69/100\n|-heal|p2b: Sinistcha|52/100 psn|[from] drain|[of] p1a: Sneasler\n|\n|-weather|RainDance|[upkeep]\n|-heal|p2b: Sinistcha|58/100 psn|[from] item: Leftovers\n|-damage|p2b: Sinistcha|45/100 psn|[from] psn\n|-start|p1b: Gengar|perish1\n|-start|p2a: Floette|perish1\n|-start|p2b: Sinistcha|perish1\n|upkeep\n|turn|5\n|\n|t:|1776150456\n|switch|p1b: Heliolisk|Heliolisk, L50, F|75/100\n|switch|p2b: Incineroar|Incineroar, L50, M|100/100\n|-ability|p2b: Incineroar|Intimidate|boost\n|-unboost|p1a: Sneasler|atk|1\n|-unboost|p1b: Heliolisk|atk|1\n|move|p1a: Sneasler|Dire Claw|p2a: Floette\n|-supereffective|p2a: Floette|1\n|-damage|p2a: Floette|5/100\n|-status|p2a: Floette|slp\n|cant|p2a: Floette|slp\n|\n|-weather|none\n|-end|p2a: Floette|Encore\n|-start|p2a: Floette|perish0\n|upkeep\n|faint|p2a: Floette\n|\n|t:|1776150471\n|switch|p2a: Sneasler|Sneasler, L50, F|100/100\n|turn|6\n|\n|t:|1776150483\n|move|p2b: Incineroar|Fake Out|p1b: Heliolisk\n|-damage|p1b: Heliolisk|49/100\n|move|p2a: Sneasler|Acrobatics|p1a: Sneasler\n|-supereffective|p1a: Sneasler|1\n|-damage|p1a: Sneasler|0 fnt\n|faint|p1a: Sneasler\n|cant|p1b: Heliolisk|flinch\n|\n|upkeep\n|\n|t:|1776150492\n|switch|p1a: Gengar|Gengar-Mega, L50, F|76/100\n|turn|7\n|\n|t:|1776150506\n|move|p2a: Sneasler|Dire Claw|p1b: Heliolisk\n|-damage|p1b: Heliolisk|0 fnt\n|faint|p1b: Heliolisk\n|move|p1a: Gengar|Disable|p2a: Sneasler\n|-start|p2a: Sneasler|Disable|Dire Claw\n|move|p2b: Incineroar|Throat Chop|p1a: Gengar\n|-supereffective|p1a: Gengar|1\n|-damage|p1a: Gengar|0 fnt\n|faint|p1a: Gengar\n|\n|win|Medoy_2\n|raw|WizardGibby's rating: 1088 &rarr; <strong>1062</strong><br />(-26 for losing)\n|raw|Medoy_2's rating: 1047 &rarr; <strong>1084</strong><br />(+37 for winning)\n",
  "uploadtime": 1776150518,
  "views": 21,
  "formatid": "gen9championsvgc2026regma",
  "rating": 1062,
  "private": 0,
  "password": null
}