{
  "id": "gen9championsvgc2026regma-2586357186",
  "format": "[Gen 9 Champions] VGC 2026 Reg M-A",
  "players": [
    "OberonYaoi",
    "Trabgiaco"
  ],
  "log": "|j|\u2606OberonYaoi\n|j|\u2606Trabgiaco\n|t:|1776428418\n|gametype|doubles\n|player|p1|OberonYaoi|n|1083\n|player|p2|Trabgiaco|169|1104\n|gen|9\n|tier|[Gen 9 Champions] VGC 2026 Reg M-A\n|rated|\n|rule|Species Clause: Limit one of each Pok\u00e9mon\n|rule|Item Clause: Limit 1 of each item\n|clearpoke\n|poke|p1|Trevenant, L50, F|\n|poke|p1|Empoleon, L50, F|\n|poke|p1|Incineroar, L50, M|\n|poke|p1|Sneasler, L50, M|\n|poke|p1|Drampa, L50, F|\n|poke|p1|Scovillain, L50, F|\n|poke|p2|Tsareena, L50, F|\n|poke|p2|Palafin, L50, M|\n|poke|p2|Lucario, L50, F|\n|poke|p2|Incineroar, L50, F|\n|poke|p2|Dragapult, L50, M|\n|poke|p2|Whimsicott, L50, F|\n|teampreview|4\nOberonYaoi rejected open team sheets.\n|\n|t:|1776428455\n|teamsize|p1|4\n|teamsize|p2|4\n|start\n|switch|p1a: Drampa|Drampa, L50, F|100/100\n|switch|p1b: Scovillain|Scovillain, L50, F|100/100\n|switch|p2a: Tsareena|Tsareena, L50, F|100/100\n|switch|p2b: Palafin|Palafin, L50, M|100/100\n|-ability|p1a: Drampa|Cloud Nine\n|turn|1\n|\n|t:|1776428476\n|detailschange|p1b: Scovillain|Scovillain-Mega, L50, F\n|-mega|p1b: Scovillain|Scovillain|Scovillainite\n|move|p1b: Scovillain|Rage Powder|p1b: Scovillain\n|-singleturn|p1b: Scovillain|move: Rage Powder\n|move|p2b: Palafin|Flip Turn|p1b: Scovillain\n|-damage|p1b: Scovillain|74/100\n|-status|p2b: Palafin|brn|[from] ability: Spicy Spray|[of] p1b: Scovillain\n|\n|t:|1776428485\n|detailschange|p2b: Palafin|Palafin-Hero, L50, M\n|switch|p2b: Dragapult|Dragapult, L50, M|100/100|[from] Flip Turn\n|move|p2a: Tsareena|Triple Axel|p1a: Drampa\n|-supereffective|p1a: Drampa|1\n|-damage|p1a: Drampa|87/100\n|-supereffective|p1a: Drampa|1\n|-damage|p1a: Drampa|63/100\n|-supereffective|p1a: Drampa|1\n|-damage|p1a: Drampa|27/100\n|-hitcount|p1a: Drampa|3\n|move|p1a: Drampa|Calm Mind|p1a: Drampa\n|-boost|p1a: Drampa|spa|1\n|-boost|p1a: Drampa|spd|1\n|\n|-heal|p1a: Drampa|33/100|[from] item: Leftovers\n|upkeep\n|turn|2\n|\n|t:|1776428512\n|move|p1a: Drampa|Protect|p1a: Drampa\n|-singleturn|p1a: Drampa|Protect\n|move|p2b: Dragapult|Dragon Darts|p1b: Scovillain\n|-damage|p1b: Scovillain|41/100\n|-status|p2b: Dragapult|brn|[from] ability: Spicy Spray|[of] p1b: Scovillain\n|-anim|p2b: Dragapult|Dragon Darts|p1b: Scovillain\n|-damage|p1b: Scovillain|24/100\n|move|p1b: Scovillain|Flamethrower|p2a: Tsareena\n|-supereffective|p2a: Tsareena|1\n|-damage|p2a: Tsareena|13/100\n|move|p2a: Tsareena|Taunt|p1b: Scovillain\n|-start|p1b: Scovillain|move: Taunt\n|\n|-heal|p1a: Drampa|39/100|[from] item: Leftovers\n|-damage|p2b: Dragapult|94/100 brn|[from] brn\n|upkeep\n|turn|3\n|\n|t:|1776428538\n|move|p2b: Dragapult|Dragon Darts|p1a: Drampa\n|-supereffective|p1a: Drampa|1\n|-damage|p1a: Drampa|8/100\n|-anim|p2b: Dragapult|Dragon Darts|p1b: Scovillain\n|-damage|p1b: Scovillain|5/100\n|move|p1b: Scovillain|Flamethrower|p2a: Tsareena\n|-supereffective|p2a: Tsareena|1\n|-damage|p2a: Tsareena|0 fnt\n|faint|p2a: Tsareena\n|move|p1a: Drampa|Ice Beam|p2b: Dragapult\n|-supereffective|p2b: Dragapult|1\n|-damage|p2b: Dragapult|0 fnt\n|faint|p2b: Dragapult\n|\n|-heal|p1a: Drampa|14/100|[from] item: Leftovers\n|upkeep\n|\n|t:|1776428554\n|switch|p2b: Lucario|Lucario, L50, F|100/100\n|switch|p2a: Palafin|Palafin-Hero, L50, M|100/100 brn\n|-activate|p2a: Palafin|ability: Zero to Hero\n|turn|4\n|\n|t:|1776428575\n|detailschange|p2b: Lucario|Lucario-Mega, L50, F\n|-mega|p2b: Lucario|Lucario|Lucarionite\n|move|p1a: Drampa|Protect|p1a: Drampa\n|-singleturn|p1a: Drampa|Protect\n|move|p2b: Lucario|Vacuum Wave|p1a: Drampa\n|-activate|p1a: Drampa|move: Protect\n|move|p2a: Palafin|Wave Crash|p1b: Scovillain\n|-damage|p1b: Scovillain|0 fnt\n|faint|p1b: Scovillain\n|-damage|p2a: Palafin|99/100 brn|[from] Recoil\n|\n|-heal|p1a: Drampa|19/100|[from] item: Leftovers\n|-damage|p2a: Palafin|93/100 brn|[from] brn\n|upkeep\n|\n|t:|1776428591\n|switch|p1b: Trevenant|Trevenant, L50, F|100/100\n|turn|5\n|\n|t:|1776428608\n|move|p2a: Palafin|Wave Crash|p1a: Drampa\n|-resisted|p1a: Drampa|1\n|-damage|p1a: Drampa|0 fnt\n|faint|p1a: Drampa\n|-damage|p2a: Palafin|88/100 brn|[from] Recoil\n|move|p2b: Lucario|Flash Cannon|p1b: Trevenant\n|-damage|p1b: Trevenant|35/100\n|-enditem|p1b: Trevenant|Sitrus Berry|[eat]\n|-heal|p1b: Trevenant|60/100|[from] item: Sitrus Berry\n|move|p1b: Trevenant|Leech Seed|p2b: Lucario\n|-start|p2b: Lucario|move: Leech Seed\n|\n|-damage|p2b: Lucario|88/100|[from] Leech Seed|[of] p1b: Trevenant\n|-heal|p1b: Trevenant|69/100|[silent]\n|-damage|p2a: Palafin|81/100 brn|[from] brn\n|upkeep\n|\n|t:|1776428622\n|switch|p1a: Empoleon|Empoleon, L50, F|100/100\n|turn|6\n|\n|t:|1776428637\n|move|p1b: Trevenant|Protect|p1b: Trevenant\n|-singleturn|p1b: Trevenant|Protect\n|move|p1a: Empoleon|Aqua Jet|p2b: Lucario\n|-damage|p2b: Lucario|68/100\n|move|p2a: Palafin|Wave Crash|p1b: Trevenant\n|-activate|p1b: Trevenant|move: Protect\n|move|p2b: Lucario|Aura Sphere|p1a: Empoleon\n|-supereffective|p1a: Empoleon|1\n|-damage|p1a: Empoleon|0 fnt\n|faint|p1a: Empoleon\n|\n|-damage|p2b: Lucario|56/100|[from] Leech Seed|[of] p1b: Trevenant\n|-heal|p1b: Trevenant|79/100|[silent]\n|-damage|p2a: Palafin|75/100 brn|[from] brn\n|-item|p1b: Trevenant|Sitrus Berry|[from] ability: Harvest\n|upkeep\n|turn|7\n|\n|t:|1776428657\n|move|p2a: Palafin|Wave Crash|p1b: Trevenant\n|-resisted|p1b: Trevenant|1\n|-damage|p1b: Trevenant|61/100\n|-damage|p2a: Palafin|69/100 brn|[from] Recoil\n|move|p2b: Lucario|Flash Cannon|p1b: Trevenant\n|-damage|p1b: Trevenant|4/100\n|-enditem|p1b: Trevenant|Sitrus Berry|[eat]\n|-heal|p1b: Trevenant|29/100|[from] item: Sitrus Berry\n|move|p1b: Trevenant|Substitute|p1b: Trevenant\n|-start|p1b: Trevenant|Substitute\n|-damage|p1b: Trevenant|4/100\n|\n|-damage|p2b: Lucario|43/100|[from] Leech Seed|[of] p1b: Trevenant\n|-heal|p1b: Trevenant|13/100|[silent]\n|-damage|p2a: Palafin|63/100 brn|[from] brn\n|-item|p1b: Trevenant|Sitrus Berry|[from] ability: Harvest\n|upkeep\n|-enditem|p1b: Trevenant|Sitrus Berry|[eat]\n|-heal|p1b: Trevenant|38/100|[from] item: Sitrus Berry\n|turn|8\n|\n|t:|1776428678\n|move|p2a: Palafin|Wave Crash|p1b: Trevenant\n|-resisted|p1b: Trevenant|1\n|-activate|p1b: Trevenant|move: Substitute|[damage]\n|-damage|p2a: Palafin|57/100 brn|[from] Recoil|[of] p1b: Trevenant\n|move|p2b: Lucario|Flash Cannon|p1b: Trevenant\n|-end|p1b: Trevenant|Substitute\n|move|p1b: Trevenant|Leech Seed|p2a: Palafin\n|-start|p2a: Palafin|move: Leech Seed\n|\n|-damage|p2a: Palafin|44/100 brn|[from] Leech Seed|[of] p1b: Trevenant\n|-heal|p1b: Trevenant|49/100|[silent]\n|-damage|p2b: Lucario|31/100|[from] Leech Seed|[of] p1b: Trevenant\n|-heal|p1b: Trevenant|59/100|[silent]\n|-damage|p2a: Palafin|38/100 brn|[from] brn\n|upkeep\n|turn|9\n|\n|t:|1776428695\n|move|p1b: Trevenant|Protect|p1b: Trevenant\n|-singleturn|p1b: Trevenant|Protect\n|move|p2a: Palafin|Wave Crash|p1b: Trevenant\n|-activate|p1b: Trevenant|move: Protect\n|move|p2b: Lucario|Flash Cannon|p1b: Trevenant\n|-activate|p1b: Trevenant|move: Protect\n|\n|-damage|p2a: Palafin|26/100 brn|[from] Leech Seed|[of] p1b: Trevenant\n|-heal|p1b: Trevenant|70/100|[silent]\n|-damage|p2b: Lucario|19/100|[from] Leech Seed|[of] p1b: Trevenant\n|-heal|p1b: Trevenant|80/100|[silent]\n|-damage|p2a: Palafin|20/100 brn|[from] brn\n|-item|p1b: Trevenant|Sitrus Berry|[from] ability: Harvest\n|upkeep\n|turn|10\n|\n|t:|1776428712\n|move|p2a: Palafin|Wave Crash|p1b: Trevenant\n|-resisted|p1b: Trevenant|1\n|-damage|p1b: Trevenant|64/100\n|-damage|p2a: Palafin|14/100 brn|[from] Recoil\n|move|p2b: Lucario|Flash Cannon|p1b: Trevenant\n|-damage|p1b: Trevenant|2/100\n|-unboost|p1b: Trevenant|spd|1\n|-enditem|p1b: Trevenant|Sitrus Berry|[eat]\n|-heal|p1b: Trevenant|27/100|[from] item: Sitrus Berry\n|move|p1b: Trevenant|Substitute|p1b: Trevenant\n|-start|p1b: Trevenant|Substitute\n|-damage|p1b: Trevenant|2/100\n|\n|-damage|p2a: Palafin|2/100 brn|[from] Leech Seed|[of] p1b: Trevenant\n|-heal|p1b: Trevenant|14/100|[silent]\n|-damage|p2b: Lucario|7/100|[from] Leech Seed|[of] p1b: Trevenant\n|-heal|p1b: Trevenant|23/100|[silent]\n|-damage|p2a: Palafin|0 fnt|[from] brn\n|faint|p2a: Palafin\n|-item|p1b: Trevenant|Sitrus Berry|[from] ability: Harvest\n|upkeep\n|-enditem|p1b: Trevenant|Sitrus Berry|[eat]\n|-heal|p1b: Trevenant|48/100|[from] item: Sitrus Berry\n|turn|11\n|\n|t:|1776428736\n|move|p1b: Trevenant|Protect|p1b: Trevenant\n|-singleturn|p1b: Trevenant|Protect\n|move|p2b: Lucario|Flash Cannon|p1b: Trevenant\n|-activate|p1b: Trevenant|move: Protect\n|\n|-damage|p2b: Lucario|0 fnt|[from] Leech Seed|[of] p1b: Trevenant\n|-heal|p1b: Trevenant|53/100|[silent]\n|faint|p2b: Lucario\n|\n|win|OberonYaoi\n|raw|OberonYaoi's rating: 1083 &rarr; <strong>1112</strong><br />(+29 for winning)\n|raw|Trabgiaco's rating: 1104 &rarr; <strong>1077</strong><br />(-27 for losing)\n|c|\u2606OberonYaoi|how did this happen\n|c|\u2606OberonYaoi|like actually\n|l|\u2606Trabgiaco\n|player|p2|\n|c|\u2606OberonYaoi|trevenant is a hidden gem there's no way\n",
  "uploadtime": 1776428760,
  "views": 37,
  "formatid": "gen9championsvgc2026regma",
  "rating": 1077,
  "private": 0,
  "password": null
}