{
  "id": "gen9championsvgc2026regma-2580416336",
  "format": "[Gen 9 Champions] VGC 2026 Reg M-A",
  "players": [
    "doralemon 0.0",
    "LetMeWinPls3000"
  ],
  "log": "|j|\u2606doralemon 0.0\n|j|\u2606LetMeWinPls3000\n|t:|1775893214\n|gametype|doubles\n|player|p1|doralemon 0.0|hilbert|1056\n|player|p2|LetMeWinPls3000|265|1028\n|gen|9\n|tier|[Gen 9 Champions] VGC 2026 Reg M-A\n|rated|\n|rule|Species Clause: Limit one of each Pok\u00e9mon\n|rule|Item Clause: Limit 1 of each item\n|clearpoke\n|poke|p1|Floette-Eternal, L50, F|\n|poke|p1|Incineroar, L50, M|\n|poke|p1|Milotic, L50, M|\n|poke|p1|Espathra, L50, F|\n|poke|p1|Farigiraf, L50, F|\n|poke|p1|Ceruledge, L50, F|\n|poke|p2|Charizard, L50, M|\n|poke|p2|Torkoal, L50, M|\n|poke|p2|Typhlosion-Hisui, L50, F|\n|poke|p2|Incineroar, L50, M|\n|poke|p2|Whimsicott, L50, F|\n|poke|p2|Venusaur, L50, F|\n|teampreview|4\ndoralemon 0.0 rejected open team sheets.\n|inactive|Battle timer is ON: inactive players will automatically lose when time's up. (requested by doralemon 0.0)\n|inactive|LetMeWinPls3000 has 60 seconds left.\n|inactive|LetMeWinPls3000 has 30 seconds left.\n|\n|t:|1775893284\n|teamsize|p1|4\n|teamsize|p2|4\n|start\n|switch|p1a: Farigiraf|Farigiraf, L50, F|100/100\n|switch|p1b: Espathra|Espathra, L50, F|100/100\n|switch|p2a: Torkoal|Torkoal, L50, M, shiny|100/100\n|switch|p2b: Typhlosion|Typhlosion-Hisui, L50, F, shiny|100/100\n|-weather|SunnyDay|[from] ability: Drought|[of] p2a: Torkoal\n|turn|1\n|\n|t:|1775893298\n|move|p2a: Torkoal|Helping Hand|p2b: Typhlosion\n|-singleturn|p2b: Typhlosion|Helping Hand|[of] p2a: Torkoal\n|move|p1b: Espathra|Protect|p1b: Espathra\n|-singleturn|p1b: Espathra|Protect\n|move|p2b: Typhlosion|Eruption|p1b: Espathra|[spread] p1a\n|-activate|p1b: Espathra|move: Protect\n|-damage|p1a: Farigiraf|0 fnt\n|faint|p1a: Farigiraf\n|\n|-weather|SunnyDay|[upkeep]\n|-ability|p1b: Espathra|Speed Boost|boost\n|-boost|p1b: Espathra|spe|1\n|upkeep\n|\n|t:|1775893309\n|switch|p1a: Ceruledge|Ceruledge, L50, F|100/100\n|turn|2\n|\n|t:|1775893333\n|move|p1b: Espathra|Calm Mind|p1b: Espathra\n|-boost|p1b: Espathra|spa|1\n|-boost|p1b: Espathra|spd|1\n|move|p2b: Typhlosion|Shadow Ball|p1a: Ceruledge\n|-supereffective|p1a: Ceruledge|1\n|-damage|p1a: Ceruledge|27/100\n|move|p1a: Ceruledge|Phantom Force||[still]\n|-prepare|p1a: Ceruledge|Phantom Force\n|move|p2a: Torkoal|Eruption|p1a: Ceruledge|[spread] p1b\n|-miss|p2a: Torkoal|p1a: Ceruledge\n|-damage|p1b: Espathra|37/100\n|\n|-weather|SunnyDay|[upkeep]\n|-heal|p1b: Espathra|43/100|[from] item: Leftovers\n|-ability|p1b: Espathra|Speed Boost|boost\n|-boost|p1b: Espathra|spe|1\n|upkeep\n|turn|3\n|\n|t:|1775893352\n|move|p1b: Espathra|Protect|p1b: Espathra\n|-singleturn|p1b: Espathra|Protect\n|move|p2b: Typhlosion|Protect|p2b: Typhlosion\n|-singleturn|p2b: Typhlosion|Protect\n|move|p2a: Torkoal|Protect|p2a: Torkoal\n|-singleturn|p2a: Torkoal|Protect\n|move|p1a: Ceruledge|Phantom Force|p2b: Typhlosion|[from] lockedmove\n|-activate|p2b: Typhlosion|move: Phantom Force|[broken]\n|-supereffective|p2b: Typhlosion|1\n|-damage|p2b: Typhlosion|0 fnt\n|faint|p2b: Typhlosion\n|\n|-weather|SunnyDay|[upkeep]\n|-heal|p1b: Espathra|49/100|[from] item: Leftovers\n|-ability|p1b: Espathra|Speed Boost|boost\n|-boost|p1b: Espathra|spe|1\n|upkeep\n|\n|t:|1775893374\n|switch|p2b: Venusaur|Venusaur, L50, F, shiny|100/100\n|turn|4\n|\n|t:|1775893396\n|move|p1b: Espathra|Lumina Crash|p2b: Venusaur\n|-supereffective|p2b: Venusaur|1\n|-damage|p2b: Venusaur|17/100\n|-unboost|p2b: Venusaur|spd|2\n|move|p2b: Venusaur|Solar Beam||[still]\n|-prepare|p2b: Venusaur|Solar Beam\n|-anim|p2b: Venusaur|Solar Beam|p1a: Ceruledge\n|-resisted|p1a: Ceruledge|1\n|-crit|p1a: Ceruledge\n|-damage|p1a: Ceruledge|0 fnt\n|faint|p1a: Ceruledge\n|move|p2a: Torkoal|Eruption|p1b: Espathra\n|-damage|p1b: Espathra|0 fnt\n|faint|p1b: Espathra\n|\n|-weather|SunnyDay|[upkeep]\n|upkeep\n|\n|t:|1775893407\n|switch|p1b: Floette|Floette-Eternal, L50, F|100/100\n|turn|5\n|\n|t:|1775893432\n|detailschange|p1b: Floette|Floette-Mega, L50, F\n|-mega|p1b: Floette|Floette|Floettite\n|-ability|p1b: Floette|Fairy Aura\n|move|p2a: Torkoal|Helping Hand|p2b: Venusaur\n|-singleturn|p2b: Venusaur|Helping Hand|[of] p2a: Torkoal\n|move|p2b: Venusaur|Sleep Powder|p1b: Floette\n|-status|p1b: Floette|slp|[from] move: Sleep Powder\n|cant|p1b: Floette|slp\n|\n|-weather|none\n|upkeep\n|turn|6\n|-message|doralemon 0.0 forfeited.\n|\n|win|LetMeWinPls3000\n|raw|doralemon 0.0's rating: 1056 &rarr; <strong>1036</strong><br />(-20 for losing)\n|raw|LetMeWinPls3000's rating: 1028 &rarr; <strong>1067</strong><br />(+39 for winning)\n|l|\u2606doralemon 0.0\n|player|p1|\n",
  "uploadtime": 1775893507,
  "views": 31,
  "formatid": "gen9championsvgc2026regma",
  "rating": 1036,
  "private": 0,
  "password": null
}