{
  "id": "gen9championsvgc2026regma-2583008061",
  "format": "[Gen 9 Champions] VGC 2026 Reg M-A",
  "players": [
    "manu0710",
    "jyotsha"
  ],
  "log": "|j|\u2606manu0710\n|j|\u2606jyotsha\n|t:|1776132872\n|gametype|doubles\n|player|p1|manu0710|170|1227\n|player|p2|jyotsha|102|1207\n|gen|9\n|tier|[Gen 9 Champions] VGC 2026 Reg M-A\n|rated|\n|rule|Species Clause: Limit one of each Pok\u00e9mon\n|rule|Item Clause: Limit 1 of each item\n|clearpoke\n|poke|p1|Araquanid, L50, M|\n|poke|p1|Gardevoir, L50, F|\n|poke|p1|Incineroar, L50, F|\n|poke|p1|Whimsicott, L50, M|\n|poke|p1|Venusaur, L50, M|\n|poke|p1|Infernape, L50, M|\n|poke|p2|Floette-Eternal, L50, F|\n|poke|p2|Sinistcha, L50|\n|poke|p2|Sableye, L50, F|\n|poke|p2|Aegislash, L50, M|\n|poke|p2|Primarina, L50, F|\n|poke|p2|Incineroar, L50, M|\n|teampreview|4\n|inactive|Battle timer is ON: inactive players will automatically lose when time's up. (requested by jyotsha)\n|inactive|jyotsha has 60 seconds left.\n|\n|t:|1776132918\n|teamsize|p1|4\n|teamsize|p2|4\n|start\n|switch|p1a: Venusaur|Venusaur, L50, M|100/100\n|switch|p1b: Infernape|Infernape, L50, M|100/100\n|switch|p2a: Primarina|Primarina, L50, F|100/100\n|switch|p2b: Incineroar|Incineroar, L50, M|100/100\n|-ability|p2b: Incineroar|Intimidate|boost\n|-unboost|p1a: Venusaur|atk|1\n|-unboost|p1b: Infernape|atk|1\n|turn|1\n|inactive|manu0710 has 30 seconds left.\n|inactive|jyotsha has 30 seconds left.\n|inactive|manu0710 has 20 seconds left.\n|inactive|manu0710 has 15 seconds left.\n|inactive|manu0710 has 10 seconds left.\n|inactive|manu0710 has 5 seconds left.\n|\n|t:|1776132973\n|switch|p2b: Sableye|Sableye, L50, F|100/100\n|move|p2a: Primarina|Protect|p2a: Primarina\n|-singleturn|p2a: Primarina|Protect\n|move|p1b: Infernape|Taunt|p2b: Sableye\n|-start|p2b: Sableye|move: Taunt\n|move|p1a: Venusaur|Leech Seed|p2b: Sableye\n|-start|p2b: Sableye|move: Leech Seed\n|\n|-damage|p2b: Sableye|88/100|[from] Leech Seed|[of] p1a: Venusaur\n|upkeep\n|turn|2\n|inactive|manu0710 has 30 seconds left.\n|inactive|jyotsha has 30 seconds left.\n|\n|t:|1776133006\n|detailschange|p1a: Venusaur|Venusaur-Mega, L50, M\n|-mega|p1a: Venusaur|Venusaur|Venusaurite\n|move|p2b: Sableye|Fake Out|p1a: Venusaur\n|-damage|p1a: Venusaur|95/100\n|move|p1b: Infernape|Flare Blitz|p2b: Sableye\n|-damage|p2b: Sableye|42/100\n|-damage|p1b: Infernape|85/100|[from] Recoil\n|cant|p1a: Venusaur|flinch\n|move|p2a: Primarina|Calm Mind|p2a: Primarina\n|-boost|p2a: Primarina|spa|1\n|-boost|p2a: Primarina|spd|1\n|\n|-damage|p2b: Sableye|30/100|[from] Leech Seed|[of] p1a: Venusaur\n|-heal|p1a: Venusaur|100/100|[silent]\n|upkeep\n|turn|3\n|inactive|jyotsha has 30 seconds left.\n|\n|t:|1776133036\n|switch|p2b: Incineroar|Incineroar, L50, M|100/100\n|-ability|p2b: Incineroar|Intimidate|boost\n|-unboost|p1a: Venusaur|atk|1\n|-unboost|p1b: Infernape|atk|1\n|move|p1b: Infernape|Taunt|p2a: Primarina\n|-start|p2a: Primarina|move: Taunt\n|move|p1a: Venusaur|Leech Seed|p2a: Primarina\n|-start|p2a: Primarina|move: Leech Seed\n|cant|p2a: Primarina|move: Taunt|Calm Mind\n|\n|-damage|p2a: Primarina|88/100|[from] Leech Seed|[of] p1a: Venusaur\n|upkeep\n|turn|4\n|\n|t:|1776133055\n|switch|p1b: Araquanid|Araquanid, L50, M|100/100\n|move|p1a: Venusaur|Giga Drain|p2a: Primarina\n|-supereffective|p2a: Primarina|1\n|-damage|p2a: Primarina|52/100\n|move|p2b: Incineroar|Flare Blitz|p1b: Araquanid\n|-damage|p1b: Araquanid|63/100\n|-damage|p2b: Incineroar|91/100|[from] Recoil\n|move|p2a: Primarina|Hyper Voice|p1a: Venusaur|[spread] p1a,p1b\n|-resisted|p1a: Venusaur|1\n|-resisted|p1b: Araquanid|1\n|-damage|p1a: Venusaur|82/100\n|-damage|p1b: Araquanid|42/100\n|\n|-heal|p2a: Primarina|58/100|[from] item: Leftovers\n|-damage|p2a: Primarina|45/100|[from] Leech Seed|[of] p1a: Venusaur\n|-heal|p1a: Venusaur|95/100|[silent]\n|upkeep\n|turn|5\n|\n|t:|1776133075\n|move|p1a: Venusaur|Leech Seed|p2b: Incineroar\n|-start|p2b: Incineroar|move: Leech Seed\n|move|p2a: Primarina|Moonblast|p1b: Araquanid\n|-damage|p1b: Araquanid|0 fnt\n|faint|p1b: Araquanid\n|move|p2b: Incineroar|Flare Blitz|p1a: Venusaur\n|-supereffective|p1a: Venusaur|1\n|-damage|p1a: Venusaur|54/100\n|-damage|p2b: Incineroar|79/100|[from] Recoil\n|\n|-heal|p2a: Primarina|51/100|[from] item: Leftovers\n|-damage|p2a: Primarina|39/100|[from] Leech Seed|[of] p1a: Venusaur\n|-heal|p1a: Venusaur|66/100|[silent]\n|-damage|p2b: Incineroar|67/100|[from] Leech Seed|[of] p1a: Venusaur\n|-heal|p1a: Venusaur|80/100|[silent]\n|-end|p2a: Primarina|move: Taunt\n|upkeep\n|\n|t:|1776133085\n|switch|p1b: Infernape|Infernape, L50, M|85/100\n|turn|6\n|\n|t:|1776133104\n|switch|p2a: Sinistcha|Sinistcha, L50|100/100\n|-heal|p2b: Incineroar|92/100|[from] ability: Hospitality|[of] p2a: Sinistcha\n|switch|p2b: Sableye|Sableye, L50, F|30/100\n|move|p1b: Infernape|Rock Slide|p2b: Sableye|[spread] p2a,p2b\n|-damage|p2a: Sinistcha|82/100\n|-damage|p2b: Sableye|4/100\n|move|p1a: Venusaur|Sludge Bomb|p2a: Sinistcha\n|-damage|p2a: Sinistcha|52/100\n|\n|upkeep\n|turn|7\n|inactive|manu0710 has 30 seconds left.\n|inactive|jyotsha has 30 seconds left.\n|\n|t:|1776133133\n|move|p2b: Sableye|Fake Out|p1b: Infernape\n|-damage|p1b: Infernape|75/100\n|cant|p1b: Infernape|flinch\n|move|p1a: Venusaur|Giga Drain|p2b: Sableye\n|-damage|p2b: Sableye|0 fnt\n|-heal|p1a: Venusaur|82/100|[from] drain|[of] p2b: Sableye\n|faint|p2b: Sableye\n|move|p2a: Sinistcha|Trick Room|p2a: Sinistcha\n|-fieldstart|move: Trick Room|[of] p2a: Sinistcha\n|\n|upkeep\n|\n|t:|1776133145\n|switch|p2b: Incineroar|Incineroar, L50, M|92/100\n|-ability|p2b: Incineroar|Intimidate|boost\n|-unboost|p1a: Venusaur|atk|1\n|-unboost|p1b: Infernape|atk|1\n|turn|8\n|\n|t:|1776133161\n|switch|p2b: Primarina|Primarina, L50, F|39/100\n|switch|p1b: Incineroar|Incineroar, L50, F|100/100\n|-ability|p1b: Incineroar|Intimidate|boost\n|-unboost|p2a: Sinistcha|atk|1\n|-unboost|p2b: Primarina|atk|1\n|move|p2a: Sinistcha|Life Dew|p2a: Sinistcha|[spread] p2a,p2b\n|-heal|p2a: Sinistcha|77/100\n|-heal|p2b: Primarina|64/100\n|move|p1a: Venusaur|Leech Seed|p2b: Primarina\n|-start|p2b: Primarina|move: Leech Seed\n|\n|-heal|p2b: Primarina|70/100|[from] item: Leftovers\n|-damage|p2b: Primarina|58/100|[from] Leech Seed|[of] p1a: Venusaur\n|-heal|p1a: Venusaur|95/100|[silent]\n|upkeep\n|turn|9\n|\n|t:|1776133177\n|switch|p2b: Incineroar|Incineroar, L50, M|92/100\n|-ability|p2b: Incineroar|Intimidate|boost\n|-unboost|p1a: Venusaur|atk|1\n|-unboost|p1b: Incineroar|atk|1\n|move|p1b: Incineroar|Flare Blitz|p2a: Sinistcha\n|-supereffective|p2a: Sinistcha|1\n|-damage|p2a: Sinistcha|15/100\n|-enditem|p2a: Sinistcha|Sitrus Berry|[eat]\n|-heal|p2a: Sinistcha|40/100|[from] item: Sitrus Berry\n|-damage|p1b: Incineroar|81/100|[from] Recoil\n|move|p2a: Sinistcha|Life Dew|p2a: Sinistcha|[spread] p2a,p2b\n|-heal|p2a: Sinistcha|65/100\n|-heal|p2b: Incineroar|100/100\n|move|p1a: Venusaur|Sludge Bomb|p2a: Sinistcha\n|-damage|p2a: Sinistcha|33/100\n|\n|upkeep\n|turn|10\n|\n|t:|1776133199\n|switch|p2a: Primarina|Primarina, L50, F|58/100\n|move|p2b: Incineroar|Flare Blitz|p1a: Venusaur\n|-supereffective|p1a: Venusaur|1\n|-damage|p1a: Venusaur|54/100\n|-damage|p2b: Incineroar|89/100|[from] Recoil\n|move|p1b: Incineroar|Parting Shot|p2b: Incineroar\n|-unboost|p2b: Incineroar|atk|1\n|-unboost|p2b: Incineroar|spa|1\n|\n|t:|1776133203\n|switch|p1b: Infernape|Infernape, L50, M|75/100|[from] Parting Shot\n|move|p1a: Venusaur|Leech Seed|p2b: Incineroar\n|-start|p2b: Incineroar|move: Leech Seed\n|\n|-heal|p2a: Primarina|64/100|[from] item: Leftovers\n|-damage|p2b: Incineroar|76/100|[from] Leech Seed|[of] p1a: Venusaur\n|-heal|p1a: Venusaur|68/100|[silent]\n|upkeep\n|turn|11\n|\n|t:|1776133231\n|switch|p1b: Incineroar|Incineroar, L50, F|81/100\n|-ability|p1b: Incineroar|Intimidate|boost\n|-unboost|p2a: Primarina|atk|1\n|-unboost|p2b: Incineroar|atk|1\n|move|p2b: Incineroar|Parting Shot|p1a: Venusaur\n|-unboost|p1a: Venusaur|atk|1\n|-unboost|p1a: Venusaur|spa|1\n|\n|t:|1776133238\n|switch|p2b: Sinistcha|Sinistcha, L50|33/100|[from] Parting Shot\n|-heal|p2a: Primarina|88/100|[from] ability: Hospitality|[of] p2b: Sinistcha\n|move|p2a: Primarina|Hyper Voice|p1a: Venusaur|[spread] p1a,p1b\n|-resisted|p1a: Venusaur|1\n|-supereffective|p1b: Incineroar|1\n|-damage|p1a: Venusaur|56/100\n|-damage|p1b: Incineroar|30/100\n|move|p1a: Venusaur|Giga Drain|p2a: Primarina\n|-supereffective|p2a: Primarina|1\n|-damage|p2a: Primarina|53/100\n|-heal|p1a: Venusaur|74/100|[from] drain|[of] p2a: Primarina\n|\n|-heal|p2a: Primarina|59/100|[from] item: Leftovers\n|-fieldend|move: Trick Room\n|upkeep\n|turn|12\n|inactive|manu0710 has 30 seconds left.\n|inactive|jyotsha has 30 seconds left.\n|inactive|manu0710 has 20 seconds left.\n|\n|t:|1776133275\n|switch|p2b: Incineroar|Incineroar, L50, M|76/100\n|-ability|p2b: Incineroar|Intimidate|boost\n|-unboost|p1a: Venusaur|atk|1\n|-unboost|p1b: Incineroar|atk|1\n|move|p2a: Primarina|Protect|p2a: Primarina\n|-singleturn|p2a: Primarina|Protect\n|move|p1a: Venusaur|Leech Seed|p2a: Primarina\n|-activate|p2a: Primarina|move: Protect\n|move|p1b: Incineroar|Flare Blitz|p2b: Incineroar\n|-resisted|p2b: Incineroar|1\n|-damage|p2b: Incineroar|61/100\n|-damage|p1b: Incineroar|25/100|[from] Recoil\n|\n|-heal|p2a: Primarina|65/100|[from] item: Leftovers\n|upkeep\n|turn|13\n|inactive|manu0710 has 30 seconds left.\n|inactive|jyotsha has 30 seconds left.\n|\n|t:|1776133303\n|move|p2b: Incineroar|Fake Out|p1a: Venusaur\n|-damage|p1a: Venusaur|65/100\n|cant|p1a: Venusaur|flinch\n|move|p1b: Incineroar|Parting Shot|p2b: Incineroar\n|-unboost|p2b: Incineroar|atk|1\n|-unboost|p2b: Incineroar|spa|1\n|\n|t:|1776133308\n|switch|p1b: Infernape|Infernape, L50, M|75/100|[from] Parting Shot\n|move|p2a: Primarina|Hyper Voice|p1a: Venusaur|[spread] p1a,p1b\n|-resisted|p1a: Venusaur|1\n|-supereffective|p1b: Infernape|1\n|-damage|p1a: Venusaur|53/100\n|-damage|p1b: Infernape|0 fnt\n|faint|p1b: Infernape\n|\n|-heal|p2a: Primarina|71/100|[from] item: Leftovers\n|upkeep\n|\n|t:|1776133309\n|switch|p1b: Incineroar|Incineroar, L50, F|25/100\n|-ability|p1b: Incineroar|Intimidate|boost\n|-unboost|p2a: Primarina|atk|1\n|-unboost|p2b: Incineroar|atk|1\n|turn|14\n|\n|t:|1776133324\n|move|p2a: Primarina|Protect|p2a: Primarina\n|-singleturn|p2a: Primarina|Protect\n|move|p1b: Incineroar|Fake Out|p2a: Primarina\n|-activate|p2a: Primarina|move: Protect\n|move|p1a: Venusaur|Leech Seed|p2b: Incineroar\n|-start|p2b: Incineroar|move: Leech Seed\n|move|p2b: Incineroar|Parting Shot|p1a: Venusaur\n|-unboost|p1a: Venusaur|atk|0\n|-unboost|p1a: Venusaur|spa|1\n|\n|t:|1776133332\n|switch|p2b: Sinistcha|Sinistcha, L50|33/100|[from] Parting Shot\n|-heal|p2a: Primarina|95/100|[from] ability: Hospitality|[of] p2b: Sinistcha\n|\n|-heal|p2a: Primarina|100/100|[from] item: Leftovers\n|upkeep\n|turn|15\n|\n|t:|1776133353\n|switch|p2b: Incineroar|Incineroar, L50, M|61/100\n|-ability|p2b: Incineroar|Intimidate|boost\n|-unboost|p1a: Venusaur|atk|0\n|-unboost|p1b: Incineroar|atk|1\n|move|p1a: Venusaur|Leech Seed|p2a: Primarina\n|-start|p2a: Primarina|move: Leech Seed\n|move|p1b: Incineroar|Flare Blitz|p2b: Incineroar\n|-resisted|p2b: Incineroar|1\n|-damage|p2b: Incineroar|47/100\n|-damage|p1b: Incineroar|19/100|[from] Recoil\n|move|p2a: Primarina|Hyper Voice|p1b: Incineroar|[spread] p1a,p1b\n|-resisted|p1a: Venusaur|1\n|-crit|p1a: Venusaur\n|-supereffective|p1b: Incineroar|1\n|-damage|p1a: Venusaur|35/100\n|-damage|p1b: Incineroar|0 fnt\n|faint|p1b: Incineroar\n|\n|-damage|p2a: Primarina|88/100|[from] Leech Seed|[of] p1a: Venusaur\n|-heal|p1a: Venusaur|47/100|[silent]\n|upkeep\n|turn|16\n|\n|t:|1776133366\n|switch|p2a: Sinistcha|Sinistcha, L50|33/100\n|-heal|p2b: Incineroar|71/100|[from] ability: Hospitality|[of] p2a: Sinistcha\n|move|p1a: Venusaur|Protect|p1a: Venusaur\n|-singleturn|p1a: Venusaur|Protect\n|move|p2b: Incineroar|Flare Blitz|p1a: Venusaur\n|-activate|p1a: Venusaur|move: Protect\n|\n|upkeep\n|turn|17\n|\n|t:|1776133377\n|move|p1a: Venusaur|Sludge Bomb|p2b: Incineroar\n|-damage|p2b: Incineroar|53/100\n|move|p2b: Incineroar|Flare Blitz|p1a: Venusaur\n|-supereffective|p1a: Venusaur|1\n|-damage|p1a: Venusaur|9/100\n|-damage|p2b: Incineroar|42/100|[from] Recoil\n|move|p2a: Sinistcha|Trick Room|p2a: Sinistcha\n|-fieldstart|move: Trick Room|[of] p2a: Sinistcha\n|\n|upkeep\n|turn|18\n|-message|manu0710 forfeited.\n|\n|win|jyotsha\n|raw|manu0710's rating: 1227 &rarr; <strong>1201</strong><br />(-26 for losing)\n|raw|jyotsha's rating: 1207 &rarr; <strong>1233</strong><br />(+26 for winning)\n",
  "uploadtime": 1776133383,
  "views": 26,
  "formatid": "gen9championsvgc2026regma",
  "rating": 1201,
  "private": 0,
  "password": null
}