{
  "id": "gen9championsvgc2026regma-2585428582",
  "format": "[Gen 9 Champions] VGC 2026 Reg M-A",
  "players": [
    "spreckz",
    "heroplayer2026"
  ],
  "log": "|j|\u2606spreckz\n|j|\u2606heroplayer2026\n|t:|1776346646\n|gametype|doubles\n|player|p1|spreckz|miku-ghost|1214\n|player|p2|heroplayer2026|fisherman-gen4|1145\n|gen|9\n|tier|[Gen 9 Champions] VGC 2026 Reg M-A\n|rated|\n|rule|Species Clause: Limit one of each Pok\u00e9mon\n|rule|Item Clause: Limit 1 of each item\n|clearpoke\n|poke|p1|Chesnaught, L50, M|\n|poke|p1|Drampa, L50, M|\n|poke|p1|Cofagrigus, L50, M|\n|poke|p1|Incineroar, L50, M|\n|poke|p1|Kingambit, L50, M|\n|poke|p1|Milotic, L50, F|\n|poke|p2|Torkoal, L50, F|\n|poke|p2|Incineroar, L50, F|\n|poke|p2|Farigiraf, L50, M|\n|poke|p2|Golurk, L50|\n|poke|p2|Conkeldurr, L50, M|\n|poke|p2|Garchomp, L50, F|\n|teampreview|4\n|inactive|Battle timer is ON: inactive players will automatically lose when time's up. (requested by heroplayer2026)\n|\n|t:|1776346690\n|teamsize|p1|4\n|teamsize|p2|4\n|start\n|switch|p1a: Kingambit|Kingambit, L50, M|100/100\n|switch|p1b: Milotic|Milotic, L50, F, shiny|100/100\n|switch|p2a: Farigiraf|Farigiraf, L50, M|100/100\n|switch|p2b: Conkeldurr|Conkeldurr, L50, M|100/100\n|turn|1\n|inactive|heroplayer2026 has 30 seconds left.\n|inactive|heroplayer2026 has 20 seconds left.\n|inactive|heroplayer2026 has 15 seconds left.\n|inactive|heroplayer2026 has 10 seconds left.\n|inactive|heroplayer2026 has 5 seconds left.\n|\n|t:|1776346745\n|move|p1b: Milotic|Light Screen|p1b: Milotic\n|-sidestart|p1: spreckz|move: Light Screen\n|move|p1a: Kingambit|Kowtow Cleave|p2a: Farigiraf\n|-supereffective|p2a: Farigiraf|1\n|-damage|p2a: Farigiraf|10/100\n|move|p2b: Conkeldurr|Ice Punch|p1b: Milotic\n|-resisted|p1b: Milotic|1\n|-damage|p1b: Milotic|87/100\n|move|p2a: Farigiraf|Trick Room|p2a: Farigiraf\n|-fieldstart|move: Trick Room|[of] p2a: Farigiraf\n|\n|upkeep\n|turn|2\n|inactive|spreckz has 30 seconds left.\n|\n|t:|1776346773\n|move|p2a: Farigiraf|Helping Hand|p2b: Conkeldurr\n|-singleturn|p2b: Conkeldurr|Helping Hand|[of] p2a: Farigiraf\n|move|p2b: Conkeldurr|Drain Punch|p1a: Kingambit\n|-supereffective|p1a: Kingambit|2\n|-damage|p1a: Kingambit|0 fnt\n|faint|p1a: Kingambit\n|move|p1b: Milotic|Scald|p2a: Farigiraf\n|-damage|p2a: Farigiraf|0 fnt\n|faint|p2a: Farigiraf\n|\n|upkeep\n|\n|t:|1776346790\n|switch|p1a: Cofagrigus|Cofagrigus, L50, M, shiny|100/100\n|switch|p2a: Golurk|Golurk, L50|100/100\n|turn|3\n|\n|t:|1776346797\n|detailschange|p2a: Golurk|Golurk-Mega, L50\n|-mega|p2a: Golurk|Golurk|Golurkite\n|move|p1a: Cofagrigus|Substitute|p1a: Cofagrigus\n|-start|p1a: Cofagrigus|Substitute\n|-damage|p1a: Cofagrigus|76/100\n|move|p2b: Conkeldurr|Thunder Punch|p1b: Milotic\n|-supereffective|p1b: Milotic|1\n|-damage|p1b: Milotic|35/100\n|-enditem|p1b: Milotic|Sitrus Berry|[eat]\n|-heal|p1b: Milotic|60/100|[from] item: Sitrus Berry\n|move|p2a: Golurk|Knock Off|p1a: Cofagrigus\n|-supereffective|p1a: Cofagrigus|1\n|-end|p1a: Cofagrigus|Substitute\n|move|p1b: Milotic|Scald|p2a: Golurk\n|-supereffective|p2a: Golurk|1\n|-damage|p2a: Golurk|60/100\n|\n|-heal|p1a: Cofagrigus|82/100|[from] item: Leftovers\n|upkeep\n|turn|4\n|inactive|spreckz has 30 seconds left.\n|\n|t:|1776346823\n|move|p1a: Cofagrigus|Dark Pulse|p2a: Golurk\n|-supereffective|p2a: Golurk|1\n|-damage|p2a: Golurk|30/100\n|move|p2b: Conkeldurr|Thunder Punch|p1b: Milotic\n|-supereffective|p1b: Milotic|1\n|-damage|p1b: Milotic|5/100\n|move|p2a: Golurk|Knock Off|p1a: Cofagrigus\n|-supereffective|p1a: Cofagrigus|1\n|-damage|p1a: Cofagrigus|14/100\n|-activate|p1a: Cofagrigus|ability: Mummy|p2a: Golurk|[ability] Unseen Fist\n|-enditem|p1a: Cofagrigus|Leftovers|[from] move: Knock Off|[of] p2a: Golurk\n|move|p1b: Milotic|Scald|p2a: Golurk\n|-supereffective|p2a: Golurk|1\n|-damage|p2a: Golurk|0 fnt\n|faint|p2a: Golurk\n|\n|upkeep\n|\n|t:|1776346837\n|switch|p2a: Torkoal|Torkoal, L50, F|100/100\n|-weather|SunnyDay|[from] ability: Drought|[of] p2a: Torkoal\n|turn|5\n|\n|t:|1776346847\n|move|p1b: Milotic|Protect|p1b: Milotic\n|-singleturn|p1b: Milotic|Protect\n|move|p2a: Torkoal|Eruption|p1b: Milotic|[spread] p1a\n|-activate|p1b: Milotic|move: Protect\n|-damage|p1a: Cofagrigus|0 fnt\n|faint|p1a: Cofagrigus\n|move|p2b: Conkeldurr|Thunder Punch|p1b: Milotic\n|-activate|p1b: Milotic|move: Protect\n|\n|-weather|SunnyDay|[upkeep]\n|-sideend|p1: spreckz|move: Light Screen\n|-fieldend|move: Trick Room\n|upkeep\n|\n|t:|1776346853\n|switch|p1a: Chesnaught|Chesnaught, L50, M|100/100\n|turn|6\n|\n|t:|1776346866\n|detailschange|p1a: Chesnaught|Chesnaught-Mega, L50, M\n|-mega|p1a: Chesnaught|Chesnaught|Chesnaughtite\n|move|p2b: Conkeldurr|Mach Punch|p1b: Milotic\n|-damage|p1b: Milotic|0 fnt\n|faint|p1b: Milotic\n|move|p1a: Chesnaught|Rock Slide|p2a: Torkoal|[spread] p2b\n|-miss|p1a: Chesnaught|p2a: Torkoal\n|-resisted|p2b: Conkeldurr|1\n|-damage|p2b: Conkeldurr|93/100\n|move|p2a: Torkoal|Flamethrower|p1a: Chesnaught\n|-supereffective|p1a: Chesnaught|1\n|-damage|p1a: Chesnaught|0 fnt\n|faint|p1a: Chesnaught\n|\n|win|heroplayer2026\n|raw|spreckz's rating: 1214 &rarr; <strong>1184</strong><br />(-30 for losing)\n|raw|heroplayer2026's rating: 1145 &rarr; <strong>1175</strong><br />(+30 for winning)\n",
  "uploadtime": 1776346869,
  "views": 23,
  "formatid": "gen9championsvgc2026regma",
  "rating": 1175,
  "private": 0,
  "password": null
}