{
  "id": "gen9championsvgc2026regma-2588434571",
  "format": "[Gen 9 Champions] VGC 2026 Reg M-A",
  "players": [
    "dragonfly92",
    "jakeofonline"
  ],
  "log": "|j|\u2606dragonfly92\n|j|\u2606jakeofonline\n|t:|1776633227\n|gametype|doubles\n|player|p1|dragonfly92|169|1117\n|player|p2|jakeofonline|brycenman|1161\n|gen|9\n|tier|[Gen 9 Champions] VGC 2026 Reg M-A\n|rated|\n|rule|Species Clause: Limit one of each Pok\u00e9mon\n|rule|Item Clause: Limit 1 of each item\n|clearpoke\n|poke|p1|Espathra, L50, M|\n|poke|p1|Meganium, L50, F|\n|poke|p1|Pelipper, L50, F|\n|poke|p1|Archaludon, L50, F|\n|poke|p1|Sneasler, L50, F|\n|poke|p1|Maushold, L50|\n|poke|p2|Glimmora, L50, F|\n|poke|p2|Rotom-Wash, L50|\n|poke|p2|Mamoswine, L50, F|\n|poke|p2|Wyrdeer, L50, F|\n|poke|p2|Talonflame, L50, M|\n|poke|p2|Hydrapple, L50, M|\n|teampreview|4\n|inactive|Battle timer is ON: inactive players will automatically lose when time's up. (requested by jakeofonline)\n|inactive|dragonfly92 has 60 seconds left.\n|inactive|jakeofonline has 60 seconds left.\n|\n|t:|1776633273\n|teamsize|p1|4\n|teamsize|p2|4\n|start\n|switch|p1a: Pelipper|Pelipper, L50, F|100/100\n|switch|p1b: Meganium|Meganium, L50, F|100/100\n|switch|p2a: Glimmora|Glimmora, L50, F|100/100\n|switch|p2b: Rotom|Rotom-Wash, L50|100/100\n|-weather|RainDance|[from] ability: Drizzle|[of] p1a: Pelipper\n|turn|1\n|inactive|dragonfly92 has 30 seconds left.\n|inactive|jakeofonline has 30 seconds left.\n|inactive|jakeofonline has 20 seconds left.\n|inactive|jakeofonline has 15 seconds left.\n|\n|t:|1776633315\n|detailschange|p2a: Glimmora|Glimmora-Mega, L50, F\n|-mega|p2a: Glimmora|Glimmora|Glimmoranite\n|detailschange|p1b: Meganium|Meganium-Mega, L50, F\n|-mega|p1b: Meganium|Meganium|Meganiumite\n|move|p1a: Pelipper|Wide Guard|p1a: Pelipper\n|-singleturn|p1a: Pelipper|Wide Guard\n|move|p2b: Rotom|Electroweb|p1b: Meganium|[spread] \n|-activate|p1a: Pelipper|move: Wide Guard\n|-activate|p1b: Meganium|move: Wide Guard\n|move|p2a: Glimmora|Sludge Bomb|p1b: Meganium\n|-supereffective|p1b: Meganium|2\n|-damage|p1b: Meganium|0 fnt\n|faint|p1b: Meganium\n|\n|-weather|RainDance|[upkeep]\n|upkeep\n|\n|t:|1776633332\n|switch|p1b: Sneasler|Sneasler, L50, F|100/100\n|turn|2\n|\n|t:|1776633350\n|switch|p2b: Wyrdeer|Wyrdeer, L50, F|100/100\n|-ability|p2b: Wyrdeer|Intimidate|boost\n|-unboost|p1a: Pelipper|atk|1\n|-unboost|p1b: Sneasler|atk|1\n|-enditem|p1b: Sneasler|White Herb\n|-clearnegativeboost|p1b: Sneasler|[silent]\n|move|p2a: Glimmora|Spiky Shield|p2a: Glimmora\n|-singleturn|p2a: Glimmora|move: Protect\n|move|p1b: Sneasler|Fake Out|p2a: Glimmora\n|-activate|p2a: Glimmora|move: Protect\n|-damage|p1b: Sneasler|88/100|[from] Spiky Shield|[of] p2a: Glimmora\n|move|p1a: Pelipper|Weather Ball|p2a: Glimmora\n|-activate|p2a: Glimmora|move: Protect\n|\n|-weather|RainDance|[upkeep]\n|upkeep\n|turn|3\n|inactive|dragonfly92 has 30 seconds left.\n|inactive|dragonfly92 has 20 seconds left.\n|inactive|dragonfly92 has 15 seconds left.\n|\n|t:|1776633391\n|move|p1b: Sneasler|Close Combat|p2b: Wyrdeer\n|-damage|p2b: Wyrdeer|21/100\n|-unboost|p1b: Sneasler|def|1\n|-unboost|p1b: Sneasler|spd|1\n|-enditem|p2b: Wyrdeer|Sitrus Berry|[eat]\n|-heal|p2b: Wyrdeer|46/100|[from] item: Sitrus Berry\n|move|p2a: Glimmora|Power Gem|p1a: Pelipper\n|-supereffective|p1a: Pelipper|1\n|-enditem|p1a: Pelipper|Focus Sash\n|-damage|p1a: Pelipper|1/100\n|move|p1a: Pelipper|Weather Ball|p2a: Glimmora\n|-supereffective|p2a: Glimmora|1\n|-damage|p2a: Glimmora|0 fnt\n|faint|p2a: Glimmora\n|move|p2b: Wyrdeer|Psyshield Bash|p1b: Sneasler\n|-supereffective|p1b: Sneasler|2\n|-damage|p1b: Sneasler|0 fnt\n|-boost|p2b: Wyrdeer|def|1\n|faint|p1b: Sneasler\n|\n|-weather|RainDance|[upkeep]\n|upkeep\n|\n|t:|1776633412\n|switch|p1b: Maushold|Maushold, L50|100/100\n|switch|p2a: Rotom|Rotom-Wash, L50|100/100\n|turn|4\n|\n|t:|1776633431\n|move|p1a: Pelipper|Wide Guard|p1a: Pelipper\n|-singleturn|p1a: Pelipper|Wide Guard\n|move|p2a: Rotom|Electroweb|p1b: Maushold|[spread] \n|-activate|p1a: Pelipper|move: Wide Guard\n|-activate|p1b: Maushold|move: Wide Guard\n|move|p1b: Maushold|Population Bomb|p2b: Wyrdeer\n|-damage|p2b: Wyrdeer|37/100\n|-damage|p2b: Wyrdeer|26/100\n|-damage|p2b: Wyrdeer|16/100\n|-hitcount|p2b: Wyrdeer|3\n|move|p2b: Wyrdeer|Psyshield Bash|p1b: Maushold\n|-damage|p1b: Maushold|36/100\n|-boost|p2b: Wyrdeer|def|1\n|\n|-weather|RainDance|[upkeep]\n|upkeep\n|turn|5\n|\n|t:|1776633448\n|switch|p2a: Hydrapple|Hydrapple, L50, M|100/100\n|move|p1a: Pelipper|Wide Guard|p1a: Pelipper\n|-singleturn|p1a: Pelipper|Wide Guard\n|move|p1b: Maushold|Population Bomb|p2b: Wyrdeer\n|-damage|p2b: Wyrdeer|9/100\n|-damage|p2b: Wyrdeer|2/100\n|-damage|p2b: Wyrdeer|0 fnt\n|faint|p2b: Wyrdeer\n|-hitcount|p2: Wyrdeer|3\n|\n|-weather|none\n|upkeep\n|\n|t:|1776633454\n|switch|p2b: Rotom|Rotom-Wash, L50|100/100\n|turn|6\n|\n|t:|1776633474\n|move|p1a: Pelipper|Wide Guard|p1a: Pelipper\n|-singleturn|p1a: Pelipper|Wide Guard\n|move|p2b: Rotom|Thunderbolt|p1a: Pelipper\n|-supereffective|p1a: Pelipper|2\n|-damage|p1a: Pelipper|0 fnt\n|faint|p1a: Pelipper\n|move|p1b: Maushold|Bullet Seed|p2b: Rotom\n|-supereffective|p2b: Rotom|1\n|-damage|p2b: Rotom|80/100\n|-supereffective|p2b: Rotom|1\n|-damage|p2b: Rotom|57/100\n|-supereffective|p2b: Rotom|1\n|-damage|p2b: Rotom|34/100\n|-hitcount|p2b: Rotom|3\n|move|p2a: Hydrapple|Draco Meteor|p1b: Maushold\n|-damage|p1b: Maushold|0 fnt\n|-unboost|p2a: Hydrapple|spa|2\n|faint|p1b: Maushold\n|\n|win|jakeofonline\n|raw|dragonfly92's rating: 1117 &rarr; <strong>1095</strong><br />(-22 for losing)\n|raw|jakeofonline's rating: 1161 &rarr; <strong>1183</strong><br />(+22 for winning)\n",
  "uploadtime": 1776633482,
  "views": 11,
  "formatid": "gen9championsvgc2026regma",
  "rating": 1095,
  "private": 0,
  "password": null
}