{
  "id": "gen9championsvgc2026regma-2588121997",
  "format": "[Gen 9 Champions] VGC 2026 Reg M-A",
  "players": [
    "Darklady_Liz",
    "duripop"
  ],
  "log": "|j|\u2606Darklady_Liz\n|j|\u2606duripop\n|t:|1776606629\n|gametype|doubles\n|player|p1|Darklady_Liz|miku-ghost|1279\n|player|p2|duripop|102|1316\n|gen|9\n|tier|[Gen 9 Champions] VGC 2026 Reg M-A\n|rated|\n|rule|Species Clause: Limit one of each Pok\u00e9mon\n|rule|Item Clause: Limit 1 of each item\n|clearpoke\n|poke|p1|Gardevoir, L50, F, shiny|\n|poke|p1|Sneasler, L50, M|\n|poke|p1|Garchomp, L50, M|\n|poke|p1|Talonflame, L50, F|\n|poke|p1|Kingambit, L50, F|\n|poke|p1|Incineroar, L50, M|\n|poke|p2|Incineroar, L50, M|\n|poke|p2|Hatterene, L50, F, shiny|\n|poke|p2|Farigiraf, L50, F|\n|poke|p2|Torkoal, L50, F, shiny|\n|poke|p2|Kingambit, L50, M|\n|poke|p2|Charizard, L50, M, shiny|\n|teampreview|4\n|inactive|Battle timer is ON: inactive players will automatically lose when time's up. (requested by duripop)\n|\n|t:|1776606698\n|teamsize|p1|4\n|teamsize|p2|4\n|start\n|switch|p1a: Talonflame|Talonflame, L50, F|100/100\n|switch|p1b: Garchomp|Garchomp, L50, M|100/100\n|switch|p2a: Incineroar|Incineroar, L50, M|100/100\n|switch|p2b: Hatterene|Hatterene, L50, F, shiny|100/100\n|-ability|p2a: Incineroar|Intimidate|boost\n|-unboost|p1a: Talonflame|atk|1\n|-unboost|p1b: Garchomp|atk|1\n|turn|1\n|\n|t:|1776606717\n|move|p2a: Incineroar|Fake Out|p1b: Garchomp\n|-damage|p1b: Garchomp|88/100\n|-damage|p2a: Incineroar|88/100|[from] ability: Rough Skin|[of] p1b: Garchomp\n|cant|p1b: Garchomp|flinch\n|move|p1a: Talonflame|Taunt|p2b: Hatterene\n|move|p2b: Hatterene|Taunt|p1a: Talonflame|[from] ability: Magic Bounce\n|-start|p1a: Talonflame|move: Taunt\n|move|p2b: Hatterene|Trick Room|p2b: Hatterene\n|-fieldstart|move: Trick Room|[of] p2b: Hatterene\n|\n|upkeep\n|turn|2\n|inactive|duripop has 30 seconds left.\n|\n|t:|1776606751\n|move|p2b: Hatterene|Dazzling Gleam|p1a: Talonflame|[spread] p1a,p1b\n|-resisted|p1a: Talonflame|1\n|-supereffective|p1b: Garchomp|1\n|-damage|p1a: Talonflame|70/100\n|-damage|p1b: Garchomp|0 fnt\n|faint|p1b: Garchomp\n|move|p2a: Incineroar|Parting Shot|p1a: Talonflame\n|-unboost|p1a: Talonflame|atk|1\n|-unboost|p1a: Talonflame|spa|1\n|c|\u2606Darklady_Liz|my stupidity knows no limits holy fuck I forgot this bitch got Magic Bounce\n|\n|t:|1776606760\n|switch|p2a: Farigiraf|Farigiraf, L50, F|100/100|[from] Parting Shot\n|move|p1a: Talonflame|Flare Blitz|p2b: Hatterene\n|-damage|p2b: Hatterene|76/100\n|-damage|p1a: Talonflame|62/100|[from] Recoil\n|\n|upkeep\n|\n|t:|1776606767\n|switch|p1b: Incineroar|Incineroar, L50, M|100/100\n|-ability|p1b: Incineroar|Intimidate|boost\n|-unboost|p2a: Farigiraf|atk|1\n|-unboost|p2b: Hatterene|atk|1\n|turn|3\n|\n|t:|1776606778\n|move|p2b: Hatterene|Dazzling Gleam|p1b: Incineroar|[spread] p1a,p1b\n|-resisted|p1a: Talonflame|1\n|-damage|p1a: Talonflame|32/100\n|-damage|p1b: Incineroar|67/100\n|move|p2a: Farigiraf|Hyper Voice|p1b: Incineroar|[spread] p1a,p1b\n|-damage|p1a: Talonflame|0 fnt\n|-damage|p1b: Incineroar|48/100\n|-enditem|p1b: Incineroar|Sitrus Berry|[eat]\n|-heal|p1b: Incineroar|72/100|[from] item: Sitrus Berry\n|faint|p1a: Talonflame\n|move|p1b: Incineroar|Darkest Lariat|p2a: Farigiraf\n|-supereffective|p2a: Farigiraf|1\n|-damage|p2a: Farigiraf|42/100\n|-enditem|p2a: Farigiraf|Sitrus Berry|[eat]\n|-heal|p2a: Farigiraf|67/100|[from] item: Sitrus Berry\n|\n|upkeep\n|\n|t:|1776606792\n|switch|p1a: Gardevoir|Gardevoir, L50, F, shiny|100/100\n|turn|4\n|\n|t:|1776606807\n|detailschange|p1a: Gardevoir|Gardevoir-Mega, L50, F, shiny\n|-mega|p1a: Gardevoir|Gardevoir|Gardevoirite\n|move|p1a: Gardevoir|Protect|p1a: Gardevoir\n|-singleturn|p1a: Gardevoir|Protect\n|move|p2b: Hatterene|Dazzling Gleam|p1b: Incineroar|[spread] p1b\n|-activate|p1a: Gardevoir|move: Protect\n|-damage|p1b: Incineroar|43/100\n|move|p1b: Incineroar|Darkest Lariat|p2a: Farigiraf\n|-supereffective|p2a: Farigiraf|1\n|-damage|p2a: Farigiraf|4/100\n|move|p2a: Farigiraf|Imprison|p2a: Farigiraf\n|-start|p2a: Farigiraf|move: Imprison\n|\n|upkeep\n|turn|5\n|\n|t:|1776606828\n|move|p2b: Hatterene|Dazzling Gleam|p1b: Incineroar|[spread] p1a,p1b\n|-damage|p1a: Gardevoir|59/100\n|-damage|p1b: Incineroar|10/100\n|move|p2a: Farigiraf|Hyper Voice|p1b: Incineroar|[spread] p1a,p1b\n|-damage|p1a: Gardevoir|32/100\n|-damage|p1b: Incineroar|0 fnt\n|faint|p1b: Incineroar\n|move|p1a: Gardevoir|Psychic|p2b: Hatterene\n|-resisted|p2b: Hatterene|1\n|-damage|p2b: Hatterene|45/100\n|\n|-fieldend|move: Trick Room\n|upkeep\n|turn|6\n|-message|Darklady_Liz forfeited.\n|\n|win|duripop\n",
  "uploadtime": 1776606758,
  "views": 7,
  "formatid": "gen9championsvgc2026regma",
  "rating": null,
  "private": 0,
  "password": null
}