{
  "id": "gen9championsvgc2026regma-2585710937",
  "format": "[Gen 9 Champions] VGC 2026 Reg M-A",
  "players": [
    "Mr.Nidoom",
    "ooky monkey"
  ],
  "log": "|j|\u2606Mr.Nidoom\n|j|\u2606ooky monkey\n|t:|1776365321\n|gametype|doubles\n|player|p1|Mr.Nidoom|backpacker|1065\n|player|p2|ooky monkey|169|1099\n|gen|9\n|tier|[Gen 9 Champions] VGC 2026 Reg M-A\n|rated|\n|rule|Species Clause: Limit one of each Pok\u00e9mon\n|rule|Item Clause: Limit 1 of each item\n|clearpoke\n|poke|p1|Crabominable, L50, M|\n|poke|p1|Kingambit, L50, F|\n|poke|p1|Slowking-Galar, L50, M|\n|poke|p1|Ninetales-Alola, L50, F|\n|poke|p1|Sinistcha-Masterpiece, L50|\n|poke|p1|Basculegion, L50, M|\n|poke|p2|Tyranitar, L50, M|\n|poke|p2|Excadrill, L50, F|\n|poke|p2|Garchomp, L50, M|\n|poke|p2|Farigiraf, L50, M|\n|poke|p2|Sylveon, L50, M|\n|poke|p2|Kingambit, L50, M|\n|teampreview|4\n|inactive|Battle timer is ON: inactive players will automatically lose when time's up. (requested by ooky monkey)\n|inactive|ooky monkey has 60 seconds left.\n|\n|t:|1776365365\n|teamsize|p1|4\n|teamsize|p2|4\n|start\n|switch|p1a: Slowking|Slowking-Galar, L50, M|100/100\n|switch|p1b: Basculegion|Basculegion, L50, M|100/100\n|switch|p2a: Tyranitar|Tyranitar, L50, M|100/100\n|switch|p2b: Farigiraf|Farigiraf, L50, M|100/100\n|-weather|Sandstorm|[from] ability: Sand Stream|[of] p2a: Tyranitar\n|-clearboost|p1b: Basculegion|[from] ability: Curious Medicine|[of] p1a: Slowking\n|turn|1\n|inactive|Mr.Nidoom has 30 seconds left.\n|inactive|ooky monkey has 30 seconds left.\n|inactive|ooky monkey has 20 seconds left.\n|\n|t:|1776365403\n|move|p2b: Farigiraf|Protect|p2b: Farigiraf\n|-singleturn|p2b: Farigiraf|Protect\n|move|p2a: Tyranitar|Protect|p2a: Tyranitar\n|-singleturn|p2a: Tyranitar|Protect\n|move|p1b: Basculegion|Wave Crash|p2a: Tyranitar\n|-activate|p2a: Tyranitar|move: Protect\n|move|p1a: Slowking|Sludge Bomb|p2b: Farigiraf\n|-activate|p2b: Farigiraf|move: Protect\n|\n|-weather|Sandstorm|[upkeep]\n|-damage|p1b: Basculegion|94/100|[from] Sandstorm\n|-damage|p2b: Farigiraf|94/100|[from] Sandstorm\n|-damage|p1a: Slowking|94/100|[from] Sandstorm\n|upkeep\n|turn|2\n|inactive|ooky monkey has 30 seconds left.\n|\n|t:|1776365433\n|switch|p1a: Ninetales|Ninetales-Alola, L50, F|100/100\n|-weather|Snowscape|[from] ability: Snow Warning|[of] p1a: Ninetales\n|detailschange|p2a: Tyranitar|Tyranitar-Mega, L50, M\n|-mega|p2a: Tyranitar|Tyranitar|Tyranitarite\n|-weather|Sandstorm|[from] ability: Sand Stream|[of] p2a: Tyranitar\n|move|p1b: Basculegion|Wave Crash|p2a: Tyranitar\n|-supereffective|p2a: Tyranitar|1\n|-damage|p2a: Tyranitar|2/100\n|-damage|p1b: Basculegion|60/100|[from] Recoil\n|move|p2a: Tyranitar|Knock Off|p1b: Basculegion\n|-supereffective|p1b: Basculegion|1\n|-damage|p1b: Basculegion|0 fnt\n|-enditem|p1b: Basculegion|Choice Scarf|[from] move: Knock Off|[of] p2a: Tyranitar\n|faint|p1b: Basculegion\n|move|p2b: Farigiraf|Hyper Voice|p1a: Ninetales\n|-crit|p1a: Ninetales\n|-damage|p1a: Ninetales|20/100\n|\n|-weather|Sandstorm|[upkeep]\n|-damage|p1a: Ninetales|14/100|[from] Sandstorm\n|-damage|p2b: Farigiraf|88/100|[from] Sandstorm\n|upkeep\n|\n|t:|1776365448\n|switch|p1b: Crabominable|Crabominable, L50, M|100/100\n|turn|3\n|\n|t:|1776365459\n|switch|p1a: Slowking|Slowking-Galar, L50, M|94/100\n|-clearboost|p1b: Crabominable|[from] ability: Curious Medicine|[of] p1a: Slowking\n|detailschange|p1b: Crabominable|Crabominable-Mega, L50, M\n|-mega|p1b: Crabominable|Crabominable|Crabominite\n|move|p2a: Tyranitar|Protect|p2a: Tyranitar\n|-singleturn|p2a: Tyranitar|Protect\n|move|p1b: Crabominable|Mach Punch||[still]\n|cant|p2b: Farigiraf|ability: Armor Tail|Mach Punch|[of] p1b: Crabominable\n|move|p2b: Farigiraf|Twin Beam|p1b: Crabominable\n|-supereffective|p1b: Crabominable|1\n|-damage|p1b: Crabominable|70/100\n|-supereffective|p1b: Crabominable|1\n|-damage|p1b: Crabominable|35/100\n|-hitcount|p1b: Crabominable|2\n|\n|-weather|Sandstorm|[upkeep]\n|-damage|p2b: Farigiraf|82/100|[from] Sandstorm\n|-damage|p1b: Crabominable|29/100|[from] Sandstorm\n|-damage|p1a: Slowking|88/100|[from] Sandstorm\n|upkeep\n|turn|4\n|\n|t:|1776365482\n|move|p1b: Crabominable|Protect|p1b: Crabominable\n|-singleturn|p1b: Crabominable|Protect\n|move|p2a: Tyranitar|Rock Slide|p1b: Crabominable|[spread] p1a\n|-activate|p1b: Crabominable|move: Protect\n|-damage|p1a: Slowking|48/100\n|move|p2b: Farigiraf|Twin Beam|p1a: Slowking\n|-damage|p1a: Slowking|29/100\n|-damage|p1a: Slowking|12/100\n|-hitcount|p1a: Slowking|2\n|move|p1a: Slowking|Trick Room|p1a: Slowking\n|-fieldstart|move: Trick Room|[of] p1a: Slowking\n|\n|-weather|Sandstorm|[upkeep]\n|-damage|p1a: Slowking|6/100|[from] Sandstorm\n|-damage|p1b: Crabominable|23/100|[from] Sandstorm\n|-damage|p2b: Farigiraf|76/100|[from] Sandstorm\n|upkeep\n|turn|5\n|\n|t:|1776365506\n|move|p2a: Tyranitar|Protect|p2a: Tyranitar\n|-singleturn|p2a: Tyranitar|Protect\n|move|p1a: Slowking|Sludge Bomb|p2a: Tyranitar\n|-activate|p2a: Tyranitar|move: Protect\n|move|p1b: Crabominable|Drain Punch|p1a: Slowking\n|-resisted|p1a: Slowking|2\n|-damage|p1a: Slowking|0 fnt\n|-heal|p1b: Crabominable|25/100|[from] drain|[of] p1a: Slowking\n|faint|p1a: Slowking\n|move|p2b: Farigiraf|Trick Room|p2b: Farigiraf\n|-fieldend|move: Trick Room\n|\n|-weather|Sandstorm|[upkeep]\n|-damage|p2b: Farigiraf|70/100|[from] Sandstorm\n|-damage|p1b: Crabominable|19/100|[from] Sandstorm\n|upkeep\n|inactive|Mr.Nidoom has 30 seconds left.\n|l|\u2606Mr.Nidoom\n|inactive|Mr.Nidoom disconnected and has a minute to reconnect!\n|player|p1|\n|inactive|Mr.Nidoom has 20 seconds left.\n|inactive|Mr.Nidoom has 15 seconds left.\n|inactive|Mr.Nidoom has 10 seconds left.\n|inactive|Mr.Nidoom has 5 seconds left.\n|-message|Mr.Nidoom lost due to inactivity.\n|\n|win|ooky monkey\n|raw|Mr.Nidoom's rating: 1065 &rarr; <strong>1047</strong><br />(-18 for losing)\n|raw|ooky monkey's rating: 1099 &rarr; <strong>1122</strong><br />(+23 for winning)\n",
  "uploadtime": 1776365567,
  "views": 23,
  "formatid": "gen9championsvgc2026regma",
  "rating": 1047,
  "private": 0,
  "password": null
}