{
  "id": "gen9championsvgc2026regma-2580416217",
  "format": "[Gen 9 Champions] VGC 2026 Reg M-A",
  "players": [
    "yauchz33",
    "hozesama"
  ],
  "log": "|j|\u2606yauchz33\n|j|\u2606hozesama\n|t:|1775893198\n|gametype|doubles\n|player|p1|yauchz33|pilot|1111\n|player|p2|hozesama|cynthia-masters4|1069\n|gen|9\n|tier|[Gen 9 Champions] VGC 2026 Reg M-A\n|rated|\n|rule|Species Clause: Limit one of each Pok\u00e9mon\n|rule|Item Clause: Limit 1 of each item\n|clearpoke\n|poke|p1|Starmie, L50|\n|poke|p1|Sinistcha-Masterpiece, L50|\n|poke|p1|Sneasler, L50, M|\n|poke|p1|Kingambit, L50, F|\n|poke|p1|Incineroar, L50, F|\n|poke|p1|Sylveon, L50, F|\n|poke|p2|Gyarados, L50, M|\n|poke|p2|Venusaur, L50, F|\n|poke|p2|Sneasler, L50, F|\n|poke|p2|Kingambit, L50, M|\n|poke|p2|Basculegion, L50, M|\n|poke|p2|Gliscor, L50, M|\n|teampreview|4\n|inactive|Battle timer is ON: inactive players will automatically lose when time's up. (requested by hozesama)\nhozesama rejected open team sheets.\n|\n|t:|1775893239\n|teamsize|p1|4\n|teamsize|p2|4\n|start\n|switch|p1a: Starmie|Starmie, L50|100/100\n|switch|p1b: Incineroar|Incineroar, L50, F|100/100\n|switch|p2a: Venusaur|Venusaur, L50, F|100/100\n|switch|p2b: Basculegion|Basculegion, L50, M|100/100\n|-ability|p1b: Incineroar|Intimidate|boost\n|-unboost|p2a: Venusaur|atk|1\n|-unboost|p2b: Basculegion|atk|1\n|turn|1\n|inactive|yauchz33 has 30 seconds left.\n|\n|t:|1775893270\n|switch|p1a: Sneasler|Sneasler, L50, M|100/100\n|detailschange|p2a: Venusaur|Venusaur-Mega, L50, F\n|-mega|p2a: Venusaur|Venusaur|Venusaurite\n|move|p1b: Incineroar|Fake Out|p2a: Venusaur\n|-damage|p2a: Venusaur|90/100\n|move|p2b: Basculegion|Flip Turn|p1b: Incineroar\n|-supereffective|p1b: Incineroar|1\n|-damage|p1b: Incineroar|51/100\n|\n|t:|1775893280\n|switch|p2b: Gliscor|Gliscor, L50, M|100/100|[from] Flip Turn\n|cant|p2a: Venusaur|flinch\n|\n|upkeep\n|turn|2\n|\n|t:|1775893295\n|move|p2a: Venusaur|Protect|p2a: Venusaur\n|-singleturn|p2a: Venusaur|Protect\n|move|p1a: Sneasler|Rock Slide|p2b: Gliscor|[spread] p2b\n|-activate|p2a: Venusaur|move: Protect\n|-damage|p2b: Gliscor|85/100\n|move|p2b: Gliscor|High Horsepower|p1a: Sneasler\n|-supereffective|p1a: Sneasler|1\n|-enditem|p1a: Sneasler|Focus Sash\n|-damage|p1a: Sneasler|1/100\n|move|p1b: Incineroar|Flare Blitz|p2a: Venusaur\n|-activate|p2a: Venusaur|move: Protect\n|\n|upkeep\n|turn|3\n|inactive|yauchz33 has 30 seconds left.\n|\n|t:|1775893323\n|move|p1a: Sneasler|Rock Slide|p2a: Venusaur|[spread] p2a,p2b\n|-damage|p2a: Venusaur|73/100\n|-damage|p2b: Gliscor|70/100\n|move|p2b: Gliscor|High Horsepower|p1b: Incineroar\n|-supereffective|p1b: Incineroar|1\n|-damage|p1b: Incineroar|0 fnt\n|faint|p1b: Incineroar\n|move|p2a: Venusaur|Sludge Bomb|p1a: Sneasler\n|-resisted|p1a: Sneasler|1\n|-damage|p1a: Sneasler|0 fnt\n|faint|p1a: Sneasler\n|\n|upkeep\n|\n|t:|1775893334\n|switch|p1a: Starmie|Starmie, L50|100/100\n|switch|p1b: Sinistcha|Sinistcha-Masterpiece, L50|100/100\n|turn|4\n|inactive|yauchz33 has 30 seconds left.\n|inactive|yauchz33 has 20 seconds left.\n|\n|t:|1775893370\n|switch|p2b: Kingambit|Kingambit, L50, M|100/100\n|detailschange|p1a: Starmie|Starmie-Mega, L50\n|-mega|p1a: Starmie|Starmie|Starminite\n|move|p1b: Sinistcha|Rage Powder|p1b: Sinistcha\n|-singleturn|p1b: Sinistcha|move: Rage Powder\n|move|p1a: Starmie|Zen Headbutt|p2a: Venusaur\n|-supereffective|p2a: Venusaur|1\n|-damage|p2a: Venusaur|0 fnt\n|faint|p2a: Venusaur\n|\n|upkeep\n|\n|t:|1775893380\n|switch|p2a: Basculegion|Basculegion, L50, M|100/100\n|turn|5\n|\n|t:|1775893398\n|move|p2a: Basculegion|Last Respects|p1a: Starmie\n|-supereffective|p1a: Starmie|1\n|-damage|p1a: Starmie|0 fnt\n|faint|p1a: Starmie\n|move|p1b: Sinistcha|Shadow Ball|p2a: Basculegion\n|-supereffective|p2a: Basculegion|1\n|-damage|p2a: Basculegion|24/100\n|-unboost|p2a: Basculegion|spd|1\n|move|p2b: Kingambit|Kowtow Cleave|p1b: Sinistcha\n|-supereffective|p1b: Sinistcha|1\n|-damage|p1b: Sinistcha|15/100\n|\n|-heal|p1b: Sinistcha|21/100|[from] item: Leftovers\n|upkeep\n|turn|6\n|-message|yauchz33 forfeited.\n|\n|win|hozesama\n|raw|yauchz33's rating: 1111 &rarr; <strong>1083</strong><br />(-28 for losing)\n|raw|hozesama's rating: 1069 &rarr; <strong>1102</strong><br />(+33 for winning)\n|l|\u2606yauchz33\n|player|p1|\n",
  "uploadtime": 1775893415,
  "views": 15,
  "formatid": "gen9championsvgc2026regma",
  "rating": 1083,
  "private": 0,
  "password": null
}