{
  "id": "gen9championsvgc2026regma-2587985911",
  "format": "[Gen 9 Champions] VGC 2026 Reg M-A",
  "players": [
    "colacheto",
    "1#miraidonhater"
  ],
  "log": "|j|\u2606colacheto\n|j|\u26061#miraidonhater\n|t:|1776588943\n|gametype|doubles\n|player|p1|colacheto|101|1348\n|player|p2|1#miraidonhater|volkner|1371\n|gen|9\n|tier|[Gen 9 Champions] VGC 2026 Reg M-A\n|rated|\n|rule|Species Clause: Limit one of each Pok\u00e9mon\n|rule|Item Clause: Limit 1 of each item\n|clearpoke\n|poke|p1|Gengar, L50, M, shiny|\n|poke|p1|Rotom-Wash, L50, shiny|\n|poke|p1|Kingambit, L50, M|\n|poke|p1|Incineroar, L50, M|\n|poke|p1|Sinistcha, L50|\n|poke|p1|Kommo-o, L50, M|\n|poke|p2|Gardevoir, L50, M|\n|poke|p2|Basculegion, L50, M|\n|poke|p2|Tsareena, L50, F|\n|poke|p2|Incineroar, L50, F|\n|poke|p2|Pelipper, L50, F|\n|poke|p2|Archaludon, L50, F|\n|teampreview|4\n|inactive|Battle timer is ON: inactive players will automatically lose when time's up. (requested by colacheto)\n|\n|t:|1776589006\n|teamsize|p1|4\n|teamsize|p2|4\n|start\n|switch|p1a: Shenglong|Kommo-o, L50, M|100/100\n|switch|p1b: Rotom|Rotom-Wash, L50, shiny|100/100\n|switch|p2a: Dop Dururum|Basculegion, L50, M|100/100\n|switch|p2b: Bishow|Gardevoir, L50, M|100/100\n|-ability|p2b: Bishow|Levitate|Trace|[from] ability: Trace|[of] p1b: Rotom\n|turn|1\n|\n|t:|1776589031\n|detailschange|p2b: Bishow|Gardevoir-Mega, L50, M\n|-mega|p2b: Bishow|Gardevoir|Gardevoirite\n|move|p2a: Dop Dururum|Flip Turn|p1b: Rotom\n|-resisted|p1b: Rotom|1\n|-damage|p1b: Rotom|84/100\n|\n|t:|1776589038\n|switch|p2a: Killer Queen|Tsareena, L50, F|100/100|[from] Flip Turn\n|move|p2b: Bishow|Psychic|p1a: Shenglong\n|-supereffective|p1a: Shenglong|1\n|-damage|p1a: Shenglong|0 fnt\n|faint|p1a: Shenglong\n|move|p1b: Rotom|Thunderbolt|p2a: Killer Queen\n|-resisted|p2a: Killer Queen|1\n|-damage|p2a: Killer Queen|84/100\n|\n|upkeep\n|\n|t:|1776589044\n|switch|p1a: Kingambit|Kingambit, L50, M|100/100\n|turn|2\n|inactive|colacheto has 30 seconds left.\n|\n|t:|1776589070\n|move|p1b: Rotom|Protect|p1b: Rotom\n|-singleturn|p1b: Rotom|Protect\n|move|p2b: Bishow|Hyper Voice|p1a: Kingambit|[spread] p1a\n|-activate|p1b: Rotom|move: Protect\n|-damage|p1a: Kingambit|54/100\n|move|p2a: Killer Queen|Low Kick|p1a: Kingambit\n|-supereffective|p1a: Kingambit|2\n|-enditem|p1a: Kingambit|Chople Berry|[eat]\n|-enditem|p1a: Kingambit|Chople Berry|[weaken]\n|-damage|p1a: Kingambit|15/100\n|move|p1a: Kingambit|Iron Head|p2b: Bishow\n|-supereffective|p2b: Bishow|1\n|-damage|p2b: Bishow|0 fnt\n|faint|p2b: Bishow\n|\n|upkeep\n|\n|t:|1776589092\n|switch|p2b: Dop Dururum|Basculegion, L50, M|100/100\n|turn|3\n|\n|t:|1776589099\n|move|p1a: Kingambit|Protect|p1a: Kingambit\n|-singleturn|p1a: Kingambit|Protect\n|move|p2b: Dop Dururum|Last Respects|p1b: Rotom\n|-damage|p1b: Rotom|29/100\n|move|p2a: Killer Queen|Low Kick|p1a: Kingambit\n|-activate|p1a: Kingambit|move: Protect\n|move|p1b: Rotom|Thunderbolt|p2b: Dop Dururum\n|-supereffective|p2b: Dop Dururum|1\n|-damage|p2b: Dop Dururum|27/100\n|\n|upkeep\n|turn|4\n|\n|t:|1776589116\n|switch|p1a: Sinistcha|Sinistcha, L50|100/100\n|-heal|p1b: Rotom|54/100|[from] ability: Hospitality|[of] p1a: Sinistcha\n|move|p1b: Rotom|Protect|p1b: Rotom\n|-singleturn|p1b: Rotom|Protect\n|move|p2b: Dop Dururum|Last Respects|p1b: Rotom\n|-activate|p1b: Rotom|move: Protect\n|move|p2a: Killer Queen|Low Kick|p1a: Sinistcha\n|-immune|p1a: Sinistcha\n|\n|upkeep\n|turn|5\n|inactive|colacheto has 30 seconds left.\n|\n|t:|1776589145\n|switch|p2b: EVERY LAST DROP|Archaludon, L50, F|100/100\n|move|p2a: Killer Queen|Triple Axel|p1a: Sinistcha\n|-supereffective|p1a: Sinistcha|1\n|-damage|p1a: Sinistcha|89/100\n|-supereffective|p1a: Sinistcha|1\n|-damage|p1a: Sinistcha|70/100\n|-supereffective|p1a: Sinistcha|1\n|-damage|p1a: Sinistcha|39/100\n|-enditem|p1a: Sinistcha|Sitrus Berry|[eat]\n|-heal|p1a: Sinistcha|63/100|[from] item: Sitrus Berry\n|-hitcount|p1a: Sinistcha|3\n|move|p1b: Rotom|Thunderbolt|p2b: EVERY LAST DROP\n|-resisted|p2b: EVERY LAST DROP|1\n|-damage|p2b: EVERY LAST DROP|75/100\n|move|p1a: Sinistcha|Life Dew|p1a: Sinistcha|[spread] p1a,p1b\n|-heal|p1a: Sinistcha|89/100\n|-heal|p1b: Rotom|79/100\n|\n|upkeep\n|turn|6\n|inactive|colacheto has 30 seconds left.\n|inactive|1#miraidonhater has 30 seconds left.\n|\n|t:|1776589175\n|move|p1a: Sinistcha|Protect|p1a: Sinistcha\n|-singleturn|p1a: Sinistcha|Protect\n|move|p2b: EVERY LAST DROP|Draco Meteor|p1a: Sinistcha\n|-activate|p1a: Sinistcha|move: Protect\n|move|p2a: Killer Queen|Trop Kick|p1b: Rotom\n|-supereffective|p1b: Rotom|1\n|-damage|p1b: Rotom|14/100\n|-unboost|p1b: Rotom|atk|1\n|move|p1b: Rotom|Will-O-Wisp|p2a: Killer Queen\n|-status|p2a: Killer Queen|brn\n|\n|-damage|p2a: Killer Queen|78/100 brn|[from] brn\n|upkeep\n|turn|7\n|\n|t:|1776589196\n|move|p1b: Rotom|Protect|p1b: Rotom\n|-singleturn|p1b: Rotom|Protect\n|move|p2b: EVERY LAST DROP|Draco Meteor|p1a: Sinistcha\n|-damage|p1a: Sinistcha|20/100\n|-unboost|p2b: EVERY LAST DROP|spa|2\n|move|p2a: Killer Queen|Trop Kick|p1b: Rotom\n|-activate|p1b: Rotom|move: Protect\n|move|p1a: Sinistcha|Life Dew|p1a: Sinistcha|[spread] p1a,p1b\n|-heal|p1a: Sinistcha|45/100\n|-heal|p1b: Rotom|39/100\n|\n|-damage|p2a: Killer Queen|72/100 brn|[from] brn\n|upkeep\n|turn|8\n|inactive|colacheto has 30 seconds left.\n|\n|t:|1776589222\n|move|p2b: EVERY LAST DROP|Draco Meteor|p1b: Rotom\n|-damage|p1b: Rotom|4/100\n|-unboost|p2b: EVERY LAST DROP|spa|2\n|move|p2a: Killer Queen|Trop Kick|p1b: Rotom\n|-supereffective|p1b: Rotom|1\n|-damage|p1b: Rotom|0 fnt\n|faint|p1b: Rotom\n|move|p1a: Sinistcha|Matcha Gotcha|p2b: EVERY LAST DROP|[spread] p2a,p2b\n|-resisted|p2a: Killer Queen|1\n|-resisted|p2b: EVERY LAST DROP|2\n|-damage|p2a: Killer Queen|60/100 brn\n|-heal|p1a: Sinistcha|51/100|[from] drain|[of] p2a: Killer Queen\n|-damage|p2b: EVERY LAST DROP|66/100\n|-heal|p1a: Sinistcha|56/100|[from] drain|[of] p2b: EVERY LAST DROP\n|\n|-damage|p2a: Killer Queen|54/100 brn|[from] brn\n|upkeep\n|\n|t:|1776589228\n|switch|p1b: Kingambit|Kingambit, L50, M|15/100\n|turn|9\n|\n|t:|1776589242\n|move|p2a: Killer Queen|Protect|p2a: Killer Queen\n|-singleturn|p2a: Killer Queen|Protect\n|move|p1b: Kingambit|Protect|p1b: Kingambit\n|-singleturn|p1b: Kingambit|Protect\n|move|p2b: EVERY LAST DROP|Draco Meteor|p1b: Kingambit\n|-activate|p1b: Kingambit|move: Protect\n|move|p1a: Sinistcha|Life Dew|p1a: Sinistcha|[spread] p1a,p1b\n|-heal|p1a: Sinistcha|81/100\n|-heal|p1b: Kingambit|40/100\n|\n|-damage|p2a: Killer Queen|47/100 brn|[from] brn\n|upkeep\n|-enditem|p2a: Killer Queen|Sitrus Berry|[eat]\n|-heal|p2a: Killer Queen|72/100 brn|[from] item: Sitrus Berry\n|turn|10\n|\n|t:|1776589262\n|switch|p2b: Dop Dururum|Basculegion, L50, M|27/100\n|move|p1a: Sinistcha|Rage Powder|p1a: Sinistcha\n|-singleturn|p1a: Sinistcha|move: Rage Powder\n|move|p2a: Killer Queen|Triple Axel|p1a: Sinistcha\n|-supereffective|p1a: Sinistcha|1\n|-damage|p1a: Sinistcha|76/100\n|-supereffective|p1a: Sinistcha|1\n|-damage|p1a: Sinistcha|66/100\n|-supereffective|p1a: Sinistcha|1\n|-damage|p1a: Sinistcha|50/100\n|-hitcount|p1a: Sinistcha|3\n|move|p1b: Kingambit|Iron Head|p2a: Killer Queen\n|-damage|p2a: Killer Queen|36/100 brn\n|\n|-damage|p2a: Killer Queen|30/100 brn|[from] brn\n|upkeep\n|turn|11\n|\n|t:|1776589282\n|move|p1b: Kingambit|Sucker Punch||[still]\n|cant|p2a: Killer Queen|ability: Queenly Majesty|Sucker Punch|[of] p1b: Kingambit\n|move|p2b: Dop Dururum|Last Respects|p1a: Sinistcha\n|-supereffective|p1a: Sinistcha|1\n|-damage|p1a: Sinistcha|0 fnt\n|faint|p1a: Sinistcha\n|move|p2a: Killer Queen|Low Kick|p1b: Kingambit\n|-supereffective|p1b: Kingambit|2\n|-damage|p1b: Kingambit|0 fnt\n|faint|p1b: Kingambit\n|\n|win|1#miraidonhater\n",
  "uploadtime": 1776588947,
  "views": 8,
  "formatid": "gen9championsvgc2026regma",
  "rating": null,
  "private": 0,
  "password": null
}