{
  "id": "gen9championsvgc2026regma-2588556807",
  "format": "[Gen 9 Champions] VGC 2026 Reg M-A",
  "players": [
    "MrMagikarplml",
    "hexmang333"
  ],
  "log": "|j|\u2606MrMagikarplml\n|j|\u2606hexmang333\n|t:|1776644689\n|gametype|doubles\n|player|p1|MrMagikarplml|chuck|1061\n|player|p2|hexmang333|burglar|1000\n|gen|9\n|tier|[Gen 9 Champions] VGC 2026 Reg M-A\n|rated|\n|rule|Species Clause: Limit one of each Pok\u00e9mon\n|rule|Item Clause: Limit 1 of each item\n|clearpoke\n|poke|p1|Whimsicott, L50, M|\n|poke|p1|Charizard, L50, F|\n|poke|p1|Incineroar, L50, M|\n|poke|p1|Kingambit, L50, M|\n|poke|p1|Garchomp, L50, F|\n|poke|p1|Rotom-Wash, L50|\n|poke|p2|Charizard, L50, M, shiny|\n|poke|p2|Manectric, L50, M, shiny|\n|poke|p2|Sneasler, L50, M|\n|poke|p2|Alakazam, L50, M|\n|poke|p2|Decidueye, L50, M, shiny|\n|poke|p2|Blastoise, L50, M|\n|teampreview|4\n|inactive|Battle timer is ON: inactive players will automatically lose when time's up. (requested by MrMagikarplml)\n|\n|t:|1776644705\n|teamsize|p1|4\n|teamsize|p2|4\n|start\n|switch|p1a: Whimsicott|Whimsicott, L50, M|100/100\n|switch|p1b: Rotom|Rotom-Wash, L50|100/100\n|switch|p2a: Charizard|Charizard, L50, M, shiny|100/100\n|switch|p2b: Sneasler|Sneasler, L50, M|100/100\n|turn|1\n|\n|t:|1776644725\n|detailschange|p2a: Charizard|Charizard-Mega-X, L50, M, shiny\n|-mega|p2a: Charizard|Charizard|Charizardite X\n|move|p1a: Whimsicott|Protect|p1a: Whimsicott\n|-singleturn|p1a: Whimsicott|Protect\n|move|p1b: Rotom|Electroweb|p2b: Sneasler|[spread] p2a,p2b\n|-resisted|p2a: Charizard|1\n|-damage|p2a: Charizard|90/100\n|-damage|p2b: Sneasler|75/100\n|-unboost|p2a: Charizard|spe|1\n|-unboost|p2b: Sneasler|spe|1\n|move|p2b: Sneasler|Coaching|p2a: Charizard\n|-boost|p2a: Charizard|atk|1\n|-boost|p2a: Charizard|def|1\n|move|p2a: Charizard|Fire Punch|p1a: Whimsicott\n|-activate|p1a: Whimsicott|move: Protect\n|\n|upkeep\n|turn|2\n|inactive|MrMagikarplml has 30 seconds left.\n|\n|t:|1776644754\n|switch|p1a: Charizard|Charizard, L50, F|100/100\n|move|p1b: Rotom|Electroweb|p2a: Charizard|[spread] p2a,p2b\n|-resisted|p2a: Charizard|1\n|-damage|p2a: Charizard|79/100\n|-damage|p2b: Sneasler|47/100\n|-unboost|p2a: Charizard|spe|1\n|-unboost|p2b: Sneasler|spe|1\n|-enditem|p2b: Sneasler|Sitrus Berry|[eat]\n|-heal|p2b: Sneasler|71/100|[from] item: Sitrus Berry\n|move|p2b: Sneasler|Dire Claw|p1a: Charizard\n|-damage|p1a: Charizard|42/100\n|-status|p1a: Charizard|psn|[from] ability: Poison Touch|[of] p2b: Sneasler\n|move|p2a: Charizard|Dragon Claw|p1b: Rotom\n|-damage|p1b: Rotom|0 fnt\n|faint|p1b: Rotom\n|\n|-damage|p1a: Charizard|30/100 psn|[from] psn\n|upkeep\n|\n|t:|1776644776\n|switch|p1b: Garchomp|Garchomp, L50, F|100/100\n|turn|3\n|inactive|hexmang333 has 30 seconds left.\n|inactive|hexmang333 has 20 seconds left.\n|inactive|hexmang333 has 15 seconds left.\n|\n|t:|1776644818\n|detailschange|p1a: Charizard|Charizard-Mega-Y, L50, F\n|-mega|p1a: Charizard|Charizard|Charizardite Y\n|-weather|SunnyDay|[from] ability: Drought|[of] p1a: Charizard\n|move|p1b: Garchomp|Earthquake|p2b: Sneasler|[spread] p2a,p2b\n|-immune|p1a: Charizard\n|-supereffective|p2a: Charizard|1\n|-supereffective|p2b: Sneasler|1\n|-damage|p2a: Charizard|27/100\n|-damage|p2b: Sneasler|0 fnt\n|faint|p2b: Sneasler\n|move|p1a: Charizard|Heat Wave|p2a: Charizard\n|-resisted|p2a: Charizard|2\n|-damage|p2a: Charizard|1/100\n|move|p2a: Charizard|Dragon Claw|p1b: Garchomp\n|-supereffective|p1b: Garchomp|1\n|-damage|p1b: Garchomp|0 fnt\n|-damage|p2a: Charizard|0 fnt|[from] ability: Rough Skin|[of] p1b: Garchomp\n|faint|p1b: Garchomp\n|faint|p2a: Charizard\n|\n|-weather|SunnyDay|[upkeep]\n|-damage|p1a: Charizard|17/100 psn|[from] psn\n|upkeep\n|\n|t:|1776644839\n|switch|p2b: Blastoise|Blastoise, L50, M|100/100\n|switch|p1b: Whimsicott|Whimsicott, L50, M|100/100\n|switch|p2a: Decidueye|Decidueye, L50, M, shiny|100/100\n|turn|4\n|\n|t:|1776644852\n|move|p2b: Blastoise|Fake Out|p1a: Charizard\n|-damage|p1a: Charizard|6/100 psn\n|move|p1b: Whimsicott|Moonblast|p2b: Blastoise\n|-damage|p2b: Blastoise|74/100\n|cant|p1a: Charizard|flinch\n|move|p2a: Decidueye|Spirit Shackle|p1b: Whimsicott\n|-damage|p1b: Whimsicott|33/100\n|-activate|p1b: Whimsicott|trapped\n|\n|-weather|SunnyDay|[upkeep]\n|-heal|p2b: Blastoise|79/100|[from] item: Leftovers\n|-damage|p1a: Charizard|0 fnt|[from] psn\n|faint|p1a: Charizard\n|upkeep\n|turn|5\n|-message|MrMagikarplml forfeited.\n|\n|win|hexmang333\n|raw|MrMagikarplml's rating: 1061 &rarr; <strong>1039</strong><br />(-22 for losing)\n|raw|hexmang333's rating: 1000 &rarr; <strong>1047</strong><br />(+47 for winning)\n|l|\u2606MrMagikarplml\n|player|p1|\n",
  "uploadtime": 1776644872,
  "views": 17,
  "formatid": "gen9championsvgc2026regma",
  "rating": 1039,
  "private": 0,
  "password": null
}