{
  "id": "gen9championsvgc2026regma-2580670130",
  "format": "[Gen 9 Champions] VGC 2026 Reg M-A",
  "players": [
    "pretzel_galaxian",
    "shuraigo"
  ],
  "log": "|j|\u2606pretzel_galaxian\n|j|\u2606shuraigo\n|t:|1775922928\n|gametype|doubles\n|player|p1|pretzel_galaxian|170|1059\n|player|p2|shuraigo|169|1033\n|gen|9\n|tier|[Gen 9 Champions] VGC 2026 Reg M-A\n|rated|\n|rule|Species Clause: Limit one of each Pok\u00e9mon\n|rule|Item Clause: Limit 1 of each item\n|clearpoke\n|poke|p1|Medicham, L50, M|\n|poke|p1|Sneasler, L50, F|\n|poke|p1|Clefable, L50, F|\n|poke|p1|Runerigus, L50, M|\n|poke|p1|Torkoal, L50, F|\n|poke|p1|Scovillain, L50, M|\n|poke|p2|Hatterene, L50, F|\n|poke|p2|Farigiraf, L50, F|\n|poke|p2|Incineroar, L50, F|\n|poke|p2|Mudsdale, L50, M|\n|poke|p2|Machamp, L50, F|\n|poke|p2|Appletun, L50, M|\n|teampreview|4\n|inactive|Battle timer is ON: inactive players will automatically lose when time's up. (requested by shuraigo)\n|inactive|shuraigo has 60 seconds left.\n|inactive|shuraigo has 30 seconds left.\n|inactive|shuraigo has 20 seconds left.\n|\n|t:|1775923022\n|teamsize|p1|4\n|teamsize|p2|4\n|start\n|switch|p1a: Medicham|Medicham, L50, M, shiny|100/100\n|switch|p1b: Sneasler|Sneasler, L50, F|100/100\n|switch|p2a: Farigiraf|Farigiraf, L50, F|100/100\n|switch|p2b: Incineroar|Incineroar, L50, F|100/100\n|turn|1\n|inactive|shuraigo has 30 seconds left.\n|inactive|shuraigo has 20 seconds left.\n|inactive|shuraigo has 15 seconds left.\n|inactive|shuraigo has 10 seconds left.\n|inactive|shuraigo has 5 seconds left.\n|\n|t:|1775923075\n|switch|p1b: Runerigus|Runerigus, L50, M|100/100\n|move|p2b: Incineroar|Fake Out|p1b: Runerigus\n|-immune|p1b: Runerigus\n|move|p1a: Medicham|Close Combat|p2b: Incineroar\n|-supereffective|p2b: Incineroar|1\n|-enditem|p2b: Incineroar|Chople Berry|[eat]\n|-enditem|p2b: Incineroar|Chople Berry|[weaken]\n|-damage|p2b: Incineroar|24/100\n|-unboost|p1a: Medicham|def|1\n|-unboost|p1a: Medicham|spd|1\n|move|p2a: Farigiraf|Trick Room|p2a: Farigiraf\n|-fieldstart|move: Trick Room|[of] p2a: Farigiraf\n|\n|upkeep\n|turn|2\n|inactive|pretzel_galaxian has 30 seconds left.\n|inactive|pretzel_galaxian has 20 seconds left.\n|inactive|pretzel_galaxian has 15 seconds left.\n|\n|t:|1775923118\n|switch|p1a: Clefable|Clefable, L50, F|100/100\n|move|p1b: Runerigus|Body Press|p2b: Incineroar\n|-supereffective|p2b: Incineroar|1\n|-damage|p2b: Incineroar|0 fnt\n|faint|p2b: Incineroar\n|move|p2a: Farigiraf|Psychic Noise|p1a: Clefable\n|-damage|p1a: Clefable|77/100\n|-start|p1a: Clefable|move: Heal Block\n|\n|upkeep\n|\n|t:|1775923125\n|switch|p2b: Machamp|Machamp, L50, F|100/100\n|turn|3\n|\n|t:|1775923146\n|switch|p2a: Appletun|Appletun, L50, M|100/100\n|detailschange|p1a: Clefable|Clefable-Mega, L50, F\n|-mega|p1a: Clefable|Clefable|Clefablite\n|move|p1b: Runerigus|Earthquake|p2a: Appletun|[spread] p2a,p2b\n|-immune|p1a: Clefable\n|-resisted|p2a: Appletun|1\n|-damage|p2a: Appletun|85/100\n|-damage|p2b: Machamp|66/100\n|move|p2b: Machamp|Darkest Lariat|p1b: Runerigus\n|-supereffective|p1b: Runerigus|1\n|-damage|p1b: Runerigus|48/100\n|-activate|p2b: Machamp|Skill Swap|Wandering Spirit|No Guard|[of] p1b: Runerigus\n|-enditem|p1b: Runerigus|Sitrus Berry|[eat]\n|-heal|p1b: Runerigus|73/100|[from] item: Sitrus Berry\n|move|p1a: Clefable|Dazzling Gleam|p2a: Appletun|[spread] p2a,p2b\n|-supereffective|p2a: Appletun|1\n|-supereffective|p2b: Machamp|1\n|-damage|p2a: Appletun|51/100\n|-damage|p2b: Machamp|12/100\n|\n|-end|p1a: Clefable|move: Heal Block\n|upkeep\n|turn|4\n|inactive|pretzel_galaxian has 30 seconds left.\n|inactive|pretzel_galaxian has 20 seconds left.\n|inactive|pretzel_galaxian has 15 seconds left.\n|\n|t:|1775923186\n|move|p2b: Machamp|Protect|p2b: Machamp\n|-singleturn|p2b: Machamp|Protect\n|move|p1b: Runerigus|Earthquake|p2b: Machamp|[spread] p2a\n|-activate|p2b: Machamp|move: Protect\n|-immune|p1a: Clefable\n|-resisted|p2a: Appletun|1\n|-damage|p2a: Appletun|35/100\n|move|p2a: Appletun|Apple Acid|p1b: Runerigus\n|-supereffective|p1b: Runerigus|1\n|-damage|p1b: Runerigus|0 fnt\n|faint|p1b: Runerigus\n|move|p1a: Clefable|Dazzling Gleam|p2a: Appletun|[spread] p2a\n|-activate|p2b: Machamp|move: Protect\n|-supereffective|p2a: Appletun|1\n|-damage|p2a: Appletun|2/100\n|\n|upkeep\n|\n|t:|1775923205\n|switch|p1b: Sneasler|Sneasler, L50, F|100/100\n|turn|5\n|\n|t:|1775923215\n|switch|p2a: Farigiraf|Farigiraf, L50, F|100/100\n|move|p1b: Sneasler|Protect|p1b: Sneasler\n|-singleturn|p1b: Sneasler|Protect\n|move|p2b: Machamp|Stone Edge|p1a: Clefable|[miss]\n|-miss|p2b: Machamp|p1a: Clefable\n|move|p1a: Clefable|Dazzling Gleam|p2a: Farigiraf|[spread] p2a,p2b\n|-supereffective|p2b: Machamp|1\n|-damage|p2a: Farigiraf|81/100\n|-damage|p2b: Machamp|0 fnt\n|faint|p2b: Machamp\n|\n|-fieldend|move: Trick Room\n|upkeep\n|-message|shuraigo forfeited.\n|\n|win|pretzel_galaxian\n|raw|pretzel_galaxian's rating: 1059 &rarr; <strong>1088</strong><br />(+29 for winning)\n|raw|shuraigo's rating: 1033 &rarr; <strong>1019</strong><br />(-14 for losing)\n|l|\u2606shuraigo\n|player|p2|\n",
  "uploadtime": 1775923233,
  "views": 11,
  "formatid": "gen9championsvgc2026regma",
  "rating": 1019,
  "private": 0,
  "password": null
}