{
  "id": "gen9championsvgc2026regma-2587483318",
  "format": "[Gen 9 Champions] VGC 2026 Reg M-A",
  "players": [
    "onixandcloyster2",
    "Eevi0n"
  ],
  "log": "|j|\u2606onixandcloyster2\n|j|\u2606Eevi0n\n|t:|1776535637\n|gametype|doubles\n|player|p1|onixandcloyster2|1|\n|player|p2|Eevi0n|2|\n|gen|9\n|tier|[Gen 9 Champions] VGC 2026 Reg M-A\n|rule|Species Clause: Limit one of each Pok\u00e9mon\n|rule|Item Clause: Limit 1 of each item\n|clearpoke\n|poke|p1|Scovillain, L50, M|\n|poke|p1|Ninetales-Alola, L50, M|\n|poke|p1|Arcanine-Hisui, L50, M|\n|poke|p1|Crabominable, L50, M|\n|poke|p1|Zoroark-Hisui, L50, F|\n|poke|p1|Farigiraf, L50, F|\n|poke|p2|Blastoise, L50, M|\n|poke|p2|Garchomp, L50, M|\n|poke|p2|Sneasler, L50, M|\n|poke|p2|Aerodactyl, L50, M|\n|poke|p2|Sylveon, L50, F|\n|poke|p2|Sinistcha, L50|\n|teampreview|4\n|\n|t:|1776535687\n|teamsize|p1|4\n|teamsize|p2|4\n|start\n|switch|p1a: Farigiraf|Farigiraf, L50, F|100/100\n|switch|p1b: Ninetales|Ninetales-Alola, L50, M|100/100\n|switch|p2a: Blastoise|Blastoise, L50, M|100/100\n|switch|p2b: Sneasler|Sneasler, L50, M|100/100\n|-weather|Snowscape|[from] ability: Snow Warning|[of] p1b: Ninetales\n|turn|1\n|\n|t:|1776535716\n|detailschange|p2a: Blastoise|Blastoise-Mega, L50, M\n|-mega|p2a: Blastoise|Blastoise|Blastoisinite\n|move|p2b: Sneasler|Dire Claw|p1b: Ninetales\n|-supereffective|p1b: Ninetales|1\n|-damage|p1b: Ninetales|47/100\n|move|p1b: Ninetales|Aurora Veil|p1b: Ninetales\n|-sidestart|p1: onixandcloyster2|move: Aurora Veil\n|move|p2a: Blastoise|Shell Smash|p2a: Blastoise\n|-unboost|p2a: Blastoise|def|1\n|-unboost|p2a: Blastoise|spd|1\n|-boost|p2a: Blastoise|atk|2\n|-boost|p2a: Blastoise|spa|2\n|-boost|p2a: Blastoise|spe|2\n|move|p1a: Farigiraf|Psychic|p2b: Sneasler\n|-supereffective|p2b: Sneasler|2\n|-damage|p2b: Sneasler|0 fnt\n|faint|p2b: Sneasler\n|\n|-weather|Snowscape|[upkeep]\n|upkeep\n|\n|t:|1776535733\n|switch|p2b: Sinistcha|Sinistcha, L50|100/100\n|turn|2\n|\n|t:|1776535750\n|move|p1a: Farigiraf|Helping Hand|p1b: Ninetales\n|-singleturn|p1b: Ninetales|Helping Hand|[of] p1a: Farigiraf\n|move|p2a: Blastoise|Dark Pulse|p1a: Farigiraf\n|-supereffective|p1a: Farigiraf|1\n|-damage|p1a: Farigiraf|0 fnt\n|faint|p1a: Farigiraf\n|move|p1b: Ninetales|Blizzard|p2b: Sinistcha|[spread] p2a,p2b\n|-resisted|p2a: Blastoise|1\n|-supereffective|p2b: Sinistcha|1\n|-damage|p2a: Blastoise|76/100\n|-damage|p2b: Sinistcha|39/100\n|-status|p2a: Blastoise|frz\n|-status|p2b: Sinistcha|frz\n|-enditem|p2b: Sinistcha|Sitrus Berry|[eat]\n|-heal|p2b: Sinistcha|63/100 frz|[from] item: Sitrus Berry\n|-curestatus|p2b: Sinistcha|frz|[from] move: Matcha Gotcha\n|move|p2b: Sinistcha|Matcha Gotcha|p1b: Ninetales\n|-damage|p1b: Ninetales|27/100\n|-heal|p2b: Sinistcha|72/100|[from] drain|[of] p1b: Ninetales\n|\n|-weather|Snowscape|[upkeep]\n|upkeep\n|\n|t:|1776535773\n|switch|p1a: Arcanine|Arcanine-Hisui, L50, M|100/100\n|-ability|p1a: Arcanine|Intimidate|boost\n|-unboost|p2a: Blastoise|atk|1\n|-unboost|p2b: Sinistcha|atk|1\n|turn|3\n|\n|t:|1776535784\n|cant|p2a: Blastoise|frz\n|move|p1a: Arcanine|Flare Blitz|p2b: Sinistcha\n|-supereffective|p2b: Sinistcha|1\n|-damage|p2b: Sinistcha|0 fnt\n|faint|p2b: Sinistcha\n|-damage|p1a: Arcanine|76/100|[from] Recoil\n|move|p1b: Ninetales|Blizzard|p2a: Blastoise\n|-resisted|p2a: Blastoise|1\n|-damage|p2a: Blastoise|55/100 frz\n|\n|-weather|Snowscape|[upkeep]\n|upkeep\n|\n|t:|1776535794\n|switch|p2b: Sylveon|Sylveon, L50, F|100/100\n|turn|4\n|\n|t:|1776535811\n|move|p2b: Sylveon|Detect|p2b: Sylveon\n|-singleturn|p2b: Sylveon|Protect\n|-curestatus|p2a: Blastoise|frz|[msg]\n|move|p2a: Blastoise|Water Spout|p1a: Arcanine|[spread] p1a,p1b\n|-supereffective|p1a: Arcanine|2\n|-crit|p1b: Ninetales\n|-damage|p1a: Arcanine|0 fnt\n|-damage|p1b: Ninetales|0 fnt\n|faint|p1a: Arcanine\n|faint|p1b: Ninetales\n|\n|-weather|Snowscape|[upkeep]\n|upkeep\n|\n|t:|1776535824\n|switch|p1b: Scovillain|Scovillain, L50, M|100/100\n|turn|5\n|\n|t:|1776535855\n|detailschange|p1b: Scovillain|Scovillain-Mega, L50, M\n|-mega|p1b: Scovillain|Scovillain|Scovillainite\n|move|p2b: Sylveon|Helping Hand|p2a: Blastoise\n|-singleturn|p2a: Blastoise|Helping Hand|[of] p2b: Sylveon\n|move|p2a: Blastoise|Dark Pulse|p1b: Scovillain\n|-damage|p1b: Scovillain|6/100\n|-status|p2a: Blastoise|brn|[from] ability: Spicy Spray|[of] p1b: Scovillain\n|move|p1b: Scovillain|Giga Drain|p2a: Blastoise\n|-supereffective|p2a: Blastoise|1\n|-damage|p2a: Blastoise|0 fnt\n|-heal|p1b: Scovillain|34/100|[from] drain|[of] p2a: Blastoise\n|faint|p2a: Blastoise\n|\n|-weather|none\n|-sideend|p1: onixandcloyster2|move: Aurora Veil\n|upkeep\n|turn|6\n|\n|t:|1776535883\n|move|p1b: Scovillain|Flare Blitz|p2b: Sylveon\n|-damage|p2b: Sylveon|43/100\n|-damage|p1b: Scovillain|14/100|[from] Recoil\n|move|p2b: Sylveon|Hyper Voice|p1b: Scovillain\n|-resisted|p1b: Scovillain|1\n|-damage|p1b: Scovillain|0 fnt\n|-status|p2b: Sylveon|brn|[from] ability: Spicy Spray|[of] p1b: Scovillain\n|faint|p1b: Scovillain\n|\n|win|Eevi0n\n",
  "uploadtime": 1776535895,
  "views": 14,
  "formatid": "gen9championsvgc2026regma",
  "rating": null,
  "private": 0,
  "password": null
}