{
  "id": "gen9championsvgc2026regma-2586978555",
  "format": "[Gen 9 Champions] VGC 2026 Reg M-A",
  "players": [
    "Kairin_Heres",
    "testingtesting101"
  ],
  "log": "|j|\u2606Kairin_Heres\n|j|\u2606testingtesting101\n|t:|1776477673\n|gametype|doubles\n|player|p1|Kairin_Heres|pokemaniac|1096\n|player|p2|testingtesting101|buck|1124\n|gen|9\n|tier|[Gen 9 Champions] VGC 2026 Reg M-A\n|rated|\n|rule|Species Clause: Limit one of each Pok\u00e9mon\n|rule|Item Clause: Limit 1 of each item\n|clearpoke\n|poke|p1|Glaceon, L50, F|\n|poke|p1|Starmie, L50|\n|poke|p1|Basculegion, L50, M|\n|poke|p1|Pelipper, L50, F|\n|poke|p1|Sharpedo, L50, M|\n|poke|p1|Archaludon, L50, F|\n|poke|p2|Delphox, L50, F|\n|poke|p2|Hydrapple, L50, M|\n|poke|p2|Garchomp, L50, M|\n|poke|p2|Torkoal, L50, M|\n|poke|p2|Mimikyu, L50, F|\n|poke|p2|Pidgeot, L50, F|\n|teampreview|4\ntestingtesting101 rejected open team sheets.\n|\n|t:|1776477699\n|teamsize|p1|4\n|teamsize|p2|4\n|start\n|switch|p1a: Glaceon|Glaceon, L50, F|100/100\n|switch|p1b: Starmie|Starmie, L50|100/100\n|switch|p2a: Hehehehe...|Mimikyu, L50, F|100/100\n|switch|p2b: Kaboom!|Hydrapple, L50, M|100/100\n|-ability|p2b: Kaboom!|Supersweet Syrup\n|-unboost|p1a: Glaceon|evasion|1\n|-unboost|p1b: Starmie|evasion|1\n|turn|1\n|\n|t:|1776477716\n|move|p1b: Starmie|Protect|p1b: Starmie\n|-singleturn|p1b: Starmie|Protect\n|move|p2b: Kaboom!|Protect|p2b: Kaboom!\n|-singleturn|p2b: Kaboom!|Protect\n|move|p1a: Glaceon|Ice Beam|p2b: Kaboom!\n|-activate|p2b: Kaboom!|move: Protect\n|move|p2a: Hehehehe...|Trick Room|p2a: Hehehehe...\n|-fieldstart|move: Trick Room|[of] p2a: Hehehehe...\n|\n|upkeep\n|turn|2\n|\n|t:|1776477731\n|switch|p2b: Torkoal|Torkoal, L50, M|100/100\n|-weather|SunnyDay|[from] ability: Drought|[of] p2b: Torkoal\n|switch|p1b: Pelipper|Pelipper, L50, F|100/100\n|-weather|RainDance|[from] ability: Drizzle|[of] p1b: Pelipper\n|move|p2a: Hehehehe...|Shadow Claw|p1b: Pelipper\n|-damage|p1b: Pelipper|59/100\n|move|p1a: Glaceon|Ice Beam|p2b: Torkoal\n|-resisted|p2b: Torkoal|1\n|-damage|p2b: Torkoal|69/100\n|\n|-weather|RainDance|[upkeep]\n|upkeep\n|turn|3\n|\n|t:|1776477756\n|switch|p2b: Kaboom!|Hydrapple, L50, M|100/100\n|move|p2a: Hehehehe...|Play Rough|p1b: Pelipper\n|-damage|p1b: Pelipper|11/100\n|move|p1b: Pelipper|Hurricane|p2b: Kaboom!\n|-supereffective|p2b: Kaboom!|1\n|-damage|p2b: Kaboom!|10/100\n|move|p1a: Glaceon|Ice Beam|p2b: Kaboom!\n|-supereffective|p2b: Kaboom!|2\n|-damage|p2b: Kaboom!|0 fnt\n|faint|p2b: Kaboom!\n|\n|-weather|RainDance|[upkeep]\n|upkeep\n|\n|t:|1776477764\n|switch|p2b: Torkoal|Torkoal, L50, M|69/100\n|-weather|SunnyDay|[from] ability: Drought|[of] p2b: Torkoal\n|turn|4\n|\n|t:|1776477777\n|switch|p1b: Basculegion|Basculegion, L50, M|100/100\n|move|p2b: Torkoal|Heat Wave|p1b: Basculegion|[spread] p1a,p1b\n|-supereffective|p1a: Glaceon|1\n|-resisted|p1b: Basculegion|1\n|-damage|p1a: Glaceon|0 fnt\n|-damage|p1b: Basculegion|70/100\n|faint|p1a: Glaceon\n|move|p2a: Hehehehe...|Shadow Claw|p1b: Basculegion\n|-supereffective|p1b: Basculegion|1\n|-damage|p1b: Basculegion|2/100\n|\n|-weather|SunnyDay|[upkeep]\n|upkeep\n|\n|t:|1776477787\n|switch|p1a: Pelipper|Pelipper, L50, F|11/100\n|-weather|RainDance|[from] ability: Drizzle|[of] p1a: Pelipper\n|turn|5\n|\n|t:|1776477819\n|move|p2b: Torkoal|Eruption|p1a: Pelipper|[spread] p1a,p1b\n|-resisted|p1a: Pelipper|1\n|-resisted|p1b: Basculegion|1\n|-damage|p1a: Pelipper|0 fnt\n|-damage|p1b: Basculegion|0 fnt\n|faint|p1a: Pelipper\n|faint|p1b: Basculegion\n|move|p2a: Hehehehe...|Shadow Claw|p1: Pelipper|[notarget]\n|-fail|p2a: Hehehehe...\n|\n|-weather|RainDance|[upkeep]\n|-fieldend|move: Trick Room\n|upkeep\n|\n|t:|1776477832\n|switch|p1b: Starmie|Starmie, L50|100/100\n|turn|6\n|\n|t:|1776477840\n|switch|p2b: Pidgeot|Pidgeot, L50, F|100/100\n|detailschange|p1b: Starmie|Starmie-Mega, L50\n|-mega|p1b: Starmie|Starmie|Starminite\n|move|p1b: Starmie|Liquidation|p2b: Pidgeot\n|-damage|p2b: Pidgeot|0 fnt\n|faint|p2b: Pidgeot\n|move|p2a: Hehehehe...|Trick Room|p2a: Hehehehe...\n|-fieldstart|move: Trick Room|[of] p2a: Hehehehe...\n|\n|-weather|RainDance|[upkeep]\n|upkeep\n|\n|t:|1776477845\n|switch|p2b: Torkoal|Torkoal, L50, M|69/100\n|-weather|SunnyDay|[from] ability: Drought|[of] p2b: Torkoal\n|turn|7\n|\n|t:|1776477852\n|move|p1b: Starmie|Protect|p1b: Starmie\n|-singleturn|p1b: Starmie|Protect\n|move|p2b: Torkoal|Solar Beam||[still]\n|-prepare|p2b: Torkoal|Solar Beam\n|-anim|p2b: Torkoal|Solar Beam|p1b: Starmie\n|-activate|p1b: Starmie|move: Protect\n|move|p2a: Hehehehe...|Shadow Claw|p1b: Starmie\n|-activate|p1b: Starmie|move: Protect\n|\n|-weather|SunnyDay|[upkeep]\n|upkeep\n|turn|8\n|c|\u2606testingtesting101|Gg\n|\n|t:|1776477862\n|move|p2b: Torkoal|Solar Beam||[still]\n|-prepare|p2b: Torkoal|Solar Beam\n|-anim|p2b: Torkoal|Solar Beam|p1b: Starmie\n|-supereffective|p1b: Starmie|1\n|-damage|p1b: Starmie|20/100\n|move|p2a: Hehehehe...|Shadow Claw|p1b: Starmie\n|-supereffective|p1b: Starmie|1\n|-damage|p1b: Starmie|0 fnt\n|faint|p1b: Starmie\n|\n|win|testingtesting101\n|raw|Kairin_Heres's rating: 1096 &rarr; <strong>1074</strong><br />(-22 for losing)\n|raw|testingtesting101's rating: 1124 &rarr; <strong>1147</strong><br />(+23 for winning)\n",
  "uploadtime": 1776477867,
  "views": 13,
  "formatid": "gen9championsvgc2026regma",
  "rating": 1074,
  "private": 0,
  "password": null
}