{
  "id": "gen9championsvgc2026regma-2580845325",
  "format": "[Gen 9 Champions] VGC 2026 Reg M-A",
  "players": [
    "jyotsha",
    "SageApollo"
  ],
  "log": "|j|\u2606jyotsha\n|j|\u2606SageApollo\n|t:|1775937187\n|gametype|doubles\n|player|p1|jyotsha|102|1097\n|player|p2|SageApollo|1|1008\n|gen|9\n|tier|[Gen 9 Champions] VGC 2026 Reg M-A\n|rated|\n|rule|Species Clause: Limit one of each Pok\u00e9mon\n|rule|Item Clause: Limit 1 of each item\n|clearpoke\n|poke|p1|Aegislash, L50, F|\n|poke|p1|Aerodactyl, L50, M|\n|poke|p1|Incineroar, L50, M|\n|poke|p1|Lucario, L50, F|\n|poke|p1|Milotic, L50, M|\n|poke|p1|Rotom-Wash, L50|\n|poke|p2|Farigiraf, L50, F|\n|poke|p2|Incineroar, L50, M|\n|poke|p2|Sinistcha, L50|\n|poke|p2|Kangaskhan, L50, F|\n|poke|p2|Kingambit, L50, M|\n|poke|p2|Rotom-Wash, L50|\n|teampreview|4\n|inactive|Battle timer is ON: inactive players will automatically lose when time's up. (requested by jyotsha)\n|inactive|jyotsha has 60 seconds left.\n|\n|t:|1775937230\n|teamsize|p1|4\n|teamsize|p2|4\n|start\n|switch|p1a: Aegislash|Aegislash, L50, F|100/100\n|switch|p1b: Milotic|Milotic, L50, M|100/100\n|switch|p2a: Kangaskhan|Kangaskhan, L50, F|100/100\n|switch|p2b: Farigiraf|Farigiraf, L50, F|100/100\n|turn|1\n|\n|t:|1775937249\n|switch|p2a: Rotom|Rotom-Wash, L50|100/100\n|switch|p1b: Lucario|Lucario, L50, F|100/100\n|-formechange|p1a: Aegislash|Aegislash-Blade|\n|move|p1a: Aegislash|Iron Head|p2b: Farigiraf\n|-damage|p2b: Farigiraf|50/100\n|-enditem|p2b: Farigiraf|Sitrus Berry|[eat]\n|-heal|p2b: Farigiraf|75/100|[from] item: Sitrus Berry\n|move|p2b: Farigiraf|Trick Room|p2b: Farigiraf\n|-fieldstart|move: Trick Room|[of] p2b: Farigiraf\n|\n|upkeep\n|turn|2\n|inactive|jyotsha has 30 seconds left.\n|inactive|jyotsha has 20 seconds left.\n|inactive|jyotsha has 15 seconds left.\n|inactive|jyotsha has 10 seconds left.\n|\n|t:|1775937294\n|switch|p1b: Milotic|Milotic, L50, M|100/100\n|move|p2b: Farigiraf|Protect|p2b: Farigiraf\n|-singleturn|p2b: Farigiraf|Protect\n|move|p1a: Aegislash|Iron Head|p2b: Farigiraf\n|-activate|p2b: Farigiraf|move: Protect\n|move|p2a: Rotom|Will-O-Wisp|p1b: Milotic\n|-status|p1b: Milotic|brn\n|\n|-damage|p1b: Milotic|95/100 brn|[from] brn\n|upkeep\n|turn|3\n|inactive|jyotsha has 30 seconds left.\n|inactive|SageApollo has 30 seconds left.\n|inactive|SageApollo has 20 seconds left.\n|inactive|SageApollo has 15 seconds left.\n|inactive|SageApollo has 10 seconds left.\n|inactive|jyotsha has 20 seconds left.\n|inactive|SageApollo has 5 seconds left.\n|inactive|jyotsha has 15 seconds left.\n|\n|t:|1775937350\n|switch|p1a: Rotom|Rotom-Wash, L50|100/100\n|move|p1b: Milotic|Muddy Water|p2a: Rotom|[spread] p2a\n|-miss|p1b: Milotic|p2b: Farigiraf\n|-resisted|p2a: Rotom|1\n|-damage|p2a: Rotom|86/100\n|move|p2a: Rotom|Thunderbolt|p1a: Rotom\n|-damage|p1a: Rotom|44/100\n|move|p2b: Farigiraf|Trick Room|p2b: Farigiraf\n|-fieldend|move: Trick Room\n|\n|-heal|p1b: Milotic|100/100 brn|[from] item: Leftovers\n|-damage|p1b: Milotic|95/100 brn|[from] brn\n|upkeep\n|turn|4\n|inactive|jyotsha has 30 seconds left.\n|\n|t:|1775937382\n|move|p1a: Rotom|Electroweb|p2b: Farigiraf|[spread] p2a,p2b\n|-damage|p2a: Rotom|65/100\n|-damage|p2b: Farigiraf|57/100\n|-unboost|p2a: Rotom|spe|1\n|-unboost|p2b: Farigiraf|spe|1\n|move|p1b: Milotic|Scald|p2b: Farigiraf\n|-crit|p2b: Farigiraf\n|-damage|p2b: Farigiraf|16/100\n|move|p2a: Rotom|Thunderbolt|p1b: Milotic\n|-supereffective|p1b: Milotic|1\n|-damage|p1b: Milotic|35/100 brn\n|move|p2b: Farigiraf|Dazzling Gleam|p1a: Rotom|[spread] p1a,p1b\n|-damage|p1a: Rotom|22/100\n|-damage|p1b: Milotic|25/100 brn\n|\n|-heal|p1b: Milotic|31/100 brn|[from] item: Leftovers\n|-damage|p1b: Milotic|25/100 brn|[from] brn\n|upkeep\n|turn|5\n|inactive|jyotsha has 30 seconds left.\n|inactive|SageApollo has 30 seconds left.\n|inactive|SageApollo has 20 seconds left.\n|\n|t:|1775937421\n|switch|p1b: Aegislash|Aegislash, L50, F|100/100\n|move|p1a: Rotom|Electroweb|p2a: Rotom|[spread] p2a,p2b\n|-damage|p2a: Rotom|43/100\n|-damage|p2b: Farigiraf|0 fnt\n|-unboost|p2a: Rotom|spe|1\n|faint|p2b: Farigiraf\n|move|p2a: Rotom|Thunderbolt|p1a: Rotom\n|-damage|p1a: Rotom|0 fnt\n|faint|p1a: Rotom\n|\n|upkeep\n|\n|t:|1775937436\n|switch|p1a: Lucario|Lucario, L50, F|100/100\n|switch|p2b: Kingambit|Kingambit, L50, M|100/100\n|-activate|p2b: Kingambit|ability: Supreme Overlord\n|-start|p2b: Kingambit|fallen1|[silent]\n|turn|6\n|inactive|jyotsha has 30 seconds left.\n|\n|t:|1775937465\n|detailschange|p1a: Lucario|Lucario-Mega, L50, F\n|-mega|p1a: Lucario|Lucario|Lucarionite\n|move|p2b: Kingambit|Protect|p2b: Kingambit\n|-singleturn|p2b: Kingambit|Protect\n|-formechange|p1b: Aegislash|Aegislash-Blade|\n|move|p1b: Aegislash|Shadow Sneak|p2a: Rotom\n|-damage|p2a: Rotom|18/100\n|move|p1a: Lucario|Drain Punch|p2b: Kingambit\n|-activate|p2b: Kingambit|move: Protect\n|move|p2a: Rotom|Thunderbolt|p1b: Aegislash\n|-damage|p1b: Aegislash|23/100\n|-status|p1b: Aegislash|par\n|\n|upkeep\n|turn|7\n|-message|SageApollo forfeited.\n|\n|win|jyotsha\n|raw|jyotsha's rating: 1097 &rarr; <strong>1116</strong><br />(+19 for winning)\n|raw|SageApollo's rating: 1008 &rarr; <strong>1000</strong><br />(-8 for losing)\n",
  "uploadtime": 1775937466,
  "views": 13,
  "formatid": "gen9championsvgc2026regma",
  "rating": 1000,
  "private": 0,
  "password": null
}