{
  "id": "gen9championsvgc2026regma-2588163248",
  "format": "[Gen 9 Champions] VGC 2026 Reg M-A",
  "players": [
    "Cello L.",
    "giftedyew"
  ],
  "log": "|j|\u2606Cello L.\n|j|\u2606giftedyew\n|html|<table width=\"100%\"><tr><td align=\"left\">Cello L.</td><td align=\"right\">giftedyew</tr><tr><td align=\"left\"><i class=\"fa fa-circle-o\"></i> <i class=\"fa fa-circle-o\"></i> </td><td align=\"right\"><i class=\"fa fa-circle-o\"></i> <i class=\"fa fa-circle-o\"></i> </tr></table>\n|uhtml|bestof|<h2><strong>Game 1</strong> of <a href=\"/game-bestof3-gen9championsvgc2026regma-2588163247\">a best-of-3</a></h2>\n|t:|1776610525\n|gametype|doubles\n|player|p1|Cello L.|cynthia-gen4|\n|player|p2|giftedyew|1|\n|gen|9\n|tier|[Gen 9 Champions] VGC 2026 Reg M-A\n|rated|Tournament battle\n|rule|Species Clause: Limit one of each Pok\u00e9mon\n|rule|Item Clause: Limit 1 of each item\n|raw|<div class=\"infobox\"><details class=\"readmore\" open><summary><strong>2 custom rules:</strong></summary> Force Open Team Sheets, Best of = 3</details></div>\n|clearpoke\n|poke|p1|Floette-Eternal, L50, F|\n|poke|p1|Tyranitar, L50, F|\n|poke|p1|Sneasler, L50, M|\n|poke|p1|Palafin, L50, F|\n|poke|p1|Incineroar, L50, M|\n|poke|p1|Sinistcha-Masterpiece, L50|\n|poke|p2|Aegislash, L50, F, shiny|\n|poke|p2|Garchomp, L50, M|\n|poke|p2|Milotic, L50, F, shiny|\n|poke|p2|Floette-Eternal, L50, F|\n|poke|p2|Sneasler, L50, M|\n|poke|p2|Aerodactyl, L50, F|\n|teampreview|4\n|showteam|p1|Floette-Eternal||Floettite|FlowerVeil|Moonblast,DazzlingGleam,CalmMind,Protect|||F|||50|]Tyranitar||LumBerry|SandStream|RockSlide,KnockOff,HighHorsepower,Protect|||F|||50|]Sneasler||WhiteHerb|Unburden|CloseCombat,DireClaw,FakeOut,Protect|||M|||50|]Palafin||MysticWater|ZerotoHero|WaveCrash,JetPunch,Haze,Protect|||F|||50|]Incineroar||ChopleBerry|Intimidate|FlareBlitz,HelpingHand,FakeOut,PartingShot|||M|||50|]Sinistcha-Masterpiece||SitrusBerry|Hospitality|MatchaGotcha,RagePowder,LifeDew,TrickRoom||||||50|\n|showteam|p2|Aegislash||SpellTag|StanceChange|Poltergeist,IronHead,ShadowSneak,KingsShield|||F|||50|]Garchomp||LumBerry|RoughSkin|Earthquake,StompingTantrum,RockSlide,Protect|||M|||50|]Milotic||SitrusBerry|Competitive|Scald,IcyWind,Recover,Protect|||F|||50|]Floette-Eternal||Floettite|FlowerVeil|Moonblast,DazzlingGleam,CalmMind,Protect|||F|||50|]Sneasler||WhiteHerb|Unburden|DireClaw,CloseCombat,Protect,FakeOut|||M|||50|]Aerodactyl||FocusSash|Unnerve|RockSlide,DualWingbeat,Tailwind,Protect|||F|||50|\n|j| PhantomzTK\n|\n|t:|1776610586\n|teamsize|p1|4\n|teamsize|p2|4\n|start\n|switch|p1a: Heir|Floette-Eternal, L50, F|100/100\n|switch|p1b: Ebb and Flow|Palafin, L50, F|100/100\n|switch|p2a: Milotic|Milotic, L50, F, shiny|100/100\n|switch|p2b: Aerodactyl|Aerodactyl, L50, F|100/100\n|-ability|p2b: Aerodactyl|Unnerve\n|turn|1\n|j| SeulClef\n|\n|t:|1776610626\n|detailschange|p1a: Heir|Floette-Mega, L50, F\n|-mega|p1a: Heir|Floette|Floettite\n|-ability|p1a: Heir|Fairy Aura\n|move|p1b: Ebb and Flow|Protect|p1b: Ebb and Flow\n|-singleturn|p1b: Ebb and Flow|Protect\n|move|p2b: Aerodactyl|Tailwind|p2b: Aerodactyl\n|-sidestart|p2: giftedyew|move: Tailwind\n|move|p2a: Milotic|Scald|p1a: Heir\n|-damage|p1a: Heir|81/100\n|move|p1a: Heir|Calm Mind|p1a: Heir\n|-boost|p1a: Heir|spa|1\n|-boost|p1a: Heir|spd|1\n|\n|upkeep\n|turn|2\n|\n|t:|1776610656\n|move|p1b: Ebb and Flow|Jet Punch|p2b: Aerodactyl\n|-supereffective|p2b: Aerodactyl|1\n|-damage|p2b: Aerodactyl|14/100\n|move|p2b: Aerodactyl|Rock Slide|p1b: Ebb and Flow|[spread] p1a\n|-miss|p2b: Aerodactyl|p1b: Ebb and Flow\n|-damage|p1a: Heir|52/100\n|move|p2a: Milotic|Icy Wind|p1b: Ebb and Flow|[spread] p1a,p1b\n|-resisted|p1b: Ebb and Flow|1\n|-damage|p1a: Heir|47/100\n|-damage|p1b: Ebb and Flow|95/100\n|-unboost|p1a: Heir|spe|1\n|-unboost|p1b: Ebb and Flow|spe|1\n|move|p1a: Heir|Dazzling Gleam|p2b: Aerodactyl|[spread] p2a,p2b\n|-damage|p2a: Milotic|47/100\n|-damage|p2b: Aerodactyl|0 fnt\n|-enditem|p2a: Milotic|Sitrus Berry|[eat]\n|-heal|p2a: Milotic|72/100|[from] item: Sitrus Berry\n|faint|p2b: Aerodactyl\n|\n|upkeep\n|\n|t:|1776610664\n|switch|p2b: Floette|Floette-Eternal, L50, F|100/100\n|turn|3\n|l| SeulClef\n|\n|t:|1776610685\n|detailschange|p1b: Ebb and Flow|Palafin-Hero, L50, F\n|switch|p1b: Doctor|Sinistcha-Masterpiece, L50|100/100\n|-heal|p1a: Heir|72/100|[from] ability: Hospitality|[of] p1b: Doctor\n|detailschange|p2b: Floette|Floette-Mega, L50, F\n|-mega|p2b: Floette|Floette|Floettite\n|-ability|p2b: Floette|Fairy Aura\n|move|p2b: Floette|Dazzling Gleam|p1b: Doctor|[spread] p1a,p1b\n|-damage|p1a: Heir|50/100\n|-damage|p1b: Doctor|58/100\n|move|p2a: Milotic|Scald|p1a: Heir\n|-damage|p1a: Heir|36/100\n|-status|p1a: Heir|brn\n|move|p1a: Heir|Moonblast|p2b: Floette\n|-damage|p2b: Floette|6/100\n|\n|-damage|p1a: Heir|30/100 brn|[from] brn\n|upkeep\n|turn|4\n|\n|t:|1776610714\n|move|p1b: Doctor|Rage Powder|p1b: Doctor\n|-singleturn|p1b: Doctor|move: Rage Powder\n|move|p2b: Floette|Dazzling Gleam|p1b: Doctor|[spread] p1a,p1b\n|-damage|p1a: Heir|9/100 brn\n|-damage|p1b: Doctor|17/100\n|-enditem|p1b: Doctor|Sitrus Berry|[eat]\n|-heal|p1b: Doctor|42/100|[from] item: Sitrus Berry\n|move|p2a: Milotic|Icy Wind|p1a: Heir|[spread] p1b\n|-miss|p2a: Milotic|p1a: Heir\n|-supereffective|p1b: Doctor|1\n|-damage|p1b: Doctor|22/100\n|-unboost|p1b: Doctor|spe|1\n|move|p1a: Heir|Dazzling Gleam|p2b: Floette|[spread] p2a,p2b\n|-damage|p2a: Milotic|24/100\n|-damage|p2b: Floette|0 fnt\n|faint|p2b: Floette\n|\n|-damage|p1a: Heir|3/100 brn|[from] brn\n|-sideend|p2: giftedyew|move: Tailwind\n|upkeep\n|\n|t:|1776610724\n|switch|p2b: Garchomp|Garchomp, L50, M|100/100\n|turn|5\n|\n|t:|1776610757\n|move|p2b: Garchomp|Rock Slide|p1b: Doctor|[spread] p1a,p1b\n|-damage|p1a: Heir|0 fnt\n|-damage|p1b: Doctor|3/100\n|faint|p1a: Heir\n|move|p2a: Milotic|Recover|p2a: Milotic\n|-heal|p2a: Milotic|74/100\n|move|p1b: Doctor|Life Dew|p1b: Doctor\n|-heal|p1b: Doctor|29/100\n|\n|upkeep\n|\n|t:|1776610781\n|switch|p1a: Ebb and Flow|Palafin-Hero, L50, F|95/100\n|-activate|p1a: Ebb and Flow|ability: Zero to Hero\n|turn|6\n|\n|t:|1776610795\n|move|p2b: Garchomp|Protect|p2b: Garchomp\n|-singleturn|p2b: Garchomp|Protect\n|move|p1a: Ebb and Flow|Wave Crash|p2b: Garchomp\n|-activate|p2b: Garchomp|move: Protect\n|move|p2a: Milotic|Scald|p1a: Ebb and Flow\n|-resisted|p1a: Ebb and Flow|1\n|-damage|p1a: Ebb and Flow|81/100\n|-status|p1a: Ebb and Flow|brn\n|move|p1b: Doctor|Life Dew|p1b: Doctor|[spread] p1a,p1b\n|-heal|p1a: Ebb and Flow|100/100 brn\n|-heal|p1b: Doctor|54/100\n|\n|-damage|p1a: Ebb and Flow|95/100 brn|[from] brn\n|upkeep\n|turn|7\n|\n|t:|1776610812\n|move|p2b: Garchomp|Rock Slide|p1b: Doctor|[spread] p1a,p1b\n|-damage|p1a: Ebb and Flow|78/100 brn\n|-damage|p1b: Doctor|38/100\n|move|p1a: Ebb and Flow|Wave Crash|p2b: Garchomp\n|-damage|p2b: Garchomp|49/100\n|-damage|p1a: Ebb and Flow|66/100 brn|[from] ability: Rough Skin|[of] p2b: Garchomp\n|-damage|p1a: Ebb and Flow|51/100 brn|[from] Recoil\n|move|p2a: Milotic|Icy Wind|p1b: Doctor|[spread] p1a,p1b\n|-resisted|p1a: Ebb and Flow|1\n|-supereffective|p1b: Doctor|1\n|-damage|p1a: Ebb and Flow|45/100 brn\n|-damage|p1b: Doctor|20/100\n|-unboost|p1a: Ebb and Flow|spe|1\n|-unboost|p1b: Doctor|spe|1\n|cant|p1b: Doctor|flinch\n|\n|-damage|p1a: Ebb and Flow|40/100 brn|[from] brn\n|upkeep\n|turn|8\n|\n|t:|1776610841\n|move|p2b: Garchomp|Protect|p2b: Garchomp\n|-singleturn|p2b: Garchomp|Protect\n|move|p2a: Milotic|Icy Wind|p1a: Ebb and Flow|[spread] p1a,p1b\n|-resisted|p1a: Ebb and Flow|1\n|-supereffective|p1b: Doctor|1\n|-damage|p1a: Ebb and Flow|35/100 brn\n|-damage|p1b: Doctor|1/100\n|-unboost|p1a: Ebb and Flow|spe|1\n|-unboost|p1b: Doctor|spe|1\n|move|p1a: Ebb and Flow|Wave Crash|p2b: Garchomp\n|-activate|p2b: Garchomp|move: Protect\n|move|p1b: Doctor|Life Dew|p1b: Doctor|[spread] p1a,p1b\n|-heal|p1a: Ebb and Flow|60/100 brn\n|-heal|p1b: Doctor|26/100\n|\n|-damage|p1a: Ebb and Flow|54/100 brn|[from] brn\n|upkeep\n|turn|9\n|\n|t:|1776610854\n|move|p1b: Doctor|Rage Powder|p1b: Doctor\n|-singleturn|p1b: Doctor|move: Rage Powder\n|move|p2b: Garchomp|Rock Slide|p1a: Ebb and Flow|[spread] p1a,p1b\n|-damage|p1a: Ebb and Flow|36/100 brn\n|-damage|p1b: Doctor|9/100\n|move|p2a: Milotic|Scald|p1b: Doctor\n|-resisted|p1b: Doctor|1\n|-damage|p1b: Doctor|0 fnt\n|faint|p1b: Doctor\n|cant|p1a: Ebb and Flow|flinch\n|\n|-damage|p1a: Ebb and Flow|30/100 brn|[from] brn\n|upkeep\n|\n|t:|1776610859\n|switch|p1b: Killer Stairs|Sneasler, L50, M|100/100\n|turn|10\n|\n|t:|1776610878\n|move|p2a: Milotic|Protect|p2a: Milotic\n|-singleturn|p2a: Milotic|Protect\n|move|p1a: Ebb and Flow|Protect|p1a: Ebb and Flow\n|-singleturn|p1a: Ebb and Flow|Protect\n|move|p1b: Killer Stairs|Close Combat|p2b: Garchomp\n|-damage|p2b: Garchomp|0 fnt\n|-unboost|p1b: Killer Stairs|def|1\n|-unboost|p1b: Killer Stairs|spd|1\n|-damage|p1b: Killer Stairs|88/100|[from] ability: Rough Skin|[of] p2b: Garchomp\n|faint|p2b: Garchomp\n|-enditem|p1b: Killer Stairs|White Herb\n|-clearnegativeboost|p1b: Killer Stairs|[silent]\n|\n|-damage|p1a: Ebb and Flow|25/100 brn|[from] brn\n|upkeep\n|turn|11\n|inactive|Battle timer is ON: inactive players will automatically lose when time's up. (requested by giftedyew)\n|\n|t:|1776610895\n|move|p1b: Killer Stairs|Close Combat|p2a: Milotic\n|-damage|p2a: Milotic|10/100\n|-unboost|p1b: Killer Stairs|def|1\n|-unboost|p1b: Killer Stairs|spd|1\n|move|p2a: Milotic|Recover|p2a: Milotic\n|-heal|p2a: Milotic|60/100\n|move|p1a: Ebb and Flow|Wave Crash|p2a: Milotic\n|-resisted|p2a: Milotic|1\n|-damage|p2a: Milotic|41/100\n|-damage|p1a: Ebb and Flow|18/100 brn|[from] Recoil\n|\n|-damage|p1a: Ebb and Flow|13/100 brn|[from] brn\n|upkeep\n|turn|12\n|-message|giftedyew forfeited.\n|\n|win|Cello L.\n|l|\u2606giftedyew\n|player|p2|\n||giftedyew is ready for game 2.\n",
  "uploadtime": 1776610905,
  "views": 9,
  "formatid": "gen9championsvgc2026regma",
  "rating": null,
  "private": 0,
  "password": null
}