{
  "id": "gen9championsvgc2026regma-2582953653",
  "format": "[Gen 9 Champions] VGC 2026 Reg M-A",
  "players": [
    "zhz2021",
    "Riverpasta"
  ],
  "log": "|j|\u2606zhz2021\n|j|\u2606Riverpasta\n|t:|1776128044\n|gametype|doubles\n|player|p1|zhz2021|marley|1380\n|player|p2|Riverpasta|red|1378\n|gen|9\n|tier|[Gen 9 Champions] VGC 2026 Reg M-A\n|rated|\n|rule|Species Clause: Limit one of each Pok\u00e9mon\n|rule|Item Clause: Limit 1 of each item\n|clearpoke\n|poke|p1|Sableye, L50, F|\n|poke|p1|Archaludon, L50, F|\n|poke|p1|Pelipper, L50, F|\n|poke|p1|Scovillain, L50, M|\n|poke|p1|Basculegion-F, L50, F|\n|poke|p1|Gengar, L50, F|\n|poke|p2|Floette-Eternal, L50, F|\n|poke|p2|Orthworm, L50, M|\n|poke|p2|Garchomp, L50, M|\n|poke|p2|Tyranitar, L50, F|\n|poke|p2|Rotom-Heat, L50|\n|poke|p2|Gyarados, L50, F|\n|teampreview|4\n|j| hiker stahl\n|j| coscu fan\n|l| coscu fan\n|\n|t:|1776128086\n|teamsize|p1|4\n|teamsize|p2|4\n|start\n|switch|p1a: Scovillain|Scovillain, L50, M|100/100\n|switch|p1b: Basculegion|Basculegion-F, L50, F|100/100\n|switch|p2a: Gyarados|Gyarados, L50, F|100/100\n|switch|p2b: Garchomp|Garchomp, L50, M|100/100\n|-ability|p2a: Gyarados|Intimidate|boost\n|-unboost|p1a: Scovillain|atk|1\n|-unboost|p1b: Basculegion|atk|1\n|turn|1\n|\n|t:|1776128116\n|detailschange|p1a: Scovillain|Scovillain-Mega, L50, M\n|-mega|p1a: Scovillain|Scovillain|Scovillainite\n|move|p2b: Garchomp|Swords Dance|p2b: Garchomp\n|-boost|p2b: Garchomp|atk|2\n|move|p2a: Gyarados|Dragon Dance|p2a: Gyarados\n|-boost|p2a: Gyarados|atk|1\n|-boost|p2a: Gyarados|spe|1\n|move|p1b: Basculegion|Icy Wind|p2b: Garchomp|[spread] p2a,p2b\n|-supereffective|p2b: Garchomp|2\n|-damage|p2a: Gyarados|86/100\n|-damage|p2b: Garchomp|39/100\n|-unboost|p2a: Gyarados|spe|1\n|-unboost|p2b: Garchomp|spe|1\n|move|p1a: Scovillain|Giga Drain|p2a: Gyarados\n|-damage|p2a: Gyarados|50/100\n|\n|upkeep\n|turn|2\n|\n|t:|1776128146\n|move|p2b: Garchomp|Protect|p2b: Garchomp\n|-singleturn|p2b: Garchomp|Protect\n|move|p1a: Scovillain|Rage Powder|p1a: Scovillain\n|-singleturn|p1a: Scovillain|move: Rage Powder\n|move|p2a: Gyarados|Waterfall|p1a: Scovillain\n|-damage|p1a: Scovillain|34/100\n|-status|p2a: Gyarados|brn|[from] ability: Spicy Spray|[of] p1a: Scovillain\n|move|p1b: Basculegion|Icy Wind|p2b: Garchomp|[spread] p2a\n|-activate|p2b: Garchomp|move: Protect\n|-damage|p2a: Gyarados|38/100 brn\n|-unboost|p2a: Gyarados|spe|1\n|\n|-damage|p2a: Gyarados|32/100 brn|[from] brn\n|upkeep\n|turn|3\n|c|\u2606Riverpasta|Spicy spray\n|\n|t:|1776128167\n|switch|p2b: Tyranitar|Tyranitar, L50, F|100/100\n|-weather|Sandstorm|[from] ability: Sand Stream|[of] p2b: Tyranitar\n|move|p1b: Basculegion|Hex|p2b: Tyranitar\n|-resisted|p2b: Tyranitar|1\n|-damage|p2b: Tyranitar|90/100\n|move|p1a: Scovillain|Giga Drain|p2a: Gyarados\n|-damage|p2a: Gyarados|0 fnt\n|-heal|p1a: Scovillain|50/100|[from] drain|[of] p2a: Gyarados\n|faint|p2a: Gyarados\n|\n|-weather|Sandstorm|[upkeep]\n|-damage|p1b: Basculegion|94/100|[from] Sandstorm\n|-damage|p1a: Scovillain|45/100|[from] Sandstorm\n|upkeep\n|\n|t:|1776128173\n|switch|p2a: Floette|Floette-Eternal, L50, F|100/100\n|turn|4\n|\n|t:|1776128190\n|detailschange|p2a: Floette|Floette-Mega, L50, F\n|-mega|p2a: Floette|Floette|Floettite\n|-ability|p2a: Floette|Fairy Aura\n|move|p1b: Basculegion|Protect|p1b: Basculegion\n|-singleturn|p1b: Basculegion|Protect\n|move|p2a: Floette|Moonblast|p1a: Scovillain\n|-resisted|p1a: Scovillain|1\n|-damage|p1a: Scovillain|2/100\n|-unboost|p1a: Scovillain|spa|1\n|-status|p2a: Floette|brn|[from] ability: Spicy Spray|[of] p1a: Scovillain\n|move|p2b: Tyranitar|Dragon Dance|p2b: Tyranitar\n|-boost|p2b: Tyranitar|atk|1\n|-boost|p2b: Tyranitar|spe|1\n|move|p1a: Scovillain|Overheat|p2a: Floette\n|-damage|p2a: Floette|65/100 brn\n|-unboost|p1a: Scovillain|spa|2\n|\n|-weather|Sandstorm|[upkeep]\n|-damage|p2a: Floette|59/100 brn|[from] Sandstorm\n|-damage|p1b: Basculegion|88/100|[from] Sandstorm\n|-damage|p1a: Scovillain|0 fnt|[from] Sandstorm\n|faint|p1a: Scovillain\n|-damage|p2a: Floette|53/100 brn|[from] brn\n|upkeep\n|\n|t:|1776128203\n|switch|p1a: Sableye|Sableye, L50, F|100/100\n|turn|5\n|\n|t:|1776128210\n|move|p1a: Sableye|Rain Dance|p1a: Sableye\n|-weather|RainDance\n|move|p1b: Basculegion|Muddy Water|p2b: Tyranitar|[spread] p2a,p2b\n|-supereffective|p2b: Tyranitar|1\n|-damage|p2a: Floette|12/100 brn\n|-damage|p2b: Tyranitar|0 fnt\n|faint|p2b: Tyranitar\n|move|p2a: Floette|Moonblast|p1a: Sableye\n|-supereffective|p1a: Sableye|1\n|-damage|p1a: Sableye|0 fnt\n|faint|p1a: Sableye\n|\n|-weather|RainDance|[upkeep]\n|-damage|p2a: Floette|6/100 brn|[from] brn\n|upkeep\n|\n|t:|1776128218\n|switch|p2b: Garchomp|Garchomp, L50, M|39/100\n|switch|p1a: Archaludon|Archaludon, L50, F|100/100\n|turn|6\n|-message|Riverpasta forfeited.\n|\n|win|zhz2021\n|raw|zhz2021's rating: 1380 &rarr; <strong>1400</strong><br />(+20 for winning)\n|raw|Riverpasta's rating: 1378 &rarr; <strong>1358</strong><br />(-20 for losing)\n|l|\u2606Riverpasta\n|player|p2|\n|l| hiker stahl\n",
  "uploadtime": 1776128285,
  "views": 23,
  "formatid": "gen9championsvgc2026regma",
  "rating": 1358,
  "private": 0,
  "password": null
}