{
  "id": "gen9championsvgc2026regma-2586496739",
  "format": "[Gen 9 Champions] VGC 2026 Reg M-A",
  "players": [
    "TGinge",
    "Fanfurie"
  ],
  "log": "|j|\u2606TGinge\n|j|\u2606Fanfurie\n|t:|1776438722\n|gametype|doubles\n|player|p1|TGinge|1|1219\n|player|p2|Fanfurie|1|1192\n|gen|9\n|tier|[Gen 9 Champions] VGC 2026 Reg M-A\n|rated|\n|rule|Species Clause: Limit one of each Pok\u00e9mon\n|rule|Item Clause: Limit 1 of each item\n|clearpoke\n|poke|p1|Chandelure, L50, M|\n|poke|p1|Farigiraf, L50, F|\n|poke|p1|Whimsicott, L50, M|\n|poke|p1|Incineroar, L50, M|\n|poke|p1|Basculegion, L50, M|\n|poke|p1|Kingambit, L50, M|\n|poke|p2|Gallade, L50, M|\n|poke|p2|Sinistcha, L50|\n|poke|p2|Kingambit, L50, M|\n|poke|p2|Oranguru, L50, M|\n|poke|p2|Milotic, L50, F|\n|poke|p2|Pelipper, L50, F|\n|teampreview|4\n|inactive|Battle timer is ON: inactive players will automatically lose when time's up. (requested by TGinge)\n|inactive|Fanfurie has 60 seconds left.\n|\n|t:|1776438758\n|teamsize|p1|4\n|teamsize|p2|4\n|start\n|switch|p1a: Chandelure|Chandelure, L50, M|100/100\n|switch|p1b: Basculegion|Basculegion, L50, M|100/100\n|switch|p2a: Pelipper|Pelipper, L50, F|100/100\n|switch|p2b: Sinistcha|Sinistcha, L50|100/100\n|-weather|RainDance|[from] ability: Drizzle|[of] p2a: Pelipper\n|turn|1\n|inactive|TGinge has 30 seconds left.\n|inactive|TGinge has 20 seconds left.\n|inactive|TGinge has 15 seconds left.\n|inactive|TGinge has 10 seconds left.\n|inactive|TGinge has 5 seconds left.\n|\n|t:|1776438815\n|detailschange|p1a: Chandelure|Chandelure-Mega, L50, M\n|-mega|p1a: Chandelure|Chandelure|Chandelurite\n|move|p1b: Basculegion|Flip Turn|p2a: Pelipper\n|-resisted|p2a: Pelipper|1\n|-damage|p2a: Pelipper|71/100\n|\n|t:|1776438822\n|switch|p1b: Kingambit|Kingambit, L50, M|100/100|[from] Flip Turn\n|move|p1a: Chandelure|Shadow Ball|p2b: Sinistcha\n|-supereffective|p2b: Sinistcha|1\n|-damage|p2b: Sinistcha|0 fnt\n|faint|p2b: Sinistcha\n|move|p2a: Pelipper|Weather Ball|p1a: Chandelure\n|-supereffective|p1a: Chandelure|1\n|-damage|p1a: Chandelure|0 fnt\n|faint|p1a: Chandelure\n|\n|-weather|RainDance|[upkeep]\n|upkeep\n|\n|t:|1776438833\n|switch|p1a: Basculegion|Basculegion, L50, M|100/100\n|switch|p2b: Gallade|Gallade, L50, M|100/100\n|turn|2\n|\n|t:|1776438855\n|move|p2b: Gallade|Protect|p2b: Gallade\n|-singleturn|p2b: Gallade|Protect\n|move|p1a: Basculegion|Last Respects|p2b: Gallade\n|-activate|p2b: Gallade|move: Protect\n|move|p2a: Pelipper|Tailwind|p2a: Pelipper\n|-sidestart|p2: Fanfurie|move: Tailwind\n|move|p1b: Kingambit|Kowtow Cleave|p2b: Gallade\n|-activate|p2b: Gallade|move: Protect\n|\n|-weather|RainDance|[upkeep]\n|upkeep\n|turn|3\n|inactive|Fanfurie has 30 seconds left.\n|\n|t:|1776438884\n|detailschange|p2b: Gallade|Gallade-Mega, L50, M\n|-mega|p2b: Gallade|Gallade|Galladite\n|move|p1b: Kingambit|Sucker Punch|p2b: Gallade\n|-damage|p2b: Gallade|50/100\n|move|p2b: Gallade|Close Combat|p1b: Kingambit\n|-supereffective|p1b: Kingambit|2\n|-enditem|p1b: Kingambit|Chople Berry|[eat]\n|-enditem|p1b: Kingambit|Chople Berry|[weaken]\n|-damage|p1b: Kingambit|0 fnt\n|-unboost|p2b: Gallade|def|1\n|-unboost|p2b: Gallade|spd|1\n|faint|p1b: Kingambit\n|move|p1a: Basculegion|Last Respects|p2b: Gallade\n|-supereffective|p2b: Gallade|1\n|-damage|p2b: Gallade|0 fnt\n|faint|p2b: Gallade\n|move|p2a: Pelipper|Hurricane|p1a: Basculegion\n|-damage|p1a: Basculegion|42/100\n|\n|-weather|RainDance|[upkeep]\n|upkeep\n|\n|t:|1776438897\n|switch|p2b: Milotic|Milotic, L50, F|100/100\n|switch|p1b: Farigiraf|Farigiraf, L50, F|100/100\n|turn|4\n|\n|t:|1776438913\n|move|p1a: Basculegion|Last Respects|p2a: Pelipper\n|-damage|p2a: Pelipper|0 fnt\n|faint|p2a: Pelipper\n|move|p2b: Milotic|Life Dew||[still]\n|-fail|p2b: Milotic|heal\n|move|p1b: Farigiraf|Trick Room|p1b: Farigiraf\n|-fieldstart|move: Trick Room|[of] p1b: Farigiraf\n|\n|-weather|RainDance|[upkeep]\n|upkeep\n|turn|5\n|\n|t:|1776438931\n|move|p2b: Milotic|Scald|p1a: Basculegion\n|-resisted|p1a: Basculegion|1\n|-damage|p1a: Basculegion|17/100\n|move|p1a: Basculegion|Last Respects|p2b: Milotic\n|-damage|p2b: Milotic|15/100\n|move|p1b: Farigiraf|Trick Room|p1b: Farigiraf\n|-fieldend|move: Trick Room\n|\n|-weather|none\n|-heal|p2b: Milotic|22/100|[from] item: Leftovers\n|-sideend|p2: Fanfurie|move: Tailwind\n|upkeep\n|turn|6\n|\n|t:|1776438943\n|move|p1a: Basculegion|Last Respects|p2b: Milotic\n|-damage|p2b: Milotic|0 fnt\n|faint|p2b: Milotic\n|\n|win|TGinge\n|raw|TGinge's rating: 1219 &rarr; <strong>1242</strong><br />(+23 for winning)\n|raw|Fanfurie's rating: 1192 &rarr; <strong>1169</strong><br />(-23 for losing)\n|l|\u2606Fanfurie\n|player|p2|\n",
  "uploadtime": 1776438947,
  "views": 25,
  "formatid": "gen9championsvgc2026regma",
  "rating": 1169,
  "private": 0,
  "password": null
}