{
  "id": "gen9championsvgc2026regma-2581256052",
  "format": "[Gen 9 Champions] VGC 2026 Reg M-A",
  "players": [
    "doggiewoofwoof",
    "Cobbsicle"
  ],
  "log": "|j|\u2606doggiewoofwoof\n|j|\u2606Cobbsicle\n|t:|1775977112\n|gametype|doubles\n|player|p1|doggiewoofwoof|102|1052\n|player|p2|Cobbsicle|harlequin|1026\n|gen|9\n|tier|[Gen 9 Champions] VGC 2026 Reg M-A\n|rated|\n|rule|Species Clause: Limit one of each Pok\u00e9mon\n|rule|Item Clause: Limit 1 of each item\n|clearpoke\n|poke|p1|Starmie, L50|\n|poke|p1|Dragonite, L50, M|\n|poke|p1|Incineroar, L50, F|\n|poke|p1|Aegislash, L50, M|\n|poke|p1|Whimsicott, L50, F|\n|poke|p1|Maushold, L50|\n|poke|p2|Bastiodon, L50, M|\n|poke|p2|Gengar, L50, F|\n|poke|p2|Farigiraf, L50, F|\n|poke|p2|Incineroar, L50, M|\n|poke|p2|Garchomp, L50, F|\n|poke|p2|Rotom-Wash, L50|\n|teampreview|4\n|\n|t:|1775977139\n|teamsize|p1|4\n|teamsize|p2|4\n|start\n|switch|p1a: Whimsicott|Whimsicott, L50, F|100/100\n|switch|p1b: Incineroar|Incineroar, L50, F|100/100\n|switch|p2a: Farigiraf|Farigiraf, L50, F|100/100\n|switch|p2b: Incineroar|Incineroar, L50, M|100/100\n|-ability|p2b: Incineroar|Intimidate|boost\n|-unboost|p1a: Whimsicott|atk|1\n|-unboost|p1b: Incineroar|atk|1\n|-ability|p1b: Incineroar|Intimidate|boost\n|-unboost|p2a: Farigiraf|atk|1\n|-unboost|p2b: Incineroar|atk|1\n|turn|1\n|\n|t:|1775977158\n|move|p1a: Whimsicott|Protect|p1a: Whimsicott\n|-singleturn|p1a: Whimsicott|Protect\n|move|p1b: Incineroar|Protect|p1b: Incineroar\n|-singleturn|p1b: Incineroar|Protect\n|move|p2b: Incineroar|Fake Out|p1b: Incineroar\n|-activate|p1b: Incineroar|move: Protect\n|move|p2a: Farigiraf|Trick Room|p2a: Farigiraf\n|-fieldstart|move: Trick Room|[of] p2a: Farigiraf\n|\n|upkeep\n|turn|2\n|\n|t:|1775977181\n|move|p1a: Whimsicott|Encore||[still]\n|cant|p2a: Farigiraf|ability: Armor Tail|Encore|[of] p1a: Whimsicott\n|move|p2a: Farigiraf|Calm Mind|p2a: Farigiraf\n|-boost|p2a: Farigiraf|spa|1\n|-boost|p2a: Farigiraf|spd|1\n|move|p1b: Incineroar|Parting Shot|p2b: Incineroar\n|-unboost|p2b: Incineroar|atk|1\n|-unboost|p2b: Incineroar|spa|1\n|\n|t:|1775977190\n|switch|p1b: Starmie|Starmie, L50|100/100|[from] Parting Shot\n|move|p2b: Incineroar|Parting Shot|p1b: Starmie\n|-unboost|p1b: Starmie|atk|1\n|-unboost|p1b: Starmie|spa|1\n|\n|t:|1775977197\n|switch|p2b: Bastiodon|Bastiodon, L50, M|100/100|[from] Parting Shot\n|\n|upkeep\n|turn|3\n|\n|t:|1775977223\n|detailschange|p1b: Starmie|Starmie-Mega, L50\n|-mega|p1b: Starmie|Starmie|Starminite\n|move|p1b: Starmie|Protect|p1b: Starmie\n|-singleturn|p1b: Starmie|Protect\n|move|p2b: Bastiodon|Rock Slide|p1a: Whimsicott|[spread] \n|-activate|p1b: Starmie|move: Protect\n|-miss|p2b: Bastiodon|p1a: Whimsicott\n|move|p2a: Farigiraf|Hyper Voice|p1b: Starmie|[spread] p1a\n|-activate|p1b: Starmie|move: Protect\n|-damage|p1a: Whimsicott|3/100\n|move|p1a: Whimsicott|Moonblast|p2a: Farigiraf\n|-damage|p2a: Farigiraf|78/100\n|\n|upkeep\n|turn|4\n|\n|t:|1775977256\n|switch|p1b: Incineroar|Incineroar, L50, F|100/100\n|-ability|p1b: Incineroar|Intimidate|boost\n|-unboost|p2a: Farigiraf|atk|1\n|-unboost|p2b: Bastiodon|atk|1\n|move|p1a: Whimsicott|Protect|p1a: Whimsicott\n|-singleturn|p1a: Whimsicott|Protect\n|move|p2b: Bastiodon|Body Press|p1b: Incineroar\n|-supereffective|p1b: Incineroar|1\n|-damage|p1b: Incineroar|32/100\n|-enditem|p1b: Incineroar|Sitrus Berry|[eat]\n|-heal|p1b: Incineroar|57/100|[from] item: Sitrus Berry\n|move|p2a: Farigiraf|Hyper Voice|p1a: Whimsicott|[spread] p1b\n|-activate|p1a: Whimsicott|move: Protect\n|-damage|p1b: Incineroar|14/100\n|\n|upkeep\n|turn|5\n|\n|t:|1775977282\n|switch|p2b: Incineroar|Incineroar, L50, M|100/100\n|-ability|p2b: Incineroar|Intimidate|boost\n|-unboost|p1a: Whimsicott|atk|1\n|-unboost|p1b: Incineroar|atk|1\n|move|p1b: Incineroar|Protect|p1b: Incineroar\n|-singleturn|p1b: Incineroar|Protect\n|move|p2a: Farigiraf|Baton Pass|p2a: Farigiraf\n|\n|t:|1775977289\n|switch|p2a: Gengar|Gengar, L50, F|100/100|[from] Baton Pass\n|move|p1a: Whimsicott|Moonblast|p2a: Gengar\n|-resisted|p2a: Gengar|1\n|-damage|p2a: Gengar|82/100\n|\n|-fieldend|move: Trick Room\n|upkeep\n|turn|6\n|\n|t:|1775977310\n|switch|p2b: Bastiodon|Bastiodon, L50, M|100/100\n|detailschange|p2a: Gengar|Gengar-Mega, L50, F\n|-mega|p2a: Gengar|Gengar|Gengarite\n|move|p1a: Whimsicott|Tailwind|p1a: Whimsicott\n|-sidestart|p1: doggiewoofwoof|move: Tailwind\n|move|p2a: Gengar|Sludge Wave|p1b: Incineroar|[spread] p1a,p1b\n|-immune|p2b: Bastiodon\n|-supereffective|p1a: Whimsicott|2\n|-damage|p1a: Whimsicott|0 fnt\n|-damage|p1b: Incineroar|0 fnt\n|faint|p1a: Whimsicott\n|faint|p1b: Incineroar\n|\n|upkeep\n|\n|t:|1775977317\n|switch|p1a: Dragonite|Dragonite, L50, M|100/100\n|switch|p1b: Starmie|Starmie-Mega, L50|100/100\n|turn|7\n|\n|t:|1775977336\n|move|p1b: Starmie|Protect|p1b: Starmie\n|-singleturn|p1b: Starmie|Protect\n|move|p2b: Bastiodon|Protect|p2b: Bastiodon\n|-singleturn|p2b: Bastiodon|Protect\n|move|p1a: Dragonite|Earthquake|p2a: Gengar|[spread] p2a\n|-activate|p1b: Starmie|move: Protect\n|-activate|p2b: Bastiodon|move: Protect\n|-supereffective|p2a: Gengar|1\n|-damage|p2a: Gengar|0 fnt\n|faint|p2a: Gengar\n|\n|upkeep\n|\n|t:|1775977348\n|switch|p2a: Incineroar|Incineroar, L50, M|100/100\n|-ability|p2a: Incineroar|Intimidate|boost\n|-fail|p1a: Dragonite|unboost|Attack|[from] ability: Inner Focus|[of] p1a: Dragonite\n|-unboost|p1b: Starmie|atk|1\n|turn|8\n|\n|t:|1775977369\n|move|p1a: Dragonite|Protect|p1a: Dragonite\n|-singleturn|p1a: Dragonite|Protect\n|move|p2a: Incineroar|Fake Out|p1b: Starmie\n|-damage|p1b: Starmie|82/100\n|cant|p1b: Starmie|flinch\n|move|p2b: Bastiodon|Body Press|p1a: Dragonite\n|-activate|p1a: Dragonite|move: Protect\n|\n|upkeep\n|turn|9\n|\n|t:|1775977400\n|move|p1b: Starmie|Protect|p1b: Starmie\n|-singleturn|p1b: Starmie|Protect\n|move|p2b: Bastiodon|Protect|p2b: Bastiodon\n|-singleturn|p2b: Bastiodon|Protect\n|move|p1a: Dragonite|Earthquake|p2b: Bastiodon|[spread] p2a\n|-activate|p1b: Starmie|move: Protect\n|-activate|p2b: Bastiodon|move: Protect\n|-supereffective|p2a: Incineroar|1\n|-damage|p2a: Incineroar|43/100\n|-enditem|p2a: Incineroar|Sitrus Berry|[eat]\n|-heal|p2a: Incineroar|68/100|[from] item: Sitrus Berry\n|move|p2a: Incineroar|Darkest Lariat|p1b: Starmie\n|-activate|p1b: Starmie|move: Protect\n|\n|-sideend|p1: doggiewoofwoof|move: Tailwind\n|upkeep\n|turn|10\n|\n|t:|1775977434\n|move|p1b: Starmie|Skill Swap|p1a: Dragonite\n|-activate|p1b: Starmie|Skill Swap|||[of] p1a: Dragonite\n|move|p1a: Dragonite|Earthquake|p2b: Bastiodon|[spread] p1b,p2a,p2b\n|-supereffective|p2a: Incineroar|1\n|-supereffective|p2b: Bastiodon|2\n|-crit|p2b: Bastiodon\n|-damage|p1b: Starmie|12/100\n|-damage|p2a: Incineroar|0 fnt\n|-enditem|p2b: Bastiodon|Focus Sash\n|-damage|p2b: Bastiodon|1/100\n|faint|p2a: Incineroar\n|move|p2b: Bastiodon|Rock Slide|p1a: Dragonite|[spread] p1a,p1b\n|-supereffective|p1a: Dragonite|1\n|-crit|p1a: Dragonite\n|-damage|p1a: Dragonite|67/100\n|-damage|p1b: Starmie|0 fnt\n|faint|p1b: Starmie\n|\n|upkeep\n|\n|t:|1775977447\n|switch|p2a: Farigiraf|Farigiraf, L50, F|78/100\n|turn|11\n|\n|t:|1775977457\n|move|p2b: Bastiodon|Protect|p2b: Bastiodon\n|-singleturn|p2b: Bastiodon|Protect\n|move|p1a: Dragonite|Earthquake|p2b: Bastiodon|[spread] p2a\n|-activate|p2b: Bastiodon|move: Protect\n|-damage|p2a: Farigiraf|14/100\n|move|p2a: Farigiraf|Hyper Voice|p1a: Dragonite\n|-damage|p1a: Dragonite|9/100\n|\n|upkeep\n|turn|12\n|\n|t:|1775977470\n|move|p1a: Dragonite|Earthquake|p2a: Farigiraf|[spread] p2a,p2b\n|-supereffective|p2b: Bastiodon|2\n|-damage|p2a: Farigiraf|0 fnt\n|-damage|p2b: Bastiodon|0 fnt\n|faint|p2a: Farigiraf\n|faint|p2b: Bastiodon\n|\n|win|doggiewoofwoof\n|raw|doggiewoofwoof's rating: 1052 &rarr; <strong>1082</strong><br />(+30 for winning)\n|raw|Cobbsicle's rating: 1026 &rarr; <strong>1013</strong><br />(-13 for losing)\n|c|\u2606Cobbsicle|gg\n",
  "uploadtime": 1775977476,
  "views": 20,
  "formatid": "gen9championsvgc2026regma",
  "rating": 1013,
  "private": 0,
  "password": null
}