{
  "id": "gen9championsvgc2026regma-2582267288",
  "format": "[Gen 9 Champions] VGC 2026 Reg M-A",
  "players": [
    "gordindoido",
    "ducko6684"
  ],
  "log": "|j|\u2606gordindoido\n|j|\u2606ducko6684\n|t:|1776077956\n|gametype|doubles\n|player|p1|gordindoido|169|1000\n|player|p2|ducko6684|266|1000\n|gen|9\n|tier|[Gen 9 Champions] VGC 2026 Reg M-A\n|rated|\n|rule|Species Clause: Limit one of each Pok\u00e9mon\n|rule|Item Clause: Limit 1 of each item\n|clearpoke\n|poke|p1|Archaludon, L50, F|\n|poke|p1|Sinistcha, L50|\n|poke|p1|Incineroar, L50, F|\n|poke|p1|Pelipper, L50, F|\n|poke|p1|Floette-Eternal, L50, F|\n|poke|p1|Meganium, L50, F|\n|poke|p2|Hawlucha, L50, F|\n|poke|p2|Kingambit, L50, F|\n|poke|p2|Garganacl, L50, M|\n|poke|p2|Vanilluxe, L50, F|\n|poke|p2|Snorlax, L50, M|\n|poke|p2|Steelix, L50, F|\n|teampreview|4\n|\n|t:|1776077989\n|teamsize|p1|4\n|teamsize|p2|4\n|start\n|switch|p1a: Meganium|Meganium, L50, F|100/100\n|switch|p1b: Incineroar|Incineroar, L50, F|100/100\n|switch|p2a: Vanilluxe|Vanilluxe, L50, F|100/100\n|switch|p2b: Steelix|Steelix, L50, F|100/100\n|-weather|Snowscape|[from] ability: Snow Warning|[of] p2a: Vanilluxe\n|-ability|p1b: Incineroar|Intimidate|boost\n|-unboost|p2a: Vanilluxe|atk|1\n|-unboost|p2b: Steelix|atk|1\n|turn|1\n|\n|t:|1776078011\n|switch|p2b: Hawlucha|Hawlucha, L50, F|100/100\n|detailschange|p1a: Meganium|Meganium-Mega, L50, F\n|-mega|p1a: Meganium|Meganium|Meganiumite\n|move|p1b: Incineroar|Fake Out|p2a: Vanilluxe\n|-damage|p2a: Vanilluxe|92/100\n|cant|p2a: Vanilluxe|flinch\n|move|p1a: Meganium|Solar Beam||[still]\n|-prepare|p1a: Meganium|Solar Beam\n|-activate|p1a: Meganium|ability: Mega Sol\n|-anim|p1a: Meganium|Solar Beam|p2b: Hawlucha\n|-resisted|p2b: Hawlucha|1\n|-damage|p2b: Hawlucha|37/100\n|\n|-weather|Snowscape|[upkeep]\n|upkeep\n|turn|2\n|\n|t:|1776078034\n|detailschange|p2b: Hawlucha|Hawlucha-Mega, L50, F\n|-mega|p2b: Hawlucha|Hawlucha|Hawluchanite\n|move|p1a: Meganium|Protect|p1a: Meganium\n|-singleturn|p1a: Meganium|Protect\n|move|p2b: Hawlucha|Entrainment|p2a: Vanilluxe\n|-ability|p2a: Vanilluxe|No Guard|Snow Warning|[from] move: Entrainment|[of] p2b: Hawlucha\n|move|p2a: Vanilluxe|Sheer Cold|p1b: Incineroar\n|-damage|p1b: Incineroar|0 fnt\n|faint|p1b: Incineroar\n|-ohko\n|\n|-weather|Snowscape|[upkeep]\n|upkeep\n|\n|t:|1776078050\n|switch|p1b: Pelipper|Pelipper, L50, F|100/100\n|-weather|RainDance|[from] ability: Drizzle|[of] p1b: Pelipper\n|turn|3\n|\n|t:|1776078065\n|move|p2b: Hawlucha|U-turn|p1b: Pelipper\n|-resisted|p1b: Pelipper|1\n|-damage|p1b: Pelipper|83/100\n|\n|t:|1776078076\n|switch|p2b: Steelix|Steelix, L50, F|100/100|[from] U-turn\n|move|p2a: Vanilluxe|Sheer Cold|p1b: Pelipper\n|-damage|p1b: Pelipper|0 fnt\n|faint|p1b: Pelipper\n|-ohko\n|move|p1a: Meganium|Weather Ball|p2a: Vanilluxe\n|-supereffective|p2a: Vanilluxe|1\n|-damage|p2a: Vanilluxe|0 fnt\n|faint|p2a: Vanilluxe\n|\n|-weather|RainDance|[upkeep]\n|upkeep\n|\n|t:|1776078091\n|switch|p2a: Hawlucha|Hawlucha-Mega, L50, F|37/100\n|switch|p1b: Archaludon|Archaludon, L50, F|100/100\n|turn|4\n|\n|t:|1776078106\n|move|p2a: Hawlucha|Entrainment|p2b: Steelix\n|-ability|p2b: Steelix|No Guard|Sturdy|[from] move: Entrainment|[of] p2a: Hawlucha\n|move|p1b: Archaludon|Electro Shot||[still]\n|-prepare|p1b: Archaludon|Electro Shot\n|-boost|p1b: Archaludon|spa|1\n|-anim|p1b: Archaludon|Electro Shot|p2a: Hawlucha\n|-supereffective|p2a: Hawlucha|1\n|-damage|p2a: Hawlucha|0 fnt\n|faint|p2a: Hawlucha\n|move|p1a: Meganium|Weather Ball|p2b: Steelix\n|-supereffective|p2b: Steelix|1\n|-damage|p2b: Steelix|0 fnt\n|faint|p2b: Steelix\n|\n|-weather|RainDance|[upkeep]\n|upkeep\n|\n|t:|1776078121\n|switch|p2b: Snorlax|Snorlax, L50, M|100/100\n|turn|5\n|\n|t:|1776078131\n|move|p1b: Archaludon|Aura Sphere|p2b: Snorlax\n|-supereffective|p2b: Snorlax|1\n|-damage|p2b: Snorlax|41/100\n|move|p1a: Meganium|Weather Ball|p2b: Snorlax\n|-damage|p2b: Snorlax|19/100\n|move|p2b: Snorlax|Fissure|p1b: Archaludon|[miss]\n|-miss|p2b: Snorlax|p1b: Archaludon\n|\n|-weather|RainDance|[upkeep]\n|-heal|p2b: Snorlax|25/100|[from] item: Leftovers\n|upkeep\n|turn|6\n|\n|t:|1776078149\n|move|p1b: Archaludon|Aura Sphere|p2b: Snorlax\n|-supereffective|p2b: Snorlax|1\n|-damage|p2b: Snorlax|0 fnt\n|faint|p2b: Snorlax\n|\n|win|gordindoido\n|raw|gordindoido's rating: 1000 &rarr; <strong>1040</strong><br />(+40 for winning)\n|raw|ducko6684's rating: 1000 &rarr; <strong>1000</strong><br />(+0 for losing)\n|l|\u2606ducko6684\n|player|p2|\n",
  "uploadtime": 1776078158,
  "views": 28,
  "formatid": "gen9championsvgc2026regma",
  "rating": 1000,
  "private": 0,
  "password": null
}