{
  "id": "gen9championsvgc2026regma-2587666311",
  "format": "[Gen 9 Champions] VGC 2026 Reg M-A",
  "players": [
    "lordofthebagels89",
    "Chenkeng"
  ],
  "log": "|j|\u2606lordofthebagels89\n|j|\u2606Chenkeng\n|t:|1776551888\n|gametype|doubles\n|player|p1|lordofthebagels89|lucian|1270\n|player|p2|Chenkeng|dawn-gen4pt|1367\n|gen|9\n|tier|[Gen 9 Champions] VGC 2026 Reg M-A\n|rated|\n|rule|Species Clause: Limit one of each Pok\u00e9mon\n|rule|Item Clause: Limit 1 of each item\n|clearpoke\n|poke|p1|Glimmora, L50, F|\n|poke|p1|Incineroar, L50, M|\n|poke|p1|Aegislash, L50, F|\n|poke|p1|Sinistcha, L50|\n|poke|p1|Floette-Eternal, L50, F|\n|poke|p1|Milotic, L50, M|\n|poke|p2|Charizard, L50, M|\n|poke|p2|Kingambit, L50, F|\n|poke|p2|Garchomp, L50, M|\n|poke|p2|Sneasler, L50, F|\n|poke|p2|Sinistcha, L50|\n|poke|p2|Rotom-Wash, L50|\n|teampreview|4\n|inactive|Battle timer is ON: inactive players will automatically lose when time's up. (requested by lordofthebagels89)\n|\n|t:|1776551924\n|teamsize|p1|4\n|teamsize|p2|4\n|start\n|switch|p1a: Jowi|Aegislash, L50, F|100/100\n|switch|p1b: Plant|Glimmora, L50, F|100/100\n|switch|p2a: Sneasler|Sneasler, L50, F|100/100\n|switch|p2b: Garchomp|Garchomp, L50, M|100/100\n|turn|1\n|inactive|lordofthebagels89 has 30 seconds left.\n|inactive|lordofthebagels89 has 20 seconds left.\n|inactive|lordofthebagels89 has 15 seconds left.\n|\n|t:|1776551969\n|switch|p1a: Wolfey|Incineroar, L50, M|100/100\n|-ability|p1a: Wolfey|Intimidate|boost\n|-unboost|p2a: Sneasler|atk|1\n|-unboost|p2b: Garchomp|atk|1\n|-enditem|p2a: Sneasler|White Herb\n|-clearnegativeboost|p2a: Sneasler|[silent]\n|detailschange|p1b: Plant|Glimmora-Mega, L50, F\n|-mega|p1b: Plant|Glimmora|Glimmoranite\n|move|p1b: Plant|Spiky Shield|p1b: Plant\n|-singleturn|p1b: Plant|move: Protect\n|move|p2a: Sneasler|Feint|p1b: Plant\n|-activate|p1b: Plant|move: Feint\n|-resisted|p1b: Plant|1\n|-damage|p1b: Plant|94/100\n|move|p2b: Garchomp|Stomping Tantrum|p1b: Plant\n|-supereffective|p1b: Plant|2\n|-damage|p1b: Plant|0 fnt\n|faint|p1b: Plant\n|\n|upkeep\n|\n|t:|1776551983\n|switch|p1b: Fshh|Milotic, L50, M|100/100\n|turn|2\n|inactive|Chenkeng has 30 seconds left.\n|\n|t:|1776552017\n|switch|p2a: Charizard|Charizard, L50, M|100/100\n|move|p1a: Wolfey|Fake Out|p2a: Charizard\n|-damage|p2a: Charizard|84/100\n|move|p2b: Garchomp|Stomping Tantrum|p1a: Wolfey\n|-supereffective|p1a: Wolfey|1\n|-damage|p1a: Wolfey|61/100\n|move|p1b: Fshh|Ice Beam|p2b: Garchomp\n|-supereffective|p2b: Garchomp|2\n|-damage|p2b: Garchomp|0 fnt\n|faint|p2b: Garchomp\n|\n|upkeep\n|\n|t:|1776552035\n|switch|p2b: Sneasler|Sneasler, L50, F|100/100\n|turn|3\n|\n|t:|1776552043\n|detailschange|p2a: Charizard|Charizard-Mega-Y, L50, M\n|-mega|p2a: Charizard|Charizard|Charizardite Y\n|-weather|SunnyDay|[from] ability: Drought|[of] p2a: Charizard\n|move|p1a: Wolfey|Helping Hand|p1b: Fshh\n|-singleturn|p1b: Fshh|Helping Hand|[of] p1a: Wolfey\n|move|p2b: Sneasler|Close Combat|p1a: Wolfey\n|-supereffective|p1a: Wolfey|1\n|-damage|p1a: Wolfey|0 fnt\n|-unboost|p2b: Sneasler|def|1\n|-unboost|p2b: Sneasler|spd|1\n|faint|p1a: Wolfey\n|move|p2a: Charizard|Weather Ball|p1b: Fshh\n|-resisted|p1b: Fshh|1\n|-damage|p1b: Fshh|68/100\n|move|p1b: Fshh|Scald|p2a: Charizard\n|-supereffective|p2a: Charizard|1\n|-damage|p2a: Charizard|26/100\n|\n|-weather|SunnyDay|[upkeep]\n|-heal|p1b: Fshh|74/100|[from] item: Leftovers\n|upkeep\n|\n|t:|1776552059\n|switch|p1a: Jowi|Aegislash, L50, F|100/100\n|turn|4\n|inactive|lordofthebagels89 has 30 seconds left.\n|inactive|Chenkeng has 30 seconds left.\n|\n|t:|1776552091\n|switch|p2a: Sinistcha|Sinistcha, L50|100/100\n|move|p1b: Fshh|Protect|p1b: Fshh\n|-singleturn|p1b: Fshh|Protect\n|-formechange|p1a: Jowi|Aegislash-Blade|\n|move|p1a: Jowi|Shadow Sneak|p2a: Sinistcha\n|-supereffective|p2a: Sinistcha|1\n|-damage|p2a: Sinistcha|66/100\n|move|p2b: Sneasler|Dire Claw|p1b: Fshh\n|-activate|p1b: Fshh|move: Protect\n|\n|-weather|SunnyDay|[upkeep]\n|-heal|p1b: Fshh|80/100|[from] item: Leftovers\n|-heal|p2a: Sinistcha|72/100|[from] item: Leftovers\n|upkeep\n|turn|5\n|\n|t:|1776552113\n|move|p2b: Sneasler|Dire Claw|p1b: Fshh\n|-damage|p1b: Fshh|39/100\n|move|p1b: Fshh|Scald|p2b: Sneasler\n|-damage|p2b: Sneasler|63/100\n|-status|p2b: Sneasler|brn\n|move|p2a: Sinistcha|Matcha Gotcha|p1b: Fshh|[spread] p1a,p1b\n|-resisted|p1a: Jowi|1\n|-supereffective|p1b: Fshh|1\n|-damage|p1a: Jowi|80/100\n|-heal|p2a: Sinistcha|82/100|[from] drain|[of] p1a: Jowi\n|-damage|p1b: Fshh|0 fnt\n|-heal|p2a: Sinistcha|100/100|[from] drain|[of] p1b: Fshh\n|faint|p1b: Fshh\n|move|p1a: Jowi|Poltergeist|p2a: Sinistcha\n|-activate|p2a: Sinistcha|move: Poltergeist|Leftovers\n|-supereffective|p2a: Sinistcha|1\n|-damage|p2a: Sinistcha|2/100\n|\n|-weather|SunnyDay|[upkeep]\n|-heal|p2a: Sinistcha|8/100|[from] item: Leftovers\n|-damage|p2b: Sneasler|57/100 brn|[from] brn\n|upkeep\n|turn|6\n|inactive|Chenkeng has 30 seconds left.\n|\n|t:|1776552146\n|move|p1a: Jowi|Shadow Sneak|p2a: Sinistcha\n|-supereffective|p2a: Sinistcha|1\n|-damage|p2a: Sinistcha|0 fnt\n|faint|p2a: Sinistcha\n|move|p2b: Sneasler|Dire Claw|p1a: Jowi\n|-immune|p1a: Jowi\n|\n|-weather|SunnyDay|[upkeep]\n|-damage|p2b: Sneasler|51/100 brn|[from] brn\n|upkeep\n|\n|t:|1776552156\n|switch|p2a: Charizard|Charizard-Mega-Y, L50, M|26/100\n|turn|7\n|\n|t:|1776552163\n|move|p1a: Jowi|Shadow Sneak|p2a: Charizard\n|-damage|p2a: Charizard|0 fnt\n|faint|p2a: Charizard\n|move|p2b: Sneasler|Dire Claw|p1a: Jowi\n|-immune|p1a: Jowi\n|\n|-weather|none\n|-damage|p2b: Sneasler|46/100 brn|[from] brn\n|upkeep\n|turn|8\n|-message|Chenkeng forfeited.\n|\n|win|lordofthebagels89\n|raw|lordofthebagels89's rating: 1270 &rarr; <strong>1302</strong><br />(+32 for winning)\n|raw|Chenkeng's rating: 1367 &rarr; <strong>1342</strong><br />(-25 for losing)\n|l|\u2606Chenkeng\n|player|p2|\n",
  "uploadtime": 1776552173,
  "views": 18,
  "formatid": "gen9championsvgc2026regma",
  "rating": 1302,
  "private": 0,
  "password": null
}