{
  "id": "gen9championsvgc2026regma-2583913599",
  "format": "[Gen 9 Champions] VGC 2026 Reg M-A",
  "players": [
    "HyugaAnbu",
    "u9hu"
  ],
  "log": "|j|\u2606HyugaAnbu\n|j|\u2606u9hu\n|t:|1776207796\n|gametype|doubles\n|player|p1|HyugaAnbu|169|1000\n|player|p2|u9hu|miku-ghost|1000\n|gen|9\n|tier|[Gen 9 Champions] VGC 2026 Reg M-A\n|rated|\n|rule|Species Clause: Limit one of each Pok\u00e9mon\n|rule|Item Clause: Limit 1 of each item\n|clearpoke\n|poke|p1|Lopunny, L50, F|\n|poke|p1|Ditto, L50|\n|poke|p1|Maushold-Four, L50|\n|poke|p1|Aerodactyl, L50, F|\n|poke|p1|Sinistcha, L50|\n|poke|p1|Typhlosion-Hisui, L50, M|\n|poke|p2|Torkoal, L50, F|\n|poke|p2|Alakazam, L50, M|\n|poke|p2|Farigiraf, L50, M|\n|poke|p2|Sinistcha-Masterpiece, L50|\n|poke|p2|Blastoise, L50, M|\n|poke|p2|Pelipper, L50, F|\n|teampreview|4\n|inactive|Battle timer is ON: inactive players will automatically lose when time's up. (requested by HyugaAnbu)\n|\n|t:|1776207827\n|teamsize|p1|4\n|teamsize|p2|4\n|start\n|switch|p1a: Lopunny|Lopunny, L50, F|100/100\n|switch|p1b: Ditto|Ditto, L50|100/100\n|switch|p2a: Blastoise|Blastoise, L50, M|100/100\n|switch|p2b: Pelipper|Pelipper, L50, F|100/100\n|-weather|RainDance|[from] ability: Drizzle|[of] p2b: Pelipper\n|turn|1\n|inactive|u9hu has 30 seconds left.\n|\n|t:|1776207852\n|switch|p2b: Farigiraf|Farigiraf, L50, M|100/100\n|detailschange|p1a: Lopunny|Lopunny-Mega, L50, F\n|-mega|p1a: Lopunny|Lopunny|Lopunnite\n|move|p1a: Lopunny|High Jump Kick|p2a: Blastoise|[miss]\n|-miss|p1a: Lopunny|p2a: Blastoise\n|-damage|p1a: Lopunny|50/100|[from] highjumpkick\n|move|p1b: Ditto|Transform|p1a: Lopunny\n|-transform|p1b: Ditto|p1a: Lopunny\n|move|p2a: Blastoise|Shell Smash|p2a: Blastoise\n|-unboost|p2a: Blastoise|def|1\n|-unboost|p2a: Blastoise|spd|1\n|-boost|p2a: Blastoise|atk|2\n|-boost|p2a: Blastoise|spa|2\n|-boost|p2a: Blastoise|spe|2\n|\n|-weather|RainDance|[upkeep]\n|upkeep\n|turn|2\n|inactive|HyugaAnbu has 30 seconds left.\n|inactive|HyugaAnbu has 20 seconds left.\n|\n|t:|1776207889\n|detailschange|p2a: Blastoise|Blastoise-Mega, L50, M\n|-mega|p2a: Blastoise|Blastoise|Blastoisinite\n|move|p1b: Ditto|High Jump Kick|p2a: Blastoise\n|-damage|p2a: Blastoise|0 fnt\n|faint|p2a: Blastoise\n|move|p1a: Lopunny|High Jump Kick|p2b: Farigiraf\n|-damage|p2b: Farigiraf|33/100\n|-enditem|p2b: Farigiraf|Sitrus Berry|[eat]\n|-heal|p2b: Farigiraf|57/100|[from] item: Sitrus Berry\n|move|p2b: Farigiraf|Psych Up|p2: Blastoise|[notarget]\n|-fail|p2b: Farigiraf\n|\n|-weather|RainDance|[upkeep]\n|upkeep\n|\n|t:|1776207903\n|switch|p2a: Pelipper|Pelipper, L50, F|100/100\n|turn|3\n|\n|t:|1776207911\n|switch|p2b: Sinistcha|Sinistcha-Masterpiece, L50|100/100\n|move|p1b: Ditto|Triple Axel|p2a: Pelipper\n|-damage|p2a: Pelipper|92/100\n|-damage|p2a: Pelipper|75/100\n|-damage|p2a: Pelipper|50/100\n|-hitcount|p2a: Pelipper|3\n|move|p1a: Lopunny|High Jump Kick|p2b: Sinistcha|[miss]\n|-miss|p1a: Lopunny|p2b: Sinistcha\n|-damage|p1a: Lopunny|0 fnt|[from] highjumpkick\n|faint|p1a: Lopunny\n|move|p2a: Pelipper|Tailwind|p2a: Pelipper\n|-sidestart|p2: u9hu|move: Tailwind\n|\n|-weather|RainDance|[upkeep]\n|upkeep\n|\n|t:|1776207916\n|switch|p1a: Aerodactyl|Aerodactyl, L50, F|100/100\n|-ability|p1a: Aerodactyl|Unnerve\n|turn|4\n|\n|t:|1776207940\n|move|p1b: Ditto|Protect|p1b: Ditto\n|-singleturn|p1b: Ditto|Protect\n|move|p2b: Sinistcha|Matcha Gotcha|p1a: Aerodactyl|[spread] p1a\n|-activate|p1b: Ditto|move: Protect\n|-crit|p1a: Aerodactyl\n|-damage|p1a: Aerodactyl|24/100\n|move|p1a: Aerodactyl|Tailwind|p1a: Aerodactyl\n|-sidestart|p1: HyugaAnbu|move: Tailwind\n|move|p2a: Pelipper|Hurricane|p1b: Ditto\n|-activate|p1b: Ditto|move: Protect\n|\n|-weather|RainDance|[upkeep]\n|upkeep\n|turn|5\n|\n|t:|1776207960\n|move|p1b: Ditto|Triple Axel|p2b: Sinistcha\n|-supereffective|p2b: Sinistcha|1\n|-damage|p2b: Sinistcha|83/100\n|-supereffective|p2b: Sinistcha|1\n|-damage|p2b: Sinistcha|49/100\n|-supereffective|p2b: Sinistcha|1\n|-damage|p2b: Sinistcha|0 fnt\n|faint|p2b: Sinistcha\n|-hitcount|p2: Sinistcha|3\n|move|p1a: Aerodactyl|Rock Slide|p2a: Pelipper\n|-supereffective|p2a: Pelipper|1\n|-damage|p2a: Pelipper|0 fnt\n|faint|p2a: Pelipper\n|\n|-weather|none\n|upkeep\n|inactive|u9hu has 30 seconds left.\n|inactive|u9hu has 20 seconds left.\n|inactive|u9hu has 15 seconds left.\n|inactive|u9hu has 10 seconds left.\n|-message|u9hu forfeited.\n|\n|win|HyugaAnbu\n|raw|HyugaAnbu's rating: 1000 &rarr; <strong>1040</strong><br />(+40 for winning)\n|raw|u9hu's rating: 1000 &rarr; <strong>1000</strong><br />(+0 for losing)\n|l|\u2606u9hu\n|player|p2|\n",
  "uploadtime": 1776208017,
  "views": 16,
  "formatid": "gen9championsvgc2026regma",
  "rating": 1000,
  "private": 0,
  "password": null
}