{
  "id": "gen9championsvgc2026regma-2582786366",
  "format": "[Gen 9 Champions] VGC 2026 Reg M-A",
  "players": [
    "PokeHys",
    "holdingb"
  ],
  "log": "|j|\u2606PokeHys\n|j|\u2606holdingb\n|t:|1776114043\n|gametype|doubles\n|player|p1|PokeHys|blackbelt-gen4dp|1466\n|player|p2|holdingb|anabel-gen7|1447\n|gen|9\n|tier|[Gen 9 Champions] VGC 2026 Reg M-A\n|rated|\n|rule|Species Clause: Limit one of each Pok\u00e9mon\n|rule|Item Clause: Limit 1 of each item\n|clearpoke\n|poke|p1|Torkoal, L50, F|\n|poke|p1|Farigiraf, L50, F|\n|poke|p1|Venusaur, L50, F|\n|poke|p1|Golurk, L50|\n|poke|p1|Incineroar, L50, M|\n|poke|p1|Charizard, L50, F|\n|poke|p2|Blastoise, L50, F|\n|poke|p2|Sneasler, L50, M|\n|poke|p2|Garchomp, L50, F|\n|poke|p2|Aerodactyl, L50, M|\n|poke|p2|Sylveon, L50, F|\n|poke|p2|Sinistcha, L50|\n|teampreview|4\n|inactive|Battle timer is ON: inactive players will automatically lose when time's up. (requested by holdingb)\n|inactive|PokeHys also wants the timer to be on.\n|j| bloodbat007\n|inactive|holdingb has 60 seconds left.\n|\n|t:|1776114078\n|teamsize|p1|4\n|teamsize|p2|4\n|start\n|switch|p1a: Farigiraf|Farigiraf, L50, F|100/100\n|switch|p1b: Incineroar|Incineroar, L50, M|100/100\n|switch|p2a: Aerodactyl|Aerodactyl, L50, M|100/100\n|switch|p2b: Garchomp|Garchomp, L50, F|100/100\n|-ability|p2a: Aerodactyl|Unnerve\n|-ability|p1b: Incineroar|Intimidate|boost\n|-unboost|p2a: Aerodactyl|atk|1\n|-unboost|p2b: Garchomp|atk|1\n|turn|1\n|\n|t:|1776114094\n|move|p1b: Incineroar|Fake Out|p2a: Aerodactyl\n|-resisted|p2a: Aerodactyl|1\n|-damage|p2a: Aerodactyl|90/100\n|move|p2b: Garchomp|Rock Slide|p1b: Incineroar|[spread] p1a,p1b\n|-supereffective|p1b: Incineroar|1\n|-crit|p1b: Incineroar\n|-damage|p1a: Farigiraf|87/100\n|-damage|p1b: Incineroar|42/100\n|cant|p2a: Aerodactyl|flinch\n|move|p1a: Farigiraf|Trick Room|p1a: Farigiraf\n|-fieldstart|move: Trick Room|[of] p1a: Farigiraf\n|\n|upkeep\n|turn|2\n|inactive|holdingb has 30 seconds left.\n|\n|t:|1776114121\n|move|p1a: Farigiraf|Hyper Voice|p2a: Aerodactyl|[spread] p2a,p2b\n|-resisted|p2a: Aerodactyl|1\n|-damage|p2a: Aerodactyl|62/100\n|-damage|p2b: Garchomp|59/100\n|move|p1b: Incineroar|Assurance|p2a: Aerodactyl\n|-damage|p2a: Aerodactyl|0 fnt\n|faint|p2a: Aerodactyl\n|move|p2b: Garchomp|Rock Slide|p1b: Incineroar|[spread] p1a,p1b\n|-supereffective|p1b: Incineroar|1\n|-damage|p1a: Farigiraf|73/100\n|-damage|p1b: Incineroar|12/100\n|\n|upkeep\n|\n|t:|1776114130\n|switch|p2a: Sylveon|Sylveon, L50, F|100/100\n|turn|3\n|\n|t:|1776114136\n|move|p1a: Farigiraf|Protect|p1a: Farigiraf\n|-singleturn|p1a: Farigiraf|Protect\n|move|p2a: Sylveon|Detect|p2a: Sylveon\n|-singleturn|p2a: Sylveon|Protect\n|move|p1b: Incineroar|Flare Blitz|p2a: Sylveon\n|-activate|p2a: Sylveon|move: Protect\n|move|p2b: Garchomp|Rock Slide|p1b: Incineroar|[spread] p1b\n|-activate|p1a: Farigiraf|move: Protect\n|-supereffective|p1b: Incineroar|1\n|-crit|p1b: Incineroar\n|-damage|p1b: Incineroar|0 fnt\n|faint|p1b: Incineroar\n|\n|upkeep\n|\n|t:|1776114138\n|switch|p1b: Francois|Torkoal, L50, F|100/100\n|-weather|SunnyDay|[from] ability: Drought|[of] p1b: Francois\n|turn|4\n|\n|t:|1776114147\n|move|p1b: Francois|Eruption|p2a: Sylveon|[spread] p2a,p2b\n|-resisted|p2b: Garchomp|1\n|-damage|p2a: Sylveon|25/100\n|-damage|p2b: Garchomp|11/100\n|move|p1a: Farigiraf|Hyper Voice|p2a: Sylveon|[spread] p2a,p2b\n|-damage|p2a: Sylveon|0 fnt\n|-damage|p2b: Garchomp|0 fnt\n|faint|p2a: Sylveon\n|faint|p2b: Garchomp\n|\n|-weather|SunnyDay|[upkeep]\n|upkeep\n|\n|t:|1776114154\n|switch|p2b: Blastoise|Blastoise, L50, F|100/100\n|turn|5\n|\n|t:|1776114157\n|move|p2b: Blastoise|Protect|p2b: Blastoise\n|-singleturn|p2b: Blastoise|Protect\n|move|p1b: Francois|Eruption|p2b: Blastoise\n|-activate|p2b: Blastoise|move: Protect\n|move|p1a: Farigiraf|Hyper Voice|p2b: Blastoise\n|-activate|p2b: Blastoise|move: Protect\n|\n|-weather|SunnyDay|[upkeep]\n|-fieldend|move: Trick Room\n|upkeep\n|turn|6\n|\n|t:|1776114163\n|detailschange|p2b: Blastoise|Blastoise-Mega, L50, F\n|-mega|p2b: Blastoise|Blastoise|Blastoisinite\n|move|p2b: Blastoise|Dark Pulse|p1a: Farigiraf\n|-supereffective|p1a: Farigiraf|1\n|-damage|p1a: Farigiraf|0 fnt\n|faint|p1a: Farigiraf\n|move|p1b: Francois|Weather Ball|p2b: Blastoise\n|-resisted|p2b: Blastoise|1\n|-damage|p2b: Blastoise|66/100\n|\n|-weather|SunnyDay|[upkeep]\n|upkeep\n|\n|t:|1776114167\n|switch|p1a: Golurk|Golurk, L50|100/100\n|turn|7\n|\n|t:|1776114192\n|detailschange|p1a: Golurk|Golurk-Mega, L50\n|-mega|p1a: Golurk|Golurk|Golurkite\n|move|p1a: Golurk|Protect|p1a: Golurk\n|-singleturn|p1a: Golurk|Protect\n|move|p2b: Blastoise|Dark Pulse|p1a: Golurk\n|-activate|p1a: Golurk|move: Protect\n|move|p1b: Francois|Weather Ball|p2b: Blastoise\n|-resisted|p2b: Blastoise|1\n|-damage|p2b: Blastoise|31/100\n|\n|-weather|SunnyDay|[upkeep]\n|upkeep\n|turn|8\n|\n|t:|1776114203\n|move|p2b: Blastoise|Protect|p2b: Blastoise\n|-singleturn|p2b: Blastoise|Protect\n|move|p1a: Golurk|Headlong Rush|p2b: Blastoise\n|-ability|p1a: Golurk|Unseen Fist\n|-zbroken|p2b: Blastoise\n|-damage|p2b: Blastoise|13/100\n|-unboost|p1a: Golurk|def|1\n|-unboost|p1a: Golurk|spd|1\n|move|p1b: Francois|Eruption|p2b: Blastoise\n|-activate|p2b: Blastoise|move: Protect\n|\n|-weather|none\n|upkeep\n|turn|9\n|\n|t:|1776114210\n|move|p2b: Blastoise|Dark Pulse|p1b: Francois\n|-damage|p1b: Francois|36/100\n|move|p1a: Golurk|Headlong Rush|p2b: Blastoise\n|-damage|p2b: Blastoise|0 fnt\n|-unboost|p1a: Golurk|def|1\n|-unboost|p1a: Golurk|spd|1\n|faint|p2b: Blastoise\n|\n|win|PokeHys\n|raw|PokeHys's rating: 1466 &rarr; <strong>1485</strong><br />(+19 for winning)\n|raw|holdingb's rating: 1447 &rarr; <strong>1428</strong><br />(-19 for losing)\n|l|\u2606holdingb\n|player|p2|\n|l|\u2606PokeHys\n|player|p1|\n",
  "uploadtime": 1776114223,
  "views": 42,
  "formatid": "gen9championsvgc2026regma",
  "rating": 1428,
  "private": 0,
  "password": null
}