{
  "id": "gen9championsvgc2026regma-2584665923",
  "format": "[Gen 9 Champions] VGC 2026 Reg M-A",
  "players": [
    "sirgib",
    "Dudeman 64"
  ],
  "log": "|j|\u2606sirgib\n|j|\u2606Dudeman 64\n|t:|1776275440\n|gametype|doubles\n|player|p1|sirgib|fisherman-gen4|1215\n|player|p2|Dudeman 64|170|1251\n|gen|9\n|tier|[Gen 9 Champions] VGC 2026 Reg M-A\n|rated|\n|rule|Species Clause: Limit one of each Pok\u00e9mon\n|rule|Item Clause: Limit 1 of each item\n|clearpoke\n|poke|p1|Aerodactyl, L50, F|\n|poke|p1|Ceruledge, L50, M|\n|poke|p1|Quaquaval, L50, F|\n|poke|p1|Floette-Eternal, L50, F|\n|poke|p1|Rotom-Mow, L50|\n|poke|p1|Kangaskhan, L50, F|\n|poke|p2|Aggron, L50, F|\n|poke|p2|Pelipper, L50, F|\n|poke|p2|Hydreigon, L50, M|\n|poke|p2|Sinistcha, L50|\n|poke|p2|Glimmora, L50, F|\n|poke|p2|Incineroar, L50, M|\n|teampreview|4\n|\n|t:|1776275497\n|teamsize|p1|4\n|teamsize|p2|4\n|start\n|switch|p1a: Aerodactyl|Aerodactyl, L50, F|100/100\n|switch|p1b: Kangaskhan|Kangaskhan, L50, F|100/100\n|switch|p2a: Aggron|Aggron, L50, F|100/100\n|switch|p2b: Glimmora|Glimmora, L50, F|100/100\n|-ability|p1a: Aerodactyl|Unnerve\n|turn|1\n|\n|t:|1776275518\n|switch|p1a: Quaquaval|Quaquaval, L50, F|100/100\n|switch|p2b: Incineroar|Incineroar, L50, M|100/100\n|-ability|p2b: Incineroar|Intimidate|boost\n|-unboost|p1a: Quaquaval|atk|1\n|-fail|p1b: Kangaskhan|unboost|Attack|[from] ability: Scrappy|[of] p1b: Kangaskhan\n|-enditem|p1a: Quaquaval|White Herb\n|-clearnegativeboost|p1a: Quaquaval|[silent]\n|detailschange|p1b: Kangaskhan|Kangaskhan-Mega, L50, F\n|-mega|p1b: Kangaskhan|Kangaskhan|Kangaskhanite\n|detailschange|p2a: Aggron|Aggron-Mega, L50, F\n|-mega|p2a: Aggron|Aggron|Aggronite\n|move|p1b: Kangaskhan|Drain Punch|p2a: Aggron\n|-supereffective|p2a: Aggron|1\n|-damage|p2a: Aggron|80/100\n|-supereffective|p2a: Aggron|1\n|-damage|p2a: Aggron|76/100\n|-hitcount|p2a: Aggron|2\n|move|p2a: Aggron|Iron Defense|p2a: Aggron\n|-boost|p2a: Aggron|def|2\n|\n|upkeep\n|turn|2\n|\n|t:|1776275540\n|move|p2b: Incineroar|Fake Out|p1a: Quaquaval\n|-damage|p1a: Quaquaval|87/100\n|cant|p1a: Quaquaval|flinch\n|move|p1b: Kangaskhan|Drain Punch|p2a: Aggron\n|-supereffective|p2a: Aggron|1\n|-damage|p2a: Aggron|64/100\n|-supereffective|p2a: Aggron|1\n|-damage|p2a: Aggron|62/100\n|-hitcount|p2a: Aggron|2\n|move|p2a: Aggron|Iron Defense|p2a: Aggron\n|-boost|p2a: Aggron|def|2\n|\n|upkeep\n|turn|3\n|\n|t:|1776275554\n|switch|p2b: Sinistcha|Sinistcha, L50|100/100\n|-heal|p2a: Aggron|87/100|[from] ability: Hospitality|[of] p2b: Sinistcha\n|move|p1a: Quaquaval|Aqua Step|p2b: Sinistcha\n|-resisted|p2b: Sinistcha|1\n|-damage|p2b: Sinistcha|86/100\n|-boost|p1a: Quaquaval|spe|1\n|move|p1b: Kangaskhan|Drain Punch|p2a: Aggron\n|-supereffective|p2a: Aggron|1\n|-damage|p2a: Aggron|80/100\n|-supereffective|p2a: Aggron|1\n|-damage|p2a: Aggron|79/100\n|-hitcount|p2a: Aggron|2\n|move|p2a: Aggron|Body Press|p1a: Quaquaval\n|-damage|p1a: Quaquaval|0 fnt\n|faint|p1a: Quaquaval\n|\n|upkeep\n|\n|t:|1776275560\n|switch|p1a: Aerodactyl|Aerodactyl, L50, F|100/100\n|-ability|p1a: Aerodactyl|Unnerve\n|turn|4\n|\n|t:|1776275567\n|switch|p2b: Incineroar|Incineroar, L50, M|100/100\n|-ability|p2b: Incineroar|Intimidate|boost\n|-unboost|p1a: Aerodactyl|atk|1\n|-unboost|p1b: Kangaskhan|atk|1\n|move|p1a: Aerodactyl|Dual Wingbeat|p2b: Incineroar\n|-damage|p2b: Incineroar|88/100\n|-damage|p2b: Incineroar|76/100\n|-hitcount|p2b: Incineroar|2\n|move|p1b: Kangaskhan|Drain Punch|p2a: Aggron\n|-supereffective|p2a: Aggron|1\n|-damage|p2a: Aggron|74/100\n|-supereffective|p2a: Aggron|1\n|-damage|p2a: Aggron|74/100\n|-hitcount|p2a: Aggron|2\n|move|p2a: Aggron|Body Press|p1b: Kangaskhan\n|-supereffective|p1b: Kangaskhan|1\n|-damage|p1b: Kangaskhan|0 fnt\n|faint|p1b: Kangaskhan\n|\n|upkeep\n|\n|t:|1776275570\n|switch|p1b: Ceruledge|Ceruledge, L50, M|100/100\n|turn|5\n|\n|t:|1776275605\n|switch|p2b: Glimmora|Glimmora, L50, F|100/100\n|move|p1a: Aerodactyl|Rock Slide|p2a: Aggron|[spread] p2a,p2b\n|-resisted|p2a: Aggron|1\n|-damage|p2a: Aggron|72/100\n|-damage|p2b: Glimmora|79/100\n|-activate|p2b: Glimmora|ability: Toxic Debris\n|-sidestart|p1: sirgib|move: Toxic Spikes\n|move|p1b: Ceruledge|Bitter Blade|p2a: Aggron\n|-supereffective|p2a: Aggron|1\n|-damage|p2a: Aggron|57/100\n|move|p2a: Aggron|Heavy Slam|p1b: Ceruledge\n|-resisted|p1b: Ceruledge|1\n|-damage|p1b: Ceruledge|58/100\n|\n|upkeep\n|turn|6\n|\n|t:|1776275632\n|switch|p2b: Incineroar|Incineroar, L50, M|76/100\n|-ability|p2b: Incineroar|Intimidate|boost\n|-unboost|p1a: Aerodactyl|atk|1\n|-unboost|p1b: Ceruledge|atk|1\n|move|p1a: Aerodactyl|Rock Slide|p2a: Aggron|[spread] p2a,p2b\n|-resisted|p2a: Aggron|1\n|-supereffective|p2b: Incineroar|1\n|-damage|p2a: Aggron|56/100\n|-damage|p2b: Incineroar|49/100\n|move|p1b: Ceruledge|Bitter Blade|p2a: Aggron\n|-supereffective|p2a: Aggron|1\n|-damage|p2a: Aggron|46/100\n|-heal|p1b: Ceruledge|64/100|[from] drain|[of] p2a: Aggron\n|move|p2a: Aggron|Body Press|p1a: Aerodactyl\n|-enditem|p1a: Aerodactyl|Focus Sash\n|-damage|p1a: Aerodactyl|1/100\n|\n|upkeep\n|turn|7\n|\n|t:|1776275650\n|move|p2b: Incineroar|Fake Out|p1a: Aerodactyl\n|-resisted|p1a: Aerodactyl|1\n|-damage|p1a: Aerodactyl|0 fnt\n|-enditem|p2b: Incineroar|Sitrus Berry|[eat]\n|-heal|p2b: Incineroar|74/100|[from] item: Sitrus Berry\n|faint|p1a: Aerodactyl\n|move|p1b: Ceruledge|Bitter Blade|p2a: Aggron\n|-supereffective|p2a: Aggron|1\n|-damage|p2a: Aggron|35/100\n|-heal|p1b: Ceruledge|70/100|[from] drain|[of] p2a: Aggron\n|move|p2a: Aggron|Heavy Slam|p1b: Ceruledge\n|-resisted|p1b: Ceruledge|1\n|-damage|p1b: Ceruledge|34/100\n|\n|upkeep\n|turn|8\n|-message|sirgib forfeited.\n|\n|win|Dudeman 64\n|raw|sirgib's rating: 1215 &rarr; <strong>1193</strong><br />(-22 for losing)\n|raw|Dudeman 64's rating: 1251 &rarr; <strong>1273</strong><br />(+22 for winning)\n|l|\u2606sirgib\n|player|p1|\n",
  "uploadtime": 1776275680,
  "views": 28,
  "formatid": "gen9championsvgc2026regma",
  "rating": 1193,
  "private": 0,
  "password": null
}