{
  "id": "gen9championsvgc2026regma-2583283612",
  "format": "[Gen 9 Champions] VGC 2026 Reg M-A",
  "players": [
    "kirusaya",
    "springastreo"
  ],
  "log": "|j|\u2606kirusaya\n|j|\u2606springastreo\n|t:|1776163007\n|gametype|doubles\n|player|p1|kirusaya|101|1061\n|player|p2|springastreo|2|1034\n|gen|9\n|tier|[Gen 9 Champions] VGC 2026 Reg M-A\n|rated|\n|rule|Species Clause: Limit one of each Pok\u00e9mon\n|rule|Item Clause: Limit 1 of each item\n|clearpoke\n|poke|p1|Charizard, L50, M|\n|poke|p1|Aerodactyl, L50, F|\n|poke|p1|Sneasler, L50, F|\n|poke|p1|Sinistcha, L50|\n|poke|p1|Tyranitar, L50, F|\n|poke|p1|Rotom-Wash, L50|\n|poke|p2|Kingambit, L50, F|\n|poke|p2|Incineroar, L50, F|\n|poke|p2|Lopunny, L50, M|\n|poke|p2|Azumarill, L50, M|\n|poke|p2|Dragapult, L50, M|\n|poke|p2|Victreebel, L50, F|\n|teampreview|4\nkirusaya rejected open team sheets.\n|inactive|Battle timer is ON: inactive players will automatically lose when time's up. (requested by kirusaya)\n|inactive|springastreo has 60 seconds left.\n|\n|t:|1776163085\n|teamsize|p1|4\n|teamsize|p2|4\n|start\n|switch|p1a: Sneasler|Sneasler, L50, F|100/100\n|switch|p1b: Aerodactyl|Aerodactyl, L50, F|100/100\n|switch|p2a: Lopunny|Lopunny, L50, M|100/100\n|switch|p2b: Azumarill|Azumarill, L50, M|100/100\n|-ability|p1b: Aerodactyl|Unnerve\n|turn|1\n|inactive|kirusaya has 30 seconds left.\n|\n|t:|1776163115\n|detailschange|p2a: Lopunny|Lopunny-Mega, L50, M\n|-mega|p2a: Lopunny|Lopunny|Lopunnite\n|move|p1b: Aerodactyl|Protect|p1b: Aerodactyl\n|-singleturn|p1b: Aerodactyl|Protect\n|move|p2a: Lopunny|Fake Out|p1a: Sneasler\n|-damage|p1a: Sneasler|62/100\n|cant|p1a: Sneasler|flinch\n|move|p2b: Azumarill|Whirlpool|p1b: Aerodactyl\n|-activate|p1b: Aerodactyl|move: Protect\n|\n|upkeep\n|turn|2\n|\n|t:|1776163136\n|move|p1a: Sneasler|Protect|p1a: Sneasler\n|-singleturn|p1a: Sneasler|Protect\n|move|p2b: Azumarill|Protect|p2b: Azumarill\n|-singleturn|p2b: Azumarill|Protect\n|move|p2a: Lopunny|U-turn|p1a: Sneasler\n|-activate|p1a: Sneasler|move: Protect\n|move|p1b: Aerodactyl|Tailwind|p1b: Aerodactyl\n|-sidestart|p1: kirusaya|move: Tailwind\n|\n|upkeep\n|turn|3\n|inactive|kirusaya has 30 seconds left.\n|\n|t:|1776163162\n|switch|p2a: Dragapult|Dragapult, L50, M|100/100\n|move|p1b: Aerodactyl|Dual Wingbeat|p2a: Dragapult\n|-damage|p2a: Dragapult|76/100\n|-damage|p2a: Dragapult|51/100\n|-hitcount|p2a: Dragapult|2\n|move|p1a: Sneasler|Dire Claw|p2b: Azumarill\n|-supereffective|p2b: Azumarill|1\n|-damage|p2b: Azumarill|13/100\n|move|p2b: Azumarill|Whirlpool|p1a: Sneasler\n|-damage|p1a: Sneasler|50/100\n|-activate|p1a: Sneasler|move: Whirlpool|[of] p2b: Azumarill\n|\n|-damage|p1a: Sneasler|37/100|[from] move: Whirlpool|[partiallytrapped]\n|upkeep\n|turn|4\n|inactive|springastreo has 30 seconds left.\n|inactive|springastreo has 20 seconds left.\n|inactive|springastreo has 15 seconds left.\n|inactive|springastreo has 10 seconds left.\n|inactive|springastreo has 5 seconds left.\n|\n|t:|1776163217\n|move|p1b: Aerodactyl|Rock Slide|p2b: Azumarill|[spread] p2a,p2b\n|-damage|p2a: Dragapult|17/100\n|-damage|p2b: Azumarill|0 fnt\n|faint|p2b: Azumarill\n|move|p1a: Sneasler|Dire Claw|p2a: Dragapult\n|-resisted|p2a: Dragapult|1\n|-damage|p2a: Dragapult|0 fnt\n|faint|p2a: Dragapult\n|\n|-end|p1a: Sneasler|Whirlpool|[partiallytrapped]|[silent]\n|upkeep\n|\n|t:|1776163229\n|switch|p2a: Lopunny|Lopunny-Mega, L50, M|100/100\n|switch|p2b: Kingambit|Kingambit, L50, F|100/100\n|turn|5\n|\n|t:|1776163241\n|move|p1b: Aerodactyl|Protect|p1b: Aerodactyl\n|-singleturn|p1b: Aerodactyl|Protect\n|move|p1a: Sneasler|Protect|p1a: Sneasler\n|-singleturn|p1a: Sneasler|Protect\n|move|p2a: Lopunny|Fake Out|p1a: Sneasler\n|-activate|p1a: Sneasler|move: Protect\n|move|p2b: Kingambit|Iron Head|p1b: Aerodactyl\n|-activate|p1b: Aerodactyl|move: Protect\n|\n|-sideend|p1: kirusaya|move: Tailwind\n|upkeep\n|turn|6\n|\n|t:|1776163266\n|switch|p1a: Sinistcha|Sinistcha, L50|100/100\n|move|p2a: Lopunny|Triple Axel|p1a: Sinistcha\n|-supereffective|p1a: Sinistcha|1\n|-damage|p1a: Sinistcha|87/100\n|-supereffective|p1a: Sinistcha|1\n|-damage|p1a: Sinistcha|63/100\n|-supereffective|p1a: Sinistcha|1\n|-damage|p1a: Sinistcha|23/100\n|-enditem|p1a: Sinistcha|Sitrus Berry|[eat]\n|-heal|p1a: Sinistcha|48/100|[from] item: Sitrus Berry\n|-hitcount|p1a: Sinistcha|3\n|move|p1b: Aerodactyl|Tailwind|p1b: Aerodactyl\n|-sidestart|p1: kirusaya|move: Tailwind\n|move|p2b: Kingambit|Iron Head|p1b: Aerodactyl\n|-supereffective|p1b: Aerodactyl|1\n|-enditem|p1b: Aerodactyl|Focus Sash\n|-damage|p1b: Aerodactyl|1/100\n|\n|upkeep\n|turn|7\n|inactive|springastreo has 30 seconds left.\n|inactive|springastreo has 20 seconds left.\n|inactive|springastreo has 15 seconds left.\n|inactive|springastreo has 10 seconds left.\n|inactive|springastreo has 5 seconds left.\n|\n|t:|1776163321\n|move|p1a: Sinistcha|Rage Powder|p1a: Sinistcha\n|-singleturn|p1a: Sinistcha|move: Rage Powder\n|move|p1b: Aerodactyl|Dual Wingbeat|p2a: Lopunny\n|-supereffective|p2a: Lopunny|1\n|-damage|p2a: Lopunny|48/100\n|-supereffective|p2a: Lopunny|1\n|-damage|p2a: Lopunny|0 fnt\n|faint|p2a: Lopunny\n|-hitcount|p2: Lopunny|2\n|move|p2b: Kingambit|Iron Head|p1a: Sinistcha\n|-damage|p1a: Sinistcha|7/100\n|\n|upkeep\n|turn|8\n|inactive|springastreo has 30 seconds left.\n|inactive|springastreo has 20 seconds left.\n|inactive|springastreo has 15 seconds left.\n|inactive|springastreo has 10 seconds left.\n|\n|t:|1776163367\n|switch|p1b: Sneasler|Sneasler, L50, F|37/100\n|move|p2b: Kingambit|Sucker Punch||[still]\n|-fail|p2b: Kingambit\n|move|p1a: Sinistcha|Life Dew|p1a: Sinistcha|[spread] p1a,p1b\n|-heal|p1a: Sinistcha|32/100\n|-heal|p1b: Sneasler|62/100\n|\n|upkeep\n|turn|9\n|\n|t:|1776163379\n|move|p1a: Sinistcha|Rage Powder|p1a: Sinistcha\n|-singleturn|p1a: Sinistcha|move: Rage Powder\n|move|p1b: Sneasler|Close Combat|p2b: Kingambit\n|-supereffective|p2b: Kingambit|2\n|-enditem|p2b: Kingambit|Chople Berry|[eat]\n|-enditem|p2b: Kingambit|Chople Berry|[weaken]\n|-damage|p2b: Kingambit|0 fnt\n|-unboost|p1b: Sneasler|def|1\n|-unboost|p1b: Sneasler|spd|1\n|faint|p2b: Kingambit\n|\n|win|kirusaya\n|raw|kirusaya's rating: 1061 &rarr; <strong>1089</strong><br />(+28 for winning)\n|raw|springastreo's rating: 1034 &rarr; <strong>1020</strong><br />(-14 for losing)\n|l|\u2606springastreo\n|player|p2|\n",
  "uploadtime": 1776163395,
  "views": 18,
  "formatid": "gen9championsvgc2026regma",
  "rating": 1020,
  "private": 0,
  "password": null
}