{
  "id": "gen9championsvgc2026regma-2585686711",
  "format": "[Gen 9 Champions] VGC 2026 Reg M-A",
  "players": [
    "snaxo71",
    "bighamsterbaseball"
  ],
  "log": "|j|\u2606snaxo71\n|j|\u2606bighamsterbaseball\n|t:|1776363736\n|gametype|doubles\n|player|p1|snaxo71|170|1160\n|player|p2|bighamsterbaseball|pokemaniac|1212\n|gen|9\n|tier|[Gen 9 Champions] VGC 2026 Reg M-A\n|rated|\n|rule|Species Clause: Limit one of each Pok\u00e9mon\n|rule|Item Clause: Limit 1 of each item\n|clearpoke\n|poke|p1|Aerodactyl, L50, F|\n|poke|p1|Sneasler, L50, F|\n|poke|p1|Floette-Eternal, L50, F|\n|poke|p1|Maushold, L50|\n|poke|p1|Basculegion-F, L50, F|\n|poke|p1|Kingambit, L50, F|\n|poke|p2|Glimmora, L50, M|\n|poke|p2|Noivern, L50, F|\n|poke|p2|Mamoswine, L50, M|\n|poke|p2|Sinistcha, L50|\n|poke|p2|Araquanid, L50, F|\n|poke|p2|Orthworm, L50, M|\n|teampreview|4\nsnaxo71 has agreed to open team sheets.\n|\n|t:|1776363784\n|teamsize|p1|4\n|teamsize|p2|4\n|start\n|switch|p1a: Sneasler|Sneasler, L50, F|100/100\n|switch|p1b: Maushold|Maushold, L50|100/100\n|switch|p2a: Glimmora|Glimmora, L50, M|100/100\n|switch|p2b: Orthworm|Orthworm, L50, M|100/100\n|turn|1\n|\n|t:|1776363841\n|switch|p2b: Sinistcha|Sinistcha, L50|100/100\n|detailschange|p2a: Glimmora|Glimmora-Mega, L50, M\n|-mega|p2a: Glimmora|Glimmora|Glimmoranite\n|move|p1b: Maushold|Follow Me|p1b: Maushold\n|-singleturn|p1b: Maushold|move: Follow Me\n|move|p1a: Sneasler|Close Combat|p2b: Sinistcha\n|-immune|p2b: Sinistcha\n|move|p2a: Glimmora|Power Gem|p1b: Maushold\n|-damage|p1b: Maushold|19/100\n|\n|upkeep\n|turn|2\n|\n|t:|1776363875\n|move|p2a: Glimmora|Spiky Shield|p2a: Glimmora\n|-singleturn|p2a: Glimmora|move: Protect\n|move|p1a: Sneasler|Dire Claw|p2b: Sinistcha\n|-crit|p2b: Sinistcha\n|-damage|p2b: Sinistcha|53/100\n|-status|p2b: Sinistcha|par\n|move|p1b: Maushold|Thunder Wave|p2b: Sinistcha\n|-fail|p2b: Sinistcha|par\n|move|p2b: Sinistcha|Nasty Plot|p2b: Sinistcha\n|-boost|p2b: Sinistcha|spa|2\n|\n|upkeep\n|turn|3\n|\n|t:|1776363896\n|move|p1b: Maushold|Protect|p1b: Maushold\n|-singleturn|p1b: Maushold|Protect\n|move|p1a: Sneasler|Dire Claw|p2b: Sinistcha\n|-damage|p2b: Sinistcha|22/100 par\n|move|p2a: Glimmora|Earth Power|p1a: Sneasler\n|-supereffective|p1a: Sneasler|1\n|-damage|p1a: Sneasler|36/100\n|move|p2b: Sinistcha|Trick Room|p2b: Sinistcha\n|-fieldstart|move: Trick Room|[of] p2b: Sinistcha\n|\n|upkeep\n|turn|4\n|\n|t:|1776363915\n|move|p1b: Maushold|Follow Me|p1b: Maushold\n|-singleturn|p1b: Maushold|move: Follow Me\n|move|p2b: Sinistcha|Matcha Gotcha|p1a: Sneasler|[spread] p1a,p1b\n|-resisted|p1a: Sneasler|1\n|-damage|p1a: Sneasler|12/100\n|-heal|p2b: Sinistcha|33/100 par|[from] drain|[of] p1a: Sneasler\n|-damage|p1b: Maushold|0 fnt\n|-heal|p2b: Sinistcha|43/100 par|[from] drain|[of] p1b: Maushold\n|faint|p1b: Maushold\n|move|p2a: Glimmora|Earth Power|p1a: Sneasler\n|-supereffective|p1a: Sneasler|1\n|-damage|p1a: Sneasler|0 fnt\n|faint|p1a: Sneasler\n|\n|upkeep\n|\n|t:|1776363928\n|switch|p1b: Floette|Floette-Eternal, L50, F|100/100\n|switch|p1a: Basculegion|Basculegion-F, L50, F|100/100\n|turn|5\n|\n|t:|1776363942\n|switch|p2a: Araquanid|Araquanid, L50, F|100/100\n|move|p1b: Floette|Protect|p1b: Floette\n|-singleturn|p1b: Floette|Protect\n|move|p2b: Sinistcha|Matcha Gotcha|p1a: Basculegion|[spread] p1a\n|-activate|p1b: Floette|move: Protect\n|-supereffective|p1a: Basculegion|1\n|-damage|p1a: Basculegion|12/100\n|-heal|p2b: Sinistcha|99/100 par|[from] drain|[of] p1a: Basculegion\n|move|p1a: Basculegion|Muddy Water|p2a: Araquanid|[spread] p2a,p2b\n|-resisted|p2a: Araquanid|1\n|-resisted|p2b: Sinistcha|1\n|-damage|p2a: Araquanid|81/100\n|-damage|p2b: Sinistcha|71/100 par\n|\n|upkeep\n|turn|6\n|-message|snaxo71 forfeited.\n|\n|win|bighamsterbaseball\n|raw|snaxo71's rating: 1160 &rarr; <strong>1139</strong><br />(-21 for losing)\n|raw|bighamsterbaseball's rating: 1212 &rarr; <strong>1233</strong><br />(+21 for winning)\n|l|\u2606snaxo71\n|player|p1|\n",
  "uploadtime": 1776363958,
  "views": 22,
  "formatid": "gen9championsvgc2026regma",
  "rating": 1139,
  "private": 0,
  "password": null
}