{
  "id": "gen9championsvgc2026regma-2580968533",
  "format": "[Gen 9 Champions] VGC 2026 Reg M-A",
  "players": [
    "F-00",
    "nusocs-m"
  ],
  "log": "|j|\u2606F-00\n|j|\u2606nusocs-m\n|t:|1775947598\n|gametype|doubles\n|player|p1|F-00|hilbert|1083\n|player|p2|nusocs-m|unknown|1149\n|gen|9\n|tier|[Gen 9 Champions] VGC 2026 Reg M-A\n|rated|\n|rule|Species Clause: Limit one of each Pok\u00e9mon\n|rule|Item Clause: Limit 1 of each item\n|clearpoke\n|poke|p1|Floette-Eternal, L50, F|\n|poke|p1|Sneasler, L50, F|\n|poke|p1|Incineroar, L50, M|\n|poke|p1|Garchomp, L50, F|\n|poke|p1|Aerodactyl, L50, F|\n|poke|p1|Rotom-Wash, L50|\n|poke|p2|Charizard, L50, M|\n|poke|p2|Aerodactyl, L50, M|\n|poke|p2|Garchomp, L50, F|\n|poke|p2|Glimmora, L50, F|\n|poke|p2|Incineroar, L50, F|\n|poke|p2|Venusaur, L50, M|\n|teampreview|4\n|inactive|Battle timer is ON: inactive players will automatically lose when time's up. (requested by F-00)\n|inactive|F-00 has 60 seconds left.\n|\n|t:|1775947635\n|teamsize|p1|4\n|teamsize|p2|4\n|start\n|switch|p1a: Incineroar|Incineroar, L50, M|100/100\n|switch|p1b: Rotom|Rotom-Wash, L50|100/100\n|switch|p2a: Aerodactyl|Aerodactyl, L50, M|100/100\n|switch|p2b: Incineroar|Incineroar, L50, F|100/100\n|-ability|p1a: Incineroar|Intimidate|boost\n|-unboost|p2a: Aerodactyl|atk|1\n|-unboost|p2b: Incineroar|atk|1\n|-ability|p2b: Incineroar|Intimidate|boost\n|-unboost|p1a: Incineroar|atk|1\n|-unboost|p1b: Rotom|atk|1\n|turn|1\n|\n|t:|1775947652\n|move|p1a: Incineroar|Fake Out|p2a: Aerodactyl\n|-resisted|p2a: Aerodactyl|1\n|-damage|p2a: Aerodactyl|95/100\n|move|p2b: Incineroar|Fake Out|p1b: Rotom\n|-damage|p1b: Rotom|94/100\n|cant|p2a: Aerodactyl|flinch\n|cant|p1b: Rotom|flinch\n|\n|upkeep\n|turn|2\n|inactive|F-00 has 30 seconds left.\n|\n|t:|1775947679\n|move|p2a: Aerodactyl|Tailwind|p2a: Aerodactyl\n|-sidestart|p2: nusocs-m|move: Tailwind\n|move|p2b: Incineroar|Parting Shot|p1b: Rotom\n|-unboost|p1b: Rotom|atk|1\n|-unboost|p1b: Rotom|spa|1\n|\n|t:|1775947689\n|switch|p2b: Glimmora|Glimmora, L50, F|100/100|[from] Parting Shot\n|move|p1b: Rotom|Volt Switch|p2a: Aerodactyl\n|-supereffective|p2a: Aerodactyl|1\n|-damage|p2a: Aerodactyl|48/100\n|\n|t:|1775947708\n|switch|p1b: Aerodactyl|Aerodactyl, L50, F|100/100|[from] Volt Switch\n|move|p1a: Incineroar|Parting Shot|p2b: Glimmora\n|-unboost|p2b: Glimmora|atk|1\n|-unboost|p2b: Glimmora|spa|1\n|\n|t:|1775947716\n|switch|p1a: Rotom|Rotom-Wash, L50|94/100|[from] Parting Shot\n|\n|upkeep\n|turn|3\n|\n|t:|1775947736\n|detailschange|p2b: Glimmora|Glimmora-Mega, L50, F\n|-mega|p2b: Glimmora|Glimmora|Glimmoranite\n|move|p2a: Aerodactyl|Rock Slide|p1a: Rotom|[spread] p1a\n|-miss|p2a: Aerodactyl|p1b: Aerodactyl\n|-damage|p1a: Rotom|80/100\n|move|p2b: Glimmora|Power Gem|p1b: Aerodactyl\n|-supereffective|p1b: Aerodactyl|1\n|-enditem|p1b: Aerodactyl|Focus Sash\n|-damage|p1b: Aerodactyl|1/100\n|move|p1b: Aerodactyl|Tailwind|p1b: Aerodactyl\n|-sidestart|p1: F-00|move: Tailwind\n|cant|p1a: Rotom|flinch\n|\n|upkeep\n|turn|4\n|inactive|F-00 has 30 seconds left.\n|inactive|F-00 has 20 seconds left.\n|inactive|F-00 has 15 seconds left.\n|\n|t:|1775947777\n|move|p2b: Glimmora|Spiky Shield|p2b: Glimmora\n|-singleturn|p2b: Glimmora|move: Protect\n|move|p1b: Aerodactyl|Tailwind||[still]\n|-fail|p1b: Aerodactyl\n|move|p2a: Aerodactyl|Rock Slide|p1a: Rotom|[spread] p1a,p1b\n|-supereffective|p1b: Aerodactyl|1\n|-crit|p1b: Aerodactyl\n|-damage|p1a: Rotom|66/100\n|-damage|p1b: Aerodactyl|0 fnt\n|faint|p1b: Aerodactyl\n|cant|p1a: Rotom|flinch\n|\n|upkeep\n|\n|t:|1775947788\n|switch|p1b: Incineroar|Incineroar, L50, M|100/100\n|-ability|p1b: Incineroar|Intimidate|boost\n|-unboost|p2a: Aerodactyl|atk|1\n|-unboost|p2b: Glimmora|atk|1\n|turn|5\n|inactive|nusocs-m has 30 seconds left.\n|\n|t:|1775947814\n|switch|p2b: Incineroar|Incineroar, L50, F|100/100\n|-ability|p2b: Incineroar|Intimidate|boost\n|-unboost|p1a: Rotom|atk|1\n|-unboost|p1b: Incineroar|atk|1\n|move|p2a: Aerodactyl|Protect|p2a: Aerodactyl\n|-singleturn|p2a: Aerodactyl|Protect\n|move|p1b: Incineroar|Fake Out|p2b: Incineroar\n|-damage|p2b: Incineroar|94/100\n|move|p1a: Rotom|Hydro Pump|p2b: Incineroar\n|-supereffective|p2b: Incineroar|1\n|-damage|p2b: Incineroar|35/100\n|\n|-sideend|p2: nusocs-m|move: Tailwind\n|upkeep\n|turn|6\n|\n|t:|1775947832\n|move|p2b: Incineroar|Fake Out|p1a: Rotom\n|-damage|p1a: Rotom|57/100\n|cant|p1a: Rotom|flinch\n|move|p2a: Aerodactyl|Tailwind|p2a: Aerodactyl\n|-sidestart|p2: nusocs-m|move: Tailwind\n|move|p1b: Incineroar|Parting Shot|p2b: Incineroar\n|-unboost|p2b: Incineroar|atk|1\n|-unboost|p2b: Incineroar|spa|1\n|\n|t:|1775947842\n|switch|p1b: Floette|Floette-Eternal, L50, F|100/100|[from] Parting Shot\n|\n|-sideend|p1: F-00|move: Tailwind\n|upkeep\n|turn|7\n|\n|t:|1775947865\n|detailschange|p1b: Floette|Floette-Mega, L50, F\n|-mega|p1b: Floette|Floette|Floettite\n|-ability|p1b: Floette|Fairy Aura\n|move|p2a: Aerodactyl|Dual Wingbeat|p1b: Floette\n|-damage|p1b: Floette|91/100\n|-damage|p1b: Floette|81/100\n|-hitcount|p1b: Floette|2\n|move|p2b: Incineroar|Parting Shot|p1b: Floette\n|-unboost|p1b: Floette|atk|1\n|-unboost|p1b: Floette|spa|1\n|\n|t:|1775947880\n|switch|p2b: Venusaur|Venusaur, L50, M|100/100|[from] Parting Shot\n|move|p1b: Floette|Dazzling Gleam|p2a: Aerodactyl|[spread] p2a,p2b\n|-resisted|p2b: Venusaur|1\n|-damage|p2a: Aerodactyl|8/100\n|-damage|p2b: Venusaur|85/100\n|move|p1a: Rotom|Volt Switch|p2a: Aerodactyl\n|-supereffective|p2a: Aerodactyl|1\n|-damage|p2a: Aerodactyl|0 fnt\n|faint|p2a: Aerodactyl\n|\n|t:|1775947887\n|switch|p1a: Incineroar|Incineroar, L50, M|100/100|[from] Volt Switch\n|-ability|p1a: Incineroar|Intimidate|boost\n|-unboost|p2b: Venusaur|atk|1\n|\n|-heal|p2b: Venusaur|90/100|[from] item: Leftovers\n|upkeep\n|\n|t:|1775947892\n|switch|p2a: Glimmora|Glimmora-Mega, L50, F|100/100\n|turn|8\n|\n|t:|1775947912\n|move|p1a: Incineroar|Fake Out|p2a: Glimmora\n|-resisted|p2a: Glimmora|1\n|-damage|p2a: Glimmora|95/100\n|cant|p2a: Glimmora|flinch\n|move|p2b: Venusaur|Sludge Bomb|p1b: Floette\n|-supereffective|p1b: Floette|1\n|-damage|p1b: Floette|21/100\n|move|p1b: Floette|Calm Mind|p1b: Floette\n|-boost|p1b: Floette|spa|1\n|-boost|p1b: Floette|spd|1\n|\n|-heal|p2b: Venusaur|96/100|[from] item: Leftovers\n|upkeep\n|turn|9\n|\n|t:|1775947933\n|move|p1b: Floette|Protect|p1b: Floette\n|-singleturn|p1b: Floette|Protect\n|move|p2a: Glimmora|Power Gem|p1a: Incineroar\n|-supereffective|p1a: Incineroar|1\n|-damage|p1a: Incineroar|0 fnt\n|faint|p1a: Incineroar\n|move|p2b: Venusaur|Sludge Bomb|p1b: Floette\n|-activate|p1b: Floette|move: Protect\n|\n|-heal|p2b: Venusaur|100/100|[from] item: Leftovers\n|-sideend|p2: nusocs-m|move: Tailwind\n|upkeep\n|\n|t:|1775947941\n|switch|p1a: Rotom|Rotom-Wash, L50|57/100\n|turn|10\n|\n|t:|1775947950\n|move|p2a: Glimmora|Sludge Bomb|p1b: Floette\n|-supereffective|p1b: Floette|1\n|-damage|p1b: Floette|0 fnt\n|faint|p1b: Floette\n|move|p2b: Venusaur|Leaf Storm|p1a: Rotom\n|-supereffective|p1a: Rotom|1\n|-damage|p1a: Rotom|0 fnt\n|-unboost|p2b: Venusaur|spa|2\n|faint|p1a: Rotom\n|\n|win|nusocs-m\n|raw|F-00's rating: 1083 &rarr; <strong>1065</strong><br />(-18 for losing)\n|raw|nusocs-m's rating: 1149 &rarr; <strong>1169</strong><br />(+20 for winning)\n|l|\u2606F-00\n|player|p1|\n",
  "uploadtime": 1775947957,
  "views": 17,
  "formatid": "gen9championsvgc2026regma",
  "rating": 1065,
  "private": 0,
  "password": null
}