{
  "id": "gen9championsvgc2026regma-2584494747",
  "format": "[Gen 9 Champions] VGC 2026 Reg M-A",
  "players": [
    "ElTitoDenn",
    "DucPlays"
  ],
  "log": "|j|\u2606ElTitoDenn\n|j|\u2606DucPlays\n|t:|1776264598\n|gametype|doubles\n|player|p1|ElTitoDenn|pokefan-gen4|1052\n|player|p2|DucPlays|nate|1067\n|gen|9\n|tier|[Gen 9 Champions] VGC 2026 Reg M-A\n|rated|\n|rule|Species Clause: Limit one of each Pok\u00e9mon\n|rule|Item Clause: Limit 1 of each item\n|clearpoke\n|poke|p1|Charizard, L50, M|\n|poke|p1|Maushold-Four, L50|\n|poke|p1|Sneasler, L50, F|\n|poke|p1|Dragapult, L50, F|\n|poke|p1|Kingambit, L50, M|\n|poke|p1|Garchomp, L50, F|\n|poke|p2|Chandelure, L50, M|\n|poke|p2|Sinistcha, L50|\n|poke|p2|Garchomp, L50, M|\n|poke|p2|Sneasler, L50, M|\n|poke|p2|Whimsicott, L50, M|\n|poke|p2|Charizard, L50, F|\n|teampreview|4\n|\n|t:|1776264653\n|teamsize|p1|4\n|teamsize|p2|4\n|start\n|switch|p1a: ElTItoDenn|Garchomp, L50, F, shiny|100/100\n|switch|p1b: Mohammed|Sneasler, L50, F, shiny|100/100\n|switch|p2a: R\u1ed3ng c\u00e1 m\u1eadp|Garchomp, L50, M|100/100\n|switch|p2b: B\u00f4ng g\u00f2n|Whimsicott, L50, M|100/100\n|turn|1\n|\n|t:|1776264678\n|move|p2a: R\u1ed3ng c\u00e1 m\u1eadp|Protect|p2a: R\u1ed3ng c\u00e1 m\u1eadp\n|-singleturn|p2a: R\u1ed3ng c\u00e1 m\u1eadp|Protect\n|move|p1b: Mohammed|Fake Out|p2b: B\u00f4ng g\u00f2n\n|-crit|p2b: B\u00f4ng g\u00f2n\n|-damage|p2b: B\u00f4ng g\u00f2n|78/100\n|cant|p2b: B\u00f4ng g\u00f2n|flinch\n|move|p1a: ElTItoDenn|Dragon Claw|p2a: R\u1ed3ng c\u00e1 m\u1eadp\n|-activate|p2a: R\u1ed3ng c\u00e1 m\u1eadp|move: Protect\n|\n|upkeep\n|turn|2\n|\n|t:|1776264693\n|move|p2b: B\u00f4ng g\u00f2n|Encore|p1b: Mohammed\n|-start|p1b: Mohammed|Encore\n|move|p1b: Mohammed|Fake Out||[still]\n|-hint|Fake Out only works on your first turn out.\n|-fail|p1b: Mohammed\n|move|p1a: ElTItoDenn|Dragon Claw|p2a: R\u1ed3ng c\u00e1 m\u1eadp\n|-supereffective|p2a: R\u1ed3ng c\u00e1 m\u1eadp|1\n|-damage|p2a: R\u1ed3ng c\u00e1 m\u1eadp|17/100\n|-damage|p1a: ElTItoDenn|88/100|[from] ability: Rough Skin|[of] p2a: R\u1ed3ng c\u00e1 m\u1eadp\n|move|p2a: R\u1ed3ng c\u00e1 m\u1eadp|Breaking Swipe|p1b: Mohammed|[spread] p1a,p1b\n|-supereffective|p1a: ElTItoDenn|1\n|-damage|p1a: ElTItoDenn|40/100\n|-damage|p1b: Mohammed|62/100\n|-unboost|p1a: ElTItoDenn|atk|1\n|-unboost|p1b: Mohammed|atk|1\n|-damage|p2a: R\u1ed3ng c\u00e1 m\u1eadp|5/100|[from] ability: Rough Skin|[of] p1a: ElTItoDenn\n|\n|upkeep\n|turn|3\n|\n|t:|1776264722\n|switch|p1b: 1M89|Kingambit, L50, M, shiny|100/100\n|move|p2b: B\u00f4ng g\u00f2n|Tailwind|p2b: B\u00f4ng g\u00f2n\n|-sidestart|p2: DucPlays|move: Tailwind\n|move|p2a: R\u1ed3ng c\u00e1 m\u1eadp|Breaking Swipe|p1b: 1M89|[spread] p1a,p1b\n|-supereffective|p1a: ElTItoDenn|1\n|-resisted|p1b: 1M89|1\n|-damage|p1a: ElTItoDenn|0 fnt\n|-damage|p1b: 1M89|92/100\n|-unboost|p1b: 1M89|atk|1\n|-ability|p1b: 1M89|Defiant|boost\n|-boost|p1b: 1M89|atk|2\n|-damage|p2a: R\u1ed3ng c\u00e1 m\u1eadp|0 fnt|[from] ability: Rough Skin|[of] p1a: ElTItoDenn\n|faint|p1a: ElTItoDenn\n|faint|p2a: R\u1ed3ng c\u00e1 m\u1eadp\n|\n|upkeep\n|\n|t:|1776264741\n|switch|p2a: M\u1ed3n l\u00e8o|Sneasler, L50, M|100/100\n|switch|p1a: Mohammed|Sneasler, L50, F, shiny|62/100\n|turn|4\n|\n|t:|1776264759\n|switch|p1a: DobleR|Dragapult, L50, F, shiny|100/100\n|move|p2a: M\u1ed3n l\u00e8o|Close Combat|p1b: 1M89\n|-supereffective|p1b: 1M89|2\n|-damage|p1b: 1M89|0 fnt\n|-unboost|p2a: M\u1ed3n l\u00e8o|def|1\n|-unboost|p2a: M\u1ed3n l\u00e8o|spd|1\n|faint|p1b: 1M89\n|-enditem|p2a: M\u1ed3n l\u00e8o|White Herb\n|-clearnegativeboost|p2a: M\u1ed3n l\u00e8o|[silent]\n|move|p2b: B\u00f4ng g\u00f2n|Moonblast|p1a: DobleR\n|-supereffective|p1a: DobleR|1\n|-damage|p1a: DobleR|16/100\n|\n|upkeep\n|\n|t:|1776264773\n|switch|p1b: Mohammed|Sneasler, L50, F, shiny|62/100\n|turn|5\n|\n|t:|1776264788\n|move|p1b: Mohammed|Fake Out|p2b: B\u00f4ng g\u00f2n\n|-damage|p2b: B\u00f4ng g\u00f2n|62/100\n|move|p2a: M\u1ed3n l\u00e8o|Dire Claw|p1a: DobleR\n|-resisted|p1a: DobleR|1\n|-damage|p1a: DobleR|0 fnt\n|faint|p1a: DobleR\n|cant|p2b: B\u00f4ng g\u00f2n|flinch\n|\n|upkeep\n|turn|6\n|c|\u2606DucPlays|Gg\n|\n|t:|1776264805\n|move|p1b: Mohammed|Feint|p2a: M\u1ed3n l\u00e8o\n|-damage|p2a: M\u1ed3n l\u00e8o|80/100\n|move|p2b: B\u00f4ng g\u00f2n|Encore|p1b: Mohammed\n|-start|p1b: Mohammed|Encore\n|move|p2a: M\u1ed3n l\u00e8o|Dire Claw|p1b: Mohammed\n|-resisted|p1b: Mohammed|1\n|-damage|p1b: Mohammed|20/100\n|\n|-sideend|p2: DucPlays|move: Tailwind\n|upkeep\n|turn|7\n|-message|ElTitoDenn forfeited.\n|\n|win|DucPlays\n|raw|ElTitoDenn's rating: 1052 &rarr; <strong>1035</strong><br />(-17 for losing)\n|raw|DucPlays's rating: 1067 &rarr; <strong>1096</strong><br />(+29 for winning)\n|l|\u2606ElTitoDenn\n|player|p1|\n",
  "uploadtime": 1776264819,
  "views": 26,
  "formatid": "gen9championsvgc2026regma",
  "rating": 1035,
  "private": 0,
  "password": null
}