{
  "id": "gen9championsvgc2026regma-2581771978",
  "format": "[Gen 9 Champions] VGC 2026 Reg M-A",
  "players": [
    "NoMercyPex",
    "ssppra2"
  ],
  "log": "|j|\u2606NoMercyPex\n|j|\u2606ssppra2\n|t:|1776027179\n|gametype|doubles\n|player|p1|NoMercyPex|silver-masters|1356\n|player|p2|ssppra2|169|1462\n|gen|9\n|tier|[Gen 9 Champions] VGC 2026 Reg M-A\n|rated|\n|rule|Species Clause: Limit one of each Pok\u00e9mon\n|rule|Item Clause: Limit 1 of each item\n|clearpoke\n|poke|p1|Whimsicott, L50, F|\n|poke|p1|Gardevoir, L50, M|\n|poke|p1|Garchomp, L50, F|\n|poke|p1|Incineroar, L50, F|\n|poke|p1|Sneasler, L50, M|\n|poke|p1|Farigiraf, L50, M|\n|poke|p2|Aggron, L50, F|\n|poke|p2|Mimikyu, L50, M|\n|poke|p2|Incineroar, L50, F|\n|poke|p2|Aerodactyl, L50, F|\n|poke|p2|Basculegion, L50, M|\n|poke|p2|Floette-Eternal, L50, F|\n|teampreview|4\n|inactive|Battle timer is ON: inactive players will automatically lose when time's up. (requested by ssppra2)\n|inactive|NoMercyPex also wants the timer to be on.\n|inactive|NoMercyPex has 60 seconds left.\n|inactive|ssppra2 has 60 seconds left.\n|\n|t:|1776027225\n|teamsize|p1|4\n|teamsize|p2|4\n|start\n|switch|p1a: Incineroar|Incineroar, L50, F|100/100\n|switch|p1b: Sneasler|Sneasler, L50, M|100/100\n|switch|p2a: Aerodactyl|Aerodactyl, L50, F|100/100\n|switch|p2b: Floette|Floette-Eternal, L50, F|100/100\n|-ability|p2a: Aerodactyl|Unnerve\n|-ability|p1a: Incineroar|Intimidate|boost\n|-unboost|p2a: Aerodactyl|atk|1\n|-unboost|p2b: Floette|atk|1\n|turn|1\n|\n|t:|1776027242\n|detailschange|p2b: Floette|Floette-Mega, L50, F\n|-mega|p2b: Floette|Floette|Floettite\n|-ability|p2b: Floette|Fairy Aura\n|move|p2a: Aerodactyl|Protect|p2a: Aerodactyl\n|-singleturn|p2a: Aerodactyl|Protect\n|move|p2b: Floette|Protect|p2b: Floette\n|-singleturn|p2b: Floette|Protect\n|move|p1a: Incineroar|Fake Out|p2a: Aerodactyl\n|-activate|p2a: Aerodactyl|move: Protect\n|move|p1b: Sneasler|Close Combat|p2a: Aerodactyl\n|-activate|p2a: Aerodactyl|move: Protect\n|\n|upkeep\n|turn|2\n|inactive|ssppra2 has 30 seconds left.\n|inactive|ssppra2 has 20 seconds left.\n|inactive|ssppra2 has 15 seconds left.\n|\n|t:|1776027283\n|move|p1b: Sneasler|Protect|p1b: Sneasler\n|-singleturn|p1b: Sneasler|Protect\n|move|p2a: Aerodactyl|Tailwind|p2a: Aerodactyl\n|-sidestart|p2: ssppra2|move: Tailwind\n|move|p2b: Floette|Light of Ruin|p1b: Sneasler\n|-activate|p1b: Sneasler|move: Protect\n|move|p1a: Incineroar|Parting Shot|p2b: Floette\n|-unboost|p2b: Floette|atk|1\n|-unboost|p2b: Floette|spa|1\n|\n|t:|1776027294\n|switch|p1a: Whimsicott|Whimsicott, L50, F|100/100|[from] Parting Shot\n|\n|upkeep\n|turn|3\n|inactive|ssppra2 has 30 seconds left.\n|\n|t:|1776027322\n|move|p1a: Whimsicott|Tailwind|p1a: Whimsicott\n|-sidestart|p1: NoMercyPex|move: Tailwind\n|move|p2a: Aerodactyl|Rock Slide|p1b: Sneasler|[spread] p1a,p1b\n|-resisted|p1b: Sneasler|1\n|-damage|p1a: Whimsicott|76/100\n|-damage|p1b: Sneasler|85/100\n|cant|p1b: Sneasler|flinch\n|move|p2b: Floette|Dazzling Gleam|p1a: Whimsicott|[spread] p1a,p1b\n|-damage|p1a: Whimsicott|18/100\n|-damage|p1b: Sneasler|34/100\n|\n|upkeep\n|turn|4\n|\n|t:|1776027347\n|switch|p1a: Incineroar|Incineroar, L50, F|100/100\n|-ability|p1a: Incineroar|Intimidate|boost\n|-unboost|p2a: Aerodactyl|atk|1\n|-unboost|p2b: Floette|atk|1\n|move|p2a: Aerodactyl|Dual Wingbeat|p1b: Sneasler\n|-supereffective|p1b: Sneasler|1\n|-damage|p1b: Sneasler|4/100\n|-supereffective|p1b: Sneasler|1\n|-damage|p1b: Sneasler|0 fnt\n|faint|p1b: Sneasler\n|-hitcount|p1: Sneasler|2\n|move|p2b: Floette|Dazzling Gleam|p1a: Incineroar\n|-damage|p1a: Incineroar|61/100\n|\n|-heal|p1a: Incineroar|67/100|[from] item: Leftovers\n|upkeep\n|\n|t:|1776027362\n|switch|p1b: Gardevoir|Gardevoir, L50, M|100/100\n|-ability|p1b: Gardevoir|Fairy Aura|Trace|[from] ability: Trace|[of] p2b: Floette\n|-ability|p1b: Gardevoir|Fairy Aura\n|turn|5\n|\n|t:|1776027374\n|detailschange|p1b: Gardevoir|Gardevoir-Mega, L50, M\n|-mega|p1b: Gardevoir|Gardevoir|Gardevoirite\n|move|p2a: Aerodactyl|Protect|p2a: Aerodactyl\n|-singleturn|p2a: Aerodactyl|Protect\n|move|p2b: Floette|Protect|p2b: Floette\n|-singleturn|p2b: Floette|Protect\n|move|p1a: Incineroar|Fake Out|p2b: Floette\n|-activate|p2b: Floette|move: Protect\n|move|p1b: Gardevoir|Calm Mind|p1b: Gardevoir\n|-boost|p1b: Gardevoir|spa|1\n|-boost|p1b: Gardevoir|spd|1\n|\n|-heal|p1a: Incineroar|73/100|[from] item: Leftovers\n|-sideend|p2: ssppra2|move: Tailwind\n|upkeep\n|turn|6\n|inactive|NoMercyPex has 30 seconds left.\n|inactive|ssppra2 has 30 seconds left.\n|inactive|ssppra2 has 20 seconds left.\n|\n|t:|1776027413\n|move|p1b: Gardevoir|Hyper Voice|p2b: Floette|[spread] p2a,p2b\n|-enditem|p2a: Aerodactyl|Focus Sash\n|-damage|p2a: Aerodactyl|1/100\n|-damage|p2b: Floette|0 fnt\n|faint|p2b: Floette\n|move|p2a: Aerodactyl|Rock Slide|p1b: Gardevoir|[spread] p1a,p1b\n|-supereffective|p1a: Incineroar|1\n|-damage|p1a: Incineroar|50/100\n|-damage|p1b: Gardevoir|82/100\n|cant|p1a: Incineroar|flinch\n|\n|-heal|p1a: Incineroar|55/100|[from] item: Leftovers\n|-sideend|p1: NoMercyPex|move: Tailwind\n|upkeep\n|\n|t:|1776027429\n|switch|p2b: Incineroar|Incineroar, L50, F|100/100\n|-ability|p2b: Incineroar|Intimidate|boost\n|-unboost|p1a: Incineroar|atk|1\n|-unboost|p1b: Gardevoir|atk|1\n|turn|7\n|\n|t:|1776027447\n|move|p1b: Gardevoir|Protect|p1b: Gardevoir\n|-singleturn|p1b: Gardevoir|Protect\n|move|p2b: Incineroar|Fake Out|p1a: Incineroar\n|-damage|p1a: Incineroar|44/100\n|move|p2a: Aerodactyl|Tailwind|p2a: Aerodactyl\n|-sidestart|p2: ssppra2|move: Tailwind\n|cant|p1a: Incineroar|flinch\n|\n|-heal|p1a: Incineroar|50/100|[from] item: Leftovers\n|upkeep\n|turn|8\n|inactive|ssppra2 has 30 seconds left.\n|inactive|ssppra2 has 20 seconds left.\n|inactive|ssppra2 has 15 seconds left.\n|inactive|ssppra2 has 10 seconds left.\n|\n|t:|1776027494\n|move|p2a: Aerodactyl|Rock Slide|p1b: Gardevoir|[spread] p1b\n|-miss|p2a: Aerodactyl|p1a: Incineroar\n|-damage|p1b: Gardevoir|63/100\n|move|p2b: Incineroar|Darkest Lariat|p1b: Gardevoir\n|-damage|p1b: Gardevoir|6/100\n|move|p1b: Gardevoir|Hyper Voice|p2b: Incineroar|[spread] p2a,p2b\n|-damage|p2a: Aerodactyl|0 fnt\n|-damage|p2b: Incineroar|30/100\n|-enditem|p2b: Incineroar|Sitrus Berry|[eat]\n|-heal|p2b: Incineroar|55/100|[from] item: Sitrus Berry\n|faint|p2a: Aerodactyl\n|move|p1a: Incineroar|Parting Shot|p2b: Incineroar\n|-unboost|p2b: Incineroar|atk|1\n|-unboost|p2b: Incineroar|spa|1\n|\n|t:|1776027510\n|switch|p1a: Whimsicott|Whimsicott, L50, F|18/100|[from] Parting Shot\n|\n|upkeep\n|\n|t:|1776027514\n|switch|p2a: Basculegion|Basculegion, L50, M|100/100\n|turn|9\n|inactive|ssppra2 has 30 seconds left.\n|\n|t:|1776027541\n|move|p1b: Gardevoir|Protect|p1b: Gardevoir\n|-singleturn|p1b: Gardevoir|Protect\n|move|p1a: Whimsicott|Tailwind|p1a: Whimsicott\n|-sidestart|p1: NoMercyPex|move: Tailwind\n|move|p2a: Basculegion|Wave Crash|p1b: Gardevoir\n|-activate|p1b: Gardevoir|move: Protect\n|move|p2b: Incineroar|Flare Blitz|p1a: Whimsicott\n|-supereffective|p1a: Whimsicott|1\n|-damage|p1a: Whimsicott|0 fnt\n|faint|p1a: Whimsicott\n|-damage|p2b: Incineroar|51/100|[from] Recoil\n|\n|upkeep\n|\n|t:|1776027552\n|switch|p1a: Incineroar|Incineroar, L50, F|50/100\n|-ability|p1a: Incineroar|Intimidate|boost\n|-unboost|p2a: Basculegion|atk|1\n|-unboost|p2b: Incineroar|atk|1\n|turn|10\n|\n|t:|1776027563\n|move|p2a: Basculegion|Wave Crash|p1b: Gardevoir\n|-damage|p1b: Gardevoir|0 fnt\n|faint|p1b: Gardevoir\n|-damage|p2a: Basculegion|99/100|[from] Recoil\n|move|p1a: Incineroar|Throat Chop|p2a: Basculegion\n|-supereffective|p2a: Basculegion|1\n|-damage|p2a: Basculegion|0 fnt\n|faint|p2a: Basculegion\n|move|p2b: Incineroar|Darkest Lariat|p1a: Incineroar\n|-resisted|p1a: Incineroar|1\n|-damage|p1a: Incineroar|41/100\n|\n|-heal|p1a: Incineroar|47/100|[from] item: Leftovers\n|-sideend|p2: ssppra2|move: Tailwind\n|upkeep\n|turn|11\n|\n|t:|1776027579\n|move|p1a: Incineroar|Throat Chop|p2b: Incineroar\n|-resisted|p2b: Incineroar|1\n|-damage|p2b: Incineroar|36/100\n|-start|p2b: Incineroar|Throat Chop|[silent]\n|move|p2b: Incineroar|Darkest Lariat|p1a: Incineroar\n|-resisted|p1a: Incineroar|1\n|-damage|p1a: Incineroar|38/100\n|\n|-heal|p1a: Incineroar|44/100|[from] item: Leftovers\n|upkeep\n|turn|12\n|\n|t:|1776027587\n|move|p1a: Incineroar|Throat Chop|p2b: Incineroar\n|-resisted|p2b: Incineroar|1\n|-damage|p2b: Incineroar|19/100\n|move|p2b: Incineroar|Darkest Lariat|p1a: Incineroar\n|-resisted|p1a: Incineroar|1\n|-damage|p1a: Incineroar|36/100\n|\n|-heal|p1a: Incineroar|42/100|[from] item: Leftovers\n|-end|p2b: Incineroar|Throat Chop|[silent]\n|-sideend|p1: NoMercyPex|move: Tailwind\n|upkeep\n|turn|13\n|\n|t:|1776027594\n|move|p1a: Incineroar|Throat Chop|p2b: Incineroar\n|-resisted|p2b: Incineroar|1\n|-damage|p2b: Incineroar|2/100\n|-start|p2b: Incineroar|Throat Chop|[silent]\n|move|p2b: Incineroar|Darkest Lariat|p1a: Incineroar\n|-resisted|p1a: Incineroar|1\n|-damage|p1a: Incineroar|32/100\n|\n|-heal|p1a: Incineroar|38/100|[from] item: Leftovers\n|upkeep\n|turn|14\n|\n|t:|1776027599\n|move|p1a: Incineroar|Throat Chop|p2b: Incineroar\n|-resisted|p2b: Incineroar|1\n|-damage|p2b: Incineroar|0 fnt\n|faint|p2b: Incineroar\n|\n|win|NoMercyPex\n|raw|NoMercyPex's rating: 1356 &rarr; <strong>1382</strong><br />(+26 for winning)\n|raw|ssppra2's rating: 1462 &rarr; <strong>1436</strong><br />(-26 for losing)\n",
  "uploadtime": 1776027605,
  "views": 28,
  "formatid": "gen9championsvgc2026regma",
  "rating": 1382,
  "private": 0,
  "password": null
}