{
  "id": "gen9championsvgc2026regma-2584684437",
  "format": "[Gen 9 Champions] VGC 2026 Reg M-A",
  "players": [
    "RESPIREin",
    "medic445"
  ],
  "log": "|j|\u2606RESPIREin\n|j|\u2606medic445\n|t:|1776276634\n|gametype|doubles\n|player|p1|RESPIREin|shadowtriad|1087\n|player|p2|medic445|cheryl|1000\n|gen|9\n|tier|[Gen 9 Champions] VGC 2026 Reg M-A\n|rated|\n|rule|Species Clause: Limit one of each Pok\u00e9mon\n|rule|Item Clause: Limit 1 of each item\n|clearpoke\n|poke|p1|Sharpedo, L50, F|\n|poke|p1|Sinistcha, L50|\n|poke|p1|Delphox, L50, M|\n|poke|p1|Garchomp, L50, M|\n|poke|p1|Aegislash, L50, M|\n|poke|p1|Aerodactyl, L50, M|\n|poke|p2|Scovillain, L50, F|\n|poke|p2|Torkoal, L50, F|\n|poke|p2|Aerodactyl, L50, M|\n|poke|p2|Garchomp, L50, F|\n|poke|p2|Whimsicott, L50, M|\n|poke|p2|Tauros-Paldea-Aqua, L50, M|\n|teampreview|4\n|\n|t:|1776276688\n|teamsize|p1|4\n|teamsize|p2|4\n|start\n|switch|p1a: Sharpedo|Sharpedo, L50, F, shiny|100/100\n|switch|p1b: Sinistcha|Sinistcha, L50|100/100\n|switch|p2a: Tauros|Tauros-Paldea-Aqua, L50, M|100/100\n|switch|p2b: Whimsicott|Whimsicott, L50, M|100/100\n|-ability|p2a: Tauros|Intimidate|boost\n|-unboost|p1a: Sharpedo|atk|1\n|-unboost|p1b: Sinistcha|atk|1\n|turn|1\n|\n|t:|1776276722\n|detailschange|p1a: Sharpedo|Sharpedo-Mega, L50, F, shiny\n|-mega|p1a: Sharpedo|Sharpedo|Sharpedonite\n|move|p1b: Sinistcha|Rage Powder|p1b: Sinistcha\n|-singleturn|p1b: Sinistcha|move: Rage Powder\n|move|p2b: Whimsicott|Tailwind|p2b: Whimsicott\n|-sidestart|p2: medic445|move: Tailwind\n|move|p2a: Tauros|Body Press|p1b: Sinistcha\n|-immune|p1b: Sinistcha\n|move|p1a: Sharpedo|Psychic Fangs|p2a: Tauros\n|-supereffective|p2a: Tauros|1\n|-crit|p2a: Tauros\n|-damage|p2a: Tauros|0 fnt\n|faint|p2a: Tauros\n|\n|upkeep\n|\n|t:|1776276743\n|switch|p2a: Garchomp|Garchomp, L50, F|100/100\n|turn|2\n|\n|t:|1776276769\n|move|p2a: Garchomp|Protect|p2a: Garchomp\n|-singleturn|p2a: Garchomp|Protect\n|move|p1a: Sharpedo|Protect|p1a: Sharpedo\n|-singleturn|p1a: Sharpedo|Protect\n|move|p2b: Whimsicott|Taunt|p1b: Sinistcha\n|-start|p1b: Sinistcha|move: Taunt\n|move|p1b: Sinistcha|Matcha Gotcha|p2a: Garchomp|[spread] \n|-activate|p2a: Garchomp|move: Protect\n|-miss|p1b: Sinistcha|p2b: Whimsicott\n|\n|upkeep\n|turn|3\n|\n|t:|1776276796\n|switch|p1a: Aegislash|Aegislash, L50, M|100/100\n|move|p2a: Garchomp|Brick Break|p1a: Aegislash\n|-immune|p1a: Aegislash\n|move|p2b: Whimsicott|Dazzling Gleam|p1a: Aegislash|[spread] p1a,p1b\n|-resisted|p1a: Aegislash|1\n|-crit|p1b: Sinistcha\n|-damage|p1a: Aegislash|93/100\n|-damage|p1b: Sinistcha|73/100\n|move|p1b: Sinistcha|Matcha Gotcha|p2a: Garchomp|[spread] p2a,p2b\n|-resisted|p2b: Whimsicott|1\n|-damage|p2a: Garchomp|79/100\n|-heal|p1b: Sinistcha|85/100|[from] drain|[of] p2a: Garchomp\n|-damage|p2b: Whimsicott|82/100\n|-heal|p1b: Sinistcha|93/100|[from] drain|[of] p2b: Whimsicott\n|\n|-heal|p1a: Aegislash|99/100|[from] item: Leftovers\n|upkeep\n|turn|4\n|\n|t:|1776276823\n|switch|p1b: Aerodactyl|Aerodactyl, L50, M|100/100\n|-ability|p1b: Aerodactyl|Unnerve\n|move|p2b: Whimsicott|Protect|p2b: Whimsicott\n|-singleturn|p2b: Whimsicott|Protect\n|move|p1a: Aegislash|King's Shield|p1a: Aegislash\n|-singleturn|p1a: Aegislash|Protect\n|move|p2a: Garchomp|Dragon Claw|p1b: Aerodactyl\n|-damage|p1b: Aerodactyl|34/100\n|\n|-heal|p1a: Aegislash|100/100|[from] item: Leftovers\n|-sideend|p2: medic445|move: Tailwind\n|upkeep\n|turn|5\n|\n|t:|1776276849\n|switch|p2b: Aerodactyl|Aerodactyl, L50, M|100/100\n|-ability|p2b: Aerodactyl|Unnerve\n|move|p1b: Aerodactyl|Dual Wingbeat|p2b: Aerodactyl\n|-resisted|p2b: Aerodactyl|1\n|-damage|p2b: Aerodactyl|86/100\n|-resisted|p2b: Aerodactyl|1\n|-damage|p2b: Aerodactyl|74/100\n|-hitcount|p2b: Aerodactyl|2\n|move|p2a: Garchomp|Dragon Claw|p1b: Aerodactyl\n|-damage|p1b: Aerodactyl|0 fnt\n|faint|p1b: Aerodactyl\n|-formechange|p1a: Aegislash|Aegislash-Blade|\n|move|p1a: Aegislash|Iron Head|p2a: Garchomp\n|-damage|p2a: Garchomp|32/100\n|-damage|p1a: Aegislash|89/100|[from] ability: Rough Skin|[of] p2a: Garchomp\n|\n|-heal|p1a: Aegislash|95/100|[from] item: Leftovers\n|upkeep\n|\n|t:|1776276879\n|switch|p1b: Sinistcha|Sinistcha, L50|93/100\n|-heal|p1a: Aegislash|100/100|[from] ability: Hospitality|[of] p1b: Sinistcha\n|turn|6\n|\n|t:|1776276913\n|move|p1b: Sinistcha|Rage Powder|p1b: Sinistcha\n|-singleturn|p1b: Sinistcha|move: Rage Powder\n|move|p2b: Aerodactyl|Dual Wingbeat|p1b: Sinistcha\n|-supereffective|p1b: Sinistcha|1\n|-damage|p1b: Sinistcha|66/100\n|-supereffective|p1b: Sinistcha|1\n|-damage|p1b: Sinistcha|41/100\n|-hitcount|p1b: Sinistcha|2\n|move|p2a: Garchomp|Earthquake|p1a: Aegislash|[spread] p1a,p1b\n|-immune|p2b: Aerodactyl\n|-supereffective|p1a: Aegislash|1\n|-resisted|p1b: Sinistcha|1\n|-damage|p1a: Aegislash|0 fnt\n|-damage|p1b: Sinistcha|29/100\n|faint|p1a: Aegislash\n|\n|upkeep\n|\n|t:|1776276927\n|switch|p1a: Sharpedo|Sharpedo-Mega, L50, F, shiny|100/100\n|turn|7\n|\n|t:|1776276941\n|move|p2a: Garchomp|Protect|p2a: Garchomp\n|-singleturn|p2a: Garchomp|Protect\n|move|p1b: Sinistcha|Rage Powder|p1b: Sinistcha\n|-singleturn|p1b: Sinistcha|move: Rage Powder\n|move|p2b: Aerodactyl|Tailwind|p2b: Aerodactyl\n|-sidestart|p2: medic445|move: Tailwind\n|move|p1a: Sharpedo|Liquidation|p2b: Aerodactyl\n|-supereffective|p2b: Aerodactyl|1\n|-damage|p2b: Aerodactyl|0 fnt\n|-enditem|p1b: Sinistcha|Sitrus Berry|[eat]\n|-heal|p1b: Sinistcha|54/100|[from] item: Sitrus Berry\n|faint|p2b: Aerodactyl\n|\n|upkeep\n|\n|t:|1776276950\n|switch|p2b: Whimsicott|Whimsicott, L50, M|82/100\n|turn|8\n|\n|t:|1776276962\n|move|p1a: Sharpedo|Protect|p1a: Sharpedo\n|-singleturn|p1a: Sharpedo|Protect\n|move|p2a: Garchomp|Dragon Claw|p1b: Sinistcha\n|-damage|p1b: Sinistcha|25/100\n|move|p2b: Whimsicott|Dazzling Gleam|p1a: Sharpedo|[spread] p1b\n|-activate|p1a: Sharpedo|move: Protect\n|-damage|p1b: Sinistcha|5/100\n|move|p1b: Sinistcha|Matcha Gotcha|p2a: Garchomp|[spread] p2a,p2b\n|-resisted|p2b: Whimsicott|1\n|-damage|p2a: Garchomp|9/100\n|-heal|p1b: Sinistcha|17/100|[from] drain|[of] p2a: Garchomp\n|-damage|p2b: Whimsicott|65/100\n|-heal|p1b: Sinistcha|25/100|[from] drain|[of] p2b: Whimsicott\n|-status|p2a: Garchomp|brn\n|\n|-damage|p2a: Garchomp|3/100 brn|[from] brn\n|upkeep\n|turn|9\n|\n|t:|1776276989\n|move|p1b: Sinistcha|Rage Powder|p1b: Sinistcha\n|-singleturn|p1b: Sinistcha|move: Rage Powder\n|move|p2a: Garchomp|Dragon Claw|p1b: Sinistcha\n|-damage|p1b: Sinistcha|11/100\n|move|p2b: Whimsicott|Dazzling Gleam|p1a: Sharpedo|[spread] p1a,p1b\n|-supereffective|p1a: Sharpedo|1\n|-damage|p1a: Sharpedo|38/100\n|-damage|p1b: Sinistcha|0 fnt\n|faint|p1b: Sinistcha\n|move|p1a: Sharpedo|Psychic Fangs|p2b: Whimsicott\n|-damage|p2b: Whimsicott|23/100\n|\n|-damage|p2a: Garchomp|0 fnt|[from] brn\n|faint|p2a: Garchomp\n|upkeep\n|turn|10\n|\n|t:|1776277004\n|move|p1a: Sharpedo|Protect|p1a: Sharpedo\n|-singleturn|p1a: Sharpedo|Protect\n|move|p2b: Whimsicott|Dazzling Gleam|p1a: Sharpedo\n|-activate|p1a: Sharpedo|move: Protect\n|\n|-sideend|p2: medic445|move: Tailwind\n|upkeep\n|turn|11\n|\n|t:|1776277014\n|move|p1a: Sharpedo|Psychic Fangs|p2b: Whimsicott\n|-damage|p2b: Whimsicott|0 fnt\n|faint|p2b: Whimsicott\n|\n|win|RESPIREin\n|raw|RESPIREin's rating: 1087 &rarr; <strong>1107</strong><br />(+20 for winning)\n|raw|medic445's rating: 1000 &rarr; <strong>1000</strong><br />(+0 for losing)\n|l|\u2606medic445\n|player|p2|\n|c|\u2606RESPIREin|ggs\n",
  "uploadtime": 1776277082,
  "views": 17,
  "formatid": "gen9championsvgc2026regma",
  "rating": 1000,
  "private": 0,
  "password": null
}