{
  "id": "gen9championsvgc2026regma-2582274793",
  "format": "[Gen 9 Champions] VGC 2026 Reg M-A",
  "players": [
    "furubisal",
    "ghikoj2"
  ],
  "log": "|j|\u2606furubisal\n|j|\u2606ghikoj2\n|t:|1776078746\n|gametype|doubles\n|player|p1|furubisal|102|1087\n|player|p2|ghikoj2|265|1000\n|gen|9\n|tier|[Gen 9 Champions] VGC 2026 Reg M-A\n|rated|\n|rule|Species Clause: Limit one of each Pok\u00e9mon\n|rule|Item Clause: Limit 1 of each item\n|clearpoke\n|poke|p1|Sneasler, L50, F|\n|poke|p1|Whimsicott, L50, M|\n|poke|p1|Gallade, L50, M|\n|poke|p1|Incineroar, L50, F|\n|poke|p1|Gengar, L50, F|\n|poke|p1|Politoed, L50, M|\n|poke|p2|Araquanid, L50, F|\n|poke|p2|Gyarados, L50, F|\n|poke|p2|Archaludon, L50, M|\n|poke|p2|Politoed, L50, F|\n|poke|p2|Sylveon, L50, F|\n|poke|p2|Delphox, L50, M|\n|teampreview|4\n|\n|t:|1776078771\n|teamsize|p1|4\n|teamsize|p2|4\n|start\n|switch|p1a: Whimsicott|Whimsicott, L50, M|100/100\n|switch|p1b: Sneasler|Sneasler, L50, F|100/100\n|switch|p2a: Archaludon|Archaludon, L50, M|100/100\n|switch|p2b: Politoed|Politoed, L50, F|100/100\n|-weather|RainDance|[from] ability: Drizzle|[of] p2b: Politoed\n|turn|1\n|\n|t:|1776078792\n|switch|p2b: Araquanid|Araquanid, L50, F|100/100\n|move|p1a: Whimsicott|Tailwind|p1a: Whimsicott\n|-sidestart|p1: furubisal|move: Tailwind\n|move|p1b: Sneasler|Close Combat|p2a: Archaludon\n|-supereffective|p2a: Archaludon|1\n|-damage|p2a: Archaludon|7/100\n|-unboost|p1b: Sneasler|def|1\n|-unboost|p1b: Sneasler|spd|1\n|-ability|p2a: Archaludon|Stamina|boost\n|-boost|p2a: Archaludon|def|1\n|-enditem|p1b: Sneasler|White Herb\n|-clearnegativeboost|p1b: Sneasler|[silent]\n|move|p2a: Archaludon|Stealth Rock|p1a: Whimsicott\n|-sidestart|p1: furubisal|move: Stealth Rock\n|\n|-weather|RainDance|[upkeep]\n|upkeep\n|turn|2\n|\n|t:|1776078829\n|move|p2a: Archaludon|Protect|p2a: Archaludon\n|-singleturn|p2a: Archaludon|Protect\n|move|p1a: Whimsicott|Encore|p2a: Archaludon\n|-activate|p2a: Archaludon|move: Protect\n|move|p1b: Sneasler|Dire Claw|p2b: Araquanid\n|-damage|p2b: Araquanid|54/100\n|-status|p2b: Araquanid|slp\n|cant|p2b: Araquanid|slp\n|\n|-weather|RainDance|[upkeep]\n|upkeep\n|turn|3\n|\n|t:|1776078846\n|move|p1a: Whimsicott|Encore|p2a: Archaludon\n|-start|p2a: Archaludon|Encore\n|move|p2a: Archaludon|Protect||[still]\n|-fail|p2a: Archaludon\n|move|p1b: Sneasler|Dire Claw|p2b: Araquanid\n|-damage|p2b: Araquanid|7/100 slp\n|cant|p2b: Araquanid|slp\n|\n|-weather|RainDance|[upkeep]\n|upkeep\n|turn|4\n|\n|t:|1776078860\n|move|p2a: Archaludon|Protect|p2a: Archaludon\n|-singleturn|p2a: Archaludon|Protect\n|move|p1b: Sneasler|Dire Claw|p2b: Araquanid\n|-damage|p2b: Araquanid|0 fnt\n|faint|p2b: Araquanid\n|move|p1a: Whimsicott|Moonblast|p2a: Archaludon\n|-activate|p2a: Archaludon|move: Protect\n|\n|-weather|RainDance|[upkeep]\n|-sideend|p1: furubisal|move: Tailwind\n|upkeep\n|\n|t:|1776078864\n|switch|p2b: Gyarados|Gyarados, L50, F, shiny|100/100\n|-ability|p2b: Gyarados|Intimidate|boost\n|-unboost|p1a: Whimsicott|atk|1\n|-unboost|p1b: Sneasler|atk|1\n|turn|5\n|\n|t:|1776078877\n|move|p2a: Archaludon|Protect||[still]\n|-fail|p2a: Archaludon\n|move|p1a: Whimsicott|Tailwind|p1a: Whimsicott\n|-sidestart|p1: furubisal|move: Tailwind\n|move|p1b: Sneasler|Close Combat|p2a: Archaludon|[miss]\n|-miss|p1b: Sneasler|p2a: Archaludon\n|move|p2b: Gyarados|Dragon Dance|p2b: Gyarados\n|-boost|p2b: Gyarados|atk|1\n|-boost|p2b: Gyarados|spe|1\n|\n|-weather|none\n|-end|p2a: Archaludon|Encore\n|upkeep\n|turn|6\n|\n|t:|1776078922\n|switch|p2a: Politoed|Politoed, L50, F|100/100\n|-weather|RainDance|[from] ability: Drizzle|[of] p2a: Politoed\n|detailschange|p2b: Gyarados|Gyarados-Mega, L50, F, shiny\n|-mega|p2b: Gyarados|Gyarados|Gyaradosite\n|-ability|p2b: Gyarados|Mold Breaker\n|move|p1a: Whimsicott|Encore|p2b: Gyarados\n|-hint|Since gen 7, Dark is immune to Prankster moves.\n|-immune|p2b: Gyarados\n|move|p1b: Sneasler|Dire Claw|p2b: Gyarados\n|-damage|p2b: Gyarados|69/100\n|move|p2b: Gyarados|Lash Out|p1a: Whimsicott\n|-resisted|p1a: Whimsicott|1\n|-damage|p1a: Whimsicott|59/100\n|\n|-weather|RainDance|[upkeep]\n|upkeep\n|turn|7\n|\n|t:|1776078981\n|move|p1b: Sneasler|Close Combat|p2b: Gyarados\n|-supereffective|p2b: Gyarados|1\n|-damage|p2b: Gyarados|0 fnt\n|-unboost|p1b: Sneasler|def|1\n|-unboost|p1b: Sneasler|spd|1\n|faint|p2b: Gyarados\n|move|p1a: Whimsicott|Moonblast|p2a: Politoed\n|-damage|p2a: Politoed|76/100\n|move|p2a: Politoed|Ice Beam|p1a: Whimsicott\n|-supereffective|p1a: Whimsicott|1\n|-damage|p1a: Whimsicott|0 fnt\n|faint|p1a: Whimsicott\n|\n|-weather|RainDance|[upkeep]\n|upkeep\n|\n|t:|1776078993\n|switch|p1a: Gallade|Gallade, L50, M|100/100\n|switch|p2b: Archaludon|Archaludon, L50, M|7/100\n|-damage|p1a: Gallade|95/100|[from] Stealth Rock\n|turn|8\n|\n|t:|1776079003\n|move|p2b: Archaludon|Protect|p2b: Archaludon\n|-singleturn|p2b: Archaludon|Protect\n|move|p1b: Sneasler|Close Combat|p2b: Archaludon\n|-activate|p2b: Archaludon|move: Protect\n|move|p1a: Gallade|Leaf Blade|p2a: Politoed\n|-supereffective|p2a: Politoed|1\n|-damage|p2a: Politoed|0 fnt\n|faint|p2a: Politoed\n|\n|-weather|RainDance|[upkeep]\n|-sideend|p1: furubisal|move: Tailwind\n|upkeep\n|turn|9\n|-message|ghikoj2 forfeited.\n|\n|win|furubisal\n|raw|furubisal's rating: 1087 &rarr; <strong>1107</strong><br />(+20 for winning)\n|raw|ghikoj2's rating: 1000 &rarr; <strong>1000</strong><br />(+0 for losing)\n",
  "uploadtime": 1776079011,
  "views": 12,
  "formatid": "gen9championsvgc2026regma",
  "rating": 1000,
  "private": 0,
  "password": null
}