{
  "id": "gen9championsvgc2026regma-2580548514",
  "format": "[Gen 9 Champions] VGC 2026 Reg M-A",
  "players": [
    "Espnex",
    "yamzinyobooty"
  ],
  "log": "|j|\u2606Espnex\n|j|\u2606yamzinyobooty\n|t:|1775911589\n|gametype|doubles\n|player|p1|Espnex|101|1040\n|player|p2|yamzinyobooty|2|1128\n|gen|9\n|tier|[Gen 9 Champions] VGC 2026 Reg M-A\n|rated|\n|rule|Species Clause: Limit one of each Pok\u00e9mon\n|rule|Item Clause: Limit 1 of each item\n|clearpoke\n|poke|p1|Gallade, L50, M|\n|poke|p1|Meowstic, L50, M|\n|poke|p1|Hatterene, L50, F|\n|poke|p1|Torkoal, L50, F|\n|poke|p1|Camerupt, L50, F|\n|poke|p1|Conkeldurr, L50, F|\n|poke|p2|Tyranitar, L50, F|\n|poke|p2|Excadrill, L50, F|\n|poke|p2|Rotom-Wash, L50|\n|poke|p2|Basculegion, L50, M|\n|poke|p2|Meganium, L50, M|\n|poke|p2|Talonflame, L50, F|\n|teampreview|4\n|inactive|Battle timer is ON: inactive players will automatically lose when time's up. (requested by yamzinyobooty)\n|inactive|Espnex also wants the timer to be on.\n|inactive|yamzinyobooty has 60 seconds left.\n|\n|t:|1775911627\n|teamsize|p1|4\n|teamsize|p2|4\n|start\n|switch|p1a: Gallade|Gallade, L50, M, shiny|100/100\n|switch|p1b: Meowstic|Meowstic, L50, M|100/100\n|switch|p2a: Rotom|Rotom-Wash, L50, shiny|100/100\n|switch|p2b: Basculegion|Basculegion, L50, M|100/100\n|turn|1\n|inactive|yamzinyobooty has 30 seconds left.\n|inactive|yamzinyobooty has 20 seconds left.\n|inactive|yamzinyobooty has 15 seconds left.\n|\n|t:|1775911670\n|move|p2a: Rotom|Protect|p2a: Rotom\n|-singleturn|p2a: Rotom|Protect\n|move|p1b: Meowstic|Fake Out|p2a: Rotom\n|-activate|p2a: Rotom|move: Protect\n|move|p2b: Basculegion|Wave Crash|p1a: Gallade\n|-damage|p1a: Gallade|0 fnt\n|faint|p1a: Gallade\n|-damage|p2b: Basculegion|71/100|[from] Recoil\n|\n|upkeep\n|\n|t:|1775911677\n|switch|p1a: Conkeldurr|Conkeldurr, L50, F|100/100\n|turn|2\n|\n|t:|1775911698\n|switch|p2b: Excadrill|Excadrill, L50, F|100/100\n|move|p2a: Rotom|Discharge|p1a: Conkeldurr|[spread] p1a,p1b\n|-immune|p2b: Excadrill\n|-damage|p1a: Conkeldurr|76/100\n|-damage|p1b: Meowstic|83/100\n|move|p1a: Conkeldurr|Drain Punch|p2a: Rotom\n|-damage|p2a: Rotom|38/100\n|-heal|p1a: Conkeldurr|97/100|[from] drain|[of] p2a: Rotom\n|-enditem|p2a: Rotom|Sitrus Berry|[eat]\n|-heal|p2a: Rotom|63/100|[from] item: Sitrus Berry\n|move|p1b: Meowstic|Trick Room|p1b: Meowstic\n|-fieldstart|move: Trick Room|[of] p1b: Meowstic\n|\n|-heal|p1a: Conkeldurr|100/100|[from] item: Leftovers\n|upkeep\n|turn|3\n|inactive|yamzinyobooty has 30 seconds left.\n|inactive|Espnex has 30 seconds left.\n|inactive|yamzinyobooty has 20 seconds left.\n|\n|t:|1775911736\n|move|p2b: Excadrill|Protect|p2b: Excadrill\n|-singleturn|p2b: Excadrill|Protect\n|move|p1b: Meowstic|Light Screen|p1b: Meowstic\n|-sidestart|p1: Espnex|move: Light Screen\n|move|p1a: Conkeldurr|Drain Punch|p2a: Rotom\n|-damage|p2a: Rotom|0 fnt\n|faint|p2a: Rotom\n|\n|upkeep\n|\n|t:|1775911750\n|switch|p2a: Basculegion|Basculegion, L50, M|71/100\n|turn|4\n|\n|t:|1775911761\n|switch|p2b: Tyranitar|Tyranitar, L50, F|100/100\n|-weather|Sandstorm|[from] ability: Sand Stream|[of] p2b: Tyranitar\n|move|p1b: Meowstic|Psychic Terrain|p1b: Meowstic\n|-fieldstart|move: Psychic Terrain\n|move|p1a: Conkeldurr|Poison Jab|p2b: Tyranitar\n|-resisted|p2b: Tyranitar|1\n|-damage|p2b: Tyranitar|90/100\n|move|p2a: Basculegion|Psychic Fangs|p1a: Conkeldurr\n|-sideend|p1: Espnex|move: Light Screen\n|-supereffective|p1a: Conkeldurr|1\n|-damage|p1a: Conkeldurr|42/100\n|\n|-weather|Sandstorm|[upkeep]\n|-damage|p1a: Conkeldurr|36/100|[from] Sandstorm\n|-damage|p1b: Meowstic|77/100|[from] Sandstorm\n|-damage|p2a: Basculegion|65/100|[from] Sandstorm\n|-heal|p1a: Conkeldurr|42/100|[from] item: Leftovers\n|upkeep\n|turn|5\n|\n|t:|1775911779\n|switch|p1b: Camerupt|Camerupt, L50, F|100/100\n|move|p1a: Conkeldurr|Drain Punch|p2b: Tyranitar\n|-supereffective|p2b: Tyranitar|2\n|-enditem|p2b: Tyranitar|Chople Berry|[eat]\n|-enditem|p2b: Tyranitar|Chople Berry|[weaken]\n|-damage|p2b: Tyranitar|12/100\n|-heal|p1a: Conkeldurr|80/100|[from] drain|[of] p2b: Tyranitar\n|move|p2b: Tyranitar|Knock Off|p1b: Camerupt\n|-damage|p1b: Camerupt|60/100\n|move|p2a: Basculegion|Psychic Fangs|p1a: Conkeldurr\n|-supereffective|p1a: Conkeldurr|1\n|-damage|p1a: Conkeldurr|21/100\n|\n|-weather|Sandstorm|[upkeep]\n|-damage|p1a: Conkeldurr|15/100|[from] Sandstorm\n|-damage|p2a: Basculegion|59/100|[from] Sandstorm\n|-heal|p1a: Conkeldurr|21/100|[from] item: Leftovers\n|upkeep\n|turn|6\n|\n|t:|1775911802\n|detailschange|p1b: Camerupt|Camerupt-Mega, L50, F\n|-mega|p1b: Camerupt|Camerupt|Cameruptite\n|move|p2b: Tyranitar|Protect|p2b: Tyranitar\n|-singleturn|p2b: Tyranitar|Protect\n|move|p1b: Camerupt|Earth Power|p2a: Basculegion\n|-damage|p2a: Basculegion|0 fnt\n|faint|p2a: Basculegion\n|move|p1a: Conkeldurr|Drain Punch|p2b: Tyranitar\n|-activate|p2b: Tyranitar|move: Protect\n|\n|-weather|Sandstorm|[upkeep]\n|-damage|p1a: Conkeldurr|15/100|[from] Sandstorm\n|-heal|p1a: Conkeldurr|21/100|[from] item: Leftovers\n|-fieldend|move: Trick Room\n|upkeep\n|\n|t:|1775911811\n|switch|p2a: Excadrill|Excadrill, L50, F|100/100\n|turn|7\n|inactive|yamzinyobooty has 30 seconds left.\n|inactive|yamzinyobooty has 20 seconds left.\n|inactive|yamzinyobooty has 15 seconds left.\n|inactive|yamzinyobooty has 10 seconds left.\n|\n|t:|1775911859\n|move|p2b: Tyranitar|Protect||[still]\n|-fail|p2b: Tyranitar\n|move|p2a: Excadrill|Earthquake|p1a: Conkeldurr|[spread] p2b,p1a,p1b\n|-supereffective|p2b: Tyranitar|1\n|-supereffective|p1b: Camerupt|1\n|-damage|p2b: Tyranitar|0 fnt\n|-damage|p1a: Conkeldurr|0 fnt\n|-damage|p1b: Camerupt|0 fnt\n|faint|p2b: Tyranitar\n|faint|p1a: Conkeldurr\n|faint|p1b: Camerupt\n|\n|-weather|Sandstorm|[upkeep]\n|upkeep\n|\n|t:|1775911866\n|switch|p1b: Meowstic|Meowstic, L50, M|77/100\n|turn|8\n|-message|Espnex forfeited.\n|\n|win|yamzinyobooty\n|raw|Espnex's rating: 1040 &rarr; <strong>1028</strong><br />(-12 for losing)\n|raw|yamzinyobooty's rating: 1128 &rarr; <strong>1147</strong><br />(+19 for winning)\n",
  "uploadtime": 1775911870,
  "views": 15,
  "formatid": "gen9championsvgc2026regma",
  "rating": 1028,
  "private": 0,
  "password": null
}