{
  "id": "gen9championsvgc2026regma-2580716838",
  "format": "[Gen 9 Champions] VGC 2026 Reg M-A",
  "players": [
    "Arii Tensei",
    "miguelon611"
  ],
  "log": "|j|\u203dArii Tensei\n|j|\u2606miguelon611\n|t:|1775926710\n|gametype|doubles\n|player|p1|Arii Tensei|janine|1091\n|player|p2|miguelon611|1|1147\n|gen|9\n|tier|[Gen 9 Champions] VGC 2026 Reg M-A\n|rated|\n|rule|Species Clause: Limit one of each Pok\u00e9mon\n|rule|Item Clause: Limit 1 of each item\n|clearpoke\n|poke|p1|Kangaskhan, L50, F|\n|poke|p1|Corviknight, L50, F|\n|poke|p1|Incineroar, L50, M|\n|poke|p1|Palafin, L50, M|\n|poke|p1|Volcarona, L50, F|\n|poke|p1|Sinistcha, L50|\n|poke|p2|Hatterene, L50, F|\n|poke|p2|Kangaskhan, L50, F|\n|poke|p2|Crabominable, L50, F|\n|poke|p2|Torkoal, L50, M|\n|poke|p2|Farigiraf, L50, F|\n|poke|p2|Kingambit, L50, M|\n|teampreview|4\n|inactive|Battle timer is ON: inactive players will automatically lose when time's up. (requested by Arii Tensei)\n|\n|t:|1775926741\n|teamsize|p1|4\n|teamsize|p2|4\n|start\n|switch|p1a: Kangaskhan|Kangaskhan, L50, F|100/100\n|switch|p1b: Palafin|Palafin, L50, M|100/100\n|switch|p2a: Kangaskhan|Kangaskhan, L50, F|100/100\n|switch|p2b: Farigiraf|Farigiraf, L50, F|100/100\n|turn|1\n|\n|t:|1775926754\n|detailschange|p1a: Kangaskhan|Kangaskhan-Mega, L50, F\n|-mega|p1a: Kangaskhan|Kangaskhan|Kangaskhanite\n|move|p2a: Kangaskhan|Fake Out|p1b: Palafin\n|-damage|p1b: Palafin|77/100\n|cant|p1b: Palafin|flinch\n|move|p1a: Kangaskhan|Double-Edge|p2b: Farigiraf\n|-damage|p2b: Farigiraf|49/100\n|-damage|p2b: Farigiraf|37/100\n|-hitcount|p2b: Farigiraf|2\n|-damage|p1a: Kangaskhan|74/100|[from] Recoil\n|move|p2b: Farigiraf|Trick Room|p2b: Farigiraf\n|-fieldstart|move: Trick Room|[of] p2b: Farigiraf\n|\n|upkeep\n|turn|2\n|\n|t:|1775926778\n|detailschange|p2a: Kangaskhan|Kangaskhan-Mega, L50, F\n|-mega|p2a: Kangaskhan|Kangaskhan|Kangaskhanite\n|move|p1a: Kangaskhan|Protect|p1a: Kangaskhan\n|-singleturn|p1a: Kangaskhan|Protect\n|move|p2b: Farigiraf|Ally Switch|p2b: Farigiraf\n|swap|p2b: Farigiraf|0|[from] move: Ally Switch\n|move|p2b: Kangaskhan|Hammer Arm|p1a: Kangaskhan\n|-activate|p1a: Kangaskhan|move: Protect\n|move|p1b: Palafin|Flip Turn|p2b: Kangaskhan\n|-damage|p2b: Kangaskhan|81/100\n|\n|t:|1775926788\n|detailschange|p1b: Palafin|Palafin-Hero, L50, M\n|switch|p1b: Incineroar|Incineroar, L50, M|100/100|[from] Flip Turn\n|-ability|p1b: Incineroar|Intimidate|boost\n|-unboost|p2a: Farigiraf|atk|1\n|-unboost|p2b: Kangaskhan|atk|1\n|\n|upkeep\n|turn|3\n|\n|t:|1775926798\n|switch|p2a: Torkoal|Torkoal, L50, M|100/100\n|-weather|SunnyDay|[from] ability: Drought|[of] p2a: Torkoal\n|switch|p1a: Sinistcha|Sinistcha, L50|100/100\n|move|p1b: Incineroar|Darkest Lariat|p2a: Torkoal\n|-damage|p2a: Torkoal|60/100\n|move|p2b: Kangaskhan|Hammer Arm|p1a: Sinistcha\n|-immune|p1a: Sinistcha\n|\n|-weather|SunnyDay|[upkeep]\n|upkeep\n|turn|4\n|\n|t:|1775926815\n|move|p2a: Torkoal|Heat Wave|p1b: Incineroar|[spread] p1a,p1b\n|-supereffective|p1a: Sinistcha|1\n|-resisted|p1b: Incineroar|1\n|-damage|p1a: Sinistcha|0 fnt\n|-damage|p1b: Incineroar|75/100\n|faint|p1a: Sinistcha\n|move|p1b: Incineroar|Darkest Lariat|p2a: Torkoal\n|-damage|p2a: Torkoal|20/100\n|move|p2b: Kangaskhan|Hammer Arm|p1b: Incineroar\n|-supereffective|p1b: Incineroar|1\n|-damage|p1b: Incineroar|33/100\n|-unboost|p2b: Kangaskhan|spe|1\n|-supereffective|p1b: Incineroar|1\n|-damage|p1b: Incineroar|24/100\n|-unboost|p2b: Kangaskhan|spe|1\n|-hitcount|p1b: Incineroar|2\n|\n|-weather|SunnyDay|[upkeep]\n|upkeep\n|\n|t:|1775926825\n|switch|p1a: Kangaskhan|Kangaskhan-Mega, L50, F|74/100\n|turn|5\n|\n|t:|1775926835\n|switch|p2b: Farigiraf|Farigiraf, L50, F|37/100\n|move|p1a: Kangaskhan|Fake Out|p2a: Torkoal\n|-damage|p2a: Torkoal|3/100\n|-damage|p2a: Torkoal|0 fnt\n|faint|p2a: Torkoal\n|-hitcount|p2: Torkoal|2\n|move|p1b: Incineroar|Darkest Lariat|p2b: Farigiraf\n|-supereffective|p2b: Farigiraf|1\n|-damage|p2b: Farigiraf|0 fnt\n|faint|p2b: Farigiraf\n|\n|-weather|SunnyDay|[upkeep]\n|-fieldend|move: Trick Room\n|upkeep\n|\n|t:|1775926850\n|switch|p2b: Kangaskhan|Kangaskhan-Mega, L50, F|81/100\n|switch|p2a: Crabominable|Crabominable, L50, F|100/100\n|turn|6\n|\n|t:|1775926865\n|switch|p1b: Palafin|Palafin-Hero, L50, M|77/100\n|-activate|p1b: Palafin|ability: Zero to Hero\n|move|p1a: Kangaskhan|Protect|p1a: Kangaskhan\n|-singleturn|p1a: Kangaskhan|Protect\n|move|p2b: Kangaskhan|Hammer Arm|p1a: Kangaskhan\n|-activate|p1a: Kangaskhan|move: Protect\n|move|p2a: Crabominable|Thunder Punch|p1b: Palafin\n|-supereffective|p1b: Palafin|1\n|-damage|p1b: Palafin|0 fnt\n|faint|p1b: Palafin\n|\n|-weather|SunnyDay|[upkeep]\n|upkeep\n|\n|t:|1775926875\n|switch|p1b: Incineroar|Incineroar, L50, M|24/100\n|-ability|p1b: Incineroar|Intimidate|boost\n|-unboost|p2a: Crabominable|atk|1\n|-unboost|p2b: Kangaskhan|atk|1\n|turn|7\n|\n|t:|1775926883\n|move|p1b: Incineroar|Fake Out|p2a: Crabominable\n|-damage|p2a: Crabominable|87/100\n|move|p1a: Kangaskhan|Double-Edge|p2b: Kangaskhan\n|-damage|p2b: Kangaskhan|24/100\n|-damage|p2b: Kangaskhan|10/100\n|-hitcount|p2b: Kangaskhan|2\n|-damage|p1a: Kangaskhan|49/100|[from] Recoil\n|move|p2b: Kangaskhan|Hammer Arm|p1a: Kangaskhan\n|-supereffective|p1a: Kangaskhan|1\n|-damage|p1a: Kangaskhan|3/100\n|-unboost|p2b: Kangaskhan|spe|1\n|-supereffective|p1a: Kangaskhan|1\n|-damage|p1a: Kangaskhan|0 fnt\n|-unboost|p2b: Kangaskhan|spe|1\n|faint|p1a: Kangaskhan\n|-hitcount|p1: Kangaskhan|2\n|cant|p2a: Crabominable|flinch\n|\n|-weather|none\n|upkeep\n|turn|8\n|\n|t:|1775926899\n|move|p1b: Incineroar|Flare Blitz|p2a: Crabominable\n|-supereffective|p2a: Crabominable|1\n|-damage|p2a: Crabominable|0 fnt\n|faint|p2a: Crabominable\n|-damage|p1b: Incineroar|0 fnt|[from] Recoil\n|faint|p1b: Incineroar\n|\n|win|miguelon611\n|raw|Arii Tensei's rating: 1091 &rarr; <strong>1071</strong><br />(-20 for losing)\n|raw|miguelon611's rating: 1147 &rarr; <strong>1168</strong><br />(+21 for winning)\n|l|\u203dArii Tensei\n|player|p1|\n",
  "uploadtime": 1775926916,
  "views": 11,
  "formatid": "gen9championsvgc2026regma",
  "rating": 1071,
  "private": 0,
  "password": null
}