{
  "id": "gen9championsvgc2026regma-2585181472",
  "format": "[Gen 9 Champions] VGC 2026 Reg M-A",
  "players": [
    "Corbinc",
    "Heyewer"
  ],
  "log": "|j|\u2606Corbinc\n|j|\u2606Heyewer\n|t:|1776321925\n|gametype|doubles\n|player|p1|Corbinc|ghetsis-gen5bw|1093\n|player|p2|Heyewer|hiker-gen4|1071\n|gen|9\n|tier|[Gen 9 Champions] VGC 2026 Reg M-A\n|rated|\n|rule|Species Clause: Limit one of each Pok\u00e9mon\n|rule|Item Clause: Limit 1 of each item\n|clearpoke\n|poke|p1|Crabominable, L50, M|\n|poke|p1|Abomasnow, L50, M|\n|poke|p1|Sableye, L50, M|\n|poke|p1|Drampa, L50, M|\n|poke|p1|Farigiraf, L50, F|\n|poke|p1|Ninetales-Alola, L50, F|\n|poke|p2|Greninja-*, L50, F|\n|poke|p2|Sneasler, L50, F|\n|poke|p2|Arcanine, L50, F|\n|poke|p2|Sinistcha-Masterpiece, L50|\n|poke|p2|Kangaskhan, L50, F|\n|poke|p2|Aerodactyl, L50, F|\n|teampreview|4\n|inactive|Battle timer is ON: inactive players will automatically lose when time's up. (requested by Corbinc)\n|inactive|Heyewer has 60 seconds left.\n|\n|t:|1776321968\n|teamsize|p1|4\n|teamsize|p2|4\n|start\n|switch|p1a: Farigiraf|Farigiraf, L50, F|100/100\n|switch|p1b: Sableye|Sableye, L50, M|100/100\n|switch|p2a: Greninja|Greninja, L50, F|100/100\n|switch|p2b: Arcanine|Arcanine, L50, F|100/100\n|-ability|p2b: Arcanine|Intimidate|boost\n|-unboost|p1a: Farigiraf|atk|1\n|-unboost|p1b: Sableye|atk|1\n|turn|1\n|\n|t:|1776321990\n|detailschange|p2a: Greninja|Greninja-Mega, L50, F\n|-mega|p2a: Greninja|Greninja|Greninjite\n|move|p1b: Sableye|Fake Out|p2a: Greninja\n|-damage|p2a: Greninja|89/100\n|cant|p2a: Greninja|flinch\n|move|p2b: Arcanine|Flare Blitz|p1a: Farigiraf\n|-damage|p1a: Farigiraf|70/100\n|-damage|p2b: Arcanine|89/100|[from] Recoil\n|move|p1a: Farigiraf|Trick Room|p1a: Farigiraf\n|-fieldstart|move: Trick Room|[of] p1a: Farigiraf\n|\n|upkeep\n|turn|2\n|\n|t:|1776322015\n|move|p1b: Sableye|Light Screen|p1b: Sableye\n|-sidestart|p1: Corbinc|move: Light Screen\n|move|p1a: Farigiraf|Gravity|p1a: Farigiraf\n|-fieldstart|move: Gravity\n|move|p2b: Arcanine|Will-O-Wisp|p1b: Sableye\n|-status|p1b: Sableye|brn\n|move|p2a: Greninja|Dark Pulse|p1a: Farigiraf\n|-start|p2a: Greninja|typechange|Dark|[from] ability: Protean\n|-supereffective|p1a: Farigiraf|1\n|-damage|p1a: Farigiraf|13/100\n|\n|-damage|p1b: Sableye|95/100 brn|[from] brn\n|upkeep\n|turn|3\n|\n|t:|1776322034\n|move|p1b: Sableye|Shadow Sneak|p2b: Arcanine\n|-damage|p2b: Arcanine|84/100\n|move|p1a: Farigiraf|Hyper Voice|p2a: Greninja|[spread] p2a,p2b\n|-damage|p2a: Greninja|54/100\n|-damage|p2b: Arcanine|60/100\n|move|p2b: Arcanine|Will-O-Wisp|p1a: Farigiraf\n|-status|p1a: Farigiraf|brn\n|move|p2a: Greninja|Hydro Pump|p1b: Sableye\n|-damage|p1b: Sableye|55/100 brn\n|\n|-damage|p1b: Sableye|50/100 brn|[from] brn\n|-damage|p1a: Farigiraf|7/100 brn|[from] brn\n|upkeep\n|turn|4\n|\n|t:|1776322053\n|move|p2a: Greninja|Protect|p2a: Greninja\n|-singleturn|p2a: Greninja|Protect\n|move|p1b: Sableye|Shadow Sneak|p2a: Greninja\n|-activate|p2a: Greninja|move: Protect\n|move|p1a: Farigiraf|Hyper Voice|p2b: Arcanine|[spread] p2b\n|-activate|p2a: Greninja|move: Protect\n|-damage|p2b: Arcanine|39/100\n|-enditem|p2b: Arcanine|Sitrus Berry|[eat]\n|-heal|p2b: Arcanine|64/100|[from] item: Sitrus Berry\n|move|p2b: Arcanine|Flare Blitz|p1b: Sableye\n|-damage|p1b: Sableye|0 fnt\n|faint|p1b: Sableye\n|-damage|p2b: Arcanine|51/100|[from] Recoil\n|\n|-damage|p1a: Farigiraf|1/100 brn|[from] brn\n|upkeep\n|\n|t:|1776322056\n|switch|p1b: Abomasnow|Abomasnow, L50, M|100/100\n|-weather|Snowscape|[from] ability: Snow Warning|[of] p1b: Abomasnow\n|turn|5\n|inactive|Heyewer has 30 seconds left.\n|\n|t:|1776322085\n|switch|p1a: Crabominable|Crabominable, L50, M|100/100\n|move|p2b: Arcanine|Protect|p2b: Arcanine\n|-singleturn|p2b: Arcanine|Protect\n|move|p1b: Abomasnow|Frost Breath|p1a: Crabominable\n|-resisted|p1a: Crabominable|1\n|-crit|p1a: Crabominable\n|-damage|p1a: Crabominable|88/100\n|-setboost|p1a: Crabominable|atk|6|[from] ability: Anger Point\n|move|p2a: Greninja|Dark Pulse|p1b: Abomasnow\n|-damage|p1b: Abomasnow|72/100\n|\n|-weather|Snowscape|[upkeep]\n|-fieldend|move: Trick Room\n|upkeep\n|turn|6\n|inactive|Heyewer has 30 seconds left.\n|\n|t:|1776322113\n|detailschange|p1a: Crabominable|Crabominable-Mega, L50, M\n|-mega|p1a: Crabominable|Crabominable|Crabominite\n|move|p2a: Greninja|Hydro Pump|p1a: Crabominable\n|-damage|p1a: Crabominable|72/100\n|move|p2b: Arcanine|Will-O-Wisp|p1a: Crabominable\n|-status|p1a: Crabominable|brn\n|move|p1b: Abomasnow|Aurora Veil|p1b: Abomasnow\n|-sidestart|p1: Corbinc|move: Aurora Veil\n|move|p1a: Crabominable|Amnesia|p1a: Crabominable\n|-boost|p1a: Crabominable|spd|2\n|\n|-weather|Snowscape|[upkeep]\n|-damage|p1a: Crabominable|66/100 brn|[from] brn\n|-sideend|p1: Corbinc|move: Light Screen\n|-fieldend|move: Gravity\n|upkeep\n|turn|7\n|inactive|Heyewer has 30 seconds left.\n|inactive|Heyewer has 20 seconds left.\n|\n|t:|1776322148\n|move|p1b: Abomasnow|Helping Hand|p1a: Crabominable\n|-singleturn|p1a: Crabominable|Helping Hand|[of] p1b: Abomasnow\n|move|p2a: Greninja|Hydro Pump|p1a: Crabominable\n|-damage|p1a: Crabominable|57/100 brn\n|move|p2b: Arcanine|Flare Blitz|p1b: Abomasnow\n|-supereffective|p1b: Abomasnow|2\n|-damage|p1b: Abomasnow|11/100\n|-damage|p2b: Arcanine|31/100|[from] Recoil\n|move|p1a: Crabominable|Drain Punch|p2b: Arcanine\n|-damage|p2b: Arcanine|0 fnt\n|-heal|p1a: Crabominable|72/100 brn|[from] drain|[of] p2b: Arcanine\n|faint|p2b: Arcanine\n|\n|-weather|Snowscape|[upkeep]\n|-damage|p1a: Crabominable|66/100 brn|[from] brn\n|upkeep\n|\n|t:|1776322167\n|switch|p2b: Kangaskhan|Kangaskhan, L50, F|100/100\n|turn|8\n|\n|t:|1776322181\n|switch|p1b: Farigiraf|Farigiraf, L50, F|1/100 brn\n|move|p2b: Kangaskhan|Fake Out||[still]\n|cant|p1b: Farigiraf|ability: Armor Tail|Fake Out|[of] p2b: Kangaskhan\n|move|p2a: Greninja|Ice Beam|p1b: Farigiraf\n|-damage|p1b: Farigiraf|0 fnt\n|faint|p1b: Farigiraf\n|move|p1a: Crabominable|Drain Punch|p2b: Kangaskhan\n|-supereffective|p2b: Kangaskhan|1\n|-damage|p2b: Kangaskhan|0 fnt\n|-heal|p1a: Crabominable|100/100 brn|[from] drain|[of] p2b: Kangaskhan\n|faint|p2b: Kangaskhan\n|\n|-weather|Snowscape|[upkeep]\n|-damage|p1a: Crabominable|95/100 brn|[from] brn\n|upkeep\n|\n|t:|1776322198\n|switch|p2b: Aerodactyl|Aerodactyl, L50, F|100/100\n|switch|p1b: Abomasnow|Abomasnow, L50, M|11/100\n|-ability|p2b: Aerodactyl|Unnerve\n|turn|9\n|\n|t:|1776322208\n|move|p1b: Abomasnow|Ice Shard|p2b: Aerodactyl\n|-supereffective|p2b: Aerodactyl|1\n|-damage|p2b: Aerodactyl|58/100\n|move|p2a: Greninja|Hydro Pump|p1a: Crabominable\n|-damage|p1a: Crabominable|86/100 brn\n|move|p2b: Aerodactyl|Rock Slide|p1b: Abomasnow|[spread] p1a\n|-miss|p2b: Aerodactyl|p1b: Abomasnow\n|-damage|p1a: Crabominable|78/100 brn\n|move|p1a: Crabominable|Drain Punch|p2b: Aerodactyl\n|-damage|p2b: Aerodactyl|0 fnt\n|-heal|p1a: Crabominable|100/100 brn|[from] drain|[of] p2b: Aerodactyl\n|faint|p2b: Aerodactyl\n|\n|-weather|none\n|-damage|p1a: Crabominable|95/100 brn|[from] brn\n|upkeep\n|turn|10\n|-message|Heyewer forfeited.\n|\n|win|Corbinc\n|raw|Corbinc's rating: 1093 &rarr; <strong>1117</strong><br />(+24 for winning)\n|raw|Heyewer's rating: 1071 &rarr; <strong>1052</strong><br />(-19 for losing)\n|l|\u2606Heyewer\n|player|p2|\n",
  "uploadtime": 1776322224,
  "views": 29,
  "formatid": "gen9championsvgc2026regma",
  "rating": 1052,
  "private": 0,
  "password": null
}