{
  "id": "gen9championsvgc2026regma-2582364587",
  "format": "[Gen 9 Champions] VGC 2026 Reg M-A",
  "players": [
    "Jah_08",
    "Smashworth Gaming"
  ],
  "log": "|j|\u2606Jah_08\n|j|\u2606Smashworth Gaming\n|t:|1776086642\n|gametype|doubles\n|player|p1|Jah_08|alder|1245\n|player|p2|Smashworth Gaming|colress|1237\n|gen|9\n|tier|[Gen 9 Champions] VGC 2026 Reg M-A\n|rated|\n|rule|Species Clause: Limit one of each Pok\u00e9mon\n|rule|Item Clause: Limit 1 of each item\n|clearpoke\n|poke|p1|Excadrill, L50, M|\n|poke|p1|Whimsicott, L50, M|\n|poke|p1|Volcarona, L50, M|\n|poke|p1|Zoroark-Hisui, L50, F|\n|poke|p1|Basculegion, L50, M|\n|poke|p1|Conkeldurr, L50, M|\n|poke|p2|Gallade, L50, M|\n|poke|p2|Machamp, L50, F|\n|poke|p2|Chandelure, L50, F|\n|poke|p2|Torkoal, L50, M|\n|poke|p2|Delphox, L50, F|\n|poke|p2|Raichu, L50, F|\n|teampreview|4\n|\n|t:|1776086658\n|teamsize|p1|4\n|teamsize|p2|4\n|start\n|switch|p1a: Whimsicott|Whimsicott, L50, M, shiny|100/100\n|switch|p1b: Excadrill|Excadrill, L50, M|100/100\n|switch|p2a: Chandelure|Chandelure, L50, F|100/100\n|switch|p2b: Gallade|Gallade, L50, M|100/100\n|-ability|p1b: Excadrill|Mold Breaker\n|turn|1\n|\n|t:|1776086678\n|detailschange|p1b: Excadrill|Excadrill-Mega, L50, M\n|-mega|p1b: Excadrill|Excadrill|Excadrite\n|move|p2b: Gallade|Wide Guard|p2b: Gallade\n|-singleturn|p2b: Gallade|Wide Guard\n|move|p1a: Whimsicott|Tailwind|p1a: Whimsicott\n|-sidestart|p1: Jah_08|move: Tailwind\n|move|p1b: Excadrill|High Horsepower|p2a: Chandelure\n|-supereffective|p2a: Chandelure|1\n|-damage|p2a: Chandelure|0 fnt\n|faint|p2a: Chandelure\n|\n|upkeep\n|\n|t:|1776086689\n|switch|p2a: Machamp|Machamp, L50, F|100/100\n|turn|2\n|\n|t:|1776086703\n|move|p1a: Whimsicott|Moonblast|p2a: Machamp\n|-supereffective|p2a: Machamp|1\n|-crit|p2a: Machamp\n|-damage|p2a: Machamp|11/100\n|move|p1b: Excadrill|Iron Head|p2a: Machamp\n|-damage|p2a: Machamp|0 fnt\n|faint|p2a: Machamp\n|move|p2b: Gallade|Trick Room|p2b: Gallade\n|-fieldstart|move: Trick Room|[of] p2b: Gallade\n|\n|upkeep\n|\n|t:|1776086710\n|switch|p2a: Torkoal|Torkoal, L50, M|100/100\n|-weather|SunnyDay|[from] ability: Drought|[of] p2a: Torkoal\n|turn|3\n|\n|t:|1776086722\n|move|p1b: Excadrill|Protect|p1b: Excadrill\n|-singleturn|p1b: Excadrill|Protect\n|move|p1a: Whimsicott|Encore|p2b: Gallade\n|-start|p2b: Gallade|Encore\n|move|p2a: Torkoal|Eruption|p1a: Whimsicott|[spread] p1a\n|-activate|p1b: Excadrill|move: Protect\n|-supereffective|p1a: Whimsicott|1\n|-enditem|p1a: Whimsicott|Focus Sash\n|-damage|p1a: Whimsicott|1/100\n|move|p2b: Gallade|Trick Room|p2b: Gallade\n|-fieldend|move: Trick Room\n|\n|-weather|SunnyDay|[upkeep]\n|upkeep\n|turn|4\n|\n|t:|1776086739\n|move|p2a: Torkoal|Protect|p2a: Torkoal\n|-singleturn|p2a: Torkoal|Protect\n|move|p1a: Whimsicott|Moonblast|p2b: Gallade\n|-supereffective|p2b: Gallade|1\n|-damage|p2b: Gallade|55/100\n|move|p1b: Excadrill|High Horsepower|p2a: Torkoal\n|-supereffective|p2a: Torkoal|1\n|-ability|p1b: Excadrill|Piercing Drill\n|-zbroken|p2a: Torkoal\n|-damage|p2a: Torkoal|81/100\n|move|p2b: Gallade|Trick Room|p2b: Gallade\n|-fieldstart|move: Trick Room|[of] p2b: Gallade\n|\n|-weather|SunnyDay|[upkeep]\n|-sideend|p1: Jah_08|move: Tailwind\n|upkeep\n|turn|5\n|\n|t:|1776086771\n|move|p1b: Excadrill|Protect|p1b: Excadrill\n|-singleturn|p1b: Excadrill|Protect\n|move|p2a: Torkoal|Eruption|p1b: Excadrill|[spread] p1a\n|-activate|p1b: Excadrill|move: Protect\n|-supereffective|p1a: Whimsicott|1\n|-damage|p1a: Whimsicott|0 fnt\n|faint|p1a: Whimsicott\n|move|p2b: Gallade|Trick Room|p2b: Gallade\n|-fieldend|move: Trick Room\n|\n|-weather|SunnyDay|[upkeep]\n|-end|p2b: Gallade|Encore\n|upkeep\n|-message|Smashworth Gaming forfeited.\n|\n|win|Jah_08\n|raw|Jah_08's rating: 1245 &rarr; <strong>1269</strong><br />(+24 for winning)\n|raw|Smashworth Gaming's rating: 1237 &rarr; <strong>1213</strong><br />(-24 for losing)\n|l|\u2606Smashworth Gaming\n|player|p2|\n",
  "uploadtime": 1776086786,
  "views": 36,
  "formatid": "gen9championsvgc2026regma",
  "rating": 1213,
  "private": 0,
  "password": null
}