{
  "id": "gen9championsvgc2026regma-2582687778",
  "format": "[Gen 9 Champions] VGC 2026 Reg M-A",
  "players": [
    "QuantumTwinSpark",
    "Zain06"
  ],
  "log": "|j|\u2606QuantumTwinSpark\n|j|\u2606Zain06\n|t:|1776107343\n|gametype|doubles\n|player|p1|QuantumTwinSpark|cress|1089\n|player|p2|Zain06|hilbert|1000\n|gen|9\n|tier|[Gen 9 Champions] VGC 2026 Reg M-A\n|rated|\n|rule|Species Clause: Limit one of each Pok\u00e9mon\n|rule|Item Clause: Limit 1 of each item\n|clearpoke\n|poke|p1|Drampa, L50, M|\n|poke|p1|Empoleon, L50, F|\n|poke|p1|Dragapult, L50, F|\n|poke|p1|Meganium, L50, M|\n|poke|p1|Arcanine-Hisui, L50, F|\n|poke|p1|Ceruledge, L50, M|\n|poke|p2|Charizard, L50, M|\n|poke|p2|Milotic, L50, M|\n|poke|p2|Dragonite, L50, F|\n|poke|p2|Incineroar, L50, M|\n|poke|p2|Aegislash, L50, M|\n|poke|p2|Whimsicott, L50, F|\n|teampreview|4\nQuantumTwinSpark rejected open team sheets.\n|inactive|Battle timer is ON: inactive players will automatically lose when time's up. (requested by Zain06)\n|\n|t:|1776107374\n|teamsize|p1|4\n|teamsize|p2|4\n|start\n|switch|p1a: Meganium|Meganium, L50, M|100/100\n|switch|p1b: Empoleon|Empoleon, L50, F|100/100\n|switch|p2a: Incineroar|Incineroar, L50, M|100/100\n|switch|p2b: Whimsicott|Whimsicott, L50, F|100/100\n|-ability|p2a: Incineroar|Intimidate|boost\n|-unboost|p1a: Meganium|atk|1\n|-unboost|p1b: Empoleon|atk|1\n|-ability|p1b: Empoleon|Competitive|boost\n|-boost|p1b: Empoleon|spa|2\n|turn|1\n|inactive|QuantumTwinSpark has 30 seconds left.\n|\n|t:|1776107400\n|switch|p1a: Ceruledge|Ceruledge, L50, M|100/100\n|move|p2a: Incineroar|Fake Out|p1b: Empoleon\n|-resisted|p1b: Empoleon|1\n|-damage|p1b: Empoleon|94/100\n|move|p2b: Whimsicott|Tailwind|p2b: Whimsicott\n|-sidestart|p2: Zain06|move: Tailwind\n|cant|p1b: Empoleon|flinch\n|\n|-heal|p1b: Empoleon|99/100|[from] item: Leftovers\n|upkeep\n|turn|2\n|\n|t:|1776107411\n|switch|p2a: Milotic|Milotic, L50, M|100/100\n|move|p2b: Whimsicott|Protect|p2b: Whimsicott\n|-singleturn|p2b: Whimsicott|Protect\n|move|p1a: Ceruledge|Bitter Blade|p2b: Whimsicott\n|-activate|p2b: Whimsicott|move: Protect\n|move|p1b: Empoleon|Hydro Pump|p2a: Milotic\n|-resisted|p2a: Milotic|1\n|-damage|p2a: Milotic|55/100\n|\n|-heal|p2a: Milotic|61/100|[from] item: Leftovers\n|-heal|p1b: Empoleon|100/100|[from] item: Leftovers\n|upkeep\n|turn|3\n|inactive|QuantumTwinSpark has 30 seconds left.\n|\n|t:|1776107438\n|switch|p2b: Incineroar|Incineroar, L50, M|100/100\n|-ability|p2b: Incineroar|Intimidate|boost\n|-unboost|p1a: Ceruledge|atk|1\n|-unboost|p1b: Empoleon|atk|1\n|-ability|p1b: Empoleon|Competitive|boost\n|-boost|p1b: Empoleon|spa|2\n|move|p2a: Milotic|Scald|p1a: Ceruledge\n|-supereffective|p1a: Ceruledge|1\n|-damage|p1a: Ceruledge|27/100\n|move|p1a: Ceruledge|Close Combat|p2a: Milotic\n|-crit|p2a: Milotic\n|-damage|p2a: Milotic|1/100\n|-unboost|p1a: Ceruledge|def|1\n|-unboost|p1a: Ceruledge|spd|1\n|move|p1b: Empoleon|Flash Cannon|p2b: Incineroar\n|-resisted|p2b: Incineroar|1\n|-damage|p2b: Incineroar|38/100\n|\n|-heal|p2a: Milotic|7/100|[from] item: Leftovers\n|upkeep\n|turn|4\n|\n|t:|1776107457\n|move|p2b: Incineroar|Fake Out|p1b: Empoleon\n|-resisted|p1b: Empoleon|1\n|-damage|p1b: Empoleon|94/100\n|move|p1a: Ceruledge|Shadow Sneak|p2a: Milotic\n|-damage|p2a: Milotic|0 fnt\n|faint|p2a: Milotic\n|cant|p1b: Empoleon|flinch\n|\n|-heal|p1b: Empoleon|99/100|[from] item: Leftovers\n|-sideend|p2: Zain06|move: Tailwind\n|upkeep\n|\n|t:|1776107463\n|switch|p2a: Charizard|Charizard, L50, M|100/100\n|turn|5\n|\n|t:|1776107487\n|detailschange|p2a: Charizard|Charizard-Mega-Y, L50, M\n|-mega|p2a: Charizard|Charizard|Charizardite Y\n|-weather|SunnyDay|[from] ability: Drought|[of] p2a: Charizard\n|move|p1a: Ceruledge|Shadow Sneak|p2a: Charizard\n|-damage|p2a: Charizard|85/100\n|move|p1b: Empoleon|Vacuum Wave|p2b: Incineroar\n|-supereffective|p2b: Incineroar|1\n|-damage|p2b: Incineroar|0 fnt\n|faint|p2b: Incineroar\n|move|p2a: Charizard|Solar Beam||[still]\n|-prepare|p2a: Charizard|Solar Beam\n|-anim|p2a: Charizard|Solar Beam|p1b: Empoleon\n|-damage|p1b: Empoleon|60/100\n|\n|-weather|SunnyDay|[upkeep]\n|-heal|p1b: Empoleon|66/100|[from] item: Leftovers\n|upkeep\n|\n|t:|1776107498\n|switch|p2b: Whimsicott|Whimsicott, L50, F|100/100\n|turn|6\n|\n|t:|1776107508\n|switch|p1a: Drampa|Drampa, L50, M|100/100\n|-ability|p1a: Drampa|Cloud Nine\n|move|p2b: Whimsicott|Protect|p2b: Whimsicott\n|-singleturn|p2b: Whimsicott|Protect\n|move|p2a: Charizard|Rock Slide|p1b: Empoleon|[spread] p1a,p1b\n|-resisted|p1b: Empoleon|1\n|-damage|p1a: Drampa|88/100\n|-damage|p1b: Empoleon|59/100\n|cant|p1b: Empoleon|flinch\n|\n|-weather|SunnyDay|[upkeep]\n|-heal|p1b: Empoleon|65/100|[from] item: Leftovers\n|upkeep\n|turn|7\n|\n|t:|1776107527\n|move|p2b: Whimsicott|Moonblast|p1a: Drampa\n|-supereffective|p1a: Drampa|1\n|-damage|p1a: Drampa|35/100\n|move|p2a: Charizard|Flamethrower|p1b: Empoleon\n|-damage|p1b: Empoleon|15/100\n|move|p1b: Empoleon|Hydro Pump|p2a: Charizard\n|-supereffective|p2a: Charizard|1\n|-damage|p2a: Charizard|0 fnt\n|faint|p2a: Charizard\n|move|p1a: Drampa|Hyper Voice|p2b: Whimsicott\n|-crit|p2b: Whimsicott\n|-damage|p2b: Whimsicott|4/100\n|-heal|p1a: Drampa|43/100|[from] item: Shell Bell|[of] p2b: Whimsicott\n|\n|-weather|SunnyDay|[upkeep]\n|-heal|p1b: Empoleon|20/100|[from] item: Leftovers\n|upkeep\n|turn|8\n|\n|t:|1776107540\n|move|p1b: Empoleon|Vacuum Wave|p2b: Whimsicott\n|-resisted|p2b: Whimsicott|1\n|-damage|p2b: Whimsicott|0 fnt\n|faint|p2b: Whimsicott\n|\n|win|QuantumTwinSpark\n|raw|QuantumTwinSpark's rating: 1089 &rarr; <strong>1109</strong><br />(+20 for winning)\n|raw|Zain06's rating: 1000 &rarr; <strong>1000</strong><br />(+0 for losing)\n",
  "uploadtime": 1776107547,
  "views": 25,
  "formatid": "gen9championsvgc2026regma",
  "rating": 1000,
  "private": 0,
  "password": null
}