{
  "id": "gen9championsvgc2026regma-2586738006",
  "format": "[Gen 9 Champions] VGC 2026 Reg M-A",
  "players": [
    "Yslade",
    "Lessa_ped"
  ],
  "log": "|j|\u2606Yslade\n|j|\u2606Lessa_ped\n|t:|1776456026\n|gametype|doubles\n|player|p1|Yslade|preschooler|\n|player|p2|Lessa_ped|n|\n|gen|9\n|tier|[Gen 9 Champions] VGC 2026 Reg M-A\n|rule|Species Clause: Limit one of each Pok\u00e9mon\n|rule|Item Clause: Limit 1 of each item\n|clearpoke\n|poke|p1|Oranguru, L50, F|\n|poke|p1|Torkoal, L50, M|\n|poke|p1|Hatterene, L50, F|\n|poke|p1|Drampa, L50, F|\n|poke|p1|Venusaur, L50, F|\n|poke|p1|Incineroar, L50, M|\n|poke|p2|Archaludon, L50, F|\n|poke|p2|Pelipper, L50, M|\n|poke|p2|Sneasler, L50, F|\n|poke|p2|Incineroar, L50, F|\n|poke|p2|Basculegion, L50, M|\n|poke|p2|Meganium, L50, F|\n|teampreview|4\n|inactive|Battle timer is ON: inactive players will automatically lose when time's up. (requested by Yslade)\nYslade rejected open team sheets.\n|inactive|Lessa_ped has 60 seconds left.\n|\n|t:|1776456062\n|teamsize|p1|4\n|teamsize|p2|4\n|start\n|switch|p1a: Torkoal|Torkoal, L50, M|100/100\n|switch|p1b: Oranguru|Oranguru, L50, F|100/100\n|switch|p2a: Sneasler|Sneasler, L50, F, shiny|100/100\n|switch|p2b: Pelipper|Pelipper, L50, M, shiny|100/100\n|-weather|RainDance|[from] ability: Drizzle|[of] p2b: Pelipper\n|-weather|SunnyDay|[from] ability: Drought|[of] p1a: Torkoal\n|turn|1\n|\n|t:|1776456084\n|switch|p2b: Basculegion|Basculegion, L50, M, shiny|100/100\n|move|p2a: Sneasler|Fake Out|p1a: Torkoal\n|-crit|p1a: Torkoal\n|-damage|p1a: Torkoal|83/100\n|move|p1b: Oranguru|Psyshock|p2a: Sneasler\n|-supereffective|p2a: Sneasler|2\n|-damage|p2a: Sneasler|0 fnt\n|faint|p2a: Sneasler\n|cant|p1a: Torkoal|flinch\n|\n|-weather|SunnyDay|[upkeep]\n|upkeep\n|\n|t:|1776456094\n|switch|p2a: Archaludon|Archaludon, L50, F, shiny|100/100\n|turn|2\n|c|\u2606Lessa_ped|nossa dei miss click kakaka\n|\n|t:|1776456116\n|switch|p2a: Pelipper|Pelipper, L50, M, shiny|100/100\n|-weather|RainDance|[from] ability: Drizzle|[of] p2a: Pelipper\n|move|p1a: Torkoal|Protect|p1a: Torkoal\n|-singleturn|p1a: Torkoal|Protect\n|move|p2b: Basculegion|Wave Crash|p1a: Torkoal\n|-activate|p1a: Torkoal|move: Protect\n|move|p1b: Oranguru|Trick Room|p1b: Oranguru\n|-fieldstart|move: Trick Room|[of] p1b: Oranguru\n|\n|-weather|RainDance|[upkeep]\n|upkeep\n|turn|3\n|inactive|Yslade has 30 seconds left.\n|\n|t:|1776456150\n|switch|p1a: Drampa|Drampa, L50, F|100/100\n|move|p2b: Basculegion|Protect|p2b: Basculegion\n|-singleturn|p2b: Basculegion|Protect\n|move|p1b: Oranguru|Psyshock|p2b: Basculegion\n|-activate|p2b: Basculegion|move: Protect\n|move|p2a: Pelipper|Weather Ball|p1a: Drampa\n|-resisted|p1a: Drampa|1\n|-damage|p1a: Drampa|70/100\n|\n|-weather|RainDance|[upkeep]\n|upkeep\n|turn|4\n|inactive|Lessa_ped has 30 seconds left.\n|inactive|Lessa_ped has 20 seconds left.\n|\n|t:|1776456186\n|detailschange|p1a: Drampa|Drampa-Mega, L50, F\n|-mega|p1a: Drampa|Drampa|Drampanite\n|move|p2a: Pelipper|Protect|p2a: Pelipper\n|-singleturn|p2a: Pelipper|Protect\n|move|p1a: Drampa|Draco Meteor|p2b: Basculegion\n|-damage|p2b: Basculegion|7/100\n|-unboost|p1a: Drampa|spa|2\n|move|p1b: Oranguru|Instruct|p1a: Drampa\n|-singleturn|p1a: Drampa|move: Instruct|[of] p1b: Oranguru\n|move|p1a: Drampa|Draco Meteor|p2b: Basculegion\n|-damage|p2b: Basculegion|0 fnt\n|-unboost|p1a: Drampa|spa|2\n|faint|p2b: Basculegion\n|\n|-weather|RainDance|[upkeep]\n|upkeep\n|\n|t:|1776456196\n|switch|p2b: Archaludon|Archaludon, L50, F, shiny|100/100\n|turn|5\n|\n|t:|1776456207\n|switch|p1a: Torkoal|Torkoal, L50, M|83/100\n|-weather|SunnyDay|[from] ability: Drought|[of] p1a: Torkoal\n|move|p1b: Oranguru|Protect|p1b: Oranguru\n|-singleturn|p1b: Oranguru|Protect\n|move|p2b: Archaludon|Protect|p2b: Archaludon\n|-singleturn|p2b: Archaludon|Protect\n|move|p2a: Pelipper|Hurricane|p1a: Torkoal\n|-damage|p1a: Torkoal|25/100\n|-start|p1a: Torkoal|confusion\n|\n|-weather|SunnyDay|[upkeep]\n|upkeep\n|turn|6\n|\n|t:|1776456227\n|-activate|p1a: Torkoal|confusion\n|-damage|p1a: Torkoal|18/100|[from] confusion\n|move|p1b: Oranguru|Instruct||[still]\n|-fail|p1b: Oranguru\n|move|p2b: Archaludon|Draco Meteor|p1a: Torkoal\n|-damage|p1a: Torkoal|0 fnt\n|-unboost|p2b: Archaludon|spa|2\n|faint|p1a: Torkoal\n|move|p2a: Pelipper|Weather Ball|p1b: Oranguru\n|-damage|p1b: Oranguru|63/100\n|\n|-weather|SunnyDay|[upkeep]\n|-fieldend|move: Trick Room\n|upkeep\n|\n|t:|1776456237\n|switch|p1a: Hatterene|Hatterene, L50, F|100/100\n|turn|7\n|\n|t:|1776456258\n|move|p2a: Pelipper|Weather Ball|p1b: Oranguru\n|-damage|p1b: Oranguru|29/100\n|move|p2b: Archaludon|Flash Cannon|p1a: Hatterene\n|-supereffective|p1a: Hatterene|1\n|-damage|p1a: Hatterene|57/100\n|move|p1b: Oranguru|Instruct||[still]\n|-fail|p1b: Oranguru\n|move|p1a: Hatterene|Psychic|p2a: Pelipper\n|-damage|p2a: Pelipper|8/100\n|\n|-weather|SunnyDay|[upkeep]\n|upkeep\n|turn|8\n|\n|t:|1776456274\n|move|p2a: Pelipper|Protect|p2a: Pelipper\n|-singleturn|p2a: Pelipper|Protect\n|move|p2b: Archaludon|Flash Cannon|p1a: Hatterene\n|-supereffective|p1a: Hatterene|1\n|-crit|p1a: Hatterene\n|-damage|p1a: Hatterene|0 fnt\n|faint|p1a: Hatterene\n|move|p1b: Oranguru|Trick Room|p1b: Oranguru\n|-fieldstart|move: Trick Room|[of] p1b: Oranguru\n|\n|-weather|SunnyDay|[upkeep]\n|upkeep\n|\n|t:|1776456284\n|switch|p1a: Drampa|Drampa-Mega, L50, F|70/100\n|turn|9\n|\n|t:|1776456289\n|move|p2b: Archaludon|Protect|p2b: Archaludon\n|-singleturn|p2b: Archaludon|Protect\n|move|p1a: Drampa|Draco Meteor|p2b: Archaludon\n|-activate|p2b: Archaludon|move: Protect\n|move|p1b: Oranguru|Instruct|p1a: Drampa\n|-singleturn|p1a: Drampa|move: Instruct|[of] p1b: Oranguru\n|move|p1a: Drampa|Draco Meteor|p2b: Archaludon\n|-activate|p2b: Archaludon|move: Protect\n|move|p2a: Pelipper|Weather Ball|p1b: Oranguru\n|-damage|p1b: Oranguru|0 fnt\n|faint|p1b: Oranguru\n|\n|-weather|none\n|upkeep\n|turn|10\n|\n|t:|1776456308\n|move|p1a: Drampa|Draco Meteor|p2b: Archaludon\n|-damage|p2b: Archaludon|13/100\n|-unboost|p1a: Drampa|spa|2\n|-ability|p2b: Archaludon|Stamina|boost\n|-boost|p2b: Archaludon|def|1\n|move|p2b: Archaludon|Draco Meteor|p1a: Drampa\n|-supereffective|p1a: Drampa|1\n|-damage|p1a: Drampa|15/100\n|-unboost|p2b: Archaludon|spa|2\n|-ability|p1a: Drampa|Berserk|boost\n|-boost|p1a: Drampa|spa|1\n|move|p2a: Pelipper|Hurricane|p1a: Drampa\n|-damage|p1a: Drampa|0 fnt\n|faint|p1a: Drampa\n|\n|win|Lessa_ped\n|c|\u2606Yslade|Gg\n|c|\u2606Lessa_ped|gg\n",
  "uploadtime": 1776456322,
  "views": 55,
  "formatid": "gen9championsvgc2026regma",
  "rating": null,
  "private": 0,
  "password": null
}