{
  "id": "gen9championsvgc2026regma-2588785268",
  "format": "[Gen 9 Champions] VGC 2026 Reg M-A",
  "players": [
    "kirbo5500",
    "Kyrpeli"
  ],
  "log": "|j|\u2606kirbo5500\n|j|\u203dKyrpeli\n|t:|1776670506\n|gametype|doubles\n|player|p1|kirbo5500|265|1131\n|player|p2|Kyrpeli|cynthia-gen4|1130\n|gen|9\n|tier|[Gen 9 Champions] VGC 2026 Reg M-A\n|rated|\n|rule|Species Clause: Limit one of each Pok\u00e9mon\n|rule|Item Clause: Limit 1 of each item\n|clearpoke\n|poke|p1|Meganium, L50, F|\n|poke|p1|Primarina, L50, F|\n|poke|p1|Incineroar, L50, M|\n|poke|p1|Garchomp, L50, M|\n|poke|p1|Talonflame, L50, M|\n|poke|p1|Lucario, L50, M|\n|poke|p2|Torkoal, L50, F, shiny|\n|poke|p2|Farigiraf, L50, M, shiny|\n|poke|p2|Incineroar, L50, F|\n|poke|p2|Whimsicott, L50, M, shiny|\n|poke|p2|Kingambit, L50, F, shiny|\n|poke|p2|Camerupt, L50, F, shiny|\n|teampreview|4\n|\n|t:|1776670519\n|teamsize|p1|4\n|teamsize|p2|4\n|start\n|switch|p1a: Primarina|Primarina, L50, F|100/100\n|switch|p1b: Shorky|Garchomp, L50, M|100/100\n|switch|p2a: Farigiraf|Farigiraf, L50, M, shiny|100/100\n|switch|p2b: Incineroar|Incineroar, L50, F|100/100\n|-ability|p2b: Incineroar|Intimidate|boost\n|-unboost|p1a: Primarina|atk|1\n|-unboost|p1b: Shorky|atk|1\n|turn|1\n|\n|t:|1776670538\n|move|p2b: Incineroar|Fake Out|p1a: Primarina\n|-damage|p1a: Primarina|83/100\n|move|p1b: Shorky|Stealth Rock|p2a: Farigiraf\n|-sidestart|p2: Kyrpeli|move: Stealth Rock\n|cant|p1a: Primarina|flinch\n|move|p2a: Farigiraf|Trick Room|p2a: Farigiraf\n|-fieldstart|move: Trick Room|[of] p2a: Farigiraf\n|\n|upkeep\n|turn|2\n|\n|t:|1776670561\n|move|p1a: Primarina|Hyper Voice|p2b: Incineroar|[spread] p2a,p2b\n|-supereffective|p2b: Incineroar|1\n|-damage|p2a: Farigiraf|57/100\n|-damage|p2b: Incineroar|13/100\n|-enditem|p2b: Incineroar|Sitrus Berry|[eat]\n|-heal|p2b: Incineroar|38/100|[from] item: Sitrus Berry\n|move|p2a: Farigiraf|Hyper Voice|p1b: Shorky|[spread] p1a,p1b\n|-damage|p1a: Primarina|54/100\n|-damage|p1b: Shorky|61/100\n|move|p2b: Incineroar|Darkest Lariat|p1b: Shorky\n|-damage|p1b: Shorky|16/100\n|-damage|p2b: Incineroar|26/100|[from] ability: Rough Skin|[of] p1b: Shorky\n|move|p1b: Shorky|Breaking Swipe|p2b: Incineroar|[spread] p2a,p2b\n|-damage|p2a: Farigiraf|41/100\n|-damage|p2b: Incineroar|11/100\n|-unboost|p2a: Farigiraf|atk|1\n|-unboost|p2b: Incineroar|atk|1\n|\n|upkeep\n|turn|3\n|\n|t:|1776670577\n|move|p1b: Shorky|Protect|p1b: Shorky\n|-singleturn|p1b: Shorky|Protect\n|move|p2a: Farigiraf|Hyper Voice|p1a: Primarina|[spread] p1a\n|-activate|p1b: Shorky|move: Protect\n|-damage|p1a: Primarina|25/100\n|move|p1a: Primarina|Hyper Voice|p2a: Farigiraf|[spread] p2a,p2b\n|-supereffective|p2b: Incineroar|1\n|-damage|p2a: Farigiraf|0 fnt\n|-damage|p2b: Incineroar|0 fnt\n|faint|p2a: Farigiraf\n|faint|p2b: Incineroar\n|\n|upkeep\n|\n|t:|1776670590\n|switch|p2b: Camerupt|Camerupt, L50, F, shiny|100/100\n|switch|p2a: Torkoal|Torkoal, L50, F, shiny|100/100\n|-damage|p2a: Torkoal|76/100|[from] Stealth Rock\n|-weather|SunnyDay|[from] ability: Drought|[of] p2a: Torkoal\n|-damage|p2b: Camerupt|88/100|[from] Stealth Rock\n|turn|4\n|\n|t:|1776670603\n|detailschange|p2b: Camerupt|Camerupt-Mega, L50, F, shiny\n|-mega|p2b: Camerupt|Camerupt|Cameruptite\n|move|p1a: Primarina|Protect|p1a: Primarina\n|-singleturn|p1a: Primarina|Protect\n|move|p2b: Camerupt|Eruption|p1a: Primarina|[spread] p1b\n|-activate|p1a: Primarina|move: Protect\n|-resisted|p1b: Shorky|1\n|-crit|p1b: Shorky\n|-damage|p1b: Shorky|0 fnt\n|faint|p1b: Shorky\n|move|p2a: Torkoal|Eruption|p1a: Primarina\n|-activate|p1a: Primarina|move: Protect\n|\n|-weather|SunnyDay|[upkeep]\n|-heal|p2a: Torkoal|82/100|[from] item: Leftovers\n|upkeep\n|\n|t:|1776670620\n|switch|p1b: Incineroar|Incineroar, L50, M|100/100\n|-ability|p1b: Incineroar|Intimidate|boost\n|-unboost|p2a: Torkoal|atk|1\n|-unboost|p2b: Camerupt|atk|1\n|turn|5\n|\n|t:|1776670642\n|switch|p1a: Meganium|Meganium, L50, F|100/100\n|move|p2b: Camerupt|Scorching Sands|p1b: Incineroar\n|-supereffective|p1b: Incineroar|1\n|-damage|p1b: Incineroar|0 fnt\n|faint|p1b: Incineroar\n|move|p2a: Torkoal|Eruption|p1a: Meganium\n|-supereffective|p1a: Meganium|1\n|-damage|p1a: Meganium|0 fnt\n|faint|p1a: Meganium\n|\n|-weather|SunnyDay|[upkeep]\n|-heal|p2a: Torkoal|88/100|[from] item: Leftovers\n|-fieldend|move: Trick Room\n|upkeep\n|\n|t:|1776670651\n|switch|p1b: Primarina|Primarina, L50, F|25/100\n|turn|6\n|\n|t:|1776670664\n|move|p1b: Primarina|Hyper Voice|p2a: Torkoal|[spread] p2a,p2b\n|-supereffective|p2a: Torkoal|1\n|-supereffective|p2b: Camerupt|2\n|-damage|p2a: Torkoal|35/100\n|-damage|p2b: Camerupt|0 fnt\n|faint|p2b: Camerupt\n|move|p2a: Torkoal|Eruption|p1b: Primarina\n|-resisted|p1b: Primarina|1\n|-damage|p1b: Primarina|10/100\n|\n|-weather|SunnyDay|[upkeep]\n|-heal|p2a: Torkoal|42/100|[from] item: Leftovers\n|upkeep\n|turn|7\n|\n|t:|1776670672\n|move|p2a: Torkoal|Protect|p2a: Torkoal\n|-singleturn|p2a: Torkoal|Protect\n|move|p1b: Primarina|Hyper Voice|p2a: Torkoal\n|-activate|p2a: Torkoal|move: Protect\n|\n|-weather|SunnyDay|[upkeep]\n|-heal|p2a: Torkoal|48/100|[from] item: Leftovers\n|upkeep\n|turn|8\n|\n|t:|1776670683\n|move|p2a: Torkoal|Protect||[still]\n|-fail|p2a: Torkoal\n|move|p1b: Primarina|Hyper Voice|p2a: Torkoal\n|-supereffective|p2a: Torkoal|1\n|-damage|p2a: Torkoal|0 fnt\n|faint|p2a: Torkoal\n|\n|win|kirbo5500\n|raw|kirbo5500's rating: 1131 &rarr; <strong>1156</strong><br />(+25 for winning)\n|raw|Kyrpeli's rating: 1130 &rarr; <strong>1105</strong><br />(-25 for losing)\n|l|\u203dKyrpeli\n|player|p2|\n",
  "uploadtime": 1776670690,
  "views": 15,
  "formatid": "gen9championsvgc2026regma",
  "rating": 1105,
  "private": 0,
  "password": null
}