{
  "id": "gen9championsvgc2026regma-2588804222",
  "format": "[Gen 9 Champions] VGC 2026 Reg M-A",
  "players": [
    "LEONNEON06",
    "martisparkles"
  ],
  "log": "|j|\u2606LEONNEON06\n|j|\u2606martisparkles\n|t:|1776672913\n|gametype|doubles\n|player|p1|LEONNEON06|clown|1108\n|player|p2|martisparkles|lyra|1114\n|gen|9\n|tier|[Gen 9 Champions] VGC 2026 Reg M-A\n|rated|\n|rule|Species Clause: Limit one of each Pok\u00e9mon\n|rule|Item Clause: Limit 1 of each item\n|clearpoke\n|poke|p1|Archaludon, L50, M|\n|poke|p1|Basculegion, L50, M|\n|poke|p1|Pelipper, L50, M|\n|poke|p1|Meganium, L50, F|\n|poke|p1|Dragonite, L50, M|\n|poke|p1|Sneasler, L50, F|\n|poke|p2|Delphox, L50, M|\n|poke|p2|Basculegion, L50, M|\n|poke|p2|Clefable, L50, M|\n|poke|p2|Kingambit, L50, F|\n|poke|p2|Dragonite, L50, M|\n|poke|p2|Sneasler, L50, M|\n|teampreview|4\n|\n|t:|1776672964\n|teamsize|p1|4\n|teamsize|p2|4\n|start\n|switch|p1a: Sneasler|Sneasler, L50, F|100/100\n|switch|p1b: Basculegion|Basculegion, L50, M|100/100\n|switch|p2a: Basculegion|Basculegion, L50, M|100/100\n|switch|p2b: Delphox|Delphox, L50, M|100/100\n|turn|1\n|\n|t:|1776672978\n|detailschange|p2b: Delphox|Delphox-Mega, L50, M\n|-mega|p2b: Delphox|Delphox|Delphoxite\n|move|p2b: Delphox|Protect|p2b: Delphox\n|-singleturn|p2b: Delphox|Protect\n|move|p1a: Sneasler|Fake Out|p2b: Delphox\n|-activate|p2b: Delphox|move: Protect\n|move|p1b: Basculegion|Wave Crash|p2b: Delphox\n|-activate|p2b: Delphox|move: Protect\n|move|p2a: Basculegion|Flip Turn|p1a: Sneasler\n|-damage|p1a: Sneasler|31/100\n|\n|t:|1776672990\n|switch|p2a: Sneasler|Sneasler, L50, M|100/100|[from] Flip Turn\n|\n|upkeep\n|turn|2\n|\n|t:|1776673017\n|switch|p1a: Pelipper|Pelipper, L50, M|100/100\n|-weather|RainDance|[from] ability: Drizzle|[of] p1a: Pelipper\n|move|p2a: Sneasler|Protect|p2a: Sneasler\n|-singleturn|p2a: Sneasler|Protect\n|move|p2b: Delphox|Substitute|p2b: Delphox\n|-start|p2b: Delphox|Substitute\n|-damage|p2b: Delphox|76/100\n|move|p1b: Basculegion|Wave Crash|p2b: Delphox\n|-supereffective|p2b: Delphox|1\n|-end|p2b: Delphox|Substitute\n|-damage|p1b: Basculegion|94/100|[from] Recoil|[of] p2b: Delphox\n|\n|-weather|RainDance|[upkeep]\n|upkeep\n|turn|3\n|\n|t:|1776673045\n|move|p2b: Delphox|Psychic|p1a: Pelipper\n|-damage|p1a: Pelipper|21/100\n|move|p1b: Basculegion|Wave Crash|p2b: Delphox\n|-supereffective|p2b: Delphox|1\n|-damage|p2b: Delphox|0 fnt\n|faint|p2b: Delphox\n|-damage|p1b: Basculegion|75/100|[from] Recoil\n|move|p2a: Sneasler|Dire Claw|p1b: Basculegion\n|-resisted|p1b: Basculegion|1\n|-damage|p1b: Basculegion|50/100\n|move|p1a: Pelipper|Muddy Water|p2a: Sneasler\n|-damage|p2a: Sneasler|38/100\n|\n|-weather|RainDance|[upkeep]\n|upkeep\n|\n|t:|1776673060\n|switch|p2b: Dragonite|Dragonite, L50, M|100/100\n|turn|4\n|\n|t:|1776673072\n|move|p2b: Dragonite|Extreme Speed|p1a: Pelipper\n|-damage|p1a: Pelipper|0 fnt\n|faint|p1a: Pelipper\n|move|p1b: Basculegion|Wave Crash|p2b: Dragonite\n|-resisted|p2b: Dragonite|1\n|-damage|p2b: Dragonite|64/100\n|-damage|p1b: Basculegion|40/100|[from] Recoil\n|move|p2a: Sneasler|Dire Claw|p1b: Basculegion\n|-resisted|p1b: Basculegion|1\n|-damage|p1b: Basculegion|12/100\n|-status|p1b: Basculegion|psn\n|\n|-weather|RainDance|[upkeep]\n|-damage|p1b: Basculegion|0 fnt|[from] psn\n|faint|p1b: Basculegion\n|upkeep\n|\n|t:|1776673085\n|switch|p1b: Dragonite|Dragonite, L50, M|100/100\n|switch|p1a: Sneasler|Sneasler, L50, F|31/100\n|turn|5\n|\n|t:|1776673122\n|detailschange|p1b: Dragonite|Dragonite-Mega, L50, M\n|-mega|p1b: Dragonite|Dragonite|Dragoninite\n|move|p2a: Sneasler|Protect|p2a: Sneasler\n|-singleturn|p2a: Sneasler|Protect\n|move|p2b: Dragonite|Protect|p2b: Dragonite\n|-singleturn|p2b: Dragonite|Protect\n|move|p1a: Sneasler|Fake Out|p2a: Sneasler\n|-activate|p2a: Sneasler|move: Protect\n|move|p1b: Dragonite|Hurricane|p2b: Dragonite\n|-activate|p2b: Dragonite|move: Protect\n|\n|-weather|RainDance|[upkeep]\n|upkeep\n|turn|6\n|\n|t:|1776673157\n|move|p1b: Dragonite|Protect|p1b: Dragonite\n|-singleturn|p1b: Dragonite|Protect\n|move|p2b: Dragonite|Extreme Speed|p1a: Sneasler\n|-crit|p1a: Sneasler\n|-damage|p1a: Sneasler|0 fnt\n|faint|p1a: Sneasler\n|move|p2a: Sneasler|Dire Claw|p1b: Dragonite\n|-activate|p1b: Dragonite|move: Protect\n|\n|-weather|none\n|upkeep\n|turn|7\n|\n|t:|1776673172\n|move|p2a: Sneasler|Dire Claw|p1b: Dragonite\n|-damage|p1b: Dragonite|82/100\n|move|p1b: Dragonite|Hurricane|p2b: Dragonite|[miss]\n|-miss|p1b: Dragonite|p2b: Dragonite\n|move|p2b: Dragonite|Scale Shot|p1b: Dragonite\n|-supereffective|p1b: Dragonite|1\n|-damage|p1b: Dragonite|52/100\n|-supereffective|p1b: Dragonite|1\n|-damage|p1b: Dragonite|23/100\n|-supereffective|p1b: Dragonite|1\n|-damage|p1b: Dragonite|0 fnt\n|faint|p1b: Dragonite\n|-hitcount|p1: Dragonite|3\n|\n|win|martisparkles\n|raw|LEONNEON06's rating: 1108 &rarr; <strong>1083</strong><br />(-25 for losing)\n|raw|martisparkles's rating: 1114 &rarr; <strong>1139</strong><br />(+25 for winning)\n|l|\u2606LEONNEON06\n|player|p1|\n",
  "uploadtime": 1776673185,
  "views": 10,
  "formatid": "gen9championsvgc2026regma",
  "rating": 1083,
  "private": 0,
  "password": null
}