{
  "id": "gen9championsvgc2026regma-2580997585",
  "format": "[Gen 9 Champions] VGC 2026 Reg M-A",
  "players": [
    "06Thomas",
    "Donuttverde12"
  ],
  "log": "|j|\u260606Thomas\n|j|\u2606Donuttverde12\n|t:|1775950245\n|gametype|doubles\n|player|p1|06Thomas|170|1120\n|player|p2|Donuttverde12|acetrainer-gen4dp|1088\n|gen|9\n|tier|[Gen 9 Champions] VGC 2026 Reg M-A\n|rated|\n|rule|Species Clause: Limit one of each Pok\u00e9mon\n|rule|Item Clause: Limit 1 of each item\n|clearpoke\n|poke|p1|Pinsir, L50, M|\n|poke|p1|Weavile, L50, F|\n|poke|p1|Raichu, L50, M|\n|poke|p1|Talonflame, L50, M|\n|poke|p1|Empoleon, L50, M|\n|poke|p1|Banette, L50, F|\n|poke|p2|Heracross, L50, M|\n|poke|p2|Politoed, L50, M|\n|poke|p2|Basculegion, L50, M|\n|poke|p2|Goodra-Hisui, L50, M|\n|poke|p2|Mr. Rime, L50, F|\n|poke|p2|Archaludon, L50, F|\n|teampreview|4\n|inactive|Battle timer is ON: inactive players will automatically lose when time's up. (requested by 06Thomas)\n|\n|t:|1775950272\n|teamsize|p1|4\n|teamsize|p2|4\n|start\n|switch|p1a: Banette|Banette, L50, F|100/100\n|switch|p1b: Raichu|Raichu, L50, M|100/100\n|switch|p2a: Politoed|Politoed, L50, M|100/100\n|switch|p2b: Archaludon|Archaludon, L50, F|100/100\n|-weather|RainDance|[from] ability: Drizzle|[of] p2a: Politoed\n|turn|1\n|\n|t:|1775950296\n|detailschange|p1a: Banette|Banette-Mega, L50, F\n|-mega|p1a: Banette|Banette|Banettite\n|move|p2b: Archaludon|Protect|p2b: Archaludon\n|-singleturn|p2b: Archaludon|Protect\n|move|p1b: Raichu|Focus Blast|p2b: Archaludon\n|-activate|p2b: Archaludon|move: Protect\n|move|p1a: Banette|Poltergeist|p2a: Politoed\n|-activate|p2a: Politoed|move: Poltergeist|Leftovers\n|-damage|p2a: Politoed|12/100\n|move|p2a: Politoed|Earth Power|p1b: Raichu\n|-supereffective|p1b: Raichu|1\n|-damage|p1b: Raichu|14/100\n|\n|-weather|RainDance|[upkeep]\n|-heal|p2a: Politoed|18/100|[from] item: Leftovers\n|upkeep\n|turn|2\n|inactive|Donuttverde12 has 30 seconds left.\n|\n|t:|1775950323\n|switch|p2b: Basculegion|Basculegion, L50, M|100/100\n|move|p1a: Banette|Shadow Sneak|p2a: Politoed\n|-damage|p2a: Politoed|0 fnt\n|faint|p2a: Politoed\n|move|p1b: Raichu|Focus Blast|p2b: Basculegion\n|-immune|p2b: Basculegion\n|\n|-weather|RainDance|[upkeep]\n|upkeep\n|\n|t:|1775950332\n|switch|p2a: Archaludon|Archaludon, L50, F|100/100\n|turn|3\n|\n|t:|1775950348\n|move|p1b: Raichu|Protect|p1b: Raichu\n|-singleturn|p1b: Raichu|Protect\n|move|p1a: Banette|Shadow Sneak|p2b: Basculegion\n|-supereffective|p2b: Basculegion|1\n|-damage|p2b: Basculegion|35/100\n|move|p2b: Basculegion|Last Respects|p1b: Raichu\n|-activate|p1b: Raichu|move: Protect\n|move|p2a: Archaludon|Flash Cannon|p1a: Banette\n|-damage|p1a: Banette|53/100\n|\n|-weather|RainDance|[upkeep]\n|upkeep\n|turn|4\n|\n|t:|1775950361\n|switch|p2b: Heracross|Heracross, L50, M|100/100\n|move|p1a: Banette|Shadow Sneak|p2b: Heracross\n|-damage|p2b: Heracross|73/100\n|move|p1b: Raichu|Focus Blast|p2a: Archaludon\n|-supereffective|p2a: Archaludon|1\n|-damage|p2a: Archaludon|4/100\n|-enditem|p2a: Archaludon|Sitrus Berry|[eat]\n|-heal|p2a: Archaludon|28/100|[from] item: Sitrus Berry\n|move|p2a: Archaludon|Electro Shot||[still]\n|-prepare|p2a: Archaludon|Electro Shot\n|-boost|p2a: Archaludon|spa|1\n|-anim|p2a: Archaludon|Electro Shot|p1a: Banette\n|-damage|p1a: Banette|0 fnt\n|faint|p1a: Banette\n|\n|-weather|RainDance|[upkeep]\n|upkeep\n|\n|t:|1775950382\n|switch|p1a: Talonflame|Talonflame, L50, M|100/100\n|turn|5\n|\n|t:|1775950395\n|switch|p2b: Basculegion|Basculegion, L50, M|35/100\n|move|p1a: Talonflame|Dual Wingbeat|p2b: Basculegion\n|-damage|p2b: Basculegion|19/100\n|-damage|p2b: Basculegion|4/100\n|-hitcount|p2b: Basculegion|2\n|move|p1b: Raichu|Focus Blast|p2a: Archaludon\n|-supereffective|p2a: Archaludon|1\n|-damage|p2a: Archaludon|0 fnt\n|faint|p2a: Archaludon\n|\n|-weather|none\n|upkeep\n|\n|t:|1775950404\n|switch|p2a: Heracross|Heracross, L50, M|73/100\n|turn|6\n|\n|t:|1775950413\n|detailschange|p2a: Heracross|Heracross-Mega, L50, M\n|-mega|p2a: Heracross|Heracross|Heracronite\n|move|p1b: Raichu|Protect|p1b: Raichu\n|-singleturn|p1b: Raichu|Protect\n|move|p1a: Talonflame|Dual Wingbeat|p2b: Basculegion\n|-damage|p2b: Basculegion|0 fnt\n|faint|p2b: Basculegion\n|-hitcount|p2: Basculegion|1\n|move|p2a: Heracross|Rock Blast|p1a: Talonflame\n|-supereffective|p1a: Talonflame|2\n|-damage|p1a: Talonflame|40/100\n|-supereffective|p1a: Talonflame|2\n|-damage|p1a: Talonflame|0 fnt\n|faint|p1a: Talonflame\n|-hitcount|p1: Talonflame|2\n|\n|upkeep\n|\n|t:|1775950424\n|switch|p1a: Weavile|Weavile, L50, F|100/100\n|-ability|p1a: Weavile|Pressure\n|turn|7\n|\n|t:|1775950428\n|move|p1a: Weavile|Fake Out|p2a: Heracross\n|-damage|p2a: Heracross|63/100\n|move|p1b: Raichu|Thunderbolt|p2a: Heracross\n|-damage|p2a: Heracross|29/100\n|cant|p2a: Heracross|flinch\n|\n|upkeep\n|turn|8\n|\n|t:|1775950442\n|move|p1a: Weavile|Icicle Crash|p2a: Heracross\n|-damage|p2a: Heracross|0 fnt\n|faint|p2a: Heracross\n|\n|win|06Thomas\n|raw|06Thomas's rating: 1120 &rarr; <strong>1143</strong><br />(+23 for winning)\n|raw|Donuttverde12's rating: 1088 &rarr; <strong>1067</strong><br />(-21 for losing)\n|l|\u2606Donuttverde12\n|player|p2|\n",
  "uploadtime": 1775950454,
  "views": 16,
  "formatid": "gen9championsvgc2026regma",
  "rating": 1067,
  "private": 0,
  "password": null
}