{
  "id": "gen9championsvgc2026regma-2583477206",
  "format": "[Gen 9 Champions] VGC 2026 Reg M-A",
  "players": [
    "Hymnn",
    "Sethwell"
  ],
  "log": "|j|\u2606Hymnn\n|j|\u2606Sethwell\n|t:|1776178137\n|gametype|doubles\n|player|p1|Hymnn|265|1324\n|player|p2|Sethwell|blue|1325\n|gen|9\n|tier|[Gen 9 Champions] VGC 2026 Reg M-A\n|rated|\n|rule|Species Clause: Limit one of each Pok\u00e9mon\n|rule|Item Clause: Limit 1 of each item\n|clearpoke\n|poke|p1|Kingambit, L50, F|\n|poke|p1|Sneasler, L50, F|\n|poke|p1|Floette-Eternal, L50, F|\n|poke|p1|Delphox, L50, M|\n|poke|p1|Garchomp, L50, M|\n|poke|p1|Basculegion, L50, M|\n|poke|p2|Blastoise, L50, F|\n|poke|p2|Whimsicott, L50, F|\n|poke|p2|Incineroar, L50, M|\n|poke|p2|Sneasler, L50, M|\n|poke|p2|Kingambit, L50, F|\n|poke|p2|Sinistcha, L50|\n|teampreview|4\n|inactive|Battle timer is ON: inactive players will automatically lose when time's up. (requested by Sethwell)\n|j| wittlessname\n|l| wittlessname\n|inactive|Sethwell has 60 seconds left.\n|\n|t:|1776178197\n|teamsize|p1|4\n|teamsize|p2|4\n|start\n|switch|p1a: Sneasler|Sneasler, L50, F|100/100\n|switch|p1b: Kingambit|Kingambit, L50, F|100/100\n|switch|p2a: Whimsicott|Whimsicott, L50, F|100/100\n|switch|p2b: Blastoise|Blastoise, L50, F|100/100\n|turn|1\n|inactive|Sethwell has 30 seconds left.\n|inactive|Sethwell has 20 seconds left.\n|inactive|Sethwell has 15 seconds left.\n|\n|t:|1776178238\n|move|p2a: Whimsicott|Protect|p2a: Whimsicott\n|-singleturn|p2a: Whimsicott|Protect\n|move|p2b: Blastoise|Protect|p2b: Blastoise\n|-singleturn|p2b: Blastoise|Protect\n|move|p1a: Sneasler|Fake Out|p2a: Whimsicott\n|-activate|p2a: Whimsicott|move: Protect\n|move|p1b: Kingambit|Iron Head|p2a: Whimsicott\n|-activate|p2a: Whimsicott|move: Protect\n|\n|upkeep\n|turn|2\n|inactive|Hymnn has 30 seconds left.\n|\n|t:|1776178266\n|switch|p1a: Garchomp|Garchomp, L50, M|100/100\n|detailschange|p2b: Blastoise|Blastoise-Mega, L50, F\n|-mega|p2b: Blastoise|Blastoise|Blastoisinite\n|move|p2a: Whimsicott|Encore||[still]\n|-fail|p2a: Whimsicott\n|move|p2b: Blastoise|Shell Smash|p2b: Blastoise\n|-unboost|p2b: Blastoise|def|1\n|-unboost|p2b: Blastoise|spd|1\n|-boost|p2b: Blastoise|atk|2\n|-boost|p2b: Blastoise|spa|2\n|-boost|p2b: Blastoise|spe|2\n|move|p1b: Kingambit|Iron Head|p2a: Whimsicott\n|-supereffective|p2a: Whimsicott|1\n|-enditem|p2a: Whimsicott|Focus Sash\n|-damage|p2a: Whimsicott|1/100\n|\n|upkeep\n|turn|3\n|inactive|Sethwell has 30 seconds left.\n|\n|t:|1776178294\n|switch|p2a: Sinistcha|Sinistcha, L50|100/100\n|move|p2b: Blastoise|Protect|p2b: Blastoise\n|-singleturn|p2b: Blastoise|Protect\n|move|p1b: Kingambit|Sucker Punch||[still]\n|-fail|p1b: Kingambit\n|move|p1a: Garchomp|Rock Slide|p2a: Sinistcha|[spread] p2a\n|-activate|p2b: Blastoise|move: Protect\n|-damage|p2a: Sinistcha|83/100\n|\n|upkeep\n|turn|4\n|\n|t:|1776178311\n|move|p2a: Sinistcha|Rage Powder|p2a: Sinistcha\n|-singleturn|p2a: Sinistcha|move: Rage Powder\n|move|p2b: Blastoise|Water Spout|p1b: Kingambit|[spread] p1a,p1b\n|-damage|p1a: Garchomp|0 fnt\n|-damage|p1b: Kingambit|0 fnt\n|faint|p1a: Garchomp\n|faint|p1b: Kingambit\n|\n|upkeep\n|\n|t:|1776178319\n|switch|p1a: Delphox|Delphox, L50, M|100/100\n|switch|p1b: Sneasler|Sneasler, L50, F|100/100\n|turn|5\n|\n|t:|1776178329\n|switch|p2a: Whimsicott|Whimsicott, L50, F|1/100\n|detailschange|p1a: Delphox|Delphox-Mega, L50, M\n|-mega|p1a: Delphox|Delphox|Delphoxite\n|move|p2b: Blastoise|Protect|p2b: Blastoise\n|-singleturn|p2b: Blastoise|Protect\n|move|p1b: Sneasler|Fake Out|p2b: Blastoise\n|-activate|p2b: Blastoise|move: Protect\n|move|p1a: Delphox|Heat Wave|p2a: Whimsicott|[spread] p2a\n|-activate|p2b: Blastoise|move: Protect\n|-supereffective|p2a: Whimsicott|1\n|-damage|p2a: Whimsicott|0 fnt\n|faint|p2a: Whimsicott\n|\n|upkeep\n|\n|t:|1776178340\n|switch|p2a: Sinistcha|Sinistcha, L50|83/100\n|turn|6\n|\n|t:|1776178347\n|move|p2a: Sinistcha|Rage Powder|p2a: Sinistcha\n|-singleturn|p2a: Sinistcha|move: Rage Powder\n|move|p2b: Blastoise|Water Spout|p1b: Sneasler|[spread] p1a,p1b\n|-supereffective|p1a: Delphox|1\n|-damage|p1a: Delphox|0 fnt\n|-damage|p1b: Sneasler|0 fnt\n|faint|p1a: Delphox\n|faint|p1b: Sneasler\n|\n|win|Sethwell\n|raw|Hymnn's rating: 1324 &rarr; <strong>1304</strong><br />(-20 for losing)\n|raw|Sethwell's rating: 1325 &rarr; <strong>1345</strong><br />(+20 for winning)\n|l|\u2606Hymnn\n|player|p1|\n",
  "uploadtime": 1776178377,
  "views": 24,
  "formatid": "gen9championsvgc2026regma",
  "rating": 1304,
  "private": 0,
  "password": null
}