{
  "id": "gen9championsvgc2026regma-2589517241",
  "format": "[Gen 9 Champions] VGC 2026 Reg M-A",
  "players": [
    "mt426",
    "Chrispr"
  ],
  "log": "|j|\u2606mt426\n|j|\u203dChrispr\n|t:|1776730173\n|gametype|doubles\n|player|p1|mt426|hilbert|1000\n|player|p2|Chrispr|drayden|1040\n|gen|9\n|tier|[Gen 9 Champions] VGC 2026 Reg M-A\n|rated|\n|rule|Species Clause: Limit one of each Pok\u00e9mon\n|rule|Item Clause: Limit 1 of each item\n|clearpoke\n|poke|p1|Charizard, L50, F|\n|poke|p1|Venusaur, L50, F|\n|poke|p1|Garchomp, L50, F|\n|poke|p1|Incineroar, L50, F|\n|poke|p1|Gardevoir, L50, M|\n|poke|p1|Milotic, L50, M|\n|poke|p2|Gengar, L50, F|\n|poke|p2|Toxapex, L50, F|\n|poke|p2|Salazzle, L50, F|\n|poke|p2|Glimmora, L50, F|\n|poke|p2|Slowbro-Galar, L50, F|\n|poke|p2|Sneasler, L50, F|\n|teampreview|4\n|inactive|Battle timer is ON: inactive players will automatically lose when time's up. (requested by Chrispr)\n|\n|t:|1776730197\n|teamsize|p1|4\n|teamsize|p2|4\n|start\n|switch|p1a: FOLITA03|Milotic, L50, M|100/100\n|switch|p1b: SEXCI|Gardevoir, L50, M|100/100\n|switch|p2a: Glimmora|Glimmora, L50, F|100/100\n|switch|p2b: Toxapex|Toxapex, L50, F|100/100\n|-ability|p1b: SEXCI|Toxic Debris|Trace|[from] ability: Trace|[of] p2a: Glimmora\n|turn|1\n|inactive|mt426 has 30 seconds left.\n|inactive|mt426 has 20 seconds left.\n|inactive|mt426 has 15 seconds left.\n|\n|t:|1776730241\n|move|p1b: SEXCI|Psyshock|p2b: Toxapex\n|-supereffective|p2b: Toxapex|1\n|-damage|p2b: Toxapex|28/100\n|-enditem|p2b: Toxapex|Sitrus Berry|[eat]\n|-heal|p2b: Toxapex|53/100|[from] item: Sitrus Berry\n|move|p2a: Glimmora|Mortal Spin|p1b: SEXCI|[spread] p1a,p1b\n|-supereffective|p1b: SEXCI|1\n|-damage|p1a: FOLITA03|96/100\n|-damage|p1b: SEXCI|83/100\n|-status|p1a: FOLITA03|psn\n|-status|p1b: SEXCI|psn\n|-activate|p1b: SEXCI|ability: Toxic Debris\n|-sidestart|p2: Chrispr|move: Toxic Spikes\n|-sideend|p2: Chrispr|Toxic Spikes|[from] move: Mortal Spin|[of] p2a: Glimmora\n|move|p1a: FOLITA03|Scald|p2a: Glimmora\n|-supereffective|p2a: Glimmora|1\n|-damage|p2a: Glimmora|0 fnt\n|faint|p2a: Glimmora\n|move|p2b: Toxapex|Venoshock|p1b: SEXCI\n|-supereffective|p1b: SEXCI|1\n|-crit|p1b: SEXCI\n|-damage|p1b: SEXCI|0 fnt\n|faint|p1b: SEXCI\n|\n|-heal|p1a: FOLITA03|100/100 psn|[from] item: Leftovers\n|-damage|p1a: FOLITA03|88/100 psn|[from] psn\n|upkeep\n|inactive|mt426 has 30 seconds left.\n|\n|t:|1776730274\n|switch|p2a: Sneasler|Sneasler, L50, F|100/100\n|switch|p1b: EPICARDO|Charizard, L50, F|100/100\n|turn|2\n|inactive|mt426 has 30 seconds left.\n|inactive|mt426 has 20 seconds left.\n|\n|t:|1776730310\n|detailschange|p1b: EPICARDO|Charizard-Mega-Y, L50, F\n|-mega|p1b: EPICARDO|Charizard|Charizardite Y\n|-weather|SunnyDay|[from] ability: Drought|[of] p1b: EPICARDO\n|move|p1b: EPICARDO|Protect|p1b: EPICARDO\n|-singleturn|p1b: EPICARDO|Protect\n|move|p2a: Sneasler|Fake Out|p1b: EPICARDO\n|-activate|p1b: EPICARDO|move: Protect\n|move|p1a: FOLITA03|Icy Wind|p2a: Sneasler|[spread] p2a,p2b\n|-resisted|p2b: Toxapex|1\n|-damage|p2a: Sneasler|82/100\n|-damage|p2b: Toxapex|48/100\n|-unboost|p2a: Sneasler|spe|1\n|-unboost|p2b: Toxapex|spe|1\n|move|p2b: Toxapex|Venoshock|p1b: EPICARDO\n|-activate|p1b: EPICARDO|move: Protect\n|\n|-weather|SunnyDay|[upkeep]\n|-heal|p1a: FOLITA03|94/100 psn|[from] item: Leftovers\n|-damage|p1a: FOLITA03|82/100 psn|[from] psn\n|upkeep\n|turn|3\n|inactive|mt426 has 30 seconds left.\n|\n|t:|1776730341\n|switch|p2a: Salazzle|Salazzle, L50, F|100/100\n|move|p1b: EPICARDO|Heat Wave|p2b: Toxapex|[spread] p2a,p2b\n|-resisted|p2a: Salazzle|1\n|-resisted|p2b: Toxapex|1\n|-damage|p2a: Salazzle|42/100\n|-damage|p2b: Toxapex|21/100\n|move|p1a: FOLITA03|Icy Wind|p2a: Salazzle|[spread] p2a,p2b\n|-resisted|p2a: Salazzle|1\n|-resisted|p2b: Toxapex|1\n|-damage|p2a: Salazzle|31/100\n|-damage|p2b: Toxapex|16/100\n|-unboost|p2a: Salazzle|spe|1\n|-unboost|p2b: Toxapex|spe|1\n|move|p2b: Toxapex|Toxic|p1b: EPICARDO\n|-status|p1b: EPICARDO|tox\n|\n|-weather|SunnyDay|[upkeep]\n|-heal|p1a: FOLITA03|88/100 psn|[from] item: Leftovers\n|-damage|p1b: EPICARDO|94/100 tox|[from] psn\n|-damage|p1a: FOLITA03|75/100 psn|[from] psn\n|upkeep\n|turn|4\n|inactive|mt426 has 30 seconds left.\n|\n|t:|1776730367\n|move|p2b: Toxapex|Baneful Bunker|p2b: Toxapex\n|-singleturn|p2b: Toxapex|move: Protect\n|move|p1b: EPICARDO|Heat Wave|p2a: Salazzle|[spread] p2a\n|-activate|p2b: Toxapex|move: Protect\n|-resisted|p2a: Salazzle|1\n|-damage|p2a: Salazzle|0 fnt\n|faint|p2a: Salazzle\n|move|p1a: FOLITA03|Scald|p2b: Toxapex\n|-activate|p2b: Toxapex|move: Protect\n|\n|-weather|SunnyDay|[upkeep]\n|-heal|p1a: FOLITA03|81/100 psn|[from] item: Leftovers\n|-damage|p1b: EPICARDO|82/100 tox|[from] psn\n|-damage|p1a: FOLITA03|69/100 psn|[from] psn\n|upkeep\n|\n|t:|1776730372\n|switch|p2a: Sneasler|Sneasler, L50, F|82/100\n|turn|5\n|\n|t:|1776730386\n|move|p2a: Sneasler|Fake Out|p1a: FOLITA03\n|-damage|p1a: FOLITA03|54/100 psn\n|move|p1b: EPICARDO|Heat Wave|p2b: Toxapex|[spread] p2a,p2b\n|-resisted|p2b: Toxapex|1\n|-damage|p2a: Sneasler|0 fnt\n|-damage|p2b: Toxapex|0 fnt\n|faint|p2a: Sneasler\n|faint|p2b: Toxapex\n|\n|win|mt426\n|raw|mt426's rating: 1000 &rarr; <strong>1045</strong><br />(+45 for winning)\n|raw|Chrispr's rating: 1040 &rarr; <strong>1022</strong><br />(-18 for losing)\n|l|\u203dChrispr\n|player|p2|\n",
  "uploadtime": 1776730408,
  "views": 9,
  "formatid": "gen9championsvgc2026regma",
  "rating": 1022,
  "private": 0,
  "password": null
}