{
  "id": "gen9championsvgc2026regma-2580640538",
  "format": "[Gen 9 Champions] VGC 2026 Reg M-A",
  "players": [
    "Azvna",
    "RandomGuyInSchool"
  ],
  "log": "|j|\u2606Azvna\n|j|\u2606RandomGuyInSchool\n|t:|1775920506\n|gametype|doubles\n|player|p1|Azvna|170|1027\n|player|p2|RandomGuyInSchool|schoolkid-gen4|1083\n|gen|9\n|tier|[Gen 9 Champions] VGC 2026 Reg M-A\n|rated|\n|rule|Species Clause: Limit one of each Pok\u00e9mon\n|rule|Item Clause: Limit 1 of each item\n|clearpoke\n|poke|p1|Pelipper, L50, F|\n|poke|p1|Archaludon, L50, M|\n|poke|p1|Incineroar, L50, F|\n|poke|p1|Sinistcha, L50|\n|poke|p1|Dragonite, L50, F|\n|poke|p1|Basculegion, L50, M|\n|poke|p2|Pelipper, L50, F|\n|poke|p2|Basculegion, L50, M|\n|poke|p2|Gengar, L50, F|\n|poke|p2|Sinistcha, L50|\n|poke|p2|Azumarill, L50, F|\n|poke|p2|Incineroar, L50, M|\n|teampreview|4\n|inactive|Battle timer is ON: inactive players will automatically lose when time's up. (requested by RandomGuyInSchool)\nRandomGuyInSchool rejected open team sheets.\n|inactive|Azvna has 60 seconds left.\n|inactive|RandomGuyInSchool has 60 seconds left.\n|inactive|Azvna has 30 seconds left.\n|inactive|RandomGuyInSchool has 30 seconds left.\n|inactive|Azvna has 20 seconds left.\n|inactive|Azvna has 15 seconds left.\n|inactive|RandomGuyInSchool has 20 seconds left.\n|\n|t:|1775920585\n|teamsize|p1|4\n|teamsize|p2|4\n|start\n|switch|p1a: Princesa|Incineroar, L50, F|100/100\n|switch|p1b: Gordi|Dragonite, L50, F, shiny|100/100\n|switch|p2a: Azumarill|Azumarill, L50, F|100/100\n|switch|p2b: Sinistcha|Sinistcha, L50|100/100\n|-ability|p1a: Princesa|Intimidate|boost\n|-unboost|p2a: Azumarill|atk|1\n|-unboost|p2b: Sinistcha|atk|1\n|turn|1\n|inactive|Azvna has 30 seconds left.\n|inactive|RandomGuyInSchool has 30 seconds left.\n|inactive|Azvna has 20 seconds left.\n|inactive|Azvna has 15 seconds left.\n|inactive|Azvna has 10 seconds left.\n|\n|t:|1775920635\n|switch|p1a: Golden|Archaludon, L50, M|100/100\n|detailschange|p1b: Gordi|Dragonite-Mega, L50, F, shiny\n|-mega|p1b: Gordi|Dragonite|Dragoninite\n|move|p1b: Gordi|Draco Meteor|p2b: Sinistcha\n|-damage|p2b: Sinistcha|39/100\n|-unboost|p1b: Gordi|spa|2\n|move|p2a: Azumarill|Belly Drum|p2a: Azumarill\n|-damage|p2a: Azumarill|50/100\n|-setboost|p2a: Azumarill|atk|6|[from] move: Belly Drum\n|-enditem|p2a: Azumarill|Sitrus Berry|[eat]\n|-heal|p2a: Azumarill|75/100|[from] item: Sitrus Berry\n|move|p2b: Sinistcha|Trick Room|p2b: Sinistcha\n|-fieldstart|move: Trick Room|[of] p2b: Sinistcha\n|\n|-heal|p2b: Sinistcha|45/100|[from] item: Leftovers\n|upkeep\n|turn|2\n|inactive|Azvna has 30 seconds left.\n|inactive|RandomGuyInSchool has 30 seconds left.\n|inactive|Azvna has 20 seconds left.\n|\n|t:|1775920672\n|move|p1b: Gordi|Protect|p1b: Gordi\n|-singleturn|p1b: Gordi|Protect\n|move|p2a: Azumarill|Play Rough|p1a: Golden\n|-damage|p1a: Golden|0 fnt\n|faint|p1a: Golden\n|move|p2b: Sinistcha|Matcha Gotcha|p1b: Gordi\n|-activate|p1b: Gordi|move: Protect\n|\n|-heal|p2b: Sinistcha|52/100|[from] item: Leftovers\n|upkeep\n|inactive|Azvna has 30 seconds left.\n|inactive|Azvna has 20 seconds left.\n|inactive|Azvna has 15 seconds left.\n|inactive|Azvna has 10 seconds left.\n|\n|t:|1775920718\n|switch|p1a: Princesa|Incineroar, L50, F|100/100\n|-ability|p1a: Princesa|Intimidate|boost\n|-unboost|p2a: Azumarill|atk|1\n|-unboost|p2b: Sinistcha|atk|1\n|turn|3\n|\n|t:|1775920738\n|move|p1a: Princesa|Fake Out|p2a: Azumarill\n|-damage|p2a: Azumarill|65/100\n|cant|p2a: Azumarill|flinch\n|move|p2b: Sinistcha|Life Dew|p2b: Sinistcha|[spread] p2a,p2b\n|-heal|p2a: Azumarill|90/100\n|-heal|p2b: Sinistcha|77/100\n|move|p1b: Gordi|Draco Meteor|p2b: Sinistcha\n|-damage|p2b: Sinistcha|43/100\n|-unboost|p1b: Gordi|spa|2\n|\n|-heal|p2b: Sinistcha|49/100|[from] item: Leftovers\n|upkeep\n|turn|4\n|inactive|Azvna has 30 seconds left.\n|inactive|Azvna has 20 seconds left.\n|inactive|Azvna has 15 seconds left.\n|\n|t:|1775920781\n|move|p1b: Gordi|Protect|p1b: Gordi\n|-singleturn|p1b: Gordi|Protect\n|move|p2a: Azumarill|Play Rough|p1a: Princesa\n|-damage|p1a: Princesa|0 fnt\n|faint|p1a: Princesa\n|move|p2b: Sinistcha|Life Dew|p2b: Sinistcha|[spread] p2a,p2b\n|-heal|p2a: Azumarill|100/100\n|-heal|p2b: Sinistcha|74/100\n|\n|-heal|p2b: Sinistcha|80/100|[from] item: Leftovers\n|upkeep\n|c|\u2606RandomGuyInSchool|gg\n|\n|t:|1775920793\n|switch|p1a: Musolini|Basculegion, L50, M|100/100\n|turn|5\n|inactive|Azvna has 30 seconds left.\n|inactive|Azvna has 20 seconds left.\n|inactive|Azvna has 15 seconds left.\n|inactive|Azvna has 10 seconds left.\n|inactive|Azvna has 5 seconds left.\n|\n|t:|1775920845\n|move|p2b: Sinistcha|Rage Powder|p2b: Sinistcha\n|-singleturn|p2b: Sinistcha|move: Rage Powder\n|move|p2a: Azumarill|Play Rough|p1b: Gordi\n|-supereffective|p1b: Gordi|1\n|-damage|p1b: Gordi|0 fnt\n|faint|p1b: Gordi\n|move|p1a: Musolini|Last Respects|p2b: Sinistcha\n|-supereffective|p2b: Sinistcha|1\n|-damage|p2b: Sinistcha|0 fnt\n|faint|p2b: Sinistcha\n|\n|-fieldend|move: Trick Room\n|upkeep\n|inactive|RandomGuyInSchool has 30 seconds left.\n|\n|t:|1775920873\n|switch|p2b: Basculegion|Basculegion, L50, M|100/100\n|turn|6\n|\n|t:|1775920894\n|move|p2b: Basculegion|Last Respects|p1a: Musolini\n|-supereffective|p1a: Musolini|1\n|-damage|p1a: Musolini|0 fnt\n|faint|p1a: Musolini\n|\n|win|RandomGuyInSchool\n|raw|Azvna's rating: 1027 &rarr; <strong>1015</strong><br />(-12 for losing)\n|raw|RandomGuyInSchool's rating: 1083 &rarr; <strong>1106</strong><br />(+23 for winning)\n",
  "uploadtime": 1775920899,
  "views": 9,
  "formatid": "gen9championsvgc2026regma",
  "rating": 1015,
  "private": 0,
  "password": null
}