{
  "id": "gen9championsvgc2026regma-2584114472",
  "format": "[Gen 9 Champions] VGC 2026 Reg M-A",
  "players": [
    "ioioheio",
    "ZoraDora"
  ],
  "log": "|j|\u2606ioioheio\n|j|\u2606ZoraDora\n|t:|1776226697\n|gametype|doubles\n|player|p1|ioioheio|unknown|1079\n|player|p2|ZoraDora|265|1062\n|gen|9\n|tier|[Gen 9 Champions] VGC 2026 Reg M-A\n|rated|\n|rule|Species Clause: Limit one of each Pok\u00e9mon\n|rule|Item Clause: Limit 1 of each item\n|clearpoke\n|poke|p1|Starmie, L50|\n|poke|p1|Dragonite, L50, M|\n|poke|p1|Arcanine-Hisui, L50, F|\n|poke|p1|Floette-Eternal, L50, F|\n|poke|p1|Tyranitar, L50, M|\n|poke|p1|Whimsicott, L50, F|\n|poke|p2|Gardevoir, L50, F|\n|poke|p2|Aegislash, L50, F|\n|poke|p2|Aerodactyl, L50, F|\n|poke|p2|Rotom-Heat, L50|\n|poke|p2|Hydreigon, L50, M|\n|poke|p2|Tauros-Paldea-Aqua, L50, M|\n|teampreview|4\nZoraDora rejected open team sheets.\n|j| MatuMonte\n|c|\u2606ZoraDora|!weakness arcananin-hisui\nNo Pok\u00e9mon or type named 'arcananin-hisui' was found. Searching for 'Arcanine-Hisui' instead.\n|c| ZoraDora|/raw <div class=\"infobox\">Arcanine-Hisui (ignoring abilities):<br /><span class=\"message-effect-weak\">Weaknesses</span>: Fighting, <b>Ground</b>, Rock, <b>Water</b><br /><span class=\"message-effect-resist\">Resistances</span>: Bug, Fairy, <b>Fire</b>, Flying, Ice, Normal, Poison<br /><span class=\"message-effect-immune\">Immunities</span>: Burn, Sandstorm damage</div>\n|\n|t:|1776226746\n|teamsize|p1|4\n|teamsize|p2|4\n|start\n|switch|p1a: Starmie|Starmie, L50|100/100\n|switch|p1b: Dragonite|Dragonite, L50, M|100/100\n|switch|p2a: Aerodactyl|Aerodactyl, L50, F|100/100\n|switch|p2b: Aegislash|Aegislash, L50, F, shiny|100/100\n|-ability|p2a: Aerodactyl|Unnerve\n|turn|1\n|\n|t:|1776226779\n|detailschange|p1a: Starmie|Starmie-Mega, L50\n|-mega|p1a: Starmie|Starmie|Starminite\n|move|p1b: Dragonite|Protect|p1b: Dragonite\n|-singleturn|p1b: Dragonite|Protect\n|move|p2a: Aerodactyl|Tailwind|p2a: Aerodactyl\n|-sidestart|p2: ZoraDora|move: Tailwind\n|-formechange|p2b: Aegislash|Aegislash-Blade|\n|move|p2b: Aegislash|Poltergeist|p1a: Starmie\n|-activate|p1a: Starmie|move: Poltergeist|Starminite\n|-supereffective|p1a: Starmie|1\n|-damage|p1a: Starmie|0 fnt\n|faint|p1a: Starmie\n|\n|upkeep\n|\n|t:|1776226794\n|switch|p1a: Whimsicott|Whimsicott, L50, F|100/100\n|turn|2\n|\n|t:|1776226804\n|-formechange|p2b: Aegislash|Aegislash|\n|move|p2b: Aegislash|King's Shield|p2b: Aegislash\n|-singleturn|p2b: Aegislash|Protect\n|move|p1a: Whimsicott|Encore|p2a: Aerodactyl\n|-start|p2a: Aerodactyl|Encore\n|move|p2a: Aerodactyl|Tailwind||[still]\n|-fail|p2a: Aerodactyl\n|move|p1b: Dragonite|Fire Punch|p2b: Aegislash\n|-activate|p2b: Aegislash|move: Protect\n|-unboost|p1b: Dragonite|atk|1\n|\n|upkeep\n|turn|3\n|\n|t:|1776226817\n|switch|p2a: Hydreigon|Hydreigon, L50, M|100/100\n|switch|p1b: Arcanine|Arcanine-Hisui, L50, F|100/100\n|move|p1a: Whimsicott|Encore|p2b: Aegislash\n|-start|p2b: Aegislash|Encore\n|move|p2b: Aegislash|King's Shield||[still]\n|-fail|p2b: Aegislash\n|\n|upkeep\n|turn|4\n|\n|t:|1776226841\n|switch|p1b: Dragonite|Dragonite, L50, M|100/100\n|switch|p2b: Aerodactyl|Aerodactyl, L50, F|100/100\n|-ability|p2b: Aerodactyl|Unnerve\n|move|p2a: Hydreigon|Earth Power|p1b: Dragonite\n|-immune|p1b: Dragonite\n|move|p1a: Whimsicott|Moonblast|p2a: Hydreigon\n|-supereffective|p2a: Hydreigon|2\n|-damage|p2a: Hydreigon|0 fnt\n|faint|p2a: Hydreigon\n|\n|-sideend|p2: ZoraDora|move: Tailwind\n|upkeep\n|\n|t:|1776226856\n|switch|p2a: Aegislash|Aegislash, L50, F, shiny|100/100\n|turn|5\n|\n|t:|1776226878\n|move|p1a: Whimsicott|Taunt|p2b: Aerodactyl\n|-start|p2b: Aerodactyl|move: Taunt\n|cant|p2b: Aerodactyl|move: Taunt|Tailwind\n|move|p1b: Dragonite|Rock Slide|p2b: Aerodactyl|[spread] p2a,p2b\n|-resisted|p2a: Aegislash|1\n|-supereffective|p2b: Aerodactyl|1\n|-damage|p2a: Aegislash|92/100\n|-damage|p2b: Aerodactyl|37/100\n|-formechange|p2a: Aegislash|Aegislash-Blade|\n|move|p2a: Aegislash|Iron Head|p1a: Whimsicott\n|-supereffective|p1a: Whimsicott|1\n|-damage|p1a: Whimsicott|4/100\n|\n|upkeep\n|turn|6\n|\n|t:|1776226922\n|switch|p2b: Gardevoir|Gardevoir, L50, F, shiny|100/100\n|-ability|p2b: Gardevoir|Inner Focus|Trace|[from] ability: Trace|[of] p1b: Dragonite\n|move|p1b: Dragonite|Protect|p1b: Dragonite\n|-singleturn|p1b: Dragonite|Protect\n|move|p1a: Whimsicott|Encore||[still]\n|-fail|p1a: Whimsicott\n|move|p2a: Aegislash|Shadow Sneak|p1a: Whimsicott\n|-damage|p1a: Whimsicott|0 fnt\n|faint|p1a: Whimsicott\n|\n|upkeep\n|\n|t:|1776226925\n|switch|p1a: Arcanine|Arcanine-Hisui, L50, F|100/100\n|turn|7\n|\n|t:|1776226948\n|detailschange|p2b: Gardevoir|Gardevoir-Mega, L50, F, shiny\n|-mega|p2b: Gardevoir|Gardevoir|Gardevoirite\n|move|p2b: Gardevoir|Protect|p2b: Gardevoir\n|-singleturn|p2b: Gardevoir|Protect\n|-formechange|p2a: Aegislash|Aegislash|\n|move|p2a: Aegislash|King's Shield|p2a: Aegislash\n|-singleturn|p2a: Aegislash|Protect\n|move|p1a: Arcanine|Flare Blitz|p2b: Gardevoir\n|-activate|p2b: Gardevoir|move: Protect\n|move|p1b: Dragonite|Rock Slide|p2b: Gardevoir|[spread] \n|-activate|p2a: Aegislash|move: Protect\n|-activate|p2b: Gardevoir|move: Protect\n|\n|upkeep\n|turn|8\n|\n|t:|1776226965\n|switch|p2b: Aerodactyl|Aerodactyl, L50, F|37/100\n|-ability|p2b: Aerodactyl|Unnerve\n|move|p1b: Dragonite|Protect|p1b: Dragonite\n|-singleturn|p1b: Dragonite|Protect\n|move|p1a: Arcanine|Flare Blitz|p2a: Aegislash\n|-supereffective|p2a: Aegislash|1\n|-damage|p2a: Aegislash|1/100\n|-formechange|p2a: Aegislash|Aegislash-Blade|\n|move|p2a: Aegislash|Iron Head|p1b: Dragonite\n|-activate|p1b: Dragonite|move: Protect\n|\n|upkeep\n|turn|9\n|\n|t:|1776226981\n|-formechange|p2a: Aegislash|Aegislash|\n|move|p2a: Aegislash|King's Shield|p2a: Aegislash\n|-singleturn|p2a: Aegislash|Protect\n|move|p1b: Dragonite|Extreme Speed|p2b: Aerodactyl\n|-resisted|p2b: Aerodactyl|1\n|-damage|p2b: Aerodactyl|12/100\n|move|p1a: Arcanine|Flare Blitz|p2b: Aerodactyl\n|-resisted|p2b: Aerodactyl|1\n|-damage|p2b: Aerodactyl|0 fnt\n|faint|p2b: Aerodactyl\n|\n|upkeep\n|\n|t:|1776226991\n|switch|p2b: Gardevoir|Gardevoir-Mega, L50, F, shiny|100/100\n|turn|10\n|c|\u2606ZoraDora|why did flare blitz go first ?\n|c|\u2606ZoraDora|are you sash'd ?\n|\n|t:|1776227019\n|move|p1b: Dragonite|Protect|p1b: Dragonite\n|-singleturn|p1b: Dragonite|Protect\n|move|p1a: Arcanine|Flare Blitz|p2b: Gardevoir\n|-damage|p2b: Gardevoir|31/100\n|move|p2b: Gardevoir|Hyper Voice|p1a: Arcanine|[spread] p1a\n|-activate|p1b: Dragonite|move: Protect\n|-resisted|p1a: Arcanine|1\n|-damage|p1a: Arcanine|69/100\n|-formechange|p2a: Aegislash|Aegislash-Blade|\n|move|p2a: Aegislash|Poltergeist|p1a: Arcanine\n|-activate|p1a: Arcanine|move: Poltergeist|Choice Scarf\n|-damage|p1a: Arcanine|0 fnt\n|faint|p1a: Arcanine\n|\n|upkeep\n|turn|11\n|\n|t:|1776227032\n|move|p1b: Dragonite|Rock Slide|p2a: Aegislash|[spread] p2a,p2b\n|-resisted|p2a: Aegislash|1\n|-damage|p2a: Aegislash|0 fnt\n|-damage|p2b: Gardevoir|4/100\n|faint|p2a: Aegislash\n|move|p2b: Gardevoir|Hyper Voice|p1b: Dragonite\n|-supereffective|p1b: Dragonite|1\n|-enditem|p1b: Dragonite|Roseli Berry|[eat]\n|-enditem|p1b: Dragonite|Roseli Berry|[weaken]\n|-damage|p1b: Dragonite|25/100\n|\n|upkeep\n|turn|12\n|\n|t:|1776227043\n|move|p2b: Gardevoir|Protect|p2b: Gardevoir\n|-singleturn|p2b: Gardevoir|Protect\n|move|p1b: Dragonite|Extreme Speed|p2b: Gardevoir\n|-activate|p2b: Gardevoir|move: Protect\n|\n|upkeep\n|turn|13\n|\n|t:|1776227047\n|move|p1b: Dragonite|Extreme Speed|p2b: Gardevoir\n|-damage|p2b: Gardevoir|0 fnt\n|faint|p2b: Gardevoir\n|\n|win|ioioheio\n|raw|ioioheio's rating: 1079 &rarr; <strong>1106</strong><br />(+27 for winning)\n|raw|ZoraDora's rating: 1062 &rarr; <strong>1044</strong><br />(-18 for losing)\n",
  "uploadtime": 1776227049,
  "views": 19,
  "formatid": "gen9championsvgc2026regma",
  "rating": 1044,
  "private": 0,
  "password": null
}