{
  "id": "gen9championsvgc2026regma-2582189046",
  "format": "[Gen 9 Champions] VGC 2026 Reg M-A",
  "players": [
    "sekedy",
    "Shifty38"
  ],
  "log": "|j|\u2606sekedy\n|j|\u2606Shifty38\n|t:|1776069197\n|gametype|doubles\n|player|p1|sekedy|266|1168\n|player|p2|Shifty38|blaine|1097\n|gen|9\n|tier|[Gen 9 Champions] VGC 2026 Reg M-A\n|rated|\n|rule|Species Clause: Limit one of each Pok\u00e9mon\n|rule|Item Clause: Limit 1 of each item\n|clearpoke\n|poke|p1|Starmie, L50|\n|poke|p1|Incineroar, L50, M|\n|poke|p1|Maushold-Four, L50|\n|poke|p1|Kingambit, L50, M|\n|poke|p1|Rotom-Wash, L50|\n|poke|p1|Sneasler, L50, M|\n|poke|p2|Slowking, L50, F|\n|poke|p2|Incineroar, L50, M|\n|poke|p2|Camerupt, L50, M|\n|poke|p2|Crabominable, L50, F|\n|poke|p2|Hatterene, L50, F|\n|poke|p2|Whimsicott, L50, M|\n|teampreview|4\n|inactive|Battle timer is ON: inactive players will automatically lose when time's up. (requested by sekedy)\n|\n|t:|1776069219\n|teamsize|p1|4\n|teamsize|p2|4\n|start\n|switch|p1a: Starmie|Starmie, L50, shiny|100/100\n|switch|p1b: Maushold|Maushold-Four, L50, shiny|100/100\n|switch|p2a: Slowking|Slowking, L50, F|100/100\n|switch|p2b: Incineroar|Incineroar, L50, M|100/100\n|-ability|p2b: Incineroar|Intimidate|boost\n|-unboost|p1a: Starmie|atk|1\n|-unboost|p1b: Maushold|atk|1\n|turn|1\n|\n|t:|1776069237\n|move|p2b: Incineroar|Fake Out|p1a: Starmie\n|-damage|p1a: Starmie|90/100\n|cant|p1a: Starmie|flinch\n|move|p1b: Maushold|Taunt|p2a: Slowking\n|-immune|p2a: Slowking|[from] ability: Oblivious\n|move|p2a: Slowking|Trick Room|p2a: Slowking\n|-fieldstart|move: Trick Room|[of] p2a: Slowking\n|\n|upkeep\n|turn|2\n|\n|t:|1776069257\n|detailschange|p1a: Starmie|Starmie-Mega, L50, shiny\n|-mega|p1a: Starmie|Starmie|Starminite\n|move|p1b: Maushold|Follow Me|p1b: Maushold\n|-singleturn|p1b: Maushold|move: Follow Me\n|-prepare|p2a: Slowking|Chilly Reception|[premajor]\n|move|p2a: Slowking|Chilly Reception|p2a: Slowking\n|-weather|Snowscape\n|\n|t:|1776069263\n|switch|p2a: Crabominable|Crabominable, L50, F|100/100|[from] Chilly Reception\n|move|p2b: Incineroar|Darkest Lariat|p1b: Maushold\n|-damage|p1b: Maushold|67/100\n|move|p1a: Starmie|Minimize|p1a: Starmie\n|-boost|p1a: Starmie|evasion|2\n|\n|-weather|Snowscape|[upkeep]\n|upkeep\n|turn|3\n|\n|t:|1776069286\n|detailschange|p2a: Crabominable|Crabominable-Mega, L50, F\n|-mega|p2a: Crabominable|Crabominable|Crabominite\n|move|p1b: Maushold|Follow Me|p1b: Maushold\n|-singleturn|p1b: Maushold|move: Follow Me\n|move|p2a: Crabominable|Drain Punch|p1b: Maushold\n|-supereffective|p1b: Maushold|1\n|-enditem|p1b: Maushold|Chople Berry|[eat]\n|-enditem|p1b: Maushold|Chople Berry|[weaken]\n|-damage|p1b: Maushold|3/100\n|move|p2b: Incineroar|Darkest Lariat|p1b: Maushold\n|-damage|p1b: Maushold|0 fnt\n|faint|p1b: Maushold\n|move|p1a: Starmie|Minimize|p1a: Starmie\n|-boost|p1a: Starmie|evasion|2\n|\n|-weather|Snowscape|[upkeep]\n|upkeep\n|\n|t:|1776069291\n|switch|p1b: Kingambit|Kingambit, L50, M, shiny|100/100\n|turn|4\n|\n|t:|1776069306\n|move|p2a: Crabominable|Drain Punch|p1b: Kingambit\n|-supereffective|p1b: Kingambit|2\n|-damage|p1b: Kingambit|0 fnt\n|faint|p1b: Kingambit\n|move|p2b: Incineroar|Darkest Lariat|p1a: Starmie\n|-supereffective|p1a: Starmie|1\n|-damage|p1a: Starmie|14/100\n|move|p1a: Starmie|Minimize|p1a: Starmie\n|-boost|p1a: Starmie|evasion|2\n|\n|-weather|Snowscape|[upkeep]\n|upkeep\n|\n|t:|1776069309\n|switch|p1b: Incineroar|Incineroar, L50, M, shiny|100/100\n|-ability|p1b: Incineroar|Intimidate|boost\n|-unboost|p2a: Crabominable|atk|1\n|-unboost|p2b: Incineroar|atk|1\n|turn|5\n|\n|t:|1776069323\n|move|p1b: Incineroar|Fake Out|p2a: Crabominable\n|-damage|p2a: Crabominable|95/100\n|cant|p2a: Crabominable|flinch\n|move|p2b: Incineroar|Darkest Lariat|p1a: Starmie\n|-supereffective|p1a: Starmie|1\n|-damage|p1a: Starmie|0 fnt\n|faint|p1a: Starmie\n|\n|-weather|Snowscape|[upkeep]\n|-fieldend|move: Trick Room\n|upkeep\n|turn|6\n|-message|sekedy forfeited.\n|\n|win|Shifty38\n|raw|sekedy's rating: 1168 &rarr; <strong>1138</strong><br />(-30 for losing)\n|raw|Shifty38's rating: 1097 &rarr; <strong>1128</strong><br />(+31 for winning)\n|l|\u2606sekedy\n|player|p1|\n",
  "uploadtime": 1776069346,
  "views": 21,
  "formatid": "gen9championsvgc2026regma",
  "rating": 1128,
  "private": 0,
  "password": null
}