{
  "id": "gen9championsvgc2026regma-2580770591",
  "format": "[Gen 9 Champions] VGC 2026 Reg M-A",
  "players": [
    "lolurmomfat",
    "miguelon611"
  ],
  "log": "|j|\u2606lolurmomfat\n|j|\u2606miguelon611\n|t:|1775931097\n|gametype|doubles\n|player|p1|lolurmomfat|170|1140\n|player|p2|miguelon611|1|1158\n|gen|9\n|tier|[Gen 9 Champions] VGC 2026 Reg M-A\n|rated|\n|rule|Species Clause: Limit one of each Pok\u00e9mon\n|rule|Item Clause: Limit 1 of each item\n|clearpoke\n|poke|p1|Gengar, L50, F|\n|poke|p1|Politoed, L50, M|\n|poke|p1|Archaludon, L50, F|\n|poke|p1|Sneasler, L50, M|\n|poke|p1|Incineroar, L50, M|\n|poke|p1|Ditto, L50|\n|poke|p2|Hatterene, L50, F|\n|poke|p2|Kangaskhan, L50, F|\n|poke|p2|Crabominable, L50, M|\n|poke|p2|Torkoal, L50, M|\n|poke|p2|Farigiraf, L50, M|\n|poke|p2|Kingambit, L50, M|\n|teampreview|4\n|\n|t:|1775931128\n|teamsize|p1|4\n|teamsize|p2|4\n|start\n|switch|p1a: Politoed|Politoed, L50, M|100/100\n|switch|p1b: Sneasler|Sneasler, L50, M|100/100\n|switch|p2a: Kangaskhan|Kangaskhan, L50, F|100/100\n|switch|p2b: Farigiraf|Farigiraf, L50, M|100/100\n|-weather|RainDance|[from] ability: Drizzle|[of] p1a: Politoed\n|turn|1\n|\n|t:|1775931140\n|move|p2a: Kangaskhan|Fake Out|p1a: Politoed\n|-damage|p1a: Politoed|82/100\n|move|p1b: Sneasler|Close Combat|p2b: Farigiraf\n|-damage|p2b: Farigiraf|49/100\n|-unboost|p1b: Sneasler|def|1\n|-unboost|p1b: Sneasler|spd|1\n|-enditem|p1b: Sneasler|White Herb\n|-clearnegativeboost|p1b: Sneasler|[silent]\n|cant|p1a: Politoed|flinch\n|move|p2b: Farigiraf|Trick Room|p2b: Farigiraf\n|-fieldstart|move: Trick Room|[of] p2b: Farigiraf\n|\n|-weather|RainDance|[upkeep]\n|-heal|p1a: Politoed|88/100|[from] item: Leftovers\n|upkeep\n|turn|2\n|\n|t:|1775931177\n|switch|p1b: Incineroar|Incineroar, L50, M|100/100\n|-ability|p1b: Incineroar|Intimidate|boost\n|-fail|p2a: Kangaskhan|unboost|Attack|[from] ability: Scrappy|[of] p2a: Kangaskhan\n|-unboost|p2b: Farigiraf|atk|1\n|detailschange|p2a: Kangaskhan|Kangaskhan-Mega, L50, F\n|-mega|p2a: Kangaskhan|Kangaskhan|Kangaskhanite\n|move|p2b: Farigiraf|Helping Hand|p2a: Kangaskhan\n|-singleturn|p2a: Kangaskhan|Helping Hand|[of] p2b: Farigiraf\n|move|p1a: Politoed|Perish Song|p1a: Politoed\n|-start|p1a: Politoed|perish3|[silent]\n|-start|p1b: Incineroar|perish3|[silent]\n|-start|p2a: Kangaskhan|perish3|[silent]\n|-start|p2b: Farigiraf|perish3|[silent]\n|-fieldactivate|move: Perish Song\n|move|p2a: Kangaskhan|Double-Edge|p1a: Politoed\n|-damage|p1a: Politoed|0 fnt\n|faint|p1a: Politoed\n|-hitcount|p1: Politoed|1\n|-damage|p2a: Kangaskhan|74/100|[from] Recoil\n|\n|-weather|RainDance|[upkeep]\n|-start|p2b: Farigiraf|perish3\n|-start|p1b: Incineroar|perish3\n|-start|p2a: Kangaskhan|perish3\n|upkeep\n|\n|t:|1775931192\n|switch|p1a: Sneasler|Sneasler, L50, M|100/100\n|turn|3\n|\n|t:|1775931202\n|switch|p1b: Ditto|Ditto, L50|100/100\n|-transform|p1b: Ditto|p2a: Kangaskhan|[from] ability: Imposter\n|move|p1a: Sneasler|Protect|p1a: Sneasler\n|-singleturn|p1a: Sneasler|Protect\n|move|p2b: Farigiraf|Ally Switch|p2b: Farigiraf\n|swap|p2b: Farigiraf|0|[from] move: Ally Switch\n|move|p2b: Kangaskhan|Hammer Arm|p1b: Ditto\n|-supereffective|p1b: Ditto|1\n|-damage|p1b: Ditto|24/100\n|-unboost|p2b: Kangaskhan|spe|1\n|-supereffective|p1b: Ditto|1\n|-damage|p1b: Ditto|4/100\n|-unboost|p2b: Kangaskhan|spe|1\n|-hitcount|p1b: Ditto|2\n|\n|-weather|RainDance|[upkeep]\n|-start|p2b: Kangaskhan|perish2\n|-start|p2a: Farigiraf|perish2\n|upkeep\n|turn|4\n|\n|t:|1775931239\n|switch|p1a: Incineroar|Incineroar, L50, M|100/100\n|-ability|p1a: Incineroar|Intimidate|boost\n|-unboost|p2a: Farigiraf|atk|1\n|-unboost|p2b: Kangaskhan|atk|1\n|move|p2b: Kangaskhan|Double-Edge|p1a: Incineroar\n|-damage|p1a: Incineroar|59/100\n|-damage|p1a: Incineroar|50/100\n|-enditem|p1a: Incineroar|Sitrus Berry|[eat]\n|-heal|p1a: Incineroar|75/100|[from] item: Sitrus Berry\n|-hitcount|p1a: Incineroar|2\n|-damage|p2b: Kangaskhan|57/100|[from] Recoil\n|move|p2a: Farigiraf|Foul Play|p1b: Ditto\n|-damage|p1b: Ditto|0 fnt\n|faint|p1b: Ditto\n|\n|-weather|RainDance|[upkeep]\n|-start|p2b: Kangaskhan|perish1\n|-start|p2a: Farigiraf|perish1\n|upkeep\n|\n|t:|1775931252\n|switch|p1b: Sneasler|Sneasler, L50, M|100/100\n|turn|5\n|\n|t:|1775931266\n|move|p2a: Farigiraf|Helping Hand|p2b: Kangaskhan\n|-singleturn|p2b: Kangaskhan|Helping Hand|[of] p2a: Farigiraf\n|move|p1b: Sneasler|Protect|p1b: Sneasler\n|-singleturn|p1b: Sneasler|Protect\n|move|p2b: Kangaskhan|Hammer Arm|p1a: Incineroar\n|-supereffective|p1a: Incineroar|1\n|-damage|p1a: Incineroar|9/100\n|-unboost|p2b: Kangaskhan|spe|1\n|-supereffective|p1a: Incineroar|1\n|-damage|p1a: Incineroar|0 fnt\n|-unboost|p2b: Kangaskhan|spe|1\n|faint|p1a: Incineroar\n|-hitcount|p1: Incineroar|2\n|\n|-weather|none\n|-start|p2b: Kangaskhan|perish0\n|-start|p2a: Farigiraf|perish0\n|-fieldend|move: Trick Room\n|faint|p2b: Kangaskhan\n|faint|p2a: Farigiraf\n|upkeep\n|\n|t:|1775931282\n|switch|p2b: Crabominable|Crabominable, L50, M|100/100\n|switch|p2a: Torkoal|Torkoal, L50, M|100/100\n|-weather|SunnyDay|[from] ability: Drought|[of] p2a: Torkoal\n|turn|6\n|\n|t:|1775931323\n|move|p1b: Sneasler|Close Combat|p2b: Crabominable\n|-supereffective|p2b: Crabominable|1\n|-damage|p2b: Crabominable|0 fnt\n|-unboost|p1b: Sneasler|def|1\n|-unboost|p1b: Sneasler|spd|1\n|faint|p2b: Crabominable\n|move|p2a: Torkoal|Weather Ball|p1b: Sneasler\n|-damage|p1b: Sneasler|0 fnt\n|faint|p1b: Sneasler\n|\n|win|miguelon611\n|raw|lolurmomfat's rating: 1140 &rarr; <strong>1116</strong><br />(-24 for losing)\n|raw|miguelon611's rating: 1158 &rarr; <strong>1182</strong><br />(+24 for winning)\n|l|\u2606lolurmomfat\n|player|p1|\n",
  "uploadtime": 1775931339,
  "views": 18,
  "formatid": "gen9championsvgc2026regma",
  "rating": 1116,
  "private": 0,
  "password": null
}