{
  "id": "gen9championsvgc2026regma-2585823248",
  "format": "[Gen 9 Champions] VGC 2026 Reg M-A",
  "players": [
    "2sweep4u",
    "Merinotrallamon"
  ],
  "log": "|j|\u26062sweep4u\n|j|\u2606Merinotrallamon\n|t:|1776373285\n|gametype|doubles\n|player|p1|2sweep4u|unknownf|1155\n|player|p2|Merinotrallamon|102|1202\n|gen|9\n|tier|[Gen 9 Champions] VGC 2026 Reg M-A\n|rated|\n|rule|Species Clause: Limit one of each Pok\u00e9mon\n|rule|Item Clause: Limit 1 of each item\n|clearpoke\n|poke|p1|Incineroar, L50, F|\n|poke|p1|Milotic, L50, M|\n|poke|p1|Aerodactyl, L50, F|\n|poke|p1|Tyranitar, L50, M|\n|poke|p1|Excadrill, L50, M|\n|poke|p1|Sinistcha-Masterpiece, L50|\n|poke|p2|Aggron, L50, M|\n|poke|p2|Tyranitar, L50, M|\n|poke|p2|Incineroar, L50, M|\n|poke|p2|Sinistcha, L50|\n|poke|p2|Sneasler, L50, M|\n|poke|p2|Farigiraf, L50, F|\n|teampreview|4\n|inactive|Battle timer is ON: inactive players will automatically lose when time's up. (requested by Merinotrallamon)\n|inactive|2sweep4u has 60 seconds left.\nMerinotrallamon has agreed to open team sheets.\n2sweep4u has agreed to open team sheets.\n|showteam|p1|Incineroar||ShucaBerry|Intimidate|FakeOut,FlareBlitz,PartingShot,ThroatChop|||F|||50|]Milotic||Leftovers|Competitive|IcyWind,Scald,Protect,LifeDew|||M|||50|]Aerodactyl||PasshoBerry|Unnerve|Protect,Tailwind,DualWingbeat,RockSlide|||F|||50|]Tyranitar||Tyranitarite|SandStream|LowKick,Protect,RockSlide,KnockOff|||M|||50|]Excadrill||FocusSash|SandRush|Protect,StompingTantrum,RockSlide,IronHead|||M|||50|]Sinistcha-Masterpiece||SitrusBerry|Hospitality|RagePowder,Protect,MatchaGotcha,StrengthSap||||||50|\n|showteam|p2|Aggron||Aggronite|Sturdy|Protect,HeavySlam,IronDefense,BodyPress|||M|||50|]Tyranitar||ChopleBerry|SandStream|Protect,IcePunch,KnockOff,RockSlide|||M|||50|]Incineroar||SitrusBerry|Intimidate|FakeOut,PartingShot,FlareBlitz,Protect|||M|||50|]Sinistcha||Leftovers|Hospitality|Protect,TrickRoom,MatchaGotcha,RagePowder||||||50|]Sneasler||WhiteHerb|Unburden|FakeOut,DireClaw,CloseCombat,Protect|||M|||50|]Farigiraf||LumBerry|ArmorTail|Protect,Psychic,TrickRoom,HyperVoice|||F|||50|\n|inactive|2sweep4u has 30 seconds left.\n|inactive|2sweep4u has 20 seconds left.\n|inactive|2sweep4u has 15 seconds left.\n|\n|t:|1776373367\n|teamsize|p1|4\n|teamsize|p2|4\n|start\n|switch|p1a: Milotic|Milotic, L50, M|100/100\n|switch|p1b: Incineroar|Incineroar, L50, F|100/100\n|switch|p2a: Farigiraf|Farigiraf, L50, F|100/100\n|switch|p2b: Aggron|Aggron, L50, M|100/100\n|-ability|p1b: Incineroar|Intimidate|boost\n|-unboost|p2a: Farigiraf|atk|1\n|-unboost|p2b: Aggron|atk|1\n|turn|1\n|inactive|Merinotrallamon has 30 seconds left.\n|\n|t:|1776373393\n|detailschange|p2b: Aggron|Aggron-Mega, L50, M\n|-mega|p2b: Aggron|Aggron|Aggronite\n|move|p1a: Milotic|Scald|p2b: Aggron\n|-damage|p2b: Aggron|72/100\n|-status|p2b: Aggron|brn\n|move|p1b: Incineroar|Throat Chop|p2a: Farigiraf\n|-supereffective|p2a: Farigiraf|1\n|-damage|p2a: Farigiraf|44/100\n|-start|p2a: Farigiraf|Throat Chop|[silent]\n|move|p2b: Aggron|Iron Defense|p2b: Aggron\n|-boost|p2b: Aggron|def|2\n|move|p2a: Farigiraf|Trick Room|p2a: Farigiraf\n|-fieldstart|move: Trick Room|[of] p2a: Farigiraf\n|\n|-damage|p2b: Aggron|65/100 brn|[from] brn\n|upkeep\n|turn|2\n|inactive|2sweep4u has 30 seconds left.\n|inactive|2sweep4u has 20 seconds left.\n|inactive|2sweep4u has 15 seconds left.\n|\n|t:|1776373435\n|switch|p2a: Sinistcha|Sinistcha, L50|100/100\n|-heal|p2b: Aggron|90/100 brn|[from] ability: Hospitality|[of] p2a: Sinistcha\n|move|p2b: Aggron|Iron Defense|p2b: Aggron\n|-boost|p2b: Aggron|def|2\n|move|p1b: Incineroar|Throat Chop|p2a: Sinistcha\n|-supereffective|p2a: Sinistcha|1\n|-damage|p2a: Sinistcha|45/100\n|-start|p2a: Sinistcha|Throat Chop|[silent]\n|move|p1a: Milotic|Scald|p2b: Aggron\n|-damage|p2b: Aggron|63/100 brn\n|\n|-heal|p2a: Sinistcha|52/100|[from] item: Leftovers\n|-damage|p2b: Aggron|57/100 brn|[from] brn\n|upkeep\n|turn|3\n|\n|t:|1776373455\n|move|p2b: Aggron|Body Press|p1a: Milotic\n|-damage|p1a: Milotic|45/100\n|move|p1b: Incineroar|Flare Blitz|p2b: Aggron\n|-supereffective|p2b: Aggron|1\n|-damage|p2b: Aggron|45/100 brn\n|-damage|p1b: Incineroar|97/100|[from] Recoil\n|move|p2a: Sinistcha|Matcha Gotcha|p1b: Incineroar|[spread] p1a,p1b\n|-supereffective|p1a: Milotic|1\n|-resisted|p1b: Incineroar|1\n|-damage|p1a: Milotic|11/100\n|-heal|p2a: Sinistcha|71/100|[from] drain|[of] p1a: Milotic\n|-damage|p1b: Incineroar|88/100\n|-heal|p2a: Sinistcha|76/100|[from] drain|[of] p1b: Incineroar\n|move|p1a: Milotic|Scald|p2b: Aggron\n|-damage|p2b: Aggron|14/100 brn\n|\n|-heal|p2a: Sinistcha|83/100|[from] item: Leftovers\n|-heal|p1a: Milotic|17/100|[from] item: Leftovers\n|-damage|p2b: Aggron|8/100 brn|[from] brn\n|-end|p2a: Sinistcha|Throat Chop|[silent]\n|upkeep\n|turn|4\n|\n|t:|1776373476\n|move|p1a: Milotic|Protect|p1a: Milotic\n|-singleturn|p1a: Milotic|Protect\n|move|p2a: Sinistcha|Rage Powder|p2a: Sinistcha\n|-singleturn|p2a: Sinistcha|move: Rage Powder\n|move|p2b: Aggron|Body Press|p1b: Incineroar\n|-supereffective|p1b: Incineroar|1\n|-damage|p1b: Incineroar|0 fnt\n|faint|p1b: Incineroar\n|\n|-heal|p2a: Sinistcha|89/100|[from] item: Leftovers\n|-heal|p1a: Milotic|23/100|[from] item: Leftovers\n|-damage|p2b: Aggron|2/100 brn|[from] brn\n|upkeep\n|\n|t:|1776373483\n|switch|p1b: Sinistcha|Sinistcha-Masterpiece, L50|100/100\n|-heal|p1a: Milotic|48/100|[from] ability: Hospitality|[of] p1b: Sinistcha\n|turn|5\n|\n|t:|1776373498\n|move|p1b: Sinistcha|Rage Powder|p1b: Sinistcha\n|-singleturn|p1b: Sinistcha|move: Rage Powder\n|move|p2b: Aggron|Body Press|p1b: Sinistcha\n|-immune|p1b: Sinistcha\n|move|p2a: Sinistcha|Matcha Gotcha|p1b: Sinistcha|[spread] p1a,p1b\n|-supereffective|p1a: Milotic|1\n|-resisted|p1b: Sinistcha|1\n|-damage|p1a: Milotic|15/100\n|-heal|p2a: Sinistcha|100/100|[from] drain|[of] p1a: Milotic\n|-damage|p1b: Sinistcha|86/100\n|-status|p1b: Sinistcha|brn\n|move|p1a: Milotic|Life Dew|p1a: Milotic|[spread] p1a,p1b\n|-heal|p1a: Milotic|41/100\n|-heal|p1b: Sinistcha|100/100 brn\n|\n|-heal|p1a: Milotic|47/100|[from] item: Leftovers\n|-damage|p2b: Aggron|0 fnt|[from] brn\n|faint|p2b: Aggron\n|-damage|p1b: Sinistcha|95/100 brn|[from] brn\n|-fieldend|move: Trick Room\n|upkeep\n|\n|t:|1776373523\n|switch|p2b: Sneasler|Sneasler, L50, M|100/100\n|turn|6\n|\n|t:|1776373543\n|move|p1a: Milotic|Protect|p1a: Milotic\n|-singleturn|p1a: Milotic|Protect\n|move|p2b: Sneasler|Fake Out|p1a: Milotic\n|-activate|p1a: Milotic|move: Protect\n|move|p1b: Sinistcha|Strength Sap|p2b: Sneasler\n|-unboost|p2b: Sneasler|atk|1\n|-heal|p1b: Sinistcha|100/100 brn\n|-enditem|p2b: Sneasler|White Herb\n|-clearnegativeboost|p2b: Sneasler|[silent]\n|move|p2a: Sinistcha|Matcha Gotcha|p1a: Milotic|[spread] p1b\n|-activate|p1a: Milotic|move: Protect\n|-resisted|p1b: Sinistcha|1\n|-damage|p1b: Sinistcha|88/100 brn\n|\n|-heal|p1a: Milotic|52/100|[from] item: Leftovers\n|-damage|p1b: Sinistcha|82/100 brn|[from] brn\n|upkeep\n|turn|7\n|inactive|2sweep4u has 30 seconds left.\n|inactive|Merinotrallamon has 30 seconds left.\n|\n|t:|1776373575\n|move|p1b: Sinistcha|Rage Powder|p1b: Sinistcha\n|-singleturn|p1b: Sinistcha|move: Rage Powder\n|move|p2b: Sneasler|Dire Claw|p1b: Sinistcha\n|-damage|p1b: Sinistcha|46/100 brn\n|-enditem|p1b: Sinistcha|Sitrus Berry|[eat]\n|-heal|p1b: Sinistcha|71/100 brn|[from] item: Sitrus Berry\n|move|p1a: Milotic|Icy Wind|p2b: Sneasler|[spread] p2a,p2b\n|-supereffective|p2a: Sinistcha|1\n|-damage|p2a: Sinistcha|81/100\n|-damage|p2b: Sneasler|85/100\n|-unboost|p2a: Sinistcha|spe|1\n|-unboost|p2b: Sneasler|spe|1\n|move|p2a: Sinistcha|Matcha Gotcha|p1b: Sinistcha|[spread] p1a,p1b\n|-supereffective|p1a: Milotic|1\n|-resisted|p1b: Sinistcha|1\n|-damage|p1a: Milotic|22/100\n|-heal|p2a: Sinistcha|99/100|[from] drain|[of] p1a: Milotic\n|-damage|p1b: Sinistcha|57/100 brn\n|-heal|p2a: Sinistcha|100/100|[from] drain|[of] p1b: Sinistcha\n|\n|-heal|p1a: Milotic|28/100|[from] item: Leftovers\n|-damage|p1b: Sinistcha|52/100 brn|[from] brn\n|upkeep\n|turn|8\n|inactive|Merinotrallamon has 30 seconds left.\n|\n|t:|1776373608\n|switch|p2b: Farigiraf|Farigiraf, L50, F|44/100\n|move|p1a: Milotic|Protect|p1a: Milotic\n|-singleturn|p1a: Milotic|Protect\n|move|p1b: Sinistcha|Strength Sap|p2b: Farigiraf\n|-unboost|p2b: Farigiraf|atk|1\n|-heal|p1b: Sinistcha|100/100 brn\n|move|p2a: Sinistcha|Matcha Gotcha|p1a: Milotic|[spread] p1b\n|-activate|p1a: Milotic|move: Protect\n|-resisted|p1b: Sinistcha|1\n|-damage|p1b: Sinistcha|87/100 brn\n|\n|-heal|p1a: Milotic|34/100|[from] item: Leftovers\n|-damage|p1b: Sinistcha|81/100 brn|[from] brn\n|upkeep\n|turn|9\n|inactive|2sweep4u has 30 seconds left.\n|inactive|Merinotrallamon has 30 seconds left.\n|inactive|2sweep4u has 20 seconds left.\n|inactive|2sweep4u has 15 seconds left.\n|\n|t:|1776373651\n|move|p1a: Milotic|Scald|p2b: Farigiraf\n|-damage|p2b: Farigiraf|12/100\n|move|p1b: Sinistcha|Matcha Gotcha|p2a: Sinistcha|[spread] p2a\n|-miss|p1b: Sinistcha|p2b: Farigiraf\n|-resisted|p2a: Sinistcha|1\n|-damage|p2a: Sinistcha|90/100\n|-heal|p1b: Sinistcha|87/100 brn|[from] drain|[of] p2a: Sinistcha\n|move|p2b: Farigiraf|Psychic|p1a: Milotic\n|-damage|p1a: Milotic|10/100\n|move|p2a: Sinistcha|Matcha Gotcha|p1a: Milotic|[spread] p1a,p1b\n|-supereffective|p1a: Milotic|1\n|-resisted|p1b: Sinistcha|1\n|-damage|p1a: Milotic|0 fnt\n|-heal|p2a: Sinistcha|96/100|[from] drain|[of] p1a: Milotic\n|-damage|p1b: Sinistcha|73/100 brn\n|-heal|p2a: Sinistcha|100/100|[from] drain|[of] p1b: Sinistcha\n|faint|p1a: Milotic\n|\n|-damage|p1b: Sinistcha|67/100 brn|[from] brn\n|upkeep\n|\n|t:|1776373660\n|switch|p1a: Excadrill|Excadrill, L50, M|100/100\n|turn|10\n|inactive|Merinotrallamon has 30 seconds left.\n|\n|t:|1776373688\n|move|p2a: Sinistcha|Protect|p2a: Sinistcha\n|-singleturn|p2a: Sinistcha|Protect\n|move|p1a: Excadrill|Rock Slide|p2b: Farigiraf|[spread] p2b\n|-activate|p2a: Sinistcha|move: Protect\n|-damage|p2b: Farigiraf|0 fnt\n|faint|p2b: Farigiraf\n|move|p1b: Sinistcha|Matcha Gotcha|p2a: Sinistcha\n|-activate|p2a: Sinistcha|move: Protect\n|\n|-damage|p1b: Sinistcha|61/100 brn|[from] brn\n|upkeep\n|\n|t:|1776373695\n|switch|p2b: Sneasler|Sneasler, L50, M|85/100\n|turn|11\n|\n|t:|1776373708\n|move|p1b: Sinistcha|Rage Powder|p1b: Sinistcha\n|-singleturn|p1b: Sinistcha|move: Rage Powder\n|move|p2b: Sneasler|Close Combat|p1b: Sinistcha\n|-immune|p1b: Sinistcha\n|move|p1a: Excadrill|Stomping Tantrum|p2b: Sneasler\n|-supereffective|p2b: Sneasler|1\n|-crit|p2b: Sneasler\n|-damage|p2b: Sneasler|0 fnt\n|faint|p2b: Sneasler\n|move|p2a: Sinistcha|Matcha Gotcha|p1a: Excadrill|[spread] p1a,p1b\n|-resisted|p1b: Sinistcha|1\n|-damage|p1a: Excadrill|68/100\n|-damage|p1b: Sinistcha|47/100 brn\n|\n|-damage|p1b: Sinistcha|41/100 brn|[from] brn\n|upkeep\n|turn|12\n|-message|Merinotrallamon forfeited.\n|\n|win|2sweep4u\n|raw|2sweep4u's rating: 1155 &rarr; <strong>1183</strong><br />(+28 for winning)\n|raw|Merinotrallamon's rating: 1202 &rarr; <strong>1174</strong><br />(-28 for losing)\n",
  "uploadtime": 1776373723,
  "views": 17,
  "formatid": "gen9championsvgc2026regma",
  "rating": 1174,
  "private": 0,
  "password": null
}