{
  "id": "gen9championsvgc2026regma-2582875710",
  "format": "[Gen 9 Champions] VGC 2026 Reg M-A",
  "players": [
    "wester7",
    "nsbnsb"
  ],
  "log": "|j|\u2606wester7\n|j|\u2606nsbnsb\n|t:|1776121167\n|gametype|doubles\n|player|p1|wester7|1|1313\n|player|p2|nsbnsb|ghetsis|1370\n|gen|9\n|tier|[Gen 9 Champions] VGC 2026 Reg M-A\n|rated|\n|rule|Species Clause: Limit one of each Pok\u00e9mon\n|rule|Item Clause: Limit 1 of each item\n|clearpoke\n|poke|p1|Gengar, L50, F|\n|poke|p1|Sylveon, L50, F|\n|poke|p1|Samurott-Hisui, L50, F|\n|poke|p1|Dragonite, L50, F|\n|poke|p1|Maushold, L50|\n|poke|p1|Incineroar, L50, M|\n|poke|p2|Crabominable, L50, M|\n|poke|p2|Farigiraf, L50, M|\n|poke|p2|Kingambit, L50, M|\n|poke|p2|Sinistcha, L50|\n|poke|p2|Camerupt, L50, M|\n|poke|p2|Incineroar, L50, M|\n|teampreview|4\n|inactive|Battle timer is ON: inactive players will automatically lose when time's up. (requested by nsbnsb)\n|inactive|wester7 has 60 seconds left.\n|inactive|wester7 has 30 seconds left.\n|inactive|wester7 has 20 seconds left.\n|inactive|wester7 has 15 seconds left.\n|inactive|wester7 has 10 seconds left.\n|inactive|wester7 has 5 seconds left.\n|\n|t:|1776121257\n|teamsize|p1|4\n|teamsize|p2|4\n|start\n|switch|p1a: Gengar|Gengar, L50, F|100/100\n|switch|p1b: Dragonite|Dragonite, L50, F|100/100\n|switch|p2a: Farigiraf|Farigiraf, L50, M|100/100\n|switch|p2b: Incineroar|Incineroar, L50, M|100/100\n|-ability|p2b: Incineroar|Intimidate|boost\n|-unboost|p1a: Gengar|atk|1\n|-fail|p1b: Dragonite|unboost|Attack|[from] ability: Inner Focus|[of] p1b: Dragonite\n|turn|1\n|\n|t:|1776121277\n|detailschange|p1a: Gengar|Gengar-Mega, L50, F\n|-mega|p1a: Gengar|Gengar|Gengarite\n|move|p2b: Incineroar|Fake Out|p1b: Dragonite\n|-damage|p1b: Dragonite|89/100\n|move|p1a: Gengar|Sludge Bomb|p2a: Farigiraf\n|-damage|p2a: Farigiraf|48/100\n|-status|p2a: Farigiraf|psn\n|move|p1b: Dragonite|Dragon Claw|p2a: Farigiraf\n|-damage|p2a: Farigiraf|3/100 psn\n|move|p2a: Farigiraf|Trick Room|p2a: Farigiraf\n|-fieldstart|move: Trick Room|[of] p2a: Farigiraf\n|\n|-damage|p2a: Farigiraf|0 fnt|[from] psn\n|faint|p2a: Farigiraf\n|upkeep\n|\n|t:|1776121297\n|switch|p2a: Crabominable|Crabominable, L50, M|100/100\n|turn|2\n|\n|t:|1776121314\n|switch|p1b: Incineroar|Incineroar, L50, M|100/100\n|-ability|p1b: Incineroar|Intimidate|boost\n|-fail|p2a: Crabominable|unboost|Attack|[from] ability: Hyper Cutter|[of] p2a: Crabominable\n|-unboost|p2b: Incineroar|atk|1\n|detailschange|p2a: Crabominable|Crabominable-Mega, L50, M\n|-mega|p2a: Crabominable|Crabominable|Crabominite\n|move|p1a: Gengar|Protect|p1a: Gengar\n|-singleturn|p1a: Gengar|Protect\n|move|p2a: Crabominable|Drain Punch|p1b: Incineroar\n|-supereffective|p1b: Incineroar|1\n|-enditem|p1b: Incineroar|Chople Berry|[eat]\n|-enditem|p1b: Incineroar|Chople Berry|[weaken]\n|-damage|p1b: Incineroar|51/100\n|move|p2b: Incineroar|Darkest Lariat|p1a: Gengar\n|-activate|p1a: Gengar|move: Protect\n|\n|upkeep\n|turn|3\n|\n|t:|1776121337\n|switch|p1b: Dragonite|Dragonite, L50, F|89/100\n|switch|p1a: Sylveon|Sylveon, L50, F|100/100\n|move|p2a: Crabominable|Protect|p2a: Crabominable\n|-singleturn|p2a: Crabominable|Protect\n|move|p2b: Incineroar|Parting Shot|p1a: Sylveon\n|-unboost|p1a: Sylveon|atk|1\n|-unboost|p1a: Sylveon|spa|1\n|\n|t:|1776121340\n|switch|p2b: Kingambit|Kingambit, L50, M, shiny|100/100|[from] Parting Shot\n|\n|upkeep\n|turn|4\n|inactive|wester7 has 30 seconds left.\n|\n|t:|1776121368\n|move|p1a: Sylveon|Protect|p1a: Sylveon\n|-singleturn|p1a: Sylveon|Protect\n|move|p1b: Dragonite|Protect|p1b: Dragonite\n|-singleturn|p1b: Dragonite|Protect\n|move|p2a: Crabominable|Ice Hammer|p1b: Dragonite\n|-activate|p1b: Dragonite|move: Protect\n|move|p2b: Kingambit|Iron Head|p1a: Sylveon\n|-activate|p1a: Sylveon|move: Protect\n|\n|upkeep\n|turn|5\n|\n|t:|1776121382\n|switch|p1b: Gengar|Gengar-Mega, L50, F|100/100\n|move|p2a: Crabominable|Ice Hammer|p1a: Sylveon\n|-damage|p1a: Sylveon|17/100\n|-unboost|p2a: Crabominable|spe|1\n|move|p2b: Kingambit|Kowtow Cleave|p1b: Gengar\n|-supereffective|p1b: Gengar|1\n|-damage|p1b: Gengar|0 fnt\n|faint|p1b: Gengar\n|move|p1a: Sylveon|Hyper Voice|p2a: Crabominable|[spread] p2a,p2b\n|-supereffective|p2a: Crabominable|1\n|-damage|p2a: Crabominable|59/100\n|-damage|p2b: Kingambit|78/100\n|\n|-heal|p1a: Sylveon|23/100|[from] item: Leftovers\n|-fieldend|move: Trick Room\n|upkeep\n|\n|t:|1776121397\n|switch|p1b: Dragonite|Dragonite, L50, F|89/100\n|turn|6\n|\n|t:|1776121418\n|move|p2b: Kingambit|Sucker Punch||[still]\n|-fail|p2b: Kingambit\n|move|p1b: Dragonite|Low Kick|p2b: Kingambit\n|-supereffective|p2b: Kingambit|2\n|-damage|p2b: Kingambit|0 fnt\n|faint|p2b: Kingambit\n|move|p1a: Sylveon|Yawn|p2a: Crabominable\n|-start|p2a: Crabominable|move: Yawn|[of] p1a: Sylveon\n|move|p2a: Crabominable|Ice Hammer|p1b: Dragonite\n|-supereffective|p1b: Dragonite|2\n|-damage|p1b: Dragonite|0 fnt\n|-unboost|p2a: Crabominable|spe|1\n|faint|p1b: Dragonite\n|\n|-heal|p1a: Sylveon|29/100|[from] item: Leftovers\n|upkeep\n|\n|t:|1776121427\n|switch|p1b: Incineroar|Incineroar, L50, M|51/100\n|switch|p2b: Incineroar|Incineroar, L50, M|100/100\n|-ability|p1b: Incineroar|Intimidate|boost\n|-unboost|p2a: Crabominable|atk|1\n|-unboost|p2b: Incineroar|atk|1\n|-ability|p2b: Incineroar|Intimidate|boost\n|-unboost|p1a: Sylveon|atk|1\n|-unboost|p1b: Incineroar|atk|1\n|turn|7\n|inactive|wester7 has 30 seconds left.\n|\n|t:|1776121457\n|move|p2b: Incineroar|Fake Out|p1a: Sylveon\n|-damage|p1a: Sylveon|22/100\n|move|p1b: Incineroar|Flare Blitz|p2a: Crabominable\n|-supereffective|p2a: Crabominable|1\n|-damage|p2a: Crabominable|8/100\n|-damage|p1b: Incineroar|35/100|[from] Recoil\n|cant|p1a: Sylveon|flinch\n|move|p2a: Crabominable|Drain Punch|p1b: Incineroar\n|-supereffective|p1b: Incineroar|1\n|-damage|p1b: Incineroar|0 fnt\n|-heal|p2a: Crabominable|25/100|[from] drain|[of] p1b: Incineroar\n|faint|p1b: Incineroar\n|\n|-heal|p1a: Sylveon|28/100|[from] item: Leftovers\n|-end|p2a: Crabominable|move: Yawn|[silent]\n|-status|p2a: Crabominable|slp\n|upkeep\n|turn|8\n|\n|t:|1776121469\n|cant|p2a: Crabominable|slp\n|move|p1a: Sylveon|Hyper Voice|p2a: Crabominable|[spread] p2a,p2b\n|-supereffective|p2a: Crabominable|1\n|-damage|p2a: Crabominable|0 fnt\n|-damage|p2b: Incineroar|81/100\n|faint|p2a: Crabominable\n|move|p2b: Incineroar|Flare Blitz|p1a: Sylveon\n|-damage|p1a: Sylveon|0 fnt\n|faint|p1a: Sylveon\n|-damage|p2b: Incineroar|72/100|[from] Recoil\n|\n|win|nsbnsb\n|raw|wester7's rating: 1313 &rarr; <strong>1297</strong><br />(-16 for losing)\n|raw|nsbnsb's rating: 1386 &rarr; <strong>1402</strong><br />(+16 for winning)\n|l|\u2606nsbnsb\n|player|p2|\n|l|\u2606wester7\n|player|p1|\n",
  "uploadtime": 1776121676,
  "views": 24,
  "formatid": "gen9championsvgc2026regma",
  "rating": 1297,
  "private": 0,
  "password": null
}