{
  "id": "gen9championsvgc2026regma-2583251942",
  "format": "[Gen 9 Champions] VGC 2026 Reg M-A",
  "players": [
    "mimizuzu",
    "qingyunyunyun"
  ],
  "log": "|j|\u2606mimizuzu\n|j|\u2606qingyunyunyun\n|t:|1776159686\n|gametype|doubles\n|player|p1|mimizuzu|265|1484\n|player|p2|qingyunyunyun|265|1453\n|gen|9\n|tier|[Gen 9 Champions] VGC 2026 Reg M-A\n|rated|\n|rule|Species Clause: Limit one of each Pok\u00e9mon\n|rule|Item Clause: Limit 1 of each item\n|clearpoke\n|poke|p1|Pelipper, L50, F|\n|poke|p1|Starmie, L50|\n|poke|p1|Gengar, L50, F|\n|poke|p1|Ceruledge, L50, M|\n|poke|p1|Sneasler, L50, F|\n|poke|p1|Kingambit, L50, F|\n|poke|p2|Whimsicott, L50, M|\n|poke|p2|Floette-Eternal, L50, F|\n|poke|p2|Sinistcha-Masterpiece, L50|\n|poke|p2|Maushold-Four, L50|\n|poke|p2|Basculegion, L50, M|\n|poke|p2|Sneasler, L50, F|\n|teampreview|4\n|inactive|Battle timer is ON: inactive players will automatically lose when time's up. (requested by qingyunyunyun)\n|inactive|mimizuzu also wants the timer to be on.\n|j| ansdasd\n|inactive|mimizuzu has 60 seconds left.\n|inactive|qingyunyunyun has 60 seconds left.\n|\n|t:|1776159738\n|teamsize|p1|4\n|teamsize|p2|4\n|start\n|switch|p1a: Gengar|Gengar, L50, F|100/100\n|switch|p1b: Sneasler|Sneasler, L50, F|100/100\n|switch|p2a: Floette|Floette-Eternal, L50, F|100/100\n|switch|p2b: Maushold|Maushold-Four, L50|100/100\n|turn|1\n|inactive|mimizuzu has 30 seconds left.\n|inactive|qingyunyunyun has 30 seconds left.\n|\n|t:|1776159767\n|switch|p2b: Whimsicott|Whimsicott, L50, M|100/100\n|detailschange|p1a: Gengar|Gengar-Mega, L50, F\n|-mega|p1a: Gengar|Gengar|Gengarite\n|move|p2a: Floette|Protect|p2a: Floette\n|-singleturn|p2a: Floette|Protect\n|move|p1b: Sneasler|Fake Out|p2a: Floette\n|-activate|p2a: Floette|move: Protect\n|move|p1a: Gengar|Substitute|p1a: Gengar\n|-start|p1a: Gengar|Substitute\n|-damage|p1a: Gengar|76/100\n|\n|upkeep\n|turn|2\n|j| Camila\u2764\ufe0fTurtleboy\n|\n|t:|1776159790\n|detailschange|p2a: Floette|Floette-Mega, L50, F\n|-mega|p2a: Floette|Floette|Floettite\n|-ability|p2a: Floette|Fairy Aura\n|move|p2b: Whimsicott|Encore|p1a: Gengar\n|-start|p1a: Gengar|Encore\n|move|p1a: Gengar|Substitute|p1a: Gengar\n|-fail|p1a: Gengar|move: Substitute\n|move|p1b: Sneasler|Dire Claw|p2a: Floette\n|-supereffective|p2a: Floette|1\n|-damage|p2a: Floette|31/100\n|move|p2a: Floette|Calm Mind|p2a: Floette\n|-boost|p2a: Floette|spa|1\n|-boost|p2a: Floette|spd|1\n|\n|upkeep\n|turn|3\n|inactive|mimizuzu has 30 seconds left.\n|inactive|mimizuzu has 20 seconds left.\n|inactive|mimizuzu has 15 seconds left.\n|\n|t:|1776159831\n|move|p1b: Sneasler|Protect|p1b: Sneasler\n|-singleturn|p1b: Sneasler|Protect\n|move|p2b: Whimsicott|Tailwind|p2b: Whimsicott\n|-sidestart|p2: qingyunyunyun|move: Tailwind\n|move|p2a: Floette|Draining Kiss|p1b: Sneasler\n|-activate|p1b: Sneasler|move: Protect\n|move|p1a: Gengar|Substitute|p1a: Gengar\n|-fail|p1a: Gengar|move: Substitute\n|\n|upkeep\n|turn|4\n|\n|t:|1776159846\n|switch|p1b: Ceruledge|Ceruledge, L50, M|100/100\n|move|p2b: Whimsicott|Encore||[still]\n|-fail|p2b: Whimsicott\n|move|p2a: Floette|Calm Mind|p2a: Floette\n|-boost|p2a: Floette|spa|1\n|-boost|p2a: Floette|spd|1\n|move|p1a: Gengar|Substitute|p1a: Gengar\n|-fail|p1a: Gengar|move: Substitute\n|\n|-end|p1a: Gengar|Encore\n|upkeep\n|turn|5\n|inactive|mimizuzu has 30 seconds left.\n|\n|t:|1776159881\n|move|p1a: Gengar|Protect|p1a: Gengar\n|-singleturn|p1a: Gengar|Protect\n|move|p2b: Whimsicott|Encore|p1a: Gengar\n|-activate|p1a: Gengar|move: Protect\n|move|p2a: Floette|Draining Kiss|p1b: Ceruledge\n|-resisted|p1b: Ceruledge|1\n|-damage|p1b: Ceruledge|75/100\n|-heal|p2a: Floette|50/100|[from] drain|[of] p1b: Ceruledge\n|move|p1b: Ceruledge|Bitter Blade|p2b: Whimsicott\n|-supereffective|p2b: Whimsicott|1\n|-damage|p2b: Whimsicott|24/100\n|-heal|p1b: Ceruledge|100/100|[from] drain|[of] p2b: Whimsicott\n|\n|upkeep\n|turn|6\n|inactive|mimizuzu has 30 seconds left.\n|inactive|mimizuzu has 20 seconds left.\n|inactive|mimizuzu has 15 seconds left.\n|inactive|mimizuzu has 10 seconds left.\n|l| Camila\u2764\ufe0fTurtleboy\n|\n|t:|1776159929\n|move|p2a: Floette|Protect|p2a: Floette\n|-singleturn|p2a: Floette|Protect\n|move|p2b: Whimsicott|Encore|p1a: Gengar\n|-start|p1a: Gengar|Encore\n|move|p1a: Gengar|Protect||[still]\n|-fail|p1a: Gengar\n|move|p1b: Ceruledge|Bitter Blade|p2b: Whimsicott\n|-supereffective|p2b: Whimsicott|1\n|-damage|p2b: Whimsicott|0 fnt\n|faint|p2b: Whimsicott\n|\n|-sideend|p2: qingyunyunyun|move: Tailwind\n|upkeep\n|\n|t:|1776159945\n|switch|p2b: Maushold|Maushold-Four, L50|100/100\n|turn|7\n|\n|t:|1776159951\n|move|p1a: Gengar|Protect|p1a: Gengar\n|-singleturn|p1a: Gengar|Protect\n|move|p2b: Maushold|Follow Me|p2b: Maushold\n|-singleturn|p2b: Maushold|move: Follow Me\n|move|p2a: Floette|Dazzling Gleam|p1a: Gengar|[spread] p1b\n|-activate|p1a: Gengar|move: Protect\n|-resisted|p1b: Ceruledge|1\n|-damage|p1b: Ceruledge|67/100\n|move|p1b: Ceruledge|Swords Dance|p1b: Ceruledge\n|-boost|p1b: Ceruledge|atk|2\n|\n|upkeep\n|turn|8\n|\n|t:|1776159963\n|move|p1a: Gengar|Protect|p1a: Gengar\n|-singleturn|p1a: Gengar|Protect\n|move|p2b: Maushold|Follow Me|p2b: Maushold\n|-singleturn|p2b: Maushold|move: Follow Me\n|move|p2a: Floette|Dazzling Gleam|p1a: Gengar|[spread] p1b\n|-activate|p1a: Gengar|move: Protect\n|-resisted|p1b: Ceruledge|1\n|-crit|p1b: Ceruledge\n|-damage|p1b: Ceruledge|16/100\n|move|p1b: Ceruledge|Bitter Blade|p2b: Maushold\n|-damage|p2b: Maushold|34/100\n|-heal|p1b: Ceruledge|49/100|[from] drain|[of] p2b: Maushold\n|\n|-end|p1a: Gengar|Encore\n|upkeep\n|turn|9\n|\n|t:|1776159984\n|move|p2b: Maushold|Follow Me|p2b: Maushold\n|-singleturn|p2b: Maushold|move: Follow Me\n|move|p1a: Gengar|Sludge Bomb|p2b: Maushold\n|-damage|p2b: Maushold|0 fnt\n|faint|p2b: Maushold\n|move|p2a: Floette|Dazzling Gleam|p1a: Gengar|[spread] p1a,p1b\n|-resisted|p1a: Gengar|1\n|-end|p1a: Gengar|Substitute\n|-resisted|p1b: Ceruledge|1\n|-damage|p1b: Ceruledge|21/100\n|move|p1b: Ceruledge|Bitter Blade|p2a: Floette\n|-damage|p2a: Floette|0 fnt\n|-heal|p1b: Ceruledge|46/100|[from] drain|[of] p2a: Floette\n|faint|p2a: Floette\n|\n|upkeep\n|-message|qingyunyunyun forfeited.\n|\n|win|mimizuzu\n|raw|mimizuzu's rating: 1484 &rarr; <strong>1502</strong><br />(+18 for winning)\n|raw|qingyunyunyun's rating: 1453 &rarr; <strong>1435</strong><br />(-18 for losing)\n|l|\u2606qingyunyunyun\n|player|p2|\n",
  "uploadtime": 1776160002,
  "views": 60,
  "formatid": "gen9championsvgc2026regma",
  "rating": 1435,
  "private": 0,
  "password": null
}