{
  "id": "gen9championsvgc2026regma-2584138017",
  "format": "[Gen 9 Champions] VGC 2026 Reg M-A",
  "players": [
    "sasakimizuko",
    "Prohxy"
  ],
  "log": "|j|\u2606sasakimizuko\n|j|\u2606Prohxy\n|t:|1776229476\n|gametype|doubles\n|player|p1|sasakimizuko|2|1000\n|player|p2|Prohxy|lorelei-lgpe|1051\n|gen|9\n|tier|[Gen 9 Champions] VGC 2026 Reg M-A\n|rated|\n|rule|Species Clause: Limit one of each Pok\u00e9mon\n|rule|Item Clause: Limit 1 of each item\n|clearpoke\n|poke|p1|Floette-Eternal, L50, F|\n|poke|p1|Incineroar, L50, M|\n|poke|p1|Whimsicott, L50, F|\n|poke|p1|Garchomp, L50, F|\n|poke|p1|Farigiraf, L50, F|\n|poke|p1|Dragonite, L50, M|\n|poke|p2|Manectric, L50, M|\n|poke|p2|Tauros-Paldea-Blaze, L50, M|\n|poke|p2|Politoed, L50, F|\n|poke|p2|Altaria, L50, F|\n|poke|p2|Basculegion, L50, M|\n|poke|p2|Tsareena, L50, F|\n|teampreview|4\n|inactive|Battle timer is ON: inactive players will automatically lose when time's up. (requested by Prohxy)\nProhxy rejected open team sheets.\n|inactive|Prohxy has 60 seconds left.\n|inactive|Prohxy has 30 seconds left.\n|inactive|Prohxy has 20 seconds left.\n|inactive|Prohxy has 15 seconds left.\n|\n|t:|1776229554\n|teamsize|p1|4\n|teamsize|p2|4\n|start\n|switch|p1a: Whimsicott|Whimsicott, L50, F|100/100\n|switch|p1b: Garchomp|Garchomp, L50, F|100/100\n|switch|p2a: Tsareena|Tsareena, L50, F, shiny|100/100\n|switch|p2b: Altaria|Altaria, L50, F, shiny|100/100\n|-ability|p2b: Altaria|Cloud Nine\n|turn|1\n|\n|t:|1776229575\n|detailschange|p1b: Garchomp|Garchomp-Mega, L50, F\n|-mega|p1b: Garchomp|Garchomp|Garchompite\n|detailschange|p2b: Altaria|Altaria-Mega, L50, F, shiny\n|-mega|p2b: Altaria|Altaria|Altarianite\n|move|p1a: Whimsicott|Tailwind|p1a: Whimsicott\n|-sidestart|p1: sasakimizuko|move: Tailwind\n|move|p1b: Garchomp|Dragon Claw|p2b: Altaria\n|-immune|p2b: Altaria\n|move|p2b: Altaria|Tailwind|p2b: Altaria\n|-sidestart|p2: Prohxy|move: Tailwind\n|move|p2a: Tsareena|U-turn|p1a: Whimsicott\n|-damage|p1a: Whimsicott|70/100\n|\n|t:|1776229590\n|switch|p2a: Basculegion|Basculegion, L50, M|100/100|[from] U-turn\n|\n|upkeep\n|turn|2\n|inactive|sasakimizuko has 30 seconds left.\n|inactive|sasakimizuko has 20 seconds left.\n|inactive|sasakimizuko has 15 seconds left.\n|inactive|sasakimizuko has 10 seconds left.\n|\n|t:|1776229640\n|move|p1a: Whimsicott|Memento|p2a: Basculegion\n|-unboost|p2a: Basculegion|atk|2\n|-unboost|p2a: Basculegion|spa|2\n|faint|p1a: Whimsicott\n|move|p1b: Garchomp|Iron Head|p2b: Altaria\n|-supereffective|p2b: Altaria|1\n|-damage|p2b: Altaria|20/100\n|move|p2b: Altaria|Hyper Voice|p1b: Garchomp\n|-supereffective|p1b: Garchomp|1\n|-crit|p1b: Garchomp\n|-damage|p1b: Garchomp|0 fnt\n|faint|p1b: Garchomp\n|move|p2a: Basculegion|Flip Turn|p1: Whimsicott|[notarget]\n|-fail|p2a: Basculegion\n|\n|upkeep\n|\n|t:|1776229649\n|switch|p1a: Farigiraf|Farigiraf, L50, F|100/100\n|switch|p1b: Incineroar|Incineroar, L50, M|100/100\n|-ability|p1b: Incineroar|Intimidate|boost\n|-unboost|p2a: Basculegion|atk|1\n|-unboost|p2b: Altaria|atk|1\n|turn|3\n|\n|t:|1776229664\n|move|p2b: Altaria|Hyper Voice|p1b: Incineroar|[spread] p1a,p1b\n|-damage|p1a: Farigiraf|63/100\n|-damage|p1b: Incineroar|69/100\n|move|p2a: Basculegion|Flip Turn|p1b: Incineroar\n|-supereffective|p1b: Incineroar|1\n|-damage|p1b: Incineroar|48/100\n|\n|t:|1776229671\n|switch|p2a: Politoed|Politoed, L50, F, shiny|100/100|[from] Flip Turn\n|-weather|RainDance|[from] ability: Drizzle|[of] p2a: Politoed\n|move|p1a: Farigiraf|Psychic Noise|p2b: Altaria\n|-damage|p2b: Altaria|0 fnt\n|faint|p2b: Altaria\n|move|p1b: Incineroar|Flare Blitz|p2a: Politoed\n|-resisted|p2a: Politoed|1\n|-damage|p2a: Politoed|87/100\n|-damage|p1b: Incineroar|44/100|[from] Recoil\n|\n|-weather|RainDance|[upkeep]\n|-heal|p1a: Farigiraf|70/100|[from] item: Leftovers\n|upkeep\n|\n|t:|1776229684\n|switch|p2b: Basculegion|Basculegion, L50, M|100/100\n|turn|4\n|\n|t:|1776229701\n|move|p2b: Basculegion|Head Smash|p1a: Farigiraf\n|-damage|p1a: Farigiraf|23/100\n|-damage|p2b: Basculegion|73/100|[from] Recoil\n|move|p2a: Politoed|Weather Ball|p1b: Incineroar\n|-supereffective|p1b: Incineroar|1\n|-damage|p1b: Incineroar|0 fnt\n|faint|p1b: Incineroar\n|move|p1a: Farigiraf|Future Sight|p2b: Basculegion\n|-start|p1a: Farigiraf|move: Future Sight\n|\n|-weather|RainDance|[upkeep]\n|-heal|p1a: Farigiraf|30/100|[from] item: Leftovers\n|-sideend|p2: Prohxy|move: Tailwind\n|-sideend|p1: sasakimizuko|move: Tailwind\n|upkeep\n|turn|5\n|-message|sasakimizuko forfeited.\n|\n|win|Prohxy\n|raw|sasakimizuko's rating: 1000 &rarr; <strong>1000</strong><br />(+0 for losing)\n|raw|Prohxy's rating: 1051 &rarr; <strong>1079</strong><br />(+28 for winning)\n|l|\u2606sasakimizuko\n|player|p1|\n",
  "uploadtime": 1776229713,
  "views": 21,
  "formatid": "gen9championsvgc2026regma",
  "rating": 1000,
  "private": 0,
  "password": null
}