{
  "id": "gen9championsvgc2026regma-2585011043",
  "format": "[Gen 9 Champions] VGC 2026 Reg M-A",
  "players": [
    "A5h3r",
    "FishtheTrainer"
  ],
  "log": "|j|\u2606A5h3r\n|j|\u2606FishtheTrainer\n|t:|1776303121\n|gametype|doubles\n|player|p1|A5h3r|alder|1228\n|player|p2|FishtheTrainer|fisherman-gen4|1135\n|gen|9\n|tier|[Gen 9 Champions] VGC 2026 Reg M-A\n|rated|\n|rule|Species Clause: Limit one of each Pok\u00e9mon\n|rule|Item Clause: Limit 1 of each item\n|clearpoke\n|poke|p1|Froslass, L50, F|\n|poke|p1|Sneasler, L50, F|\n|poke|p1|Rotom-Wash, L50|\n|poke|p1|Sinistcha-Masterpiece, L50|\n|poke|p1|Garchomp, L50, M|\n|poke|p1|Incineroar, L50, M|\n|poke|p2|Dragonite, L50, M|\n|poke|p2|Pelipper, L50, M|\n|poke|p2|Espathra, L50, F|\n|poke|p2|Volcarona, L50, M|\n|poke|p2|Garchomp, L50, F|\n|poke|p2|Maushold-Four, L50|\n|teampreview|4\n|c|\u2606A5h3r|glhf\n|inactive|Battle timer is ON: inactive players will automatically lose when time's up. (requested by FishtheTrainer)\n|\n|t:|1776303156\n|teamsize|p1|4\n|teamsize|p2|4\n|start\n|switch|p1a: biting guy|Garchomp, L50, M|100/100\n|switch|p1b: Cabin|Rotom-Wash, L50, shiny|100/100\n|switch|p2a: Volcarona|Volcarona, L50, M|100/100\n|switch|p2b: Garchomp|Garchomp, L50, F|100/100\n|turn|1\n|c|\u2606FishtheTrainer|gl hf!\n|\n|t:|1776303172\n|move|p2b: Garchomp|Dragon Claw|p1a: biting guy\n|-supereffective|p1a: biting guy|1\n|-damage|p1a: biting guy|10/100\n|-damage|p2b: Garchomp|88/100|[from] ability: Rough Skin|[of] p1a: biting guy\n|move|p1a: biting guy|Rock Slide|p2b: Garchomp|[spread] p2a,p2b\n|-supereffective|p2a: Volcarona|2\n|-resisted|p2b: Garchomp|1\n|-damage|p2a: Volcarona|34/100\n|-damage|p2b: Garchomp|79/100\n|move|p2a: Volcarona|Tailwind|p2a: Volcarona\n|-sidestart|p2: FishtheTrainer|move: Tailwind\n|move|p1b: Cabin|Will-O-Wisp|p2b: Garchomp\n|-status|p2b: Garchomp|brn\n|\n|-heal|p2a: Volcarona|40/100|[from] item: Leftovers\n|-damage|p2b: Garchomp|73/100 brn|[from] brn\n|upkeep\n|turn|2\n|inactive|A5h3r has 30 seconds left.\n|\n|t:|1776303199\n|move|p1a: biting guy|Protect|p1a: biting guy\n|-singleturn|p1a: biting guy|Protect\n|move|p2a: Volcarona|Rage Powder|p2a: Volcarona\n|-singleturn|p2a: Volcarona|move: Rage Powder\n|move|p2b: Garchomp|Dragon Claw|p1a: biting guy\n|-activate|p1a: biting guy|move: Protect\n|move|p1b: Cabin|Hydro Pump|p2a: Volcarona\n|-supereffective|p2a: Volcarona|1\n|-damage|p2a: Volcarona|0 fnt\n|faint|p2a: Volcarona\n|\n|-damage|p2b: Garchomp|67/100 brn|[from] brn\n|upkeep\n|\n|t:|1776303223\n|switch|p2a: Dragonite|Dragonite, L50, M|100/100\n|turn|3\n|\n|t:|1776303234\n|switch|p2b: Pelipper|Pelipper, L50, M|100/100\n|-weather|RainDance|[from] ability: Drizzle|[of] p2b: Pelipper\n|move|p2a: Dragonite|Protect|p2a: Dragonite\n|-singleturn|p2a: Dragonite|Protect\n|move|p1a: biting guy|Rock Slide|p2a: Dragonite|[spread] p2b\n|-activate|p2a: Dragonite|move: Protect\n|-supereffective|p2b: Pelipper|1\n|-damage|p2b: Pelipper|65/100\n|move|p1b: Cabin|Will-O-Wisp|p2a: Dragonite\n|-activate|p2a: Dragonite|move: Protect\n|\n|-weather|RainDance|[upkeep]\n|upkeep\n|turn|4\n|\n|t:|1776303253\n|switch|p2b: Garchomp|Garchomp, L50, F|67/100 brn\n|detailschange|p2a: Dragonite|Dragonite-Mega, L50, M\n|-mega|p2a: Dragonite|Dragonite|Dragoninite\n|move|p2a: Dragonite|Dragon Pulse|p1a: biting guy\n|-supereffective|p1a: biting guy|1\n|-damage|p1a: biting guy|0 fnt\n|faint|p1a: biting guy\n|move|p1b: Cabin|Electroweb|p2b: Garchomp|[spread] p2a\n|-immune|p2b: Garchomp\n|-damage|p2a: Dragonite|92/100\n|-unboost|p2a: Dragonite|spe|1\n|\n|-weather|RainDance|[upkeep]\n|-damage|p2b: Garchomp|61/100 brn|[from] brn\n|-sideend|p2: FishtheTrainer|move: Tailwind\n|upkeep\n|\n|t:|1776303266\n|switch|p1a: Yukionna|Froslass, L50, F|100/100\n|turn|5\n|\n|t:|1776303285\n|switch|p2a: Pelipper|Pelipper, L50, M|65/100\n|detailschange|p1a: Yukionna|Froslass-Mega, L50, F\n|-mega|p1a: Yukionna|Froslass|Froslassite\n|-weather|Snowscape|[from] ability: Snow Warning|[of] p1a: Yukionna\n|move|p2b: Garchomp|Stone Edge|p1a: Yukionna\n|-supereffective|p1a: Yukionna|1\n|-damage|p1a: Yukionna|63/100\n|move|p1a: Yukionna|Blizzard|p2a: Pelipper|[spread] p2a,p2b\n|-supereffective|p2b: Garchomp|2\n|-damage|p2a: Pelipper|21/100\n|-damage|p2b: Garchomp|0 fnt\n|-enditem|p2a: Pelipper|Sitrus Berry|[eat]\n|-heal|p2a: Pelipper|45/100|[from] item: Sitrus Berry\n|faint|p2b: Garchomp\n|move|p1b: Cabin|Hydro Pump|p2a: Pelipper|[miss]\n|-miss|p1b: Cabin|p2a: Pelipper\n|\n|-weather|Snowscape|[upkeep]\n|upkeep\n|\n|t:|1776303289\n|switch|p2b: Dragonite|Dragonite-Mega, L50, M|92/100\n|turn|6\n|\n|t:|1776303301\n|move|p2b: Dragonite|Protect|p2b: Dragonite\n|-singleturn|p2b: Dragonite|Protect\n|move|p1a: Yukionna|Blizzard|p2b: Dragonite|[spread] p2a\n|-activate|p2b: Dragonite|move: Protect\n|-damage|p2a: Pelipper|0 fnt\n|faint|p2a: Pelipper\n|move|p1b: Cabin|Electroweb|p2b: Dragonite\n|-activate|p2b: Dragonite|move: Protect\n|\n|-weather|Snowscape|[upkeep]\n|upkeep\n|turn|7\n|inactive|FishtheTrainer has 30 seconds left.\n|inactive|FishtheTrainer has 20 seconds left.\n|inactive|FishtheTrainer has 15 seconds left.\n|inactive|FishtheTrainer has 10 seconds left.\n|inactive|FishtheTrainer has 5 seconds left.\n|\n|t:|1776303357\n|move|p1a: Yukionna|Blizzard|p2b: Dragonite\n|-supereffective|p2b: Dragonite|2\n|-damage|p2b: Dragonite|0 fnt\n|faint|p2b: Dragonite\n|\n|win|A5h3r\n|raw|A5h3r's rating: 1228 &rarr; <strong>1246</strong><br />(+18 for winning)\n|raw|FishtheTrainer's rating: 1135 &rarr; <strong>1117</strong><br />(-18 for losing)\n|l|\u2606FishtheTrainer\n|player|p2|\n|c|\u2606A5h3r|ggwp\n",
  "uploadtime": 1776303368,
  "views": 24,
  "formatid": "gen9championsvgc2026regma",
  "rating": 1117,
  "private": 0,
  "password": null
}