{
  "id": "gen9championsvgc2026regma-2584083264",
  "format": "[Gen 9 Champions] VGC 2026 Reg M-A",
  "players": [
    "PokeVed",
    "willhoop"
  ],
  "log": "|j|\u2606PokeVed\n|j|\u2606willhoop\n|t:|1776223389\n|gametype|doubles\n|player|p1|PokeVed|170|1040\n|player|p2|willhoop|101|1132\n|gen|9\n|tier|[Gen 9 Champions] VGC 2026 Reg M-A\n|rated|\n|rule|Species Clause: Limit one of each Pok\u00e9mon\n|rule|Item Clause: Limit 1 of each item\n|clearpoke\n|poke|p1|Torkoal, L50, M|\n|poke|p1|Camerupt, L50, F|\n|poke|p1|Mimikyu, L50, M|\n|poke|p1|Farigiraf, L50, F|\n|poke|p1|Aegislash, L50, M|\n|poke|p1|Conkeldurr, L50, F|\n|poke|p2|Beedrill, L50, F|\n|poke|p2|Manectric, L50, M|\n|poke|p2|Pelipper, L50, F|\n|poke|p2|Archaludon, L50, F|\n|poke|p2|Sinistcha, L50|\n|poke|p2|Basculegion, L50, M|\n|teampreview|4\n|inactive|Battle timer is ON: inactive players will automatically lose when time's up. (requested by PokeVed)\n|inactive|willhoop has 60 seconds left.\n|\n|t:|1776223439\n|teamsize|p1|4\n|teamsize|p2|4\n|start\n|switch|p1a: Mimikyu|Mimikyu, L50, M|100/100\n|switch|p1b: Farigiraf|Farigiraf, L50, F|100/100\n|switch|p2a: Basculegion|Basculegion, L50, M|100/100\n|switch|p2b: Pelipper|Pelipper, L50, F|100/100\n|-weather|RainDance|[from] ability: Drizzle|[of] p2b: Pelipper\n|turn|1\n|\n|t:|1776223464\n|move|p1a: Mimikyu|Shadow Sneak|p2a: Basculegion\n|-supereffective|p2a: Basculegion|1\n|-damage|p2a: Basculegion|55/100\n|move|p2a: Basculegion|Wave Crash|p1b: Farigiraf\n|-damage|p1b: Farigiraf|0 fnt\n|faint|p1b: Farigiraf\n|-damage|p2a: Basculegion|17/100|[from] Recoil\n|move|p2b: Pelipper|Weather Ball|p1a: Mimikyu\n|-activate|p1a: Mimikyu|ability: Disguise\n|-damage|p1a: Mimikyu|100/100\n|detailschange|p1a: Mimikyu|Mimikyu-Busted, L50, M\n|-damage|p1a: Mimikyu|88/100|[from] pokemon: Mimikyu-Busted\n|\n|-weather|RainDance|[upkeep]\n|upkeep\n|\n|t:|1776223479\n|switch|p1b: Aegislash|Aegislash, L50, M|100/100\n|turn|2\n|\n|t:|1776223497\n|move|p2a: Basculegion|Protect|p2a: Basculegion\n|-singleturn|p2a: Basculegion|Protect\n|move|p1a: Mimikyu|Shadow Sneak|p2a: Basculegion\n|-activate|p2a: Basculegion|move: Protect\n|move|p1b: Aegislash|Swords Dance|p1b: Aegislash\n|-boost|p1b: Aegislash|atk|2\n|move|p2b: Pelipper|Tailwind|p2b: Pelipper\n|-sidestart|p2: willhoop|move: Tailwind\n|\n|-weather|RainDance|[upkeep]\n|upkeep\n|turn|3\n|inactive|willhoop has 30 seconds left.\n|inactive|willhoop has 20 seconds left.\n|\n|t:|1776223533\n|switch|p2b: Sinistcha|Sinistcha, L50|100/100\n|-heal|p2a: Basculegion|42/100|[from] ability: Hospitality|[of] p2b: Sinistcha\n|move|p2a: Basculegion|Protect||[still]\n|-fail|p2a: Basculegion\n|move|p1a: Mimikyu|Shadow Sneak|p2a: Basculegion\n|-supereffective|p2a: Basculegion|1\n|-damage|p2a: Basculegion|0 fnt\n|faint|p2a: Basculegion\n|-formechange|p1b: Aegislash|Aegislash-Blade|\n|move|p1b: Aegislash|Shadow Sneak|p2b: Sinistcha\n|-supereffective|p2b: Sinistcha|1\n|-damage|p2b: Sinistcha|0 fnt\n|faint|p2b: Sinistcha\n|\n|-weather|RainDance|[upkeep]\n|upkeep\n|\n|t:|1776223544\n|switch|p2a: Pelipper|Pelipper, L50, F|100/100\n|switch|p2b: Beedrill|Beedrill, L50, F|100/100\n|turn|4\n|\n|t:|1776223559\n|detailschange|p2b: Beedrill|Beedrill-Mega, L50, F\n|-mega|p2b: Beedrill|Beedrill|Beedrillite\n|-formechange|p1b: Aegislash|Aegislash|\n|move|p1b: Aegislash|King's Shield|p1b: Aegislash\n|-singleturn|p1b: Aegislash|Protect\n|move|p2b: Beedrill|Poison Jab|p1a: Mimikyu\n|-damage|p1a: Mimikyu|14/100\n|move|p2a: Pelipper|Weather Ball|p1b: Aegislash\n|-activate|p1b: Aegislash|move: Protect\n|move|p1a: Mimikyu|Trick Room|p1a: Mimikyu\n|-fieldstart|move: Trick Room|[of] p1a: Mimikyu\n|\n|-weather|RainDance|[upkeep]\n|upkeep\n|turn|5\n|\n|t:|1776223582\n|-formechange|p1b: Aegislash|Aegislash-Blade|\n|move|p1b: Aegislash|Iron Head|p2b: Beedrill\n|-damage|p2b: Beedrill|0 fnt\n|faint|p2b: Beedrill\n|move|p1a: Mimikyu|Play Rough|p2a: Pelipper\n|-damage|p2a: Pelipper|56/100\n|move|p2a: Pelipper|Weather Ball|p1b: Aegislash\n|-damage|p1b: Aegislash|13/100\n|\n|-weather|none\n|-sideend|p2: willhoop|move: Tailwind\n|upkeep\n|turn|6\n|\n|t:|1776223601\n|move|p2a: Pelipper|Hurricane|p1b: Aegislash\n|-resisted|p1b: Aegislash|1\n|-crit|p1b: Aegislash\n|-damage|p1b: Aegislash|0 fnt\n|faint|p1b: Aegislash\n|move|p1a: Mimikyu|Play Rough|p2a: Pelipper\n|-damage|p2a: Pelipper|12/100\n|\n|upkeep\n|\n|t:|1776223609\n|switch|p1b: Camerupt|Camerupt, L50, F|100/100\n|turn|7\n|-message|willhoop forfeited.\n|\n|win|PokeVed\n|raw|PokeVed's rating: 1040 &rarr; <strong>1083</strong><br />(+43 for winning)\n|raw|willhoop's rating: 1132 &rarr; <strong>1101</strong><br />(-31 for losing)\n|l|\u2606willhoop\n|player|p2|\n",
  "uploadtime": 1776223642,
  "views": 25,
  "formatid": "gen9championsvgc2026regma",
  "rating": 1083,
  "private": 0,
  "password": null
}