{
  "id": "gen9championsvgc2026regma-2583211217",
  "format": "[Gen 9 Champions] VGC 2026 Reg M-A",
  "players": [
    "23456789XB",
    "ComradeClownVGC"
  ],
  "log": "|j|\u260623456789XB\n|j|\u2606ComradeClownVGC\n|t:|1776155220\n|gametype|doubles\n|player|p1|23456789XB|cynthia|1157\n|player|p2|ComradeClownVGC|harlequin|1103\n|gen|9\n|tier|[Gen 9 Champions] VGC 2026 Reg M-A\n|rated|\n|rule|Species Clause: Limit one of each Pok\u00e9mon\n|rule|Item Clause: Limit 1 of each item\n|clearpoke\n|poke|p1|Slowbro, L50, F|\n|poke|p1|Kingambit, L50, F|\n|poke|p1|Incineroar, L50, F|\n|poke|p1|Sinistcha, L50|\n|poke|p1|Sneasler, L50, F|\n|poke|p1|Rotom-Wash, L50|\n|poke|p2|Lucario, L50, M|\n|poke|p2|Whimsicott, L50, F|\n|poke|p2|Basculegion, L50, M|\n|poke|p2|Rotom-Heat, L50|\n|poke|p2|Floette-Eternal, L50, F|\n|poke|p2|Garchomp, L50, M|\n|teampreview|4\n|inactive|Battle timer is ON: inactive players will automatically lose when time's up. (requested by 23456789XB)\n|\n|t:|1776155244\n|teamsize|p1|4\n|teamsize|p2|4\n|start\n|switch|p1a: Elyk|Rotom-Wash, L50|100/100\n|switch|p1b: Sleep roll pls|Sneasler, L50, F|100/100\n|switch|p2a: Lucario|Lucario, L50, M, shiny|100/100\n|switch|p2b: Whimsicott|Whimsicott, L50, F|100/100\n|turn|1\n|\n|t:|1776155255\n|move|p2a: Lucario|Protect|p2a: Lucario\n|-singleturn|p2a: Lucario|Protect\n|move|p1b: Sleep roll pls|Fake Out|p2b: Whimsicott\n|-damage|p2b: Whimsicott|77/100\n|cant|p2b: Whimsicott|flinch\n|move|p1a: Elyk|Will-O-Wisp|p2a: Lucario\n|-activate|p2a: Lucario|move: Protect\n|\n|upkeep\n|turn|2\n|\n|t:|1776155273\n|detailschange|p2a: Lucario|Lucario-Mega, L50, M, shiny\n|-mega|p2a: Lucario|Lucario|Lucarionite\n|move|p2b: Whimsicott|Tailwind|p2b: Whimsicott\n|-sidestart|p2: ComradeClownVGC|move: Tailwind\n|move|p2a: Lucario|Meteor Mash|p1b: Sleep roll pls\n|-damage|p1b: Sleep roll pls|0 fnt\n|faint|p1b: Sleep roll pls\n|move|p1a: Elyk|Will-O-Wisp|p2a: Lucario\n|-status|p2a: Lucario|brn\n|\n|-damage|p2a: Lucario|94/100 brn|[from] brn\n|upkeep\n|\n|t:|1776155280\n|switch|p1b: Slowvro|Slowbro, L50, F|100/100\n|turn|3\n|\n|t:|1776155290\n|switch|p2a: Rotom|Rotom-Heat, L50|100/100\n|switch|p1a: Wolfe bot|Incineroar, L50, F|100/100\n|-ability|p1a: Wolfe bot|Intimidate|boost\n|-unboost|p2a: Rotom|atk|1\n|-unboost|p2b: Whimsicott|atk|1\n|move|p1b: Slowvro|Protect|p1b: Slowvro\n|-singleturn|p1b: Slowvro|Protect\n|move|p2b: Whimsicott|Encore|p1a: Wolfe bot\n|-hint|Since gen 7, Dark is immune to Prankster moves.\n|-immune|p1a: Wolfe bot\n|\n|upkeep\n|turn|4\n|\n|t:|1776155313\n|detailschange|p1b: Slowvro|Slowbro-Mega, L50, F\n|-mega|p1b: Slowvro|Slowbro|Slowbronite\n|move|p1a: Wolfe bot|Fake Out|p2b: Whimsicott\n|-damage|p2b: Whimsicott|61/100\n|cant|p2b: Whimsicott|flinch\n|move|p2a: Rotom|Volt Switch|p1b: Slowvro\n|-supereffective|p1b: Slowvro|1\n|-damage|p1b: Slowvro|43/100\n|\n|t:|1776155323\n|switch|p2a: Basculegion|Basculegion, L50, M, shiny|100/100|[from] Volt Switch\n|move|p1b: Slowvro|Scald|p2a: Basculegion\n|-resisted|p2a: Basculegion|1\n|-damage|p2a: Basculegion|74/100\n|-status|p2a: Basculegion|brn\n|\n|-damage|p2a: Basculegion|68/100 brn|[from] brn\n|upkeep\n|turn|5\n|\n|t:|1776155335\n|move|p2b: Whimsicott|Helping Hand|p2a: Basculegion\n|-singleturn|p2a: Basculegion|Helping Hand|[of] p2b: Whimsicott\n|move|p2a: Basculegion|Wave Crash|p1a: Wolfe bot\n|-supereffective|p1a: Wolfe bot|1\n|-damage|p1a: Wolfe bot|0 fnt\n|faint|p1a: Wolfe bot\n|-damage|p2a: Basculegion|34/100 brn|[from] Recoil\n|move|p1b: Slowvro|Psychic|p2b: Whimsicott\n|-damage|p2b: Whimsicott|0 fnt\n|faint|p2b: Whimsicott\n|\n|-damage|p2a: Basculegion|28/100 brn|[from] brn\n|-sideend|p2: ComradeClownVGC|move: Tailwind\n|upkeep\n|\n|t:|1776155350\n|switch|p2b: Rotom|Rotom-Heat, L50|100/100\n|switch|p1a: Elyk|Rotom-Wash, L50|100/100\n|turn|6\n|\n|t:|1776155361\n|move|p1b: Slowvro|Protect|p1b: Slowvro\n|-singleturn|p1b: Slowvro|Protect\n|move|p1a: Elyk|Hydro Pump|p2b: Rotom\n|-supereffective|p2b: Rotom|1\n|-damage|p2b: Rotom|0 fnt\n|faint|p2b: Rotom\n|move|p2a: Basculegion|Wave Crash|p1a: Elyk\n|-resisted|p1a: Elyk|1\n|-damage|p1a: Elyk|72/100\n|-damage|p2a: Basculegion|22/100 brn|[from] Recoil\n|\n|-damage|p2a: Basculegion|15/100 brn|[from] brn\n|upkeep\n|\n|t:|1776155369\n|switch|p2b: Lucario|Lucario-Mega, L50, M, shiny|94/100 brn\n|turn|7\n|\n|t:|1776155379\n|move|p1a: Elyk|Hydro Pump|p2b: Lucario\n|-damage|p2b: Lucario|9/100 brn\n|move|p2a: Basculegion|Wave Crash|p1b: Slowvro\n|-resisted|p1b: Slowvro|1\n|-damage|p1b: Slowvro|32/100\n|-damage|p2a: Basculegion|12/100 brn|[from] Recoil\n|move|p2b: Lucario|Meteor Mash|p1b: Slowvro\n|-resisted|p1b: Slowvro|1\n|-damage|p1b: Slowvro|22/100\n|move|p1b: Slowvro|Psychic|p2b: Lucario\n|-damage|p2b: Lucario|0 fnt\n|faint|p2b: Lucario\n|\n|-damage|p2a: Basculegion|6/100 brn|[from] brn\n|upkeep\n|turn|8\n|-message|ComradeClownVGC forfeited.\n|\n|win|23456789XB\n|raw|23456789XB's rating: 1157 &rarr; <strong>1178</strong><br />(+21 for winning)\n|raw|ComradeClownVGC's rating: 1103 &rarr; <strong>1082</strong><br />(-21 for losing)\n|l|\u2606ComradeClownVGC\n|player|p2|\n",
  "uploadtime": 1776155396,
  "views": 34,
  "formatid": "gen9championsvgc2026regma",
  "rating": 1082,
  "private": 0,
  "password": null
}