{
  "id": "gen9championsvgc2026regma-2582824872",
  "format": "[Gen 9 Champions] VGC 2026 Reg M-A",
  "players": [
    "irw25",
    "CoolTrainerBu"
  ],
  "log": "|j|\u2606irw25\n|j|\u2606CoolTrainerBu\n|t:|1776116946\n|gametype|doubles\n|player|p1|irw25|hilbert-wonderlauncher|1060\n|player|p2|CoolTrainerBu|101|1067\n|gen|9\n|tier|[Gen 9 Champions] VGC 2026 Reg M-A\n|rated|\n|rule|Species Clause: Limit one of each Pok\u00e9mon\n|rule|Item Clause: Limit 1 of each item\n|clearpoke\n|poke|p1|Aegislash, L50, M|\n|poke|p1|Emboar, L50, M|\n|poke|p1|Whimsicott, L50, M|\n|poke|p1|Jolteon, L50, F|\n|poke|p1|Primarina, L50, F|\n|poke|p1|Volcarona, L50, F|\n|poke|p2|Charizard, L50, F|\n|poke|p2|Whimsicott, L50, F|\n|poke|p2|Garchomp, L50, M|\n|poke|p2|Sneasler, L50, F|\n|poke|p2|Maushold, L50|\n|poke|p2|Incineroar, L50, M|\n|teampreview|4\n|inactive|Battle timer is ON: inactive players will automatically lose when time's up. (requested by irw25)\n|\n|t:|1776117012\n|teamsize|p1|4\n|teamsize|p2|4\n|start\n|switch|p1a: Volcarona|Volcarona, L50, F|100/100\n|switch|p1b: Whimsicott|Whimsicott, L50, M|100/100\n|switch|p2a: Whimsicott|Whimsicott, L50, F|100/100\n|switch|p2b: Charizard|Charizard, L50, F|100/100\n|turn|1\n|\n|t:|1776117037\n|detailschange|p2b: Charizard|Charizard-Mega-Y, L50, F\n|-mega|p2b: Charizard|Charizard|Charizardite Y\n|-weather|SunnyDay|[from] ability: Drought|[of] p2b: Charizard\n|move|p2a: Whimsicott|Tailwind|p2a: Whimsicott\n|-sidestart|p2: CoolTrainerBu|move: Tailwind\n|move|p1b: Whimsicott|Tailwind|p1b: Whimsicott\n|-sidestart|p1: irw25|move: Tailwind\n|move|p1a: Volcarona|Quiver Dance|p1a: Volcarona\n|-boost|p1a: Volcarona|spa|1\n|-boost|p1a: Volcarona|spd|1\n|-boost|p1a: Volcarona|spe|1\n|move|p2b: Charizard|Heat Wave|p1a: Volcarona|[spread] p1a,p1b\n|-supereffective|p1b: Whimsicott|1\n|-damage|p1a: Volcarona|56/100\n|-enditem|p1b: Whimsicott|Focus Sash\n|-damage|p1b: Whimsicott|1/100\n|\n|-weather|SunnyDay|[upkeep]\n|upkeep\n|turn|2\n|\n|t:|1776117059\n|switch|p2b: Garchomp|Garchomp, L50, M|100/100\n|move|p2a: Whimsicott|Encore|p1a: Volcarona\n|-start|p1a: Volcarona|Encore\n|-enditem|p1a: Volcarona|Mental Herb\n|-end|p1a: Volcarona|Encore\n|move|p1b: Whimsicott|Encore||[still]\n|-fail|p1b: Whimsicott\n|move|p1a: Volcarona|Heat Wave|p2b: Garchomp|[spread] p2a\n|-miss|p1a: Volcarona|p2b: Garchomp\n|-supereffective|p2a: Whimsicott|1\n|-enditem|p2a: Whimsicott|Focus Sash\n|-damage|p2a: Whimsicott|1/100\n|\n|-weather|SunnyDay|[upkeep]\n|upkeep\n|turn|3\n|inactive|irw25 has 30 seconds left.\n|\n|t:|1776117084\n|switch|p2a: Incineroar|Incineroar, L50, M|100/100\n|-ability|p2a: Incineroar|Intimidate|boost\n|-unboost|p1a: Volcarona|atk|1\n|-unboost|p1b: Whimsicott|atk|1\n|move|p1b: Whimsicott|Leech Seed|p2b: Garchomp\n|-start|p2b: Garchomp|move: Leech Seed\n|move|p1a: Volcarona|Heat Wave|p2a: Incineroar|[spread] p2b\n|-miss|p1a: Volcarona|p2a: Incineroar\n|-resisted|p2b: Garchomp|1\n|-damage|p2b: Garchomp|52/100\n|move|p2b: Garchomp|Rock Slide|p1b: Whimsicott|[spread] p1a,p1b\n|-supereffective|p1a: Volcarona|2\n|-damage|p1a: Volcarona|0 fnt\n|-damage|p1b: Whimsicott|0 fnt\n|faint|p1a: Volcarona\n|faint|p1b: Whimsicott\n|\n|-weather|SunnyDay|[upkeep]\n|upkeep\n|\n|t:|1776117101\n|switch|p1a: Aegislash|Aegislash, L50, M|100/100\n|switch|p1b: Primarina|Primarina, L50, F|100/100\n|turn|4\n|inactive|CoolTrainerBu has 30 seconds left.\n|\n|t:|1776117130\n|move|p2b: Garchomp|Earthquake|p1b: Primarina|[spread] p2a,p1a,p1b\n|-supereffective|p2a: Incineroar|1\n|-enditem|p2a: Incineroar|Shuca Berry|[eat]\n|-enditem|p2a: Incineroar|Shuca Berry|[weaken]\n|-supereffective|p1a: Aegislash|1\n|-damage|p2a: Incineroar|63/100\n|-damage|p1a: Aegislash|45/100\n|-damage|p1b: Primarina|57/100\n|move|p2a: Incineroar|Parting Shot|p1b: Primarina\n|-unboost|p1b: Primarina|atk|1\n|-unboost|p1b: Primarina|spa|1\n|\n|t:|1776117144\n|switch|p2a: Whimsicott|Whimsicott, L50, F|1/100|[from] Parting Shot\n|move|p1b: Primarina|Calm Mind|p1b: Primarina\n|-boost|p1b: Primarina|spa|1\n|-boost|p1b: Primarina|spd|1\n|move|p1a: Aegislash|Swords Dance|p1a: Aegislash\n|-boost|p1a: Aegislash|atk|2\n|\n|-weather|SunnyDay|[upkeep]\n|-heal|p1a: Aegislash|51/100|[from] item: Leftovers\n|-damage|p2b: Garchomp|40/100|[from] Leech Seed|[of] p1b: Primarina\n|-heal|p1b: Primarina|70/100|[silent]\n|-sideend|p1: irw25|move: Tailwind\n|-sideend|p2: CoolTrainerBu|move: Tailwind\n|upkeep\n|turn|5\n|inactive|irw25 has 30 seconds left.\n|inactive|CoolTrainerBu has 30 seconds left.\n|inactive|CoolTrainerBu has 20 seconds left.\n|\n|t:|1776117180\n|move|p2a: Whimsicott|Encore|p1a: Aegislash\n|-start|p1a: Aegislash|Encore\n|move|p2b: Garchomp|Rock Slide|p1a: Aegislash|[spread] p1a,p1b\n|-resisted|p1a: Aegislash|1\n|-damage|p1a: Aegislash|44/100\n|-damage|p1b: Primarina|50/100\n|-enditem|p1b: Primarina|Sitrus Berry|[eat]\n|-heal|p1b: Primarina|74/100|[from] item: Sitrus Berry\n|move|p1b: Primarina|Hyper Voice|p2a: Whimsicott|[spread] p2a,p2b\n|-resisted|p2a: Whimsicott|1\n|-damage|p2a: Whimsicott|0 fnt\n|-damage|p2b: Garchomp|18/100\n|faint|p2a: Whimsicott\n|move|p1a: Aegislash|Swords Dance|p1a: Aegislash\n|-boost|p1a: Aegislash|atk|2\n|\n|-weather|none\n|-heal|p1a: Aegislash|50/100|[from] item: Leftovers\n|-damage|p2b: Garchomp|6/100|[from] Leech Seed|[of] p1b: Primarina\n|-heal|p1b: Primarina|88/100|[silent]\n|upkeep\n|\n|t:|1776117199\n|switch|p2a: Charizard|Charizard-Mega-Y, L50, F|100/100\n|-weather|SunnyDay|[from] ability: Drought|[of] p2a: Charizard\n|turn|6\n|\n|t:|1776117214\n|move|p2b: Garchomp|Earthquake|p1b: Primarina|[spread] p1a,p1b\n|-immune|p2a: Charizard\n|-supereffective|p1a: Aegislash|1\n|-damage|p1a: Aegislash|0 fnt\n|-damage|p1b: Primarina|40/100\n|faint|p1a: Aegislash\n|move|p2a: Charizard|Solar Beam||[still]\n|-prepare|p2a: Charizard|Solar Beam\n|-anim|p2a: Charizard|Solar Beam|p1b: Primarina\n|-supereffective|p1b: Primarina|1\n|-damage|p1b: Primarina|0 fnt\n|faint|p1b: Primarina\n|\n|win|CoolTrainerBu\n|raw|irw25's rating: 1060 &rarr; <strong>1041</strong><br />(-19 for losing)\n|raw|CoolTrainerBu's rating: 1067 &rarr; <strong>1096</strong><br />(+29 for winning)\n|l|\u2606irw25\n|player|p1|\n",
  "uploadtime": 1776117225,
  "views": 12,
  "formatid": "gen9championsvgc2026regma",
  "rating": 1041,
  "private": 0,
  "password": null
}