{
  "id": "gen9championsvgc2026regma-2582471069",
  "format": "[Gen 9 Champions] VGC 2026 Reg M-A",
  "players": [
    "sgtbattle4",
    "KogaAF1219"
  ],
  "log": "|j|\u2606sgtbattle4\n|j|\u2606KogaAF1219\n|t:|1776093819\n|gametype|doubles\n|player|p1|sgtbattle4|170|1066\n|player|p2|KogaAF1219|koga|1115\n|gen|9\n|tier|[Gen 9 Champions] VGC 2026 Reg M-A\n|rated|\n|rule|Species Clause: Limit one of each Pok\u00e9mon\n|rule|Item Clause: Limit 1 of each item\n|clearpoke\n|poke|p1|Pelipper, L50, F|\n|poke|p1|Dragonite, L50, F|\n|poke|p1|Archaludon, L50, F|\n|poke|p1|Basculegion, L50, M|\n|poke|p1|Rotom-Heat, L50|\n|poke|p1|Sneasler, L50, M|\n|poke|p2|Torkoal, L50, F|\n|poke|p2|Rotom-Fan, L50|\n|poke|p2|Excadrill, L50, M|\n|poke|p2|Venusaur, L50, M|\n|poke|p2|Dragapult, L50, F|\n|poke|p2|Incineroar, L50, F|\n|teampreview|4\n|\n|t:|1776093875\n|teamsize|p1|4\n|teamsize|p2|4\n|start\n|switch|p1a: Rotom|Rotom-Heat, L50|100/100\n|switch|p1b: Dragonite|Dragonite, L50, F|100/100\n|switch|p2a: Rotom|Rotom-Fan, L50|100/100\n|switch|p2b: Excadrill|Excadrill, L50, M|100/100\n|-ability|p2b: Excadrill|Mold Breaker\n|turn|1\n|\n|t:|1776093898\n|detailschange|p1b: Dragonite|Dragonite-Mega, L50, F\n|-mega|p1b: Dragonite|Dragonite|Dragoninite\n|move|p2a: Rotom|Discharge|p1a: Rotom|[spread] p1a,p1b\n|-immune|p2b: Excadrill\n|-resisted|p1a: Rotom|1\n|-damage|p1a: Rotom|81/100\n|-damage|p1b: Dragonite|90/100\n|-status|p1b: Dragonite|par\n|move|p1a: Rotom|Volt Switch|p2a: Rotom\n|-damage|p2a: Rotom|58/100\n|\n|t:|1776093908\n|switch|p1a: Pelipper|Pelipper, L50, F|100/100|[from] Volt Switch\n|-weather|RainDance|[from] ability: Drizzle|[of] p1a: Pelipper\n|move|p2b: Excadrill|Rock Slide|p1b: Dragonite|[spread] p1a,p1b\n|-supereffective|p1a: Pelipper|1\n|-supereffective|p1b: Dragonite|1\n|-damage|p1a: Pelipper|43/100\n|-damage|p1b: Dragonite|59/100 par\n|move|p1b: Dragonite|Tailwind|p1b: Dragonite\n|-sidestart|p1: sgtbattle4|move: Tailwind\n|\n|-weather|RainDance|[upkeep]\n|upkeep\n|turn|2\n|\n|t:|1776093930\n|move|p2a: Rotom|Discharge|p1a: Pelipper|[spread] p1a,p1b\n|-immune|p2b: Excadrill\n|-supereffective|p1a: Pelipper|2\n|-damage|p1a: Pelipper|0 fnt\n|-damage|p1b: Dragonite|38/100 par\n|faint|p1a: Pelipper\n|move|p2b: Excadrill|Rock Slide|p1b: Dragonite\n|-supereffective|p1b: Dragonite|1\n|-damage|p1b: Dragonite|0 fnt\n|faint|p1b: Dragonite\n|\n|-weather|RainDance|[upkeep]\n|upkeep\n|\n|t:|1776093934\n|switch|p1b: Basculegion|Basculegion, L50, M|100/100\n|switch|p1a: Rotom|Rotom-Heat, L50|81/100\n|turn|3\n|\n|t:|1776093943\n|switch|p2b: Torkoal|Torkoal, L50, F|100/100\n|-weather|SunnyDay|[from] ability: Drought|[of] p2b: Torkoal\n|move|p1a: Rotom|Thunderbolt|p2a: Rotom\n|-damage|p2a: Rotom|8/100\n|move|p1b: Basculegion|Wave Crash|p2b: Torkoal\n|-supereffective|p2b: Torkoal|1\n|-damage|p2b: Torkoal|43/100\n|-damage|p1b: Basculegion|83/100|[from] Recoil\n|move|p2a: Rotom|Discharge|p1b: Basculegion|[spread] p2b,p1a,p1b\n|-resisted|p1a: Rotom|1\n|-supereffective|p1b: Basculegion|1\n|-damage|p2b: Torkoal|8/100\n|-damage|p1a: Rotom|62/100\n|-damage|p1b: Basculegion|18/100\n|-status|p2b: Torkoal|par\n|\n|-weather|SunnyDay|[upkeep]\n|upkeep\n|turn|4\n|\n|t:|1776093970\n|move|p1b: Basculegion|Aqua Jet|p2a: Rotom\n|-damage|p2a: Rotom|0 fnt\n|faint|p2a: Rotom\n|move|p1a: Rotom|Thunderbolt|p2b: Torkoal\n|-damage|p2b: Torkoal|0 fnt\n|faint|p2b: Torkoal\n|\n|-weather|SunnyDay|[upkeep]\n|-sideend|p1: sgtbattle4|move: Tailwind\n|upkeep\n|\n|t:|1776093973\n|switch|p2a: Excadrill|Excadrill, L50, M|100/100\n|switch|p2b: Venusaur|Venusaur, L50, M|100/100\n|-ability|p2a: Excadrill|Mold Breaker\n|turn|5\n|\n|t:|1776093982\n|move|p2a: Excadrill|Protect|p2a: Excadrill\n|-singleturn|p2a: Excadrill|Protect\n|move|p2b: Venusaur|Giga Drain|p1b: Basculegion\n|-supereffective|p1b: Basculegion|1\n|-damage|p1b: Basculegion|0 fnt\n|faint|p1b: Basculegion\n|move|p1a: Rotom|Thunderbolt|p2b: Venusaur\n|-resisted|p2b: Venusaur|1\n|-damage|p2b: Venusaur|75/100\n|\n|-weather|SunnyDay|[upkeep]\n|upkeep\n|turn|6\n|\n|t:|1776093986\n|move|p2b: Venusaur|Protect|p2b: Venusaur\n|-singleturn|p2b: Venusaur|Protect\n|move|p1a: Rotom|Thunderbolt|p2b: Venusaur\n|-activate|p2b: Venusaur|move: Protect\n|move|p2a: Excadrill|Earthquake|p1a: Rotom|[spread] p1a\n|-activate|p2b: Venusaur|move: Protect\n|-supereffective|p1a: Rotom|2\n|-damage|p1a: Rotom|0 fnt\n|faint|p1a: Rotom\n|\n|win|KogaAF1219\n|raw|sgtbattle4's rating: 1066 &rarr; <strong>1049</strong><br />(-17 for losing)\n|raw|KogaAF1219's rating: 1115 &rarr; <strong>1136</strong><br />(+21 for winning)\n|l|\u2606sgtbattle4\n|player|p1|\n",
  "uploadtime": 1776093994,
  "views": 11,
  "formatid": "gen9championsvgc2026regma",
  "rating": 1049,
  "private": 0,
  "password": null
}