{
  "id": "gen9championsvgc2026regma-2584188926",
  "format": "[Gen 9 Champions] VGC 2026 Reg M-A",
  "players": [
    "zhz2021",
    "dkapflzksh"
  ],
  "log": "|j|\u2606zhz2021\n|j|\u2606dkapflzksh\n|t:|1776236052\n|gametype|doubles\n|player|p1|zhz2021|marley|1546\n|player|p2|dkapflzksh|scientist-gen4dp|1463\n|gen|9\n|tier|[Gen 9 Champions] VGC 2026 Reg M-A\n|rated|\n|rule|Species Clause: Limit one of each Pok\u00e9mon\n|rule|Item Clause: Limit 1 of each item\n|clearpoke\n|poke|p1|Sableye, L50, M|\n|poke|p1|Archaludon, L50, F|\n|poke|p1|Scovillain, L50, F|\n|poke|p1|Basculegion-F, L50, F|\n|poke|p1|Primarina, L50, F|\n|poke|p1|Venusaur, L50, M|\n|poke|p2|Pelipper, L50, F|\n|poke|p2|Basculegion, L50, M|\n|poke|p2|Dragonite, L50, M|\n|poke|p2|Archaludon, L50, F|\n|poke|p2|Sableye, L50, F|\n|poke|p2|Sinistcha-Masterpiece, L50|\n|teampreview|4\n|inactive|Battle timer is ON: inactive players will automatically lose when time's up. (requested by dkapflzksh)\n|\n|t:|1776236101\n|teamsize|p1|4\n|teamsize|p2|4\n|start\n|switch|p1a: Basculegion|Basculegion-F, L50, F, shiny|100/100\n|switch|p1b: Archaludon|Archaludon, L50, F|100/100\n|switch|p2a: Sableye|Sableye, L50, F|100/100\n|switch|p2b: Archaludon|Archaludon, L50, F, shiny|100/100\n|turn|1\n|inactive|dkapflzksh has 30 seconds left.\n|\n|t:|1776236131\n|switch|p1a: Venusaur|Venusaur, L50, M|100/100\n|move|p2a: Sableye|Thunder Wave|p1a: Venusaur\n|-status|p1a: Venusaur|par\n|move|p1b: Archaludon|Aura Sphere|p2b: Archaludon\n|-supereffective|p2b: Archaludon|1\n|-damage|p2b: Archaludon|49/100\n|-ability|p2b: Archaludon|Stamina|boost\n|-boost|p2b: Archaludon|def|1\n|move|p2b: Archaludon|Dragon Pulse|p1b: Archaludon\n|-damage|p1b: Archaludon|57/100\n|-ability|p1b: Archaludon|Stamina|boost\n|-boost|p1b: Archaludon|def|1\n|\n|-heal|p1b: Archaludon|63/100|[from] item: Leftovers\n|-heal|p2b: Archaludon|56/100|[from] item: Leftovers\n|upkeep\n|turn|2\n|\n|t:|1776236154\n|detailschange|p1a: Venusaur|Venusaur-Mega, L50, M\n|-mega|p1a: Venusaur|Venusaur|Venusaurite\n|move|p2a: Sableye|Disable|p1b: Archaludon\n|-start|p1b: Archaludon|Disable|Aura Sphere\n|cant|p1b: Archaludon|Disable|Aura Sphere\n|move|p2b: Archaludon|Dragon Pulse|p1a: Venusaur\n|-damage|p1a: Venusaur|74/100 par\n|move|p1a: Venusaur|Leech Seed|p2b: Archaludon\n|-start|p2b: Archaludon|move: Leech Seed\n|\n|-heal|p1b: Archaludon|69/100|[from] item: Leftovers\n|-heal|p2b: Archaludon|62/100|[from] item: Leftovers\n|-damage|p2b: Archaludon|49/100|[from] Leech Seed|[of] p1a: Venusaur\n|-heal|p1a: Venusaur|87/100 par|[silent]\n|upkeep\n|turn|3\n|l|\u2606zhz2021\n|inactive|zhz2021 disconnected and has a minute to reconnect!\n|player|p1|\n|j|\u2606zhz2021\n|inactive|zhz2021 reconnected and has 40 seconds left.\n|player|p1|zhz2021|marley|\n|inactive|dkapflzksh has 30 seconds left.\n|\n|t:|1776236181\n|switch|p1b: Primarina|Primarina, L50, F|100/100\n|switch|p2b: Dragonite|Dragonite, L50, M, shiny|100/100\n|move|p2a: Sableye|Thunder Wave|p1b: Primarina\n|-status|p1b: Primarina|par\n|move|p1a: Venusaur|Leech Seed|p2a: Sableye\n|-start|p2a: Sableye|move: Leech Seed\n|\n|-damage|p2a: Sableye|88/100|[from] Leech Seed|[of] p1a: Venusaur\n|-heal|p1a: Venusaur|96/100 par|[silent]\n|upkeep\n|turn|4\n|inactive|dkapflzksh has 30 seconds left.\n|\n|t:|1776236213\n|detailschange|p2b: Dragonite|Dragonite-Mega, L50, M, shiny\n|-mega|p2b: Dragonite|Dragonite|Dragoninite\n|move|p2a: Sableye|Rain Dance|p2a: Sableye\n|-weather|RainDance\n|move|p2b: Dragonite|Thunder|p1b: Primarina\n|-supereffective|p1b: Primarina|1\n|-damage|p1b: Primarina|23/100 par\n|-enditem|p1b: Primarina|Sitrus Berry|[eat]\n|-heal|p1b: Primarina|48/100 par|[from] item: Sitrus Berry\n|move|p1a: Venusaur|Leech Seed|p2b: Dragonite\n|-start|p2b: Dragonite|move: Leech Seed\n|move|p1b: Primarina|Moonblast|p2b: Dragonite\n|-supereffective|p2b: Dragonite|1\n|-damage|p2b: Dragonite|54/100\n|\n|-weather|RainDance|[upkeep]\n|-damage|p2b: Dragonite|42/100|[from] Leech Seed|[of] p1a: Venusaur\n|-heal|p1a: Venusaur|100/100 par|[silent]\n|-damage|p2a: Sableye|76/100|[from] Leech Seed|[of] p1a: Venusaur\n|upkeep\n|turn|5\n|inactive|zhz2021 has 30 seconds left.\n|inactive|zhz2021 has 20 seconds left.\n|inactive|zhz2021 has 15 seconds left.\n|\n|t:|1776236255\n|switch|p1a: Archaludon|Archaludon, L50, F|69/100\n|move|p1b: Primarina|Protect|p1b: Primarina\n|-singleturn|p1b: Primarina|Protect\n|move|p2a: Sableye|Encore||[still]\n|-fail|p2a: Sableye\n|move|p2b: Dragonite|Thunder|p1b: Primarina\n|-activate|p1b: Primarina|move: Protect\n|\n|-weather|RainDance|[upkeep]\n|-heal|p1a: Archaludon|75/100|[from] item: Leftovers\n|-damage|p2b: Dragonite|29/100|[from] Leech Seed|[of] p1a: Archaludon\n|-heal|p1a: Archaludon|86/100|[silent]\n|-damage|p2a: Sableye|64/100|[from] Leech Seed|[of] p1a: Archaludon\n|-heal|p1a: Archaludon|95/100|[silent]\n|upkeep\n|turn|6\n|\n|t:|1776236274\n|switch|p1b: Venusaur|Venusaur-Mega, L50, M|100/100 par\n|move|p2a: Sableye|Encore||[still]\n|-fail|p2a: Sableye\n|move|p2b: Dragonite|Draco Meteor|p1a: Archaludon\n|-damage|p1a: Archaludon|12/100\n|-unboost|p2b: Dragonite|spa|2\n|-ability|p1a: Archaludon|Stamina|boost\n|-boost|p1a: Archaludon|def|1\n|move|p1a: Archaludon|Electro Shot||[still]\n|-prepare|p1a: Archaludon|Electro Shot\n|-boost|p1a: Archaludon|spa|1\n|-anim|p1a: Archaludon|Electro Shot|p2b: Dragonite\n|-damage|p2b: Dragonite|0 fnt\n|faint|p2b: Dragonite\n|\n|-weather|RainDance|[upkeep]\n|-heal|p1a: Archaludon|18/100|[from] item: Leftovers\n|-damage|p2a: Sableye|52/100|[from] Leech Seed|[of] p1a: Archaludon\n|-heal|p1a: Archaludon|27/100|[silent]\n|upkeep\n|\n|t:|1776236297\n|switch|p2b: Archaludon|Archaludon, L50, F, shiny|49/100\n|turn|7\n|j| Cra3k\n|\n|t:|1776236314\n|move|p1a: Archaludon|Protect|p1a: Archaludon\n|-singleturn|p1a: Archaludon|Protect\n|move|p2a: Sableye|Thunder Wave|p1a: Archaludon\n|-activate|p1a: Archaludon|move: Protect\n|move|p2b: Archaludon|Dragon Pulse|p1a: Archaludon\n|-activate|p1a: Archaludon|move: Protect\n|move|p1b: Venusaur|Leech Seed|p2b: Archaludon\n|-start|p2b: Archaludon|move: Leech Seed\n|\n|-weather|RainDance|[upkeep]\n|-heal|p1a: Archaludon|33/100|[from] item: Leftovers\n|-heal|p2b: Archaludon|56/100|[from] item: Leftovers\n|-damage|p2b: Archaludon|43/100|[from] Leech Seed|[of] p1b: Venusaur\n|-damage|p2a: Sableye|40/100|[from] Leech Seed|[of] p1a: Archaludon\n|-heal|p1a: Archaludon|42/100|[silent]\n|upkeep\n|turn|8\n|-message|dkapflzksh forfeited.\n|\n|win|zhz2021\n|raw|zhz2021's rating: 1546 &rarr; <strong>1561</strong><br />(+15 for winning)\n|raw|dkapflzksh's rating: 1463 &rarr; <strong>1448</strong><br />(-15 for losing)\n",
  "uploadtime": 1776236319,
  "views": 36,
  "formatid": "gen9championsvgc2026regma",
  "rating": 1448,
  "private": 0,
  "password": null
}