{
  "id": "gen9championsvgc2026regma-2582975452",
  "format": "[Gen 9 Champions] VGC 2026 Reg M-A",
  "players": [
    "101doge101",
    "Novicebest"
  ],
  "log": "|j|\u2606101doge101\n|j|\u2606Novicebest\n|t:|1776129980\n|gametype|doubles\n|player|p1|101doge101|unknown|1252\n|player|p2|Novicebest|dawn|1325\n|gen|9\n|tier|[Gen 9 Champions] VGC 2026 Reg M-A\n|rated|\n|rule|Species Clause: Limit one of each Pok\u00e9mon\n|rule|Item Clause: Limit 1 of each item\n|clearpoke\n|poke|p1|Medicham, L50, F|\n|poke|p1|Maushold-Four, L50|\n|poke|p1|Talonflame, L50, F|\n|poke|p1|Aerodactyl, L50, F|\n|poke|p1|Incineroar, L50, M|\n|poke|p1|Garchomp, L50, M|\n|poke|p2|Kingambit, L50, F|\n|poke|p2|Gengar, L50, F|\n|poke|p2|Sneasler, L50, M|\n|poke|p2|Politoed, L50, F|\n|poke|p2|Incineroar, L50, F|\n|poke|p2|Basculegion, L50, M|\n|teampreview|4\n|inactive|Battle timer is ON: inactive players will automatically lose when time's up. (requested by Novicebest)\n|\n|t:|1776130011\n|teamsize|p1|4\n|teamsize|p2|4\n|start\n|switch|p1a: Medicham|Medicham, L50, F|100/100\n|switch|p1b: Maushold|Maushold-Four, L50|100/100\n|switch|p2a: Incineroar|Incineroar, L50, F|100/100\n|switch|p2b: Gengar|Gengar, L50, F|100/100\n|-ability|p2a: Incineroar|Intimidate|boost\n|-unboost|p1a: Medicham|atk|1\n|-unboost|p1b: Maushold|atk|1\n|turn|1\n|\n|t:|1776130034\n|detailschange|p2b: Gengar|Gengar-Mega, L50, F\n|-mega|p2b: Gengar|Gengar|Gengarite\n|detailschange|p1a: Medicham|Medicham-Mega, L50, F\n|-mega|p1a: Medicham|Medicham|Medichamite\n|move|p1b: Maushold|Helping Hand|p1a: Medicham\n|-singleturn|p1a: Medicham|Helping Hand|[of] p1b: Maushold\n|move|p1a: Medicham|Upper Hand|p2a: Incineroar\n|-supereffective|p2a: Incineroar|1\n|-damage|p2a: Incineroar|4/100\n|-enditem|p2a: Incineroar|Sitrus Berry|[eat]\n|-heal|p2a: Incineroar|29/100|[from] item: Sitrus Berry\n|cant|p2a: Incineroar|flinch\n|move|p2b: Gengar|Perish Song|p2b: Gengar\n|-start|p1a: Medicham|perish3|[silent]\n|-start|p1b: Maushold|perish3|[silent]\n|-start|p2a: Incineroar|perish3|[silent]\n|-start|p2b: Gengar|perish3|[silent]\n|-fieldactivate|move: Perish Song\n|\n|-start|p2b: Gengar|perish3\n|-start|p1a: Medicham|perish3\n|-start|p1b: Maushold|perish3\n|-start|p2a: Incineroar|perish3\n|upkeep\n|turn|2\n|inactive|Novicebest has 30 seconds left.\n|\n|t:|1776130061\n|switch|p2a: Basculegion|Basculegion, L50, M|100/100\n|move|p2b: Gengar|Protect|p2b: Gengar\n|-singleturn|p2b: Gengar|Protect\n|move|p1b: Maushold|Follow Me|p1b: Maushold\n|-singleturn|p1b: Maushold|move: Follow Me\n|move|p1a: Medicham|Zen Headbutt|p2b: Gengar\n|-activate|p2b: Gengar|move: Protect\n|\n|-start|p2b: Gengar|perish2\n|-start|p1a: Medicham|perish2\n|-start|p1b: Maushold|perish2\n|upkeep\n|turn|3\n|inactive|Novicebest has 30 seconds left.\n|inactive|Novicebest has 20 seconds left.\n|\n|t:|1776130098\n|switch|p2a: Incineroar|Incineroar, L50, F|29/100\n|-ability|p2a: Incineroar|Intimidate|boost\n|-unboost|p1a: Medicham|atk|1\n|-unboost|p1b: Maushold|atk|1\n|move|p1b: Maushold|Follow Me|p1b: Maushold\n|-singleturn|p1b: Maushold|move: Follow Me\n|move|p2b: Gengar|Disable|p1b: Maushold\n|-start|p1b: Maushold|Disable|Follow Me\n|-enditem|p1b: Maushold|Mental Herb\n|-end|p1b: Maushold|Disable\n|move|p1a: Medicham|Zen Headbutt|p2b: Gengar\n|-supereffective|p2b: Gengar|1\n|-damage|p2b: Gengar|2/100\n|\n|-start|p2b: Gengar|perish1\n|-start|p1a: Medicham|perish1\n|-start|p1b: Maushold|perish1\n|upkeep\n|turn|4\n|\n|t:|1776130123\n|switch|p2b: Politoed|Politoed, L50, F|100/100\n|-weather|RainDance|[from] ability: Drizzle|[of] p2b: Politoed\n|move|p2a: Incineroar|Protect|p2a: Incineroar\n|-singleturn|p2a: Incineroar|Protect\n|move|p1a: Medicham|Upper Hand||[still]\n|-fail|p1a: Medicham\n|move|p1b: Maushold|U-turn|p2b: Politoed\n|-damage|p2b: Politoed|93/100\n|\n|t:|1776130134\n|switch|p1b: Talonflame|Talonflame, L50, F|100/100|[from] U-turn\n|\n|-weather|RainDance|[upkeep]\n|-heal|p2b: Politoed|99/100|[from] item: Leftovers\n|-start|p1a: Medicham|perish0\n|faint|p1a: Medicham\n|upkeep\n|\n|t:|1776130137\n|switch|p1a: Garchomp|Garchomp, L50, M|100/100\n|turn|5\n|\n|t:|1776130159\n|switch|p2a: Gengar|Gengar-Mega, L50, F|2/100\n|move|p1b: Talonflame|Dual Wingbeat|p2b: Politoed|[miss]\n|-miss|p1b: Talonflame|p2b: Politoed\n|move|p1a: Garchomp|Earthquake|p2b: Politoed|[spread] p2a,p2b\n|-immune|p1b: Talonflame\n|-supereffective|p2a: Gengar|1\n|-damage|p2a: Gengar|0 fnt\n|-damage|p2b: Politoed|52/100\n|faint|p2a: Gengar\n|move|p2b: Politoed|Perish Song|p2b: Politoed\n|-start|p1a: Garchomp|perish3|[silent]\n|-start|p1b: Talonflame|perish3|[silent]\n|-start|p2b: Politoed|perish3|[silent]\n|-fieldactivate|move: Perish Song\n|\n|-weather|RainDance|[upkeep]\n|-heal|p2b: Politoed|58/100|[from] item: Leftovers\n|-start|p1b: Talonflame|perish3\n|-start|p1a: Garchomp|perish3\n|-start|p2b: Politoed|perish3\n|upkeep\n|\n|t:|1776130178\n|switch|p2a: Basculegion|Basculegion, L50, M|100/100\n|turn|6\n|\n|t:|1776130187\n|move|p1b: Talonflame|Tailwind|p1b: Talonflame\n|-sidestart|p1: 101doge101|move: Tailwind\n|move|p1a: Garchomp|Earthquake|p2b: Politoed|[spread] p2a,p2b\n|-immune|p1b: Talonflame\n|-damage|p2a: Basculegion|56/100\n|-damage|p2b: Politoed|15/100\n|move|p2a: Basculegion|Wave Crash|p1a: Garchomp\n|-damage|p1a: Garchomp|0 fnt\n|-damage|p2a: Basculegion|44/100|[from] ability: Rough Skin|[of] p1a: Garchomp\n|faint|p1a: Garchomp\n|-damage|p2a: Basculegion|14/100|[from] Recoil\n|move|p2b: Politoed|Weather Ball|p1b: Talonflame\n|-supereffective|p1b: Talonflame|1\n|-enditem|p1b: Talonflame|Focus Sash\n|-damage|p1b: Talonflame|1/100\n|\n|-weather|RainDance|[upkeep]\n|-heal|p2b: Politoed|21/100|[from] item: Leftovers\n|-start|p1b: Talonflame|perish2\n|-start|p2b: Politoed|perish2\n|upkeep\n|\n|t:|1776130196\n|switch|p1a: Maushold|Maushold-Four, L50|100/100\n|turn|7\n|\n|t:|1776130216\n|move|p1a: Maushold|Protect|p1a: Maushold\n|-singleturn|p1a: Maushold|Protect\n|move|p2a: Basculegion|Aqua Jet|p1b: Talonflame\n|-supereffective|p1b: Talonflame|1\n|-damage|p1b: Talonflame|0 fnt\n|faint|p1b: Talonflame\n|move|p2b: Politoed|Perish Song|p2b: Politoed\n|-start|p1a: Maushold|perish3|[silent]\n|-start|p2a: Basculegion|perish3|[silent]\n|-fieldactivate|move: Perish Song\n|\n|-weather|RainDance|[upkeep]\n|-heal|p2b: Politoed|27/100|[from] item: Leftovers\n|-start|p1a: Maushold|perish3\n|-start|p2a: Basculegion|perish3\n|-start|p2b: Politoed|perish1\n|upkeep\n|turn|8\n|-message|101doge101 forfeited.\n|\n|win|Novicebest\n|raw|101doge101's rating: 1252 &rarr; <strong>1232</strong><br />(-20 for losing)\n|raw|Novicebest's rating: 1325 &rarr; <strong>1341</strong><br />(+16 for winning)\n|l|\u2606101doge101\n|player|p1|\n",
  "uploadtime": 1776130232,
  "views": 18,
  "formatid": "gen9championsvgc2026regma",
  "rating": 1232,
  "private": 0,
  "password": null
}