{
  "id": "gen9championsvgc2026regma-2583811416",
  "format": "[Gen 9 Champions] VGC 2026 Reg M-A",
  "players": [
    "SkelyStealth",
    "ScribbleScribble"
  ],
  "log": "|j|\u2606SkelyStealth\n|j|\u2606ScribbleScribble\n|t:|1776199507\n|gametype|doubles\n|player|p1|SkelyStealth|yellow|1507\n|player|p2|ScribbleScribble|mina-lgpe|1563\n|gen|9\n|tier|[Gen 9 Champions] VGC 2026 Reg M-A\n|rated|\n|rule|Species Clause: Limit one of each Pok\u00e9mon\n|rule|Item Clause: Limit 1 of each item\n|clearpoke\n|poke|p1|Farigiraf, L50, M|\n|poke|p1|Mimikyu, L50, F|\n|poke|p1|Incineroar, L50, F|\n|poke|p1|Torkoal, L50, F|\n|poke|p1|Crabominable, L50, F|\n|poke|p1|Chandelure, L50, F|\n|poke|p2|Floette-Eternal, L50, F|\n|poke|p2|Sneasler, L50, F|\n|poke|p2|Aerodactyl, L50, M|\n|poke|p2|Basculegion, L50, M|\n|poke|p2|Sinistcha-Masterpiece, L50|\n|poke|p2|Kingambit, L50, M|\n|teampreview|4\n|inactive|Battle timer is ON: inactive players will automatically lose when time's up. (requested by ScribbleScribble)\n|inactive|ScribbleScribble has 60 seconds left.\n|j| PinkPanth\n|\n|t:|1776199564\n|teamsize|p1|4\n|teamsize|p2|4\n|start\n|switch|p1a: I'm Nobody|Mimikyu, L50, F|100/100\n|switch|p1b: Lazy Cat|Incineroar, L50, F|100/100\n|switch|p2a: Kingambit|Kingambit, L50, M|100/100\n|switch|p2b: Floette|Floette-Eternal, L50, F|100/100\n|-ability|p1b: Lazy Cat|Intimidate|boost\n|-unboost|p2a: Kingambit|atk|1\n|-ability|p2a: Kingambit|Defiant|boost\n|-boost|p2a: Kingambit|atk|2\n|-unboost|p2b: Floette|atk|1\n|turn|1\n|\n|t:|1776199574\n|detailschange|p2b: Floette|Floette-Mega, L50, F\n|-mega|p2b: Floette|Floette|Floettite\n|-ability|p2b: Floette|Fairy Aura\n|move|p2b: Floette|Dazzling Gleam|p1b: Lazy Cat|[spread] p1a,p1b\n|-activate|p1a: I'm Nobody|ability: Disguise\n|-damage|p1a: I'm Nobody|100/100\n|-damage|p1b: Lazy Cat|56/100\n|detailschange|p1a: I'm Nobody|Mimikyu-Busted, L50, F\n|-damage|p1a: I'm Nobody|88/100|[from] pokemon: Mimikyu-Busted\n|move|p1b: Lazy Cat|Close Combat|p2a: Kingambit\n|-supereffective|p2a: Kingambit|2\n|-damage|p2a: Kingambit|0 fnt\n|-unboost|p1b: Lazy Cat|def|1\n|-unboost|p1b: Lazy Cat|spd|1\n|faint|p2a: Kingambit\n|-enditem|p1b: Lazy Cat|White Herb\n|-clearnegativeboost|p1b: Lazy Cat|[silent]\n|move|p1a: I'm Nobody|Trick Room|p1a: I'm Nobody\n|-fieldstart|move: Trick Room|[of] p1a: I'm Nobody\n|\n|upkeep\n|\n|t:|1776199581\n|switch|p2a: Sinistcha|Sinistcha-Masterpiece, L50, shiny|100/100\n|turn|2\n|j| Mr. Joesterr\n|\n|t:|1776199588\n|move|p1a: I'm Nobody|Shadow Sneak|p2a: Sinistcha\n|-supereffective|p2a: Sinistcha|1\n|-damage|p2a: Sinistcha|69/100\n|move|p1b: Lazy Cat|Darkest Lariat|p2a: Sinistcha\n|-supereffective|p2a: Sinistcha|1\n|-damage|p2a: Sinistcha|0 fnt\n|faint|p2a: Sinistcha\n|move|p2b: Floette|Calm Mind|p2b: Floette\n|-boost|p2b: Floette|spa|1\n|-boost|p2b: Floette|spd|1\n|\n|upkeep\n|\n|t:|1776199593\n|switch|p2a: Basculegion|Basculegion, L50, M|100/100\n|turn|3\n|\n|t:|1776199596\n|move|p2a: Basculegion|Aqua Jet|p1b: Lazy Cat\n|-supereffective|p1b: Lazy Cat|1\n|-damage|p1b: Lazy Cat|6/100\n|move|p1b: Lazy Cat|Darkest Lariat|p2a: Basculegion\n|-supereffective|p2a: Basculegion|1\n|-crit|p2a: Basculegion\n|-damage|p2a: Basculegion|0 fnt\n|faint|p2a: Basculegion\n|move|p1a: I'm Nobody|Wood Hammer|p2b: Floette\n|-crit|p2b: Floette\n|-damage|p2b: Floette|36/100\n|-damage|p1a: I'm Nobody|67/100|[from] Recoil\n|move|p2b: Floette|Dazzling Gleam|p1b: Lazy Cat|[spread] p1a,p1b\n|-damage|p1a: I'm Nobody|0 fnt\n|-damage|p1b: Lazy Cat|0 fnt\n|faint|p1a: I'm Nobody\n|faint|p1b: Lazy Cat\n|\n|upkeep\n|\n|t:|1776199599\n|switch|p1b: Sung Jin-woo|Chandelure, L50, F|100/100\n|switch|p1a: Sun's up|Torkoal, L50, F|100/100\n|-weather|SunnyDay|[from] ability: Drought|[of] p1a: Sun's up\n|turn|4\n|\n|t:|1776199604\n|detailschange|p1b: Sung Jin-woo|Chandelure-Mega, L50, F\n|-mega|p1b: Sung Jin-woo|Chandelure|Chandelurite\n|move|p2b: Floette|Protect|p2b: Floette\n|-singleturn|p2b: Floette|Protect\n|move|p1a: Sun's up|Eruption|p2b: Floette\n|-activate|p2b: Floette|move: Protect\n|move|p1b: Sung Jin-woo|Shadow Ball|p2b: Floette\n|-activate|p2b: Floette|move: Protect\n|\n|-weather|SunnyDay|[upkeep]\n|upkeep\n|turn|5\n|\n|t:|1776199607\n|move|p2b: Floette|Protect|p2b: Floette\n|-singleturn|p2b: Floette|Protect\n|move|p1a: Sun's up|Eruption|p2b: Floette\n|-activate|p2b: Floette|move: Protect\n|move|p1b: Sung Jin-woo|Shadow Ball|p2b: Floette\n|-activate|p2b: Floette|move: Protect\n|\n|-weather|SunnyDay|[upkeep]\n|-fieldend|move: Trick Room\n|upkeep\n|turn|6\n|\n|t:|1776199613\n|move|p2b: Floette|Dazzling Gleam|p1b: Sung Jin-woo|[spread] p1a,p1b\n|-resisted|p1a: Sun's up|1\n|-resisted|p1b: Sung Jin-woo|1\n|-damage|p1a: Sun's up|54/100\n|-damage|p1b: Sung Jin-woo|65/100\n|move|p1a: Sun's up|Weather Ball|p2b: Floette\n|-damage|p2b: Floette|0 fnt\n|faint|p2b: Floette\n|\n|win|SkelyStealth\n|raw|SkelyStealth's rating: 1507 &rarr; <strong>1530</strong><br />(+23 for winning)\n|raw|ScribbleScribble's rating: 1563 &rarr; <strong>1540</strong><br />(-23 for losing)\n|c|\u2606SkelyStealth|gg\n|c|\u2606SkelyStealth|felt like a blitz game\n|c|\u2606SkelyStealth|lol\n|l|\u2606ScribbleScribble\n|player|p2|\n|l| Mr. Joesterr\n|l|\u2606SkelyStealth\n|player|p1|\n|j|\u2606SkelyStealth\n|player|p1|SkelyStealth|yellow|\n",
  "uploadtime": 1776199755,
  "views": 73,
  "formatid": "gen9championsvgc2026regma",
  "rating": 1530,
  "private": 0,
  "password": null
}