{
  "id": "gen9championsvgc2026regma-2586768389",
  "format": "[Gen 9 Champions] VGC 2026 Reg M-A",
  "players": [
    "sknowing",
    "nakoharuno"
  ],
  "log": "|j|\u2606sknowing\n|j|\u2606nakoharuno\n|t:|1776458387\n|gametype|doubles\n|player|p1|sknowing|n|1187\n|player|p2|nakoharuno|dawn|1089\n|gen|9\n|tier|[Gen 9 Champions] VGC 2026 Reg M-A\n|rated|\n|rule|Species Clause: Limit one of each Pok\u00e9mon\n|rule|Item Clause: Limit 1 of each item\n|clearpoke\n|poke|p1|Froslass, L50, F|\n|poke|p1|Greninja-*, L50, F|\n|poke|p1|Incineroar, L50, F|\n|poke|p1|Whimsicott, L50, M|\n|poke|p1|Garchomp, L50, F|\n|poke|p1|Aegislash, L50, M|\n|poke|p2|Kangaskhan, L50, F|\n|poke|p2|Oranguru, L50, M|\n|poke|p2|Torkoal, L50, F|\n|poke|p2|Decidueye-Hisui, L50, M|\n|poke|p2|Klefki, L50, F|\n|poke|p2|Blastoise, L50, F|\n|teampreview|4\n|\n|t:|1776458442\n|teamsize|p1|4\n|teamsize|p2|4\n|start\n|switch|p1a: Whimsicott|Whimsicott, L50, M, shiny|100/100\n|switch|p1b: Greninja|Greninja, L50, F, shiny|100/100\n|switch|p2a: Oranguru|Oranguru, L50, M, shiny|100/100\n|switch|p2b: Kangaskhan|Kangaskhan, L50, F, shiny|100/100\n|turn|1\n|\n|t:|1776458461\n|detailschange|p2b: Kangaskhan|Kangaskhan-Mega, L50, F, shiny\n|-mega|p2b: Kangaskhan|Kangaskhan|Kangaskhanite\n|move|p2b: Kangaskhan|Fake Out|p1b: Greninja\n|-damage|p1b: Greninja|63/100\n|-damage|p1b: Greninja|54/100\n|-hitcount|p1b: Greninja|2\n|move|p1a: Whimsicott|Taunt|p2a: Oranguru\n|-start|p2a: Oranguru|move: Taunt\n|-enditem|p2a: Oranguru|Mental Herb\n|-end|p2a: Oranguru|move: Taunt\n|cant|p1b: Greninja|flinch\n|move|p2a: Oranguru|Trick Room|p2a: Oranguru\n|-fieldstart|move: Trick Room|[of] p2a: Oranguru\n|\n|upkeep\n|turn|2\n|l|\u2606nakoharuno\n|player|p2|\n|inactive|Battle timer is ON: inactive players will automatically lose when time's up. (requested by sknowing)\n|j|\u2606nakoharuno\n|inactive|nakoharuno reconnected and has 90 seconds left.\n|player|p2|nakoharuno|dawn|\n|\n|t:|1776458498\n|move|p1a: Whimsicott|Encore|p2a: Oranguru\n|-start|p2a: Oranguru|Encore\n|move|p2b: Kangaskhan|Body Slam|p1a: Whimsicott\n|-damage|p1a: Whimsicott|33/100\n|-status|p1a: Whimsicott|par\n|-damage|p1a: Whimsicott|15/100 par\n|-hitcount|p1a: Whimsicott|2\n|move|p1b: Greninja|Hydro Pump|p2b: Kangaskhan\n|-start|p1b: Greninja|typechange|Water|[from] ability: Protean\n|-damage|p2b: Kangaskhan|52/100\n|move|p2a: Oranguru|Trick Room|p2a: Oranguru\n|-fieldend|move: Trick Room\n|\n|upkeep\n|turn|3\n|inactive|sknowing has 30 seconds left.\n|\n|t:|1776458523\n|switch|p1b: Froslass|Froslass, L50, F|100/100\n|move|p2b: Kangaskhan|Protect|p2b: Kangaskhan\n|-singleturn|p2b: Kangaskhan|Protect\n|move|p1a: Whimsicott|Taunt|p2a: Oranguru\n|-start|p2a: Oranguru|move: Taunt\n|cant|p2a: Oranguru|move: Taunt|Trick Room\n|\n|upkeep\n|turn|4\n|inactive|nakoharuno has 30 seconds left.\n|inactive|nakoharuno has 20 seconds left.\n|inactive|nakoharuno has 15 seconds left.\n|\n|t:|1776458567\n|switch|p2a: Decidueye|Decidueye-Hisui, L50, M|100/100\n|detailschange|p1b: Froslass|Froslass-Mega, L50, F\n|-mega|p1b: Froslass|Froslass|Froslassite\n|-weather|Snowscape|[from] ability: Snow Warning|[of] p1b: Froslass\n|move|p1a: Whimsicott|Encore|p2b: Kangaskhan\n|-start|p2b: Kangaskhan|Encore\n|move|p2b: Kangaskhan|Protect|p2b: Kangaskhan\n|-singleturn|p2b: Kangaskhan|Protect\n|move|p1b: Froslass|Nasty Plot|p1b: Froslass\n|-boost|p1b: Froslass|spa|2\n|\n|-weather|Snowscape|[upkeep]\n|upkeep\n|turn|5\n|\n|t:|1776458586\n|switch|p2b: Oranguru|Oranguru, L50, M, shiny|100/100\n|switch|p2a: Torkoal|Torkoal, L50, F|100/100\n|-weather|SunnyDay|[from] ability: Drought|[of] p2a: Torkoal\n|move|p1a: Whimsicott|Tailwind|p1a: Whimsicott\n|-sidestart|p1: sknowing|move: Tailwind\n|move|p1b: Froslass|Blizzard|p2a: Torkoal|[spread] p2a,p2b\n|-resisted|p2a: Torkoal|1\n|-damage|p2a: Torkoal|41/100\n|-damage|p2b: Oranguru|12/100\n|\n|-weather|SunnyDay|[upkeep]\n|upkeep\n|turn|6\n|\n|t:|1776458605\n|switch|p1a: Greninja|Greninja, L50, F, shiny|54/100\n|move|p2a: Torkoal|Protect|p2a: Torkoal\n|-singleturn|p2a: Torkoal|Protect\n|move|p1b: Froslass|Blizzard|p2a: Torkoal|[spread] p2b\n|-activate|p2a: Torkoal|move: Protect\n|-damage|p2b: Oranguru|0 fnt\n|faint|p2b: Oranguru\n|\n|-weather|SunnyDay|[upkeep]\n|upkeep\n|\n|t:|1776458617\n|switch|p2b: Kangaskhan|Kangaskhan-Mega, L50, F, shiny|52/100\n|turn|7\n|\n|t:|1776458630\n|switch|p1a: Garchomp|Garchomp, L50, F|100/100\n|move|p2b: Kangaskhan|Fake Out|p1a: Garchomp\n|-damage|p1a: Garchomp|76/100\n|-damage|p2b: Kangaskhan|40/100|[from] ability: Rough Skin|[of] p1a: Garchomp\n|-damage|p1a: Garchomp|70/100\n|-damage|p2b: Kangaskhan|28/100|[from] ability: Rough Skin|[of] p1a: Garchomp\n|-hitcount|p1a: Garchomp|2\n|move|p1b: Froslass|Blizzard|p2b: Kangaskhan|[spread] p2a,p2b\n|-resisted|p2a: Torkoal|1\n|-damage|p2a: Torkoal|0 fnt\n|-damage|p2b: Kangaskhan|0 fnt\n|faint|p2a: Torkoal\n|faint|p2b: Kangaskhan\n|\n|-weather|SunnyDay|[upkeep]\n|upkeep\n|\n|t:|1776458651\n|switch|p2b: Decidueye|Decidueye-Hisui, L50, M|100/100\n|turn|8\n|\n|t:|1776458666\n|move|p1b: Froslass|Blizzard|p2b: Decidueye|[miss]\n|-miss|p1b: Froslass|p2b: Decidueye\n|move|p1a: Garchomp|Dragon Claw|p2b: Decidueye\n|-damage|p2b: Decidueye|58/100\n|move|p2b: Decidueye|Triple Arrows|p1b: Froslass\n|-supereffective|p1b: Froslass|1\n|-damage|p1b: Froslass|0 fnt\n|faint|p1b: Froslass\n|\n|-weather|SunnyDay|[upkeep]\n|-sideend|p1: sknowing|move: Tailwind\n|upkeep\n|\n|t:|1776458680\n|switch|p1b: Whimsicott|Whimsicott, L50, M, shiny|15/100 par\n|turn|9\n|\n|t:|1776458685\n|move|p1b: Whimsicott|Tailwind|p1b: Whimsicott\n|-sidestart|p1: sknowing|move: Tailwind\n|move|p1a: Garchomp|Dragon Claw|p2b: Decidueye\n|-damage|p2b: Decidueye|15/100\n|move|p2b: Decidueye|Leaf Blade|p1a: Garchomp\n|-crit|p1a: Garchomp\n|-damage|p1a: Garchomp|2/100\n|-damage|p2b: Decidueye|2/100|[from] ability: Rough Skin|[of] p1a: Garchomp\n|\n|-weather|none\n|upkeep\n|turn|10\n|inactive|sknowing has 30 seconds left.\n|inactive|sknowing has 20 seconds left.\n|\n|t:|1776458724\n|move|p1b: Whimsicott|Protect|p1b: Whimsicott\n|-singleturn|p1b: Whimsicott|Protect\n|move|p1a: Garchomp|Protect|p1a: Garchomp\n|-singleturn|p1a: Garchomp|Protect\n|move|p2b: Decidueye|Triple Arrows|p1a: Garchomp\n|-activate|p1a: Garchomp|move: Protect\n|\n|upkeep\n|turn|11\n|\n|t:|1776458735\n|move|p2b: Decidueye|Protect|p2b: Decidueye\n|-singleturn|p2b: Decidueye|Protect\n|move|p1b: Whimsicott|Taunt|p2b: Decidueye\n|-activate|p2b: Decidueye|move: Protect\n|move|p1a: Garchomp|Dragon Claw|p2b: Decidueye\n|-activate|p2b: Decidueye|move: Protect\n|\n|upkeep\n|turn|12\n|\n|t:|1776458751\n|move|p2b: Decidueye|Protect||[still]\n|-fail|p2b: Decidueye\n|move|p1b: Whimsicott|Encore|p2b: Decidueye\n|-start|p2b: Decidueye|Encore\n|move|p1a: Garchomp|Dragon Claw|p2b: Decidueye\n|-damage|p2b: Decidueye|0 fnt\n|faint|p2b: Decidueye\n|\n|win|sknowing\n|raw|sknowing's rating: 1187 &rarr; <strong>1205</strong><br />(+18 for winning)\n|raw|nakoharuno's rating: 1089 &rarr; <strong>1072</strong><br />(-17 for losing)\n|l|\u2606nakoharuno\n|player|p2|\n",
  "uploadtime": 1776458786,
  "views": 28,
  "formatid": "gen9championsvgc2026regma",
  "rating": 1072,
  "private": 0,
  "password": null
}