{
  "id": "gen9championsvgc2026regma-2584248739",
  "format": "[Gen 9 Champions] VGC 2026 Reg M-A",
  "players": [
    "siresh87",
    "Bastiodon Stan"
  ],
  "log": "|j|\u2606siresh87\n|j|\u2606Bastiodon Stan\n|t:|1776243035\n|gametype|doubles\n|player|p1|siresh87|hilbert|1000\n|player|p2|Bastiodon Stan|pokemonbreederf|1047\n|gen|9\n|tier|[Gen 9 Champions] VGC 2026 Reg M-A\n|rated|\n|rule|Species Clause: Limit one of each Pok\u00e9mon\n|rule|Item Clause: Limit 1 of each item\n|clearpoke\n|poke|p1|Glimmora, L50, F|\n|poke|p1|Pelipper, L50, M|\n|poke|p1|Basculegion, L50, M|\n|poke|p1|Archaludon, L50, M|\n|poke|p1|Incineroar, L50, M|\n|poke|p1|Whimsicott, L50, F|\n|poke|p2|Victreebel, L50, F|\n|poke|p2|Gyarados, L50, F|\n|poke|p2|Talonflame, L50, F|\n|poke|p2|Mamoswine, L50, M|\n|poke|p2|Garchomp, L50, F|\n|poke|p2|Lopunny, L50, M|\n|teampreview|4\n|inactive|Battle timer is ON: inactive players will automatically lose when time's up. (requested by siresh87)\n|\n|t:|1776243070\n|teamsize|p1|4\n|teamsize|p2|4\n|start\n|switch|p1a: Whimsicott|Whimsicott, L50, F|100/100\n|switch|p1b: Glimmora|Glimmora, L50, F|100/100\n|switch|p2a: Surblind\u00e9|Mamoswine, L50, M|100/100\n|switch|p2b: Char|Talonflame, L50, F|100/100\n|turn|1\n|inactive|siresh87 has 30 seconds left.\n|inactive|Bastiodon Stan has 30 seconds left.\n|\n|t:|1776243100\n|detailschange|p1b: Glimmora|Glimmora-Mega, L50, F\n|-mega|p1b: Glimmora|Glimmora|Glimmoranite\n|move|p2b: Char|Protect|p2b: Char\n|-singleturn|p2b: Char|Protect\n|move|p1a: Whimsicott|Tailwind|p1a: Whimsicott\n|-sidestart|p1: siresh87|move: Tailwind\n|move|p1b: Glimmora|Power Gem|p2a: Surblind\u00e9\n|-damage|p2a: Surblind\u00e9|21/100\n|move|p2a: Surblind\u00e9|Earthquake|p1b: Glimmora|[spread] p1a,p1b\n|-activate|p2b: Char|move: Protect\n|-resisted|p1a: Whimsicott|1\n|-supereffective|p1b: Glimmora|2\n|-damage|p1a: Whimsicott|73/100\n|-damage|p1b: Glimmora|0 fnt\n|faint|p1b: Glimmora\n|\n|upkeep\n|\n|t:|1776243117\n|switch|p1b: Basculegion|Basculegion, L50, M|100/100\n|turn|2\n|\n|t:|1776243130\n|switch|p2a: Lorraine|Gyarados, L50, F|100/100\n|-ability|p2a: Lorraine|Intimidate|boost\n|-unboost|p1a: Whimsicott|atk|1\n|-unboost|p1b: Basculegion|atk|1\n|move|p1a: Whimsicott|Encore|p2b: Char\n|-start|p2b: Char|Encore\n|move|p2b: Char|Protect||[still]\n|-fail|p2b: Char\n|move|p1b: Basculegion|Wave Crash|p2a: Lorraine\n|-resisted|p2a: Lorraine|1\n|-damage|p2a: Lorraine|83/100\n|-damage|p1b: Basculegion|95/100|[from] Recoil\n|\n|upkeep\n|turn|3\n|inactive|Bastiodon Stan has 30 seconds left.\n|\n|t:|1776243156\n|switch|p1b: Pelipper|Pelipper, L50, M|100/100\n|-weather|RainDance|[from] ability: Drizzle|[of] p1b: Pelipper\n|switch|p2b: Surblind\u00e9|Mamoswine, L50, M|21/100\n|move|p1a: Whimsicott|Moonblast|p2a: Lorraine\n|-damage|p2a: Lorraine|56/100\n|move|p2a: Lorraine|Thunder Wave|p1b: Pelipper\n|-status|p1b: Pelipper|par\n|\n|-weather|RainDance|[upkeep]\n|upkeep\n|turn|4\n|inactive|Bastiodon Stan has 30 seconds left.\n|\n|t:|1776243188\n|move|p2b: Surblind\u00e9|Ice Shard|p1a: Whimsicott\n|-supereffective|p1a: Whimsicott|1\n|-damage|p1a: Whimsicott|6/100\n|move|p1a: Whimsicott|Moonblast|p2a: Lorraine\n|-damage|p2a: Lorraine|29/100\n|-enditem|p2a: Lorraine|Sitrus Berry|[eat]\n|-heal|p2a: Lorraine|54/100|[from] item: Sitrus Berry\n|move|p2a: Lorraine|Icy Wind|p1a: Whimsicott|[spread] p1a,p1b\n|-supereffective|p1a: Whimsicott|1\n|-damage|p1a: Whimsicott|0 fnt\n|-damage|p1b: Pelipper|89/100 par\n|-unboost|p1b: Pelipper|spe|1\n|faint|p1a: Whimsicott\n|move|p1b: Pelipper|Icy Wind|p2a: Lorraine|[spread] p2a,p2b\n|-damage|p2a: Lorraine|45/100\n|-damage|p2b: Surblind\u00e9|7/100\n|-unboost|p2a: Lorraine|spe|1\n|-unboost|p2b: Surblind\u00e9|spe|1\n|\n|-weather|RainDance|[upkeep]\n|-sideend|p1: siresh87|move: Tailwind\n|upkeep\n|\n|t:|1776243202\n|switch|p1a: Basculegion|Basculegion, L50, M|95/100\n|turn|5\n|\n|t:|1776243212\n|move|p2b: Surblind\u00e9|Ice Shard|p1a: Basculegion\n|-resisted|p1a: Basculegion|1\n|-damage|p1a: Basculegion|79/100\n|move|p1a: Basculegion|Last Respects|p2a: Lorraine\n|-damage|p2a: Lorraine|0 fnt\n|faint|p2a: Lorraine\n|cant|p1b: Pelipper|par\n|\n|-weather|RainDance|[upkeep]\n|upkeep\n|\n|t:|1776243221\n|switch|p2a: Char|Talonflame, L50, F|100/100\n|turn|6\n|\n|t:|1776243235\n|move|p1a: Basculegion|Aqua Jet|p2a: Char\n|-supereffective|p2a: Char|1\n|-damage|p2a: Char|19/100\n|move|p2a: Char|Tailwind|p2a: Char\n|-sidestart|p2: Bastiodon Stan|move: Tailwind\n|move|p2b: Surblind\u00e9|Icicle Crash|p1b: Pelipper\n|-damage|p1b: Pelipper|19/100 par\n|cant|p1b: Pelipper|flinch\n|\n|-weather|RainDance|[upkeep]\n|upkeep\n|turn|7\n|inactive|Bastiodon Stan has 30 seconds left.\n|\n|t:|1776243261\n|move|p1a: Basculegion|Aqua Jet|p2b: Surblind\u00e9\n|-supereffective|p2b: Surblind\u00e9|1\n|-damage|p2b: Surblind\u00e9|0 fnt\n|faint|p2b: Surblind\u00e9\n|move|p2a: Char|Will-O-Wisp|p1a: Basculegion\n|-status|p1a: Basculegion|brn\n|move|p1b: Pelipper|Icy Wind|p2a: Char\n|-damage|p2a: Char|0 fnt\n|faint|p2a: Char\n|\n|-weather|none\n|-damage|p1a: Basculegion|72/100 brn|[from] brn\n|upkeep\n|\n|t:|1776243285\n|switch|p2b: Dauphin\u00e9|Lopunny, L50, M|100/100\n|turn|8\n|\n|t:|1776243303\n|detailschange|p2b: Dauphin\u00e9|Lopunny-Mega, L50, M\n|-mega|p2b: Dauphin\u00e9|Lopunny|Lopunnite\n|move|p2b: Dauphin\u00e9|Close Combat|p1a: Basculegion\n|-damage|p1a: Basculegion|0 fnt\n|-unboost|p2b: Dauphin\u00e9|def|1\n|-unboost|p2b: Dauphin\u00e9|spd|1\n|faint|p1a: Basculegion\n|cant|p1b: Pelipper|par\n|\n|upkeep\n|turn|9\n|-message|siresh87 forfeited.\n|\n|win|Bastiodon Stan\n|raw|siresh87's rating: 1000 &rarr; <strong>1000</strong><br />(+0 for losing)\n|raw|Bastiodon Stan's rating: 1047 &rarr; <strong>1076</strong><br />(+29 for winning)\n|l|\u2606siresh87\n|player|p1|\n",
  "uploadtime": 1776243322,
  "views": 23,
  "formatid": "gen9championsvgc2026regma",
  "rating": 1000,
  "private": 0,
  "password": null
}