{
  "id": "gen9championsvgc2026regma-2586312338",
  "format": "[Gen 9 Champions] VGC 2026 Reg M-A",
  "players": [
    "guguchu",
    "zoidfarb"
  ],
  "log": "|j|\u2606guguchu\n|j|\u2606zoidfarb\n|t:|1776424163\n|gametype|doubles\n|player|p1|guguchu|1|1156\n|player|p2|zoidfarb|102|1254\n|gen|9\n|tier|[Gen 9 Champions] VGC 2026 Reg M-A\n|rated|\n|rule|Species Clause: Limit one of each Pok\u00e9mon\n|rule|Item Clause: Limit 1 of each item\n|clearpoke\n|poke|p1|Delphox, L50, F|\n|poke|p1|Araquanid, L50, M|\n|poke|p1|Garchomp, L50, M|\n|poke|p1|Maushold-Four, L50|\n|poke|p1|Incineroar, L50, M|\n|poke|p1|Dragonite, L50, F|\n|poke|p2|Gengar, L50, M|\n|poke|p2|Incineroar, L50, M|\n|poke|p2|Whimsicott, L50, F|\n|poke|p2|Volcarona, L50, F|\n|poke|p2|Gardevoir, L50, M|\n|poke|p2|Rotom-Wash, L50|\n|teampreview|4\n|inactive|Battle timer is ON: inactive players will automatically lose when time's up. (requested by zoidfarb)\n|inactive|zoidfarb has 60 seconds left.\n|inactive|zoidfarb has 30 seconds left.\n|inactive|zoidfarb has 20 seconds left.\n|\n|t:|1776424237\n|teamsize|p1|4\n|teamsize|p2|4\n|start\n|switch|p1a: Dragonite|Dragonite, L50, F, shiny|100/100\n|switch|p1b: goat|Araquanid, L50, M, shiny|100/100\n|switch|p2a: Gardevoir|Gardevoir, L50, M|100/100\n|switch|p2b: Rotom|Rotom-Wash, L50|100/100\n|-ability|p2a: Gardevoir|Water Bubble|Trace|[from] ability: Trace|[of] p1b: goat\n|turn|1\n|\n|t:|1776424254\n|move|p2a: Gardevoir|Dazzling Gleam|p1a: Dragonite|[spread] p1a,p1b\n|-supereffective|p1a: Dragonite|1\n|-damage|p1a: Dragonite|73/100\n|-damage|p1b: goat|78/100\n|move|p2b: Rotom|Thunderbolt|p1a: Dragonite\n|-damage|p1a: Dragonite|36/100\n|move|p1a: Dragonite|Tailwind|p1a: Dragonite\n|-sidestart|p1: guguchu|move: Tailwind\n|move|p1b: goat|Sticky Web|p2a: Gardevoir\n|-sidestart|p2: zoidfarb|move: Sticky Web\n|\n|-heal|p1b: goat|83/100|[from] item: Leftovers\n|upkeep\n|turn|2\n|\n|t:|1776424269\n|move|p1a: Dragonite|Roost|p1a: Dragonite\n|-heal|p1a: Dragonite|86/100\n|-singleturn|p1a: Dragonite|move: Roost\n|move|p2a: Gardevoir|Dazzling Gleam|p1b: goat|[spread] p1a,p1b\n|-supereffective|p1a: Dragonite|1\n|-crit|p1b: goat\n|-damage|p1a: Dragonite|27/100\n|-damage|p1b: goat|49/100\n|move|p1b: goat|Liquidation|p2a: Gardevoir\n|-damage|p2a: Gardevoir|0 fnt\n|faint|p2a: Gardevoir\n|move|p2b: Rotom|Will-O-Wisp|p1b: goat\n|-immune|p1b: goat|[from] ability: Water Bubble\n|\n|-heal|p1b: goat|55/100|[from] item: Leftovers\n|upkeep\n|\n|t:|1776424287\n|switch|p2a: Gengar|Gengar, L50, M|100/100\n|-activate|p2a: Gengar|move: Sticky Web\n|-unboost|p2a: Gengar|spe|1\n|turn|3\n|-activate|p2b: Rotom|item: Quick Claw\n|\n|t:|1776424298\n|detailschange|p2a: Gengar|Gengar-Mega, L50, M\n|-mega|p2a: Gengar|Gengar|Gengarite\n|move|p2a: Gengar|Protect|p2a: Gengar\n|-singleturn|p2a: Gengar|Protect\n|move|p2b: Rotom|Thunderbolt|p1b: goat\n|-supereffective|p1b: goat|1\n|-damage|p1b: goat|0 fnt\n|faint|p1b: goat\n|move|p1a: Dragonite|Stomping Tantrum|p2a: Gengar\n|-activate|p2a: Gengar|move: Protect\n|\n|upkeep\n|\n|t:|1776424311\n|switch|p1b: Garchomp|Garchomp, L50, M|100/100\n|turn|4\n|\n|t:|1776424323\n|switch|p2a: Incineroar|Incineroar, L50, M|100/100\n|-activate|p2a: Incineroar|move: Sticky Web\n|-unboost|p2a: Incineroar|spe|1\n|-ability|p2a: Incineroar|Intimidate|boost\n|-unboost|p1a: Dragonite|atk|1\n|-unboost|p1b: Garchomp|atk|1\n|move|p1b: Garchomp|Earthquake|p2a: Incineroar|[spread] p2a\n|-immune|p1a: Dragonite\n|-immune|p2b: Rotom|[from] ability: Levitate\n|-supereffective|p2a: Incineroar|1\n|-crit|p2a: Incineroar\n|-damage|p2a: Incineroar|0 fnt\n|faint|p2a: Incineroar\n|move|p1a: Dragonite|Stomping Tantrum|p2b: Rotom\n|-immune|p2b: Rotom|[from] ability: Levitate\n|move|p2b: Rotom|Will-O-Wisp|p1b: Garchomp\n|-status|p1b: Garchomp|brn\n|\n|-damage|p1b: Garchomp|94/100 brn|[from] brn\n|-sideend|p1: guguchu|move: Tailwind\n|upkeep\n|\n|t:|1776424341\n|switch|p2a: Gengar|Gengar-Mega, L50, M|100/100\n|-activate|p2a: Gengar|move: Sticky Web\n|-unboost|p2a: Gengar|spe|1\n|turn|5\n|\n|t:|1776424359\n|move|p2a: Gengar|Protect|p2a: Gengar\n|-singleturn|p2a: Gengar|Protect\n|move|p1b: Garchomp|Swords Dance|p1b: Garchomp\n|-boost|p1b: Garchomp|atk|2\n|move|p2b: Rotom|Will-O-Wisp|p1a: Dragonite\n|-status|p1a: Dragonite|brn\n|move|p1a: Dragonite|Roost|p1a: Dragonite\n|-heal|p1a: Dragonite|77/100 brn\n|-singleturn|p1a: Dragonite|move: Roost\n|\n|-damage|p1b: Garchomp|88/100 brn|[from] brn\n|-damage|p1a: Dragonite|71/100 brn|[from] brn\n|upkeep\n|turn|6\n|\n|t:|1776424382\n|move|p1a: Dragonite|Extreme Speed|p2b: Rotom\n|-damage|p2b: Rotom|88/100\n|move|p2a: Gengar|Shadow Ball|p1b: Garchomp\n|-damage|p1b: Garchomp|41/100 brn\n|-unboost|p1b: Garchomp|spd|1\n|move|p1b: Garchomp|Earthquake|p2a: Gengar|[spread] p2a\n|-immune|p1a: Dragonite\n|-immune|p2b: Rotom|[from] ability: Levitate\n|-supereffective|p2a: Gengar|1\n|-damage|p2a: Gengar|0 fnt\n|faint|p2a: Gengar\n|move|p2b: Rotom|Hydro Pump|p1b: Garchomp\n|-damage|p1b: Garchomp|0 fnt\n|faint|p1b: Garchomp\n|\n|-damage|p1a: Dragonite|65/100 brn|[from] brn\n|upkeep\n|\n|t:|1776424397\n|switch|p1b: Delphox|Delphox, L50, F, shiny|100/100\n|turn|7\n|\n|t:|1776424418\n|detailschange|p1b: Delphox|Delphox-Mega, L50, F, shiny\n|-mega|p1b: Delphox|Delphox|Delphoxite\n|move|p1a: Dragonite|Extreme Speed|p2b: Rotom\n|-damage|p2b: Rotom|76/100\n|move|p1b: Delphox|Psychic|p2b: Rotom\n|-damage|p2b: Rotom|11/100\n|move|p2b: Rotom|Hydro Pump|p1b: Delphox|[miss]\n|-miss|p2b: Rotom|p1b: Delphox\n|\n|-damage|p1a: Dragonite|59/100 brn|[from] brn\n|upkeep\n|turn|8\n|\n|t:|1776424435\n|move|p1b: Delphox|Psychic|p2b: Rotom\n|-damage|p2b: Rotom|0 fnt\n|faint|p2b: Rotom\n|\n|win|guguchu\n|raw|guguchu's rating: 1156 &rarr; <strong>1188</strong><br />(+32 for winning)\n|raw|zoidfarb's rating: 1254 &rarr; <strong>1222</strong><br />(-32 for losing)\n|l|\u2606zoidfarb\n|player|p2|\n",
  "uploadtime": 1776424592,
  "views": 33,
  "formatid": "gen9championsvgc2026regma",
  "rating": 1188,
  "private": 0,
  "password": null
}