{
  "id": "gen9championsvgc2026regma-2586698070",
  "format": "[Gen 9 Champions] VGC 2026 Reg M-A",
  "players": [
    "DaRealFaustino",
    "jack zelong"
  ],
  "log": "|j|\u2606DaRealFaustino\n|j|\u2606jack zelong\n|t:|1776453032\n|gametype|doubles\n|player|p1|DaRealFaustino|102|1126\n|player|p2|jack zelong|chili|1199\n|gen|9\n|tier|[Gen 9 Champions] VGC 2026 Reg M-A\n|rated|\n|rule|Species Clause: Limit one of each Pok\u00e9mon\n|rule|Item Clause: Limit 1 of each item\n|clearpoke\n|poke|p1|Meganium, L50, F|\n|poke|p1|Garchomp, L50, M|\n|poke|p1|Kingambit, L50, F|\n|poke|p1|Maushold, L50|\n|poke|p1|Whimsicott, L50, F|\n|poke|p1|Aerodactyl, L50, M|\n|poke|p2|Scovillain, L50, M|\n|poke|p2|Primarina, L50, F|\n|poke|p2|Dragonite, L50, M|\n|poke|p2|Gengar, L50, F|\n|poke|p2|Arcanine, L50, F|\n|poke|p2|Maushold, L50|\n|teampreview|4\nDaRealFaustino rejected open team sheets.\n|\n|t:|1776453076\n|teamsize|p1|4\n|teamsize|p2|4\n|start\n|switch|p1a: Whimsicott|Whimsicott, L50, F|100/100\n|switch|p1b: Kingambit|Kingambit, L50, F|100/100\n|switch|p2a: Scovillain|Scovillain, L50, M|100/100\n|switch|p2b: Primarina|Primarina, L50, F|100/100\n|turn|1\n|\n|t:|1776453106\n|detailschange|p2a: Scovillain|Scovillain-Mega, L50, M\n|-mega|p2a: Scovillain|Scovillain|Scovillainite\n|move|p1a: Whimsicott|Tailwind|p1a: Whimsicott\n|-sidestart|p1: DaRealFaustino|move: Tailwind\n|move|p1b: Kingambit|Iron Head|p2b: Primarina\n|-damage|p2b: Primarina|44/100\n|move|p2a: Scovillain|Overheat|p1a: Whimsicott\n|-supereffective|p1a: Whimsicott|1\n|-enditem|p1a: Whimsicott|Focus Sash\n|-damage|p1a: Whimsicott|1/100\n|-unboost|p2a: Scovillain|spa|2\n|move|p2b: Primarina|Hyper Voice|p1b: Kingambit|[spread] p1a,p1b\n|-resisted|p1a: Whimsicott|1\n|-damage|p1a: Whimsicott|0 fnt\n|-damage|p1b: Kingambit|58/100\n|faint|p1a: Whimsicott\n|\n|-heal|p2b: Primarina|50/100|[from] item: Leftovers\n|upkeep\n|\n|t:|1776453124\n|switch|p1a: Garchomp|Garchomp, L50, M|100/100\n|turn|2\n|\n|t:|1776453133\n|move|p1b: Kingambit|Protect|p1b: Kingambit\n|-singleturn|p1b: Kingambit|Protect\n|move|p2b: Primarina|Protect|p2b: Primarina\n|-singleturn|p2b: Primarina|Protect\n|move|p2a: Scovillain|Rage Powder|p2a: Scovillain\n|-singleturn|p2a: Scovillain|move: Rage Powder\n|move|p1a: Garchomp|Earthquake|p2b: Primarina|[spread] p2a\n|-activate|p1b: Kingambit|move: Protect\n|-activate|p2b: Primarina|move: Protect\n|-damage|p2a: Scovillain|54/100\n|-status|p1a: Garchomp|brn|[from] ability: Spicy Spray|[of] p2a: Scovillain\n|\n|-heal|p2b: Primarina|56/100|[from] item: Leftovers\n|-damage|p1a: Garchomp|94/100 brn|[from] brn\n|upkeep\n|turn|3\n|\n|t:|1776453160\n|switch|p1a: Meganium|Meganium, L50, F|100/100\n|move|p2a: Scovillain|Rage Powder|p2a: Scovillain\n|-singleturn|p2a: Scovillain|move: Rage Powder\n|move|p1b: Kingambit|Sucker Punch||[still]\n|-fail|p1b: Kingambit\n|move|p2b: Primarina|Moonblast|p1a: Meganium\n|-damage|p1a: Meganium|36/100\n|\n|-heal|p2b: Primarina|62/100|[from] item: Leftovers\n|upkeep\n|turn|4\n|\n|t:|1776453184\n|detailschange|p1a: Meganium|Meganium-Mega, L50, F\n|-mega|p1a: Meganium|Meganium|Meganiumite\n|move|p2b: Primarina|Protect|p2b: Primarina\n|-singleturn|p2b: Primarina|Protect\n|move|p1a: Meganium|Dazzling Gleam|p2a: Scovillain|[spread] p2a\n|-activate|p2b: Primarina|move: Protect\n|-resisted|p2a: Scovillain|1\n|-damage|p2a: Scovillain|33/100\n|-status|p1a: Meganium|brn|[from] ability: Spicy Spray|[of] p2a: Scovillain\n|move|p1b: Kingambit|Iron Head|p2a: Scovillain\n|-resisted|p2a: Scovillain|1\n|-damage|p2a: Scovillain|4/100\n|-status|p1b: Kingambit|brn|[from] ability: Spicy Spray|[of] p2a: Scovillain\n|move|p2a: Scovillain|Overheat|p1b: Kingambit\n|-supereffective|p1b: Kingambit|1\n|-damage|p1b: Kingambit|0 fnt\n|-unboost|p2a: Scovillain|spa|2\n|faint|p1b: Kingambit\n|\n|-heal|p2b: Primarina|68/100|[from] item: Leftovers\n|-damage|p1a: Meganium|30/100 brn|[from] brn\n|-sideend|p1: DaRealFaustino|move: Tailwind\n|upkeep\n|\n|t:|1776453206\n|switch|p1b: Garchomp|Garchomp, L50, M|94/100 brn\n|turn|5\n|\n|t:|1776453214\n|move|p2a: Scovillain|Rage Powder|p2a: Scovillain\n|-singleturn|p2a: Scovillain|move: Rage Powder\n|move|p1b: Garchomp|Rock Slide|p2b: Primarina|[spread] p2a,p2b\n|-supereffective|p2a: Scovillain|1\n|-damage|p2a: Scovillain|0 fnt\n|-damage|p2b: Primarina|56/100\n|faint|p2a: Scovillain\n|move|p1a: Meganium|Solar Beam||[still]\n|-prepare|p1a: Meganium|Solar Beam\n|-activate|p1a: Meganium|ability: Mega Sol\n|-anim|p1a: Meganium|Solar Beam|p2b: Primarina\n|-supereffective|p2b: Primarina|1\n|-damage|p2b: Primarina|0 fnt\n|faint|p2b: Primarina\n|\n|-damage|p1b: Garchomp|88/100 brn|[from] brn\n|-damage|p1a: Meganium|24/100 brn|[from] brn\n|upkeep\n|\n|t:|1776453226\n|switch|p2a: Arcanine|Arcanine, L50, F|100/100\n|switch|p2b: Gengar|Gengar, L50, F|100/100\n|-ability|p2a: Arcanine|Intimidate|boost\n|-unboost|p1a: Meganium|atk|1\n|-unboost|p1b: Garchomp|atk|1\n|turn|6\n|\n|t:|1776453245\n|move|p1b: Garchomp|Rock Slide|p2b: Gengar|[spread] p2a,p2b\n|-supereffective|p2a: Arcanine|1\n|-damage|p2a: Arcanine|86/100\n|-damage|p2b: Gengar|88/100\n|move|p2b: Gengar|Sludge Bomb|p1a: Meganium\n|-supereffective|p1a: Meganium|2\n|-damage|p1a: Meganium|0 fnt\n|faint|p1a: Meganium\n|move|p2a: Arcanine|Snarl|p1b: Garchomp\n|-damage|p1b: Garchomp|74/100 brn\n|-unboost|p1b: Garchomp|spa|1\n|\n|-damage|p1b: Garchomp|68/100 brn|[from] brn\n|upkeep\n|turn|7\n|-message|DaRealFaustino forfeited.\n|\n|win|jack zelong\n|raw|DaRealFaustino's rating: 1126 &rarr; <strong>1106</strong><br />(-20 for losing)\n|raw|jack zelong's rating: 1199 &rarr; <strong>1219</strong><br />(+20 for winning)\n|l|\u2606DaRealFaustino\n|player|p1|\n",
  "uploadtime": 1776453264,
  "views": 41,
  "formatid": "gen9championsvgc2026regma",
  "rating": 1106,
  "private": 0,
  "password": null
}