{
  "id": "gen9championsvgc2026regma-2586801538",
  "format": "[Gen 9 Champions] VGC 2026 Reg M-A",
  "players": [
    "balloonatic",
    "Sevaunn"
  ],
  "log": "|j|\u2606balloonatic\n|j|\u2606Sevaunn\n|t:|1776461024\n|gametype|doubles\n|player|p1|balloonatic|101|1268\n|player|p2|Sevaunn|hilbert|1350\n|gen|9\n|tier|[Gen 9 Champions] VGC 2026 Reg M-A\n|rated|\n|rule|Species Clause: Limit one of each Pok\u00e9mon\n|rule|Item Clause: Limit 1 of each item\n|clearpoke\n|poke|p1|Kangaskhan, L50, F|\n|poke|p1|Whimsicott, L50, M|\n|poke|p1|Incineroar, L50, M|\n|poke|p1|Primarina, L50, F|\n|poke|p1|Gengar, L50, M|\n|poke|p1|Kingambit, L50, M|\n|poke|p2|Excadrill, L50, F|\n|poke|p2|Tyranitar, L50, F|\n|poke|p2|Dragonite, L50, M|\n|poke|p2|Rotom-Wash, L50|\n|poke|p2|Sinistcha, L50|\n|poke|p2|Scizor, L50, M|\n|teampreview|4\n|l|\u2606Sevaunn\n|player|p2|\nballoonatic rejected open team sheets.\n|inactive|Battle timer is ON: inactive players will automatically lose when time's up. (requested by balloonatic)\n|inactive|Sevaunn has 30 seconds to reconnect!\n|j|\u2606Sevaunn\n|inactive|Sevaunn reconnected and has 55 seconds left.\n|player|p2|Sevaunn|hilbert|\n|\n|t:|1776461119\n|teamsize|p1|4\n|teamsize|p2|4\n|start\n|switch|p1a: Gengar|Gengar, L50, M|100/100\n|switch|p1b: Incineroar|Incineroar, L50, M|100/100\n|switch|p2a: SCIZ KHALIFA|Scizor, L50, M, shiny|100/100\n|switch|p2b: JOHN GOTTI|Rotom-Wash, L50, shiny|100/100\n|-ability|p1b: Incineroar|Intimidate|boost\n|-unboost|p2a: SCIZ KHALIFA|atk|1\n|-unboost|p2b: JOHN GOTTI|atk|1\n|turn|1\n|inactive|balloonatic has 30 seconds left.\n|\n|t:|1776461148\n|detailschange|p1a: Gengar|Gengar-Mega, L50, M\n|-mega|p1a: Gengar|Gengar|Gengarite\n|move|p1b: Incineroar|Fake Out|p2a: SCIZ KHALIFA\n|-resisted|p2a: SCIZ KHALIFA|1\n|-damage|p2a: SCIZ KHALIFA|95/100\n|move|p1a: Gengar|Perish Song|p1a: Gengar\n|-start|p1a: Gengar|perish3|[silent]\n|-start|p1b: Incineroar|perish3|[silent]\n|-start|p2a: SCIZ KHALIFA|perish3|[silent]\n|-start|p2b: JOHN GOTTI|perish3|[silent]\n|-fieldactivate|move: Perish Song\n|move|p2b: JOHN GOTTI|Hydro Pump|p1b: Incineroar|[miss]\n|-miss|p2b: JOHN GOTTI|p1b: Incineroar\n|cant|p2a: SCIZ KHALIFA|flinch\n|\n|-start|p1a: Gengar|perish3\n|-start|p2b: JOHN GOTTI|perish3\n|-start|p2a: SCIZ KHALIFA|perish3\n|-start|p1b: Incineroar|perish3\n|upkeep\n|turn|2\n|\n|t:|1776461166\n|move|p1a: Gengar|Protect|p1a: Gengar\n|-singleturn|p1a: Gengar|Protect\n|move|p1b: Incineroar|Protect|p1b: Incineroar\n|-singleturn|p1b: Incineroar|Protect\n|move|p2b: JOHN GOTTI|Hydro Pump|p1b: Incineroar\n|-activate|p1b: Incineroar|move: Protect\n|move|p2a: SCIZ KHALIFA|Swords Dance|p2a: SCIZ KHALIFA\n|-boost|p2a: SCIZ KHALIFA|atk|2\n|\n|-start|p1a: Gengar|perish2\n|-start|p2b: JOHN GOTTI|perish2\n|-start|p2a: SCIZ KHALIFA|perish2\n|-start|p1b: Incineroar|perish2\n|upkeep\n|turn|3\n|inactive|balloonatic has 30 seconds left.\n|inactive|Sevaunn has 30 seconds left.\n|\n|t:|1776461195\n|switch|p1a: Kangaskhan|Kangaskhan, L50, F|100/100\n|move|p2b: JOHN GOTTI|Hydro Pump|p1b: Incineroar\n|-supereffective|p1b: Incineroar|1\n|-damage|p1b: Incineroar|0 fnt\n|faint|p1b: Incineroar\n|move|p2a: SCIZ KHALIFA|Close Combat|p1a: Kangaskhan\n|-supereffective|p1a: Kangaskhan|1\n|-damage|p1a: Kangaskhan|0 fnt\n|-unboost|p2a: SCIZ KHALIFA|def|1\n|-unboost|p2a: SCIZ KHALIFA|spd|1\n|faint|p1a: Kangaskhan\n|\n|-start|p2b: JOHN GOTTI|perish1\n|-start|p2a: SCIZ KHALIFA|perish1\n|upkeep\n|\n|t:|1776461208\n|switch|p1a: Gengar|Gengar-Mega, L50, M|100/100\n|switch|p1b: Primarina|Primarina, L50, F|100/100\n|turn|4\n|\n|t:|1776461222\n|move|p1a: Gengar|Protect|p1a: Gengar\n|-singleturn|p1a: Gengar|Protect\n|move|p1b: Primarina|Protect|p1b: Primarina\n|-singleturn|p1b: Primarina|Protect\n|move|p2a: SCIZ KHALIFA|Bullet Punch|p1b: Primarina\n|-activate|p1b: Primarina|move: Protect\n|move|p2b: JOHN GOTTI|Volt Switch|p2a: SCIZ KHALIFA\n|-damage|p2a: SCIZ KHALIFA|36/100\n|j| inakunana\n|\n|t:|1776461229\n|switch|p2b: bob Z UNBLDR|Excadrill, L50, F|100/100|[from] Volt Switch\n|\n|-start|p2a: SCIZ KHALIFA|perish0\n|faint|p2a: SCIZ KHALIFA\n|upkeep\n|\n|t:|1776461233\n|switch|p2a: SANDASAURUS|Tyranitar, L50, F|100/100\n|-weather|Sandstorm|[from] ability: Sand Stream|[of] p2a: SANDASAURUS\n|turn|5\n|\n|t:|1776461247\n|move|p2a: SANDASAURUS|Protect|p2a: SANDASAURUS\n|-singleturn|p2a: SANDASAURUS|Protect\n|move|p2b: bob Z UNBLDR|Earthquake|p1a: Gengar|[spread] p1a,p1b\n|-activate|p2a: SANDASAURUS|move: Protect\n|-supereffective|p1a: Gengar|1\n|-damage|p1a: Gengar|0 fnt\n|-damage|p1b: Primarina|40/100\n|faint|p1a: Gengar\n|move|p1b: Primarina|Perish Song|p1b: Primarina\n|-start|p1b: Primarina|perish3|[silent]\n|-start|p2a: SANDASAURUS|perish3|[silent]\n|-start|p2b: bob Z UNBLDR|perish3|[silent]\n|-fieldactivate|move: Perish Song\n|\n|-weather|Sandstorm|[upkeep]\n|-damage|p1b: Primarina|34/100|[from] Sandstorm\n|-start|p2b: bob Z UNBLDR|perish3\n|-start|p2a: SANDASAURUS|perish3\n|-start|p1b: Primarina|perish3\n|upkeep\n|turn|6\n|c|\u2606balloonatic|gg\n|c|\u2606Sevaunn|cmon\n|c|\u2606Sevaunn|gg\n|-message|balloonatic forfeited.\n|\n|win|Sevaunn\n|raw|balloonatic's rating: 1268 &rarr; <strong>1249</strong><br />(-19 for losing)\n|raw|Sevaunn's rating: 1350 &rarr; <strong>1365</strong><br />(+15 for winning)\n|l|\u2606balloonatic\n|player|p1|\n|c|\u2606Sevaunn|prima perish is crazy\n|c| inakunana|too comitted to the bit\n",
  "uploadtime": 1776461285,
  "views": 60,
  "formatid": "gen9championsvgc2026regma",
  "rating": 1249,
  "private": 0,
  "password": null
}