{
  "id": "gen9championsvgc2026regma-2583235508",
  "format": "[Gen 9 Champions] VGC 2026 Reg M-A",
  "players": [
    "SuperNovaKush",
    "pictochatvgc"
  ],
  "log": "|j|\u2606SuperNovaKush\n|j|\u2606pictochatvgc\n|t:|1776157908\n|gametype|doubles\n|player|p1|SuperNovaKush|iris-gen5bw2|1171\n|player|p2|pictochatvgc|skier|1137\n|gen|9\n|tier|[Gen 9 Champions] VGC 2026 Reg M-A\n|rated|\n|rule|Species Clause: Limit one of each Pok\u00e9mon\n|rule|Item Clause: Limit 1 of each item\n|clearpoke\n|poke|p1|Floette-Eternal, L50, F|\n|poke|p1|Garchomp, L50, M|\n|poke|p1|Sneasler, L50, M|\n|poke|p1|Rotom-Wash, L50|\n|poke|p1|Aerodactyl, L50, M|\n|poke|p1|Incineroar, L50, F|\n|poke|p2|Crabominable, L50, F|\n|poke|p2|Vanilluxe, L50, F|\n|poke|p2|Hawlucha, L50, M|\n|poke|p2|Farigiraf, L50, M|\n|poke|p2|Rotom-Heat, L50|\n|poke|p2|Milotic, L50, F|\n|teampreview|4\n|\n|t:|1776157970\n|teamsize|p1|4\n|teamsize|p2|4\n|start\n|switch|p1a: Garchomp|Garchomp, L50, M|100/100\n|switch|p1b: Aerodactyl|Aerodactyl, L50, M|100/100\n|switch|p2a: Vanilluxe|Vanilluxe, L50, F|100/100\n|switch|p2b: Hawlucha|Hawlucha, L50, M|100/100\n|-ability|p1b: Aerodactyl|Unnerve\n|-ability|p2b: Hawlucha|Mold Breaker\n|-weather|Snowscape|[from] ability: Snow Warning|[of] p2a: Vanilluxe\n|turn|1\n|\n|t:|1776158005\n|detailschange|p2b: Hawlucha|Hawlucha-Mega, L50, M\n|-mega|p2b: Hawlucha|Hawlucha|Hawluchanite\n|move|p1b: Aerodactyl|Tailwind|p1b: Aerodactyl\n|-sidestart|p1: SuperNovaKush|move: Tailwind\n|move|p1a: Garchomp|Earthquake|p2a: Vanilluxe|[spread] p2a\n|-immune|p1b: Aerodactyl\n|-immune|p2b: Hawlucha\n|-damage|p2a: Vanilluxe|61/100\n|move|p2b: Hawlucha|High Jump Kick|p1b: Aerodactyl\n|-enditem|p1b: Aerodactyl|Focus Sash\n|-damage|p1b: Aerodactyl|1/100\n|move|p2a: Vanilluxe|Frost Breath|p1a: Garchomp\n|-supereffective|p1a: Garchomp|2\n|-crit|p1a: Garchomp\n|-damage|p1a: Garchomp|0 fnt\n|faint|p1a: Garchomp\n|\n|-weather|Snowscape|[upkeep]\n|upkeep\n|\n|t:|1776158021\n|switch|p1a: Incineroar|Incineroar, L50, F|100/100\n|-ability|p1a: Incineroar|Intimidate|boost\n|-unboost|p2a: Vanilluxe|atk|1\n|-unboost|p2b: Hawlucha|atk|1\n|turn|2\n|\n|t:|1776158037\n|move|p2a: Vanilluxe|Protect|p2a: Vanilluxe\n|-singleturn|p2a: Vanilluxe|Protect\n|move|p1a: Incineroar|Fake Out|p2b: Hawlucha\n|-damage|p2b: Hawlucha|89/100\n|move|p1b: Aerodactyl|Rock Slide|p2a: Vanilluxe|[spread] p2b\n|-activate|p2a: Vanilluxe|move: Protect\n|-damage|p2b: Hawlucha|59/100\n|cant|p2b: Hawlucha|flinch\n|\n|-weather|Snowscape|[upkeep]\n|upkeep\n|turn|3\n|\n|t:|1776158057\n|switch|p2a: Milotic|Milotic, L50, F|100/100\n|move|p1b: Aerodactyl|Dual Wingbeat|p2b: Hawlucha\n|-supereffective|p2b: Hawlucha|1\n|-damage|p2b: Hawlucha|20/100\n|-supereffective|p2b: Hawlucha|1\n|-damage|p2b: Hawlucha|0 fnt\n|faint|p2b: Hawlucha\n|-hitcount|p2: Hawlucha|2\n|move|p1a: Incineroar|Flare Blitz|p2a: Milotic\n|-resisted|p2a: Milotic|1\n|-damage|p2a: Milotic|80/100\n|-damage|p1a: Incineroar|94/100|[from] Recoil\n|\n|-weather|Snowscape|[upkeep]\n|-heal|p2a: Milotic|86/100|[from] item: Leftovers\n|upkeep\n|\n|t:|1776158069\n|switch|p2b: Rotom|Rotom-Heat, L50|100/100\n|turn|4\n|\n|t:|1776158085\n|move|p1b: Aerodactyl|Rock Slide|p2b: Rotom|[spread] p2a,p2b\n|-supereffective|p2b: Rotom|1\n|-damage|p2a: Milotic|60/100\n|-damage|p2b: Rotom|51/100\n|move|p1a: Incineroar|Parting Shot|p2b: Rotom\n|-unboost|p2b: Rotom|atk|1\n|-unboost|p2b: Rotom|spa|1\n|\n|t:|1776158092\n|switch|p1a: Floette|Floette-Eternal, L50, F|100/100|[from] Parting Shot\n|move|p2b: Rotom|Thunderbolt|p1b: Aerodactyl\n|-supereffective|p1b: Aerodactyl|1\n|-crit|p1b: Aerodactyl\n|-damage|p1b: Aerodactyl|0 fnt\n|faint|p1b: Aerodactyl\n|move|p2a: Milotic|Coil|p2a: Milotic\n|-boost|p2a: Milotic|atk|1\n|-boost|p2a: Milotic|def|1\n|-boost|p2a: Milotic|accuracy|1\n|\n|-weather|Snowscape|[upkeep]\n|-heal|p2a: Milotic|66/100|[from] item: Leftovers\n|-sideend|p1: SuperNovaKush|move: Tailwind\n|upkeep\n|\n|t:|1776158103\n|switch|p1b: Incineroar|Incineroar, L50, F|94/100\n|-ability|p1b: Incineroar|Intimidate|boost\n|-unboost|p2a: Milotic|atk|1\n|-ability|p2a: Milotic|Competitive|boost\n|-boost|p2a: Milotic|spa|2\n|-unboost|p2b: Rotom|atk|1\n|turn|5\n|\n|t:|1776158118\n|detailschange|p1a: Floette|Floette-Mega, L50, F\n|-mega|p1a: Floette|Floette|Floettite\n|-ability|p1a: Floette|Fairy Aura\n|move|p1b: Incineroar|Fake Out|p2a: Milotic\n|-damage|p2a: Milotic|60/100\n|move|p1a: Floette|Dazzling Gleam|p2a: Milotic|[spread] p2a,p2b\n|-resisted|p2b: Rotom|1\n|-damage|p2a: Milotic|29/100\n|-damage|p2b: Rotom|26/100\n|-enditem|p2b: Rotom|Sitrus Berry|[eat]\n|-heal|p2b: Rotom|51/100|[from] item: Sitrus Berry\n|move|p2b: Rotom|Overheat|p1a: Floette|[miss]\n|-miss|p2b: Rotom|p1a: Floette\n|cant|p2a: Milotic|flinch\n|\n|-weather|none\n|-heal|p2a: Milotic|35/100|[from] item: Leftovers\n|upkeep\n|turn|6\n|\n|t:|1776158152\n|move|p1a: Floette|Dazzling Gleam|p2a: Milotic|[spread] p2a,p2b\n|-resisted|p2b: Rotom|1\n|-damage|p2a: Milotic|4/100\n|-damage|p2b: Rotom|24/100\n|move|p2b: Rotom|Overheat|p1a: Floette\n|-damage|p1a: Floette|72/100\n|-unboost|p2b: Rotom|spa|2\n|move|p2a: Milotic|Recover|p2a: Milotic\n|-heal|p2a: Milotic|54/100\n|move|p1b: Incineroar|Throat Chop|p2a: Milotic\n|-damage|p2a: Milotic|35/100\n|-start|p2a: Milotic|Throat Chop|[silent]\n|\n|-heal|p2a: Milotic|41/100|[from] item: Leftovers\n|upkeep\n|turn|7\n|\n|t:|1776158169\n|switch|p2b: Vanilluxe|Vanilluxe, L50, F|61/100\n|-weather|Snowscape|[from] ability: Snow Warning|[of] p2b: Vanilluxe\n|move|p1a: Floette|Dazzling Gleam|p2a: Milotic|[spread] p2a,p2b\n|-damage|p2a: Milotic|10/100\n|-damage|p2b: Vanilluxe|0 fnt\n|faint|p2b: Vanilluxe\n|move|p2a: Milotic|Recover|p2a: Milotic\n|-heal|p2a: Milotic|60/100\n|move|p1b: Incineroar|Throat Chop|p2a: Milotic\n|-damage|p2a: Milotic|38/100\n|\n|-weather|Snowscape|[upkeep]\n|-heal|p2a: Milotic|44/100|[from] item: Leftovers\n|-end|p2a: Milotic|Throat Chop|[silent]\n|upkeep\n|\n|t:|1776158171\n|switch|p2b: Rotom|Rotom-Heat, L50|24/100\n|turn|8\n|\n|t:|1776158200\n|move|p2b: Rotom|Protect|p2b: Rotom\n|-singleturn|p2b: Rotom|Protect\n|move|p1a: Floette|Dazzling Gleam|p2b: Rotom|[spread] p2a\n|-activate|p2b: Rotom|move: Protect\n|-damage|p2a: Milotic|12/100\n|move|p2a: Milotic|Hypnosis|p1a: Floette\n|-status|p1a: Floette|slp|[from] move: Hypnosis\n|move|p1b: Incineroar|Throat Chop|p2a: Milotic\n|-damage|p2a: Milotic|0 fnt\n|faint|p2a: Milotic\n|\n|-weather|Snowscape|[upkeep]\n|upkeep\n|turn|9\n|-message|pictochatvgc forfeited.\n|\n|win|SuperNovaKush\n|raw|SuperNovaKush's rating: 1171 &rarr; <strong>1194</strong><br />(+23 for winning)\n|raw|pictochatvgc's rating: 1137 &rarr; <strong>1114</strong><br />(-23 for losing)\n|l|\u2606pictochatvgc\n|player|p2|\n",
  "uploadtime": 1776158214,
  "views": 26,
  "formatid": "gen9championsvgc2026regma",
  "rating": 1114,
  "private": 0,
  "password": null
}