{
  "id": "gen9championsvgc2026regma-2585138365",
  "format": "[Gen 9 Champions] VGC 2026 Reg M-A",
  "players": [
    "d342fr3r2r2",
    "Snackbar0"
  ],
  "log": "|j|\u2606d342fr3r2r2\n|j|\u2606Snackbar0\n|t:|1776316396\n|gametype|doubles\n|player|p1|d342fr3r2r2|1|1183\n|player|p2|Snackbar0|266|1107\n|gen|9\n|tier|[Gen 9 Champions] VGC 2026 Reg M-A\n|rated|\n|rule|Species Clause: Limit one of each Pok\u00e9mon\n|rule|Item Clause: Limit 1 of each item\n|clearpoke\n|poke|p1|Sableye, L50, M|\n|poke|p1|Sylveon, L50, F|\n|poke|p1|Gengar, L50, F|\n|poke|p1|Primarina, L50, F|\n|poke|p1|Charizard, L50, M|\n|poke|p1|Floette-Eternal, L50, F|\n|poke|p2|Palafin, L50, F|\n|poke|p2|Aggron, L50, F|\n|poke|p2|Gengar, L50, M|\n|poke|p2|Raichu-Alola, L50, F|\n|poke|p2|Sylveon, L50, M|\n|poke|p2|Dragonite, L50, F|\n|teampreview|4\n|inactive|Battle timer is ON: inactive players will automatically lose when time's up. (requested by d342fr3r2r2)\n|\n|t:|1776316421\n|teamsize|p1|4\n|teamsize|p2|4\n|start\n|switch|p1a: Sableye|Sableye, L50, M|100/100\n|switch|p1b: Gengar|Gengar, L50, F|100/100\n|switch|p2a: Palafin|Palafin, L50, F|100/100\n|switch|p2b: Sylveon|Sylveon, L50, M|100/100\n|turn|1\n|inactive|Snackbar0 has 30 seconds left.\n|\n|t:|1776316450\n|detailschange|p1b: Gengar|Gengar-Mega, L50, F\n|-mega|p1b: Gengar|Gengar|Gengarite\n|move|p1a: Sableye|Detect|p1a: Sableye\n|-singleturn|p1a: Sableye|Protect\n|move|p2a: Palafin|Protect|p2a: Palafin\n|-singleturn|p2a: Palafin|Protect\n|move|p1b: Gengar|Protect|p1b: Gengar\n|-singleturn|p1b: Gengar|Protect\n|move|p2b: Sylveon|Hyper Voice|p1b: Gengar|[spread] \n|-activate|p1a: Sableye|move: Protect\n|-activate|p1b: Gengar|move: Protect\n|\n|upkeep\n|turn|2\n|\n|t:|1776316468\n|move|p1a: Sableye|Encore|p2a: Palafin\n|-start|p2a: Palafin|Encore\n|move|p2a: Palafin|Protect||[still]\n|-fail|p2a: Palafin\n|move|p1b: Gengar|Disable|p2b: Sylveon\n|-start|p2b: Sylveon|Disable|Hyper Voice\n|cant|p2b: Sylveon|Disable|Hyper Voice\n|\n|upkeep\n|turn|3\n|inactive|Snackbar0 has 30 seconds left.\n|inactive|d342fr3r2r2 has 30 seconds left.\n|inactive|Snackbar0 has 20 seconds left.\n|inactive|Snackbar0 has 15 seconds left.\n|\n|t:|1776316512\n|move|p2a: Palafin|Protect|p2a: Palafin\n|-singleturn|p2a: Palafin|Protect\n|move|p1a: Sableye|Encore|p2b: Sylveon\n|-start|p2b: Sylveon|Encore\n|move|p1b: Gengar|Sludge Bomb|p2b: Sylveon\n|-supereffective|p2b: Sylveon|1\n|-crit|p2b: Sylveon\n|-damage|p2b: Sylveon|0 fnt\n|faint|p2b: Sylveon\n|\n|upkeep\n|\n|t:|1776316526\n|switch|p2b: Raichu|Raichu-Alola, L50, F|100/100\n|turn|4\n|\n|t:|1776316537\n|move|p1a: Sableye|Detect|p1a: Sableye\n|-singleturn|p1a: Sableye|Protect\n|move|p2a: Palafin|Protect||[still]\n|-fail|p2a: Palafin\n|move|p1b: Gengar|Protect|p1b: Gengar\n|-singleturn|p1b: Gengar|Protect\n|move|p2b: Raichu|Nuzzle|p1b: Gengar\n|-activate|p1b: Gengar|move: Protect\n|\n|-end|p2a: Palafin|Encore\n|upkeep\n|turn|5\n|inactive|Snackbar0 has 30 seconds left.\n|\n|t:|1776316569\n|move|p1a: Sableye|Encore|p2b: Raichu\n|-start|p2b: Raichu|Encore\n|move|p2a: Palafin|Wave Crash|p1b: Gengar\n|-damage|p1b: Gengar|57/100\n|-damage|p2a: Palafin|87/100|[from] Recoil\n|move|p1b: Gengar|Disable|p2b: Raichu\n|-start|p2b: Raichu|Disable|Nuzzle\n|cant|p2b: Raichu|Disable|Nuzzle\n|\n|-heal|p2a: Palafin|92/100|[from] item: Leftovers\n|upkeep\n|turn|6\n|\n|t:|1776316592\n|move|p1a: Sableye|Encore|p2a: Palafin\n|-start|p2a: Palafin|Encore\n|move|p2a: Palafin|Wave Crash|p1b: Gengar\n|-damage|p1b: Gengar|14/100\n|-damage|p2a: Palafin|79/100|[from] Recoil\n|move|p1b: Gengar|Disable|p2a: Palafin\n|-start|p2a: Palafin|Disable|Wave Crash\n|-activate|p2b: Raichu|move: Struggle\n|move|p2b: Raichu|Struggle|p1b: Gengar\n|-damage|p1b: Gengar|5/100\n|-damage|p2b: Raichu|75/100|[from] recoil\n|\n|-heal|p2a: Palafin|84/100|[from] item: Leftovers\n|upkeep\n|turn|7\n|inactive|d342fr3r2r2 has 30 seconds left.\n|inactive|d342fr3r2r2 has 20 seconds left.\n|\n|t:|1776316630\n|switch|p1a: Floette|Floette-Eternal, L50, F|100/100\n|move|p1b: Gengar|Sludge Bomb|p2b: Raichu\n|-damage|p2b: Raichu|0 fnt\n|faint|p2b: Raichu\n|-activate|p2a: Palafin|move: Struggle\n|move|p2a: Palafin|Struggle|p1a: Floette\n|-damage|p1a: Floette|86/100\n|-damage|p2a: Palafin|59/100|[from] recoil\n|\n|-heal|p2a: Palafin|65/100|[from] item: Leftovers\n|upkeep\n|\n|t:|1776316644\n|switch|p2b: Aggron|Aggron, L50, F|100/100\n|turn|8\n|\n|t:|1776316667\n|switch|p1a: Sableye|Sableye, L50, M|100/100\n|detailschange|p2b: Aggron|Aggron-Mega, L50, F\n|-mega|p2b: Aggron|Aggron|Aggronite\n|move|p1b: Gengar|Protect|p1b: Gengar\n|-singleturn|p1b: Gengar|Protect\n|-activate|p2a: Palafin|move: Struggle\n|move|p2a: Palafin|Struggle|p1a: Sableye\n|-damage|p1a: Sableye|84/100\n|-damage|p2a: Palafin|40/100|[from] recoil\n|move|p2b: Aggron|Iron Defense|p2b: Aggron\n|-boost|p2b: Aggron|def|2\n|\n|-heal|p2a: Palafin|46/100|[from] item: Leftovers\n|-end|p2a: Palafin|Encore\n|upkeep\n|turn|9\n|inactive|Snackbar0 has 30 seconds left.\n|\n|t:|1776316699\n|move|p2a: Palafin|Protect|p2a: Palafin\n|-singleturn|p2a: Palafin|Protect\n|move|p1a: Sableye|Fake Out|p2a: Palafin\n|-activate|p2a: Palafin|move: Protect\n|move|p1b: Gengar|Perish Song|p1b: Gengar\n|-start|p1a: Sableye|perish3|[silent]\n|-start|p1b: Gengar|perish3|[silent]\n|-start|p2a: Palafin|perish3|[silent]\n|-start|p2b: Aggron|perish3|[silent]\n|-fieldactivate|move: Perish Song\n|move|p2b: Aggron|Heavy Slam|p1b: Gengar\n|-damage|p1b: Gengar|0 fnt\n|faint|p1b: Gengar\n|\n|-heal|p2a: Palafin|51/100|[from] item: Leftovers\n|-start|p2a: Palafin|perish3\n|-start|p2b: Aggron|perish3\n|-start|p1a: Sableye|perish3\n|upkeep\n|\n|t:|1776316712\n|switch|p1b: Floette|Floette-Eternal, L50, F|86/100\n|turn|10\n|\n|t:|1776316733\n|move|p1a: Sableye|Detect|p1a: Sableye\n|-singleturn|p1a: Sableye|Protect\n|move|p1b: Floette|Protect|p1b: Floette\n|-singleturn|p1b: Floette|Protect\n|move|p2a: Palafin|Body Slam|p1b: Floette\n|-activate|p1b: Floette|move: Protect\n|move|p2b: Aggron|Heavy Slam|p1b: Floette\n|-activate|p1b: Floette|move: Protect\n|\n|-heal|p2a: Palafin|57/100|[from] item: Leftovers\n|-end|p2a: Palafin|Disable\n|-start|p2a: Palafin|perish2\n|-start|p2b: Aggron|perish2\n|-start|p1a: Sableye|perish2\n|upkeep\n|turn|11\n|\n|t:|1776316757\n|move|p1a: Sableye|Detect|p1a: Sableye\n|-singleturn|p1a: Sableye|Protect\n|move|p1b: Floette|Protect|p1b: Floette\n|-singleturn|p1b: Floette|Protect\n|move|p2a: Palafin|Wave Crash|p1a: Sableye\n|-activate|p1a: Sableye|move: Protect\n|move|p2b: Aggron|Heavy Slam|p1b: Floette\n|-activate|p1b: Floette|move: Protect\n|\n|-heal|p2a: Palafin|63/100|[from] item: Leftovers\n|-start|p2a: Palafin|perish1\n|-start|p1a: Sableye|perish1\n|-start|p2b: Aggron|perish1\n|upkeep\n|turn|12\n|\n|t:|1776316780\n|move|p1a: Sableye|Detect||[still]\n|-fail|p1a: Sableye\n|move|p1b: Floette|Protect||[still]\n|-fail|p1b: Floette\n|move|p2a: Palafin|Wave Crash|p1a: Sableye\n|-damage|p1a: Sableye|27/100\n|-damage|p2a: Palafin|49/100|[from] Recoil\n|move|p2b: Aggron|Heavy Slam|p1b: Floette\n|-supereffective|p1b: Floette|1\n|-damage|p1b: Floette|0 fnt\n|faint|p1b: Floette\n|\n|-heal|p2a: Palafin|55/100|[from] item: Leftovers\n|-start|p2a: Palafin|perish0\n|-start|p1a: Sableye|perish0\n|-start|p2b: Aggron|perish0\n|upkeep\n|faint|p2a: Palafin\n|faint|p1a: Sableye\n|faint|p2b: Aggron\n|\n|win|d342fr3r2r2\n|raw|d342fr3r2r2's rating: 1183 &rarr; <strong>1203</strong><br />(+20 for winning)\n|raw|Snackbar0's rating: 1107 &rarr; <strong>1087</strong><br />(-20 for losing)\n",
  "uploadtime": 1776316804,
  "views": 41,
  "formatid": "gen9championsvgc2026regma",
  "rating": 1087,
  "private": 0,
  "password": null
}