{
  "id": "gen9championsvgc2026regma-2587639054",
  "format": "[Gen 9 Champions] VGC 2026 Reg M-A",
  "players": [
    "FallenTurtlle",
    "Mixology54"
  ],
  "log": "|j|\u2606FallenTurtlle\n|j|\u2606Mixology54\n|t:|1776549362\n|gametype|doubles\n|player|p1|FallenTurtlle|serena|1214\n|player|p2|Mixology54|169|1116\n|gen|9\n|tier|[Gen 9 Champions] VGC 2026 Reg M-A\n|rated|\n|rule|Species Clause: Limit one of each Pok\u00e9mon\n|rule|Item Clause: Limit 1 of each item\n|clearpoke\n|poke|p1|Mamoswine, L50, M|\n|poke|p1|Aerodactyl, L50, M|\n|poke|p1|Incineroar, L50, M|\n|poke|p1|Meganium, L50, F, shiny|\n|poke|p1|Pelipper, L50, F|\n|poke|p1|Heliolisk, L50, M, shiny|\n|poke|p2|Kingambit, L50, F|\n|poke|p2|Sylveon, L50, M|\n|poke|p2|Incineroar, L50, M|\n|poke|p2|Sneasler, L50, M|\n|poke|p2|Starmie, L50|\n|poke|p2|Sinistcha, L50|\n|teampreview|4\n|inactive|Battle timer is ON: inactive players will automatically lose when time's up. (requested by Mixology54)\n|inactive|FallenTurtlle has 60 seconds left.\n|inactive|Mixology54 has 60 seconds left.\n|\n|t:|1776549411\n|teamsize|p1|4\n|teamsize|p2|4\n|start\n|switch|p1a: Aerodactyl|Aerodactyl, L50, M|100/100\n|switch|p1b: Mamoswine|Mamoswine, L50, M|100/100\n|switch|p2a: Sinistcha|Sinistcha, L50|100/100\n|switch|p2b: Starmie|Starmie, L50|100/100\n|-ability|p1a: Aerodactyl|Unnerve\n|turn|1\n|\n|t:|1776549429\n|detailschange|p2b: Starmie|Starmie-Mega, L50\n|-mega|p2b: Starmie|Starmie|Starminite\n|move|p1a: Aerodactyl|Rock Slide|p2a: Sinistcha|[spread] p2a,p2b\n|-damage|p2a: Sinistcha|78/100\n|-damage|p2b: Starmie|70/100\n|move|p2b: Starmie|Substitute|p2b: Starmie\n|-start|p2b: Starmie|Substitute\n|-damage|p2b: Starmie|45/100\n|move|p1b: Mamoswine|Icicle Crash|p2a: Sinistcha\n|-supereffective|p2a: Sinistcha|1\n|-damage|p2a: Sinistcha|0 fnt\n|faint|p2a: Sinistcha\n|\n|upkeep\n|\n|t:|1776549440\n|switch|p2a: Sneasler|Sneasler, L50, M|100/100\n|turn|2\n|\n|t:|1776549452\n|switch|p1b: Incineroar|Incineroar, L50, M|100/100\n|-ability|p1b: Incineroar|Intimidate|boost\n|-unboost|p2a: Sneasler|atk|1\n|-immune|p2b: Starmie\n|move|p1a: Aerodactyl|Protect|p1a: Aerodactyl\n|-singleturn|p1a: Aerodactyl|Protect\n|move|p2a: Sneasler|Fake Out|p1a: Aerodactyl\n|-activate|p1a: Aerodactyl|move: Protect\n|move|p2b: Starmie|Liquidation|p1a: Aerodactyl\n|-activate|p1a: Aerodactyl|move: Protect\n|\n|upkeep\n|turn|3\n|\n|t:|1776549469\n|move|p1a: Aerodactyl|Tailwind|p1a: Aerodactyl\n|-sidestart|p1: FallenTurtlle|move: Tailwind\n|move|p2a: Sneasler|Rock Slide|p1b: Incineroar|[spread] p1a,p1b\n|-supereffective|p1a: Aerodactyl|1\n|-supereffective|p1b: Incineroar|1\n|-damage|p1a: Aerodactyl|59/100\n|-damage|p1b: Incineroar|78/100\n|move|p2b: Starmie|Liquidation|p1b: Incineroar\n|-supereffective|p1b: Incineroar|1\n|-damage|p1b: Incineroar|0 fnt\n|faint|p1b: Incineroar\n|\n|upkeep\n|\n|t:|1776549477\n|switch|p1b: Mamoswine|Mamoswine, L50, M|100/100\n|turn|4\n|\n|t:|1776549492\n|move|p1a: Aerodactyl|Rock Slide|p2b: Starmie|[spread] p2a,p2b\n|-end|p2b: Starmie|Substitute\n|-resisted|p2a: Sneasler|1\n|-damage|p2a: Sneasler|79/100\n|move|p1b: Mamoswine|Earthquake|p2a: Sneasler|[spread] p2a,p2b\n|-immune|p1a: Aerodactyl\n|-supereffective|p2a: Sneasler|1\n|-damage|p2a: Sneasler|0 fnt\n|-damage|p2b: Starmie|0 fnt\n|faint|p2a: Sneasler\n|faint|p2b: Starmie\n|\n|upkeep\n|inactive|Mixology54 has 30 seconds left.\n|inactive|Mixology54 has 20 seconds left.\n|inactive|Mixology54 has 15 seconds left.\n|inactive|Mixology54 has 10 seconds left.\n|inactive|Mixology54 has 5 seconds left.\n|\n|t:|1776549547\n|switch|p2a: Incineroar|Incineroar, L50, M|100/100\n|-ability|p2a: Incineroar|Intimidate|boost\n|-unboost|p1a: Aerodactyl|atk|1\n|-fail|p1b: Mamoswine|unboost|Attack|[from] ability: Oblivious|[of] p1b: Mamoswine\n|turn|5\n|-message|Mixology54 forfeited.\n|\n|win|FallenTurtlle\n|raw|FallenTurtlle's rating: 1214 &rarr; <strong>1232</strong><br />(+18 for winning)\n|raw|Mixology54's rating: 1116 &rarr; <strong>1098</strong><br />(-18 for losing)\n",
  "uploadtime": 1776549560,
  "views": 12,
  "formatid": "gen9championsvgc2026regma",
  "rating": 1098,
  "private": 0,
  "password": null
}