{
  "id": "gen9championsvgc2026regma-2586911997",
  "format": "[Gen 9 Champions] VGC 2026 Reg M-A",
  "players": [
    "CMEndless",
    "OpenTeamPlz"
  ],
  "log": "|j|\u2606CMEndless\n|j|\u2606OpenTeamPlz\n|t:|1776471088\n|gametype|doubles\n|player|p1|CMEndless|102|1093\n|player|p2|OpenTeamPlz|169|1137\n|gen|9\n|tier|[Gen 9 Champions] VGC 2026 Reg M-A\n|rated|\n|rule|Species Clause: Limit one of each Pok\u00e9mon\n|rule|Item Clause: Limit 1 of each item\n|clearpoke\n|poke|p1|Kommo-o, L50, M|\n|poke|p1|Basculegion, L50, M|\n|poke|p1|Incineroar, L50, M|\n|poke|p1|Scizor, L50, M|\n|poke|p1|Sneasler, L50, M|\n|poke|p1|Ninetales-Alola, L50, M|\n|poke|p2|Maushold-Four, L50|\n|poke|p2|Gengar, L50, F|\n|poke|p2|Politoed, L50, M|\n|poke|p2|Basculegion, L50, M|\n|poke|p2|Aggron, L50, F|\n|poke|p2|Incineroar, L50, M|\n|teampreview|4\n|inactive|Battle timer is ON: inactive players will automatically lose when time's up. (requested by OpenTeamPlz)\nOpenTeamPlz has agreed to open team sheets.\n|inactive|OpenTeamPlz has 60 seconds left.\n|\n|t:|1776471121\n|teamsize|p1|4\n|teamsize|p2|4\n|start\n|switch|p1a: Incineroar|Incineroar, L50, M, shiny|100/100\n|switch|p1b: Ninetales|Ninetales-Alola, L50, M, shiny|100/100\n|switch|p2a: King's Rock|Maushold-Four, L50|100/100\n|switch|p2b: Aggronite|Aggron, L50, F|100/100\n|-weather|Snowscape|[from] ability: Snow Warning|[of] p1b: Ninetales\n|-ability|p1a: Incineroar|Intimidate|boost\n|-unboost|p2a: King's Rock|atk|1\n|-unboost|p2b: Aggronite|atk|1\n|turn|1\n|inactive|CMEndless has 30 seconds left.\n|inactive|CMEndless has 20 seconds left.\n|inactive|CMEndless has 15 seconds left.\n|inactive|CMEndless has 10 seconds left.\n|\n|t:|1776471167\n|move|p2a: King's Rock|Protect|p2a: King's Rock\n|-singleturn|p2a: King's Rock|Protect\n|move|p2b: Aggronite|Protect|p2b: Aggronite\n|-singleturn|p2b: Aggronite|Protect\n|move|p1a: Incineroar|Fake Out|p2a: King's Rock\n|-activate|p2a: King's Rock|move: Protect\n|move|p1b: Ninetales|Aurora Veil|p1b: Ninetales\n|-sidestart|p1: CMEndless|move: Aurora Veil\n|\n|-weather|Snowscape|[upkeep]\n|upkeep\n|turn|2\n|\n|t:|1776471184\n|detailschange|p2b: Aggronite|Aggron-Mega, L50, F\n|-mega|p2b: Aggronite|Aggron|Aggronite\n|move|p2a: King's Rock|Population Bomb|p1b: Ninetales\n|-damage|p1b: Ninetales|98/100\n|-damage|p1b: Ninetales|95/100\n|-damage|p1b: Ninetales|93/100\n|-damage|p1b: Ninetales|90/100\n|-damage|p1b: Ninetales|88/100\n|-crit|p1b: Ninetales\n|-damage|p1b: Ninetales|78/100\n|-hitcount|p1b: Ninetales|6\n|move|p1b: Ninetales|Encore|p2a: King's Rock\n|-start|p2a: King's Rock|Encore\n|move|p1a: Incineroar|Parting Shot|p2b: Aggronite\n|-unboost|p2b: Aggronite|atk|1\n|-unboost|p2b: Aggronite|spa|1\n|\n|t:|1776471195\n|switch|p1a: Kommo-o|Kommo-o, L50, M, shiny|100/100|[from] Parting Shot\n|move|p2b: Aggronite|Iron Defense|p2b: Aggronite\n|-boost|p2b: Aggronite|def|2\n|\n|-weather|Snowscape|[upkeep]\n|upkeep\n|turn|3\n|\n|t:|1776471211\n|move|p2a: King's Rock|Population Bomb|p1b: Ninetales\n|-damage|p1b: Ninetales|75/100\n|-hitcount|p1b: Ninetales|1\n|move|p1b: Ninetales|Encore|p2b: Aggronite\n|-start|p2b: Aggronite|Encore\n|move|p1a: Kommo-o|Aura Sphere|p2b: Aggronite\n|-supereffective|p2b: Aggronite|1\n|-crit|p2b: Aggronite\n|-damage|p2b: Aggronite|60/100\n|move|p2b: Aggronite|Iron Defense|p2b: Aggronite\n|-boost|p2b: Aggronite|def|2\n|\n|-weather|Snowscape|[upkeep]\n|upkeep\n|turn|4\n|\n|t:|1776471223\n|move|p1b: Ninetales|Protect|p1b: Ninetales\n|-singleturn|p1b: Ninetales|Protect\n|move|p2a: King's Rock|Population Bomb|p1a: Kommo-o\n|-damage|p1a: Kommo-o|98/100\n|-damage|p1a: Kommo-o|96/100\n|-hitcount|p1a: Kommo-o|2\n|move|p1a: Kommo-o|Aura Sphere|p2b: Aggronite\n|-supereffective|p2b: Aggronite|1\n|-damage|p2b: Aggronite|31/100\n|move|p2b: Aggronite|Iron Defense|p2b: Aggronite\n|-boost|p2b: Aggronite|def|2\n|\n|-weather|Snowscape|[upkeep]\n|-heal|p1a: Kommo-o|100/100|[from] item: Leftovers\n|upkeep\n|turn|5\n|\n|t:|1776471233\n|move|p2a: King's Rock|Population Bomb|p1a: Kommo-o\n|-damage|p1a: Kommo-o|98/100\n|-damage|p1a: Kommo-o|96/100\n|-damage|p1a: Kommo-o|94/100\n|-damage|p1a: Kommo-o|92/100\n|-damage|p1a: Kommo-o|89/100\n|-damage|p1a: Kommo-o|87/100\n|-damage|p1a: Kommo-o|85/100\n|-damage|p1a: Kommo-o|82/100\n|-damage|p1a: Kommo-o|80/100\n|-damage|p1a: Kommo-o|78/100\n|-hitcount|p1a: Kommo-o|10\n|move|p1b: Ninetales|Blizzard|p2a: King's Rock|[spread] p2a,p2b\n|-resisted|p2b: Aggronite|1\n|-damage|p2a: King's Rock|62/100\n|-damage|p2b: Aggronite|22/100\n|cant|p1a: Kommo-o|flinch\n|move|p2b: Aggronite|Iron Defense|p2b: Aggronite\n|-boost|p2b: Aggronite|def|0\n|\n|-weather|none\n|-heal|p1a: Kommo-o|84/100|[from] item: Leftovers\n|-end|p2a: King's Rock|Encore\n|-end|p2b: Aggronite|Encore\n|-sideend|p1: CMEndless|move: Aurora Veil\n|upkeep\n|turn|6\n|inactive|OpenTeamPlz has 30 seconds left.\n|\n|t:|1776471263\n|move|p2a: King's Rock|Follow Me|p2a: King's Rock\n|-singleturn|p2a: King's Rock|move: Follow Me\n|move|p1b: Ninetales|Encore|p2a: King's Rock\n|-start|p2a: King's Rock|Encore\n|move|p1a: Kommo-o|Aura Sphere|p2a: King's Rock\n|-supereffective|p2a: King's Rock|1\n|-damage|p2a: King's Rock|0 fnt\n|faint|p2a: King's Rock\n|move|p2b: Aggronite|Body Press|p1a: Kommo-o\n|-damage|p1a: Kommo-o|0 fnt\n|faint|p1a: Kommo-o\n|\n|upkeep\n|\n|t:|1776471282\n|switch|p2a: Gengarite|Gengar, L50, F|100/100\n|switch|p1a: Incineroar|Incineroar, L50, M, shiny|100/100\n|-ability|p1a: Incineroar|Intimidate|boost\n|-unboost|p2a: Gengarite|atk|1\n|-unboost|p2b: Aggronite|atk|1\n|turn|7\n|\n|t:|1776471298\n|move|p1b: Ninetales|Protect|p1b: Ninetales\n|-singleturn|p1b: Ninetales|Protect\n|move|p2a: Gengarite|Sludge Bomb|p1b: Ninetales\n|-activate|p1b: Ninetales|move: Protect\n|move|p1a: Incineroar|Throat Chop|p2a: Gengarite\n|-supereffective|p2a: Gengarite|1\n|-damage|p2a: Gengarite|0 fnt\n|faint|p2a: Gengarite\n|move|p2b: Aggronite|Body Press|p1a: Incineroar\n|-supereffective|p1a: Incineroar|1\n|-damage|p1a: Incineroar|0 fnt\n|faint|p1a: Incineroar\n|\n|upkeep\n|\n|t:|1776471307\n|switch|p2a: Bright Powder|Politoed, L50, M|100/100\n|switch|p1a: Scizor|Scizor, L50, M, shiny|100/100\n|-weather|RainDance|[from] ability: Drizzle|[of] p2a: Bright Powder\n|turn|8\n|\n|t:|1776471328\n|detailschange|p1a: Scizor|Scizor-Mega, L50, M, shiny\n|-mega|p1a: Scizor|Scizor|Scizorite\n|move|p1a: Scizor|Bullet Punch|p2b: Aggronite\n|-resisted|p2b: Aggronite|1\n|-damage|p2b: Aggronite|20/100\n|move|p1b: Ninetales|Blizzard|p2b: Aggronite|[spread] p2b\n|-miss|p1b: Ninetales|p2a: Bright Powder\n|-resisted|p2b: Aggronite|1\n|-damage|p2b: Aggronite|8/100\n|-status|p2b: Aggronite|frz\n|move|p2a: Bright Powder|Perish Song|p2a: Bright Powder\n|-start|p1a: Scizor|perish3|[silent]\n|-start|p1b: Ninetales|perish3|[silent]\n|-start|p2a: Bright Powder|perish3|[silent]\n|-start|p2b: Aggronite|perish3|[silent]\n|-fieldactivate|move: Perish Song\n|cant|p2b: Aggronite|frz\n|\n|-weather|RainDance|[upkeep]\n|-start|p1b: Ninetales|perish3\n|-start|p1a: Scizor|perish3\n|-start|p2a: Bright Powder|perish3\n|-start|p2b: Aggronite|perish3\n|upkeep\n|turn|9\n|\n|t:|1776471342\n|move|p2a: Bright Powder|Protect|p2a: Bright Powder\n|-singleturn|p2a: Bright Powder|Protect\n|move|p1b: Ninetales|Blizzard|p2b: Aggronite|[spread] \n|-activate|p2a: Bright Powder|move: Protect\n|-miss|p1b: Ninetales|p2b: Aggronite\n|move|p1a: Scizor|Bug Bite|p2a: Bright Powder\n|-activate|p2a: Bright Powder|move: Protect\n|cant|p2b: Aggronite|frz\n|\n|-weather|RainDance|[upkeep]\n|-start|p1b: Ninetales|perish2\n|-start|p1a: Scizor|perish2\n|-start|p2a: Bright Powder|perish2\n|-start|p2b: Aggronite|perish2\n|upkeep\n|turn|10\n|\n|t:|1776471351\n|move|p2a: Bright Powder|Protect||[still]\n|-fail|p2a: Bright Powder\n|move|p1a: Scizor|Bullet Punch|p2b: Aggronite\n|-resisted|p2b: Aggronite|1\n|-damage|p2b: Aggronite|6/100 frz\n|move|p1b: Ninetales|Blizzard|p2a: Bright Powder|[spread] p2b\n|-miss|p1b: Ninetales|p2a: Bright Powder\n|-resisted|p2b: Aggronite|1\n|-damage|p2b: Aggronite|0 fnt\n|faint|p2b: Aggronite\n|\n|-weather|RainDance|[upkeep]\n|-start|p1b: Ninetales|perish1\n|-start|p1a: Scizor|perish1\n|-start|p2a: Bright Powder|perish1\n|upkeep\n|turn|11\n|c|\u2606OpenTeamPlz|have a good day\n|\n|t:|1776471372\n|move|p2a: Bright Powder|Protect|p2a: Bright Powder\n|-singleturn|p2a: Bright Powder|Protect\n|move|p1a: Scizor|Bullet Punch|p2a: Bright Powder\n|-activate|p2a: Bright Powder|move: Protect\n|move|p1b: Ninetales|Blizzard|p2a: Bright Powder\n|-activate|p2a: Bright Powder|move: Protect\n|\n|-weather|RainDance|[upkeep]\n|-start|p1b: Ninetales|perish0\n|-start|p1a: Scizor|perish0\n|-start|p2a: Bright Powder|perish0\n|faint|p1b: Ninetales\n|faint|p1a: Scizor\n|faint|p2a: Bright Powder\n|\n|win|OpenTeamPlz\n|raw|CMEndless's rating: 1093 &rarr; <strong>1072</strong><br />(-21 for losing)\n|raw|OpenTeamPlz's rating: 1137 &rarr; <strong>1159</strong><br />(+22 for winning)\n|l|\u2606CMEndless\n|player|p1|\n",
  "uploadtime": 1776471390,
  "views": 20,
  "formatid": "gen9championsvgc2026regma",
  "rating": 1072,
  "private": 0,
  "password": null
}