{
  "id": "gen9championsvgc2026regma-2585873177",
  "format": "[Gen 9 Champions] VGC 2026 Reg M-A",
  "players": [
    "chimpanzeee",
    "good evening 47"
  ],
  "log": "|j|\u2606chimpanzeee\n|j|\u2606good evening 47\n|t:|1776377326\n|gametype|doubles\n|player|p1|chimpanzeee|170|1199\n|player|p2|good evening 47|gentleman-gen4|1165\n|gen|9\n|tier|[Gen 9 Champions] VGC 2026 Reg M-A\n|rated|\n|rule|Species Clause: Limit one of each Pok\u00e9mon\n|rule|Item Clause: Limit 1 of each item\n|clearpoke\n|poke|p1|Meganium, L50, F|\n|poke|p1|Politoed, L50, F|\n|poke|p1|Incineroar, L50, M|\n|poke|p1|Archaludon, L50, M|\n|poke|p1|Froslass, L50, F|\n|poke|p1|Corviknight, L50, F|\n|poke|p2|Noivern, L50, M|\n|poke|p2|Garchomp, L50, F|\n|poke|p2|Goodra-Hisui, L50, M|\n|poke|p2|Hydreigon, L50, M|\n|poke|p2|Dragonite, L50, M|\n|poke|p2|Milotic, L50, M|\n|teampreview|4\n|inactive|Battle timer is ON: inactive players will automatically lose when time's up. (requested by chimpanzeee)\n|inactive|chimpanzeee has 60 seconds left.\n|inactive|good evening 47 has 60 seconds left.\n|\n|t:|1776377368\n|teamsize|p1|4\n|teamsize|p2|4\n|start\n|switch|p1a: Incineroar|Incineroar, L50, M|100/100\n|switch|p1b: Froslass|Froslass, L50, F|100/100\n|switch|p2a: Noivern|Noivern, L50, M|100/100\n|switch|p2b: Goodra|Goodra-Hisui, L50, M|100/100\n|-ability|p1a: Incineroar|Intimidate|boost\n|-unboost|p2a: Noivern|atk|1\n|-unboost|p2b: Goodra|atk|1\n|turn|1\n|inactive|good evening 47 has 30 seconds left.\n|inactive|good evening 47 has 20 seconds left.\n|inactive|chimpanzeee has 30 seconds left.\n|\n|t:|1776377414\n|detailschange|p1b: Froslass|Froslass-Mega, L50, F\n|-mega|p1b: Froslass|Froslass|Froslassite\n|-weather|Snowscape|[from] ability: Snow Warning|[of] p1b: Froslass\n|move|p1a: Incineroar|Fake Out|p2a: Noivern\n|-damage|p2a: Noivern|89/100\n|cant|p2a: Noivern|flinch\n|move|p1b: Froslass|Blizzard|p2a: Noivern|[spread] p2a,p2b\n|-supereffective|p2a: Noivern|2\n|-damage|p2a: Noivern|0 fnt\n|-damage|p2b: Goodra|75/100\n|faint|p2a: Noivern\n|move|p2b: Goodra|Heavy Slam|p1b: Froslass\n|-supereffective|p1b: Froslass|1\n|-damage|p1b: Froslass|37/100\n|\n|-weather|Snowscape|[upkeep]\n|upkeep\n|\n|t:|1776377422\n|switch|p2a: Milotic|Milotic, L50, M|100/100\n|turn|2\n|\n|t:|1776377444\n|move|p1b: Froslass|Protect|p1b: Froslass\n|-singleturn|p1b: Froslass|Protect\n|move|p1a: Incineroar|Parting Shot|p2a: Milotic\n|-unboost|p2a: Milotic|atk|1\n|-unboost|p2a: Milotic|spa|1\n|\n|t:|1776377455\n|switch|p1a: Archaludon|Archaludon, L50, M|100/100|[from] Parting Shot\n|move|p2a: Milotic|Dragon Cheer|p2b: Goodra\n|-start|p2b: Goodra|move: Dragon Cheer\n|move|p2b: Goodra|Draco Meteor|p1a: Archaludon\n|-crit|p1a: Archaludon\n|-damage|p1a: Archaludon|0 fnt\n|-unboost|p2b: Goodra|spa|2\n|faint|p1a: Archaludon\n|\n|-weather|Snowscape|[upkeep]\n|upkeep\n|\n|t:|1776377466\n|switch|p1a: Incineroar|Incineroar, L50, M|100/100\n|-ability|p1a: Incineroar|Intimidate|boost\n|-unboost|p2a: Milotic|atk|1\n|-unboost|p2b: Goodra|atk|1\n|turn|3\n|\n|t:|1776377482\n|move|p2b: Goodra|Protect|p2b: Goodra\n|-singleturn|p2b: Goodra|Protect\n|move|p1a: Incineroar|Fake Out|p2b: Goodra\n|-activate|p2b: Goodra|move: Protect\n|move|p1b: Froslass|Aurora Veil|p1b: Froslass\n|-sidestart|p1: chimpanzeee|move: Aurora Veil\n|move|p2a: Milotic|Icy Wind|p1b: Froslass|[spread] p1b\n|-miss|p2a: Milotic|p1a: Incineroar\n|-resisted|p1b: Froslass|1\n|-damage|p1b: Froslass|34/100\n|-unboost|p1b: Froslass|spe|1\n|\n|-weather|Snowscape|[upkeep]\n|upkeep\n|turn|4\n|inactive|chimpanzeee has 30 seconds left.\n|\n|t:|1776377513\n|switch|p1b: Corviknight|Corviknight, L50, F|100/100\n|-ability|p1b: Corviknight|Unnerve\n|move|p1a: Incineroar|Parting Shot|p2b: Goodra\n|-unboost|p2b: Goodra|atk|1\n|-unboost|p2b: Goodra|spa|1\n|\n|t:|1776377519\n|switch|p1a: Froslass|Froslass-Mega, L50, F|34/100|[from] Parting Shot\n|move|p2a: Milotic|Life Dew||[still]|[spread] p2a,p2b\n|-fail|p2a: Milotic|heal\n|-heal|p2b: Goodra|99/100\n|move|p2b: Goodra|Heavy Slam|p1b: Corviknight\n|-resisted|p1b: Corviknight|1\n|-crit|p1b: Corviknight\n|-damage|p1b: Corviknight|78/100\n|\n|-weather|Snowscape|[upkeep]\n|upkeep\n|turn|5\n|\n|t:|1776377541\n|move|p1a: Froslass|Blizzard|p2a: Milotic|[spread] p2a,p2b\n|-resisted|p2a: Milotic|1\n|-damage|p2a: Milotic|81/100\n|-damage|p2b: Goodra|72/100\n|move|p1b: Corviknight|Body Press|p2b: Goodra\n|-supereffective|p2b: Goodra|1\n|-damage|p2b: Goodra|27/100\n|move|p2a: Milotic|Icy Wind|p1a: Froslass|[spread] p1a,p1b\n|-resisted|p1a: Froslass|1\n|-damage|p1a: Froslass|30/100\n|-damage|p1b: Corviknight|72/100\n|-unboost|p1a: Froslass|spe|1\n|-unboost|p1b: Corviknight|spe|1\n|move|p2b: Goodra|Thunder|p1b: Corviknight\n|-supereffective|p1b: Corviknight|1\n|-crit|p1b: Corviknight\n|-damage|p1b: Corviknight|0 fnt\n|faint|p1b: Corviknight\n|\n|-weather|none\n|-heal|p2a: Milotic|87/100|[from] item: Leftovers\n|upkeep\n|\n|t:|1776377559\n|switch|p1b: Incineroar|Incineroar, L50, M|100/100\n|-ability|p1b: Incineroar|Intimidate|boost\n|-unboost|p2a: Milotic|atk|1\n|-unboost|p2b: Goodra|atk|1\n|turn|6\n|\n|t:|1776377568\n|move|p2b: Goodra|Protect|p2b: Goodra\n|-singleturn|p2b: Goodra|Protect\n|move|p1b: Incineroar|Fake Out|p2a: Milotic\n|-damage|p2a: Milotic|76/100\n|move|p1a: Froslass|Nasty Plot|p1a: Froslass\n|-boost|p1a: Froslass|spa|2\n|cant|p2a: Milotic|flinch\n|\n|-heal|p2a: Milotic|82/100|[from] item: Leftovers\n|upkeep\n|turn|7\n|\n|t:|1776377584\n|move|p1a: Froslass|Protect|p1a: Froslass\n|-singleturn|p1a: Froslass|Protect\n|move|p1b: Incineroar|Throat Chop|p2b: Goodra\n|-damage|p2b: Goodra|0 fnt\n|faint|p2b: Goodra\n|move|p2a: Milotic|Life Dew|p2a: Milotic\n|-heal|p2a: Milotic|100/100\n|\n|-sideend|p1: chimpanzeee|move: Aurora Veil\n|upkeep\n|\n|t:|1776377590\n|switch|p2b: Dragonite|Dragonite, L50, M|100/100\n|turn|8\n|\n|t:|1776377605\n|detailschange|p2b: Dragonite|Dragonite-Mega, L50, M\n|-mega|p2b: Dragonite|Dragonite|Dragoninite\n|move|p2b: Dragonite|Draco Meteor|p1a: Froslass\n|-damage|p1a: Froslass|0 fnt\n|-unboost|p2b: Dragonite|spa|2\n|faint|p1a: Froslass\n|move|p1b: Incineroar|Throat Chop|p2b: Dragonite\n|-damage|p2b: Dragonite|83/100\n|-start|p2b: Dragonite|Throat Chop|[silent]\n|move|p2a: Milotic|Icy Wind|p1b: Incineroar\n|-resisted|p1b: Incineroar|1\n|-crit|p1b: Incineroar\n|-damage|p1b: Incineroar|90/100\n|-unboost|p1b: Incineroar|spe|1\n|\n|upkeep\n|turn|9\n|\n|t:|1776377621\n|move|p2b: Dragonite|Protect|p2b: Dragonite\n|-singleturn|p2b: Dragonite|Protect\n|move|p2a: Milotic|Dragon Cheer|p2b: Dragonite\n|-start|p2b: Dragonite|move: Dragon Cheer\n|move|p1b: Incineroar|Throat Chop|p2a: Milotic\n|-damage|p2a: Milotic|70/100\n|-start|p2a: Milotic|Throat Chop|[silent]\n|\n|-heal|p2a: Milotic|76/100|[from] item: Leftovers\n|-end|p2b: Dragonite|Throat Chop|[silent]\n|upkeep\n|turn|10\n|\n|t:|1776377633\n|move|p2b: Dragonite|Draco Meteor|p1b: Incineroar\n|-crit|p1b: Incineroar\n|-damage|p1b: Incineroar|0 fnt\n|-unboost|p2b: Dragonite|spa|2\n|faint|p1b: Incineroar\n|\n|win|good evening 47\n|raw|chimpanzeee's rating: 1199 &rarr; <strong>1172</strong><br />(-27 for losing)\n|raw|good evening 47's rating: 1165 &rarr; <strong>1192</strong><br />(+27 for winning)\n|l|\u2606chimpanzeee\n|player|p1|\n",
  "uploadtime": 1776377777,
  "views": 18,
  "formatid": "gen9championsvgc2026regma",
  "rating": 1172,
  "private": 0,
  "password": null
}