{
  "id": "gen9championsvgc2026regma-2582722119",
  "format": "[Gen 9 Champions] VGC 2026 Reg M-A",
  "players": [
    "Mazuki0929",
    "I Love Lenny"
  ],
  "log": "|j|\u2606Mazuki0929\n|j|\u2606I Love Lenny\n|t:|1776109606\n|gametype|doubles\n|player|p1|Mazuki0929|169|1045\n|player|p2|I Love Lenny|morty|1101\n|gen|9\n|tier|[Gen 9 Champions] VGC 2026 Reg M-A\n|rated|\n|rule|Species Clause: Limit one of each Pok\u00e9mon\n|rule|Item Clause: Limit 1 of each item\n|clearpoke\n|poke|p1|Greninja-*, L50, M|\n|poke|p1|Pelipper, L50, M|\n|poke|p1|Archaludon, L50, M|\n|poke|p1|Sneasler, L50, M|\n|poke|p2|Hatterene, L50, F|\n|poke|p2|Oranguru, L50, F|\n|poke|p2|Golurk, L50|\n|poke|p2|Clefable, L50, F|\n|poke|p2|Hydreigon, L50, M|\n|poke|p2|Torkoal, L50, F|\n|teampreview|4\nMazuki0929 rejected open team sheets.\n|inactive|Battle timer is ON: inactive players will automatically lose when time's up. (requested by Mazuki0929)\n|\n|t:|1776109619\n|teamsize|p1|4\n|teamsize|p2|4\n|start\n|switch|p1a: Archaludon|Archaludon, L50, M|100/100\n|switch|p1b: Pelipper|Pelipper, L50, M|100/100\n|switch|p2a: Oranguru|Oranguru, L50, F|100/100\n|switch|p2b: Clefable|Clefable, L50, F|100/100\n|-weather|RainDance|[from] ability: Drizzle|[of] p1b: Pelipper\n|turn|1\n|\n|t:|1776109639\n|move|p2b: Clefable|Follow Me|p2b: Clefable\n|-singleturn|p2b: Clefable|move: Follow Me\n|move|p1a: Archaludon|Electro Shot||[still]\n|-prepare|p1a: Archaludon|Electro Shot\n|-boost|p1a: Archaludon|spa|1\n|-anim|p1a: Archaludon|Electro Shot|p2b: Clefable\n|-damage|p2b: Clefable|44/100\n|move|p1b: Pelipper|Weather Ball|p2b: Clefable\n|-damage|p2b: Clefable|0 fnt\n|faint|p2b: Clefable\n|move|p2a: Oranguru|Trick Room|p2a: Oranguru\n|-fieldstart|move: Trick Room|[of] p2a: Oranguru\n|\n|-weather|RainDance|[upkeep]\n|upkeep\n|\n|t:|1776109650\n|switch|p2b: Torkoal|Torkoal, L50, F|100/100\n|-weather|SunnyDay|[from] ability: Drought|[of] p2b: Torkoal\n|turn|2\n|\n|t:|1776109663\n|move|p1b: Pelipper|Wide Guard|p1b: Pelipper\n|-singleturn|p1b: Pelipper|Wide Guard\n|move|p2b: Torkoal|Eruption|p1b: Pelipper|[spread] \n|-activate|p1a: Archaludon|move: Wide Guard\n|-activate|p1b: Pelipper|move: Wide Guard\n|move|p2a: Oranguru|Instruct|p2b: Torkoal\n|-singleturn|p2b: Torkoal|move: Instruct|[of] p2a: Oranguru\n|move|p2b: Torkoal|Eruption|p1b: Pelipper|[spread] \n|-activate|p1a: Archaludon|move: Wide Guard\n|-activate|p1b: Pelipper|move: Wide Guard\n|move|p1a: Archaludon|Draco Meteor|p2b: Torkoal\n|-damage|p2b: Torkoal|0 fnt\n|-unboost|p1a: Archaludon|spa|2\n|faint|p2b: Torkoal\n|\n|-weather|SunnyDay|[upkeep]\n|upkeep\n|\n|t:|1776109669\n|switch|p2b: Golurk|Golurk, L50|100/100\n|turn|3\n|inactive|Mazuki0929 has 30 seconds left.\n|\n|t:|1776109706\n|switch|p1b: Sneasler|Sneasler, L50, M|100/100\n|detailschange|p2b: Golurk|Golurk-Mega, L50\n|-mega|p2b: Golurk|Golurk|Golurkite\n|move|p2b: Golurk|Thunder Punch|p1b: Sneasler\n|-damage|p1b: Sneasler|40/100\n|move|p2a: Oranguru|Instruct|p2b: Golurk\n|-singleturn|p2b: Golurk|move: Instruct|[of] p2a: Oranguru\n|move|p2b: Golurk|Thunder Punch|p1b: Sneasler\n|-damage|p1b: Sneasler|0 fnt\n|faint|p1b: Sneasler\n|move|p1a: Archaludon|Draco Meteor|p2b: Golurk\n|-damage|p2b: Golurk|58/100\n|-unboost|p1a: Archaludon|spa|2\n|\n|-weather|SunnyDay|[upkeep]\n|upkeep\n|inactive|Mazuki0929 has 30 seconds left.\n|\n|t:|1776109732\n|switch|p1b: Greninja|Greninja, L50, M|100/100\n|turn|4\n|\n|t:|1776109744\n|switch|p1a: Pelipper|Pelipper, L50, M|100/100\n|-weather|RainDance|[from] ability: Drizzle|[of] p1a: Pelipper\n|move|p1b: Greninja|Protect|p1b: Greninja\n|-start|p1b: Greninja|typechange|Normal|[from] ability: Protean\n|-singleturn|p1b: Greninja|Protect\n|move|p2b: Golurk|Drain Punch|p1b: Greninja\n|-supereffective|p1b: Greninja|1\n|-ability|p2b: Golurk|Unseen Fist\n|-zbroken|p1b: Greninja\n|-damage|p1b: Greninja|70/100\n|-heal|p2b: Golurk|69/100|[from] drain|[of] p1b: Greninja\n|move|p2a: Oranguru|Instruct|p2b: Golurk\n|-singleturn|p2b: Golurk|move: Instruct|[of] p2a: Oranguru\n|move|p2b: Golurk|Drain Punch|p1b: Greninja\n|-supereffective|p1b: Greninja|1\n|-ability|p2b: Golurk|Unseen Fist\n|-zbroken|p1b: Greninja\n|-damage|p1b: Greninja|39/100\n|-heal|p2b: Golurk|81/100|[from] drain|[of] p1b: Greninja\n|\n|-weather|RainDance|[upkeep]\n|upkeep\n|turn|5\n|inactive|Mazuki0929 has 30 seconds left.\n|inactive|Mazuki0929 has 20 seconds left.\n|\n|t:|1776109780\n|switch|p1b: Archaludon|Archaludon, L50, M|100/100\n|move|p2b: Golurk|Thunder Punch|p1a: Pelipper\n|-supereffective|p1a: Pelipper|2\n|-enditem|p1a: Pelipper|Focus Sash\n|-damage|p1a: Pelipper|1/100\n|move|p2a: Oranguru|Instruct|p2b: Golurk\n|-singleturn|p2b: Golurk|move: Instruct|[of] p2a: Oranguru\n|move|p2b: Golurk|Thunder Punch|p1a: Pelipper\n|-supereffective|p1a: Pelipper|2\n|-damage|p1a: Pelipper|0 fnt\n|faint|p1a: Pelipper\n|\n|-weather|RainDance|[upkeep]\n|-fieldend|move: Trick Room\n|upkeep\n|\n|t:|1776109792\n|switch|p1a: Greninja|Greninja, L50, M|39/100\n|turn|6\n|\n|t:|1776109815\n|detailschange|p1a: Greninja|Greninja-Mega, L50, M\n|-mega|p1a: Greninja|Greninja|Greninjite\n|move|p2b: Golurk|Protect|p2b: Golurk\n|-singleturn|p2b: Golurk|Protect\n|move|p1a: Greninja|Dark Pulse|p2a: Oranguru\n|-start|p1a: Greninja|typechange|Dark|[from] ability: Protean\n|-supereffective|p2a: Oranguru|1\n|-damage|p2a: Oranguru|39/100\n|move|p1b: Archaludon|Draco Meteor|p2b: Golurk\n|-activate|p2b: Golurk|move: Protect\n|move|p2a: Oranguru|Trick Room|p2a: Oranguru\n|-fieldstart|move: Trick Room|[of] p2a: Oranguru\n|\n|-weather|RainDance|[upkeep]\n|upkeep\n|turn|7\n|inactive|Mazuki0929 has 30 seconds left.\n|inactive|Mazuki0929 has 20 seconds left.\n|\n|t:|1776109852\n|move|p2b: Golurk|Drain Punch|p1b: Archaludon\n|-supereffective|p1b: Archaludon|1\n|-damage|p1b: Archaludon|47/100\n|-heal|p2b: Golurk|100/100|[from] drain|[of] p1b: Archaludon\n|-ability|p1b: Archaludon|Stamina|boost\n|-boost|p1b: Archaludon|def|1\n|move|p2a: Oranguru|Instruct|p2b: Golurk\n|-singleturn|p2b: Golurk|move: Instruct|[of] p2a: Oranguru\n|move|p2b: Golurk|Drain Punch|p1b: Archaludon\n|-supereffective|p1b: Archaludon|1\n|-damage|p1b: Archaludon|5/100\n|-ability|p1b: Archaludon|Stamina|boost\n|-boost|p1b: Archaludon|def|1\n|move|p1b: Archaludon|Draco Meteor|p2b: Golurk\n|-damage|p2b: Golurk|39/100\n|-unboost|p1b: Archaludon|spa|2\n|move|p1a: Greninja|Weather Ball|p2b: Golurk\n|-supereffective|p2b: Golurk|1\n|-damage|p2b: Golurk|0 fnt\n|faint|p2b: Golurk\n|\n|-weather|RainDance|[upkeep]\n|upkeep\n|turn|8\n|-message|I Love Lenny forfeited.\n|\n|win|Mazuki0929\n|raw|Mazuki0929's rating: 1045 &rarr; <strong>1084</strong><br />(+39 for winning)\n|raw|I Love Lenny's rating: 1101 &rarr; <strong>1072</strong><br />(-29 for losing)\n|l|\u2606I Love Lenny\n|player|p2|\n",
  "uploadtime": 1776109890,
  "views": 13,
  "formatid": "gen9championsvgc2026regma",
  "rating": 1072,
  "private": 0,
  "password": null
}