{
  "id": "gen9championsvgc2026regma-2583957615",
  "format": "[Gen 9 Champions] VGC 2026 Reg M-A",
  "players": [
    "sfmg43",
    "Autin Mago"
  ],
  "log": "|j|\u2606sfmg43\n|j|\u2606Autin Mago\n|t:|1776211741\n|gametype|doubles\n|player|p1|sfmg43|harlequin|1151\n|player|p2|Autin Mago|flannery|1208\n|gen|9\n|tier|[Gen 9 Champions] VGC 2026 Reg M-A\n|rated|\n|rule|Species Clause: Limit one of each Pok\u00e9mon\n|rule|Item Clause: Limit 1 of each item\n|clearpoke\n|poke|p1|Crabominable, L50, F|\n|poke|p1|Mimikyu, L50, F|\n|poke|p1|Glimmora, L50, M|\n|poke|p1|Basculegion, L50, M|\n|poke|p1|Incineroar, L50, M|\n|poke|p1|Whimsicott, L50, M|\n|poke|p2|Delphox, L50, F|\n|poke|p2|Whimsicott, L50, F|\n|poke|p2|Sneasler, L50, M|\n|poke|p2|Garchomp, L50, F|\n|poke|p2|Kingambit, L50, F|\n|poke|p2|Gyarados, L50, F|\n|teampreview|4\n|c|\u2606Autin Mago|Glhf!\nAutin Mago has agreed to open team sheets.\n|\n|t:|1776211817\n|teamsize|p1|4\n|teamsize|p2|4\n|start\n|switch|p1a: Incineroar|Incineroar, L50, M|100/100\n|switch|p1b: Basculegion|Basculegion, L50, M|100/100\n|switch|p2a: Kingambit|Kingambit, L50, F|100/100\n|switch|p2b: Delphox|Delphox, L50, F|100/100\n|-ability|p1a: Incineroar|Intimidate|boost\n|-unboost|p2a: Kingambit|atk|1\n|-ability|p2a: Kingambit|Defiant|boost\n|-boost|p2a: Kingambit|atk|2\n|-unboost|p2b: Delphox|atk|1\n|turn|1\n|\n|t:|1776211840\n|switch|p2b: Gyarados|Gyarados, L50, F|100/100\n|-ability|p2b: Gyarados|Intimidate|boost\n|-unboost|p1a: Incineroar|atk|1\n|-unboost|p1b: Basculegion|atk|1\n|move|p1a: Incineroar|Fake Out|p2a: Kingambit\n|-resisted|p2a: Kingambit|1\n|-damage|p2a: Kingambit|98/100\n|move|p1b: Basculegion|Flip Turn|p2b: Gyarados\n|-resisted|p2b: Gyarados|1\n|-crit|p2b: Gyarados\n|-damage|p2b: Gyarados|75/100\n|\n|t:|1776211845\n|switch|p1b: Crabominable|Crabominable, L50, F|100/100|[from] Flip Turn\n|cant|p2a: Kingambit|flinch\n|\n|upkeep\n|turn|2\n|\n|t:|1776211901\n|detailschange|p1b: Crabominable|Crabominable-Mega, L50, F\n|-mega|p1b: Crabominable|Crabominable|Crabominite\n|move|p2a: Kingambit|Protect|p2a: Kingambit\n|-singleturn|p2a: Kingambit|Protect\n|move|p1b: Crabominable|Mach Punch|p2a: Kingambit\n|-activate|p2a: Kingambit|move: Protect\n|move|p2b: Gyarados|Dragon Dance|p2b: Gyarados\n|-boost|p2b: Gyarados|atk|1\n|-boost|p2b: Gyarados|spe|1\n|move|p1a: Incineroar|Flare Blitz|p2a: Kingambit\n|-activate|p2a: Kingambit|move: Protect\n|\n|upkeep\n|turn|3\n|\n|t:|1776211948\n|switch|p2a: Delphox|Delphox, L50, F|100/100\n|move|p1b: Crabominable|Mach Punch|p2a: Delphox\n|-resisted|p2a: Delphox|1\n|-damage|p2a: Delphox|75/100\n|move|p2b: Gyarados|Waterfall|p1a: Incineroar\n|-supereffective|p1a: Incineroar|1\n|-damage|p1a: Incineroar|25/100\n|-enditem|p1a: Incineroar|Sitrus Berry|[eat]\n|-heal|p1a: Incineroar|50/100|[from] item: Sitrus Berry\n|cant|p1a: Incineroar|flinch\n|\n|upkeep\n|turn|4\n|\n|t:|1776211967\n|switch|p1a: Basculegion|Basculegion, L50, M|100/100\n|detailschange|p2a: Delphox|Delphox-Mega, L50, F\n|-mega|p2a: Delphox|Delphox|Delphoxite\n|move|p2a: Delphox|Heat Wave|p1a: Basculegion|[spread] p1a,p1b\n|-resisted|p1a: Basculegion|1\n|-supereffective|p1b: Crabominable|1\n|-damage|p1a: Basculegion|75/100\n|-damage|p1b: Crabominable|24/100\n|move|p2b: Gyarados|Waterfall|p1a: Basculegion\n|-resisted|p1a: Basculegion|1\n|-damage|p1a: Basculegion|45/100\n|move|p1b: Crabominable|Ice Hammer|p2b: Gyarados\n|-damage|p2b: Gyarados|5/100\n|-unboost|p1b: Crabominable|spe|1\n|\n|upkeep\n|turn|5\n|\n|t:|1776212020\n|switch|p2a: Kingambit|Kingambit, L50, F|98/100\n|switch|p2b: Sneasler|Sneasler, L50, M|100/100\n|move|p1b: Crabominable|Mach Punch|p2b: Sneasler\n|-resisted|p2b: Sneasler|1\n|-damage|p2b: Sneasler|75/100\n|move|p1a: Basculegion|Flip Turn|p2a: Kingambit\n|-damage|p2a: Kingambit|71/100\n|inactive|Battle timer is ON: inactive players will automatically lose when time's up. (requested by Autin Mago)\n|inactive|sfmg43 has 60 seconds left.\n|inactive|sfmg43 has 30 seconds left.\n|inactive|sfmg43 has 20 seconds left.\n|inactive|sfmg43 has 15 seconds left.\n|inactive|sfmg43 has 10 seconds left.\n|inactive|sfmg43 has 5 seconds left.\n|\n|t:|1776212162\n|switch|p1a: Glimmora|Glimmora, L50, M|100/100|[from] Flip Turn\n|\n|upkeep\n|turn|6\n|inactive|sfmg43 has 30 seconds left.\n|inactive|Autin Mago has 30 seconds left.\n|inactive|sfmg43 has 20 seconds left.\n|inactive|Autin Mago has 20 seconds left.\n|inactive|sfmg43 has 15 seconds left.\n|inactive|Autin Mago has 15 seconds left.\n|inactive|sfmg43 has 10 seconds left.\n|inactive|Autin Mago has 10 seconds left.\n|inactive|sfmg43 has 5 seconds left.\n|inactive|Autin Mago has 5 seconds left.\n|\n|t:|1776212217\n|move|p2a: Kingambit|Sucker Punch|p1b: Crabominable\n|-resisted|p1b: Crabominable|1\n|-damage|p1b: Crabominable|7/100\n|move|p1b: Crabominable|Mach Punch|p2a: Kingambit\n|-supereffective|p2a: Kingambit|2\n|-damage|p2a: Kingambit|0 fnt\n|faint|p2a: Kingambit\n|move|p2b: Sneasler|Close Combat|p1b: Crabominable\n|-supereffective|p1b: Crabominable|1\n|-damage|p1b: Crabominable|0 fnt\n|-unboost|p2b: Sneasler|def|1\n|-unboost|p2b: Sneasler|spd|1\n|faint|p1b: Crabominable\n|move|p1a: Glimmora|Power Gem|p2b: Sneasler\n|-resisted|p2b: Sneasler|1\n|-damage|p2b: Sneasler|25/100\n|\n|upkeep\n|inactive|sfmg43 has 30 seconds left.\n|inactive|Autin Mago has 30 seconds left.\n|inactive|sfmg43 has 20 seconds left.\n|inactive|sfmg43 has 15 seconds left.\n|inactive|sfmg43 has 10 seconds left.\n|inactive|sfmg43 has 5 seconds left.\n|\n|t:|1776212272\n|switch|p2a: Gyarados|Gyarados, L50, F|5/100\n|switch|p1b: Basculegion|Basculegion, L50, M|45/100\n|-ability|p2a: Gyarados|Intimidate|boost\n|-unboost|p1a: Glimmora|atk|1\n|-unboost|p1b: Basculegion|atk|1\n|turn|7\n|inactive|sfmg43 has 30 seconds left.\n|inactive|Autin Mago has 30 seconds left.\n|inactive|sfmg43 has 20 seconds left.\n|inactive|sfmg43 has 15 seconds left.\n|inactive|Autin Mago has 20 seconds left.\n|inactive|sfmg43 has 10 seconds left.\n|inactive|sfmg43 has 5 seconds left.\n|inactive|Autin Mago has 15 seconds left.\n|inactive|Autin Mago has 10 seconds left.\n|\n|t:|1776212336\n|move|p1b: Basculegion|Flip Turn|p2b: Sneasler\n|-crit|p2b: Sneasler\n|-damage|p2b: Sneasler|0 fnt\n|faint|p2b: Sneasler\n|inactive|sfmg43 has 30 seconds left.\n|inactive|sfmg43 has 20 seconds left.\n|inactive|sfmg43 has 15 seconds left.\n|inactive|sfmg43 has 10 seconds left.\n|inactive|sfmg43 has 5 seconds left.\n|\n|t:|1776212391\n|switch|p1b: Incineroar|Incineroar, L50, M|50/100|[from] Flip Turn\n|-ability|p1b: Incineroar|Intimidate|boost\n|-unboost|p2a: Gyarados|atk|1\n|move|p1a: Glimmora|Power Gem|p2a: Gyarados\n|-supereffective|p2a: Gyarados|1\n|-damage|p2a: Gyarados|0 fnt\n|faint|p2a: Gyarados\n|\n|upkeep\n|\n|t:|1776212395\n|switch|p2a: Delphox|Delphox-Mega, L50, F|75/100\n|turn|8\n|inactive|sfmg43 has 30 seconds left.\n|inactive|sfmg43 has 20 seconds left.\n|inactive|sfmg43 has 15 seconds left.\n|inactive|sfmg43 has 10 seconds left.\n|inactive|sfmg43 has 5 seconds left.\n|\n|t:|1776212450\n|move|p2a: Delphox|Protect|p2a: Delphox\n|-singleturn|p2a: Delphox|Protect\n|move|p1b: Incineroar|Fake Out|p2a: Delphox\n|-activate|p2a: Delphox|move: Protect\n|move|p1a: Glimmora|Power Gem|p2a: Delphox\n|-activate|p2a: Delphox|move: Protect\n|\n|upkeep\n|turn|9\n|inactive|sfmg43 has 30 seconds left.\n|inactive|sfmg43 has 20 seconds left.\n|inactive|sfmg43 has 15 seconds left.\n|inactive|sfmg43 has 10 seconds left.\n|inactive|sfmg43 has 5 seconds left.\n|\n|t:|1776212505\n|move|p1b: Incineroar|Fake Out||[still]\n|-hint|Fake Out only works on your first turn out.\n|-fail|p1b: Incineroar\n|move|p2a: Delphox|Psychic|p1a: Glimmora\n|-supereffective|p1a: Glimmora|1\n|-damage|p1a: Glimmora|0 fnt\n|faint|p1a: Glimmora\n|\n|upkeep\n|inactive|sfmg43 has 30 seconds left.\n|inactive|sfmg43 has 20 seconds left.\n|inactive|sfmg43 has 15 seconds left.\n|inactive|sfmg43 has 10 seconds left.\n|inactive|sfmg43 has 5 seconds left.\n|\n|t:|1776212560\n|switch|p1a: Basculegion|Basculegion, L50, M|45/100\n|turn|10\n|inactive|sfmg43 has 30 seconds left.\n|inactive|sfmg43 has 20 seconds left.\n|inactive|sfmg43 has 15 seconds left.\n|inactive|sfmg43 has 10 seconds left.\n|inactive|Autin Mago has 30 seconds left.\n|inactive|sfmg43 has 5 seconds left.\n|inactive|Autin Mago has 20 seconds left.\n|-message|sfmg43 lost due to inactivity.\n|\n|win|Autin Mago\n|raw|sfmg43's rating: 1151 &rarr; <strong>1130</strong><br />(-21 for losing)\n|raw|Autin Mago's rating: 1208 &rarr; <strong>1229</strong><br />(+21 for winning)\n|c|\u2606Autin Mago|Play the game next time please\n",
  "uploadtime": 1776212605,
  "views": 16,
  "formatid": "gen9championsvgc2026regma",
  "rating": 1130,
  "private": 0,
  "password": null
}