{
  "id": "gen9championsvgc2026regma-2585895644",
  "format": "[Gen 9 Champions] VGC 2026 Reg M-A",
  "players": [
    "starstruckbunni",
    "alexesmo5"
  ],
  "log": "|j|\u2606starstruckbunni\n|j|\u2606alexesmo5\n|t:|1776379286\n|gametype|doubles\n|player|p1|starstruckbunni|anthea|1296\n|player|p2|alexesmo5|266|1296\n|gen|9\n|tier|[Gen 9 Champions] VGC 2026 Reg M-A\n|rated|\n|rule|Species Clause: Limit one of each Pok\u00e9mon\n|rule|Item Clause: Limit 1 of each item\n|clearpoke\n|poke|p1|Blastoise, L50, M|\n|poke|p1|Sableye, L50, M|\n|poke|p1|Basculegion, L50, M|\n|poke|p1|Sneasler, L50, F|\n|poke|p1|Kingambit, L50, M|\n|poke|p1|Aerodactyl, L50, M|\n|poke|p2|Floette-Eternal, L50, F|\n|poke|p2|Aegislash, L50, F|\n|poke|p2|Talonflame, L50, M|\n|poke|p2|Incineroar, L50, M|\n|poke|p2|Garchomp, L50, F|\n|poke|p2|Rotom-Wash, L50|\n|teampreview|4\n|inactive|Battle timer is ON: inactive players will automatically lose when time's up. (requested by starstruckbunni)\n|\n|t:|1776379311\n|teamsize|p1|4\n|teamsize|p2|4\n|start\n|switch|p1a: Sableye|Sableye, L50, M, shiny|100/100\n|switch|p1b: Basculegion|Basculegion, L50, M|100/100\n|switch|p2a: Garchomp|Garchomp, L50, F|100/100\n|switch|p2b: Rotom|Rotom-Wash, L50|100/100\n|turn|1\n|\n|t:|1776379335\n|move|p1a: Sableye|Rain Dance|p1a: Sableye\n|-weather|RainDance\n|move|p1b: Basculegion|Wave Crash|p2a: Garchomp\n|-damage|p2a: Garchomp|0 fnt\n|-damage|p1b: Basculegion|88/100|[from] ability: Rough Skin|[of] p2a: Garchomp\n|faint|p2a: Garchomp\n|-damage|p1b: Basculegion|56/100|[from] Recoil\n|move|p2b: Rotom|Thunderbolt|p1b: Basculegion\n|-supereffective|p1b: Basculegion|1\n|-damage|p1b: Basculegion|0 fnt\n|faint|p1b: Basculegion\n|\n|-weather|RainDance|[upkeep]\n|upkeep\n|\n|t:|1776379346\n|switch|p1b: Blastoise|Blastoise, L50, M, shiny|100/100\n|switch|p2a: Talonflame|Talonflame, L50, M|100/100\n|turn|2\n|\n|t:|1776379359\n|detailschange|p1b: Blastoise|Blastoise-Mega, L50, M, shiny\n|-mega|p1b: Blastoise|Blastoise|Blastoisinite\n|move|p2a: Talonflame|Tailwind|p2a: Talonflame\n|-sidestart|p2: alexesmo5|move: Tailwind\n|move|p1a: Sableye|Disable|p2b: Rotom\n|-start|p2b: Rotom|Disable|Thunderbolt\n|cant|p2b: Rotom|Disable|Thunderbolt\n|move|p1b: Blastoise|Muddy Water|p2a: Talonflame|[spread] p2a,p2b\n|-supereffective|p2a: Talonflame|1\n|-resisted|p2b: Rotom|1\n|-crit|p2b: Rotom\n|-damage|p2a: Talonflame|0 fnt\n|-damage|p2b: Rotom|52/100\n|faint|p2a: Talonflame\n|\n|-weather|RainDance|[upkeep]\n|upkeep\n|\n|t:|1776379368\n|switch|p2a: Floette|Floette-Eternal, L50, F|100/100\n|turn|3\n|\n|t:|1776379382\n|move|p2b: Rotom|Protect|p2b: Rotom\n|-singleturn|p2b: Rotom|Protect\n|move|p2a: Floette|Protect|p2a: Floette\n|-singleturn|p2a: Floette|Protect\n|move|p1a: Sableye|Encore|p2b: Rotom\n|-activate|p2b: Rotom|move: Protect\n|move|p1b: Blastoise|Muddy Water|p2b: Rotom|[spread] \n|-activate|p2a: Floette|move: Protect\n|-activate|p2b: Rotom|move: Protect\n|\n|-weather|RainDance|[upkeep]\n|upkeep\n|turn|4\n|\n|t:|1776379405\n|detailschange|p2a: Floette|Floette-Mega, L50, F\n|-mega|p2a: Floette|Floette|Floettite\n|-ability|p2a: Floette|Fairy Aura\n|move|p1a: Sableye|Encore|p2a: Floette\n|-start|p2a: Floette|Encore\n|move|p2a: Floette|Protect||[still]\n|-fail|p2a: Floette\n|move|p2b: Rotom|Hydro Pump|p1a: Sableye\n|-damage|p1a: Sableye|27/100\n|move|p1b: Blastoise|Muddy Water|p2a: Floette|[spread] p2a\n|-miss|p1b: Blastoise|p2b: Rotom\n|-damage|p2a: Floette|56/100\n|-unboost|p2a: Floette|accuracy|1\n|\n|-weather|RainDance|[upkeep]\n|upkeep\n|turn|5\n|inactive|starstruckbunni has 30 seconds left.\n|inactive|starstruckbunni has 20 seconds left.\n|\n|t:|1776379445\n|move|p2a: Floette|Protect|p2a: Floette\n|-singleturn|p2a: Floette|Protect\n|move|p1a: Sableye|Taunt|p2b: Rotom\n|-start|p2b: Rotom|move: Taunt\n|move|p2b: Rotom|Hydro Pump|p1a: Sableye\n|-damage|p1a: Sableye|0 fnt\n|faint|p1a: Sableye\n|move|p1b: Blastoise|Water Spout|p2b: Rotom|[spread] p2b\n|-activate|p2a: Floette|move: Protect\n|-resisted|p2b: Rotom|1\n|-damage|p2b: Rotom|2/100\n|-enditem|p2b: Rotom|Sitrus Berry|[eat]\n|-heal|p2b: Rotom|27/100|[from] item: Sitrus Berry\n|\n|-weather|none\n|-end|p2b: Rotom|Disable\n|-sideend|p2: alexesmo5|move: Tailwind\n|upkeep\n|\n|t:|1776379452\n|switch|p1a: Sneasler|Sneasler, L50, F|100/100\n|turn|6\n|\n|t:|1776379467\n|move|p2a: Floette|Protect||[still]\n|-fail|p2a: Floette\n|move|p1a: Sneasler|Dire Claw|p2b: Rotom\n|-damage|p2b: Rotom|0 fnt\n|faint|p2b: Rotom\n|move|p1b: Blastoise|Water Spout|p2a: Floette\n|-damage|p2a: Floette|0 fnt\n|faint|p2a: Floette\n|\n|win|starstruckbunni\n|raw|starstruckbunni's rating: 1296 &rarr; <strong>1321</strong><br />(+25 for winning)\n|raw|alexesmo5's rating: 1296 &rarr; <strong>1271</strong><br />(-25 for losing)\n|c|\u2606alexesmo5|pig\n|l|\u2606alexesmo5\n|player|p2|\n",
  "uploadtime": 1776379481,
  "views": 23,
  "formatid": "gen9championsvgc2026regma",
  "rating": 1271,
  "private": 0,
  "password": null
}