{
  "id": "gen9championsvgc2026regma-2582586731",
  "format": "[Gen 9 Champions] VGC 2026 Reg M-A",
  "players": [
    "porygon-epilepz",
    "thruxytwo"
  ],
  "log": "|j|\u2606porygon-epilepz\n|j|\u2606thruxytwo\n|t:|1776101038\n|gametype|doubles\n|player|p1|porygon-epilepz|hiker-gen4|1154\n|player|p2|thruxytwo|red-gen1main|1183\n|gen|9\n|tier|[Gen 9 Champions] VGC 2026 Reg M-A\n|rated|\n|rule|Species Clause: Limit one of each Pok\u00e9mon\n|rule|Item Clause: Limit 1 of each item\n|clearpoke\n|poke|p1|Kommo-o, L50, M|\n|poke|p1|Incineroar, L50, F|\n|poke|p1|Glimmora, L50, M|\n|poke|p1|Sinistcha, L50|\n|poke|p1|Talonflame, L50, F|\n|poke|p1|Rotom-Wash, L50|\n|poke|p2|Lopunny, L50, F|\n|poke|p2|Milotic, L50, F|\n|poke|p2|Kingambit, L50, F|\n|poke|p2|Gallade, L50, M|\n|poke|p2|Aerodactyl, L50, F|\n|poke|p2|Lucario, L50, F|\n|teampreview|4\n|inactive|Battle timer is ON: inactive players will automatically lose when time's up. (requested by thruxytwo)\n|inactive|porygon-epilepz has 60 seconds left.\n|inactive|thruxytwo has 60 seconds left.\n|\n|t:|1776101082\n|teamsize|p1|4\n|teamsize|p2|4\n|start\n|switch|p1a: Kommo-o|Kommo-o, L50, M|100/100\n|switch|p1b: Talonflame|Talonflame, L50, F|100/100\n|switch|p2a: Lopunny|Lopunny, L50, F, shiny|100/100\n|switch|p2b: Aerodactyl|Aerodactyl, L50, F, shiny|100/100\n|-ability|p2b: Aerodactyl|Unnerve\n|turn|1\n|inactive|thruxytwo has 30 seconds left.\n|\n|t:|1776101110\n|detailschange|p2a: Lopunny|Lopunny-Mega, L50, F, shiny\n|-mega|p2a: Lopunny|Lopunny|Lopunnite\n|move|p2a: Lopunny|Fake Out|p1b: Talonflame\n|-damage|p1b: Talonflame|69/100\n|move|p2b: Aerodactyl|Rock Slide|p1b: Talonflame|[spread] p1a,p1b\n|-resisted|p1a: Kommo-o|1\n|-supereffective|p1b: Talonflame|2\n|-damage|p1a: Kommo-o|90/100\n|-damage|p1b: Talonflame|0 fnt\n|faint|p1b: Talonflame\n|cant|p1a: Kommo-o|flinch\n|\n|-heal|p1a: Kommo-o|96/100|[from] item: Leftovers\n|upkeep\n|\n|t:|1776101120\n|switch|p1b: Sinistcha|Sinistcha, L50|100/100\n|-heal|p1a: Kommo-o|100/100|[from] ability: Hospitality|[of] p1b: Sinistcha\n|turn|2\n|\n|t:|1776101129\n|move|p2a: Lopunny|Triple Axel|p1b: Sinistcha\n|-supereffective|p1b: Sinistcha|1\n|-damage|p1b: Sinistcha|88/100\n|-hitcount|p1b: Sinistcha|1\n|move|p2b: Aerodactyl|Tailwind|p2b: Aerodactyl\n|-sidestart|p2: thruxytwo|move: Tailwind\n|move|p1a: Kommo-o|Clangorous Soul|p1a: Kommo-o\n|-boost|p1a: Kommo-o|atk|1\n|-boost|p1a: Kommo-o|def|1\n|-boost|p1a: Kommo-o|spa|1\n|-boost|p1a: Kommo-o|spd|1\n|-boost|p1a: Kommo-o|spe|1\n|-damage|p1a: Kommo-o|68/100\n|move|p1b: Sinistcha|Matcha Gotcha|p2a: Lopunny|[spread] p2a,p2b\n|-damage|p2a: Lopunny|71/100\n|-heal|p1b: Sinistcha|99/100|[from] drain|[of] p2a: Lopunny\n|-damage|p2b: Aerodactyl|62/100\n|-heal|p1b: Sinistcha|100/100|[from] drain|[of] p2b: Aerodactyl\n|-status|p2b: Aerodactyl|brn\n|\n|-heal|p1a: Kommo-o|74/100|[from] item: Leftovers\n|-damage|p2b: Aerodactyl|57/100 brn|[from] brn\n|upkeep\n|turn|3\n|inactive|thruxytwo has 30 seconds left.\n|\n|t:|1776101155\n|move|p1a: Kommo-o|Protect|p1a: Kommo-o\n|-singleturn|p1a: Kommo-o|Protect\n|move|p1b: Sinistcha|Protect|p1b: Sinistcha\n|-singleturn|p1b: Sinistcha|Protect\n|move|p2a: Lopunny|Encore|p1a: Kommo-o\n|-activate|p1a: Kommo-o|move: Protect\n|move|p2b: Aerodactyl|Dual Wingbeat|p1a: Kommo-o\n|-activate|p1a: Kommo-o|move: Protect\n|\n|-heal|p1a: Kommo-o|80/100|[from] item: Leftovers\n|-damage|p2b: Aerodactyl|51/100 brn|[from] brn\n|upkeep\n|turn|4\n|\n|t:|1776101169\n|move|p1b: Sinistcha|Rage Powder|p1b: Sinistcha\n|-singleturn|p1b: Sinistcha|move: Rage Powder\n|move|p2a: Lopunny|Encore|p1b: Sinistcha\n|-start|p1b: Sinistcha|Encore\n|move|p2b: Aerodactyl|Dual Wingbeat|p1b: Sinistcha\n|-supereffective|p1b: Sinistcha|1\n|-damage|p1b: Sinistcha|85/100\n|-supereffective|p1b: Sinistcha|1\n|-damage|p1b: Sinistcha|69/100\n|-hitcount|p1b: Sinistcha|2\n|move|p1a: Kommo-o|Clanging Scales|p2a: Lopunny|[spread] p2a,p2b\n|-damage|p2a: Lopunny|7/100\n|-damage|p2b: Aerodactyl|0 fnt\n|faint|p2b: Aerodactyl\n|-unboost|p1a: Kommo-o|def|1\n|\n|-heal|p1a: Kommo-o|86/100|[from] item: Leftovers\n|upkeep\n|\n|t:|1776101184\n|switch|p2b: Gallade|Gallade, L50, M, shiny|100/100\n|turn|5\n|\n|t:|1776101191\n|move|p1b: Sinistcha|Rage Powder|p1b: Sinistcha\n|-singleturn|p1b: Sinistcha|move: Rage Powder\n|move|p2a: Lopunny|Triple Axel|p1b: Sinistcha\n|-supereffective|p1b: Sinistcha|1\n|-damage|p1b: Sinistcha|57/100\n|-supereffective|p1b: Sinistcha|1\n|-damage|p1b: Sinistcha|33/100\n|-enditem|p1b: Sinistcha|Sitrus Berry|[eat]\n|-heal|p1b: Sinistcha|58/100|[from] item: Sitrus Berry\n|-supereffective|p1b: Sinistcha|1\n|-damage|p1b: Sinistcha|22/100\n|-hitcount|p1b: Sinistcha|3\n|move|p2b: Gallade|Psycho Cut|p1b: Sinistcha\n|-damage|p1b: Sinistcha|0 fnt\n|faint|p1b: Sinistcha\n|move|p1a: Kommo-o|Aura Sphere|p2a: Lopunny\n|-supereffective|p2a: Lopunny|1\n|-damage|p2a: Lopunny|0 fnt\n|faint|p2a: Lopunny\n|\n|-heal|p1a: Kommo-o|93/100|[from] item: Leftovers\n|-sideend|p2: thruxytwo|move: Tailwind\n|upkeep\n|\n|t:|1776101203\n|switch|p2a: Milotic|Milotic, L50, F, shiny|100/100\n|switch|p1b: Rotom|Rotom-Wash, L50|100/100\n|turn|6\n|\n|t:|1776101211\n|move|p1a: Kommo-o|Clanging Scales|p2a: Milotic|[spread] p2a,p2b\n|-crit|p2a: Milotic\n|-damage|p2a: Milotic|39/100\n|-damage|p2b: Gallade|52/100\n|-unboost|p1a: Kommo-o|def|1\n|move|p1b: Rotom|Will-O-Wisp|p2b: Gallade\n|-status|p2b: Gallade|brn\n|move|p2a: Milotic|Icy Wind|p1b: Rotom|[spread] p1a,p1b\n|-supereffective|p1a: Kommo-o|1\n|-resisted|p1b: Rotom|1\n|-damage|p1a: Kommo-o|80/100\n|-damage|p1b: Rotom|97/100\n|-unboost|p1a: Kommo-o|spe|1\n|-unboost|p1b: Rotom|spe|1\n|move|p2b: Gallade|Psycho Cut|p1a: Kommo-o\n|-supereffective|p1a: Kommo-o|1\n|-damage|p1a: Kommo-o|5/100\n|\n|-heal|p1a: Kommo-o|11/100|[from] item: Leftovers\n|-heal|p2a: Milotic|45/100|[from] item: Leftovers\n|-damage|p2b: Gallade|47/100 brn|[from] brn\n|upkeep\n|turn|7\n|\n|t:|1776101233\n|move|p1a: Kommo-o|Protect|p1a: Kommo-o\n|-singleturn|p1a: Kommo-o|Protect\n|move|p2b: Gallade|Shadow Sneak|p1a: Kommo-o\n|-activate|p1a: Kommo-o|move: Protect\n|move|p2a: Milotic|Recover|p2a: Milotic\n|-heal|p2a: Milotic|95/100\n|move|p1b: Rotom|Thunderbolt|p2a: Milotic\n|-supereffective|p2a: Milotic|1\n|-damage|p2a: Milotic|45/100\n|\n|-heal|p1a: Kommo-o|18/100|[from] item: Leftovers\n|-heal|p2a: Milotic|50/100|[from] item: Leftovers\n|-damage|p2b: Gallade|41/100 brn|[from] brn\n|upkeep\n|turn|8\n|\n|t:|1776101246\n|move|p2b: Gallade|Shadow Sneak|p1a: Kommo-o\n|-damage|p1a: Kommo-o|8/100\n|move|p1a: Kommo-o|Clanging Scales|p2b: Gallade|[spread] p2a,p2b\n|-damage|p2a: Milotic|11/100\n|-damage|p2b: Gallade|0 fnt\n|faint|p2b: Gallade\n|-unboost|p1a: Kommo-o|def|1\n|move|p2a: Milotic|Recover|p2a: Milotic\n|-heal|p2a: Milotic|61/100\n|move|p1b: Rotom|Thunderbolt|p2a: Milotic\n|-supereffective|p2a: Milotic|1\n|-damage|p2a: Milotic|10/100\n|\n|-heal|p1a: Kommo-o|15/100|[from] item: Leftovers\n|-heal|p2a: Milotic|16/100|[from] item: Leftovers\n|upkeep\n|turn|9\n|-message|thruxytwo forfeited.\n|\n|win|porygon-epilepz\n|raw|porygon-epilepz's rating: 1154 &rarr; <strong>1181</strong><br />(+27 for winning)\n|raw|thruxytwo's rating: 1183 &rarr; <strong>1156</strong><br />(-27 for losing)\n|l|\u2606thruxytwo\n|player|p2|\n",
  "uploadtime": 1776101041,
  "views": 18,
  "formatid": "gen9championsvgc2026regma",
  "rating": 1156,
  "private": 0,
  "password": null
}