{
  "id": "gen9championsvgc2026regma-2585052058",
  "format": "[Gen 9 Champions] VGC 2026 Reg M-A",
  "players": [
    "DryIceBros",
    "kingofru99"
  ],
  "log": "|j|\u2606DryIceBros\n|j|\u2606kingofru99\n|t:|1776306954\n|gametype|doubles\n|player|p1|DryIceBros|mars|1269\n|player|p2|kingofru99|2|1318\n|gen|9\n|tier|[Gen 9 Champions] VGC 2026 Reg M-A\n|rated|\n|rule|Species Clause: Limit one of each Pok\u00e9mon\n|rule|Item Clause: Limit 1 of each item\n|clearpoke\n|poke|p1|Crabominable, L50, M|\n|poke|p1|Slowking-Galar, L50, F|\n|poke|p1|Incineroar, L50, M|\n|poke|p1|Sinistcha, L50|\n|poke|p1|Primarina, L50, M|\n|poke|p1|Kingambit, L50, F|\n|poke|p2|Farigiraf, L50, F|\n|poke|p2|Torkoal, L50, M|\n|poke|p2|Conkeldurr, L50, F|\n|poke|p2|Kingambit, L50, F|\n|poke|p2|Ampharos, L50, M|\n|poke|p2|Tyranitar, L50, F|\n|teampreview|4\nDryIceBros has agreed to open team sheets.\nkingofru99 rejected open team sheets.\n|inactive|Battle timer is ON: inactive players will automatically lose when time's up. (requested by kingofru99)\n|\n|t:|1776306991\n|teamsize|p1|4\n|teamsize|p2|4\n|start\n|switch|p1a: Slowking|Slowking-Galar, L50, F|100/100\n|switch|p1b: Primarina|Primarina, L50, M|100/100\n|switch|p2a: Kingambit|Kingambit, L50, F|100/100\n|switch|p2b: Ampharos|Ampharos, L50, M|100/100\n|turn|1\n|\n|t:|1776307007\n|switch|p1b: Kingambit|Kingambit, L50, F|100/100\n|move|p2a: Kingambit|Sucker Punch||[still]\n|-fail|p2a: Kingambit\n|move|p2b: Ampharos|Thunderbolt|p1b: Kingambit\n|-damage|p1b: Kingambit|57/100\n|move|p1a: Slowking|Trick Room|p1a: Slowking\n|-fieldstart|move: Trick Room|[of] p1a: Slowking\n|\n|upkeep\n|turn|2\n|inactive|kingofru99 has 30 seconds left.\n|\n|t:|1776307042\n|detailschange|p2b: Ampharos|Ampharos-Mega, L50, M\n|-mega|p2b: Ampharos|Ampharos|Ampharosite\n|-ability|p2b: Ampharos|Mold Breaker\n|move|p2a: Kingambit|Sucker Punch||[still]\n|-fail|p2a: Kingambit\n|-prepare|p1a: Slowking|Chilly Reception|[premajor]\n|move|p1a: Slowking|Chilly Reception|p1a: Slowking\n|-weather|Snowscape\n|\n|t:|1776307051\n|switch|p1a: Crabominable|Crabominable, L50, M|100/100|[from] Chilly Reception\n|move|p2b: Ampharos|Thunderbolt|p1b: Kingambit\n|-crit|p1b: Kingambit\n|-damage|p1b: Kingambit|0 fnt\n|faint|p1b: Kingambit\n|\n|-weather|Snowscape|[upkeep]\n|upkeep\n|\n|t:|1776307057\n|switch|p1b: Slowking|Slowking-Galar, L50, F|100/100\n|turn|3\n|\n|t:|1776307075\n|switch|p2b: Torkoal|Torkoal, L50, M|100/100\n|-weather|SunnyDay|[from] ability: Drought|[of] p2b: Torkoal\n|detailschange|p1a: Crabominable|Crabominable-Mega, L50, M\n|-mega|p1a: Crabominable|Crabominable|Crabominite\n|move|p2a: Kingambit|Sucker Punch|p1b: Slowking\n|-supereffective|p1b: Slowking|1\n|-enditem|p1b: Slowking|Colbur Berry|[eat]\n|-enditem|p1b: Slowking|Colbur Berry|[weaken]\n|-damage|p1b: Slowking|57/100\n|move|p1b: Slowking|Sludge Bomb|p2b: Torkoal\n|-damage|p2b: Torkoal|52/100\n|-status|p2b: Torkoal|psn\n|move|p1a: Crabominable|Drain Punch|p2a: Kingambit\n|-supereffective|p2a: Kingambit|2\n|-damage|p2a: Kingambit|0 fnt\n|faint|p2a: Kingambit\n|\n|-weather|SunnyDay|[upkeep]\n|-damage|p2b: Torkoal|40/100 psn|[from] psn\n|upkeep\n|\n|t:|1776307086\n|switch|p2a: Ampharos|Ampharos-Mega, L50, M|100/100\n|-ability|p2a: Ampharos|Mold Breaker\n|turn|4\n|inactive|DryIceBros has 30 seconds left.\n|\n|t:|1776307116\n|move|p1a: Crabominable|Protect|p1a: Crabominable\n|-singleturn|p1a: Crabominable|Protect\n|move|p2b: Torkoal|Eruption|p1a: Crabominable|[spread] p1b\n|-activate|p1a: Crabominable|move: Protect\n|-damage|p1b: Slowking|35/100\n|-prepare|p1b: Slowking|Chilly Reception|[premajor]\n|move|p1b: Slowking|Chilly Reception|p1b: Slowking\n|-weather|Snowscape\n|\n|t:|1776307121\n|switch|p1b: Primarina|Primarina, L50, M|100/100|[from] Chilly Reception\n|move|p2a: Ampharos|Dazzling Gleam|p1b: Primarina|[spread] p1b\n|-activate|p1a: Crabominable|move: Protect\n|-damage|p1b: Primarina|76/100\n|\n|-weather|Snowscape|[upkeep]\n|-heal|p1b: Primarina|82/100|[from] item: Leftovers\n|-damage|p2b: Torkoal|28/100 psn|[from] psn\n|upkeep\n|turn|5\n|\n|t:|1776307133\n|switch|p2b: Conkeldurr|Conkeldurr, L50, F|100/100\n|move|p1a: Crabominable|Ice Hammer|p2a: Ampharos\n|-supereffective|p2a: Ampharos|1\n|-damage|p2a: Ampharos|0 fnt\n|-unboost|p1a: Crabominable|spe|1\n|faint|p2a: Ampharos\n|move|p1b: Primarina|Hyper Voice|p2b: Conkeldurr\n|-damage|p2b: Conkeldurr|53/100\n|\n|-weather|Snowscape|[upkeep]\n|-heal|p1b: Primarina|88/100|[from] item: Leftovers\n|-fieldend|move: Trick Room\n|upkeep\n|\n|t:|1776307136\n|switch|p2a: Torkoal|Torkoal, L50, M|28/100 psn\n|-weather|SunnyDay|[from] ability: Drought|[of] p2a: Torkoal\n|turn|6\n|\n|t:|1776307148\n|move|p1a: Crabominable|Mach Punch|p2a: Torkoal\n|-damage|p2a: Torkoal|2/100 psn\n|move|p1b: Primarina|Moonblast|p2b: Conkeldurr\n|-supereffective|p2b: Conkeldurr|1\n|-damage|p2b: Conkeldurr|0 fnt\n|faint|p2b: Conkeldurr\n|move|p2a: Torkoal|Eruption|p1b: Primarina|[spread] p1a,p1b\n|-supereffective|p1a: Crabominable|1\n|-resisted|p1b: Primarina|1\n|-damage|p1a: Crabominable|99/100\n|-damage|p1b: Primarina|87/100\n|\n|-weather|SunnyDay|[upkeep]\n|-heal|p1b: Primarina|93/100|[from] item: Leftovers\n|-damage|p2a: Torkoal|0 fnt|[from] psn\n|faint|p2a: Torkoal\n|\n|win|DryIceBros\n|raw|DryIceBros's rating: 1269 &rarr; <strong>1298</strong><br />(+29 for winning)\n|raw|kingofru99's rating: 1318 &rarr; <strong>1295</strong><br />(-23 for losing)\n",
  "uploadtime": 1776307159,
  "views": 26,
  "formatid": "gen9championsvgc2026regma",
  "rating": 1295,
  "private": 0,
  "password": null
}