{
  "id": "gen9championsvgc2026regma-2589442838",
  "format": "[Gen 9 Champions] VGC 2026 Reg M-A",
  "players": [
    "silverstreak0",
    "Leader"
  ],
  "log": "|j|\u2606silverstreak0\n|j|\u2606Leader\n|t:|1776723359\n|gametype|doubles\n|player|p1|silverstreak0|2|1063\n|player|p2|Leader|lucian|1063\n|gen|9\n|tier|[Gen 9 Champions] VGC 2026 Reg M-A\n|rated|\n|rule|Species Clause: Limit one of each Pok\u00e9mon\n|rule|Item Clause: Limit 1 of each item\n|clearpoke\n|poke|p1|Tyranitar, L50, F|\n|poke|p1|Excadrill, L50, M|\n|poke|p1|Aerodactyl, L50, M|\n|poke|p1|Rotom-Wash, L50|\n|poke|p1|Sinistcha, L50|\n|poke|p1|Incineroar, L50, M|\n|poke|p2|Garchomp, L50, F|\n|poke|p2|Orthworm, L50, F|\n|poke|p2|Rotom-Wash, L50|\n|poke|p2|Hippowdon, L50, F|\n|poke|p2|Sinistcha-Masterpiece, L50|\n|poke|p2|Talonflame, L50, M|\n|teampreview|4\n|\n|t:|1776723376\n|teamsize|p1|4\n|teamsize|p2|4\n|start\n|switch|p1a: Incineroar|Incineroar, L50, M|100/100\n|switch|p1b: Sinistcha|Sinistcha, L50|100/100\n|switch|p2a: Talonflame|Talonflame, L50, M|100/100\n|switch|p2b: Garchomp|Garchomp, L50, F|100/100\n|-ability|p1a: Incineroar|Intimidate|boost\n|-unboost|p2a: Talonflame|atk|1\n|-unboost|p2b: Garchomp|atk|1\n|turn|1\n|\n|t:|1776723391\n|detailschange|p2b: Garchomp|Garchomp-Mega, L50, F\n|-mega|p2b: Garchomp|Garchomp|Garchompite\n|move|p2a: Talonflame|Upper Hand|p1a: Incineroar\n|-supereffective|p1a: Incineroar|1\n|-damage|p1a: Incineroar|81/100\n|cant|p1a: Incineroar|flinch\n|move|p2b: Garchomp|Earthquake|p1a: Incineroar|[spread] p1a,p1b\n|-immune|p2a: Talonflame\n|-supereffective|p1a: Incineroar|1\n|-resisted|p1b: Sinistcha|1\n|-damage|p1a: Incineroar|20/100\n|-damage|p1b: Sinistcha|87/100\n|-enditem|p1a: Incineroar|Sitrus Berry|[eat]\n|-heal|p1a: Incineroar|45/100|[from] item: Sitrus Berry\n|move|p1b: Sinistcha|Matcha Gotcha|p2b: Garchomp|[spread] p2a,p2b\n|-resisted|p2a: Talonflame|2\n|-damage|p2a: Talonflame|92/100\n|-heal|p1b: Sinistcha|91/100|[from] drain|[of] p2a: Talonflame\n|-damage|p2b: Garchomp|74/100\n|-heal|p1b: Sinistcha|100/100|[from] drain|[of] p2b: Garchomp\n|\n|upkeep\n|turn|2\n|\n|t:|1776723417\n|move|p2a: Talonflame|Tailwind|p2a: Talonflame\n|-sidestart|p2: Leader|move: Tailwind\n|move|p2b: Garchomp|Earthquake|p1b: Sinistcha|[spread] p1a,p1b\n|-immune|p2a: Talonflame\n|-supereffective|p1a: Incineroar|1\n|-resisted|p1b: Sinistcha|1\n|-damage|p1a: Incineroar|0 fnt\n|-damage|p1b: Sinistcha|87/100\n|faint|p1a: Incineroar\n|move|p1b: Sinistcha|Matcha Gotcha|p2a: Talonflame|[spread] p2a,p2b\n|-resisted|p2a: Talonflame|2\n|-crit|p2a: Talonflame\n|-damage|p2a: Talonflame|78/100\n|-heal|p1b: Sinistcha|93/100|[from] drain|[of] p2a: Talonflame\n|-damage|p2b: Garchomp|49/100\n|-heal|p1b: Sinistcha|100/100|[from] drain|[of] p2b: Garchomp\n|\n|upkeep\n|\n|t:|1776723432\n|switch|p1a: Tyranitar|Tyranitar, L50, F|100/100\n|-weather|Sandstorm|[from] ability: Sand Stream|[of] p1a: Tyranitar\n|turn|3\n|\n|t:|1776723448\n|switch|p2a: Orthworm|Orthworm, L50, F|100/100\n|detailschange|p1a: Tyranitar|Tyranitar-Mega, L50, F\n|-mega|p1a: Tyranitar|Tyranitar|Tyranitarite\n|move|p1a: Tyranitar|Protect|p1a: Tyranitar\n|-singleturn|p1a: Tyranitar|Protect\n|move|p2b: Garchomp|Earthquake|p1a: Tyranitar|[spread] p1b\n|-activate|p1a: Tyranitar|move: Protect\n|-immune|p2a: Orthworm|[from] ability: Earth Eater\n|-resisted|p1b: Sinistcha|1\n|-damage|p1b: Sinistcha|81/100\n|move|p1b: Sinistcha|Matcha Gotcha|p2a: Orthworm|[spread] p2b\n|-miss|p1b: Sinistcha|p2a: Orthworm\n|-damage|p2b: Garchomp|22/100\n|-heal|p1b: Sinistcha|94/100|[from] drain|[of] p2b: Garchomp\n|-status|p2b: Garchomp|brn\n|\n|-weather|Sandstorm|[upkeep]\n|-damage|p1b: Sinistcha|88/100|[from] Sandstorm\n|-damage|p2b: Garchomp|16/100 brn|[from] brn\n|upkeep\n|turn|4\n|\n|t:|1776723473\n|move|p2b: Garchomp|Protect|p2b: Garchomp\n|-singleturn|p2b: Garchomp|Protect\n|move|p1b: Sinistcha|Rage Powder|p1b: Sinistcha\n|-singleturn|p1b: Sinistcha|move: Rage Powder\n|move|p2a: Orthworm|Shed Tail|p2a: Orthworm\n|-start|p2a: Orthworm|Substitute|[from] move: Shed Tail\n|-damage|p2a: Orthworm|50/100\n|-enditem|p2a: Orthworm|Sitrus Berry|[eat]\n|-heal|p2a: Orthworm|75/100|[from] item: Sitrus Berry\n|\n|t:|1776723480\n|switch|p2a: Sinistcha|Sinistcha-Masterpiece, L50|100/100|[from] Shed Tail\n|-heal|p2b: Garchomp|41/100 brn|[from] ability: Hospitality|[of] p2a: Sinistcha\n|move|p1a: Tyranitar|Dragon Dance|p1a: Tyranitar\n|-boost|p1a: Tyranitar|atk|1\n|-boost|p1a: Tyranitar|spe|1\n|\n|-weather|Sandstorm|[upkeep]\n|-damage|p2a: Sinistcha|94/100|[from] Sandstorm\n|-damage|p1b: Sinistcha|82/100|[from] Sandstorm\n|-damage|p2b: Garchomp|35/100 brn|[from] brn\n|upkeep\n|turn|5\n|\n|t:|1776723505\n|switch|p2b: Orthworm|Orthworm, L50, F|75/100\n|move|p1b: Sinistcha|Rage Powder|p1b: Sinistcha\n|-singleturn|p1b: Sinistcha|move: Rage Powder\n|move|p1a: Tyranitar|Dragon Dance|p1a: Tyranitar\n|-boost|p1a: Tyranitar|atk|1\n|-boost|p1a: Tyranitar|spe|1\n|move|p2a: Sinistcha|Matcha Gotcha|p1b: Sinistcha|[spread] p1b\n|-miss|p2a: Sinistcha|p1a: Tyranitar\n|-resisted|p1b: Sinistcha|1\n|-damage|p1b: Sinistcha|70/100\n|-heal|p2a: Sinistcha|100/100|[from] drain|[of] p1b: Sinistcha\n|\n|-weather|Sandstorm|[upkeep]\n|-damage|p2a: Sinistcha|94/100|[from] Sandstorm\n|-damage|p1b: Sinistcha|64/100|[from] Sandstorm\n|-sideend|p2: Leader|move: Tailwind\n|upkeep\n|turn|6\n|\n|t:|1776723529\n|move|p2a: Sinistcha|Rage Powder|p2a: Sinistcha\n|-singleturn|p2a: Sinistcha|move: Rage Powder\n|move|p1a: Tyranitar|Low Kick|p2a: Sinistcha\n|-immune|p2a: Sinistcha\n|move|p1b: Sinistcha|Imprison|p1b: Sinistcha\n|-start|p1b: Sinistcha|move: Imprison\n|move|p2b: Orthworm|Body Press|p1a: Tyranitar\n|-supereffective|p1a: Tyranitar|2\n|-damage|p1a: Tyranitar|0 fnt\n|faint|p1a: Tyranitar\n|\n|-weather|Sandstorm|[upkeep]\n|-damage|p1b: Sinistcha|58/100|[from] Sandstorm\n|-damage|p2a: Sinistcha|88/100|[from] Sandstorm\n|upkeep\n|-message|silverstreak0 forfeited.\n|\n|win|Leader\n|raw|silverstreak0's rating: 1063 &rarr; <strong>1044</strong><br />(-19 for losing)\n|raw|Leader's rating: 1063 &rarr; <strong>1094</strong><br />(+31 for winning)\n|l|\u2606silverstreak0\n|player|p1|\n",
  "uploadtime": 1776723545,
  "views": 5,
  "formatid": "gen9championsvgc2026regma",
  "rating": 1044,
  "private": 0,
  "password": null
}