{
  "id": "gen9championsvgc2026regma-2581774478",
  "format": "[Gen 9 Champions] VGC 2026 Reg M-A",
  "players": [
    "Blessed2",
    "marwandk"
  ],
  "log": "|j|\u2606Blessed2\n|j|\u2606marwandk\n|t:|1776027374\n|gametype|doubles\n|player|p1|Blessed2|cyrus|1064\n|player|p2|marwandk|170|1000\n|gen|9\n|tier|[Gen 9 Champions] VGC 2026 Reg M-A\n|rated|\n|rule|Species Clause: Limit one of each Pok\u00e9mon\n|rule|Item Clause: Limit 1 of each item\n|clearpoke\n|poke|p1|Kangaskhan, L50, F|\n|poke|p1|Sneasler, L50, F|\n|poke|p1|Hydreigon, L50, M|\n|poke|p1|Arcanine, L50, F|\n|poke|p1|Aegislash, L50, F|\n|poke|p1|Gyarados, L50, M|\n|poke|p2|Skarmory, L50, F|\n|poke|p2|Aerodactyl, L50, F|\n|poke|p2|Gyarados, L50, F|\n|poke|p2|Tauros-Paldea-Blaze, L50, M|\n|poke|p2|Milotic, L50, M|\n|poke|p2|Garchomp, L50, M|\n|teampreview|4\n|inactive|Battle timer is ON: inactive players will automatically lose when time's up. (requested by Blessed2)\n|inactive|marwandk has 60 seconds left.\n|\n|t:|1776027409\n|teamsize|p1|4\n|teamsize|p2|4\n|start\n|switch|p1a: Kangaskhan|Kangaskhan, L50, F|100/100\n|switch|p1b: Sneasler|Sneasler, L50, F|100/100\n|switch|p2a: Skarmory|Skarmory, L50, F|100/100\n|switch|p2b: Milotic|Milotic, L50, M|100/100\n|turn|1\n|inactive|Blessed2 has 30 seconds left.\n|\n|t:|1776027441\n|detailschange|p1a: Kangaskhan|Kangaskhan-Mega, L50, F\n|-mega|p1a: Kangaskhan|Kangaskhan|Kangaskhanite\n|move|p1b: Sneasler|Dire Claw|p2b: Milotic\n|-damage|p2b: Milotic|63/100\n|-status|p2b: Milotic|par\n|move|p1a: Kangaskhan|Drain Punch|p2a: Skarmory\n|-damage|p2a: Skarmory|79/100\n|-damage|p2a: Skarmory|74/100\n|-hitcount|p2a: Skarmory|2\n|move|p2a: Skarmory|Brave Bird|p1b: Sneasler\n|-supereffective|p1b: Sneasler|1\n|-damage|p1b: Sneasler|0 fnt\n|faint|p1b: Sneasler\n|-damage|p2a: Skarmory|39/100|[from] Recoil\n|move|p2b: Milotic|Icy Wind|p1a: Kangaskhan\n|-damage|p1a: Kangaskhan|85/100\n|-unboost|p1a: Kangaskhan|spe|1\n|\n|-heal|p2b: Milotic|69/100 par|[from] item: Leftovers\n|upkeep\n|\n|t:|1776027457\n|switch|p1b: Aegislash|Aegislash, L50, F|100/100\n|turn|2\n|\n|t:|1776027476\n|detailschange|p2a: Skarmory|Skarmory-Mega, L50, F\n|-mega|p2a: Skarmory|Skarmory|Skarmorite\n|move|p2a: Skarmory|Brave Bird|p1a: Kangaskhan\n|-damage|p1a: Kangaskhan|18/100\n|-damage|p2a: Skarmory|11/100|[from] Recoil\n|move|p1a: Kangaskhan|Drain Punch|p2b: Milotic\n|-damage|p2b: Milotic|46/100 par\n|-heal|p1a: Kangaskhan|29/100|[from] drain|[of] p2b: Milotic\n|-damage|p2b: Milotic|40/100 par\n|-heal|p1a: Kangaskhan|32/100|[from] drain|[of] p2b: Milotic\n|-hitcount|p2b: Milotic|2\n|move|p1b: Aegislash|Substitute|p1b: Aegislash\n|-start|p1b: Aegislash|Substitute\n|-damage|p1b: Aegislash|76/100\n|move|p2b: Milotic|Scald|p1b: Aegislash\n|-end|p1b: Aegislash|Substitute\n|\n|-heal|p1b: Aegislash|82/100|[from] item: Leftovers\n|-heal|p2b: Milotic|46/100 par|[from] item: Leftovers\n|upkeep\n|turn|3\n|inactive|Blessed2 has 30 seconds left.\n|\n|t:|1776027507\n|move|p2a: Skarmory|Protect|p2a: Skarmory\n|-singleturn|p2a: Skarmory|Protect\n|move|p1a: Kangaskhan|Sucker Punch||[still]\n|-fail|p1a: Kangaskhan\n|-formechange|p1b: Aegislash|Aegislash-Blade|\n|move|p1b: Aegislash|Shadow Ball|p2b: Milotic\n|-damage|p2b: Milotic|11/100 par\n|move|p2b: Milotic|Icy Wind|p1b: Aegislash|[spread] p1a,p1b\n|-resisted|p1b: Aegislash|1\n|-damage|p1a: Kangaskhan|21/100\n|-damage|p1b: Aegislash|70/100\n|-unboost|p1a: Kangaskhan|spe|1\n|-unboost|p1b: Aegislash|spe|1\n|\n|-heal|p1b: Aegislash|76/100|[from] item: Leftovers\n|-heal|p2b: Milotic|17/100 par|[from] item: Leftovers\n|upkeep\n|turn|4\n|\n|t:|1776027525\n|-formechange|p1b: Aegislash|Aegislash|\n|move|p1b: Aegislash|King's Shield|p1b: Aegislash\n|-singleturn|p1b: Aegislash|Protect\n|move|p1a: Kangaskhan|Sucker Punch|p2a: Skarmory\n|-damage|p2a: Skarmory|0 fnt\n|faint|p2a: Skarmory\n|-hitcount|p2: Skarmory|1\n|cant|p2b: Milotic|par\n|\n|-heal|p1b: Aegislash|82/100|[from] item: Leftovers\n|-heal|p2b: Milotic|23/100 par|[from] item: Leftovers\n|upkeep\n|\n|t:|1776027535\n|switch|p2a: Garchomp|Garchomp, L50, M|100/100\n|turn|5\n|\n|t:|1776027556\n|move|p2a: Garchomp|Earthquake|p1b: Aegislash|[spread] p2b,p1a,p1b\n|-supereffective|p1b: Aegislash|1\n|-crit|p1b: Aegislash\n|-damage|p2b: Milotic|0 fnt\n|-damage|p1a: Kangaskhan|0 fnt\n|-damage|p1b: Aegislash|0 fnt\n|faint|p2b: Milotic\n|faint|p1a: Kangaskhan\n|faint|p1b: Aegislash\n|\n|upkeep\n|\n|t:|1776027566\n|switch|p2b: Tauros|Tauros-Paldea-Blaze, L50, M|100/100\n|switch|p1b: Hydreigon|Hydreigon, L50, M|100/100\n|-ability|p2b: Tauros|Intimidate|boost\n|-unboost|p1b: Hydreigon|atk|1\n|turn|6\n|\n|t:|1776027576\n|move|p1b: Hydreigon|Draco Meteor|p2a: Garchomp\n|-supereffective|p2a: Garchomp|1\n|-damage|p2a: Garchomp|0 fnt\n|-unboost|p1b: Hydreigon|spa|2\n|faint|p2a: Garchomp\n|move|p2b: Tauros|Close Combat|p1b: Hydreigon\n|-supereffective|p1b: Hydreigon|1\n|-enditem|p1b: Hydreigon|Focus Sash\n|-damage|p1b: Hydreigon|1/100\n|-unboost|p2b: Tauros|def|1\n|-unboost|p2b: Tauros|spd|1\n|\n|upkeep\n|turn|7\n|\n|t:|1776027589\n|move|p1b: Hydreigon|Draco Meteor|p2b: Tauros\n|-damage|p2b: Tauros|31/100\n|-unboost|p1b: Hydreigon|spa|2\n|-enditem|p2b: Tauros|Sitrus Berry|[eat]\n|-heal|p2b: Tauros|56/100|[from] item: Sitrus Berry\n|move|p2b: Tauros|Raging Bull|p1b: Hydreigon\n|-resisted|p1b: Hydreigon|1\n|-damage|p1b: Hydreigon|0 fnt\n|faint|p1b: Hydreigon\n|\n|win|marwandk\n|raw|Blessed2's rating: 1064 &rarr; <strong>1041</strong><br />(-23 for losing)\n|raw|marwandk's rating: 1000 &rarr; <strong>1047</strong><br />(+47 for winning)\n|l|\u2606Blessed2\n|player|p1|\n",
  "uploadtime": 1776027601,
  "views": 22,
  "formatid": "gen9championsvgc2026regma",
  "rating": 1041,
  "private": 0,
  "password": null
}