{
  "id": "gen9championsvgc2026regma-2588369908",
  "format": "[Gen 9 Champions] VGC 2026 Reg M-A",
  "players": [
    "Scepticskep",
    "lograf"
  ],
  "log": "|j|\u2606Scepticskep\n|j|\u2606lograf\n|t:|1776627843\n|gametype|doubles\n|player|p1|Scepticskep|pokemaniac|1124\n|player|p2|lograf|1|1086\n|gen|9\n|tier|[Gen 9 Champions] VGC 2026 Reg M-A\n|rated|\n|rule|Species Clause: Limit one of each Pok\u00e9mon\n|rule|Item Clause: Limit 1 of each item\n|clearpoke\n|poke|p1|Vanilluxe, L50, M|\n|poke|p1|Farigiraf, L50, F|\n|poke|p1|Crabominable, L50, M|\n|poke|p1|Incineroar, L50, M|\n|poke|p1|Sinistcha, L50|\n|poke|p1|Sneasler, L50, F|\n|poke|p2|Arcanine, L50, F|\n|poke|p2|Kangaskhan, L50, F|\n|poke|p2|Sneasler, L50, F|\n|poke|p2|Meganium, L50, M|\n|poke|p2|Rotom-Wash, L50|\n|poke|p2|Sinistcha, L50|\n|teampreview|4\n|inactive|Battle timer is ON: inactive players will automatically lose when time's up. (requested by lograf)\n|inactive|Scepticskep also wants the timer to be on.\n|\n|t:|1776627861\n|teamsize|p1|4\n|teamsize|p2|4\n|start\n|switch|p1a: Vanilluxe|Vanilluxe, L50, M|100/100\n|switch|p1b: Incineroar|Incineroar, L50, M|100/100\n|switch|p2a: Kangaskhan|Kangaskhan, L50, F|100/100\n|switch|p2b: Sneasler|Sneasler, L50, F|100/100\n|-ability|p1b: Incineroar|Intimidate|boost\n|-fail|p2a: Kangaskhan|unboost|Attack|[from] ability: Scrappy|[of] p2a: Kangaskhan\n|-unboost|p2b: Sneasler|atk|1\n|-weather|Snowscape|[from] ability: Snow Warning|[of] p1a: Vanilluxe\n|-enditem|p2b: Sneasler|White Herb\n|-clearnegativeboost|p2b: Sneasler|[silent]\n|turn|1\n|\n|t:|1776627881\n|switch|p1b: Farigiraf|Farigiraf, L50, F|100/100\n|detailschange|p2a: Kangaskhan|Kangaskhan-Mega, L50, F\n|-mega|p2a: Kangaskhan|Kangaskhan|Kangaskhanite\n|move|p2b: Sneasler|Fake Out||[still]\n|cant|p1b: Farigiraf|ability: Armor Tail|Fake Out|[of] p2b: Sneasler\n|move|p2a: Kangaskhan|Fake Out||[still]\n|cant|p1b: Farigiraf|ability: Armor Tail|Fake Out|[of] p2a: Kangaskhan\n|move|p1a: Vanilluxe|Aurora Veil|p1a: Vanilluxe\n|-sidestart|p1: Scepticskep|move: Aurora Veil\n|\n|-weather|Snowscape|[upkeep]\n|upkeep\n|turn|2\n|\n|t:|1776627897\n|move|p2b: Sneasler|Close Combat|p1b: Farigiraf\n|-damage|p1b: Farigiraf|70/100\n|-unboost|p2b: Sneasler|def|1\n|-unboost|p2b: Sneasler|spd|1\n|move|p2a: Kangaskhan|Double-Edge|p1b: Farigiraf\n|-damage|p1b: Farigiraf|39/100\n|-damage|p1b: Farigiraf|31/100\n|-hitcount|p1b: Farigiraf|2\n|-damage|p2a: Kangaskhan|85/100|[from] Recoil\n|move|p1a: Vanilluxe|Blizzard|p2b: Sneasler|[spread] p2a,p2b\n|-damage|p2a: Kangaskhan|56/100\n|-damage|p2b: Sneasler|41/100\n|-status|p2a: Kangaskhan|frz\n|-status|p2b: Sneasler|frz\n|move|p1b: Farigiraf|Twin Beam|p2b: Sneasler\n|-supereffective|p2b: Sneasler|2\n|-damage|p2b: Sneasler|0 fnt\n|faint|p2b: Sneasler\n|-hitcount|p2: Sneasler|1\n|\n|-weather|Snowscape|[upkeep]\n|upkeep\n|\n|t:|1776627920\n|switch|p2b: Sinistcha|Sinistcha, L50|100/100\n|-heal|p2a: Kangaskhan|81/100 frz|[from] ability: Hospitality|[of] p2b: Sinistcha\n|turn|3\n|\n|t:|1776627930\n|switch|p1b: Crabominable|Crabominable, L50, M|100/100\n|cant|p2a: Kangaskhan|frz\n|move|p1a: Vanilluxe|Frost Breath|p1b: Crabominable\n|-resisted|p1b: Crabominable|1\n|-crit|p1b: Crabominable\n|-damage|p1b: Crabominable|85/100\n|-setboost|p1b: Crabominable|atk|6|[from] ability: Anger Point\n|move|p2b: Sinistcha|Shadow Ball|p1a: Vanilluxe\n|-damage|p1a: Vanilluxe|78/100\n|\n|-weather|Snowscape|[upkeep]\n|upkeep\n|turn|4\n|\n|t:|1776627955\n|detailschange|p1b: Crabominable|Crabominable-Mega, L50, M\n|-mega|p1b: Crabominable|Crabominable|Crabominite\n|cant|p2a: Kangaskhan|frz\n|move|p1a: Vanilluxe|Blizzard|p2b: Sinistcha|[spread] p2a,p2b\n|-supereffective|p2b: Sinistcha|1\n|-damage|p2a: Kangaskhan|52/100 frz\n|-damage|p2b: Sinistcha|32/100\n|move|p2b: Sinistcha|Shadow Ball|p1b: Crabominable\n|-damage|p1b: Crabominable|66/100\n|move|p1b: Crabominable|Ice Hammer|p2a: Kangaskhan\n|-damage|p2a: Kangaskhan|0 fnt\n|-unboost|p1b: Crabominable|spe|1\n|faint|p2a: Kangaskhan\n|\n|-weather|Snowscape|[upkeep]\n|upkeep\n|\n|t:|1776627972\n|switch|p2a: Arcanine|Arcanine, L50, F|100/100\n|-ability|p2a: Arcanine|Intimidate|boost\n|-unboost|p1a: Vanilluxe|atk|1\n|-unboost|p1b: Crabominable|atk|1\n|turn|5\n|\n|t:|1776627980\n|switch|p1a: Incineroar|Incineroar, L50, M|100/100\n|-ability|p1a: Incineroar|Intimidate|boost\n|-unboost|p2a: Arcanine|atk|1\n|-unboost|p2b: Sinistcha|atk|1\n|move|p1b: Crabominable|Mach Punch|p2a: Arcanine\n|-damage|p2a: Arcanine|0 fnt\n|faint|p2a: Arcanine\n|move|p2b: Sinistcha|Life Dew|p2b: Sinistcha\n|-heal|p2b: Sinistcha|57/100\n|\n|-weather|none\n|-sideend|p1: Scepticskep|move: Aurora Veil\n|upkeep\n|turn|6\n|-message|lograf forfeited.\n|\n|win|Scepticskep\n|raw|Scepticskep's rating: 1124 &rarr; <strong>1146</strong><br />(+22 for winning)\n|raw|lograf's rating: 1086 &rarr; <strong>1066</strong><br />(-20 for losing)\n|l|\u2606lograf\n|player|p2|\n",
  "uploadtime": 1776627995,
  "views": 28,
  "formatid": "gen9championsvgc2026regma",
  "rating": 1066,
  "private": 0,
  "password": null
}