{
  "id": "gen9championsvgc2026regma-2583245977",
  "format": "[Gen 9 Champions] VGC 2026 Reg M-A",
  "players": [
    "olejdn the ancient",
    "BarneysGumball"
  ],
  "log": "|j|\u2606olejdn the ancient\n|j|\u2606BarneysGumball\n|t:|1776159047\n|gametype|doubles\n|player|p1|olejdn the ancient|rood|1000\n|player|p2|BarneysGumball|266|1040\n|gen|9\n|tier|[Gen 9 Champions] VGC 2026 Reg M-A\n|rated|\n|rule|Species Clause: Limit one of each Pok\u00e9mon\n|rule|Item Clause: Limit 1 of each item\n|clearpoke\n|poke|p1|Gardevoir, L50, M|\n|poke|p1|Farigiraf, L50, F|\n|poke|p1|Corviknight, L50, M|\n|poke|p1|Garchomp, L50, M|\n|poke|p1|Incineroar, L50, F|\n|poke|p1|Rotom-Wash, L50|\n|poke|p2|Froslass, L50, F|\n|poke|p2|Sinistcha, L50|\n|poke|p2|Conkeldurr, L50, F|\n|poke|p2|Talonflame, L50, M|\n|poke|p2|Farigiraf, L50, F|\n|poke|p2|Milotic, L50, F|\n|teampreview|4\n|inactive|Battle timer is ON: inactive players will automatically lose when time's up. (requested by BarneysGumball)\n|\n|t:|1776159101\n|teamsize|p1|4\n|teamsize|p2|4\n|start\n|switch|p1a: Incineroar|Incineroar, L50, F|100/100\n|switch|p1b: Rotom|Rotom-Wash, L50|100/100\n|switch|p2a: Milotic|Milotic, L50, F|100/100\n|switch|p2b: Sinistcha|Sinistcha, L50|100/100\n|-ability|p1a: Incineroar|Intimidate|boost\n|-unboost|p2a: Milotic|atk|1\n|-ability|p2a: Milotic|Competitive|boost\n|-boost|p2a: Milotic|spa|2\n|-unboost|p2b: Sinistcha|atk|1\n|turn|1\n|inactive|BarneysGumball has 30 seconds left.\n|inactive|olejdn the ancient has 30 seconds left.\n|\n|t:|1776159132\n|move|p2b: Sinistcha|Rage Powder|p2b: Sinistcha\n|-singleturn|p2b: Sinistcha|move: Rage Powder\n|move|p2a: Milotic|Scald|p1a: Incineroar\n|-supereffective|p1a: Incineroar|1\n|-damage|p1a: Incineroar|0 fnt\n|faint|p1a: Incineroar\n|move|p1b: Rotom|Volt Switch|p2b: Sinistcha\n|-resisted|p2b: Sinistcha|1\n|-damage|p2b: Sinistcha|85/100\n|\n|t:|1776159140\n|switch|p1b: Diana|Gardevoir, L50, M, shiny|100/100|[from] Volt Switch\n|\n|upkeep\n|\n|t:|1776159143\n|switch|p1a: Farigiraf|Farigiraf, L50, F|100/100\n|turn|2\n|\n|t:|1776159160\n|move|p1b: Diana|Protect|p1b: Diana\n|-singleturn|p1b: Diana|Protect\n|move|p2b: Sinistcha|Rage Powder|p2b: Sinistcha\n|-singleturn|p2b: Sinistcha|move: Rage Powder\n|move|p2a: Milotic|Scald|p1b: Diana\n|-activate|p1b: Diana|move: Protect\n|move|p1a: Farigiraf|Trick Room|p1a: Farigiraf\n|-fieldstart|move: Trick Room|[of] p1a: Farigiraf\n|\n|upkeep\n|turn|3\n|\n|t:|1776159184\n|detailschange|p1b: Diana|Gardevoir-Mega, L50, M, shiny\n|-mega|p1b: Diana|Gardevoir|Gardevoirite\n|move|p1a: Farigiraf|Helping Hand|p1b: Diana\n|-singleturn|p1b: Diana|Helping Hand|[of] p1a: Farigiraf\n|move|p2b: Sinistcha|Rage Powder|p2b: Sinistcha\n|-singleturn|p2b: Sinistcha|move: Rage Powder\n|move|p1b: Diana|Hyper Voice|p2b: Sinistcha|[spread] p2a,p2b\n|-damage|p2a: Milotic|36/100\n|-damage|p2b: Sinistcha|0 fnt\n|faint|p2b: Sinistcha\n|move|p2a: Milotic|Scald|p1b: Diana\n|-damage|p1b: Diana|36/100\n|\n|upkeep\n|inactive|BarneysGumball has 30 seconds left.\n|\n|t:|1776159210\n|switch|p2b: Froslass|Froslass, L50, F|100/100\n|turn|4\n|inactive|BarneysGumball has 30 seconds left.\n|\n|t:|1776159241\n|switch|p2a: Talonflame|Talonflame, L50, M|100/100\n|move|p1a: Farigiraf|Helping Hand|p1b: Diana\n|-singleturn|p1b: Diana|Helping Hand|[of] p1a: Farigiraf\n|move|p2b: Froslass|Protect|p2b: Froslass\n|-singleturn|p2b: Froslass|Protect\n|move|p1b: Diana|Hyper Voice|p2b: Froslass|[spread] p2a\n|-activate|p2b: Froslass|move: Protect\n|-resisted|p2a: Talonflame|1\n|-damage|p2a: Talonflame|35/100\n|\n|upkeep\n|turn|5\n|inactive|olejdn the ancient has 30 seconds left.\n|\n|t:|1776159267\n|switch|p2b: Milotic|Milotic, L50, F|36/100\n|move|p2a: Talonflame|Protect|p2a: Talonflame\n|-singleturn|p2a: Talonflame|Protect\n|move|p1a: Farigiraf|Psychic|p2a: Talonflame\n|-activate|p2a: Talonflame|move: Protect\n|move|p1b: Diana|Hyper Voice|p2a: Talonflame|[spread] p2b\n|-activate|p2a: Talonflame|move: Protect\n|-damage|p2b: Milotic|0 fnt\n|faint|p2b: Milotic\n|\n|upkeep\n|\n|t:|1776159280\n|switch|p2b: Froslass|Froslass, L50, F|100/100\n|turn|6\n|\n|t:|1776159303\n|move|p2b: Froslass|Protect|p2b: Froslass\n|-singleturn|p2b: Froslass|Protect\n|move|p2a: Talonflame|Protect|p2a: Talonflame\n|-singleturn|p2a: Talonflame|Protect\n|move|p1a: Farigiraf|Psychic|p2a: Talonflame\n|-activate|p2a: Talonflame|move: Protect\n|move|p1b: Diana|Hyper Voice|p2a: Talonflame|[spread] \n|-activate|p2a: Talonflame|move: Protect\n|-activate|p2b: Froslass|move: Protect\n|\n|-fieldend|move: Trick Room\n|upkeep\n|turn|7\n|inactive|BarneysGumball has 30 seconds left.\n|\n|t:|1776159337\n|detailschange|p2b: Froslass|Froslass-Mega, L50, F\n|-mega|p2b: Froslass|Froslass|Froslassite\n|-weather|Snowscape|[from] ability: Snow Warning|[of] p2b: Froslass\n|move|p1b: Diana|Protect|p1b: Diana\n|-singleturn|p1b: Diana|Protect\n|move|p2a: Talonflame|Flare Blitz|p1a: Farigiraf\n|-damage|p1a: Farigiraf|58/100\n|-damage|p2a: Talonflame|15/100|[from] Recoil\n|move|p2b: Froslass|Blizzard|p1b: Diana|[spread] p1a\n|-activate|p1b: Diana|move: Protect\n|-damage|p1a: Farigiraf|12/100\n|move|p1a: Farigiraf|Trick Room|p1a: Farigiraf\n|-fieldstart|move: Trick Room|[of] p1a: Farigiraf\n|\n|-weather|Snowscape|[upkeep]\n|upkeep\n|turn|8\n|inactive|BarneysGumball has 30 seconds left.\n|\n|t:|1776159363\n|switch|p1a: Rotom|Rotom-Wash, L50|100/100\n|move|p1b: Diana|Hyper Voice|p2b: Froslass|[spread] p2a,p2b\n|-resisted|p2a: Talonflame|1\n|-damage|p2a: Talonflame|0 fnt\n|-damage|p2b: Froslass|30/100\n|faint|p2a: Talonflame\n|move|p2b: Froslass|Blizzard|p1b: Diana|[spread] p1a,p1b\n|-resisted|p1a: Rotom|1\n|-damage|p1a: Rotom|64/100\n|-damage|p1b: Diana|0 fnt\n|faint|p1b: Diana\n|\n|-weather|Snowscape|[upkeep]\n|-heal|p1a: Rotom|70/100|[from] item: Leftovers\n|upkeep\n|\n|t:|1776159375\n|switch|p1b: Farigiraf|Farigiraf, L50, F|12/100\n|turn|9\n|-message|BarneysGumball forfeited.\n|\n|win|olejdn the ancient\n|raw|olejdn the ancient's rating: 1000 &rarr; <strong>1045</strong><br />(+45 for winning)\n|raw|BarneysGumball's rating: 1040 &rarr; <strong>1022</strong><br />(-18 for losing)\n|l|\u2606BarneysGumball\n|player|p2|\n",
  "uploadtime": 1776159382,
  "views": 21,
  "formatid": "gen9championsvgc2026regma",
  "rating": 1022,
  "private": 0,
  "password": null
}