{
  "id": "gen9championsvgc2026regma-2582412895",
  "format": "[Gen 9 Champions] VGC 2026 Reg M-A",
  "players": [
    "Zzzuraaa",
    "SimMikaze"
  ],
  "log": "|j|\u2606Zzzuraaa\n|j|\u2606SimMikaze\n|t:|1776090033\n|gametype|doubles\n|player|p1|Zzzuraaa|unknown|1250\n|player|p2|SimMikaze|miku-ghost|1341\n|gen|9\n|tier|[Gen 9 Champions] VGC 2026 Reg M-A\n|rated|\n|rule|Species Clause: Limit one of each Pok\u00e9mon\n|rule|Item Clause: Limit 1 of each item\n|clearpoke\n|poke|p1|Delphox, L50, M|\n|poke|p1|Clefable, L50, F|\n|poke|p1|Kingambit, L50, F|\n|poke|p1|Sneasler, L50, M|\n|poke|p1|Dragonite, L50, M|\n|poke|p1|Basculegion, L50, M|\n|poke|p2|Floette-Eternal, L50, F|\n|poke|p2|Maushold-Four, L50|\n|poke|p2|Garchomp, L50, F|\n|poke|p2|Talonflame, L50, F|\n|poke|p2|Incineroar, L50, M|\n|poke|p2|Blastoise, L50, M|\n|teampreview|4\n|\n|t:|1776090079\n|teamsize|p1|4\n|teamsize|p2|4\n|start\n|switch|p1a: Sneasler|Sneasler, L50, M|100/100\n|switch|p1b: Delphox|Delphox, L50, M|100/100\n|switch|p2a: Floette|Floette-Eternal, L50, F|100/100\n|switch|p2b: Maushold|Maushold-Four, L50|100/100\n|turn|1\n|\n|t:|1776090093\n|detailschange|p1b: Delphox|Delphox-Mega, L50, M\n|-mega|p1b: Delphox|Delphox|Delphoxite\n|move|p2b: Maushold|Protect|p2b: Maushold\n|-singleturn|p2b: Maushold|Protect\n|move|p2a: Floette|Protect|p2a: Floette\n|-singleturn|p2a: Floette|Protect\n|move|p1a: Sneasler|Fake Out|p2b: Maushold\n|-activate|p2b: Maushold|move: Protect\n|move|p1b: Delphox|Heat Wave|p2a: Floette|[spread] \n|-activate|p2a: Floette|move: Protect\n|-activate|p2b: Maushold|move: Protect\n|\n|upkeep\n|turn|2\n|\n|t:|1776090109\n|detailschange|p2a: Floette|Floette-Mega, L50, F\n|-mega|p2a: Floette|Floette|Floettite\n|-ability|p2a: Floette|Fairy Aura\n|move|p2b: Maushold|Follow Me|p2b: Maushold\n|-singleturn|p2b: Maushold|move: Follow Me\n|move|p1b: Delphox|Heat Wave|p2b: Maushold|[spread] p2a,p2b\n|-damage|p2a: Floette|78/100\n|-damage|p2b: Maushold|42/100\n|-status|p2b: Maushold|brn\n|move|p1a: Sneasler|Dire Claw|p2b: Maushold\n|-damage|p2b: Maushold|0 fnt\n|faint|p2b: Maushold\n|move|p2a: Floette|Dazzling Gleam|p1a: Sneasler|[spread] p1a,p1b\n|-resisted|p1b: Delphox|1\n|-damage|p1a: Sneasler|32/100\n|-damage|p1b: Delphox|78/100\n|\n|upkeep\n|\n|t:|1776090131\n|switch|p2b: Talonflame|Talonflame, L50, F|100/100\n|turn|3\n|\n|t:|1776090138\n|move|p2b: Talonflame|Tailwind|p2b: Talonflame\n|-sidestart|p2: SimMikaze|move: Tailwind\n|move|p2a: Floette|Dazzling Gleam|p1a: Sneasler|[spread] p1a,p1b\n|-resisted|p1b: Delphox|1\n|-damage|p1a: Sneasler|0 fnt\n|-damage|p1b: Delphox|56/100\n|faint|p1a: Sneasler\n|move|p1b: Delphox|Psychic|p2b: Talonflame\n|-damage|p2b: Talonflame|13/100\n|\n|upkeep\n|\n|t:|1776090155\n|switch|p1a: Clefable|Clefable, L50, F|100/100\n|turn|4\n|\n|t:|1776090191\n|move|p2b: Talonflame|Acrobatics|p1b: Delphox\n|-damage|p1b: Delphox|0 fnt\n|faint|p1b: Delphox\n|move|p2a: Floette|Calm Mind|p2a: Floette\n|-boost|p2a: Floette|spa|1\n|-boost|p2a: Floette|spd|1\n|move|p1a: Clefable|Moonblast|p2a: Floette\n|-damage|p2a: Floette|48/100\n|\n|upkeep\n|\n|t:|1776090200\n|switch|p1b: Basculegion|Basculegion, L50, M|100/100\n|turn|5\n|\n|t:|1776090227\n|move|p1a: Clefable|Follow Me|p1a: Clefable\n|-singleturn|p1a: Clefable|move: Follow Me\n|move|p2b: Talonflame|Acrobatics|p1a: Clefable\n|-damage|p1a: Clefable|67/100\n|move|p2a: Floette|Dazzling Gleam|p1b: Basculegion|[spread] p1a,p1b\n|-damage|p1a: Clefable|20/100\n|-damage|p1b: Basculegion|21/100\n|-enditem|p1a: Clefable|Sitrus Berry|[eat]\n|-heal|p1a: Clefable|45/100|[from] item: Sitrus Berry\n|move|p1b: Basculegion|Last Respects|p2a: Floette\n|-damage|p2a: Floette|0 fnt\n|faint|p2a: Floette\n|\n|upkeep\n|\n|t:|1776090234\n|switch|p2a: Garchomp|Garchomp, L50, F|100/100\n|turn|6\n|\n|t:|1776090254\n|move|p2b: Talonflame|Protect|p2b: Talonflame\n|-singleturn|p2b: Talonflame|Protect\n|move|p1a: Clefable|Follow Me|p1a: Clefable\n|-singleturn|p1a: Clefable|move: Follow Me\n|move|p2a: Garchomp|Earthquake|p1a: Clefable|[spread] p1a,p1b\n|-activate|p2b: Talonflame|move: Protect\n|-damage|p1a: Clefable|1/100\n|-damage|p1b: Basculegion|0 fnt\n|faint|p1b: Basculegion\n|\n|-sideend|p2: SimMikaze|move: Tailwind\n|upkeep\n|turn|7\n|-message|Zzzuraaa forfeited.\n|\n|win|SimMikaze\n|raw|Zzzuraaa's rating: 1250 &rarr; <strong>1231</strong><br />(-19 for losing)\n|raw|SimMikaze's rating: 1341 &rarr; <strong>1356</strong><br />(+15 for winning)\n|l|\u2606Zzzuraaa\n|player|p1|\n",
  "uploadtime": 1776090265,
  "views": 20,
  "formatid": "gen9championsvgc2026regma",
  "rating": 1231,
  "private": 0,
  "password": null
}