{
  "id": "gen9championsvgc2026regma-2587469269",
  "format": "[Gen 9 Champions] VGC 2026 Reg M-A",
  "players": [
    "Vulpisfoglia",
    "alex123alex"
  ],
  "log": "|j|\u2606Vulpisfoglia\n|j|\u2606alex123alex\n|t:|1776534444\n|gametype|doubles\n|player|p1|Vulpisfoglia|kunoichi2-conquest|1200\n|player|p2|alex123alex|170|1117\n|gen|9\n|tier|[Gen 9 Champions] VGC 2026 Reg M-A\n|rated|\n|rule|Species Clause: Limit one of each Pok\u00e9mon\n|rule|Item Clause: Limit 1 of each item\n|clearpoke\n|poke|p1|Froslass, L50, F|\n|poke|p1|Greninja, L50, M|\n|poke|p1|Arcanine-Hisui, L50, F|\n|poke|p1|Sneasler, L50, M|\n|poke|p1|Zoroark-Hisui, L50, F|\n|poke|p1|Pikachu, L50, M|\n|poke|p2|Froslass, L50, F|\n|poke|p2|Tauros-Paldea-Blaze, L50, M|\n|poke|p2|Milotic, L50, F|\n|poke|p2|Gallade, L50, M|\n|poke|p2|Aerodactyl, L50, M|\n|poke|p2|Sinistcha-Masterpiece, L50|\n|teampreview|4\n|inactive|Battle timer is ON: inactive players will automatically lose when time's up. (requested by alex123alex)\n|inactive|Vulpisfoglia has 60 seconds left.\n|inactive|alex123alex has 60 seconds left.\n|\n|t:|1776534486\n|teamsize|p1|4\n|teamsize|p2|4\n|start\n|switch|p1a: Froslass|Froslass, L50, F|100/100\n|switch|p1b: Greninja|Greninja, L50, M|100/100\n|switch|p2a: Aerodactyl|Aerodactyl, L50, M|100/100\n|switch|p2b: Froslass|Froslass, L50, F|100/100\n|-ability|p2a: Aerodactyl|Unnerve\n|turn|1\n|inactive|Vulpisfoglia has 30 seconds left.\n|inactive|Vulpisfoglia has 20 seconds left.\n|inactive|Vulpisfoglia has 15 seconds left.\n|\n|t:|1776534530\n|detailschange|p2a: Aerodactyl|Aerodactyl-Mega, L50, M\n|-mega|p2a: Aerodactyl|Aerodactyl|Aerodactylite\n|detailschange|p1a: Froslass|Froslass-Mega, L50, F\n|-mega|p1a: Froslass|Froslass|Froslassite\n|-weather|Snowscape|[from] ability: Snow Warning|[of] p1a: Froslass\n|move|p2a: Aerodactyl|Rock Slide|p1b: Greninja|[spread] p1a,p1b\n|-supereffective|p1a: Froslass|1\n|-damage|p1a: Froslass|35/100\n|-damage|p1b: Greninja|52/100\n|move|p1b: Greninja|Blizzard|p2a: Aerodactyl|[spread] p2a,p2b\n|-start|p1b: Greninja|typechange|Ice|[from] ability: Protean\n|-supereffective|p2a: Aerodactyl|1\n|-resisted|p2b: Froslass|1\n|-damage|p2a: Aerodactyl|19/100\n|-damage|p2b: Froslass|72/100\n|move|p1a: Froslass|Blizzard|p2b: Froslass|[spread] p2a,p2b\n|-supereffective|p2a: Aerodactyl|1\n|-resisted|p2b: Froslass|1\n|-damage|p2a: Aerodactyl|0 fnt\n|-damage|p2b: Froslass|32/100\n|faint|p2a: Aerodactyl\n|move|p2b: Froslass|Icy Wind|p1a: Froslass|[spread] p1a,p1b\n|-resisted|p1a: Froslass|1\n|-resisted|p1b: Greninja|1\n|-damage|p1a: Froslass|29/100\n|-damage|p1b: Greninja|43/100\n|-unboost|p1a: Froslass|spe|1\n|-unboost|p1b: Greninja|spe|1\n|\n|-weather|Snowscape|[upkeep]\n|upkeep\n|\n|t:|1776534548\n|switch|p2a: Tauros|Tauros-Paldea-Blaze, L50, M|100/100\n|turn|2\n|\n|t:|1776534557\n|move|p1b: Greninja|Protect|p1b: Greninja\n|-singleturn|p1b: Greninja|Protect\n|move|p2b: Froslass|Frost Breath|p2a: Tauros\n|-resisted|p2a: Tauros|1\n|-crit|p2a: Tauros\n|-damage|p2a: Tauros|81/100\n|-setboost|p2a: Tauros|atk|6|[from] ability: Anger Point\n|move|p2a: Tauros|Rock Slide|p1a: Froslass|[spread] p1a\n|-activate|p1b: Greninja|move: Protect\n|-supereffective|p1a: Froslass|1\n|-damage|p1a: Froslass|0 fnt\n|faint|p1a: Froslass\n|\n|-weather|Snowscape|[upkeep]\n|upkeep\n|\n|t:|1776534565\n|switch|p1a: Sneasler|Sneasler, L50, M|100/100\n|turn|3\n|\n|t:|1776534577\n|move|p2b: Froslass|Icy Wind|p1b: Greninja|[spread] p1a,p1b\n|-resisted|p1b: Greninja|1\n|-damage|p1a: Sneasler|86/100\n|-damage|p1b: Greninja|35/100\n|-unboost|p1a: Sneasler|spe|1\n|-unboost|p1b: Greninja|spe|1\n|-enditem|p1a: Sneasler|White Herb\n|-clearnegativeboost|p1a: Sneasler|[silent]\n|move|p1a: Sneasler|Dire Claw|p2a: Tauros\n|-damage|p2a: Tauros|28/100\n|-enditem|p2a: Tauros|Sitrus Berry|[eat]\n|-heal|p2a: Tauros|53/100|[from] item: Sitrus Berry\n|move|p2a: Tauros|Rock Slide|p1b: Greninja|[spread] p1a,p1b\n|-resisted|p1a: Sneasler|1\n|-supereffective|p1b: Greninja|1\n|-damage|p1a: Sneasler|29/100\n|-damage|p1b: Greninja|0 fnt\n|faint|p1b: Greninja\n|\n|-weather|Snowscape|[upkeep]\n|upkeep\n|\n|t:|1776534590\n|switch|p1b: Pikachu|Pikachu, L50, M|100/100\n|turn|4\n|\n|t:|1776534602\n|move|p1a: Sneasler|Protect|p1a: Sneasler\n|-singleturn|p1a: Sneasler|Protect\n|move|p2b: Froslass|Protect|p2b: Froslass\n|-singleturn|p2b: Froslass|Protect\n|move|p2a: Tauros|Protect|p2a: Tauros\n|-singleturn|p2a: Tauros|Protect\n|move|p1b: Pikachu|Thunderbolt|p2b: Froslass\n|-activate|p2b: Froslass|move: Protect\n|\n|-weather|Snowscape|[upkeep]\n|upkeep\n|turn|5\n|\n|t:|1776534614\n|move|p1a: Sneasler|Close Combat|p2a: Tauros\n|-damage|p2a: Tauros|0 fnt\n|-unboost|p1a: Sneasler|def|1\n|-unboost|p1a: Sneasler|spd|1\n|faint|p2a: Tauros\n|move|p2b: Froslass|Icy Wind|p1a: Sneasler|[spread] p1a,p1b\n|-damage|p1a: Sneasler|7/100\n|-damage|p1b: Pikachu|73/100\n|-unboost|p1a: Sneasler|spe|1\n|-unboost|p1b: Pikachu|spe|1\n|move|p1b: Pikachu|Thunderbolt|p2b: Froslass\n|-damage|p2b: Froslass|0 fnt\n|faint|p2b: Froslass\n|\n|-weather|none\n|upkeep\n|\n|t:|1776534617\n|switch|p2b: Milotic|Milotic, L50, F|100/100\n|turn|6\n|\n|t:|1776534632\n|move|p1a: Sneasler|Dire Claw|p2b: Milotic\n|-damage|p2b: Milotic|47/100\n|move|p1b: Pikachu|Thunderbolt|p2b: Milotic\n|-supereffective|p2b: Milotic|1\n|-damage|p2b: Milotic|0 fnt\n|faint|p2b: Milotic\n|\n|win|Vulpisfoglia\n|raw|Vulpisfoglia's rating: 1200 &rarr; <strong>1219</strong><br />(+19 for winning)\n|raw|alex123alex's rating: 1117 &rarr; <strong>1098</strong><br />(-19 for losing)\n|l|\u2606alex123alex\n|player|p2|\n",
  "uploadtime": 1776534639,
  "views": 18,
  "formatid": "gen9championsvgc2026regma",
  "rating": 1098,
  "private": 0,
  "password": null
}