{
  "id": "gen9championsvgc2026regma-2588505124",
  "format": "[Gen 9 Champions] VGC 2026 Reg M-A",
  "players": [
    "Lvcid_Alpha",
    "NastyBoss"
  ],
  "log": "|j|\u2606Lvcid_Alpha\n|j|\u2606NastyBoss\n|t:|1776639644\n|gametype|doubles\n|player|p1|Lvcid_Alpha|1|1051\n|player|p2|NastyBoss|265|1040\n|gen|9\n|tier|[Gen 9 Champions] VGC 2026 Reg M-A\n|rated|\n|rule|Species Clause: Limit one of each Pok\u00e9mon\n|rule|Item Clause: Limit 1 of each item\n|clearpoke\n|poke|p1|Scovillain, L50, F, shiny|\n|poke|p1|Dragapult, L50, M, shiny|\n|poke|p1|Corviknight, L50, M, shiny|\n|poke|p1|Gyarados, L50, F, shiny|\n|poke|p1|Rotom-Wash, L50, shiny|\n|poke|p1|Diggersby, L50, M, shiny|\n|poke|p2|Incineroar, L50, F|\n|poke|p2|Farigiraf, L50, M|\n|poke|p2|Mr. Rime, L50, F|\n|poke|p2|Rotom-Wash, L50|\n|poke|p2|Golurk, L50|\n|poke|p2|Kingambit, L50, F|\n|teampreview|4\n|inactive|Battle timer is ON: inactive players will automatically lose when time's up. (requested by NastyBoss)\nLvcid_Alpha rejected open team sheets.\n|\n|t:|1776639667\n|teamsize|p1|4\n|teamsize|p2|4\n|start\n|switch|p1a: Scovillain|Scovillain, L50, F, shiny|100/100\n|switch|p1b: Dragapult|Dragapult, L50, M, shiny|100/100\n|switch|p2a: Farigiraf|Farigiraf, L50, M|100/100\n|switch|p2b: Mr. Rime|Mr. Rime, L50, F|100/100\n|turn|1\n|\n|t:|1776639682\n|move|p2b: Mr. Rime|Fake Out|p1a: Scovillain\n|-damage|p1a: Scovillain|90/100\n|move|p1b: Dragapult|Reflect|p1b: Dragapult\n|-sidestart|p1: Lvcid_Alpha|Reflect\n|cant|p1a: Scovillain|flinch\n|move|p2a: Farigiraf|Trick Room|p2a: Farigiraf\n|-fieldstart|move: Trick Room|[of] p2a: Farigiraf\n|\n|-ability|p1a: Scovillain|Moody|boost\n|-boost|p1a: Scovillain|spe|2\n|-unboost|p1a: Scovillain|def|1\n|upkeep\n|turn|2\n|\n|t:|1776639706\n|switch|p2a: Rotom|Rotom-Wash, L50|100/100\n|move|p2b: Mr. Rime|Freeze-Dry|p1b: Dragapult\n|-supereffective|p1b: Dragapult|1\n|-damage|p1b: Dragapult|40/100\n|move|p1b: Dragapult|Light Screen|p1b: Dragapult\n|-sidestart|p1: Lvcid_Alpha|move: Light Screen\n|move|p1a: Scovillain|Leech Seed|p2a: Rotom\n|-start|p2a: Rotom|move: Leech Seed\n|\n|-damage|p2a: Rotom|88/100|[from] Leech Seed|[of] p1a: Scovillain\n|-heal|p1a: Scovillain|100/100|[silent]\n|-ability|p1a: Scovillain|Moody|boost\n|-boost|p1a: Scovillain|spa|2\n|-unboost|p1a: Scovillain|atk|1\n|upkeep\n|turn|3\n|inactive|Lvcid_Alpha has 30 seconds left.\n|\n|t:|1776639736\n|switch|p2b: Golurk|Golurk, L50|100/100\n|move|p2a: Rotom|Discharge|p1b: Dragapult|[spread] p1a,p1b\n|-immune|p2b: Golurk\n|-resisted|p1a: Scovillain|1\n|-resisted|p1b: Dragapult|1\n|-damage|p1a: Scovillain|88/100\n|-damage|p1b: Dragapult|30/100\n|-status|p1b: Dragapult|par\n|move|p1b: Dragapult|Infestation|p2b: Golurk\n|-resisted|p2b: Golurk|1\n|-damage|p2b: Golurk|98/100\n|-activate|p2b: Golurk|move: Infestation|[of] p1b: Dragapult\n|move|p1a: Scovillain|Leech Seed|p2b: Golurk\n|-start|p2b: Golurk|move: Leech Seed\n|\n|-damage|p2b: Golurk|86/100|[from] Leech Seed|[of] p1a: Scovillain\n|-heal|p1a: Scovillain|100/100|[silent]\n|-damage|p2a: Rotom|76/100|[from] Leech Seed|[of] p1a: Scovillain\n|-damage|p2b: Golurk|73/100|[from] move: Infestation|[partiallytrapped]\n|-ability|p1a: Scovillain|Moody|boost\n|-boost|p1a: Scovillain|spd|2\n|-unboost|p1a: Scovillain|spa|1\n|upkeep\n|turn|4\n|inactive|Lvcid_Alpha has 30 seconds left.\n|\n|t:|1776639762\n|detailschange|p2b: Golurk|Golurk-Mega, L50\n|-mega|p2b: Golurk|Golurk|Golurkite\n|move|p1a: Scovillain|Protect|p1a: Scovillain\n|-singleturn|p1a: Scovillain|Protect\n|move|p2b: Golurk|Earthquake|p1a: Scovillain|[spread] p1b\n|-activate|p1a: Scovillain|move: Protect\n|-immune|p2a: Rotom|[from] ability: Levitate\n|-damage|p1b: Dragapult|0 fnt\n|faint|p1b: Dragapult\n|move|p2a: Rotom|Discharge|p1a: Scovillain|[spread] \n|-activate|p1a: Scovillain|move: Protect\n|-immune|p2b: Golurk\n|\n|-damage|p2b: Golurk|61/100|[from] Leech Seed|[of] p1a: Scovillain\n|-damage|p2a: Rotom|64/100|[from] Leech Seed|[of] p1a: Scovillain\n|-end|p2b: Golurk|Infestation|[partiallytrapped]|[silent]\n|-ability|p1a: Scovillain|Moody|boost\n|-boost|p1a: Scovillain|spa|2\n|-unboost|p1a: Scovillain|def|1\n|upkeep\n|\n|t:|1776639781\n|switch|p1b: Gyarados|Gyarados, L50, F, shiny|100/100\n|-ability|p1b: Gyarados|Intimidate|boost\n|-unboost|p2a: Rotom|atk|1\n|-unboost|p2b: Golurk|atk|1\n|turn|5\n|\n|t:|1776639798\n|switch|p2a: Farigiraf|Farigiraf, L50, M|100/100\n|move|p1b: Gyarados|Protect|p1b: Gyarados\n|-singleturn|p1b: Gyarados|Protect\n|move|p2b: Golurk|Earthquake|p1b: Gyarados|[spread] p2a,p1a\n|-activate|p1b: Gyarados|move: Protect\n|-damage|p2a: Farigiraf|73/100\n|-damage|p1a: Scovillain|48/100\n|move|p1a: Scovillain|Flamethrower|p2b: Golurk\n|-damage|p2b: Golurk|0 fnt\n|faint|p2b: Golurk\n|\n|-sideend|p1: Lvcid_Alpha|Reflect\n|-fieldend|move: Trick Room\n|-ability|p1a: Scovillain|Moody|boost\n|-boost|p1a: Scovillain|spd|2\n|-unboost|p1a: Scovillain|spe|1\n|upkeep\n|\n|t:|1776639808\n|switch|p2b: Mr. Rime|Mr. Rime, L50, F|100/100\n|turn|6\n|\n|t:|1776639831\n|move|p1a: Scovillain|Protect|p1a: Scovillain\n|-singleturn|p1a: Scovillain|Protect\n|move|p2b: Mr. Rime|Fake Out|p1a: Scovillain\n|-activate|p1a: Scovillain|move: Protect\n|move|p1b: Gyarados|Thunder Wave|p2b: Mr. Rime|[miss]\n|-miss|p1b: Gyarados|p2b: Mr. Rime\n|move|p2a: Farigiraf|Trick Room|p2a: Farigiraf\n|-fieldstart|move: Trick Room|[of] p2a: Farigiraf\n|\n|-sideend|p1: Lvcid_Alpha|move: Light Screen\n|-ability|p1a: Scovillain|Moody|boost\n|-boost|p1a: Scovillain|atk|2\n|-unboost|p1a: Scovillain|def|1\n|upkeep\n|turn|7\n|inactive|Lvcid_Alpha has 30 seconds left.\n|inactive|NastyBoss has 30 seconds left.\n|inactive|Lvcid_Alpha has 20 seconds left.\n|inactive|Lvcid_Alpha has 15 seconds left.\n|inactive|NastyBoss has 20 seconds left.\n|inactive|Lvcid_Alpha has 10 seconds left.\n|inactive|NastyBoss has 15 seconds left.\n|inactive|NastyBoss has 10 seconds left.\n|\n|t:|1776639884\n|detailschange|p1a: Scovillain|Scovillain-Mega, L50, F, shiny\n|-mega|p1a: Scovillain|Scovillain|Scovillainite\n|move|p2a: Farigiraf|Hyper Voice|p1a: Scovillain|[spread] p1a,p1b\n|-damage|p1a: Scovillain|39/100\n|-damage|p1b: Gyarados|78/100\n|-status|p2a: Farigiraf|brn|[from] ability: Spicy Spray|[of] p1a: Scovillain\n|move|p2b: Mr. Rime|Freeze-Dry|p1b: Gyarados\n|-supereffective|p1b: Gyarados|2\n|-damage|p1b: Gyarados|0 fnt\n|faint|p1b: Gyarados\n|move|p1a: Scovillain|Flamethrower|p2b: Mr. Rime\n|-supereffective|p2b: Mr. Rime|1\n|-crit|p2b: Mr. Rime\n|-damage|p2b: Mr. Rime|0 fnt\n|faint|p2b: Mr. Rime\n|\n|-damage|p2a: Farigiraf|67/100 brn|[from] brn\n|upkeep\n|\n|t:|1776639901\n|switch|p2b: Rotom|Rotom-Wash, L50|64/100\n|switch|p1b: Diggersby|Diggersby, L50, M, shiny|100/100\n|turn|8\n|\n|t:|1776639922\n|move|p2a: Farigiraf|Hyper Voice|p1b: Diggersby|[spread] p1a,p1b\n|-damage|p1a: Scovillain|29/100\n|-damage|p1b: Diggersby|65/100\n|move|p2b: Rotom|Hydro Pump|p1a: Scovillain|[miss]\n|-miss|p2b: Rotom|p1a: Scovillain\n|move|p1a: Scovillain|Leech Seed|p2a: Farigiraf\n|-start|p2a: Farigiraf|move: Leech Seed\n|move|p1b: Diggersby|Wild Charge|p2b: Rotom\n|-damage|p2b: Rotom|19/100\n|-enditem|p2b: Rotom|Sitrus Berry|[eat]\n|-heal|p2b: Rotom|44/100|[from] item: Sitrus Berry\n|-damage|p1b: Diggersby|54/100|[from] Recoil\n|\n|-damage|p2a: Farigiraf|55/100 brn|[from] Leech Seed|[of] p1a: Scovillain\n|-heal|p1a: Scovillain|48/100|[silent]\n|-damage|p2a: Farigiraf|49/100 brn|[from] brn\n|upkeep\n|turn|9\n|l|\u2606Lvcid_Alpha\n|inactive|Lvcid_Alpha disconnected and has a minute to reconnect!\n|player|p1|\n|inactive|Lvcid_Alpha has 30 seconds left.\n|j|\u2606Lvcid_Alpha\n|inactive|Lvcid_Alpha reconnected and has 30 seconds left.\n|player|p1|Lvcid_Alpha|1|\n|\n|t:|1776639954\n|move|p2a: Farigiraf|Hyper Voice|p1b: Diggersby|[spread] p1a,p1b\n|-crit|p1b: Diggersby\n|-damage|p1a: Scovillain|37/100\n|-damage|p1b: Diggersby|0 fnt\n|faint|p1b: Diggersby\n|move|p2b: Rotom|Hydro Pump|p1a: Scovillain\n|-damage|p1a: Scovillain|17/100\n|-status|p2b: Rotom|brn|[from] ability: Spicy Spray|[of] p1a: Scovillain\n|move|p1a: Scovillain|Leech Seed|p2b: Rotom\n|-start|p2b: Rotom|move: Leech Seed\n|\n|-damage|p2a: Farigiraf|36/100 brn|[from] Leech Seed|[of] p1a: Scovillain\n|-heal|p1a: Scovillain|36/100|[silent]\n|-damage|p2b: Rotom|32/100 brn|[from] Leech Seed|[of] p1a: Scovillain\n|-heal|p1a: Scovillain|50/100|[silent]\n|-damage|p2a: Farigiraf|30/100 brn|[from] brn\n|-damage|p2b: Rotom|26/100 brn|[from] brn\n|upkeep\n|turn|10\n|\n|t:|1776639972\n|move|p1a: Scovillain|Protect|p1a: Scovillain\n|-singleturn|p1a: Scovillain|Protect\n|move|p2a: Farigiraf|Psychic|p1a: Scovillain\n|-activate|p1a: Scovillain|move: Protect\n|move|p2b: Rotom|Hydro Pump|p1a: Scovillain\n|-activate|p1a: Scovillain|move: Protect\n|\n|-damage|p2a: Farigiraf|18/100 brn|[from] Leech Seed|[of] p1a: Scovillain\n|-heal|p1a: Scovillain|69/100|[silent]\n|-damage|p2b: Rotom|14/100 brn|[from] Leech Seed|[of] p1a: Scovillain\n|-heal|p1a: Scovillain|82/100|[silent]\n|-damage|p2a: Farigiraf|12/100 brn|[from] brn\n|-damage|p2b: Rotom|8/100 brn|[from] brn\n|-fieldend|move: Trick Room\n|upkeep\n|turn|11\n|-message|NastyBoss forfeited.\n|\n|win|Lvcid_Alpha\n|raw|Lvcid_Alpha's rating: 1051 &rarr; <strong>1082</strong><br />(+31 for winning)\n|raw|NastyBoss's rating: 1040 &rarr; <strong>1025</strong><br />(-15 for losing)\n|l|\u2606NastyBoss\n|player|p2|\n",
  "uploadtime": 1776640003,
  "views": 15,
  "formatid": "gen9championsvgc2026regma",
  "rating": 1025,
  "private": 0,
  "password": null
}