{
  "id": "gen9championsvgc2026regma-2580652843",
  "format": "[Gen 9 Champions] VGC 2026 Reg M-A",
  "players": [
    "roboblaster",
    "nakoharuno"
  ],
  "log": "|j|\u2606roboblaster\n|j|\u2606nakoharuno\n|t:|1775921530\n|gametype|doubles\n|player|p1|roboblaster|ghetsis|1000\n|player|p2|nakoharuno|dawn|1000\n|gen|9\n|tier|[Gen 9 Champions] VGC 2026 Reg M-A\n|rated|\n|rule|Species Clause: Limit one of each Pok\u00e9mon\n|rule|Item Clause: Limit 1 of each item\n|clearpoke\n|poke|p1|Houndoom, L50, M|\n|poke|p1|Clefable, L50, M|\n|poke|p1|Torkoal, L50, F|\n|poke|p1|Farigiraf, L50, F|\n|poke|p1|Raichu, L50, M|\n|poke|p1|Aegislash, L50, F|\n|poke|p2|Feraligatr, L50, F|\n|poke|p2|Pelipper, L50, M|\n|poke|p2|Charizard, L50, M|\n|poke|p2|Typhlosion-Hisui, L50, M|\n|poke|p2|Sinistcha, L50|\n|poke|p2|Clefable, L50, M|\n|teampreview|4\n|inactive|Battle timer is ON: inactive players will automatically lose when time's up. (requested by roboblaster)\n|\n|t:|1775921558\n|teamsize|p1|4\n|teamsize|p2|4\n|start\n|switch|p1a: Raichu|Raichu, L50, M|100/100\n|switch|p1b: Houndoom|Houndoom, L50, M|100/100\n|switch|p2a: Charizard|Charizard, L50, M, shiny|100/100\n|switch|p2b: Clefable|Clefable, L50, M|100/100\n|turn|1\n|\n|t:|1775921576\n|detailschange|p2a: Charizard|Charizard-Mega-Y, L50, M, shiny\n|-mega|p2a: Charizard|Charizard|Charizardite Y\n|-weather|SunnyDay|[from] ability: Drought|[of] p2a: Charizard\n|detailschange|p1b: Houndoom|Houndoom-Mega, L50, M\n|-mega|p1b: Houndoom|Houndoom|Houndoominite\n|move|p1a: Raichu|Fake Out|p2a: Charizard\n|-damage|p2a: Charizard|90/100\n|move|p2b: Clefable|Follow Me|p2b: Clefable\n|-singleturn|p2b: Clefable|move: Follow Me\n|move|p1b: Houndoom|Nasty Plot|p1b: Houndoom\n|-boost|p1b: Houndoom|spa|2\n|cant|p2a: Charizard|flinch\n|\n|-weather|SunnyDay|[upkeep]\n|-damage|p1b: Houndoom|88/100|[from] ability: Solar Power|[of] p1b: Houndoom\n|upkeep\n|turn|2\n|\n|t:|1775921600\n|move|p2b: Clefable|Follow Me|p2b: Clefable\n|-singleturn|p2b: Clefable|move: Follow Me\n|move|p1b: Houndoom|Heat Wave|p2a: Charizard|[spread] p2a\n|-miss|p1b: Houndoom|p2b: Clefable\n|-resisted|p2a: Charizard|1\n|-damage|p2a: Charizard|2/100\n|move|p1a: Raichu|Thunderbolt|p2b: Clefable\n|-damage|p2b: Clefable|60/100\n|move|p2a: Charizard|Air Slash|p1b: Houndoom\n|-damage|p1b: Houndoom|25/100\n|\n|-weather|SunnyDay|[upkeep]\n|-damage|p1b: Houndoom|12/100|[from] ability: Solar Power|[of] p1b: Houndoom\n|-heal|p2b: Clefable|66/100|[from] item: Leftovers\n|upkeep\n|turn|3\n|inactive|nakoharuno has 30 seconds left.\n|\n|t:|1775921629\n|move|p2a: Charizard|Protect|p2a: Charizard\n|-singleturn|p2a: Charizard|Protect\n|move|p1b: Houndoom|Heat Wave|p2a: Charizard|[spread] p2b\n|-activate|p2a: Charizard|move: Protect\n|-damage|p2b: Clefable|0 fnt\n|faint|p2b: Clefable\n|move|p1a: Raichu|Thunderbolt|p2a: Charizard\n|-activate|p2a: Charizard|move: Protect\n|\n|-weather|SunnyDay|[upkeep]\n|-damage|p1b: Houndoom|0 fnt|[from] ability: Solar Power|[of] p1b: Houndoom\n|faint|p1b: Houndoom\n|upkeep\n|\n|t:|1775921645\n|switch|p1b: Aegislash|Aegislash, L50, F|100/100\n|switch|p2b: Typhlosion|Typhlosion-Hisui, L50, M|100/100\n|turn|4\n|\n|t:|1775921658\n|-formechange|p1b: Aegislash|Aegislash-Blade|\n|move|p1b: Aegislash|Shadow Sneak|p2b: Typhlosion\n|-supereffective|p2b: Typhlosion|1\n|-damage|p2b: Typhlosion|28/100\n|move|p2b: Typhlosion|Eruption|p1a: Raichu|[spread] p1a,p1b\n|-supereffective|p1b: Aegislash|1\n|-damage|p1a: Raichu|41/100\n|-damage|p1b: Aegislash|0 fnt\n|faint|p1b: Aegislash\n|move|p1a: Raichu|Thunderbolt|p2a: Charizard\n|-supereffective|p2a: Charizard|1\n|-damage|p2a: Charizard|0 fnt\n|faint|p2a: Charizard\n|\n|-weather|SunnyDay|[upkeep]\n|upkeep\n|\n|t:|1775921672\n|switch|p2a: Sinistcha|Sinistcha, L50|100/100\n|switch|p1b: Torkoal|Torkoal, L50, F|100/100\n|-heal|p2b: Typhlosion|53/100|[from] ability: Hospitality|[of] p2a: Sinistcha\n|turn|5\n|\n|t:|1775921686\n|move|p2b: Typhlosion|Eruption|p1b: Torkoal|[spread] p1a,p1b\n|-resisted|p1b: Torkoal|1\n|-damage|p1a: Raichu|0 fnt\n|-damage|p1b: Torkoal|68/100\n|faint|p1a: Raichu\n|move|p2a: Sinistcha|Life Dew||[still]|[spread] p2a,p2b\n|-fail|p2a: Sinistcha|heal\n|-heal|p2b: Typhlosion|78/100\n|move|p1b: Torkoal|Overheat|p2a: Sinistcha\n|-supereffective|p2a: Sinistcha|1\n|-damage|p2a: Sinistcha|0 fnt\n|-unboost|p1b: Torkoal|spa|2\n|faint|p2a: Sinistcha\n|\n|-weather|none\n|upkeep\n|turn|6\n|\n|t:|1775921702\n|move|p2b: Typhlosion|Eruption|p1b: Torkoal\n|-resisted|p1b: Torkoal|1\n|-damage|p1b: Torkoal|29/100\n|move|p1b: Torkoal|Overheat|p2b: Typhlosion\n|-resisted|p2b: Typhlosion|1\n|-damage|p2b: Typhlosion|58/100\n|-unboost|p1b: Torkoal|spa|2\n|\n|upkeep\n|turn|7\n|-message|roboblaster forfeited.\n|\n|win|nakoharuno\n|raw|roboblaster's rating: 1000 &rarr; <strong>1000</strong><br />(+0 for losing)\n|raw|nakoharuno's rating: 1000 &rarr; <strong>1040</strong><br />(+40 for winning)\n|l|\u2606roboblaster\n|player|p1|\n",
  "uploadtime": 1775921719,
  "views": 20,
  "formatid": "gen9championsvgc2026regma",
  "rating": 1000,
  "private": 0,
  "password": null
}