{
  "id": "gen9championsvgc2026regma-2585007990",
  "format": "[Gen 9 Champions] VGC 2026 Reg M-A",
  "players": [
    "pokemonyoyoplayer",
    "cabrino"
  ],
  "log": "|j|\u2606pokemonyoyoplayer\n|j|\u2606cabrino\n|t:|1776302832\n|gametype|doubles\n|player|p1|pokemonyoyoplayer|101|1459\n|player|p2|cabrino|depotagent|1417\n|gen|9\n|tier|[Gen 9 Champions] VGC 2026 Reg M-A\n|rated|\n|rule|Species Clause: Limit one of each Pok\u00e9mon\n|rule|Item Clause: Limit 1 of each item\n|clearpoke\n|poke|p1|Sneasler, L50, M|\n|poke|p1|Kingambit, L50, F|\n|poke|p1|Aerodactyl, L50, F|\n|poke|p1|Gardevoir, L50, F|\n|poke|p1|Incineroar, L50, F|\n|poke|p1|Sinistcha, L50|\n|poke|p2|Aerodactyl, L50, F|\n|poke|p2|Sneasler, L50, M|\n|poke|p2|Kingambit, L50, M|\n|poke|p2|Garchomp, L50, F|\n|poke|p2|Basculegion, L50, M|\n|poke|p2|Charizard, L50, M|\n|teampreview|4\n|\n|t:|1776302864\n|teamsize|p1|4\n|teamsize|p2|4\n|start\n|switch|p1a: Sneasler|Sneasler, L50, M|100/100\n|switch|p1b: Aerodactyl|Aerodactyl, L50, F|100/100\n|switch|p2a: AeroNarfi|Aerodactyl, L50, F, shiny|100/100\n|switch|p2b: Pugsy Hunter|Sneasler, L50, M, shiny|100/100\n|-ability|p1b: Aerodactyl|Unnerve\n|-ability|p2a: AeroNarfi|Unnerve\n|turn|1\n|\n|t:|1776302895\n|move|p2b: Pugsy Hunter|Fake Out|p1a: Sneasler\n|-damage|p1a: Sneasler|77/100\n|move|p2a: AeroNarfi|Tailwind|p2a: AeroNarfi\n|-sidestart|p2: cabrino|move: Tailwind\n|move|p1b: Aerodactyl|Tailwind|p1b: Aerodactyl\n|-sidestart|p1: pokemonyoyoplayer|move: Tailwind\n|cant|p1a: Sneasler|flinch\n|\n|upkeep\n|turn|2\n|\n|t:|1776302920\n|move|p1a: Sneasler|Protect|p1a: Sneasler\n|-singleturn|p1a: Sneasler|Protect\n|move|p1b: Aerodactyl|Dual Wingbeat|p2b: Pugsy Hunter\n|-supereffective|p2b: Pugsy Hunter|1\n|-damage|p2b: Pugsy Hunter|51/100\n|-supereffective|p2b: Pugsy Hunter|1\n|-damage|p2b: Pugsy Hunter|0 fnt\n|faint|p2b: Pugsy Hunter\n|-hitcount|p2: Pugsy Hunter|2\n|move|p2a: AeroNarfi|Rock Slide|p1a: Sneasler|[spread] p1b\n|-activate|p1a: Sneasler|move: Protect\n|-supereffective|p1b: Aerodactyl|1\n|-damage|p1b: Aerodactyl|27/100\n|\n|upkeep\n|\n|t:|1776302932\n|switch|p2b: Bascubrino|Basculegion, L50, M|100/100\n|turn|3\n|\n|t:|1776302954\n|switch|p1a: Kingambit|Kingambit, L50, F|100/100\n|move|p1b: Aerodactyl|Protect|p1b: Aerodactyl\n|-singleturn|p1b: Aerodactyl|Protect\n|move|p2b: Bascubrino|Wave Crash|p1a: Kingambit\n|-damage|p1a: Kingambit|47/100\n|-damage|p2b: Bascubrino|82/100|[from] Recoil\n|move|p2a: AeroNarfi|Rock Slide|p1a: Kingambit|[spread] p1a\n|-activate|p1b: Aerodactyl|move: Protect\n|-resisted|p1a: Kingambit|1\n|-damage|p1a: Kingambit|37/100\n|\n|upkeep\n|turn|4\n|\n|t:|1776302991\n|move|p1a: Kingambit|Sucker Punch|p2a: AeroNarfi\n|-damage|p2a: AeroNarfi|14/100\n|move|p2b: Bascubrino|Wave Crash|p1a: Kingambit\n|-damage|p1a: Kingambit|0 fnt\n|faint|p1a: Kingambit\n|-damage|p2b: Bascubrino|70/100|[from] Recoil\n|move|p1b: Aerodactyl|Rock Slide|p2b: Bascubrino|[spread] p2a,p2b\n|-supereffective|p2a: AeroNarfi|1\n|-damage|p2a: AeroNarfi|0 fnt\n|-damage|p2b: Bascubrino|45/100\n|faint|p2a: AeroNarfi\n|\n|-sideend|p1: pokemonyoyoplayer|move: Tailwind\n|-sideend|p2: cabrino|move: Tailwind\n|upkeep\n|\n|t:|1776303026\n|switch|p2a: PablitoGames|Kingambit, L50, M, shiny|100/100\n|switch|p1a: Gardevoir|Gardevoir, L50, F|100/100\n|-ability|p1a: Gardevoir|Adaptability|Trace|[from] ability: Trace|[of] p2b: Bascubrino\n|turn|5\n|inactive|Battle timer is ON: inactive players will automatically lose when time's up. (requested by cabrino)\n|\n|t:|1776303054\n|detailschange|p1a: Gardevoir|Gardevoir-Mega, L50, F\n|-mega|p1a: Gardevoir|Gardevoir|Gardevoirite\n|move|p2b: Bascubrino|Wave Crash|p1b: Aerodactyl\n|-supereffective|p1b: Aerodactyl|1\n|-damage|p1b: Aerodactyl|0 fnt\n|faint|p1b: Aerodactyl\n|-damage|p2b: Bascubrino|38/100|[from] Recoil\n|move|p1a: Gardevoir|Hyper Voice|p2a: PablitoGames|[spread] p2a,p2b\n|-damage|p2a: PablitoGames|51/100\n|-damage|p2b: Bascubrino|0 fnt\n|faint|p2b: Bascubrino\n|move|p2a: PablitoGames|Kowtow Cleave|p1a: Gardevoir\n|-damage|p1a: Gardevoir|22/100\n|\n|upkeep\n|\n|t:|1776303067\n|switch|p1b: Sneasler|Sneasler, L50, M|77/100\n|turn|6\n|-message|cabrino forfeited.\n|\n|win|pokemonyoyoplayer\n|raw|pokemonyoyoplayer's rating: 1459 &rarr; <strong>1477</strong><br />(+18 for winning)\n|raw|cabrino's rating: 1417 &rarr; <strong>1399</strong><br />(-18 for losing)\n|l|\u2606cabrino\n|player|p2|\n",
  "uploadtime": 1776303077,
  "views": 45,
  "formatid": "gen9championsvgc2026regma",
  "rating": 1399,
  "private": 0,
  "password": null
}