{
  "id": "gen9championsbssregma-2582205378",
  "format": "[Gen 9 Champions] BSS Reg M-A",
  "players": [
    "Mitarashi",
    "Propolis"
  ],
  "log": "|j|\u2606Mitarashi\n|j|\u2606Propolis\n|t:|1776071101\n|gametype|singles\n|player|p1|Mitarashi|170|1257\n|player|p2|Propolis|miku-flying|1242\n|gen|9\n|tier|[Gen 9 Champions] BSS Reg M-A\n|rated|\n|rule|Species Clause: Limit one of each Pok\u00e9mon\n|rule|Item Clause: Limit 1 of each item\n|clearpoke\n|poke|p1|Tyranitar, L50, M|\n|poke|p1|Corviknight, L50, M|\n|poke|p1|Toxapex, L50, F|\n|poke|p1|Delphox, L50, F|\n|poke|p1|Meowscarada, L50, F|\n|poke|p1|Garchomp, L50, F|\n|poke|p2|Glimmora, L50, M|\n|poke|p2|Hydreigon, L50, M|\n|poke|p2|Primarina, L50, M|\n|poke|p2|Charizard, L50, F|\n|poke|p2|Meowscarada, L50, F|\n|poke|p2|Mimikyu, L50, F|\n|teampreview|3\n|inactive|Battle timer is ON: inactive players will automatically lose when time's up. (requested by Propolis)\n|\n|t:|1776071131\n|teamsize|p1|3\n|teamsize|p2|3\n|start\n|switch|p1a: Tyranitar|Tyranitar, L50, M, shiny|100/100\n|switch|p2a: Hydreigon|Hydreigon, L50, M|100/100\n|-weather|Sandstorm|[from] ability: Sand Stream|[of] p1a: Tyranitar\n|turn|1\n|j| p74\n|\n|t:|1776071141\n|detailschange|p1a: Tyranitar|Tyranitar-Mega, L50, M, shiny\n|-mega|p1a: Tyranitar|Tyranitar|Tyranitarite\n|move|p2a: Hydreigon|Taunt|p1a: Tyranitar\n|-start|p1a: Tyranitar|move: Taunt\n|move|p1a: Tyranitar|Stone Edge|p2a: Hydreigon\n|-damage|p2a: Hydreigon|20/100\n|\n|-weather|Sandstorm|[upkeep]\n|-damage|p2a: Hydreigon|14/100|[from] Sandstorm\n|upkeep\n|turn|2\n|\n|t:|1776071158\n|move|p2a: Hydreigon|Stealth Rock|p1a: Tyranitar\n|-sidestart|p1: Mitarashi|move: Stealth Rock\n|move|p1a: Tyranitar|Knock Off|p2a: Hydreigon\n|-resisted|p2a: Hydreigon|1\n|-damage|p2a: Hydreigon|0 fnt\n|-enditem|p2a: Hydreigon|Focus Sash|[from] move: Knock Off|[of] p1a: Tyranitar\n|faint|p2a: Hydreigon\n|\n|-weather|Sandstorm|[upkeep]\n|upkeep\n|\n|t:|1776071162\n|switch|p2a: Primarina|Primarina, L50, M|100/100\n|turn|3\n|\n|t:|1776071169\n|switch|p1a: Toxapex|Toxapex, L50, F|100/100\n|-damage|p1a: Toxapex|88/100|[from] Stealth Rock\n|move|p2a: Primarina|Moonblast|p1a: Toxapex\n|-resisted|p1a: Toxapex|1\n|-damage|p1a: Toxapex|73/100\n|\n|-weather|Sandstorm|[upkeep]\n|-damage|p2a: Primarina|95/100|[from] Sandstorm\n|-damage|p1a: Toxapex|67/100|[from] Sandstorm\n|-heal|p1a: Toxapex|73/100|[from] item: Leftovers\n|upkeep\n|turn|4\n|\n|t:|1776071183\n|move|p2a: Primarina|Flip Turn|p1a: Toxapex\n|-resisted|p1a: Toxapex|1\n|-damage|p1a: Toxapex|65/100\n|l|\u2606Propolis\n|inactive|Propolis disconnected and has a minute to reconnect!\n|player|p2|\n|inactive|Propolis has 30 seconds left.\n|j|\u2606Propolis\n|inactive|Propolis reconnected and has 30 seconds left.\n|player|p2|Propolis|miku-flying|\n|\n|t:|1776071215\n|switch|p2a: Charizard|Charizard, L50, F|100/100|[from] Flip Turn\n|move|p1a: Toxapex|Toxic|p2a: Charizard\n|-status|p2a: Charizard|tox\n|\n|-weather|Sandstorm|[upkeep]\n|-damage|p2a: Charizard|95/100 tox|[from] Sandstorm\n|-damage|p1a: Toxapex|60/100|[from] Sandstorm\n|-heal|p1a: Toxapex|65/100|[from] item: Leftovers\n|-damage|p2a: Charizard|89/100 tox|[from] psn\n|upkeep\n|turn|5\n|\n|t:|1776071232\n|switch|p1a: Corviknight|Corviknight, L50, M, shiny|100/100\n|-damage|p1a: Corviknight|88/100|[from] Stealth Rock\n|detailschange|p2a: Charizard|Charizard-Mega-X, L50, F\n|-mega|p2a: Charizard|Charizard|Charizardite X\n|move|p2a: Charizard|Dragon Dance|p2a: Charizard\n|-boost|p2a: Charizard|atk|1\n|-boost|p2a: Charizard|spe|1\n|\n|-weather|none\n|-damage|p2a: Charizard|78/100 tox|[from] psn\n|upkeep\n|turn|6\n|\n|t:|1776071247\n|move|p2a: Charizard|Flare Blitz|p1a: Corviknight\n|-supereffective|p1a: Corviknight|1\n|-damage|p1a: Corviknight|0 fnt\n|faint|p1a: Corviknight\n|-damage|p2a: Charizard|44/100 tox|[from] Recoil\n|\n|-damage|p2a: Charizard|27/100 tox|[from] psn\n|upkeep\n|\n|t:|1776071260\n|switch|p1a: Tyranitar|Tyranitar-Mega, L50, M, shiny|100/100\n|-damage|p1a: Tyranitar|88/100|[from] Stealth Rock\n|-weather|Sandstorm|[from] ability: Sand Stream|[of] p1a: Tyranitar\n|turn|7\n|\n|t:|1776071266\n|switch|p2a: Primarina|Primarina, L50, M|95/100\n|move|p1a: Tyranitar|Knock Off|p2a: Primarina\n|-resisted|p2a: Primarina|1\n|-damage|p2a: Primarina|58/100\n|-enditem|p2a: Primarina|Sitrus Berry|[from] move: Knock Off|[of] p1a: Tyranitar\n|\n|-weather|Sandstorm|[upkeep]\n|-damage|p2a: Primarina|52/100|[from] Sandstorm\n|upkeep\n|turn|8\n|\n|t:|1776071277\n|move|p1a: Tyranitar|Thunder Punch|p2a: Primarina\n|-supereffective|p2a: Primarina|1\n|-damage|p2a: Primarina|0 fnt\n|faint|p2a: Primarina\n|\n|-weather|Sandstorm|[upkeep]\n|upkeep\n|\n|t:|1776071279\n|switch|p2a: Charizard|Charizard-Mega-X, L50, F|27/100 tox\n|turn|9\n|\n|t:|1776071285\n|move|p2a: Charizard|Outrage|p1a: Tyranitar\n|-damage|p1a: Tyranitar|40/100\n|move|p1a: Tyranitar|Knock Off|p2a: Charizard\n|-damage|p2a: Charizard|0 fnt\n|faint|p2a: Charizard\n|\n|win|Mitarashi\n|raw|Mitarashi's rating: 1257 &rarr; <strong>1281</strong><br />(+24 for winning)\n|raw|Propolis's rating: 1242 &rarr; <strong>1218</strong><br />(-24 for losing)\n",
  "uploadtime": 1776071288,
  "views": 3,
  "formatid": "gen9championsbssregma",
  "rating": 1218,
  "private": 0,
  "password": null
}