{
  "id": "gen9championsbssregma-2580698566",
  "format": "[Gen 9 Champions] BSS Reg M-A",
  "players": [
    "Rei1547",
    "Meteorplayz_"
  ],
  "log": "|j|\u2606Rei1547\n|j|\u2606Meteorplayz_\n|t:|1775925216\n|gametype|singles\n|player|p1|Rei1547|caitlin|1101\n|player|p2|Meteorplayz_|winona-gen6|1092\n|gen|9\n|tier|[Gen 9 Champions] BSS Reg M-A\n|rated|\n|rule|Species Clause: Limit one of each Pok\u00e9mon\n|rule|Item Clause: Limit 1 of each item\n|clearpoke\n|poke|p1|Lopunny, L50, F|\n|poke|p1|Aegislash, L50, F|\n|poke|p1|Toxapex, L50, F|\n|poke|p1|Corviknight, L50, F|\n|poke|p1|Meowscarada, L50, F|\n|poke|p1|Gengar, L50, F|\n|poke|p2|Meowscarada, L50, F|\n|poke|p2|Milotic, L50, M|\n|poke|p2|Aegislash, L50, M|\n|poke|p2|Dragonite, L50, M|\n|poke|p2|Slowking-Galar, L50, M|\n|poke|p2|Lopunny, L50, M|\n|teampreview|3\n|inactive|Battle timer is ON: inactive players will automatically lose when time's up. (requested by Meteorplayz_)\n|\n|t:|1775925270\n|teamsize|p1|3\n|teamsize|p2|3\n|start\n|switch|p1a: Corviknight|Corviknight, L50, F, shiny|100/100\n|switch|p2a: Slowking|Slowking-Galar, L50, M|100/100\n|-ability|p1a: Corviknight|Pressure\n|turn|1\n|\n|t:|1775925283\n|move|p1a: Corviknight|U-turn|p2a: Slowking\n|-damage|p2a: Slowking|86/100\n|\n|t:|1775925286\n|switch|p1a: Meowscarada|Meowscarada, L50, F, shiny|100/100|[from] U-turn\n|move|p2a: Slowking|Future Sight|p1a: Meowscarada\n|-start|p2a: Slowking|move: Future Sight\n|\n|upkeep\n|turn|2\n|\n|t:|1775925293\n|switch|p2a: Meowscarada|Meowscarada, L50, F|100/100\n|move|p1a: Meowscarada|Knock Off|p2a: Meowscarada\n|-resisted|p2a: Meowscarada|1\n|-damage|p2a: Meowscarada|63/100\n|-enditem|p2a: Meowscarada|Choice Scarf|[from] move: Knock Off|[of] p1a: Meowscarada\n|\n|upkeep\n|turn|3\n|\n|t:|1775925304\n|move|p2a: Meowscarada|U-turn|p1a: Meowscarada\n|-start|p2a: Meowscarada|typechange|Bug|[from] ability: Protean\n|-supereffective|p1a: Meowscarada|2\n|-enditem|p1a: Meowscarada|Focus Sash\n|-damage|p1a: Meowscarada|1/100\n|\n|t:|1775925311\n|switch|p2a: Lopunny|Lopunny, L50, M|100/100|[from] U-turn\n|move|p1a: Meowscarada|Triple Axel|p2a: Lopunny\n|-crit|p2a: Lopunny\n|-damage|p2a: Lopunny|85/100\n|-damage|p2a: Lopunny|68/100\n|-damage|p2a: Lopunny|40/100\n|-hitcount|p2a: Lopunny|3\n|\n|-end|p1a: Meowscarada|move: Future Sight\n|-immune|p1a: Meowscarada\n|upkeep\n|turn|4\n|\n|t:|1775925328\n|switch|p1a: Corviknight|Corviknight, L50, F, shiny|100/100\n|-ability|p1a: Corviknight|Pressure\n|detailschange|p2a: Lopunny|Lopunny-Mega, L50, M\n|-mega|p2a: Lopunny|Lopunny|Lopunnite\n|move|p2a: Lopunny|Fake Out|p1a: Corviknight\n|-resisted|p1a: Corviknight|1\n|-damage|p1a: Corviknight|94/100\n|\n|upkeep\n|turn|5\n|\n|t:|1775925347\n|move|p2a: Lopunny|U-turn|p1a: Corviknight\n|-resisted|p1a: Corviknight|2\n|-damage|p1a: Corviknight|90/100\n|\n|t:|1775925360\n|switch|p2a: Slowking|Slowking-Galar, L50, M|100/100|[from] U-turn\n|move|p1a: Corviknight|U-turn|p2a: Slowking\n|-damage|p2a: Slowking|84/100\n|\n|t:|1775925367\n|switch|p1a: Gengar|Gengar, L50, F, shiny|100/100|[from] U-turn\n|\n|upkeep\n|turn|6\n|\n|t:|1775925374\n|detailschange|p1a: Gengar|Gengar-Mega, L50, F, shiny\n|-mega|p1a: Gengar|Gengar|Gengarite\n|move|p1a: Gengar|Will-O-Wisp|p2a: Slowking\n|-status|p2a: Slowking|brn\n|-enditem|p2a: Slowking|Lum Berry|[eat]\n|-curestatus|p2a: Slowking|brn|[msg]\n|move|p2a: Slowking|Future Sight|p1a: Gengar\n|-start|p2a: Slowking|move: Future Sight\n|\n|upkeep\n|turn|7\n|\n|t:|1775925387\n|move|p1a: Gengar|Will-O-Wisp|p2a: Slowking\n|-status|p2a: Slowking|brn\n|-prepare|p2a: Slowking|Chilly Reception|[premajor]\n|move|p2a: Slowking|Chilly Reception|p2a: Slowking\n|-weather|Snowscape\n|\n|t:|1775925390\n|switch|p2a: Meowscarada|Meowscarada, L50, F|63/100|[from] Chilly Reception\n|\n|-weather|Snowscape|[upkeep]\n|upkeep\n|turn|8\n|\n|t:|1775925400\n|move|p1a: Gengar|Protect|p1a: Gengar\n|-singleturn|p1a: Gengar|Protect\n|move|p2a: Meowscarada|Knock Off|p1a: Gengar\n|-start|p2a: Meowscarada|typechange|Dark|[from] ability: Protean\n|-activate|p1a: Gengar|move: Protect\n|\n|-weather|Snowscape|[upkeep]\n|-end|p1a: Gengar|move: Future Sight\n|-supereffective|p1a: Gengar|1\n|-damage|p1a: Gengar|2/100\n|upkeep\n|turn|9\n|\n|t:|1775925418\n|switch|p1a: Corviknight|Corviknight, L50, F, shiny|90/100\n|-ability|p1a: Corviknight|Pressure\n|move|p2a: Meowscarada|Knock Off|p1a: Corviknight\n|-damage|p1a: Corviknight|60/100\n|-enditem|p1a: Corviknight|Sitrus Berry|[from] move: Knock Off|[of] p2a: Meowscarada\n|\n|-weather|Snowscape|[upkeep]\n|upkeep\n|turn|10\n|\n|t:|1775925438\n|switch|p2a: Slowking|Slowking-Galar, L50, M|100/100 brn\n|move|p1a: Corviknight|U-turn|p2a: Slowking\n|-damage|p2a: Slowking|84/100 brn\n|\n|t:|1775925444\n|switch|p1a: Gengar|Gengar-Mega, L50, F, shiny|2/100|[from] U-turn\n|\n|-weather|Snowscape|[upkeep]\n|-damage|p2a: Slowking|78/100 brn|[from] brn\n|upkeep\n|turn|11\n|\n|t:|1775925455\n|move|p1a: Gengar|Hex|p2a: Slowking\n|-supereffective|p2a: Slowking|1\n|-damage|p2a: Slowking|0 fnt\n|faint|p2a: Slowking\n|\n|-weather|none\n|upkeep\n|\n|t:|1775925458\n|switch|p2a: Lopunny|Lopunny-Mega, L50, M|40/100\n|turn|12\n|\n|t:|1775925465\n|move|p1a: Gengar|Protect|p1a: Gengar\n|-singleturn|p1a: Gengar|Protect\n|move|p2a: Lopunny|Fake Out|p1a: Gengar\n|-activate|p1a: Gengar|move: Protect\n|\n|upkeep\n|turn|13\n|\n|t:|1775925474\n|move|p2a: Lopunny|Close Combat|p1a: Gengar\n|-resisted|p1a: Gengar|1\n|-damage|p1a: Gengar|0 fnt\n|-unboost|p2a: Lopunny|def|1\n|-unboost|p2a: Lopunny|spd|1\n|faint|p1a: Gengar\n|\n|upkeep\n|\n|t:|1775925495\n|switch|p1a: Corviknight|Corviknight, L50, F, shiny|60/100\n|-ability|p1a: Corviknight|Pressure\n|turn|14\n|\n|t:|1775925500\n|move|p2a: Lopunny|Close Combat|p1a: Corviknight\n|-damage|p1a: Corviknight|22/100\n|-unboost|p2a: Lopunny|def|1\n|-unboost|p2a: Lopunny|spd|1\n|move|p1a: Corviknight|Roost|p1a: Corviknight\n|-heal|p1a: Corviknight|72/100\n|-singleturn|p1a: Corviknight|move: Roost\n|\n|upkeep\n|turn|15\n|\n|t:|1775925510\n|move|p2a: Lopunny|U-turn|p1a: Corviknight\n|-resisted|p1a: Corviknight|2\n|-damage|p1a: Corviknight|69/100\n|\n|t:|1775925513\n|switch|p2a: Meowscarada|Meowscarada, L50, F|63/100|[from] U-turn\n|move|p1a: Corviknight|Roost|p1a: Corviknight\n|-heal|p1a: Corviknight|100/100\n|-singleturn|p1a: Corviknight|move: Roost\n|\n|upkeep\n|turn|16\n|\n|t:|1775925521\n|move|p2a: Meowscarada|Triple Axel|p1a: Corviknight\n|-start|p2a: Meowscarada|typechange|Ice|[from] ability: Protean\n|-damage|p1a: Corviknight|94/100\n|-damage|p1a: Corviknight|83/100\n|-damage|p1a: Corviknight|67/100\n|-hitcount|p1a: Corviknight|3\n|move|p1a: Corviknight|Body Press|p2a: Meowscarada\n|-supereffective|p2a: Meowscarada|1\n|-damage|p2a: Meowscarada|0 fnt\n|faint|p2a: Meowscarada\n|\n|upkeep\n|\n|t:|1775925535\n|switch|p2a: Lopunny|Lopunny-Mega, L50, M|40/100\n|turn|17\n|\n|t:|1775925539\n|move|p2a: Lopunny|Fake Out|p1a: Corviknight\n|-resisted|p1a: Corviknight|1\n|-damage|p1a: Corviknight|60/100\n|cant|p1a: Corviknight|flinch\n|\n|upkeep\n|turn|18\n|\n|t:|1775925545\n|move|p2a: Lopunny|Close Combat|p1a: Corviknight\n|-damage|p1a: Corviknight|22/100\n|-unboost|p2a: Lopunny|def|1\n|-unboost|p2a: Lopunny|spd|1\n|move|p1a: Corviknight|Body Press|p2a: Lopunny\n|-supereffective|p2a: Lopunny|1\n|-damage|p2a: Lopunny|0 fnt\n|faint|p2a: Lopunny\n|\n|win|Rei1547\n|raw|Rei1547's rating: 1101 &rarr; <strong>1125</strong><br />(+24 for winning)\n|raw|Meteorplayz_'s rating: 1092 &rarr; <strong>1069</strong><br />(-23 for losing)\n",
  "uploadtime": 1775925545,
  "views": 15,
  "formatid": "gen9championsbssregma",
  "rating": 1069,
  "private": 0,
  "password": null
}