{
  "id": "gen9championsbssregma-2581881429",
  "format": "[Gen 9 Champions] BSS Reg M-A",
  "players": [
    "Acrodude",
    "yj4q3212q"
  ],
  "log": "|j|\u2606Acrodude\n|j|\u2606yj4q3212q\n|t:|1776036330\n|gametype|singles\n|player|p1|Acrodude|170|1143\n|player|p2|yj4q3212q|hilbert-wonderlauncher|1146\n|gen|9\n|tier|[Gen 9 Champions] BSS Reg M-A\n|rated|\n|rule|Species Clause: Limit one of each Pok\u00e9mon\n|rule|Item Clause: Limit 1 of each item\n|clearpoke\n|poke|p1|Chimecho, L50, M|\n|poke|p1|Espathra, L50, F|\n|poke|p1|Basculegion, L50, M|\n|poke|p1|Armarouge, L50, M|\n|poke|p1|Gengar, L50, F|\n|poke|p1|Kingambit, L50, M|\n|poke|p2|Charizard, L50, M|\n|poke|p2|Sneasler, L50, F|\n|poke|p2|Primarina, L50, F|\n|poke|p2|Lucario, L50, M|\n|poke|p2|Garchomp, L50, M|\n|poke|p2|Meowscarada, L50, M|\n|teampreview|3\n|inactive|Battle timer is ON: inactive players will automatically lose when time's up. (requested by Acrodude)\n|\n|t:|1776036368\n|teamsize|p1|3\n|teamsize|p2|3\n|start\n|switch|p1a: Espathra|Espathra, L50, F|100/100\n|switch|p2a: Meowscarada|Meowscarada, L50, M|100/100\n|turn|1\n|\n|t:|1776036378\n|move|p1a: Espathra|Protect|p1a: Espathra\n|-singleturn|p1a: Espathra|Protect\n|move|p2a: Meowscarada|Knock Off|p1a: Espathra\n|-start|p2a: Meowscarada|typechange|Dark|[from] ability: Protean\n|-activate|p1a: Espathra|move: Protect\n|\n|-ability|p1a: Espathra|Speed Boost|boost\n|-boost|p1a: Espathra|spe|1\n|upkeep\n|turn|2\n|\n|t:|1776036384\n|move|p2a: Meowscarada|Knock Off|p1a: Espathra\n|-supereffective|p1a: Espathra|1\n|-crit|p1a: Espathra\n|-enditem|p1a: Espathra|Focus Sash\n|-damage|p1a: Espathra|1/100\n|move|p1a: Espathra|Calm Mind|p1a: Espathra\n|-boost|p1a: Espathra|spa|1\n|-boost|p1a: Espathra|spd|1\n|\n|-ability|p1a: Espathra|Speed Boost|boost\n|-boost|p1a: Espathra|spe|1\n|upkeep\n|turn|3\n|\n|t:|1776036392\n|move|p1a: Espathra|Protect|p1a: Espathra\n|-singleturn|p1a: Espathra|Protect\n|move|p2a: Meowscarada|Knock Off|p1a: Espathra\n|-activate|p1a: Espathra|move: Protect\n|\n|-ability|p1a: Espathra|Speed Boost|boost\n|-boost|p1a: Espathra|spe|1\n|upkeep\n|turn|4\n|\n|t:|1776036395\n|move|p1a: Espathra|Baton Pass|p1a: Espathra\n|\n|t:|1776036398\n|switch|p1a: Chimecho|Chimecho, L50, M|100/100|[from] Baton Pass\n|move|p2a: Meowscarada|Knock Off|p1a: Chimecho\n|-supereffective|p1a: Chimecho|1\n|-damage|p1a: Chimecho|47/100\n|\n|upkeep\n|turn|5\n|\n|t:|1776036405\n|detailschange|p1a: Chimecho|Chimecho-Mega, L50, M\n|-mega|p1a: Chimecho|Chimecho|Chimechite\n|move|p2a: Meowscarada|Knock Off|p1a: Chimecho\n|-supereffective|p1a: Chimecho|1\n|-damage|p1a: Chimecho|3/100\n|move|p1a: Chimecho|Draining Kiss|p2a: Meowscarada\n|-supereffective|p2a: Meowscarada|1\n|-damage|p2a: Meowscarada|26/100\n|-heal|p1a: Chimecho|49/100|[from] drain|[of] p2a: Meowscarada\n|\n|upkeep\n|turn|6\n|\n|t:|1776036417\n|move|p2a: Meowscarada|Knock Off|p1a: Chimecho\n|-supereffective|p1a: Chimecho|1\n|-damage|p1a: Chimecho|6/100\n|move|p1a: Chimecho|Draining Kiss|p2a: Meowscarada\n|-supereffective|p2a: Meowscarada|1\n|-damage|p2a: Meowscarada|0 fnt\n|-heal|p1a: Chimecho|22/100|[from] drain|[of] p2a: Meowscarada\n|faint|p2a: Meowscarada\n|\n|upkeep\n|\n|t:|1776036440\n|switch|p2a: Charizard|Charizard, L50, M, shiny|100/100\n|turn|7\n|\n|t:|1776036447\n|detailschange|p2a: Charizard|Charizard-Mega-Y, L50, M, shiny\n|-mega|p2a: Charizard|Charizard|Charizardite Y\n|-weather|SunnyDay|[from] ability: Drought|[of] p2a: Charizard\n|move|p1a: Chimecho|Stored Power|p2a: Charizard\n|-damage|p2a: Charizard|12/100\n|move|p2a: Charizard|Weather Ball|p1a: Chimecho\n|-supereffective|p1a: Chimecho|1\n|-damage|p1a: Chimecho|0 fnt\n|faint|p1a: Chimecho\n|\n|-weather|SunnyDay|[upkeep]\n|upkeep\n|\n|t:|1776036462\n|switch|p1a: Kingambit|Kingambit, L50, M|100/100\n|-activate|p1a: Kingambit|ability: Supreme Overlord\n|-start|p1a: Kingambit|fallen1|[silent]\n|turn|8\n|\n|t:|1776036466\n|move|p1a: Kingambit|Sucker Punch||[still]\n|-fail|p1a: Kingambit\n|move|p2a: Charizard|Roost|p2a: Charizard\n|-heal|p2a: Charizard|63/100\n|-singleturn|p2a: Charizard|move: Roost\n|\n|-weather|SunnyDay|[upkeep]\n|upkeep\n|turn|9\n|\n|t:|1776036471\n|-end|p1a: Kingambit|fallen1|[silent]\n|switch|p1a: Espathra|Espathra, L50, F|1/100\n|move|p2a: Charizard|Weather Ball|p1a: Espathra\n|-damage|p1a: Espathra|0 fnt\n|faint|p1a: Espathra\n|\n|-weather|SunnyDay|[upkeep]\n|upkeep\n|\n|t:|1776036473\n|switch|p1a: Kingambit|Kingambit, L50, M|100/100\n|-activate|p1a: Kingambit|ability: Supreme Overlord\n|-start|p1a: Kingambit|fallen2|[silent]\n|turn|10\n|\n|t:|1776036484\n|move|p1a: Kingambit|Sucker Punch|p2a: Charizard\n|-damage|p2a: Charizard|0 fnt\n|faint|p2a: Charizard\n|\n|-weather|SunnyDay|[upkeep]\n|upkeep\n|\n|t:|1776036485\n|switch|p2a: Lucario|Lucario, L50, M|100/100\n|turn|11\n|c|\u2606yj4q3212q|gg\n|\n|t:|1776036496\n|move|p1a: Kingambit|Sucker Punch|p2a: Lucario\n|-resisted|p2a: Lucario|1\n|-crit|p2a: Lucario\n|-damage|p2a: Lucario|32/100\n|move|p2a: Lucario|Close Combat|p1a: Kingambit\n|-supereffective|p1a: Kingambit|2\n|-damage|p1a: Kingambit|0 fnt\n|-unboost|p2a: Lucario|def|1\n|-unboost|p2a: Lucario|spd|1\n|faint|p1a: Kingambit\n|-end|p1a: Kingambit|fallen2|[silent]\n|\n|win|yj4q3212q\n|raw|Acrodude's rating: 1143 &rarr; <strong>1118</strong><br />(-25 for losing)\n|raw|yj4q3212q's rating: 1146 &rarr; <strong>1171</strong><br />(+25 for winning)\n",
  "uploadtime": 1776036498,
  "views": 5,
  "formatid": "gen9championsbssregma",
  "rating": 1118,
  "private": 0,
  "password": null
}