{
  "id": "gen9championsbssregma-2583285386",
  "format": "[Gen 9 Champions] BSS Reg M-A",
  "players": [
    "Shuckle-claw",
    "fletchyfletchy"
  ],
  "log": "|j|\u2606Shuckle-claw\n|j|\u2606fletchyfletchy\n|t:|1776163182\n|gametype|singles\n|player|p1|Shuckle-claw|n-masters|1169\n|player|p2|fletchyfletchy|liko|1076\n|gen|9\n|tier|[Gen 9 Champions] BSS Reg M-A\n|rated|\n|rule|Species Clause: Limit one of each Pok\u00e9mon\n|rule|Item Clause: Limit 1 of each item\n|clearpoke\n|poke|p1|Blastoise, L50, M|\n|poke|p1|Ditto, L50|\n|poke|p1|Garchomp, L50, F|\n|poke|p1|Glimmora, L50, F|\n|poke|p1|Raichu, L50, M|\n|poke|p1|Tyranitar, L50, M|\n|poke|p2|Lucario, L50, M|\n|poke|p2|Basculegion, L50, M|\n|poke|p2|Meowscarada, L50, M|\n|poke|p2|Aegislash, L50, F|\n|poke|p2|Charizard, L50, M|\n|poke|p2|Ninetales-Alola, L50, M|\n|teampreview|3\n|\n|t:|1776163223\n|teamsize|p1|3\n|teamsize|p2|3\n|start\n|switch|p1a: Glimmora|Glimmora, L50, F|100/100\n|switch|p2a: Basculegion|Basculegion, L50, M|100/100\n|turn|1\n|\n|t:|1776163261\n|move|p2a: Basculegion|Flip Turn|p1a: Glimmora\n|-supereffective|p1a: Glimmora|1\n|-damage|p1a: Glimmora|7/100\n|-activate|p1a: Glimmora|ability: Toxic Debris\n|-sidestart|p2: fletchyfletchy|move: Toxic Spikes\n|\n|t:|1776163266\n|switch|p2a: Aegislash|Aegislash, L50, F|100/100|[from] Flip Turn\n|move|p1a: Glimmora|Stealth Rock|p2a: Aegislash\n|-sidestart|p2: fletchyfletchy|move: Stealth Rock\n|\n|upkeep\n|turn|2\n|\n|t:|1776163272\n|move|p1a: Glimmora|Earth Power|p2a: Aegislash\n|-supereffective|p2a: Aegislash|1\n|-damage|p2a: Aegislash|49/100\n|-formechange|p2a: Aegislash|Aegislash-Blade|\n|move|p2a: Aegislash|Air Slash|p1a: Glimmora\n|-resisted|p1a: Glimmora|1\n|-crit|p1a: Glimmora\n|-damage|p1a: Glimmora|0 fnt\n|faint|p1a: Glimmora\n|\n|-heal|p2a: Aegislash|55/100|[from] item: Leftovers\n|upkeep\n|\n|t:|1776163290\n|switch|p1a: Blastoise|Blastoise, L50, M|100/100\n|turn|3\n|\n|t:|1776163295\n|detailschange|p1a: Blastoise|Blastoise-Mega, L50, M\n|-mega|p1a: Blastoise|Blastoise|Blastoisinite\n|-formechange|p2a: Aegislash|Aegislash|\n|move|p2a: Aegislash|King's Shield|p2a: Aegislash\n|-singleturn|p2a: Aegislash|Protect\n|move|p1a: Blastoise|Shell Smash|p1a: Blastoise\n|-unboost|p1a: Blastoise|def|1\n|-unboost|p1a: Blastoise|spd|1\n|-boost|p1a: Blastoise|atk|2\n|-boost|p1a: Blastoise|spa|2\n|-boost|p1a: Blastoise|spe|2\n|\n|-heal|p2a: Aegislash|61/100|[from] item: Leftovers\n|upkeep\n|turn|4\n|\n|t:|1776163313\n|move|p1a: Blastoise|Water Pulse|p2a: Aegislash\n|-crit|p2a: Aegislash\n|-damage|p2a: Aegislash|0 fnt\n|faint|p2a: Aegislash\n|\n|upkeep\n|\n|t:|1776163317\n|switch|p2a: Meowscarada|Meowscarada, L50, M|100/100\n|-status|p2a: Meowscarada|psn\n|-damage|p2a: Meowscarada|88/100 psn|[from] Stealth Rock\n|turn|5\n|\n|t:|1776163323\n|move|p1a: Blastoise|Ice Beam|p2a: Meowscarada\n|-supereffective|p2a: Meowscarada|1\n|-damage|p2a: Meowscarada|0 fnt\n|faint|p2a: Meowscarada\n|\n|upkeep\n|\n|t:|1776163325\n|switch|p2a: Basculegion|Basculegion, L50, M|100/100\n|-status|p2a: Basculegion|psn\n|-damage|p2a: Basculegion|88/100 psn|[from] Stealth Rock\n|turn|6\n|\n|t:|1776163328\n|move|p1a: Blastoise|Water Pulse|p2a: Basculegion\n|-resisted|p2a: Basculegion|1\n|-damage|p2a: Basculegion|33/100 psn\n|move|p2a: Basculegion|Last Respects|p1a: Blastoise\n|-damage|p1a: Blastoise|0 fnt\n|faint|p1a: Blastoise\n|\n|-damage|p2a: Basculegion|21/100 psn|[from] psn\n|upkeep\n|\n|t:|1776163331\n|switch|p1a: Ditto|Ditto, L50|100/100\n|-transform|p1a: Ditto|p2a: Basculegion|[from] ability: Imposter\n|turn|7\n|\n|t:|1776163335\n|move|p2a: Basculegion|Last Respects|p1a: Ditto\n|-supereffective|p1a: Ditto|1\n|-damage|p1a: Ditto|0 fnt\n|faint|p1a: Ditto\n|\n|win|fletchyfletchy\n|raw|Shuckle-claw's rating: 1169 &rarr; <strong>1137</strong><br />(-32 for losing)\n|raw|fletchyfletchy's rating: 1076 &rarr; <strong>1112</strong><br />(+36 for winning)\n",
  "uploadtime": 1776163336,
  "views": 7,
  "formatid": "gen9championsbssregma",
  "rating": 1112,
  "private": 0,
  "password": null
}