{
  "id": "gen9championsbssregma-2584884980",
  "format": "[Gen 9 Champions] BSS Reg M-A",
  "players": [
    "Aguwar",
    "Clown IRL"
  ],
  "log": "|j|\u2606Aguwar\n|j|\u2606Clown IRL\n|t:|1776291464\n|gametype|singles\n|player|p1|Aguwar|calem-masters|1322\n|player|p2|Clown IRL|harlequin|1332\n|gen|9\n|tier|[Gen 9 Champions] BSS Reg M-A\n|rated|\n|rule|Species Clause: Limit one of each Pok\u00e9mon\n|rule|Item Clause: Limit 1 of each item\n|clearpoke\n|poke|p1|Charizard, L50, M|\n|poke|p1|Meowscarada, L50, F|\n|poke|p1|Archaludon, L50, F|\n|poke|p1|Corviknight, L50, M|\n|poke|p1|Dragapult, L50, F|\n|poke|p1|Rotom-Wash, L50|\n|poke|p2|Starmie, L50|\n|poke|p2|Pelipper, L50, F|\n|poke|p2|Chesnaught, L50, M|\n|poke|p2|Kleavor, L50, F|\n|poke|p2|Hydreigon, L50, F|\n|poke|p2|Toxapex, L50, M|\n|teampreview|3\n|inactive|Battle timer is ON: inactive players will automatically lose when time's up. (requested by Aguwar)\n|j| nasa16bear\n|j| p74\n|\n|t:|1776291494\n|teamsize|p1|3\n|teamsize|p2|3\n|start\n|switch|p1a: F16|Dragapult, L50, F|100/100\n|switch|p2a: Hydreigon|Hydreigon, L50, F|100/100\n|turn|1\n|-activate|p2a: Hydreigon|item: Quick Claw\n|\n|t:|1776291505\n|move|p2a: Hydreigon|Dark Pulse|p1a: F16\n|-supereffective|p1a: F16|1\n|-enditem|p1a: F16|Focus Sash\n|-damage|p1a: F16|1/100\n|move|p1a: F16|Dragon Darts|p2a: Hydreigon\n|-supereffective|p2a: Hydreigon|1\n|-damage|p2a: Hydreigon|49/100\n|-anim|p1a: F16|Dragon Darts|p2a: Hydreigon\n|-supereffective|p2a: Hydreigon|1\n|-damage|p2a: Hydreigon|0 fnt\n|faint|p2a: Hydreigon\n|\n|upkeep\n|\n|t:|1776291510\n|switch|p2a: Kleavor|Kleavor, L50, F|100/100\n|turn|2\n|\n|t:|1776291515\n|move|p1a: F16|Flamethrower|p2a: Kleavor\n|-damage|p2a: Kleavor|69/100\n|move|p2a: Kleavor|Stone Axe|p1a: F16\n|-damage|p1a: F16|0 fnt\n|-sidestart|p1: Aguwar|move: Stealth Rock\n|faint|p1a: F16\n|\n|upkeep\n|\n|t:|1776291524\n|switch|p1a: Rotom|Rotom-Wash, L50|100/100\n|-damage|p1a: Rotom|88/100|[from] Stealth Rock\n|turn|3\n|c|\u2606Clown IRL|\"Who are you people?!?\"\n|\n|t:|1776291541\n|move|p1a: Rotom|Hydro Pump|p2a: Kleavor\n|-supereffective|p2a: Kleavor|1\n|-damage|p2a: Kleavor|0 fnt\n|faint|p2a: Kleavor\n|\n|upkeep\n|\n|t:|1776291543\n|switch|p2a: Chesnaught|Chesnaught, L50, M|100/100\n|turn|4\n|\n|t:|1776291547\n|detailschange|p2a: Chesnaught|Chesnaught-Mega, L50, M\n|-mega|p2a: Chesnaught|Chesnaught|Chesnaughtite\n|move|p1a: Rotom|Will-O-Wisp|p2a: Chesnaught\n|-status|p2a: Chesnaught|brn\n|move|p2a: Chesnaught|Seed Bomb|p1a: Rotom\n|-supereffective|p1a: Rotom|1\n|-damage|p1a: Rotom|40/100\n|-enditem|p1a: Rotom|Sitrus Berry|[eat]\n|-heal|p1a: Rotom|64/100|[from] item: Sitrus Berry\n|\n|-damage|p2a: Chesnaught|94/100 brn|[from] brn\n|upkeep\n|turn|5\n|\n|t:|1776291553\n|move|p1a: Rotom|Discharge|p2a: Chesnaught\n|-resisted|p2a: Chesnaught|1\n|-damage|p2a: Chesnaught|79/100 brn\n|move|p2a: Chesnaught|Seed Bomb|p1a: Rotom\n|-supereffective|p1a: Rotom|1\n|-damage|p1a: Rotom|12/100\n|\n|-damage|p2a: Chesnaught|73/100 brn|[from] brn\n|upkeep\n|turn|6\n|\n|t:|1776291558\n|move|p1a: Rotom|Hydro Pump|p2a: Chesnaught\n|-resisted|p2a: Chesnaught|1\n|-damage|p2a: Chesnaught|54/100 brn\n|move|p2a: Chesnaught|Iron Defense|p2a: Chesnaught\n|-boost|p2a: Chesnaught|def|2\n|\n|-damage|p2a: Chesnaught|48/100 brn|[from] brn\n|upkeep\n|turn|7\n|\n|t:|1776291563\n|move|p1a: Rotom|Hydro Pump|p2a: Chesnaught\n|-resisted|p2a: Chesnaught|1\n|-damage|p2a: Chesnaught|27/100 brn\n|move|p2a: Chesnaught|Synthesis|p2a: Chesnaught\n|-heal|p2a: Chesnaught|76/100 brn\n|\n|-damage|p2a: Chesnaught|70/100 brn|[from] brn\n|upkeep\n|turn|8\n|\n|t:|1776291566\n|move|p1a: Rotom|Hydro Pump|p2a: Chesnaught\n|-resisted|p2a: Chesnaught|1\n|-damage|p2a: Chesnaught|50/100 brn\n|move|p2a: Chesnaught|Synthesis|p2a: Chesnaught\n|-heal|p2a: Chesnaught|99/100 brn\n|\n|-damage|p2a: Chesnaught|94/100 brn|[from] brn\n|upkeep\n|turn|9\n|\n|t:|1776291570\n|move|p1a: Rotom|Hydro Pump|p2a: Chesnaught\n|-resisted|p2a: Chesnaught|1\n|-damage|p2a: Chesnaught|73/100 brn\n|move|p2a: Chesnaught|Body Press|p1a: Rotom\n|-damage|p1a: Rotom|0 fnt\n|faint|p1a: Rotom\n|\n|-damage|p2a: Chesnaught|67/100 brn|[from] brn\n|upkeep\n|\n|t:|1776291572\n|switch|p1a: Archaludon|Archaludon, L50, F|100/100\n|-damage|p1a: Archaludon|95/100|[from] Stealth Rock\n|turn|10\n|j| huhyuhyuhyuh\n|\n|t:|1776291575\n|move|p1a: Archaludon|Dragon Pulse|p2a: Chesnaught\n|-damage|p2a: Chesnaught|31/100 brn\n|move|p2a: Chesnaught|Body Press|p1a: Archaludon\n|-supereffective|p1a: Archaludon|1\n|-damage|p1a: Archaludon|12/100\n|-ability|p1a: Archaludon|Stamina|boost\n|-boost|p1a: Archaludon|def|1\n|\n|-heal|p1a: Archaludon|18/100|[from] item: Leftovers\n|-damage|p2a: Chesnaught|25/100 brn|[from] brn\n|upkeep\n|turn|11\n|\n|t:|1776291577\n|move|p1a: Archaludon|Dragon Pulse|p2a: Chesnaught\n|-damage|p2a: Chesnaught|0 fnt\n|faint|p2a: Chesnaught\n|\n|win|Aguwar\n|raw|Aguwar's rating: 1322 &rarr; <strong>1342</strong><br />(+20 for winning)\n|raw|Clown IRL's rating: 1316 &rarr; <strong>1296</strong><br />(-20 for losing)\n|c|\u2606Aguwar|ggs\n|c|\u2606Clown IRL|ggs\n|l|\u2606Aguwar\n|player|p1|\n|l|\u2606Clown IRL\n|player|p2|\n|l| nasa16bear\n",
  "uploadtime": 1776291637,
  "views": 3,
  "formatid": "gen9championsbssregma",
  "rating": 1296,
  "private": 0,
  "password": null
}