{
  "id": "gen9championsbssregma-2582409860",
  "format": "[Gen 9 Champions] BSS Reg M-A",
  "players": [
    "gshs5",
    "hftggu8ygviug"
  ],
  "log": "|j|\u2606gshs5\n|j|\u2606hftggu8ygviug\n|t:|1776089828\n|gametype|singles\n|player|p1|gshs5|266|1087\n|player|p2|hftggu8ygviug|2|1040\n|gen|9\n|tier|[Gen 9 Champions] BSS Reg M-A\n|rated|\n|rule|Species Clause: Limit one of each Pok\u00e9mon\n|rule|Item Clause: Limit 1 of each item\n|clearpoke\n|poke|p1|Absol, L50, M|\n|poke|p1|Gyarados, L50, M|\n|poke|p1|Garchomp, L50, M|\n|poke|p1|Zoroark-Hisui, L50, F|\n|poke|p1|Empoleon, L50, M|\n|poke|p1|Gardevoir, L50, M|\n|poke|p2|Meganium, L50, F|\n|poke|p2|Basculegion, L50, M|\n|poke|p2|Pelipper, L50, F|\n|poke|p2|Lopunny, L50, F|\n|poke|p2|Rotom-Heat, L50|\n|poke|p2|Aegislash, L50, F|\n|teampreview|3\n|\n|t:|1776089863\n|teamsize|p1|3\n|teamsize|p2|3\n|start\n|switch|p1a: Gardevoir|Gardevoir, L50, M|100/100\n|switch|p2a: Lopunny|Lopunny, L50, F|100/100\n|-ability|p1a: Gardevoir|Limber|Trace|[from] ability: Trace|[of] p2a: Lopunny\n|turn|1\n|inactive|Battle timer is ON: inactive players will automatically lose when time's up. (requested by gshs5)\n|\n|t:|1776089872\n|switch|p1a: Gyarados|Gyarados, L50, M|100/100\n|-ability|p1a: Gyarados|Intimidate|boost\n|-unboost|p2a: Lopunny|atk|1\n|detailschange|p2a: Lopunny|Lopunny-Mega, L50, F\n|-mega|p2a: Lopunny|Lopunny|Lopunnite\n|move|p2a: Lopunny|Fake Out|p1a: Gyarados\n|-damage|p1a: Gyarados|88/100\n|\n|upkeep\n|turn|2\n|\n|t:|1776089888\n|move|p2a: Lopunny|U-turn|p1a: Gyarados\n|-resisted|p1a: Gyarados|1\n|-damage|p1a: Gyarados|81/100\n|\n|t:|1776089893\n|switch|p2a: Pelipper|Pelipper, L50, F|100/100|[from] U-turn\n|-weather|RainDance|[from] ability: Drizzle|[of] p2a: Pelipper\n|move|p1a: Gyarados|Dragon Tail|p2a: Pelipper\n|-damage|p2a: Pelipper|77/100\n|drag|p2a: Basculegion|Basculegion, L50, M|100/100\n|\n|-weather|RainDance|[upkeep]\n|upkeep\n|turn|3\n|\n|t:|1776089906\n|move|p2a: Basculegion|Last Respects|p1a: Gyarados\n|-damage|p1a: Gyarados|60/100\n|move|p1a: Gyarados|Thunder Wave|p2a: Basculegion\n|-status|p2a: Basculegion|par\n|\n|-weather|RainDance|[upkeep]\n|upkeep\n|turn|4\n|\n|t:|1776089915\n|move|p2a: Basculegion|Flip Turn|p1a: Gyarados\n|-resisted|p1a: Gyarados|1\n|-damage|p1a: Gyarados|42/100\n|-enditem|p1a: Gyarados|Sitrus Berry|[eat]\n|-heal|p1a: Gyarados|67/100|[from] item: Sitrus Berry\n|\n|t:|1776089920\n|switch|p2a: Pelipper|Pelipper, L50, F|77/100|[from] Flip Turn\n|move|p1a: Gyarados|Dragon Tail|p2a: Pelipper\n|-damage|p2a: Pelipper|56/100\n|drag|p2a: Basculegion|Basculegion, L50, M|100/100 par\n|\n|-weather|RainDance|[upkeep]\n|upkeep\n|turn|5\n|\n|t:|1776089931\n|move|p2a: Basculegion|Liquidation|p1a: Gyarados\n|-resisted|p1a: Gyarados|1\n|-damage|p1a: Gyarados|43/100\n|-unboost|p1a: Gyarados|def|1\n|move|p1a: Gyarados|Waterfall|p2a: Basculegion\n|-resisted|p2a: Basculegion|1\n|-damage|p2a: Basculegion|70/100 par\n|\n|-weather|RainDance|[upkeep]\n|upkeep\n|turn|6\n|\n|t:|1776089943\n|move|p2a: Basculegion|Liquidation|p1a: Gyarados\n|-resisted|p1a: Gyarados|1\n|-damage|p1a: Gyarados|4/100\n|move|p1a: Gyarados|Dragon Tail|p2a: Basculegion\n|-damage|p2a: Basculegion|48/100 par\n|drag|p2a: Pelipper|Pelipper, L50, F|56/100\n|\n|-weather|none\n|upkeep\n|turn|7\n|\n|t:|1776089957\n|move|p2a: Pelipper|U-turn|p1a: Gyarados\n|-resisted|p1a: Gyarados|1\n|-damage|p1a: Gyarados|0 fnt\n|faint|p1a: Gyarados\n|\n|t:|1776089961\n|switch|p2a: Lopunny|Lopunny-Mega, L50, F|100/100|[from] U-turn\n|\n|upkeep\n|\n|t:|1776089980\n|switch|p1a: Garchomp|Garchomp, L50, M|100/100\n|turn|8\n|\n|t:|1776089987\n|detailschange|p1a: Garchomp|Garchomp-Mega, L50, M\n|-mega|p1a: Garchomp|Garchomp|Garchompite\n|move|p2a: Lopunny|Triple Axel|p1a: Garchomp\n|-supereffective|p1a: Garchomp|2\n|-damage|p1a: Garchomp|74/100\n|-supereffective|p1a: Garchomp|2\n|-damage|p1a: Garchomp|24/100\n|-hitcount|p1a: Garchomp|2\n|move|p1a: Garchomp|Scale Shot|p2a: Lopunny\n|-damage|p2a: Lopunny|79/100\n|-damage|p2a: Lopunny|59/100\n|-damage|p2a: Lopunny|37/100\n|-damage|p2a: Lopunny|13/100\n|-damage|p2a: Lopunny|0 fnt\n|faint|p2a: Lopunny\n|-hitcount|p2: Lopunny|5\n|-unboost|p1a: Garchomp|def|1\n|-boost|p1a: Garchomp|spe|1\n|\n|upkeep\n|\n|t:|1776090005\n|switch|p2a: Pelipper|Pelipper, L50, F|56/100\n|-weather|RainDance|[from] ability: Drizzle|[of] p2a: Pelipper\n|turn|9\n|\n|t:|1776090012\n|move|p1a: Garchomp|Stone Edge|p2a: Pelipper\n|-supereffective|p2a: Pelipper|1\n|-damage|p2a: Pelipper|0 fnt\n|faint|p2a: Pelipper\n|\n|-weather|RainDance|[upkeep]\n|upkeep\n|\n|t:|1776090018\n|switch|p2a: Basculegion|Basculegion, L50, M|48/100 par\n|turn|10\n|\n|t:|1776090021\n|move|p1a: Garchomp|Earthquake|p2a: Basculegion\n|-damage|p2a: Basculegion|0 fnt\n|faint|p2a: Basculegion\n|\n|win|gshs5\n|raw|gshs5's rating: 1087 &rarr; <strong>1110</strong><br />(+23 for winning)\n|raw|hftggu8ygviug's rating: 1040 &rarr; <strong>1026</strong><br />(-14 for losing)\n",
  "uploadtime": 1776090024,
  "views": 21,
  "formatid": "gen9championsbssregma",
  "rating": 1026,
  "private": 0,
  "password": null
}