{
  "id": "gen9championsbssregma-2583029385",
  "format": "[Gen 9 Champions] BSS Reg M-A",
  "players": [
    "coach_rogue",
    "prograstination"
  ],
  "log": "|j|\u2606coach_rogue\n|j|\u2606prograstination\n|t:|1776134800\n|gametype|singles\n|player|p1|coach_rogue|265|1232\n|player|p2|prograstination|workerice|1355\n|gen|9\n|tier|[Gen 9 Champions] BSS Reg M-A\n|rated|\n|rule|Species Clause: Limit one of each Pok\u00e9mon\n|rule|Item Clause: Limit 1 of each item\n|clearpoke\n|poke|p1|Clefable, L50, M|\n|poke|p1|Corviknight, L50, M|\n|poke|p1|Floette-Eternal, L50, F|\n|poke|p1|Tyranitar, L50, M|\n|poke|p1|Excadrill, L50, F|\n|poke|p1|Rotom-Wash, L50|\n|poke|p2|Blastoise, L50, F|\n|poke|p2|Garchomp, L50, F|\n|poke|p2|Skeledirge, L50, F|\n|poke|p2|Meowscarada, L50, M|\n|poke|p2|Sylveon, L50, M|\n|poke|p2|Scizor, L50, M|\n|teampreview|3\n|inactive|Battle timer is ON: inactive players will automatically lose when time's up. (requested by prograstination)\n|\n|t:|1776134838\n|teamsize|p1|3\n|teamsize|p2|3\n|start\n|switch|p1a: Corviknight|Corviknight, L50, M, shiny|100/100\n|switch|p2a: Garchomp|Garchomp, L50, F|100/100\n|-ability|p1a: Corviknight|Pressure\n|turn|1\n|\n|t:|1776134844\n|move|p2a: Garchomp|Stealth Rock|p1a: Corviknight\n|-sidestart|p1: coach_rogue|move: Stealth Rock\n|move|p1a: Corviknight|Bulk Up|p1a: Corviknight\n|-boost|p1a: Corviknight|atk|1\n|-boost|p1a: Corviknight|def|1\n|\n|upkeep\n|turn|2\n|\n|t:|1776134850\n|move|p1a: Corviknight|Bulk Up|p1a: Corviknight\n|-boost|p1a: Corviknight|atk|1\n|-boost|p1a: Corviknight|def|1\n|move|p2a: Garchomp|Dragon Tail|p1a: Corviknight\n|-resisted|p1a: Corviknight|1\n|-damage|p1a: Corviknight|95/100\n|drag|p1a: Rotom|Rotom-Wash, L50, shiny|100/100\n|-damage|p1a: Rotom|88/100|[from] Stealth Rock\n|\n|upkeep\n|turn|3\n|j| p74\n|\n|t:|1776134853\n|move|p2a: Garchomp|Spikes|p1a: Rotom\n|-sidestart|p1: coach_rogue|Spikes\n|move|p1a: Rotom|Will-O-Wisp|p2a: Garchomp\n|-status|p2a: Garchomp|brn\n|\n|-damage|p2a: Garchomp|94/100 brn|[from] brn\n|upkeep\n|turn|4\n|\n|t:|1776134862\n|move|p2a: Garchomp|Spikes|p1a: Rotom\n|-sidestart|p1: coach_rogue|Spikes\n|move|p1a: Rotom|Hydro Pump|p2a: Garchomp\n|-damage|p2a: Garchomp|65/100 brn\n|\n|-damage|p2a: Garchomp|59/100 brn|[from] brn\n|upkeep\n|turn|5\n|\n|t:|1776134870\n|switch|p1a: Corviknight|Corviknight, L50, M, shiny|95/100\n|-damage|p1a: Corviknight|82/100|[from] Stealth Rock\n|-ability|p1a: Corviknight|Pressure\n|move|p2a: Garchomp|Spikes|p1a: Corviknight\n|-sidestart|p1: coach_rogue|Spikes\n|\n|-damage|p2a: Garchomp|53/100 brn|[from] brn\n|upkeep\n|turn|6\n|\n|t:|1776134877\n|move|p1a: Corviknight|Body Press|p2a: Garchomp\n|-damage|p2a: Garchomp|36/100 brn\n|-damage|p1a: Corviknight|70/100|[from] ability: Rough Skin|[of] p2a: Garchomp\n|-enditem|p2a: Garchomp|Sitrus Berry|[eat]\n|-heal|p2a: Garchomp|61/100 brn|[from] item: Sitrus Berry\n|move|p2a: Garchomp|Dragon Tail|p1a: Corviknight|[miss]\n|-miss|p2a: Garchomp|p1a: Corviknight\n|\n|-damage|p2a: Garchomp|55/100 brn|[from] brn\n|upkeep\n|turn|7\n|\n|t:|1776134885\n|move|p1a: Corviknight|Body Press|p2a: Garchomp\n|-damage|p2a: Garchomp|37/100 brn\n|-damage|p1a: Corviknight|58/100|[from] ability: Rough Skin|[of] p2a: Garchomp\n|move|p2a: Garchomp|Dragon Tail|p1a: Corviknight\n|-resisted|p1a: Corviknight|1\n|-damage|p1a: Corviknight|53/100\n|drag|p1a: Rotom|Rotom-Wash, L50, shiny|88/100\n|-damage|p1a: Rotom|76/100|[from] Stealth Rock\n|\n|-damage|p2a: Garchomp|31/100 brn|[from] brn\n|upkeep\n|turn|8\n|\n|t:|1776134888\n|move|p1a: Rotom|Hydro Pump|p2a: Garchomp\n|-damage|p2a: Garchomp|2/100 brn\n|move|p2a: Garchomp|Dragon Tail|p1a: Rotom\n|-damage|p1a: Rotom|67/100\n|drag|p1a: Excadrill|Excadrill, L50, F, shiny|100/100\n|-damage|p1a: Excadrill|98/100|[from] Stealth Rock\n|-damage|p1a: Excadrill|73/100|[from] Spikes\n|\n|-damage|p2a: Garchomp|0 fnt|[from] brn\n|faint|p2a: Garchomp\n|upkeep\n|\n|t:|1776134897\n|switch|p2a: Skeledirge|Skeledirge, L50, F|100/100\n|turn|9\n|\n|t:|1776134901\n|move|p1a: Excadrill|Earthquake|p2a: Skeledirge\n|-supereffective|p2a: Skeledirge|1\n|-enditem|p2a: Skeledirge|Shuca Berry|[eat]\n|-enditem|p2a: Skeledirge|Shuca Berry|[weaken]\n|-damage|p2a: Skeledirge|56/100\n|move|p2a: Skeledirge|Yawn|p1a: Excadrill\n|-start|p1a: Excadrill|move: Yawn|[of] p2a: Skeledirge\n|\n|upkeep\n|turn|10\n|\n|t:|1776134908\n|move|p1a: Excadrill|Earthquake|p2a: Skeledirge\n|-supereffective|p2a: Skeledirge|1\n|-damage|p2a: Skeledirge|0 fnt\n|faint|p2a: Skeledirge\n|\n|-end|p1a: Excadrill|move: Yawn|[silent]\n|-status|p1a: Excadrill|slp\n|upkeep\n|\n|t:|1776134910\n|switch|p2a: Scizor|Scizor, L50, M|100/100\n|turn|11\n|\n|t:|1776134914\n|switch|p1a: Corviknight|Corviknight, L50, M, shiny|53/100\n|-damage|p1a: Corviknight|40/100|[from] Stealth Rock\n|-ability|p1a: Corviknight|Pressure\n|detailschange|p2a: Scizor|Scizor-Mega, L50, M\n|-mega|p2a: Scizor|Scizor|Scizorite\n|move|p2a: Scizor|Swords Dance|p2a: Scizor\n|-boost|p2a: Scizor|atk|2\n|\n|upkeep\n|turn|12\n|\n|t:|1776134919\n|move|p2a: Scizor|Swords Dance|p2a: Scizor\n|-boost|p2a: Scizor|atk|2\n|move|p1a: Corviknight|Roost|p1a: Corviknight\n|-heal|p1a: Corviknight|91/100\n|-singleturn|p1a: Corviknight|move: Roost\n|\n|upkeep\n|turn|13\n|\n|t:|1776134922\n|move|p2a: Scizor|Swords Dance|p2a: Scizor\n|-boost|p2a: Scizor|atk|2\n|move|p1a: Corviknight|Body Press|p2a: Scizor\n|-damage|p2a: Scizor|86/100\n|\n|upkeep\n|turn|14\n|\n|t:|1776134924\n|move|p2a: Scizor|Bullet Punch|p1a: Corviknight\n|-resisted|p1a: Corviknight|1\n|-damage|p1a: Corviknight|29/100\n|move|p1a: Corviknight|Body Press|p2a: Scizor\n|-damage|p2a: Scizor|71/100\n|\n|upkeep\n|turn|15\n|\n|t:|1776134929\n|move|p2a: Scizor|Bullet Punch|p1a: Corviknight\n|-resisted|p1a: Corviknight|1\n|-damage|p1a: Corviknight|0 fnt\n|faint|p1a: Corviknight\n|\n|upkeep\n|\n|t:|1776134931\n|switch|p1a: Rotom|Rotom-Wash, L50, shiny|67/100\n|-damage|p1a: Rotom|55/100|[from] Stealth Rock\n|turn|16\n|\n|t:|1776134934\n|move|p2a: Scizor|Bullet Punch|p1a: Rotom\n|-resisted|p1a: Rotom|2\n|-damage|p1a: Rotom|27/100\n|-enditem|p1a: Rotom|Sitrus Berry|[eat]\n|-heal|p1a: Rotom|51/100|[from] item: Sitrus Berry\n|move|p1a: Rotom|Will-O-Wisp|p2a: Scizor\n|-status|p2a: Scizor|brn\n|\n|-damage|p2a: Scizor|65/100 brn|[from] brn\n|upkeep\n|turn|17\n|\n|t:|1776134942\n|move|p1a: Rotom|Thunderbolt|p2a: Scizor\n|-damage|p2a: Scizor|34/100 brn\n|move|p2a: Scizor|Bug Bite|p1a: Rotom\n|-damage|p1a: Rotom|0 fnt\n|faint|p1a: Rotom\n|\n|-damage|p2a: Scizor|28/100 brn|[from] brn\n|upkeep\n|\n|t:|1776134949\n|switch|p1a: Excadrill|Excadrill, L50, F, shiny|73/100 slp\n|-damage|p1a: Excadrill|71/100 slp|[from] Stealth Rock\n|-damage|p1a: Excadrill|46/100 slp|[from] Spikes\n|turn|18\n|\n|t:|1776134953\n|move|p2a: Scizor|Bullet Punch|p1a: Excadrill\n|-resisted|p1a: Excadrill|1\n|-damage|p1a: Excadrill|0 fnt\n|faint|p1a: Excadrill\n|\n|win|prograstination\n|raw|coach_rogue's rating: 1232 &rarr; <strong>1215</strong><br />(-17 for losing)\n|raw|prograstination's rating: 1355 &rarr; <strong>1368</strong><br />(+13 for winning)\n|l|\u2606prograstination\n|player|p2|\n|l|\u2606coach_rogue\n|player|p1|\n",
  "uploadtime": 1776135143,
  "views": 2,
  "formatid": "gen9championsbssregma",
  "rating": 1215,
  "private": 0,
  "password": null
}