{
  "id": "gen9championsbssregma-2586754815",
  "format": "[Gen 9 Champions] BSS Reg M-A",
  "players": [
    "AshPikachuu",
    "mcls-15"
  ],
  "log": "|j|\u2606AshPikachuu\n|j|\u2606mcls-15\n|inactive|Battle timer is ON: inactive players will automatically lose when time's up.\n|t:|1776457312\n|gametype|singles\n|player|p1|AshPikachuu|hugh|\n|player|p2|mcls-15|266|\n|gen|9\n|tier|[Gen 9 Champions] BSS Reg M-A\n|rated|Tournament battle\n|rule|Species Clause: Limit one of each Pok\u00e9mon\n|rule|Item Clause: Limit 1 of each item\n|clearpoke\n|poke|p1|Tinkaton, L50, F|\n|poke|p1|Starmie, L50|\n|poke|p1|Mimikyu, L50, F|\n|poke|p1|Corviknight, L50, M|\n|poke|p1|Lopunny, L50, F|\n|poke|p1|Typhlosion-Hisui, L50, F|\n|poke|p2|Archaludon, L50, F|\n|poke|p2|Palafin, L50, M|\n|poke|p2|Starmie, L50|\n|poke|p2|Pelipper, L50, F|\n|poke|p2|Basculegion-F, L50, F|\n|poke|p2|Garchomp, L50, M|\n|teampreview|3\n|j| BB-8-NU\n|inactive|AshPikachuu also wants the timer to be on.\n|j|*Lady Monita \n|\n|t:|1776457323\n|teamsize|p1|3\n|teamsize|p2|3\n|start\n|switch|p1a: Tinkaton|Tinkaton, L50, F|100/100\n|switch|p2a: Palafin|Palafin, L50, M|100/100\n|-ability|p1a: Tinkaton|Mold Breaker\n|turn|1\n|\n|t:|1776457331\n|move|p2a: Palafin|Flip Turn|p1a: Tinkaton\n|-damage|p1a: Tinkaton|69/100\n|\n|t:|1776457333\n|detailschange|p2a: Palafin|Palafin-Hero, L50, M\n|switch|p2a: Pelipper|Pelipper, L50, F|100/100|[from] Flip Turn\n|-weather|RainDance|[from] ability: Drizzle|[of] p2a: Pelipper\n|move|p1a: Tinkaton|Thunder Wave|p2a: Pelipper\n|-status|p2a: Pelipper|par\n|\n|-weather|RainDance|[upkeep]\n|upkeep\n|turn|2\n|\n|t:|1776457353\n|move|p1a: Tinkaton|Stealth Rock|p2a: Pelipper\n|-sidestart|p2: mcls-15|move: Stealth Rock\n|cant|p2a: Pelipper|par\n|\n|-weather|RainDance|[upkeep]\n|upkeep\n|turn|3\n|\n|t:|1776457363\n|move|p1a: Tinkaton|Gigaton Hammer|p2a: Pelipper\n|-resisted|p2a: Pelipper|1\n|-damage|p2a: Pelipper|79/100 par\n|cant|p2a: Pelipper|par\n|\n|-weather|RainDance|[upkeep]\n|upkeep\n|turn|4\n|\n|t:|1776457372\n|switch|p1a: Corviknight|Corviknight, L50, M|100/100\n|-ability|p1a: Corviknight|Pressure\n|move|p2a: Pelipper|Weather Ball|p1a: Corviknight\n|-damage|p1a: Corviknight|50/100\n|\n|-weather|RainDance|[upkeep]\n|-heal|p1a: Corviknight|56/100|[from] item: Leftovers\n|upkeep\n|turn|5\n|inactive|mcls-15 has 30 seconds left.\n|\n|t:|1776457404\n|move|p1a: Corviknight|Brave Bird|p2a: Pelipper\n|-damage|p2a: Pelipper|41/100 par\n|-damage|p1a: Corviknight|46/100|[from] Recoil\n|cant|p2a: Pelipper|par\n|\n|-weather|none\n|-heal|p1a: Corviknight|52/100|[from] item: Leftovers\n|upkeep\n|turn|6\n|\n|t:|1776457417\n|switch|p2a: Palafin|Palafin-Hero, L50, M|100/100\n|-damage|p2a: Palafin|88/100|[from] Stealth Rock\n|-activate|p2a: Palafin|ability: Zero to Hero\n|move|p1a: Corviknight|Brave Bird|p2a: Palafin\n|-damage|p2a: Palafin|50/100\n|-damage|p1a: Corviknight|41/100|[from] Recoil\n|\n|-heal|p1a: Corviknight|47/100|[from] item: Leftovers\n|upkeep\n|turn|7\n|\n|t:|1776457431\n|move|p2a: Palafin|Wave Crash|p1a: Corviknight\n|-damage|p1a: Corviknight|0 fnt\n|faint|p1a: Corviknight\n|-damage|p2a: Palafin|33/100|[from] Recoil\n|\n|upkeep\n|j| CascabelGB\n|\n|t:|1776457437\n|switch|p1a: Tinkaton|Tinkaton, L50, F|69/100\n|-ability|p1a: Tinkaton|Mold Breaker\n|turn|8\n|\n|t:|1776457449\n|move|p2a: Palafin|Flip Turn|p1a: Tinkaton\n|-damage|p1a: Tinkaton|20/100\n|\n|t:|1776457451\n|switch|p2a: Pelipper|Pelipper, L50, F|41/100 par|[from] Flip Turn\n|-damage|p2a: Pelipper|17/100 par|[from] Stealth Rock\n|-weather|RainDance|[from] ability: Drizzle|[of] p2a: Pelipper\n|move|p1a: Tinkaton|Gigaton Hammer|p2a: Pelipper\n|-resisted|p2a: Pelipper|1\n|-damage|p2a: Pelipper|0 fnt\n|faint|p2a: Pelipper\n|\n|-weather|RainDance|[upkeep]\n|upkeep\n|\n|t:|1776457453\n|switch|p2a: Palafin|Palafin-Hero, L50, M|33/100\n|-damage|p2a: Palafin|20/100|[from] Stealth Rock\n|turn|9\n|l| CascabelGB\n|\n|t:|1776457475\n|switch|p1a: Starmie|Starmie, L50|100/100\n|move|p2a: Palafin|Jet Punch|p1a: Starmie\n|-resisted|p1a: Starmie|1\n|-damage|p1a: Starmie|63/100\n|\n|-weather|RainDance|[upkeep]\n|upkeep\n|turn|10\n|inactive|AshPikachuu has 30 seconds left.\n|\n|t:|1776457502\n|detailschange|p1a: Starmie|Starmie-Mega, L50\n|-mega|p1a: Starmie|Starmie|Starminite\n|move|p2a: Palafin|Jet Punch|p1a: Starmie\n|-resisted|p1a: Starmie|1\n|-damage|p1a: Starmie|27/100\n|move|p1a: Starmie|Liquidation|p2a: Palafin\n|-resisted|p2a: Palafin|1\n|-damage|p2a: Palafin|0 fnt\n|faint|p2a: Palafin\n|\n|-weather|RainDance|[upkeep]\n|upkeep\n|\n|t:|1776457514\n|switch|p2a: Starmie|Starmie, L50|100/100\n|-damage|p2a: Starmie|88/100|[from] Stealth Rock\n|turn|11\n|\n|t:|1776457533\n|detailschange|p2a: Starmie|Starmie-Mega, L50\n|-mega|p2a: Starmie|Starmie|Starminite\n|move|p2a: Starmie|Aqua Jet|p1a: Starmie\n|-resisted|p1a: Starmie|1\n|-damage|p1a: Starmie|8/100\n|move|p1a: Starmie|Recover|p1a: Starmie\n|-heal|p1a: Starmie|58/100\n|\n|-weather|RainDance|[upkeep]\n|upkeep\n|turn|12\n|\n|t:|1776457542\n|move|p1a: Starmie|Rapid Spin|p2a: Starmie\n|-damage|p2a: Starmie|57/100\n|-boost|p1a: Starmie|spe|1\n|move|p2a: Starmie|Liquidation|p1a: Starmie\n|-resisted|p1a: Starmie|1\n|-damage|p1a: Starmie|15/100\n|\n|-weather|none\n|upkeep\n|turn|13\n|\n|t:|1776457551\n|move|p2a: Starmie|Aqua Jet|p1a: Starmie\n|-resisted|p1a: Starmie|1\n|-damage|p1a: Starmie|0 fnt\n|faint|p1a: Starmie\n|\n|upkeep\n|\n|t:|1776457555\n|switch|p1a: Tinkaton|Tinkaton, L50, F|20/100\n|-ability|p1a: Tinkaton|Mold Breaker\n|turn|14\n|\n|t:|1776457560\n|move|p2a: Starmie|Liquidation|p1a: Tinkaton\n|-damage|p1a: Tinkaton|0 fnt\n|faint|p1a: Tinkaton\n|\n|win|mcls-15\n|n|\u2606AshPikachuu|ashpikachuu\n|n|\u2606mcls-15|mcls15\n|n| BB-8-NU|bb8nu\n|n|*Lady Monita |ladymonita\n|l|*Lady Monita \n",
  "uploadtime": 1776457560,
  "views": 9,
  "formatid": "gen9championsbssregma",
  "rating": null,
  "private": 0,
  "password": null
}