{
  "id": "gen9championsbssregma-2580537733",
  "format": "[Gen 9 Champions] BSS Reg M-A",
  "players": [
    "dgvewe",
    "a swift knock off"
  ],
  "log": "|j|\u2606dgvewe\n|j|\u2606a swift knock off\n|t:|1775910315\n|gametype|singles\n|player|p1|dgvewe|fisherman-gen4|1124\n|player|p2|a swift knock off|guitarist|1040\n|gen|9\n|tier|[Gen 9 Champions] BSS Reg M-A\n|rated|\n|rule|Species Clause: Limit one of each Pok\u00e9mon\n|rule|Item Clause: Limit 1 of each item\n|clearpoke\n|poke|p1|Hatterene, L50, F|\n|poke|p1|Golurk, L50|\n|poke|p1|Oranguru, L50, M|\n|poke|p1|Venusaur, L50, M|\n|poke|p1|Snorlax, L50, F|\n|poke|p1|Milotic, L50, F|\n|poke|p2|Gengar, L50, F|\n|poke|p2|Greninja-*, L50, M|\n|poke|p2|Corviknight, L50, M|\n|poke|p2|Meowscarada, L50, M|\n|poke|p2|Manectric, L50, M|\n|poke|p2|Garchomp, L50, M|\n|teampreview|3\n|inactive|Battle timer is ON: inactive players will automatically lose when time's up. (requested by dgvewe)\n|\n|t:|1775910390\n|teamsize|p1|3\n|teamsize|p2|3\n|start\n|switch|p1a: Hatterene|Hatterene, L50, F|100/100\n|switch|p2a: Gengar|Gengar, L50, F|100/100\n|turn|1\n|\n|t:|1775910400\n|detailschange|p2a: Gengar|Gengar-Mega, L50, F\n|-mega|p2a: Gengar|Gengar|Gengarite\n|move|p2a: Gengar|Shadow Ball|p1a: Hatterene\n|-supereffective|p1a: Hatterene|1\n|-enditem|p1a: Hatterene|Focus Sash\n|-damage|p1a: Hatterene|1/100\n|move|p1a: Hatterene|Trick Room|p1a: Hatterene\n|-fieldstart|move: Trick Room|[of] p1a: Hatterene\n|\n|upkeep\n|turn|2\n|\n|t:|1775910412\n|switch|p2a: Corviknight|Corviknight, L50, M|100/100\n|move|p1a: Hatterene|Psychic|p2a: Corviknight\n|-resisted|p2a: Corviknight|1\n|-damage|p2a: Corviknight|74/100\n|\n|-heal|p2a: Corviknight|80/100|[from] item: Leftovers\n|upkeep\n|turn|3\n|\n|t:|1775910419\n|move|p1a: Hatterene|Misty Explosion|p2a: Corviknight\n|-resisted|p2a: Corviknight|1\n|-damage|p2a: Corviknight|49/100\n|faint|p1a: Hatterene\n|move|p2a: Corviknight|Roost|p2a: Corviknight\n|-heal|p2a: Corviknight|99/100\n|-singleturn|p2a: Corviknight|move: Roost\n|\n|-heal|p2a: Corviknight|100/100|[from] item: Leftovers\n|upkeep\n|\n|t:|1775910428\n|switch|p1a: Golurk|Golurk, L50|100/100\n|turn|4\n|\n|t:|1775910436\n|detailschange|p1a: Golurk|Golurk-Mega, L50\n|-mega|p1a: Golurk|Golurk|Golurkite\n|move|p1a: Golurk|Shadow Punch|p2a: Corviknight\n|-damage|p2a: Corviknight|78/100\n|move|p2a: Corviknight|U-turn|p1a: Golurk\n|-resisted|p1a: Golurk|1\n|-damage|p1a: Golurk|94/100\n|\n|t:|1775910443\n|switch|p2a: Garchomp|Garchomp, L50, M|100/100|[from] U-turn\n|\n|upkeep\n|turn|5\n|\n|t:|1775910447\n|move|p1a: Golurk|Ice Punch|p2a: Garchomp\n|-supereffective|p2a: Garchomp|2\n|-damage|p2a: Garchomp|0 fnt\n|-damage|p1a: Golurk|82/100|[from] ability: Rough Skin|[of] p2a: Garchomp\n|faint|p2a: Garchomp\n|\n|-fieldend|move: Trick Room\n|upkeep\n|\n|t:|1775910453\n|switch|p2a: Gengar|Gengar-Mega, L50, F|100/100\n|turn|6\n|\n|t:|1775910459\n|switch|p1a: Oranguru|Oranguru, L50, M|100/100\n|move|p2a: Gengar|Shadow Ball|p1a: Oranguru\n|-immune|p1a: Oranguru\n|\n|upkeep\n|turn|7\n|\n|t:|1775910465\n|move|p2a: Gengar|Taunt|p1a: Oranguru\n|-start|p1a: Oranguru|move: Taunt\n|cant|p1a: Oranguru|move: Taunt|Trick Room\n|\n|upkeep\n|turn|8\n|\n|t:|1775910471\n|switch|p2a: Corviknight|Corviknight, L50, M|78/100\n|move|p1a: Oranguru|Psychic|p2a: Corviknight\n|-resisted|p2a: Corviknight|1\n|-damage|p2a: Corviknight|65/100\n|\n|-heal|p2a: Corviknight|71/100|[from] item: Leftovers\n|upkeep\n|turn|9\n|\n|t:|1775910479\n|switch|p1a: Golurk|Golurk-Mega, L50|82/100\n|move|p2a: Corviknight|U-turn|p1a: Golurk\n|-resisted|p1a: Golurk|1\n|-damage|p1a: Golurk|76/100\n|\n|t:|1775910483\n|switch|p2a: Gengar|Gengar-Mega, L50, F|100/100|[from] U-turn\n|\n|upkeep\n|turn|10\n|\n|t:|1775910489\n|move|p1a: Golurk|Protect|p1a: Golurk\n|-singleturn|p1a: Golurk|Protect\n|move|p2a: Gengar|Nasty Plot|p2a: Gengar\n|-boost|p2a: Gengar|spa|2\n|\n|upkeep\n|turn|11\n|\n|t:|1775910496\n|switch|p1a: Oranguru|Oranguru, L50, M|100/100\n|move|p2a: Gengar|Shadow Ball|p1a: Oranguru\n|-immune|p1a: Oranguru\n|\n|upkeep\n|turn|12\n|\n|t:|1775910502\n|move|p1a: Oranguru|Protect|p1a: Oranguru\n|-singleturn|p1a: Oranguru|Protect\n|move|p2a: Gengar|Dazzling Gleam|p1a: Oranguru\n|-activate|p1a: Oranguru|move: Protect\n|\n|upkeep\n|turn|13\n|\n|t:|1775910507\n|move|p2a: Gengar|Taunt|p1a: Oranguru\n|-start|p1a: Oranguru|move: Taunt\n|cant|p1a: Oranguru|move: Taunt|Trick Room\n|\n|upkeep\n|turn|14\n|\n|t:|1775910512\n|move|p2a: Gengar|Dazzling Gleam|p1a: Oranguru\n|-damage|p1a: Oranguru|57/100\n|move|p1a: Oranguru|Psychic|p2a: Gengar\n|-supereffective|p2a: Gengar|1\n|-damage|p2a: Gengar|23/100\n|-unboost|p2a: Gengar|spd|1\n|\n|-heal|p1a: Oranguru|63/100|[from] item: Leftovers\n|upkeep\n|turn|15\n|\n|t:|1775910525\n|move|p2a: Gengar|Dazzling Gleam|p1a: Oranguru\n|-damage|p1a: Oranguru|22/100\n|move|p1a: Oranguru|Psychic|p2a: Gengar\n|-supereffective|p2a: Gengar|1\n|-crit|p2a: Gengar\n|-damage|p2a: Gengar|0 fnt\n|faint|p2a: Gengar\n|\n|-heal|p1a: Oranguru|28/100|[from] item: Leftovers\n|-end|p1a: Oranguru|move: Taunt\n|upkeep\n|\n|t:|1775910528\n|switch|p2a: Corviknight|Corviknight, L50, M|71/100\n|turn|16\n|\n|t:|1775910536\n|move|p1a: Oranguru|Protect|p1a: Oranguru\n|-singleturn|p1a: Oranguru|Protect\n|move|p2a: Corviknight|Brave Bird|p1a: Oranguru\n|-activate|p1a: Oranguru|move: Protect\n|\n|-heal|p2a: Corviknight|77/100|[from] item: Leftovers\n|-heal|p1a: Oranguru|35/100|[from] item: Leftovers\n|upkeep\n|turn|17\n|\n|t:|1775910545\n|move|p2a: Corviknight|Brave Bird|p1a: Oranguru\n|-damage|p1a: Oranguru|0 fnt\n|faint|p1a: Oranguru\n|-damage|p2a: Corviknight|66/100|[from] Recoil\n|\n|-heal|p2a: Corviknight|72/100|[from] item: Leftovers\n|upkeep\n|\n|t:|1775910551\n|switch|p1a: Golurk|Golurk-Mega, L50|76/100\n|turn|18\n|\n|t:|1775910556\n|move|p2a: Corviknight|Roost|p2a: Corviknight\n|-heal|p2a: Corviknight|100/100\n|-singleturn|p2a: Corviknight|move: Roost\n|move|p1a: Golurk|Shadow Punch|p2a: Corviknight\n|-damage|p2a: Corviknight|79/100\n|\n|-heal|p2a: Corviknight|84/100|[from] item: Leftovers\n|upkeep\n|turn|19\n|\n|t:|1775910564\n|move|p2a: Corviknight|Brave Bird|p1a: Golurk\n|-damage|p1a: Golurk|45/100\n|-damage|p2a: Corviknight|75/100|[from] Recoil\n|move|p1a: Golurk|Shadow Punch|p2a: Corviknight\n|-damage|p2a: Corviknight|51/100\n|\n|-heal|p2a: Corviknight|57/100|[from] item: Leftovers\n|upkeep\n|turn|20\n|\n|t:|1775910576\n|move|p2a: Corviknight|Brave Bird|p1a: Golurk\n|-damage|p1a: Golurk|13/100\n|-damage|p2a: Corviknight|46/100|[from] Recoil\n|move|p1a: Golurk|Earthquake|p2a: Corviknight\n|-immune|p2a: Corviknight\n|\n|-heal|p2a: Corviknight|52/100|[from] item: Leftovers\n|upkeep\n|turn|21\n|\n|t:|1775910583\n|move|p1a: Golurk|Protect|p1a: Golurk\n|-singleturn|p1a: Golurk|Protect\n|move|p2a: Corviknight|Brave Bird|p1a: Golurk\n|-activate|p1a: Golurk|move: Protect\n|\n|-heal|p2a: Corviknight|58/100|[from] item: Leftovers\n|upkeep\n|turn|22\n|\n|t:|1775910591\n|move|p2a: Corviknight|Brave Bird|p1a: Golurk\n|-damage|p1a: Golurk|0 fnt\n|faint|p1a: Golurk\n|-damage|p2a: Corviknight|54/100|[from] Recoil\n|\n|win|a swift knock off\n|raw|dgvewe's rating: 1124 &rarr; <strong>1093</strong><br />(-31 for losing)\n|raw|a swift knock off's rating: 1040 &rarr; <strong>1082</strong><br />(+42 for winning)\n",
  "uploadtime": 1775910600,
  "views": 24,
  "formatid": "gen9championsbssregma",
  "rating": 1082,
  "private": 0,
  "password": null
}