{
  "id": "gen9championsbssregma-2585127770",
  "format": "[Gen 9 Champions] BSS Reg M-A",
  "players": [
    "kyotoyoko",
    "tikpen"
  ],
  "log": "|j|\u2606kyotoyoko\n|j|\u2606tikpen\n|t:|1776315049\n|gametype|singles\n|player|p1|kyotoyoko|caitlin|1306\n|player|p2|tikpen|2|1424\n|gen|9\n|tier|[Gen 9 Champions] BSS Reg M-A\n|rated|\n|rule|Species Clause: Limit one of each Pok\u00e9mon\n|rule|Item Clause: Limit 1 of each item\n|clearpoke\n|poke|p1|Hatterene, L50, F|\n|poke|p1|Charizard, L50, F|\n|poke|p1|Mimikyu, L50, F|\n|poke|p1|Gyarados, L50, F|\n|poke|p1|Rotom-Wash, L50|\n|poke|p1|Kingambit, L50, F|\n|poke|p2|Delphox, L50, F|\n|poke|p2|Kingambit, L50, F|\n|poke|p2|Greninja-*, L50, F|\n|poke|p2|Archaludon, L50, M|\n|poke|p2|Scizor, L50, M|\n|poke|p2|Venusaur, L50, M|\n|teampreview|3\n|inactive|Battle timer is ON: inactive players will automatically lose when time's up. (requested by kyotoyoko)\n|j| huhyuhyuhyuh\n|\n|t:|1776315109\n|teamsize|p1|3\n|teamsize|p2|3\n|start\n|switch|p1a: Rotom|Rotom-Wash, L50|100/100\n|switch|p2a: Archaludon|Archaludon, L50, M|100/100\n|turn|1\n|\n|t:|1776315118\n|switch|p1a: Hatterene|Hatterene, L50, F, shiny|100/100\n|move|p2a: Archaludon|Stealth Rock|p1a: Hatterene\n|move|p1a: Hatterene|Stealth Rock|p2a: Archaludon|[from] ability: Magic Bounce\n|-sidestart|p2: tikpen|move: Stealth Rock\n|\n|upkeep\n|turn|2\n|\n|t:|1776315131\n|switch|p1a: Rotom|Rotom-Wash, L50|100/100\n|move|p2a: Archaludon|Flash Cannon|p1a: Rotom\n|-resisted|p1a: Rotom|2\n|-damage|p1a: Rotom|94/100\n|\n|-heal|p1a: Rotom|99/100|[from] item: Leftovers\n|upkeep\n|turn|3\n|j| p74\n|\n|t:|1776315142\n|move|p1a: Rotom|Nasty Plot|p1a: Rotom\n|-boost|p1a: Rotom|spa|2\n|move|p2a: Archaludon|Dragon Tail|p1a: Rotom\n|-damage|p1a: Rotom|77/100\n|drag|p1a: Hatterene|Hatterene, L50, F, shiny|100/100\n|\n|upkeep\n|turn|4\n|\n|t:|1776315156\n|move|p2a: Archaludon|Flash Cannon|p1a: Hatterene\n|-supereffective|p1a: Hatterene|1\n|-damage|p1a: Hatterene|26/100\n|-enditem|p1a: Hatterene|Sitrus Berry|[eat]\n|-heal|p1a: Hatterene|51/100|[from] item: Sitrus Berry\n|move|p1a: Hatterene|Dazzling Gleam|p2a: Archaludon\n|-damage|p2a: Archaludon|69/100\n|-ability|p2a: Archaludon|Stamina|boost\n|-boost|p2a: Archaludon|def|1\n|\n|-heal|p2a: Archaludon|75/100|[from] item: Leftovers\n|upkeep\n|turn|5\n|\n|t:|1776315168\n|switch|p1a: Rotom|Rotom-Wash, L50|77/100\n|move|p2a: Archaludon|Flash Cannon|p1a: Rotom\n|-resisted|p1a: Rotom|2\n|-damage|p1a: Rotom|69/100\n|\n|-heal|p1a: Rotom|75/100|[from] item: Leftovers\n|-heal|p2a: Archaludon|81/100|[from] item: Leftovers\n|upkeep\n|turn|6\n|\n|t:|1776315177\n|move|p1a: Rotom|Thunderbolt|p2a: Archaludon\n|-resisted|p2a: Archaludon|1\n|-damage|p2a: Archaludon|68/100\n|-status|p2a: Archaludon|par\n|-ability|p2a: Archaludon|Stamina|boost\n|-boost|p2a: Archaludon|def|1\n|move|p2a: Archaludon|Dragon Tail|p1a: Rotom\n|-damage|p1a: Rotom|54/100\n|drag|p1a: Charizard|Charizard, L50, F|100/100\n|\n|-heal|p2a: Archaludon|74/100 par|[from] item: Leftovers\n|upkeep\n|turn|7\n|\n|t:|1776315191\n|move|p1a: Charizard|Swords Dance|p1a: Charizard\n|-boost|p1a: Charizard|atk|2\n|cant|p2a: Archaludon|par\n|\n|-heal|p2a: Archaludon|80/100 par|[from] item: Leftovers\n|upkeep\n|turn|8\n|\n|t:|1776315199\n|move|p1a: Charizard|Swords Dance|p1a: Charizard\n|-boost|p1a: Charizard|atk|2\n|move|p2a: Archaludon|Dragon Tail|p1a: Charizard\n|-crit|p1a: Charizard\n|-damage|p1a: Charizard|62/100\n|drag|p1a: Hatterene|Hatterene, L50, F, shiny|51/100\n|\n|-heal|p2a: Archaludon|86/100 par|[from] item: Leftovers\n|upkeep\n|turn|9\n|-message|kyotoyoko forfeited.\n|\n|win|tikpen\n|raw|kyotoyoko's rating: 1306 &rarr; <strong>1293</strong><br />(-13 for losing)\n|raw|tikpen's rating: 1424 &rarr; <strong>1437</strong><br />(+13 for winning)\n|l|\u2606kyotoyoko\n|player|p1|\n|l|\u2606tikpen\n|player|p2|\n",
  "uploadtime": 1776315243,
  "views": 3,
  "formatid": "gen9championsbssregma",
  "rating": 1293,
  "private": 0,
  "password": null
}