{
  "id": "gen9championsbssregma-2580859074",
  "format": "[Gen 9 Champions] BSS Reg M-A",
  "players": [
    "Meteorplayz_",
    "toytoyko"
  ],
  "log": "|j|\u2606Meteorplayz_\n|j|\u2606toytoyko\n|t:|1775938331\n|gametype|singles\n|player|p1|Meteorplayz_|winona-gen6|1161\n|player|p2|toytoyko|102|1140\n|gen|9\n|tier|[Gen 9 Champions] BSS Reg M-A\n|rated|\n|rule|Species Clause: Limit one of each Pok\u00e9mon\n|rule|Item Clause: Limit 1 of each item\n|clearpoke\n|poke|p1|Meowscarada, L50, M|\n|poke|p1|Milotic, L50, F|\n|poke|p1|Aegislash, L50, F|\n|poke|p1|Dragonite, L50, F|\n|poke|p1|Slowking-Galar, L50, M|\n|poke|p1|Lopunny, L50, F|\n|poke|p2|Victreebel, L50, M|\n|poke|p2|Toxapex, L50, F|\n|poke|p2|Clefable, L50, M|\n|poke|p2|Kingambit, L50, M|\n|poke|p2|Basculegion, L50, M|\n|poke|p2|Mimikyu, L50, M|\n|teampreview|3\n|\n|t:|1775938347\n|teamsize|p1|3\n|teamsize|p2|3\n|start\n|switch|p1a: Aegislash|Aegislash, L50, F|100/100\n|switch|p2a: Victreebel|Victreebel, L50, M|100/100\n|turn|1\n|\n|t:|1775938360\n|detailschange|p2a: Victreebel|Victreebel-Mega, L50, M\n|-mega|p2a: Victreebel|Victreebel|Victreebelite\n|move|p2a: Victreebel|Strength Sap|p1a: Aegislash\n|-unboost|p1a: Aegislash|atk|1\n|move|p1a: Aegislash|Swords Dance|p1a: Aegislash\n|-boost|p1a: Aegislash|atk|2\n|\n|upkeep\n|turn|2\n|\n|t:|1775938373\n|move|p2a: Victreebel|Strength Sap|p1a: Aegislash\n|-unboost|p1a: Aegislash|atk|1\n|move|p1a: Aegislash|Swords Dance|p1a: Aegislash\n|-boost|p1a: Aegislash|atk|2\n|\n|upkeep\n|turn|3\n|\n|t:|1775938383\n|move|p2a: Victreebel|Sucker Punch|p1a: Aegislash\n|-supereffective|p1a: Aegislash|1\n|-damage|p1a: Aegislash|67/100\n|-formechange|p1a: Aegislash|Aegislash-Blade|\n|move|p1a: Aegislash|Poltergeist|p2a: Victreebel\n|-activate|p2a: Victreebel|move: Poltergeist|Victreebelite\n|-damage|p2a: Victreebel|0 fnt\n|-damage|p1a: Aegislash|0 fnt|[from] ability: Innards Out|[of] p2a: Victreebel\n|faint|p2a: Victreebel\n|faint|p1a: Aegislash\n|\n|upkeep\n|\n|t:|1775938394\n|switch|p2a: Kingambit|Kingambit, L50, M|100/100\n|switch|p1a: Slowking|Slowking-Galar, L50, M|100/100\n|-activate|p2a: Kingambit|ability: Supreme Overlord\n|-start|p2a: Kingambit|fallen1|[silent]\n|turn|4\n|\n|t:|1775938404\n|move|p2a: Kingambit|Kowtow Cleave|p1a: Slowking\n|-supereffective|p1a: Slowking|1\n|-damage|p1a: Slowking|0 fnt\n|faint|p1a: Slowking\n|\n|upkeep\n|\n|t:|1775938408\n|switch|p1a: Lopunny|Lopunny, L50, F|100/100\n|turn|5\n|\n|t:|1775938418\n|detailschange|p1a: Lopunny|Lopunny-Mega, L50, F\n|-mega|p1a: Lopunny|Lopunny|Lopunnite\n|move|p1a: Lopunny|Fake Out|p2a: Kingambit\n|-resisted|p2a: Kingambit|1\n|-damage|p2a: Kingambit|91/100\n|cant|p2a: Kingambit|flinch\n|\n|upkeep\n|turn|6\n|\n|t:|1775938423\n|move|p2a: Kingambit|Sucker Punch|p1a: Lopunny\n|-resisted|p1a: Lopunny|1\n|-damage|p1a: Lopunny|64/100\n|move|p1a: Lopunny|Close Combat|p2a: Kingambit\n|-supereffective|p2a: Kingambit|2\n|-damage|p2a: Kingambit|0 fnt\n|-unboost|p1a: Lopunny|def|1\n|-unboost|p1a: Lopunny|spd|1\n|faint|p2a: Kingambit\n|-end|p2a: Kingambit|fallen1|[silent]\n|\n|upkeep\n|\n|t:|1775938428\n|switch|p2a: Basculegion|Basculegion, L50, M|100/100\n|turn|7\n|\n|t:|1775938433\n|move|p1a: Lopunny|Close Combat|p2a: Basculegion\n|-damage|p2a: Basculegion|23/100\n|-unboost|p1a: Lopunny|def|1\n|-unboost|p1a: Lopunny|spd|1\n|move|p2a: Basculegion|Wave Crash|p1a: Lopunny\n|-damage|p1a: Lopunny|0 fnt\n|faint|p1a: Lopunny\n|-damage|p2a: Basculegion|8/100|[from] Recoil\n|\n|win|toytoyko\n|raw|Meteorplayz_'s rating: 1161 &rarr; <strong>1134</strong><br />(-27 for losing)\n|raw|toytoyko's rating: 1140 &rarr; <strong>1167</strong><br />(+27 for winning)\n",
  "uploadtime": 1775938433,
  "views": 18,
  "formatid": "gen9championsbssregma",
  "rating": 1134,
  "private": 0,
  "password": null
}