{
  "id": "gen9championsbssregma-2585199419",
  "format": "[Gen 9 Champions] BSS Reg M-A",
  "players": [
    "zakokr",
    "KevMev"
  ],
  "log": "|j|\u2606zakokr\n|j|\u2606KevMev\n|t:|1776324086\n|gametype|singles\n|player|p1|zakokr|silver|1314\n|player|p2|KevMev|170|1412\n|gen|9\n|tier|[Gen 9 Champions] BSS Reg M-A\n|rated|\n|rule|Species Clause: Limit one of each Pok\u00e9mon\n|rule|Item Clause: Limit 1 of each item\n|clearpoke\n|poke|p1|Aegislash, L50, F|\n|poke|p1|Archaludon, L50, M|\n|poke|p1|Glimmora, L50, F|\n|poke|p1|Meowscarada, L50, F|\n|poke|p1|Noivern, L50, M|\n|poke|p1|Starmie, L50|\n|poke|p2|Sneasler, L50, M|\n|poke|p2|Archaludon, L50, F|\n|poke|p2|Gyarados, L50, F|\n|poke|p2|Meowscarada, L50, F|\n|poke|p2|Scizor, L50, M|\n|poke|p2|Mimikyu, L50, F|\n|teampreview|3\n|inactive|Battle timer is ON: inactive players will automatically lose when time's up. (requested by KevMev)\n|\n|t:|1776324135\n|teamsize|p1|3\n|teamsize|p2|3\n|start\n|switch|p1a: Archaludon|Archaludon, L50, M|100/100\n|switch|p2a: Archaludon|Archaludon, L50, F, shiny|100/100\n|turn|1\n|\n|t:|1776324153\n|move|p2a: Archaludon|Draco Meteor|p1a: Archaludon\n|-damage|p1a: Archaludon|9/100\n|-unboost|p2a: Archaludon|spa|2\n|-ability|p1a: Archaludon|Stamina|boost\n|-boost|p1a: Archaludon|def|1\n|-enditem|p1a: Archaludon|Sitrus Berry|[eat]\n|-heal|p1a: Archaludon|34/100|[from] item: Sitrus Berry\n|move|p1a: Archaludon|Flash Cannon|p2a: Archaludon\n|-resisted|p2a: Archaludon|1\n|-damage|p2a: Archaludon|70/100\n|\n|-heal|p2a: Archaludon|76/100|[from] item: Leftovers\n|upkeep\n|turn|2\n|\n|t:|1776324167\n|switch|p1a: Glimmora|Glimmora, L50, F|100/100\n|move|p2a: Archaludon|Draco Meteor|p1a: Glimmora\n|-damage|p1a: Glimmora|50/100\n|-unboost|p2a: Archaludon|spa|2\n|\n|-heal|p2a: Archaludon|82/100|[from] item: Leftovers\n|upkeep\n|turn|3\n|\n|t:|1776324178\n|detailschange|p1a: Glimmora|Glimmora-Mega, L50, F\n|-mega|p1a: Glimmora|Glimmora|Glimmoranite\n|move|p2a: Archaludon|Protect|p2a: Archaludon\n|-singleturn|p2a: Archaludon|Protect\n|move|p1a: Glimmora|Earth Power|p2a: Archaludon\n|-activate|p2a: Archaludon|move: Protect\n|\n|-heal|p2a: Archaludon|88/100|[from] item: Leftovers\n|upkeep\n|turn|4\n|\n|t:|1776324201\n|move|p1a: Glimmora|Power Gem|p2a: Archaludon\n|-resisted|p2a: Archaludon|1\n|-damage|p2a: Archaludon|40/100\n|move|p2a: Archaludon|Stealth Rock|p1a: Glimmora\n|-sidestart|p1: zakokr|move: Stealth Rock\n|\n|-heal|p2a: Archaludon|46/100|[from] item: Leftovers\n|upkeep\n|turn|5\n|\n|t:|1776324210\n|move|p2a: Archaludon|Protect|p2a: Archaludon\n|-singleturn|p2a: Archaludon|Protect\n|move|p1a: Glimmora|Earth Power|p2a: Archaludon\n|-activate|p2a: Archaludon|move: Protect\n|\n|-heal|p2a: Archaludon|52/100|[from] item: Leftovers\n|upkeep\n|turn|6\n|\n|t:|1776324219\n|move|p1a: Glimmora|Earth Power|p2a: Archaludon\n|-supereffective|p2a: Archaludon|1\n|-damage|p2a: Archaludon|0 fnt\n|faint|p2a: Archaludon\n|\n|upkeep\n|\n|t:|1776324230\n|switch|p2a: Gyarados|Gyarados, L50, F, shiny|100/100\n|-ability|p2a: Gyarados|Intimidate|boost\n|-unboost|p1a: Glimmora|atk|1\n|turn|7\n|\n|t:|1776324238\n|detailschange|p2a: Gyarados|Gyarados-Mega, L50, F, shiny\n|-mega|p2a: Gyarados|Gyarados|Gyaradosite\n|-ability|p2a: Gyarados|Mold Breaker\n|move|p1a: Glimmora|Sludge Wave|p2a: Gyarados\n|-damage|p2a: Gyarados|34/100\n|move|p2a: Gyarados|Dragon Dance|p2a: Gyarados\n|-boost|p2a: Gyarados|atk|1\n|-boost|p2a: Gyarados|spe|1\n|\n|upkeep\n|turn|8\n|\n|t:|1776324250\n|move|p2a: Gyarados|Earthquake|p1a: Glimmora\n|-supereffective|p1a: Glimmora|2\n|-damage|p1a: Glimmora|0 fnt\n|faint|p1a: Glimmora\n|\n|upkeep\n|\n|t:|1776324257\n|switch|p1a: Meowscarada|Meowscarada, L50, F|100/100\n|-damage|p1a: Meowscarada|88/100|[from] Stealth Rock\n|turn|9\n|\n|t:|1776324263\n|move|p1a: Meowscarada|Sucker Punch|p2a: Gyarados\n|-start|p1a: Meowscarada|typechange|Dark|[from] ability: Protean\n|-resisted|p2a: Gyarados|1\n|-damage|p2a: Gyarados|16/100\n|move|p2a: Gyarados|Crunch|p1a: Meowscarada\n|-resisted|p1a: Meowscarada|1\n|-damage|p1a: Meowscarada|28/100\n|-unboost|p1a: Meowscarada|def|1\n|\n|upkeep\n|turn|10\n|\n|t:|1776324275\n|move|p1a: Meowscarada|Sucker Punch||[still]\n|-fail|p1a: Meowscarada\n|move|p2a: Gyarados|Dragon Dance|p2a: Gyarados\n|-boost|p2a: Gyarados|atk|1\n|-boost|p2a: Gyarados|spe|1\n|\n|upkeep\n|turn|11\n|-message|zakokr forfeited.\n|\n|win|KevMev\n|raw|zakokr's rating: 1314 &rarr; <strong>1299</strong><br />(-15 for losing)\n|raw|KevMev's rating: 1412 &rarr; <strong>1427</strong><br />(+15 for winning)\n|l|\u2606zakokr\n|player|p1|\n|l|\u2606KevMev\n|player|p2|\n",
  "uploadtime": 1776324295,
  "views": 9,
  "formatid": "gen9championsbssregma",
  "rating": 1299,
  "private": 0,
  "password": null
}