{
  "id": "gen9championsbssregma-2581039205",
  "format": "[Gen 9 Champions] BSS Reg M-A",
  "players": [
    "phifth",
    "naraz"
  ],
  "log": "|j|\u2606phifth\n|j|\u2606naraz\n|t:|1775954142\n|gametype|singles\n|player|p1|phifth|rosa|1039\n|player|p2|naraz|265|1000\n|gen|9\n|tier|[Gen 9 Champions] BSS Reg M-A\n|rated|\n|rule|Species Clause: Limit one of each Pok\u00e9mon\n|rule|Item Clause: Limit 1 of each item\n|clearpoke\n|poke|p1|Gliscor, L50, F|\n|poke|p1|Tyranitar, L50, M|\n|poke|p1|Meganium, L50, F|\n|poke|p1|Garchomp, L50, F|\n|poke|p1|Excadrill, L50, M|\n|poke|p1|Sableye, L50, M|\n|poke|p2|Starmie, L50|\n|poke|p2|Pelipper, L50, M|\n|poke|p2|Froslass, L50, F|\n|poke|p2|Slowking-Galar, L50, M|\n|poke|p2|Goodra-Hisui, L50, M|\n|poke|p2|Basculegion, L50, M|\n|teampreview|3\n|inactive|Battle timer is ON: inactive players will automatically lose when time's up. (requested by naraz)\n|\n|t:|1775954172\n|teamsize|p1|3\n|teamsize|p2|3\n|start\n|switch|p1a: Tyranitar|Tyranitar, L50, M|100/100\n|switch|p2a: Starmie|Starmie, L50|100/100\n|-weather|Sandstorm|[from] ability: Sand Stream|[of] p1a: Tyranitar\n|turn|1\n|\n|t:|1775954185\n|move|p2a: Starmie|Liquidation|p1a: Tyranitar\n|-supereffective|p1a: Tyranitar|1\n|-crit|p1a: Tyranitar\n|-damage|p1a: Tyranitar|25/100\n|-enditem|p1a: Tyranitar|Sitrus Berry|[eat]\n|-heal|p1a: Tyranitar|50/100|[from] item: Sitrus Berry\n|move|p1a: Tyranitar|Crunch|p2a: Starmie\n|-supereffective|p2a: Starmie|1\n|-damage|p2a: Starmie|0 fnt\n|faint|p2a: Starmie\n|\n|-weather|Sandstorm|[upkeep]\n|upkeep\n|\n|t:|1775954193\n|switch|p2a: Pelipper|Pelipper, L50, M|100/100\n|-weather|RainDance|[from] ability: Drizzle|[of] p2a: Pelipper\n|turn|2\n|\n|t:|1775954207\n|switch|p1a: Excadrill|Excadrill, L50, M|100/100\n|move|p2a: Pelipper|U-turn|p1a: Excadrill\n|-resisted|p1a: Excadrill|1\n|-damage|p1a: Excadrill|95/100\n|\n|t:|1775954210\n|switch|p2a: Basculegion|Basculegion, L50, M|100/100|[from] U-turn\n|\n|-weather|RainDance|[upkeep]\n|upkeep\n|turn|3\n|\n|t:|1775954232\n|move|p2a: Basculegion|Flip Turn|p1a: Excadrill\n|-supereffective|p1a: Excadrill|1\n|-damage|p1a: Excadrill|0 fnt\n|faint|p1a: Excadrill\n|\n|t:|1775954237\n|switch|p2a: Pelipper|Pelipper, L50, M|100/100|[from] Flip Turn\n|\n|-weather|RainDance|[upkeep]\n|upkeep\n|\n|t:|1775954243\n|switch|p1a: Tyranitar|Tyranitar, L50, M|50/100\n|-weather|Sandstorm|[from] ability: Sand Stream|[of] p1a: Tyranitar\n|turn|4\n|\n|t:|1775954265\n|move|p2a: Pelipper|Tailwind|p2a: Pelipper\n|-sidestart|p2: naraz|move: Tailwind\n|move|p1a: Tyranitar|Crunch|p2a: Pelipper\n|-damage|p2a: Pelipper|65/100\n|\n|-weather|Sandstorm|[upkeep]\n|-damage|p2a: Pelipper|59/100|[from] Sandstorm\n|upkeep\n|turn|5\n|\n|t:|1775954274\n|move|p2a: Pelipper|Hurricane|p1a: Tyranitar\n|-resisted|p1a: Tyranitar|1\n|-crit|p1a: Tyranitar\n|-damage|p1a: Tyranitar|34/100\n|move|p1a: Tyranitar|Crunch|p2a: Pelipper\n|-damage|p2a: Pelipper|22/100\n|\n|-weather|Sandstorm|[upkeep]\n|-damage|p2a: Pelipper|16/100|[from] Sandstorm\n|upkeep\n|turn|6\n|\n|t:|1775954284\n|move|p2a: Pelipper|Weather Ball|p1a: Tyranitar\n|-damage|p1a: Tyranitar|20/100\n|move|p1a: Tyranitar|Crunch|p2a: Pelipper\n|-damage|p2a: Pelipper|0 fnt\n|faint|p2a: Pelipper\n|\n|-weather|Sandstorm|[upkeep]\n|upkeep\n|\n|t:|1775954289\n|switch|p2a: Basculegion|Basculegion, L50, M|100/100\n|turn|7\n|\n|t:|1775954300\n|move|p2a: Basculegion|Last Respects|p1a: Tyranitar\n|-resisted|p1a: Tyranitar|1\n|-damage|p1a: Tyranitar|0 fnt\n|faint|p1a: Tyranitar\n|\n|-weather|Sandstorm|[upkeep]\n|-damage|p2a: Basculegion|94/100|[from] Sandstorm\n|-sideend|p2: naraz|move: Tailwind\n|upkeep\n|\n|t:|1775954308\n|switch|p1a: Meganium|Meganium, L50, F|100/100\n|turn|8\n|\n|t:|1775954317\n|detailschange|p1a: Meganium|Meganium-Mega, L50, F\n|-mega|p1a: Meganium|Meganium|Meganiumite\n|move|p2a: Basculegion|Last Respects|p1a: Meganium\n|-damage|p1a: Meganium|23/100\n|move|p1a: Meganium|Solar Beam||[still]\n|-prepare|p1a: Meganium|Solar Beam\n|-activate|p1a: Meganium|ability: Mega Sol\n|-anim|p1a: Meganium|Solar Beam|p2a: Basculegion\n|-supereffective|p2a: Basculegion|1\n|-damage|p2a: Basculegion|0 fnt\n|faint|p2a: Basculegion\n|\n|win|phifth\n|raw|phifth's rating: 1039 &rarr; <strong>1069</strong><br />(+30 for winning)\n|raw|naraz's rating: 1000 &rarr; <strong>1000</strong><br />(+0 for losing)\n|l|\u2606naraz\n|player|p2|\n",
  "uploadtime": 1775954332,
  "views": 22,
  "formatid": "gen9championsbssregma",
  "rating": 1000,
  "private": 0,
  "password": null
}