{
  "id": "gen9championsbssregma-2583067741",
  "format": "[Gen 9 Champions] BSS Reg M-A",
  "players": [
    "Estarossa7ds",
    "solru99"
  ],
  "log": "|j|\u2606Estarossa7ds\n|j|\u2606solru99\n|t:|1776138446\n|gametype|singles\n|player|p1|Estarossa7ds|lance|1130\n|player|p2|solru99|2|1090\n|gen|9\n|tier|[Gen 9 Champions] BSS Reg M-A\n|rated|\n|rule|Species Clause: Limit one of each Pok\u00e9mon\n|rule|Item Clause: Limit 1 of each item\n|clearpoke\n|poke|p1|Palafin, L50, M|\n|poke|p1|Dragonite, L50, F|\n|poke|p1|Kingambit, L50, F|\n|poke|p1|Meganium, L50, F|\n|poke|p1|Hydreigon, L50, M|\n|poke|p1|Gengar, L50, F|\n|poke|p2|Zoroark-Hisui, L50, M|\n|poke|p2|Charizard, L50, F|\n|poke|p2|Samurott-Hisui, L50, M|\n|poke|p2|Meowscarada, L50, M|\n|poke|p2|Dragonite, L50, M|\n|poke|p2|Primarina, L50, F|\n|teampreview|3\n|\n|t:|1776138475\n|teamsize|p1|3\n|teamsize|p2|3\n|start\n|switch|p1a: Palafin|Palafin, L50, M|100/100\n|switch|p2a: Zoroark3|Meowscarada, L50, M|100/100\n|turn|1\n|\n|t:|1776138493\n|move|p2a: Zoroark3|Triple Axel|p1a: Palafin|[miss]\n|-start|p2a: Zoroark3|typechange|Ice|[from] ability: Protean\n|-miss|p2a: Zoroark3|p1a: Palafin\n|move|p1a: Palafin|Flip Turn|p2a: Zoroark3\n|-damage|p2a: Zoroark3|61/100\n|\n|t:|1776138510\n|detailschange|p1a: Palafin|Palafin-Hero, L50, M\n|switch|p1a: Gengar|Gengar, L50, F|100/100|[from] Flip Turn\n|\n|upkeep\n|turn|2\n|\n|t:|1776138531\n|move|p2a: Zoroark3|Triple Axel|p1a: Gengar\n|-damage|p1a: Gengar|81/100\n|-damage|p1a: Gengar|39/100\n|-damage|p1a: Gengar|0 fnt\n|faint|p1a: Gengar\n|-hitcount|p1: Gengar|3\n|\n|upkeep\n|\n|t:|1776138541\n|switch|p1a: Palafin|Palafin-Hero, L50, M|100/100\n|-activate|p1a: Palafin|ability: Zero to Hero\n|turn|3\n|\n|t:|1776138549\n|move|p2a: Zoroark3|Triple Axel|p1a: Palafin\n|-resisted|p1a: Palafin|1\n|-damage|p1a: Palafin|96/100\n|-resisted|p1a: Palafin|1\n|-damage|p1a: Palafin|86/100\n|-resisted|p1a: Palafin|1\n|-damage|p1a: Palafin|72/100\n|-hitcount|p1a: Palafin|3\n|move|p1a: Palafin|Wave Crash|p2a: Zoroark3\n|-damage|p2a: Zoroark3|0 fnt\n|faint|p2a: Zoroark3\n|-damage|p1a: Palafin|56/100|[from] Recoil\n|\n|upkeep\n|\n|t:|1776138560\n|switch|p2a: Zoroark6|Charizard, L50, F|100/100\n|turn|4\n|\n|t:|1776138565\n|move|p1a: Palafin|Wave Crash|p2a: Zoroark6\n|-enditem|p2a: Zoroark6|Focus Sash\n|-damage|p2a: Zoroark6|1/100\n|replace|p2a: Zoroark1|Zoroark-Hisui, L50, M\n|-end|p2a: Zoroark1|Illusion\n|-damage|p1a: Palafin|35/100|[from] Recoil\n|move|p2a: Zoroark1|Bitter Malice|p1a: Palafin\n|-damage|p1a: Palafin|0 fnt\n|faint|p1a: Palafin\n|\n|upkeep\n|\n|t:|1776138578\n|switch|p1a: Hydreigon|Hydreigon, L50, M|100/100\n|turn|5\n|\n|t:|1776138585\n|move|p2a: Zoroark1|Hyper Beam|p1a: Hydreigon\n|-damage|p1a: Hydreigon|8/100\n|-mustrecharge|p2a: Zoroark1\n|move|p1a: Hydreigon|Dark Pulse|p2a: Zoroark1\n|-supereffective|p2a: Zoroark1|1\n|-damage|p2a: Zoroark1|0 fnt\n|faint|p2a: Zoroark1\n|\n|upkeep\n|\n|t:|1776138591\n|switch|p2a: Zoroark6|Charizard, L50, F|100/100\n|turn|6\n|\n|t:|1776138597\n|detailschange|p2a: Zoroark6|Charizard-Mega-Y, L50, F\n|-mega|p2a: Zoroark6|Charizard|Charizardite Y\n|-weather|SunnyDay|[from] ability: Drought|[of] p2a: Zoroark6\n|move|p2a: Zoroark6|Weather Ball|p1a: Hydreigon\n|-resisted|p1a: Hydreigon|1\n|-damage|p1a: Hydreigon|0 fnt\n|faint|p1a: Hydreigon\n|\n|win|solru99\n|raw|Estarossa7ds's rating: 1130 &rarr; <strong>1102</strong><br />(-28 for losing)\n|raw|solru99's rating: 1090 &rarr; <strong>1120</strong><br />(+30 for winning)\n|l|\u2606Estarossa7ds\n|player|p1|\n",
  "uploadtime": 1776138610,
  "views": 6,
  "formatid": "gen9championsbssregma",
  "rating": 1102,
  "private": 0,
  "password": null
}