{
  "id": "gen9championsbssregma-2585477648",
  "format": "[Gen 9 Champions] BSS Reg M-A",
  "players": [
    "Clown IRL",
    "BBBkty"
  ],
  "log": "|j|\u2606Clown IRL\n|j|\u2606BBBkty\n|t:|1776350049\n|gametype|singles\n|player|p1|Clown IRL|harlequin|1287\n|player|p2|BBBkty|265|1237\n|gen|9\n|tier|[Gen 9 Champions] BSS Reg M-A\n|rated|\n|rule|Species Clause: Limit one of each Pok\u00e9mon\n|rule|Item Clause: Limit 1 of each item\n|clearpoke\n|poke|p1|Starmie, L50|\n|poke|p1|Pelipper, L50, F|\n|poke|p1|Chesnaught, L50, M|\n|poke|p1|Kleavor, L50, F|\n|poke|p1|Hydreigon, L50, M|\n|poke|p1|Toxapex, L50, F|\n|poke|p2|Dragapult, L50, M|\n|poke|p2|Alakazam, L50, F|\n|poke|p2|Azumarill, L50, F|\n|poke|p2|Clefable, L50, F|\n|poke|p2|Espathra, L50, M|\n|poke|p2|Glimmora, L50, F|\n|teampreview|3\n|n|\u2606BBBKTY|bbbkty\n|inactive|Battle timer is ON: inactive players will automatically lose when time's up. (requested by BBBKTY)\n|\n|t:|1776350075\n|teamsize|p1|3\n|teamsize|p2|3\n|start\n|switch|p1a: Kleavor|Kleavor, L50, F|100/100\n|switch|p2a: Glimmora|Glimmora, L50, F|100/100\n|turn|1\n|\n|t:|1776350086\n|switch|p1a: Hydreigon|Hydreigon, L50, M|100/100\n|move|p2a: Glimmora|Stealth Rock|p1a: Hydreigon\n|-sidestart|p1: Clown IRL|move: Stealth Rock\n|\n|upkeep\n|turn|2\n|\n|t:|1776350092\n|move|p2a: Glimmora|Mortal Spin|p1a: Hydreigon\n|-damage|p1a: Hydreigon|94/100\n|-status|p1a: Hydreigon|psn\n|move|p1a: Hydreigon|Earth Power|p2a: Glimmora\n|-supereffective|p2a: Glimmora|2\n|-enditem|p2a: Glimmora|Focus Sash\n|-damage|p2a: Glimmora|1/100\n|\n|-damage|p1a: Hydreigon|82/100 psn|[from] psn\n|upkeep\n|turn|3\n|\n|t:|1776350100\n|move|p2a: Glimmora|Power Gem|p1a: Hydreigon\n|-damage|p1a: Hydreigon|54/100 psn\n|move|p1a: Hydreigon|Dark Pulse|p2a: Glimmora\n|-damage|p2a: Glimmora|0 fnt\n|faint|p2a: Glimmora\n|\n|-damage|p1a: Hydreigon|42/100 psn|[from] psn\n|upkeep\n|\n|t:|1776350104\n|switch|p2a: Espathra|Espathra, L50, M, shiny|100/100\n|turn|4\n|\n|t:|1776350108\n|switch|p1a: Kleavor|Kleavor, L50, F|100/100\n|-damage|p1a: Kleavor|76/100|[from] Stealth Rock\n|move|p2a: Espathra|Protect||[still]\n|-fail|p2a: Espathra\n|\n|-ability|p2a: Espathra|Speed Boost|boost\n|-boost|p2a: Espathra|spe|1\n|upkeep\n|turn|5\n|\n|t:|1776350114\n|move|p2a: Espathra|Calm Mind|p2a: Espathra\n|-boost|p2a: Espathra|spa|1\n|-boost|p2a: Espathra|spd|1\n|move|p1a: Kleavor|X-Scissor|p2a: Espathra\n|-supereffective|p2a: Espathra|1\n|-damage|p2a: Espathra|0 fnt\n|faint|p2a: Espathra\n|\n|upkeep\n|\n|t:|1776350121\n|switch|p2a: Clefable|Clefable, L50, F, shiny|100/100\n|turn|6\n|\n|t:|1776350125\n|detailschange|p2a: Clefable|Clefable-Mega, L50, F, shiny\n|-mega|p2a: Clefable|Clefable|Clefablite\n|move|p1a: Kleavor|U-turn|p2a: Clefable\n|-resisted|p2a: Clefable|2\n|-damage|p2a: Clefable|92/100\n|\n|t:|1776350128\n|switch|p1a: Minos Prime|Starmie, L50|100/100|[from] U-turn\n|-damage|p1a: Minos Prime|88/100|[from] Stealth Rock\n|move|p2a: Clefable|Cosmic Power|p2a: Clefable\n|-boost|p2a: Clefable|def|1\n|-boost|p2a: Clefable|spd|1\n|\n|upkeep\n|turn|7\n|\n|t:|1776350134\n|detailschange|p1a: Minos Prime|Starmie-Mega, L50\n|-mega|p1a: Minos Prime|Starmie|Starminite\n|move|p1a: Minos Prime|Zen Headbutt|p2a: Clefable\n|-damage|p2a: Clefable|51/100\n|move|p2a: Clefable|Cosmic Power|p2a: Clefable\n|-boost|p2a: Clefable|def|1\n|-boost|p2a: Clefable|spd|1\n|\n|upkeep\n|turn|8\n|\n|t:|1776350139\n|move|p1a: Minos Prime|Zen Headbutt|p2a: Clefable\n|-damage|p2a: Clefable|21/100\n|move|p2a: Clefable|Moonlight|p2a: Clefable\n|-heal|p2a: Clefable|71/100\n|\n|upkeep\n|turn|9\n|\n|t:|1776350143\n|move|p1a: Minos Prime|Zen Headbutt|p2a: Clefable\n|-damage|p2a: Clefable|37/100\n|move|p2a: Clefable|Cosmic Power|p2a: Clefable\n|-boost|p2a: Clefable|def|1\n|-boost|p2a: Clefable|spd|1\n|\n|upkeep\n|turn|10\n|\n|t:|1776350146\n|move|p1a: Minos Prime|Liquidation|p2a: Clefable\n|-damage|p2a: Clefable|9/100\n|move|p2a: Clefable|Moonlight|p2a: Clefable\n|-heal|p2a: Clefable|59/100\n|\n|upkeep\n|turn|11\n|\n|t:|1776350150\n|move|p1a: Minos Prime|Liquidation|p2a: Clefable\n|-damage|p2a: Clefable|31/100\n|move|p2a: Clefable|Moonlight|p2a: Clefable\n|-heal|p2a: Clefable|81/100\n|\n|upkeep\n|turn|12\n|\n|t:|1776350154\n|move|p1a: Minos Prime|Liquidation|p2a: Clefable\n|-damage|p2a: Clefable|51/100\n|move|p2a: Clefable|Cosmic Power|p2a: Clefable\n|-boost|p2a: Clefable|def|1\n|-boost|p2a: Clefable|spd|1\n|\n|upkeep\n|turn|13\n|\n|t:|1776350158\n|move|p1a: Minos Prime|Zen Headbutt|p2a: Clefable\n|-damage|p2a: Clefable|26/100\n|move|p2a: Clefable|Moonlight|p2a: Clefable\n|-heal|p2a: Clefable|76/100\n|\n|upkeep\n|turn|14\n|\n|t:|1776350164\n|move|p1a: Minos Prime|Zen Headbutt|p2a: Clefable\n|-damage|p2a: Clefable|53/100\n|move|p2a: Clefable|Cosmic Power|p2a: Clefable\n|-boost|p2a: Clefable|def|1\n|-boost|p2a: Clefable|spd|1\n|\n|upkeep\n|turn|15\n|\n|t:|1776350167\n|move|p1a: Minos Prime|Zen Headbutt|p2a: Clefable\n|-damage|p2a: Clefable|35/100\n|cant|p2a: Clefable|flinch\n|\n|upkeep\n|turn|16\n|\n|t:|1776350172\n|move|p1a: Minos Prime|Liquidation|p2a: Clefable\n|-damage|p2a: Clefable|14/100\n|move|p2a: Clefable|Moonlight|p2a: Clefable\n|-heal|p2a: Clefable|64/100\n|\n|upkeep\n|turn|17\n|\n|t:|1776350181\n|move|p1a: Minos Prime|Zen Headbutt|p2a: Clefable|[miss]\n|-miss|p1a: Minos Prime|p2a: Clefable\n|move|p2a: Clefable|Moonlight|p2a: Clefable\n|-heal|p2a: Clefable|100/100\n|\n|upkeep\n|turn|18\n|\n|t:|1776350190\n|move|p1a: Minos Prime|Zen Headbutt|p2a: Clefable\n|-damage|p2a: Clefable|82/100\n|move|p2a: Clefable|Cosmic Power|p2a: Clefable\n|-boost|p2a: Clefable|def|1\n|-boost|p2a: Clefable|spd|1\n|\n|upkeep\n|turn|19\n|\n|t:|1776350199\n|move|p1a: Minos Prime|Zen Headbutt|p2a: Clefable\n|-damage|p2a: Clefable|65/100\n|move|p2a: Clefable|Stored Power|p1a: Minos Prime\n|-resisted|p1a: Minos Prime|1\n|-damage|p1a: Minos Prime|36/100\n|\n|upkeep\n|turn|20\n|\n|t:|1776350203\n|move|p1a: Minos Prime|Liquidation|p2a: Clefable\n|-damage|p2a: Clefable|47/100\n|move|p2a: Clefable|Stored Power|p1a: Minos Prime\n|-resisted|p1a: Minos Prime|1\n|-damage|p1a: Minos Prime|0 fnt\n|faint|p1a: Minos Prime\n|\n|upkeep\n|\n|t:|1776350206\n|switch|p1a: Hydreigon|Hydreigon, L50, M|42/100 psn\n|-damage|p1a: Hydreigon|30/100 psn|[from] Stealth Rock\n|turn|21\n|\n|t:|1776350211\n|move|p1a: Hydreigon|Dark Pulse|p2a: Clefable\n|-resisted|p2a: Clefable|1\n|-damage|p2a: Clefable|44/100\n|cant|p2a: Clefable|flinch\n|\n|-damage|p1a: Hydreigon|18/100 psn|[from] psn\n|upkeep\n|turn|22\n|-activate|p1a: Hydreigon|item: Quick Claw\n|\n|t:|1776350216\n|move|p1a: Hydreigon|Dark Pulse|p2a: Clefable\n|-resisted|p2a: Clefable|1\n|-damage|p2a: Clefable|40/100\n|move|p2a: Clefable|Moonlight|p2a: Clefable\n|-heal|p2a: Clefable|90/100\n|\n|-damage|p1a: Hydreigon|6/100 psn|[from] psn\n|upkeep\n|turn|23\n|-activate|p1a: Hydreigon|item: Quick Claw\n|\n|t:|1776350228\n|move|p1a: Hydreigon|Dark Pulse|p2a: Clefable\n|-resisted|p2a: Clefable|1\n|-damage|p2a: Clefable|87/100\n|move|p2a: Clefable|Moonblast|p1a: Hydreigon\n|-supereffective|p1a: Hydreigon|2\n|-damage|p1a: Hydreigon|0 fnt\n|faint|p1a: Hydreigon\n|\n|upkeep\n|\n|t:|1776350231\n|switch|p1a: Kleavor|Kleavor, L50, F|76/100\n|-damage|p1a: Kleavor|51/100|[from] Stealth Rock\n|turn|24\n|\n|t:|1776350235\n|move|p1a: Kleavor|Stone Axe|p2a: Clefable\n|-supereffective|p2a: Clefable|1\n|-damage|p2a: Clefable|61/100\n|-sidestart|p2: BBBkty|move: Stealth Rock\n|move|p2a: Clefable|Stored Power|p1a: Kleavor\n|-damage|p1a: Kleavor|0 fnt\n|faint|p1a: Kleavor\n|\n|win|BBBkty\n|raw|Clown IRL's rating: 1287 &rarr; <strong>1258</strong><br />(-29 for losing)\n|raw|BBBkty's rating: 1237 &rarr; <strong>1266</strong><br />(+29 for winning)\n|c|\u2606Clown IRL|gg\n",
  "uploadtime": 1776350238,
  "views": 11,
  "formatid": "gen9championsbssregma",
  "rating": 1258,
  "private": 0,
  "password": null
}