{
  "id": "gen9championsbssregma-2582043826",
  "format": "[Gen 9 Champions] BSS Reg M-A",
  "players": [
    "eefren",
    "SpankDaddyRecords"
  ],
  "log": "|j|\u2606eefren\n|j|\u2606SpankDaddyRecords\n|t:|1776051338\n|gametype|singles\n|player|p1|eefren|red|1123\n|player|p2|SpankDaddyRecords|169|1126\n|gen|9\n|tier|[Gen 9 Champions] BSS Reg M-A\n|rated|\n|rule|Species Clause: Limit one of each Pok\u00e9mon\n|rule|Item Clause: Limit 1 of each item\n|clearpoke\n|poke|p1|Gardevoir, L50, M|\n|poke|p1|Clefable, L50, M|\n|poke|p1|Corviknight, L50, M|\n|poke|p1|Palafin, L50, F|\n|poke|p1|Dragonite, L50, F|\n|poke|p1|Gengar, L50, F|\n|poke|p2|Clefable, L50, F|\n|poke|p2|Polteageist, L50|\n|poke|p2|Garchomp, L50, M|\n|poke|p2|Mimikyu, L50, M|\n|poke|p2|Volcarona, L50, M|\n|poke|p2|Lucario, L50, M|\n|teampreview|3\n|inactive|Battle timer is ON: inactive players will automatically lose when time's up. (requested by SpankDaddyRecords)\n|inactive|eefren has 60 seconds left.\n|\n|t:|1776051413\n|teamsize|p1|3\n|teamsize|p2|3\n|start\n|switch|p1a: Palafin|Palafin, L50, F|100/100\n|switch|p2a: Polteageist|Polteageist, L50|100/100\n|turn|1\n|\n|t:|1776051424\n|move|p1a: Palafin|Flip Turn|p2a: Polteageist\n|-damage|p2a: Polteageist|66/100\n|c|\u2606SpankDaddyRecords|Base 70 attack so cuz that damage in half\n|inactive|eefren has 30 seconds left.\n|\n|t:|1776051451\n|detailschange|p1a: Palafin|Palafin-Hero, L50, F\n|switch|p1a: Clefable|Clefable, L50, M|100/100|[from] Flip Turn\n|move|p2a: Polteageist|Shell Smash|p2a: Polteageist\n|-unboost|p2a: Polteageist|def|1\n|-unboost|p2a: Polteageist|spd|1\n|-boost|p2a: Polteageist|atk|2\n|-boost|p2a: Polteageist|spa|2\n|-boost|p2a: Polteageist|spe|2\n|-enditem|p2a: Polteageist|White Herb\n|-clearnegativeboost|p2a: Polteageist|[silent]\n|\n|upkeep\n|turn|2\n|\n|t:|1776051458\n|move|p2a: Polteageist|Substitute|p2a: Polteageist\n|-start|p2a: Polteageist|Substitute\n|-damage|p2a: Polteageist|42/100\n|move|p1a: Clefable|Calm Mind|p1a: Clefable\n|-boost|p1a: Clefable|spa|1\n|-boost|p1a: Clefable|spd|1\n|\n|upkeep\n|turn|3\n|\n|t:|1776051461\n|move|p2a: Polteageist|Baton Pass|p2a: Polteageist\n|\n|t:|1776051464\n|switch|p2a: Lucario|Lucario, L50, M|100/100|[from] Baton Pass\n|move|p1a: Clefable|Moonblast|p2a: Lucario\n|-crit|p2a: Lucario\n|-end|p2a: Lucario|Substitute\n|\n|upkeep\n|turn|4\n|\n|t:|1776051474\n|detailschange|p2a: Lucario|Lucario-Mega, L50, M\n|-mega|p2a: Lucario|Lucario|Lucarionite\n|move|p2a: Lucario|Meteor Mash|p1a: Clefable\n|-supereffective|p1a: Clefable|1\n|-damage|p1a: Clefable|0 fnt\n|faint|p1a: Clefable\n|\n|upkeep\n|\n|t:|1776051480\n|switch|p1a: Dragonite|Dragonite, L50, F|100/100\n|turn|5\n|\n|t:|1776051485\n|move|p2a: Lucario|Meteor Mash|p1a: Dragonite\n|-damage|p1a: Dragonite|27/100\n|move|p1a: Dragonite|Earthquake|p2a: Lucario\n|-supereffective|p2a: Lucario|1\n|-damage|p2a: Lucario|0 fnt\n|faint|p2a: Lucario\n|\n|upkeep\n|\n|t:|1776051493\n|switch|p2a: Polteageist|Polteageist, L50|42/100\n|turn|6\n|\n|t:|1776051500\n|move|p1a: Dragonite|Dragon Claw|p2a: Polteageist\n|-damage|p2a: Polteageist|0 fnt\n|faint|p2a: Polteageist\n|\n|upkeep\n|\n|t:|1776051503\n|switch|p2a: Clefable|Clefable, L50, F|100/100\n|turn|7\n|c|\u2606SpankDaddyRecords|Glitchtarded\n|\n|t:|1776051510\n|move|p1a: Dragonite|Earthquake|p2a: Clefable\n|-damage|p2a: Clefable|70/100\n|move|p2a: Clefable|Calm Mind|p2a: Clefable\n|-boost|p2a: Clefable|spa|1\n|-boost|p2a: Clefable|spd|1\n|\n|upkeep\n|turn|8\n|c|\u2606SpankDaddyRecords|Dead dragonitr\n|c|\u2606SpankDaddyRecords|+2 adaptability meteor mash\n|c|\u2606SpankDaddyRecords|Quit cheating\n|\n|t:|1776051532\n|move|p1a: Dragonite|Earthquake|p2a: Clefable\n|-damage|p2a: Clefable|42/100\n|move|p2a: Clefable|Moonlight|p2a: Clefable\n|-heal|p2a: Clefable|92/100\n|\n|upkeep\n|turn|9\n|\n|t:|1776051538\n|move|p1a: Dragonite|Earthquake|p2a: Clefable\n|-damage|p2a: Clefable|63/100\n|move|p2a: Clefable|Calm Mind|p2a: Clefable\n|-boost|p2a: Clefable|spa|1\n|-boost|p2a: Clefable|spd|1\n|\n|upkeep\n|turn|10\n|\n|t:|1776051540\n|move|p1a: Dragonite|Earthquake|p2a: Clefable\n|-damage|p2a: Clefable|33/100\n|move|p2a: Clefable|Moonlight|p2a: Clefable\n|-heal|p2a: Clefable|83/100\n|\n|upkeep\n|turn|11\n|\n|t:|1776051542\n|move|p1a: Dragonite|Earthquake|p2a: Clefable\n|-damage|p2a: Clefable|54/100\n|move|p2a: Clefable|Calm Mind|p2a: Clefable\n|-boost|p2a: Clefable|spa|1\n|-boost|p2a: Clefable|spd|1\n|\n|upkeep\n|turn|12\n|\n|t:|1776051550\n|move|p1a: Dragonite|Earthquake|p2a: Clefable\n|-damage|p2a: Clefable|24/100\n|move|p2a: Clefable|Moonlight|p2a: Clefable\n|-heal|p2a: Clefable|74/100\n|\n|upkeep\n|turn|13\n|\n|t:|1776051556\n|switch|p1a: Palafin|Palafin-Hero, L50, F|100/100\n|-activate|p1a: Palafin|ability: Zero to Hero\n|move|p2a: Clefable|Calm Mind|p2a: Clefable\n|-boost|p2a: Clefable|spa|1\n|-boost|p2a: Clefable|spd|1\n|\n|upkeep\n|turn|14\n|\n|t:|1776051561\n|move|p1a: Palafin|Wave Crash|p2a: Clefable\n|-damage|p2a: Clefable|0 fnt\n|faint|p2a: Clefable\n|-damage|p1a: Palafin|72/100|[from] Recoil\n|\n|win|eefren\n|raw|eefren's rating: 1123 &rarr; <strong>1147</strong><br />(+24 for winning)\n|raw|SpankDaddyRecords's rating: 1107 &rarr; <strong>1083</strong><br />(-24 for losing)\n|c|\u2606SpankDaddyRecords|There ya go\n|c|\u2606SpankDaddyRecords|doing 4x damage\n|c|\u2606SpankDaddyRecords|Troll\n|c|\u2606SpankDaddyRecords|Clef sweep\n|c|\u2606SpankDaddyRecords|Lucario seeep\n|c|\u2606SpankDaddyRecords|Double sweep\n|l|\u2606SpankDaddyRecords\n|player|p2|\n",
  "uploadtime": 1776051613,
  "views": 34,
  "formatid": "gen9championsbssregma",
  "rating": 1083,
  "private": 0,
  "password": null
}