{
  "id": "gen9championsbssregma-2582156795",
  "format": "[Gen 9 Champions] BSS Reg M-A",
  "players": [
    "Actualtoppa",
    "carbonlifeformmeme"
  ],
  "log": "|j|\u2606Actualtoppa\n|j|\u2606carbonlifeformmeme\n|t:|1776065277\n|gametype|singles\n|player|p1|Actualtoppa|2|1202\n|player|p2|carbonlifeformmeme|170|1264\n|gen|9\n|tier|[Gen 9 Champions] BSS Reg M-A\n|rated|\n|rule|Species Clause: Limit one of each Pok\u00e9mon\n|rule|Item Clause: Limit 1 of each item\n|clearpoke\n|poke|p1|Infernape, L50, M|\n|poke|p1|Feraligatr, L50, M|\n|poke|p1|Espathra, L50, M|\n|poke|p1|Kingambit, L50, M|\n|poke|p1|Rhyperior, L50, M|\n|poke|p1|Corviknight, L50, M|\n|poke|p2|Meowscarada, L50, F|\n|poke|p2|Froslass, L50, F|\n|poke|p2|Sneasler, L50, M|\n|poke|p2|Orthworm, L50, M|\n|poke|p2|Rotom-Heat, L50|\n|poke|p2|Glimmora, L50, M|\n|teampreview|3\n|\n|t:|1776065305\n|teamsize|p1|3\n|teamsize|p2|3\n|start\n|switch|p1a: Corviknight|Corviknight, L50, M, shiny|100/100\n|switch|p2a: Meowscarada|Meowscarada, L50, F|100/100\n|turn|1\n|\n|t:|1776065312\n|move|p2a: Meowscarada|U-turn|p1a: Corviknight\n|-start|p2a: Meowscarada|typechange|Bug|[from] ability: Protean\n|-resisted|p1a: Corviknight|2\n|-damage|p1a: Corviknight|94/100\n|\n|t:|1776065318\n|switch|p2a: Froslass|Froslass, L50, F|100/100|[from] U-turn\n|move|p1a: Corviknight|Iron Defense|p1a: Corviknight\n|-boost|p1a: Corviknight|def|2\n|\n|upkeep\n|turn|2\n|\n|t:|1776065325\n|detailschange|p2a: Froslass|Froslass-Mega, L50, F\n|-mega|p2a: Froslass|Froslass|Froslassite\n|-weather|Snowscape|[from] ability: Snow Warning|[of] p2a: Froslass\n|move|p2a: Froslass|Nasty Plot|p2a: Froslass\n|-boost|p2a: Froslass|spa|2\n|move|p1a: Corviknight|Iron Head|p2a: Froslass\n|-supereffective|p2a: Froslass|1\n|-damage|p2a: Froslass|52/100\n|\n|-weather|Snowscape|[upkeep]\n|upkeep\n|turn|3\n|j| p74\n|\n|t:|1776065337\n|move|p2a: Froslass|Blizzard|p1a: Corviknight\n|-damage|p1a: Corviknight|0 fnt\n|faint|p1a: Corviknight\n|\n|-weather|Snowscape|[upkeep]\n|upkeep\n|\n|t:|1776065344\n|switch|p1a: Infernape|Infernape, L50, M|100/100\n|turn|4\n|\n|t:|1776065350\n|move|p2a: Froslass|Shadow Ball|p1a: Infernape\n|-enditem|p1a: Infernape|Focus Sash\n|-damage|p1a: Infernape|1/100\n|move|p1a: Infernape|Flare Blitz|p2a: Froslass\n|-supereffective|p2a: Froslass|1\n|-damage|p2a: Froslass|0 fnt\n|faint|p2a: Froslass\n|-damage|p1a: Infernape|0 fnt|[from] Recoil\n|faint|p1a: Infernape\n|\n|-weather|Snowscape|[upkeep]\n|upkeep\n|\n|t:|1776065363\n|switch|p2a: Meowscarada|Meowscarada, L50, F|100/100\n|switch|p1a: Feraligatr|Feraligatr, L50, M|100/100\n|turn|5\n|\n|t:|1776065376\n|move|p2a: Meowscarada|Flower Trick|p1a: Feraligatr\n|-start|p2a: Meowscarada|typechange|Grass|[from] ability: Protean\n|-supereffective|p1a: Feraligatr|1\n|-crit|p1a: Feraligatr\n|-damage|p1a: Feraligatr|3/100\n|move|p1a: Feraligatr|Dragon Dance|p1a: Feraligatr\n|-boost|p1a: Feraligatr|atk|1\n|-boost|p1a: Feraligatr|spe|1\n|\n|-weather|Snowscape|[upkeep]\n|upkeep\n|turn|6\n|\n|t:|1776065386\n|detailschange|p1a: Feraligatr|Feraligatr-Mega, L50, M\n|-mega|p1a: Feraligatr|Feraligatr|Feraligite\n|move|p2a: Meowscarada|Flower Trick|p1a: Feraligatr\n|-crit|p1a: Feraligatr\n|-damage|p1a: Feraligatr|0 fnt\n|faint|p1a: Feraligatr\n|\n|win|carbonlifeformmeme\n|raw|Actualtoppa's rating: 1202 &rarr; <strong>1181</strong><br />(-21 for losing)\n|raw|carbonlifeformmeme's rating: 1264 &rarr; <strong>1285</strong><br />(+21 for winning)\n|l|\u2606Actualtoppa\n|player|p1|\n|l|\u2606carbonlifeformmeme\n|player|p2|\n",
  "uploadtime": 1776065606,
  "views": 3,
  "formatid": "gen9championsbssregma",
  "rating": 1181,
  "private": 0,
  "password": null
}