{
  "id": "gen9championsbssregma-2588571713",
  "format": "[Gen 9 Champions] BSS Reg M-A",
  "players": [
    "sky2132",
    "dmddo412"
  ],
  "log": "|j|\u2606sky2132\n|j|\u2606dmddo412\n|t:|1776646139\n|gametype|singles\n|player|p1|sky2132|2|1240\n|player|p2|dmddo412|2|1467\n|gen|9\n|tier|[Gen 9 Champions] BSS Reg M-A\n|rated|\n|rule|Species Clause: Limit one of each Pok\u00e9mon\n|rule|Item Clause: Limit 1 of each item\n|clearpoke\n|poke|p1|Aegislash, L50, F|\n|poke|p1|Basculegion, L50, M|\n|poke|p1|Dragonite, L50, M|\n|poke|p1|Garchomp, L50, F|\n|poke|p1|Primarina, L50, M|\n|poke|p1|Kangaskhan, L50, F|\n|poke|p2|Mimikyu, L50, M, shiny|\n|poke|p2|Garchomp, L50, M, shiny|\n|poke|p2|Archaludon, L50, M, shiny|\n|poke|p2|Kangaskhan, L50, F, shiny|\n|poke|p2|Floette-Eternal, L50, F|\n|poke|p2|Kingambit, L50, F|\n|teampreview|3\n|inactive|Battle timer is ON: inactive players will automatically lose when time's up. (requested by dmddo412)\n|inactive|sky2132 has 60 seconds left.\n|\n|t:|1776646179\n|teamsize|p1|3\n|teamsize|p2|3\n|start\n|switch|p1a: Kangaskhan|Kangaskhan, L50, F|100/100\n|switch|p2a: Archaludon|Archaludon, L50, M, shiny|100/100\n|turn|1\n|\n|t:|1776646186\n|detailschange|p1a: Kangaskhan|Kangaskhan-Mega, L50, F\n|-mega|p1a: Kangaskhan|Kangaskhan|Kangaskhanite\n|move|p1a: Kangaskhan|Earthquake|p2a: Archaludon\n|-supereffective|p2a: Archaludon|1\n|-enditem|p2a: Archaludon|Shuca Berry|[eat]\n|-enditem|p2a: Archaludon|Shuca Berry|[weaken]\n|-damage|p2a: Archaludon|76/100\n|-ability|p2a: Archaludon|Stamina|boost\n|-boost|p2a: Archaludon|def|1\n|-supereffective|p2a: Archaludon|1\n|-damage|p2a: Archaludon|68/100\n|-ability|p2a: Archaludon|Stamina|boost\n|-boost|p2a: Archaludon|def|1\n|-hitcount|p2a: Archaludon|2\n|move|p2a: Archaludon|Flash Cannon|p1a: Kangaskhan\n|-crit|p1a: Kangaskhan\n|-damage|p1a: Kangaskhan|37/100\n|\n|upkeep\n|turn|2\n|j| qweralt\n|\n|t:|1776646205\n|switch|p1a: Aegislash|Aegislash, L50, F|100/100\n|move|p2a: Archaludon|Flash Cannon|p1a: Aegislash\n|-resisted|p1a: Aegislash|1\n|-damage|p1a: Aegislash|81/100\n|\n|upkeep\n|turn|3\n|\n|t:|1776646212\n|move|p1a: Aegislash|Swords Dance|p1a: Aegislash\n|-boost|p1a: Aegislash|atk|2\n|move|p2a: Archaludon|Roar|p1a: Aegislash\n|drag|p1a: Kangaskhan|Kangaskhan-Mega, L50, F|37/100\n|\n|upkeep\n|turn|4\n|l| qweralt\n|\n|t:|1776646222\n|move|p1a: Kangaskhan|Earthquake|p2a: Archaludon\n|-supereffective|p2a: Archaludon|1\n|-damage|p2a: Archaludon|38/100\n|-ability|p2a: Archaludon|Stamina|boost\n|-boost|p2a: Archaludon|def|1\n|-supereffective|p2a: Archaludon|1\n|-damage|p2a: Archaludon|33/100\n|-ability|p2a: Archaludon|Stamina|boost\n|-boost|p2a: Archaludon|def|1\n|-hitcount|p2a: Archaludon|2\n|move|p2a: Archaludon|Flash Cannon|p1a: Kangaskhan\n|-damage|p1a: Kangaskhan|0 fnt\n|faint|p1a: Kangaskhan\n|\n|upkeep\n|\n|t:|1776646234\n|switch|p1a: Primarina|Primarina, L50, M|100/100\n|turn|5\n|\n|t:|1776646238\n|move|p2a: Archaludon|Thunderbolt|p1a: Primarina\n|-supereffective|p1a: Primarina|1\n|-damage|p1a: Primarina|48/100\n|move|p1a: Primarina|Moonblast|p2a: Archaludon\n|-damage|p2a: Archaludon|0 fnt\n|faint|p2a: Archaludon\n|\n|-heal|p1a: Primarina|54/100|[from] item: Leftovers\n|upkeep\n|j| RevenantBDSP\n|\n|t:|1776646248\n|switch|p2a: Floette|Floette-Eternal, L50, F|100/100\n|turn|6\n|\n|t:|1776646253\n|detailschange|p2a: Floette|Floette-Mega, L50, F\n|-mega|p2a: Floette|Floette|Floettite\n|-ability|p2a: Floette|Fairy Aura\n|move|p2a: Floette|Moonblast|p1a: Primarina\n|-damage|p1a: Primarina|0 fnt\n|faint|p1a: Primarina\n|\n|upkeep\n|\n|t:|1776646261\n|switch|p1a: Aegislash|Aegislash, L50, F|81/100\n|turn|7\n|\n|t:|1776646265\n|move|p2a: Floette|Moonblast|p1a: Aegislash\n|-resisted|p1a: Aegislash|1\n|-damage|p1a: Aegislash|46/100\n|move|p1a: Aegislash|Swords Dance|p1a: Aegislash\n|-boost|p1a: Aegislash|atk|2\n|\n|upkeep\n|turn|8\n|\n|t:|1776646273\n|move|p2a: Floette|Light of Ruin|p1a: Aegislash\n|-resisted|p1a: Aegislash|1\n|-damage|p1a: Aegislash|0 fnt\n|faint|p1a: Aegislash\n|-damage|p2a: Floette|81/100|[from] Recoil\n|\n|win|dmddo412\n|raw|sky2132's rating: 1240 &rarr; <strong>1229</strong><br />(-11 for losing)\n|raw|dmddo412's rating: 1467 &rarr; <strong>1476</strong><br />(+9 for winning)\n|l|\u2606dmddo412\n|player|p2|\n|l|\u2606sky2132\n|player|p1|\n",
  "uploadtime": 1776646368,
  "views": 11,
  "formatid": "gen9championsbssregma",
  "rating": 1229,
  "private": 0,
  "password": null
}