{
  "id": "gen9championsbssregma-2586010302",
  "format": "[Gen 9 Champions] BSS Reg M-A",
  "players": [
    "Dolph Laserhawk",
    "fletchyfletchy"
  ],
  "log": "|j|\u2606Dolph Laserhawk\n|j|\u2606fletchyfletchy\n|t:|1776389969\n|gametype|singles\n|player|p1|Dolph Laserhawk|elesa-masters2|1139\n|player|p2|fletchyfletchy|liko|1121\n|gen|9\n|tier|[Gen 9 Champions] BSS Reg M-A\n|rated|\n|rule|Species Clause: Limit one of each Pok\u00e9mon\n|rule|Item Clause: Limit 1 of each item\n|clearpoke\n|poke|p1|Gengar, L50, F|\n|poke|p1|Clefable, L50, M|\n|poke|p1|Medicham, L50, M|\n|poke|p1|Weavile, L50, M|\n|poke|p1|Volcarona, L50, F|\n|poke|p1|Gyarados, L50, M|\n|poke|p2|Lopunny, L50, F|\n|poke|p2|Basculegion, L50, M|\n|poke|p2|Meowscarada, L50, M|\n|poke|p2|Aegislash, L50, M|\n|poke|p2|Charizard, L50, F|\n|poke|p2|Rotom-Wash, L50|\n|teampreview|3\n|\n|t:|1776389997\n|teamsize|p1|3\n|teamsize|p2|3\n|start\n|switch|p1a: Clefable|Clefable, L50, M|100/100\n|switch|p2a: Lopunny|Lopunny, L50, F|100/100\n|turn|1\n|inactive|Battle timer is ON: inactive players will automatically lose when time's up. (requested by Dolph Laserhawk)\n|\n|t:|1776390003\n|detailschange|p2a: Lopunny|Lopunny-Mega, L50, F\n|-mega|p2a: Lopunny|Lopunny|Lopunnite\n|move|p2a: Lopunny|Fake Out|p1a: Clefable\n|-damage|p1a: Clefable|83/100\n|cant|p1a: Clefable|flinch\n|\n|-heal|p1a: Clefable|89/100|[from] item: Leftovers\n|upkeep\n|turn|2\n|\n|t:|1776390015\n|move|p2a: Lopunny|Triple Axel|p1a: Clefable\n|-damage|p1a: Clefable|83/100\n|-damage|p1a: Clefable|71/100\n|-damage|p1a: Clefable|53/100\n|-hitcount|p1a: Clefable|3\n|move|p1a: Clefable|Calm Mind|p1a: Clefable\n|-boost|p1a: Clefable|spa|1\n|-boost|p1a: Clefable|spd|1\n|\n|-heal|p1a: Clefable|59/100|[from] item: Leftovers\n|upkeep\n|turn|3\n|\n|t:|1776390022\n|move|p2a: Lopunny|Triple Axel|p1a: Clefable\n|-damage|p1a: Clefable|53/100\n|-crit|p1a: Clefable\n|-damage|p1a: Clefable|36/100\n|-damage|p1a: Clefable|18/100\n|-hitcount|p1a: Clefable|3\n|move|p1a: Clefable|Moonlight|p1a: Clefable\n|-heal|p1a: Clefable|68/100\n|\n|-heal|p1a: Clefable|74/100|[from] item: Leftovers\n|upkeep\n|turn|4\n|\n|t:|1776390035\n|switch|p2a: Basculegion|Basculegion, L50, M|100/100\n|move|p1a: Clefable|Moonblast|p2a: Basculegion\n|-damage|p2a: Basculegion|49/100\n|\n|-heal|p1a: Clefable|80/100|[from] item: Leftovers\n|upkeep\n|turn|5\n|\n|t:|1776390045\n|move|p2a: Basculegion|Flip Turn|p1a: Clefable\n|-damage|p1a: Clefable|50/100\n|\n|t:|1776390049\n|switch|p2a: Lopunny|Lopunny-Mega, L50, F|100/100|[from] Flip Turn\n|move|p1a: Clefable|Moonblast|p2a: Lopunny\n|-supereffective|p2a: Lopunny|1\n|-damage|p2a: Lopunny|0 fnt\n|faint|p2a: Lopunny\n|\n|-heal|p1a: Clefable|56/100|[from] item: Leftovers\n|upkeep\n|\n|t:|1776390055\n|switch|p2a: Meowscarada|Meowscarada, L50, M|100/100\n|turn|6\n|\n|t:|1776390062\n|move|p2a: Meowscarada|Flower Trick|p1a: Clefable\n|-start|p2a: Meowscarada|typechange|Grass|[from] ability: Protean\n|-crit|p1a: Clefable\n|-damage|p1a: Clefable|20/100\n|move|p1a: Clefable|Moonlight|p1a: Clefable\n|-heal|p1a: Clefable|70/100\n|\n|-heal|p1a: Clefable|76/100|[from] item: Leftovers\n|upkeep\n|turn|7\n|\n|t:|1776390070\n|move|p2a: Meowscarada|Flower Trick|p1a: Clefable\n|-crit|p1a: Clefable\n|-damage|p1a: Clefable|40/100\n|move|p1a: Clefable|Moonlight|p1a: Clefable\n|-heal|p1a: Clefable|90/100\n|\n|-heal|p1a: Clefable|96/100|[from] item: Leftovers\n|upkeep\n|turn|8\n|\n|t:|1776390080\n|move|p2a: Meowscarada|Flower Trick|p1a: Clefable\n|-crit|p1a: Clefable\n|-damage|p1a: Clefable|57/100\n|move|p1a: Clefable|Moonblast|p2a: Meowscarada\n|-damage|p2a: Meowscarada|31/100\n|\n|-heal|p1a: Clefable|63/100|[from] item: Leftovers\n|upkeep\n|turn|9\n|\n|t:|1776390085\n|move|p2a: Meowscarada|Flower Trick|p1a: Clefable\n|-crit|p1a: Clefable\n|-damage|p1a: Clefable|24/100\n|move|p1a: Clefable|Moonlight|p1a: Clefable\n|-heal|p1a: Clefable|74/100\n|\n|-heal|p1a: Clefable|80/100|[from] item: Leftovers\n|upkeep\n|turn|10\n|\n|t:|1776390088\n|move|p2a: Meowscarada|Flower Trick|p1a: Clefable\n|-crit|p1a: Clefable\n|-damage|p1a: Clefable|40/100\n|move|p1a: Clefable|Moonblast|p2a: Meowscarada\n|-damage|p2a: Meowscarada|0 fnt\n|faint|p2a: Meowscarada\n|\n|-heal|p1a: Clefable|46/100|[from] item: Leftovers\n|upkeep\n|\n|t:|1776390103\n|switch|p2a: Basculegion|Basculegion, L50, M|49/100\n|turn|11\n|inactive|Dolph Laserhawk has 30 seconds left.\n|\n|t:|1776390132\n|move|p2a: Basculegion|Last Respects|p1a: Clefable\n|-damage|p1a: Clefable|0 fnt\n|faint|p1a: Clefable\n|\n|upkeep\n|\n|t:|1776390142\n|switch|p1a: Weavile|Weavile, L50, M|100/100\n|-ability|p1a: Weavile|Pressure\n|turn|12\n|\n|t:|1776390146\n|move|p2a: Basculegion|Last Respects|p1a: Weavile\n|-resisted|p1a: Weavile|1\n|-damage|p1a: Weavile|18/100\n|move|p1a: Weavile|Knock Off|p2a: Basculegion\n|-supereffective|p2a: Basculegion|1\n|-crit|p2a: Basculegion\n|-damage|p2a: Basculegion|0 fnt\n|-enditem|p2a: Basculegion|Choice Scarf|[from] move: Knock Off|[of] p1a: Weavile\n|faint|p2a: Basculegion\n|\n|win|Dolph Laserhawk\n|raw|Dolph Laserhawk's rating: 1139 &rarr; <strong>1163</strong><br />(+24 for winning)\n|raw|fletchyfletchy's rating: 1121 &rarr; <strong>1097</strong><br />(-24 for losing)\n",
  "uploadtime": 1776390146,
  "views": 4,
  "formatid": "gen9championsbssregma",
  "rating": 1097,
  "private": 0,
  "password": null
}