{
  "id": "gen9championsbssregma-2584244059",
  "format": "[Gen 9 Champions] BSS Reg M-A",
  "players": [
    "Secondbeach",
    "tukitiko"
  ],
  "log": "|j|\u2606Secondbeach\n|j|\u2606tukitiko\n|t:|1776242514\n|gametype|singles\n|player|p1|Secondbeach|depotagent|1072\n|player|p2|tukitiko|aquasuit|1151\n|gen|9\n|tier|[Gen 9 Champions] BSS Reg M-A\n|rated|\n|rule|Species Clause: Limit one of each Pok\u00e9mon\n|rule|Item Clause: Limit 1 of each item\n|clearpoke\n|poke|p1|Charizard, L50, F|\n|poke|p1|Glimmora, L50, F|\n|poke|p1|Garchomp, L50, F|\n|poke|p1|Mimikyu, L50, F|\n|poke|p1|Victreebel, L50, M|\n|poke|p1|Aegislash, L50, F|\n|poke|p2|Lucario, L50, M|\n|poke|p2|Skeledirge, L50, M|\n|poke|p2|Zoroark, L50, M|\n|poke|p2|Decidueye-Hisui, L50, M|\n|poke|p2|Feraligatr, L50, M|\n|poke|p2|Diggersby, L50, M|\n|teampreview|3\n|inactive|Battle timer is ON: inactive players will automatically lose when time's up. (requested by Secondbeach)\n|inactive|tukitiko has 60 seconds left.\n|\n|t:|1776242566\n|teamsize|p1|3\n|teamsize|p2|3\n|start\n|switch|p1a: Aegislash|Aegislash, L50, F, shiny|100/100\n|switch|p2a: Big Chungus|Diggersby, L50, M, shiny|100/100\n|turn|1\n|\n|t:|1776242574\n|switch|p1a: Victreebel|Victreebel, L50, M|100/100\n|move|p2a: Big Chungus|Earthquake|p1a: Victreebel\n|-damage|p1a: Victreebel|7/100\n|\n|upkeep\n|turn|2\n|\n|t:|1776242577\n|move|p2a: Big Chungus|Earthquake|p1a: Victreebel\n|-damage|p1a: Victreebel|0 fnt\n|faint|p1a: Victreebel\n|\n|upkeep\n|\n|t:|1776242580\n|switch|p1a: Mimikyu|Mimikyu, L50, F, shiny|100/100\n|turn|3\n|\n|t:|1776242583\n|move|p2a: Big Chungus|Earthquake|p1a: Mimikyu\n|-activate|p1a: Mimikyu|ability: Disguise\n|-damage|p1a: Mimikyu|100/100\n|detailschange|p1a: Mimikyu|Mimikyu-Busted, L50, F, shiny\n|-damage|p1a: Mimikyu|88/100|[from] pokemon: Mimikyu-Busted\n|move|p1a: Mimikyu|Curse|p2a: Big Chungus\n|-start|p2a: Big Chungus|Curse|[of] p1a: Mimikyu\n|-damage|p1a: Mimikyu|38/100\n|-enditem|p1a: Mimikyu|Sitrus Berry|[eat]\n|-heal|p1a: Mimikyu|63/100|[from] item: Sitrus Berry\n|\n|-damage|p2a: Big Chungus|75/100|[from] Curse\n|upkeep\n|turn|4\n|\n|t:|1776242598\n|move|p2a: Big Chungus|Earthquake|p1a: Mimikyu\n|-damage|p1a: Mimikyu|0 fnt\n|faint|p1a: Mimikyu\n|\n|-damage|p2a: Big Chungus|50/100|[from] Curse\n|upkeep\n|\n|t:|1776242602\n|switch|p1a: Aegislash|Aegislash, L50, F, shiny|100/100\n|turn|5\n|\n|t:|1776242603\n|move|p1a: Aegislash|King's Shield|p1a: Aegislash\n|-singleturn|p1a: Aegislash|Protect\n|move|p2a: Big Chungus|Earthquake|p1a: Aegislash\n|-activate|p1a: Aegislash|move: Protect\n|\n|-damage|p2a: Big Chungus|25/100|[from] Curse\n|upkeep\n|turn|6\n|\n|t:|1776242606\n|move|p2a: Big Chungus|Earthquake|p1a: Aegislash\n|-supereffective|p1a: Aegislash|1\n|-damage|p1a: Aegislash|0 fnt\n|faint|p1a: Aegislash\n|\n|win|tukitiko\n|raw|Secondbeach's rating: 1072 &rarr; <strong>1056</strong><br />(-16 for losing)\n|raw|tukitiko's rating: 1151 &rarr; <strong>1170</strong><br />(+19 for winning)\n|l|\u2606Secondbeach\n|player|p1|\n",
  "uploadtime": 1776242623,
  "views": 11,
  "formatid": "gen9championsbssregma",
  "rating": 1056,
  "private": 0,
  "password": null
}