{
  "id": "gen9championsbssregma-2586776178",
  "format": "[Gen 9 Champions] BSS Reg M-A",
  "players": [
    "Aguwar",
    "tikpen"
  ],
  "log": "|j|\u2606Aguwar\n|j|\u2606tikpen\n|t:|1776459000\n|gametype|singles\n|player|p1|Aguwar|chili|1281\n|player|p2|tikpen|1|1397\n|gen|9\n|tier|[Gen 9 Champions] BSS Reg M-A\n|rated|\n|rule|Species Clause: Limit one of each Pok\u00e9mon\n|rule|Item Clause: Limit 1 of each item\n|clearpoke\n|poke|p1|Charizard, L50, M|\n|poke|p1|Meowscarada, L50, F|\n|poke|p1|Archaludon, L50, M|\n|poke|p1|Corviknight, L50, M|\n|poke|p1|Dragapult, L50, M|\n|poke|p1|Rotom-Wash, L50|\n|poke|p2|Delphox, L50, F|\n|poke|p2|Greninja-*, L50, M|\n|poke|p2|Archaludon, L50, M|\n|poke|p2|Kingambit, L50, M|\n|poke|p2|Sylveon, L50, F|\n|poke|p2|Scizor, L50, F|\n|teampreview|3\n|inactive|Battle timer is ON: inactive players will automatically lose when time's up. (requested by Aguwar)\n|inactive|Aguwar has 60 seconds left.\n|inactive|tikpen has 60 seconds left.\n|inactive|tikpen has 30 seconds left.\n|\n|t:|1776459066\n|teamsize|p1|3\n|teamsize|p2|3\n|start\n|switch|p1a: F16|Dragapult, L50, M|100/100\n|switch|p2a: Delphox|Delphox, L50, F|100/100\n|turn|1\n|\n|t:|1776459077\n|switch|p2a: Sylveon|Sylveon, L50, F|100/100\n|move|p1a: F16|Hydro Pump|p2a: Sylveon|[miss]\n|-miss|p1a: F16|p2a: Sylveon\n|\n|upkeep\n|turn|2\n|\n|t:|1776459092\n|move|p1a: F16|U-turn|p2a: Sylveon\n|-resisted|p2a: Sylveon|1\n|-damage|p2a: Sylveon|86/100\n|\n|t:|1776459095\n|switch|p1a: Zard|Charizard, L50, M|100/100|[from] U-turn\n|move|p2a: Sylveon|Yawn|p1a: Zard\n|-start|p1a: Zard|move: Yawn|[of] p2a: Sylveon\n|\n|-heal|p2a: Sylveon|92/100|[from] item: Leftovers\n|upkeep\n|turn|3\n|\n|t:|1776459106\n|switch|p1a: Corviking|Corviknight, L50, M, shiny|100/100\n|move|p2a: Sylveon|Hyper Voice|p1a: Corviking\n|-resisted|p1a: Corviking|1\n|-damage|p1a: Corviking|87/100\n|\n|-heal|p2a: Sylveon|98/100|[from] item: Leftovers\n|upkeep\n|turn|4\n|\n|t:|1776459115\n|move|p1a: Corviking|Brave Bird|p2a: Sylveon\n|-damage|p2a: Sylveon|53/100\n|-damage|p1a: Corviking|73/100|[from] Recoil\n|move|p2a: Sylveon|Yawn|p1a: Corviking\n|-start|p1a: Corviking|move: Yawn|[of] p2a: Sylveon\n|\n|-heal|p2a: Sylveon|59/100|[from] item: Leftovers\n|upkeep\n|turn|5\n|\n|t:|1776459127\n|switch|p1a: Zard|Charizard, L50, M|100/100\n|move|p2a: Sylveon|Yawn|p1a: Zard\n|-start|p1a: Zard|move: Yawn|[of] p2a: Sylveon\n|\n|-heal|p2a: Sylveon|65/100|[from] item: Leftovers\n|upkeep\n|turn|6\n|\n|t:|1776459138\n|switch|p1a: Corviking|Corviknight, L50, M, shiny|73/100\n|switch|p2a: Delphox|Delphox, L50, F|100/100\n|\n|upkeep\n|turn|7\n|\n|t:|1776459156\n|switch|p1a: F16|Dragapult, L50, M|100/100\n|detailschange|p2a: Delphox|Delphox-Mega, L50, F\n|-mega|p2a: Delphox|Delphox|Delphoxite\n|move|p2a: Delphox|Psychic|p1a: F16\n|-damage|p1a: F16|28/100\n|\n|upkeep\n|turn|8\n|\n|t:|1776459167\n|move|p1a: F16|Dragon Darts|p2a: Delphox\n|-damage|p2a: Delphox|64/100\n|-anim|p1a: F16|Dragon Darts|p2a: Delphox\n|-damage|p2a: Delphox|24/100\n|move|p2a: Delphox|Psychic|p1a: F16\n|-damage|p1a: F16|0 fnt\n|faint|p1a: F16\n|\n|upkeep\n|\n|t:|1776459171\n|switch|p1a: Zard|Charizard, L50, M|100/100\n|turn|9\n|\n|t:|1776459187\n|switch|p2a: Archaludon|Archaludon, L50, M|100/100\n|detailschange|p1a: Zard|Charizard-Mega-Y, L50, M\n|-mega|p1a: Zard|Charizard|Charizardite Y\n|-weather|SunnyDay|[from] ability: Drought|[of] p1a: Zard\n|move|p1a: Zard|Weather Ball|p2a: Archaludon\n|-damage|p2a: Archaludon|0 fnt\n|faint|p2a: Archaludon\n|\n|-weather|SunnyDay|[upkeep]\n|upkeep\n|\n|t:|1776459200\n|switch|p2a: Sylveon|Sylveon, L50, F|65/100\n|turn|10\n|\n|t:|1776459204\n|move|p1a: Zard|Weather Ball|p2a: Sylveon\n|-damage|p2a: Sylveon|14/100\n|move|p2a: Sylveon|Yawn|p1a: Zard\n|-start|p1a: Zard|move: Yawn|[of] p2a: Sylveon\n|\n|-weather|SunnyDay|[upkeep]\n|-heal|p2a: Sylveon|20/100|[from] item: Leftovers\n|upkeep\n|turn|11\n|\n|t:|1776459223\n|move|p1a: Zard|Weather Ball|p2a: Sylveon\n|-damage|p2a: Sylveon|0 fnt\n|faint|p2a: Sylveon\n|\n|-weather|SunnyDay|[upkeep]\n|-end|p1a: Zard|move: Yawn|[silent]\n|-status|p1a: Zard|slp\n|upkeep\n|\n|t:|1776459231\n|switch|p2a: Delphox|Delphox-Mega, L50, F|24/100\n|turn|12\n|\n|t:|1776459235\n|move|p2a: Delphox|Psychic|p1a: Zard\n|-damage|p1a: Zard|40/100 slp\n|cant|p1a: Zard|slp\n|\n|-weather|SunnyDay|[upkeep]\n|upkeep\n|turn|13\n|\n|t:|1776459242\n|move|p2a: Delphox|Psychic|p1a: Zard\n|-damage|p1a: Zard|0 fnt\n|faint|p1a: Zard\n|\n|-weather|none\n|upkeep\n|\n|t:|1776459244\n|switch|p1a: Corviking|Corviknight, L50, M, shiny|73/100\n|turn|14\n|\n|t:|1776459251\n|move|p2a: Delphox|Flamethrower|p1a: Corviking|[miss]\n|-miss|p2a: Delphox|p1a: Corviking\n|move|p1a: Corviking|Brave Bird|p2a: Delphox\n|-damage|p2a: Delphox|0 fnt\n|faint|p2a: Delphox\n|-damage|p1a: Corviking|67/100|[from] Recoil\n|\n|win|Aguwar\n|raw|Aguwar's rating: 1281 &rarr; <strong>1314</strong><br />(+33 for winning)\n|raw|tikpen's rating: 1397 &rarr; <strong>1371</strong><br />(-26 for losing)\n|c|\u2606Aguwar|gg\n",
  "uploadtime": 1776459266,
  "views": 7,
  "formatid": "gen9championsbssregma",
  "rating": 1314,
  "private": 0,
  "password": null
}