{
  "id": "gen9championsbssregma-2583412875",
  "format": "[Gen 9 Champions] BSS Reg M-A",
  "players": [
    "jobidenkim1557",
    "kyotoyoko"
  ],
  "log": "|j|\u2606jobidenkim1557\n|j|\u2606kyotoyoko\n|t:|1776173965\n|gametype|singles\n|player|p1|jobidenkim1557|265|1179\n|player|p2|kyotoyoko|caitlin|1290\n|gen|9\n|tier|[Gen 9 Champions] BSS Reg M-A\n|rated|\n|rule|Species Clause: Limit one of each Pok\u00e9mon\n|rule|Item Clause: Limit 1 of each item\n|clearpoke\n|poke|p1|Meganium, L50, M|\n|poke|p1|Corviknight, L50, F|\n|poke|p1|Samurott-Hisui, L50, F|\n|poke|p1|Mimikyu, L50, M|\n|poke|p1|Goodra-Hisui, L50, F|\n|poke|p1|Drampa, L50, F|\n|poke|p2|Hippowdon, L50, F|\n|poke|p2|Charizard, L50, F|\n|poke|p2|Corviknight, L50, F|\n|poke|p2|Primarina, L50, F|\n|poke|p2|Gengar, L50, F|\n|poke|p2|Mimikyu, L50, F|\n|teampreview|3\n|\n|t:|1776173997\n|teamsize|p1|3\n|teamsize|p2|3\n|start\n|switch|p1a: Meganium|Meganium, L50, M|100/100\n|switch|p2a: Charizard|Charizard, L50, F|100/100\n|turn|1\n|inactive|Battle timer is ON: inactive players will automatically lose when time's up. (requested by kyotoyoko)\n|inactive|jobidenkim1557 also wants the timer to be on.\n|\n|t:|1776174021\n|switch|p1a: Goodra|Goodra-Hisui, L50, F|100/100\n|move|p2a: Charizard|Swords Dance|p2a: Charizard\n|-boost|p2a: Charizard|atk|2\n|\n|upkeep\n|turn|2\n|\n|t:|1776174031\n|detailschange|p2a: Charizard|Charizard-Mega-X, L50, F\n|-mega|p2a: Charizard|Charizard|Charizardite X\n|move|p2a: Charizard|Flare Blitz|p1a: Goodra\n|-damage|p1a: Goodra|0 fnt\n|faint|p1a: Goodra\n|-damage|p2a: Charizard|67/100|[from] Recoil\n|\n|upkeep\n|\n|t:|1776174037\n|switch|p1a: Mimikyu|Mimikyu, L50, M, shiny|100/100\n|turn|3\n|\n|t:|1776174049\n|switch|p2a: Hippowdon|Hippowdon, L50, F|100/100\n|-weather|Sandstorm|[from] ability: Sand Stream|[of] p2a: Hippowdon\n|move|p1a: Mimikyu|Curse|p2a: Hippowdon\n|-start|p2a: Hippowdon|Curse|[of] p1a: Mimikyu\n|-damage|p1a: Mimikyu|50/100\n|\n|-weather|Sandstorm|[upkeep]\n|-damage|p1a: Mimikyu|44/100|[from] Sandstorm\n|-damage|p2a: Hippowdon|76/100|[from] Curse\n|upkeep\n|turn|4\n|j| p74\n|\n|t:|1776174061\n|move|p1a: Mimikyu|Play Rough|p2a: Hippowdon\n|-crit|p2a: Hippowdon\n|-damage|p2a: Hippowdon|39/100\n|-unboost|p2a: Hippowdon|atk|1\n|-enditem|p2a: Hippowdon|Sitrus Berry|[eat]\n|-heal|p2a: Hippowdon|64/100|[from] item: Sitrus Berry\n|move|p2a: Hippowdon|Yawn|p1a: Mimikyu\n|-start|p1a: Mimikyu|move: Yawn|[of] p2a: Hippowdon\n|\n|-weather|Sandstorm|[upkeep]\n|-damage|p1a: Mimikyu|38/100|[from] Sandstorm\n|-damage|p2a: Hippowdon|39/100|[from] Curse\n|upkeep\n|turn|5\n|\n|t:|1776174078\n|switch|p1a: Meganium|Meganium, L50, M|100/100\n|move|p2a: Hippowdon|Yawn|p1a: Meganium\n|-start|p1a: Meganium|move: Yawn|[of] p2a: Hippowdon\n|\n|-weather|Sandstorm|[upkeep]\n|-damage|p1a: Meganium|94/100|[from] Sandstorm\n|-damage|p2a: Hippowdon|14/100|[from] Curse\n|upkeep\n|turn|6\n|\n|t:|1776174089\n|switch|p1a: Mimikyu|Mimikyu, L50, M, shiny|38/100\n|move|p2a: Hippowdon|Yawn|p1a: Mimikyu\n|-start|p1a: Mimikyu|move: Yawn|[of] p2a: Hippowdon\n|\n|-weather|Sandstorm|[upkeep]\n|-damage|p1a: Mimikyu|32/100|[from] Sandstorm\n|-damage|p2a: Hippowdon|0 fnt|[from] Curse\n|faint|p2a: Hippowdon\n|upkeep\n|\n|t:|1776174099\n|switch|p2a: Charizard|Charizard-Mega-X, L50, F|67/100\n|turn|7\n|\n|t:|1776174103\n|move|p1a: Mimikyu|Curse|p2a: Charizard\n|-start|p2a: Charizard|Curse|[of] p1a: Mimikyu\n|-damage|p1a: Mimikyu|0 fnt\n|faint|p1a: Mimikyu\n|move|p2a: Charizard|Flame Charge|p1: Mimikyu|[notarget]\n|-fail|p2a: Charizard\n|\n|-weather|none\n|-damage|p2a: Charizard|43/100|[from] Curse\n|upkeep\n|\n|t:|1776174109\n|switch|p1a: Meganium|Meganium, L50, M|94/100\n|turn|8\n|\n|t:|1776174117\n|detailschange|p1a: Meganium|Meganium-Mega, L50, M\n|-mega|p1a: Meganium|Meganium|Meganiumite\n|move|p2a: Charizard|Flare Blitz|p1a: Meganium\n|-supereffective|p1a: Meganium|1\n|-damage|p1a: Meganium|0 fnt\n|faint|p1a: Meganium\n|-damage|p2a: Charizard|11/100|[from] Recoil\n|\n|win|kyotoyoko\n|raw|jobidenkim1557's rating: 1179 &rarr; <strong>1162</strong><br />(-17 for losing)\n|raw|kyotoyoko's rating: 1290 &rarr; <strong>1307</strong><br />(+17 for winning)\n|l|\u2606jobidenkim1557\n|player|p1|\n|l|\u2606kyotoyoko\n|player|p2|\n",
  "uploadtime": 1776174126,
  "views": 2,
  "formatid": "gen9championsbssregma",
  "rating": 1162,
  "private": 0,
  "password": null
}