{
  "id": "gen9championsbssregma-2582251771",
  "format": "[Gen 9 Champions] BSS Reg M-A",
  "players": [
    "Rei1547",
    "karbain"
  ],
  "log": "|j|\u2606Rei1547\n|j|\u2606karbain\n|t:|1776076294\n|gametype|singles\n|player|p1|Rei1547|elesa|1293\n|player|p2|karbain|170|1337\n|gen|9\n|tier|[Gen 9 Champions] BSS Reg M-A\n|rated|\n|rule|Species Clause: Limit one of each Pok\u00e9mon\n|rule|Item Clause: Limit 1 of each item\n|clearpoke\n|poke|p1|Gengar, L50, M|\n|poke|p1|Garchomp, L50, M|\n|poke|p1|Umbreon, L50, F|\n|poke|p1|Scizor, L50, M|\n|poke|p1|Azumarill, L50, M|\n|poke|p1|Meowscarada, L50, F|\n|poke|p2|Basculegion, L50, M|\n|poke|p2|Delphox, L50, M|\n|poke|p2|Lopunny, L50, M|\n|poke|p2|Corviknight, L50, F|\n|poke|p2|Bellibolt, L50, M|\n|poke|p2|Garchomp, L50, M|\n|teampreview|3\n|inactive|Battle timer is ON: inactive players will automatically lose when time's up. (requested by karbain)\n|\n|t:|1776076330\n|teamsize|p1|3\n|teamsize|p2|3\n|start\n|switch|p1a: Garchomp|Garchomp, L50, M, shiny|100/100\n|switch|p2a: Lopunny|Lopunny, L50, M, shiny|100/100\n|turn|1\n|j| p74\n|\n|t:|1776076348\n|detailschange|p2a: Lopunny|Lopunny-Mega, L50, M, shiny\n|-mega|p2a: Lopunny|Lopunny|Lopunnite\n|move|p2a: Lopunny|Fake Out|p1a: Garchomp\n|-damage|p1a: Garchomp|79/100\n|-damage|p2a: Lopunny|88/100|[from] ability: Rough Skin|[of] p1a: Garchomp\n|cant|p1a: Garchomp|flinch\n|\n|upkeep\n|turn|2\n|\n|t:|1776076360\n|move|p2a: Lopunny|Close Combat|p1a: Garchomp\n|-damage|p1a: Garchomp|14/100\n|-unboost|p2a: Lopunny|def|1\n|-unboost|p2a: Lopunny|spd|1\n|-damage|p2a: Lopunny|76/100|[from] ability: Rough Skin|[of] p1a: Garchomp\n|move|p1a: Garchomp|Stealth Rock|p2a: Lopunny\n|-sidestart|p2: karbain|move: Stealth Rock\n|\n|upkeep\n|turn|3\n|inactive|karbain has 30 seconds left.\n|\n|t:|1776076393\n|move|p2a: Lopunny|Facade|p1a: Garchomp\n|-crit|p1a: Garchomp\n|-damage|p1a: Garchomp|0 fnt\n|-damage|p2a: Lopunny|64/100|[from] ability: Rough Skin|[of] p1a: Garchomp\n|faint|p1a: Garchomp\n|\n|upkeep\n|\n|t:|1776076400\n|switch|p1a: Gengar|Gengar, L50, M, shiny|100/100\n|turn|4\n|\n|t:|1776076404\n|switch|p2a: Bellibolt|Bellibolt, L50, M|100/100\n|-damage|p2a: Bellibolt|88/100|[from] Stealth Rock\n|detailschange|p1a: Gengar|Gengar-Mega, L50, M, shiny\n|-mega|p1a: Gengar|Gengar|Gengarite\n|move|p1a: Gengar|Nasty Plot|p1a: Gengar\n|-boost|p1a: Gengar|spa|2\n|\n|upkeep\n|turn|5\n|\n|t:|1776076417\n|move|p1a: Gengar|Sludge Wave|p2a: Bellibolt\n|-damage|p2a: Bellibolt|0 fnt\n|faint|p2a: Bellibolt\n|\n|upkeep\n|\n|t:|1776076423\n|switch|p2a: Lopunny|Lopunny-Mega, L50, M, shiny|64/100\n|-damage|p2a: Lopunny|59/100|[from] Stealth Rock\n|turn|6\n|\n|t:|1776076428\n|switch|p1a: Azumarill|Azumarill, L50, M, shiny|100/100\n|move|p2a: Lopunny|Fake Out|p1a: Azumarill\n|-damage|p1a: Azumarill|78/100\n|\n|upkeep\n|turn|7\n|inactive|Rei1547 has 30 seconds left.\n|\n|t:|1776076453\n|switch|p2a: Corviknight|Corviknight, L50, F|100/100\n|-damage|p2a: Corviknight|88/100|[from] Stealth Rock\n|-ability|p2a: Corviknight|Pressure\n|move|p1a: Azumarill|Play Rough|p2a: Corviknight\n|-resisted|p2a: Corviknight|1\n|-damage|p2a: Corviknight|69/100\n|\n|-heal|p2a: Corviknight|75/100|[from] item: Leftovers\n|upkeep\n|turn|8\n|\n|t:|1776076465\n|move|p2a: Corviknight|U-turn|p1a: Azumarill\n|-resisted|p1a: Azumarill|1\n|-damage|p1a: Azumarill|70/100\n|\n|t:|1776076468\n|switch|p2a: Lopunny|Lopunny-Mega, L50, M, shiny|59/100|[from] U-turn\n|-damage|p2a: Lopunny|53/100|[from] Stealth Rock\n|move|p1a: Azumarill|Belly Drum|p1a: Azumarill\n|-damage|p1a: Azumarill|20/100\n|-setboost|p1a: Azumarill|atk|6|[from] move: Belly Drum\n|-enditem|p1a: Azumarill|Sitrus Berry|[eat]\n|-heal|p1a: Azumarill|45/100|[from] item: Sitrus Berry\n|\n|upkeep\n|turn|9\n|\n|t:|1776076479\n|move|p2a: Lopunny|Fake Out|p1a: Azumarill\n|-damage|p1a: Azumarill|22/100\n|cant|p1a: Azumarill|flinch\n|\n|upkeep\n|turn|10\n|j| qibly\n|\n|t:|1776076496\n|switch|p2a: Corviknight|Corviknight, L50, F|75/100\n|-damage|p2a: Corviknight|63/100|[from] Stealth Rock\n|-ability|p2a: Corviknight|Pressure\n|move|p1a: Azumarill|Aqua Jet|p2a: Corviknight\n|-damage|p2a: Corviknight|3/100\n|\n|-heal|p2a: Corviknight|9/100|[from] item: Leftovers\n|upkeep\n|turn|11\n|l| qibly\n|\n|t:|1776076506\n|move|p1a: Azumarill|Aqua Jet|p2a: Corviknight\n|-damage|p2a: Corviknight|0 fnt\n|faint|p2a: Corviknight\n|\n|upkeep\n|\n|t:|1776076510\n|switch|p2a: Lopunny|Lopunny-Mega, L50, M, shiny|53/100\n|-damage|p2a: Lopunny|47/100|[from] Stealth Rock\n|turn|12\n|\n|t:|1776076515\n|move|p2a: Lopunny|Fake Out|p1a: Azumarill\n|-crit|p1a: Azumarill\n|-damage|p1a: Azumarill|0 fnt\n|faint|p1a: Azumarill\n|\n|upkeep\n|\n|t:|1776076520\n|switch|p1a: Gengar|Gengar-Mega, L50, M, shiny|100/100\n|turn|13\n|\n|t:|1776076524\n|move|p2a: Lopunny|Facade|p1a: Gengar\n|-damage|p1a: Gengar|41/100\n|move|p1a: Gengar|Sludge Wave|p2a: Lopunny\n|-damage|p2a: Lopunny|0 fnt\n|faint|p2a: Lopunny\n|\n|win|Rei1547\n|raw|Rei1547's rating: 1293 &rarr; <strong>1321</strong><br />(+28 for winning)\n|raw|karbain's rating: 1337 &rarr; <strong>1314</strong><br />(-23 for losing)\n|l|\u2606karbain\n|player|p2|\n",
  "uploadtime": 1776076530,
  "views": 7,
  "formatid": "gen9championsbssregma",
  "rating": 1314,
  "private": 0,
  "password": null
}