{
  "id": "gen9championsbssregma-2585522351",
  "format": "[Gen 9 Champions] BSS Reg M-A",
  "players": [
    "TrainerXay",
    "BBBKTY"
  ],
  "log": "|j|\u2606TrainerXay\n|j|\u2606BBBKTY\n|t:|1776353154\n|gametype|singles\n|player|p1|TrainerXay|hilbert-wonderlauncher|1062\n|player|p2|BBBKTY|265|1089\n|gen|9\n|tier|[Gen 9 Champions] BSS Reg M-A\n|rated|\n|rule|Species Clause: Limit one of each Pok\u00e9mon\n|rule|Item Clause: Limit 1 of each item\n|clearpoke\n|poke|p1|Lopunny, L50, F|\n|poke|p1|Sableye, L50, F|\n|poke|p1|Meowscarada, L50, F|\n|poke|p1|Slowking-Galar, L50, F|\n|poke|p1|Raichu-Alola, L50, M|\n|poke|p1|Aegislash, L50, M|\n|poke|p2|Dragapult, L50, F|\n|poke|p2|Alakazam, L50, F|\n|poke|p2|Azumarill, L50, M|\n|poke|p2|Clefable, L50, F|\n|poke|p2|Espathra, L50, M|\n|poke|p2|Glimmora, L50, F|\n|teampreview|3\n|inactive|Battle timer is ON: inactive players will automatically lose when time's up. (requested by TrainerXay)\n|inactive|TrainerXay has 60 seconds left.\n|\n|t:|1776353187\n|teamsize|p1|3\n|teamsize|p2|3\n|start\n|switch|p1a: Sableye|Sableye, L50, F|100/100\n|switch|p2a: Glimmora|Glimmora, L50, F|100/100\n|turn|1\n|inactive|BBBKTY has 30 seconds left.\n|\n|t:|1776353215\n|detailschange|p1a: Sableye|Sableye-Mega, L50, F\n|-mega|p1a: Sableye|Sableye|Sablenite\n|move|p2a: Glimmora|Stealth Rock|p1a: Sableye\n|move|p1a: Sableye|Stealth Rock|p2a: Glimmora|[from] ability: Magic Bounce\n|-sidestart|p2: BBBKTY|move: Stealth Rock\n|move|p1a: Sableye|Encore|p2a: Glimmora\n|-start|p2a: Glimmora|Encore\n|\n|upkeep\n|turn|2\n|\n|t:|1776353228\n|switch|p2a: Espathra|Espathra, L50, M, shiny|100/100\n|-damage|p2a: Espathra|88/100|[from] Stealth Rock\n|move|p1a: Sableye|Foul Play|p2a: Espathra\n|-supereffective|p2a: Espathra|1\n|-damage|p2a: Espathra|46/100\n|-enditem|p2a: Espathra|Sitrus Berry|[eat]\n|-heal|p2a: Espathra|70/100|[from] item: Sitrus Berry\n|\n|upkeep\n|turn|3\n|\n|t:|1776353239\n|move|p2a: Espathra|Protect|p2a: Espathra\n|-singleturn|p2a: Espathra|Protect\n|move|p1a: Sableye|Foul Play|p2a: Espathra\n|-activate|p2a: Espathra|move: Protect\n|\n|-ability|p2a: Espathra|Speed Boost|boost\n|-boost|p2a: Espathra|spe|1\n|upkeep\n|turn|4\n|\n|t:|1776353257\n|move|p2a: Espathra|Baton Pass|p2a: Espathra\n|\n|t:|1776353262\n|switch|p2a: Clefable|Clefable, L50, F, shiny|100/100|[from] Baton Pass\n|-damage|p2a: Clefable|88/100|[from] Stealth Rock\n|move|p1a: Sableye|Encore||[still]\n|-fail|p1a: Sableye\n|\n|upkeep\n|turn|5\n|\n|t:|1776353270\n|detailschange|p2a: Clefable|Clefable-Mega, L50, F, shiny\n|-mega|p2a: Clefable|Clefable|Clefablite\n|move|p2a: Clefable|Cosmic Power|p2a: Clefable\n|-boost|p2a: Clefable|def|1\n|-boost|p2a: Clefable|spd|1\n|move|p1a: Sableye|Encore|p2a: Clefable\n|move|p2a: Clefable|Encore||[from] ability: Magic Bounce|[still]\n|-fail|p2a: Clefable\n|\n|upkeep\n|turn|6\n|-message|TrainerXay forfeited.\n|\n|win|BBBKTY\n|raw|TrainerXay's rating: 1062 &rarr; <strong>1044</strong><br />(-18 for losing)\n|raw|BBBKTY's rating: 1089 &rarr; <strong>1114</strong><br />(+25 for winning)\n|l|\u2606TrainerXay\n|player|p1|\n",
  "uploadtime": 1776353308,
  "views": 12,
  "formatid": "gen9championsbssregma",
  "rating": 1044,
  "private": 0,
  "password": null
}