{
  "id": "gen9championsbssregma-2583174515",
  "format": "[Gen 9 Champions] BSS Reg M-A",
  "players": [
    "gumio3842",
    "esrhehesr"
  ],
  "log": "|j|\u2606gumio3842\n|j|\u2606esrhehesr\n|t:|1776151048\n|gametype|singles\n|player|p1|gumio3842|candice|1102\n|player|p2|esrhehesr|265|1000\n|gen|9\n|tier|[Gen 9 Champions] BSS Reg M-A\n|rated|\n|rule|Species Clause: Limit one of each Pok\u00e9mon\n|rule|Item Clause: Limit 1 of each item\n|clearpoke\n|poke|p1|Archaludon, L50, M|\n|poke|p1|Aurorus, L50, F|\n|poke|p1|Ceruledge, L50, F|\n|poke|p1|Charizard, L50, M|\n|poke|p1|Tyranitar, L50, F|\n|poke|p1|Corviknight, L50, F|\n|poke|p2|Espathra, L50, M|\n|poke|p2|Rotom-Heat, L50|\n|poke|p2|Primarina, L50, F|\n|poke|p2|Floette-Eternal, L50, F|\n|poke|p2|Garchomp, L50, M|\n|poke|p2|Lucario, L50, M|\n|teampreview|3\n|\n|t:|1776151071\n|teamsize|p1|3\n|teamsize|p2|3\n|start\n|switch|p1a: \ube0c\ub9ac\ub450\ub77c\uc2a4|Archaludon, L50, M, shiny|100/100\n|switch|p2a: Espathra|Espathra, L50, M|100/100\n|turn|1\n|\n|t:|1776151088\n|move|p2a: Espathra|Protect|p2a: Espathra\n|-singleturn|p2a: Espathra|Protect\n|move|p1a: \ube0c\ub9ac\ub450\ub77c\uc2a4|Swords Dance|p1a: \ube0c\ub9ac\ub450\ub77c\uc2a4\n|-boost|p1a: \ube0c\ub9ac\ub450\ub77c\uc2a4|atk|2\n|\n|-ability|p2a: Espathra|Speed Boost|boost\n|-boost|p2a: Espathra|spe|1\n|upkeep\n|turn|2\n|\n|t:|1776151110\n|move|p2a: Espathra|Substitute|p2a: Espathra\n|-start|p2a: Espathra|Substitute\n|-damage|p2a: Espathra|75/100\n|move|p1a: \ube0c\ub9ac\ub450\ub77c\uc2a4|Earthquake|p2a: Espathra\n|-end|p2a: Espathra|Substitute\n|\n|-heal|p2a: Espathra|81/100|[from] item: Leftovers\n|-ability|p2a: Espathra|Speed Boost|boost\n|-boost|p2a: Espathra|spe|1\n|upkeep\n|turn|3\n|\n|t:|1776151118\n|move|p2a: Espathra|Baton Pass|p2a: Espathra\n|\n|t:|1776151119\n|switch|p2a: Rotom|Rotom-Heat, L50|100/100|[from] Baton Pass\n|move|p1a: \ube0c\ub9ac\ub450\ub77c\uc2a4|Swords Dance|p1a: \ube0c\ub9ac\ub450\ub77c\uc2a4\n|-boost|p1a: \ube0c\ub9ac\ub450\ub77c\uc2a4|atk|2\n|\n|upkeep\n|turn|4\n|\n|t:|1776151130\n|move|p2a: Rotom|Nasty Plot|p2a: Rotom\n|-boost|p2a: Rotom|spa|2\n|move|p1a: \ube0c\ub9ac\ub450\ub77c\uc2a4|Outrage|p2a: Rotom\n|-damage|p2a: Rotom|0 fnt\n|faint|p2a: Rotom\n|\n|upkeep\n|\n|t:|1776151136\n|switch|p2a: Espathra|Espathra, L50, M|81/100\n|turn|5\n|\n|t:|1776151143\n|move|p2a: Espathra|Substitute|p2a: Espathra\n|-start|p2a: Espathra|Substitute\n|-damage|p2a: Espathra|56/100\n|move|p1a: \ube0c\ub9ac\ub450\ub77c\uc2a4|Outrage|p2a: Espathra|[from] lockedmove\n|-end|p2a: Espathra|Substitute\n|-start|p1a: \ube0c\ub9ac\ub450\ub77c\uc2a4|confusion|[fatigue]\n|\n|-heal|p2a: Espathra|62/100|[from] item: Leftovers\n|-ability|p2a: Espathra|Speed Boost|boost\n|-boost|p2a: Espathra|spe|1\n|upkeep\n|turn|6\n|\n|t:|1776151153\n|move|p2a: Espathra|Substitute|p2a: Espathra\n|-start|p2a: Espathra|Substitute\n|-damage|p2a: Espathra|37/100\n|-activate|p1a: \ube0c\ub9ac\ub450\ub77c\uc2a4|confusion\n|move|p1a: \ube0c\ub9ac\ub450\ub77c\uc2a4|Earthquake|p2a: Espathra\n|-end|p2a: Espathra|Substitute\n|\n|-heal|p2a: Espathra|43/100|[from] item: Leftovers\n|-ability|p2a: Espathra|Speed Boost|boost\n|-boost|p2a: Espathra|spe|1\n|upkeep\n|turn|7\n|\n|t:|1776151163\n|move|p2a: Espathra|Substitute|p2a: Espathra\n|-start|p2a: Espathra|Substitute\n|-damage|p2a: Espathra|18/100\n|-end|p1a: \ube0c\ub9ac\ub450\ub77c\uc2a4|confusion\n|move|p1a: \ube0c\ub9ac\ub450\ub77c\uc2a4|Earthquake|p2a: Espathra\n|-crit|p2a: Espathra\n|-end|p2a: Espathra|Substitute\n|\n|-heal|p2a: Espathra|24/100|[from] item: Leftovers\n|-ability|p2a: Espathra|Speed Boost|boost\n|-boost|p2a: Espathra|spe|1\n|upkeep\n|turn|8\n|\n|t:|1776151175\n|move|p2a: Espathra|Lumina Crash|p1a: \ube0c\ub9ac\ub450\ub77c\uc2a4\n|-resisted|p1a: \ube0c\ub9ac\ub450\ub77c\uc2a4|1\n|-damage|p1a: \ube0c\ub9ac\ub450\ub77c\uc2a4|79/100\n|-unboost|p1a: \ube0c\ub9ac\ub450\ub77c\uc2a4|spd|2\n|move|p1a: \ube0c\ub9ac\ub450\ub77c\uc2a4|Earthquake|p2a: Espathra\n|-damage|p2a: Espathra|0 fnt\n|faint|p2a: Espathra\n|\n|upkeep\n|\n|t:|1776151183\n|switch|p2a: Lucario|Lucario, L50, M|100/100\n|turn|9\n|\n|t:|1776151189\n|detailschange|p2a: Lucario|Lucario-Mega, L50, M\n|-mega|p2a: Lucario|Lucario|Lucarionite\n|move|p2a: Lucario|Close Combat|p1a: \ube0c\ub9ac\ub450\ub77c\uc2a4\n|-supereffective|p1a: \ube0c\ub9ac\ub450\ub77c\uc2a4|1\n|-damage|p1a: \ube0c\ub9ac\ub450\ub77c\uc2a4|0 fnt\n|-unboost|p2a: Lucario|def|1\n|-unboost|p2a: Lucario|spd|1\n|faint|p1a: \ube0c\ub9ac\ub450\ub77c\uc2a4\n|\n|upkeep\n|\n|t:|1776151194\n|switch|p1a: \uc544\uba38\uae4c\uc624|Corviknight, L50, F, shiny|100/100\n|turn|10\n|\n|t:|1776151199\n|move|p2a: Lucario|Swords Dance|p2a: Lucario\n|-boost|p2a: Lucario|atk|2\n|move|p1a: \uc544\uba38\uae4c\uc624|Bulk Up|p1a: \uc544\uba38\uae4c\uc624\n|-boost|p1a: \uc544\uba38\uae4c\uc624|atk|1\n|-boost|p1a: \uc544\uba38\uae4c\uc624|def|1\n|\n|upkeep\n|turn|11\n|\n|t:|1776151205\n|move|p2a: Lucario|Swords Dance|p2a: Lucario\n|-boost|p2a: Lucario|atk|2\n|move|p1a: \uc544\uba38\uae4c\uc624|Bulk Up|p1a: \uc544\uba38\uae4c\uc624\n|-boost|p1a: \uc544\uba38\uae4c\uc624|atk|1\n|-boost|p1a: \uc544\uba38\uae4c\uc624|def|1\n|\n|upkeep\n|turn|12\n|\n|t:|1776151216\n|move|p2a: Lucario|Close Combat|p1a: \uc544\uba38\uae4c\uc624\n|-damage|p1a: \uc544\uba38\uae4c\uc624|15/100\n|-unboost|p2a: Lucario|def|1\n|-unboost|p2a: Lucario|spd|1\n|move|p1a: \uc544\uba38\uae4c\uc624|Body Press|p2a: Lucario\n|-supereffective|p2a: Lucario|1\n|-damage|p2a: Lucario|0 fnt\n|faint|p2a: Lucario\n|\n|win|gumio3842\n|raw|gumio3842's rating: 1102 &rarr; <strong>1120</strong><br />(+18 for winning)\n|raw|esrhehesr's rating: 1000 &rarr; <strong>1000</strong><br />(+0 for losing)\n|l|\u2606esrhehesr\n|player|p2|\n",
  "uploadtime": 1776151221,
  "views": 6,
  "formatid": "gen9championsbssregma",
  "rating": 1000,
  "private": 0,
  "password": null
}