{
  "id": "gen9championsbssregma-2580807403",
  "format": "[Gen 9 Champions] BSS Reg M-A",
  "players": [
    "DerpySuX",
    "zi_was_here"
  ],
  "log": "|j|\u2606DerpySuX\n|j|\u2606zi_was_here\n|inactive|Battle timer is ON: inactive players will automatically lose when time's up.\n|t:|1775934081\n|gametype|singles\n|player|p1|DerpySuX|#derpysux|\n|player|p2|zi_was_here|pokemonbreederf-gen4|\n|gen|9\n|tier|[Gen 9 Champions] BSS Reg M-A\n|rated|Tournament battle\n|rule|Species Clause: Limit one of each Pok\u00e9mon\n|rule|Item Clause: Limit 1 of each item\n|clearpoke\n|poke|p1|Gengar, L50, M|\n|poke|p1|Garchomp, L50, F|\n|poke|p1|Hippowdon, L50, M|\n|poke|p1|Primarina, L50, F|\n|poke|p1|Slowking-Galar, L50, M|\n|poke|p1|Lopunny, L50, F|\n|poke|p2|Delphox, L50, M|\n|poke|p2|Palafin, L50, F|\n|poke|p2|Corviknight, L50, M|\n|poke|p2|Garchomp, L50, M|\n|poke|p2|Hatterene, L50, F|\n|poke|p2|Kingambit, L50, M|\n|teampreview|3\n|inactive|DerpySuX also wants the timer to be on.\n|c|\u2606DerpySuX|hf\n|inactive|DerpySuX has 60 seconds left.\n|\n|t:|1775934116\n|teamsize|p1|3\n|teamsize|p2|3\n|start\n|switch|p1a: Lopunny|Lopunny, L50, F|100/100\n|switch|p2a: Palafin|Palafin, L50, F, shiny|100/100\n|turn|1\n|j| The Squash\n|inactive|zi_was_here has 30 seconds left.\n|j| cherif19\n|inactive|zi_was_here has 20 seconds left.\n|\n|t:|1775934152\n|detailschange|p2a: Palafin|Palafin-Hero, L50, F, shiny\n|switch|p2a: Garchomp|Garchomp, L50, M, shiny|100/100\n|detailschange|p1a: Lopunny|Lopunny-Mega, L50, F\n|-mega|p1a: Lopunny|Lopunny|Lopunnite\n|move|p1a: Lopunny|Fake Out|p2a: Garchomp\n|-damage|p2a: Garchomp|78/100\n|-damage|p1a: Lopunny|89/100|[from] ability: Rough Skin|[of] p2a: Garchomp\n|\n|upkeep\n|turn|2\n|c|\u2606DerpySuX|Omg hi the squash\n|c|\u2606DerpySuX|big fan\n|\n|t:|1775934161\n|switch|p1a: Hippowdon|Hippowdon, L50, M|100/100\n|-weather|Sandstorm|[from] ability: Sand Stream|[of] p1a: Hippowdon\n|move|p2a: Garchomp|Earthquake|p1a: Hippowdon\n|-crit|p1a: Hippowdon\n|-damage|p1a: Hippowdon|61/100\n|\n|-weather|Sandstorm|[upkeep]\n|-heal|p1a: Hippowdon|67/100|[from] item: Leftovers\n|upkeep\n|turn|3\n|c| The Squash|hello derpy sux\n|\n|t:|1775934167\n|switch|p2a: Palafin|Palafin-Hero, L50, F, shiny|100/100\n|-activate|p2a: Palafin|ability: Zero to Hero\n|move|p1a: Hippowdon|Stealth Rock|p2a: Palafin\n|-sidestart|p2: zi_was_here|move: Stealth Rock\n|\n|-weather|Sandstorm|[upkeep]\n|-damage|p2a: Palafin|95/100|[from] Sandstorm\n|-heal|p1a: Hippowdon|73/100|[from] item: Leftovers\n|upkeep\n|turn|4\n|\n|t:|1775934173\n|switch|p1a: Primarina|Primarina, L50, F|100/100\n|move|p2a: Palafin|Jet Punch|p1a: Primarina\n|-resisted|p1a: Primarina|1\n|-damage|p1a: Primarina|75/100\n|\n|-weather|Sandstorm|[upkeep]\n|-damage|p2a: Palafin|89/100|[from] Sandstorm\n|-damage|p1a: Primarina|69/100|[from] Sandstorm\n|upkeep\n|turn|5\n|\n|t:|1775934176\n|move|p2a: Palafin|Flip Turn|p1a: Primarina\n|-resisted|p1a: Primarina|1\n|-damage|p1a: Primarina|43/100\n|\n|t:|1775934179\n|switch|p2a: Garchomp|Garchomp, L50, M, shiny|78/100|[from] Flip Turn\n|-damage|p2a: Garchomp|72/100|[from] Stealth Rock\n|move|p1a: Primarina|Flip Turn|p2a: Garchomp\n|-damage|p2a: Garchomp|56/100\n|-damage|p1a: Primarina|31/100|[from] ability: Rough Skin|[of] p2a: Garchomp\n|\n|t:|1775934182\n|switch|p1a: Hippowdon|Hippowdon, L50, M|73/100|[from] Flip Turn\n|\n|-weather|Sandstorm|[upkeep]\n|-heal|p1a: Hippowdon|79/100|[from] item: Leftovers\n|upkeep\n|turn|6\n|\n|t:|1775934187\n|move|p2a: Garchomp|Stealth Rock|p1a: Hippowdon\n|-sidestart|p1: DerpySuX|move: Stealth Rock\n|move|p1a: Hippowdon|Yawn|p2a: Garchomp\n|-start|p2a: Garchomp|move: Yawn|[of] p1a: Hippowdon\n|\n|-weather|none\n|-heal|p1a: Hippowdon|85/100|[from] item: Leftovers\n|upkeep\n|turn|7\n|\n|t:|1775934192\n|switch|p2a: Palafin|Palafin-Hero, L50, F, shiny|89/100\n|-damage|p2a: Palafin|77/100|[from] Stealth Rock\n|move|p1a: Hippowdon|Yawn|p2a: Palafin\n|-start|p2a: Palafin|move: Yawn|[of] p1a: Hippowdon\n|\n|-heal|p1a: Hippowdon|91/100|[from] item: Leftovers\n|upkeep\n|turn|8\n|\n|t:|1775934201\n|move|p2a: Palafin|Flip Turn|p1a: Hippowdon\n|-supereffective|p1a: Hippowdon|1\n|-damage|p1a: Hippowdon|51/100\n|\n|t:|1775934206\n|switch|p2a: Garchomp|Garchomp, L50, M, shiny|56/100|[from] Flip Turn\n|-damage|p2a: Garchomp|50/100|[from] Stealth Rock\n|move|p1a: Hippowdon|Earthquake|p2a: Garchomp\n|-crit|p2a: Garchomp\n|-damage|p2a: Garchomp|0 fnt\n|faint|p2a: Garchomp\n|\n|-heal|p1a: Hippowdon|57/100|[from] item: Leftovers\n|upkeep\n|\n|t:|1775934210\n|switch|p2a: Palafin|Palafin-Hero, L50, F, shiny|77/100\n|-damage|p2a: Palafin|65/100|[from] Stealth Rock\n|turn|9\n|\n|t:|1775934213\n|move|p2a: Palafin|Jet Punch|p1a: Hippowdon\n|-supereffective|p1a: Hippowdon|1\n|-damage|p1a: Hippowdon|15/100\n|move|p1a: Hippowdon|Yawn|p2a: Palafin\n|-start|p2a: Palafin|move: Yawn|[of] p1a: Hippowdon\n|\n|-heal|p1a: Hippowdon|21/100|[from] item: Leftovers\n|upkeep\n|turn|10\n|\n|t:|1775934219\n|move|p2a: Palafin|Flip Turn|p1a: Hippowdon\n|-supereffective|p1a: Hippowdon|1\n|-damage|p1a: Hippowdon|0 fnt\n|faint|p1a: Hippowdon\n|\n|t:|1775934222\n|switch|p2a: Delphox|Delphox, L50, M, shiny|100/100|[from] Flip Turn\n|-damage|p2a: Delphox|76/100|[from] Stealth Rock\n|\n|upkeep\n|\n|t:|1775934224\n|switch|p1a: Lopunny|Lopunny-Mega, L50, F|89/100\n|-damage|p1a: Lopunny|83/100|[from] Stealth Rock\n|turn|11\n|\n|t:|1775934228\n|detailschange|p2a: Delphox|Delphox-Mega, L50, M, shiny\n|-mega|p2a: Delphox|Delphox|Delphoxite\n|move|p1a: Lopunny|Fake Out|p2a: Delphox\n|-damage|p2a: Delphox|43/100\n|cant|p2a: Delphox|flinch\n|\n|upkeep\n|turn|12\n|\n|t:|1775934230\n|move|p1a: Lopunny|Facade|p2a: Delphox\n|-damage|p2a: Delphox|0 fnt\n|faint|p2a: Delphox\n|\n|upkeep\n|\n|t:|1775934236\n|switch|p2a: Palafin|Palafin-Hero, L50, F, shiny|65/100\n|-damage|p2a: Palafin|53/100|[from] Stealth Rock\n|turn|13\n|\n|t:|1775934239\n|switch|p1a: Primarina|Primarina, L50, F|31/100\n|-damage|p1a: Primarina|18/100|[from] Stealth Rock\n|move|p2a: Palafin|Jet Punch|p1a: Primarina\n|-resisted|p1a: Primarina|1\n|-damage|p1a: Primarina|0 fnt\n|faint|p1a: Primarina\n|\n|upkeep\n|\n|t:|1775934240\n|switch|p1a: Lopunny|Lopunny-Mega, L50, F|83/100\n|-damage|p1a: Lopunny|77/100|[from] Stealth Rock\n|turn|14\n|\n|t:|1775934242\n|move|p1a: Lopunny|Fake Out|p2a: Palafin\n|-damage|p2a: Palafin|29/100\n|-enditem|p2a: Palafin|Sitrus Berry|[eat]\n|-heal|p2a: Palafin|54/100|[from] item: Sitrus Berry\n|cant|p2a: Palafin|flinch\n|\n|upkeep\n|turn|15\n|j| deepseazapdos\n|\n|t:|1775934246\n|move|p2a: Palafin|Jet Punch|p1a: Lopunny\n|-damage|p1a: Lopunny|28/100\n|move|p1a: Lopunny|Close Combat|p2a: Palafin\n|-damage|p2a: Palafin|0 fnt\n|-unboost|p1a: Lopunny|def|1\n|-unboost|p1a: Lopunny|spd|1\n|faint|p2a: Palafin\n|\n|win|DerpySuX\n|n|\u2606DerpySuX|derpysux\n|n|\u2606zi_was_here|ziwashere\n|n| The Squash|thesquash\n|n| cherif19|cherif19\n|n| deepseazapdos|deepseazapdos\n",
  "uploadtime": 1775934246,
  "views": 31,
  "formatid": "gen9championsbssregma",
  "rating": null,
  "private": 0,
  "password": null
}