{
  "id": "gen9championsbssregma-2584109417",
  "format": "[Gen 9 Champions] BSS Reg M-A",
  "players": [
    "Mannerist",
    "wounddia"
  ],
  "log": "|j|\u2606Mannerist\n|j|\u2606wounddia\n|t:|1776226136\n|gametype|singles\n|player|p1|Mannerist|wattson|1212\n|player|p2|wounddia|elesa|1374\n|gen|9\n|tier|[Gen 9 Champions] BSS Reg M-A\n|rated|\n|rule|Species Clause: Limit one of each Pok\u00e9mon\n|rule|Item Clause: Limit 1 of each item\n|clearpoke\n|poke|p1|Dragapult, L50, F|\n|poke|p1|Emboar, L50, F|\n|poke|p1|Mimikyu, L50, F|\n|poke|p1|Scovillain, L50, F|\n|poke|p1|Primarina, L50, M|\n|poke|p1|Kingambit, L50, M|\n|poke|p2|Charizard, L50, M|\n|poke|p2|Garchomp, L50, M|\n|poke|p2|Glimmora, L50, F|\n|poke|p2|Corviknight, L50, M|\n|poke|p2|Sneasler, L50, F|\n|poke|p2|Meowscarada, L50, F|\n|teampreview|3\n|inactive|Battle timer is ON: inactive players will automatically lose when time's up. (requested by Mannerist)\n|inactive|wounddia has 60 seconds left.\n|inactive|wounddia has 30 seconds left.\n|inactive|wounddia has 20 seconds left.\n|\n|t:|1776226223\n|teamsize|p1|3\n|teamsize|p2|3\n|start\n|switch|p1a: Dragapult|Dragapult, L50, F|100/100\n|switch|p2a: Meowscarada|Meowscarada, L50, F|100/100\n|turn|1\n|\n|t:|1776226229\n|move|p1a: Dragapult|Dragon Dance|p1a: Dragapult\n|-boost|p1a: Dragapult|atk|1\n|-boost|p1a: Dragapult|spe|1\n|move|p2a: Meowscarada|Triple Axel|p1a: Dragapult\n|-supereffective|p1a: Dragapult|1\n|-damage|p1a: Dragapult|81/100\n|-supereffective|p1a: Dragapult|1\n|-damage|p1a: Dragapult|40/100\n|-supereffective|p1a: Dragapult|1\n|-damage|p1a: Dragapult|0 fnt\n|faint|p1a: Dragapult\n|-hitcount|p1: Dragapult|3\n|\n|upkeep\n|\n|t:|1776226234\n|switch|p1a: Emboar|Emboar, L50, F|100/100\n|turn|2\n|\n|t:|1776226251\n|detailschange|p1a: Emboar|Emboar-Mega, L50, F\n|-mega|p1a: Emboar|Emboar|Emboarite\n|-ability|p1a: Emboar|Mold Breaker\n|move|p2a: Meowscarada|Flower Trick|p1a: Emboar\n|-resisted|p1a: Emboar|1\n|-crit|p1a: Emboar\n|-damage|p1a: Emboar|67/100\n|move|p1a: Emboar|Flare Blitz|p2a: Meowscarada\n|-supereffective|p2a: Meowscarada|1\n|-damage|p2a: Meowscarada|0 fnt\n|faint|p2a: Meowscarada\n|-damage|p1a: Emboar|39/100|[from] Recoil\n|\n|upkeep\n|\n|t:|1776226255\n|switch|p2a: Garchomp|Garchomp, L50, M|100/100\n|turn|3\n|j| p74\n|\n|t:|1776226260\n|move|p2a: Garchomp|Earthquake|p1a: Emboar\n|-supereffective|p1a: Emboar|1\n|-damage|p1a: Emboar|0 fnt\n|faint|p1a: Emboar\n|\n|upkeep\n|\n|t:|1776226261\n|switch|p1a: Mimikyu|Mimikyu, L50, F|100/100\n|turn|4\n|\n|t:|1776226264\n|move|p2a: Garchomp|Iron Head|p1a: Mimikyu\n|-activate|p1a: Mimikyu|ability: Disguise\n|-damage|p1a: Mimikyu|100/100\n|detailschange|p1a: Mimikyu|Mimikyu-Busted, L50, F\n|-damage|p1a: Mimikyu|88/100|[from] pokemon: Mimikyu-Busted\n|move|p1a: Mimikyu|Play Rough|p2a: Garchomp\n|-supereffective|p2a: Garchomp|1\n|-damage|p2a: Garchomp|23/100\n|-damage|p1a: Mimikyu|76/100|[from] ability: Rough Skin|[of] p2a: Garchomp\n|\n|upkeep\n|turn|5\n|\n|t:|1776226271\n|move|p1a: Mimikyu|Shadow Sneak|p2a: Garchomp\n|-damage|p2a: Garchomp|0 fnt\n|-damage|p1a: Mimikyu|64/100|[from] ability: Rough Skin|[of] p2a: Garchomp\n|faint|p2a: Garchomp\n|\n|upkeep\n|\n|t:|1776226273\n|switch|p2a: Charizard|Charizard, L50, M|100/100\n|turn|6\n|\n|t:|1776226275\n|detailschange|p2a: Charizard|Charizard-Mega-X, L50, M\n|-mega|p2a: Charizard|Charizard|Charizardite X\n|move|p1a: Mimikyu|Shadow Claw|p2a: Charizard\n|-damage|p2a: Charizard|63/100\n|move|p2a: Charizard|Flare Blitz|p1a: Mimikyu\n|-damage|p1a: Mimikyu|0 fnt\n|faint|p1a: Mimikyu\n|-damage|p2a: Charizard|47/100|[from] Recoil\n|\n|win|wounddia\n|raw|Mannerist's rating: 1212 &rarr; <strong>1198</strong><br />(-14 for losing)\n|raw|wounddia's rating: 1374 &rarr; <strong>1385</strong><br />(+11 for winning)\n|l|\u2606wounddia\n|player|p2|\n",
  "uploadtime": 1776226349,
  "views": 3,
  "formatid": "gen9championsbssregma",
  "rating": 1198,
  "private": 0,
  "password": null
}