{
  "id": "gen9championsbssregma-2584515977",
  "format": "[Gen 9 Champions] BSS Reg M-A",
  "players": [
    "gorilnx",
    "PAGNEUX Noah"
  ],
  "log": "|j|\u2606gorilnx\n|j|\u2606PAGNEUX Noah\n|t:|1776265983\n|gametype|singles\n|player|p1|gorilnx|dawn-gen4pt|1082\n|player|p2|PAGNEUX Noah|marlon|1188\n|gen|9\n|tier|[Gen 9 Champions] BSS Reg M-A\n|rated|\n|rule|Species Clause: Limit one of each Pok\u00e9mon\n|rule|Item Clause: Limit 1 of each item\n|clearpoke\n|poke|p1|Delphox, L50, M|\n|poke|p1|Lopunny, L50, M|\n|poke|p1|Corviknight, L50, F|\n|poke|p1|Primarina, L50, F|\n|poke|p1|Garchomp, L50, M|\n|poke|p1|Rotom-Heat, L50|\n|poke|p2|Charizard, L50, M|\n|poke|p2|Garchomp, L50, M|\n|poke|p2|Aegislash, L50, F|\n|poke|p2|Rotom-Wash, L50|\n|poke|p2|Glimmora, L50, F|\n|poke|p2|Floette-Eternal, L50, F|\n|teampreview|3\n|inactive|Battle timer is ON: inactive players will automatically lose when time's up. (requested by gorilnx)\n|inactive|gorilnx has 60 seconds left.\n|\n|t:|1776266020\n|teamsize|p1|3\n|teamsize|p2|3\n|start\n|switch|p1a: Delphox|Delphox, L50, M|100/100\n|switch|p2a: Straghess|Glimmora, L50, F|100/100\n|turn|1\n|\n|t:|1776266028\n|detailschange|p1a: Delphox|Delphox-Mega, L50, M\n|-mega|p1a: Delphox|Delphox|Delphoxite\n|move|p1a: Delphox|Psyshock|p2a: Straghess\n|-supereffective|p2a: Straghess|1\n|-enditem|p2a: Straghess|Focus Sash\n|-damage|p2a: Straghess|1/100\n|move|p2a: Straghess|Rock Tomb|p1a: Delphox\n|-supereffective|p1a: Delphox|1\n|-damage|p1a: Delphox|65/100\n|-unboost|p1a: Delphox|spe|1\n|\n|upkeep\n|turn|2\n|\n|t:|1776266043\n|switch|p1a: Garchomp|Garchomp, L50, M|100/100\n|move|p2a: Straghess|Stealth Rock|p1a: Garchomp\n|-sidestart|p1: gorilnx|move: Stealth Rock\n|\n|upkeep\n|turn|3\n|\n|t:|1776266054\n|move|p1a: Garchomp|Rock Tomb|p2a: Straghess\n|-damage|p2a: Straghess|0 fnt\n|-activate|p2a: Straghess|ability: Toxic Debris\n|-sidestart|p1: gorilnx|move: Toxic Spikes\n|faint|p2a: Straghess\n|\n|upkeep\n|\n|t:|1776266071\n|switch|p2a: Harmonia|Floette-Eternal, L50, F|100/100\n|turn|4\n|\n|t:|1776266088\n|detailschange|p2a: Harmonia|Floette-Mega, L50, F\n|-mega|p2a: Harmonia|Floette|Floettite\n|-ability|p2a: Harmonia|Fairy Aura\n|move|p2a: Harmonia|Calm Mind|p2a: Harmonia\n|-boost|p2a: Harmonia|spa|1\n|-boost|p2a: Harmonia|spd|1\n|move|p1a: Garchomp|Earthquake|p2a: Harmonia\n|-damage|p2a: Harmonia|36/100\n|\n|upkeep\n|turn|5\n|\n|t:|1776266102\n|move|p1a: Garchomp|Earthquake|p2a: Harmonia\n|-damage|p2a: Harmonia|0 fnt\n|faint|p2a: Harmonia\n|\n|upkeep\n|\n|t:|1776266109\n|switch|p2a: Heolstor|Aegislash, L50, F|100/100\n|turn|6\n|\n|t:|1776266119\n|move|p1a: Garchomp|Earthquake|p2a: Heolstor\n|-supereffective|p2a: Heolstor|1\n|-enditem|p2a: Heolstor|Shuca Berry|[eat]\n|-enditem|p2a: Heolstor|Shuca Berry|[weaken]\n|-damage|p2a: Heolstor|55/100\n|move|p2a: Heolstor|Swords Dance|p2a: Heolstor\n|-boost|p2a: Heolstor|atk|2\n|\n|upkeep\n|turn|7\n|\n|t:|1776266129\n|-formechange|p2a: Heolstor|Aegislash-Blade|\n|move|p2a: Heolstor|Shadow Sneak|p1a: Garchomp\n|-damage|p1a: Garchomp|52/100\n|-damage|p2a: Heolstor|43/100|[from] ability: Rough Skin|[of] p1a: Garchomp\n|move|p1a: Garchomp|Earthquake|p2a: Heolstor\n|-supereffective|p2a: Heolstor|1\n|-damage|p2a: Heolstor|0 fnt\n|faint|p2a: Heolstor\n|\n|win|gorilnx\n|raw|gorilnx's rating: 1082 &rarr; <strong>1118</strong><br />(+36 for winning)\n|raw|PAGNEUX Noah's rating: 1188 &rarr; <strong>1156</strong><br />(-32 for losing)\n|l|\u2606PAGNEUX Noah\n|player|p2|\n",
  "uploadtime": 1776266139,
  "views": 2,
  "formatid": "gen9championsbssregma",
  "rating": 1118,
  "private": 0,
  "password": null
}