{
  "id": "gen9championsbssregma-2587109610",
  "format": "[Gen 9 Champions] BSS Reg M-A",
  "players": [
    "kyotoyoko",
    "M Y Raymachine"
  ],
  "log": "|j|\u2606kyotoyoko\n|j|\u2606M Y Raymachine\n|t:|1776494720\n|gametype|singles\n|player|p1|kyotoyoko|caitlin|1324\n|player|p2|M Y Raymachine|gentleman-gen4|1355\n|gen|9\n|tier|[Gen 9 Champions] BSS Reg M-A\n|rated|\n|rule|Species Clause: Limit one of each Pok\u00e9mon\n|rule|Item Clause: Limit 1 of each item\n|clearpoke\n|poke|p1|Hippowdon, L50, F|\n|poke|p1|Dragonite, L50, F, shiny|\n|poke|p1|Meowscarada, L50, F|\n|poke|p1|Kangaskhan, L50, F, shiny|\n|poke|p1|Skeledirge, L50, F, shiny|\n|poke|p1|Mimikyu, L50, F, shiny|\n|poke|p2|Charizard, L50, M|\n|poke|p2|Empoleon, L50, M|\n|poke|p2|Hippowdon, L50, M|\n|poke|p2|Floette-Eternal, L50, F|\n|poke|p2|Aegislash, L50, M, shiny|\n|poke|p2|Basculegion, L50, M|\n|teampreview|3\n|j| p74\n|inactive|Battle timer is ON: inactive players will automatically lose when time's up. (requested by kyotoyoko)\n|\n|t:|1776494775\n|teamsize|p1|3\n|teamsize|p2|3\n|start\n|switch|p1a: Meowscarada|Meowscarada, L50, F|100/100\n|switch|p2a: \ubb34\uc1e0\ube59\ud050\ubcf4|Empoleon, L50, M|100/100\n|turn|1\n|inactive|kyotoyoko has 30 seconds left.\n|\n|t:|1776494803\n|move|p1a: Meowscarada|Taunt|p2a: \ubb34\uc1e0\ube59\ud050\ubcf4\n|-start|p2a: \ubb34\uc1e0\ube59\ud050\ubcf4|move: Taunt\n|cant|p2a: \ubb34\uc1e0\ube59\ud050\ubcf4|move: Taunt|Yawn\n|\n|upkeep\n|turn|2\n|\n|t:|1776494819\n|move|p1a: Meowscarada|Flower Trick|p2a: \ubb34\uc1e0\ube59\ud050\ubcf4\n|-crit|p2a: \ubb34\uc1e0\ube59\ud050\ubcf4\n|-damage|p2a: \ubb34\uc1e0\ube59\ud050\ubcf4|47/100\n|move|p2a: \ubb34\uc1e0\ube59\ud050\ubcf4|Flip Turn|p1a: Meowscarada\n|-resisted|p1a: Meowscarada|1\n|-damage|p1a: Meowscarada|88/100\n|\n|t:|1776494824\n|switch|p2a: \uce7c\ub85c\uc2a4 \uc548\ub18d|Aegislash, L50, M, shiny|100/100|[from] Flip Turn\n|\n|upkeep\n|turn|3\n|\n|t:|1776494835\n|move|p1a: Meowscarada|Knock Off|p2a: \uce7c\ub85c\uc2a4 \uc548\ub18d\n|-supereffective|p2a: \uce7c\ub85c\uc2a4 \uc548\ub18d|1\n|-damage|p2a: \uce7c\ub85c\uc2a4 \uc548\ub18d|17/100\n|-enditem|p2a: \uce7c\ub85c\uc2a4 \uc548\ub18d|Focus Sash|[from] move: Knock Off|[of] p1a: Meowscarada\n|-formechange|p2a: \uce7c\ub85c\uc2a4 \uc548\ub18d|Aegislash-Blade|\n|move|p2a: \uce7c\ub85c\uc2a4 \uc548\ub18d|Sacred Sword|p1a: Meowscarada\n|-supereffective|p1a: Meowscarada|1\n|-damage|p1a: Meowscarada|0 fnt\n|faint|p1a: Meowscarada\n|\n|upkeep\n|\n|t:|1776494845\n|switch|p1a: Dragonite|Dragonite, L50, F, shiny|100/100\n|turn|4\n|\n|t:|1776494853\n|detailschange|p1a: Dragonite|Dragonite-Mega, L50, F, shiny\n|-mega|p1a: Dragonite|Dragonite|Dragoninite\n|move|p1a: Dragonite|Thunderbolt|p2a: \uce7c\ub85c\uc2a4 \uc548\ub18d\n|-damage|p2a: \uce7c\ub85c\uc2a4 \uc548\ub18d|0 fnt\n|faint|p2a: \uce7c\ub85c\uc2a4 \uc548\ub18d\n|\n|upkeep\n|\n|t:|1776494857\n|switch|p2a: \ubd89\uc740 \ub2ec \ub77c\ud50c\ub808\uc2dc\uc544|Floette-Eternal, L50, F|100/100\n|turn|5\n|\n|t:|1776494871\n|detailschange|p2a: \ubd89\uc740 \ub2ec \ub77c\ud50c\ub808\uc2dc\uc544|Floette-Mega, L50, F\n|-mega|p2a: \ubd89\uc740 \ub2ec \ub77c\ud50c\ub808\uc2dc\uc544|Floette|Floettite\n|-ability|p2a: \ubd89\uc740 \ub2ec \ub77c\ud50c\ub808\uc2dc\uc544|Fairy Aura\n|move|p2a: \ubd89\uc740 \ub2ec \ub77c\ud50c\ub808\uc2dc\uc544|Moonblast|p1a: Dragonite\n|-supereffective|p1a: Dragonite|1\n|-damage|p1a: Dragonite|42/100\n|move|p1a: Dragonite|Air Slash|p2a: \ubd89\uc740 \ub2ec \ub77c\ud50c\ub808\uc2dc\uc544\n|-damage|p2a: \ubd89\uc740 \ub2ec \ub77c\ud50c\ub808\uc2dc\uc544|72/100\n|\n|upkeep\n|turn|6\n|\n|t:|1776494879\n|move|p1a: Dragonite|Extreme Speed|p2a: \ubd89\uc740 \ub2ec \ub77c\ud50c\ub808\uc2dc\uc544\n|-damage|p2a: \ubd89\uc740 \ub2ec \ub77c\ud50c\ub808\uc2dc\uc544|53/100\n|move|p2a: \ubd89\uc740 \ub2ec \ub77c\ud50c\ub808\uc2dc\uc544|Draining Kiss|p1a: Dragonite\n|-supereffective|p1a: Dragonite|1\n|-damage|p1a: Dragonite|0 fnt\n|-heal|p2a: \ubd89\uc740 \ub2ec \ub77c\ud50c\ub808\uc2dc\uc544|87/100|[from] drain|[of] p1a: Dragonite\n|faint|p1a: Dragonite\n|\n|upkeep\n|\n|t:|1776494886\n|switch|p1a: Mimikyu|Mimikyu, L50, F, shiny|100/100\n|turn|7\n|\n|t:|1776494893\n|switch|p2a: \ubb34\uc1e0\ube59\ud050\ubcf4|Empoleon, L50, M|47/100\n|move|p1a: Mimikyu|Swords Dance|p1a: Mimikyu\n|-boost|p1a: Mimikyu|atk|2\n|\n|-heal|p2a: \ubb34\uc1e0\ube59\ud050\ubcf4|53/100|[from] item: Leftovers\n|upkeep\n|turn|8\n|\n|t:|1776494896\n|move|p1a: Mimikyu|Drain Punch|p2a: \ubb34\uc1e0\ube59\ud050\ubcf4\n|-supereffective|p2a: \ubb34\uc1e0\ube59\ud050\ubcf4|1\n|-damage|p2a: \ubb34\uc1e0\ube59\ud050\ubcf4|0 fnt\n|faint|p2a: \ubb34\uc1e0\ube59\ud050\ubcf4\n|\n|upkeep\n|\n|t:|1776494903\n|switch|p2a: \ubd89\uc740 \ub2ec \ub77c\ud50c\ub808\uc2dc\uc544|Floette-Mega, L50, F|87/100\n|-ability|p2a: \ubd89\uc740 \ub2ec \ub77c\ud50c\ub808\uc2dc\uc544|Fairy Aura\n|turn|9\n|\n|t:|1776494907\n|move|p2a: \ubd89\uc740 \ub2ec \ub77c\ud50c\ub808\uc2dc\uc544|Draining Kiss|p1a: Mimikyu\n|-activate|p1a: Mimikyu|ability: Disguise\n|-damage|p1a: Mimikyu|100/100\n|detailschange|p1a: Mimikyu|Mimikyu-Busted, L50, F, shiny\n|-damage|p1a: Mimikyu|89/100|[from] pokemon: Mimikyu-Busted\n|move|p1a: Mimikyu|Play Rough|p2a: \ubd89\uc740 \ub2ec \ub77c\ud50c\ub808\uc2dc\uc544\n|-damage|p2a: \ubd89\uc740 \ub2ec \ub77c\ud50c\ub808\uc2dc\uc544|0 fnt\n|faint|p2a: \ubd89\uc740 \ub2ec \ub77c\ud50c\ub808\uc2dc\uc544\n|\n|win|kyotoyoko\n|raw|kyotoyoko's rating: 1324 &rarr; <strong>1346</strong><br />(+22 for winning)\n|raw|M Y Raymachine's rating: 1355 &rarr; <strong>1333</strong><br />(-22 for losing)\n|l|\u2606kyotoyoko\n|player|p1|\n|l|\u2606M Y Raymachine\n|player|p2|\n",
  "uploadtime": 1776495456,
  "views": 18,
  "formatid": "gen9championsbssregma",
  "rating": 1333,
  "private": 0,
  "password": null
}