{
  "id": "gen9championsbssregma-2583681582",
  "format": "[Gen 9 Champions] BSS Reg M-A",
  "players": [
    "DiceyRice",
    "ImmortalDrago"
  ],
  "log": "|j|\u2606DiceyRice\n|j|\u2606ImmortalDrago\n|t:|1776190707\n|gametype|singles\n|player|p1|DiceyRice|miku-ghost|1183\n|player|p2|ImmortalDrago|265|1242\n|gen|9\n|tier|[Gen 9 Champions] BSS Reg M-A\n|rated|\n|rule|Species Clause: Limit one of each Pok\u00e9mon\n|rule|Item Clause: Limit 1 of each item\n|clearpoke\n|poke|p1|Kingambit, L50, M|\n|poke|p1|Greninja-*, L50, M|\n|poke|p1|Mimikyu, L50, F|\n|poke|p1|Charizard, L50, F|\n|poke|p1|Slowbro, L50, M|\n|poke|p1|Corviknight, L50, F|\n|poke|p2|Starmie, L50|\n|poke|p2|Garchomp, L50, M|\n|poke|p2|Kingambit, L50, M|\n|poke|p2|Venusaur, L50, M|\n|poke|p2|Gengar, L50, M|\n|poke|p2|Corviknight, L50, M|\n|teampreview|3\n|inactive|Battle timer is ON: inactive players will automatically lose when time's up. (requested by ImmortalDrago)\n|\n|t:|1776190763\n|teamsize|p1|3\n|teamsize|p2|3\n|start\n|switch|p1a: Greninja|Greninja, L50, M|100/100\n|switch|p2a: Gengar|Gengar, L50, M|100/100\n|turn|1\n|\n|t:|1776190772\n|move|p2a: Gengar|Focus Blast|p1a: Greninja\n|-supereffective|p1a: Greninja|1\n|-enditem|p1a: Greninja|Focus Sash\n|-damage|p1a: Greninja|1/100\n|move|p1a: Greninja|Dark Pulse|p2a: Gengar\n|-supereffective|p2a: Gengar|1\n|-enditem|p2a: Gengar|Focus Sash\n|-damage|p2a: Gengar|1/100\n|-start|p1a: Greninja|Disable|Dark Pulse|[from] ability: Cursed Body|[of] p2a: Gengar\n|\n|upkeep\n|turn|2\n|\n|t:|1776190788\n|move|p1a: Greninja|Water Shuriken|p2a: Gengar\n|-damage|p2a: Gengar|0 fnt\n|faint|p2a: Gengar\n|-hitcount|p2: Gengar|1\n|\n|upkeep\n|\n|t:|1776190797\n|switch|p2a: Venusaur|Venusaur, L50, M|100/100\n|turn|3\n|inactive|DiceyRice has 30 seconds left.\n|\n|t:|1776190824\n|detailschange|p2a: Venusaur|Venusaur-Mega, L50, M\n|-mega|p2a: Venusaur|Venusaur|Venusaurite\n|move|p1a: Greninja|Ice Beam|p2a: Venusaur\n|-supereffective|p2a: Venusaur|1\n|-damage|p2a: Venusaur|81/100\n|move|p2a: Venusaur|Leech Seed|p1a: Greninja\n|-start|p1a: Greninja|move: Leech Seed\n|\n|-damage|p1a: Greninja|0 fnt|[from] Leech Seed|[of] p2a: Venusaur\n|-heal|p2a: Venusaur|82/100|[silent]\n|faint|p1a: Greninja\n|upkeep\n|\n|t:|1776190846\n|switch|p1a: Charizard|Charizard, L50, F|100/100\n|turn|4\n|\n|t:|1776190851\n|move|p1a: Charizard|Swords Dance|p1a: Charizard\n|-boost|p1a: Charizard|atk|2\n|move|p2a: Venusaur|Sleep Powder|p1a: Charizard\n|-status|p1a: Charizard|slp|[from] move: Sleep Powder\n|\n|upkeep\n|turn|5\n|\n|t:|1776190860\n|cant|p1a: Charizard|slp\n|move|p2a: Venusaur|Leech Seed|p1a: Charizard\n|-start|p1a: Charizard|move: Leech Seed\n|\n|-damage|p1a: Charizard|88/100 slp|[from] Leech Seed|[of] p2a: Venusaur\n|-heal|p2a: Venusaur|92/100|[silent]\n|upkeep\n|turn|6\n|\n|t:|1776190878\n|cant|p1a: Charizard|slp\n|move|p2a: Venusaur|Sludge Bomb|p1a: Charizard\n|-damage|p1a: Charizard|36/100 slp\n|\n|-damage|p1a: Charizard|24/100 slp|[from] Leech Seed|[of] p2a: Venusaur\n|-heal|p2a: Venusaur|100/100|[silent]\n|upkeep\n|turn|7\n|j| The Educated Fool\n|\n|t:|1776190886\n|detailschange|p1a: Charizard|Charizard-Mega-X, L50, F\n|-mega|p1a: Charizard|Charizard|Charizardite X\n|-curestatus|p1a: Charizard|slp|[msg]\n|move|p1a: Charizard|Outrage|p2a: Venusaur\n|-damage|p2a: Venusaur|0 fnt\n|faint|p2a: Venusaur\n|\n|upkeep\n|\n|t:|1776190895\n|switch|p2a: Kingambit|Kingambit, L50, M|100/100\n|-activate|p2a: Kingambit|ability: Supreme Overlord\n|-start|p2a: Kingambit|fallen2|[silent]\n|turn|8\n|\n|t:|1776190899\n|move|p2a: Kingambit|Sucker Punch|p1a: Charizard\n|-damage|p1a: Charizard|0 fnt\n|faint|p1a: Charizard\n|\n|upkeep\n|\n|t:|1776190903\n|switch|p1a: Kingambit|Kingambit, L50, M|100/100\n|-activate|p1a: Kingambit|ability: Supreme Overlord\n|-start|p1a: Kingambit|fallen2|[silent]\n|turn|9\n|\n|t:|1776190911\n|move|p2a: Kingambit|Kowtow Cleave|p1a: Kingambit\n|-resisted|p1a: Kingambit|1\n|-damage|p1a: Kingambit|75/100\n|move|p1a: Kingambit|Swords Dance|p1a: Kingambit\n|-boost|p1a: Kingambit|atk|2\n|\n|upkeep\n|turn|10\n|\n|t:|1776190918\n|move|p2a: Kingambit|Swords Dance|p2a: Kingambit\n|-boost|p2a: Kingambit|atk|2\n|move|p1a: Kingambit|Kowtow Cleave|p2a: Kingambit\n|-resisted|p2a: Kingambit|1\n|-damage|p2a: Kingambit|51/100\n|\n|upkeep\n|turn|11\n|l|\u2606DiceyRice\n|inactive|DiceyRice disconnected and has a minute to reconnect!\n|player|p1|\n|j|\u2606DiceyRice\n|inactive|DiceyRice reconnected and has 35 seconds left.\n|player|p1|DiceyRice|miku-ghost|\n|\n|t:|1776190939\n|move|p2a: Kingambit|Kowtow Cleave|p1a: Kingambit\n|-resisted|p1a: Kingambit|1\n|-damage|p1a: Kingambit|23/100\n|move|p1a: Kingambit|Kowtow Cleave|p2a: Kingambit\n|-resisted|p2a: Kingambit|1\n|-damage|p2a: Kingambit|0 fnt\n|faint|p2a: Kingambit\n|-end|p2a: Kingambit|fallen2|[silent]\n|\n|win|DiceyRice\n|raw|DiceyRice's rating: 1183 &rarr; <strong>1212</strong><br />(+29 for winning)\n|raw|ImmortalDrago's rating: 1242 &rarr; <strong>1213</strong><br />(-29 for losing)\n|l|\u2606DiceyRice\n|player|p1|\n|l|\u2606ImmortalDrago\n|player|p2|\n",
  "uploadtime": 1776190946,
  "views": 3,
  "formatid": "gen9championsbssregma",
  "rating": 1212,
  "private": 0,
  "password": null
}