{
  "id": "gen9championsbssregma-2585895443",
  "format": "[Gen 9 Champions] BSS Reg M-A",
  "players": [
    "TKW098",
    "swablu supremacy"
  ],
  "log": "|j|\u2606TKW098\n|j|\u2606swablu supremacy\n|t:|1776379268\n|gametype|singles\n|player|p1|TKW098|170|1086\n|player|p2|swablu supremacy|harlequin|1024\n|gen|9\n|tier|[Gen 9 Champions] BSS Reg M-A\n|rated|\n|rule|Species Clause: Limit one of each Pok\u00e9mon\n|rule|Item Clause: Limit 1 of each item\n|clearpoke\n|poke|p1|Starmie, L50|\n|poke|p1|Corviknight, L50, F|\n|poke|p1|Slowbro-Galar, L50, F|\n|poke|p1|Volcarona, L50, F|\n|poke|p1|Meganium, L50, F|\n|poke|p1|Garchomp, L50, F|\n|poke|p2|Maushold, L50|\n|poke|p2|Araquanid, L50, F|\n|poke|p2|Medicham, L50, F|\n|poke|p2|Lucario, L50, M|\n|poke|p2|Banette, L50, M|\n|poke|p2|Heracross, L50, M|\n|teampreview|3\n|\n|t:|1776379303\n|teamsize|p1|3\n|teamsize|p2|3\n|start\n|switch|p1a: Corviknight|Corviknight, L50, F, shiny|100/100\n|switch|p2a: Araquanid|Araquanid, L50, F|100/100\n|turn|1\n|\n|t:|1776379320\n|move|p1a: Corviknight|Brave Bird|p2a: Araquanid\n|-supereffective|p2a: Araquanid|1\n|-damage|p2a: Araquanid|20/100\n|-damage|p1a: Corviknight|74/100|[from] Recoil\n|move|p2a: Araquanid|Sticky Web|p1a: Corviknight\n|-sidestart|p1: TKW098|move: Sticky Web\n|\n|-heal|p1a: Corviknight|80/100|[from] item: Leftovers\n|upkeep\n|turn|2\n|\n|t:|1776379332\n|move|p1a: Corviknight|U-turn|p2a: Araquanid\n|-damage|p2a: Araquanid|4/100\n|\n|t:|1776379335\n|switch|p1a: Starmie|Starmie, L50, shiny|100/100|[from] U-turn\n|-activate|p1a: Starmie|move: Sticky Web\n|-unboost|p1a: Starmie|spe|1\n|move|p2a: Araquanid|Liquidation|p1a: Starmie\n|-resisted|p1a: Starmie|1\n|-damage|p1a: Starmie|48/100\n|\n|upkeep\n|turn|3\n|\n|t:|1776379343\n|detailschange|p1a: Starmie|Starmie-Mega, L50, shiny\n|-mega|p1a: Starmie|Starmie|Starminite\n|move|p1a: Starmie|Aqua Jet|p2a: Araquanid\n|-resisted|p2a: Araquanid|1\n|-damage|p2a: Araquanid|0 fnt\n|faint|p2a: Araquanid\n|\n|upkeep\n|\n|t:|1776379350\n|switch|p2a: MY HOUSE|Maushold, L50|100/100\n|turn|4\n|\n|t:|1776379353\n|move|p2a: MY HOUSE|Population Bomb|p1a: Starmie\n|-damage|p1a: Starmie|34/100\n|-hitcount|p1a: Starmie|1\n|move|p1a: Starmie|Waterfall|p2a: MY HOUSE\n|-damage|p2a: MY HOUSE|0 fnt\n|faint|p2a: MY HOUSE\n|\n|upkeep\n|\n|t:|1776379359\n|switch|p2a: Lucario|Lucario, L50, M|100/100\n|turn|5\n|c|\u2606TKW098|hahaha\n|\n|t:|1776379368\n|detailschange|p2a: Lucario|Lucario-Mega, L50, M\n|-mega|p2a: Lucario|Lucario|Lucarionite\n|move|p1a: Starmie|Aqua Jet|p2a: Lucario\n|-damage|p2a: Lucario|47/100\n|move|p2a: Lucario|Earthquake|p1a: Starmie\n|-damage|p1a: Starmie|0 fnt\n|faint|p1a: Starmie\n|\n|upkeep\n|\n|t:|1776379377\n|switch|p1a: Slowbro|Slowbro-Galar, L50, F, shiny|100/100\n|-activate|p1a: Slowbro|move: Sticky Web\n|-unboost|p1a: Slowbro|spe|1\n|turn|6\n|\n|t:|1776379379\n|move|p2a: Lucario|Swords Dance|p2a: Lucario\n|-boost|p2a: Lucario|atk|2\n|move|p1a: Slowbro|Focus Blast|p2a: Lucario|[miss]\n|-miss|p1a: Slowbro|p2a: Lucario\n|\n|upkeep\n|turn|7\n|\n|t:|1776379383\n|move|p2a: Lucario|Earthquake|p1a: Slowbro\n|-supereffective|p1a: Slowbro|1\n|-damage|p1a: Slowbro|0 fnt\n|faint|p1a: Slowbro\n|\n|upkeep\n|\n|t:|1776379387\n|switch|p1a: Corviknight|Corviknight, L50, F, shiny|80/100\n|turn|8\n|c|\u2606swablu supremacy|hahaha\n|\n|t:|1776379392\n|move|p2a: Lucario|Close Combat|p1a: Corviknight\n|-damage|p1a: Corviknight|0 fnt\n|-unboost|p2a: Lucario|def|1\n|-unboost|p2a: Lucario|spd|1\n|faint|p1a: Corviknight\n|\n|win|swablu supremacy\n|raw|TKW098's rating: 1086 &rarr; <strong>1059</strong><br />(-27 for losing)\n|raw|swablu supremacy's rating: 1024 &rarr; <strong>1067</strong><br />(+43 for winning)\n|c|\u2606TKW098|fuck me\n|c|\u2606swablu supremacy|karma\n|l|\u2606TKW098\n|player|p1|\n",
  "uploadtime": 1776379419,
  "views": 16,
  "formatid": "gen9championsbssregma",
  "rating": 1059,
  "private": 0,
  "password": null
}