{
  "id": "gen9championsbssregma-2582278448",
  "format": "[Gen 9 Champions] BSS Reg M-A",
  "players": [
    "zftt23",
    "S1E1X1Y1"
  ],
  "log": "|j|\u2606zftt23\n|j|\u2606S1E1X1Y1\n|t:|1776079115\n|gametype|singles\n|player|p1|zftt23|red|1071\n|player|p2|S1E1X1Y1|266|1062\n|gen|9\n|tier|[Gen 9 Champions] BSS Reg M-A\n|rated|\n|rule|Species Clause: Limit one of each Pok\u00e9mon\n|rule|Item Clause: Limit 1 of each item\n|clearpoke\n|poke|p1|Hippowdon, L50, M|\n|poke|p1|Skarmory, L50, M|\n|poke|p1|Meowscarada, L50, M|\n|poke|p1|Charizard, L50, M|\n|poke|p1|Primarina, L50, F|\n|poke|p1|Aegislash, L50, M|\n|poke|p2|Garchomp, L50, F|\n|poke|p2|Rotom-Wash, L50|\n|poke|p2|Corviknight, L50, M|\n|poke|p2|Dragapult, L50, F|\n|poke|p2|Mamoswine, L50, M|\n|poke|p2|Gyarados, L50, M|\n|teampreview|3\n|inactive|Battle timer is ON: inactive players will automatically lose when time's up. (requested by zftt23)\n|inactive|zftt23 has 60 seconds left.\n|inactive|S1E1X1Y1 has 60 seconds left.\n|\n|t:|1776079158\n|teamsize|p1|3\n|teamsize|p2|3\n|start\n|switch|p1a: Hippowdon|Hippowdon, L50, M|100/100\n|switch|p2a: Mamoswine|Mamoswine, L50, M|100/100\n|-weather|Sandstorm|[from] ability: Sand Stream|[of] p1a: Hippowdon\n|turn|1\n|\n|t:|1776079169\n|move|p2a: Mamoswine|Earthquake|p1a: Hippowdon\n|-damage|p1a: Hippowdon|61/100\n|move|p1a: Hippowdon|Earthquake|p2a: Mamoswine\n|-damage|p2a: Mamoswine|57/100\n|\n|-weather|Sandstorm|[upkeep]\n|upkeep\n|turn|2\n|\n|t:|1776079178\n|move|p2a: Mamoswine|Earthquake|p1a: Hippowdon\n|-damage|p1a: Hippowdon|26/100\n|-enditem|p1a: Hippowdon|Sitrus Berry|[eat]\n|-heal|p1a: Hippowdon|51/100|[from] item: Sitrus Berry\n|move|p1a: Hippowdon|Stealth Rock|p2a: Mamoswine\n|-sidestart|p2: S1E1X1Y1|move: Stealth Rock\n|\n|-weather|Sandstorm|[upkeep]\n|upkeep\n|turn|3\n|\n|t:|1776079186\n|move|p2a: Mamoswine|Earthquake|p1a: Hippowdon\n|-damage|p1a: Hippowdon|16/100\n|move|p1a: Hippowdon|Earthquake|p2a: Mamoswine\n|-damage|p2a: Mamoswine|11/100\n|\n|-weather|Sandstorm|[upkeep]\n|upkeep\n|turn|4\n|\n|t:|1776079194\n|move|p2a: Mamoswine|Earthquake|p1a: Hippowdon\n|-damage|p1a: Hippowdon|0 fnt\n|faint|p1a: Hippowdon\n|\n|-weather|Sandstorm|[upkeep]\n|upkeep\n|\n|t:|1776079210\n|switch|p1a: Skarmory|Skarmory, L50, M, shiny|100/100\n|turn|5\n|\n|t:|1776079217\n|move|p2a: Mamoswine|Rock Slide|p1a: Skarmory\n|-damage|p1a: Skarmory|74/100\n|-ability|p1a: Skarmory|Weak Armor|boost\n|-unboost|p1a: Skarmory|def|1\n|-boost|p1a: Skarmory|spe|2\n|move|p1a: Skarmory|Swords Dance|p1a: Skarmory\n|-boost|p1a: Skarmory|atk|2\n|\n|-weather|none\n|upkeep\n|turn|6\n|\n|t:|1776079227\n|detailschange|p1a: Skarmory|Skarmory-Mega, L50, M, shiny\n|-mega|p1a: Skarmory|Skarmory|Skarmorite\n|move|p2a: Mamoswine|Ice Shard|p1a: Skarmory\n|-damage|p1a: Skarmory|36/100\n|move|p1a: Skarmory|Iron Head|p2a: Mamoswine\n|-supereffective|p2a: Mamoswine|1\n|-damage|p2a: Mamoswine|0 fnt\n|faint|p2a: Mamoswine\n|\n|upkeep\n|\n|t:|1776079238\n|switch|p2a: Dragapult|Dragapult, L50, F|100/100\n|-damage|p2a: Dragapult|88/100|[from] Stealth Rock\n|turn|7\n|\n|t:|1776079246\n|move|p1a: Skarmory|Brave Bird|p2a: Dragapult\n|-damage|p2a: Dragapult|0 fnt\n|faint|p2a: Dragapult\n|-damage|p1a: Skarmory|3/100|[from] Recoil\n|\n|upkeep\n|\n|t:|1776079252\n|switch|p2a: Gyarados|Gyarados, L50, M|100/100\n|-damage|p2a: Gyarados|75/100|[from] Stealth Rock\n|-ability|p2a: Gyarados|Intimidate|boost\n|-unboost|p1a: Skarmory|atk|1\n|turn|8\n|\n|t:|1776079260\n|detailschange|p2a: Gyarados|Gyarados-Mega, L50, M\n|-mega|p2a: Gyarados|Gyarados|Gyaradosite\n|-ability|p2a: Gyarados|Mold Breaker\n|move|p1a: Skarmory|Brave Bird|p2a: Gyarados\n|-damage|p2a: Gyarados|0 fnt\n|faint|p2a: Gyarados\n|-damage|p1a: Skarmory|0 fnt|[from] Recoil\n|faint|p1a: Skarmory\n|\n|win|zftt23\n|raw|zftt23's rating: 1071 &rarr; <strong>1100</strong><br />(+29 for winning)\n|raw|S1E1X1Y1's rating: 1062 &rarr; <strong>1043</strong><br />(-19 for losing)\n|l|\u2606S1E1X1Y1\n|player|p2|\n",
  "uploadtime": 1776079282,
  "views": 5,
  "formatid": "gen9championsbssregma",
  "rating": 1043,
  "private": 0,
  "password": null
}