{
  "id": "gen9championsbssregma-2585575262",
  "format": "[Gen 9 Champions] BSS Reg M-A",
  "players": [
    "BBBKTY",
    "Keyan_Sans"
  ],
  "log": "|j|\u2606BBBKTY\n|j|\u2606Keyan_Sans\n|t:|1776356504\n|gametype|singles\n|player|p1|BBBKTY|265|1155\n|player|p2|Keyan_Sans|hugh|1215\n|gen|9\n|tier|[Gen 9 Champions] BSS Reg M-A\n|rated|\n|rule|Species Clause: Limit one of each Pok\u00e9mon\n|rule|Item Clause: Limit 1 of each item\n|clearpoke\n|poke|p1|Dragapult, L50, M|\n|poke|p1|Alakazam, L50, F|\n|poke|p1|Azumarill, L50, F|\n|poke|p1|Clefable, L50, M|\n|poke|p1|Espathra, L50, M|\n|poke|p1|Glimmora, L50, M|\n|poke|p2|Aegislash, L50, F|\n|poke|p2|Primarina, L50, M|\n|poke|p2|Glimmora, L50, F|\n|poke|p2|Meowscarada, L50, F|\n|poke|p2|Dragonite, L50, F|\n|poke|p2|Lopunny, L50, M|\n|teampreview|3\n|inactive|Battle timer is ON: inactive players will automatically lose when time's up. (requested by Keyan_Sans)\n|l|\u2606BBBKTY\n|inactive|BBBKTY disconnected and has a minute to reconnect!\n|player|p1|\n|inactive|Keyan_Sans has 60 seconds left.\n|\n|t:|1776356553\n|teamsize|p1|3\n|teamsize|p2|3\n|start\n|switch|p1a: Glimmora|Glimmora, L50, M|100/100\n|switch|p2a: Meowscarada|Meowscarada, L50, F|100/100\n|turn|1\n|j|\u2606BBBKTY\n|inactive|BBBKTY reconnected and has 35 seconds left.\n|player|p1|BBBKTY|265|\n|inactive|BBBKTY has 30 seconds left.\n|\n|t:|1776356583\n|switch|p2a: Glimmora|Glimmora, L50, F|100/100\n|move|p1a: Glimmora|Stealth Rock|p2a: Glimmora\n|-sidestart|p2: Keyan_Sans|move: Stealth Rock\n|\n|upkeep\n|turn|2\n|\n|t:|1776356594\n|move|p2a: Glimmora|Mortal Spin|p1a: Glimmora\n|-resisted|p1a: Glimmora|2\n|-damage|p1a: Glimmora|99/100\n|-activate|p1a: Glimmora|ability: Toxic Debris\n|-sidestart|p2: Keyan_Sans|move: Toxic Spikes\n|-sideend|p2: Keyan_Sans|Toxic Spikes|[from] move: Mortal Spin|[of] p2a: Glimmora\n|-sideend|p2: Keyan_Sans|Stealth Rock|[from] move: Mortal Spin|[of] p2a: Glimmora\n|move|p1a: Glimmora|Earth Power|p2a: Glimmora\n|-supereffective|p2a: Glimmora|2\n|-enditem|p2a: Glimmora|Focus Sash\n|-damage|p2a: Glimmora|1/100\n|\n|upkeep\n|turn|3\n|\n|t:|1776356605\n|move|p2a: Glimmora|Earth Power|p1a: Glimmora\n|-supereffective|p1a: Glimmora|2\n|-damage|p1a: Glimmora|0 fnt\n|faint|p1a: Glimmora\n|\n|upkeep\n|\n|t:|1776356609\n|switch|p1a: Espathra|Espathra, L50, M, shiny|100/100\n|turn|4\n|\n|t:|1776356615\n|switch|p2a: Aegislash|Aegislash, L50, F|100/100\n|move|p1a: Espathra|Lumina Crash|p2a: Aegislash\n|-resisted|p2a: Aegislash|1\n|-damage|p2a: Aegislash|89/100\n|-unboost|p2a: Aegislash|spd|2\n|\n|-ability|p1a: Espathra|Speed Boost|boost\n|-boost|p1a: Espathra|spe|1\n|upkeep\n|turn|5\n|\n|t:|1776356622\n|move|p1a: Espathra|Protect|p1a: Espathra\n|-singleturn|p1a: Espathra|Protect\n|-formechange|p2a: Aegislash|Aegislash-Blade|\n|move|p2a: Aegislash|Shadow Claw|p1a: Espathra\n|-activate|p1a: Espathra|move: Protect\n|\n|-ability|p1a: Espathra|Speed Boost|boost\n|-boost|p1a: Espathra|spe|1\n|upkeep\n|turn|6\n|l|\u2606BBBKTY\n|inactive|BBBKTY disconnected and has a minute to reconnect!\n|player|p1|\n|inactive|Keyan_Sans has 30 seconds left.\n|\n|t:|1776356655\n|move|p1a: Espathra|Baton Pass|p1a: Espathra\n|j|\u2606BBBKTY\n|inactive|BBBKTY reconnected and has 35 seconds left.\n|player|p1|BBBKTY|265|\n|\n|t:|1776356680\n|switch|p1a: Clefable|Clefable, L50, M, shiny|100/100|[from] Baton Pass\n|move|p2a: Aegislash|Shadow Claw|p1a: Clefable\n|-crit|p1a: Clefable\n|-damage|p1a: Clefable|41/100\n|\n|upkeep\n|turn|7\n|\n|t:|1776356693\n|switch|p2a: Glimmora|Glimmora, L50, F|1/100\n|detailschange|p1a: Clefable|Clefable-Mega, L50, M, shiny\n|-mega|p1a: Clefable|Clefable|Clefablite\n|move|p1a: Clefable|Moonlight|p1a: Clefable\n|-heal|p1a: Clefable|91/100\n|\n|upkeep\n|turn|8\n|\n|t:|1776356701\n|move|p1a: Clefable|Moonblast|p2a: Glimmora\n|-resisted|p2a: Glimmora|1\n|-damage|p2a: Glimmora|0 fnt\n|faint|p2a: Glimmora\n|\n|upkeep\n|\n|t:|1776356703\n|switch|p2a: Aegislash|Aegislash, L50, F|89/100\n|turn|9\n|\n|t:|1776356708\n|move|p1a: Clefable|Cosmic Power|p1a: Clefable\n|-boost|p1a: Clefable|def|1\n|-boost|p1a: Clefable|spd|1\n|-formechange|p2a: Aegislash|Aegislash-Blade|\n|move|p2a: Aegislash|Shadow Claw|p1a: Clefable\n|-damage|p1a: Clefable|68/100\n|\n|upkeep\n|turn|10\n|\n|t:|1776356714\n|move|p1a: Clefable|Cosmic Power|p1a: Clefable\n|-boost|p1a: Clefable|def|1\n|-boost|p1a: Clefable|spd|1\n|move|p2a: Aegislash|Shadow Claw|p1a: Clefable\n|-damage|p1a: Clefable|52/100\n|\n|upkeep\n|turn|11\n|\n|t:|1776356720\n|move|p1a: Clefable|Cosmic Power|p1a: Clefable\n|-boost|p1a: Clefable|def|1\n|-boost|p1a: Clefable|spd|1\n|move|p2a: Aegislash|Shadow Claw|p1a: Clefable\n|-damage|p1a: Clefable|39/100\n|\n|upkeep\n|turn|12\n|\n|t:|1776356725\n|move|p1a: Clefable|Cosmic Power|p1a: Clefable\n|-boost|p1a: Clefable|def|1\n|-boost|p1a: Clefable|spd|1\n|move|p2a: Aegislash|Shadow Claw|p1a: Clefable\n|-damage|p1a: Clefable|26/100\n|\n|upkeep\n|turn|13\n|\n|t:|1776356728\n|move|p1a: Clefable|Moonlight|p1a: Clefable\n|-heal|p1a: Clefable|76/100\n|move|p2a: Aegislash|Shadow Claw|p1a: Clefable\n|-damage|p1a: Clefable|65/100\n|\n|upkeep\n|turn|14\n|-message|Keyan_Sans forfeited.\n|\n|win|BBBKTY\n|raw|BBBKTY's rating: 1155 &rarr; <strong>1183</strong><br />(+28 for winning)\n|raw|Keyan_Sans's rating: 1197 &rarr; <strong>1169</strong><br />(-28 for losing)\n|l|\u2606Keyan_Sans\n|player|p2|\n",
  "uploadtime": 1776356734,
  "views": 4,
  "formatid": "gen9championsbssregma",
  "rating": 1169,
  "private": 0,
  "password": null
}