{
  "id": "gen9championsbssregma-2583174691",
  "format": "[Gen 9 Champions] BSS Reg M-A",
  "players": [
    "kerom.pk",
    "chanmin"
  ],
  "log": "|j|\u203dkerom.pk\n|j|\u2606chanmin\n|t:|1776151069\n|gametype|singles\n|player|p1|kerom.pk|170|1351\n|player|p2|chanmin|170|1321\n|gen|9\n|tier|[Gen 9 Champions] BSS Reg M-A\n|rated|\n|rule|Species Clause: Limit one of each Pok\u00e9mon\n|rule|Item Clause: Limit 1 of each item\n|clearpoke\n|poke|p1|Garchomp, L50, M|\n|poke|p1|Gengar, L50, F|\n|poke|p1|Umbreon, L50, F|\n|poke|p1|Clefable, L50, F|\n|poke|p1|Venusaur, L50, F|\n|poke|p1|Tauros-Paldea-Blaze, L50, M|\n|poke|p2|Kangaskhan, L50, F|\n|poke|p2|Archaludon, L50, M|\n|poke|p2|Rotom-Wash, L50|\n|poke|p2|Greninja-*, L50, M|\n|poke|p2|Ceruledge, L50, M|\n|poke|p2|Kleavor, L50, F|\n|teampreview|3\n|inactive|Battle timer is ON: inactive players will automatically lose when time's up. (requested by kerom.pk)\n|inactive|kerom.pk has 60 seconds left.\n|\n|t:|1776151106\n|teamsize|p1|3\n|teamsize|p2|3\n|start\n|switch|p1a: Umbreon|Umbreon, L50, F|100/100\n|switch|p2a: Greninja|Greninja, L50, M|100/100\n|turn|1\n|j| p74\n|\n|t:|1776151118\n|move|p2a: Greninja|U-turn|p1a: Umbreon\n|-start|p2a: Greninja|typechange|Bug|[from] ability: Protean\n|-supereffective|p1a: Umbreon|1\n|-damage|p1a: Umbreon|70/100\n|\n|t:|1776151123\n|switch|p2a: Kleavor|Kleavor, L50, F|100/100|[from] U-turn\n|move|p1a: Umbreon|Yawn|p2a: Kleavor\n|-start|p2a: Kleavor|move: Yawn|[of] p1a: Umbreon\n|\n|-heal|p1a: Umbreon|76/100|[from] item: Leftovers\n|upkeep\n|turn|2\n|\n|t:|1776151132\n|switch|p2a: Greninja|Greninja, L50, M|100/100\n|move|p1a: Umbreon|Protect||[still]\n|-fail|p1a: Umbreon\n|\n|-heal|p1a: Umbreon|82/100|[from] item: Leftovers\n|upkeep\n|turn|3\n|\n|t:|1776151142\n|detailschange|p2a: Greninja|Greninja-Mega, L50, M\n|-mega|p2a: Greninja|Greninja|Greninjite\n|move|p1a: Umbreon|Protect|p1a: Umbreon\n|-singleturn|p1a: Umbreon|Protect\n|move|p2a: Greninja|U-turn|p1a: Umbreon\n|-start|p2a: Greninja|typechange|Bug|[from] ability: Protean\n|-activate|p1a: Umbreon|move: Protect\n|\n|-heal|p1a: Umbreon|88/100|[from] item: Leftovers\n|upkeep\n|turn|4\n|\n|t:|1776151153\n|move|p2a: Greninja|U-turn|p1a: Umbreon\n|-supereffective|p1a: Umbreon|1\n|-damage|p1a: Umbreon|49/100\n|\n|t:|1776151156\n|switch|p2a: Kleavor|Kleavor, L50, F|100/100|[from] U-turn\n|move|p1a: Umbreon|Yawn|p2a: Kleavor\n|-start|p2a: Kleavor|move: Yawn|[of] p1a: Umbreon\n|\n|-heal|p1a: Umbreon|55/100|[from] item: Leftovers\n|upkeep\n|turn|5\n|\n|t:|1776151180\n|move|p2a: Kleavor|U-turn|p1a: Umbreon\n|-supereffective|p1a: Umbreon|1\n|-damage|p1a: Umbreon|13/100\n|\n|t:|1776151182\n|switch|p2a: Greninja|Greninja-Mega, L50, M|100/100|[from] U-turn\n|move|p1a: Umbreon|Yawn|p2a: Greninja\n|-start|p2a: Greninja|move: Yawn|[of] p1a: Umbreon\n|\n|-heal|p1a: Umbreon|19/100|[from] item: Leftovers\n|upkeep\n|turn|6\n|\n|t:|1776151191\n|switch|p2a: Kleavor|Kleavor, L50, F|100/100\n|move|p1a: Umbreon|Protect||[still]\n|-fail|p1a: Umbreon\n|\n|-heal|p1a: Umbreon|25/100|[from] item: Leftovers\n|upkeep\n|turn|7\n|\n|t:|1776151199\n|move|p1a: Umbreon|Protect|p1a: Umbreon\n|-singleturn|p1a: Umbreon|Protect\n|move|p2a: Kleavor|Stone Axe|p1a: Umbreon\n|-activate|p1a: Umbreon|move: Protect\n|\n|-heal|p1a: Umbreon|31/100|[from] item: Leftovers\n|upkeep\n|turn|8\n|\n|t:|1776151207\n|move|p2a: Kleavor|Stone Axe|p1a: Umbreon\n|-damage|p1a: Umbreon|0 fnt\n|-sidestart|p1: kerom.pk|move: Stealth Rock\n|faint|p1a: Umbreon\n|\n|upkeep\n|\n|t:|1776151213\n|switch|p1a: Garchomp|Garchomp, L50, M|100/100\n|-damage|p1a: Garchomp|95/100|[from] Stealth Rock\n|turn|9\n|\n|t:|1776151226\n|switch|p2a: Greninja|Greninja-Mega, L50, M|100/100\n|move|p1a: Garchomp|Scale Shot|p2a: Greninja|[miss]\n|-miss|p1a: Garchomp|p2a: Greninja\n|\n|upkeep\n|turn|10\n|\n|t:|1776151238\n|move|p2a: Greninja|Ice Beam|p1a: Garchomp\n|-start|p2a: Greninja|typechange|Ice|[from] ability: Protean\n|-supereffective|p1a: Garchomp|2\n|-damage|p1a: Garchomp|0 fnt\n|faint|p1a: Garchomp\n|\n|upkeep\n|\n|t:|1776151241\n|switch|p1a: Gengar|Gengar, L50, F|100/100\n|-damage|p1a: Gengar|89/100|[from] Stealth Rock\n|turn|11\n|j| tora111\n|\n|t:|1776151249\n|detailschange|p1a: Gengar|Gengar-Mega, L50, F\n|-mega|p1a: Gengar|Gengar|Gengarite\n|move|p2a: Greninja|U-turn|p1a: Gengar\n|-resisted|p1a: Gengar|2\n|-damage|p1a: Gengar|82/100\n|\n|t:|1776151255\n|switch|p2a: Kleavor|Kleavor, L50, F|100/100|[from] U-turn\n|move|p1a: Gengar|Substitute|p1a: Gengar\n|-start|p1a: Gengar|Substitute\n|-damage|p1a: Gengar|58/100\n|\n|upkeep\n|turn|12\n|\n|t:|1776151270\n|move|p2a: Kleavor|Night Slash|p1a: Gengar\n|-supereffective|p1a: Gengar|1\n|-end|p1a: Gengar|Substitute\n|move|p1a: Gengar|Shadow Ball|p2a: Kleavor\n|-damage|p2a: Kleavor|10/100\n|\n|upkeep\n|turn|13\n|\n|t:|1776151283\n|move|p2a: Kleavor|Night Slash|p1a: Gengar\n|-supereffective|p1a: Gengar|1\n|-damage|p1a: Gengar|0 fnt\n|faint|p1a: Gengar\n|\n|win|chanmin\n|raw|kerom.pk's rating: 1351 &rarr; <strong>1329</strong><br />(-22 for losing)\n|raw|chanmin's rating: 1321 &rarr; <strong>1343</strong><br />(+22 for winning)\n|l|\u203dkerom.pk\n|player|p1|\n|l|\u2606chanmin\n|player|p2|\n|l| tora111\n",
  "uploadtime": 1776151484,
  "views": 4,
  "formatid": "gen9championsbssregma",
  "rating": 1329,
  "private": 0,
  "password": null
}