{
  "id": "gen9championsbssregma-2585401643",
  "format": "[Gen 9 Champions] BSS Reg M-A",
  "players": [
    "BBBkty",
    "apricut_s12"
  ],
  "log": "|j|\u2606BBBkty\n|j|\u2606apricut_s12\n|t:|1776344649\n|gametype|singles\n|player|p1|BBBkty|265|1050\n|player|p2|apricut_s12|170|1120\n|gen|9\n|tier|[Gen 9 Champions] BSS Reg M-A\n|rated|\n|rule|Species Clause: Limit one of each Pok\u00e9mon\n|rule|Item Clause: Limit 1 of each item\n|clearpoke\n|poke|p1|Dragapult, L50, F|\n|poke|p1|Alakazam, L50, F|\n|poke|p1|Azumarill, L50, M|\n|poke|p1|Clefable, L50, M|\n|poke|p1|Espathra, L50, M|\n|poke|p1|Glimmora, L50, M|\n|poke|p2|Delphox, L50, F|\n|poke|p2|Primarina, L50, F|\n|poke|p2|Meowscarada, L50, F|\n|poke|p2|Archaludon, L50, M|\n|poke|p2|Garchomp, L50, M|\n|poke|p2|Meganium, L50, F|\n|teampreview|3\n|inactive|Battle timer is ON: inactive players will automatically lose when time's up. (requested by apricut_s12)\n|inactive|apricut_s12 has 60 seconds left.\n|inactive|apricut_s12 has 30 seconds left.\n|inactive|apricut_s12 has 20 seconds left.\n|\n|t:|1776344724\n|teamsize|p1|3\n|teamsize|p2|3\n|start\n|switch|p1a: Glimmora|Glimmora, L50, M|100/100\n|switch|p2a: Archaludon|Archaludon, L50, M, shiny|100/100\n|turn|1\n|\n|t:|1776344732\n|move|p2a: Archaludon|Flash Cannon|p1a: Glimmora\n|-supereffective|p1a: Glimmora|1\n|-damage|p1a: Glimmora|25/100\n|move|p1a: Glimmora|Stealth Rock|p2a: Archaludon\n|-sidestart|p2: apricut_s12|move: Stealth Rock\n|\n|upkeep\n|turn|2\n|\n|t:|1776344740\n|move|p2a: Archaludon|Flash Cannon|p1a: Glimmora\n|-supereffective|p1a: Glimmora|1\n|-damage|p1a: Glimmora|0 fnt\n|faint|p1a: Glimmora\n|\n|upkeep\n|\n|t:|1776344744\n|switch|p1a: Espathra|Espathra, L50, M, shiny|100/100\n|turn|3\n|\n|t:|1776344760\n|move|p1a: Espathra|Protect|p1a: Espathra\n|-singleturn|p1a: Espathra|Protect\n|move|p2a: Archaludon|Draco Meteor|p1a: Espathra\n|-activate|p1a: Espathra|move: Protect\n|\n|upkeep\n|turn|4\n|\n|t:|1776344766\n|move|p1a: Espathra|Calm Mind|p1a: Espathra\n|-boost|p1a: Espathra|spa|1\n|-boost|p1a: Espathra|spd|1\n|move|p2a: Archaludon|Draco Meteor|p1a: Espathra\n|-damage|p1a: Espathra|57/100\n|-unboost|p2a: Archaludon|spa|2\n|-enditem|p2a: Archaludon|White Herb\n|-clearnegativeboost|p2a: Archaludon|[silent]\n|\n|upkeep\n|turn|5\n|\n|t:|1776344778\n|move|p1a: Espathra|Calm Mind|p1a: Espathra\n|-boost|p1a: Espathra|spa|1\n|-boost|p1a: Espathra|spd|1\n|move|p2a: Archaludon|Flash Cannon|p1a: Espathra\n|-damage|p1a: Espathra|39/100\n|-enditem|p1a: Espathra|Sitrus Berry|[eat]\n|-heal|p1a: Espathra|64/100|[from] item: Sitrus Berry\n|\n|upkeep\n|turn|6\n|inactive|apricut_s12 has 30 seconds left.\n|\n|t:|1776344808\n|switch|p2a: Meowscarada|Meowscarada, L50, F, shiny|100/100\n|-damage|p2a: Meowscarada|88/100|[from] Stealth Rock\n|move|p1a: Espathra|Protect||[still]\n|-fail|p1a: Espathra\n|\n|upkeep\n|turn|7\n|\n|t:|1776344823\n|move|p2a: Meowscarada|Knock Off|p1a: Espathra\n|-start|p2a: Meowscarada|typechange|Dark|[from] ability: Protean\n|-supereffective|p1a: Espathra|1\n|-damage|p1a: Espathra|0 fnt\n|faint|p1a: Espathra\n|\n|upkeep\n|\n|t:|1776344828\n|switch|p1a: Clefable|Clefable, L50, M|100/100\n|turn|8\n|\n|t:|1776344832\n|switch|p2a: Archaludon|Archaludon, L50, M, shiny|100/100\n|-damage|p2a: Archaludon|94/100|[from] Stealth Rock\n|detailschange|p1a: Clefable|Clefable-Mega, L50, M\n|-mega|p1a: Clefable|Clefable|Clefablite\n|move|p1a: Clefable|Cosmic Power|p1a: Clefable\n|-boost|p1a: Clefable|def|1\n|-boost|p1a: Clefable|spd|1\n|\n|upkeep\n|turn|9\n|\n|t:|1776344843\n|move|p2a: Archaludon|Flash Cannon|p1a: Clefable\n|-supereffective|p1a: Clefable|1\n|-damage|p1a: Clefable|64/100\n|move|p1a: Clefable|Cosmic Power|p1a: Clefable\n|-boost|p1a: Clefable|def|1\n|-boost|p1a: Clefable|spd|1\n|\n|upkeep\n|turn|10\n|\n|t:|1776344850\n|move|p2a: Archaludon|Flash Cannon|p1a: Clefable\n|-supereffective|p1a: Clefable|1\n|-damage|p1a: Clefable|33/100\n|move|p1a: Clefable|Moonlight|p1a: Clefable\n|-heal|p1a: Clefable|83/100\n|\n|upkeep\n|turn|11\n|\n|t:|1776344856\n|move|p2a: Archaludon|Flash Cannon|p1a: Clefable\n|-supereffective|p1a: Clefable|1\n|-damage|p1a: Clefable|50/100\n|move|p1a: Clefable|Cosmic Power|p1a: Clefable\n|-boost|p1a: Clefable|def|1\n|-boost|p1a: Clefable|spd|1\n|\n|upkeep\n|turn|12\n|\n|t:|1776344870\n|move|p2a: Archaludon|Flash Cannon|p1a: Clefable\n|-supereffective|p1a: Clefable|1\n|-damage|p1a: Clefable|28/100\n|-unboost|p1a: Clefable|spd|1\n|move|p1a: Clefable|Moonlight|p1a: Clefable\n|-heal|p1a: Clefable|78/100\n|\n|upkeep\n|turn|13\n|\n|t:|1776344877\n|move|p2a: Archaludon|Flash Cannon|p1a: Clefable\n|-supereffective|p1a: Clefable|1\n|-damage|p1a: Clefable|50/100\n|move|p1a: Clefable|Cosmic Power|p1a: Clefable\n|-boost|p1a: Clefable|def|1\n|-boost|p1a: Clefable|spd|1\n|\n|upkeep\n|turn|14\n|\n|t:|1776344884\n|move|p2a: Archaludon|Flash Cannon|p1a: Clefable\n|-supereffective|p1a: Clefable|1\n|-crit|p1a: Clefable\n|-damage|p1a: Clefable|0 fnt\n|faint|p1a: Clefable\n|\n|win|apricut_s12\n|raw|BBBkty's rating: 1050 &rarr; <strong>1036</strong><br />(-14 for losing)\n|raw|apricut_s12's rating: 1120 &rarr; <strong>1140</strong><br />(+20 for winning)\n",
  "uploadtime": 1776344887,
  "views": 4,
  "formatid": "gen9championsbssregma",
  "rating": 1036,
  "private": 0,
  "password": null
}