{
  "id": "gen9championsbssregma-2587058958",
  "format": "[Gen 9 Champions] BSS Reg M-A",
  "players": [
    "Venti1025",
    "mega.CHIVA"
  ],
  "log": "|j|\u2606Venti1025\n|j|\u2606mega.CHIVA\n|t:|1776487955\n|gametype|singles\n|player|p1|Venti1025|n|1151\n|player|p2|mega.CHIVA|unknown|1125\n|gen|9\n|tier|[Gen 9 Champions] BSS Reg M-A\n|rated|\n|rule|Species Clause: Limit one of each Pok\u00e9mon\n|rule|Item Clause: Limit 1 of each item\n|clearpoke\n|poke|p1|Charizard, L50, F|\n|poke|p1|Garchomp, L50, F|\n|poke|p1|Rotom-Wash, L50|\n|poke|p1|Gengar, L50, M|\n|poke|p1|Archaludon, L50, M|\n|poke|p1|Meowscarada, L50, M|\n|poke|p2|Corviknight, L50, M|\n|poke|p2|Garchomp, L50, M|\n|poke|p2|Hawlucha, L50, M|\n|poke|p2|Sylveon, L50, F|\n|poke|p2|Greninja, L50, M|\n|poke|p2|Blastoise, L50, M|\n|teampreview|3\n|inactive|Battle timer is ON: inactive players will automatically lose when time's up. (requested by Venti1025)\n|inactive|mega.CHIVA has 60 seconds left.\n|inactive|mega.CHIVA has 30 seconds left.\n|inactive|mega.CHIVA has 20 seconds left.\n|inactive|mega.CHIVA has 15 seconds left.\n|inactive|mega.CHIVA has 10 seconds left.\n|inactive|mega.CHIVA has 5 seconds left.\n|\n|t:|1776488046\n|teamsize|p1|3\n|teamsize|p2|3\n|start\n|switch|p1a: Meowscarada|Meowscarada, L50, M|100/100\n|switch|p2a: Corviknight|Corviknight, L50, M|100/100\n|turn|1\n|\n|t:|1776488064\n|move|p1a: Meowscarada|Knock Off|p2a: Corviknight\n|-start|p1a: Meowscarada|typechange|Dark|[from] ability: Protean\n|-damage|p2a: Corviknight|62/100\n|-enditem|p2a: Corviknight|Leftovers|[from] move: Knock Off|[of] p1a: Meowscarada\n|move|p2a: Corviknight|Drill Peck|p1a: Meowscarada\n|-damage|p1a: Meowscarada|43/100\n|\n|upkeep\n|turn|2\n|\n|t:|1776488077\n|move|p1a: Meowscarada|Triple Axel|p2a: Corviknight\n|-damage|p2a: Corviknight|57/100\n|-damage|p2a: Corviknight|46/100\n|-damage|p2a: Corviknight|30/100\n|-hitcount|p2a: Corviknight|3\n|move|p2a: Corviknight|Body Press|p1a: Meowscarada\n|-supereffective|p1a: Meowscarada|1\n|-damage|p1a: Meowscarada|0 fnt\n|faint|p1a: Meowscarada\n|\n|upkeep\n|\n|t:|1776488088\n|switch|p1a: Gengar|Gengar, L50, M|100/100\n|turn|3\n|\n|t:|1776488093\n|detailschange|p1a: Gengar|Gengar-Mega, L50, M\n|-mega|p1a: Gengar|Gengar|Gengarite\n|move|p1a: Gengar|Shadow Ball|p2a: Corviknight\n|-damage|p2a: Corviknight|0 fnt\n|faint|p2a: Corviknight\n|\n|upkeep\n|\n|t:|1776488099\n|switch|p2a: Garchomp|Garchomp, L50, M|100/100\n|turn|4\n|\n|t:|1776488106\n|move|p1a: Gengar|Dazzling Gleam|p2a: Garchomp\n|-supereffective|p2a: Garchomp|1\n|-damage|p2a: Garchomp|23/100\n|move|p2a: Garchomp|Earthquake|p1a: Gengar\n|-supereffective|p1a: Gengar|1\n|-damage|p1a: Gengar|0 fnt\n|faint|p1a: Gengar\n|\n|upkeep\n|\n|t:|1776488112\n|switch|p1a: Garchomp|Garchomp, L50, F|100/100\n|turn|5\n|\n|t:|1776488125\n|move|p1a: Garchomp|Iron Head|p2a: Garchomp\n|-damage|p2a: Garchomp|0 fnt\n|-damage|p1a: Garchomp|88/100|[from] ability: Rough Skin|[of] p2a: Garchomp\n|faint|p2a: Garchomp\n|\n|upkeep\n|\n|t:|1776488130\n|switch|p2a: Hawlucha|Hawlucha, L50, M|100/100\n|turn|6\n|\n|t:|1776488135\n|detailschange|p2a: Hawlucha|Hawlucha-Mega, L50, M\n|-mega|p2a: Hawlucha|Hawlucha|Hawluchanite\n|move|p1a: Garchomp|Iron Head|p2a: Hawlucha\n|-damage|p2a: Hawlucha|65/100\n|move|p2a: Hawlucha|Cross Chop|p1a: Garchomp\n|-crit|p1a: Garchomp\n|-damage|p1a: Garchomp|4/100\n|-damage|p2a: Hawlucha|53/100|[from] ability: Rough Skin|[of] p1a: Garchomp\n|\n|upkeep\n|turn|7\n|\n|t:|1776488143\n|move|p1a: Garchomp|Iron Head|p2a: Hawlucha\n|-damage|p2a: Hawlucha|23/100\n|move|p2a: Hawlucha|Stone Edge|p1a: Garchomp\n|-resisted|p1a: Garchomp|1\n|-damage|p1a: Garchomp|0 fnt\n|faint|p1a: Garchomp\n|\n|win|mega.CHIVA\n|raw|Venti1025's rating: 1151 &rarr; <strong>1124</strong><br />(-27 for losing)\n|raw|mega.CHIVA's rating: 1125 &rarr; <strong>1152</strong><br />(+27 for winning)\n|l|\u2606Venti1025\n|player|p1|\n",
  "uploadtime": 1776488150,
  "views": 3,
  "formatid": "gen9championsbssregma",
  "rating": 1124,
  "private": 0,
  "password": null
}