{
  "id": "gen9championsbssregma-2588652250",
  "format": "[Gen 9 Champions] BSS Reg M-A",
  "players": [
    "dddddddddddddsd",
    "veer Weber re Rev"
  ],
  "log": "|j|\u2606dddddddddddddsd\n|j|\u2606veer Weber re Rev\n|t:|1776654015\n|gametype|singles\n|player|p1|dddddddddddddsd|170|1040\n|player|p2|veer Weber re Rev|1|1040\n|gen|9\n|tier|[Gen 9 Champions] BSS Reg M-A\n|rated|\n|rule|Species Clause: Limit one of each Pok\u00e9mon\n|rule|Item Clause: Limit 1 of each item\n|clearpoke\n|poke|p1|Charizard, L50, F|\n|poke|p1|Primarina, L50, M|\n|poke|p1|Tyranitar, L50, F|\n|poke|p1|Emolga, L50, F|\n|poke|p1|Basculegion, L50, M|\n|poke|p1|Corviknight, L50, M|\n|poke|p2|Lopunny, L50, M|\n|poke|p2|Delphox, L50, M|\n|poke|p2|Corviknight, L50, M|\n|poke|p2|Primarina, L50, F|\n|poke|p2|Garchomp, L50, M|\n|poke|p2|Mimikyu, L50, F|\n|teampreview|3\n|\n|t:|1776654052\n|teamsize|p1|3\n|teamsize|p2|3\n|start\n|switch|p1a: Charizard|Charizard, L50, F|100/100\n|switch|p2a: Lopunny|Lopunny, L50, M|100/100\n|turn|1\n|\n|t:|1776654058\n|detailschange|p2a: Lopunny|Lopunny-Mega, L50, M\n|-mega|p2a: Lopunny|Lopunny|Lopunnite\n|detailschange|p1a: Charizard|Charizard-Mega-X, L50, F\n|-mega|p1a: Charizard|Charizard|Charizardite X\n|move|p2a: Lopunny|Fake Out|p1a: Charizard\n|-damage|p1a: Charizard|83/100\n|cant|p1a: Charizard|flinch\n|\n|upkeep\n|turn|2\n|\n|t:|1776654066\n|move|p2a: Lopunny|U-turn|p1a: Charizard\n|-resisted|p1a: Charizard|1\n|-damage|p1a: Charizard|72/100\n|\n|t:|1776654068\n|switch|p2a: Primarina|Primarina, L50, F|100/100|[from] U-turn\n|move|p1a: Charizard|Will-O-Wisp|p2a: Primarina\n|-status|p2a: Primarina|brn\n|\n|-damage|p2a: Primarina|95/100 brn|[from] brn\n|upkeep\n|turn|3\n|\n|t:|1776654080\n|switch|p1a: Primarina|Primarina, L50, M|100/100\n|move|p2a: Primarina|Sparkling Aria|p1a: Primarina\n|-resisted|p1a: Primarina|1\n|-damage|p1a: Primarina|81/100\n|\n|-heal|p1a: Primarina|87/100|[from] item: Leftovers\n|-damage|p2a: Primarina|89/100 brn|[from] brn\n|upkeep\n|turn|4\n|\n|t:|1776654087\n|move|p1a: Primarina|Calm Mind|p1a: Primarina\n|-boost|p1a: Primarina|spa|1\n|-boost|p1a: Primarina|spd|1\n|move|p2a: Primarina|Flip Turn|p1a: Primarina\n|-resisted|p1a: Primarina|1\n|-damage|p1a: Primarina|81/100\n|\n|t:|1776654092\n|switch|p2a: Lopunny|Lopunny-Mega, L50, M|100/100|[from] Flip Turn\n|\n|-heal|p1a: Primarina|87/100|[from] item: Leftovers\n|upkeep\n|turn|5\n|\n|t:|1776654096\n|move|p2a: Lopunny|Fake Out|p1a: Primarina\n|-damage|p1a: Primarina|59/100\n|cant|p1a: Primarina|flinch\n|\n|-heal|p1a: Primarina|65/100|[from] item: Leftovers\n|upkeep\n|turn|6\n|\n|t:|1776654100\n|move|p2a: Lopunny|Facade|p1a: Primarina\n|-damage|p1a: Primarina|23/100\n|move|p1a: Primarina|Moonblast|p2a: Lopunny\n|-supereffective|p2a: Lopunny|1\n|-damage|p2a: Lopunny|0 fnt\n|faint|p2a: Lopunny\n|\n|-heal|p1a: Primarina|29/100|[from] item: Leftovers\n|upkeep\n|\n|t:|1776654103\n|switch|p2a: Garchomp|Garchomp, L50, M|100/100\n|turn|7\n|\n|t:|1776654111\n|switch|p1a: Corviknight|Corviknight, L50, M|100/100\n|-ability|p1a: Corviknight|Pressure\n|move|p2a: Garchomp|Earthquake|p1a: Corviknight\n|-immune|p1a: Corviknight\n|\n|upkeep\n|turn|8\n|-message|veer Weber re Rev forfeited.\n|\n|win|dddddddddddddsd\n|raw|dddddddddddddsd's rating: 1040 &rarr; <strong>1074</strong><br />(+34 for winning)\n|raw|veer Weber re Rev's rating: 1040 &rarr; <strong>1024</strong><br />(-16 for losing)\n|l|\u2606veer Weber re Rev\n|player|p2|\n",
  "uploadtime": 1776654118,
  "views": 0,
  "formatid": "gen9championsbssregma",
  "rating": 1024,
  "private": 0,
  "password": null
}