{
  "id": "gen9championsbssregma-2586385183",
  "format": "[Gen 9 Champions] BSS Reg M-A",
  "players": [
    "1HundredAnd1",
    "mecsale"
  ],
  "log": "|j|\u26061HundredAnd1\n|j|\u2606mecsale\n|t:|1776430803\n|gametype|singles\n|player|p1|1HundredAnd1|volkner|1041\n|player|p2|mecsale|clown|1000\n|gen|9\n|tier|[Gen 9 Champions] BSS Reg M-A\n|rated|\n|rule|Species Clause: Limit one of each Pok\u00e9mon\n|rule|Item Clause: Limit 1 of each item\n|clearpoke\n|poke|p1|Sableye, L50, M|\n|poke|p1|Bastiodon, L50, F|\n|poke|p1|Scovillain, L50, M|\n|poke|p1|Chandelure, L50, F|\n|poke|p1|Armarouge, L50, F|\n|poke|p1|Dragonite, L50, M|\n|poke|p2|Greninja-*, L50, M|\n|poke|p2|Dragapult, L50, M|\n|poke|p2|Azumarill, L50, F|\n|poke|p2|Archaludon, L50, F|\n|poke|p2|Kingambit, L50, M|\n|poke|p2|Charizard, L50, F|\n|teampreview|3\n|inactive|Battle timer is ON: inactive players will automatically lose when time's up. (requested by 1HundredAnd1)\n|\n|t:|1776430838\n|teamsize|p1|3\n|teamsize|p2|3\n|start\n|switch|p1a: Bastiodon|Bastiodon, L50, F|100/100\n|switch|p2a: Charizard|Charizard, L50, F|100/100\n|turn|1\n|inactive|mecsale has 30 seconds left.\n|\n|t:|1776430868\n|detailschange|p2a: Charizard|Charizard-Mega-Y, L50, F\n|-mega|p2a: Charizard|Charizard|Charizardite Y\n|-weather|SunnyDay|[from] ability: Drought|[of] p2a: Charizard\n|move|p2a: Charizard|Flamethrower|p1a: Bastiodon\n|-damage|p1a: Bastiodon|50/100\n|-enditem|p1a: Bastiodon|Sitrus Berry|[eat]\n|-heal|p1a: Bastiodon|75/100|[from] item: Sitrus Berry\n|move|p1a: Bastiodon|Stealth Rock|p2a: Charizard\n|-sidestart|p2: mecsale|move: Stealth Rock\n|\n|-weather|SunnyDay|[upkeep]\n|upkeep\n|turn|2\n|\n|t:|1776430883\n|move|p2a: Charizard|Flamethrower|p1a: Bastiodon\n|-damage|p1a: Bastiodon|28/100\n|move|p1a: Bastiodon|Roar|p2a: Charizard\n|drag|p2a: Azumarill|Azumarill, L50, F|100/100\n|-damage|p2a: Azumarill|88/100|[from] Stealth Rock\n|\n|-weather|SunnyDay|[upkeep]\n|upkeep\n|turn|3\n|\n|t:|1776430892\n|move|p2a: Azumarill|Liquidation|p1a: Bastiodon\n|-supereffective|p1a: Bastiodon|1\n|-damage|p1a: Bastiodon|0 fnt\n|faint|p1a: Bastiodon\n|\n|-weather|SunnyDay|[upkeep]\n|upkeep\n|\n|t:|1776430896\n|switch|p1a: Armarouge|Armarouge, L50, F|100/100\n|turn|4\n|\n|t:|1776430900\n|move|p2a: Azumarill|Aqua Jet|p1a: Armarouge\n|-supereffective|p1a: Armarouge|1\n|-damage|p1a: Armarouge|75/100\n|move|p1a: Armarouge|Trick Room|p1a: Armarouge\n|-fieldstart|move: Trick Room|[of] p1a: Armarouge\n|\n|-weather|SunnyDay|[upkeep]\n|upkeep\n|turn|5\n|\n|t:|1776430907\n|move|p1a: Armarouge|Destiny Bond|p1a: Armarouge\n|-singlemove|p1a: Armarouge|Destiny Bond\n|move|p2a: Azumarill|Liquidation|p1a: Armarouge\n|-supereffective|p1a: Armarouge|1\n|-damage|p1a: Armarouge|28/100\n|\n|-weather|none\n|upkeep\n|turn|6\n|\n|t:|1776430930\n|move|p1a: Armarouge|Psyshock|p2a: Azumarill\n|-damage|p2a: Azumarill|42/100\n|-enditem|p2a: Azumarill|Sitrus Berry|[eat]\n|-heal|p2a: Azumarill|67/100|[from] item: Sitrus Berry\n|move|p2a: Azumarill|Belly Drum|p2a: Azumarill\n|-damage|p2a: Azumarill|17/100\n|-setboost|p2a: Azumarill|atk|6|[from] move: Belly Drum\n|\n|upkeep\n|turn|7\n|\n|t:|1776430937\n|move|p2a: Azumarill|Aqua Jet|p1a: Armarouge\n|-supereffective|p1a: Armarouge|1\n|-damage|p1a: Armarouge|0 fnt\n|faint|p1a: Armarouge\n|\n|upkeep\n|\n|t:|1776430941\n|switch|p1a: Chandelure|Chandelure, L50, F|100/100\n|turn|8\n|\n|t:|1776430950\n|detailschange|p1a: Chandelure|Chandelure-Mega, L50, F\n|-mega|p1a: Chandelure|Chandelure|Chandelurite\n|move|p2a: Azumarill|Aqua Jet|p1a: Chandelure\n|-supereffective|p1a: Chandelure|1\n|-damage|p1a: Chandelure|0 fnt\n|faint|p1a: Chandelure\n|\n|win|mecsale\n|raw|1HundredAnd1's rating: 1041 &rarr; <strong>1023</strong><br />(-18 for losing)\n|raw|mecsale's rating: 1000 &rarr; <strong>1045</strong><br />(+45 for winning)\n|l|\u26061HundredAnd1\n|player|p1|\n",
  "uploadtime": 1776430962,
  "views": 16,
  "formatid": "gen9championsbssregma",
  "rating": 1023,
  "private": 0,
  "password": null
}