{
  "id": "gen9championsbssregma-2583027126",
  "format": "[Gen 9 Champions] BSS Reg M-A",
  "players": [
    "karbain",
    "txqz6p"
  ],
  "log": "|j|\u2606karbain\n|j|\u2606txqz6p\n|t:|1776134594\n|gametype|singles\n|player|p1|karbain|2|1364\n|player|p2|txqz6p|265|1273\n|gen|9\n|tier|[Gen 9 Champions] BSS Reg M-A\n|rated|\n|rule|Species Clause: Limit one of each Pok\u00e9mon\n|rule|Item Clause: Limit 1 of each item\n|clearpoke\n|poke|p1|Charizard, L50, M|\n|poke|p1|Greninja-*, L50, M|\n|poke|p1|Hatterene, L50, F|\n|poke|p1|Gyarados, L50, F|\n|poke|p1|Kingambit, L50, F|\n|poke|p1|Mimikyu, L50, M|\n|poke|p2|Greninja-*, L50, M|\n|poke|p2|Basculegion, L50, M|\n|poke|p2|Dragonite, L50, F|\n|poke|p2|Charizard, L50, M|\n|poke|p2|Archaludon, L50, F|\n|poke|p2|Scizor, L50, M|\n|teampreview|3\n|\n|t:|1776134628\n|teamsize|p1|3\n|teamsize|p2|3\n|start\n|switch|p1a: Greninja|Greninja, L50, M|100/100\n|switch|p2a: Archaludon|Archaludon, L50, F|100/100\n|turn|1\n|\n|t:|1776134662\n|move|p1a: Greninja|Dark Pulse|p2a: Archaludon\n|-damage|p2a: Archaludon|50/100\n|cant|p2a: Archaludon|flinch\n|\n|upkeep\n|turn|2\n|\n|t:|1776134667\n|move|p1a: Greninja|Dark Pulse|p2a: Archaludon\n|-damage|p2a: Archaludon|0 fnt\n|faint|p2a: Archaludon\n|\n|upkeep\n|j| p74\n|\n|t:|1776134680\n|switch|p2a: Scizor|Scizor, L50, M|100/100\n|turn|3\n|\n|t:|1776134691\n|detailschange|p2a: Scizor|Scizor-Mega, L50, M\n|-mega|p2a: Scizor|Scizor|Scizorite\n|move|p1a: Greninja|Surf|p2a: Scizor\n|-damage|p2a: Scizor|61/100\n|move|p2a: Scizor|Close Combat|p1a: Greninja\n|-supereffective|p1a: Greninja|1\n|-enditem|p1a: Greninja|Focus Sash\n|-damage|p1a: Greninja|1/100\n|-unboost|p2a: Scizor|def|1\n|-unboost|p2a: Scizor|spd|1\n|\n|upkeep\n|turn|4\n|\n|t:|1776134701\n|move|p1a: Greninja|Water Shuriken|p2a: Scizor\n|-damage|p2a: Scizor|44/100\n|-damage|p2a: Scizor|28/100\n|-damage|p2a: Scizor|11/100\n|-damage|p2a: Scizor|0 fnt\n|faint|p2a: Scizor\n|-hitcount|p2: Scizor|4\n|\n|upkeep\n|\n|t:|1776134708\n|switch|p2a: Dragonite|Dragonite, L50, F|100/100\n|turn|5\n|\n|t:|1776134714\n|move|p1a: Greninja|Ice Beam|p2a: Dragonite\n|-supereffective|p2a: Dragonite|2\n|-damage|p2a: Dragonite|43/100\n|move|p2a: Dragonite|Dragon Dance|p2a: Dragonite\n|-boost|p2a: Dragonite|atk|1\n|-boost|p2a: Dragonite|spe|1\n|\n|-heal|p2a: Dragonite|49/100|[from] item: Leftovers\n|upkeep\n|turn|6\n|\n|t:|1776134723\n|move|p2a: Dragonite|Extreme Speed|p1a: Greninja\n|-damage|p1a: Greninja|0 fnt\n|faint|p1a: Greninja\n|\n|-heal|p2a: Dragonite|55/100|[from] item: Leftovers\n|upkeep\n|\n|t:|1776134729\n|switch|p1a: Mimikyu|Mimikyu, L50, M|100/100\n|turn|7\n|\n|t:|1776134733\n|move|p2a: Dragonite|Earthquake|p1a: Mimikyu\n|-activate|p1a: Mimikyu|ability: Disguise\n|-damage|p1a: Mimikyu|100/100\n|detailschange|p1a: Mimikyu|Mimikyu-Busted, L50, M\n|-damage|p1a: Mimikyu|89/100|[from] pokemon: Mimikyu-Busted\n|move|p1a: Mimikyu|Play Rough|p2a: Dragonite\n|-supereffective|p2a: Dragonite|1\n|-damage|p2a: Dragonite|0 fnt\n|faint|p2a: Dragonite\n|\n|win|karbain\n|raw|karbain's rating: 1364 &rarr; <strong>1379</strong><br />(+15 for winning)\n|raw|txqz6p's rating: 1273 &rarr; <strong>1254</strong><br />(-19 for losing)\n|l|\u2606karbain\n|player|p1|\n|l|\u2606txqz6p\n|player|p2|\n",
  "uploadtime": 1776134940,
  "views": 6,
  "formatid": "gen9championsbssregma",
  "rating": 1254,
  "private": 0,
  "password": null
}