{
  "id": "gen9championsbssregma-2581459097",
  "format": "[Gen 9 Champions] BSS Reg M-A",
  "players": [
    "MiraidonGaming",
    "z-pokemaster2000"
  ],
  "log": "|j|\u2606MiraidonGaming\n|j|\u2606z-pokemaster2000\n|t:|1776002461\n|gametype|singles\n|player|p1|MiraidonGaming|lucas|\n|player|p2|z-pokemaster2000|170|\n|gen|9\n|tier|[Gen 9 Champions] BSS Reg M-A\n|rule|Species Clause: Limit one of each Pok\u00e9mon\n|rule|Item Clause: Limit 1 of each item\n|clearpoke\n|poke|p1|Ninetales-Alola, L50, F|\n|poke|p1|Charizard, L50, M|\n|poke|p1|Scizor, L50, M|\n|poke|p1|Sinistcha, L50|\n|poke|p1|Rotom-Wash, L50|\n|poke|p1|Salazzle, L50, F|\n|poke|p2|Charizard, L50, F|\n|poke|p2|Scizor, L50, F|\n|poke|p2|Conkeldurr, L50, F|\n|poke|p2|Clefable, L50, M|\n|poke|p2|Basculegion, L50, M|\n|poke|p2|Bellibolt, L50, M|\n|teampreview|3\n|\n|t:|1776002495\n|teamsize|p1|3\n|teamsize|p2|3\n|start\n|switch|p1a: Put a brick in|Rotom-Wash, L50|100/100\n|switch|p2a: Black Flame|Charizard, L50, F, shiny|100/100\n|turn|1\n|\n|t:|1776002504\n|detailschange|p2a: Black Flame|Charizard-Mega-X, L50, F, shiny\n|-mega|p2a: Black Flame|Charizard|Charizardite X\n|move|p1a: Put a brick in|Discharge|p2a: Black Flame\n|-resisted|p2a: Black Flame|1\n|-damage|p2a: Black Flame|83/100\n|move|p2a: Black Flame|Dragon Dance|p2a: Black Flame\n|-boost|p2a: Black Flame|atk|1\n|-boost|p2a: Black Flame|spe|1\n|\n|upkeep\n|turn|2\n|c|\u2606MiraidonGaming|Think I lose now\n|\n|t:|1776002520\n|move|p1a: Put a brick in|Discharge|p2a: Black Flame\n|-resisted|p2a: Black Flame|1\n|-crit|p2a: Black Flame\n|-damage|p2a: Black Flame|60/100\n|move|p2a: Black Flame|Dragon Dance|p2a: Black Flame\n|-boost|p2a: Black Flame|atk|1\n|-boost|p2a: Black Flame|spe|1\n|\n|upkeep\n|turn|3\n|\n|t:|1776002527\n|move|p2a: Black Flame|Breaking Swipe|p1a: Put a brick in\n|-damage|p1a: Put a brick in|7/100\n|-unboost|p1a: Put a brick in|atk|1\n|move|p1a: Put a brick in|Discharge|p2a: Black Flame\n|-resisted|p2a: Black Flame|1\n|-damage|p2a: Black Flame|42/100\n|\n|upkeep\n|turn|4\n|\n|t:|1776002535\n|move|p2a: Black Flame|Breaking Swipe|p1a: Put a brick in\n|-damage|p1a: Put a brick in|0 fnt\n|faint|p1a: Put a brick in\n|\n|upkeep\n|\n|t:|1776002538\n|switch|p1a: Vanity?|Ninetales-Alola, L50, F|100/100\n|-weather|Snowscape|[from] ability: Snow Warning|[of] p1a: Vanity?\n|turn|5\n|c|\u2606z-pokemaster2000|Unlucky with discharge\n|\n|t:|1776002556\n|move|p2a: Black Flame|Roost|p2a: Black Flame\n|-heal|p2a: Black Flame|92/100\n|-singleturn|p2a: Black Flame|move: Roost\n|move|p1a: Vanity?|Moonblast|p2a: Black Flame\n|-damage|p2a: Black Flame|54/100\n|\n|-weather|Snowscape|[upkeep]\n|upkeep\n|turn|6\n|\n|t:|1776002566\n|move|p2a: Black Flame|Temper Flare|p1a: Vanity?\n|-supereffective|p1a: Vanity?|1\n|-enditem|p1a: Vanity?|Focus Sash\n|-damage|p1a: Vanity?|1/100\n|move|p1a: Vanity?|Nasty Plot|p1a: Vanity?\n|-boost|p1a: Vanity?|spa|2\n|\n|-weather|Snowscape|[upkeep]\n|upkeep\n|turn|7\n|c|\u2606MiraidonGaming|My order of operations was poor\n|\n|t:|1776002577\n|move|p2a: Black Flame|Temper Flare|p1a: Vanity?\n|-supereffective|p1a: Vanity?|1\n|-damage|p1a: Vanity?|0 fnt\n|faint|p1a: Vanity?\n|\n|-weather|Snowscape|[upkeep]\n|upkeep\n|\n|t:|1776002578\n|switch|p1a: Bruce|Charizard, L50, M|100/100\n|turn|8\n|c|\u2606z-pokemaster2000|Yeah I was expecting veil to go up turn 1\n|c|\u2606z-pokemaster2000|Nasty plot into blizzard mightve taken me out\n|c|\u2606MiraidonGaming|Was hoping you'd just go for kill\n|\n|t:|1776002608\n|move|p2a: Black Flame|Breaking Swipe|p1a: Bruce\n|-damage|p1a: Bruce|22/100\n|-unboost|p1a: Bruce|atk|1\n|move|p1a: Bruce|Dragon Dance|p1a: Bruce\n|-boost|p1a: Bruce|atk|1\n|-boost|p1a: Bruce|spe|1\n|\n|-weather|Snowscape|[upkeep]\n|upkeep\n|turn|9\n|c|\u2606MiraidonGaming|Ggwp\n|\n|t:|1776002617\n|detailschange|p1a: Bruce|Charizard-Mega-X, L50, M\n|-mega|p1a: Bruce|Charizard|Charizardite X\n|move|p2a: Black Flame|Breaking Swipe|p1a: Bruce\n|-supereffective|p1a: Bruce|1\n|-damage|p1a: Bruce|0 fnt\n|faint|p1a: Bruce\n|\n|win|z-pokemaster2000\n|l|\u2606z-pokemaster2000\n|player|p2|\n",
  "uploadtime": 1776003160,
  "views": 20,
  "formatid": "gen9championsbssregma",
  "rating": null,
  "private": 0,
  "password": null
}