{
  "id": "gen9championsbssregma-2587000479",
  "format": "[Gen 9 Champions] BSS Reg M-A",
  "players": [
    "uiopoop",
    "hijanu"
  ],
  "log": "|j|\u2606uiopoop\n|j|\u2606hijanu\n|t:|1776479897\n|gametype|singles\n|player|p1|uiopoop|266|1144\n|player|p2|hijanu|hilbert-wonderlauncher|1099\n|gen|9\n|tier|[Gen 9 Champions] BSS Reg M-A\n|rated|\n|rule|Species Clause: Limit one of each Pok\u00e9mon\n|rule|Item Clause: Limit 1 of each item\n|clearpoke\n|poke|p1|Victreebel, L50, M|\n|poke|p1|Kingambit, L50, M|\n|poke|p1|Basculegion, L50, M|\n|poke|p1|Aerodactyl, L50, M|\n|poke|p1|Azumarill, L50, F|\n|poke|p1|Charizard, L50, M|\n|poke|p2|Corviknight, L50, F|\n|poke|p2|Furfrou, L50, M|\n|poke|p2|Ceruledge, L50, M|\n|poke|p2|Hawlucha, L50, F|\n|poke|p2|Rotom-Wash, L50|\n|poke|p2|Torterra, L50, M|\n|teampreview|3\n|\n|t:|1776479924\n|teamsize|p1|3\n|teamsize|p2|3\n|start\n|switch|p1a: Victreebel|Victreebel, L50, M|100/100\n|switch|p2a: Ceruledge|Ceruledge, L50, M|100/100\n|turn|1\n|\n|t:|1776479940\n|detailschange|p1a: Victreebel|Victreebel-Mega, L50, M\n|-mega|p1a: Victreebel|Victreebel|Victreebelite\n|move|p2a: Ceruledge|Swords Dance|p2a: Ceruledge\n|-boost|p2a: Ceruledge|atk|2\n|move|p1a: Victreebel|Strength Sap|p2a: Ceruledge\n|-unboost|p2a: Ceruledge|atk|1\n|\n|upkeep\n|turn|2\n|\n|t:|1776479952\n|move|p2a: Ceruledge|Swords Dance|p2a: Ceruledge\n|-boost|p2a: Ceruledge|atk|2\n|move|p1a: Victreebel|Giga Drain|p2a: Ceruledge\n|-resisted|p2a: Ceruledge|1\n|-damage|p2a: Ceruledge|77/100\n|\n|upkeep\n|turn|3\n|\n|t:|1776479960\n|move|p2a: Ceruledge|Shadow Sneak|p1a: Victreebel\n|-damage|p1a: Victreebel|36/100\n|move|p1a: Victreebel|Strength Sap|p2a: Ceruledge\n|-unboost|p2a: Ceruledge|atk|1\n|-heal|p1a: Victreebel|100/100\n|\n|upkeep\n|turn|4\n|\n|t:|1776479972\n|move|p2a: Ceruledge|Bitter Blade|p1a: Victreebel\n|-supereffective|p1a: Victreebel|1\n|-damage|p1a: Victreebel|0 fnt\n|-heal|p2a: Ceruledge|100/100|[from] drain|[of] p1a: Victreebel\n|-damage|p2a: Ceruledge|0 fnt|[from] ability: Innards Out|[of] p1a: Victreebel\n|faint|p1a: Victreebel\n|faint|p2a: Ceruledge\n|\n|upkeep\n|\n|t:|1776479982\n|switch|p2a: Furfrou|Furfrou, L50, M|100/100\n|switch|p1a: Basculegion|Basculegion, L50, M|100/100\n|turn|5\n|\n|t:|1776479990\n|move|p1a: Basculegion|Wave Crash|p2a: Furfrou\n|-damage|p2a: Furfrou|37/100\n|-damage|p1a: Basculegion|81/100|[from] Recoil\n|move|p2a: Furfrou|Cotton Guard|p2a: Furfrou\n|-boost|p2a: Furfrou|def|3\n|\n|-heal|p2a: Furfrou|43/100|[from] item: Leftovers\n|upkeep\n|turn|6\n|\n|t:|1776480000\n|move|p2a: Furfrou|Sucker Punch|p1a: Basculegion\n|-supereffective|p1a: Basculegion|1\n|-damage|p1a: Basculegion|34/100\n|move|p1a: Basculegion|Wave Crash|p2a: Furfrou\n|-damage|p2a: Furfrou|18/100\n|-damage|p1a: Basculegion|26/100|[from] Recoil\n|\n|-heal|p2a: Furfrou|24/100|[from] item: Leftovers\n|upkeep\n|turn|7\n|\n|t:|1776480010\n|switch|p1a: Kingambit|Kingambit, L50, M|100/100\n|-activate|p1a: Kingambit|ability: Supreme Overlord\n|-start|p1a: Kingambit|fallen1|[silent]\n|move|p2a: Furfrou|Sucker Punch||[still]\n|-fail|p2a: Furfrou\n|\n|-heal|p2a: Furfrou|30/100|[from] item: Leftovers\n|upkeep\n|turn|8\n|\n|t:|1776480021\n|move|p2a: Furfrou|Cotton Guard|p2a: Furfrou\n|-boost|p2a: Furfrou|def|3\n|move|p1a: Kingambit|Low Kick|p2a: Furfrou\n|-supereffective|p2a: Furfrou|1\n|-damage|p2a: Furfrou|20/100\n|\n|-heal|p2a: Furfrou|26/100|[from] item: Leftovers\n|upkeep\n|turn|9\n|-message|uiopoop forfeited.\n|\n|win|hijanu\n|raw|uiopoop's rating: 1144 &rarr; <strong>1116</strong><br />(-28 for losing)\n|raw|hijanu's rating: 1099 &rarr; <strong>1127</strong><br />(+28 for winning)\n|l|\u2606uiopoop\n|player|p1|\n",
  "uploadtime": 1776480038,
  "views": 9,
  "formatid": "gen9championsbssregma",
  "rating": 1116,
  "private": 0,
  "password": null
}