{
  "id": "gen9championsbssregma-2585242513",
  "format": "[Gen 9 Champions] BSS Reg M-A",
  "players": [
    "txqz6p",
    "rulou"
  ],
  "log": "|j|\u2606txqz6p\n|j|\u2606rulou\n|t:|1776329077\n|gametype|singles\n|player|p1|txqz6p|265|1167\n|player|p2|rulou|backpacker|1155\n|gen|9\n|tier|[Gen 9 Champions] BSS Reg M-A\n|rated|\n|rule|Species Clause: Limit one of each Pok\u00e9mon\n|rule|Item Clause: Limit 1 of each item\n|clearpoke\n|poke|p1|Azumarill, L50, F|\n|poke|p1|Hatterene, L50, F|\n|poke|p1|Dragonite, L50, M|\n|poke|p1|Drampa, L50, F|\n|poke|p1|Basculegion, L50, M|\n|poke|p1|Scizor, L50, M|\n|poke|p2|Altaria, L50, M|\n|poke|p2|Gengar, L50, M|\n|poke|p2|Corviknight, L50, F|\n|poke|p2|Dragapult, L50, F|\n|poke|p2|Umbreon, L50, F|\n|poke|p2|Ditto, L50|\n|teampreview|3\n|c|\u2606rulou|hf\n|inactive|Battle timer is ON: inactive players will automatically lose when time's up. (requested by rulou)\n|inactive|txqz6p has 60 seconds left.\n|\n|t:|1776329125\n|teamsize|p1|3\n|teamsize|p2|3\n|start\n|switch|p1a: Hatterene|Hatterene, L50, F|100/100\n|switch|p2a: Dragapult|Dragapult, L50, F|100/100\n|turn|1\n|\n|t:|1776329133\n|move|p2a: Dragapult|Hex|p1a: Hatterene\n|-supereffective|p1a: Hatterene|1\n|-damage|p1a: Hatterene|37/100\n|move|p1a: Hatterene|Trick Room|p1a: Hatterene\n|-fieldstart|move: Trick Room|[of] p1a: Hatterene\n|\n|upkeep\n|turn|2\n|\n|t:|1776329140\n|move|p1a: Hatterene|Misty Explosion|p2a: Dragapult\n|-supereffective|p2a: Dragapult|1\n|-enditem|p2a: Dragapult|Focus Sash\n|-damage|p2a: Dragapult|1/100\n|faint|p1a: Hatterene\n|move|p2a: Dragapult|U-turn|p1: Hatterene|[notarget]\n|-fail|p2a: Dragapult\n|\n|upkeep\n|\n|t:|1776329148\n|switch|p1a: Drampa|Drampa, L50, F, shiny|100/100\n|-ability|p1a: Drampa|Cloud Nine\n|turn|3\n|\n|t:|1776329160\n|detailschange|p1a: Drampa|Drampa-Mega, L50, F, shiny\n|-mega|p1a: Drampa|Drampa|Drampanite\n|move|p1a: Drampa|Flamethrower|p2a: Dragapult\n|-resisted|p2a: Dragapult|1\n|-damage|p2a: Dragapult|0 fnt\n|faint|p2a: Dragapult\n|\n|upkeep\n|\n|t:|1776329164\n|switch|p2a: Umbreon|Umbreon, L50, F|100/100\n|turn|4\n|\n|t:|1776329170\n|move|p1a: Drampa|Dragon Pulse|p2a: Umbreon\n|-crit|p2a: Umbreon\n|-damage|p2a: Umbreon|59/100\n|move|p2a: Umbreon|Yawn|p1a: Drampa\n|-start|p1a: Drampa|move: Yawn|[of] p2a: Umbreon\n|\n|upkeep\n|turn|5\n|\n|t:|1776329179\n|switch|p1a: Basculegion|Basculegion, L50, M, shiny|100/100\n|move|p2a: Umbreon|Wish|p2a: Umbreon\n|\n|-fieldend|move: Trick Room\n|upkeep\n|turn|6\n|\n|t:|1776329186\n|move|p2a: Umbreon|Protect|p2a: Umbreon\n|-singleturn|p2a: Umbreon|Protect\n|move|p1a: Basculegion|Wave Crash|p2a: Umbreon\n|-activate|p2a: Umbreon|move: Protect\n|\n|-heal|p2a: Umbreon|100/100|[from] move: Wish|[wisher] Umbreon\n|upkeep\n|turn|7\n|\n|t:|1776329193\n|switch|p2a: Ditto|Ditto, L50|100/100\n|-transform|p2a: Ditto|p1a: Basculegion|[from] ability: Imposter\n|move|p1a: Basculegion|Wave Crash|p2a: Ditto\n|-resisted|p2a: Ditto|1\n|-damage|p2a: Ditto|44/100\n|-damage|p1a: Basculegion|86/100|[from] Recoil\n|\n|upkeep\n|turn|8\n|\n|t:|1776329210\n|move|p2a: Ditto|Flip Turn|p1a: Basculegion\n|-resisted|p1a: Basculegion|1\n|-crit|p1a: Basculegion\n|-damage|p1a: Basculegion|52/100\n|\n|t:|1776329212\n|switch|p2a: Umbreon|Umbreon, L50, F|100/100|[from] Flip Turn\n|move|p1a: Basculegion|Wave Crash|p2a: Umbreon\n|-damage|p2a: Umbreon|42/100\n|-damage|p1a: Basculegion|32/100|[from] Recoil\n|\n|upkeep\n|turn|9\n|\n|t:|1776329227\n|move|p1a: Basculegion|Wave Crash|p2a: Umbreon\n|-damage|p2a: Umbreon|0 fnt\n|faint|p2a: Umbreon\n|-damage|p1a: Basculegion|18/100|[from] Recoil\n|\n|upkeep\n|\n|t:|1776329230\n|switch|p2a: Ditto|Ditto, L50|44/100\n|-transform|p2a: Ditto|p1a: Basculegion|[from] ability: Imposter\n|turn|10\n|\n|t:|1776329236\n|move|p2a: Ditto|Head Smash|p1a: Basculegion\n|-crit|p1a: Basculegion\n|-damage|p1a: Basculegion|0 fnt\n|faint|p1a: Basculegion\n|-damage|p2a: Ditto|33/100|[from] Recoil\n|\n|upkeep\n|\n|t:|1776329242\n|switch|p1a: Drampa|Drampa-Mega, L50, F, shiny|100/100\n|turn|11\n|\n|t:|1776329248\n|move|p2a: Ditto|Head Smash|p1a: Drampa\n|-damage|p1a: Drampa|58/100\n|-damage|p2a: Ditto|8/100|[from] Recoil\n|move|p1a: Drampa|Dragon Pulse|p2a: Ditto\n|-damage|p2a: Ditto|0 fnt\n|faint|p2a: Ditto\n|\n|win|txqz6p\n|raw|txqz6p's rating: 1167 &rarr; <strong>1191</strong><br />(+24 for winning)\n|raw|rulou's rating: 1155 &rarr; <strong>1131</strong><br />(-24 for losing)\n|l|\u2606rulou\n|player|p2|\n",
  "uploadtime": 1776329363,
  "views": 9,
  "formatid": "gen9championsbssregma",
  "rating": 1131,
  "private": 0,
  "password": null
}