{
  "id": "gen9championsbssregma-2588309957",
  "format": "[Gen 9 Champions] BSS Reg M-A",
  "players": [
    "qweralt",
    "wanii"
  ],
  "log": "|j|\u2606qweralt\n|j|\u2606wanii\n|t:|1776622987\n|gametype|singles\n|player|p1|qweralt|boarder|1215\n|player|p2|wanii|n|1149\n|gen|9\n|tier|[Gen 9 Champions] BSS Reg M-A\n|rated|\n|rule|Species Clause: Limit one of each Pok\u00e9mon\n|rule|Item Clause: Limit 1 of each item\n|clearpoke\n|poke|p1|Delphox, L50, F|\n|poke|p1|Hatterene, L50, F|\n|poke|p1|Weavile, L50, F|\n|poke|p1|Volcarona, L50, F|\n|poke|p1|Garchomp, L50, M|\n|poke|p1|Rotom-Wash, L50|\n|poke|p2|Tyranitar, L50, M, shiny|\n|poke|p2|Aegislash, L50, M, shiny|\n|poke|p2|Empoleon, L50, M|\n|poke|p2|Rotom-Wash, L50, shiny|\n|poke|p2|Charizard, L50, M|\n|poke|p2|Garchomp, L50, M|\n|teampreview|3\n|\n|t:|1776623043\n|teamsize|p1|3\n|teamsize|p2|3\n|start\n|switch|p1a: Weavile|Weavile, L50, F|100/100\n|switch|p2a: Empoleon|Empoleon, L50, M|100/100\n|-ability|p1a: Weavile|Pressure\n|turn|1\n|\n|t:|1776623067\n|move|p1a: Weavile|Knock Off|p2a: Empoleon\n|-damage|p2a: Empoleon|62/100\n|-enditem|p2a: Empoleon|Mental Herb|[from] move: Knock Off|[of] p1a: Weavile\n|move|p2a: Empoleon|Yawn|p1a: Weavile\n|-start|p1a: Weavile|move: Yawn|[of] p2a: Empoleon\n|\n|upkeep\n|turn|2\n|\n|t:|1776623080\n|switch|p1a: Hatterene|Hatterene, L50, F|100/100\n|move|p2a: Empoleon|Stealth Rock|p1a: Hatterene\n|move|p1a: Hatterene|Stealth Rock|p2a: Empoleon|[from] ability: Magic Bounce\n|-sidestart|p2: wanii|move: Stealth Rock\n|\n|upkeep\n|turn|3\n|\n|t:|1776623100\n|move|p2a: Empoleon|Flip Turn|p1a: Hatterene\n|-damage|p1a: Hatterene|84/100\n|\n|t:|1776623103\n|switch|p2a: Tyranitar|Tyranitar, L50, M, shiny|100/100|[from] Flip Turn\n|-damage|p2a: Tyranitar|88/100|[from] Stealth Rock\n|-weather|Sandstorm|[from] ability: Sand Stream|[of] p2a: Tyranitar\n|move|p1a: Hatterene|Calm Mind|p1a: Hatterene\n|-boost|p1a: Hatterene|spa|1\n|-boost|p1a: Hatterene|spd|1\n|\n|-weather|Sandstorm|[upkeep]\n|-damage|p1a: Hatterene|78/100|[from] Sandstorm\n|-heal|p1a: Hatterene|84/100|[from] item: Leftovers\n|upkeep\n|turn|4\n|\n|t:|1776623113\n|detailschange|p2a: Tyranitar|Tyranitar-Mega, L50, M, shiny\n|-mega|p2a: Tyranitar|Tyranitar|Tyranitarite\n|move|p2a: Tyranitar|Dragon Dance|p2a: Tyranitar\n|-boost|p2a: Tyranitar|atk|1\n|-boost|p2a: Tyranitar|spe|1\n|move|p1a: Hatterene|Draining Kiss|p2a: Tyranitar\n|-supereffective|p2a: Tyranitar|1\n|-damage|p2a: Tyranitar|52/100\n|-heal|p1a: Hatterene|100/100|[from] drain|[of] p2a: Tyranitar\n|\n|-weather|Sandstorm|[upkeep]\n|-damage|p1a: Hatterene|94/100|[from] Sandstorm\n|-heal|p1a: Hatterene|100/100|[from] item: Leftovers\n|upkeep\n|turn|5\n|\n|t:|1776623124\n|move|p2a: Tyranitar|Rock Blast|p1a: Hatterene\n|-damage|p1a: Hatterene|80/100\n|-damage|p1a: Hatterene|61/100\n|-damage|p1a: Hatterene|39/100\n|-damage|p1a: Hatterene|18/100\n|-hitcount|p1a: Hatterene|4\n|move|p1a: Hatterene|Draining Kiss|p2a: Tyranitar\n|-supereffective|p2a: Tyranitar|1\n|-damage|p2a: Tyranitar|15/100\n|-heal|p1a: Hatterene|49/100|[from] drain|[of] p2a: Tyranitar\n|\n|-weather|Sandstorm|[upkeep]\n|-damage|p1a: Hatterene|43/100|[from] Sandstorm\n|-heal|p1a: Hatterene|49/100|[from] item: Leftovers\n|upkeep\n|turn|6\n|\n|t:|1776623134\n|move|p2a: Tyranitar|Rock Blast|p1a: Hatterene\n|-damage|p1a: Hatterene|29/100\n|-damage|p1a: Hatterene|8/100\n|-damage|p1a: Hatterene|0 fnt\n|faint|p1a: Hatterene\n|-hitcount|p1: Hatterene|3\n|\n|-weather|Sandstorm|[upkeep]\n|upkeep\n|\n|t:|1776623142\n|switch|p1a: Weavile|Weavile, L50, F|100/100\n|-ability|p1a: Weavile|Pressure\n|turn|7\n|\n|t:|1776623148\n|move|p1a: Weavile|Low Kick|p2a: Tyranitar\n|-supereffective|p2a: Tyranitar|2\n|-damage|p2a: Tyranitar|0 fnt\n|faint|p2a: Tyranitar\n|\n|-weather|none\n|upkeep\n|\n|t:|1776623158\n|switch|p2a: Empoleon|Empoleon, L50, M|62/100\n|-damage|p2a: Empoleon|57/100|[from] Stealth Rock\n|turn|8\n|\n|t:|1776623198\n|move|p1a: Weavile|Swords Dance|p1a: Weavile\n|-boost|p1a: Weavile|atk|2\n|move|p2a: Empoleon|Flip Turn|p1a: Weavile\n|-damage|p1a: Weavile|69/100\n|\n|t:|1776623207\n|switch|p2a: Garchomp|Garchomp, L50, M|100/100|[from] Flip Turn\n|-damage|p2a: Garchomp|95/100|[from] Stealth Rock\n|\n|upkeep\n|turn|9\n|\n|t:|1776623210\n|move|p2a: Garchomp|Outrage|p1a: Weavile\n|-damage|p1a: Weavile|0 fnt\n|faint|p1a: Weavile\n|\n|upkeep\n|\n|t:|1776623212\n|switch|p1a: Volcarona|Volcarona, L50, F|100/100\n|turn|10\n|\n|t:|1776623217\n|move|p2a: Garchomp|Outrage|p1a: Volcarona|[from] lockedmove\n|-damage|p1a: Volcarona|0 fnt\n|faint|p1a: Volcarona\n|\n|win|wanii\n|raw|qweralt's rating: 1215 &rarr; <strong>1185</strong><br />(-30 for losing)\n|raw|wanii's rating: 1149 &rarr; <strong>1179</strong><br />(+30 for winning)\n",
  "uploadtime": 1776623220,
  "views": 1,
  "formatid": "gen9championsbssregma",
  "rating": 1179,
  "private": 0,
  "password": null
}