{
  "id": "gen9championsbssregma-2587978428",
  "format": "[Gen 9 Champions] BSS Reg M-A",
  "players": [
    "hijanu",
    "jaxsha"
  ],
  "log": "|j|\u2606hijanu\n|j|\u2606jaxsha\n|t:|1776587833\n|gametype|singles\n|player|p1|hijanu|170|1089\n|player|p2|jaxsha|1|1093\n|gen|9\n|tier|[Gen 9 Champions] BSS Reg M-A\n|rated|\n|rule|Species Clause: Limit one of each Pok\u00e9mon\n|rule|Item Clause: Limit 1 of each item\n|clearpoke\n|poke|p1|Furfrou, L50, F, shiny|\n|poke|p1|Ceruledge, L50, F, shiny|\n|poke|p1|Rotom-Wash, L50, shiny|\n|poke|p1|Torterra, L50, F, shiny|\n|poke|p1|Aggron, L50, M, shiny|\n|poke|p1|Victreebel, L50, M|\n|poke|p2|Meowscarada, L50, F|\n|poke|p2|Scizor, L50, M|\n|poke|p2|Rotom-Wash, L50|\n|poke|p2|Charizard, L50, F|\n|poke|p2|Primarina, L50, F|\n|poke|p2|Garchomp, L50, M|\n|teampreview|3\n|inactive|Battle timer is ON: inactive players will automatically lose when time's up. (requested by hijanu)\n|\n|t:|1776587942\n|teamsize|p1|3\n|teamsize|p2|3\n|start\n|switch|p1a: Torterra|Torterra, L50, F, shiny|100/100\n|switch|p2a: Garchomp|Garchomp, L50, M|100/100\n|turn|1\n|\n|t:|1776587948\n|move|p1a: Torterra|Shell Smash|p1a: Torterra\n|-unboost|p1a: Torterra|def|1\n|-unboost|p1a: Torterra|spd|1\n|-boost|p1a: Torterra|atk|2\n|-boost|p1a: Torterra|spa|2\n|-boost|p1a: Torterra|spe|2\n|move|p2a: Garchomp|Dragon Tail|p1a: Torterra\n|-damage|p1a: Torterra|59/100\n|drag|p1a: Victreebel|Victreebel, L50, M|100/100\n|\n|upkeep\n|turn|2\n|\n|t:|1776587962\n|detailschange|p1a: Victreebel|Victreebel-Mega, L50, M\n|-mega|p1a: Victreebel|Victreebel|Victreebelite\n|move|p2a: Garchomp|Stealth Rock|p1a: Victreebel\n|-sidestart|p1: hijanu|move: Stealth Rock\n|move|p1a: Victreebel|Strength Sap|p2a: Garchomp\n|-unboost|p2a: Garchomp|atk|1\n|\n|upkeep\n|turn|3\n|\n|t:|1776587972\n|move|p1a: Victreebel|Poison Jab|p2a: Garchomp\n|-resisted|p2a: Garchomp|1\n|-damage|p2a: Garchomp|76/100\n|-damage|p1a: Victreebel|88/100|[from] ability: Rough Skin|[of] p2a: Garchomp\n|move|p2a: Garchomp|Dragon Tail|p1a: Victreebel\n|-damage|p1a: Victreebel|68/100\n|drag|p1a: Furfrou|Furfrou, L50, F, shiny|100/100\n|-damage|p1a: Furfrou|88/100|[from] Stealth Rock\n|\n|-heal|p1a: Furfrou|94/100|[from] item: Leftovers\n|upkeep\n|turn|4\n|\n|t:|1776587986\n|move|p2a: Garchomp|Earthquake|p1a: Furfrou\n|-damage|p1a: Furfrou|72/100\n|move|p1a: Furfrou|Cotton Guard|p1a: Furfrou\n|-boost|p1a: Furfrou|def|3\n|\n|-heal|p1a: Furfrou|79/100|[from] item: Leftovers\n|upkeep\n|turn|5\n|\n|t:|1776587995\n|move|p1a: Furfrou|Ice Fang|p2a: Garchomp\n|-supereffective|p2a: Garchomp|2\n|-enditem|p2a: Garchomp|Yache Berry|[eat]\n|-enditem|p2a: Garchomp|Yache Berry|[weaken]\n|-damage|p2a: Garchomp|37/100\n|-damage|p1a: Furfrou|66/100|[from] ability: Rough Skin|[of] p2a: Garchomp\n|move|p2a: Garchomp|Dragon Tail|p1a: Furfrou\n|-damage|p1a: Furfrou|61/100\n|drag|p1a: Victreebel|Victreebel-Mega, L50, M|68/100\n|-damage|p1a: Victreebel|56/100|[from] Stealth Rock\n|\n|upkeep\n|turn|6\n|\n|t:|1776588009\n|move|p1a: Victreebel|Power Whip|p2a: Garchomp\n|-damage|p2a: Garchomp|0 fnt\n|-damage|p1a: Victreebel|44/100|[from] ability: Rough Skin|[of] p2a: Garchomp\n|faint|p2a: Garchomp\n|\n|upkeep\n|\n|t:|1776588019\n|switch|p2a: Rotom|Rotom-Wash, L50|100/100\n|turn|7\n|\n|t:|1776588023\n|move|p2a: Rotom|Volt Switch|p1a: Victreebel\n|-resisted|p1a: Victreebel|1\n|-damage|p1a: Victreebel|29/100\n|\n|t:|1776588027\n|switch|p2a: Scizor|Scizor, L50, M|100/100|[from] Volt Switch\n|move|p1a: Victreebel|Power Whip|p2a: Scizor\n|-resisted|p2a: Scizor|2\n|-damage|p2a: Scizor|84/100\n|\n|upkeep\n|turn|8\n|\n|t:|1776588042\n|detailschange|p2a: Scizor|Scizor-Mega, L50, M\n|-mega|p2a: Scizor|Scizor|Scizorite\n|move|p1a: Victreebel|Sucker Punch||[still]\n|-fail|p1a: Victreebel\n|move|p2a: Scizor|Swords Dance|p2a: Scizor\n|-boost|p2a: Scizor|atk|2\n|\n|upkeep\n|turn|9\n|\n|t:|1776588051\n|move|p2a: Scizor|Bullet Punch|p1a: Victreebel\n|-damage|p1a: Victreebel|0 fnt\n|-damage|p2a: Scizor|54/100|[from] ability: Innards Out|[of] p1a: Victreebel\n|faint|p1a: Victreebel\n|\n|upkeep\n|\n|t:|1776588063\n|switch|p1a: Furfrou|Furfrou, L50, F, shiny|61/100\n|-damage|p1a: Furfrou|49/100|[from] Stealth Rock\n|turn|10\n|\n|t:|1776588068\n|move|p1a: Furfrou|Cotton Guard|p1a: Furfrou\n|-boost|p1a: Furfrou|def|3\n|move|p2a: Scizor|Close Combat|p1a: Furfrou\n|-supereffective|p1a: Furfrou|1\n|-damage|p1a: Furfrou|0 fnt\n|-unboost|p2a: Scizor|def|1\n|-unboost|p2a: Scizor|spd|1\n|faint|p1a: Furfrou\n|\n|upkeep\n|\n|t:|1776588078\n|switch|p1a: Torterra|Torterra, L50, F, shiny|59/100\n|-damage|p1a: Torterra|53/100|[from] Stealth Rock\n|turn|11\n|\n|t:|1776588088\n|move|p2a: Scizor|Bullet Punch|p1a: Torterra\n|-crit|p1a: Torterra\n|-damage|p1a: Torterra|0 fnt\n|faint|p1a: Torterra\n|\n|win|jaxsha\n|raw|hijanu's rating: 1089 &rarr; <strong>1066</strong><br />(-23 for losing)\n|raw|jaxsha's rating: 1093 &rarr; <strong>1119</strong><br />(+26 for winning)\n|l|\u2606hijanu\n|player|p1|\n",
  "uploadtime": 1776588093,
  "views": 14,
  "formatid": "gen9championsbssregma",
  "rating": 1066,
  "private": 0,
  "password": null
}