{
  "id": "gen9championsbssregma-2582402425",
  "format": "[Gen 9 Champions] BSS Reg M-A",
  "players": [
    "gshs5",
    "Esiolamondhax"
  ],
  "log": "|j|\u2606gshs5\n|j|\u2606Esiolamondhax\n|t:|1776089330\n|gametype|singles\n|player|p1|gshs5|266|1075\n|player|p2|Esiolamondhax|aromalady-gen3rs|1163\n|gen|9\n|tier|[Gen 9 Champions] BSS Reg M-A\n|rated|\n|rule|Species Clause: Limit one of each Pok\u00e9mon\n|rule|Item Clause: Limit 1 of each item\n|clearpoke\n|poke|p1|Absol, L50, M|\n|poke|p1|Gyarados, L50, F|\n|poke|p1|Garchomp, L50, M|\n|poke|p1|Zoroark-Hisui, L50, F|\n|poke|p1|Empoleon, L50, F|\n|poke|p1|Gardevoir, L50, F|\n|poke|p2|Glimmora, L50, M|\n|poke|p2|Garchomp, L50, F|\n|poke|p2|Blastoise, L50, F|\n|poke|p2|Charizard, L50, F|\n|poke|p2|Basculegion, L50, M|\n|poke|p2|Scizor, L50, F|\n|teampreview|3\n|inactive|Battle timer is ON: inactive players will automatically lose when time's up. (requested by gshs5)\n|\n|t:|1776089396\n|teamsize|p1|3\n|teamsize|p2|3\n|start\n|switch|p1a: Empoleon|Empoleon, L50, F|100/100\n|switch|p2a: Blastoise|Blastoise, L50, F|100/100\n|turn|1\n|\n|t:|1776089412\n|detailschange|p2a: Blastoise|Blastoise-Mega, L50, F\n|-mega|p2a: Blastoise|Blastoise|Blastoisinite\n|move|p1a: Empoleon|Nasty Plot|p1a: Empoleon\n|-boost|p1a: Empoleon|spa|2\n|move|p2a: Blastoise|Aura Sphere|p1a: Empoleon\n|-immune|p1a: Empoleon\n|\n|upkeep\n|turn|2\n|inactive|Esiolamondhax has 30 seconds left.\n|\n|t:|1776089443\n|move|p1a: Empoleon|Grass Knot|p2a: Blastoise\n|-supereffective|p2a: Blastoise|1\n|-crit|p2a: Blastoise\n|-damage|p2a: Blastoise|0 fnt\n|faint|p2a: Blastoise\n|\n|upkeep\n|\n|t:|1776089457\n|switch|p2a: Scizor|Scizor, L50, F|100/100\n|turn|3\n|j| alex20101010\n|\n|t:|1776089469\n|switch|p1a: Garchomp|Garchomp, L50, M|100/100\n|move|p2a: Scizor|Bullet Punch|p1a: Garchomp\n|-crit|p1a: Garchomp\n|-damage|p1a: Garchomp|41/100\n|-damage|p2a: Scizor|88/100|[from] ability: Rough Skin|[of] p1a: Garchomp\n|\n|upkeep\n|turn|4\n|\n|t:|1776089477\n|switch|p2a: Garchomp|Garchomp, L50, F|100/100\n|detailschange|p1a: Garchomp|Garchomp-Mega, L50, M\n|-mega|p1a: Garchomp|Garchomp|Garchompite\n|move|p1a: Garchomp|Fire Blast|p2a: Garchomp\n|-resisted|p2a: Garchomp|1\n|-damage|p2a: Garchomp|85/100\n|\n|upkeep\n|turn|5\n|c|\u2606Esiolamondhax|-10 spd\n|c| alex20101010|spe\n|\n|t:|1776089497\n|move|p2a: Garchomp|Earthquake|p1a: Garchomp\n|-damage|p1a: Garchomp|0 fnt\n|faint|p1a: Garchomp\n|\n|upkeep\n|\n|t:|1776089500\n|switch|p1a: Empoleon|Empoleon, L50, F|100/100\n|turn|6\n|c|\u2606Esiolamondhax|yeah\n|c|\u2606Esiolamondhax|spe\n|c|\u2606Esiolamondhax|sry\n|\n|t:|1776089514\n|move|p1a: Empoleon|Hyper Voice|p2a: Garchomp\n|-damage|p2a: Garchomp|38/100\n|move|p2a: Garchomp|Earthquake|p1a: Empoleon\n|-enditem|p1a: Empoleon|Focus Sash\n|-damage|p1a: Empoleon|1/100\n|replace|p1a: Zoroark|Zoroark-Hisui, L50, F\n|-end|p1a: Zoroark|Illusion\n|\n|upkeep\n|turn|7\n|\n|t:|1776089528\n|switch|p2a: Scizor|Scizor, L50, F|88/100\n|move|p1a: Zoroark|Hyper Voice|p2a: Scizor\n|-resisted|p2a: Scizor|1\n|-damage|p2a: Scizor|60/100\n|\n|upkeep\n|turn|8\n|\n|t:|1776089537\n|switch|p1a: Empoleon|Empoleon, L50, F|100/100\n|move|p2a: Scizor|Bullet Punch|p1a: Empoleon\n|-resisted|p1a: Empoleon|2\n|-damage|p1a: Empoleon|91/100\n|\n|-heal|p1a: Empoleon|97/100|[from] item: Leftovers\n|upkeep\n|turn|9\n|\n|t:|1776089552\n|move|p2a: Scizor|Close Combat|p1a: Empoleon\n|-supereffective|p1a: Empoleon|1\n|-damage|p1a: Empoleon|11/100\n|-unboost|p2a: Scizor|def|1\n|-unboost|p2a: Scizor|spd|1\n|move|p1a: Empoleon|Surf|p2a: Scizor\n|-damage|p2a: Scizor|0 fnt\n|faint|p2a: Scizor\n|\n|-heal|p1a: Empoleon|17/100|[from] item: Leftovers\n|upkeep\n|c|\u2606gshs5|gg\n|\n|t:|1776089561\n|switch|p2a: Garchomp|Garchomp, L50, F|38/100\n|turn|10\n|c|\u2606Esiolamondhax|opps\n|c|\u2606Esiolamondhax|gg\n|\n|t:|1776089578\n|move|p2a: Garchomp|Earthquake|p1a: Empoleon\n|-supereffective|p1a: Empoleon|1\n|-damage|p1a: Empoleon|0 fnt\n|faint|p1a: Empoleon\n|\n|upkeep\n|\n|t:|1776089582\n|switch|p1a: Zoroark|Zoroark-Hisui, L50, F|1/100\n|turn|11\n|\n|t:|1776089584\n|move|p1a: Zoroark|Hyper Voice|p2a: Garchomp\n|-damage|p2a: Garchomp|0 fnt\n|faint|p2a: Garchomp\n|\n|win|gshs5\n|raw|gshs5's rating: 1075 &rarr; <strong>1111</strong><br />(+36 for winning)\n|raw|Esiolamondhax's rating: 1163 &rarr; <strong>1132</strong><br />(-31 for losing)\n|l|\u2606Esiolamondhax\n|player|p2|\n",
  "uploadtime": 1776089589,
  "views": 3,
  "formatid": "gen9championsbssregma",
  "rating": 1111,
  "private": 0,
  "password": null
}