{
  "id": "gen9championsbssregma-2585556387",
  "format": "[Gen 9 Champions] BSS Reg M-A",
  "players": [
    "gjr676",
    "l0rd red"
  ],
  "log": "|j|\u2606gjr676\n|j|\u2606l0rd red\n|t:|1776355310\n|gametype|singles\n|player|p1|gjr676|linebacker|1047\n|player|p2|l0rd red|red-gen1|1126\n|gen|9\n|tier|[Gen 9 Champions] BSS Reg M-A\n|rated|\n|rule|Species Clause: Limit one of each Pok\u00e9mon\n|rule|Item Clause: Limit 1 of each item\n|clearpoke\n|poke|p1|Garchomp, L50, F|\n|poke|p1|Espathra, L50, M|\n|poke|p1|Corviknight, L50, F|\n|poke|p1|Clefable, L50, F|\n|poke|p1|Glimmora, L50, F|\n|poke|p1|Scizor, L50, M|\n|poke|p2|Charizard, L50, F|\n|poke|p2|Venusaur, L50, M|\n|poke|p2|Blastoise, L50, M|\n|poke|p2|Raichu, L50, F|\n|poke|p2|Dragonite, L50, M|\n|poke|p2|Alakazam, L50, F|\n|teampreview|3\n|inactive|Battle timer is ON: inactive players will automatically lose when time's up. (requested by gjr676)\n|\n|t:|1776355328\n|teamsize|p1|3\n|teamsize|p2|3\n|start\n|switch|p1a: Garchomp|Garchomp, L50, F|100/100\n|switch|p2a: Charizard|Charizard, L50, F|100/100\n|turn|1\n|\n|t:|1776355336\n|move|p1a: Garchomp|Stealth Rock|p2a: Charizard\n|-sidestart|p2: l0rd red|move: Stealth Rock\n|move|p2a: Charizard|Dragon Dance|p2a: Charizard\n|-boost|p2a: Charizard|atk|1\n|-boost|p2a: Charizard|spe|1\n|\n|upkeep\n|turn|2\n|\n|t:|1776355349\n|move|p2a: Charizard|Dragon Dance|p2a: Charizard\n|-boost|p2a: Charizard|atk|1\n|-boost|p2a: Charizard|spe|1\n|move|p1a: Garchomp|Stone Edge|p2a: Charizard\n|-supereffective|p2a: Charizard|2\n|-enditem|p2a: Charizard|Charti Berry|[eat]\n|-enditem|p2a: Charizard|Charti Berry|[weaken]\n|-damage|p2a: Charizard|0 fnt\n|faint|p2a: Charizard\n|\n|upkeep\n|\n|t:|1776355353\n|switch|p2a: Blastoise|Blastoise, L50, M|100/100\n|-damage|p2a: Blastoise|88/100|[from] Stealth Rock\n|turn|3\n|\n|t:|1776355367\n|move|p1a: Garchomp|Outrage|p2a: Blastoise\n|-damage|p2a: Blastoise|21/100\n|move|p2a: Blastoise|Ice Beam|p1a: Garchomp\n|-supereffective|p1a: Garchomp|2\n|-damage|p1a: Garchomp|0 fnt\n|faint|p1a: Garchomp\n|\n|upkeep\n|\n|t:|1776355376\n|switch|p1a: Espathra|Espathra, L50, M, shiny|100/100\n|turn|4\n|\n|t:|1776355381\n|move|p1a: Espathra|Protect|p1a: Espathra\n|-singleturn|p1a: Espathra|Protect\n|move|p2a: Blastoise|Surf|p1a: Espathra\n|-activate|p1a: Espathra|move: Protect\n|\n|-ability|p1a: Espathra|Speed Boost|boost\n|-boost|p1a: Espathra|spe|1\n|upkeep\n|turn|5\n|\n|t:|1776355398\n|move|p1a: Espathra|Stored Power|p2a: Blastoise\n|-damage|p2a: Blastoise|0 fnt\n|faint|p2a: Blastoise\n|\n|-ability|p1a: Espathra|Speed Boost|boost\n|-boost|p1a: Espathra|spe|1\n|upkeep\n|\n|t:|1776355400\n|switch|p2a: Alakazam|Alakazam, L50, F|100/100\n|-damage|p2a: Alakazam|88/100|[from] Stealth Rock\n|turn|6\n|\n|t:|1776355414\n|detailschange|p2a: Alakazam|Alakazam-Mega, L50, F\n|-mega|p2a: Alakazam|Alakazam|Alakazite\n|-ability|p2a: Alakazam|Speed Boost|Trace|[from] ability: Trace|[of] p1a: Espathra\n|move|p1a: Espathra|Protect|p1a: Espathra\n|-singleturn|p1a: Espathra|Protect\n|move|p2a: Alakazam|Nasty Plot|p2a: Alakazam\n|-boost|p2a: Alakazam|spa|2\n|\n|-ability|p1a: Espathra|Speed Boost|boost\n|-boost|p1a: Espathra|spe|1\n|-ability|p2a: Alakazam|Speed Boost|boost\n|-boost|p2a: Alakazam|spe|1\n|upkeep\n|turn|7\n|\n|t:|1776355428\n|move|p1a: Espathra|Baton Pass|p1a: Espathra\n|\n|t:|1776355430\n|switch|p1a: Clefable|Clefable, L50, F|100/100|[from] Baton Pass\n|move|p2a: Alakazam|Shadow Ball|p1a: Clefable\n|-damage|p1a: Clefable|70/100\n|-unboost|p1a: Clefable|spd|1\n|\n|-ability|p2a: Alakazam|Speed Boost|boost\n|-boost|p2a: Alakazam|spe|1\n|upkeep\n|turn|8\n|\n|t:|1776355444\n|detailschange|p1a: Clefable|Clefable-Mega, L50, F\n|-mega|p1a: Clefable|Clefable|Clefablite\n|move|p2a: Alakazam|Psychic|p1a: Clefable\n|-crit|p1a: Clefable\n|-damage|p1a: Clefable|0 fnt\n|faint|p1a: Clefable\n|\n|-ability|p2a: Alakazam|Speed Boost|boost\n|-boost|p2a: Alakazam|spe|1\n|upkeep\n|\n|t:|1776355453\n|switch|p1a: Espathra|Espathra, L50, M, shiny|100/100\n|turn|9\n|\n|t:|1776355461\n|move|p1a: Espathra|Protect|p1a: Espathra\n|-singleturn|p1a: Espathra|Protect\n|move|p2a: Alakazam|Shadow Ball|p1a: Espathra\n|-activate|p1a: Espathra|move: Protect\n|\n|-ability|p2a: Alakazam|Speed Boost|boost\n|-boost|p2a: Alakazam|spe|1\n|-ability|p1a: Espathra|Speed Boost|boost\n|-boost|p1a: Espathra|spe|1\n|upkeep\n|turn|10\n|\n|t:|1776355472\n|move|p2a: Alakazam|Shadow Ball|p1a: Espathra\n|-supereffective|p1a: Espathra|1\n|-enditem|p1a: Espathra|Focus Sash\n|-damage|p1a: Espathra|1/100\n|move|p1a: Espathra|Calm Mind|p1a: Espathra\n|-boost|p1a: Espathra|spa|1\n|-boost|p1a: Espathra|spd|1\n|\n|-ability|p2a: Alakazam|Speed Boost|boost\n|-boost|p2a: Alakazam|spe|1\n|-ability|p1a: Espathra|Speed Boost|boost\n|-boost|p1a: Espathra|spe|1\n|upkeep\n|turn|11\n|c|\u2606l0rd red|ez\n|\n|t:|1776355489\n|move|p1a: Espathra|Protect|p1a: Espathra\n|-singleturn|p1a: Espathra|Protect\n|move|p2a: Alakazam|Energy Ball|p1a: Espathra\n|-activate|p1a: Espathra|move: Protect\n|\n|-ability|p2a: Alakazam|Speed Boost|boost\n|-boost|p2a: Alakazam|spe|1\n|-ability|p1a: Espathra|Speed Boost|boost\n|-boost|p1a: Espathra|spe|1\n|upkeep\n|turn|12\n|\n|t:|1776355510\n|move|p2a: Alakazam|Energy Ball|p1a: Espathra\n|-damage|p1a: Espathra|0 fnt\n|faint|p1a: Espathra\n|\n|win|l0rd red\n|raw|gjr676's rating: 1047 &rarr; <strong>1034</strong><br />(-13 for losing)\n|raw|l0rd red's rating: 1126 &rarr; <strong>1145</strong><br />(+19 for winning)\n",
  "uploadtime": 1776355518,
  "views": 13,
  "formatid": "gen9championsbssregma",
  "rating": 1034,
  "private": 0,
  "password": null
}