{
  "id": "gen9championsbssregma-2586379302",
  "format": "[Gen 9 Champions] BSS Reg M-A",
  "players": [
    "Battle*Pachirisu",
    "wounddia"
  ],
  "log": "|j|\u2606Battle*Pachirisu\n|j|\u2606wounddia\n|t:|1776430316\n|gametype|singles\n|player|p1|Battle*Pachirisu|169|1117\n|player|p2|wounddia|elesa|1329\n|gen|9\n|tier|[Gen 9 Champions] BSS Reg M-A\n|rated|\n|rule|Species Clause: Limit one of each Pok\u00e9mon\n|rule|Item Clause: Limit 1 of each item\n|clearpoke\n|poke|p1|Sneasler, L50, F|\n|poke|p1|Bellibolt, L50, M|\n|poke|p1|Corviknight, L50, M|\n|poke|p1|Lopunny, L50, M|\n|poke|p1|Snorlax, L50, F|\n|poke|p1|Gliscor, L50, F|\n|poke|p2|Charizard, L50, M|\n|poke|p2|Garchomp, L50, M|\n|poke|p2|Quaquaval, L50, M|\n|poke|p2|Archaludon, L50, F|\n|poke|p2|Greninja-*, L50, F|\n|poke|p2|Rotom-Mow, L50|\n|teampreview|3\n|inactive|Battle timer is ON: inactive players will automatically lose when time's up. (requested by Battle*Pachirisu)\n|inactive|wounddia has 60 seconds left.\n|inactive|wounddia has 30 seconds left.\n|\n|t:|1776430404\n|teamsize|p1|3\n|teamsize|p2|3\n|start\n|switch|p1a: Bellibolt|Bellibolt, L50, M|100/100\n|switch|p2a: Quaquaval|Quaquaval, L50, M|100/100\n|turn|1\n|\n|t:|1776430410\n|move|p2a: Quaquaval|Knock Off|p1a: Bellibolt\n|-damage|p1a: Bellibolt|71/100\n|-start|p1a: Bellibolt|Charge|Knock Off|[from] ability: Electromorphosis\n|-enditem|p1a: Bellibolt|Bright Powder|[from] move: Knock Off|[of] p2a: Quaquaval\n|move|p1a: Bellibolt|Soak|p2a: Quaquaval\n|-start|p2a: Quaquaval|typechange|Water\n|\n|upkeep\n|turn|2\n|\n|t:|1776430424\n|move|p2a: Quaquaval|Close Combat|p1a: Bellibolt\n|-damage|p1a: Bellibolt|35/100\n|-unboost|p2a: Quaquaval|def|1\n|-unboost|p2a: Quaquaval|spd|1\n|-start|p1a: Bellibolt|Charge|Close Combat|[from] ability: Electromorphosis\n|move|p1a: Bellibolt|Parabolic Charge|p2a: Quaquaval\n|-supereffective|p2a: Quaquaval|1\n|-damage|p2a: Quaquaval|0 fnt\n|-heal|p1a: Bellibolt|73/100|[from] drain|[of] p2a: Quaquaval\n|faint|p2a: Quaquaval\n|-end|p1a: Bellibolt|Charge|[silent]\n|\n|upkeep\n|\n|t:|1776430438\n|switch|p2a: Archaludon|Archaludon, L50, F|100/100\n|turn|3\n|\n|t:|1776430442\n|move|p2a: Archaludon|Draco Meteor|p1a: Bellibolt|[miss]\n|-miss|p2a: Archaludon|p1a: Bellibolt\n|move|p1a: Bellibolt|Soak|p2a: Archaludon\n|-start|p2a: Archaludon|typechange|Water\n|\n|upkeep\n|turn|4\n|\n|t:|1776430446\n|move|p2a: Archaludon|Draco Meteor|p1a: Bellibolt\n|-damage|p1a: Bellibolt|39/100\n|-unboost|p2a: Archaludon|spa|2\n|-start|p1a: Bellibolt|Charge|Draco Meteor|[from] ability: Electromorphosis\n|-enditem|p2a: Archaludon|White Herb\n|-clearnegativeboost|p2a: Archaludon|[silent]\n|move|p1a: Bellibolt|Parabolic Charge|p2a: Archaludon\n|-supereffective|p2a: Archaludon|1\n|-ability|p2a: Archaludon|Sturdy\n|-damage|p2a: Archaludon|1/100\n|-heal|p1a: Bellibolt|78/100|[from] drain|[of] p2a: Archaludon\n|-end|p1a: Bellibolt|Charge|[silent]\n|\n|upkeep\n|turn|5\n|\n|t:|1776430453\n|move|p2a: Archaludon|Draco Meteor|p1a: Bellibolt|[miss]\n|-miss|p2a: Archaludon|p1a: Bellibolt\n|move|p1a: Bellibolt|Parabolic Charge|p2a: Archaludon\n|-supereffective|p2a: Archaludon|1\n|-damage|p2a: Archaludon|0 fnt\n|-heal|p1a: Bellibolt|78/100|[from] drain|[of] p2a: Archaludon\n|faint|p2a: Archaludon\n|\n|upkeep\n|c|\u2606wounddia|?\n|\n|t:|1776430468\n|switch|p2a: Charizard|Charizard, L50, M|100/100\n|turn|6\n|\n|t:|1776430473\n|detailschange|p2a: Charizard|Charizard-Mega-X, L50, M\n|-mega|p2a: Charizard|Charizard|Charizardite X\n|move|p2a: Charizard|Swords Dance|p2a: Charizard\n|-boost|p2a: Charizard|atk|2\n|move|p1a: Bellibolt|Soak|p2a: Charizard\n|-start|p2a: Charizard|typechange|Water\n|\n|upkeep\n|turn|7\n|\n|t:|1776430481\n|move|p2a: Charizard|Flame Charge|p1a: Bellibolt\n|-damage|p1a: Bellibolt|36/100\n|-boost|p2a: Charizard|spe|1\n|-start|p1a: Bellibolt|Charge|Flame Charge|[from] ability: Electromorphosis\n|move|p1a: Bellibolt|Parabolic Charge|p2a: Charizard\n|-supereffective|p2a: Charizard|1\n|-damage|p2a: Charizard|0 fnt\n|-heal|p1a: Bellibolt|77/100|[from] drain|[of] p2a: Charizard\n|faint|p2a: Charizard\n|-end|p1a: Bellibolt|Charge|[silent]\n|\n|win|Battle*Pachirisu\n|raw|Battle*Pachirisu's rating: 1117 &rarr; <strong>1156</strong><br />(+39 for winning)\n|raw|wounddia's rating: 1329 &rarr; <strong>1298</strong><br />(-31 for losing)\n|l|\u2606wounddia\n|player|p2|\n",
  "uploadtime": 1776430494,
  "views": 19,
  "formatid": "gen9championsbssregma",
  "rating": 1156,
  "private": 0,
  "password": null
}