{
  "id": "gen9championsbssregma-2581580593",
  "format": "[Gen 9 Champions] BSS Reg M-A",
  "players": [
    "MiraidonGaming",
    "igimxim"
  ],
  "log": "|j|\u2606MiraidonGaming\n|j|\u2606igimxim\n|t:|1776012600\n|gametype|singles\n|player|p1|MiraidonGaming|lucas|1130\n|player|p2|igimxim|hooligans|1048\n|gen|9\n|tier|[Gen 9 Champions] BSS Reg M-A\n|rated|\n|rule|Species Clause: Limit one of each Pok\u00e9mon\n|rule|Item Clause: Limit 1 of each item\n|clearpoke\n|poke|p1|Ninetales-Alola, L50, F|\n|poke|p1|Charizard, L50, M|\n|poke|p1|Scizor, L50, M|\n|poke|p1|Sinistcha, L50|\n|poke|p1|Rotom-Wash, L50|\n|poke|p1|Salazzle, L50, F|\n|poke|p2|Froslass, L50, F|\n|poke|p2|Palafin, L50, F|\n|poke|p2|Kingambit, L50, F|\n|poke|p2|Arcanine-Hisui, L50, F|\n|poke|p2|Sinistcha, L50|\n|poke|p2|Sneasler, L50, F|\n|teampreview|3\n|\n|t:|1776012625\n|teamsize|p1|3\n|teamsize|p2|3\n|start\n|switch|p1a: Vanity?|Ninetales-Alola, L50, F|100/100\n|switch|p2a: Froslass|Froslass, L50, F|100/100\n|-weather|Snowscape|[from] ability: Snow Warning|[of] p1a: Vanity?\n|turn|1\n|\n|t:|1776012639\n|detailschange|p2a: Froslass|Froslass-Mega, L50, F\n|-mega|p2a: Froslass|Froslass|Froslassite\n|move|p2a: Froslass|Shadow Ball|p1a: Vanity?\n|-damage|p1a: Vanity?|53/100\n|move|p1a: Vanity?|Nasty Plot|p1a: Vanity?\n|-boost|p1a: Vanity?|spa|2\n|\n|-weather|Snowscape|[upkeep]\n|upkeep\n|turn|2\n|\n|t:|1776012650\n|move|p2a: Froslass|Shadow Ball|p1a: Vanity?\n|-damage|p1a: Vanity?|7/100\n|move|p1a: Vanity?|Aurora Veil|p1a: Vanity?\n|-sidestart|p1: MiraidonGaming|move: Aurora Veil\n|\n|-weather|Snowscape|[upkeep]\n|upkeep\n|turn|3\n|\n|t:|1776012662\n|move|p2a: Froslass|Shadow Ball|p1a: Vanity?\n|-crit|p1a: Vanity?\n|-damage|p1a: Vanity?|0 fnt\n|faint|p1a: Vanity?\n|\n|-weather|Snowscape|[upkeep]\n|upkeep\n|\n|t:|1776012664\n|switch|p1a: Edward|Scizor, L50, M|100/100\n|turn|4\n|\n|t:|1776012674\n|detailschange|p1a: Edward|Scizor-Mega, L50, M\n|-mega|p1a: Edward|Scizor|Scizorite\n|move|p2a: Froslass|Aurora Veil|p2a: Froslass\n|-sidestart|p2: igimxim|move: Aurora Veil\n|move|p1a: Edward|Swords Dance|p1a: Edward\n|-boost|p1a: Edward|atk|2\n|\n|-weather|Snowscape|[upkeep]\n|upkeep\n|turn|5\n|\n|t:|1776012687\n|move|p2a: Froslass|Shadow Ball|p1a: Edward\n|-damage|p1a: Edward|86/100\n|move|p1a: Edward|Swords Dance|p1a: Edward\n|-boost|p1a: Edward|atk|2\n|\n|-weather|none\n|upkeep\n|turn|6\n|\n|t:|1776012695\n|switch|p2a: Sneasler|Sneasler, L50, F|100/100\n|move|p1a: Edward|Swords Dance|p1a: Edward\n|-boost|p1a: Edward|atk|2\n|\n|-sideend|p1: MiraidonGaming|move: Aurora Veil\n|upkeep\n|turn|7\n|\n|t:|1776012703\n|move|p1a: Edward|Bullet Punch|p2a: Sneasler\n|-damage|p2a: Sneasler|0 fnt\n|faint|p2a: Sneasler\n|\n|upkeep\n|\n|t:|1776012709\n|switch|p2a: Froslass|Froslass-Mega, L50, F|100/100\n|-weather|Snowscape|[from] ability: Snow Warning|[of] p2a: Froslass\n|turn|8\n|\n|t:|1776012714\n|move|p1a: Edward|Bullet Punch|p2a: Froslass\n|-supereffective|p2a: Froslass|1\n|-damage|p2a: Froslass|0 fnt\n|faint|p2a: Froslass\n|\n|-weather|Snowscape|[upkeep]\n|-sideend|p2: igimxim|move: Aurora Veil\n|upkeep\n|\n|t:|1776012719\n|switch|p2a: Kingambit|Kingambit, L50, F, shiny|100/100\n|turn|9\n|\n|t:|1776012728\n|move|p2a: Kingambit|Sucker Punch|p1a: Edward\n|-damage|p1a: Edward|53/100\n|move|p1a: Edward|Bug Bite|p2a: Kingambit\n|-damage|p2a: Kingambit|0 fnt\n|faint|p2a: Kingambit\n|\n|win|MiraidonGaming\n|raw|MiraidonGaming's rating: 1130 &rarr; <strong>1149</strong><br />(+19 for winning)\n|raw|igimxim's rating: 1048 &rarr; <strong>1035</strong><br />(-13 for losing)\n",
  "uploadtime": 1776012733,
  "views": 18,
  "formatid": "gen9championsbssregma",
  "rating": 1035,
  "private": 0,
  "password": null
}