{
  "id": "gen9championsbssregma-2582948653",
  "format": "[Gen 9 Champions] BSS Reg M-A",
  "players": [
    "Stan Registeel",
    "genba64"
  ],
  "log": "|j|\u2606Stan Registeel\n|j|\u2606genba64\n|t:|1776127609\n|gametype|singles\n|player|p1|Stan Registeel|norman|1191\n|player|p2|genba64|101|1320\n|gen|9\n|tier|[Gen 9 Champions] BSS Reg M-A\n|rated|\n|rule|Species Clause: Limit one of each Pok\u00e9mon\n|rule|Item Clause: Limit 1 of each item\n|clearpoke\n|poke|p1|Camerupt, L50, M|\n|poke|p1|Beedrill, L50, F|\n|poke|p1|Rotom-Wash, L50|\n|poke|p1|Cofagrigus, L50, F|\n|poke|p1|Heliolisk, L50, F|\n|poke|p1|Pangoro, L50, F|\n|poke|p2|Clefable, L50, F|\n|poke|p2|Umbreon, L50, F|\n|poke|p2|Garchomp, L50, M|\n|poke|p2|Gengar, L50, F|\n|poke|p2|Volcarona, L50, M|\n|poke|p2|Basculegion, L50, M|\n|teampreview|3\n|inactive|Battle timer is ON: inactive players will automatically lose when time's up. (requested by Stan Registeel)\n|j| ramoneddo\n|j| p74\n|inactive|genba64 has 60 seconds left.\n|\n|t:|1776127643\n|teamsize|p1|3\n|teamsize|p2|3\n|start\n|switch|p1a: Camerupt|Camerupt, L50, M|100/100\n|switch|p2a: Clefable|Clefable, L50, F|100/100\n|turn|1\n|\n|t:|1776127650\n|switch|p1a: Beedrill|Beedrill, L50, F|100/100\n|detailschange|p2a: Clefable|Clefable-Mega, L50, F\n|-mega|p2a: Clefable|Clefable|Clefablite\n|move|p2a: Clefable|Stealth Rock|p1a: Beedrill\n|-sidestart|p1: Stan Registeel|move: Stealth Rock\n|\n|upkeep\n|turn|2\n|\n|t:|1776127659\n|switch|p2a: Umbreon|Umbreon, L50, F|100/100\n|detailschange|p1a: Beedrill|Beedrill-Mega, L50, F\n|-mega|p1a: Beedrill|Beedrill|Beedrillite\n|move|p1a: Beedrill|Poison Jab|p2a: Umbreon\n|-damage|p2a: Umbreon|61/100\n|-status|p2a: Umbreon|psn\n|-activate|p2a: Umbreon|ability: Synchronize\n|-immune|p1a: Beedrill\n|\n|-heal|p2a: Umbreon|67/100 psn|[from] item: Leftovers\n|-damage|p2a: Umbreon|54/100 psn|[from] psn\n|upkeep\n|turn|3\n|\n|t:|1776127671\n|switch|p2a: Basculegion|Basculegion, L50, M|100/100\n|move|p1a: Beedrill|U-turn|p2a: Basculegion\n|-resisted|p2a: Basculegion|1\n|-damage|p2a: Basculegion|65/100\n|\n|t:|1776127675\n|switch|p1a: Pangoro|Pangoro, L50, F|100/100|[from] U-turn\n|-damage|p1a: Pangoro|95/100|[from] Stealth Rock\n|\n|upkeep\n|turn|4\n|\n|t:|1776127681\n|switch|p2a: Clefable|Clefable-Mega, L50, F|100/100\n|move|p1a: Pangoro|Thunder Punch|p2a: Clefable\n|-supereffective|p2a: Clefable|1\n|-damage|p2a: Clefable|34/100\n|\n|upkeep\n|turn|5\n|\n|t:|1776127691\n|move|p1a: Pangoro|Bullet Punch|p2a: Clefable\n|-supereffective|p2a: Clefable|1\n|-damage|p2a: Clefable|3/100\n|move|p2a: Clefable|Moonlight|p2a: Clefable\n|-heal|p2a: Clefable|53/100\n|\n|upkeep\n|turn|6\n|\n|t:|1776127699\n|move|p2a: Clefable|Moonblast|p1a: Pangoro\n|-supereffective|p1a: Pangoro|2\n|-damage|p1a: Pangoro|0 fnt\n|faint|p1a: Pangoro\n|\n|upkeep\n|\n|t:|1776127702\n|switch|p1a: Beedrill|Beedrill-Mega, L50, F|100/100\n|-damage|p1a: Beedrill|76/100|[from] Stealth Rock\n|turn|7\n|\n|t:|1776127711\n|switch|p2a: Umbreon|Umbreon, L50, F|54/100 psn\n|move|p1a: Beedrill|Poison Jab|p2a: Umbreon\n|-damage|p2a: Umbreon|17/100 psn\n|\n|-heal|p2a: Umbreon|23/100 psn|[from] item: Leftovers\n|-damage|p2a: Umbreon|10/100 psn|[from] psn\n|upkeep\n|turn|8\n|\n|t:|1776127720\n|move|p1a: Beedrill|Poison Jab|p2a: Umbreon\n|-damage|p2a: Umbreon|0 fnt\n|faint|p2a: Umbreon\n|\n|upkeep\n|\n|t:|1776127724\n|switch|p2a: Basculegion|Basculegion, L50, M|65/100\n|turn|9\n|\n|t:|1776127731\n|move|p1a: Beedrill|U-turn|p2a: Basculegion\n|-resisted|p2a: Basculegion|1\n|-damage|p2a: Basculegion|33/100\n|\n|t:|1776127733\n|switch|p1a: Camerupt|Camerupt, L50, M|100/100|[from] U-turn\n|-damage|p1a: Camerupt|88/100|[from] Stealth Rock\n|move|p2a: Basculegion|Flip Turn|p1a: Camerupt\n|-supereffective|p1a: Camerupt|2\n|-damage|p1a: Camerupt|0 fnt\n|faint|p1a: Camerupt\n|\n|t:|1776127740\n|switch|p2a: Clefable|Clefable-Mega, L50, F|53/100|[from] Flip Turn\n|\n|upkeep\n|\n|t:|1776127743\n|switch|p1a: Beedrill|Beedrill-Mega, L50, F|76/100\n|-damage|p1a: Beedrill|51/100|[from] Stealth Rock\n|turn|10\n|\n|t:|1776127748\n|move|p1a: Beedrill|Poison Jab|p2a: Clefable\n|-supereffective|p2a: Clefable|1\n|-damage|p2a: Clefable|0 fnt\n|faint|p2a: Clefable\n|\n|upkeep\n|c|\u2606Stan Registeel|gg\n|\n|t:|1776127752\n|switch|p2a: Basculegion|Basculegion, L50, M|33/100\n|turn|11\n|\n|t:|1776127758\n|move|p2a: Basculegion|Aqua Jet|p1a: Beedrill\n|-damage|p1a: Beedrill|0 fnt\n|faint|p1a: Beedrill\n|\n|win|genba64\n|raw|Stan Registeel's rating: 1191 &rarr; <strong>1175</strong><br />(-16 for losing)\n|raw|genba64's rating: 1320 &rarr; <strong>1333</strong><br />(+13 for winning)\n|l|\u2606Stan Registeel\n|player|p1|\n|l|\u2606genba64\n|player|p2|\n|l| ramoneddo\n",
  "uploadtime": 1776127886,
  "views": 2,
  "formatid": "gen9championsbssregma",
  "rating": 1175,
  "private": 0,
  "password": null
}