{
  "id": "gen9championsbssregma-2585527340",
  "format": "[Gen 9 Champions] BSS Reg M-A",
  "players": [
    "fdzfzefzlkjh",
    "BBBKTY"
  ],
  "log": "|j|\u2606fdzfzefzlkjh\n|j|\u2606BBBKTY\n|t:|1776353470\n|gametype|singles\n|player|p1|fdzfzefzlkjh|2|1029\n|player|p2|BBBKTY|265|1094\n|gen|9\n|tier|[Gen 9 Champions] BSS Reg M-A\n|rated|\n|rule|Species Clause: Limit one of each Pok\u00e9mon\n|rule|Item Clause: Limit 1 of each item\n|clearpoke\n|poke|p1|Orthworm, L50, F|\n|poke|p1|Blastoise, L50, F|\n|poke|p1|Dragapult, L50, F|\n|poke|p1|Meowscarada, L50, F|\n|poke|p1|Dragonite, L50, F|\n|poke|p1|Primarina, L50, M|\n|poke|p2|Dragapult, L50, F|\n|poke|p2|Alakazam, L50, F|\n|poke|p2|Azumarill, L50, F|\n|poke|p2|Clefable, L50, M|\n|poke|p2|Espathra, L50, M|\n|poke|p2|Glimmora, L50, M|\n|teampreview|3\n|inactive|Battle timer is ON: inactive players will automatically lose when time's up. (requested by fdzfzefzlkjh)\n|\n|t:|1776353483\n|teamsize|p1|3\n|teamsize|p2|3\n|start\n|switch|p1a: Orthworm|Orthworm, L50, F|100/100\n|switch|p2a: Glimmora|Glimmora, L50, M|100/100\n|turn|1\n|\n|t:|1776353491\n|move|p2a: Glimmora|Stealth Rock|p1a: Orthworm\n|-sidestart|p1: fdzfzefzlkjh|move: Stealth Rock\n|move|p1a: Orthworm|Shed Tail|p1a: Orthworm\n|-start|p1a: Orthworm|Substitute|[from] move: Shed Tail\n|-damage|p1a: Orthworm|50/100\n|\n|t:|1776353495\n|switch|p1a: Blastoise|Blastoise, L50, F|100/100|[from] Shed Tail\n|-damage|p1a: Blastoise|88/100|[from] Stealth Rock\n|\n|upkeep\n|turn|2\n|\n|t:|1776353500\n|detailschange|p1a: Blastoise|Blastoise-Mega, L50, F\n|-mega|p1a: Blastoise|Blastoise|Blastoisinite\n|move|p1a: Blastoise|Shell Smash|p1a: Blastoise\n|-unboost|p1a: Blastoise|def|1\n|-unboost|p1a: Blastoise|spd|1\n|-boost|p1a: Blastoise|atk|2\n|-boost|p1a: Blastoise|spa|2\n|-boost|p1a: Blastoise|spe|2\n|move|p2a: Glimmora|Power Gem|p1a: Blastoise\n|-end|p1a: Blastoise|Substitute\n|\n|upkeep\n|turn|3\n|\n|t:|1776353505\n|move|p1a: Blastoise|Surf|p2a: Glimmora\n|-supereffective|p2a: Glimmora|1\n|-enditem|p2a: Glimmora|Focus Sash\n|-damage|p2a: Glimmora|1/100\n|move|p2a: Glimmora|Power Gem|p1a: Blastoise\n|-damage|p1a: Blastoise|33/100\n|\n|upkeep\n|turn|4\n|\n|t:|1776353509\n|move|p1a: Blastoise|Surf|p2a: Glimmora\n|-supereffective|p2a: Glimmora|1\n|-damage|p2a: Glimmora|0 fnt\n|faint|p2a: Glimmora\n|\n|upkeep\n|\n|t:|1776353513\n|switch|p2a: Espathra|Espathra, L50, M, shiny|100/100\n|turn|5\n|\n|t:|1776353517\n|move|p2a: Espathra|Protect|p2a: Espathra\n|-singleturn|p2a: Espathra|Protect\n|move|p1a: Blastoise|Surf|p2a: Espathra\n|-activate|p2a: Espathra|move: Protect\n|\n|-ability|p2a: Espathra|Speed Boost|boost\n|-boost|p2a: Espathra|spe|1\n|upkeep\n|turn|6\n|\n|t:|1776353530\n|move|p1a: Blastoise|Surf|p2a: Espathra\n|-damage|p2a: Espathra|0 fnt\n|faint|p2a: Espathra\n|\n|upkeep\n|\n|t:|1776353533\n|switch|p2a: Clefable|Clefable, L50, M, shiny|100/100\n|turn|7\n|\n|t:|1776353541\n|detailschange|p2a: Clefable|Clefable-Mega, L50, M, shiny\n|-mega|p2a: Clefable|Clefable|Clefablite\n|move|p1a: Blastoise|Surf|p2a: Clefable\n|-crit|p2a: Clefable\n|-damage|p2a: Clefable|0 fnt\n|faint|p2a: Clefable\n|\n|win|fdzfzefzlkjh\n|raw|fdzfzefzlkjh's rating: 1029 &rarr; <strong>1071</strong><br />(+42 for winning)\n|raw|BBBKTY's rating: 1094 &rarr; <strong>1065</strong><br />(-29 for losing)\n",
  "uploadtime": 1776353550,
  "views": 4,
  "formatid": "gen9championsbssregma",
  "rating": 1065,
  "private": 0,
  "password": null
}