{
  "id": "gen9championsbssregma-2583114676",
  "format": "[Gen 9 Champions] BSS Reg M-A",
  "players": [
    "PlatinumPassport",
    "mathismathin"
  ],
  "log": "|j|\u2606PlatinumPassport\n|j|\u2606mathismathin\n|t:|1776143711\n|gametype|singles\n|player|p1|PlatinumPassport|102|1362\n|player|p2|mathismathin|bugsy-masters|1297\n|gen|9\n|tier|[Gen 9 Champions] BSS Reg M-A\n|rated|\n|rule|Species Clause: Limit one of each Pok\u00e9mon\n|rule|Item Clause: Limit 1 of each item\n|clearpoke\n|poke|p1|Hippowdon, L50, F|\n|poke|p1|Dragonite, L50, M|\n|poke|p1|Aegislash, L50, M|\n|poke|p1|Gengar, L50, M|\n|poke|p1|Azumarill, L50, M|\n|poke|p1|Volcarona, L50, M|\n|poke|p2|Aegislash, L50, F|\n|poke|p2|Meganium, L50, M|\n|poke|p2|Sneasler, L50, M|\n|poke|p2|Dragapult, L50, M|\n|poke|p2|Lycanroc-Dusk, L50, M|\n|poke|p2|Tyranitar, L50, F|\n|teampreview|3\n|l|\u2606PlatinumPassport\n|player|p1|\n|j| p74\n|j|\u2606PlatinumPassport\n|player|p1|PlatinumPassport|102|\n|\n|t:|1776143821\n|teamsize|p1|3\n|teamsize|p2|3\n|start\n|switch|p1a: Aegislash|Aegislash, L50, M, shiny|100/100\n|switch|p2a: Dragapult|Dragapult, L50, M|100/100\n|turn|1\n|inactive|Battle timer is ON: inactive players will automatically lose when time's up. (requested by PlatinumPassport)\n|\n|t:|1776143859\n|move|p2a: Dragapult|Will-O-Wisp|p1a: Aegislash\n|-status|p1a: Aegislash|brn\n|-formechange|p1a: Aegislash|Aegislash-Blade|\n|move|p1a: Aegislash|Poltergeist|p2a: Dragapult\n|-activate|p2a: Dragapult|move: Poltergeist|Focus Sash\n|-supereffective|p2a: Dragapult|1\n|-crit|p2a: Dragapult\n|-enditem|p2a: Dragapult|Focus Sash\n|-damage|p2a: Dragapult|1/100\n|\n|-damage|p1a: Aegislash|95/100 brn|[from] brn\n|upkeep\n|turn|2\n|\n|t:|1776143867\n|switch|p2a: Meganium|Meganium, L50, M|100/100\n|move|p1a: Aegislash|Shadow Sneak|p2a: Meganium\n|-damage|p2a: Meganium|86/100\n|\n|-damage|p1a: Aegislash|89/100 brn|[from] brn\n|upkeep\n|turn|3\n|\n|t:|1776143890\n|detailschange|p2a: Meganium|Meganium-Mega, L50, M\n|-mega|p2a: Meganium|Meganium|Meganiumite\n|move|p1a: Aegislash|Shadow Sneak|p2a: Meganium\n|-damage|p2a: Meganium|73/100\n|move|p2a: Meganium|Weather Ball|p1a: Aegislash\n|-supereffective|p1a: Aegislash|1\n|-damage|p1a: Aegislash|0 fnt\n|faint|p1a: Aegislash\n|\n|upkeep\n|\n|t:|1776143893\n|switch|p1a: Gengar|Gengar, L50, M, shiny|100/100\n|turn|4\n|\n|t:|1776143902\n|switch|p2a: Lycanroc|Lycanroc-Dusk, L50, M|100/100\n|detailschange|p1a: Gengar|Gengar-Mega, L50, M, shiny\n|-mega|p1a: Gengar|Gengar|Gengarite\n|move|p1a: Gengar|Sludge Wave|p2a: Lycanroc\n|-resisted|p2a: Lycanroc|1\n|-damage|p2a: Lycanroc|45/100\n|\n|upkeep\n|turn|5\n|\n|t:|1776143907\n|switch|p1a: Hippowdon|Hippowdon, L50, F, shiny|100/100\n|-weather|Sandstorm|[from] ability: Sand Stream|[of] p1a: Hippowdon\n|move|p2a: Lycanroc|Accelerock|p1a: Hippowdon\n|-resisted|p1a: Hippowdon|1\n|-damage|p1a: Hippowdon|92/100\n|\n|-weather|Sandstorm|[upkeep]\n|-heal|p1a: Hippowdon|98/100|[from] item: Leftovers\n|upkeep\n|turn|6\n|\n|t:|1776143919\n|move|p2a: Lycanroc|Stone Edge|p1a: Hippowdon\n|-resisted|p1a: Hippowdon|1\n|-damage|p1a: Hippowdon|80/100\n|move|p1a: Hippowdon|Yawn|p2a: Lycanroc\n|-start|p2a: Lycanroc|move: Yawn|[of] p1a: Hippowdon\n|\n|-weather|Sandstorm|[upkeep]\n|-heal|p1a: Hippowdon|86/100|[from] item: Leftovers\n|upkeep\n|turn|7\n|\n|t:|1776143924\n|switch|p1a: Gengar|Gengar-Mega, L50, M, shiny|100/100\n|move|p2a: Lycanroc|Stone Edge|p1a: Gengar|[miss]\n|-miss|p2a: Lycanroc|p1a: Gengar\n|\n|-weather|Sandstorm|[upkeep]\n|-damage|p1a: Gengar|95/100|[from] Sandstorm\n|-end|p2a: Lycanroc|move: Yawn|[silent]\n|-status|p2a: Lycanroc|slp\n|upkeep\n|turn|8\n|\n|t:|1776143928\n|cant|p2a: Lycanroc|slp\n|move|p1a: Gengar|Shadow Ball|p2a: Lycanroc\n|-damage|p2a: Lycanroc|0 fnt\n|faint|p2a: Lycanroc\n|\n|-weather|Sandstorm|[upkeep]\n|-damage|p1a: Gengar|89/100|[from] Sandstorm\n|upkeep\n|\n|t:|1776143930\n|switch|p2a: Dragapult|Dragapult, L50, M|1/100\n|turn|9\n|\n|t:|1776143934\n|switch|p2a: Meganium|Meganium-Mega, L50, M|73/100\n|switch|p1a: Hippowdon|Hippowdon, L50, F, shiny|86/100\n|\n|-weather|none\n|-heal|p1a: Hippowdon|92/100|[from] item: Leftovers\n|upkeep\n|turn|10\n|\n|t:|1776143937\n|switch|p1a: Gengar|Gengar-Mega, L50, M, shiny|89/100\n|move|p2a: Meganium|Earth Power|p1a: Gengar\n|-supereffective|p1a: Gengar|1\n|-damage|p1a: Gengar|0 fnt\n|faint|p1a: Gengar\n|\n|upkeep\n|j| jolextestteam22\n|-message|PlatinumPassport forfeited.\n|\n|win|mathismathin\n|raw|PlatinumPassport's rating: 1362 &rarr; <strong>1338</strong><br />(-24 for losing)\n|raw|mathismathin's rating: 1298 &rarr; <strong>1328</strong><br />(+30 for winning)\n|l|\u2606PlatinumPassport\n|player|p1|\n|l|\u2606mathismathin\n|player|p2|\n",
  "uploadtime": 1776143944,
  "views": 13,
  "formatid": "gen9championsbssregma",
  "rating": 1328,
  "private": 0,
  "password": null
}