{
  "id": "gen9championsbssregma-2581965338",
  "format": "[Gen 9 Champions] BSS Reg M-A",
  "players": [
    "BlenderPR",
    "dmddo412"
  ],
  "log": "|j|\u2606BlenderPR\n|j|\u2606dmddo412\n|t:|1776043902\n|gametype|singles\n|player|p1|BlenderPR|drayden|1000\n|player|p2|dmddo412|170|1109\n|gen|9\n|tier|[Gen 9 Champions] BSS Reg M-A\n|rated|\n|rule|Species Clause: Limit one of each Pok\u00e9mon\n|rule|Item Clause: Limit 1 of each item\n|clearpoke\n|poke|p1|Blastoise, L50, F|\n|poke|p1|Excadrill, L50, M|\n|poke|p1|Garchomp, L50, M|\n|poke|p1|Gengar, L50, M|\n|poke|p1|Mimikyu, L50, F|\n|poke|p1|Rotom-Wash, L50|\n|poke|p2|Mimikyu, L50, F|\n|poke|p2|Garchomp, L50, F|\n|poke|p2|Primarina, L50, F|\n|poke|p2|Archaludon, L50, M|\n|poke|p2|Delphox, L50, M|\n|poke|p2|Scizor, L50, M|\n|teampreview|3\n|\n|t:|1776043964\n|teamsize|p1|3\n|teamsize|p2|3\n|start\n|switch|p1a: Garchomp|Garchomp, L50, M|100/100\n|switch|p2a: Garchomp|Garchomp, L50, F, shiny|100/100\n|turn|1\n|\n|t:|1776043977\n|move|p2a: Garchomp|Rock Tomb|p1a: Garchomp\n|-resisted|p1a: Garchomp|1\n|-damage|p1a: Garchomp|90/100\n|-unboost|p1a: Garchomp|spe|1\n|move|p1a: Garchomp|Swords Dance|p1a: Garchomp\n|-boost|p1a: Garchomp|atk|2\n|\n|upkeep\n|turn|2\n|\n|t:|1776043985\n|move|p2a: Garchomp|Outrage|p1a: Garchomp\n|-supereffective|p1a: Garchomp|1\n|-damage|p1a: Garchomp|0 fnt\n|faint|p1a: Garchomp\n|\n|upkeep\n|\n|t:|1776044007\n|switch|p1a: Gengar|Gengar, L50, M|100/100\n|turn|3\n|\n|t:|1776044011\n|detailschange|p1a: Gengar|Gengar-Mega, L50, M\n|-mega|p1a: Gengar|Gengar|Gengarite\n|move|p1a: Gengar|Shadow Ball|p2a: Garchomp\n|-damage|p2a: Garchomp|48/100\n|move|p2a: Garchomp|Outrage|p1a: Gengar|[from] lockedmove\n|-damage|p1a: Gengar|6/100\n|\n|upkeep\n|turn|4\n|\n|t:|1776044020\n|move|p1a: Gengar|Shadow Ball|p2a: Garchomp\n|-damage|p2a: Garchomp|0 fnt\n|faint|p2a: Garchomp\n|\n|upkeep\n|\n|t:|1776044028\n|switch|p2a: Scizor|Scizor, L50, M, shiny|100/100\n|turn|5\n|\n|t:|1776044033\n|switch|p1a: Rotom|Rotom-Wash, L50|100/100\n|detailschange|p2a: Scizor|Scizor-Mega, L50, M, shiny\n|-mega|p2a: Scizor|Scizor|Scizorite\n|move|p2a: Scizor|Bullet Punch|p1a: Rotom\n|-resisted|p1a: Rotom|2\n|-damage|p1a: Rotom|90/100\n|\n|upkeep\n|turn|6\n|\n|t:|1776044042\n|move|p1a: Rotom|Thunderbolt|p2a: Scizor\n|-crit|p2a: Scizor\n|-damage|p2a: Scizor|38/100\n|-status|p2a: Scizor|par\n|move|p2a: Scizor|Close Combat|p1a: Rotom\n|-damage|p1a: Rotom|38/100\n|-unboost|p2a: Scizor|def|1\n|-unboost|p2a: Scizor|spd|1\n|\n|upkeep\n|turn|7\n|\n|t:|1776044056\n|cant|p2a: Scizor|par\n|move|p1a: Rotom|Rest|p1a: Rotom\n|-status|p1a: Rotom|slp|[from] move: Rest\n|-heal|p1a: Rotom|100/100 slp|[silent]\n|-enditem|p1a: Rotom|Chesto Berry|[eat]\n|-curestatus|p1a: Rotom|slp|[msg]\n|\n|upkeep\n|turn|8\n|\n|t:|1776044066\n|cant|p2a: Scizor|par\n|move|p1a: Rotom|Thunderbolt|p2a: Scizor\n|-damage|p2a: Scizor|0 fnt\n|faint|p2a: Scizor\n|\n|upkeep\n|\n|t:|1776044071\n|switch|p2a: Mimikyu|Mimikyu, L50, F, shiny|100/100\n|turn|9\n|\n|t:|1776044082\n|move|p2a: Mimikyu|Swords Dance|p2a: Mimikyu\n|-boost|p2a: Mimikyu|atk|2\n|move|p1a: Rotom|Volt Switch|p2a: Mimikyu\n|-activate|p2a: Mimikyu|ability: Disguise\n|-damage|p2a: Mimikyu|100/100\n|detailschange|p2a: Mimikyu|Mimikyu-Busted, L50, F, shiny\n|-damage|p2a: Mimikyu|88/100|[from] pokemon: Mimikyu-Busted\n|\n|t:|1776044087\n|switch|p1a: Gengar|Gengar-Mega, L50, M|6/100|[from] Volt Switch\n|\n|upkeep\n|turn|10\n|\n|t:|1776044093\n|move|p2a: Mimikyu|Shadow Sneak|p1a: Gengar\n|-supereffective|p1a: Gengar|1\n|-damage|p1a: Gengar|0 fnt\n|faint|p1a: Gengar\n|\n|upkeep\n|\n|t:|1776044095\n|switch|p1a: Rotom|Rotom-Wash, L50|100/100\n|turn|11\n|\n|t:|1776044107\n|move|p2a: Mimikyu|Shadow Claw|p1a: Rotom\n|-damage|p1a: Rotom|26/100\n|move|p1a: Rotom|Thunderbolt|p2a: Mimikyu\n|-damage|p2a: Mimikyu|35/100\n|\n|upkeep\n|turn|12\n|\n|t:|1776044113\n|move|p2a: Mimikyu|Shadow Claw|p1a: Rotom\n|-damage|p1a: Rotom|0 fnt\n|faint|p1a: Rotom\n|\n|win|dmddo412\n|raw|BlenderPR's rating: 1000 &rarr; <strong>1000</strong><br />(+0 for losing)\n|raw|dmddo412's rating: 1109 &rarr; <strong>1126</strong><br />(+17 for winning)\n",
  "uploadtime": 1776044117,
  "views": 4,
  "formatid": "gen9championsbssregma",
  "rating": 1000,
  "private": 0,
  "password": null
}