{
  "id": "gen9championsbssregma-2586006916",
  "format": "[Gen 9 Champions] BSS Reg M-A",
  "players": [
    "Flagship Tom",
    "MiraidonGaming"
  ],
  "log": "|j|\u2606Flagship Tom\n|j|\u2606MiraidonGaming\n|t:|1776389656\n|gametype|singles\n|player|p1|Flagship Tom|brock|1078\n|player|p2|MiraidonGaming|lucas|1149\n|gen|9\n|tier|[Gen 9 Champions] BSS Reg M-A\n|rated|\n|rule|Species Clause: Limit one of each Pok\u00e9mon\n|rule|Item Clause: Limit 1 of each item\n|clearpoke\n|poke|p1|Clefable, L50, F|\n|poke|p1|Aggron, L50, M|\n|poke|p1|Tyranitar, L50, M|\n|poke|p1|Aerodactyl, L50, M|\n|poke|p1|Incineroar, L50, F|\n|poke|p1|Glimmora, L50, F|\n|poke|p2|Ninetales-Alola, L50, F|\n|poke|p2|Charizard, L50, M|\n|poke|p2|Scizor, L50, M|\n|poke|p2|Sinistcha, L50|\n|poke|p2|Rotom-Wash, L50|\n|poke|p2|Salazzle, L50, F|\n|teampreview|3\n|inactive|Battle timer is ON: inactive players will automatically lose when time's up. (requested by Flagship Tom)\n|\n|t:|1776389672\n|teamsize|p1|3\n|teamsize|p2|3\n|start\n|switch|p1a: Clefable|Clefable, L50, F|100/100\n|switch|p2a: Put a brick in|Rotom-Wash, L50|100/100\n|turn|1\n|\n|t:|1776389694\n|move|p2a: Put a brick in|Volt Switch|p1a: Clefable\n|-damage|p1a: Clefable|71/100\n|\n|t:|1776389697\n|switch|p2a: Edward|Scizor, L50, M|100/100|[from] Volt Switch\n|move|p1a: Clefable|Amnesia|p1a: Clefable\n|-boost|p1a: Clefable|spd|2\n|\n|upkeep\n|turn|2\n|\n|t:|1776389707\n|detailschange|p2a: Edward|Scizor-Mega, L50, M\n|-mega|p2a: Edward|Scizor|Scizorite\n|move|p2a: Edward|Bullet Punch|p1a: Clefable\n|-supereffective|p1a: Clefable|1\n|-damage|p1a: Clefable|22/100\n|-enditem|p1a: Clefable|Sitrus Berry|[eat]\n|-heal|p1a: Clefable|47/100|[from] item: Sitrus Berry\n|move|p1a: Clefable|Baton Pass|p1a: Clefable\n|\n|t:|1776389714\n|switch|p1a: THE WALL|Aggron, L50, M|100/100|[from] Baton Pass\n|\n|upkeep\n|turn|3\n|\n|t:|1776389719\n|switch|p2a: Put a brick in|Rotom-Wash, L50|100/100\n|detailschange|p1a: THE WALL|Aggron-Mega, L50, M\n|-mega|p1a: THE WALL|Aggron|Aggronite\n|move|p1a: THE WALL|Iron Defense|p1a: THE WALL\n|-boost|p1a: THE WALL|def|2\n|\n|upkeep\n|turn|4\n|\n|t:|1776389729\n|move|p2a: Put a brick in|Discharge|p1a: THE WALL\n|-damage|p1a: THE WALL|86/100\n|move|p1a: THE WALL|Body Press|p2a: Put a brick in\n|-damage|p2a: Put a brick in|0 fnt\n|faint|p2a: Put a brick in\n|\n|upkeep\n|\n|t:|1776389735\n|switch|p2a: I ran out of ideas|Salazzle, L50, F|100/100\n|turn|5\n|\n|t:|1776389750\n|move|p2a: I ran out of ideas|Substitute|p2a: I ran out of ideas\n|-start|p2a: I ran out of ideas|Substitute\n|-damage|p2a: I ran out of ideas|76/100\n|move|p1a: THE WALL|Body Press|p2a: I ran out of ideas\n|-resisted|p2a: I ran out of ideas|1\n|-end|p2a: I ran out of ideas|Substitute\n|\n|-heal|p2a: I ran out of ideas|82/100|[from] item: Leftovers\n|upkeep\n|turn|6\n|\n|t:|1776389758\n|move|p2a: I ran out of ideas|Protect|p2a: I ran out of ideas\n|-singleturn|p2a: I ran out of ideas|Protect\n|move|p1a: THE WALL|Body Press|p2a: I ran out of ideas\n|-activate|p2a: I ran out of ideas|move: Protect\n|\n|-heal|p2a: I ran out of ideas|88/100|[from] item: Leftovers\n|upkeep\n|turn|7\n|\n|t:|1776389765\n|move|p2a: I ran out of ideas|Substitute|p2a: I ran out of ideas\n|-start|p2a: I ran out of ideas|Substitute\n|-damage|p2a: I ran out of ideas|63/100\n|move|p1a: THE WALL|Body Press|p2a: I ran out of ideas\n|-resisted|p2a: I ran out of ideas|1\n|-end|p2a: I ran out of ideas|Substitute\n|\n|-heal|p2a: I ran out of ideas|69/100|[from] item: Leftovers\n|upkeep\n|turn|8\n|\n|t:|1776389772\n|move|p2a: I ran out of ideas|Substitute|p2a: I ran out of ideas\n|-start|p2a: I ran out of ideas|Substitute\n|-damage|p2a: I ran out of ideas|45/100\n|move|p1a: THE WALL|Iron Defense|p1a: THE WALL\n|-boost|p1a: THE WALL|def|2\n|\n|-heal|p2a: I ran out of ideas|51/100|[from] item: Leftovers\n|upkeep\n|turn|9\n|\n|t:|1776389779\n|move|p2a: I ran out of ideas|Toxic|p1a: THE WALL\n|-status|p1a: THE WALL|tox\n|move|p1a: THE WALL|Body Press|p2a: I ran out of ideas\n|-resisted|p2a: I ran out of ideas|1\n|-end|p2a: I ran out of ideas|Substitute\n|\n|-heal|p2a: I ran out of ideas|57/100|[from] item: Leftovers\n|-damage|p1a: THE WALL|80/100 tox|[from] psn\n|upkeep\n|turn|10\n|\n|t:|1776389787\n|move|p2a: I ran out of ideas|Protect|p2a: I ran out of ideas\n|-singleturn|p2a: I ran out of ideas|Protect\n|move|p1a: THE WALL|Body Press|p2a: I ran out of ideas\n|-activate|p2a: I ran out of ideas|move: Protect\n|\n|-heal|p2a: I ran out of ideas|63/100|[from] item: Leftovers\n|-damage|p1a: THE WALL|68/100 tox|[from] psn\n|upkeep\n|turn|11\n|\n|t:|1776389795\n|move|p2a: I ran out of ideas|Substitute|p2a: I ran out of ideas\n|-start|p2a: I ran out of ideas|Substitute\n|-damage|p2a: I ran out of ideas|38/100\n|move|p1a: THE WALL|Body Press|p2a: I ran out of ideas\n|-resisted|p2a: I ran out of ideas|1\n|-end|p2a: I ran out of ideas|Substitute\n|\n|-heal|p2a: I ran out of ideas|45/100|[from] item: Leftovers\n|-damage|p1a: THE WALL|49/100 tox|[from] psn\n|upkeep\n|turn|12\n|\n|t:|1776389804\n|move|p2a: I ran out of ideas|Protect|p2a: I ran out of ideas\n|-singleturn|p2a: I ran out of ideas|Protect\n|move|p1a: THE WALL|Iron Defense|p1a: THE WALL\n|-boost|p1a: THE WALL|def|2\n|\n|-heal|p2a: I ran out of ideas|51/100|[from] item: Leftovers\n|-damage|p1a: THE WALL|24/100 tox|[from] psn\n|upkeep\n|turn|13\n|\n|t:|1776389811\n|move|p2a: I ran out of ideas|Substitute|p2a: I ran out of ideas\n|-start|p2a: I ran out of ideas|Substitute\n|-damage|p2a: I ran out of ideas|26/100\n|move|p1a: THE WALL|Body Press|p2a: I ran out of ideas\n|-resisted|p2a: I ran out of ideas|1\n|-end|p2a: I ran out of ideas|Substitute\n|\n|-heal|p2a: I ran out of ideas|32/100|[from] item: Leftovers\n|-damage|p1a: THE WALL|0 fnt|[from] psn\n|faint|p1a: THE WALL\n|upkeep\n|\n|t:|1776389820\n|switch|p1a: TYJIRA|Tyranitar, L50, M|100/100\n|-weather|Sandstorm|[from] ability: Sand Stream|[of] p1a: TYJIRA\n|turn|14\n|\n|t:|1776389830\n|move|p1a: TYJIRA|Knock Off|p2a: I ran out of ideas\n|-damage|p2a: I ran out of ideas|0 fnt\n|-enditem|p2a: I ran out of ideas|Leftovers|[from] move: Knock Off|[of] p1a: TYJIRA\n|faint|p2a: I ran out of ideas\n|\n|-weather|Sandstorm|[upkeep]\n|upkeep\n|\n|t:|1776389833\n|switch|p2a: Edward|Scizor-Mega, L50, M|100/100\n|turn|15\n|\n|t:|1776389842\n|move|p1a: TYJIRA|Knock Off|p2a: Edward\n|-damage|p2a: Edward|74/100\n|move|p2a: Edward|Swords Dance|p2a: Edward\n|-boost|p2a: Edward|atk|2\n|\n|-weather|Sandstorm|[upkeep]\n|upkeep\n|turn|16\n|\n|t:|1776389848\n|switch|p1a: Clefable|Clefable, L50, F|47/100\n|move|p2a: Edward|Swords Dance|p2a: Edward\n|-boost|p2a: Edward|atk|2\n|\n|-weather|Sandstorm|[upkeep]\n|upkeep\n|turn|17\n|\n|t:|1776389857\n|move|p2a: Edward|Bullet Punch|p1a: Clefable\n|-supereffective|p1a: Clefable|1\n|-damage|p1a: Clefable|0 fnt\n|faint|p1a: Clefable\n|\n|-weather|Sandstorm|[upkeep]\n|upkeep\n|\n|t:|1776389861\n|switch|p1a: TYJIRA|Tyranitar, L50, M|100/100\n|turn|18\n|\n|t:|1776389866\n|move|p2a: Edward|Bullet Punch|p1a: TYJIRA\n|-supereffective|p1a: TYJIRA|1\n|-damage|p1a: TYJIRA|0 fnt\n|faint|p1a: TYJIRA\n|\n|win|MiraidonGaming\n|raw|Flagship Tom's rating: 1078 &rarr; <strong>1061</strong><br />(-17 for losing)\n|raw|MiraidonGaming's rating: 1149 &rarr; <strong>1169</strong><br />(+20 for winning)\n",
  "uploadtime": 1776389868,
  "views": 22,
  "formatid": "gen9championsbssregma",
  "rating": 1061,
  "private": 0,
  "password": null
}