{
  "id": "gen9championsbssregma-2587352522",
  "format": "[Gen 9 Champions] BSS Reg M-A",
  "players": [
    "yukd-\u30eb\u30a2\u30c9",
    "ampm0123"
  ],
  "log": "|j|\u2606yukd-\u30eb\u30a2\u30c9\n|j|\u2606ampm0123\n|t:|1776524573\n|gametype|singles\n|player|p1|yukd-\u30eb\u30a2\u30c9|lyra|1179\n|player|p2|ampm0123|266|1334\n|gen|9\n|tier|[Gen 9 Champions] BSS Reg M-A\n|rated|\n|rule|Species Clause: Limit one of each Pok\u00e9mon\n|rule|Item Clause: Limit 1 of each item\n|clearpoke\n|poke|p1|Lopunny, L50, F|\n|poke|p1|Skeledirge, L50, M|\n|poke|p1|Floette-Eternal, L50, F|\n|poke|p1|Glimmora, L50, M|\n|poke|p1|Milotic, L50, F|\n|poke|p1|Kingambit, L50, F|\n|poke|p2|Aegislash, L50, M|\n|poke|p2|Dragonite, L50, F|\n|poke|p2|Hippowdon, L50, F|\n|poke|p2|Primarina, L50, M|\n|poke|p2|Umbreon, L50, F|\n|poke|p2|Delphox, L50, F|\n|teampreview|3\n|\n|t:|1776524609\n|teamsize|p1|3\n|teamsize|p2|3\n|start\n|switch|p1a: Glimmora|Glimmora, L50, M|100/100\n|switch|p2a: Aegislash|Aegislash, L50, M|100/100\n|turn|1\n|\n|t:|1776524616\n|move|p1a: Glimmora|Stealth Rock|p2a: Aegislash\n|-sidestart|p2: ampm0123|move: Stealth Rock\n|-formechange|p2a: Aegislash|Aegislash-Blade|\n|move|p2a: Aegislash|Poltergeist|p1a: Glimmora\n|-activate|p1a: Glimmora|move: Poltergeist|Focus Sash\n|-damage|p1a: Glimmora|9/100\n|-activate|p1a: Glimmora|ability: Toxic Debris\n|-sidestart|p2: ampm0123|move: Toxic Spikes\n|\n|upkeep\n|turn|2\n|\n|t:|1776524629\n|move|p2a: Aegislash|Shadow Sneak|p1a: Glimmora\n|-damage|p1a: Glimmora|0 fnt\n|-activate|p1a: Glimmora|ability: Toxic Debris\n|-sidestart|p2: ampm0123|move: Toxic Spikes\n|faint|p1a: Glimmora\n|\n|upkeep\n|\n|t:|1776524635\n|switch|p1a: Lopunny|Lopunny, L50, F|100/100\n|turn|3\n|\n|t:|1776524641\n|detailschange|p1a: Lopunny|Lopunny-Mega, L50, F\n|-mega|p1a: Lopunny|Lopunny|Lopunnite\n|-formechange|p2a: Aegislash|Aegislash|\n|move|p2a: Aegislash|King's Shield|p2a: Aegislash\n|-singleturn|p2a: Aegislash|Protect\n|move|p1a: Lopunny|Cotton Guard|p1a: Lopunny\n|-boost|p1a: Lopunny|def|3\n|\n|upkeep\n|turn|4\n|\n|t:|1776524650\n|move|p1a: Lopunny|Swords Dance|p1a: Lopunny\n|-boost|p1a: Lopunny|atk|2\n|-formechange|p2a: Aegislash|Aegislash-Blade|\n|move|p2a: Aegislash|Close Combat|p1a: Lopunny\n|-supereffective|p1a: Lopunny|1\n|-damage|p1a: Lopunny|71/100\n|-unboost|p2a: Aegislash|def|1\n|-unboost|p2a: Aegislash|spd|1\n|\n|upkeep\n|turn|5\n|\n|t:|1776524661\n|move|p1a: Lopunny|Drain Punch|p2a: Aegislash\n|-supereffective|p2a: Aegislash|1\n|-damage|p2a: Aegislash|0 fnt\n|-heal|p1a: Lopunny|100/100|[from] drain|[of] p2a: Aegislash\n|faint|p2a: Aegislash\n|\n|upkeep\n|\n|t:|1776524665\n|switch|p2a: Delphox|Delphox, L50, F|100/100\n|-damage|p2a: Delphox|76/100|[from] Stealth Rock\n|-status|p2a: Delphox|tox\n|turn|6\n|\n|t:|1776524673\n|detailschange|p2a: Delphox|Delphox-Mega, L50, F\n|-mega|p2a: Delphox|Delphox|Delphoxite\n|move|p2a: Delphox|Flamethrower|p1a: Lopunny\n|-damage|p1a: Lopunny|49/100\n|move|p1a: Lopunny|Drain Punch|p2a: Delphox\n|-resisted|p2a: Delphox|1\n|-damage|p2a: Delphox|35/100 tox\n|-heal|p1a: Lopunny|70/100|[from] drain|[of] p2a: Delphox\n|\n|-damage|p2a: Delphox|29/100 tox|[from] psn\n|upkeep\n|turn|7\n|-message|ampm0123 forfeited.\n|\n|win|yukd-\u30eb\u30a2\u30c9\n|raw|yukd-\u30eb\u30a2\u30c9's rating: 1179 &rarr; <strong>1214</strong><br />(+35 for winning)\n|raw|ampm0123's rating: 1334 &rarr; <strong>1306</strong><br />(-28 for losing)\n|l|\u2606ampm0123\n|player|p2|\n",
  "uploadtime": 1776524695,
  "views": 5,
  "formatid": "gen9championsbssregma",
  "rating": 1214,
  "private": 0,
  "password": null
}