{
  "id": "gen9championsbssregma-2583167921",
  "format": "[Gen 9 Champions] BSS Reg M-A",
  "players": [
    "Hinya",
    "Monica Blanche"
  ],
  "log": "|j|\u2606Hinya\n|j|\u2606Monica Blanche\n|t:|1776150275\n|gametype|singles\n|player|p1|Hinya|arezu|1222\n|player|p2|Monica Blanche|lady|1208\n|gen|9\n|tier|[Gen 9 Champions] BSS Reg M-A\n|rated|\n|rule|Species Clause: Limit one of each Pok\u00e9mon\n|rule|Item Clause: Limit 1 of each item\n|clearpoke\n|poke|p1|Garchomp, L50, M|\n|poke|p1|Sylveon, L50, M|\n|poke|p1|Blastoise, L50, M|\n|poke|p1|Banette, L50, M|\n|poke|p1|Meowscarada, L50, M|\n|poke|p1|Mimikyu, L50, M|\n|poke|p2|Skarmory, L50, M|\n|poke|p2|Flareon, L50, F|\n|poke|p2|Mamoswine, L50, F|\n|poke|p2|Heliolisk, L50, F|\n|poke|p2|Palafin, L50, F|\n|poke|p2|Slowking-Galar, L50, F|\n|teampreview|3\n|inactive|Battle timer is ON: inactive players will automatically lose when time's up. (requested by Hinya)\n|\n|t:|1776150288\n|teamsize|p1|3\n|teamsize|p2|3\n|start\n|switch|p1a: \ud55c\uce74\ub9ac\uc544\uc2a4|Garchomp, L50, M|100/100\n|switch|p2a: Palafin|Palafin, L50, F|100/100\n|turn|1\n|\n|t:|1776150293\n|detailschange|p2a: Palafin|Palafin-Hero, L50, F\n|switch|p2a: Slowking|Slowking-Galar, L50, F|100/100\n|move|p1a: \ud55c\uce74\ub9ac\uc544\uc2a4|Stealth Rock|p2a: Slowking\n|-sidestart|p2: Monica Blanche|move: Stealth Rock\n|\n|upkeep\n|turn|2\n|\n|t:|1776150299\n|move|p1a: \ud55c\uce74\ub9ac\uc544\uc2a4|Earthquake|p2a: Slowking\n|-supereffective|p2a: Slowking|1\n|-damage|p2a: Slowking|0 fnt\n|faint|p2a: Slowking\n|\n|upkeep\n|\n|t:|1776150302\n|switch|p2a: Mamoswine|Mamoswine, L50, F|100/100\n|-damage|p2a: Mamoswine|88/100|[from] Stealth Rock\n|turn|3\n|\n|t:|1776150308\n|move|p1a: \ud55c\uce74\ub9ac\uc544\uc2a4|Rock Tomb|p2a: Mamoswine|[miss]\n|-miss|p1a: \ud55c\uce74\ub9ac\uc544\uc2a4|p2a: Mamoswine\n|move|p2a: Mamoswine|Icicle Spear|p1a: \ud55c\uce74\ub9ac\uc544\uc2a4\n|-supereffective|p1a: \ud55c\uce74\ub9ac\uc544\uc2a4|2\n|-damage|p1a: \ud55c\uce74\ub9ac\uc544\uc2a4|41/100\n|-supereffective|p1a: \ud55c\uce74\ub9ac\uc544\uc2a4|2\n|-damage|p1a: \ud55c\uce74\ub9ac\uc544\uc2a4|0 fnt\n|faint|p1a: \ud55c\uce74\ub9ac\uc544\uc2a4\n|-hitcount|p1: \ud55c\uce74\ub9ac\uc544\uc2a4|2\n|\n|upkeep\n|\n|t:|1776150312\n|switch|p1a: \ubbf8\uc988\ud0a4|Sylveon, L50, M|100/100\n|turn|4\n|\n|t:|1776150314\n|move|p2a: Mamoswine|Heavy Slam|p1a: \ubbf8\uc988\ud0a4\n|-supereffective|p1a: \ubbf8\uc988\ud0a4|1\n|-damage|p1a: \ubbf8\uc988\ud0a4|30/100\n|move|p1a: \ubbf8\uc988\ud0a4|Yawn|p2a: Mamoswine\n|-start|p2a: Mamoswine|move: Yawn|[of] p1a: \ubbf8\uc988\ud0a4\n|\n|-heal|p1a: \ubbf8\uc988\ud0a4|36/100|[from] item: Leftovers\n|upkeep\n|turn|5\n|\n|t:|1776150318\n|move|p1a: \ubbf8\uc988\ud0a4|Protect|p1a: \ubbf8\uc988\ud0a4\n|-singleturn|p1a: \ubbf8\uc988\ud0a4|Protect\n|move|p2a: Mamoswine|Heavy Slam|p1a: \ubbf8\uc988\ud0a4\n|-activate|p1a: \ubbf8\uc988\ud0a4|move: Protect\n|\n|-heal|p1a: \ubbf8\uc988\ud0a4|42/100|[from] item: Leftovers\n|-end|p2a: Mamoswine|move: Yawn|[silent]\n|-status|p2a: Mamoswine|slp\n|upkeep\n|turn|6\n|\n|t:|1776150321\n|cant|p2a: Mamoswine|slp\n|move|p1a: \ubbf8\uc988\ud0a4|Wish|p1a: \ubbf8\uc988\ud0a4\n|\n|-heal|p1a: \ubbf8\uc988\ud0a4|48/100|[from] item: Leftovers\n|upkeep\n|turn|7\n|\n|t:|1776150325\n|move|p1a: \ubbf8\uc988\ud0a4|Protect|p1a: \ubbf8\uc988\ud0a4\n|-singleturn|p1a: \ubbf8\uc988\ud0a4|Protect\n|cant|p2a: Mamoswine|slp\n|\n|-heal|p1a: \ubbf8\uc988\ud0a4|98/100|[from] move: Wish|[wisher] \ubbf8\uc988\ud0a4\n|-heal|p1a: \ubbf8\uc988\ud0a4|100/100|[from] item: Leftovers\n|upkeep\n|turn|8\n|\n|t:|1776150329\n|-curestatus|p2a: Mamoswine|slp|[msg]\n|move|p2a: Mamoswine|Heavy Slam|p1a: \ubbf8\uc988\ud0a4\n|-supereffective|p1a: \ubbf8\uc988\ud0a4|1\n|-damage|p1a: \ubbf8\uc988\ud0a4|26/100\n|move|p1a: \ubbf8\uc988\ud0a4|Yawn|p2a: Mamoswine\n|-start|p2a: Mamoswine|move: Yawn|[of] p1a: \ubbf8\uc988\ud0a4\n|\n|-heal|p1a: \ubbf8\uc988\ud0a4|32/100|[from] item: Leftovers\n|upkeep\n|turn|9\n|\n|t:|1776150333\n|move|p1a: \ubbf8\uc988\ud0a4|Protect|p1a: \ubbf8\uc988\ud0a4\n|-singleturn|p1a: \ubbf8\uc988\ud0a4|Protect\n|move|p2a: Mamoswine|Heavy Slam|p1a: \ubbf8\uc988\ud0a4\n|-activate|p1a: \ubbf8\uc988\ud0a4|move: Protect\n|\n|-heal|p1a: \ubbf8\uc988\ud0a4|38/100|[from] item: Leftovers\n|-end|p2a: Mamoswine|move: Yawn|[silent]\n|-status|p2a: Mamoswine|slp\n|upkeep\n|turn|10\n|\n|t:|1776150335\n|cant|p2a: Mamoswine|slp\n|move|p1a: \ubbf8\uc988\ud0a4|Wish|p1a: \ubbf8\uc988\ud0a4\n|\n|-heal|p1a: \ubbf8\uc988\ud0a4|44/100|[from] item: Leftovers\n|upkeep\n|turn|11\n|\n|t:|1776150340\n|move|p1a: \ubbf8\uc988\ud0a4|Protect|p1a: \ubbf8\uc988\ud0a4\n|-singleturn|p1a: \ubbf8\uc988\ud0a4|Protect\n|cant|p2a: Mamoswine|slp\n|\n|-heal|p1a: \ubbf8\uc988\ud0a4|94/100|[from] move: Wish|[wisher] \ubbf8\uc988\ud0a4\n|-heal|p1a: \ubbf8\uc988\ud0a4|99/100|[from] item: Leftovers\n|upkeep\n|turn|12\n|\n|t:|1776150343\n|-curestatus|p2a: Mamoswine|slp|[msg]\n|move|p2a: Mamoswine|Heavy Slam|p1a: \ubbf8\uc988\ud0a4\n|-supereffective|p1a: \ubbf8\uc988\ud0a4|1\n|-damage|p1a: \ubbf8\uc988\ud0a4|19/100\n|move|p1a: \ubbf8\uc988\ud0a4|Yawn|p2a: Mamoswine\n|-start|p2a: Mamoswine|move: Yawn|[of] p1a: \ubbf8\uc988\ud0a4\n|\n|-heal|p1a: \ubbf8\uc988\ud0a4|25/100|[from] item: Leftovers\n|upkeep\n|turn|13\n|\n|t:|1776150346\n|move|p1a: \ubbf8\uc988\ud0a4|Protect|p1a: \ubbf8\uc988\ud0a4\n|-singleturn|p1a: \ubbf8\uc988\ud0a4|Protect\n|move|p2a: Mamoswine|Heavy Slam|p1a: \ubbf8\uc988\ud0a4\n|-activate|p1a: \ubbf8\uc988\ud0a4|move: Protect\n|\n|-heal|p1a: \ubbf8\uc988\ud0a4|31/100|[from] item: Leftovers\n|-end|p2a: Mamoswine|move: Yawn|[silent]\n|-status|p2a: Mamoswine|slp\n|upkeep\n|turn|14\n|\n|t:|1776150352\n|cant|p2a: Mamoswine|slp\n|move|p1a: \ubbf8\uc988\ud0a4|Wish|p1a: \ubbf8\uc988\ud0a4\n|\n|-heal|p1a: \ubbf8\uc988\ud0a4|37/100|[from] item: Leftovers\n|upkeep\n|turn|15\n|\n|t:|1776150355\n|move|p1a: \ubbf8\uc988\ud0a4|Protect|p1a: \ubbf8\uc988\ud0a4\n|-singleturn|p1a: \ubbf8\uc988\ud0a4|Protect\n|-curestatus|p2a: Mamoswine|slp|[msg]\n|move|p2a: Mamoswine|Heavy Slam|p1a: \ubbf8\uc988\ud0a4\n|-activate|p1a: \ubbf8\uc988\ud0a4|move: Protect\n|\n|-heal|p1a: \ubbf8\uc988\ud0a4|87/100|[from] move: Wish|[wisher] \ubbf8\uc988\ud0a4\n|-heal|p1a: \ubbf8\uc988\ud0a4|93/100|[from] item: Leftovers\n|upkeep\n|turn|16\n|\n|t:|1776150357\n|move|p2a: Mamoswine|Heavy Slam|p1a: \ubbf8\uc988\ud0a4\n|-supereffective|p1a: \ubbf8\uc988\ud0a4|1\n|-damage|p1a: \ubbf8\uc988\ud0a4|10/100\n|move|p1a: \ubbf8\uc988\ud0a4|Yawn|p2a: Mamoswine\n|-start|p2a: Mamoswine|move: Yawn|[of] p1a: \ubbf8\uc988\ud0a4\n|\n|-heal|p1a: \ubbf8\uc988\ud0a4|16/100|[from] item: Leftovers\n|upkeep\n|turn|17\n|\n|t:|1776150363\n|move|p2a: Mamoswine|Earthquake|p1a: \ubbf8\uc988\ud0a4\n|-damage|p1a: \ubbf8\uc988\ud0a4|0 fnt\n|faint|p1a: \ubbf8\uc988\ud0a4\n|\n|-end|p2a: Mamoswine|move: Yawn|[silent]\n|-status|p2a: Mamoswine|slp\n|upkeep\n|\n|t:|1776150365\n|switch|p1a: \uac70\ubd81\uc655|Blastoise, L50, M|100/100\n|turn|18\n|\n|t:|1776150369\n|detailschange|p1a: \uac70\ubd81\uc655|Blastoise-Mega, L50, M\n|-mega|p1a: \uac70\ubd81\uc655|Blastoise|Blastoisinite\n|move|p1a: \uac70\ubd81\uc655|Shell Smash|p1a: \uac70\ubd81\uc655\n|-unboost|p1a: \uac70\ubd81\uc655|def|1\n|-unboost|p1a: \uac70\ubd81\uc655|spd|1\n|-boost|p1a: \uac70\ubd81\uc655|atk|2\n|-boost|p1a: \uac70\ubd81\uc655|spa|2\n|-boost|p1a: \uac70\ubd81\uc655|spe|2\n|cant|p2a: Mamoswine|slp\n|\n|upkeep\n|turn|19\n|\n|t:|1776150373\n|cant|p2a: Mamoswine|slp\n|move|p1a: \uac70\ubd81\uc655|Water Pulse|p2a: Mamoswine\n|-supereffective|p2a: Mamoswine|1\n|-crit|p2a: Mamoswine\n|-damage|p2a: Mamoswine|0 fnt\n|faint|p2a: Mamoswine\n|\n|upkeep\n|\n|t:|1776150374\n|switch|p2a: Palafin|Palafin-Hero, L50, F|100/100\n|-damage|p2a: Palafin|88/100|[from] Stealth Rock\n|-activate|p2a: Palafin|ability: Zero to Hero\n|turn|20\n|\n|t:|1776150379\n|move|p1a: \uac70\ubd81\uc655|Substitute|p1a: \uac70\ubd81\uc655\n|-start|p1a: \uac70\ubd81\uc655|Substitute\n|-damage|p1a: \uac70\ubd81\uc655|76/100\n|move|p2a: Palafin|Close Combat|p1a: \uac70\ubd81\uc655\n|-end|p1a: \uac70\ubd81\uc655|Substitute\n|-unboost|p2a: Palafin|def|1\n|-unboost|p2a: Palafin|spd|1\n|\n|-heal|p2a: Palafin|94/100|[from] item: Leftovers\n|upkeep\n|turn|21\n|\n|t:|1776150386\n|move|p1a: \uac70\ubd81\uc655|Substitute|p1a: \uac70\ubd81\uc655\n|-start|p1a: \uac70\ubd81\uc655|Substitute\n|-damage|p1a: \uac70\ubd81\uc655|51/100\n|move|p2a: Palafin|Bulk Up|p2a: Palafin\n|-boost|p2a: Palafin|atk|1\n|-boost|p2a: Palafin|def|1\n|\n|-heal|p2a: Palafin|99/100|[from] item: Leftovers\n|upkeep\n|turn|22\n|j| p74\n|\n|t:|1776150391\n|move|p1a: \uac70\ubd81\uc655|Dragon Pulse|p2a: Palafin\n|-damage|p2a: Palafin|0 fnt\n|faint|p2a: Palafin\n|\n|win|Hinya\n|raw|Hinya's rating: 1222 &rarr; <strong>1246</strong><br />(+24 for winning)\n|raw|Monica Blanche's rating: 1208 &rarr; <strong>1184</strong><br />(-24 for losing)\n|l|\u2606Monica Blanche\n|player|p2|\n|l|\u2606Hinya\n|player|p1|\n",
  "uploadtime": 1776150544,
  "views": 6,
  "formatid": "gen9championsbssregma",
  "rating": 1184,
  "private": 0,
  "password": null
}