{
  "id": "gen9championsbssregma-2585620342",
  "format": "[Gen 9 Champions] BSS Reg M-A",
  "players": [
    "slemtem",
    "Morolock"
  ],
  "log": "|j|\u2606slemtem\n|j|\u2606Morolock\n|t:|1776359361\n|gametype|singles\n|player|p1|slemtem|bugsy|1022\n|player|p2|Morolock|n|1085\n|gen|9\n|tier|[Gen 9 Champions] BSS Reg M-A\n|rated|\n|rule|Species Clause: Limit one of each Pok\u00e9mon\n|rule|Item Clause: Limit 1 of each item\n|clearpoke\n|poke|p1|Victreebel, L50, M|\n|poke|p1|Primarina, L50, F|\n|poke|p1|Garchomp, L50, F|\n|poke|p1|Aegislash, L50, M|\n|poke|p1|Clefable, L50, F|\n|poke|p1|Glimmora, L50, F|\n|poke|p2|Aegislash, L50, M|\n|poke|p2|Floette-Eternal, L50, F|\n|poke|p2|Charizard, L50, M|\n|poke|p2|Weavile, L50, M|\n|poke|p2|Ditto, L50|\n|poke|p2|Excadrill, L50, M|\n|teampreview|3\n|inactive|Battle timer is ON: inactive players will automatically lose when time's up. (requested by Morolock)\n|\n|t:|1776359394\n|teamsize|p1|3\n|teamsize|p2|3\n|start\n|switch|p1a: Glimmora|Glimmora, L50, F|100/100\n|switch|p2a: Aegislash|Aegislash, L50, M|100/100\n|turn|1\n|\n|t:|1776359404\n|detailschange|p1a: Glimmora|Glimmora-Mega, L50, F\n|-mega|p1a: Glimmora|Glimmora|Glimmoranite\n|move|p1a: Glimmora|Earth Power|p2a: Aegislash\n|-supereffective|p2a: Aegislash|1\n|-damage|p2a: Aegislash|35/100\n|-formechange|p2a: Aegislash|Aegislash-Blade|\n|move|p2a: Aegislash|Flash Cannon|p1a: Glimmora\n|-supereffective|p1a: Glimmora|1\n|-damage|p1a: Glimmora|0 fnt\n|faint|p1a: Glimmora\n|\n|upkeep\n|\n|t:|1776359419\n|switch|p1a: Primarina|Primarina, L50, F|100/100\n|turn|2\n|\n|t:|1776359426\n|-formechange|p2a: Aegislash|Aegislash|\n|move|p2a: Aegislash|King's Shield|p2a: Aegislash\n|-singleturn|p2a: Aegislash|Protect\n|move|p1a: Primarina|Sparkling Aria|p2a: Aegislash\n|-activate|p2a: Aegislash|move: Protect\n|\n|upkeep\n|turn|3\n|\n|t:|1776359434\n|move|p1a: Primarina|Encore|p2a: Aegislash\n|-start|p2a: Aegislash|Encore\n|move|p2a: Aegislash|King's Shield||[still]\n|-fail|p2a: Aegislash\n|\n|upkeep\n|turn|4\n|\n|t:|1776359449\n|move|p2a: Aegislash|King's Shield|p2a: Aegislash\n|-singleturn|p2a: Aegislash|Protect\n|move|p1a: Primarina|Sparkling Aria|p2a: Aegislash\n|-activate|p2a: Aegislash|move: Protect\n|\n|upkeep\n|turn|5\n|\n|t:|1776359454\n|move|p2a: Aegislash|King's Shield||[still]\n|-fail|p2a: Aegislash\n|move|p1a: Primarina|Sparkling Aria|p2a: Aegislash\n|-damage|p2a: Aegislash|0 fnt\n|faint|p2a: Aegislash\n|\n|upkeep\n|\n|t:|1776359463\n|switch|p2a: Floette|Floette-Eternal, L50, F|100/100\n|turn|6\n|\n|t:|1776359482\n|switch|p1a: Aegislash|Aegislash, L50, M|100/100\n|detailschange|p2a: Floette|Floette-Mega, L50, F\n|-mega|p2a: Floette|Floette|Floettite\n|-ability|p2a: Floette|Fairy Aura\n|move|p2a: Floette|Grass Knot|p1a: Aegislash\n|-resisted|p1a: Aegislash|1\n|-damage|p1a: Aegislash|84/100\n|\n|upkeep\n|turn|7\n|\n|t:|1776359497\n|move|p2a: Floette|Light of Ruin|p1a: Aegislash|[miss]\n|-miss|p2a: Floette|p1a: Aegislash\n|move|p1a: Aegislash|Swords Dance|p1a: Aegislash\n|-boost|p1a: Aegislash|atk|2\n|\n|upkeep\n|turn|8\n|\n|t:|1776359501\n|move|p2a: Floette|Light of Ruin|p1a: Aegislash\n|-resisted|p1a: Aegislash|1\n|-damage|p1a: Aegislash|30/100\n|-damage|p2a: Floette|75/100|[from] Recoil\n|-formechange|p1a: Aegislash|Aegislash-Blade|\n|move|p1a: Aegislash|Poltergeist|p2a: Floette\n|-activate|p2a: Floette|move: Poltergeist|Floettite\n|-damage|p2a: Floette|0 fnt\n|faint|p2a: Floette\n|\n|upkeep\n|\n|t:|1776359504\n|switch|p2a: Weavile|Weavile, L50, M|100/100\n|-ability|p2a: Weavile|Pressure\n|turn|9\n|\n|t:|1776359515\n|move|p1a: Aegislash|Shadow Sneak|p2a: Weavile\n|-resisted|p2a: Weavile|1\n|-damage|p2a: Weavile|63/100\n|move|p2a: Weavile|Knock Off|p1a: Aegislash\n|-supereffective|p1a: Aegislash|1\n|-damage|p1a: Aegislash|0 fnt\n|-enditem|p1a: Aegislash|Focus Sash|[from] move: Knock Off|[of] p2a: Weavile\n|faint|p1a: Aegislash\n|\n|upkeep\n|\n|t:|1776359521\n|switch|p1a: Primarina|Primarina, L50, F|100/100\n|turn|10\n|\n|t:|1776359524\n|move|p2a: Weavile|Triple Axel|p1a: Primarina\n|-resisted|p1a: Primarina|1\n|-damage|p1a: Primarina|96/100\n|-resisted|p1a: Primarina|1\n|-damage|p1a: Primarina|86/100\n|-resisted|p1a: Primarina|1\n|-damage|p1a: Primarina|71/100\n|-hitcount|p1a: Primarina|3\n|move|p1a: Primarina|Moonblast|p2a: Weavile\n|-supereffective|p2a: Weavile|1\n|-damage|p2a: Weavile|0 fnt\n|faint|p2a: Weavile\n|\n|win|slemtem\n|raw|slemtem's rating: 1022 &rarr; <strong>1065</strong><br />(+43 for winning)\n|raw|Morolock's rating: 1085 &rarr; <strong>1058</strong><br />(-27 for losing)\n|l|\u2606slemtem\n|player|p1|\n",
  "uploadtime": 1776359534,
  "views": 4,
  "formatid": "gen9championsbssregma",
  "rating": 1058,
  "private": 0,
  "password": null
}