{
  "id": "gen9championsbssregma-2584003501",
  "format": "[Gen 9 Champions] BSS Reg M-A",
  "players": [
    "Sn0rlax Main",
    "Ahotvlol"
  ],
  "log": "|j|\u2606Sn0rlax Main\n|j|\u2606Ahotvlol\n|t:|1776215869\n|gametype|singles\n|player|p1|Sn0rlax Main|170|1096\n|player|p2|Ahotvlol|2|1191\n|gen|9\n|tier|[Gen 9 Champions] BSS Reg M-A\n|rated|\n|rule|Species Clause: Limit one of each Pok\u00e9mon\n|rule|Item Clause: Limit 1 of each item\n|clearpoke\n|poke|p1|Skarmory, L50, F|\n|poke|p1|Greninja-*, L50, M|\n|poke|p1|Clefable, L50, M|\n|poke|p1|Garchomp, L50, M|\n|poke|p1|Glimmora, L50, M|\n|poke|p1|Meowscarada, L50, M|\n|poke|p2|Clefable, L50, F|\n|poke|p2|Espathra, L50, F|\n|poke|p2|Charizard, L50, M|\n|poke|p2|Hippowdon, L50, F|\n|poke|p2|Kingambit, L50, M|\n|poke|p2|Glimmora, L50, F|\n|teampreview|3\n|inactive|Battle timer is ON: inactive players will automatically lose when time's up. (requested by Ahotvlol)\n|inactive|Sn0rlax Main has 60 seconds left.\n|inactive|Ahotvlol has 60 seconds left.\n|\n|t:|1776215923\n|teamsize|p1|3\n|teamsize|p2|3\n|start\n|switch|p1a: Skarmory|Skarmory, L50, F, shiny|100/100\n|switch|p2a: Hippowdon|Hippowdon, L50, F|100/100\n|-weather|Sandstorm|[from] ability: Sand Stream|[of] p2a: Hippowdon\n|turn|1\n|\n|t:|1776215943\n|move|p1a: Skarmory|Swords Dance|p1a: Skarmory\n|-boost|p1a: Skarmory|atk|2\n|move|p2a: Hippowdon|Stealth Rock|p1a: Skarmory\n|-sidestart|p1: Sn0rlax Main|move: Stealth Rock\n|\n|-weather|Sandstorm|[upkeep]\n|upkeep\n|turn|2\n|\n|t:|1776215951\n|move|p1a: Skarmory|Drill Run|p2a: Hippowdon\n|-damage|p2a: Hippowdon|79/100\n|move|p2a: Hippowdon|Yawn|p1a: Skarmory\n|-start|p1a: Skarmory|move: Yawn|[of] p2a: Hippowdon\n|\n|-weather|Sandstorm|[upkeep]\n|upkeep\n|turn|3\n|\n|t:|1776215968\n|switch|p1a: Garchomp|Garchomp, L50, M|100/100\n|-damage|p1a: Garchomp|94/100|[from] Stealth Rock\n|move|p2a: Hippowdon|Yawn|p1a: Garchomp\n|-start|p1a: Garchomp|move: Yawn|[of] p2a: Hippowdon\n|\n|-weather|Sandstorm|[upkeep]\n|upkeep\n|turn|4\n|\n|t:|1776215977\n|move|p1a: Garchomp|Scale Shot|p2a: Hippowdon\n|-damage|p2a: Hippowdon|72/100\n|-damage|p2a: Hippowdon|65/100\n|-hitcount|p2a: Hippowdon|2\n|-unboost|p1a: Garchomp|def|1\n|-boost|p1a: Garchomp|spe|1\n|move|p2a: Hippowdon|Yawn||[still]\n|-fail|p2a: Hippowdon\n|\n|-weather|Sandstorm|[upkeep]\n|-end|p1a: Garchomp|move: Yawn|[silent]\n|-status|p1a: Garchomp|slp\n|upkeep\n|turn|5\n|\n|t:|1776215982\n|cant|p1a: Garchomp|slp\n|move|p2a: Hippowdon|Earthquake|p1a: Garchomp\n|-damage|p1a: Garchomp|40/100 slp\n|\n|-weather|none\n|upkeep\n|turn|6\n|\n|t:|1776215989\n|-curestatus|p1a: Garchomp|slp|[msg]\n|move|p1a: Garchomp|Swords Dance|p1a: Garchomp\n|-boost|p1a: Garchomp|atk|2\n|move|p2a: Hippowdon|Earthquake|p1a: Garchomp\n|-damage|p1a: Garchomp|0 fnt\n|faint|p1a: Garchomp\n|\n|upkeep\n|inactive|Sn0rlax Main has 30 seconds left.\n|inactive|Sn0rlax Main has 20 seconds left.\n|inactive|Sn0rlax Main has 15 seconds left.\n|inactive|Sn0rlax Main has 10 seconds left.\n|inactive|Sn0rlax Main has 5 seconds left.\n|\n|t:|1776216044\n|switch|p1a: Clefable|Clefable, L50, M|100/100\n|-damage|p1a: Clefable|88/100|[from] Stealth Rock\n|turn|7\n|inactive|Sn0rlax Main has 30 seconds left.\n|inactive|Ahotvlol has 30 seconds left.\n|\n|t:|1776216078\n|switch|p2a: Clefable|Clefable, L50, F|100/100\n|move|p1a: Clefable|Moonblast|p2a: Clefable\n|-damage|p2a: Clefable|72/100\n|\n|-heal|p1a: Clefable|94/100|[from] item: Leftovers\n|upkeep\n|turn|8\n|\n|t:|1776216085\n|move|p2a: Clefable|Cosmic Power|p2a: Clefable\n|-boost|p2a: Clefable|def|1\n|-boost|p2a: Clefable|spd|1\n|move|p1a: Clefable|Moonblast|p2a: Clefable\n|-damage|p2a: Clefable|45/100\n|-unboost|p2a: Clefable|spa|1\n|\n|-heal|p1a: Clefable|99/100|[from] item: Leftovers\n|upkeep\n|turn|9\n|\n|t:|1776216089\n|move|p2a: Clefable|Cosmic Power|p2a: Clefable\n|-boost|p2a: Clefable|def|1\n|-boost|p2a: Clefable|spd|1\n|move|p1a: Clefable|Moonblast|p2a: Clefable\n|-damage|p2a: Clefable|14/100\n|-unboost|p2a: Clefable|spa|1\n|\n|-heal|p1a: Clefable|100/100|[from] item: Leftovers\n|upkeep\n|turn|10\n|\n|t:|1776216091\n|move|p2a: Clefable|Moonlight|p2a: Clefable\n|-heal|p2a: Clefable|64/100\n|move|p1a: Clefable|Moonblast|p2a: Clefable\n|-crit|p2a: Clefable\n|-damage|p2a: Clefable|17/100\n|\n|upkeep\n|turn|11\n|\n|t:|1776216097\n|move|p2a: Clefable|Moonlight|p2a: Clefable\n|-heal|p2a: Clefable|67/100\n|move|p1a: Clefable|Moonblast|p2a: Clefable\n|-damage|p2a: Clefable|34/100\n|\n|upkeep\n|turn|12\n|\n|t:|1776216105\n|move|p2a: Clefable|Cosmic Power|p2a: Clefable\n|-boost|p2a: Clefable|def|1\n|-boost|p2a: Clefable|spd|1\n|move|p1a: Clefable|Moonblast|p2a: Clefable\n|-damage|p2a: Clefable|5/100\n|\n|upkeep\n|turn|13\n|\n|t:|1776216112\n|move|p2a: Clefable|Moonlight|p2a: Clefable\n|-heal|p2a: Clefable|55/100\n|move|p1a: Clefable|Moonblast|p2a: Clefable\n|-damage|p2a: Clefable|28/100\n|\n|upkeep\n|turn|14\n|\n|t:|1776216115\n|move|p2a: Clefable|Moonlight|p2a: Clefable\n|-heal|p2a: Clefable|78/100\n|move|p1a: Clefable|Moonblast|p2a: Clefable\n|-damage|p2a: Clefable|50/100\n|-unboost|p2a: Clefable|spa|1\n|\n|upkeep\n|turn|15\n|\n|t:|1776216118\n|move|p2a: Clefable|Cosmic Power|p2a: Clefable\n|-boost|p2a: Clefable|def|1\n|-boost|p2a: Clefable|spd|1\n|move|p1a: Clefable|Moonblast|p2a: Clefable\n|-damage|p2a: Clefable|23/100\n|\n|upkeep\n|turn|16\n|\n|t:|1776216121\n|move|p2a: Clefable|Moonlight|p2a: Clefable\n|-heal|p2a: Clefable|73/100\n|move|p1a: Clefable|Moonblast|p2a: Clefable\n|-damage|p2a: Clefable|43/100\n|\n|upkeep\n|turn|17\n|\n|t:|1776216125\n|move|p2a: Clefable|Cosmic Power|p2a: Clefable\n|-boost|p2a: Clefable|def|1\n|-boost|p2a: Clefable|spd|1\n|move|p1a: Clefable|Moonblast|p2a: Clefable\n|-damage|p2a: Clefable|11/100\n|\n|upkeep\n|turn|18\n|\n|t:|1776216132\n|move|p2a: Clefable|Moonlight|p2a: Clefable\n|-heal|p2a: Clefable|61/100\n|move|p1a: Clefable|Moonblast|p2a: Clefable\n|-damage|p2a: Clefable|29/100\n|\n|upkeep\n|turn|19\n|\n|t:|1776216137\n|move|p2a: Clefable|Cosmic Power|p2a: Clefable\n|-boost|p2a: Clefable|def|1\n|-boost|p2a: Clefable|spd|1\n|move|p1a: Clefable|Flamethrower|p2a: Clefable\n|-damage|p2a: Clefable|9/100\n|\n|upkeep\n|turn|20\n|inactive|Sn0rlax Main has 30 seconds left.\n|\n|t:|1776216165\n|move|p2a: Clefable|Moonlight|p2a: Clefable\n|-heal|p2a: Clefable|59/100\n|move|p1a: Clefable|Moonblast|p2a: Clefable\n|-damage|p2a: Clefable|32/100\n|\n|upkeep\n|turn|21\n|\n|t:|1776216174\n|move|p2a: Clefable|Moonlight|p2a: Clefable\n|-heal|p2a: Clefable|82/100\n|move|p1a: Clefable|Flamethrower|p2a: Clefable\n|-damage|p2a: Clefable|65/100\n|\n|upkeep\n|turn|22\n|\n|t:|1776216181\n|move|p2a: Clefable|Stored Power|p1a: Clefable\n|-damage|p1a: Clefable|42/100\n|move|p1a: Clefable|Flamethrower|p2a: Clefable\n|-damage|p2a: Clefable|46/100\n|\n|-heal|p1a: Clefable|48/100|[from] item: Leftovers\n|upkeep\n|turn|23\n|\n|t:|1776216186\n|move|p2a: Clefable|Stored Power|p1a: Clefable\n|-damage|p1a: Clefable|0 fnt\n|faint|p1a: Clefable\n|\n|upkeep\n|\n|t:|1776216188\n|switch|p1a: Skarmory|Skarmory, L50, F, shiny|100/100\n|-damage|p1a: Skarmory|88/100|[from] Stealth Rock\n|turn|24\n|\n|t:|1776216196\n|detailschange|p1a: Skarmory|Skarmory-Mega, L50, F, shiny\n|-mega|p1a: Skarmory|Skarmory|Skarmorite\n|move|p1a: Skarmory|Swords Dance|p1a: Skarmory\n|-boost|p1a: Skarmory|atk|2\n|move|p2a: Clefable|Stored Power|p1a: Skarmory\n|-resisted|p1a: Skarmory|1\n|-damage|p1a: Skarmory|75/100\n|\n|upkeep\n|turn|25\n|\n|t:|1776216203\n|switch|p2a: Hippowdon|Hippowdon, L50, F|65/100\n|-weather|Sandstorm|[from] ability: Sand Stream|[of] p2a: Hippowdon\n|move|p1a: Skarmory|Drill Run|p2a: Hippowdon\n|-damage|p2a: Hippowdon|35/100\n|-enditem|p2a: Hippowdon|Sitrus Berry|[eat]\n|-heal|p2a: Hippowdon|60/100|[from] item: Sitrus Berry\n|\n|-weather|Sandstorm|[upkeep]\n|upkeep\n|turn|26\n|\n|t:|1776216206\n|move|p1a: Skarmory|Brave Bird|p2a: Hippowdon\n|-damage|p2a: Hippowdon|0 fnt\n|faint|p2a: Hippowdon\n|-damage|p1a: Skarmory|45/100|[from] Recoil\n|\n|-weather|Sandstorm|[upkeep]\n|upkeep\n|\n|t:|1776216212\n|switch|p2a: Charizard|Charizard, L50, M, shiny|100/100\n|turn|27\n|\n|t:|1776216221\n|detailschange|p2a: Charizard|Charizard-Mega-Y, L50, M, shiny\n|-mega|p2a: Charizard|Charizard|Charizardite Y\n|-weather|SunnyDay|[from] ability: Drought|[of] p2a: Charizard\n|move|p1a: Skarmory|Brave Bird|p2a: Charizard\n|-damage|p2a: Charizard|0 fnt\n|faint|p2a: Charizard\n|-damage|p1a: Skarmory|8/100|[from] Recoil\n|\n|-weather|SunnyDay|[upkeep]\n|upkeep\n|\n|t:|1776216228\n|switch|p2a: Clefable|Clefable, L50, F|46/100\n|turn|28\n|\n|t:|1776216230\n|move|p1a: Skarmory|Roost|p1a: Skarmory\n|-heal|p1a: Skarmory|58/100\n|-singleturn|p1a: Skarmory|move: Roost\n|move|p2a: Clefable|Stored Power|p1a: Skarmory\n|-resisted|p1a: Skarmory|1\n|-damage|p1a: Skarmory|55/100\n|\n|-weather|SunnyDay|[upkeep]\n|upkeep\n|turn|29\n|-message|Ahotvlol forfeited.\n|\n|win|Sn0rlax Main\n|raw|Sn0rlax Main's rating: 1096 &rarr; <strong>1128</strong><br />(+32 for winning)\n|raw|Ahotvlol's rating: 1191 &rarr; <strong>1159</strong><br />(-32 for losing)\n|l|\u2606Ahotvlol\n|player|p2|\n",
  "uploadtime": 1776216240,
  "views": 14,
  "formatid": "gen9championsbssregma",
  "rating": 1128,
  "private": 0,
  "password": null
}