{
  "id": "gen9championsbssregma-2584169974",
  "format": "[Gen 9 Champions] BSS Reg M-A",
  "players": [
    "michinsaram",
    "tklll"
  ],
  "log": "|j|\u2606michinsaram\n|j|\u2606tklll\n|t:|1776233702\n|gametype|singles\n|player|p1|michinsaram|169|1370\n|player|p2|tklll|dragontamer|1311\n|gen|9\n|tier|[Gen 9 Champions] BSS Reg M-A\n|rated|\n|rule|Species Clause: Limit one of each Pok\u00e9mon\n|rule|Item Clause: Limit 1 of each item\n|clearpoke\n|poke|p1|Pelipper, L50, M|\n|poke|p1|Archaludon, L50, F|\n|poke|p1|Lucario, L50, F|\n|poke|p1|Basculegion, L50, M|\n|poke|p1|Meganium, L50, F|\n|poke|p1|Garchomp, L50, F|\n|poke|p2|Lopunny, L50, F|\n|poke|p2|Meganium, L50, M|\n|poke|p2|Delphox, L50, F|\n|poke|p2|Ninetales-Alola, L50, M|\n|poke|p2|Archaludon, L50, M|\n|poke|p2|Espathra, L50, M|\n|teampreview|3\n|\n|t:|1776233750\n|teamsize|p1|3\n|teamsize|p2|3\n|start\n|switch|p1a: Lucario|Lucario, L50, F|100/100\n|switch|p2a: Ninetales|Ninetales-Alola, L50, M|100/100\n|-weather|Snowscape|[from] ability: Snow Warning|[of] p2a: Ninetales\n|turn|1\n|inactive|Battle timer is ON: inactive players will automatically lose when time's up. (requested by michinsaram)\n|\n|t:|1776233780\n|switch|p2a: Archaludon|Archaludon, L50, M|100/100\n|detailschange|p1a: Lucario|Lucario-Mega, L50, F\n|-mega|p1a: Lucario|Lucario|Lucarionite\n|move|p1a: Lucario|Bullet Punch|p2a: Archaludon\n|-resisted|p2a: Archaludon|1\n|-damage|p2a: Archaludon|90/100\n|-ability|p2a: Archaludon|Stamina|boost\n|-boost|p2a: Archaludon|def|1\n|\n|-weather|Snowscape|[upkeep]\n|-heal|p2a: Archaludon|96/100|[from] item: Leftovers\n|upkeep\n|turn|2\n|\n|t:|1776233801\n|move|p1a: Lucario|Swords Dance|p1a: Lucario\n|-boost|p1a: Lucario|atk|2\n|move|p2a: Archaludon|Aura Sphere|p1a: Lucario\n|-supereffective|p1a: Lucario|1\n|-damage|p1a: Lucario|11/100\n|\n|-weather|Snowscape|[upkeep]\n|-heal|p2a: Archaludon|100/100|[from] item: Leftovers\n|upkeep\n|turn|3\n|\n|t:|1776233814\n|move|p1a: Lucario|Close Combat|p2a: Archaludon\n|-supereffective|p2a: Archaludon|1\n|-damage|p2a: Archaludon|0 fnt\n|-unboost|p1a: Lucario|def|1\n|-unboost|p1a: Lucario|spd|1\n|faint|p2a: Archaludon\n|\n|-weather|Snowscape|[upkeep]\n|upkeep\n|\n|t:|1776233826\n|switch|p2a: Meganium|Meganium, L50, M|100/100\n|turn|4\n|\n|t:|1776233835\n|detailschange|p2a: Meganium|Meganium-Mega, L50, M\n|-mega|p2a: Meganium|Meganium|Meganiumite\n|move|p1a: Lucario|Bullet Punch|p2a: Meganium\n|-supereffective|p2a: Meganium|1\n|-damage|p2a: Meganium|0 fnt\n|faint|p2a: Meganium\n|\n|-weather|Snowscape|[upkeep]\n|upkeep\n|\n|t:|1776233847\n|switch|p2a: Ninetales|Ninetales-Alola, L50, M|100/100\n|turn|5\n|\n|t:|1776233850\n|move|p1a: Lucario|Bullet Punch|p2a: Ninetales\n|-supereffective|p2a: Ninetales|2\n|-damage|p2a: Ninetales|0 fnt\n|faint|p2a: Ninetales\n|\n|win|michinsaram\n|raw|michinsaram's rating: 1370 &rarr; <strong>1387</strong><br />(+17 for winning)\n|raw|tklll's rating: 1311 &rarr; <strong>1294</strong><br />(-17 for losing)\n|l|\u2606michinsaram\n|player|p1|\n|l|\u2606tklll\n|player|p2|\n",
  "uploadtime": 1776233914,
  "views": 14,
  "formatid": "gen9championsbssregma",
  "rating": 1294,
  "private": 0,
  "password": null
}