{
  "id": "gen9championsbssregma-2586156959",
  "format": "[Gen 9 Champions] BSS Reg M-A",
  "players": [
    "isaacmora22",
    "64 squares"
  ],
  "log": "|j|\u2606isaacmora22\n|j|\u260664 squares\n|t:|1776406240\n|gametype|singles\n|player|p1|isaacmora22|hilbert|1045\n|player|p2|64 squares|#smpl2022wailordoftherings|1123\n|gen|9\n|tier|[Gen 9 Champions] BSS Reg M-A\n|rated|\n|rule|Species Clause: Limit one of each Pok\u00e9mon\n|rule|Item Clause: Limit 1 of each item\n|clearpoke\n|poke|p1|Flareon, L50, M|\n|poke|p1|Dragonite, L50, M|\n|poke|p1|Luxray, L50, M|\n|poke|p1|Clawitzer, L50, M|\n|poke|p1|Sableye, L50, M|\n|poke|p1|Archaludon, L50, F|\n|poke|p2|Scizor, L50, M|\n|poke|p2|Charizard, L50, M|\n|poke|p2|Meowscarada, L50, F|\n|poke|p2|Aegislash, L50, M|\n|poke|p2|Primarina, L50, F|\n|poke|p2|Garchomp, L50, F|\n|teampreview|3\n|\n|t:|1776406272\n|teamsize|p1|3\n|teamsize|p2|3\n|start\n|switch|p1a: Rex|Luxray, L50, M|100/100\n|switch|p2a: Garchomp|Garchomp, L50, F|100/100\n|-ability|p1a: Rex|Intimidate|boost\n|-unboost|p2a: Garchomp|atk|1\n|turn|1\n|\n|t:|1776406280\n|switch|p1a: Migo|Dragonite, L50, M|100/100\n|move|p2a: Garchomp|Stealth Rock|p1a: Migo\n|-sidestart|p1: isaacmora22|move: Stealth Rock\n|\n|upkeep\n|turn|2\n|\n|t:|1776406291\n|detailschange|p1a: Migo|Dragonite-Mega, L50, M\n|-mega|p1a: Migo|Dragonite|Dragoninite\n|move|p2a: Garchomp|Rock Tomb|p1a: Migo\n|-supereffective|p1a: Migo|1\n|-damage|p1a: Migo|88/100\n|-unboost|p1a: Migo|spe|1\n|move|p1a: Migo|Ice Beam|p2a: Garchomp\n|-supereffective|p2a: Garchomp|2\n|-enditem|p2a: Garchomp|Focus Sash\n|-damage|p2a: Garchomp|1/100\n|\n|upkeep\n|turn|3\n|\n|t:|1776406302\n|move|p2a: Garchomp|Outrage|p1a: Migo\n|-supereffective|p1a: Migo|1\n|-damage|p1a: Migo|17/100\n|move|p1a: Migo|Ice Beam|p2a: Garchomp\n|-supereffective|p2a: Garchomp|2\n|-damage|p2a: Garchomp|0 fnt\n|faint|p2a: Garchomp\n|\n|upkeep\n|\n|t:|1776406320\n|switch|p2a: Primarina|Primarina, L50, F|100/100\n|turn|4\n|\n|t:|1776406324\n|move|p1a: Migo|Ice Beam|p2a: Primarina\n|-resisted|p2a: Primarina|1\n|-damage|p2a: Primarina|88/100\n|move|p2a: Primarina|Moonblast|p1a: Migo\n|-supereffective|p1a: Migo|1\n|-damage|p1a: Migo|0 fnt\n|faint|p1a: Migo\n|\n|upkeep\n|\n|t:|1776406333\n|switch|p1a: Rex|Luxray, L50, M|100/100\n|-damage|p1a: Rex|89/100|[from] Stealth Rock\n|-ability|p1a: Rex|Intimidate|boost\n|-unboost|p2a: Primarina|atk|1\n|turn|5\n|\n|t:|1776406339\n|move|p1a: Rex|Wild Charge|p2a: Primarina\n|-supereffective|p2a: Primarina|1\n|-damage|p2a: Primarina|0 fnt\n|faint|p2a: Primarina\n|-damage|p1a: Rex|64/100|[from] Recoil\n|\n|upkeep\n|\n|t:|1776406343\n|switch|p2a: Charizard|Charizard, L50, M|100/100\n|turn|6\n|-activate|p1a: Rex|item: Quick Claw\n|\n|t:|1776406348\n|detailschange|p2a: Charizard|Charizard-Mega-Y, L50, M\n|-mega|p2a: Charizard|Charizard|Charizardite Y\n|-weather|SunnyDay|[from] ability: Drought|[of] p2a: Charizard\n|move|p1a: Rex|Wild Charge|p2a: Charizard\n|-supereffective|p2a: Charizard|1\n|-damage|p2a: Charizard|0 fnt\n|faint|p2a: Charizard\n|-damage|p1a: Rex|36/100|[from] Recoil\n|\n|win|isaacmora22\n|raw|isaacmora22's rating: 1045 &rarr; <strong>1086</strong><br />(+41 for winning)\n|raw|64 squares's rating: 1123 &rarr; <strong>1092</strong><br />(-31 for losing)\n|l|\u260664 squares\n|player|p2|\n",
  "uploadtime": 1776406359,
  "views": 6,
  "formatid": "gen9championsbssregma",
  "rating": 1086,
  "private": 0,
  "password": null
}