{
  "id": "gen9championsbssregma-2583169384",
  "format": "[Gen 9 Champions] BSS Reg M-A",
  "players": [
    "alt18",
    "Mr.Ohkido"
  ],
  "log": "|j|\u2606alt18\n|j|\u203dMr.Ohkido\n|t:|1776150453\n|gametype|singles\n|player|p1|alt18|169|1238\n|player|p2|Mr.Ohkido|2|1291\n|gen|9\n|tier|[Gen 9 Champions] BSS Reg M-A\n|rated|\n|rule|Species Clause: Limit one of each Pok\u00e9mon\n|rule|Item Clause: Limit 1 of each item\n|clearpoke\n|poke|p1|Froslass, L50, F|\n|poke|p1|Glimmora, L50, M|\n|poke|p1|Garganacl, L50, M|\n|poke|p1|Blastoise, L50, F|\n|poke|p1|Meowscarada, L50, F|\n|poke|p1|Skarmory, L50, M|\n|poke|p2|Corviknight, L50, F|\n|poke|p2|Bellibolt, L50, M|\n|poke|p2|Garchomp, L50, M|\n|poke|p2|Slowbro, L50, M|\n|poke|p2|Gengar, L50, F|\n|poke|p2|Meowscarada, L50, M|\n|teampreview|3\n|j| p74\n|\n|t:|1776150498\n|teamsize|p1|3\n|teamsize|p2|3\n|start\n|switch|p1a: Glimmora|Glimmora, L50, M|100/100\n|switch|p2a: Bellibolt|Bellibolt, L50, M|100/100\n|turn|1\n|\n|t:|1776150505\n|move|p1a: Glimmora|Stealth Rock|p2a: Bellibolt\n|-sidestart|p2: Mr.Ohkido|move: Stealth Rock\n|move|p2a: Bellibolt|Parabolic Charge|p1a: Glimmora\n|-damage|p1a: Glimmora|65/100\n|\n|upkeep\n|turn|2\n|\n|t:|1776150511\n|move|p1a: Glimmora|Sludge Bomb|p2a: Bellibolt\n|-damage|p2a: Bellibolt|67/100\n|-start|p2a: Bellibolt|Charge|Sludge Bomb|[from] ability: Electromorphosis\n|move|p2a: Bellibolt|Parabolic Charge|p1a: Glimmora\n|-damage|p1a: Glimmora|0 fnt\n|-heal|p2a: Bellibolt|91/100|[from] drain|[of] p1a: Glimmora\n|faint|p1a: Glimmora\n|-end|p2a: Bellibolt|Charge|[silent]\n|\n|upkeep\n|\n|t:|1776150518\n|switch|p1a: Meowscarada|Meowscarada, L50, F|100/100\n|turn|3\n|\n|t:|1776150540\n|move|p1a: Meowscarada|Flower Trick|p2a: Bellibolt\n|-start|p1a: Meowscarada|typechange|Grass|[from] ability: Protean\n|-crit|p2a: Bellibolt\n|-damage|p2a: Bellibolt|47/100\n|-start|p2a: Bellibolt|Charge|Flower Trick|[from] ability: Electromorphosis\n|move|p2a: Bellibolt|Volt Switch|p1a: Meowscarada\n|-resisted|p1a: Meowscarada|1\n|-crit|p1a: Meowscarada\n|-damage|p1a: Meowscarada|33/100\n|-end|p2a: Bellibolt|Charge|[silent]\n|\n|t:|1776150553\n|switch|p2a: Garchomp|Garchomp, L50, M|100/100|[from] Volt Switch\n|-damage|p2a: Garchomp|94/100|[from] Stealth Rock\n|\n|upkeep\n|turn|4\n|\n|t:|1776150562\n|move|p1a: Meowscarada|Flower Trick|p2a: Garchomp\n|-crit|p2a: Garchomp\n|-damage|p2a: Garchomp|42/100\n|move|p2a: Garchomp|Outrage|p1a: Meowscarada\n|-crit|p1a: Meowscarada\n|-damage|p1a: Meowscarada|0 fnt\n|faint|p1a: Meowscarada\n|\n|upkeep\n|\n|t:|1776150567\n|switch|p1a: Blastoise|Blastoise, L50, F|100/100\n|turn|5\n|\n|t:|1776150574\n|detailschange|p1a: Blastoise|Blastoise-Mega, L50, F\n|-mega|p1a: Blastoise|Blastoise|Blastoisinite\n|move|p2a: Garchomp|Outrage|p1a: Blastoise|[from] lockedmove\n|-damage|p1a: Blastoise|36/100\n|move|p1a: Blastoise|Shell Smash|p1a: Blastoise\n|-unboost|p1a: Blastoise|def|1\n|-unboost|p1a: Blastoise|spd|1\n|-boost|p1a: Blastoise|atk|2\n|-boost|p1a: Blastoise|spa|2\n|-boost|p1a: Blastoise|spe|2\n|\n|upkeep\n|turn|6\n|\n|t:|1776150585\n|move|p1a: Blastoise|Water Pulse|p2a: Garchomp\n|-damage|p2a: Garchomp|0 fnt\n|faint|p2a: Garchomp\n|\n|upkeep\n|\n|t:|1776150592\n|switch|p2a: Gengar|Gengar, L50, F|100/100\n|-damage|p2a: Gengar|89/100|[from] Stealth Rock\n|turn|7\n|\n|t:|1776150603\n|detailschange|p2a: Gengar|Gengar-Mega, L50, F\n|-mega|p2a: Gengar|Gengar|Gengarite\n|move|p1a: Blastoise|Dark Pulse|p2a: Gengar\n|-supereffective|p2a: Gengar|1\n|-damage|p2a: Gengar|0 fnt\n|faint|p2a: Gengar\n|\n|upkeep\n|\n|t:|1776150616\n|switch|p2a: Bellibolt|Bellibolt, L50, M|47/100\n|-damage|p2a: Bellibolt|35/100|[from] Stealth Rock\n|turn|8\n|\n|t:|1776150621\n|move|p1a: Blastoise|Water Pulse|p2a: Bellibolt\n|-crit|p2a: Bellibolt\n|-damage|p2a: Bellibolt|0 fnt\n|faint|p2a: Bellibolt\n|\n|win|alt18\n|raw|alt18's rating: 1238 &rarr; <strong>1267</strong><br />(+29 for winning)\n|raw|Mr.Ohkido's rating: 1291 &rarr; <strong>1262</strong><br />(-29 for losing)\n|l|\u2606alt18\n|player|p1|\n|l|\u203dMr.Ohkido\n|player|p2|\n",
  "uploadtime": 1776150633,
  "views": 42,
  "formatid": "gen9championsbssregma",
  "rating": 1262,
  "private": 0,
  "password": null
}