{
  "id": "gen9championsbssregma-2583810224",
  "format": "[Gen 9 Champions] BSS Reg M-A",
  "players": [
    "12opopo1212",
    "I came to Boon"
  ],
  "log": "|j|\u260612opopo1212\n|j|\u2606I came to Boon\n|t:|1776199402\n|gametype|singles\n|player|p1|12opopo1212|170|1082\n|player|p2|I came to Boon|169|1049\n|gen|9\n|tier|[Gen 9 Champions] BSS Reg M-A\n|rated|\n|rule|Species Clause: Limit one of each Pok\u00e9mon\n|rule|Item Clause: Limit 1 of each item\n|clearpoke\n|poke|p1|Charizard, L50, F|\n|poke|p1|Azumarill, L50, F|\n|poke|p1|Raichu, L50, M|\n|poke|p2|Chesnaught, L50, M|\n|poke|p2|Clefable, L50, M|\n|poke|p2|Hawlucha, L50, F|\n|poke|p2|Ditto, L50|\n|poke|p2|Scovillain, L50, F|\n|poke|p2|Slurpuff, L50, F|\n|teampreview|3\n|inactive|Battle timer is ON: inactive players will automatically lose when time's up. (requested by 12opopo1212)\n|inactive|12opopo1212 has 60 seconds left.\n|\n|t:|1776199468\n|teamsize|p1|3\n|teamsize|p2|3\n|start\n|switch|p1a: Raichu|Raichu, L50, M|100/100\n|switch|p2a: Slurpuff|Slurpuff, L50, F|100/100\n|turn|1\n|\n|t:|1776199479\n|switch|p2a: Clefable|Clefable, L50, M|100/100\n|move|p1a: Raichu|Knock Off|p2a: Clefable\n|-resisted|p2a: Clefable|1\n|-damage|p2a: Clefable|89/100\n|-enditem|p2a: Clefable|Leftovers|[from] move: Knock Off|[of] p1a: Raichu\n|\n|upkeep\n|turn|2\n|\n|t:|1776199489\n|move|p1a: Raichu|Nuzzle|p2a: Clefable\n|-damage|p2a: Clefable|80/100\n|-status|p2a: Clefable|par\n|move|p2a: Clefable|Cosmic Power|p2a: Clefable\n|-boost|p2a: Clefable|def|1\n|-boost|p2a: Clefable|spd|1\n|\n|upkeep\n|turn|3\n|\n|t:|1776199508\n|move|p1a: Raichu|Volt Tackle|p2a: Clefable\n|-damage|p2a: Clefable|47/100 par\n|-damage|p1a: Raichu|87/100|[from] Recoil\n|move|p2a: Clefable|Cosmic Power|p2a: Clefable\n|-boost|p2a: Clefable|def|1\n|-boost|p2a: Clefable|spd|1\n|\n|upkeep\n|turn|4\n|\n|t:|1776199519\n|switch|p1a: Charizard|Charizard, L50, F, shiny|100/100\n|move|p2a: Clefable|Baton Pass|p2a: Clefable\n|\n|t:|1776199524\n|switch|p2a: Scovillain|Scovillain, L50, F|100/100|[from] Baton Pass\n|\n|-ability|p2a: Scovillain|Moody|boost\n|-boost|p2a: Scovillain|atk|2\n|-unboost|p2a: Scovillain|spd|1\n|upkeep\n|turn|5\n|\n|t:|1776199536\n|switch|p1a: Azumarill|Azumarill, L50, F, shiny|100/100\n|move|p2a: Scovillain|Protect||[still]\n|-fail|p2a: Scovillain\n|\n|-ability|p2a: Scovillain|Moody|boost\n|-boost|p2a: Scovillain|spd|2\n|-unboost|p2a: Scovillain|spe|1\n|upkeep\n|turn|6\n|\n|t:|1776199547\n|move|p2a: Scovillain|Substitute|p2a: Scovillain\n|-start|p2a: Scovillain|Substitute\n|-damage|p2a: Scovillain|75/100\n|move|p1a: Azumarill|Alluring Voice|p2a: Scovillain\n|-resisted|p2a: Scovillain|1\n|-damage|p2a: Scovillain|70/100\n|\n|-ability|p2a: Scovillain|Moody|boost\n|-boost|p2a: Scovillain|atk|2\n|-unboost|p2a: Scovillain|spd|1\n|upkeep\n|turn|7\n|\n|t:|1776199555\n|move|p2a: Scovillain|Protect|p2a: Scovillain\n|-singleturn|p2a: Scovillain|Protect\n|move|p1a: Azumarill|Aqua Jet|p2a: Scovillain\n|-activate|p2a: Scovillain|move: Protect\n|\n|-ability|p2a: Scovillain|Moody|boost\n|-boost|p2a: Scovillain|spd|2\n|-unboost|p2a: Scovillain|atk|1\n|upkeep\n|turn|8\n|\n|t:|1776199568\n|move|p1a: Azumarill|Aqua Jet|p2a: Scovillain\n|-activate|p2a: Scovillain|move: Substitute|[damage]\n|move|p2a: Scovillain|Flamethrower|p1a: Azumarill\n|-resisted|p1a: Azumarill|1\n|-damage|p1a: Azumarill|82/100\n|\n|-heal|p1a: Azumarill|87/100|[from] item: Leftovers\n|-ability|p2a: Scovillain|Moody|boost\n|-boost|p2a: Scovillain|def|2\n|-unboost|p2a: Scovillain|spe|1\n|upkeep\n|turn|9\n|inactive|12opopo1212 has 30 seconds left.\n|\n|t:|1776199595\n|move|p1a: Azumarill|Draining Kiss|p2a: Scovillain\n|-resisted|p2a: Scovillain|1\n|-activate|p2a: Scovillain|move: Substitute|[damage]\n|-heal|p1a: Azumarill|89/100|[from] drain|[of] p2a: Scovillain\n|move|p2a: Scovillain|Flamethrower|p1a: Azumarill\n|-resisted|p1a: Azumarill|1\n|-damage|p1a: Azumarill|71/100\n|\n|-heal|p1a: Azumarill|76/100|[from] item: Leftovers\n|-ability|p2a: Scovillain|Moody|boost\n|-boost|p2a: Scovillain|spe|2\n|-unboost|p2a: Scovillain|def|1\n|upkeep\n|turn|10\n|\n|t:|1776199608\n|move|p2a: Scovillain|Giga Drain|p1a: Azumarill\n|-ability|p1a: Azumarill|Sap Sipper|boost\n|-boost|p1a: Azumarill|atk|1\n|move|p1a: Azumarill|Alluring Voice|p2a: Scovillain\n|-resisted|p2a: Scovillain|1\n|-damage|p2a: Scovillain|66/100\n|\n|-heal|p1a: Azumarill|82/100|[from] item: Leftovers\n|-ability|p2a: Scovillain|Moody|boost\n|-boost|p2a: Scovillain|spa|2\n|-unboost|p2a: Scovillain|spe|1\n|upkeep\n|turn|11\n|\n|t:|1776199618\n|move|p2a: Scovillain|Flamethrower|p1a: Azumarill\n|-resisted|p1a: Azumarill|1\n|-damage|p1a: Azumarill|44/100\n|-status|p1a: Azumarill|brn\n|move|p1a: Azumarill|Alluring Voice|p2a: Scovillain\n|-resisted|p2a: Scovillain|1\n|-damage|p2a: Scovillain|62/100\n|\n|-heal|p1a: Azumarill|50/100 brn|[from] item: Leftovers\n|-damage|p1a: Azumarill|44/100 brn|[from] brn\n|-ability|p2a: Scovillain|Moody|boost\n|-boost|p2a: Scovillain|atk|2\n|-unboost|p2a: Scovillain|spa|1\n|upkeep\n|turn|12\n|\n|t:|1776199631\n|move|p2a: Scovillain|Protect|p2a: Scovillain\n|-singleturn|p2a: Scovillain|Protect\n|move|p1a: Azumarill|Alluring Voice|p2a: Scovillain\n|-activate|p2a: Scovillain|move: Protect\n|\n|-heal|p1a: Azumarill|50/100 brn|[from] item: Leftovers\n|-damage|p1a: Azumarill|44/100 brn|[from] brn\n|-ability|p2a: Scovillain|Moody|boost\n|-boost|p2a: Scovillain|spe|2\n|-unboost|p2a: Scovillain|spa|1\n|upkeep\n|turn|13\n|\n|t:|1776199643\n|move|p2a: Scovillain|Flamethrower|p1a: Azumarill\n|-resisted|p1a: Azumarill|1\n|-damage|p1a: Azumarill|26/100 brn\n|move|p1a: Azumarill|Alluring Voice|p2a: Scovillain\n|-resisted|p2a: Scovillain|1\n|-damage|p2a: Scovillain|58/100\n|\n|-heal|p1a: Azumarill|31/100 brn|[from] item: Leftovers\n|-damage|p1a: Azumarill|26/100 brn|[from] brn\n|-ability|p2a: Scovillain|Moody|boost\n|-boost|p2a: Scovillain|spa|2\n|-unboost|p2a: Scovillain|spd|1\n|upkeep\n|turn|14\n|\n|t:|1776199655\n|detailschange|p2a: Scovillain|Scovillain-Mega, L50, F\n|-mega|p2a: Scovillain|Scovillain|Scovillainite\n|move|p2a: Scovillain|Flamethrower|p1a: Azumarill\n|-resisted|p1a: Azumarill|1\n|-damage|p1a: Azumarill|0 fnt\n|faint|p1a: Azumarill\n|\n|upkeep\n|\n|t:|1776199662\n|switch|p1a: Charizard|Charizard, L50, F, shiny|100/100\n|turn|15\n|\n|t:|1776199674\n|detailschange|p1a: Charizard|Charizard-Mega-Y, L50, F, shiny\n|-mega|p1a: Charizard|Charizard|Charizardite Y\n|-weather|SunnyDay|[from] ability: Drought|[of] p1a: Charizard\n|move|p1a: Charizard|Dragon Pulse|p2a: Scovillain\n|-end|p2a: Scovillain|Substitute\n|move|p2a: Scovillain|Giga Drain|p1a: Charizard\n|-resisted|p1a: Charizard|2\n|-damage|p1a: Charizard|83/100\n|-heal|p2a: Scovillain|66/100|[from] drain|[of] p1a: Charizard\n|\n|-weather|SunnyDay|[upkeep]\n|upkeep\n|turn|16\n|inactive|12opopo1212 has 30 seconds left.\n|inactive|12opopo1212 has 20 seconds left.\n|inactive|12opopo1212 has 15 seconds left.\n|inactive|12opopo1212 has 10 seconds left.\n|inactive|12opopo1212 has 5 seconds left.\n|\n|t:|1776199729\n|move|p1a: Charizard|Solar Beam||[still]\n|-prepare|p1a: Charizard|Solar Beam\n|-anim|p1a: Charizard|Solar Beam|p2a: Scovillain\n|-resisted|p2a: Scovillain|2\n|-damage|p2a: Scovillain|61/100\n|-immune|p1a: Charizard\n|move|p2a: Scovillain|Flamethrower|p1a: Charizard\n|-resisted|p1a: Charizard|1\n|-damage|p1a: Charizard|15/100\n|\n|-weather|SunnyDay|[upkeep]\n|upkeep\n|turn|17\n|\n|t:|1776199740\n|move|p1a: Charizard|Flamethrower|p2a: Scovillain\n|-damage|p2a: Scovillain|26/100\n|-immune|p1a: Charizard\n|move|p2a: Scovillain|Substitute|p2a: Scovillain\n|-start|p2a: Scovillain|Substitute\n|-damage|p2a: Scovillain|1/100\n|\n|-weather|SunnyDay|[upkeep]\n|upkeep\n|turn|18\n|\n|t:|1776199748\n|move|p1a: Charizard|Flamethrower|p2a: Scovillain\n|-end|p2a: Scovillain|Substitute\n|move|p2a: Scovillain|Giga Drain|p1a: Charizard\n|-resisted|p1a: Charizard|2\n|-damage|p1a: Charizard|0 fnt\n|-heal|p2a: Scovillain|8/100|[from] drain|[of] p1a: Charizard\n|faint|p1a: Charizard\n|\n|-weather|SunnyDay|[upkeep]\n|upkeep\n|\n|t:|1776199757\n|switch|p1a: Raichu|Raichu, L50, M|87/100\n|turn|19\n|\n|t:|1776199765\n|move|p2a: Scovillain|Giga Drain|p1a: Raichu\n|-damage|p1a: Raichu|0 fnt\n|-heal|p2a: Scovillain|50/100|[from] drain|[of] p1a: Raichu\n|faint|p1a: Raichu\n|\n|win|I came to Boon\n|raw|12opopo1212's rating: 1082 &rarr; <strong>1057</strong><br />(-25 for losing)\n|raw|I came to Boon's rating: 1037 &rarr; <strong>1076</strong><br />(+39 for winning)\n|l|\u260612opopo1212\n|player|p1|\n",
  "uploadtime": 1776199770,
  "views": 1,
  "formatid": "gen9championsbssregma",
  "rating": 1057,
  "private": 0,
  "password": null
}