{
  "id": "gen9championsbssregma-2585196723",
  "format": "[Gen 9 Champions] BSS Reg M-A",
  "players": [
    "totg.soka",
    "KevMev"
  ],
  "log": "|j|\u2606totg.soka\n|j|\u2606KevMev\n|t:|1776323763\n|gametype|singles\n|player|p1|totg.soka|collector|1329\n|player|p2|KevMev|170|1378\n|gen|9\n|tier|[Gen 9 Champions] BSS Reg M-A\n|rated|\n|rule|Species Clause: Limit one of each Pok\u00e9mon\n|rule|Item Clause: Limit 1 of each item\n|clearpoke\n|poke|p1|Dragonite, L50, M|\n|poke|p1|Primarina, L50, M|\n|poke|p1|Scizor, L50, M|\n|poke|p1|Garchomp, L50, M|\n|poke|p1|Hatterene, L50, F|\n|poke|p1|Basculegion, L50, M|\n|poke|p2|Sneasler, L50, M|\n|poke|p2|Archaludon, L50, F|\n|poke|p2|Gyarados, L50, F|\n|poke|p2|Meowscarada, L50, F|\n|poke|p2|Scizor, L50, M|\n|poke|p2|Mimikyu, L50, M|\n|teampreview|3\n|\n|t:|1776323777\n|teamsize|p1|3\n|teamsize|p2|3\n|start\n|switch|p1a: Basculegion|Basculegion, L50, M|100/100\n|switch|p2a: Archaludon|Archaludon, L50, F, shiny|100/100\n|turn|1\n|inactive|Battle timer is ON: inactive players will automatically lose when time's up. (requested by totg.soka)\n|\n|t:|1776323796\n|switch|p1a: Garchomp|Garchomp, L50, M|100/100\n|move|p2a: Archaludon|Thunderbolt|p1a: Garchomp\n|-immune|p1a: Garchomp\n|\n|upkeep\n|turn|2\n|\n|t:|1776323802\n|move|p1a: Garchomp|Stealth Rock|p2a: Archaludon\n|-sidestart|p2: KevMev|move: Stealth Rock\n|move|p2a: Archaludon|Draco Meteor|p1a: Garchomp\n|-supereffective|p1a: Garchomp|1\n|-damage|p1a: Garchomp|0 fnt\n|-unboost|p2a: Archaludon|spa|2\n|faint|p1a: Garchomp\n|\n|upkeep\n|\n|t:|1776323806\n|switch|p1a: Scizor|Scizor, L50, M|100/100\n|turn|3\n|\n|t:|1776323812\n|switch|p2a: Gyarados|Gyarados, L50, F, shiny|100/100\n|-damage|p2a: Gyarados|76/100|[from] Stealth Rock\n|-ability|p2a: Gyarados|Intimidate|boost\n|-unboost|p1a: Scizor|atk|1\n|detailschange|p1a: Scizor|Scizor-Mega, L50, M\n|-mega|p1a: Scizor|Scizor|Scizorite\n|move|p1a: Scizor|Swords Dance|p1a: Scizor\n|-boost|p1a: Scizor|atk|2\n|\n|upkeep\n|turn|4\n|inactive|totg.soka has 30 seconds left.\n|\n|t:|1776323841\n|move|p2a: Gyarados|Substitute|p2a: Gyarados\n|-start|p2a: Gyarados|Substitute\n|-damage|p2a: Gyarados|51/100\n|move|p1a: Scizor|Swords Dance|p1a: Scizor\n|-boost|p1a: Scizor|atk|2\n|\n|upkeep\n|turn|5\n|\n|t:|1776323855\n|detailschange|p2a: Gyarados|Gyarados-Mega, L50, F, shiny\n|-mega|p2a: Gyarados|Gyarados|Gyaradosite\n|-ability|p2a: Gyarados|Mold Breaker\n|move|p1a: Scizor|Bullet Punch|p2a: Gyarados\n|-resisted|p2a: Gyarados|1\n|-end|p2a: Gyarados|Substitute\n|move|p2a: Gyarados|Crunch|p1a: Scizor\n|-damage|p1a: Scizor|59/100\n|\n|upkeep\n|turn|6\n|\n|t:|1776323858\n|move|p1a: Scizor|Bullet Punch|p2a: Gyarados\n|-resisted|p2a: Gyarados|1\n|-damage|p2a: Gyarados|3/100\n|move|p2a: Gyarados|Crunch|p1a: Scizor\n|-damage|p1a: Scizor|21/100\n|\n|upkeep\n|turn|7\n|\n|t:|1776323861\n|move|p1a: Scizor|Bullet Punch|p2a: Gyarados\n|-resisted|p2a: Gyarados|1\n|-damage|p2a: Gyarados|0 fnt\n|faint|p2a: Gyarados\n|\n|upkeep\n|\n|t:|1776323866\n|switch|p2a: Archaludon|Archaludon, L50, F, shiny|100/100\n|-damage|p2a: Archaludon|94/100|[from] Stealth Rock\n|turn|8\n|\n|t:|1776323887\n|move|p2a: Archaludon|Thunderbolt|p1a: Scizor\n|-damage|p1a: Scizor|0 fnt\n|faint|p1a: Scizor\n|\n|-heal|p2a: Archaludon|100/100|[from] item: Leftovers\n|upkeep\n|\n|t:|1776323889\n|switch|p1a: Basculegion|Basculegion, L50, M|100/100\n|turn|9\n|\n|t:|1776323894\n|move|p1a: Basculegion|Last Respects|p2a: Archaludon\n|-damage|p2a: Archaludon|17/100\n|move|p2a: Archaludon|Thunderbolt|p1a: Basculegion\n|-supereffective|p1a: Basculegion|1\n|-damage|p1a: Basculegion|26/100\n|-status|p1a: Basculegion|par\n|\n|-heal|p2a: Archaludon|23/100|[from] item: Leftovers\n|upkeep\n|turn|10\n|\n|t:|1776323902\n|move|p2a: Archaludon|Thunderbolt|p1a: Basculegion\n|-supereffective|p1a: Basculegion|1\n|-damage|p1a: Basculegion|0 fnt\n|faint|p1a: Basculegion\n|\n|win|KevMev\n|raw|totg.soka's rating: 1329 &rarr; <strong>1312</strong><br />(-17 for losing)\n|raw|KevMev's rating: 1378 &rarr; <strong>1395</strong><br />(+17 for winning)\n|l|\u2606totg.soka\n|player|p1|\n|l|\u2606KevMev\n|player|p2|\n",
  "uploadtime": 1776323989,
  "views": 5,
  "formatid": "gen9championsbssregma",
  "rating": 1312,
  "private": 0,
  "password": null
}