{
  "id": "gen9championsbssregma-2582493008",
  "format": "[Gen 9 Champions] BSS Reg M-A",
  "players": [
    "chrismjkim2",
    "deepseazapdos"
  ],
  "log": "|j|\u2606chrismjkim2\n|j|\u2606deepseazapdos\n|t:|1776095196\n|gametype|singles\n|player|p1|chrismjkim2|skyla|1159\n|player|p2|deepseazapdos|nate|1118\n|gen|9\n|tier|[Gen 9 Champions] BSS Reg M-A\n|rated|\n|rule|Species Clause: Limit one of each Pok\u00e9mon\n|rule|Item Clause: Limit 1 of each item\n|clearpoke\n|poke|p1|Hippowdon, L50, F|\n|poke|p1|Rotom-Wash, L50|\n|poke|p1|Mimikyu, L50, M|\n|poke|p1|Charizard, L50, M|\n|poke|p1|Glimmora, L50, F|\n|poke|p1|Corviknight, L50, M|\n|poke|p2|Meowscarada, L50, M|\n|poke|p2|Gengar, L50, M|\n|poke|p2|Ditto, L50|\n|poke|p2|Gyarados, L50, M|\n|poke|p2|Primarina, L50, F|\n|poke|p2|Bellibolt, L50, F|\n|teampreview|3\n|inactive|Battle timer is ON: inactive players will automatically lose when time's up. (requested by chrismjkim2)\n|inactive|deepseazapdos has 60 seconds left.\n|inactive|deepseazapdos has 30 seconds left.\n|inactive|deepseazapdos has 20 seconds left.\n|inactive|deepseazapdos has 15 seconds left.\n|inactive|deepseazapdos has 10 seconds left.\n|\n|t:|1776095279\n|teamsize|p1|3\n|teamsize|p2|3\n|start\n|switch|p1a: Rotom|Rotom-Wash, L50|100/100\n|switch|p2a: Bellibolt|Bellibolt, L50, F|100/100\n|turn|1\n|\n|t:|1776095288\n|move|p1a: Rotom|Hydro Pump|p2a: Bellibolt\n|-damage|p2a: Bellibolt|61/100\n|-start|p2a: Bellibolt|Charge|Hydro Pump|[from] ability: Electromorphosis\n|move|p2a: Bellibolt|Toxic|p1a: Rotom\n|-status|p1a: Rotom|tox\n|\n|-heal|p2a: Bellibolt|67/100|[from] item: Leftovers\n|-damage|p1a: Rotom|95/100 tox|[from] psn\n|upkeep\n|turn|2\n|\n|t:|1776095300\n|move|p1a: Rotom|Hydro Pump|p2a: Bellibolt\n|-damage|p2a: Bellibolt|31/100\n|-start|p2a: Bellibolt|Charge|Hydro Pump|[from] ability: Electromorphosis\n|move|p2a: Bellibolt|Parabolic Charge|p1a: Rotom\n|-damage|p1a: Rotom|38/100 tox\n|-heal|p2a: Bellibolt|47/100|[from] drain|[of] p1a: Rotom\n|-end|p2a: Bellibolt|Charge|[silent]\n|\n|-heal|p2a: Bellibolt|53/100|[from] item: Leftovers\n|-damage|p1a: Rotom|27/100 tox|[from] psn\n|upkeep\n|turn|3\n|\n|t:|1776095314\n|switch|p1a: Mimikyu|Mimikyu, L50, M|100/100\n|move|p2a: Bellibolt|Slack Off|p2a: Bellibolt\n|-heal|p2a: Bellibolt|100/100\n|\n|upkeep\n|turn|4\n|\n|t:|1776095323\n|move|p1a: Mimikyu|Swords Dance|p1a: Mimikyu\n|-boost|p1a: Mimikyu|atk|2\n|move|p2a: Bellibolt|Volt Switch|p1a: Mimikyu\n|-activate|p1a: Mimikyu|ability: Disguise\n|-damage|p1a: Mimikyu|100/100\n|detailschange|p1a: Mimikyu|Mimikyu-Busted, L50, M\n|-damage|p1a: Mimikyu|88/100|[from] pokemon: Mimikyu-Busted\n|\n|t:|1776095329\n|switch|p2a: Gyarados|Gyarados, L50, M|100/100|[from] Volt Switch\n|-ability|p2a: Gyarados|Intimidate|boost\n|-unboost|p1a: Mimikyu|atk|1\n|\n|upkeep\n|turn|5\n|\n|t:|1776095350\n|move|p2a: Gyarados|Dragon Dance|p2a: Gyarados\n|-boost|p2a: Gyarados|atk|1\n|-boost|p2a: Gyarados|spe|1\n|move|p1a: Mimikyu|Drain Punch|p2a: Gyarados\n|-resisted|p2a: Gyarados|1\n|-damage|p2a: Gyarados|78/100\n|-heal|p1a: Mimikyu|100/100|[from] drain|[of] p2a: Gyarados\n|\n|upkeep\n|turn|6\n|\n|t:|1776095362\n|detailschange|p2a: Gyarados|Gyarados-Mega, L50, M\n|-mega|p2a: Gyarados|Gyarados|Gyaradosite\n|-ability|p2a: Gyarados|Mold Breaker\n|move|p2a: Gyarados|Waterfall|p1a: Mimikyu\n|-damage|p1a: Mimikyu|17/100\n|move|p1a: Mimikyu|Drain Punch|p2a: Gyarados\n|-supereffective|p2a: Gyarados|1\n|-damage|p2a: Gyarados|9/100\n|-heal|p1a: Mimikyu|63/100|[from] drain|[of] p2a: Gyarados\n|\n|upkeep\n|turn|7\n|\n|t:|1776095374\n|switch|p2a: Bellibolt|Bellibolt, L50, F|100/100\n|move|p1a: Mimikyu|Shadow Sneak|p2a: Bellibolt\n|-damage|p2a: Bellibolt|72/100\n|-start|p2a: Bellibolt|Charge|Shadow Sneak|[from] ability: Electromorphosis\n|\n|-heal|p2a: Bellibolt|78/100|[from] item: Leftovers\n|upkeep\n|turn|8\n|\n|t:|1776095382\n|move|p1a: Mimikyu|Drain Punch|p2a: Bellibolt\n|-damage|p2a: Bellibolt|49/100\n|-heal|p1a: Mimikyu|87/100|[from] drain|[of] p2a: Bellibolt\n|-start|p2a: Bellibolt|Charge|Drain Punch|[from] ability: Electromorphosis\n|move|p2a: Bellibolt|Parabolic Charge|p1a: Mimikyu\n|-damage|p1a: Mimikyu|27/100\n|-heal|p2a: Bellibolt|67/100|[from] drain|[of] p1a: Mimikyu\n|-end|p2a: Bellibolt|Charge|[silent]\n|\n|-heal|p2a: Bellibolt|73/100|[from] item: Leftovers\n|upkeep\n|turn|9\n|\n|t:|1776095401\n|move|p1a: Mimikyu|Shadow Claw|p2a: Bellibolt\n|-damage|p2a: Bellibolt|23/100\n|-start|p2a: Bellibolt|Charge|Shadow Claw|[from] ability: Electromorphosis\n|move|p2a: Bellibolt|Volt Switch|p1a: Mimikyu\n|-damage|p1a: Mimikyu|0 fnt\n|faint|p1a: Mimikyu\n|-end|p2a: Bellibolt|Charge|[silent]\n|\n|t:|1776095405\n|switch|p2a: Gyarados|Gyarados-Mega, L50, M|9/100|[from] Volt Switch\n|-ability|p2a: Gyarados|Mold Breaker\n|\n|upkeep\n|\n|t:|1776095414\n|switch|p1a: Charizard|Charizard, L50, M|100/100\n|turn|10\n|\n|t:|1776095429\n|detailschange|p1a: Charizard|Charizard-Mega-X, L50, M\n|-mega|p1a: Charizard|Charizard|Charizardite X\n|move|p2a: Gyarados|Waterfall|p1a: Charizard\n|-damage|p1a: Charizard|52/100\n|move|p1a: Charizard|Dragon Claw|p2a: Gyarados\n|-damage|p2a: Gyarados|0 fnt\n|faint|p2a: Gyarados\n|\n|upkeep\n|\n|t:|1776095439\n|switch|p2a: Primarina|Primarina, L50, F|100/100\n|turn|11\n|\n|t:|1776095448\n|move|p1a: Charizard|Roost|p1a: Charizard\n|-heal|p1a: Charizard|100/100\n|-singleturn|p1a: Charizard|move: Roost\n|move|p2a: Primarina|Sparkling Aria|p1a: Charizard\n|-damage|p1a: Charizard|51/100\n|\n|upkeep\n|turn|12\n|\n|t:|1776095462\n|move|p1a: Charizard|Dragon Dance|p1a: Charizard\n|-boost|p1a: Charizard|atk|1\n|-boost|p1a: Charizard|spe|1\n|move|p2a: Primarina|Sparkling Aria|p1a: Charizard\n|-damage|p1a: Charizard|1/100\n|\n|upkeep\n|turn|13\n|\n|t:|1776095474\n|move|p2a: Primarina|Aqua Jet|p1a: Charizard\n|-damage|p1a: Charizard|0 fnt\n|faint|p1a: Charizard\n|\n|upkeep\n|\n|t:|1776095478\n|switch|p1a: Rotom|Rotom-Wash, L50|27/100 tox\n|turn|14\n|\n|t:|1776095481\n|move|p1a: Rotom|Thunderbolt|p2a: Primarina\n|-supereffective|p2a: Primarina|1\n|-damage|p2a: Primarina|23/100\n|-status|p2a: Primarina|par\n|-enditem|p2a: Primarina|Sitrus Berry|[eat]\n|-heal|p2a: Primarina|48/100 par|[from] item: Sitrus Berry\n|move|p2a: Primarina|Moonblast|p1a: Rotom\n|-damage|p1a: Rotom|0 fnt\n|faint|p1a: Rotom\n|\n|win|deepseazapdos\n|raw|chrismjkim2's rating: 1159 &rarr; <strong>1131</strong><br />(-28 for losing)\n|raw|deepseazapdos's rating: 1118 &rarr; <strong>1146</strong><br />(+28 for winning)\n|l|\u2606chrismjkim2\n|player|p1|\n",
  "uploadtime": 1776095483,
  "views": 16,
  "formatid": "gen9championsbssregma",
  "rating": 1131,
  "private": 0,
  "password": null
}