{
  "id": "gen9championsbssregma-2587977100",
  "format": "[Gen 9 Champions] BSS Reg M-A",
  "players": [
    "nrgkrg",
    "toriware"
  ],
  "log": "|j|\u2606nrgkrg\n|j|\u2606toriware\n|t:|1776587636\n|gametype|singles\n|player|p1|nrgkrg|169|1358\n|player|p2|toriware|swimmerf|1287\n|gen|9\n|tier|[Gen 9 Champions] BSS Reg M-A\n|rated|\n|rule|Species Clause: Limit one of each Pok\u00e9mon\n|rule|Item Clause: Limit 1 of each item\n|clearpoke\n|poke|p1|Gengar, L50, M|\n|poke|p1|Lopunny, L50, M|\n|poke|p1|Hippowdon, L50, F|\n|poke|p1|Hydreigon, L50, M|\n|poke|p1|Primarina, L50, M|\n|poke|p1|Aegislash, L50, M|\n|poke|p2|Azumarill, L50, M|\n|poke|p2|Garchomp, L50, F|\n|poke|p2|Gengar, L50, F|\n|poke|p2|Dragonite, L50, M|\n|poke|p2|Floette-Eternal, L50, F|\n|poke|p2|Espathra, L50, F|\n|teampreview|3\n|inactive|Battle timer is ON: inactive players will automatically lose when time's up. (requested by toriware)\n|inactive|nrgkrg has 60 seconds left.\n|inactive|toriware has 60 seconds left.\n|\n|t:|1776587686\n|teamsize|p1|3\n|teamsize|p2|3\n|start\n|switch|p1a: Hippowdon|Hippowdon, L50, F|100/100\n|switch|p2a: Espathra|Espathra, L50, F|100/100\n|-weather|Sandstorm|[from] ability: Sand Stream|[of] p1a: Hippowdon\n|turn|1\n|inactive|toriware has 30 seconds left.\n|inactive|toriware has 20 seconds left.\n|\n|t:|1776587722\n|move|p2a: Espathra|Protect|p2a: Espathra\n|-singleturn|p2a: Espathra|Protect\n|move|p1a: Hippowdon|Stealth Rock|p2a: Espathra\n|-sidestart|p2: toriware|move: Stealth Rock\n|\n|-weather|Sandstorm|[upkeep]\n|-damage|p2a: Espathra|95/100|[from] Sandstorm\n|-ability|p2a: Espathra|Speed Boost|boost\n|-boost|p2a: Espathra|spe|1\n|upkeep\n|turn|2\n|\n|t:|1776587731\n|move|p2a: Espathra|Calm Mind|p2a: Espathra\n|-boost|p2a: Espathra|spa|1\n|-boost|p2a: Espathra|spd|1\n|move|p1a: Hippowdon|Earthquake|p2a: Espathra\n|-damage|p2a: Espathra|41/100\n|\n|-weather|Sandstorm|[upkeep]\n|-damage|p2a: Espathra|35/100|[from] Sandstorm\n|-ability|p2a: Espathra|Speed Boost|boost\n|-boost|p2a: Espathra|spe|1\n|upkeep\n|turn|3\n|\n|t:|1776587741\n|move|p2a: Espathra|Baton Pass|p2a: Espathra\n|\n|t:|1776587743\n|switch|p2a: Floette|Floette-Eternal, L50, F|100/100|[from] Baton Pass\n|-damage|p2a: Floette|88/100|[from] Stealth Rock\n|move|p1a: Hippowdon|Whirlwind|p2a: Floette\n|drag|p2a: Garchomp|Garchomp, L50, F|100/100\n|-damage|p2a: Garchomp|94/100|[from] Stealth Rock\n|\n|-weather|Sandstorm|[upkeep]\n|-heal|p2a: Garchomp|100/100|[from] item: Leftovers\n|upkeep\n|turn|4\n|\n|t:|1776587765\n|move|p2a: Garchomp|Earthquake|p1a: Hippowdon\n|-damage|p1a: Hippowdon|67/100\n|move|p1a: Hippowdon|Earthquake|p2a: Garchomp\n|-damage|p2a: Garchomp|61/100\n|\n|-weather|Sandstorm|[upkeep]\n|-heal|p2a: Garchomp|67/100|[from] item: Leftovers\n|upkeep\n|turn|5\n|\n|t:|1776587775\n|move|p2a: Garchomp|Earthquake|p1a: Hippowdon\n|-damage|p1a: Hippowdon|33/100\n|-enditem|p1a: Hippowdon|Sitrus Berry|[eat]\n|-heal|p1a: Hippowdon|58/100|[from] item: Sitrus Berry\n|move|p1a: Hippowdon|Earthquake|p2a: Garchomp\n|-damage|p2a: Garchomp|31/100\n|\n|-weather|none\n|-heal|p2a: Garchomp|37/100|[from] item: Leftovers\n|upkeep\n|turn|6\n|\n|t:|1776587785\n|move|p2a: Garchomp|Earthquake|p1a: Hippowdon\n|-damage|p1a: Hippowdon|27/100\n|move|p1a: Hippowdon|Yawn|p2a: Garchomp\n|-start|p2a: Garchomp|move: Yawn|[of] p1a: Hippowdon\n|\n|-heal|p2a: Garchomp|43/100|[from] item: Leftovers\n|upkeep\n|turn|7\n|\n|t:|1776587794\n|move|p2a: Garchomp|Earthquake|p1a: Hippowdon\n|-damage|p1a: Hippowdon|0 fnt\n|faint|p1a: Hippowdon\n|\n|-heal|p2a: Garchomp|49/100|[from] item: Leftovers\n|-end|p2a: Garchomp|move: Yawn|[silent]\n|-status|p2a: Garchomp|slp\n|upkeep\n|\n|t:|1776587796\n|switch|p1a: Gengar|Gengar, L50, M|100/100\n|turn|8\n|\n|t:|1776587804\n|detailschange|p1a: Gengar|Gengar-Mega, L50, M\n|-mega|p1a: Gengar|Gengar|Gengarite\n|move|p1a: Gengar|Substitute|p1a: Gengar\n|-start|p1a: Gengar|Substitute\n|-damage|p1a: Gengar|76/100\n|cant|p2a: Garchomp|slp\n|\n|-heal|p2a: Garchomp|55/100 slp|[from] item: Leftovers\n|upkeep\n|turn|9\n|\n|t:|1776587815\n|move|p1a: Gengar|Shadow Ball|p2a: Garchomp\n|-damage|p2a: Garchomp|0 fnt\n|faint|p2a: Garchomp\n|\n|upkeep\n|\n|t:|1776587823\n|switch|p2a: Espathra|Espathra, L50, F|35/100\n|-damage|p2a: Espathra|22/100|[from] Stealth Rock\n|turn|10\n|\n|t:|1776587828\n|move|p2a: Espathra|Protect|p2a: Espathra\n|-singleturn|p2a: Espathra|Protect\n|move|p1a: Gengar|Sludge Wave|p2a: Espathra\n|-activate|p2a: Espathra|move: Protect\n|\n|-ability|p2a: Espathra|Speed Boost|boost\n|-boost|p2a: Espathra|spe|1\n|upkeep\n|turn|11\n|\n|t:|1776587843\n|move|p2a: Espathra|Lumina Crash|p1a: Gengar\n|-supereffective|p1a: Gengar|1\n|-end|p1a: Gengar|Substitute\n|move|p1a: Gengar|Sludge Wave|p2a: Espathra\n|-damage|p2a: Espathra|0 fnt\n|faint|p2a: Espathra\n|\n|upkeep\n|\n|t:|1776587851\n|switch|p2a: Floette|Floette-Eternal, L50, F|88/100\n|-damage|p2a: Floette|76/100|[from] Stealth Rock\n|turn|12\n|\n|t:|1776587857\n|detailschange|p2a: Floette|Floette-Mega, L50, F\n|-mega|p2a: Floette|Floette|Floettite\n|-ability|p2a: Floette|Fairy Aura\n|move|p1a: Gengar|Sludge Wave|p2a: Floette\n|-supereffective|p2a: Floette|1\n|-damage|p2a: Floette|0 fnt\n|faint|p2a: Floette\n|\n|win|nrgkrg\n|raw|nrgkrg's rating: 1358 &rarr; <strong>1374</strong><br />(+16 for winning)\n|raw|toriware's rating: 1287 &rarr; <strong>1267</strong><br />(-20 for losing)\n|l|\u2606nrgkrg\n|player|p1|\n",
  "uploadtime": 1776587867,
  "views": 3,
  "formatid": "gen9championsbssregma",
  "rating": 1267,
  "private": 0,
  "password": null
}