{
  "id": "gen9championsbssregma-2582986898",
  "format": "[Gen 9 Champions] BSS Reg M-A",
  "players": [
    "txqz6p",
    "perdicionn"
  ],
  "log": "|j|\u2606txqz6p\n|j|\u2606perdicionn\n|t:|1776130988\n|gametype|singles\n|player|p1|txqz6p|265|1209\n|player|p2|perdicionn|crasherwake|1319\n|gen|9\n|tier|[Gen 9 Champions] BSS Reg M-A\n|rated|\n|rule|Species Clause: Limit one of each Pok\u00e9mon\n|rule|Item Clause: Limit 1 of each item\n|clearpoke\n|poke|p1|Greninja-*, L50, F|\n|poke|p1|Basculegion, L50, M|\n|poke|p1|Dragonite, L50, M|\n|poke|p1|Charizard, L50, F|\n|poke|p1|Archaludon, L50, M|\n|poke|p1|Scizor, L50, F|\n|poke|p2|Aegislash, L50, F|\n|poke|p2|Kingambit, L50, F|\n|poke|p2|Volcarona, L50, M|\n|poke|p2|Gyarados, L50, F|\n|poke|p2|Starmie, L50|\n|poke|p2|Manectric, L50, M|\n|teampreview|3\n|\n|t:|1776131044\n|teamsize|p1|3\n|teamsize|p2|3\n|start\n|switch|p1a: Archaludon|Archaludon, L50, M|100/100\n|switch|p2a: Manectric|Manectric, L50, M|100/100\n|turn|1\n|-activate|p1a: Archaludon|item: Quick Claw\n|\n|t:|1776131050\n|move|p2a: Manectric|Light Screen|p2a: Manectric\n|-sidestart|p2: perdicionn|move: Light Screen\n|move|p1a: Archaludon|Mirror Coat||[still]\n|-fail|p1a: Archaludon\n|\n|upkeep\n|turn|2\n|j| p74\n|\n|t:|1776131058\n|move|p2a: Manectric|Light Screen||[still]\n|-fail|p2a: Manectric\n|move|p1a: Archaludon|Stealth Rock|p2a: Manectric\n|-sidestart|p2: perdicionn|move: Stealth Rock\n|\n|upkeep\n|turn|3\n|\n|t:|1776131064\n|move|p2a: Manectric|Flamethrower|p1a: Archaludon\n|-damage|p1a: Archaludon|57/100\n|move|p1a: Archaludon|Mirror Coat|p2a: Manectric\n|-damage|p2a: Manectric|3/100\n|\n|upkeep\n|turn|4\n|\n|t:|1776131072\n|move|p2a: Manectric|Flamethrower|p1a: Archaludon\n|-damage|p1a: Archaludon|18/100\n|move|p1a: Archaludon|Draco Meteor|p2a: Manectric|[miss]\n|-miss|p1a: Archaludon|p2a: Manectric\n|\n|upkeep\n|turn|5\n|c|\u2606perdicionn|oof\n|\n|t:|1776131078\n|move|p2a: Manectric|Flamethrower|p1a: Archaludon\n|-damage|p1a: Archaludon|0 fnt\n|faint|p1a: Archaludon\n|\n|-sideend|p2: perdicionn|move: Light Screen\n|upkeep\n|\n|t:|1776131094\n|switch|p1a: Scizor|Scizor, L50, F|100/100\n|turn|6\n|\n|t:|1776131098\n|move|p1a: Scizor|Bullet Punch|p2a: Manectric\n|-resisted|p2a: Manectric|1\n|-damage|p2a: Manectric|0 fnt\n|faint|p2a: Manectric\n|\n|upkeep\n|\n|t:|1776131103\n|switch|p2a: Kingambit|Kingambit, L50, F|100/100\n|-damage|p2a: Kingambit|95/100|[from] Stealth Rock\n|-activate|p2a: Kingambit|ability: Supreme Overlord\n|-start|p2a: Kingambit|fallen1|[silent]\n|turn|7\n|\n|t:|1776131109\n|move|p1a: Scizor|Swords Dance|p1a: Scizor\n|-boost|p1a: Scizor|atk|2\n|move|p2a: Kingambit|Kowtow Cleave|p1a: Scizor\n|-damage|p1a: Scizor|44/100\n|\n|upkeep\n|turn|8\n|j| bromerta\n|\n|t:|1776131119\n|detailschange|p1a: Scizor|Scizor-Mega, L50, F\n|-mega|p1a: Scizor|Scizor|Scizorite\n|move|p1a: Scizor|Close Combat|p2a: Kingambit\n|-supereffective|p2a: Kingambit|2\n|-damage|p2a: Kingambit|0 fnt\n|-unboost|p1a: Scizor|def|1\n|-unboost|p1a: Scizor|spd|1\n|faint|p2a: Kingambit\n|-end|p2a: Kingambit|fallen1|[silent]\n|\n|upkeep\n|\n|t:|1776131122\n|switch|p2a: Starmie|Starmie, L50|100/100\n|-damage|p2a: Starmie|89/100|[from] Stealth Rock\n|turn|9\n|\n|t:|1776131131\n|detailschange|p2a: Starmie|Starmie-Mega, L50\n|-mega|p2a: Starmie|Starmie|Starminite\n|move|p1a: Scizor|Bullet Punch|p2a: Starmie\n|-resisted|p2a: Starmie|1\n|-damage|p2a: Starmie|40/100\n|move|p2a: Starmie|Liquidation|p1a: Scizor\n|-damage|p1a: Scizor|0 fnt\n|faint|p1a: Scizor\n|\n|upkeep\n|c|\u2606perdicionn|fish?\n|\n|t:|1776131139\n|switch|p1a: Basculegion|Basculegion, L50, M|100/100\n|turn|10\n|c|\u2606perdicionn|fuk\n|\n|t:|1776131144\n|move|p1a: Basculegion|Last Respects|p2a: Starmie\n|-supereffective|p2a: Starmie|1\n|-damage|p2a: Starmie|0 fnt\n|faint|p2a: Starmie\n|\n|win|txqz6p\n|raw|txqz6p's rating: 1209 &rarr; <strong>1242</strong><br />(+33 for winning)\n|raw|perdicionn's rating: 1319 &rarr; <strong>1293</strong><br />(-26 for losing)\n|l|\u2606txqz6p\n|player|p1|\n|l|\u2606perdicionn\n|player|p2|\n|l| bromerta\n",
  "uploadtime": 1776131298,
  "views": 4,
  "formatid": "gen9championsbssregma",
  "rating": 1242,
  "private": 0,
  "password": null
}