{
  "id": "gen9championsbssregma-2588284824",
  "format": "[Gen 9 Champions] BSS Reg M-A",
  "players": [
    "gamer6464",
    "adfsdfsdfsdaf"
  ],
  "log": "|j|\u2606gamer6464\n|j|\u2606adfsdfsdfsdaf\n|t:|1776620949\n|gametype|singles\n|player|p1|gamer6464|silver|1150\n|player|p2|adfsdfsdfsdaf|2|1294\n|gen|9\n|tier|[Gen 9 Champions] BSS Reg M-A\n|rated|\n|rule|Species Clause: Limit one of each Pok\u00e9mon\n|rule|Item Clause: Limit 1 of each item\n|clearpoke\n|poke|p1|Absol, L50, M|\n|poke|p1|Gliscor, L50, F|\n|poke|p1|Espathra, L50, F|\n|poke|p1|Empoleon, L50, F|\n|poke|p1|Hydrapple, L50, M|\n|poke|p1|Typhlosion-Hisui, L50, F|\n|poke|p2|Venusaur, L50, F|\n|poke|p2|Clefable, L50, M|\n|poke|p2|Hippowdon, L50, M|\n|poke|p2|Dragonite, L50, M|\n|poke|p2|Aegislash, L50, F|\n|poke|p2|Infernape, L50, M|\n|teampreview|3\n|inactive|Battle timer is ON: inactive players will automatically lose when time's up. (requested by gamer6464)\n|inactive|gamer6464 has 60 seconds left.\n|inactive|adfsdfsdfsdaf has 60 seconds left.\n|\n|t:|1776620994\n|teamsize|p1|3\n|teamsize|p2|3\n|start\n|switch|p1a: Empoleon|Empoleon, L50, F|100/100\n|switch|p2a: Infernape|Infernape, L50, M|100/100\n|turn|1\n|\n|t:|1776620999\n|move|p2a: Infernape|Close Combat|p1a: Empoleon\n|-supereffective|p1a: Empoleon|1\n|-damage|p1a: Empoleon|0 fnt\n|-unboost|p2a: Infernape|def|1\n|-unboost|p2a: Infernape|spd|1\n|faint|p1a: Empoleon\n|\n|upkeep\n|\n|t:|1776621003\n|switch|p1a: Gliscor|Gliscor, L50, F|100/100\n|turn|2\n|\n|t:|1776621013\n|switch|p2a: Venusaur|Venusaur, L50, F|100/100\n|move|p1a: Gliscor|Swords Dance|p1a: Gliscor\n|-boost|p1a: Gliscor|atk|2\n|\n|upkeep\n|turn|3\n|\n|t:|1776621017\n|detailschange|p2a: Venusaur|Venusaur-Mega, L50, F\n|-mega|p2a: Venusaur|Venusaur|Venusaurite\n|move|p1a: Gliscor|Acrobatics|p2a: Venusaur\n|-supereffective|p2a: Venusaur|1\n|-damage|p2a: Venusaur|0 fnt\n|faint|p2a: Venusaur\n|\n|upkeep\n|\n|t:|1776621021\n|switch|p2a: Aegislash|Aegislash, L50, F|100/100\n|turn|4\n|\n|t:|1776621025\n|move|p1a: Gliscor|Earthquake|p2a: Aegislash\n|-supereffective|p2a: Aegislash|1\n|-enditem|p2a: Aegislash|Focus Sash\n|-damage|p2a: Aegislash|1/100\n|-formechange|p2a: Aegislash|Aegislash-Blade|\n|move|p2a: Aegislash|Shadow Ball|p1a: Gliscor\n|-damage|p1a: Gliscor|46/100\n|\n|upkeep\n|turn|5\n|\n|t:|1776621032\n|move|p2a: Aegislash|Shadow Sneak|p1a: Gliscor\n|-damage|p1a: Gliscor|27/100\n|move|p1a: Gliscor|Earthquake|p2a: Aegislash\n|-supereffective|p2a: Aegislash|1\n|-damage|p2a: Aegislash|0 fnt\n|faint|p2a: Aegislash\n|\n|upkeep\n|\n|t:|1776621035\n|switch|p2a: Infernape|Infernape, L50, M|100/100\n|turn|6\n|\n|t:|1776621038\n|move|p2a: Infernape|Raging Fury|p1a: Gliscor\n|-damage|p1a: Gliscor|0 fnt\n|faint|p1a: Gliscor\n|\n|upkeep\n|\n|t:|1776621041\n|switch|p1a: Absol|Absol, L50, M|100/100\n|-ability|p1a: Absol|Pressure\n|turn|7\n|\n|t:|1776621047\n|detailschange|p1a: Absol|Absol-Mega, L50, M\n|-mega|p1a: Absol|Absol|Absolite\n|move|p2a: Infernape|Raging Fury|p1a: Absol|[from] lockedmove\n|-damage|p1a: Absol|1/100\n|move|p1a: Absol|Knock Off|p2a: Infernape\n|-resisted|p2a: Infernape|1\n|-damage|p2a: Infernape|53/100\n|-enditem|p2a: Infernape|Choice Scarf|[from] move: Knock Off|[of] p1a: Absol\n|\n|upkeep\n|turn|8\n|\n|t:|1776621055\n|move|p1a: Absol|Sucker Punch|p2a: Infernape\n|-resisted|p2a: Infernape|1\n|-damage|p2a: Infernape|18/100\n|move|p2a: Infernape|Raging Fury|p1a: Absol|[from] lockedmove\n|-damage|p1a: Absol|0 fnt\n|faint|p1a: Absol\n|-start|p2a: Infernape|confusion|[fatigue]\n|\n|win|adfsdfsdfsdaf\n|raw|gamer6464's rating: 1150 &rarr; <strong>1135</strong><br />(-15 for losing)\n|raw|adfsdfsdfsdaf's rating: 1294 &rarr; <strong>1309</strong><br />(+15 for winning)\n",
  "uploadtime": 1776621057,
  "views": 1,
  "formatid": "gen9championsbssregma",
  "rating": 1135,
  "private": 0,
  "password": null
}