{
  "id": "gen9championsbssregma-2584684836",
  "format": "[Gen 9 Champions] BSS Reg M-A",
  "players": [
    "Deusah010",
    "DerpySuX"
  ],
  "log": "|j|\u2606Deusah010\n|j|\u2606DerpySuX\n|inactive|Battle timer is ON: inactive players will automatically lose when time's up.\n|t:|1776276661\n|gametype|singles\n|player|p1|Deusah010|jacinthe|\n|player|p2|DerpySuX|#derpysux|\n|gen|9\n|tier|[Gen 9 Champions] BSS Reg M-A\n|rated|Tournament battle\n|rule|Species Clause: Limit one of each Pok\u00e9mon\n|rule|Item Clause: Limit 1 of each item\n|clearpoke\n|poke|p1|Milotic, L50, F|\n|poke|p1|Gardevoir, L50, F|\n|poke|p1|Garchomp, L50, F|\n|poke|p1|Tyranitar, L50, F|\n|poke|p1|Glimmora, L50, F|\n|poke|p1|Glalie, L50, F|\n|poke|p2|Venusaur, L50, F|\n|poke|p2|Hydreigon, L50, F|\n|poke|p2|Corviknight, L50, F|\n|poke|p2|Meowscarada, L50, F|\n|poke|p2|Snorlax, L50, F|\n|poke|p2|Delphox, L50, F|\n|teampreview|3\n|inactive|DerpySuX also wants the timer to be on.\n|c|\u2606DerpySuX|hf\n|j| Starlight222\n|\n|t:|1776276683\n|teamsize|p1|3\n|teamsize|p2|3\n|start\n|switch|p1a: Gardevoir|Gardevoir, L50, F|100/100\n|switch|p2a: HYDRA|Hydreigon, L50, F|100/100\n|turn|1\n|\n|t:|1776276692\n|detailschange|p1a: Gardevoir|Gardevoir-Mega, L50, F\n|-mega|p1a: Gardevoir|Gardevoir|Gardevoirite\n|move|p1a: Gardevoir|Protect|p1a: Gardevoir\n|-singleturn|p1a: Gardevoir|Protect\n|move|p2a: HYDRA|U-turn|p1a: Gardevoir\n|-activate|p1a: Gardevoir|move: Protect\n|\n|upkeep\n|turn|2\n|\n|t:|1776276702\n|move|p2a: HYDRA|U-turn|p1a: Gardevoir\n|-damage|p1a: Gardevoir|71/100\n|\n|t:|1776276706\n|switch|p2a: WICKED|Delphox, L50, F|100/100|[from] U-turn\n|move|p1a: Gardevoir|Calm Mind|p1a: Gardevoir\n|-boost|p1a: Gardevoir|spa|1\n|-boost|p1a: Gardevoir|spd|1\n|\n|upkeep\n|turn|3\n|\n|t:|1776276716\n|detailschange|p2a: WICKED|Delphox-Mega, L50, F\n|-mega|p2a: WICKED|Delphox|Delphoxite\n|move|p2a: WICKED|Encore|p1a: Gardevoir\n|-start|p1a: Gardevoir|Encore\n|move|p1a: Gardevoir|Calm Mind|p1a: Gardevoir\n|-boost|p1a: Gardevoir|spa|1\n|-boost|p1a: Gardevoir|spd|1\n|\n|upkeep\n|turn|4\n|\n|t:|1776276725\n|move|p2a: WICKED|Flamethrower|p1a: Gardevoir\n|-damage|p1a: Gardevoir|46/100\n|move|p1a: Gardevoir|Calm Mind|p1a: Gardevoir\n|-boost|p1a: Gardevoir|spa|1\n|-boost|p1a: Gardevoir|spd|1\n|\n|upkeep\n|turn|5\n|\n|t:|1776276739\n|switch|p1a: Glimmora|Glimmora, L50, F|100/100\n|move|p2a: WICKED|Flamethrower|p1a: Glimmora\n|-resisted|p1a: Glimmora|1\n|-damage|p1a: Glimmora|62/100\n|\n|upkeep\n|turn|6\n|\n|t:|1776276748\n|move|p2a: WICKED|Psychic Noise|p1a: Glimmora\n|-supereffective|p1a: Glimmora|1\n|-damage|p1a: Glimmora|0 fnt\n|faint|p1a: Glimmora\n|\n|upkeep\n|\n|t:|1776276755\n|switch|p1a: Gardevoir|Gardevoir-Mega, L50, F|46/100\n|turn|7\n|\n|t:|1776276758\n|move|p2a: WICKED|Flamethrower|p1a: Gardevoir\n|-damage|p1a: Gardevoir|0 fnt\n|faint|p1a: Gardevoir\n|\n|upkeep\n|\n|t:|1776276763\n|switch|p1a: Glalie|Glalie, L50, F|100/100\n|turn|8\n|\n|t:|1776276767\n|move|p1a: Glalie|Protect|p1a: Glalie\n|-singleturn|p1a: Glalie|Protect\n|move|p2a: WICKED|Flamethrower|p1a: Glalie\n|-activate|p1a: Glalie|move: Protect\n|\n|-ability|p1a: Glalie|Moody|boost\n|-boost|p1a: Glalie|def|2\n|-unboost|p1a: Glalie|spe|1\n|upkeep\n|turn|9\n|\n|t:|1776276778\n|move|p2a: WICKED|Flamethrower|p1a: Glalie\n|-supereffective|p1a: Glalie|1\n|-damage|p1a: Glalie|0 fnt\n|faint|p1a: Glalie\n|\n|win|DerpySuX\n|n|\u2606Deusah010|deusah010\n|n|\u2606DerpySuX|derpysux\n|n| Starlight222|starlight222\n|c|\u2606DerpySuX|gg\n|l|\u2606Deusah010\n|player|p1|\n",
  "uploadtime": 1776276787,
  "views": 15,
  "formatid": "gen9championsbssregma",
  "rating": null,
  "private": 0,
  "password": null
}