{
  "id": "gen9championsbssregma-2585176139",
  "format": "[Gen 9 Champions] BSS Reg M-A",
  "players": [
    "Ryan1Baek",
    "bregogo"
  ],
  "log": "|j|\u2606Ryan1Baek\n|j|\u2606bregogo\n|t:|1776321266\n|gametype|singles\n|player|p1|Ryan1Baek|carmine-festival|1323\n|player|p2|bregogo|dawn|1400\n|gen|9\n|tier|[Gen 9 Champions] BSS Reg M-A\n|rated|\n|rule|Species Clause: Limit one of each Pok\u00e9mon\n|rule|Item Clause: Limit 1 of each item\n|clearpoke\n|poke|p1|Blastoise, L50, F|\n|poke|p1|Meowscarada, L50, M|\n|poke|p1|Corviknight, L50, M|\n|poke|p1|Garchomp, L50, M|\n|poke|p1|Gengar, L50, M|\n|poke|p1|Aegislash, L50, M|\n|poke|p2|Greninja-*, L50, M|\n|poke|p2|Mimikyu, L50, F|\n|poke|p2|Archaludon, L50, M|\n|poke|p2|Espathra, L50, F|\n|poke|p2|Charizard, L50, F|\n|poke|p2|Hippowdon, L50, F|\n|teampreview|3\n|\n|t:|1776321310\n|teamsize|p1|3\n|teamsize|p2|3\n|start\n|switch|p1a: Blastoise|Blastoise, L50, F|100/100\n|switch|p2a: Espathra|Espathra, L50, F|100/100\n|turn|1\n|inactive|Battle timer is ON: inactive players will automatically lose when time's up. (requested by bregogo)\n|\n|t:|1776321328\n|detailschange|p1a: Blastoise|Blastoise-Mega, L50, F\n|-mega|p1a: Blastoise|Blastoise|Blastoisinite\n|move|p2a: Espathra|Calm Mind|p2a: Espathra\n|-boost|p2a: Espathra|spa|1\n|-boost|p2a: Espathra|spd|1\n|move|p1a: Blastoise|Dark Pulse|p2a: Espathra\n|-supereffective|p2a: Espathra|1\n|-damage|p2a: Espathra|15/100\n|\n|-ability|p2a: Espathra|Speed Boost|boost\n|-boost|p2a: Espathra|spe|1\n|upkeep\n|turn|2\n|\n|t:|1776321343\n|move|p2a: Espathra|Protect|p2a: Espathra\n|-singleturn|p2a: Espathra|Protect\n|move|p1a: Blastoise|Dark Pulse|p2a: Espathra\n|-activate|p2a: Espathra|move: Protect\n|\n|-ability|p2a: Espathra|Speed Boost|boost\n|-boost|p2a: Espathra|spe|1\n|upkeep\n|turn|3\n|\n|t:|1776321347\n|move|p2a: Espathra|Baton Pass|p2a: Espathra\n|\n|t:|1776321349\n|switch|p2a: Greninja|Greninja, L50, M|100/100|[from] Baton Pass\n|move|p1a: Blastoise|Dark Pulse|p2a: Greninja\n|-resisted|p2a: Greninja|1\n|-damage|p2a: Greninja|76/100\n|\n|upkeep\n|turn|4\n|\n|t:|1776321364\n|move|p2a: Greninja|Sludge Wave|p1a: Blastoise\n|-start|p2a: Greninja|typechange|Poison|[from] ability: Protean\n|-damage|p1a: Blastoise|27/100\n|move|p1a: Blastoise|Water Pulse|p2a: Greninja\n|-damage|p2a: Greninja|24/100\n|\n|upkeep\n|turn|5\n|\n|t:|1776321374\n|move|p2a: Greninja|Dark Pulse|p1a: Blastoise\n|-damage|p1a: Blastoise|0 fnt\n|faint|p1a: Blastoise\n|\n|upkeep\n|\n|t:|1776321376\n|switch|p1a: Aegislash|Aegislash, L50, M|100/100\n|turn|6\n|\n|t:|1776321382\n|detailschange|p2a: Greninja|Greninja-Mega, L50, M\n|-mega|p2a: Greninja|Greninja|Greninjite\n|-formechange|p1a: Aegislash|Aegislash-Blade|\n|move|p1a: Aegislash|Shadow Sneak|p2a: Greninja\n|-resisted|p2a: Greninja|1\n|-damage|p2a: Greninja|4/100\n|move|p2a: Greninja|Dark Pulse|p1a: Aegislash\n|-start|p2a: Greninja|typechange|Dark|[from] ability: Protean\n|-supereffective|p1a: Aegislash|1\n|-damage|p1a: Aegislash|0 fnt\n|faint|p1a: Aegislash\n|\n|upkeep\n|\n|t:|1776321390\n|switch|p1a: Meowscarada|Meowscarada, L50, M|100/100\n|turn|7\n|\n|t:|1776321395\n|move|p2a: Greninja|Ice Beam|p1a: Meowscarada\n|-supereffective|p1a: Meowscarada|1\n|-damage|p1a: Meowscarada|0 fnt\n|faint|p1a: Meowscarada\n|\n|win|bregogo\n|raw|Ryan1Baek's rating: 1323 &rarr; <strong>1307</strong><br />(-16 for losing)\n|raw|bregogo's rating: 1400 &rarr; <strong>1416</strong><br />(+16 for winning)\n|l|\u2606bregogo\n|player|p2|\n|l|\u2606Ryan1Baek\n|player|p1|\n",
  "uploadtime": 1776321414,
  "views": 14,
  "formatid": "gen9championsbssregma",
  "rating": 1307,
  "private": 0,
  "password": null
}