{
  "id": "gen9championsbssregma-2589221539",
  "format": "[Gen 9 Champions] BSS Reg M-A",
  "players": [
    "not master anymore",
    "Loutre du Dzrt"
  ],
  "log": "|j|\u2606not master anymore\n|j|\u2606Loutre du Dzrt\n|t:|1776707486\n|gametype|singles\n|player|p1|not master anymore|266|1307\n|player|p2|Loutre du Dzrt|artist|1355\n|gen|9\n|tier|[Gen 9 Champions] BSS Reg M-A\n|rated|\n|rule|Species Clause: Limit one of each Pok\u00e9mon\n|rule|Item Clause: Limit 1 of each item\n|clearpoke\n|poke|p1|Farigiraf, L50, F|\n|poke|p1|Floette-Eternal, L50, F|\n|poke|p1|Corviknight, L50, F|\n|poke|p1|Lopunny, L50, F|\n|poke|p1|Espeon, L50, F|\n|poke|p1|Polteageist, L50|\n|poke|p2|Garchomp, L50, M|\n|poke|p2|Aegislash, L50, M|\n|poke|p2|Meganium, L50, M|\n|poke|p2|Dragonite, L50, F, shiny|\n|poke|p2|Lopunny, L50, F, shiny|\n|poke|p2|Kleavor, L50, F|\n|teampreview|3\n|\n|t:|1776707515\n|teamsize|p1|3\n|teamsize|p2|3\n|start\n|switch|p1a: Lopunny|Lopunny, L50, F|100/100\n|switch|p2a: Kleavor|Kleavor, L50, F|100/100\n|turn|1\n|inactive|Battle timer is ON: inactive players will automatically lose when time's up. (requested by Loutre du Dzrt)\n|\n|t:|1776707522\n|switch|p2a: Garchomp|Garchomp, L50, M|100/100\n|move|p1a: Lopunny|Cotton Guard|p1a: Lopunny\n|-boost|p1a: Lopunny|def|3\n|\n|upkeep\n|turn|2\n|\n|t:|1776707534\n|move|p2a: Garchomp|Fire Blast|p1a: Lopunny\n|-damage|p1a: Lopunny|78/100\n|move|p1a: Lopunny|Cotton Guard|p1a: Lopunny\n|-boost|p1a: Lopunny|def|3\n|\n|upkeep\n|turn|3\n|\n|t:|1776707541\n|switch|p2a: Meganium|Meganium, L50, M|100/100\n|move|p1a: Lopunny|Agility|p1a: Lopunny\n|-boost|p1a: Lopunny|spe|2\n|\n|upkeep\n|turn|4\n|\n|t:|1776707545\n|detailschange|p2a: Meganium|Meganium-Mega, L50, M\n|-mega|p2a: Meganium|Meganium|Meganiumite\n|move|p1a: Lopunny|Baton Pass|p1a: Lopunny\n|\n|t:|1776707548\n|switch|p1a: Farigiraf|Farigiraf, L50, F|100/100|[from] Baton Pass\n|move|p2a: Meganium|Solar Beam||[still]\n|-prepare|p2a: Meganium|Solar Beam\n|-activate|p2a: Meganium|ability: Mega Sol\n|-anim|p2a: Meganium|Solar Beam|p1a: Farigiraf\n|-ability|p1a: Farigiraf|Sap Sipper|boost\n|-boost|p1a: Farigiraf|atk|1\n|\n|upkeep\n|turn|5\n|j| Poopoopoop68\n|\n|t:|1776707558\n|move|p1a: Farigiraf|Amnesia|p1a: Farigiraf\n|-boost|p1a: Farigiraf|spd|2\n|move|p2a: Meganium|Dazzling Gleam|p1a: Farigiraf\n|-damage|p1a: Farigiraf|77/100\n|\n|upkeep\n|turn|6\n|\n|t:|1776707564\n|switch|p2a: Kleavor|Kleavor, L50, F|100/100\n|move|p1a: Farigiraf|Amnesia|p1a: Farigiraf\n|-boost|p1a: Farigiraf|spd|2\n|\n|upkeep\n|turn|7\n|\n|t:|1776707568\n|move|p1a: Farigiraf|Amnesia|p1a: Farigiraf\n|-boost|p1a: Farigiraf|spd|2\n|move|p2a: Kleavor|X-Scissor|p1a: Farigiraf\n|-supereffective|p1a: Farigiraf|1\n|-damage|p1a: Farigiraf|50/100\n|\n|upkeep\n|turn|8\n|\n|t:|1776707574\n|move|p1a: Farigiraf|Baton Pass|p1a: Farigiraf\n|\n|t:|1776707575\n|switch|p1a: Polteageist|Polteageist, L50|100/100|[from] Baton Pass\n|move|p2a: Kleavor|X-Scissor|p1a: Polteageist\n|-resisted|p1a: Polteageist|1\n|-damage|p1a: Polteageist|85/100\n|\n|upkeep\n|turn|9\n|\n|t:|1776707583\n|move|p1a: Polteageist|Shell Smash|p1a: Polteageist\n|-unboost|p1a: Polteageist|def|1\n|-unboost|p1a: Polteageist|spd|1\n|-boost|p1a: Polteageist|atk|2\n|-boost|p1a: Polteageist|spa|2\n|-boost|p1a: Polteageist|spe|2\n|move|p2a: Kleavor|Stone Axe|p1a: Polteageist\n|-damage|p1a: Polteageist|60/100\n|-start|p2a: Kleavor|Disable|Stone Axe|[from] ability: Cursed Body|[of] p1a: Polteageist\n|-sidestart|p1: not master anymore|move: Stealth Rock\n|\n|upkeep\n|turn|10\n|\n|t:|1776707598\n|move|p1a: Polteageist|Shell Smash|p1a: Polteageist\n|-unboost|p1a: Polteageist|def|1\n|-unboost|p1a: Polteageist|spd|1\n|-boost|p1a: Polteageist|atk|2\n|-boost|p1a: Polteageist|spa|2\n|-boost|p1a: Polteageist|spe|2\n|move|p2a: Kleavor|X-Scissor|p1a: Polteageist\n|-resisted|p1a: Polteageist|1\n|-damage|p1a: Polteageist|41/100\n|\n|upkeep\n|turn|11\n|\n|t:|1776707603\n|move|p1a: Polteageist|Stored Power|p2a: Kleavor\n|-enditem|p2a: Kleavor|Focus Sash\n|-damage|p2a: Kleavor|1/100\n|move|p2a: Kleavor|X-Scissor|p1a: Polteageist\n|-resisted|p1a: Polteageist|1\n|-damage|p1a: Polteageist|22/100\n|\n|upkeep\n|turn|12\n|\n|t:|1776707608\n|move|p1a: Polteageist|Stored Power|p2a: Kleavor\n|-damage|p2a: Kleavor|0 fnt\n|faint|p2a: Kleavor\n|\n|upkeep\n|\n|t:|1776707611\n|switch|p2a: Meganium|Meganium-Mega, L50, M|100/100\n|turn|13\n|\n|t:|1776707615\n|move|p1a: Polteageist|Stored Power|p2a: Meganium\n|-damage|p2a: Meganium|0 fnt\n|faint|p2a: Meganium\n|\n|upkeep\n|\n|t:|1776707617\n|switch|p2a: Garchomp|Garchomp, L50, M|100/100\n|turn|14\n|\n|t:|1776707619\n|move|p1a: Polteageist|Stored Power|p2a: Garchomp\n|-damage|p2a: Garchomp|0 fnt\n|faint|p2a: Garchomp\n|\n|win|not master anymore\n|raw|not master anymore's rating: 1307 &rarr; <strong>1330</strong><br />(+23 for winning)\n|raw|Loutre du Dzrt's rating: 1355 &rarr; <strong>1332</strong><br />(-23 for losing)\n|l|\u2606Loutre du Dzrt\n|player|p2|\n|l|\u2606not master anymore\n|player|p1|\n|l| Poopoopoop68\n",
  "uploadtime": 1776707636,
  "views": 2,
  "formatid": "gen9championsbssregma",
  "rating": 1330,
  "private": 0,
  "password": null
}