{
  "id": "gen9championsbssregma-2584274266",
  "format": "[Gen 9 Champions] BSS Reg M-A",
  "players": [
    "smurtgurt",
    "Keyan_Sans"
  ],
  "log": "|j|\u2606smurtgurt\n|j|\u2606Keyan_Sans\n|t:|1776245928\n|gametype|singles\n|player|p1|smurtgurt|unknown|1174\n|player|p2|Keyan_Sans|hugh|1173\n|gen|9\n|tier|[Gen 9 Champions] BSS Reg M-A\n|rated|\n|rule|Species Clause: Limit one of each Pok\u00e9mon\n|rule|Item Clause: Limit 1 of each item\n|clearpoke\n|poke|p1|Excadrill, L50, M|\n|poke|p1|Ninetales-Alola, L50, F|\n|poke|p1|Meowscarada, L50, M|\n|poke|p1|Gengar, L50, F|\n|poke|p1|Gyarados, L50, M|\n|poke|p1|Volcarona, L50, M|\n|poke|p2|Kingambit, L50, M|\n|poke|p2|Starmie, L50|\n|poke|p2|Sneasler, L50, M|\n|poke|p2|Basculegion, L50, M|\n|poke|p2|Volcarona, L50, F|\n|poke|p2|Excadrill, L50, M|\n|teampreview|3\n|inactive|Battle timer is ON: inactive players will automatically lose when time's up. (requested by Keyan_Sans)\n|inactive|Keyan_Sans has 60 seconds left.\n|\n|t:|1776245976\n|teamsize|p1|3\n|teamsize|p2|3\n|start\n|switch|p1a: Gyarados|Gyarados, L50, M|100/100\n|switch|p2a: Sneasler|Sneasler, L50, M|100/100\n|-ability|p1a: Gyarados|Intimidate|boost\n|-unboost|p2a: Sneasler|atk|1\n|turn|1\n|\n|t:|1776245989\n|switch|p2a: Starmie|Starmie, L50|100/100\n|move|p1a: Gyarados|Dragon Dance|p1a: Gyarados\n|-boost|p1a: Gyarados|atk|1\n|-boost|p1a: Gyarados|spe|1\n|\n|upkeep\n|turn|2\n|\n|t:|1776246005\n|detailschange|p1a: Gyarados|Gyarados-Mega, L50, M\n|-mega|p1a: Gyarados|Gyarados|Gyaradosite\n|-ability|p1a: Gyarados|Mold Breaker\n|detailschange|p2a: Starmie|Starmie-Mega, L50\n|-mega|p2a: Starmie|Starmie|Starminite\n|move|p1a: Gyarados|Crunch|p2a: Starmie\n|-supereffective|p2a: Starmie|1\n|-damage|p2a: Starmie|0 fnt\n|faint|p2a: Starmie\n|\n|upkeep\n|\n|t:|1776246009\n|switch|p2a: Sneasler|Sneasler, L50, M|100/100\n|turn|3\n|\n|t:|1776246017\n|move|p1a: Gyarados|Earthquake|p2a: Sneasler\n|-supereffective|p2a: Sneasler|1\n|-enditem|p2a: Sneasler|Focus Sash\n|-damage|p2a: Sneasler|1/100\n|move|p2a: Sneasler|Swords Dance|p2a: Sneasler\n|-boost|p2a: Sneasler|atk|2\n|\n|upkeep\n|turn|4\n|\n|t:|1776246024\n|move|p2a: Sneasler|Close Combat|p1a: Gyarados\n|-supereffective|p1a: Gyarados|1\n|-damage|p1a: Gyarados|0 fnt\n|-unboost|p2a: Sneasler|def|1\n|-unboost|p2a: Sneasler|spd|1\n|faint|p1a: Gyarados\n|\n|upkeep\n|inactive|smurtgurt has 30 seconds left.\n|inactive|smurtgurt has 20 seconds left.\n|inactive|smurtgurt has 15 seconds left.\n|\n|t:|1776246066\n|switch|p1a: Meowscarada|Meowscarada, L50, M|100/100\n|turn|5\n|\n|t:|1776246074\n|move|p2a: Sneasler|Dire Claw|p1a: Meowscarada\n|-supereffective|p1a: Meowscarada|1\n|-enditem|p1a: Meowscarada|Focus Sash\n|-damage|p1a: Meowscarada|1/100\n|move|p1a: Meowscarada|Knock Off|p2a: Sneasler\n|-start|p1a: Meowscarada|typechange|Dark|[from] ability: Protean\n|-resisted|p2a: Sneasler|1\n|-crit|p2a: Sneasler\n|-damage|p2a: Sneasler|0 fnt\n|faint|p2a: Sneasler\n|\n|upkeep\n|\n|t:|1776246079\n|switch|p2a: Basculegion|Basculegion, L50, M|100/100\n|turn|6\n|\n|t:|1776246085\n|move|p2a: Basculegion|Last Respects|p1a: Meowscarada\n|-resisted|p1a: Meowscarada|1\n|-damage|p1a: Meowscarada|0 fnt\n|faint|p1a: Meowscarada\n|\n|upkeep\n|\n|t:|1776246094\n|switch|p1a: Excadrill|Excadrill, L50, M|100/100\n|-ability|p1a: Excadrill|Mold Breaker\n|turn|7\n|\n|t:|1776246101\n|move|p1a: Excadrill|Earthquake|p2a: Basculegion\n|-damage|p2a: Basculegion|36/100\n|move|p2a: Basculegion|Last Respects|p1a: Excadrill\n|-damage|p1a: Excadrill|0 fnt\n|faint|p1a: Excadrill\n|\n|win|Keyan_Sans\n|raw|smurtgurt's rating: 1174 &rarr; <strong>1149</strong><br />(-25 for losing)\n|raw|Keyan_Sans's rating: 1173 &rarr; <strong>1198</strong><br />(+25 for winning)\n",
  "uploadtime": 1776246104,
  "views": 9,
  "formatid": "gen9championsbssregma",
  "rating": 1149,
  "private": 0,
  "password": null
}