{
  "id": "gen9championsbssregma-2586005146",
  "format": "[Gen 9 Champions] BSS Reg M-A",
  "players": [
    "lligand",
    "fletchyfletchy"
  ],
  "log": "|j|\u2606lligand\n|j|\u2606fletchyfletchy\n|t:|1776389487\n|gametype|singles\n|player|p1|lligand|265|1196\n|player|p2|fletchyfletchy|liko|1124\n|gen|9\n|tier|[Gen 9 Champions] BSS Reg M-A\n|rated|\n|rule|Species Clause: Limit one of each Pok\u00e9mon\n|rule|Item Clause: Limit 1 of each item\n|clearpoke\n|poke|p1|Absol, L50, F|\n|poke|p1|Dragapult, L50, M|\n|poke|p1|Lucario, L50, F|\n|poke|p1|Venusaur, L50, M|\n|poke|p1|Corviknight, L50, M|\n|poke|p1|Hydreigon, L50, M|\n|poke|p2|Lopunny, L50, F|\n|poke|p2|Basculegion, L50, M|\n|poke|p2|Meowscarada, L50, F|\n|poke|p2|Aegislash, L50, F|\n|poke|p2|Charizard, L50, F|\n|poke|p2|Rotom-Wash, L50|\n|teampreview|3\n|\n|t:|1776389517\n|teamsize|p1|3\n|teamsize|p2|3\n|start\n|switch|p1a: Dragapult|Dragapult, L50, M|100/100\n|switch|p2a: Rotom|Rotom-Wash, L50|100/100\n|turn|1\n|\n|t:|1776389523\n|switch|p1a: Venusaur|Venusaur, L50, M|100/100\n|move|p2a: Rotom|Will-O-Wisp|p1a: Venusaur\n|-status|p1a: Venusaur|brn\n|\n|-damage|p1a: Venusaur|95/100 brn|[from] brn\n|upkeep\n|turn|2\n|inactive|Battle timer is ON: inactive players will automatically lose when time's up. (requested by lligand)\n|\n|t:|1776389531\n|detailschange|p1a: Venusaur|Venusaur-Mega, L50, M\n|-mega|p1a: Venusaur|Venusaur|Venusaurite\n|move|p2a: Rotom|Volt Switch|p1a: Venusaur\n|-resisted|p1a: Venusaur|1\n|-damage|p1a: Venusaur|85/100 brn\n|\n|t:|1776389536\n|switch|p2a: Charizard|Charizard, L50, F|100/100|[from] Volt Switch\n|move|p1a: Venusaur|Giga Drain|p2a: Charizard\n|-resisted|p2a: Charizard|2\n|-damage|p2a: Charizard|88/100\n|-heal|p1a: Venusaur|90/100 brn|[from] drain|[of] p2a: Charizard\n|\n|-damage|p1a: Venusaur|84/100 brn|[from] brn\n|upkeep\n|turn|3\n|\n|t:|1776389549\n|detailschange|p2a: Charizard|Charizard-Mega-Y, L50, F\n|-mega|p2a: Charizard|Charizard|Charizardite Y\n|-weather|SunnyDay|[from] ability: Drought|[of] p2a: Charizard\n|move|p2a: Charizard|Air Slash|p1a: Venusaur\n|-supereffective|p1a: Venusaur|1\n|-damage|p1a: Venusaur|10/100 brn\n|move|p1a: Venusaur|Sludge Wave|p2a: Charizard\n|-damage|p2a: Charizard|37/100\n|\n|-weather|SunnyDay|[upkeep]\n|-damage|p1a: Venusaur|4/100 brn|[from] brn\n|upkeep\n|turn|4\n|\n|t:|1776389562\n|move|p2a: Charizard|Dragon Pulse|p1a: Venusaur\n|-crit|p1a: Venusaur\n|-damage|p1a: Venusaur|0 fnt\n|faint|p1a: Venusaur\n|\n|-weather|SunnyDay|[upkeep]\n|upkeep\n|\n|t:|1776389566\n|switch|p1a: Dragapult|Dragapult, L50, M|100/100\n|turn|5\n|\n|t:|1776389573\n|switch|p2a: Rotom|Rotom-Wash, L50|100/100\n|move|p1a: Dragapult|Dragon Darts|p2a: Rotom\n|-damage|p2a: Rotom|79/100\n|-anim|p1a: Dragapult|Dragon Darts|p2a: Rotom\n|-damage|p2a: Rotom|57/100\n|\n|-weather|SunnyDay|[upkeep]\n|upkeep\n|turn|6\n|\n|t:|1776389586\n|move|p1a: Dragapult|Dragon Dance|p1a: Dragapult\n|-boost|p1a: Dragapult|atk|1\n|-boost|p1a: Dragapult|spe|1\n|move|p2a: Rotom|Will-O-Wisp|p1a: Dragapult\n|-status|p1a: Dragapult|brn\n|\n|-weather|SunnyDay|[upkeep]\n|-damage|p1a: Dragapult|94/100 brn|[from] brn\n|upkeep\n|turn|7\n|\n|t:|1776389591\n|move|p1a: Dragapult|Dragon Darts|p2a: Rotom\n|-damage|p2a: Rotom|42/100\n|-enditem|p2a: Rotom|Sitrus Berry|[eat]\n|-heal|p2a: Rotom|67/100|[from] item: Sitrus Berry\n|-anim|p1a: Dragapult|Dragon Darts|p2a: Rotom\n|-crit|p2a: Rotom\n|-damage|p2a: Rotom|44/100\n|move|p2a: Rotom|Volt Switch|p1a: Dragapult\n|-resisted|p1a: Dragapult|1\n|-damage|p1a: Dragapult|78/100 brn\n|\n|t:|1776389596\n|switch|p2a: Meowscarada|Meowscarada, L50, F|100/100|[from] Volt Switch\n|\n|-weather|none\n|-damage|p1a: Dragapult|72/100 brn|[from] brn\n|upkeep\n|turn|8\n|\n|t:|1776389601\n|move|p1a: Dragapult|Will-O-Wisp|p2a: Meowscarada\n|-status|p2a: Meowscarada|brn\n|move|p2a: Meowscarada|Knock Off|p1a: Dragapult\n|-start|p2a: Meowscarada|typechange|Dark|[from] ability: Protean\n|-supereffective|p1a: Dragapult|1\n|-damage|p1a: Dragapult|13/100 brn\n|-enditem|p1a: Dragapult|Focus Sash|[from] move: Knock Off|[of] p2a: Meowscarada\n|\n|-damage|p1a: Dragapult|7/100 brn|[from] brn\n|-damage|p2a: Meowscarada|95/100 brn|[from] brn\n|upkeep\n|turn|9\n|\n|t:|1776389610\n|move|p1a: Dragapult|Dragon Darts|p2a: Meowscarada\n|-damage|p2a: Meowscarada|63/100 brn\n|-anim|p1a: Dragapult|Dragon Darts|p2a: Meowscarada\n|-damage|p2a: Meowscarada|34/100 brn\n|move|p2a: Meowscarada|U-turn|p1a: Dragapult\n|-resisted|p1a: Dragapult|1\n|-damage|p1a: Dragapult|0 fnt\n|faint|p1a: Dragapult\n|\n|t:|1776389614\n|switch|p2a: Charizard|Charizard-Mega-Y, L50, F|37/100|[from] U-turn\n|-weather|SunnyDay|[from] ability: Drought|[of] p2a: Charizard\n|\n|-weather|SunnyDay|[upkeep]\n|upkeep\n|\n|t:|1776389617\n|switch|p1a: Corviknight|Corviknight, L50, M|100/100\n|-ability|p1a: Corviknight|Pressure\n|turn|10\n|-message|lligand forfeited.\n|\n|win|fletchyfletchy\n|raw|lligand's rating: 1196 &rarr; <strong>1166</strong><br />(-30 for losing)\n|raw|fletchyfletchy's rating: 1124 &rarr; <strong>1154</strong><br />(+30 for winning)\n",
  "uploadtime": 1776389620,
  "views": 6,
  "formatid": "gen9championsbssregma",
  "rating": 1154,
  "private": 0,
  "password": null
}