{
  "id": "gen9championsbssregma-2587931101",
  "format": "[Gen 9 Champions] BSS Reg M-A",
  "players": [
    "KevMev",
    "DiceyRice"
  ],
  "log": "|j|\u2606KevMev\n|j|\u2606DiceyRice\n|t:|1776580752\n|gametype|singles\n|player|p1|KevMev|waiter-gen4|1401\n|player|p2|DiceyRice|miku-ghost|1339\n|gen|9\n|tier|[Gen 9 Champions] BSS Reg M-A\n|rated|\n|rule|Species Clause: Limit one of each Pok\u00e9mon\n|rule|Item Clause: Limit 1 of each item\n|clearpoke\n|poke|p1|Floette-Eternal, L50, F|\n|poke|p1|Archaludon, L50, F|\n|poke|p1|Gyarados, L50, F|\n|poke|p1|Mimikyu, L50, F|\n|poke|p1|Hydreigon, L50, F|\n|poke|p1|Sneasler, L50, M, shiny|\n|poke|p2|Charizard, L50, F|\n|poke|p2|Meowscarada, L50, M|\n|poke|p2|Aegislash, L50, F|\n|poke|p2|Primarina, L50, F|\n|poke|p2|Hippowdon, L50, F|\n|poke|p2|Gyarados, L50, F|\n|teampreview|3\n|inactive|Battle timer is ON: inactive players will automatically lose when time's up. (requested by DiceyRice)\n|\n|t:|1776580819\n|teamsize|p1|3\n|teamsize|p2|3\n|start\n|switch|p1a: Archaludon|Archaludon, L50, F|100/100\n|switch|p2a: Charizard|Charizard, L50, F|100/100\n|turn|1\n|\n|t:|1776580826\n|detailschange|p2a: Charizard|Charizard-Mega-Y, L50, F\n|-mega|p2a: Charizard|Charizard|Charizardite Y\n|-weather|SunnyDay|[from] ability: Drought|[of] p2a: Charizard\n|move|p1a: Archaludon|Protect|p1a: Archaludon\n|-singleturn|p1a: Archaludon|Protect\n|move|p2a: Charizard|Flamethrower|p1a: Archaludon\n|-activate|p1a: Archaludon|move: Protect\n|\n|-weather|SunnyDay|[upkeep]\n|upkeep\n|turn|2\n|\n|t:|1776580831\n|move|p2a: Charizard|Flamethrower|p1a: Archaludon\n|-ability|p1a: Archaludon|Sturdy\n|-damage|p1a: Archaludon|1/100\n|move|p1a: Archaludon|Thunderbolt|p2a: Charizard\n|-supereffective|p2a: Charizard|1\n|-damage|p2a: Charizard|39/100\n|\n|-weather|SunnyDay|[upkeep]\n|-heal|p1a: Archaludon|7/100|[from] item: Leftovers\n|upkeep\n|turn|3\n|\n|t:|1776580836\n|move|p1a: Archaludon|Protect|p1a: Archaludon\n|-singleturn|p1a: Archaludon|Protect\n|move|p2a: Charizard|Flame Charge|p1a: Archaludon\n|-activate|p1a: Archaludon|move: Protect\n|\n|-weather|SunnyDay|[upkeep]\n|-heal|p1a: Archaludon|13/100|[from] item: Leftovers\n|upkeep\n|turn|4\n|\n|t:|1776580843\n|move|p2a: Charizard|Flame Charge|p1a: Archaludon\n|-damage|p1a: Archaludon|0 fnt\n|-boost|p2a: Charizard|spe|1\n|faint|p1a: Archaludon\n|\n|-weather|SunnyDay|[upkeep]\n|upkeep\n|\n|t:|1776580847\n|switch|p1a: Gyarados|Gyarados, L50, F|100/100\n|-ability|p1a: Gyarados|Intimidate|boost\n|-unboost|p2a: Charizard|atk|1\n|turn|5\n|\n|t:|1776580852\n|move|p2a: Charizard|Solar Beam||[still]\n|-prepare|p2a: Charizard|Solar Beam\n|-anim|p2a: Charizard|Solar Beam|p1a: Gyarados\n|-damage|p1a: Gyarados|46/100\n|move|p1a: Gyarados|Dragon Dance|p1a: Gyarados\n|-boost|p1a: Gyarados|atk|1\n|-boost|p1a: Gyarados|spe|1\n|\n|-weather|none\n|upkeep\n|turn|6\n|\n|t:|1776580866\n|switch|p2a: Primarina|Primarina, L50, F|100/100\n|move|p1a: Gyarados|Waterfall|p2a: Primarina\n|-resisted|p2a: Primarina|1\n|-damage|p2a: Primarina|73/100\n|\n|-heal|p2a: Primarina|79/100|[from] item: Leftovers\n|upkeep\n|turn|7\n|\n|t:|1776580869\n|move|p1a: Gyarados|Earthquake|p2a: Primarina\n|-damage|p2a: Primarina|33/100\n|move|p2a: Primarina|Moonblast|p1a: Gyarados\n|-damage|p1a: Gyarados|3/100\n|\n|-heal|p2a: Primarina|39/100|[from] item: Leftovers\n|upkeep\n|turn|8\n|\n|t:|1776580876\n|detailschange|p1a: Gyarados|Gyarados-Mega, L50, F\n|-mega|p1a: Gyarados|Gyarados|Gyaradosite\n|-ability|p1a: Gyarados|Mold Breaker\n|move|p2a: Primarina|Protect|p2a: Primarina\n|-singleturn|p2a: Primarina|Protect\n|move|p1a: Gyarados|Earthquake|p2a: Primarina\n|-activate|p2a: Primarina|move: Protect\n|\n|-heal|p2a: Primarina|45/100|[from] item: Leftovers\n|upkeep\n|turn|9\n|\n|t:|1776580881\n|switch|p2a: Charizard|Charizard-Mega-Y, L50, F|39/100\n|-weather|SunnyDay|[from] ability: Drought|[of] p2a: Charizard\n|move|p1a: Gyarados|Earthquake|p2a: Charizard\n|-immune|p2a: Charizard\n|\n|-weather|SunnyDay|[upkeep]\n|upkeep\n|turn|10\n|\n|t:|1776580885\n|move|p1a: Gyarados|Waterfall|p2a: Charizard\n|-supereffective|p2a: Charizard|1\n|-damage|p2a: Charizard|0 fnt\n|faint|p2a: Charizard\n|\n|-weather|SunnyDay|[upkeep]\n|upkeep\n|\n|t:|1776580887\n|switch|p2a: Aegislash|Aegislash, L50, F|100/100\n|turn|11\n|\n|t:|1776580892\n|-formechange|p2a: Aegislash|Aegislash-Blade|\n|move|p2a: Aegislash|Shadow Sneak|p1a: Gyarados\n|-resisted|p1a: Gyarados|1\n|-damage|p1a: Gyarados|0 fnt\n|faint|p1a: Gyarados\n|\n|-weather|SunnyDay|[upkeep]\n|upkeep\n|\n|t:|1776580893\n|switch|p1a: Mimikyu|Mimikyu, L50, F|100/100\n|turn|12\n|\n|t:|1776580902\n|move|p2a: Aegislash|Shadow Sneak|p1a: Mimikyu\n|-activate|p1a: Mimikyu|ability: Disguise\n|-damage|p1a: Mimikyu|100/100\n|detailschange|p1a: Mimikyu|Mimikyu-Busted, L50, F\n|-damage|p1a: Mimikyu|88/100|[from] pokemon: Mimikyu-Busted\n|move|p1a: Mimikyu|Shadow Claw|p2a: Aegislash\n|-supereffective|p2a: Aegislash|1\n|-damage|p2a: Aegislash|0 fnt\n|faint|p2a: Aegislash\n|\n|-weather|SunnyDay|[upkeep]\n|upkeep\n|\n|t:|1776580905\n|switch|p2a: Primarina|Primarina, L50, F|45/100\n|turn|13\n|\n|t:|1776580911\n|move|p1a: Mimikyu|Play Rough|p2a: Primarina\n|-damage|p2a: Primarina|9/100\n|move|p2a: Primarina|Moonblast|p1a: Mimikyu\n|-damage|p1a: Mimikyu|40/100\n|-unboost|p1a: Mimikyu|spa|1\n|\n|-weather|none\n|-heal|p2a: Primarina|15/100|[from] item: Leftovers\n|upkeep\n|turn|14\n|\n|t:|1776580915\n|move|p2a: Primarina|Protect|p2a: Primarina\n|-singleturn|p2a: Primarina|Protect\n|move|p1a: Mimikyu|Shadow Sneak|p2a: Primarina\n|-activate|p2a: Primarina|move: Protect\n|\n|-heal|p2a: Primarina|20/100|[from] item: Leftovers\n|upkeep\n|turn|15\n|\n|t:|1776580916\n|move|p1a: Mimikyu|Shadow Sneak|p2a: Primarina\n|-damage|p2a: Primarina|2/100\n|move|p2a: Primarina|Moonblast|p1a: Mimikyu\n|-damage|p1a: Mimikyu|0 fnt\n|faint|p1a: Mimikyu\n|\n|win|DiceyRice\n|raw|KevMev's rating: 1401 &rarr; <strong>1377</strong><br />(-24 for losing)\n|raw|DiceyRice's rating: 1339 &rarr; <strong>1363</strong><br />(+24 for winning)\n|l|\u2606KevMev\n|player|p1|\n|l|\u2606DiceyRice\n|player|p2|\n",
  "uploadtime": 1776580980,
  "views": 1,
  "formatid": "gen9championsbssregma",
  "rating": 1363,
  "private": 0,
  "password": null
}