{
  "id": "gen9championsbssregma-2585373589",
  "format": "[Gen 9 Champions] BSS Reg M-A",
  "players": [
    "KshAetchup",
    "Millygan15"
  ],
  "log": "|j|\u2606KshAetchup\n|j|\u2606Millygan15\n|t:|1776342371\n|gametype|singles\n|player|p1|KshAetchup|caitlin|1119\n|player|p2|Millygan15|volkner|1048\n|gen|9\n|tier|[Gen 9 Champions] BSS Reg M-A\n|rated|\n|rule|Species Clause: Limit one of each Pok\u00e9mon\n|rule|Item Clause: Limit 1 of each item\n|clearpoke\n|poke|p1|Incineroar, L50, F|\n|poke|p1|Sneasler, L50, M|\n|poke|p1|Rotom-Wash, L50|\n|poke|p1|Primarina, L50, M|\n|poke|p1|Meganium, L50, F|\n|poke|p1|Garchomp, L50, F|\n|poke|p2|Garchomp, L50, F|\n|poke|p2|Corviknight, L50, F|\n|poke|p2|Meganium, L50, F|\n|poke|p2|Greninja-*, L50, F|\n|poke|p2|Arcanine-Hisui, L50, M|\n|poke|p2|Zoroark-Hisui, L50, M|\n|teampreview|3\n|\n|t:|1776342394\n|teamsize|p1|3\n|teamsize|p2|3\n|start\n|switch|p1a: Garchomp|Garchomp, L50, F|100/100\n|switch|p2a: Meganium|Meganium, L50, F, shiny|100/100\n|turn|1\n|inactive|Battle timer is ON: inactive players will automatically lose when time's up. (requested by Millygan15)\n|\n|t:|1776342407\n|move|p2a: Meganium|Icy Wind|p1a: Garchomp\n|-supereffective|p1a: Garchomp|2\n|-damage|p1a: Garchomp|36/100\n|-unboost|p1a: Garchomp|spe|1\n|move|p1a: Garchomp|Stealth Rock|p2a: Meganium\n|-sidestart|p2: Millygan15|move: Stealth Rock\n|\n|upkeep\n|turn|2\n|\n|t:|1776342426\n|switch|p1a: Primarina|Primarina, L50, M|100/100\n|move|p2a: Meganium|Icy Wind|p1a: Primarina\n|-resisted|p1a: Primarina|1\n|-damage|p1a: Primarina|93/100\n|-unboost|p1a: Primarina|spe|1\n|\n|upkeep\n|turn|3\n|\n|t:|1776342434\n|move|p2a: Meganium|Snarl|p1a: Primarina\n|-resisted|p1a: Primarina|1\n|-damage|p1a: Primarina|85/100\n|-unboost|p1a: Primarina|spa|1\n|move|p1a: Primarina|Ice Beam|p2a: Meganium\n|-damage|p2a: Meganium|68/100\n|replace|p2a: Vulpen|Zoroark-Hisui, L50, M, shiny\n|-end|p2a: Vulpen|Illusion\n|\n|upkeep\n|turn|4\n|\n|t:|1776342444\n|move|p2a: Vulpen|Snarl|p1a: Primarina\n|-resisted|p1a: Primarina|1\n|-damage|p1a: Primarina|77/100\n|-unboost|p1a: Primarina|spa|1\n|move|p1a: Primarina|Moonblast|p2a: Vulpen\n|-damage|p2a: Vulpen|27/100\n|-unboost|p2a: Vulpen|spa|1\n|\n|upkeep\n|turn|5\n|inactive|Millygan15 has 30 seconds left.\n|\n|t:|1776342474\n|move|p2a: Vulpen|Snarl|p1a: Primarina\n|-resisted|p1a: Primarina|1\n|-damage|p1a: Primarina|72/100\n|-unboost|p1a: Primarina|spa|1\n|move|p1a: Primarina|Flip Turn|p2a: Vulpen\n|-crit|p2a: Vulpen\n|-damage|p2a: Vulpen|0 fnt\n|faint|p2a: Vulpen\n|\n|t:|1776342478\n|switch|p1a: Garchomp|Garchomp, L50, F|36/100|[from] Flip Turn\n|\n|upkeep\n|\n|t:|1776342489\n|switch|p2a: Meganium|Meganium, L50, F, shiny|100/100\n|-damage|p2a: Meganium|89/100|[from] Stealth Rock\n|turn|6\n|\n|t:|1776342503\n|detailschange|p2a: Meganium|Meganium-Mega, L50, F, shiny\n|-mega|p2a: Meganium|Meganium|Meganiumite\n|move|p1a: Garchomp|Rock Slide|p2a: Meganium\n|-damage|p2a: Meganium|60/100\n|cant|p2a: Meganium|flinch\n|\n|upkeep\n|turn|7\n|\n|t:|1776342508\n|move|p1a: Garchomp|Rock Slide|p2a: Meganium\n|-damage|p2a: Meganium|34/100\n|move|p2a: Meganium|Solar Beam||[still]\n|-prepare|p2a: Meganium|Solar Beam\n|-activate|p2a: Meganium|ability: Mega Sol\n|-anim|p2a: Meganium|Solar Beam|p1a: Garchomp\n|-damage|p1a: Garchomp|0 fnt\n|faint|p1a: Garchomp\n|\n|upkeep\n|\n|t:|1776342513\n|switch|p1a: Meganium|Meganium, L50, F|100/100\n|turn|8\n|\n|t:|1776342517\n|detailschange|p1a: Meganium|Meganium-Mega, L50, F\n|-mega|p1a: Meganium|Meganium|Meganiumite\n|move|p2a: Meganium|Weather Ball|p1a: Meganium\n|-supereffective|p1a: Meganium|1\n|-damage|p1a: Meganium|0 fnt\n|faint|p1a: Meganium\n|\n|upkeep\n|\n|t:|1776342521\n|switch|p1a: Primarina|Primarina, L50, M|72/100\n|turn|9\n|\n|t:|1776342527\n|move|p2a: Meganium|Solar Beam||[still]\n|-prepare|p2a: Meganium|Solar Beam\n|-activate|p2a: Meganium|ability: Mega Sol\n|-anim|p2a: Meganium|Solar Beam|p1a: Primarina\n|-supereffective|p1a: Primarina|1\n|-damage|p1a: Primarina|0 fnt\n|faint|p1a: Primarina\n|\n|win|Millygan15\n|raw|KshAetchup's rating: 1119 &rarr; <strong>1089</strong><br />(-30 for losing)\n|raw|Millygan15's rating: 1048 &rarr; <strong>1087</strong><br />(+39 for winning)\n|l|\u2606KshAetchup\n|player|p1|\n",
  "uploadtime": 1776342557,
  "views": 16,
  "formatid": "gen9championsbssregma",
  "rating": 1087,
  "private": 0,
  "password": null
}