{
  "id": "gen9championsbssregma-2580689899",
  "format": "[Gen 9 Champions] BSS Reg M-A",
  "players": [
    "Dr. Elite",
    "Meteorplayz_"
  ],
  "log": "|j|\u2606Dr. Elite\n|j|\u2606Meteorplayz_\n|t:|1775924515\n|gametype|singles\n|player|p1|Dr. Elite|#drelite|1114\n|player|p2|Meteorplayz_|winona-gen6|1000\n|gen|9\n|tier|[Gen 9 Champions] BSS Reg M-A\n|rated|\n|rule|Species Clause: Limit one of each Pok\u00e9mon\n|rule|Item Clause: Limit 1 of each item\n|clearpoke\n|poke|p1|Hatterene, L50, F|\n|poke|p1|Gardevoir, L50, F|\n|poke|p1|Slowking-Galar, L50, M|\n|poke|p1|Farigiraf, L50, F|\n|poke|p1|Slowbro, L50, M|\n|poke|p1|Gallade, L50, M|\n|poke|p2|Meowscarada, L50, F|\n|poke|p2|Milotic, L50, M|\n|poke|p2|Aegislash, L50, F|\n|poke|p2|Dragonite, L50, M|\n|poke|p2|Slowking-Galar, L50, M|\n|poke|p2|Lopunny, L50, M|\n|teampreview|3\n|\n|t:|1775924564\n|teamsize|p1|3\n|teamsize|p2|3\n|start\n|switch|p1a: Escitalopram|Gardevoir, L50, F, shiny|100/100\n|switch|p2a: Meowscarada|Meowscarada, L50, F|100/100\n|-ability|p1a: Escitalopram|Protean|Trace|[from] ability: Trace|[of] p2a: Meowscarada\n|turn|1\n|\n|t:|1775924572\n|move|p2a: Meowscarada|U-turn|p1a: Escitalopram\n|-start|p2a: Meowscarada|typechange|Bug|[from] ability: Protean\n|-damage|p1a: Escitalopram|40/100\n|\n|t:|1775924576\n|switch|p2a: Aegislash|Aegislash, L50, F|100/100|[from] U-turn\n|move|p1a: Escitalopram|Moonblast|p2a: Aegislash\n|-start|p1a: Escitalopram|typechange|Fairy|[from] ability: Protean\n|-resisted|p2a: Aegislash|1\n|-damage|p2a: Aegislash|81/100\n|\n|-heal|p2a: Aegislash|87/100|[from] item: Leftovers\n|upkeep\n|turn|2\n|\n|t:|1775924585\n|move|p1a: Escitalopram|Moonblast|p2a: Aegislash\n|-resisted|p2a: Aegislash|1\n|-damage|p2a: Aegislash|68/100\n|move|p2a: Aegislash|Swords Dance|p2a: Aegislash\n|-boost|p2a: Aegislash|atk|2\n|\n|-heal|p2a: Aegislash|74/100|[from] item: Leftovers\n|upkeep\n|turn|3\n|\n|t:|1775924593\n|switch|p1a: Clozapine|Hatterene, L50, F, shiny|100/100\n|move|p2a: Aegislash|Swords Dance|p2a: Aegislash\n|-boost|p2a: Aegislash|atk|2\n|\n|-heal|p2a: Aegislash|80/100|[from] item: Leftovers\n|upkeep\n|turn|4\n|\n|t:|1775924600\n|-formechange|p2a: Aegislash|Aegislash-Blade|\n|move|p2a: Aegislash|Shadow Sneak|p1a: Clozapine\n|-supereffective|p1a: Clozapine|1\n|-damage|p1a: Clozapine|0 fnt\n|faint|p1a: Clozapine\n|\n|-heal|p2a: Aegislash|86/100|[from] item: Leftovers\n|upkeep\n|\n|t:|1775924603\n|switch|p1a: Escitalopram|Gardevoir, L50, F, shiny|40/100\n|turn|5\n|\n|t:|1775924648\n|move|p2a: Aegislash|Shadow Sneak|p1a: Escitalopram\n|-supereffective|p1a: Escitalopram|1\n|-damage|p1a: Escitalopram|0 fnt\n|faint|p1a: Escitalopram\n|\n|-heal|p2a: Aegislash|92/100|[from] item: Leftovers\n|upkeep\n|\n|t:|1775924649\n|switch|p1a: Lorazepam|Slowbro, L50, M, shiny|100/100\n|turn|6\n|\n|t:|1775924657\n|detailschange|p1a: Lorazepam|Slowbro-Mega, L50, M, shiny\n|-mega|p1a: Lorazepam|Slowbro|Slowbronite\n|move|p2a: Aegislash|Poltergeist|p1a: Lorazepam\n|-activate|p1a: Lorazepam|move: Poltergeist|Slowbronite\n|-supereffective|p1a: Lorazepam|1\n|-damage|p1a: Lorazepam|0 fnt\n|faint|p1a: Lorazepam\n|\n|win|Meteorplayz_\n|raw|Dr. Elite's rating: 1114 &rarr; <strong>1081</strong><br />(-33 for losing)\n|raw|Meteorplayz_'s rating: 1000 &rarr; <strong>1053</strong><br />(+53 for winning)\n",
  "uploadtime": 1775924657,
  "views": 15,
  "formatid": "gen9championsbssregma",
  "rating": 1053,
  "private": 0,
  "password": null
}