{
  "id": "gen9championsbssregma-2580770923",
  "format": "[Gen 9 Champions] BSS Reg M-A",
  "players": [
    "AndreHero007",
    "BBWSlayer"
  ],
  "log": "|j|\u2606AndreHero007\n|j|\u2606BBWSlayer\n|t:|1775931124\n|gametype|singles\n|player|p1|AndreHero007|102|1032\n|player|p2|BBWSlayer|2|1000\n|gen|9\n|tier|[Gen 9 Champions] BSS Reg M-A\n|rated|\n|rule|Species Clause: Limit one of each Pok\u00e9mon\n|rule|Item Clause: Limit 1 of each item\n|clearpoke\n|poke|p1|Clefable, L50, M|\n|poke|p1|Ampharos, L50, M|\n|poke|p1|Ditto, L50|\n|poke|p1|Beedrill, L50, F|\n|poke|p1|Venusaur, L50, M|\n|poke|p1|Greninja-*, L50, M|\n|poke|p2|Aerodactyl, L50, F|\n|poke|p2|Venusaur, L50, F|\n|poke|p2|Garchomp, L50, F|\n|poke|p2|Aegislash, L50, M|\n|poke|p2|Armarouge, L50, M|\n|poke|p2|Quaquaval, L50, F|\n|teampreview|3\n|\n|t:|1775931154\n|teamsize|p1|3\n|teamsize|p2|3\n|start\n|switch|p1a: Venusaur|Venusaur, L50, M|100/100\n|switch|p2a: Aerodactyl|Aerodactyl, L50, F|100/100\n|turn|1\n|\n|t:|1775931168\n|detailschange|p2a: Aerodactyl|Aerodactyl-Mega, L50, F\n|-mega|p2a: Aerodactyl|Aerodactyl|Aerodactylite\n|move|p2a: Aerodactyl|Stone Edge|p1a: Venusaur\n|-damage|p1a: Venusaur|44/100\n|move|p1a: Venusaur|Toxic|p2a: Aerodactyl\n|-status|p2a: Aerodactyl|tox\n|\n|-heal|p1a: Venusaur|50/100|[from] item: Leftovers\n|-damage|p2a: Aerodactyl|95/100 tox|[from] psn\n|upkeep\n|turn|2\n|\n|t:|1775931179\n|move|p1a: Venusaur|Protect|p1a: Venusaur\n|-singleturn|p1a: Venusaur|Protect\n|move|p2a: Aerodactyl|Dual Wingbeat|p1a: Venusaur\n|-activate|p1a: Venusaur|move: Protect\n|\n|-heal|p1a: Venusaur|56/100|[from] item: Leftovers\n|-damage|p2a: Aerodactyl|83/100 tox|[from] psn\n|upkeep\n|turn|3\n|\n|t:|1775931190\n|move|p2a: Aerodactyl|Dual Wingbeat|p1a: Venusaur\n|-supereffective|p1a: Venusaur|1\n|-damage|p1a: Venusaur|0 fnt\n|faint|p1a: Venusaur\n|-hitcount|p1: Venusaur|1\n|\n|-damage|p2a: Aerodactyl|66/100 tox|[from] psn\n|upkeep\n|\n|t:|1775931201\n|switch|p1a: Greninja|Greninja, L50, M|100/100\n|turn|4\n|\n|t:|1775931210\n|switch|p2a: Aegislash|Aegislash, L50, M|100/100\n|move|p1a: Greninja|Protect||[still]\n|-fail|p1a: Greninja\n|\n|upkeep\n|turn|5\n|\n|t:|1775931218\n|move|p1a: Greninja|Surf|p2a: Aegislash\n|-start|p1a: Greninja|typechange|Water|[from] ability: Protean\n|-damage|p2a: Aegislash|77/100\n|-formechange|p2a: Aegislash|Aegislash-Blade|\n|move|p2a: Aegislash|Shadow Ball|p1a: Greninja\n|-damage|p1a: Greninja|49/100\n|\n|-heal|p2a: Aegislash|83/100|[from] item: Leftovers\n|upkeep\n|turn|6\n|\n|t:|1775931237\n|switch|p1a: Beedrill|Beedrill, L50, F|100/100\n|move|p2a: Aegislash|Shadow Ball|p1a: Beedrill\n|-damage|p1a: Beedrill|48/100\n|\n|-heal|p2a: Aegislash|89/100|[from] item: Leftovers\n|upkeep\n|turn|7\n|\n|t:|1775931247\n|detailschange|p1a: Beedrill|Beedrill-Mega, L50, F\n|-mega|p1a: Beedrill|Beedrill|Beedrillite\n|move|p1a: Beedrill|Drill Run|p2a: Aegislash\n|-supereffective|p2a: Aegislash|1\n|-crit|p2a: Aegislash\n|-damage|p2a: Aegislash|0 fnt\n|faint|p2a: Aegislash\n|\n|upkeep\n|\n|t:|1775931254\n|switch|p2a: Aerodactyl|Aerodactyl-Mega, L50, F|66/100 tox\n|turn|8\n|\n|t:|1775931269\n|move|p2a: Aerodactyl|Stone Edge|p1a: Beedrill|[miss]\n|-miss|p2a: Aerodactyl|p1a: Beedrill\n|move|p1a: Beedrill|Knock Off|p2a: Aerodactyl\n|-damage|p2a: Aerodactyl|35/100 tox\n|\n|-damage|p2a: Aerodactyl|29/100 tox|[from] psn\n|upkeep\n|turn|9\n|\n|t:|1775931281\n|switch|p1a: Greninja|Greninja, L50, M|49/100\n|move|p2a: Aerodactyl|Stone Edge|p1a: Greninja\n|-damage|p1a: Greninja|0 fnt\n|faint|p1a: Greninja\n|\n|-damage|p2a: Aerodactyl|17/100 tox|[from] psn\n|upkeep\n|\n|t:|1775931290\n|switch|p1a: Beedrill|Beedrill-Mega, L50, F|48/100\n|turn|10\n|\n|t:|1775931296\n|move|p2a: Aerodactyl|Stone Edge|p1a: Beedrill\n|-supereffective|p1a: Beedrill|1\n|-damage|p1a: Beedrill|0 fnt\n|faint|p1a: Beedrill\n|\n|win|BBWSlayer\n|raw|AndreHero007's rating: 1032 &rarr; <strong>1016</strong><br />(-16 for losing)\n|raw|BBWSlayer's rating: 1000 &rarr; <strong>1044</strong><br />(+44 for winning)\n|l|\u2606AndreHero007\n|player|p1|\n|l|\u2606BBWSlayer\n|player|p2|\n|j|\u2606BBWSlayer\n|player|p2|BBWSlayer|2|\n|j| bromerta\n|l|\u2606BBWSlayer\n|player|p2|\n|l| bromerta\n|j| bromerta\n",
  "uploadtime": 1775931372,
  "views": 22,
  "formatid": "gen9championsbssregma",
  "rating": 1016,
  "private": 0,
  "password": null
}