{
  "id": "gen9championsbssregma-2584994530",
  "format": "[Gen 9 Champions] BSS Reg M-A",
  "players": [
    "hoshigumo1101",
    "goku s0los"
  ],
  "log": "|j|\u2606hoshigumo1101\n|j|\u2606goku s0los\n|t:|1776301571\n|gametype|singles\n|player|p1|hoshigumo1101|acetrainerf|1311\n|player|p2|goku s0los|265|1304\n|gen|9\n|tier|[Gen 9 Champions] BSS Reg M-A\n|rated|\n|rule|Species Clause: Limit one of each Pok\u00e9mon\n|rule|Item Clause: Limit 1 of each item\n|clearpoke\n|poke|p1|Rotom-Wash, L50|\n|poke|p1|Charizard, L50, F|\n|poke|p1|Hippowdon, L50, M|\n|poke|p1|Lucario, L50, M|\n|poke|p1|Hatterene, L50, F|\n|poke|p1|Aegislash, L50, F|\n|poke|p2|Aggron, L50, M|\n|poke|p2|Serperior, L50, M|\n|poke|p2|Palafin, L50, M|\n|poke|p2|Gallade, L50, M|\n|poke|p2|Zoroark-Hisui, L50, F|\n|poke|p2|Arcanine-Hisui, L50, F|\n|teampreview|3\n|\n|t:|1776301605\n|teamsize|p1|3\n|teamsize|p2|3\n|start\n|switch|p1a: Hippowdon|Hippowdon, L50, M|100/100\n|switch|p2a: Serperior|Serperior, L50, M, shiny|100/100\n|-weather|Sandstorm|[from] ability: Sand Stream|[of] p1a: Hippowdon\n|turn|1\n|\n|t:|1776301615\n|switch|p1a: Charizard|Charizard, L50, F|100/100\n|move|p2a: Serperior|Leaf Storm|p1a: Charizard\n|-resisted|p1a: Charizard|2\n|-damage|p1a: Charizard|86/100\n|-boost|p2a: Serperior|spa|2\n|\n|-weather|Sandstorm|[upkeep]\n|-damage|p2a: Serperior|95/100|[from] Sandstorm\n|-damage|p1a: Charizard|80/100|[from] Sandstorm\n|upkeep\n|turn|2\n|\n|t:|1776301633\n|switch|p2a: Gallade|Gallade, L50, M|100/100\n|switch|p1a: Rotom|Rotom-Wash, L50|100/100\n|\n|-weather|Sandstorm|[upkeep]\n|-damage|p1a: Rotom|95/100|[from] Sandstorm\n|-damage|p2a: Gallade|95/100|[from] Sandstorm\n|upkeep\n|turn|3\n|\n|t:|1776301649\n|detailschange|p2a: Gallade|Gallade-Mega, L50, M\n|-mega|p2a: Gallade|Gallade|Galladite\n|move|p1a: Rotom|Will-O-Wisp|p2a: Gallade|[miss]\n|-miss|p1a: Rotom|p2a: Gallade\n|move|p2a: Gallade|Swords Dance|p2a: Gallade\n|-boost|p2a: Gallade|atk|2\n|\n|-weather|Sandstorm|[upkeep]\n|-damage|p1a: Rotom|89/100|[from] Sandstorm\n|-damage|p2a: Gallade|89/100|[from] Sandstorm\n|upkeep\n|turn|4\n|\n|t:|1776301656\n|move|p1a: Rotom|Will-O-Wisp|p2a: Gallade\n|-status|p2a: Gallade|brn\n|move|p2a: Gallade|Leaf Blade|p1a: Rotom\n|-supereffective|p1a: Rotom|1\n|-damage|p1a: Rotom|0 fnt\n|faint|p1a: Rotom\n|\n|-weather|Sandstorm|[upkeep]\n|-damage|p2a: Gallade|84/100 brn|[from] Sandstorm\n|-damage|p2a: Gallade|78/100 brn|[from] brn\n|upkeep\n|\n|t:|1776301666\n|switch|p1a: Hippowdon|Hippowdon, L50, M|100/100\n|turn|5\n|\n|t:|1776301672\n|move|p2a: Gallade|Leaf Blade|p1a: Hippowdon\n|-supereffective|p1a: Hippowdon|1\n|-damage|p1a: Hippowdon|56/100\n|move|p1a: Hippowdon|Stealth Rock|p2a: Gallade\n|-sidestart|p2: goku s0los|move: Stealth Rock\n|\n|-weather|none\n|-damage|p2a: Gallade|73/100 brn|[from] brn\n|upkeep\n|turn|6\n|\n|t:|1776301679\n|move|p2a: Gallade|Leaf Blade|p1a: Hippowdon\n|-supereffective|p1a: Hippowdon|1\n|-damage|p1a: Hippowdon|12/100\n|-enditem|p1a: Hippowdon|Sitrus Berry|[eat]\n|-heal|p1a: Hippowdon|36/100|[from] item: Sitrus Berry\n|move|p1a: Hippowdon|Whirlwind|p2a: Gallade\n|drag|p2a: Gallade|Gallade-Mega, L50, M|100/100\n|-damage|p2a: Gallade|88/100|[from] Stealth Rock\n|\n|upkeep\n|turn|7\n|\n|t:|1776301692\n|move|p2a: Gallade|Nasty Plot|p2a: Gallade\n|-boost|p2a: Gallade|spa|2\n|move|p1a: Hippowdon|Earthquake|p2a: Gallade\n|-damage|p2a: Gallade|15/100\n|replace|p2a: Zoroark|Zoroark-Hisui, L50, F\n|-end|p2a: Zoroark|Illusion\n|\n|upkeep\n|turn|8\n|j| p74\n|\n|t:|1776301703\n|move|p2a: Zoroark|Shadow Ball|p1a: Hippowdon\n|-damage|p1a: Hippowdon|0 fnt\n|faint|p1a: Hippowdon\n|\n|upkeep\n|\n|t:|1776301706\n|switch|p1a: Charizard|Charizard, L50, F|80/100\n|turn|9\n|\n|t:|1776301711\n|detailschange|p1a: Charizard|Charizard-Mega-X, L50, F\n|-mega|p1a: Charizard|Charizard|Charizardite X\n|move|p2a: Zoroark|Hyper Beam|p1a: Charizard\n|-damage|p1a: Charizard|0 fnt\n|-mustrecharge|p2a: Zoroark\n|faint|p1a: Charizard\n|\n|win|goku s0los\n|raw|hoshigumo1101's rating: 1311 &rarr; <strong>1291</strong><br />(-20 for losing)\n|raw|goku s0los's rating: 1304 &rarr; <strong>1324</strong><br />(+20 for winning)\n|l|\u2606hoshigumo1101\n|player|p1|\n|l|\u2606goku s0los\n|player|p2|\n",
  "uploadtime": 1776301737,
  "views": 9,
  "formatid": "gen9championsbssregma",
  "rating": 1291,
  "private": 0,
  "password": null
}