{
  "id": "gen9championsbssregma-2588587899",
  "format": "[Gen 9 Champions] BSS Reg M-A",
  "players": [
    "gorilnx",
    "Wanyamon"
  ],
  "log": "|j|\u2606gorilnx\n|j|\u2606Wanyamon\n|t:|1776647715\n|gametype|singles\n|player|p1|gorilnx|dawn-gen4pt|1149\n|player|p2|Wanyamon|miku-ghost|1064\n|gen|9\n|tier|[Gen 9 Champions] BSS Reg M-A\n|rated|\n|rule|Species Clause: Limit one of each Pok\u00e9mon\n|rule|Item Clause: Limit 1 of each item\n|clearpoke\n|poke|p1|Delphox, L50, F|\n|poke|p1|Lopunny, L50, F|\n|poke|p1|Corviknight, L50, F|\n|poke|p1|Primarina, L50, M|\n|poke|p1|Garchomp, L50, F|\n|poke|p1|Rotom-Heat, L50|\n|poke|p2|Palafin, L50, M|\n|poke|p2|Heliolisk, L50, M|\n|poke|p2|Floette-Eternal, L50, F|\n|poke|p2|Kleavor, L50, M|\n|poke|p2|Tyranitar, L50, M|\n|poke|p2|Delphox, L50, M|\n|teampreview|3\n|inactive|Battle timer is ON: inactive players will automatically lose when time's up. (requested by gorilnx)\n|inactive|Wanyamon has 60 seconds left.\n|inactive|Wanyamon has 30 seconds left.\n|\n|t:|1776647781\n|teamsize|p1|3\n|teamsize|p2|3\n|start\n|switch|p1a: Lopunny|Lopunny, L50, F|100/100\n|switch|p2a: Palafin|Palafin, L50, M|100/100\n|turn|1\n|\n|t:|1776647797\n|detailschange|p2a: Palafin|Palafin-Hero, L50, M\n|switch|p2a: Delphox|Delphox, L50, M|100/100\n|detailschange|p1a: Lopunny|Lopunny-Mega, L50, F\n|-mega|p1a: Lopunny|Lopunny|Lopunnite\n|move|p1a: Lopunny|Fake Out|p2a: Delphox\n|-damage|p2a: Delphox|68/100\n|\n|upkeep\n|turn|2\n|\n|t:|1776647806\n|detailschange|p2a: Delphox|Delphox-Mega, L50, M\n|-mega|p2a: Delphox|Delphox|Delphoxite\n|move|p1a: Lopunny|U-turn|p2a: Delphox\n|-damage|p2a: Delphox|26/100\n|\n|t:|1776647810\n|switch|p1a: Primarina|Primarina, L50, M|100/100|[from] U-turn\n|move|p2a: Delphox|Psychic Noise|p1a: Primarina\n|-damage|p1a: Primarina|68/100\n|-start|p1a: Primarina|move: Heal Block\n|\n|upkeep\n|turn|3\n|\n|t:|1776647830\n|switch|p2a: Kleavor|Kleavor, L50, M|100/100\n|move|p1a: Primarina|Moonblast|p2a: Kleavor\n|-damage|p2a: Kleavor|12/100\n|-unboost|p2a: Kleavor|spa|1\n|\n|-end|p1a: Primarina|move: Heal Block\n|upkeep\n|turn|4\n|\n|t:|1776647838\n|move|p1a: Primarina|Aqua Jet|p2a: Kleavor\n|-supereffective|p2a: Kleavor|1\n|-damage|p2a: Kleavor|0 fnt\n|faint|p2a: Kleavor\n|\n|upkeep\n|\n|t:|1776647842\n|switch|p2a: Palafin|Palafin-Hero, L50, M|100/100\n|-activate|p2a: Palafin|ability: Zero to Hero\n|turn|5\n|\n|t:|1776647847\n|switch|p1a: Corviknight|Corviknight, L50, F|100/100\n|-ability|p1a: Corviknight|Pressure\n|move|p2a: Palafin|Bulk Up|p2a: Palafin\n|-boost|p2a: Palafin|atk|1\n|-boost|p2a: Palafin|def|1\n|\n|upkeep\n|turn|6\n|\n|t:|1776647861\n|move|p2a: Palafin|Bulk Up|p2a: Palafin\n|-boost|p2a: Palafin|atk|1\n|-boost|p2a: Palafin|def|1\n|move|p1a: Corviknight|U-turn|p2a: Palafin\n|-damage|p2a: Palafin|93/100\n|\n|t:|1776647874\n|switch|p1a: Lopunny|Lopunny-Mega, L50, F|100/100|[from] U-turn\n|\n|-heal|p2a: Palafin|98/100|[from] item: Leftovers\n|upkeep\n|turn|7\n|\n|t:|1776647883\n|move|p1a: Lopunny|Fake Out|p2a: Palafin\n|-damage|p2a: Palafin|86/100\n|cant|p2a: Palafin|flinch\n|\n|-heal|p2a: Palafin|92/100|[from] item: Leftovers\n|upkeep\n|turn|8\n|\n|t:|1776647891\n|move|p1a: Lopunny|High Jump Kick|p2a: Palafin\n|-damage|p2a: Palafin|57/100\n|move|p2a: Palafin|Drain Punch|p1a: Lopunny\n|-supereffective|p1a: Lopunny|1\n|-damage|p1a: Lopunny|0 fnt\n|-heal|p2a: Palafin|94/100|[from] drain|[of] p1a: Lopunny\n|faint|p1a: Lopunny\n|\n|-heal|p2a: Palafin|99/100|[from] item: Leftovers\n|upkeep\n|\n|t:|1776647897\n|switch|p1a: Corviknight|Corviknight, L50, F|100/100\n|-ability|p1a: Corviknight|Pressure\n|turn|9\n|\n|t:|1776647900\n|move|p2a: Palafin|Bulk Up|p2a: Palafin\n|-boost|p2a: Palafin|atk|1\n|-boost|p2a: Palafin|def|1\n|move|p1a: Corviknight|Iron Defense|p1a: Corviknight\n|-boost|p1a: Corviknight|def|2\n|\n|-heal|p2a: Palafin|100/100|[from] item: Leftovers\n|upkeep\n|turn|10\n|\n|t:|1776647925\n|move|p2a: Palafin|Jet Punch|p1a: Corviknight\n|-crit|p1a: Corviknight\n|-damage|p1a: Corviknight|35/100\n|move|p1a: Corviknight|Body Press|p2a: Palafin\n|-damage|p2a: Palafin|81/100\n|\n|-heal|p2a: Palafin|87/100|[from] item: Leftovers\n|-heal|p1a: Corviknight|40/100|[from] item: Leftovers\n|upkeep\n|turn|11\n|\n|t:|1776647942\n|move|p2a: Palafin|Jet Punch|p1a: Corviknight\n|-damage|p1a: Corviknight|18/100\n|move|p1a: Corviknight|Roost|p1a: Corviknight\n|-heal|p1a: Corviknight|68/100\n|-singleturn|p1a: Corviknight|move: Roost\n|\n|-heal|p2a: Palafin|93/100|[from] item: Leftovers\n|-heal|p1a: Corviknight|74/100|[from] item: Leftovers\n|upkeep\n|turn|12\n|\n|t:|1776647951\n|move|p2a: Palafin|Bulk Up|p2a: Palafin\n|-boost|p2a: Palafin|atk|1\n|-boost|p2a: Palafin|def|1\n|move|p1a: Corviknight|Iron Defense|p1a: Corviknight\n|-boost|p1a: Corviknight|def|2\n|\n|-heal|p2a: Palafin|98/100|[from] item: Leftovers\n|-heal|p1a: Corviknight|80/100|[from] item: Leftovers\n|upkeep\n|turn|13\n|\n|t:|1776647958\n|move|p2a: Palafin|Bulk Up|p2a: Palafin\n|-boost|p2a: Palafin|atk|1\n|-boost|p2a: Palafin|def|1\n|move|p1a: Corviknight|Iron Defense|p1a: Corviknight\n|-boost|p1a: Corviknight|def|2\n|\n|-heal|p2a: Palafin|100/100|[from] item: Leftovers\n|-heal|p1a: Corviknight|86/100|[from] item: Leftovers\n|upkeep\n|turn|14\n|\n|t:|1776647964\n|move|p2a: Palafin|Bulk Up|p2a: Palafin\n|-boost|p2a: Palafin|atk|1\n|-boost|p2a: Palafin|def|1\n|move|p1a: Corviknight|Body Press|p2a: Palafin\n|-crit|p2a: Palafin\n|-damage|p2a: Palafin|0 fnt\n|faint|p2a: Palafin\n|\n|-heal|p1a: Corviknight|92/100|[from] item: Leftovers\n|upkeep\n|\n|t:|1776647968\n|switch|p2a: Delphox|Delphox-Mega, L50, M|26/100\n|turn|15\n|\n|t:|1776647976\n|move|p2a: Delphox|Flamethrower|p1a: Corviknight\n|-supereffective|p1a: Corviknight|1\n|-damage|p1a: Corviknight|0 fnt\n|faint|p1a: Corviknight\n|\n|upkeep\n|\n|t:|1776647978\n|switch|p1a: Primarina|Primarina, L50, M|68/100\n|turn|16\n|\n|t:|1776647985\n|move|p1a: Primarina|Aqua Jet|p2a: Delphox\n|-supereffective|p2a: Delphox|1\n|-damage|p2a: Delphox|0 fnt\n|faint|p2a: Delphox\n|\n|win|gorilnx\n|raw|gorilnx's rating: 1149 &rarr; <strong>1168</strong><br />(+19 for winning)\n|raw|Wanyamon's rating: 1064 &rarr; <strong>1049</strong><br />(-15 for losing)\n|l|\u2606Wanyamon\n|player|p2|\n",
  "uploadtime": 1776647992,
  "views": 4,
  "formatid": "gen9championsbssregma",
  "rating": 1049,
  "private": 0,
  "password": null
}