{
  "id": "gen9championsbssregma-2585309479",
  "format": "[Gen 9 Champions] BSS Reg M-A",
  "players": [
    "PlatinumPassport",
    "Condamnation"
  ],
  "log": "|j|\u2606PlatinumPassport\n|j|\u2606Condamnation\n|t:|1776336355\n|gametype|singles\n|player|p1|PlatinumPassport|170|1439\n|player|p2|Condamnation|veteranf|1361\n|gen|9\n|tier|[Gen 9 Champions] BSS Reg M-A\n|rated|\n|rule|Species Clause: Limit one of each Pok\u00e9mon\n|rule|Item Clause: Limit 1 of each item\n|clearpoke\n|poke|p1|Mamoswine, L50, F|\n|poke|p1|Dragonite, L50, M|\n|poke|p1|Volcarona, L50, M|\n|poke|p1|Gengar, L50, F|\n|poke|p1|Meowscarada, L50, F|\n|poke|p1|Azumarill, L50, F|\n|poke|p2|Kangaskhan, L50, F|\n|poke|p2|Garchomp, L50, F|\n|poke|p2|Dragapult, L50, F|\n|poke|p2|Primarina, L50, F|\n|poke|p2|Corviknight, L50, F|\n|poke|p2|Volcarona, L50, F|\n|teampreview|3\n|j| p74\n|inactive|Battle timer is ON: inactive players will automatically lose when time's up. (requested by PlatinumPassport)\n|\n|t:|1776336409\n|teamsize|p1|3\n|teamsize|p2|3\n|start\n|switch|p1a: Mamoswine|Mamoswine, L50, F, shiny|100/100\n|switch|p2a: Kangaskhan|Kangaskhan, L50, F|100/100\n|turn|1\n|\n|t:|1776336418\n|detailschange|p2a: Kangaskhan|Kangaskhan-Mega, L50, F\n|-mega|p2a: Kangaskhan|Kangaskhan|Kangaskhanite\n|move|p1a: Mamoswine|Earthquake|p2a: Kangaskhan\n|-damage|p2a: Kangaskhan|47/100\n|move|p2a: Kangaskhan|Body Slam|p1a: Mamoswine\n|-damage|p1a: Mamoswine|49/100\n|-damage|p1a: Mamoswine|36/100\n|-status|p1a: Mamoswine|par\n|-hitcount|p1a: Mamoswine|2\n|\n|upkeep\n|turn|2\n|\n|t:|1776336422\n|switch|p1a: Gengar|Gengar, L50, F, shiny|100/100\n|move|p2a: Kangaskhan|Body Slam|p1a: Gengar\n|-immune|p1a: Gengar\n|\n|upkeep\n|turn|3\n|\n|t:|1776336430\n|detailschange|p1a: Gengar|Gengar-Mega, L50, F, shiny\n|-mega|p1a: Gengar|Gengar|Gengarite\n|move|p2a: Kangaskhan|Sucker Punch||[still]\n|-fail|p2a: Kangaskhan\n|move|p1a: Gengar|Will-O-Wisp|p2a: Kangaskhan\n|-status|p2a: Kangaskhan|brn\n|\n|-damage|p2a: Kangaskhan|41/100 brn|[from] brn\n|upkeep\n|turn|4\n|\n|t:|1776336439\n|move|p2a: Kangaskhan|Sucker Punch|p1a: Gengar\n|-supereffective|p1a: Gengar|1\n|-damage|p1a: Gengar|61/100\n|-supereffective|p1a: Gengar|1\n|-damage|p1a: Gengar|52/100\n|-hitcount|p1a: Gengar|2\n|move|p1a: Gengar|Sludge Wave|p2a: Kangaskhan\n|-damage|p2a: Kangaskhan|0 fnt\n|faint|p2a: Kangaskhan\n|\n|upkeep\n|\n|t:|1776336441\n|switch|p2a: Dragapult|Dragapult, L50, F|100/100\n|turn|5\n|j| RedCharonKnight\n|\n|t:|1776336449\n|move|p2a: Dragapult|Hex|p1a: Gengar\n|-supereffective|p1a: Gengar|1\n|-damage|p1a: Gengar|0 fnt\n|faint|p1a: Gengar\n|\n|upkeep\n|\n|t:|1776336454\n|switch|p1a: Volcarona|Volcarona, L50, M, shiny|100/100\n|turn|6\n|\n|t:|1776336464\n|switch|p2a: Garchomp|Garchomp, L50, F|100/100\n|move|p1a: Volcarona|Quiver Dance|p1a: Volcarona\n|-boost|p1a: Volcarona|spa|1\n|-boost|p1a: Volcarona|spd|1\n|-boost|p1a: Volcarona|spe|1\n|\n|upkeep\n|turn|7\n|\n|t:|1776336467\n|move|p2a: Garchomp|Rock Tomb|p1a: Volcarona\n|-supereffective|p1a: Volcarona|2\n|-damage|p1a: Volcarona|0 fnt\n|faint|p1a: Volcarona\n|\n|upkeep\n|\n|t:|1776336471\n|switch|p1a: Mamoswine|Mamoswine, L50, F, shiny|36/100 par\n|turn|8\n|\n|t:|1776336475\n|move|p2a: Garchomp|Rock Tomb|p1a: Mamoswine\n|-damage|p1a: Mamoswine|11/100 par\n|-unboost|p1a: Mamoswine|spe|1\n|move|p1a: Mamoswine|Icicle Spear|p2a: Garchomp\n|-supereffective|p2a: Garchomp|2\n|-damage|p2a: Garchomp|46/100\n|-supereffective|p2a: Garchomp|2\n|-damage|p2a: Garchomp|0 fnt\n|faint|p2a: Garchomp\n|-hitcount|p2: Garchomp|2\n|\n|upkeep\n|\n|t:|1776336479\n|switch|p2a: Dragapult|Dragapult, L50, F|100/100\n|turn|9\n|\n|t:|1776336480\n|move|p1a: Mamoswine|Ice Shard|p2a: Dragapult\n|-supereffective|p2a: Dragapult|1\n|-damage|p2a: Dragapult|40/100\n|-enditem|p2a: Dragapult|Sitrus Berry|[eat]\n|-heal|p2a: Dragapult|65/100|[from] item: Sitrus Berry\n|move|p2a: Dragapult|Hex|p1a: Mamoswine\n|-damage|p1a: Mamoswine|0 fnt\n|faint|p1a: Mamoswine\n|\n|win|Condamnation\n|raw|PlatinumPassport's rating: 1439 &rarr; <strong>1415</strong><br />(-24 for losing)\n|raw|Condamnation's rating: 1361 &rarr; <strong>1385</strong><br />(+24 for winning)\n|l|\u2606PlatinumPassport\n|player|p1|\n|l|\u2606Condamnation\n|player|p2|\n",
  "uploadtime": 1776336656,
  "views": 11,
  "formatid": "gen9championsbssregma",
  "rating": 1385,
  "private": 0,
  "password": null
}