{
  "id": "gen9championsbssregma-2587129755",
  "format": "[Gen 9 Champions] BSS Reg M-A",
  "players": [
    "joguri",
    "liliyliilyliy"
  ],
  "log": "|j|\u2606joguri\n|j|\u2606liliyliilyliy\n|t:|1776497671\n|gametype|singles\n|player|p1|joguri|dawn|1025\n|player|p2|liliyliilyliy|roxie|1069\n|gen|9\n|tier|[Gen 9 Champions] BSS Reg M-A\n|rated|\n|rule|Species Clause: Limit one of each Pok\u00e9mon\n|rule|Item Clause: Limit 1 of each item\n|clearpoke\n|poke|p1|Clefable, L50, F|\n|poke|p1|Garchomp, L50, F|\n|poke|p1|Glimmora, L50, F|\n|poke|p1|Lopunny, L50, F|\n|poke|p1|Primarina, L50, F|\n|poke|p1|Corviknight, L50, F|\n|poke|p2|Vivillon, L50, F|\n|poke|p2|Araquanid, L50, F|\n|poke|p2|Beedrill, L50, F|\n|poke|p2|Kleavor, L50, F|\n|poke|p2|Scizor, L50, M|\n|poke|p2|Volcarona, L50, M|\n|teampreview|3\n|\n|t:|1776497694\n|teamsize|p1|3\n|teamsize|p2|3\n|start\n|switch|p1a: Lopunny|Lopunny, L50, F|100/100\n|switch|p2a: Scizor|Scizor, L50, M|100/100\n|turn|1\n|inactive|Battle timer is ON: inactive players will automatically lose when time's up. (requested by joguri)\n|\n|t:|1776497700\n|detailschange|p2a: Scizor|Scizor-Mega, L50, M\n|-mega|p2a: Scizor|Scizor|Scizorite\n|move|p1a: Lopunny|Cotton Guard|p1a: Lopunny\n|-boost|p1a: Lopunny|def|3\n|move|p2a: Scizor|Iron Defense|p2a: Scizor\n|-boost|p2a: Scizor|def|2\n|\n|upkeep\n|turn|2\n|\n|t:|1776497717\n|move|p1a: Lopunny|Cotton Guard|p1a: Lopunny\n|-boost|p1a: Lopunny|def|3\n|move|p2a: Scizor|Double Team|p2a: Scizor\n|-boost|p2a: Scizor|evasion|1\n|\n|upkeep\n|turn|3\n|\n|t:|1776497723\n|move|p1a: Lopunny|Agility|p1a: Lopunny\n|-boost|p1a: Lopunny|spe|2\n|move|p2a: Scizor|Double Team|p2a: Scizor\n|-boost|p2a: Scizor|evasion|1\n|\n|upkeep\n|turn|4\n|\n|t:|1776497728\n|move|p1a: Lopunny|Encore|p2a: Scizor\n|-start|p2a: Scizor|Encore\n|move|p2a: Scizor|Double Team|p2a: Scizor\n|-boost|p2a: Scizor|evasion|1\n|\n|upkeep\n|turn|5\n|\n|t:|1776497733\n|move|p1a: Lopunny|Agility|p1a: Lopunny\n|-boost|p1a: Lopunny|spe|2\n|move|p2a: Scizor|Double Team|p2a: Scizor\n|-boost|p2a: Scizor|evasion|1\n|\n|upkeep\n|turn|6\n|\n|t:|1776497740\n|move|p1a: Lopunny|Baton Pass|p1a: Lopunny\n|\n|t:|1776497742\n|switch|p1a: Clefable|Clefable, L50, F|100/100|[from] Baton Pass\n|move|p2a: Scizor|Double Team|p2a: Scizor\n|-boost|p2a: Scizor|evasion|1\n|\n|-end|p2a: Scizor|Encore\n|upkeep\n|turn|7\n|\n|t:|1776497750\n|move|p1a: Clefable|Calm Mind|p1a: Clefable\n|-boost|p1a: Clefable|spa|1\n|-boost|p1a: Clefable|spd|1\n|move|p2a: Scizor|Baton Pass|p2a: Scizor\n|\n|t:|1776497753\n|switch|p2a: Vivillon|Vivillon, L50, F|100/100|[from] Baton Pass\n|\n|upkeep\n|turn|8\n|\n|t:|1776497761\n|move|p1a: Clefable|Calm Mind|p1a: Clefable\n|-boost|p1a: Clefable|spa|1\n|-boost|p1a: Clefable|spd|1\n|move|p2a: Vivillon|Sleep Powder|p1a: Clefable\n|-status|p1a: Clefable|slp|[from] move: Sleep Powder\n|\n|upkeep\n|turn|9\n|\n|t:|1776497770\n|cant|p1a: Clefable|slp\n|move|p2a: Vivillon|Substitute|p2a: Vivillon\n|-start|p2a: Vivillon|Substitute\n|-damage|p2a: Vivillon|76/100\n|\n|-heal|p2a: Vivillon|81/100|[from] item: Leftovers\n|upkeep\n|turn|10\n|\n|t:|1776497777\n|-curestatus|p1a: Clefable|slp|[msg]\n|move|p1a: Clefable|Calm Mind|p1a: Clefable\n|-boost|p1a: Clefable|spa|1\n|-boost|p1a: Clefable|spd|1\n|move|p2a: Vivillon|Quiver Dance|p2a: Vivillon\n|-boost|p2a: Vivillon|spa|1\n|-boost|p2a: Vivillon|spd|1\n|-boost|p2a: Vivillon|spe|1\n|\n|-heal|p2a: Vivillon|87/100|[from] item: Leftovers\n|upkeep\n|turn|11\n|\n|t:|1776497794\n|detailschange|p1a: Clefable|Clefable-Mega, L50, F\n|-mega|p1a: Clefable|Clefable|Clefablite\n|move|p1a: Clefable|Stored Power|p2a: Vivillon\n|-end|p2a: Vivillon|Substitute\n|move|p2a: Vivillon|Sleep Powder|p1a: Clefable\n|move|p1a: Clefable|Sleep Powder|p2a: Vivillon|[from] ability: Magic Bounce\n|-status|p2a: Vivillon|slp|[from] move: Sleep Powder\n|\n|-heal|p2a: Vivillon|93/100 slp|[from] item: Leftovers\n|upkeep\n|turn|12\n|-message|liliyliilyliy forfeited.\n|\n|win|joguri\n|raw|joguri's rating: 1025 &rarr; <strong>1066</strong><br />(+41 for winning)\n|raw|liliyliilyliy's rating: 1069 &rarr; <strong>1046</strong><br />(-23 for losing)\n|l|\u2606liliyliilyliy\n|player|p2|\n",
  "uploadtime": 1776497814,
  "views": 7,
  "formatid": "gen9championsbssregma",
  "rating": 1046,
  "private": 0,
  "password": null
}