{
  "id": "gen9championsbssregma-2588552699",
  "format": "[Gen 9 Champions] BSS Reg M-A",
  "players": [
    "ninjadog202",
    "qweralt"
  ],
  "log": "|j|\u2606ninjadog202\n|j|\u2606qweralt\n|t:|1776644277\n|gametype|singles\n|player|p1|ninjadog202|265|1162\n|player|p2|qweralt|boarder|1198\n|gen|9\n|tier|[Gen 9 Champions] BSS Reg M-A\n|rated|\n|rule|Species Clause: Limit one of each Pok\u00e9mon\n|rule|Item Clause: Limit 1 of each item\n|clearpoke\n|poke|p1|Glimmora, L50, M|\n|poke|p1|Meowscarada, L50, F|\n|poke|p1|Mimikyu, L50, F|\n|poke|p1|Charizard, L50, M|\n|poke|p1|Rotom-Wash, L50|\n|poke|p1|Lucario, L50, F|\n|poke|p2|Delphox, L50, M|\n|poke|p2|Hatterene, L50, F|\n|poke|p2|Weavile, L50, M|\n|poke|p2|Volcarona, L50, M|\n|poke|p2|Rotom-Wash, L50|\n|poke|p2|Ditto, L50, shiny|\n|teampreview|3\n|\n|t:|1776644346\n|teamsize|p1|3\n|teamsize|p2|3\n|start\n|switch|p1a: Lucario|Lucario, L50, F|100/100\n|switch|p2a: Rotom-Miss|Rotom-Wash, L50|100/100\n|turn|1\n|\n|t:|1776644373\n|switch|p1a: Glimmora|Glimmora, L50, M|100/100\n|move|p2a: Rotom-Miss|Will-O-Wisp|p1a: Glimmora\n|-status|p1a: Glimmora|brn\n|\n|-damage|p1a: Glimmora|94/100 brn|[from] brn\n|upkeep\n|turn|2\n|\n|t:|1776644381\n|move|p1a: Glimmora|Energy Ball|p2a: Rotom-Miss\n|-supereffective|p2a: Rotom-Miss|1\n|-damage|p2a: Rotom-Miss|41/100\n|move|p2a: Rotom-Miss|Hydro Pump|p1a: Glimmora\n|-supereffective|p1a: Glimmora|1\n|-damage|p1a: Glimmora|0 fnt\n|faint|p1a: Glimmora\n|\n|upkeep\n|\n|t:|1776644388\n|switch|p1a: Mimikyu|Mimikyu, L50, F|100/100\n|turn|3\n|\n|t:|1776644393\n|move|p1a: Mimikyu|Swords Dance|p1a: Mimikyu\n|-boost|p1a: Mimikyu|atk|2\n|move|p2a: Rotom-Miss|Will-O-Wisp|p1a: Mimikyu\n|-status|p1a: Mimikyu|brn\n|\n|-damage|p1a: Mimikyu|94/100 brn|[from] brn\n|upkeep\n|turn|4\n|\n|t:|1776644398\n|move|p1a: Mimikyu|Shadow Claw|p2a: Rotom-Miss\n|-damage|p2a: Rotom-Miss|18/100\n|move|p2a: Rotom-Miss|Volt Switch|p1a: Mimikyu\n|-activate|p1a: Mimikyu|ability: Disguise\n|-damage|p1a: Mimikyu|94/100 brn\n|detailschange|p1a: Mimikyu|Mimikyu-Busted, L50, F\n|-damage|p1a: Mimikyu|82/100 brn|[from] pokemon: Mimikyu-Busted\n|\n|t:|1776644403\n|switch|p2a: Weavile|Weavile, L50, M|100/100|[from] Volt Switch\n|-ability|p2a: Weavile|Pressure\n|\n|-damage|p1a: Mimikyu|76/100 brn|[from] brn\n|upkeep\n|turn|5\n|\n|t:|1776644407\n|move|p2a: Weavile|Triple Axel|p1a: Mimikyu\n|-damage|p1a: Mimikyu|55/100 brn\n|-hitcount|p1a: Mimikyu|1\n|move|p1a: Mimikyu|Play Rough|p2a: Weavile\n|-supereffective|p2a: Weavile|1\n|-damage|p2a: Weavile|0 fnt\n|faint|p2a: Weavile\n|\n|-damage|p1a: Mimikyu|49/100 brn|[from] brn\n|upkeep\n|-enditem|p1a: Mimikyu|Sitrus Berry|[eat]\n|-heal|p1a: Mimikyu|74/100 brn|[from] item: Sitrus Berry\n|\n|t:|1776644433\n|switch|p2a: Delphox|Delphox, L50, M|100/100\n|turn|6\n|\n|t:|1776644441\n|detailschange|p2a: Delphox|Delphox-Mega, L50, M\n|-mega|p2a: Delphox|Delphox|Delphoxite\n|move|p1a: Mimikyu|Shadow Sneak|p2a: Delphox\n|-supereffective|p2a: Delphox|1\n|-damage|p2a: Delphox|50/100\n|move|p2a: Delphox|Fire Blast|p1a: Mimikyu|[miss]\n|-miss|p2a: Delphox|p1a: Mimikyu\n|\n|-damage|p1a: Mimikyu|68/100 brn|[from] brn\n|upkeep\n|turn|7\n|\n|t:|1776644453\n|move|p1a: Mimikyu|Shadow Sneak|p2a: Delphox\n|-supereffective|p2a: Delphox|1\n|-damage|p2a: Delphox|2/100\n|move|p2a: Delphox|Fire Blast|p1a: Mimikyu\n|-damage|p1a: Mimikyu|0 fnt\n|faint|p1a: Mimikyu\n|\n|upkeep\n|\n|t:|1776644457\n|switch|p1a: Lucario|Lucario, L50, F|100/100\n|turn|8\n|\n|t:|1776644460\n|detailschange|p1a: Lucario|Lucario-Mega, L50, F\n|-mega|p1a: Lucario|Lucario|Lucarionite\n|move|p1a: Lucario|Vacuum Wave|p2a: Delphox\n|-resisted|p2a: Delphox|1\n|-damage|p2a: Delphox|0 fnt\n|faint|p2a: Delphox\n|\n|upkeep\n|\n|t:|1776644463\n|switch|p2a: Rotom-Miss|Rotom-Wash, L50|18/100\n|turn|9\n|\n|t:|1776644465\n|move|p1a: Lucario|Aura Sphere|p2a: Rotom-Miss\n|-crit|p2a: Rotom-Miss\n|-damage|p2a: Rotom-Miss|0 fnt\n|faint|p2a: Rotom-Miss\n|\n|win|ninjadog202\n|raw|ninjadog202's rating: 1162 &rarr; <strong>1188</strong><br />(+26 for winning)\n|raw|qweralt's rating: 1175 &rarr; <strong>1149</strong><br />(-26 for losing)\n",
  "uploadtime": 1776644468,
  "views": 5,
  "formatid": "gen9championsbssregma",
  "rating": 1149,
  "private": 0,
  "password": null
}