{
  "id": "gen9championsbssregma-2587856078",
  "format": "[Gen 9 Champions] BSS Reg M-A",
  "players": [
    "KoziolKombat",
    "basedshed"
  ],
  "log": "|j|\u2606KoziolKombat\n|j|\u203dbasedshed\n|t:|1776571139\n|gametype|singles\n|player|p1|KoziolKombat|yellow|1070\n|player|p2|basedshed|265|1098\n|gen|9\n|tier|[Gen 9 Champions] BSS Reg M-A\n|rated|\n|rule|Species Clause: Limit one of each Pok\u00e9mon\n|rule|Item Clause: Limit 1 of each item\n|clearpoke\n|poke|p1|Beedrill, L50, M, shiny|\n|poke|p1|Skeledirge, L50, M, shiny|\n|poke|p1|Samurott-Hisui, L50, F, shiny|\n|poke|p1|Sylveon, L50, M, shiny|\n|poke|p1|Glimmora, L50, F, shiny|\n|poke|p1|Dragonite, L50, F|\n|poke|p2|Sneasler, L50, F|\n|poke|p2|Polteageist, L50|\n|poke|p2|Archaludon, L50, M|\n|poke|p2|Armarouge, L50, F|\n|poke|p2|Gyarados, L50, M|\n|poke|p2|Meowscarada, L50, M|\n|teampreview|3\n|inactive|Battle timer is ON: inactive players will automatically lose when time's up. (requested by basedshed)\n|inactive|basedshed has 60 seconds left.\n|inactive|basedshed has 30 seconds left.\n|\n|t:|1776571224\n|teamsize|p1|3\n|teamsize|p2|3\n|start\n|switch|p1a: Wiseman|Samurott-Hisui, L50, F, shiny|100/100\n|switch|p2a: Meowscarada|Meowscarada, L50, M|100/100\n|turn|1\n|inactive|basedshed has 30 seconds left.\n|\n|t:|1776571251\n|move|p2a: Meowscarada|U-turn|p1a: Wiseman\n|-start|p2a: Meowscarada|typechange|Bug|[from] ability: Protean\n|-supereffective|p1a: Wiseman|1\n|-damage|p1a: Wiseman|20/100\n|\n|t:|1776571255\n|switch|p2a: Sneasler|Sneasler, L50, F|100/100|[from] U-turn\n|move|p1a: Wiseman|Sacred Sword|p2a: Sneasler\n|-resisted|p2a: Sneasler|1\n|-damage|p2a: Sneasler|67/100\n|\n|upkeep\n|turn|2\n|\n|t:|1776571271\n|switch|p1a: GlimmyButler|Glimmora, L50, F, shiny|100/100\n|move|p2a: Sneasler|Dire Claw|p1a: GlimmyButler\n|-resisted|p1a: GlimmyButler|2\n|-damage|p1a: GlimmyButler|87/100\n|-activate|p1a: GlimmyButler|ability: Toxic Debris\n|-sidestart|p2: basedshed|move: Toxic Spikes\n|\n|upkeep\n|turn|3\n|inactive|KoziolKombat has 30 seconds left.\n|\n|t:|1776571298\n|switch|p2a: Meowscarada|Meowscarada, L50, M|100/100\n|-status|p2a: Meowscarada|psn\n|detailschange|p1a: GlimmyButler|Glimmora-Mega, L50, F, shiny\n|-mega|p1a: GlimmyButler|Glimmora|Glimmoranite\n|move|p1a: GlimmyButler|Earth Power|p2a: Meowscarada\n|-resisted|p2a: Meowscarada|1\n|-damage|p2a: Meowscarada|74/100 psn\n|\n|-damage|p2a: Meowscarada|62/100 psn|[from] psn\n|upkeep\n|turn|4\n|\n|t:|1776571314\n|switch|p1a: Skeledirge|Skeledirge, L50, M, shiny|100/100\n|move|p2a: Meowscarada|Flower Trick|p1a: Skeledirge\n|-start|p2a: Meowscarada|typechange|Grass|[from] ability: Protean\n|-resisted|p1a: Skeledirge|1\n|-crit|p1a: Skeledirge\n|-damage|p1a: Skeledirge|79/100\n|\n|-damage|p2a: Meowscarada|50/100 psn|[from] psn\n|upkeep\n|turn|5\n|inactive|KoziolKombat has 30 seconds left.\n|\n|t:|1776571340\n|switch|p2a: Polteageist|Polteageist, L50|100/100\n|-status|p2a: Polteageist|psn\n|move|p1a: Skeledirge|Torch Song|p2a: Polteageist\n|-damage|p2a: Polteageist|39/100 psn\n|-boost|p1a: Skeledirge|spa|1\n|-start|p1a: Skeledirge|Disable|Torch Song|[from] ability: Cursed Body|[of] p2a: Polteageist\n|\n|-damage|p2a: Polteageist|27/100 psn|[from] psn\n|upkeep\n|turn|6\n|inactive|KoziolKombat has 30 seconds left.\n|inactive|basedshed has 30 seconds left.\n|\n|t:|1776571372\n|move|p2a: Polteageist|Shadow Ball|p1a: Skeledirge\n|-supereffective|p1a: Skeledirge|1\n|-damage|p1a: Skeledirge|0 fnt\n|faint|p1a: Skeledirge\n|\n|-damage|p2a: Polteageist|14/100 psn|[from] psn\n|upkeep\n|\n|t:|1776571378\n|switch|p1a: Wiseman|Samurott-Hisui, L50, F, shiny|20/100\n|turn|7\n|\n|t:|1776571387\n|move|p1a: Wiseman|Ceaseless Edge|p2a: Polteageist\n|-supereffective|p2a: Polteageist|1\n|-damage|p2a: Polteageist|0 fnt\n|-sidestart|p2: basedshed|Spikes\n|faint|p2a: Polteageist\n|\n|upkeep\n|inactive|basedshed has 30 seconds left.\n|\n|t:|1776571415\n|switch|p2a: Meowscarada|Meowscarada, L50, M|50/100 psn\n|-damage|p2a: Meowscarada|37/100 psn|[from] Spikes\n|turn|8\n|inactive|KoziolKombat has 30 seconds left.\n|\n|t:|1776571446\n|move|p2a: Meowscarada|Flower Trick|p1a: Wiseman\n|-start|p2a: Meowscarada|typechange|Grass|[from] ability: Protean\n|-supereffective|p1a: Wiseman|1\n|-crit|p1a: Wiseman\n|-damage|p1a: Wiseman|0 fnt\n|faint|p1a: Wiseman\n|\n|-damage|p2a: Meowscarada|25/100 psn|[from] psn\n|upkeep\n|\n|t:|1776571449\n|switch|p1a: GlimmyButler|Glimmora-Mega, L50, F, shiny|87/100\n|turn|9\n|\n|t:|1776571462\n|move|p2a: Meowscarada|Flower Trick|p1a: GlimmyButler\n|-crit|p1a: GlimmyButler\n|-damage|p1a: GlimmyButler|32/100\n|move|p1a: GlimmyButler|Earth Power|p2a: Meowscarada\n|-resisted|p2a: Meowscarada|1\n|-damage|p2a: Meowscarada|0 fnt\n|faint|p2a: Meowscarada\n|\n|upkeep\n|\n|t:|1776571467\n|switch|p2a: Sneasler|Sneasler, L50, F|67/100\n|-sideend|p2: basedshed|move: Toxic Spikes|[of] p2a: Sneasler\n|-damage|p2a: Sneasler|55/100|[from] Spikes\n|turn|10\n|\n|t:|1776571471\n|move|p2a: Sneasler|Close Combat|p1a: GlimmyButler\n|-crit|p1a: GlimmyButler\n|-damage|p1a: GlimmyButler|0 fnt\n|-unboost|p2a: Sneasler|def|1\n|-unboost|p2a: Sneasler|spd|1\n|faint|p1a: GlimmyButler\n|\n|win|basedshed\n|raw|KoziolKombat's rating: 1070 &rarr; <strong>1051</strong><br />(-19 for losing)\n|raw|basedshed's rating: 1098 &rarr; <strong>1121</strong><br />(+23 for winning)\n",
  "uploadtime": 1776571474,
  "views": 6,
  "formatid": "gen9championsbssregma",
  "rating": 1051,
  "private": 0,
  "password": null
}