{
  "id": "gen9championsbssregma-2585370394",
  "format": "[Gen 9 Champions] BSS Reg M-A",
  "players": [
    "FLMG Lazuli",
    "BBBBbkty"
  ],
  "log": "|j|\u2606FLMG Lazuli\n|j|\u2606BBBBbkty\n|t:|1776342105\n|gametype|singles\n|player|p1|FLMG Lazuli|clerkf|1038\n|player|p2|BBBBbkty|101|1000\n|gen|9\n|tier|[Gen 9 Champions] BSS Reg M-A\n|rated|\n|rule|Species Clause: Limit one of each Pok\u00e9mon\n|rule|Item Clause: Limit 1 of each item\n|clearpoke\n|poke|p1|Aggron, L50, F|\n|poke|p1|Orthworm, L50, F|\n|poke|p1|Umbreon, L50, M|\n|poke|p1|Ditto, L50|\n|poke|p1|Meowscarada, L50, M|\n|poke|p1|Glimmora, L50, F|\n|poke|p2|Dragapult, L50, M|\n|poke|p2|Alakazam, L50, F|\n|poke|p2|Azumarill, L50, M|\n|poke|p2|Aerodactyl, L50, F|\n|poke|p2|Floette-Eternal, L50, F|\n|poke|p2|Abomasnow, L50, M|\n|teampreview|3\n|inactive|Battle timer is ON: inactive players will automatically lose when time's up. (requested by BBBBbkty)\n|\n|t:|1776342136\n|teamsize|p1|3\n|teamsize|p2|3\n|start\n|switch|p1a: Umbreon|Umbreon, L50, M, shiny|100/100\n|switch|p2a: Dragapult|Dragapult, L50, M, shiny|100/100\n|turn|1\n|\n|t:|1776342145\n|move|p2a: Dragapult|Dragon Dance|p2a: Dragapult\n|-boost|p2a: Dragapult|atk|1\n|-boost|p2a: Dragapult|spe|1\n|move|p1a: Umbreon|Foul Play|p2a: Dragapult\n|-supereffective|p2a: Dragapult|1\n|-enditem|p2a: Dragapult|Focus Sash\n|-damage|p2a: Dragapult|1/100\n|\n|upkeep\n|turn|2\n|\n|t:|1776342157\n|move|p2a: Dragapult|Dragon Darts|p1a: Umbreon\n|-damage|p1a: Umbreon|73/100\n|-anim|p2a: Dragapult|Dragon Darts|p1a: Umbreon\n|-damage|p1a: Umbreon|48/100\n|move|p1a: Umbreon|Toxic|p2a: Dragapult\n|-status|p2a: Dragapult|tox\n|\n|-heal|p1a: Umbreon|53/100|[from] item: Leftovers\n|-damage|p2a: Dragapult|0 fnt|[from] psn\n|faint|p2a: Dragapult\n|upkeep\n|\n|t:|1776342168\n|switch|p2a: Azumarill|Azumarill, L50, M|100/100\n|turn|3\n|\n|t:|1776342173\n|move|p1a: Umbreon|Toxic|p2a: Azumarill\n|-status|p2a: Azumarill|tox\n|move|p2a: Azumarill|Belly Drum|p2a: Azumarill\n|-damage|p2a: Azumarill|50/100 tox\n|-setboost|p2a: Azumarill|atk|6|[from] move: Belly Drum\n|\n|-heal|p1a: Umbreon|59/100|[from] item: Leftovers\n|-damage|p2a: Azumarill|45/100 tox|[from] psn\n|upkeep\n|turn|4\n|\n|t:|1776342184\n|move|p1a: Umbreon|Protect|p1a: Umbreon\n|-singleturn|p1a: Umbreon|Protect\n|move|p2a: Azumarill|Brick Break|p1a: Umbreon\n|-activate|p1a: Umbreon|move: Protect\n|\n|-heal|p1a: Umbreon|65/100|[from] item: Leftovers\n|-damage|p2a: Azumarill|33/100 tox|[from] psn\n|upkeep\n|turn|5\n|\n|t:|1776342197\n|move|p1a: Umbreon|Wish|p1a: Umbreon\n|move|p2a: Azumarill|Brick Break|p1a: Umbreon\n|-supereffective|p1a: Umbreon|1\n|-damage|p1a: Umbreon|0 fnt\n|faint|p1a: Umbreon\n|\n|-damage|p2a: Azumarill|16/100 tox|[from] psn\n|upkeep\n|\n|t:|1776342205\n|switch|p1a: Ditto|Ditto, L50, shiny|100/100\n|-transform|p1a: Ditto|p2a: Azumarill|[from] ability: Imposter\n|turn|6\n|\n|t:|1776342217\n|move|p2a: Azumarill|Aqua Jet|p1a: Ditto\n|-resisted|p1a: Ditto|1\n|-damage|p1a: Ditto|70/100\n|move|p1a: Ditto|Play Rough|p2a: Azumarill\n|-damage|p2a: Azumarill|0 fnt\n|faint|p2a: Azumarill\n|\n|-heal|p1a: Ditto|100/100|[from] move: Wish|[wisher] Umbreon\n|upkeep\n|\n|t:|1776342225\n|switch|p2a: Alakazam|Alakazam, L50, F, shiny|100/100\n|turn|7\n|\n|t:|1776342230\n|detailschange|p2a: Alakazam|Alakazam-Mega, L50, F, shiny\n|-mega|p2a: Alakazam|Alakazam|Alakazite\n|-ability|p2a: Alakazam|Huge Power|Trace|[from] ability: Trace|[of] p1a: Ditto\n|move|p2a: Alakazam|Shadow Ball|p1a: Ditto\n|-damage|p1a: Ditto|64/100\n|move|p1a: Ditto|Play Rough|p2a: Alakazam|[miss]\n|-miss|p1a: Ditto|p2a: Alakazam\n|\n|upkeep\n|turn|8\n|\n|t:|1776342245\n|move|p2a: Alakazam|Shadow Ball|p1a: Ditto\n|-damage|p1a: Ditto|29/100\n|move|p1a: Ditto|Play Rough|p2a: Alakazam\n|-damage|p2a: Alakazam|0 fnt\n|faint|p2a: Alakazam\n|\n|win|FLMG Lazuli\n|raw|FLMG Lazuli's rating: 1038 &rarr; <strong>1069</strong><br />(+31 for winning)\n|raw|BBBBbkty's rating: 1000 &rarr; <strong>1000</strong><br />(+0 for losing)\n",
  "uploadtime": 1776342249,
  "views": 5,
  "formatid": "gen9championsbssregma",
  "rating": 1000,
  "private": 0,
  "password": null
}