{
  "id": "gen9championsbssregma-2581799913",
  "format": "[Gen 9 Champions] BSS Reg M-A",
  "players": [
    "Marmeladas",
    "majorasburner"
  ],
  "log": "|j|\u2606Marmeladas\n|j|\u2606majorasburner\n|t:|1776029398\n|gametype|singles\n|player|p1|Marmeladas|266|1033\n|player|p2|majorasburner|266|1089\n|gen|9\n|tier|[Gen 9 Champions] BSS Reg M-A\n|rated|\n|rule|Species Clause: Limit one of each Pok\u00e9mon\n|rule|Item Clause: Limit 1 of each item\n|clearpoke\n|poke|p1|Feraligatr, L50, M|\n|poke|p1|Corviknight, L50, M|\n|poke|p1|Arcanine, L50, M|\n|poke|p1|Hippowdon, L50, F|\n|poke|p1|Tyranitar, L50, F|\n|poke|p1|Venusaur, L50, M|\n|poke|p2|Starmie, L50|\n|poke|p2|Meowscarada, L50, F|\n|poke|p2|Ceruledge, L50, M|\n|poke|p2|Whimsicott, L50, F|\n|poke|p2|Torkoal, L50, F|\n|poke|p2|Crabominable, L50, M|\n|teampreview|3\n|\n|t:|1776029429\n|teamsize|p1|3\n|teamsize|p2|3\n|start\n|switch|p1a: Corviknight|Corviknight, L50, M|100/100\n|switch|p2a: Meowscarada|Meowscarada, L50, F|100/100\n|turn|1\n|\n|t:|1776029437\n|move|p2a: Meowscarada|U-turn|p1a: Corviknight\n|-start|p2a: Meowscarada|typechange|Bug|[from] ability: Protean\n|-resisted|p1a: Corviknight|2\n|-damage|p1a: Corviknight|95/100\n|\n|t:|1776029439\n|switch|p2a: Starmie|Starmie, L50|100/100|[from] U-turn\n|move|p1a: Corviknight|Brave Bird|p2a: Starmie\n|-damage|p2a: Starmie|51/100\n|-damage|p1a: Corviknight|82/100|[from] Recoil\n|\n|upkeep\n|turn|2\n|\n|t:|1776029448\n|detailschange|p2a: Starmie|Starmie-Mega, L50\n|-mega|p2a: Starmie|Starmie|Starminite\n|move|p2a: Starmie|Bulk Up|p2a: Starmie\n|-boost|p2a: Starmie|atk|1\n|-boost|p2a: Starmie|def|1\n|move|p1a: Corviknight|U-turn|p2a: Starmie\n|-supereffective|p2a: Starmie|1\n|-damage|p2a: Starmie|30/100\n|\n|t:|1776029465\n|switch|p1a: Feraligatr|Feraligatr, L50, M|100/100|[from] U-turn\n|\n|upkeep\n|turn|3\n|\n|t:|1776029471\n|detailschange|p1a: Feraligatr|Feraligatr-Mega, L50, M\n|-mega|p1a: Feraligatr|Feraligatr|Feraligite\n|move|p2a: Starmie|Recover|p2a: Starmie\n|-heal|p2a: Starmie|81/100\n|move|p1a: Feraligatr|Double-Edge|p2a: Starmie\n|-damage|p2a: Starmie|12/100\n|-damage|p1a: Feraligatr|78/100|[from] Recoil\n|\n|upkeep\n|turn|4\n|\n|t:|1776029480\n|switch|p2a: Whimsicott|Whimsicott, L50, F|100/100\n|move|p1a: Feraligatr|Double-Edge|p2a: Whimsicott\n|-immune|p2a: Whimsicott\n|\n|upkeep\n|turn|5\n|\n|t:|1776029497\n|switch|p2a: Starmie|Starmie-Mega, L50|12/100\n|switch|p1a: Corviknight|Corviknight, L50, M|82/100\n|\n|upkeep\n|turn|6\n|\n|t:|1776029503\n|move|p2a: Starmie|Recover|p2a: Starmie\n|-heal|p2a: Starmie|62/100\n|move|p1a: Corviknight|U-turn|p2a: Starmie\n|-supereffective|p2a: Starmie|1\n|-damage|p2a: Starmie|29/100\n|\n|t:|1776029509\n|switch|p1a: Arcanine|Arcanine, L50, M|100/100|[from] U-turn\n|-ability|p1a: Arcanine|Intimidate|boost\n|-unboost|p2a: Starmie|atk|1\n|\n|upkeep\n|turn|7\n|\n|t:|1776029514\n|switch|p2a: Whimsicott|Whimsicott, L50, F|100/100\n|move|p1a: Arcanine|Extreme Speed|p2a: Whimsicott\n|-damage|p2a: Whimsicott|64/100\n|\n|upkeep\n|turn|8\n|\n|t:|1776029522\n|move|p2a: Whimsicott|Memento|p1a: Arcanine\n|-unboost|p1a: Arcanine|atk|2\n|-unboost|p1a: Arcanine|spa|2\n|faint|p2a: Whimsicott\n|move|p1a: Arcanine|Flare Blitz|p2: Whimsicott|[notarget]\n|-fail|p1a: Arcanine\n|\n|upkeep\n|\n|t:|1776029523\n|switch|p2a: Starmie|Starmie-Mega, L50|29/100\n|turn|9\n|\n|t:|1776029530\n|move|p2a: Starmie|Bulk Up|p2a: Starmie\n|-boost|p2a: Starmie|atk|1\n|-boost|p2a: Starmie|def|1\n|move|p1a: Arcanine|Will-O-Wisp|p2a: Starmie\n|-status|p2a: Starmie|brn\n|\n|-damage|p2a: Starmie|23/100 brn|[from] brn\n|upkeep\n|turn|10\n|\n|t:|1776029538\n|switch|p1a: Corviknight|Corviknight, L50, M|82/100\n|move|p2a: Starmie|Bulk Up|p2a: Starmie\n|-boost|p2a: Starmie|atk|1\n|-boost|p2a: Starmie|def|1\n|\n|-damage|p2a: Starmie|18/100 brn|[from] brn\n|upkeep\n|turn|11\n|\n|t:|1776029545\n|move|p2a: Starmie|Recover|p2a: Starmie\n|-heal|p2a: Starmie|68/100 brn\n|move|p1a: Corviknight|U-turn|p2a: Starmie\n|-supereffective|p2a: Starmie|1\n|-damage|p2a: Starmie|50/100 brn\n|\n|t:|1776029549\n|switch|p1a: Arcanine|Arcanine, L50, M|100/100|[from] U-turn\n|-ability|p1a: Arcanine|Intimidate|boost\n|-unboost|p2a: Starmie|atk|1\n|\n|-damage|p2a: Starmie|44/100 brn|[from] brn\n|upkeep\n|turn|12\n|\n|t:|1776029556\n|move|p1a: Arcanine|Extreme Speed|p2a: Starmie\n|-damage|p2a: Starmie|32/100 brn\n|move|p2a: Starmie|Liquidation|p1a: Arcanine\n|-supereffective|p1a: Arcanine|1\n|-damage|p1a: Arcanine|25/100\n|-unboost|p1a: Arcanine|def|1\n|\n|-heal|p1a: Arcanine|31/100|[from] item: Leftovers\n|-damage|p2a: Starmie|26/100 brn|[from] brn\n|upkeep\n|turn|13\n|\n|t:|1776029567\n|move|p1a: Arcanine|Extreme Speed|p2a: Starmie\n|-damage|p2a: Starmie|13/100 brn\n|move|p2a: Starmie|Recover|p2a: Starmie\n|-heal|p2a: Starmie|64/100 brn\n|\n|-heal|p1a: Arcanine|38/100|[from] item: Leftovers\n|-damage|p2a: Starmie|58/100 brn|[from] brn\n|upkeep\n|turn|14\n|\n|t:|1776029574\n|move|p1a: Arcanine|Extreme Speed|p2a: Starmie\n|-damage|p2a: Starmie|46/100 brn\n|move|p2a: Starmie|Bulk Up|p2a: Starmie\n|-boost|p2a: Starmie|atk|1\n|-boost|p2a: Starmie|def|1\n|\n|-heal|p1a: Arcanine|44/100|[from] item: Leftovers\n|-damage|p2a: Starmie|40/100 brn|[from] brn\n|upkeep\n|turn|15\n|\n|t:|1776029585\n|move|p2a: Starmie|Recover|p2a: Starmie\n|-heal|p2a: Starmie|90/100 brn\n|move|p1a: Arcanine|Morning Sun|p1a: Arcanine\n|-heal|p1a: Arcanine|93/100\n|\n|-heal|p1a: Arcanine|99/100|[from] item: Leftovers\n|-damage|p2a: Starmie|85/100 brn|[from] brn\n|upkeep\n|turn|16\n|\n|t:|1776029593\n|switch|p1a: Feraligatr|Feraligatr-Mega, L50, M|78/100\n|move|p2a: Starmie|Bulk Up|p2a: Starmie\n|-boost|p2a: Starmie|atk|1\n|-boost|p2a: Starmie|def|1\n|\n|-damage|p2a: Starmie|79/100 brn|[from] brn\n|upkeep\n|turn|17\n|\n|t:|1776029602\n|move|p2a: Starmie|Ice Spinner|p1a: Feraligatr\n|-damage|p1a: Feraligatr|38/100\n|move|p1a: Feraligatr|Dragon Dance|p1a: Feraligatr\n|-boost|p1a: Feraligatr|atk|1\n|-boost|p1a: Feraligatr|spe|1\n|\n|-damage|p2a: Starmie|73/100 brn|[from] brn\n|upkeep\n|turn|18\n|\n|t:|1776029609\n|move|p1a: Feraligatr|Double-Edge|p2a: Starmie\n|-damage|p2a: Starmie|21/100 brn\n|-damage|p1a: Feraligatr|21/100|[from] Recoil\n|move|p2a: Starmie|Ice Spinner|p1a: Feraligatr\n|-damage|p1a: Feraligatr|0 fnt\n|faint|p1a: Feraligatr\n|\n|-damage|p2a: Starmie|15/100 brn|[from] brn\n|upkeep\n|\n|t:|1776029618\n|switch|p1a: Arcanine|Arcanine, L50, M|99/100\n|-ability|p1a: Arcanine|Intimidate|boost\n|-unboost|p2a: Starmie|atk|1\n|turn|19\n|\n|t:|1776029623\n|move|p1a: Arcanine|Extreme Speed|p2a: Starmie\n|-damage|p2a: Starmie|8/100 brn\n|move|p2a: Starmie|Recover|p2a: Starmie\n|-heal|p2a: Starmie|58/100 brn\n|\n|-heal|p1a: Arcanine|100/100|[from] item: Leftovers\n|-damage|p2a: Starmie|52/100 brn|[from] brn\n|upkeep\n|turn|20\n|-message|Marmeladas forfeited.\n|\n|win|majorasburner\n|raw|Marmeladas's rating: 1033 &rarr; <strong>1020</strong><br />(-13 for losing)\n|raw|majorasburner's rating: 1089 &rarr; <strong>1111</strong><br />(+22 for winning)\n|l|\u2606Marmeladas\n|player|p1|\n",
  "uploadtime": 1776029631,
  "views": 9,
  "formatid": "gen9championsbssregma",
  "rating": 1020,
  "private": 0,
  "password": null
}