{
  "id": "gen9championsbssregma-2587675220",
  "format": "[Gen 9 Champions] BSS Reg M-A",
  "players": [
    "ruriripoke",
    "harap"
  ],
  "log": "|j|\u2606ruriripoke\n|j|\u2606harap\n|t:|1776552741\n|gametype|singles\n|player|p1|ruriripoke|265|1387\n|player|p2|harap|101|1413\n|gen|9\n|tier|[Gen 9 Champions] BSS Reg M-A\n|rated|\n|rule|Species Clause: Limit one of each Pok\u00e9mon\n|rule|Item Clause: Limit 1 of each item\n|clearpoke\n|poke|p1|Hippowdon, L50, F|\n|poke|p1|Charizard, L50, M|\n|poke|p1|Primarina, L50, F|\n|poke|p1|Meowscarada, L50, F|\n|poke|p1|Gengar, L50, M|\n|poke|p1|Kingambit, L50, F|\n|poke|p2|Ampharos, L50, M|\n|poke|p2|Scizor, L50, F|\n|poke|p2|Skarmory, L50, F|\n|poke|p2|Feraligatr, L50, F|\n|poke|p2|Slowking-Galar, L50, F|\n|poke|p2|Umbreon, L50, F|\n|teampreview|3\n|inactive|Battle timer is ON: inactive players will automatically lose when time's up. (requested by ruriripoke)\n|inactive|ruriripoke has 60 seconds left.\n|j| bromerta\n|inactive|ruriripoke has 30 seconds left.\n|\n|t:|1776552803\n|teamsize|p1|3\n|teamsize|p2|3\n|start\n|switch|p1a: Kingambit|Kingambit, L50, F|100/100\n|switch|p2a: Slowking|Slowking-Galar, L50, F|100/100\n|turn|1\n|\n|t:|1776552812\n|switch|p2a: Skarmory|Skarmory, L50, F|100/100\n|move|p1a: Kingambit|Swords Dance|p1a: Kingambit\n|-boost|p1a: Kingambit|atk|2\n|\n|upkeep\n|turn|2\n|\n|t:|1776552818\n|-end|p1a: Kingambit|fallenundefined|[silent]\n|switch|p1a: Hippowdon|Hippowdon, L50, F|100/100\n|-weather|Sandstorm|[from] ability: Sand Stream|[of] p1a: Hippowdon\n|move|p2a: Skarmory|Stealth Rock|p1a: Hippowdon\n|-sidestart|p1: ruriripoke|move: Stealth Rock\n|\n|-weather|Sandstorm|[upkeep]\n|upkeep\n|turn|3\n|\n|t:|1776552827\n|move|p2a: Skarmory|Iron Defense|p2a: Skarmory\n|-boost|p2a: Skarmory|def|2\n|move|p1a: Hippowdon|Stealth Rock|p2a: Skarmory\n|-sidestart|p2: harap|move: Stealth Rock\n|\n|-weather|Sandstorm|[upkeep]\n|upkeep\n|turn|4\n|\n|t:|1776552833\n|move|p2a: Skarmory|Body Press|p1a: Hippowdon\n|-damage|p1a: Hippowdon|65/100\n|move|p1a: Hippowdon|Yawn|p2a: Skarmory\n|-start|p2a: Skarmory|move: Yawn|[of] p1a: Hippowdon\n|\n|-weather|Sandstorm|[upkeep]\n|upkeep\n|turn|5\n|\n|t:|1776552840\n|move|p2a: Skarmory|Body Press|p1a: Hippowdon\n|-damage|p1a: Hippowdon|34/100\n|-enditem|p1a: Hippowdon|Sitrus Berry|[eat]\n|-heal|p1a: Hippowdon|58/100|[from] item: Sitrus Berry\n|move|p1a: Hippowdon|Yawn||[still]\n|-fail|p1a: Hippowdon\n|\n|-weather|Sandstorm|[upkeep]\n|-end|p2a: Skarmory|move: Yawn|[silent]\n|-status|p2a: Skarmory|slp\n|upkeep\n|turn|6\n|\n|t:|1776552850\n|cant|p2a: Skarmory|slp\n|move|p1a: Hippowdon|Whirlwind|p2a: Skarmory\n|drag|p2a: Ampharos|Ampharos, L50, M|100/100\n|-damage|p2a: Ampharos|88/100|[from] Stealth Rock\n|\n|-weather|none\n|upkeep\n|turn|7\n|\n|t:|1776552862\n|detailschange|p2a: Ampharos|Ampharos-Mega, L50, M\n|-mega|p2a: Ampharos|Ampharos|Ampharosite\n|-ability|p2a: Ampharos|Mold Breaker\n|move|p2a: Ampharos|Dragon Pulse|p1a: Hippowdon\n|-damage|p1a: Hippowdon|0 fnt\n|faint|p1a: Hippowdon\n|\n|upkeep\n|\n|t:|1776552875\n|switch|p1a: Charizard|Charizard, L50, M|100/100\n|-damage|p1a: Charizard|51/100|[from] Stealth Rock\n|turn|8\n|j| huhyuhyuhyuh\n|\n|t:|1776552891\n|detailschange|p1a: Charizard|Charizard-Mega-X, L50, M\n|-mega|p1a: Charizard|Charizard|Charizardite X\n|move|p1a: Charizard|Dragon Claw|p2a: Ampharos\n|-supereffective|p2a: Ampharos|1\n|-damage|p2a: Ampharos|0 fnt\n|faint|p2a: Ampharos\n|\n|upkeep\n|\n|t:|1776552900\n|switch|p2a: Slowking|Slowking-Galar, L50, F|100/100\n|-damage|p2a: Slowking|88/100|[from] Stealth Rock\n|turn|9\n|\n|t:|1776552919\n|switch|p1a: Kingambit|Kingambit, L50, F|100/100\n|-damage|p1a: Kingambit|95/100|[from] Stealth Rock\n|-activate|p1a: Kingambit|ability: Supreme Overlord\n|-start|p1a: Kingambit|fallen1|[silent]\n|move|p2a: Slowking|Psychic Noise|p1a: Kingambit\n|-immune|p1a: Kingambit\n|\n|upkeep\n|turn|10\n|\n|t:|1776552929\n|move|p1a: Kingambit|Swords Dance|p1a: Kingambit\n|-boost|p1a: Kingambit|atk|2\n|move|p2a: Slowking|Fire Blast|p1a: Kingambit\n|-supereffective|p1a: Kingambit|1\n|-damage|p1a: Kingambit|25/100\n|\n|upkeep\n|turn|11\n|\n|t:|1776552937\n|move|p1a: Kingambit|Kowtow Cleave|p2a: Slowking\n|-supereffective|p2a: Slowking|1\n|-damage|p2a: Slowking|0 fnt\n|faint|p2a: Slowking\n|\n|upkeep\n|\n|t:|1776552942\n|switch|p2a: Skarmory|Skarmory, L50, F|100/100 slp\n|-damage|p2a: Skarmory|88/100 slp|[from] Stealth Rock\n|turn|12\n|\n|t:|1776552947\n|cant|p2a: Skarmory|slp\n|move|p1a: Kingambit|Kowtow Cleave|p2a: Skarmory\n|-damage|p2a: Skarmory|11/100 slp\n|-enditem|p2a: Skarmory|Sitrus Berry|[eat]\n|-heal|p2a: Skarmory|36/100 slp|[from] item: Sitrus Berry\n|\n|upkeep\n|turn|13\n|\n|t:|1776552958\n|-curestatus|p2a: Skarmory|slp|[msg]\n|move|p2a: Skarmory|Iron Defense|p2a: Skarmory\n|-boost|p2a: Skarmory|def|2\n|move|p1a: Kingambit|Kowtow Cleave|p2a: Skarmory\n|-damage|p2a: Skarmory|0 fnt\n|faint|p2a: Skarmory\n|\n|win|ruriripoke\n|raw|ruriripoke's rating: 1387 &rarr; <strong>1408</strong><br />(+21 for winning)\n|raw|harap's rating: 1413 &rarr; <strong>1392</strong><br />(-21 for losing)\n|l|\u2606harap\n|player|p2|\n|l|\u2606ruriripoke\n|player|p1|\n|l| huhyuhyuhyuh\n",
  "uploadtime": 1776552972,
  "views": 10,
  "formatid": "gen9championsbssregma",
  "rating": 1392,
  "private": 0,
  "password": null
}