{
  "id": "gen9championsbssregma-2583314596",
  "format": "[Gen 9 Champions] BSS Reg M-A",
  "players": [
    "chessboxer316",
    "lublh"
  ],
  "log": "|j|\u2606chessboxer316\n|j|\u2606lublh\n|t:|1776166069\n|gametype|singles\n|player|p1|chessboxer316|hilbert|1247\n|player|p2|lublh|170|1323\n|gen|9\n|tier|[Gen 9 Champions] BSS Reg M-A\n|rated|\n|rule|Species Clause: Limit one of each Pok\u00e9mon\n|rule|Item Clause: Limit 1 of each item\n|clearpoke\n|poke|p1|Gyarados, L50, M|\n|poke|p1|Garchomp, L50, M|\n|poke|p1|Houndoom, L50, M|\n|poke|p1|Primarina, L50, M|\n|poke|p1|Aegislash, L50, F|\n|poke|p1|Lucario, L50, F|\n|poke|p2|Meganium, L50, M|\n|poke|p2|Dragonite, L50, F|\n|poke|p2|Lopunny, L50, F|\n|poke|p2|Kleavor, L50, F|\n|poke|p2|Aegislash, L50, M|\n|poke|p2|Garchomp, L50, M|\n|teampreview|3\n|inactive|Battle timer is ON: inactive players will automatically lose when time's up. (requested by chessboxer316)\n|\n|t:|1776166094\n|teamsize|p1|3\n|teamsize|p2|3\n|start\n|switch|p1a: Garchomp|Garchomp, L50, M|100/100\n|switch|p2a: Garchomp|Garchomp, L50, M|100/100\n|turn|1\n|\n|t:|1776166101\n|move|p2a: Garchomp|Outrage|p1a: Garchomp\n|-supereffective|p1a: Garchomp|1\n|-enditem|p1a: Garchomp|Focus Sash\n|-damage|p1a: Garchomp|1/100\n|-damage|p2a: Garchomp|88/100|[from] ability: Rough Skin|[of] p1a: Garchomp\n|move|p1a: Garchomp|Scale Shot|p2a: Garchomp\n|-supereffective|p2a: Garchomp|1\n|-damage|p2a: Garchomp|59/100\n|-supereffective|p2a: Garchomp|1\n|-damage|p2a: Garchomp|29/100\n|-hitcount|p2a: Garchomp|2\n|-unboost|p1a: Garchomp|def|1\n|-boost|p1a: Garchomp|spe|1\n|\n|upkeep\n|turn|2\n|\n|t:|1776166120\n|switch|p1a: Primarina|Primarina, L50, M|100/100\n|move|p2a: Garchomp|Outrage|p1a: Primarina|[from] lockedmove\n|-immune|p1a: Primarina\n|\n|upkeep\n|turn|3\n|j| p74\n|\n|t:|1776166132\n|switch|p2a: Meganium|Meganium, L50, M|100/100\n|move|p1a: Primarina|Sparkling Aria|p2a: Meganium\n|-resisted|p2a: Meganium|1\n|-damage|p2a: Meganium|80/100\n|\n|upkeep\n|turn|4\n|\n|t:|1776166150\n|switch|p1a: Garchomp|Garchomp, L50, M|1/100\n|detailschange|p2a: Meganium|Meganium-Mega, L50, M\n|-mega|p2a: Meganium|Meganium|Meganiumite\n|move|p2a: Meganium|Dazzling Gleam|p1a: Garchomp\n|-supereffective|p1a: Garchomp|1\n|-damage|p1a: Garchomp|0 fnt\n|faint|p1a: Garchomp\n|\n|upkeep\n|\n|t:|1776166159\n|switch|p1a: Lucario|Lucario, L50, F|100/100\n|turn|5\n|\n|t:|1776166167\n|detailschange|p1a: Lucario|Lucario-Mega, L50, F\n|-mega|p1a: Lucario|Lucario|Lucarionite\n|move|p1a: Lucario|Bullet Punch|p2a: Meganium\n|-supereffective|p2a: Meganium|1\n|-damage|p2a: Meganium|24/100\n|move|p2a: Meganium|Weather Ball|p1a: Lucario\n|-supereffective|p1a: Lucario|1\n|-damage|p1a: Lucario|0 fnt\n|faint|p1a: Lucario\n|\n|upkeep\n|\n|t:|1776166178\n|switch|p1a: Primarina|Primarina, L50, M|100/100\n|turn|6\n|\n|t:|1776166181\n|move|p2a: Meganium|Solar Beam||[still]\n|-prepare|p2a: Meganium|Solar Beam\n|-activate|p2a: Meganium|ability: Mega Sol\n|-anim|p2a: Meganium|Solar Beam|p1a: Primarina\n|-supereffective|p1a: Primarina|1\n|-damage|p1a: Primarina|0 fnt\n|faint|p1a: Primarina\n|\n|win|lublh\n|raw|chessboxer316's rating: 1247 &rarr; <strong>1227</strong><br />(-20 for losing)\n|raw|lublh's rating: 1323 &rarr; <strong>1339</strong><br />(+16 for winning)\n|l|\u2606chessboxer316\n|player|p1|\n|l|\u2606lublh\n|player|p2|\n",
  "uploadtime": 1776166231,
  "views": 13,
  "formatid": "gen9championsbssregma",
  "rating": 1227,
  "private": 0,
  "password": null
}