{
  "id": "gen9championsbssregma-2585392991",
  "format": "[Gen 9 Champions] BSS Reg M-A",
  "players": [
    "BBBkty",
    "Slezak15"
  ],
  "log": "|j|\u2606BBBkty\n|j|\u2606Slezak15\n|t:|1776343952\n|gametype|singles\n|player|p1|BBBkty|265|1040\n|player|p2|Slezak15|lucas|1107\n|gen|9\n|tier|[Gen 9 Champions] BSS Reg M-A\n|rated|\n|rule|Species Clause: Limit one of each Pok\u00e9mon\n|rule|Item Clause: Limit 1 of each item\n|clearpoke\n|poke|p1|Dragapult, L50, F|\n|poke|p1|Alakazam, L50, M|\n|poke|p1|Azumarill, L50, M|\n|poke|p1|Aerodactyl, L50, F|\n|poke|p1|Floette-Eternal, L50, F|\n|poke|p1|Abomasnow, L50, M|\n|poke|p2|Kingambit, L50, F|\n|poke|p2|Basculegion, L50, M|\n|poke|p2|Hatterene, L50, F|\n|poke|p2|Gengar, L50, F|\n|poke|p2|Garganacl, L50, M|\n|poke|p2|Chimecho, L50, M|\n|teampreview|3\n|inactive|Battle timer is ON: inactive players will automatically lose when time's up. (requested by BBBkty)\n|inactive|Slezak15 also wants the timer to be on.\n|\n|t:|1776343963\n|teamsize|p1|3\n|teamsize|p2|3\n|start\n|switch|p1a: Dragapult|Dragapult, L50, F, shiny|100/100\n|switch|p2a: Hatterene|Hatterene, L50, F|100/100\n|turn|1\n|\n|t:|1776343971\n|move|p1a: Dragapult|Dragon Dance|p1a: Dragapult\n|-boost|p1a: Dragapult|atk|1\n|-boost|p1a: Dragapult|spe|1\n|move|p2a: Hatterene|Trick Room|p2a: Hatterene\n|-fieldstart|move: Trick Room|[of] p2a: Hatterene\n|\n|upkeep\n|turn|2\n|\n|t:|1776343979\n|move|p2a: Hatterene|Psychic|p1a: Dragapult\n|-damage|p1a: Dragapult|24/100\n|move|p1a: Dragapult|Phantom Force||[still]\n|-prepare|p1a: Dragapult|Phantom Force\n|\n|upkeep\n|turn|3\n|\n|t:|1776343993\n|move|p2a: Hatterene|Misty Explosion|p1a: Dragapult|[miss]\n|-miss|p2a: Hatterene|p1a: Dragapult\n|faint|p2a: Hatterene\n|move|p1a: Dragapult|Phantom Force|p2: Hatterene|[from] lockedmove|[notarget]\n|-fail|p1a: Dragapult\n|\n|upkeep\n|\n|t:|1776343999\n|switch|p2a: Chimecho|Chimecho, L50, M|100/100\n|turn|4\n|\n|t:|1776344007\n|detailschange|p2a: Chimecho|Chimecho-Mega, L50, M\n|-mega|p2a: Chimecho|Chimecho|Chimechite\n|move|p2a: Chimecho|Dazzling Gleam|p1a: Dragapult\n|-supereffective|p1a: Dragapult|1\n|-damage|p1a: Dragapult|0 fnt\n|faint|p1a: Dragapult\n|\n|upkeep\n|\n|t:|1776344014\n|switch|p1a: Azumarill|Azumarill, L50, M|100/100\n|turn|5\n|\n|t:|1776344020\n|move|p1a: Azumarill|Belly Drum|p1a: Azumarill\n|-damage|p1a: Azumarill|50/100\n|-setboost|p1a: Azumarill|atk|6|[from] move: Belly Drum\n|move|p2a: Chimecho|Calm Mind|p2a: Chimecho\n|-boost|p2a: Chimecho|spa|1\n|-boost|p2a: Chimecho|spd|1\n|\n|-fieldend|move: Trick Room\n|upkeep\n|turn|6\n|\n|t:|1776344032\n|move|p1a: Azumarill|Aqua Jet|p2a: Chimecho\n|-damage|p2a: Chimecho|41/100\n|move|p2a: Chimecho|Psychic|p1a: Azumarill\n|-damage|p1a: Azumarill|0 fnt\n|faint|p1a: Azumarill\n|\n|upkeep\n|\n|t:|1776344037\n|switch|p1a: Alakazam|Alakazam, L50, M, shiny|100/100\n|turn|7\n|\n|t:|1776344043\n|detailschange|p1a: Alakazam|Alakazam-Mega, L50, M, shiny\n|-mega|p1a: Alakazam|Alakazam|Alakazite\n|-ability|p1a: Alakazam|Levitate|Trace|[from] ability: Trace|[of] p2a: Chimecho\n|move|p1a: Alakazam|Nasty Plot|p1a: Alakazam\n|-boost|p1a: Alakazam|spa|2\n|move|p2a: Chimecho|Flash Cannon|p1a: Alakazam\n|-crit|p1a: Alakazam\n|-damage|p1a: Alakazam|0 fnt\n|faint|p1a: Alakazam\n|\n|win|Slezak15\n|raw|BBBkty's rating: 1040 &rarr; <strong>1027</strong><br />(-13 for losing)\n|raw|Slezak15's rating: 1107 &rarr; <strong>1127</strong><br />(+20 for winning)\n",
  "uploadtime": 1776344050,
  "views": 3,
  "formatid": "gen9championsbssregma",
  "rating": 1027,
  "private": 0,
  "password": null
}