{
  "id": "gen9championsbssregma-2583323365",
  "format": "[Gen 9 Champions] BSS Reg M-A",
  "players": [
    "Hinya",
    "S1E1X1Y1"
  ],
  "log": "|j|\u2606Hinya\n|j|\u2606S1E1X1Y1\n|t:|1776166883\n|gametype|singles\n|player|p1|Hinya|arezu|1148\n|player|p2|S1E1X1Y1|cynthia-gen4|1141\n|gen|9\n|tier|[Gen 9 Champions] BSS Reg M-A\n|rated|\n|rule|Species Clause: Limit one of each Pok\u00e9mon\n|rule|Item Clause: Limit 1 of each item\n|clearpoke\n|poke|p1|Garchomp, L50, F|\n|poke|p1|Banette, L50, M|\n|poke|p1|Meowscarada, L50, M|\n|poke|p1|Floette-Eternal, L50, F|\n|poke|p1|Aegislash, L50, M|\n|poke|p1|Archaludon, L50, M|\n|poke|p2|Garchomp, L50, M|\n|poke|p2|Rotom-Wash, L50|\n|poke|p2|Corviknight, L50, F|\n|poke|p2|Dragapult, L50, F|\n|poke|p2|Mamoswine, L50, M|\n|poke|p2|Gyarados, L50, M|\n|teampreview|3\n|inactive|Battle timer is ON: inactive players will automatically lose when time's up. (requested by Hinya)\n|inactive|S1E1X1Y1 has 60 seconds left.\n|\n|t:|1776166929\n|teamsize|p1|3\n|teamsize|p2|3\n|start\n|switch|p1a: \ud55c\uce74\ub9ac\uc544\uc2a4|Garchomp, L50, F|100/100\n|switch|p2a: Dragapult|Dragapult, L50, F|100/100\n|turn|1\n|\n|t:|1776166940\n|switch|p1a: \ube0c\ub9ac\ub450\ub77c\uc2a4|Archaludon, L50, M|100/100\n|move|p2a: Dragapult|Dragon Darts|p1a: \ube0c\ub9ac\ub450\ub77c\uc2a4\n|-damage|p1a: \ube0c\ub9ac\ub450\ub77c\uc2a4|82/100\n|-ability|p1a: \ube0c\ub9ac\ub450\ub77c\uc2a4|Stamina|boost\n|-boost|p1a: \ube0c\ub9ac\ub450\ub77c\uc2a4|def|1\n|-anim|p2a: Dragapult|Dragon Darts|p1a: \ube0c\ub9ac\ub450\ub77c\uc2a4\n|-damage|p1a: \ube0c\ub9ac\ub450\ub77c\uc2a4|70/100\n|-ability|p1a: \ube0c\ub9ac\ub450\ub77c\uc2a4|Stamina|boost\n|-boost|p1a: \ube0c\ub9ac\ub450\ub77c\uc2a4|def|1\n|\n|upkeep\n|turn|2\n|\n|t:|1776166953\n|switch|p2a: Mamoswine|Mamoswine, L50, M|100/100\n|move|p1a: \ube0c\ub9ac\ub450\ub77c\uc2a4|Stealth Rock|p2a: Mamoswine\n|-sidestart|p2: S1E1X1Y1|move: Stealth Rock\n|\n|upkeep\n|turn|3\n|\n|t:|1776166962\n|move|p2a: Mamoswine|Earthquake|p1a: \ube0c\ub9ac\ub450\ub77c\uc2a4\n|-supereffective|p1a: \ube0c\ub9ac\ub450\ub77c\uc2a4|1\n|-damage|p1a: \ube0c\ub9ac\ub450\ub77c\uc2a4|30/100\n|-ability|p1a: \ube0c\ub9ac\ub450\ub77c\uc2a4|Stamina|boost\n|-boost|p1a: \ube0c\ub9ac\ub450\ub77c\uc2a4|def|1\n|-enditem|p1a: \ube0c\ub9ac\ub450\ub77c\uc2a4|Sitrus Berry|[eat]\n|-heal|p1a: \ube0c\ub9ac\ub450\ub77c\uc2a4|55/100|[from] item: Sitrus Berry\n|move|p1a: \ube0c\ub9ac\ub450\ub77c\uc2a4|Dragon Tail|p2a: Mamoswine\n|-damage|p2a: Mamoswine|76/100\n|drag|p2a: Dragapult|Dragapult, L50, F|100/100\n|-damage|p2a: Dragapult|88/100|[from] Stealth Rock\n|\n|upkeep\n|turn|4\n|\n|t:|1776166978\n|move|p2a: Dragapult|Flamethrower|p1a: \ube0c\ub9ac\ub450\ub77c\uc2a4\n|-damage|p1a: \ube0c\ub9ac\ub450\ub77c\uc2a4|37/100\n|-ability|p1a: \ube0c\ub9ac\ub450\ub77c\uc2a4|Stamina|boost\n|-boost|p1a: \ube0c\ub9ac\ub450\ub77c\uc2a4|def|1\n|move|p1a: \ube0c\ub9ac\ub450\ub77c\uc2a4|Dragon Tail|p2a: Dragapult\n|-supereffective|p2a: Dragapult|1\n|-damage|p2a: Dragapult|23/100\n|drag|p2a: Gyarados|Gyarados, L50, M|100/100\n|-damage|p2a: Gyarados|75/100|[from] Stealth Rock\n|-ability|p2a: Gyarados|Intimidate|boost\n|-unboost|p1a: \ube0c\ub9ac\ub450\ub77c\uc2a4|atk|1\n|\n|upkeep\n|turn|5\n|inactive|S1E1X1Y1 has 30 seconds left.\n|\n|t:|1776167004\n|detailschange|p2a: Gyarados|Gyarados-Mega, L50, M\n|-mega|p2a: Gyarados|Gyarados|Gyaradosite\n|-ability|p2a: Gyarados|Mold Breaker\n|move|p2a: Gyarados|Earthquake|p1a: \ube0c\ub9ac\ub450\ub77c\uc2a4\n|-supereffective|p1a: \ube0c\ub9ac\ub450\ub77c\uc2a4|1\n|-crit|p1a: \ube0c\ub9ac\ub450\ub77c\uc2a4\n|-damage|p1a: \ube0c\ub9ac\ub450\ub77c\uc2a4|0 fnt\n|faint|p1a: \ube0c\ub9ac\ub450\ub77c\uc2a4\n|\n|upkeep\n|\n|t:|1776167016\n|switch|p1a: \ud50c\ub77c\uc5e3\ud14c|Floette-Eternal, L50, F|100/100\n|turn|6\n|inactive|S1E1X1Y1 has 30 seconds left.\n|inactive|S1E1X1Y1 has 20 seconds left.\n|inactive|S1E1X1Y1 has 15 seconds left.\n|\n|t:|1776167061\n|detailschange|p1a: \ud50c\ub77c\uc5e3\ud14c|Floette-Mega, L50, F\n|-mega|p1a: \ud50c\ub77c\uc5e3\ud14c|Floette|Floettite\n|-ability|p1a: \ud50c\ub77c\uc5e3\ud14c|Fairy Aura\n|move|p1a: \ud50c\ub77c\uc5e3\ud14c|Moonblast|p2a: Gyarados\n|-supereffective|p2a: Gyarados|1\n|-damage|p2a: Gyarados|0 fnt\n|faint|p2a: Gyarados\n|\n|upkeep\n|\n|t:|1776167073\n|switch|p2a: Mamoswine|Mamoswine, L50, M|76/100\n|-damage|p2a: Mamoswine|64/100|[from] Stealth Rock\n|turn|7\n|\n|t:|1776167095\n|move|p1a: \ud50c\ub77c\uc5e3\ud14c|Moonblast|p2a: Mamoswine\n|-damage|p2a: Mamoswine|0 fnt\n|faint|p2a: Mamoswine\n|\n|upkeep\n|-message|S1E1X1Y1 forfeited.\n|\n|win|Hinya\n|raw|Hinya's rating: 1148 &rarr; <strong>1172</strong><br />(+24 for winning)\n|raw|S1E1X1Y1's rating: 1141 &rarr; <strong>1117</strong><br />(-24 for losing)\n|l|\u2606S1E1X1Y1\n|player|p2|\n",
  "uploadtime": 1776167103,
  "views": 5,
  "formatid": "gen9championsbssregma",
  "rating": 1117,
  "private": 0,
  "password": null
}