{
  "id": "gen9championsbssregma-2580289354",
  "format": "[Gen 9 Champions] BSS Reg M-A",
  "players": [
    "Meteorplayz_",
    "UwURonald97"
  ],
  "log": "|j|\u2606Meteorplayz_\n|j|\u2606UwURonald97\n|html|<table width=\"100%\"><tr><td align=\"left\">Meteorplayz_</td><td align=\"right\">UwURonald97</tr><tr><td align=\"left\"><i class=\"fa fa-circle\"></i> <i class=\"fa fa-circle-o\"></i> </td><td align=\"right\"><i class=\"fa fa-circle-o\"></i> <i class=\"fa fa-circle-o\"></i> </tr></table>\n|uhtml|bestof|<h2><strong>Game 2</strong> of <a href=\"/game-bestof3-gen9championsbssregma-2580287981\">a best-of-3</a></h2>\n|t:|1775876293\n|gametype|singles\n|player|p1|Meteorplayz_|winona-gen6|\n|player|p2|UwURonald97|chili|\n|gen|9\n|tier|[Gen 9 Champions] BSS Reg M-A\n|rule|Species Clause: Limit one of each Pok\u00e9mon\n|rule|Item Clause: Limit 1 of each item\n|raw|<div class=\"infobox\"><details class=\"readmore\" open><summary><strong>1 custom rule:</strong></summary> Best of = 3</details></div>\n|clearpoke\n|poke|p1|Meowscarada, L50, M|\n|poke|p1|Milotic, L50, M|\n|poke|p1|Aegislash, L50, M|\n|poke|p1|Dragonite, L50, F|\n|poke|p1|Slowking-Galar, L50, M|\n|poke|p1|Lopunny, L50, M|\n|poke|p2|Charizard, L50, M|\n|poke|p2|Garchomp, L50, M|\n|poke|p2|Venusaur, L50, M|\n|poke|p2|Ninetales, L50, F|\n|poke|p2|Greninja-*, L50, M|\n|poke|p2|Zoroark-Hisui, L50, F|\n|teampreview|3\n|\n|t:|1775876343\n|teamsize|p1|3\n|teamsize|p2|3\n|start\n|switch|p1a: Lopunny|Lopunny, L50, M|100/100\n|switch|p2a: Charizard|Charizard, L50, M|100/100\n|turn|1\n|\n|t:|1775876354\n|detailschange|p1a: Lopunny|Lopunny-Mega, L50, M\n|-mega|p1a: Lopunny|Lopunny|Lopunnite\n|detailschange|p2a: Charizard|Charizard-Mega-Y, L50, M\n|-mega|p2a: Charizard|Charizard|Charizardite Y\n|-weather|SunnyDay|[from] ability: Drought|[of] p2a: Charizard\n|move|p2a: Charizard|Protect|p2a: Charizard\n|-singleturn|p2a: Charizard|Protect\n|move|p1a: Lopunny|Fake Out|p2a: Charizard\n|-activate|p2a: Charizard|move: Protect\n|\n|-weather|SunnyDay|[upkeep]\n|upkeep\n|turn|2\n|\n|t:|1775876368\n|move|p1a: Lopunny|U-turn|p2a: Charizard\n|-resisted|p2a: Charizard|2\n|-damage|p2a: Charizard|91/100\n|\n|t:|1775876372\n|switch|p1a: Slowking|Slowking-Galar, L50, M|100/100|[from] U-turn\n|move|p2a: Charizard|Air Slash|p1a: Slowking\n|-damage|p1a: Slowking|72/100\n|\n|-weather|SunnyDay|[upkeep]\n|upkeep\n|turn|3\n|\n|t:|1775876381\n|switch|p2a: Ninetales|Ninetales, L50, F|100/100\n|move|p1a: Slowking|Future Sight|p2a: Ninetales\n|-start|p1a: Slowking|move: Future Sight\n|\n|-weather|SunnyDay|[upkeep]\n|upkeep\n|turn|4\n|\n|t:|1775876388\n|move|p2a: Ninetales|Snarl|p1a: Slowking\n|-supereffective|p1a: Slowking|1\n|-damage|p1a: Slowking|53/100\n|-unboost|p1a: Slowking|spa|1\n|-prepare|p1a: Slowking|Chilly Reception|[premajor]\n|move|p1a: Slowking|Chilly Reception|p1a: Slowking\n|-weather|Snowscape\n|\n|t:|1775876396\n|switch|p1a: Lopunny|Lopunny-Mega, L50, M|100/100|[from] Chilly Reception\n|\n|-weather|Snowscape|[upkeep]\n|upkeep\n|turn|5\n|\n|t:|1775876401\n|move|p2a: Ninetales|Protect|p2a: Ninetales\n|-singleturn|p2a: Ninetales|Protect\n|move|p1a: Lopunny|Fake Out|p2a: Ninetales\n|-activate|p2a: Ninetales|move: Protect\n|\n|-weather|Snowscape|[upkeep]\n|-end|p2a: Ninetales|move: Future Sight\n|-damage|p2a: Ninetales|40/100\n|upkeep\n|turn|6\n|\n|t:|1775876415\n|move|p1a: Lopunny|Close Combat|p2a: Ninetales\n|-damage|p2a: Ninetales|0 fnt\n|-unboost|p1a: Lopunny|def|1\n|-unboost|p1a: Lopunny|spd|1\n|faint|p2a: Ninetales\n|\n|-weather|Snowscape|[upkeep]\n|upkeep\n|\n|t:|1775876423\n|switch|p2a: Charizard|Charizard-Mega-Y, L50, M|91/100\n|-weather|SunnyDay|[from] ability: Drought|[of] p2a: Charizard\n|turn|7\n|\n|t:|1775876432\n|switch|p1a: Slowking|Slowking-Galar, L50, M|86/100\n|move|p2a: Charizard|Heat Wave|p1a: Slowking\n|-damage|p1a: Slowking|37/100\n|\n|-weather|SunnyDay|[upkeep]\n|upkeep\n|turn|8\n|\n|t:|1775876440\n|move|p2a: Charizard|Heat Wave|p1a: Slowking\n|-damage|p1a: Slowking|0 fnt\n|faint|p1a: Slowking\n|\n|-weather|SunnyDay|[upkeep]\n|upkeep\n|\n|t:|1775876444\n|switch|p1a: Dragonite|Dragonite, L50, F|100/100\n|turn|9\n|\n|t:|1775876453\n|move|p2a: Charizard|Air Slash|p1a: Dragonite\n|-damage|p1a: Dragonite|75/100\n|move|p1a: Dragonite|Dragon Dance|p1a: Dragonite\n|-boost|p1a: Dragonite|atk|1\n|-boost|p1a: Dragonite|spe|1\n|\n|-weather|SunnyDay|[upkeep]\n|upkeep\n|turn|10\n|\n|t:|1775876465\n|move|p1a: Dragonite|Outrage|p2a: Charizard\n|-damage|p2a: Charizard|0 fnt\n|faint|p2a: Charizard\n|\n|-weather|SunnyDay|[upkeep]\n|upkeep\n|\n|t:|1775876470\n|switch|p2a: Greninja|Greninja, L50, M|100/100\n|turn|11\n|\n|t:|1775876477\n|move|p1a: Dragonite|Outrage|p2a: Greninja|[from] lockedmove\n|-damage|p2a: Greninja|0 fnt\n|faint|p2a: Greninja\n|-start|p1a: Dragonite|confusion|[fatigue]\n|\n|win|Meteorplayz_\n",
  "uploadtime": 1775876477,
  "views": 17,
  "formatid": "gen9championsbssregma",
  "rating": null,
  "private": 0,
  "password": null
}