{
  "id": "gen9championsbssregma-2585104938",
  "format": "[Gen 9 Champions] BSS Reg M-A",
  "players": [
    "blip exists",
    "bregogo"
  ],
  "log": "|j|\u2606blip exists\n|j|\u2606bregogo\n|t:|1776312304\n|gametype|singles\n|player|p1|blip exists|colress|1224\n|player|p2|bregogo|dawn|1210\n|gen|9\n|tier|[Gen 9 Champions] BSS Reg M-A\n|rated|\n|rule|Species Clause: Limit one of each Pok\u00e9mon\n|rule|Item Clause: Limit 1 of each item\n|clearpoke\n|poke|p1|Espathra, L50, F|\n|poke|p1|Clefable, L50, M|\n|poke|p1|Vaporeon, L50, F|\n|poke|p1|Skeledirge, L50, M|\n|poke|p1|Chimecho, L50, M|\n|poke|p1|Gardevoir, L50, M|\n|poke|p2|Delphox, L50, F|\n|poke|p2|Corviknight, L50, F|\n|poke|p2|Meowscarada, L50, M|\n|poke|p2|Garchomp, L50, M|\n|poke|p2|Lucario, L50, F|\n|poke|p2|Primarina, L50, F|\n|teampreview|3\n|inactive|Battle timer is ON: inactive players will automatically lose when time's up. (requested by blip exists)\n|\n|t:|1776312322\n|teamsize|p1|3\n|teamsize|p2|3\n|start\n|switch|p1a: Espathra|Espathra, L50, F|100/100\n|switch|p2a: Corviknight|Corviknight, L50, F|100/100\n|turn|1\n|\n|t:|1776312327\n|move|p1a: Espathra|Calm Mind|p1a: Espathra\n|-boost|p1a: Espathra|spa|1\n|-boost|p1a: Espathra|spd|1\n|move|p2a: Corviknight|Taunt|p1a: Espathra\n|-start|p1a: Espathra|move: Taunt\n|\n|-ability|p1a: Espathra|Speed Boost|boost\n|-boost|p1a: Espathra|spe|1\n|upkeep\n|turn|2\n|j| p74\n|\n|t:|1776312344\n|switch|p1a: Skeledirge|Skeledirge, L50, M|100/100\n|switch|p2a: Garchomp|Garchomp, L50, M|100/100\n|\n|upkeep\n|turn|3\n|\n|t:|1776312359\n|switch|p1a: Espathra|Espathra, L50, F|100/100\n|move|p2a: Garchomp|Scale Shot|p1a: Espathra|[miss]\n|-miss|p2a: Garchomp|p1a: Espathra\n|\n|upkeep\n|turn|4\n|\n|t:|1776312375\n|move|p1a: Espathra|Calm Mind|p1a: Espathra\n|-boost|p1a: Espathra|spa|1\n|-boost|p1a: Espathra|spd|1\n|move|p2a: Garchomp|Earthquake|p1a: Espathra\n|-damage|p1a: Espathra|29/100\n|\n|-ability|p1a: Espathra|Speed Boost|boost\n|-boost|p1a: Espathra|spe|1\n|upkeep\n|turn|5\n|\n|t:|1776312381\n|move|p1a: Espathra|Protect|p1a: Espathra\n|-singleturn|p1a: Espathra|Protect\n|move|p2a: Garchomp|Scale Shot|p1a: Espathra\n|-activate|p1a: Espathra|move: Protect\n|\n|-ability|p1a: Espathra|Speed Boost|boost\n|-boost|p1a: Espathra|spe|1\n|upkeep\n|turn|6\n|\n|t:|1776312384\n|move|p1a: Espathra|Baton Pass|p1a: Espathra\n|\n|t:|1776312385\n|switch|p1a: Clefable|Clefable, L50, M|100/100|[from] Baton Pass\n|move|p2a: Garchomp|Scale Shot|p1a: Clefable\n|-immune|p1a: Clefable\n|\n|upkeep\n|turn|7\n|\n|t:|1776312389\n|switch|p2a: Corviknight|Corviknight, L50, F|100/100\n|detailschange|p1a: Clefable|Clefable-Mega, L50, M\n|-mega|p1a: Clefable|Clefable|Clefablite\n|move|p1a: Clefable|Cosmic Power|p1a: Clefable\n|-boost|p1a: Clefable|def|1\n|-boost|p1a: Clefable|spd|1\n|\n|upkeep\n|turn|8\n|\n|t:|1776312395\n|move|p1a: Clefable|Cosmic Power|p1a: Clefable\n|-boost|p1a: Clefable|def|1\n|-boost|p1a: Clefable|spd|1\n|move|p2a: Corviknight|Taunt|p1a: Clefable\n|move|p1a: Clefable|Taunt|p2a: Corviknight|[from] ability: Magic Bounce\n|-start|p2a: Corviknight|move: Taunt\n|\n|upkeep\n|turn|9\n|\n|t:|1776312398\n|switch|p2a: Lucario|Lucario, L50, F|100/100\n|move|p1a: Clefable|Cosmic Power|p1a: Clefable\n|-boost|p1a: Clefable|def|1\n|-boost|p1a: Clefable|spd|1\n|\n|upkeep\n|turn|10\n|\n|t:|1776312404\n|detailschange|p2a: Lucario|Lucario-Mega, L50, F\n|-mega|p2a: Lucario|Lucario|Lucarionite\n|move|p2a: Lucario|Bullet Punch|p1a: Clefable\n|-supereffective|p1a: Clefable|1\n|-damage|p1a: Clefable|85/100\n|move|p1a: Clefable|Baton Pass|p1a: Clefable\n|\n|t:|1776312407\n|switch|p1a: Skeledirge|Skeledirge, L50, M|100/100|[from] Baton Pass\n|\n|upkeep\n|turn|11\n|\n|t:|1776312411\n|move|p2a: Lucario|Earthquake|p1a: Skeledirge\n|-supereffective|p1a: Skeledirge|1\n|-damage|p1a: Skeledirge|74/100\n|move|p1a: Skeledirge|Torch Song|p2a: Lucario\n|-supereffective|p2a: Lucario|1\n|-damage|p2a: Lucario|0 fnt\n|-boost|p1a: Skeledirge|spa|1\n|faint|p2a: Lucario\n|\n|-heal|p1a: Skeledirge|80/100|[from] item: Leftovers\n|upkeep\n|j| huhyuhyuhyuh\n|\n|t:|1776312414\n|switch|p2a: Garchomp|Garchomp, L50, M|100/100\n|turn|12\n|\n|t:|1776312416\n|move|p1a: Skeledirge|Will-O-Wisp|p2a: Garchomp\n|-status|p2a: Garchomp|brn\n|move|p2a: Garchomp|Earthquake|p1a: Skeledirge\n|-supereffective|p1a: Skeledirge|1\n|-damage|p1a: Skeledirge|63/100\n|\n|-heal|p1a: Skeledirge|69/100|[from] item: Leftovers\n|-damage|p2a: Garchomp|95/100 brn|[from] brn\n|upkeep\n|turn|13\n|-message|bregogo forfeited.\n|\n|win|blip exists\n|raw|blip exists's rating: 1224 &rarr; <strong>1248</strong><br />(+24 for winning)\n|raw|bregogo's rating: 1210 &rarr; <strong>1186</strong><br />(-24 for losing)\n|l|\u2606bregogo\n|player|p2|\n|l|\u2606blip exists\n|player|p1|\n|l| huhyuhyuhyuh\n",
  "uploadtime": 1776312586,
  "views": 5,
  "formatid": "gen9championsbssregma",
  "rating": 1186,
  "private": 0,
  "password": null
}