{
  "id": "gen9championsbssregma-2585124286",
  "format": "[Gen 9 Champions] BSS Reg M-A",
  "players": [
    "chessboxer316",
    "tikpen"
  ],
  "log": "|j|\u2606chessboxer316\n|j|\u2606tikpen\n|t:|1776314609\n|gametype|singles\n|player|p1|chessboxer316|hilbert|1357\n|player|p2|tikpen|2|1434\n|gen|9\n|tier|[Gen 9 Champions] BSS Reg M-A\n|rated|\n|rule|Species Clause: Limit one of each Pok\u00e9mon\n|rule|Item Clause: Limit 1 of each item\n|clearpoke\n|poke|p1|Gyarados, L50, F|\n|poke|p1|Primarina, L50, M|\n|poke|p1|Venusaur, L50, F|\n|poke|p1|Garchomp, L50, F|\n|poke|p1|Infernape, L50, F|\n|poke|p1|Aegislash, L50, M|\n|poke|p2|Delphox, L50, F|\n|poke|p2|Kingambit, L50, M|\n|poke|p2|Greninja-*, L50, M|\n|poke|p2|Archaludon, L50, M|\n|poke|p2|Scizor, L50, M|\n|poke|p2|Venusaur, L50, F|\n|teampreview|3\n|inactive|Battle timer is ON: inactive players will automatically lose when time's up. (requested by chessboxer316)\n|inactive|tikpen has 60 seconds left.\n|inactive|tikpen has 30 seconds left.\n|inactive|tikpen has 20 seconds left.\n|inactive|tikpen has 15 seconds left.\n|inactive|tikpen has 10 seconds left.\n|inactive|tikpen has 5 seconds left.\n|\n|t:|1776314695\n|teamsize|p1|3\n|teamsize|p2|3\n|start\n|switch|p1a: Garchomp|Garchomp, L50, F|100/100\n|switch|p2a: Delphox|Delphox, L50, F|100/100\n|turn|1\n|\n|t:|1776314703\n|detailschange|p2a: Delphox|Delphox-Mega, L50, F\n|-mega|p2a: Delphox|Delphox|Delphoxite\n|move|p2a: Delphox|Psychic|p1a: Garchomp\n|-damage|p1a: Garchomp|41/100\n|-unboost|p1a: Garchomp|spd|1\n|move|p1a: Garchomp|Rock Tomb|p2a: Delphox\n|-supereffective|p2a: Delphox|1\n|-damage|p2a: Delphox|36/100\n|-unboost|p2a: Delphox|spe|1\n|\n|upkeep\n|turn|2\n|\n|t:|1776314719\n|switch|p2a: Kingambit|Kingambit, L50, M|100/100\n|move|p1a: Garchomp|Scale Shot|p2a: Kingambit\n|-resisted|p2a: Kingambit|1\n|-damage|p2a: Kingambit|95/100\n|-resisted|p2a: Kingambit|1\n|-damage|p2a: Kingambit|90/100\n|-resisted|p2a: Kingambit|1\n|-damage|p2a: Kingambit|84/100\n|-resisted|p2a: Kingambit|1\n|-damage|p2a: Kingambit|79/100\n|-hitcount|p2a: Kingambit|4\n|-unboost|p1a: Garchomp|def|1\n|-boost|p1a: Garchomp|spe|1\n|\n|upkeep\n|turn|3\n|\n|t:|1776314734\n|move|p2a: Kingambit|Sucker Punch|p1a: Garchomp\n|-damage|p1a: Garchomp|0 fnt\n|-damage|p2a: Kingambit|67/100|[from] ability: Rough Skin|[of] p1a: Garchomp\n|faint|p1a: Garchomp\n|\n|upkeep\n|\n|t:|1776314740\n|switch|p1a: Infernape|Infernape, L50, F|100/100\n|turn|4\n|\n|t:|1776314747\n|move|p2a: Kingambit|Sucker Punch|p1a: Infernape\n|-resisted|p1a: Infernape|1\n|-damage|p1a: Infernape|63/100\n|move|p1a: Infernape|Close Combat|p2a: Kingambit\n|-supereffective|p2a: Kingambit|2\n|-damage|p2a: Kingambit|0 fnt\n|-unboost|p1a: Infernape|def|1\n|-unboost|p1a: Infernape|spd|1\n|faint|p2a: Kingambit\n|-end|p2a: Kingambit|fallenundefined|[silent]\n|\n|upkeep\n|\n|t:|1776314756\n|switch|p2a: Delphox|Delphox-Mega, L50, F|36/100\n|turn|5\n|\n|t:|1776314760\n|move|p1a: Infernape|Close Combat|p2a: Delphox\n|-resisted|p2a: Delphox|1\n|-damage|p2a: Delphox|0 fnt\n|-unboost|p1a: Infernape|def|1\n|-unboost|p1a: Infernape|spd|1\n|faint|p2a: Delphox\n|\n|upkeep\n|-message|tikpen forfeited.\n|\n|win|chessboxer316\n|raw|chessboxer316's rating: 1357 &rarr; <strong>1381</strong><br />(+24 for winning)\n|raw|tikpen's rating: 1434 &rarr; <strong>1410</strong><br />(-24 for losing)\n|l|\u2606tikpen\n|player|p2|\n|l|\u2606chessboxer316\n|player|p1|\n",
  "uploadtime": 1776315447,
  "views": 17,
  "formatid": "gen9championsbssregma",
  "rating": 1381,
  "private": 0,
  "password": null
}