{
  "id": "gen9championsbssregma-2584237062",
  "format": "[Gen 9 Champions] BSS Reg M-A",
  "players": [
    "fletchyfletchy",
    "Kuttitomaguro"
  ],
  "log": "|j|\u2606fletchyfletchy\n|j|\u2606Kuttitomaguro\n|t:|1776241714\n|gametype|singles\n|player|p1|fletchyfletchy|liko|1087\n|player|p2|Kuttitomaguro|1|1165\n|gen|9\n|tier|[Gen 9 Champions] BSS Reg M-A\n|rated|\n|rule|Species Clause: Limit one of each Pok\u00e9mon\n|rule|Item Clause: Limit 1 of each item\n|clearpoke\n|poke|p1|Lopunny, L50, M|\n|poke|p1|Basculegion, L50, M|\n|poke|p1|Meowscarada, L50, M|\n|poke|p1|Aegislash, L50, F|\n|poke|p1|Charizard, L50, M|\n|poke|p1|Ninetales-Alola, L50, M|\n|poke|p2|Meowscarada, L50, M|\n|poke|p2|Conkeldurr, L50, M|\n|poke|p2|Rotom-Wash, L50|\n|poke|p2|Scizor, L50, F|\n|poke|p2|Corviknight, L50, M|\n|poke|p2|Gengar, L50, M|\n|teampreview|3\n|inactive|Battle timer is ON: inactive players will automatically lose when time's up. (requested by fletchyfletchy)\n|inactive|Kuttitomaguro has 60 seconds left.\n|\n|t:|1776241775\n|teamsize|p1|3\n|teamsize|p2|3\n|start\n|switch|p1a: Charizard|Charizard, L50, M|100/100\n|switch|p2a: Meowscarada|Meowscarada, L50, M|100/100\n|turn|1\n|\n|t:|1776241799\n|detailschange|p1a: Charizard|Charizard-Mega-Y, L50, M\n|-mega|p1a: Charizard|Charizard|Charizardite Y\n|-weather|SunnyDay|[from] ability: Drought|[of] p1a: Charizard\n|move|p2a: Meowscarada|U-turn|p1a: Charizard\n|-start|p2a: Meowscarada|typechange|Bug|[from] ability: Protean\n|-resisted|p1a: Charizard|2\n|-damage|p1a: Charizard|88/100\n|\n|t:|1776241808\n|switch|p2a: Conkeldurr|Conkeldurr, L50, M|100/100|[from] U-turn\n|move|p1a: Charizard|Flamethrower|p2a: Conkeldurr\n|-damage|p2a: Conkeldurr|0 fnt\n|faint|p2a: Conkeldurr\n|\n|-weather|SunnyDay|[upkeep]\n|upkeep\n|\n|t:|1776241810\n|switch|p2a: Gengar|Gengar, L50, M|100/100\n|turn|2\n|inactive|fletchyfletchy has 30 seconds left.\n|inactive|fletchyfletchy has 20 seconds left.\n|\n|t:|1776241845\n|detailschange|p2a: Gengar|Gengar-Mega, L50, M\n|-mega|p2a: Gengar|Gengar|Gengarite\n|move|p2a: Gengar|Hypnosis|p1a: Charizard\n|-status|p1a: Charizard|slp|[from] move: Hypnosis\n|cant|p1a: Charizard|slp\n|\n|-weather|SunnyDay|[upkeep]\n|upkeep\n|turn|3\n|\n|t:|1776241859\n|move|p2a: Gengar|Hex|p1a: Charizard\n|-damage|p1a: Charizard|8/100 slp\n|-curestatus|p1a: Charizard|slp|[msg]\n|move|p1a: Charizard|Air Slash|p2a: Gengar\n|-damage|p2a: Gengar|38/100\n|\n|-weather|SunnyDay|[upkeep]\n|upkeep\n|turn|4\n|\n|t:|1776241866\n|move|p2a: Gengar|Hex|p1a: Charizard\n|-damage|p1a: Charizard|0 fnt\n|faint|p1a: Charizard\n|\n|-weather|SunnyDay|[upkeep]\n|upkeep\n|\n|t:|1776241870\n|switch|p1a: Basculegion|Basculegion, L50, M|100/100\n|turn|5\n|\n|t:|1776241883\n|move|p1a: Basculegion|Flip Turn|p2a: Gengar\n|-damage|p2a: Gengar|8/100\n|\n|t:|1776241892\n|switch|p1a: Aegislash|Aegislash, L50, F|100/100|[from] Flip Turn\n|move|p2a: Gengar|Hypnosis|p1a: Aegislash\n|-status|p1a: Aegislash|slp|[from] move: Hypnosis\n|\n|-weather|none\n|upkeep\n|turn|6\n|\n|t:|1776241901\n|cant|p1a: Aegislash|slp\n|move|p2a: Gengar|Hex|p1a: Aegislash\n|-supereffective|p1a: Aegislash|1\n|-damage|p1a: Aegislash|0 fnt\n|faint|p1a: Aegislash\n|\n|upkeep\n|\n|t:|1776241905\n|switch|p1a: Basculegion|Basculegion, L50, M|100/100\n|turn|7\n|\n|t:|1776241911\n|move|p1a: Basculegion|Last Respects|p2a: Gengar\n|-supereffective|p2a: Gengar|1\n|-damage|p2a: Gengar|0 fnt\n|faint|p2a: Gengar\n|\n|upkeep\n|\n|t:|1776241914\n|switch|p2a: Meowscarada|Meowscarada, L50, M|100/100\n|turn|8\n|c|\u2606fletchyfletchy|ggs\n|\n|t:|1776241919\n|move|p2a: Meowscarada|Flower Trick|p1a: Basculegion\n|-start|p2a: Meowscarada|typechange|Grass|[from] ability: Protean\n|-supereffective|p1a: Basculegion|1\n|-crit|p1a: Basculegion\n|-damage|p1a: Basculegion|0 fnt\n|faint|p1a: Basculegion\n|\n|win|Kuttitomaguro\n|raw|fletchyfletchy's rating: 1087 &rarr; <strong>1069</strong><br />(-18 for losing)\n|raw|Kuttitomaguro's rating: 1165 &rarr; <strong>1184</strong><br />(+19 for winning)\n",
  "uploadtime": 1776241919,
  "views": 5,
  "formatid": "gen9championsbssregma",
  "rating": 1069,
  "private": 0,
  "password": null
}