{
  "id": "gen9championsbssregma-2583588127",
  "format": "[Gen 9 Champions] BSS Reg M-A",
  "players": [
    "pikachuperonista",
    "EkCantDrawLol"
  ],
  "log": "|j|\u2606pikachuperonista\n|j|\u203dEkCantDrawLol\n|t:|1776185050\n|gametype|singles\n|player|p1|pikachuperonista|pokekid|1081\n|player|p2|EkCantDrawLol|skierf|1018\n|gen|9\n|tier|[Gen 9 Champions] BSS Reg M-A\n|rated|\n|rule|Species Clause: Limit one of each Pok\u00e9mon\n|rule|Item Clause: Limit 1 of each item\n|clearpoke\n|poke|p1|Ditto, L50|\n|poke|p1|Rotom-Heat, L50|\n|poke|p1|Mimikyu, L50, F|\n|poke|p1|Corviknight, L50, F|\n|poke|p1|Lucario, L50, M|\n|poke|p1|Venusaur, L50, F|\n|poke|p2|Garchomp, L50, M|\n|poke|p2|Rotom-Frost, L50|\n|poke|p2|Gengar, L50, F|\n|poke|p2|Lucario, L50, M|\n|poke|p2|Sylveon, L50, M|\n|poke|p2|Starmie, L50|\n|teampreview|3\n|inactive|Battle timer is ON: inactive players will automatically lose when time's up. (requested by pikachuperonista)\n|inactive|pikachuperonista has 60 seconds left.\n|inactive|EkCantDrawLol has 60 seconds left.\n|inactive|pikachuperonista has 30 seconds left.\n|inactive|pikachuperonista has 20 seconds left.\n|inactive|pikachuperonista has 15 seconds left.\n|\n|t:|1776185132\n|teamsize|p1|3\n|teamsize|p2|3\n|start\n|switch|p1a: Lucario|Lucario, L50, M|100/100\n|switch|p2a: Gengar|Gengar, L50, F|100/100\n|turn|1\n|\n|t:|1776185138\n|detailschange|p2a: Gengar|Gengar-Mega, L50, F\n|-mega|p2a: Gengar|Gengar|Gengarite\n|move|p2a: Gengar|Thunder Wave|p1a: Lucario\n|-status|p1a: Lucario|par\n|move|p1a: Lucario|Flash Cannon|p2a: Gengar\n|-damage|p2a: Gengar|40/100\n|\n|upkeep\n|turn|2\n|\n|t:|1776185150\n|move|p2a: Gengar|Substitute|p2a: Gengar\n|-start|p2a: Gengar|Substitute\n|-damage|p2a: Gengar|16/100\n|move|p1a: Lucario|Nasty Plot|p1a: Lucario\n|-boost|p1a: Lucario|spa|2\n|\n|upkeep\n|turn|3\n|\n|t:|1776185154\n|move|p2a: Gengar|Hex|p1a: Lucario\n|-enditem|p1a: Lucario|Focus Sash\n|-damage|p1a: Lucario|1/100 par\n|cant|p1a: Lucario|par\n|\n|upkeep\n|turn|4\n|\n|t:|1776185160\n|move|p2a: Gengar|Hex|p1a: Lucario\n|-crit|p1a: Lucario\n|-damage|p1a: Lucario|0 fnt\n|faint|p1a: Lucario\n|\n|upkeep\n|\n|t:|1776185161\n|switch|p1a: Mimikyu|Mimikyu, L50, F|100/100\n|turn|5\n|\n|t:|1776185165\n|move|p1a: Mimikyu|Shadow Sneak|p2a: Gengar\n|-supereffective|p2a: Gengar|1\n|-end|p2a: Gengar|Substitute\n|move|p2a: Gengar|Hex|p1a: Mimikyu\n|-activate|p1a: Mimikyu|ability: Disguise\n|-damage|p1a: Mimikyu|100/100\n|detailschange|p1a: Mimikyu|Mimikyu-Busted, L50, F\n|-damage|p1a: Mimikyu|88/100|[from] pokemon: Mimikyu-Busted\n|\n|upkeep\n|turn|6\n|\n|t:|1776185175\n|switch|p2a: Garchomp|Garchomp, L50, M|100/100\n|move|p1a: Mimikyu|Shadow Sneak|p2a: Garchomp\n|-damage|p2a: Garchomp|84/100\n|-damage|p1a: Mimikyu|76/100|[from] ability: Rough Skin|[of] p2a: Garchomp\n|\n|upkeep\n|turn|7\n|\n|t:|1776185183\n|switch|p1a: Corviknight|Corviknight, L50, F|100/100\n|move|p2a: Garchomp|Earthquake|p1a: Corviknight\n|-immune|p1a: Corviknight\n|\n|upkeep\n|turn|8\n|\n|t:|1776185196\n|move|p2a: Garchomp|Swords Dance|p2a: Garchomp\n|-boost|p2a: Garchomp|atk|2\n|move|p1a: Corviknight|U-turn|p2a: Garchomp\n|-damage|p2a: Garchomp|69/100\n|-damage|p1a: Corviknight|88/100|[from] ability: Rough Skin|[of] p2a: Garchomp\n|\n|t:|1776185198\n|switch|p1a: Mimikyu|Mimikyu-Busted, L50, F|76/100|[from] U-turn\n|\n|upkeep\n|turn|9\n|\n|t:|1776185219\n|switch|p1a: Corviknight|Corviknight, L50, F|88/100\n|move|p2a: Garchomp|Earthquake|p1a: Corviknight\n|-immune|p1a: Corviknight\n|\n|-heal|p1a: Corviknight|94/100|[from] item: Leftovers\n|upkeep\n|turn|10\n|\n|t:|1776185240\n|move|p2a: Garchomp|Dragon Claw|p1a: Corviknight\n|-resisted|p1a: Corviknight|1\n|-damage|p1a: Corviknight|67/100\n|move|p1a: Corviknight|Iron Defense|p1a: Corviknight\n|-boost|p1a: Corviknight|def|2\n|\n|-heal|p1a: Corviknight|73/100|[from] item: Leftovers\n|upkeep\n|turn|11\n|\n|t:|1776185253\n|move|p2a: Garchomp|Dragon Claw|p1a: Corviknight\n|-resisted|p1a: Corviknight|1\n|-damage|p1a: Corviknight|59/100\n|move|p1a: Corviknight|Roost|p1a: Corviknight\n|-heal|p1a: Corviknight|100/100\n|-singleturn|p1a: Corviknight|move: Roost\n|\n|upkeep\n|turn|12\n|\n|t:|1776185262\n|move|p2a: Garchomp|Substitute|p2a: Garchomp\n|-start|p2a: Garchomp|Substitute\n|-damage|p2a: Garchomp|44/100\n|move|p1a: Corviknight|Iron Defense|p1a: Corviknight\n|-boost|p1a: Corviknight|def|2\n|\n|upkeep\n|turn|13\n|\n|t:|1776185269\n|move|p2a: Garchomp|Swords Dance|p2a: Garchomp\n|-boost|p2a: Garchomp|atk|2\n|move|p1a: Corviknight|Body Press|p2a: Garchomp\n|-end|p2a: Garchomp|Substitute\n|\n|upkeep\n|turn|14\n|\n|t:|1776185276\n|move|p2a: Garchomp|Dragon Claw|p1a: Corviknight\n|-resisted|p1a: Corviknight|1\n|-damage|p1a: Corviknight|86/100\n|move|p1a: Corviknight|Iron Defense|p1a: Corviknight\n|-boost|p1a: Corviknight|def|2\n|\n|-heal|p1a: Corviknight|92/100|[from] item: Leftovers\n|upkeep\n|turn|15\n|\n|t:|1776185289\n|move|p2a: Garchomp|Dragon Claw|p1a: Corviknight\n|-resisted|p1a: Corviknight|1\n|-damage|p1a: Corviknight|83/100\n|move|p1a: Corviknight|Body Press|p2a: Garchomp\n|-damage|p2a: Garchomp|0 fnt\n|-damage|p1a: Corviknight|70/100|[from] ability: Rough Skin|[of] p2a: Garchomp\n|faint|p2a: Garchomp\n|\n|-heal|p1a: Corviknight|76/100|[from] item: Leftovers\n|upkeep\n|\n|t:|1776185296\n|switch|p2a: Gengar|Gengar-Mega, L50, F|16/100\n|turn|16\n|\n|t:|1776185315\n|switch|p2a: Rotom|Rotom-Frost, L50|100/100\n|move|p1a: Corviknight|U-turn|p2a: Rotom\n|-damage|p2a: Rotom|81/100\n|\n|t:|1776185320\n|switch|p1a: Mimikyu|Mimikyu-Busted, L50, F|76/100|[from] U-turn\n|\n|upkeep\n|turn|17\n|\n|t:|1776185328\n|move|p2a: Rotom|Discharge|p1a: Mimikyu\n|-damage|p1a: Mimikyu|32/100\n|move|p1a: Mimikyu|Play Rough|p2a: Rotom\n|-damage|p2a: Rotom|32/100\n|\n|upkeep\n|turn|18\n|\n|t:|1776185344\n|move|p2a: Rotom|Discharge|p1a: Mimikyu\n|-damage|p1a: Mimikyu|0 fnt\n|faint|p1a: Mimikyu\n|\n|upkeep\n|\n|t:|1776185346\n|switch|p1a: Corviknight|Corviknight, L50, F|76/100\n|turn|19\n|\n|t:|1776185348\n|move|p2a: Rotom|Discharge|p1a: Corviknight\n|-supereffective|p1a: Corviknight|1\n|-damage|p1a: Corviknight|6/100\n|move|p1a: Corviknight|Body Press|p2a: Rotom\n|-supereffective|p2a: Rotom|1\n|-damage|p2a: Rotom|0 fnt\n|faint|p2a: Rotom\n|\n|-heal|p1a: Corviknight|12/100|[from] item: Leftovers\n|upkeep\n|\n|t:|1776185350\n|switch|p2a: Gengar|Gengar-Mega, L50, F|16/100\n|turn|20\n|\n|t:|1776185354\n|move|p2a: Gengar|Hex|p1a: Corviknight\n|-damage|p1a: Corviknight|0 fnt\n|faint|p1a: Corviknight\n|\n|win|EkCantDrawLol\n|raw|pikachuperonista's rating: 1081 &rarr; <strong>1055</strong><br />(-26 for losing)\n|raw|EkCantDrawLol's rating: 1018 &rarr; <strong>1062</strong><br />(+44 for winning)\n|l|\u2606pikachuperonista\n|player|p1|\n",
  "uploadtime": 1776185359,
  "views": 2,
  "formatid": "gen9championsbssregma",
  "rating": 1055,
  "private": 0,
  "password": null
}