{
  "id": "gen9championsbssregma-2583807371",
  "format": "[Gen 9 Champions] BSS Reg M-A",
  "players": [
    "lul nn",
    "I came to Boon"
  ],
  "log": "|j|\u2606lul nn\n|j|\u2606I came to Boon\n|t:|1776199137\n|gametype|singles\n|player|p1|lul nn|170|1078\n|player|p2|I came to Boon|169|1000\n|gen|9\n|tier|[Gen 9 Champions] BSS Reg M-A\n|rated|\n|rule|Species Clause: Limit one of each Pok\u00e9mon\n|rule|Item Clause: Limit 1 of each item\n|clearpoke\n|poke|p1|Lopunny, L50, F|\n|poke|p1|Dragonite, L50, M|\n|poke|p1|Azumarill, L50, M|\n|poke|p1|Kleavor, L50, F|\n|poke|p1|Charizard, L50, M|\n|poke|p1|Sneasler, L50, M|\n|poke|p2|Chesnaught, L50, F|\n|poke|p2|Clefable, L50, F|\n|poke|p2|Hawlucha, L50, F|\n|poke|p2|Ditto, L50|\n|poke|p2|Scovillain, L50, M|\n|poke|p2|Slurpuff, L50, M|\n|teampreview|3\n|\n|t:|1776199151\n|teamsize|p1|3\n|teamsize|p2|3\n|start\n|switch|p1a: Kleavor|Kleavor, L50, F|100/100\n|switch|p2a: Clefable|Clefable, L50, F|100/100\n|turn|1\n|\n|t:|1776199163\n|move|p1a: Kleavor|Stone Axe|p2a: Clefable\n|-damage|p2a: Clefable|57/100\n|-sidestart|p2: I came to Boon|move: Stealth Rock\n|move|p2a: Clefable|Cosmic Power|p2a: Clefable\n|-boost|p2a: Clefable|def|1\n|-boost|p2a: Clefable|spd|1\n|\n|-heal|p2a: Clefable|63/100|[from] item: Leftovers\n|upkeep\n|turn|2\n|\n|t:|1776199167\n|move|p1a: Kleavor|Stone Axe|p2a: Clefable\n|-damage|p2a: Clefable|35/100\n|move|p2a: Clefable|Cosmic Power|p2a: Clefable\n|-boost|p2a: Clefable|def|1\n|-boost|p2a: Clefable|spd|1\n|\n|-heal|p2a: Clefable|41/100|[from] item: Leftovers\n|upkeep\n|turn|3\n|\n|t:|1776199171\n|move|p1a: Kleavor|Stone Axe|p2a: Clefable\n|-damage|p2a: Clefable|20/100\n|move|p2a: Clefable|Cosmic Power|p2a: Clefable\n|-boost|p2a: Clefable|def|1\n|-boost|p2a: Clefable|spd|1\n|\n|-heal|p2a: Clefable|26/100|[from] item: Leftovers\n|upkeep\n|turn|4\n|\n|t:|1776199191\n|move|p1a: Kleavor|Stone Axe|p2a: Clefable\n|-damage|p2a: Clefable|8/100\n|move|p2a: Clefable|Baton Pass|p2a: Clefable\n|\n|t:|1776199194\n|switch|p2a: Scovillain|Scovillain, L50, M|100/100|[from] Baton Pass\n|-damage|p2a: Scovillain|75/100|[from] Stealth Rock\n|\n|-ability|p2a: Scovillain|Moody|boost\n|-boost|p2a: Scovillain|spa|2\n|-unboost|p2a: Scovillain|spe|1\n|upkeep\n|turn|5\n|\n|t:|1776199197\n|move|p2a: Scovillain|Protect|p2a: Scovillain\n|-singleturn|p2a: Scovillain|Protect\n|move|p1a: Kleavor|Stone Axe|p2a: Scovillain\n|-activate|p2a: Scovillain|move: Protect\n|\n|-ability|p2a: Scovillain|Moody|boost\n|-boost|p2a: Scovillain|spa|2\n|-unboost|p2a: Scovillain|spd|1\n|upkeep\n|turn|6\n|\n|t:|1776199209\n|move|p1a: Kleavor|Stone Axe|p2a: Scovillain|[miss]\n|-miss|p1a: Kleavor|p2a: Scovillain\n|move|p2a: Scovillain|Giga Drain|p1a: Kleavor\n|-damage|p1a: Kleavor|0 fnt\n|-heal|p2a: Scovillain|100/100|[from] drain|[of] p1a: Kleavor\n|faint|p1a: Kleavor\n|\n|-ability|p2a: Scovillain|Moody|boost\n|-boost|p2a: Scovillain|spd|2\n|-unboost|p2a: Scovillain|spa|1\n|upkeep\n|\n|t:|1776199216\n|switch|p1a: Charizard|Charizard, L50, M|100/100\n|turn|7\n|\n|t:|1776199221\n|detailschange|p1a: Charizard|Charizard-Mega-Y, L50, M\n|-mega|p1a: Charizard|Charizard|Charizardite Y\n|-weather|SunnyDay|[from] ability: Drought|[of] p1a: Charizard\n|move|p2a: Scovillain|Protect|p2a: Scovillain\n|-singleturn|p2a: Scovillain|Protect\n|move|p1a: Charizard|Weather Ball|p2a: Scovillain\n|-activate|p2a: Scovillain|move: Protect\n|\n|-weather|SunnyDay|[upkeep]\n|-ability|p2a: Scovillain|Moody|boost\n|-boost|p2a: Scovillain|spd|2\n|-unboost|p2a: Scovillain|spe|1\n|upkeep\n|turn|8\n|\n|t:|1776199251\n|detailschange|p2a: Scovillain|Scovillain-Mega, L50, M\n|-mega|p2a: Scovillain|Scovillain|Scovillainite\n|move|p1a: Charizard|Weather Ball|p2a: Scovillain\n|-damage|p2a: Scovillain|72/100\n|-immune|p1a: Charizard\n|move|p2a: Scovillain|Flamethrower|p1a: Charizard\n|-resisted|p1a: Charizard|1\n|-damage|p1a: Charizard|13/100\n|\n|-weather|SunnyDay|[upkeep]\n|upkeep\n|turn|9\n|-message|lul nn forfeited.\n|\n|win|I came to Boon\n|raw|lul nn's rating: 1078 &rarr; <strong>1052</strong><br />(-26 for losing)\n|raw|I came to Boon's rating: 1000 &rarr; <strong>1049</strong><br />(+49 for winning)\n|l|\u2606lul nn\n|player|p1|\n",
  "uploadtime": 1776199262,
  "views": 1,
  "formatid": "gen9championsbssregma",
  "rating": 1049,
  "private": 0,
  "password": null
}