{
  "id": "gen9championsbssregma-2587139635",
  "format": "[Gen 9 Champions] BSS Reg M-A",
  "players": [
    "hoerutono",
    "joguri"
  ],
  "log": "|j|\u2606hoerutono\n|j|\u2606joguri\n|t:|1776499172\n|gametype|singles\n|player|p1|hoerutono|whitney|1096\n|player|p2|joguri|dawn|1168\n|gen|9\n|tier|[Gen 9 Champions] BSS Reg M-A\n|rated|\n|rule|Species Clause: Limit one of each Pok\u00e9mon\n|rule|Item Clause: Limit 1 of each item\n|clearpoke\n|poke|p1|Gardevoir, L50, F|\n|poke|p1|Chandelure, L50, M, shiny|\n|poke|p1|Florges, L50, F, shiny|\n|poke|p1|Kingambit, L50, M|\n|poke|p1|Alcremie-Ruby-Swirl, L50, F|\n|poke|p1|Arcanine-Hisui, L50, M|\n|poke|p2|Clefable, L50, F|\n|poke|p2|Garchomp, L50, M|\n|poke|p2|Glimmora, L50, M|\n|poke|p2|Lopunny, L50, M|\n|poke|p2|Primarina, L50, M|\n|poke|p2|Corviknight, L50, F|\n|teampreview|3\n|\n|t:|1776499213\n|teamsize|p1|3\n|teamsize|p2|3\n|start\n|switch|p1a: Mr\u30b7\u30e3\u30a4\u30cb\u30f3\u30b0\u30ca\u30a4\u30d5|Kingambit, L50, M|100/100\n|switch|p2a: Lopunny|Lopunny, L50, M|100/100\n|turn|1\n|inactive|Battle timer is ON: inactive players will automatically lose when time's up. (requested by joguri)\n|\n|t:|1776499223\n|-end|p1a: Mr\u30b7\u30e3\u30a4\u30cb\u30f3\u30b0\u30ca\u30a4\u30d5|fallenundefined|[silent]\n|switch|p1a: \u30d5\u30a1\u30a4\u30e4\u30ad\u30e3\u30f3\u30c9\u30eb|Chandelure, L50, M, shiny|100/100\n|move|p2a: Lopunny|Cotton Guard|p2a: Lopunny\n|-boost|p2a: Lopunny|def|3\n|\n|upkeep\n|turn|2\n|\n|t:|1776499231\n|move|p2a: Lopunny|Agility|p2a: Lopunny\n|-boost|p2a: Lopunny|spe|2\n|move|p1a: \u30d5\u30a1\u30a4\u30e4\u30ad\u30e3\u30f3\u30c9\u30eb|Substitute|p1a: \u30d5\u30a1\u30a4\u30e4\u30ad\u30e3\u30f3\u30c9\u30eb\n|-start|p1a: \u30d5\u30a1\u30a4\u30e4\u30ad\u30e3\u30f3\u30c9\u30eb|Substitute\n|-damage|p1a: \u30d5\u30a1\u30a4\u30e4\u30ad\u30e3\u30f3\u30c9\u30eb|76/100\n|\n|-heal|p1a: \u30d5\u30a1\u30a4\u30e4\u30ad\u30e3\u30f3\u30c9\u30eb|82/100|[from] item: Leftovers\n|upkeep\n|turn|3\n|\n|t:|1776499244\n|move|p2a: Lopunny|Encore|p1a: \u30d5\u30a1\u30a4\u30e4\u30ad\u30e3\u30f3\u30c9\u30eb\n|-start|p1a: \u30d5\u30a1\u30a4\u30e4\u30ad\u30e3\u30f3\u30c9\u30eb|Encore\n|move|p1a: \u30d5\u30a1\u30a4\u30e4\u30ad\u30e3\u30f3\u30c9\u30eb|Substitute|p1a: \u30d5\u30a1\u30a4\u30e4\u30ad\u30e3\u30f3\u30c9\u30eb\n|-fail|p1a: \u30d5\u30a1\u30a4\u30e4\u30ad\u30e3\u30f3\u30c9\u30eb|move: Substitute\n|\n|-heal|p1a: \u30d5\u30a1\u30a4\u30e4\u30ad\u30e3\u30f3\u30c9\u30eb|88/100|[from] item: Leftovers\n|upkeep\n|turn|4\n|\n|t:|1776499253\n|move|p2a: Lopunny|Agility|p2a: Lopunny\n|-boost|p2a: Lopunny|spe|2\n|move|p1a: \u30d5\u30a1\u30a4\u30e4\u30ad\u30e3\u30f3\u30c9\u30eb|Substitute|p1a: \u30d5\u30a1\u30a4\u30e4\u30ad\u30e3\u30f3\u30c9\u30eb\n|-fail|p1a: \u30d5\u30a1\u30a4\u30e4\u30ad\u30e3\u30f3\u30c9\u30eb|move: Substitute\n|\n|-heal|p1a: \u30d5\u30a1\u30a4\u30e4\u30ad\u30e3\u30f3\u30c9\u30eb|94/100|[from] item: Leftovers\n|upkeep\n|turn|5\n|\n|t:|1776499262\n|move|p2a: Lopunny|Cotton Guard|p2a: Lopunny\n|-boost|p2a: Lopunny|def|3\n|move|p1a: \u30d5\u30a1\u30a4\u30e4\u30ad\u30e3\u30f3\u30c9\u30eb|Substitute|p1a: \u30d5\u30a1\u30a4\u30e4\u30ad\u30e3\u30f3\u30c9\u30eb\n|-fail|p1a: \u30d5\u30a1\u30a4\u30e4\u30ad\u30e3\u30f3\u30c9\u30eb|move: Substitute\n|\n|-heal|p1a: \u30d5\u30a1\u30a4\u30e4\u30ad\u30e3\u30f3\u30c9\u30eb|99/100|[from] item: Leftovers\n|-end|p1a: \u30d5\u30a1\u30a4\u30e4\u30ad\u30e3\u30f3\u30c9\u30eb|Encore\n|upkeep\n|turn|6\n|\n|t:|1776499272\n|move|p2a: Lopunny|Encore|p1a: \u30d5\u30a1\u30a4\u30e4\u30ad\u30e3\u30f3\u30c9\u30eb\n|-start|p1a: \u30d5\u30a1\u30a4\u30e4\u30ad\u30e3\u30f3\u30c9\u30eb|Encore\n|move|p1a: \u30d5\u30a1\u30a4\u30e4\u30ad\u30e3\u30f3\u30c9\u30eb|Substitute|p1a: \u30d5\u30a1\u30a4\u30e4\u30ad\u30e3\u30f3\u30c9\u30eb\n|-fail|p1a: \u30d5\u30a1\u30a4\u30e4\u30ad\u30e3\u30f3\u30c9\u30eb|move: Substitute\n|\n|-heal|p1a: \u30d5\u30a1\u30a4\u30e4\u30ad\u30e3\u30f3\u30c9\u30eb|100/100|[from] item: Leftovers\n|upkeep\n|turn|7\n|-message|hoerutono forfeited.\n|\n|win|joguri\n|raw|hoerutono's rating: 1096 &rarr; <strong>1077</strong><br />(-19 for losing)\n|raw|joguri's rating: 1168 &rarr; <strong>1188</strong><br />(+20 for winning)\n|l|\u2606hoerutono\n|player|p1|\n",
  "uploadtime": 1776499285,
  "views": 6,
  "formatid": "gen9championsbssregma",
  "rating": 1077,
  "private": 0,
  "password": null
}