{
  "id": "gen9championsbssregma-2584279250",
  "format": "[Gen 9 Champions] BSS Reg M-A",
  "players": [
    "gorilnx",
    "tiazelite"
  ],
  "log": "|j|\u2606gorilnx\n|j|\u2606tiazelite\n|t:|1776246464\n|gametype|singles\n|player|p1|gorilnx|dawn-gen4pt|1082\n|player|p2|tiazelite|266|1065\n|gen|9\n|tier|[Gen 9 Champions] BSS Reg M-A\n|rated|\n|rule|Species Clause: Limit one of each Pok\u00e9mon\n|rule|Item Clause: Limit 1 of each item\n|clearpoke\n|poke|p1|Aegislash, L50, F|\n|poke|p1|Garchomp, L50, M|\n|poke|p1|Delphox, L50, F|\n|poke|p1|Lopunny, L50, M|\n|poke|p1|Rotom-Wash, L50|\n|poke|p1|Corviknight, L50, M|\n|poke|p2|Espathra, L50, F|\n|poke|p2|Polteageist, L50|\n|poke|p2|Floette-Eternal, L50, F|\n|poke|p2|Heracross, L50, M|\n|poke|p2|Morpeko, L50, M|\n|poke|p2|Maushold, L50|\n|teampreview|3\n|inactive|Battle timer is ON: inactive players will automatically lose when time's up. (requested by gorilnx)\n|inactive|gorilnx has 60 seconds left.\n|inactive|tiazelite has 60 seconds left.\n|inactive|tiazelite has 30 seconds left.\n|\n|t:|1776246530\n|teamsize|p1|3\n|teamsize|p2|3\n|start\n|switch|p1a: Aegislash|Aegislash, L50, F|100/100\n|switch|p2a: Espathra|Espathra, L50, F|100/100\n|turn|1\n|\n|t:|1776246545\n|move|p2a: Espathra|Protect|p2a: Espathra\n|-singleturn|p2a: Espathra|Protect\n|-formechange|p1a: Aegislash|Aegislash-Blade|\n|move|p1a: Aegislash|Poltergeist|p2a: Espathra\n|-activate|p2a: Espathra|move: Protect\n|\n|-ability|p2a: Espathra|Speed Boost|boost\n|-boost|p2a: Espathra|spe|1\n|upkeep\n|turn|2\n|\n|t:|1776246560\n|move|p2a: Espathra|Calm Mind|p2a: Espathra\n|-boost|p2a: Espathra|spa|1\n|-boost|p2a: Espathra|spd|1\n|move|p1a: Aegislash|Poltergeist|p2a: Espathra\n|-activate|p2a: Espathra|move: Poltergeist|Focus Sash\n|-supereffective|p2a: Espathra|1\n|-enditem|p2a: Espathra|Focus Sash\n|-damage|p2a: Espathra|1/100\n|\n|-ability|p2a: Espathra|Speed Boost|boost\n|-boost|p2a: Espathra|spe|1\n|upkeep\n|turn|3\n|\n|t:|1776246577\n|switch|p1a: Rotom|Rotom-Wash, L50|100/100\n|move|p2a: Espathra|Protect||[still]\n|-fail|p2a: Espathra\n|\n|-ability|p2a: Espathra|Speed Boost|boost\n|-boost|p2a: Espathra|spe|1\n|upkeep\n|turn|4\n|\n|t:|1776246592\n|move|p2a: Espathra|Baton Pass|p2a: Espathra\n|\n|t:|1776246598\n|switch|p2a: Polteageist|Polteageist, L50|100/100|[from] Baton Pass\n|move|p1a: Rotom|Trick|p2a: Polteageist\n|-activate|p1a: Rotom|move: Trick|[of] p2a: Polteageist\n|-item|p2a: Polteageist|Choice Scarf|[from] move: Trick\n|-item|p1a: Rotom|White Herb|[from] move: Trick\n|\n|upkeep\n|turn|5\n|\n|t:|1776246608\n|move|p2a: Polteageist|Baton Pass|p2a: Polteageist\n|\n|t:|1776246610\n|switch|p2a: Floette|Floette-Eternal, L50, F|100/100|[from] Baton Pass\n|move|p1a: Rotom|Will-O-Wisp|p2a: Floette\n|-status|p2a: Floette|brn\n|\n|-damage|p2a: Floette|94/100 brn|[from] brn\n|upkeep\n|turn|6\n|\n|t:|1776246618\n|switch|p1a: Aegislash|Aegislash, L50, F|100/100\n|detailschange|p2a: Floette|Floette-Mega, L50, F\n|-mega|p2a: Floette|Floette|Floettite\n|-ability|p2a: Floette|Fairy Aura\n|move|p2a: Floette|Giga Drain|p1a: Aegislash\n|-resisted|p1a: Aegislash|1\n|-damage|p1a: Aegislash|84/100\n|-heal|p2a: Floette|100/100 brn|[from] drain|[of] p1a: Aegislash\n|\n|-damage|p2a: Floette|94/100 brn|[from] brn\n|upkeep\n|turn|7\n|\n|t:|1776246629\n|move|p2a: Floette|Moonblast|p1a: Aegislash\n|-resisted|p1a: Aegislash|1\n|-damage|p1a: Aegislash|44/100\n|-formechange|p1a: Aegislash|Aegislash-Blade|\n|move|p1a: Aegislash|Poltergeist|p2a: Floette\n|-activate|p2a: Floette|move: Poltergeist|Floettite\n|-damage|p2a: Floette|12/100 brn\n|\n|-damage|p2a: Floette|6/100 brn|[from] brn\n|upkeep\n|turn|8\n|\n|t:|1776246640\n|move|p1a: Aegislash|Shadow Sneak|p2a: Floette\n|-damage|p2a: Floette|0 fnt\n|faint|p2a: Floette\n|\n|upkeep\n|-message|tiazelite forfeited.\n|\n|win|gorilnx\n|raw|gorilnx's rating: 1082 &rarr; <strong>1108</strong><br />(+26 for winning)\n|raw|tiazelite's rating: 1065 &rarr; <strong>1046</strong><br />(-19 for losing)\n|l|\u2606tiazelite\n|player|p2|\n",
  "uploadtime": 1776246648,
  "views": 11,
  "formatid": "gen9championsbssregma",
  "rating": 1046,
  "private": 0,
  "password": null
}