{
  "id": "gen9championsbssregma-2588240039",
  "format": "[Gen 9 Champions] BSS Reg M-A",
  "players": [
    "Nestch",
    "Billyjene"
  ],
  "log": "|j|\u2606Nestch\n|j|\u2606Billyjene\n|t:|1776617209\n|gametype|singles\n|player|p1|Nestch|blaine|1000\n|player|p2|Billyjene|102|1029\n|gen|9\n|tier|[Gen 9 Champions] BSS Reg M-A\n|rated|\n|rule|Species Clause: Limit one of each Pok\u00e9mon\n|rule|Item Clause: Limit 1 of each item\n|clearpoke\n|poke|p1|Aggron, L50, M|\n|poke|p1|Aerodactyl, L50, F|\n|poke|p1|Ninetales-Alola, L50, F|\n|poke|p1|Ceruledge, L50, M|\n|poke|p1|Hydreigon, L50, F|\n|poke|p1|Serperior, L50, M|\n|poke|p2|Kingambit, L50, M|\n|poke|p2|Rotom-Wash, L50|\n|poke|p2|Glimmora, L50, M|\n|poke|p2|Corviknight, L50, F|\n|poke|p2|Delphox, L50, F|\n|poke|p2|Victreebel, L50, M|\n|teampreview|3\n|\n|t:|1776617261\n|teamsize|p1|3\n|teamsize|p2|3\n|start\n|switch|p1a: Aggron|Aggron, L50, M|100/100\n|switch|p2a: Victreebel|Victreebel, L50, M|100/100\n|turn|1\n|\n|t:|1776617294\n|move|p2a: Victreebel|Strength Sap|p1a: Aggron\n|-unboost|p1a: Aggron|atk|1\n|move|p1a: Aggron|Body Press|p2a: Victreebel\n|-resisted|p2a: Victreebel|1\n|-damage|p2a: Victreebel|86/100\n|\n|upkeep\n|turn|2\n|\n|t:|1776617302\n|move|p2a: Victreebel|Encore|p1a: Aggron\n|-start|p1a: Aggron|Encore\n|move|p1a: Aggron|Body Press|p2a: Victreebel\n|-resisted|p2a: Victreebel|1\n|-damage|p2a: Victreebel|71/100\n|\n|upkeep\n|turn|3\n|\n|t:|1776617308\n|move|p2a: Victreebel|Strength Sap|p1a: Aggron\n|-unboost|p1a: Aggron|atk|1\n|-heal|p2a: Victreebel|100/100\n|move|p1a: Aggron|Body Press|p2a: Victreebel\n|-resisted|p2a: Victreebel|1\n|-damage|p2a: Victreebel|84/100\n|\n|upkeep\n|turn|4\n|\n|t:|1776617328\n|detailschange|p1a: Aggron|Aggron-Mega, L50, M\n|-mega|p1a: Aggron|Aggron|Aggronite\n|move|p2a: Victreebel|Power Whip|p1a: Aggron\n|-resisted|p1a: Aggron|1\n|-damage|p1a: Aggron|90/100\n|move|p1a: Aggron|Body Press|p2a: Victreebel\n|-resisted|p2a: Victreebel|1\n|-damage|p2a: Victreebel|65/100\n|\n|-end|p1a: Aggron|Encore\n|upkeep\n|turn|5\n|\n|t:|1776617340\n|move|p2a: Victreebel|Strength Sap|p1a: Aggron\n|-unboost|p1a: Aggron|atk|1\n|-heal|p2a: Victreebel|100/100\n|move|p1a: Aggron|Heavy Slam|p2a: Victreebel\n|-damage|p2a: Victreebel|78/100\n|\n|upkeep\n|turn|6\n|\n|t:|1776617356\n|switch|p1a: Ceruledge|Ceruledge, L50, M|100/100\n|move|p2a: Victreebel|Strength Sap|p1a: Ceruledge\n|-unboost|p1a: Ceruledge|atk|1\n|-heal|p2a: Victreebel|100/100\n|\n|upkeep\n|turn|7\n|\n|t:|1776617369\n|detailschange|p2a: Victreebel|Victreebel-Mega, L50, M\n|-mega|p2a: Victreebel|Victreebel|Victreebelite\n|move|p1a: Ceruledge|Bitter Blade|p2a: Victreebel\n|-supereffective|p2a: Victreebel|1\n|-damage|p2a: Victreebel|32/100\n|move|p2a: Victreebel|Toxic|p1a: Ceruledge\n|-status|p1a: Ceruledge|tox\n|\n|-damage|p1a: Ceruledge|95/100 tox|[from] psn\n|upkeep\n|turn|8\n|\n|t:|1776617388\n|move|p1a: Ceruledge|Bitter Blade|p2a: Victreebel\n|-supereffective|p2a: Victreebel|1\n|-crit|p2a: Victreebel\n|-damage|p2a: Victreebel|0 fnt\n|-heal|p1a: Ceruledge|100/100 tox|[from] drain|[of] p2a: Victreebel\n|-damage|p1a: Ceruledge|62/100 tox|[from] ability: Innards Out|[of] p2a: Victreebel\n|faint|p2a: Victreebel\n|\n|-damage|p1a: Ceruledge|50/100 tox|[from] psn\n|upkeep\n|\n|t:|1776617398\n|switch|p2a: Kingambit|Kingambit, L50, M|100/100\n|-activate|p2a: Kingambit|ability: Supreme Overlord\n|-start|p2a: Kingambit|fallen1|[silent]\n|turn|9\n|\n|t:|1776617403\n|move|p2a: Kingambit|Sucker Punch||[still]\n|-fail|p2a: Kingambit\n|move|p1a: Ceruledge|Will-O-Wisp|p2a: Kingambit\n|-status|p2a: Kingambit|brn\n|\n|-damage|p1a: Ceruledge|32/100 tox|[from] psn\n|-damage|p2a: Kingambit|95/100 brn|[from] brn\n|upkeep\n|turn|10\n|-message|Billyjene forfeited.\n|\n|win|Nestch\n|raw|Nestch's rating: 1000 &rarr; <strong>1043</strong><br />(+43 for winning)\n|raw|Billyjene's rating: 1029 &rarr; <strong>1013</strong><br />(-16 for losing)\n|l|\u2606Billyjene\n|player|p2|\n",
  "uploadtime": 1776617426,
  "views": 8,
  "formatid": "gen9championsbssregma",
  "rating": 1013,
  "private": 0,
  "password": null
}