{
  "id": "gen9championsbssregma-2586793113",
  "format": "[Gen 9 Champions] BSS Reg M-A",
  "players": [
    "Voltaris33",
    "dialestdial"
  ],
  "log": "|j|\u2606Voltaris33\n|j|\u2606dialestdial\n|t:|1776460344\n|gametype|singles\n|player|p1|Voltaris33|unknownf|1111\n|player|p2|dialestdial|plasmagruntf|1127\n|gen|9\n|tier|[Gen 9 Champions] BSS Reg M-A\n|rated|\n|rule|Species Clause: Limit one of each Pok\u00e9mon\n|rule|Item Clause: Limit 1 of each item\n|clearpoke\n|poke|p1|Skarmory, L50, M|\n|poke|p1|Garchomp, L50, F|\n|poke|p1|Aggron, L50, M|\n|poke|p1|Armarouge, L50, M|\n|poke|p1|Zoroark-Hisui, L50, F|\n|poke|p1|Vaporeon, L50, M|\n|poke|p2|Floette-Eternal, L50, F|\n|poke|p2|Sneasler, L50, M|\n|poke|p2|Meowscarada, L50, F|\n|poke|p2|Basculegion, L50, M|\n|poke|p2|Clefable, L50, M|\n|poke|p2|Scizor, L50, F|\n|teampreview|3\n|inactive|Battle timer is ON: inactive players will automatically lose when time's up. (requested by dialestdial)\n|inactive|Voltaris33 also wants the timer to be on.\n|inactive|dialestdial has 60 seconds left.\n|\n|t:|1776460386\n|teamsize|p1|3\n|teamsize|p2|3\n|start\n|switch|p1a: Aggron|Aggron, L50, M|100/100\n|switch|p2a: Scizor|Scizor, L50, F|100/100\n|turn|1\n|\n|t:|1776460398\n|switch|p1a: Vaporeon|Vaporeon, L50, M|100/100\n|move|p2a: Scizor|Iron Defense|p2a: Scizor\n|-boost|p2a: Scizor|def|2\n|\n|upkeep\n|turn|2\n|\n|t:|1776460407\n|move|p2a: Scizor|Baton Pass|p2a: Scizor\n|\n|t:|1776460409\n|switch|p2a: Clefable|Clefable, L50, M, shiny|100/100|[from] Baton Pass\n|move|p1a: Vaporeon|Scald|p2a: Clefable\n|-damage|p2a: Clefable|72/100\n|-status|p2a: Clefable|brn\n|\n|-damage|p2a: Clefable|66/100 brn|[from] brn\n|upkeep\n|turn|3\n|\n|t:|1776460417\n|move|p1a: Vaporeon|Scald|p2a: Clefable\n|-damage|p2a: Clefable|39/100 brn\n|move|p2a: Clefable|Amnesia|p2a: Clefable\n|-boost|p2a: Clefable|spd|2\n|\n|-damage|p2a: Clefable|33/100 brn|[from] brn\n|upkeep\n|turn|4\n|\n|t:|1776460428\n|move|p1a: Vaporeon|Flip Turn|p2a: Clefable\n|-damage|p2a: Clefable|26/100 brn\n|\n|t:|1776460430\n|switch|p1a: Aggron|Aggron, L50, M|100/100|[from] Flip Turn\n|move|p2a: Clefable|Moonlight|p2a: Clefable\n|-heal|p2a: Clefable|76/100 brn\n|\n|-damage|p2a: Clefable|70/100 brn|[from] brn\n|upkeep\n|turn|5\n|\n|t:|1776460445\n|move|p1a: Aggron|Trick||[still]\n|-fail|p1a: Aggron\n|move|p2a: Clefable|Amnesia|p2a: Clefable\n|-boost|p2a: Clefable|spd|2\n|\n|-damage|p2a: Clefable|65/100 brn|[from] brn\n|upkeep\n|turn|6\n|\n|t:|1776460453\n|switch|p1a: Vaporeon|Vaporeon, L50, M|100/100\n|move|p2a: Clefable|Amnesia|p2a: Clefable\n|-boost|p2a: Clefable|spd|2\n|\n|-damage|p2a: Clefable|59/100 brn|[from] brn\n|upkeep\n|turn|7\n|\n|t:|1776460458\n|move|p1a: Vaporeon|Scald|p2a: Clefable\n|-damage|p2a: Clefable|51/100 brn\n|move|p2a: Clefable|Moonlight|p2a: Clefable\n|-heal|p2a: Clefable|100/100 brn\n|\n|-damage|p2a: Clefable|95/100 brn|[from] brn\n|upkeep\n|turn|8\n|\n|t:|1776460464\n|move|p1a: Vaporeon|Protect|p1a: Vaporeon\n|-singleturn|p1a: Vaporeon|Protect\n|move|p2a: Clefable|Baton Pass|p2a: Clefable\n|\n|t:|1776460469\n|switch|p2a: Scizor|Scizor, L50, F|100/100|[from] Baton Pass\n|\n|upkeep\n|turn|9\n|\n|t:|1776460474\n|move|p2a: Scizor|Iron Defense|p2a: Scizor\n|-boost|p2a: Scizor|def|2\n|move|p1a: Vaporeon|Flip Turn|p2a: Scizor\n|-damage|p2a: Scizor|96/100\n|\n|t:|1776460477\n|switch|p1a: Aggron|Aggron, L50, M|100/100|[from] Flip Turn\n|\n|upkeep\n|turn|10\n|\n|t:|1776460481\n|detailschange|p1a: Aggron|Aggron-Mega, L50, M\n|-mega|p1a: Aggron|Aggron|Aggronite\n|move|p2a: Scizor|Iron Defense|p2a: Scizor\n|-boost|p2a: Scizor|def|2\n|move|p1a: Aggron|Iron Defense|p1a: Aggron\n|-boost|p1a: Aggron|def|2\n|\n|upkeep\n|turn|11\n|\n|t:|1776460491\n|move|p2a: Scizor|Baton Pass|p2a: Scizor\n|\n|t:|1776460493\n|switch|p2a: Clefable|Clefable, L50, M, shiny|95/100 brn|[from] Baton Pass\n|move|p1a: Aggron|Iron Defense|p1a: Aggron\n|-boost|p1a: Aggron|def|2\n|\n|-damage|p2a: Clefable|89/100 brn|[from] brn\n|upkeep\n|turn|12\n|\n|t:|1776460500\n|move|p2a: Clefable|Stored Power|p1a: Aggron\n|-resisted|p1a: Aggron|1\n|-damage|p1a: Aggron|69/100\n|move|p1a: Aggron|Iron Defense|p1a: Aggron\n|-boost|p1a: Aggron|def|2\n|\n|-damage|p2a: Clefable|83/100 brn|[from] brn\n|upkeep\n|turn|13\n|\n|t:|1776460504\n|move|p2a: Clefable|Stored Power|p1a: Aggron\n|-resisted|p1a: Aggron|1\n|-damage|p1a: Aggron|33/100\n|move|p1a: Aggron|Rest|p1a: Aggron\n|-status|p1a: Aggron|slp|[from] move: Rest\n|-heal|p1a: Aggron|100/100 slp|[silent]\n|\n|-damage|p2a: Clefable|77/100 brn|[from] brn\n|upkeep\n|turn|14\n|\n|t:|1776460519\n|detailschange|p2a: Clefable|Clefable-Mega, L50, M, shiny\n|-mega|p2a: Clefable|Clefable|Clefablite\n|move|p2a: Clefable|Stored Power|p1a: Aggron\n|-resisted|p1a: Aggron|1\n|-damage|p1a: Aggron|57/100 slp\n|cant|p1a: Aggron|slp\n|move|p1a: Aggron|Sleep Talk|p1a: Aggron\n|move|p1a: Aggron|Body Press|p2a: Clefable|[from] move: Sleep Talk\n|-resisted|p2a: Clefable|2\n|-damage|p2a: Clefable|69/100 brn\n|\n|-damage|p2a: Clefable|63/100 brn|[from] brn\n|upkeep\n|turn|15\n|\n|t:|1776460524\n|move|p2a: Clefable|Stored Power|p1a: Aggron\n|-resisted|p1a: Aggron|1\n|-damage|p1a: Aggron|14/100 slp\n|cant|p1a: Aggron|slp\n|\n|-damage|p2a: Clefable|57/100 brn|[from] brn\n|upkeep\n|turn|16\n|\n|t:|1776460527\n|move|p2a: Clefable|Stored Power|p1a: Aggron\n|-resisted|p1a: Aggron|1\n|-damage|p1a: Aggron|0 fnt\n|faint|p1a: Aggron\n|\n|-damage|p2a: Clefable|51/100 brn|[from] brn\n|upkeep\n|\n|t:|1776460529\n|switch|p1a: Vaporeon|Vaporeon, L50, M|100/100\n|turn|17\n|\n|t:|1776460532\n|move|p1a: Vaporeon|Protect|p1a: Vaporeon\n|-singleturn|p1a: Vaporeon|Protect\n|move|p2a: Clefable|Moonlight|p2a: Clefable\n|-heal|p2a: Clefable|100/100 brn\n|\n|-damage|p2a: Clefable|95/100 brn|[from] brn\n|upkeep\n|turn|18\n|\n|t:|1776460535\n|move|p2a: Clefable|Stored Power|p1a: Vaporeon\n|-damage|p1a: Vaporeon|58/100\n|move|p1a: Vaporeon|Scald|p2a: Clefable\n|-damage|p2a: Clefable|89/100 brn\n|\n|-heal|p1a: Vaporeon|64/100|[from] item: Leftovers\n|-damage|p2a: Clefable|83/100 brn|[from] brn\n|upkeep\n|turn|19\n|\n|t:|1776460539\n|move|p2a: Clefable|Stored Power|p1a: Vaporeon\n|-damage|p1a: Vaporeon|20/100\n|move|p1a: Vaporeon|Wish|p1a: Vaporeon\n|\n|-heal|p1a: Vaporeon|26/100|[from] item: Leftovers\n|-damage|p2a: Clefable|77/100 brn|[from] brn\n|upkeep\n|turn|20\n|\n|t:|1776460542\n|move|p1a: Vaporeon|Protect|p1a: Vaporeon\n|-singleturn|p1a: Vaporeon|Protect\n|move|p2a: Clefable|Stored Power|p1a: Vaporeon\n|-activate|p1a: Vaporeon|move: Protect\n|\n|-heal|p1a: Vaporeon|76/100|[from] move: Wish|[wisher] Vaporeon\n|-heal|p1a: Vaporeon|82/100|[from] item: Leftovers\n|-damage|p2a: Clefable|71/100 brn|[from] brn\n|upkeep\n|turn|21\n|\n|t:|1776460544\n|move|p2a: Clefable|Stored Power|p1a: Vaporeon\n|-damage|p1a: Vaporeon|35/100\n|move|p1a: Vaporeon|Wish|p1a: Vaporeon\n|\n|-heal|p1a: Vaporeon|41/100|[from] item: Leftovers\n|-damage|p2a: Clefable|65/100 brn|[from] brn\n|upkeep\n|turn|22\n|\n|t:|1776460550\n|move|p1a: Vaporeon|Protect|p1a: Vaporeon\n|-singleturn|p1a: Vaporeon|Protect\n|move|p2a: Clefable|Baton Pass|p2a: Clefable\n|\n|t:|1776460553\n|switch|p2a: Floette|Floette-Eternal, L50, F|100/100|[from] Baton Pass\n|\n|-heal|p1a: Vaporeon|90/100|[from] move: Wish|[wisher] Vaporeon\n|-heal|p1a: Vaporeon|96/100|[from] item: Leftovers\n|upkeep\n|turn|23\n|\n|t:|1776460566\n|move|p2a: Floette|Trailblaze|p1a: Vaporeon\n|-supereffective|p1a: Vaporeon|1\n|-damage|p1a: Vaporeon|81/100\n|-boost|p2a: Floette|spe|1\n|move|p1a: Vaporeon|Scald|p2a: Floette\n|-damage|p2a: Floette|94/100\n|\n|-heal|p1a: Vaporeon|87/100|[from] item: Leftovers\n|upkeep\n|turn|24\n|\n|t:|1776460576\n|move|p2a: Floette|Draining Kiss|p1a: Vaporeon\n|-damage|p1a: Vaporeon|70/100\n|-heal|p2a: Floette|100/100|[from] drain|[of] p1a: Vaporeon\n|move|p1a: Vaporeon|Scald|p2a: Floette\n|-damage|p2a: Floette|92/100\n|\n|-heal|p1a: Vaporeon|76/100|[from] item: Leftovers\n|upkeep\n|turn|25\n|\n|t:|1776460580\n|move|p2a: Floette|Light of Ruin|p1a: Vaporeon\n|-damage|p1a: Vaporeon|31/100\n|-damage|p2a: Floette|57/100|[from] Recoil\n|move|p1a: Vaporeon|Scald|p2a: Floette\n|-damage|p2a: Floette|48/100\n|\n|-heal|p1a: Vaporeon|37/100|[from] item: Leftovers\n|upkeep\n|turn|26\n|\n|t:|1776460591\n|move|p2a: Floette|Draining Kiss|p1a: Vaporeon\n|-damage|p1a: Vaporeon|20/100\n|-heal|p2a: Floette|68/100|[from] drain|[of] p1a: Vaporeon\n|move|p1a: Vaporeon|Wish|p1a: Vaporeon\n|\n|-heal|p1a: Vaporeon|26/100|[from] item: Leftovers\n|upkeep\n|turn|27\n|\n|t:|1776460594\n|move|p1a: Vaporeon|Protect|p1a: Vaporeon\n|-singleturn|p1a: Vaporeon|Protect\n|move|p2a: Floette|Draining Kiss|p1a: Vaporeon\n|-activate|p1a: Vaporeon|move: Protect\n|\n|-heal|p1a: Vaporeon|76/100|[from] move: Wish|[wisher] Vaporeon\n|-heal|p1a: Vaporeon|82/100|[from] item: Leftovers\n|upkeep\n|turn|28\n|\n|t:|1776460601\n|move|p2a: Floette|Draining Kiss|p1a: Vaporeon\n|-damage|p1a: Vaporeon|67/100\n|-heal|p2a: Floette|86/100|[from] drain|[of] p1a: Vaporeon\n|move|p1a: Vaporeon|Wish|p1a: Vaporeon\n|\n|-heal|p1a: Vaporeon|73/100|[from] item: Leftovers\n|upkeep\n|turn|29\n|\n|t:|1776460605\n|move|p1a: Vaporeon|Protect|p1a: Vaporeon\n|-singleturn|p1a: Vaporeon|Protect\n|move|p2a: Floette|Draining Kiss|p1a: Vaporeon\n|-activate|p1a: Vaporeon|move: Protect\n|\n|-heal|p1a: Vaporeon|100/100|[from] move: Wish|[wisher] Vaporeon\n|upkeep\n|turn|30\n|\n|t:|1776460608\n|move|p2a: Floette|Draining Kiss|p1a: Vaporeon\n|-damage|p1a: Vaporeon|84/100\n|-heal|p2a: Floette|100/100|[from] drain|[of] p1a: Vaporeon\n|move|p1a: Vaporeon|Scald|p2a: Floette\n|-damage|p2a: Floette|92/100\n|-status|p2a: Floette|brn\n|\n|-heal|p1a: Vaporeon|90/100|[from] item: Leftovers\n|-damage|p2a: Floette|86/100 brn|[from] brn\n|upkeep\n|turn|31\n|\n|t:|1776460611\n|move|p1a: Vaporeon|Protect|p1a: Vaporeon\n|-singleturn|p1a: Vaporeon|Protect\n|move|p2a: Floette|Draining Kiss|p1a: Vaporeon\n|-activate|p1a: Vaporeon|move: Protect\n|\n|-heal|p1a: Vaporeon|95/100|[from] item: Leftovers\n|-damage|p2a: Floette|80/100 brn|[from] brn\n|upkeep\n|turn|32\n|\n|t:|1776460619\n|move|p2a: Floette|Psychic|p1a: Vaporeon\n|-damage|p1a: Vaporeon|75/100\n|move|p1a: Vaporeon|Flip Turn|p2a: Floette\n|-damage|p2a: Floette|74/100 brn\n|\n|t:|1776460620\n|switch|p1a: Vaporeon|Vaporeon, L50, M|100/100|[from] Flip Turn\n|\n|-damage|p2a: Floette|68/100 brn|[from] brn\n|upkeep\n|turn|33\n|\n|t:|1776460627\n|move|p1a: Vaporeon|Hyper Voice|p2a: Floette\n|-damage|p2a: Floette|57/100 brn\n|move|p2a: Floette|Trailblaze|p1a: Vaporeon\n|-damage|p1a: Vaporeon|93/100\n|-boost|p2a: Floette|spe|1\n|replace|p1a: Zoroark|Zoroark-Hisui, L50, F\n|-end|p1a: Zoroark|Illusion\n|\n|-damage|p2a: Floette|51/100 brn|[from] brn\n|upkeep\n|turn|34\n|\n|t:|1776460635\n|move|p2a: Floette|Draining Kiss|p1a: Zoroark\n|-damage|p1a: Zoroark|37/100\n|-heal|p2a: Floette|87/100 brn|[from] drain|[of] p1a: Zoroark\n|move|p1a: Zoroark|Hyper Voice|p2a: Floette\n|-damage|p2a: Floette|76/100 brn\n|\n|-damage|p2a: Floette|70/100 brn|[from] brn\n|upkeep\n|turn|35\n|\n|t:|1776460639\n|move|p2a: Floette|Draining Kiss|p1a: Zoroark\n|-damage|p1a: Zoroark|0 fnt\n|-heal|p2a: Floette|94/100 brn|[from] drain|[of] p1a: Zoroark\n|faint|p1a: Zoroark\n|\n|-damage|p2a: Floette|88/100 brn|[from] brn\n|upkeep\n|\n|t:|1776460641\n|switch|p1a: Vaporeon|Vaporeon, L50, M|75/100\n|turn|36\n|\n|t:|1776460644\n|move|p2a: Floette|Light of Ruin|p1a: Vaporeon\n|-damage|p1a: Vaporeon|30/100\n|-damage|p2a: Floette|52/100 brn|[from] Recoil\n|move|p1a: Vaporeon|Wish|p1a: Vaporeon\n|\n|-heal|p1a: Vaporeon|36/100|[from] item: Leftovers\n|-damage|p2a: Floette|46/100 brn|[from] brn\n|upkeep\n|turn|37\n|\n|t:|1776460651\n|move|p2a: Floette|Trailblaze|p1a: Vaporeon\n|-supereffective|p1a: Vaporeon|1\n|-damage|p1a: Vaporeon|27/100\n|-boost|p2a: Floette|spe|1\n|move|p1a: Vaporeon|Scald|p2a: Floette\n|-crit|p2a: Floette\n|-damage|p2a: Floette|0 fnt\n|faint|p2a: Floette\n|\n|-heal|p1a: Vaporeon|77/100|[from] move: Wish|[wisher] Vaporeon\n|-heal|p1a: Vaporeon|83/100|[from] item: Leftovers\n|upkeep\n|\n|t:|1776460662\n|switch|p2a: Clefable|Clefable-Mega, L50, M, shiny|65/100 brn\n|turn|38\n|\n|t:|1776460678\n|move|p2a: Clefable|Moonlight|p2a: Clefable\n|-heal|p2a: Clefable|100/100 brn\n|move|p1a: Vaporeon|Scald|p2a: Clefable\n|-damage|p2a: Clefable|77/100 brn\n|\n|-heal|p1a: Vaporeon|89/100|[from] item: Leftovers\n|-damage|p2a: Clefable|71/100 brn|[from] brn\n|upkeep\n|turn|39\n|\n|t:|1776460684\n|move|p2a: Clefable|Amnesia|p2a: Clefable\n|-boost|p2a: Clefable|spd|2\n|move|p1a: Vaporeon|Scald|p2a: Clefable\n|-damage|p2a: Clefable|57/100 brn\n|\n|-heal|p1a: Vaporeon|95/100|[from] item: Leftovers\n|-damage|p2a: Clefable|51/100 brn|[from] brn\n|upkeep\n|turn|40\n|\n|t:|1776460690\n|move|p2a: Clefable|Moonlight|p2a: Clefable\n|-heal|p2a: Clefable|100/100 brn\n|move|p1a: Vaporeon|Flip Turn|p2a: Clefable\n|-damage|p2a: Clefable|90/100 brn\n|\n|-heal|p1a: Vaporeon|100/100|[from] item: Leftovers\n|-damage|p2a: Clefable|84/100 brn|[from] brn\n|upkeep\n|turn|41\n|\n|t:|1776460694\n|move|p2a: Clefable|Amnesia|p2a: Clefable\n|-boost|p2a: Clefable|spd|2\n|move|p1a: Vaporeon|Flip Turn|p2a: Clefable\n|-damage|p2a: Clefable|73/100 brn\n|\n|-damage|p2a: Clefable|67/100 brn|[from] brn\n|upkeep\n|turn|42\n|\n|t:|1776460699\n|move|p2a: Clefable|Amnesia|p2a: Clefable\n|-boost|p2a: Clefable|spd|2\n|move|p1a: Vaporeon|Flip Turn|p2a: Clefable\n|-damage|p2a: Clefable|56/100 brn\n|\n|-damage|p2a: Clefable|50/100 brn|[from] brn\n|upkeep\n|turn|43\n|\n|t:|1776460708\n|move|p2a: Clefable|Moonlight|p2a: Clefable\n|-heal|p2a: Clefable|99/100 brn\n|move|p1a: Vaporeon|Flip Turn|p2a: Clefable\n|-damage|p2a: Clefable|89/100 brn\n|\n|-damage|p2a: Clefable|83/100 brn|[from] brn\n|upkeep\n|turn|44\n|\n|t:|1776460714\n|move|p2a: Clefable|Stored Power|p1a: Vaporeon\n|-damage|p1a: Vaporeon|76/100\n|move|p1a: Vaporeon|Flip Turn|p2a: Clefable\n|-damage|p2a: Clefable|72/100 brn\n|\n|-heal|p1a: Vaporeon|82/100|[from] item: Leftovers\n|-damage|p2a: Clefable|66/100 brn|[from] brn\n|upkeep\n|turn|45\n|\n|t:|1776460717\n|move|p2a: Clefable|Stored Power|p1a: Vaporeon\n|-damage|p1a: Vaporeon|57/100\n|move|p1a: Vaporeon|Wish|p1a: Vaporeon\n|\n|-heal|p1a: Vaporeon|63/100|[from] item: Leftovers\n|-damage|p2a: Clefable|60/100 brn|[from] brn\n|upkeep\n|turn|46\n|\n|t:|1776460721\n|move|p2a: Clefable|Stored Power|p1a: Vaporeon\n|-damage|p1a: Vaporeon|39/100\n|move|p1a: Vaporeon|Flip Turn|p2a: Clefable\n|-crit|p2a: Clefable\n|-damage|p2a: Clefable|45/100 brn\n|\n|-heal|p1a: Vaporeon|89/100|[from] move: Wish|[wisher] Vaporeon\n|-heal|p1a: Vaporeon|95/100|[from] item: Leftovers\n|-damage|p2a: Clefable|39/100 brn|[from] brn\n|upkeep\n|turn|47\n|\n|t:|1776460729\n|move|p2a: Clefable|Moonlight|p2a: Clefable\n|-heal|p2a: Clefable|89/100 brn\n|move|p1a: Vaporeon|Flip Turn|p2a: Clefable\n|-damage|p2a: Clefable|78/100 brn\n|\n|-heal|p1a: Vaporeon|100/100|[from] item: Leftovers\n|-damage|p2a: Clefable|72/100 brn|[from] brn\n|upkeep\n|turn|48\n|\n|t:|1776460737\n|move|p2a: Clefable|Amnesia|p2a: Clefable\n|-boost|p2a: Clefable|spd|0\n|move|p1a: Vaporeon|Flip Turn|p2a: Clefable\n|-damage|p2a: Clefable|62/100 brn\n|\n|-damage|p2a: Clefable|56/100 brn|[from] brn\n|upkeep\n|turn|49\n|\n|t:|1776460744\n|move|p2a: Clefable|Amnesia|p2a: Clefable\n|-boost|p2a: Clefable|spd|0\n|move|p1a: Vaporeon|Flip Turn|p2a: Clefable\n|-damage|p2a: Clefable|45/100 brn\n|\n|-damage|p2a: Clefable|39/100 brn|[from] brn\n|upkeep\n|turn|50\n|\n|t:|1776460749\n|move|p2a: Clefable|Moonlight|p2a: Clefable\n|-heal|p2a: Clefable|89/100 brn\n|move|p1a: Vaporeon|Flip Turn|p2a: Clefable\n|-damage|p2a: Clefable|78/100 brn\n|\n|-damage|p2a: Clefable|72/100 brn|[from] brn\n|upkeep\n|turn|51\n|\n|t:|1776460757\n|move|p2a: Clefable|Baton Pass|p2a: Clefable\n|\n|t:|1776460758\n|switch|p2a: Scizor|Scizor, L50, F|96/100|[from] Baton Pass\n|move|p1a: Vaporeon|Scald|p2a: Scizor\n|-damage|p2a: Scizor|88/100\n|-status|p2a: Scizor|brn\n|\n|-damage|p2a: Scizor|81/100 brn|[from] brn\n|upkeep\n|turn|52\n|\n|t:|1776460765\n|move|p1a: Vaporeon|Protect|p1a: Vaporeon\n|-singleturn|p1a: Vaporeon|Protect\n|move|p2a: Scizor|Iron Defense|p2a: Scizor\n|-boost|p2a: Scizor|def|2\n|\n|-damage|p2a: Scizor|75/100 brn|[from] brn\n|upkeep\n|turn|53\n|\n|t:|1776460779\n|move|p1a: Vaporeon|Scald|p2a: Scizor\n|-damage|p2a: Scizor|67/100 brn\n|move|p2a: Scizor|Iron Defense|p2a: Scizor\n|-boost|p2a: Scizor|def|2\n|\n|-damage|p2a: Scizor|61/100 brn|[from] brn\n|upkeep\n|turn|54\n|\n|t:|1776460782\n|move|p2a: Scizor|Iron Defense|p2a: Scizor\n|-boost|p2a: Scizor|def|2\n|move|p1a: Vaporeon|Scald|p2a: Scizor\n|-crit|p2a: Scizor\n|-damage|p2a: Scizor|10/100 brn\n|\n|-damage|p2a: Scizor|4/100 brn|[from] brn\n|upkeep\n|turn|55\n|\n|t:|1776460786\n|move|p2a: Scizor|Roost|p2a: Scizor\n|-heal|p2a: Scizor|54/100 brn\n|-singleturn|p2a: Scizor|move: Roost\n|move|p1a: Vaporeon|Scald|p2a: Scizor\n|-damage|p2a: Scizor|46/100 brn\n|\n|-damage|p2a: Scizor|40/100 brn|[from] brn\n|upkeep\n|turn|56\n|\n|t:|1776460791\n|move|p1a: Vaporeon|Scald|p2a: Scizor\n|-damage|p2a: Scizor|31/100 brn\n|move|p2a: Scizor|Roost|p2a: Scizor\n|-heal|p2a: Scizor|81/100 brn\n|-singleturn|p2a: Scizor|move: Roost\n|\n|-damage|p2a: Scizor|75/100 brn|[from] brn\n|upkeep\n|turn|57\n|\n|t:|1776460799\n|move|p2a: Scizor|Bullet Punch|p1a: Vaporeon\n|-resisted|p1a: Vaporeon|1\n|-damage|p1a: Vaporeon|94/100\n|move|p1a: Vaporeon|Wish|p1a: Vaporeon\n|\n|-heal|p1a: Vaporeon|99/100|[from] item: Leftovers\n|-damage|p2a: Scizor|69/100 brn|[from] brn\n|upkeep\n|turn|58\n|\n|t:|1776460808\n|move|p2a: Scizor|Bullet Punch|p1a: Vaporeon\n|-resisted|p1a: Vaporeon|1\n|-damage|p1a: Vaporeon|93/100\n|move|p1a: Vaporeon|Flip Turn|p2a: Scizor\n|-damage|p2a: Scizor|65/100 brn\n|\n|-heal|p1a: Vaporeon|100/100|[from] move: Wish|[wisher] Vaporeon\n|-damage|p2a: Scizor|59/100 brn|[from] brn\n|upkeep\n|turn|59\n|\n|t:|1776460815\n|move|p2a: Scizor|Roost|p2a: Scizor\n|-heal|p2a: Scizor|100/100 brn\n|-singleturn|p2a: Scizor|move: Roost\n|move|p1a: Vaporeon|Flip Turn|p2a: Scizor\n|-damage|p2a: Scizor|96/100 brn\n|\n|-damage|p2a: Scizor|90/100 brn|[from] brn\n|upkeep\n|turn|60\n|\n|t:|1776460824\n|move|p1a: Vaporeon|Wish|p1a: Vaporeon\n|move|p2a: Scizor|Iron Defense|p2a: Scizor\n|-boost|p2a: Scizor|def|0\n|\n|-damage|p2a: Scizor|84/100 brn|[from] brn\n|upkeep\n|turn|61\n|\n|t:|1776460837\n|move|p2a: Scizor|Bullet Punch|p1a: Vaporeon\n|-resisted|p1a: Vaporeon|1\n|-damage|p1a: Vaporeon|94/100\n|move|p1a: Vaporeon|Flip Turn|p2a: Scizor\n|-damage|p2a: Scizor|80/100 brn\n|\n|-heal|p1a: Vaporeon|100/100|[from] move: Wish|[wisher] Vaporeon\n|-damage|p2a: Scizor|74/100 brn|[from] brn\n|upkeep\n|turn|62\n|\n|t:|1776460842\n|move|p2a: Scizor|Bullet Punch|p1a: Vaporeon\n|-resisted|p1a: Vaporeon|1\n|-damage|p1a: Vaporeon|93/100\n|move|p1a: Vaporeon|Flip Turn|p2a: Scizor\n|-damage|p2a: Scizor|70/100 brn\n|\n|-heal|p1a: Vaporeon|99/100|[from] item: Leftovers\n|-damage|p2a: Scizor|64/100 brn|[from] brn\n|upkeep\n|turn|63\n|\n|t:|1776460845\n|move|p2a: Scizor|Bullet Punch|p1a: Vaporeon\n|-resisted|p1a: Vaporeon|1\n|-damage|p1a: Vaporeon|92/100\n|move|p1a: Vaporeon|Wish|p1a: Vaporeon\n|\n|-heal|p1a: Vaporeon|98/100|[from] item: Leftovers\n|-damage|p2a: Scizor|58/100 brn|[from] brn\n|upkeep\n|turn|64\n|\n|t:|1776460848\n|move|p2a: Scizor|Bullet Punch|p1a: Vaporeon\n|-resisted|p1a: Vaporeon|1\n|-damage|p1a: Vaporeon|90/100\n|move|p1a: Vaporeon|Flip Turn|p2a: Scizor\n|-damage|p2a: Scizor|54/100 brn\n|\n|-heal|p1a: Vaporeon|100/100|[from] move: Wish|[wisher] Vaporeon\n|-damage|p2a: Scizor|47/100 brn|[from] brn\n|upkeep\n|turn|65\n|\n|t:|1776460852\n|move|p1a: Vaporeon|Flip Turn|p2a: Scizor\n|-damage|p2a: Scizor|43/100 brn\n|move|p2a: Scizor|Roost|p2a: Scizor\n|-heal|p2a: Scizor|94/100 brn\n|-singleturn|p2a: Scizor|move: Roost\n|\n|-damage|p2a: Scizor|88/100 brn|[from] brn\n|upkeep\n|turn|66\n|\n|t:|1776460863\n|move|p2a: Scizor|Bullet Punch|p1a: Vaporeon\n|-resisted|p1a: Vaporeon|1\n|-damage|p1a: Vaporeon|93/100\n|move|p1a: Vaporeon|Wish|p1a: Vaporeon\n|\n|-heal|p1a: Vaporeon|99/100|[from] item: Leftovers\n|-damage|p2a: Scizor|81/100 brn|[from] brn\n|upkeep\n|turn|67\n|\n|t:|1776460866\n|move|p2a: Scizor|Bullet Punch|p1a: Vaporeon\n|-resisted|p1a: Vaporeon|1\n|-damage|p1a: Vaporeon|92/100\n|move|p1a: Vaporeon|Wish||[still]\n|-fail|p1a: Vaporeon\n|\n|-heal|p1a: Vaporeon|100/100|[from] move: Wish|[wisher] Vaporeon\n|-damage|p2a: Scizor|75/100 brn|[from] brn\n|upkeep\n|turn|68\n|\n|t:|1776460872\n|move|p2a: Scizor|Bullet Punch|p1a: Vaporeon\n|-resisted|p1a: Vaporeon|1\n|-damage|p1a: Vaporeon|93/100\n|move|p1a: Vaporeon|Flip Turn|p2a: Scizor\n|-damage|p2a: Scizor|71/100 brn\n|\n|-heal|p1a: Vaporeon|99/100|[from] item: Leftovers\n|-damage|p2a: Scizor|65/100 brn|[from] brn\n|upkeep\n|turn|69\n|\n|t:|1776460879\n|move|p2a: Scizor|Bullet Punch|p1a: Vaporeon\n|-resisted|p1a: Vaporeon|1\n|-damage|p1a: Vaporeon|92/100\n|move|p1a: Vaporeon|Wish|p1a: Vaporeon\n|\n|-heal|p1a: Vaporeon|98/100|[from] item: Leftovers\n|-damage|p2a: Scizor|59/100 brn|[from] brn\n|upkeep\n|turn|70\n|\n|t:|1776460883\n|move|p2a: Scizor|Bullet Punch|p1a: Vaporeon\n|-resisted|p1a: Vaporeon|1\n|-damage|p1a: Vaporeon|90/100\n|-activate|p1a: Vaporeon|move: Struggle\n|move|p1a: Vaporeon|Struggle|p2a: Scizor\n|-damage|p2a: Scizor|57/100 brn\n|-damage|p1a: Vaporeon|65/100|[from] recoil\n|\n|-heal|p1a: Vaporeon|100/100|[from] move: Wish|[wisher] Vaporeon\n|-damage|p2a: Scizor|51/100 brn|[from] brn\n|upkeep\n|turn|71\n|\n|t:|1776460887\n|move|p2a: Scizor|Bullet Punch|p1a: Vaporeon\n|-resisted|p1a: Vaporeon|1\n|-damage|p1a: Vaporeon|92/100\n|-activate|p1a: Vaporeon|move: Struggle\n|move|p1a: Vaporeon|Struggle|p2a: Scizor\n|-damage|p2a: Scizor|49/100 brn\n|-damage|p1a: Vaporeon|68/100|[from] recoil\n|\n|-heal|p1a: Vaporeon|73/100|[from] item: Leftovers\n|-damage|p2a: Scizor|43/100 brn|[from] brn\n|upkeep\n|turn|72\n|\n|t:|1776460890\n|-activate|p1a: Vaporeon|move: Struggle\n|move|p1a: Vaporeon|Struggle|p2a: Scizor\n|-damage|p2a: Scizor|41/100 brn\n|-damage|p1a: Vaporeon|49/100|[from] recoil\n|move|p2a: Scizor|Roost|p2a: Scizor\n|-heal|p2a: Scizor|91/100 brn\n|-singleturn|p2a: Scizor|move: Roost\n|\n|-heal|p1a: Vaporeon|55/100|[from] item: Leftovers\n|-damage|p2a: Scizor|85/100 brn|[from] brn\n|upkeep\n|turn|73\n|\n|t:|1776460898\n|move|p2a: Scizor|Bullet Punch|p1a: Vaporeon\n|-resisted|p1a: Vaporeon|1\n|-damage|p1a: Vaporeon|47/100\n|-activate|p1a: Vaporeon|move: Struggle\n|move|p1a: Vaporeon|Struggle|p2a: Scizor\n|-damage|p2a: Scizor|83/100 brn\n|-damage|p1a: Vaporeon|22/100|[from] recoil\n|\n|-heal|p1a: Vaporeon|28/100|[from] item: Leftovers\n|-damage|p2a: Scizor|77/100 brn|[from] brn\n|upkeep\n|turn|74\n|\n|t:|1776460904\n|move|p2a: Scizor|Bullet Punch|p1a: Vaporeon\n|-resisted|p1a: Vaporeon|1\n|-damage|p1a: Vaporeon|21/100\n|-activate|p1a: Vaporeon|move: Struggle\n|move|p1a: Vaporeon|Struggle|p2a: Scizor\n|-damage|p2a: Scizor|75/100 brn\n|-damage|p1a: Vaporeon|0 fnt|[from] recoil\n|faint|p1a: Vaporeon\n|\n|win|dialestdial\n|raw|Voltaris33's rating: 1111 &rarr; <strong>1087</strong><br />(-24 for losing)\n|raw|dialestdial's rating: 1127 &rarr; <strong>1151</strong><br />(+24 for winning)\n|l|\u2606Voltaris33\n|player|p1|\n|c|\u2606dialestdial|GG\n",
  "uploadtime": 1776460918,
  "views": 20,
  "formatid": "gen9championsbssregma",
  "rating": 1087,
  "private": 0,
  "password": null
}