{
  "id": "gen9championsbssregma-2585640303",
  "format": "[Gen 9 Champions] BSS Reg M-A",
  "players": [
    "l0rd red",
    "DingleDangle695"
  ],
  "log": "|j|\u2606l0rd red\n|j|\u2606DingleDangle695\n|t:|1776360632\n|gametype|singles\n|player|p1|l0rd red|red-gen1|1145\n|player|p2|DingleDangle695|101|1001\n|gen|9\n|tier|[Gen 9 Champions] BSS Reg M-A\n|rated|\n|rule|Species Clause: Limit one of each Pok\u00e9mon\n|rule|Item Clause: Limit 1 of each item\n|clearpoke\n|poke|p1|Charizard, L50, F|\n|poke|p1|Venusaur, L50, F|\n|poke|p1|Blastoise, L50, F|\n|poke|p1|Raichu, L50, F|\n|poke|p1|Dragonite, L50, M|\n|poke|p1|Alakazam, L50, M|\n|poke|p2|Lucario, L50, M|\n|poke|p2|Alakazam, L50, F|\n|poke|p2|Sneasler, L50, M|\n|poke|p2|Garchomp, L50, M|\n|poke|p2|Whimsicott, L50, F|\n|poke|p2|Tyranitar, L50, M|\n|teampreview|3\n|inactive|Battle timer is ON: inactive players will automatically lose when time's up. (requested by l0rd red)\n|\n|t:|1776360660\n|teamsize|p1|3\n|teamsize|p2|3\n|start\n|switch|p1a: Blastoise|Blastoise, L50, F|100/100\n|switch|p2a: Tyranitar|Tyranitar, L50, M, shiny|100/100\n|-weather|Sandstorm|[from] ability: Sand Stream|[of] p2a: Tyranitar\n|turn|1\n|\n|t:|1776360672\n|move|p1a: Blastoise|Shell Smash|p1a: Blastoise\n|-unboost|p1a: Blastoise|def|1\n|-unboost|p1a: Blastoise|spd|1\n|-boost|p1a: Blastoise|atk|2\n|-boost|p1a: Blastoise|spa|2\n|-boost|p1a: Blastoise|spe|2\n|-enditem|p1a: Blastoise|White Herb\n|-clearnegativeboost|p1a: Blastoise|[silent]\n|move|p2a: Tyranitar|Stealth Rock|p1a: Blastoise\n|-sidestart|p1: l0rd red|move: Stealth Rock\n|\n|-weather|Sandstorm|[upkeep]\n|-damage|p1a: Blastoise|95/100|[from] Sandstorm\n|upkeep\n|turn|2\n|\n|t:|1776360687\n|move|p1a: Blastoise|Aura Sphere|p2a: Tyranitar\n|-supereffective|p2a: Tyranitar|2\n|-damage|p2a: Tyranitar|14/100\n|-enditem|p2a: Tyranitar|Sitrus Berry|[eat]\n|-heal|p2a: Tyranitar|38/100|[from] item: Sitrus Berry\n|move|p2a: Tyranitar|Thunder Wave|p1a: Blastoise|[miss]\n|-miss|p2a: Tyranitar|p1a: Blastoise\n|\n|-weather|Sandstorm|[upkeep]\n|-damage|p1a: Blastoise|89/100|[from] Sandstorm\n|upkeep\n|turn|3\n|\n|t:|1776360710\n|move|p1a: Blastoise|Surf|p2a: Tyranitar\n|-supereffective|p2a: Tyranitar|1\n|-damage|p2a: Tyranitar|0 fnt\n|faint|p2a: Tyranitar\n|\n|-weather|Sandstorm|[upkeep]\n|-damage|p1a: Blastoise|83/100|[from] Sandstorm\n|upkeep\n|\n|t:|1776360724\n|switch|p2a: Garchomp|Garchomp, L50, M, shiny|100/100\n|turn|4\n|\n|t:|1776360728\n|move|p1a: Blastoise|Ice Beam|p2a: Garchomp\n|-supereffective|p2a: Garchomp|2\n|-damage|p2a: Garchomp|0 fnt\n|faint|p2a: Garchomp\n|\n|-weather|Sandstorm|[upkeep]\n|-damage|p1a: Blastoise|77/100|[from] Sandstorm\n|upkeep\n|\n|t:|1776360731\n|switch|p2a: Lucario|Lucario, L50, M, shiny|100/100\n|turn|5\n|\n|t:|1776360746\n|detailschange|p2a: Lucario|Lucario-Mega, L50, M, shiny\n|-mega|p2a: Lucario|Lucario|Lucarionite\n|move|p1a: Blastoise|Aura Sphere|p2a: Lucario\n|-supereffective|p2a: Lucario|1\n|-damage|p2a: Lucario|0 fnt\n|faint|p2a: Lucario\n|\n|win|l0rd red\n|raw|l0rd red's rating: 1145 &rarr; <strong>1160</strong><br />(+15 for winning)\n|raw|DingleDangle695's rating: 1001 &rarr; <strong>1000</strong><br />(-1 for losing)\n|l|\u2606DingleDangle695\n|player|p2|\n",
  "uploadtime": 1776360759,
  "views": 7,
  "formatid": "gen9championsbssregma",
  "rating": 1000,
  "private": 0,
  "password": null
}