{
  "id": "gen9championsbssregma-2586643157",
  "format": "[Gen 9 Champions] BSS Reg M-A",
  "players": [
    "Elphilomeno",
    "DBest04"
  ],
  "log": "|j|\u2606Elphilomeno\n|j|\u2606DBest04\n|t:|1776448944\n|gametype|singles\n|player|p1|Elphilomeno|volkner|1244\n|player|p2|DBest04|2|1252\n|gen|9\n|tier|[Gen 9 Champions] BSS Reg M-A\n|rated|\n|rule|Species Clause: Limit one of each Pok\u00e9mon\n|rule|Item Clause: Limit 1 of each item\n|clearpoke\n|poke|p1|Samurott-Hisui, L50, F|\n|poke|p1|Aegislash, L50, F|\n|poke|p1|Gyarados, L50, M|\n|poke|p1|Ninetales-Alola, L50, F|\n|poke|p1|Espeon, L50, M|\n|poke|p1|Glimmora, L50, F|\n|poke|p2|Kingambit, L50, F|\n|poke|p2|Gliscor, L50, F|\n|poke|p2|Altaria, L50, M|\n|poke|p2|Quaquaval, L50, M|\n|poke|p2|Zoroark-Hisui, L50, F|\n|poke|p2|Goodra-Hisui, L50, F|\n|teampreview|3\n|inactive|Battle timer is ON: inactive players will automatically lose when time's up. (requested by DBest04)\n|inactive|Elphilomeno also wants the timer to be on.\n|\n|t:|1776448961\n|teamsize|p1|3\n|teamsize|p2|3\n|start\n|switch|p1a: Samurott|Samurott-Hisui, L50, F|100/100\n|switch|p2a: Kingambit|Kingambit, L50, F, shiny|100/100\n|turn|1\n|j| huhyuhyuhyuh\n|\n|t:|1776448966\n|move|p2a: Kingambit|Will-O-Wisp|p1a: Samurott\n|-status|p1a: Samurott|brn\n|move|p1a: Samurott|Razor Shell|p2a: Kingambit\n|-damage|p2a: Kingambit|47/100\n|replace|p2a: Zoroark|Zoroark-Hisui, L50, F, shiny\n|-end|p2a: Zoroark|Illusion\n|\n|-damage|p1a: Samurott|95/100 brn|[from] brn\n|upkeep\n|turn|2\n|\n|t:|1776448983\n|move|p2a: Zoroark|Bitter Malice|p1a: Samurott\n|-resisted|p1a: Samurott|1\n|-damage|p1a: Samurott|68/100 brn\n|-unboost|p1a: Samurott|atk|1\n|move|p1a: Samurott|Ceaseless Edge|p2a: Zoroark\n|-supereffective|p2a: Zoroark|1\n|-damage|p2a: Zoroark|0 fnt\n|-sidestart|p2: DBest04|Spikes\n|faint|p2a: Zoroark\n|\n|-damage|p1a: Samurott|62/100 brn|[from] brn\n|upkeep\n|\n|t:|1776448997\n|switch|p2a: Goodra|Goodra-Hisui, L50, F, shiny|100/100\n|-damage|p2a: Goodra|88/100|[from] Spikes\n|turn|3\n|\n|t:|1776449000\n|move|p1a: Samurott|Ceaseless Edge|p2a: Goodra\n|-damage|p2a: Goodra|73/100\n|-sidestart|p2: DBest04|Spikes\n|move|p2a: Goodra|Shelter|p2a: Goodra\n|-boost|p2a: Goodra|def|2\n|\n|-damage|p1a: Samurott|56/100 brn|[from] brn\n|upkeep\n|turn|4\n|\n|t:|1776449010\n|move|p1a: Samurott|Encore|p2a: Goodra\n|-start|p2a: Goodra|Encore\n|move|p2a: Goodra|Shelter|p2a: Goodra\n|-boost|p2a: Goodra|def|2\n|\n|-damage|p1a: Samurott|50/100 brn|[from] brn\n|upkeep\n|turn|5\n|\n|t:|1776449017\n|switch|p1a: Ninetales|Ninetales-Alola, L50, F|100/100\n|-weather|Snowscape|[from] ability: Snow Warning|[of] p1a: Ninetales\n|move|p2a: Goodra|Shelter|p2a: Goodra\n|-boost|p2a: Goodra|def|2\n|\n|-weather|Snowscape|[upkeep]\n|upkeep\n|turn|6\n|\n|t:|1776449024\n|move|p1a: Ninetales|Moonblast|p2a: Goodra\n|-damage|p2a: Goodra|55/100\n|move|p2a: Goodra|Shelter|p2a: Goodra\n|-boost|p2a: Goodra|def|0\n|\n|-weather|Snowscape|[upkeep]\n|-end|p2a: Goodra|Encore\n|upkeep\n|turn|7\n|\n|t:|1776449042\n|move|p1a: Ninetales|Encore|p2a: Goodra\n|-start|p2a: Goodra|Encore\n|move|p2a: Goodra|Shelter|p2a: Goodra\n|-boost|p2a: Goodra|def|0\n|\n|-weather|Snowscape|[upkeep]\n|upkeep\n|turn|8\n|\n|t:|1776449047\n|move|p1a: Ninetales|Moonblast|p2a: Goodra\n|-damage|p2a: Goodra|34/100\n|move|p2a: Goodra|Shelter|p2a: Goodra\n|-boost|p2a: Goodra|def|0\n|\n|-weather|Snowscape|[upkeep]\n|upkeep\n|turn|9\n|\n|t:|1776449054\n|switch|p2a: Kingambit|Kingambit, L50, F, shiny|100/100\n|-damage|p2a: Kingambit|84/100|[from] Spikes\n|-activate|p2a: Kingambit|ability: Supreme Overlord\n|-start|p2a: Kingambit|fallen1|[silent]\n|move|p1a: Ninetales|Aurora Veil|p1a: Ninetales\n|-sidestart|p1: Elphilomeno|move: Aurora Veil\n|\n|-weather|none\n|upkeep\n|turn|10\n|\n|t:|1776449067\n|move|p1a: Ninetales|Moonblast|p2a: Kingambit\n|-damage|p2a: Kingambit|50/100\n|move|p2a: Kingambit|Swords Dance|p2a: Kingambit\n|-boost|p2a: Kingambit|atk|2\n|\n|upkeep\n|turn|11\n|\n|t:|1776449072\n|move|p1a: Ninetales|Encore|p2a: Kingambit\n|-start|p2a: Kingambit|Encore\n|move|p2a: Kingambit|Swords Dance|p2a: Kingambit\n|-boost|p2a: Kingambit|atk|2\n|\n|upkeep\n|turn|12\n|-message|DBest04 forfeited.\n|\n|win|Elphilomeno\n|raw|Elphilomeno's rating: 1244 &rarr; <strong>1270</strong><br />(+26 for winning)\n|raw|DBest04's rating: 1252 &rarr; <strong>1226</strong><br />(-26 for losing)\n|l|\u2606DBest04\n|player|p2|\n|l| huhyuhyuhyuh\n",
  "uploadtime": 1776449083,
  "views": 7,
  "formatid": "gen9championsbssregma",
  "rating": 1226,
  "private": 0,
  "password": null
}