{
  "id": "gen9championsbssregma-2583027055",
  "format": "[Gen 9 Champions] BSS Reg M-A",
  "players": [
    "prograstination",
    "hoshigumo1101"
  ],
  "log": "|j|\u2606prograstination\n|j|\u2606hoshigumo1101\n|t:|1776134588\n|gametype|singles\n|player|p1|prograstination|workerice|1335\n|player|p2|hoshigumo1101|acetrainerf|1328\n|gen|9\n|tier|[Gen 9 Champions] BSS Reg M-A\n|rated|\n|rule|Species Clause: Limit one of each Pok\u00e9mon\n|rule|Item Clause: Limit 1 of each item\n|clearpoke\n|poke|p1|Blastoise, L50, M|\n|poke|p1|Garchomp, L50, M|\n|poke|p1|Skeledirge, L50, M|\n|poke|p1|Meowscarada, L50, M|\n|poke|p1|Sylveon, L50, M|\n|poke|p1|Scizor, L50, F|\n|poke|p2|Aegislash, L50, M|\n|poke|p2|Kingambit, L50, M|\n|poke|p2|Garchomp, L50, M|\n|poke|p2|Volcarona, L50, M|\n|poke|p2|Greninja-*, L50, F|\n|poke|p2|Lucario, L50, F|\n|teampreview|3\n|inactive|Battle timer is ON: inactive players will automatically lose when time's up. (requested by prograstination)\n|inactive|hoshigumo1101 has 60 seconds left.\n|\n|t:|1776134620\n|teamsize|p1|3\n|teamsize|p2|3\n|start\n|switch|p1a: Garchomp|Garchomp, L50, M|100/100\n|switch|p2a: Aegislash|Aegislash, L50, M|100/100\n|turn|1\n|\n|t:|1776134636\n|move|p1a: Garchomp|Stealth Rock|p2a: Aegislash\n|-sidestart|p2: hoshigumo1101|move: Stealth Rock\n|-formechange|p2a: Aegislash|Aegislash-Blade|\n|move|p2a: Aegislash|Poltergeist|p1a: Garchomp\n|-activate|p1a: Garchomp|move: Poltergeist|Sitrus Berry\n|-damage|p1a: Garchomp|50/100\n|-enditem|p1a: Garchomp|Sitrus Berry|[eat]\n|-heal|p1a: Garchomp|74/100|[from] item: Sitrus Berry\n|\n|upkeep\n|turn|2\n|\n|t:|1776134644\n|move|p1a: Garchomp|Earthquake|p2a: Aegislash\n|-supereffective|p2a: Aegislash|1\n|-enditem|p2a: Aegislash|Focus Sash\n|-damage|p2a: Aegislash|1/100\n|move|p2a: Aegislash|Poltergeist||[still]\n|-fail|p2a: Aegislash\n|\n|upkeep\n|turn|3\n|\n|t:|1776134652\n|move|p2a: Aegislash|Shadow Sneak|p1a: Garchomp\n|-damage|p1a: Garchomp|54/100\n|-damage|p2a: Aegislash|0 fnt|[from] ability: Rough Skin|[of] p1a: Garchomp\n|faint|p2a: Aegislash\n|move|p1a: Garchomp|Spikes|p2: Aegislash\n|-sidestart|p2: hoshigumo1101|Spikes\n|\n|upkeep\n|\n|t:|1776134655\n|switch|p2a: Greninja|Greninja, L50, F|100/100\n|-damage|p2a: Greninja|88/100|[from] Stealth Rock\n|-damage|p2a: Greninja|76/100|[from] Spikes\n|turn|4\n|\n|t:|1776134662\n|move|p2a: Greninja|Ice Beam|p1a: Garchomp\n|-start|p2a: Greninja|typechange|Ice|[from] ability: Protean\n|-supereffective|p1a: Garchomp|2\n|-damage|p1a: Garchomp|0 fnt\n|faint|p1a: Garchomp\n|\n|upkeep\n|\n|t:|1776134665\n|switch|p1a: Skeledirge|Skeledirge, L50, M|100/100\n|turn|5\n|\n|t:|1776134668\n|detailschange|p2a: Greninja|Greninja-Mega, L50, F\n|-mega|p2a: Greninja|Greninja|Greninjite\n|move|p2a: Greninja|Surf|p1a: Skeledirge\n|-start|p2a: Greninja|typechange|Water|[from] ability: Protean\n|-supereffective|p1a: Skeledirge|1\n|-damage|p1a: Skeledirge|10/100\n|move|p1a: Skeledirge|Yawn|p2a: Greninja\n|-start|p2a: Greninja|move: Yawn|[of] p1a: Skeledirge\n|\n|upkeep\n|turn|6\n|j| p74\n|\n|t:|1776134675\n|switch|p2a: Volcarona|Volcarona, L50, M|100/100\n|-damage|p2a: Volcarona|50/100|[from] Stealth Rock\n|-damage|p2a: Volcarona|38/100|[from] Spikes\n|-enditem|p2a: Volcarona|Sitrus Berry|[eat]\n|-heal|p2a: Volcarona|63/100|[from] item: Sitrus Berry\n|move|p1a: Skeledirge|Yawn|p2a: Volcarona\n|-start|p2a: Volcarona|move: Yawn|[of] p1a: Skeledirge\n|\n|upkeep\n|turn|7\n|\n|t:|1776134679\n|move|p2a: Volcarona|Quiver Dance|p2a: Volcarona\n|-boost|p2a: Volcarona|spa|1\n|-boost|p2a: Volcarona|spd|1\n|-boost|p2a: Volcarona|spe|1\n|move|p1a: Skeledirge|Yawn||[still]\n|-fail|p1a: Skeledirge\n|\n|-end|p2a: Volcarona|move: Yawn|[silent]\n|-status|p2a: Volcarona|slp\n|upkeep\n|turn|8\n|\n|t:|1776134682\n|cant|p2a: Volcarona|slp\n|move|p1a: Skeledirge|Slack Off|p1a: Skeledirge\n|-heal|p1a: Skeledirge|60/100\n|\n|upkeep\n|turn|9\n|\n|t:|1776134694\n|cant|p2a: Volcarona|slp\n|move|p1a: Skeledirge|Slack Off|p1a: Skeledirge\n|-heal|p1a: Skeledirge|100/100\n|\n|upkeep\n|turn|10\n|\n|t:|1776134697\n|-curestatus|p2a: Volcarona|slp|[msg]\n|move|p2a: Volcarona|Fiery Dance|p1a: Skeledirge\n|-resisted|p1a: Skeledirge|1\n|-damage|p1a: Skeledirge|82/100\n|-boost|p2a: Volcarona|spa|1\n|move|p1a: Skeledirge|Torch Song|p2a: Volcarona\n|-damage|p2a: Volcarona|28/100\n|-boost|p1a: Skeledirge|spa|1\n|\n|upkeep\n|turn|11\n|\n|t:|1776134702\n|move|p2a: Volcarona|Fiery Dance|p1a: Skeledirge\n|-resisted|p1a: Skeledirge|1\n|-damage|p1a: Skeledirge|64/100\n|move|p1a: Skeledirge|Yawn|p2a: Volcarona\n|-start|p2a: Volcarona|move: Yawn|[of] p1a: Skeledirge\n|\n|upkeep\n|turn|12\n|\n|t:|1776134707\n|move|p2a: Volcarona|Morning Sun|p2a: Volcarona\n|-heal|p2a: Volcarona|78/100\n|move|p1a: Skeledirge|Yawn||[still]\n|-fail|p1a: Skeledirge\n|\n|-end|p2a: Volcarona|move: Yawn|[silent]\n|-status|p2a: Volcarona|slp\n|upkeep\n|turn|13\n|\n|t:|1776134711\n|cant|p2a: Volcarona|slp\n|move|p1a: Skeledirge|Torch Song|p2a: Volcarona\n|-damage|p2a: Volcarona|26/100 slp\n|-boost|p1a: Skeledirge|spa|1\n|\n|upkeep\n|turn|14\n|\n|t:|1776134714\n|cant|p2a: Volcarona|slp\n|move|p1a: Skeledirge|Slack Off|p1a: Skeledirge\n|-heal|p1a: Skeledirge|100/100\n|\n|upkeep\n|turn|15\n|\n|t:|1776134722\n|-curestatus|p2a: Volcarona|slp|[msg]\n|move|p2a: Volcarona|Fiery Dance|p1a: Skeledirge\n|-resisted|p1a: Skeledirge|1\n|-damage|p1a: Skeledirge|82/100\n|move|p1a: Skeledirge|Yawn|p2a: Volcarona\n|-start|p2a: Volcarona|move: Yawn|[of] p1a: Skeledirge\n|\n|upkeep\n|turn|16\n|\n|t:|1776134726\n|move|p2a: Volcarona|Morning Sun|p2a: Volcarona\n|-heal|p2a: Volcarona|76/100\n|move|p1a: Skeledirge|Slack Off|p1a: Skeledirge\n|-heal|p1a: Skeledirge|100/100\n|\n|-end|p2a: Volcarona|move: Yawn|[silent]\n|-status|p2a: Volcarona|slp\n|upkeep\n|turn|17\n|\n|t:|1776134728\n|cant|p2a: Volcarona|slp\n|move|p1a: Skeledirge|Torch Song|p2a: Volcarona\n|-damage|p2a: Volcarona|8/100 slp\n|-boost|p1a: Skeledirge|spa|1\n|\n|upkeep\n|turn|18\n|\n|t:|1776134736\n|cant|p2a: Volcarona|slp\n|move|p1a: Skeledirge|Torch Song|p2a: Volcarona\n|-damage|p2a: Volcarona|0 fnt\n|-boost|p1a: Skeledirge|spa|1\n|faint|p2a: Volcarona\n|\n|upkeep\n|\n|t:|1776134740\n|switch|p2a: Greninja|Greninja-Mega, L50, F|76/100\n|-damage|p2a: Greninja|64/100|[from] Stealth Rock\n|-damage|p2a: Greninja|52/100|[from] Spikes\n|turn|19\n|\n|t:|1776134744\n|move|p2a: Greninja|Taunt|p1a: Skeledirge\n|-start|p2a: Greninja|typechange|Dark|[from] ability: Protean\n|-start|p1a: Skeledirge|move: Taunt\n|move|p1a: Skeledirge|Torch Song|p2a: Greninja\n|-damage|p2a: Greninja|0 fnt\n|-boost|p1a: Skeledirge|spa|1\n|faint|p2a: Greninja\n|\n|win|prograstination\n|raw|prograstination's rating: 1335 &rarr; <strong>1355</strong><br />(+20 for winning)\n|raw|hoshigumo1101's rating: 1328 &rarr; <strong>1308</strong><br />(-20 for losing)\n|l|\u2606hoshigumo1101\n|player|p2|\n|l|\u2606prograstination\n|player|p1|\n",
  "uploadtime": 1776134784,
  "views": 13,
  "formatid": "gen9championsbssregma",
  "rating": 1308,
  "private": 0,
  "password": null
}