{
  "id": "gen9championsbssregma-2583594071",
  "format": "[Gen 9 Champions] BSS Reg M-A",
  "players": [
    "ADUSTTHUNDA",
    "ddd980"
  ],
  "log": "|j|\u2606ADUSTTHUNDA\n|j|\u2606ddd980\n|t:|1776185409\n|gametype|singles\n|player|p1|ADUSTTHUNDA|infielder|1071\n|player|p2|ddd980|ghetsis|1174\n|gen|9\n|tier|[Gen 9 Champions] BSS Reg M-A\n|rated|\n|rule|Species Clause: Limit one of each Pok\u00e9mon\n|rule|Item Clause: Limit 1 of each item\n|clearpoke\n|poke|p1|Gengar, L50, F|\n|poke|p1|Kingambit, L50, M|\n|poke|p1|Espathra, L50, F|\n|poke|p1|Arcanine-Hisui, L50, M|\n|poke|p1|Milotic, L50, F|\n|poke|p1|Umbreon, L50, F|\n|poke|p2|Lopunny, L50, F|\n|poke|p2|Meganium, L50, M|\n|poke|p2|Volcarona, L50, F|\n|poke|p2|Rotom-Wash, L50|\n|poke|p2|Sinistcha, L50|\n|poke|p2|Gardevoir, L50, M|\n|teampreview|3\n|inactive|Battle timer is ON: inactive players will automatically lose when time's up. (requested by ddd980)\n|inactive|ADUSTTHUNDA has 60 seconds left.\n|\n|t:|1776185443\n|teamsize|p1|3\n|teamsize|p2|3\n|start\n|switch|p1a: Espathra|Espathra, L50, F|100/100\n|switch|p2a: Rotom|Rotom-Wash, L50|100/100\n|turn|1\n|\n|t:|1776185448\n|move|p1a: Espathra|Protect|p1a: Espathra\n|-singleturn|p1a: Espathra|Protect\n|move|p2a: Rotom|Volt Switch|p1a: Espathra\n|-activate|p1a: Espathra|move: Protect\n|\n|-ability|p1a: Espathra|Speed Boost|boost\n|-boost|p1a: Espathra|spe|1\n|upkeep\n|turn|2\n|\n|t:|1776185454\n|move|p1a: Espathra|Calm Mind|p1a: Espathra\n|-boost|p1a: Espathra|spa|1\n|-boost|p1a: Espathra|spd|1\n|move|p2a: Rotom|Volt Switch|p1a: Espathra\n|-damage|p1a: Espathra|73/100\n|\n|t:|1776185456\n|switch|p2a: Meganium|Meganium, L50, M|100/100|[from] Volt Switch\n|\n|-ability|p1a: Espathra|Speed Boost|boost\n|-boost|p1a: Espathra|spe|1\n|upkeep\n|turn|3\n|\n|t:|1776185467\n|detailschange|p2a: Meganium|Meganium-Mega, L50, M\n|-mega|p2a: Meganium|Meganium|Meganiumite\n|move|p1a: Espathra|Protect|p1a: Espathra\n|-singleturn|p1a: Espathra|Protect\n|move|p2a: Meganium|Solar Beam||[still]\n|-prepare|p2a: Meganium|Solar Beam\n|-activate|p2a: Meganium|ability: Mega Sol\n|-anim|p2a: Meganium|Solar Beam|p1a: Espathra\n|-activate|p1a: Espathra|move: Protect\n|\n|-ability|p1a: Espathra|Speed Boost|boost\n|-boost|p1a: Espathra|spe|1\n|upkeep\n|turn|4\n|\n|t:|1776185477\n|move|p1a: Espathra|Calm Mind|p1a: Espathra\n|-boost|p1a: Espathra|spa|1\n|-boost|p1a: Espathra|spd|1\n|move|p2a: Meganium|Solar Beam||[still]\n|-prepare|p2a: Meganium|Solar Beam\n|-activate|p2a: Meganium|ability: Mega Sol\n|-anim|p2a: Meganium|Solar Beam|p1a: Espathra\n|-damage|p1a: Espathra|15/100\n|-enditem|p1a: Espathra|Sitrus Berry|[eat]\n|-heal|p1a: Espathra|40/100|[from] item: Sitrus Berry\n|\n|-ability|p1a: Espathra|Speed Boost|boost\n|-boost|p1a: Espathra|spe|1\n|upkeep\n|turn|5\n|\n|t:|1776185489\n|move|p1a: Espathra|Stored Power|p2a: Meganium\n|-damage|p2a: Meganium|0 fnt\n|faint|p2a: Meganium\n|\n|-ability|p1a: Espathra|Speed Boost|boost\n|-boost|p1a: Espathra|spe|1\n|upkeep\n|\n|t:|1776185493\n|switch|p2a: Volcarona|Volcarona, L50, F|100/100\n|turn|6\n|\n|t:|1776185501\n|move|p1a: Espathra|Stored Power|p2a: Volcarona\n|-enditem|p2a: Volcarona|Focus Sash\n|-damage|p2a: Volcarona|1/100\n|move|p2a: Volcarona|Bug Buzz|p1a: Espathra\n|-supereffective|p1a: Espathra|1\n|-damage|p1a: Espathra|0 fnt\n|faint|p1a: Espathra\n|\n|upkeep\n|\n|t:|1776185508\n|switch|p1a: Gengar|Gengar, L50, F|100/100\n|turn|7\n|\n|t:|1776185514\n|detailschange|p1a: Gengar|Gengar-Mega, L50, F\n|-mega|p1a: Gengar|Gengar|Gengarite\n|move|p1a: Gengar|Shadow Ball|p2a: Volcarona\n|-damage|p2a: Volcarona|0 fnt\n|faint|p2a: Volcarona\n|\n|upkeep\n|\n|t:|1776185516\n|switch|p2a: Rotom|Rotom-Wash, L50|100/100\n|turn|8\n|\n|t:|1776185525\n|move|p1a: Gengar|Sludge Wave|p2a: Rotom\n|-damage|p2a: Rotom|37/100\n|move|p2a: Rotom|Hydro Pump|p1a: Gengar\n|-damage|p1a: Gengar|41/100\n|\n|-heal|p2a: Rotom|43/100|[from] item: Leftovers\n|upkeep\n|turn|9\n|\n|t:|1776185530\n|move|p1a: Gengar|Sludge Wave|p2a: Rotom\n|-damage|p2a: Rotom|0 fnt\n|faint|p2a: Rotom\n|\n|win|ADUSTTHUNDA\n|raw|ADUSTTHUNDA's rating: 1071 &rarr; <strong>1109</strong><br />(+38 for winning)\n|raw|ddd980's rating: 1174 &rarr; <strong>1142</strong><br />(-32 for losing)\n",
  "uploadtime": 1776185535,
  "views": 5,
  "formatid": "gen9championsbssregma",
  "rating": 1109,
  "private": 0,
  "password": null
}