{
  "id": "gen9championsbssregma-2584152812",
  "format": "[Gen 9 Champions] BSS Reg M-A",
  "players": [
    "beaivi-nieidamon",
    "xxBlvckBvrnxx"
  ],
  "log": "|j|\u2606beaivi-nieidamon\n|j|\u2606xxBlvckBvrnxx\n|t:|1776231414\n|gametype|singles\n|player|p1|beaivi-nieidamon|lass-gen4dp|1190\n|player|p2|xxBlvckBvrnxx|101|1268\n|gen|9\n|tier|[Gen 9 Champions] BSS Reg M-A\n|rated|\n|rule|Species Clause: Limit one of each Pok\u00e9mon\n|rule|Item Clause: Limit 1 of each item\n|clearpoke\n|poke|p1|Kangaskhan, L50, F|\n|poke|p1|Hippowdon, L50, F|\n|poke|p1|Aegislash, L50, M|\n|poke|p1|Gengar, L50, M|\n|poke|p1|Hydreigon, L50, F|\n|poke|p1|Glimmora, L50, M|\n|poke|p2|Volcarona, L50, M|\n|poke|p2|Meowscarada, L50, M|\n|poke|p2|Gengar, L50, M|\n|poke|p2|Gyarados, L50, M|\n|poke|p2|Lopunny, L50, F|\n|poke|p2|Garchomp, L50, F|\n|teampreview|3\n|inactive|Battle timer is ON: inactive players will automatically lose when time's up. (requested by beaivi-nieidamon)\n|inactive|xxBlvckBvrnxx has 60 seconds left.\n|\n|t:|1776231480\n|teamsize|p1|3\n|teamsize|p2|3\n|start\n|switch|p1a: Khabul Khan|Glimmora, L50, M|100/100\n|switch|p2a: Kit|Meowscarada, L50, M|100/100\n|turn|1\n|\n|t:|1776231487\n|move|p2a: Kit|Flower Trick|p1a: Khabul Khan\n|-start|p2a: Kit|typechange|Grass|[from] ability: Protean\n|-crit|p1a: Khabul Khan\n|-damage|p1a: Khabul Khan|38/100\n|-activate|p1a: Khabul Khan|ability: Toxic Debris\n|-sidestart|p2: xxBlvckBvrnxx|move: Toxic Spikes\n|move|p1a: Khabul Khan|Stealth Rock|p2a: Kit\n|-sidestart|p2: xxBlvckBvrnxx|move: Stealth Rock\n|\n|upkeep\n|turn|2\n|j| p74\n|\n|t:|1776231502\n|switch|p1a: Damdinbazar|Gengar, L50, M|100/100\n|move|p2a: Kit|Flower Trick|p1a: Damdinbazar\n|-resisted|p1a: Damdinbazar|1\n|-crit|p1a: Damdinbazar\n|-damage|p1a: Damdinbazar|53/100\n|\n|upkeep\n|turn|3\n|\n|t:|1776231509\n|detailschange|p1a: Damdinbazar|Gengar-Mega, L50, M\n|-mega|p1a: Damdinbazar|Gengar|Gengarite\n|move|p1a: Damdinbazar|Sludge Wave|p2a: Kit\n|-supereffective|p2a: Kit|1\n|-enditem|p2a: Kit|Focus Sash\n|-damage|p2a: Kit|1/100\n|-status|p2a: Kit|psn\n|move|p2a: Kit|Knock Off|p1a: Damdinbazar\n|-supereffective|p1a: Damdinbazar|1\n|-damage|p1a: Damdinbazar|0 fnt\n|faint|p1a: Damdinbazar\n|\n|-damage|p2a: Kit|0 fnt|[from] psn\n|faint|p2a: Kit\n|upkeep\n|\n|t:|1776231523\n|switch|p1a: Chinggis Khan|Kangaskhan, L50, F|100/100\n|switch|p2a: Phantom Lord|Gengar, L50, M|100/100\n|-sideend|p2: xxBlvckBvrnxx|move: Toxic Spikes|[of] p2a: Phantom Lord\n|-damage|p2a: Phantom Lord|89/100|[from] Stealth Rock\n|turn|4\n|\n|t:|1776231532\n|detailschange|p2a: Phantom Lord|Gengar-Mega, L50, M\n|-mega|p2a: Phantom Lord|Gengar|Gengarite\n|move|p1a: Chinggis Khan|Fake Out|p2a: Phantom Lord\n|-damage|p2a: Phantom Lord|60/100\n|cant|p2a: Phantom Lord|flinch\n|\n|upkeep\n|turn|5\n|\n|t:|1776231538\n|move|p1a: Chinggis Khan|Sucker Punch||[still]\n|-fail|p1a: Chinggis Khan\n|move|p2a: Phantom Lord|Destiny Bond|p2a: Phantom Lord\n|-singlemove|p2a: Phantom Lord|Destiny Bond\n|\n|upkeep\n|turn|6\n|\n|t:|1776231548\n|move|p1a: Chinggis Khan|Sucker Punch|p2a: Phantom Lord\n|-supereffective|p2a: Phantom Lord|1\n|-damage|p2a: Phantom Lord|0 fnt\n|faint|p2a: Phantom Lord\n|-activate|p2a: Phantom Lord|move: Destiny Bond\n|faint|p1a: Chinggis Khan\n|\n|upkeep\n|\n|t:|1776231554\n|switch|p2a: Apollo|Volcarona, L50, M|100/100\n|switch|p1a: Khabul Khan|Glimmora, L50, M|38/100\n|-damage|p2a: Apollo|50/100|[from] Stealth Rock\n|turn|7\n|\n|t:|1776231563\n|move|p2a: Apollo|Psychic|p1a: Khabul Khan\n|-supereffective|p1a: Khabul Khan|1\n|-damage|p1a: Khabul Khan|0 fnt\n|faint|p1a: Khabul Khan\n|\n|win|xxBlvckBvrnxx\n|raw|beaivi-nieidamon's rating: 1190 &rarr; <strong>1171</strong><br />(-19 for losing)\n|raw|xxBlvckBvrnxx's rating: 1268 &rarr; <strong>1287</strong><br />(+19 for winning)\n|l|\u2606xxBlvckBvrnxx\n|player|p2|\n|l|\u2606beaivi-nieidamon\n|player|p1|\n",
  "uploadtime": 1776231574,
  "views": 1,
  "formatid": "gen9championsbssregma",
  "rating": 1171,
  "private": 0,
  "password": null
}