{
  "id": "gen9championsbssregma-2582849645",
  "format": "[Gen 9 Champions] BSS Reg M-A",
  "players": [
    "Diego 210452",
    "Notreverton"
  ],
  "log": "|j|\u2606Diego 210452\n|j|\u2606Notreverton\n|t:|1776118953\n|gametype|singles\n|player|p1|Diego 210452|hilda|1138\n|player|p2|Notreverton|102|1000\n|gen|9\n|tier|[Gen 9 Champions] BSS Reg M-A\n|rated|\n|rule|Species Clause: Limit one of each Pok\u00e9mon\n|rule|Item Clause: Limit 1 of each item\n|clearpoke\n|poke|p1|Archaludon, L50, M|\n|poke|p1|Clefable, L50, F|\n|poke|p1|Espathra, L50, M|\n|poke|p1|Volcarona, L50, M|\n|poke|p1|Palafin, L50, F|\n|poke|p1|Scizor, L50, M|\n|poke|p2|Meganium, L50, F|\n|poke|p2|Archaludon, L50, M|\n|poke|p2|Pelipper, L50, F|\n|poke|p2|Sneasler, L50, F|\n|poke|p2|Basculegion, L50, M|\n|poke|p2|Garchomp, L50, M|\n|teampreview|3\n|inactive|Battle timer is ON: inactive players will automatically lose when time's up. (requested by Notreverton)\n|\n|t:|1776119015\n|teamsize|p1|3\n|teamsize|p2|3\n|start\n|switch|p1a: Archaludon|Archaludon, L50, M|100/100\n|switch|p2a: Archaludon|Archaludon, L50, M|100/100\n|turn|1\n|\n|t:|1776119028\n|move|p2a: Archaludon|Dragon Pulse|p1a: Archaludon\n|-damage|p1a: Archaludon|40/100\n|move|p1a: Archaludon|Aura Sphere|p2a: Archaludon\n|-supereffective|p2a: Archaludon|1\n|-damage|p2a: Archaludon|21/100\n|\n|-heal|p2a: Archaludon|27/100|[from] item: Leftovers\n|upkeep\n|turn|2\n|\n|t:|1776119046\n|move|p2a: Archaludon|Protect|p2a: Archaludon\n|-singleturn|p2a: Archaludon|Protect\n|move|p1a: Archaludon|Draco Meteor|p2a: Archaludon\n|-activate|p2a: Archaludon|move: Protect\n|\n|-heal|p2a: Archaludon|32/100|[from] item: Leftovers\n|upkeep\n|turn|3\n|\n|t:|1776119062\n|move|p2a: Archaludon|Dragon Pulse|p1a: Archaludon\n|-damage|p1a: Archaludon|0 fnt\n|faint|p1a: Archaludon\n|\n|-heal|p2a: Archaludon|38/100|[from] item: Leftovers\n|upkeep\n|\n|t:|1776119072\n|switch|p1a: Espathra|Espathra, L50, M|100/100\n|turn|4\n|\n|t:|1776119090\n|move|p2a: Archaludon|Electro Shot||[still]\n|-prepare|p2a: Archaludon|Electro Shot\n|-boost|p2a: Archaludon|spa|1\n|move|p1a: Espathra|Calm Mind|p1a: Espathra\n|-boost|p1a: Espathra|spa|1\n|-boost|p1a: Espathra|spd|1\n|\n|-heal|p2a: Archaludon|44/100|[from] item: Leftovers\n|-ability|p1a: Espathra|Speed Boost|boost\n|-boost|p1a: Espathra|spe|1\n|upkeep\n|turn|5\n|\n|t:|1776119104\n|move|p1a: Espathra|Calm Mind|p1a: Espathra\n|-boost|p1a: Espathra|spa|1\n|-boost|p1a: Espathra|spd|1\n|move|p2a: Archaludon|Electro Shot|p1a: Espathra|[from] lockedmove\n|-damage|p1a: Espathra|55/100\n|\n|-heal|p2a: Archaludon|50/100|[from] item: Leftovers\n|-ability|p1a: Espathra|Speed Boost|boost\n|-boost|p1a: Espathra|spe|1\n|upkeep\n|turn|6\n|\n|t:|1776119117\n|move|p1a: Espathra|Calm Mind|p1a: Espathra\n|-boost|p1a: Espathra|spa|1\n|-boost|p1a: Espathra|spd|1\n|move|p2a: Archaludon|Flash Cannon|p1a: Espathra\n|-damage|p1a: Espathra|24/100\n|\n|-heal|p2a: Archaludon|55/100|[from] item: Leftovers\n|-ability|p1a: Espathra|Speed Boost|boost\n|-boost|p1a: Espathra|spe|1\n|upkeep\n|turn|7\n|\n|t:|1776119139\n|move|p1a: Espathra|Lumina Crash|p2a: Archaludon\n|-resisted|p2a: Archaludon|1\n|-damage|p2a: Archaludon|0 fnt\n|faint|p2a: Archaludon\n|\n|-ability|p1a: Espathra|Speed Boost|boost\n|-boost|p1a: Espathra|spe|1\n|upkeep\n|\n|t:|1776119151\n|switch|p2a: Meganium|Meganium, L50, F|100/100\n|turn|8\n|\n|t:|1776119157\n|detailschange|p2a: Meganium|Meganium-Mega, L50, F\n|-mega|p2a: Meganium|Meganium|Meganiumite\n|move|p1a: Espathra|Baton Pass|p1a: Espathra\n|\n|t:|1776119161\n|switch|p1a: Clefable|Clefable, L50, F|100/100|[from] Baton Pass\n|move|p2a: Meganium|Solar Beam||[still]\n|-prepare|p2a: Meganium|Solar Beam\n|-activate|p2a: Meganium|ability: Mega Sol\n|-anim|p2a: Meganium|Solar Beam|p1a: Clefable\n|-damage|p1a: Clefable|68/100\n|\n|upkeep\n|turn|9\n|\n|t:|1776119181\n|detailschange|p1a: Clefable|Clefable-Mega, L50, F\n|-mega|p1a: Clefable|Clefable|Clefablite\n|move|p1a: Clefable|Moonlight|p1a: Clefable\n|-heal|p1a: Clefable|100/100\n|move|p2a: Meganium|Dazzling Gleam|p1a: Clefable\n|-damage|p1a: Clefable|83/100\n|\n|upkeep\n|turn|10\n|\n|t:|1776119194\n|move|p1a: Clefable|Cosmic Power|p1a: Clefable\n|-boost|p1a: Clefable|def|1\n|-boost|p1a: Clefable|spd|1\n|move|p2a: Meganium|Solar Beam||[still]\n|-prepare|p2a: Meganium|Solar Beam\n|-activate|p2a: Meganium|ability: Mega Sol\n|-anim|p2a: Meganium|Solar Beam|p1a: Clefable\n|-resisted|p1a: Clefable|1\n|-damage|p1a: Clefable|74/100\n|\n|upkeep\n|turn|11\n|-message|Notreverton forfeited.\n|\n|win|Diego 210452\n|raw|Diego 210452's rating: 1138 &rarr; <strong>1154</strong><br />(+16 for winning)\n|raw|Notreverton's rating: 1000 &rarr; <strong>1000</strong><br />(+0 for losing)\n|l|\u2606Notreverton\n|player|p2|\n",
  "uploadtime": 1776119239,
  "views": 6,
  "formatid": "gen9championsbssregma",
  "rating": 1000,
  "private": 0,
  "password": null
}