{
  "id": "gen9championsbssregma-2587108461",
  "format": "[Gen 9 Champions] BSS Reg M-A",
  "players": [
    "M Y Raymachine",
    "KevMev"
  ],
  "log": "|j|\u2606M Y Raymachine\n|j|\u2606KevMev\n|t:|1776494553\n|gametype|singles\n|player|p1|M Y Raymachine|gentleman-gen4|1331\n|player|p2|KevMev|waiter-gen4|1396\n|gen|9\n|tier|[Gen 9 Champions] BSS Reg M-A\n|rated|\n|rule|Species Clause: Limit one of each Pok\u00e9mon\n|rule|Item Clause: Limit 1 of each item\n|clearpoke\n|poke|p1|Charizard, L50, M|\n|poke|p1|Empoleon, L50, M|\n|poke|p1|Hippowdon, L50, M|\n|poke|p1|Floette-Eternal, L50, F|\n|poke|p1|Aegislash, L50, M, shiny|\n|poke|p1|Basculegion, L50, M|\n|poke|p2|Sneasler, L50, M, shiny|\n|poke|p2|Archaludon, L50, M, shiny|\n|poke|p2|Garchomp, L50, M, shiny|\n|poke|p2|Meowscarada, L50, F, shiny|\n|poke|p2|Starmie, L50, shiny|\n|poke|p2|Mimikyu, L50, M|\n|teampreview|3\n|inactive|Battle timer is ON: inactive players will automatically lose when time's up. (requested by M Y Raymachine)\n|\n|t:|1776494591\n|teamsize|p1|3\n|teamsize|p2|3\n|start\n|switch|p1a: \uc6d0\uc2dc\uc789\uc5b4\ud0b9|Basculegion, L50, M|100/100\n|switch|p2a: Starmie|Starmie, L50, shiny|100/100\n|turn|1\n|\n|t:|1776494600\n|switch|p2a: Archaludon|Archaludon, L50, M, shiny|100/100\n|move|p1a: \uc6d0\uc2dc\uc789\uc5b4\ud0b9|Flip Turn|p2a: Archaludon\n|-resisted|p2a: Archaludon|1\n|-damage|p2a: Archaludon|84/100\n|\n|t:|1776494607\n|switch|p1a: \ubb34\uc1e0\ube59\ud050\ubcf4|Empoleon, L50, M|100/100|[from] Flip Turn\n|\n|-heal|p2a: Archaludon|90/100|[from] item: Leftovers\n|upkeep\n|turn|2\n|\n|t:|1776494613\n|move|p2a: Archaludon|Aura Sphere|p1a: \ubb34\uc1e0\ube59\ud050\ubcf4\n|-supereffective|p1a: \ubb34\uc1e0\ube59\ud050\ubcf4|1\n|-damage|p1a: \ubb34\uc1e0\ube59\ud050\ubcf4|62/100\n|move|p1a: \ubb34\uc1e0\ube59\ud050\ubcf4|Yawn|p2a: Archaludon\n|-start|p2a: Archaludon|move: Yawn|[of] p1a: \ubb34\uc1e0\ube59\ud050\ubcf4\n|\n|-heal|p2a: Archaludon|96/100|[from] item: Leftovers\n|-heal|p1a: \ubb34\uc1e0\ube59\ud050\ubcf4|68/100|[from] item: Leftovers\n|upkeep\n|turn|3\n|j| p74\n|\n|t:|1776494621\n|switch|p2a: Sneasler|Sneasler, L50, M, shiny|100/100\n|move|p1a: \ubb34\uc1e0\ube59\ud050\ubcf4|Stealth Rock|p2a: Sneasler\n|-sidestart|p2: KevMev|move: Stealth Rock\n|\n|-heal|p1a: \ubb34\uc1e0\ube59\ud050\ubcf4|73/100|[from] item: Leftovers\n|upkeep\n|turn|4\n|\n|t:|1776494631\n|switch|p1a: \uc6d0\uc2dc\uc789\uc5b4\ud0b9|Basculegion, L50, M|100/100\n|move|p2a: Sneasler|Close Combat|p1a: \uc6d0\uc2dc\uc789\uc5b4\ud0b9\n|-immune|p1a: \uc6d0\uc2dc\uc789\uc5b4\ud0b9\n|\n|upkeep\n|turn|5\n|\n|t:|1776494637\n|move|p1a: \uc6d0\uc2dc\uc789\uc5b4\ud0b9|Flip Turn|p2a: Sneasler\n|-damage|p2a: Sneasler|33/100\n|\n|t:|1776494639\n|switch|p1a: \ubb34\uc1e0\ube59\ud050\ubcf4|Empoleon, L50, M|73/100|[from] Flip Turn\n|move|p2a: Sneasler|Dire Claw|p1a: \ubb34\uc1e0\ube59\ud050\ubcf4\n|-immune|p1a: \ubb34\uc1e0\ube59\ud050\ubcf4\n|\n|-heal|p1a: \ubb34\uc1e0\ube59\ud050\ubcf4|79/100|[from] item: Leftovers\n|upkeep\n|turn|6\n|\n|t:|1776494647\n|move|p2a: Sneasler|Dire Claw|p1a: \ubb34\uc1e0\ube59\ud050\ubcf4\n|-immune|p1a: \ubb34\uc1e0\ube59\ud050\ubcf4\n|move|p1a: \ubb34\uc1e0\ube59\ud050\ubcf4|Flip Turn|p2a: Sneasler\n|-damage|p2a: Sneasler|6/100\n|\n|t:|1776494649\n|switch|p1a: \uc6d0\uc2dc\uc789\uc5b4\ud0b9|Basculegion, L50, M|100/100|[from] Flip Turn\n|\n|upkeep\n|turn|7\n|\n|t:|1776494657\n|move|p1a: \uc6d0\uc2dc\uc789\uc5b4\ud0b9|Flip Turn|p2a: Sneasler\n|-damage|p2a: Sneasler|0 fnt\n|faint|p2a: Sneasler\n|\n|t:|1776494659\n|switch|p1a: \ubb34\uc1e0\ube59\ud050\ubcf4|Empoleon, L50, M|79/100|[from] Flip Turn\n|\n|-heal|p1a: \ubb34\uc1e0\ube59\ud050\ubcf4|85/100|[from] item: Leftovers\n|upkeep\n|\n|t:|1776494662\n|switch|p2a: Archaludon|Archaludon, L50, M, shiny|96/100\n|-damage|p2a: Archaludon|90/100|[from] Stealth Rock\n|turn|8\n|\n|t:|1776494669\n|move|p2a: Archaludon|Aura Sphere|p1a: \ubb34\uc1e0\ube59\ud050\ubcf4\n|-supereffective|p1a: \ubb34\uc1e0\ube59\ud050\ubcf4|1\n|-damage|p1a: \ubb34\uc1e0\ube59\ud050\ubcf4|47/100\n|move|p1a: \ubb34\uc1e0\ube59\ud050\ubcf4|Yawn|p2a: Archaludon\n|-start|p2a: Archaludon|move: Yawn|[of] p1a: \ubb34\uc1e0\ube59\ud050\ubcf4\n|\n|-heal|p2a: Archaludon|96/100|[from] item: Leftovers\n|-heal|p1a: \ubb34\uc1e0\ube59\ud050\ubcf4|53/100|[from] item: Leftovers\n|upkeep\n|turn|9\n|\n|t:|1776494672\n|move|p2a: Archaludon|Aura Sphere|p1a: \ubb34\uc1e0\ube59\ud050\ubcf4\n|-supereffective|p1a: \ubb34\uc1e0\ube59\ud050\ubcf4|1\n|-damage|p1a: \ubb34\uc1e0\ube59\ud050\ubcf4|13/100\n|move|p1a: \ubb34\uc1e0\ube59\ud050\ubcf4|Yawn||[still]\n|-fail|p1a: \ubb34\uc1e0\ube59\ud050\ubcf4\n|\n|-heal|p2a: Archaludon|100/100|[from] item: Leftovers\n|-heal|p1a: \ubb34\uc1e0\ube59\ud050\ubcf4|19/100|[from] item: Leftovers\n|-end|p2a: Archaludon|move: Yawn|[silent]\n|-status|p2a: Archaludon|slp\n|upkeep\n|turn|10\n|\n|t:|1776494674\n|cant|p2a: Archaludon|slp\n|move|p1a: \ubb34\uc1e0\ube59\ud050\ubcf4|Flip Turn|p2a: Archaludon\n|-resisted|p2a: Archaludon|1\n|-damage|p2a: Archaludon|93/100 slp\n|\n|t:|1776494676\n|switch|p1a: \ubd89\uc740 \ub2ec \ub77c\ud50c\ub808\uc2dc\uc544|Floette-Eternal, L50, F|100/100|[from] Flip Turn\n|\n|-heal|p2a: Archaludon|99/100 slp|[from] item: Leftovers\n|upkeep\n|turn|11\n|\n|t:|1776494678\n|switch|p2a: Starmie|Starmie, L50, shiny|100/100\n|-damage|p2a: Starmie|89/100|[from] Stealth Rock\n|detailschange|p1a: \ubd89\uc740 \ub2ec \ub77c\ud50c\ub808\uc2dc\uc544|Floette-Mega, L50, F\n|-mega|p1a: \ubd89\uc740 \ub2ec \ub77c\ud50c\ub808\uc2dc\uc544|Floette|Floettite\n|-ability|p1a: \ubd89\uc740 \ub2ec \ub77c\ud50c\ub808\uc2dc\uc544|Fairy Aura\n|move|p1a: \ubd89\uc740 \ub2ec \ub77c\ud50c\ub808\uc2dc\uc544|Calm Mind|p1a: \ubd89\uc740 \ub2ec \ub77c\ud50c\ub808\uc2dc\uc544\n|-boost|p1a: \ubd89\uc740 \ub2ec \ub77c\ud50c\ub808\uc2dc\uc544|spa|1\n|-boost|p1a: \ubd89\uc740 \ub2ec \ub77c\ud50c\ub808\uc2dc\uc544|spd|1\n|\n|upkeep\n|turn|12\n|\n|t:|1776494695\n|detailschange|p2a: Starmie|Starmie-Mega, L50, shiny\n|-mega|p2a: Starmie|Starmie|Starminite\n|move|p2a: Starmie|Liquidation|p1a: \ubd89\uc740 \ub2ec \ub77c\ud50c\ub808\uc2dc\uc544\n|-damage|p1a: \ubd89\uc740 \ub2ec \ub77c\ud50c\ub808\uc2dc\uc544|39/100\n|move|p1a: \ubd89\uc740 \ub2ec \ub77c\ud50c\ub808\uc2dc\uc544|Moonblast|p2a: Starmie\n|-damage|p2a: Starmie|0 fnt\n|faint|p2a: Starmie\n|\n|upkeep\n|-message|KevMev forfeited.\n|\n|win|M Y Raymachine\n|raw|M Y Raymachine's rating: 1331 &rarr; <strong>1355</strong><br />(+24 for winning)\n|raw|KevMev's rating: 1396 &rarr; <strong>1372</strong><br />(-24 for losing)\n|l|\u2606KevMev\n|player|p2|\n|l|\u2606M Y Raymachine\n|player|p1|\n",
  "uploadtime": 1776494708,
  "views": 3,
  "formatid": "gen9championsbssregma",
  "rating": 1355,
  "private": 0,
  "password": null
}