{
  "id": "gen9championsbssregma-2587070015",
  "format": "[Gen 9 Champions] BSS Reg M-A",
  "players": [
    "ereff",
    "Uatthescool"
  ],
  "log": "|j|\u2606ereff\n|j|\u2606Uatthescool\n|t:|1776489338\n|gametype|singles\n|player|p1|ereff|policeman|1073\n|player|p2|Uatthescool|102|1160\n|gen|9\n|tier|[Gen 9 Champions] BSS Reg M-A\n|rated|\n|rule|Species Clause: Limit one of each Pok\u00e9mon\n|rule|Item Clause: Limit 1 of each item\n|clearpoke\n|poke|p1|Meowscarada, L50, F|\n|poke|p1|Beedrill, L50, M|\n|poke|p1|Toxapex, L50, F, shiny|\n|poke|p1|Skeledirge, L50, M|\n|poke|p1|Snorlax, L50, M|\n|poke|p1|Corviknight, L50, F, shiny|\n|poke|p2|Garchomp, L50, F|\n|poke|p2|Clefable, L50, F|\n|poke|p2|Kingambit, L50, F|\n|poke|p2|Hydrapple, L50, F|\n|poke|p2|Corviknight, L50, F|\n|poke|p2|Skeledirge, L50, M|\n|teampreview|3\n|\n|t:|1776489368\n|teamsize|p1|3\n|teamsize|p2|3\n|start\n|switch|p1a: Meowscarada|Meowscarada, L50, F|100/100\n|switch|p2a: Garchomp|Garchomp, L50, F|100/100\n|turn|1\n|inactive|Battle timer is ON: inactive players will automatically lose when time's up. (requested by ereff)\n|\n|t:|1776489373\n|switch|p2a: Corviknight|Corviknight, L50, F|100/100\n|-ability|p2a: Corviknight|Pressure\n|move|p1a: Meowscarada|Triple Axel|p2a: Corviknight\n|-start|p1a: Meowscarada|typechange|Ice|[from] ability: Protean\n|-damage|p2a: Corviknight|93/100\n|-damage|p2a: Corviknight|80/100\n|-damage|p2a: Corviknight|60/100\n|-hitcount|p2a: Corviknight|3\n|\n|-heal|p2a: Corviknight|66/100|[from] item: Leftovers\n|upkeep\n|turn|2\n|\n|t:|1776489388\n|switch|p1a: Skeledirge|Skeledirge, L50, M|100/100\n|move|p2a: Corviknight|Iron Defense|p2a: Corviknight\n|-boost|p2a: Corviknight|def|2\n|\n|-heal|p2a: Corviknight|72/100|[from] item: Leftovers\n|upkeep\n|turn|3\n|\n|t:|1776489396\n|switch|p2a: Garchomp|Garchomp, L50, F|100/100\n|move|p1a: Skeledirge|Flame Charge|p2a: Garchomp\n|-resisted|p2a: Garchomp|1\n|-damage|p2a: Garchomp|96/100\n|-boost|p1a: Skeledirge|spe|1\n|-damage|p1a: Skeledirge|88/100|[from] ability: Rough Skin|[of] p2a: Garchomp\n|\n|upkeep\n|turn|4\n|\n|t:|1776489411\n|move|p1a: Skeledirge|Will-O-Wisp|p2a: Garchomp|[miss]\n|-miss|p1a: Skeledirge|p2a: Garchomp\n|move|p2a: Garchomp|Stealth Rock|p1a: Skeledirge\n|-sidestart|p1: ereff|move: Stealth Rock\n|\n|upkeep\n|turn|5\n|\n|t:|1776489416\n|move|p1a: Skeledirge|Will-O-Wisp|p2a: Garchomp\n|-status|p2a: Garchomp|brn\n|move|p2a: Garchomp|Dragon Tail|p1a: Skeledirge\n|-damage|p1a: Skeledirge|75/100\n|drag|p1a: Beedrill|Beedrill, L50, M|100/100\n|-damage|p1a: Beedrill|75/100|[from] Stealth Rock\n|\n|-damage|p2a: Garchomp|90/100 brn|[from] brn\n|upkeep\n|turn|6\n|\n|t:|1776489433\n|switch|p2a: Corviknight|Corviknight, L50, F|72/100\n|-ability|p2a: Corviknight|Pressure\n|detailschange|p1a: Beedrill|Beedrill-Mega, L50, M\n|-mega|p1a: Beedrill|Beedrill|Beedrillite\n|move|p1a: Beedrill|U-turn|p2a: Corviknight\n|-resisted|p2a: Corviknight|2\n|-damage|p2a: Corviknight|63/100\n|\n|t:|1776489447\n|switch|p1a: Skeledirge|Skeledirge, L50, M|75/100|[from] U-turn\n|-damage|p1a: Skeledirge|51/100|[from] Stealth Rock\n|\n|-heal|p2a: Corviknight|69/100|[from] item: Leftovers\n|upkeep\n|turn|7\n|\n|t:|1776489454\n|switch|p2a: Garchomp|Garchomp, L50, F|90/100 brn\n|move|p1a: Skeledirge|Will-O-Wisp|p2a: Garchomp\n|-fail|p2a: Garchomp|brn\n|\n|-damage|p2a: Garchomp|84/100 brn|[from] brn\n|upkeep\n|turn|8\n|\n|t:|1776489459\n|move|p2a: Garchomp|Earthquake|p1a: Skeledirge\n|-supereffective|p1a: Skeledirge|1\n|-damage|p1a: Skeledirge|9/100\n|move|p1a: Skeledirge|Slack Off|p1a: Skeledirge\n|-heal|p1a: Skeledirge|59/100\n|\n|-damage|p2a: Garchomp|78/100 brn|[from] brn\n|upkeep\n|turn|9\n|\n|t:|1776489468\n|move|p2a: Garchomp|Earthquake|p1a: Skeledirge\n|-supereffective|p1a: Skeledirge|1\n|-damage|p1a: Skeledirge|15/100\n|move|p1a: Skeledirge|Flame Charge|p2a: Garchomp\n|-resisted|p2a: Garchomp|1\n|-crit|p2a: Garchomp\n|-damage|p2a: Garchomp|71/100 brn\n|-boost|p1a: Skeledirge|spe|1\n|-damage|p1a: Skeledirge|3/100|[from] ability: Rough Skin|[of] p2a: Garchomp\n|\n|-damage|p2a: Garchomp|65/100 brn|[from] brn\n|upkeep\n|turn|10\n|\n|t:|1776489484\n|move|p1a: Skeledirge|Slack Off|p1a: Skeledirge\n|-heal|p1a: Skeledirge|53/100\n|move|p2a: Garchomp|Earthquake|p1a: Skeledirge\n|-supereffective|p1a: Skeledirge|1\n|-crit|p1a: Skeledirge\n|-damage|p1a: Skeledirge|0 fnt\n|faint|p1a: Skeledirge\n|\n|-damage|p2a: Garchomp|59/100 brn|[from] brn\n|upkeep\n|\n|t:|1776489492\n|switch|p1a: Meowscarada|Meowscarada, L50, F|100/100\n|-damage|p1a: Meowscarada|89/100|[from] Stealth Rock\n|turn|11\n|\n|t:|1776489502\n|move|p1a: Meowscarada|U-turn|p2a: Garchomp\n|-start|p1a: Meowscarada|typechange|Bug|[from] ability: Protean\n|-damage|p2a: Garchomp|35/100 brn\n|-damage|p1a: Meowscarada|77/100|[from] ability: Rough Skin|[of] p2a: Garchomp\n|-enditem|p2a: Garchomp|Sitrus Berry|[eat]\n|-heal|p2a: Garchomp|60/100 brn|[from] item: Sitrus Berry\n|\n|t:|1776489510\n|switch|p1a: Beedrill|Beedrill-Mega, L50, M|75/100|[from] U-turn\n|-damage|p1a: Beedrill|50/100|[from] Stealth Rock\n|move|p2a: Garchomp|Dragon Tail|p1a: Beedrill\n|-damage|p1a: Beedrill|14/100\n|drag|p1a: Meowscarada|Meowscarada, L50, F|77/100\n|-damage|p1a: Meowscarada|65/100|[from] Stealth Rock\n|\n|-damage|p2a: Garchomp|54/100 brn|[from] brn\n|upkeep\n|turn|12\n|\n|t:|1776489525\n|switch|p2a: Kingambit|Kingambit, L50, F|100/100\n|move|p1a: Meowscarada|Flower Trick|p2a: Kingambit\n|-start|p1a: Meowscarada|typechange|Grass|[from] ability: Protean\n|-resisted|p2a: Kingambit|1\n|-crit|p2a: Kingambit\n|-damage|p2a: Kingambit|79/100\n|\n|upkeep\n|turn|13\n|\n|t:|1776489534\n|move|p1a: Meowscarada|Flower Trick|p2a: Kingambit\n|-resisted|p2a: Kingambit|1\n|-crit|p2a: Kingambit\n|-damage|p2a: Kingambit|58/100\n|move|p2a: Kingambit|Poison Jab|p1a: Meowscarada\n|-supereffective|p1a: Meowscarada|1\n|-damage|p1a: Meowscarada|0 fnt\n|faint|p1a: Meowscarada\n|\n|upkeep\n|\n|t:|1776489537\n|switch|p1a: Beedrill|Beedrill-Mega, L50, M|14/100\n|-damage|p1a: Beedrill|0 fnt|[from] Stealth Rock\n|faint|p1a: Beedrill\n|\n|win|Uatthescool\n|raw|ereff's rating: 1073 &rarr; <strong>1057</strong><br />(-16 for losing)\n|raw|Uatthescool's rating: 1160 &rarr; <strong>1179</strong><br />(+19 for winning)\n|l|\u2606ereff\n|player|p1|\n",
  "uploadtime": 1776489558,
  "views": 3,
  "formatid": "gen9championsbssregma",
  "rating": 1057,
  "private": 0,
  "password": null
}