{
  "id": "gen9championsbssregma-2588622249",
  "format": "[Gen 9 Champions] BSS Reg M-A",
  "players": [
    "mega.CHIVA",
    "ElJulioGGs"
  ],
  "log": "|j|\u2606mega.CHIVA\n|j|\u2606ElJulioGGs\n|t:|1776651020\n|gametype|singles\n|player|p1|mega.CHIVA|unknown|1118\n|player|p2|ElJulioGGs|rosa|1205\n|gen|9\n|tier|[Gen 9 Champions] BSS Reg M-A\n|rated|\n|rule|Species Clause: Limit one of each Pok\u00e9mon\n|rule|Item Clause: Limit 1 of each item\n|clearpoke\n|poke|p1|Corviknight, L50, M|\n|poke|p1|Garchomp, L50, M|\n|poke|p1|Hawlucha, L50, M|\n|poke|p1|Sylveon, L50, F|\n|poke|p1|Greninja, L50, M|\n|poke|p1|Blastoise, L50, M|\n|poke|p2|Lopunny, L50, F, shiny|\n|poke|p2|Umbreon, L50, F, shiny|\n|poke|p2|Espathra, L50, M, shiny|\n|poke|p2|Glimmora, L50, F, shiny|\n|poke|p2|Toxapex, L50, F, shiny|\n|poke|p2|Skeledirge, L50, F, shiny|\n|teampreview|3\n|inactive|Battle timer is ON: inactive players will automatically lose when time's up. (requested by ElJulioGGs)\n|\n|t:|1776651045\n|teamsize|p1|3\n|teamsize|p2|3\n|start\n|switch|p1a: Sylveon|Sylveon, L50, F|100/100\n|switch|p2a: Lopunny|Lopunny, L50, F, shiny|100/100\n|turn|1\n|\n|t:|1776651052\n|move|p2a: Lopunny|Fake Out|p1a: Sylveon\n|-damage|p1a: Sylveon|84/100\n|cant|p1a: Sylveon|flinch\n|\n|upkeep\n|turn|2\n|\n|t:|1776651060\n|detailschange|p2a: Lopunny|Lopunny-Mega, L50, F, shiny\n|-mega|p2a: Lopunny|Lopunny|Lopunnite\n|move|p2a: Lopunny|U-turn|p1a: Sylveon\n|-resisted|p1a: Sylveon|1\n|-damage|p1a: Sylveon|67/100\n|\n|t:|1776651068\n|switch|p2a: Toxapex|Toxapex, L50, F, shiny|100/100|[from] U-turn\n|move|p1a: Sylveon|Hyper Voice|p2a: Toxapex\n|-resisted|p2a: Toxapex|1\n|-damage|p2a: Toxapex|74/100\n|\n|upkeep\n|turn|3\n|\n|t:|1776651079\n|move|p1a: Sylveon|Psychic|p2a: Toxapex\n|-supereffective|p2a: Toxapex|1\n|-damage|p2a: Toxapex|17/100\n|move|p2a: Toxapex|Chilling Water|p1a: Sylveon\n|-damage|p1a: Sylveon|58/100\n|-unboost|p1a: Sylveon|atk|1\n|\n|upkeep\n|turn|4\n|\n|t:|1776651090\n|switch|p2a: Skeledirge|Skeledirge, L50, F, shiny|100/100\n|move|p1a: Sylveon|Psychic|p2a: Skeledirge\n|-damage|p2a: Skeledirge|77/100\n|\n|upkeep\n|turn|5\n|\n|t:|1776651104\n|move|p2a: Skeledirge|Slack Off|p2a: Skeledirge\n|-heal|p2a: Skeledirge|100/100\n|move|p1a: Sylveon|Shadow Ball|p2a: Skeledirge\n|-supereffective|p2a: Skeledirge|1\n|-damage|p2a: Skeledirge|55/100\n|-unboost|p2a: Skeledirge|spd|1\n|\n|upkeep\n|turn|6\n|\n|t:|1776651112\n|switch|p2a: Lopunny|Lopunny-Mega, L50, F, shiny|100/100\n|move|p1a: Sylveon|Shadow Ball|p2a: Lopunny\n|-immune|p2a: Lopunny\n|\n|upkeep\n|turn|7\n|\n|t:|1776651118\n|switch|p1a: Garchomp|Garchomp, L50, M|100/100\n|move|p2a: Lopunny|Fake Out|p1a: Garchomp\n|-damage|p1a: Garchomp|78/100\n|-damage|p2a: Lopunny|89/100|[from] ability: Rough Skin|[of] p1a: Garchomp\n|\n|upkeep\n|turn|8\n|\n|t:|1776651125\n|move|p2a: Lopunny|Triple Axel|p1a: Garchomp\n|-supereffective|p1a: Garchomp|2\n|-damage|p1a: Garchomp|47/100\n|-damage|p2a: Lopunny|77/100|[from] ability: Rough Skin|[of] p1a: Garchomp\n|-supereffective|p1a: Garchomp|2\n|-damage|p1a: Garchomp|0 fnt\n|-damage|p2a: Lopunny|65/100|[from] ability: Rough Skin|[of] p1a: Garchomp\n|faint|p1a: Garchomp\n|-hitcount|p1: Garchomp|2\n|\n|upkeep\n|\n|t:|1776651134\n|switch|p1a: Sylveon|Sylveon, L50, F|58/100\n|turn|9\n|\n|t:|1776651158\n|move|p2a: Lopunny|Triple Axel|p1a: Sylveon\n|-damage|p1a: Sylveon|49/100\n|-damage|p1a: Sylveon|29/100\n|-damage|p1a: Sylveon|2/100\n|-hitcount|p1a: Sylveon|3\n|move|p1a: Sylveon|Psychic|p2a: Lopunny\n|-supereffective|p2a: Lopunny|1\n|-damage|p2a: Lopunny|0 fnt\n|faint|p2a: Lopunny\n|\n|upkeep\n|\n|t:|1776651170\n|switch|p2a: Skeledirge|Skeledirge, L50, F, shiny|55/100\n|turn|10\n|\n|t:|1776651176\n|move|p2a: Skeledirge|Torch Song|p1a: Sylveon\n|-damage|p1a: Sylveon|0 fnt\n|-boost|p2a: Skeledirge|spa|1\n|faint|p1a: Sylveon\n|\n|upkeep\n|\n|t:|1776651181\n|switch|p1a: Blastoise|Blastoise, L50, M|100/100\n|turn|11\n|\n|t:|1776651188\n|detailschange|p1a: Blastoise|Blastoise-Mega, L50, M\n|-mega|p1a: Blastoise|Blastoise|Blastoisinite\n|move|p1a: Blastoise|Surf|p2a: Skeledirge\n|-supereffective|p2a: Skeledirge|1\n|-damage|p2a: Skeledirge|0 fnt\n|faint|p2a: Skeledirge\n|\n|upkeep\n|\n|t:|1776651192\n|switch|p2a: Toxapex|Toxapex, L50, F, shiny|50/100\n|turn|12\n|\n|t:|1776651198\n|move|p1a: Blastoise|Dragon Pulse|p2a: Toxapex\n|-damage|p2a: Toxapex|11/100\n|move|p2a: Toxapex|Recover|p2a: Toxapex\n|-heal|p2a: Toxapex|62/100\n|\n|upkeep\n|turn|13\n|\n|t:|1776651204\n|move|p1a: Blastoise|Dragon Pulse|p2a: Toxapex\n|-damage|p2a: Toxapex|17/100\n|move|p2a: Toxapex|Recover|p2a: Toxapex\n|-heal|p2a: Toxapex|67/100\n|\n|upkeep\n|turn|14\n|\n|t:|1776651210\n|move|p1a: Blastoise|Dragon Pulse|p2a: Toxapex\n|-damage|p2a: Toxapex|24/100\n|move|p2a: Toxapex|Recover|p2a: Toxapex\n|-heal|p2a: Toxapex|74/100\n|\n|upkeep\n|turn|15\n|\n|t:|1776651215\n|move|p1a: Blastoise|Dragon Pulse|p2a: Toxapex\n|-damage|p2a: Toxapex|32/100\n|move|p2a: Toxapex|Recover|p2a: Toxapex\n|-heal|p2a: Toxapex|83/100\n|\n|upkeep\n|turn|16\n|\n|t:|1776651224\n|move|p1a: Blastoise|Dragon Pulse|p2a: Toxapex\n|-damage|p2a: Toxapex|39/100\n|move|p2a: Toxapex|Toxic|p1a: Blastoise\n|-status|p1a: Blastoise|tox\n|\n|-damage|p1a: Blastoise|95/100 tox|[from] psn\n|upkeep\n|turn|17\n|\n|t:|1776651230\n|move|p1a: Blastoise|Dragon Pulse|p2a: Toxapex\n|-damage|p2a: Toxapex|0 fnt\n|faint|p2a: Toxapex\n|\n|win|mega.CHIVA\n|raw|mega.CHIVA's rating: 1118 &rarr; <strong>1149</strong><br />(+31 for winning)\n|raw|ElJulioGGs's rating: 1205 &rarr; <strong>1174</strong><br />(-31 for losing)\n|l|\u2606ElJulioGGs\n|player|p2|\n",
  "uploadtime": 1776651237,
  "views": 1,
  "formatid": "gen9championsbssregma",
  "rating": 1149,
  "private": 0,
  "password": null
}