{
  "id": "gen9championsbssregma-2582509212",
  "format": "[Gen 9 Champions] BSS Reg M-A",
  "players": [
    "daascdson",
    "testsubject342"
  ],
  "log": "|j|\u2606daascdson\n|j|\u2606testsubject342\n|t:|1776096224\n|gametype|singles\n|player|p1|daascdson|picnicker|1178\n|player|p2|testsubject342|102|1346\n|gen|9\n|tier|[Gen 9 Champions] BSS Reg M-A\n|rated|\n|rule|Species Clause: Limit one of each Pok\u00e9mon\n|rule|Item Clause: Limit 1 of each item\n|clearpoke\n|poke|p1|Venusaur, L50, M|\n|poke|p1|Slowbro, L50, F|\n|poke|p1|Tyranitar, L50, F|\n|poke|p1|Hydreigon, L50, F|\n|poke|p1|Rotom-Wash, L50|\n|poke|p1|Scizor, L50, F|\n|poke|p2|Primarina, L50, F|\n|poke|p2|Garchomp, L50, F|\n|poke|p2|Venusaur, L50, M|\n|poke|p2|Gyarados, L50, M|\n|poke|p2|Corviknight, L50, M|\n|poke|p2|Rotom-Heat, L50|\n|teampreview|3\n|inactive|Battle timer is ON: inactive players will automatically lose when time's up. (requested by daascdson)\n|inactive|testsubject342 has 60 seconds left.\n|inactive|testsubject342 has 30 seconds left.\n|inactive|testsubject342 has 20 seconds left.\n|\n|t:|1776096300\n|teamsize|p1|3\n|teamsize|p2|3\n|start\n|switch|p1a: Slowbro|Slowbro, L50, F|100/100\n|switch|p2a: Corviknight|Corviknight, L50, M|100/100\n|-ability|p2a: Corviknight|Pressure\n|turn|1\n|\n|t:|1776096307\n|switch|p2a: Venusaur|Venusaur, L50, M|100/100\n|move|p1a: Slowbro|Scald|p2a: Venusaur\n|-resisted|p2a: Venusaur|1\n|-damage|p2a: Venusaur|87/100\n|-status|p2a: Venusaur|brn\n|\n|-damage|p2a: Venusaur|81/100 brn|[from] brn\n|upkeep\n|turn|2\n|\n|t:|1776096312\n|switch|p1a: Venusaur|Venusaur, L50, M|100/100\n|detailschange|p2a: Venusaur|Venusaur-Mega, L50, M\n|-mega|p2a: Venusaur|Venusaur|Venusaurite\n|move|p2a: Venusaur|Giga Drain|p1a: Venusaur\n|-resisted|p1a: Venusaur|2\n|-damage|p1a: Venusaur|91/100\n|-heal|p2a: Venusaur|86/100 brn|[from] drain|[of] p1a: Venusaur\n|\n|-damage|p2a: Venusaur|80/100 brn|[from] brn\n|upkeep\n|turn|3\n|\n|t:|1776096323\n|switch|p2a: Corviknight|Corviknight, L50, M|100/100\n|-ability|p2a: Corviknight|Pressure\n|detailschange|p1a: Venusaur|Venusaur-Mega, L50, M\n|-mega|p1a: Venusaur|Venusaur|Venusaurite\n|move|p1a: Venusaur|Giga Drain|p2a: Corviknight\n|-resisted|p2a: Corviknight|2\n|-damage|p2a: Corviknight|93/100\n|-heal|p1a: Venusaur|95/100|[from] drain|[of] p2a: Corviknight\n|\n|-heal|p2a: Corviknight|99/100|[from] item: Leftovers\n|upkeep\n|turn|4\n|\n|t:|1776096332\n|switch|p1a: Slowbro|Slowbro, L50, F|100/100\n|switch|p2a: Venusaur|Venusaur-Mega, L50, M|80/100 brn\n|\n|-damage|p2a: Venusaur|74/100 brn|[from] brn\n|upkeep\n|turn|5\n|\n|t:|1776096337\n|switch|p1a: Venusaur|Venusaur-Mega, L50, M|95/100\n|move|p2a: Venusaur|Sludge Wave|p1a: Venusaur\n|-damage|p1a: Venusaur|50/100\n|\n|-damage|p2a: Venusaur|68/100 brn|[from] brn\n|upkeep\n|turn|6\n|\n|t:|1776096341\n|switch|p2a: Corviknight|Corviknight, L50, M|99/100\n|-ability|p2a: Corviknight|Pressure\n|move|p1a: Venusaur|Synthesis|p1a: Venusaur\n|-heal|p1a: Venusaur|99/100\n|\n|-heal|p2a: Corviknight|100/100|[from] item: Leftovers\n|upkeep\n|turn|7\n|\n|t:|1776096348\n|switch|p1a: Slowbro|Slowbro, L50, F|100/100\n|move|p2a: Corviknight|Brave Bird|p1a: Slowbro\n|-crit|p1a: Slowbro\n|-damage|p1a: Slowbro|68/100\n|-damage|p2a: Corviknight|90/100|[from] Recoil\n|\n|-heal|p2a: Corviknight|96/100|[from] item: Leftovers\n|upkeep\n|turn|8\n|\n|t:|1776096352\n|switch|p2a: Primarina|Primarina, L50, F|100/100\n|switch|p1a: Venusaur|Venusaur-Mega, L50, M|99/100\n|\n|upkeep\n|turn|9\n|\n|t:|1776096357\n|switch|p1a: Slowbro|Slowbro, L50, F|100/100\n|switch|p2a: Corviknight|Corviknight, L50, M|96/100\n|-ability|p2a: Corviknight|Pressure\n|\n|-heal|p2a: Corviknight|100/100|[from] item: Leftovers\n|upkeep\n|turn|10\n|\n|t:|1776096362\n|switch|p2a: Venusaur|Venusaur-Mega, L50, M|68/100 brn\n|move|p1a: Slowbro|Scald|p2a: Venusaur\n|-resisted|p2a: Venusaur|1\n|-damage|p2a: Venusaur|57/100 brn\n|\n|-damage|p2a: Venusaur|51/100 brn|[from] brn\n|upkeep\n|turn|11\n|\n|t:|1776096371\n|switch|p1a: Venusaur|Venusaur-Mega, L50, M|99/100\n|move|p2a: Venusaur|Synthesis|p2a: Venusaur\n|-heal|p2a: Venusaur|100/100 brn\n|\n|-damage|p2a: Venusaur|95/100 brn|[from] brn\n|upkeep\n|turn|12\n|\n|t:|1776096379\n|switch|p2a: Corviknight|Corviknight, L50, M|100/100\n|-ability|p2a: Corviknight|Pressure\n|move|p1a: Venusaur|Sludge Wave|p2a: Corviknight\n|-immune|p2a: Corviknight\n|\n|upkeep\n|turn|13\n|\n|t:|1776096385\n|switch|p1a: Slowbro|Slowbro, L50, F|100/100\n|switch|p2a: Venusaur|Venusaur-Mega, L50, M|95/100 brn\n|\n|-damage|p2a: Venusaur|89/100 brn|[from] brn\n|upkeep\n|turn|14\n|\n|t:|1776096387\n|switch|p1a: Venusaur|Venusaur-Mega, L50, M|99/100\n|move|p2a: Venusaur|Sludge Wave|p1a: Venusaur\n|-damage|p1a: Venusaur|56/100\n|\n|-damage|p2a: Venusaur|83/100 brn|[from] brn\n|upkeep\n|turn|15\n|\n|t:|1776096392\n|move|p1a: Venusaur|Synthesis|p1a: Venusaur\n|-heal|p1a: Venusaur|100/100\n|move|p2a: Venusaur|Sludge Wave|p1a: Venusaur\n|-damage|p1a: Venusaur|60/100\n|\n|-damage|p2a: Venusaur|77/100 brn|[from] brn\n|upkeep\n|turn|16\n|\n|t:|1776096400\n|switch|p1a: Slowbro|Slowbro, L50, F|100/100\n|switch|p2a: Corviknight|Corviknight, L50, M|100/100\n|-ability|p2a: Corviknight|Pressure\n|\n|upkeep\n|turn|17\n|\n|t:|1776096411\n|switch|p2a: Primarina|Primarina, L50, F|100/100\n|move|p1a: Slowbro|Iron Defense|p1a: Slowbro\n|-boost|p1a: Slowbro|def|2\n|\n|upkeep\n|turn|18\n|\n|t:|1776096415\n|move|p2a: Primarina|Moonblast|p1a: Slowbro\n|-damage|p1a: Slowbro|48/100\n|-enditem|p1a: Slowbro|Sitrus Berry|[eat]\n|-heal|p1a: Slowbro|73/100|[from] item: Sitrus Berry\n|move|p1a: Slowbro|Scald|p2a: Primarina\n|-resisted|p2a: Primarina|1\n|-damage|p2a: Primarina|88/100\n|\n|upkeep\n|turn|19\n|\n|t:|1776096420\n|move|p2a: Primarina|Moonblast|p1a: Slowbro\n|-damage|p1a: Slowbro|24/100\n|-unboost|p1a: Slowbro|spa|1\n|move|p1a: Slowbro|Slack Off|p1a: Slowbro\n|-heal|p1a: Slowbro|74/100\n|\n|upkeep\n|turn|20\n|\n|t:|1776096426\n|move|p2a: Primarina|Moonblast|p1a: Slowbro\n|-damage|p1a: Slowbro|17/100\n|move|p1a: Slowbro|Slack Off|p1a: Slowbro\n|-heal|p1a: Slowbro|67/100\n|\n|upkeep\n|turn|21\n|\n|t:|1776096430\n|switch|p2a: Venusaur|Venusaur-Mega, L50, M|77/100 brn\n|switch|p1a: Venusaur|Venusaur-Mega, L50, M|60/100\n|\n|-damage|p2a: Venusaur|71/100 brn|[from] brn\n|upkeep\n|turn|22\n|\n|t:|1776096434\n|move|p1a: Venusaur|Sludge Wave|p2a: Venusaur\n|-damage|p2a: Venusaur|36/100 brn\n|move|p2a: Venusaur|Sludge Wave|p1a: Venusaur\n|-damage|p1a: Venusaur|19/100\n|\n|-damage|p2a: Venusaur|30/100 brn|[from] brn\n|upkeep\n|turn|23\n|\n|t:|1776096438\n|switch|p2a: Corviknight|Corviknight, L50, M|100/100\n|-ability|p2a: Corviknight|Pressure\n|move|p1a: Venusaur|Synthesis|p1a: Venusaur\n|-heal|p1a: Venusaur|69/100\n|\n|upkeep\n|turn|24\n|\n|t:|1776096448\n|switch|p2a: Venusaur|Venusaur-Mega, L50, M|30/100 brn\n|move|p1a: Venusaur|Synthesis|p1a: Venusaur\n|-heal|p1a: Venusaur|100/100\n|\n|-damage|p2a: Venusaur|24/100 brn|[from] brn\n|upkeep\n|turn|25\n|\n|t:|1776096452\n|switch|p2a: Corviknight|Corviknight, L50, M|100/100\n|-ability|p2a: Corviknight|Pressure\n|move|p1a: Venusaur|Sludge Wave|p2a: Corviknight\n|-immune|p2a: Corviknight\n|\n|upkeep\n|turn|26\n|\n|t:|1776096455\n|move|p1a: Venusaur|Giga Drain|p2a: Corviknight\n|-resisted|p2a: Corviknight|2\n|-damage|p2a: Corviknight|93/100\n|move|p2a: Corviknight|Brave Bird|p1a: Venusaur\n|-supereffective|p1a: Venusaur|1\n|-damage|p1a: Venusaur|48/100\n|-damage|p2a: Corviknight|77/100|[from] Recoil\n|\n|-heal|p2a: Corviknight|83/100|[from] item: Leftovers\n|upkeep\n|turn|27\n|\n|t:|1776096458\n|switch|p1a: Slowbro|Slowbro, L50, F|100/100\n|move|p2a: Corviknight|Brave Bird|p1a: Slowbro\n|-damage|p1a: Slowbro|78/100\n|-damage|p2a: Corviknight|76/100|[from] Recoil\n|\n|-heal|p2a: Corviknight|81/100|[from] item: Leftovers\n|upkeep\n|turn|28\n|\n|t:|1776096462\n|switch|p2a: Venusaur|Venusaur-Mega, L50, M|24/100 brn\n|move|p1a: Slowbro|Ice Beam|p2a: Venusaur\n|-supereffective|p2a: Venusaur|1\n|-damage|p2a: Venusaur|7/100 brn\n|\n|-damage|p2a: Venusaur|1/100 brn|[from] brn\n|upkeep\n|turn|29\n|\n|t:|1776096473\n|switch|p1a: Venusaur|Venusaur-Mega, L50, M|48/100\n|move|p2a: Venusaur|Synthesis|p2a: Venusaur\n|-heal|p2a: Venusaur|51/100 brn\n|\n|-damage|p2a: Venusaur|45/100 brn|[from] brn\n|upkeep\n|turn|30\n|\n|t:|1776096476\n|switch|p2a: Corviknight|Corviknight, L50, M|81/100\n|-ability|p2a: Corviknight|Pressure\n|move|p1a: Venusaur|Synthesis|p1a: Venusaur\n|-heal|p1a: Venusaur|98/100\n|\n|-heal|p2a: Corviknight|87/100|[from] item: Leftovers\n|upkeep\n|turn|31\n|\n|t:|1776096482\n|switch|p1a: Slowbro|Slowbro, L50, F|100/100\n|move|p2a: Corviknight|Brave Bird|p1a: Slowbro\n|-damage|p1a: Slowbro|76/100\n|-damage|p2a: Corviknight|80/100|[from] Recoil\n|\n|-heal|p2a: Corviknight|85/100|[from] item: Leftovers\n|upkeep\n|turn|32\n|\n|t:|1776096488\n|switch|p2a: Primarina|Primarina, L50, F|88/100\n|move|p1a: Slowbro|Ice Beam|p2a: Primarina\n|-resisted|p2a: Primarina|1\n|-damage|p2a: Primarina|79/100\n|\n|upkeep\n|turn|33\n|j| The Educated Fool\n|\n|t:|1776096493\n|switch|p1a: Venusaur|Venusaur-Mega, L50, M|98/100\n|move|p2a: Primarina|Moonblast|p1a: Venusaur\n|-resisted|p1a: Venusaur|1\n|-damage|p1a: Venusaur|77/100\n|-unboost|p1a: Venusaur|spa|1\n|\n|upkeep\n|turn|34\n|\n|t:|1776096496\n|switch|p1a: Slowbro|Slowbro, L50, F|100/100\n|switch|p2a: Venusaur|Venusaur-Mega, L50, M|45/100 brn\n|\n|-damage|p2a: Venusaur|39/100 brn|[from] brn\n|upkeep\n|turn|35\n|\n|t:|1776096501\n|switch|p1a: Venusaur|Venusaur-Mega, L50, M|77/100\n|move|p2a: Venusaur|Synthesis|p2a: Venusaur\n|-heal|p2a: Venusaur|89/100 brn\n|\n|-damage|p2a: Venusaur|83/100 brn|[from] brn\n|upkeep\n|turn|36\n|\n|t:|1776096504\n|switch|p1a: Tyranitar|Tyranitar, L50, F|100/100\n|-weather|Sandstorm|[from] ability: Sand Stream|[of] p1a: Tyranitar\n|move|p2a: Venusaur|Sludge Wave|p1a: Tyranitar\n|-resisted|p1a: Tyranitar|1\n|-damage|p1a: Tyranitar|85/100\n|\n|-weather|Sandstorm|[upkeep]\n|-damage|p2a: Venusaur|77/100 brn|[from] Sandstorm\n|-heal|p1a: Tyranitar|92/100|[from] item: Leftovers\n|-damage|p2a: Venusaur|71/100 brn|[from] brn\n|upkeep\n|turn|37\n|\n|t:|1776096513\n|switch|p2a: Corviknight|Corviknight, L50, M|85/100\n|-ability|p2a: Corviknight|Pressure\n|move|p1a: Tyranitar|Rock Slide|p2a: Corviknight\n|-damage|p2a: Corviknight|56/100\n|\n|-weather|Sandstorm|[upkeep]\n|-heal|p1a: Tyranitar|98/100|[from] item: Leftovers\n|-heal|p2a: Corviknight|61/100|[from] item: Leftovers\n|upkeep\n|turn|38\n|\n|t:|1776096520\n|switch|p1a: Venusaur|Venusaur-Mega, L50, M|77/100\n|move|p2a: Corviknight|Roost|p2a: Corviknight\n|-heal|p2a: Corviknight|100/100\n|-singleturn|p2a: Corviknight|move: Roost\n|\n|-weather|Sandstorm|[upkeep]\n|-damage|p1a: Venusaur|71/100|[from] Sandstorm\n|upkeep\n|turn|39\n|\n|t:|1776096525\n|move|p1a: Venusaur|Giga Drain|p2a: Corviknight\n|-resisted|p2a: Corviknight|2\n|-damage|p2a: Corviknight|94/100\n|-heal|p1a: Venusaur|75/100|[from] drain|[of] p2a: Corviknight\n|move|p2a: Corviknight|Brave Bird|p1a: Venusaur\n|-supereffective|p1a: Venusaur|1\n|-damage|p1a: Venusaur|20/100\n|-damage|p2a: Corviknight|77/100|[from] Recoil\n|\n|-weather|Sandstorm|[upkeep]\n|-damage|p1a: Venusaur|14/100|[from] Sandstorm\n|-heal|p2a: Corviknight|83/100|[from] item: Leftovers\n|upkeep\n|turn|40\n|\n|t:|1776096532\n|switch|p1a: Tyranitar|Tyranitar, L50, F|98/100\n|switch|p2a: Venusaur|Venusaur-Mega, L50, M|71/100 brn\n|\n|-weather|none\n|-heal|p1a: Tyranitar|100/100|[from] item: Leftovers\n|-damage|p2a: Venusaur|65/100 brn|[from] brn\n|upkeep\n|turn|41\n|\n|t:|1776096539\n|switch|p1a: Slowbro|Slowbro, L50, F|100/100\n|move|p2a: Venusaur|Giga Drain|p1a: Slowbro\n|-supereffective|p1a: Slowbro|1\n|-damage|p1a: Slowbro|17/100\n|-heal|p2a: Venusaur|100/100 brn|[from] drain|[of] p1a: Slowbro\n|\n|-damage|p2a: Venusaur|95/100 brn|[from] brn\n|upkeep\n|turn|42\n|\n|t:|1776096542\n|switch|p1a: Tyranitar|Tyranitar, L50, F|100/100\n|-weather|Sandstorm|[from] ability: Sand Stream|[of] p1a: Tyranitar\n|move|p2a: Venusaur|Sludge Wave|p1a: Tyranitar\n|-resisted|p1a: Tyranitar|1\n|-damage|p1a: Tyranitar|85/100\n|-status|p1a: Tyranitar|psn\n|\n|-weather|Sandstorm|[upkeep]\n|-damage|p2a: Venusaur|89/100 brn|[from] Sandstorm\n|-heal|p1a: Tyranitar|92/100 psn|[from] item: Leftovers\n|-damage|p1a: Tyranitar|79/100 psn|[from] psn\n|-damage|p2a: Venusaur|83/100 brn|[from] brn\n|upkeep\n|turn|43\n|\n|t:|1776096545\n|switch|p2a: Corviknight|Corviknight, L50, M|83/100\n|-ability|p2a: Corviknight|Pressure\n|switch|p1a: Slowbro|Slowbro, L50, F|50/100\n|\n|-weather|Sandstorm|[upkeep]\n|-damage|p1a: Slowbro|44/100|[from] Sandstorm\n|-heal|p2a: Corviknight|89/100|[from] item: Leftovers\n|upkeep\n|turn|44\n|\n|t:|1776096554\n|switch|p2a: Venusaur|Venusaur-Mega, L50, M|83/100 brn\n|switch|p1a: Tyranitar|Tyranitar, L50, F|79/100 psn\n|\n|-weather|Sandstorm|[upkeep]\n|-damage|p2a: Venusaur|77/100 brn|[from] Sandstorm\n|-heal|p1a: Tyranitar|85/100 psn|[from] item: Leftovers\n|-damage|p1a: Tyranitar|73/100 psn|[from] psn\n|-damage|p2a: Venusaur|71/100 brn|[from] brn\n|upkeep\n|turn|45\n|\n|t:|1776096561\n|switch|p1a: Venusaur|Venusaur-Mega, L50, M|14/100\n|move|p2a: Venusaur|Giga Drain|p1a: Venusaur\n|-resisted|p1a: Venusaur|2\n|-damage|p1a: Venusaur|7/100\n|-heal|p2a: Venusaur|75/100 brn|[from] drain|[of] p1a: Venusaur\n|\n|-weather|Sandstorm|[upkeep]\n|-damage|p1a: Venusaur|1/100|[from] Sandstorm\n|-damage|p2a: Venusaur|69/100 brn|[from] Sandstorm\n|-damage|p2a: Venusaur|63/100 brn|[from] brn\n|upkeep\n|turn|46\n|\n|t:|1776096566\n|move|p1a: Venusaur|Synthesis|p1a: Venusaur\n|-heal|p1a: Venusaur|26/100\n|move|p2a: Venusaur|Sludge Wave|p1a: Venusaur\n|-damage|p1a: Venusaur|0 fnt\n|faint|p1a: Venusaur\n|\n|-weather|none\n|-damage|p2a: Venusaur|57/100 brn|[from] brn\n|upkeep\n|-message|daascdson forfeited.\n|\n|win|testsubject342\n|raw|daascdson's rating: 1178 &rarr; <strong>1164</strong><br />(-14 for losing)\n|raw|testsubject342's rating: 1346 &rarr; <strong>1357</strong><br />(+11 for winning)\n|l|\u2606daascdson\n|player|p1|\n|l|\u2606testsubject342\n|player|p2|\n",
  "uploadtime": 1776096578,
  "views": 4,
  "formatid": "gen9championsbssregma",
  "rating": 1164,
  "private": 0,
  "password": null
}