{
  "id": "gen9championsbssregma-2582789885",
  "format": "[Gen 9 Champions] BSS Reg M-A",
  "players": [
    "phifth",
    "Avaday17"
  ],
  "log": "|j|\u2606phifth\n|j|\u2606Avaday17\n|t:|1776114303\n|gametype|singles\n|player|p1|phifth|rosa|1067\n|player|p2|Avaday17|wattson|1000\n|gen|9\n|tier|[Gen 9 Champions] BSS Reg M-A\n|rated|\n|rule|Species Clause: Limit one of each Pok\u00e9mon\n|rule|Item Clause: Limit 1 of each item\n|clearpoke\n|poke|p1|Gliscor, L50, M|\n|poke|p1|Tyranitar, L50, M|\n|poke|p1|Meganium, L50, M|\n|poke|p1|Archaludon, L50, F|\n|poke|p1|Excadrill, L50, F|\n|poke|p1|Glimmora, L50, F|\n|poke|p2|Charizard, L50, F|\n|poke|p2|Hippowdon, L50, M|\n|poke|p2|Clefable, L50, M|\n|poke|p2|Kingambit, L50, M|\n|poke|p2|Rotom-Wash, L50|\n|poke|p2|Meowscarada, L50, M|\n|teampreview|3\n|\n|t:|1776114347\n|teamsize|p1|3\n|teamsize|p2|3\n|start\n|switch|p1a: Meganium|Meganium, L50, M|100/100\n|switch|p2a: Meowscarada|Meowscarada, L50, M|100/100\n|turn|1\n|\n|t:|1776114358\n|detailschange|p1a: Meganium|Meganium-Mega, L50, M\n|-mega|p1a: Meganium|Meganium|Meganiumite\n|move|p2a: Meowscarada|U-turn|p1a: Meganium\n|-start|p2a: Meowscarada|typechange|Bug|[from] ability: Protean\n|-damage|p1a: Meganium|72/100\n|\n|t:|1776114364\n|switch|p2a: Charizard|Charizard, L50, F|100/100|[from] U-turn\n|move|p1a: Meganium|Weather Ball|p2a: Charizard\n|-resisted|p2a: Charizard|1\n|-damage|p2a: Charizard|59/100\n|\n|upkeep\n|turn|2\n|\n|t:|1776114379\n|detailschange|p2a: Charizard|Charizard-Mega-Y, L50, F\n|-mega|p2a: Charizard|Charizard|Charizardite Y\n|-weather|SunnyDay|[from] ability: Drought|[of] p2a: Charizard\n|move|p2a: Charizard|Overheat|p1a: Meganium\n|-supereffective|p1a: Meganium|1\n|-damage|p1a: Meganium|0 fnt\n|-unboost|p2a: Charizard|spa|2\n|faint|p1a: Meganium\n|\n|-weather|SunnyDay|[upkeep]\n|upkeep\n|\n|t:|1776114388\n|switch|p1a: Tyranitar|Tyranitar, L50, M|100/100\n|-weather|Sandstorm|[from] ability: Sand Stream|[of] p1a: Tyranitar\n|turn|3\n|\n|t:|1776114401\n|switch|p2a: Meowscarada|Meowscarada, L50, M|100/100\n|switch|p1a: Excadrill|Excadrill, L50, F|100/100\n|\n|-weather|Sandstorm|[upkeep]\n|-damage|p2a: Meowscarada|95/100|[from] Sandstorm\n|upkeep\n|turn|4\n|\n|t:|1776114414\n|move|p1a: Excadrill|Poison Jab|p2a: Meowscarada\n|-supereffective|p2a: Meowscarada|1\n|-damage|p2a: Meowscarada|0 fnt\n|faint|p2a: Meowscarada\n|\n|-weather|Sandstorm|[upkeep]\n|upkeep\n|\n|t:|1776114425\n|switch|p2a: Kingambit|Kingambit, L50, M|100/100\n|-activate|p2a: Kingambit|ability: Supreme Overlord\n|-start|p2a: Kingambit|fallen1|[silent]\n|turn|5\n|\n|t:|1776114438\n|move|p2a: Kingambit|Sucker Punch||[still]\n|-fail|p2a: Kingambit\n|move|p1a: Excadrill|Swords Dance|p1a: Excadrill\n|-boost|p1a: Excadrill|atk|2\n|\n|-weather|Sandstorm|[upkeep]\n|upkeep\n|turn|6\n|\n|t:|1776114451\n|move|p1a: Excadrill|Swords Dance|p1a: Excadrill\n|-boost|p1a: Excadrill|atk|2\n|move|p2a: Kingambit|Swords Dance|p2a: Kingambit\n|-boost|p2a: Kingambit|atk|2\n|\n|-weather|Sandstorm|[upkeep]\n|upkeep\n|turn|7\n|\n|t:|1776114459\n|move|p2a: Kingambit|Sucker Punch|p1a: Excadrill\n|-enditem|p1a: Excadrill|Focus Sash\n|-damage|p1a: Excadrill|1/100\n|move|p1a: Excadrill|Earthquake|p2a: Kingambit\n|-supereffective|p2a: Kingambit|1\n|-damage|p2a: Kingambit|0 fnt\n|faint|p2a: Kingambit\n|-end|p2a: Kingambit|fallen1|[silent]\n|\n|-weather|none\n|upkeep\n|\n|t:|1776114467\n|switch|p2a: Charizard|Charizard-Mega-Y, L50, F|59/100\n|-weather|SunnyDay|[from] ability: Drought|[of] p2a: Charizard\n|turn|8\n|\n|t:|1776114475\n|switch|p1a: Tyranitar|Tyranitar, L50, M|100/100\n|-weather|Sandstorm|[from] ability: Sand Stream|[of] p1a: Tyranitar\n|move|p2a: Charizard|Scorching Sands|p1a: Tyranitar\n|-supereffective|p1a: Tyranitar|1\n|-damage|p1a: Tyranitar|76/100\n|\n|-weather|Sandstorm|[upkeep]\n|-damage|p2a: Charizard|53/100|[from] Sandstorm\n|upkeep\n|turn|9\n|c|\u2606phifth|gg\n|\n|t:|1776114487\n|move|p2a: Charizard|Scorching Sands|p1a: Tyranitar\n|-supereffective|p1a: Tyranitar|1\n|-damage|p1a: Tyranitar|52/100\n|-status|p1a: Tyranitar|brn\n|move|p1a: Tyranitar|Rock Slide|p2a: Charizard\n|-supereffective|p2a: Charizard|2\n|-crit|p2a: Charizard\n|-damage|p2a: Charizard|0 fnt\n|faint|p2a: Charizard\n|\n|win|phifth\n|raw|phifth's rating: 1067 &rarr; <strong>1091</strong><br />(+24 for winning)\n|raw|Avaday17's rating: 1000 &rarr; <strong>1000</strong><br />(+0 for losing)\n|c|\u2606Avaday17|gg\n",
  "uploadtime": 1776114498,
  "views": 14,
  "formatid": "gen9championsbssregma",
  "rating": 1000,
  "private": 0,
  "password": null
}