{
  "id": "gen9championsbssregma-2584177351",
  "format": "[Gen 9 Champions] BSS Reg M-A",
  "players": [
    "MondeInferieur",
    "baisheng"
  ],
  "log": "|j|\u2606MondeInferieur\n|j|\u2606baisheng\n|t:|1776234649\n|gametype|singles\n|player|p1|MondeInferieur|nate|1287\n|player|p2|baisheng|169|1402\n|gen|9\n|tier|[Gen 9 Champions] BSS Reg M-A\n|rated|\n|rule|Species Clause: Limit one of each Pok\u00e9mon\n|rule|Item Clause: Limit 1 of each item\n|clearpoke\n|poke|p1|Meganium, L50, F|\n|poke|p1|Aegislash, L50, F|\n|poke|p1|Dragonite, L50, F|\n|poke|p1|Kleavor, L50, F|\n|poke|p1|Lopunny, L50, M|\n|poke|p1|Garchomp, L50, M|\n|poke|p2|Archaludon, L50, M|\n|poke|p2|Starmie, L50|\n|poke|p2|Garchomp, L50, F|\n|poke|p2|Floette-Eternal, L50, F|\n|poke|p2|Corviknight, L50, M|\n|poke|p2|Meowscarada, L50, M|\n|teampreview|3\n|\n|t:|1776234669\n|teamsize|p1|3\n|teamsize|p2|3\n|start\n|switch|p1a: Sweep|Dragonite, L50, F|100/100\n|switch|p2a: Archaludon|Archaludon, L50, M|100/100\n|turn|1\n|\n|t:|1776234676\n|move|p1a: Sweep|Dragon Dance|p1a: Sweep\n|-boost|p1a: Sweep|atk|1\n|-boost|p1a: Sweep|spe|1\n|move|p2a: Archaludon|Stealth Rock|p1a: Sweep\n|-sidestart|p1: MondeInferieur|move: Stealth Rock\n|\n|upkeep\n|turn|2\n|\n|t:|1776234683\n|move|p1a: Sweep|Earthquake|p2a: Archaludon\n|-supereffective|p2a: Archaludon|1\n|-damage|p2a: Archaludon|13/100\n|-ability|p2a: Archaludon|Stamina|boost\n|-boost|p2a: Archaludon|def|1\n|-enditem|p2a: Archaludon|Sitrus Berry|[eat]\n|-heal|p2a: Archaludon|38/100|[from] item: Sitrus Berry\n|move|p2a: Archaludon|Dragon Tail|p1a: Sweep\n|-supereffective|p1a: Sweep|1\n|-damage|p1a: Sweep|75/100\n|drag|p1a: Wallmexico|Aegislash, L50, F|100/100\n|-damage|p1a: Wallmexico|95/100|[from] Stealth Rock\n|\n|-heal|p1a: Wallmexico|100/100|[from] item: Leftovers\n|upkeep\n|turn|3\n|\n|t:|1776234698\n|-formechange|p1a: Wallmexico|Aegislash-Blade|\n|move|p1a: Wallmexico|Shadow Ball|p2a: Archaludon\n|-damage|p2a: Archaludon|0 fnt\n|faint|p2a: Archaludon\n|\n|upkeep\n|\n|t:|1776234704\n|switch|p2a: Garchomp|Garchomp, L50, F|100/100\n|turn|4\n|\n|t:|1776234710\n|-formechange|p1a: Wallmexico|Aegislash|\n|move|p1a: Wallmexico|King's Shield|p1a: Wallmexico\n|-singleturn|p1a: Wallmexico|Protect\n|move|p2a: Garchomp|Earthquake|p1a: Wallmexico\n|-activate|p1a: Wallmexico|move: Protect\n|\n|upkeep\n|turn|5\n|\n|t:|1776234721\n|switch|p2a: Starmie|Starmie, L50|100/100\n|switch|p1a: Gaypride|Meganium, L50, F|100/100\n|-damage|p1a: Gaypride|88/100|[from] Stealth Rock\n|\n|upkeep\n|turn|6\n|\n|t:|1776234730\n|detailschange|p2a: Starmie|Starmie-Mega, L50\n|-mega|p2a: Starmie|Starmie|Starminite\n|detailschange|p1a: Gaypride|Meganium-Mega, L50, F\n|-mega|p1a: Gaypride|Meganium|Meganiumite\n|move|p2a: Starmie|Ice Spinner|p1a: Gaypride\n|-supereffective|p1a: Gaypride|1\n|-damage|p1a: Gaypride|0 fnt\n|faint|p1a: Gaypride\n|\n|upkeep\n|\n|t:|1776234740\n|switch|p1a: Wallmexico|Aegislash, L50, F|100/100\n|-damage|p1a: Wallmexico|95/100|[from] Stealth Rock\n|turn|7\n|\n|t:|1776234752\n|move|p2a: Starmie|Liquidation|p1a: Wallmexico\n|-damage|p1a: Wallmexico|28/100\n|-formechange|p1a: Wallmexico|Aegislash-Blade|\n|move|p1a: Wallmexico|Shadow Ball|p2a: Starmie\n|-supereffective|p2a: Starmie|1\n|-crit|p2a: Starmie\n|-damage|p2a: Starmie|0 fnt\n|faint|p2a: Starmie\n|\n|-heal|p1a: Wallmexico|34/100|[from] item: Leftovers\n|upkeep\n|\n|t:|1776234756\n|switch|p2a: Garchomp|Garchomp, L50, F|100/100\n|turn|8\n|\n|t:|1776234765\n|-formechange|p1a: Wallmexico|Aegislash|\n|move|p1a: Wallmexico|King's Shield|p1a: Wallmexico\n|-singleturn|p1a: Wallmexico|Protect\n|move|p2a: Garchomp|Outrage|p1a: Wallmexico\n|-activate|p1a: Wallmexico|move: Protect\n|-unboost|p2a: Garchomp|atk|1\n|\n|-heal|p1a: Wallmexico|40/100|[from] item: Leftovers\n|upkeep\n|turn|9\n|\n|t:|1776234777\n|-formechange|p1a: Wallmexico|Aegislash-Blade|\n|move|p1a: Wallmexico|Shadow Sneak|p2a: Garchomp\n|-damage|p2a: Garchomp|82/100\n|-damage|p1a: Wallmexico|28/100|[from] ability: Rough Skin|[of] p2a: Garchomp\n|move|p2a: Garchomp|Outrage|p1a: Wallmexico\n|-resisted|p1a: Wallmexico|1\n|-damage|p1a: Wallmexico|0 fnt\n|faint|p1a: Wallmexico\n|\n|upkeep\n|\n|t:|1776234787\n|switch|p1a: Sweep|Dragonite, L50, F|75/100\n|-damage|p1a: Sweep|50/100|[from] Stealth Rock\n|turn|10\n|\n|t:|1776234792\n|move|p2a: Garchomp|Outrage|p1a: Sweep|[from] lockedmove\n|-supereffective|p1a: Sweep|1\n|-crit|p1a: Sweep\n|-damage|p1a: Sweep|0 fnt\n|faint|p1a: Sweep\n|-start|p2a: Garchomp|confusion|[fatigue]\n|\n|win|baisheng\n|raw|MondeInferieur's rating: 1287 &rarr; <strong>1270</strong><br />(-17 for losing)\n|raw|baisheng's rating: 1402 &rarr; <strong>1416</strong><br />(+14 for winning)\n|l|\u2606baisheng\n|player|p2|\n|l|\u2606MondeInferieur\n|player|p1|\n",
  "uploadtime": 1776234800,
  "views": 20,
  "formatid": "gen9championsbssregma",
  "rating": 1270,
  "private": 0,
  "password": null
}