{
  "id": "gen9championsbssregma-2583224964",
  "format": "[Gen 9 Champions] BSS Reg M-A",
  "players": [
    "fletchyfletchy",
    "pkmnallrounder"
  ],
  "log": "|j|\u2606fletchyfletchy\n|j|\u2606pkmnallrounder\n|t:|1776156728\n|gametype|singles\n|player|p1|fletchyfletchy|liko|1053\n|player|p2|pkmnallrounder|266|1149\n|gen|9\n|tier|[Gen 9 Champions] BSS Reg M-A\n|rated|\n|rule|Species Clause: Limit one of each Pok\u00e9mon\n|rule|Item Clause: Limit 1 of each item\n|clearpoke\n|poke|p1|Aegislash, L50, M|\n|poke|p1|Basculegion, L50, M|\n|poke|p1|Sneasler, L50, M|\n|poke|p1|Meganium, L50, M|\n|poke|p1|Kangaskhan, L50, F|\n|poke|p1|Volcarona, L50, M|\n|poke|p2|Emboar, L50, F|\n|poke|p2|Primarina, L50, M|\n|poke|p2|Victreebel, L50, F|\n|poke|p2|Hydrapple, L50, M|\n|poke|p2|Lycanroc-Midnight, L50, F|\n|poke|p2|Basculegion, L50, M|\n|teampreview|3\n|\n|t:|1776156759\n|teamsize|p1|3\n|teamsize|p2|3\n|start\n|switch|p1a: Sneasler|Sneasler, L50, M|100/100\n|switch|p2a: Primarina|Primarina, L50, M|100/100\n|turn|1\n|\n|t:|1776156771\n|move|p1a: Sneasler|Swords Dance|p1a: Sneasler\n|-boost|p1a: Sneasler|atk|2\n|move|p2a: Primarina|Moonblast|p1a: Sneasler\n|-damage|p1a: Sneasler|23/100\n|\n|upkeep\n|turn|2\n|\n|t:|1776156786\n|move|p1a: Sneasler|Dire Claw|p2a: Primarina\n|-supereffective|p2a: Primarina|1\n|-damage|p2a: Primarina|0 fnt\n|faint|p2a: Primarina\n|\n|upkeep\n|\n|t:|1776156789\n|switch|p2a: Basculegion|Basculegion, L50, M|100/100\n|turn|3\n|\n|t:|1776156795\n|move|p2a: Basculegion|Flip Turn|p1a: Sneasler\n|-damage|p1a: Sneasler|0 fnt\n|faint|p1a: Sneasler\n|\n|t:|1776156797\n|switch|p2a: Emboar|Emboar, L50, F|100/100|[from] Flip Turn\n|\n|upkeep\n|\n|t:|1776156811\n|switch|p1a: Kangaskhan|Kangaskhan, L50, F|100/100\n|turn|4\n|\n|t:|1776156831\n|switch|p1a: Basculegion|Basculegion, L50, M|100/100\n|detailschange|p2a: Emboar|Emboar-Mega, L50, F\n|-mega|p2a: Emboar|Emboar|Emboarite\n|-ability|p2a: Emboar|Mold Breaker\n|move|p2a: Emboar|Drain Punch|p1a: Basculegion\n|-immune|p1a: Basculegion\n|\n|upkeep\n|turn|5\n|\n|t:|1776156843\n|switch|p2a: Basculegion|Basculegion, L50, M|100/100\n|move|p1a: Basculegion|Wave Crash|p2a: Basculegion\n|-resisted|p2a: Basculegion|1\n|-damage|p2a: Basculegion|45/100\n|-damage|p1a: Basculegion|82/100|[from] Recoil\n|\n|upkeep\n|turn|6\n|\n|t:|1776156859\n|move|p2a: Basculegion|Wave Crash|p1a: Basculegion\n|-resisted|p1a: Basculegion|1\n|-damage|p1a: Basculegion|31/100\n|-damage|p2a: Basculegion|28/100|[from] Recoil\n|move|p1a: Basculegion|Wave Crash|p2a: Basculegion\n|-resisted|p2a: Basculegion|1\n|-damage|p2a: Basculegion|0 fnt\n|faint|p2a: Basculegion\n|-damage|p1a: Basculegion|22/100|[from] Recoil\n|\n|upkeep\n|\n|t:|1776156862\n|switch|p2a: Emboar|Emboar-Mega, L50, F|100/100\n|-ability|p2a: Emboar|Mold Breaker\n|turn|7\n|\n|t:|1776156866\n|move|p1a: Basculegion|Wave Crash|p2a: Emboar\n|-supereffective|p2a: Emboar|1\n|-damage|p2a: Emboar|0 fnt\n|faint|p2a: Emboar\n|-damage|p1a: Basculegion|0 fnt|[from] Recoil\n|faint|p1a: Basculegion\n|\n|win|fletchyfletchy\n|raw|fletchyfletchy's rating: 1053 &rarr; <strong>1094</strong><br />(+41 for winning)\n|raw|pkmnallrounder's rating: 1149 &rarr; <strong>1117</strong><br />(-32 for losing)\n",
  "uploadtime": 1776156866,
  "views": 6,
  "formatid": "gen9championsbssregma",
  "rating": 1094,
  "private": 0,
  "password": null
}