{
  "id": "gen9championsbssregma-2587791772",
  "format": "[Gen 9 Champions] BSS Reg M-A",
  "players": [
    "dialestdial",
    "jiiiiima"
  ],
  "log": "|j|\u2606dialestdial\n|j|\u2606jiiiiima\n|t:|1776564423\n|gametype|singles\n|player|p1|dialestdial|plasmagruntf|1279\n|player|p2|jiiiiima|102|1223\n|gen|9\n|tier|[Gen 9 Champions] BSS Reg M-A\n|rated|\n|rule|Species Clause: Limit one of each Pok\u00e9mon\n|rule|Item Clause: Limit 1 of each item\n|clearpoke\n|poke|p1|Floette-Eternal, L50, F|\n|poke|p1|Sneasler, L50, M, shiny|\n|poke|p1|Meowscarada, L50, F|\n|poke|p1|Basculegion, L50, M|\n|poke|p1|Clefable, L50, F, shiny|\n|poke|p1|Venusaur, L50, M|\n|poke|p2|Lucario, L50, F|\n|poke|p2|Sylveon, L50, M|\n|poke|p2|Garchomp, L50, F|\n|poke|p2|Venusaur, L50, M|\n|poke|p2|Skeledirge, L50, F|\n|poke|p2|Aegislash, L50, M|\n|teampreview|3\n|inactive|Battle timer is ON: inactive players will automatically lose when time's up. (requested by dialestdial)\n|inactive|dialestdial has 60 seconds left.\n|inactive|jiiiiima has 60 seconds left.\n|\n|t:|1776564476\n|teamsize|p1|3\n|teamsize|p2|3\n|start\n|switch|p1a: Meowscarada|Meowscarada, L50, F|100/100\n|switch|p2a: Venusaur|Venusaur, L50, M|100/100\n|turn|1\n|\n|t:|1776564490\n|detailschange|p2a: Venusaur|Venusaur-Mega, L50, M\n|-mega|p2a: Venusaur|Venusaur|Venusaurite\n|move|p1a: Meowscarada|Triple Axel|p2a: Venusaur\n|-start|p1a: Meowscarada|typechange|Ice|[from] ability: Protean\n|-supereffective|p2a: Venusaur|1\n|-damage|p2a: Venusaur|93/100\n|-hitcount|p2a: Venusaur|1\n|move|p2a: Venusaur|Sludge Wave|p1a: Meowscarada\n|-damage|p1a: Meowscarada|32/100\n|\n|upkeep\n|turn|2\n|\n|t:|1776564504\n|move|p1a: Meowscarada|Triple Axel|p2a: Venusaur\n|-supereffective|p2a: Venusaur|1\n|-damage|p2a: Venusaur|86/100\n|-supereffective|p2a: Venusaur|1\n|-damage|p2a: Venusaur|68/100\n|-supereffective|p2a: Venusaur|1\n|-damage|p2a: Venusaur|45/100\n|-hitcount|p2a: Venusaur|3\n|move|p2a: Venusaur|Sludge Wave|p1a: Meowscarada\n|-damage|p1a: Meowscarada|0 fnt\n|faint|p1a: Meowscarada\n|\n|upkeep\n|\n|t:|1776564518\n|switch|p1a: Clefable|Clefable, L50, F, shiny|100/100\n|turn|3\n|\n|t:|1776564526\n|move|p2a: Venusaur|Sludge Wave|p1a: Clefable\n|-supereffective|p1a: Clefable|1\n|-damage|p1a: Clefable|19/100\n|move|p1a: Clefable|Cosmic Power|p1a: Clefable\n|-boost|p1a: Clefable|def|1\n|-boost|p1a: Clefable|spd|1\n|\n|upkeep\n|turn|4\n|\n|t:|1776564532\n|move|p2a: Venusaur|Sludge Wave|p1a: Clefable\n|-supereffective|p1a: Clefable|1\n|-damage|p1a: Clefable|0 fnt\n|faint|p1a: Clefable\n|\n|upkeep\n|\n|t:|1776564534\n|switch|p1a: Basculegion|Basculegion, L50, M|100/100\n|turn|5\n|\n|t:|1776564538\n|move|p1a: Basculegion|Last Respects|p2a: Venusaur\n|-damage|p2a: Venusaur|0 fnt\n|faint|p2a: Venusaur\n|\n|upkeep\n|\n|t:|1776564546\n|switch|p2a: Skeledirge|Skeledirge, L50, F|100/100\n|turn|6\n|\n|t:|1776564548\n|move|p1a: Basculegion|Last Respects|p2a: Skeledirge\n|-supereffective|p2a: Skeledirge|1\n|-damage|p2a: Skeledirge|0 fnt\n|faint|p2a: Skeledirge\n|\n|upkeep\n|\n|t:|1776564550\n|switch|p2a: Aegislash|Aegislash, L50, M|100/100\n|turn|7\n|\n|t:|1776564555\n|move|p1a: Basculegion|Last Respects|p2a: Aegislash\n|-supereffective|p2a: Aegislash|1\n|-damage|p2a: Aegislash|0 fnt\n|faint|p2a: Aegislash\n|\n|win|dialestdial\n|raw|dialestdial's rating: 1279 &rarr; <strong>1300</strong><br />(+21 for winning)\n|raw|jiiiiima's rating: 1223 &rarr; <strong>1202</strong><br />(-21 for losing)\n|l|\u2606jiiiiima\n|player|p2|\n",
  "uploadtime": 1776564574,
  "views": 2,
  "formatid": "gen9championsbssregma",
  "rating": 1202,
  "private": 0,
  "password": null
}