{
  "id": "gen9championsbssregma-2584177860",
  "format": "[Gen 9 Champions] BSS Reg M-A",
  "players": [
    "txqz6p",
    "Lonewolf3593"
  ],
  "log": "|j|\u2606txqz6p\n|j|\u2606Lonewolf3593\n|t:|1776234708\n|gametype|singles\n|player|p1|txqz6p|265|1033\n|player|p2|Lonewolf3593|101|1092\n|gen|9\n|tier|[Gen 9 Champions] BSS Reg M-A\n|rated|\n|rule|Species Clause: Limit one of each Pok\u00e9mon\n|rule|Item Clause: Limit 1 of each item\n|clearpoke\n|poke|p1|Archaludon, L50, F|\n|poke|p1|Victreebel, L50, F|\n|poke|p1|Scizor, L50, M|\n|poke|p1|Basculegion, L50, M|\n|poke|p1|Kingambit, L50, M|\n|poke|p1|Gengar, L50, M|\n|poke|p2|Froslass, L50, F|\n|poke|p2|Palafin, L50, F|\n|poke|p2|Meganium, L50, F|\n|poke|p2|Kingambit, L50, F|\n|poke|p2|Talonflame, L50, F|\n|poke|p2|Garchomp, L50, F|\n|teampreview|3\n|inactive|Battle timer is ON: inactive players will automatically lose when time's up. (requested by Lonewolf3593)\n|inactive|txqz6p has 60 seconds left.\n|\n|t:|1776234765\n|teamsize|p1|3\n|teamsize|p2|3\n|start\n|switch|p1a: Archaludon|Archaludon, L50, F|100/100\n|switch|p2a: Talonflame|Talonflame, L50, F|100/100\n|turn|1\n|\n|t:|1776234777\n|move|p2a: Talonflame|Tailwind|p2a: Talonflame\n|-sidestart|p2: Lonewolf3593|move: Tailwind\n|move|p1a: Archaludon|Draco Meteor|p2a: Talonflame\n|-enditem|p2a: Talonflame|Focus Sash\n|-damage|p2a: Talonflame|1/100\n|-unboost|p1a: Archaludon|spa|2\n|\n|upkeep\n|turn|2\n|\n|t:|1776234790\n|switch|p2a: Meganium|Meganium, L50, F|100/100\n|move|p1a: Archaludon|Stealth Rock|p2a: Meganium\n|-sidestart|p2: Lonewolf3593|move: Stealth Rock\n|\n|upkeep\n|turn|3\n|\n|t:|1776234797\n|detailschange|p2a: Meganium|Meganium-Mega, L50, F\n|-mega|p2a: Meganium|Meganium|Meganiumite\n|move|p2a: Meganium|Earth Power|p1a: Archaludon\n|-supereffective|p1a: Archaludon|1\n|-damage|p1a: Archaludon|18/100\n|move|p1a: Archaludon|Mirror Coat|p2a: Meganium\n|-damage|p2a: Meganium|0 fnt\n|faint|p2a: Meganium\n|\n|upkeep\n|\n|t:|1776234807\n|switch|p2a: Kingambit|Kingambit, L50, F|100/100\n|-damage|p2a: Kingambit|95/100|[from] Stealth Rock\n|turn|4\n|\n|t:|1776234818\n|move|p2a: Kingambit|Sucker Punch|p1a: Archaludon\n|-damage|p1a: Archaludon|0 fnt\n|faint|p1a: Archaludon\n|\n|-sideend|p2: Lonewolf3593|move: Tailwind\n|upkeep\n|\n|t:|1776234823\n|switch|p1a: Victreebel|Victreebel, L50, F|100/100\n|turn|5\n|\n|t:|1776234831\n|detailschange|p1a: Victreebel|Victreebel-Mega, L50, F\n|-mega|p1a: Victreebel|Victreebel|Victreebelite\n|move|p1a: Victreebel|Strength Sap|p2a: Kingambit\n|-unboost|p2a: Kingambit|atk|1\n|-ability|p2a: Kingambit|Defiant|boost\n|-boost|p2a: Kingambit|atk|2\n|move|p2a: Kingambit|Swords Dance|p2a: Kingambit\n|-boost|p2a: Kingambit|atk|2\n|\n|upkeep\n|turn|6\n|\n|t:|1776234841\n|move|p1a: Victreebel|Giga Drain|p2a: Kingambit\n|-resisted|p2a: Kingambit|1\n|-damage|p2a: Kingambit|73/100\n|move|p2a: Kingambit|Iron Head|p1a: Victreebel\n|-damage|p1a: Victreebel|0 fnt\n|-damage|p2a: Kingambit|0 fnt|[from] ability: Innards Out|[of] p1a: Victreebel\n|faint|p1a: Victreebel\n|faint|p2a: Kingambit\n|\n|upkeep\n|\n|t:|1776234850\n|switch|p1a: Kingambit|Kingambit, L50, M|100/100\n|switch|p2a: Talonflame|Talonflame, L50, F|1/100\n|-damage|p2a: Talonflame|0 fnt|[from] Stealth Rock\n|faint|p2a: Talonflame\n|\n|win|txqz6p\n|raw|txqz6p's rating: 1033 &rarr; <strong>1074</strong><br />(+41 for winning)\n|raw|Lonewolf3593's rating: 1092 &rarr; <strong>1064</strong><br />(-28 for losing)\n|l|\u2606Lonewolf3593\n|player|p2|\n",
  "uploadtime": 1776234924,
  "views": 3,
  "formatid": "gen9championsbssregma",
  "rating": 1064,
  "private": 0,
  "password": null
}