{
  "id": "gen9championsbssregma-2586180006",
  "format": "[Gen 9 Champions] BSS Reg M-A",
  "players": [
    "funmitan",
    "BandedRae"
  ],
  "log": "|j|\u2606funmitan\n|j|\u2606BandedRae\n|t:|1776409151\n|gametype|singles\n|player|p1|funmitan|170|1253\n|player|p2|BandedRae|101|1284\n|gen|9\n|tier|[Gen 9 Champions] BSS Reg M-A\n|rated|\n|rule|Species Clause: Limit one of each Pok\u00e9mon\n|rule|Item Clause: Limit 1 of each item\n|clearpoke\n|poke|p1|Ninetales-Alola, L50, F|\n|poke|p1|Kleavor, L50, M|\n|poke|p1|Banette, L50, F|\n|poke|p1|Kommo-o, L50, F|\n|poke|p1|Blastoise, L50, F|\n|poke|p1|Hydreigon, L50, F|\n|poke|p2|Alakazam, L50, M|\n|poke|p2|Garchomp, L50, F|\n|poke|p2|Corviknight, L50, M|\n|poke|p2|Archaludon, L50, F|\n|poke|p2|Meowscarada, L50, F|\n|poke|p2|Ceruledge, L50, F|\n|teampreview|3\n|inactive|Battle timer is ON: inactive players will automatically lose when time's up. (requested by BandedRae)\n|inactive|funmitan has 60 seconds left.\n|inactive|BandedRae has 60 seconds left.\n|\n|t:|1776409211\n|teamsize|p1|3\n|teamsize|p2|3\n|start\n|switch|p1a: Ninetales|Ninetales-Alola, L50, F|100/100\n|switch|p2a: Meowscarada|Meowscarada, L50, F|100/100\n|-weather|Snowscape|[from] ability: Snow Warning|[of] p1a: Ninetales\n|turn|1\n|\n|t:|1776409235\n|move|p2a: Meowscarada|Knock Off|p1a: Ninetales\n|-start|p2a: Meowscarada|typechange|Dark|[from] ability: Protean\n|-resisted|p1a: Ninetales|1\n|-damage|p1a: Ninetales|76/100\n|-enditem|p1a: Ninetales|Never-Melt Ice|[from] move: Knock Off|[of] p2a: Meowscarada\n|move|p1a: Ninetales|Freeze-Dry|p2a: Meowscarada\n|-damage|p2a: Meowscarada|57/100\n|\n|-weather|Snowscape|[upkeep]\n|upkeep\n|turn|2\n|\n|t:|1776409249\n|switch|p2a: Alakazam|Alakazam, L50, M|100/100\n|move|p1a: Ninetales|Moonblast|p2a: Alakazam\n|-damage|p2a: Alakazam|52/100\n|\n|-weather|Snowscape|[upkeep]\n|upkeep\n|turn|3\n|\n|t:|1776409260\n|switch|p1a: Hydreigon|Hydreigon, L50, F|100/100\n|detailschange|p2a: Alakazam|Alakazam-Mega, L50, M\n|-mega|p2a: Alakazam|Alakazam|Alakazite\n|-ability|p2a: Alakazam|Levitate|Trace|[from] ability: Trace|[of] p1a: Hydreigon\n|move|p2a: Alakazam|Nasty Plot|p2a: Alakazam\n|-boost|p2a: Alakazam|spa|2\n|\n|-weather|Snowscape|[upkeep]\n|upkeep\n|turn|4\n|\n|t:|1776409278\n|move|p2a: Alakazam|Focus Blast|p1a: Hydreigon\n|-supereffective|p1a: Hydreigon|1\n|-enditem|p1a: Hydreigon|Focus Sash\n|-damage|p1a: Hydreigon|1/100\n|move|p1a: Hydreigon|Dark Pulse|p2a: Alakazam\n|-supereffective|p2a: Alakazam|1\n|-damage|p2a: Alakazam|0 fnt\n|faint|p2a: Alakazam\n|\n|-weather|Snowscape|[upkeep]\n|upkeep\n|\n|t:|1776409284\n|switch|p2a: Meowscarada|Meowscarada, L50, F|57/100\n|turn|5\n|\n|t:|1776409291\n|move|p2a: Meowscarada|U-turn|p1a: Hydreigon\n|-start|p2a: Meowscarada|typechange|Bug|[from] ability: Protean\n|-supereffective|p1a: Hydreigon|1\n|-damage|p1a: Hydreigon|0 fnt\n|faint|p1a: Hydreigon\n|\n|t:|1776409298\n|switch|p2a: Ceruledge|Ceruledge, L50, F|100/100|[from] U-turn\n|\n|-weather|none\n|upkeep\n|\n|t:|1776409301\n|switch|p1a: Blastoise|Blastoise, L50, F|100/100\n|turn|6\n|\n|t:|1776409307\n|detailschange|p1a: Blastoise|Blastoise-Mega, L50, F\n|-mega|p1a: Blastoise|Blastoise|Blastoisinite\n|move|p2a: Ceruledge|Poltergeist|p1a: Blastoise\n|-activate|p1a: Blastoise|move: Poltergeist|Blastoisinite\n|-damage|p1a: Blastoise|56/100\n|move|p1a: Blastoise|Shell Smash|p1a: Blastoise\n|-unboost|p1a: Blastoise|def|1\n|-unboost|p1a: Blastoise|spd|1\n|-boost|p1a: Blastoise|atk|2\n|-boost|p1a: Blastoise|spa|2\n|-boost|p1a: Blastoise|spe|2\n|\n|upkeep\n|turn|7\n|\n|t:|1776409322\n|move|p1a: Blastoise|Water Pulse|p2a: Ceruledge\n|-supereffective|p2a: Ceruledge|1\n|-enditem|p2a: Ceruledge|Focus Sash\n|-damage|p2a: Ceruledge|1/100\n|-start|p2a: Ceruledge|confusion\n|-activate|p2a: Ceruledge|confusion\n|-damage|p2a: Ceruledge|0 fnt|[from] confusion\n|faint|p2a: Ceruledge\n|\n|upkeep\n|c|\u2606BandedRae|lol you got destroyed fucking hax\n|inactive|BandedRae has 30 seconds left.\n|\n|t:|1776409354\n|switch|p2a: Meowscarada|Meowscarada, L50, F|57/100\n|turn|8\n|\n|t:|1776409364\n|move|p2a: Meowscarada|Flower Trick|p1a: Blastoise\n|-start|p2a: Meowscarada|typechange|Grass|[from] ability: Protean\n|-supereffective|p1a: Blastoise|1\n|-crit|p1a: Blastoise\n|-damage|p1a: Blastoise|0 fnt\n|faint|p1a: Blastoise\n|\n|upkeep\n|-message|BandedRae forfeited.\n|\n|win|funmitan\n",
  "uploadtime": 1776409339,
  "views": 4,
  "formatid": "gen9championsbssregma",
  "rating": null,
  "private": 0,
  "password": null
}