{
  "id": "gen9championsbssregma-2588003976",
  "format": "[Gen 9 Champions] BSS Reg M-A",
  "players": [
    "deokso king",
    "jamel1"
  ],
  "log": "|j|\u2606deokso king\n|j|\u2606jamel1\n|t:|1776591591\n|gametype|singles\n|player|p1|deokso king|bellelba|1210\n|player|p2|jamel1|cyrus|1246\n|gen|9\n|tier|[Gen 9 Champions] BSS Reg M-A\n|rated|\n|rule|Species Clause: Limit one of each Pok\u00e9mon\n|rule|Item Clause: Limit 1 of each item\n|clearpoke\n|poke|p1|Gyarados, L50, F|\n|poke|p1|Aegislash, L50, M|\n|poke|p1|Garchomp, L50, M|\n|poke|p1|Primarina, L50, M|\n|poke|p1|Charizard, L50, F|\n|poke|p1|Rotom-Mow, L50|\n|poke|p2|Emboar, L50, M|\n|poke|p2|Abomasnow, L50, F|\n|poke|p2|Gyarados, L50, M, shiny|\n|poke|p2|Gengar, L50, M, shiny|\n|poke|p2|Heliolisk, L50, M|\n|poke|p2|Alcremie, L50, F|\n|teampreview|3\n|inactive|Battle timer is ON: inactive players will automatically lose when time's up. (requested by deokso king)\n|inactive|jamel1 has 60 seconds left.\n|inactive|jamel1 has 30 seconds left.\n|inactive|jamel1 has 20 seconds left.\n|inactive|jamel1 has 15 seconds left.\n|inactive|jamel1 has 10 seconds left.\n|\n|t:|1776591682\n|teamsize|p1|3\n|teamsize|p2|3\n|start\n|switch|p1a: Charizard|Charizard, L50, F|100/100\n|switch|p2a: Gengar|Gengar, L50, M, shiny|100/100\n|turn|1\n|\n|t:|1776591694\n|detailschange|p1a: Charizard|Charizard-Mega-Y, L50, F\n|-mega|p1a: Charizard|Charizard|Charizardite Y\n|-weather|SunnyDay|[from] ability: Drought|[of] p1a: Charizard\n|move|p2a: Gengar|Hypnosis|p1a: Charizard\n|-status|p1a: Charizard|slp|[from] move: Hypnosis\n|cant|p1a: Charizard|slp\n|\n|-weather|SunnyDay|[upkeep]\n|upkeep\n|turn|2\n|\n|t:|1776591705\n|move|p2a: Gengar|Hex|p1a: Charizard\n|-damage|p1a: Charizard|26/100 slp\n|cant|p1a: Charizard|slp\n|\n|-weather|SunnyDay|[upkeep]\n|upkeep\n|turn|3\n|\n|t:|1776591715\n|switch|p1a: Rotom|Rotom-Mow, L50|100/100\n|move|p2a: Gengar|Hex|p1a: Rotom\n|-damage|p1a: Rotom|56/100\n|\n|-weather|SunnyDay|[upkeep]\n|upkeep\n|turn|4\n|\n|t:|1776591721\n|move|p1a: Rotom|Volt Switch|p2a: Gengar\n|-damage|p2a: Gengar|52/100\n|-start|p1a: Rotom|Disable|Volt Switch|[from] ability: Cursed Body|[of] p2a: Gengar\n|\n|t:|1776591725\n|switch|p1a: Charizard|Charizard-Mega-Y, L50, F|26/100 slp|[from] Volt Switch\n|move|p2a: Gengar|Sludge Bomb|p1a: Charizard\n|-damage|p1a: Charizard|0 fnt\n|faint|p1a: Charizard\n|\n|-weather|SunnyDay|[upkeep]\n|upkeep\n|\n|t:|1776591731\n|switch|p1a: Rotom|Rotom-Mow, L50|56/100\n|turn|5\n|\n|t:|1776591733\n|move|p1a: Rotom|Thunderbolt|p2a: Gengar\n|-damage|p2a: Gengar|0 fnt\n|faint|p2a: Gengar\n|\n|-weather|none\n|upkeep\n|\n|t:|1776591736\n|switch|p2a: Heliolisk|Heliolisk, L50, M|100/100\n|turn|6\n|\n|t:|1776591742\n|move|p1a: Rotom|Thunderbolt|p2a: Heliolisk\n|-resisted|p2a: Heliolisk|1\n|-damage|p2a: Heliolisk|73/100\n|move|p2a: Heliolisk|Electric Terrain|p2a: Heliolisk\n|-fieldstart|move: Electric Terrain\n|\n|upkeep\n|turn|7\n|\n|t:|1776591748\n|move|p1a: Rotom|Thunderbolt|p2a: Heliolisk\n|-resisted|p2a: Heliolisk|1\n|-crit|p2a: Heliolisk\n|-damage|p2a: Heliolisk|35/100\n|move|p2a: Heliolisk|Sunny Day|p2a: Heliolisk\n|-weather|SunnyDay\n|\n|-weather|SunnyDay|[upkeep]\n|-damage|p2a: Heliolisk|22/100|[from] ability: Solar Power|[of] p2a: Heliolisk\n|upkeep\n|turn|8\n|\n|t:|1776591755\n|move|p1a: Rotom|Thunderbolt|p2a: Heliolisk\n|-resisted|p2a: Heliolisk|1\n|-damage|p2a: Heliolisk|0 fnt\n|faint|p2a: Heliolisk\n|\n|-weather|SunnyDay|[upkeep]\n|upkeep\n|\n|t:|1776591757\n|switch|p2a: Alcremie|Alcremie, L50, F|100/100\n|turn|9\n|\n|t:|1776591759\n|move|p1a: Rotom|Thunderbolt|p2a: Alcremie\n|-damage|p2a: Alcremie|65/100\n|move|p2a: Alcremie|Calm Mind|p2a: Alcremie\n|-boost|p2a: Alcremie|spa|1\n|-boost|p2a: Alcremie|spd|1\n|\n|-weather|SunnyDay|[upkeep]\n|upkeep\n|turn|10\n|\n|t:|1776591769\n|switch|p1a: Primarina|Primarina, L50, M|100/100\n|move|p2a: Alcremie|Draining Kiss|p1a: Primarina\n|-damage|p1a: Primarina|76/100\n|-heal|p2a: Alcremie|85/100|[from] drain|[of] p1a: Primarina\n|\n|-weather|SunnyDay|[upkeep]\n|-fieldend|move: Electric Terrain\n|upkeep\n|turn|11\n|\n|t:|1776591776\n|switch|p1a: Rotom|Rotom-Mow, L50|56/100\n|move|p2a: Alcremie|Calm Mind|p2a: Alcremie\n|-boost|p2a: Alcremie|spa|1\n|-boost|p2a: Alcremie|spd|1\n|\n|-weather|none\n|upkeep\n|turn|12\n|\n|t:|1776591781\n|move|p1a: Rotom|Trick|p2a: Alcremie\n|-activate|p1a: Rotom|move: Trick|[of] p2a: Alcremie\n|-item|p2a: Alcremie|Choice Scarf|[from] move: Trick\n|-item|p1a: Rotom|Sitrus Berry|[from] move: Trick\n|move|p2a: Alcremie|Stored Power|p1a: Rotom\n|-damage|p1a: Rotom|0 fnt\n|faint|p1a: Rotom\n|\n|upkeep\n|\n|t:|1776591787\n|switch|p1a: Primarina|Primarina, L50, M|76/100\n|turn|13\n|\n|t:|1776591792\n|move|p2a: Alcremie|Stored Power|p1a: Primarina\n|-damage|p1a: Primarina|32/100\n|-enditem|p1a: Primarina|Sitrus Berry|[eat]\n|-heal|p1a: Primarina|57/100|[from] item: Sitrus Berry\n|move|p1a: Primarina|Moonblast|p2a: Alcremie\n|-damage|p2a: Alcremie|60/100\n|\n|upkeep\n|turn|14\n|\n|t:|1776591801\n|move|p2a: Alcremie|Stored Power|p1a: Primarina\n|-damage|p1a: Primarina|12/100\n|move|p1a: Primarina|Sparkling Aria|p2a: Alcremie\n|-damage|p2a: Alcremie|25/100\n|\n|upkeep\n|turn|15\n|\n|t:|1776591811\n|move|p1a: Primarina|Aqua Jet|p2a: Alcremie\n|-damage|p2a: Alcremie|10/100\n|move|p2a: Alcremie|Stored Power|p1a: Primarina\n|-damage|p1a: Primarina|0 fnt\n|faint|p1a: Primarina\n|\n|win|jamel1\n|raw|deokso king's rating: 1210 &rarr; <strong>1188</strong><br />(-22 for losing)\n|raw|jamel1's rating: 1246 &rarr; <strong>1268</strong><br />(+22 for winning)\n|l|\u2606deokso king\n|player|p1|\n|l|\u2606jamel1\n|player|p2|\n",
  "uploadtime": 1776591871,
  "views": 3,
  "formatid": "gen9championsbssregma",
  "rating": 1188,
  "private": 0,
  "password": null
}