{
  "id": "gen9championsbssregma-2582977368",
  "format": "[Gen 9 Champions] BSS Reg M-A",
  "players": [
    "txqz6p",
    "perdicionn"
  ],
  "log": "|j|\u2606txqz6p\n|j|\u2606perdicionn\n|t:|1776130148\n|gametype|singles\n|player|p1|txqz6p|265|1232\n|player|p2|perdicionn|crasherwake|1308\n|gen|9\n|tier|[Gen 9 Champions] BSS Reg M-A\n|rated|\n|rule|Species Clause: Limit one of each Pok\u00e9mon\n|rule|Item Clause: Limit 1 of each item\n|clearpoke\n|poke|p1|Greninja-*, L50, F|\n|poke|p1|Basculegion, L50, M|\n|poke|p1|Dragonite, L50, F|\n|poke|p1|Charizard, L50, F|\n|poke|p1|Archaludon, L50, M|\n|poke|p1|Scizor, L50, M|\n|poke|p2|Aegislash, L50, M|\n|poke|p2|Kingambit, L50, F|\n|poke|p2|Volcarona, L50, F|\n|poke|p2|Gyarados, L50, F|\n|poke|p2|Starmie, L50|\n|poke|p2|Manectric, L50, F|\n|teampreview|3\n|j| gawayneou\n|inactive|Battle timer is ON: inactive players will automatically lose when time's up. (requested by perdicionn)\n|\n|t:|1776130212\n|teamsize|p1|3\n|teamsize|p2|3\n|start\n|switch|p1a: Scizor|Scizor, L50, M|100/100\n|switch|p2a: Manectric|Manectric, L50, F|100/100\n|turn|1\n|j| p74\n|\n|t:|1776130226\n|detailschange|p2a: Manectric|Manectric-Mega, L50, F\n|-mega|p2a: Manectric|Manectric|Manectite\n|-ability|p2a: Manectric|Intimidate|boost\n|-unboost|p1a: Scizor|atk|1\n|detailschange|p1a: Scizor|Scizor-Mega, L50, M\n|-mega|p1a: Scizor|Scizor|Scizorite\n|move|p2a: Manectric|Flamethrower|p1a: Scizor\n|-supereffective|p1a: Scizor|2\n|-damage|p1a: Scizor|0 fnt\n|faint|p1a: Scizor\n|\n|upkeep\n|\n|t:|1776130235\n|switch|p1a: Archaludon|Archaludon, L50, M|100/100\n|turn|2\n|\n|t:|1776130239\n|move|p2a: Manectric|Volt Switch|p1a: Archaludon\n|-resisted|p1a: Archaludon|1\n|-damage|p1a: Archaludon|72/100\n|\n|t:|1776130241\n|switch|p2a: Volcarona|Volcarona, L50, F|100/100|[from] Volt Switch\n|move|p1a: Archaludon|Mirror Coat|p2a: Volcarona\n|-damage|p2a: Volcarona|42/100\n|\n|upkeep\n|turn|3\n|-activate|p1a: Archaludon|item: Quick Claw\n|\n|t:|1776130248\n|move|p1a: Archaludon|Draco Meteor|p2a: Volcarona\n|-damage|p2a: Volcarona|0 fnt\n|-unboost|p1a: Archaludon|spa|2\n|faint|p2a: Volcarona\n|\n|upkeep\n|\n|t:|1776130253\n|switch|p2a: Gyarados|Gyarados, L50, F|100/100\n|-ability|p2a: Gyarados|Intimidate|boost\n|-unboost|p1a: Archaludon|atk|1\n|turn|4\n|\n|t:|1776130265\n|move|p2a: Gyarados|Dragon Dance|p2a: Gyarados\n|-boost|p2a: Gyarados|atk|1\n|-boost|p2a: Gyarados|spe|1\n|move|p1a: Archaludon|Draco Meteor|p2a: Gyarados\n|-damage|p2a: Gyarados|64/100\n|-unboost|p1a: Archaludon|spa|2\n|\n|upkeep\n|turn|5\n|\n|t:|1776130274\n|switch|p1a: Basculegion|Basculegion, L50, M|100/100\n|move|p2a: Gyarados|Dragon Dance|p2a: Gyarados\n|-boost|p2a: Gyarados|atk|1\n|-boost|p2a: Gyarados|spe|1\n|\n|upkeep\n|turn|6\n|\n|t:|1776130283\n|move|p2a: Gyarados|Earthquake|p1a: Basculegion\n|-damage|p1a: Basculegion|13/100\n|move|p1a: Basculegion|Last Respects|p2a: Gyarados\n|-damage|p2a: Gyarados|0 fnt\n|faint|p2a: Gyarados\n|\n|upkeep\n|\n|t:|1776130286\n|switch|p2a: Manectric|Manectric-Mega, L50, F|100/100\n|-ability|p2a: Manectric|Intimidate|boost\n|-unboost|p1a: Basculegion|atk|1\n|turn|7\n|\n|t:|1776130293\n|switch|p1a: Archaludon|Archaludon, L50, M|72/100\n|move|p2a: Manectric|Thunderbolt|p1a: Archaludon\n|-resisted|p1a: Archaludon|1\n|-crit|p1a: Archaludon\n|-damage|p1a: Archaludon|14/100\n|\n|upkeep\n|turn|8\n|\n|t:|1776130301\n|move|p2a: Manectric|Thunderbolt|p1a: Archaludon\n|-resisted|p1a: Archaludon|1\n|-damage|p1a: Archaludon|0 fnt\n|faint|p1a: Archaludon\n|\n|upkeep\n|\n|t:|1776130305\n|switch|p1a: Basculegion|Basculegion, L50, M|13/100\n|turn|9\n|\n|t:|1776130311\n|move|p1a: Basculegion|Last Respects|p2a: Manectric\n|-damage|p2a: Manectric|0 fnt\n|faint|p2a: Manectric\n|\n|win|txqz6p\n|raw|txqz6p's rating: 1232 &rarr; <strong>1262</strong><br />(+30 for winning)\n|raw|perdicionn's rating: 1308 &rarr; <strong>1284</strong><br />(-24 for losing)\n|l|\u2606perdicionn\n|player|p2|\n|l|\u2606txqz6p\n|player|p1|\n",
  "uploadtime": 1776130406,
  "views": 2,
  "formatid": "gen9championsbssregma",
  "rating": 1262,
  "private": 0,
  "password": null
}