{
  "id": "gen9championsbssregma-2586974867",
  "format": "[Gen 9 Champions] BSS Reg M-A",
  "players": [
    "hijanu",
    "Mitongue"
  ],
  "log": "|j|\u2606hijanu\n|j|\u2606Mitongue\n|t:|1776477297\n|gametype|singles\n|player|p1|hijanu|hilbert-wonderlauncher|1069\n|player|p2|Mitongue|yellow|1074\n|gen|9\n|tier|[Gen 9 Champions] BSS Reg M-A\n|rated|\n|rule|Species Clause: Limit one of each Pok\u00e9mon\n|rule|Item Clause: Limit 1 of each item\n|clearpoke\n|poke|p1|Corviknight, L50, F|\n|poke|p1|Furfrou, L50, M|\n|poke|p1|Ceruledge, L50, M|\n|poke|p1|Hawlucha, L50, M|\n|poke|p1|Rotom-Wash, L50|\n|poke|p1|Torterra, L50, F|\n|poke|p2|Orthworm, L50, M|\n|poke|p2|Toxapex, L50, M|\n|poke|p2|Gallade, L50, M|\n|poke|p2|Mimikyu, L50, F|\n|poke|p2|Abomasnow, L50, F|\n|poke|p2|Dragonite, L50, M|\n|teampreview|3\n|inactive|Battle timer is ON: inactive players will automatically lose when time's up. (requested by Mitongue)\n|inactive|Mitongue has 60 seconds left.\n|\n|t:|1776477344\n|teamsize|p1|3\n|teamsize|p2|3\n|start\n|switch|p1a: Rotom|Rotom-Wash, L50|100/100\n|switch|p2a: Abomasnow|Abomasnow, L50, F|100/100\n|-weather|Snowscape|[from] ability: Snow Warning|[of] p2a: Abomasnow\n|turn|1\n|\n|t:|1776477360\n|move|p1a: Rotom|Will-O-Wisp|p2a: Abomasnow\n|-status|p2a: Abomasnow|brn\n|move|p2a: Abomasnow|Aurora Veil|p2a: Abomasnow\n|-sidestart|p2: Mitongue|move: Aurora Veil\n|\n|-weather|Snowscape|[upkeep]\n|-damage|p2a: Abomasnow|94/100 brn|[from] brn\n|upkeep\n|turn|2\n|\n|t:|1776477371\n|switch|p1a: Ceruledge|Ceruledge, L50, M|100/100\n|move|p2a: Abomasnow|Leech Seed|p1a: Ceruledge\n|-start|p1a: Ceruledge|move: Leech Seed\n|\n|-weather|Snowscape|[upkeep]\n|-damage|p1a: Ceruledge|88/100|[from] Leech Seed|[of] p2a: Abomasnow\n|-heal|p2a: Abomasnow|100/100 brn|[silent]\n|-damage|p2a: Abomasnow|94/100 brn|[from] brn\n|upkeep\n|turn|3\n|\n|t:|1776477383\n|switch|p2a: Toxapex|Toxapex, L50, M|100/100\n|move|p1a: Ceruledge|Swords Dance|p1a: Ceruledge\n|-boost|p1a: Ceruledge|atk|2\n|\n|-weather|Snowscape|[upkeep]\n|-damage|p1a: Ceruledge|76/100|[from] Leech Seed|[of] p2a: Toxapex\n|upkeep\n|turn|4\n|\n|t:|1776477394\n|move|p1a: Ceruledge|Swords Dance|p1a: Ceruledge\n|-boost|p1a: Ceruledge|atk|2\n|move|p2a: Toxapex|Infestation|p1a: Ceruledge\n|-resisted|p1a: Ceruledge|2\n|-damage|p1a: Ceruledge|76/100\n|-activate|p1a: Ceruledge|move: Infestation|[of] p2a: Toxapex\n|\n|-weather|Snowscape|[upkeep]\n|-damage|p1a: Ceruledge|64/100|[from] Leech Seed|[of] p2a: Toxapex\n|-damage|p1a: Ceruledge|52/100|[from] move: Infestation|[partiallytrapped]\n|upkeep\n|turn|5\n|\n|t:|1776477404\n|move|p1a: Ceruledge|Shadow Sneak|p2a: Toxapex\n|-crit|p2a: Toxapex\n|-damage|p2a: Toxapex|20/100\n|move|p2a: Toxapex|Substitute|p2a: Toxapex\n|-fail|p2a: Toxapex|move: Substitute|[weak]\n|\n|-weather|none\n|-heal|p2a: Toxapex|26/100|[from] item: Leftovers\n|-damage|p1a: Ceruledge|40/100|[from] Leech Seed|[of] p2a: Toxapex\n|-heal|p2a: Toxapex|40/100|[silent]\n|-damage|p1a: Ceruledge|27/100|[from] move: Infestation|[partiallytrapped]\n|-sideend|p2: Mitongue|move: Aurora Veil\n|upkeep\n|turn|6\n|\n|t:|1776477419\n|switch|p2a: Dragonite|Dragonite, L50, M|100/100\n|move|p1a: Ceruledge|Shadow Sneak|p2a: Dragonite\n|-damage|p2a: Dragonite|71/100\n|\n|-damage|p1a: Ceruledge|15/100|[from] Leech Seed|[of] p2a: Dragonite\n|-heal|p2a: Dragonite|82/100|[silent]\n|-end|p1a: Ceruledge|Infestation|[partiallytrapped]|[silent]\n|upkeep\n|turn|7\n|\n|t:|1776477433\n|switch|p2a: Abomasnow|Abomasnow, L50, F|94/100 brn\n|-weather|Snowscape|[from] ability: Snow Warning|[of] p2a: Abomasnow\n|move|p1a: Ceruledge|Bitter Blade|p2a: Abomasnow\n|-supereffective|p2a: Abomasnow|2\n|-enditem|p2a: Abomasnow|Occa Berry|[eat]\n|-enditem|p2a: Abomasnow|Occa Berry|[weaken]\n|-damage|p2a: Abomasnow|0 fnt\n|-heal|p1a: Ceruledge|66/100|[from] drain|[of] p2a: Abomasnow\n|faint|p2a: Abomasnow\n|\n|-weather|Snowscape|[upkeep]\n|upkeep\n|\n|t:|1776477444\n|switch|p2a: Toxapex|Toxapex, L50, M|73/100\n|turn|8\n|\n|t:|1776477450\n|move|p1a: Ceruledge|Shadow Sneak|p2a: Toxapex\n|-damage|p2a: Toxapex|27/100\n|move|p2a: Toxapex|Toxic|p1a: Ceruledge\n|-status|p1a: Ceruledge|tox\n|\n|-weather|Snowscape|[upkeep]\n|-heal|p2a: Toxapex|32/100|[from] item: Leftovers\n|-damage|p1a: Ceruledge|54/100 tox|[from] Leech Seed|[of] p2a: Toxapex\n|-heal|p2a: Toxapex|46/100|[silent]\n|-damage|p1a: Ceruledge|48/100 tox|[from] psn\n|upkeep\n|turn|9\n|\n|t:|1776477464\n|switch|p2a: Dragonite|Dragonite, L50, M|82/100\n|move|p1a: Ceruledge|Shadow Sneak|p2a: Dragonite\n|-damage|p2a: Dragonite|16/100\n|\n|-weather|Snowscape|[upkeep]\n|-damage|p1a: Ceruledge|36/100 tox|[from] Leech Seed|[of] p2a: Dragonite\n|-heal|p2a: Dragonite|27/100|[silent]\n|-damage|p1a: Ceruledge|24/100 tox|[from] psn\n|upkeep\n|turn|10\n|\n|t:|1776477474\n|move|p2a: Dragonite|Extreme Speed|p1a: Ceruledge\n|-immune|p1a: Ceruledge\n|move|p1a: Ceruledge|Shadow Sneak|p2a: Dragonite\n|-damage|p2a: Dragonite|0 fnt\n|faint|p2a: Dragonite\n|\n|-weather|Snowscape|[upkeep]\n|-damage|p1a: Ceruledge|6/100 tox|[from] psn\n|upkeep\n|\n|t:|1776477482\n|switch|p2a: Toxapex|Toxapex, L50, M|79/100\n|turn|11\n|\n|t:|1776477487\n|move|p1a: Ceruledge|Shadow Sneak|p2a: Toxapex\n|-damage|p2a: Toxapex|33/100\n|move|p2a: Toxapex|Recover|p2a: Toxapex\n|-heal|p2a: Toxapex|83/100\n|\n|-weather|none\n|-heal|p2a: Toxapex|89/100|[from] item: Leftovers\n|-damage|p1a: Ceruledge|0 fnt|[from] Leech Seed|[of] p2a: Toxapex\n|-heal|p2a: Toxapex|95/100|[silent]\n|faint|p1a: Ceruledge\n|upkeep\n|\n|t:|1776477500\n|switch|p1a: Rotom|Rotom-Wash, L50|100/100\n|turn|12\n|\n|t:|1776477507\n|move|p1a: Rotom|Thunder|p2a: Toxapex\n|-supereffective|p2a: Toxapex|1\n|-damage|p2a: Toxapex|11/100\n|move|p2a: Toxapex|Infestation|p1a: Rotom\n|-damage|p1a: Rotom|96/100\n|-activate|p1a: Rotom|move: Infestation|[of] p2a: Toxapex\n|\n|-heal|p2a: Toxapex|17/100|[from] item: Leftovers\n|-damage|p1a: Rotom|84/100|[from] move: Infestation|[partiallytrapped]\n|upkeep\n|turn|13\n|\n|t:|1776477517\n|move|p1a: Rotom|Thunder|p2a: Toxapex\n|-supereffective|p2a: Toxapex|1\n|-crit|p2a: Toxapex\n|-damage|p2a: Toxapex|0 fnt\n|faint|p2a: Toxapex\n|\n|win|hijanu\n|raw|hijanu's rating: 1069 &rarr; <strong>1099</strong><br />(+30 for winning)\n|raw|Mitongue's rating: 1074 &rarr; <strong>1053</strong><br />(-21 for losing)\n",
  "uploadtime": 1776477524,
  "views": 6,
  "formatid": "gen9championsbssregma",
  "rating": 1053,
  "private": 0,
  "password": null
}