{
  "id": "gen9championsbssregma-2582249803",
  "format": "[Gen 9 Champions] BSS Reg M-A",
  "players": [
    "yukd-\u30eb\u30a2\u30c9",
    "AcetylVGC"
  ],
  "log": "|j|\u2606yukd-\u30eb\u30a2\u30c9\n|j|\u2606AcetylVGC\n|t:|1776076079\n|gametype|singles\n|player|p1|yukd-\u30eb\u30a2\u30c9|lyra|1008\n|player|p2|AcetylVGC|colress|1107\n|gen|9\n|tier|[Gen 9 Champions] BSS Reg M-A\n|rated|\n|rule|Species Clause: Limit one of each Pok\u00e9mon\n|rule|Item Clause: Limit 1 of each item\n|clearpoke\n|poke|p1|Audino, L50, F|\n|poke|p1|Kleavor, L50, M|\n|poke|p1|Floette-Eternal, L50, F|\n|poke|p1|Glimmora, L50, M|\n|poke|p1|Milotic, L50, F|\n|poke|p1|Kingambit, L50, M|\n|poke|p2|Primarina, L50, F|\n|poke|p2|Rotom-Heat, L50|\n|poke|p2|Meowscarada, L50, M|\n|poke|p2|Lopunny, L50, F|\n|poke|p2|Dragapult, L50, F|\n|poke|p2|Corviknight, L50, F|\n|teampreview|3\n|inactive|Battle timer is ON: inactive players will automatically lose when time's up. (requested by yukd-\u30eb\u30a2\u30c9)\n|\n|t:|1776076120\n|teamsize|p1|3\n|teamsize|p2|3\n|start\n|switch|p1a: Glimmora|Glimmora, L50, M|100/100\n|switch|p2a: Lopunny|Lopunny, L50, F|100/100\n|turn|1\n|\n|t:|1776076128\n|detailschange|p2a: Lopunny|Lopunny-Mega, L50, F\n|-mega|p2a: Lopunny|Lopunny|Lopunnite\n|move|p2a: Lopunny|Fake Out|p1a: Glimmora\n|-resisted|p1a: Glimmora|1\n|-damage|p1a: Glimmora|87/100\n|-activate|p1a: Glimmora|ability: Toxic Debris\n|-sidestart|p2: AcetylVGC|move: Toxic Spikes\n|cant|p1a: Glimmora|flinch\n|\n|upkeep\n|turn|2\n|\n|t:|1776076142\n|move|p2a: Lopunny|Close Combat|p1a: Glimmora\n|-damage|p1a: Glimmora|6/100\n|-unboost|p2a: Lopunny|def|1\n|-unboost|p2a: Lopunny|spd|1\n|-activate|p1a: Glimmora|ability: Toxic Debris\n|-sidestart|p2: AcetylVGC|move: Toxic Spikes\n|move|p1a: Glimmora|Stealth Rock|p2a: Lopunny\n|-sidestart|p2: AcetylVGC|move: Stealth Rock\n|\n|upkeep\n|turn|3\n|\n|t:|1776076153\n|move|p2a: Lopunny|Close Combat|p1a: Glimmora\n|-damage|p1a: Glimmora|0 fnt\n|-unboost|p2a: Lopunny|def|1\n|-unboost|p2a: Lopunny|spd|1\n|faint|p1a: Glimmora\n|\n|upkeep\n|\n|t:|1776076160\n|switch|p1a: Audino|Audino, L50, F|100/100\n|turn|4\n|\n|t:|1776076165\n|detailschange|p1a: Audino|Audino-Mega, L50, F\n|-mega|p1a: Audino|Audino|Audinite\n|move|p1a: Audino|Baby-Doll Eyes|p2a: Lopunny\n|-unboost|p2a: Lopunny|atk|1\n|move|p2a: Lopunny|Close Combat|p1a: Audino\n|-damage|p1a: Audino|79/100\n|-unboost|p2a: Lopunny|def|1\n|-unboost|p2a: Lopunny|spd|1\n|\n|upkeep\n|turn|5\n|\n|t:|1776076176\n|move|p2a: Lopunny|Close Combat|p1a: Audino\n|-damage|p1a: Audino|57/100\n|-unboost|p2a: Lopunny|def|1\n|-unboost|p2a: Lopunny|spd|1\n|move|p1a: Audino|Wish|p1a: Audino\n|\n|upkeep\n|turn|6\n|\n|t:|1776076184\n|move|p2a: Lopunny|Close Combat|p1a: Audino\n|-damage|p1a: Audino|34/100\n|-unboost|p2a: Lopunny|def|1\n|-unboost|p2a: Lopunny|spd|1\n|move|p1a: Audino|Chilling Water|p2a: Lopunny\n|-damage|p2a: Lopunny|58/100\n|-unboost|p2a: Lopunny|atk|1\n|\n|-heal|p1a: Audino|84/100|[from] move: Wish|[wisher] Audino\n|upkeep\n|turn|7\n|\n|t:|1776076196\n|move|p2a: Lopunny|Close Combat|p1a: Audino\n|-damage|p1a: Audino|67/100\n|-unboost|p2a: Lopunny|def|1\n|-unboost|p2a: Lopunny|spd|1\n|move|p1a: Audino|Wish|p1a: Audino\n|\n|upkeep\n|turn|8\n|\n|t:|1776076205\n|move|p2a: Lopunny|Close Combat|p1a: Audino\n|-damage|p1a: Audino|50/100\n|move|p1a: Audino|Chilling Water|p2a: Lopunny\n|-damage|p2a: Lopunny|10/100\n|-unboost|p2a: Lopunny|atk|1\n|\n|-heal|p1a: Audino|99/100|[from] move: Wish|[wisher] Audino\n|upkeep\n|turn|9\n|\n|t:|1776076218\n|move|p2a: Lopunny|Close Combat|p1a: Audino\n|-damage|p1a: Audino|85/100\n|move|p1a: Audino|Chilling Water|p2a: Lopunny\n|-damage|p2a: Lopunny|0 fnt\n|faint|p2a: Lopunny\n|\n|upkeep\n|\n|t:|1776076227\n|switch|p2a: Rotom|Rotom-Heat, L50|100/100\n|-damage|p2a: Rotom|76/100|[from] Stealth Rock\n|turn|10\n|\n|t:|1776076235\n|move|p2a: Rotom|Thunderbolt|p1a: Audino\n|-damage|p1a: Audino|51/100\n|move|p1a: Audino|Wish|p1a: Audino\n|\n|upkeep\n|turn|11\n|\n|t:|1776076243\n|move|p2a: Rotom|Thunderbolt|p1a: Audino\n|-damage|p1a: Audino|20/100\n|move|p1a: Audino|Chilling Water|p2a: Rotom\n|-supereffective|p2a: Rotom|1\n|-damage|p2a: Rotom|51/100\n|-unboost|p2a: Rotom|atk|1\n|\n|-heal|p1a: Audino|70/100|[from] move: Wish|[wisher] Audino\n|upkeep\n|turn|12\n|\n|t:|1776076253\n|move|p2a: Rotom|Thunderbolt|p1a: Audino\n|-damage|p1a: Audino|40/100\n|move|p1a: Audino|Wish|p1a: Audino\n|\n|upkeep\n|turn|13\n|\n|t:|1776076260\n|move|p1a: Audino|Protect|p1a: Audino\n|-singleturn|p1a: Audino|Protect\n|move|p2a: Rotom|Thunderbolt|p1a: Audino\n|-activate|p1a: Audino|move: Protect\n|\n|-heal|p1a: Audino|90/100|[from] move: Wish|[wisher] Audino\n|upkeep\n|turn|14\n|\n|t:|1776076269\n|move|p2a: Rotom|Thunderbolt|p1a: Audino\n|-damage|p1a: Audino|58/100\n|-status|p1a: Audino|par\n|move|p1a: Audino|Wish|p1a: Audino\n|\n|upkeep\n|turn|15\n|\n|t:|1776076276\n|move|p2a: Rotom|Thunderbolt|p1a: Audino\n|-damage|p1a: Audino|26/100 par\n|cant|p1a: Audino|par\n|\n|-heal|p1a: Audino|76/100 par|[from] move: Wish|[wisher] Audino\n|upkeep\n|turn|16\n|\n|t:|1776076285\n|move|p2a: Rotom|Thunderbolt|p1a: Audino\n|-damage|p1a: Audino|47/100 par\n|move|p1a: Audino|Wish|p1a: Audino\n|\n|upkeep\n|turn|17\n|\n|t:|1776076292\n|move|p2a: Rotom|Thunderbolt|p1a: Audino\n|-damage|p1a: Audino|14/100 par\n|move|p1a: Audino|Chilling Water|p2a: Rotom\n|-supereffective|p2a: Rotom|1\n|-damage|p2a: Rotom|26/100\n|-unboost|p2a: Rotom|atk|1\n|\n|-heal|p1a: Audino|64/100 par|[from] move: Wish|[wisher] Audino\n|upkeep\n|turn|18\n|\n|t:|1776076303\n|move|p2a: Rotom|Thunderbolt|p1a: Audino\n|-damage|p1a: Audino|32/100 par\n|cant|p1a: Audino|par\n|\n|upkeep\n|turn|19\n|\n|t:|1776076309\n|move|p2a: Rotom|Thunderbolt|p1a: Audino\n|-damage|p1a: Audino|2/100 par\n|move|p1a: Audino|Wish|p1a: Audino\n|\n|upkeep\n|turn|20\n|\n|t:|1776076315\n|cant|p1a: Audino|par\n|move|p2a: Rotom|Thunderbolt|p1a: Audino\n|-damage|p1a: Audino|0 fnt\n|faint|p1a: Audino\n|\n|upkeep\n|\n|t:|1776076322\n|switch|p1a: Milotic|Milotic, L50, F|100/100\n|turn|21\n|\n|t:|1776076328\n|move|p2a: Rotom|Thunderbolt|p1a: Milotic\n|-supereffective|p1a: Milotic|1\n|-damage|p1a: Milotic|50/100\n|move|p1a: Milotic|Dragon Tail|p2a: Rotom\n|-damage|p2a: Rotom|15/100\n|drag|p2a: Primarina|Primarina, L50, F|100/100\n|-status|p2a: Primarina|tox\n|-damage|p2a: Primarina|88/100 tox|[from] Stealth Rock\n|\n|-heal|p1a: Milotic|56/100|[from] item: Leftovers\n|-damage|p2a: Primarina|82/100 tox|[from] psn\n|upkeep\n|turn|22\n|\n|t:|1776076343\n|move|p1a: Milotic|Recover|p1a: Milotic\n|-heal|p1a: Milotic|100/100\n|move|p2a: Primarina|Moonblast|p1a: Milotic\n|-damage|p1a: Milotic|73/100\n|\n|-heal|p1a: Milotic|79/100|[from] item: Leftovers\n|-damage|p2a: Primarina|71/100 tox|[from] psn\n|upkeep\n|turn|23\n|\n|t:|1776076355\n|move|p2a: Primarina|Moonblast|p1a: Milotic\n|-damage|p1a: Milotic|51/100\n|move|p1a: Milotic|Mirror Coat|p2a: Primarina\n|-damage|p2a: Primarina|10/100 tox\n|-enditem|p2a: Primarina|Sitrus Berry|[eat]\n|-heal|p2a: Primarina|34/100 tox|[from] item: Sitrus Berry\n|\n|-heal|p1a: Milotic|57/100|[from] item: Leftovers\n|-damage|p2a: Primarina|17/100 tox|[from] psn\n|upkeep\n|turn|24\n|\n|t:|1776076367\n|move|p1a: Milotic|Recover|p1a: Milotic\n|-heal|p1a: Milotic|100/100\n|move|p2a: Primarina|Moonblast|p1a: Milotic\n|-damage|p1a: Milotic|71/100\n|\n|-heal|p1a: Milotic|77/100|[from] item: Leftovers\n|-damage|p2a: Primarina|0 fnt|[from] psn\n|faint|p2a: Primarina\n|upkeep\n|\n|t:|1776076370\n|switch|p2a: Rotom|Rotom-Heat, L50|15/100\n|-damage|p2a: Rotom|0 fnt|[from] Stealth Rock\n|faint|p2a: Rotom\n|\n|win|yukd-\u30eb\u30a2\u30c9\n|raw|yukd-\u30eb\u30a2\u30c9's rating: 1008 &rarr; <strong>1058</strong><br />(+50 for winning)\n|raw|AcetylVGC's rating: 1107 &rarr; <strong>1075</strong><br />(-32 for losing)\n",
  "uploadtime": 1776076384,
  "views": 6,
  "formatid": "gen9championsbssregma",
  "rating": 1058,
  "private": 0,
  "password": null
}