{
  "id": "gen9championsbssregma-2582131727",
  "format": "[Gen 9 Champions] BSS Reg M-A",
  "players": [
    "ssslizard",
    "carbonlifeformmeme"
  ],
  "log": "|j|\u2606ssslizard\n|j|\u2606carbonlifeformmeme\n|t:|1776062068\n|gametype|singles\n|player|p1|ssslizard|266|1214\n|player|p2|carbonlifeformmeme|170|1279\n|gen|9\n|tier|[Gen 9 Champions] BSS Reg M-A\n|rated|\n|rule|Species Clause: Limit one of each Pok\u00e9mon\n|rule|Item Clause: Limit 1 of each item\n|clearpoke\n|poke|p1|Lopunny, L50, F|\n|poke|p1|Rotom-Heat, L50|\n|poke|p1|Toxapex, L50, M|\n|poke|p1|Meowscarada, L50, F|\n|poke|p1|Kingambit, L50, M|\n|poke|p1|Hippowdon, L50, F|\n|poke|p2|Meowscarada, L50, F|\n|poke|p2|Froslass, L50, F|\n|poke|p2|Sneasler, L50, M|\n|poke|p2|Orthworm, L50, F|\n|poke|p2|Rotom-Heat, L50|\n|poke|p2|Glimmora, L50, M|\n|teampreview|3\n|\n|t:|1776062101\n|teamsize|p1|3\n|teamsize|p2|3\n|start\n|switch|p1a: Lopunny|Lopunny, L50, F|100/100\n|switch|p2a: Glimmora|Glimmora, L50, M|100/100\n|turn|1\n|\n|t:|1776062108\n|detailschange|p1a: Lopunny|Lopunny-Mega, L50, F\n|-mega|p1a: Lopunny|Lopunny|Lopunnite\n|move|p1a: Lopunny|Fake Out|p2a: Glimmora\n|-resisted|p2a: Glimmora|1\n|-damage|p2a: Glimmora|87/100\n|-activate|p2a: Glimmora|ability: Toxic Debris\n|-sidestart|p1: ssslizard|move: Toxic Spikes\n|cant|p2a: Glimmora|flinch\n|\n|upkeep\n|turn|2\n|\n|t:|1776062119\n|move|p1a: Lopunny|Close Combat|p2a: Glimmora\n|-damage|p2a: Glimmora|12/100\n|-unboost|p1a: Lopunny|def|1\n|-unboost|p1a: Lopunny|spd|1\n|-activate|p2a: Glimmora|ability: Toxic Debris\n|-sidestart|p1: ssslizard|move: Toxic Spikes\n|move|p2a: Glimmora|Power Gem|p1a: Lopunny\n|-resisted|p1a: Lopunny|1\n|-damage|p1a: Lopunny|59/100\n|\n|upkeep\n|turn|3\n|\n|t:|1776062129\n|move|p1a: Lopunny|Close Combat|p2a: Glimmora\n|-damage|p2a: Glimmora|0 fnt\n|-unboost|p1a: Lopunny|def|1\n|-unboost|p1a: Lopunny|spd|1\n|faint|p2a: Glimmora\n|\n|upkeep\n|\n|t:|1776062135\n|switch|p2a: Rotom|Rotom-Heat, L50|100/100\n|turn|4\n|\n|t:|1776062138\n|switch|p1a: Toxapex|Toxapex, L50, M|100/100\n|-sideend|p1: ssslizard|move: Toxic Spikes|[of] p1a: Toxapex\n|move|p2a: Rotom|Volt Switch|p1a: Toxapex\n|-supereffective|p1a: Toxapex|1\n|-damage|p1a: Toxapex|53/100\n|\n|t:|1776062144\n|switch|p2a: Froslass|Froslass, L50, F|100/100|[from] Volt Switch\n|\n|-heal|p1a: Toxapex|59/100|[from] item: Leftovers\n|upkeep\n|turn|5\n|j| p74\n|\n|t:|1776062160\n|switch|p2a: Rotom|Rotom-Heat, L50|100/100\n|switch|p1a: Kingambit|Kingambit, L50, M|100/100\n|\n|upkeep\n|turn|6\n|\n|t:|1776062209\n|-end|p1a: Kingambit|fallenundefined|[silent]\n|switch|p1a: Toxapex|Toxapex, L50, M|92/100\n|move|p2a: Rotom|Will-O-Wisp|p1a: Toxapex\n|-status|p1a: Toxapex|brn\n|\n|-heal|p1a: Toxapex|98/100 brn|[from] item: Leftovers\n|-damage|p1a: Toxapex|92/100 brn|[from] brn\n|upkeep\n|turn|7\n|\n|t:|1776062219\n|move|p2a: Rotom|Volt Switch|p1a: Toxapex\n|-supereffective|p1a: Toxapex|1\n|-crit|p1a: Toxapex\n|-damage|p1a: Toxapex|22/100 brn\n|\n|t:|1776062222\n|switch|p2a: Froslass|Froslass, L50, F|100/100|[from] Volt Switch\n|move|p1a: Toxapex|Toxic|p2a: Froslass\n|-status|p2a: Froslass|tox\n|\n|-heal|p1a: Toxapex|28/100 brn|[from] item: Leftovers\n|-damage|p2a: Froslass|94/100 tox|[from] psn\n|-damage|p1a: Toxapex|22/100 brn|[from] brn\n|upkeep\n|turn|8\n|\n|t:|1776062239\n|switch|p1a: Kingambit|Kingambit, L50, M|100/100\n|move|p2a: Froslass|Nasty Plot|p2a: Froslass\n|-boost|p2a: Froslass|spa|2\n|\n|-damage|p2a: Froslass|82/100 tox|[from] psn\n|upkeep\n|turn|9\n|\n|t:|1776062252\n|move|p2a: Froslass|Destiny Bond|p2a: Froslass\n|-singlemove|p2a: Froslass|Destiny Bond\n|move|p1a: Kingambit|Kowtow Cleave|p2a: Froslass\n|-supereffective|p2a: Froslass|1\n|-crit|p2a: Froslass\n|-damage|p2a: Froslass|0 fnt\n|faint|p2a: Froslass\n|-activate|p2a: Froslass|move: Destiny Bond\n|faint|p1a: Kingambit\n|-end|p1a: Kingambit|fallenundefined|[silent]\n|\n|upkeep\n|\n|t:|1776062260\n|switch|p2a: Rotom|Rotom-Heat, L50|100/100\n|switch|p1a: Lopunny|Lopunny-Mega, L50, F|59/100\n|turn|10\n|\n|t:|1776062265\n|move|p1a: Lopunny|Fake Out|p2a: Rotom\n|-damage|p2a: Rotom|77/100\n|cant|p2a: Rotom|flinch\n|\n|upkeep\n|turn|11\n|\n|t:|1776062270\n|switch|p1a: Toxapex|Toxapex, L50, M|55/100 brn\n|move|p2a: Rotom|Will-O-Wisp|p1a: Toxapex\n|-fail|p1a: Toxapex|brn\n|\n|-heal|p1a: Toxapex|61/100 brn|[from] item: Leftovers\n|-damage|p1a: Toxapex|55/100 brn|[from] brn\n|upkeep\n|turn|12\n|\n|t:|1776062278\n|move|p2a: Rotom|Volt Switch|p1a: Toxapex\n|-supereffective|p1a: Toxapex|1\n|-damage|p1a: Toxapex|9/100 brn\n|move|p1a: Toxapex|Toxic|p2a: Rotom\n|-status|p2a: Rotom|tox\n|\n|-heal|p1a: Toxapex|15/100 brn|[from] item: Leftovers\n|-damage|p2a: Rotom|71/100 tox|[from] psn\n|-damage|p1a: Toxapex|9/100 brn|[from] brn\n|upkeep\n|turn|13\n|\n|t:|1776062289\n|move|p2a: Rotom|Volt Switch|p1a: Toxapex\n|-supereffective|p1a: Toxapex|1\n|-damage|p1a: Toxapex|0 fnt\n|faint|p1a: Toxapex\n|\n|-damage|p2a: Rotom|59/100 tox|[from] psn\n|upkeep\n|\n|t:|1776062291\n|switch|p1a: Lopunny|Lopunny-Mega, L50, F|59/100\n|turn|14\n|c|\u2606carbonlifeformmeme|ggs\n|-message|carbonlifeformmeme forfeited.\n|\n|win|ssslizard\n|raw|ssslizard's rating: 1214 &rarr; <strong>1244</strong><br />(+30 for winning)\n|raw|carbonlifeformmeme's rating: 1279 &rarr; <strong>1249</strong><br />(-30 for losing)\n|c|\u2606ssslizard|gg\n|l|\u2606carbonlifeformmeme\n|player|p2|\n|l|\u2606ssslizard\n|player|p1|\n",
  "uploadtime": 1776062505,
  "views": 4,
  "formatid": "gen9championsbssregma",
  "rating": 1244,
  "private": 0,
  "password": null
}