{
  "id": "gen9championsbssregma-2584372417",
  "format": "[Gen 9 Champions] BSS Reg M-A",
  "players": [
    "KshAetchup",
    "fletchyfletchy"
  ],
  "log": "|j|\u2606KshAetchup\n|j|\u2606fletchyfletchy\n|t:|1776255835\n|gametype|singles\n|player|p1|KshAetchup|caitlin|1025\n|player|p2|fletchyfletchy|liko|1150\n|gen|9\n|tier|[Gen 9 Champions] BSS Reg M-A\n|rated|\n|rule|Species Clause: Limit one of each Pok\u00e9mon\n|rule|Item Clause: Limit 1 of each item\n|clearpoke\n|poke|p1|Meganium, L50, M|\n|poke|p1|Garchomp, L50, M|\n|poke|p1|Rotom-Wash, L50|\n|poke|p1|Corviknight, L50, F|\n|poke|p1|Excadrill, L50, M|\n|poke|p1|Tyranitar, L50, F|\n|poke|p2|Lopunny, L50, M|\n|poke|p2|Basculegion, L50, M|\n|poke|p2|Meowscarada, L50, F|\n|poke|p2|Aegislash, L50, F|\n|poke|p2|Charizard, L50, F|\n|poke|p2|Ninetales-Alola, L50, F|\n|teampreview|3\n|\n|t:|1776255865\n|teamsize|p1|3\n|teamsize|p2|3\n|start\n|switch|p1a: Godzilla|Tyranitar, L50, F|100/100\n|switch|p2a: Charizard|Charizard, L50, F|100/100\n|-weather|Sandstorm|[from] ability: Sand Stream|[of] p1a: Godzilla\n|turn|1\n|\n|t:|1776255871\n|switch|p1a: Rotom|Rotom-Wash, L50|100/100\n|detailschange|p2a: Charizard|Charizard-Mega-Y, L50, F\n|-mega|p2a: Charizard|Charizard|Charizardite Y\n|-weather|SunnyDay|[from] ability: Drought|[of] p2a: Charizard\n|move|p2a: Charizard|Solar Beam||[still]\n|-prepare|p2a: Charizard|Solar Beam\n|-anim|p2a: Charizard|Solar Beam|p1a: Rotom\n|-supereffective|p1a: Rotom|1\n|-damage|p1a: Rotom|0 fnt\n|faint|p1a: Rotom\n|\n|-weather|SunnyDay|[upkeep]\n|upkeep\n|\n|t:|1776255886\n|switch|p1a: Godzilla|Tyranitar, L50, F|100/100\n|-weather|Sandstorm|[from] ability: Sand Stream|[of] p1a: Godzilla\n|turn|2\n|\n|t:|1776255891\n|switch|p2a: Basculegion|Basculegion, L50, M|100/100\n|move|p1a: Godzilla|Rock Tomb|p2a: Basculegion\n|-damage|p2a: Basculegion|61/100\n|-unboost|p2a: Basculegion|spe|1\n|\n|-weather|Sandstorm|[upkeep]\n|-damage|p2a: Basculegion|55/100|[from] Sandstorm\n|upkeep\n|turn|3\n|\n|t:|1776255900\n|move|p2a: Basculegion|Wave Crash|p1a: Godzilla\n|-supereffective|p1a: Godzilla|1\n|-damage|p1a: Godzilla|0 fnt\n|faint|p1a: Godzilla\n|-damage|p2a: Basculegion|20/100|[from] Recoil\n|\n|-weather|Sandstorm|[upkeep]\n|-damage|p2a: Basculegion|14/100|[from] Sandstorm\n|upkeep\n|\n|t:|1776255903\n|switch|p1a: Excadrill|Excadrill, L50, M|100/100\n|turn|4\n|\n|t:|1776255908\n|move|p1a: Excadrill|Rapid Spin|p2a: Basculegion\n|-immune|p2a: Basculegion\n|move|p2a: Basculegion|Wave Crash|p1a: Excadrill\n|-supereffective|p1a: Excadrill|1\n|-enditem|p1a: Excadrill|Focus Sash\n|-damage|p1a: Excadrill|1/100\n|-damage|p2a: Basculegion|0 fnt|[from] Recoil\n|faint|p2a: Basculegion\n|\n|-weather|Sandstorm|[upkeep]\n|upkeep\n|\n|t:|1776255914\n|switch|p2a: Charizard|Charizard-Mega-Y, L50, F|100/100\n|-weather|SunnyDay|[from] ability: Drought|[of] p2a: Charizard\n|turn|5\n|\n|t:|1776255916\n|move|p2a: Charizard|Flamethrower|p1a: Excadrill\n|-supereffective|p1a: Excadrill|1\n|-damage|p1a: Excadrill|0 fnt\n|faint|p1a: Excadrill\n|\n|win|fletchyfletchy\n|raw|KshAetchup's rating: 1025 &rarr; <strong>1016</strong><br />(-9 for losing)\n|raw|fletchyfletchy's rating: 1150 &rarr; <strong>1166</strong><br />(+16 for winning)\n",
  "uploadtime": 1776255917,
  "views": 3,
  "formatid": "gen9championsbssregma",
  "rating": 1016,
  "private": 0,
  "password": null
}