{
  "id": "gen9championsbssregma-2584109884",
  "format": "[Gen 9 Champions] BSS Reg M-A",
  "players": [
    "Take609",
    "kyotoyoko"
  ],
  "log": "|j|\u2606Take609\n|j|\u2606kyotoyoko\n|t:|1776226188\n|gametype|singles\n|player|p1|Take609|101|1298\n|player|p2|kyotoyoko|caitlin|1255\n|gen|9\n|tier|[Gen 9 Champions] BSS Reg M-A\n|rated|\n|rule|Species Clause: Limit one of each Pok\u00e9mon\n|rule|Item Clause: Limit 1 of each item\n|clearpoke\n|poke|p1|Charizard, L50, M|\n|poke|p1|Vaporeon, L50, F|\n|poke|p1|Whimsicott, L50, F|\n|poke|p1|Garchomp, L50, M|\n|poke|p1|Samurott-Hisui, L50, M|\n|poke|p1|Gengar, L50, F|\n|poke|p2|Tyranitar, L50, M|\n|poke|p2|Garchomp, L50, F|\n|poke|p2|Aegislash, L50, M|\n|poke|p2|Meganium, L50, F|\n|poke|p2|Rotom-Heat, L50|\n|poke|p2|Mimikyu, L50, F|\n|teampreview|3\n|inactive|Battle timer is ON: inactive players will automatically lose when time's up. (requested by Take609)\n|inactive|Take609 has 60 seconds left.\n|\n|t:|1776226228\n|teamsize|p1|3\n|teamsize|p2|3\n|start\n|switch|p1a: Vaporeon|Vaporeon, L50, F|100/100\n|switch|p2a: Tyranitar|Tyranitar, L50, M|100/100\n|-weather|Sandstorm|[from] ability: Sand Stream|[of] p2a: Tyranitar\n|turn|1\n|\n|t:|1776226242\n|move|p2a: Tyranitar|Stealth Rock|p1a: Vaporeon\n|-sidestart|p1: Take609|move: Stealth Rock\n|move|p1a: Vaporeon|Scald|p2a: Tyranitar\n|-supereffective|p2a: Tyranitar|1\n|-damage|p2a: Tyranitar|58/100\n|\n|-weather|Sandstorm|[upkeep]\n|-damage|p1a: Vaporeon|95/100|[from] Sandstorm\n|upkeep\n|turn|2\n|\n|t:|1776226254\n|move|p1a: Vaporeon|Protect|p1a: Vaporeon\n|-singleturn|p1a: Vaporeon|Protect\n|move|p2a: Tyranitar|Thunderbolt|p1a: Vaporeon\n|-activate|p1a: Vaporeon|move: Protect\n|\n|-weather|Sandstorm|[upkeep]\n|-damage|p1a: Vaporeon|89/100|[from] Sandstorm\n|upkeep\n|turn|3\n|j| p74\n|\n|t:|1776226264\n|move|p2a: Tyranitar|Ice Beam|p1a: Vaporeon\n|-resisted|p1a: Vaporeon|1\n|-damage|p1a: Vaporeon|78/100\n|move|p1a: Vaporeon|Wish|p1a: Vaporeon\n|\n|-weather|Sandstorm|[upkeep]\n|-damage|p1a: Vaporeon|72/100|[from] Sandstorm\n|upkeep\n|turn|4\n|\n|t:|1776226272\n|move|p2a: Tyranitar|Thunderbolt|p1a: Vaporeon\n|-supereffective|p1a: Vaporeon|1\n|-damage|p1a: Vaporeon|31/100\n|move|p1a: Vaporeon|Scald|p2a: Tyranitar\n|-supereffective|p2a: Tyranitar|1\n|-damage|p2a: Tyranitar|17/100\n|-status|p2a: Tyranitar|brn\n|\n|-weather|Sandstorm|[upkeep]\n|-damage|p1a: Vaporeon|25/100|[from] Sandstorm\n|-heal|p1a: Vaporeon|75/100|[from] move: Wish|[wisher] Vaporeon\n|-damage|p2a: Tyranitar|11/100 brn|[from] brn\n|upkeep\n|turn|5\n|\n|t:|1776226286\n|switch|p2a: Aegislash|Aegislash, L50, M, shiny|100/100\n|move|p1a: Vaporeon|Wish|p1a: Vaporeon\n|\n|-weather|none\n|upkeep\n|turn|6\n|\n|t:|1776226292\n|move|p1a: Vaporeon|Flip Turn|p2a: Aegislash\n|-damage|p2a: Aegislash|90/100\n|\n|t:|1776226296\n|switch|p1a: Charizard|Charizard, L50, M, shiny|100/100|[from] Flip Turn\n|-damage|p1a: Charizard|51/100|[from] Stealth Rock\n|-formechange|p2a: Aegislash|Aegislash-Blade|\n|move|p2a: Aegislash|Poltergeist|p1a: Charizard\n|-activate|p1a: Charizard|move: Poltergeist|Charizardite X\n|-damage|p1a: Charizard|0 fnt\n|faint|p1a: Charizard\n|\n|upkeep\n|\n|t:|1776226307\n|switch|p1a: Samurott|Samurott-Hisui, L50, M, shiny|100/100\n|-damage|p1a: Samurott|88/100|[from] Stealth Rock\n|turn|7\n|\n|t:|1776226313\n|switch|p2a: Tyranitar|Tyranitar, L50, M|11/100 brn\n|-weather|Sandstorm|[from] ability: Sand Stream|[of] p2a: Tyranitar\n|move|p1a: Samurott|Ceaseless Edge|p2a: Tyranitar|[miss]\n|-miss|p1a: Samurott|p2a: Tyranitar\n|\n|-weather|Sandstorm|[upkeep]\n|-damage|p1a: Samurott|82/100|[from] Sandstorm\n|-damage|p2a: Tyranitar|6/100 brn|[from] brn\n|upkeep\n|turn|8\n|-message|Take609 forfeited.\n|\n|win|kyotoyoko\n|raw|Take609's rating: 1298 &rarr; <strong>1270</strong><br />(-28 for losing)\n|raw|kyotoyoko's rating: 1255 &rarr; <strong>1283</strong><br />(+28 for winning)\n|l|\u2606Take609\n|player|p1|\n|l|\u2606kyotoyoko\n|player|p2|\n",
  "uploadtime": 1776226368,
  "views": 6,
  "formatid": "gen9championsbssregma",
  "rating": 1270,
  "private": 0,
  "password": null
}