{
  "id": "gen9championsbssregma-2583444277",
  "format": "[Gen 9 Champions] BSS Reg M-A",
  "players": [
    "MiraidonGaming",
    "Fumpko"
  ],
  "log": "|j|\u2606MiraidonGaming\n|j|\u2606Fumpko\n|t:|1776176054\n|gametype|singles\n|player|p1|MiraidonGaming|lucas|1157\n|player|p2|Fumpko|swimmer-gen4|1067\n|gen|9\n|tier|[Gen 9 Champions] BSS Reg M-A\n|rated|\n|rule|Species Clause: Limit one of each Pok\u00e9mon\n|rule|Item Clause: Limit 1 of each item\n|clearpoke\n|poke|p1|Ninetales-Alola, L50, F|\n|poke|p1|Charizard, L50, M|\n|poke|p1|Scizor, L50, M|\n|poke|p1|Sinistcha, L50|\n|poke|p1|Rotom-Wash, L50|\n|poke|p1|Salazzle, L50, F|\n|poke|p2|Glimmora, L50, M|\n|poke|p2|Slowking-Galar, L50, M|\n|poke|p2|Toxapex, L50, F|\n|poke|p2|Victreebel, L50, M|\n|poke|p2|Sneasler, L50, F|\n|poke|p2|Hydreigon, L50, M|\n|teampreview|3\n|\n|t:|1776176103\n|teamsize|p1|3\n|teamsize|p2|3\n|start\n|switch|p1a: Edward|Scizor, L50, M|100/100\n|switch|p2a: Glimmy|Glimmora, L50, M|100/100\n|turn|1\n|\n|t:|1776176110\n|detailschange|p1a: Edward|Scizor-Mega, L50, M\n|-mega|p1a: Edward|Scizor|Scizorite\n|move|p2a: Glimmy|Toxic|p1a: Edward\n|-status|p1a: Edward|tox\n|move|p1a: Edward|Swords Dance|p1a: Edward\n|-boost|p1a: Edward|atk|2\n|\n|-damage|p1a: Edward|94/100 tox|[from] psn\n|upkeep\n|turn|2\n|\n|t:|1776176116\n|move|p2a: Glimmy|Reflect|p2a: Glimmy\n|-sidestart|p2: Fumpko|Reflect\n|move|p1a: Edward|Swords Dance|p1a: Edward\n|-boost|p1a: Edward|atk|2\n|\n|-damage|p1a: Edward|82/100 tox|[from] psn\n|upkeep\n|turn|3\n|\n|t:|1776176121\n|move|p1a: Edward|Bullet Punch|p2a: Glimmy\n|-supereffective|p2a: Glimmy|1\n|-damage|p2a: Glimmy|10/100\n|move|p2a: Glimmy|Light Screen|p2a: Glimmy\n|-sidestart|p2: Fumpko|move: Light Screen\n|\n|-damage|p1a: Edward|63/100 tox|[from] psn\n|upkeep\n|turn|4\n|\n|t:|1776176126\n|move|p1a: Edward|Bullet Punch|p2a: Glimmy\n|-supereffective|p2a: Glimmy|1\n|-damage|p2a: Glimmy|0 fnt\n|faint|p2a: Glimmy\n|\n|-damage|p1a: Edward|38/100 tox|[from] psn\n|upkeep\n|\n|t:|1776176128\n|switch|p2a: Brian Look Out!|Victreebel, L50, M|100/100\n|turn|5\n|\n|t:|1776176130\n|detailschange|p2a: Brian Look Out!|Victreebel-Mega, L50, M\n|-mega|p2a: Brian Look Out!|Victreebel|Victreebelite\n|move|p2a: Brian Look Out!|Strength Sap|p1a: Edward\n|-unboost|p1a: Edward|atk|1\n|move|p1a: Edward|Bug Bite|p2a: Brian Look Out!\n|-damage|p2a: Brian Look Out!|44/100\n|\n|-damage|p1a: Edward|7/100 tox|[from] psn\n|upkeep\n|turn|6\n|\n|t:|1776176137\n|move|p1a: Edward|Bullet Punch|p2a: Brian Look Out!\n|-damage|p2a: Brian Look Out!|5/100\n|move|p2a: Brian Look Out!|Strength Sap|p1a: Edward\n|-unboost|p1a: Edward|atk|1\n|-heal|p2a: Brian Look Out!|100/100\n|\n|-damage|p1a: Edward|0 fnt|[from] psn\n|faint|p1a: Edward\n|-sideend|p2: Fumpko|Reflect\n|upkeep\n|\n|t:|1776176141\n|switch|p1a: I ran out of ideas|Salazzle, L50, F|100/100\n|turn|7\n|\n|t:|1776176154\n|move|p1a: I ran out of ideas|Substitute|p1a: I ran out of ideas\n|-start|p1a: I ran out of ideas|Substitute\n|-damage|p1a: I ran out of ideas|76/100\n|move|p2a: Brian Look Out!|Sleep Powder|p1a: I ran out of ideas|[miss]\n|-miss|p2a: Brian Look Out!|p1a: I ran out of ideas\n|\n|-heal|p1a: I ran out of ideas|82/100|[from] item: Leftovers\n|-sideend|p2: Fumpko|move: Light Screen\n|upkeep\n|turn|8\n|\n|t:|1776176162\n|move|p2a: Brian Look Out!|Sucker Punch||[still]\n|-fail|p2a: Brian Look Out!\n|move|p1a: I ran out of ideas|Toxic|p2a: Brian Look Out!\n|-status|p2a: Brian Look Out!|tox\n|\n|-heal|p1a: I ran out of ideas|88/100|[from] item: Leftovers\n|-damage|p2a: Brian Look Out!|95/100 tox|[from] psn\n|upkeep\n|turn|9\n|\n|t:|1776176168\n|switch|p2a: Shiny Clause|Hydreigon, L50, M, shiny|100/100\n|move|p1a: I ran out of ideas|Protect||[still]\n|-fail|p1a: I ran out of ideas\n|\n|-heal|p1a: I ran out of ideas|94/100|[from] item: Leftovers\n|upkeep\n|turn|10\n|\n|t:|1776176171\n|move|p1a: I ran out of ideas|Toxic|p2a: Shiny Clause\n|-status|p2a: Shiny Clause|tox\n|move|p2a: Shiny Clause|Earth Power|p1a: I ran out of ideas\n|-supereffective|p1a: I ran out of ideas|2\n|-end|p1a: I ran out of ideas|Substitute\n|\n|-heal|p1a: I ran out of ideas|100/100|[from] item: Leftovers\n|-damage|p2a: Shiny Clause|95/100 tox|[from] psn\n|upkeep\n|turn|11\n|\n|t:|1776176174\n|move|p1a: I ran out of ideas|Substitute|p1a: I ran out of ideas\n|-start|p1a: I ran out of ideas|Substitute\n|-damage|p1a: I ran out of ideas|76/100\n|move|p2a: Shiny Clause|Earth Power|p1a: I ran out of ideas\n|-supereffective|p1a: I ran out of ideas|2\n|-end|p1a: I ran out of ideas|Substitute\n|\n|-heal|p1a: I ran out of ideas|82/100|[from] item: Leftovers\n|-damage|p2a: Shiny Clause|83/100 tox|[from] psn\n|upkeep\n|turn|12\n|\n|t:|1776176176\n|move|p1a: I ran out of ideas|Protect|p1a: I ran out of ideas\n|-singleturn|p1a: I ran out of ideas|Protect\n|move|p2a: Shiny Clause|Earth Power|p1a: I ran out of ideas\n|-activate|p1a: I ran out of ideas|move: Protect\n|\n|-heal|p1a: I ran out of ideas|88/100|[from] item: Leftovers\n|-damage|p2a: Shiny Clause|65/100 tox|[from] psn\n|upkeep\n|turn|13\n|\n|t:|1776176180\n|move|p1a: I ran out of ideas|Substitute|p1a: I ran out of ideas\n|-start|p1a: I ran out of ideas|Substitute\n|-damage|p1a: I ran out of ideas|63/100\n|move|p2a: Shiny Clause|Earth Power|p1a: I ran out of ideas\n|-supereffective|p1a: I ran out of ideas|2\n|-end|p1a: I ran out of ideas|Substitute\n|\n|-heal|p1a: I ran out of ideas|69/100|[from] item: Leftovers\n|-damage|p2a: Shiny Clause|41/100 tox|[from] psn\n|upkeep\n|-enditem|p2a: Shiny Clause|Sitrus Berry|[eat]\n|-heal|p2a: Shiny Clause|66/100 tox|[from] item: Sitrus Berry\n|turn|14\n|\n|t:|1776176182\n|move|p1a: I ran out of ideas|Protect|p1a: I ran out of ideas\n|-singleturn|p1a: I ran out of ideas|Protect\n|move|p2a: Shiny Clause|Earth Power|p1a: I ran out of ideas\n|-activate|p1a: I ran out of ideas|move: Protect\n|\n|-heal|p1a: I ran out of ideas|76/100|[from] item: Leftovers\n|-damage|p2a: Shiny Clause|37/100 tox|[from] psn\n|upkeep\n|turn|15\n|\n|t:|1776176184\n|move|p1a: I ran out of ideas|Substitute|p1a: I ran out of ideas\n|-start|p1a: I ran out of ideas|Substitute\n|-damage|p1a: I ran out of ideas|51/100\n|move|p2a: Shiny Clause|Earth Power|p1a: I ran out of ideas\n|-supereffective|p1a: I ran out of ideas|2\n|-end|p1a: I ran out of ideas|Substitute\n|\n|-heal|p1a: I ran out of ideas|57/100|[from] item: Leftovers\n|-damage|p2a: Shiny Clause|1/100 tox|[from] psn\n|upkeep\n|turn|16\n|\n|t:|1776176188\n|move|p1a: I ran out of ideas|Protect|p1a: I ran out of ideas\n|-singleturn|p1a: I ran out of ideas|Protect\n|move|p2a: Shiny Clause|Earth Power|p1a: I ran out of ideas\n|-activate|p1a: I ran out of ideas|move: Protect\n|\n|-heal|p1a: I ran out of ideas|63/100|[from] item: Leftovers\n|-damage|p2a: Shiny Clause|0 fnt|[from] psn\n|faint|p2a: Shiny Clause\n|upkeep\n|-message|Fumpko forfeited.\n|\n|win|MiraidonGaming\n|raw|MiraidonGaming's rating: 1157 &rarr; <strong>1176</strong><br />(+19 for winning)\n|raw|Fumpko's rating: 1067 &rarr; <strong>1052</strong><br />(-15 for losing)\n|l|\u2606Fumpko\n|player|p2|\n",
  "uploadtime": 1776176194,
  "views": 14,
  "formatid": "gen9championsbssregma",
  "rating": 1052,
  "private": 0,
  "password": null
}