{
  "id": "gen9championsbssregma-2582193522",
  "format": "[Gen 9 Champions] BSS Reg M-A",
  "players": [
    "txqz6p",
    "hrztkb"
  ],
  "log": "|j|\u2606txqz6p\n|j|\u2606hrztkb\n|t:|1776069714\n|gametype|singles\n|player|p1|txqz6p|265|1236\n|player|p2|hrztkb|169|1210\n|gen|9\n|tier|[Gen 9 Champions] BSS Reg M-A\n|rated|\n|rule|Species Clause: Limit one of each Pok\u00e9mon\n|rule|Item Clause: Limit 1 of each item\n|clearpoke\n|poke|p1|Azumarill, L50, M|\n|poke|p1|Hatterene, L50, F|\n|poke|p1|Palafin, L50, F|\n|poke|p1|Archaludon, L50, M|\n|poke|p1|Delphox, L50, M|\n|poke|p1|Scizor, L50, F|\n|poke|p2|Gyarados, L50, M|\n|poke|p2|Hydreigon, L50, F|\n|poke|p2|Volcarona, L50, M|\n|poke|p2|Gallade, L50, M|\n|poke|p2|Venusaur, L50, F|\n|poke|p2|Archaludon, L50, M|\n|teampreview|3\n|j| p74\n|\n|t:|1776069772\n|teamsize|p1|3\n|teamsize|p2|3\n|start\n|switch|p1a: Palafin|Palafin, L50, F|100/100\n|switch|p2a: Gallade|Gallade, L50, M|100/100\n|turn|1\n|\n|t:|1776069783\n|move|p1a: Palafin|Flip Turn|p2a: Gallade\n|-damage|p2a: Gallade|67/100\n|\n|t:|1776069795\n|detailschange|p1a: Palafin|Palafin-Hero, L50, F\n|switch|p1a: Archaludon|Archaludon, L50, M|100/100|[from] Flip Turn\n|move|p2a: Gallade|Leaf Blade|p1a: Archaludon\n|-resisted|p1a: Archaludon|2\n|-crit|p1a: Archaludon\n|-damage|p1a: Archaludon|86/100\n|-ability|p1a: Archaludon|Stamina|boost\n|-boost|p1a: Archaludon|def|1\n|\n|-heal|p1a: Archaludon|92/100|[from] item: Leftovers\n|upkeep\n|turn|2\n|\n|t:|1776069808\n|move|p2a: Gallade|Sacred Sword|p1a: Archaludon\n|-supereffective|p1a: Archaludon|1\n|-damage|p1a: Archaludon|0 fnt\n|faint|p1a: Archaludon\n|\n|upkeep\n|j| xXcrossbowXx\n|\n|t:|1776069814\n|switch|p1a: Palafin|Palafin-Hero, L50, F|100/100\n|-activate|p1a: Palafin|ability: Zero to Hero\n|turn|3\n|\n|t:|1776069820\n|switch|p2a: Gyarados|Gyarados, L50, M, shiny|100/100\n|-ability|p2a: Gyarados|Intimidate|boost\n|-unboost|p1a: Palafin|atk|1\n|move|p1a: Palafin|Wave Crash|p2a: Gyarados\n|-resisted|p2a: Gyarados|1\n|-damage|p2a: Gyarados|69/100\n|-damage|p1a: Palafin|90/100|[from] Recoil\n|\n|upkeep\n|turn|4\n|\n|t:|1776069828\n|switch|p1a: Delphox|Delphox, L50, M|100/100\n|move|p2a: Gyarados|Dragon Dance|p2a: Gyarados\n|-boost|p2a: Gyarados|atk|1\n|-boost|p2a: Gyarados|spe|1\n|\n|upkeep\n|turn|5\n|\n|t:|1776069844\n|switch|p1a: Palafin|Palafin-Hero, L50, F|90/100\n|move|p2a: Gyarados|Waterfall|p1a: Palafin\n|-resisted|p1a: Palafin|1\n|-damage|p1a: Palafin|55/100\n|\n|upkeep\n|turn|6\n|\n|t:|1776069862\n|detailschange|p2a: Gyarados|Gyarados-Mega, L50, M, shiny\n|-mega|p2a: Gyarados|Gyarados|Gyaradosite\n|-ability|p2a: Gyarados|Mold Breaker\n|move|p1a: Palafin|Wave Crash|p2a: Gyarados\n|-resisted|p2a: Gyarados|1\n|-damage|p2a: Gyarados|31/100\n|-damage|p1a: Palafin|43/100|[from] Recoil\n|move|p2a: Gyarados|Crunch|p1a: Palafin\n|-damage|p1a: Palafin|0 fnt\n|faint|p1a: Palafin\n|\n|upkeep\n|\n|t:|1776069871\n|switch|p1a: Delphox|Delphox, L50, M|100/100\n|turn|7\n|\n|t:|1776069876\n|detailschange|p1a: Delphox|Delphox-Mega, L50, M\n|-mega|p1a: Delphox|Delphox|Delphoxite\n|move|p1a: Delphox|Psychic|p2a: Gyarados\n|-immune|p2a: Gyarados\n|move|p2a: Gyarados|Waterfall|p1a: Delphox\n|-supereffective|p1a: Delphox|1\n|-damage|p1a: Delphox|0 fnt\n|faint|p1a: Delphox\n|\n|win|hrztkb\n|raw|txqz6p's rating: 1236 &rarr; <strong>1209</strong><br />(-27 for losing)\n|raw|hrztkb's rating: 1210 &rarr; <strong>1237</strong><br />(+27 for winning)\n|l|\u2606txqz6p\n|player|p1|\n|l|\u2606hrztkb\n|player|p2|\n|l| xXcrossbowXx\n",
  "uploadtime": 1776070085,
  "views": 3,
  "formatid": "gen9championsbssregma",
  "rating": 1209,
  "private": 0,
  "password": null
}