{
  "id": "gen9championsbssregma-2584859500",
  "format": "[Gen 9 Champions] BSS Reg M-A",
  "players": [
    "Nascarfan1896",
    "harald283"
  ],
  "log": "|j|\u2606Nascarfan1896\n|j|\u2606harald283\n|t:|1776289316\n|gametype|singles\n|player|p1|Nascarfan1896|gambler|1218\n|player|p2|harald283|drayden|1166\n|gen|9\n|tier|[Gen 9 Champions] BSS Reg M-A\n|rated|\n|rule|Species Clause: Limit one of each Pok\u00e9mon\n|rule|Item Clause: Limit 1 of each item\n|clearpoke\n|poke|p1|Goodra, L50, M|\n|poke|p1|Toxapex, L50, M|\n|poke|p1|Absol, L50, M|\n|poke|p1|Ditto, L50|\n|poke|p1|Gyarados, L50, F|\n|poke|p1|Aggron, L50, M|\n|poke|p2|Hippowdon, L50, M|\n|poke|p2|Garchomp, L50, M|\n|poke|p2|Charizard, L50, M|\n|poke|p2|Aegislash, L50, M|\n|poke|p2|Glimmora, L50, M|\n|poke|p2|Corviknight, L50, M|\n|teampreview|3\n|\n|t:|1776289355\n|teamsize|p1|3\n|teamsize|p2|3\n|start\n|switch|p1a: You know you found|Gyarados, L50, F|100/100\n|switch|p2a: Glimmora|Glimmora, L50, M, shiny|100/100\n|-ability|p1a: You know you found|Intimidate|boost\n|-unboost|p2a: Glimmora|atk|1\n|turn|1\n|\n|t:|1776289370\n|switch|p2a: Aegislash|Aegislash, L50, M, shiny|100/100\n|move|p1a: You know you found|Dragon Dance|p1a: You know you found\n|-boost|p1a: You know you found|atk|1\n|-boost|p1a: You know you found|spe|1\n|\n|upkeep\n|turn|2\n|\n|t:|1776289403\n|move|p1a: You know you found|Crunch|p2a: Aegislash\n|-supereffective|p2a: Aegislash|1\n|-damage|p2a: Aegislash|32/100\n|-formechange|p2a: Aegislash|Aegislash-Blade|\n|move|p2a: Aegislash|Poltergeist|p1a: You know you found\n|-activate|p1a: You know you found|move: Poltergeist|Focus Sash\n|-damage|p1a: You know you found|34/100\n|\n|-heal|p2a: Aegislash|38/100|[from] item: Leftovers\n|upkeep\n|turn|3\n|\n|t:|1776289417\n|-formechange|p2a: Aegislash|Aegislash|\n|move|p2a: Aegislash|King's Shield|p2a: Aegislash\n|-singleturn|p2a: Aegislash|Protect\n|move|p1a: You know you found|Dragon Dance|p1a: You know you found\n|-boost|p1a: You know you found|atk|1\n|-boost|p1a: You know you found|spe|1\n|\n|-heal|p2a: Aegislash|44/100|[from] item: Leftovers\n|upkeep\n|turn|4\n|\n|t:|1776289428\n|switch|p2a: Glimmora|Glimmora, L50, M, shiny|100/100\n|move|p1a: You know you found|Crunch|p2a: Glimmora\n|-damage|p2a: Glimmora|35/100\n|-activate|p2a: Glimmora|ability: Toxic Debris\n|-sidestart|p1: Nascarfan1896|move: Toxic Spikes\n|\n|upkeep\n|turn|5\n|\n|t:|1776289436\n|move|p2a: Glimmora|Spiky Shield|p2a: Glimmora\n|-singleturn|p2a: Glimmora|move: Protect\n|move|p1a: You know you found|Crunch|p2a: Glimmora\n|-activate|p2a: Glimmora|move: Protect\n|-damage|p1a: You know you found|22/100|[from] Spiky Shield|[of] p2a: Glimmora\n|\n|upkeep\n|turn|6\n|\n|t:|1776289448\n|move|p1a: You know you found|Crunch|p2a: Glimmora\n|-damage|p2a: Glimmora|0 fnt\n|-activate|p2a: Glimmora|ability: Toxic Debris\n|-sidestart|p1: Nascarfan1896|move: Toxic Spikes\n|faint|p2a: Glimmora\n|\n|upkeep\n|\n|t:|1776289455\n|switch|p2a: Aegislash|Aegislash, L50, M, shiny|44/100\n|turn|7\n|\n|t:|1776289471\n|move|p2a: Aegislash|King's Shield|p2a: Aegislash\n|-singleturn|p2a: Aegislash|Protect\n|move|p1a: You know you found|Crunch|p2a: Aegislash\n|-activate|p2a: Aegislash|move: Protect\n|-unboost|p1a: You know you found|atk|1\n|\n|-heal|p2a: Aegislash|50/100|[from] item: Leftovers\n|upkeep\n|turn|8\n|\n|t:|1776289481\n|-formechange|p2a: Aegislash|Aegislash-Blade|\n|move|p2a: Aegislash|Shadow Sneak|p1a: You know you found\n|-damage|p1a: You know you found|0 fnt\n|faint|p1a: You know you found\n|\n|-heal|p2a: Aegislash|56/100|[from] item: Leftovers\n|upkeep\n|\n|t:|1776289495\n|switch|p1a: Go through it|Ditto, L50|100/100\n|-status|p1a: Go through it|tox\n|-transform|p1a: Go through it|p2a: Aegislash|[from] ability: Imposter\n|turn|9\n|\n|t:|1776289509\n|-formechange|p2a: Aegislash|Aegislash|\n|move|p2a: Aegislash|King's Shield|p2a: Aegislash\n|-singleturn|p2a: Aegislash|Protect\n|move|p1a: Go through it|Poltergeist|p2a: Aegislash\n|-activate|p2a: Aegislash|move: Protect\n|\n|-heal|p2a: Aegislash|62/100|[from] item: Leftovers\n|-damage|p1a: Go through it|95/100 tox|[from] psn\n|upkeep\n|turn|10\n|\n|t:|1776289526\n|move|p1a: Go through it|Poltergeist|p2a: Aegislash\n|-activate|p2a: Aegislash|move: Poltergeist|Leftovers\n|-supereffective|p2a: Aegislash|1\n|-damage|p2a: Aegislash|0 fnt\n|faint|p2a: Aegislash\n|\n|-damage|p1a: Go through it|83/100 tox|[from] psn\n|upkeep\n|\n|t:|1776289534\n|switch|p2a: Charizard|Charizard, L50, M, shiny|100/100\n|turn|11\n|\n|t:|1776289548\n|switch|p1a: THE WALL|Aggron, L50, M|100/100\n|detailschange|p2a: Charizard|Charizard-Mega-Y, L50, M, shiny\n|-mega|p2a: Charizard|Charizard|Charizardite Y\n|-weather|SunnyDay|[from] ability: Drought|[of] p2a: Charizard\n|move|p2a: Charizard|Weather Ball|p1a: THE WALL\n|-ability|p1a: THE WALL|Sturdy\n|-damage|p1a: THE WALL|1/100\n|\n|-weather|SunnyDay|[upkeep]\n|upkeep\n|turn|12\n|\n|t:|1776289574\n|detailschange|p1a: THE WALL|Aggron-Mega, L50, M\n|-mega|p1a: THE WALL|Aggron|Aggronite\n|move|p2a: Charizard|Weather Ball|p1a: THE WALL\n|-supereffective|p1a: THE WALL|1\n|-damage|p1a: THE WALL|0 fnt\n|faint|p1a: THE WALL\n|\n|-weather|SunnyDay|[upkeep]\n|upkeep\n|\n|t:|1776289578\n|switch|p1a: Go through it|Ditto, L50|83/100 tox\n|-transform|p1a: Go through it|p2a: Charizard|[from] ability: Imposter\n|turn|13\n|\n|t:|1776289590\n|move|p1a: Go through it|Weather Ball|p2a: Charizard\n|-resisted|p2a: Charizard|1\n|-damage|p2a: Charizard|55/100\n|move|p2a: Charizard|Hurricane|p1a: Go through it|[miss]\n|-miss|p2a: Charizard|p1a: Go through it\n|\n|-weather|SunnyDay|[upkeep]\n|-damage|p1a: Go through it|77/100 tox|[from] psn\n|upkeep\n|turn|14\n|\n|t:|1776289605\n|move|p1a: Go through it|Weather Ball|p2a: Charizard\n|-resisted|p2a: Charizard|1\n|-damage|p2a: Charizard|7/100\n|move|p2a: Charizard|Hurricane|p1a: Go through it\n|-damage|p1a: Go through it|10/100 tox\n|-start|p1a: Go through it|confusion\n|\n|-weather|SunnyDay|[upkeep]\n|-damage|p1a: Go through it|0 fnt|[from] psn\n|faint|p1a: Go through it\n|\n|win|harald283\n|raw|Nascarfan1896's rating: 1218 &rarr; <strong>1189</strong><br />(-29 for losing)\n|raw|harald283's rating: 1166 &rarr; <strong>1195</strong><br />(+29 for winning)\n|l|\u2606Nascarfan1896\n|player|p1|\n",
  "uploadtime": 1776289620,
  "views": 3,
  "formatid": "gen9championsbssregma",
  "rating": 1189,
  "private": 0,
  "password": null
}