{
  "id": "gen9championsbssregma-2586960763",
  "format": "[Gen 9 Champions] BSS Reg M-A",
  "players": [
    "skyla'shusband",
    "NXC 8876113"
  ],
  "log": "|j|\u2606skyla'shusband\n|j|\u2606NXC 8876113\n|t:|1776475880\n|gametype|singles\n|player|p1|skyla'shusband|skyla|1231\n|player|p2|NXC 8876113|266|1268\n|gen|9\n|tier|[Gen 9 Champions] BSS Reg M-A\n|rated|\n|rule|Species Clause: Limit one of each Pok\u00e9mon\n|rule|Item Clause: Limit 1 of each item\n|clearpoke\n|poke|p1|Gyarados, L50, M|\n|poke|p1|Venusaur, L50, M|\n|poke|p1|Stunfisk, L50, M|\n|poke|p1|Mimikyu, L50, F|\n|poke|p1|Armarouge, L50, M|\n|poke|p1|Archaludon, L50, M|\n|poke|p2|Garchomp, L50, F|\n|poke|p2|Scizor, L50, M|\n|poke|p2|Dragapult, L50, M|\n|poke|p2|Sneasler, L50, M|\n|poke|p2|Mimikyu, L50, M|\n|poke|p2|Hydreigon, L50, M|\n|teampreview|3\n|inactive|Battle timer is ON: inactive players will automatically lose when time's up. (requested by NXC 8876113)\n|j| Robeadminchiam\n|\n|t:|1776475943\n|teamsize|p1|3\n|teamsize|p2|3\n|start\n|switch|p1a: Archaludon|Archaludon, L50, M|100/100\n|switch|p2a: Garchomp|Garchomp, L50, F|100/100\n|turn|1\n|inactive|NXC 8876113 has 30 seconds left.\n|\n|t:|1776475968\n|move|p1a: Archaludon|Draco Meteor|p2a: Garchomp\n|-supereffective|p2a: Garchomp|1\n|-damage|p2a: Garchomp|0 fnt\n|-unboost|p1a: Archaludon|spa|2\n|faint|p2a: Garchomp\n|\n|upkeep\n|\n|t:|1776475972\n|switch|p2a: Scizor|Scizor, L50, M|100/100\n|turn|2\n|\n|t:|1776475982\n|switch|p1a: Stunfisk|Stunfisk, L50, M|100/100\n|detailschange|p2a: Scizor|Scizor-Mega, L50, M\n|-mega|p2a: Scizor|Scizor|Scizorite\n|move|p2a: Scizor|Swords Dance|p2a: Scizor\n|-boost|p2a: Scizor|atk|2\n|\n|upkeep\n|turn|3\n|inactive|NXC 8876113 has 30 seconds left.\n|\n|t:|1776476009\n|move|p2a: Scizor|Close Combat|p1a: Stunfisk\n|-damage|p1a: Stunfisk|17/100\n|-unboost|p2a: Scizor|def|1\n|-unboost|p2a: Scizor|spd|1\n|move|p1a: Stunfisk|Yawn|p2a: Scizor\n|-start|p2a: Scizor|move: Yawn|[of] p1a: Stunfisk\n|\n|-heal|p1a: Stunfisk|23/100|[from] item: Leftovers\n|upkeep\n|turn|4\n|\n|t:|1776476020\n|switch|p2a: Dragapult|Dragapult, L50, M|100/100\n|move|p1a: Stunfisk|Stealth Rock|p2a: Dragapult\n|-sidestart|p2: NXC 8876113|move: Stealth Rock\n|\n|-heal|p1a: Stunfisk|29/100|[from] item: Leftovers\n|upkeep\n|turn|5\n|j| p74\n|\n|t:|1776476030\n|move|p2a: Dragapult|Shadow Ball|p1a: Stunfisk\n|-damage|p1a: Stunfisk|0 fnt\n|faint|p1a: Stunfisk\n|\n|upkeep\n|\n|t:|1776476033\n|switch|p1a: Gyarados|Gyarados, L50, M, shiny|100/100\n|-ability|p1a: Gyarados|Intimidate|boost\n|-unboost|p2a: Dragapult|atk|1\n|turn|6\n|\n|t:|1776476056\n|detailschange|p1a: Gyarados|Gyarados-Mega, L50, M, shiny\n|-mega|p1a: Gyarados|Gyarados|Gyaradosite\n|-ability|p1a: Gyarados|Mold Breaker\n|move|p2a: Dragapult|Thunderbolt|p1a: Gyarados\n|-supereffective|p1a: Gyarados|1\n|-damage|p1a: Gyarados|51/100\n|move|p1a: Gyarados|Dragon Dance|p1a: Gyarados\n|-boost|p1a: Gyarados|atk|1\n|-boost|p1a: Gyarados|spe|1\n|\n|upkeep\n|turn|7\n|\n|t:|1776476064\n|move|p1a: Gyarados|Earthquake|p2a: Dragapult\n|-damage|p2a: Dragapult|18/100\n|move|p2a: Dragapult|Thunderbolt|p1a: Gyarados\n|-supereffective|p1a: Gyarados|1\n|-damage|p1a: Gyarados|3/100\n|\n|upkeep\n|turn|8\n|-message|skyla'shusband forfeited.\n|\n|win|NXC 8876113\n|raw|skyla&apos;shusband's rating: 1231 &rarr; <strong>1207</strong><br />(-24 for losing)\n|raw|NXC 8876113's rating: 1245 &rarr; <strong>1269</strong><br />(+24 for winning)\n|l|\u2606skyla'shusband\n|player|p1|\n|l|\u2606NXC 8876113\n|player|p2|\n",
  "uploadtime": 1776476132,
  "views": 6,
  "formatid": "gen9championsbssregma",
  "rating": 1207,
  "private": 0,
  "password": null
}