{
  "id": "gen9championsbssregma-2582151312",
  "format": "[Gen 9 Champions] BSS Reg M-A",
  "players": [
    "carbonlifeformmeme",
    "karbain"
  ],
  "log": "|j|\u2606carbonlifeformmeme\n|j|\u2606karbain\n|t:|1776064602\n|gametype|singles\n|player|p1|carbonlifeformmeme|170|1247\n|player|p2|karbain|170|1409\n|gen|9\n|tier|[Gen 9 Champions] BSS Reg M-A\n|rated|\n|rule|Species Clause: Limit one of each Pok\u00e9mon\n|rule|Item Clause: Limit 1 of each item\n|clearpoke\n|poke|p1|Meowscarada, L50, M|\n|poke|p1|Froslass, L50, F|\n|poke|p1|Sneasler, L50, M|\n|poke|p1|Orthworm, L50, F|\n|poke|p1|Rotom-Heat, L50|\n|poke|p1|Glimmora, L50, F|\n|poke|p2|Basculegion, L50, M|\n|poke|p2|Delphox, L50, M|\n|poke|p2|Lopunny, L50, F|\n|poke|p2|Corviknight, L50, M|\n|poke|p2|Bellibolt, L50, F|\n|poke|p2|Garchomp, L50, M|\n|teampreview|3\n|c|\u2606carbonlifeformmeme|glhf\n|\n|t:|1776064674\n|teamsize|p1|3\n|teamsize|p2|3\n|start\n|switch|p1a: Rotom|Rotom-Heat, L50|100/100\n|switch|p2a: Lopunny|Lopunny, L50, F, shiny|100/100\n|turn|1\n|\n|t:|1776064683\n|detailschange|p2a: Lopunny|Lopunny-Mega, L50, F, shiny\n|-mega|p2a: Lopunny|Lopunny|Lopunnite\n|move|p2a: Lopunny|Fake Out|p1a: Rotom\n|-damage|p1a: Rotom|77/100\n|cant|p1a: Rotom|flinch\n|\n|upkeep\n|turn|2\n|\n|t:|1776064690\n|move|p2a: Lopunny|Facade|p1a: Rotom\n|-damage|p1a: Rotom|33/100\n|move|p1a: Rotom|Thunder Wave|p2a: Lopunny\n|-status|p2a: Lopunny|par\n|\n|upkeep\n|turn|3\n|\n|t:|1776064698\n|move|p1a: Rotom|Overheat|p2a: Lopunny\n|-damage|p2a: Lopunny|24/100 par\n|-unboost|p1a: Rotom|spa|2\n|cant|p2a: Lopunny|par\n|\n|upkeep\n|turn|4\n|j| p74\n|\n|t:|1776064706\n|move|p2a: Lopunny|Mach Punch|p1a: Rotom\n|-damage|p1a: Rotom|8/100\n|move|p1a: Rotom|Overheat|p2a: Lopunny\n|-damage|p2a: Lopunny|0 fnt\n|-unboost|p1a: Rotom|spa|2\n|faint|p2a: Lopunny\n|\n|upkeep\n|\n|t:|1776064713\n|switch|p2a: Basculegion|Basculegion, L50, M|100/100\n|turn|5\n|\n|t:|1776064719\n|move|p2a: Basculegion|Last Respects|p1a: Rotom\n|-damage|p1a: Rotom|0 fnt\n|faint|p1a: Rotom\n|\n|upkeep\n|\n|t:|1776064724\n|switch|p1a: Meowscarada|Meowscarada, L50, M|100/100\n|turn|6\n|\n|t:|1776064731\n|switch|p2a: Corviknight|Corviknight, L50, M|100/100\n|-ability|p2a: Corviknight|Pressure\n|move|p1a: Meowscarada|Knock Off|p2a: Corviknight\n|-start|p1a: Meowscarada|typechange|Dark|[from] ability: Protean\n|-damage|p2a: Corviknight|67/100\n|-enditem|p2a: Corviknight|Leftovers|[from] move: Knock Off|[of] p1a: Meowscarada\n|\n|upkeep\n|turn|7\n|\n|t:|1776064742\n|switch|p1a: Froslass|Froslass, L50, F|100/100\n|move|p2a: Corviknight|U-turn|p1a: Froslass\n|-resisted|p1a: Froslass|1\n|-damage|p1a: Froslass|89/100\n|\n|t:|1776064747\n|switch|p2a: Basculegion|Basculegion, L50, M|100/100|[from] U-turn\n|\n|upkeep\n|turn|8\n|\n|t:|1776064760\n|detailschange|p1a: Froslass|Froslass-Mega, L50, F\n|-mega|p1a: Froslass|Froslass|Froslassite\n|-weather|Snowscape|[from] ability: Snow Warning|[of] p1a: Froslass\n|move|p2a: Basculegion|Last Respects|p1a: Froslass\n|-supereffective|p1a: Froslass|1\n|-damage|p1a: Froslass|0 fnt\n|faint|p1a: Froslass\n|\n|-weather|Snowscape|[upkeep]\n|upkeep\n|\n|t:|1776064770\n|switch|p1a: Meowscarada|Meowscarada, L50, M|100/100\n|turn|9\n|\n|t:|1776064775\n|move|p1a: Meowscarada|Knock Off|p2a: Basculegion\n|-start|p1a: Meowscarada|typechange|Dark|[from] ability: Protean\n|-supereffective|p2a: Basculegion|1\n|-damage|p2a: Basculegion|0 fnt\n|-enditem|p2a: Basculegion|Choice Scarf|[from] move: Knock Off|[of] p1a: Meowscarada\n|faint|p2a: Basculegion\n|\n|-weather|Snowscape|[upkeep]\n|upkeep\n|\n|t:|1776064782\n|switch|p2a: Corviknight|Corviknight, L50, M|67/100\n|-ability|p2a: Corviknight|Pressure\n|turn|10\n|\n|t:|1776064788\n|move|p1a: Meowscarada|Knock Off|p2a: Corviknight\n|-damage|p2a: Corviknight|45/100\n|move|p2a: Corviknight|Iron Defense|p2a: Corviknight\n|-boost|p2a: Corviknight|def|2\n|\n|-weather|Snowscape|[upkeep]\n|upkeep\n|turn|11\n|c|\u2606carbonlifeformmeme|gg\n|-message|carbonlifeformmeme forfeited.\n|\n|win|karbain\n|raw|carbonlifeformmeme's rating: 1247 &rarr; <strong>1233</strong><br />(-14 for losing)\n|raw|karbain's rating: 1409 &rarr; <strong>1420</strong><br />(+11 for winning)\n|l|\u2606carbonlifeformmeme\n|player|p1|\n|l|\u2606karbain\n|player|p2|\n",
  "uploadtime": 1776064868,
  "views": 6,
  "formatid": "gen9championsbssregma",
  "rating": 1233,
  "private": 0,
  "password": null
}