{
  "id": "gen9championsbssregma-2585952053",
  "format": "[Gen 9 Champions] BSS Reg M-A",
  "players": [
    "khanhnguyen11",
    "Cumdoy"
  ],
  "log": "|j|\u2606khanhnguyen11\n|j|\u2606Cumdoy\n|t:|1776384512\n|gametype|singles\n|player|p1|khanhnguyen11|lance|1082\n|player|p2|Cumdoy|1|1204\n|gen|9\n|tier|[Gen 9 Champions] BSS Reg M-A\n|rated|\n|rule|Species Clause: Limit one of each Pok\u00e9mon\n|rule|Item Clause: Limit 1 of each item\n|clearpoke\n|poke|p1|Blastoise, L50, F|\n|poke|p1|Garchomp, L50, F|\n|poke|p1|Tyranitar, L50, F|\n|poke|p1|Sylveon, L50, F|\n|poke|p1|Excadrill, L50, M|\n|poke|p1|Dragapult, L50, F|\n|poke|p2|Glimmora, L50, F|\n|poke|p2|Ninetales-Alola, L50, M|\n|poke|p2|Hippowdon, L50, M|\n|poke|p2|Basculegion, L50, M|\n|poke|p2|Meganium, L50, M|\n|poke|p2|Pelipper, L50, M|\n|teampreview|3\n|inactive|Battle timer is ON: inactive players will automatically lose when time's up. (requested by khanhnguyen11)\n|inactive|khanhnguyen11 has 60 seconds left.\n|c|\u2606Cumdoy|alright i don't like ur team, i'm gonna try something new\n|c|\u2606Cumdoy|and by \"i don't like it\", i mean i think you'll win\n|inactive|khanhnguyen11 has 30 seconds left.\n|inactive|khanhnguyen11 has 20 seconds left.\n|inactive|khanhnguyen11 has 15 seconds left.\n|\n|t:|1776384592\n|teamsize|p1|3\n|teamsize|p2|3\n|start\n|switch|p1a: Blastoise|Blastoise, L50, F|100/100\n|switch|p2a: Glimmora|Glimmora, L50, F|100/100\n|turn|1\n|c|\u2606khanhnguyen11|wdym?\n|c|\u2606Cumdoy|i just feel like it'll do well against my team\n|\n|t:|1776384609\n|switch|p2a: Meganium|Meganium, L50, M|100/100\n|detailschange|p1a: Blastoise|Blastoise-Mega, L50, F\n|-mega|p1a: Blastoise|Blastoise|Blastoisinite\n|move|p1a: Blastoise|Shell Smash|p1a: Blastoise\n|-unboost|p1a: Blastoise|def|1\n|-unboost|p1a: Blastoise|spd|1\n|-boost|p1a: Blastoise|atk|2\n|-boost|p1a: Blastoise|spa|2\n|-boost|p1a: Blastoise|spe|2\n|\n|upkeep\n|turn|2\n|c|\u2606khanhnguyen11|Not really.\n|c|\u2606khanhnguyen11|See\n|c|\u2606khanhnguyen11|Mega meganium\n|c|\u2606khanhnguyen11|counter me\n|\n|t:|1776384620\n|detailschange|p2a: Meganium|Meganium-Mega, L50, M\n|-mega|p2a: Meganium|Meganium|Meganiumite\n|move|p1a: Blastoise|Dark Pulse|p2a: Meganium\n|-resisted|p2a: Meganium|1\n|-damage|p2a: Meganium|49/100\n|move|p2a: Meganium|Solar Beam||[still]\n|-prepare|p2a: Meganium|Solar Beam\n|-activate|p2a: Meganium|ability: Mega Sol\n|-anim|p2a: Meganium|Solar Beam|p1a: Blastoise\n|-supereffective|p1a: Blastoise|1\n|-damage|p1a: Blastoise|0 fnt\n|faint|p1a: Blastoise\n|\n|upkeep\n|c|\u2606khanhnguyen11|SEE\n|c|\u2606khanhnguyen11|Told u\n|\n|t:|1776384633\n|switch|p1a: Excadrill|Excadrill, L50, M|100/100\n|turn|3\n|\n|t:|1776384640\n|switch|p1a: Tyranitar|Tyranitar, L50, F|100/100\n|-weather|Sandstorm|[from] ability: Sand Stream|[of] p1a: Tyranitar\n|move|p2a: Meganium|Weather Ball|p1a: Tyranitar\n|-resisted|p1a: Tyranitar|1\n|-damage|p1a: Tyranitar|71/100\n|\n|-weather|Sandstorm|[upkeep]\n|-damage|p2a: Meganium|43/100|[from] Sandstorm\n|upkeep\n|turn|4\n|c|\u2606Cumdoy|tbh i didn't think you'd bring blastoise\n|\n|t:|1776384653\n|move|p2a: Meganium|Synthesis|p2a: Meganium\n|-heal|p2a: Meganium|100/100\n|move|p1a: Tyranitar|Fire Punch|p2a: Meganium\n|-supereffective|p2a: Meganium|1\n|-damage|p2a: Meganium|38/100\n|\n|-weather|Sandstorm|[upkeep]\n|-damage|p2a: Meganium|32/100|[from] Sandstorm\n|upkeep\n|turn|5\n|\n|t:|1776384661\n|move|p2a: Meganium|Solar Beam||[still]\n|-prepare|p2a: Meganium|Solar Beam\n|-activate|p2a: Meganium|ability: Mega Sol\n|-anim|p2a: Meganium|Solar Beam|p1a: Tyranitar\n|-supereffective|p1a: Tyranitar|1\n|-damage|p1a: Tyranitar|0 fnt\n|faint|p1a: Tyranitar\n|\n|-weather|Sandstorm|[upkeep]\n|-damage|p2a: Meganium|27/100|[from] Sandstorm\n|upkeep\n|\n|t:|1776384669\n|switch|p1a: Excadrill|Excadrill, L50, M|100/100\n|turn|6\n|c|\u2606Cumdoy|it was sylveon and dragapult that scared me\n|\n|t:|1776384680\n|move|p1a: Excadrill|Iron Head|p2a: Meganium\n|-supereffective|p2a: Meganium|1\n|-damage|p2a: Meganium|0 fnt\n|faint|p2a: Meganium\n|\n|-weather|Sandstorm|[upkeep]\n|upkeep\n|c|\u2606khanhnguyen11|AH lol\n|c|\u2606khanhnguyen11|nope\n|c|\u2606khanhnguyen11|sylveon and dragapult is bad here\n|\n|t:|1776384692\n|switch|p2a: Pelipper|Pelipper, L50, M|100/100\n|-weather|RainDance|[from] ability: Drizzle|[of] p2a: Pelipper\n|turn|7\n|c|\u2606Cumdoy|dragapult has wiped my whole team before haha\n|\n|t:|1776384703\n|move|p2a: Pelipper|Weather Ball|p1a: Excadrill\n|-supereffective|p1a: Excadrill|1\n|-enditem|p1a: Excadrill|Focus Sash\n|-damage|p1a: Excadrill|1/100\n|move|p1a: Excadrill|Swords Dance|p1a: Excadrill\n|-boost|p1a: Excadrill|atk|2\n|\n|-weather|RainDance|[upkeep]\n|upkeep\n|turn|8\n|c|\u2606Cumdoy|usually if it has sash\n|c|\u2606khanhnguyen11|Ah gg\n|\n|t:|1776384712\n|move|p2a: Pelipper|Weather Ball|p1a: Excadrill\n|-supereffective|p1a: Excadrill|1\n|-damage|p1a: Excadrill|0 fnt\n|faint|p1a: Excadrill\n|\n|win|Cumdoy\n|raw|khanhnguyen11's rating: 1082 &rarr; <strong>1067</strong><br />(-15 for losing)\n|raw|Cumdoy's rating: 1204 &rarr; <strong>1221</strong><br />(+17 for winning)\n|c|\u2606Cumdoy|gg\n",
  "uploadtime": 1776384722,
  "views": 5,
  "formatid": "gen9championsbssregma",
  "rating": 1067,
  "private": 0,
  "password": null
}