{
  "id": "gen9championsbssregma-2581533317",
  "format": "[Gen 9 Champions] BSS Reg M-A",
  "players": [
    "Mrs. RobinZUn",
    "Dr. Elite"
  ],
  "log": "|j|\u2606Mrs. RobinZUn\n|j|\u2606Dr. Elite\n|inactive|Battle timer is ON: inactive players will automatically lose when time's up.\n|t:|1776008827\n|gametype|singles\n|player|p1|Mrs. RobinZUn|erika-gen2|\n|player|p2|Dr. Elite|#drelite|\n|gen|9\n|tier|[Gen 9 Champions] BSS Reg M-A\n|rated|Tournament battle\n|rule|Species Clause: Limit one of each Pok\u00e9mon\n|rule|Item Clause: Limit 1 of each item\n|clearpoke\n|poke|p1|Slurpuff, L50, F|\n|poke|p1|Lopunny, L50, M|\n|poke|p1|Basculegion, L50, M|\n|poke|p1|Meganium, L50, M|\n|poke|p1|Archaludon, L50, F|\n|poke|p1|Pelipper, L50, M|\n|poke|p2|Alakazam, L50, M|\n|poke|p2|Gardevoir, L50, F|\n|poke|p2|Slowking, L50, M|\n|poke|p2|Farigiraf, L50, F|\n|poke|p2|Slowbro, L50, M|\n|poke|p2|Gallade, L50, M|\n|teampreview|3\n|j| TheNewBrends11@!\n|j| Squidero\n|inactive|Mrs. RobinZUn has 60 seconds left.\n|inactive|Dr. Elite has 60 seconds left.\n|\n|t:|1776008876\n|teamsize|p1|3\n|teamsize|p2|3\n|start\n|switch|p1a: Illegal|Meganium, L50, M|100/100\n|switch|p2a: Lithium|Alakazam, L50, M, shiny|100/100\n|turn|1\n|\n|t:|1776008888\n|detailschange|p1a: Illegal|Meganium-Mega, L50, M\n|-mega|p1a: Illegal|Meganium|Meganiumite\n|move|p2a: Lithium|Psychic|p1a: Illegal\n|-damage|p1a: Illegal|55/100\n|move|p1a: Illegal|Solar Beam||[still]\n|-prepare|p1a: Illegal|Solar Beam\n|-activate|p1a: Illegal|ability: Mega Sol\n|-anim|p1a: Illegal|Solar Beam|p2a: Lithium\n|-enditem|p2a: Lithium|Focus Sash\n|-damage|p2a: Lithium|1/100\n|\n|upkeep\n|turn|2\n|l| Squidero\n|j| Pink+Whitefan\n|inactive|Dr. Elite has 30 seconds left.\n|\n|t:|1776008919\n|move|p2a: Lithium|Psychic|p1a: Illegal\n|-damage|p1a: Illegal|12/100\n|move|p1a: Illegal|Solar Beam||[still]\n|-prepare|p1a: Illegal|Solar Beam\n|-activate|p1a: Illegal|ability: Mega Sol\n|-anim|p1a: Illegal|Solar Beam|p2a: Lithium\n|-damage|p2a: Lithium|0 fnt\n|faint|p2a: Lithium\n|\n|upkeep\n|\n|t:|1776008921\n|switch|p2a: Escitalopram|Gardevoir, L50, F, shiny|100/100\n|-ability|p2a: Escitalopram|Mega Sol|Trace|[from] ability: Trace|[of] p1a: Illegal\n|turn|3\n|\n|t:|1776008936\n|move|p2a: Escitalopram|Moonblast|p1a: Illegal\n|-damage|p1a: Illegal|0 fnt\n|faint|p1a: Illegal\n|\n|upkeep\n|\n|t:|1776008938\n|switch|p1a: Stateside|Archaludon, L50, F|100/100\n|turn|4\n|\n|t:|1776008943\n|move|p2a: Escitalopram|Moonblast|p1a: Stateside\n|-damage|p1a: Stateside|28/100\n|move|p1a: Stateside|Flash Cannon|p2a: Escitalopram\n|-supereffective|p2a: Escitalopram|1\n|-damage|p2a: Escitalopram|0 fnt\n|faint|p2a: Escitalopram\n|\n|upkeep\n|\n|t:|1776008947\n|switch|p2a: Haloperidol|Slowbro, L50, M, shiny|100/100\n|turn|5\n|\n|t:|1776008952\n|detailschange|p2a: Haloperidol|Slowbro-Mega, L50, M, shiny\n|-mega|p2a: Haloperidol|Slowbro|Slowbronite\n|move|p1a: Stateside|Draco Meteor|p2a: Haloperidol\n|-damage|p2a: Haloperidol|51/100\n|-unboost|p1a: Stateside|spa|2\n|-enditem|p1a: Stateside|White Herb\n|-clearnegativeboost|p1a: Stateside|[silent]\n|move|p2a: Haloperidol|Calm Mind|p2a: Haloperidol\n|-boost|p2a: Haloperidol|spa|1\n|-boost|p2a: Haloperidol|spd|1\n|\n|upkeep\n|turn|6\n|j| xenofobo\n|j| spindle pit\n|\n|t:|1776008964\n|move|p1a: Stateside|Dragon Pulse|p2a: Haloperidol\n|-damage|p2a: Haloperidol|28/100\n|move|p2a: Haloperidol|Slack Off|p2a: Haloperidol\n|-heal|p2a: Haloperidol|78/100\n|\n|upkeep\n|turn|7\n|\n|t:|1776008966\n|move|p1a: Stateside|Dragon Pulse|p2a: Haloperidol\n|-damage|p2a: Haloperidol|54/100\n|move|p2a: Haloperidol|Iron Defense|p2a: Haloperidol\n|-boost|p2a: Haloperidol|def|2\n|\n|upkeep\n|turn|8\n|\n|t:|1776008970\n|switch|p1a: Romeo|Basculegion, L50, M|100/100\n|move|p2a: Haloperidol|Slack Off|p2a: Haloperidol\n|-heal|p2a: Haloperidol|100/100\n|\n|upkeep\n|turn|9\n|j| qlsf\n|\n|t:|1776008976\n|move|p1a: Romeo|Last Respects|p2a: Haloperidol\n|-supereffective|p2a: Haloperidol|1\n|-damage|p2a: Haloperidol|69/100\n|move|p2a: Haloperidol|Iron Defense|p2a: Haloperidol\n|-boost|p2a: Haloperidol|def|2\n|\n|upkeep\n|turn|10\n|\n|t:|1776008981\n|move|p1a: Romeo|Last Respects|p2a: Haloperidol\n|-supereffective|p2a: Haloperidol|1\n|-damage|p2a: Haloperidol|47/100\n|move|p2a: Haloperidol|Iron Defense|p2a: Haloperidol\n|-boost|p2a: Haloperidol|def|2\n|\n|upkeep\n|turn|11\n|\n|t:|1776008984\n|move|p1a: Romeo|Last Respects|p2a: Haloperidol\n|-supereffective|p2a: Haloperidol|1\n|-damage|p2a: Haloperidol|31/100\n|move|p2a: Haloperidol|Slack Off|p2a: Haloperidol\n|-heal|p2a: Haloperidol|81/100\n|\n|upkeep\n|turn|12\n|\n|t:|1776008987\n|move|p1a: Romeo|Last Respects|p2a: Haloperidol\n|-supereffective|p2a: Haloperidol|1\n|-damage|p2a: Haloperidol|63/100\n|move|p2a: Haloperidol|Calm Mind|p2a: Haloperidol\n|-boost|p2a: Haloperidol|spa|1\n|-boost|p2a: Haloperidol|spd|1\n|\n|upkeep\n|turn|13\n|\n|t:|1776008991\n|move|p1a: Romeo|Last Respects|p2a: Haloperidol\n|-supereffective|p2a: Haloperidol|1\n|-damage|p2a: Haloperidol|48/100\n|move|p2a: Haloperidol|Slack Off|p2a: Haloperidol\n|-heal|p2a: Haloperidol|98/100\n|\n|upkeep\n|turn|14\n|\n|t:|1776008994\n|move|p1a: Romeo|Last Respects|p2a: Haloperidol\n|-supereffective|p2a: Haloperidol|1\n|-damage|p2a: Haloperidol|80/100\n|move|p2a: Haloperidol|Scald|p1a: Romeo\n|-resisted|p1a: Romeo|1\n|-damage|p1a: Romeo|65/100\n|\n|upkeep\n|turn|15\n|\n|t:|1776008998\n|move|p1a: Romeo|Last Respects|p2a: Haloperidol\n|-supereffective|p2a: Haloperidol|1\n|-damage|p2a: Haloperidol|64/100\n|move|p2a: Haloperidol|Scald|p1a: Romeo\n|-resisted|p1a: Romeo|1\n|-damage|p1a: Romeo|29/100\n|\n|upkeep\n|turn|16\n|\n|t:|1776009001\n|move|p1a: Romeo|Last Respects|p2a: Haloperidol\n|-supereffective|p2a: Haloperidol|1\n|-damage|p2a: Haloperidol|44/100\n|move|p2a: Haloperidol|Slack Off|p2a: Haloperidol\n|-heal|p2a: Haloperidol|94/100\n|\n|upkeep\n|turn|17\n|\n|t:|1776009005\n|move|p1a: Romeo|Last Respects|p2a: Haloperidol\n|-supereffective|p2a: Haloperidol|1\n|-damage|p2a: Haloperidol|78/100\n|move|p2a: Haloperidol|Calm Mind|p2a: Haloperidol\n|-boost|p2a: Haloperidol|spa|1\n|-boost|p2a: Haloperidol|spd|1\n|\n|upkeep\n|turn|18\n|\n|t:|1776009010\n|move|p1a: Romeo|Last Respects|p2a: Haloperidol\n|-supereffective|p2a: Haloperidol|1\n|-damage|p2a: Haloperidol|60/100\n|move|p2a: Haloperidol|Calm Mind|p2a: Haloperidol\n|-boost|p2a: Haloperidol|spa|1\n|-boost|p2a: Haloperidol|spd|1\n|\n|upkeep\n|turn|19\n|\n|t:|1776009014\n|move|p1a: Romeo|Last Respects|p2a: Haloperidol\n|-supereffective|p2a: Haloperidol|1\n|-damage|p2a: Haloperidol|45/100\n|move|p2a: Haloperidol|Calm Mind|p2a: Haloperidol\n|-boost|p2a: Haloperidol|spa|1\n|-boost|p2a: Haloperidol|spd|1\n|\n|upkeep\n|turn|20\n|j| ekun20\n|\n|t:|1776009017\n|move|p1a: Romeo|Last Respects|p2a: Haloperidol\n|-supereffective|p2a: Haloperidol|1\n|-damage|p2a: Haloperidol|27/100\n|move|p2a: Haloperidol|Slack Off|p2a: Haloperidol\n|-heal|p2a: Haloperidol|77/100\n|\n|upkeep\n|turn|21\n|j| VagueParallels\n|\n|t:|1776009022\n|-activate|p1a: Romeo|move: Struggle\n|move|p1a: Romeo|Struggle|p2a: Haloperidol\n|-damage|p2a: Haloperidol|74/100\n|-damage|p1a: Romeo|4/100|[from] recoil\n|move|p2a: Haloperidol|Calm Mind|p2a: Haloperidol\n|-boost|p2a: Haloperidol|spa|1\n|-boost|p2a: Haloperidol|spd|1\n|\n|upkeep\n|turn|22\n|\n|t:|1776009024\n|-activate|p1a: Romeo|move: Struggle\n|move|p1a: Romeo|Struggle|p2a: Haloperidol\n|-damage|p2a: Haloperidol|72/100\n|-damage|p1a: Romeo|0 fnt|[from] recoil\n|faint|p1a: Romeo\n|move|p2a: Haloperidol|Slack Off|p2a: Haloperidol\n|-heal|p2a: Haloperidol|100/100\n|\n|upkeep\n|j| MakZ7X\n|c| ekun20|Cooled boi\n|c|\u2606Mrs. RobinZUn|gg lol that thing is annoying\n|c| VagueParallels|that's a lot of boosts\n|c| ekun20|Yuh\n|-message|Mrs. RobinZUn forfeited.\n|\n|win|Dr. Elite\n|n|\u2606Mrs. RobinZUn|mrsrobinzun\n|n|\u2606Dr. Elite|drelite\n|n| TheNewBrends11@!|thenewbrends11\n|n| Pink+Whitefan|pinkwhitefan\n|n| xenofobo|xenofobo\n|n| spindle pit|spindlepit\n|n| qlsf|qlsf\n|n| ekun20|ekun20\n|n| VagueParallels|vagueparallels\n|n| MakZ7X|makz7x\n|l|\u2606Mrs. RobinZUn\n|player|p1|\n|l| VagueParallels\n|l| xenofobo\n|l| qlsf\n|l| MakZ7X\n",
  "uploadtime": 1776009078,
  "views": 4,
  "formatid": "gen9championsbssregma",
  "rating": null,
  "private": 0,
  "password": null
}