{
  "id": "gen9championsbssregma-2585415906",
  "format": "[Gen 9 Champions] BSS Reg M-A",
  "players": [
    "BBBkty",
    "WhatATwat2"
  ],
  "log": "|j|\u2606BBBkty\n|j|\u2606WhatATwat2\n|t:|1776345730\n|gametype|singles\n|player|p1|BBBkty|265|1100\n|player|p2|WhatATwat2|102|1140\n|gen|9\n|tier|[Gen 9 Champions] BSS Reg M-A\n|rated|\n|rule|Species Clause: Limit one of each Pok\u00e9mon\n|rule|Item Clause: Limit 1 of each item\n|clearpoke\n|poke|p1|Dragapult, L50, F|\n|poke|p1|Alakazam, L50, M|\n|poke|p1|Azumarill, L50, F|\n|poke|p1|Clefable, L50, M|\n|poke|p1|Espathra, L50, F|\n|poke|p1|Glimmora, L50, F|\n|poke|p2|Basculegion, L50, M|\n|poke|p2|Glimmora, L50, F|\n|poke|p2|Excadrill, L50, F|\n|poke|p2|Kingambit, L50, M|\n|poke|p2|Gengar, L50, F|\n|poke|p2|Clefable, L50, F|\n|teampreview|3\n|l|\u2606BBBkty\n|player|p1|\n|\n|t:|1776345794\n|teamsize|p1|3\n|teamsize|p2|3\n|start\n|switch|p1a: Glimmora|Glimmora, L50, F|100/100\n|switch|p2a: Glimmora|Glimmora, L50, F|100/100\n|turn|1\n|j|\u2606BBBkty\n|player|p1|BBBkty|265|\n|\n|t:|1776345800\n|move|p2a: Glimmora|Mud Shot|p1a: Glimmora\n|-supereffective|p1a: Glimmora|2\n|-damage|p1a: Glimmora|23/100\n|-unboost|p1a: Glimmora|spe|1\n|move|p1a: Glimmora|Stealth Rock|p2a: Glimmora\n|-sidestart|p2: WhatATwat2|move: Stealth Rock\n|\n|upkeep\n|turn|2\n|\n|t:|1776345807\n|move|p2a: Glimmora|Mud Shot|p1a: Glimmora\n|-supereffective|p1a: Glimmora|2\n|-damage|p1a: Glimmora|0 fnt\n|faint|p1a: Glimmora\n|\n|upkeep\n|\n|t:|1776345810\n|switch|p1a: Espathra|Espathra, L50, F, shiny|100/100\n|turn|3\n|inactive|Battle timer is ON: inactive players will automatically lose when time's up. (requested by BBBkty)\n|\n|t:|1776345818\n|move|p1a: Espathra|Protect|p1a: Espathra\n|-singleturn|p1a: Espathra|Protect\n|move|p2a: Glimmora|Mortal Spin|p1a: Espathra\n|-activate|p1a: Espathra|move: Protect\n|\n|-ability|p1a: Espathra|Speed Boost|boost\n|-boost|p1a: Espathra|spe|1\n|upkeep\n|turn|4\n|\n|t:|1776345826\n|move|p1a: Espathra|Lumina Crash|p2a: Glimmora\n|-supereffective|p2a: Glimmora|1\n|-damage|p2a: Glimmora|17/100\n|-unboost|p2a: Glimmora|spd|2\n|move|p2a: Glimmora|Mortal Spin|p1a: Espathra\n|-damage|p1a: Espathra|92/100\n|-status|p1a: Espathra|psn\n|-sideend|p2: WhatATwat2|Stealth Rock|[from] move: Mortal Spin|[of] p2a: Glimmora\n|\n|-damage|p1a: Espathra|80/100 psn|[from] psn\n|-ability|p1a: Espathra|Speed Boost|boost\n|-boost|p1a: Espathra|spe|1\n|upkeep\n|turn|5\n|\n|t:|1776345837\n|move|p1a: Espathra|Calm Mind|p1a: Espathra\n|-boost|p1a: Espathra|spa|1\n|-boost|p1a: Espathra|spd|1\n|move|p2a: Glimmora|Stealth Rock|p1a: Espathra\n|-sidestart|p1: BBBkty|move: Stealth Rock\n|\n|-damage|p1a: Espathra|68/100 psn|[from] psn\n|-ability|p1a: Espathra|Speed Boost|boost\n|-boost|p1a: Espathra|spe|1\n|upkeep\n|turn|6\n|\n|t:|1776345845\n|move|p1a: Espathra|Baton Pass|p1a: Espathra\n|\n|t:|1776345850\n|switch|p1a: Clefable|Clefable, L50, M, shiny|100/100|[from] Baton Pass\n|-damage|p1a: Clefable|88/100|[from] Stealth Rock\n|move|p2a: Glimmora|Power Gem|p1a: Clefable\n|-damage|p1a: Clefable|62/100\n|\n|upkeep\n|turn|7\n|\n|t:|1776345856\n|detailschange|p1a: Clefable|Clefable-Mega, L50, M, shiny\n|-mega|p1a: Clefable|Clefable|Clefablite\n|move|p1a: Clefable|Moonlight|p1a: Clefable\n|-heal|p1a: Clefable|100/100\n|move|p2a: Glimmora|Mortal Spin|p1a: Clefable\n|-supereffective|p1a: Clefable|1\n|-damage|p1a: Clefable|89/100\n|-status|p1a: Clefable|psn\n|\n|-damage|p1a: Clefable|77/100 psn|[from] psn\n|upkeep\n|turn|8\n|\n|t:|1776345863\n|move|p1a: Clefable|Cosmic Power|p1a: Clefable\n|-boost|p1a: Clefable|def|1\n|-boost|p1a: Clefable|spd|1\n|move|p2a: Glimmora|Power Gem|p1a: Clefable\n|-supereffective|p1a: Clefable|1\n|-damage|p1a: Clefable|44/100 psn\n|\n|-damage|p1a: Clefable|32/100 psn|[from] psn\n|upkeep\n|turn|9\n|\n|t:|1776345866\n|move|p1a: Clefable|Moonlight|p1a: Clefable\n|-heal|p1a: Clefable|82/100 psn\n|move|p2a: Glimmora|Power Gem|p1a: Clefable\n|-supereffective|p1a: Clefable|1\n|-damage|p1a: Clefable|50/100 psn\n|\n|-damage|p1a: Clefable|38/100 psn|[from] psn\n|upkeep\n|turn|10\n|\n|t:|1776345872\n|move|p1a: Clefable|Moonlight|p1a: Clefable\n|-heal|p1a: Clefable|88/100 psn\n|move|p2a: Glimmora|Power Gem|p1a: Clefable\n|-supereffective|p1a: Clefable|1\n|-crit|p1a: Clefable\n|-damage|p1a: Clefable|0 fnt\n|faint|p1a: Clefable\n|\n|upkeep\n|\n|t:|1776345877\n|switch|p1a: Espathra|Espathra, L50, F, shiny|68/100 psn\n|-damage|p1a: Espathra|56/100 psn|[from] Stealth Rock\n|turn|11\n|\n|t:|1776345880\n|move|p1a: Espathra|Protect|p1a: Espathra\n|-singleturn|p1a: Espathra|Protect\n|move|p2a: Glimmora|Power Gem|p1a: Espathra\n|-activate|p1a: Espathra|move: Protect\n|\n|-damage|p1a: Espathra|44/100 psn|[from] psn\n|-ability|p1a: Espathra|Speed Boost|boost\n|-boost|p1a: Espathra|spe|1\n|upkeep\n|-enditem|p1a: Espathra|Sitrus Berry|[eat]\n|-heal|p1a: Espathra|69/100 psn|[from] item: Sitrus Berry\n|turn|12\n|\n|t:|1776345885\n|move|p1a: Espathra|Calm Mind|p1a: Espathra\n|-boost|p1a: Espathra|spa|1\n|-boost|p1a: Espathra|spd|1\n|move|p2a: Glimmora|Mud Shot|p1a: Espathra\n|-damage|p1a: Espathra|54/100 psn\n|-unboost|p1a: Espathra|spe|1\n|\n|-damage|p1a: Espathra|42/100 psn|[from] psn\n|-ability|p1a: Espathra|Speed Boost|boost\n|-boost|p1a: Espathra|spe|1\n|upkeep\n|turn|13\n|\n|t:|1776345890\n|move|p1a: Espathra|Lumina Crash|p2a: Glimmora\n|-supereffective|p2a: Glimmora|1\n|-damage|p2a: Glimmora|0 fnt\n|faint|p2a: Glimmora\n|\n|-damage|p1a: Espathra|30/100 psn|[from] psn\n|-ability|p1a: Espathra|Speed Boost|boost\n|-boost|p1a: Espathra|spe|1\n|upkeep\n|\n|t:|1776345896\n|switch|p2a: Excadrill|Excadrill, L50, F|100/100\n|-ability|p2a: Excadrill|Mold Breaker\n|turn|14\n|\n|t:|1776345900\n|move|p1a: Espathra|Lumina Crash|p2a: Excadrill\n|-resisted|p2a: Excadrill|1\n|-damage|p2a: Excadrill|70/100\n|-unboost|p2a: Excadrill|spd|2\n|move|p2a: Excadrill|Earthquake|p1a: Espathra\n|-damage|p1a: Espathra|0 fnt\n|faint|p1a: Espathra\n|\n|win|WhatATwat2\n|raw|BBBkty's rating: 1100 &rarr; <strong>1078</strong><br />(-22 for losing)\n|raw|WhatATwat2's rating: 1140 &rarr; <strong>1162</strong><br />(+22 for winning)\n|l|\u2606WhatATwat2\n|player|p2|\n",
  "uploadtime": 1776345906,
  "views": 4,
  "formatid": "gen9championsbssregma",
  "rating": 1078,
  "private": 0,
  "password": null
}