{
  "id": "gen9championsbssregma-2589444298",
  "format": "[Gen 9 Champions] BSS Reg M-A",
  "players": [
    "conrookman",
    "Toil and Rot"
  ],
  "log": "|j|\u2606conrookman\n|j|\u2606Toil and Rot\n|t:|1776723488\n|gametype|singles\n|player|p1|conrookman|rocketgrunt|1213\n|player|p2|Toil and Rot|psychicf-gen4|1147\n|gen|9\n|tier|[Gen 9 Champions] BSS Reg M-A\n|rated|\n|rule|Species Clause: Limit one of each Pok\u00e9mon\n|rule|Item Clause: Limit 1 of each item\n|clearpoke\n|poke|p1|Archaludon, L50, F|\n|poke|p1|Pelipper, L50, M|\n|poke|p1|Victreebel, L50, M|\n|poke|p1|Clefable, L50, M|\n|poke|p1|Tyranitar, L50, F|\n|poke|p1|Quaquaval, L50, F|\n|poke|p2|Meganium, L50, F|\n|poke|p2|Garchomp, L50, M|\n|poke|p2|Incineroar, L50, F|\n|poke|p2|Corviknight, L50, M|\n|poke|p2|Toxapex, L50, M|\n|poke|p2|Kingambit, L50, M|\n|teampreview|3\n|inactive|Battle timer is ON: inactive players will automatically lose when time's up. (requested by Toil and Rot)\n|inactive|Toil and Rot has 60 seconds left.\n|inactive|Toil and Rot has 30 seconds left.\n|inactive|Toil and Rot has 20 seconds left.\n|\n|t:|1776723561\n|teamsize|p1|3\n|teamsize|p2|3\n|start\n|switch|p1a: Victreebel|Victreebel, L50, M|100/100\n|switch|p2a: Garchomp|Garchomp, L50, M|100/100\n|turn|1\n|\n|t:|1776723568\n|detailschange|p1a: Victreebel|Victreebel-Mega, L50, M\n|-mega|p1a: Victreebel|Victreebel|Victreebelite\n|move|p2a: Garchomp|Stealth Rock|p1a: Victreebel\n|-sidestart|p1: conrookman|move: Stealth Rock\n|move|p1a: Victreebel|Strength Sap|p2a: Garchomp\n|-unboost|p2a: Garchomp|atk|1\n|\n|upkeep\n|turn|2\n|\n|t:|1776723580\n|switch|p2a: Corviknight|Corviknight, L50, M|100/100\n|-ability|p2a: Corviknight|Pressure\n|move|p1a: Victreebel|Swords Dance|p1a: Victreebel\n|-boost|p1a: Victreebel|atk|2\n|\n|upkeep\n|turn|3\n|\n|t:|1776723593\n|switch|p1a: Clefable|Clefable, L50, M|100/100\n|-damage|p1a: Clefable|88/100|[from] Stealth Rock\n|move|p2a: Corviknight|Brave Bird|p1a: Clefable\n|-damage|p1a: Clefable|58/100\n|-damage|p2a: Corviknight|91/100|[from] Recoil\n|\n|upkeep\n|turn|4\n|\n|t:|1776723600\n|move|p2a: Corviknight|U-turn|p1a: Clefable\n|-resisted|p1a: Clefable|1\n|-crit|p1a: Clefable\n|-damage|p1a: Clefable|50/100\n|\n|t:|1776723603\n|switch|p2a: Toxapex|Toxapex, L50, M|100/100|[from] U-turn\n|move|p1a: Clefable|Wish|p1a: Clefable\n|\n|upkeep\n|turn|5\n|\n|t:|1776723611\n|switch|p1a: Archaludon|Archaludon, L50, F|100/100\n|-damage|p1a: Archaludon|94/100|[from] Stealth Rock\n|move|p2a: Toxapex|Infestation|p1a: Archaludon\n|-resisted|p1a: Archaludon|1\n|-damage|p1a: Archaludon|93/100\n|-activate|p1a: Archaludon|move: Infestation|[of] p2a: Toxapex\n|-ability|p1a: Archaludon|Stamina|boost\n|-boost|p1a: Archaludon|def|1\n|\n|-heal|p1a: Archaludon|100/100|[from] move: Wish|[wisher] Clefable\n|-damage|p1a: Archaludon|88/100|[from] move: Infestation|[partiallytrapped]\n|upkeep\n|turn|6\n|\n|t:|1776723623\n|move|p2a: Toxapex|Baneful Bunker|p2a: Toxapex\n|-singleturn|p2a: Toxapex|move: Protect\n|move|p1a: Archaludon|Electro Shot||[still]\n|-prepare|p1a: Archaludon|Electro Shot\n|-boost|p1a: Archaludon|spa|1\n|\n|-damage|p1a: Archaludon|76/100|[from] move: Infestation|[partiallytrapped]\n|upkeep\n|turn|7\n|\n|t:|1776723631\n|switch|p2a: Garchomp|Garchomp, L50, M|100/100\n|move|p1a: Archaludon|Electro Shot|p2a: Garchomp|[from] lockedmove\n|-immune|p2a: Garchomp\n|\n|-end|p1a: Archaludon|Infestation|[partiallytrapped]|[silent]\n|upkeep\n|turn|8\n|\n|t:|1776723642\n|move|p2a: Garchomp|Earthquake|p1a: Archaludon\n|-supereffective|p1a: Archaludon|1\n|-damage|p1a: Archaludon|24/100\n|-ability|p1a: Archaludon|Stamina|boost\n|-boost|p1a: Archaludon|def|1\n|-enditem|p1a: Archaludon|Sitrus Berry|[eat]\n|-heal|p1a: Archaludon|49/100|[from] item: Sitrus Berry\n|move|p1a: Archaludon|Draco Meteor|p2a: Garchomp\n|-supereffective|p2a: Garchomp|1\n|-enditem|p2a: Garchomp|Focus Sash\n|-damage|p2a: Garchomp|1/100\n|-unboost|p1a: Archaludon|spa|2\n|\n|upkeep\n|turn|9\n|\n|t:|1776723652\n|move|p2a: Garchomp|Earthquake|p1a: Archaludon\n|-supereffective|p1a: Archaludon|1\n|-damage|p1a: Archaludon|13/100\n|-ability|p1a: Archaludon|Stamina|boost\n|-boost|p1a: Archaludon|def|1\n|move|p1a: Archaludon|Flash Cannon|p2a: Garchomp\n|-damage|p2a: Garchomp|0 fnt\n|faint|p2a: Garchomp\n|\n|upkeep\n|\n|t:|1776723660\n|switch|p2a: Toxapex|Toxapex, L50, M|100/100\n|turn|10\n|\n|t:|1776723672\n|move|p1a: Archaludon|Thunder Wave|p2a: Toxapex\n|-status|p2a: Toxapex|par\n|move|p2a: Toxapex|Infestation|p1a: Archaludon\n|-resisted|p1a: Archaludon|1\n|-damage|p1a: Archaludon|11/100\n|-activate|p1a: Archaludon|move: Infestation|[of] p2a: Toxapex\n|-ability|p1a: Archaludon|Stamina|boost\n|-boost|p1a: Archaludon|def|1\n|\n|-damage|p1a: Archaludon|0 fnt|[from] move: Infestation|[partiallytrapped]\n|faint|p1a: Archaludon\n|upkeep\n|\n|t:|1776723676\n|switch|p1a: Victreebel|Victreebel-Mega, L50, M|100/100\n|-damage|p1a: Victreebel|88/100|[from] Stealth Rock\n|turn|11\n|\n|t:|1776723682\n|move|p1a: Victreebel|Swords Dance|p1a: Victreebel\n|-boost|p1a: Victreebel|atk|2\n|move|p2a: Toxapex|Infestation|p1a: Victreebel\n|-damage|p1a: Victreebel|86/100\n|-activate|p1a: Victreebel|move: Infestation|[of] p2a: Toxapex\n|\n|-damage|p1a: Victreebel|73/100|[from] move: Infestation|[partiallytrapped]\n|upkeep\n|turn|12\n|\n|t:|1776723697\n|move|p2a: Toxapex|Baneful Bunker|p2a: Toxapex\n|-singleturn|p2a: Toxapex|move: Protect\n|move|p1a: Victreebel|Strength Sap|p2a: Toxapex\n|-activate|p2a: Toxapex|move: Protect\n|\n|-damage|p1a: Victreebel|61/100|[from] move: Infestation|[partiallytrapped]\n|upkeep\n|turn|13\n|\n|t:|1776723707\n|move|p1a: Victreebel|Swords Dance|p1a: Victreebel\n|-boost|p1a: Victreebel|atk|2\n|move|p2a: Toxapex|Toxic|p1a: Victreebel\n|-immune|p1a: Victreebel\n|\n|-damage|p1a: Victreebel|49/100|[from] move: Infestation|[partiallytrapped]\n|upkeep\n|turn|14\n|\n|t:|1776723715\n|move|p1a: Victreebel|Swords Dance|p1a: Victreebel\n|-boost|p1a: Victreebel|atk|2\n|move|p2a: Toxapex|Toxic|p1a: Victreebel\n|-immune|p1a: Victreebel\n|\n|-damage|p1a: Victreebel|36/100|[from] move: Infestation|[partiallytrapped]\n|upkeep\n|turn|15\n|\n|t:|1776723723\n|move|p2a: Toxapex|Baneful Bunker|p2a: Toxapex\n|-singleturn|p2a: Toxapex|move: Protect\n|move|p1a: Victreebel|Strength Sap|p2a: Toxapex\n|-activate|p2a: Toxapex|move: Protect\n|\n|-damage|p1a: Victreebel|24/100|[from] move: Infestation|[partiallytrapped]\n|upkeep\n|turn|16\n|\n|t:|1776723731\n|move|p2a: Toxapex|Baneful Bunker|p2a: Toxapex\n|-singleturn|p2a: Toxapex|move: Protect\n|move|p1a: Victreebel|Strength Sap|p2a: Toxapex\n|-activate|p2a: Toxapex|move: Protect\n|\n|-end|p1a: Victreebel|Infestation|[partiallytrapped]\n|upkeep\n|turn|17\n|\n|t:|1776723739\n|move|p1a: Victreebel|Strength Sap|p2a: Toxapex\n|-unboost|p2a: Toxapex|atk|1\n|-heal|p1a: Victreebel|68/100\n|move|p2a: Toxapex|Infestation|p1a: Victreebel\n|-damage|p1a: Victreebel|66/100\n|-activate|p1a: Victreebel|move: Infestation|[of] p2a: Toxapex\n|\n|-damage|p1a: Victreebel|53/100|[from] move: Infestation|[partiallytrapped]\n|upkeep\n|turn|18\n|\n|t:|1776723752\n|switch|p2a: Corviknight|Corviknight, L50, M|91/100\n|-ability|p2a: Corviknight|Pressure\n|move|p1a: Victreebel|Power Whip|p2a: Corviknight\n|-resisted|p2a: Corviknight|2\n|-damage|p2a: Corviknight|50/100\n|\n|-end|p1a: Victreebel|Infestation|[partiallytrapped]|[silent]\n|upkeep\n|turn|19\n|\n|t:|1776723767\n|move|p1a: Victreebel|Strength Sap|p2a: Corviknight\n|-unboost|p2a: Corviknight|atk|1\n|-heal|p1a: Victreebel|100/100\n|move|p2a: Corviknight|Brave Bird|p1a: Victreebel\n|-supereffective|p1a: Victreebel|1\n|-damage|p1a: Victreebel|42/100\n|-damage|p2a: Corviknight|32/100|[from] Recoil\n|\n|upkeep\n|turn|20\n|\n|t:|1776723778\n|move|p1a: Victreebel|Strength Sap|p2a: Corviknight\n|-unboost|p2a: Corviknight|atk|1\n|-heal|p1a: Victreebel|80/100\n|move|p2a: Corviknight|Roost|p2a: Corviknight\n|-heal|p2a: Corviknight|82/100\n|-singleturn|p2a: Corviknight|move: Roost\n|\n|upkeep\n|turn|21\n|\n|t:|1776723785\n|move|p1a: Victreebel|Power Whip|p2a: Corviknight|[miss]\n|-miss|p1a: Victreebel|p2a: Corviknight\n|move|p2a: Corviknight|Roost|p2a: Corviknight\n|-heal|p2a: Corviknight|100/100\n|-singleturn|p2a: Corviknight|move: Roost\n|\n|upkeep\n|turn|22\n|\n|t:|1776723789\n|move|p1a: Victreebel|Power Whip|p2a: Corviknight\n|-resisted|p2a: Corviknight|2\n|-damage|p2a: Corviknight|58/100\n|move|p2a: Corviknight|Brave Bird|p1a: Victreebel\n|-supereffective|p1a: Victreebel|1\n|-damage|p1a: Victreebel|40/100\n|-damage|p2a: Corviknight|46/100|[from] Recoil\n|\n|upkeep\n|turn|23\n|\n|t:|1776723797\n|move|p1a: Victreebel|Sucker Punch||[still]\n|-fail|p1a: Victreebel\n|move|p2a: Corviknight|Roost|p2a: Corviknight\n|-heal|p2a: Corviknight|97/100\n|-singleturn|p2a: Corviknight|move: Roost\n|\n|upkeep\n|turn|24\n|\n|t:|1776723802\n|move|p1a: Victreebel|Strength Sap|p2a: Corviknight\n|-unboost|p2a: Corviknight|atk|1\n|-heal|p1a: Victreebel|68/100\n|move|p2a: Corviknight|Brave Bird|p1a: Victreebel\n|-supereffective|p1a: Victreebel|1\n|-damage|p1a: Victreebel|38/100\n|-damage|p2a: Corviknight|88/100|[from] Recoil\n|\n|upkeep\n|turn|25\n|\n|t:|1776723811\n|move|p1a: Victreebel|Sucker Punch|p2a: Corviknight\n|-damage|p2a: Corviknight|27/100\n|move|p2a: Corviknight|Brave Bird|p1a: Victreebel\n|-supereffective|p1a: Victreebel|1\n|-damage|p1a: Victreebel|2/100\n|-damage|p2a: Corviknight|17/100|[from] Recoil\n|\n|upkeep\n|turn|26\n|\n|t:|1776723818\n|switch|p2a: Toxapex|Toxapex, L50, M|100/100 par\n|move|p1a: Victreebel|Power Whip|p2a: Toxapex\n|-damage|p2a: Toxapex|0 fnt\n|faint|p2a: Toxapex\n|\n|upkeep\n|\n|t:|1776723828\n|switch|p2a: Corviknight|Corviknight, L50, M|17/100\n|-ability|p2a: Corviknight|Pressure\n|turn|27\n|\n|t:|1776723832\n|move|p1a: Victreebel|Power Whip|p2a: Corviknight\n|-resisted|p2a: Corviknight|2\n|-damage|p2a: Corviknight|0 fnt\n|faint|p2a: Corviknight\n|\n|win|conrookman\n|raw|conrookman's rating: 1213 &rarr; <strong>1233</strong><br />(+20 for winning)\n|raw|Toil and Rot's rating: 1147 &rarr; <strong>1127</strong><br />(-20 for losing)\n|l|\u2606Toil and Rot\n|player|p2|\n",
  "uploadtime": 1776723844,
  "views": 3,
  "formatid": "gen9championsbssregma",
  "rating": 1127,
  "private": 0,
  "password": null
}