{
  "id": "gen9championsbssregma-2587717959",
  "format": "[Gen 9 Champions] BSS Reg M-A",
  "players": [
    "wuhyun",
    "ryusui"
  ],
  "log": "|j|\u2606wuhyun\n|j|\u2606ryusui\n|t:|1776556977\n|gametype|singles\n|player|p1|wuhyun|caitlin-masters|1284\n|player|p2|ryusui|1|1443\n|gen|9\n|tier|[Gen 9 Champions] BSS Reg M-A\n|rated|\n|rule|Species Clause: Limit one of each Pok\u00e9mon\n|rule|Item Clause: Limit 1 of each item\n|clearpoke\n|poke|p1|Sableye, L50, F, shiny|\n|poke|p1|Skarmory, L50, M|\n|poke|p1|Meowscarada, L50, M, shiny|\n|poke|p1|Garganacl, L50, M, shiny|\n|poke|p1|Glimmora, L50, M, shiny|\n|poke|p1|Blastoise, L50, F|\n|poke|p2|Charizard, L50, M|\n|poke|p2|Corviknight, L50, F|\n|poke|p2|Hippowdon, L50, M|\n|poke|p2|Aegislash, L50, M|\n|poke|p2|Primarina, L50, F|\n|poke|p2|Floette-Eternal, L50, F|\n|teampreview|3\n|inactive|Battle timer is ON: inactive players will automatically lose when time's up. (requested by wuhyun)\n|\n|t:|1776557002\n|teamsize|p1|3\n|teamsize|p2|3\n|start\n|switch|p1a: Sloth|Meowscarada, L50, M, shiny|100/100\n|switch|p2a: Hippowdon|Hippowdon, L50, M|100/100\n|-weather|Sandstorm|[from] ability: Sand Stream|[of] p2a: Hippowdon\n|turn|1\n|\n|t:|1776557015\n|move|p1a: Sloth|U-turn|p2a: Hippowdon\n|-start|p1a: Sloth|typechange|Bug|[from] ability: Protean\n|-damage|p2a: Hippowdon|79/100\n|\n|t:|1776557017\n|switch|p1a: Lust|Glimmora, L50, M, shiny|100/100|[from] U-turn\n|move|p2a: Hippowdon|Yawn|p1a: Lust\n|-start|p1a: Lust|move: Yawn|[of] p2a: Hippowdon\n|\n|-weather|Sandstorm|[upkeep]\n|upkeep\n|turn|2\n|\n|t:|1776557028\n|switch|p1a: Pride|Blastoise, L50, F|100/100\n|move|p2a: Hippowdon|Stealth Rock|p1a: Pride\n|-sidestart|p1: wuhyun|move: Stealth Rock\n|\n|-weather|Sandstorm|[upkeep]\n|-damage|p1a: Pride|94/100|[from] Sandstorm\n|upkeep\n|turn|3\n|\n|t:|1776557038\n|detailschange|p1a: Pride|Blastoise-Mega, L50, F\n|-mega|p1a: Pride|Blastoise|Blastoisinite\n|move|p1a: Pride|Water Pulse|p2a: Hippowdon\n|-supereffective|p2a: Hippowdon|1\n|-crit|p2a: Hippowdon\n|-damage|p2a: Hippowdon|0 fnt\n|faint|p2a: Hippowdon\n|\n|-weather|Sandstorm|[upkeep]\n|-damage|p1a: Pride|88/100|[from] Sandstorm\n|upkeep\n|\n|t:|1776557048\n|switch|p2a: Charizard|Charizard, L50, M|100/100\n|turn|4\n|\n|t:|1776557059\n|detailschange|p2a: Charizard|Charizard-Mega-X, L50, M\n|-mega|p2a: Charizard|Charizard|Charizardite X\n|move|p2a: Charizard|Thunder Punch|p1a: Pride\n|-supereffective|p1a: Pride|1\n|-damage|p1a: Pride|21/100\n|move|p1a: Pride|Shell Smash|p1a: Pride\n|-unboost|p1a: Pride|def|1\n|-unboost|p1a: Pride|spd|1\n|-boost|p1a: Pride|atk|2\n|-boost|p1a: Pride|spa|2\n|-boost|p1a: Pride|spe|2\n|\n|-weather|Sandstorm|[upkeep]\n|-damage|p1a: Pride|15/100|[from] Sandstorm\n|-damage|p2a: Charizard|95/100|[from] Sandstorm\n|upkeep\n|turn|5\n|\n|t:|1776557072\n|move|p1a: Pride|Water Pulse|p2a: Charizard\n|-damage|p2a: Charizard|0 fnt\n|faint|p2a: Charizard\n|\n|-weather|none\n|upkeep\n|\n|t:|1776557079\n|switch|p2a: Aegislash|Aegislash, L50, M|100/100\n|turn|6\n|\n|t:|1776557082\n|-formechange|p2a: Aegislash|Aegislash-Blade|\n|move|p2a: Aegislash|Shadow Sneak|p1a: Pride\n|-damage|p1a: Pride|0 fnt\n|faint|p1a: Pride\n|\n|upkeep\n|\n|t:|1776557088\n|switch|p1a: Lust|Glimmora, L50, M, shiny|100/100\n|-damage|p1a: Lust|88/100|[from] Stealth Rock\n|turn|7\n|\n|t:|1776557092\n|move|p1a: Lust|Earth Power|p2a: Aegislash\n|-supereffective|p2a: Aegislash|1\n|-damage|p2a: Aegislash|0 fnt\n|faint|p2a: Aegislash\n|\n|win|wuhyun\n|raw|wuhyun's rating: 1284 &rarr; <strong>1320</strong><br />(+36 for winning)\n|raw|ryusui's rating: 1443 &rarr; <strong>1414</strong><br />(-29 for losing)\n",
  "uploadtime": 1776557098,
  "views": 2,
  "formatid": "gen9championsbssregma",
  "rating": 1320,
  "private": 0,
  "password": null
}