{
  "id": "gen9championsbssregma-2584088089",
  "format": "[Gen 9 Champions] BSS Reg M-A",
  "players": [
    "DiceyRice",
    "karbain"
  ],
  "log": "|j|\u2606DiceyRice\n|j|\u2606karbain\n|t:|1776223870\n|gametype|singles\n|player|p1|DiceyRice|miku-ghost|1398\n|player|p2|karbain|2|1362\n|gen|9\n|tier|[Gen 9 Champions] BSS Reg M-A\n|rated|\n|rule|Species Clause: Limit one of each Pok\u00e9mon\n|rule|Item Clause: Limit 1 of each item\n|clearpoke\n|poke|p1|Kingambit, L50, F|\n|poke|p1|Greninja-*, L50, M|\n|poke|p1|Mimikyu, L50, M|\n|poke|p1|Charizard, L50, M|\n|poke|p1|Slowbro, L50, M|\n|poke|p1|Corviknight, L50, M|\n|poke|p2|Charizard, L50, M|\n|poke|p2|Greninja-*, L50, F|\n|poke|p2|Meowscarada, L50, M|\n|poke|p2|Gengar, L50, F|\n|poke|p2|Whimsicott, L50, F|\n|poke|p2|Archaludon, L50, M|\n|teampreview|3\n|j| p74\n|j| Yuma1146\n|\n|t:|1776223935\n|teamsize|p1|3\n|teamsize|p2|3\n|start\n|switch|p1a: Greninja|Greninja, L50, M|100/100\n|switch|p2a: Greninja|Greninja, L50, F|100/100\n|turn|1\n|\n|t:|1776223947\n|move|p2a: Greninja|Dark Pulse|p1a: Greninja\n|-resisted|p1a: Greninja|1\n|-crit|p1a: Greninja\n|-damage|p1a: Greninja|59/100\n|cant|p1a: Greninja|flinch\n|\n|upkeep\n|turn|2\n|\n|t:|1776223953\n|move|p2a: Greninja|Dark Pulse|p1a: Greninja\n|-resisted|p1a: Greninja|1\n|-damage|p1a: Greninja|29/100\n|move|p1a: Greninja|Surf|p2a: Greninja\n|-resisted|p2a: Greninja|1\n|-damage|p2a: Greninja|46/100\n|\n|upkeep\n|turn|3\n|\n|t:|1776223960\n|move|p1a: Greninja|Water Shuriken|p2a: Greninja\n|-resisted|p2a: Greninja|1\n|-damage|p2a: Greninja|36/100\n|-resisted|p2a: Greninja|1\n|-damage|p2a: Greninja|27/100\n|-resisted|p2a: Greninja|1\n|-damage|p2a: Greninja|19/100\n|-resisted|p2a: Greninja|1\n|-damage|p2a: Greninja|10/100\n|-hitcount|p2a: Greninja|4\n|move|p2a: Greninja|Surf|p1a: Greninja\n|-resisted|p1a: Greninja|1\n|-damage|p1a: Greninja|0 fnt\n|faint|p1a: Greninja\n|\n|upkeep\n|\n|t:|1776223964\n|switch|p1a: Charizard|Charizard, L50, M|100/100\n|turn|4\n|\n|t:|1776223979\n|detailschange|p1a: Charizard|Charizard-Mega-X, L50, M\n|-mega|p1a: Charizard|Charizard|Charizardite X\n|move|p2a: Greninja|Surf|p1a: Charizard\n|-damage|p1a: Charizard|24/100\n|move|p1a: Charizard|Flame Charge|p2a: Greninja\n|-resisted|p2a: Greninja|1\n|-damage|p2a: Greninja|0 fnt\n|-boost|p1a: Charizard|spe|1\n|faint|p2a: Greninja\n|\n|upkeep\n|\n|t:|1776223988\n|switch|p2a: Charizard|Charizard, L50, M|100/100\n|turn|5\n|\n|t:|1776224000\n|detailschange|p2a: Charizard|Charizard-Mega-X, L50, M\n|-mega|p2a: Charizard|Charizard|Charizardite X\n|move|p1a: Charizard|Outrage|p2a: Charizard\n|-supereffective|p2a: Charizard|1\n|-damage|p2a: Charizard|0 fnt\n|faint|p2a: Charizard\n|\n|upkeep\n|\n|t:|1776224006\n|switch|p2a: Whimsicott|Whimsicott, L50, F|100/100\n|turn|6\n|\n|t:|1776224009\n|move|p2a: Whimsicott|Substitute|p2a: Whimsicott\n|-start|p2a: Whimsicott|Substitute\n|-damage|p2a: Whimsicott|76/100\n|move|p1a: Charizard|Outrage|p2a: Whimsicott|[from] lockedmove\n|-immune|p2a: Whimsicott\n|-start|p1a: Charizard|confusion|[fatigue]\n|\n|-heal|p2a: Whimsicott|82/100|[from] item: Leftovers\n|upkeep\n|turn|7\n|\n|t:|1776224020\n|move|p2a: Whimsicott|Encore|p1a: Charizard\n|-start|p1a: Charizard|Encore\n|-activate|p1a: Charizard|confusion\n|move|p1a: Charizard|Outrage|p2a: Whimsicott\n|-immune|p2a: Whimsicott\n|\n|-heal|p2a: Whimsicott|88/100|[from] item: Leftovers\n|upkeep\n|turn|8\n|\n|t:|1776224028\n|switch|p1a: Mimikyu|Mimikyu, L50, M|100/100\n|move|p2a: Whimsicott|Leech Seed|p1a: Mimikyu|[miss]\n|-miss|p2a: Whimsicott|p1a: Mimikyu\n|\n|-heal|p2a: Whimsicott|94/100|[from] item: Leftovers\n|upkeep\n|turn|9\n|\n|t:|1776224035\n|move|p2a: Whimsicott|Leech Seed|p1a: Mimikyu|[miss]\n|-miss|p2a: Whimsicott|p1a: Mimikyu\n|move|p1a: Mimikyu|Play Rough|p2a: Whimsicott\n|-end|p2a: Whimsicott|Substitute\n|\n|-heal|p2a: Whimsicott|99/100|[from] item: Leftovers\n|upkeep\n|turn|10\n|\n|t:|1776224042\n|move|p2a: Whimsicott|Leech Seed|p1a: Mimikyu\n|-start|p1a: Mimikyu|move: Leech Seed\n|move|p1a: Mimikyu|Play Rough|p2a: Whimsicott\n|-damage|p2a: Whimsicott|63/100\n|\n|-heal|p2a: Whimsicott|69/100|[from] item: Leftovers\n|-damage|p1a: Mimikyu|89/100|[from] Leech Seed|[of] p2a: Whimsicott\n|-heal|p2a: Whimsicott|81/100|[silent]\n|upkeep\n|turn|11\n|\n|t:|1776224051\n|move|p2a: Whimsicott|Substitute|p2a: Whimsicott\n|-start|p2a: Whimsicott|Substitute\n|-damage|p2a: Whimsicott|56/100\n|move|p1a: Mimikyu|Play Rough|p2a: Whimsicott\n|-end|p2a: Whimsicott|Substitute\n|\n|-heal|p2a: Whimsicott|62/100|[from] item: Leftovers\n|-damage|p1a: Mimikyu|77/100|[from] Leech Seed|[of] p2a: Whimsicott\n|-heal|p2a: Whimsicott|74/100|[silent]\n|upkeep\n|turn|12\n|\n|t:|1776224066\n|move|p2a: Whimsicott|Substitute|p2a: Whimsicott\n|-start|p2a: Whimsicott|Substitute\n|-damage|p2a: Whimsicott|49/100\n|move|p1a: Mimikyu|Shadow Claw|p2a: Whimsicott\n|-end|p2a: Whimsicott|Substitute\n|\n|-heal|p2a: Whimsicott|55/100|[from] item: Leftovers\n|-damage|p1a: Mimikyu|65/100|[from] Leech Seed|[of] p2a: Whimsicott\n|-heal|p2a: Whimsicott|66/100|[silent]\n|upkeep\n|turn|13\n|\n|t:|1776224075\n|move|p2a: Whimsicott|Substitute|p2a: Whimsicott\n|-start|p2a: Whimsicott|Substitute\n|-damage|p2a: Whimsicott|42/100\n|move|p1a: Mimikyu|Shadow Claw|p2a: Whimsicott\n|-end|p2a: Whimsicott|Substitute\n|\n|-heal|p2a: Whimsicott|48/100|[from] item: Leftovers\n|-damage|p1a: Mimikyu|53/100|[from] Leech Seed|[of] p2a: Whimsicott\n|-heal|p2a: Whimsicott|59/100|[silent]\n|upkeep\n|turn|14\n|\n|t:|1776224085\n|move|p2a: Whimsicott|Substitute|p2a: Whimsicott\n|-start|p2a: Whimsicott|Substitute\n|-damage|p2a: Whimsicott|35/100\n|move|p1a: Mimikyu|Shadow Claw|p2a: Whimsicott\n|-end|p2a: Whimsicott|Substitute\n|\n|-heal|p2a: Whimsicott|41/100|[from] item: Leftovers\n|-damage|p1a: Mimikyu|41/100|[from] Leech Seed|[of] p2a: Whimsicott\n|-heal|p2a: Whimsicott|52/100|[silent]\n|upkeep\n|turn|15\n|\n|t:|1776224093\n|move|p2a: Whimsicott|Substitute|p2a: Whimsicott\n|-start|p2a: Whimsicott|Substitute\n|-damage|p2a: Whimsicott|27/100\n|move|p1a: Mimikyu|Shadow Claw|p2a: Whimsicott\n|-end|p2a: Whimsicott|Substitute\n|\n|-heal|p2a: Whimsicott|33/100|[from] item: Leftovers\n|-damage|p1a: Mimikyu|29/100|[from] Leech Seed|[of] p2a: Whimsicott\n|-heal|p2a: Whimsicott|45/100|[silent]\n|upkeep\n|turn|16\n|\n|t:|1776224102\n|move|p2a: Whimsicott|Substitute|p2a: Whimsicott\n|-start|p2a: Whimsicott|Substitute\n|-damage|p2a: Whimsicott|20/100\n|move|p1a: Mimikyu|Shadow Claw|p2a: Whimsicott\n|-end|p2a: Whimsicott|Substitute\n|\n|-heal|p2a: Whimsicott|26/100|[from] item: Leftovers\n|-damage|p1a: Mimikyu|17/100|[from] Leech Seed|[of] p2a: Whimsicott\n|-heal|p2a: Whimsicott|38/100|[silent]\n|upkeep\n|turn|17\n|\n|t:|1776224114\n|move|p2a: Whimsicott|Moonblast|p1a: Mimikyu\n|-activate|p1a: Mimikyu|ability: Disguise\n|-damage|p1a: Mimikyu|17/100\n|detailschange|p1a: Mimikyu|Mimikyu-Busted, L50, M\n|-damage|p1a: Mimikyu|5/100|[from] pokemon: Mimikyu-Busted\n|move|p1a: Mimikyu|Shadow Claw|p2a: Whimsicott\n|-damage|p2a: Whimsicott|9/100\n|\n|-heal|p2a: Whimsicott|15/100|[from] item: Leftovers\n|-damage|p1a: Mimikyu|0 fnt|[from] Leech Seed|[of] p2a: Whimsicott\n|-heal|p2a: Whimsicott|19/100|[silent]\n|faint|p1a: Mimikyu\n|upkeep\n|\n|t:|1776224117\n|switch|p1a: Charizard|Charizard-Mega-X, L50, M|24/100\n|turn|18\n|\n|t:|1776224129\n|move|p1a: Charizard|Flame Charge|p2a: Whimsicott\n|-supereffective|p2a: Whimsicott|1\n|-damage|p2a: Whimsicott|0 fnt\n|-boost|p1a: Charizard|spe|1\n|faint|p2a: Whimsicott\n|\n|win|DiceyRice\n|raw|DiceyRice's rating: 1398 &rarr; <strong>1416</strong><br />(+18 for winning)\n|raw|karbain's rating: 1362 &rarr; <strong>1344</strong><br />(-18 for losing)\n|l|\u2606karbain\n|player|p2|\n|l| Yuma1146\n",
  "uploadtime": 1776225790,
  "views": 5,
  "formatid": "gen9championsbssregma",
  "rating": 1344,
  "private": 0,
  "password": null
}