{
  "id": "gen9championsbssregma-2580424980",
  "format": "[Gen 9 Champions] BSS Reg M-A",
  "players": [
    "cherif19",
    "test_poke29"
  ],
  "log": "|j|\u2606cherif19\n|j|\u2606test_poke29\n|t:|1775894521\n|gametype|singles\n|player|p1|cherif19|101|1098\n|player|p2|test_poke29|lucas|1175\n|gen|9\n|tier|[Gen 9 Champions] BSS Reg M-A\n|rated|\n|rule|Species Clause: Limit one of each Pok\u00e9mon\n|rule|Item Clause: Limit 1 of each item\n|clearpoke\n|poke|p1|Greninja-*, L50, F|\n|poke|p1|Dragapult, L50, F|\n|poke|p1|Azumarill, L50, F|\n|poke|p1|Archaludon, L50, M|\n|poke|p1|Kingambit, L50, F|\n|poke|p1|Charizard, L50, M|\n|poke|p2|Crabominable, L50, F|\n|poke|p2|Drampa, L50, F|\n|poke|p2|Lycanroc-Dusk, L50, M|\n|poke|p2|Mimikyu, L50, M|\n|poke|p2|Toucannon, L50, F|\n|poke|p2|Primarina, L50, M|\n|teampreview|3\n|inactive|Battle timer is ON: inactive players will automatically lose when time's up. (requested by test_poke29)\n|\n|t:|1775894546\n|teamsize|p1|3\n|teamsize|p2|3\n|start\n|switch|p1a: Archaludon|Archaludon, L50, M|100/100\n|switch|p2a: Lycanroc|Lycanroc-Dusk, L50, M|100/100\n|turn|1\n|\n|t:|1775894554\n|move|p2a: Lycanroc|Stealth Rock|p1a: Archaludon\n|-sidestart|p1: cherif19|move: Stealth Rock\n|move|p1a: Archaludon|Flash Cannon|p2a: Lycanroc\n|-supereffective|p2a: Lycanroc|1\n|-enditem|p2a: Lycanroc|Focus Sash\n|-damage|p2a: Lycanroc|1/100\n|\n|upkeep\n|turn|2\n|\n|t:|1775894562\n|move|p2a: Lycanroc|Endeavor|p1a: Archaludon\n|-damage|p1a: Archaludon|1/100\n|move|p1a: Archaludon|Stealth Rock|p2a: Lycanroc\n|-sidestart|p2: test_poke29|move: Stealth Rock\n|\n|upkeep\n|turn|3\n|\n|t:|1775894568\n|move|p2a: Lycanroc|Accelerock|p1a: Archaludon\n|-resisted|p1a: Archaludon|1\n|-damage|p1a: Archaludon|0 fnt\n|faint|p1a: Archaludon\n|\n|upkeep\n|\n|t:|1775894571\n|switch|p1a: Dragapult|Dragapult, L50, F|100/100\n|-damage|p1a: Dragapult|88/100|[from] Stealth Rock\n|turn|4\n|\n|t:|1775894576\n|move|p2a: Lycanroc|Accelerock|p1a: Dragapult\n|-damage|p1a: Dragapult|47/100\n|move|p1a: Dragapult|Dragon Dance|p1a: Dragapult\n|-boost|p1a: Dragapult|atk|1\n|-boost|p1a: Dragapult|spe|1\n|\n|upkeep\n|turn|5\n|\n|t:|1775894582\n|move|p2a: Lycanroc|Accelerock|p1a: Dragapult\n|-damage|p1a: Dragapult|7/100\n|move|p1a: Dragapult|Dragon Darts|p2a: Lycanroc\n|-damage|p2a: Lycanroc|0 fnt\n|faint|p2a: Lycanroc\n|\n|upkeep\n|\n|t:|1775894588\n|switch|p2a: Primarina|Primarina, L50, M|100/100\n|-damage|p2a: Primarina|88/100|[from] Stealth Rock\n|turn|6\n|\n|t:|1775894596\n|move|p1a: Dragapult|Phantom Force||[still]\n|-prepare|p1a: Dragapult|Phantom Force\n|move|p2a: Primarina|Sparkling Aria|p1a: Dragapult|[miss]\n|-miss|p2a: Primarina|p1a: Dragapult\n|\n|-heal|p2a: Primarina|94/100|[from] item: Leftovers\n|upkeep\n|turn|7\n|\n|t:|1775894604\n|move|p1a: Dragapult|Phantom Force|p2a: Primarina|[from] lockedmove\n|-damage|p2a: Primarina|23/100\n|move|p2a: Primarina|Sparkling Aria|p1a: Dragapult\n|-resisted|p1a: Dragapult|1\n|-damage|p1a: Dragapult|0 fnt\n|faint|p1a: Dragapult\n|\n|-heal|p2a: Primarina|29/100|[from] item: Leftovers\n|upkeep\n|\n|t:|1775894606\n|switch|p1a: Kingambit|Kingambit, L50, F|100/100\n|-damage|p1a: Kingambit|95/100|[from] Stealth Rock\n|-activate|p1a: Kingambit|ability: Supreme Overlord\n|-start|p1a: Kingambit|fallen2|[silent]\n|turn|8\n|\n|t:|1775894620\n|move|p2a: Primarina|Sparkling Aria|p1a: Kingambit\n|-crit|p1a: Kingambit\n|-damage|p1a: Kingambit|34/100\n|move|p1a: Kingambit|Swords Dance|p1a: Kingambit\n|-boost|p1a: Kingambit|atk|2\n|\n|-heal|p2a: Primarina|35/100|[from] item: Leftovers\n|upkeep\n|turn|9\n|\n|t:|1775894627\n|move|p2a: Primarina|Aqua Jet|p1a: Kingambit\n|-damage|p1a: Kingambit|27/100\n|move|p1a: Kingambit|Sucker Punch||[still]\n|-fail|p1a: Kingambit\n|\n|-heal|p2a: Primarina|41/100|[from] item: Leftovers\n|upkeep\n|turn|10\n|\n|t:|1775894633\n|move|p2a: Primarina|Aqua Jet|p1a: Kingambit\n|-damage|p1a: Kingambit|19/100\n|move|p1a: Kingambit|Sucker Punch||[still]\n|-fail|p1a: Kingambit\n|\n|-heal|p2a: Primarina|47/100|[from] item: Leftovers\n|upkeep\n|turn|11\n|\n|t:|1775894639\n|move|p2a: Primarina|Sparkling Aria|p1a: Kingambit\n|-damage|p1a: Kingambit|0 fnt\n|faint|p1a: Kingambit\n|-end|p1a: Kingambit|fallen2|[silent]\n|\n|win|test_poke29\n|raw|cherif19's rating: 1098 &rarr; <strong>1079</strong><br />(-19 for losing)\n|raw|test_poke29's rating: 1175 &rarr; <strong>1195</strong><br />(+20 for winning)\n|l|\u2606cherif19\n|player|p1|\n",
  "uploadtime": 1775894662,
  "views": 22,
  "formatid": "gen9championsbssregma",
  "rating": 1079,
  "private": 0,
  "password": null
}