{
  "id": "gen9championsbssregma-2587073694",
  "format": "[Gen 9 Champions] BSS Reg M-A",
  "players": [
    "FlorenceWu",
    "hoshigumo1101"
  ],
  "log": "|j|\u2606FlorenceWu\n|j|\u2606hoshigumo1101\n|t:|1776489808\n|gametype|singles\n|player|p1|FlorenceWu|101|1298\n|player|p2|hoshigumo1101|acetrainerf|1303\n|gen|9\n|tier|[Gen 9 Champions] BSS Reg M-A\n|rated|\n|rule|Species Clause: Limit one of each Pok\u00e9mon\n|rule|Item Clause: Limit 1 of each item\n|clearpoke\n|poke|p1|Blastoise, L50, F|\n|poke|p1|Archaludon, L50, M|\n|poke|p1|Basculegion, L50, M|\n|poke|p1|Kangaskhan, L50, F|\n|poke|p1|Umbreon, L50, M|\n|poke|p1|Conkeldurr, L50, F|\n|poke|p2|Kingambit, L50, M|\n|poke|p2|Delphox, L50, F|\n|poke|p2|Hippowdon, L50, F|\n|poke|p2|Lucario, L50, F|\n|poke|p2|Basculegion, L50, M|\n|poke|p2|Mamoswine, L50, F|\n|teampreview|3\n|inactive|Battle timer is ON: inactive players will automatically lose when time's up. (requested by FlorenceWu)\n|inactive|FlorenceWu has 60 seconds left.\n|\n|t:|1776489859\n|teamsize|p1|3\n|teamsize|p2|3\n|start\n|switch|p1a: Conkeldurr|Conkeldurr, L50, F|100/100\n|switch|p2a: Hippowdon|Hippowdon, L50, F|100/100\n|-weather|Sandstorm|[from] ability: Sand Stream|[of] p2a: Hippowdon\n|turn|1\n|\n|t:|1776489866\n|move|p1a: Conkeldurr|Drain Punch|p2a: Hippowdon\n|-damage|p2a: Hippowdon|69/100\n|move|p2a: Hippowdon|Yawn|p1a: Conkeldurr\n|-start|p1a: Conkeldurr|move: Yawn|[of] p2a: Hippowdon\n|\n|-weather|Sandstorm|[upkeep]\n|-damage|p1a: Conkeldurr|95/100|[from] Sandstorm\n|upkeep\n|turn|2\n|\n|t:|1776489869\n|move|p1a: Conkeldurr|Drain Punch|p2a: Hippowdon\n|-damage|p2a: Hippowdon|37/100\n|-heal|p1a: Conkeldurr|100/100|[from] drain|[of] p2a: Hippowdon\n|-enditem|p2a: Hippowdon|Sitrus Berry|[eat]\n|-heal|p2a: Hippowdon|61/100|[from] item: Sitrus Berry\n|move|p2a: Hippowdon|Stealth Rock|p1a: Conkeldurr\n|-sidestart|p1: FlorenceWu|move: Stealth Rock\n|\n|-weather|Sandstorm|[upkeep]\n|-damage|p1a: Conkeldurr|95/100|[from] Sandstorm\n|-end|p1a: Conkeldurr|move: Yawn|[silent]\n|-status|p1a: Conkeldurr|slp\n|upkeep\n|turn|3\n|-activate|p1a: Conkeldurr|item: Quick Claw\n|\n|t:|1776489872\n|cant|p1a: Conkeldurr|slp\n|move|p1a: Conkeldurr|Sleep Talk|p1a: Conkeldurr\n|move|p1a: Conkeldurr|Mach Punch|p2a: Hippowdon|[from] move: Sleep Talk\n|-damage|p2a: Hippowdon|39/100\n|move|p2a: Hippowdon|Earthquake|p1a: Conkeldurr\n|-damage|p1a: Conkeldurr|59/100 slp\n|\n|-weather|Sandstorm|[upkeep]\n|-damage|p1a: Conkeldurr|53/100 slp|[from] Sandstorm\n|upkeep\n|turn|4\n|\n|t:|1776489878\n|-curestatus|p1a: Conkeldurr|slp|[msg]\n|move|p1a: Conkeldurr|Sleep Talk||[still]\n|-fail|p1a: Conkeldurr\n|move|p2a: Hippowdon|Earthquake|p1a: Conkeldurr\n|-damage|p1a: Conkeldurr|21/100\n|\n|-weather|Sandstorm|[upkeep]\n|-damage|p1a: Conkeldurr|16/100|[from] Sandstorm\n|upkeep\n|turn|5\n|-activate|p1a: Conkeldurr|item: Quick Claw\n|\n|t:|1776489885\n|move|p1a: Conkeldurr|Drain Punch|p2a: Hippowdon\n|-damage|p2a: Hippowdon|7/100\n|-heal|p1a: Conkeldurr|33/100|[from] drain|[of] p2a: Hippowdon\n|move|p2a: Hippowdon|Yawn|p1a: Conkeldurr\n|-start|p1a: Conkeldurr|move: Yawn|[of] p2a: Hippowdon\n|\n|-weather|none\n|upkeep\n|turn|6\n|-activate|p1a: Conkeldurr|item: Quick Claw\n|\n|t:|1776489889\n|move|p1a: Conkeldurr|Drain Punch|p2a: Hippowdon\n|-damage|p2a: Hippowdon|0 fnt\n|-heal|p1a: Conkeldurr|36/100|[from] drain|[of] p2a: Hippowdon\n|faint|p2a: Hippowdon\n|\n|-end|p1a: Conkeldurr|move: Yawn|[silent]\n|-status|p1a: Conkeldurr|slp\n|upkeep\n|\n|t:|1776489900\n|switch|p2a: Lucario|Lucario, L50, F|100/100\n|turn|7\n|-activate|p1a: Conkeldurr|item: Quick Claw\n|\n|t:|1776489903\n|detailschange|p2a: Lucario|Lucario-Mega, L50, F\n|-mega|p2a: Lucario|Lucario|Lucarionite\n|cant|p1a: Conkeldurr|slp\n|move|p1a: Conkeldurr|Sleep Talk|p1a: Conkeldurr\n|move|p1a: Conkeldurr|Mach Punch|p2a: Lucario|[from] move: Sleep Talk\n|-supereffective|p2a: Lucario|1\n|-damage|p2a: Lucario|0 fnt\n|faint|p2a: Lucario\n|\n|upkeep\n|\n|t:|1776489908\n|switch|p2a: Kingambit|Kingambit, L50, M|100/100\n|-activate|p2a: Kingambit|ability: Supreme Overlord\n|-start|p2a: Kingambit|fallen2|[silent]\n|turn|8\n|\n|t:|1776489912\n|move|p2a: Kingambit|Swords Dance|p2a: Kingambit\n|-boost|p2a: Kingambit|atk|2\n|cant|p1a: Conkeldurr|slp\n|move|p1a: Conkeldurr|Sleep Talk|p1a: Conkeldurr\n|move|p1a: Conkeldurr|Thunder Punch|p2a: Kingambit|[from] move: Sleep Talk\n|-damage|p2a: Kingambit|60/100\n|\n|upkeep\n|turn|9\n|\n|t:|1776489918\n|move|p2a: Kingambit|Sucker Punch|p1a: Conkeldurr\n|-resisted|p1a: Conkeldurr|1\n|-crit|p1a: Conkeldurr\n|-damage|p1a: Conkeldurr|0 fnt\n|faint|p1a: Conkeldurr\n|\n|upkeep\n|\n|t:|1776489921\n|switch|p1a: Kangaskhan|Kangaskhan, L50, F|100/100\n|-damage|p1a: Kangaskhan|88/100|[from] Stealth Rock\n|turn|10\n|\n|t:|1776489926\n|detailschange|p1a: Kangaskhan|Kangaskhan-Mega, L50, F\n|-mega|p1a: Kangaskhan|Kangaskhan|Kangaskhanite\n|move|p1a: Kangaskhan|Fake Out|p2a: Kingambit\n|-resisted|p2a: Kingambit|1\n|-damage|p2a: Kingambit|51/100\n|-resisted|p2a: Kingambit|1\n|-damage|p2a: Kingambit|49/100\n|-hitcount|p2a: Kingambit|2\n|cant|p2a: Kingambit|flinch\n|\n|upkeep\n|turn|11\n|\n|t:|1776489933\n|move|p1a: Kangaskhan|Earthquake|p2a: Kingambit\n|-supereffective|p2a: Kingambit|1\n|-damage|p2a: Kingambit|0 fnt\n|faint|p2a: Kingambit\n|-end|p2a: Kingambit|fallen2|[silent]\n|-hitcount|p2: Kingambit|1\n|\n|win|FlorenceWu\n|raw|FlorenceWu's rating: 1298 &rarr; <strong>1323</strong><br />(+25 for winning)\n|raw|hoshigumo1101's rating: 1303 &rarr; <strong>1283</strong><br />(-20 for losing)\n|l|\u2606hoshigumo1101\n|player|p2|\n|l|\u2606FlorenceWu\n|player|p1|\n|j|\u2606hoshigumo1101\n|player|p2|hoshigumo1101|acetrainerf|\n",
  "uploadtime": 1776490037,
  "views": 2,
  "formatid": "gen9championsbssregma",
  "rating": 1283,
  "private": 0,
  "password": null
}