{
  "id": "gen9championsbssregma-2586409070",
  "format": "[Gen 9 Champions] BSS Reg M-A",
  "players": [
    "aleandrede",
    "bryannoah2309"
  ],
  "log": "|j|\u2606aleandrede\n|j|\u2606bryannoah2309\n|t:|1776432621\n|gametype|singles\n|player|p1|aleandrede|1|1109\n|player|p2|bryannoah2309|silver|1247\n|gen|9\n|tier|[Gen 9 Champions] BSS Reg M-A\n|rated|\n|rule|Species Clause: Limit one of each Pok\u00e9mon\n|rule|Item Clause: Limit 1 of each item\n|clearpoke\n|poke|p1|Garchomp, L50, F|\n|poke|p1|Archaludon, L50, F|\n|poke|p1|Charizard, L50, F|\n|poke|p1|Venusaur, L50, F|\n|poke|p1|Ceruledge, L50, F|\n|poke|p1|Primarina, L50, F|\n|poke|p2|Greninja-*, L50, M|\n|poke|p2|Gengar, L50, M|\n|poke|p2|Garchomp, L50, M|\n|poke|p2|Hatterene, L50, F|\n|poke|p2|Scizor, L50, M|\n|poke|p2|Charizard, L50, M|\n|teampreview|3\n|inactive|Battle timer is ON: inactive players will automatically lose when time's up. (requested by aleandrede)\n|\n|t:|1776432680\n|teamsize|p1|3\n|teamsize|p2|3\n|start\n|switch|p1a: Garchomp|Garchomp, L50, F|100/100\n|switch|p2a: Charizard|Charizard, L50, M, shiny|100/100\n|turn|1\n|\n|t:|1776432689\n|switch|p2a: Hatterene|Hatterene, L50, F|100/100\n|move|p1a: Garchomp|Rock Tomb|p2a: Hatterene\n|-damage|p2a: Hatterene|82/100\n|-unboost|p2a: Hatterene|spe|1\n|\n|-heal|p2a: Hatterene|88/100|[from] item: Leftovers\n|upkeep\n|turn|2\n|\n|t:|1776432702\n|switch|p1a: Charizard|Charizard, L50, F|100/100\n|move|p2a: Hatterene|Nuzzle|p1a: Charizard\n|-supereffective|p1a: Charizard|1\n|-damage|p1a: Charizard|89/100\n|-status|p1a: Charizard|par\n|\n|-heal|p2a: Hatterene|94/100|[from] item: Leftovers\n|upkeep\n|turn|3\n|\n|t:|1776432714\n|switch|p2a: Charizard|Charizard, L50, M, shiny|100/100\n|detailschange|p1a: Charizard|Charizard-Mega-Y, L50, F\n|-mega|p1a: Charizard|Charizard|Charizardite Y\n|-weather|SunnyDay|[from] ability: Drought|[of] p1a: Charizard\n|move|p1a: Charizard|Weather Ball|p2a: Charizard\n|-resisted|p2a: Charizard|1\n|-damage|p2a: Charizard|37/100\n|\n|-weather|SunnyDay|[upkeep]\n|upkeep\n|turn|4\n|\n|t:|1776432730\n|detailschange|p2a: Charizard|Charizard-Mega-Y, L50, M, shiny\n|-mega|p2a: Charizard|Charizard|Charizardite Y\n|move|p2a: Charizard|Roost|p2a: Charizard\n|-heal|p2a: Charizard|87/100\n|-singleturn|p2a: Charizard|move: Roost\n|move|p1a: Charizard|Weather Ball|p2a: Charizard\n|-resisted|p2a: Charizard|1\n|-damage|p2a: Charizard|44/100\n|\n|-weather|SunnyDay|[upkeep]\n|upkeep\n|turn|5\n|\n|t:|1776432742\n|switch|p1a: Garchomp|Garchomp, L50, F|100/100\n|move|p2a: Charizard|Roost|p2a: Charizard\n|-heal|p2a: Charizard|95/100\n|-singleturn|p2a: Charizard|move: Roost\n|\n|-weather|SunnyDay|[upkeep]\n|upkeep\n|turn|6\n|\n|t:|1776432752\n|switch|p2a: Hatterene|Hatterene, L50, F|94/100\n|move|p1a: Garchomp|Rock Tomb|p2a: Hatterene\n|-damage|p2a: Hatterene|77/100\n|-unboost|p2a: Hatterene|spe|1\n|\n|-weather|SunnyDay|[upkeep]\n|-heal|p2a: Hatterene|83/100|[from] item: Leftovers\n|upkeep\n|turn|7\n|\n|t:|1776432765\n|switch|p1a: Venusaur|Venusaur, L50, F|100/100\n|move|p2a: Hatterene|Psychic Noise|p1a: Venusaur\n|-supereffective|p1a: Venusaur|1\n|-damage|p1a: Venusaur|30/100\n|-start|p1a: Venusaur|move: Heal Block\n|\n|-weather|none\n|-heal|p2a: Hatterene|90/100|[from] item: Leftovers\n|upkeep\n|turn|8\n|\n|t:|1776432779\n|switch|p2a: Charizard|Charizard-Mega-Y, L50, M, shiny|95/100\n|-weather|SunnyDay|[from] ability: Drought|[of] p2a: Charizard\n|move|p1a: Venusaur|Sludge Bomb|p2a: Charizard\n|-damage|p2a: Charizard|42/100\n|\n|-weather|SunnyDay|[upkeep]\n|-end|p1a: Venusaur|move: Heal Block\n|upkeep\n|turn|9\n|\n|t:|1776432789\n|move|p1a: Venusaur|Sludge Bomb|p2a: Charizard\n|-crit|p2a: Charizard\n|-damage|p2a: Charizard|0 fnt\n|faint|p2a: Charizard\n|\n|-weather|SunnyDay|[upkeep]\n|upkeep\n|\n|t:|1776432796\n|switch|p2a: Gengar|Gengar, L50, M, shiny|100/100\n|turn|10\n|\n|t:|1776432799\n|move|p1a: Venusaur|Earth Power|p2a: Gengar\n|-supereffective|p2a: Gengar|1\n|-damage|p2a: Gengar|11/100\n|-start|p1a: Venusaur|Disable|Earth Power|[from] ability: Cursed Body|[of] p2a: Gengar\n|move|p2a: Gengar|Shadow Ball|p1a: Venusaur\n|-damage|p1a: Venusaur|0 fnt\n|faint|p1a: Venusaur\n|\n|-weather|SunnyDay|[upkeep]\n|upkeep\n|\n|t:|1776432809\n|switch|p1a: Charizard|Charizard-Mega-Y, L50, F|89/100 par\n|turn|11\n|\n|t:|1776432813\n|move|p2a: Gengar|Destiny Bond|p2a: Gengar\n|-singlemove|p2a: Gengar|Destiny Bond\n|move|p1a: Charizard|Weather Ball|p2a: Gengar\n|-damage|p2a: Gengar|0 fnt\n|faint|p2a: Gengar\n|-activate|p2a: Gengar|move: Destiny Bond\n|faint|p1a: Charizard\n|\n|-weather|SunnyDay|[upkeep]\n|upkeep\n|\n|t:|1776432823\n|switch|p2a: Hatterene|Hatterene, L50, F|90/100\n|switch|p1a: Garchomp|Garchomp, L50, F|100/100\n|turn|12\n|\n|t:|1776432828\n|move|p1a: Garchomp|Earthquake|p2a: Hatterene\n|-damage|p2a: Hatterene|42/100\n|move|p2a: Hatterene|Draining Kiss|p1a: Garchomp\n|-supereffective|p1a: Garchomp|1\n|-enditem|p1a: Garchomp|Roseli Berry|[eat]\n|-enditem|p1a: Garchomp|Roseli Berry|[weaken]\n|-damage|p1a: Garchomp|76/100\n|-heal|p2a: Hatterene|63/100|[from] drain|[of] p1a: Garchomp\n|-damage|p2a: Hatterene|51/100|[from] ability: Rough Skin|[of] p1a: Garchomp\n|\n|-weather|none\n|-heal|p2a: Hatterene|57/100|[from] item: Leftovers\n|upkeep\n|turn|13\n|\n|t:|1776432840\n|move|p1a: Garchomp|Earthquake|p2a: Hatterene\n|-damage|p2a: Hatterene|15/100\n|move|p2a: Hatterene|Draining Kiss|p1a: Garchomp\n|-supereffective|p1a: Garchomp|1\n|-damage|p1a: Garchomp|29/100\n|-heal|p2a: Hatterene|54/100|[from] drain|[of] p1a: Garchomp\n|-damage|p2a: Hatterene|42/100|[from] ability: Rough Skin|[of] p1a: Garchomp\n|\n|-heal|p2a: Hatterene|48/100|[from] item: Leftovers\n|upkeep\n|turn|14\n|\n|t:|1776432851\n|move|p1a: Garchomp|Earthquake|p2a: Hatterene\n|-damage|p2a: Hatterene|2/100\n|move|p2a: Hatterene|Draining Kiss|p1a: Garchomp\n|-supereffective|p1a: Garchomp|1\n|-damage|p1a: Garchomp|0 fnt\n|-heal|p2a: Hatterene|27/100|[from] drain|[of] p1a: Garchomp\n|-damage|p2a: Hatterene|15/100|[from] ability: Rough Skin|[of] p1a: Garchomp\n|faint|p1a: Garchomp\n|\n|win|bryannoah2309\n|raw|aleandrede's rating: 1109 &rarr; <strong>1093</strong><br />(-16 for losing)\n|raw|bryannoah2309's rating: 1247 &rarr; <strong>1263</strong><br />(+16 for winning)\n",
  "uploadtime": 1776432867,
  "views": 11,
  "formatid": "gen9championsbssregma",
  "rating": 1093,
  "private": 0,
  "password": null
}