{
  "id": "gen9championsbssregma-2587977209",
  "format": "[Gen 9 Champions] BSS Reg M-A",
  "players": [
    "mightypeas",
    "hijanu"
  ],
  "log": "|j|\u2606mightypeas\n|j|\u2606hijanu\n|t:|1776587651\n|gametype|singles\n|player|p1|mightypeas|artist-gen4|1120\n|player|p2|hijanu|170|1114\n|gen|9\n|tier|[Gen 9 Champions] BSS Reg M-A\n|rated|\n|rule|Species Clause: Limit one of each Pok\u00e9mon\n|rule|Item Clause: Limit 1 of each item\n|clearpoke\n|poke|p1|Hydrapple, L50, M|\n|poke|p1|Aggron, L50, M|\n|poke|p1|Starmie, L50|\n|poke|p1|Garchomp, L50, F|\n|poke|p1|Ceruledge, L50, M|\n|poke|p1|Meowscarada, L50, F|\n|poke|p2|Furfrou, L50, M, shiny|\n|poke|p2|Ceruledge, L50, F, shiny|\n|poke|p2|Rotom-Wash, L50, shiny|\n|poke|p2|Torterra, L50, F, shiny|\n|poke|p2|Aggron, L50, M, shiny|\n|poke|p2|Victreebel, L50, F|\n|teampreview|3\n|\n|t:|1776587686\n|teamsize|p1|3\n|teamsize|p2|3\n|start\n|switch|p1a: Aggron|Aggron, L50, M|100/100\n|switch|p2a: Torterra|Torterra, L50, F, shiny|100/100\n|turn|1\n|\n|t:|1776587692\n|switch|p1a: Hydrapple|Hydrapple, L50, M|100/100\n|move|p2a: Torterra|Shell Smash|p2a: Torterra\n|-unboost|p2a: Torterra|def|1\n|-unboost|p2a: Torterra|spd|1\n|-boost|p2a: Torterra|atk|2\n|-boost|p2a: Torterra|spa|2\n|-boost|p2a: Torterra|spe|2\n|\n|upkeep\n|turn|2\n|\n|t:|1776587707\n|move|p2a: Torterra|Stone Edge|p1a: Hydrapple\n|-damage|p1a: Hydrapple|56/100\n|move|p1a: Hydrapple|Fickle Beam|p2a: Torterra\n|-crit|p2a: Torterra\n|-damage|p2a: Torterra|10/100\n|\n|upkeep\n|turn|3\n|\n|t:|1776587719\n|move|p2a: Torterra|Stone Edge|p1a: Hydrapple\n|-crit|p1a: Hydrapple\n|-damage|p1a: Hydrapple|0 fnt\n|faint|p1a: Hydrapple\n|\n|upkeep\n|\n|t:|1776587724\n|switch|p1a: Aggron|Aggron, L50, M|100/100\n|turn|4\n|\n|t:|1776587728\n|detailschange|p1a: Aggron|Aggron-Mega, L50, M\n|-mega|p1a: Aggron|Aggron|Aggronite\n|move|p2a: Torterra|Headlong Rush|p1a: Aggron\n|-supereffective|p1a: Aggron|1\n|-damage|p1a: Aggron|20/100\n|-unboost|p2a: Torterra|def|1\n|-unboost|p2a: Torterra|spd|1\n|move|p1a: Aggron|Body Press|p2a: Torterra\n|-damage|p2a: Torterra|0 fnt\n|faint|p2a: Torterra\n|\n|upkeep\n|\n|t:|1776587749\n|switch|p2a: Victreebel|Victreebel, L50, F|100/100\n|turn|5\n|\n|t:|1776587757\n|detailschange|p2a: Victreebel|Victreebel-Mega, L50, F\n|-mega|p2a: Victreebel|Victreebel|Victreebelite\n|move|p2a: Victreebel|Sucker Punch|p1a: Aggron\n|-damage|p1a: Aggron|8/100\n|move|p1a: Aggron|Body Press|p2a: Victreebel\n|-resisted|p2a: Victreebel|1\n|-damage|p2a: Victreebel|73/100\n|\n|upkeep\n|turn|6\n|\n|t:|1776587768\n|move|p2a: Victreebel|Strength Sap|p1a: Aggron\n|-unboost|p1a: Aggron|atk|1\n|-heal|p2a: Victreebel|100/100\n|move|p1a: Aggron|Iron Defense|p1a: Aggron\n|-boost|p1a: Aggron|def|2\n|\n|upkeep\n|turn|7\n|\n|t:|1776587776\n|move|p2a: Victreebel|Power Whip|p1a: Aggron|[miss]\n|-miss|p2a: Victreebel|p1a: Aggron\n|move|p1a: Aggron|Iron Defense|p1a: Aggron\n|-boost|p1a: Aggron|def|2\n|\n|upkeep\n|turn|8\n|\n|t:|1776587783\n|move|p2a: Victreebel|Power Whip|p1a: Aggron\n|-resisted|p1a: Aggron|1\n|-damage|p1a: Aggron|2/100\n|move|p1a: Aggron|Body Press|p2a: Victreebel\n|-resisted|p2a: Victreebel|1\n|-crit|p2a: Victreebel\n|-damage|p2a: Victreebel|0 fnt\n|-damage|p1a: Aggron|0 fnt|[from] ability: Innards Out|[of] p2a: Victreebel\n|faint|p2a: Victreebel\n|faint|p1a: Aggron\n|\n|upkeep\n|\n|t:|1776587794\n|switch|p2a: Furfrou|Furfrou, L50, M, shiny|100/100\n|switch|p1a: Garchomp|Garchomp, L50, F|100/100\n|turn|9\n|\n|t:|1776587800\n|move|p1a: Garchomp|Swords Dance|p1a: Garchomp\n|-boost|p1a: Garchomp|atk|2\n|move|p2a: Furfrou|Ice Fang|p1a: Garchomp\n|-supereffective|p1a: Garchomp|2\n|-damage|p1a: Garchomp|29/100\n|-damage|p2a: Furfrou|88/100|[from] ability: Rough Skin|[of] p1a: Garchomp\n|\n|-heal|p1a: Garchomp|35/100|[from] item: Leftovers\n|-heal|p2a: Furfrou|94/100|[from] item: Leftovers\n|upkeep\n|turn|10\n|\n|t:|1776587813\n|move|p2a: Furfrou|Sucker Punch|p1a: Garchomp\n|-damage|p1a: Garchomp|14/100\n|-damage|p2a: Furfrou|82/100|[from] ability: Rough Skin|[of] p1a: Garchomp\n|move|p1a: Garchomp|Outrage|p2a: Furfrou\n|-damage|p2a: Furfrou|0 fnt\n|faint|p2a: Furfrou\n|\n|win|mightypeas\n|raw|mightypeas's rating: 1120 &rarr; <strong>1145</strong><br />(+25 for winning)\n|raw|hijanu's rating: 1114 &rarr; <strong>1089</strong><br />(-25 for losing)\n",
  "uploadtime": 1776587826,
  "views": 3,
  "formatid": "gen9championsbssregma",
  "rating": 1089,
  "private": 0,
  "password": null
}