{
  "id": "gen9championsbssregma-2585372204",
  "format": "[Gen 9 Champions] BSS Reg M-A",
  "players": [
    "BBBBbkty",
    "Helloimjerry"
  ],
  "log": "|j|\u2606BBBBbkty\n|j|\u2606Helloimjerry\n|t:|1776342257\n|gametype|singles\n|player|p1|BBBBbkty|101|1000\n|player|p2|Helloimjerry|nate|1039\n|gen|9\n|tier|[Gen 9 Champions] BSS Reg M-A\n|rated|\n|rule|Species Clause: Limit one of each Pok\u00e9mon\n|rule|Item Clause: Limit 1 of each item\n|clearpoke\n|poke|p1|Dragapult, L50, F|\n|poke|p1|Alakazam, L50, F|\n|poke|p1|Azumarill, L50, M|\n|poke|p1|Aerodactyl, L50, F|\n|poke|p1|Floette-Eternal, L50, F|\n|poke|p1|Abomasnow, L50, F|\n|poke|p2|Gengar, L50, F|\n|poke|p2|Kingambit, L50, M|\n|poke|p2|Corviknight, L50, M|\n|poke|p2|Garchomp, L50, M|\n|poke|p2|Primarina, L50, F|\n|poke|p2|Ditto, L50|\n|teampreview|3\n|inactive|Battle timer is ON: inactive players will automatically lose when time's up. (requested by Helloimjerry)\n|\n|t:|1776342275\n|teamsize|p1|3\n|teamsize|p2|3\n|start\n|switch|p1a: Dragapult|Dragapult, L50, F, shiny|100/100\n|switch|p2a: Primarina|Primarina, L50, F|100/100\n|turn|1\n|\n|t:|1776342289\n|move|p1a: Dragapult|Dragon Dance|p1a: Dragapult\n|-boost|p1a: Dragapult|atk|1\n|-boost|p1a: Dragapult|spe|1\n|move|p2a: Primarina|Moonblast|p1a: Dragapult\n|-supereffective|p1a: Dragapult|1\n|-enditem|p1a: Dragapult|Focus Sash\n|-damage|p1a: Dragapult|1/100\n|\n|upkeep\n|turn|2\n|\n|t:|1776342297\n|move|p2a: Primarina|Aqua Jet|p1a: Dragapult\n|-resisted|p1a: Dragapult|1\n|-damage|p1a: Dragapult|0 fnt\n|faint|p1a: Dragapult\n|\n|upkeep\n|\n|t:|1776342303\n|switch|p1a: Azumarill|Azumarill, L50, M|100/100\n|turn|3\n|inactive|Helloimjerry has 30 seconds left.\n|\n|t:|1776342330\n|move|p2a: Primarina|Moonblast|p1a: Azumarill\n|-damage|p1a: Azumarill|57/100\n|-unboost|p1a: Azumarill|spa|1\n|move|p1a: Azumarill|Belly Drum|p1a: Azumarill\n|-damage|p1a: Azumarill|7/100\n|-setboost|p1a: Azumarill|atk|6|[from] move: Belly Drum\n|\n|upkeep\n|turn|4\n|\n|t:|1776342342\n|move|p2a: Primarina|Aqua Jet|p1a: Azumarill\n|-resisted|p1a: Azumarill|1\n|-damage|p1a: Azumarill|3/100\n|move|p1a: Azumarill|Aqua Jet|p2a: Primarina\n|-resisted|p2a: Primarina|1\n|-crit|p2a: Primarina\n|-damage|p2a: Primarina|33/100\n|\n|upkeep\n|turn|5\n|\n|t:|1776342351\n|move|p2a: Primarina|Encore|p1a: Azumarill\n|-start|p1a: Azumarill|Encore\n|move|p1a: Azumarill|Aqua Jet|p2a: Primarina\n|-resisted|p2a: Primarina|1\n|-damage|p2a: Primarina|0 fnt\n|faint|p2a: Primarina\n|\n|upkeep\n|\n|t:|1776342355\n|switch|p2a: Ditto|Ditto, L50, shiny|100/100\n|-transform|p2a: Ditto|p1a: Azumarill|[from] ability: Imposter\n|turn|6\n|\n|t:|1776342363\n|move|p1a: Azumarill|Aqua Jet|p2a: Ditto\n|-resisted|p2a: Ditto|1\n|-damage|p2a: Ditto|64/100\n|move|p2a: Ditto|Play Rough|p1a: Azumarill\n|-damage|p1a: Azumarill|0 fnt\n|faint|p1a: Azumarill\n|\n|upkeep\n|\n|t:|1776342366\n|switch|p1a: Alakazam|Alakazam, L50, F, shiny|100/100\n|turn|7\n|\n|t:|1776342373\n|detailschange|p1a: Alakazam|Alakazam-Mega, L50, F, shiny\n|-mega|p1a: Alakazam|Alakazam|Alakazite\n|-ability|p1a: Alakazam|Huge Power|Trace|[from] ability: Trace|[of] p2a: Ditto\n|move|p1a: Alakazam|Shadow Ball|p2a: Ditto\n|-damage|p2a: Ditto|27/100\n|move|p2a: Ditto|Play Rough|p1a: Alakazam\n|-damage|p1a: Alakazam|0 fnt\n|faint|p1a: Alakazam\n|\n|win|Helloimjerry\n|raw|BBBBbkty's rating: 1000 &rarr; <strong>1000</strong><br />(+0 for losing)\n|raw|Helloimjerry's rating: 1039 &rarr; <strong>1069</strong><br />(+30 for winning)\n|l|\u2606Helloimjerry\n|player|p2|\n",
  "uploadtime": 1776342394,
  "views": 7,
  "formatid": "gen9championsbssregma",
  "rating": 1000,
  "private": 0,
  "password": null
}