{
  "id": "gen9championsbssregma-2584238472",
  "format": "[Gen 9 Champions] BSS Reg M-A",
  "players": [
    "BERU HOT",
    "hoshigumo1101"
  ],
  "log": "|j|\u2606BERU HOT\n|j|\u2606hoshigumo1101\n|t:|1776241879\n|gametype|singles\n|player|p1|BERU HOT|clair|1062\n|player|p2|hoshigumo1101|acetrainerf|1202\n|gen|9\n|tier|[Gen 9 Champions] BSS Reg M-A\n|rated|\n|rule|Species Clause: Limit one of each Pok\u00e9mon\n|rule|Item Clause: Limit 1 of each item\n|clearpoke\n|poke|p1|Charizard, L50, M|\n|poke|p1|Gengar, L50, M|\n|poke|p1|Garchomp, L50, M|\n|poke|p1|Appletun, L50, F|\n|poke|p1|Basculegion, L50, M|\n|poke|p1|Aegislash, L50, F|\n|poke|p2|Aegislash, L50, M|\n|poke|p2|Kangaskhan, L50, F|\n|poke|p2|Corviknight, L50, F|\n|poke|p2|Incineroar, L50, F|\n|poke|p2|Garchomp, L50, M|\n|poke|p2|Venusaur, L50, M|\n|teampreview|3\n|inactive|Battle timer is ON: inactive players will automatically lose when time's up. (requested by BERU HOT)\n|\n|t:|1776241903\n|teamsize|p1|3\n|teamsize|p2|3\n|start\n|switch|p1a: Gengar|Gengar, L50, M, shiny|100/100\n|switch|p2a: Garchomp|Garchomp, L50, M|100/100\n|turn|1\n|\n|t:|1776241911\n|move|p2a: Garchomp|Outrage|p1a: Gengar\n|-enditem|p1a: Gengar|Focus Sash\n|-damage|p1a: Gengar|1/100\n|move|p1a: Gengar|Shadow Ball|p2a: Garchomp\n|-damage|p2a: Garchomp|53/100\n|\n|upkeep\n|turn|2\n|\n|t:|1776241915\n|move|p2a: Garchomp|Outrage|p1a: Gengar|[from] lockedmove\n|-damage|p1a: Gengar|0 fnt\n|faint|p1a: Gengar\n|-start|p2a: Garchomp|confusion|[fatigue]\n|\n|upkeep\n|\n|t:|1776241919\n|switch|p1a: Garchomp|Garchomp, L50, M, shiny|100/100\n|turn|3\n|\n|t:|1776241922\n|-activate|p2a: Garchomp|confusion\n|-damage|p2a: Garchomp|39/100|[from] confusion\n|move|p1a: Garchomp|Dragon Claw|p2a: Garchomp\n|-supereffective|p2a: Garchomp|1\n|-damage|p2a: Garchomp|0 fnt\n|-damage|p1a: Garchomp|88/100|[from] ability: Rough Skin|[of] p2a: Garchomp\n|faint|p2a: Garchomp\n|\n|upkeep\n|\n|t:|1776241927\n|switch|p2a: Kangaskhan|Kangaskhan, L50, F|100/100\n|turn|4\n|\n|t:|1776241930\n|detailschange|p2a: Kangaskhan|Kangaskhan-Mega, L50, F\n|-mega|p2a: Kangaskhan|Kangaskhan|Kangaskhanite\n|move|p1a: Garchomp|Dragon Claw|p2a: Kangaskhan\n|-damage|p2a: Kangaskhan|67/100\n|move|p2a: Kangaskhan|Ice Punch|p1a: Garchomp\n|-supereffective|p1a: Garchomp|2\n|-damage|p1a: Garchomp|0 fnt\n|-damage|p2a: Kangaskhan|55/100|[from] ability: Rough Skin|[of] p1a: Garchomp\n|faint|p1a: Garchomp\n|-hitcount|p1: Garchomp|1\n|\n|upkeep\n|\n|t:|1776241933\n|switch|p1a: Charizard|Charizard, L50, M, shiny|100/100\n|turn|5\n|\n|t:|1776241942\n|detailschange|p1a: Charizard|Charizard-Mega-Y, L50, M, shiny\n|-mega|p1a: Charizard|Charizard|Charizardite Y\n|-weather|SunnyDay|[from] ability: Drought|[of] p1a: Charizard\n|move|p1a: Charizard|Weather Ball|p2a: Kangaskhan\n|-damage|p2a: Kangaskhan|0 fnt\n|faint|p2a: Kangaskhan\n|\n|-weather|SunnyDay|[upkeep]\n|upkeep\n|\n|t:|1776241945\n|switch|p2a: Aegislash|Aegislash, L50, M|100/100\n|turn|6\n|\n|t:|1776241950\n|move|p1a: Charizard|Overheat|p2a: Aegislash\n|-supereffective|p2a: Aegislash|1\n|-enditem|p2a: Aegislash|Focus Sash\n|-damage|p2a: Aegislash|1/100\n|-unboost|p1a: Charizard|spa|2\n|-formechange|p2a: Aegislash|Aegislash-Blade|\n|move|p2a: Aegislash|Poltergeist|p1a: Charizard\n|-activate|p1a: Charizard|move: Poltergeist|Charizardite Y\n|-damage|p1a: Charizard|10/100\n|\n|-weather|SunnyDay|[upkeep]\n|upkeep\n|turn|7\n|\n|t:|1776241956\n|move|p2a: Aegislash|Shadow Sneak|p1a: Charizard\n|-damage|p1a: Charizard|0 fnt\n|faint|p1a: Charizard\n|\n|win|hoshigumo1101\n|raw|BERU HOT's rating: 1062 &rarr; <strong>1050</strong><br />(-12 for losing)\n|raw|hoshigumo1101's rating: 1202 &rarr; <strong>1217</strong><br />(+15 for winning)\n",
  "uploadtime": 1776241963,
  "views": 5,
  "formatid": "gen9championsbssregma",
  "rating": 1050,
  "private": 0,
  "password": null
}