{
  "id": "gen9championsbssregma-2583186581",
  "format": "[Gen 9 Champions] BSS Reg M-A",
  "players": [
    "RandBatsAreEasy",
    "VenoCancer"
  ],
  "log": "|j|\u2606RandBatsAreEasy\n|j|\u2606VenoCancer\n|t:|1776152437\n|gametype|singles\n|player|p1|RandBatsAreEasy|unknown|1000\n|player|p2|VenoCancer|2|1000\n|gen|9\n|tier|[Gen 9 Champions] BSS Reg M-A\n|rated|\n|rule|Species Clause: Limit one of each Pok\u00e9mon\n|rule|Item Clause: Limit 1 of each item\n|clearpoke\n|poke|p1|Starmie, L50|\n|poke|p1|Corviknight, L50, M|\n|poke|p1|Garchomp, L50, M|\n|poke|p1|Hydreigon, L50, F|\n|poke|p1|Clefable, L50, F|\n|poke|p1|Bellibolt, L50, M|\n|poke|p2|Aggron, L50, F|\n|poke|p2|Incineroar, L50, F|\n|poke|p2|Sneasler, L50, F|\n|poke|p2|Dragapult, L50, M|\n|poke|p2|Garchomp, L50, M|\n|poke|p2|Sinistcha, L50|\n|teampreview|3\n|inactive|Battle timer is ON: inactive players will automatically lose when time's up. (requested by RandBatsAreEasy)\n|\n|t:|1776152462\n|teamsize|p1|3\n|teamsize|p2|3\n|start\n|switch|p1a: Corviknight|Corviknight, L50, M|100/100\n|switch|p2a: Aggron|Aggron, L50, F|100/100\n|-ability|p1a: Corviknight|Pressure\n|turn|1\n|\n|t:|1776152478\n|detailschange|p2a: Aggron|Aggron-Mega, L50, F\n|-mega|p2a: Aggron|Aggron|Aggronite\n|move|p1a: Corviknight|Iron Defense|p1a: Corviknight\n|-boost|p1a: Corviknight|def|2\n|move|p2a: Aggron|Iron Defense|p2a: Aggron\n|-boost|p2a: Aggron|def|2\n|\n|upkeep\n|turn|2\n|\n|t:|1776152483\n|move|p1a: Corviknight|Iron Defense|p1a: Corviknight\n|-boost|p1a: Corviknight|def|2\n|move|p2a: Aggron|Iron Defense|p2a: Aggron\n|-boost|p2a: Aggron|def|2\n|\n|upkeep\n|turn|3\n|\n|t:|1776152486\n|move|p1a: Corviknight|Iron Defense|p1a: Corviknight\n|-boost|p1a: Corviknight|def|2\n|move|p2a: Aggron|Iron Defense|p2a: Aggron\n|-boost|p2a: Aggron|def|2\n|\n|upkeep\n|turn|4\n|\n|t:|1776152489\n|move|p1a: Corviknight|Body Press|p2a: Aggron\n|-supereffective|p2a: Aggron|1\n|-damage|p2a: Aggron|80/100\n|move|p2a: Aggron|Body Press|p1a: Corviknight\n|-damage|p1a: Corviknight|73/100\n|\n|upkeep\n|turn|5\n|\n|t:|1776152496\n|move|p1a: Corviknight|Body Press|p2a: Aggron\n|-supereffective|p2a: Aggron|1\n|-damage|p2a: Aggron|61/100\n|move|p2a: Aggron|Body Press|p1a: Corviknight\n|-damage|p1a: Corviknight|46/100\n|-enditem|p1a: Corviknight|Sitrus Berry|[eat]\n|-heal|p1a: Corviknight|71/100|[from] item: Sitrus Berry\n|\n|upkeep\n|turn|6\n|\n|t:|1776152504\n|move|p1a: Corviknight|Body Press|p2a: Aggron\n|-supereffective|p2a: Aggron|1\n|-damage|p2a: Aggron|43/100\n|move|p2a: Aggron|Rest|p2a: Aggron\n|-status|p2a: Aggron|slp|[from] move: Rest\n|-heal|p2a: Aggron|100/100 slp|[silent]\n|\n|upkeep\n|turn|7\n|\n|t:|1776152509\n|move|p1a: Corviknight|Roost|p1a: Corviknight\n|-heal|p1a: Corviknight|100/100\n|-singleturn|p1a: Corviknight|move: Roost\n|cant|p2a: Aggron|slp\n|move|p2a: Aggron|Sleep Talk|p2a: Aggron\n|move|p2a: Aggron|Body Press|p1a: Corviknight|[from] move: Sleep Talk\n|-supereffective|p1a: Corviknight|1\n|-damage|p1a: Corviknight|42/100\n|\n|upkeep\n|turn|8\n|\n|t:|1776152520\n|move|p1a: Corviknight|Roost|p1a: Corviknight\n|-heal|p1a: Corviknight|92/100\n|-singleturn|p1a: Corviknight|move: Roost\n|cant|p2a: Aggron|slp\n|move|p2a: Aggron|Sleep Talk|p2a: Aggron\n|move|p2a: Aggron|Iron Defense|p2a: Aggron|[from] move: Sleep Talk\n|-boost|p2a: Aggron|def|0\n|\n|upkeep\n|turn|9\n|\n|t:|1776152530\n|move|p1a: Corviknight|Body Press|p2a: Aggron\n|-supereffective|p2a: Aggron|1\n|-damage|p2a: Aggron|82/100 slp\n|-curestatus|p2a: Aggron|slp|[msg]\n|move|p2a: Aggron|Body Press|p1a: Corviknight\n|-damage|p1a: Corviknight|64/100\n|\n|upkeep\n|turn|10\n|\n|t:|1776152540\n|move|p1a: Corviknight|Body Press|p2a: Aggron\n|-supereffective|p2a: Aggron|1\n|-damage|p2a: Aggron|64/100\n|move|p2a: Aggron|Body Press|p1a: Corviknight\n|-damage|p1a: Corviknight|37/100\n|\n|upkeep\n|turn|11\n|\n|t:|1776152550\n|move|p1a: Corviknight|Body Press|p2a: Aggron\n|-supereffective|p2a: Aggron|1\n|-damage|p2a: Aggron|45/100\n|move|p2a: Aggron|Rest|p2a: Aggron\n|-status|p2a: Aggron|slp|[from] move: Rest\n|-heal|p2a: Aggron|100/100 slp|[silent]\n|\n|upkeep\n|turn|12\n|\n|t:|1776152554\n|move|p1a: Corviknight|Roost|p1a: Corviknight\n|-heal|p1a: Corviknight|87/100\n|-singleturn|p1a: Corviknight|move: Roost\n|cant|p2a: Aggron|slp\n|move|p2a: Aggron|Sleep Talk|p2a: Aggron\n|move|p2a: Aggron|Iron Defense|p2a: Aggron|[from] move: Sleep Talk\n|-boost|p2a: Aggron|def|0\n|\n|upkeep\n|turn|13\n|\n|t:|1776152563\n|move|p1a: Corviknight|Body Press|p2a: Aggron\n|-supereffective|p2a: Aggron|1\n|-damage|p2a: Aggron|82/100 slp\n|cant|p2a: Aggron|slp\n|move|p2a: Aggron|Sleep Talk|p2a: Aggron\n|move|p2a: Aggron|Rest||[from] move: Sleep Talk|[still]\n|-fail|p2a: Aggron\n|\n|upkeep\n|turn|14\n|\n|t:|1776152573\n|move|p1a: Corviknight|Body Press|p2a: Aggron\n|-supereffective|p2a: Aggron|1\n|-damage|p2a: Aggron|62/100 slp\n|-curestatus|p2a: Aggron|slp|[msg]\n|move|p2a: Aggron|Body Press|p1a: Corviknight\n|-damage|p1a: Corviknight|60/100\n|\n|upkeep\n|turn|15\n|\n|t:|1776152580\n|move|p1a: Corviknight|Body Press|p2a: Aggron\n|-supereffective|p2a: Aggron|1\n|-damage|p2a: Aggron|43/100\n|move|p2a: Aggron|Rest|p2a: Aggron\n|-status|p2a: Aggron|slp|[from] move: Rest\n|-heal|p2a: Aggron|100/100 slp|[silent]\n|\n|upkeep\n|turn|16\n|\n|t:|1776152587\n|move|p1a: Corviknight|Roost|p1a: Corviknight\n|-heal|p1a: Corviknight|100/100\n|-singleturn|p1a: Corviknight|move: Roost\n|cant|p2a: Aggron|slp\n|move|p2a: Aggron|Sleep Talk|p2a: Aggron\n|move|p2a: Aggron|Iron Defense|p2a: Aggron|[from] move: Sleep Talk\n|-boost|p2a: Aggron|def|0\n|\n|upkeep\n|turn|17\n|\n|t:|1776152593\n|move|p1a: Corviknight|Body Press|p2a: Aggron\n|-supereffective|p2a: Aggron|1\n|-damage|p2a: Aggron|80/100 slp\n|cant|p2a: Aggron|slp\n|move|p2a: Aggron|Sleep Talk|p2a: Aggron\n|move|p2a: Aggron|Rest||[from] move: Sleep Talk|[still]\n|-fail|p2a: Aggron\n|\n|upkeep\n|turn|18\n|\n|t:|1776152603\n|move|p1a: Corviknight|Body Press|p2a: Aggron\n|-supereffective|p2a: Aggron|1\n|-damage|p2a: Aggron|60/100 slp\n|-curestatus|p2a: Aggron|slp|[msg]\n|move|p2a: Aggron|Rest|p2a: Aggron\n|-status|p2a: Aggron|slp|[from] move: Rest\n|-heal|p2a: Aggron|100/100 slp|[silent]\n|\n|upkeep\n|turn|19\n|\n|t:|1776152608\n|move|p1a: Corviknight|Body Press|p2a: Aggron\n|-supereffective|p2a: Aggron|1\n|-damage|p2a: Aggron|81/100 slp\n|cant|p2a: Aggron|slp\n|move|p2a: Aggron|Sleep Talk|p2a: Aggron\n|move|p2a: Aggron|Iron Defense|p2a: Aggron|[from] move: Sleep Talk\n|-boost|p2a: Aggron|def|0\n|\n|upkeep\n|turn|20\n|\n|t:|1776152617\n|move|p1a: Corviknight|Iron Defense|p1a: Corviknight\n|-boost|p1a: Corviknight|def|0\n|cant|p2a: Aggron|slp\n|\n|upkeep\n|turn|21\n|\n|t:|1776152635\n|move|p1a: Corviknight|Iron Defense|p1a: Corviknight\n|-boost|p1a: Corviknight|def|0\n|-curestatus|p2a: Aggron|slp|[msg]\n|move|p2a: Aggron|Iron Defense|p2a: Aggron\n|-boost|p2a: Aggron|def|0\n|\n|upkeep\n|turn|22\n|\n|t:|1776152641\n|move|p1a: Corviknight|Iron Defense|p1a: Corviknight\n|-boost|p1a: Corviknight|def|0\n|move|p2a: Aggron|Iron Defense|p2a: Aggron\n|-boost|p2a: Aggron|def|0\n|\n|upkeep\n|turn|23\n|\n|t:|1776152647\n|switch|p2a: Incineroar|Incineroar, L50, F|100/100\n|-ability|p2a: Incineroar|Intimidate|boost\n|-unboost|p1a: Corviknight|atk|1\n|move|p1a: Corviknight|Iron Defense|p1a: Corviknight\n|-boost|p1a: Corviknight|def|0\n|\n|upkeep\n|turn|24\n|\n|t:|1776152655\n|move|p2a: Incineroar|Parting Shot|p1a: Corviknight\n|-unboost|p1a: Corviknight|atk|1\n|-unboost|p1a: Corviknight|spa|1\n|\n|t:|1776152659\n|switch|p2a: Aggron|Aggron-Mega, L50, F|81/100|[from] Parting Shot\n|move|p1a: Corviknight|Iron Defense|p1a: Corviknight\n|-boost|p1a: Corviknight|def|0\n|\n|upkeep\n|turn|25\n|\n|t:|1776152665\n|switch|p2a: Incineroar|Incineroar, L50, F|100/100\n|-ability|p2a: Incineroar|Intimidate|boost\n|-unboost|p1a: Corviknight|atk|1\n|move|p1a: Corviknight|U-turn|p2a: Incineroar\n|-damage|p2a: Incineroar|95/100\n|\n|t:|1776152668\n|switch|p1a: Starmie|Starmie, L50|100/100|[from] U-turn\n|\n|upkeep\n|turn|26\n|\n|t:|1776152675\n|detailschange|p1a: Starmie|Starmie-Mega, L50\n|-mega|p1a: Starmie|Starmie|Starminite\n|move|p2a: Incineroar|Fake Out|p1a: Starmie\n|-damage|p1a: Starmie|87/100\n|cant|p1a: Starmie|flinch\n|\n|upkeep\n|turn|27\n|\n|t:|1776152682\n|move|p2a: Incineroar|Protect|p2a: Incineroar\n|-singleturn|p2a: Incineroar|Protect\n|move|p1a: Starmie|Flip Turn|p2a: Incineroar\n|-activate|p2a: Incineroar|move: Protect\n|\n|upkeep\n|turn|28\n|\n|t:|1776152691\n|move|p1a: Starmie|Liquidation|p2a: Incineroar\n|-supereffective|p2a: Incineroar|1\n|-damage|p2a: Incineroar|0 fnt\n|faint|p2a: Incineroar\n|\n|upkeep\n|\n|t:|1776152696\n|switch|p2a: Aggron|Aggron-Mega, L50, F|81/100\n|turn|29\n|\n|t:|1776152701\n|move|p1a: Starmie|Flip Turn|p2a: Aggron\n|-crit|p2a: Aggron\n|-damage|p2a: Aggron|46/100\n|\n|t:|1776152704\n|switch|p1a: Corviknight|Corviknight, L50, M|100/100|[from] Flip Turn\n|-ability|p1a: Corviknight|Pressure\n|move|p2a: Aggron|Iron Defense|p2a: Aggron\n|-boost|p2a: Aggron|def|2\n|\n|upkeep\n|turn|30\n|\n|t:|1776152713\n|move|p1a: Corviknight|U-turn|p2a: Aggron\n|-resisted|p2a: Aggron|1\n|-damage|p2a: Aggron|44/100\n|\n|t:|1776152714\n|switch|p1a: Hydreigon|Hydreigon, L50, F|100/100|[from] U-turn\n|move|p2a: Aggron|Iron Defense|p2a: Aggron\n|-boost|p2a: Aggron|def|2\n|\n|upkeep\n|turn|31\n|\n|t:|1776152720\n|move|p1a: Hydreigon|Flamethrower|p2a: Aggron\n|-supereffective|p2a: Aggron|1\n|-damage|p2a: Aggron|0 fnt\n|faint|p2a: Aggron\n|\n|upkeep\n|\n|t:|1776152724\n|switch|p2a: Garchomp|Garchomp, L50, M|100/100\n|turn|32\n|-message|VenoCancer forfeited.\n|\n|win|RandBatsAreEasy\n|raw|RandBatsAreEasy's rating: 1000 &rarr; <strong>1040</strong><br />(+40 for winning)\n|raw|VenoCancer's rating: 1000 &rarr; <strong>1000</strong><br />(+0 for losing)\n|l|\u2606VenoCancer\n|player|p2|\n",
  "uploadtime": 1776152730,
  "views": 6,
  "formatid": "gen9championsbssregma",
  "rating": 1000,
  "private": 0,
  "password": null
}