{
  "id": "gen9championsbssregma-2585972339",
  "format": "[Gen 9 Champions] BSS Reg M-A",
  "players": [
    "Bbbkty",
    "goku s0los"
  ],
  "log": "|j|\u2606Bbbkty\n|j|\u2606goku s0los\n|t:|1776386413\n|gametype|singles\n|player|p1|Bbbkty|169|1151\n|player|p2|goku s0los|101|1133\n|gen|9\n|tier|[Gen 9 Champions] BSS Reg M-A\n|rated|\n|rule|Species Clause: Limit one of each Pok\u00e9mon\n|rule|Item Clause: Limit 1 of each item\n|clearpoke\n|poke|p1|Clefable, L50, M|\n|poke|p1|Charizard, L50, F|\n|poke|p1|Mimikyu, L50, M|\n|poke|p1|Kingambit, L50, M|\n|poke|p1|Espathra, L50, F|\n|poke|p1|Glimmora, L50, M|\n|poke|p2|Aggron, L50, M|\n|poke|p2|Serperior, L50, F|\n|poke|p2|Volcarona, L50, F|\n|poke|p2|Gallade, L50, M|\n|poke|p2|Zoroark-Hisui, L50, F|\n|poke|p2|Arcanine-Hisui, L50, F|\n|teampreview|3\n|inactive|Battle timer is ON: inactive players will automatically lose when time's up. (requested by Bbbkty)\n|\n|t:|1776386423\n|teamsize|p1|3\n|teamsize|p2|3\n|start\n|switch|p1a: Glimmora|Glimmora, L50, M, shiny|100/100\n|switch|p2a: Serperior|Serperior, L50, F, shiny|100/100\n|turn|1\n|inactive|Bbbkty has 30 seconds left.\n|\n|t:|1776386451\n|move|p2a: Serperior|Nasty Plot|p2a: Serperior\n|-boost|p2a: Serperior|spa|2\n|move|p1a: Glimmora|Mortal Spin|p2a: Serperior\n|-resisted|p2a: Serperior|1\n|-damage|p2a: Serperior|94/100\n|-status|p2a: Serperior|psn\n|replace|p2a: Zoroark|Zoroark-Hisui, L50, F\n|-end|p2a: Zoroark|Illusion\n|\n|-damage|p2a: Zoroark|82/100 psn|[from] psn\n|upkeep\n|turn|2\n|\n|t:|1776386460\n|move|p2a: Zoroark|Shadow Ball|p1a: Glimmora\n|-damage|p1a: Glimmora|20/100\n|move|p1a: Glimmora|Stealth Rock|p2a: Zoroark\n|-sidestart|p2: goku s0los|move: Stealth Rock\n|\n|-damage|p2a: Zoroark|70/100 psn|[from] psn\n|upkeep\n|turn|3\n|\n|t:|1776386476\n|move|p2a: Zoroark|Shadow Ball|p1a: Glimmora\n|-damage|p1a: Glimmora|0 fnt\n|faint|p1a: Glimmora\n|\n|-damage|p2a: Zoroark|58/100 psn|[from] psn\n|upkeep\n|\n|t:|1776386478\n|switch|p1a: Espathra|Espathra, L50, F, shiny|100/100\n|turn|4\n|\n|t:|1776386486\n|move|p1a: Espathra|Protect|p1a: Espathra\n|-singleturn|p1a: Espathra|Protect\n|move|p2a: Zoroark|Nasty Plot|p2a: Zoroark\n|-boost|p2a: Zoroark|spa|2\n|\n|-damage|p2a: Zoroark|46/100 psn|[from] psn\n|-ability|p1a: Espathra|Speed Boost|boost\n|-boost|p1a: Espathra|spe|1\n|upkeep\n|turn|5\n|inactive|Bbbkty has 30 seconds left.\n|\n|t:|1776386514\n|move|p1a: Espathra|Baton Pass|p1a: Espathra\n|\n|t:|1776386516\n|switch|p1a: Clefable|Clefable, L50, M, shiny|100/100|[from] Baton Pass\n|move|p2a: Zoroark|Shadow Ball|p1a: Clefable\n|-damage|p1a: Clefable|0 fnt\n|faint|p1a: Clefable\n|\n|-damage|p2a: Zoroark|34/100 psn|[from] psn\n|upkeep\n|\n|t:|1776386518\n|switch|p1a: Espathra|Espathra, L50, F, shiny|100/100\n|turn|6\n|\n|t:|1776386532\n|move|p2a: Zoroark|Shadow Ball|p1a: Espathra\n|-supereffective|p1a: Espathra|1\n|-damage|p1a: Espathra|0 fnt\n|faint|p1a: Espathra\n|\n|win|goku s0los\n|raw|Bbbkty's rating: 1168 &rarr; <strong>1140</strong><br />(-28 for losing)\n|raw|goku s0los's rating: 1133 &rarr; <strong>1161</strong><br />(+28 for winning)\n",
  "uploadtime": 1776386534,
  "views": 5,
  "formatid": "gen9championsbssregma",
  "rating": 1140,
  "private": 0,
  "password": null
}