{
  "id": "gen9championsbssregma-2584086055",
  "format": "[Gen 9 Champions] BSS Reg M-A",
  "players": [
    "Migikikinos",
    "El Cuaje"
  ],
  "log": "|j|\u2606Migikikinos\n|j|\u2606El Cuaje\n|t:|1776223664\n|gametype|singles\n|player|p1|Migikikinos|2|1066\n|player|p2|El Cuaje|riley|1113\n|gen|9\n|tier|[Gen 9 Champions] BSS Reg M-A\n|rated|\n|rule|Species Clause: Limit one of each Pok\u00e9mon\n|rule|Item Clause: Limit 1 of each item\n|clearpoke\n|poke|p1|Primarina, L50, F|\n|poke|p1|Sneasler, L50, F|\n|poke|p1|Mamoswine, L50, F|\n|poke|p1|Kommo-o, L50, F|\n|poke|p1|Kingambit, L50, F|\n|poke|p1|Rotom-Wash, L50|\n|poke|p2|Excadrill, L50, M|\n|poke|p2|Lucario, L50, F|\n|poke|p2|Mimikyu, L50, F|\n|poke|p2|Pelipper, L50, F|\n|poke|p2|Dragapult, L50, F|\n|poke|p2|Jolteon, L50, F|\n|teampreview|3\n|\n|t:|1776223760\n|teamsize|p1|3\n|teamsize|p2|3\n|start\n|switch|p1a: Mamoswine|Mamoswine, L50, F|100/100\n|switch|p2a: Jolteon|Jolteon, L50, F|100/100\n|turn|1\n|\n|t:|1776223792\n|move|p2a: Jolteon|Alluring Voice|p1a: Mamoswine\n|-damage|p1a: Mamoswine|72/100\n|move|p1a: Mamoswine|Earthquake|p2a: Jolteon\n|-supereffective|p2a: Jolteon|1\n|-damage|p2a: Jolteon|0 fnt\n|faint|p2a: Jolteon\n|\n|upkeep\n|\n|t:|1776223798\n|switch|p2a: Lucario|Lucario, L50, F|100/100\n|turn|2\n|\n|t:|1776223811\n|detailschange|p2a: Lucario|Lucario-Mega, L50, F\n|-mega|p2a: Lucario|Lucario|Lucarionite\n|move|p2a: Lucario|Close Combat|p1a: Mamoswine\n|-supereffective|p1a: Mamoswine|1\n|-damage|p1a: Mamoswine|0 fnt\n|-unboost|p2a: Lucario|def|1\n|-unboost|p2a: Lucario|spd|1\n|faint|p1a: Mamoswine\n|\n|upkeep\n|\n|t:|1776223826\n|switch|p1a: Kommo-o|Kommo-o, L50, F|100/100\n|turn|3\n|\n|t:|1776223848\n|switch|p2a: Mimikyu|Mimikyu, L50, F|100/100\n|move|p1a: Kommo-o|Iron Defense|p1a: Kommo-o\n|-boost|p1a: Kommo-o|def|2\n|\n|upkeep\n|turn|4\n|\n|t:|1776223859\n|switch|p1a: Kingambit|Kingambit, L50, F|100/100\n|move|p2a: Mimikyu|Play Rough|p1a: Kingambit\n|-damage|p1a: Kingambit|68/100\n|\n|upkeep\n|turn|5\n|\n|t:|1776223876\n|move|p2a: Mimikyu|Play Rough|p1a: Kingambit\n|-damage|p1a: Kingambit|36/100\n|move|p1a: Kingambit|Iron Head|p2a: Mimikyu\n|-activate|p2a: Mimikyu|ability: Disguise\n|-damage|p2a: Mimikyu|100/100\n|detailschange|p2a: Mimikyu|Mimikyu-Busted, L50, F\n|-damage|p2a: Mimikyu|88/100|[from] pokemon: Mimikyu-Busted\n|\n|upkeep\n|turn|6\n|\n|t:|1776223900\n|switch|p2a: Lucario|Lucario-Mega, L50, F|100/100\n|move|p1a: Kingambit|Iron Head|p2a: Lucario\n|-resisted|p2a: Lucario|1\n|-damage|p2a: Lucario|65/100\n|\n|upkeep\n|turn|7\n|\n|t:|1776223918\n|switch|p1a: Kommo-o|Kommo-o, L50, F|100/100\n|move|p2a: Lucario|Close Combat|p1a: Kommo-o\n|-damage|p1a: Kommo-o|46/100\n|-unboost|p2a: Lucario|def|1\n|-unboost|p2a: Lucario|spd|1\n|-enditem|p1a: Kommo-o|Sitrus Berry|[eat]\n|-heal|p1a: Kommo-o|70/100|[from] item: Sitrus Berry\n|\n|upkeep\n|turn|8\n|\n|t:|1776223933\n|switch|p1a: Kingambit|Kingambit, L50, F|36/100\n|move|p2a: Lucario|Steel Beam|p1a: Kingambit\n|-resisted|p1a: Kingambit|1\n|-damage|p1a: Kingambit|0 fnt\n|-damage|p2a: Lucario|15/100|[from] steelbeam\n|faint|p1a: Kingambit\n|\n|upkeep\n|-message|Migikikinos forfeited.\n|\n|win|El Cuaje\n|raw|Migikikinos's rating: 1066 &rarr; <strong>1049</strong><br />(-17 for losing)\n|raw|El Cuaje's rating: 1113 &rarr; <strong>1135</strong><br />(+22 for winning)\n|l|\u2606Migikikinos\n|player|p1|\n",
  "uploadtime": 1776223960,
  "views": 4,
  "formatid": "gen9championsbssregma",
  "rating": 1049,
  "private": 0,
  "password": null
}