{
  "id": "gen9championsbssregma-2587942772",
  "format": "[Gen 9 Champions] BSS Reg M-A",
  "players": [
    "praction",
    "asasdfaf"
  ],
  "log": "|j|\u2606praction\n|j|\u2606asasdfaf\n|t:|1776582479\n|gametype|singles\n|player|p1|praction|2|1137\n|player|p2|asasdfaf|265|1109\n|gen|9\n|tier|[Gen 9 Champions] BSS Reg M-A\n|rated|\n|rule|Species Clause: Limit one of each Pok\u00e9mon\n|rule|Item Clause: Limit 1 of each item\n|clearpoke\n|poke|p1|Greninja, L50, F|\n|poke|p1|Aegislash, L50, M|\n|poke|p1|Garchomp, L50, F|\n|poke|p1|Hippowdon, L50, M|\n|poke|p1|Charizard, L50, M|\n|poke|p1|Lucario, L50, M|\n|poke|p2|Feraligatr, L50, M|\n|poke|p2|Aegislash, L50, M|\n|poke|p2|Garchomp, L50, M|\n|poke|p2|Rotom-Heat, L50|\n|poke|p2|Venusaur, L50, F|\n|poke|p2|Clefable, L50, M|\n|teampreview|3\n|inactive|Battle timer is ON: inactive players will automatically lose when time's up. (requested by asasdfaf)\n|\n|t:|1776582537\n|teamsize|p1|3\n|teamsize|p2|3\n|start\n|switch|p1a: Greninja|Greninja, L50, F|100/100\n|switch|p2a: Feraligatr|Feraligatr, L50, M|100/100\n|turn|1\n|\n|t:|1776582556\n|detailschange|p2a: Feraligatr|Feraligatr-Mega, L50, M\n|-mega|p2a: Feraligatr|Feraligatr|Feraligite\n|move|p1a: Greninja|U-turn|p2a: Feraligatr\n|-start|p1a: Greninja|typechange|Bug|[from] ability: Protean\n|-damage|p2a: Feraligatr|83/100\n|\n|t:|1776582563\n|switch|p1a: Hippowdon|Hippowdon, L50, M|100/100|[from] U-turn\n|-weather|Sandstorm|[from] ability: Sand Stream|[of] p1a: Hippowdon\n|move|p2a: Feraligatr|Double-Edge|p1a: Hippowdon\n|-damage|p1a: Hippowdon|50/100\n|-enditem|p1a: Hippowdon|Sitrus Berry|[eat]\n|-heal|p1a: Hippowdon|75/100|[from] item: Sitrus Berry\n|-damage|p2a: Feraligatr|64/100|[from] Recoil\n|\n|-weather|Sandstorm|[upkeep]\n|-damage|p2a: Feraligatr|58/100|[from] Sandstorm\n|upkeep\n|turn|2\n|\n|t:|1776582577\n|move|p2a: Feraligatr|Liquidation|p1a: Hippowdon\n|-supereffective|p1a: Hippowdon|1\n|-damage|p1a: Hippowdon|14/100\n|-unboost|p1a: Hippowdon|def|1\n|move|p1a: Hippowdon|Stealth Rock|p2a: Feraligatr\n|-sidestart|p2: asasdfaf|move: Stealth Rock\n|\n|-weather|Sandstorm|[upkeep]\n|-damage|p2a: Feraligatr|52/100|[from] Sandstorm\n|upkeep\n|turn|3\n|\n|t:|1776582587\n|move|p2a: Feraligatr|Liquidation|p1a: Hippowdon\n|-supereffective|p1a: Hippowdon|1\n|-damage|p1a: Hippowdon|0 fnt\n|faint|p1a: Hippowdon\n|\n|-weather|Sandstorm|[upkeep]\n|-damage|p2a: Feraligatr|45/100|[from] Sandstorm\n|upkeep\n|\n|t:|1776582591\n|switch|p1a: Lucario|Lucario, L50, M|100/100\n|turn|4\n|\n|t:|1776582599\n|switch|p2a: Garchomp|Garchomp, L50, M|100/100\n|-damage|p2a: Garchomp|94/100|[from] Stealth Rock\n|detailschange|p1a: Lucario|Lucario-Mega, L50, M\n|-mega|p1a: Lucario|Lucario|Lucarionite\n|move|p1a: Lucario|Swords Dance|p1a: Lucario\n|-boost|p1a: Lucario|atk|2\n|\n|-weather|Sandstorm|[upkeep]\n|upkeep\n|turn|5\n|\n|t:|1776582613\n|move|p1a: Lucario|Close Combat|p2a: Garchomp\n|-damage|p2a: Garchomp|0 fnt\n|-unboost|p1a: Lucario|def|1\n|-unboost|p1a: Lucario|spd|1\n|-damage|p1a: Lucario|88/100|[from] ability: Rough Skin|[of] p2a: Garchomp\n|faint|p2a: Garchomp\n|\n|-weather|none\n|upkeep\n|\n|t:|1776582621\n|switch|p2a: Clefable|Clefable, L50, M|100/100\n|-damage|p2a: Clefable|88/100|[from] Stealth Rock\n|turn|6\n|\n|t:|1776582625\n|move|p1a: Lucario|Bullet Punch|p2a: Clefable\n|-supereffective|p2a: Clefable|1\n|-damage|p2a: Clefable|35/100\n|-enditem|p2a: Clefable|Sitrus Berry|[eat]\n|-heal|p2a: Clefable|59/100|[from] item: Sitrus Berry\n|move|p2a: Clefable|Thunder Wave|p1a: Lucario\n|-status|p1a: Lucario|par\n|\n|upkeep\n|turn|7\n|\n|t:|1776582640\n|move|p1a: Lucario|Bullet Punch|p2a: Clefable\n|-supereffective|p2a: Clefable|1\n|-damage|p2a: Clefable|6/100\n|move|p2a: Clefable|Healing Wish|p2a: Clefable\n|faint|p2a: Clefable\n|\n|upkeep\n|\n|t:|1776582642\n|switch|p2a: Feraligatr|Feraligatr-Mega, L50, M|45/100\n|-heal|p2a: Feraligatr|100/100|[from] move: Healing Wish\n|-damage|p2a: Feraligatr|88/100|[from] Stealth Rock\n|turn|8\n|\n|t:|1776582649\n|switch|p1a: Greninja|Greninja, L50, F|100/100\n|move|p2a: Feraligatr|Liquidation|p1a: Greninja\n|-resisted|p1a: Greninja|1\n|-damage|p1a: Greninja|64/100\n|\n|upkeep\n|turn|9\n|\n|t:|1776582660\n|move|p1a: Greninja|Dark Pulse|p2a: Feraligatr\n|-start|p1a: Greninja|typechange|Dark|[from] ability: Protean\n|-damage|p2a: Feraligatr|50/100\n|move|p2a: Feraligatr|Dragon Dance|p2a: Feraligatr\n|-boost|p2a: Feraligatr|atk|1\n|-boost|p2a: Feraligatr|spe|1\n|\n|upkeep\n|turn|10\n|\n|t:|1776582668\n|move|p2a: Feraligatr|Liquidation|p1a: Greninja\n|-damage|p1a: Greninja|0 fnt\n|faint|p1a: Greninja\n|\n|upkeep\n|\n|t:|1776582671\n|switch|p1a: Lucario|Lucario-Mega, L50, M|88/100 par\n|turn|11\n|\n|t:|1776582674\n|move|p1a: Lucario|Bullet Punch|p2a: Feraligatr\n|-resisted|p2a: Feraligatr|1\n|-damage|p2a: Feraligatr|37/100\n|move|p2a: Feraligatr|Liquidation|p1a: Lucario\n|-damage|p1a: Lucario|5/100 par\n|\n|upkeep\n|turn|12\n|\n|t:|1776582677\n|move|p2a: Feraligatr|Aqua Jet|p1a: Lucario\n|-damage|p1a: Lucario|0 fnt\n|faint|p1a: Lucario\n|\n|win|asasdfaf\n|raw|praction's rating: 1137 &rarr; <strong>1110</strong><br />(-27 for losing)\n|raw|asasdfaf's rating: 1109 &rarr; <strong>1136</strong><br />(+27 for winning)\n",
  "uploadtime": 1776582679,
  "views": 1,
  "formatid": "gen9championsbssregma",
  "rating": 1110,
  "private": 0,
  "password": null
}