{
  "id": "gen9championsbssregma-2581463363",
  "format": "[Gen 9 Champions] BSS Reg M-A",
  "players": [
    "z-pokemaster2000",
    "MiraidonGaming"
  ],
  "log": "|j|\u2606z-pokemaster2000\n|j|\u2606MiraidonGaming\n|t:|1776002856\n|gametype|singles\n|player|p1|z-pokemaster2000|170|\n|player|p2|MiraidonGaming|lucas|\n|gen|9\n|tier|[Gen 9 Champions] BSS Reg M-A\n|rule|Species Clause: Limit one of each Pok\u00e9mon\n|rule|Item Clause: Limit 1 of each item\n|clearpoke\n|poke|p1|Charizard, L50, M|\n|poke|p1|Scizor, L50, F|\n|poke|p1|Conkeldurr, L50, F|\n|poke|p1|Clefable, L50, M|\n|poke|p1|Basculegion, L50, M|\n|poke|p1|Bellibolt, L50, M|\n|poke|p2|Ninetales-Alola, L50, F|\n|poke|p2|Charizard, L50, M|\n|poke|p2|Scizor, L50, M|\n|poke|p2|Sinistcha, L50|\n|poke|p2|Rotom-Wash, L50|\n|poke|p2|Salazzle, L50, F|\n|teampreview|3\n|\n|t:|1776002896\n|teamsize|p1|3\n|teamsize|p2|3\n|start\n|switch|p1a: Luna|Clefable, L50, M, shiny|100/100\n|switch|p2a: Vanity?|Ninetales-Alola, L50, F|100/100\n|-weather|Snowscape|[from] ability: Snow Warning|[of] p2a: Vanity?\n|turn|1\n|c|\u2606z-pokemaster2000|Hope you brought salazzle\n|c|\u2606MiraidonGaming|Hmm what's my counterplay here\n|c|\u2606MiraidonGaming|Yeah nah I didn't lmao\n|c|\u2606MiraidonGaming|I was thinking of it even\n|c|\u2606MiraidonGaming|\"Am I too predictable\"\n|\n|t:|1776002938\n|move|p2a: Vanity?|Freeze-Dry|p1a: Luna\n|-damage|p1a: Luna|78/100\n|move|p1a: Luna|Cosmic Power|p1a: Luna\n|-boost|p1a: Luna|def|1\n|-boost|p1a: Luna|spd|1\n|\n|-weather|Snowscape|[upkeep]\n|-heal|p1a: Luna|84/100|[from] item: Leftovers\n|upkeep\n|turn|2\n|\n|t:|1776002955\n|switch|p2a: Put a brick in|Rotom-Wash, L50|100/100\n|move|p1a: Luna|Cosmic Power|p1a: Luna\n|-boost|p1a: Luna|def|1\n|-boost|p1a: Luna|spd|1\n|\n|-weather|Snowscape|[upkeep]\n|-heal|p1a: Luna|91/100|[from] item: Leftovers\n|upkeep\n|turn|3\n|\n|t:|1776002961\n|switch|p1a: Black Flame|Charizard, L50, M, shiny|100/100\n|move|p2a: Put a brick in|Discharge|p1a: Black Flame\n|-supereffective|p1a: Black Flame|1\n|-damage|p1a: Black Flame|35/100\n|\n|-weather|Snowscape|[upkeep]\n|upkeep\n|turn|4\n|c|\u2606z-pokemaster2000|Oh\n|c|\u2606z-pokemaster2000|Dang\n|\n|t:|1776002970\n|detailschange|p1a: Black Flame|Charizard-Mega-X, L50, M, shiny\n|-mega|p1a: Black Flame|Charizard|Charizardite X\n|move|p2a: Put a brick in|Discharge|p1a: Black Flame\n|-resisted|p1a: Black Flame|1\n|-damage|p1a: Black Flame|20/100\n|move|p1a: Black Flame|Breaking Swipe|p2a: Put a brick in\n|-damage|p2a: Put a brick in|53/100\n|-unboost|p2a: Put a brick in|atk|1\n|\n|-weather|Snowscape|[upkeep]\n|upkeep\n|turn|5\n|\n|t:|1776002977\n|move|p2a: Put a brick in|Discharge|p1a: Black Flame\n|-resisted|p1a: Black Flame|1\n|-damage|p1a: Black Flame|2/100\n|-status|p1a: Black Flame|par\n|move|p1a: Black Flame|Roost|p1a: Black Flame\n|-heal|p1a: Black Flame|52/100 par\n|-singleturn|p1a: Black Flame|move: Roost\n|\n|-weather|none\n|upkeep\n|turn|6\n|\n|t:|1776002983\n|switch|p2a: Vanity?|Ninetales-Alola, L50, F|100/100\n|-weather|Snowscape|[from] ability: Snow Warning|[of] p2a: Vanity?\n|move|p1a: Black Flame|Roost|p1a: Black Flame\n|-heal|p1a: Black Flame|100/100 par\n|-singleturn|p1a: Black Flame|move: Roost\n|\n|-weather|Snowscape|[upkeep]\n|upkeep\n|turn|7\n|\n|t:|1776002989\n|move|p2a: Vanity?|Nasty Plot|p2a: Vanity?\n|-boost|p2a: Vanity?|spa|2\n|move|p1a: Black Flame|Temper Flare|p2a: Vanity?\n|-supereffective|p2a: Vanity?|1\n|-damage|p2a: Vanity?|28/100\n|\n|-weather|Snowscape|[upkeep]\n|upkeep\n|turn|8\n|\n|t:|1776002996\n|move|p2a: Vanity?|Moonblast|p1a: Black Flame\n|-damage|p1a: Black Flame|32/100 par\n|move|p1a: Black Flame|Temper Flare|p2a: Vanity?\n|-supereffective|p2a: Vanity?|1\n|-damage|p2a: Vanity?|0 fnt\n|faint|p2a: Vanity?\n|\n|-weather|Snowscape|[upkeep]\n|upkeep\n|\n|t:|1776002999\n|switch|p2a: Bruce|Charizard, L50, M|100/100\n|turn|9\n|\n|t:|1776003001\n|move|p2a: Bruce|Dragon Dance|p2a: Bruce\n|-boost|p2a: Bruce|atk|1\n|-boost|p2a: Bruce|spe|1\n|move|p1a: Black Flame|Breaking Swipe|p2a: Bruce\n|-damage|p2a: Bruce|58/100\n|-unboost|p2a: Bruce|atk|1\n|\n|-weather|Snowscape|[upkeep]\n|upkeep\n|turn|10\n|\n|t:|1776003006\n|move|p2a: Bruce|Dragon Dance|p2a: Bruce\n|-boost|p2a: Bruce|atk|1\n|-boost|p2a: Bruce|spe|1\n|move|p1a: Black Flame|Breaking Swipe|p2a: Bruce\n|-damage|p2a: Bruce|18/100\n|-unboost|p2a: Bruce|atk|1\n|\n|-weather|none\n|upkeep\n|turn|11\n|\n|t:|1776003009\n|move|p2a: Bruce|Roost|p2a: Bruce\n|-heal|p2a: Bruce|68/100\n|-singleturn|p2a: Bruce|move: Roost\n|move|p1a: Black Flame|Breaking Swipe|p2a: Bruce\n|-damage|p2a: Bruce|29/100\n|-unboost|p2a: Bruce|atk|1\n|\n|upkeep\n|turn|12\n|\n|t:|1776003015\n|move|p2a: Bruce|Roost|p2a: Bruce\n|-heal|p2a: Bruce|79/100\n|-singleturn|p2a: Bruce|move: Roost\n|cant|p1a: Black Flame|par\n|\n|upkeep\n|turn|13\n|c|\u2606MiraidonGaming|Para is a lot worse now\n|\n|t:|1776003022\n|move|p2a: Bruce|Dragon Dance|p2a: Bruce\n|-boost|p2a: Bruce|atk|1\n|-boost|p2a: Bruce|spe|1\n|move|p1a: Black Flame|Breaking Swipe|p2a: Bruce\n|-damage|p2a: Bruce|36/100\n|-unboost|p2a: Bruce|atk|1\n|\n|upkeep\n|turn|14\n|c|\u2606MiraidonGaming|Why am I counting on it\n|c|\u2606z-pokemaster2000|Yeah that 1 in 8 lowkey mattering this game\n|\n|t:|1776003035\n|move|p2a: Bruce|Roost|p2a: Bruce\n|-heal|p2a: Bruce|86/100\n|-singleturn|p2a: Bruce|move: Roost\n|move|p1a: Black Flame|Breaking Swipe|p2a: Bruce\n|-damage|p2a: Bruce|47/100\n|-unboost|p2a: Bruce|atk|1\n|\n|upkeep\n|turn|15\n|\n|t:|1776003048\n|switch|p2a: Put a brick in|Rotom-Wash, L50|53/100\n|move|p1a: Black Flame|Breaking Swipe|p2a: Put a brick in\n|-crit|p2a: Put a brick in\n|-damage|p2a: Put a brick in|0 fnt\n|faint|p2a: Put a brick in\n|\n|upkeep\n|c|\u2606MiraidonGaming|Oop\n|\n|t:|1776003055\n|switch|p2a: Bruce|Charizard, L50, M|47/100\n|turn|16\n|c|\u2606z-pokemaster2000|Zard said get that bull\ud83d\udca9 outta here\n|\n|t:|1776003075\n|move|p2a: Bruce|Breaking Swipe|p1a: Black Flame\n|-supereffective|p1a: Black Flame|1\n|-damage|p1a: Black Flame|12/100 par\n|-unboost|p1a: Black Flame|atk|1\n|move|p1a: Black Flame|Breaking Swipe|p2a: Bruce\n|-damage|p2a: Bruce|21/100\n|-unboost|p2a: Bruce|atk|1\n|\n|upkeep\n|turn|17\n|c|\u2606MiraidonGaming|I needed mega there\n|c|\u2606MiraidonGaming|Gg\n|c|\u2606MiraidonGaming|We\n|c|\u2606MiraidonGaming|Probably was anyway but extra now\n|\n|t:|1776003092\n|move|p2a: Bruce|Breaking Swipe|p1a: Black Flame\n|-supereffective|p1a: Black Flame|1\n|-damage|p1a: Black Flame|0 fnt\n|faint|p1a: Black Flame\n|\n|upkeep\n|\n|t:|1776003097\n|switch|p1a: Basculegion|Basculegion, L50, M|100/100\n|turn|18\n|\n|t:|1776003102\n|detailschange|p2a: Bruce|Charizard-Mega-X, L50, M\n|-mega|p2a: Bruce|Charizard|Charizardite X\n|move|p1a: Basculegion|Last Respects|p2a: Bruce\n|-damage|p2a: Bruce|0 fnt\n|faint|p2a: Bruce\n|\n|win|z-pokemaster2000\n|c|\u2606z-pokemaster2000|gg\n|l|\u2606z-pokemaster2000\n|player|p1|\n|c|\u2606MiraidonGaming|Ggwp\n",
  "uploadtime": 1776003173,
  "views": 16,
  "formatid": "gen9championsbssregma",
  "rating": null,
  "private": 0,
  "password": null
}