{
  "id": "gen9championsbssregma-2582980194",
  "format": "[Gen 9 Champions] BSS Reg M-A",
  "players": [
    "hoshigumo1101",
    "imagine dreepy"
  ],
  "log": "|j|\u2606hoshigumo1101\n|j|\u2606imagine dreepy\n|t:|1776130395\n|gametype|singles\n|player|p1|hoshigumo1101|acetrainerf|1268\n|player|p2|imagine dreepy|unknown|1206\n|gen|9\n|tier|[Gen 9 Champions] BSS Reg M-A\n|rated|\n|rule|Species Clause: Limit one of each Pok\u00e9mon\n|rule|Item Clause: Limit 1 of each item\n|clearpoke\n|poke|p1|Lopunny, L50, F|\n|poke|p1|Garchomp, L50, F|\n|poke|p1|Kingambit, L50, M|\n|poke|p1|Corviknight, L50, M|\n|poke|p1|Primarina, L50, F|\n|poke|p1|Delphox, L50, F|\n|poke|p2|Glimmora, L50, M|\n|poke|p2|Lopunny, L50, M|\n|poke|p2|Basculegion, L50, M|\n|poke|p2|Volcarona, L50, M|\n|poke|p2|Kingambit, L50, M|\n|poke|p2|Primarina, L50, M|\n|teampreview|3\n|j| p74\n|inactive|Battle timer is ON: inactive players will automatically lose when time's up. (requested by imagine dreepy)\n|\n|t:|1776130428\n|teamsize|p1|3\n|teamsize|p2|3\n|start\n|switch|p1a: Primarina|Primarina, L50, F|100/100\n|switch|p2a: Glimmora|Glimmora, L50, M|100/100\n|turn|1\n|\n|t:|1776130448\n|move|p2a: Glimmora|Sludge Wave|p1a: Primarina\n|-supereffective|p1a: Primarina|1\n|-damage|p1a: Primarina|23/100\n|-enditem|p1a: Primarina|Sitrus Berry|[eat]\n|-heal|p1a: Primarina|48/100|[from] item: Sitrus Berry\n|move|p1a: Primarina|Sparkling Aria|p2a: Glimmora\n|-supereffective|p2a: Glimmora|1\n|-enditem|p2a: Glimmora|Focus Sash\n|-damage|p2a: Glimmora|1/100\n|\n|upkeep\n|turn|2\n|\n|t:|1776130451\n|move|p1a: Primarina|Aqua Jet|p2a: Glimmora\n|-supereffective|p2a: Glimmora|1\n|-damage|p2a: Glimmora|0 fnt\n|-activate|p2a: Glimmora|ability: Toxic Debris\n|-sidestart|p1: hoshigumo1101|move: Toxic Spikes\n|faint|p2a: Glimmora\n|\n|upkeep\n|\n|t:|1776130454\n|switch|p2a: Basculegion|Basculegion, L50, M|100/100\n|turn|3\n|\n|t:|1776130460\n|move|p2a: Basculegion|Agility|p2a: Basculegion\n|-boost|p2a: Basculegion|spe|2\n|move|p1a: Primarina|Flip Turn|p2a: Basculegion\n|-resisted|p2a: Basculegion|1\n|-damage|p2a: Basculegion|91/100\n|\n|t:|1776130467\n|switch|p1a: Lopunny|Lopunny, L50, F|100/100|[from] Flip Turn\n|-status|p1a: Lopunny|psn\n|\n|-damage|p1a: Lopunny|88/100 psn|[from] psn\n|upkeep\n|turn|4\n|\n|t:|1776130473\n|detailschange|p1a: Lopunny|Lopunny-Mega, L50, F\n|-mega|p1a: Lopunny|Lopunny|Lopunnite\n|move|p1a: Lopunny|Fake Out|p2a: Basculegion\n|-damage|p2a: Basculegion|63/100\n|cant|p2a: Basculegion|flinch\n|\n|-damage|p1a: Lopunny|76/100 psn|[from] psn\n|upkeep\n|turn|5\n|\n|t:|1776130478\n|switch|p1a: Garchomp|Garchomp, L50, F|100/100\n|-status|p1a: Garchomp|psn\n|move|p2a: Basculegion|Wave Crash|p1a: Garchomp\n|-damage|p1a: Garchomp|15/100 psn\n|-damage|p2a: Basculegion|51/100|[from] ability: Rough Skin|[of] p1a: Garchomp\n|-damage|p2a: Basculegion|24/100|[from] Recoil\n|\n|-damage|p1a: Garchomp|3/100 psn|[from] psn\n|upkeep\n|turn|6\n|\n|t:|1776130485\n|move|p2a: Basculegion|Last Respects|p1a: Garchomp\n|-damage|p1a: Garchomp|0 fnt\n|faint|p1a: Garchomp\n|\n|upkeep\n|\n|t:|1776130487\n|switch|p1a: Lopunny|Lopunny-Mega, L50, F|76/100 psn\n|turn|7\n|\n|t:|1776130500\n|switch|p2a: Lopunny|Lopunny, L50, M|100/100\n|move|p1a: Lopunny|Fake Out|p2a: Lopunny\n|-damage|p2a: Lopunny|68/100\n|-start|p1a: Lopunny|Attract|[from] ability: Cute Charm|[of] p2a: Lopunny\n|\n|-damage|p1a: Lopunny|64/100 psn|[from] psn\n|upkeep\n|turn|8\n|\n|t:|1776130510\n|switch|p1a: Primarina|Primarina, L50, F|48/100\n|-status|p1a: Primarina|psn\n|detailschange|p2a: Lopunny|Lopunny-Mega, L50, M\n|-mega|p2a: Lopunny|Lopunny|Lopunnite\n|move|p2a: Lopunny|Mach Punch|p1a: Primarina\n|-resisted|p1a: Primarina|1\n|-damage|p1a: Primarina|35/100 psn\n|\n|-damage|p1a: Primarina|23/100 psn|[from] psn\n|upkeep\n|turn|9\n|j| bromerta\n|\n|t:|1776130523\n|move|p1a: Primarina|Aqua Jet|p2a: Lopunny\n|-damage|p2a: Lopunny|47/100\n|move|p2a: Lopunny|Close Combat|p1a: Primarina\n|-resisted|p1a: Primarina|1\n|-damage|p1a: Primarina|0 fnt\n|-unboost|p2a: Lopunny|def|1\n|-unboost|p2a: Lopunny|spd|1\n|faint|p1a: Primarina\n|\n|upkeep\n|\n|t:|1776130526\n|switch|p1a: Lopunny|Lopunny-Mega, L50, F|64/100 psn\n|turn|10\n|\n|t:|1776130528\n|move|p1a: Lopunny|Fake Out|p2a: Lopunny\n|-damage|p2a: Lopunny|4/100\n|cant|p2a: Lopunny|flinch\n|\n|-damage|p1a: Lopunny|52/100 psn|[from] psn\n|upkeep\n|turn|11\n|\n|t:|1776130533\n|move|p2a: Lopunny|Mach Punch|p1a: Lopunny\n|-supereffective|p1a: Lopunny|1\n|-damage|p1a: Lopunny|0 fnt\n|faint|p1a: Lopunny\n|\n|win|imagine dreepy\n|raw|hoshigumo1101's rating: 1268 &rarr; <strong>1239</strong><br />(-29 for losing)\n|raw|imagine dreepy's rating: 1206 &rarr; <strong>1235</strong><br />(+29 for winning)\n|l|\u2606hoshigumo1101\n|player|p1|\n|l| bromerta\n|j| bromerta\n|l| bromerta\n|j| bromerta\n|l| bromerta\n",
  "uploadtime": 1776131083,
  "views": 4,
  "formatid": "gen9championsbssregma",
  "rating": 1235,
  "private": 0,
  "password": null
}