{
  "id": "gen9championsbssregma-2589498822",
  "format": "[Gen 9 Champions] BSS Reg M-A",
  "players": [
    "Wishmkroro",
    "Gshs5"
  ],
  "log": "|j|\u2606Wishmkroro\n|j|\u2606Gshs5\n|t:|1776728478\n|gametype|singles\n|player|p1|Wishmkroro|caitlin|1168\n|player|p2|Gshs5|169|1120\n|gen|9\n|tier|[Gen 9 Champions] BSS Reg M-A\n|rated|\n|rule|Species Clause: Limit one of each Pok\u00e9mon\n|rule|Item Clause: Limit 1 of each item\n|clearpoke\n|poke|p1|Meganium, L50, M, shiny|\n|poke|p1|Zoroark-Hisui, L50, M, shiny|\n|poke|p1|Delphox, L50, F, shiny|\n|poke|p1|Gyarados, L50, M, shiny|\n|poke|p1|Kingambit, L50, M, shiny|\n|poke|p1|Whimsicott, L50, M, shiny|\n|poke|p2|Venusaur, L50, M|\n|poke|p2|Hippowdon, L50, M|\n|poke|p2|Altaria, L50, F|\n|poke|p2|Aegislash, L50, F|\n|poke|p2|Rotom-Wash, L50|\n|poke|p2|Sylveon, L50, M|\n|teampreview|3\n|inactive|Battle timer is ON: inactive players will automatically lose when time's up. (requested by Gshs5)\n|inactive|Wishmkroro has 60 seconds left.\n|\n|t:|1776728541\n|teamsize|p1|3\n|teamsize|p2|3\n|start\n|switch|p1a: Delphox|Delphox, L50, F, shiny|100/100\n|switch|p2a: Rotom|Rotom-Wash, L50|100/100\n|turn|1\n|inactive|Wishmkroro has 30 seconds left.\n|\n|t:|1776728570\n|move|p1a: Delphox|Nasty Plot|p1a: Delphox\n|-boost|p1a: Delphox|spa|2\n|move|p2a: Rotom|Hydro Pump|p1a: Delphox|[miss]\n|-miss|p2a: Rotom|p1a: Delphox\n|\n|upkeep\n|turn|2\n|\n|t:|1776728578\n|move|p1a: Delphox|Dazzling Gleam|p2a: Rotom\n|-damage|p2a: Rotom|44/100\n|move|p2a: Rotom|Hydro Pump|p1a: Delphox\n|-supereffective|p1a: Delphox|1\n|-damage|p1a: Delphox|8/100\n|\n|-heal|p2a: Rotom|50/100|[from] item: Leftovers\n|upkeep\n|turn|3\n|\n|t:|1776728587\n|move|p1a: Delphox|Dazzling Gleam|p2a: Rotom\n|-damage|p2a: Rotom|0 fnt\n|faint|p2a: Rotom\n|\n|upkeep\n|\n|t:|1776728591\n|switch|p2a: Sylveon|Sylveon, L50, M|100/100\n|turn|4\n|inactive|Wishmkroro has 30 seconds left.\n|\n|t:|1776728618\n|move|p1a: Delphox|Flamethrower|p2a: Sylveon\n|-damage|p2a: Sylveon|8/100\n|move|p2a: Sylveon|Hyper Voice|p1a: Delphox\n|-resisted|p1a: Delphox|1\n|-damage|p1a: Delphox|0 fnt\n|faint|p1a: Delphox\n|\n|upkeep\n|\n|t:|1776728630\n|switch|p1a: Meganium|Meganium, L50, M, shiny|100/100\n|turn|5\n|\n|t:|1776728634\n|detailschange|p1a: Meganium|Meganium-Mega, L50, M, shiny\n|-mega|p1a: Meganium|Meganium|Meganiumite\n|move|p1a: Meganium|Trailblaze|p2a: Sylveon\n|-damage|p2a: Sylveon|0 fnt\n|-boost|p1a: Meganium|spe|1\n|faint|p2a: Sylveon\n|\n|upkeep\n|\n|t:|1776728635\n|switch|p2a: Venusaur|Venusaur, L50, M|100/100\n|turn|6\n|inactive|Wishmkroro has 30 seconds left.\n|\n|t:|1776728661\n|detailschange|p2a: Venusaur|Venusaur-Mega, L50, M\n|-mega|p2a: Venusaur|Venusaur|Venusaurite\n|move|p1a: Meganium|Weather Ball|p2a: Venusaur\n|-supereffective|p2a: Venusaur|1\n|-damage|p2a: Venusaur|57/100\n|move|p2a: Venusaur|Sludge Wave|p1a: Meganium\n|-supereffective|p1a: Meganium|2\n|-crit|p1a: Meganium\n|-damage|p1a: Meganium|0 fnt\n|faint|p1a: Meganium\n|\n|upkeep\n|\n|t:|1776728676\n|switch|p1a: Kingambit|Kingambit, L50, M, shiny|100/100\n|-activate|p1a: Kingambit|ability: Supreme Overlord\n|-start|p1a: Kingambit|fallen2|[silent]\n|turn|7\n|\n|t:|1776728685\n|move|p2a: Venusaur|Earth Power|p1a: Kingambit\n|-supereffective|p1a: Kingambit|1\n|-damage|p1a: Kingambit|51/100\n|move|p1a: Kingambit|Kowtow Cleave|p2a: Venusaur\n|-damage|p2a: Venusaur|7/100\n|\n|upkeep\n|turn|8\n|\n|t:|1776728693\n|move|p1a: Kingambit|Sucker Punch||[still]\n|-fail|p1a: Kingambit\n|move|p2a: Venusaur|Synthesis|p2a: Venusaur\n|-heal|p2a: Venusaur|57/100\n|\n|upkeep\n|turn|9\n|\n|t:|1776728705\n|move|p2a: Venusaur|Earth Power|p1a: Kingambit\n|-supereffective|p1a: Kingambit|1\n|-damage|p1a: Kingambit|0 fnt\n|faint|p1a: Kingambit\n|-end|p1a: Kingambit|fallen2|[silent]\n|\n|win|Gshs5\n|raw|Wishmkroro's rating: 1168 &rarr; <strong>1140</strong><br />(-28 for losing)\n|raw|Gshs5's rating: 1120 &rarr; <strong>1148</strong><br />(+28 for winning)\n",
  "uploadtime": 1776728707,
  "views": 2,
  "formatid": "gen9championsbssregma",
  "rating": 1140,
  "private": 0,
  "password": null
}