{
  "id": "gen9championsbssregma-2580935102",
  "format": "[Gen 9 Champions] BSS Reg M-A",
  "players": [
    "hoshigumo1101",
    "Mikeflem12326171"
  ],
  "log": "|j|\u2606hoshigumo1101\n|j|\u2606Mikeflem12326171\n|t:|1775944684\n|gametype|singles\n|player|p1|hoshigumo1101|acetrainerf|1277\n|player|p2|Mikeflem12326171|colress|1159\n|gen|9\n|tier|[Gen 9 Champions] BSS Reg M-A\n|rated|\n|rule|Species Clause: Limit one of each Pok\u00e9mon\n|rule|Item Clause: Limit 1 of each item\n|clearpoke\n|poke|p1|Aegislash, L50, F|\n|poke|p1|Rotom-Wash, L50|\n|poke|p1|Lopunny, L50, F|\n|poke|p1|Delphox, L50, F|\n|poke|p1|Garchomp, L50, M|\n|poke|p1|Primarina, L50, F|\n|poke|p2|Lopunny, L50, F|\n|poke|p2|Garchomp, L50, M|\n|poke|p2|Primarina, L50, F|\n|poke|p2|Rotom-Wash, L50|\n|poke|p2|Conkeldurr, L50, M|\n|poke|p2|Scizor, L50, M|\n|teampreview|3\n|\n|t:|1775944716\n|teamsize|p1|3\n|teamsize|p2|3\n|start\n|switch|p1a: Primarina|Primarina, L50, F|100/100\n|switch|p2a: Lopunny|Lopunny, L50, F, shiny|100/100\n|turn|1\n|\n|t:|1775944722\n|switch|p1a: Garchomp|Garchomp, L50, M|100/100\n|detailschange|p2a: Lopunny|Lopunny-Mega, L50, F, shiny\n|-mega|p2a: Lopunny|Lopunny|Lopunnite\n|move|p2a: Lopunny|Fake Out|p1a: Garchomp\n|-damage|p1a: Garchomp|79/100\n|-damage|p2a: Lopunny|88/100|[from] ability: Rough Skin|[of] p1a: Garchomp\n|\n|upkeep\n|turn|2\n|\n|t:|1775944730\n|switch|p1a: Primarina|Primarina, L50, F|100/100\n|move|p2a: Lopunny|Triple Axel|p1a: Primarina\n|-resisted|p1a: Primarina|1\n|-damage|p1a: Primarina|97/100\n|-resisted|p1a: Primarina|1\n|-crit|p1a: Primarina\n|-damage|p1a: Primarina|86/100\n|-resisted|p1a: Primarina|1\n|-damage|p1a: Primarina|76/100\n|-hitcount|p1a: Primarina|3\n|\n|upkeep\n|turn|3\n|\n|t:|1775944737\n|move|p2a: Lopunny|U-turn|p1a: Primarina\n|-resisted|p1a: Primarina|1\n|-damage|p1a: Primarina|66/100\n|\n|t:|1775944740\n|switch|p2a: Rotom|Rotom-Wash, L50, shiny|100/100|[from] U-turn\n|move|p1a: Primarina|Sparkling Aria|p2a: Rotom\n|-resisted|p2a: Rotom|1\n|-damage|p2a: Rotom|76/100\n|\n|upkeep\n|turn|4\n|\n|t:|1775944745\n|move|p2a: Rotom|Trick|p1a: Primarina\n|-activate|p2a: Rotom|move: Trick|[of] p1a: Primarina\n|-item|p1a: Primarina|Choice Scarf|[from] move: Trick\n|-item|p2a: Rotom|Sitrus Berry|[from] move: Trick\n|move|p1a: Primarina|Calm Mind|p1a: Primarina\n|-boost|p1a: Primarina|spa|1\n|-boost|p1a: Primarina|spd|1\n|\n|upkeep\n|turn|5\n|\n|t:|1775944753\n|switch|p1a: Garchomp|Garchomp, L50, M|79/100\n|move|p2a: Rotom|Volt Switch|p1a: Garchomp\n|-immune|p1a: Garchomp\n|\n|upkeep\n|turn|6\n|\n|t:|1775944757\n|switch|p1a: Primarina|Primarina, L50, F|66/100\n|move|p2a: Rotom|Hydro Pump|p1a: Primarina\n|-resisted|p1a: Primarina|1\n|-damage|p1a: Primarina|46/100\n|\n|upkeep\n|turn|7\n|\n|t:|1775944762\n|move|p2a: Rotom|Volt Switch|p1a: Primarina\n|-supereffective|p1a: Primarina|1\n|-damage|p1a: Primarina|0 fnt\n|faint|p1a: Primarina\n|\n|t:|1775944765\n|switch|p2a: Lopunny|Lopunny-Mega, L50, F, shiny|88/100|[from] Volt Switch\n|\n|upkeep\n|\n|t:|1775944769\n|switch|p1a: Garchomp|Garchomp, L50, M|79/100\n|turn|8\n|\n|t:|1775944772\n|move|p2a: Lopunny|Fake Out|p1a: Garchomp\n|-damage|p1a: Garchomp|56/100\n|-damage|p2a: Lopunny|76/100|[from] ability: Rough Skin|[of] p1a: Garchomp\n|cant|p1a: Garchomp|flinch\n|\n|upkeep\n|turn|9\n|\n|t:|1775944774\n|move|p1a: Garchomp|Outrage|p2a: Lopunny\n|-damage|p2a: Lopunny|0 fnt\n|faint|p2a: Lopunny\n|\n|upkeep\n|\n|t:|1775944778\n|switch|p2a: Garchomp|Garchomp, L50, M, shiny|100/100\n|turn|10\n|\n|t:|1775944788\n|move|p1a: Garchomp|Outrage|p2a: Garchomp|[from] lockedmove\n|-supereffective|p2a: Garchomp|1\n|-enditem|p2a: Garchomp|Focus Sash\n|-damage|p2a: Garchomp|1/100\n|-damage|p1a: Garchomp|44/100|[from] ability: Rough Skin|[of] p2a: Garchomp\n|move|p2a: Garchomp|Outrage|p1a: Garchomp\n|-supereffective|p1a: Garchomp|1\n|-damage|p1a: Garchomp|0 fnt\n|-damage|p2a: Garchomp|0 fnt|[from] ability: Rough Skin|[of] p1a: Garchomp\n|faint|p1a: Garchomp\n|faint|p2a: Garchomp\n|\n|upkeep\n|\n|t:|1775944792\n|switch|p2a: Rotom|Rotom-Wash, L50, shiny|76/100\n|switch|p1a: Delphox|Delphox, L50, F|100/100\n|turn|11\n|\n|t:|1775944796\n|detailschange|p1a: Delphox|Delphox-Mega, L50, F\n|-mega|p1a: Delphox|Delphox|Delphoxite\n|move|p1a: Delphox|Calm Mind|p1a: Delphox\n|-boost|p1a: Delphox|spa|1\n|-boost|p1a: Delphox|spd|1\n|move|p2a: Rotom|Hydro Pump|p1a: Delphox\n|-supereffective|p1a: Delphox|1\n|-damage|p1a: Delphox|29/100\n|\n|upkeep\n|turn|12\n|\n|t:|1775944800\n|move|p1a: Delphox|Psyshock|p2a: Rotom\n|-damage|p2a: Rotom|0 fnt\n|faint|p2a: Rotom\n|\n|win|hoshigumo1101\n|raw|hoshigumo1101's rating: 1277 &rarr; <strong>1294</strong><br />(+17 for winning)\n|raw|Mikeflem12326171's rating: 1159 &rarr; <strong>1142</strong><br />(-17 for losing)\n|l|\u2606Mikeflem12326171\n|player|p2|\n",
  "uploadtime": 1775944818,
  "views": 18,
  "formatid": "gen9championsbssregma",
  "rating": 1142,
  "private": 0,
  "password": null
}