{
  "id": "gen9championsbssregma-2585093145",
  "format": "[Gen 9 Champions] BSS Reg M-A",
  "players": [
    "Ineedaonetype",
    "Lord Queefus"
  ],
  "log": "|j|\u2606Ineedaonetype\n|j|\u2606Lord Queefus\n|t:|1776311001\n|gametype|singles\n|player|p1|Ineedaonetype|102|1196\n|player|p2|Lord Queefus|swimmer-gen4dp|1100\n|gen|9\n|tier|[Gen 9 Champions] BSS Reg M-A\n|rated|\n|rule|Species Clause: Limit one of each Pok\u00e9mon\n|rule|Item Clause: Limit 1 of each item\n|clearpoke\n|poke|p1|Meowscarada, L50, F|\n|poke|p1|Corviknight, L50, M|\n|poke|p1|Primarina, L50, M|\n|poke|p1|Charizard, L50, M|\n|poke|p1|Archaludon, L50, M|\n|poke|p1|Dragapult, L50, F|\n|poke|p2|Ceruledge, L50, F|\n|poke|p2|Meowscarada, L50, M|\n|poke|p2|Scizor, L50, M|\n|poke|p2|Archaludon, L50, F|\n|poke|p2|Pelipper, L50, M|\n|poke|p2|Floette-Eternal, L50, F|\n|teampreview|3\n|\n|t:|1776311070\n|teamsize|p1|3\n|teamsize|p2|3\n|start\n|switch|p1a: Dragapult|Dragapult, L50, F|100/100\n|switch|p2a: Floette|Floette-Eternal, L50, F|100/100\n|turn|1\n|\n|t:|1776311083\n|detailschange|p2a: Floette|Floette-Mega, L50, F\n|-mega|p2a: Floette|Floette|Floettite\n|-ability|p2a: Floette|Fairy Aura\n|move|p1a: Dragapult|Light Screen|p1a: Dragapult\n|-sidestart|p1: Ineedaonetype|move: Light Screen\n|move|p2a: Floette|Calm Mind|p2a: Floette\n|-boost|p2a: Floette|spa|1\n|-boost|p2a: Floette|spd|1\n|\n|upkeep\n|turn|2\n|\n|t:|1776311101\n|move|p1a: Dragapult|Curse|p2a: Floette\n|-start|p2a: Floette|Curse|[of] p1a: Dragapult\n|-damage|p1a: Dragapult|51/100\n|move|p2a: Floette|Draining Kiss|p1a: Dragapult\n|-supereffective|p1a: Dragapult|1\n|-damage|p1a: Dragapult|0 fnt\n|faint|p1a: Dragapult\n|\n|-damage|p2a: Floette|76/100|[from] Curse\n|upkeep\n|\n|t:|1776311110\n|switch|p1a: Corviknight|Corviknight, L50, M|100/100\n|turn|3\n|\n|t:|1776311126\n|switch|p2a: Pelipper|Pelipper, L50, M|100/100\n|-weather|RainDance|[from] ability: Drizzle|[of] p2a: Pelipper\n|move|p1a: Corviknight|Iron Defense|p1a: Corviknight\n|-boost|p1a: Corviknight|def|2\n|\n|-weather|RainDance|[upkeep]\n|upkeep\n|turn|4\n|\n|t:|1776311146\n|move|p1a: Corviknight|Iron Defense|p1a: Corviknight\n|-boost|p1a: Corviknight|def|2\n|move|p2a: Pelipper|Weather Ball|p1a: Corviknight\n|-damage|p1a: Corviknight|74/100\n|\n|-weather|RainDance|[upkeep]\n|upkeep\n|turn|5\n|-activate|p1a: Corviknight|item: Quick Claw\n|\n|t:|1776311168\n|move|p1a: Corviknight|Body Press|p2a: Pelipper\n|-resisted|p2a: Pelipper|1\n|-damage|p2a: Pelipper|66/100\n|move|p2a: Pelipper|Tailwind|p2a: Pelipper\n|-sidestart|p2: Lord Queefus|move: Tailwind\n|\n|-weather|RainDance|[upkeep]\n|-sideend|p1: Ineedaonetype|move: Light Screen\n|upkeep\n|turn|6\n|-activate|p1a: Corviknight|item: Quick Claw\n|\n|t:|1776311179\n|move|p1a: Corviknight|Roost|p1a: Corviknight\n|-heal|p1a: Corviknight|100/100\n|-singleturn|p1a: Corviknight|move: Roost\n|move|p2a: Pelipper|Hurricane|p1a: Corviknight\n|-resisted|p1a: Corviknight|1\n|-damage|p1a: Corviknight|83/100\n|\n|-weather|RainDance|[upkeep]\n|upkeep\n|turn|7\n|\n|t:|1776311190\n|move|p2a: Pelipper|Weather Ball|p1a: Corviknight\n|-damage|p1a: Corviknight|33/100\n|move|p1a: Corviknight|Iron Defense|p1a: Corviknight\n|-boost|p1a: Corviknight|def|2\n|\n|-weather|none\n|upkeep\n|turn|8\n|inactive|Battle timer is ON: inactive players will automatically lose when time's up. (requested by Ineedaonetype)\n|-activate|p1a: Corviknight|item: Quick Claw\n|\n|t:|1776311217\n|move|p1a: Corviknight|Roost|p1a: Corviknight\n|-heal|p1a: Corviknight|83/100\n|-singleturn|p1a: Corviknight|move: Roost\n|move|p2a: Pelipper|U-turn|p1a: Corviknight\n|-resisted|p1a: Corviknight|1\n|-damage|p1a: Corviknight|82/100\n|\n|t:|1776311239\n|switch|p2a: Floette|Floette-Mega, L50, F|76/100|[from] U-turn\n|-ability|p2a: Floette|Fairy Aura\n|\n|-sideend|p2: Lord Queefus|move: Tailwind\n|upkeep\n|turn|9\n|\n|t:|1776311262\n|switch|p2a: Pelipper|Pelipper, L50, M|66/100\n|-weather|RainDance|[from] ability: Drizzle|[of] p2a: Pelipper\n|move|p1a: Corviknight|Body Press|p2a: Pelipper\n|-resisted|p2a: Pelipper|1\n|-damage|p2a: Pelipper|25/100\n|\n|-weather|RainDance|[upkeep]\n|upkeep\n|turn|10\n|\n|t:|1776311275\n|move|p1a: Corviknight|Body Press|p2a: Pelipper\n|-resisted|p2a: Pelipper|1\n|-damage|p2a: Pelipper|0 fnt\n|faint|p2a: Pelipper\n|\n|-weather|RainDance|[upkeep]\n|upkeep\n|\n|t:|1776311282\n|switch|p2a: Archaludon|Archaludon, L50, F|100/100\n|turn|11\n|\n|t:|1776311287\n|move|p2a: Archaludon|Electro Shot||[still]\n|-prepare|p2a: Archaludon|Electro Shot\n|-boost|p2a: Archaludon|spa|1\n|-anim|p2a: Archaludon|Electro Shot|p1a: Corviknight\n|-supereffective|p1a: Corviknight|1\n|-damage|p1a: Corviknight|0 fnt\n|faint|p1a: Corviknight\n|\n|-weather|RainDance|[upkeep]\n|upkeep\n|\n|t:|1776311291\n|switch|p1a: Meowscarada|Meowscarada, L50, F|100/100\n|turn|12\n|\n|t:|1776311302\n|move|p1a: Meowscarada|Knock Off|p2a: Archaludon\n|-start|p1a: Meowscarada|typechange|Dark|[from] ability: Protean\n|-damage|p2a: Archaludon|80/100\n|-ability|p2a: Archaludon|Stamina|boost\n|-boost|p2a: Archaludon|def|1\n|move|p2a: Archaludon|Electro Shot||[still]\n|-prepare|p2a: Archaludon|Electro Shot\n|-boost|p2a: Archaludon|spa|1\n|-anim|p2a: Archaludon|Electro Shot|p1a: Meowscarada\n|-enditem|p1a: Meowscarada|Focus Sash\n|-damage|p1a: Meowscarada|1/100\n|\n|-weather|RainDance|[upkeep]\n|upkeep\n|turn|13\n|\n|t:|1776311319\n|move|p1a: Meowscarada|Sucker Punch|p2a: Archaludon\n|-damage|p2a: Archaludon|66/100\n|-ability|p2a: Archaludon|Stamina|boost\n|-boost|p2a: Archaludon|def|1\n|move|p2a: Archaludon|Electro Shot||[still]\n|-prepare|p2a: Archaludon|Electro Shot\n|-boost|p2a: Archaludon|spa|1\n|-anim|p2a: Archaludon|Electro Shot|p1a: Meowscarada\n|-damage|p1a: Meowscarada|0 fnt\n|faint|p1a: Meowscarada\n|\n|win|Lord Queefus\n|raw|Ineedaonetype's rating: 1196 &rarr; <strong>1164</strong><br />(-32 for losing)\n|raw|Lord Queefus's rating: 1100 &rarr; <strong>1132</strong><br />(+32 for winning)\n",
  "uploadtime": 1776311346,
  "views": 3,
  "formatid": "gen9championsbssregma",
  "rating": 1132,
  "private": 0,
  "password": null
}