{
  "id": "gen9championsbssregma-2588527719",
  "format": "[Gen 9 Champions] BSS Reg M-A",
  "players": [
    "hazawario",
    "Champl00"
  ],
  "log": "|j|\u2606hazawario\n|j|\u2606Champl00\n|t:|1776641843\n|gametype|singles\n|player|p1|hazawario|170|1000\n|player|p2|Champl00|burglar|1000\n|gen|9\n|tier|[Gen 9 Champions] BSS Reg M-A\n|rated|\n|rule|Species Clause: Limit one of each Pok\u00e9mon\n|rule|Item Clause: Limit 1 of each item\n|clearpoke\n|poke|p1|Gengar, L50, M|\n|poke|p1|Glimmora, L50, F|\n|poke|p1|Volcarona, L50, F|\n|poke|p1|Lopunny, L50, M|\n|poke|p1|Rotom-Wash, L50|\n|poke|p1|Meowscarada, L50, F|\n|poke|p2|Politoed, L50, M|\n|poke|p2|Gengar, L50, F|\n|poke|p2|Dragonite, L50, M|\n|poke|p2|Sinistcha-Masterpiece, L50|\n|poke|p2|Gliscor, L50, M|\n|poke|p2|Basculegion-F, L50, F|\n|teampreview|3\n|\n|t:|1776641866\n|teamsize|p1|3\n|teamsize|p2|3\n|start\n|switch|p1a: Rotom|Rotom-Wash, L50|100/100\n|switch|p2a: Politoed|Politoed, L50, M|100/100\n|-weather|RainDance|[from] ability: Drizzle|[of] p2a: Politoed\n|turn|1\n|\n|t:|1776641879\n|move|p1a: Rotom|Volt Switch|p2a: Politoed\n|-supereffective|p2a: Politoed|1\n|-damage|p2a: Politoed|60/100\n|\n|t:|1776641884\n|switch|p1a: Glimmora|Glimmora, L50, F|100/100|[from] Volt Switch\n|move|p2a: Politoed|Encore||[still]\n|-fail|p2a: Politoed\n|\n|-weather|RainDance|[upkeep]\n|upkeep\n|turn|2\n|\n|t:|1776641893\n|switch|p2a: Dragonite|Dragonite, L50, M|100/100\n|move|p1a: Glimmora|Spiky Shield||[still]\n|-fail|p1a: Glimmora\n|\n|-weather|RainDance|[upkeep]\n|upkeep\n|turn|3\n|\n|t:|1776641904\n|detailschange|p2a: Dragonite|Dragonite-Mega, L50, M\n|-mega|p2a: Dragonite|Dragonite|Dragoninite\n|move|p2a: Dragonite|Thunder|p1a: Glimmora\n|-crit|p1a: Glimmora\n|-damage|p1a: Glimmora|20/100\n|-status|p1a: Glimmora|par\n|move|p1a: Glimmora|Mortal Spin|p2a: Dragonite\n|-damage|p2a: Dragonite|97/100\n|-status|p2a: Dragonite|psn\n|\n|-weather|RainDance|[upkeep]\n|-damage|p2a: Dragonite|85/100 psn|[from] psn\n|upkeep\n|turn|4\n|\n|t:|1776641918\n|move|p2a: Dragonite|Thunder|p1a: Glimmora\n|-damage|p1a: Glimmora|0 fnt\n|faint|p1a: Glimmora\n|\n|-weather|RainDance|[upkeep]\n|-damage|p2a: Dragonite|73/100 psn|[from] psn\n|upkeep\n|\n|t:|1776641926\n|switch|p1a: Rotom|Rotom-Wash, L50|100/100\n|turn|5\n|\n|t:|1776641937\n|move|p1a: Rotom|Thunderbolt|p2a: Dragonite\n|-damage|p2a: Dragonite|41/100 psn\n|move|p2a: Dragonite|Dragon Pulse|p1a: Rotom\n|-crit|p1a: Rotom\n|-damage|p1a: Rotom|18/100\n|\n|-weather|none\n|-damage|p2a: Dragonite|29/100 psn|[from] psn\n|upkeep\n|turn|6\n|\n|t:|1776641947\n|move|p1a: Rotom|Thunderbolt|p2a: Dragonite\n|-crit|p2a: Dragonite\n|-damage|p2a: Dragonite|0 fnt\n|faint|p2a: Dragonite\n|\n|upkeep\n|\n|t:|1776641952\n|switch|p2a: Sinistcha|Sinistcha-Masterpiece, L50|100/100\n|turn|7\n|\n|t:|1776641955\n|move|p1a: Rotom|Thunderbolt|p2a: Sinistcha\n|-resisted|p2a: Sinistcha|1\n|-damage|p2a: Sinistcha|79/100\n|move|p2a: Sinistcha|Giga Drain|p1a: Rotom\n|-supereffective|p1a: Rotom|1\n|-damage|p1a: Rotom|0 fnt\n|-heal|p2a: Sinistcha|86/100|[from] drain|[of] p1a: Rotom\n|faint|p1a: Rotom\n|\n|-heal|p2a: Sinistcha|92/100|[from] item: Leftovers\n|upkeep\n|\n|t:|1776641966\n|switch|p1a: Gengar|Gengar, L50, M|100/100\n|turn|8\n|\n|t:|1776641986\n|detailschange|p1a: Gengar|Gengar-Mega, L50, M\n|-mega|p1a: Gengar|Gengar|Gengarite\n|move|p1a: Gengar|Substitute|p1a: Gengar\n|-start|p1a: Gengar|Substitute\n|-damage|p1a: Gengar|76/100\n|move|p2a: Sinistcha|Matcha Gotcha|p1a: Gengar\n|-resisted|p1a: Gengar|1\n|-activate|p1a: Gengar|move: Substitute|[damage]\n|-heal|p2a: Sinistcha|99/100|[from] drain|[of] p1a: Gengar\n|\n|-heal|p2a: Sinistcha|100/100|[from] item: Leftovers\n|upkeep\n|turn|9\n|\n|t:|1776642001\n|move|p1a: Gengar|Sludge Bomb|p2a: Sinistcha\n|-damage|p2a: Sinistcha|53/100\n|-status|p2a: Sinistcha|psn\n|move|p2a: Sinistcha|Matcha Gotcha|p1a: Gengar\n|-resisted|p1a: Gengar|1\n|-end|p1a: Gengar|Substitute\n|-heal|p2a: Sinistcha|56/100 psn|[from] drain|[of] p1a: Gengar\n|\n|-heal|p2a: Sinistcha|62/100 psn|[from] item: Leftovers\n|-damage|p2a: Sinistcha|50/100 psn|[from] psn\n|upkeep\n|turn|10\n|\n|t:|1776642014\n|move|p1a: Gengar|Hex|p2a: Sinistcha\n|-supereffective|p2a: Sinistcha|1\n|-damage|p2a: Sinistcha|0 fnt\n|faint|p2a: Sinistcha\n|\n|upkeep\n|\n|t:|1776642017\n|switch|p2a: Politoed|Politoed, L50, M|60/100\n|-weather|RainDance|[from] ability: Drizzle|[of] p2a: Politoed\n|turn|11\n|\n|t:|1776642025\n|move|p1a: Gengar|Sludge Bomb|p2a: Politoed\n|-crit|p2a: Politoed\n|-damage|p2a: Politoed|6/100\n|-enditem|p2a: Politoed|Sitrus Berry|[eat]\n|-heal|p2a: Politoed|31/100|[from] item: Sitrus Berry\n|move|p2a: Politoed|Perish Song|p2a: Politoed\n|-start|p1a: Gengar|perish3|[silent]\n|-start|p2a: Politoed|perish3|[silent]\n|-fieldactivate|move: Perish Song\n|\n|-weather|RainDance|[upkeep]\n|-start|p1a: Gengar|perish3\n|-start|p2a: Politoed|perish3\n|upkeep\n|turn|12\n|\n|t:|1776642036\n|move|p2a: Politoed|Protect|p2a: Politoed\n|-singleturn|p2a: Politoed|Protect\n|move|p1a: Gengar|Sludge Bomb|p2a: Politoed\n|-activate|p2a: Politoed|move: Protect\n|\n|-weather|RainDance|[upkeep]\n|-start|p1a: Gengar|perish2\n|-start|p2a: Politoed|perish2\n|upkeep\n|turn|13\n|\n|t:|1776642049\n|move|p1a: Gengar|Sludge Bomb|p2a: Politoed\n|-crit|p2a: Politoed\n|-damage|p2a: Politoed|0 fnt\n|faint|p2a: Politoed\n|\n|win|hazawario\n|raw|hazawario's rating: 1000 &rarr; <strong>1040</strong><br />(+40 for winning)\n|raw|Champl00's rating: 1000 &rarr; <strong>1000</strong><br />(+0 for losing)\n|l|\u2606Champl00\n|player|p2|\n",
  "uploadtime": 1776642126,
  "views": 1,
  "formatid": "gen9championsbssregma",
  "rating": 1000,
  "private": 0,
  "password": null
}