{
  "id": "gen9championsbssregma-2586897348",
  "format": "[Gen 9 Champions] BSS Reg M-A",
  "players": [
    "mia corvere",
    "Cmart513"
  ],
  "log": "|j|\u2606mia corvere\n|j|\u2606Cmart513\n|t:|1776469656\n|gametype|singles\n|player|p1|mia corvere|266|1302\n|player|p2|Cmart513|101|1215\n|gen|9\n|tier|[Gen 9 Champions] BSS Reg M-A\n|rated|\n|rule|Species Clause: Limit one of each Pok\u00e9mon\n|rule|Item Clause: Limit 1 of each item\n|clearpoke\n|poke|p1|Aegislash, L50, M|\n|poke|p1|Gengar, L50, M|\n|poke|p1|Starmie, L50|\n|poke|p1|Ditto, L50|\n|poke|p1|Volcarona, L50, M|\n|poke|p1|Rotom-Wash, L50|\n|poke|p2|Kingambit, L50, F|\n|poke|p2|Milotic, L50, F|\n|poke|p2|Excadrill, L50, M|\n|poke|p2|Rotom-Wash, L50|\n|poke|p2|Talonflame, L50, M|\n|poke|p2|Dragonite, L50, M|\n|teampreview|3\n|j| p74\n|inactive|Battle timer is ON: inactive players will automatically lose when time's up. (requested by mia corvere)\n|\n|t:|1776469711\n|teamsize|p1|3\n|teamsize|p2|3\n|start\n|switch|p1a: Starmie|Starmie, L50|100/100\n|switch|p2a: Rotom|Rotom-Wash, L50|100/100\n|turn|1\n|\n|t:|1776469724\n|detailschange|p1a: Starmie|Starmie-Mega, L50\n|-mega|p1a: Starmie|Starmie|Starminite\n|move|p1a: Starmie|Flip Turn|p2a: Rotom\n|-resisted|p2a: Rotom|1\n|-damage|p2a: Rotom|80/100\n|\n|t:|1776469729\n|switch|p1a: Rotom|Rotom-Wash, L50|100/100|[from] Flip Turn\n|move|p2a: Rotom|Volt Switch|p1a: Rotom\n|-damage|p1a: Rotom|74/100\n|\n|t:|1776469735\n|switch|p2a: Kingambit|Kingambit, L50, F, shiny|100/100|[from] Volt Switch\n|\n|upkeep\n|turn|2\n|\n|t:|1776469740\n|move|p1a: Rotom|Will-O-Wisp|p2a: Kingambit\n|-status|p2a: Kingambit|brn\n|move|p2a: Kingambit|Swords Dance|p2a: Kingambit\n|-boost|p2a: Kingambit|atk|2\n|\n|-damage|p2a: Kingambit|95/100 brn|[from] brn\n|upkeep\n|turn|3\n|\n|t:|1776469747\n|move|p1a: Rotom|Volt Switch|p2a: Kingambit\n|-damage|p2a: Kingambit|69/100 brn\n|\n|t:|1776469750\n|switch|p1a: Ditto|Ditto, L50|100/100|[from] Volt Switch\n|-transform|p1a: Ditto|p2a: Kingambit|[from] ability: Imposter\n|move|p2a: Kingambit|Swords Dance|p2a: Kingambit\n|-boost|p2a: Kingambit|atk|2\n|\n|-damage|p2a: Kingambit|64/100 brn|[from] brn\n|upkeep\n|turn|4\n|\n|t:|1776469761\n|move|p1a: Ditto|Kowtow Cleave|p2a: Kingambit\n|-resisted|p2a: Kingambit|1\n|-damage|p2a: Kingambit|25/100 brn\n|move|p2a: Kingambit|Iron Head|p1a: Ditto\n|-resisted|p1a: Ditto|1\n|-damage|p1a: Ditto|68/100\n|\n|-damage|p2a: Kingambit|19/100 brn|[from] brn\n|upkeep\n|turn|5\n|\n|t:|1776469770\n|move|p2a: Kingambit|Sucker Punch|p1a: Ditto\n|-resisted|p1a: Ditto|1\n|-damage|p1a: Ditto|31/100\n|move|p1a: Ditto|Kowtow Cleave|p2a: Kingambit\n|-resisted|p2a: Kingambit|1\n|-damage|p2a: Kingambit|0 fnt\n|faint|p2a: Kingambit\n|-end|p2a: Kingambit|fallenundefined|[silent]\n|\n|upkeep\n|\n|t:|1776469778\n|switch|p2a: Rotom|Rotom-Wash, L50|80/100\n|turn|6\n|\n|t:|1776469782\n|move|p2a: Rotom|Will-O-Wisp|p1a: Ditto\n|-status|p1a: Ditto|brn\n|move|p1a: Ditto|Kowtow Cleave|p2a: Rotom\n|-damage|p2a: Rotom|38/100\n|\n|-heal|p2a: Rotom|44/100|[from] item: Leftovers\n|-damage|p1a: Ditto|25/100 brn|[from] brn\n|upkeep\n|turn|7\n|\n|t:|1776469797\n|move|p2a: Rotom|Pain Split|p1a: Ditto\n|-sethp|p1a: Ditto|35/100 brn|[from] move: Pain Split|[silent]\n|-sethp|p2a: Rotom|34/100|[from] move: Pain Split\n|move|p1a: Ditto|Kowtow Cleave|p2a: Rotom\n|-damage|p2a: Rotom|0 fnt\n|faint|p2a: Rotom\n|\n|-damage|p1a: Ditto|29/100 brn|[from] brn\n|upkeep\n|\n|t:|1776469806\n|switch|p2a: Milotic|Milotic, L50, F|100/100\n|turn|8\n|\n|t:|1776469816\n|-end|p1a: Ditto|fallenundefined|[silent]\n|switch|p1a: Rotom|Rotom-Wash, L50|74/100\n|move|p2a: Milotic|Scald|p1a: Rotom\n|-resisted|p1a: Rotom|1\n|-damage|p1a: Rotom|59/100\n|\n|upkeep\n|turn|9\n|c|\u2606Cmart513|gg\n|-message|Cmart513 forfeited.\n|\n|win|mia corvere\n|raw|mia corvere's rating: 1302 &rarr; <strong>1317</strong><br />(+15 for winning)\n|raw|Cmart513's rating: 1215 &rarr; <strong>1196</strong><br />(-19 for losing)\n|l|\u2606Cmart513\n|player|p2|\n|l|\u2606mia corvere\n|player|p1|\n",
  "uploadtime": 1776469869,
  "views": 3,
  "formatid": "gen9championsbssregma",
  "rating": 1196,
  "private": 0,
  "password": null
}