{
  "id": "gen9championsbssregma-2584824752",
  "format": "[Gen 9 Champions] BSS Reg M-A",
  "players": [
    "isaacmora22",
    "Chafiti"
  ],
  "log": "|j|\u2606isaacmora22\n|j|\u2606Chafiti\n|t:|1776286486\n|gametype|singles\n|player|p1|isaacmora22|hilbert|1017\n|player|p2|Chafiti|preschooler|1028\n|gen|9\n|tier|[Gen 9 Champions] BSS Reg M-A\n|rated|\n|rule|Species Clause: Limit one of each Pok\u00e9mon\n|rule|Item Clause: Limit 1 of each item\n|clearpoke\n|poke|p1|Flareon, L50, M|\n|poke|p1|Dragonite, L50, M|\n|poke|p1|Luxray, L50, M|\n|poke|p1|Clawitzer, L50, M|\n|poke|p1|Sableye, L50, M|\n|poke|p1|Archaludon, L50, F|\n|poke|p2|Gengar, L50, F|\n|poke|p2|Umbreon, L50, M|\n|poke|p2|Corviknight, L50, M|\n|poke|p2|Samurott-Hisui, L50, M|\n|poke|p2|Toxapex, L50, F|\n|poke|p2|Hippowdon, L50, M|\n|teampreview|3\n|\n|t:|1776286503\n|teamsize|p1|3\n|teamsize|p2|3\n|start\n|switch|p1a: Rex|Luxray, L50, M|100/100\n|switch|p2a: Hippowdon|Hippowdon, L50, M|100/100\n|-ability|p1a: Rex|Intimidate|boost\n|-unboost|p2a: Hippowdon|atk|1\n|-weather|Sandstorm|[from] ability: Sand Stream|[of] p2a: Hippowdon\n|turn|1\n|\n|t:|1776286512\n|move|p1a: Rex|Ice Fang|p2a: Hippowdon\n|-supereffective|p2a: Hippowdon|1\n|-damage|p2a: Hippowdon|70/100\n|move|p2a: Hippowdon|Stealth Rock|p1a: Rex\n|-sidestart|p1: isaacmora22|move: Stealth Rock\n|\n|-weather|Sandstorm|[upkeep]\n|-damage|p1a: Rex|95/100|[from] Sandstorm\n|upkeep\n|turn|2\n|\n|t:|1776286521\n|move|p1a: Rex|Ice Fang|p2a: Hippowdon\n|-supereffective|p2a: Hippowdon|1\n|-damage|p2a: Hippowdon|35/100\n|move|p2a: Hippowdon|Slack Off|p2a: Hippowdon\n|-heal|p2a: Hippowdon|86/100\n|\n|-weather|Sandstorm|[upkeep]\n|-damage|p1a: Rex|89/100|[from] Sandstorm\n|upkeep\n|turn|3\n|\n|t:|1776286531\n|move|p1a: Rex|Ice Fang|p2a: Hippowdon\n|-supereffective|p2a: Hippowdon|1\n|-damage|p2a: Hippowdon|53/100\n|-status|p2a: Hippowdon|frz\n|cant|p2a: Hippowdon|frz\n|\n|-weather|Sandstorm|[upkeep]\n|-damage|p1a: Rex|83/100|[from] Sandstorm\n|upkeep\n|turn|4\n|\n|t:|1776286541\n|move|p1a: Rex|Ice Fang|p2a: Hippowdon|[miss]\n|-miss|p1a: Rex|p2a: Hippowdon\n|cant|p2a: Hippowdon|frz\n|\n|-weather|Sandstorm|[upkeep]\n|-damage|p1a: Rex|78/100|[from] Sandstorm\n|upkeep\n|turn|5\n|\n|t:|1776286550\n|move|p1a: Rex|Ice Fang|p2a: Hippowdon\n|-supereffective|p2a: Hippowdon|1\n|-damage|p2a: Hippowdon|20/100 frz\n|-curestatus|p2a: Hippowdon|frz|[msg]\n|move|p2a: Hippowdon|Slack Off|p2a: Hippowdon\n|-heal|p2a: Hippowdon|70/100\n|\n|-weather|none\n|upkeep\n|turn|6\n|\n|t:|1776286559\n|move|p1a: Rex|Ice Fang|p2a: Hippowdon\n|-supereffective|p2a: Hippowdon|1\n|-damage|p2a: Hippowdon|38/100\n|-status|p2a: Hippowdon|frz\n|cant|p2a: Hippowdon|frz\n|\n|upkeep\n|turn|7\n|\n|t:|1776286567\n|move|p1a: Rex|Ice Fang|p2a: Hippowdon\n|-supereffective|p2a: Hippowdon|1\n|-damage|p2a: Hippowdon|9/100 frz\n|cant|p2a: Hippowdon|frz\n|\n|upkeep\n|turn|8\n|\n|t:|1776286574\n|move|p1a: Rex|Ice Fang|p2a: Hippowdon\n|-supereffective|p2a: Hippowdon|1\n|-damage|p2a: Hippowdon|0 fnt\n|faint|p2a: Hippowdon\n|\n|upkeep\n|\n|t:|1776286579\n|switch|p2a: Gengar|Gengar, L50, F|100/100\n|turn|9\n|\n|t:|1776286583\n|detailschange|p2a: Gengar|Gengar-Mega, L50, F\n|-mega|p2a: Gengar|Gengar|Gengarite\n|move|p2a: Gengar|Will-O-Wisp|p1a: Rex\n|-status|p1a: Rex|brn\n|move|p1a: Rex|Throat Chop|p2a: Gengar\n|-supereffective|p2a: Gengar|1\n|-damage|p2a: Gengar|63/100\n|-start|p2a: Gengar|Throat Chop|[silent]\n|\n|-damage|p1a: Rex|72/100 brn|[from] brn\n|upkeep\n|turn|10\n|\n|t:|1776286594\n|move|p2a: Gengar|Hex|p1a: Rex\n|-damage|p1a: Rex|0 fnt\n|faint|p1a: Rex\n|\n|-end|p2a: Gengar|Throat Chop|[silent]\n|upkeep\n|\n|t:|1776286600\n|switch|p1a: Camden|Flareon, L50, M|100/100\n|-damage|p1a: Camden|75/100|[from] Stealth Rock\n|turn|11\n|\n|t:|1776286608\n|move|p2a: Gengar|Protect|p2a: Gengar\n|-singleturn|p2a: Gengar|Protect\n|move|p1a: Camden|Temper Flare|p2a: Gengar\n|-activate|p2a: Gengar|move: Protect\n|\n|-heal|p1a: Camden|81/100|[from] item: Leftovers\n|upkeep\n|turn|12\n|\n|t:|1776286617\n|move|p2a: Gengar|Sludge Bomb|p1a: Camden\n|-crit|p1a: Camden\n|-damage|p1a: Camden|10/100\n|-status|p1a: Camden|psn\n|move|p1a: Camden|Temper Flare|p2a: Gengar\n|-damage|p2a: Gengar|0 fnt\n|faint|p2a: Gengar\n|\n|-heal|p1a: Camden|16/100 psn|[from] item: Leftovers\n|-damage|p1a: Camden|3/100 psn|[from] psn\n|upkeep\n|\n|t:|1776286623\n|switch|p2a: Corviknight|Corviknight, L50, M|100/100\n|-ability|p2a: Corviknight|Pressure\n|turn|13\n|\n|t:|1776286634\n|move|p1a: Camden|Temper Flare|p2a: Corviknight\n|-supereffective|p2a: Corviknight|1\n|-damage|p2a: Corviknight|38/100\n|-enditem|p2a: Corviknight|Sitrus Berry|[eat]\n|-heal|p2a: Corviknight|63/100|[from] item: Sitrus Berry\n|move|p2a: Corviknight|Iron Defense|p2a: Corviknight\n|-boost|p2a: Corviknight|def|2\n|\n|-heal|p1a: Camden|9/100 psn|[from] item: Leftovers\n|-damage|p1a: Camden|0 fnt|[from] psn\n|faint|p1a: Camden\n|upkeep\n|\n|t:|1776286646\n|switch|p1a: Migo|Dragonite, L50, M|100/100\n|-damage|p1a: Migo|75/100|[from] Stealth Rock\n|turn|14\n|\n|t:|1776286653\n|detailschange|p1a: Migo|Dragonite-Mega, L50, M\n|-mega|p1a: Migo|Dragonite|Dragoninite\n|move|p1a: Migo|Flamethrower|p2a: Corviknight\n|-supereffective|p2a: Corviknight|1\n|-damage|p2a: Corviknight|5/100\n|-status|p2a: Corviknight|brn\n|move|p2a: Corviknight|Body Press|p1a: Migo\n|-resisted|p1a: Migo|1\n|-damage|p1a: Migo|64/100\n|\n|-damage|p2a: Corviknight|0 fnt|[from] brn\n|faint|p2a: Corviknight\n|\n|win|isaacmora22\n|raw|isaacmora22's rating: 1017 &rarr; <strong>1056</strong><br />(+39 for winning)\n|raw|Chafiti's rating: 1028 &rarr; <strong>1013</strong><br />(-15 for losing)\n|l|\u2606Chafiti\n|player|p2|\n",
  "uploadtime": 1776286671,
  "views": 3,
  "formatid": "gen9championsbssregma",
  "rating": 1013,
  "private": 0,
  "password": null
}