{
  "id": "gen9championsbssregma-2586113469",
  "format": "[Gen 9 Champions] BSS Reg M-A",
  "players": [
    "zaliyeyuan",
    "kyotoyoko"
  ],
  "log": "|j|\u2606zaliyeyuan\n|j|\u2606kyotoyoko\n|t:|1776400580\n|gametype|singles\n|player|p1|zaliyeyuan|artist-gen4|1361\n|player|p2|kyotoyoko|caitlin|1402\n|gen|9\n|tier|[Gen 9 Champions] BSS Reg M-A\n|rated|\n|rule|Species Clause: Limit one of each Pok\u00e9mon\n|rule|Item Clause: Limit 1 of each item\n|clearpoke\n|poke|p1|Starmie, L50|\n|poke|p1|Hydreigon, L50, F|\n|poke|p1|Hippowdon, L50, F|\n|poke|p1|Rotom-Wash, L50|\n|poke|p1|Aegislash, L50, M|\n|poke|p1|Floette-Eternal, L50, F|\n|poke|p2|Hippowdon, L50, F|\n|poke|p2|Charizard, L50, F|\n|poke|p2|Aegislash, L50, F|\n|poke|p2|Kangaskhan, L50, F|\n|poke|p2|Greninja-*, L50, F|\n|poke|p2|Hatterene, L50, F|\n|teampreview|3\n|inactive|Battle timer is ON: inactive players will automatically lose when time's up. (requested by zaliyeyuan)\n|inactive|kyotoyoko has 60 seconds left.\n|\n|t:|1776400622\n|teamsize|p1|3\n|teamsize|p2|3\n|start\n|switch|p1a: Starmie|Starmie, L50, shiny|100/100\n|switch|p2a: Kangaskhan|Kangaskhan, L50, F, shiny|100/100\n|turn|1\n|\n|t:|1776400630\n|detailschange|p1a: Starmie|Starmie-Mega, L50, shiny\n|-mega|p1a: Starmie|Starmie|Starminite\n|detailschange|p2a: Kangaskhan|Kangaskhan-Mega, L50, F, shiny\n|-mega|p2a: Kangaskhan|Kangaskhan|Kangaskhanite\n|move|p1a: Starmie|Liquidation|p2a: Kangaskhan\n|-damage|p2a: Kangaskhan|27/100\n|move|p2a: Kangaskhan|Double-Edge|p1a: Starmie\n|-damage|p1a: Starmie|11/100\n|-damage|p1a: Starmie|0 fnt\n|faint|p1a: Starmie\n|-hitcount|p1: Starmie|2\n|-damage|p2a: Kangaskhan|2/100|[from] Recoil\n|\n|upkeep\n|\n|t:|1776400649\n|switch|p1a: Hippowdon|Hippowdon, L50, F|100/100\n|-weather|Sandstorm|[from] ability: Sand Stream|[of] p1a: Hippowdon\n|turn|2\n|\n|t:|1776400662\n|move|p2a: Kangaskhan|Ice Punch|p1a: Hippowdon\n|-supereffective|p1a: Hippowdon|1\n|-damage|p1a: Hippowdon|62/100\n|-supereffective|p1a: Hippowdon|1\n|-damage|p1a: Hippowdon|53/100\n|-status|p1a: Hippowdon|frz\n|-hitcount|p1a: Hippowdon|2\n|-curestatus|p1a: Hippowdon|frz|[msg]\n|move|p1a: Hippowdon|Stealth Rock|p2a: Kangaskhan\n|-sidestart|p2: kyotoyoko|move: Stealth Rock\n|\n|-weather|Sandstorm|[upkeep]\n|-damage|p2a: Kangaskhan|0 fnt|[from] Sandstorm\n|faint|p2a: Kangaskhan\n|upkeep\n|\n|t:|1776400673\n|switch|p2a: Greninja|Greninja, L50, F, shiny|100/100\n|-damage|p2a: Greninja|88/100|[from] Stealth Rock\n|turn|3\n|j| p74\n|\n|t:|1776400693\n|move|p2a: Greninja|Surf|p1a: Hippowdon\n|-supereffective|p1a: Hippowdon|1\n|-damage|p1a: Hippowdon|0 fnt\n|faint|p1a: Hippowdon\n|\n|-weather|Sandstorm|[upkeep]\n|-damage|p2a: Greninja|82/100|[from] Sandstorm\n|upkeep\n|\n|t:|1776400701\n|switch|p1a: Hydreigon|Hydreigon, L50, F, shiny|100/100\n|turn|4\n|\n|t:|1776400711\n|move|p1a: Hydreigon|Dark Pulse|p2a: Greninja\n|-resisted|p2a: Greninja|1\n|-damage|p2a: Greninja|49/100\n|move|p2a: Greninja|Surf|p1a: Hydreigon\n|-resisted|p1a: Hydreigon|1\n|-damage|p1a: Hydreigon|74/100\n|\n|-weather|Sandstorm|[upkeep]\n|-damage|p1a: Hydreigon|68/100|[from] Sandstorm\n|-damage|p2a: Greninja|43/100|[from] Sandstorm\n|upkeep\n|turn|5\n|\n|t:|1776400721\n|move|p1a: Hydreigon|Dark Pulse|p2a: Greninja\n|-resisted|p2a: Greninja|1\n|-damage|p2a: Greninja|9/100\n|move|p2a: Greninja|Surf|p1a: Hydreigon\n|-resisted|p1a: Hydreigon|1\n|-damage|p1a: Hydreigon|29/100\n|\n|-weather|Sandstorm|[upkeep]\n|-damage|p1a: Hydreigon|24/100|[from] Sandstorm\n|-damage|p2a: Greninja|3/100|[from] Sandstorm\n|upkeep\n|turn|6\n|\n|t:|1776400731\n|move|p2a: Greninja|Water Shuriken|p1a: Hydreigon\n|-resisted|p1a: Hydreigon|1\n|-damage|p1a: Hydreigon|16/100\n|-resisted|p1a: Hydreigon|1\n|-damage|p1a: Hydreigon|10/100\n|-resisted|p1a: Hydreigon|1\n|-damage|p1a: Hydreigon|3/100\n|-resisted|p1a: Hydreigon|1\n|-damage|p1a: Hydreigon|0 fnt\n|faint|p1a: Hydreigon\n|-hitcount|p1: Hydreigon|4\n|\n|win|kyotoyoko\n|raw|zaliyeyuan's rating: 1361 &rarr; <strong>1343</strong><br />(-18 for losing)\n|raw|kyotoyoko's rating: 1402 &rarr; <strong>1420</strong><br />(+18 for winning)\n|l|\u2606zaliyeyuan\n|player|p1|\n|l|\u2606kyotoyoko\n|player|p2|\n",
  "uploadtime": 1776400764,
  "views": 2,
  "formatid": "gen9championsbssregma",
  "rating": 1343,
  "private": 0,
  "password": null
}