{
  "id": "gen9championsbssregma-2581269867",
  "format": "[Gen 9 Champions] BSS Reg M-A",
  "players": [
    "ninjadog202",
    "Josep71"
  ],
  "log": "|j|\u2606ninjadog202\n|j|\u2606Josep71\n|t:|1775979112\n|gametype|singles\n|player|p1|ninjadog202|1|1073\n|player|p2|Josep71|red|1073\n|gen|9\n|tier|[Gen 9 Champions] BSS Reg M-A\n|rated|\n|rule|Species Clause: Limit one of each Pok\u00e9mon\n|rule|Item Clause: Limit 1 of each item\n|clearpoke\n|poke|p1|Glimmora, L50, F|\n|poke|p1|Meowscarada, L50, F|\n|poke|p1|Mimikyu, L50, F|\n|poke|p1|Charizard, L50, F|\n|poke|p1|Lucario, L50, M|\n|poke|p1|Rotom-Wash, L50|\n|poke|p2|Charizard, L50, F|\n|poke|p2|Floette-Eternal, L50, F|\n|poke|p2|Dragapult, L50, M|\n|poke|p2|Garchomp, L50, M|\n|poke|p2|Rotom-Wash, L50|\n|poke|p2|Corviknight, L50, M|\n|teampreview|3\n|\n|t:|1775979159\n|teamsize|p1|3\n|teamsize|p2|3\n|start\n|switch|p1a: Mimikyu|Mimikyu, L50, F|100/100\n|switch|p2a: Rotom|Rotom-Wash, L50|100/100\n|turn|1\n|\n|t:|1775979168\n|move|p2a: Rotom|Trick|p1a: Mimikyu\n|-activate|p2a: Rotom|move: Trick|[of] p1a: Mimikyu\n|-item|p1a: Mimikyu|Choice Scarf|[from] move: Trick\n|-item|p2a: Rotom|Sitrus Berry|[from] move: Trick\n|move|p1a: Mimikyu|Swords Dance|p1a: Mimikyu\n|-boost|p1a: Mimikyu|atk|2\n|\n|upkeep\n|turn|2\n|\n|t:|1775979186\n|switch|p1a: Meowscarada|Meowscarada, L50, F|100/100\n|move|p2a: Rotom|Hydro Pump|p1a: Meowscarada\n|-resisted|p1a: Meowscarada|1\n|-damage|p1a: Meowscarada|57/100\n|\n|upkeep\n|turn|3\n|\n|t:|1775979209\n|switch|p2a: Charizard|Charizard, L50, F, shiny|100/100\n|move|p1a: Meowscarada|Flower Trick|p2a: Charizard\n|-start|p1a: Meowscarada|typechange|Grass|[from] ability: Protean\n|-resisted|p2a: Charizard|2\n|-crit|p2a: Charizard\n|-damage|p2a: Charizard|79/100\n|\n|upkeep\n|turn|4\n|\n|t:|1775979243\n|detailschange|p2a: Charizard|Charizard-Mega-Y, L50, F, shiny\n|-mega|p2a: Charizard|Charizard|Charizardite Y\n|-weather|SunnyDay|[from] ability: Drought|[of] p2a: Charizard\n|move|p1a: Meowscarada|U-turn|p2a: Charizard\n|-resisted|p2a: Charizard|2\n|-damage|p2a: Charizard|71/100\n|\n|t:|1775979254\n|switch|p1a: Rotom|Rotom-Wash, L50|100/100|[from] U-turn\n|move|p2a: Charizard|Solar Beam||[still]\n|-prepare|p2a: Charizard|Solar Beam\n|-anim|p2a: Charizard|Solar Beam|p1a: Rotom\n|-supereffective|p1a: Rotom|1\n|-damage|p1a: Rotom|0 fnt\n|faint|p1a: Rotom\n|\n|-weather|SunnyDay|[upkeep]\n|upkeep\n|\n|t:|1775979273\n|switch|p1a: Meowscarada|Meowscarada, L50, F|57/100\n|turn|5\n|\n|t:|1775979278\n|move|p1a: Meowscarada|Sucker Punch|p2a: Charizard\n|-start|p1a: Meowscarada|typechange|Dark|[from] ability: Protean\n|-damage|p2a: Charizard|26/100\n|move|p2a: Charizard|Weather Ball|p1a: Meowscarada\n|-damage|p1a: Meowscarada|0 fnt\n|faint|p1a: Meowscarada\n|\n|-weather|SunnyDay|[upkeep]\n|upkeep\n|\n|t:|1775979284\n|switch|p1a: Mimikyu|Mimikyu, L50, F|100/100\n|turn|6\n|\n|t:|1775979299\n|switch|p2a: Rotom|Rotom-Wash, L50|100/100\n|move|p1a: Mimikyu|Shadow Sneak|p2a: Rotom\n|-damage|p2a: Rotom|78/100\n|\n|-weather|SunnyDay|[upkeep]\n|upkeep\n|turn|7\n|\n|t:|1775979310\n|move|p1a: Mimikyu|Shadow Sneak|p2a: Rotom\n|-damage|p2a: Rotom|58/100\n|move|p2a: Rotom|Thunderbolt|p1a: Mimikyu\n|-activate|p1a: Mimikyu|ability: Disguise\n|-damage|p1a: Mimikyu|100/100\n|-status|p1a: Mimikyu|par\n|detailschange|p1a: Mimikyu|Mimikyu-Busted, L50, F\n|-damage|p1a: Mimikyu|88/100 par|[from] pokemon: Mimikyu-Busted\n|\n|-weather|SunnyDay|[upkeep]\n|upkeep\n|turn|8\n|-message|ninjadog202 forfeited.\n|\n|win|Josep71\n|raw|ninjadog202's rating: 1073 &rarr; <strong>1052</strong><br />(-21 for losing)\n|raw|Josep71's rating: 1073 &rarr; <strong>1102</strong><br />(+29 for winning)\n|l|\u2606ninjadog202\n|player|p1|\n",
  "uploadtime": 1775979319,
  "views": 21,
  "formatid": "gen9championsbssregma",
  "rating": 1052,
  "private": 0,
  "password": null
}