{
  "id": "gen9championsbssregma-2582097007",
  "format": "[Gen 9 Champions] BSS Reg M-A",
  "players": [
    "Lqndon612",
    "sadf235"
  ],
  "log": "|j|\u2606Lqndon612\n|j|\u2606sadf235\n|t:|1776057466\n|gametype|singles\n|player|p1|Lqndon612|266|1065\n|player|p2|sadf235|1|1046\n|gen|9\n|tier|[Gen 9 Champions] BSS Reg M-A\n|rated|\n|rule|Species Clause: Limit one of each Pok\u00e9mon\n|rule|Item Clause: Limit 1 of each item\n|clearpoke\n|poke|p1|Corviknight, L50, F|\n|poke|p1|Glalie, L50, F|\n|poke|p1|Lucario, L50, M|\n|poke|p1|Gengar, L50, F|\n|poke|p1|Snorlax, L50, M|\n|poke|p1|Hydrapple, L50, M|\n|poke|p2|Lopunny, L50, M|\n|poke|p2|Froslass, L50, F|\n|poke|p2|Primarina, L50, M|\n|poke|p2|Garchomp, L50, F|\n|poke|p2|Rotom-Heat, L50|\n|poke|p2|Kingambit, L50, M|\n|teampreview|3\n|inactive|Battle timer is ON: inactive players will automatically lose when time's up. (requested by sadf235)\n|inactive|sadf235 has 60 seconds left.\n|\n|t:|1776057503\n|teamsize|p1|3\n|teamsize|p2|3\n|start\n|switch|p1a: Glalie|Glalie, L50, F|100/100\n|switch|p2a: Garchomp|Garchomp, L50, F|100/100\n|turn|1\n|\n|t:|1776057510\n|detailschange|p1a: Glalie|Glalie-Mega, L50, F\n|-mega|p1a: Glalie|Glalie|Glalitite\n|move|p2a: Garchomp|Stone Edge|p1a: Glalie\n|-supereffective|p1a: Glalie|1\n|-damage|p1a: Glalie|16/100\n|move|p1a: Glalie|Explosion|p2a: Garchomp\n|-supereffective|p2a: Garchomp|2\n|-enditem|p2a: Garchomp|Focus Sash\n|-damage|p2a: Garchomp|1/100\n|faint|p1a: Glalie\n|\n|upkeep\n|\n|t:|1776057518\n|switch|p1a: Corviknight|Corviknight, L50, F|100/100\n|-ability|p1a: Corviknight|Pressure\n|turn|2\n|j| JojoLionheart\n|\n|t:|1776057523\n|move|p2a: Garchomp|Stealth Rock|p1a: Corviknight\n|-sidestart|p1: Lqndon612|move: Stealth Rock\n|move|p1a: Corviknight|Fly||[still]\n|-prepare|p1a: Corviknight|Fly\n|\n|upkeep\n|turn|3\n|\n|t:|1776057530\n|switch|p2a: Rotom|Rotom-Heat, L50|100/100\n|move|p1a: Corviknight|Fly|p2a: Rotom|[from] lockedmove\n|-resisted|p2a: Rotom|1\n|-damage|p2a: Rotom|89/100\n|\n|-heal|p2a: Rotom|95/100|[from] item: Leftovers\n|upkeep\n|turn|4\n|\n|t:|1776057540\n|move|p2a: Rotom|Volt Switch|p1a: Corviknight\n|-supereffective|p1a: Corviknight|1\n|-damage|p1a: Corviknight|57/100\n|\n|t:|1776057544\n|switch|p2a: Garchomp|Garchomp, L50, F|1/100|[from] Volt Switch\n|move|p1a: Corviknight|Roost|p1a: Corviknight\n|-heal|p1a: Corviknight|100/100\n|-singleturn|p1a: Corviknight|move: Roost\n|\n|upkeep\n|turn|5\n|\n|t:|1776057551\n|switch|p2a: Rotom|Rotom-Heat, L50|95/100\n|move|p1a: Corviknight|Substitute|p1a: Corviknight\n|-start|p1a: Corviknight|Substitute\n|-damage|p1a: Corviknight|76/100\n|\n|-heal|p2a: Rotom|100/100|[from] item: Leftovers\n|-heal|p1a: Corviknight|82/100|[from] item: Leftovers\n|upkeep\n|turn|6\n|\n|t:|1776057558\n|move|p1a: Corviknight|Protect|p1a: Corviknight\n|-singleturn|p1a: Corviknight|Protect\n|move|p2a: Rotom|Discharge|p1a: Corviknight\n|-activate|p1a: Corviknight|move: Protect\n|\n|-heal|p1a: Corviknight|87/100|[from] item: Leftovers\n|upkeep\n|turn|7\n|\n|t:|1776057566\n|move|p2a: Rotom|Discharge|p1a: Corviknight\n|-supereffective|p1a: Corviknight|1\n|-end|p1a: Corviknight|Substitute\n|move|p1a: Corviknight|Substitute|p1a: Corviknight\n|-start|p1a: Corviknight|Substitute\n|-damage|p1a: Corviknight|63/100\n|\n|-heal|p1a: Corviknight|69/100|[from] item: Leftovers\n|upkeep\n|turn|8\n|\n|t:|1776057573\n|move|p2a: Rotom|Discharge|p1a: Corviknight\n|-supereffective|p1a: Corviknight|1\n|-end|p1a: Corviknight|Substitute\n|move|p1a: Corviknight|Roost|p1a: Corviknight\n|-heal|p1a: Corviknight|100/100\n|-singleturn|p1a: Corviknight|move: Roost\n|\n|upkeep\n|turn|9\n|\n|t:|1776057581\n|move|p1a: Corviknight|Protect|p1a: Corviknight\n|-singleturn|p1a: Corviknight|Protect\n|move|p2a: Rotom|Will-O-Wisp|p1a: Corviknight\n|-activate|p1a: Corviknight|move: Protect\n|\n|upkeep\n|turn|10\n|\n|t:|1776057589\n|move|p2a: Rotom|Will-O-Wisp|p1a: Corviknight\n|-status|p1a: Corviknight|brn\n|move|p1a: Corviknight|Substitute|p1a: Corviknight\n|-start|p1a: Corviknight|Substitute\n|-damage|p1a: Corviknight|76/100 brn\n|\n|-heal|p1a: Corviknight|82/100 brn|[from] item: Leftovers\n|-damage|p1a: Corviknight|76/100 brn|[from] brn\n|upkeep\n|turn|11\n|\n|t:|1776057598\n|move|p1a: Corviknight|Protect|p1a: Corviknight\n|-singleturn|p1a: Corviknight|Protect\n|move|p2a: Rotom|Discharge|p1a: Corviknight\n|-activate|p1a: Corviknight|move: Protect\n|\n|-heal|p1a: Corviknight|82/100 brn|[from] item: Leftovers\n|-damage|p1a: Corviknight|76/100 brn|[from] brn\n|upkeep\n|turn|12\n|\n|t:|1776057606\n|move|p2a: Rotom|Discharge|p1a: Corviknight\n|-supereffective|p1a: Corviknight|1\n|-end|p1a: Corviknight|Substitute\n|move|p1a: Corviknight|Substitute|p1a: Corviknight\n|-start|p1a: Corviknight|Substitute\n|-damage|p1a: Corviknight|51/100 brn\n|\n|-heal|p1a: Corviknight|57/100 brn|[from] item: Leftovers\n|-damage|p1a: Corviknight|51/100 brn|[from] brn\n|upkeep\n|turn|13\n|\n|t:|1776057614\n|move|p2a: Rotom|Discharge|p1a: Corviknight\n|-supereffective|p1a: Corviknight|1\n|-end|p1a: Corviknight|Substitute\n|move|p1a: Corviknight|Roost|p1a: Corviknight\n|-heal|p1a: Corviknight|100/100 brn\n|-singleturn|p1a: Corviknight|move: Roost\n|\n|-damage|p1a: Corviknight|95/100 brn|[from] brn\n|upkeep\n|turn|14\n|\n|t:|1776057622\n|move|p2a: Rotom|Discharge|p1a: Corviknight\n|-supereffective|p1a: Corviknight|1\n|-damage|p1a: Corviknight|44/100 brn\n|move|p1a: Corviknight|Substitute|p1a: Corviknight\n|-start|p1a: Corviknight|Substitute\n|-damage|p1a: Corviknight|20/100 brn\n|\n|-heal|p1a: Corviknight|26/100 brn|[from] item: Leftovers\n|-damage|p1a: Corviknight|20/100 brn|[from] brn\n|upkeep\n|turn|15\n|\n|t:|1776057632\n|move|p2a: Rotom|Discharge|p1a: Corviknight\n|-supereffective|p1a: Corviknight|1\n|-crit|p1a: Corviknight\n|-end|p1a: Corviknight|Substitute\n|move|p1a: Corviknight|Roost|p1a: Corviknight\n|-heal|p1a: Corviknight|70/100 brn\n|-singleturn|p1a: Corviknight|move: Roost\n|\n|-heal|p1a: Corviknight|76/100 brn|[from] item: Leftovers\n|-damage|p1a: Corviknight|70/100 brn|[from] brn\n|upkeep\n|turn|16\n|\n|t:|1776057644\n|move|p2a: Rotom|Overheat|p1a: Corviknight\n|-supereffective|p1a: Corviknight|1\n|-damage|p1a: Corviknight|0 fnt\n|-unboost|p2a: Rotom|spa|2\n|faint|p1a: Corviknight\n|\n|upkeep\n|\n|t:|1776057650\n|switch|p1a: Snorlax|Snorlax, L50, M|100/100\n|-damage|p1a: Snorlax|88/100|[from] Stealth Rock\n|turn|17\n|\n|t:|1776057654\n|move|p2a: Rotom|Will-O-Wisp|p1a: Snorlax\n|-status|p1a: Snorlax|brn\n|move|p1a: Snorlax|Yawn|p2a: Rotom\n|-start|p2a: Rotom|move: Yawn|[of] p1a: Snorlax\n|\n|-damage|p1a: Snorlax|82/100 brn|[from] brn\n|upkeep\n|turn|18\n|\n|t:|1776057661\n|move|p2a: Rotom|Volt Switch|p1a: Snorlax\n|-damage|p1a: Snorlax|75/100 brn\n|\n|t:|1776057665\n|switch|p2a: Garchomp|Garchomp, L50, F|1/100|[from] Volt Switch\n|move|p1a: Snorlax|Fissure|p2a: Garchomp\n|-damage|p2a: Garchomp|0 fnt\n|faint|p2a: Garchomp\n|-ohko\n|\n|-damage|p1a: Snorlax|69/100 brn|[from] brn\n|upkeep\n|\n|t:|1776057673\n|switch|p2a: Lopunny|Lopunny, L50, M|100/100\n|turn|19\n|\n|t:|1776057677\n|detailschange|p2a: Lopunny|Lopunny-Mega, L50, M\n|-mega|p2a: Lopunny|Lopunny|Lopunnite\n|move|p2a: Lopunny|Fake Out|p1a: Snorlax\n|-damage|p1a: Snorlax|53/100 brn\n|cant|p1a: Snorlax|flinch\n|\n|-damage|p1a: Snorlax|47/100 brn|[from] brn\n|upkeep\n|turn|20\n|\n|t:|1776057685\n|move|p2a: Lopunny|Close Combat|p1a: Snorlax\n|-supereffective|p1a: Snorlax|1\n|-damage|p1a: Snorlax|0 fnt\n|-unboost|p2a: Lopunny|def|1\n|-unboost|p2a: Lopunny|spd|1\n|faint|p1a: Snorlax\n|\n|win|sadf235\n|raw|Lqndon612's rating: 1065 &rarr; <strong>1044</strong><br />(-21 for losing)\n|raw|sadf235's rating: 1046 &rarr; <strong>1081</strong><br />(+35 for winning)\n|l|\u2606Lqndon612\n|player|p1|\n",
  "uploadtime": 1776057694,
  "views": 16,
  "formatid": "gen9championsbssregma",
  "rating": 1044,
  "private": 0,
  "password": null
}