{
  "id": "gen9championsbssregma-2586918745",
  "format": "[Gen 9 Champions] BSS Reg M-A",
  "players": [
    "Aguwar",
    "alessan94"
  ],
  "log": "|j|\u2606Aguwar\n|j|\u2606alessan94\n|t:|1776471749\n|gametype|singles\n|player|p1|Aguwar|chili|1359\n|player|p2|alessan94|170|1385\n|gen|9\n|tier|[Gen 9 Champions] BSS Reg M-A\n|rated|\n|rule|Species Clause: Limit one of each Pok\u00e9mon\n|rule|Item Clause: Limit 1 of each item\n|clearpoke\n|poke|p1|Charizard, L50, M|\n|poke|p1|Meowscarada, L50, F|\n|poke|p1|Archaludon, L50, M|\n|poke|p1|Corviknight, L50, M|\n|poke|p1|Dragapult, L50, M|\n|poke|p1|Kangaskhan, L50, F|\n|poke|p2|Pelipper, L50, M|\n|poke|p2|Starmie, L50|\n|poke|p2|Mimikyu, L50, F|\n|poke|p2|Archaludon, L50, M|\n|poke|p2|Garchomp, L50, M|\n|poke|p2|Bellibolt, L50, M|\n|teampreview|3\n|inactive|Battle timer is ON: inactive players will automatically lose when time's up. (requested by Aguwar)\n|j| p74\n|inactive|alessan94 has 60 seconds left.\n|inactive|alessan94 has 30 seconds left.\n|\n|t:|1776471812\n|teamsize|p1|3\n|teamsize|p2|3\n|start\n|switch|p1a: F16|Dragapult, L50, M|100/100\n|switch|p2a: Garchomp|Garchomp, L50, M|100/100\n|turn|1\n|\n|t:|1776471821\n|move|p2a: Garchomp|Outrage|p1a: F16\n|-supereffective|p1a: F16|1\n|-enditem|p1a: F16|Focus Sash\n|-damage|p1a: F16|1/100\n|move|p1a: F16|Dragon Darts|p2a: Garchomp\n|-supereffective|p2a: Garchomp|1\n|-damage|p2a: Garchomp|51/100\n|-anim|p1a: F16|Dragon Darts|p2a: Garchomp\n|-supereffective|p2a: Garchomp|1\n|-damage|p2a: Garchomp|0 fnt\n|faint|p2a: Garchomp\n|\n|upkeep\n|\n|t:|1776471842\n|switch|p2a: Archaludon|Archaludon, L50, M|100/100\n|turn|2\n|\n|t:|1776471847\n|switch|p1a: Akshi|Archaludon, L50, M|100/100\n|move|p2a: Archaludon|Flash Cannon|p1a: Akshi\n|-resisted|p1a: Akshi|1\n|-damage|p1a: Akshi|80/100\n|-ability|p1a: Akshi|Stamina|boost\n|-boost|p1a: Akshi|def|1\n|\n|-heal|p1a: Akshi|86/100|[from] item: Leftovers\n|upkeep\n|turn|3\n|\n|t:|1776471857\n|move|p1a: Akshi|Aura Sphere|p2a: Archaludon\n|-supereffective|p2a: Archaludon|1\n|-damage|p2a: Archaludon|54/100\n|-ability|p2a: Archaludon|Stamina|boost\n|-boost|p2a: Archaludon|def|1\n|move|p2a: Archaludon|Aura Sphere|p1a: Akshi\n|-supereffective|p1a: Akshi|1\n|-damage|p1a: Akshi|35/100\n|-ability|p1a: Akshi|Stamina|boost\n|-boost|p1a: Akshi|def|1\n|\n|-heal|p2a: Archaludon|60/100|[from] item: Leftovers\n|-heal|p1a: Akshi|41/100|[from] item: Leftovers\n|upkeep\n|turn|4\n|\n|t:|1776471872\n|move|p1a: Akshi|Aura Sphere|p2a: Archaludon\n|-supereffective|p2a: Archaludon|1\n|-damage|p2a: Archaludon|11/100\n|-ability|p2a: Archaludon|Stamina|boost\n|-boost|p2a: Archaludon|def|1\n|move|p2a: Archaludon|Aura Sphere|p1a: Akshi\n|-supereffective|p1a: Akshi|1\n|-damage|p1a: Akshi|0 fnt\n|faint|p1a: Akshi\n|\n|-heal|p2a: Archaludon|17/100|[from] item: Leftovers\n|upkeep\n|\n|t:|1776471876\n|switch|p1a: F16|Dragapult, L50, M|1/100\n|turn|5\n|\n|t:|1776471893\n|move|p1a: F16|Hydro Pump|p2a: Archaludon\n|-resisted|p2a: Archaludon|1\n|-damage|p2a: Archaludon|6/100\n|-ability|p2a: Archaludon|Stamina|boost\n|-boost|p2a: Archaludon|def|1\n|move|p2a: Archaludon|Dragon Pulse|p1a: F16\n|-supereffective|p1a: F16|1\n|-damage|p1a: F16|0 fnt\n|faint|p1a: F16\n|\n|-heal|p2a: Archaludon|12/100|[from] item: Leftovers\n|upkeep\n|\n|t:|1776471895\n|switch|p1a: Macarena|Meowscarada, L50, F|100/100\n|turn|6\n|\n|t:|1776471914\n|move|p1a: Macarena|Flower Trick|p2a: Archaludon\n|-start|p1a: Macarena|typechange|Grass|[from] ability: Protean\n|-resisted|p2a: Archaludon|2\n|-crit|p2a: Archaludon\n|-damage|p2a: Archaludon|3/100\n|-ability|p2a: Archaludon|Stamina|boost\n|-boost|p2a: Archaludon|def|1\n|move|p2a: Archaludon|Flash Cannon|p1a: Macarena\n|-damage|p1a: Macarena|47/100\n|\n|-heal|p2a: Archaludon|9/100|[from] item: Leftovers\n|upkeep\n|turn|7\n|\n|t:|1776471927\n|move|p1a: Macarena|Flower Trick|p2a: Archaludon\n|-resisted|p2a: Archaludon|2\n|-crit|p2a: Archaludon\n|-damage|p2a: Archaludon|0 fnt\n|faint|p2a: Archaludon\n|\n|upkeep\n|\n|t:|1776471933\n|switch|p2a: Bellibolt|Bellibolt, L50, M|100/100\n|turn|8\n|\n|t:|1776471940\n|move|p1a: Macarena|Flower Trick|p2a: Bellibolt\n|-crit|p2a: Bellibolt\n|-damage|p2a: Bellibolt|59/100\n|-start|p2a: Bellibolt|Charge|Flower Trick|[from] ability: Electromorphosis\n|move|p2a: Bellibolt|Thunderbolt|p1a: Macarena\n|-resisted|p1a: Macarena|1\n|-damage|p1a: Macarena|0 fnt\n|faint|p1a: Macarena\n|-end|p2a: Bellibolt|Charge|[silent]\n|\n|win|alessan94\n|raw|Aguwar's rating: 1359 &rarr; <strong>1340</strong><br />(-19 for losing)\n|raw|alessan94's rating: 1385 &rarr; <strong>1404</strong><br />(+19 for winning)\n|l|\u2606Aguwar\n|player|p1|\n|l|\u2606alessan94\n|player|p2|\n",
  "uploadtime": 1776472086,
  "views": 2,
  "formatid": "gen9championsbssregma",
  "rating": 1340,
  "private": 0,
  "password": null
}