{
  "id": "gen9championsbssregma-2584857921",
  "format": "[Gen 9 Champions] BSS Reg M-A",
  "players": [
    "harald283",
    "Aguwar"
  ],
  "log": "|j|\u2606harald283\n|j|\u2606Aguwar\n|t:|1776289184\n|gametype|singles\n|player|p1|harald283|drayden|1135\n|player|p2|Aguwar|calem-masters|1225\n|gen|9\n|tier|[Gen 9 Champions] BSS Reg M-A\n|rated|\n|rule|Species Clause: Limit one of each Pok\u00e9mon\n|rule|Item Clause: Limit 1 of each item\n|clearpoke\n|poke|p1|Hippowdon, L50, M|\n|poke|p1|Garchomp, L50, M|\n|poke|p1|Charizard, L50, M|\n|poke|p1|Aegislash, L50, M|\n|poke|p1|Glimmora, L50, M|\n|poke|p1|Corviknight, L50, M|\n|poke|p2|Charizard, L50, M|\n|poke|p2|Meowscarada, L50, M|\n|poke|p2|Archaludon, L50, M|\n|poke|p2|Corviknight, L50, F|\n|poke|p2|Dragapult, L50, M|\n|poke|p2|Rotom-Wash, L50|\n|teampreview|3\n|inactive|Battle timer is ON: inactive players will automatically lose when time's up. (requested by Aguwar)\n|\n|t:|1776289203\n|teamsize|p1|3\n|teamsize|p2|3\n|start\n|switch|p1a: Glimmora|Glimmora, L50, M, shiny|100/100\n|switch|p2a: Rotom|Rotom-Wash, L50|100/100\n|turn|1\n|\n|t:|1776289217\n|move|p1a: Glimmora|Mortal Spin|p2a: Rotom\n|-damage|p2a: Rotom|93/100\n|-status|p2a: Rotom|psn\n|move|p2a: Rotom|Hydro Pump|p1a: Glimmora\n|-supereffective|p1a: Glimmora|1\n|-enditem|p1a: Glimmora|Focus Sash\n|-damage|p1a: Glimmora|1/100\n|\n|-damage|p2a: Rotom|81/100 psn|[from] psn\n|upkeep\n|turn|2\n|\n|t:|1776289231\n|move|p1a: Glimmora|Stealth Rock|p2a: Rotom\n|-sidestart|p2: Aguwar|move: Stealth Rock\n|move|p2a: Rotom|Volt Switch|p1a: Glimmora\n|-damage|p1a: Glimmora|0 fnt\n|faint|p1a: Glimmora\n|\n|t:|1776289238\n|switch|p2a: Corviknight|Corviknight, L50, F|100/100|[from] Volt Switch\n|-damage|p2a: Corviknight|88/100|[from] Stealth Rock\n|-ability|p2a: Corviknight|Pressure\n|\n|upkeep\n|\n|t:|1776289246\n|switch|p1a: Charizard|Charizard, L50, M, shiny|100/100\n|turn|3\n|\n|t:|1776289252\n|detailschange|p1a: Charizard|Charizard-Mega-Y, L50, M, shiny\n|-mega|p1a: Charizard|Charizard|Charizardite Y\n|-weather|SunnyDay|[from] ability: Drought|[of] p1a: Charizard\n|move|p1a: Charizard|Weather Ball|p2a: Corviknight\n|-supereffective|p2a: Corviknight|1\n|-damage|p2a: Corviknight|0 fnt\n|faint|p2a: Corviknight\n|\n|-weather|SunnyDay|[upkeep]\n|upkeep\n|\n|t:|1776289256\n|switch|p2a: Rotom|Rotom-Wash, L50|81/100 psn\n|-damage|p2a: Rotom|69/100 psn|[from] Stealth Rock\n|turn|4\n|\n|t:|1776289266\n|move|p1a: Charizard|Solar Beam||[still]\n|-prepare|p1a: Charizard|Solar Beam\n|-anim|p1a: Charizard|Solar Beam|p2a: Rotom\n|-supereffective|p2a: Rotom|1\n|-damage|p2a: Rotom|0 fnt\n|faint|p2a: Rotom\n|\n|-weather|SunnyDay|[upkeep]\n|upkeep\n|\n|t:|1776289275\n|switch|p2a: Meowscarada|Meowscarada, L50, M|100/100\n|-damage|p2a: Meowscarada|89/100|[from] Stealth Rock\n|turn|5\n|\n|t:|1776289285\n|move|p1a: Charizard|Protect|p1a: Charizard\n|-singleturn|p1a: Charizard|Protect\n|move|p2a: Meowscarada|Triple Axel|p1a: Charizard\n|-start|p2a: Meowscarada|typechange|Ice|[from] ability: Protean\n|-activate|p1a: Charizard|move: Protect\n|\n|-weather|SunnyDay|[upkeep]\n|upkeep\n|turn|6\n|\n|t:|1776289296\n|move|p2a: Meowscarada|Triple Axel|p1a: Charizard\n|-damage|p1a: Charizard|86/100\n|-damage|p1a: Charizard|60/100\n|-damage|p1a: Charizard|21/100\n|-hitcount|p1a: Charizard|3\n|move|p1a: Charizard|Weather Ball|p2a: Meowscarada\n|-supereffective|p2a: Meowscarada|1\n|-damage|p2a: Meowscarada|0 fnt\n|faint|p2a: Meowscarada\n|\n|win|harald283\n|raw|harald283's rating: 1135 &rarr; <strong>1166</strong><br />(+31 for winning)\n|raw|Aguwar's rating: 1225 &rarr; <strong>1194</strong><br />(-31 for losing)\n|l|\u2606Aguwar\n|player|p2|\n",
  "uploadtime": 1776289308,
  "views": 8,
  "formatid": "gen9championsbssregma",
  "rating": 1166,
  "private": 0,
  "password": null
}