{
  "id": "gen9championsbssregma-2585357022",
  "format": "[Gen 9 Champions] BSS Reg M-A",
  "players": [
    "Jskim2437",
    "harald283"
  ],
  "log": "|j|\u2606Jskim2437\n|j|\u2606harald283\n|t:|1776340936\n|gametype|singles\n|player|p1|Jskim2437|scientist-gen4dp|1141\n|player|p2|harald283|drayden|1072\n|gen|9\n|tier|[Gen 9 Champions] BSS Reg M-A\n|rated|\n|rule|Species Clause: Limit one of each Pok\u00e9mon\n|rule|Item Clause: Limit 1 of each item\n|clearpoke\n|poke|p1|Slowking-Galar, L50, F|\n|poke|p1|Arcanine-Hisui, L50, F|\n|poke|p1|Starmie, L50|\n|poke|p1|Charizard, L50, M|\n|poke|p1|Kingambit, L50, M|\n|poke|p1|Meowscarada, L50, M|\n|poke|p2|Hippowdon, L50, M|\n|poke|p2|Garchomp, L50, M|\n|poke|p2|Charizard, L50, M|\n|poke|p2|Aegislash, L50, M|\n|poke|p2|Glimmora, L50, M|\n|poke|p2|Corviknight, L50, M|\n|teampreview|3\n|\n|t:|1776340952\n|teamsize|p1|3\n|teamsize|p2|3\n|start\n|switch|p1a: Starmie|Starmie, L50|100/100\n|switch|p2a: Glimmora|Glimmora, L50, M, shiny|100/100\n|turn|1\n|\n|t:|1776340964\n|detailschange|p1a: Starmie|Starmie-Mega, L50\n|-mega|p1a: Starmie|Starmie|Starminite\n|move|p1a: Starmie|Psycho Cut|p2a: Glimmora\n|-supereffective|p2a: Glimmora|1\n|-enditem|p2a: Glimmora|Focus Sash\n|-damage|p2a: Glimmora|1/100\n|-activate|p2a: Glimmora|ability: Toxic Debris\n|-sidestart|p1: Jskim2437|move: Toxic Spikes\n|move|p2a: Glimmora|Mortal Spin|p1a: Starmie\n|-crit|p1a: Starmie\n|-damage|p1a: Starmie|82/100\n|-status|p1a: Starmie|psn\n|\n|-damage|p1a: Starmie|70/100 psn|[from] psn\n|upkeep\n|turn|2\n|\n|t:|1776340979\n|move|p2a: Glimmora|Spiky Shield|p2a: Glimmora\n|-singleturn|p2a: Glimmora|move: Protect\n|move|p1a: Starmie|Flip Turn|p2a: Glimmora\n|-activate|p2a: Glimmora|move: Protect\n|-damage|p1a: Starmie|57/100 psn|[from] Spiky Shield|[of] p2a: Glimmora\n|\n|-damage|p1a: Starmie|45/100 psn|[from] psn\n|upkeep\n|turn|3\n|\n|t:|1776340989\n|move|p1a: Starmie|Flip Turn|p2a: Glimmora\n|-supereffective|p2a: Glimmora|1\n|-damage|p2a: Glimmora|0 fnt\n|-activate|p2a: Glimmora|ability: Toxic Debris\n|-sidestart|p1: Jskim2437|move: Toxic Spikes\n|faint|p2a: Glimmora\n|\n|t:|1776340996\n|switch|p1a: Slowking|Slowking-Galar, L50, F|100/100|[from] Flip Turn\n|-sideend|p1: Jskim2437|move: Toxic Spikes|[of] p1a: Slowking\n|\n|upkeep\n|\n|t:|1776341004\n|switch|p2a: Aegislash|Aegislash, L50, M, shiny|100/100\n|turn|4\n|\n|t:|1776341017\n|-formechange|p2a: Aegislash|Aegislash-Blade|\n|move|p2a: Aegislash|Poltergeist|p1a: Slowking\n|-activate|p1a: Slowking|move: Poltergeist|Leftovers\n|-supereffective|p1a: Slowking|1\n|-damage|p1a: Slowking|1/100\n|move|p1a: Slowking|Psyshock|p2a: Aegislash\n|-resisted|p2a: Aegislash|1\n|-damage|p2a: Aegislash|68/100\n|\n|-heal|p2a: Aegislash|74/100|[from] item: Leftovers\n|-heal|p1a: Slowking|7/100|[from] item: Leftovers\n|upkeep\n|turn|5\n|\n|t:|1776341030\n|switch|p1a: Arcanine|Arcanine-Hisui, L50, F|100/100\n|move|p2a: Aegislash|Shadow Sneak|p1a: Arcanine\n|-damage|p1a: Arcanine|77/100\n|\n|-heal|p2a: Aegislash|80/100|[from] item: Leftovers\n|upkeep\n|turn|6\n|\n|t:|1776341040\n|-formechange|p2a: Aegislash|Aegislash|\n|move|p2a: Aegislash|King's Shield|p2a: Aegislash\n|-singleturn|p2a: Aegislash|Protect\n|move|p1a: Arcanine|Extreme Speed|p2a: Aegislash\n|-activate|p2a: Aegislash|move: Protect\n|-unboost|p1a: Arcanine|atk|1\n|\n|-heal|p2a: Aegislash|86/100|[from] item: Leftovers\n|upkeep\n|turn|7\n|\n|t:|1776341052\n|move|p1a: Arcanine|Flare Blitz|p2a: Aegislash\n|-supereffective|p2a: Aegislash|1\n|-damage|p2a: Aegislash|20/100\n|-formechange|p2a: Aegislash|Aegislash-Blade|\n|move|p2a: Aegislash|Poltergeist|p1a: Arcanine\n|-activate|p1a: Arcanine|move: Poltergeist|Focus Sash\n|-damage|p1a: Arcanine|12/100\n|\n|-heal|p2a: Aegislash|26/100|[from] item: Leftovers\n|upkeep\n|turn|8\n|\n|t:|1776341062\n|move|p2a: Aegislash|Shadow Sneak|p1a: Arcanine\n|-damage|p1a: Arcanine|0 fnt\n|faint|p1a: Arcanine\n|\n|-heal|p2a: Aegislash|32/100|[from] item: Leftovers\n|upkeep\n|\n|t:|1776341068\n|switch|p1a: Starmie|Starmie-Mega, L50|45/100 psn\n|turn|9\n|\n|t:|1776341074\n|-formechange|p2a: Aegislash|Aegislash|\n|move|p2a: Aegislash|King's Shield|p2a: Aegislash\n|-singleturn|p2a: Aegislash|Protect\n|move|p1a: Starmie|Psycho Cut|p2a: Aegislash\n|-activate|p2a: Aegislash|move: Protect\n|\n|-heal|p2a: Aegislash|38/100|[from] item: Leftovers\n|-damage|p1a: Starmie|33/100 psn|[from] psn\n|upkeep\n|turn|10\n|\n|t:|1776341084\n|move|p1a: Starmie|Aqua Jet|p2a: Aegislash\n|-damage|p2a: Aegislash|7/100\n|-formechange|p2a: Aegislash|Aegislash-Blade|\n|move|p2a: Aegislash|Shadow Sneak|p1a: Starmie\n|-supereffective|p1a: Starmie|1\n|-damage|p1a: Starmie|0 fnt\n|faint|p1a: Starmie\n|\n|-heal|p2a: Aegislash|13/100|[from] item: Leftovers\n|upkeep\n|-message|Jskim2437 forfeited.\n|\n|win|harald283\n|raw|Jskim2437's rating: 1141 &rarr; <strong>1111</strong><br />(-30 for losing)\n|raw|harald283's rating: 1072 &rarr; <strong>1107</strong><br />(+35 for winning)\n|l|\u2606Jskim2437\n|player|p1|\n",
  "uploadtime": 1776341096,
  "views": 7,
  "formatid": "gen9championsbssregma",
  "rating": 1107,
  "private": 0,
  "password": null
}