{
  "id": "gen9championsbssregma-2582616243",
  "format": "[Gen 9 Champions] BSS Reg M-A",
  "players": [
    "DarKnightPT",
    "z-pokemaster2000"
  ],
  "log": "|j|\u2606DarKnightPT\n|j|\u2606z-pokemaster2000\n|t:|1776102842\n|gametype|singles\n|player|p1|DarKnightPT|sabrina|\n|player|p2|z-pokemaster2000|1|\n|gen|9\n|tier|[Gen 9 Champions] BSS Reg M-A\n|rule|Species Clause: Limit one of each Pok\u00e9mon\n|rule|Item Clause: Limit 1 of each item\n|clearpoke\n|poke|p1|Banette, L50, F|\n|poke|p1|Primarina, L50, M|\n|poke|p1|Volcarona, L50, M|\n|poke|p1|Corviknight, L50, M|\n|poke|p1|Garchomp, L50, M|\n|poke|p1|Weavile, L50, F|\n|poke|p2|Charizard, L50, F|\n|poke|p2|Scizor, L50, M|\n|poke|p2|Conkeldurr, L50, M|\n|poke|p2|Clefable, L50, F|\n|poke|p2|Basculegion, L50, M|\n|poke|p2|Bellibolt, L50, M|\n|teampreview|3\n|\n|t:|1776102880\n|teamsize|p1|3\n|teamsize|p2|3\n|start\n|switch|p1a: Banette|Banette, L50, F|100/100\n|switch|p2a: Basculegion|Basculegion, L50, M|100/100\n|-item|p2a: Basculegion|Choice Scarf|[from] ability: Frisk|[of] p1a: Banette\n|turn|1\n|\n|t:|1776102899\n|switch|p2a: Black Flame|Charizard, L50, F, shiny|100/100\n|detailschange|p1a: Banette|Banette-Mega, L50, F\n|-mega|p1a: Banette|Banette|Banettite\n|move|p1a: Banette|Will-O-Wisp|p2a: Black Flame\n|-immune|p2a: Black Flame\n|\n|upkeep\n|turn|2\n|c|\u2606z-pokemaster2000|Knew it\n|\n|t:|1776102913\n|detailschange|p2a: Black Flame|Charizard-Mega-X, L50, F, shiny\n|-mega|p2a: Black Flame|Charizard|Charizardite X\n|move|p2a: Black Flame|Dragon Dance|p2a: Black Flame\n|-boost|p2a: Black Flame|atk|1\n|-boost|p2a: Black Flame|spe|1\n|move|p1a: Banette|Poltergeist|p2a: Black Flame\n|-activate|p2a: Black Flame|move: Poltergeist|Charizardite X\n|-damage|p2a: Black Flame|42/100\n|\n|upkeep\n|turn|3\n|\n|t:|1776102927\n|move|p1a: Banette|Encore|p2a: Black Flame\n|-start|p2a: Black Flame|Encore\n|move|p2a: Black Flame|Dragon Dance|p2a: Black Flame\n|-boost|p2a: Black Flame|atk|1\n|-boost|p2a: Black Flame|spe|1\n|\n|upkeep\n|turn|4\n|c|\u2606z-pokemaster2000|Oooood course it gets encore\n|\n|t:|1776102945\n|switch|p2a: Basculegion|Basculegion, L50, M|100/100\n|move|p1a: Banette|Poltergeist|p2a: Basculegion\n|-activate|p2a: Basculegion|move: Poltergeist|Choice Scarf\n|-supereffective|p2a: Basculegion|1\n|-crit|p2a: Basculegion\n|-damage|p2a: Basculegion|0 fnt\n|faint|p2a: Basculegion\n|\n|upkeep\n|\n|t:|1776102946\n|switch|p2a: Black Flame|Charizard-Mega-X, L50, F, shiny|42/100\n|turn|5\n|c|\u2606DarKnightPT|mega banette is criminally underrated\n|\n|t:|1776102955\n|move|p2a: Black Flame|Roost|p2a: Black Flame\n|-heal|p2a: Black Flame|92/100\n|-singleturn|p2a: Black Flame|move: Roost\n|move|p1a: Banette|Poltergeist|p2a: Black Flame\n|-activate|p2a: Black Flame|move: Poltergeist|Charizardite X\n|-damage|p2a: Black Flame|30/100\n|\n|upkeep\n|turn|6\n|\n|t:|1776102965\n|move|p1a: Banette|Encore|p2a: Black Flame\n|-start|p2a: Black Flame|Encore\n|move|p2a: Black Flame|Roost|p2a: Black Flame\n|-heal|p2a: Black Flame|80/100\n|-singleturn|p2a: Black Flame|move: Roost\n|\n|upkeep\n|turn|7\n|\n|t:|1776102968\n|switch|p1a: Primarina|Primarina, L50, M|100/100\n|move|p2a: Black Flame|Roost|p2a: Black Flame\n|-heal|p2a: Black Flame|100/100\n|-singleturn|p2a: Black Flame|move: Roost\n|\n|upkeep\n|turn|8\n|\n|t:|1776102973\n|move|p2a: Black Flame|Roost||[still]\n|-fail|p2a: Black Flame|heal\n|move|p1a: Primarina|Calm Mind|p1a: Primarina\n|-boost|p1a: Primarina|spa|1\n|-boost|p1a: Primarina|spd|1\n|\n|-end|p2a: Black Flame|Encore\n|upkeep\n|turn|9\n|\n|t:|1776102981\n|switch|p2a: Luna|Clefable, L50, F, shiny|100/100\n|move|p1a: Primarina|Moonblast|p2a: Luna\n|-damage|p2a: Luna|55/100\n|\n|-heal|p2a: Luna|61/100|[from] item: Leftovers\n|upkeep\n|turn|10\n|\n|t:|1776102988\n|move|p1a: Primarina|Psychic Noise|p2a: Luna\n|-damage|p2a: Luna|38/100\n|-start|p2a: Luna|move: Heal Block\n|cant|p2a: Luna|move: Heal Block|Moonlight\n|\n|upkeep\n|turn|11\n|c|\u2606z-pokemaster2000|Noooooo\n|\n|t:|1776103000\n|move|p1a: Primarina|Moonblast|p2a: Luna\n|-damage|p2a: Luna|0 fnt\n|faint|p2a: Luna\n|\n|upkeep\n|\n|t:|1776103002\n|switch|p2a: Black Flame|Charizard-Mega-X, L50, F, shiny|100/100\n|turn|12\n|\n|t:|1776103007\n|move|p2a: Black Flame|Dragon Dance|p2a: Black Flame\n|-boost|p2a: Black Flame|atk|1\n|-boost|p2a: Black Flame|spe|1\n|move|p1a: Primarina|Moonblast|p2a: Black Flame\n|-damage|p2a: Black Flame|22/100\n|\n|upkeep\n|turn|13\n|c|\u2606z-pokemaster2000|Yeah I just lose\n|\n|t:|1776103017\n|move|p2a: Black Flame|Temper Flare|p1a: Primarina\n|-resisted|p1a: Primarina|1\n|-damage|p1a: Primarina|68/100\n|move|p1a: Primarina|Moonblast|p2a: Black Flame\n|-damage|p2a: Black Flame|0 fnt\n|faint|p2a: Black Flame\n|\n|win|DarKnightPT\n|l|\u2606z-pokemaster2000\n|player|p2|\n",
  "uploadtime": 1776103027,
  "views": 2,
  "formatid": "gen9championsbssregma",
  "rating": null,
  "private": 0,
  "password": null
}