{
  "id": "gen9championsbssregma-2582623615",
  "format": "[Gen 9 Champions] BSS Reg M-A",
  "players": [
    "7/11 doughnuts",
    "mthunderson"
  ],
  "log": "|j|\u26067/11 doughnuts\n|j|\u2606mthunderson\n|t:|1776103303\n|gametype|singles\n|player|p1|7/11 doughnuts|101|1085\n|player|p2|mthunderson|2|1065\n|gen|9\n|tier|[Gen 9 Champions] BSS Reg M-A\n|rated|\n|rule|Species Clause: Limit one of each Pok\u00e9mon\n|rule|Item Clause: Limit 1 of each item\n|clearpoke\n|poke|p1|Espathra, L50, F|\n|poke|p1|Alakazam, L50, M|\n|poke|p1|Umbreon, L50, M|\n|poke|p2|Garchomp, L50, F|\n|poke|p2|Aegislash, L50, F|\n|poke|p2|Greninja-*, L50, M|\n|poke|p2|Floette-Eternal, L50, F|\n|poke|p2|Mamoswine, L50, F|\n|poke|p2|Charizard, L50, M|\n|teampreview|3\n|inactive|Battle timer is ON: inactive players will automatically lose when time's up. (requested by 7/11 doughnuts)\n|inactive|mthunderson has 60 seconds left.\n|\n|t:|1776103348\n|teamsize|p1|3\n|teamsize|p2|3\n|start\n|switch|p1a: Espathra|Espathra, L50, F|100/100\n|switch|p2a: Charizard|Charizard, L50, M|100/100\n|turn|1\n|\n|t:|1776103355\n|detailschange|p2a: Charizard|Charizard-Mega-X, L50, M\n|-mega|p2a: Charizard|Charizard|Charizardite X\n|move|p1a: Espathra|Substitute|p1a: Espathra\n|-start|p1a: Espathra|Substitute\n|-damage|p1a: Espathra|76/100\n|move|p2a: Charizard|Dragon Dance|p2a: Charizard\n|-boost|p2a: Charizard|atk|1\n|-boost|p2a: Charizard|spe|1\n|\n|-ability|p1a: Espathra|Speed Boost|boost\n|-boost|p1a: Espathra|spe|1\n|upkeep\n|turn|2\n|\n|t:|1776103364\n|move|p1a: Espathra|Protect|p1a: Espathra\n|-singleturn|p1a: Espathra|Protect\n|move|p2a: Charizard|Dragon Dance|p2a: Charizard\n|-boost|p2a: Charizard|atk|1\n|-boost|p2a: Charizard|spe|1\n|\n|-ability|p1a: Espathra|Speed Boost|boost\n|-boost|p1a: Espathra|spe|1\n|upkeep\n|turn|3\n|\n|t:|1776103367\n|move|p1a: Espathra|Calm Mind|p1a: Espathra\n|-boost|p1a: Espathra|spa|1\n|-boost|p1a: Espathra|spd|1\n|move|p2a: Charizard|Earthquake|p1a: Espathra\n|-end|p1a: Espathra|Substitute\n|\n|-ability|p1a: Espathra|Speed Boost|boost\n|-boost|p1a: Espathra|spe|1\n|upkeep\n|turn|4\n|\n|t:|1776103376\n|move|p1a: Espathra|Substitute|p1a: Espathra\n|-start|p1a: Espathra|Substitute\n|-damage|p1a: Espathra|51/100\n|move|p2a: Charizard|Dragon Dance|p2a: Charizard\n|-boost|p2a: Charizard|atk|1\n|-boost|p2a: Charizard|spe|1\n|\n|-ability|p1a: Espathra|Speed Boost|boost\n|-boost|p1a: Espathra|spe|1\n|upkeep\n|turn|5\n|\n|t:|1776103390\n|move|p1a: Espathra|Protect|p1a: Espathra\n|-singleturn|p1a: Espathra|Protect\n|move|p2a: Charizard|Earthquake|p1a: Espathra\n|-activate|p1a: Espathra|move: Protect\n|\n|-ability|p1a: Espathra|Speed Boost|boost\n|-boost|p1a: Espathra|spe|1\n|upkeep\n|turn|6\n|\n|t:|1776103394\n|move|p1a: Espathra|Baton Pass|p1a: Espathra\n|\n|t:|1776103396\n|switch|p1a: Alakazam|Alakazam, L50, M|100/100|[from] Baton Pass\n|move|p2a: Charizard|Earthquake|p1a: Alakazam\n|-end|p1a: Alakazam|Substitute\n|\n|upkeep\n|turn|7\n|\n|t:|1776103402\n|detailschange|p1a: Alakazam|Alakazam-Mega, L50, M\n|-mega|p1a: Alakazam|Alakazam|Alakazite\n|-ability|p1a: Alakazam|Tough Claws|Trace|[from] ability: Trace|[of] p2a: Charizard\n|move|p1a: Alakazam|Stored Power|p2a: Charizard\n|-damage|p2a: Charizard|0 fnt\n|faint|p2a: Charizard\n|\n|upkeep\n|\n|t:|1776103418\n|switch|p2a: Aegislash|Aegislash, L50, F|100/100\n|turn|8\n|\n|t:|1776103420\n|-formechange|p2a: Aegislash|Aegislash-Blade|\n|move|p2a: Aegislash|Shadow Sneak|p1a: Alakazam\n|-supereffective|p1a: Alakazam|1\n|-damage|p1a: Alakazam|0 fnt\n|faint|p1a: Alakazam\n|\n|upkeep\n|\n|t:|1776103425\n|switch|p1a: Umbreon|Umbreon, L50, M|100/100\n|turn|9\n|\n|t:|1776103436\n|-formechange|p2a: Aegislash|Aegislash|\n|move|p2a: Aegislash|King's Shield|p2a: Aegislash\n|-singleturn|p2a: Aegislash|Protect\n|move|p1a: Umbreon|Foul Play|p2a: Aegislash\n|-activate|p2a: Aegislash|move: Protect\n|-unboost|p1a: Umbreon|atk|1\n|\n|upkeep\n|turn|10\n|\n|t:|1776103442\n|move|p1a: Umbreon|Toxic|p2a: Aegislash\n|-immune|p2a: Aegislash\n|move|p2a: Aegislash|Swords Dance|p2a: Aegislash\n|-boost|p2a: Aegislash|atk|2\n|\n|upkeep\n|turn|11\n|\n|t:|1776103453\n|move|p1a: Umbreon|Foul Play|p2a: Aegislash\n|-supereffective|p2a: Aegislash|1\n|-damage|p2a: Aegislash|0 fnt\n|faint|p2a: Aegislash\n|\n|upkeep\n|\n|t:|1776103456\n|switch|p2a: Greninja|Greninja, L50, M|100/100\n|turn|12\n|\n|t:|1776103464\n|move|p2a: Greninja|Hydro Pump|p1a: Umbreon|[miss]\n|-start|p2a: Greninja|typechange|Water|[from] ability: Protean\n|-miss|p2a: Greninja|p1a: Umbreon\n|move|p1a: Umbreon|Toxic|p2a: Greninja\n|-status|p2a: Greninja|tox\n|\n|-damage|p2a: Greninja|94/100 tox|[from] psn\n|upkeep\n|turn|13\n|\n|t:|1776103467\n|move|p2a: Greninja|Hydro Pump|p1a: Umbreon|[miss]\n|-miss|p2a: Greninja|p1a: Umbreon\n|move|p1a: Umbreon|Wish|p1a: Umbreon\n|\n|-damage|p2a: Greninja|82/100 tox|[from] psn\n|upkeep\n|turn|14\n|-message|mthunderson forfeited.\n|\n|win|7/11 doughnuts\n|raw|7&#x2f;11 doughnuts's rating: 1085 &rarr; <strong>1111</strong><br />(+26 for winning)\n|raw|mthunderson's rating: 1065 &rarr; <strong>1046</strong><br />(-19 for losing)\n|l|\u2606mthunderson\n|player|p2|\n",
  "uploadtime": 1776103478,
  "views": 6,
  "formatid": "gen9championsbssregma",
  "rating": 1046,
  "private": 0,
  "password": null
}