{
  "id": "gen9championsbssregma-2582882689",
  "format": "[Gen 9 Champions] BSS Reg M-A",
  "players": [
    "Dr. Elite",
    "leanxi"
  ],
  "log": "|j|\u2606Dr. Elite\n|j|\u2606leanxi\n|t:|1776121767\n|gametype|singles\n|player|p1|Dr. Elite|#drelite|1183\n|player|p2|leanxi|102|1326\n|gen|9\n|tier|[Gen 9 Champions] BSS Reg M-A\n|rated|\n|rule|Species Clause: Limit one of each Pok\u00e9mon\n|rule|Item Clause: Limit 1 of each item\n|clearpoke\n|poke|p1|Alakazam, L50, M|\n|poke|p1|Gardevoir, L50, F|\n|poke|p1|Slowking-Galar, L50, M|\n|poke|p1|Hatterene, L50, F|\n|poke|p1|Slowbro, L50, M|\n|poke|p1|Gallade, L50, M|\n|poke|p2|Clefable, L50, F|\n|poke|p2|Corviknight, L50, M|\n|poke|p2|Skeledirge, L50, M|\n|poke|p2|Starmie, L50|\n|poke|p2|Goodra-Hisui, L50, M|\n|poke|p2|Kingambit, L50, M|\n|teampreview|3\n|l|\u2606Dr. Elite\n|player|p1|\n|j|\u2606Dr. Elite\n|player|p1|Dr. Elite|#drelite|\n|inactive|Battle timer is ON: inactive players will automatically lose when time's up. (requested by leanxi)\n|inactive|Dr. Elite has 60 seconds left.\n|\n|t:|1776121820\n|teamsize|p1|3\n|teamsize|p2|3\n|start\n|switch|p1a: Escitalopram|Gardevoir, L50, F, shiny|100/100\n|switch|p2a: Clefable|Clefable, L50, F, shiny|100/100\n|-ability|p1a: Escitalopram|Unaware|Trace|[from] ability: Trace|[of] p2a: Clefable\n|turn|1\n|\n|t:|1776121830\n|move|p1a: Escitalopram|Trick||[still]\n|-fail|p1a: Escitalopram\n|move|p2a: Clefable|Cosmic Power|p2a: Clefable\n|-boost|p2a: Clefable|def|1\n|-boost|p2a: Clefable|spd|1\n|\n|upkeep\n|turn|2\n|\n|t:|1776121846\n|switch|p1a: Lithium|Alakazam, L50, M|100/100\n|move|p2a: Clefable|Cosmic Power|p2a: Clefable\n|-boost|p2a: Clefable|def|1\n|-boost|p2a: Clefable|spd|1\n|\n|upkeep\n|turn|3\n|\n|t:|1776121854\n|move|p1a: Lithium|Thunder Wave|p2a: Clefable\n|-status|p2a: Clefable|par\n|move|p2a: Clefable|Cosmic Power|p2a: Clefable\n|-boost|p2a: Clefable|def|1\n|-boost|p2a: Clefable|spd|1\n|\n|upkeep\n|turn|4\n|\n|t:|1776121876\n|move|p1a: Lithium|Psychic|p2a: Clefable\n|-damage|p2a: Clefable|81/100 par\n|-unboost|p2a: Clefable|spd|1\n|move|p2a: Clefable|Cosmic Power|p2a: Clefable\n|-boost|p2a: Clefable|def|1\n|-boost|p2a: Clefable|spd|1\n|\n|upkeep\n|turn|5\n|\n|t:|1776121890\n|move|p1a: Lithium|Psychic|p2a: Clefable\n|-damage|p2a: Clefable|64/100 par\n|move|p2a: Clefable|Cosmic Power|p2a: Clefable\n|-boost|p2a: Clefable|def|1\n|-boost|p2a: Clefable|spd|1\n|\n|upkeep\n|turn|6\n|\n|t:|1776121897\n|move|p1a: Lithium|Psychic|p2a: Clefable\n|-damage|p2a: Clefable|48/100 par\n|move|p2a: Clefable|Moonlight|p2a: Clefable\n|-heal|p2a: Clefable|98/100 par\n|\n|upkeep\n|turn|7\n|\n|t:|1776121906\n|switch|p1a: Escitalopram|Gardevoir, L50, F, shiny|100/100\n|-ability|p1a: Escitalopram|Unaware|Trace|[from] ability: Trace|[of] p2a: Clefable\n|move|p2a: Clefable|Cosmic Power|p2a: Clefable\n|-boost|p2a: Clefable|def|1\n|-boost|p2a: Clefable|spd|1\n|\n|upkeep\n|turn|8\n|\n|t:|1776121915\n|move|p1a: Escitalopram|Memento|p2a: Clefable\n|-unboost|p2a: Clefable|atk|2\n|-unboost|p2a: Clefable|spa|2\n|faint|p1a: Escitalopram\n|move|p2a: Clefable|Stored Power|p1: Escitalopram|[notarget]\n|-fail|p2a: Clefable\n|\n|upkeep\n|\n|t:|1776121924\n|switch|p1a: Sertraline|Gallade, L50, M, shiny|100/100\n|turn|9\n|inactive|Dr. Elite has 30 seconds left.\n|\n|t:|1776121953\n|detailschange|p1a: Sertraline|Gallade-Mega, L50, M, shiny\n|-mega|p1a: Sertraline|Gallade|Galladite\n|move|p1a: Sertraline|Close Combat|p2a: Clefable\n|-resisted|p2a: Clefable|1\n|-damage|p2a: Clefable|90/100 par\n|-unboost|p1a: Sertraline|def|1\n|-unboost|p1a: Sertraline|spd|1\n|move|p2a: Clefable|Baton Pass|p2a: Clefable\n|\n|t:|1776121962\n|switch|p2a: Skeledirge|Skeledirge, L50, M, shiny|100/100|[from] Baton Pass\n|\n|upkeep\n|turn|10\n|\n|t:|1776121970\n|move|p1a: Sertraline|Swords Dance|p1a: Sertraline\n|-boost|p1a: Sertraline|atk|2\n|move|p2a: Skeledirge|Will-O-Wisp|p1a: Sertraline\n|-status|p1a: Sertraline|brn\n|\n|-damage|p1a: Sertraline|95/100 brn|[from] brn\n|upkeep\n|turn|11\n|\n|t:|1776121979\n|move|p1a: Sertraline|Swords Dance|p1a: Sertraline\n|-boost|p1a: Sertraline|atk|2\n|move|p2a: Skeledirge|Torch Song|p1a: Sertraline\n|-damage|p1a: Sertraline|81/100 brn\n|-boost|p2a: Skeledirge|spa|1\n|\n|-damage|p1a: Sertraline|75/100 brn|[from] brn\n|upkeep\n|turn|12\n|\n|t:|1776121989\n|move|p1a: Sertraline|Shadow Sneak|p2a: Skeledirge\n|-supereffective|p2a: Skeledirge|1\n|-damage|p2a: Skeledirge|96/100\n|move|p2a: Skeledirge|Torch Song|p1a: Sertraline\n|-damage|p1a: Sertraline|58/100 brn\n|-boost|p2a: Skeledirge|spa|1\n|\n|-damage|p1a: Sertraline|52/100 brn|[from] brn\n|upkeep\n|turn|13\n|\n|t:|1776121999\n|move|p1a: Sertraline|Knock Off|p2a: Skeledirge\n|-supereffective|p2a: Skeledirge|1\n|-damage|p2a: Skeledirge|88/100\n|-enditem|p2a: Skeledirge|Leppa Berry|[from] move: Knock Off|[of] p1a: Sertraline\n|move|p2a: Skeledirge|Torch Song|p1a: Sertraline\n|-damage|p1a: Sertraline|25/100 brn\n|-boost|p2a: Skeledirge|spa|1\n|\n|-damage|p1a: Sertraline|19/100 brn|[from] brn\n|upkeep\n|turn|14\n|j| p74\n|\n|t:|1776122010\n|move|p1a: Sertraline|Knock Off|p2a: Skeledirge\n|-supereffective|p2a: Skeledirge|1\n|-damage|p2a: Skeledirge|82/100\n|move|p2a: Skeledirge|Torch Song|p1a: Sertraline\n|-damage|p1a: Sertraline|0 fnt\n|-boost|p2a: Skeledirge|spa|1\n|faint|p1a: Sertraline\n|\n|upkeep\n|\n|t:|1776122012\n|switch|p1a: Lithium|Alakazam, L50, M|100/100\n|turn|15\n|\n|t:|1776122022\n|move|p1a: Lithium|Thunder Wave|p2a: Skeledirge\n|-status|p2a: Skeledirge|par\n|move|p2a: Skeledirge|Torch Song|p1a: Lithium\n|-damage|p1a: Lithium|19/100\n|-boost|p2a: Skeledirge|spa|1\n|\n|upkeep\n|turn|16\n|\n|t:|1776122030\n|move|p1a: Lithium|Shadow Ball|p2a: Skeledirge\n|-supereffective|p2a: Skeledirge|1\n|-damage|p2a: Skeledirge|67/100 par\n|move|p2a: Skeledirge|Torch Song|p1a: Lithium\n|-damage|p1a: Lithium|0 fnt\n|-boost|p2a: Skeledirge|spa|1\n|faint|p1a: Lithium\n|\n|win|leanxi\n|raw|Dr. Elite's rating: 1183 &rarr; <strong>1168</strong><br />(-15 for losing)\n|raw|leanxi's rating: 1326 &rarr; <strong>1338</strong><br />(+12 for winning)\n|l|\u2606leanxi\n|player|p2|\n",
  "uploadtime": 1776122041,
  "views": 4,
  "formatid": "gen9championsbssregma",
  "rating": 1168,
  "private": 0,
  "password": null
}