{
  "id": "gen9championsbssregma-2583567563",
  "format": "[Gen 9 Champions] BSS Reg M-A",
  "players": [
    "Hiraminu",
    "Ineedaonetype"
  ],
  "log": "|j|\u2606Hiraminu\n|j|\u2606Ineedaonetype\n|t:|1776183788\n|gametype|singles\n|player|p1|Hiraminu|101|1276\n|player|p2|Ineedaonetype|1|1433\n|gen|9\n|tier|[Gen 9 Champions] BSS Reg M-A\n|rated|\n|rule|Species Clause: Limit one of each Pok\u00e9mon\n|rule|Item Clause: Limit 1 of each item\n|clearpoke\n|poke|p1|Corviknight, L50, M|\n|poke|p1|Azumarill, L50, F|\n|poke|p1|Volcarona, L50, M|\n|poke|p1|Ampharos, L50, F|\n|poke|p1|Serperior, L50, F|\n|poke|p1|Mamoswine, L50, M|\n|poke|p2|Espathra, L50, F|\n|poke|p2|Corviknight, L50, M|\n|poke|p2|Primarina, L50, M|\n|poke|p2|Charizard, L50, M|\n|poke|p2|Archaludon, L50, M|\n|poke|p2|Dragapult, L50, M|\n|teampreview|3\n|inactive|Battle timer is ON: inactive players will automatically lose when time's up. (requested by Hiraminu)\n|\n|t:|1776183846\n|teamsize|p1|3\n|teamsize|p2|3\n|start\n|switch|p1a: Ampharos|Ampharos, L50, F|100/100\n|switch|p2a: Primarina|Primarina, L50, M|100/100\n|turn|1\n|\n|t:|1776183864\n|move|p2a: Primarina|Calm Mind|p2a: Primarina\n|-boost|p2a: Primarina|spa|1\n|-boost|p2a: Primarina|spd|1\n|move|p1a: Ampharos|Thunderbolt|p2a: Primarina\n|-supereffective|p2a: Primarina|1\n|-damage|p2a: Primarina|56/100\n|\n|-heal|p2a: Primarina|61/100|[from] item: Leftovers\n|upkeep\n|turn|2\n|\n|t:|1776183874\n|detailschange|p1a: Ampharos|Ampharos-Mega, L50, F\n|-mega|p1a: Ampharos|Ampharos|Ampharosite\n|-ability|p1a: Ampharos|Mold Breaker\n|move|p2a: Primarina|Draining Kiss|p1a: Ampharos\n|-supereffective|p1a: Ampharos|1\n|-damage|p1a: Ampharos|58/100\n|-heal|p2a: Primarina|95/100|[from] drain|[of] p1a: Ampharos\n|move|p1a: Ampharos|Volt Switch|p2a: Primarina\n|-supereffective|p2a: Primarina|1\n|-damage|p2a: Primarina|50/100\n|\n|t:|1776183895\n|switch|p1a: Mamoswine|Mamoswine, L50, M|100/100|[from] Volt Switch\n|\n|-heal|p2a: Primarina|56/100|[from] item: Leftovers\n|upkeep\n|turn|3\n|\n|t:|1776183905\n|move|p1a: Mamoswine|Earthquake|p2a: Primarina\n|-damage|p2a: Primarina|10/100\n|move|p2a: Primarina|Draining Kiss|p1a: Mamoswine\n|-damage|p1a: Mamoswine|55/100\n|-heal|p2a: Primarina|44/100|[from] drain|[of] p1a: Mamoswine\n|\n|-heal|p2a: Primarina|50/100|[from] item: Leftovers\n|upkeep\n|turn|4\n|\n|t:|1776183911\n|switch|p2a: Corviknight|Corviknight, L50, M|100/100\n|move|p1a: Mamoswine|Earthquake|p2a: Corviknight\n|-immune|p2a: Corviknight\n|\n|upkeep\n|turn|5\n|\n|t:|1776183921\n|switch|p1a: Ampharos|Ampharos-Mega, L50, F|58/100\n|-ability|p1a: Ampharos|Mold Breaker\n|move|p2a: Corviknight|Iron Defense|p2a: Corviknight\n|-boost|p2a: Corviknight|def|2\n|\n|upkeep\n|turn|6\n|\n|t:|1776183924\n|move|p2a: Corviknight|Body Press|p1a: Ampharos\n|-crit|p1a: Ampharos\n|-damage|p1a: Ampharos|3/100\n|move|p1a: Ampharos|Thunderbolt|p2a: Corviknight\n|-supereffective|p2a: Corviknight|1\n|-damage|p2a: Corviknight|13/100\n|\n|upkeep\n|turn|7\n|\n|t:|1776183933\n|move|p2a: Corviknight|Roost|p2a: Corviknight\n|-heal|p2a: Corviknight|63/100\n|-singleturn|p2a: Corviknight|move: Roost\n|move|p1a: Ampharos|Thunderbolt|p2a: Corviknight\n|-damage|p2a: Corviknight|23/100\n|\n|upkeep\n|turn|8\n|-activate|p2a: Corviknight|item: Quick Claw\n|\n|t:|1776183940\n|move|p2a: Corviknight|Roost|p2a: Corviknight\n|-heal|p2a: Corviknight|73/100\n|-singleturn|p2a: Corviknight|move: Roost\n|move|p1a: Ampharos|Focus Blast|p2a: Corviknight\n|-supereffective|p2a: Corviknight|1\n|-damage|p2a: Corviknight|0 fnt\n|faint|p2a: Corviknight\n|\n|upkeep\n|\n|t:|1776183950\n|switch|p2a: Primarina|Primarina, L50, M|50/100\n|turn|9\n|\n|t:|1776183955\n|move|p2a: Primarina|Draining Kiss|p1a: Ampharos\n|-supereffective|p1a: Ampharos|1\n|-damage|p1a: Ampharos|0 fnt\n|-heal|p2a: Primarina|51/100|[from] drain|[of] p1a: Ampharos\n|faint|p1a: Ampharos\n|\n|-heal|p2a: Primarina|57/100|[from] item: Leftovers\n|upkeep\n|\n|t:|1776183958\n|switch|p1a: Mamoswine|Mamoswine, L50, M|55/100\n|turn|10\n|\n|t:|1776183980\n|move|p1a: Mamoswine|Earthquake|p2a: Primarina\n|-damage|p2a: Primarina|13/100\n|move|p2a: Primarina|Hyper Voice|p1a: Mamoswine\n|-supereffective|p1a: Mamoswine|1\n|-damage|p1a: Mamoswine|0 fnt\n|faint|p1a: Mamoswine\n|\n|-heal|p2a: Primarina|19/100|[from] item: Leftovers\n|upkeep\n|\n|t:|1776183985\n|switch|p1a: Azumarill|Azumarill, L50, F, shiny|100/100\n|turn|11\n|\n|t:|1776183998\n|move|p2a: Primarina|Draining Kiss|p1a: Azumarill\n|-damage|p1a: Azumarill|84/100\n|-heal|p2a: Primarina|33/100|[from] drain|[of] p1a: Azumarill\n|move|p1a: Azumarill|Whirlpool|p2a: Primarina\n|-resisted|p2a: Primarina|1\n|-damage|p2a: Primarina|29/100\n|-activate|p2a: Primarina|move: Whirlpool|[of] p1a: Azumarill\n|\n|-heal|p2a: Primarina|35/100|[from] item: Leftovers\n|-heal|p1a: Azumarill|90/100|[from] item: Leftovers\n|-damage|p2a: Primarina|23/100|[from] move: Whirlpool|[partiallytrapped]\n|upkeep\n|turn|12\n|\n|t:|1776184008\n|move|p1a: Azumarill|Protect|p1a: Azumarill\n|-singleturn|p1a: Azumarill|Protect\n|move|p2a: Primarina|Encore|p1a: Azumarill\n|-activate|p1a: Azumarill|move: Protect\n|\n|-heal|p2a: Primarina|29/100|[from] item: Leftovers\n|-heal|p1a: Azumarill|96/100|[from] item: Leftovers\n|-damage|p2a: Primarina|17/100|[from] move: Whirlpool|[partiallytrapped]\n|upkeep\n|turn|13\n|\n|t:|1776184027\n|move|p2a: Primarina|Draining Kiss|p1a: Azumarill\n|-damage|p1a: Azumarill|79/100\n|-heal|p2a: Primarina|30/100|[from] drain|[of] p1a: Azumarill\n|move|p1a: Azumarill|Whirlpool|p2a: Primarina\n|-resisted|p2a: Primarina|1\n|-damage|p2a: Primarina|27/100\n|\n|-heal|p2a: Primarina|33/100|[from] item: Leftovers\n|-heal|p1a: Azumarill|85/100|[from] item: Leftovers\n|-damage|p2a: Primarina|20/100|[from] move: Whirlpool|[partiallytrapped]\n|upkeep\n|turn|14\n|\n|t:|1776184043\n|move|p1a: Azumarill|Protect|p1a: Azumarill\n|-singleturn|p1a: Azumarill|Protect\n|move|p2a: Primarina|Draining Kiss|p1a: Azumarill\n|-activate|p1a: Azumarill|move: Protect\n|\n|-heal|p2a: Primarina|26/100|[from] item: Leftovers\n|-heal|p1a: Azumarill|91/100|[from] item: Leftovers\n|-damage|p2a: Primarina|14/100|[from] move: Whirlpool|[partiallytrapped]\n|upkeep\n|turn|15\n|\n|t:|1776184048\n|move|p2a: Primarina|Encore|p1a: Azumarill\n|-start|p1a: Azumarill|Encore\n|move|p1a: Azumarill|Protect||[still]\n|-fail|p1a: Azumarill\n|\n|-heal|p2a: Primarina|20/100|[from] item: Leftovers\n|-heal|p1a: Azumarill|97/100|[from] item: Leftovers\n|-damage|p2a: Primarina|7/100|[from] move: Whirlpool|[partiallytrapped]\n|upkeep\n|turn|16\n|\n|t:|1776184058\n|move|p1a: Azumarill|Protect|p1a: Azumarill\n|-singleturn|p1a: Azumarill|Protect\n|move|p2a: Primarina|Calm Mind|p2a: Primarina\n|-boost|p2a: Primarina|spa|1\n|-boost|p2a: Primarina|spd|1\n|\n|-heal|p2a: Primarina|13/100|[from] item: Leftovers\n|-heal|p1a: Azumarill|100/100|[from] item: Leftovers\n|-end|p2a: Primarina|Whirlpool|[partiallytrapped]\n|upkeep\n|turn|17\n|\n|t:|1776184061\n|move|p1a: Azumarill|Protect||[still]\n|-fail|p1a: Azumarill\n|move|p2a: Primarina|Draining Kiss|p1a: Azumarill\n|-damage|p1a: Azumarill|77/100\n|-heal|p2a: Primarina|33/100|[from] drain|[of] p1a: Azumarill\n|\n|-heal|p2a: Primarina|39/100|[from] item: Leftovers\n|-heal|p1a: Azumarill|83/100|[from] item: Leftovers\n|-end|p1a: Azumarill|Encore\n|upkeep\n|turn|18\n|-message|Hiraminu forfeited.\n|\n|win|Ineedaonetype\n|raw|Hiraminu's rating: 1276 &rarr; <strong>1262</strong><br />(-14 for losing)\n|raw|Ineedaonetype's rating: 1433 &rarr; <strong>1445</strong><br />(+12 for winning)\n|l|\u2606Hiraminu\n|player|p1|\n",
  "uploadtime": 1776184091,
  "views": 8,
  "formatid": "gen9championsbssregma",
  "rating": 1262,
  "private": 0,
  "password": null
}