{
  "id": "gen9championsbssregma-2585045638",
  "format": "[Gen 9 Champions] BSS Reg M-A",
  "players": [
    "Padden",
    "Mob777"
  ],
  "log": "|j|\u2606Padden\n|j|\u2606Mob777\n|t:|1776306353\n|gametype|singles\n|player|p1|Padden|pokemonbreederf-gen4|1040\n|player|p2|Mob777|n|1082\n|gen|9\n|tier|[Gen 9 Champions] BSS Reg M-A\n|rated|\n|rule|Species Clause: Limit one of each Pok\u00e9mon\n|rule|Item Clause: Limit 1 of each item\n|clearpoke\n|poke|p1|Kingambit, L50, M|\n|poke|p1|Sneasler, L50, F|\n|poke|p1|Basculegion, L50, M|\n|poke|p1|Scizor, L50, M|\n|poke|p1|Floette-Eternal, L50, F|\n|poke|p1|Espathra, L50, F|\n|poke|p2|Charizard, L50, F|\n|poke|p2|Gyarados, L50, F|\n|poke|p2|Glimmora, L50, M|\n|poke|p2|Excadrill, L50, F|\n|poke|p2|Espathra, L50, F|\n|poke|p2|Meowscarada, L50, M|\n|teampreview|3\n|inactive|Battle timer is ON: inactive players will automatically lose when time's up. (requested by Padden)\n|\n|t:|1776306370\n|teamsize|p1|3\n|teamsize|p2|3\n|start\n|switch|p1a: Gods right h|Scizor, L50, M|100/100\n|switch|p2a: Glimmora|Glimmora, L50, M|100/100\n|turn|1\n|\n|t:|1776306382\n|detailschange|p1a: Gods right h|Scizor-Mega, L50, M\n|-mega|p1a: Gods right h|Scizor|Scizorite\n|move|p2a: Glimmora|Stealth Rock|p1a: Gods right h\n|-sidestart|p1: Padden|move: Stealth Rock\n|move|p1a: Gods right h|Iron Defense|p1a: Gods right h\n|-boost|p1a: Gods right h|def|2\n|\n|upkeep\n|turn|2\n|\n|t:|1776306395\n|move|p2a: Glimmora|Spikes|p1a: Gods right h\n|-sidestart|p1: Padden|Spikes\n|move|p1a: Gods right h|Iron Defense|p1a: Gods right h\n|-boost|p1a: Gods right h|def|2\n|\n|upkeep\n|turn|3\n|\n|t:|1776306400\n|switch|p2a: Excadrill|Excadrill, L50, F|100/100\n|move|p1a: Gods right h|Swords Dance|p1a: Gods right h\n|-boost|p1a: Gods right h|atk|2\n|\n|upkeep\n|turn|4\n|\n|t:|1776306405\n|detailschange|p2a: Excadrill|Excadrill-Mega, L50, F\n|-mega|p2a: Excadrill|Excadrill|Excadrite\n|move|p1a: Gods right h|Bullet Punch|p2a: Excadrill\n|-resisted|p2a: Excadrill|1\n|-damage|p2a: Excadrill|74/100\n|move|p2a: Excadrill|Swords Dance|p2a: Excadrill\n|-boost|p2a: Excadrill|atk|2\n|\n|upkeep\n|turn|5\n|\n|t:|1776306424\n|move|p2a: Excadrill|Earthquake|p1a: Gods right h\n|-damage|p1a: Gods right h|71/100\n|move|p1a: Gods right h|Iron Defense|p1a: Gods right h\n|-boost|p1a: Gods right h|def|2\n|\n|upkeep\n|turn|6\n|\n|t:|1776306430\n|move|p2a: Excadrill|Swords Dance|p2a: Excadrill\n|-boost|p2a: Excadrill|atk|2\n|move|p1a: Gods right h|Swords Dance|p1a: Gods right h\n|-boost|p1a: Gods right h|atk|2\n|\n|upkeep\n|turn|7\n|\n|t:|1776306435\n|move|p2a: Excadrill|Earthquake|p1a: Gods right h\n|-damage|p1a: Gods right h|35/100\n|move|p1a: Gods right h|Baton Pass|p1a: Gods right h\n|\n|t:|1776306440\n|switch|p1a: Gods left h|Espathra, L50, F|100/100|[from] Baton Pass\n|-damage|p1a: Gods left h|88/100|[from] Stealth Rock\n|-damage|p1a: Gods left h|76/100|[from] Spikes\n|\n|upkeep\n|turn|8\n|\n|t:|1776306452\n|move|p1a: Gods left h|Protect|p1a: Gods left h\n|-singleturn|p1a: Gods left h|Protect\n|move|p2a: Excadrill|Earthquake|p1a: Gods left h\n|-activate|p1a: Gods left h|move: Protect\n|\n|-ability|p1a: Gods left h|Speed Boost|boost\n|-boost|p1a: Gods left h|spe|1\n|upkeep\n|turn|9\n|\n|t:|1776306465\n|move|p1a: Gods left h|Stored Power|p2a: Excadrill\n|-resisted|p2a: Excadrill|1\n|-damage|p2a: Excadrill|0 fnt\n|faint|p2a: Excadrill\n|\n|-ability|p1a: Gods left h|Speed Boost|boost\n|-boost|p1a: Gods left h|spe|1\n|upkeep\n|\n|t:|1776306469\n|switch|p2a: Glimmora|Glimmora, L50, M|100/100\n|turn|10\n|\n|t:|1776306477\n|move|p1a: Gods left h|Calm Mind|p1a: Gods left h\n|-boost|p1a: Gods left h|spa|1\n|-boost|p1a: Gods left h|spd|1\n|move|p2a: Glimmora|Venoshock|p1a: Gods left h\n|-damage|p1a: Gods left h|52/100\n|\n|-ability|p1a: Gods left h|Speed Boost|boost\n|-boost|p1a: Gods left h|spe|1\n|upkeep\n|turn|11\n|\n|t:|1776306480\n|move|p1a: Gods left h|Calm Mind|p1a: Gods left h\n|-boost|p1a: Gods left h|spa|1\n|-boost|p1a: Gods left h|spd|1\n|move|p2a: Glimmora|Venoshock|p1a: Gods left h\n|-damage|p1a: Gods left h|33/100\n|\n|-ability|p1a: Gods left h|Speed Boost|boost\n|-boost|p1a: Gods left h|spe|1\n|upkeep\n|turn|12\n|\n|t:|1776306482\n|move|p1a: Gods left h|Protect|p1a: Gods left h\n|-singleturn|p1a: Gods left h|Protect\n|move|p2a: Glimmora|Venoshock|p1a: Gods left h\n|-activate|p1a: Gods left h|move: Protect\n|\n|-ability|p1a: Gods left h|Speed Boost|boost\n|-boost|p1a: Gods left h|spe|1\n|upkeep\n|turn|13\n|\n|t:|1776306488\n|move|p1a: Gods left h|Baton Pass|p1a: Gods left h\n|\n|t:|1776306490\n|switch|p1a: GOD.|Kingambit, L50, M|100/100|[from] Baton Pass\n|-damage|p1a: GOD.|95/100|[from] Stealth Rock\n|-damage|p1a: GOD.|83/100|[from] Spikes\n|move|p2a: Glimmora|Venoshock|p1a: GOD.\n|-immune|p1a: GOD.\n|\n|upkeep\n|turn|14\n|-message|Mob777 forfeited.\n|\n|win|Padden\n|raw|Padden's rating: 1040 &rarr; <strong>1078</strong><br />(+38 for winning)\n|raw|Mob777's rating: 1082 &rarr; <strong>1057</strong><br />(-25 for losing)\n|l|\u2606Mob777\n|player|p2|\n",
  "uploadtime": 1776306521,
  "views": 16,
  "formatid": "gen9championsbssregma",
  "rating": 1057,
  "private": 0,
  "password": null
}