{
  "id": "gen9championsbssregma-2582018455",
  "format": "[Gen 9 Champions] BSS Reg M-A",
  "players": [
    "Sr vaka",
    "w8tahh"
  ],
  "log": "|j|\u2606Sr vaka\n|j|\u2606w8tahh\n|t:|1776048835\n|gametype|singles\n|player|p1|Sr vaka|depotagent|1140\n|player|p2|w8tahh|1|1292\n|gen|9\n|tier|[Gen 9 Champions] BSS Reg M-A\n|rated|\n|rule|Species Clause: Limit one of each Pok\u00e9mon\n|rule|Item Clause: Limit 1 of each item\n|clearpoke\n|poke|p1|Starmie, L50|\n|poke|p1|Pelipper, L50, M|\n|poke|p1|Pikachu, L50, M|\n|poke|p1|Raichu, L50, M|\n|poke|p2|Meganium, L50, M|\n|poke|p2|Kingambit, L50, F|\n|poke|p2|Garchomp, L50, M|\n|poke|p2|Slowking-Galar, L50, M|\n|poke|p2|Primarina, L50, F|\n|poke|p2|Corviknight, L50, M|\n|teampreview|3\n|inactive|Battle timer is ON: inactive players will automatically lose when time's up. (requested by w8tahh)\n|inactive|w8tahh has 60 seconds left.\n|\n|t:|1776048868\n|teamsize|p1|3\n|teamsize|p2|3\n|start\n|switch|p1a: Felipe|Pelipper, L50, M, shiny|100/100\n|switch|p2a: Kingambit|Kingambit, L50, F|100/100\n|-weather|RainDance|[from] ability: Drizzle|[of] p1a: Felipe\n|turn|1\n|\n|t:|1776048878\n|move|p1a: Felipe|Weather Ball|p2a: Kingambit\n|-damage|p2a: Kingambit|43/100\n|move|p2a: Kingambit|Kowtow Cleave|p1a: Felipe\n|-damage|p1a: Felipe|31/100\n|\n|-weather|RainDance|[upkeep]\n|upkeep\n|turn|2\n|\n|t:|1776048886\n|move|p2a: Kingambit|Sucker Punch|p1a: Felipe\n|-damage|p1a: Felipe|0 fnt\n|faint|p1a: Felipe\n|\n|-weather|RainDance|[upkeep]\n|upkeep\n|\n|t:|1776048888\n|switch|p1a: Ginyu|Starmie, L50|100/100\n|turn|3\n|\n|t:|1776048892\n|detailschange|p1a: Ginyu|Starmie-Mega, L50\n|-mega|p1a: Ginyu|Starmie|Starminite\n|move|p1a: Ginyu|Aqua Jet|p2a: Kingambit\n|-damage|p2a: Kingambit|11/100\n|move|p2a: Kingambit|Sucker Punch||[still]\n|-fail|p2a: Kingambit\n|\n|-weather|RainDance|[upkeep]\n|upkeep\n|turn|4\n|\n|t:|1776048902\n|switch|p2a: Slowking|Slowking-Galar, L50, M|100/100\n|move|p1a: Ginyu|Aqua Jet|p2a: Slowking\n|-damage|p2a: Slowking|50/100\n|\n|-weather|RainDance|[upkeep]\n|upkeep\n|turn|5\n|\n|t:|1776048907\n|move|p1a: Ginyu|Aqua Jet|p2a: Slowking\n|-damage|p2a: Slowking|0 fnt\n|faint|p2a: Slowking\n|\n|-weather|none\n|upkeep\n|\n|t:|1776048908\n|switch|p2a: Meganium|Meganium, L50, M|100/100\n|turn|6\n|\n|t:|1776048911\n|detailschange|p2a: Meganium|Meganium-Mega, L50, M\n|-mega|p2a: Meganium|Meganium|Meganiumite\n|move|p1a: Ginyu|Ice Spinner|p2a: Meganium\n|-supereffective|p2a: Meganium|1\n|-damage|p2a: Meganium|36/100\n|move|p2a: Meganium|Solar Beam||[still]\n|-prepare|p2a: Meganium|Solar Beam\n|-activate|p2a: Meganium|ability: Mega Sol\n|-anim|p2a: Meganium|Solar Beam|p1a: Ginyu\n|-supereffective|p1a: Ginyu|1\n|-damage|p1a: Ginyu|0 fnt\n|faint|p1a: Ginyu\n|\n|upkeep\n|\n|t:|1776048921\n|switch|p1a: Ratakuki2|Raichu, L50, M, shiny|100/100\n|turn|7\n|\n|t:|1776048928\n|move|p1a: Ratakuki2|Thunder|p2a: Meganium\n|-resisted|p2a: Meganium|1\n|-damage|p2a: Meganium|19/100\n|move|p2a: Meganium|Earth Power|p1a: Ratakuki2\n|-supereffective|p1a: Ratakuki2|1\n|-enditem|p1a: Ratakuki2|Focus Sash\n|-damage|p1a: Ratakuki2|1/100\n|\n|upkeep\n|turn|8\n|\n|t:|1776048935\n|move|p1a: Ratakuki2|Thunder|p2a: Meganium\n|-resisted|p2a: Meganium|1\n|-damage|p2a: Meganium|0 fnt\n|faint|p2a: Meganium\n|\n|upkeep\n|\n|t:|1776048937\n|switch|p2a: Kingambit|Kingambit, L50, F|11/100\n|turn|9\n|\n|t:|1776048940\n|move|p2a: Kingambit|Sucker Punch|p1a: Ratakuki2\n|-damage|p1a: Ratakuki2|0 fnt\n|-status|p2a: Kingambit|par|[from] ability: Static|[of] p1a: Ratakuki2\n|-enditem|p2a: Kingambit|Lum Berry|[eat]\n|-curestatus|p2a: Kingambit|par|[msg]\n|faint|p1a: Ratakuki2\n|\n|win|w8tahh\n|raw|Sr vaka's rating: 1140 &rarr; <strong>1125</strong><br />(-15 for losing)\n|raw|w8tahh's rating: 1292 &rarr; <strong>1307</strong><br />(+15 for winning)\n|l|\u2606w8tahh\n|player|p2|\n",
  "uploadtime": 1776048945,
  "views": 5,
  "formatid": "gen9championsbssregma",
  "rating": 1125,
  "private": 0,
  "password": null
}