{
  "id": "gen9championsbssregma-2582397835",
  "format": "[Gen 9 Champions] BSS Reg M-A",
  "players": [
    "deepseazapdos",
    "Nastralll"
  ],
  "log": "|j|\u2606deepseazapdos\n|j|\u2606Nastralll\n|t:|1776089022\n|gametype|singles\n|player|p1|deepseazapdos|nate|1129\n|player|p2|Nastralll|hiker-gen4|1087\n|gen|9\n|tier|[Gen 9 Champions] BSS Reg M-A\n|rated|\n|rule|Species Clause: Limit one of each Pok\u00e9mon\n|rule|Item Clause: Limit 1 of each item\n|clearpoke\n|poke|p1|Meowscarada, L50, M|\n|poke|p1|Gengar, L50, F|\n|poke|p1|Ditto, L50|\n|poke|p1|Lopunny, L50, F|\n|poke|p1|Primarina, L50, F|\n|poke|p1|Bellibolt, L50, F|\n|poke|p2|Sneasler, L50, F|\n|poke|p2|Charizard, L50, F|\n|poke|p2|Dragonite, L50, F|\n|poke|p2|Alakazam, L50, M|\n|poke|p2|Samurott-Hisui, L50, M|\n|poke|p2|Aegislash, L50, F|\n|teampreview|3\n|\n|t:|1776089059\n|teamsize|p1|3\n|teamsize|p2|3\n|start\n|switch|p1a: Bellibolt|Bellibolt, L50, F|100/100\n|switch|p2a: Samurott|Samurott-Hisui, L50, M, shiny|100/100\n|turn|1\n|\n|t:|1776089064\n|move|p2a: Samurott|Flip Turn|p1a: Bellibolt\n|-damage|p1a: Bellibolt|75/100\n|-start|p1a: Bellibolt|Charge|Flip Turn|[from] ability: Electromorphosis\n|inactive|Battle timer is ON: inactive players will automatically lose when time's up. (requested by Nastralll)\n|\n|t:|1776089071\n|switch|p2a: Sneasler|Sneasler, L50, F|100/100|[from] Flip Turn\n|move|p1a: Bellibolt|Parabolic Charge|p2a: Sneasler\n|-damage|p2a: Sneasler|35/100\n|-heal|p1a: Bellibolt|99/100|[from] drain|[of] p2a: Sneasler\n|-end|p1a: Bellibolt|Charge|[silent]\n|\n|-heal|p1a: Bellibolt|100/100|[from] item: Leftovers\n|upkeep\n|turn|2\n|inactive|deepseazapdos has 30 seconds left.\n|\n|t:|1776089096\n|move|p2a: Sneasler|Dire Claw|p1a: Bellibolt\n|-damage|p1a: Bellibolt|64/100\n|-status|p1a: Bellibolt|psn\n|-start|p1a: Bellibolt|Charge|Dire Claw|[from] ability: Electromorphosis\n|move|p1a: Bellibolt|Volt Switch|p2a: Sneasler\n|-damage|p2a: Sneasler|0 fnt\n|faint|p2a: Sneasler\n|-end|p1a: Bellibolt|Charge|[silent]\n|\n|t:|1776089109\n|switch|p1a: Primarina|Primarina, L50, F|100/100|[from] Volt Switch\n|\n|upkeep\n|\n|t:|1776089115\n|switch|p2a: Charizard|Charizard, L50, F|100/100\n|turn|3\n|\n|t:|1776089132\n|detailschange|p2a: Charizard|Charizard-Mega-Y, L50, F\n|-mega|p2a: Charizard|Charizard|Charizardite Y\n|-weather|SunnyDay|[from] ability: Drought|[of] p2a: Charizard\n|move|p2a: Charizard|Solar Beam||[still]\n|-prepare|p2a: Charizard|Solar Beam\n|-anim|p2a: Charizard|Solar Beam|p1a: Primarina\n|-supereffective|p1a: Primarina|1\n|-damage|p1a: Primarina|20/100\n|-enditem|p1a: Primarina|Sitrus Berry|[eat]\n|-heal|p1a: Primarina|45/100|[from] item: Sitrus Berry\n|move|p1a: Primarina|Sparkling Aria|p2a: Charizard\n|-supereffective|p2a: Charizard|1\n|-damage|p2a: Charizard|60/100\n|\n|-weather|SunnyDay|[upkeep]\n|upkeep\n|turn|4\n|\n|t:|1776089147\n|move|p1a: Primarina|Aqua Jet|p2a: Charizard\n|-supereffective|p2a: Charizard|1\n|-damage|p2a: Charizard|45/100\n|move|p2a: Charizard|Solar Beam||[still]\n|-prepare|p2a: Charizard|Solar Beam\n|-anim|p2a: Charizard|Solar Beam|p1a: Primarina\n|-supereffective|p1a: Primarina|1\n|-damage|p1a: Primarina|0 fnt\n|faint|p1a: Primarina\n|\n|-weather|SunnyDay|[upkeep]\n|upkeep\n|\n|t:|1776089149\n|switch|p1a: Gengar|Gengar, L50, F|100/100\n|turn|5\n|\n|t:|1776089159\n|switch|p2a: Samurott|Samurott-Hisui, L50, M, shiny|100/100\n|detailschange|p1a: Gengar|Gengar-Mega, L50, F\n|-mega|p1a: Gengar|Gengar|Gengarite\n|move|p1a: Gengar|Sludge Bomb|p2a: Samurott\n|-damage|p2a: Samurott|15/100\n|\n|-weather|SunnyDay|[upkeep]\n|upkeep\n|turn|6\n|\n|t:|1776089166\n|move|p2a: Samurott|Sucker Punch||[still]\n|-fail|p2a: Samurott\n|move|p1a: Gengar|Substitute|p1a: Gengar\n|-start|p1a: Gengar|Substitute\n|-damage|p1a: Gengar|76/100\n|\n|-weather|SunnyDay|[upkeep]\n|upkeep\n|turn|7\n|\n|t:|1776089173\n|move|p2a: Samurott|Sucker Punch|p1a: Gengar\n|-supereffective|p1a: Gengar|1\n|-end|p1a: Gengar|Substitute\n|move|p1a: Gengar|Sludge Bomb|p2a: Samurott\n|-damage|p2a: Samurott|0 fnt\n|faint|p2a: Samurott\n|\n|-weather|none\n|upkeep\n|\n|t:|1776089178\n|switch|p2a: Charizard|Charizard-Mega-Y, L50, F|45/100\n|-weather|SunnyDay|[from] ability: Drought|[of] p2a: Charizard\n|turn|8\n|\n|t:|1776089182\n|move|p1a: Gengar|Sludge Bomb|p2a: Charizard\n|-damage|p2a: Charizard|0 fnt\n|faint|p2a: Charizard\n|\n|win|deepseazapdos\n|raw|deepseazapdos's rating: 1129 &rarr; <strong>1151</strong><br />(+22 for winning)\n|raw|Nastralll's rating: 1087 &rarr; <strong>1067</strong><br />(-20 for losing)\n",
  "uploadtime": 1776089184,
  "views": 25,
  "formatid": "gen9championsbssregma",
  "rating": 1067,
  "private": 0,
  "password": null
}