{
  "id": "gen9championsbssregma-2584527748",
  "format": "[Gen 9 Champions] BSS Reg M-A",
  "players": [
    "ja3jja272_",
    "asdsasdaad"
  ],
  "log": "|j|\u2606ja3jja272_\n|j|\u2606asdsasdaad\n|t:|1776266730\n|gametype|singles\n|player|p1|ja3jja272_|roughneck|1111\n|player|p2|asdsasdaad|1|1018\n|gen|9\n|tier|[Gen 9 Champions] BSS Reg M-A\n|rated|\n|rule|Species Clause: Limit one of each Pok\u00e9mon\n|rule|Item Clause: Limit 1 of each item\n|clearpoke\n|poke|p1|Kingambit, L50, M|\n|poke|p1|Primarina, L50, F|\n|poke|p1|Palafin, L50, F|\n|poke|p1|Scizor, L50, M|\n|poke|p1|Meganium, L50, M|\n|poke|p1|Garchomp, L50, M|\n|poke|p2|Absol, L50, F|\n|poke|p2|Gyarados, L50, M|\n|poke|p2|Garchomp, L50, F|\n|poke|p2|Serperior, L50, F|\n|poke|p2|Floette-Eternal, L50, F|\n|poke|p2|Aegislash, L50, F|\n|teampreview|3\n|\n|t:|1776266769\n|teamsize|p1|3\n|teamsize|p2|3\n|start\n|switch|p1a: Primarina|Primarina, L50, F|100/100\n|switch|p2a: Floette|Floette-Eternal, L50, F|100/100\n|turn|1\n|inactive|Battle timer is ON: inactive players will automatically lose when time's up. (requested by asdsasdaad)\n|\n|t:|1776266779\n|detailschange|p2a: Floette|Floette-Mega, L50, F\n|-mega|p2a: Floette|Floette|Floettite\n|-ability|p2a: Floette|Fairy Aura\n|move|p2a: Floette|Calm Mind|p2a: Floette\n|-boost|p2a: Floette|spa|1\n|-boost|p2a: Floette|spd|1\n|move|p1a: Primarina|Substitute|p1a: Primarina\n|-start|p1a: Primarina|Substitute\n|-damage|p1a: Primarina|76/100\n|\n|upkeep\n|turn|2\n|\n|t:|1776266792\n|move|p2a: Floette|Moonblast|p1a: Primarina\n|-end|p1a: Primarina|Substitute\n|move|p1a: Primarina|Moonblast|p2a: Floette\n|-damage|p2a: Floette|65/100\n|\n|upkeep\n|turn|3\n|\n|t:|1776266812\n|switch|p1a: Scizor|Scizor, L50, M, shiny|100/100\n|move|p2a: Floette|Moonblast|p1a: Scizor\n|-resisted|p1a: Scizor|1\n|-damage|p1a: Scizor|31/100\n|\n|upkeep\n|turn|4\n|\n|t:|1776266820\n|switch|p2a: Gyarados|Gyarados, L50, M|100/100\n|-ability|p2a: Gyarados|Intimidate|boost\n|-unboost|p1a: Scizor|atk|1\n|detailschange|p1a: Scizor|Scizor-Mega, L50, M, shiny\n|-mega|p1a: Scizor|Scizor|Scizorite\n|move|p1a: Scizor|Bullet Punch|p2a: Gyarados\n|-resisted|p2a: Gyarados|1\n|-damage|p2a: Gyarados|91/100\n|\n|upkeep\n|turn|5\n|\n|t:|1776266832\n|switch|p1a: Primarina|Primarina, L50, F|76/100\n|move|p2a: Gyarados|Thunder Wave|p1a: Primarina\n|-status|p1a: Primarina|par\n|\n|upkeep\n|turn|6\n|\n|t:|1776266851\n|switch|p2a: Floette|Floette-Mega, L50, F|65/100\n|-ability|p2a: Floette|Fairy Aura\n|move|p1a: Primarina|Moonblast|p2a: Floette\n|-damage|p2a: Floette|16/100\n|\n|upkeep\n|turn|7\n|\n|t:|1776266873\n|switch|p1a: Scizor|Scizor-Mega, L50, M, shiny|31/100\n|move|p2a: Floette|Moonblast|p1a: Scizor\n|-resisted|p1a: Scizor|1\n|-damage|p1a: Scizor|0 fnt\n|faint|p1a: Scizor\n|\n|upkeep\n|\n|t:|1776266889\n|switch|p1a: Garchomp|Garchomp, L50, M|100/100\n|turn|8\n|\n|t:|1776266898\n|move|p1a: Garchomp|Poison Jab|p2a: Floette\n|-supereffective|p2a: Floette|1\n|-damage|p2a: Floette|0 fnt\n|faint|p2a: Floette\n|\n|upkeep\n|\n|t:|1776266907\n|switch|p2a: Garchomp|Garchomp, L50, F|100/100\n|turn|9\n|\n|t:|1776266924\n|switch|p1a: Primarina|Primarina, L50, F|76/100 par\n|move|p2a: Garchomp|Scale Shot|p1a: Primarina\n|-immune|p1a: Primarina\n|\n|upkeep\n|turn|10\n|\n|t:|1776266933\n|move|p2a: Garchomp|Earthquake|p1a: Primarina\n|-damage|p1a: Primarina|14/100 par\n|-enditem|p1a: Primarina|Sitrus Berry|[eat]\n|-heal|p1a: Primarina|38/100 par|[from] item: Sitrus Berry\n|move|p1a: Primarina|Moonblast|p2a: Garchomp\n|-supereffective|p2a: Garchomp|1\n|-enditem|p2a: Garchomp|Focus Sash\n|-damage|p2a: Garchomp|1/100\n|\n|upkeep\n|turn|11\n|inactive|ja3jja272_ has 30 seconds left.\n|\n|t:|1776266965\n|switch|p2a: Gyarados|Gyarados, L50, M|91/100\n|-ability|p2a: Gyarados|Intimidate|boost\n|-unboost|p1a: Primarina|atk|1\n|move|p1a: Primarina|Sparkling Aria|p2a: Gyarados\n|-resisted|p2a: Gyarados|1\n|-damage|p2a: Gyarados|68/100\n|\n|upkeep\n|turn|12\n|\n|t:|1776266974\n|move|p2a: Gyarados|Waterfall|p1a: Primarina\n|-resisted|p1a: Primarina|1\n|-damage|p1a: Primarina|16/100 par\n|cant|p1a: Primarina|par\n|\n|upkeep\n|turn|13\n|\n|t:|1776266979\n|move|p2a: Gyarados|Waterfall|p1a: Primarina\n|-resisted|p1a: Primarina|1\n|-damage|p1a: Primarina|0 fnt\n|faint|p1a: Primarina\n|\n|upkeep\n|\n|t:|1776266983\n|switch|p1a: Garchomp|Garchomp, L50, M|100/100\n|turn|14\n|\n|t:|1776266996\n|switch|p2a: Garchomp|Garchomp, L50, F|1/100\n|move|p1a: Garchomp|Stone Edge|p2a: Garchomp\n|-resisted|p2a: Garchomp|1\n|-damage|p2a: Garchomp|0 fnt\n|faint|p2a: Garchomp\n|\n|upkeep\n|\n|t:|1776267001\n|switch|p2a: Gyarados|Gyarados, L50, M|68/100\n|-ability|p2a: Gyarados|Intimidate|boost\n|-unboost|p1a: Garchomp|atk|1\n|turn|15\n|\n|t:|1776267006\n|move|p1a: Garchomp|Stone Edge|p2a: Gyarados|[miss]\n|-miss|p1a: Garchomp|p2a: Gyarados\n|move|p2a: Gyarados|Waterfall|p1a: Garchomp\n|-damage|p1a: Garchomp|66/100\n|-damage|p2a: Gyarados|55/100|[from] ability: Rough Skin|[of] p1a: Garchomp\n|\n|upkeep\n|turn|16\n|\n|t:|1776267012\n|move|p1a: Garchomp|Stone Edge|p2a: Gyarados|[miss]\n|-miss|p1a: Garchomp|p2a: Gyarados\n|move|p2a: Gyarados|Waterfall|p1a: Garchomp\n|-damage|p1a: Garchomp|26/100\n|-damage|p2a: Gyarados|43/100|[from] ability: Rough Skin|[of] p1a: Garchomp\n|-enditem|p2a: Gyarados|Sitrus Berry|[eat]\n|-heal|p2a: Gyarados|68/100|[from] item: Sitrus Berry\n|\n|upkeep\n|turn|17\n|c|\u2606ja3jja272_|tf\n|\n|t:|1776267024\n|move|p1a: Garchomp|Stone Edge|p2a: Gyarados|[miss]\n|-miss|p1a: Garchomp|p2a: Gyarados\n|move|p2a: Gyarados|Waterfall|p1a: Garchomp\n|-damage|p1a: Garchomp|0 fnt\n|-damage|p2a: Gyarados|56/100|[from] ability: Rough Skin|[of] p1a: Garchomp\n|faint|p1a: Garchomp\n|\n|win|asdsasdaad\n|raw|ja3jja272_'s rating: 1111 &rarr; <strong>1079</strong><br />(-32 for losing)\n|raw|asdsasdaad's rating: 1018 &rarr; <strong>1065</strong><br />(+47 for winning)\n",
  "uploadtime": 1776267027,
  "views": 3,
  "formatid": "gen9championsbssregma",
  "rating": 1065,
  "private": 0,
  "password": null
}