{
  "id": "gen9championsbssregma-2588581947",
  "format": "[Gen 9 Champions] BSS Reg M-A",
  "players": [
    "kalzero_0928",
    "mega.CHIVA"
  ],
  "log": "|j|\u2606kalzero_0928\n|j|\u2606mega.CHIVA\n|t:|1776647138\n|gametype|singles\n|player|p1|kalzero_0928|2|1149\n|player|p2|mega.CHIVA|unknown|1197\n|gen|9\n|tier|[Gen 9 Champions] BSS Reg M-A\n|rated|\n|rule|Species Clause: Limit one of each Pok\u00e9mon\n|rule|Item Clause: Limit 1 of each item\n|clearpoke\n|poke|p1|Charizard, L50, F|\n|poke|p1|Corviknight, L50, F|\n|poke|p1|Floette-Eternal, L50, F|\n|poke|p1|Garchomp, L50, M|\n|poke|p1|Hippowdon, L50, M|\n|poke|p1|Glimmora, L50, M|\n|poke|p2|Corviknight, L50, M|\n|poke|p2|Garchomp, L50, M|\n|poke|p2|Hawlucha, L50, M|\n|poke|p2|Sylveon, L50, F|\n|poke|p2|Greninja, L50, M|\n|poke|p2|Blastoise, L50, M|\n|teampreview|3\n|\n|t:|1776647157\n|teamsize|p1|3\n|teamsize|p2|3\n|start\n|switch|p1a: Charizard|Charizard, L50, F|100/100\n|switch|p2a: Sylveon|Sylveon, L50, F|100/100\n|turn|1\n|\n|t:|1776647161\n|detailschange|p1a: Charizard|Charizard-Mega-Y, L50, F\n|-mega|p1a: Charizard|Charizard|Charizardite Y\n|-weather|SunnyDay|[from] ability: Drought|[of] p1a: Charizard\n|move|p1a: Charizard|Substitute|p1a: Charizard\n|-start|p1a: Charizard|Substitute\n|-damage|p1a: Charizard|76/100\n|move|p2a: Sylveon|Psychic|p1a: Charizard\n|-end|p1a: Charizard|Substitute\n|\n|-weather|SunnyDay|[upkeep]\n|upkeep\n|turn|2\n|\n|t:|1776647170\n|move|p1a: Charizard|Flamethrower|p2a: Sylveon\n|-damage|p2a: Sylveon|51/100\n|move|p2a: Sylveon|Psychic|p1a: Charizard\n|-damage|p1a: Charizard|50/100\n|\n|-weather|SunnyDay|[upkeep]\n|upkeep\n|turn|3\n|\n|t:|1776647176\n|move|p1a: Charizard|Flamethrower|p2a: Sylveon\n|-damage|p2a: Sylveon|0 fnt\n|faint|p2a: Sylveon\n|\n|-weather|SunnyDay|[upkeep]\n|upkeep\n|\n|t:|1776647181\n|switch|p2a: Hawlucha|Hawlucha, L50, M|100/100\n|turn|4\n|\n|t:|1776647188\n|switch|p1a: Corviknight|Corviknight, L50, F|100/100\n|-ability|p1a: Corviknight|Pressure\n|detailschange|p2a: Hawlucha|Hawlucha-Mega, L50, M\n|-mega|p2a: Hawlucha|Hawlucha|Hawluchanite\n|move|p2a: Hawlucha|Stone Edge|p1a: Corviknight\n|-damage|p1a: Corviknight|77/100\n|\n|-weather|SunnyDay|[upkeep]\n|-heal|p1a: Corviknight|83/100|[from] item: Leftovers\n|upkeep\n|turn|5\n|\n|t:|1776647198\n|switch|p2a: Blastoise|Blastoise, L50, M|100/100\n|move|p1a: Corviknight|U-turn|p2a: Blastoise\n|-damage|p2a: Blastoise|85/100\n|\n|t:|1776647203\n|switch|p1a: Garchomp|Garchomp, L50, M|100/100|[from] U-turn\n|\n|-weather|none\n|upkeep\n|turn|6\n|\n|t:|1776647208\n|move|p1a: Garchomp|Outrage|p2a: Blastoise\n|-damage|p2a: Blastoise|16/100\n|move|p2a: Blastoise|Ice Beam|p1a: Garchomp\n|-supereffective|p1a: Garchomp|2\n|-damage|p1a: Garchomp|0 fnt\n|faint|p1a: Garchomp\n|\n|upkeep\n|\n|t:|1776647213\n|switch|p1a: Charizard|Charizard-Mega-Y, L50, F|50/100\n|-weather|SunnyDay|[from] ability: Drought|[of] p1a: Charizard\n|turn|7\n|\n|t:|1776647221\n|move|p1a: Charizard|Flame Charge|p2a: Blastoise\n|-resisted|p2a: Blastoise|1\n|-damage|p2a: Blastoise|3/100\n|-boost|p1a: Charizard|spe|1\n|move|p2a: Blastoise|Surf|p1a: Charizard\n|-supereffective|p1a: Charizard|1\n|-damage|p1a: Charizard|0 fnt\n|faint|p1a: Charizard\n|\n|-weather|SunnyDay|[upkeep]\n|upkeep\n|-message|kalzero_0928 forfeited.\n|\n|win|mega.CHIVA\n|raw|kalzero_0928's rating: 1149 &rarr; <strong>1127</strong><br />(-22 for losing)\n|raw|mega.CHIVA's rating: 1197 &rarr; <strong>1219</strong><br />(+22 for winning)\n|l|\u2606kalzero_0928\n|player|p1|\n",
  "uploadtime": 1776647231,
  "views": 1,
  "formatid": "gen9championsbssregma",
  "rating": 1127,
  "private": 0,
  "password": null
}