{
  "id": "gen9championsbssregma-2588844975",
  "format": "[Gen 9 Champions] BSS Reg M-A",
  "players": [
    "Bbbkty",
    "lingsheng233"
  ],
  "log": "|j|\u2606Bbbkty\n|j|\u2606lingsheng233\n|t:|1776677804\n|gametype|singles\n|player|p1|Bbbkty|1|1042\n|player|p2|lingsheng233|102|1114\n|gen|9\n|tier|[Gen 9 Champions] BSS Reg M-A\n|rated|\n|rule|Species Clause: Limit one of each Pok\u00e9mon\n|rule|Item Clause: Limit 1 of each item\n|clearpoke\n|poke|p1|Clefable, L50, F|\n|poke|p1|Charizard, L50, F|\n|poke|p1|Mimikyu, L50, M|\n|poke|p1|Kingambit, L50, M|\n|poke|p1|Espathra, L50, F|\n|poke|p1|Glimmora, L50, M|\n|poke|p2|Ditto, L50|\n|poke|p2|Lopunny, L50, M|\n|poke|p2|Espathra, L50, M|\n|poke|p2|Dedenne, L50, M|\n|poke|p2|Diggersby, L50, M|\n|poke|p2|Meganium, L50, F|\n|teampreview|3\n|inactive|Battle timer is ON: inactive players will automatically lose when time's up. (requested by Bbbkty)\n|\n|t:|1776677835\n|teamsize|p1|3\n|teamsize|p2|3\n|start\n|switch|p1a: Glimmora|Glimmora, L50, M|100/100\n|switch|p2a: Diggersby|Diggersby, L50, M|100/100\n|turn|1\n|\n|t:|1776677845\n|move|p1a: Glimmora|Stealth Rock|p2a: Diggersby\n|-sidestart|p2: lingsheng233|move: Stealth Rock\n|move|p2a: Diggersby|Trailblaze|p1a: Glimmora\n|-damage|p1a: Glimmora|75/100\n|-boost|p2a: Diggersby|spe|1\n|-activate|p1a: Glimmora|ability: Toxic Debris\n|-sidestart|p2: lingsheng233|move: Toxic Spikes\n|\n|upkeep\n|turn|2\n|\n|t:|1776677858\n|move|p2a: Diggersby|Earthquake|p1a: Glimmora\n|-supereffective|p1a: Glimmora|2\n|-damage|p1a: Glimmora|0 fnt\n|-activate|p1a: Glimmora|ability: Toxic Debris\n|-sidestart|p2: lingsheng233|move: Toxic Spikes\n|faint|p1a: Glimmora\n|\n|upkeep\n|\n|t:|1776677863\n|switch|p1a: Espathra|Espathra, L50, F|100/100\n|turn|3\n|\n|t:|1776677867\n|move|p1a: Espathra|Protect|p1a: Espathra\n|-singleturn|p1a: Espathra|Protect\n|move|p2a: Diggersby|Earthquake|p1a: Espathra\n|-activate|p1a: Espathra|move: Protect\n|\n|-ability|p1a: Espathra|Speed Boost|boost\n|-boost|p1a: Espathra|spe|1\n|upkeep\n|turn|4\n|\n|t:|1776677875\n|move|p1a: Espathra|Baton Pass|p1a: Espathra\n|\n|t:|1776677879\n|switch|p1a: Clefable|Clefable, L50, F|100/100|[from] Baton Pass\n|move|p2a: Diggersby|Earthquake|p1a: Clefable\n|-damage|p1a: Clefable|54/100\n|\n|upkeep\n|turn|5\n|\n|t:|1776677895\n|detailschange|p1a: Clefable|Clefable-Mega, L50, F\n|-mega|p1a: Clefable|Clefable|Clefablite\n|move|p2a: Diggersby|Body Slam|p1a: Clefable\n|-damage|p1a: Clefable|20/100\n|move|p1a: Clefable|Cosmic Power|p1a: Clefable\n|-boost|p1a: Clefable|def|1\n|-boost|p1a: Clefable|spd|1\n|\n|upkeep\n|turn|6\n|\n|t:|1776677902\n|move|p2a: Diggersby|Stone Edge|p1a: Clefable\n|-supereffective|p1a: Clefable|1\n|-damage|p1a: Clefable|0 fnt\n|faint|p1a: Clefable\n|\n|upkeep\n|\n|t:|1776677905\n|switch|p1a: Espathra|Espathra, L50, F|100/100\n|turn|7\n|\n|t:|1776677909\n|move|p1a: Espathra|Protect|p1a: Espathra\n|-singleturn|p1a: Espathra|Protect\n|move|p2a: Diggersby|Body Slam|p1a: Espathra\n|-activate|p1a: Espathra|move: Protect\n|\n|-ability|p1a: Espathra|Speed Boost|boost\n|-boost|p1a: Espathra|spe|1\n|upkeep\n|turn|8\n|\n|t:|1776677915\n|move|p1a: Espathra|Calm Mind|p1a: Espathra\n|-boost|p1a: Espathra|spa|1\n|-boost|p1a: Espathra|spd|1\n|move|p2a: Diggersby|Body Slam|p1a: Espathra\n|-damage|p1a: Espathra|27/100\n|-status|p1a: Espathra|par\n|-enditem|p1a: Espathra|Sitrus Berry|[eat]\n|-heal|p1a: Espathra|52/100 par|[from] item: Sitrus Berry\n|\n|-ability|p1a: Espathra|Speed Boost|boost\n|-boost|p1a: Espathra|spe|1\n|upkeep\n|turn|9\n|\n|t:|1776677918\n|move|p1a: Espathra|Protect|p1a: Espathra\n|-singleturn|p1a: Espathra|Protect\n|move|p2a: Diggersby|Earthquake|p1a: Espathra\n|-activate|p1a: Espathra|move: Protect\n|\n|-ability|p1a: Espathra|Speed Boost|boost\n|-boost|p1a: Espathra|spe|1\n|upkeep\n|turn|10\n|inactive|Bbbkty has 30 seconds left.\n|inactive|Bbbkty has 20 seconds left.\n|inactive|Bbbkty has 15 seconds left.\n|\n|t:|1776677962\n|move|p1a: Espathra|Lumina Crash|p2a: Diggersby\n|-damage|p2a: Diggersby|37/100\n|-unboost|p2a: Diggersby|spd|2\n|move|p2a: Diggersby|Body Slam|p1a: Espathra\n|-damage|p1a: Espathra|0 fnt\n|faint|p1a: Espathra\n|\n|win|lingsheng233\n|raw|Bbbkty's rating: 1042 &rarr; <strong>1029</strong><br />(-13 for losing)\n|raw|lingsheng233's rating: 1114 &rarr; <strong>1134</strong><br />(+20 for winning)\n",
  "uploadtime": 1776677965,
  "views": 3,
  "formatid": "gen9championsbssregma",
  "rating": 1029,
  "private": 0,
  "password": null
}