{
  "id": "gen9championsbssregma-2585343589",
  "format": "[Gen 9 Champions] BSS Reg M-A",
  "players": [
    "O_pari114",
    "Venti0406"
  ],
  "log": "|j|\u2606O_pari114\n|j|\u2606Venti0406\n|t:|1776339725\n|gametype|singles\n|player|p1|O_pari114|266|1073\n|player|p2|Venti0406|n|1072\n|gen|9\n|tier|[Gen 9 Champions] BSS Reg M-A\n|rated|\n|rule|Species Clause: Limit one of each Pok\u00e9mon\n|rule|Item Clause: Limit 1 of each item\n|clearpoke\n|poke|p1|Greninja-*, L50, F|\n|poke|p1|Kleavor, L50, M|\n|poke|p1|Empoleon, L50, F|\n|poke|p1|Garchomp, L50, F|\n|poke|p1|Aegislash, L50, M|\n|poke|p1|Feraligatr, L50, F|\n|poke|p2|Blastoise, L50, F|\n|poke|p2|Clefable, L50, F|\n|poke|p2|Espathra, L50, F|\n|poke|p2|Lopunny, L50, F|\n|poke|p2|Umbreon, L50, M|\n|poke|p2|Ninetales-Alola, L50, F|\n|teampreview|3\n|inactive|Battle timer is ON: inactive players will automatically lose when time's up. (requested by Venti0406)\n|inactive|O_pari114 has 60 seconds left.\n|\n|t:|1776339757\n|teamsize|p1|3\n|teamsize|p2|3\n|start\n|switch|p1a: Empoleon|Empoleon, L50, F|100/100\n|switch|p2a: Clefable|Clefable, L50, F|100/100\n|turn|1\n|\n|t:|1776339760\n|move|p2a: Clefable|Cosmic Power|p2a: Clefable\n|-boost|p2a: Clefable|def|1\n|-boost|p2a: Clefable|spd|1\n|move|p1a: Empoleon|Yawn|p2a: Clefable\n|-start|p2a: Clefable|move: Yawn|[of] p1a: Empoleon\n|\n|upkeep\n|turn|2\n|\n|t:|1776339768\n|switch|p2a: Umbreon|Umbreon, L50, M|100/100\n|move|p1a: Empoleon|Stealth Rock|p2a: Umbreon\n|-sidestart|p2: Venti0406|move: Stealth Rock\n|\n|upkeep\n|turn|3\n|\n|t:|1776339774\n|move|p2a: Umbreon|Yawn|p1a: Empoleon\n|-start|p1a: Empoleon|move: Yawn|[of] p2a: Umbreon\n|move|p1a: Empoleon|Yawn|p2a: Umbreon\n|-start|p2a: Umbreon|move: Yawn|[of] p1a: Empoleon\n|\n|upkeep\n|turn|4\n|\n|t:|1776339782\n|switch|p2a: Clefable|Clefable, L50, F|100/100\n|-damage|p2a: Clefable|88/100|[from] Stealth Rock\n|move|p1a: Empoleon|Flip Turn|p2a: Clefable\n|-damage|p2a: Clefable|74/100\n|\n|t:|1776339792\n|switch|p1a: Aegislash|Aegislash, L50, M|100/100|[from] Flip Turn\n|\n|upkeep\n|turn|5\n|\n|t:|1776339796\n|move|p2a: Clefable|Cosmic Power|p2a: Clefable\n|-boost|p2a: Clefable|def|1\n|-boost|p2a: Clefable|spd|1\n|-formechange|p1a: Aegislash|Aegislash-Blade|\n|move|p1a: Aegislash|Poltergeist|p2a: Clefable\n|-activate|p2a: Clefable|move: Poltergeist|Sitrus Berry\n|-damage|p2a: Clefable|38/100\n|-enditem|p2a: Clefable|Sitrus Berry|[eat]\n|-heal|p2a: Clefable|63/100|[from] item: Sitrus Berry\n|\n|upkeep\n|turn|6\n|\n|t:|1776339808\n|-formechange|p1a: Aegislash|Aegislash|\n|move|p1a: Aegislash|King's Shield|p1a: Aegislash\n|-singleturn|p1a: Aegislash|Protect\n|move|p2a: Clefable|Moonlight|p2a: Clefable\n|-heal|p2a: Clefable|100/100\n|\n|upkeep\n|turn|7\n|\n|t:|1776339814\n|switch|p1a: Empoleon|Empoleon, L50, F|100/100\n|move|p2a: Clefable|Cosmic Power|p2a: Clefable\n|-boost|p2a: Clefable|def|1\n|-boost|p2a: Clefable|spd|1\n|\n|upkeep\n|turn|8\n|\n|t:|1776339820\n|move|p2a: Clefable|Baton Pass|p2a: Clefable\n|\n|t:|1776339822\n|switch|p2a: Blastoise|Blastoise, L50, F|100/100|[from] Baton Pass\n|-damage|p2a: Blastoise|88/100|[from] Stealth Rock\n|move|p1a: Empoleon|Yawn|p2a: Blastoise\n|-start|p2a: Blastoise|move: Yawn|[of] p1a: Empoleon\n|\n|upkeep\n|turn|9\n|\n|t:|1776339840\n|detailschange|p2a: Blastoise|Blastoise-Mega, L50, F\n|-mega|p2a: Blastoise|Blastoise|Blastoisinite\n|move|p2a: Blastoise|Shell Smash|p2a: Blastoise\n|-unboost|p2a: Blastoise|def|1\n|-unboost|p2a: Blastoise|spd|1\n|-boost|p2a: Blastoise|atk|2\n|-boost|p2a: Blastoise|spa|2\n|-boost|p2a: Blastoise|spe|2\n|move|p1a: Empoleon|Flip Turn|p2a: Blastoise\n|-resisted|p2a: Blastoise|1\n|-damage|p2a: Blastoise|82/100\n|\n|t:|1776339845\n|switch|p1a: Feraligatr|Feraligatr, L50, F|100/100|[from] Flip Turn\n|\n|-end|p2a: Blastoise|move: Yawn|[silent]\n|-status|p2a: Blastoise|slp\n|upkeep\n|turn|10\n|\n|t:|1776339853\n|detailschange|p1a: Feraligatr|Feraligatr-Mega, L50, F\n|-mega|p1a: Feraligatr|Feraligatr|Feraligite\n|cant|p2a: Blastoise|slp\n|move|p1a: Feraligatr|Trailblaze|p2a: Blastoise\n|-supereffective|p2a: Blastoise|1\n|-crit|p2a: Blastoise\n|-damage|p2a: Blastoise|14/100 slp\n|-boost|p1a: Feraligatr|spe|1\n|\n|upkeep\n|turn|11\n|\n|t:|1776339860\n|-curestatus|p2a: Blastoise|slp|[msg]\n|move|p2a: Blastoise|Dark Pulse|p1a: Feraligatr\n|-damage|p1a: Feraligatr|19/100\n|move|p1a: Feraligatr|Trailblaze|p2a: Blastoise\n|-supereffective|p2a: Blastoise|1\n|-damage|p2a: Blastoise|0 fnt\n|-boost|p1a: Feraligatr|spe|1\n|faint|p2a: Blastoise\n|\n|upkeep\n|\n|t:|1776339866\n|switch|p2a: Umbreon|Umbreon, L50, M|100/100\n|-damage|p2a: Umbreon|88/100|[from] Stealth Rock\n|turn|12\n|\n|t:|1776339875\n|move|p1a: Feraligatr|Body Slam|p2a: Umbreon\n|-damage|p2a: Umbreon|50/100\n|-status|p2a: Umbreon|par\n|-activate|p2a: Umbreon|ability: Synchronize\n|-status|p1a: Feraligatr|par\n|move|p2a: Umbreon|Toxic|p1a: Feraligatr|[miss]\n|-miss|p2a: Umbreon|p1a: Feraligatr\n|\n|-heal|p2a: Umbreon|56/100 par|[from] item: Leftovers\n|upkeep\n|turn|13\n|\n|t:|1776339893\n|move|p1a: Feraligatr|Aqua Tail|p2a: Umbreon\n|-damage|p2a: Umbreon|22/100 par\n|cant|p2a: Umbreon|par\n|\n|-heal|p2a: Umbreon|28/100 par|[from] item: Leftovers\n|upkeep\n|turn|14\n|\n|t:|1776339899\n|move|p2a: Umbreon|Protect|p2a: Umbreon\n|-singleturn|p2a: Umbreon|Protect\n|move|p1a: Feraligatr|Aqua Tail|p2a: Umbreon\n|-activate|p2a: Umbreon|move: Protect\n|\n|-heal|p2a: Umbreon|34/100 par|[from] item: Leftovers\n|upkeep\n|turn|15\n|\n|t:|1776339905\n|move|p1a: Feraligatr|Aqua Tail|p2a: Umbreon|[miss]\n|-miss|p1a: Feraligatr|p2a: Umbreon\n|move|p2a: Umbreon|Wish|p2a: Umbreon\n|\n|-heal|p2a: Umbreon|40/100 par|[from] item: Leftovers\n|upkeep\n|turn|16\n|\n|t:|1776339914\n|move|p2a: Umbreon|Protect|p2a: Umbreon\n|-singleturn|p2a: Umbreon|Protect\n|move|p1a: Feraligatr|Aqua Tail|p2a: Umbreon\n|-activate|p2a: Umbreon|move: Protect\n|\n|-heal|p2a: Umbreon|90/100 par|[from] move: Wish|[wisher] Umbreon\n|-heal|p2a: Umbreon|96/100 par|[from] item: Leftovers\n|upkeep\n|turn|17\n|\n|t:|1776339923\n|move|p1a: Feraligatr|Aqua Tail|p2a: Umbreon\n|-crit|p2a: Umbreon\n|-damage|p2a: Umbreon|40/100 par\n|move|p2a: Umbreon|Wish|p2a: Umbreon\n|\n|-heal|p2a: Umbreon|46/100 par|[from] item: Leftovers\n|upkeep\n|turn|18\n|\n|t:|1776339930\n|move|p2a: Umbreon|Protect|p2a: Umbreon\n|-singleturn|p2a: Umbreon|Protect\n|move|p1a: Feraligatr|Aqua Tail|p2a: Umbreon\n|-activate|p2a: Umbreon|move: Protect\n|\n|-heal|p2a: Umbreon|96/100 par|[from] move: Wish|[wisher] Umbreon\n|-heal|p2a: Umbreon|100/100 par|[from] item: Leftovers\n|upkeep\n|turn|19\n|\n|t:|1776339944\n|switch|p2a: Clefable|Clefable, L50, F|100/100\n|-damage|p2a: Clefable|88/100|[from] Stealth Rock\n|cant|p1a: Feraligatr|par\n|\n|upkeep\n|turn|20\n|\n|t:|1776339954\n|move|p1a: Feraligatr|Aqua Tail|p2a: Clefable\n|-damage|p2a: Clefable|42/100\n|move|p2a: Clefable|Cosmic Power|p2a: Clefable\n|-boost|p2a: Clefable|def|1\n|-boost|p2a: Clefable|spd|1\n|\n|upkeep\n|turn|21\n|\n|t:|1776339959\n|move|p1a: Feraligatr|Aqua Tail|p2a: Clefable\n|-damage|p2a: Clefable|10/100\n|move|p2a: Clefable|Moonlight|p2a: Clefable\n|-heal|p2a: Clefable|60/100\n|\n|upkeep\n|turn|22\n|\n|t:|1776339966\n|move|p1a: Feraligatr|Aqua Tail|p2a: Clefable\n|-damage|p2a: Clefable|30/100\n|move|p2a: Clefable|Moonlight|p2a: Clefable\n|-heal|p2a: Clefable|80/100\n|\n|upkeep\n|turn|23\n|\n|t:|1776339975\n|move|p1a: Feraligatr|Aqua Tail|p2a: Clefable\n|-damage|p2a: Clefable|47/100\n|move|p2a: Clefable|Cosmic Power|p2a: Clefable\n|-boost|p2a: Clefable|def|1\n|-boost|p2a: Clefable|spd|1\n|\n|upkeep\n|turn|24\n|\n|t:|1776339979\n|move|p1a: Feraligatr|Aqua Tail|p2a: Clefable\n|-damage|p2a: Clefable|24/100\n|move|p2a: Clefable|Moonlight|p2a: Clefable\n|-heal|p2a: Clefable|74/100\n|\n|upkeep\n|turn|25\n|\n|t:|1776339985\n|move|p1a: Feraligatr|Aqua Tail|p2a: Clefable\n|-damage|p2a: Clefable|51/100\n|move|p2a: Clefable|Cosmic Power|p2a: Clefable\n|-boost|p2a: Clefable|def|1\n|-boost|p2a: Clefable|spd|1\n|\n|upkeep\n|turn|26\n|\n|t:|1776339993\n|switch|p1a: Empoleon|Empoleon, L50, F|100/100\n|move|p2a: Clefable|Moonlight|p2a: Clefable\n|-heal|p2a: Clefable|100/100\n|\n|upkeep\n|turn|27\n|\n|t:|1776340005\n|move|p2a: Clefable|Stored Power|p1a: Empoleon\n|-resisted|p1a: Empoleon|1\n|-damage|p1a: Empoleon|90/100\n|move|p1a: Empoleon|Yawn|p2a: Clefable\n|-start|p2a: Clefable|move: Yawn|[of] p1a: Empoleon\n|\n|upkeep\n|turn|28\n|\n|t:|1776340019\n|move|p2a: Clefable|Cosmic Power|p2a: Clefable\n|-boost|p2a: Clefable|def|1\n|-boost|p2a: Clefable|spd|1\n|move|p1a: Empoleon|Surf|p2a: Clefable\n|-damage|p2a: Clefable|90/100\n|\n|-end|p2a: Clefable|move: Yawn|[silent]\n|-status|p2a: Clefable|slp\n|upkeep\n|turn|29\n|\n|t:|1776340027\n|cant|p2a: Clefable|slp\n|move|p1a: Empoleon|Flip Turn|p2a: Clefable\n|-damage|p2a: Clefable|86/100 slp\n|\n|t:|1776340029\n|switch|p1a: Feraligatr|Feraligatr-Mega, L50, F|19/100 par|[from] Flip Turn\n|\n|upkeep\n|turn|30\n|\n|t:|1776340043\n|-curestatus|p2a: Clefable|slp|[msg]\n|move|p2a: Clefable|Stored Power|p1a: Feraligatr\n|-damage|p1a: Feraligatr|0 fnt\n|faint|p1a: Feraligatr\n|\n|upkeep\n|\n|t:|1776340049\n|switch|p1a: Empoleon|Empoleon, L50, F|90/100\n|turn|31\n|\n|t:|1776340054\n|move|p2a: Clefable|Cosmic Power|p2a: Clefable\n|-boost|p2a: Clefable|def|1\n|-boost|p2a: Clefable|spd|1\n|move|p1a: Empoleon|Yawn|p2a: Clefable\n|-start|p2a: Clefable|move: Yawn|[of] p1a: Empoleon\n|\n|upkeep\n|turn|32\n|\n|t:|1776340062\n|move|p2a: Clefable|Cosmic Power|p2a: Clefable\n|-boost|p2a: Clefable|def|1\n|-boost|p2a: Clefable|spd|1\n|move|p1a: Empoleon|Surf|p2a: Clefable\n|-damage|p2a: Clefable|76/100\n|\n|-end|p2a: Clefable|move: Yawn|[silent]\n|-status|p2a: Clefable|slp\n|upkeep\n|turn|33\n|-message|O_pari114 forfeited.\n|\n|win|Venti0406\n|raw|O_pari114's rating: 1073 &rarr; <strong>1052</strong><br />(-21 for losing)\n|raw|Venti0406's rating: 1072 &rarr; <strong>1101</strong><br />(+29 for winning)\n|l|\u2606O_pari114\n|player|p1|\n",
  "uploadtime": 1776340072,
  "views": 11,
  "formatid": "gen9championsbssregma",
  "rating": 1052,
  "private": 0,
  "password": null
}