{
  "id": "gen9championsbssregma-2584156908",
  "format": "[Gen 9 Champions] BSS Reg M-A",
  "players": [
    "isaacmora22",
    "badaaabum"
  ],
  "log": "|j|\u2606isaacmora22\n|j|\u2606badaaabum\n|t:|1776231954\n|gametype|singles\n|player|p1|isaacmora22|hilbert|1055\n|player|p2|badaaabum|rocketgrunt|1147\n|gen|9\n|tier|[Gen 9 Champions] BSS Reg M-A\n|rated|\n|rule|Species Clause: Limit one of each Pok\u00e9mon\n|rule|Item Clause: Limit 1 of each item\n|clearpoke\n|poke|p1|Flareon, L50, M|\n|poke|p1|Dragonite, L50, M|\n|poke|p1|Luxray, L50, M|\n|poke|p1|Clawitzer, L50, M|\n|poke|p1|Sableye, L50, M|\n|poke|p1|Archaludon, L50, F|\n|poke|p2|Hydreigon, L50, M|\n|poke|p2|Aggron, L50, M|\n|poke|p2|Hatterene, L50, F|\n|poke|p2|Aegislash, L50, M|\n|poke|p2|Zoroark-Hisui, L50, M|\n|poke|p2|Gardevoir, L50, F|\n|teampreview|3\n|\n|t:|1776231977\n|teamsize|p1|3\n|teamsize|p2|3\n|start\n|switch|p1a: Migo|Dragonite, L50, M|100/100\n|switch|p2a: Aggron|Aggron, L50, M, shiny|100/100\n|turn|1\n|\n|t:|1776231987\n|detailschange|p1a: Migo|Dragonite-Mega, L50, M\n|-mega|p1a: Migo|Dragonite|Dragoninite\n|move|p2a: Aggron|Hyper Voice|p1a: Migo\n|-damage|p1a: Migo|80/100\n|move|p1a: Migo|Flamethrower|p2a: Aggron\n|-damage|p2a: Aggron|34/100\n|replace|p2a: Zoroark|Zoroark-Hisui, L50, M, shiny\n|-end|p2a: Zoroark|Illusion\n|\n|upkeep\n|turn|2\n|\n|t:|1776231997\n|move|p2a: Zoroark|Hyper Voice|p1a: Migo\n|-damage|p1a: Migo|45/100\n|move|p1a: Migo|Flamethrower|p2a: Zoroark\n|-damage|p2a: Zoroark|0 fnt\n|faint|p2a: Zoroark\n|\n|upkeep\n|\n|t:|1776232006\n|switch|p2a: Hatterene|Hatterene, L50, F, shiny|100/100\n|turn|3\n|\n|t:|1776232016\n|move|p1a: Migo|Air Slash|p2a: Hatterene\n|-damage|p2a: Hatterene|58/100\n|cant|p2a: Hatterene|flinch\n|\n|upkeep\n|turn|4\n|\n|t:|1776232022\n|move|p1a: Migo|Air Slash|p2a: Hatterene\n|-damage|p2a: Hatterene|18/100\n|-enditem|p2a: Hatterene|Sitrus Berry|[eat]\n|-heal|p2a: Hatterene|43/100|[from] item: Sitrus Berry\n|move|p2a: Hatterene|Trick Room|p2a: Hatterene\n|-fieldstart|move: Trick Room|[of] p2a: Hatterene\n|\n|upkeep\n|turn|5\n|\n|t:|1776232035\n|move|p2a: Hatterene|Psychic Terrain|p2a: Hatterene\n|-fieldstart|move: Psychic Terrain\n|move|p1a: Migo|Air Slash|p2a: Hatterene\n|-damage|p2a: Hatterene|0 fnt\n|faint|p2a: Hatterene\n|\n|upkeep\n|\n|t:|1776232042\n|switch|p2a: Aggron|Aggron, L50, M, shiny|100/100\n|turn|6\n|\n|t:|1776232051\n|detailschange|p2a: Aggron|Aggron-Mega, L50, M, shiny\n|-mega|p2a: Aggron|Aggron|Aggronite\n|move|p2a: Aggron|Thunder Punch|p1a: Migo\n|-damage|p1a: Migo|18/100\n|-status|p1a: Migo|par\n|move|p1a: Migo|Flamethrower|p2a: Aggron\n|-supereffective|p2a: Aggron|1\n|-damage|p2a: Aggron|53/100\n|\n|upkeep\n|turn|7\n|\n|t:|1776232061\n|move|p2a: Aggron|Thunder Punch|p1a: Migo\n|-damage|p1a: Migo|0 fnt\n|faint|p1a: Migo\n|\n|upkeep\n|\n|t:|1776232066\n|switch|p1a: Camden|Flareon, L50, M|100/100\n|turn|8\n|\n|t:|1776232073\n|move|p2a: Aggron|Iron Defense|p2a: Aggron\n|-boost|p2a: Aggron|def|2\n|move|p1a: Camden|Flamethrower|p2a: Aggron\n|-supereffective|p2a: Aggron|1\n|-damage|p2a: Aggron|4/100\n|\n|-fieldend|move: Trick Room\n|upkeep\n|turn|9\n|\n|t:|1776232082\n|move|p1a: Camden|Flare Blitz|p2a: Aggron\n|-supereffective|p2a: Aggron|1\n|-damage|p2a: Aggron|0 fnt\n|faint|p2a: Aggron\n|-damage|p1a: Camden|99/100|[from] Recoil\n|\n|win|isaacmora22\n|raw|isaacmora22's rating: 1055 &rarr; <strong>1095</strong><br />(+40 for winning)\n|raw|badaaabum's rating: 1147 &rarr; <strong>1116</strong><br />(-31 for losing)\n|l|\u2606badaaabum\n|player|p2|\n",
  "uploadtime": 1776232095,
  "views": 6,
  "formatid": "gen9championsbssregma",
  "rating": 1095,
  "private": 0,
  "password": null
}