{
  "id": "gen9championsbssregma-2582852273",
  "format": "[Gen 9 Champions] BSS Reg M-A",
  "players": [
    "harald283",
    "Mayukaabe"
  ],
  "log": "|j|\u2606harald283\n|j|\u2606Mayukaabe\n|t:|1776119176\n|gametype|singles\n|player|p1|harald283|drayden|1071\n|player|p2|Mayukaabe|2|1076\n|gen|9\n|tier|[Gen 9 Champions] BSS Reg M-A\n|rated|\n|rule|Species Clause: Limit one of each Pok\u00e9mon\n|rule|Item Clause: Limit 1 of each item\n|clearpoke\n|poke|p1|Hippowdon, L50, M|\n|poke|p1|Garchomp, L50, M|\n|poke|p1|Excadrill, L50, M|\n|poke|p1|Charizard, L50, M|\n|poke|p1|Archaludon, L50, M|\n|poke|p1|Goodra-Hisui, L50, M|\n|poke|p2|Aegislash, L50, M|\n|poke|p2|Chesnaught, L50, M|\n|poke|p2|Azumarill, L50, F|\n|poke|p2|Incineroar, L50, F|\n|poke|p2|Gliscor, L50, M|\n|poke|p2|Beedrill, L50, M|\n|teampreview|3\n|\n|t:|1776119194\n|teamsize|p1|3\n|teamsize|p2|3\n|start\n|switch|p1a: Hippowdon|Hippowdon, L50, M, shiny|100/100\n|switch|p2a: Incineroar|Incineroar, L50, F|100/100\n|-ability|p2a: Incineroar|Intimidate|boost\n|-unboost|p1a: Hippowdon|atk|1\n|-weather|Sandstorm|[from] ability: Sand Stream|[of] p1a: Hippowdon\n|turn|1\n|\n|t:|1776119205\n|move|p2a: Incineroar|Fake Out|p1a: Hippowdon\n|-damage|p1a: Hippowdon|93/100\n|cant|p1a: Hippowdon|flinch\n|\n|-weather|Sandstorm|[upkeep]\n|-damage|p2a: Incineroar|95/100|[from] Sandstorm\n|-heal|p1a: Hippowdon|99/100|[from] item: Leftovers\n|upkeep\n|turn|2\n|\n|t:|1776119214\n|move|p2a: Incineroar|Parting Shot|p1a: Hippowdon\n|-unboost|p1a: Hippowdon|atk|1\n|-unboost|p1a: Hippowdon|spa|1\n|\n|t:|1776119217\n|switch|p2a: Azumarill|Azumarill, L50, F|100/100|[from] Parting Shot\n|move|p1a: Hippowdon|Stealth Rock|p2a: Azumarill\n|-sidestart|p2: Mayukaabe|move: Stealth Rock\n|\n|-weather|Sandstorm|[upkeep]\n|-damage|p2a: Azumarill|95/100|[from] Sandstorm\n|-heal|p1a: Hippowdon|100/100|[from] item: Leftovers\n|upkeep\n|turn|3\n|\n|t:|1776119232\n|switch|p1a: Goodra|Goodra-Hisui, L50, M, shiny|100/100\n|move|p2a: Azumarill|Ice Spinner|p1a: Goodra\n|-damage|p1a: Goodra|69/100\n|-ability|p1a: Goodra|Gooey\n|-unboost|p2a: Azumarill|spe|1\n|\n|-weather|Sandstorm|[upkeep]\n|-damage|p2a: Azumarill|89/100|[from] Sandstorm\n|upkeep\n|turn|4\n|\n|t:|1776119249\n|switch|p2a: Incineroar|Incineroar, L50, F|95/100\n|-damage|p2a: Incineroar|70/100|[from] Stealth Rock\n|-ability|p2a: Incineroar|Intimidate|boost\n|-unboost|p1a: Goodra|atk|1\n|move|p1a: Goodra|Sludge Bomb|p2a: Incineroar\n|-damage|p2a: Incineroar|47/100\n|\n|-weather|Sandstorm|[upkeep]\n|-damage|p2a: Incineroar|41/100|[from] Sandstorm\n|upkeep\n|turn|5\n|\n|t:|1776119260\n|move|p1a: Goodra|Chilling Water|p2a: Incineroar\n|-supereffective|p2a: Incineroar|1\n|-damage|p2a: Incineroar|17/100\n|-unboost|p2a: Incineroar|atk|1\n|move|p2a: Incineroar|Flare Blitz|p1a: Goodra\n|-damage|p1a: Goodra|32/100\n|-status|p1a: Goodra|brn\n|-ability|p1a: Goodra|Gooey\n|-unboost|p2a: Incineroar|spe|1\n|-enditem|p1a: Goodra|Sitrus Berry|[eat]\n|-heal|p1a: Goodra|56/100 brn|[from] item: Sitrus Berry\n|-damage|p2a: Incineroar|5/100|[from] Recoil\n|\n|-weather|none\n|-damage|p1a: Goodra|50/100 brn|[from] brn\n|upkeep\n|turn|6\n|\n|t:|1776119284\n|move|p1a: Goodra|Substitute|p1a: Goodra\n|-start|p1a: Goodra|Substitute\n|-damage|p1a: Goodra|26/100 brn\n|move|p2a: Incineroar|Parting Shot|p1a: Goodra\n|-unboost|p1a: Goodra|atk|1\n|-unboost|p1a: Goodra|spa|1\n|\n|t:|1776119290\n|switch|p2a: Azumarill|Azumarill, L50, F|89/100|[from] Parting Shot\n|-damage|p2a: Azumarill|77/100|[from] Stealth Rock\n|\n|-damage|p1a: Goodra|20/100 brn|[from] brn\n|upkeep\n|turn|7\n|\n|t:|1776119299\n|move|p1a: Goodra|Sludge Bomb|p2a: Azumarill\n|-supereffective|p2a: Azumarill|1\n|-damage|p2a: Azumarill|47/100\n|-status|p2a: Azumarill|psn\n|-enditem|p2a: Azumarill|Sitrus Berry|[eat]\n|-heal|p2a: Azumarill|72/100 psn|[from] item: Sitrus Berry\n|move|p2a: Azumarill|Play Rough|p1a: Goodra\n|-end|p1a: Goodra|Substitute\n|\n|-damage|p2a: Azumarill|59/100 psn|[from] psn\n|-damage|p1a: Goodra|14/100 brn|[from] brn\n|upkeep\n|turn|8\n|\n|t:|1776119316\n|move|p1a: Goodra|Chilling Water|p2a: Azumarill\n|-resisted|p2a: Azumarill|1\n|-damage|p2a: Azumarill|55/100 psn\n|-unboost|p2a: Azumarill|atk|1\n|move|p2a: Azumarill|Play Rough|p1a: Goodra\n|-damage|p1a: Goodra|0 fnt\n|-ability|p1a: Goodra|Gooey\n|-unboost|p2a: Azumarill|spe|1\n|faint|p1a: Goodra\n|\n|-damage|p2a: Azumarill|43/100 psn|[from] psn\n|upkeep\n|\n|t:|1776119332\n|switch|p1a: Garchomp|Garchomp, L50, M, shiny|100/100\n|turn|9\n|inactive|Battle timer is ON: inactive players will automatically lose when time's up. (requested by Mayukaabe)\n|\n|t:|1776119346\n|switch|p2a: Incineroar|Incineroar, L50, F|5/100\n|-damage|p2a: Incineroar|0 fnt|[from] Stealth Rock\n|faint|p2a: Incineroar\n|detailschange|p1a: Garchomp|Garchomp-Mega, L50, M, shiny\n|-mega|p1a: Garchomp|Garchomp|Garchompite\n|move|p1a: Garchomp|Earthquake|p2: Incineroar|[notarget]\n|-fail|p1a: Garchomp\n|\n|upkeep\n|\n|t:|1776119355\n|switch|p2a: Azumarill|Azumarill, L50, F|43/100 psn\n|-damage|p2a: Azumarill|31/100 psn|[from] Stealth Rock\n|turn|10\n|\n|t:|1776119361\n|move|p1a: Garchomp|Earthquake|p2a: Azumarill\n|-damage|p2a: Azumarill|0 fnt\n|faint|p2a: Azumarill\n|\n|upkeep\n|\n|t:|1776119363\n|switch|p2a: Beedrill|Beedrill, L50, M|100/100\n|-damage|p2a: Beedrill|75/100|[from] Stealth Rock\n|turn|11\n|\n|t:|1776119372\n|detailschange|p2a: Beedrill|Beedrill-Mega, L50, M\n|-mega|p2a: Beedrill|Beedrill|Beedrillite\n|move|p2a: Beedrill|X-Scissor|p1a: Garchomp\n|-damage|p1a: Garchomp|47/100\n|move|p1a: Garchomp|Stone Edge|p2a: Beedrill\n|-supereffective|p2a: Beedrill|1\n|-damage|p2a: Beedrill|0 fnt\n|faint|p2a: Beedrill\n|\n|win|harald283\n|raw|harald283's rating: 1071 &rarr; <strong>1101</strong><br />(+30 for winning)\n|raw|Mayukaabe's rating: 1076 &rarr; <strong>1054</strong><br />(-22 for losing)\n|l|\u2606Mayukaabe\n|player|p2|\n",
  "uploadtime": 1776119385,
  "views": 2,
  "formatid": "gen9championsbssregma",
  "rating": 1054,
  "private": 0,
  "password": null
}