{
  "id": "gen9championsbssregma-2583382104",
  "format": "[Gen 9 Champions] BSS Reg M-A",
  "players": [
    "MiraidonGaming",
    "HLE Peanut"
  ],
  "log": "|j|\u2606MiraidonGaming\n|j|\u2606HLE Peanut\n|t:|1776171751\n|gametype|singles\n|player|p1|MiraidonGaming|lucas|1139\n|player|p2|HLE Peanut|n|1082\n|gen|9\n|tier|[Gen 9 Champions] BSS Reg M-A\n|rated|\n|rule|Species Clause: Limit one of each Pok\u00e9mon\n|rule|Item Clause: Limit 1 of each item\n|clearpoke\n|poke|p1|Ninetales-Alola, L50, F|\n|poke|p1|Charizard, L50, M|\n|poke|p1|Scizor, L50, M|\n|poke|p1|Sinistcha, L50|\n|poke|p1|Rotom-Wash, L50|\n|poke|p1|Salazzle, L50, F|\n|poke|p2|Starmie, L50|\n|poke|p2|Hydreigon, L50, M|\n|poke|p2|Tyranitar, L50, F|\n|poke|p2|Rotom-Wash, L50|\n|poke|p2|Aegislash, L50, F|\n|poke|p2|Corviknight, L50, F|\n|teampreview|3\n|\n|t:|1776171796\n|teamsize|p1|3\n|teamsize|p2|3\n|start\n|switch|p1a: Put a brick in|Rotom-Wash, L50|100/100\n|switch|p2a: Starmie|Starmie, L50|100/100\n|turn|1\n|\n|t:|1776171829\n|detailschange|p2a: Starmie|Starmie-Mega, L50\n|-mega|p2a: Starmie|Starmie|Starminite\n|move|p1a: Put a brick in|Discharge|p2a: Starmie\n|-supereffective|p2a: Starmie|1\n|-damage|p2a: Starmie|9/100\n|move|p2a: Starmie|Zen Headbutt|p1a: Put a brick in\n|-damage|p1a: Put a brick in|5/100\n|\n|upkeep\n|turn|2\n|\n|t:|1776171837\n|move|p2a: Starmie|Aqua Jet|p1a: Put a brick in\n|-resisted|p1a: Put a brick in|1\n|-damage|p1a: Put a brick in|0 fnt\n|faint|p1a: Put a brick in\n|\n|upkeep\n|\n|t:|1776171842\n|switch|p1a: Vanity?|Ninetales-Alola, L50, F|100/100\n|-weather|Snowscape|[from] ability: Snow Warning|[of] p1a: Vanity?\n|turn|3\n|\n|t:|1776171846\n|move|p2a: Starmie|Liquidation|p1a: Vanity?\n|-damage|p1a: Vanity?|19/100\n|move|p1a: Vanity?|Aurora Veil|p1a: Vanity?\n|-sidestart|p1: MiraidonGaming|move: Aurora Veil\n|\n|-weather|Snowscape|[upkeep]\n|upkeep\n|turn|4\n|\n|t:|1776171852\n|move|p2a: Starmie|Liquidation|p1a: Vanity?\n|-crit|p1a: Vanity?\n|-damage|p1a: Vanity?|0 fnt\n|faint|p1a: Vanity?\n|\n|-weather|Snowscape|[upkeep]\n|upkeep\n|\n|t:|1776171854\n|switch|p1a: Bruce|Charizard, L50, M|100/100\n|turn|5\n|\n|t:|1776171862\n|detailschange|p1a: Bruce|Charizard-Mega-X, L50, M\n|-mega|p1a: Bruce|Charizard|Charizardite X\n|move|p2a: Starmie|Liquidation|p1a: Bruce\n|-damage|p1a: Bruce|61/100\n|move|p1a: Bruce|Dragon Dance|p1a: Bruce\n|-boost|p1a: Bruce|atk|1\n|-boost|p1a: Bruce|spe|1\n|\n|-weather|Snowscape|[upkeep]\n|upkeep\n|turn|6\n|\n|t:|1776171868\n|move|p2a: Starmie|Aqua Jet|p1a: Bruce\n|-damage|p1a: Bruce|44/100\n|move|p1a: Bruce|Breaking Swipe|p2a: Starmie\n|-crit|p2a: Starmie\n|-damage|p2a: Starmie|0 fnt\n|faint|p2a: Starmie\n|\n|-weather|Snowscape|[upkeep]\n|upkeep\n|\n|t:|1776171874\n|switch|p2a: Tyranitar|Tyranitar, L50, F|100/100\n|-weather|Sandstorm|[from] ability: Sand Stream|[of] p2a: Tyranitar\n|turn|7\n|\n|t:|1776171878\n|move|p1a: Bruce|Breaking Swipe|p2a: Tyranitar\n|-damage|p2a: Tyranitar|63/100\n|-unboost|p2a: Tyranitar|atk|1\n|move|p2a: Tyranitar|Ice Punch|p1a: Bruce\n|-damage|p1a: Bruce|38/100\n|\n|-weather|Sandstorm|[upkeep]\n|-damage|p1a: Bruce|32/100|[from] Sandstorm\n|-sideend|p1: MiraidonGaming|move: Aurora Veil\n|upkeep\n|turn|8\n|\n|t:|1776171884\n|move|p1a: Bruce|Roost|p1a: Bruce\n|-heal|p1a: Bruce|82/100\n|-singleturn|p1a: Bruce|move: Roost\n|move|p2a: Tyranitar|Ice Punch|p1a: Bruce\n|-damage|p1a: Bruce|69/100\n|\n|-weather|Sandstorm|[upkeep]\n|-damage|p1a: Bruce|63/100|[from] Sandstorm\n|upkeep\n|turn|9\n|\n|t:|1776171888\n|switch|p2a: Rotom|Rotom-Wash, L50|100/100\n|move|p1a: Bruce|Breaking Swipe|p2a: Rotom\n|-damage|p2a: Rotom|43/100\n|-unboost|p2a: Rotom|atk|1\n|\n|-weather|Sandstorm|[upkeep]\n|-damage|p1a: Bruce|57/100|[from] Sandstorm\n|-damage|p2a: Rotom|37/100|[from] Sandstorm\n|upkeep\n|turn|10\n|\n|t:|1776171895\n|move|p1a: Bruce|Breaking Swipe|p2a: Rotom\n|-damage|p2a: Rotom|0 fnt\n|faint|p2a: Rotom\n|\n|-weather|Sandstorm|[upkeep]\n|-damage|p1a: Bruce|51/100|[from] Sandstorm\n|upkeep\n|\n|t:|1776171897\n|switch|p2a: Tyranitar|Tyranitar, L50, F|63/100\n|turn|11\n|\n|t:|1776171899\n|move|p1a: Bruce|Breaking Swipe|p2a: Tyranitar\n|-damage|p2a: Tyranitar|24/100\n|-unboost|p2a: Tyranitar|atk|1\n|-enditem|p2a: Tyranitar|Sitrus Berry|[eat]\n|-heal|p2a: Tyranitar|48/100|[from] item: Sitrus Berry\n|move|p2a: Tyranitar|Knock Off|p1a: Bruce\n|-damage|p1a: Bruce|34/100\n|\n|-weather|none\n|upkeep\n|turn|12\n|\n|t:|1776171907\n|move|p1a: Bruce|Roost|p1a: Bruce\n|-heal|p1a: Bruce|84/100\n|-singleturn|p1a: Bruce|move: Roost\n|move|p2a: Tyranitar|Knock Off|p1a: Bruce\n|-damage|p1a: Bruce|66/100\n|\n|upkeep\n|turn|13\n|\n|t:|1776171964\n|move|p1a: Bruce|Breaking Swipe|p2a: Tyranitar\n|-damage|p2a: Tyranitar|11/100\n|-unboost|p2a: Tyranitar|atk|1\n|move|p2a: Tyranitar|Ice Punch|p1a: Bruce\n|-damage|p1a: Bruce|55/100\n|\n|upkeep\n|turn|14\n|-message|HLE Peanut forfeited.\n|\n|win|MiraidonGaming\n|raw|MiraidonGaming's rating: 1139 &rarr; <strong>1160</strong><br />(+21 for winning)\n|raw|HLE Peanut's rating: 1082 &rarr; <strong>1063</strong><br />(-19 for losing)\n|l|\u2606HLE Peanut\n|player|p2|\n",
  "uploadtime": 1776171970,
  "views": 5,
  "formatid": "gen9championsbssregma",
  "rating": 1063,
  "private": 0,
  "password": null
}