{
  "id": "gen9championsbssregma-2584300638",
  "format": "[Gen 9 Champions] BSS Reg M-A",
  "players": [
    "wanipoke",
    "dyuros"
  ],
  "log": "|j|\u2606wanipoke\n|j|\u2606dyuros\n|t:|1776248805\n|gametype|singles\n|player|p1|wanipoke|cheren|1227\n|player|p2|dyuros|1|1293\n|gen|9\n|tier|[Gen 9 Champions] BSS Reg M-A\n|rated|\n|rule|Species Clause: Limit one of each Pok\u00e9mon\n|rule|Item Clause: Limit 1 of each item\n|clearpoke\n|poke|p1|Krookodile, L50, F|\n|poke|p1|Banette, L50, M|\n|poke|p1|Conkeldurr, L50, F|\n|poke|p1|Chesnaught, L50, F|\n|poke|p1|Slowking, L50, M|\n|poke|p1|Hydreigon, L50, F|\n|poke|p2|Floette-Eternal, L50, F|\n|poke|p2|Kangaskhan, L50, F|\n|poke|p2|Araquanid, L50, M|\n|poke|p2|Kingambit, L50, F|\n|poke|p2|Garchomp, L50, M|\n|poke|p2|Rotom-Heat, L50|\n|teampreview|3\n|j| p74\n|\n|t:|1776248839\n|teamsize|p1|3\n|teamsize|p2|3\n|start\n|switch|p1a: Krookodile|Krookodile, L50, F, shiny|100/100\n|switch|p2a: Araquanid|Araquanid, L50, M|100/100\n|-ability|p1a: Krookodile|Intimidate|boost\n|-unboost|p2a: Araquanid|atk|1\n|turn|1\n|\n|t:|1776248852\n|move|p1a: Krookodile|Stealth Rock|p2a: Araquanid\n|-sidestart|p2: dyuros|move: Stealth Rock\n|move|p2a: Araquanid|Icy Wind|p1a: Krookodile\n|-supereffective|p1a: Krookodile|1\n|-damage|p1a: Krookodile|74/100\n|-unboost|p1a: Krookodile|spe|1\n|\n|upkeep\n|turn|2\n|\n|t:|1776248861\n|move|p1a: Krookodile|Bulldoze|p2a: Araquanid\n|-resisted|p2a: Araquanid|1\n|-damage|p2a: Araquanid|85/100\n|-unboost|p2a: Araquanid|spe|1\n|move|p2a: Araquanid|Sticky Web|p1a: Krookodile\n|-sidestart|p1: wanipoke|move: Sticky Web\n|\n|upkeep\n|turn|3\n|\n|t:|1776248871\n|move|p1a: Krookodile|Bulldoze|p2a: Araquanid\n|-resisted|p2a: Araquanid|1\n|-damage|p2a: Araquanid|71/100\n|-unboost|p2a: Araquanid|spe|1\n|move|p2a: Araquanid|Surf|p1a: Krookodile\n|-supereffective|p1a: Krookodile|1\n|-damage|p1a: Krookodile|0 fnt\n|faint|p1a: Krookodile\n|\n|upkeep\n|\n|t:|1776248880\n|switch|p1a: Banette|Banette, L50, M|100/100\n|-activate|p1a: Banette|move: Sticky Web\n|-unboost|p1a: Banette|spe|1\n|turn|4\n|\n|t:|1776248892\n|detailschange|p1a: Banette|Banette-Mega, L50, M\n|-mega|p1a: Banette|Banette|Banettite\n|move|p1a: Banette|Poltergeist|p2a: Araquanid|[miss]\n|-miss|p1a: Banette|p2a: Araquanid\n|move|p2a: Araquanid|Surf|p1a: Banette\n|-damage|p1a: Banette|32/100\n|\n|upkeep\n|turn|5\n|\n|t:|1776248902\n|move|p1a: Banette|Poltergeist|p2a: Araquanid\n|-activate|p2a: Araquanid|move: Poltergeist|Sitrus Berry\n|-damage|p2a: Araquanid|0 fnt\n|faint|p2a: Araquanid\n|\n|upkeep\n|\n|t:|1776248911\n|switch|p2a: Garchomp|Garchomp, L50, M|100/100\n|-damage|p2a: Garchomp|95/100|[from] Stealth Rock\n|turn|6\n|\n|t:|1776248926\n|move|p2a: Garchomp|Earthquake|p1a: Banette\n|-damage|p1a: Banette|0 fnt\n|faint|p1a: Banette\n|\n|upkeep\n|\n|t:|1776248931\n|switch|p1a: Conkeldurr|Conkeldurr, L50, F|100/100\n|-activate|p1a: Conkeldurr|move: Sticky Web\n|-unboost|p1a: Conkeldurr|spe|1\n|turn|7\n|\n|t:|1776248938\n|move|p2a: Garchomp|Outrage|p1a: Conkeldurr\n|-damage|p1a: Conkeldurr|39/100\n|-enditem|p1a: Conkeldurr|Sitrus Berry|[eat]\n|-heal|p1a: Conkeldurr|64/100|[from] item: Sitrus Berry\n|move|p1a: Conkeldurr|Ice Punch|p2a: Garchomp\n|-supereffective|p2a: Garchomp|2\n|-damage|p2a: Garchomp|0 fnt\n|-damage|p1a: Conkeldurr|52/100|[from] ability: Rough Skin|[of] p2a: Garchomp\n|faint|p2a: Garchomp\n|\n|upkeep\n|\n|t:|1776248941\n|switch|p2a: Floette|Floette-Eternal, L50, F|100/100\n|-damage|p2a: Floette|89/100|[from] Stealth Rock\n|turn|8\n|-message|wanipoke forfeited.\n|\n|win|dyuros\n|raw|wanipoke's rating: 1227 &rarr; <strong>1207</strong><br />(-20 for losing)\n|raw|dyuros's rating: 1293 &rarr; <strong>1313</strong><br />(+20 for winning)\n|l|\u2606wanipoke\n|player|p1|\n|l|\u2606dyuros\n|player|p2|\n",
  "uploadtime": 1776249137,
  "views": 3,
  "formatid": "gen9championsbssregma",
  "rating": 1207,
  "private": 0,
  "password": null
}