{
  "id": "gen9championsbssregma-2585125894",
  "format": "[Gen 9 Champions] BSS Reg M-A",
  "players": [
    "gorilnx",
    "ben50813"
  ],
  "log": "|j|\u2606gorilnx\n|j|\u2606ben50813\n|t:|1776314816\n|gametype|singles\n|player|p1|gorilnx|dawn-gen4pt|1162\n|player|p2|ben50813|170|1180\n|gen|9\n|tier|[Gen 9 Champions] BSS Reg M-A\n|rated|\n|rule|Species Clause: Limit one of each Pok\u00e9mon\n|rule|Item Clause: Limit 1 of each item\n|clearpoke\n|poke|p1|Delphox, L50, M|\n|poke|p1|Lopunny, L50, M|\n|poke|p1|Corviknight, L50, F|\n|poke|p1|Primarina, L50, M|\n|poke|p1|Garchomp, L50, M|\n|poke|p1|Rotom-Heat, L50|\n|poke|p2|Chesnaught, L50, M|\n|poke|p2|Volcarona, L50, M|\n|poke|p2|Hydreigon, L50, M|\n|poke|p2|Primarina, L50, M|\n|poke|p2|Bellibolt, L50, M|\n|poke|p2|Glimmora, L50, M|\n|teampreview|3\n|inactive|Battle timer is ON: inactive players will automatically lose when time's up. (requested by gorilnx)\n|inactive|ben50813 has 60 seconds left.\n|\n|t:|1776314859\n|teamsize|p1|3\n|teamsize|p2|3\n|start\n|switch|p1a: Garchomp|Garchomp, L50, M|100/100\n|switch|p2a: Primarina|Primarina, L50, M|100/100\n|turn|1\n|\n|t:|1776314868\n|switch|p1a: Primarina|Primarina, L50, M|100/100\n|move|p2a: Primarina|Moonblast|p1a: Primarina\n|-damage|p1a: Primarina|57/100\n|\n|upkeep\n|turn|2\n|\n|t:|1776314881\n|switch|p2a: Bellibolt|Bellibolt, L50, M|100/100\n|move|p1a: Primarina|Moonblast|p2a: Bellibolt\n|-crit|p2a: Bellibolt\n|-damage|p2a: Bellibolt|30/100\n|-start|p2a: Bellibolt|Charge|Moonblast|[from] ability: Electromorphosis\n|\n|-heal|p2a: Bellibolt|36/100|[from] item: Leftovers\n|upkeep\n|turn|3\n|\n|t:|1776314892\n|move|p1a: Primarina|Moonblast|p2a: Bellibolt\n|-damage|p2a: Bellibolt|0 fnt\n|faint|p2a: Bellibolt\n|\n|upkeep\n|\n|t:|1776314897\n|switch|p2a: Primarina|Primarina, L50, M|100/100\n|turn|4\n|\n|t:|1776314902\n|move|p1a: Primarina|Moonblast|p2a: Primarina\n|-damage|p2a: Primarina|58/100\n|move|p2a: Primarina|Moonblast|p1a: Primarina\n|-damage|p1a: Primarina|14/100\n|-enditem|p1a: Primarina|Sitrus Berry|[eat]\n|-heal|p1a: Primarina|39/100|[from] item: Sitrus Berry\n|\n|upkeep\n|turn|5\n|\n|t:|1776314910\n|move|p2a: Primarina|Moonblast|p1a: Primarina\n|-damage|p1a: Primarina|0 fnt\n|faint|p1a: Primarina\n|\n|upkeep\n|\n|t:|1776314914\n|switch|p1a: Garchomp|Garchomp, L50, M|100/100\n|turn|6\n|\n|t:|1776314926\n|switch|p2a: Hydreigon|Hydreigon, L50, M|100/100\n|move|p1a: Garchomp|Earthquake|p2a: Hydreigon\n|-immune|p2a: Hydreigon|[from] ability: Levitate\n|\n|upkeep\n|turn|7\n|\n|t:|1776314938\n|move|p2a: Hydreigon|Draco Meteor|p1a: Garchomp\n|-supereffective|p1a: Garchomp|1\n|-enditem|p1a: Garchomp|Focus Sash\n|-damage|p1a: Garchomp|1/100\n|-unboost|p2a: Hydreigon|spa|2\n|move|p1a: Garchomp|Outrage|p2a: Hydreigon\n|-supereffective|p2a: Hydreigon|1\n|-damage|p2a: Hydreigon|0 fnt\n|faint|p2a: Hydreigon\n|\n|upkeep\n|\n|t:|1776314949\n|switch|p2a: Primarina|Primarina, L50, M|58/100\n|turn|8\n|\n|t:|1776314955\n|move|p1a: Garchomp|Outrage|p2a: Primarina|[from] lockedmove\n|-immune|p2a: Primarina\n|-start|p1a: Garchomp|confusion|[fatigue]\n|move|p2a: Primarina|Moonblast|p1a: Garchomp\n|-supereffective|p1a: Garchomp|1\n|-damage|p1a: Garchomp|0 fnt\n|faint|p1a: Garchomp\n|\n|upkeep\n|\n|t:|1776314962\n|switch|p1a: Delphox|Delphox, L50, M|100/100\n|turn|9\n|\n|t:|1776314968\n|detailschange|p1a: Delphox|Delphox-Mega, L50, M\n|-mega|p1a: Delphox|Delphox|Delphoxite\n|move|p1a: Delphox|Encore|p2a: Primarina\n|-start|p2a: Primarina|Encore\n|move|p2a: Primarina|Moonblast|p1a: Delphox\n|-resisted|p1a: Delphox|1\n|-damage|p1a: Delphox|75/100\n|\n|upkeep\n|turn|10\n|\n|t:|1776314976\n|move|p1a: Delphox|Psychic|p2a: Primarina\n|-damage|p2a: Primarina|11/100\n|-enditem|p2a: Primarina|Sitrus Berry|[eat]\n|-heal|p2a: Primarina|36/100|[from] item: Sitrus Berry\n|move|p2a: Primarina|Moonblast|p1a: Delphox\n|-resisted|p1a: Delphox|1\n|-damage|p1a: Delphox|51/100\n|\n|upkeep\n|turn|11\n|\n|t:|1776314985\n|move|p1a: Delphox|Psychic|p2a: Primarina\n|-damage|p2a: Primarina|0 fnt\n|faint|p2a: Primarina\n|\n|win|gorilnx\n|raw|gorilnx's rating: 1162 &rarr; <strong>1188</strong><br />(+26 for winning)\n|raw|ben50813's rating: 1180 &rarr; <strong>1154</strong><br />(-26 for losing)\n",
  "uploadtime": 1776314990,
  "views": 3,
  "formatid": "gen9championsbssregma",
  "rating": 1154,
  "private": 0,
  "password": null
}