{
  "id": "gen9championsbssregma-2584299696",
  "format": "[Gen 9 Champions] BSS Reg M-A",
  "players": [
    "nuko1234",
    "jiiiiima"
  ],
  "log": "|j|\u2606nuko1234\n|j|\u203djiiiiima\n|t:|1776248705\n|gametype|singles\n|player|p1|nuko1234|guitarist|1405\n|player|p2|jiiiiima|102|1282\n|gen|9\n|tier|[Gen 9 Champions] BSS Reg M-A\n|rated|\n|rule|Species Clause: Limit one of each Pok\u00e9mon\n|rule|Item Clause: Limit 1 of each item\n|clearpoke\n|poke|p1|Gyarados, L50, F|\n|poke|p1|Charizard, L50, F|\n|poke|p1|Greninja-*, L50, F|\n|poke|p1|Mimikyu, L50, F|\n|poke|p1|Hatterene, L50, F|\n|poke|p1|Kingambit, L50, F|\n|poke|p2|Sylveon, L50, F|\n|poke|p2|Garchomp, L50, F|\n|poke|p2|Kingambit, L50, F|\n|poke|p2|Mimikyu, L50, M|\n|poke|p2|Dragonite, L50, F|\n|poke|p2|Venusaur, L50, M|\n|teampreview|3\n|inactive|Battle timer is ON: inactive players will automatically lose when time's up. (requested by nuko1234)\n|\n|t:|1776248743\n|teamsize|p1|3\n|teamsize|p2|3\n|start\n|switch|p1a: Gyarados|Gyarados, L50, F|100/100\n|switch|p2a: Venusaur|Venusaur, L50, M|100/100\n|-ability|p1a: Gyarados|Intimidate|boost\n|-unboost|p2a: Venusaur|atk|1\n|turn|1\n|\n|t:|1776248759\n|detailschange|p2a: Venusaur|Venusaur-Mega, L50, M\n|-mega|p2a: Venusaur|Venusaur|Venusaurite\n|move|p1a: Gyarados|Dragon Dance|p1a: Gyarados\n|-boost|p1a: Gyarados|atk|1\n|-boost|p1a: Gyarados|spe|1\n|move|p2a: Venusaur|Sludge Wave|p1a: Gyarados\n|-damage|p1a: Gyarados|59/100\n|\n|-heal|p1a: Gyarados|66/100|[from] item: Leftovers\n|upkeep\n|turn|2\n|\n|t:|1776248768\n|move|p1a: Gyarados|Earthquake|p2a: Venusaur\n|-damage|p2a: Venusaur|63/100\n|move|p2a: Venusaur|Giga Drain|p1a: Gyarados\n|-damage|p1a: Gyarados|35/100\n|-heal|p2a: Venusaur|79/100|[from] drain|[of] p1a: Gyarados\n|\n|-heal|p1a: Gyarados|42/100|[from] item: Leftovers\n|upkeep\n|turn|3\n|\n|t:|1776248789\n|move|p1a: Gyarados|Earthquake|p2a: Venusaur\n|-damage|p2a: Venusaur|42/100\n|move|p2a: Venusaur|Synthesis|p2a: Venusaur\n|-heal|p2a: Venusaur|92/100\n|\n|-heal|p1a: Gyarados|48/100|[from] item: Leftovers\n|upkeep\n|turn|4\n|\n|t:|1776248797\n|move|p1a: Gyarados|Earthquake|p2a: Venusaur\n|-damage|p2a: Venusaur|57/100\n|move|p2a: Venusaur|Giga Drain|p1a: Gyarados\n|-damage|p1a: Gyarados|15/100\n|-heal|p2a: Venusaur|74/100|[from] drain|[of] p1a: Gyarados\n|\n|-heal|p1a: Gyarados|21/100|[from] item: Leftovers\n|upkeep\n|turn|5\n|\n|t:|1776248807\n|move|p1a: Gyarados|Taunt|p2a: Venusaur\n|-start|p2a: Venusaur|move: Taunt\n|move|p2a: Venusaur|Giga Drain|p1a: Gyarados\n|-damage|p1a: Gyarados|0 fnt\n|-heal|p2a: Venusaur|84/100|[from] drain|[of] p1a: Gyarados\n|faint|p1a: Gyarados\n|\n|upkeep\n|\n|t:|1776248809\n|switch|p1a: Charizard|Charizard, L50, F|100/100\n|turn|6\n|j| p74\n|\n|t:|1776248831\n|switch|p2a: Garchomp|Garchomp, L50, F|100/100\n|move|p1a: Charizard|Swords Dance|p1a: Charizard\n|-boost|p1a: Charizard|atk|2\n|\n|upkeep\n|turn|7\n|\n|t:|1776248842\n|move|p2a: Garchomp|Earthquake|p1a: Charizard\n|-immune|p1a: Charizard\n|move|p1a: Charizard|Flame Charge|p2a: Garchomp\n|-resisted|p2a: Garchomp|1\n|-damage|p2a: Garchomp|80/100\n|-boost|p1a: Charizard|spe|1\n|-damage|p1a: Charizard|88/100|[from] ability: Rough Skin|[of] p2a: Garchomp\n|\n|upkeep\n|turn|8\n|\n|t:|1776248848\n|detailschange|p1a: Charizard|Charizard-Mega-X, L50, F\n|-mega|p1a: Charizard|Charizard|Charizardite X\n|move|p2a: Garchomp|Earthquake|p1a: Charizard\n|-supereffective|p1a: Charizard|1\n|-damage|p1a: Charizard|0 fnt\n|faint|p1a: Charizard\n|\n|upkeep\n|-message|nuko1234 forfeited.\n|\n|win|jiiiiima\n|raw|nuko1234's rating: 1405 &rarr; <strong>1378</strong><br />(-27 for losing)\n|raw|jiiiiima's rating: 1282 &rarr; <strong>1315</strong><br />(+33 for winning)\n|l|\u2606nuko1234\n|player|p1|\n|l|\u203djiiiiima\n|player|p2|\n",
  "uploadtime": 1776248861,
  "views": 12,
  "formatid": "gen9championsbssregma",
  "rating": 1315,
  "private": 0,
  "password": null
}