{
  "id": "gen9championsbssregma-2583177836",
  "format": "[Gen 9 Champions] BSS Reg M-A",
  "players": [
    "kerom.pk",
    "perfectnine"
  ],
  "log": "|j|\u203dkerom.pk\n|j|\u2606perfectnine\n|t:|1776151424\n|gametype|singles\n|player|p1|kerom.pk|170|1308\n|player|p2|perfectnine|170|1313\n|gen|9\n|tier|[Gen 9 Champions] BSS Reg M-A\n|rated|\n|rule|Species Clause: Limit one of each Pok\u00e9mon\n|rule|Item Clause: Limit 1 of each item\n|clearpoke\n|poke|p1|Garchomp, L50, F|\n|poke|p1|Gengar, L50, M|\n|poke|p1|Umbreon, L50, M|\n|poke|p1|Clefable, L50, M|\n|poke|p1|Venusaur, L50, F|\n|poke|p1|Tauros-Paldea-Blaze, L50, M|\n|poke|p2|Meganium, L50, F|\n|poke|p2|Emboar, L50, F|\n|poke|p2|Gyarados, L50, M|\n|poke|p2|Tyranitar, L50, F|\n|poke|p2|Archaludon, L50, M|\n|poke|p2|Corviknight, L50, M|\n|teampreview|3\n|inactive|Battle timer is ON: inactive players will automatically lose when time's up. (requested by kerom.pk)\n|\n|t:|1776151465\n|teamsize|p1|3\n|teamsize|p2|3\n|start\n|switch|p1a: Gengar|Gengar, L50, M|100/100\n|switch|p2a: Gyarados|Gyarados, L50, M|100/100\n|-ability|p2a: Gyarados|Intimidate|boost\n|-unboost|p1a: Gengar|atk|1\n|turn|1\n|j| p74\n|inactive|kerom.pk has 30 seconds left.\n|\n|t:|1776151495\n|switch|p1a: Umbreon|Umbreon, L50, M|100/100\n|switch|p2a: Tyranitar|Tyranitar, L50, F|100/100\n|-weather|Sandstorm|[from] ability: Sand Stream|[of] p2a: Tyranitar\n|\n|-weather|Sandstorm|[upkeep]\n|-damage|p1a: Umbreon|95/100|[from] Sandstorm\n|-heal|p1a: Umbreon|100/100|[from] item: Leftovers\n|upkeep\n|turn|2\n|\n|t:|1776151506\n|move|p1a: Umbreon|Yawn|p2a: Tyranitar\n|-start|p2a: Tyranitar|move: Yawn|[of] p1a: Umbreon\n|move|p2a: Tyranitar|Knock Off|p1a: Umbreon\n|-resisted|p1a: Umbreon|1\n|-damage|p1a: Umbreon|83/100\n|-enditem|p1a: Umbreon|Leftovers|[from] move: Knock Off|[of] p2a: Tyranitar\n|\n|-weather|Sandstorm|[upkeep]\n|-damage|p1a: Umbreon|77/100|[from] Sandstorm\n|upkeep\n|turn|3\n|\n|t:|1776151527\n|switch|p2a: Corviknight|Corviknight, L50, M|100/100\n|move|p1a: Umbreon|Yawn|p2a: Corviknight\n|-start|p2a: Corviknight|move: Yawn|[of] p1a: Umbreon\n|\n|-weather|Sandstorm|[upkeep]\n|-damage|p1a: Umbreon|71/100|[from] Sandstorm\n|upkeep\n|turn|4\n|\n|t:|1776151536\n|move|p2a: Corviknight|U-turn|p1a: Umbreon\n|-supereffective|p1a: Umbreon|1\n|-damage|p1a: Umbreon|47/100\n|\n|t:|1776151540\n|switch|p2a: Tyranitar|Tyranitar, L50, F|100/100|[from] U-turn\n|move|p1a: Umbreon|Yawn|p2a: Tyranitar\n|-start|p2a: Tyranitar|move: Yawn|[of] p1a: Umbreon\n|\n|-weather|Sandstorm|[upkeep]\n|-damage|p1a: Umbreon|41/100|[from] Sandstorm\n|upkeep\n|turn|5\n|\n|t:|1776151550\n|switch|p2a: Corviknight|Corviknight, L50, M|100/100\n|move|p1a: Umbreon|Wish|p1a: Umbreon\n|\n|-weather|none\n|upkeep\n|turn|6\n|\n|t:|1776151559\n|move|p1a: Umbreon|Protect|p1a: Umbreon\n|-singleturn|p1a: Umbreon|Protect\n|move|p2a: Corviknight|Body Press|p1a: Umbreon\n|-activate|p1a: Umbreon|move: Protect\n|\n|-heal|p1a: Umbreon|91/100|[from] move: Wish|[wisher] Umbreon\n|upkeep\n|turn|7\n|\n|t:|1776151568\n|move|p2a: Corviknight|Body Press|p1a: Umbreon\n|-supereffective|p1a: Umbreon|1\n|-damage|p1a: Umbreon|60/100\n|move|p1a: Umbreon|Yawn|p2a: Corviknight\n|-start|p2a: Corviknight|move: Yawn|[of] p1a: Umbreon\n|\n|upkeep\n|turn|8\n|\n|t:|1776151574\n|switch|p2a: Tyranitar|Tyranitar, L50, F|100/100\n|-weather|Sandstorm|[from] ability: Sand Stream|[of] p2a: Tyranitar\n|move|p1a: Umbreon|Yawn|p2a: Tyranitar\n|-start|p2a: Tyranitar|move: Yawn|[of] p1a: Umbreon\n|\n|-weather|Sandstorm|[upkeep]\n|-damage|p1a: Umbreon|54/100|[from] Sandstorm\n|upkeep\n|turn|9\n|\n|t:|1776151584\n|move|p1a: Umbreon|Wish|p1a: Umbreon\n|move|p2a: Tyranitar|Superpower|p1a: Umbreon\n|-supereffective|p1a: Umbreon|1\n|-damage|p1a: Umbreon|0 fnt\n|-unboost|p2a: Tyranitar|atk|1\n|-unboost|p2a: Tyranitar|def|1\n|faint|p1a: Umbreon\n|\n|-weather|Sandstorm|[upkeep]\n|-end|p2a: Tyranitar|move: Yawn|[silent]\n|-status|p2a: Tyranitar|slp\n|upkeep\n|\n|t:|1776151589\n|switch|p1a: Garchomp|Garchomp, L50, F|100/100\n|turn|10\n|\n|t:|1776151594\n|switch|p2a: Gyarados|Gyarados, L50, M|100/100\n|-ability|p2a: Gyarados|Intimidate|boost\n|-unboost|p1a: Garchomp|atk|1\n|move|p1a: Garchomp|Swords Dance|p1a: Garchomp\n|-boost|p1a: Garchomp|atk|2\n|\n|-weather|Sandstorm|[upkeep]\n|-damage|p2a: Gyarados|95/100|[from] Sandstorm\n|upkeep\n|turn|11\n|\n|t:|1776151605\n|move|p1a: Garchomp|Scale Shot|p2a: Gyarados\n|-damage|p2a: Gyarados|75/100\n|-damage|p2a: Gyarados|55/100\n|-damage|p2a: Gyarados|36/100\n|-hitcount|p2a: Gyarados|3\n|-unboost|p1a: Garchomp|def|1\n|-boost|p1a: Garchomp|spe|1\n|move|p2a: Gyarados|Ice Fang|p1a: Garchomp\n|-supereffective|p1a: Garchomp|2\n|-enditem|p1a: Garchomp|Focus Sash\n|-damage|p1a: Garchomp|1/100\n|-damage|p2a: Gyarados|24/100|[from] ability: Rough Skin|[of] p1a: Garchomp\n|\n|-weather|Sandstorm|[upkeep]\n|-damage|p2a: Gyarados|18/100|[from] Sandstorm\n|upkeep\n|turn|12\n|\n|t:|1776151619\n|move|p1a: Garchomp|Scale Shot|p2a: Gyarados\n|-damage|p2a: Gyarados|0 fnt\n|faint|p2a: Gyarados\n|-hitcount|p2: Gyarados|1\n|-unboost|p1a: Garchomp|def|1\n|-boost|p1a: Garchomp|spe|1\n|\n|-weather|none\n|upkeep\n|\n|t:|1776151626\n|switch|p2a: Corviknight|Corviknight, L50, M|100/100\n|turn|13\n|\n|t:|1776151631\n|move|p1a: Garchomp|Rock Slide|p2a: Corviknight\n|-damage|p2a: Corviknight|71/100\n|move|p2a: Corviknight|U-turn|p1a: Garchomp\n|-damage|p1a: Garchomp|0 fnt\n|-damage|p2a: Corviknight|59/100|[from] ability: Rough Skin|[of] p1a: Garchomp\n|faint|p1a: Garchomp\n|\n|t:|1776151638\n|switch|p2a: Tyranitar|Tyranitar, L50, F|100/100 slp|[from] U-turn\n|-weather|Sandstorm|[from] ability: Sand Stream|[of] p2a: Tyranitar\n|\n|-weather|Sandstorm|[upkeep]\n|upkeep\n|\n|t:|1776151640\n|switch|p1a: Gengar|Gengar, L50, M|100/100\n|turn|14\n|\n|t:|1776151646\n|detailschange|p1a: Gengar|Gengar-Mega, L50, M\n|-mega|p1a: Gengar|Gengar|Gengarite\n|detailschange|p2a: Tyranitar|Tyranitar-Mega, L50, F\n|-mega|p2a: Tyranitar|Tyranitar|Tyranitarite\n|move|p1a: Gengar|Substitute|p1a: Gengar\n|-start|p1a: Gengar|Substitute\n|-damage|p1a: Gengar|76/100\n|cant|p2a: Tyranitar|slp\n|\n|-weather|Sandstorm|[upkeep]\n|-damage|p1a: Gengar|70/100|[from] Sandstorm\n|upkeep\n|turn|15\n|\n|t:|1776151655\n|move|p1a: Gengar|Focus Blast|p2a: Tyranitar|[miss]\n|-miss|p1a: Gengar|p2a: Tyranitar\n|-curestatus|p2a: Tyranitar|slp|[msg]\n|move|p2a: Tyranitar|Knock Off|p1a: Gengar\n|-supereffective|p1a: Gengar|1\n|-end|p1a: Gengar|Substitute\n|\n|-weather|Sandstorm|[upkeep]\n|-damage|p1a: Gengar|65/100|[from] Sandstorm\n|upkeep\n|turn|16\n|\n|t:|1776151664\n|move|p1a: Gengar|Focus Blast|p2a: Tyranitar\n|-supereffective|p2a: Tyranitar|2\n|-crit|p2a: Tyranitar\n|-damage|p2a: Tyranitar|0 fnt\n|faint|p2a: Tyranitar\n|\n|-weather|Sandstorm|[upkeep]\n|-damage|p1a: Gengar|59/100|[from] Sandstorm\n|upkeep\n|\n|t:|1776151671\n|switch|p2a: Corviknight|Corviknight, L50, M|59/100\n|turn|17\n|\n|t:|1776151674\n|move|p1a: Gengar|Shadow Ball|p2a: Corviknight\n|-damage|p2a: Corviknight|0 fnt\n|faint|p2a: Corviknight\n|\n|win|kerom.pk\n|raw|kerom.pk's rating: 1326 &rarr; <strong>1345</strong><br />(+19 for winning)\n|raw|perfectnine's rating: 1313 &rarr; <strong>1294</strong><br />(-19 for losing)\n|l|\u2606perfectnine\n|player|p2|\n|l|\u203dkerom.pk\n|player|p1|\n",
  "uploadtime": 1776151770,
  "views": 2,
  "formatid": "gen9championsbssregma",
  "rating": 1294,
  "private": 0,
  "password": null
}