{
  "id": "gen9championsbssregma-2584296425",
  "format": "[Gen 9 Champions] BSS Reg M-A",
  "players": [
    "daelien",
    "Keyan_Sans"
  ],
  "log": "|j|\u2606daelien\n|j|\u2606Keyan_Sans\n|t:|1776248349\n|gametype|singles\n|player|p1|daelien|101|1070\n|player|p2|Keyan_Sans|hugh|1168\n|gen|9\n|tier|[Gen 9 Champions] BSS Reg M-A\n|rated|\n|rule|Species Clause: Limit one of each Pok\u00e9mon\n|rule|Item Clause: Limit 1 of each item\n|clearpoke\n|poke|p1|Hippowdon, L50, F|\n|poke|p1|Maushold-Four, L50|\n|poke|p1|Venusaur, L50, F|\n|poke|p1|Corviknight, L50, M|\n|poke|p1|Rotom-Wash, L50|\n|poke|p1|Volcarona, L50, M|\n|poke|p2|Aegislash, L50, F|\n|poke|p2|Primarina, L50, F|\n|poke|p2|Glimmora, L50, M|\n|poke|p2|Meowscarada, L50, M|\n|poke|p2|Dragonite, L50, M|\n|poke|p2|Lopunny, L50, M|\n|teampreview|3\n|inactive|Battle timer is ON: inactive players will automatically lose when time's up. (requested by daelien)\n|\n|t:|1776248379\n|teamsize|p1|3\n|teamsize|p2|3\n|start\n|switch|p1a: Hippowdon|Hippowdon, L50, F|100/100\n|switch|p2a: Glimmora|Glimmora, L50, M|100/100\n|-weather|Sandstorm|[from] ability: Sand Stream|[of] p1a: Hippowdon\n|turn|1\n|\n|t:|1776248388\n|move|p2a: Glimmora|Stealth Rock|p1a: Hippowdon\n|-sidestart|p1: daelien|move: Stealth Rock\n|move|p1a: Hippowdon|Yawn|p2a: Glimmora\n|-start|p2a: Glimmora|move: Yawn|[of] p1a: Hippowdon\n|\n|-weather|Sandstorm|[upkeep]\n|upkeep\n|turn|2\n|\n|t:|1776248394\n|switch|p2a: Lopunny|Lopunny, L50, M|100/100\n|move|p1a: Hippowdon|Stealth Rock|p2a: Lopunny\n|-sidestart|p2: Keyan_Sans|move: Stealth Rock\n|\n|-weather|Sandstorm|[upkeep]\n|-damage|p2a: Lopunny|95/100|[from] Sandstorm\n|upkeep\n|turn|3\n|\n|t:|1776248405\n|switch|p1a: Venusaur|Venusaur, L50, F|100/100\n|-damage|p1a: Venusaur|88/100|[from] Stealth Rock\n|detailschange|p2a: Lopunny|Lopunny-Mega, L50, M\n|-mega|p2a: Lopunny|Lopunny|Lopunnite\n|move|p2a: Lopunny|Fake Out|p1a: Venusaur\n|-damage|p1a: Venusaur|65/100\n|\n|-weather|Sandstorm|[upkeep]\n|-damage|p2a: Lopunny|89/100|[from] Sandstorm\n|-damage|p1a: Venusaur|59/100|[from] Sandstorm\n|upkeep\n|turn|4\n|\n|t:|1776248415\n|detailschange|p1a: Venusaur|Venusaur-Mega, L50, F\n|-mega|p1a: Venusaur|Venusaur|Venusaurite\n|move|p2a: Lopunny|U-turn|p1a: Venusaur\n|-damage|p1a: Venusaur|37/100\n|\n|t:|1776248418\n|switch|p2a: Glimmora|Glimmora, L50, M|100/100|[from] U-turn\n|-damage|p2a: Glimmora|88/100|[from] Stealth Rock\n|move|p1a: Venusaur|Leech Seed|p2a: Glimmora\n|-start|p2a: Glimmora|move: Leech Seed\n|\n|-weather|Sandstorm|[upkeep]\n|-damage|p1a: Venusaur|32/100|[from] Sandstorm\n|-damage|p2a: Glimmora|76/100|[from] Leech Seed|[of] p1a: Venusaur\n|-heal|p1a: Venusaur|44/100|[silent]\n|upkeep\n|turn|5\n|\n|t:|1776248427\n|switch|p1a: Hippowdon|Hippowdon, L50, F|100/100\n|-damage|p1a: Hippowdon|95/100|[from] Stealth Rock\n|move|p2a: Glimmora|Mortal Spin|p1a: Hippowdon\n|-resisted|p1a: Hippowdon|1\n|-damage|p1a: Hippowdon|93/100\n|-status|p1a: Hippowdon|psn\n|-end|p2a: Glimmora|Leech Seed|[from] move: Mortal Spin|[of] p2a: Glimmora\n|-sideend|p2: Keyan_Sans|Stealth Rock|[from] move: Mortal Spin|[of] p2a: Glimmora\n|\n|-weather|none\n|-damage|p1a: Hippowdon|80/100 psn|[from] psn\n|upkeep\n|turn|6\n|\n|t:|1776248453\n|switch|p2a: Lopunny|Lopunny-Mega, L50, M|89/100\n|move|p1a: Hippowdon|Yawn|p2a: Lopunny\n|-start|p2a: Lopunny|move: Yawn|[of] p1a: Hippowdon\n|\n|-damage|p1a: Hippowdon|68/100 psn|[from] psn\n|upkeep\n|turn|7\n|\n|t:|1776248468\n|move|p2a: Lopunny|U-turn|p1a: Hippowdon\n|-crit|p1a: Hippowdon\n|-damage|p1a: Hippowdon|43/100 psn\n|-enditem|p1a: Hippowdon|Sitrus Berry|[eat]\n|-heal|p1a: Hippowdon|68/100 psn|[from] item: Sitrus Berry\n|\n|t:|1776248472\n|switch|p2a: Glimmora|Glimmora, L50, M|76/100|[from] U-turn\n|move|p1a: Hippowdon|Earthquake|p2a: Glimmora\n|-supereffective|p2a: Glimmora|2\n|-damage|p2a: Glimmora|0 fnt\n|-activate|p2a: Glimmora|ability: Toxic Debris\n|-sidestart|p1: daelien|move: Toxic Spikes\n|faint|p2a: Glimmora\n|\n|-damage|p1a: Hippowdon|55/100 psn|[from] psn\n|upkeep\n|\n|t:|1776248477\n|switch|p2a: Primarina|Primarina, L50, F|100/100\n|turn|8\n|inactive|daelien has 30 seconds left.\n|inactive|daelien has 20 seconds left.\n|inactive|daelien has 15 seconds left.\n|inactive|daelien has 10 seconds left.\n|\n|t:|1776248525\n|move|p2a: Primarina|Calm Mind|p2a: Primarina\n|-boost|p2a: Primarina|spa|1\n|-boost|p2a: Primarina|spd|1\n|move|p1a: Hippowdon|Yawn|p2a: Primarina\n|-start|p2a: Primarina|move: Yawn|[of] p1a: Hippowdon\n|\n|-damage|p1a: Hippowdon|43/100 psn|[from] psn\n|upkeep\n|turn|9\n|\n|t:|1776248533\n|move|p2a: Primarina|Sparkling Aria|p1a: Hippowdon\n|-supereffective|p1a: Hippowdon|1\n|-damage|p1a: Hippowdon|0 fnt\n|faint|p1a: Hippowdon\n|\n|-end|p2a: Primarina|move: Yawn|[silent]\n|-status|p2a: Primarina|slp\n|upkeep\n|\n|t:|1776248537\n|switch|p1a: Venusaur|Venusaur-Mega, L50, F|44/100\n|-damage|p1a: Venusaur|32/100|[from] Stealth Rock\n|-sideend|p1: daelien|move: Toxic Spikes|[of] p1a: Venusaur\n|turn|10\n|\n|t:|1776248540\n|move|p1a: Venusaur|Leech Seed|p2a: Primarina\n|-start|p2a: Primarina|move: Leech Seed\n|cant|p2a: Primarina|slp\n|\n|-damage|p2a: Primarina|88/100 slp|[from] Leech Seed|[of] p1a: Venusaur\n|-heal|p1a: Venusaur|46/100|[silent]\n|upkeep\n|turn|11\n|\n|t:|1776248546\n|move|p1a: Venusaur|Giga Drain|p2a: Primarina\n|-supereffective|p2a: Primarina|1\n|-damage|p2a: Primarina|46/100 slp\n|-heal|p1a: Venusaur|71/100|[from] drain|[of] p2a: Primarina\n|-curestatus|p2a: Primarina|slp|[msg]\n|move|p2a: Primarina|Psychic|p1a: Venusaur\n|-supereffective|p1a: Venusaur|1\n|-damage|p1a: Venusaur|0 fnt\n|faint|p1a: Venusaur\n|\n|-heal|p2a: Primarina|52/100|[from] item: Leftovers\n|upkeep\n|\n|t:|1776248548\n|switch|p1a: Rotom|Rotom-Wash, L50|100/100\n|-damage|p1a: Rotom|88/100|[from] Stealth Rock\n|turn|12\n|\n|t:|1776248552\n|move|p1a: Rotom|Protect|p1a: Rotom\n|-singleturn|p1a: Rotom|Protect\n|move|p2a: Primarina|Draining Kiss|p1a: Rotom\n|-activate|p1a: Rotom|move: Protect\n|\n|-heal|p2a: Primarina|58/100|[from] item: Leftovers\n|-damage|p2a: Primarina|46/100|[from] Leech Seed|[of] p1a: Rotom\n|-heal|p1a: Rotom|100/100|[silent]\n|upkeep\n|turn|13\n|\n|t:|1776248559\n|move|p1a: Rotom|Thunderbolt|p2a: Primarina\n|-supereffective|p2a: Primarina|1\n|-damage|p2a: Primarina|0 fnt\n|faint|p2a: Primarina\n|\n|upkeep\n|\n|t:|1776248561\n|switch|p2a: Lopunny|Lopunny-Mega, L50, M|89/100\n|turn|14\n|\n|t:|1776248564\n|move|p1a: Rotom|Protect|p1a: Rotom\n|-singleturn|p1a: Rotom|Protect\n|move|p2a: Lopunny|Fake Out|p1a: Rotom\n|-activate|p1a: Rotom|move: Protect\n|\n|upkeep\n|turn|15\n|\n|t:|1776248569\n|move|p2a: Lopunny|Close Combat|p1a: Rotom\n|-damage|p1a: Rotom|34/100\n|-unboost|p2a: Lopunny|def|1\n|-unboost|p2a: Lopunny|spd|1\n|move|p1a: Rotom|Will-O-Wisp|p2a: Lopunny\n|-status|p2a: Lopunny|brn\n|\n|-damage|p2a: Lopunny|83/100 brn|[from] brn\n|upkeep\n|turn|16\n|c|\u2606Keyan_Sans|Coward\n|c|\u2606Keyan_Sans|Why use protect\n|\n|t:|1776248579\n|move|p1a: Rotom|Protect|p1a: Rotom\n|-singleturn|p1a: Rotom|Protect\n|move|p2a: Lopunny|Close Combat|p1a: Rotom\n|-activate|p1a: Rotom|move: Protect\n|\n|-damage|p2a: Lopunny|78/100 brn|[from] brn\n|upkeep\n|turn|17\n|\n|t:|1776248585\n|move|p2a: Lopunny|Close Combat|p1a: Rotom\n|-damage|p1a: Rotom|0 fnt\n|-unboost|p2a: Lopunny|def|1\n|-unboost|p2a: Lopunny|spd|1\n|faint|p1a: Rotom\n|\n|win|Keyan_Sans\n|raw|daelien's rating: 1070 &rarr; <strong>1055</strong><br />(-15 for losing)\n|raw|Keyan_Sans's rating: 1168 &rarr; <strong>1186</strong><br />(+18 for winning)\n",
  "uploadtime": 1776248588,
  "views": 7,
  "formatid": "gen9championsbssregma",
  "rating": 1055,
  "private": 0,
  "password": null
}