{
  "id": "gen9championsbssregma-2584932600",
  "format": "[Gen 9 Champions] BSS Reg M-A",
  "players": [
    "zaliyeyuan",
    "tikpen"
  ],
  "log": "|j|\u2606zaliyeyuan\n|j|\u2606tikpen\n|t:|1776295755\n|gametype|singles\n|player|p1|zaliyeyuan|artist-gen4|1368\n|player|p2|tikpen|2|1487\n|gen|9\n|tier|[Gen 9 Champions] BSS Reg M-A\n|rated|\n|rule|Species Clause: Limit one of each Pok\u00e9mon\n|rule|Item Clause: Limit 1 of each item\n|clearpoke\n|poke|p1|Starmie, L50|\n|poke|p1|Hydreigon, L50, M|\n|poke|p1|Hippowdon, L50, F|\n|poke|p1|Rotom-Wash, L50|\n|poke|p1|Aegislash, L50, M|\n|poke|p1|Floette-Eternal, L50, F|\n|poke|p2|Delphox, L50, M|\n|poke|p2|Kingambit, L50, M|\n|poke|p2|Greninja-*, L50, M|\n|poke|p2|Archaludon, L50, F|\n|poke|p2|Scizor, L50, F|\n|poke|p2|Gengar, L50, F|\n|teampreview|3\n|j| p74\n|j| huhyuhyuhyuh\n|inactive|Battle timer is ON: inactive players will automatically lose when time's up. (requested by tikpen)\n|\n|t:|1776295851\n|teamsize|p1|3\n|teamsize|p2|3\n|start\n|switch|p1a: Starmie|Starmie, L50, shiny|100/100\n|switch|p2a: Greninja|Greninja, L50, M|100/100\n|turn|1\n|\n|t:|1776295868\n|switch|p2a: Archaludon|Archaludon, L50, F|100/100\n|switch|p1a: Hydreigon|Hydreigon, L50, M, shiny|100/100\n|\n|upkeep\n|turn|2\n|\n|t:|1776295880\n|move|p1a: Hydreigon|Draco Meteor|p2a: Archaludon\n|-damage|p2a: Archaludon|40/100\n|-unboost|p1a: Hydreigon|spa|2\n|-ability|p2a: Archaludon|Stamina|boost\n|-boost|p2a: Archaludon|def|1\n|move|p2a: Archaludon|Dragon Tail|p1a: Hydreigon\n|-supereffective|p1a: Hydreigon|1\n|-damage|p1a: Hydreigon|51/100\n|drag|p1a: Starmie|Starmie, L50, shiny|100/100\n|\n|-heal|p2a: Archaludon|46/100|[from] item: Leftovers\n|upkeep\n|turn|3\n|\n|t:|1776295898\n|switch|p1a: Aegislash|Aegislash, L50, M|100/100\n|move|p2a: Archaludon|Stealth Rock|p1a: Aegislash\n|-sidestart|p1: zaliyeyuan|move: Stealth Rock\n|\n|-heal|p2a: Archaludon|52/100|[from] item: Leftovers\n|upkeep\n|turn|4\n|\n|t:|1776295918\n|move|p2a: Archaludon|Thunderbolt|p1a: Aegislash\n|-damage|p1a: Aegislash|77/100\n|-status|p1a: Aegislash|par\n|-formechange|p1a: Aegislash|Aegislash-Blade|\n|move|p1a: Aegislash|Close Combat|p2a: Archaludon\n|-supereffective|p2a: Archaludon|1\n|-damage|p2a: Archaludon|3/100\n|-unboost|p1a: Aegislash|def|1\n|-unboost|p1a: Aegislash|spd|1\n|-ability|p2a: Archaludon|Stamina|boost\n|-boost|p2a: Archaludon|def|1\n|\n|-heal|p2a: Archaludon|9/100|[from] item: Leftovers\n|upkeep\n|turn|5\n|\n|t:|1776295933\n|move|p1a: Aegislash|Shadow Sneak|p2a: Archaludon\n|-damage|p2a: Archaludon|0 fnt\n|faint|p2a: Archaludon\n|\n|upkeep\n|\n|t:|1776295946\n|switch|p2a: Greninja|Greninja, L50, M|100/100\n|turn|6\n|\n|t:|1776295953\n|cant|p1a: Aegislash|par\n|move|p2a: Greninja|Dark Pulse|p1a: Aegislash\n|-start|p2a: Greninja|typechange|Dark|[from] ability: Protean\n|-supereffective|p1a: Aegislash|1\n|-damage|p1a: Aegislash|0 fnt\n|faint|p1a: Aegislash\n|\n|upkeep\n|\n|t:|1776295963\n|switch|p1a: Hydreigon|Hydreigon, L50, M, shiny|51/100\n|-damage|p1a: Hydreigon|38/100|[from] Stealth Rock\n|turn|7\n|\n|t:|1776295986\n|move|p2a: Greninja|Dark Pulse|p1a: Hydreigon\n|-resisted|p1a: Hydreigon|1\n|-damage|p1a: Hydreigon|17/100\n|move|p1a: Hydreigon|Fire Blast|p2a: Greninja\n|-damage|p2a: Greninja|31/100\n|\n|upkeep\n|turn|8\n|\n|t:|1776295994\n|move|p2a: Greninja|Dark Pulse|p1a: Hydreigon\n|-resisted|p1a: Hydreigon|1\n|-damage|p1a: Hydreigon|0 fnt\n|faint|p1a: Hydreigon\n|\n|upkeep\n|\n|t:|1776295999\n|switch|p1a: Starmie|Starmie, L50, shiny|100/100\n|-damage|p1a: Starmie|88/100|[from] Stealth Rock\n|turn|9\n|\n|t:|1776296005\n|detailschange|p1a: Starmie|Starmie-Mega, L50, shiny\n|-mega|p1a: Starmie|Starmie|Starminite\n|move|p1a: Starmie|Aqua Jet|p2a: Greninja\n|-damage|p2a: Greninja|0 fnt\n|faint|p2a: Greninja\n|\n|upkeep\n|\n|t:|1776296011\n|switch|p2a: Kingambit|Kingambit, L50, M|100/100\n|-activate|p2a: Kingambit|ability: Supreme Overlord\n|-start|p2a: Kingambit|fallen2|[silent]\n|turn|10\n|\n|t:|1776296021\n|move|p2a: Kingambit|Sucker Punch|p1a: Starmie\n|-supereffective|p1a: Starmie|1\n|-crit|p1a: Starmie\n|-damage|p1a: Starmie|0 fnt\n|faint|p1a: Starmie\n|\n|win|tikpen\n|raw|zaliyeyuan's rating: 1368 &rarr; <strong>1355</strong><br />(-13 for losing)\n|raw|tikpen's rating: 1487 &rarr; <strong>1500</strong><br />(+13 for winning)\n|l|\u2606zaliyeyuan\n|player|p1|\n|l|\u2606tikpen\n|player|p2|\n|l| huhyuhyuhyuh\n",
  "uploadtime": 1776296069,
  "views": 14,
  "formatid": "gen9championsbssregma",
  "rating": 1355,
  "private": 0,
  "password": null
}