{
  "id": "gen9championsbssregma-2583097287",
  "format": "[Gen 9 Champions] BSS Reg M-A",
  "players": [
    "mathismathin",
    "ogh122"
  ],
  "log": "|j|\u2606mathismathin\n|j|\u2606ogh122\n|t:|1776141648\n|gametype|singles\n|player|p1|mathismathin|bugsy-masters|1000\n|player|p2|ogh122|102|1090\n|gen|9\n|tier|[Gen 9 Champions] BSS Reg M-A\n|rated|\n|rule|Species Clause: Limit one of each Pok\u00e9mon\n|rule|Item Clause: Limit 1 of each item\n|clearpoke\n|poke|p1|Aegislash, L50, F|\n|poke|p1|Meganium, L50, M|\n|poke|p1|Sneasler, L50, F|\n|poke|p1|Dragapult, L50, F|\n|poke|p1|Lycanroc-Dusk, L50, F|\n|poke|p1|Tyranitar, L50, F|\n|poke|p2|Aggron, L50, F|\n|poke|p2|Clefable, L50, F|\n|poke|p2|Skeledirge, L50, F|\n|poke|p2|Palafin, L50, F|\n|poke|p2|Espathra, L50, F|\n|poke|p2|Glimmora, L50, F|\n|teampreview|3\n|inactive|Battle timer is ON: inactive players will automatically lose when time's up. (requested by ogh122)\n|\n|t:|1776141680\n|teamsize|p1|3\n|teamsize|p2|3\n|start\n|switch|p1a: Aegislash|Aegislash, L50, F|100/100\n|switch|p2a: Palafin|Palafin, L50, F|100/100\n|turn|1\n|\n|t:|1776141689\n|move|p2a: Palafin|Flip Turn|p1a: Aegislash\n|-damage|p1a: Aegislash|82/100\n|\n|t:|1776141697\n|detailschange|p2a: Palafin|Palafin-Hero, L50, F\n|switch|p2a: Glimmora|Glimmora, L50, F|100/100|[from] Flip Turn\n|move|p1a: Aegislash|Swords Dance|p1a: Aegislash\n|-boost|p1a: Aegislash|atk|2\n|\n|upkeep\n|turn|2\n|\n|t:|1776141704\n|move|p2a: Glimmora|Spikes|p1a: Aegislash\n|-sidestart|p1: mathismathin|Spikes\n|-formechange|p1a: Aegislash|Aegislash-Blade|\n|move|p1a: Aegislash|Poltergeist|p2a: Glimmora\n|-activate|p2a: Glimmora|move: Poltergeist|Focus Sash\n|-enditem|p2a: Glimmora|Focus Sash\n|-damage|p2a: Glimmora|1/100\n|-activate|p2a: Glimmora|ability: Toxic Debris\n|-sidestart|p1: mathismathin|move: Toxic Spikes\n|\n|upkeep\n|turn|3\n|\n|t:|1776141714\n|move|p1a: Aegislash|Shadow Sneak|p2a: Glimmora\n|-damage|p2a: Glimmora|0 fnt\n|-activate|p2a: Glimmora|ability: Toxic Debris\n|-sidestart|p1: mathismathin|move: Toxic Spikes\n|faint|p2a: Glimmora\n|\n|upkeep\n|\n|t:|1776141718\n|switch|p2a: Aggron|Aggron, L50, F|100/100\n|turn|4\n|\n|t:|1776141729\n|move|p1a: Aegislash|Close Combat|p2a: Aggron\n|-supereffective|p2a: Aggron|2\n|-ability|p2a: Aggron|Sturdy\n|-damage|p2a: Aggron|1/100\n|-unboost|p1a: Aegislash|def|1\n|-unboost|p1a: Aegislash|spd|1\n|move|p2a: Aggron|Roar|p1a: Aegislash\n|drag|p1a: Tyranitar|Tyranitar, L50, F|100/100\n|-damage|p1a: Tyranitar|88/100|[from] Spikes\n|-status|p1a: Tyranitar|tox\n|-weather|Sandstorm|[from] ability: Sand Stream|[of] p1a: Tyranitar\n|\n|-weather|Sandstorm|[upkeep]\n|-damage|p1a: Tyranitar|83/100 tox|[from] psn\n|upkeep\n|turn|5\n|\n|t:|1776141743\n|move|p1a: Tyranitar|Stealth Rock|p2a: Aggron\n|-sidestart|p2: ogh122|move: Stealth Rock\n|move|p2a: Aggron|Stealth Rock|p1a: Tyranitar\n|-sidestart|p1: mathismathin|move: Stealth Rock\n|\n|-weather|Sandstorm|[upkeep]\n|-damage|p1a: Tyranitar|71/100 tox|[from] psn\n|upkeep\n|turn|6\n|\n|t:|1776141748\n|move|p1a: Tyranitar|Foul Play|p2a: Aggron\n|-damage|p2a: Aggron|0 fnt\n|faint|p2a: Aggron\n|\n|-weather|Sandstorm|[upkeep]\n|-damage|p1a: Tyranitar|54/100 tox|[from] psn\n|upkeep\n|\n|t:|1776141751\n|switch|p2a: Palafin|Palafin-Hero, L50, F|100/100\n|-damage|p2a: Palafin|88/100|[from] Stealth Rock\n|-activate|p2a: Palafin|ability: Zero to Hero\n|turn|7\n|\n|t:|1776141763\n|move|p2a: Palafin|Liquidation|p1a: Tyranitar\n|-supereffective|p1a: Tyranitar|1\n|-damage|p1a: Tyranitar|0 fnt\n|faint|p1a: Tyranitar\n|\n|-weather|Sandstorm|[upkeep]\n|-damage|p2a: Palafin|82/100|[from] Sandstorm\n|upkeep\n|\n|t:|1776141767\n|switch|p1a: Meganium|Meganium, L50, M|100/100\n|-damage|p1a: Meganium|88/100|[from] Spikes\n|-status|p1a: Meganium|tox\n|-damage|p1a: Meganium|76/100 tox|[from] Stealth Rock\n|turn|8\n|\n|t:|1776141774\n|detailschange|p1a: Meganium|Meganium-Mega, L50, M\n|-mega|p1a: Meganium|Meganium|Meganiumite\n|move|p2a: Palafin|Liquidation|p1a: Meganium\n|-resisted|p1a: Meganium|1\n|-damage|p1a: Meganium|53/100 tox\n|move|p1a: Meganium|Solar Beam||[still]\n|-prepare|p1a: Meganium|Solar Beam\n|-activate|p1a: Meganium|ability: Mega Sol\n|-anim|p1a: Meganium|Solar Beam|p2a: Palafin\n|-supereffective|p2a: Palafin|1\n|-damage|p2a: Palafin|0 fnt\n|faint|p2a: Palafin\n|\n|win|mathismathin\n|raw|mathismathin's rating: 1000 &rarr; <strong>1050</strong><br />(+50 for winning)\n|raw|ogh122's rating: 1090 &rarr; <strong>1061</strong><br />(-29 for losing)\n|l|\u2606ogh122\n|player|p2|\n",
  "uploadtime": 1776141803,
  "views": 2,
  "formatid": "gen9championsbssregma",
  "rating": 1050,
  "private": 0,
  "password": null
}