{
  "id": "gen9championsbssregma-2586190258",
  "format": "[Gen 9 Champions] BSS Reg M-A",
  "players": [
    "awamwdamkamd",
    "zaliyeyuan"
  ],
  "log": "|j|\u2606awamwdamkamd\n|j|\u2606zaliyeyuan\n|t:|1776410387\n|gametype|singles\n|player|p1|awamwdamkamd|1|1292\n|player|p2|zaliyeyuan|artist-gen4|1349\n|gen|9\n|tier|[Gen 9 Champions] BSS Reg M-A\n|rated|\n|rule|Species Clause: Limit one of each Pok\u00e9mon\n|rule|Item Clause: Limit 1 of each item\n|clearpoke\n|poke|p1|Basculegion, L50, M|\n|poke|p1|Garganacl, L50, F|\n|poke|p1|Umbreon, L50, M|\n|poke|p1|Dragapult, L50, M|\n|poke|p1|Garchomp, L50, F|\n|poke|p1|Skarmory, L50, F|\n|poke|p2|Starmie, L50|\n|poke|p2|Hydreigon, L50, M|\n|poke|p2|Hippowdon, L50, F|\n|poke|p2|Rotom-Wash, L50|\n|poke|p2|Aegislash, L50, M|\n|poke|p2|Floette-Eternal, L50, F|\n|teampreview|3\n|j| p74\n|\n|t:|1776410432\n|teamsize|p1|3\n|teamsize|p2|3\n|start\n|switch|p1a: Dragapult|Dragapult, L50, M|100/100\n|switch|p2a: Floette|Floette-Eternal, L50, F|100/100\n|turn|1\n|\n|t:|1776410440\n|detailschange|p2a: Floette|Floette-Mega, L50, F\n|-mega|p2a: Floette|Floette|Floettite\n|-ability|p2a: Floette|Fairy Aura\n|move|p1a: Dragapult|Thunder Wave|p2a: Floette|[miss]\n|-miss|p1a: Dragapult|p2a: Floette\n|move|p2a: Floette|Draining Kiss|p1a: Dragapult\n|-supereffective|p1a: Dragapult|1\n|-damage|p1a: Dragapult|0 fnt\n|faint|p1a: Dragapult\n|\n|upkeep\n|\n|t:|1776410445\n|switch|p1a: Garganacl|Garganacl, L50, F|100/100\n|turn|2\n|\n|t:|1776410468\n|move|p2a: Floette|Calm Mind|p2a: Floette\n|-boost|p2a: Floette|spa|1\n|-boost|p2a: Floette|spd|1\n|move|p1a: Garganacl|Salt Cure|p2a: Floette\n|-damage|p2a: Floette|88/100\n|-start|p2a: Floette|Salt Cure\n|\n|-damage|p2a: Floette|82/100|[from] Salt Cure\n|upkeep\n|turn|3\n|\n|t:|1776410477\n|move|p2a: Floette|Calm Mind|p2a: Floette\n|-boost|p2a: Floette|spa|1\n|-boost|p2a: Floette|spd|1\n|move|p1a: Garganacl|Curse|p1a: Garganacl\n|-unboost|p1a: Garganacl|spe|1\n|-boost|p1a: Garganacl|atk|1\n|-boost|p1a: Garganacl|def|1\n|\n|-damage|p2a: Floette|76/100|[from] Salt Cure\n|upkeep\n|turn|4\n|\n|t:|1776410494\n|move|p2a: Floette|Draining Kiss|p1a: Garganacl\n|-damage|p1a: Garganacl|48/100\n|-heal|p2a: Floette|100/100|[from] drain|[of] p1a: Garganacl\n|move|p1a: Garganacl|Earthquake|p2a: Floette\n|-damage|p2a: Floette|69/100\n|\n|-damage|p2a: Floette|63/100|[from] Salt Cure\n|upkeep\n|turn|5\n|\n|t:|1776410504\n|move|p2a: Floette|Draining Kiss|p1a: Garganacl\n|-damage|p1a: Garganacl|0 fnt\n|-heal|p2a: Floette|100/100|[from] drain|[of] p1a: Garganacl\n|faint|p1a: Garganacl\n|\n|-damage|p2a: Floette|94/100|[from] Salt Cure\n|upkeep\n|\n|t:|1776410505\n|switch|p1a: Basculegion|Basculegion, L50, M|100/100\n|turn|6\n|\n|t:|1776410518\n|move|p1a: Basculegion|Substitute|p1a: Basculegion\n|-start|p1a: Basculegion|Substitute\n|-damage|p1a: Basculegion|76/100\n|move|p2a: Floette|Draining Kiss|p1a: Basculegion\n|-end|p1a: Basculegion|Substitute\n|-heal|p2a: Floette|100/100|[from] drain|[of] p1a: Basculegion\n|\n|-damage|p2a: Floette|94/100|[from] Salt Cure\n|upkeep\n|turn|7\n|\n|t:|1776410528\n|move|p1a: Basculegion|Substitute|p1a: Basculegion\n|-start|p1a: Basculegion|Substitute\n|-damage|p1a: Basculegion|51/100\n|move|p2a: Floette|Draining Kiss|p1a: Basculegion\n|-end|p1a: Basculegion|Substitute\n|-heal|p2a: Floette|100/100|[from] drain|[of] p1a: Basculegion\n|\n|-damage|p2a: Floette|94/100|[from] Salt Cure\n|upkeep\n|turn|8\n|\n|t:|1776410538\n|move|p1a: Basculegion|Substitute|p1a: Basculegion\n|-start|p1a: Basculegion|Substitute\n|-damage|p1a: Basculegion|26/100\n|move|p2a: Floette|Draining Kiss|p1a: Basculegion|[miss]\n|-miss|p2a: Floette|p1a: Basculegion\n|\n|-damage|p2a: Floette|88/100|[from] Salt Cure\n|upkeep\n|turn|9\n|\n|t:|1776410547\n|move|p1a: Basculegion|Last Respects|p2a: Floette\n|-damage|p2a: Floette|4/100\n|move|p2a: Floette|Moonblast|p1a: Basculegion\n|-end|p1a: Basculegion|Substitute\n|\n|-damage|p2a: Floette|0 fnt|[from] Salt Cure\n|faint|p2a: Floette\n|upkeep\n|\n|t:|1776410557\n|switch|p2a: Aegislash|Aegislash, L50, M|100/100\n|turn|10\n|\n|t:|1776410561\n|-formechange|p2a: Aegislash|Aegislash-Blade|\n|move|p2a: Aegislash|Shadow Sneak|p1a: Basculegion\n|-supereffective|p1a: Basculegion|1\n|-damage|p1a: Basculegion|0 fnt\n|faint|p1a: Basculegion\n|\n|win|zaliyeyuan\n|raw|awamwdamkamd's rating: 1292 &rarr; <strong>1271</strong><br />(-21 for losing)\n|raw|zaliyeyuan's rating: 1349 &rarr; <strong>1366</strong><br />(+17 for winning)\n|l|\u2606awamwdamkamd\n|player|p1|\n|l|\u2606zaliyeyuan\n|player|p2|\n",
  "uploadtime": 1776410576,
  "views": 2,
  "formatid": "gen9championsbssregma",
  "rating": 1271,
  "private": 0,
  "password": null
}