{
  "id": "gen9championsbssregma-2587609970",
  "format": "[Gen 9 Champions] BSS Reg M-A",
  "players": [
    "driflount drifloon",
    "badaaabum"
  ],
  "log": "|j|\u2606driflount drifloon\n|j|\u2606badaaabum\n|t:|1776546713\n|gametype|singles\n|player|p1|driflount drifloon|brock|1079\n|player|p2|badaaabum|rocketgrunt|1147\n|gen|9\n|tier|[Gen 9 Champions] BSS Reg M-A\n|rated|\n|rule|Species Clause: Limit one of each Pok\u00e9mon\n|rule|Item Clause: Limit 1 of each item\n|clearpoke\n|poke|p1|Espathra, L50, M|\n|poke|p1|Lopunny, L50, M|\n|poke|p1|Slowbro, L50, M|\n|poke|p1|Clefable, L50, M|\n|poke|p1|Corviknight, L50, F|\n|poke|p1|Incineroar, L50, F|\n|poke|p2|Hydreigon, L50, M, shiny|\n|poke|p2|Aggron, L50, M, shiny|\n|poke|p2|Hatterene, L50, F, shiny|\n|poke|p2|Aegislash, L50, M, shiny|\n|poke|p2|Zoroark-Hisui, L50, M, shiny|\n|poke|p2|Gardevoir, L50, F, shiny|\n|teampreview|3\n|inactive|Battle timer is ON: inactive players will automatically lose when time's up. (requested by driflount drifloon)\n|inactive|driflount drifloon has 60 seconds left.\n|inactive|driflount drifloon has 30 seconds left.\n|\n|t:|1776546778\n|teamsize|p1|3\n|teamsize|p2|3\n|start\n|switch|p1a: Incineroar|Incineroar, L50, F|100/100\n|switch|p2a: Aggron|Aggron, L50, M, shiny|100/100\n|-ability|p1a: Incineroar|Intimidate|boost\n|-unboost|p2a: Aggron|atk|1\n|turn|1\n|\n|t:|1776546787\n|detailschange|p2a: Aggron|Aggron-Mega, L50, M, shiny\n|-mega|p2a: Aggron|Aggron|Aggronite\n|move|p1a: Incineroar|Bulk Up|p1a: Incineroar\n|-boost|p1a: Incineroar|atk|1\n|-boost|p1a: Incineroar|def|1\n|move|p2a: Aggron|Iron Defense|p2a: Aggron\n|-boost|p2a: Aggron|def|2\n|\n|upkeep\n|turn|2\n|\n|t:|1776546798\n|move|p1a: Incineroar|Baton Pass|p1a: Incineroar\n|\n|t:|1776546799\n|switch|p1a: Clefable|Clefable, L50, M|100/100|[from] Baton Pass\n|move|p2a: Aggron|Body Press|p1a: Clefable\n|-resisted|p1a: Clefable|1\n|-damage|p1a: Clefable|81/100\n|\n|upkeep\n|turn|3\n|\n|t:|1776546808\n|detailschange|p1a: Clefable|Clefable-Mega, L50, M\n|-mega|p1a: Clefable|Clefable|Clefablite\n|move|p1a: Clefable|Encore|p2a: Aggron\n|-start|p2a: Aggron|Encore\n|move|p2a: Aggron|Body Press|p1a: Clefable\n|-resisted|p1a: Clefable|2\n|-damage|p1a: Clefable|72/100\n|\n|upkeep\n|turn|4\n|\n|t:|1776546818\n|switch|p2a: Hatterene|Hatterene, L50, F, shiny|100/100\n|move|p1a: Clefable|Baton Pass|p1a: Clefable\n|\n|t:|1776546832\n|switch|p1a: Incineroar|Incineroar, L50, F|100/100|[from] Baton Pass\n|-ability|p1a: Incineroar|Intimidate|boost\n|-unboost|p2a: Hatterene|atk|1\n|\n|upkeep\n|turn|5\n|\n|t:|1776546853\n|switch|p2a: Aggron|Aggron-Mega, L50, M, shiny|100/100\n|move|p1a: Incineroar|Flame Charge|p2a: Aggron\n|-supereffective|p2a: Aggron|1\n|-damage|p2a: Aggron|75/100\n|-boost|p1a: Incineroar|spe|1\n|\n|upkeep\n|turn|6\n|\n|t:|1776546866\n|move|p1a: Incineroar|Bulk Up|p1a: Incineroar\n|-boost|p1a: Incineroar|atk|1\n|-boost|p1a: Incineroar|def|1\n|move|p2a: Aggron|Stone Edge|p1a: Incineroar\n|-supereffective|p1a: Incineroar|1\n|-crit|p1a: Incineroar\n|-damage|p1a: Incineroar|0 fnt\n|faint|p1a: Incineroar\n|\n|upkeep\n|inactive|driflount drifloon has 30 seconds left.\n|inactive|driflount drifloon has 20 seconds left.\n|\n|t:|1776546904\n|switch|p1a: Clefable|Clefable-Mega, L50, M|72/100\n|turn|7\n|\n|t:|1776546911\n|move|p1a: Clefable|Calm Mind|p1a: Clefable\n|-boost|p1a: Clefable|spa|1\n|-boost|p1a: Clefable|spd|1\n|move|p2a: Aggron|Heavy Slam|p1a: Clefable\n|-supereffective|p1a: Clefable|1\n|-damage|p1a: Clefable|0 fnt\n|faint|p1a: Clefable\n|\n|upkeep\n|\n|t:|1776546919\n|switch|p1a: Corviknight|Corviknight, L50, F|100/100\n|-ability|p1a: Corviknight|Pressure\n|turn|8\n|\n|t:|1776546925\n|switch|p2a: Hatterene|Hatterene, L50, F, shiny|100/100\n|move|p1a: Corviknight|Bulk Up|p1a: Corviknight\n|-boost|p1a: Corviknight|atk|1\n|-boost|p1a: Corviknight|def|1\n|\n|upkeep\n|turn|9\n|\n|t:|1776546932\n|move|p1a: Corviknight|Bulk Up|p1a: Corviknight\n|-boost|p1a: Corviknight|atk|1\n|-boost|p1a: Corviknight|def|1\n|move|p2a: Hatterene|Trick Room|p2a: Hatterene\n|-fieldstart|move: Trick Room|[of] p2a: Hatterene\n|\n|upkeep\n|turn|10\n|\n|t:|1776546953\n|move|p2a: Hatterene|Mystical Fire|p1a: Corviknight\n|-supereffective|p1a: Corviknight|1\n|-damage|p1a: Corviknight|55/100\n|-unboost|p1a: Corviknight|spa|1\n|move|p1a: Corviknight|Bulk Up|p1a: Corviknight\n|-boost|p1a: Corviknight|atk|1\n|-boost|p1a: Corviknight|def|1\n|\n|-heal|p1a: Corviknight|60/100|[from] item: Leftovers\n|upkeep\n|turn|11\n|\n|t:|1776546964\n|move|p2a: Hatterene|Mystical Fire|p1a: Corviknight\n|-supereffective|p1a: Corviknight|1\n|-damage|p1a: Corviknight|16/100\n|-unboost|p1a: Corviknight|spa|1\n|move|p1a: Corviknight|Roost|p1a: Corviknight\n|-heal|p1a: Corviknight|66/100\n|-singleturn|p1a: Corviknight|move: Roost\n|\n|-heal|p1a: Corviknight|72/100|[from] item: Leftovers\n|upkeep\n|turn|12\n|\n|t:|1776546975\n|move|p2a: Hatterene|Mystical Fire|p1a: Corviknight\n|-supereffective|p1a: Corviknight|1\n|-damage|p1a: Corviknight|23/100\n|-unboost|p1a: Corviknight|spa|1\n|move|p1a: Corviknight|Roost|p1a: Corviknight\n|-heal|p1a: Corviknight|73/100\n|-singleturn|p1a: Corviknight|move: Roost\n|\n|-heal|p1a: Corviknight|79/100|[from] item: Leftovers\n|upkeep\n|turn|13\n|\n|t:|1776546987\n|switch|p2a: Aggron|Aggron-Mega, L50, M, shiny|100/100\n|move|p1a: Corviknight|Power Trip|p2a: Aggron\n|-supereffective|p2a: Aggron|1\n|-enditem|p2a: Aggron|Focus Sash\n|-damage|p2a: Aggron|1/100\n|replace|p2a: Zoroark|Zoroark-Hisui, L50, M, shiny\n|-end|p2a: Zoroark|Illusion\n|\n|-heal|p1a: Corviknight|85/100|[from] item: Leftovers\n|-fieldend|move: Trick Room\n|upkeep\n|turn|14\n|\n|t:|1776547008\n|move|p2a: Zoroark|Curse|p1a: Corviknight\n|-start|p1a: Corviknight|Curse|[of] p2a: Zoroark\n|-damage|p2a: Zoroark|0 fnt\n|faint|p2a: Zoroark\n|move|p1a: Corviknight|Power Trip|p2: Zoroark|[notarget]\n|-fail|p1a: Corviknight\n|\n|-heal|p1a: Corviknight|91/100|[from] item: Leftovers\n|-damage|p1a: Corviknight|66/100|[from] Curse\n|upkeep\n|\n|t:|1776547019\n|switch|p2a: Hatterene|Hatterene, L50, F, shiny|100/100\n|turn|15\n|\n|t:|1776547031\n|move|p1a: Corviknight|Power Trip|p2a: Hatterene\n|-damage|p2a: Hatterene|10/100\n|-enditem|p2a: Hatterene|Sitrus Berry|[eat]\n|-heal|p2a: Hatterene|35/100|[from] item: Sitrus Berry\n|move|p2a: Hatterene|Trick Room|p2a: Hatterene\n|-fieldstart|move: Trick Room|[of] p2a: Hatterene\n|\n|-heal|p1a: Corviknight|72/100|[from] item: Leftovers\n|-damage|p1a: Corviknight|47/100|[from] Curse\n|upkeep\n|turn|16\n|\n|t:|1776547042\n|move|p2a: Hatterene|Mystical Fire|p1a: Corviknight\n|-supereffective|p1a: Corviknight|1\n|-damage|p1a: Corviknight|0 fnt\n|faint|p1a: Corviknight\n|\n|win|badaaabum\n|raw|driflount drifloon's rating: 1079 &rarr; <strong>1061</strong><br />(-18 for losing)\n|raw|badaaabum's rating: 1147 &rarr; <strong>1167</strong><br />(+20 for winning)\n",
  "uploadtime": 1776547047,
  "views": 2,
  "formatid": "gen9championsbssregma",
  "rating": 1061,
  "private": 0,
  "password": null
}