{
  "id": "gen9championsbssregma-2583504125",
  "format": "[Gen 9 Champions] BSS Reg M-A",
  "players": [
    "Ineedaonetype",
    "PlatinumPassport"
  ],
  "log": "|j|\u2606Ineedaonetype\n|j|\u2606PlatinumPassport\n|t:|1776179824\n|gametype|singles\n|player|p1|Ineedaonetype|1|1395\n|player|p2|PlatinumPassport|1|1489\n|gen|9\n|tier|[Gen 9 Champions] BSS Reg M-A\n|rated|\n|rule|Species Clause: Limit one of each Pok\u00e9mon\n|rule|Item Clause: Limit 1 of each item\n|clearpoke\n|poke|p1|Espathra, L50, M|\n|poke|p1|Corviknight, L50, F|\n|poke|p1|Primarina, L50, F|\n|poke|p1|Charizard, L50, M|\n|poke|p1|Archaludon, L50, F|\n|poke|p1|Snorlax, L50, F|\n|poke|p2|Gengar, L50, M|\n|poke|p2|Azumarill, L50, F|\n|poke|p2|Dragapult, L50, F|\n|poke|p2|Volcarona, L50, M|\n|poke|p2|Glimmora, L50, M|\n|poke|p2|Skarmory, L50, F|\n|teampreview|3\n|inactive|Battle timer is ON: inactive players will automatically lose when time's up. (requested by PlatinumPassport)\n|\n|t:|1776179928\n|teamsize|p1|3\n|teamsize|p2|3\n|start\n|switch|p1a: Archaludon|Archaludon, L50, F|100/100\n|switch|p2a: Glimmora|Glimmora, L50, M, shiny|100/100\n|turn|1\n|\n|t:|1776179932\n|move|p1a: Archaludon|Flash Cannon|p2a: Glimmora\n|-supereffective|p2a: Glimmora|1\n|-damage|p2a: Glimmora|17/100\n|move|p2a: Glimmora|Earth Power|p1a: Archaludon\n|-supereffective|p1a: Archaludon|1\n|-ability|p1a: Archaludon|Sturdy\n|-damage|p1a: Archaludon|1/100\n|\n|-heal|p2a: Glimmora|23/100|[from] item: Leftovers\n|upkeep\n|turn|2\n|\n|t:|1776179943\n|move|p1a: Archaludon|Flash Cannon|p2a: Glimmora\n|-supereffective|p2a: Glimmora|1\n|-damage|p2a: Glimmora|0 fnt\n|faint|p2a: Glimmora\n|\n|upkeep\n|\n|t:|1776179944\n|switch|p2a: Dragapult|Dragapult, L50, F, shiny|100/100\n|turn|3\n|\n|t:|1776179954\n|switch|p1a: Snorlax|Snorlax, L50, F|100/100\n|move|p2a: Dragapult|Dragon Darts|p1a: Snorlax\n|-damage|p1a: Snorlax|74/100\n|-anim|p2a: Dragapult|Dragon Darts|p1a: Snorlax\n|-damage|p1a: Snorlax|48/100\n|\n|upkeep\n|turn|4\n|\n|t:|1776179960\n|switch|p1a: Corviknight|Corviknight, L50, F|100/100\n|move|p2a: Dragapult|Dragon Darts|p1a: Corviknight\n|-resisted|p1a: Corviknight|1\n|-damage|p1a: Corviknight|89/100\n|-anim|p2a: Dragapult|Dragon Darts|p1a: Corviknight\n|-resisted|p1a: Corviknight|1\n|-damage|p1a: Corviknight|79/100\n|\n|upkeep\n|turn|5\n|\n|t:|1776179967\n|move|p2a: Dragapult|Dragon Dance|p2a: Dragapult\n|-boost|p2a: Dragapult|atk|1\n|-boost|p2a: Dragapult|spe|1\n|move|p1a: Corviknight|Iron Defense|p1a: Corviknight\n|-boost|p1a: Corviknight|def|2\n|\n|upkeep\n|turn|6\n|\n|t:|1776179977\n|move|p2a: Dragapult|Dragon Dance|p2a: Dragapult\n|-boost|p2a: Dragapult|atk|1\n|-boost|p2a: Dragapult|spe|1\n|move|p1a: Corviknight|Iron Defense|p1a: Corviknight\n|-boost|p1a: Corviknight|def|2\n|\n|upkeep\n|turn|7\n|\n|t:|1776179979\n|move|p2a: Dragapult|Dragon Dance|p2a: Dragapult\n|-boost|p2a: Dragapult|atk|1\n|-boost|p2a: Dragapult|spe|1\n|move|p1a: Corviknight|Power Trip|p2a: Dragapult\n|-supereffective|p2a: Dragapult|1\n|-damage|p2a: Dragapult|42/100\n|\n|upkeep\n|turn|8\n|\n|t:|1776179983\n|move|p2a: Dragapult|Baton Pass|p2a: Dragapult\n|\n|t:|1776179984\n|switch|p2a: Skarmory|Skarmory, L50, F, shiny|100/100|[from] Baton Pass\n|move|p1a: Corviknight|Roost|p1a: Corviknight\n|-heal|p1a: Corviknight|100/100\n|-singleturn|p1a: Corviknight|move: Roost\n|\n|upkeep\n|turn|9\n|inactive|Ineedaonetype has 30 seconds left.\n|inactive|Ineedaonetype has 20 seconds left.\n|\n|t:|1776180020\n|detailschange|p2a: Skarmory|Skarmory-Mega, L50, F, shiny\n|-mega|p2a: Skarmory|Skarmory|Skarmorite\n|move|p2a: Skarmory|Drill Peck|p1a: Corviknight\n|-resisted|p1a: Corviknight|1\n|-damage|p1a: Corviknight|89/100\n|move|p1a: Corviknight|Iron Defense|p1a: Corviknight\n|-boost|p1a: Corviknight|def|2\n|\n|upkeep\n|turn|10\n|inactive|PlatinumPassport has 30 seconds left.\n|inactive|PlatinumPassport has 20 seconds left.\n|\n|t:|1776180057\n|move|p2a: Skarmory|Drill Peck|p1a: Corviknight\n|-resisted|p1a: Corviknight|1\n|-damage|p1a: Corviknight|80/100\n|move|p1a: Corviknight|Body Press|p2a: Skarmory\n|-damage|p2a: Skarmory|24/100\n|\n|upkeep\n|turn|11\n|-message|PlatinumPassport forfeited.\n|\n|win|Ineedaonetype\n|raw|Ineedaonetype's rating: 1395 &rarr; <strong>1420</strong><br />(+25 for winning)\n|raw|PlatinumPassport's rating: 1489 &rarr; <strong>1464</strong><br />(-25 for losing)\n|l|\u2606PlatinumPassport\n|player|p2|\n",
  "uploadtime": 1776180072,
  "views": 72,
  "formatid": "gen9championsbssregma",
  "rating": 1420,
  "private": 0,
  "password": null
}