{
  "id": "gen9championsbssregma-2589152091",
  "format": "[Gen 9 Champions] BSS Reg M-A",
  "players": [
    "hijanu",
    "unica11"
  ],
  "log": "|j|\u2606hijanu\n|j|\u2606unica11\n|t:|1776703008\n|gametype|singles\n|player|p1|hijanu|hilbert|1085\n|player|p2|unica11|lucas|1113\n|gen|9\n|tier|[Gen 9 Champions] BSS Reg M-A\n|rated|\n|rule|Species Clause: Limit one of each Pok\u00e9mon\n|rule|Item Clause: Limit 1 of each item\n|clearpoke\n|poke|p1|Furfrou, L50, M, shiny|\n|poke|p1|Ceruledge, L50, F, shiny|\n|poke|p1|Rotom-Wash, L50, shiny|\n|poke|p1|Torterra, L50, F, shiny|\n|poke|p1|Aggron, L50, F, shiny|\n|poke|p1|Toucannon, L50, M, shiny|\n|poke|p2|Aerodactyl, L50, F|\n|poke|p2|Meganium, L50, F|\n|poke|p2|Delphox, L50, M|\n|poke|p2|Rotom-Wash, L50|\n|poke|p2|Archaludon, L50, M|\n|poke|p2|Mimikyu, L50, F|\n|teampreview|3\n|inactive|Battle timer is ON: inactive players will automatically lose when time's up. (requested by unica11)\n|\n|t:|1776703042\n|teamsize|p1|3\n|teamsize|p2|3\n|start\n|switch|p1a: Aggron|Aggron, L50, F, shiny|100/100\n|switch|p2a: Aerodactyl|Aerodactyl, L50, F|100/100\n|-ability|p2a: Aerodactyl|Unnerve\n|turn|1\n|\n|t:|1776703051\n|detailschange|p1a: Aggron|Aggron-Mega, L50, F, shiny\n|-mega|p1a: Aggron|Aggron|Aggronite\n|move|p2a: Aerodactyl|Stealth Rock|p1a: Aggron\n|-sidestart|p1: hijanu|move: Stealth Rock\n|move|p1a: Aggron|Stealth Rock|p2a: Aerodactyl\n|-sidestart|p2: unica11|move: Stealth Rock\n|\n|upkeep\n|turn|2\n|\n|t:|1776703060\n|move|p2a: Aerodactyl|Taunt|p1a: Aggron\n|-start|p1a: Aggron|move: Taunt\n|move|p1a: Aggron|Heavy Slam|p2a: Aerodactyl\n|-supereffective|p2a: Aerodactyl|1\n|-enditem|p2a: Aerodactyl|Focus Sash\n|-damage|p2a: Aerodactyl|1/100\n|\n|upkeep\n|turn|3\n|\n|t:|1776703069\n|move|p2a: Aerodactyl|Tailwind|p2a: Aerodactyl\n|-sidestart|p2: unica11|move: Tailwind\n|move|p1a: Aggron|Heavy Slam|p2a: Aerodactyl\n|-supereffective|p2a: Aerodactyl|1\n|-damage|p2a: Aerodactyl|0 fnt\n|faint|p2a: Aerodactyl\n|\n|upkeep\n|\n|t:|1776703077\n|switch|p2a: Meganium|Meganium, L50, F|100/100\n|-damage|p2a: Meganium|88/100|[from] Stealth Rock\n|turn|4\n|\n|t:|1776703086\n|detailschange|p2a: Meganium|Meganium-Mega, L50, F\n|-mega|p2a: Meganium|Meganium|Meganiumite\n|move|p2a: Meganium|Weather Ball|p1a: Aggron\n|-supereffective|p1a: Aggron|1\n|-damage|p1a: Aggron|26/100\n|move|p1a: Aggron|Heavy Slam|p2a: Meganium\n|-supereffective|p2a: Meganium|1\n|-damage|p2a: Meganium|50/100\n|\n|-end|p1a: Aggron|move: Taunt\n|upkeep\n|turn|5\n|\n|t:|1776703097\n|move|p2a: Meganium|Weather Ball|p1a: Aggron\n|-supereffective|p1a: Aggron|1\n|-damage|p1a: Aggron|0 fnt\n|faint|p1a: Aggron\n|\n|upkeep\n|\n|t:|1776703106\n|switch|p1a: Toucannon|Toucannon, L50, M, shiny|100/100\n|-damage|p1a: Toucannon|76/100|[from] Stealth Rock\n|turn|6\n|\n|t:|1776703115\n|move|p2a: Meganium|Dazzling Gleam|p1a: Toucannon\n|-damage|p1a: Toucannon|19/100\n|move|p1a: Toucannon|Brave Bird|p2a: Meganium\n|-supereffective|p2a: Meganium|1\n|-damage|p2a: Meganium|0 fnt\n|faint|p2a: Meganium\n|-damage|p1a: Toucannon|5/100|[from] Recoil\n|\n|-sideend|p2: unica11|move: Tailwind\n|upkeep\n|\n|t:|1776703126\n|switch|p2a: Archaludon|Archaludon, L50, M|100/100\n|-damage|p2a: Archaludon|94/100|[from] Stealth Rock\n|turn|7\n|\n|t:|1776703132\n|move|p2a: Archaludon|Draco Meteor|p1a: Toucannon\n|-damage|p1a: Toucannon|0 fnt\n|-unboost|p2a: Archaludon|spa|2\n|faint|p1a: Toucannon\n|\n|upkeep\n|\n|t:|1776703139\n|switch|p1a: Rotom|Rotom-Wash, L50, shiny|100/100\n|-damage|p1a: Rotom|88/100|[from] Stealth Rock\n|turn|8\n|\n|t:|1776703155\n|move|p1a: Rotom|Thunder|p2a: Archaludon\n|-resisted|p2a: Archaludon|1\n|-damage|p2a: Archaludon|64/100\n|-ability|p2a: Archaludon|Stamina|boost\n|-boost|p2a: Archaludon|def|1\n|move|p2a: Archaludon|Snarl|p1a: Rotom\n|-damage|p1a: Rotom|78/100\n|-unboost|p1a: Rotom|spa|1\n|\n|upkeep\n|turn|9\n|\n|t:|1776703169\n|move|p1a: Rotom|Will-O-Wisp|p2a: Archaludon\n|-status|p2a: Archaludon|brn\n|move|p2a: Archaludon|Snarl|p1a: Rotom\n|-damage|p1a: Rotom|68/100\n|-unboost|p1a: Rotom|spa|1\n|\n|-damage|p2a: Archaludon|58/100 brn|[from] brn\n|upkeep\n|turn|10\n|\n|t:|1776703179\n|move|p1a: Rotom|Dark Pulse|p2a: Archaludon\n|-damage|p2a: Archaludon|44/100 brn\n|-ability|p2a: Archaludon|Stamina|boost\n|-boost|p2a: Archaludon|def|1\n|move|p2a: Archaludon|Draco Meteor|p1a: Rotom\n|-damage|p1a: Rotom|33/100\n|-unboost|p2a: Archaludon|spa|2\n|-enditem|p1a: Rotom|Sitrus Berry|[eat]\n|-heal|p1a: Rotom|58/100|[from] item: Sitrus Berry\n|\n|-damage|p2a: Archaludon|38/100 brn|[from] brn\n|upkeep\n|turn|11\n|\n|t:|1776703192\n|move|p1a: Rotom|Thunder|p2a: Archaludon\n|-resisted|p2a: Archaludon|1\n|-damage|p2a: Archaludon|23/100 brn\n|-ability|p2a: Archaludon|Stamina|boost\n|-boost|p2a: Archaludon|def|1\n|move|p2a: Archaludon|Draco Meteor|p1a: Rotom\n|-damage|p1a: Rotom|36/100\n|-unboost|p2a: Archaludon|spa|2\n|\n|-damage|p2a: Archaludon|17/100 brn|[from] brn\n|upkeep\n|turn|12\n|\n|t:|1776703204\n|move|p1a: Rotom|Thunder|p2a: Archaludon\n|-resisted|p2a: Archaludon|1\n|-damage|p2a: Archaludon|0 fnt\n|faint|p2a: Archaludon\n|\n|win|hijanu\n|raw|hijanu's rating: 1085 &rarr; <strong>1114</strong><br />(+29 for winning)\n|raw|unica11's rating: 1113 &rarr; <strong>1086</strong><br />(-27 for losing)\n|l|\u2606unica11\n|player|p2|\n",
  "uploadtime": 1776703212,
  "views": 3,
  "formatid": "gen9championsbssregma",
  "rating": 1086,
  "private": 0,
  "password": null
}