{
  "id": "gen9championsbssregma-2581996243",
  "format": "[Gen 9 Champions] BSS Reg M-A",
  "players": [
    "mystymt",
    "nagichan0121"
  ],
  "log": "|j|\u2606mystymt\n|j|\u2606nagichan0121\n|t:|1776046727\n|gametype|singles\n|player|p1|mystymt|265|1000\n|player|p2|nagichan0121|170|1040\n|gen|9\n|tier|[Gen 9 Champions] BSS Reg M-A\n|rated|\n|rule|Species Clause: Limit one of each Pok\u00e9mon\n|rule|Item Clause: Limit 1 of each item\n|clearpoke\n|poke|p1|Kangaskhan, L50, F|\n|poke|p1|Hippowdon, L50, F|\n|poke|p1|Aegislash, L50, F|\n|poke|p1|Gengar, L50, M|\n|poke|p1|Hydreigon, L50, M|\n|poke|p1|Glimmora, L50, M|\n|poke|p2|Garchomp, L50, M|\n|poke|p2|Venusaur, L50, F|\n|poke|p2|Rotom-Wash, L50|\n|poke|p2|Azumarill, L50, M|\n|poke|p2|Volcarona, L50, F|\n|poke|p2|Alakazam, L50, F|\n|teampreview|3\n|\n|t:|1776046823\n|teamsize|p1|3\n|teamsize|p2|3\n|start\n|switch|p1a: Kangaskhan|Kangaskhan, L50, F|100/100\n|switch|p2a: Venusaur|Venusaur, L50, F|100/100\n|turn|1\n|\n|t:|1776046830\n|switch|p2a: Garchomp|Garchomp, L50, M|100/100\n|detailschange|p1a: Kangaskhan|Kangaskhan-Mega, L50, F\n|-mega|p1a: Kangaskhan|Kangaskhan|Kangaskhanite\n|move|p1a: Kangaskhan|Fake Out|p2a: Garchomp\n|-damage|p2a: Garchomp|81/100\n|-damage|p1a: Kangaskhan|88/100|[from] ability: Rough Skin|[of] p2a: Garchomp\n|-damage|p2a: Garchomp|76/100\n|-damage|p1a: Kangaskhan|76/100|[from] ability: Rough Skin|[of] p2a: Garchomp\n|-hitcount|p2a: Garchomp|2\n|\n|upkeep\n|turn|2\n|\n|t:|1776046841\n|move|p2a: Garchomp|Swords Dance|p2a: Garchomp\n|-boost|p2a: Garchomp|atk|2\n|move|p1a: Kangaskhan|Ice Punch|p2a: Garchomp\n|-supereffective|p2a: Garchomp|2\n|-damage|p2a: Garchomp|0 fnt\n|-damage|p1a: Kangaskhan|64/100|[from] ability: Rough Skin|[of] p2a: Garchomp\n|faint|p2a: Garchomp\n|-hitcount|p2: Garchomp|1\n|\n|upkeep\n|\n|t:|1776046861\n|switch|p2a: Venusaur|Venusaur, L50, F|100/100\n|turn|3\n|\n|t:|1776046885\n|switch|p1a: Aegislash|Aegislash, L50, F|100/100\n|detailschange|p2a: Venusaur|Venusaur-Mega, L50, F\n|-mega|p2a: Venusaur|Venusaur|Venusaurite\n|move|p2a: Venusaur|Grass Knot|p1a: Aegislash\n|-resisted|p1a: Aegislash|1\n|-damage|p1a: Aegislash|87/100\n|\n|-heal|p1a: Aegislash|93/100|[from] item: Leftovers\n|upkeep\n|turn|4\n|\n|t:|1776046896\n|move|p2a: Venusaur|Earth Power|p1a: Aegislash\n|-supereffective|p1a: Aegislash|1\n|-damage|p1a: Aegislash|55/100\n|-formechange|p1a: Aegislash|Aegislash-Blade|\n|move|p1a: Aegislash|Shadow Ball|p2a: Venusaur\n|-damage|p2a: Venusaur|66/100\n|-unboost|p2a: Venusaur|spd|1\n|\n|-heal|p1a: Aegislash|61/100|[from] item: Leftovers\n|upkeep\n|turn|5\n|\n|t:|1776046907\n|switch|p1a: Hydreigon|Hydreigon, L50, M|100/100\n|move|p2a: Venusaur|Synthesis|p2a: Venusaur\n|-heal|p2a: Venusaur|100/100\n|\n|upkeep\n|turn|6\n|\n|t:|1776046915\n|switch|p2a: Azumarill|Azumarill, L50, M|100/100\n|move|p1a: Hydreigon|Dark Pulse|p2a: Azumarill\n|-resisted|p2a: Azumarill|1\n|-damage|p2a: Azumarill|77/100\n|\n|upkeep\n|turn|7\n|\n|t:|1776046928\n|switch|p1a: Aegislash|Aegislash, L50, F|61/100\n|move|p2a: Azumarill|Play Rough|p1a: Aegislash\n|-resisted|p1a: Aegislash|1\n|-damage|p1a: Aegislash|43/100\n|-unboost|p1a: Aegislash|atk|1\n|\n|-heal|p1a: Aegislash|49/100|[from] item: Leftovers\n|upkeep\n|turn|8\n|\n|t:|1776046938\n|switch|p2a: Venusaur|Venusaur-Mega, L50, F|100/100\n|move|p1a: Aegislash|King's Shield||[still]\n|-fail|p1a: Aegislash\n|\n|-heal|p1a: Aegislash|55/100|[from] item: Leftovers\n|upkeep\n|turn|9\n|\n|t:|1776046950\n|switch|p1a: Hydreigon|Hydreigon, L50, M|100/100\n|move|p2a: Venusaur|Earth Power|p1a: Hydreigon\n|-immune|p1a: Hydreigon|[from] ability: Levitate\n|\n|upkeep\n|turn|10\n|\n|t:|1776046961\n|move|p1a: Hydreigon|Dark Pulse|p2a: Venusaur\n|-damage|p2a: Venusaur|73/100\n|move|p2a: Venusaur|Sludge Wave|p1a: Hydreigon\n|-damage|p1a: Hydreigon|60/100\n|\n|upkeep\n|turn|11\n|\n|t:|1776046968\n|switch|p1a: Aegislash|Aegislash, L50, F|55/100\n|move|p2a: Venusaur|Synthesis|p2a: Venusaur\n|-heal|p2a: Venusaur|100/100\n|\n|-heal|p1a: Aegislash|61/100|[from] item: Leftovers\n|upkeep\n|turn|12\n|\n|t:|1776046980\n|move|p1a: Aegislash|King's Shield|p1a: Aegislash\n|-singleturn|p1a: Aegislash|Protect\n|move|p2a: Venusaur|Earth Power|p1a: Aegislash\n|-activate|p1a: Aegislash|move: Protect\n|\n|-heal|p1a: Aegislash|67/100|[from] item: Leftovers\n|upkeep\n|turn|13\n|\n|t:|1776046987\n|switch|p1a: Hydreigon|Hydreigon, L50, M|60/100\n|move|p2a: Venusaur|Earth Power|p1a: Hydreigon\n|-immune|p1a: Hydreigon|[from] ability: Levitate\n|\n|upkeep\n|turn|14\n|\n|t:|1776046993\n|move|p1a: Hydreigon|U-turn|p2a: Venusaur\n|-damage|p2a: Venusaur|88/100\n|\n|t:|1776046996\n|switch|p1a: Aegislash|Aegislash, L50, F|67/100|[from] U-turn\n|move|p2a: Venusaur|Sludge Wave|p1a: Aegislash\n|-immune|p1a: Aegislash\n|\n|-heal|p1a: Aegislash|73/100|[from] item: Leftovers\n|upkeep\n|turn|15\n|\n|t:|1776047003\n|move|p1a: Aegislash|King's Shield|p1a: Aegislash\n|-singleturn|p1a: Aegislash|Protect\n|move|p2a: Venusaur|Sludge Wave|p1a: Aegislash\n|-activate|p1a: Aegislash|move: Protect\n|\n|-heal|p1a: Aegislash|79/100|[from] item: Leftovers\n|upkeep\n|turn|16\n|\n|t:|1776047012\n|move|p2a: Venusaur|Earth Power|p1a: Aegislash\n|-supereffective|p1a: Aegislash|1\n|-damage|p1a: Aegislash|37/100\n|-formechange|p1a: Aegislash|Aegislash-Blade|\n|move|p1a: Aegislash|Shadow Ball|p2a: Venusaur\n|-damage|p2a: Venusaur|58/100\n|-unboost|p2a: Venusaur|spd|1\n|\n|-heal|p1a: Aegislash|43/100|[from] item: Leftovers\n|upkeep\n|turn|17\n|\n|t:|1776047026\n|switch|p1a: Hydreigon|Hydreigon, L50, M|60/100\n|move|p2a: Venusaur|Earth Power|p1a: Hydreigon\n|-immune|p1a: Hydreigon|[from] ability: Levitate\n|\n|upkeep\n|turn|18\n|\n|t:|1776047047\n|switch|p2a: Azumarill|Azumarill, L50, M|77/100\n|move|p1a: Hydreigon|U-turn|p2a: Azumarill\n|-resisted|p2a: Azumarill|1\n|-damage|p2a: Azumarill|70/100\n|\n|t:|1776047051\n|switch|p1a: Kangaskhan|Kangaskhan-Mega, L50, F|64/100|[from] U-turn\n|\n|upkeep\n|turn|19\n|\n|t:|1776047057\n|move|p1a: Kangaskhan|Fake Out|p2a: Azumarill\n|-damage|p2a: Azumarill|50/100\n|-enditem|p2a: Azumarill|Sitrus Berry|[eat]\n|-heal|p2a: Azumarill|75/100|[from] item: Sitrus Berry\n|-damage|p2a: Azumarill|72/100\n|-hitcount|p2a: Azumarill|2\n|cant|p2a: Azumarill|flinch\n|\n|upkeep\n|turn|20\n|\n|t:|1776047084\n|switch|p1a: Aegislash|Aegislash, L50, F|43/100\n|move|p2a: Azumarill|Superpower|p1a: Aegislash\n|-immune|p1a: Aegislash\n|\n|-heal|p1a: Aegislash|49/100|[from] item: Leftovers\n|upkeep\n|turn|21\n|\n|t:|1776047096\n|switch|p2a: Venusaur|Venusaur-Mega, L50, F|58/100\n|-formechange|p1a: Aegislash|Aegislash-Blade|\n|move|p1a: Aegislash|Shadow Ball|p2a: Venusaur\n|-damage|p2a: Venusaur|29/100\n|\n|-heal|p1a: Aegislash|55/100|[from] item: Leftovers\n|upkeep\n|turn|22\n|\n|t:|1776047136\n|move|p2a: Venusaur|Synthesis|p2a: Venusaur\n|-heal|p2a: Venusaur|79/100\n|move|p1a: Aegislash|Shadow Ball|p2a: Venusaur\n|-damage|p2a: Venusaur|47/100\n|\n|-heal|p1a: Aegislash|61/100|[from] item: Leftovers\n|upkeep\n|turn|23\n|\n|t:|1776047157\n|move|p2a: Venusaur|Synthesis|p2a: Venusaur\n|-heal|p2a: Venusaur|97/100\n|move|p1a: Aegislash|Shadow Ball|p2a: Venusaur\n|-damage|p2a: Venusaur|66/100\n|\n|-heal|p1a: Aegislash|67/100|[from] item: Leftovers\n|upkeep\n|turn|24\n|\n|t:|1776047166\n|-formechange|p1a: Aegislash|Aegislash|\n|move|p1a: Aegislash|King's Shield|p1a: Aegislash\n|-singleturn|p1a: Aegislash|Protect\n|move|p2a: Venusaur|Sludge Wave|p1a: Aegislash\n|-activate|p1a: Aegislash|move: Protect\n|\n|-heal|p1a: Aegislash|73/100|[from] item: Leftovers\n|upkeep\n|turn|25\n|\n|t:|1776047174\n|switch|p1a: Hydreigon|Hydreigon, L50, M|60/100\n|move|p2a: Venusaur|Earth Power|p1a: Hydreigon\n|-immune|p1a: Hydreigon|[from] ability: Levitate\n|\n|upkeep\n|turn|26\n|\n|t:|1776047191\n|switch|p1a: Aegislash|Aegislash, L50, F|73/100\n|move|p2a: Venusaur|Synthesis|p2a: Venusaur\n|-heal|p2a: Venusaur|100/100\n|\n|-heal|p1a: Aegislash|79/100|[from] item: Leftovers\n|upkeep\n|turn|27\n|\n|t:|1776047198\n|move|p1a: Aegislash|King's Shield|p1a: Aegislash\n|-singleturn|p1a: Aegislash|Protect\n|move|p2a: Venusaur|Grass Knot|p1a: Aegislash\n|-activate|p1a: Aegislash|move: Protect\n|-unboost|p2a: Venusaur|atk|1\n|\n|-heal|p1a: Aegislash|85/100|[from] item: Leftovers\n|upkeep\n|turn|28\n|\n|t:|1776047214\n|move|p2a: Venusaur|Earth Power|p1a: Aegislash\n|-supereffective|p1a: Aegislash|1\n|-damage|p1a: Aegislash|42/100\n|-formechange|p1a: Aegislash|Aegislash-Blade|\n|move|p1a: Aegislash|Shadow Ball|p2a: Venusaur\n|-damage|p2a: Venusaur|69/100\n|\n|-heal|p1a: Aegislash|48/100|[from] item: Leftovers\n|upkeep\n|turn|29\n|\n|t:|1776047232\n|-formechange|p1a: Aegislash|Aegislash|\n|move|p1a: Aegislash|King's Shield|p1a: Aegislash\n|-singleturn|p1a: Aegislash|Protect\n|move|p2a: Venusaur|Grass Knot|p1a: Aegislash\n|-activate|p1a: Aegislash|move: Protect\n|-unboost|p2a: Venusaur|atk|1\n|\n|-heal|p1a: Aegislash|54/100|[from] item: Leftovers\n|upkeep\n|turn|30\n|\n|t:|1776047245\n|move|p2a: Venusaur|Sludge Wave|p1a: Aegislash\n|-immune|p1a: Aegislash\n|-formechange|p1a: Aegislash|Aegislash-Blade|\n|move|p1a: Aegislash|Shadow Ball|p2a: Venusaur\n|-damage|p2a: Venusaur|38/100\n|\n|-heal|p1a: Aegislash|60/100|[from] item: Leftovers\n|upkeep\n|turn|31\n|\n|t:|1776047257\n|move|p2a: Venusaur|Synthesis|p2a: Venusaur\n|-heal|p2a: Venusaur|88/100\n|move|p1a: Aegislash|Shadow Ball|p2a: Venusaur\n|-damage|p2a: Venusaur|57/100\n|\n|-heal|p1a: Aegislash|66/100|[from] item: Leftovers\n|upkeep\n|turn|32\n|\n|t:|1776047267\n|switch|p1a: Hydreigon|Hydreigon, L50, M|60/100\n|move|p2a: Venusaur|Earth Power|p1a: Hydreigon\n|-immune|p1a: Hydreigon|[from] ability: Levitate\n|\n|upkeep\n|turn|33\n|\n|t:|1776047280\n|move|p1a: Hydreigon|Dark Pulse|p2a: Venusaur\n|-damage|p2a: Venusaur|28/100\n|move|p2a: Venusaur|Synthesis|p2a: Venusaur\n|-heal|p2a: Venusaur|78/100\n|\n|upkeep\n|turn|34\n|\n|t:|1776047292\n|move|p1a: Hydreigon|Dark Pulse|p2a: Venusaur\n|-damage|p2a: Venusaur|54/100\n|cant|p2a: Venusaur|flinch\n|\n|upkeep\n|turn|35\n|\n|t:|1776047297\n|move|p1a: Hydreigon|Dark Pulse|p2a: Venusaur\n|-damage|p2a: Venusaur|30/100\n|move|p2a: Venusaur|Sludge Wave|p1a: Hydreigon\n|-damage|p1a: Hydreigon|17/100\n|\n|upkeep\n|turn|36\n|\n|t:|1776047306\n|move|p1a: Hydreigon|Dark Pulse|p2a: Venusaur\n|-damage|p2a: Venusaur|3/100\n|move|p2a: Venusaur|Synthesis|p2a: Venusaur\n|-heal|p2a: Venusaur|52/100\n|\n|upkeep\n|turn|37\n|\n|t:|1776047313\n|move|p1a: Hydreigon|Dark Pulse|p2a: Venusaur\n|-damage|p2a: Venusaur|27/100\n|cant|p2a: Venusaur|flinch\n|\n|upkeep\n|turn|38\n|\n|t:|1776047318\n|move|p1a: Hydreigon|Dark Pulse|p2a: Venusaur\n|-damage|p2a: Venusaur|1/100\n|move|p2a: Venusaur|Sludge Wave|p1a: Hydreigon\n|-damage|p1a: Hydreigon|0 fnt\n|faint|p1a: Hydreigon\n|\n|upkeep\n|\n|t:|1776047330\n|switch|p1a: Kangaskhan|Kangaskhan-Mega, L50, F|64/100\n|turn|39\n|\n|t:|1776047338\n|move|p1a: Kangaskhan|Earthquake|p2a: Venusaur\n|-damage|p2a: Venusaur|0 fnt\n|faint|p2a: Venusaur\n|-hitcount|p2: Venusaur|1\n|\n|upkeep\n|\n|t:|1776047342\n|switch|p2a: Azumarill|Azumarill, L50, M|72/100\n|turn|40\n|\n|t:|1776047356\n|move|p1a: Kangaskhan|Earthquake|p2a: Azumarill\n|-damage|p2a: Azumarill|41/100\n|-damage|p2a: Azumarill|34/100\n|-hitcount|p2a: Azumarill|2\n|move|p2a: Azumarill|Play Rough|p1a: Kangaskhan\n|-damage|p1a: Kangaskhan|26/100\n|-unboost|p1a: Kangaskhan|atk|1\n|\n|upkeep\n|turn|41\n|\n|t:|1776047366\n|switch|p1a: Aegislash|Aegislash, L50, F|66/100\n|move|p2a: Azumarill|Play Rough|p1a: Aegislash\n|-resisted|p1a: Aegislash|1\n|-damage|p1a: Aegislash|45/100\n|\n|-heal|p1a: Aegislash|51/100|[from] item: Leftovers\n|upkeep\n|turn|42\n|\n|t:|1776047374\n|-formechange|p1a: Aegislash|Aegislash-Blade|\n|move|p1a: Aegislash|Shadow Ball|p2a: Azumarill\n|-damage|p2a: Azumarill|0 fnt\n|faint|p2a: Azumarill\n|\n|win|mystymt\n|raw|mystymt's rating: 1000 &rarr; <strong>1045</strong><br />(+45 for winning)\n|raw|nagichan0121's rating: 1040 &rarr; <strong>1022</strong><br />(-18 for losing)\n|l|\u2606nagichan0121\n|player|p2|\n",
  "uploadtime": 1776047406,
  "views": 12,
  "formatid": "gen9championsbssregma",
  "rating": 1022,
  "private": 0,
  "password": null
}