{
  "id": "gen9championsbssregma-2584322181",
  "format": "[Gen 9 Champions] BSS Reg M-A",
  "players": [
    "ninjask 8",
    "jiiiiima"
  ],
  "log": "|j|\u2606ninjask 8\n|j|\u203djiiiiima\n|t:|1776251095\n|gametype|singles\n|player|p1|ninjask 8|hilbert-wonderlauncher|1312\n|player|p2|jiiiiima|102|1388\n|gen|9\n|tier|[Gen 9 Champions] BSS Reg M-A\n|rated|\n|rule|Species Clause: Limit one of each Pok\u00e9mon\n|rule|Item Clause: Limit 1 of each item\n|clearpoke\n|poke|p1|Aegislash, L50, M|\n|poke|p1|Clefable, L50, F|\n|poke|p1|Sneasler, L50, F|\n|poke|p1|Mimikyu, L50, F|\n|poke|p1|Manectric, L50, M|\n|poke|p1|Rotom-Wash, L50|\n|poke|p2|Sylveon, L50, M|\n|poke|p2|Garchomp, L50, M|\n|poke|p2|Kingambit, L50, F|\n|poke|p2|Mimikyu, L50, F|\n|poke|p2|Dragonite, L50, M|\n|poke|p2|Venusaur, L50, M|\n|teampreview|3\n|j| p74\n|inactive|Battle timer is ON: inactive players will automatically lose when time's up. (requested by jiiiiima)\n|\n|t:|1776251158\n|teamsize|p1|3\n|teamsize|p2|3\n|start\n|switch|p1a: Rotom|Rotom-Wash, L50|100/100\n|switch|p2a: Sylveon|Sylveon, L50, M|100/100\n|turn|1\n|\n|t:|1776251171\n|move|p1a: Rotom|Trick|p2a: Sylveon\n|-activate|p1a: Rotom|move: Trick|[of] p2a: Sylveon\n|-item|p2a: Sylveon|Choice Scarf|[from] move: Trick\n|-item|p1a: Rotom|Sitrus Berry|[from] move: Trick\n|move|p2a: Sylveon|Calm Mind|p2a: Sylveon\n|-boost|p2a: Sylveon|spa|1\n|-boost|p2a: Sylveon|spd|1\n|\n|upkeep\n|turn|2\n|\n|t:|1776251177\n|switch|p2a: Venusaur|Venusaur, L50, M|100/100\n|move|p1a: Rotom|Will-O-Wisp|p2a: Venusaur\n|-status|p2a: Venusaur|brn\n|\n|-damage|p2a: Venusaur|95/100 brn|[from] brn\n|upkeep\n|turn|3\n|\n|t:|1776251187\n|detailschange|p2a: Venusaur|Venusaur-Mega, L50, M\n|-mega|p2a: Venusaur|Venusaur|Venusaurite\n|move|p1a: Rotom|Volt Switch|p2a: Venusaur\n|-resisted|p2a: Venusaur|1\n|-damage|p2a: Venusaur|84/100 brn\n|\n|t:|1776251191\n|switch|p1a: Sneasler|Sneasler, L50, F|100/100|[from] Volt Switch\n|move|p2a: Venusaur|Giga Drain|p1a: Sneasler\n|-resisted|p1a: Sneasler|1\n|-damage|p1a: Sneasler|78/100\n|-heal|p2a: Venusaur|94/100 brn|[from] drain|[of] p1a: Sneasler\n|\n|-damage|p2a: Venusaur|88/100 brn|[from] brn\n|upkeep\n|turn|4\n|\n|t:|1776251198\n|move|p1a: Sneasler|Fake Out|p2a: Venusaur\n|-damage|p2a: Venusaur|75/100 brn\n|cant|p2a: Venusaur|flinch\n|\n|-damage|p2a: Venusaur|69/100 brn|[from] brn\n|upkeep\n|turn|5\n|\n|t:|1776251204\n|move|p1a: Sneasler|Close Combat|p2a: Venusaur\n|-resisted|p2a: Venusaur|1\n|-damage|p2a: Venusaur|41/100 brn\n|-unboost|p1a: Sneasler|def|1\n|-unboost|p1a: Sneasler|spd|1\n|-enditem|p1a: Sneasler|White Herb\n|-clearnegativeboost|p1a: Sneasler|[silent]\n|move|p2a: Venusaur|Synthesis|p2a: Venusaur\n|-heal|p2a: Venusaur|91/100 brn\n|\n|-damage|p2a: Venusaur|85/100 brn|[from] brn\n|upkeep\n|turn|6\n|\n|t:|1776251213\n|move|p1a: Sneasler|Acrobatics|p2a: Venusaur\n|-supereffective|p2a: Venusaur|1\n|-damage|p2a: Venusaur|20/100 brn\n|move|p2a: Venusaur|Earth Power|p1a: Sneasler\n|-supereffective|p1a: Sneasler|1\n|-damage|p1a: Sneasler|8/100\n|\n|-damage|p2a: Venusaur|14/100 brn|[from] brn\n|upkeep\n|turn|7\n|\n|t:|1776251226\n|move|p1a: Sneasler|Acrobatics|p2a: Venusaur\n|-supereffective|p2a: Venusaur|1\n|-damage|p2a: Venusaur|0 fnt\n|faint|p2a: Venusaur\n|\n|upkeep\n|\n|t:|1776251232\n|switch|p2a: Mimikyu|Mimikyu, L50, F|100/100\n|turn|8\n|\n|t:|1776251244\n|move|p1a: Sneasler|Dire Claw|p2a: Mimikyu\n|-activate|p2a: Mimikyu|ability: Disguise\n|-damage|p2a: Mimikyu|100/100\n|-status|p2a: Mimikyu|par\n|detailschange|p2a: Mimikyu|Mimikyu-Busted, L50, F\n|-damage|p2a: Mimikyu|88/100 par|[from] pokemon: Mimikyu-Busted\n|move|p2a: Mimikyu|Swords Dance|p2a: Mimikyu\n|-boost|p2a: Mimikyu|atk|2\n|\n|upkeep\n|turn|9\n|\n|t:|1776251253\n|cant|p2a: Mimikyu|par\n|move|p1a: Sneasler|Acrobatics|p2a: Mimikyu\n|-damage|p2a: Mimikyu|34/100 par\n|\n|upkeep\n|turn|10\n|\n|t:|1776251262\n|move|p2a: Mimikyu|Shadow Sneak|p1a: Sneasler\n|-damage|p1a: Sneasler|0 fnt\n|faint|p1a: Sneasler\n|\n|upkeep\n|\n|t:|1776251266\n|switch|p1a: Aegislash|Aegislash, L50, M|100/100\n|turn|11\n|\n|t:|1776251274\n|-formechange|p1a: Aegislash|Aegislash-Blade|\n|move|p1a: Aegislash|Shadow Sneak|p2a: Mimikyu\n|-supereffective|p2a: Mimikyu|1\n|-damage|p2a: Mimikyu|0 fnt\n|faint|p2a: Mimikyu\n|\n|upkeep\n|-message|jiiiiima forfeited.\n|\n|win|ninjask 8\n|raw|ninjask 8's rating: 1312 &rarr; <strong>1336</strong><br />(+24 for winning)\n|raw|jiiiiima's rating: 1388 &rarr; <strong>1364</strong><br />(-24 for losing)\n|l|\u203djiiiiima\n|player|p2|\n|l|\u2606ninjask 8\n|player|p1|\n",
  "uploadtime": 1776251286,
  "views": 4,
  "formatid": "gen9championsbssregma",
  "rating": 1336,
  "private": 0,
  "password": null
}