{
  "id": "gen9championsbssregma-2587183790",
  "format": "[Gen 9 Champions] BSS Reg M-A",
  "players": [
    "dyuros",
    "wanipoke"
  ],
  "log": "|j|\u2606dyuros\n|j|\u2606wanipoke\n|t:|1776505647\n|gametype|singles\n|player|p1|dyuros|1|1266\n|player|p2|wanipoke|cheren|1309\n|gen|9\n|tier|[Gen 9 Champions] BSS Reg M-A\n|rated|\n|rule|Species Clause: Limit one of each Pok\u00e9mon\n|rule|Item Clause: Limit 1 of each item\n|clearpoke\n|poke|p1|Araquanid, L50, F|\n|poke|p1|Chandelure, L50, M|\n|poke|p1|Toxapex, L50, M|\n|poke|p1|Diggersby, L50, M|\n|poke|p1|Clefable, L50, M|\n|poke|p1|Beedrill, L50, M|\n|poke|p2|Krookodile, L50, F, shiny|\n|poke|p2|Banette, L50, M|\n|poke|p2|Primarina, L50, M|\n|poke|p2|Archaludon, L50, F|\n|poke|p2|Lucario, L50, F|\n|poke|p2|Glimmora, L50, F|\n|teampreview|3\n|\n|t:|1776505672\n|teamsize|p1|3\n|teamsize|p2|3\n|start\n|switch|p1a: Araquanid|Araquanid, L50, F|100/100\n|switch|p2a: Krookodile|Krookodile, L50, F, shiny|100/100\n|-ability|p2a: Krookodile|Intimidate|boost\n|-unboost|p1a: Araquanid|atk|1\n|turn|1\n|\n|t:|1776505681\n|move|p2a: Krookodile|Taunt|p1a: Araquanid\n|-start|p1a: Araquanid|move: Taunt\n|move|p1a: Araquanid|Icy Wind|p2a: Krookodile\n|-supereffective|p2a: Krookodile|1\n|-damage|p2a: Krookodile|84/100\n|-unboost|p2a: Krookodile|spe|1\n|\n|upkeep\n|turn|2\n|\n|t:|1776505689\n|move|p2a: Krookodile|Rock Tomb|p1a: Araquanid\n|-supereffective|p1a: Araquanid|1\n|-damage|p1a: Araquanid|64/100\n|-unboost|p1a: Araquanid|spe|1\n|move|p1a: Araquanid|Liquidation|p2a: Krookodile\n|-supereffective|p2a: Krookodile|1\n|-damage|p2a: Krookodile|0 fnt\n|faint|p2a: Krookodile\n|\n|upkeep\n|\n|t:|1776505706\n|switch|p2a: Glimmora|Glimmora, L50, F|100/100\n|turn|3\n|\n|t:|1776505710\n|move|p2a: Glimmora|Power Gem|p1a: Araquanid\n|-supereffective|p1a: Araquanid|1\n|-crit|p1a: Araquanid\n|-damage|p1a: Araquanid|0 fnt\n|faint|p1a: Araquanid\n|\n|upkeep\n|\n|t:|1776505717\n|switch|p1a: Toxapex|Toxapex, L50, M|100/100\n|turn|4\n|\n|t:|1776505732\n|move|p2a: Glimmora|Mud Shot|p1a: Toxapex\n|-supereffective|p1a: Toxapex|1\n|-enditem|p1a: Toxapex|Shuca Berry|[eat]\n|-enditem|p1a: Toxapex|Shuca Berry|[weaken]\n|-damage|p1a: Toxapex|88/100\n|-unboost|p1a: Toxapex|spe|1\n|move|p1a: Toxapex|Toxic Spikes|p2a: Glimmora\n|-sidestart|p2: wanipoke|move: Toxic Spikes\n|\n|upkeep\n|turn|5\n|\n|t:|1776505748\n|switch|p1a: Clefable|Clefable, L50, M|100/100\n|move|p2a: Glimmora|Mud Shot|p1a: Clefable\n|-damage|p1a: Clefable|84/100\n|-unboost|p1a: Clefable|spe|1\n|\n|upkeep\n|turn|6\n|\n|t:|1776505758\n|move|p2a: Glimmora|Mortal Spin|p1a: Clefable\n|-supereffective|p1a: Clefable|1\n|-damage|p1a: Clefable|74/100\n|-status|p1a: Clefable|psn\n|-sideend|p2: wanipoke|Toxic Spikes|[from] move: Mortal Spin|[of] p2a: Glimmora\n|move|p1a: Clefable|Cosmic Power|p1a: Clefable\n|-boost|p1a: Clefable|def|1\n|-boost|p1a: Clefable|spd|1\n|\n|-damage|p1a: Clefable|62/100 psn|[from] psn\n|upkeep\n|turn|7\n|\n|t:|1776505769\n|switch|p2a: Lucario|Lucario, L50, F|100/100\n|move|p1a: Clefable|Moonlight|p1a: Clefable\n|-heal|p1a: Clefable|100/100 psn\n|\n|-damage|p1a: Clefable|88/100 psn|[from] psn\n|upkeep\n|turn|8\n|\n|t:|1776505779\n|detailschange|p2a: Lucario|Lucario-Mega, L50, F\n|-mega|p2a: Lucario|Lucario|Lucarionite\n|move|p2a: Lucario|Swords Dance|p2a: Lucario\n|-boost|p2a: Lucario|atk|2\n|move|p1a: Clefable|Flamethrower|p2a: Lucario\n|-supereffective|p2a: Lucario|1\n|-crit|p2a: Lucario\n|-damage|p2a: Lucario|7/100\n|\n|-damage|p1a: Clefable|76/100 psn|[from] psn\n|upkeep\n|turn|9\n|\n|t:|1776505790\n|move|p2a: Lucario|Bullet Punch|p1a: Clefable\n|-supereffective|p1a: Clefable|1\n|-damage|p1a: Clefable|42/100 psn\n|move|p1a: Clefable|Flamethrower|p2a: Lucario\n|-supereffective|p2a: Lucario|1\n|-crit|p2a: Lucario\n|-damage|p2a: Lucario|0 fnt\n|faint|p2a: Lucario\n|\n|-damage|p1a: Clefable|30/100 psn|[from] psn\n|upkeep\n|\n|t:|1776505800\n|switch|p2a: Glimmora|Glimmora, L50, F|100/100\n|turn|10\n|\n|t:|1776505804\n|move|p2a: Glimmora|Power Gem|p1a: Clefable\n|-damage|p1a: Clefable|7/100 psn\n|move|p1a: Clefable|Moonlight|p1a: Clefable\n|-heal|p1a: Clefable|57/100 psn\n|\n|-damage|p1a: Clefable|45/100 psn|[from] psn\n|upkeep\n|turn|11\n|j| p74\n|\n|t:|1776505812\n|move|p2a: Glimmora|Power Gem|p1a: Clefable\n|-damage|p1a: Clefable|24/100 psn\n|move|p1a: Clefable|Moonlight|p1a: Clefable\n|-heal|p1a: Clefable|74/100 psn\n|\n|-damage|p1a: Clefable|62/100 psn|[from] psn\n|upkeep\n|turn|12\n|\n|t:|1776505821\n|move|p2a: Glimmora|Power Gem|p1a: Clefable\n|-damage|p1a: Clefable|38/100 psn\n|move|p1a: Clefable|Moonlight|p1a: Clefable\n|-heal|p1a: Clefable|88/100 psn\n|\n|-damage|p1a: Clefable|76/100 psn|[from] psn\n|upkeep\n|turn|13\n|\n|t:|1776505830\n|move|p2a: Glimmora|Power Gem|p1a: Clefable\n|-damage|p1a: Clefable|55/100 psn\n|move|p1a: Clefable|Cosmic Power|p1a: Clefable\n|-boost|p1a: Clefable|def|1\n|-boost|p1a: Clefable|spd|1\n|\n|-damage|p1a: Clefable|43/100 psn|[from] psn\n|upkeep\n|turn|14\n|\n|t:|1776505839\n|move|p2a: Glimmora|Power Gem|p1a: Clefable\n|-damage|p1a: Clefable|28/100 psn\n|move|p1a: Clefable|Moonlight|p1a: Clefable\n|-heal|p1a: Clefable|78/100 psn\n|\n|-damage|p1a: Clefable|66/100 psn|[from] psn\n|upkeep\n|turn|15\n|\n|t:|1776505847\n|move|p2a: Glimmora|Power Gem|p1a: Clefable\n|-damage|p1a: Clefable|48/100 psn\n|move|p1a: Clefable|Moonlight|p1a: Clefable\n|-heal|p1a: Clefable|98/100 psn\n|\n|-damage|p1a: Clefable|86/100 psn|[from] psn\n|upkeep\n|turn|16\n|\n|t:|1776505856\n|move|p2a: Glimmora|Power Gem|p1a: Clefable\n|-damage|p1a: Clefable|71/100 psn\n|move|p1a: Clefable|Cosmic Power|p1a: Clefable\n|-boost|p1a: Clefable|def|1\n|-boost|p1a: Clefable|spd|1\n|\n|-damage|p1a: Clefable|59/100 psn|[from] psn\n|upkeep\n|turn|17\n|\n|t:|1776505868\n|detailschange|p1a: Clefable|Clefable-Mega, L50, M\n|-mega|p1a: Clefable|Clefable|Clefablite\n|move|p2a: Glimmora|Power Gem|p1a: Clefable\n|-supereffective|p1a: Clefable|1\n|-damage|p1a: Clefable|37/100 psn\n|move|p1a: Clefable|Moonblast|p2a: Glimmora\n|-resisted|p2a: Glimmora|1\n|-damage|p2a: Glimmora|84/100\n|\n|-heal|p2a: Glimmora|90/100|[from] item: Leftovers\n|-damage|p1a: Clefable|25/100 psn|[from] psn\n|upkeep\n|turn|18\n|\n|t:|1776505880\n|move|p2a: Glimmora|Power Gem|p1a: Clefable\n|-supereffective|p1a: Clefable|1\n|-damage|p1a: Clefable|4/100 psn\n|move|p1a: Clefable|Moonlight|p1a: Clefable\n|-heal|p1a: Clefable|54/100 psn\n|\n|-heal|p2a: Glimmora|96/100|[from] item: Leftovers\n|-damage|p1a: Clefable|41/100 psn|[from] psn\n|upkeep\n|turn|19\n|\n|t:|1776505890\n|move|p2a: Glimmora|Power Gem|p1a: Clefable\n|-supereffective|p1a: Clefable|1\n|-damage|p1a: Clefable|19/100 psn\n|move|p1a: Clefable|Moonlight|p1a: Clefable\n|-heal|p1a: Clefable|69/100 psn\n|\n|-heal|p2a: Glimmora|100/100|[from] item: Leftovers\n|-damage|p1a: Clefable|57/100 psn|[from] psn\n|upkeep\n|turn|20\n|\n|t:|1776505900\n|move|p2a: Glimmora|Power Gem|p1a: Clefable\n|-supereffective|p1a: Clefable|1\n|-damage|p1a: Clefable|35/100 psn\n|move|p1a: Clefable|Flamethrower|p2a: Glimmora\n|-resisted|p2a: Glimmora|1\n|-damage|p2a: Glimmora|89/100\n|\n|-heal|p2a: Glimmora|95/100|[from] item: Leftovers\n|-damage|p1a: Clefable|23/100 psn|[from] psn\n|upkeep\n|turn|21\n|inactive|Battle timer is ON: inactive players will automatically lose when time's up. (requested by wanipoke)\n|inactive|dyuros has 60 seconds left.\n|inactive|dyuros has 30 seconds left.\n|inactive|dyuros has 20 seconds left.\n|inactive|dyuros has 15 seconds left.\n|l|\u2606wanipoke\n|inactive|wanipoke disconnected and has a minute to reconnect!\n|player|p2|\n|inactive|dyuros has 10 seconds left.\n|inactive|dyuros has 5 seconds left.\n|\n|t:|1776506012\n|move|p2a: Glimmora|Power Gem|p1a: Clefable\n|-supereffective|p1a: Clefable|1\n|-damage|p1a: Clefable|0 fnt\n|faint|p1a: Clefable\n|\n|-heal|p2a: Glimmora|100/100|[from] item: Leftovers\n|upkeep\n|j|\u2606wanipoke\n|inactive|wanipoke reconnected.\n|player|p2|wanipoke|cheren|\n|inactive|dyuros has 30 seconds left.\n|inactive|dyuros has 20 seconds left.\n|inactive|dyuros has 15 seconds left.\n|inactive|dyuros has 10 seconds left.\n|l|\u2606wanipoke\n|inactive|wanipoke disconnected and has a minute to reconnect!\n|player|p2|\n|inactive|dyuros has 5 seconds left.\n|j|\u2606wanipoke\n|inactive|wanipoke reconnected.\n|player|p2|wanipoke|cheren|\n|\n|t:|1776506068\n|switch|p1a: Toxapex|Toxapex, L50, M|100/100\n|turn|22\n|inactive|dyuros has 30 seconds left.\n|inactive|dyuros has 20 seconds left.\n|inactive|dyuros has 15 seconds left.\n|inactive|dyuros has 10 seconds left.\n|inactive|dyuros has 5 seconds left.\n|\n|t:|1776506123\n|move|p2a: Glimmora|Mud Shot|p1a: Toxapex\n|-supereffective|p1a: Toxapex|1\n|-damage|p1a: Toxapex|75/100\n|-unboost|p1a: Toxapex|spe|1\n|move|p1a: Toxapex|Recover|p1a: Toxapex\n|-heal|p1a: Toxapex|100/100\n|\n|upkeep\n|turn|23\n|inactive|dyuros has 30 seconds left.\n|inactive|dyuros has 20 seconds left.\n|inactive|dyuros has 15 seconds left.\n|inactive|dyuros has 10 seconds left.\n|inactive|dyuros has 5 seconds left.\n|\n|t:|1776506178\n|move|p2a: Glimmora|Mud Shot|p1a: Toxapex\n|-supereffective|p1a: Toxapex|1\n|-damage|p1a: Toxapex|74/100\n|-unboost|p1a: Toxapex|spe|1\n|move|p1a: Toxapex|Recover|p1a: Toxapex\n|-heal|p1a: Toxapex|100/100\n|\n|upkeep\n|turn|24\n|inactive|dyuros has 30 seconds left.\n|inactive|dyuros has 20 seconds left.\n|inactive|dyuros has 15 seconds left.\n|inactive|dyuros has 10 seconds left.\n|inactive|dyuros has 5 seconds left.\n|l|\u2606wanipoke\n|inactive|wanipoke disconnected and has a minute to reconnect!\n|player|p2|\n|\n|t:|1776506233\n|move|p2a: Glimmora|Power Gem|p1a: Toxapex\n|-damage|p1a: Toxapex|68/100\n|move|p1a: Toxapex|Recover|p1a: Toxapex\n|-heal|p1a: Toxapex|100/100\n|\n|upkeep\n|turn|25\n|j|\u2606wanipoke\n|inactive|wanipoke reconnected and has 35 seconds left.\n|player|p2|wanipoke|cheren|\n|inactive|dyuros has 30 seconds left.\n|inactive|wanipoke has 30 seconds left.\n|l|\u2606dyuros\n|inactive|dyuros disconnected and has a minute to reconnect!\n|player|p1|\n|inactive|dyuros has 20 seconds left.\n|inactive|dyuros has 15 seconds left.\n|inactive|dyuros has 10 seconds left.\n|inactive|dyuros has 5 seconds left.\n|-message|dyuros lost due to inactivity.\n|\n|win|wanipoke\n|raw|dyuros's rating: 1252 &rarr; <strong>1231</strong><br />(-21 for losing)\n|raw|wanipoke's rating: 1309 &rarr; <strong>1326</strong><br />(+17 for winning)\n|l|\u2606wanipoke\n|player|p2|\n",
  "uploadtime": 1776506292,
  "views": 2,
  "formatid": "gen9championsbssregma",
  "rating": 1231,
  "private": 0,
  "password": null
}