{
  "id": "gen9championsbssregma-2582996349",
  "format": "[Gen 9 Champions] BSS Reg M-A",
  "players": [
    "perdicionn",
    "qpalzmxxcd"
  ],
  "log": "|j|\u2606perdicionn\n|j|\u2606qpalzmxxcd\n|t:|1776131827\n|gametype|singles\n|player|p1|perdicionn|crasherwake|1234\n|player|p2|qpalzmxxcd|170|1225\n|gen|9\n|tier|[Gen 9 Champions] BSS Reg M-A\n|rated|\n|rule|Species Clause: Limit one of each Pok\u00e9mon\n|rule|Item Clause: Limit 1 of each item\n|clearpoke\n|poke|p1|Aegislash, L50, M|\n|poke|p1|Kingambit, L50, F|\n|poke|p1|Volcarona, L50, F|\n|poke|p1|Gyarados, L50, F|\n|poke|p1|Starmie, L50|\n|poke|p1|Manectric, L50, F|\n|poke|p2|Kangaskhan, L50, F|\n|poke|p2|Charizard, L50, F|\n|poke|p2|Hippowdon, L50, M|\n|poke|p2|Dragapult, L50, M|\n|poke|p2|Mimikyu, L50, M|\n|poke|p2|Primarina, L50, F|\n|teampreview|3\n|inactive|Battle timer is ON: inactive players will automatically lose when time's up. (requested by perdicionn)\n|inactive|qpalzmxxcd has 60 seconds left.\n|j| p74\n|\n|t:|1776131926\n|teamsize|p1|3\n|teamsize|p2|3\n|start\n|switch|p1a: Starmie|Starmie, L50|100/100\n|switch|p2a: Charizard|Charizard, L50, F|100/100\n|turn|1\n|\n|t:|1776131929\n|detailschange|p1a: Starmie|Starmie-Mega, L50\n|-mega|p1a: Starmie|Starmie|Starminite\n|detailschange|p2a: Charizard|Charizard-Mega-X, L50, F\n|-mega|p2a: Charizard|Charizard|Charizardite X\n|move|p1a: Starmie|Liquidation|p2a: Charizard\n|-damage|p2a: Charizard|23/100\n|-unboost|p2a: Charizard|def|1\n|move|p2a: Charizard|Flame Charge|p1a: Starmie\n|-resisted|p1a: Starmie|1\n|-damage|p1a: Starmie|78/100\n|-boost|p2a: Charizard|spe|1\n|\n|upkeep\n|turn|2\n|\n|t:|1776131941\n|move|p2a: Charizard|Outrage|p1a: Starmie\n|-damage|p1a: Starmie|0 fnt\n|faint|p1a: Starmie\n|\n|upkeep\n|\n|t:|1776131947\n|switch|p1a: Kingambit|Kingambit, L50, F|100/100\n|-activate|p1a: Kingambit|ability: Supreme Overlord\n|-start|p1a: Kingambit|fallen1|[silent]\n|turn|3\n|j| bromerta\n|\n|t:|1776131951\n|move|p1a: Kingambit|Sucker Punch|p2a: Charizard\n|-damage|p2a: Charizard|0 fnt\n|faint|p2a: Charizard\n|\n|upkeep\n|\n|t:|1776131953\n|switch|p2a: Primarina|Primarina, L50, F|100/100\n|turn|4\n|\n|t:|1776131956\n|move|p2a: Primarina|Sparkling Aria|p1a: Kingambit\n|-damage|p1a: Kingambit|51/100\n|move|p1a: Kingambit|Iron Head|p2a: Primarina\n|-damage|p2a: Primarina|21/100\n|\n|upkeep\n|turn|5\n|\n|t:|1776131964\n|move|p2a: Primarina|Aqua Jet|p1a: Kingambit\n|-damage|p1a: Kingambit|38/100\n|move|p1a: Kingambit|Iron Head|p2a: Primarina\n|-damage|p2a: Primarina|0 fnt\n|faint|p2a: Primarina\n|\n|upkeep\n|\n|t:|1776131972\n|switch|p2a: Mimikyu|Mimikyu, L50, M|100/100\n|turn|6\n|\n|t:|1776131975\n|move|p2a: Mimikyu|Swords Dance|p2a: Mimikyu\n|-boost|p2a: Mimikyu|atk|2\n|move|p1a: Kingambit|Iron Head|p2a: Mimikyu\n|-activate|p2a: Mimikyu|ability: Disguise\n|-damage|p2a: Mimikyu|100/100\n|detailschange|p2a: Mimikyu|Mimikyu-Busted, L50, M\n|-damage|p2a: Mimikyu|88/100|[from] pokemon: Mimikyu-Busted\n|\n|upkeep\n|turn|7\n|\n|t:|1776131979\n|move|p2a: Mimikyu|Play Rough|p1a: Kingambit\n|-damage|p1a: Kingambit|0 fnt\n|faint|p1a: Kingambit\n|-end|p1a: Kingambit|fallen1|[silent]\n|\n|upkeep\n|\n|t:|1776131981\n|switch|p1a: Aegislash|Aegislash, L50, M|100/100\n|turn|8\n|\n|t:|1776131986\n|move|p2a: Mimikyu|Shadow Claw|p1a: Aegislash\n|-supereffective|p1a: Aegislash|1\n|-damage|p1a: Aegislash|0 fnt\n|faint|p1a: Aegislash\n|\n|win|qpalzmxxcd\n|raw|perdicionn's rating: 1234 &rarr; <strong>1208</strong><br />(-26 for losing)\n|raw|qpalzmxxcd's rating: 1225 &rarr; <strong>1251</strong><br />(+26 for winning)\n|l|\u2606perdicionn\n|player|p1|\n|l| bromerta\n|l|\u2606qpalzmxxcd\n|player|p2|\n",
  "uploadtime": 1776132802,
  "views": 4,
  "formatid": "gen9championsbssregma",
  "rating": 1208,
  "private": 0,
  "password": null
}