{
  "id": "gen9championsbssregma-2583899226",
  "format": "[Gen 9 Champions] BSS Reg M-A",
  "players": [
    "idunnoagoodnam",
    "bus"
  ],
  "log": "|j|\u2606idunnoagoodnam\n|j|\u2606bus\n|t:|1776206580\n|gametype|singles\n|player|p1|idunnoagoodnam|1|1156\n|player|p2|bus|sabrina|1027\n|gen|9\n|tier|[Gen 9 Champions] BSS Reg M-A\n|rated|\n|rule|Species Clause: Limit one of each Pok\u00e9mon\n|rule|Item Clause: Limit 1 of each item\n|clearpoke\n|poke|p1|Lopunny, L50, F|\n|poke|p1|Primarina, L50, F|\n|poke|p1|Corviknight, L50, M|\n|poke|p1|Dragonite, L50, M|\n|poke|p1|Rotom-Heat, L50|\n|poke|p1|Meowscarada, L50, F|\n|poke|p2|Meowscarada, L50, M|\n|poke|p2|Rotom-Wash, L50|\n|poke|p2|Clefable, L50, M|\n|poke|p2|Skarmory, L50, F|\n|poke|p2|Ninetales-Alola, L50, M|\n|poke|p2|Roserade, L50, F|\n|teampreview|3\n|\n|t:|1776206618\n|teamsize|p1|3\n|teamsize|p2|3\n|start\n|switch|p1a: Lopunny|Lopunny, L50, F, shiny|100/100\n|switch|p2a: Skarmory|Skarmory, L50, F|100/100\n|turn|1\n|\n|t:|1776206628\n|detailschange|p1a: Lopunny|Lopunny-Mega, L50, F, shiny\n|-mega|p1a: Lopunny|Lopunny|Lopunnite\n|move|p1a: Lopunny|U-turn|p2a: Skarmory\n|-resisted|p2a: Skarmory|2\n|-damage|p2a: Skarmory|95/100\n|-ability|p2a: Skarmory|Weak Armor|boost\n|-unboost|p2a: Skarmory|def|1\n|-boost|p2a: Skarmory|spe|2\n|\n|t:|1776206632\n|switch|p1a: Rotom|Rotom-Heat, L50|100/100|[from] U-turn\n|move|p2a: Skarmory|Swords Dance|p2a: Skarmory\n|-boost|p2a: Skarmory|atk|2\n|\n|upkeep\n|turn|2\n|\n|t:|1776206642\n|detailschange|p2a: Skarmory|Skarmory-Mega, L50, F\n|-mega|p2a: Skarmory|Skarmory|Skarmorite\n|move|p2a: Skarmory|Drill Peck|p1a: Rotom\n|-resisted|p1a: Rotom|1\n|-damage|p1a: Rotom|38/100\n|move|p1a: Rotom|Overheat|p2a: Skarmory|[miss]\n|-miss|p1a: Rotom|p2a: Skarmory\n|\n|upkeep\n|turn|3\n|\n|t:|1776206649\n|move|p2a: Skarmory|Drill Peck|p1a: Rotom\n|-resisted|p1a: Rotom|1\n|-damage|p1a: Rotom|0 fnt\n|faint|p1a: Rotom\n|\n|upkeep\n|\n|t:|1776206650\n|switch|p1a: Corviknight|Corviknight, L50, M, shiny|100/100\n|-ability|p1a: Corviknight|Pressure\n|turn|4\n|\n|t:|1776206662\n|move|p2a: Skarmory|Drill Peck|p1a: Corviknight\n|-resisted|p1a: Corviknight|1\n|-damage|p1a: Corviknight|73/100\n|move|p1a: Corviknight|Iron Defense|p1a: Corviknight\n|-boost|p1a: Corviknight|def|2\n|\n|-heal|p1a: Corviknight|79/100|[from] item: Leftovers\n|upkeep\n|turn|5\n|\n|t:|1776206679\n|move|p2a: Skarmory|Drill Peck|p1a: Corviknight\n|-resisted|p1a: Corviknight|1\n|-damage|p1a: Corviknight|64/100\n|move|p1a: Corviknight|Bulk Up|p1a: Corviknight\n|-boost|p1a: Corviknight|atk|1\n|-boost|p1a: Corviknight|def|1\n|\n|-heal|p1a: Corviknight|70/100|[from] item: Leftovers\n|upkeep\n|turn|6\n|\n|t:|1776206691\n|switch|p2a: Ninetales|Ninetales-Alola, L50, M|100/100\n|-weather|Snowscape|[from] ability: Snow Warning|[of] p2a: Ninetales\n|move|p1a: Corviknight|Body Press|p2a: Ninetales\n|-damage|p2a: Ninetales|35/100\n|\n|-weather|Snowscape|[upkeep]\n|-heal|p1a: Corviknight|76/100|[from] item: Leftovers\n|upkeep\n|turn|7\n|\n|t:|1776206699\n|move|p2a: Ninetales|Aurora Veil|p2a: Ninetales\n|-sidestart|p2: bus|move: Aurora Veil\n|move|p1a: Corviknight|Body Press|p2a: Ninetales\n|-damage|p2a: Ninetales|3/100\n|\n|-weather|Snowscape|[upkeep]\n|-heal|p1a: Corviknight|82/100|[from] item: Leftovers\n|upkeep\n|turn|8\n|\n|t:|1776206703\n|move|p2a: Ninetales|Blizzard|p1a: Corviknight\n|-damage|p1a: Corviknight|40/100\n|move|p1a: Corviknight|Body Press|p2a: Ninetales\n|-damage|p2a: Ninetales|0 fnt\n|faint|p2a: Ninetales\n|\n|-weather|Snowscape|[upkeep]\n|-heal|p1a: Corviknight|45/100|[from] item: Leftovers\n|upkeep\n|\n|t:|1776206708\n|switch|p2a: Roserade|Roserade, L50, F|100/100\n|turn|9\n|\n|t:|1776206712\n|move|p2a: Roserade|Sleep Powder|p1a: Corviknight|[miss]\n|-miss|p2a: Roserade|p1a: Corviknight\n|move|p1a: Corviknight|Roost|p1a: Corviknight\n|-heal|p1a: Corviknight|96/100\n|-singleturn|p1a: Corviknight|move: Roost\n|\n|-weather|Snowscape|[upkeep]\n|-heal|p1a: Corviknight|100/100|[from] item: Leftovers\n|upkeep\n|turn|10\n|\n|t:|1776206716\n|move|p2a: Roserade|Sleep Powder|p1a: Corviknight\n|-status|p1a: Corviknight|slp|[from] move: Sleep Powder\n|cant|p1a: Corviknight|slp\n|\n|-weather|none\n|upkeep\n|turn|11\n|\n|t:|1776206726\n|switch|p2a: Skarmory|Skarmory-Mega, L50, F|95/100\n|cant|p1a: Corviknight|slp\n|\n|-sideend|p2: bus|move: Aurora Veil\n|upkeep\n|turn|12\n|\n|t:|1776206730\n|move|p2a: Skarmory|Swords Dance|p2a: Skarmory\n|-boost|p2a: Skarmory|atk|2\n|-curestatus|p1a: Corviknight|slp|[msg]\n|move|p1a: Corviknight|Body Press|p2a: Skarmory\n|-crit|p2a: Skarmory\n|-damage|p2a: Skarmory|0 fnt\n|faint|p2a: Skarmory\n|\n|upkeep\n|-message|bus forfeited.\n|\n|win|idunnoagoodnam\n|raw|idunnoagoodnam's rating: 1156 &rarr; <strong>1172</strong><br />(+16 for winning)\n|raw|bus's rating: 1027 &rarr; <strong>1018</strong><br />(-9 for losing)\n|l|\u2606bus\n|player|p2|\n",
  "uploadtime": 1776206740,
  "views": 3,
  "formatid": "gen9championsbssregma",
  "rating": 1018,
  "private": 0,
  "password": null
}