{
  "id": "gen9championsbssregma-2584847928",
  "format": "[Gen 9 Champions] BSS Reg M-A",
  "players": [
    "DiceyRice",
    "Jocelyn lose"
  ],
  "log": "|j|\u2606DiceyRice\n|j|\u2606Jocelyn lose\n|t:|1776288359\n|gametype|singles\n|player|p1|DiceyRice|miku-ghost|1258\n|player|p2|Jocelyn lose|hiker-gen4|1245\n|gen|9\n|tier|[Gen 9 Champions] BSS Reg M-A\n|rated|\n|rule|Species Clause: Limit one of each Pok\u00e9mon\n|rule|Item Clause: Limit 1 of each item\n|clearpoke\n|poke|p1|Hippowdon, L50, F|\n|poke|p1|Volcarona, L50, M|\n|poke|p1|Blastoise, L50, F|\n|poke|p1|Aegislash, L50, M|\n|poke|p1|Floette-Eternal, L50, F|\n|poke|p1|Hydreigon, L50, F|\n|poke|p2|Dragonite, L50, F|\n|poke|p2|Crabominable, L50, F|\n|poke|p2|Mimikyu, L50, M|\n|poke|p2|Azumarill, L50, M|\n|poke|p2|Gengar, L50, F|\n|poke|p2|Scizor, L50, F|\n|teampreview|3\n|\n|t:|1776288400\n|teamsize|p1|3\n|teamsize|p2|3\n|start\n|switch|p1a: Hippowdon|Hippowdon, L50, F|100/100\n|switch|p2a: Mimikyu|Mimikyu, L50, M|100/100\n|-weather|Sandstorm|[from] ability: Sand Stream|[of] p1a: Hippowdon\n|turn|1\n|\n|t:|1776288416\n|move|p2a: Mimikyu|Play Rough|p1a: Hippowdon\n|-damage|p1a: Hippowdon|75/100\n|move|p1a: Hippowdon|Stealth Rock|p2a: Mimikyu\n|-sidestart|p2: Jocelyn lose|move: Stealth Rock\n|\n|-weather|Sandstorm|[upkeep]\n|-damage|p2a: Mimikyu|94/100|[from] Sandstorm\n|upkeep\n|turn|2\n|\n|t:|1776288421\n|move|p2a: Mimikyu|Play Rough|p1a: Hippowdon\n|-damage|p1a: Hippowdon|48/100\n|-enditem|p1a: Hippowdon|Sitrus Berry|[eat]\n|-heal|p1a: Hippowdon|73/100|[from] item: Sitrus Berry\n|move|p1a: Hippowdon|Earthquake|p2a: Mimikyu\n|-activate|p2a: Mimikyu|ability: Disguise\n|-damage|p2a: Mimikyu|94/100\n|detailschange|p2a: Mimikyu|Mimikyu-Busted, L50, M\n|-damage|p2a: Mimikyu|82/100|[from] pokemon: Mimikyu-Busted\n|\n|-weather|Sandstorm|[upkeep]\n|-damage|p2a: Mimikyu|76/100|[from] Sandstorm\n|upkeep\n|turn|3\n|\n|t:|1776288427\n|move|p2a: Mimikyu|Play Rough|p1a: Hippowdon|[miss]\n|-miss|p2a: Mimikyu|p1a: Hippowdon\n|move|p1a: Hippowdon|Yawn|p2a: Mimikyu\n|-start|p2a: Mimikyu|move: Yawn|[of] p1a: Hippowdon\n|\n|-weather|Sandstorm|[upkeep]\n|-damage|p2a: Mimikyu|70/100|[from] Sandstorm\n|upkeep\n|turn|4\n|j| p74\n|\n|t:|1776288445\n|switch|p2a: Scizor|Scizor, L50, F|100/100\n|-damage|p2a: Scizor|88/100|[from] Stealth Rock\n|move|p1a: Hippowdon|Yawn|p2a: Scizor\n|-start|p2a: Scizor|move: Yawn|[of] p1a: Hippowdon\n|\n|-weather|Sandstorm|[upkeep]\n|upkeep\n|turn|5\n|\n|t:|1776288459\n|detailschange|p2a: Scizor|Scizor-Mega, L50, F\n|-mega|p2a: Scizor|Scizor|Scizorite\n|move|p2a: Scizor|U-turn|p1a: Hippowdon\n|-damage|p1a: Hippowdon|42/100\n|\n|t:|1776288464\n|switch|p2a: Mimikyu|Mimikyu-Busted, L50, M|70/100|[from] U-turn\n|-damage|p2a: Mimikyu|57/100|[from] Stealth Rock\n|move|p1a: Hippowdon|Earthquake|p2a: Mimikyu\n|-damage|p2a: Mimikyu|16/100\n|\n|-weather|none\n|upkeep\n|turn|6\n|\n|t:|1776288479\n|move|p2a: Mimikyu|Destiny Bond|p2a: Mimikyu\n|-singlemove|p2a: Mimikyu|Destiny Bond\n|move|p1a: Hippowdon|Earthquake|p2a: Mimikyu\n|-damage|p2a: Mimikyu|0 fnt\n|faint|p2a: Mimikyu\n|-activate|p2a: Mimikyu|move: Destiny Bond\n|faint|p1a: Hippowdon\n|\n|upkeep\n|\n|t:|1776288490\n|switch|p2a: Scizor|Scizor-Mega, L50, F|88/100\n|switch|p1a: Blastoise|Blastoise, L50, F|100/100\n|-damage|p2a: Scizor|76/100|[from] Stealth Rock\n|turn|7\n|\n|t:|1776288508\n|detailschange|p1a: Blastoise|Blastoise-Mega, L50, F\n|-mega|p1a: Blastoise|Blastoise|Blastoisinite\n|move|p1a: Blastoise|Water Pulse|p2a: Scizor\n|-crit|p2a: Scizor\n|-damage|p2a: Scizor|2/100\n|-start|p2a: Scizor|confusion\n|-activate|p2a: Scizor|confusion\n|-damage|p2a: Scizor|0 fnt|[from] confusion\n|faint|p2a: Scizor\n|\n|upkeep\n|\n|t:|1776288519\n|switch|p2a: Gengar|Gengar, L50, F|100/100\n|-damage|p2a: Gengar|89/100|[from] Stealth Rock\n|turn|8\n|\n|t:|1776288529\n|move|p2a: Gengar|Thunderbolt|p1a: Blastoise\n|-supereffective|p1a: Blastoise|1\n|-damage|p1a: Blastoise|42/100\n|move|p1a: Blastoise|Dark Pulse|p2a: Gengar\n|-supereffective|p2a: Gengar|1\n|-damage|p2a: Gengar|0 fnt\n|faint|p2a: Gengar\n|\n|win|DiceyRice\n|raw|DiceyRice's rating: 1258 &rarr; <strong>1282</strong><br />(+24 for winning)\n|raw|Jocelyn lose's rating: 1245 &rarr; <strong>1221</strong><br />(-24 for losing)\n|l|\u2606Jocelyn lose\n|player|p2|\n|l|\u2606DiceyRice\n|player|p1|\n",
  "uploadtime": 1776288634,
  "views": 3,
  "formatid": "gen9championsbssregma",
  "rating": 1221,
  "private": 0,
  "password": null
}