{
  "id": "gen9championsbssregma-2584309217",
  "format": "[Gen 9 Champions] BSS Reg M-A",
  "players": [
    "MiraidonGaming",
    "karbain"
  ],
  "log": "|j|\u2606MiraidonGaming\n|j|\u2606karbain\n|t:|1776249741\n|gametype|singles\n|player|p1|MiraidonGaming|lucas|1378\n|player|p2|karbain|2|1488\n|gen|9\n|tier|[Gen 9 Champions] BSS Reg M-A\n|rated|\n|rule|Species Clause: Limit one of each Pok\u00e9mon\n|rule|Item Clause: Limit 1 of each item\n|clearpoke\n|poke|p1|Ninetales-Alola, L50, F|\n|poke|p1|Charizard, L50, M|\n|poke|p1|Scizor, L50, M|\n|poke|p1|Sinistcha, L50|\n|poke|p1|Rotom-Wash, L50|\n|poke|p1|Salazzle, L50, F|\n|poke|p2|Charizard, L50, M|\n|poke|p2|Greninja-*, L50, M|\n|poke|p2|Gengar, L50, M|\n|poke|p2|Mimikyu, L50, F|\n|poke|p2|Meowscarada, L50, M|\n|poke|p2|Empoleon, L50, M|\n|teampreview|3\n|\n|t:|1776249767\n|teamsize|p1|3\n|teamsize|p2|3\n|start\n|switch|p1a: Bruce|Charizard, L50, M|100/100\n|switch|p2a: Greninja|Greninja, L50, M|100/100\n|turn|1\n|inactive|Battle timer is ON: inactive players will automatically lose when time's up. (requested by karbain)\n|\n|t:|1776249798\n|detailschange|p1a: Bruce|Charizard-Mega-X, L50, M\n|-mega|p1a: Bruce|Charizard|Charizardite X\n|move|p2a: Greninja|Surf|p1a: Bruce\n|-damage|p1a: Bruce|59/100\n|move|p1a: Bruce|Dragon Dance|p1a: Bruce\n|-boost|p1a: Bruce|atk|1\n|-boost|p1a: Bruce|spe|1\n|\n|upkeep\n|turn|2\n|\n|t:|1776249816\n|move|p1a: Bruce|Breaking Swipe|p2a: Greninja\n|-crit|p2a: Greninja\n|-enditem|p2a: Greninja|Focus Sash\n|-damage|p2a: Greninja|1/100\n|-unboost|p2a: Greninja|atk|1\n|move|p2a: Greninja|Surf|p1a: Bruce\n|-damage|p1a: Bruce|0 fnt\n|faint|p1a: Bruce\n|\n|upkeep\n|\n|t:|1776249832\n|switch|p1a: Put a brick in|Rotom-Wash, L50|100/100\n|turn|3\n|\n|t:|1776249845\n|move|p1a: Put a brick in|Discharge|p2a: Greninja\n|-supereffective|p2a: Greninja|1\n|-damage|p2a: Greninja|0 fnt\n|faint|p2a: Greninja\n|\n|upkeep\n|\n|t:|1776249851\n|switch|p2a: Empoleon|Empoleon, L50, M|100/100\n|turn|4\n|\n|t:|1776249854\n|move|p1a: Put a brick in|Discharge|p2a: Empoleon\n|-supereffective|p2a: Empoleon|1\n|-damage|p2a: Empoleon|49/100\n|-enditem|p2a: Empoleon|Sitrus Berry|[eat]\n|-heal|p2a: Empoleon|74/100|[from] item: Sitrus Berry\n|move|p2a: Empoleon|Yawn|p1a: Put a brick in\n|-start|p1a: Put a brick in|move: Yawn|[of] p2a: Empoleon\n|\n|upkeep\n|turn|5\n|\n|t:|1776249864\n|switch|p1a: Edward|Scizor, L50, M|100/100\n|move|p2a: Empoleon|Stealth Rock|p1a: Edward\n|-sidestart|p1: MiraidonGaming|move: Stealth Rock\n|\n|upkeep\n|turn|6\n|\n|t:|1776249869\n|move|p1a: Edward|Swords Dance|p1a: Edward\n|-boost|p1a: Edward|atk|2\n|move|p2a: Empoleon|Yawn|p1a: Edward\n|-start|p1a: Edward|move: Yawn|[of] p2a: Empoleon\n|\n|upkeep\n|turn|7\n|\n|t:|1776249875\n|move|p1a: Edward|Bullet Punch|p2a: Empoleon\n|-resisted|p2a: Empoleon|2\n|-damage|p2a: Empoleon|62/100\n|move|p2a: Empoleon|Flip Turn|p1a: Edward\n|-damage|p1a: Edward|83/100\n|\n|t:|1776249880\n|switch|p2a: Charizard|Charizard, L50, M|100/100|[from] Flip Turn\n|\n|-end|p1a: Edward|move: Yawn|[silent]\n|-status|p1a: Edward|slp\n|upkeep\n|turn|8\n|\n|t:|1776249887\n|detailschange|p2a: Charizard|Charizard-Mega-X, L50, M\n|-mega|p2a: Charizard|Charizard|Charizardite X\n|cant|p1a: Edward|slp\n|move|p2a: Charizard|Flame Charge|p1a: Edward\n|-supereffective|p1a: Edward|2\n|-damage|p1a: Edward|0 fnt\n|-boost|p2a: Charizard|spe|1\n|faint|p1a: Edward\n|\n|upkeep\n|j| p74\n|\n|t:|1776249889\n|switch|p1a: Put a brick in|Rotom-Wash, L50|100/100\n|-damage|p1a: Put a brick in|88/100|[from] Stealth Rock\n|turn|9\n|\n|t:|1776249898\n|move|p2a: Charizard|Outrage|p1a: Put a brick in\n|-damage|p1a: Put a brick in|0 fnt\n|faint|p1a: Put a brick in\n|\n|win|karbain\n|raw|MiraidonGaming's rating: 1378 &rarr; <strong>1364</strong><br />(-14 for losing)\n|raw|karbain's rating: 1488 &rarr; <strong>1502</strong><br />(+14 for winning)\n|l|\u2606MiraidonGaming\n|player|p1|\n|l|\u2606karbain\n|player|p2|\n",
  "uploadtime": 1776249936,
  "views": 4,
  "formatid": "gen9championsbssregma",
  "rating": 1364,
  "private": 0,
  "password": null
}