{
  "id": "gen9championsbssregma-2581126741",
  "format": "[Gen 9 Champions] BSS Reg M-A",
  "players": [
    "CloudWatcherTian",
    "4victor1"
  ],
  "log": "|j|\u2606CloudWatcherTian\n|j|\u26064victor1\n|t:|1775962444\n|gametype|singles\n|player|p1|CloudWatcherTian|birdkeeper|1040\n|player|p2|4victor1|birdkeeper-gen1rb|1024\n|gen|9\n|tier|[Gen 9 Champions] BSS Reg M-A\n|rated|\n|rule|Species Clause: Limit one of each Pok\u00e9mon\n|rule|Item Clause: Limit 1 of each item\n|clearpoke\n|poke|p1|Sneasler, L50, F|\n|poke|p1|Gyarados, L50, M|\n|poke|p1|Incineroar, L50, F|\n|poke|p1|Gliscor, L50, M|\n|poke|p1|Bellibolt, L50, F|\n|poke|p1|Mamoswine, L50, M|\n|poke|p2|Decidueye-Hisui, L50, F|\n|poke|p2|Altaria, L50, M|\n|poke|p2|Scizor, L50, F|\n|poke|p2|Espathra, L50, M|\n|poke|p2|Skeledirge, L50, M|\n|poke|p2|Hatterene, L50, F|\n|teampreview|3\n|inactive|Battle timer is ON: inactive players will automatically lose when time's up. (requested by 4victor1)\n|c|\u2606CloudWatcherTian|Welcome, glhf!\n|\n|t:|1775962472\n|teamsize|p1|3\n|teamsize|p2|3\n|start\n|switch|p1a: Ssaha|Sneasler, L50, F, shiny|100/100\n|switch|p2a: Guinevere|Hatterene, L50, F|100/100\n|turn|1\n|\n|t:|1775962481\n|move|p1a: Ssaha|Fake Out|p2a: Guinevere\n|-damage|p2a: Guinevere|85/100\n|cant|p2a: Guinevere|flinch\n|\n|upkeep\n|turn|2\n|\n|t:|1775962487\n|move|p1a: Ssaha|Dire Claw|p2a: Guinevere\n|-supereffective|p2a: Guinevere|1\n|-damage|p2a: Guinevere|0 fnt\n|faint|p2a: Guinevere\n|\n|upkeep\n|\n|t:|1775962490\n|switch|p2a: Espathra|Espathra, L50, M|100/100\n|turn|3\n|\n|t:|1775962501\n|move|p1a: Ssaha|Dire Claw|p2a: Espathra\n|-damage|p2a: Espathra|32/100\n|move|p2a: Espathra|Calm Mind|p2a: Espathra\n|-boost|p2a: Espathra|spa|1\n|-boost|p2a: Espathra|spd|1\n|\n|-ability|p2a: Espathra|Speed Boost|boost\n|-boost|p2a: Espathra|spe|1\n|upkeep\n|turn|4\n|\n|t:|1775962510\n|move|p2a: Espathra|Stored Power|p1a: Ssaha\n|-supereffective|p1a: Ssaha|2\n|-enditem|p1a: Ssaha|Focus Sash\n|-damage|p1a: Ssaha|1/100\n|move|p1a: Ssaha|Dire Claw|p2a: Espathra\n|-damage|p2a: Espathra|0 fnt\n|faint|p2a: Espathra\n|\n|upkeep\n|\n|t:|1775962513\n|switch|p2a: Altaria|Altaria, L50, M|100/100\n|-ability|p2a: Altaria|Cloud Nine\n|turn|5\n|\n|t:|1775962524\n|move|p1a: Ssaha|Dire Claw|p2a: Altaria\n|-damage|p2a: Altaria|50/100\n|move|p2a: Altaria|Trailblaze|p1a: Ssaha\n|-resisted|p1a: Ssaha|1\n|-damage|p1a: Ssaha|0 fnt\n|-boost|p2a: Altaria|spe|1\n|faint|p1a: Ssaha\n|\n|upkeep\n|\n|t:|1775962537\n|switch|p1a: Kazuya|Incineroar, L50, F, shiny|100/100\n|-ability|p1a: Kazuya|Intimidate|boost\n|-unboost|p2a: Altaria|atk|1\n|turn|6\n|\n|t:|1775962546\n|detailschange|p2a: Altaria|Altaria-Mega, L50, M\n|-mega|p2a: Altaria|Altaria|Altarianite\n|move|p2a: Altaria|Dragon Dance|p2a: Altaria\n|-boost|p2a: Altaria|atk|1\n|-boost|p2a: Altaria|spe|1\n|move|p1a: Kazuya|Darkest Lariat|p2a: Altaria\n|-resisted|p2a: Altaria|1\n|-damage|p2a: Altaria|27/100\n|\n|upkeep\n|turn|7\n|\n|t:|1775962559\n|move|p2a: Altaria|Outrage|p1a: Kazuya\n|-damage|p1a: Kazuya|39/100\n|-enditem|p1a: Kazuya|Sitrus Berry|[eat]\n|-heal|p1a: Kazuya|64/100|[from] item: Sitrus Berry\n|move|p1a: Kazuya|Parting Shot|p2a: Altaria\n|-unboost|p2a: Altaria|atk|1\n|-unboost|p2a: Altaria|spa|1\n|-message|4victor1 forfeited.\n|\n|win|CloudWatcherTian\n|raw|CloudWatcherTian's rating: 1040 &rarr; <strong>1072</strong><br />(+32 for winning)\n|raw|4victor1's rating: 1024 &rarr; <strong>1011</strong><br />(-13 for losing)\n|l|\u26064victor1\n|player|p2|\n|c|\u2606CloudWatcherTian|GGs!\n|c|\u2606CloudWatcherTian|Thank you for the match!\n",
  "uploadtime": 1775962586,
  "views": 13,
  "formatid": "gen9championsbssregma",
  "rating": 1011,
  "private": 0,
  "password": null
}