{
  "id": "gen9championsbssregma-2585863281",
  "format": "[Gen 9 Champions] BSS Reg M-A",
  "players": [
    "isaacmora22",
    "cisneros1891"
  ],
  "log": "|j|\u2606isaacmora22\n|j|\u2606cisneros1891\n|t:|1776376485\n|gametype|singles\n|player|p1|isaacmora22|hilbert|1105\n|player|p2|cisneros1891|bugsy|1114\n|gen|9\n|tier|[Gen 9 Champions] BSS Reg M-A\n|rated|\n|rule|Species Clause: Limit one of each Pok\u00e9mon\n|rule|Item Clause: Limit 1 of each item\n|clearpoke\n|poke|p1|Flareon, L50, M|\n|poke|p1|Dragonite, L50, M|\n|poke|p1|Luxray, L50, M|\n|poke|p1|Clawitzer, L50, M|\n|poke|p1|Sableye, L50, M|\n|poke|p1|Archaludon, L50, F|\n|poke|p2|Araquanid, L50, M|\n|poke|p2|Raichu, L50, F|\n|poke|p2|Lopunny, L50, F|\n|poke|p2|Kingambit, L50, F|\n|poke|p2|Ariados, L50, F|\n|poke|p2|Dragonite, L50, M|\n|teampreview|3\n|\n|t:|1776376495\n|teamsize|p1|3\n|teamsize|p2|3\n|start\n|switch|p1a: Migo|Dragonite, L50, M|100/100\n|switch|p2a: Araquanid|Araquanid, L50, M|100/100\n|turn|1\n|\n|t:|1776376503\n|detailschange|p1a: Migo|Dragonite-Mega, L50, M\n|-mega|p1a: Migo|Dragonite|Dragoninite\n|move|p1a: Migo|Thunderbolt|p2a: Araquanid\n|-supereffective|p2a: Araquanid|1\n|-damage|p2a: Araquanid|52/100\n|move|p2a: Araquanid|Pounce|p1a: Migo\n|-resisted|p1a: Migo|1\n|-damage|p1a: Migo|97/100\n|-unboost|p1a: Migo|spe|1\n|\n|-heal|p2a: Araquanid|58/100|[from] item: Leftovers\n|upkeep\n|turn|2\n|\n|t:|1776376515\n|switch|p2a: Raichu|Raichu, L50, F|100/100\n|move|p1a: Migo|Air Slash|p2a: Raichu\n|-resisted|p2a: Raichu|1\n|-crit|p2a: Raichu\n|-damage|p2a: Raichu|48/100\n|\n|upkeep\n|turn|3\n|\n|t:|1776376523\n|move|p2a: Raichu|Fake Out|p1a: Migo\n|-damage|p1a: Migo|90/100\n|cant|p1a: Migo|flinch\n|\n|upkeep\n|turn|4\n|\n|t:|1776376528\n|move|p2a: Raichu|Alluring Voice|p1a: Migo\n|-supereffective|p1a: Migo|1\n|-damage|p1a: Migo|49/100\n|move|p1a: Migo|Air Slash|p2a: Raichu|[miss]\n|-miss|p1a: Migo|p2a: Raichu\n|\n|upkeep\n|turn|5\n|\n|t:|1776376537\n|move|p2a: Raichu|Alluring Voice|p1a: Migo\n|-supereffective|p1a: Migo|1\n|-damage|p1a: Migo|10/100\n|move|p1a: Migo|Air Slash|p2a: Raichu\n|-resisted|p2a: Raichu|1\n|-crit|p2a: Raichu\n|-damage|p2a: Raichu|0 fnt\n|faint|p2a: Raichu\n|\n|upkeep\n|\n|t:|1776376544\n|switch|p2a: Dragonite|Dragonite, L50, M|100/100\n|turn|6\n|\n|t:|1776376550\n|detailschange|p2a: Dragonite|Dragonite-Mega, L50, M\n|-mega|p2a: Dragonite|Dragonite|Dragoninite\n|move|p2a: Dragonite|Surf|p1a: Migo\n|-resisted|p1a: Migo|1\n|-damage|p1a: Migo|0 fnt\n|faint|p1a: Migo\n|\n|upkeep\n|\n|t:|1776376557\n|switch|p1a: Rex|Luxray, L50, M|100/100\n|-ability|p1a: Rex|Intimidate|boost\n|-unboost|p2a: Dragonite|atk|1\n|turn|7\n|\n|t:|1776376562\n|move|p2a: Dragonite|Surf|p1a: Rex\n|-damage|p1a: Rex|52/100\n|move|p1a: Rex|Ice Fang|p2a: Dragonite\n|-supereffective|p2a: Dragonite|2\n|-damage|p2a: Dragonite|50/100\n|\n|upkeep\n|turn|8\n|\n|t:|1776376569\n|move|p2a: Dragonite|Surf|p1a: Rex\n|-damage|p1a: Rex|4/100\n|-enditem|p1a: Rex|Sitrus Berry|[eat]\n|-heal|p1a: Rex|29/100|[from] item: Sitrus Berry\n|move|p1a: Rex|Ice Fang|p2a: Dragonite\n|-supereffective|p2a: Dragonite|2\n|-damage|p2a: Dragonite|0 fnt\n|faint|p2a: Dragonite\n|\n|upkeep\n|\n|t:|1776376572\n|switch|p2a: Araquanid|Araquanid, L50, M|58/100\n|turn|9\n|\n|t:|1776376582\n|move|p1a: Rex|Volt Switch|p2a: Araquanid\n|-supereffective|p2a: Araquanid|1\n|-damage|p2a: Araquanid|30/100\n|\n|t:|1776376586\n|switch|p1a: Camden|Flareon, L50, M|100/100|[from] Volt Switch\n|move|p2a: Araquanid|Waterfall|p1a: Camden\n|-supereffective|p1a: Camden|1\n|-enditem|p1a: Camden|Focus Sash\n|-damage|p1a: Camden|1/100\n|\n|-heal|p2a: Araquanid|35/100|[from] item: Leftovers\n|upkeep\n|turn|10\n|\n|t:|1776376596\n|move|p1a: Camden|Flare Blitz|p2a: Araquanid\n|-damage|p2a: Araquanid|0 fnt\n|faint|p2a: Araquanid\n|-damage|p1a: Camden|0 fnt|[from] Recoil\n|faint|p1a: Camden\n|\n|win|isaacmora22\n|raw|isaacmora22's rating: 1105 &rarr; <strong>1131</strong><br />(+26 for winning)\n|raw|cisneros1891's rating: 1114 &rarr; <strong>1088</strong><br />(-26 for losing)\n|l|\u2606cisneros1891\n|player|p2|\n",
  "uploadtime": 1776376605,
  "views": 4,
  "formatid": "gen9championsbssregma",
  "rating": 1088,
  "private": 0,
  "password": null
}