{
  "id": "gen9championsbssregma-2584066130",
  "format": "[Gen 9 Champions] BSS Reg M-A",
  "players": [
    "karbain",
    "bandai home"
  ],
  "log": "|j|\u2606karbain\n|j|\u2606bandai home\n|t:|1776221719\n|gametype|singles\n|player|p1|karbain|2|1412\n|player|p2|bandai home|170|1272\n|gen|9\n|tier|[Gen 9 Champions] BSS Reg M-A\n|rated|\n|rule|Species Clause: Limit one of each Pok\u00e9mon\n|rule|Item Clause: Limit 1 of each item\n|clearpoke\n|poke|p1|Charizard, L50, M|\n|poke|p1|Greninja-*, L50, F|\n|poke|p1|Meowscarada, L50, F|\n|poke|p1|Gengar, L50, F|\n|poke|p1|Whimsicott, L50, F|\n|poke|p1|Archaludon, L50, F|\n|poke|p2|Dragapult, L50, F|\n|poke|p2|Gengar, L50, M|\n|poke|p2|Scovillain, L50, F|\n|poke|p2|Kingambit, L50, F|\n|poke|p2|Corviknight, L50, F|\n|poke|p2|Arcanine-Hisui, L50, F|\n|teampreview|3\n|inactive|Battle timer is ON: inactive players will automatically lose when time's up. (requested by bandai home)\n|\n|t:|1776221750\n|teamsize|p1|3\n|teamsize|p2|3\n|start\n|switch|p1a: Greninja|Greninja, L50, F|100/100\n|switch|p2a: Dragapult|Dragapult, L50, F|100/100\n|turn|1\n|j| p74\n|l|\u2606karbain\n|inactive|karbain disconnected and has a minute to reconnect!\n|player|p1|\n|inactive|bandai home has 30 seconds left.\n|\n|t:|1776221777\n|move|p2a: Dragapult|U-turn|p1a: Greninja\n|-supereffective|p1a: Greninja|1\n|-damage|p1a: Greninja|36/100\n|\n|t:|1776221780\n|switch|p2a: Kingambit|Kingambit, L50, F|100/100|[from] U-turn\n|move|p1a: Greninja|Dark Pulse|p2a: Kingambit\n|-resisted|p2a: Kingambit|1\n|-damage|p2a: Kingambit|84/100\n|\n|upkeep\n|turn|2\n|j|\u2606karbain\n|inactive|karbain reconnected and has 35 seconds left.\n|player|p1|karbain|2|\n|inactive|karbain has 30 seconds left.\n|\n|t:|1776221812\n|move|p1a: Greninja|Surf|p2a: Kingambit\n|-damage|p2a: Kingambit|42/100\n|move|p2a: Kingambit|Kowtow Cleave|p1a: Greninja\n|-resisted|p1a: Greninja|1\n|-damage|p1a: Greninja|0 fnt\n|faint|p1a: Greninja\n|\n|upkeep\n|\n|t:|1776221819\n|switch|p1a: Charizard|Charizard, L50, M|100/100\n|turn|3\n|\n|t:|1776221833\n|detailschange|p1a: Charizard|Charizard-Mega-X, L50, M\n|-mega|p1a: Charizard|Charizard|Charizardite X\n|move|p1a: Charizard|Flame Charge|p2a: Kingambit\n|-supereffective|p2a: Kingambit|1\n|-damage|p2a: Kingambit|0 fnt\n|-boost|p1a: Charizard|spe|1\n|faint|p2a: Kingambit\n|-end|p2a: Kingambit|fallenundefined|[silent]\n|\n|upkeep\n|\n|t:|1776221839\n|switch|p2a: Dragapult|Dragapult, L50, F|100/100\n|turn|4\n|\n|t:|1776221845\n|switch|p1a: Whimsicott|Whimsicott, L50, F|100/100\n|move|p2a: Dragapult|Thunder Wave|p1a: Whimsicott\n|-status|p1a: Whimsicott|par\n|\n|upkeep\n|turn|5\n|\n|t:|1776221854\n|move|p1a: Whimsicott|Encore|p2a: Dragapult\n|-start|p2a: Dragapult|Encore\n|move|p2a: Dragapult|Thunder Wave|p1a: Whimsicott\n|-fail|p1a: Whimsicott|par\n|\n|upkeep\n|turn|6\n|\n|t:|1776221862\n|switch|p2a: Gengar|Gengar, L50, M|100/100\n|move|p1a: Whimsicott|Leech Seed|p2a: Gengar\n|-start|p2a: Gengar|move: Leech Seed\n|\n|-damage|p2a: Gengar|89/100|[from] Leech Seed|[of] p1a: Whimsicott\n|upkeep\n|turn|7\n|\n|t:|1776221877\n|detailschange|p2a: Gengar|Gengar-Mega, L50, M\n|-mega|p2a: Gengar|Gengar|Gengarite\n|cant|p1a: Whimsicott|par\n|move|p2a: Gengar|Shadow Ball|p1a: Whimsicott\n|-damage|p1a: Whimsicott|42/100 par\n|-unboost|p1a: Whimsicott|spd|1\n|\n|-heal|p1a: Whimsicott|48/100 par|[from] item: Leftovers\n|-damage|p2a: Gengar|77/100|[from] Leech Seed|[of] p1a: Whimsicott\n|-heal|p1a: Whimsicott|60/100 par|[silent]\n|upkeep\n|turn|8\n|\n|t:|1776221890\n|switch|p2a: Dragapult|Dragapult, L50, F|100/100\n|move|p1a: Whimsicott|Substitute|p1a: Whimsicott\n|-start|p1a: Whimsicott|Substitute\n|-damage|p1a: Whimsicott|36/100 par\n|\n|-heal|p1a: Whimsicott|42/100 par|[from] item: Leftovers\n|upkeep\n|turn|9\n|\n|t:|1776221899\n|move|p2a: Dragapult|Hex|p1a: Whimsicott\n|-damage|p1a: Whimsicott|0 fnt\n|faint|p1a: Whimsicott\n|\n|upkeep\n|\n|t:|1776221903\n|switch|p1a: Charizard|Charizard-Mega-X, L50, M|100/100\n|turn|10\n|\n|t:|1776221907\n|move|p2a: Dragapult|Thunder Wave|p1a: Charizard\n|-status|p1a: Charizard|par\n|move|p1a: Charizard|Flame Charge|p2a: Dragapult\n|-resisted|p2a: Dragapult|1\n|-damage|p2a: Dragapult|77/100\n|-boost|p1a: Charizard|spe|1\n|\n|upkeep\n|turn|11\n|\n|t:|1776221916\n|move|p2a: Dragapult|Draco Meteor|p1a: Charizard\n|-supereffective|p1a: Charizard|1\n|-damage|p1a: Charizard|0 fnt\n|-unboost|p2a: Dragapult|spa|2\n|faint|p1a: Charizard\n|\n|win|bandai home\n|raw|karbain's rating: 1412 &rarr; <strong>1384</strong><br />(-28 for losing)\n|raw|bandai home's rating: 1272 &rarr; <strong>1307</strong><br />(+35 for winning)\n|l|\u2606karbain\n|player|p1|\n|l|\u2606bandai home\n|player|p2|\n",
  "uploadtime": 1776222516,
  "views": 1,
  "formatid": "gen9championsbssregma",
  "rating": 1307,
  "private": 0,
  "password": null
}