{
  "id": "gen9championsbssregma-2583807968",
  "format": "[Gen 9 Champions] BSS Reg M-A",
  "players": [
    "kitazaki",
    "Saphir Alpha"
  ],
  "log": "|j|\u2606kitazaki\n|j|\u2606Saphir Alpha\n|t:|1776199184\n|gametype|singles\n|player|p1|kitazaki|169|1045\n|player|p2|Saphir Alpha|norman-gen3|1092\n|gen|9\n|tier|[Gen 9 Champions] BSS Reg M-A\n|rated|\n|rule|Species Clause: Limit one of each Pok\u00e9mon\n|rule|Item Clause: Limit 1 of each item\n|clearpoke\n|poke|p1|Hydreigon, L50, M|\n|poke|p1|Aegislash, L50, F|\n|poke|p1|Azumarill, L50, F|\n|poke|p1|Venusaur, L50, M|\n|poke|p1|Hippowdon, L50, F|\n|poke|p1|Dragonite, L50, M|\n|poke|p2|Aerodactyl, L50, M|\n|poke|p2|Charizard, L50, M|\n|poke|p2|Starmie, L50|\n|poke|p2|Ditto, L50|\n|poke|p2|Aegislash, L50, M|\n|poke|p2|Dragonite, L50, M|\n|teampreview|3\n|inactive|Battle timer is ON: inactive players will automatically lose when time's up. (requested by Saphir Alpha)\n|\n|t:|1776199209\n|teamsize|p1|3\n|teamsize|p2|3\n|start\n|switch|p1a: Hydreigon|Hydreigon, L50, M|100/100\n|switch|p2a: Aerodactyl|Aerodactyl, L50, M|100/100\n|-ability|p2a: Aerodactyl|Unnerve\n|turn|1\n|\n|t:|1776199217\n|move|p1a: Hydreigon|Dark Pulse|p2a: Aerodactyl\n|-damage|p2a: Aerodactyl|42/100\n|move|p2a: Aerodactyl|Stealth Rock|p1a: Hydreigon\n|-sidestart|p1: kitazaki|move: Stealth Rock\n|\n|upkeep\n|turn|2\n|\n|t:|1776199223\n|move|p1a: Hydreigon|Dark Pulse|p2a: Aerodactyl\n|-crit|p2a: Aerodactyl\n|-damage|p2a: Aerodactyl|0 fnt\n|faint|p2a: Aerodactyl\n|\n|upkeep\n|\n|t:|1776199227\n|switch|p2a: Dragonite|Dragonite, L50, M|100/100\n|turn|3\n|\n|t:|1776199232\n|move|p1a: Hydreigon|Dark Pulse|p2a: Dragonite\n|-damage|p2a: Dragonite|78/100\n|move|p2a: Dragonite|Dragon Dance|p2a: Dragonite\n|-boost|p2a: Dragonite|atk|1\n|-boost|p2a: Dragonite|spe|1\n|\n|upkeep\n|turn|4\n|\n|t:|1776199239\n|move|p1a: Hydreigon|Dark Pulse|p2a: Dragonite\n|-damage|p2a: Dragonite|29/100\n|move|p2a: Dragonite|Dragon Dance|p2a: Dragonite\n|-boost|p2a: Dragonite|atk|1\n|-boost|p2a: Dragonite|spe|1\n|\n|upkeep\n|turn|5\n|\n|t:|1776199247\n|move|p2a: Dragonite|Outrage|p1a: Hydreigon\n|-supereffective|p1a: Hydreigon|1\n|-damage|p1a: Hydreigon|0 fnt\n|faint|p1a: Hydreigon\n|\n|upkeep\n|\n|t:|1776199253\n|switch|p1a: Azumarill|Azumarill, L50, F|100/100\n|-damage|p1a: Azumarill|88/100|[from] Stealth Rock\n|turn|6\n|\n|t:|1776199258\n|move|p2a: Dragonite|Outrage|p1a: Azumarill|[from] lockedmove\n|-immune|p1a: Azumarill\n|-start|p2a: Dragonite|confusion|[fatigue]\n|-enditem|p2a: Dragonite|Lum Berry|[eat]\n|-end|p2a: Dragonite|confusion\n|move|p1a: Azumarill|Play Rough|p2a: Dragonite|[miss]\n|-miss|p1a: Azumarill|p2a: Dragonite\n|\n|upkeep\n|turn|7\n|\n|t:|1776199272\n|move|p2a: Dragonite|Earthquake|p1a: Azumarill\n|-damage|p1a: Azumarill|0 fnt\n|faint|p1a: Azumarill\n|\n|upkeep\n|c|\u2606Saphir Alpha|allah akbar\n|-message|kitazaki forfeited.\n|\n|win|Saphir Alpha\n|raw|kitazaki's rating: 1045 &rarr; <strong>1031</strong><br />(-14 for losing)\n|raw|Saphir Alpha's rating: 1092 &rarr; <strong>1115</strong><br />(+23 for winning)\n|l|\u2606kitazaki\n|player|p1|\n",
  "uploadtime": 1776199279,
  "views": 2,
  "formatid": "gen9championsbssregma",
  "rating": 1031,
  "private": 0,
  "password": null
}