{
  "id": "gen9championsbssregma-2581137292",
  "format": "[Gen 9 Champions] BSS Reg M-A",
  "players": [
    "YAJEE",
    "amnesiaamnesiad"
  ],
  "log": "|j|\u2606YAJEE\n|j|\u203damnesiaamnesiad\n|t:|1775963465\n|gametype|singles\n|player|p1|YAJEE|1|1163\n|player|p2|amnesiaamnesiad|266|1303\n|gen|9\n|tier|[Gen 9 Champions] BSS Reg M-A\n|rated|\n|rule|Species Clause: Limit one of each Pok\u00e9mon\n|rule|Item Clause: Limit 1 of each item\n|clearpoke\n|poke|p1|Tyranitar, L50, M|\n|poke|p1|Delphox, L50, F|\n|poke|p1|Mimikyu, L50, M|\n|poke|p1|Rotom-Wash, L50|\n|poke|p1|Kleavor, L50, M|\n|poke|p1|Toxapex, L50, F|\n|poke|p2|Hydreigon, L50, F|\n|poke|p2|Aegislash, L50, F|\n|poke|p2|Volcarona, L50, M|\n|poke|p2|Primarina, L50, F|\n|poke|p2|Clefable, L50, M|\n|poke|p2|Espathra, L50, F|\n|teampreview|3\n|inactive|Battle timer is ON: inactive players will automatically lose when time's up. (requested by amnesiaamnesiad)\n|inactive|YAJEE has 60 seconds left.\n|inactive|YAJEE has 30 seconds left.\n|inactive|YAJEE has 20 seconds left.\n|inactive|YAJEE has 15 seconds left.\n|\n|t:|1775963563\n|teamsize|p1|3\n|teamsize|p2|3\n|start\n|switch|p1a: Kleavor|Kleavor, L50, M|100/100\n|switch|p2a: Hydreigon|Hydreigon, L50, F|100/100\n|turn|1\n|\n|t:|1775963576\n|move|p2a: Hydreigon|U-turn|p1a: Kleavor\n|-damage|p1a: Kleavor|83/100\n|\n|t:|1775963577\n|switch|p2a: Primarina|Primarina, L50, F, shiny|100/100|[from] U-turn\n|move|p1a: Kleavor|U-turn|p2a: Primarina\n|-resisted|p2a: Primarina|1\n|-damage|p2a: Primarina|76/100\n|\n|t:|1775963585\n|switch|p1a: Toxapex|Toxapex, L50, F|100/100|[from] U-turn\n|\n|upkeep\n|turn|2\n|j| JagIsen\n|\n|t:|1775963608\n|switch|p2a: Aegislash|Aegislash, L50, F, shiny|100/100\n|move|p1a: Toxapex|Infestation|p2a: Aegislash\n|-resisted|p2a: Aegislash|2\n|-damage|p2a: Aegislash|99/100\n|-activate|p2a: Aegislash|move: Infestation|[of] p1a: Toxapex\n|\n|-damage|p2a: Aegislash|88/100|[from] move: Infestation|[partiallytrapped]\n|upkeep\n|turn|3\n|\n|t:|1775963624\n|-formechange|p2a: Aegislash|Aegislash-Blade|\n|move|p2a: Aegislash|Shadow Sneak|p1a: Toxapex\n|-damage|p1a: Toxapex|77/100\n|move|p1a: Toxapex|Haze|p1a: Toxapex\n|-clearallboost\n|\n|-heal|p1a: Toxapex|83/100|[from] item: Leftovers\n|-damage|p2a: Aegislash|76/100|[from] move: Infestation|[partiallytrapped]\n|upkeep\n|turn|4\n|\n|t:|1775963641\n|switch|p2a: Primarina|Primarina, L50, F, shiny|76/100\n|move|p1a: Toxapex|Haze|p1a: Toxapex\n|-clearallboost\n|\n|-heal|p1a: Toxapex|88/100|[from] item: Leftovers\n|upkeep\n|turn|5\n|\n|t:|1775963650\n|move|p2a: Primarina|Encore|p1a: Toxapex\n|-start|p1a: Toxapex|Encore\n|move|p1a: Toxapex|Haze|p1a: Toxapex\n|-clearallboost\n|\n|-heal|p1a: Toxapex|94/100|[from] item: Leftovers\n|upkeep\n|turn|6\n|\n|t:|1775963660\n|switch|p1a: Kleavor|Kleavor, L50, M|83/100\n|move|p2a: Primarina|Flip Turn|p1a: Kleavor\n|-supereffective|p1a: Kleavor|1\n|-damage|p1a: Kleavor|46/100\n|l| JagIsen\n|\n|t:|1775963665\n|switch|p2a: Hydreigon|Hydreigon, L50, F|100/100|[from] Flip Turn\n|\n|upkeep\n|turn|7\n|\n|t:|1775963678\n|move|p2a: Hydreigon|Dark Pulse|p1a: Kleavor\n|-damage|p1a: Kleavor|0 fnt\n|faint|p1a: Kleavor\n|\n|upkeep\n|\n|t:|1775963684\n|switch|p1a: Tyranitar|Tyranitar, L50, M|100/100\n|-weather|Sandstorm|[from] ability: Sand Stream|[of] p1a: Tyranitar\n|turn|8\n|\n|t:|1775963703\n|switch|p2a: Aegislash|Aegislash, L50, F, shiny|76/100\n|detailschange|p1a: Tyranitar|Tyranitar-Mega, L50, M\n|-mega|p1a: Tyranitar|Tyranitar|Tyranitarite\n|move|p1a: Tyranitar|Dragon Dance|p1a: Tyranitar\n|-boost|p1a: Tyranitar|atk|1\n|-boost|p1a: Tyranitar|spe|1\n|\n|-weather|Sandstorm|[upkeep]\n|upkeep\n|turn|9\n|\n|t:|1775963720\n|move|p2a: Aegislash|King's Shield|p2a: Aegislash\n|-singleturn|p2a: Aegislash|Protect\n|move|p1a: Tyranitar|Knock Off|p2a: Aegislash\n|-activate|p2a: Aegislash|move: Protect\n|-unboost|p1a: Tyranitar|atk|1\n|\n|-weather|Sandstorm|[upkeep]\n|upkeep\n|turn|10\n|\n|t:|1775963728\n|move|p1a: Tyranitar|Knock Off|p2a: Aegislash\n|-supereffective|p2a: Aegislash|1\n|-damage|p2a: Aegislash|0 fnt\n|-enditem|p2a: Aegislash|Spell Tag|[from] move: Knock Off|[of] p1a: Tyranitar\n|faint|p2a: Aegislash\n|\n|-weather|Sandstorm|[upkeep]\n|upkeep\n|\n|t:|1775963732\n|switch|p2a: Primarina|Primarina, L50, F, shiny|76/100\n|turn|11\n|\n|t:|1775963738\n|switch|p1a: Toxapex|Toxapex, L50, F|100/100\n|move|p2a: Primarina|Sparkling Aria|p1a: Toxapex\n|-resisted|p1a: Toxapex|1\n|-damage|p1a: Toxapex|82/100\n|\n|-weather|Sandstorm|[upkeep]\n|-damage|p2a: Primarina|71/100|[from] Sandstorm\n|-damage|p1a: Toxapex|76/100|[from] Sandstorm\n|-heal|p1a: Toxapex|82/100|[from] item: Leftovers\n|upkeep\n|turn|12\n|inactive|amnesiaamnesiad has 30 seconds left.\n|\n|t:|1775963769\n|move|p2a: Primarina|Flip Turn|p1a: Toxapex\n|-resisted|p1a: Toxapex|1\n|-damage|p1a: Toxapex|76/100\n|\n|t:|1775963770\n|switch|p2a: Hydreigon|Hydreigon, L50, F|100/100|[from] Flip Turn\n|move|p1a: Toxapex|Infestation|p2a: Hydreigon\n|-supereffective|p2a: Hydreigon|1\n|-damage|p2a: Hydreigon|93/100\n|-activate|p2a: Hydreigon|move: Infestation|[of] p1a: Toxapex\n|\n|-weather|none\n|-heal|p1a: Toxapex|81/100|[from] item: Leftovers\n|-damage|p2a: Hydreigon|81/100|[from] move: Infestation|[partiallytrapped]\n|upkeep\n|turn|13\n|\n|t:|1775963782\n|move|p1a: Toxapex|Baneful Bunker|p1a: Toxapex\n|-singleturn|p1a: Toxapex|move: Protect\n|move|p2a: Hydreigon|Draco Meteor|p1a: Toxapex\n|-activate|p1a: Toxapex|move: Protect\n|\n|-heal|p1a: Toxapex|87/100|[from] item: Leftovers\n|-damage|p2a: Hydreigon|69/100|[from] move: Infestation|[partiallytrapped]\n|upkeep\n|turn|14\n|inactive|YAJEE has 30 seconds left.\n|\n|t:|1775963814\n|move|p2a: Hydreigon|Draco Meteor|p1a: Toxapex\n|-damage|p1a: Toxapex|39/100\n|-unboost|p2a: Hydreigon|spa|2\n|move|p1a: Toxapex|Infestation|p2a: Hydreigon\n|-supereffective|p2a: Hydreigon|1\n|-damage|p2a: Hydreigon|62/100\n|\n|-heal|p1a: Toxapex|45/100|[from] item: Leftovers\n|-damage|p2a: Hydreigon|50/100|[from] move: Infestation|[partiallytrapped]\n|upkeep\n|turn|15\n|\n|t:|1775963826\n|move|p2a: Hydreigon|Draco Meteor|p1a: Toxapex|[miss]\n|-miss|p2a: Hydreigon|p1a: Toxapex\n|move|p1a: Toxapex|Recover|p1a: Toxapex\n|-heal|p1a: Toxapex|95/100\n|\n|-heal|p1a: Toxapex|100/100|[from] item: Leftovers\n|-damage|p2a: Hydreigon|38/100|[from] move: Infestation|[partiallytrapped]\n|upkeep\n|turn|16\n|inactive|amnesiaamnesiad has 30 seconds left.\n|inactive|amnesiaamnesiad has 20 seconds left.\n|inactive|amnesiaamnesiad has 15 seconds left.\n|inactive|amnesiaamnesiad has 10 seconds left.\n|inactive|amnesiaamnesiad has 5 seconds left.\n|\n|t:|1775963881\n|switch|p1a: Tyranitar|Tyranitar-Mega, L50, M|100/100\n|-weather|Sandstorm|[from] ability: Sand Stream|[of] p1a: Tyranitar\n|move|p2a: Hydreigon|Draco Meteor|p1a: Tyranitar\n|-damage|p1a: Tyranitar|80/100\n|-unboost|p2a: Hydreigon|spa|2\n|\n|-weather|Sandstorm|[upkeep]\n|-damage|p2a: Hydreigon|32/100|[from] Sandstorm\n|-end|p2a: Hydreigon|Infestation|[partiallytrapped]\n|upkeep\n|turn|17\n|inactive|YAJEE has 30 seconds left.\n|inactive|amnesiaamnesiad has 30 seconds left.\n|inactive|amnesiaamnesiad has 20 seconds left.\n|\n|t:|1775963918\n|move|p2a: Hydreigon|Draco Meteor|p1a: Tyranitar\n|-damage|p1a: Tyranitar|66/100\n|-unboost|p2a: Hydreigon|spa|2\n|move|p1a: Tyranitar|Knock Off|p2a: Hydreigon\n|-resisted|p2a: Hydreigon|1\n|-damage|p2a: Hydreigon|0 fnt\n|-enditem|p2a: Hydreigon|Choice Scarf|[from] move: Knock Off|[of] p1a: Tyranitar\n|faint|p2a: Hydreigon\n|\n|-weather|Sandstorm|[upkeep]\n|upkeep\n|\n|t:|1775963919\n|switch|p2a: Primarina|Primarina, L50, F, shiny|71/100\n|turn|18\n|\n|t:|1775963934\n|move|p1a: Tyranitar|Rock Slide|p2a: Primarina\n|-damage|p2a: Primarina|10/100\n|-enditem|p2a: Primarina|Sitrus Berry|[eat]\n|-heal|p2a: Primarina|34/100|[from] item: Sitrus Berry\n|move|p2a: Primarina|Sparkling Aria|p1a: Tyranitar\n|-supereffective|p1a: Tyranitar|1\n|-damage|p1a: Tyranitar|5/100\n|\n|-weather|Sandstorm|[upkeep]\n|-damage|p2a: Primarina|28/100|[from] Sandstorm\n|upkeep\n|turn|19\n|\n|t:|1775963945\n|move|p1a: Tyranitar|Rock Slide|p2a: Primarina\n|-damage|p2a: Primarina|0 fnt\n|faint|p2a: Primarina\n|\n|win|YAJEE\n|raw|YAJEE's rating: 1163 &rarr; <strong>1197</strong><br />(+34 for winning)\n|raw|amnesiaamnesiad's rating: 1295 &rarr; <strong>1261</strong><br />(-34 for losing)\n",
  "uploadtime": 1775963951,
  "views": 20,
  "formatid": "gen9championsbssregma",
  "rating": 1197,
  "private": 0,
  "password": null
}