{
  "id": "gen9championsbssregma-2584834078",
  "format": "[Gen 9 Champions] BSS Reg M-A",
  "players": [
    "Jean-Raoul Scoot",
    "Mobileishard"
  ],
  "log": "|j|\u2606Jean-Raoul Scoot\n|j|\u2606Mobileishard\n|t:|1776287249\n|gametype|singles\n|player|p1|Jean-Raoul Scoot|bugcatcher-gen4dp|1347\n|player|p2|Mobileishard|1|1390\n|gen|9\n|tier|[Gen 9 Champions] BSS Reg M-A\n|rated|\n|rule|Species Clause: Limit one of each Pok\u00e9mon\n|rule|Item Clause: Limit 1 of each item\n|clearpoke\n|poke|p1|Araquanid, L50, M|\n|poke|p1|Corviknight, L50, F|\n|poke|p1|Glimmora, L50, M|\n|poke|p1|Dragapult, L50, M|\n|poke|p1|Starmie, L50|\n|poke|p1|Dragonite, L50, F|\n|poke|p2|Azumarill, L50, M|\n|poke|p2|Blastoise, L50, F|\n|poke|p2|Ditto, L50|\n|poke|p2|Reuniclus, L50, F|\n|poke|p2|Dragapult, L50, M|\n|poke|p2|Kleavor, L50, F|\n|teampreview|3\n|inactive|Battle timer is ON: inactive players will automatically lose when time's up. (requested by Jean-Raoul Scoot)\n|inactive|Jean-Raoul Scoot has 60 seconds left.\n|j| p74\n|j| huhyuhyuhyuh\n|\n|t:|1776287316\n|teamsize|p1|3\n|teamsize|p2|3\n|start\n|switch|p1a: Glimmora|Glimmora, L50, M|100/100\n|switch|p2a: Dragapult|Dragapult, L50, M|100/100\n|turn|1\n|\n|t:|1776287323\n|move|p2a: Dragapult|Light Screen|p2a: Dragapult\n|-sidestart|p2: Mobileishard|move: Light Screen\n|move|p1a: Glimmora|Stealth Rock|p2a: Dragapult\n|-sidestart|p2: Mobileishard|move: Stealth Rock\n|\n|upkeep\n|turn|2\n|\n|t:|1776287327\n|move|p2a: Dragapult|Curse|p1a: Glimmora\n|-start|p1a: Glimmora|Curse|[of] p2a: Dragapult\n|-damage|p2a: Dragapult|51/100\n|move|p1a: Glimmora|Mortal Spin|p2a: Dragapult\n|-resisted|p2a: Dragapult|1\n|-damage|p2a: Dragapult|48/100\n|-status|p2a: Dragapult|psn\n|\n|-damage|p2a: Dragapult|35/100 psn|[from] psn\n|-damage|p1a: Glimmora|76/100|[from] Curse\n|upkeep\n|turn|3\n|\n|t:|1776287338\n|move|p2a: Dragapult|Reflect|p2a: Dragapult\n|-sidestart|p2: Mobileishard|Reflect\n|move|p1a: Glimmora|Mud Shot|p2a: Dragapult\n|-damage|p2a: Dragapult|24/100 psn\n|-unboost|p2a: Dragapult|spe|1\n|-start|p1a: Glimmora|Disable|Mud Shot|[from] ability: Cursed Body|[of] p2a: Dragapult\n|\n|-damage|p2a: Dragapult|12/100 psn|[from] psn\n|-damage|p1a: Glimmora|51/100|[from] Curse\n|upkeep\n|turn|4\n|\n|t:|1776287349\n|move|p1a: Glimmora|Power Gem|p2a: Dragapult\n|-damage|p2a: Dragapult|0 fnt\n|faint|p2a: Dragapult\n|\n|-damage|p1a: Glimmora|26/100|[from] Curse\n|upkeep\n|\n|t:|1776287352\n|switch|p2a: Blastoise|Blastoise, L50, F|100/100\n|-damage|p2a: Blastoise|88/100|[from] Stealth Rock\n|turn|5\n|\n|t:|1776287362\n|detailschange|p2a: Blastoise|Blastoise-Mega, L50, F\n|-mega|p2a: Blastoise|Blastoise|Blastoisinite\n|move|p1a: Glimmora|Mortal Spin|p2a: Blastoise\n|-damage|p2a: Blastoise|85/100\n|-status|p2a: Blastoise|psn\n|move|p2a: Blastoise|Shell Smash|p2a: Blastoise\n|-unboost|p2a: Blastoise|def|1\n|-unboost|p2a: Blastoise|spd|1\n|-boost|p2a: Blastoise|atk|2\n|-boost|p2a: Blastoise|spa|2\n|-boost|p2a: Blastoise|spe|2\n|\n|-damage|p2a: Blastoise|73/100 psn|[from] psn\n|-damage|p1a: Glimmora|2/100|[from] Curse\n|-sideend|p2: Mobileishard|move: Light Screen\n|upkeep\n|turn|6\n|\n|t:|1776287370\n|move|p2a: Blastoise|Water Pulse|p1a: Glimmora\n|-supereffective|p1a: Glimmora|1\n|-damage|p1a: Glimmora|0 fnt\n|faint|p1a: Glimmora\n|\n|-damage|p2a: Blastoise|60/100 psn|[from] psn\n|upkeep\n|\n|t:|1776287373\n|switch|p1a: Araquanid|Araquanid, L50, M|100/100\n|turn|7\n|\n|t:|1776287377\n|move|p2a: Blastoise|Dark Pulse|p1a: Araquanid\n|-damage|p1a: Araquanid|26/100\n|move|p1a: Araquanid|Mirror Coat|p2a: Blastoise\n|-damage|p2a: Blastoise|0 fnt\n|faint|p2a: Blastoise\n|\n|-sideend|p2: Mobileishard|Reflect\n|upkeep\n|\n|t:|1776287380\n|switch|p2a: Ditto|Ditto, L50|100/100\n|-damage|p2a: Ditto|88/100|[from] Stealth Rock\n|-transform|p2a: Ditto|p1a: Araquanid|[from] ability: Imposter\n|turn|8\n|\n|t:|1776287395\n|move|p2a: Ditto|Liquidation|p1a: Araquanid\n|-resisted|p1a: Araquanid|1\n|-damage|p1a: Araquanid|0 fnt\n|faint|p1a: Araquanid\n|\n|upkeep\n|\n|t:|1776287398\n|switch|p1a: Dragonite|Dragonite, L50, F|100/100\n|turn|9\n|\n|t:|1776287410\n|move|p1a: Dragonite|Flamethrower|p2a: Ditto\n|-damage|p2a: Ditto|75/100\n|move|p2a: Ditto|Liquidation|p1a: Dragonite\n|-resisted|p1a: Dragonite|1\n|-damage|p1a: Dragonite|86/100\n|\n|upkeep\n|turn|10\n|\n|t:|1776287416\n|detailschange|p1a: Dragonite|Dragonite-Mega, L50, F\n|-mega|p1a: Dragonite|Dragonite|Dragoninite\n|move|p1a: Dragonite|Hurricane|p2a: Ditto\n|-supereffective|p2a: Ditto|1\n|-damage|p2a: Ditto|0 fnt\n|faint|p2a: Ditto\n|\n|win|Jean-Raoul Scoot\n|raw|Jean-Raoul Scoot's rating: 1347 &rarr; <strong>1369</strong><br />(+22 for winning)\n|raw|Mobileishard's rating: 1390 &rarr; <strong>1368</strong><br />(-22 for losing)\n|l|\u2606Mobileishard\n|player|p2|\n",
  "uploadtime": 1776287431,
  "views": 4,
  "formatid": "gen9championsbssregma",
  "rating": 1368,
  "private": 0,
  "password": null
}