{
  "id": "gen9championsbssregma-2582968571",
  "format": "[Gen 9 Champions] BSS Reg M-A",
  "players": [
    "Cmart513",
    "Splitz9842"
  ],
  "log": "|j|\u2606Cmart513\n|j|\u2606Splitz9842\n|t:|1776129370\n|gametype|singles\n|player|p1|Cmart513|169|1173\n|player|p2|Splitz9842|265|1327\n|gen|9\n|tier|[Gen 9 Champions] BSS Reg M-A\n|rated|\n|rule|Species Clause: Limit one of each Pok\u00e9mon\n|rule|Item Clause: Limit 1 of each item\n|clearpoke\n|poke|p1|Kleavor, L50, F|\n|poke|p1|Basculegion, L50, M|\n|poke|p1|Pelipper, L50, M|\n|poke|p1|Kingambit, L50, M|\n|poke|p1|Milotic, L50, F|\n|poke|p1|Sneasler, L50, M|\n|poke|p2|Garchomp, L50, M|\n|poke|p2|Rotom-Wash, L50|\n|poke|p2|Meowscarada, L50, F|\n|poke|p2|Delphox, L50, F|\n|poke|p2|Archaludon, L50, M|\n|poke|p2|Hippowdon, L50, M|\n|teampreview|3\n|inactive|Battle timer is ON: inactive players will automatically lose when time's up. (requested by Cmart513)\n|inactive|Splitz9842 has 60 seconds left.\n|\n|t:|1776129450\n|teamsize|p1|3\n|teamsize|p2|3\n|start\n|switch|p1a: Sneasler|Sneasler, L50, M, shiny|100/100\n|switch|p2a: Garchomp|Garchomp, L50, M, shiny|100/100\n|turn|1\n|\n|t:|1776129471\n|switch|p1a: Milotic|Milotic, L50, F|100/100\n|detailschange|p2a: Garchomp|Garchomp-Mega, L50, M, shiny\n|-mega|p2a: Garchomp|Garchomp|Garchompite\n|move|p2a: Garchomp|Earthquake|p1a: Milotic\n|-damage|p1a: Milotic|40/100\n|\n|-heal|p1a: Milotic|46/100|[from] item: Leftovers\n|upkeep\n|turn|2\n|\n|t:|1776129491\n|move|p2a: Garchomp|Earthquake|p1a: Milotic\n|-damage|p1a: Milotic|0 fnt\n|faint|p1a: Milotic\n|\n|upkeep\n|\n|t:|1776129497\n|switch|p1a: Sneasler|Sneasler, L50, M, shiny|100/100\n|turn|3\n|\n|t:|1776129508\n|move|p1a: Sneasler|Fake Out|p2a: Garchomp\n|-damage|p2a: Garchomp|86/100\n|cant|p2a: Garchomp|flinch\n|\n|upkeep\n|turn|4\n|\n|t:|1776129517\n|move|p1a: Sneasler|Dire Claw|p2a: Garchomp\n|-resisted|p2a: Garchomp|1\n|-damage|p2a: Garchomp|68/100\n|-status|p2a: Garchomp|psn\n|move|p2a: Garchomp|Earthquake|p1a: Sneasler\n|-supereffective|p1a: Sneasler|1\n|-enditem|p1a: Sneasler|Focus Sash\n|-damage|p1a: Sneasler|1/100\n|\n|-damage|p2a: Garchomp|56/100 psn|[from] psn\n|upkeep\n|turn|5\n|\n|t:|1776129539\n|move|p1a: Sneasler|Close Combat|p2a: Garchomp\n|-damage|p2a: Garchomp|0 fnt\n|-unboost|p1a: Sneasler|def|1\n|-unboost|p1a: Sneasler|spd|1\n|faint|p2a: Garchomp\n|\n|upkeep\n|j| p74\n|\n|t:|1776129550\n|switch|p2a: Archaludon|Archaludon, L50, M, shiny|100/100\n|turn|6\n|\n|t:|1776129558\n|move|p1a: Sneasler|Close Combat|p2a: Archaludon\n|-supereffective|p2a: Archaludon|1\n|-damage|p2a: Archaludon|0 fnt\n|-unboost|p1a: Sneasler|def|1\n|-unboost|p1a: Sneasler|spd|1\n|faint|p2a: Archaludon\n|\n|upkeep\n|\n|t:|1776129560\n|switch|p2a: Meowscarada|Meowscarada, L50, F, shiny|100/100\n|turn|7\n|\n|t:|1776129567\n|move|p1a: Sneasler|Dire Claw|p2a: Meowscarada\n|-supereffective|p2a: Meowscarada|1\n|-enditem|p2a: Meowscarada|Focus Sash\n|-damage|p2a: Meowscarada|1/100\n|move|p2a: Meowscarada|Knock Off|p1a: Sneasler\n|-start|p2a: Meowscarada|typechange|Dark|[from] ability: Protean\n|-resisted|p1a: Sneasler|1\n|-damage|p1a: Sneasler|0 fnt\n|faint|p1a: Sneasler\n|\n|upkeep\n|\n|t:|1776129577\n|switch|p1a: Kingambit|Kingambit, L50, M|100/100\n|turn|8\n|\n|t:|1776129582\n|move|p1a: Kingambit|Sucker Punch|p2a: Meowscarada\n|-resisted|p2a: Meowscarada|1\n|-damage|p2a: Meowscarada|0 fnt\n|faint|p2a: Meowscarada\n|\n|win|Cmart513\n|raw|Cmart513's rating: 1173 &rarr; <strong>1208</strong><br />(+35 for winning)\n|raw|Splitz9842's rating: 1327 &rarr; <strong>1299</strong><br />(-28 for losing)\n|l|\u2606Splitz9842\n|player|p2|\n|l|\u2606Cmart513\n|player|p1|\n",
  "uploadtime": 1776129668,
  "views": 2,
  "formatid": "gen9championsbssregma",
  "rating": 1208,
  "private": 0,
  "password": null
}