{
  "id": "gen9championsbssregma-2583416116",
  "format": "[Gen 9 Champions] BSS Reg M-A",
  "players": [
    "demiru_09",
    "sylveon plushie"
  ],
  "log": "|j|\u2606demiru_09\n|j|\u2606sylveon plushie\n|t:|1776174184\n|gametype|singles\n|player|p1|demiru_09|265|1253\n|player|p2|sylveon plushie|acerola-masters|1205\n|gen|9\n|tier|[Gen 9 Champions] BSS Reg M-A\n|rated|\n|rule|Species Clause: Limit one of each Pok\u00e9mon\n|rule|Item Clause: Limit 1 of each item\n|clearpoke\n|poke|p1|Garchomp, L50, F|\n|poke|p1|Umbreon, L50, F|\n|poke|p1|Scizor, L50, F|\n|poke|p1|Primarina, L50, F|\n|poke|p1|Venusaur, L50, M|\n|poke|p1|Talonflame, L50, M|\n|poke|p2|Floette-Eternal, L50, F|\n|poke|p2|Corviknight, L50, M|\n|poke|p2|Palafin, L50, M|\n|poke|p2|Araquanid, L50, M|\n|poke|p2|Aegislash, L50, M|\n|poke|p2|Garchomp, L50, M|\n|teampreview|3\n|inactive|Battle timer is ON: inactive players will automatically lose when time's up. (requested by sylveon plushie)\n|j| p74\n|inactive|demiru_09 has 60 seconds left.\n|inactive|sylveon plushie has 60 seconds left.\n|\n|t:|1776174222\n|teamsize|p1|3\n|teamsize|p2|3\n|start\n|switch|p1a: Primarina|Primarina, L50, F|100/100\n|switch|p2a: Araquanid|Araquanid, L50, M|100/100\n|turn|1\n|\n|t:|1776174230\n|move|p1a: Primarina|Moonblast|p2a: Araquanid\n|-damage|p2a: Araquanid|59/100\n|move|p2a: Araquanid|Sticky Web|p1a: Primarina\n|-sidestart|p1: demiru_09|move: Sticky Web\n|\n|upkeep\n|turn|2\n|\n|t:|1776174240\n|move|p1a: Primarina|Encore|p2a: Araquanid\n|-start|p2a: Araquanid|Encore\n|move|p2a: Araquanid|Sticky Web||[still]\n|-fail|p2a: Araquanid\n|\n|upkeep\n|turn|3\n|\n|t:|1776174247\n|switch|p2a: Floette|Floette-Eternal, L50, F|100/100\n|move|p1a: Primarina|Moonblast|p2a: Floette\n|-damage|p2a: Floette|48/100\n|\n|upkeep\n|turn|4\n|\n|t:|1776174256\n|detailschange|p2a: Floette|Floette-Mega, L50, F\n|-mega|p2a: Floette|Floette|Floettite\n|-ability|p2a: Floette|Fairy Aura\n|move|p2a: Floette|Giga Drain|p1a: Primarina\n|-supereffective|p1a: Primarina|1\n|-damage|p1a: Primarina|39/100\n|-heal|p2a: Floette|80/100|[from] drain|[of] p1a: Primarina\n|move|p1a: Primarina|Moonblast|p2a: Floette\n|-damage|p2a: Floette|21/100\n|-unboost|p2a: Floette|spa|1\n|\n|upkeep\n|turn|5\n|\n|t:|1776174275\n|switch|p1a: Talonflame|Talonflame, L50, M|100/100\n|move|p2a: Floette|Giga Drain|p1a: Talonflame\n|-resisted|p1a: Talonflame|2\n|-damage|p1a: Talonflame|94/100\n|-heal|p2a: Floette|25/100|[from] drain|[of] p1a: Talonflame\n|\n|upkeep\n|turn|6\n|\n|t:|1776174284\n|switch|p2a: Palafin|Palafin, L50, M|100/100\n|move|p1a: Talonflame|Brave Bird|p2a: Palafin\n|-damage|p2a: Palafin|62/100\n|-damage|p1a: Talonflame|80/100|[from] Recoil\n|\n|upkeep\n|turn|7\n|\n|t:|1776174293\n|move|p1a: Talonflame|Will-O-Wisp|p2a: Palafin\n|-status|p2a: Palafin|brn\n|move|p2a: Palafin|Flip Turn|p1a: Talonflame\n|-supereffective|p1a: Talonflame|1\n|-damage|p1a: Talonflame|50/100\n|\n|t:|1776174296\n|detailschange|p2a: Palafin|Palafin-Hero, L50, M\n|switch|p2a: Araquanid|Araquanid, L50, M|59/100|[from] Flip Turn\n|\n|upkeep\n|turn|8\n|\n|t:|1776174305\n|move|p1a: Talonflame|Brave Bird|p2a: Araquanid\n|-supereffective|p2a: Araquanid|1\n|-damage|p2a: Araquanid|0 fnt\n|faint|p2a: Araquanid\n|-damage|p1a: Talonflame|32/100|[from] Recoil\n|\n|upkeep\n|\n|t:|1776174308\n|switch|p2a: Palafin|Palafin-Hero, L50, M|62/100 brn\n|-activate|p2a: Palafin|ability: Zero to Hero\n|turn|9\n|\n|t:|1776174319\n|switch|p1a: Garchomp|Garchomp, L50, F|100/100\n|-activate|p1a: Garchomp|move: Sticky Web\n|-unboost|p1a: Garchomp|spe|1\n|move|p2a: Palafin|Jet Punch|p1a: Garchomp\n|-damage|p1a: Garchomp|78/100\n|-damage|p2a: Palafin|50/100 brn|[from] ability: Rough Skin|[of] p1a: Garchomp\n|\n|-damage|p2a: Palafin|44/100 brn|[from] brn\n|upkeep\n|turn|10\n|\n|t:|1776174337\n|move|p2a: Palafin|Ice Punch|p1a: Garchomp\n|-supereffective|p1a: Garchomp|2\n|-damage|p1a: Garchomp|24/100\n|-damage|p2a: Palafin|32/100 brn|[from] ability: Rough Skin|[of] p1a: Garchomp\n|-enditem|p1a: Garchomp|Sitrus Berry|[eat]\n|-heal|p1a: Garchomp|49/100|[from] item: Sitrus Berry\n|move|p1a: Garchomp|Stealth Rock|p2a: Palafin\n|-sidestart|p2: sylveon plushie|move: Stealth Rock\n|\n|-damage|p2a: Palafin|27/100 brn|[from] brn\n|upkeep\n|turn|11\n|\n|t:|1776174354\n|move|p2a: Palafin|Ice Punch|p1a: Garchomp\n|-supereffective|p1a: Garchomp|2\n|-damage|p1a: Garchomp|0 fnt\n|-damage|p2a: Palafin|15/100 brn|[from] ability: Rough Skin|[of] p1a: Garchomp\n|faint|p1a: Garchomp\n|\n|-damage|p2a: Palafin|9/100 brn|[from] brn\n|upkeep\n|\n|t:|1776174362\n|switch|p1a: Primarina|Primarina, L50, F|39/100\n|-activate|p1a: Primarina|move: Sticky Web\n|-unboost|p1a: Primarina|spe|1\n|turn|12\n|\n|t:|1776174368\n|move|p1a: Primarina|Aqua Jet|p2a: Palafin\n|-resisted|p2a: Palafin|1\n|-damage|p2a: Palafin|4/100 brn\n|move|p2a: Palafin|Wave Crash|p1a: Primarina\n|-resisted|p1a: Primarina|1\n|-damage|p1a: Primarina|5/100\n|-damage|p2a: Palafin|0 fnt|[from] Recoil\n|faint|p2a: Palafin\n|\n|upkeep\n|\n|t:|1776174375\n|switch|p2a: Floette|Floette-Mega, L50, F|25/100\n|-damage|p2a: Floette|13/100|[from] Stealth Rock\n|-ability|p2a: Floette|Fairy Aura\n|turn|13\n|\n|t:|1776174381\n|move|p1a: Primarina|Aqua Jet|p2a: Floette\n|-damage|p2a: Floette|0 fnt\n|faint|p2a: Floette\n|\n|win|demiru_09\n|raw|demiru_09's rating: 1253 &rarr; <strong>1275</strong><br />(+22 for winning)\n|raw|sylveon plushie's rating: 1205 &rarr; <strong>1183</strong><br />(-22 for losing)\n|l|\u2606sylveon plushie\n|player|p2|\n|l|\u2606demiru_09\n|player|p1|\n",
  "uploadtime": 1776174396,
  "views": 9,
  "formatid": "gen9championsbssregma",
  "rating": 1183,
  "private": 0,
  "password": null
}