{
  "id": "gen9championsbssregma-2586788268",
  "format": "[Gen 9 Champions] BSS Reg M-A",
  "players": [
    "swampflower1",
    "joguri"
  ],
  "log": "|j|\u2606swampflower1\n|j|\u2606joguri\n|t:|1776459957\n|gametype|singles\n|player|p1|swampflower1|pokemaniac|1041\n|player|p2|joguri|dawn|1154\n|gen|9\n|tier|[Gen 9 Champions] BSS Reg M-A\n|rated|\n|rule|Species Clause: Limit one of each Pok\u00e9mon\n|rule|Item Clause: Limit 1 of each item\n|clearpoke\n|poke|p1|Krookodile, L50, F|\n|poke|p1|Altaria, L50, F|\n|poke|p1|Hydreigon, L50, M|\n|poke|p1|Chandelure, L50, F|\n|poke|p1|Dragapult, L50, M|\n|poke|p1|Hydrapple, L50, F|\n|poke|p2|Clefable, L50, M|\n|poke|p2|Espathra, L50, F|\n|poke|p2|Charizard, L50, F|\n|poke|p2|Hippowdon, L50, F|\n|poke|p2|Rotom-Wash, L50|\n|poke|p2|Garchomp, L50, F|\n|teampreview|3\n|\n|t:|1776459994\n|teamsize|p1|3\n|teamsize|p2|3\n|start\n|switch|p1a: Altaria|Altaria, L50, F|100/100\n|switch|p2a: Hippowdon|Hippowdon, L50, F|100/100\n|-ability|p1a: Altaria|Cloud Nine\n|-weather|Sandstorm|[from] ability: Sand Stream|[of] p2a: Hippowdon\n|turn|1\n|inactive|Battle timer is ON: inactive players will automatically lose when time's up. (requested by joguri)\n|\n|t:|1776460005\n|move|p1a: Altaria|Dragon Dance|p1a: Altaria\n|-boost|p1a: Altaria|atk|1\n|-boost|p1a: Altaria|spe|1\n|move|p2a: Hippowdon|Stealth Rock|p1a: Altaria\n|-sidestart|p1: swampflower1|move: Stealth Rock\n|\n|-weather|Sandstorm|[upkeep]\n|upkeep\n|turn|2\n|\n|t:|1776460020\n|switch|p2a: Clefable|Clefable, L50, M|100/100\n|move|p1a: Altaria|Dragon Dance|p1a: Altaria\n|-boost|p1a: Altaria|atk|1\n|-boost|p1a: Altaria|spe|1\n|\n|-weather|Sandstorm|[upkeep]\n|upkeep\n|turn|3\n|inactive|swampflower1 has 30 seconds left.\n|\n|t:|1776460046\n|detailschange|p1a: Altaria|Altaria-Mega, L50, F\n|-mega|p1a: Altaria|Altaria|Altarianite\n|move|p1a: Altaria|Body Slam|p2a: Clefable\n|-damage|p2a: Clefable|70/100\n|move|p2a: Clefable|Cosmic Power|p2a: Clefable\n|-boost|p2a: Clefable|def|1\n|-boost|p2a: Clefable|spd|1\n|\n|-weather|Sandstorm|[upkeep]\n|-damage|p1a: Altaria|94/100|[from] Sandstorm\n|-damage|p2a: Clefable|64/100|[from] Sandstorm\n|upkeep\n|turn|4\n|\n|t:|1776460061\n|move|p1a: Altaria|Double-Edge|p2a: Clefable\n|-damage|p2a: Clefable|35/100\n|-damage|p1a: Altaria|83/100|[from] Recoil\n|move|p2a: Clefable|Cosmic Power|p2a: Clefable\n|-boost|p2a: Clefable|def|1\n|-boost|p2a: Clefable|spd|1\n|\n|-weather|Sandstorm|[upkeep]\n|-damage|p1a: Altaria|77/100|[from] Sandstorm\n|-damage|p2a: Clefable|29/100|[from] Sandstorm\n|upkeep\n|turn|5\n|\n|t:|1776460073\n|move|p1a: Altaria|Double-Edge|p2a: Clefable\n|-damage|p2a: Clefable|6/100\n|-damage|p1a: Altaria|69/100|[from] Recoil\n|move|p2a: Clefable|Moonlight|p2a: Clefable\n|-heal|p2a: Clefable|31/100\n|\n|-weather|none\n|upkeep\n|turn|6\n|\n|t:|1776460082\n|move|p1a: Altaria|Double-Edge|p2a: Clefable\n|-damage|p2a: Clefable|8/100\n|-damage|p1a: Altaria|61/100|[from] Recoil\n|move|p2a: Clefable|Moonlight|p2a: Clefable\n|-heal|p2a: Clefable|58/100\n|\n|upkeep\n|turn|7\n|\n|t:|1776460090\n|move|p1a: Altaria|Dragon Dance|p1a: Altaria\n|-boost|p1a: Altaria|atk|1\n|-boost|p1a: Altaria|spe|1\n|move|p2a: Clefable|Cosmic Power|p2a: Clefable\n|-boost|p2a: Clefable|def|1\n|-boost|p2a: Clefable|spd|1\n|\n|upkeep\n|turn|8\n|\n|t:|1776460097\n|move|p1a: Altaria|Dragon Dance|p1a: Altaria\n|-boost|p1a: Altaria|atk|1\n|-boost|p1a: Altaria|spe|1\n|move|p2a: Clefable|Cosmic Power|p2a: Clefable\n|-boost|p2a: Clefable|def|1\n|-boost|p2a: Clefable|spd|1\n|\n|upkeep\n|turn|9\n|\n|t:|1776460104\n|move|p1a: Altaria|Dragon Dance|p1a: Altaria\n|-boost|p1a: Altaria|atk|1\n|-boost|p1a: Altaria|spe|1\n|move|p2a: Clefable|Cosmic Power|p2a: Clefable\n|-boost|p2a: Clefable|def|1\n|-boost|p2a: Clefable|spd|1\n|\n|upkeep\n|turn|10\n|\n|t:|1776460112\n|move|p1a: Altaria|Dragon Dance|p1a: Altaria\n|-boost|p1a: Altaria|atk|1\n|-boost|p1a: Altaria|spe|1\n|move|p2a: Clefable|Cosmic Power|p2a: Clefable\n|-boost|p2a: Clefable|def|1\n|-boost|p2a: Clefable|spd|1\n|\n|upkeep\n|turn|11\n|\n|t:|1776460120\n|move|p1a: Altaria|Roost|p1a: Altaria\n|-heal|p1a: Altaria|100/100\n|-singleturn|p1a: Altaria|move: Roost\n|move|p2a: Clefable|Moonlight|p2a: Clefable\n|-heal|p2a: Clefable|100/100\n|\n|upkeep\n|turn|12\n|\n|t:|1776460127\n|move|p1a: Altaria|Body Slam|p2a: Clefable\n|-damage|p2a: Clefable|93/100\n|move|p2a: Clefable|Calm Mind|p2a: Clefable\n|-boost|p2a: Clefable|spa|1\n|-boost|p2a: Clefable|spd|0\n|\n|upkeep\n|turn|13\n|\n|t:|1776460134\n|move|p1a: Altaria|Body Slam|p2a: Clefable\n|-damage|p2a: Clefable|85/100\n|move|p2a: Clefable|Calm Mind|p2a: Clefable\n|-boost|p2a: Clefable|spa|1\n|-boost|p2a: Clefable|spd|0\n|\n|upkeep\n|turn|14\n|\n|t:|1776460142\n|move|p1a: Altaria|Body Slam|p2a: Clefable\n|-damage|p2a: Clefable|78/100\n|-status|p2a: Clefable|par\n|move|p2a: Clefable|Calm Mind|p2a: Clefable\n|-boost|p2a: Clefable|spa|1\n|-boost|p2a: Clefable|spd|0\n|\n|upkeep\n|turn|15\n|\n|t:|1776460150\n|move|p1a: Altaria|Double-Edge|p2a: Clefable\n|-damage|p2a: Clefable|66/100 par\n|-damage|p1a: Altaria|96/100|[from] Recoil\n|move|p2a: Clefable|Calm Mind|p2a: Clefable\n|-boost|p2a: Clefable|spa|1\n|-boost|p2a: Clefable|spd|0\n|\n|upkeep\n|turn|16\n|\n|t:|1776460159\n|move|p1a: Altaria|Double-Edge|p2a: Clefable\n|-damage|p2a: Clefable|55/100 par\n|-damage|p1a: Altaria|92/100|[from] Recoil\n|move|p2a: Clefable|Calm Mind|p2a: Clefable\n|-boost|p2a: Clefable|spa|1\n|-boost|p2a: Clefable|spd|0\n|\n|upkeep\n|turn|17\n|\n|t:|1776460166\n|move|p1a: Altaria|Double-Edge|p2a: Clefable\n|-damage|p2a: Clefable|45/100 par\n|-damage|p1a: Altaria|88/100|[from] Recoil\n|move|p2a: Clefable|Calm Mind|p2a: Clefable\n|-boost|p2a: Clefable|spa|1\n|-boost|p2a: Clefable|spd|0\n|\n|upkeep\n|turn|18\n|\n|t:|1776460174\n|move|p1a: Altaria|Double-Edge|p2a: Clefable\n|-damage|p2a: Clefable|34/100 par\n|-damage|p1a: Altaria|85/100|[from] Recoil\n|move|p2a: Clefable|Moonlight|p2a: Clefable\n|-heal|p2a: Clefable|84/100 par\n|\n|upkeep\n|turn|19\n|\n|t:|1776460188\n|move|p1a: Altaria|Double-Edge|p2a: Clefable\n|-damage|p2a: Clefable|72/100 par\n|-damage|p1a: Altaria|80/100|[from] Recoil\n|move|p2a: Clefable|Moonblast|p1a: Altaria\n|-supereffective|p1a: Altaria|1\n|-damage|p1a: Altaria|0 fnt\n|faint|p1a: Altaria\n|\n|upkeep\n|\n|t:|1776460202\n|switch|p1a: Hydrapple|Hydrapple, L50, F|100/100\n|-damage|p1a: Hydrapple|88/100|[from] Stealth Rock\n|turn|20\n|\n|t:|1776460208\n|move|p1a: Hydrapple|Giga Drain|p2a: Clefable\n|-damage|p2a: Clefable|62/100 par\n|-heal|p1a: Hydrapple|93/100|[from] drain|[of] p2a: Clefable\n|move|p2a: Clefable|Moonblast|p1a: Hydrapple\n|-supereffective|p1a: Hydrapple|1\n|-damage|p1a: Hydrapple|0 fnt\n|faint|p1a: Hydrapple\n|\n|upkeep\n|-message|swampflower1 forfeited.\n|\n|win|joguri\n|raw|swampflower1's rating: 1041 &rarr; <strong>1030</strong><br />(-11 for losing)\n|raw|joguri's rating: 1154 &rarr; <strong>1171</strong><br />(+17 for winning)\n|l|\u2606swampflower1\n|player|p1|\n",
  "uploadtime": 1776460223,
  "views": 8,
  "formatid": "gen9championsbssregma",
  "rating": 1030,
  "private": 0,
  "password": null
}