{
  "id": "gen9championsbssregma-2589232724",
  "format": "[Gen 9 Champions] BSS Reg M-A",
  "players": [
    "JustRoscoe",
    "hijanu"
  ],
  "log": "|j|\u2606JustRoscoe\n|j|\u2606hijanu\n|t:|1776708224\n|gametype|singles\n|player|p1|JustRoscoe|shauntal|1088\n|player|p2|hijanu|hilbert|1065\n|gen|9\n|tier|[Gen 9 Champions] BSS Reg M-A\n|rated|\n|rule|Species Clause: Limit one of each Pok\u00e9mon\n|rule|Item Clause: Limit 1 of each item\n|clearpoke\n|poke|p1|Espathra, L50, M|\n|poke|p1|Chandelure, L50, M|\n|poke|p1|Beedrill, L50, F|\n|poke|p1|Garchomp, L50, M|\n|poke|p1|Clefable, L50, F|\n|poke|p1|Quaquaval, L50, F|\n|poke|p2|Furfrou, L50, M, shiny|\n|poke|p2|Ceruledge, L50, M, shiny|\n|poke|p2|Rotom-Wash, L50, shiny|\n|poke|p2|Torterra, L50, M, shiny|\n|poke|p2|Aggron, L50, F, shiny|\n|poke|p2|Noivern, L50, M|\n|teampreview|3\n|inactive|Battle timer is ON: inactive players will automatically lose when time's up. (requested by hijanu)\n|inactive|JustRoscoe has 60 seconds left.\n|\n|t:|1776708341\n|teamsize|p1|3\n|teamsize|p2|3\n|start\n|switch|p1a: Clefable|Clefable, L50, F|100/100\n|switch|p2a: Aggron|Aggron, L50, F, shiny|100/100\n|turn|1\n|\n|t:|1776708348\n|switch|p1a: Espathra|Espathra, L50, M|100/100\n|detailschange|p2a: Aggron|Aggron-Mega, L50, F, shiny\n|-mega|p2a: Aggron|Aggron|Aggronite\n|move|p2a: Aggron|Stealth Rock|p1a: Espathra\n|-sidestart|p1: JustRoscoe|move: Stealth Rock\n|\n|upkeep\n|turn|2\n|\n|t:|1776708361\n|switch|p2a: Ceruledge|Ceruledge, L50, M, shiny|100/100\n|move|p1a: Espathra|Calm Mind|p1a: Espathra\n|-boost|p1a: Espathra|spa|1\n|-boost|p1a: Espathra|spd|1\n|\n|-ability|p1a: Espathra|Speed Boost|boost\n|-boost|p1a: Espathra|spe|1\n|upkeep\n|turn|3\n|\n|t:|1776708370\n|move|p1a: Espathra|Baton Pass|p1a: Espathra\n|\n|t:|1776708372\n|switch|p1a: Clefable|Clefable, L50, F|100/100|[from] Baton Pass\n|-damage|p1a: Clefable|88/100|[from] Stealth Rock\n|move|p2a: Ceruledge|Swords Dance|p2a: Ceruledge\n|-boost|p2a: Ceruledge|atk|2\n|\n|-heal|p1a: Clefable|94/100|[from] item: Leftovers\n|upkeep\n|turn|4\n|\n|t:|1776708385\n|move|p1a: Clefable|Encore|p2a: Ceruledge\n|-start|p2a: Ceruledge|Encore\n|move|p2a: Ceruledge|Swords Dance|p2a: Ceruledge\n|-boost|p2a: Ceruledge|atk|2\n|\n|-heal|p1a: Clefable|99/100|[from] item: Leftovers\n|upkeep\n|turn|5\n|\n|t:|1776708399\n|switch|p2a: Aggron|Aggron-Mega, L50, F, shiny|100/100\n|move|p1a: Clefable|Moonblast|p2a: Aggron\n|-resisted|p2a: Aggron|1\n|-damage|p2a: Aggron|75/100\n|\n|-heal|p1a: Clefable|100/100|[from] item: Leftovers\n|upkeep\n|turn|6\n|\n|t:|1776708409\n|move|p1a: Clefable|Flamethrower|p2a: Aggron\n|-supereffective|p2a: Aggron|1\n|-damage|p2a: Aggron|27/100\n|-status|p2a: Aggron|brn\n|move|p2a: Aggron|Heavy Slam|p1a: Clefable\n|-supereffective|p1a: Clefable|1\n|-damage|p1a: Clefable|46/100\n|\n|-heal|p1a: Clefable|51/100|[from] item: Leftovers\n|-damage|p2a: Aggron|21/100 brn|[from] brn\n|upkeep\n|turn|7\n|\n|t:|1776708420\n|move|p1a: Clefable|Flamethrower|p2a: Aggron\n|-supereffective|p2a: Aggron|1\n|-damage|p2a: Aggron|0 fnt\n|faint|p2a: Aggron\n|\n|-heal|p1a: Clefable|57/100|[from] item: Leftovers\n|upkeep\n|\n|t:|1776708431\n|switch|p2a: Ceruledge|Ceruledge, L50, M, shiny|100/100\n|turn|8\n|\n|t:|1776708438\n|move|p1a: Clefable|Moonblast|p2a: Ceruledge\n|-resisted|p2a: Ceruledge|1\n|-damage|p2a: Ceruledge|69/100\n|move|p2a: Ceruledge|Iron Head|p1a: Clefable\n|-supereffective|p1a: Clefable|1\n|-damage|p1a: Clefable|0 fnt\n|faint|p1a: Clefable\n|\n|upkeep\n|\n|t:|1776708444\n|switch|p1a: Espathra|Espathra, L50, M|100/100\n|-damage|p1a: Espathra|88/100|[from] Stealth Rock\n|turn|9\n|\n|t:|1776708450\n|move|p1a: Espathra|Protect|p1a: Espathra\n|-singleturn|p1a: Espathra|Protect\n|move|p2a: Ceruledge|Swords Dance|p2a: Ceruledge\n|-boost|p2a: Ceruledge|atk|2\n|\n|-ability|p1a: Espathra|Speed Boost|boost\n|-boost|p1a: Espathra|spe|1\n|upkeep\n|turn|10\n|\n|t:|1776708463\n|move|p2a: Ceruledge|Shadow Sneak|p1a: Espathra\n|-supereffective|p1a: Espathra|1\n|-damage|p1a: Espathra|0 fnt\n|faint|p1a: Espathra\n|\n|upkeep\n|-message|JustRoscoe forfeited.\n|\n|win|hijanu\n|raw|JustRoscoe's rating: 1088 &rarr; <strong>1063</strong><br />(-25 for losing)\n|raw|hijanu's rating: 1065 &rarr; <strong>1097</strong><br />(+32 for winning)\n|l|\u2606JustRoscoe\n|player|p1|\n",
  "uploadtime": 1776708526,
  "views": 3,
  "formatid": "gen9championsbssregma",
  "rating": 1063,
  "private": 0,
  "password": null
}