{
  "id": "gen9championsbssregma-2583681827",
  "format": "[Gen 9 Champions] BSS Reg M-A",
  "players": [
    "mrwallacerbes",
    "bouvet island"
  ],
  "log": "|j|\u2606mrwallacerbes\n|j|\u2606bouvet island\n|t:|1776190722\n|gametype|singles\n|player|p1|mrwallacerbes|1|1249\n|player|p2|bouvet island|kimonogirl|1279\n|gen|9\n|tier|[Gen 9 Champions] BSS Reg M-A\n|rated|\n|rule|Species Clause: Limit one of each Pok\u00e9mon\n|rule|Item Clause: Limit 1 of each item\n|clearpoke\n|poke|p1|Sneasler, L50, M|\n|poke|p1|Gengar, L50, F|\n|poke|p1|Basculegion, L50, M|\n|poke|p1|Corviknight, L50, F|\n|poke|p1|Palafin, L50, F|\n|poke|p1|Mamoswine, L50, F|\n|poke|p2|Samurott-Hisui, L50, M|\n|poke|p2|Ditto, L50|\n|poke|p2|Gengar, L50, M|\n|poke|p2|Toxapex, L50, M|\n|poke|p2|Corviknight, L50, F|\n|poke|p2|Umbreon, L50, M|\n|teampreview|3\n|j| srdiog0\n|inactive|Battle timer is ON: inactive players will automatically lose when time's up. (requested by mrwallacerbes)\n|\n|t:|1776190758\n|teamsize|p1|3\n|teamsize|p2|3\n|start\n|switch|p1a: Gengar|Gengar, L50, F|100/100\n|switch|p2a: Samurott|Samurott-Hisui, L50, M|100/100\n|turn|1\n|\n|t:|1776190765\n|detailschange|p1a: Gengar|Gengar-Mega, L50, F\n|-mega|p1a: Gengar|Gengar|Gengarite\n|move|p1a: Gengar|Will-O-Wisp|p2a: Samurott\n|-status|p2a: Samurott|brn\n|move|p2a: Samurott|Ceaseless Edge|p1a: Gengar\n|-supereffective|p1a: Gengar|1\n|-crit|p1a: Gengar\n|-damage|p1a: Gengar|8/100\n|-sidestart|p1: mrwallacerbes|Spikes\n|\n|-damage|p2a: Samurott|94/100 brn|[from] brn\n|upkeep\n|turn|2\n|\n|t:|1776190777\n|switch|p1a: Corviknight|Corviknight, L50, F|100/100\n|-ability|p1a: Corviknight|Pressure\n|move|p2a: Samurott|Sucker Punch||[still]\n|-fail|p2a: Samurott\n|\n|-damage|p2a: Samurott|88/100 brn|[from] brn\n|upkeep\n|turn|3\n|\n|t:|1776190787\n|switch|p2a: Toxapex|Toxapex, L50, M|100/100\n|move|p1a: Corviknight|Iron Defense|p1a: Corviknight\n|-boost|p1a: Corviknight|def|2\n|\n|upkeep\n|turn|4\n|\n|t:|1776190792\n|move|p1a: Corviknight|Iron Defense|p1a: Corviknight\n|-boost|p1a: Corviknight|def|2\n|move|p2a: Toxapex|Toxic Spikes|p1a: Corviknight\n|-sidestart|p1: mrwallacerbes|move: Toxic Spikes\n|\n|upkeep\n|turn|5\n|\n|t:|1776190798\n|move|p1a: Corviknight|Iron Defense|p1a: Corviknight\n|-boost|p1a: Corviknight|def|2\n|move|p2a: Toxapex|Haze|p2a: Toxapex\n|-clearallboost\n|\n|upkeep\n|turn|6\n|\n|t:|1776190806\n|switch|p1a: Gengar|Gengar-Mega, L50, F|8/100\n|-damage|p1a: Gengar|0 fnt|[from] Spikes\n|faint|p1a: Gengar\n|move|p2a: Toxapex|Toxic|p1: Gengar|[notarget]\n|-fail|p2a: Toxapex\n|\n|upkeep\n|\n|t:|1776190810\n|switch|p1a: Mamoswine|Mamoswine, L50, F|100/100\n|-damage|p1a: Mamoswine|88/100|[from] Spikes\n|-status|p1a: Mamoswine|psn\n|turn|7\n|\n|t:|1776190814\n|switch|p2a: Samurott|Samurott-Hisui, L50, M|88/100 brn\n|move|p1a: Mamoswine|Earthquake|p2a: Samurott\n|-damage|p2a: Samurott|30/100 brn\n|\n|-damage|p1a: Mamoswine|76/100 psn|[from] psn\n|-damage|p2a: Samurott|24/100 brn|[from] brn\n|upkeep\n|turn|8\n|\n|t:|1776190821\n|move|p2a: Samurott|Sucker Punch|p1a: Mamoswine\n|-damage|p1a: Mamoswine|57/100 psn\n|move|p1a: Mamoswine|Earthquake|p2a: Samurott\n|-damage|p2a: Samurott|0 fnt\n|faint|p2a: Samurott\n|\n|-damage|p1a: Mamoswine|44/100 psn|[from] psn\n|upkeep\n|\n|t:|1776190823\n|switch|p2a: Ditto|Ditto, L50|100/100\n|-transform|p2a: Ditto|p1a: Mamoswine|[from] ability: Imposter\n|turn|9\n|\n|t:|1776190830\n|switch|p1a: Corviknight|Corviknight, L50, F|100/100\n|-ability|p1a: Corviknight|Pressure\n|move|p2a: Ditto|Icicle Crash|p1a: Corviknight\n|-damage|p1a: Corviknight|62/100\n|\n|-heal|p1a: Corviknight|68/100|[from] item: Leftovers\n|upkeep\n|turn|10\n|\n|t:|1776190837\n|switch|p2a: Toxapex|Toxapex, L50, M|100/100\n|move|p1a: Corviknight|Body Press|p2a: Toxapex\n|-resisted|p2a: Toxapex|1\n|-damage|p2a: Toxapex|94/100\n|\n|-heal|p1a: Corviknight|74/100|[from] item: Leftovers\n|upkeep\n|turn|11\n|\n|t:|1776190841\n|switch|p1a: Mamoswine|Mamoswine, L50, F|44/100 psn\n|-damage|p1a: Mamoswine|32/100 psn|[from] Spikes\n|move|p2a: Toxapex|Toxic Spikes|p1a: Mamoswine\n|-sidestart|p1: mrwallacerbes|move: Toxic Spikes\n|\n|-damage|p1a: Mamoswine|20/100 psn|[from] psn\n|upkeep\n|turn|12\n|\n|t:|1776190848\n|switch|p2a: Ditto|Ditto, L50|100/100\n|-transform|p2a: Ditto|p1a: Mamoswine|[from] ability: Imposter\n|move|p1a: Mamoswine|Earthquake|p2a: Ditto\n|-damage|p2a: Ditto|22/100\n|\n|-damage|p1a: Mamoswine|7/100 psn|[from] psn\n|upkeep\n|turn|13\n|\n|t:|1776190854\n|move|p2a: Ditto|Ice Shard|p1a: Mamoswine\n|-damage|p1a: Mamoswine|0 fnt\n|faint|p1a: Mamoswine\n|\n|upkeep\n|\n|t:|1776190857\n|switch|p1a: Corviknight|Corviknight, L50, F|74/100\n|-ability|p1a: Corviknight|Pressure\n|turn|14\n|\n|t:|1776190861\n|switch|p2a: Toxapex|Toxapex, L50, M|100/100\n|move|p1a: Corviknight|Body Press|p2a: Toxapex\n|-resisted|p2a: Toxapex|1\n|-damage|p2a: Toxapex|93/100\n|\n|-heal|p1a: Corviknight|80/100|[from] item: Leftovers\n|upkeep\n|turn|15\n|\n|t:|1776190865\n|move|p1a: Corviknight|Brave Bird|p2a: Toxapex\n|-damage|p2a: Toxapex|68/100\n|-damage|p1a: Corviknight|73/100|[from] Recoil\n|move|p2a: Toxapex|Toxic Spikes||[still]\n|-fail|p2a: Toxapex\n|\n|-heal|p1a: Corviknight|79/100|[from] item: Leftovers\n|upkeep\n|turn|16\n|\n|t:|1776190872\n|move|p1a: Corviknight|Iron Defense|p1a: Corviknight\n|-boost|p1a: Corviknight|def|2\n|move|p2a: Toxapex|Toxic|p1a: Corviknight\n|-immune|p1a: Corviknight\n|\n|-heal|p1a: Corviknight|85/100|[from] item: Leftovers\n|upkeep\n|turn|17\n|j| The Educated Fool\n|\n|t:|1776190880\n|move|p1a: Corviknight|Brave Bird|p2a: Toxapex\n|-damage|p2a: Toxapex|41/100\n|-enditem|p2a: Toxapex|Sitrus Berry|[eat]\n|-heal|p2a: Toxapex|66/100|[from] item: Sitrus Berry\n|-damage|p1a: Corviknight|78/100|[from] Recoil\n|move|p2a: Toxapex|Haze|p2a: Toxapex\n|-clearallboost\n|\n|-heal|p1a: Corviknight|84/100|[from] item: Leftovers\n|upkeep\n|turn|18\n|\n|t:|1776190888\n|move|p1a: Corviknight|Brave Bird|p2a: Toxapex\n|-damage|p2a: Toxapex|41/100\n|-damage|p1a: Corviknight|78/100|[from] Recoil\n|move|p2a: Toxapex|Toxic Spikes||[still]\n|-fail|p2a: Toxapex\n|\n|-heal|p1a: Corviknight|83/100|[from] item: Leftovers\n|upkeep\n|turn|19\n|\n|t:|1776190895\n|move|p1a: Corviknight|Brave Bird|p2a: Toxapex\n|-damage|p2a: Toxapex|16/100\n|-damage|p1a: Corviknight|77/100|[from] Recoil\n|move|p2a: Toxapex|Recover|p2a: Toxapex\n|-heal|p2a: Toxapex|66/100\n|\n|-heal|p1a: Corviknight|83/100|[from] item: Leftovers\n|upkeep\n|turn|20\n|\n|t:|1776190902\n|move|p1a: Corviknight|Iron Defense|p1a: Corviknight\n|-boost|p1a: Corviknight|def|2\n|move|p2a: Toxapex|Toxic Spikes||[still]\n|-fail|p2a: Toxapex\n|\n|-heal|p1a: Corviknight|89/100|[from] item: Leftovers\n|upkeep\n|turn|21\n|\n|t:|1776190909\n|move|p1a: Corviknight|Body Press|p2a: Toxapex\n|-resisted|p2a: Toxapex|1\n|-damage|p2a: Toxapex|54/100\n|move|p2a: Toxapex|Haze|p2a: Toxapex\n|-clearallboost\n|\n|-heal|p1a: Corviknight|95/100|[from] item: Leftovers\n|upkeep\n|turn|22\n|\n|t:|1776190916\n|move|p1a: Corviknight|Brave Bird|p2a: Toxapex\n|-damage|p2a: Toxapex|33/100\n|-damage|p1a: Corviknight|89/100|[from] Recoil\n|move|p2a: Toxapex|Toxic Spikes||[still]\n|-fail|p2a: Toxapex\n|\n|-heal|p1a: Corviknight|95/100|[from] item: Leftovers\n|upkeep\n|turn|23\n|\n|t:|1776190922\n|move|p1a: Corviknight|Iron Defense|p1a: Corviknight\n|-boost|p1a: Corviknight|def|2\n|move|p2a: Toxapex|Recover|p2a: Toxapex\n|-heal|p2a: Toxapex|83/100\n|\n|-heal|p1a: Corviknight|100/100|[from] item: Leftovers\n|upkeep\n|turn|24\n|\n|t:|1776190928\n|move|p1a: Corviknight|Body Press|p2a: Toxapex\n|-resisted|p2a: Toxapex|1\n|-damage|p2a: Toxapex|71/100\n|move|p2a: Toxapex|Haze|p2a: Toxapex\n|-clearallboost\n|\n|upkeep\n|turn|25\n|\n|t:|1776190934\n|move|p1a: Corviknight|Brave Bird|p2a: Toxapex\n|-damage|p2a: Toxapex|48/100\n|-damage|p1a: Corviknight|95/100|[from] Recoil\n|move|p2a: Toxapex|Toxic Spikes||[still]\n|-fail|p2a: Toxapex\n|\n|-heal|p1a: Corviknight|100/100|[from] item: Leftovers\n|upkeep\n|turn|26\n|\n|t:|1776190940\n|move|p1a: Corviknight|Iron Defense|p1a: Corviknight\n|-boost|p1a: Corviknight|def|2\n|move|p2a: Toxapex|Recover|p2a: Toxapex\n|-heal|p2a: Toxapex|98/100\n|\n|upkeep\n|turn|27\n|\n|t:|1776190950\n|move|p1a: Corviknight|Body Press|p2a: Toxapex\n|-resisted|p2a: Toxapex|1\n|-damage|p2a: Toxapex|85/100\n|move|p2a: Toxapex|Haze|p2a: Toxapex\n|-clearallboost\n|\n|upkeep\n|turn|28\n|\n|t:|1776190956\n|switch|p2a: Ditto|Ditto, L50|22/100\n|-transform|p2a: Ditto|p1a: Corviknight|[from] ability: Imposter\n|-ability|p2a: Ditto|Pressure\n|move|p1a: Corviknight|Iron Defense|p1a: Corviknight\n|-boost|p1a: Corviknight|def|2\n|\n|upkeep\n|turn|29\n|\n|t:|1776190967\n|switch|p2a: Toxapex|Toxapex, L50, M|100/100\n|move|p1a: Corviknight|Body Press|p2a: Toxapex\n|-resisted|p2a: Toxapex|1\n|-damage|p2a: Toxapex|88/100\n|\n|upkeep\n|turn|30\n|\n|t:|1776190975\n|move|p1a: Corviknight|Brave Bird|p2a: Toxapex\n|-damage|p2a: Toxapex|66/100\n|-damage|p1a: Corviknight|95/100|[from] Recoil\n|move|p2a: Toxapex|Toxic|p1a: Corviknight\n|-immune|p1a: Corviknight\n|\n|-heal|p1a: Corviknight|100/100|[from] item: Leftovers\n|upkeep\n|turn|31\n|\n|t:|1776190988\n|move|p1a: Corviknight|Brave Bird|p2a: Toxapex\n|-crit|p2a: Toxapex\n|-damage|p2a: Toxapex|31/100\n|-damage|p1a: Corviknight|92/100|[from] Recoil\n|move|p2a: Toxapex|Toxic|p1a: Corviknight\n|-immune|p1a: Corviknight\n|\n|-heal|p1a: Corviknight|98/100|[from] item: Leftovers\n|upkeep\n|turn|32\n|\n|t:|1776190995\n|move|p1a: Corviknight|Brave Bird|p2a: Toxapex\n|-damage|p2a: Toxapex|5/100\n|-damage|p1a: Corviknight|91/100|[from] Recoil\n|move|p2a: Toxapex|Recover|p2a: Toxapex\n|-heal|p2a: Toxapex|55/100\n|\n|-heal|p1a: Corviknight|97/100|[from] item: Leftovers\n|upkeep\n|turn|33\n|\n|t:|1776191002\n|move|p1a: Corviknight|Body Press|p2a: Toxapex\n|-resisted|p2a: Toxapex|1\n|-damage|p2a: Toxapex|43/100\n|move|p2a: Toxapex|Toxic|p1a: Corviknight\n|-immune|p1a: Corviknight\n|\n|-heal|p1a: Corviknight|100/100|[from] item: Leftovers\n|upkeep\n|turn|34\n|\n|t:|1776191012\n|move|p1a: Corviknight|Body Press|p2a: Toxapex\n|-resisted|p2a: Toxapex|1\n|-damage|p2a: Toxapex|30/100\n|move|p2a: Toxapex|Recover|p2a: Toxapex\n|-heal|p2a: Toxapex|80/100\n|\n|upkeep\n|turn|35\n|\n|t:|1776191022\n|move|p1a: Corviknight|Body Press|p2a: Toxapex\n|-resisted|p2a: Toxapex|1\n|-damage|p2a: Toxapex|68/100\n|move|p2a: Toxapex|Haze|p2a: Toxapex\n|-clearallboost\n|\n|upkeep\n|turn|36\n|\n|t:|1776191037\n|move|p1a: Corviknight|Iron Defense|p1a: Corviknight\n|-boost|p1a: Corviknight|def|2\n|move|p2a: Toxapex|Toxic Spikes||[still]\n|-fail|p2a: Toxapex\n|\n|upkeep\n|turn|37\n|\n|t:|1776191044\n|move|p1a: Corviknight|Iron Defense|p1a: Corviknight\n|-boost|p1a: Corviknight|def|2\n|move|p2a: Toxapex|Haze|p2a: Toxapex\n|-clearallboost\n|\n|upkeep\n|turn|38\n|\n|t:|1776191055\n|switch|p2a: Ditto|Ditto, L50|22/100\n|-transform|p2a: Ditto|p1a: Corviknight|[from] ability: Imposter\n|-ability|p2a: Ditto|Pressure\n|move|p1a: Corviknight|Brave Bird|p2a: Ditto\n|-resisted|p2a: Ditto|1\n|-damage|p2a: Ditto|3/100\n|-damage|p1a: Corviknight|96/100|[from] Recoil\n|\n|-heal|p1a: Corviknight|100/100|[from] item: Leftovers\n|upkeep\n|turn|39\n|\n|t:|1776191060\n|move|p2a: Ditto|Roost|p2a: Ditto\n|-heal|p2a: Ditto|53/100\n|-singleturn|p2a: Ditto|move: Roost\n|move|p1a: Corviknight|Iron Defense|p1a: Corviknight\n|-boost|p1a: Corviknight|def|2\n|\n|upkeep\n|turn|40\n|\n|t:|1776191064\n|switch|p2a: Toxapex|Toxapex, L50, M|100/100\n|move|p1a: Corviknight|Iron Defense|p1a: Corviknight\n|-boost|p1a: Corviknight|def|2\n|\n|upkeep\n|turn|41\n|\n|t:|1776191068\n|move|p1a: Corviknight|Body Press|p2a: Toxapex\n|-resisted|p2a: Toxapex|1\n|-damage|p2a: Toxapex|83/100\n|move|p2a: Toxapex|Haze|p2a: Toxapex\n|-clearallboost\n|\n|upkeep\n|turn|42\n|\n|t:|1776191074\n|switch|p2a: Ditto|Ditto, L50|53/100\n|-transform|p2a: Ditto|p1a: Corviknight|[from] ability: Imposter\n|-ability|p2a: Ditto|Pressure\n|move|p1a: Corviknight|Brave Bird|p2a: Ditto\n|-resisted|p2a: Ditto|1\n|-damage|p2a: Ditto|32/100\n|-damage|p1a: Corviknight|95/100|[from] Recoil\n|\n|-heal|p1a: Corviknight|100/100|[from] item: Leftovers\n|upkeep\n|turn|43\n|\n|t:|1776191082\n|move|p2a: Ditto|Roost|p2a: Ditto\n|-heal|p2a: Ditto|82/100\n|-singleturn|p2a: Ditto|move: Roost\n|move|p1a: Corviknight|Body Press|p2a: Ditto\n|-supereffective|p2a: Ditto|1\n|-crit|p2a: Ditto\n|-damage|p2a: Ditto|17/100\n|\n|upkeep\n|turn|44\n|\n|t:|1776191090\n|move|p2a: Ditto|Roost|p2a: Ditto\n|-heal|p2a: Ditto|67/100\n|-singleturn|p2a: Ditto|move: Roost\n|move|p1a: Corviknight|Iron Defense|p1a: Corviknight\n|-boost|p1a: Corviknight|def|2\n|\n|upkeep\n|turn|45\n|\n|t:|1776191096\n|switch|p2a: Toxapex|Toxapex, L50, M|100/100\n|move|p1a: Corviknight|Iron Defense|p1a: Corviknight\n|-boost|p1a: Corviknight|def|2\n|\n|upkeep\n|turn|46\n|c|\u2606bouvet island|Gg\n|\n|t:|1776191107\n|move|p1a: Corviknight|Roost||[still]\n|-fail|p1a: Corviknight|heal\n|move|p2a: Toxapex|Haze|p2a: Toxapex\n|-clearallboost\n|\n|upkeep\n|turn|47\n|\n|t:|1776191112\n|switch|p2a: Ditto|Ditto, L50|67/100\n|-transform|p2a: Ditto|p1a: Corviknight|[from] ability: Imposter\n|-ability|p2a: Ditto|Pressure\n|move|p1a: Corviknight|Brave Bird|p2a: Ditto\n|-resisted|p2a: Ditto|1\n|-damage|p2a: Ditto|44/100\n|-damage|p1a: Corviknight|95/100|[from] Recoil\n|\n|-heal|p1a: Corviknight|100/100|[from] item: Leftovers\n|upkeep\n|turn|48\n|\n|t:|1776191117\n|move|p2a: Ditto|Roost|p2a: Ditto\n|-heal|p2a: Ditto|95/100\n|-singleturn|p2a: Ditto|move: Roost\n|move|p1a: Corviknight|Iron Defense|p1a: Corviknight\n|-boost|p1a: Corviknight|def|2\n|\n|upkeep\n|turn|49\n|\n|t:|1776191121\n|move|p2a: Ditto|Roost|p2a: Ditto\n|-heal|p2a: Ditto|100/100\n|-singleturn|p2a: Ditto|move: Roost\n|move|p1a: Corviknight|Iron Defense|p1a: Corviknight\n|-boost|p1a: Corviknight|def|2\n|\n|upkeep\n|turn|50\n|\n|t:|1776191128\n|move|p2a: Ditto|Roost||[still]\n|-fail|p2a: Ditto|heal\n|move|p1a: Corviknight|Brave Bird|p2a: Ditto\n|-resisted|p2a: Ditto|1\n|-damage|p2a: Ditto|79/100\n|-damage|p1a: Corviknight|95/100|[from] Recoil\n|\n|-heal|p1a: Corviknight|100/100|[from] item: Leftovers\n|upkeep\n|turn|51\n|-message|mrwallacerbes forfeited.\n|\n|win|bouvet island\n|raw|mrwallacerbes's rating: 1249 &rarr; <strong>1226</strong><br />(-23 for losing)\n|raw|bouvet island's rating: 1279 &rarr; <strong>1302</strong><br />(+23 for winning)\n|l|\u2606mrwallacerbes\n|player|p1|\n|l|\u2606bouvet island\n|player|p2|\n|j|\u2606bouvet island\n|player|p2|bouvet island|kimonogirl|\n|l| srdiog0\n",
  "uploadtime": 1776192304,
  "views": 26,
  "formatid": "gen9championsbssregma",
  "rating": 1226,
  "private": 0,
  "password": null
}