{
  "id": "gen9championsbssregma-2584111739",
  "format": "[Gen 9 Champions] BSS Reg M-A",
  "players": [
    "MiraidonGaming",
    "Take609"
  ],
  "log": "|j|\u2606MiraidonGaming\n|j|\u2606Take609\n|t:|1776226394\n|gametype|singles\n|player|p1|MiraidonGaming|lucas|1388\n|player|p2|Take609|101|1288\n|gen|9\n|tier|[Gen 9 Champions] BSS Reg M-A\n|rated|\n|rule|Species Clause: Limit one of each Pok\u00e9mon\n|rule|Item Clause: Limit 1 of each item\n|clearpoke\n|poke|p1|Ninetales-Alola, L50, F|\n|poke|p1|Charizard, L50, M|\n|poke|p1|Scizor, L50, M|\n|poke|p1|Sinistcha, L50|\n|poke|p1|Rotom-Wash, L50|\n|poke|p1|Salazzle, L50, F|\n|poke|p2|Charizard, L50, M|\n|poke|p2|Vaporeon, L50, F|\n|poke|p2|Whimsicott, L50, F|\n|poke|p2|Garchomp, L50, M|\n|poke|p2|Samurott-Hisui, L50, M|\n|poke|p2|Gengar, L50, F|\n|teampreview|3\n|inactive|Battle timer is ON: inactive players will automatically lose when time's up. (requested by Take609)\n|\n|t:|1776226411\n|teamsize|p1|3\n|teamsize|p2|3\n|start\n|switch|p1a: Edward|Scizor, L50, M|100/100\n|switch|p2a: Garchomp|Garchomp, L50, M, shiny|100/100\n|turn|1\n|\n|t:|1776226422\n|move|p1a: Edward|Swords Dance|p1a: Edward\n|-boost|p1a: Edward|atk|2\n|move|p2a: Garchomp|Dragon Tail|p1a: Edward\n|-resisted|p1a: Edward|1\n|-damage|p1a: Edward|86/100\n|drag|p1a: Bruce|Charizard, L50, M|100/100\n|\n|upkeep\n|turn|2\n|j| p74\n|\n|t:|1776226432\n|move|p2a: Garchomp|Stealth Rock|p1a: Bruce\n|-sidestart|p1: MiraidonGaming|move: Stealth Rock\n|move|p1a: Bruce|Breaking Swipe|p2a: Garchomp\n|-supereffective|p2a: Garchomp|1\n|-damage|p2a: Garchomp|76/100\n|-unboost|p2a: Garchomp|atk|1\n|-damage|p1a: Bruce|88/100|[from] ability: Rough Skin|[of] p2a: Garchomp\n|\n|upkeep\n|turn|3\n|\n|t:|1776226444\n|move|p1a: Bruce|Breaking Swipe|p2a: Garchomp\n|-supereffective|p2a: Garchomp|1\n|-damage|p2a: Garchomp|50/100\n|-unboost|p2a: Garchomp|atk|1\n|-damage|p1a: Bruce|75/100|[from] ability: Rough Skin|[of] p2a: Garchomp\n|move|p2a: Garchomp|Dragon Tail|p1a: Bruce\n|-damage|p1a: Bruce|57/100\n|drag|p1a: Edward|Scizor, L50, M|86/100\n|-damage|p1a: Edward|74/100|[from] Stealth Rock\n|\n|upkeep\n|turn|4\n|j| shanehuang\n|\n|t:|1776226460\n|move|p1a: Edward|Bullet Punch|p2a: Garchomp\n|-damage|p2a: Garchomp|24/100\n|-damage|p1a: Edward|61/100|[from] ability: Rough Skin|[of] p2a: Garchomp\n|move|p2a: Garchomp|Dragon Tail|p1a: Edward\n|-resisted|p1a: Edward|1\n|-damage|p1a: Edward|53/100\n|drag|p1a: Put a brick in|Rotom-Wash, L50|100/100\n|-damage|p1a: Put a brick in|88/100|[from] Stealth Rock\n|\n|upkeep\n|turn|5\n|\n|t:|1776226476\n|move|p1a: Put a brick in|Hydro Pump|p2a: Garchomp\n|-damage|p2a: Garchomp|0 fnt\n|faint|p2a: Garchomp\n|\n|upkeep\n|\n|t:|1776226482\n|switch|p2a: Vaporeon|Vaporeon, L50, F|100/100\n|turn|6\n|j| Taku300\n|\n|t:|1776226486\n|switch|p1a: Bruce|Charizard, L50, M|57/100\n|-damage|p1a: Bruce|7/100|[from] Stealth Rock\n|move|p2a: Vaporeon|Flip Turn|p1a: Bruce\n|-supereffective|p1a: Bruce|1\n|-damage|p1a: Bruce|0 fnt\n|faint|p1a: Bruce\n|\n|t:|1776226494\n|switch|p2a: Charizard|Charizard, L50, M, shiny|100/100|[from] Flip Turn\n|\n|upkeep\n|\n|t:|1776226496\n|switch|p1a: Put a brick in|Rotom-Wash, L50|88/100\n|-damage|p1a: Put a brick in|76/100|[from] Stealth Rock\n|turn|7\n|\n|t:|1776226506\n|detailschange|p2a: Charizard|Charizard-Mega-X, L50, M, shiny\n|-mega|p2a: Charizard|Charizard|Charizardite X\n|move|p1a: Put a brick in|Discharge|p2a: Charizard\n|-resisted|p2a: Charizard|1\n|-damage|p2a: Charizard|82/100\n|move|p2a: Charizard|Dragon Claw|p1a: Put a brick in\n|-damage|p1a: Put a brick in|15/100\n|\n|upkeep\n|turn|8\n|\n|t:|1776226518\n|move|p1a: Put a brick in|Discharge|p2a: Charizard\n|-resisted|p2a: Charizard|1\n|-damage|p2a: Charizard|64/100\n|move|p2a: Charizard|Dragon Dance|p2a: Charizard\n|-boost|p2a: Charizard|atk|1\n|-boost|p2a: Charizard|spe|1\n|\n|upkeep\n|turn|9\n|\n|t:|1776226530\n|move|p2a: Charizard|Dragon Claw|p1a: Put a brick in\n|-damage|p1a: Put a brick in|0 fnt\n|faint|p1a: Put a brick in\n|\n|upkeep\n|\n|t:|1776226532\n|switch|p1a: Edward|Scizor, L50, M|53/100\n|-damage|p1a: Edward|41/100|[from] Stealth Rock\n|turn|10\n|\n|t:|1776226539\n|detailschange|p1a: Edward|Scizor-Mega, L50, M\n|-mega|p1a: Edward|Scizor|Scizorite\n|move|p1a: Edward|Bullet Punch|p2a: Charizard\n|-resisted|p2a: Charizard|1\n|-crit|p2a: Charizard\n|-damage|p2a: Charizard|44/100\n|move|p2a: Charizard|Flare Blitz|p1a: Edward\n|-supereffective|p1a: Edward|2\n|-damage|p1a: Edward|0 fnt\n|faint|p1a: Edward\n|-damage|p2a: Charizard|32/100|[from] Recoil\n|\n|win|Take609\n|raw|MiraidonGaming's rating: 1388 &rarr; <strong>1362</strong><br />(-26 for losing)\n|raw|Take609's rating: 1288 &rarr; <strong>1320</strong><br />(+32 for winning)\n|l|\u2606MiraidonGaming\n|player|p1|\n|l|\u2606Take609\n|player|p2|\n",
  "uploadtime": 1776226615,
  "views": 1,
  "formatid": "gen9championsbssregma",
  "rating": 1320,
  "private": 0,
  "password": null
}