{
  "id": "gen9championsbssregma-2589237413",
  "format": "[Gen 9 Champions] BSS Reg M-A",
  "players": [
    "carpetmuncher45",
    "vgsizzle"
  ],
  "log": "|j|\u2606carpetmuncher45\n|j|\u2606vgsizzle\n|t:|1776708527\n|gametype|singles\n|player|p1|carpetmuncher45|battlegirl-gen4|1330\n|player|p2|vgsizzle|101|1330\n|gen|9\n|tier|[Gen 9 Champions] BSS Reg M-A\n|rated|\n|rule|Species Clause: Limit one of each Pok\u00e9mon\n|rule|Item Clause: Limit 1 of each item\n|clearpoke\n|poke|p1|Garchomp, L50, F|\n|poke|p1|Alakazam, L50, F|\n|poke|p1|Ceruledge, L50, F|\n|poke|p1|Kangaskhan, L50, F|\n|poke|p1|Samurott-Hisui, L50, M|\n|poke|p1|Corviknight, L50, F|\n|poke|p2|Bellibolt, L50, F|\n|poke|p2|Clefable, L50, M|\n|poke|p2|Meowscarada, L50, F|\n|poke|p2|Garchomp, L50, F|\n|poke|p2|Charizard, L50, M|\n|poke|p2|Aegislash, L50, F|\n|teampreview|3\n|inactive|Battle timer is ON: inactive players will automatically lose when time's up. (requested by carpetmuncher45)\n|\n|t:|1776708566\n|teamsize|p1|3\n|teamsize|p2|3\n|start\n|switch|p1a: Alakazam|Alakazam, L50, F|100/100\n|switch|p2a: Meowscarada|Meowscarada, L50, F|100/100\n|turn|1\n|inactive|carpetmuncher45 has 30 seconds left.\n|\n|t:|1776708598\n|switch|p1a: Samurott|Samurott-Hisui, L50, M|100/100\n|move|p2a: Meowscarada|Knock Off|p1a: Samurott\n|-start|p2a: Meowscarada|typechange|Dark|[from] ability: Protean\n|-resisted|p1a: Samurott|1\n|-damage|p1a: Samurott|73/100\n|-enditem|p1a: Samurott|Choice Scarf|[from] move: Knock Off|[of] p2a: Meowscarada\n|\n|upkeep\n|turn|2\n|\n|t:|1776708607\n|switch|p2a: Bellibolt|Bellibolt, L50, F|100/100\n|move|p1a: Samurott|Ceaseless Edge|p2a: Bellibolt\n|-damage|p2a: Bellibolt|64/100\n|-start|p2a: Bellibolt|Charge|Ceaseless Edge|[from] ability: Electromorphosis\n|-sidestart|p2: vgsizzle|Spikes\n|\n|-heal|p2a: Bellibolt|70/100|[from] item: Leftovers\n|upkeep\n|turn|3\n|\n|t:|1776708613\n|move|p1a: Samurott|Knock Off|p2a: Bellibolt\n|-damage|p2a: Bellibolt|31/100\n|-start|p2a: Bellibolt|Charge|Knock Off|[from] ability: Electromorphosis\n|-enditem|p2a: Bellibolt|Leftovers|[from] move: Knock Off|[of] p1a: Samurott\n|move|p2a: Bellibolt|Volt Switch|p1a: Samurott\n|-supereffective|p1a: Samurott|1\n|-damage|p1a: Samurott|0 fnt\n|faint|p1a: Samurott\n|-end|p2a: Bellibolt|Charge|[silent]\n|\n|t:|1776708622\n|switch|p2a: Meowscarada|Meowscarada, L50, F|100/100|[from] Volt Switch\n|-damage|p2a: Meowscarada|89/100|[from] Spikes\n|\n|upkeep\n|\n|t:|1776708624\n|switch|p1a: Garchomp|Garchomp, L50, F|100/100\n|turn|4\n|\n|t:|1776708632\n|move|p2a: Meowscarada|Triple Axel|p1a: Garchomp|[miss]\n|-start|p2a: Meowscarada|typechange|Ice|[from] ability: Protean\n|-miss|p2a: Meowscarada|p1a: Garchomp\n|move|p1a: Garchomp|Stealth Rock|p2a: Meowscarada\n|-sidestart|p2: vgsizzle|move: Stealth Rock\n|\n|upkeep\n|turn|5\n|\n|t:|1776708634\n|move|p2a: Meowscarada|Triple Axel|p1a: Garchomp\n|-supereffective|p1a: Garchomp|2\n|-damage|p1a: Garchomp|73/100\n|-damage|p2a: Meowscarada|77/100|[from] ability: Rough Skin|[of] p1a: Garchomp\n|-supereffective|p1a: Garchomp|2\n|-damage|p1a: Garchomp|26/100\n|-damage|p2a: Meowscarada|65/100|[from] ability: Rough Skin|[of] p1a: Garchomp\n|-enditem|p1a: Garchomp|Sitrus Berry|[eat]\n|-heal|p1a: Garchomp|51/100|[from] item: Sitrus Berry\n|-supereffective|p1a: Garchomp|2\n|-damage|p1a: Garchomp|0 fnt\n|-damage|p2a: Meowscarada|53/100|[from] ability: Rough Skin|[of] p1a: Garchomp\n|faint|p1a: Garchomp\n|-hitcount|p1: Garchomp|3\n|\n|upkeep\n|\n|t:|1776708636\n|switch|p1a: Alakazam|Alakazam, L50, F|100/100\n|turn|6\n|\n|t:|1776708641\n|switch|p2a: Clefable|Clefable, L50, M|100/100\n|detailschange|p1a: Alakazam|Alakazam-Mega, L50, F\n|-mega|p1a: Alakazam|Alakazam|Alakazite\n|-ability|p1a: Alakazam|Magic Guard|Trace|[from] ability: Trace|[of] p2a: Clefable\n|move|p1a: Alakazam|Psychic|p2a: Clefable\n|-damage|p2a: Clefable|39/100\n|\n|upkeep\n|turn|7\n|\n|t:|1776708648\n|move|p1a: Alakazam|Psychic|p2a: Clefable\n|-damage|p2a: Clefable|0 fnt\n|faint|p2a: Clefable\n|\n|upkeep\n|\n|t:|1776708653\n|switch|p2a: Meowscarada|Meowscarada, L50, F|53/100\n|-damage|p2a: Meowscarada|41/100|[from] Spikes\n|-damage|p2a: Meowscarada|29/100|[from] Stealth Rock\n|turn|8\n|\n|t:|1776708655\n|move|p2a: Meowscarada|U-turn|p1a: Alakazam\n|-start|p2a: Meowscarada|typechange|Bug|[from] ability: Protean\n|-supereffective|p1a: Alakazam|1\n|-damage|p1a: Alakazam|0 fnt\n|faint|p1a: Alakazam\n|\n|win|vgsizzle\n|raw|carpetmuncher45's rating: 1330 &rarr; <strong>1310</strong><br />(-20 for losing)\n|raw|vgsizzle's rating: 1330 &rarr; <strong>1350</strong><br />(+20 for winning)\n|l|\u2606carpetmuncher45\n|player|p1|\n|l|\u2606vgsizzle\n|player|p2|\n",
  "uploadtime": 1776708680,
  "views": 1,
  "formatid": "gen9championsbssregma",
  "rating": 1310,
  "private": 0,
  "password": null
}