{
  "id": "gen9championsbssregma-2581877616",
  "format": "[Gen 9 Champions] BSS Reg M-A",
  "players": [
    "BBWSlayer",
    "nwc254"
  ],
  "log": "|j|\u2606BBWSlayer\n|j|\u2606nwc254\n|t:|1776035994\n|gametype|singles\n|player|p1|BBWSlayer|baker|1113\n|player|p2|nwc254|n|1000\n|gen|9\n|tier|[Gen 9 Champions] BSS Reg M-A\n|rated|\n|rule|Species Clause: Limit one of each Pok\u00e9mon\n|rule|Item Clause: Limit 1 of each item\n|clearpoke\n|poke|p1|Garchomp, L50, M|\n|poke|p1|Aerodactyl, L50, F|\n|poke|p1|Slowking-Galar, L50, F|\n|poke|p1|Infernape, L50, F|\n|poke|p1|Serperior, L50, M|\n|poke|p1|Lucario, L50, M|\n|poke|p2|Charizard, L50, F|\n|poke|p2|Incineroar, L50, M|\n|poke|p2|Torkoal, L50, F|\n|poke|p2|Golurk, L50|\n|poke|p2|Maushold-Four, L50|\n|poke|p2|Oranguru, L50, F|\n|teampreview|3\n|inactive|Battle timer is ON: inactive players will automatically lose when time's up. (requested by BBWSlayer)\n|inactive|BBWSlayer has 60 seconds left.\n|\n|t:|1776036044\n|teamsize|p1|3\n|teamsize|p2|3\n|start\n|switch|p1a: Serperior|Serperior, L50, M|100/100\n|switch|p2a: Charizard|Charizard, L50, F|100/100\n|turn|1\n|\n|t:|1776036056\n|detailschange|p2a: Charizard|Charizard-Mega-Y, L50, F\n|-mega|p2a: Charizard|Charizard|Charizardite Y\n|-weather|SunnyDay|[from] ability: Drought|[of] p2a: Charizard\n|move|p1a: Serperior|Glare|p2a: Charizard\n|-status|p2a: Charizard|par\n|move|p2a: Charizard|Weather Ball|p1a: Serperior\n|-supereffective|p1a: Serperior|1\n|-damage|p1a: Serperior|0 fnt\n|faint|p1a: Serperior\n|\n|-weather|SunnyDay|[upkeep]\n|upkeep\n|\n|t:|1776036066\n|switch|p1a: Aerodactyl|Aerodactyl, L50, F|100/100\n|turn|2\n|\n|t:|1776036078\n|switch|p2a: Golurk|Golurk, L50|100/100\n|detailschange|p1a: Aerodactyl|Aerodactyl-Mega, L50, F\n|-mega|p1a: Aerodactyl|Aerodactyl|Aerodactylite\n|move|p1a: Aerodactyl|Stone Edge|p2a: Golurk\n|-resisted|p2a: Golurk|1\n|-damage|p2a: Golurk|70/100\n|\n|-weather|SunnyDay|[upkeep]\n|upkeep\n|turn|3\n|\n|t:|1776036090\n|move|p1a: Aerodactyl|Dual Wingbeat|p2a: Golurk\n|-damage|p2a: Golurk|39/100\n|-damage|p2a: Golurk|10/100\n|-hitcount|p2a: Golurk|2\n|move|p2a: Golurk|Poltergeist|p1a: Aerodactyl\n|-activate|p1a: Aerodactyl|move: Poltergeist|Aerodactylite\n|-damage|p1a: Aerodactyl|19/100\n|\n|-weather|SunnyDay|[upkeep]\n|upkeep\n|turn|4\n|\n|t:|1776036104\n|move|p1a: Aerodactyl|Dual Wingbeat|p2a: Golurk\n|-damage|p2a: Golurk|0 fnt\n|faint|p2a: Golurk\n|-hitcount|p2: Golurk|1\n|\n|-weather|SunnyDay|[upkeep]\n|upkeep\n|\n|t:|1776036120\n|switch|p2a: Torkoal|Torkoal, L50, F|100/100\n|turn|5\n|\n|t:|1776036127\n|switch|p1a: Garchomp|Garchomp, L50, M|100/100\n|move|p2a: Torkoal|Heat Wave|p1a: Garchomp\n|-resisted|p1a: Garchomp|1\n|-damage|p1a: Garchomp|59/100\n|\n|-weather|none\n|upkeep\n|turn|6\n|\n|t:|1776036137\n|move|p1a: Garchomp|Rock Slide|p2a: Torkoal\n|-supereffective|p2a: Torkoal|1\n|-damage|p2a: Torkoal|61/100\n|move|p2a: Torkoal|Eruption|p1a: Garchomp\n|-resisted|p1a: Garchomp|1\n|-damage|p1a: Garchomp|34/100\n|\n|upkeep\n|turn|7\n|\n|t:|1776036145\n|move|p1a: Garchomp|Rock Slide|p2a: Torkoal\n|-supereffective|p2a: Torkoal|1\n|-damage|p2a: Torkoal|24/100\n|move|p2a: Torkoal|Earth Power|p1a: Garchomp\n|-damage|p1a: Garchomp|6/100\n|\n|upkeep\n|turn|8\n|\n|t:|1776036152\n|move|p1a: Garchomp|Rock Slide|p2a: Torkoal\n|-supereffective|p2a: Torkoal|1\n|-damage|p2a: Torkoal|0 fnt\n|faint|p2a: Torkoal\n|\n|upkeep\n|\n|t:|1776036157\n|switch|p2a: Charizard|Charizard-Mega-Y, L50, F|100/100 par\n|-weather|SunnyDay|[from] ability: Drought|[of] p2a: Charizard\n|turn|9\n|\n|t:|1776036163\n|move|p1a: Garchomp|Rock Slide|p2a: Charizard\n|-supereffective|p2a: Charizard|2\n|-damage|p2a: Charizard|0 fnt\n|faint|p2a: Charizard\n|\n|win|BBWSlayer\n|raw|BBWSlayer's rating: 1113 &rarr; <strong>1130</strong><br />(+17 for winning)\n|raw|nwc254's rating: 1000 &rarr; <strong>1000</strong><br />(+0 for losing)\n|l|\u2606nwc254\n|player|p2|\n",
  "uploadtime": 1776036176,
  "views": 14,
  "formatid": "gen9championsbssregma",
  "rating": 1000,
  "private": 0,
  "password": null
}