{
  "id": "gen9championsbssregma-2580371643",
  "format": "[Gen 9 Champions] BSS Reg M-A",
  "players": [
    "Oshawottpoke",
    "chanmin"
  ],
  "log": "|j|\u2606Oshawottpoke\n|j|\u2606chanmin\n|t:|1775886678\n|gametype|singles\n|player|p1|Oshawottpoke|2|1048\n|player|p2|chanmin|102|1122\n|gen|9\n|tier|[Gen 9 Champions] BSS Reg M-A\n|rated|\n|rule|Species Clause: Limit one of each Pok\u00e9mon\n|rule|Item Clause: Limit 1 of each item\n|clearpoke\n|poke|p1|Kangaskhan, L50, F|\n|poke|p1|Hippowdon, L50, M|\n|poke|p1|Aegislash, L50, F|\n|poke|p1|Glimmora, L50, M|\n|poke|p1|Greninja-*, L50, M|\n|poke|p1|Corviknight, L50, F|\n|poke|p2|Tinkaton, L50, F|\n|poke|p2|Starmie, L50|\n|poke|p2|Mimikyu, L50, F|\n|poke|p2|Corviknight, L50, M|\n|poke|p2|Lopunny, L50, M|\n|poke|p2|Typhlosion-Hisui, L50, F|\n|teampreview|3\n|\n|t:|1775886744\n|teamsize|p1|3\n|teamsize|p2|3\n|start\n|switch|p1a: Kangaskhan|Kangaskhan, L50, F|100/100\n|switch|p2a: Tinkaton|Tinkaton, L50, F|100/100\n|-ability|p2a: Tinkaton|Mold Breaker\n|turn|1\n|c|\u2606chanmin|ggs I win\n|c|\u2606chanmin|easy money\n|\n|t:|1775886759\n|detailschange|p1a: Kangaskhan|Kangaskhan-Mega, L50, F\n|-mega|p1a: Kangaskhan|Kangaskhan|Kangaskhanite\n|move|p1a: Kangaskhan|Fake Out|p2a: Tinkaton\n|-resisted|p2a: Tinkaton|1\n|-damage|p2a: Tinkaton|86/100\n|-resisted|p2a: Tinkaton|1\n|-crit|p2a: Tinkaton\n|-damage|p2a: Tinkaton|81/100\n|-hitcount|p2a: Tinkaton|2\n|cant|p2a: Tinkaton|flinch\n|\n|upkeep\n|turn|2\n|\n|t:|1775886769\n|move|p2a: Tinkaton|Thunder Wave|p1a: Kangaskhan\n|-status|p1a: Kangaskhan|par\n|move|p1a: Kangaskhan|Earthquake|p2a: Tinkaton\n|-supereffective|p2a: Tinkaton|1\n|-damage|p2a: Tinkaton|0 fnt\n|faint|p2a: Tinkaton\n|-hitcount|p2: Tinkaton|1\n|\n|upkeep\n|\n|t:|1775886781\n|switch|p2a: Starmie|Starmie, L50|100/100\n|turn|3\n|\n|t:|1775886789\n|switch|p1a: Corviknight|Corviknight, L50, F|100/100\n|-ability|p1a: Corviknight|Pressure\n|detailschange|p2a: Starmie|Starmie-Mega, L50\n|-mega|p2a: Starmie|Starmie|Starminite\n|move|p2a: Starmie|Rapid Spin|p1a: Corviknight\n|-resisted|p1a: Corviknight|1\n|-damage|p1a: Corviknight|91/100\n|-boost|p2a: Starmie|spe|1\n|\n|-heal|p1a: Corviknight|97/100|[from] item: Leftovers\n|upkeep\n|turn|4\n|\n|t:|1775886803\n|move|p2a: Starmie|Liquidation|p1a: Corviknight\n|-damage|p1a: Corviknight|47/100\n|move|p1a: Corviknight|Iron Defense|p1a: Corviknight\n|-boost|p1a: Corviknight|def|2\n|\n|-heal|p1a: Corviknight|53/100|[from] item: Leftovers\n|upkeep\n|turn|5\n|\n|t:|1775886812\n|switch|p2a: Typhlosion|Typhlosion-Hisui, L50, F|100/100\n|-item|p1a: Corviknight|Leftovers|[from] ability: Frisk|[of] p2a: Typhlosion\n|move|p1a: Corviknight|Roost|p1a: Corviknight\n|-heal|p1a: Corviknight|100/100\n|-singleturn|p1a: Corviknight|move: Roost\n|\n|upkeep\n|turn|6\n|\n|t:|1775886823\n|switch|p1a: Kangaskhan|Kangaskhan-Mega, L50, F|100/100 par\n|move|p2a: Typhlosion|Eruption|p1a: Kangaskhan\n|-damage|p1a: Kangaskhan|36/100 par\n|\n|upkeep\n|turn|7\n|\n|t:|1775886830\n|switch|p2a: Starmie|Starmie-Mega, L50|100/100\n|move|p1a: Kangaskhan|Sucker Punch||[still]\n|-fail|p1a: Kangaskhan\n|\n|upkeep\n|turn|8\n|\n|t:|1775886843\n|switch|p1a: Corviknight|Corviknight, L50, F|100/100\n|-ability|p1a: Corviknight|Pressure\n|move|p2a: Starmie|Liquidation|p1a: Corviknight\n|-damage|p1a: Corviknight|46/100\n|-unboost|p1a: Corviknight|def|1\n|\n|-heal|p1a: Corviknight|52/100|[from] item: Leftovers\n|upkeep\n|turn|9\n|\n|t:|1775886858\n|move|p2a: Starmie|Liquidation|p1a: Corviknight\n|-damage|p1a: Corviknight|0 fnt\n|faint|p1a: Corviknight\n|\n|upkeep\n|\n|t:|1775886861\n|switch|p1a: Greninja|Greninja, L50, M|100/100\n|turn|10\n|c|\u2606chanmin|fuck typhlosion sucks ass\n|c|\u2606chanmin|damn kt\n|c|\u2606Oshawottpoke|\uace0\ub9d9\ub2e4 \ucc2c\ubbfc\uc544\n|\n|t:|1775886915\n|move|p1a: Greninja|Dark Pulse|p2a: Starmie\n|-start|p1a: Greninja|typechange|Dark|[from] ability: Protean\n|-supereffective|p2a: Starmie|1\n|-damage|p2a: Starmie|10/100\n|move|p2a: Starmie|Liquidation|p1a: Greninja\n|-damage|p1a: Greninja|0 fnt\n|faint|p1a: Greninja\n|\n|upkeep\n|\n|t:|1775886923\n|switch|p1a: Kangaskhan|Kangaskhan-Mega, L50, F|36/100 par\n|turn|11\n|\n|t:|1775886930\n|switch|p2a: Typhlosion|Typhlosion-Hisui, L50, F|100/100\n|-item|p1a: Kangaskhan|Kangaskhanite|[from] ability: Frisk|[of] p2a: Typhlosion\n|move|p1a: Kangaskhan|Sucker Punch||[still]\n|-fail|p1a: Kangaskhan\n|\n|upkeep\n|turn|12\n|c|\u2606chanmin|\ub204\uad6c\uc138\uc5fc\n|\n|t:|1775886976\n|switch|p2a: Starmie|Starmie-Mega, L50|10/100\n|move|p1a: Kangaskhan|Sucker Punch||[still]\n|-fail|p1a: Kangaskhan\n|\n|upkeep\n|turn|13\n|c|\u2606chanmin|\uae30\uc2b5 \uc2ec\ub9ac\uc804 \uc2eb\uc740\ub370;;;\n|\n|t:|1775887007\n|cant|p1a: Kangaskhan|par\n|move|p2a: Starmie|Liquidation|p1a: Kangaskhan\n|-damage|p1a: Kangaskhan|0 fnt\n|faint|p1a: Kangaskhan\n|\n|win|chanmin\n",
  "uploadtime": 1775886882,
  "views": 83,
  "formatid": "gen9championsbssregma",
  "rating": null,
  "private": 0,
  "password": null
}