{
  "id": "gen9championsbssregma-2588829550",
  "format": "[Gen 9 Champions] BSS Reg M-A",
  "players": [
    "Sfirr007",
    "mirrza"
  ],
  "log": "|j|\u2606Sfirr007\n|j|\u2606mirrza\n|t:|1776675981\n|gametype|singles\n|player|p1|Sfirr007|firebreather|1000\n|player|p2|mirrza|saturn|1027\n|gen|9\n|tier|[Gen 9 Champions] BSS Reg M-A\n|rated|\n|rule|Species Clause: Limit one of each Pok\u00e9mon\n|rule|Item Clause: Limit 1 of each item\n|clearpoke\n|poke|p1|Mimikyu, L50, M|\n|poke|p1|Sneasler, L50, F|\n|poke|p1|Rotom-Wash, L50|\n|poke|p1|Meowscarada, L50, F|\n|poke|p1|Starmie, L50|\n|poke|p1|Corviknight, L50, M|\n|poke|p2|Maushold-Four, L50|\n|poke|p2|Quaquaval, L50, F|\n|poke|p2|Glimmora, L50, F|\n|poke|p2|Meowscarada, L50, F|\n|poke|p2|Dragonite, L50, F|\n|poke|p2|Incineroar, L50, F|\n|teampreview|3\n|inactive|Battle timer is ON: inactive players will automatically lose when time's up. (requested by mirrza)\n|inactive|mirrza has 60 seconds left.\n|inactive|Sfirr007 has 60 seconds left.\n|\n|t:|1776676020\n|teamsize|p1|3\n|teamsize|p2|3\n|start\n|switch|p1a: Meowscarada|Meowscarada, L50, F|100/100\n|switch|p2a: Meowscarada|Meowscarada, L50, F|100/100\n|turn|1\n|\n|t:|1776676026\n|move|p2a: Meowscarada|U-turn|p1a: Meowscarada\n|-start|p2a: Meowscarada|typechange|Bug|[from] ability: Protean\n|-supereffective|p1a: Meowscarada|2\n|-enditem|p1a: Meowscarada|Focus Sash\n|-damage|p1a: Meowscarada|1/100\n|\n|t:|1776676031\n|switch|p2a: Incineroar|Incineroar, L50, F|100/100|[from] U-turn\n|-ability|p2a: Incineroar|Intimidate|boost\n|-unboost|p1a: Meowscarada|atk|1\n|move|p1a: Meowscarada|U-turn|p2a: Incineroar\n|-start|p1a: Meowscarada|typechange|Bug|[from] ability: Protean\n|-damage|p2a: Incineroar|77/100\n|\n|t:|1776676036\n|switch|p1a: Mimikyu|Mimikyu, L50, M|100/100|[from] U-turn\n|\n|upkeep\n|turn|2\n|\n|t:|1776676043\n|move|p1a: Mimikyu|Swords Dance|p1a: Mimikyu\n|-boost|p1a: Mimikyu|atk|2\n|move|p2a: Incineroar|Parting Shot|p1a: Mimikyu\n|-unboost|p1a: Mimikyu|atk|1\n|-unboost|p1a: Mimikyu|spa|1\n|\n|t:|1776676049\n|switch|p2a: Maushold|Maushold-Four, L50|100/100|[from] Parting Shot\n|\n|upkeep\n|turn|3\n|\n|t:|1776676056\n|move|p2a: Maushold|Encore|p1a: Mimikyu\n|-start|p1a: Mimikyu|Encore\n|move|p1a: Mimikyu|Swords Dance|p1a: Mimikyu\n|-boost|p1a: Mimikyu|atk|2\n|\n|upkeep\n|turn|4\n|\n|t:|1776676062\n|switch|p1a: Corviknight|Corviknight, L50, M|100/100\n|-ability|p1a: Corviknight|Pressure\n|move|p2a: Maushold|Tidy Up|p2a: Maushold\n|-boost|p2a: Maushold|atk|1\n|-boost|p2a: Maushold|spe|1\n|\n|upkeep\n|turn|5\n|\n|t:|1776676071\n|move|p2a: Maushold|Bite|p1a: Corviknight\n|-damage|p1a: Corviknight|81/100\n|cant|p1a: Corviknight|flinch\n|\n|-heal|p1a: Corviknight|87/100|[from] item: Leftovers\n|upkeep\n|turn|6\n|\n|t:|1776676078\n|move|p2a: Maushold|Population Bomb|p1a: Corviknight\n|-resisted|p1a: Corviknight|1\n|-damage|p1a: Corviknight|83/100\n|-hitcount|p1a: Corviknight|1\n|move|p1a: Corviknight|Body Press|p2a: Maushold\n|-supereffective|p2a: Maushold|1\n|-damage|p2a: Maushold|18/100\n|\n|-heal|p1a: Corviknight|89/100|[from] item: Leftovers\n|upkeep\n|turn|7\n|inactive|mirrza has 30 seconds left.\n|\n|t:|1776676106\n|move|p2a: Maushold|Bite|p1a: Corviknight\n|-damage|p1a: Corviknight|67/100\n|cant|p1a: Corviknight|flinch\n|\n|-heal|p1a: Corviknight|73/100|[from] item: Leftovers\n|upkeep\n|turn|8\n|\n|t:|1776676113\n|move|p2a: Maushold|Population Bomb|p1a: Corviknight\n|-resisted|p1a: Corviknight|1\n|-damage|p1a: Corviknight|68/100\n|-resisted|p1a: Corviknight|1\n|-damage|p1a: Corviknight|63/100\n|-resisted|p1a: Corviknight|1\n|-crit|p1a: Corviknight\n|-damage|p1a: Corviknight|55/100\n|-resisted|p1a: Corviknight|1\n|-damage|p1a: Corviknight|50/100\n|-resisted|p1a: Corviknight|1\n|-damage|p1a: Corviknight|45/100\n|-resisted|p1a: Corviknight|1\n|-damage|p1a: Corviknight|40/100\n|-resisted|p1a: Corviknight|1\n|-damage|p1a: Corviknight|35/100\n|-resisted|p1a: Corviknight|1\n|-damage|p1a: Corviknight|30/100\n|-resisted|p1a: Corviknight|1\n|-damage|p1a: Corviknight|25/100\n|-resisted|p1a: Corviknight|1\n|-damage|p1a: Corviknight|20/100\n|-hitcount|p1a: Corviknight|10\n|cant|p1a: Corviknight|flinch\n|\n|-heal|p1a: Corviknight|26/100|[from] item: Leftovers\n|upkeep\n|turn|9\n|\n|t:|1776676134\n|move|p2a: Maushold|Population Bomb|p1a: Corviknight\n|-resisted|p1a: Corviknight|1\n|-damage|p1a: Corviknight|20/100\n|-resisted|p1a: Corviknight|1\n|-damage|p1a: Corviknight|15/100\n|-resisted|p1a: Corviknight|1\n|-damage|p1a: Corviknight|11/100\n|-resisted|p1a: Corviknight|1\n|-damage|p1a: Corviknight|5/100\n|-resisted|p1a: Corviknight|1\n|-damage|p1a: Corviknight|0 fnt\n|faint|p1a: Corviknight\n|-hitcount|p1: Corviknight|5\n|\n|upkeep\n|\n|t:|1776676139\n|switch|p1a: Mimikyu|Mimikyu, L50, M|100/100\n|turn|10\n|\n|t:|1776676148\n|move|p2a: Maushold|Bite|p1a: Mimikyu\n|-activate|p1a: Mimikyu|ability: Disguise\n|-damage|p1a: Mimikyu|100/100\n|detailschange|p1a: Mimikyu|Mimikyu-Busted, L50, M\n|-damage|p1a: Mimikyu|88/100|[from] pokemon: Mimikyu-Busted\n|move|p1a: Mimikyu|Play Rough|p2a: Maushold|[miss]\n|-miss|p1a: Mimikyu|p2a: Maushold\n|\n|upkeep\n|turn|11\n|\n|t:|1776676157\n|move|p2a: Maushold|Bite|p1a: Mimikyu\n|-damage|p1a: Mimikyu|31/100\n|cant|p1a: Mimikyu|flinch\n|\n|upkeep\n|turn|12\n|-message|Sfirr007 forfeited.\n|\n|win|mirrza\n|raw|Sfirr007's rating: 1000 &rarr; <strong>1000</strong><br />(+0 for losing)\n|raw|mirrza's rating: 1027 &rarr; <strong>1060</strong><br />(+33 for winning)\n|l|\u2606Sfirr007\n|player|p1|\n",
  "uploadtime": 1776676176,
  "views": 0,
  "formatid": "gen9championsbssregma",
  "rating": 1000,
  "private": 0,
  "password": null
}