{
  "id": "gen9championsbssregma-2588172763",
  "format": "[Gen 9 Champions] BSS Reg M-A",
  "players": [
    "el_dakka",
    "tung0616"
  ],
  "log": "|j|\u2606el_dakka\n|j|\u2606tung0616\n|t:|1776611374\n|gametype|singles\n|player|p1|el_dakka|hilda|1081\n|player|p2|tung0616|170|1179\n|gen|9\n|tier|[Gen 9 Champions] BSS Reg M-A\n|rated|\n|rule|Species Clause: Limit one of each Pok\u00e9mon\n|rule|Item Clause: Limit 1 of each item\n|clearpoke\n|poke|p1|Emboar, L50, M|\n|poke|p1|Gengar, L50, F|\n|poke|p1|Corviknight, L50, F|\n|poke|p1|Garchomp, L50, M|\n|poke|p1|Azumarill, L50, M|\n|poke|p1|Meganium, L50, M|\n|poke|p2|Tyranitar, L50, M|\n|poke|p2|Glimmora, L50, F|\n|poke|p2|Sinistcha-Masterpiece, L50|\n|poke|p2|Chesnaught, L50, M|\n|poke|p2|Incineroar, L50, F|\n|poke|p2|Scizor, L50, F|\n|teampreview|3\n|\n|t:|1776611401\n|teamsize|p1|3\n|teamsize|p2|3\n|start\n|switch|p1a: Garchomp|Garchomp, L50, M|100/100\n|switch|p2a: \u5feb\u6a02\u864e|Incineroar, L50, F|100/100\n|-ability|p2a: \u5feb\u6a02\u864e|Intimidate|boost\n|-unboost|p1a: Garchomp|atk|1\n|turn|1\n|\n|t:|1776611415\n|move|p1a: Garchomp|Stealth Rock|p2a: \u5feb\u6a02\u864e\n|-sidestart|p2: tung0616|move: Stealth Rock\n|move|p2a: \u5feb\u6a02\u864e|Parting Shot|p1a: Garchomp\n|-unboost|p1a: Garchomp|atk|1\n|-unboost|p1a: Garchomp|spa|1\n|\n|t:|1776611420\n|switch|p2a: \u5feb\u6a02\u8336|Sinistcha-Masterpiece, L50|100/100|[from] Parting Shot\n|-damage|p2a: \u5feb\u6a02\u8336|88/100|[from] Stealth Rock\n|\n|-heal|p2a: \u5feb\u6a02\u8336|94/100|[from] item: Leftovers\n|upkeep\n|turn|2\n|\n|t:|1776611429\n|move|p2a: \u5feb\u6a02\u8336|Calm Mind|p2a: \u5feb\u6a02\u8336\n|-boost|p2a: \u5feb\u6a02\u8336|spa|1\n|-boost|p2a: \u5feb\u6a02\u8336|spd|1\n|move|p1a: Garchomp|Dragon Tail|p2a: \u5feb\u6a02\u8336\n|-damage|p2a: \u5feb\u6a02\u8336|84/100\n|drag|p2a: \u5feb\u6a02\u9257|Scizor, L50, F|100/100\n|-damage|p2a: \u5feb\u6a02\u9257|88/100|[from] Stealth Rock\n|\n|upkeep\n|turn|3\n|\n|t:|1776611438\n|switch|p1a: Emboar|Emboar, L50, M|100/100\n|detailschange|p2a: \u5feb\u6a02\u9257|Scizor-Mega, L50, F\n|-mega|p2a: \u5feb\u6a02\u9257|Scizor|Scizorite\n|move|p2a: \u5feb\u6a02\u9257|Bullet Punch|p1a: Emboar\n|-resisted|p1a: Emboar|1\n|-damage|p1a: Emboar|77/100\n|\n|upkeep\n|turn|4\n|\n|t:|1776611449\n|detailschange|p1a: Emboar|Emboar-Mega, L50, M\n|-mega|p1a: Emboar|Emboar|Emboarite\n|-ability|p1a: Emboar|Mold Breaker\n|move|p2a: \u5feb\u6a02\u9257|U-turn|p1a: Emboar\n|-resisted|p1a: Emboar|2\n|-damage|p1a: Emboar|66/100\n|\n|t:|1776611455\n|switch|p2a: \u5feb\u6a02\u864e|Incineroar, L50, F|100/100|[from] U-turn\n|-damage|p2a: \u5feb\u6a02\u864e|76/100|[from] Stealth Rock\n|-ability|p2a: \u5feb\u6a02\u864e|Intimidate|boost\n|-unboost|p1a: Emboar|atk|1\n|move|p1a: Emboar|Flare Blitz|p2a: \u5feb\u6a02\u864e\n|-resisted|p2a: \u5feb\u6a02\u864e|1\n|-damage|p2a: \u5feb\u6a02\u864e|57/100\n|-damage|p1a: Emboar|60/100|[from] Recoil\n|\n|upkeep\n|turn|5\n|\n|t:|1776611467\n|switch|p1a: Garchomp|Garchomp, L50, M|100/100\n|move|p2a: \u5feb\u6a02\u864e|Fake Out|p1a: Garchomp\n|-damage|p1a: Garchomp|92/100\n|-damage|p2a: \u5feb\u6a02\u864e|45/100|[from] ability: Rough Skin|[of] p1a: Garchomp\n|-enditem|p2a: \u5feb\u6a02\u864e|Sitrus Berry|[eat]\n|-heal|p2a: \u5feb\u6a02\u864e|69/100|[from] item: Sitrus Berry\n|\n|upkeep\n|turn|6\n|\n|t:|1776611519\n|move|p1a: Garchomp|Scorching Sands|p2a: \u5feb\u6a02\u864e\n|-supereffective|p2a: \u5feb\u6a02\u864e|1\n|-damage|p2a: \u5feb\u6a02\u864e|28/100\n|move|p2a: \u5feb\u6a02\u864e|Will-O-Wisp|p1a: Garchomp\n|-status|p1a: Garchomp|brn\n|\n|-damage|p1a: Garchomp|86/100 brn|[from] brn\n|upkeep\n|turn|7\n|\n|t:|1776611548\n|switch|p2a: \u5feb\u6a02\u8336|Sinistcha-Masterpiece, L50|84/100\n|-damage|p2a: \u5feb\u6a02\u8336|71/100|[from] Stealth Rock\n|move|p1a: Garchomp|Scorching Sands|p2a: \u5feb\u6a02\u8336\n|-resisted|p2a: \u5feb\u6a02\u8336|1\n|-damage|p2a: \u5feb\u6a02\u8336|56/100\n|\n|-heal|p2a: \u5feb\u6a02\u8336|62/100|[from] item: Leftovers\n|-damage|p1a: Garchomp|80/100 brn|[from] brn\n|upkeep\n|turn|8\n|\n|t:|1776611602\n|move|p1a: Garchomp|Flamethrower|p2a: \u5feb\u6a02\u8336\n|-supereffective|p2a: \u5feb\u6a02\u8336|1\n|-damage|p2a: \u5feb\u6a02\u8336|33/100\n|move|p2a: \u5feb\u6a02\u8336|Strength Sap|p1a: Garchomp\n|-unboost|p1a: Garchomp|atk|1\n|-heal|p2a: \u5feb\u6a02\u8336|100/100\n|\n|-damage|p1a: Garchomp|74/100 brn|[from] brn\n|upkeep\n|turn|9\n|inactive|Battle timer is ON: inactive players will automatically lose when time's up. (requested by tung0616)\n|inactive|el_dakka has 60 seconds left.\n|inactive|el_dakka has 30 seconds left.\n|inactive|el_dakka has 20 seconds left.\n|inactive|el_dakka has 15 seconds left.\n|inactive|el_dakka has 10 seconds left.\n|inactive|el_dakka has 5 seconds left.\n|\n|t:|1776611906\n|move|p1a: Garchomp|Stealth Rock||[still]\n|-fail|p1a: Garchomp\n|move|p2a: \u5feb\u6a02\u8336|Calm Mind|p2a: \u5feb\u6a02\u8336\n|-boost|p2a: \u5feb\u6a02\u8336|spa|1\n|-boost|p2a: \u5feb\u6a02\u8336|spd|1\n|\n|-damage|p1a: Garchomp|67/100 brn|[from] brn\n|upkeep\n|turn|10\n|l|\u2606el_dakka\n|inactive|el_dakka disconnected and has a minute to reconnect!\n|player|p1|\n|inactive|tung0616 has 30 seconds left.\n|inactive|tung0616 has 20 seconds left.\n|j|\u2606el_dakka\n|inactive|el_dakka reconnected.\n|player|p1|el_dakka|hilda|\n|inactive|tung0616 has 15 seconds left.\n|inactive|tung0616 has 10 seconds left.\n|inactive|tung0616 has 5 seconds left.\n|\n|t:|1776611961\n|move|p2a: \u5feb\u6a02\u8336|Protect|p2a: \u5feb\u6a02\u8336\n|-singleturn|p2a: \u5feb\u6a02\u8336|Protect\n|move|p1a: Garchomp|Flamethrower|p2a: \u5feb\u6a02\u8336\n|-activate|p2a: \u5feb\u6a02\u8336|move: Protect\n|\n|-damage|p1a: Garchomp|61/100 brn|[from] brn\n|upkeep\n|turn|11\n|inactive|tung0616 has 30 seconds left.\n|inactive|tung0616 has 20 seconds left.\n|inactive|tung0616 has 15 seconds left.\n|inactive|tung0616 has 10 seconds left.\n|inactive|tung0616 has 5 seconds left.\n|\n|t:|1776612016\n|move|p2a: \u5feb\u6a02\u8336|Protect|p2a: \u5feb\u6a02\u8336\n|-singleturn|p2a: \u5feb\u6a02\u8336|Protect\n|move|p1a: Garchomp|Dragon Tail|p2a: \u5feb\u6a02\u8336\n|-activate|p2a: \u5feb\u6a02\u8336|move: Protect\n|\n|-damage|p1a: Garchomp|55/100 brn|[from] brn\n|upkeep\n|turn|12\n|inactive|tung0616 has 30 seconds left.\n|inactive|tung0616 has 20 seconds left.\n|inactive|tung0616 has 15 seconds left.\n|inactive|tung0616 has 10 seconds left.\n|inactive|tung0616 has 5 seconds left.\n|\n|t:|1776612071\n|move|p2a: \u5feb\u6a02\u8336|Protect||[still]\n|-fail|p2a: \u5feb\u6a02\u8336\n|move|p1a: Garchomp|Dragon Tail|p2a: \u5feb\u6a02\u8336\n|-damage|p2a: \u5feb\u6a02\u8336|93/100\n|drag|p2a: \u5feb\u6a02\u9257|Scizor-Mega, L50, F|88/100\n|-damage|p2a: \u5feb\u6a02\u9257|76/100|[from] Stealth Rock\n|\n|-damage|p1a: Garchomp|49/100 brn|[from] brn\n|upkeep\n|turn|13\n|inactive|tung0616 has 30 seconds left.\n|inactive|tung0616 has 20 seconds left.\n|inactive|tung0616 has 15 seconds left.\n|inactive|tung0616 has 10 seconds left.\n|inactive|tung0616 has 5 seconds left.\n|\n|t:|1776612126\n|move|p2a: \u5feb\u6a02\u9257|Protect|p2a: \u5feb\u6a02\u9257\n|-singleturn|p2a: \u5feb\u6a02\u9257|Protect\n|move|p1a: Garchomp|Flamethrower|p2a: \u5feb\u6a02\u9257\n|-activate|p2a: \u5feb\u6a02\u9257|move: Protect\n|\n|-damage|p1a: Garchomp|43/100 brn|[from] brn\n|upkeep\n|turn|14\n|c|\u2606el_dakka|Just die omg\n|inactive|tung0616 has 30 seconds left.\n|inactive|tung0616 has 20 seconds left.\n|inactive|tung0616 has 15 seconds left.\n|inactive|tung0616 has 10 seconds left.\n|inactive|tung0616 has 5 seconds left.\n|\n|t:|1776612181\n|move|p2a: \u5feb\u6a02\u9257|Protect||[still]\n|-fail|p2a: \u5feb\u6a02\u9257\n|move|p1a: Garchomp|Flamethrower|p2a: \u5feb\u6a02\u9257\n|-supereffective|p2a: \u5feb\u6a02\u9257|2\n|-damage|p2a: \u5feb\u6a02\u9257|0 fnt\n|faint|p2a: \u5feb\u6a02\u9257\n|\n|-damage|p1a: Garchomp|37/100 brn|[from] brn\n|upkeep\n|\n|t:|1776612191\n|switch|p2a: \u5feb\u6a02\u8336|Sinistcha-Masterpiece, L50|93/100\n|-damage|p2a: \u5feb\u6a02\u8336|81/100|[from] Stealth Rock\n|turn|15\n|\n|t:|1776612196\n|move|p1a: Garchomp|Flamethrower|p2a: \u5feb\u6a02\u8336\n|-supereffective|p2a: \u5feb\u6a02\u8336|1\n|-damage|p2a: \u5feb\u6a02\u8336|55/100\n|move|p2a: \u5feb\u6a02\u8336|Calm Mind|p2a: \u5feb\u6a02\u8336\n|-boost|p2a: \u5feb\u6a02\u8336|spa|1\n|-boost|p2a: \u5feb\u6a02\u8336|spd|1\n|\n|-heal|p2a: \u5feb\u6a02\u8336|61/100|[from] item: Leftovers\n|-damage|p1a: Garchomp|31/100 brn|[from] brn\n|upkeep\n|turn|16\n|c|\u2606tung0616|Bruh where u go\n|\n|t:|1776612210\n|move|p2a: \u5feb\u6a02\u8336|Strength Sap|p1a: Garchomp\n|-unboost|p1a: Garchomp|atk|1\n|-heal|p2a: \u5feb\u6a02\u8336|100/100\n|move|p1a: Garchomp|Dragon Tail|p2a: \u5feb\u6a02\u8336\n|-damage|p2a: \u5feb\u6a02\u8336|95/100\n|drag|p2a: \u5feb\u6a02\u864e|Incineroar, L50, F|28/100\n|-damage|p2a: \u5feb\u6a02\u864e|3/100|[from] Stealth Rock\n|-ability|p2a: \u5feb\u6a02\u864e|Intimidate|boost\n|-unboost|p1a: Garchomp|atk|1\n|\n|-damage|p1a: Garchomp|25/100 brn|[from] brn\n|upkeep\n|turn|17\n|inactive|el_dakka has 30 seconds left.\n|c|\u2606tung0616|Y my stuff all dying\n|c|\u2606tung0616|bruh\n|l|\u2606el_dakka\n|inactive|el_dakka disconnected and has a minute to reconnect!\n|player|p1|\n|inactive|el_dakka has 20 seconds left.\n|inactive|el_dakka has 15 seconds left.\n|inactive|el_dakka has 10 seconds left.\n|inactive|el_dakka has 5 seconds left.\n|-message|el_dakka lost due to inactivity.\n|\n|win|tung0616\n",
  "uploadtime": 1776612144,
  "views": 2,
  "formatid": "gen9championsbssregma",
  "rating": null,
  "private": 0,
  "password": null
}