{
  "id": "gen9championsbssregma-2586905855",
  "format": "[Gen 9 Champions] BSS Reg M-A",
  "players": [
    "Outofcure",
    "Cmart513"
  ],
  "log": "|j|\u2606Outofcure\n|j|\u2606Cmart513\n|t:|1776470492\n|gametype|singles\n|player|p1|Outofcure|bruno-gen3|1239\n|player|p2|Cmart513|101|1229\n|gen|9\n|tier|[Gen 9 Champions] BSS Reg M-A\n|rated|\n|rule|Species Clause: Limit one of each Pok\u00e9mon\n|rule|Item Clause: Limit 1 of each item\n|clearpoke\n|poke|p1|Garchomp, L50, M|\n|poke|p1|Chesnaught, L50, M|\n|poke|p1|Tyranitar, L50, F|\n|poke|p1|Rotom-Wash, L50|\n|poke|p1|Ceruledge, L50, F|\n|poke|p1|Glimmora, L50, F|\n|poke|p2|Kingambit, L50, F|\n|poke|p2|Milotic, L50, F|\n|poke|p2|Excadrill, L50, M|\n|poke|p2|Rotom-Wash, L50|\n|poke|p2|Talonflame, L50, F|\n|poke|p2|Dragonite, L50, F|\n|teampreview|3\n|\n|t:|1776470533\n|teamsize|p1|3\n|teamsize|p2|3\n|start\n|switch|p1a: Rotom|Rotom-Wash, L50|100/100\n|switch|p2a: Talonflame|Talonflame, L50, F, shiny|100/100\n|turn|1\n|\n|t:|1776470552\n|move|p2a: Talonflame|Will-O-Wisp|p1a: Rotom\n|-status|p1a: Rotom|brn\n|move|p1a: Rotom|Hydro Pump|p2a: Talonflame\n|-supereffective|p2a: Talonflame|1\n|-enditem|p2a: Talonflame|Focus Sash\n|-damage|p2a: Talonflame|1/100\n|\n|-damage|p1a: Rotom|95/100 brn|[from] brn\n|upkeep\n|turn|2\n|\n|t:|1776470567\n|move|p2a: Talonflame|Flare Blitz|p1a: Rotom\n|-resisted|p1a: Rotom|1\n|-damage|p1a: Rotom|70/100 brn\n|-damage|p2a: Talonflame|0 fnt|[from] Recoil\n|faint|p2a: Talonflame\n|move|p1a: Rotom|Discharge|p2: Talonflame|[notarget]\n|-fail|p1a: Rotom\n|\n|-damage|p1a: Rotom|64/100 brn|[from] brn\n|upkeep\n|\n|t:|1776470578\n|switch|p2a: Kingambit|Kingambit, L50, F, shiny|100/100\n|-activate|p2a: Kingambit|ability: Supreme Overlord\n|-start|p2a: Kingambit|fallen1|[silent]\n|turn|3\n|\n|t:|1776470584\n|move|p1a: Rotom|Will-O-Wisp|p2a: Kingambit\n|-status|p2a: Kingambit|brn\n|move|p2a: Kingambit|Swords Dance|p2a: Kingambit\n|-boost|p2a: Kingambit|atk|2\n|\n|-damage|p1a: Rotom|59/100 brn|[from] brn\n|-damage|p2a: Kingambit|95/100 brn|[from] brn\n|upkeep\n|turn|4\n|\n|t:|1776470593\n|switch|p1a: Garchomp|Garchomp, L50, M|100/100\n|move|p2a: Kingambit|Kowtow Cleave|p1a: Garchomp\n|-damage|p1a: Garchomp|31/100\n|-damage|p2a: Kingambit|83/100 brn|[from] ability: Rough Skin|[of] p1a: Garchomp\n|\n|-damage|p2a: Kingambit|77/100 brn|[from] brn\n|upkeep\n|turn|5\n|\n|t:|1776470602\n|move|p2a: Kingambit|Sucker Punch||[still]\n|-fail|p2a: Kingambit\n|move|p1a: Garchomp|Swords Dance|p1a: Garchomp\n|-boost|p1a: Garchomp|atk|2\n|\n|-damage|p2a: Kingambit|71/100 brn|[from] brn\n|upkeep\n|turn|6\n|\n|t:|1776470608\n|move|p2a: Kingambit|Sucker Punch|p1a: Garchomp\n|-damage|p1a: Garchomp|0 fnt\n|-damage|p2a: Kingambit|59/100 brn|[from] ability: Rough Skin|[of] p1a: Garchomp\n|faint|p1a: Garchomp\n|\n|-damage|p2a: Kingambit|53/100 brn|[from] brn\n|upkeep\n|j| p74\n|\n|t:|1776470614\n|switch|p1a: Tyranitar|Tyranitar, L50, F|100/100\n|-weather|Sandstorm|[from] ability: Sand Stream|[of] p1a: Tyranitar\n|turn|7\n|\n|t:|1776470619\n|detailschange|p1a: Tyranitar|Tyranitar-Mega, L50, F\n|-mega|p1a: Tyranitar|Tyranitar|Tyranitarite\n|move|p1a: Tyranitar|Earthquake|p2a: Kingambit\n|-supereffective|p2a: Kingambit|1\n|-damage|p2a: Kingambit|0 fnt\n|faint|p2a: Kingambit\n|-end|p2a: Kingambit|fallen1|[silent]\n|\n|-weather|Sandstorm|[upkeep]\n|upkeep\n|\n|t:|1776470627\n|switch|p2a: Milotic|Milotic, L50, F|100/100\n|turn|8\n|\n|t:|1776470631\n|switch|p1a: Rotom|Rotom-Wash, L50|59/100 brn\n|move|p2a: Milotic|Scald|p1a: Rotom\n|-resisted|p1a: Rotom|1\n|-damage|p1a: Rotom|38/100 brn\n|\n|-weather|Sandstorm|[upkeep]\n|-damage|p1a: Rotom|33/100 brn|[from] Sandstorm\n|-damage|p2a: Milotic|95/100|[from] Sandstorm\n|-damage|p1a: Rotom|27/100 brn|[from] brn\n|upkeep\n|turn|9\n|\n|t:|1776470644\n|move|p1a: Rotom|Discharge|p2a: Milotic\n|-supereffective|p2a: Milotic|1\n|-damage|p2a: Milotic|50/100\n|-enditem|p2a: Milotic|Sitrus Berry|[eat]\n|-heal|p2a: Milotic|75/100|[from] item: Sitrus Berry\n|move|p2a: Milotic|Scald|p1a: Rotom\n|-resisted|p1a: Rotom|1\n|-damage|p1a: Rotom|11/100 brn\n|\n|-weather|Sandstorm|[upkeep]\n|-damage|p1a: Rotom|5/100 brn|[from] Sandstorm\n|-damage|p2a: Milotic|69/100|[from] Sandstorm\n|-damage|p1a: Rotom|0 fnt|[from] brn\n|faint|p1a: Rotom\n|upkeep\n|\n|t:|1776470649\n|switch|p1a: Tyranitar|Tyranitar-Mega, L50, F|100/100\n|turn|10\n|\n|t:|1776470658\n|move|p1a: Tyranitar|Dragon Dance|p1a: Tyranitar\n|-boost|p1a: Tyranitar|atk|1\n|-boost|p1a: Tyranitar|spe|1\n|move|p2a: Milotic|Recover|p2a: Milotic\n|-heal|p2a: Milotic|100/100\n|\n|-weather|Sandstorm|[upkeep]\n|-damage|p2a: Milotic|95/100|[from] Sandstorm\n|upkeep\n|turn|11\n|\n|t:|1776470666\n|move|p1a: Tyranitar|Stone Edge|p2a: Milotic\n|-damage|p2a: Milotic|0 fnt\n|faint|p2a: Milotic\n|\n|win|Outofcure\n|raw|Outofcure's rating: 1239 &rarr; <strong>1263</strong><br />(+24 for winning)\n|raw|Cmart513's rating: 1229 &rarr; <strong>1205</strong><br />(-24 for losing)\n|c|\u2606Cmart513|damn\n|c|\u2606Cmart513|gg\n|l|\u2606Cmart513\n|player|p2|\n",
  "uploadtime": 1776471205,
  "views": 2,
  "formatid": "gen9championsbssregma",
  "rating": 1205,
  "private": 0,
  "password": null
}