{
  "id": "gen9championsbssregma-2582274517",
  "format": "[Gen 9 Champions] BSS Reg M-A",
  "players": [
    "Iron0417",
    "388737dgtgt"
  ],
  "log": "|j|\u2606Iron0417\n|j|\u2606388737dgtgt\n|t:|1776078717\n|gametype|singles\n|player|p1|Iron0417|red|1155\n|player|p2|388737dgtgt|1|1126\n|gen|9\n|tier|[Gen 9 Champions] BSS Reg M-A\n|rated|\n|rule|Species Clause: Limit one of each Pok\u00e9mon\n|rule|Item Clause: Limit 1 of each item\n|clearpoke\n|poke|p1|Greninja-*, L50, M|\n|poke|p1|Charizard, L50, M|\n|poke|p1|Corviknight, L50, M|\n|poke|p1|Primarina, L50, M|\n|poke|p1|Aegislash, L50, M|\n|poke|p1|Garchomp, L50, M|\n|poke|p2|Lucario, L50, F|\n|poke|p2|Conkeldurr, L50, M|\n|poke|p2|Scizor, L50, M|\n|poke|p2|Tyranitar, L50, M|\n|poke|p2|Starmie, L50|\n|poke|p2|Ninetales-Alola, L50, M|\n|teampreview|3\n|inactive|Battle timer is ON: inactive players will automatically lose when time's up. (requested by 388737dgtgt)\n|inactive|Iron0417 has 60 seconds left.\n|\n|t:|1776078775\n|teamsize|p1|3\n|teamsize|p2|3\n|start\n|switch|p1a: Charizard|Charizard, L50, M|100/100\n|switch|p2a: Ninetales|Ninetales-Alola, L50, M|100/100\n|-weather|Snowscape|[from] ability: Snow Warning|[of] p2a: Ninetales\n|turn|1\n|\n|t:|1776078782\n|detailschange|p1a: Charizard|Charizard-Mega-Y, L50, M\n|-mega|p1a: Charizard|Charizard|Charizardite Y\n|-weather|SunnyDay|[from] ability: Drought|[of] p1a: Charizard\n|move|p2a: Ninetales|Substitute|p2a: Ninetales\n|-start|p2a: Ninetales|Substitute\n|-damage|p2a: Ninetales|75/100\n|move|p1a: Charizard|Flamethrower|p2a: Ninetales\n|-supereffective|p2a: Ninetales|1\n|-end|p2a: Ninetales|Substitute\n|\n|-weather|SunnyDay|[upkeep]\n|-heal|p2a: Ninetales|82/100|[from] item: Leftovers\n|upkeep\n|turn|2\n|\n|t:|1776078794\n|switch|p2a: Tyranitar|Tyranitar, L50, M|100/100\n|-weather|Sandstorm|[from] ability: Sand Stream|[of] p2a: Tyranitar\n|move|p1a: Charizard|Solar Beam||[still]\n|-prepare|p1a: Charizard|Solar Beam\n|\n|-weather|Sandstorm|[upkeep]\n|-damage|p1a: Charizard|94/100|[from] Sandstorm\n|upkeep\n|turn|3\n|\n|t:|1776078810\n|move|p1a: Charizard|Solar Beam|p2a: Tyranitar|[from] lockedmove\n|-supereffective|p2a: Tyranitar|1\n|-damage|p2a: Tyranitar|72/100\n|move|p2a: Tyranitar|Foul Play|p1a: Charizard\n|-damage|p1a: Charizard|51/100\n|\n|-weather|Sandstorm|[upkeep]\n|-damage|p1a: Charizard|45/100|[from] Sandstorm\n|upkeep\n|turn|4\n|\n|t:|1776078819\n|switch|p1a: Primarina|Primarina, L50, M|100/100\n|move|p2a: Tyranitar|Stealth Rock|p1a: Primarina\n|-sidestart|p1: Iron0417|move: Stealth Rock\n|\n|-weather|Sandstorm|[upkeep]\n|-damage|p1a: Primarina|95/100|[from] Sandstorm\n|upkeep\n|turn|5\n|\n|t:|1776078828\n|switch|p2a: Ninetales|Ninetales-Alola, L50, M|82/100\n|-weather|Snowscape|[from] ability: Snow Warning|[of] p2a: Ninetales\n|move|p1a: Primarina|Flip Turn|p2a: Ninetales\n|-damage|p2a: Ninetales|68/100\n|\n|t:|1776078835\n|switch|p1a: Aegislash|Aegislash, L50, M|100/100|[from] Flip Turn\n|-damage|p1a: Aegislash|95/100|[from] Stealth Rock\n|\n|-weather|Snowscape|[upkeep]\n|-heal|p2a: Ninetales|74/100|[from] item: Leftovers\n|upkeep\n|turn|6\n|\n|t:|1776078843\n|move|p2a: Ninetales|Aurora Veil|p2a: Ninetales\n|-sidestart|p2: 388737dgtgt|move: Aurora Veil\n|-formechange|p1a: Aegislash|Aegislash-Blade|\n|move|p1a: Aegislash|Poltergeist|p2a: Ninetales\n|-activate|p2a: Ninetales|move: Poltergeist|Leftovers\n|-damage|p2a: Ninetales|46/100\n|\n|-weather|Snowscape|[upkeep]\n|-heal|p2a: Ninetales|52/100|[from] item: Leftovers\n|upkeep\n|turn|7\n|\n|t:|1776078852\n|switch|p2a: Tyranitar|Tyranitar, L50, M|72/100\n|-weather|Sandstorm|[from] ability: Sand Stream|[of] p2a: Tyranitar\n|-formechange|p1a: Aegislash|Aegislash|\n|move|p1a: Aegislash|King's Shield||[still]\n|-fail|p1a: Aegislash\n|\n|-weather|Sandstorm|[upkeep]\n|upkeep\n|turn|8\n|\n|t:|1776078861\n|move|p2a: Tyranitar|Foul Play|p1a: Aegislash\n|-supereffective|p1a: Aegislash|1\n|-enditem|p1a: Aegislash|Colbur Berry|[eat]\n|-enditem|p1a: Aegislash|Colbur Berry|[weaken]\n|-damage|p1a: Aegislash|67/100\n|-formechange|p1a: Aegislash|Aegislash-Blade|\n|move|p1a: Aegislash|Sacred Sword|p2a: Tyranitar\n|-supereffective|p2a: Tyranitar|2\n|-damage|p2a: Tyranitar|21/100\n|\n|-weather|Sandstorm|[upkeep]\n|upkeep\n|turn|9\n|\n|t:|1776078870\n|-formechange|p1a: Aegislash|Aegislash|\n|move|p1a: Aegislash|King's Shield|p1a: Aegislash\n|-singleturn|p1a: Aegislash|Protect\n|move|p2a: Tyranitar|Foul Play|p1a: Aegislash\n|-activate|p1a: Aegislash|move: Protect\n|-unboost|p2a: Tyranitar|atk|1\n|\n|-weather|Sandstorm|[upkeep]\n|upkeep\n|turn|10\n|\n|t:|1776078887\n|move|p2a: Tyranitar|Foul Play|p1a: Aegislash\n|-supereffective|p1a: Aegislash|1\n|-damage|p1a: Aegislash|15/100\n|-formechange|p1a: Aegislash|Aegislash-Blade|\n|move|p1a: Aegislash|Sacred Sword|p2a: Tyranitar\n|-supereffective|p2a: Tyranitar|2\n|-damage|p2a: Tyranitar|0 fnt\n|faint|p2a: Tyranitar\n|\n|-weather|Sandstorm|[upkeep]\n|-sideend|p2: 388737dgtgt|move: Aurora Veil\n|upkeep\n|j| p74\n|\n|t:|1776078893\n|switch|p2a: Ninetales|Ninetales-Alola, L50, M|52/100\n|-weather|Snowscape|[from] ability: Snow Warning|[of] p2a: Ninetales\n|turn|11\n|\n|t:|1776078902\n|switch|p1a: Charizard|Charizard-Mega-Y, L50, M|45/100\n|-damage|p1a: Charizard|0 fnt|[from] Stealth Rock\n|faint|p1a: Charizard\n|move|p2a: Ninetales|Aurora Veil|p2a: Ninetales\n|-sidestart|p2: 388737dgtgt|move: Aurora Veil\n|\n|-weather|Snowscape|[upkeep]\n|-heal|p2a: Ninetales|58/100|[from] item: Leftovers\n|upkeep\n|-message|Iron0417 forfeited.\n|\n|win|388737dgtgt\n|raw|Iron0417's rating: 1155 &rarr; <strong>1128</strong><br />(-27 for losing)\n|raw|388737dgtgt's rating: 1126 &rarr; <strong>1153</strong><br />(+27 for winning)\n|l|\u2606Iron0417\n|player|p1|\n|l|\u2606388737dgtgt\n|player|p2|\n",
  "uploadtime": 1776078991,
  "views": 4,
  "formatid": "gen9championsbssregma",
  "rating": 1128,
  "private": 0,
  "password": null
}