{
  "id": "gen9championsbssregma-2584181164",
  "format": "[Gen 9 Champions] BSS Reg M-A",
  "players": [
    "kyotoyoko",
    "Helloguyslol"
  ],
  "log": "|j|\u2606kyotoyoko\n|j|\u2606Helloguyslol\n|t:|1776235106\n|gametype|singles\n|player|p1|kyotoyoko|caitlin|1298\n|player|p2|Helloguyslol|unknown|1298\n|gen|9\n|tier|[Gen 9 Champions] BSS Reg M-A\n|rated|\n|rule|Species Clause: Limit one of each Pok\u00e9mon\n|rule|Item Clause: Limit 1 of each item\n|clearpoke\n|poke|p1|Hippowdon, L50, F|\n|poke|p1|Charizard, L50, F|\n|poke|p1|Corviknight, L50, F|\n|poke|p1|Primarina, L50, F|\n|poke|p1|Gengar, L50, F|\n|poke|p1|Mimikyu, L50, F|\n|poke|p2|Rotom-Heat, L50|\n|poke|p2|Hippowdon, L50, F|\n|poke|p2|Kingambit, L50, F|\n|poke|p2|Slowking-Galar, L50, F|\n|poke|p2|Meganium, L50, F|\n|poke|p2|Lopunny, L50, F|\n|teampreview|3\n|inactive|Battle timer is ON: inactive players will automatically lose when time's up. (requested by Helloguyslol)\n|\n|t:|1776235130\n|teamsize|p1|3\n|teamsize|p2|3\n|start\n|switch|p1a: Primarina|Primarina, L50, F|100/100\n|switch|p2a: Lopunny|Lopunny, L50, F|100/100\n|turn|1\n|inactive|kyotoyoko has 30 seconds left.\n|\n|t:|1776235155\n|switch|p1a: Hippowdon|Hippowdon, L50, F|100/100\n|-weather|Sandstorm|[from] ability: Sand Stream|[of] p1a: Hippowdon\n|detailschange|p2a: Lopunny|Lopunny-Mega, L50, F\n|-mega|p2a: Lopunny|Lopunny|Lopunnite\n|move|p2a: Lopunny|Fake Out|p1a: Hippowdon\n|-damage|p1a: Hippowdon|86/100\n|\n|-weather|Sandstorm|[upkeep]\n|-damage|p2a: Lopunny|95/100|[from] Sandstorm\n|upkeep\n|turn|2\n|\n|t:|1776235163\n|move|p2a: Lopunny|Triple Axel|p1a: Hippowdon\n|-supereffective|p1a: Hippowdon|1\n|-damage|p1a: Hippowdon|77/100\n|-supereffective|p1a: Hippowdon|1\n|-damage|p1a: Hippowdon|57/100\n|-supereffective|p1a: Hippowdon|1\n|-damage|p1a: Hippowdon|31/100\n|-enditem|p1a: Hippowdon|Sitrus Berry|[eat]\n|-heal|p1a: Hippowdon|55/100|[from] item: Sitrus Berry\n|-hitcount|p1a: Hippowdon|3\n|move|p1a: Hippowdon|Yawn|p2a: Lopunny\n|-start|p2a: Lopunny|move: Yawn|[of] p1a: Hippowdon\n|\n|-weather|Sandstorm|[upkeep]\n|-damage|p2a: Lopunny|89/100|[from] Sandstorm\n|upkeep\n|turn|3\n|\n|t:|1776235172\n|switch|p2a: Rotom|Rotom-Heat, L50|100/100\n|move|p1a: Hippowdon|Yawn|p2a: Rotom\n|-start|p2a: Rotom|move: Yawn|[of] p1a: Hippowdon\n|\n|-weather|Sandstorm|[upkeep]\n|-damage|p2a: Rotom|95/100|[from] Sandstorm\n|-heal|p2a: Rotom|100/100|[from] item: Leftovers\n|upkeep\n|turn|4\n|\n|t:|1776235181\n|switch|p2a: Kingambit|Kingambit, L50, F|100/100\n|move|p1a: Hippowdon|Stealth Rock|p2a: Kingambit\n|-sidestart|p2: Helloguyslol|move: Stealth Rock\n|\n|-weather|Sandstorm|[upkeep]\n|upkeep\n|turn|5\n|\n|t:|1776235188\n|move|p2a: Kingambit|Kowtow Cleave|p1a: Hippowdon\n|-damage|p1a: Hippowdon|21/100\n|move|p1a: Hippowdon|Yawn|p2a: Kingambit\n|-start|p2a: Kingambit|move: Yawn|[of] p1a: Hippowdon\n|\n|-weather|none\n|upkeep\n|turn|6\n|\n|t:|1776235193\n|move|p2a: Kingambit|Kowtow Cleave|p1a: Hippowdon\n|-damage|p1a: Hippowdon|0 fnt\n|faint|p1a: Hippowdon\n|\n|-end|p2a: Kingambit|move: Yawn|[silent]\n|-status|p2a: Kingambit|slp\n|upkeep\n|\n|t:|1776235199\n|switch|p1a: Gengar|Gengar, L50, F, shiny|100/100\n|turn|7\n|\n|t:|1776235202\n|detailschange|p1a: Gengar|Gengar-Mega, L50, F, shiny\n|-mega|p1a: Gengar|Gengar|Gengarite\n|cant|p2a: Kingambit|slp\n|move|p1a: Gengar|Focus Blast|p2a: Kingambit\n|-supereffective|p2a: Kingambit|2\n|-damage|p2a: Kingambit|0 fnt\n|faint|p2a: Kingambit\n|-end|p2a: Kingambit|fallenundefined|[silent]\n|\n|upkeep\n|\n|t:|1776235208\n|switch|p2a: Lopunny|Lopunny-Mega, L50, F|89/100\n|-damage|p2a: Lopunny|84/100|[from] Stealth Rock\n|turn|8\n|\n|t:|1776235213\n|switch|p1a: Primarina|Primarina, L50, F|100/100\n|move|p2a: Lopunny|Fake Out|p1a: Primarina\n|-crit|p1a: Primarina\n|-damage|p1a: Primarina|65/100\n|\n|upkeep\n|turn|9\n|\n|t:|1776235219\n|move|p2a: Lopunny|Thunder Punch|p1a: Primarina\n|-supereffective|p1a: Primarina|1\n|-damage|p1a: Primarina|5/100\n|move|p1a: Primarina|Sparkling Aria|p2a: Lopunny\n|-damage|p2a: Lopunny|0 fnt\n|faint|p2a: Lopunny\n|\n|upkeep\n|\n|t:|1776235223\n|switch|p2a: Rotom|Rotom-Heat, L50|100/100\n|-damage|p2a: Rotom|76/100|[from] Stealth Rock\n|turn|10\n|\n|t:|1776235226\n|move|p1a: Primarina|Aqua Jet|p2a: Rotom\n|-supereffective|p2a: Rotom|1\n|-damage|p2a: Rotom|36/100\n|move|p2a: Rotom|Volt Switch|p1a: Primarina\n|-supereffective|p1a: Primarina|1\n|-damage|p1a: Primarina|0 fnt\n|faint|p1a: Primarina\n|\n|-heal|p2a: Rotom|42/100|[from] item: Leftovers\n|upkeep\n|-message|Helloguyslol forfeited.\n|\n|win|kyotoyoko\n|raw|kyotoyoko's rating: 1298 &rarr; <strong>1323</strong><br />(+25 for winning)\n|raw|Helloguyslol's rating: 1298 &rarr; <strong>1273</strong><br />(-25 for losing)\n|l|\u2606Helloguyslol\n|player|p2|\n|l|\u2606kyotoyoko\n|player|p1|\n",
  "uploadtime": 1776235252,
  "views": 11,
  "formatid": "gen9championsbssregma",
  "rating": 1273,
  "private": 0,
  "password": null
}