{
  "id": "gen9championsbssregma-2584833855",
  "format": "[Gen 9 Champions] BSS Reg M-A",
  "players": [
    "drafeon",
    "Jordio"
  ],
  "log": "|j|\u2606drafeon\n|j|\u203dJordio\n|t:|1776287229\n|gametype|singles\n|player|p1|drafeon|elesa|1272\n|player|p2|Jordio|alder|1311\n|gen|9\n|tier|[Gen 9 Champions] BSS Reg M-A\n|rated|\n|rule|Species Clause: Limit one of each Pok\u00e9mon\n|rule|Item Clause: Limit 1 of each item\n|clearpoke\n|poke|p1|Beedrill, L50, M|\n|poke|p1|Kingambit, L50, M|\n|poke|p1|Conkeldurr, L50, M|\n|poke|p1|Chandelure, L50, F|\n|poke|p1|Meowstic-F, L50, F|\n|poke|p1|Vanilluxe, L50, F|\n|poke|p2|Clefable, L50, M|\n|poke|p2|Rotom-Wash, L50|\n|poke|p2|Umbreon, L50, M|\n|poke|p2|Gengar, L50, M|\n|poke|p2|Aggron, L50, M|\n|poke|p2|Basculegion, L50, M|\n|teampreview|3\n|inactive|Battle timer is ON: inactive players will automatically lose when time's up. (requested by Jordio)\n|inactive|drafeon also wants the timer to be on.\n|inactive|drafeon has 60 seconds left.\n|\n|t:|1776287279\n|teamsize|p1|3\n|teamsize|p2|3\n|start\n|switch|p1a: Beedrill|Beedrill, L50, M|100/100\n|switch|p2a: Rotom|Rotom-Wash, L50, shiny|100/100\n|turn|1\n|\n|t:|1776287287\n|detailschange|p1a: Beedrill|Beedrill-Mega, L50, M\n|-mega|p1a: Beedrill|Beedrill|Beedrillite\n|move|p1a: Beedrill|U-turn|p2a: Rotom\n|-damage|p2a: Rotom|53/100\n|\n|t:|1776287288\n|switch|p1a: Chandelure|Chandelure, L50, F|100/100|[from] U-turn\n|move|p2a: Rotom|Will-O-Wisp|p1a: Chandelure\n|-immune|p1a: Chandelure\n|\n|upkeep\n|turn|2\n|j| p74\n|\n|t:|1776287295\n|switch|p1a: Beedrill|Beedrill-Mega, L50, M|100/100\n|move|p2a: Rotom|Hydro Pump|p1a: Beedrill\n|-damage|p1a: Beedrill|33/100\n|\n|upkeep\n|turn|3\n|\n|t:|1776287301\n|switch|p2a: Aggron|Aggron, L50, M, shiny|100/100\n|move|p1a: Beedrill|Poison Jab|p2a: Aggron\n|-immune|p2a: Aggron\n|\n|upkeep\n|turn|4\n|\n|t:|1776287309\n|detailschange|p2a: Aggron|Aggron-Mega, L50, M, shiny\n|-mega|p2a: Aggron|Aggron|Aggronite\n|move|p1a: Beedrill|U-turn|p2a: Aggron\n|-resisted|p2a: Aggron|1\n|-damage|p2a: Aggron|86/100\n|j| huhyuhyuhyuh\n|\n|t:|1776287315\n|switch|p1a: Conkeldurr|Conkeldurr, L50, M|100/100|[from] U-turn\n|move|p2a: Aggron|Heavy Slam|p1a: Conkeldurr\n|-damage|p1a: Conkeldurr|56/100\n|\n|upkeep\n|turn|5\n|\n|t:|1776287324\n|move|p2a: Aggron|Iron Defense|p2a: Aggron\n|-boost|p2a: Aggron|def|2\n|move|p1a: Conkeldurr|Thunder Punch|p2a: Aggron\n|-damage|p2a: Aggron|77/100\n|\n|upkeep\n|turn|6\n|\n|t:|1776287327\n|switch|p1a: Chandelure|Chandelure, L50, F|100/100\n|move|p2a: Aggron|Body Press|p1a: Chandelure\n|-immune|p1a: Chandelure\n|\n|upkeep\n|turn|7\n|\n|t:|1776287330\n|switch|p2a: Umbreon|Umbreon, L50, M, shiny|100/100\n|move|p1a: Chandelure|Trick Room|p1a: Chandelure\n|-fieldstart|move: Trick Room|[of] p1a: Chandelure\n|\n|upkeep\n|turn|8\n|\n|t:|1776287333\n|switch|p1a: Conkeldurr|Conkeldurr, L50, M|56/100\n|move|p2a: Umbreon|Foul Play|p1a: Conkeldurr\n|-resisted|p1a: Conkeldurr|1\n|-damage|p1a: Conkeldurr|32/100\n|\n|upkeep\n|turn|9\n|\n|t:|1776287338\n|switch|p2a: Rotom|Rotom-Wash, L50, shiny|53/100\n|-singleturn|p1a: Conkeldurr|move: Focus Punch\n|move|p1a: Conkeldurr|Focus Punch|p2a: Rotom\n|-damage|p2a: Rotom|0 fnt\n|faint|p2a: Rotom\n|\n|upkeep\n|\n|t:|1776287342\n|switch|p2a: Aggron|Aggron-Mega, L50, M, shiny|77/100\n|turn|10\n|\n|t:|1776287346\n|switch|p1a: Chandelure|Chandelure, L50, F|100/100\n|move|p2a: Aggron|Heavy Slam|p1a: Chandelure\n|-resisted|p1a: Chandelure|1\n|-damage|p1a: Chandelure|70/100\n|\n|upkeep\n|turn|11\n|\n|t:|1776287351\n|switch|p2a: Umbreon|Umbreon, L50, M, shiny|100/100\n|move|p1a: Chandelure|Flamethrower|p2a: Umbreon\n|-damage|p2a: Umbreon|66/100\n|\n|-heal|p2a: Umbreon|72/100|[from] item: Leftovers\n|-fieldend|move: Trick Room\n|upkeep\n|turn|12\n|\n|t:|1776287355\n|switch|p1a: Conkeldurr|Conkeldurr, L50, M|32/100\n|move|p2a: Umbreon|Foul Play|p1a: Conkeldurr\n|-resisted|p1a: Conkeldurr|1\n|-damage|p1a: Conkeldurr|6/100\n|\n|-heal|p2a: Umbreon|78/100|[from] item: Leftovers\n|upkeep\n|turn|13\n|\n|t:|1776287360\n|-singleturn|p1a: Conkeldurr|move: Focus Punch\n|move|p2a: Umbreon|Protect|p2a: Umbreon\n|-singleturn|p2a: Umbreon|Protect\n|move|p1a: Conkeldurr|Focus Punch|p2a: Umbreon\n|-activate|p2a: Umbreon|move: Protect\n|\n|-heal|p2a: Umbreon|84/100|[from] item: Leftovers\n|upkeep\n|turn|14\n|\n|t:|1776287364\n|-singleturn|p1a: Conkeldurr|move: Focus Punch\n|move|p2a: Umbreon|Foul Play|p1a: Conkeldurr\n|-resisted|p1a: Conkeldurr|1\n|-damage|p1a: Conkeldurr|0 fnt\n|faint|p1a: Conkeldurr\n|\n|-heal|p2a: Umbreon|90/100|[from] item: Leftovers\n|upkeep\n|\n|t:|1776287365\n|switch|p1a: Beedrill|Beedrill-Mega, L50, M|33/100\n|turn|15\n|\n|t:|1776287370\n|switch|p2a: Aggron|Aggron-Mega, L50, M, shiny|77/100\n|move|p1a: Beedrill|U-turn|p2a: Aggron\n|-resisted|p2a: Aggron|1\n|-damage|p2a: Aggron|62/100\n|\n|t:|1776287371\n|switch|p1a: Chandelure|Chandelure, L50, F|70/100|[from] U-turn\n|\n|upkeep\n|turn|16\n|\n|t:|1776287373\n|switch|p1a: Beedrill|Beedrill-Mega, L50, M|33/100\n|switch|p2a: Umbreon|Umbreon, L50, M, shiny|90/100\n|\n|-heal|p2a: Umbreon|96/100|[from] item: Leftovers\n|upkeep\n|turn|17\n|\n|t:|1776287376\n|switch|p2a: Aggron|Aggron-Mega, L50, M, shiny|62/100\n|move|p1a: Beedrill|Swords Dance|p1a: Beedrill\n|-boost|p1a: Beedrill|atk|2\n|\n|upkeep\n|turn|18\n|\n|t:|1776287380\n|move|p1a: Beedrill|Drill Run|p2a: Aggron\n|-supereffective|p2a: Aggron|1\n|-damage|p2a: Aggron|18/100\n|move|p2a: Aggron|Heavy Slam|p1a: Beedrill\n|-damage|p1a: Beedrill|0 fnt\n|faint|p1a: Beedrill\n|\n|upkeep\n|\n|t:|1776287382\n|switch|p1a: Chandelure|Chandelure, L50, F|70/100\n|turn|19\n|\n|t:|1776287384\n|move|p1a: Chandelure|Calm Mind|p1a: Chandelure\n|-boost|p1a: Chandelure|spa|1\n|-boost|p1a: Chandelure|spd|1\n|move|p2a: Aggron|Heavy Slam|p1a: Chandelure\n|-resisted|p1a: Chandelure|1\n|-damage|p1a: Chandelure|36/100\n|\n|upkeep\n|turn|20\n|\n|t:|1776287386\n|move|p1a: Chandelure|Flamethrower|p2a: Aggron\n|-supereffective|p2a: Aggron|1\n|-damage|p2a: Aggron|0 fnt\n|faint|p2a: Aggron\n|\n|upkeep\n|\n|t:|1776287387\n|switch|p2a: Umbreon|Umbreon, L50, M, shiny|96/100\n|turn|21\n|\n|t:|1776287388\n|move|p1a: Chandelure|Flamethrower|p2a: Umbreon\n|-damage|p2a: Umbreon|38/100\n|-status|p2a: Umbreon|brn\n|-activate|p2a: Umbreon|ability: Synchronize\n|-immune|p1a: Chandelure\n|move|p2a: Umbreon|Foul Play|p1a: Chandelure\n|-supereffective|p1a: Chandelure|1\n|-damage|p1a: Chandelure|11/100\n|\n|-heal|p2a: Umbreon|44/100 brn|[from] item: Leftovers\n|-damage|p2a: Umbreon|38/100 brn|[from] brn\n|upkeep\n|turn|22\n|c|\u2606drafeon|gg\n|\n|t:|1776287403\n|move|p1a: Chandelure|Flamethrower|p2a: Umbreon\n|-damage|p2a: Umbreon|0 fnt\n|faint|p2a: Umbreon\n|\n|win|drafeon\n|raw|drafeon's rating: 1272 &rarr; <strong>1299</strong><br />(+27 for winning)\n|raw|Jordio's rating: 1298 &rarr; <strong>1271</strong><br />(-27 for losing)\n|l|\u203dJordio\n|player|p2|\n|l|\u2606drafeon\n|player|p1|\n|l| huhyuhyuhyuh\n",
  "uploadtime": 1776287440,
  "views": 5,
  "formatid": "gen9championsbssregma",
  "rating": 1271,
  "private": 0,
  "password": null
}