{
  "id": "gen9championsbssregma-2580980467",
  "format": "[Gen 9 Champions] BSS Reg M-A",
  "players": [
    "EstemanACG1",
    "AndreHero007"
  ],
  "log": "|j|\u2606EstemanACG1\n|j|\u2606AndreHero007\n|t:|1775948679\n|gametype|singles\n|player|p1|EstemanACG1|riley|1145\n|player|p2|AndreHero007|102|1000\n|gen|9\n|tier|[Gen 9 Champions] BSS Reg M-A\n|rated|\n|rule|Species Clause: Limit one of each Pok\u00e9mon\n|rule|Item Clause: Limit 1 of each item\n|clearpoke\n|poke|p1|Kommo-o, L50, F|\n|poke|p1|Sneasler, L50, M|\n|poke|p1|Gengar, L50, F|\n|poke|p1|Palafin, L50, F|\n|poke|p1|Mimikyu, L50, F|\n|poke|p1|Hydreigon, L50, M|\n|poke|p2|Charizard, L50, F|\n|poke|p2|Lopunny, L50, M|\n|poke|p2|Raichu, L50, M|\n|poke|p2|Feraligatr, L50, M|\n|poke|p2|Aggron, L50, F|\n|poke|p2|Goodra, L50, M|\n|teampreview|3\n|c|\u2606EstemanACG1|glh\n|c|\u2606EstemanACG1|f\n|\n|t:|1775948717\n|teamsize|p1|3\n|teamsize|p2|3\n|start\n|switch|p1a: Kommo-o|Kommo-o, L50, F|100/100\n|switch|p2a: Lopunny|Lopunny, L50, M, shiny|100/100\n|turn|1\n|\n|t:|1775948727\n|move|p2a: Lopunny|Fake Out|p1a: Kommo-o\n|-damage|p1a: Kommo-o|86/100\n|cant|p1a: Kommo-o|flinch\n|\n|upkeep\n|turn|2\n|j| RBYSD oak\n|\n|t:|1775948734\n|move|p2a: Lopunny|Triple Axel|p1a: Kommo-o\n|-supereffective|p1a: Kommo-o|1\n|-damage|p1a: Kommo-o|75/100\n|-supereffective|p1a: Kommo-o|1\n|-damage|p1a: Kommo-o|55/100\n|-supereffective|p1a: Kommo-o|1\n|-damage|p1a: Kommo-o|27/100\n|-enditem|p1a: Kommo-o|Sitrus Berry|[eat]\n|-heal|p1a: Kommo-o|52/100|[from] item: Sitrus Berry\n|-hitcount|p1a: Kommo-o|3\n|move|p1a: Kommo-o|Clangorous Soul|p1a: Kommo-o\n|-boost|p1a: Kommo-o|atk|1\n|-boost|p1a: Kommo-o|def|1\n|-boost|p1a: Kommo-o|spa|1\n|-boost|p1a: Kommo-o|spd|1\n|-boost|p1a: Kommo-o|spe|1\n|-damage|p1a: Kommo-o|19/100\n|\n|upkeep\n|turn|3\n|\n|t:|1775948751\n|move|p1a: Kommo-o|Clanging Scales|p2a: Lopunny\n|-damage|p2a: Lopunny|10/100\n|-unboost|p1a: Kommo-o|def|1\n|move|p2a: Lopunny|Triple Axel|p1a: Kommo-o\n|-supereffective|p1a: Kommo-o|1\n|-damage|p1a: Kommo-o|10/100\n|-supereffective|p1a: Kommo-o|1\n|-damage|p1a: Kommo-o|0 fnt\n|faint|p1a: Kommo-o\n|-hitcount|p1: Kommo-o|2\n|\n|upkeep\n|\n|t:|1775948759\n|switch|p1a: Sneasler|Sneasler, L50, M|100/100\n|turn|4\n|\n|t:|1775948778\n|switch|p2a: Charizard|Charizard, L50, F|100/100\n|move|p1a: Sneasler|Close Combat|p2a: Charizard\n|-resisted|p2a: Charizard|1\n|-damage|p2a: Charizard|55/100\n|-unboost|p1a: Sneasler|def|1\n|-unboost|p1a: Sneasler|spd|1\n|-enditem|p1a: Sneasler|White Herb\n|-clearnegativeboost|p1a: Sneasler|[silent]\n|\n|upkeep\n|turn|5\n|\n|t:|1775948788\n|detailschange|p2a: Charizard|Charizard-Mega-X, L50, F\n|-mega|p2a: Charizard|Charizard|Charizardite X\n|move|p1a: Sneasler|Dire Claw|p2a: Charizard\n|-damage|p2a: Charizard|14/100\n|move|p2a: Charizard|Roost|p2a: Charizard\n|-heal|p2a: Charizard|64/100\n|-singleturn|p2a: Charizard|move: Roost\n|\n|upkeep\n|turn|6\n|\n|t:|1775948796\n|move|p1a: Sneasler|Close Combat|p2a: Charizard\n|-damage|p2a: Charizard|0 fnt\n|-unboost|p1a: Sneasler|def|1\n|-unboost|p1a: Sneasler|spd|1\n|faint|p2a: Charizard\n|\n|upkeep\n|\n|t:|1775948803\n|switch|p2a: Lopunny|Lopunny, L50, M, shiny|10/100\n|turn|7\n|\n|t:|1775948809\n|switch|p1a: Mimikyu|Mimikyu, L50, F|100/100\n|move|p2a: Lopunny|Fake Out|p1a: Mimikyu\n|-immune|p1a: Mimikyu\n|\n|upkeep\n|turn|8\n|\n|t:|1775948818\n|move|p2a: Lopunny|Triple Axel|p1a: Mimikyu|[miss]\n|-miss|p2a: Lopunny|p1a: Mimikyu\n|move|p1a: Mimikyu|Play Rough|p2a: Lopunny\n|-damage|p2a: Lopunny|0 fnt\n|faint|p2a: Lopunny\n|\n|upkeep\n|\n|t:|1775948820\n|switch|p2a: Goodra|Goodra, L50, M, shiny|100/100\n|turn|9\n|\n|t:|1775948823\n|move|p1a: Mimikyu|Swords Dance|p1a: Mimikyu\n|-boost|p1a: Mimikyu|atk|2\n|move|p2a: Goodra|Toxic|p1a: Mimikyu\n|-status|p1a: Mimikyu|tox\n|\n|-damage|p1a: Mimikyu|94/100 tox|[from] psn\n|upkeep\n|turn|10\n|\n|t:|1775948832\n|move|p1a: Mimikyu|Swords Dance|p1a: Mimikyu\n|-boost|p1a: Mimikyu|atk|2\n|move|p2a: Goodra|Flamethrower|p1a: Mimikyu\n|-activate|p1a: Mimikyu|ability: Disguise\n|-damage|p1a: Mimikyu|94/100 tox\n|detailschange|p1a: Mimikyu|Mimikyu-Busted, L50, F\n|-damage|p1a: Mimikyu|82/100 tox|[from] pokemon: Mimikyu-Busted\n|\n|-damage|p1a: Mimikyu|70/100 tox|[from] psn\n|upkeep\n|turn|11\n|\n|t:|1775948842\n|move|p2a: Goodra|Protect|p2a: Goodra\n|-singleturn|p2a: Goodra|Protect\n|move|p1a: Mimikyu|Play Rough|p2a: Goodra\n|-activate|p2a: Goodra|move: Protect\n|\n|-damage|p1a: Mimikyu|51/100 tox|[from] psn\n|upkeep\n|turn|12\n|\n|t:|1775948850\n|move|p2a: Goodra|Protect|p2a: Goodra\n|-singleturn|p2a: Goodra|Protect\n|move|p1a: Mimikyu|Play Rough|p2a: Goodra\n|-activate|p2a: Goodra|move: Protect\n|\n|-damage|p1a: Mimikyu|27/100 tox|[from] psn\n|upkeep\n|turn|13\n|\n|t:|1775948858\n|move|p2a: Goodra|Protect||[still]\n|-fail|p2a: Goodra\n|move|p1a: Mimikyu|Play Rough|p2a: Goodra\n|-supereffective|p2a: Goodra|1\n|-damage|p2a: Goodra|0 fnt\n|faint|p2a: Goodra\n|\n|win|EstemanACG1\n|raw|EstemanACG1's rating: 1145 &rarr; <strong>1160</strong><br />(+15 for winning)\n|raw|AndreHero007's rating: 1000 &rarr; <strong>1000</strong><br />(+0 for losing)\n|l|\u2606AndreHero007\n|player|p2|\n",
  "uploadtime": 1775948872,
  "views": 11,
  "formatid": "gen9championsbssregma",
  "rating": 1000,
  "private": 0,
  "password": null
}