{
  "id": "gen9championsbssregma-2588071559",
  "format": "[Gen 9 Champions] BSS Reg M-A",
  "players": [
    "bormanda",
    "qweralt"
  ],
  "log": "|j|\u2606bormanda\n|j|\u2606qweralt\n|t:|1776600899\n|gametype|singles\n|player|p1|bormanda|265|1247\n|player|p2|qweralt|boarder|1111\n|gen|9\n|tier|[Gen 9 Champions] BSS Reg M-A\n|rated|\n|rule|Species Clause: Limit one of each Pok\u00e9mon\n|rule|Item Clause: Limit 1 of each item\n|clearpoke\n|poke|p1|Garchomp, L50, M|\n|poke|p1|Aegislash, L50, F|\n|poke|p1|Floette-Eternal, L50, F|\n|poke|p1|Lopunny, L50, M|\n|poke|p1|Rotom-Wash, L50|\n|poke|p1|Glimmora, L50, F|\n|poke|p2|Delphox, L50, F|\n|poke|p2|Hatterene, L50, F|\n|poke|p2|Weavile, L50, F|\n|poke|p2|Volcarona, L50, F|\n|poke|p2|Garchomp, L50, F|\n|poke|p2|Rotom-Wash, L50|\n|teampreview|3\n|\n|t:|1776600958\n|teamsize|p1|3\n|teamsize|p2|3\n|start\n|switch|p1a: Floette|Floette-Eternal, L50, F|100/100\n|switch|p2a: Volcarona|Volcarona, L50, F|100/100\n|turn|1\n|\n|t:|1776600968\n|detailschange|p1a: Floette|Floette-Mega, L50, F\n|-mega|p1a: Floette|Floette|Floettite\n|-ability|p1a: Floette|Fairy Aura\n|move|p2a: Volcarona|Flamethrower|p1a: Floette\n|-damage|p1a: Floette|67/100\n|move|p1a: Floette|Calm Mind|p1a: Floette\n|-boost|p1a: Floette|spa|1\n|-boost|p1a: Floette|spd|1\n|\n|upkeep\n|turn|2\n|\n|t:|1776600996\n|switch|p2a: Delphox|Delphox, L50, F|100/100\n|move|p1a: Floette|Calm Mind|p1a: Floette\n|-boost|p1a: Floette|spa|1\n|-boost|p1a: Floette|spd|1\n|\n|upkeep\n|turn|3\n|\n|t:|1776601005\n|detailschange|p2a: Delphox|Delphox-Mega, L50, F\n|-mega|p2a: Delphox|Delphox|Delphoxite\n|move|p2a: Delphox|Encore|p1a: Floette\n|-start|p1a: Floette|Encore\n|move|p1a: Floette|Calm Mind|p1a: Floette\n|-boost|p1a: Floette|spa|1\n|-boost|p1a: Floette|spd|1\n|\n|upkeep\n|turn|4\n|\n|t:|1776601013\n|switch|p1a: Aegislash|Aegislash, L50, F|100/100\n|move|p2a: Delphox|Nasty Plot|p2a: Delphox\n|-boost|p2a: Delphox|spa|2\n|\n|upkeep\n|turn|5\n|\n|t:|1776601023\n|move|p1a: Aegislash|King's Shield|p1a: Aegislash\n|-singleturn|p1a: Aegislash|Protect\n|move|p2a: Delphox|Fire Blast|p1a: Aegislash\n|-activate|p1a: Aegislash|move: Protect\n|\n|upkeep\n|turn|6\n|\n|t:|1776601031\n|-formechange|p1a: Aegislash|Aegislash-Blade|\n|move|p1a: Aegislash|Shadow Sneak|p2a: Delphox\n|-supereffective|p2a: Delphox|1\n|-damage|p2a: Delphox|23/100\n|move|p2a: Delphox|Fire Blast|p1a: Aegislash\n|-supereffective|p1a: Aegislash|1\n|-damage|p1a: Aegislash|0 fnt\n|faint|p1a: Aegislash\n|\n|upkeep\n|\n|t:|1776601038\n|switch|p1a: Garchomp|Garchomp, L50, M|100/100\n|turn|7\n|\n|t:|1776601056\n|move|p1a: Garchomp|Stealth Rock|p2a: Delphox\n|-sidestart|p2: qweralt|move: Stealth Rock\n|move|p2a: Delphox|Psychic|p1a: Garchomp\n|-damage|p1a: Garchomp|0 fnt\n|faint|p1a: Garchomp\n|\n|upkeep\n|\n|t:|1776601058\n|switch|p1a: Floette|Floette-Mega, L50, F|67/100\n|-ability|p1a: Floette|Fairy Aura\n|turn|8\n|-message|bormanda forfeited.\n|\n|win|qweralt\n|raw|bormanda's rating: 1284 &rarr; <strong>1247</strong><br />(-37 for losing)\n|raw|qweralt's rating: 1111 &rarr; <strong>1148</strong><br />(+37 for winning)\n|l|\u2606bormanda\n|player|p1|\n",
  "uploadtime": 1776601065,
  "views": 4,
  "formatid": "gen9championsbssregma",
  "rating": 1148,
  "private": 0,
  "password": null
}