{
  "id": "gen9championsbssregma-2587497277",
  "format": "[Gen 9 Champions] BSS Reg M-A",
  "players": [
    "joguri",
    "basedshed"
  ],
  "log": "|j|\u2606joguri\n|j|\u2606basedshed\n|t:|1776536831\n|gametype|singles\n|player|p1|joguri|dawn|1248\n|player|p2|basedshed|266|1160\n|gen|9\n|tier|[Gen 9 Champions] BSS Reg M-A\n|rated|\n|rule|Species Clause: Limit one of each Pok\u00e9mon\n|rule|Item Clause: Limit 1 of each item\n|clearpoke\n|poke|p1|Clefable, L50, F|\n|poke|p1|Espathra, L50, M|\n|poke|p1|Charizard, L50, M|\n|poke|p1|Hippowdon, L50, F|\n|poke|p1|Rotom-Wash, L50, shiny|\n|poke|p1|Garchomp, L50, F|\n|poke|p2|Froslass, L50, F|\n|poke|p2|Sneasler, L50, M|\n|poke|p2|Primarina, L50, M|\n|poke|p2|Garchomp, L50, M|\n|poke|p2|Corviknight, L50, F|\n|poke|p2|Gengar, L50, M|\n|teampreview|3\n|inactive|Battle timer is ON: inactive players will automatically lose when time's up. (requested by basedshed)\n|inactive|basedshed has 60 seconds left.\n|\n|t:|1776536885\n|teamsize|p1|3\n|teamsize|p2|3\n|start\n|switch|p1a: Hippowdon|Hippowdon, L50, F|100/100\n|switch|p2a: Gengar|Gengar, L50, M|100/100\n|-weather|Sandstorm|[from] ability: Sand Stream|[of] p1a: Hippowdon\n|turn|1\n|\n|t:|1776536895\n|move|p2a: Gengar|Taunt|p1a: Hippowdon\n|-start|p1a: Hippowdon|move: Taunt\n|cant|p1a: Hippowdon|move: Taunt|Yawn\n|\n|-weather|Sandstorm|[upkeep]\n|-damage|p2a: Gengar|95/100|[from] Sandstorm\n|upkeep\n|turn|2\n|inactive|basedshed has 30 seconds left.\n|\n|t:|1776536924\n|move|p2a: Gengar|Shadow Ball|p1a: Hippowdon\n|-damage|p1a: Hippowdon|61/100\n|move|p1a: Hippowdon|Earthquake|p2a: Gengar\n|-supereffective|p2a: Gengar|1\n|-damage|p2a: Gengar|0 fnt\n|-start|p1a: Hippowdon|Disable|Earthquake|[from] ability: Cursed Body|[of] p2a: Gengar\n|faint|p2a: Gengar\n|\n|-weather|Sandstorm|[upkeep]\n|upkeep\n|\n|t:|1776536928\n|switch|p2a: Primarina|Primarina, L50, M|100/100\n|turn|3\n|\n|t:|1776536952\n|switch|p1a: Espathra|Espathra, L50, M|100/100\n|move|p2a: Primarina|Calm Mind|p2a: Primarina\n|-boost|p2a: Primarina|spa|1\n|-boost|p2a: Primarina|spd|1\n|\n|-weather|Sandstorm|[upkeep]\n|-damage|p1a: Espathra|95/100|[from] Sandstorm\n|-damage|p2a: Primarina|95/100|[from] Sandstorm\n|-heal|p1a: Espathra|100/100|[from] item: Leftovers\n|upkeep\n|turn|4\n|\n|t:|1776536969\n|move|p1a: Espathra|Calm Mind|p1a: Espathra\n|-boost|p1a: Espathra|spa|1\n|-boost|p1a: Espathra|spd|1\n|move|p2a: Primarina|Moonblast|p1a: Espathra\n|-damage|p1a: Espathra|38/100\n|\n|-weather|Sandstorm|[upkeep]\n|-damage|p1a: Espathra|32/100|[from] Sandstorm\n|-damage|p2a: Primarina|89/100|[from] Sandstorm\n|-heal|p1a: Espathra|38/100|[from] item: Leftovers\n|-ability|p1a: Espathra|Speed Boost|boost\n|-boost|p1a: Espathra|spe|1\n|upkeep\n|turn|5\n|inactive|basedshed has 30 seconds left.\n|inactive|basedshed has 20 seconds left.\n|inactive|basedshed has 15 seconds left.\n|inactive|basedshed has 10 seconds left.\n|\n|t:|1776537019\n|move|p1a: Espathra|Protect|p1a: Espathra\n|-singleturn|p1a: Espathra|Protect\n|move|p2a: Primarina|Moonblast|p1a: Espathra\n|-activate|p1a: Espathra|move: Protect\n|\n|-weather|none\n|-heal|p1a: Espathra|44/100|[from] item: Leftovers\n|-ability|p1a: Espathra|Speed Boost|boost\n|-boost|p1a: Espathra|spe|1\n|upkeep\n|turn|6\n|inactive|joguri has 30 seconds left.\n|\n|t:|1776537046\n|move|p1a: Espathra|Baton Pass|p1a: Espathra\n|\n|t:|1776537047\n|switch|p1a: Clefable|Clefable, L50, F|100/100|[from] Baton Pass\n|move|p2a: Primarina|Moonblast|p1a: Clefable\n|-damage|p1a: Clefable|67/100\n|\n|upkeep\n|turn|7\n|inactive|basedshed has 30 seconds left.\n|\n|t:|1776537076\n|move|p1a: Clefable|Cosmic Power|p1a: Clefable\n|-boost|p1a: Clefable|def|1\n|-boost|p1a: Clefable|spd|1\n|move|p2a: Primarina|Calm Mind|p2a: Primarina\n|-boost|p2a: Primarina|spa|1\n|-boost|p2a: Primarina|spd|1\n|\n|upkeep\n|turn|8\n|\n|t:|1776537082\n|move|p1a: Clefable|Cosmic Power|p1a: Clefable\n|-boost|p1a: Clefable|def|1\n|-boost|p1a: Clefable|spd|1\n|move|p2a: Primarina|Calm Mind|p2a: Primarina\n|-boost|p2a: Primarina|spa|1\n|-boost|p2a: Primarina|spd|1\n|\n|upkeep\n|turn|9\n|\n|t:|1776537092\n|move|p1a: Clefable|Cosmic Power|p1a: Clefable\n|-boost|p1a: Clefable|def|1\n|-boost|p1a: Clefable|spd|1\n|move|p2a: Primarina|Calm Mind|p2a: Primarina\n|-boost|p2a: Primarina|spa|1\n|-boost|p2a: Primarina|spd|1\n|\n|upkeep\n|turn|10\n|inactive|basedshed has 30 seconds left.\n|\n|t:|1776537121\n|move|p1a: Clefable|Cosmic Power|p1a: Clefable\n|-boost|p1a: Clefable|def|1\n|-boost|p1a: Clefable|spd|1\n|move|p2a: Primarina|Calm Mind|p2a: Primarina\n|-boost|p2a: Primarina|spa|1\n|-boost|p2a: Primarina|spd|1\n|\n|upkeep\n|turn|11\n|\n|t:|1776537128\n|move|p1a: Clefable|Cosmic Power|p1a: Clefable\n|-boost|p1a: Clefable|def|1\n|-boost|p1a: Clefable|spd|1\n|move|p2a: Primarina|Calm Mind|p2a: Primarina\n|-boost|p2a: Primarina|spa|1\n|-boost|p2a: Primarina|spd|1\n|\n|upkeep\n|turn|12\n|\n|t:|1776537138\n|move|p1a: Clefable|Cosmic Power|p1a: Clefable\n|-boost|p1a: Clefable|def|1\n|-boost|p1a: Clefable|spd|0\n|move|p2a: Primarina|Moonblast|p1a: Clefable\n|-damage|p1a: Clefable|54/100\n|\n|upkeep\n|turn|13\n|\n|t:|1776537145\n|move|p1a: Clefable|Moonlight|p1a: Clefable\n|-heal|p1a: Clefable|100/100\n|move|p2a: Primarina|Moonblast|p1a: Clefable\n|-damage|p1a: Clefable|88/100\n|\n|upkeep\n|turn|14\n|\n|t:|1776537151\n|move|p1a: Clefable|Stored Power|p2a: Primarina\n|-damage|p2a: Primarina|0 fnt\n|faint|p2a: Primarina\n|\n|upkeep\n|\n|t:|1776537153\n|switch|p2a: Garchomp|Garchomp, L50, M|100/100\n|turn|15\n|\n|t:|1776537159\n|move|p2a: Garchomp|Earthquake|p1a: Clefable\n|-damage|p1a: Clefable|77/100\n|move|p1a: Clefable|Stored Power|p2a: Garchomp\n|-damage|p2a: Garchomp|0 fnt\n|faint|p2a: Garchomp\n|\n|win|joguri\n|raw|joguri's rating: 1248 &rarr; <strong>1267</strong><br />(+19 for winning)\n|raw|basedshed's rating: 1160 &rarr; <strong>1141</strong><br />(-19 for losing)\n|l|\u2606basedshed\n|player|p2|\n",
  "uploadtime": 1776537166,
  "views": 2,
  "formatid": "gen9championsbssregma",
  "rating": 1141,
  "private": 0,
  "password": null
}