{
  "id": "gen9championsbssregma-2584978754",
  "format": "[Gen 9 Champions] BSS Reg M-A",
  "players": [
    "alswnsjsid",
    "DeaRubbish"
  ],
  "log": "|j|\u2606alswnsjsid\n|j|\u2606DeaRubbish\n|t:|1776300083\n|gametype|singles\n|player|p1|alswnsjsid|caitlin|1211\n|player|p2|DeaRubbish|lass-gen4dp|1329\n|gen|9\n|tier|[Gen 9 Champions] BSS Reg M-A\n|rated|\n|rule|Species Clause: Limit one of each Pok\u00e9mon\n|rule|Item Clause: Limit 1 of each item\n|clearpoke\n|poke|p1|Kangaskhan, L50, F|\n|poke|p1|Hippowdon, L50, M|\n|poke|p1|Primarina, L50, F|\n|poke|p1|Archaludon, L50, M|\n|poke|p1|Volcarona, L50, F|\n|poke|p1|Basculegion, L50, M|\n|poke|p2|Garchomp, L50, F|\n|poke|p2|Lucario, L50, F|\n|poke|p2|Gengar, L50, F|\n|poke|p2|Primarina, L50, F|\n|poke|p2|Corviknight, L50, M|\n|poke|p2|Umbreon, L50, M|\n|teampreview|3\n|\n|t:|1776300129\n|teamsize|p1|3\n|teamsize|p2|3\n|start\n|switch|p1a: Kangaskhan|Kangaskhan, L50, F, shiny|100/100\n|switch|p2a: Primarina|Primarina, L50, F|100/100\n|turn|1\n|\n|t:|1776300138\n|switch|p2a: Garchomp|Garchomp, L50, F|100/100\n|move|p1a: Kangaskhan|Fake Out|p2a: Garchomp\n|-damage|p2a: Garchomp|82/100\n|-damage|p1a: Kangaskhan|88/100|[from] ability: Rough Skin|[of] p2a: Garchomp\n|\n|upkeep\n|turn|2\n|\n|t:|1776300147\n|detailschange|p1a: Kangaskhan|Kangaskhan-Mega, L50, F, shiny\n|-mega|p1a: Kangaskhan|Kangaskhan|Kangaskhanite\n|move|p2a: Garchomp|Stealth Rock|p1a: Kangaskhan\n|-sidestart|p1: alswnsjsid|move: Stealth Rock\n|move|p1a: Kangaskhan|Last Resort|p2a: Garchomp\n|-damage|p2a: Garchomp|8/100\n|-damage|p1a: Kangaskhan|76/100|[from] ability: Rough Skin|[of] p2a: Garchomp\n|-damage|p2a: Garchomp|0 fnt\n|-damage|p1a: Kangaskhan|64/100|[from] ability: Rough Skin|[of] p2a: Garchomp\n|faint|p2a: Garchomp\n|-hitcount|p2: Garchomp|2\n|\n|upkeep\n|\n|t:|1776300157\n|switch|p2a: Umbreon|Umbreon, L50, M|100/100\n|turn|3\n|\n|t:|1776300163\n|move|p1a: Kangaskhan|Last Resort|p2a: Umbreon\n|-damage|p2a: Umbreon|56/100\n|-damage|p2a: Umbreon|45/100\n|-hitcount|p2a: Umbreon|2\n|move|p2a: Umbreon|Yawn|p1a: Kangaskhan\n|-start|p1a: Kangaskhan|move: Yawn|[of] p2a: Umbreon\n|\n|-heal|p2a: Umbreon|51/100|[from] item: Leftovers\n|upkeep\n|turn|4\n|j| p74\n|\n|t:|1776300174\n|switch|p1a: Archaludon|Archaludon, L50, M, shiny|100/100\n|-damage|p1a: Archaludon|94/100|[from] Stealth Rock\n|move|p2a: Umbreon|Protect||[still]\n|-fail|p2a: Umbreon\n|\n|-heal|p1a: Archaludon|100/100|[from] item: Leftovers\n|-heal|p2a: Umbreon|57/100|[from] item: Leftovers\n|upkeep\n|turn|5\n|\n|t:|1776300184\n|move|p2a: Umbreon|Protect|p2a: Umbreon\n|-singleturn|p2a: Umbreon|Protect\n|move|p1a: Archaludon|Aura Sphere|p2a: Umbreon\n|-activate|p2a: Umbreon|move: Protect\n|\n|-heal|p2a: Umbreon|63/100|[from] item: Leftovers\n|upkeep\n|turn|6\n|\n|t:|1776300194\n|switch|p2a: Primarina|Primarina, L50, F|100/100\n|move|p1a: Archaludon|Aura Sphere|p2a: Primarina\n|-resisted|p2a: Primarina|1\n|-damage|p2a: Primarina|89/100\n|\n|upkeep\n|turn|7\n|\n|t:|1776300201\n|move|p1a: Archaludon|Thunderbolt|p2a: Primarina\n|-supereffective|p2a: Primarina|1\n|-damage|p2a: Primarina|35/100\n|move|p2a: Primarina|Flip Turn|p1a: Archaludon\n|-resisted|p1a: Archaludon|1\n|-damage|p1a: Archaludon|94/100\n|-ability|p1a: Archaludon|Stamina|boost\n|-boost|p1a: Archaludon|def|1\n|-message|DeaRubbish forfeited.\n|\n|win|alswnsjsid\n|raw|alswnsjsid's rating: 1211 &rarr; <strong>1244</strong><br />(+33 for winning)\n|raw|DeaRubbish's rating: 1329 &rarr; <strong>1302</strong><br />(-27 for losing)\n|l|\u2606DeaRubbish\n|player|p2|\n|l|\u2606alswnsjsid\n|player|p1|\n",
  "uploadtime": 1776300212,
  "views": 4,
  "formatid": "gen9championsbssregma",
  "rating": 1244,
  "private": 0,
  "password": null
}