{
  "id": "gen9championsbssregma-2582272592",
  "format": "[Gen 9 Champions] BSS Reg M-A",
  "players": [
    "im_me_re",
    "weakertt"
  ],
  "log": "|j|\u2606im_me_re\n|j|\u2606weakertt\n|t:|1776078516\n|gametype|singles\n|player|p1|im_me_re|265|1130\n|player|p2|weakertt|170|1179\n|gen|9\n|tier|[Gen 9 Champions] BSS Reg M-A\n|rated|\n|rule|Species Clause: Limit one of each Pok\u00e9mon\n|rule|Item Clause: Limit 1 of each item\n|clearpoke\n|poke|p1|Palafin, L50, M|\n|poke|p1|Charizard, L50, M|\n|poke|p1|Garchomp, L50, M|\n|poke|p1|Skarmory, L50, F|\n|poke|p1|Aegislash, L50, F|\n|poke|p1|Delphox, L50, M|\n|poke|p2|Garchomp, L50, F|\n|poke|p2|Azumarill, L50, M|\n|poke|p2|Venusaur, L50, F|\n|poke|p2|Skeledirge, L50, F|\n|poke|p2|Kingambit, L50, F|\n|poke|p2|Dragonite, L50, M|\n|teampreview|3\n|\n|t:|1776078547\n|teamsize|p1|3\n|teamsize|p2|3\n|start\n|switch|p1a: Palafin|Palafin, L50, M, shiny|100/100\n|switch|p2a: Azumarill|Azumarill, L50, M|100/100\n|turn|1\n|\n|t:|1776078552\n|move|p1a: Palafin|Flip Turn|p2a: Azumarill\n|-resisted|p2a: Azumarill|1\n|-damage|p2a: Azumarill|89/100\n|\n|t:|1776078554\n|detailschange|p1a: Palafin|Palafin-Hero, L50, M, shiny\n|switch|p1a: Aegislash|Aegislash, L50, F, shiny|100/100|[from] Flip Turn\n|move|p2a: Azumarill|Belly Drum|p2a: Azumarill\n|-damage|p2a: Azumarill|39/100\n|-setboost|p2a: Azumarill|atk|6|[from] move: Belly Drum\n|-enditem|p2a: Azumarill|Sitrus Berry|[eat]\n|-heal|p2a: Azumarill|64/100|[from] item: Sitrus Berry\n|\n|upkeep\n|turn|2\n|\n|t:|1776078572\n|-formechange|p1a: Aegislash|Aegislash-Blade|\n|move|p1a: Aegislash|Poltergeist||[still]\n|-fail|p1a: Aegislash\n|move|p2a: Azumarill|Liquidation|p1a: Aegislash\n|-damage|p1a: Aegislash|0 fnt\n|faint|p1a: Aegislash\n|\n|upkeep\n|\n|t:|1776078579\n|switch|p1a: Palafin|Palafin-Hero, L50, M, shiny|100/100\n|-activate|p1a: Palafin|ability: Zero to Hero\n|turn|3\n|\n|t:|1776078588\n|move|p1a: Palafin|Wave Crash|p2a: Azumarill\n|-resisted|p2a: Azumarill|1\n|-damage|p2a: Azumarill|25/100\n|-damage|p1a: Palafin|86/100|[from] Recoil\n|move|p2a: Azumarill|Play Rough|p1a: Palafin\n|-crit|p1a: Palafin\n|-damage|p1a: Palafin|0 fnt\n|faint|p1a: Palafin\n|\n|upkeep\n|\n|t:|1776078593\n|switch|p1a: Skarmory|Skarmory, L50, F, shiny|100/100\n|turn|4\n|\n|t:|1776078598\n|move|p2a: Azumarill|Aqua Jet|p1a: Skarmory\n|-damage|p1a: Skarmory|10/100\n|-ability|p1a: Skarmory|Weak Armor|boost\n|-unboost|p1a: Skarmory|def|1\n|-boost|p1a: Skarmory|spe|2\n|move|p1a: Skarmory|Iron Head|p2a: Azumarill\n|-damage|p2a: Azumarill|0 fnt\n|faint|p2a: Azumarill\n|\n|upkeep\n|\n|t:|1776078608\n|switch|p2a: Dragonite|Dragonite, L50, M|100/100\n|turn|5\n|\n|t:|1776078618\n|detailschange|p2a: Dragonite|Dragonite-Mega, L50, M\n|-mega|p2a: Dragonite|Dragonite|Dragoninite\n|move|p1a: Skarmory|Roost|p1a: Skarmory\n|-heal|p1a: Skarmory|60/100\n|-singleturn|p1a: Skarmory|move: Roost\n|move|p2a: Dragonite|Thunder Wave|p1a: Skarmory\n|-status|p1a: Skarmory|par\n|\n|upkeep\n|turn|6\n|\n|t:|1776078633\n|move|p2a: Dragonite|Air Slash|p1a: Skarmory\n|-resisted|p1a: Skarmory|1\n|-damage|p1a: Skarmory|34/100 par\n|move|p1a: Skarmory|Swords Dance|p1a: Skarmory\n|-boost|p1a: Skarmory|atk|2\n|\n|upkeep\n|turn|7\n|\n|t:|1776078639\n|detailschange|p1a: Skarmory|Skarmory-Mega, L50, F, shiny\n|-mega|p1a: Skarmory|Skarmory|Skarmorite\n|cant|p1a: Skarmory|par\n|move|p2a: Dragonite|Air Slash|p1a: Skarmory\n|-resisted|p1a: Skarmory|1\n|-damage|p1a: Skarmory|13/100 par\n|\n|upkeep\n|turn|8\n|\n|t:|1776078645\n|move|p1a: Skarmory|Roost|p1a: Skarmory\n|-heal|p1a: Skarmory|63/100 par\n|-singleturn|p1a: Skarmory|move: Roost\n|move|p2a: Dragonite|Air Slash|p1a: Skarmory\n|-resisted|p1a: Skarmory|1\n|-damage|p1a: Skarmory|42/100 par\n|\n|upkeep\n|turn|9\n|\n|t:|1776078651\n|move|p1a: Skarmory|Roost|p1a: Skarmory\n|-heal|p1a: Skarmory|92/100 par\n|-singleturn|p1a: Skarmory|move: Roost\n|move|p2a: Dragonite|Air Slash|p1a: Skarmory\n|-resisted|p1a: Skarmory|1\n|-damage|p1a: Skarmory|73/100 par\n|\n|upkeep\n|turn|10\n|\n|t:|1776078658\n|move|p1a: Skarmory|Brave Bird|p2a: Dragonite\n|-damage|p2a: Dragonite|61/100\n|-damage|p1a: Skarmory|57/100 par|[from] Recoil\n|move|p2a: Dragonite|Air Slash|p1a: Skarmory\n|-resisted|p1a: Skarmory|1\n|-damage|p1a: Skarmory|36/100 par\n|\n|upkeep\n|turn|11\n|\n|t:|1776078665\n|move|p1a: Skarmory|Roost|p1a: Skarmory\n|-heal|p1a: Skarmory|86/100 par\n|-singleturn|p1a: Skarmory|move: Roost\n|move|p2a: Dragonite|Draco Meteor|p1a: Skarmory\n|-resisted|p1a: Skarmory|1\n|-damage|p1a: Skarmory|53/100 par\n|-unboost|p2a: Dragonite|spa|2\n|\n|upkeep\n|turn|12\n|\n|t:|1776078675\n|move|p1a: Skarmory|Iron Head|p2a: Dragonite\n|-damage|p2a: Dragonite|7/100\n|move|p2a: Dragonite|Air Slash|p1a: Skarmory\n|-resisted|p1a: Skarmory|1\n|-damage|p1a: Skarmory|42/100 par\n|\n|upkeep\n|turn|13\n|\n|t:|1776078682\n|move|p1a: Skarmory|Roost|p1a: Skarmory\n|-heal|p1a: Skarmory|92/100 par\n|-singleturn|p1a: Skarmory|move: Roost\n|move|p2a: Dragonite|Roost|p2a: Dragonite\n|-heal|p2a: Dragonite|57/100\n|-singleturn|p2a: Dragonite|move: Roost\n|\n|upkeep\n|turn|14\n|\n|t:|1776078690\n|move|p1a: Skarmory|Brave Bird|p2a: Dragonite\n|-damage|p2a: Dragonite|0 fnt\n|faint|p2a: Dragonite\n|-damage|p1a: Skarmory|69/100 par|[from] Recoil\n|\n|upkeep\n|\n|t:|1776078695\n|switch|p2a: Kingambit|Kingambit, L50, F|100/100\n|turn|15\n|\n|t:|1776078704\n|move|p1a: Skarmory|Brave Bird|p2a: Kingambit\n|-resisted|p2a: Kingambit|1\n|-damage|p2a: Kingambit|48/100\n|-damage|p1a: Skarmory|46/100 par|[from] Recoil\n|move|p2a: Kingambit|Swords Dance|p2a: Kingambit\n|-boost|p2a: Kingambit|atk|2\n|\n|upkeep\n|turn|16\n|\n|t:|1776078711\n|move|p1a: Skarmory|Roost|p1a: Skarmory\n|-heal|p1a: Skarmory|96/100 par\n|-singleturn|p1a: Skarmory|move: Roost\n|move|p2a: Kingambit|Kowtow Cleave|p1a: Skarmory\n|-damage|p1a: Skarmory|0 fnt\n|faint|p1a: Skarmory\n|\n|win|weakertt\n|raw|im_me_re's rating: 1130 &rarr; <strong>1109</strong><br />(-21 for losing)\n|raw|weakertt's rating: 1179 &rarr; <strong>1200</strong><br />(+21 for winning)\n|j| p74\n|l|\u2606im_me_re\n|player|p1|\n|l|\u2606weakertt\n|player|p2|\n",
  "uploadtime": 1776078793,
  "views": 3,
  "formatid": "gen9championsbssregma",
  "rating": 1109,
  "private": 0,
  "password": null
}