{
  "id": "gen9championsbssregma-2588967574",
  "format": "[Gen 9 Champions] BSS Reg M-A",
  "players": [
    "joguri",
    "AJSlinkkay"
  ],
  "log": "|j|\u2606joguri\n|j|\u2606AJSlinkkay\n|t:|1776690265\n|gametype|singles\n|player|p1|joguri|266|1043\n|player|p2|AJSlinkkay|blaine|1032\n|gen|9\n|tier|[Gen 9 Champions] BSS Reg M-A\n|rated|\n|rule|Species Clause: Limit one of each Pok\u00e9mon\n|rule|Item Clause: Limit 1 of each item\n|clearpoke\n|poke|p1|Lopunny, L50, F|\n|poke|p1|Garchomp, L50, M|\n|poke|p1|Glimmora, L50, M|\n|poke|p1|Primarina, L50, F|\n|poke|p1|Corviknight, L50, M|\n|poke|p1|Clefable, L50, M|\n|poke|p2|Meowscarada, L50, M|\n|poke|p2|Greninja, L50, F|\n|poke|p2|Dragapult, L50, F|\n|poke|p2|Dragonite, L50, M|\n|poke|p2|Glimmora, L50, F|\n|poke|p2|Orthworm, L50, M|\n|teampreview|3\n|inactive|Battle timer is ON: inactive players will automatically lose when time's up. (requested by AJSlinkkay)\n|inactive|AJSlinkkay has 60 seconds left.\n|\n|t:|1776690303\n|teamsize|p1|3\n|teamsize|p2|3\n|start\n|switch|p1a: Lopunny|Lopunny, L50, F|100/100\n|switch|p2a: Greninja|Greninja, L50, F|100/100\n|turn|1\n|\n|t:|1776690323\n|move|p2a: Greninja|Water Shuriken|p1a: Lopunny\n|-start|p2a: Greninja|typechange|Water|[from] ability: Protean\n|-damage|p1a: Lopunny|93/100\n|-damage|p1a: Lopunny|85/100\n|-hitcount|p1a: Lopunny|2\n|move|p1a: Lopunny|Cotton Guard|p1a: Lopunny\n|-boost|p1a: Lopunny|def|3\n|\n|upkeep\n|turn|2\n|\n|t:|1776690333\n|move|p2a: Greninja|Water Shuriken|p1a: Lopunny\n|-damage|p1a: Lopunny|78/100\n|-damage|p1a: Lopunny|70/100\n|-damage|p1a: Lopunny|63/100\n|-damage|p1a: Lopunny|56/100\n|-hitcount|p1a: Lopunny|4\n|move|p1a: Lopunny|Cosmic Power|p1a: Lopunny\n|-boost|p1a: Lopunny|def|1\n|-boost|p1a: Lopunny|spd|1\n|\n|upkeep\n|turn|3\n|\n|t:|1776690344\n|move|p2a: Greninja|Water Shuriken|p1a: Lopunny\n|-damage|p1a: Lopunny|50/100\n|-damage|p1a: Lopunny|45/100\n|-damage|p1a: Lopunny|40/100\n|-damage|p1a: Lopunny|35/100\n|-hitcount|p1a: Lopunny|4\n|cant|p1a: Lopunny|flinch\n|\n|upkeep\n|turn|4\n|\n|t:|1776690354\n|move|p2a: Greninja|Gunk Shot|p1a: Lopunny\n|-damage|p1a: Lopunny|23/100\n|move|p1a: Lopunny|Baton Pass|p1a: Lopunny\n|\n|t:|1776690357\n|switch|p1a: Clefable|Clefable, L50, M|100/100|[from] Baton Pass\n|\n|upkeep\n|turn|5\n|\n|t:|1776690363\n|move|p2a: Greninja|Water Shuriken|p1a: Clefable\n|-damage|p1a: Clefable|96/100\n|-damage|p1a: Clefable|91/100\n|-hitcount|p1a: Clefable|2\n|move|p1a: Clefable|Calm Mind|p1a: Clefable\n|-boost|p1a: Clefable|spa|1\n|-boost|p1a: Clefable|spd|1\n|\n|upkeep\n|turn|6\n|\n|t:|1776690371\n|move|p2a: Greninja|Water Shuriken|p1a: Clefable\n|-damage|p1a: Clefable|88/100\n|-damage|p1a: Clefable|84/100\n|-damage|p1a: Clefable|81/100\n|-hitcount|p1a: Clefable|3\n|move|p1a: Clefable|Calm Mind|p1a: Clefable\n|-boost|p1a: Clefable|spa|1\n|-boost|p1a: Clefable|spd|1\n|\n|upkeep\n|turn|7\n|\n|t:|1776690380\n|move|p2a: Greninja|Water Shuriken|p1a: Clefable\n|-damage|p1a: Clefable|78/100\n|-damage|p1a: Clefable|75/100\n|-hitcount|p1a: Clefable|2\n|move|p1a: Clefable|Calm Mind|p1a: Clefable\n|-boost|p1a: Clefable|spa|1\n|-boost|p1a: Clefable|spd|1\n|\n|upkeep\n|turn|8\n|\n|t:|1776690391\n|move|p2a: Greninja|Water Shuriken|p1a: Clefable\n|-damage|p1a: Clefable|73/100\n|-damage|p1a: Clefable|71/100\n|-damage|p1a: Clefable|69/100\n|-damage|p1a: Clefable|67/100\n|-damage|p1a: Clefable|65/100\n|-hitcount|p1a: Clefable|5\n|cant|p1a: Clefable|flinch\n|\n|upkeep\n|turn|9\n|\n|t:|1776690401\n|move|p2a: Greninja|Water Shuriken|p1a: Clefable\n|-damage|p1a: Clefable|63/100\n|-damage|p1a: Clefable|60/100\n|-damage|p1a: Clefable|58/100\n|-hitcount|p1a: Clefable|3\n|move|p1a: Clefable|Moonlight|p1a: Clefable\n|-heal|p1a: Clefable|100/100\n|\n|upkeep\n|turn|10\n|\n|t:|1776690410\n|move|p2a: Greninja|Ice Beam|p1a: Clefable\n|-damage|p1a: Clefable|92/100\n|move|p1a: Clefable|Calm Mind|p1a: Clefable\n|-boost|p1a: Clefable|spa|1\n|-boost|p1a: Clefable|spd|1\n|\n|upkeep\n|turn|11\n|\n|t:|1776690418\n|move|p2a: Greninja|U-turn|p1a: Clefable\n|-resisted|p1a: Clefable|1\n|-damage|p1a: Clefable|90/100\n|\n|t:|1776690421\n|switch|p2a: Dragonite|Dragonite, L50, M|100/100|[from] U-turn\n|move|p1a: Clefable|Calm Mind|p1a: Clefable\n|-boost|p1a: Clefable|spa|1\n|-boost|p1a: Clefable|spd|1\n|\n|upkeep\n|turn|12\n|\n|t:|1776690435\n|detailschange|p2a: Dragonite|Dragonite-Mega, L50, M\n|-mega|p2a: Dragonite|Dragonite|Dragoninite\n|detailschange|p1a: Clefable|Clefable-Mega, L50, M\n|-mega|p1a: Clefable|Clefable|Clefablite\n|move|p2a: Dragonite|Air Slash|p1a: Clefable\n|-damage|p1a: Clefable|79/100\n|move|p1a: Clefable|Moonblast|p2a: Dragonite\n|-supereffective|p2a: Dragonite|1\n|-damage|p2a: Dragonite|0 fnt\n|faint|p2a: Dragonite\n|\n|upkeep\n|\n|t:|1776690447\n|switch|p2a: Greninja|Greninja, L50, F|100/100\n|turn|13\n|\n|t:|1776690455\n|move|p2a: Greninja|Ice Beam|p1a: Clefable\n|-start|p2a: Greninja|typechange|Ice|[from] ability: Protean\n|-supereffective|p1a: Clefable|1\n|-damage|p1a: Clefable|61/100\n|move|p1a: Clefable|Moonblast|p2a: Greninja\n|-damage|p2a: Greninja|0 fnt\n|faint|p2a: Greninja\n|\n|upkeep\n|\n|t:|1776690465\n|switch|p2a: Dragapult|Dragapult, L50, F|100/100\n|turn|14\n|\n|t:|1776690469\n|move|p2a: Dragapult|Phantom Force||[still]\n|-prepare|p2a: Dragapult|Phantom Force\n|move|p1a: Clefable|Moonblast|p2a: Dragapult|[miss]\n|-miss|p1a: Clefable|p2a: Dragapult\n|\n|upkeep\n|turn|15\n|\n|t:|1776690475\n|move|p2a: Dragapult|Phantom Force|p1a: Clefable|[from] lockedmove\n|-damage|p1a: Clefable|52/100\n|move|p1a: Clefable|Moonblast|p2a: Dragapult\n|-supereffective|p2a: Dragapult|1\n|-damage|p2a: Dragapult|0 fnt\n|faint|p2a: Dragapult\n|\n|win|joguri\n|raw|joguri's rating: 1043 &rarr; <strong>1075</strong><br />(+32 for winning)\n|raw|AJSlinkkay's rating: 1032 &rarr; <strong>1018</strong><br />(-14 for losing)\n|l|\u2606AJSlinkkay\n|player|p2|\n",
  "uploadtime": 1776690482,
  "views": 0,
  "formatid": "gen9championsbssregma",
  "rating": 1018,
  "private": 0,
  "password": null
}