{
  "id": "gen9championsbssregma-2587914916",
  "format": "[Gen 9 Champions] BSS Reg M-A",
  "players": [
    "jaxsha",
    "Mitarashi"
  ],
  "log": "|j|\u2606jaxsha\n|j|\u2606Mitarashi\n|t:|1776578444\n|gametype|singles\n|player|p1|jaxsha|266|1181\n|player|p2|Mitarashi|265|1303\n|gen|9\n|tier|[Gen 9 Champions] BSS Reg M-A\n|rated|\n|rule|Species Clause: Limit one of each Pok\u00e9mon\n|rule|Item Clause: Limit 1 of each item\n|clearpoke\n|poke|p1|Meowscarada, L50, F|\n|poke|p1|Scizor, L50, M|\n|poke|p1|Rotom-Wash, L50|\n|poke|p1|Charizard, L50, M|\n|poke|p1|Primarina, L50, F|\n|poke|p1|Garchomp, L50, F|\n|poke|p2|Tyranitar, L50, M, shiny|\n|poke|p2|Garchomp, L50, M|\n|poke|p2|Hydreigon, L50, F|\n|poke|p2|Aegislash, L50, F, shiny|\n|poke|p2|Venusaur, L50, M|\n|poke|p2|Primarina, L50, F, shiny|\n|teampreview|3\n|inactive|Battle timer is ON: inactive players will automatically lose when time's up. (requested by Mitarashi)\n|inactive|jaxsha has 60 seconds left.\n|\n|t:|1776578511\n|teamsize|p1|3\n|teamsize|p2|3\n|start\n|switch|p1a: Meowscarada|Meowscarada, L50, F|100/100\n|switch|p2a: Venusaur|Venusaur, L50, M|100/100\n|turn|1\n|\n|t:|1776578526\n|switch|p1a: Scizor|Scizor, L50, M|100/100\n|detailschange|p2a: Venusaur|Venusaur-Mega, L50, M\n|-mega|p2a: Venusaur|Venusaur|Venusaurite\n|move|p2a: Venusaur|Leech Seed|p1a: Scizor\n|-start|p1a: Scizor|move: Leech Seed\n|\n|-damage|p1a: Scizor|88/100|[from] Leech Seed|[of] p2a: Venusaur\n|upkeep\n|turn|2\n|\n|t:|1776578540\n|move|p2a: Venusaur|Earth Power|p1a: Scizor\n|-damage|p1a: Scizor|59/100\n|move|p1a: Scizor|Swords Dance|p1a: Scizor\n|-boost|p1a: Scizor|atk|2\n|\n|-damage|p1a: Scizor|47/100|[from] Leech Seed|[of] p2a: Venusaur\n|upkeep\n|turn|3\n|\n|t:|1776578551\n|switch|p2a: Aegislash|Aegislash, L50, F, shiny|100/100\n|detailschange|p1a: Scizor|Scizor-Mega, L50, M\n|-mega|p1a: Scizor|Scizor|Scizorite\n|move|p1a: Scizor|Roost|p1a: Scizor\n|-heal|p1a: Scizor|97/100\n|-singleturn|p1a: Scizor|move: Roost\n|\n|-damage|p1a: Scizor|85/100|[from] Leech Seed|[of] p2a: Aegislash\n|upkeep\n|turn|4\n|\n|t:|1776578565\n|switch|p1a: Rotom|Rotom-Wash, L50|100/100\n|move|p2a: Aegislash|Swords Dance|p2a: Aegislash\n|-boost|p2a: Aegislash|atk|2\n|\n|upkeep\n|turn|5\n|inactive|jaxsha has 30 seconds left.\n|\n|t:|1776578594\n|move|p1a: Rotom|Will-O-Wisp|p2a: Aegislash\n|-status|p2a: Aegislash|brn\n|-formechange|p2a: Aegislash|Aegislash-Blade|\n|move|p2a: Aegislash|Poltergeist|p1a: Rotom\n|-activate|p1a: Rotom|move: Poltergeist|Choice Scarf\n|-damage|p1a: Rotom|6/100\n|\n|-damage|p2a: Aegislash|95/100 brn|[from] brn\n|upkeep\n|turn|6\n|\n|t:|1776578605\n|move|p2a: Aegislash|Shadow Sneak|p1a: Rotom\n|-damage|p1a: Rotom|0 fnt\n|faint|p1a: Rotom\n|\n|-damage|p2a: Aegislash|89/100 brn|[from] brn\n|upkeep\n|\n|t:|1776578613\n|switch|p1a: Meowscarada|Meowscarada, L50, F|100/100\n|turn|7\n|\n|t:|1776578621\n|switch|p2a: Venusaur|Venusaur-Mega, L50, M|100/100\n|move|p1a: Meowscarada|Knock Off|p2a: Venusaur\n|-start|p1a: Meowscarada|typechange|Dark|[from] ability: Protean\n|-damage|p2a: Venusaur|81/100\n|\n|upkeep\n|turn|8\n|\n|t:|1776578633\n|move|p1a: Meowscarada|Taunt|p2a: Venusaur\n|-start|p2a: Venusaur|move: Taunt\n|cant|p2a: Venusaur|move: Taunt|Leech Seed\n|\n|upkeep\n|turn|9\n|\n|t:|1776578642\n|switch|p2a: Hydreigon|Hydreigon, L50, F|100/100\n|move|p1a: Meowscarada|Triple Axel|p2a: Hydreigon\n|-supereffective|p2a: Hydreigon|1\n|-damage|p2a: Hydreigon|85/100\n|-supereffective|p2a: Hydreigon|1\n|-damage|p2a: Hydreigon|56/100\n|-supereffective|p2a: Hydreigon|1\n|-damage|p2a: Hydreigon|12/100\n|-hitcount|p2a: Hydreigon|3\n|\n|upkeep\n|turn|10\n|\n|t:|1776578653\n|switch|p1a: Scizor|Scizor-Mega, L50, M|85/100\n|move|p2a: Hydreigon|Flamethrower|p1a: Scizor\n|-supereffective|p1a: Scizor|2\n|-damage|p1a: Scizor|0 fnt\n|faint|p1a: Scizor\n|\n|upkeep\n|\n|t:|1776578662\n|switch|p1a: Meowscarada|Meowscarada, L50, F|100/100\n|turn|11\n|\n|t:|1776578669\n|move|p2a: Hydreigon|Flamethrower|p1a: Meowscarada\n|-supereffective|p1a: Meowscarada|1\n|-enditem|p1a: Meowscarada|Focus Sash\n|-damage|p1a: Meowscarada|1/100\n|move|p1a: Meowscarada|Triple Axel|p2a: Hydreigon\n|-start|p1a: Meowscarada|typechange|Ice|[from] ability: Protean\n|-supereffective|p2a: Hydreigon|1\n|-damage|p2a: Hydreigon|0 fnt\n|faint|p2a: Hydreigon\n|-hitcount|p2: Hydreigon|1\n|\n|upkeep\n|\n|t:|1776578682\n|switch|p2a: Aegislash|Aegislash, L50, F, shiny|89/100 brn\n|turn|12\n|\n|t:|1776578687\n|-formechange|p2a: Aegislash|Aegislash-Blade|\n|move|p2a: Aegislash|Shadow Sneak|p1a: Meowscarada\n|-damage|p1a: Meowscarada|0 fnt\n|faint|p1a: Meowscarada\n|\n|win|Mitarashi\n|raw|jaxsha's rating: 1181 &rarr; <strong>1164</strong><br />(-17 for losing)\n|raw|Mitarashi's rating: 1303 &rarr; <strong>1316</strong><br />(+13 for winning)\n|l|\u2606Mitarashi\n|player|p2|\n",
  "uploadtime": 1776578694,
  "views": 10,
  "formatid": "gen9championsbssregma",
  "rating": 1164,
  "private": 0,
  "password": null
}