{
  "id": "gen9championsbssregma-2588961247",
  "format": "[Gen 9 Champions] BSS Reg M-A",
  "players": [
    "mimikyu0607",
    "aceman2798"
  ],
  "log": "|j|\u2606mimikyu0607\n|j|\u2606aceman2798\n|t:|1776689732\n|gametype|singles\n|player|p1|mimikyu0607|1|1139\n|player|p2|aceman2798|sada-ai|1132\n|gen|9\n|tier|[Gen 9 Champions] BSS Reg M-A\n|rated|\n|rule|Species Clause: Limit one of each Pok\u00e9mon\n|rule|Item Clause: Limit 1 of each item\n|clearpoke\n|poke|p1|Arcanine, L50, F|\n|poke|p1|Tyranitar, L50, M|\n|poke|p1|Garchomp, L50, M|\n|poke|p1|Basculegion, L50, M|\n|poke|p1|Mimikyu, L50, F|\n|poke|p1|Floette-Eternal, L50, F, shiny|\n|poke|p2|Ceruledge, L50, F|\n|poke|p2|Samurott-Hisui, L50, M|\n|poke|p2|Araquanid, L50, M|\n|poke|p2|Glimmora, L50, M|\n|poke|p2|Noivern, L50, M|\n|poke|p2|Lucario, L50, F|\n|teampreview|3\n|inactive|Battle timer is ON: inactive players will automatically lose when time's up. (requested by mimikyu0607)\n|\n|t:|1776689838\n|teamsize|p1|3\n|teamsize|p2|3\n|start\n|switch|p1a: Tyranitar|Tyranitar, L50, M|100/100\n|switch|p2a: Araquanid|Araquanid, L50, M|100/100\n|-weather|Sandstorm|[from] ability: Sand Stream|[of] p1a: Tyranitar\n|turn|1\n|\n|t:|1776689857\n|move|p1a: Tyranitar|Rock Tomb|p2a: Araquanid\n|-supereffective|p2a: Araquanid|1\n|-damage|p2a: Araquanid|8/100\n|-unboost|p2a: Araquanid|spe|1\n|move|p2a: Araquanid|Sticky Web|p1a: Tyranitar\n|-sidestart|p1: mimikyu0607|move: Sticky Web\n|\n|-weather|Sandstorm|[upkeep]\n|-damage|p2a: Araquanid|2/100|[from] Sandstorm\n|upkeep\n|turn|2\n|\n|t:|1776689868\n|move|p1a: Tyranitar|Crunch|p2a: Araquanid\n|-crit|p2a: Araquanid\n|-damage|p2a: Araquanid|0 fnt\n|faint|p2a: Araquanid\n|\n|-weather|Sandstorm|[upkeep]\n|upkeep\n|\n|t:|1776689887\n|switch|p2a: Samurott|Samurott-Hisui, L50, M|100/100\n|turn|3\n|\n|t:|1776689903\n|move|p2a: Samurott|Ceaseless Edge|p1a: Tyranitar|[miss]\n|-miss|p2a: Samurott|p1a: Tyranitar\n|move|p1a: Tyranitar|Rock Tomb|p2a: Samurott|[miss]\n|-miss|p1a: Tyranitar|p2a: Samurott\n|\n|-weather|Sandstorm|[upkeep]\n|-damage|p2a: Samurott|95/100|[from] Sandstorm\n|upkeep\n|turn|4\n|\n|t:|1776689912\n|move|p2a: Samurott|Ceaseless Edge|p1a: Tyranitar\n|-resisted|p1a: Tyranitar|1\n|-damage|p1a: Tyranitar|75/100\n|-sidestart|p1: mimikyu0607|Spikes\n|move|p1a: Tyranitar|Rock Tomb|p2a: Samurott\n|-damage|p2a: Samurott|49/100\n|-unboost|p2a: Samurott|spe|1\n|\n|-weather|Sandstorm|[upkeep]\n|-damage|p2a: Samurott|43/100|[from] Sandstorm\n|upkeep\n|turn|5\n|\n|t:|1776689940\n|move|p1a: Tyranitar|Rock Tomb|p2a: Samurott\n|-damage|p2a: Samurott|1/100\n|-unboost|p2a: Samurott|spe|1\n|move|p2a: Samurott|Ceaseless Edge|p1a: Tyranitar\n|-resisted|p1a: Tyranitar|1\n|-damage|p1a: Tyranitar|50/100\n|-sidestart|p1: mimikyu0607|Spikes\n|\n|-weather|none\n|upkeep\n|turn|6\n|\n|t:|1776689953\n|move|p2a: Samurott|Aqua Jet|p1a: Tyranitar\n|-supereffective|p1a: Tyranitar|1\n|-damage|p1a: Tyranitar|12/100\n|move|p1a: Tyranitar|Stealth Rock|p2a: Samurott\n|-sidestart|p2: aceman2798|move: Stealth Rock\n|\n|upkeep\n|turn|7\n|\n|t:|1776689960\n|move|p2a: Samurott|Aqua Jet|p1a: Tyranitar\n|-supereffective|p1a: Tyranitar|1\n|-damage|p1a: Tyranitar|0 fnt\n|faint|p1a: Tyranitar\n|\n|upkeep\n|\n|t:|1776689965\n|switch|p1a: Garchomp|Garchomp, L50, M|100/100\n|-activate|p1a: Garchomp|move: Sticky Web\n|-unboost|p1a: Garchomp|spe|1\n|-damage|p1a: Garchomp|84/100|[from] Spikes\n|turn|8\n|\n|t:|1776689974\n|move|p1a: Garchomp|Scale Shot|p2a: Samurott\n|-damage|p2a: Samurott|0 fnt\n|faint|p2a: Samurott\n|-hitcount|p2: Samurott|1\n|-unboost|p1a: Garchomp|def|1\n|-boost|p1a: Garchomp|spe|1\n|\n|upkeep\n|\n|t:|1776689976\n|switch|p2a: Lucario|Lucario, L50, F|100/100\n|-damage|p2a: Lucario|98/100|[from] Stealth Rock\n|turn|9\n|\n|t:|1776689989\n|detailschange|p2a: Lucario|Lucario-Mega, L50, F\n|-mega|p2a: Lucario|Lucario|Lucarionite\n|detailschange|p1a: Garchomp|Garchomp-Mega, L50, M\n|-mega|p1a: Garchomp|Garchomp|Garchompite\n|move|p2a: Lucario|Meteor Mash|p1a: Garchomp\n|-damage|p1a: Garchomp|0 fnt\n|faint|p1a: Garchomp\n|\n|upkeep\n|\n|t:|1776689998\n|switch|p1a: Mimikyu|Mimikyu, L50, F|100/100\n|-activate|p1a: Mimikyu|move: Sticky Web\n|-unboost|p1a: Mimikyu|spe|1\n|-damage|p1a: Mimikyu|84/100|[from] Spikes\n|turn|10\n|\n|t:|1776690005\n|move|p2a: Lucario|Meteor Mash|p1a: Mimikyu\n|-activate|p1a: Mimikyu|ability: Disguise\n|-damage|p1a: Mimikyu|84/100\n|detailschange|p1a: Mimikyu|Mimikyu-Busted, L50, F\n|-damage|p1a: Mimikyu|72/100|[from] pokemon: Mimikyu-Busted\n|move|p1a: Mimikyu|Drain Punch|p2a: Lucario\n|-supereffective|p2a: Lucario|1\n|-damage|p2a: Lucario|36/100\n|-heal|p1a: Mimikyu|100/100|[from] drain|[of] p2a: Lucario\n|\n|upkeep\n|turn|11\n|\n|t:|1776690021\n|move|p2a: Lucario|Bullet Punch|p1a: Mimikyu\n|-supereffective|p1a: Mimikyu|1\n|-damage|p1a: Mimikyu|17/100\n|move|p1a: Mimikyu|Shadow Sneak|p2a: Lucario\n|-damage|p2a: Lucario|10/100\n|\n|upkeep\n|turn|12\n|-message|mimikyu0607 forfeited.\n|\n|win|aceman2798\n|raw|mimikyu0607's rating: 1139 &rarr; <strong>1113</strong><br />(-26 for losing)\n|raw|aceman2798's rating: 1132 &rarr; <strong>1158</strong><br />(+26 for winning)\n|l|\u2606mimikyu0607\n|player|p1|\n",
  "uploadtime": 1776690045,
  "views": 0,
  "formatid": "gen9championsbssregma",
  "rating": 1113,
  "private": 0,
  "password": null
}