{
  "id": "gen9championsbssregma-2584914765",
  "format": "[Gen 9 Champions] BSS Reg M-A",
  "players": [
    "Mob777",
    "isaacmora22"
  ],
  "log": "|j|\u2606Mob777\n|j|\u2606isaacmora22\n|t:|1776294099\n|gametype|singles\n|player|p1|Mob777|n|1107\n|player|p2|isaacmora22|hilbert|1055\n|gen|9\n|tier|[Gen 9 Champions] BSS Reg M-A\n|rated|\n|rule|Species Clause: Limit one of each Pok\u00e9mon\n|rule|Item Clause: Limit 1 of each item\n|clearpoke\n|poke|p1|Hawlucha, L50, M|\n|poke|p1|Dragapult, L50, M|\n|poke|p1|Glimmora, L50, M|\n|poke|p1|Kangaskhan, L50, F|\n|poke|p1|Espathra, L50, F|\n|poke|p1|Meowscarada, L50, M|\n|poke|p2|Flareon, L50, M|\n|poke|p2|Dragonite, L50, M|\n|poke|p2|Luxray, L50, M|\n|poke|p2|Clawitzer, L50, M|\n|poke|p2|Sableye, L50, M|\n|poke|p2|Archaludon, L50, F|\n|teampreview|3\n|\n|t:|1776294120\n|teamsize|p1|3\n|teamsize|p2|3\n|start\n|switch|p1a: Glimmora|Glimmora, L50, M|100/100\n|switch|p2a: Erwin|Clawitzer, L50, M|100/100\n|turn|1\n|\n|t:|1776294127\n|move|p1a: Glimmora|Stealth Rock|p2a: Erwin\n|-sidestart|p2: isaacmora22|move: Stealth Rock\n|move|p2a: Erwin|Water Pulse|p1a: Glimmora\n|-supereffective|p1a: Glimmora|1\n|-damage|p1a: Glimmora|19/100\n|\n|upkeep\n|turn|2\n|\n|t:|1776294135\n|move|p1a: Glimmora|Spikes|p2a: Erwin\n|-sidestart|p2: isaacmora22|Spikes\n|move|p2a: Erwin|Water Pulse|p1a: Glimmora\n|-supereffective|p1a: Glimmora|1\n|-damage|p1a: Glimmora|0 fnt\n|faint|p1a: Glimmora\n|\n|upkeep\n|\n|t:|1776294141\n|switch|p1a: Kangaskhan|Kangaskhan, L50, F|100/100\n|turn|3\n|\n|t:|1776294144\n|detailschange|p1a: Kangaskhan|Kangaskhan-Mega, L50, F\n|-mega|p1a: Kangaskhan|Kangaskhan|Kangaskhanite\n|move|p1a: Kangaskhan|Fake Out|p2a: Erwin\n|-damage|p2a: Erwin|83/100\n|-damage|p2a: Erwin|79/100\n|-hitcount|p2a: Erwin|2\n|cant|p2a: Erwin|flinch\n|\n|upkeep\n|turn|4\n|\n|t:|1776294153\n|move|p1a: Kangaskhan|Body Slam|p2a: Erwin\n|-damage|p2a: Erwin|40/100\n|-damage|p2a: Erwin|31/100\n|-hitcount|p2a: Erwin|2\n|move|p2a: Erwin|Aura Sphere|p1a: Kangaskhan\n|-supereffective|p1a: Kangaskhan|1\n|-crit|p1a: Kangaskhan\n|-damage|p1a: Kangaskhan|0 fnt\n|faint|p1a: Kangaskhan\n|\n|upkeep\n|\n|t:|1776294159\n|switch|p1a: Dragapult|Dragapult, L50, M|100/100\n|turn|5\n|\n|t:|1776294166\n|move|p1a: Dragapult|Hex|p2a: Erwin\n|-damage|p2a: Erwin|0 fnt\n|faint|p2a: Erwin\n|\n|upkeep\n|\n|t:|1776294173\n|switch|p2a: Migo|Dragonite, L50, M|100/100\n|-damage|p2a: Migo|75/100|[from] Stealth Rock\n|turn|6\n|\n|t:|1776294179\n|detailschange|p2a: Migo|Dragonite-Mega, L50, M\n|-mega|p2a: Migo|Dragonite|Dragoninite\n|move|p1a: Dragapult|Draco Meteor|p2a: Migo\n|-supereffective|p2a: Migo|1\n|-damage|p2a: Migo|0 fnt\n|-unboost|p1a: Dragapult|spa|2\n|faint|p2a: Migo\n|\n|upkeep\n|\n|t:|1776294188\n|switch|p2a: Camden|Flareon, L50, M|100/100\n|-damage|p2a: Camden|75/100|[from] Stealth Rock\n|-damage|p2a: Camden|63/100|[from] Spikes\n|turn|7\n|\n|t:|1776294197\n|move|p1a: Dragapult|Thunder Wave|p2a: Camden\n|-status|p2a: Camden|par\n|move|p2a: Camden|Flare Blitz|p1a: Dragapult\n|-resisted|p1a: Dragapult|1\n|-crit|p1a: Dragapult\n|-damage|p1a: Dragapult|27/100\n|-damage|p2a: Camden|40/100 par|[from] Recoil\n|\n|-heal|p2a: Camden|46/100 par|[from] item: Leftovers\n|upkeep\n|turn|8\n|\n|t:|1776294207\n|move|p1a: Dragapult|Hex|p2a: Camden\n|-damage|p2a: Camden|14/100 par\n|move|p2a: Camden|Flare Blitz|p1a: Dragapult\n|-resisted|p1a: Dragapult|1\n|-damage|p1a: Dragapult|0 fnt\n|faint|p1a: Dragapult\n|-damage|p2a: Camden|6/100 par|[from] Recoil\n|\n|win|isaacmora22\n|raw|Mob777's rating: 1107 &rarr; <strong>1078</strong><br />(-29 for losing)\n|raw|isaacmora22's rating: 1055 &rarr; <strong>1091</strong><br />(+36 for winning)\n|l|\u2606Mob777\n|player|p1|\n",
  "uploadtime": 1776294221,
  "views": 4,
  "formatid": "gen9championsbssregma",
  "rating": 1078,
  "private": 0,
  "password": null
}