{
  "id": "gen9championsbssregma-2583173335",
  "format": "[Gen 9 Champions] BSS Reg M-A",
  "players": [
    "perfectnine",
    "kerom.pk"
  ],
  "log": "|j|\u2606perfectnine\n|j|\u203dkerom.pk\n|t:|1776150916\n|gametype|singles\n|player|p1|perfectnine|170|1300\n|player|p2|kerom.pk|170|1333\n|gen|9\n|tier|[Gen 9 Champions] BSS Reg M-A\n|rated|\n|rule|Species Clause: Limit one of each Pok\u00e9mon\n|rule|Item Clause: Limit 1 of each item\n|clearpoke\n|poke|p1|Meganium, L50, M|\n|poke|p1|Emboar, L50, F|\n|poke|p1|Gyarados, L50, F|\n|poke|p1|Tyranitar, L50, M|\n|poke|p1|Archaludon, L50, M|\n|poke|p1|Corviknight, L50, M|\n|poke|p2|Garchomp, L50, F|\n|poke|p2|Gengar, L50, F|\n|poke|p2|Umbreon, L50, F|\n|poke|p2|Clefable, L50, M|\n|poke|p2|Venusaur, L50, M|\n|poke|p2|Tauros-Paldea-Blaze, L50, M|\n|teampreview|3\n|inactive|Battle timer is ON: inactive players will automatically lose when time's up. (requested by kerom.pk)\n|j| p74\n|inactive|perfectnine has 60 seconds left.\n|\n|t:|1776150953\n|teamsize|p1|3\n|teamsize|p2|3\n|start\n|switch|p1a: Gyarados|Gyarados, L50, F|100/100\n|switch|p2a: Gengar|Gengar, L50, F|100/100\n|-ability|p1a: Gyarados|Intimidate|boost\n|-unboost|p2a: Gengar|atk|1\n|turn|1\n|\n|t:|1776150965\n|switch|p2a: Umbreon|Umbreon, L50, F|100/100\n|move|p1a: Gyarados|Aqua Tail|p2a: Umbreon\n|-damage|p2a: Umbreon|72/100\n|\n|-heal|p2a: Umbreon|78/100|[from] item: Leftovers\n|upkeep\n|turn|2\n|\n|t:|1776150973\n|switch|p1a: Emboar|Emboar, L50, F|100/100\n|move|p2a: Umbreon|Foul Play|p1a: Emboar\n|-resisted|p1a: Emboar|1\n|-damage|p1a: Emboar|81/100\n|\n|-heal|p2a: Umbreon|84/100|[from] item: Leftovers\n|upkeep\n|turn|3\n|\n|t:|1776150987\n|detailschange|p1a: Emboar|Emboar-Mega, L50, F\n|-mega|p1a: Emboar|Emboar|Emboarite\n|-ability|p1a: Emboar|Mold Breaker\n|move|p2a: Umbreon|Yawn|p1a: Emboar\n|-start|p1a: Emboar|move: Yawn|[of] p2a: Umbreon\n|move|p1a: Emboar|Focus Blast|p2a: Umbreon\n|-supereffective|p2a: Umbreon|1\n|-damage|p2a: Umbreon|4/100\n|-unboost|p2a: Umbreon|spd|1\n|\n|-heal|p2a: Umbreon|10/100|[from] item: Leftovers\n|upkeep\n|turn|4\n|\n|t:|1776150999\n|switch|p1a: Corviknight|Corviknight, L50, M|100/100\n|move|p2a: Umbreon|Wish|p2a: Umbreon\n|\n|-heal|p2a: Umbreon|16/100|[from] item: Leftovers\n|upkeep\n|turn|5\n|\n|t:|1776151014\n|switch|p1a: Emboar|Emboar-Mega, L50, F|81/100\n|-ability|p1a: Emboar|Mold Breaker\n|move|p2a: Umbreon|Protect||[still]\n|-fail|p2a: Umbreon\n|\n|-heal|p2a: Umbreon|66/100|[from] move: Wish|[wisher] Umbreon\n|-heal|p2a: Umbreon|72/100|[from] item: Leftovers\n|upkeep\n|turn|6\n|\n|t:|1776151024\n|move|p2a: Umbreon|Yawn|p1a: Emboar\n|-start|p1a: Emboar|move: Yawn|[of] p2a: Umbreon\n|move|p1a: Emboar|Focus Blast|p2a: Umbreon|[miss]\n|-miss|p1a: Emboar|p2a: Umbreon\n|\n|-heal|p2a: Umbreon|78/100|[from] item: Leftovers\n|upkeep\n|turn|7\n|\n|t:|1776151031\n|switch|p2a: Gengar|Gengar, L50, F|100/100\n|switch|p1a: Corviknight|Corviknight, L50, M|100/100\n|\n|upkeep\n|turn|8\n|\n|t:|1776151045\n|switch|p1a: Gyarados|Gyarados, L50, F|100/100\n|-ability|p1a: Gyarados|Intimidate|boost\n|-unboost|p2a: Gengar|atk|1\n|detailschange|p2a: Gengar|Gengar-Mega, L50, F\n|-mega|p2a: Gengar|Gengar|Gengarite\n|move|p2a: Gengar|Shadow Ball|p1a: Gyarados\n|-damage|p1a: Gyarados|49/100\n|\n|upkeep\n|turn|9\n|\n|t:|1776151053\n|move|p2a: Gengar|Sludge Wave|p1a: Gyarados\n|-damage|p1a: Gyarados|0 fnt\n|faint|p1a: Gyarados\n|\n|upkeep\n|-message|perfectnine forfeited.\n|\n|win|kerom.pk\n|raw|perfectnine's rating: 1300 &rarr; <strong>1277</strong><br />(-23 for losing)\n|raw|kerom.pk's rating: 1333 &rarr; <strong>1351</strong><br />(+18 for winning)\n|l|\u2606perfectnine\n|player|p1|\n|l|\u203dkerom.pk\n|player|p2|\n",
  "uploadtime": 1776151109,
  "views": 3,
  "formatid": "gen9championsbssregma",
  "rating": 1277,
  "private": 0,
  "password": null
}