{
  "id": "gen9championsbssregma-2584054963",
  "format": "[Gen 9 Champions] BSS Reg M-A",
  "players": [
    "lligand",
    "deokso king"
  ],
  "log": "|j|\u2606lligand\n|j|\u2606deokso king\n|t:|1776220653\n|gametype|singles\n|player|p1|lligand|265|1209\n|player|p2|deokso king|bellelba|1344\n|gen|9\n|tier|[Gen 9 Champions] BSS Reg M-A\n|rated|\n|rule|Species Clause: Limit one of each Pok\u00e9mon\n|rule|Item Clause: Limit 1 of each item\n|clearpoke\n|poke|p1|Glimmora, L50, F|\n|poke|p1|Lucario, L50, M|\n|poke|p1|Runerigus, L50, F|\n|poke|p1|Whimsicott, L50, M|\n|poke|p1|Dragonite, L50, F|\n|poke|p1|Primarina, L50, M|\n|poke|p2|Toxapex, L50, M|\n|poke|p2|Garchomp, L50, F|\n|poke|p2|Hydreigon, L50, F|\n|poke|p2|Scizor, L50, M|\n|poke|p2|Gengar, L50, M|\n|poke|p2|Aegislash, L50, F|\n|teampreview|3\n|inactive|Battle timer is ON: inactive players will automatically lose when time's up. (requested by deokso king)\n|\n|t:|1776220684\n|teamsize|p1|3\n|teamsize|p2|3\n|start\n|switch|p1a: Runerigus|Runerigus, L50, F|100/100\n|switch|p2a: Scizor|Scizor, L50, M|100/100\n|turn|1\n|inactive|deokso king has 30 seconds left.\n|inactive|deokso king has 20 seconds left.\n|inactive|deokso king has 15 seconds left.\n|\n|t:|1776220724\n|move|p2a: Scizor|Swords Dance|p2a: Scizor\n|-boost|p2a: Scizor|atk|2\n|move|p1a: Runerigus|Will-O-Wisp|p2a: Scizor\n|-status|p2a: Scizor|brn\n|\n|-damage|p2a: Scizor|94/100 brn|[from] brn\n|upkeep\n|turn|2\n|j| p74\n|l|\u2606lligand\n|inactive|lligand disconnected and has a minute to reconnect!\n|player|p1|\n|inactive|lligand has 30 seconds left.\n|j|\u2606lligand\n|inactive|lligand reconnected and has 25 seconds left.\n|player|p1|lligand|265|\n|\n|t:|1776220757\n|move|p2a: Scizor|Swords Dance|p2a: Scizor\n|-boost|p2a: Scizor|atk|2\n|move|p1a: Runerigus|Poltergeist|p2a: Scizor\n|-activate|p2a: Scizor|move: Poltergeist|Scizorite\n|-damage|p2a: Scizor|64/100 brn\n|\n|-damage|p2a: Scizor|58/100 brn|[from] brn\n|upkeep\n|turn|3\n|\n|t:|1776220772\n|move|p2a: Scizor|Roost|p2a: Scizor\n|-heal|p2a: Scizor|100/100 brn\n|-singleturn|p2a: Scizor|move: Roost\n|move|p1a: Runerigus|Will-O-Wisp|p2a: Scizor\n|-fail|p2a: Scizor|brn\n|\n|-damage|p2a: Scizor|94/100 brn|[from] brn\n|upkeep\n|turn|4\n|\n|t:|1776220777\n|move|p2a: Scizor|Swords Dance|p2a: Scizor\n|-boost|p2a: Scizor|atk|2\n|move|p1a: Runerigus|Poltergeist|p2a: Scizor|[miss]\n|-miss|p1a: Runerigus|p2a: Scizor\n|\n|-damage|p2a: Scizor|88/100 brn|[from] brn\n|upkeep\n|turn|5\n|\n|t:|1776220782\n|move|p2a: Scizor|Knock Off|p1a: Runerigus\n|-supereffective|p1a: Runerigus|1\n|-damage|p1a: Runerigus|17/100\n|-activate|p2a: Scizor|Skill Swap|Wandering Spirit|Technician|[of] p1a: Runerigus\n|-enditem|p1a: Runerigus|Sitrus Berry|[from] move: Knock Off|[of] p2a: Scizor\n|move|p1a: Runerigus|Poltergeist|p2a: Scizor\n|-activate|p2a: Scizor|move: Poltergeist|Scizorite\n|-damage|p2a: Scizor|58/100 brn\n|\n|-damage|p2a: Scizor|51/100 brn|[from] brn\n|upkeep\n|turn|6\n|\n|t:|1776220791\n|move|p2a: Scizor|Roost|p2a: Scizor\n|-heal|p2a: Scizor|100/100 brn\n|-singleturn|p2a: Scizor|move: Roost\n|move|p1a: Runerigus|Curse|p2a: Scizor\n|-start|p2a: Scizor|Curse|[of] p1a: Runerigus\n|-damage|p1a: Runerigus|0 fnt\n|faint|p1a: Runerigus\n|\n|-damage|p2a: Scizor|94/100 brn|[from] brn\n|-damage|p2a: Scizor|69/100 brn|[from] Curse\n|upkeep\n|\n|t:|1776220795\n|switch|p1a: Dragonite|Dragonite, L50, F|100/100\n|turn|7\n|\n|t:|1776220804\n|detailschange|p1a: Dragonite|Dragonite-Mega, L50, F\n|-mega|p1a: Dragonite|Dragonite|Dragoninite\n|detailschange|p2a: Scizor|Scizor-Mega, L50, M\n|-mega|p2a: Scizor|Scizor|Scizorite\n|move|p2a: Scizor|Bullet Punch|p1a: Dragonite\n|-damage|p1a: Dragonite|77/100\n|move|p1a: Dragonite|Air Slash|p2a: Scizor\n|-damage|p2a: Scizor|25/100 brn\n|\n|-damage|p2a: Scizor|19/100 brn|[from] brn\n|-damage|p2a: Scizor|0 fnt|[from] Curse\n|faint|p2a: Scizor\n|upkeep\n|\n|t:|1776220816\n|switch|p2a: Hydreigon|Hydreigon, L50, F|100/100\n|turn|8\n|\n|t:|1776220831\n|move|p2a: Hydreigon|Draco Meteor|p1a: Dragonite|[miss]\n|-miss|p2a: Hydreigon|p1a: Dragonite\n|move|p1a: Dragonite|Draco Meteor|p2a: Hydreigon\n|-supereffective|p2a: Hydreigon|1\n|-damage|p2a: Hydreigon|0 fnt\n|-unboost|p1a: Dragonite|spa|2\n|faint|p2a: Hydreigon\n|\n|upkeep\n|\n|t:|1776220837\n|switch|p2a: Aegislash|Aegislash, L50, F|100/100\n|turn|9\n|\n|t:|1776220846\n|switch|p1a: Primarina|Primarina, L50, M|100/100\n|move|p2a: Aegislash|Swords Dance|p2a: Aegislash\n|-boost|p2a: Aegislash|atk|2\n|\n|upkeep\n|turn|10\n|\n|t:|1776220856\n|-formechange|p2a: Aegislash|Aegislash-Blade|\n|move|p2a: Aegislash|Iron Head|p1a: Primarina\n|-damage|p1a: Primarina|0 fnt\n|faint|p1a: Primarina\n|\n|upkeep\n|\n|t:|1776220862\n|switch|p1a: Dragonite|Dragonite-Mega, L50, F|77/100\n|turn|11\n|\n|t:|1776220866\n|move|p2a: Aegislash|Shadow Sneak|p1a: Dragonite\n|-damage|p1a: Dragonite|34/100\n|move|p1a: Dragonite|Draco Meteor|p2a: Aegislash\n|-resisted|p2a: Aegislash|1\n|-damage|p2a: Aegislash|29/100\n|-unboost|p1a: Dragonite|spa|2\n|\n|-heal|p2a: Aegislash|34/100|[from] item: Leftovers\n|upkeep\n|turn|12\n|inactive|lligand has 30 seconds left.\n|\n|t:|1776220895\n|move|p2a: Aegislash|Shadow Sneak|p1a: Dragonite\n|-damage|p1a: Dragonite|0 fnt\n|faint|p1a: Dragonite\n|\n|win|deokso king\n|raw|lligand's rating: 1209 &rarr; <strong>1193</strong><br />(-16 for losing)\n|raw|deokso king's rating: 1344 &rarr; <strong>1357</strong><br />(+13 for winning)\n|l|\u2606lligand\n|player|p1|\n|l|\u2606deokso king\n|player|p2|\n",
  "uploadtime": 1776220930,
  "views": 1,
  "formatid": "gen9championsbssregma",
  "rating": 1193,
  "private": 0,
  "password": null
}