{
  "id": "gen9championsbssregma-2588850062",
  "format": "[Gen 9 Champions] BSS Reg M-A",
  "players": [
    "Bbbkty",
    "skylsh6080"
  ],
  "log": "|j|\u2606Bbbkty\n|j|\u2606skylsh6080\n|t:|1776678380\n|gametype|singles\n|player|p1|Bbbkty|1|1153\n|player|p2|skylsh6080|101|1122\n|gen|9\n|tier|[Gen 9 Champions] BSS Reg M-A\n|rated|\n|rule|Species Clause: Limit one of each Pok\u00e9mon\n|rule|Item Clause: Limit 1 of each item\n|clearpoke\n|poke|p1|Clefable, L50, F|\n|poke|p1|Charizard, L50, F|\n|poke|p1|Mimikyu, L50, M|\n|poke|p1|Kingambit, L50, M|\n|poke|p1|Espathra, L50, F|\n|poke|p1|Glimmora, L50, F|\n|poke|p2|Garchomp, L50, F|\n|poke|p2|Archaludon, L50, M|\n|poke|p2|Primarina, L50, F|\n|poke|p2|Charizard, L50, F, shiny|\n|poke|p2|Hippowdon, L50, M|\n|poke|p2|Rotom-Wash, L50|\n|teampreview|3\n|inactive|Battle timer is ON: inactive players will automatically lose when time's up. (requested by Bbbkty)\n|\n|t:|1776678400\n|teamsize|p1|3\n|teamsize|p2|3\n|start\n|switch|p1a: Glimmora|Glimmora, L50, F|100/100\n|switch|p2a: Archaludon|Archaludon, L50, M|100/100\n|turn|1\n|\n|t:|1776678407\n|move|p1a: Glimmora|Earth Power|p2a: Archaludon\n|-supereffective|p2a: Archaludon|1\n|-damage|p2a: Archaludon|13/100\n|move|p2a: Archaludon|Flash Cannon|p1a: Glimmora\n|-supereffective|p1a: Glimmora|1\n|-enditem|p1a: Glimmora|Focus Sash\n|-damage|p1a: Glimmora|1/100\n|\n|upkeep\n|turn|2\n|\n|t:|1776678418\n|move|p1a: Glimmora|Power Gem|p2a: Archaludon\n|-resisted|p2a: Archaludon|1\n|-damage|p2a: Archaludon|0 fnt\n|faint|p2a: Archaludon\n|\n|upkeep\n|l|\u2606Bbbkty\n|inactive|Bbbkty disconnected and has a minute to reconnect!\n|player|p1|\n|\n|t:|1776678429\n|switch|p2a: Garchomp|Garchomp, L50, F|100/100\n|turn|3\n|inactive|Bbbkty has 30 seconds left.\n|inactive|Bbbkty has 20 seconds left.\n|j|\u2606Bbbkty\n|inactive|Bbbkty reconnected and has 20 seconds left.\n|player|p1|Bbbkty|1|\n|inactive|Bbbkty has 15 seconds left.\n|inactive|Bbbkty has 10 seconds left.\n|\n|t:|1776678475\n|move|p2a: Garchomp|Poison Jab|p1a: Glimmora\n|-resisted|p1a: Glimmora|2\n|-damage|p1a: Glimmora|0 fnt\n|-activate|p1a: Glimmora|ability: Toxic Debris\n|-sidestart|p2: skylsh6080|move: Toxic Spikes\n|faint|p1a: Glimmora\n|\n|upkeep\n|\n|t:|1776678480\n|switch|p1a: Espathra|Espathra, L50, F|100/100\n|turn|4\n|\n|t:|1776678484\n|move|p1a: Espathra|Protect|p1a: Espathra\n|-singleturn|p1a: Espathra|Protect\n|move|p2a: Garchomp|Outrage|p1a: Espathra\n|-activate|p1a: Espathra|move: Protect\n|\n|-ability|p1a: Espathra|Speed Boost|boost\n|-boost|p1a: Espathra|spe|1\n|upkeep\n|turn|5\n|\n|t:|1776678495\n|move|p1a: Espathra|Calm Mind|p1a: Espathra\n|-boost|p1a: Espathra|spa|1\n|-boost|p1a: Espathra|spd|1\n|move|p2a: Garchomp|Earthquake|p1a: Espathra\n|-damage|p1a: Espathra|36/100\n|-enditem|p1a: Espathra|Sitrus Berry|[eat]\n|-heal|p1a: Espathra|61/100|[from] item: Sitrus Berry\n|\n|-ability|p1a: Espathra|Speed Boost|boost\n|-boost|p1a: Espathra|spe|1\n|upkeep\n|turn|6\n|\n|t:|1776678504\n|move|p1a: Espathra|Protect|p1a: Espathra\n|-singleturn|p1a: Espathra|Protect\n|move|p2a: Garchomp|Earthquake|p1a: Espathra\n|-activate|p1a: Espathra|move: Protect\n|\n|-ability|p1a: Espathra|Speed Boost|boost\n|-boost|p1a: Espathra|spe|1\n|upkeep\n|turn|7\n|\n|t:|1776678521\n|move|p1a: Espathra|Baton Pass|p1a: Espathra\n|\n|t:|1776678524\n|switch|p1a: Clefable|Clefable, L50, F|100/100|[from] Baton Pass\n|move|p2a: Garchomp|Earthquake|p1a: Clefable\n|-damage|p1a: Clefable|57/100\n|\n|upkeep\n|turn|8\n|\n|t:|1776678533\n|detailschange|p1a: Clefable|Clefable-Mega, L50, F\n|-mega|p1a: Clefable|Clefable|Clefablite\n|move|p1a: Clefable|Cosmic Power|p1a: Clefable\n|-boost|p1a: Clefable|def|1\n|-boost|p1a: Clefable|spd|1\n|move|p2a: Garchomp|Poison Jab|p1a: Clefable\n|-supereffective|p1a: Clefable|1\n|-damage|p1a: Clefable|33/100\n|\n|upkeep\n|turn|9\n|\n|t:|1776678547\n|move|p1a: Clefable|Moonlight|p1a: Clefable\n|-heal|p1a: Clefable|83/100\n|move|p2a: Garchomp|Poison Jab|p1a: Clefable\n|-supereffective|p1a: Clefable|1\n|-damage|p1a: Clefable|60/100\n|\n|upkeep\n|turn|10\n|\n|t:|1776678555\n|move|p1a: Clefable|Moonblast|p2a: Garchomp\n|-supereffective|p2a: Garchomp|1\n|-enditem|p2a: Garchomp|Focus Sash\n|-damage|p2a: Garchomp|1/100\n|move|p2a: Garchomp|Poison Jab|p1a: Clefable\n|-supereffective|p1a: Clefable|1\n|-damage|p1a: Clefable|35/100\n|\n|upkeep\n|turn|11\n|\n|t:|1776678564\n|move|p1a: Clefable|Moonlight|p1a: Clefable\n|-heal|p1a: Clefable|85/100\n|move|p2a: Garchomp|Poison Jab|p1a: Clefable\n|-supereffective|p1a: Clefable|1\n|-damage|p1a: Clefable|60/100\n|-status|p1a: Clefable|psn\n|\n|-damage|p1a: Clefable|48/100 psn|[from] psn\n|upkeep\n|turn|12\n|\n|t:|1776678573\n|move|p1a: Clefable|Moonlight|p1a: Clefable\n|-heal|p1a: Clefable|98/100 psn\n|move|p2a: Garchomp|Poison Jab|p1a: Clefable\n|-supereffective|p1a: Clefable|1\n|-damage|p1a: Clefable|71/100 psn\n|\n|-damage|p1a: Clefable|58/100 psn|[from] psn\n|upkeep\n|turn|13\n|\n|t:|1776678580\n|move|p1a: Clefable|Cosmic Power|p1a: Clefable\n|-boost|p1a: Clefable|def|1\n|-boost|p1a: Clefable|spd|1\n|move|p2a: Garchomp|Poison Jab|p1a: Clefable\n|-supereffective|p1a: Clefable|1\n|-damage|p1a: Clefable|40/100 psn\n|\n|-damage|p1a: Clefable|27/100 psn|[from] psn\n|upkeep\n|turn|14\n|\n|t:|1776678589\n|move|p1a: Clefable|Moonblast|p2a: Garchomp\n|-supereffective|p2a: Garchomp|1\n|-damage|p2a: Garchomp|0 fnt\n|faint|p2a: Garchomp\n|\n|-damage|p1a: Clefable|15/100 psn|[from] psn\n|upkeep\n|\n|t:|1776678595\n|switch|p2a: Primarina|Primarina, L50, F|100/100\n|-status|p2a: Primarina|psn\n|turn|15\n|inactive|skylsh6080 has 30 seconds left.\n|\n|t:|1776678628\n|move|p2a: Primarina|Aqua Jet|p1a: Clefable\n|-damage|p1a: Clefable|10/100 psn\n|move|p1a: Clefable|Moonlight|p1a: Clefable\n|-heal|p1a: Clefable|60/100 psn\n|\n|-damage|p1a: Clefable|48/100 psn|[from] psn\n|-damage|p2a: Primarina|88/100 psn|[from] psn\n|upkeep\n|turn|16\n|\n|t:|1776678635\n|move|p1a: Clefable|Moonlight|p1a: Clefable\n|-heal|p1a: Clefable|98/100 psn\n|move|p2a: Primarina|Sparkling Aria|p1a: Clefable\n|-damage|p1a: Clefable|86/100 psn\n|\n|-damage|p1a: Clefable|73/100 psn|[from] psn\n|-damage|p2a: Primarina|76/100 psn|[from] psn\n|upkeep\n|turn|17\n|\n|t:|1776678643\n|move|p1a: Clefable|Stored Power|p2a: Primarina\n|-damage|p2a: Primarina|19/100 psn\n|-enditem|p2a: Primarina|Sitrus Berry|[eat]\n|-heal|p2a: Primarina|44/100 psn|[from] item: Sitrus Berry\n|move|p2a: Primarina|Sparkling Aria|p1a: Clefable\n|-damage|p1a: Clefable|61/100 psn\n|\n|-damage|p1a: Clefable|49/100 psn|[from] psn\n|-damage|p2a: Primarina|32/100 psn|[from] psn\n|upkeep\n|turn|18\n|-message|skylsh6080 forfeited.\n|\n|win|Bbbkty\n|raw|Bbbkty's rating: 1153 &rarr; <strong>1176</strong><br />(+23 for winning)\n|raw|skylsh6080's rating: 1122 &rarr; <strong>1099</strong><br />(-23 for losing)\n|l|\u2606skylsh6080\n|player|p2|\n",
  "uploadtime": 1776678660,
  "views": 2,
  "formatid": "gen9championsbssregma",
  "rating": 1099,
  "private": 0,
  "password": null
}