{
  "id": "gen9championsbssregma-2586886887",
  "format": "[Gen 9 Champions] BSS Reg M-A",
  "players": [
    "Unko Pauw",
    "PokegirlMaroon"
  ],
  "log": "|j|\u2606Unko Pauw\n|j|\u2606PokegirlMaroon\n|t:|1776468633\n|gametype|singles\n|player|p1|Unko Pauw|cameraman|1077\n|player|p2|PokegirlMaroon|psychicf-gen4|1135\n|gen|9\n|tier|[Gen 9 Champions] BSS Reg M-A\n|rated|\n|rule|Species Clause: Limit one of each Pok\u00e9mon\n|rule|Item Clause: Limit 1 of each item\n|clearpoke\n|poke|p1|Umbreon, L50, M|\n|poke|p1|Corviknight, L50, F|\n|poke|p1|Ceruledge, L50, M|\n|poke|p1|Meowscarada, L50, M|\n|poke|p1|Volcarona, L50, F|\n|poke|p1|Meganium, L50, F|\n|poke|p2|Machamp, L50, M|\n|poke|p2|Aggron, L50, F|\n|poke|p2|Hydreigon, L50, F|\n|poke|p2|Hatterene, L50, F|\n|poke|p2|Basculegion, L50, M|\n|poke|p2|Incineroar, L50, M|\n|teampreview|3\n|inactive|Battle timer is ON: inactive players will automatically lose when time's up. (requested by Unko Pauw)\n|\n|t:|1776468663\n|teamsize|p1|3\n|teamsize|p2|3\n|start\n|switch|p1a: Corviknight|Corviknight, L50, F|100/100\n|switch|p2a: Machamp|Machamp, L50, M|100/100\n|-ability|p1a: Corviknight|Pressure\n|turn|1\n|\n|t:|1776468671\n|move|p1a: Corviknight|Tailwind|p1a: Corviknight\n|-sidestart|p1: Unko Pauw|move: Tailwind\n|move|p2a: Machamp|Dynamic Punch|p1a: Corviknight\n|-damage|p1a: Corviknight|63/100\n|-start|p1a: Corviknight|confusion\n|\n|upkeep\n|turn|2\n|\n|t:|1776468676\n|switch|p1a: Ceruledge|Ceruledge, L50, M|100/100\n|move|p2a: Machamp|Knock Off|p1a: Ceruledge\n|-supereffective|p1a: Ceruledge|1\n|-enditem|p1a: Ceruledge|Focus Sash\n|-damage|p1a: Ceruledge|1/100\n|-ability|p1a: Ceruledge|Weak Armor|boost\n|-unboost|p1a: Ceruledge|def|1\n|-boost|p1a: Ceruledge|spe|2\n|\n|upkeep\n|turn|3\n|\n|t:|1776468681\n|move|p2a: Machamp|Bullet Punch|p1a: Ceruledge\n|-resisted|p1a: Ceruledge|1\n|-damage|p1a: Ceruledge|0 fnt\n|faint|p1a: Ceruledge\n|\n|upkeep\n|\n|t:|1776468684\n|switch|p1a: Meganium|Meganium, L50, F|100/100\n|turn|4\n|\n|t:|1776468690\n|switch|p2a: Hatterene|Hatterene, L50, F|100/100\n|detailschange|p1a: Meganium|Meganium-Mega, L50, F\n|-mega|p1a: Meganium|Meganium|Meganiumite\n|move|p1a: Meganium|Dazzling Gleam|p2a: Hatterene\n|-damage|p2a: Hatterene|63/100\n|\n|-sideend|p1: Unko Pauw|move: Tailwind\n|upkeep\n|turn|5\n|\n|t:|1776468696\n|move|p1a: Meganium|Solar Beam||[still]\n|-prepare|p1a: Meganium|Solar Beam\n|-activate|p1a: Meganium|ability: Mega Sol\n|-anim|p1a: Meganium|Solar Beam|p2a: Hatterene\n|-damage|p2a: Hatterene|8/100\n|move|p2a: Hatterene|Trick Room|p2a: Hatterene\n|-fieldstart|move: Trick Room|[of] p2a: Hatterene\n|\n|upkeep\n|turn|6\n|\n|t:|1776468702\n|move|p1a: Meganium|Protect|p1a: Meganium\n|-singleturn|p1a: Meganium|Protect\n|move|p2a: Hatterene|Mystical Fire|p1a: Meganium\n|-activate|p1a: Meganium|move: Protect\n|\n|upkeep\n|turn|7\n|\n|t:|1776468710\n|switch|p1a: Corviknight|Corviknight, L50, F|63/100\n|-ability|p1a: Corviknight|Pressure\n|move|p2a: Hatterene|Mystical Fire|p1a: Corviknight\n|-supereffective|p1a: Corviknight|1\n|-damage|p1a: Corviknight|23/100\n|-unboost|p1a: Corviknight|spa|1\n|-enditem|p1a: Corviknight|Sitrus Berry|[eat]\n|-heal|p1a: Corviknight|48/100|[from] item: Sitrus Berry\n|\n|upkeep\n|turn|8\n|\n|t:|1776468713\n|move|p2a: Hatterene|Misty Explosion|p1a: Corviknight\n|-resisted|p1a: Corviknight|1\n|-damage|p1a: Corviknight|25/100\n|faint|p2a: Hatterene\n|move|p1a: Corviknight|Iron Head|p2: Hatterene|[notarget]\n|-fail|p1a: Corviknight\n|\n|upkeep\n|\n|t:|1776468719\n|switch|p2a: Machamp|Machamp, L50, M|100/100\n|turn|9\n|\n|t:|1776468728\n|move|p2a: Machamp|Dynamic Punch|p1a: Corviknight\n|-damage|p1a: Corviknight|0 fnt\n|faint|p1a: Corviknight\n|\n|-fieldend|move: Trick Room\n|upkeep\n|\n|t:|1776468731\n|switch|p1a: Meganium|Meganium-Mega, L50, F|100/100\n|turn|10\n|\n|t:|1776468732\n|move|p1a: Meganium|Dazzling Gleam|p2a: Machamp\n|-supereffective|p2a: Machamp|1\n|-damage|p2a: Machamp|2/100\n|move|p2a: Machamp|Ice Punch|p1a: Meganium\n|-supereffective|p1a: Meganium|1\n|-damage|p1a: Meganium|50/100\n|-status|p1a: Meganium|frz\n|\n|upkeep\n|turn|11\n|\n|t:|1776468738\n|cant|p1a: Meganium|frz\n|move|p2a: Machamp|Ice Punch|p1a: Meganium\n|-supereffective|p1a: Meganium|1\n|-damage|p1a: Meganium|0 fnt\n|faint|p1a: Meganium\n|\n|win|PokegirlMaroon\n|raw|Unko Pauw's rating: 1077 &rarr; <strong>1059</strong><br />(-18 for losing)\n|raw|PokegirlMaroon's rating: 1135 &rarr; <strong>1156</strong><br />(+21 for winning)\n|l|\u2606Unko Pauw\n|player|p1|\n|c|\u2606PokegirlMaroon|Gg\n",
  "uploadtime": 1776468743,
  "views": 24,
  "formatid": "gen9championsbssregma",
  "rating": 1059,
  "private": 0,
  "password": null
}