{
  "id": "gen9championsbssregma-2584689749",
  "format": "[Gen 9 Champions] BSS Reg M-A",
  "players": [
    "pm-me-chubby-gals",
    "isaacmora22"
  ],
  "log": "|j|\u2606pm-me-chubby-gals\n|j|\u2606isaacmora22\n|t:|1776276978\n|gametype|singles\n|player|p1|pm-me-chubby-gals|veteran|1024\n|player|p2|isaacmora22|hilbert|1027\n|gen|9\n|tier|[Gen 9 Champions] BSS Reg M-A\n|rated|\n|rule|Species Clause: Limit one of each Pok\u00e9mon\n|rule|Item Clause: Limit 1 of each item\n|clearpoke\n|poke|p1|Sableye, L50, F|\n|poke|p1|Azumarill, L50, M|\n|poke|p1|Dragapult, L50, F|\n|poke|p1|Meowscarada, L50, M|\n|poke|p1|Scizor, L50, F|\n|poke|p1|Rotom-Heat, L50|\n|poke|p2|Flareon, L50, M|\n|poke|p2|Dragonite, L50, M|\n|poke|p2|Luxray, L50, M|\n|poke|p2|Clawitzer, L50, M|\n|poke|p2|Sableye, L50, M|\n|poke|p2|Archaludon, L50, F|\n|teampreview|3\n|\n|t:|1776277002\n|teamsize|p1|3\n|teamsize|p2|3\n|start\n|switch|p1a: Azumarill|Azumarill, L50, M|100/100\n|switch|p2a: Camden|Flareon, L50, M|100/100\n|turn|1\n|\n|t:|1776277010\n|switch|p2a: Rex|Luxray, L50, M|100/100\n|-ability|p2a: Rex|Intimidate|boost\n|-unboost|p1a: Azumarill|atk|1\n|move|p1a: Azumarill|Belly Drum|p1a: Azumarill\n|-damage|p1a: Azumarill|51/100\n|-setboost|p1a: Azumarill|atk|6|[from] move: Belly Drum\n|\n|upkeep\n|turn|2\n|inactive|Battle timer is ON: inactive players will automatically lose when time's up. (requested by pm-me-chubby-gals)\n|\n|t:|1776277020\n|move|p2a: Rex|Wild Charge|p1a: Azumarill\n|-supereffective|p1a: Azumarill|1\n|-damage|p1a: Azumarill|0 fnt\n|faint|p1a: Azumarill\n|-damage|p2a: Rex|84/100|[from] Recoil\n|\n|upkeep\n|\n|t:|1776277028\n|switch|p1a: Sableye|Sableye, L50, F|100/100\n|turn|3\n|\n|t:|1776277037\n|move|p1a: Sableye|Calm Mind|p1a: Sableye\n|-boost|p1a: Sableye|spa|1\n|-boost|p1a: Sableye|spd|1\n|move|p2a: Rex|Supercell Slam|p1a: Sableye\n|-damage|p1a: Sableye|32/100\n|\n|upkeep\n|turn|4\n|\n|t:|1776277046\n|move|p1a: Sableye|Recover|p1a: Sableye\n|-heal|p1a: Sableye|82/100\n|move|p2a: Rex|Wild Charge|p1a: Sableye\n|-damage|p1a: Sableye|21/100\n|-damage|p2a: Rex|69/100|[from] Recoil\n|\n|upkeep\n|turn|5\n|\n|t:|1776277055\n|move|p1a: Sableye|Recover|p1a: Sableye\n|-heal|p1a: Sableye|71/100\n|move|p2a: Rex|Wild Charge|p1a: Sableye\n|-damage|p1a: Sableye|12/100\n|-damage|p2a: Rex|54/100|[from] Recoil\n|\n|upkeep\n|turn|6\n|\n|t:|1776277063\n|move|p1a: Sableye|Recover|p1a: Sableye\n|-heal|p1a: Sableye|62/100\n|move|p2a: Rex|Wild Charge|p1a: Sableye\n|-damage|p1a: Sableye|8/100\n|-damage|p2a: Rex|41/100|[from] Recoil\n|-enditem|p2a: Rex|Sitrus Berry|[eat]\n|-heal|p2a: Rex|65/100|[from] item: Sitrus Berry\n|\n|upkeep\n|turn|7\n|\n|t:|1776277072\n|move|p1a: Sableye|Recover|p1a: Sableye\n|-heal|p1a: Sableye|58/100\n|move|p2a: Rex|Throat Chop|p1a: Sableye\n|-damage|p1a: Sableye|25/100\n|-start|p1a: Sableye|Throat Chop|[silent]\n|\n|upkeep\n|turn|8\n|\n|t:|1776277079\n|move|p1a: Sableye|Recover|p1a: Sableye\n|-heal|p1a: Sableye|76/100\n|move|p2a: Rex|Throat Chop|p1a: Sableye\n|-damage|p1a: Sableye|37/100\n|\n|-end|p1a: Sableye|Throat Chop|[silent]\n|upkeep\n|turn|9\n|\n|t:|1776277086\n|move|p1a: Sableye|Will-O-Wisp|p2a: Rex\n|-status|p2a: Rex|brn\n|move|p2a: Rex|Supercell Slam|p1a: Sableye\n|-damage|p1a: Sableye|3/100\n|\n|-damage|p2a: Rex|60/100 brn|[from] brn\n|upkeep\n|turn|10\n|\n|t:|1776277095\n|move|p1a: Sableye|Recover|p1a: Sableye\n|-heal|p1a: Sableye|53/100\n|move|p2a: Rex|Throat Chop|p1a: Sableye\n|-damage|p1a: Sableye|36/100\n|-start|p1a: Sableye|Throat Chop|[silent]\n|\n|-damage|p2a: Rex|54/100 brn|[from] brn\n|upkeep\n|turn|11\n|\n|t:|1776277104\n|move|p1a: Sableye|Recover|p1a: Sableye\n|-heal|p1a: Sableye|86/100\n|move|p2a: Rex|Supercell Slam|p1a: Sableye\n|-damage|p1a: Sableye|53/100\n|\n|-damage|p2a: Rex|48/100 brn|[from] brn\n|-end|p1a: Sableye|Throat Chop|[silent]\n|upkeep\n|turn|12\n|\n|t:|1776277113\n|move|p1a: Sableye|Calm Mind|p1a: Sableye\n|-boost|p1a: Sableye|spa|1\n|-boost|p1a: Sableye|spd|1\n|move|p2a: Rex|Supercell Slam|p1a: Sableye\n|-damage|p1a: Sableye|23/100\n|\n|-damage|p2a: Rex|43/100 brn|[from] brn\n|upkeep\n|turn|13\n|\n|t:|1776277122\n|move|p1a: Sableye|Recover|p1a: Sableye\n|-heal|p1a: Sableye|74/100\n|move|p2a: Rex|Supercell Slam|p1a: Sableye\n|-damage|p1a: Sableye|39/100\n|\n|-damage|p2a: Rex|37/100 brn|[from] brn\n|upkeep\n|turn|14\n|\n|t:|1776277132\n|move|p1a: Sableye|Calm Mind|p1a: Sableye\n|-boost|p1a: Sableye|spa|1\n|-boost|p1a: Sableye|spd|1\n|move|p2a: Rex|Supercell Slam|p1a: Sableye\n|-damage|p1a: Sableye|6/100\n|\n|-damage|p2a: Rex|31/100 brn|[from] brn\n|upkeep\n|turn|15\n|\n|t:|1776277143\n|move|p2a: Rex|Ice Fang|p1a: Sableye\n|-damage|p1a: Sableye|0 fnt\n|faint|p1a: Sableye\n|\n|-damage|p2a: Rex|25/100 brn|[from] brn\n|upkeep\n|\n|t:|1776277150\n|switch|p1a: Meowscarada|Meowscarada, L50, M|100/100\n|turn|16\n|\n|t:|1776277163\n|move|p1a: Meowscarada|Triple Axel|p2a: Rex\n|-start|p1a: Meowscarada|typechange|Ice|[from] ability: Protean\n|-damage|p2a: Rex|11/100 brn\n|-damage|p2a: Rex|0 fnt\n|faint|p2a: Rex\n|-hitcount|p2: Rex|2\n|\n|upkeep\n|\n|t:|1776277172\n|switch|p2a: Camden|Flareon, L50, M|100/100\n|turn|17\n|\n|t:|1776277177\n|move|p1a: Meowscarada|Sucker Punch|p2a: Camden\n|-damage|p2a: Camden|69/100\n|move|p2a: Camden|Flame Charge|p1a: Meowscarada\n|-supereffective|p1a: Meowscarada|1\n|-damage|p1a: Meowscarada|37/100\n|-boost|p2a: Camden|spe|1\n|\n|upkeep\n|turn|18\n|\n|t:|1776277185\n|move|p2a: Camden|Flame Charge|p1a: Meowscarada\n|-supereffective|p1a: Meowscarada|1\n|-damage|p1a: Meowscarada|0 fnt\n|-boost|p2a: Camden|spe|1\n|faint|p1a: Meowscarada\n|\n|win|isaacmora22\n|raw|pm-me-chubby-gals's rating: 1024 &rarr; <strong>1011</strong><br />(-13 for losing)\n|raw|isaacmora22's rating: 1027 &rarr; <strong>1063</strong><br />(+36 for winning)\n",
  "uploadtime": 1776277203,
  "views": 6,
  "formatid": "gen9championsbssregma",
  "rating": 1011,
  "private": 0,
  "password": null
}