{
  "id": "gen9championsbssregma-2584891575",
  "format": "[Gen 9 Champions] BSS Reg M-A",
  "players": [
    "Venti0406",
    "epavaco"
  ],
  "log": "|j|\u2606Venti0406\n|j|\u2606epavaco\n|t:|1776292036\n|gametype|singles\n|player|p1|Venti0406|n|1018\n|player|p2|epavaco|266|1000\n|gen|9\n|tier|[Gen 9 Champions] BSS Reg M-A\n|rated|\n|rule|Species Clause: Limit one of each Pok\u00e9mon\n|rule|Item Clause: Limit 1 of each item\n|clearpoke\n|poke|p1|Blastoise, L50, F|\n|poke|p1|Clefable, L50, F|\n|poke|p1|Espathra, L50, F|\n|poke|p1|Lopunny, L50, M|\n|poke|p1|Umbreon, L50, F|\n|poke|p1|Ninetales-Alola, L50, M|\n|poke|p2|Tyranitar, L50, F|\n|poke|p2|Ceruledge, L50, F|\n|poke|p2|Incineroar, L50, M|\n|poke|p2|Gyarados, L50, M|\n|poke|p2|Rotom-Wash, L50|\n|poke|p2|Corviknight, L50, M|\n|teampreview|3\n|inactive|Battle timer is ON: inactive players will automatically lose when time's up. (requested by Venti0406)\n|\n|t:|1776292063\n|teamsize|p1|3\n|teamsize|p2|3\n|start\n|switch|p1a: Espathra|Espathra, L50, F|100/100\n|switch|p2a: Ceruledge|Ceruledge, L50, F|100/100\n|turn|1\n|\n|t:|1776292072\n|move|p1a: Espathra|Protect|p1a: Espathra\n|-singleturn|p1a: Espathra|Protect\n|move|p2a: Ceruledge|Swords Dance|p2a: Ceruledge\n|-boost|p2a: Ceruledge|atk|2\n|\n|-ability|p1a: Espathra|Speed Boost|boost\n|-boost|p1a: Espathra|spe|1\n|upkeep\n|turn|2\n|\n|t:|1776292086\n|move|p2a: Ceruledge|Shadow Sneak|p1a: Espathra\n|-supereffective|p1a: Espathra|1\n|-damage|p1a: Espathra|35/100\n|move|p1a: Espathra|Baton Pass|p1a: Espathra\n|\n|t:|1776292090\n|switch|p1a: Clefable|Clefable, L50, F|100/100|[from] Baton Pass\n|\n|upkeep\n|turn|3\n|\n|t:|1776292106\n|move|p2a: Ceruledge|Bitter Blade|p1a: Clefable\n|-damage|p1a: Clefable|65/100\n|move|p1a: Clefable|Cosmic Power|p1a: Clefable\n|-boost|p1a: Clefable|def|1\n|-boost|p1a: Clefable|spd|1\n|\n|upkeep\n|turn|4\n|\n|t:|1776292114\n|move|p2a: Ceruledge|Bitter Blade|p1a: Clefable\n|-damage|p1a: Clefable|40/100\n|-enditem|p1a: Clefable|Sitrus Berry|[eat]\n|-heal|p1a: Clefable|64/100|[from] item: Sitrus Berry\n|move|p1a: Clefable|Cosmic Power|p1a: Clefable\n|-boost|p1a: Clefable|def|1\n|-boost|p1a: Clefable|spd|1\n|\n|upkeep\n|turn|5\n|\n|t:|1776292123\n|move|p2a: Ceruledge|Swords Dance|p2a: Ceruledge\n|-boost|p2a: Ceruledge|atk|2\n|move|p1a: Clefable|Cosmic Power|p1a: Clefable\n|-boost|p1a: Clefable|def|1\n|-boost|p1a: Clefable|spd|1\n|\n|upkeep\n|turn|6\n|\n|t:|1776292129\n|move|p2a: Ceruledge|Swords Dance|p2a: Ceruledge\n|-boost|p2a: Ceruledge|atk|2\n|move|p1a: Clefable|Cosmic Power|p1a: Clefable\n|-boost|p1a: Clefable|def|1\n|-boost|p1a: Clefable|spd|1\n|\n|upkeep\n|turn|7\n|\n|t:|1776292138\n|move|p2a: Ceruledge|Bitter Blade|p1a: Clefable\n|-damage|p1a: Clefable|51/100\n|move|p1a: Clefable|Baton Pass|p1a: Clefable\n|\n|t:|1776292143\n|switch|p1a: Blastoise|Blastoise, L50, F|100/100|[from] Baton Pass\n|\n|upkeep\n|turn|8\n|\n|t:|1776292156\n|detailschange|p1a: Blastoise|Blastoise-Mega, L50, F\n|-mega|p1a: Blastoise|Blastoise|Blastoisinite\n|move|p1a: Blastoise|Shell Smash|p1a: Blastoise\n|-unboost|p1a: Blastoise|def|1\n|-unboost|p1a: Blastoise|spd|1\n|-boost|p1a: Blastoise|atk|2\n|-boost|p1a: Blastoise|spa|2\n|-boost|p1a: Blastoise|spe|2\n|move|p2a: Ceruledge|Close Combat|p1a: Blastoise\n|-crit|p1a: Blastoise\n|-damage|p1a: Blastoise|0 fnt\n|-unboost|p2a: Ceruledge|def|1\n|-unboost|p2a: Ceruledge|spd|1\n|faint|p1a: Blastoise\n|\n|upkeep\n|\n|t:|1776292178\n|switch|p1a: Espathra|Espathra, L50, F|35/100\n|turn|9\n|\n|t:|1776292191\n|move|p1a: Espathra|Protect|p1a: Espathra\n|-singleturn|p1a: Espathra|Protect\n|move|p2a: Ceruledge|Shadow Sneak|p1a: Espathra\n|-activate|p1a: Espathra|move: Protect\n|\n|-ability|p1a: Espathra|Speed Boost|boost\n|-boost|p1a: Espathra|spe|1\n|upkeep\n|turn|10\n|\n|t:|1776292202\n|move|p2a: Ceruledge|Shadow Sneak|p1a: Espathra\n|-supereffective|p1a: Espathra|1\n|-damage|p1a: Espathra|0 fnt\n|faint|p1a: Espathra\n|\n|upkeep\n|\n|t:|1776292204\n|switch|p1a: Clefable|Clefable, L50, F|51/100\n|turn|11\n|\n|t:|1776292211\n|move|p2a: Ceruledge|Bitter Blade|p1a: Clefable\n|-damage|p1a: Clefable|15/100\n|move|p1a: Clefable|Moonlight|p1a: Clefable\n|-heal|p1a: Clefable|65/100\n|\n|upkeep\n|turn|12\n|\n|t:|1776292220\n|move|p2a: Ceruledge|Bitter Blade|p1a: Clefable\n|-damage|p1a: Clefable|28/100\n|move|p1a: Clefable|Moonlight|p1a: Clefable\n|-heal|p1a: Clefable|78/100\n|\n|upkeep\n|turn|13\n|\n|t:|1776292229\n|move|p2a: Ceruledge|Bitter Blade|p1a: Clefable\n|-damage|p1a: Clefable|41/100\n|move|p1a: Clefable|Cosmic Power|p1a: Clefable\n|-boost|p1a: Clefable|def|1\n|-boost|p1a: Clefable|spd|1\n|\n|upkeep\n|turn|14\n|\n|t:|1776292238\n|move|p2a: Ceruledge|Bitter Blade|p1a: Clefable\n|-damage|p1a: Clefable|14/100\n|move|p1a: Clefable|Moonlight|p1a: Clefable\n|-heal|p1a: Clefable|64/100\n|\n|upkeep\n|turn|15\n|\n|t:|1776292247\n|move|p2a: Ceruledge|Bitter Blade|p1a: Clefable\n|-damage|p1a: Clefable|42/100\n|move|p1a: Clefable|Cosmic Power|p1a: Clefable\n|-boost|p1a: Clefable|def|1\n|-boost|p1a: Clefable|spd|1\n|\n|upkeep\n|turn|16\n|\n|t:|1776292253\n|move|p2a: Ceruledge|Bitter Blade|p1a: Clefable\n|-damage|p1a: Clefable|25/100\n|move|p1a: Clefable|Cosmic Power|p1a: Clefable\n|-boost|p1a: Clefable|def|1\n|-boost|p1a: Clefable|spd|1\n|\n|upkeep\n|turn|17\n|\n|t:|1776292267\n|move|p2a: Ceruledge|Bitter Blade|p1a: Clefable\n|-damage|p1a: Clefable|10/100\n|move|p1a: Clefable|Moonlight|p1a: Clefable\n|-heal|p1a: Clefable|60/100\n|\n|upkeep\n|turn|18\n|\n|t:|1776292276\n|move|p2a: Ceruledge|Shadow Sneak|p1a: Clefable\n|-damage|p1a: Clefable|52/100\n|move|p1a: Clefable|Moonlight|p1a: Clefable\n|-heal|p1a: Clefable|100/100\n|\n|upkeep\n|turn|19\n|\n|t:|1776292288\n|switch|p2a: Rotom|Rotom-Wash, L50|100/100\n|move|p1a: Clefable|Cosmic Power|p1a: Clefable\n|-boost|p1a: Clefable|def|1\n|-boost|p1a: Clefable|spd|1\n|\n|upkeep\n|turn|20\n|\n|t:|1776292297\n|move|p2a: Rotom|Will-O-Wisp|p1a: Clefable\n|-status|p1a: Clefable|brn\n|move|p1a: Clefable|Stored Power|p2a: Rotom\n|-damage|p2a: Rotom|58/100\n|\n|-damage|p1a: Clefable|95/100 brn|[from] brn\n|upkeep\n|turn|21\n|\n|t:|1776292309\n|move|p2a: Rotom|Volt Switch|p1a: Clefable\n|-damage|p1a: Clefable|86/100 brn\n|\n|t:|1776292313\n|switch|p2a: Corviknight|Corviknight, L50, M|100/100|[from] Volt Switch\n|move|p1a: Clefable|Stored Power|p2a: Corviknight\n|-resisted|p2a: Corviknight|1\n|-damage|p2a: Corviknight|81/100\n|\n|-heal|p2a: Corviknight|87/100|[from] item: Leftovers\n|-damage|p1a: Clefable|80/100 brn|[from] brn\n|upkeep\n|turn|22\n|\n|t:|1776292323\n|move|p2a: Corviknight|Bulk Up|p2a: Corviknight\n|-boost|p2a: Corviknight|atk|1\n|-boost|p2a: Corviknight|def|1\n|move|p1a: Clefable|Stored Power|p2a: Corviknight\n|-resisted|p2a: Corviknight|1\n|-damage|p2a: Corviknight|66/100\n|\n|-heal|p2a: Corviknight|72/100|[from] item: Leftovers\n|-damage|p1a: Clefable|74/100 brn|[from] brn\n|upkeep\n|turn|23\n|\n|t:|1776292331\n|move|p2a: Corviknight|Bulk Up|p2a: Corviknight\n|-boost|p2a: Corviknight|atk|1\n|-boost|p2a: Corviknight|def|1\n|move|p1a: Clefable|Cosmic Power|p1a: Clefable\n|-boost|p1a: Clefable|def|1\n|-boost|p1a: Clefable|spd|1\n|\n|-heal|p2a: Corviknight|78/100|[from] item: Leftovers\n|-damage|p1a: Clefable|68/100 brn|[from] brn\n|upkeep\n|turn|24\n|\n|t:|1776292340\n|move|p2a: Corviknight|Bulk Up|p2a: Corviknight\n|-boost|p2a: Corviknight|atk|1\n|-boost|p2a: Corviknight|def|1\n|move|p1a: Clefable|Cosmic Power|p1a: Clefable\n|-boost|p1a: Clefable|def|1\n|-boost|p1a: Clefable|spd|1\n|\n|-heal|p2a: Corviknight|84/100|[from] item: Leftovers\n|-damage|p1a: Clefable|62/100 brn|[from] brn\n|upkeep\n|turn|25\n|\n|t:|1776292350\n|move|p2a: Corviknight|Bulk Up|p2a: Corviknight\n|-boost|p2a: Corviknight|atk|1\n|-boost|p2a: Corviknight|def|1\n|move|p1a: Clefable|Stored Power|p2a: Corviknight\n|-resisted|p2a: Corviknight|1\n|-damage|p2a: Corviknight|59/100\n|\n|-heal|p2a: Corviknight|64/100|[from] item: Leftovers\n|-damage|p1a: Clefable|56/100 brn|[from] brn\n|upkeep\n|turn|26\n|\n|t:|1776292359\n|move|p2a: Corviknight|Bulk Up|p2a: Corviknight\n|-boost|p2a: Corviknight|atk|1\n|-boost|p2a: Corviknight|def|1\n|move|p1a: Clefable|Stored Power|p2a: Corviknight\n|-resisted|p2a: Corviknight|1\n|-damage|p2a: Corviknight|36/100\n|\n|-heal|p2a: Corviknight|42/100|[from] item: Leftovers\n|-damage|p1a: Clefable|50/100 brn|[from] brn\n|upkeep\n|turn|27\n|\n|t:|1776292368\n|move|p2a: Corviknight|Roost|p2a: Corviknight\n|-heal|p2a: Corviknight|92/100\n|-singleturn|p2a: Corviknight|move: Roost\n|move|p1a: Clefable|Stored Power|p2a: Corviknight\n|-resisted|p2a: Corviknight|1\n|-damage|p2a: Corviknight|67/100\n|\n|-heal|p2a: Corviknight|73/100|[from] item: Leftovers\n|-damage|p1a: Clefable|44/100 brn|[from] brn\n|upkeep\n|turn|28\n|\n|t:|1776292377\n|move|p2a: Corviknight|Bulk Up|p2a: Corviknight\n|-boost|p2a: Corviknight|atk|1\n|-boost|p2a: Corviknight|def|1\n|move|p1a: Clefable|Moonlight|p1a: Clefable\n|-heal|p1a: Clefable|94/100 brn\n|\n|-heal|p2a: Corviknight|79/100|[from] item: Leftovers\n|-damage|p1a: Clefable|88/100 brn|[from] brn\n|upkeep\n|turn|29\n|\n|t:|1776292388\n|move|p2a: Corviknight|Brave Bird|p1a: Clefable\n|-damage|p1a: Clefable|81/100 brn\n|-damage|p2a: Corviknight|76/100|[from] Recoil\n|move|p1a: Clefable|Stored Power|p2a: Corviknight\n|-resisted|p2a: Corviknight|1\n|-damage|p2a: Corviknight|51/100\n|\n|-heal|p2a: Corviknight|57/100|[from] item: Leftovers\n|-damage|p1a: Clefable|75/100 brn|[from] brn\n|upkeep\n|turn|30\n|\n|t:|1776292398\n|move|p2a: Corviknight|Brave Bird|p1a: Clefable\n|-damage|p1a: Clefable|67/100 brn\n|-damage|p2a: Corviknight|54/100|[from] Recoil\n|move|p1a: Clefable|Stored Power|p2a: Corviknight\n|-resisted|p2a: Corviknight|1\n|-damage|p2a: Corviknight|27/100\n|\n|-heal|p2a: Corviknight|33/100|[from] item: Leftovers\n|-damage|p1a: Clefable|61/100 brn|[from] brn\n|upkeep\n|turn|31\n|\n|t:|1776292408\n|move|p2a: Corviknight|Roost|p2a: Corviknight\n|-heal|p2a: Corviknight|83/100\n|-singleturn|p2a: Corviknight|move: Roost\n|move|p1a: Clefable|Stored Power|p2a: Corviknight\n|-resisted|p2a: Corviknight|1\n|-damage|p2a: Corviknight|58/100\n|\n|-heal|p2a: Corviknight|63/100|[from] item: Leftovers\n|-damage|p1a: Clefable|55/100 brn|[from] brn\n|upkeep\n|turn|32\n|\n|t:|1776292418\n|move|p2a: Corviknight|Brave Bird|p1a: Clefable\n|-damage|p1a: Clefable|48/100 brn\n|-damage|p2a: Corviknight|61/100|[from] Recoil\n|move|p1a: Clefable|Stored Power|p2a: Corviknight\n|-resisted|p2a: Corviknight|1\n|-crit|p2a: Corviknight\n|-damage|p2a: Corviknight|22/100\n|\n|-heal|p2a: Corviknight|28/100|[from] item: Leftovers\n|-damage|p1a: Clefable|42/100 brn|[from] brn\n|upkeep\n|turn|33\n|\n|t:|1776292438\n|move|p2a: Corviknight|Roost|p2a: Corviknight\n|-heal|p2a: Corviknight|78/100\n|-singleturn|p2a: Corviknight|move: Roost\n|move|p1a: Clefable|Stored Power|p2a: Corviknight\n|-resisted|p2a: Corviknight|1\n|-damage|p2a: Corviknight|49/100\n|\n|-heal|p2a: Corviknight|55/100|[from] item: Leftovers\n|-damage|p1a: Clefable|36/100 brn|[from] brn\n|upkeep\n|turn|34\n|\n|t:|1776292449\n|move|p2a: Corviknight|Brave Bird|p1a: Clefable\n|-damage|p1a: Clefable|28/100 brn\n|-damage|p2a: Corviknight|52/100|[from] Recoil\n|move|p1a: Clefable|Stored Power|p2a: Corviknight\n|-resisted|p2a: Corviknight|1\n|-damage|p2a: Corviknight|24/100\n|\n|-heal|p2a: Corviknight|30/100|[from] item: Leftovers\n|-damage|p1a: Clefable|22/100 brn|[from] brn\n|upkeep\n|turn|35\n|\n|t:|1776292461\n|move|p2a: Corviknight|Roost|p2a: Corviknight\n|-heal|p2a: Corviknight|80/100\n|-singleturn|p2a: Corviknight|move: Roost\n|move|p1a: Clefable|Cosmic Power|p1a: Clefable\n|-boost|p1a: Clefable|def|0\n|-boost|p1a: Clefable|spd|0\n|\n|-heal|p2a: Corviknight|86/100|[from] item: Leftovers\n|-damage|p1a: Clefable|16/100 brn|[from] brn\n|upkeep\n|turn|36\n|\n|t:|1776292470\n|move|p2a: Corviknight|Brave Bird|p1a: Clefable\n|-damage|p1a: Clefable|8/100 brn\n|-damage|p2a: Corviknight|84/100|[from] Recoil\n|move|p1a: Clefable|Moonlight|p1a: Clefable\n|-heal|p1a: Clefable|58/100 brn\n|\n|-heal|p2a: Corviknight|90/100|[from] item: Leftovers\n|-damage|p1a: Clefable|52/100 brn|[from] brn\n|upkeep\n|turn|37\n|\n|t:|1776292486\n|move|p2a: Corviknight|Brave Bird|p1a: Clefable\n|-damage|p1a: Clefable|45/100 brn\n|-damage|p2a: Corviknight|87/100|[from] Recoil\n|move|p1a: Clefable|Moonlight|p1a: Clefable\n|-heal|p1a: Clefable|95/100 brn\n|\n|-heal|p2a: Corviknight|93/100|[from] item: Leftovers\n|-damage|p1a: Clefable|89/100 brn|[from] brn\n|upkeep\n|turn|38\n|\n|t:|1776292496\n|move|p2a: Corviknight|Brave Bird|p1a: Clefable\n|-damage|p1a: Clefable|81/100 brn\n|-damage|p2a: Corviknight|91/100|[from] Recoil\n|move|p1a: Clefable|Cosmic Power|p1a: Clefable\n|-boost|p1a: Clefable|def|0\n|-boost|p1a: Clefable|spd|0\n|\n|-heal|p2a: Corviknight|97/100|[from] item: Leftovers\n|-damage|p1a: Clefable|75/100 brn|[from] brn\n|upkeep\n|turn|39\n|\n|t:|1776292511\n|move|p2a: Corviknight|Body Press|p1a: Clefable\n|-resisted|p1a: Clefable|1\n|-damage|p1a: Clefable|72/100 brn\n|move|p1a: Clefable|Cosmic Power|p1a: Clefable\n|-boost|p1a: Clefable|def|0\n|-boost|p1a: Clefable|spd|0\n|\n|-heal|p2a: Corviknight|100/100|[from] item: Leftovers\n|-damage|p1a: Clefable|66/100 brn|[from] brn\n|upkeep\n|turn|40\n|\n|t:|1776292521\n|move|p2a: Corviknight|Brave Bird|p1a: Clefable\n|-damage|p1a: Clefable|59/100 brn\n|-damage|p2a: Corviknight|98/100|[from] Recoil\n|move|p1a: Clefable|Cosmic Power|p1a: Clefable\n|-boost|p1a: Clefable|def|0\n|-boost|p1a: Clefable|spd|0\n|\n|-heal|p2a: Corviknight|100/100|[from] item: Leftovers\n|-damage|p1a: Clefable|53/100 brn|[from] brn\n|upkeep\n|turn|41\n|inactive|Venti0406 has 30 seconds left.\n|inactive|Venti0406 has 20 seconds left.\n|inactive|Venti0406 has 15 seconds left.\n|inactive|Venti0406 has 10 seconds left.\n|inactive|Venti0406 has 5 seconds left.\n|\n|t:|1776292576\n|move|p2a: Corviknight|Brave Bird|p1a: Clefable\n|-damage|p1a: Clefable|45/100 brn\n|-damage|p2a: Corviknight|98/100|[from] Recoil\n|move|p1a: Clefable|Cosmic Power|p1a: Clefable\n|-boost|p1a: Clefable|def|0\n|-boost|p1a: Clefable|spd|0\n|\n|-heal|p2a: Corviknight|100/100|[from] item: Leftovers\n|-damage|p1a: Clefable|39/100 brn|[from] brn\n|upkeep\n|turn|42\n|\n|t:|1776292586\n|move|p2a: Corviknight|Brave Bird|p1a: Clefable\n|-damage|p1a: Clefable|32/100 brn\n|-damage|p2a: Corviknight|98/100|[from] Recoil\n|move|p1a: Clefable|Cosmic Power|p1a: Clefable\n|-boost|p1a: Clefable|def|0\n|-boost|p1a: Clefable|spd|0\n|\n|-heal|p2a: Corviknight|100/100|[from] item: Leftovers\n|-damage|p1a: Clefable|26/100 brn|[from] brn\n|upkeep\n|turn|43\n|\n|t:|1776292596\n|move|p2a: Corviknight|Body Press|p1a: Clefable\n|-resisted|p1a: Clefable|1\n|-damage|p1a: Clefable|23/100 brn\n|move|p1a: Clefable|Cosmic Power|p1a: Clefable\n|-boost|p1a: Clefable|def|0\n|-boost|p1a: Clefable|spd|0\n|\n|-damage|p1a: Clefable|17/100 brn|[from] brn\n|upkeep\n|turn|44\n|\n|t:|1776292605\n|move|p2a: Corviknight|Brave Bird|p1a: Clefable\n|-damage|p1a: Clefable|9/100 brn\n|-damage|p2a: Corviknight|98/100|[from] Recoil\n|move|p1a: Clefable|Cosmic Power|p1a: Clefable\n|-boost|p1a: Clefable|def|0\n|-boost|p1a: Clefable|spd|0\n|\n|-heal|p2a: Corviknight|100/100|[from] item: Leftovers\n|-damage|p1a: Clefable|3/100 brn|[from] brn\n|upkeep\n|turn|45\n|\n|t:|1776292616\n|move|p2a: Corviknight|Brave Bird|p1a: Clefable\n|-damage|p1a: Clefable|0 fnt\n|faint|p1a: Clefable\n|-damage|p2a: Corviknight|99/100|[from] Recoil\n|\n|win|epavaco\n|raw|Venti0406's rating: 1018 &rarr; <strong>1005</strong><br />(-13 for losing)\n|raw|epavaco's rating: 1000 &rarr; <strong>1042</strong><br />(+42 for winning)\n",
  "uploadtime": 1776292620,
  "views": 21,
  "formatid": "gen9championsbssregma",
  "rating": 1005,
  "private": 0,
  "password": null
}