{
  "id": "gen9championsbssregma-2588047814",
  "format": "[Gen 9 Champions] BSS Reg M-A",
  "players": [
    "anabelle777",
    "adfsdfsdfsdaf"
  ],
  "log": "|j|\u2606anabelle777\n|j|\u2606adfsdfsdfsdaf\n|t:|1776597807\n|gametype|singles\n|player|p1|anabelle777|acetrainersnowf|1000\n|player|p2|adfsdfsdfsdaf|2|1085\n|gen|9\n|tier|[Gen 9 Champions] BSS Reg M-A\n|rated|\n|rule|Species Clause: Limit one of each Pok\u00e9mon\n|rule|Item Clause: Limit 1 of each item\n|clearpoke\n|poke|p1|Manectric, L50, M, shiny|\n|poke|p1|Mudsdale, L50, F|\n|poke|p1|Hawlucha, L50, F|\n|poke|p1|Ninetales, L50, M, shiny|\n|poke|p1|Dragonite, L50, F|\n|poke|p1|Weavile, L50, F|\n|poke|p2|Feraligatr, L50, F|\n|poke|p2|Aegislash, L50, M|\n|poke|p2|Rotom-Heat, L50|\n|poke|p2|Venusaur, L50, F|\n|poke|p2|Clefable, L50, M|\n|poke|p2|Hippowdon, L50, M|\n|teampreview|3\n|inactive|Battle timer is ON: inactive players will automatically lose when time's up. (requested by adfsdfsdfsdaf)\n|\n|t:|1776597840\n|teamsize|p1|3\n|teamsize|p2|3\n|start\n|switch|p1a: Mudsdale|Mudsdale, L50, F|100/100\n|switch|p2a: Aegislash|Aegislash, L50, M|100/100\n|turn|1\n|\n|t:|1776597860\n|switch|p2a: Venusaur|Venusaur, L50, F|100/100\n|move|p1a: Mudsdale|Earthquake|p2a: Venusaur\n|-damage|p2a: Venusaur|60/100\n|\n|upkeep\n|turn|2\n|\n|t:|1776597873\n|detailschange|p2a: Venusaur|Venusaur-Mega, L50, F\n|-mega|p2a: Venusaur|Venusaur|Venusaurite\n|move|p2a: Venusaur|Giga Drain|p1a: Mudsdale\n|-supereffective|p1a: Mudsdale|1\n|-damage|p1a: Mudsdale|60/100\n|-heal|p2a: Venusaur|82/100|[from] drain|[of] p1a: Mudsdale\n|-ability|p1a: Mudsdale|Stamina|boost\n|-boost|p1a: Mudsdale|def|1\n|move|p1a: Mudsdale|Earthquake|p2a: Venusaur\n|-damage|p2a: Venusaur|49/100\n|\n|upkeep\n|turn|3\n|\n|t:|1776597885\n|switch|p1a: Ninetales|Ninetales, L50, M, shiny|100/100\n|move|p2a: Venusaur|Giga Drain|p1a: Ninetales\n|-resisted|p1a: Ninetales|1\n|-damage|p1a: Ninetales|87/100\n|-heal|p2a: Venusaur|56/100|[from] drain|[of] p1a: Ninetales\n|\n|-heal|p1a: Ninetales|93/100|[from] item: Leftovers\n|upkeep\n|turn|4\n|\n|t:|1776597903\n|move|p1a: Ninetales|Flamethrower|p2a: Venusaur\n|-supereffective|p2a: Venusaur|1\n|-damage|p2a: Venusaur|38/100\n|move|p2a: Venusaur|Synthesis|p2a: Venusaur\n|-heal|p2a: Venusaur|88/100\n|\n|-heal|p1a: Ninetales|99/100|[from] item: Leftovers\n|upkeep\n|turn|5\n|\n|t:|1776597913\n|move|p1a: Ninetales|Will-O-Wisp|p2a: Venusaur\n|-status|p2a: Venusaur|brn\n|move|p2a: Venusaur|Earth Power|p1a: Ninetales\n|-supereffective|p1a: Ninetales|1\n|-damage|p1a: Ninetales|59/100\n|\n|-heal|p1a: Ninetales|65/100|[from] item: Leftovers\n|-damage|p2a: Venusaur|82/100 brn|[from] brn\n|upkeep\n|turn|6\n|\n|t:|1776597924\n|move|p1a: Ninetales|Flamethrower|p2a: Venusaur\n|-supereffective|p2a: Venusaur|1\n|-damage|p2a: Venusaur|63/100 brn\n|move|p2a: Venusaur|Earth Power|p1a: Ninetales\n|-supereffective|p1a: Ninetales|1\n|-crit|p1a: Ninetales\n|-damage|p1a: Ninetales|0 fnt\n|faint|p1a: Ninetales\n|\n|-damage|p2a: Venusaur|57/100 brn|[from] brn\n|upkeep\n|\n|t:|1776597935\n|switch|p1a: Manectric|Manectric, L50, M, shiny|100/100\n|turn|7\n|\n|t:|1776597941\n|detailschange|p1a: Manectric|Manectric-Mega, L50, M, shiny\n|-mega|p1a: Manectric|Manectric|Manectite\n|-ability|p1a: Manectric|Intimidate|boost\n|-unboost|p2a: Venusaur|atk|1\n|move|p1a: Manectric|Flamethrower|p2a: Venusaur\n|-supereffective|p2a: Venusaur|1\n|-damage|p2a: Venusaur|36/100 brn\n|move|p2a: Venusaur|Synthesis|p2a: Venusaur\n|-heal|p2a: Venusaur|86/100 brn\n|\n|-damage|p2a: Venusaur|80/100 brn|[from] brn\n|upkeep\n|turn|8\n|\n|t:|1776597954\n|switch|p2a: Hippowdon|Hippowdon, L50, M|100/100\n|-weather|Sandstorm|[from] ability: Sand Stream|[of] p2a: Hippowdon\n|move|p1a: Manectric|Volt Switch|p2a: Hippowdon\n|-immune|p2a: Hippowdon\n|\n|-weather|Sandstorm|[upkeep]\n|-damage|p1a: Manectric|94/100|[from] Sandstorm\n|upkeep\n|turn|9\n|\n|t:|1776597965\n|switch|p1a: Mudsdale|Mudsdale, L50, F|60/100\n|move|p2a: Hippowdon|Stealth Rock|p1a: Mudsdale\n|-sidestart|p1: anabelle777|move: Stealth Rock\n|\n|-weather|Sandstorm|[upkeep]\n|upkeep\n|turn|10\n|\n|t:|1776597972\n|move|p2a: Hippowdon|Yawn|p1a: Mudsdale\n|-start|p1a: Mudsdale|move: Yawn|[of] p2a: Hippowdon\n|move|p1a: Mudsdale|Earthquake|p2a: Hippowdon\n|-crit|p2a: Hippowdon\n|-damage|p2a: Hippowdon|51/100\n|\n|-weather|Sandstorm|[upkeep]\n|upkeep\n|turn|11\n|\n|t:|1776597981\n|move|p2a: Hippowdon|Slack Off|p2a: Hippowdon\n|-heal|p2a: Hippowdon|100/100\n|move|p1a: Mudsdale|Earthquake|p2a: Hippowdon\n|-damage|p2a: Hippowdon|73/100\n|\n|-weather|Sandstorm|[upkeep]\n|-end|p1a: Mudsdale|move: Yawn|[silent]\n|-status|p1a: Mudsdale|slp\n|-enditem|p1a: Mudsdale|Lum Berry|[eat]\n|-curestatus|p1a: Mudsdale|slp|[msg]\n|upkeep\n|turn|12\n|\n|t:|1776597992\n|move|p2a: Hippowdon|Yawn|p1a: Mudsdale\n|-start|p1a: Mudsdale|move: Yawn|[of] p2a: Hippowdon\n|move|p1a: Mudsdale|Earthquake|p2a: Hippowdon\n|-damage|p2a: Hippowdon|43/100\n|\n|-weather|none\n|upkeep\n|turn|13\n|\n|t:|1776598001\n|move|p2a: Hippowdon|Slack Off|p2a: Hippowdon\n|-heal|p2a: Hippowdon|93/100\n|move|p1a: Mudsdale|Earthquake|p2a: Hippowdon\n|-damage|p2a: Hippowdon|60/100\n|\n|-end|p1a: Mudsdale|move: Yawn|[silent]\n|-status|p1a: Mudsdale|slp\n|upkeep\n|turn|14\n|\n|t:|1776598011\n|move|p2a: Hippowdon|Slack Off|p2a: Hippowdon\n|-heal|p2a: Hippowdon|100/100\n|cant|p1a: Mudsdale|slp\n|move|p1a: Mudsdale|Sleep Talk|p1a: Mudsdale\n|move|p1a: Mudsdale|Iron Head|p2a: Hippowdon|[from] move: Sleep Talk\n|-damage|p2a: Hippowdon|85/100\n|\n|upkeep\n|turn|15\n|\n|t:|1776598021\n|switch|p2a: Venusaur|Venusaur-Mega, L50, F|80/100 brn\n|cant|p1a: Mudsdale|slp\n|move|p1a: Mudsdale|Sleep Talk|p1a: Mudsdale\n|move|p1a: Mudsdale|Rest||[from] move: Sleep Talk|[still]\n|-fail|p1a: Mudsdale\n|\n|-damage|p2a: Venusaur|74/100 brn|[from] brn\n|upkeep\n|turn|16\n|\n|t:|1776598031\n|move|p2a: Venusaur|Giga Drain|p1a: Mudsdale\n|-supereffective|p1a: Mudsdale|1\n|-damage|p1a: Mudsdale|18/100 slp\n|-heal|p2a: Venusaur|97/100 brn|[from] drain|[of] p1a: Mudsdale\n|-ability|p1a: Mudsdale|Stamina|boost\n|-boost|p1a: Mudsdale|def|1\n|-curestatus|p1a: Mudsdale|slp|[msg]\n|move|p1a: Mudsdale|Sleep Talk||[still]\n|-fail|p1a: Mudsdale\n|\n|-damage|p2a: Venusaur|91/100 brn|[from] brn\n|upkeep\n|turn|17\n|\n|t:|1776598044\n|move|p2a: Venusaur|Giga Drain|p1a: Mudsdale\n|-supereffective|p1a: Mudsdale|1\n|-damage|p1a: Mudsdale|0 fnt\n|-heal|p2a: Venusaur|100/100 brn|[from] drain|[of] p1a: Mudsdale\n|faint|p1a: Mudsdale\n|\n|-damage|p2a: Venusaur|95/100 brn|[from] brn\n|upkeep\n|\n|t:|1776598052\n|switch|p1a: Manectric|Manectric-Mega, L50, M, shiny|94/100\n|-damage|p1a: Manectric|82/100|[from] Stealth Rock\n|-ability|p1a: Manectric|Intimidate|boost\n|-unboost|p2a: Venusaur|atk|1\n|turn|18\n|\n|t:|1776598058\n|move|p1a: Manectric|Thunderbolt|p2a: Venusaur\n|-resisted|p2a: Venusaur|1\n|-damage|p2a: Venusaur|79/100 brn\n|move|p2a: Venusaur|Earth Power|p1a: Manectric\n|-supereffective|p1a: Manectric|1\n|-damage|p1a: Manectric|16/100\n|\n|-damage|p2a: Venusaur|73/100 brn|[from] brn\n|upkeep\n|turn|19\n|\n|t:|1776598067\n|move|p1a: Manectric|Flamethrower|p2a: Venusaur\n|-supereffective|p2a: Venusaur|1\n|-damage|p2a: Venusaur|54/100 brn\n|move|p2a: Venusaur|Earth Power|p1a: Manectric\n|-supereffective|p1a: Manectric|1\n|-damage|p1a: Manectric|0 fnt\n|faint|p1a: Manectric\n|\n|win|adfsdfsdfsdaf\n|raw|anabelle777's rating: 1000 &rarr; <strong>1000</strong><br />(+0 for losing)\n|raw|adfsdfsdfsdaf's rating: 1085 &rarr; <strong>1106</strong><br />(+21 for winning)\n",
  "uploadtime": 1776598071,
  "views": 2,
  "formatid": "gen9championsbssregma",
  "rating": 1000,
  "private": 0,
  "password": null
}