{
  "id": "gen9championsbssregma-2585938889",
  "format": "[Gen 9 Champions] BSS Reg M-A",
  "players": [
    "lisarb660",
    "filipelima0617"
  ],
  "log": "|j|\u2606lisarb660\n|j|\u2606filipelima0617\n|t:|1776383258\n|gametype|singles\n|player|p1|lisarb660|volkner|\n|player|p2|filipelima0617|skier|\n|gen|9\n|tier|[Gen 9 Champions] BSS Reg M-A\n|rule|Species Clause: Limit one of each Pok\u00e9mon\n|rule|Item Clause: Limit 1 of each item\n|clearpoke\n|poke|p1|Umbreon, L50, M|\n|poke|p1|Dragonite, L50, M|\n|poke|p1|Volcarona, L50, M|\n|poke|p1|Rotom-Wash, L50|\n|poke|p1|Garchomp, L50, M|\n|poke|p1|Hydreigon, L50, M|\n|poke|p2|Gardevoir, L50, M|\n|poke|p2|Rotom-Heat, L50|\n|poke|p2|Toxapex, L50, M|\n|poke|p2|Tyranitar, L50, M|\n|poke|p2|Skarmory, L50, F|\n|poke|p2|Hippowdon, L50, M|\n|teampreview|3\n|\n|t:|1776383298\n|teamsize|p1|3\n|teamsize|p2|3\n|start\n|switch|p1a: coelho emo|Umbreon, L50, M|100/100\n|switch|p2a: Toxapex|Toxapex, L50, M|100/100\n|turn|1\n|\n|t:|1776383321\n|move|p1a: coelho emo|Protect|p1a: coelho emo\n|-singleturn|p1a: coelho emo|Protect\n|move|p2a: Toxapex|Toxic Spikes|p1a: coelho emo\n|-sidestart|p1: lisarb660|move: Toxic Spikes\n|\n|upkeep\n|turn|2\n|\n|t:|1776383329\n|switch|p1a: jack o estripador|Garchomp, L50, M|100/100\n|-status|p1a: jack o estripador|psn\n|switch|p2a: Hippowdon|Hippowdon, L50, M|100/100\n|-weather|Sandstorm|[from] ability: Sand Stream|[of] p2a: Hippowdon\n|\n|-weather|Sandstorm|[upkeep]\n|-damage|p1a: jack o estripador|88/100 psn|[from] psn\n|upkeep\n|turn|3\n|\n|t:|1776383341\n|move|p1a: jack o estripador|Earthquake|p2a: Hippowdon\n|-damage|p2a: Hippowdon|74/100\n|move|p2a: Hippowdon|Stealth Rock|p1a: jack o estripador\n|-sidestart|p1: lisarb660|move: Stealth Rock\n|\n|-weather|Sandstorm|[upkeep]\n|-damage|p1a: jack o estripador|76/100 psn|[from] psn\n|upkeep\n|turn|4\n|\n|t:|1776383354\n|move|p1a: jack o estripador|Earthquake|p2a: Hippowdon\n|-damage|p2a: Hippowdon|45/100\n|move|p2a: Hippowdon|Roar|p1a: jack o estripador\n|drag|p1a: maquina de lavar|Rotom-Wash, L50|100/100\n|-damage|p1a: maquina de lavar|88/100|[from] Stealth Rock\n|\n|-weather|Sandstorm|[upkeep]\n|-damage|p1a: maquina de lavar|83/100|[from] Sandstorm\n|upkeep\n|turn|5\n|\n|t:|1776383375\n|switch|p2a: Toxapex|Toxapex, L50, M|100/100\n|move|p1a: maquina de lavar|Hydro Pump|p2a: Toxapex|[miss]\n|-miss|p1a: maquina de lavar|p2a: Toxapex\n|\n|-weather|Sandstorm|[upkeep]\n|-damage|p1a: maquina de lavar|77/100|[from] Sandstorm\n|-damage|p2a: Toxapex|95/100|[from] Sandstorm\n|-heal|p2a: Toxapex|100/100|[from] item: Leftovers\n|upkeep\n|turn|6\n|\n|t:|1776383387\n|move|p1a: maquina de lavar|Volt Switch|p2a: Toxapex\n|-supereffective|p2a: Toxapex|1\n|-damage|p2a: Toxapex|57/100\n|\n|t:|1776383390\n|switch|p1a: jack o estripador|Garchomp, L50, M|76/100 psn|[from] Volt Switch\n|-damage|p1a: jack o estripador|70/100 psn|[from] Stealth Rock\n|move|p2a: Toxapex|Toxic||[still]\n|-fail|p2a: Toxapex\n|\n|-weather|none\n|-heal|p2a: Toxapex|63/100|[from] item: Leftovers\n|-damage|p1a: jack o estripador|58/100 psn|[from] psn\n|upkeep\n|turn|7\n|\n|t:|1776383410\n|switch|p2a: Hippowdon|Hippowdon, L50, M|45/100\n|-weather|Sandstorm|[from] ability: Sand Stream|[of] p2a: Hippowdon\n|move|p1a: jack o estripador|Earthquake|p2a: Hippowdon\n|-damage|p2a: Hippowdon|17/100\n|\n|-weather|Sandstorm|[upkeep]\n|-damage|p1a: jack o estripador|46/100 psn|[from] psn\n|upkeep\n|turn|8\n|\n|t:|1776383423\n|move|p1a: jack o estripador|Earthquake|p2a: Hippowdon\n|-damage|p2a: Hippowdon|0 fnt\n|faint|p2a: Hippowdon\n|\n|-weather|Sandstorm|[upkeep]\n|-damage|p1a: jack o estripador|34/100 psn|[from] psn\n|upkeep\n|\n|t:|1776383431\n|switch|p2a: Tyranitar|Tyranitar, L50, M|100/100\n|turn|9\n|\n|t:|1776383463\n|move|p1a: jack o estripador|Earthquake|p2a: Tyranitar\n|-supereffective|p2a: Tyranitar|1\n|-damage|p2a: Tyranitar|22/100\n|move|p2a: Tyranitar|Ice Punch|p1a: jack o estripador\n|-supereffective|p1a: jack o estripador|2\n|-enditem|p1a: jack o estripador|Yache Berry|[eat]\n|-enditem|p1a: jack o estripador|Yache Berry|[weaken]\n|-damage|p1a: jack o estripador|0 fnt\n|faint|p1a: jack o estripador\n|\n|-weather|Sandstorm|[upkeep]\n|upkeep\n|\n|t:|1776383474\n|switch|p1a: coelho emo|Umbreon, L50, M|100/100\n|-status|p1a: coelho emo|psn\n|-damage|p1a: coelho emo|88/100 psn|[from] Stealth Rock\n|turn|10\n|\n|t:|1776383493\n|switch|p2a: Toxapex|Toxapex, L50, M|96/100\n|move|p1a: coelho emo|Toxic|p2a: Toxapex\n|-immune|p2a: Toxapex\n|\n|-weather|Sandstorm|[upkeep]\n|-damage|p1a: coelho emo|82/100 psn|[from] Sandstorm\n|-damage|p2a: Toxapex|90/100|[from] Sandstorm\n|-heal|p1a: coelho emo|88/100 psn|[from] item: Leftovers\n|-heal|p2a: Toxapex|96/100|[from] item: Leftovers\n|-damage|p1a: coelho emo|76/100 psn|[from] psn\n|upkeep\n|turn|11\n|\n|t:|1776383510\n|move|p2a: Toxapex|Baneful Bunker|p2a: Toxapex\n|-singleturn|p2a: Toxapex|move: Protect\n|move|p1a: coelho emo|Foul Play|p2a: Toxapex\n|-activate|p2a: Toxapex|move: Protect\n|\n|-weather|none\n|-heal|p1a: coelho emo|82/100 psn|[from] item: Leftovers\n|-heal|p2a: Toxapex|100/100|[from] item: Leftovers\n|-damage|p1a: coelho emo|69/100 psn|[from] psn\n|upkeep\n|turn|12\n|\n|t:|1776383522\n|move|p1a: coelho emo|Protect|p1a: coelho emo\n|-singleturn|p1a: coelho emo|Protect\n|move|p2a: Toxapex|Toxic Spikes|p1a: coelho emo\n|-sidestart|p1: lisarb660|move: Toxic Spikes\n|\n|-heal|p1a: coelho emo|75/100 psn|[from] item: Leftovers\n|-damage|p1a: coelho emo|63/100 psn|[from] psn\n|upkeep\n|turn|13\n|\n|t:|1776383533\n|move|p2a: Toxapex|Baneful Bunker|p2a: Toxapex\n|-singleturn|p2a: Toxapex|move: Protect\n|move|p1a: coelho emo|Foul Play|p2a: Toxapex\n|-activate|p2a: Toxapex|move: Protect\n|\n|-heal|p1a: coelho emo|69/100 psn|[from] item: Leftovers\n|-damage|p1a: coelho emo|56/100 psn|[from] psn\n|upkeep\n|turn|14\n|c|\u2606lisarb660|kkkk\n|\n|t:|1776383544\n|move|p2a: Toxapex|Baneful Bunker||[still]\n|-fail|p2a: Toxapex\n|move|p1a: coelho emo|Wish|p1a: coelho emo\n|\n|-heal|p1a: coelho emo|62/100 psn|[from] item: Leftovers\n|-damage|p1a: coelho emo|50/100 psn|[from] psn\n|upkeep\n|turn|15\n|\n|t:|1776383553\n|move|p1a: coelho emo|Protect|p1a: coelho emo\n|-singleturn|p1a: coelho emo|Protect\n|move|p2a: Toxapex|Toxic Spikes||[still]\n|-fail|p2a: Toxapex\n|\n|-heal|p1a: coelho emo|99/100 psn|[from] move: Wish|[wisher] coelho emo\n|-heal|p1a: coelho emo|100/100 psn|[from] item: Leftovers\n|-damage|p1a: coelho emo|88/100 psn|[from] psn\n|upkeep\n|turn|16\n|\n|t:|1776383566\n|move|p2a: Toxapex|Baneful Bunker|p2a: Toxapex\n|-singleturn|p2a: Toxapex|move: Protect\n|move|p1a: coelho emo|Foul Play|p2a: Toxapex\n|-activate|p2a: Toxapex|move: Protect\n|\n|-heal|p1a: coelho emo|94/100 psn|[from] item: Leftovers\n|-damage|p1a: coelho emo|82/100 psn|[from] psn\n|upkeep\n|turn|17\n|\n|t:|1776383584\n|switch|p2a: Tyranitar|Tyranitar, L50, M|22/100\n|-weather|Sandstorm|[from] ability: Sand Stream|[of] p2a: Tyranitar\n|move|p1a: coelho emo|Foul Play|p2a: Tyranitar\n|-resisted|p2a: Tyranitar|1\n|-damage|p2a: Tyranitar|0 fnt\n|faint|p2a: Tyranitar\n|\n|-weather|Sandstorm|[upkeep]\n|-damage|p1a: coelho emo|76/100 psn|[from] Sandstorm\n|-heal|p1a: coelho emo|82/100 psn|[from] item: Leftovers\n|-damage|p1a: coelho emo|69/100 psn|[from] psn\n|upkeep\n|\n|t:|1776383598\n|switch|p2a: Toxapex|Toxapex, L50, M|100/100\n|turn|18\n|\n|t:|1776383608\n|move|p1a: coelho emo|Wish|p1a: coelho emo\n|move|p2a: Toxapex|Recover||[still]\n|-fail|p2a: Toxapex|heal\n|\n|-weather|Sandstorm|[upkeep]\n|-damage|p1a: coelho emo|63/100 psn|[from] Sandstorm\n|-damage|p2a: Toxapex|95/100|[from] Sandstorm\n|-heal|p1a: coelho emo|69/100 psn|[from] item: Leftovers\n|-heal|p2a: Toxapex|100/100|[from] item: Leftovers\n|-damage|p1a: coelho emo|57/100 psn|[from] psn\n|upkeep\n|turn|19\n|\n|t:|1776383642\n|move|p2a: Toxapex|Baneful Bunker|p2a: Toxapex\n|-singleturn|p2a: Toxapex|move: Protect\n|move|p1a: coelho emo|Foul Play|p2a: Toxapex\n|-activate|p2a: Toxapex|move: Protect\n|\n|-weather|Sandstorm|[upkeep]\n|-damage|p1a: coelho emo|51/100 psn|[from] Sandstorm\n|-damage|p2a: Toxapex|95/100|[from] Sandstorm\n|-heal|p1a: coelho emo|100/100 psn|[from] move: Wish|[wisher] coelho emo\n|-heal|p2a: Toxapex|100/100|[from] item: Leftovers\n|-damage|p1a: coelho emo|88/100 psn|[from] psn\n|upkeep\n|turn|20\n|\n|t:|1776383656\n|move|p1a: coelho emo|Foul Play|p2a: Toxapex\n|-damage|p2a: Toxapex|88/100\n|move|p2a: Toxapex|Toxic Spikes||[still]\n|-fail|p2a: Toxapex\n|\n|-weather|Sandstorm|[upkeep]\n|-damage|p1a: coelho emo|82/100 psn|[from] Sandstorm\n|-damage|p2a: Toxapex|83/100|[from] Sandstorm\n|-heal|p1a: coelho emo|88/100 psn|[from] item: Leftovers\n|-heal|p2a: Toxapex|88/100|[from] item: Leftovers\n|-damage|p1a: coelho emo|76/100 psn|[from] psn\n|upkeep\n|turn|21\n|\n|t:|1776383670\n|move|p1a: coelho emo|Protect|p1a: coelho emo\n|-singleturn|p1a: coelho emo|Protect\n|move|p2a: Toxapex|Recover|p2a: Toxapex\n|-heal|p2a: Toxapex|100/100\n|\n|-weather|none\n|-heal|p1a: coelho emo|82/100 psn|[from] item: Leftovers\n|-damage|p1a: coelho emo|69/100 psn|[from] psn\n|upkeep\n|turn|22\n|\n|t:|1776383680\n|move|p2a: Toxapex|Baneful Bunker|p2a: Toxapex\n|-singleturn|p2a: Toxapex|move: Protect\n|move|p1a: coelho emo|Wish|p1a: coelho emo\n|\n|-heal|p1a: coelho emo|75/100 psn|[from] item: Leftovers\n|-damage|p1a: coelho emo|63/100 psn|[from] psn\n|upkeep\n|turn|23\n|\n|t:|1776383690\n|switch|p1a: maquina de lavar|Rotom-Wash, L50|77/100\n|-damage|p1a: maquina de lavar|65/100|[from] Stealth Rock\n|move|p2a: Toxapex|Baneful Bunker||[still]\n|-fail|p2a: Toxapex\n|\n|-heal|p1a: maquina de lavar|100/100|[from] move: Wish|[wisher] coelho emo\n|upkeep\n|turn|24\n|\n|t:|1776383700\n|move|p1a: maquina de lavar|Volt Switch|p2a: Toxapex\n|-supereffective|p2a: Toxapex|1\n|-damage|p2a: Toxapex|57/100\n|\n|t:|1776383704\n|switch|p1a: coelho emo|Umbreon, L50, M|63/100 psn|[from] Volt Switch\n|-damage|p1a: coelho emo|50/100 psn|[from] Stealth Rock\n|move|p2a: Toxapex|Recover|p2a: Toxapex\n|-heal|p2a: Toxapex|100/100\n|\n|-heal|p1a: coelho emo|56/100 psn|[from] item: Leftovers\n|-damage|p1a: coelho emo|44/100 psn|[from] psn\n|upkeep\n|turn|25\n|\n|t:|1776383716\n|move|p2a: Toxapex|Baneful Bunker|p2a: Toxapex\n|-singleturn|p2a: Toxapex|move: Protect\n|move|p1a: coelho emo|Wish|p1a: coelho emo\n|\n|-heal|p1a: coelho emo|50/100 psn|[from] item: Leftovers\n|-damage|p1a: coelho emo|38/100 psn|[from] psn\n|upkeep\n|turn|26\n|\n|t:|1776383727\n|switch|p1a: maquina de lavar|Rotom-Wash, L50|100/100\n|-damage|p1a: maquina de lavar|88/100|[from] Stealth Rock\n|move|p2a: Toxapex|Toxic Spikes||[still]\n|-fail|p2a: Toxapex\n|\n|-heal|p1a: maquina de lavar|100/100|[from] move: Wish|[wisher] coelho emo\n|upkeep\n|turn|27\n|\n|t:|1776383741\n|move|p1a: maquina de lavar|Will-O-Wisp|p2a: Toxapex|[miss]\n|-miss|p1a: maquina de lavar|p2a: Toxapex\n|move|p2a: Toxapex|Toxic|p1a: maquina de lavar\n|-status|p1a: maquina de lavar|tox\n|\n|-damage|p1a: maquina de lavar|95/100 tox|[from] psn\n|upkeep\n|turn|28\n|\n|t:|1776383751\n|move|p1a: maquina de lavar|Will-O-Wisp|p2a: Toxapex\n|-status|p2a: Toxapex|brn\n|move|p2a: Toxapex|Recover||[still]\n|-fail|p2a: Toxapex|heal\n|\n|-damage|p1a: maquina de lavar|83/100 tox|[from] psn\n|-damage|p2a: Toxapex|95/100 brn|[from] brn\n|upkeep\n|turn|29\n|\n|t:|1776383765\n|move|p1a: maquina de lavar|Protect|p1a: maquina de lavar\n|-singleturn|p1a: maquina de lavar|Protect\n|move|p2a: Toxapex|Toxic Spikes||[still]\n|-fail|p2a: Toxapex\n|\n|-heal|p2a: Toxapex|100/100 brn|[from] item: Leftovers\n|-damage|p1a: maquina de lavar|66/100 tox|[from] psn\n|-damage|p2a: Toxapex|95/100 brn|[from] brn\n|upkeep\n|turn|30\n|\n|t:|1776383794\n|move|p1a: maquina de lavar|Hydro Pump|p2a: Toxapex\n|-resisted|p2a: Toxapex|1\n|-damage|p2a: Toxapex|79/100 brn\n|move|p2a: Toxapex|Toxic Spikes||[still]\n|-fail|p2a: Toxapex\n|\n|-heal|p2a: Toxapex|85/100 brn|[from] item: Leftovers\n|-damage|p1a: maquina de lavar|43/100 tox|[from] psn\n|-damage|p2a: Toxapex|79/100 brn|[from] brn\n|upkeep\n|turn|31\n|\n|t:|1776383806\n|move|p1a: maquina de lavar|Volt Switch|p2a: Toxapex\n|-supereffective|p2a: Toxapex|1\n|-damage|p2a: Toxapex|37/100 brn\n|\n|t:|1776383810\n|switch|p1a: coelho emo|Umbreon, L50, M|38/100 psn|[from] Volt Switch\n|-damage|p1a: coelho emo|25/100 psn|[from] Stealth Rock\n|move|p2a: Toxapex|Toxic||[still]\n|-fail|p2a: Toxapex\n|\n|-heal|p1a: coelho emo|31/100 psn|[from] item: Leftovers\n|-heal|p2a: Toxapex|43/100 brn|[from] item: Leftovers\n|-damage|p1a: coelho emo|19/100 psn|[from] psn\n|-damage|p2a: Toxapex|37/100 brn|[from] brn\n|upkeep\n|turn|32\n|\n|t:|1776383822\n|move|p1a: coelho emo|Wish|p1a: coelho emo\n|move|p2a: Toxapex|Recover|p2a: Toxapex\n|-heal|p2a: Toxapex|87/100 brn\n|\n|-heal|p1a: coelho emo|25/100 psn|[from] item: Leftovers\n|-heal|p2a: Toxapex|93/100 brn|[from] item: Leftovers\n|-damage|p1a: coelho emo|12/100 psn|[from] psn\n|-damage|p2a: Toxapex|87/100 brn|[from] brn\n|upkeep\n|turn|33\n|\n|t:|1776383833\n|move|p1a: coelho emo|Protect|p1a: coelho emo\n|-singleturn|p1a: coelho emo|Protect\n|move|p2a: Toxapex|Toxic|p1a: coelho emo\n|-activate|p1a: coelho emo|move: Protect\n|\n|-heal|p1a: coelho emo|62/100 psn|[from] move: Wish|[wisher] coelho emo\n|-heal|p1a: coelho emo|68/100 psn|[from] item: Leftovers\n|-heal|p2a: Toxapex|93/100 brn|[from] item: Leftovers\n|-damage|p1a: coelho emo|56/100 psn|[from] psn\n|-damage|p2a: Toxapex|87/100 brn|[from] brn\n|upkeep\n|turn|34\n|c|\u2606lisarb660|quer empate?\n|c|\u2606lisarb660|eo fica ssim\n|\n|t:|1776383882\n|move|p1a: coelho emo|Protect||[still]\n|-fail|p1a: coelho emo\n|move|p2a: Toxapex|Toxic Spikes||[still]\n|-fail|p2a: Toxapex\n|\n|-heal|p1a: coelho emo|62/100 psn|[from] item: Leftovers\n|-heal|p2a: Toxapex|93/100 brn|[from] item: Leftovers\n|-damage|p1a: coelho emo|50/100 psn|[from] psn\n|-damage|p2a: Toxapex|87/100 brn|[from] brn\n|upkeep\n|turn|35\n|\n|t:|1776383896\n|switch|p1a: maquina de lavar|Rotom-Wash, L50|43/100 tox\n|-damage|p1a: maquina de lavar|31/100 tox|[from] Stealth Rock\n|move|p2a: Toxapex|Toxic Spikes||[still]\n|-fail|p2a: Toxapex\n|\n|-heal|p2a: Toxapex|93/100 brn|[from] item: Leftovers\n|-damage|p1a: maquina de lavar|25/100 tox|[from] psn\n|-damage|p2a: Toxapex|87/100 brn|[from] brn\n|upkeep\n|turn|36\n|\n|t:|1776383923\n|move|p1a: maquina de lavar|Protect|p1a: maquina de lavar\n|-singleturn|p1a: maquina de lavar|Protect\n|move|p2a: Toxapex|Recover|p2a: Toxapex\n|-heal|p2a: Toxapex|100/100 brn\n|\n|-damage|p1a: maquina de lavar|14/100 tox|[from] psn\n|-damage|p2a: Toxapex|95/100 brn|[from] brn\n|upkeep\n|turn|37\n|\n|t:|1776383934\n|move|p1a: maquina de lavar|Volt Switch|p2a: Toxapex\n|-supereffective|p2a: Toxapex|1\n|-damage|p2a: Toxapex|49/100 brn\n|\n|t:|1776383939\n|switch|p1a: coelho emo|Umbreon, L50, M|50/100 psn|[from] Volt Switch\n|-damage|p1a: coelho emo|37/100 psn|[from] Stealth Rock\n|move|p2a: Toxapex|Toxic||[still]\n|-fail|p2a: Toxapex\n|\n|-heal|p1a: coelho emo|43/100 psn|[from] item: Leftovers\n|-heal|p2a: Toxapex|55/100 brn|[from] item: Leftovers\n|-damage|p1a: coelho emo|31/100 psn|[from] psn\n|-damage|p2a: Toxapex|49/100 brn|[from] brn\n|upkeep\n|turn|38\n|\n|t:|1776383951\n|move|p1a: coelho emo|Foul Play|p2a: Toxapex\n|-damage|p2a: Toxapex|36/100 brn\n|move|p2a: Toxapex|Recover|p2a: Toxapex\n|-heal|p2a: Toxapex|86/100 brn\n|\n|-heal|p1a: coelho emo|37/100 psn|[from] item: Leftovers\n|-heal|p2a: Toxapex|92/100 brn|[from] item: Leftovers\n|-damage|p1a: coelho emo|24/100 psn|[from] psn\n|-damage|p2a: Toxapex|86/100 brn|[from] brn\n|upkeep\n|turn|39\n|-message|lisarb660 forfeited.\n|\n|win|filipelima0617\n|l|\u2606filipelima0617\n|player|p2|\n",
  "uploadtime": 1776384314,
  "views": 18,
  "formatid": "gen9championsbssregma",
  "rating": null,
  "private": 0,
  "password": null
}