{
  "id": "gen9championsbssregma-2584301239",
  "format": "[Gen 9 Champions] BSS Reg M-A",
  "players": [
    "karbain",
    "nuko1234"
  ],
  "log": "|j|\u2606karbain\n|j|\u2606nuko1234\n|t:|1776248876\n|gametype|singles\n|player|p1|karbain|2|1471\n|player|p2|nuko1234|guitarist|1378\n|gen|9\n|tier|[Gen 9 Champions] BSS Reg M-A\n|rated|\n|rule|Species Clause: Limit one of each Pok\u00e9mon\n|rule|Item Clause: Limit 1 of each item\n|clearpoke\n|poke|p1|Charizard, L50, M|\n|poke|p1|Greninja-*, L50, M|\n|poke|p1|Gengar, L50, F|\n|poke|p1|Mimikyu, L50, M|\n|poke|p1|Meowscarada, L50, F|\n|poke|p1|Empoleon, L50, F|\n|poke|p2|Gyarados, L50, F|\n|poke|p2|Charizard, L50, M|\n|poke|p2|Greninja-*, L50, M|\n|poke|p2|Mimikyu, L50, F|\n|poke|p2|Hatterene, L50, F|\n|poke|p2|Kingambit, L50, M|\n|teampreview|3\n|inactive|Battle timer is ON: inactive players will automatically lose when time's up. (requested by nuko1234)\n|inactive|karbain has 60 seconds left.\n|\n|t:|1776248932\n|teamsize|p1|3\n|teamsize|p2|3\n|start\n|switch|p1a: Gengar|Gengar, L50, F|100/100\n|switch|p2a: Greninja|Greninja, L50, M|100/100\n|turn|1\n|j| p74\n|\n|t:|1776248941\n|detailschange|p1a: Gengar|Gengar-Mega, L50, F\n|-mega|p1a: Gengar|Gengar|Gengarite\n|move|p1a: Gengar|Sludge Wave|p2a: Greninja\n|-damage|p2a: Greninja|14/100\n|move|p2a: Greninja|Dark Pulse|p1a: Gengar\n|-supereffective|p1a: Gengar|1\n|-damage|p1a: Gengar|0 fnt\n|faint|p1a: Gengar\n|\n|upkeep\n|\n|t:|1776248949\n|switch|p1a: Empoleon|Empoleon, L50, F|100/100\n|turn|2\n|\n|t:|1776248958\n|switch|p2a: Gyarados|Gyarados, L50, F|100/100\n|-ability|p2a: Gyarados|Intimidate|boost\n|-unboost|p1a: Empoleon|atk|1\n|-ability|p1a: Empoleon|Competitive|boost\n|-boost|p1a: Empoleon|spa|2\n|move|p1a: Empoleon|Stealth Rock|p2a: Gyarados\n|-sidestart|p2: nuko1234|move: Stealth Rock\n|\n|upkeep\n|turn|3\n|\n|t:|1776248969\n|move|p2a: Gyarados|Taunt|p1a: Empoleon\n|-start|p1a: Empoleon|move: Taunt\n|move|p1a: Empoleon|Surf|p2a: Gyarados\n|-resisted|p2a: Gyarados|1\n|-damage|p2a: Gyarados|67/100\n|\n|-heal|p2a: Gyarados|73/100|[from] item: Leftovers\n|upkeep\n|turn|4\n|\n|t:|1776248977\n|switch|p1a: Meowscarada|Meowscarada, L50, F|100/100\n|move|p2a: Gyarados|Dragon Dance|p2a: Gyarados\n|-boost|p2a: Gyarados|atk|1\n|-boost|p2a: Gyarados|spe|1\n|\n|-heal|p2a: Gyarados|79/100|[from] item: Leftovers\n|upkeep\n|turn|5\n|\n|t:|1776248986\n|move|p1a: Meowscarada|Flower Trick|p2a: Gyarados\n|-start|p1a: Meowscarada|typechange|Grass|[from] ability: Protean\n|-crit|p2a: Gyarados\n|-damage|p2a: Gyarados|18/100\n|move|p2a: Gyarados|Waterfall|p1a: Meowscarada\n|-resisted|p1a: Meowscarada|1\n|-damage|p1a: Meowscarada|55/100\n|\n|-heal|p2a: Gyarados|24/100|[from] item: Leftovers\n|upkeep\n|turn|6\n|\n|t:|1776248996\n|move|p1a: Meowscarada|Flower Trick|p2a: Gyarados\n|-crit|p2a: Gyarados\n|-damage|p2a: Gyarados|0 fnt\n|faint|p2a: Gyarados\n|\n|upkeep\n|\n|t:|1776248998\n|switch|p2a: Charizard|Charizard, L50, M|100/100\n|-damage|p2a: Charizard|51/100|[from] Stealth Rock\n|turn|7\n|\n|t:|1776249003\n|switch|p1a: Empoleon|Empoleon, L50, F|100/100\n|detailschange|p2a: Charizard|Charizard-Mega-X, L50, M\n|-mega|p2a: Charizard|Charizard|Charizardite X\n|move|p2a: Charizard|Flame Charge|p1a: Empoleon\n|-damage|p1a: Empoleon|69/100\n|-boost|p2a: Charizard|spe|1\n|\n|upkeep\n|turn|8\n|\n|t:|1776249013\n|move|p2a: Charizard|Flame Charge|p1a: Empoleon\n|-damage|p1a: Empoleon|36/100\n|-boost|p2a: Charizard|spe|1\n|-enditem|p1a: Empoleon|Sitrus Berry|[eat]\n|-heal|p1a: Empoleon|61/100|[from] item: Sitrus Berry\n|move|p1a: Empoleon|Yawn|p2a: Charizard\n|-start|p2a: Charizard|move: Yawn|[of] p1a: Empoleon\n|\n|upkeep\n|turn|9\n|\n|t:|1776249023\n|move|p2a: Charizard|Flare Blitz|p1a: Empoleon\n|-damage|p1a: Empoleon|0 fnt\n|faint|p1a: Empoleon\n|-damage|p2a: Charizard|26/100|[from] Recoil\n|\n|-end|p2a: Charizard|move: Yawn|[silent]\n|-status|p2a: Charizard|slp\n|upkeep\n|\n|t:|1776249029\n|switch|p1a: Meowscarada|Meowscarada, L50, F|55/100\n|turn|10\n|\n|t:|1776249038\n|cant|p2a: Charizard|slp\n|move|p1a: Meowscarada|Flower Trick|p2a: Charizard\n|-start|p1a: Meowscarada|typechange|Grass|[from] ability: Protean\n|-resisted|p2a: Charizard|2\n|-crit|p2a: Charizard\n|-damage|p2a: Charizard|11/100 slp\n|\n|upkeep\n|turn|11\n|\n|t:|1776249045\n|-curestatus|p2a: Charizard|slp|[msg]\n|move|p2a: Charizard|Flare Blitz|p1a: Meowscarada\n|-supereffective|p1a: Meowscarada|1\n|-damage|p1a: Meowscarada|0 fnt\n|faint|p1a: Meowscarada\n|-damage|p2a: Charizard|0 fnt|[from] Recoil\n|faint|p2a: Charizard\n|\n|win|nuko1234\n|raw|karbain's rating: 1471 &rarr; <strong>1446</strong><br />(-25 for losing)\n|raw|nuko1234's rating: 1378 &rarr; <strong>1403</strong><br />(+25 for winning)\n|l|\u2606karbain\n|player|p1|\n|l|\u2606nuko1234\n|player|p2|\n",
  "uploadtime": 1776249153,
  "views": 23,
  "formatid": "gen9championsbssregma",
  "rating": 1403,
  "private": 0,
  "password": null
}