{
  "id": "gen9championsbssregma-2587939989",
  "format": "[Gen 9 Champions] BSS Reg M-A",
  "players": [
    "PlumPurple89",
    "Helloguyslol"
  ],
  "log": "|j|\u2606PlumPurple89\n|j|\u2606Helloguyslol\n|t:|1776582068\n|gametype|singles\n|player|p1|PlumPurple89|pokemonbreederf-gen4|1101\n|player|p2|Helloguyslol|unknown|1186\n|gen|9\n|tier|[Gen 9 Champions] BSS Reg M-A\n|rated|\n|rule|Species Clause: Limit one of each Pok\u00e9mon\n|rule|Item Clause: Limit 1 of each item\n|clearpoke\n|poke|p1|Gallade, L50, M|\n|poke|p1|Toucannon, L50, F|\n|poke|p1|Tauros-Paldea-Aqua, L50, M|\n|poke|p1|Dragapult, L50, M|\n|poke|p1|Salazzle, L50, F|\n|poke|p1|Goodra, L50, M, shiny|\n|poke|p2|Rotom-Heat, L50|\n|poke|p2|Slowking-Galar, L50, F|\n|poke|p2|Meganium, L50, M|\n|poke|p2|Lopunny, L50, F|\n|poke|p2|Garchomp, L50, M|\n|poke|p2|Corviknight, L50, F|\n|teampreview|3\n|inactive|Battle timer is ON: inactive players will automatically lose when time's up. (requested by Helloguyslol)\n|c|\u2606PlumPurple89|hiyaq\n|j| Prince of heavens\n|inactive|Helloguyslol has 60 seconds left.\n|\n|t:|1776582114\n|teamsize|p1|3\n|teamsize|p2|3\n|start\n|switch|p1a: Salazzle|Salazzle, L50, F|100/100\n|switch|p2a: Garchomp|Garchomp, L50, M|100/100\n|turn|1\n|\n|t:|1776582122\n|move|p1a: Salazzle|Taunt|p2a: Garchomp\n|-start|p2a: Garchomp|move: Taunt\n|cant|p2a: Garchomp|move: Taunt|Stealth Rock\n|\n|upkeep\n|turn|2\n|\n|t:|1776582126\n|switch|p2a: Corviknight|Corviknight, L50, F|100/100\n|-ability|p2a: Corviknight|Pressure\n|move|p1a: Salazzle|Toxic|p2a: Corviknight\n|-status|p2a: Corviknight|tox\n|\n|-damage|p2a: Corviknight|95/100 tox|[from] psn\n|upkeep\n|turn|3\n|\n|t:|1776582130\n|move|p1a: Salazzle|Flamethrower|p2a: Corviknight\n|-supereffective|p2a: Corviknight|1\n|-damage|p2a: Corviknight|18/100 tox\n|-enditem|p2a: Corviknight|Sitrus Berry|[eat]\n|-heal|p2a: Corviknight|42/100 tox|[from] item: Sitrus Berry\n|move|p2a: Corviknight|U-turn|p1a: Salazzle\n|-resisted|p1a: Salazzle|2\n|-damage|p1a: Salazzle|94/100\n|\n|t:|1776582132\n|switch|p2a: Garchomp|Garchomp, L50, M|100/100|[from] U-turn\n|\n|upkeep\n|turn|4\n|\n|t:|1776582137\n|move|p1a: Salazzle|Taunt|p2a: Garchomp\n|-start|p2a: Garchomp|move: Taunt\n|cant|p2a: Garchomp|move: Taunt|Stealth Rock\n|\n|upkeep\n|turn|5\n|\n|t:|1776582140\n|move|p1a: Salazzle|Toxic|p2a: Garchomp\n|-status|p2a: Garchomp|tox\n|move|p2a: Garchomp|Earthquake|p1a: Salazzle\n|-supereffective|p1a: Salazzle|2\n|-damage|p1a: Salazzle|0 fnt\n|faint|p1a: Salazzle\n|\n|-damage|p2a: Garchomp|95/100 tox|[from] psn\n|upkeep\n|\n|t:|1776582149\n|switch|p1a: Gallade|Gallade, L50, M|100/100\n|turn|6\n|\n|t:|1776582156\n|detailschange|p1a: Gallade|Gallade-Mega, L50, M\n|-mega|p1a: Gallade|Gallade|Galladite\n|move|p1a: Gallade|Triple Axel|p2a: Garchomp\n|-supereffective|p2a: Garchomp|2\n|-damage|p2a: Garchomp|62/100 tox\n|-damage|p1a: Gallade|89/100|[from] ability: Rough Skin|[of] p2a: Garchomp\n|-supereffective|p2a: Garchomp|2\n|-damage|p2a: Garchomp|0 fnt\n|-damage|p1a: Gallade|77/100|[from] ability: Rough Skin|[of] p2a: Garchomp\n|faint|p2a: Garchomp\n|-hitcount|p2: Garchomp|2\n|\n|upkeep\n|\n|t:|1776582159\n|switch|p2a: Corviknight|Corviknight, L50, F|42/100 tox\n|-ability|p2a: Corviknight|Pressure\n|turn|7\n|l| Prince of heavens\n|\n|t:|1776582171\n|move|p1a: Gallade|Close Combat|p2a: Corviknight\n|-damage|p2a: Corviknight|0 fnt\n|-unboost|p1a: Gallade|def|1\n|-unboost|p1a: Gallade|spd|1\n|faint|p2a: Corviknight\n|\n|upkeep\n|\n|t:|1776582175\n|switch|p2a: Rotom|Rotom-Heat, L50|100/100\n|turn|8\n|\n|t:|1776582182\n|move|p1a: Gallade|Rock Tomb|p2a: Rotom\n|-supereffective|p2a: Rotom|1\n|-damage|p2a: Rotom|50/100\n|-unboost|p2a: Rotom|spe|1\n|move|p2a: Rotom|Will-O-Wisp|p1a: Gallade\n|-status|p1a: Gallade|brn\n|\n|-heal|p2a: Rotom|55/100|[from] item: Leftovers\n|-damage|p1a: Gallade|71/100 brn|[from] brn\n|upkeep\n|turn|9\n|\n|t:|1776582187\n|move|p1a: Gallade|Rock Tomb|p2a: Rotom\n|-supereffective|p2a: Rotom|1\n|-damage|p2a: Rotom|29/100\n|-unboost|p2a: Rotom|spe|1\n|move|p2a: Rotom|Pain Split|p1a: Gallade\n|-sethp|p1a: Gallade|52/100 brn|[from] move: Pain Split|[silent]\n|-sethp|p2a: Rotom|47/100|[from] move: Pain Split\n|\n|-heal|p2a: Rotom|53/100|[from] item: Leftovers\n|-damage|p1a: Gallade|46/100 brn|[from] brn\n|upkeep\n|turn|10\n|\n|t:|1776582190\n|move|p1a: Gallade|Rock Tomb|p2a: Rotom\n|-supereffective|p2a: Rotom|1\n|-damage|p2a: Rotom|25/100\n|-unboost|p2a: Rotom|spe|1\n|move|p2a: Rotom|Volt Switch|p1a: Gallade\n|-damage|p1a: Gallade|4/100 brn\n|\n|-heal|p2a: Rotom|30/100|[from] item: Leftovers\n|-damage|p1a: Gallade|0 fnt|[from] brn\n|faint|p1a: Gallade\n|upkeep\n|\n|t:|1776582193\n|switch|p1a: Goodra|Goodra, L50, M, shiny|100/100\n|turn|11\n|\n|t:|1776582195\n|move|p1a: Goodra|Dragon Pulse|p2a: Rotom\n|-damage|p2a: Rotom|6/100\n|move|p2a: Rotom|Pain Split|p1a: Goodra\n|-sethp|p1a: Goodra|52/100|[from] move: Pain Split|[silent]\n|-sethp|p2a: Rotom|65/100|[from] move: Pain Split\n|\n|-heal|p2a: Rotom|71/100|[from] item: Leftovers\n|upkeep\n|turn|12\n|\n|t:|1776582199\n|move|p1a: Goodra|Dragon Pulse|p2a: Rotom\n|-damage|p2a: Rotom|44/100\n|move|p2a: Rotom|Pain Split|p1a: Goodra\n|-sethp|p1a: Goodra|44/100|[from] move: Pain Split|[silent]\n|-sethp|p2a: Rotom|55/100|[from] move: Pain Split\n|\n|-heal|p2a: Rotom|60/100|[from] item: Leftovers\n|upkeep\n|turn|13\n|\n|t:|1776582213\n|move|p1a: Goodra|Sludge Wave|p2a: Rotom\n|-damage|p2a: Rotom|42/100\n|move|p2a: Rotom|Pain Split|p1a: Goodra\n|-sethp|p1a: Goodra|39/100|[from] move: Pain Split|[silent]\n|-sethp|p2a: Rotom|48/100|[from] move: Pain Split\n|\n|-heal|p2a: Rotom|54/100|[from] item: Leftovers\n|upkeep\n|turn|14\n|\n|t:|1776582220\n|move|p1a: Goodra|Sludge Wave|p2a: Rotom\n|-damage|p2a: Rotom|34/100\n|move|p2a: Rotom|Will-O-Wisp|p1a: Goodra\n|-status|p1a: Goodra|brn\n|\n|-heal|p2a: Rotom|40/100|[from] item: Leftovers\n|-damage|p1a: Goodra|32/100 brn|[from] brn\n|upkeep\n|turn|15\n|\n|t:|1776582230\n|move|p1a: Goodra|Rest|p1a: Goodra\n|-status|p1a: Goodra|slp|[from] move: Rest\n|-heal|p1a: Goodra|100/100 slp|[silent]\n|-enditem|p1a: Goodra|Chesto Berry|[eat]\n|-curestatus|p1a: Goodra|slp|[msg]\n|move|p2a: Rotom|Pain Split|p1a: Goodra\n|-sethp|p1a: Goodra|66/100|[from] move: Pain Split|[silent]\n|-sethp|p2a: Rotom|83/100|[from] move: Pain Split\n|\n|-heal|p2a: Rotom|88/100|[from] item: Leftovers\n|upkeep\n|turn|16\n|\n|t:|1776582237\n|move|p1a: Goodra|Sludge Wave|p2a: Rotom\n|-damage|p2a: Rotom|69/100\n|move|p2a: Rotom|Will-O-Wisp|p1a: Goodra\n|-status|p1a: Goodra|brn\n|\n|-heal|p2a: Rotom|75/100|[from] item: Leftovers\n|-damage|p1a: Goodra|60/100 brn|[from] brn\n|upkeep\n|turn|17\n|\n|t:|1776582243\n|move|p1a: Goodra|Sludge Wave|p2a: Rotom\n|-damage|p2a: Rotom|54/100\n|move|p2a: Rotom|Volt Switch|p1a: Goodra\n|-resisted|p1a: Goodra|1\n|-crit|p1a: Goodra\n|-damage|p1a: Goodra|46/100 brn\n|\n|-heal|p2a: Rotom|60/100|[from] item: Leftovers\n|-damage|p1a: Goodra|40/100 brn|[from] brn\n|upkeep\n|turn|18\n|\n|t:|1776582249\n|move|p1a: Goodra|Sludge Wave|p2a: Rotom\n|-damage|p2a: Rotom|39/100\n|move|p2a: Rotom|Volt Switch|p1a: Goodra\n|-resisted|p1a: Goodra|1\n|-damage|p1a: Goodra|31/100 brn\n|\n|-heal|p2a: Rotom|45/100|[from] item: Leftovers\n|-damage|p1a: Goodra|25/100 brn|[from] brn\n|upkeep\n|turn|19\n|\n|t:|1776582257\n|move|p1a: Goodra|Sludge Wave|p2a: Rotom\n|-damage|p2a: Rotom|25/100\n|move|p2a: Rotom|Volt Switch|p1a: Goodra\n|-resisted|p1a: Goodra|1\n|-damage|p1a: Goodra|17/100 brn\n|\n|-heal|p2a: Rotom|31/100|[from] item: Leftovers\n|-damage|p1a: Goodra|11/100 brn|[from] brn\n|upkeep\n|turn|20\n|\n|t:|1776582262\n|move|p1a: Goodra|Rest|p1a: Goodra\n|-status|p1a: Goodra|slp|[from] move: Rest\n|-heal|p1a: Goodra|100/100 slp|[silent]\n|move|p2a: Rotom|Volt Switch|p1a: Goodra\n|-resisted|p1a: Goodra|1\n|-damage|p1a: Goodra|92/100 slp\n|\n|-heal|p2a: Rotom|37/100|[from] item: Leftovers\n|upkeep\n|turn|21\n|\n|t:|1776582266\n|cant|p1a: Goodra|slp\n|move|p2a: Rotom|Pain Split|p1a: Goodra\n|-sethp|p1a: Goodra|60/100 slp|[from] move: Pain Split|[silent]\n|-sethp|p2a: Rotom|76/100|[from] move: Pain Split\n|\n|-heal|p2a: Rotom|81/100|[from] item: Leftovers\n|upkeep\n|turn|22\n|\n|t:|1776582274\n|cant|p1a: Goodra|slp\n|move|p2a: Rotom|Volt Switch|p1a: Goodra\n|-resisted|p1a: Goodra|1\n|-damage|p1a: Goodra|51/100 slp\n|\n|-heal|p2a: Rotom|87/100|[from] item: Leftovers\n|upkeep\n|turn|23\n|\n|t:|1776582280\n|-curestatus|p1a: Goodra|slp|[msg]\n|move|p1a: Goodra|Sludge Wave|p2a: Rotom\n|-damage|p2a: Rotom|67/100\n|move|p2a: Rotom|Will-O-Wisp|p1a: Goodra\n|-status|p1a: Goodra|brn\n|\n|-heal|p2a: Rotom|73/100|[from] item: Leftovers\n|-damage|p1a: Goodra|45/100 brn|[from] brn\n|upkeep\n|turn|24\n|\n|t:|1776582288\n|move|p1a: Goodra|Sludge Wave|p2a: Rotom\n|-damage|p2a: Rotom|55/100\n|move|p2a: Rotom|Volt Switch|p1a: Goodra\n|-resisted|p1a: Goodra|1\n|-damage|p1a: Goodra|38/100 brn\n|\n|-heal|p2a: Rotom|60/100|[from] item: Leftovers\n|-damage|p1a: Goodra|31/100 brn|[from] brn\n|upkeep\n|turn|25\n|\n|t:|1776582293\n|move|p1a: Goodra|Sludge Wave|p2a: Rotom\n|-damage|p2a: Rotom|41/100\n|move|p2a: Rotom|Volt Switch|p1a: Goodra\n|-resisted|p1a: Goodra|1\n|-damage|p1a: Goodra|24/100 brn\n|\n|-heal|p2a: Rotom|46/100|[from] item: Leftovers\n|-damage|p1a: Goodra|18/100 brn|[from] brn\n|upkeep\n|turn|26\n|\n|t:|1776582298\n|move|p1a: Goodra|Rest|p1a: Goodra\n|-status|p1a: Goodra|slp|[from] move: Rest\n|-heal|p1a: Goodra|100/100 slp|[silent]\n|move|p2a: Rotom|Volt Switch|p1a: Goodra\n|-resisted|p1a: Goodra|1\n|-damage|p1a: Goodra|93/100 slp\n|\n|-heal|p2a: Rotom|52/100|[from] item: Leftovers\n|upkeep\n|turn|27\n|\n|t:|1776582302\n|cant|p1a: Goodra|slp\n|move|p2a: Rotom|Pain Split|p1a: Goodra\n|-sethp|p1a: Goodra|67/100 slp|[from] move: Pain Split|[silent]\n|-sethp|p2a: Rotom|84/100|[from] move: Pain Split\n|\n|-heal|p2a: Rotom|90/100|[from] item: Leftovers\n|upkeep\n|turn|28\n|\n|t:|1776582309\n|cant|p1a: Goodra|slp\n|move|p2a: Rotom|Volt Switch|p1a: Goodra\n|-resisted|p1a: Goodra|1\n|-damage|p1a: Goodra|59/100 slp\n|\n|-heal|p2a: Rotom|95/100|[from] item: Leftovers\n|upkeep\n|turn|29\n|\n|t:|1776582313\n|-curestatus|p1a: Goodra|slp|[msg]\n|move|p1a: Goodra|Sludge Wave|p2a: Rotom\n|-damage|p2a: Rotom|78/100\n|move|p2a: Rotom|Will-O-Wisp|p1a: Goodra\n|-status|p1a: Goodra|brn\n|\n|-heal|p2a: Rotom|83/100|[from] item: Leftovers\n|-damage|p1a: Goodra|53/100 brn|[from] brn\n|upkeep\n|turn|30\n|\n|t:|1776582320\n|move|p1a: Goodra|Sludge Wave|p2a: Rotom\n|-damage|p2a: Rotom|65/100\n|move|p2a: Rotom|Will-O-Wisp|p1a: Goodra|[miss]\n|-miss|p2a: Rotom|p1a: Goodra\n|\n|-heal|p2a: Rotom|71/100|[from] item: Leftovers\n|-damage|p1a: Goodra|47/100 brn|[from] brn\n|upkeep\n|turn|31\n|\n|t:|1776582323\n|move|p1a: Goodra|Sludge Wave|p2a: Rotom\n|-damage|p2a: Rotom|51/100\n|move|p2a: Rotom|Volt Switch|p1a: Goodra\n|-resisted|p1a: Goodra|1\n|-damage|p1a: Goodra|39/100 brn\n|\n|-heal|p2a: Rotom|57/100|[from] item: Leftovers\n|-damage|p1a: Goodra|32/100 brn|[from] brn\n|upkeep\n|turn|32\n|c|\u2606PlumPurple89|no poison\n|c|\u2606PlumPurple89|luck favors the chud\n|\n|t:|1776582339\n|move|p1a: Goodra|Dragon Pulse|p2a: Rotom\n|-damage|p2a: Rotom|33/100\n|move|p2a: Rotom|Volt Switch|p1a: Goodra\n|-resisted|p1a: Goodra|1\n|-damage|p1a: Goodra|24/100 brn\n|\n|-heal|p2a: Rotom|39/100|[from] item: Leftovers\n|-damage|p1a: Goodra|18/100 brn|[from] brn\n|upkeep\n|turn|33\n|\n|t:|1776582349\n|move|p1a: Goodra|Rest|p1a: Goodra\n|-status|p1a: Goodra|slp|[from] move: Rest\n|-heal|p1a: Goodra|100/100 slp|[silent]\n|move|p2a: Rotom|Pain Split|p1a: Goodra\n|-sethp|p1a: Goodra|65/100 slp|[from] move: Pain Split|[silent]\n|-sethp|p2a: Rotom|82/100|[from] move: Pain Split\n|\n|-heal|p2a: Rotom|88/100|[from] item: Leftovers\n|upkeep\n|turn|34\n|\n|t:|1776582355\n|cant|p1a: Goodra|slp\n|move|p2a: Rotom|Will-O-Wisp|p1a: Goodra|[miss]\n|-miss|p2a: Rotom|p1a: Goodra\n|\n|-heal|p2a: Rotom|93/100|[from] item: Leftovers\n|upkeep\n|turn|35\n|\n|t:|1776582362\n|cant|p1a: Goodra|slp\n|move|p2a: Rotom|Will-O-Wisp||[still]\n|-fail|p2a: Rotom\n|\n|-heal|p2a: Rotom|99/100|[from] item: Leftovers\n|upkeep\n|turn|36\n|\n|t:|1776582366\n|-curestatus|p1a: Goodra|slp|[msg]\n|move|p1a: Goodra|Dragon Pulse|p2a: Rotom\n|-damage|p2a: Rotom|74/100\n|move|p2a: Rotom|Will-O-Wisp|p1a: Goodra\n|-status|p1a: Goodra|brn\n|\n|-heal|p2a: Rotom|79/100|[from] item: Leftovers\n|-damage|p1a: Goodra|59/100 brn|[from] brn\n|upkeep\n|turn|37\n|\n|t:|1776582373\n|move|p1a: Goodra|Dragon Pulse|p2a: Rotom\n|-damage|p2a: Rotom|54/100\n|move|p2a: Rotom|Volt Switch|p1a: Goodra\n|-resisted|p1a: Goodra|1\n|-damage|p1a: Goodra|51/100 brn\n|\n|-heal|p2a: Rotom|60/100|[from] item: Leftovers\n|-damage|p1a: Goodra|45/100 brn|[from] brn\n|upkeep\n|turn|38\n|\n|t:|1776582378\n|move|p1a: Goodra|Dragon Pulse|p2a: Rotom\n|-damage|p2a: Rotom|34/100\n|move|p2a: Rotom|Pain Split|p1a: Goodra\n|-sethp|p1a: Goodra|36/100 brn|[from] move: Pain Split|[silent]\n|-sethp|p2a: Rotom|45/100|[from] move: Pain Split\n|\n|-heal|p2a: Rotom|51/100|[from] item: Leftovers\n|-damage|p1a: Goodra|30/100 brn|[from] brn\n|upkeep\n|turn|39\n|\n|t:|1776582384\n|move|p1a: Goodra|Dragon Pulse|p2a: Rotom\n|-damage|p2a: Rotom|24/100\n|move|p2a: Rotom|Volt Switch|p1a: Goodra\n|-resisted|p1a: Goodra|1\n|-crit|p1a: Goodra\n|-damage|p1a: Goodra|17/100 brn\n|\n|-heal|p2a: Rotom|30/100|[from] item: Leftovers\n|-damage|p1a: Goodra|11/100 brn|[from] brn\n|upkeep\n|turn|40\n|\n|t:|1776582394\n|move|p1a: Goodra|Rest|p1a: Goodra\n|-status|p1a: Goodra|slp|[from] move: Rest\n|-heal|p1a: Goodra|100/100 slp|[silent]\n|move|p2a: Rotom|Volt Switch|p1a: Goodra\n|-resisted|p1a: Goodra|1\n|-damage|p1a: Goodra|92/100 slp\n|\n|-heal|p2a: Rotom|36/100|[from] item: Leftovers\n|upkeep\n|turn|41\n|\n|t:|1776582406\n|cant|p1a: Goodra|slp\n|move|p2a: Rotom|Pain Split|p1a: Goodra\n|-sethp|p1a: Goodra|60/100 slp|[from] move: Pain Split|[silent]\n|-sethp|p2a: Rotom|75/100|[from] move: Pain Split\n|\n|-heal|p2a: Rotom|81/100|[from] item: Leftovers\n|upkeep\n|turn|42\n|\n|t:|1776582414\n|cant|p1a: Goodra|slp\n|move|p2a: Rotom|Will-O-Wisp||[still]\n|-fail|p2a: Rotom\n|\n|-heal|p2a: Rotom|86/100|[from] item: Leftovers\n|upkeep\n|turn|43\n|\n|t:|1776582416\n|-curestatus|p1a: Goodra|slp|[msg]\n|move|p1a: Goodra|Dragon Pulse|p2a: Rotom\n|-damage|p2a: Rotom|60/100\n|move|p2a: Rotom|Will-O-Wisp|p1a: Goodra\n|-status|p1a: Goodra|brn\n|\n|-heal|p2a: Rotom|65/100|[from] item: Leftovers\n|-damage|p1a: Goodra|54/100 brn|[from] brn\n|upkeep\n|turn|44\n|\n|t:|1776582421\n|move|p1a: Goodra|Dragon Pulse|p2a: Rotom\n|-damage|p2a: Rotom|41/100\n|move|p2a: Rotom|Pain Split|p1a: Goodra\n|-sethp|p1a: Goodra|43/100 brn|[from] move: Pain Split|[silent]\n|-sethp|p2a: Rotom|54/100|[from] move: Pain Split\n|\n|-heal|p2a: Rotom|60/100|[from] item: Leftovers\n|-damage|p1a: Goodra|37/100 brn|[from] brn\n|upkeep\n|turn|45\n|\n|t:|1776582428\n|move|p1a: Goodra|Dragon Pulse|p2a: Rotom\n|-damage|p2a: Rotom|34/100\n|move|p2a: Rotom|Volt Switch|p1a: Goodra\n|-resisted|p1a: Goodra|1\n|-damage|p1a: Goodra|29/100 brn\n|\n|-heal|p2a: Rotom|40/100|[from] item: Leftovers\n|-damage|p1a: Goodra|23/100 brn|[from] brn\n|upkeep\n|turn|46\n|\n|t:|1776582434\n|move|p1a: Goodra|Dragon Pulse|p2a: Rotom\n|-damage|p2a: Rotom|16/100\n|move|p2a: Rotom|Volt Switch|p1a: Goodra\n|-resisted|p1a: Goodra|1\n|-crit|p1a: Goodra\n|-damage|p1a: Goodra|9/100 brn\n|\n|-heal|p2a: Rotom|22/100|[from] item: Leftovers\n|-damage|p1a: Goodra|3/100 brn|[from] brn\n|upkeep\n|turn|47\n|l|\u2606Helloguyslol\n|inactive|Helloguyslol disconnected and has a minute to reconnect!\n|player|p2|\n|j|\u2606Helloguyslol\n|inactive|Helloguyslol reconnected and has 45 seconds left.\n|player|p2|Helloguyslol|unknown|\n|\n|t:|1776582450\n|move|p1a: Goodra|Rest|p1a: Goodra\n|-status|p1a: Goodra|slp|[from] move: Rest\n|-heal|p1a: Goodra|100/100 slp|[silent]\n|move|p2a: Rotom|Volt Switch|p1a: Goodra\n|-resisted|p1a: Goodra|1\n|-damage|p1a: Goodra|93/100 slp\n|\n|-heal|p2a: Rotom|28/100|[from] item: Leftovers\n|upkeep\n|turn|48\n|\n|t:|1776582460\n|cant|p1a: Goodra|slp\n|move|p2a: Rotom|Pain Split|p1a: Goodra\n|-sethp|p1a: Goodra|57/100 slp|[from] move: Pain Split|[silent]\n|-sethp|p2a: Rotom|72/100|[from] move: Pain Split\n|\n|-heal|p2a: Rotom|78/100|[from] item: Leftovers\n|upkeep\n|turn|49\n|\n|t:|1776582464\n|cant|p1a: Goodra|slp\n|move|p2a: Rotom|Will-O-Wisp|p1a: Goodra|[miss]\n|-miss|p2a: Rotom|p1a: Goodra\n|\n|-heal|p2a: Rotom|83/100|[from] item: Leftovers\n|upkeep\n|turn|50\n|\n|t:|1776582467\n|-curestatus|p1a: Goodra|slp|[msg]\n|move|p1a: Goodra|Thunderbolt|p2a: Rotom\n|-resisted|p2a: Rotom|1\n|-damage|p2a: Rotom|75/100\n|move|p2a: Rotom|Will-O-Wisp|p1a: Goodra|[miss]\n|-miss|p2a: Rotom|p1a: Goodra\n|\n|-heal|p2a: Rotom|81/100|[from] item: Leftovers\n|upkeep\n|turn|51\n|\n|t:|1776582474\n|move|p1a: Goodra|Thunderbolt|p2a: Rotom\n|-resisted|p2a: Rotom|1\n|-damage|p2a: Rotom|72/100\n|move|p2a: Rotom|Will-O-Wisp|p1a: Goodra\n|-status|p1a: Goodra|brn\n|\n|-heal|p2a: Rotom|78/100|[from] item: Leftovers\n|-damage|p1a: Goodra|51/100 brn|[from] brn\n|upkeep\n|turn|52\n|\n|t:|1776582484\n|move|p1a: Goodra|Thunderbolt|p2a: Rotom\n|-resisted|p2a: Rotom|1\n|-damage|p2a: Rotom|69/100\n|move|p2a: Rotom|Volt Switch|p1a: Goodra\n|-resisted|p1a: Goodra|1\n|-damage|p1a: Goodra|44/100 brn\n|\n|-heal|p2a: Rotom|75/100|[from] item: Leftovers\n|-damage|p1a: Goodra|38/100 brn|[from] brn\n|upkeep\n|turn|53\n|\n|t:|1776582487\n|move|p1a: Goodra|Thunderbolt|p2a: Rotom\n|-resisted|p2a: Rotom|1\n|-damage|p2a: Rotom|67/100\n|move|p2a: Rotom|Volt Switch|p1a: Goodra\n|-resisted|p1a: Goodra|1\n|-damage|p1a: Goodra|30/100 brn\n|\n|-heal|p2a: Rotom|72/100|[from] item: Leftovers\n|-damage|p1a: Goodra|24/100 brn|[from] brn\n|upkeep\n|turn|54\n|\n|t:|1776582491\n|move|p1a: Goodra|Thunderbolt|p2a: Rotom\n|-resisted|p2a: Rotom|1\n|-damage|p2a: Rotom|64/100\n|move|p2a: Rotom|Overheat|p1a: Goodra\n|-resisted|p1a: Goodra|1\n|-damage|p1a: Goodra|10/100 brn\n|-unboost|p2a: Rotom|spa|2\n|\n|-heal|p2a: Rotom|70/100|[from] item: Leftovers\n|-damage|p1a: Goodra|4/100 brn|[from] brn\n|upkeep\n|turn|55\n|\n|t:|1776582497\n|move|p1a: Goodra|Rest|p1a: Goodra\n|-status|p1a: Goodra|slp|[from] move: Rest\n|-heal|p1a: Goodra|100/100 slp|[silent]\n|move|p2a: Rotom|Pain Split|p1a: Goodra\n|-sethp|p1a: Goodra|78/100 slp|[from] move: Pain Split|[silent]\n|-sethp|p2a: Rotom|98/100|[from] move: Pain Split\n|\n|-heal|p2a: Rotom|100/100|[from] item: Leftovers\n|upkeep\n|turn|56\n|\n|t:|1776582510\n|cant|p1a: Goodra|slp\n|move|p2a: Rotom|Overheat|p1a: Goodra\n|-resisted|p1a: Goodra|1\n|-damage|p1a: Goodra|71/100 slp\n|-unboost|p2a: Rotom|spa|2\n|\n|upkeep\n|turn|57\n|\n|t:|1776582516\n|cant|p1a: Goodra|slp\n|move|p2a: Rotom|Overheat|p1a: Goodra\n|-resisted|p1a: Goodra|1\n|-damage|p1a: Goodra|66/100 slp\n|-unboost|p2a: Rotom|spa|2\n|\n|upkeep\n|turn|58\n|\n|t:|1776582523\n|-curestatus|p1a: Goodra|slp|[msg]\n|move|p1a: Goodra|Thunderbolt|p2a: Rotom\n|-resisted|p2a: Rotom|1\n|-damage|p2a: Rotom|91/100\n|move|p2a: Rotom|Will-O-Wisp|p1a: Goodra|[miss]\n|-miss|p2a: Rotom|p1a: Goodra\n|\n|-heal|p2a: Rotom|97/100|[from] item: Leftovers\n|upkeep\n|turn|59\n|\n|t:|1776582531\n|move|p1a: Goodra|Thunderbolt|p2a: Rotom\n|-resisted|p2a: Rotom|1\n|-damage|p2a: Rotom|88/100\n|move|p2a: Rotom|Overheat|p1a: Goodra\n|-resisted|p1a: Goodra|1\n|-damage|p1a: Goodra|63/100\n|\n|-heal|p2a: Rotom|94/100|[from] item: Leftovers\n|upkeep\n|turn|60\n|\n|t:|1776582536\n|move|p1a: Goodra|Thunderbolt|p2a: Rotom\n|-resisted|p2a: Rotom|1\n|-damage|p2a: Rotom|85/100\n|move|p2a: Rotom|Overheat|p1a: Goodra|[miss]\n|-miss|p2a: Rotom|p1a: Goodra\n|\n|-heal|p2a: Rotom|91/100|[from] item: Leftovers\n|upkeep\n|turn|61\n|\n|t:|1776582541\n|move|p1a: Goodra|Thunderbolt|p2a: Rotom\n|-resisted|p2a: Rotom|1\n|-damage|p2a: Rotom|83/100\n|move|p2a: Rotom|Will-O-Wisp|p1a: Goodra|[miss]\n|-miss|p2a: Rotom|p1a: Goodra\n|\n|-heal|p2a: Rotom|88/100|[from] item: Leftovers\n|upkeep\n|turn|62\n|\n|t:|1776582547\n|move|p1a: Goodra|Thunderbolt|p2a: Rotom\n|-resisted|p2a: Rotom|1\n|-damage|p2a: Rotom|80/100\n|move|p2a: Rotom|Overheat|p1a: Goodra\n|-resisted|p1a: Goodra|1\n|-damage|p1a: Goodra|59/100\n|\n|-heal|p2a: Rotom|86/100|[from] item: Leftovers\n|upkeep\n|turn|63\n|\n|t:|1776582552\n|move|p1a: Goodra|Thunderbolt|p2a: Rotom\n|-resisted|p2a: Rotom|1\n|-damage|p2a: Rotom|77/100\n|move|p2a: Rotom|Overheat|p1a: Goodra\n|-resisted|p1a: Goodra|1\n|-damage|p1a: Goodra|55/100\n|\n|-heal|p2a: Rotom|83/100|[from] item: Leftovers\n|upkeep\n|turn|64\n|\n|t:|1776582555\n|move|p1a: Goodra|Thunderbolt|p2a: Rotom\n|-resisted|p2a: Rotom|1\n|-damage|p2a: Rotom|73/100\n|move|p2a: Rotom|Overheat|p1a: Goodra\n|-resisted|p1a: Goodra|1\n|-damage|p1a: Goodra|50/100\n|\n|-heal|p2a: Rotom|79/100|[from] item: Leftovers\n|upkeep\n|turn|65\n|\n|t:|1776582560\n|move|p1a: Goodra|Thunderbolt|p2a: Rotom\n|-resisted|p2a: Rotom|1\n|-damage|p2a: Rotom|70/100\n|move|p2a: Rotom|Pain Split|p1a: Goodra\n|-sethp|p1a: Goodra|53/100|[from] move: Pain Split|[silent]\n|-sethp|p2a: Rotom|66/100|[from] move: Pain Split\n|\n|-heal|p2a: Rotom|72/100|[from] item: Leftovers\n|upkeep\n|turn|66\n|\n|t:|1776582565\n|move|p1a: Goodra|Thunderbolt|p2a: Rotom\n|-resisted|p2a: Rotom|1\n|-damage|p2a: Rotom|63/100\n|move|p2a: Rotom|Pain Split|p1a: Goodra\n|-sethp|p1a: Goodra|51/100|[from] move: Pain Split|[silent]\n|-sethp|p2a: Rotom|64/100|[from] move: Pain Split\n|\n|-heal|p2a: Rotom|70/100|[from] item: Leftovers\n|upkeep\n|turn|67\n|\n|t:|1776582570\n|move|p1a: Goodra|Thunderbolt|p2a: Rotom\n|-resisted|p2a: Rotom|1\n|-damage|p2a: Rotom|62/100\n|move|p2a: Rotom|Pain Split|p1a: Goodra\n|-sethp|p1a: Goodra|50/100|[from] move: Pain Split|[silent]\n|-sethp|p2a: Rotom|63/100|[from] move: Pain Split\n|\n|-heal|p2a: Rotom|69/100|[from] item: Leftovers\n|upkeep\n|turn|68\n|\n|t:|1776582580\n|move|p1a: Goodra|Thunderbolt|p2a: Rotom\n|-resisted|p2a: Rotom|1\n|-damage|p2a: Rotom|60/100\n|move|p2a: Rotom|Pain Split|p1a: Goodra\n|-sethp|p1a: Goodra|49/100|[from] move: Pain Split|[silent]\n|-sethp|p2a: Rotom|61/100|[from] move: Pain Split\n|\n|-heal|p2a: Rotom|67/100|[from] item: Leftovers\n|upkeep\n|turn|69\n|\n|t:|1776582586\n|move|p1a: Goodra|Dragon Pulse|p2a: Rotom\n|-damage|p2a: Rotom|41/100\n|move|p2a: Rotom|Pain Split|p1a: Goodra\n|-sethp|p1a: Goodra|41/100|[from] move: Pain Split|[silent]\n|-sethp|p2a: Rotom|51/100|[from] move: Pain Split\n|\n|-heal|p2a: Rotom|57/100|[from] item: Leftovers\n|upkeep\n|turn|70\n|\n|t:|1776582591\n|move|p1a: Goodra|Rest|p1a: Goodra\n|-status|p1a: Goodra|slp|[from] move: Rest\n|-heal|p1a: Goodra|100/100 slp|[silent]\n|move|p2a: Rotom|Pain Split|p1a: Goodra\n|-sethp|p1a: Goodra|73/100 slp|[from] move: Pain Split|[silent]\n|-sethp|p2a: Rotom|91/100|[from] move: Pain Split\n|\n|-heal|p2a: Rotom|97/100|[from] item: Leftovers\n|upkeep\n|turn|71\n|\n|t:|1776582596\n|cant|p1a: Goodra|slp\n|move|p2a: Rotom|Pain Split|p1a: Goodra\n|-sethp|p1a: Goodra|75/100 slp|[from] move: Pain Split|[silent]\n|-sethp|p2a: Rotom|93/100|[from] move: Pain Split\n|\n|-heal|p2a: Rotom|99/100|[from] item: Leftovers\n|upkeep\n|turn|72\n|\n|t:|1776582599\n|cant|p1a: Goodra|slp\n|-activate|p2a: Rotom|move: Struggle\n|move|p2a: Rotom|Struggle|p1a: Goodra\n|-damage|p1a: Goodra|69/100 slp\n|-ability|p1a: Goodra|Gooey\n|-unboost|p2a: Rotom|spe|1\n|-damage|p2a: Rotom|74/100|[from] recoil\n|\n|-heal|p2a: Rotom|80/100|[from] item: Leftovers\n|upkeep\n|turn|73\n|\n|t:|1776582608\n|-curestatus|p1a: Goodra|slp|[msg]\n|-activate|p1a: Goodra|move: Struggle\n|move|p1a: Goodra|Struggle|p2a: Rotom\n|-damage|p2a: Rotom|69/100\n|-damage|p1a: Goodra|44/100|[from] recoil\n|-activate|p2a: Rotom|move: Struggle\n|move|p2a: Rotom|Struggle|p1a: Goodra\n|-damage|p1a: Goodra|38/100\n|-ability|p1a: Goodra|Gooey\n|-unboost|p2a: Rotom|spe|1\n|-damage|p2a: Rotom|44/100|[from] recoil\n|\n|-heal|p2a: Rotom|50/100|[from] item: Leftovers\n|upkeep\n|turn|74\n|\n|t:|1776582617\n|-activate|p1a: Goodra|move: Struggle\n|move|p1a: Goodra|Struggle|p2a: Rotom\n|-damage|p2a: Rotom|37/100\n|-damage|p1a: Goodra|13/100|[from] recoil\n|-activate|p2a: Rotom|move: Struggle\n|move|p2a: Rotom|Struggle|p1a: Goodra\n|-damage|p1a: Goodra|6/100\n|-ability|p1a: Goodra|Gooey\n|-unboost|p2a: Rotom|spe|1\n|-damage|p2a: Rotom|12/100|[from] recoil\n|\n|-heal|p2a: Rotom|18/100|[from] item: Leftovers\n|upkeep\n|turn|75\n|\n|t:|1776582618\n|-activate|p1a: Goodra|move: Struggle\n|move|p1a: Goodra|Struggle|p2a: Rotom\n|-damage|p2a: Rotom|7/100\n|-damage|p1a: Goodra|0 fnt|[from] recoil\n|faint|p1a: Goodra\n|\n|win|Helloguyslol\n|raw|PlumPurple89's rating: 1101 &rarr; <strong>1082</strong><br />(-19 for losing)\n|raw|Helloguyslol's rating: 1186 &rarr; <strong>1205</strong><br />(+19 for winning)\n|l|\u2606PlumPurple89\n|player|p1|\n",
  "uploadtime": 1776582622,
  "views": 20,
  "formatid": "gen9championsbssregma",
  "rating": 1082,
  "private": 0,
  "password": null
}