{
  "id": "gen9championsbssregma-2582688932",
  "format": "[Gen 9 Champions] BSS Reg M-A",
  "players": [
    "mcconkey",
    "dialestdial"
  ],
  "log": "|j|\u2606mcconkey\n|j|\u2606dialestdial\n|t:|1776107417\n|gametype|singles\n|player|p1|mcconkey|linebacker|1140\n|player|p2|dialestdial|plasmagruntf|1082\n|gen|9\n|tier|[Gen 9 Champions] BSS Reg M-A\n|rated|\n|rule|Species Clause: Limit one of each Pok\u00e9mon\n|rule|Item Clause: Limit 1 of each item\n|clearpoke\n|poke|p1|Starmie, L50|\n|poke|p1|Scizor, L50, M|\n|poke|p1|Garchomp, L50, F|\n|poke|p1|Rotom-Wash, L50|\n|poke|p1|Lopunny, L50, M|\n|poke|p1|Meowscarada, L50, M|\n|poke|p2|Kingambit, L50, F|\n|poke|p2|Floette-Eternal, L50, F|\n|poke|p2|Maushold-Four, L50|\n|poke|p2|Ninetales-Alola, L50, M|\n|poke|p2|Sneasler, L50, M|\n|poke|p2|Charizard, L50, F|\n|teampreview|3\n|inactive|Battle timer is ON: inactive players will automatically lose when time's up. (requested by dialestdial)\n|inactive|mcconkey has 60 seconds left.\n|inactive|dialestdial has 60 seconds left.\n|\n|t:|1776107459\n|teamsize|p1|3\n|teamsize|p2|3\n|start\n|switch|p1a: Lopunny|Lopunny, L50, M|100/100\n|switch|p2a: Ninetales|Ninetales-Alola, L50, M, shiny|100/100\n|-weather|Snowscape|[from] ability: Snow Warning|[of] p2a: Ninetales\n|turn|1\n|\n|t:|1776107468\n|detailschange|p1a: Lopunny|Lopunny-Mega, L50, M\n|-mega|p1a: Lopunny|Lopunny|Lopunnite\n|move|p1a: Lopunny|Fake Out|p2a: Ninetales\n|-damage|p2a: Ninetales|82/100\n|cant|p2a: Ninetales|flinch\n|\n|-weather|Snowscape|[upkeep]\n|upkeep\n|turn|2\n|\n|t:|1776107475\n|move|p1a: Lopunny|U-turn|p2a: Ninetales\n|-resisted|p2a: Ninetales|1\n|-damage|p2a: Ninetales|70/100\n|\n|t:|1776107478\n|switch|p1a: Scizor|Scizor, L50, M|100/100|[from] U-turn\n|move|p2a: Ninetales|Aurora Veil|p2a: Ninetales\n|-sidestart|p2: dialestdial|move: Aurora Veil\n|\n|-weather|Snowscape|[upkeep]\n|upkeep\n|turn|3\n|\n|t:|1776107485\n|switch|p2a: Charizard|Charizard, L50, F|100/100\n|move|p1a: Scizor|Bullet Punch|p2a: Charizard\n|-resisted|p2a: Charizard|1\n|-damage|p2a: Charizard|90/100\n|\n|-weather|Snowscape|[upkeep]\n|upkeep\n|turn|4\n|\n|t:|1776107494\n|switch|p1a: Garchomp|Garchomp, L50, F|100/100\n|move|p2a: Charizard|Flame Charge|p1a: Garchomp\n|-resisted|p1a: Garchomp|1\n|-damage|p1a: Garchomp|94/100\n|-boost|p2a: Charizard|spe|1\n|-damage|p2a: Charizard|78/100|[from] ability: Rough Skin|[of] p1a: Garchomp\n|\n|-weather|Snowscape|[upkeep]\n|upkeep\n|turn|5\n|\n|t:|1776107504\n|move|p1a: Garchomp|Rock Slide|p2a: Charizard|[miss]\n|-miss|p1a: Garchomp|p2a: Charizard\n|move|p2a: Charizard|Weather Ball|p1a: Garchomp\n|-supereffective|p1a: Garchomp|2\n|-damage|p1a: Garchomp|0 fnt\n|faint|p1a: Garchomp\n|\n|-weather|none\n|upkeep\n|\n|t:|1776107513\n|switch|p1a: Lopunny|Lopunny-Mega, L50, M|100/100\n|turn|6\n|\n|t:|1776107518\n|detailschange|p2a: Charizard|Charizard-Mega-Y, L50, F\n|-mega|p2a: Charizard|Charizard|Charizardite Y\n|-weather|SunnyDay|[from] ability: Drought|[of] p2a: Charizard\n|move|p1a: Lopunny|Fake Out|p2a: Charizard\n|-damage|p2a: Charizard|63/100\n|cant|p2a: Charizard|flinch\n|\n|-weather|SunnyDay|[upkeep]\n|-sideend|p2: dialestdial|move: Aurora Veil\n|upkeep\n|turn|7\n|\n|t:|1776107527\n|move|p2a: Charizard|Weather Ball|p1a: Lopunny\n|-damage|p1a: Lopunny|0 fnt\n|faint|p1a: Lopunny\n|\n|-weather|SunnyDay|[upkeep]\n|upkeep\n|-message|mcconkey forfeited.\n|\n|win|dialestdial\n|raw|mcconkey's rating: 1140 &rarr; <strong>1111</strong><br />(-29 for losing)\n|raw|dialestdial's rating: 1082 &rarr; <strong>1114</strong><br />(+32 for winning)\n|l|\u2606mcconkey\n|player|p1|\n",
  "uploadtime": 1776107537,
  "views": 22,
  "formatid": "gen9championsbssregma",
  "rating": 1111,
  "private": 0,
  "password": null
}