{
  "id": "gen9championsbssregma-2585489955",
  "format": "[Gen 9 Champions] BSS Reg M-A",
  "players": [
    "BBBKTY",
    "redsoxalex3459"
  ],
  "log": "|j|\u2606BBBKTY\n|j|\u2606redsoxalex3459\n|t:|1776351016\n|gametype|singles\n|player|p1|BBBKTY|265|1239\n|player|p2|redsoxalex3459|hilbert|1325\n|gen|9\n|tier|[Gen 9 Champions] BSS Reg M-A\n|rated|\n|rule|Species Clause: Limit one of each Pok\u00e9mon\n|rule|Item Clause: Limit 1 of each item\n|clearpoke\n|poke|p1|Dragapult, L50, F|\n|poke|p1|Alakazam, L50, M|\n|poke|p1|Azumarill, L50, M|\n|poke|p1|Clefable, L50, F|\n|poke|p1|Espathra, L50, F|\n|poke|p1|Glimmora, L50, F|\n|poke|p2|Lucario, L50, F|\n|poke|p2|Sylveon, L50, F|\n|poke|p2|Garchomp, L50, F|\n|poke|p2|Araquanid, L50, M|\n|poke|p2|Meowscarada, L50, F|\n|poke|p2|Delphox, L50, F|\n|teampreview|3\n|inactive|Battle timer is ON: inactive players will automatically lose when time's up. (requested by BBBKTY)\n|\n|t:|1776351041\n|teamsize|p1|3\n|teamsize|p2|3\n|start\n|switch|p1a: Glimmora|Glimmora, L50, F|100/100\n|switch|p2a: Garchomp|Garchomp, L50, F|100/100\n|turn|1\n|\n|t:|1776351048\n|move|p2a: Garchomp|Swords Dance|p2a: Garchomp\n|-boost|p2a: Garchomp|atk|2\n|move|p1a: Glimmora|Stealth Rock|p2a: Garchomp\n|-sidestart|p2: redsoxalex3459|move: Stealth Rock\n|\n|upkeep\n|turn|2\n|\n|t:|1776351055\n|move|p2a: Garchomp|Scale Shot|p1a: Glimmora\n|-damage|p1a: Glimmora|74/100\n|-activate|p1a: Glimmora|ability: Toxic Debris\n|-sidestart|p2: redsoxalex3459|move: Toxic Spikes\n|-damage|p1a: Glimmora|49/100\n|-activate|p1a: Glimmora|ability: Toxic Debris\n|-sidestart|p2: redsoxalex3459|move: Toxic Spikes\n|-damage|p1a: Glimmora|24/100\n|-hitcount|p1a: Glimmora|3\n|-unboost|p2a: Garchomp|def|1\n|-boost|p2a: Garchomp|spe|1\n|move|p1a: Glimmora|Mortal Spin|p2a: Garchomp\n|-resisted|p2a: Garchomp|1\n|-crit|p2a: Garchomp\n|-damage|p2a: Garchomp|93/100\n|-status|p2a: Garchomp|psn\n|-damage|p1a: Glimmora|12/100|[from] ability: Rough Skin|[of] p2a: Garchomp\n|\n|-damage|p2a: Garchomp|81/100 psn|[from] psn\n|upkeep\n|turn|3\n|\n|t:|1776351061\n|move|p2a: Garchomp|Earthquake|p1a: Glimmora\n|-supereffective|p1a: Glimmora|2\n|-damage|p1a: Glimmora|0 fnt\n|faint|p1a: Glimmora\n|\n|-damage|p2a: Garchomp|69/100 psn|[from] psn\n|upkeep\n|\n|t:|1776351067\n|switch|p1a: Espathra|Espathra, L50, F, shiny|100/100\n|turn|4\n|\n|t:|1776351081\n|move|p1a: Espathra|Protect|p1a: Espathra\n|-singleturn|p1a: Espathra|Protect\n|move|p2a: Garchomp|Swords Dance|p2a: Garchomp\n|-boost|p2a: Garchomp|atk|2\n|\n|-damage|p2a: Garchomp|56/100 psn|[from] psn\n|-ability|p1a: Espathra|Speed Boost|boost\n|-boost|p1a: Espathra|spe|1\n|upkeep\n|turn|5\n|\n|t:|1776351092\n|move|p2a: Garchomp|Earthquake|p1a: Espathra\n|-damage|p1a: Espathra|0 fnt\n|faint|p1a: Espathra\n|\n|-damage|p2a: Garchomp|44/100 psn|[from] psn\n|upkeep\n|\n|t:|1776351096\n|switch|p1a: Clefable|Clefable, L50, F, shiny|100/100\n|turn|6\n|\n|t:|1776351101\n|detailschange|p1a: Clefable|Clefable-Mega, L50, F, shiny\n|-mega|p1a: Clefable|Clefable|Clefablite\n|move|p2a: Garchomp|Poison Jab|p1a: Clefable\n|-supereffective|p1a: Clefable|1\n|-crit|p1a: Clefable\n|-damage|p1a: Clefable|0 fnt\n|faint|p1a: Clefable\n|\n|win|redsoxalex3459\n|raw|BBBKTY's rating: 1239 &rarr; <strong>1220</strong><br />(-19 for losing)\n|raw|redsoxalex3459's rating: 1325 &rarr; <strong>1340</strong><br />(+15 for winning)\n",
  "uploadtime": 1776351105,
  "views": 9,
  "formatid": "gen9championsbssregma",
  "rating": 1220,
  "private": 0,
  "password": null
}