{
  "id": "gen9championsbssregma-2584293218",
  "format": "[Gen 9 Champions] BSS Reg M-A",
  "players": [
    "BJZJS",
    "tukitiko"
  ],
  "log": "|j|\u2606BJZJS\n|j|\u2606tukitiko\n|t:|1776247997\n|gametype|singles\n|player|p1|BJZJS|1|1400\n|player|p2|tukitiko|aquasuit|1321\n|gen|9\n|tier|[Gen 9 Champions] BSS Reg M-A\n|rated|\n|rule|Species Clause: Limit one of each Pok\u00e9mon\n|rule|Item Clause: Limit 1 of each item\n|clearpoke\n|poke|p1|Floette-Eternal, L50, F|\n|poke|p1|Sneasler, L50, M|\n|poke|p1|Gyarados, L50, F|\n|poke|p1|Archaludon, L50, F|\n|poke|p1|Rotom-Heat, L50|\n|poke|p1|Mimikyu, L50, M|\n|poke|p2|Lucario, L50, M|\n|poke|p2|Skeledirge, L50, M|\n|poke|p2|Zoroark, L50, M|\n|poke|p2|Decidueye-Hisui, L50, M|\n|poke|p2|Feraligatr, L50, M|\n|poke|p2|Diggersby, L50, M|\n|teampreview|3\n|j| p74\n|j| eheueheu\n|\n|t:|1776248060\n|teamsize|p1|3\n|teamsize|p2|3\n|start\n|switch|p1a: Mimikyu|Mimikyu, L50, M|100/100\n|switch|p2a: Big Chungus|Diggersby, L50, M, shiny|100/100\n|turn|1\n|inactive|Battle timer is ON: inactive players will automatically lose when time's up. (requested by tukitiko)\n|\n|t:|1776248077\n|move|p2a: Big Chungus|U-turn|p1a: Mimikyu\n|-activate|p1a: Mimikyu|ability: Disguise\n|-damage|p1a: Mimikyu|100/100\n|detailschange|p1a: Mimikyu|Mimikyu-Busted, L50, M\n|-damage|p1a: Mimikyu|89/100|[from] pokemon: Mimikyu-Busted\n|\n|t:|1776248079\n|switch|p2a: Wolframio|Lucario, L50, M|100/100|[from] U-turn\n|move|p1a: Mimikyu|Play Rough|p2a: Wolframio\n|-damage|p2a: Wolframio|42/100\n|\n|upkeep\n|turn|2\n|\n|t:|1776248091\n|switch|p1a: Gyarados|Gyarados, L50, F|100/100\n|-ability|p1a: Gyarados|Intimidate|boost\n|-unboost|p2a: Wolframio|atk|1\n|detailschange|p2a: Wolframio|Lucario-Mega, L50, M\n|-mega|p2a: Wolframio|Lucario|Lucarionite\n|move|p2a: Wolframio|Meteor Mash|p1a: Gyarados\n|-resisted|p1a: Gyarados|1\n|-damage|p1a: Gyarados|71/100\n|\n|upkeep\n|turn|3\n|\n|t:|1776248104\n|move|p2a: Wolframio|Close Combat|p1a: Gyarados\n|-resisted|p1a: Gyarados|1\n|-damage|p1a: Gyarados|32/100\n|-unboost|p2a: Wolframio|def|1\n|-unboost|p2a: Wolframio|spd|1\n|move|p1a: Gyarados|Dragon Dance|p1a: Gyarados\n|-boost|p1a: Gyarados|atk|1\n|-boost|p1a: Gyarados|spe|1\n|\n|upkeep\n|turn|4\n|\n|t:|1776248114\n|move|p2a: Wolframio|Bullet Punch|p1a: Gyarados\n|-resisted|p1a: Gyarados|1\n|-damage|p1a: Gyarados|19/100\n|move|p1a: Gyarados|Waterfall|p2a: Wolframio\n|-damage|p2a: Wolframio|0 fnt\n|faint|p2a: Wolframio\n|\n|upkeep\n|\n|t:|1776248116\n|switch|p2a: Skere|Skeledirge, L50, M|100/100\n|turn|5\n|\n|t:|1776248121\n|detailschange|p1a: Gyarados|Gyarados-Mega, L50, F\n|-mega|p1a: Gyarados|Gyarados|Gyaradosite\n|-ability|p1a: Gyarados|Mold Breaker\n|move|p1a: Gyarados|Waterfall|p2a: Skere\n|-supereffective|p2a: Skere|1\n|-crit|p2a: Skere\n|-damage|p2a: Skere|0 fnt\n|faint|p2a: Skere\n|\n|upkeep\n|l| eheueheu\n|\n|t:|1776248123\n|switch|p2a: Big Chungus|Diggersby, L50, M, shiny|100/100\n|turn|6\n|\n|t:|1776248128\n|move|p1a: Gyarados|Waterfall|p2a: Big Chungus\n|-supereffective|p2a: Big Chungus|1\n|-damage|p2a: Big Chungus|0 fnt\n|faint|p2a: Big Chungus\n|\n|win|BJZJS\n|raw|BJZJS's rating: 1400 &rarr; <strong>1416</strong><br />(+16 for winning)\n|raw|tukitiko's rating: 1321 &rarr; <strong>1305</strong><br />(-16 for losing)\n|l|\u2606BJZJS\n|player|p1|\n|l|\u2606tukitiko\n|player|p2|\n",
  "uploadtime": 1776248175,
  "views": 15,
  "formatid": "gen9championsbssregma",
  "rating": 1305,
  "private": 0,
  "password": null
}