{
  "id": "gen9championsbssregma-2584282277",
  "format": "[Gen 9 Champions] BSS Reg M-A",
  "players": [
    "hrztkb",
    "Oshawottpoke"
  ],
  "log": "|j|\u2606hrztkb\n|j|\u2606Oshawottpoke\n|t:|1776246794\n|gametype|singles\n|player|p1|hrztkb|101|1385\n|player|p2|Oshawottpoke|2|1393\n|gen|9\n|tier|[Gen 9 Champions] BSS Reg M-A\n|rated|\n|rule|Species Clause: Limit one of each Pok\u00e9mon\n|rule|Item Clause: Limit 1 of each item\n|clearpoke\n|poke|p1|Gyarados, L50, M|\n|poke|p1|Aegislash, L50, F|\n|poke|p1|Garchomp, L50, M|\n|poke|p1|Primarina, L50, M|\n|poke|p1|Venusaur, L50, F|\n|poke|p1|Archaludon, L50, M|\n|poke|p2|Floette-Eternal, L50, F|\n|poke|p2|Aegislash, L50, F|\n|poke|p2|Garchomp, L50, F|\n|poke|p2|Vaporeon, L50, F|\n|poke|p2|Dragonite, L50, M|\n|poke|p2|Kingambit, L50, F|\n|teampreview|3\n|inactive|Battle timer is ON: inactive players will automatically lose when time's up. (requested by hrztkb)\n|inactive|Oshawottpoke has 60 seconds left.\n|j| p74\n|inactive|Oshawottpoke has 30 seconds left.\n|\n|t:|1776246907\n|teamsize|p1|3\n|teamsize|p2|3\n|start\n|switch|p1a: Archaludon|Archaludon, L50, M|100/100\n|switch|p2a: Garchomp|Garchomp, L50, F|100/100\n|turn|1\n|\n|t:|1776246913\n|move|p2a: Garchomp|Earthquake|p1a: Archaludon\n|-supereffective|p1a: Archaludon|1\n|-damage|p1a: Archaludon|32/100\n|-ability|p1a: Archaludon|Stamina|boost\n|-boost|p1a: Archaludon|def|1\n|-enditem|p1a: Archaludon|Sitrus Berry|[eat]\n|-heal|p1a: Archaludon|57/100|[from] item: Sitrus Berry\n|move|p1a: Archaludon|Draco Meteor|p2a: Garchomp\n|-supereffective|p2a: Garchomp|1\n|-enditem|p2a: Garchomp|Focus Sash\n|-damage|p2a: Garchomp|1/100\n|-unboost|p1a: Archaludon|spa|2\n|\n|upkeep\n|turn|2\n|\n|t:|1776246926\n|move|p2a: Garchomp|Stealth Rock|p1a: Archaludon\n|-sidestart|p1: hrztkb|move: Stealth Rock\n|move|p1a: Archaludon|Stealth Rock|p2a: Garchomp\n|-sidestart|p2: Oshawottpoke|move: Stealth Rock\n|\n|upkeep\n|turn|3\n|\n|t:|1776246936\n|move|p2a: Garchomp|Earthquake|p1a: Archaludon\n|-supereffective|p1a: Archaludon|1\n|-damage|p1a: Archaludon|11/100\n|-ability|p1a: Archaludon|Stamina|boost\n|-boost|p1a: Archaludon|def|1\n|move|p1a: Archaludon|Flash Cannon|p2a: Garchomp\n|-damage|p2a: Garchomp|0 fnt\n|faint|p2a: Garchomp\n|\n|upkeep\n|\n|t:|1776246946\n|switch|p2a: Floette|Floette-Eternal, L50, F|100/100\n|-damage|p2a: Floette|89/100|[from] Stealth Rock\n|turn|4\n|\n|t:|1776246951\n|switch|p1a: Aegislash|Aegislash, L50, F|100/100\n|-damage|p1a: Aegislash|95/100|[from] Stealth Rock\n|detailschange|p2a: Floette|Floette-Mega, L50, F\n|-mega|p2a: Floette|Floette|Floettite\n|-ability|p2a: Floette|Fairy Aura\n|move|p2a: Floette|Draining Kiss|p1a: Aegislash\n|-resisted|p1a: Aegislash|1\n|-damage|p1a: Aegislash|75/100\n|-heal|p2a: Floette|100/100|[from] drain|[of] p1a: Aegislash\n|\n|upkeep\n|turn|5\n|inactive|Oshawottpoke has 30 seconds left.\n|\n|t:|1776246978\n|move|p2a: Floette|Moonblast|p1a: Aegislash\n|-resisted|p1a: Aegislash|1\n|-damage|p1a: Aegislash|43/100\n|-formechange|p1a: Aegislash|Aegislash-Blade|\n|move|p1a: Aegislash|Poltergeist|p2a: Floette\n|-activate|p2a: Floette|move: Poltergeist|Floettite\n|-damage|p2a: Floette|6/100\n|\n|upkeep\n|turn|6\n|\n|t:|1776246991\n|move|p1a: Aegislash|Shadow Sneak|p2a: Floette\n|-damage|p2a: Floette|0 fnt\n|faint|p2a: Floette\n|\n|upkeep\n|\n|t:|1776246992\n|switch|p2a: Dragonite|Dragonite, L50, M|100/100\n|-damage|p2a: Dragonite|76/100|[from] Stealth Rock\n|turn|7\n|\n|t:|1776247004\n|-formechange|p1a: Aegislash|Aegislash|\n|move|p1a: Aegislash|King's Shield|p1a: Aegislash\n|-singleturn|p1a: Aegislash|Protect\n|move|p2a: Dragonite|Air Slash|p1a: Aegislash\n|-activate|p1a: Aegislash|move: Protect\n|\n|upkeep\n|turn|8\n|-message|Oshawottpoke forfeited.\n|\n|win|hrztkb\n|raw|hrztkb's rating: 1385 &rarr; <strong>1405</strong><br />(+20 for winning)\n|raw|Oshawottpoke's rating: 1393 &rarr; <strong>1373</strong><br />(-20 for losing)\n|l|\u2606Oshawottpoke\n|player|p2|\n|l|\u2606hrztkb\n|player|p1|\n",
  "uploadtime": 1776247090,
  "views": 9,
  "formatid": "gen9championsbssregma",
  "rating": 1373,
  "private": 0,
  "password": null
}