{
  "id": "gen9championsbssregma-2587431180",
  "format": "[Gen 9 Champions] BSS Reg M-A",
  "players": [
    "saitoimmortal",
    "Arcaniner52"
  ],
  "log": "|j|\u2606saitoimmortal\n|j|\u2606Arcaniner52\n|t:|1776531226\n|gametype|singles\n|player|p1|saitoimmortal|acetrainer-gen4dp|1339\n|player|p2|Arcaniner52|blue|1302\n|gen|9\n|tier|[Gen 9 Champions] BSS Reg M-A\n|rated|\n|rule|Species Clause: Limit one of each Pok\u00e9mon\n|rule|Item Clause: Limit 1 of each item\n|clearpoke\n|poke|p1|Glimmora, L50, M, shiny|\n|poke|p1|Dragonite, L50, F, shiny|\n|poke|p1|Samurott-Hisui, L50, M, shiny|\n|poke|p1|Sylveon, L50, M, shiny|\n|poke|p1|Mimikyu, L50, M, shiny|\n|poke|p1|Scizor, L50, F, shiny|\n|poke|p2|Garchomp, L50, M|\n|poke|p2|Scizor, L50, M|\n|poke|p2|Gengar, L50, M|\n|poke|p2|Meowscarada, L50, M|\n|poke|p2|Rotom-Wash, L50|\n|poke|p2|Charizard, L50, M|\n|teampreview|3\n|inactive|Battle timer is ON: inactive players will automatically lose when time's up. (requested by saitoimmortal)\n|j| ProgramData\n|inactive|saitoimmortal has 60 seconds left.\n|\n|t:|1776531268\n|teamsize|p1|3\n|teamsize|p2|3\n|start\n|switch|p1a: Samurott|Samurott-Hisui, L50, M, shiny|100/100\n|switch|p2a: Rotom|Rotom-Wash, L50|100/100\n|turn|1\n|\n|t:|1776531276\n|move|p1a: Samurott|Flip Turn|p2a: Rotom\n|-resisted|p2a: Rotom|1\n|-damage|p2a: Rotom|81/100\n|\n|t:|1776531278\n|switch|p1a: Sylveon|Sylveon, L50, M, shiny|100/100|[from] Flip Turn\n|move|p2a: Rotom|Volt Switch|p1a: Sylveon\n|-damage|p1a: Sylveon|78/100\n|\n|t:|1776531289\n|switch|p2a: Meowscarada|Meowscarada, L50, M|100/100|[from] Volt Switch\n|\n|-heal|p1a: Sylveon|84/100|[from] item: Leftovers\n|upkeep\n|turn|2\n|\n|t:|1776531296\n|move|p2a: Meowscarada|Flower Trick|p1a: Sylveon\n|-start|p2a: Meowscarada|typechange|Grass|[from] ability: Protean\n|-crit|p1a: Sylveon\n|-damage|p1a: Sylveon|39/100\n|move|p1a: Sylveon|Yawn|p2a: Meowscarada\n|-start|p2a: Meowscarada|move: Yawn|[of] p1a: Sylveon\n|\n|-heal|p1a: Sylveon|45/100|[from] item: Leftovers\n|upkeep\n|turn|3\n|\n|t:|1776531310\n|move|p2a: Meowscarada|Flower Trick|p1a: Sylveon\n|-crit|p1a: Sylveon\n|-damage|p1a: Sylveon|3/100\n|move|p1a: Sylveon|Calm Mind|p1a: Sylveon\n|-boost|p1a: Sylveon|spa|1\n|-boost|p1a: Sylveon|spd|1\n|\n|-heal|p1a: Sylveon|9/100|[from] item: Leftovers\n|-end|p2a: Meowscarada|move: Yawn|[silent]\n|-status|p2a: Meowscarada|slp\n|upkeep\n|turn|4\n|\n|t:|1776531321\n|cant|p2a: Meowscarada|slp\n|move|p1a: Sylveon|Hyper Voice|p2a: Meowscarada\n|-damage|p2a: Meowscarada|4/100 slp\n|\n|-heal|p1a: Sylveon|15/100|[from] item: Leftovers\n|upkeep\n|turn|5\n|\n|t:|1776531329\n|move|p1a: Sylveon|Quick Attack|p2a: Meowscarada\n|-damage|p2a: Meowscarada|0 fnt\n|faint|p2a: Meowscarada\n|\n|-heal|p1a: Sylveon|21/100|[from] item: Leftovers\n|upkeep\n|\n|t:|1776531336\n|switch|p2a: Rotom|Rotom-Wash, L50|81/100\n|turn|6\n|\n|t:|1776531344\n|move|p2a: Rotom|Discharge|p1a: Sylveon\n|-damage|p1a: Sylveon|2/100\n|move|p1a: Sylveon|Hyper Voice|p2a: Rotom\n|-damage|p2a: Rotom|0 fnt\n|faint|p2a: Rotom\n|\n|-heal|p1a: Sylveon|8/100|[from] item: Leftovers\n|upkeep\n|\n|t:|1776531354\n|switch|p2a: Charizard|Charizard, L50, M|100/100\n|turn|7\n|\n|t:|1776531358\n|detailschange|p2a: Charizard|Charizard-Mega-Y, L50, M\n|-mega|p2a: Charizard|Charizard|Charizardite Y\n|-weather|SunnyDay|[from] ability: Drought|[of] p2a: Charizard\n|move|p2a: Charizard|Flame Charge|p1a: Sylveon\n|-damage|p1a: Sylveon|0 fnt\n|-boost|p2a: Charizard|spe|1\n|faint|p1a: Sylveon\n|\n|-weather|SunnyDay|[upkeep]\n|upkeep\n|\n|t:|1776531373\n|switch|p1a: Mimikyu|Mimikyu, L50, M, shiny|100/100\n|turn|8\n|\n|t:|1776531381\n|move|p2a: Charizard|Air Slash|p1a: Mimikyu\n|-activate|p1a: Mimikyu|ability: Disguise\n|-damage|p1a: Mimikyu|100/100\n|detailschange|p1a: Mimikyu|Mimikyu-Busted, L50, M, shiny\n|-damage|p1a: Mimikyu|88/100|[from] pokemon: Mimikyu-Busted\n|move|p1a: Mimikyu|Swords Dance|p1a: Mimikyu\n|-boost|p1a: Mimikyu|atk|2\n|\n|-weather|SunnyDay|[upkeep]\n|upkeep\n|turn|9\n|\n|t:|1776531393\n|move|p1a: Mimikyu|Shadow Sneak|p2a: Charizard\n|-damage|p2a: Charizard|40/100\n|move|p2a: Charizard|Flamethrower|p1a: Mimikyu\n|-damage|p1a: Mimikyu|0 fnt\n|faint|p1a: Mimikyu\n|\n|-weather|SunnyDay|[upkeep]\n|upkeep\n|\n|t:|1776531398\n|switch|p1a: Samurott|Samurott-Hisui, L50, M, shiny|100/100\n|turn|10\n|\n|t:|1776531403\n|move|p2a: Charizard|Solar Beam||[still]\n|-prepare|p2a: Charizard|Solar Beam\n|-anim|p2a: Charizard|Solar Beam|p1a: Samurott\n|-supereffective|p1a: Samurott|1\n|-damage|p1a: Samurott|0 fnt\n|faint|p1a: Samurott\n|\n|win|Arcaniner52\n|raw|saitoimmortal's rating: 1339 &rarr; <strong>1317</strong><br />(-22 for losing)\n|raw|Arcaniner52's rating: 1302 &rarr; <strong>1324</strong><br />(+22 for winning)\n|l|\u2606saitoimmortal\n|player|p1|\n",
  "uploadtime": 1776531412,
  "views": 5,
  "formatid": "gen9championsbssregma",
  "rating": 1317,
  "private": 0,
  "password": null
}