{
  "id": "gen9championsbssregma-2582121654",
  "format": "[Gen 9 Champions] BSS Reg M-A",
  "players": [
    "WyldersGrief",
    "dr_poopie64"
  ],
  "log": "|j|\u2606WyldersGrief\n|j|\u203ddr_poopie64\n|t:|1776060713\n|gametype|singles\n|player|p1|WyldersGrief|265|1107\n|player|p2|dr_poopie64|drayden|1147\n|gen|9\n|tier|[Gen 9 Champions] BSS Reg M-A\n|rated|\n|rule|Species Clause: Limit one of each Pok\u00e9mon\n|rule|Item Clause: Limit 1 of each item\n|clearpoke\n|poke|p1|Lopunny, L50, F|\n|poke|p1|Meowscarada, L50, F|\n|poke|p1|Garchomp, L50, M|\n|poke|p1|Espathra, L50, F|\n|poke|p1|Primarina, L50, F|\n|poke|p1|Rotom-Mow, L50|\n|poke|p2|Chandelure, L50, M|\n|poke|p2|Toucannon, L50, M|\n|poke|p2|Hippowdon, L50, F|\n|poke|p2|Primarina, L50, F|\n|poke|p2|Sneasler, L50, F|\n|poke|p2|Hydreigon, L50, F|\n|teampreview|3\n|inactive|Battle timer is ON: inactive players will automatically lose when time's up. (requested by WyldersGrief)\n|inactive|WyldersGrief has 60 seconds left.\n|inactive|dr_poopie64 has 60 seconds left.\n|\n|t:|1776060751\n|teamsize|p1|3\n|teamsize|p2|3\n|start\n|switch|p1a: Garchomp|Garchomp, L50, M|100/100\n|switch|p2a: Hydreigon|Hydreigon, L50, F|100/100\n|turn|1\n|\n|t:|1776060762\n|move|p2a: Hydreigon|Draco Meteor|p1a: Garchomp\n|-supereffective|p1a: Garchomp|1\n|-damage|p1a: Garchomp|0 fnt\n|-unboost|p2a: Hydreigon|spa|2\n|faint|p1a: Garchomp\n|\n|upkeep\n|\n|t:|1776060771\n|switch|p1a: Meowscarada|Meowscarada, L50, F|100/100\n|turn|2\n|\n|t:|1776060778\n|switch|p2a: Sneasler|Sneasler, L50, F|100/100\n|move|p1a: Meowscarada|U-turn|p2a: Sneasler\n|-start|p1a: Meowscarada|typechange|Bug|[from] ability: Protean\n|-resisted|p2a: Sneasler|2\n|-damage|p2a: Sneasler|86/100\n|\n|t:|1776060786\n|switch|p1a: Lopunny|Lopunny, L50, F|100/100|[from] U-turn\n|\n|upkeep\n|turn|3\n|\n|t:|1776060796\n|switch|p2a: Hydreigon|Hydreigon, L50, F|100/100\n|detailschange|p1a: Lopunny|Lopunny-Mega, L50, F\n|-mega|p1a: Lopunny|Lopunny|Lopunnite\n|move|p1a: Lopunny|Fake Out|p2a: Hydreigon\n|-damage|p2a: Hydreigon|74/100\n|\n|upkeep\n|turn|4\n|\n|t:|1776060806\n|move|p2a: Hydreigon|Draco Meteor|p1a: Lopunny\n|-damage|p1a: Lopunny|8/100\n|-unboost|p2a: Hydreigon|spa|2\n|move|p1a: Lopunny|Triple Axel|p2a: Hydreigon\n|-supereffective|p2a: Hydreigon|1\n|-damage|p2a: Hydreigon|54/100\n|-supereffective|p2a: Hydreigon|1\n|-damage|p2a: Hydreigon|21/100\n|-supereffective|p2a: Hydreigon|1\n|-damage|p2a: Hydreigon|0 fnt\n|faint|p2a: Hydreigon\n|-hitcount|p2: Hydreigon|3\n|\n|upkeep\n|\n|t:|1776060813\n|switch|p2a: Sneasler|Sneasler, L50, F|86/100\n|turn|5\n|n|!WyldersGrief|wyldersgrief\n|\n|t:|1776060830\n|move|p1a: Lopunny|Triple Axel|p2a: Sneasler\n|-damage|p2a: Sneasler|73/100\n|-damage|p2a: Sneasler|46/100\n|-hitcount|p2a: Sneasler|2\n|move|p2a: Sneasler|Close Combat|p1a: Lopunny\n|-supereffective|p1a: Lopunny|1\n|-damage|p1a: Lopunny|0 fnt\n|-unboost|p2a: Sneasler|def|1\n|-unboost|p2a: Sneasler|spd|1\n|faint|p1a: Lopunny\n|-enditem|p2a: Sneasler|White Herb\n|-clearnegativeboost|p2a: Sneasler|[silent]\n|\n|upkeep\n|\n|t:|1776060839\n|switch|p1a: Meowscarada|Meowscarada, L50, F|100/100\n|turn|6\n|\n|t:|1776060847\n|move|p2a: Sneasler|Close Combat|p1a: Meowscarada\n|-supereffective|p1a: Meowscarada|1\n|-damage|p1a: Meowscarada|0 fnt\n|-unboost|p2a: Sneasler|def|1\n|-unboost|p2a: Sneasler|spd|1\n|faint|p1a: Meowscarada\n|\n|win|dr_poopie64\n",
  "uploadtime": 1776060820,
  "views": 3,
  "formatid": "gen9championsbssregma",
  "rating": null,
  "private": 0,
  "password": null
}