{
  "id": "gen9championsbssregma-2581381990",
  "format": "[Gen 9 Champions] BSS Reg M-A",
  "players": [
    "Mitarashi",
    "Esiolamondhax"
  ],
  "log": "|j|\u2606Mitarashi\n|j|\u2606Esiolamondhax\n|t:|1775994281\n|gametype|singles\n|player|p1|Mitarashi|169|1198\n|player|p2|Esiolamondhax|aromalady-gen3rs|1195\n|gen|9\n|tier|[Gen 9 Champions] BSS Reg M-A\n|rated|\n|rule|Species Clause: Limit one of each Pok\u00e9mon\n|rule|Item Clause: Limit 1 of each item\n|clearpoke\n|poke|p1|Garchomp, L50, M|\n|poke|p1|Delphox, L50, F|\n|poke|p1|Meganium, L50, F|\n|poke|p1|Primarina, L50, F|\n|poke|p1|Archaludon, L50, F|\n|poke|p1|Meowscarada, L50, F|\n|poke|p2|Samurott-Hisui, L50, M|\n|poke|p2|Chesnaught, L50, F|\n|poke|p2|Blastoise, L50, M|\n|poke|p2|Glimmora, L50, M|\n|poke|p2|Mimikyu, L50, M|\n|poke|p2|Scizor, L50, M|\n|teampreview|3\n|inactive|Battle timer is ON: inactive players will automatically lose when time's up. (requested by Mitarashi)\n|\n|t:|1775994328\n|teamsize|p1|3\n|teamsize|p2|3\n|start\n|switch|p1a: Meowscarada|Meowscarada, L50, F|100/100\n|switch|p2a: Samurott|Samurott-Hisui, L50, M|100/100\n|turn|1\n|\n|t:|1775994344\n|switch|p2a: Scizor|Scizor, L50, M|100/100\n|move|p1a: Meowscarada|U-turn|p2a: Scizor\n|-start|p1a: Meowscarada|typechange|Bug|[from] ability: Protean\n|-resisted|p2a: Scizor|1\n|-damage|p2a: Scizor|79/100\n|\n|t:|1775994352\n|switch|p1a: Delphox|Delphox, L50, F|100/100|[from] U-turn\n|\n|upkeep\n|turn|2\n|\n|t:|1775994362\n|switch|p2a: Samurott|Samurott-Hisui, L50, M|100/100\n|detailschange|p1a: Delphox|Delphox-Mega, L50, F\n|-mega|p1a: Delphox|Delphox|Delphoxite\n|move|p1a: Delphox|Flamethrower|p2a: Samurott\n|-resisted|p2a: Samurott|1\n|-damage|p2a: Samurott|60/100\n|\n|upkeep\n|turn|3\n|\n|t:|1775994372\n|move|p2a: Samurott|Aqua Jet|p1a: Delphox\n|-supereffective|p1a: Delphox|1\n|-damage|p1a: Delphox|36/100\n|move|p1a: Delphox|Dazzling Gleam|p2a: Samurott\n|-supereffective|p2a: Samurott|1\n|-damage|p2a: Samurott|0 fnt\n|faint|p2a: Samurott\n|\n|upkeep\n|\n|t:|1775994378\n|switch|p2a: Blastoise|Blastoise, L50, M|100/100\n|turn|4\n|\n|t:|1775994392\n|switch|p1a: Meowscarada|Meowscarada, L50, F|100/100\n|detailschange|p2a: Blastoise|Blastoise-Mega, L50, M\n|-mega|p2a: Blastoise|Blastoise|Blastoisinite\n|move|p2a: Blastoise|Shell Smash|p2a: Blastoise\n|-unboost|p2a: Blastoise|def|1\n|-unboost|p2a: Blastoise|spd|1\n|-boost|p2a: Blastoise|atk|2\n|-boost|p2a: Blastoise|spa|2\n|-boost|p2a: Blastoise|spe|2\n|\n|upkeep\n|turn|5\n|\n|t:|1775994406\n|switch|p2a: Scizor|Scizor, L50, M|79/100\n|move|p1a: Meowscarada|Flower Trick|p2a: Scizor\n|-start|p1a: Meowscarada|typechange|Grass|[from] ability: Protean\n|-resisted|p2a: Scizor|2\n|-crit|p2a: Scizor\n|-damage|p2a: Scizor|64/100\n|\n|upkeep\n|turn|6\n|\n|t:|1775994424\n|switch|p1a: Delphox|Delphox-Mega, L50, F|36/100\n|move|p2a: Scizor|Swords Dance|p2a: Scizor\n|-boost|p2a: Scizor|atk|2\n|\n|upkeep\n|turn|7\n|\n|t:|1775994431\n|move|p2a: Scizor|Bullet Punch|p1a: Delphox\n|-resisted|p1a: Delphox|1\n|-damage|p1a: Delphox|0 fnt\n|faint|p1a: Delphox\n|\n|upkeep\n|\n|t:|1775994436\n|switch|p1a: Archaludon|Archaludon, L50, F|100/100\n|turn|8\n|\n|t:|1775994450\n|move|p2a: Scizor|Close Combat|p1a: Archaludon\n|-supereffective|p1a: Archaludon|1\n|-damage|p1a: Archaludon|0 fnt\n|-unboost|p2a: Scizor|def|1\n|-unboost|p2a: Scizor|spd|1\n|faint|p1a: Archaludon\n|\n|upkeep\n|\n|t:|1775994457\n|switch|p1a: Meowscarada|Meowscarada, L50, F|100/100\n|turn|9\n|\n|t:|1775994461\n|move|p2a: Scizor|Bullet Punch|p1a: Meowscarada\n|-damage|p1a: Meowscarada|0 fnt\n|faint|p1a: Meowscarada\n|\n|win|Esiolamondhax\n|raw|Mitarashi's rating: 1198 &rarr; <strong>1173</strong><br />(-25 for losing)\n|raw|Esiolamondhax's rating: 1195 &rarr; <strong>1220</strong><br />(+25 for winning)\n|l|\u2606Mitarashi\n|player|p1|\n|j| Apex Vanquisher\n|l| Apex Vanquisher\n|j| Meng Yan come\n|l| Meng Yan come\n|l|\u2606Esiolamondhax\n|player|p2|\n|j|\u2606Esiolamondhax\n|player|p2|Esiolamondhax|aromalady-gen3rs|\n",
  "uploadtime": 1775994464,
  "views": 10,
  "formatid": "gen9championsbssregma",
  "rating": 1173,
  "private": 0,
  "password": null
}