{
  "id": "gen9championsbssregma-2585394371",
  "format": "[Gen 9 Champions] BSS Reg M-A",
  "players": [
    "WhatATwat2",
    "BBBkty"
  ],
  "log": "|j|\u2606WhatATwat2\n|j|\u2606BBBkty\n|t:|1776344060\n|gametype|singles\n|player|p1|WhatATwat2|102|1061\n|player|p2|BBBkty|265|1027\n|gen|9\n|tier|[Gen 9 Champions] BSS Reg M-A\n|rated|\n|rule|Species Clause: Limit one of each Pok\u00e9mon\n|rule|Item Clause: Limit 1 of each item\n|clearpoke\n|poke|p1|Basculegion, L50, M|\n|poke|p1|Glimmora, L50, F|\n|poke|p1|Excadrill, L50, M|\n|poke|p1|Kingambit, L50, F|\n|poke|p1|Gengar, L50, M|\n|poke|p1|Clefable, L50, M|\n|poke|p2|Dragapult, L50, M|\n|poke|p2|Alakazam, L50, F|\n|poke|p2|Azumarill, L50, M|\n|poke|p2|Aerodactyl, L50, M|\n|poke|p2|Floette-Eternal, L50, F|\n|poke|p2|Abomasnow, L50, M|\n|teampreview|3\n|\n|t:|1776344091\n|teamsize|p1|3\n|teamsize|p2|3\n|start\n|switch|p1a: Glimmora|Glimmora, L50, F|100/100\n|switch|p2a: Dragapult|Dragapult, L50, M, shiny|100/100\n|turn|1\n|inactive|Battle timer is ON: inactive players will automatically lose when time's up. (requested by WhatATwat2)\n|\n|t:|1776344110\n|move|p2a: Dragapult|Dragon Dance|p2a: Dragapult\n|-boost|p2a: Dragapult|atk|1\n|-boost|p2a: Dragapult|spe|1\n|move|p1a: Glimmora|Mud Shot|p2a: Dragapult\n|-damage|p2a: Dragapult|73/100\n|-unboost|p2a: Dragapult|spe|1\n|\n|upkeep\n|turn|2\n|\n|t:|1776344122\n|move|p2a: Dragapult|Dragon Dance|p2a: Dragapult\n|-boost|p2a: Dragapult|atk|1\n|-boost|p2a: Dragapult|spe|1\n|move|p1a: Glimmora|Mud Shot|p2a: Dragapult\n|-damage|p2a: Dragapult|45/100\n|-unboost|p2a: Dragapult|spe|1\n|\n|upkeep\n|turn|3\n|inactive|BBBkty has 30 seconds left.\n|\n|t:|1776344148\n|move|p2a: Dragapult|Dragon Darts|p1a: Glimmora\n|-damage|p1a: Glimmora|38/100\n|-activate|p1a: Glimmora|ability: Toxic Debris\n|-sidestart|p2: BBBkty|move: Toxic Spikes\n|-anim|p2a: Dragapult|Dragon Darts|p1a: Glimmora\n|-damage|p1a: Glimmora|0 fnt\n|-activate|p1a: Glimmora|ability: Toxic Debris\n|-sidestart|p2: BBBkty|move: Toxic Spikes\n|faint|p1a: Glimmora\n|\n|upkeep\n|\n|t:|1776344153\n|switch|p1a: Kingambit|Kingambit, L50, F|100/100\n|-activate|p1a: Kingambit|ability: Supreme Overlord\n|-start|p1a: Kingambit|fallen1|[silent]\n|turn|4\n|\n|t:|1776344165\n|move|p1a: Kingambit|Sucker Punch||[still]\n|-fail|p1a: Kingambit\n|move|p2a: Dragapult|Dragon Dance|p2a: Dragapult\n|-boost|p2a: Dragapult|atk|1\n|-boost|p2a: Dragapult|spe|1\n|\n|upkeep\n|turn|5\n|\n|t:|1776344178\n|move|p2a: Dragapult|Dragon Dance|p2a: Dragapult\n|-boost|p2a: Dragapult|atk|1\n|-boost|p2a: Dragapult|spe|1\n|move|p1a: Kingambit|Kowtow Cleave|p2a: Dragapult\n|-supereffective|p2a: Dragapult|1\n|-damage|p2a: Dragapult|0 fnt\n|faint|p2a: Dragapult\n|\n|upkeep\n|\n|t:|1776344182\n|switch|p2a: Azumarill|Azumarill, L50, M|100/100\n|-status|p2a: Azumarill|tox\n|turn|6\n|\n|t:|1776344197\n|-end|p1a: Kingambit|fallen1|[silent]\n|switch|p1a: Gengar|Gengar, L50, M|100/100\n|move|p2a: Azumarill|Belly Drum|p2a: Azumarill\n|-damage|p2a: Azumarill|50/100 tox\n|-setboost|p2a: Azumarill|atk|6|[from] move: Belly Drum\n|\n|-damage|p2a: Azumarill|45/100 tox|[from] psn\n|upkeep\n|turn|7\n|\n|t:|1776344203\n|detailschange|p1a: Gengar|Gengar-Mega, L50, M\n|-mega|p1a: Gengar|Gengar|Gengarite\n|move|p2a: Azumarill|Aqua Jet|p1a: Gengar\n|-damage|p1a: Gengar|0 fnt\n|faint|p1a: Gengar\n|\n|-damage|p2a: Azumarill|33/100 tox|[from] psn\n|upkeep\n|\n|t:|1776344206\n|switch|p1a: Kingambit|Kingambit, L50, F|100/100\n|-activate|p1a: Kingambit|ability: Supreme Overlord\n|-start|p1a: Kingambit|fallen2|[silent]\n|turn|8\n|\n|t:|1776344219\n|move|p2a: Azumarill|Aqua Jet|p1a: Kingambit\n|-damage|p1a: Kingambit|57/100\n|move|p1a: Kingambit|Iron Head|p2a: Azumarill\n|-damage|p2a: Azumarill|0 fnt\n|faint|p2a: Azumarill\n|\n|upkeep\n|\n|t:|1776344230\n|switch|p2a: Alakazam|Alakazam, L50, F, shiny|100/100\n|-status|p2a: Alakazam|tox\n|turn|9\n|inactive|WhatATwat2 has 30 seconds left.\n|\n|t:|1776344264\n|detailschange|p2a: Alakazam|Alakazam-Mega, L50, F, shiny\n|-mega|p2a: Alakazam|Alakazam|Alakazite\n|-ability|p2a: Alakazam|Supreme Overlord|Trace|[from] ability: Trace|[of] p1a: Kingambit\n|-activate|p2a: Alakazam|ability: Supreme Overlord\n|-start|p2a: Alakazam|fallen2|[silent]\n|move|p1a: Kingambit|Sucker Punch||[still]\n|-fail|p1a: Kingambit\n|move|p2a: Alakazam|Nasty Plot|p2a: Alakazam\n|-boost|p2a: Alakazam|spa|2\n|\n|-damage|p2a: Alakazam|94/100 tox|[from] psn\n|upkeep\n|turn|10\n|\n|t:|1776344272\n|move|p1a: Kingambit|Sucker Punch|p2a: Alakazam\n|-supereffective|p2a: Alakazam|1\n|-damage|p2a: Alakazam|0 fnt\n|faint|p2a: Alakazam\n|-end|p2a: Alakazam|fallen2|[silent]\n|\n|win|WhatATwat2\n|raw|WhatATwat2's rating: 1061 &rarr; <strong>1089</strong><br />(+28 for winning)\n|raw|BBBkty's rating: 1027 &rarr; <strong>1014</strong><br />(-13 for losing)\n",
  "uploadtime": 1776344275,
  "views": 4,
  "formatid": "gen9championsbssregma",
  "rating": 1014,
  "private": 0,
  "password": null
}