{
  "id": "gen9championsbssregma-2587897678",
  "format": "[Gen 9 Champions] BSS Reg M-A",
  "players": [
    "chanmin",
    "harap"
  ],
  "log": "|j|\u2606chanmin\n|j|\u2606harap\n|t:|1776576117\n|gametype|singles\n|player|p1|chanmin|266|1461\n|player|p2|harap|101|1383\n|gen|9\n|tier|[Gen 9 Champions] BSS Reg M-A\n|rated|\n|rule|Species Clause: Limit one of each Pok\u00e9mon\n|rule|Item Clause: Limit 1 of each item\n|clearpoke\n|poke|p1|Gengar, L50, M|\n|poke|p1|Garchomp, L50, F|\n|poke|p1|Kangaskhan, L50, F|\n|poke|p1|Aegislash, L50, M|\n|poke|p1|Rotom-Wash, L50|\n|poke|p1|Volcarona, L50, M|\n|poke|p2|Ampharos, L50, M|\n|poke|p2|Scizor, L50, F|\n|poke|p2|Skarmory, L50, F|\n|poke|p2|Feraligatr, L50, M|\n|poke|p2|Slowking-Galar, L50, M|\n|poke|p2|Umbreon, L50, F|\n|teampreview|3\n|\n|t:|1776576174\n|teamsize|p1|3\n|teamsize|p2|3\n|start\n|switch|p1a: Kangaskhan|Kangaskhan, L50, F|100/100\n|switch|p2a: Slowking|Slowking-Galar, L50, M|100/100\n|turn|1\n|\n|t:|1776576182\n|switch|p2a: Umbreon|Umbreon, L50, F|100/100\n|detailschange|p1a: Kangaskhan|Kangaskhan-Mega, L50, F\n|-mega|p1a: Kangaskhan|Kangaskhan|Kangaskhanite\n|move|p1a: Kangaskhan|Double-Edge|p2a: Umbreon\n|-damage|p2a: Umbreon|59/100\n|-damage|p2a: Umbreon|50/100\n|-hitcount|p2a: Umbreon|2\n|-damage|p1a: Kangaskhan|84/100|[from] Recoil\n|\n|-heal|p2a: Umbreon|56/100|[from] item: Leftovers\n|upkeep\n|turn|2\n|\n|t:|1776576198\n|switch|p1a: Volcarona|Volcarona, L50, M|100/100\n|move|p2a: Umbreon|Wish|p2a: Umbreon\n|\n|-heal|p2a: Umbreon|62/100|[from] item: Leftovers\n|upkeep\n|turn|3\n|\n|t:|1776576209\n|move|p1a: Volcarona|Quiver Dance|p1a: Volcarona\n|-boost|p1a: Volcarona|spa|1\n|-boost|p1a: Volcarona|spd|1\n|-boost|p1a: Volcarona|spe|1\n|move|p2a: Umbreon|Toxic|p1a: Volcarona\n|-status|p1a: Volcarona|tox\n|\n|-heal|p2a: Umbreon|100/100|[from] move: Wish|[wisher] Umbreon\n|-damage|p1a: Volcarona|95/100 tox|[from] psn\n|upkeep\n|turn|4\n|\n|t:|1776576220\n|switch|p2a: Slowking|Slowking-Galar, L50, M|100/100\n|move|p1a: Volcarona|Will-O-Wisp|p2a: Slowking\n|-status|p2a: Slowking|brn\n|\n|-heal|p1a: Volcarona|100/100 tox|[from] item: Leftovers\n|-damage|p1a: Volcarona|89/100 tox|[from] psn\n|-damage|p2a: Slowking|95/100 brn|[from] brn\n|upkeep\n|turn|5\n|\n|t:|1776576231\n|move|p1a: Volcarona|Fiery Dance|p2a: Slowking\n|-damage|p2a: Slowking|55/100 brn\n|-boost|p1a: Volcarona|spa|1\n|move|p2a: Slowking|Trick Room|p2a: Slowking\n|-fieldstart|move: Trick Room|[of] p2a: Slowking\n|\n|-heal|p1a: Volcarona|95/100 tox|[from] item: Leftovers\n|-damage|p1a: Volcarona|77/100 tox|[from] psn\n|-damage|p2a: Slowking|50/100 brn|[from] brn\n|upkeep\n|turn|6\n|\n|t:|1776576256\n|move|p2a: Slowking|Psychic Noise|p1a: Volcarona\n|-damage|p1a: Volcarona|55/100 tox\n|-start|p1a: Volcarona|move: Heal Block\n|move|p1a: Volcarona|Fiery Dance|p2a: Slowking\n|-damage|p2a: Slowking|0 fnt\n|-boost|p1a: Volcarona|spa|1\n|faint|p2a: Slowking\n|\n|-damage|p1a: Volcarona|32/100 tox|[from] psn\n|upkeep\n|\n|t:|1776576267\n|switch|p2a: Umbreon|Umbreon, L50, F|100/100\n|turn|7\n|j| p74\n|\n|t:|1776576279\n|switch|p1a: Kangaskhan|Kangaskhan-Mega, L50, F|84/100\n|move|p2a: Umbreon|Protect||[still]\n|-fail|p2a: Umbreon\n|\n|upkeep\n|turn|8\n|\n|t:|1776576289\n|move|p2a: Umbreon|Foul Play|p1a: Kangaskhan\n|-damage|p1a: Kangaskhan|36/100\n|move|p1a: Kangaskhan|Fire Punch|p2a: Umbreon\n|-damage|p2a: Umbreon|83/100\n|-damage|p2a: Umbreon|79/100\n|-hitcount|p2a: Umbreon|2\n|\n|-heal|p2a: Umbreon|85/100|[from] item: Leftovers\n|upkeep\n|turn|9\n|\n|t:|1776576300\n|switch|p1a: Volcarona|Volcarona, L50, M|32/100 tox\n|move|p2a: Umbreon|Foul Play|p1a: Volcarona\n|-damage|p1a: Volcarona|14/100 tox\n|\n|-heal|p2a: Umbreon|91/100|[from] item: Leftovers\n|-heal|p1a: Volcarona|19/100 tox|[from] item: Leftovers\n|-damage|p1a: Volcarona|14/100 tox|[from] psn\n|-fieldend|move: Trick Room\n|upkeep\n|turn|10\n|\n|t:|1776576317\n|move|p1a: Volcarona|Will-O-Wisp|p2a: Umbreon|[miss]\n|-miss|p1a: Volcarona|p2a: Umbreon\n|move|p2a: Umbreon|Wish|p2a: Umbreon\n|\n|-heal|p1a: Volcarona|19/100 tox|[from] item: Leftovers\n|-heal|p2a: Umbreon|97/100|[from] item: Leftovers\n|-damage|p1a: Volcarona|8/100 tox|[from] psn\n|upkeep\n|turn|11\n|\n|t:|1776576326\n|switch|p1a: Kangaskhan|Kangaskhan-Mega, L50, F|36/100\n|move|p2a: Umbreon|Protect||[still]\n|-fail|p2a: Umbreon\n|\n|-heal|p2a: Umbreon|100/100|[from] move: Wish|[wisher] Umbreon\n|upkeep\n|turn|12\n|\n|t:|1776576336\n|move|p1a: Kangaskhan|Fire Punch|p2a: Umbreon\n|-damage|p2a: Umbreon|84/100\n|-damage|p2a: Umbreon|80/100\n|-hitcount|p2a: Umbreon|2\n|move|p2a: Umbreon|Foul Play|p1a: Kangaskhan\n|-damage|p1a: Kangaskhan|0 fnt\n|faint|p1a: Kangaskhan\n|\n|-heal|p2a: Umbreon|86/100|[from] item: Leftovers\n|upkeep\n|\n|t:|1776576347\n|switch|p1a: Volcarona|Volcarona, L50, M|8/100 tox\n|turn|13\n|\n|t:|1776576360\n|move|p2a: Umbreon|Protect|p2a: Umbreon\n|-singleturn|p2a: Umbreon|Protect\n|move|p1a: Volcarona|Will-O-Wisp|p2a: Umbreon\n|-activate|p2a: Umbreon|move: Protect\n|\n|-heal|p1a: Volcarona|14/100 tox|[from] item: Leftovers\n|-heal|p2a: Umbreon|92/100|[from] item: Leftovers\n|-damage|p1a: Volcarona|8/100 tox|[from] psn\n|upkeep\n|turn|14\n|\n|t:|1776576378\n|move|p2a: Umbreon|Protect|p2a: Umbreon\n|-singleturn|p2a: Umbreon|Protect\n|move|p1a: Volcarona|Will-O-Wisp|p2a: Umbreon\n|-activate|p2a: Umbreon|move: Protect\n|\n|-heal|p1a: Volcarona|14/100 tox|[from] item: Leftovers\n|-heal|p2a: Umbreon|98/100|[from] item: Leftovers\n|-damage|p1a: Volcarona|2/100 tox|[from] psn\n|upkeep\n|turn|15\n|\n|t:|1776576390\n|move|p1a: Volcarona|Will-O-Wisp||[still]\n|-status|p2a: Umbreon|brn\n|-activate|p2a: Umbreon|ability: Synchronize\n|-fail|p2a: Umbreon\n|move|p2a: Umbreon|Wish|p2a: Umbreon\n|\n|-heal|p1a: Volcarona|8/100 tox|[from] item: Leftovers\n|-heal|p2a: Umbreon|100/100 brn|[from] item: Leftovers\n|-damage|p1a: Volcarona|0 fnt|[from] psn\n|faint|p1a: Volcarona\n|-damage|p2a: Umbreon|95/100 brn|[from] brn\n|upkeep\n|\n|t:|1776576402\n|switch|p1a: Garchomp|Garchomp, L50, F|100/100\n|turn|16\n|\n|t:|1776576408\n|move|p1a: Garchomp|Swords Dance|p1a: Garchomp\n|-boost|p1a: Garchomp|atk|2\n|move|p2a: Umbreon|Foul Play|p1a: Garchomp\n|-damage|p1a: Garchomp|50/100\n|-damage|p2a: Umbreon|82/100 brn|[from] ability: Rough Skin|[of] p1a: Garchomp\n|\n|-heal|p2a: Umbreon|100/100 brn|[from] move: Wish|[wisher] Umbreon\n|-damage|p2a: Umbreon|95/100 brn|[from] brn\n|upkeep\n|turn|17\n|\n|t:|1776576421\n|move|p1a: Garchomp|Earthquake|p2a: Umbreon\n|-damage|p2a: Umbreon|31/100 brn\n|move|p2a: Umbreon|Foul Play|p1a: Garchomp\n|-damage|p1a: Garchomp|0 fnt\n|-damage|p2a: Umbreon|18/100 brn|[from] ability: Rough Skin|[of] p1a: Garchomp\n|faint|p1a: Garchomp\n|\n|win|harap\n|raw|chanmin's rating: 1461 &rarr; <strong>1437</strong><br />(-24 for losing)\n|raw|harap's rating: 1383 &rarr; <strong>1407</strong><br />(+24 for winning)\n",
  "uploadtime": 1776576425,
  "views": 1,
  "formatid": "gen9championsbssregma",
  "rating": 1407,
  "private": 0,
  "password": null
}