{
  "id": "gen9championsbssregma-2584055725",
  "format": "[Gen 9 Champions] BSS Reg M-A",
  "players": [
    "bandai home",
    "mia corvere"
  ],
  "log": "|j|\u2606bandai home\n|j|\u2606mia corvere\n|t:|1776220724\n|gametype|singles\n|player|p1|bandai home|170|1316\n|player|p2|mia corvere|170|1366\n|gen|9\n|tier|[Gen 9 Champions] BSS Reg M-A\n|rated|\n|rule|Species Clause: Limit one of each Pok\u00e9mon\n|rule|Item Clause: Limit 1 of each item\n|clearpoke\n|poke|p1|Dragapult, L50, M|\n|poke|p1|Gengar, L50, F|\n|poke|p1|Scovillain, L50, F|\n|poke|p1|Kingambit, L50, F|\n|poke|p1|Corviknight, L50, M|\n|poke|p1|Arcanine-Hisui, L50, M|\n|poke|p2|Aegislash, L50, F|\n|poke|p2|Gengar, L50, F|\n|poke|p2|Starmie, L50|\n|poke|p2|Ditto, L50|\n|poke|p2|Volcarona, L50, F|\n|poke|p2|Rotom-Wash, L50|\n|teampreview|3\n|inactive|Battle timer is ON: inactive players will automatically lose when time's up. (requested by bandai home)\n|j| p74\n|\n|t:|1776220743\n|teamsize|p1|3\n|teamsize|p2|3\n|start\n|switch|p1a: Arcanine|Arcanine-Hisui, L50, M|100/100\n|switch|p2a: Rotom|Rotom-Wash, L50|100/100\n|turn|1\n|\n|t:|1776220751\n|move|p1a: Arcanine|Head Smash|p2a: Rotom\n|-damage|p2a: Rotom|43/100\n|-enditem|p2a: Rotom|Sitrus Berry|[eat]\n|-heal|p2a: Rotom|67/100|[from] item: Sitrus Berry\n|move|p2a: Rotom|Hydro Pump|p1a: Arcanine\n|-supereffective|p1a: Arcanine|2\n|-damage|p1a: Arcanine|0 fnt\n|faint|p1a: Arcanine\n|\n|upkeep\n|j| 12917usersonline\n|\n|t:|1776220766\n|switch|p1a: Gengar|Gengar, L50, F|100/100\n|turn|2\n|\n|t:|1776220773\n|detailschange|p1a: Gengar|Gengar-Mega, L50, F\n|-mega|p1a: Gengar|Gengar|Gengarite\n|move|p1a: Gengar|Protect|p1a: Gengar\n|-singleturn|p1a: Gengar|Protect\n|move|p2a: Rotom|Thunder Wave|p1a: Gengar\n|-activate|p1a: Gengar|move: Protect\n|\n|upkeep\n|turn|3\n|\n|t:|1776220782\n|move|p1a: Gengar|Shadow Ball|p2a: Rotom\n|-damage|p2a: Rotom|22/100\n|move|p2a: Rotom|Thunder Wave|p1a: Gengar\n|-status|p1a: Gengar|par\n|\n|upkeep\n|turn|4\n|\n|t:|1776220787\n|move|p2a: Rotom|Hydro Pump|p1a: Gengar\n|-damage|p1a: Gengar|55/100 par\n|move|p1a: Gengar|Shadow Ball|p2a: Rotom\n|-damage|p2a: Rotom|0 fnt\n|faint|p2a: Rotom\n|\n|upkeep\n|\n|t:|1776220795\n|switch|p2a: Ditto|Ditto, L50|100/100\n|-transform|p2a: Ditto|p1a: Gengar|[from] ability: Imposter\n|turn|5\n|\n|t:|1776220805\n|switch|p1a: Kingambit|Kingambit, L50, F|100/100\n|-activate|p1a: Kingambit|ability: Supreme Overlord\n|-start|p1a: Kingambit|fallen1|[silent]\n|move|p2a: Ditto|Shadow Ball|p1a: Kingambit\n|-resisted|p1a: Kingambit|1\n|-damage|p1a: Kingambit|79/100\n|\n|upkeep\n|turn|6\n|\n|t:|1776220814\n|switch|p2a: Starmie|Starmie, L50|100/100\n|move|p1a: Kingambit|Swords Dance|p1a: Kingambit\n|-boost|p1a: Kingambit|atk|2\n|\n|upkeep\n|turn|7\n|\n|t:|1776220819\n|detailschange|p2a: Starmie|Starmie-Mega, L50\n|-mega|p2a: Starmie|Starmie|Starminite\n|move|p2a: Starmie|Aqua Jet|p1a: Kingambit\n|-damage|p1a: Kingambit|54/100\n|move|p1a: Kingambit|Kowtow Cleave|p2a: Starmie\n|-supereffective|p2a: Starmie|1\n|-damage|p2a: Starmie|0 fnt\n|faint|p2a: Starmie\n|\n|upkeep\n|\n|t:|1776220825\n|switch|p2a: Ditto|Ditto, L50|100/100\n|-transform|p2a: Ditto|p1a: Kingambit|[from] ability: Imposter\n|-activate|p2a: Ditto|ability: Supreme Overlord\n|-start|p2a: Ditto|fallen2|[silent]\n|turn|8\n|\n|t:|1776220840\n|move|p2a: Ditto|Kowtow Cleave|p1a: Kingambit\n|-resisted|p1a: Kingambit|1\n|-damage|p1a: Kingambit|15/100\n|move|p1a: Kingambit|Kowtow Cleave|p2a: Ditto\n|-resisted|p2a: Ditto|1\n|-damage|p2a: Ditto|56/100\n|\n|upkeep\n|turn|9\n|\n|t:|1776220848\n|move|p1a: Kingambit|Sucker Punch|p2a: Ditto\n|-resisted|p2a: Ditto|1\n|-damage|p2a: Ditto|17/100\n|move|p2a: Ditto|Kowtow Cleave|p1a: Kingambit\n|-resisted|p1a: Kingambit|1\n|-damage|p1a: Kingambit|0 fnt\n|faint|p1a: Kingambit\n|-end|p1a: Kingambit|fallen1|[silent]\n|\n|upkeep\n|\n|t:|1776220853\n|switch|p1a: Gengar|Gengar-Mega, L50, F|55/100 par\n|turn|10\n|\n|t:|1776220856\n|move|p2a: Ditto|Kowtow Cleave|p1a: Gengar\n|-supereffective|p1a: Gengar|1\n|-damage|p1a: Gengar|0 fnt\n|faint|p1a: Gengar\n|\n|win|mia corvere\n|raw|bandai home's rating: 1316 &rarr; <strong>1299</strong><br />(-17 for losing)\n|raw|mia corvere's rating: 1366 &rarr; <strong>1383</strong><br />(+17 for winning)\n|l|\u2606bandai home\n|player|p1|\n|l|\u2606mia corvere\n|player|p2|\n",
  "uploadtime": 1776220886,
  "views": 1,
  "formatid": "gen9championsbssregma",
  "rating": 1299,
  "private": 0,
  "password": null
}