{
  "id": "gen9championsbssregma-2581236778",
  "format": "[Gen 9 Champions] BSS Reg M-A",
  "players": [
    "hayato_pika",
    "phifth"
  ],
  "log": "|j|\u2606hayato_pika\n|j|\u2606phifth\n|t:|1775974490\n|gametype|singles\n|player|p1|hayato_pika|riley|1164\n|player|p2|phifth|rosa|1099\n|gen|9\n|tier|[Gen 9 Champions] BSS Reg M-A\n|rated|\n|rule|Species Clause: Limit one of each Pok\u00e9mon\n|rule|Item Clause: Limit 1 of each item\n|clearpoke\n|poke|p1|Banette, L50, M|\n|poke|p1|Kingambit, L50, M|\n|poke|p1|Archaludon, L50, M|\n|poke|p1|Hawlucha, L50, M|\n|poke|p1|Gengar, L50, M|\n|poke|p1|Avalugg, L50, M|\n|poke|p2|Gliscor, L50, M|\n|poke|p2|Tyranitar, L50, M|\n|poke|p2|Meganium, L50, F|\n|poke|p2|Archaludon, L50, M|\n|poke|p2|Excadrill, L50, F|\n|poke|p2|Sableye, L50, M|\n|teampreview|3\n|inactive|Battle timer is ON: inactive players will automatically lose when time's up. (requested by hayato_pika)\n|inactive|phifth has 60 seconds left.\n|\n|t:|1775974541\n|teamsize|p1|3\n|teamsize|p2|3\n|start\n|switch|p1a: Hawlucha|Hawlucha, L50, M, shiny|100/100\n|switch|p2a: Meganium|Meganium, L50, F|100/100\n|turn|1\n|inactive|phifth has 30 seconds left.\n|\n|t:|1775974567\n|detailschange|p2a: Meganium|Meganium-Mega, L50, F\n|-mega|p2a: Meganium|Meganium|Meganiumite\n|move|p1a: Hawlucha|Mean Look|p2a: Meganium\n|-activate|p2a: Meganium|trapped\n|move|p2a: Meganium|Weather Ball|p1a: Hawlucha\n|-damage|p1a: Hawlucha|0 fnt\n|faint|p1a: Hawlucha\n|\n|upkeep\n|\n|t:|1775974571\n|switch|p1a: Banette|Banette, L50, M, shiny|100/100\n|-item|p2a: Meganium|Meganiumite|[from] ability: Frisk|[of] p1a: Banette\n|turn|2\n|c|\u2606phifth|ok\n|\n|t:|1775974581\n|detailschange|p1a: Banette|Banette-Mega, L50, M, shiny\n|-mega|p1a: Banette|Banette|Banettite\n|move|p1a: Banette|Gunk Shot|p2a: Meganium\n|-supereffective|p2a: Meganium|2\n|-damage|p2a: Meganium|0 fnt\n|faint|p2a: Meganium\n|\n|upkeep\n|\n|t:|1775974589\n|switch|p2a: Tyranitar|Tyranitar, L50, M|100/100\n|-weather|Sandstorm|[from] ability: Sand Stream|[of] p2a: Tyranitar\n|turn|3\n|\n|t:|1775974596\n|move|p1a: Banette|Destiny Bond|p1a: Banette\n|-singlemove|p1a: Banette|Destiny Bond\n|move|p2a: Tyranitar|Crunch|p1a: Banette\n|-supereffective|p1a: Banette|1\n|-damage|p1a: Banette|13/100\n|\n|-weather|Sandstorm|[upkeep]\n|-damage|p1a: Banette|7/100|[from] Sandstorm\n|upkeep\n|turn|4\n|\n|t:|1775974621\n|move|p1a: Banette|Poltergeist|p2a: Tyranitar\n|-activate|p2a: Tyranitar|move: Poltergeist|Sitrus Berry\n|-resisted|p2a: Tyranitar|1\n|-damage|p2a: Tyranitar|71/100\n|move|p2a: Tyranitar|Sand Tomb|p1a: Banette\n|-damage|p1a: Banette|0 fnt\n|faint|p1a: Banette\n|\n|-weather|Sandstorm|[upkeep]\n|upkeep\n|\n|t:|1775974625\n|switch|p1a: Archaludon|Archaludon, L50, M, shiny|100/100\n|turn|5\n|\n|t:|1775974636\n|move|p1a: Archaludon|Flash Cannon|p2a: Tyranitar\n|-supereffective|p2a: Tyranitar|1\n|-damage|p2a: Tyranitar|35/100\n|-enditem|p2a: Tyranitar|Sitrus Berry|[eat]\n|-heal|p2a: Tyranitar|59/100|[from] item: Sitrus Berry\n|move|p2a: Tyranitar|Sand Tomb|p1a: Archaludon\n|-supereffective|p1a: Archaludon|1\n|-crit|p1a: Archaludon\n|-damage|p1a: Archaludon|76/100\n|-activate|p1a: Archaludon|move: Sand Tomb|[of] p2a: Tyranitar\n|\n|-weather|Sandstorm|[upkeep]\n|-damage|p1a: Archaludon|64/100|[from] move: Sand Tomb|[partiallytrapped]\n|upkeep\n|turn|6\n|c|\u2606phifth|CHUNKY TTAR!\n|inactive|phifth has 30 seconds left.\n|inactive|phifth has 20 seconds left.\n|\n|t:|1775974675\n|move|p1a: Archaludon|Flash Cannon|p2a: Tyranitar\n|-supereffective|p2a: Tyranitar|1\n|-damage|p2a: Tyranitar|22/100\n|move|p2a: Tyranitar|Thunder|p1a: Archaludon|[miss]\n|-miss|p2a: Tyranitar|p1a: Archaludon\n|\n|-weather|Sandstorm|[upkeep]\n|-damage|p1a: Archaludon|52/100|[from] move: Sand Tomb|[partiallytrapped]\n|upkeep\n|turn|7\n|-activate|p1a: Archaludon|item: Quick Claw\n|\n|t:|1775974683\n|move|p1a: Archaludon|Flash Cannon|p2a: Tyranitar\n|-supereffective|p2a: Tyranitar|1\n|-damage|p2a: Tyranitar|0 fnt\n|faint|p2a: Tyranitar\n|\n|-weather|none\n|-end|p1a: Archaludon|Sand Tomb|[partiallytrapped]|[silent]\n|upkeep\n|\n|t:|1775974690\n|switch|p2a: Excadrill|Excadrill, L50, F|100/100\n|turn|8\n|\n|t:|1775974697\n|move|p2a: Excadrill|Earthquake|p1a: Archaludon\n|-supereffective|p1a: Archaludon|1\n|-damage|p1a: Archaludon|0 fnt\n|faint|p1a: Archaludon\n|\n|win|phifth\n|raw|hayato_pika's rating: 1164 &rarr; <strong>1134</strong><br />(-30 for losing)\n|raw|phifth's rating: 1099 &rarr; <strong>1129</strong><br />(+30 for winning)\n",
  "uploadtime": 1775974702,
  "views": 24,
  "formatid": "gen9championsbssregma",
  "rating": 1129,
  "private": 0,
  "password": null
}