{
  "id": "gen9championsbssregma-2584930126",
  "format": "[Gen 9 Champions] BSS Reg M-A",
  "players": [
    "PokegirlMaroon",
    "moggyoh"
  ],
  "log": "|j|\u2606PokegirlMaroon\n|j|\u2606moggyoh\n|t:|1776295526\n|gametype|singles\n|player|p1|PokegirlMaroon|psychicf-gen4|1174\n|player|p2|moggyoh|ethan|1213\n|gen|9\n|tier|[Gen 9 Champions] BSS Reg M-A\n|rated|\n|rule|Species Clause: Limit one of each Pok\u00e9mon\n|rule|Item Clause: Limit 1 of each item\n|clearpoke\n|poke|p1|Machamp, L50, M|\n|poke|p1|Aggron, L50, F|\n|poke|p1|Hydreigon, L50, F|\n|poke|p1|Hatterene, L50, F|\n|poke|p1|Basculegion, L50, M|\n|poke|p1|Incineroar, L50, M|\n|poke|p2|Delphox, L50, M|\n|poke|p2|Meowscarada, L50, M|\n|poke|p2|Primarina, L50, F|\n|poke|p2|Gengar, L50, F|\n|poke|p2|Garchomp, L50, M|\n|poke|p2|Archaludon, L50, M|\n|teampreview|3\n|\n|t:|1776295564\n|teamsize|p1|3\n|teamsize|p2|3\n|start\n|switch|p1a: Machamp|Machamp, L50, M|100/100\n|switch|p2a: Primarina|Primarina, L50, F, shiny|100/100\n|turn|1\n|\n|t:|1776295574\n|switch|p1a: Hatterene|Hatterene, L50, F|100/100\n|move|p2a: Primarina|Calm Mind|p2a: Primarina\n|-boost|p2a: Primarina|spa|1\n|-boost|p2a: Primarina|spd|1\n|\n|upkeep\n|turn|2\n|\n|t:|1776295583\n|move|p2a: Primarina|Hyper Voice|p1a: Hatterene\n|-damage|p1a: Hatterene|59/100\n|move|p1a: Hatterene|Mystical Fire|p2a: Primarina\n|-resisted|p2a: Primarina|1\n|-damage|p2a: Primarina|95/100\n|-unboost|p2a: Primarina|spa|1\n|\n|upkeep\n|turn|3\n|\n|t:|1776295591\n|move|p2a: Primarina|Calm Mind|p2a: Primarina\n|-boost|p2a: Primarina|spa|1\n|-boost|p2a: Primarina|spd|1\n|move|p1a: Hatterene|Trick Room|p1a: Hatterene\n|-fieldstart|move: Trick Room|[of] p1a: Hatterene\n|\n|upkeep\n|turn|4\n|\n|t:|1776295599\n|move|p1a: Hatterene|Misty Explosion|p2a: Primarina\n|-damage|p2a: Primarina|80/100\n|faint|p1a: Hatterene\n|move|p2a: Primarina|Moonblast|p1: Hatterene|[notarget]\n|-fail|p2a: Primarina\n|\n|upkeep\n|\n|t:|1776295600\n|switch|p1a: Aggron|Aggron, L50, F|100/100\n|turn|5\n|\n|t:|1776295609\n|detailschange|p1a: Aggron|Aggron-Mega, L50, F\n|-mega|p1a: Aggron|Aggron|Aggronite\n|move|p1a: Aggron|Heavy Slam|p2a: Primarina\n|-damage|p2a: Primarina|16/100\n|-enditem|p2a: Primarina|Sitrus Berry|[eat]\n|-heal|p2a: Primarina|41/100|[from] item: Sitrus Berry\n|move|p2a: Primarina|Hyper Voice|p1a: Aggron\n|-damage|p1a: Aggron|56/100\n|\n|upkeep\n|turn|6\n|\n|t:|1776295625\n|move|p1a: Aggron|Iron Defense|p1a: Aggron\n|-boost|p1a: Aggron|def|2\n|move|p2a: Primarina|Draining Kiss|p1a: Aggron\n|-resisted|p1a: Aggron|1\n|-damage|p1a: Aggron|42/100\n|-heal|p2a: Primarina|50/100|[from] drain|[of] p1a: Aggron\n|\n|upkeep\n|turn|7\n|\n|t:|1776295636\n|move|p1a: Aggron|Heavy Slam|p2a: Primarina\n|-damage|p2a: Primarina|0 fnt\n|faint|p2a: Primarina\n|\n|-fieldend|move: Trick Room\n|upkeep\n|\n|t:|1776295642\n|switch|p2a: Garchomp|Garchomp, L50, M, shiny|100/100\n|turn|8\n|\n|t:|1776295646\n|move|p2a: Garchomp|Earthquake|p1a: Aggron\n|-supereffective|p1a: Aggron|1\n|-damage|p1a: Aggron|25/100\n|move|p1a: Aggron|Avalanche|p2a: Garchomp\n|-supereffective|p2a: Garchomp|2\n|-enditem|p2a: Garchomp|Focus Sash\n|-damage|p2a: Garchomp|1/100\n|-damage|p1a: Aggron|12/100|[from] ability: Rough Skin|[of] p2a: Garchomp\n|\n|upkeep\n|turn|9\n|\n|t:|1776295656\n|move|p2a: Garchomp|Earthquake|p1a: Aggron\n|-supereffective|p1a: Aggron|1\n|-damage|p1a: Aggron|0 fnt\n|faint|p1a: Aggron\n|\n|upkeep\n|\n|t:|1776295657\n|switch|p1a: Machamp|Machamp, L50, M|100/100\n|turn|10\n|\n|t:|1776295664\n|move|p1a: Machamp|Bullet Punch|p2a: Garchomp\n|-damage|p2a: Garchomp|0 fnt\n|-damage|p1a: Machamp|88/100|[from] ability: Rough Skin|[of] p2a: Garchomp\n|faint|p2a: Garchomp\n|\n|upkeep\n|\n|t:|1776295670\n|switch|p2a: Gengar|Gengar, L50, F, shiny|100/100\n|turn|11\n|\n|t:|1776295674\n|detailschange|p2a: Gengar|Gengar-Mega, L50, F, shiny\n|-mega|p2a: Gengar|Gengar|Gengarite\n|move|p2a: Gengar|Shadow Ball|p1a: Machamp\n|-damage|p1a: Machamp|40/100\n|move|p1a: Machamp|Knock Off|p2a: Gengar\n|-supereffective|p2a: Gengar|1\n|-damage|p2a: Gengar|23/100\n|\n|upkeep\n|turn|12\n|\n|t:|1776295682\n|move|p1a: Machamp|Bullet Punch|p2a: Gengar\n|-damage|p2a: Gengar|0 fnt\n|faint|p2a: Gengar\n|\n|win|PokegirlMaroon\n|raw|PokegirlMaroon's rating: 1174 &rarr; <strong>1202</strong><br />(+28 for winning)\n|raw|moggyoh's rating: 1213 &rarr; <strong>1185</strong><br />(-28 for losing)\n|l|\u2606moggyoh\n|player|p2|\n",
  "uploadtime": 1776295689,
  "views": 7,
  "formatid": "gen9championsbssregma",
  "rating": 1185,
  "private": 0,
  "password": null
}