{
  "id": "gen9championsbssregma-2587604661",
  "format": "[Gen 9 Champions] BSS Reg M-A",
  "players": [
    "Rotom is my mom",
    "Jayteejay10"
  ],
  "log": "|j|\u2606Rotom is my mom\n|j|\u2606Jayteejay10\n|t:|1776546235\n|gametype|singles\n|player|p1|Rotom is my mom|acetrainer-gen2|1287\n|player|p2|Jayteejay10|officeworkerf-gen9|1341\n|gen|9\n|tier|[Gen 9 Champions] BSS Reg M-A\n|rated|\n|rule|Species Clause: Limit one of each Pok\u00e9mon\n|rule|Item Clause: Limit 1 of each item\n|clearpoke\n|poke|p1|Lopunny, L50, M|\n|poke|p1|Hatterene, L50, F|\n|poke|p1|Aegislash, L50, F|\n|poke|p1|Aggron, L50, M|\n|poke|p1|Kingambit, L50, M|\n|poke|p1|Ditto, L50|\n|poke|p2|Garchomp, L50, F|\n|poke|p2|Charizard, L50, M|\n|poke|p2|Corviknight, L50, M|\n|poke|p2|Kingambit, L50, M|\n|poke|p2|Clefable, L50, M|\n|poke|p2|Meowscarada, L50, M|\n|teampreview|3\n|inactive|Battle timer is ON: inactive players will automatically lose when time's up. (requested by Rotom is my mom)\n|inactive|Jayteejay10 has 60 seconds left.\n|\n|t:|1776546272\n|teamsize|p1|3\n|teamsize|p2|3\n|start\n|switch|p1a: Lopunny|Lopunny, L50, M|100/100\n|switch|p2a: Charizard|Charizard, L50, M|100/100\n|turn|1\n|inactive|Rotom is my mom has 30 seconds left.\n|inactive|Rotom is my mom has 20 seconds left.\n|inactive|Rotom is my mom has 15 seconds left.\n|inactive|Rotom is my mom has 10 seconds left.\n|inactive|Rotom is my mom has 5 seconds left.\n|\n|t:|1776546325\n|detailschange|p1a: Lopunny|Lopunny-Mega, L50, M\n|-mega|p1a: Lopunny|Lopunny|Lopunnite\n|detailschange|p2a: Charizard|Charizard-Mega-Y, L50, M\n|-mega|p2a: Charizard|Charizard|Charizardite Y\n|-weather|SunnyDay|[from] ability: Drought|[of] p2a: Charizard\n|move|p1a: Lopunny|Fake Out|p2a: Charizard\n|-damage|p2a: Charizard|71/100\n|cant|p2a: Charizard|flinch\n|\n|-weather|SunnyDay|[upkeep]\n|upkeep\n|turn|2\n|\n|t:|1776546335\n|switch|p1a: Ditto|Ditto, L50|100/100\n|-transform|p1a: Ditto|p2a: Charizard|[from] ability: Imposter\n|switch|p2a: Garchomp|Garchomp, L50, F|100/100\n|\n|-weather|SunnyDay|[upkeep]\n|upkeep\n|turn|3\n|\n|t:|1776546347\n|move|p1a: Ditto|Weather Ball|p2a: Garchomp\n|-resisted|p2a: Garchomp|1\n|-damage|p2a: Garchomp|59/100\n|move|p2a: Garchomp|Stealth Rock|p1a: Ditto\n|-sidestart|p1: Rotom is my mom|move: Stealth Rock\n|\n|-weather|SunnyDay|[upkeep]\n|upkeep\n|turn|4\n|\n|t:|1776546353\n|move|p1a: Ditto|Weather Ball|p2a: Garchomp\n|-resisted|p2a: Garchomp|1\n|-damage|p2a: Garchomp|19/100\n|-enditem|p2a: Garchomp|Sitrus Berry|[eat]\n|-heal|p2a: Garchomp|44/100|[from] item: Sitrus Berry\n|move|p2a: Garchomp|Rock Tomb|p1a: Ditto\n|-supereffective|p1a: Ditto|2\n|-damage|p1a: Ditto|0 fnt\n|faint|p1a: Ditto\n|\n|-weather|SunnyDay|[upkeep]\n|upkeep\n|\n|t:|1776546360\n|switch|p1a: Lopunny|Lopunny-Mega, L50, M|100/100\n|-damage|p1a: Lopunny|95/100|[from] Stealth Rock\n|turn|5\n|\n|t:|1776546367\n|move|p1a: Lopunny|Cotton Guard|p1a: Lopunny\n|-boost|p1a: Lopunny|def|3\n|move|p2a: Garchomp|Rock Tomb|p1a: Lopunny\n|-resisted|p1a: Lopunny|1\n|-damage|p1a: Lopunny|90/100\n|-unboost|p1a: Lopunny|spe|1\n|\n|-weather|none\n|upkeep\n|turn|6\n|\n|t:|1776546371\n|move|p1a: Lopunny|Baton Pass|p1a: Lopunny\n|\n|t:|1776546372\n|switch|p1a: Hatterene|Hatterene, L50, F|100/100|[from] Baton Pass\n|-damage|p1a: Hatterene|88/100|[from] Stealth Rock\n|move|p2a: Garchomp|Dragon Tail|p1a: Hatterene\n|-immune|p1a: Hatterene\n|\n|-heal|p1a: Hatterene|94/100|[from] item: Leftovers\n|upkeep\n|turn|7\n|\n|t:|1776546376\n|switch|p2a: Clefable|Clefable, L50, M|100/100\n|move|p1a: Hatterene|Calm Mind|p1a: Hatterene\n|-boost|p1a: Hatterene|spa|1\n|-boost|p1a: Hatterene|spd|1\n|\n|-heal|p1a: Hatterene|100/100|[from] item: Leftovers\n|upkeep\n|turn|8\n|\n|t:|1776546384\n|move|p2a: Clefable|Calm Mind|p2a: Clefable\n|-boost|p2a: Clefable|spa|1\n|-boost|p2a: Clefable|spd|1\n|move|p1a: Hatterene|Stored Power|p2a: Clefable\n|-damage|p2a: Clefable|75/100\n|\n|upkeep\n|turn|9\n|\n|t:|1776546391\n|move|p2a: Clefable|Calm Mind|p2a: Clefable\n|-boost|p2a: Clefable|spa|1\n|-boost|p2a: Clefable|spd|1\n|move|p1a: Hatterene|Calm Mind|p1a: Hatterene\n|-boost|p1a: Hatterene|spa|1\n|-boost|p1a: Hatterene|spd|1\n|\n|upkeep\n|turn|10\n|\n|t:|1776546396\n|move|p2a: Clefable|Calm Mind|p2a: Clefable\n|-boost|p2a: Clefable|spa|1\n|-boost|p2a: Clefable|spd|1\n|move|p1a: Hatterene|Calm Mind|p1a: Hatterene\n|-boost|p1a: Hatterene|spa|1\n|-boost|p1a: Hatterene|spd|1\n|\n|upkeep\n|turn|11\n|\n|t:|1776546398\n|move|p2a: Clefable|Calm Mind|p2a: Clefable\n|-boost|p2a: Clefable|spa|1\n|-boost|p2a: Clefable|spd|1\n|move|p1a: Hatterene|Calm Mind|p1a: Hatterene\n|-boost|p1a: Hatterene|spa|1\n|-boost|p1a: Hatterene|spd|1\n|\n|upkeep\n|turn|12\n|\n|t:|1776546401\n|move|p2a: Clefable|Calm Mind|p2a: Clefable\n|-boost|p2a: Clefable|spa|1\n|-boost|p2a: Clefable|spd|1\n|move|p1a: Hatterene|Calm Mind|p1a: Hatterene\n|-boost|p1a: Hatterene|spa|1\n|-boost|p1a: Hatterene|spd|1\n|\n|upkeep\n|turn|13\n|\n|t:|1776546405\n|move|p2a: Clefable|Calm Mind|p2a: Clefable\n|-boost|p2a: Clefable|spa|1\n|-boost|p2a: Clefable|spd|1\n|move|p1a: Hatterene|Calm Mind|p1a: Hatterene\n|-boost|p1a: Hatterene|spa|1\n|-boost|p1a: Hatterene|spd|1\n|\n|upkeep\n|turn|14\n|\n|t:|1776546407\n|move|p2a: Clefable|Moonblast|p1a: Hatterene\n|-damage|p1a: Hatterene|0 fnt\n|faint|p1a: Hatterene\n|\n|upkeep\n|\n|t:|1776546410\n|switch|p1a: Lopunny|Lopunny-Mega, L50, M|90/100\n|-damage|p1a: Lopunny|84/100|[from] Stealth Rock\n|turn|15\n|c|\u2606Jayteejay10|gimmick\n|\n|t:|1776546419\n|move|p1a: Lopunny|Fake Out|p2a: Clefable\n|-damage|p2a: Clefable|51/100\n|cant|p2a: Clefable|flinch\n|\n|upkeep\n|turn|16\n|\n|t:|1776546426\n|move|p1a: Lopunny|Close Combat|p2a: Clefable\n|-resisted|p2a: Clefable|1\n|-damage|p2a: Clefable|15/100\n|-unboost|p1a: Lopunny|def|1\n|-unboost|p1a: Lopunny|spd|1\n|move|p2a: Clefable|Moonblast|p1a: Lopunny\n|-supereffective|p1a: Lopunny|1\n|-damage|p1a: Lopunny|0 fnt\n|faint|p1a: Lopunny\n|\n|win|Jayteejay10\n|raw|Rotom is my mom's rating: 1287 &rarr; <strong>1266</strong><br />(-21 for losing)\n|raw|Jayteejay10's rating: 1341 &rarr; <strong>1358</strong><br />(+17 for winning)\n|c|\u2606Jayteejay10|nice  gimmick\n|l|\u2606Jayteejay10\n|player|p2|\n|l|\u2606Rotom is my mom\n|player|p1|\n|j|\u2606Jayteejay10\n|player|p2|Jayteejay10|officeworkerf-gen9|\n",
  "uploadtime": 1776546878,
  "views": 7,
  "formatid": "gen9championsbssregma",
  "rating": 1266,
  "private": 0,
  "password": null
}