{
  "id": "gen9championsbssregma-2587861236",
  "format": "[Gen 9 Champions] BSS Reg M-A",
  "players": [
    "Nancy Gita",
    "coldrollin"
  ],
  "log": "|j|\u2606Nancy Gita\n|j|\u2606coldrollin\n|t:|1776571717\n|gametype|singles\n|player|p1|Nancy Gita|lance|1086\n|player|p2|coldrollin|bugcatcher-gen4dp|1194\n|gen|9\n|tier|[Gen 9 Champions] BSS Reg M-A\n|rated|\n|rule|Species Clause: Limit one of each Pok\u00e9mon\n|rule|Item Clause: Limit 1 of each item\n|clearpoke\n|poke|p1|Incineroar, L50, F, shiny|\n|poke|p1|Aegislash, L50, F, shiny|\n|poke|p1|Aggron, L50, F, shiny|\n|poke|p1|Milotic, L50, M|\n|poke|p1|Umbreon, L50, M|\n|poke|p1|Meganium, L50, M|\n|poke|p2|Starmie, L50|\n|poke|p2|Chesnaught, L50, F|\n|poke|p2|Garchomp, L50, M|\n|poke|p2|Dragapult, L50, F|\n|poke|p2|Infernape, L50, M|\n|poke|p2|Tinkaton, L50, F|\n|teampreview|3\n|inactive|Battle timer is ON: inactive players will automatically lose when time's up. (requested by coldrollin)\n|\n|t:|1776571730\n|teamsize|p1|3\n|teamsize|p2|3\n|start\n|switch|p1a: Milotic|Milotic, L50, M|100/100\n|switch|p2a: Chesnaught|Chesnaught, L50, F|100/100\n|turn|1\n|\n|t:|1776571739\n|move|p1a: Milotic|Ice Beam|p2a: Chesnaught\n|-supereffective|p2a: Chesnaught|1\n|-damage|p2a: Chesnaught|47/100\n|-enditem|p2a: Chesnaught|Sitrus Berry|[eat]\n|-heal|p2a: Chesnaught|72/100|[from] item: Sitrus Berry\n|move|p2a: Chesnaught|Belly Drum|p2a: Chesnaught\n|-damage|p2a: Chesnaught|22/100\n|-setboost|p2a: Chesnaught|atk|6|[from] move: Belly Drum\n|\n|upkeep\n|turn|2\n|\n|t:|1776571757\n|move|p1a: Milotic|Ice Beam|p2a: Chesnaught\n|-supereffective|p2a: Chesnaught|1\n|-damage|p2a: Chesnaught|0 fnt\n|faint|p2a: Chesnaught\n|\n|upkeep\n|\n|t:|1776571759\n|switch|p2a: Starmie|Starmie, L50|100/100\n|turn|3\n|\n|t:|1776571772\n|detailschange|p2a: Starmie|Starmie-Mega, L50\n|-mega|p2a: Starmie|Starmie|Starminite\n|move|p2a: Starmie|Thunderbolt|p1a: Milotic\n|-supereffective|p1a: Milotic|1\n|-damage|p1a: Milotic|60/100\n|move|p1a: Milotic|Scald|p2a: Starmie\n|-resisted|p2a: Starmie|1\n|-damage|p2a: Starmie|83/100\n|\n|-heal|p1a: Milotic|67/100|[from] item: Leftovers\n|upkeep\n|turn|4\n|\n|t:|1776571783\n|move|p2a: Starmie|Psychic|p1a: Milotic\n|-damage|p1a: Milotic|33/100\n|move|p1a: Milotic|Scald|p2a: Starmie\n|-resisted|p2a: Starmie|1\n|-damage|p2a: Starmie|65/100\n|-status|p2a: Starmie|brn\n|\n|-heal|p1a: Milotic|39/100|[from] item: Leftovers\n|-damage|p2a: Starmie|59/100 brn|[from] brn\n|upkeep\n|turn|5\n|\n|t:|1776571794\n|move|p2a: Starmie|Psychic|p1a: Milotic\n|-damage|p1a: Milotic|4/100\n|move|p1a: Milotic|Scald|p2a: Starmie\n|-resisted|p2a: Starmie|1\n|-damage|p2a: Starmie|39/100 brn\n|\n|-heal|p1a: Milotic|10/100|[from] item: Leftovers\n|-damage|p2a: Starmie|33/100 brn|[from] brn\n|upkeep\n|turn|6\n|\n|t:|1776571804\n|move|p2a: Starmie|Thunderbolt|p1a: Milotic\n|-supereffective|p1a: Milotic|1\n|-damage|p1a: Milotic|0 fnt\n|faint|p1a: Milotic\n|\n|-damage|p2a: Starmie|27/100 brn|[from] brn\n|upkeep\n|\n|t:|1776571811\n|switch|p1a: Umbreon|Umbreon, L50, M|100/100\n|turn|7\n|\n|t:|1776571816\n|switch|p2a: Infernape|Infernape, L50, M|100/100\n|move|p1a: Umbreon|Foul Play|p2a: Infernape\n|-resisted|p2a: Infernape|1\n|-crit|p2a: Infernape\n|-damage|p2a: Infernape|69/100\n|\n|upkeep\n|turn|8\n|\n|t:|1776571828\n|move|p1a: Umbreon|Protect|p1a: Umbreon\n|-singleturn|p1a: Umbreon|Protect\n|move|p2a: Infernape|Focus Blast|p1a: Umbreon\n|-activate|p1a: Umbreon|move: Protect\n|\n|upkeep\n|turn|9\n|\n|t:|1776571838\n|move|p2a: Infernape|Scorching Sands|p1a: Umbreon\n|-damage|p1a: Umbreon|85/100\n|move|p1a: Umbreon|Thunder Wave|p2a: Infernape\n|-status|p2a: Infernape|par\n|\n|upkeep\n|turn|10\n|\n|t:|1776571845\n|move|p1a: Umbreon|Foul Play|p2a: Infernape\n|-resisted|p2a: Infernape|1\n|-damage|p2a: Infernape|47/100 par\n|move|p2a: Infernape|Focus Blast|p1a: Umbreon\n|-supereffective|p1a: Umbreon|1\n|-damage|p1a: Umbreon|0 fnt\n|faint|p1a: Umbreon\n|\n|upkeep\n|\n|t:|1776571854\n|switch|p1a: Meganium|Meganium, L50, M|100/100\n|turn|11\n|\n|t:|1776571859\n|detailschange|p1a: Meganium|Meganium-Mega, L50, M\n|-mega|p1a: Meganium|Meganium|Meganiumite\n|move|p1a: Meganium|Protect|p1a: Meganium\n|-singleturn|p1a: Meganium|Protect\n|move|p2a: Infernape|Flamethrower|p1a: Meganium\n|-activate|p1a: Meganium|move: Protect\n|\n|upkeep\n|turn|12\n|\n|t:|1776571873\n|move|p1a: Meganium|Dazzling Gleam|p2a: Infernape\n|-damage|p2a: Infernape|0 fnt\n|faint|p2a: Infernape\n|\n|upkeep\n|\n|t:|1776571875\n|switch|p2a: Starmie|Starmie-Mega, L50|27/100 brn\n|turn|13\n|-message|coldrollin forfeited.\n|\n|win|Nancy Gita\n|raw|Nancy Gita's rating: 1086 &rarr; <strong>1121</strong><br />(+35 for winning)\n|raw|coldrollin's rating: 1194 &rarr; <strong>1161</strong><br />(-33 for losing)\n|l|\u2606coldrollin\n|player|p2|\n",
  "uploadtime": 1776571882,
  "views": 5,
  "formatid": "gen9championsbssregma",
  "rating": 1121,
  "private": 0,
  "password": null
}