{
  "id": "gen9championsbssregma-2583306773",
  "format": "[Gen 9 Champions] BSS Reg M-A",
  "players": [
    "baesy0207",
    "misakamikoto 9982"
  ],
  "log": "|j|\u2606baesy0207\n|j|\u2606misakamikoto 9982\n|t:|1776165321\n|gametype|singles\n|player|p1|baesy0207|102|1259\n|player|p2|misakamikoto 9982|dawn|1291\n|gen|9\n|tier|[Gen 9 Champions] BSS Reg M-A\n|rated|\n|rule|Species Clause: Limit one of each Pok\u00e9mon\n|rule|Item Clause: Limit 1 of each item\n|clearpoke\n|poke|p1|Crabominable, L50, F|\n|poke|p1|Hatterene, L50, F|\n|poke|p1|Camerupt, L50, F|\n|poke|p1|Mimikyu, L50, M|\n|poke|p1|Basculegion, L50, M|\n|poke|p1|Kingambit, L50, M|\n|poke|p2|Pelipper, L50, F|\n|poke|p2|Garchomp, L50, M|\n|poke|p2|Basculegion, L50, M|\n|poke|p2|Meganium, L50, F|\n|poke|p2|Sneasler, L50, M|\n|poke|p2|Skeledirge, L50, F|\n|teampreview|3\n|inactive|Battle timer is ON: inactive players will automatically lose when time's up. (requested by misakamikoto 9982)\n|inactive|baesy0207 also wants the timer to be on.\n|inactive|misakamikoto 9982 has 60 seconds left.\n|inactive|baesy0207 has 60 seconds left.\n|inactive|misakamikoto 9982 has 30 seconds left.\n|inactive|misakamikoto 9982 has 20 seconds left.\n|inactive|misakamikoto 9982 has 15 seconds left.\n|inactive|misakamikoto 9982 has 10 seconds left.\n|\n|t:|1776165406\n|teamsize|p1|3\n|teamsize|p2|3\n|start\n|switch|p1a: Hatterene|Hatterene, L50, F|100/100\n|switch|p2a: Meganium|Meganium, L50, F, shiny|100/100\n|turn|1\n|\n|t:|1776165411\n|detailschange|p2a: Meganium|Meganium-Mega, L50, F, shiny\n|-mega|p2a: Meganium|Meganium|Meganiumite\n|move|p2a: Meganium|Solar Beam||[still]\n|-prepare|p2a: Meganium|Solar Beam\n|-activate|p2a: Meganium|ability: Mega Sol\n|-anim|p2a: Meganium|Solar Beam|p1a: Hatterene\n|-damage|p1a: Hatterene|25/100\n|move|p1a: Hatterene|Trick Room|p1a: Hatterene\n|-fieldstart|move: Trick Room|[of] p1a: Hatterene\n|\n|upkeep\n|turn|2\n|\n|t:|1776165415\n|move|p1a: Hatterene|Misty Explosion|p2a: Meganium\n|-damage|p2a: Meganium|34/100\n|faint|p1a: Hatterene\n|move|p2a: Meganium|Solar Beam||[still]\n|-prepare|p2a: Meganium|Solar Beam\n|-activate|p2a: Meganium|ability: Mega Sol\n|-anim|p2a: Meganium|Solar Beam|p1: Hatterene|[notarget]\n|-fail|p2a: Meganium\n|\n|upkeep\n|j| p74\n|\n|t:|1776165423\n|switch|p1a: Crabominable|Crabominable, L50, F|100/100\n|turn|3\n|l| p74\n|\n|t:|1776165448\n|switch|p2a: Pelipper|Pelipper, L50, F|100/100\n|-weather|RainDance|[from] ability: Drizzle|[of] p2a: Pelipper\n|detailschange|p1a: Crabominable|Crabominable-Mega, L50, F\n|-mega|p1a: Crabominable|Crabominable|Crabominite\n|move|p1a: Crabominable|Ice Hammer|p2a: Pelipper\n|-damage|p2a: Pelipper|37/100\n|-unboost|p1a: Crabominable|spe|1\n|-enditem|p2a: Pelipper|Sitrus Berry|[eat]\n|-heal|p2a: Pelipper|62/100|[from] item: Sitrus Berry\n|\n|-weather|RainDance|[upkeep]\n|upkeep\n|turn|4\n|\n|t:|1776165451\n|move|p1a: Crabominable|Thunder Punch|p2a: Pelipper\n|-supereffective|p2a: Pelipper|2\n|-damage|p2a: Pelipper|0 fnt\n|faint|p2a: Pelipper\n|\n|-weather|RainDance|[upkeep]\n|upkeep\n|\n|t:|1776165457\n|switch|p2a: Skeledirge|Skeledirge, L50, F|100/100\n|turn|5\n|\n|t:|1776165463\n|move|p1a: Crabominable|Ice Hammer|p2a: Skeledirge\n|-resisted|p2a: Skeledirge|1\n|-damage|p2a: Skeledirge|66/100\n|-unboost|p1a: Crabominable|spe|1\n|move|p2a: Skeledirge|Will-O-Wisp|p1a: Crabominable\n|-status|p1a: Crabominable|brn\n|\n|-weather|RainDance|[upkeep]\n|-heal|p2a: Skeledirge|73/100|[from] item: Leftovers\n|-damage|p1a: Crabominable|95/100 brn|[from] brn\n|-fieldend|move: Trick Room\n|upkeep\n|turn|6\n|\n|t:|1776165484\n|move|p2a: Skeledirge|Flame Charge|p1a: Crabominable\n|-supereffective|p1a: Crabominable|1\n|-damage|p1a: Crabominable|86/100 brn\n|-boost|p2a: Skeledirge|spe|1\n|move|p1a: Crabominable|Ice Hammer|p2a: Skeledirge\n|-resisted|p2a: Skeledirge|1\n|-damage|p2a: Skeledirge|55/100\n|-unboost|p1a: Crabominable|spe|1\n|\n|-weather|RainDance|[upkeep]\n|-heal|p2a: Skeledirge|62/100|[from] item: Leftovers\n|-damage|p1a: Crabominable|80/100 brn|[from] brn\n|upkeep\n|turn|7\n|\n|t:|1776165491\n|switch|p1a: Basculegion|Basculegion, L50, M|100/100\n|-ability|p1a: Basculegion|Mold Breaker\n|move|p2a: Skeledirge|Torch Song|p1a: Basculegion\n|-resisted|p1a: Basculegion|1\n|-damage|p1a: Basculegion|93/100\n|-boost|p2a: Skeledirge|spa|1\n|\n|-weather|none\n|-heal|p2a: Skeledirge|68/100|[from] item: Leftovers\n|upkeep\n|turn|8\n|j| p74\n|inactive|misakamikoto 9982 has 30 seconds left.\n|\n|t:|1776165517\n|move|p1a: Basculegion|Last Respects|p2a: Skeledirge\n|-supereffective|p2a: Skeledirge|1\n|-damage|p2a: Skeledirge|0 fnt\n|faint|p2a: Skeledirge\n|\n|upkeep\n|\n|t:|1776165519\n|switch|p2a: Meganium|Meganium-Mega, L50, F, shiny|34/100\n|turn|9\n|\n|t:|1776165520\n|move|p1a: Basculegion|Last Respects|p2a: Meganium\n|-damage|p2a: Meganium|0 fnt\n|faint|p2a: Meganium\n|\n|win|baesy0207\n|raw|baesy0207's rating: 1259 &rarr; <strong>1286</strong><br />(+27 for winning)\n|raw|misakamikoto 9982's rating: 1291 &rarr; <strong>1264</strong><br />(-27 for losing)\n|l|\u2606misakamikoto 9982\n|player|p2|\n|j| Sanderconda\n",
  "uploadtime": 1776165534,
  "views": 2,
  "formatid": "gen9championsbssregma",
  "rating": 1264,
  "private": 0,
  "password": null
}