{
  "id": "gen9championsbssregma-2587551720",
  "format": "[Gen 9 Champions] BSS Reg M-A",
  "players": [
    "eneochi",
    "joguri"
  ],
  "log": "|j|\u2606eneochi\n|j|\u2606joguri\n|t:|1776541587\n|gametype|singles\n|player|p1|eneochi|102|1182\n|player|p2|joguri|dawn|1289\n|gen|9\n|tier|[Gen 9 Champions] BSS Reg M-A\n|rated|\n|rule|Species Clause: Limit one of each Pok\u00e9mon\n|rule|Item Clause: Limit 1 of each item\n|clearpoke\n|poke|p1|Hippowdon, L50, F, shiny|\n|poke|p1|Garchomp, L50, M, shiny|\n|poke|p1|Ninetales-Alola, L50, M, shiny|\n|poke|p1|Volcarona, L50, M, shiny|\n|poke|p1|Empoleon, L50, F, shiny|\n|poke|p1|Scizor, L50, M, shiny|\n|poke|p2|Clefable, L50, M|\n|poke|p2|Garchomp, L50, F|\n|poke|p2|Glimmora, L50, M|\n|poke|p2|Lopunny, L50, F|\n|poke|p2|Primarina, L50, F|\n|poke|p2|Espathra, L50, F|\n|teampreview|3\n|inactive|Battle timer is ON: inactive players will automatically lose when time's up. (requested by joguri)\n|\n|t:|1776541630\n|teamsize|p1|3\n|teamsize|p2|3\n|start\n|switch|p1a: Ninetales|Ninetales-Alola, L50, M, shiny|100/100\n|switch|p2a: Lopunny|Lopunny, L50, F|100/100\n|-weather|Snowscape|[from] ability: Snow Warning|[of] p1a: Ninetales\n|turn|1\n|\n|t:|1776541642\n|move|p1a: Ninetales|Aurora Veil|p1a: Ninetales\n|-sidestart|p1: eneochi|move: Aurora Veil\n|move|p2a: Lopunny|Cotton Guard|p2a: Lopunny\n|-boost|p2a: Lopunny|def|3\n|\n|-weather|Snowscape|[upkeep]\n|upkeep\n|turn|2\n|\n|t:|1776541652\n|move|p1a: Ninetales|Encore|p2a: Lopunny\n|-start|p2a: Lopunny|Encore\n|-enditem|p2a: Lopunny|Mental Herb\n|-end|p2a: Lopunny|Encore\n|move|p2a: Lopunny|Agility|p2a: Lopunny\n|-boost|p2a: Lopunny|spe|2\n|\n|-weather|Snowscape|[upkeep]\n|upkeep\n|turn|3\n|\n|t:|1776541662\n|move|p2a: Lopunny|Baton Pass|p2a: Lopunny\n|\n|t:|1776541665\n|switch|p2a: Espathra|Espathra, L50, F|100/100|[from] Baton Pass\n|move|p1a: Ninetales|Freeze-Dry|p2a: Espathra\n|-damage|p2a: Espathra|76/100\n|\n|-weather|Snowscape|[upkeep]\n|-heal|p2a: Espathra|82/100|[from] item: Leftovers\n|upkeep\n|turn|4\n|\n|t:|1776541678\n|move|p2a: Espathra|Calm Mind|p2a: Espathra\n|-boost|p2a: Espathra|spa|1\n|-boost|p2a: Espathra|spd|1\n|move|p1a: Ninetales|Encore|p2a: Espathra\n|-start|p2a: Espathra|Encore\n|\n|-weather|Snowscape|[upkeep]\n|-heal|p2a: Espathra|88/100|[from] item: Leftovers\n|-ability|p2a: Espathra|Speed Boost|boost\n|-boost|p2a: Espathra|spe|1\n|upkeep\n|turn|5\n|\n|t:|1776541689\n|switch|p1a: Scizor|Scizor, L50, M, shiny|100/100\n|move|p2a: Espathra|Calm Mind|p2a: Espathra\n|-boost|p2a: Espathra|spa|1\n|-boost|p2a: Espathra|spd|1\n|\n|-weather|none\n|-heal|p2a: Espathra|94/100|[from] item: Leftovers\n|-sideend|p1: eneochi|move: Aurora Veil\n|-ability|p2a: Espathra|Speed Boost|boost\n|-boost|p2a: Espathra|spe|1\n|upkeep\n|turn|6\n|\n|t:|1776541708\n|detailschange|p1a: Scizor|Scizor-Mega, L50, M, shiny\n|-mega|p1a: Scizor|Scizor|Scizorite\n|move|p1a: Scizor|Bullet Punch|p2a: Espathra\n|-damage|p2a: Espathra|74/100\n|move|p2a: Espathra|Calm Mind|p2a: Espathra\n|-boost|p2a: Espathra|spa|1\n|-boost|p2a: Espathra|spd|1\n|\n|-heal|p2a: Espathra|80/100|[from] item: Leftovers\n|-ability|p2a: Espathra|Speed Boost|boost\n|-boost|p2a: Espathra|spe|1\n|upkeep\n|turn|7\n|\n|t:|1776541720\n|move|p2a: Espathra|Calm Mind|p2a: Espathra\n|-boost|p2a: Espathra|spa|1\n|-boost|p2a: Espathra|spd|1\n|move|p1a: Scizor|U-turn|p2a: Espathra\n|-supereffective|p2a: Espathra|1\n|-damage|p2a: Espathra|33/100\n|\n|t:|1776541729\n|switch|p1a: Ninetales|Ninetales-Alola, L50, M, shiny|100/100|[from] U-turn\n|-weather|Snowscape|[from] ability: Snow Warning|[of] p1a: Ninetales\n|\n|-weather|Snowscape|[upkeep]\n|-heal|p2a: Espathra|39/100|[from] item: Leftovers\n|-end|p2a: Espathra|Encore\n|-ability|p2a: Espathra|Speed Boost|boost\n|-boost|p2a: Espathra|spe|1\n|upkeep\n|turn|8\n|\n|t:|1776541739\n|move|p2a: Espathra|Baton Pass|p2a: Espathra\n|\n|t:|1776541741\n|switch|p2a: Clefable|Clefable, L50, M|100/100|[from] Baton Pass\n|move|p1a: Ninetales|Aurora Veil|p1a: Ninetales\n|-sidestart|p1: eneochi|move: Aurora Veil\n|\n|-weather|Snowscape|[upkeep]\n|upkeep\n|turn|9\n|\n|t:|1776541756\n|detailschange|p2a: Clefable|Clefable-Mega, L50, M\n|-mega|p2a: Clefable|Clefable|Clefablite\n|move|p2a: Clefable|Calm Mind|p2a: Clefable\n|-boost|p2a: Clefable|spa|1\n|-boost|p2a: Clefable|spd|1\n|move|p1a: Ninetales|Encore|p2a: Clefable\n|move|p2a: Clefable|Encore||[from] ability: Magic Bounce|[still]\n|-fail|p2a: Clefable\n|\n|-weather|Snowscape|[upkeep]\n|upkeep\n|turn|10\n|\n|t:|1776541768\n|switch|p1a: Scizor|Scizor-Mega, L50, M, shiny|100/100\n|move|p2a: Clefable|Calm Mind|p2a: Clefable\n|-boost|p2a: Clefable|spa|1\n|-boost|p2a: Clefable|spd|1\n|\n|-weather|Snowscape|[upkeep]\n|upkeep\n|turn|11\n|\n|t:|1776541784\n|move|p2a: Clefable|Stored Power|p1a: Scizor\n|-resisted|p1a: Scizor|1\n|-damage|p1a: Scizor|0 fnt\n|faint|p1a: Scizor\n|\n|-weather|none\n|upkeep\n|\n|t:|1776541791\n|switch|p1a: Empoleon|Empoleon, L50, F, shiny|100/100\n|turn|12\n|\n|t:|1776541797\n|move|p2a: Clefable|Stored Power|p1a: Empoleon\n|-resisted|p1a: Empoleon|1\n|-damage|p1a: Empoleon|0 fnt\n|faint|p1a: Empoleon\n|\n|-sideend|p1: eneochi|move: Aurora Veil\n|upkeep\n|-message|eneochi forfeited.\n|\n|win|joguri\n|raw|eneochi's rating: 1182 &rarr; <strong>1164</strong><br />(-18 for losing)\n|raw|joguri's rating: 1289 &rarr; <strong>1307</strong><br />(+18 for winning)\n|l|\u2606eneochi\n|player|p1|\n",
  "uploadtime": 1776541804,
  "views": 1,
  "formatid": "gen9championsbssregma",
  "rating": 1164,
  "private": 0,
  "password": null
}