{
  "id": "gen9championsbssregma-2582971690",
  "format": "[Gen 9 Champions] BSS Reg M-A",
  "players": [
    "MiraidonGaming",
    "perdicionn"
  ],
  "log": "|j|\u2606MiraidonGaming\n|j|\u2606perdicionn\n|t:|1776129649\n|gametype|singles\n|player|p1|MiraidonGaming|lucas|1240\n|player|p2|perdicionn|crasherwake|1261\n|gen|9\n|tier|[Gen 9 Champions] BSS Reg M-A\n|rated|\n|rule|Species Clause: Limit one of each Pok\u00e9mon\n|rule|Item Clause: Limit 1 of each item\n|clearpoke\n|poke|p1|Ninetales-Alola, L50, F|\n|poke|p1|Charizard, L50, M|\n|poke|p1|Scizor, L50, M|\n|poke|p1|Sinistcha, L50|\n|poke|p1|Rotom-Wash, L50|\n|poke|p1|Salazzle, L50, F|\n|poke|p2|Aegislash, L50, F|\n|poke|p2|Kingambit, L50, F|\n|poke|p2|Volcarona, L50, M|\n|poke|p2|Gyarados, L50, F|\n|poke|p2|Starmie, L50|\n|poke|p2|Manectric, L50, M|\n|teampreview|3\n|j| p74\n|j| Fersk\n|l| Fersk\n|\n|t:|1776129674\n|teamsize|p1|3\n|teamsize|p2|3\n|start\n|switch|p1a: Put a brick in|Rotom-Wash, L50|100/100\n|switch|p2a: Aegislash|Aegislash, L50, F|100/100\n|turn|1\n|\n|t:|1776129680\n|move|p1a: Put a brick in|Discharge|p2a: Aegislash\n|-damage|p2a: Aegislash|70/100\n|-status|p2a: Aegislash|par\n|-formechange|p2a: Aegislash|Aegislash-Blade|\n|move|p2a: Aegislash|Shadow Ball|p1a: Put a brick in\n|-damage|p1a: Put a brick in|38/100\n|-unboost|p1a: Put a brick in|spd|1\n|\n|-heal|p2a: Aegislash|76/100 par|[from] item: Leftovers\n|upkeep\n|turn|2\n|\n|t:|1776129687\n|switch|p1a: Bruce|Charizard, L50, M|100/100\n|switch|p2a: Manectric|Manectric, L50, M|100/100\n|\n|upkeep\n|turn|3\n|\n|t:|1776129692\n|detailschange|p1a: Bruce|Charizard-Mega-X, L50, M\n|-mega|p1a: Bruce|Charizard|Charizardite X\n|move|p2a: Manectric|Thunderbolt|p1a: Bruce\n|-resisted|p1a: Bruce|1\n|-damage|p1a: Bruce|80/100\n|-status|p1a: Bruce|par\n|move|p1a: Bruce|Dragon Dance|p1a: Bruce\n|-boost|p1a: Bruce|atk|1\n|-boost|p1a: Bruce|spe|1\n|\n|upkeep\n|turn|4\n|\n|t:|1776129695\n|move|p2a: Manectric|Thunderbolt|p1a: Bruce\n|-resisted|p1a: Bruce|1\n|-damage|p1a: Bruce|62/100 par\n|move|p1a: Bruce|Dragon Dance|p1a: Bruce\n|-boost|p1a: Bruce|atk|1\n|-boost|p1a: Bruce|spe|1\n|\n|upkeep\n|turn|5\n|\n|t:|1776129699\n|switch|p2a: Starmie|Starmie, L50|100/100\n|move|p1a: Bruce|Dragon Dance|p1a: Bruce\n|-boost|p1a: Bruce|atk|1\n|-boost|p1a: Bruce|spe|1\n|\n|upkeep\n|turn|6\n|\n|t:|1776129702\n|detailschange|p2a: Starmie|Starmie-Mega, L50\n|-mega|p2a: Starmie|Starmie|Starminite\n|move|p2a: Starmie|Liquidation|p1a: Bruce\n|-damage|p1a: Bruce|0 fnt\n|faint|p1a: Bruce\n|\n|upkeep\n|\n|t:|1776129712\n|switch|p1a: Vanity?|Ninetales-Alola, L50, F|100/100\n|-weather|Snowscape|[from] ability: Snow Warning|[of] p1a: Vanity?\n|turn|7\n|\n|t:|1776129717\n|move|p2a: Starmie|Liquidation|p1a: Vanity?\n|-damage|p1a: Vanity?|27/100\n|move|p1a: Vanity?|Freeze-Dry|p2a: Starmie\n|-supereffective|p2a: Starmie|1\n|-damage|p2a: Starmie|32/100\n|\n|-weather|Snowscape|[upkeep]\n|upkeep\n|turn|8\n|\n|t:|1776129725\n|move|p2a: Starmie|Liquidation|p1a: Vanity?\n|-damage|p1a: Vanity?|0 fnt\n|faint|p1a: Vanity?\n|\n|-weather|Snowscape|[upkeep]\n|upkeep\n|\n|t:|1776129737\n|switch|p1a: Put a brick in|Rotom-Wash, L50|38/100\n|turn|9\n|\n|t:|1776129743\n|move|p1a: Put a brick in|Discharge|p2a: Starmie\n|-supereffective|p2a: Starmie|1\n|-damage|p2a: Starmie|0 fnt\n|faint|p2a: Starmie\n|\n|-weather|Snowscape|[upkeep]\n|upkeep\n|\n|t:|1776129747\n|switch|p2a: Manectric|Manectric, L50, M|100/100\n|turn|10\n|\n|t:|1776129748\n|move|p1a: Put a brick in|Discharge|p2a: Manectric\n|-resisted|p2a: Manectric|1\n|-damage|p2a: Manectric|67/100\n|move|p2a: Manectric|Thunderbolt|p1a: Put a brick in\n|-damage|p1a: Put a brick in|0 fnt\n|faint|p1a: Put a brick in\n|\n|win|perdicionn\n|raw|MiraidonGaming's rating: 1240 &rarr; <strong>1217</strong><br />(-23 for losing)\n|raw|perdicionn's rating: 1261 &rarr; <strong>1284</strong><br />(+23 for winning)\n|l|\u2606perdicionn\n|player|p2|\n|l|\u2606MiraidonGaming\n|player|p1|\n",
  "uploadtime": 1776130248,
  "views": 2,
  "formatid": "gen9championsbssregma",
  "rating": 1217,
  "private": 0,
  "password": null
}