{
  "id": "gen9championsbssregma-2584242589",
  "format": "[Gen 9 Champions] BSS Reg M-A",
  "players": [
    "fletchyfletchy",
    "PuReLJ"
  ],
  "log": "|j|\u2606fletchyfletchy\n|j|\u2606PuReLJ\n|t:|1776242350\n|gametype|singles\n|player|p1|fletchyfletchy|liko|1028\n|player|p2|PuReLJ|dancer|1088\n|gen|9\n|tier|[Gen 9 Champions] BSS Reg M-A\n|rated|\n|rule|Species Clause: Limit one of each Pok\u00e9mon\n|rule|Item Clause: Limit 1 of each item\n|clearpoke\n|poke|p1|Lopunny, L50, F|\n|poke|p1|Basculegion, L50, M|\n|poke|p1|Meowscarada, L50, M|\n|poke|p1|Aegislash, L50, M|\n|poke|p1|Charizard, L50, F|\n|poke|p1|Ninetales-Alola, L50, F|\n|poke|p2|Gengar, L50, M|\n|poke|p2|Umbreon, L50, F|\n|poke|p2|Corviknight, L50, F|\n|poke|p2|Samurott-Hisui, L50, M|\n|poke|p2|Toxapex, L50, M|\n|poke|p2|Hippowdon, L50, M|\n|teampreview|3\n|\n|t:|1776242395\n|teamsize|p1|3\n|teamsize|p2|3\n|start\n|switch|p1a: Lopunny|Lopunny, L50, F|100/100\n|switch|p2a: Samurott|Samurott-Hisui, L50, M|100/100\n|turn|1\n|\n|t:|1776242415\n|detailschange|p1a: Lopunny|Lopunny-Mega, L50, F\n|-mega|p1a: Lopunny|Lopunny|Lopunnite\n|move|p2a: Samurott|Flip Turn|p1a: Lopunny\n|-crit|p1a: Lopunny\n|-damage|p1a: Lopunny|45/100\n|\n|t:|1776242419\n|switch|p2a: Gengar|Gengar, L50, M|100/100|[from] Flip Turn\n|move|p1a: Lopunny|Close Combat|p2a: Gengar\n|-resisted|p2a: Gengar|1\n|-crit|p2a: Gengar\n|-damage|p2a: Gengar|27/100\n|-unboost|p1a: Lopunny|def|1\n|-unboost|p1a: Lopunny|spd|1\n|\n|upkeep\n|turn|2\n|\n|t:|1776242430\n|detailschange|p2a: Gengar|Gengar-Mega, L50, M\n|-mega|p2a: Gengar|Gengar|Gengarite\n|move|p2a: Gengar|Protect|p2a: Gengar\n|-singleturn|p2a: Gengar|Protect\n|move|p1a: Lopunny|Triple Axel|p2a: Gengar\n|-activate|p2a: Gengar|move: Protect\n|\n|upkeep\n|turn|3\n|\n|t:|1776242442\n|switch|p2a: Samurott|Samurott-Hisui, L50, M|100/100\n|move|p1a: Lopunny|Close Combat|p2a: Samurott\n|-supereffective|p2a: Samurott|1\n|-damage|p2a: Samurott|0 fnt\n|-unboost|p1a: Lopunny|def|1\n|-unboost|p1a: Lopunny|spd|1\n|faint|p2a: Samurott\n|\n|upkeep\n|\n|t:|1776242446\n|switch|p2a: Gengar|Gengar-Mega, L50, M|27/100\n|turn|4\n|\n|t:|1776242455\n|move|p1a: Lopunny|Triple Axel|p2a: Gengar\n|-damage|p2a: Gengar|17/100\n|-damage|p2a: Gengar|0 fnt\n|faint|p2a: Gengar\n|-hitcount|p2: Gengar|2\n|\n|upkeep\n|\n|t:|1776242457\n|switch|p2a: Umbreon|Umbreon, L50, F|100/100\n|turn|5\n|\n|t:|1776242462\n|move|p1a: Lopunny|Close Combat|p2a: Umbreon\n|-supereffective|p2a: Umbreon|1\n|-damage|p2a: Umbreon|28/100\n|-unboost|p1a: Lopunny|def|1\n|-unboost|p1a: Lopunny|spd|1\n|move|p2a: Umbreon|Foul Play|p1a: Lopunny\n|-resisted|p1a: Lopunny|1\n|-damage|p1a: Lopunny|0 fnt\n|faint|p1a: Lopunny\n|\n|-heal|p2a: Umbreon|34/100|[from] item: Leftovers\n|upkeep\n|\n|t:|1776242472\n|switch|p1a: Ninetales|Ninetales-Alola, L50, F|100/100\n|-weather|Snowscape|[from] ability: Snow Warning|[of] p1a: Ninetales\n|turn|6\n|\n|t:|1776242476\n|move|p2a: Umbreon|Protect|p2a: Umbreon\n|-singleturn|p2a: Umbreon|Protect\n|move|p1a: Ninetales|Moonblast|p2a: Umbreon\n|-activate|p2a: Umbreon|move: Protect\n|\n|-weather|Snowscape|[upkeep]\n|-heal|p2a: Umbreon|40/100|[from] item: Leftovers\n|upkeep\n|turn|7\n|\n|t:|1776242495\n|move|p1a: Ninetales|Moonblast|p2a: Umbreon\n|-supereffective|p2a: Umbreon|1\n|-damage|p2a: Umbreon|0 fnt\n|faint|p2a: Umbreon\n|\n|win|fletchyfletchy\n|raw|fletchyfletchy's rating: 1028 &rarr; <strong>1070</strong><br />(+42 for winning)\n|raw|PuReLJ's rating: 1088 &rarr; <strong>1061</strong><br />(-27 for losing)\n",
  "uploadtime": 1776242496,
  "views": 7,
  "formatid": "gen9championsbssregma",
  "rating": 1061,
  "private": 0,
  "password": null
}