{
  "id": "gen9championsbssregma-2587107846",
  "format": "[Gen 9 Champions] BSS Reg M-A",
  "players": [
    "hoshigumo1101",
    "Mobileishard"
  ],
  "log": "|j|\u2606hoshigumo1101\n|j|\u2606Mobileishard\n|t:|1776494462\n|gametype|singles\n|player|p1|hoshigumo1101|acetrainerf|1338\n|player|p2|Mobileishard|102|1409\n|gen|9\n|tier|[Gen 9 Champions] BSS Reg M-A\n|rated|\n|rule|Species Clause: Limit one of each Pok\u00e9mon\n|rule|Item Clause: Limit 1 of each item\n|clearpoke\n|poke|p1|Kingambit, L50, F|\n|poke|p1|Delphox, L50, M|\n|poke|p1|Hippowdon, L50, F|\n|poke|p1|Lucario, L50, F|\n|poke|p1|Basculegion, L50, M|\n|poke|p1|Mamoswine, L50, F|\n|poke|p2|Volcarona, L50, F|\n|poke|p2|Blastoise, L50, M|\n|poke|p2|Ditto, L50|\n|poke|p2|Reuniclus, L50, F|\n|poke|p2|Dragapult, L50, F|\n|poke|p2|Kleavor, L50, F|\n|teampreview|3\n|inactive|Battle timer is ON: inactive players will automatically lose when time's up. (requested by hoshigumo1101)\n|\n|t:|1776494483\n|teamsize|p1|3\n|teamsize|p2|3\n|start\n|switch|p1a: Hippowdon|Hippowdon, L50, F|100/100\n|switch|p2a: Dragapult|Dragapult, L50, F|100/100\n|-weather|Sandstorm|[from] ability: Sand Stream|[of] p1a: Hippowdon\n|turn|1\n|j| p74\n|\n|t:|1776494493\n|move|p2a: Dragapult|Will-O-Wisp|p1a: Hippowdon\n|-status|p1a: Hippowdon|brn\n|move|p1a: Hippowdon|Stealth Rock|p2a: Dragapult\n|-sidestart|p2: Mobileishard|move: Stealth Rock\n|\n|-weather|Sandstorm|[upkeep]\n|-damage|p2a: Dragapult|94/100|[from] Sandstorm\n|-damage|p1a: Hippowdon|94/100 brn|[from] brn\n|upkeep\n|turn|2\n|\n|t:|1776494499\n|move|p2a: Dragapult|Curse|p1a: Hippowdon\n|-start|p1a: Hippowdon|Curse|[of] p2a: Dragapult\n|-damage|p2a: Dragapult|45/100\n|move|p1a: Hippowdon|Rock Tomb|p2a: Dragapult\n|-damage|p2a: Dragapult|36/100\n|-unboost|p2a: Dragapult|spe|1\n|\n|-weather|Sandstorm|[upkeep]\n|-damage|p2a: Dragapult|30/100|[from] Sandstorm\n|-damage|p1a: Hippowdon|88/100 brn|[from] brn\n|-damage|p1a: Hippowdon|64/100 brn|[from] Curse\n|upkeep\n|turn|3\n|\n|t:|1776494512\n|move|p2a: Dragapult|Reflect|p2a: Dragapult\n|-sidestart|p2: Mobileishard|Reflect\n|move|p1a: Hippowdon|Rock Tomb|p2a: Dragapult\n|-damage|p2a: Dragapult|26/100\n|-unboost|p2a: Dragapult|spe|1\n|\n|-weather|Sandstorm|[upkeep]\n|-damage|p2a: Dragapult|19/100|[from] Sandstorm\n|-damage|p1a: Hippowdon|58/100 brn|[from] brn\n|-damage|p1a: Hippowdon|33/100 brn|[from] Curse\n|upkeep\n|-enditem|p1a: Hippowdon|Sitrus Berry|[eat]\n|-heal|p1a: Hippowdon|58/100 brn|[from] item: Sitrus Berry\n|turn|4\n|\n|t:|1776494518\n|move|p2a: Dragapult|Light Screen|p2a: Dragapult\n|-sidestart|p2: Mobileishard|move: Light Screen\n|move|p1a: Hippowdon|Yawn|p2a: Dragapult\n|-start|p2a: Dragapult|move: Yawn|[of] p1a: Hippowdon\n|\n|-weather|Sandstorm|[upkeep]\n|-damage|p2a: Dragapult|13/100|[from] Sandstorm\n|-damage|p1a: Hippowdon|52/100 brn|[from] brn\n|-damage|p1a: Hippowdon|27/100 brn|[from] Curse\n|upkeep\n|turn|5\n|\n|t:|1776494524\n|move|p2a: Dragapult|Curse||[still]\n|-fail|p2a: Dragapult\n|move|p1a: Hippowdon|Yawn||[still]\n|-fail|p1a: Hippowdon\n|\n|-weather|none\n|-damage|p1a: Hippowdon|21/100 brn|[from] brn\n|-damage|p1a: Hippowdon|0 fnt|[from] Curse\n|faint|p1a: Hippowdon\n|-end|p2a: Dragapult|move: Yawn|[silent]\n|-status|p2a: Dragapult|slp\n|upkeep\n|\n|t:|1776494530\n|switch|p1a: Lucario|Lucario, L50, F|100/100\n|turn|6\n|\n|t:|1776494537\n|switch|p2a: Blastoise|Blastoise, L50, M|100/100\n|-damage|p2a: Blastoise|88/100|[from] Stealth Rock\n|detailschange|p1a: Lucario|Lucario-Mega, L50, F\n|-mega|p1a: Lucario|Lucario|Lucarionite\n|move|p1a: Lucario|Calm Mind|p1a: Lucario\n|-boost|p1a: Lucario|spa|1\n|-boost|p1a: Lucario|spd|1\n|\n|upkeep\n|turn|7\n|\n|t:|1776494543\n|detailschange|p2a: Blastoise|Blastoise-Mega, L50, M\n|-mega|p2a: Blastoise|Blastoise|Blastoisinite\n|move|p1a: Lucario|Focus Blast|p2a: Blastoise|[miss]\n|-miss|p1a: Lucario|p2a: Blastoise\n|move|p2a: Blastoise|Aura Sphere|p1a: Lucario\n|-supereffective|p1a: Lucario|1\n|-damage|p1a: Lucario|0 fnt\n|faint|p1a: Lucario\n|\n|-sideend|p2: Mobileishard|Reflect\n|upkeep\n|\n|t:|1776494548\n|switch|p1a: Basculegion|Basculegion, L50, M|100/100\n|turn|8\n|\n|t:|1776494554\n|move|p1a: Basculegion|Last Respects|p2a: Blastoise\n|-damage|p2a: Blastoise|3/100\n|move|p2a: Blastoise|Dark Pulse|p1a: Basculegion\n|-supereffective|p1a: Basculegion|1\n|-damage|p1a: Basculegion|0 fnt\n|faint|p1a: Basculegion\n|\n|win|Mobileishard\n|raw|hoshigumo1101's rating: 1338 &rarr; <strong>1322</strong><br />(-16 for losing)\n|raw|Mobileishard's rating: 1409 &rarr; <strong>1425</strong><br />(+16 for winning)\n|l|\u2606hoshigumo1101\n|player|p1|\n|l|\u2606Mobileishard\n|player|p2|\n",
  "uploadtime": 1776494648,
  "views": 4,
  "formatid": "gen9championsbssregma",
  "rating": 1322,
  "private": 0,
  "password": null
}