{
  "id": "gen9championsbssregma-2584057886",
  "format": "[Gen 9 Champions] BSS Reg M-A",
  "players": [
    "kyotoyoko",
    "sca1031"
  ],
  "log": "|j|\u2606kyotoyoko\n|j|\u2606sca1031\n|t:|1776220928\n|gametype|singles\n|player|p1|kyotoyoko|caitlin|1303\n|player|p2|sca1031|169|1411\n|gen|9\n|tier|[Gen 9 Champions] BSS Reg M-A\n|rated|\n|rule|Species Clause: Limit one of each Pok\u00e9mon\n|rule|Item Clause: Limit 1 of each item\n|clearpoke\n|poke|p1|Tyranitar, L50, M|\n|poke|p1|Garchomp, L50, F|\n|poke|p1|Aegislash, L50, F|\n|poke|p1|Meganium, L50, F|\n|poke|p1|Primarina, L50, F|\n|poke|p1|Mimikyu, L50, F|\n|poke|p2|Clefable, L50, F|\n|poke|p2|Archaludon, L50, F|\n|poke|p2|Snorlax, L50, M|\n|poke|p2|Gyarados, L50, F|\n|poke|p2|Hippowdon, L50, F|\n|poke|p2|Aegislash, L50, F|\n|teampreview|3\n|\n|t:|1776220963\n|teamsize|p1|3\n|teamsize|p2|3\n|start\n|switch|p1a: Primarina|Primarina, L50, F|100/100\n|switch|p2a: Clefable|Clefable, L50, F|100/100\n|turn|1\n|inactive|Battle timer is ON: inactive players will automatically lose when time's up. (requested by kyotoyoko)\n|\n|t:|1776220971\n|switch|p2a: Snorlax|Snorlax, L50, M|100/100\n|move|p1a: Primarina|Moonblast|p2a: Snorlax\n|-damage|p2a: Snorlax|77/100\n|\n|-heal|p2a: Snorlax|83/100|[from] item: Leftovers\n|upkeep\n|turn|2\n|\n|t:|1776220981\n|move|p1a: Primarina|Moonblast|p2a: Snorlax\n|-damage|p2a: Snorlax|58/100\n|move|p2a: Snorlax|Yawn|p1a: Primarina\n|-start|p1a: Primarina|move: Yawn|[of] p2a: Snorlax\n|\n|-heal|p2a: Snorlax|65/100|[from] item: Leftovers\n|upkeep\n|turn|3\n|\n|t:|1776220992\n|switch|p1a: Aegislash|Aegislash, L50, F|100/100\n|move|p2a: Snorlax|Yawn|p1a: Aegislash\n|-start|p1a: Aegislash|move: Yawn|[of] p2a: Snorlax\n|\n|-heal|p2a: Snorlax|71/100|[from] item: Leftovers\n|upkeep\n|turn|4\n|\n|t:|1776221007\n|-formechange|p1a: Aegislash|Aegislash-Blade|\n|move|p1a: Aegislash|Sacred Sword|p2a: Snorlax\n|-supereffective|p2a: Snorlax|1\n|-damage|p2a: Snorlax|18/100\n|move|p2a: Snorlax|Yawn||[still]\n|-fail|p2a: Snorlax\n|\n|-heal|p2a: Snorlax|24/100|[from] item: Leftovers\n|-end|p1a: Aegislash|move: Yawn|[silent]\n|-status|p1a: Aegislash|slp\n|upkeep\n|turn|5\n|\n|t:|1776221020\n|switch|p1a: Primarina|Primarina, L50, F|100/100\n|move|p2a: Snorlax|Yawn|p1a: Primarina\n|-start|p1a: Primarina|move: Yawn|[of] p2a: Snorlax\n|\n|-heal|p2a: Snorlax|30/100|[from] item: Leftovers\n|upkeep\n|turn|6\n|j| p74\n|\n|t:|1776221028\n|switch|p1a: Aegislash|Aegislash, L50, F|100/100 slp\n|move|p2a: Snorlax|Curse|p2a: Snorlax\n|-unboost|p2a: Snorlax|spe|1\n|-boost|p2a: Snorlax|atk|1\n|-boost|p2a: Snorlax|def|1\n|\n|-heal|p2a: Snorlax|37/100|[from] item: Leftovers\n|upkeep\n|turn|7\n|\n|t:|1776221038\n|cant|p1a: Aegislash|slp\n|move|p2a: Snorlax|Earthquake|p1a: Aegislash\n|-supereffective|p1a: Aegislash|1\n|-damage|p1a: Aegislash|44/100 slp\n|\n|-heal|p2a: Snorlax|43/100|[from] item: Leftovers\n|upkeep\n|turn|8\n|\n|t:|1776221045\n|cant|p1a: Aegislash|slp\n|move|p2a: Snorlax|Earthquake|p1a: Aegislash\n|-supereffective|p1a: Aegislash|1\n|-damage|p1a: Aegislash|0 fnt\n|faint|p1a: Aegislash\n|\n|-heal|p2a: Snorlax|49/100|[from] item: Leftovers\n|upkeep\n|\n|t:|1776221049\n|switch|p1a: Primarina|Primarina, L50, F|100/100\n|turn|9\n|\n|t:|1776221055\n|move|p1a: Primarina|Encore|p2a: Snorlax\n|-start|p2a: Snorlax|Encore\n|move|p2a: Snorlax|Earthquake|p1a: Primarina\n|-damage|p1a: Primarina|61/100\n|\n|-heal|p2a: Snorlax|55/100|[from] item: Leftovers\n|upkeep\n|turn|10\n|\n|t:|1776221062\n|move|p1a: Primarina|Moonblast|p2a: Snorlax\n|-damage|p2a: Snorlax|29/100\n|move|p2a: Snorlax|Earthquake|p1a: Primarina\n|-damage|p1a: Primarina|18/100\n|-enditem|p1a: Primarina|Sitrus Berry|[eat]\n|-heal|p1a: Primarina|43/100|[from] item: Sitrus Berry\n|\n|-heal|p2a: Snorlax|35/100|[from] item: Leftovers\n|upkeep\n|turn|11\n|\n|t:|1776221071\n|move|p1a: Primarina|Sparkling Aria|p2a: Snorlax\n|-damage|p2a: Snorlax|13/100\n|move|p2a: Snorlax|Earthquake|p1a: Primarina\n|-damage|p1a: Primarina|5/100\n|\n|-heal|p2a: Snorlax|19/100|[from] item: Leftovers\n|-end|p2a: Snorlax|Encore\n|upkeep\n|turn|12\n|\n|t:|1776221080\n|move|p1a: Primarina|Sparkling Aria|p2a: Snorlax\n|-damage|p2a: Snorlax|0 fnt\n|faint|p2a: Snorlax\n|\n|upkeep\n|\n|t:|1776221090\n|switch|p2a: Clefable|Clefable, L50, F|100/100\n|turn|13\n|\n|t:|1776221096\n|detailschange|p2a: Clefable|Clefable-Mega, L50, F\n|-mega|p2a: Clefable|Clefable|Clefablite\n|move|p2a: Clefable|Moonblast|p1a: Primarina\n|-crit|p1a: Primarina\n|-damage|p1a: Primarina|0 fnt\n|faint|p1a: Primarina\n|\n|upkeep\n|-message|kyotoyoko forfeited.\n|\n|win|sca1031\n|raw|kyotoyoko's rating: 1303 &rarr; <strong>1289</strong><br />(-14 for losing)\n|raw|sca1031's rating: 1411 &rarr; <strong>1425</strong><br />(+14 for winning)\n|l|\u2606kyotoyoko\n|player|p1|\n|l|\u2606sca1031\n|player|p2|\n",
  "uploadtime": 1776221438,
  "views": 8,
  "formatid": "gen9championsbssregma",
  "rating": 1289,
  "private": 0,
  "password": null
}