{
  "id": "gen9championsbssregma-2587430569",
  "format": "[Gen 9 Champions] BSS Reg M-A",
  "players": [
    "Ym949",
    "Proudy007"
  ],
  "log": "|j|\u2606Ym949\n|j|\u2606Proudy007\n|t:|1776531174\n|gametype|singles\n|player|p1|Ym949|acetrainer|1077\n|player|p2|Proudy007|2|1000\n|gen|9\n|tier|[Gen 9 Champions] BSS Reg M-A\n|rated|\n|rule|Species Clause: Limit one of each Pok\u00e9mon\n|rule|Item Clause: Limit 1 of each item\n|clearpoke\n|poke|p1|Scizor, L50, M|\n|poke|p1|Delphox, L50, M|\n|poke|p1|Diggersby, L50, M|\n|poke|p1|Bellibolt, L50, M|\n|poke|p1|Dragapult, L50, F|\n|poke|p1|Primarina, L50, M|\n|poke|p2|Slowbro, L50, F, shiny|\n|poke|p2|Abomasnow, L50, M, shiny|\n|poke|p2|Armarouge, L50, M|\n|poke|p2|Zoroark-Hisui, L50, M, shiny|\n|poke|p2|Meganium, L50, M|\n|poke|p2|Archaludon, L50, F, shiny|\n|teampreview|3\n|inactive|Battle timer is ON: inactive players will automatically lose when time's up. (requested by Ym949)\n|\n|t:|1776531199\n|teamsize|p1|3\n|teamsize|p2|3\n|start\n|switch|p1a: Diggersby|Diggersby, L50, M|100/100\n|switch|p2a: Slowbro|Slowbro, L50, F, shiny|100/100\n|turn|1\n|\n|t:|1776531210\n|switch|p1a: Bellibolt|Bellibolt, L50, M|100/100\n|move|p2a: Slowbro|Trick Room|p2a: Slowbro\n|-fieldstart|move: Trick Room|[of] p2a: Slowbro\n|\n|upkeep\n|turn|2\n|\n|t:|1776531216\n|switch|p2a: Abomasnow|Abomasnow, L50, M, shiny|100/100\n|-weather|Snowscape|[from] ability: Snow Warning|[of] p2a: Abomasnow\n|move|p1a: Bellibolt|Toxic|p2a: Abomasnow\n|-status|p2a: Abomasnow|tox\n|\n|-weather|Snowscape|[upkeep]\n|-damage|p2a: Abomasnow|94/100 tox|[from] psn\n|upkeep\n|turn|3\n|\n|t:|1776531228\n|move|p1a: Bellibolt|Slack Off||[still]\n|-fail|p1a: Bellibolt|heal\n|move|p2a: Abomasnow|Aurora Veil|p2a: Abomasnow\n|-sidestart|p2: Proudy007|move: Aurora Veil\n|\n|-weather|Snowscape|[upkeep]\n|-damage|p2a: Abomasnow|82/100 tox|[from] psn\n|upkeep\n|turn|4\n|\n|t:|1776531238\n|move|p1a: Bellibolt|Muddy Water|p2a: Abomasnow|[miss]\n|-miss|p1a: Bellibolt|p2a: Abomasnow\n|move|p2a: Abomasnow|Blizzard|p1a: Bellibolt\n|-crit|p1a: Bellibolt\n|-damage|p1a: Bellibolt|44/100\n|-start|p1a: Bellibolt|Charge|Blizzard|[from] ability: Electromorphosis\n|\n|-weather|Snowscape|[upkeep]\n|-heal|p1a: Bellibolt|50/100|[from] item: Leftovers\n|-damage|p2a: Abomasnow|64/100 tox|[from] psn\n|upkeep\n|turn|5\n|\n|t:|1776531250\n|move|p1a: Bellibolt|Slack Off|p1a: Bellibolt\n|-heal|p1a: Bellibolt|100/100\n|move|p2a: Abomasnow|Blizzard|p1a: Bellibolt\n|-damage|p1a: Bellibolt|67/100\n|-start|p1a: Bellibolt|Charge|Blizzard|[from] ability: Electromorphosis\n|\n|-weather|Snowscape|[upkeep]\n|-heal|p1a: Bellibolt|73/100|[from] item: Leftovers\n|-damage|p2a: Abomasnow|40/100 tox|[from] psn\n|-fieldend|move: Trick Room\n|upkeep\n|turn|6\n|\n|t:|1776531263\n|move|p2a: Abomasnow|Blizzard|p1a: Bellibolt\n|-damage|p1a: Bellibolt|39/100\n|-start|p1a: Bellibolt|Charge|Blizzard|[from] ability: Electromorphosis\n|move|p1a: Bellibolt|Slack Off|p1a: Bellibolt\n|-heal|p1a: Bellibolt|89/100\n|\n|-weather|none\n|-heal|p1a: Bellibolt|95/100|[from] item: Leftovers\n|-damage|p2a: Abomasnow|9/100 tox|[from] psn\n|upkeep\n|turn|7\n|\n|t:|1776531282\n|move|p2a: Abomasnow|Blizzard|p1a: Bellibolt\n|-damage|p1a: Bellibolt|62/100\n|-start|p1a: Bellibolt|Charge|Blizzard|[from] ability: Electromorphosis\n|move|p1a: Bellibolt|Slack Off|p1a: Bellibolt\n|-heal|p1a: Bellibolt|100/100\n|\n|-damage|p2a: Abomasnow|0 fnt|[from] psn\n|faint|p2a: Abomasnow\n|-sideend|p2: Proudy007|move: Aurora Veil\n|upkeep\n|\n|t:|1776531300\n|switch|p2a: Slowbro|Slowbro, L50, F, shiny|100/100\n|turn|8\n|\n|t:|1776531309\n|move|p1a: Bellibolt|Toxic|p2a: Slowbro\n|-status|p2a: Slowbro|tox\n|move|p2a: Slowbro|Psychic Terrain|p2a: Slowbro\n|-fieldstart|move: Psychic Terrain\n|\n|-damage|p2a: Slowbro|95/100 tox|[from] psn\n|upkeep\n|turn|9\n|\n|t:|1776531327\n|move|p1a: Bellibolt|Muddy Water|p2a: Slowbro\n|-resisted|p2a: Slowbro|1\n|-damage|p2a: Slowbro|86/100 tox\n|-unboost|p2a: Slowbro|accuracy|1\n|move|p2a: Slowbro|Expanding Force|p1a: Bellibolt\n|-damage|p1a: Bellibolt|44/100\n|-start|p1a: Bellibolt|Charge|Expanding Force|[from] ability: Electromorphosis\n|\n|-heal|p1a: Bellibolt|50/100|[from] item: Leftovers\n|-heal|p2a: Slowbro|92/100 tox|[from] item: Leftovers\n|-damage|p2a: Slowbro|80/100 tox|[from] psn\n|upkeep\n|turn|10\n|\n|t:|1776531339\n|move|p1a: Bellibolt|Slack Off|p1a: Bellibolt\n|-heal|p1a: Bellibolt|100/100\n|move|p2a: Slowbro|Expanding Force|p1a: Bellibolt|[miss]\n|-miss|p2a: Slowbro|p1a: Bellibolt\n|\n|-heal|p2a: Slowbro|86/100 tox|[from] item: Leftovers\n|-damage|p2a: Slowbro|68/100 tox|[from] psn\n|upkeep\n|turn|11\n|\n|t:|1776531349\n|switch|p2a: Armarouge|Armarouge, L50, M|100/100\n|move|p1a: Bellibolt|Muddy Water|p2a: Armarouge\n|-supereffective|p2a: Armarouge|1\n|-damage|p2a: Armarouge|57/100\n|\n|upkeep\n|turn|12\n|\n|t:|1776531367\n|switch|p1a: Delphox|Delphox, L50, M|100/100\n|move|p2a: Armarouge|Armor Cannon|p1a: Delphox\n|-resisted|p1a: Delphox|1\n|-damage|p1a: Delphox|62/100\n|-unboost|p2a: Armarouge|def|1\n|-unboost|p2a: Armarouge|spd|1\n|-enditem|p2a: Armarouge|White Herb\n|-clearnegativeboost|p2a: Armarouge|[silent]\n|\n|-fieldend|move: Psychic Terrain\n|upkeep\n|turn|13\n|\n|t:|1776531381\n|switch|p2a: Slowbro|Slowbro, L50, F, shiny|68/100 tox\n|detailschange|p1a: Delphox|Delphox-Mega, L50, M\n|-mega|p1a: Delphox|Delphox|Delphoxite\n|move|p1a: Delphox|Nasty Plot|p1a: Delphox\n|-boost|p1a: Delphox|spa|2\n|\n|-heal|p2a: Slowbro|74/100 tox|[from] item: Leftovers\n|-damage|p2a: Slowbro|68/100 tox|[from] psn\n|upkeep\n|turn|14\n|\n|t:|1776531392\n|move|p1a: Delphox|Flamethrower|p2a: Slowbro\n|-resisted|p2a: Slowbro|1\n|-damage|p2a: Slowbro|28/100 tox\n|move|p2a: Slowbro|Trick Room|p2a: Slowbro\n|-fieldstart|move: Trick Room|[of] p2a: Slowbro\n|\n|-heal|p2a: Slowbro|34/100 tox|[from] item: Leftovers\n|-damage|p2a: Slowbro|22/100 tox|[from] psn\n|upkeep\n|turn|15\n|\n|t:|1776531408\n|move|p2a: Slowbro|Psychic Terrain|p2a: Slowbro\n|-fieldstart|move: Psychic Terrain\n|move|p1a: Delphox|Flamethrower|p2a: Slowbro\n|-resisted|p2a: Slowbro|1\n|-damage|p2a: Slowbro|0 fnt\n|faint|p2a: Slowbro\n|\n|upkeep\n|\n|t:|1776531415\n|switch|p2a: Armarouge|Armarouge, L50, M|57/100\n|turn|16\n|\n|t:|1776531422\n|move|p2a: Armarouge|Expanding Force|p1a: Delphox\n|-resisted|p1a: Delphox|1\n|-damage|p1a: Delphox|21/100\n|move|p1a: Delphox|Flamethrower|p2a: Armarouge\n|-start|p2a: Armarouge|ability: Flash Fire\n|\n|upkeep\n|turn|17\n|\n|t:|1776531435\n|move|p2a: Armarouge|Aura Sphere|p1a: Delphox\n|-resisted|p1a: Delphox|1\n|-damage|p1a: Delphox|5/100\n|move|p1a: Delphox|Psyshock|p2a: Armarouge\n|-resisted|p2a: Armarouge|1\n|-damage|p2a: Armarouge|12/100\n|\n|upkeep\n|turn|18\n|\n|t:|1776531442\n|move|p2a: Armarouge|Aura Sphere|p1a: Delphox\n|-resisted|p1a: Delphox|1\n|-damage|p1a: Delphox|0 fnt\n|faint|p1a: Delphox\n|\n|-fieldend|move: Trick Room\n|upkeep\n|\n|t:|1776531445\n|switch|p1a: Bellibolt|Bellibolt, L50, M|100/100\n|turn|19\n|\n|t:|1776531451\n|move|p2a: Armarouge|Armor Cannon|p1a: Bellibolt\n|-damage|p1a: Bellibolt|6/100\n|-unboost|p2a: Armarouge|def|1\n|-unboost|p2a: Armarouge|spd|1\n|-start|p1a: Bellibolt|Charge|Armor Cannon|[from] ability: Electromorphosis\n|move|p1a: Bellibolt|Volt Switch|p2a: Armarouge\n|-damage|p2a: Armarouge|0 fnt\n|faint|p2a: Armarouge\n|-end|p1a: Bellibolt|Charge|[silent]\n|\n|win|Ym949\n|raw|Ym949's rating: 1077 &rarr; <strong>1099</strong><br />(+22 for winning)\n|raw|Proudy007's rating: 1000 &rarr; <strong>1000</strong><br />(+0 for losing)\n",
  "uploadtime": 1776531454,
  "views": 6,
  "formatid": "gen9championsbssregma",
  "rating": 1000,
  "private": 0,
  "password": null
}