{
  "id": "gen9championsbssregma-2587708510",
  "format": "[Gen 9 Champions] BSS Reg M-A",
  "players": [
    "hijanu",
    "Worldender2021"
  ],
  "log": "|j|\u2606hijanu\n|j|\u2606Worldender2021\n|t:|1776556036\n|gametype|singles\n|player|p1|hijanu|169|1144\n|player|p2|Worldender2021|265|1105\n|gen|9\n|tier|[Gen 9 Champions] BSS Reg M-A\n|rated|\n|rule|Species Clause: Limit one of each Pok\u00e9mon\n|rule|Item Clause: Limit 1 of each item\n|clearpoke\n|poke|p1|Corviknight, L50, F, shiny|\n|poke|p1|Furfrou, L50, F, shiny|\n|poke|p1|Ceruledge, L50, M, shiny|\n|poke|p1|Rotom-Wash, L50, shiny|\n|poke|p1|Torterra, L50, F, shiny|\n|poke|p1|Aggron, L50, F, shiny|\n|poke|p2|Sneasler, L50, F|\n|poke|p2|Archaludon, L50, F|\n|poke|p2|Garchomp, L50, F|\n|poke|p2|Basculegion, L50, M|\n|poke|p2|Skeledirge, L50, M|\n|poke|p2|Floette-Eternal, L50, F|\n|teampreview|3\n|\n|t:|1776556064\n|teamsize|p1|3\n|teamsize|p2|3\n|start\n|switch|p1a: Rotom|Rotom-Wash, L50, shiny|100/100\n|switch|p2a: Sneasler|Sneasler, L50, F|100/100\n|turn|1\n|\n|t:|1776556076\n|move|p2a: Sneasler|Fake Out|p1a: Rotom\n|-damage|p1a: Rotom|83/100\n|cant|p1a: Rotom|flinch\n|\n|upkeep\n|turn|2\n|\n|t:|1776556084\n|move|p2a: Sneasler|Dire Claw|p1a: Rotom\n|-damage|p1a: Rotom|27/100\n|-status|p1a: Rotom|slp\n|-enditem|p1a: Rotom|Sitrus Berry|[eat]\n|-heal|p1a: Rotom|52/100 slp|[from] item: Sitrus Berry\n|cant|p1a: Rotom|slp\n|\n|upkeep\n|turn|3\n|\n|t:|1776556094\n|move|p2a: Sneasler|Dire Claw|p1a: Rotom\n|-damage|p1a: Rotom|0 fnt\n|faint|p1a: Rotom\n|\n|upkeep\n|\n|t:|1776556099\n|switch|p1a: Aggron|Aggron, L50, F, shiny|100/100\n|turn|4\n|\n|t:|1776556107\n|detailschange|p1a: Aggron|Aggron-Mega, L50, F, shiny\n|-mega|p1a: Aggron|Aggron|Aggronite\n|move|p2a: Sneasler|Close Combat|p1a: Aggron\n|-supereffective|p1a: Aggron|1\n|-damage|p1a: Aggron|52/100\n|-unboost|p2a: Sneasler|def|1\n|-unboost|p2a: Sneasler|spd|1\n|move|p1a: Aggron|Heavy Slam|p2a: Sneasler\n|-enditem|p2a: Sneasler|Focus Sash\n|-damage|p2a: Sneasler|1/100\n|\n|upkeep\n|turn|5\n|\n|t:|1776556119\n|move|p2a: Sneasler|Close Combat|p1a: Aggron\n|-supereffective|p1a: Aggron|1\n|-damage|p1a: Aggron|6/100\n|-unboost|p2a: Sneasler|def|1\n|-unboost|p2a: Sneasler|spd|1\n|-immune|p1a: Aggron\n|move|p1a: Aggron|Heavy Slam|p2a: Sneasler\n|-damage|p2a: Sneasler|0 fnt\n|faint|p2a: Sneasler\n|\n|upkeep\n|\n|t:|1776556133\n|switch|p2a: Garchomp|Garchomp, L50, F|100/100\n|turn|6\n|\n|t:|1776556137\n|move|p2a: Garchomp|Earthquake|p1a: Aggron\n|-supereffective|p1a: Aggron|1\n|-damage|p1a: Aggron|0 fnt\n|faint|p1a: Aggron\n|\n|upkeep\n|\n|t:|1776556143\n|switch|p1a: Torterra|Torterra, L50, F, shiny|100/100\n|turn|7\n|\n|t:|1776556149\n|switch|p2a: Floette|Floette-Eternal, L50, F|100/100\n|move|p1a: Torterra|Shell Smash|p1a: Torterra\n|-unboost|p1a: Torterra|def|1\n|-unboost|p1a: Torterra|spd|1\n|-boost|p1a: Torterra|atk|2\n|-boost|p1a: Torterra|spa|2\n|-boost|p1a: Torterra|spe|2\n|-enditem|p1a: Torterra|White Herb\n|-clearnegativeboost|p1a: Torterra|[silent]\n|\n|upkeep\n|turn|8\n|\n|t:|1776556161\n|detailschange|p2a: Floette|Floette-Mega, L50, F\n|-mega|p2a: Floette|Floette|Floettite\n|-ability|p2a: Floette|Fairy Aura\n|move|p1a: Torterra|Wood Hammer|p2a: Floette\n|-damage|p2a: Floette|11/100\n|-damage|p1a: Torterra|69/100|[from] Recoil\n|move|p2a: Floette|Moonblast|p1a: Torterra\n|-damage|p1a: Torterra|0 fnt\n|faint|p1a: Torterra\n|\n|win|Worldender2021\n|raw|hijanu's rating: 1144 &rarr; <strong>1116</strong><br />(-28 for losing)\n|raw|Worldender2021's rating: 1105 &rarr; <strong>1133</strong><br />(+28 for winning)\n|l|\u2606Worldender2021\n|player|p2|\n",
  "uploadtime": 1776556175,
  "views": 1,
  "formatid": "gen9championsbssregma",
  "rating": 1116,
  "private": 0,
  "password": null
}