{
  "id": "gen9championsbssregma-2585584537",
  "format": "[Gen 9 Champions] BSS Reg M-A",
  "players": [
    "hhh93",
    "BBBKTY"
  ],
  "log": "|j|\u2606hhh93\n|j|\u2606BBBKTY\n|t:|1776357096\n|gametype|singles\n|player|p1|hhh93|ethan|1288\n|player|p2|BBBKTY|265|1223\n|gen|9\n|tier|[Gen 9 Champions] BSS Reg M-A\n|rated|\n|rule|Species Clause: Limit one of each Pok\u00e9mon\n|rule|Item Clause: Limit 1 of each item\n|clearpoke\n|poke|p1|Medicham, L50, M|\n|poke|p1|Greninja-*, L50, F|\n|poke|p1|Garchomp, L50, M|\n|poke|p1|Aegislash, L50, F|\n|poke|p1|Venusaur, L50, M|\n|poke|p1|Skarmory, L50, F|\n|poke|p2|Dragapult, L50, F|\n|poke|p2|Alakazam, L50, F|\n|poke|p2|Azumarill, L50, F|\n|poke|p2|Clefable, L50, M|\n|poke|p2|Espathra, L50, M|\n|poke|p2|Glimmora, L50, M|\n|teampreview|3\n|inactive|Battle timer is ON: inactive players will automatically lose when time's up. (requested by BBBKTY)\n|\n|t:|1776357126\n|teamsize|p1|3\n|teamsize|p2|3\n|start\n|switch|p1a: Greninja|Greninja, L50, F|100/100\n|switch|p2a: Glimmora|Glimmora, L50, M|100/100\n|turn|1\n|\n|t:|1776357141\n|move|p1a: Greninja|Surf|p2a: Glimmora\n|-start|p1a: Greninja|typechange|Water|[from] ability: Protean\n|-supereffective|p2a: Glimmora|1\n|-damage|p2a: Glimmora|22/100\n|move|p2a: Glimmora|Stealth Rock|p1a: Greninja\n|-sidestart|p1: hhh93|move: Stealth Rock\n|\n|upkeep\n|turn|2\n|\n|t:|1776357148\n|move|p1a: Greninja|Surf|p2a: Glimmora\n|-supereffective|p2a: Glimmora|1\n|-damage|p2a: Glimmora|0 fnt\n|faint|p2a: Glimmora\n|\n|upkeep\n|\n|t:|1776357152\n|switch|p2a: Espathra|Espathra, L50, M, shiny|100/100\n|turn|3\n|\n|t:|1776357156\n|switch|p1a: Aegislash|Aegislash, L50, F|100/100\n|-damage|p1a: Aegislash|95/100|[from] Stealth Rock\n|move|p2a: Espathra|Protect||[still]\n|-fail|p2a: Espathra\n|\n|-ability|p2a: Espathra|Speed Boost|boost\n|-boost|p2a: Espathra|spe|1\n|upkeep\n|turn|4\n|\n|t:|1776357164\n|move|p2a: Espathra|Protect|p2a: Espathra\n|-singleturn|p2a: Espathra|Protect\n|-formechange|p1a: Aegislash|Aegislash-Blade|\n|move|p1a: Aegislash|Poltergeist|p2a: Espathra\n|-activate|p2a: Espathra|move: Protect\n|\n|-ability|p2a: Espathra|Speed Boost|boost\n|-boost|p2a: Espathra|spe|1\n|upkeep\n|turn|5\n|\n|t:|1776357173\n|move|p2a: Espathra|Baton Pass|p2a: Espathra\n|\n|t:|1776357175\n|switch|p2a: Clefable|Clefable, L50, M, shiny|100/100|[from] Baton Pass\n|move|p1a: Aegislash|Poltergeist|p2a: Clefable\n|-activate|p2a: Clefable|move: Poltergeist|Clefablite\n|-damage|p2a: Clefable|59/100\n|\n|upkeep\n|turn|6\n|\n|t:|1776357183\n|detailschange|p2a: Clefable|Clefable-Mega, L50, M, shiny\n|-mega|p2a: Clefable|Clefable|Clefablite\n|move|p2a: Clefable|Cosmic Power|p2a: Clefable\n|-boost|p2a: Clefable|def|1\n|-boost|p2a: Clefable|spd|1\n|move|p1a: Aegislash|Iron Head|p2a: Clefable\n|-supereffective|p2a: Clefable|1\n|-damage|p2a: Clefable|22/100\n|\n|upkeep\n|turn|7\n|\n|t:|1776357196\n|move|p2a: Clefable|Moonlight|p2a: Clefable\n|-heal|p2a: Clefable|72/100\n|move|p1a: Aegislash|Swords Dance|p1a: Aegislash\n|-boost|p1a: Aegislash|atk|2\n|\n|upkeep\n|turn|8\n|\n|t:|1776357203\n|move|p2a: Clefable|Cosmic Power|p2a: Clefable\n|-boost|p2a: Clefable|def|1\n|-boost|p2a: Clefable|spd|1\n|move|p1a: Aegislash|Iron Head|p2a: Clefable\n|-supereffective|p2a: Clefable|1\n|-damage|p2a: Clefable|25/100\n|\n|upkeep\n|turn|9\n|\n|t:|1776357210\n|move|p2a: Clefable|Moonlight|p2a: Clefable\n|-heal|p2a: Clefable|75/100\n|move|p1a: Aegislash|Iron Head|p2a: Clefable\n|-supereffective|p2a: Clefable|1\n|-damage|p2a: Clefable|26/100\n|\n|upkeep\n|turn|10\n|\n|t:|1776357216\n|move|p2a: Clefable|Moonlight|p2a: Clefable\n|-heal|p2a: Clefable|76/100\n|move|p1a: Aegislash|Swords Dance|p1a: Aegislash\n|-boost|p1a: Aegislash|atk|2\n|\n|upkeep\n|turn|11\n|\n|t:|1776357224\n|move|p2a: Clefable|Cosmic Power|p2a: Clefable\n|-boost|p2a: Clefable|def|1\n|-boost|p2a: Clefable|spd|1\n|move|p1a: Aegislash|Iron Head|p2a: Clefable\n|-supereffective|p2a: Clefable|1\n|-damage|p2a: Clefable|17/100\n|\n|upkeep\n|turn|12\n|\n|t:|1776357231\n|move|p2a: Clefable|Stored Power|p1a: Aegislash\n|-resisted|p1a: Aegislash|1\n|-damage|p1a: Aegislash|65/100\n|move|p1a: Aegislash|Iron Head|p2a: Clefable\n|-supereffective|p2a: Clefable|1\n|-damage|p2a: Clefable|0 fnt\n|faint|p2a: Clefable\n|\n|upkeep\n|\n|t:|1776357234\n|switch|p2a: Espathra|Espathra, L50, M, shiny|100/100\n|turn|13\n|\n|t:|1776357239\n|move|p2a: Espathra|Protect|p2a: Espathra\n|-singleturn|p2a: Espathra|Protect\n|move|p1a: Aegislash|Shadow Sneak|p2a: Espathra\n|-activate|p2a: Espathra|move: Protect\n|\n|-ability|p2a: Espathra|Speed Boost|boost\n|-boost|p2a: Espathra|spe|1\n|upkeep\n|turn|14\n|\n|t:|1776357251\n|move|p1a: Aegislash|Shadow Sneak|p2a: Espathra\n|-supereffective|p2a: Espathra|1\n|-damage|p2a: Espathra|0 fnt\n|faint|p2a: Espathra\n|\n|win|hhh93\n|raw|hhh93's rating: 1288 &rarr; <strong>1308</strong><br />(+20 for winning)\n|raw|BBBKTY's rating: 1223 &rarr; <strong>1203</strong><br />(-20 for losing)\n",
  "uploadtime": 1776357253,
  "views": 10,
  "formatid": "gen9championsbssregma",
  "rating": 1203,
  "private": 0,
  "password": null
}