{
  "id": "gen9championsbssregma-2583110843",
  "format": "[Gen 9 Champions] BSS Reg M-A",
  "players": [
    "imagine dreepy",
    "karbain"
  ],
  "log": "|j|\u2606imagine dreepy\n|j|\u2606karbain\n|t:|1776143249\n|gametype|singles\n|player|p1|imagine dreepy|unknown|1303\n|player|p2|karbain|2|1378\n|gen|9\n|tier|[Gen 9 Champions] BSS Reg M-A\n|rated|\n|rule|Species Clause: Limit one of each Pok\u00e9mon\n|rule|Item Clause: Limit 1 of each item\n|clearpoke\n|poke|p1|Glimmora, L50, M|\n|poke|p1|Gengar, L50, F|\n|poke|p1|Lopunny, L50, F|\n|poke|p1|Garchomp, L50, F|\n|poke|p1|Corviknight, L50, F|\n|poke|p1|Rotom-Wash, L50|\n|poke|p2|Charizard, L50, F|\n|poke|p2|Greninja-*, L50, F|\n|poke|p2|Gyarados, L50, M|\n|poke|p2|Kingambit, L50, M|\n|poke|p2|Mimikyu, L50, M|\n|poke|p2|Gengar, L50, F|\n|teampreview|3\n|j| p74\n|inactive|Battle timer is ON: inactive players will automatically lose when time's up. (requested by imagine dreepy)\n|\n|t:|1776143306\n|teamsize|p1|3\n|teamsize|p2|3\n|start\n|switch|p1a: Rotom|Rotom-Wash, L50|100/100\n|switch|p2a: Gengar|Gengar, L50, F|100/100\n|turn|1\n|\n|t:|1776143318\n|detailschange|p2a: Gengar|Gengar-Mega, L50, F\n|-mega|p2a: Gengar|Gengar|Gengarite\n|move|p2a: Gengar|Substitute|p2a: Gengar\n|-start|p2a: Gengar|Substitute\n|-damage|p2a: Gengar|76/100\n|move|p1a: Rotom|Thunder Wave||[still]\n|-fail|p1a: Rotom\n|\n|upkeep\n|turn|2\n|\n|t:|1776143326\n|move|p2a: Gengar|Sludge Bomb|p1a: Rotom\n|-damage|p1a: Rotom|57/100\n|move|p1a: Rotom|Volt Switch|p2a: Gengar\n|-end|p2a: Gengar|Substitute\n|\n|t:|1776143333\n|switch|p1a: Garchomp|Garchomp, L50, F|100/100|[from] Volt Switch\n|\n|upkeep\n|turn|3\n|\n|t:|1776143343\n|move|p1a: Garchomp|Earthquake|p2a: Gengar\n|-supereffective|p2a: Gengar|1\n|-damage|p2a: Gengar|0 fnt\n|faint|p2a: Gengar\n|\n|upkeep\n|\n|t:|1776143349\n|switch|p2a: Mimikyu|Mimikyu, L50, M|100/100\n|turn|4\n|\n|t:|1776143371\n|move|p1a: Garchomp|Earthquake|p2a: Mimikyu\n|-activate|p2a: Mimikyu|ability: Disguise\n|-damage|p2a: Mimikyu|100/100\n|detailschange|p2a: Mimikyu|Mimikyu-Busted, L50, M\n|-damage|p2a: Mimikyu|89/100|[from] pokemon: Mimikyu-Busted\n|move|p2a: Mimikyu|Swords Dance|p2a: Mimikyu\n|-boost|p2a: Mimikyu|atk|2\n|\n|upkeep\n|turn|5\n|\n|t:|1776143380\n|move|p1a: Garchomp|Earthquake|p2a: Mimikyu\n|-damage|p2a: Mimikyu|26/100\n|move|p2a: Mimikyu|Play Rough|p1a: Garchomp\n|-supereffective|p1a: Garchomp|1\n|-damage|p1a: Garchomp|0 fnt\n|-damage|p2a: Mimikyu|14/100|[from] ability: Rough Skin|[of] p1a: Garchomp\n|faint|p1a: Garchomp\n|\n|upkeep\n|\n|t:|1776143385\n|switch|p1a: Glimmora|Glimmora, L50, M|100/100\n|turn|6\n|\n|t:|1776143394\n|move|p1a: Glimmora|Sludge Wave|p2a: Mimikyu\n|-damage|p2a: Mimikyu|0 fnt\n|faint|p2a: Mimikyu\n|\n|upkeep\n|\n|t:|1776143396\n|switch|p2a: Kingambit|Kingambit, L50, M|100/100\n|-activate|p2a: Kingambit|ability: Supreme Overlord\n|-start|p2a: Kingambit|fallen2|[silent]\n|turn|7\n|\n|t:|1776143403\n|move|p1a: Glimmora|Mud Shot|p2a: Kingambit\n|-supereffective|p2a: Kingambit|1\n|-damage|p2a: Kingambit|64/100\n|-unboost|p2a: Kingambit|spe|1\n|move|p2a: Kingambit|Swords Dance|p2a: Kingambit\n|-boost|p2a: Kingambit|atk|2\n|\n|upkeep\n|turn|8\n|\n|t:|1776143417\n|move|p1a: Glimmora|Mud Shot|p2a: Kingambit\n|-supereffective|p2a: Kingambit|1\n|-damage|p2a: Kingambit|29/100\n|-unboost|p2a: Kingambit|spe|1\n|move|p2a: Kingambit|Kowtow Cleave|p1a: Glimmora\n|-enditem|p1a: Glimmora|Focus Sash\n|-damage|p1a: Glimmora|1/100\n|-activate|p1a: Glimmora|ability: Toxic Debris\n|-sidestart|p2: karbain|move: Toxic Spikes\n|\n|upkeep\n|turn|9\n|\n|t:|1776143427\n|switch|p1a: Rotom|Rotom-Wash, L50|57/100\n|move|p2a: Kingambit|Sucker Punch||[still]\n|-fail|p2a: Kingambit\n|\n|-heal|p1a: Rotom|62/100|[from] item: Leftovers\n|upkeep\n|turn|10\n|\n|t:|1776143434\n|move|p1a: Rotom|Will-O-Wisp|p2a: Kingambit|[miss]\n|-miss|p1a: Rotom|p2a: Kingambit\n|move|p2a: Kingambit|Kowtow Cleave|p1a: Rotom\n|-damage|p1a: Rotom|0 fnt\n|faint|p1a: Rotom\n|\n|upkeep\n|\n|t:|1776143447\n|switch|p1a: Glimmora|Glimmora, L50, M|1/100\n|turn|11\n|\n|t:|1776143451\n|move|p2a: Kingambit|Sucker Punch||[still]\n|-fail|p2a: Kingambit\n|move|p1a: Glimmora|Stealth Rock|p2a: Kingambit\n|-sidestart|p2: karbain|move: Stealth Rock\n|\n|upkeep\n|turn|12\n|\n|t:|1776143456\n|move|p2a: Kingambit|Sucker Punch||[still]\n|-fail|p2a: Kingambit\n|move|p1a: Glimmora|Stealth Rock||[still]\n|-fail|p1a: Glimmora\n|\n|upkeep\n|turn|13\n|\n|t:|1776143461\n|move|p2a: Kingambit|Sucker Punch||[still]\n|-fail|p2a: Kingambit\n|move|p1a: Glimmora|Stealth Rock||[still]\n|-fail|p1a: Glimmora\n|\n|upkeep\n|turn|14\n|\n|t:|1776143465\n|move|p2a: Kingambit|Sucker Punch||[still]\n|-fail|p2a: Kingambit\n|move|p1a: Glimmora|Stealth Rock||[still]\n|-fail|p1a: Glimmora\n|\n|upkeep\n|turn|15\n|\n|t:|1776143469\n|move|p2a: Kingambit|Sucker Punch|p1a: Glimmora\n|-damage|p1a: Glimmora|0 fnt\n|-activate|p1a: Glimmora|ability: Toxic Debris\n|-sidestart|p2: karbain|move: Toxic Spikes\n|faint|p1a: Glimmora\n|\n|win|karbain\n|raw|imagine dreepy's rating: 1303 &rarr; <strong>1287</strong><br />(-16 for losing)\n|raw|karbain's rating: 1378 &rarr; <strong>1394</strong><br />(+16 for winning)\n|l|\u2606karbain\n|player|p2|\n",
  "uploadtime": 1776143479,
  "views": 8,
  "formatid": "gen9championsbssregma",
  "rating": 1287,
  "private": 0,
  "password": null
}