{
  "id": "gen9championsbssregma-2580849633",
  "format": "[Gen 9 Champions] BSS Reg M-A",
  "players": [
    "Meteorplayz_",
    "crazybear77"
  ],
  "log": "|j|\u2606Meteorplayz_\n|j|\u2606crazybear77\n|t:|1775937540\n|gametype|singles\n|player|p1|Meteorplayz_|winona-gen6|1127\n|player|p2|crazybear77|hiker-gen4|1265\n|gen|9\n|tier|[Gen 9 Champions] BSS Reg M-A\n|rated|\n|rule|Species Clause: Limit one of each Pok\u00e9mon\n|rule|Item Clause: Limit 1 of each item\n|clearpoke\n|poke|p1|Meowscarada, L50, M|\n|poke|p1|Milotic, L50, F|\n|poke|p1|Aegislash, L50, F|\n|poke|p1|Dragonite, L50, M|\n|poke|p1|Slowking-Galar, L50, M|\n|poke|p1|Lopunny, L50, F|\n|poke|p2|Lopunny, L50, M|\n|poke|p2|Slowking-Galar, L50, F|\n|poke|p2|Kingambit, L50, F|\n|poke|p2|Garchomp, L50, M|\n|poke|p2|Azumarill, L50, M|\n|poke|p2|Delphox, L50, M|\n|teampreview|3\n|inactive|Battle timer is ON: inactive players will automatically lose when time's up. (requested by crazybear77)\n|\n|t:|1775937563\n|teamsize|p1|3\n|teamsize|p2|3\n|start\n|switch|p1a: Milotic|Milotic, L50, F|100/100\n|switch|p2a: Lopunny|Lopunny, L50, M|100/100\n|turn|1\n|\n|t:|1775937571\n|detailschange|p2a: Lopunny|Lopunny-Mega, L50, M\n|-mega|p2a: Lopunny|Lopunny|Lopunnite\n|move|p2a: Lopunny|Fake Out|p1a: Milotic\n|-damage|p1a: Milotic|85/100\n|cant|p1a: Milotic|flinch\n|\n|upkeep\n|turn|2\n|\n|t:|1775937580\n|move|p2a: Lopunny|Close Combat|p1a: Milotic\n|-damage|p1a: Milotic|35/100\n|-unboost|p2a: Lopunny|def|1\n|-unboost|p2a: Lopunny|spd|1\n|move|p1a: Milotic|Scald|p2a: Lopunny\n|-damage|p2a: Lopunny|48/100\n|\n|upkeep\n|turn|3\n|\n|t:|1775937590\n|move|p2a: Lopunny|Close Combat|p1a: Milotic\n|-damage|p1a: Milotic|0 fnt\n|-unboost|p2a: Lopunny|def|1\n|-unboost|p2a: Lopunny|spd|1\n|faint|p1a: Milotic\n|\n|upkeep\n|\n|t:|1775937593\n|switch|p1a: Lopunny|Lopunny, L50, F|100/100\n|turn|4\n|\n|t:|1775937599\n|switch|p2a: Azumarill|Azumarill, L50, M|100/100\n|detailschange|p1a: Lopunny|Lopunny-Mega, L50, F\n|-mega|p1a: Lopunny|Lopunny|Lopunnite\n|move|p1a: Lopunny|Fake Out|p2a: Azumarill\n|-damage|p2a: Azumarill|73/100\n|\n|upkeep\n|turn|5\n|\n|t:|1775937607\n|move|p1a: Lopunny|U-turn|p2a: Azumarill\n|-resisted|p2a: Azumarill|1\n|-damage|p2a: Azumarill|57/100\n|\n|t:|1775937609\n|switch|p1a: Dragonite|Dragonite, L50, M|100/100|[from] U-turn\n|move|p2a: Azumarill|Play Rough|p1a: Dragonite\n|-supereffective|p1a: Dragonite|1\n|-damage|p1a: Dragonite|38/100\n|-enditem|p1a: Dragonite|Sitrus Berry|[eat]\n|-heal|p1a: Dragonite|63/100|[from] item: Sitrus Berry\n|\n|upkeep\n|turn|6\n|\n|t:|1775937619\n|move|p1a: Dragonite|Extreme Speed|p2a: Azumarill\n|-damage|p2a: Azumarill|21/100\n|-enditem|p2a: Azumarill|Sitrus Berry|[eat]\n|-heal|p2a: Azumarill|46/100|[from] item: Sitrus Berry\n|move|p2a: Azumarill|Play Rough|p1a: Dragonite|[miss]\n|-miss|p2a: Azumarill|p1a: Dragonite\n|\n|upkeep\n|turn|7\n|\n|t:|1775937628\n|move|p1a: Dragonite|Extreme Speed|p2a: Azumarill\n|-damage|p2a: Azumarill|5/100\n|move|p2a: Azumarill|Play Rough|p1a: Dragonite\n|-supereffective|p1a: Dragonite|1\n|-damage|p1a: Dragonite|0 fnt\n|faint|p1a: Dragonite\n|\n|upkeep\n|\n|t:|1775937631\n|switch|p1a: Lopunny|Lopunny-Mega, L50, F|100/100\n|turn|8\n|\n|t:|1775937638\n|move|p1a: Lopunny|Fake Out|p2a: Azumarill\n|-damage|p2a: Azumarill|0 fnt\n|faint|p2a: Azumarill\n|\n|upkeep\n|\n|t:|1775937643\n|switch|p2a: Lopunny|Lopunny-Mega, L50, M|48/100\n|turn|9\n|\n|t:|1775937647\n|move|p2a: Lopunny|Fake Out|p1a: Lopunny\n|-damage|p1a: Lopunny|70/100\n|cant|p1a: Lopunny|flinch\n|\n|upkeep\n|turn|10\n|\n|t:|1775937652\n|move|p1a: Lopunny|Close Combat|p2a: Lopunny\n|-supereffective|p2a: Lopunny|1\n|-damage|p2a: Lopunny|0 fnt\n|-unboost|p1a: Lopunny|def|1\n|-unboost|p1a: Lopunny|spd|1\n|faint|p2a: Lopunny\n|\n|upkeep\n|\n|t:|1775937659\n|switch|p2a: Kingambit|Kingambit, L50, F|100/100\n|-activate|p2a: Kingambit|ability: Supreme Overlord\n|-start|p2a: Kingambit|fallen2|[silent]\n|turn|11\n|\n|t:|1775937663\n|move|p2a: Kingambit|Sucker Punch|p1a: Lopunny\n|-resisted|p1a: Lopunny|1\n|-damage|p1a: Lopunny|18/100\n|move|p1a: Lopunny|Close Combat|p2a: Kingambit\n|-supereffective|p2a: Kingambit|2\n|-enditem|p2a: Kingambit|Chople Berry|[eat]\n|-enditem|p2a: Kingambit|Chople Berry|[weaken]\n|-damage|p2a: Kingambit|11/100\n|-unboost|p1a: Lopunny|def|1\n|-unboost|p1a: Lopunny|spd|1\n|\n|upkeep\n|turn|12\n|\n|t:|1775937673\n|move|p2a: Kingambit|Sucker Punch|p1a: Lopunny\n|-resisted|p1a: Lopunny|1\n|-damage|p1a: Lopunny|0 fnt\n|faint|p1a: Lopunny\n|\n|win|crazybear77\n|raw|Meteorplayz_'s rating: 1127 &rarr; <strong>1111</strong><br />(-16 for losing)\n|raw|crazybear77's rating: 1265 &rarr; <strong>1281</strong><br />(+16 for winning)\n",
  "uploadtime": 1775937673,
  "views": 14,
  "formatid": "gen9championsbssregma",
  "rating": 1111,
  "private": 0,
  "password": null
}