{
  "id": "gen9championsbssregma-2588860299",
  "format": "[Gen 9 Champions] BSS Reg M-A",
  "players": [
    "Bbbkty",
    "mirrza"
  ],
  "log": "|j|\u2606Bbbkty\n|j|\u2606mirrza\n|t:|1776679562\n|gametype|singles\n|player|p1|Bbbkty|1|1197\n|player|p2|mirrza|saturn|1115\n|gen|9\n|tier|[Gen 9 Champions] BSS Reg M-A\n|rated|\n|rule|Species Clause: Limit one of each Pok\u00e9mon\n|rule|Item Clause: Limit 1 of each item\n|clearpoke\n|poke|p1|Clefable, L50, M|\n|poke|p1|Charizard, L50, F|\n|poke|p1|Mimikyu, L50, F|\n|poke|p1|Kingambit, L50, F|\n|poke|p1|Espathra, L50, M|\n|poke|p1|Glimmora, L50, M|\n|poke|p2|Maushold-Four, L50|\n|poke|p2|Quaquaval, L50, F|\n|poke|p2|Glimmora, L50, M|\n|poke|p2|Meowscarada, L50, F|\n|poke|p2|Dragonite, L50, M|\n|poke|p2|Incineroar, L50, M|\n|teampreview|3\n|inactive|Battle timer is ON: inactive players will automatically lose when time's up. (requested by mirrza)\n|\n|t:|1776679584\n|teamsize|p1|3\n|teamsize|p2|3\n|start\n|switch|p1a: Glimmora|Glimmora, L50, M|100/100\n|switch|p2a: Maushold|Maushold-Four, L50|100/100\n|turn|1\n|\n|t:|1776679601\n|move|p2a: Maushold|Tidy Up|p2a: Maushold\n|-boost|p2a: Maushold|atk|1\n|-boost|p2a: Maushold|spe|1\n|move|p1a: Glimmora|Power Gem|p2a: Maushold\n|-damage|p2a: Maushold|34/100\n|\n|upkeep\n|turn|2\n|\n|t:|1776679608\n|move|p2a: Maushold|Population Bomb|p1a: Glimmora\n|-resisted|p1a: Glimmora|1\n|-damage|p1a: Glimmora|91/100\n|-activate|p1a: Glimmora|ability: Toxic Debris\n|-sidestart|p2: mirrza|move: Toxic Spikes\n|-resisted|p1a: Glimmora|1\n|-damage|p1a: Glimmora|82/100\n|-activate|p1a: Glimmora|ability: Toxic Debris\n|-sidestart|p2: mirrza|move: Toxic Spikes\n|-resisted|p1a: Glimmora|1\n|-damage|p1a: Glimmora|71/100\n|-hitcount|p1a: Glimmora|3\n|cant|p1a: Glimmora|flinch\n|\n|upkeep\n|turn|3\n|\n|t:|1776679620\n|move|p2a: Maushold|Population Bomb|p1a: Glimmora\n|-resisted|p1a: Glimmora|1\n|-damage|p1a: Glimmora|61/100\n|-resisted|p1a: Glimmora|1\n|-damage|p1a: Glimmora|51/100\n|-resisted|p1a: Glimmora|1\n|-crit|p1a: Glimmora\n|-damage|p1a: Glimmora|37/100\n|-resisted|p1a: Glimmora|1\n|-damage|p1a: Glimmora|27/100\n|-hitcount|p1a: Glimmora|4\n|move|p1a: Glimmora|Power Gem|p2a: Maushold\n|-damage|p2a: Maushold|0 fnt\n|faint|p2a: Maushold\n|\n|upkeep\n|\n|t:|1776679633\n|switch|p2a: Glimmora|Glimmora, L50, M|100/100\n|-sideend|p2: mirrza|move: Toxic Spikes|[of] p2a: Glimmora\n|turn|4\n|\n|t:|1776679638\n|move|p2a: Glimmora|Earth Power|p1a: Glimmora\n|-supereffective|p1a: Glimmora|2\n|-damage|p1a: Glimmora|0 fnt\n|faint|p1a: Glimmora\n|\n|upkeep\n|\n|t:|1776679645\n|switch|p1a: Clefable|Clefable, L50, M|100/100\n|turn|5\n|\n|t:|1776679651\n|detailschange|p1a: Clefable|Clefable-Mega, L50, M\n|-mega|p1a: Clefable|Clefable|Clefablite\n|move|p2a: Glimmora|Sludge Bomb|p1a: Clefable\n|-supereffective|p1a: Clefable|1\n|-damage|p1a: Clefable|26/100\n|move|p1a: Clefable|Cosmic Power|p1a: Clefable\n|-boost|p1a: Clefable|def|1\n|-boost|p1a: Clefable|spd|1\n|\n|upkeep\n|turn|6\n|\n|t:|1776679659\n|move|p2a: Glimmora|Sludge Bomb|p1a: Clefable\n|-supereffective|p1a: Clefable|1\n|-damage|p1a: Clefable|0 fnt\n|faint|p1a: Clefable\n|\n|upkeep\n|\n|t:|1776679663\n|switch|p1a: Espathra|Espathra, L50, M|100/100\n|turn|7\n|\n|t:|1776679666\n|move|p1a: Espathra|Protect|p1a: Espathra\n|-singleturn|p1a: Espathra|Protect\n|move|p2a: Glimmora|Mortal Spin|p1a: Espathra\n|-activate|p1a: Espathra|move: Protect\n|\n|-ability|p1a: Espathra|Speed Boost|boost\n|-boost|p1a: Espathra|spe|1\n|upkeep\n|turn|8\n|\n|t:|1776679682\n|move|p1a: Espathra|Calm Mind|p1a: Espathra\n|-boost|p1a: Espathra|spa|1\n|-boost|p1a: Espathra|spd|1\n|move|p2a: Glimmora|Mortal Spin|p1a: Espathra\n|-damage|p1a: Espathra|93/100\n|-status|p1a: Espathra|psn\n|\n|-damage|p1a: Espathra|80/100 psn|[from] psn\n|-ability|p1a: Espathra|Speed Boost|boost\n|-boost|p1a: Espathra|spe|1\n|upkeep\n|turn|9\n|\n|t:|1776679691\n|switch|p2a: Incineroar|Incineroar, L50, M|100/100\n|-ability|p2a: Incineroar|Intimidate|boost\n|-unboost|p1a: Espathra|atk|1\n|move|p1a: Espathra|Lumina Crash|p2a: Incineroar\n|-immune|p2a: Incineroar\n|\n|-damage|p1a: Espathra|68/100 psn|[from] psn\n|-ability|p1a: Espathra|Speed Boost|boost\n|-boost|p1a: Espathra|spe|1\n|upkeep\n|turn|10\n|-message|Bbbkty forfeited.\n|\n|win|mirrza\n|raw|Bbbkty's rating: 1197 &rarr; <strong>1166</strong><br />(-31 for losing)\n|raw|mirrza's rating: 1115 &rarr; <strong>1146</strong><br />(+31 for winning)\n",
  "uploadtime": 1776679713,
  "views": 5,
  "formatid": "gen9championsbssregma",
  "rating": 1146,
  "private": 0,
  "password": null
}