{
  "id": "gen9championsbssregma-2586684707",
  "format": "[Gen 9 Champions] BSS Reg M-A",
  "players": [
    "DiceyRice",
    "kyotoyoko"
  ],
  "log": "|j|\u2606DiceyRice\n|j|\u2606kyotoyoko\n|t:|1776452019\n|gametype|singles\n|player|p1|DiceyRice|miku-ghost|1505\n|player|p2|kyotoyoko|caitlin|1441\n|gen|9\n|tier|[Gen 9 Champions] BSS Reg M-A\n|rated|\n|rule|Species Clause: Limit one of each Pok\u00e9mon\n|rule|Item Clause: Limit 1 of each item\n|clearpoke\n|poke|p1|Hippowdon, L50, M|\n|poke|p1|Volcarona, L50, F|\n|poke|p1|Blastoise, L50, M|\n|poke|p1|Aegislash, L50, F|\n|poke|p1|Floette-Eternal, L50, F|\n|poke|p1|Hydreigon, L50, M|\n|poke|p2|Hippowdon, L50, F|\n|poke|p2|Charizard, L50, F|\n|poke|p2|Lucario, L50, M|\n|poke|p2|Corviknight, L50, F|\n|poke|p2|Greninja-*, L50, F|\n|poke|p2|Mimikyu, L50, F|\n|teampreview|3\n|inactive|Battle timer is ON: inactive players will automatically lose when time's up. (requested by kyotoyoko)\n|\n|t:|1776452034\n|teamsize|p1|3\n|teamsize|p2|3\n|start\n|switch|p1a: Hippowdon|Hippowdon, L50, M|100/100\n|switch|p2a: Greninja|Greninja, L50, F, shiny|100/100\n|-weather|Sandstorm|[from] ability: Sand Stream|[of] p1a: Hippowdon\n|turn|1\n|\n|t:|1776452041\n|move|p2a: Greninja|Taunt|p1a: Hippowdon\n|-start|p1a: Hippowdon|move: Taunt\n|cant|p1a: Hippowdon|move: Taunt|Yawn\n|\n|-weather|Sandstorm|[upkeep]\n|-damage|p2a: Greninja|94/100|[from] Sandstorm\n|upkeep\n|turn|2\n|\n|t:|1776452047\n|move|p2a: Greninja|Surf|p1a: Hippowdon\n|-supereffective|p1a: Hippowdon|1\n|-damage|p1a: Hippowdon|38/100\n|-enditem|p1a: Hippowdon|Sitrus Berry|[eat]\n|-heal|p1a: Hippowdon|63/100|[from] item: Sitrus Berry\n|move|p1a: Hippowdon|Earthquake|p2a: Greninja\n|-damage|p2a: Greninja|41/100\n|\n|-weather|Sandstorm|[upkeep]\n|-damage|p2a: Greninja|35/100|[from] Sandstorm\n|upkeep\n|turn|3\n|\n|t:|1776452054\n|move|p2a: Greninja|Surf|p1a: Hippowdon\n|-supereffective|p1a: Hippowdon|1\n|-damage|p1a: Hippowdon|0 fnt\n|faint|p1a: Hippowdon\n|\n|-weather|Sandstorm|[upkeep]\n|-damage|p2a: Greninja|29/100|[from] Sandstorm\n|upkeep\n|\n|t:|1776452057\n|switch|p1a: Aegislash|Aegislash, L50, F|100/100\n|turn|4\n|\n|t:|1776452064\n|move|p1a: Aegislash|King's Shield|p1a: Aegislash\n|-singleturn|p1a: Aegislash|Protect\n|move|p2a: Greninja|Dark Pulse|p1a: Aegislash\n|-activate|p1a: Aegislash|move: Protect\n|\n|-weather|Sandstorm|[upkeep]\n|-damage|p2a: Greninja|23/100|[from] Sandstorm\n|upkeep\n|turn|5\n|\n|t:|1776452070\n|-formechange|p1a: Aegislash|Aegislash-Blade|\n|move|p1a: Aegislash|Shadow Sneak|p2a: Greninja\n|-resisted|p2a: Greninja|1\n|-damage|p2a: Greninja|0 fnt\n|faint|p2a: Greninja\n|\n|-weather|none\n|upkeep\n|\n|t:|1776452079\n|switch|p2a: Charizard|Charizard, L50, F|100/100\n|turn|6\n|\n|t:|1776452083\n|detailschange|p2a: Charizard|Charizard-Mega-X, L50, F\n|-mega|p2a: Charizard|Charizard|Charizardite X\n|move|p2a: Charizard|Dragon Dance|p2a: Charizard\n|-boost|p2a: Charizard|atk|1\n|-boost|p2a: Charizard|spe|1\n|move|p1a: Aegislash|Poltergeist|p2a: Charizard\n|-activate|p2a: Charizard|move: Poltergeist|Charizardite X\n|-damage|p2a: Charizard|23/100\n|\n|upkeep\n|turn|7\n|\n|t:|1776452091\n|move|p1a: Aegislash|Shadow Sneak|p2a: Charizard\n|-damage|p2a: Charizard|0 fnt\n|faint|p2a: Charizard\n|\n|upkeep\n|-message|kyotoyoko forfeited.\n|\n|win|DiceyRice\n|raw|DiceyRice's rating: 1505 &rarr; <strong>1521</strong><br />(+16 for winning)\n|raw|kyotoyoko's rating: 1441 &rarr; <strong>1425</strong><br />(-16 for losing)\n|l|\u2606kyotoyoko\n|player|p2|\n",
  "uploadtime": 1776452101,
  "views": 24,
  "formatid": "gen9championsbssregma",
  "rating": 1425,
  "private": 0,
  "password": null
}