{
  "id": "gen9championsbssregma-2585135979",
  "format": "[Gen 9 Champions] BSS Reg M-A",
  "players": [
    "yann3779",
    "BJZJS"
  ],
  "log": "|j|\u2606yann3779\n|j|\u2606BJZJS\n|t:|1776316096\n|gametype|singles\n|player|p1|yann3779|2|1317\n|player|p2|BJZJS|265|1312\n|gen|9\n|tier|[Gen 9 Champions] BSS Reg M-A\n|rated|\n|rule|Species Clause: Limit one of each Pok\u00e9mon\n|rule|Item Clause: Limit 1 of each item\n|clearpoke\n|poke|p1|Garchomp, L50, M|\n|poke|p1|Aegislash, L50, F|\n|poke|p1|Meganium, L50, M|\n|poke|p1|Dragonite, L50, F|\n|poke|p1|Kleavor, L50, M|\n|poke|p1|Lopunny, L50, F|\n|poke|p2|Zoroark-Hisui, L50, M|\n|poke|p2|Charizard, L50, M|\n|poke|p2|Primarina, L50, F|\n|poke|p2|Kingambit, L50, F|\n|poke|p2|Dragonite, L50, M|\n|poke|p2|Toxapex, L50, M|\n|teampreview|3\n|inactive|Battle timer is ON: inactive players will automatically lose when time's up. (requested by yann3779)\n|\n|t:|1776316134\n|teamsize|p1|3\n|teamsize|p2|3\n|start\n|switch|p1a: Kleavor|Kleavor, L50, M|100/100\n|switch|p2a: Charizard|Charizard, L50, M|100/100\n|turn|1\n|\n|t:|1776316140\n|move|p2a: Charizard|Bitter Malice|p1a: Kleavor\n|-damage|p1a: Kleavor|36/100\n|-unboost|p1a: Kleavor|atk|1\n|move|p1a: Kleavor|Stone Axe|p2a: Charizard\n|-damage|p2a: Charizard|16/100\n|replace|p2a: Zoroark|Zoroark-Hisui, L50, M\n|-end|p2a: Zoroark|Illusion\n|-sidestart|p2: BJZJS|move: Stealth Rock\n|\n|upkeep\n|turn|2\n|\n|t:|1776316147\n|move|p2a: Zoroark|Bitter Malice|p1a: Kleavor\n|-damage|p1a: Kleavor|0 fnt\n|faint|p1a: Kleavor\n|\n|upkeep\n|\n|t:|1776316151\n|switch|p1a: Lopunny|Lopunny, L50, F|100/100\n|turn|3\n|\n|t:|1776316158\n|switch|p2a: Toxapex|Toxapex, L50, M|100/100\n|-damage|p2a: Toxapex|88/100|[from] Stealth Rock\n|detailschange|p1a: Lopunny|Lopunny-Mega, L50, F\n|-mega|p1a: Lopunny|Lopunny|Lopunnite\n|move|p1a: Lopunny|Fake Out|p2a: Toxapex\n|-damage|p2a: Toxapex|74/100\n|\n|-heal|p2a: Toxapex|80/100|[from] item: Leftovers\n|upkeep\n|turn|4\n|\n|t:|1776316164\n|switch|p1a: Garchomp|Garchomp, L50, M|100/100\n|move|p2a: Toxapex|Toxic|p1a: Garchomp\n|-status|p1a: Garchomp|tox\n|\n|-heal|p2a: Toxapex|86/100|[from] item: Leftovers\n|-damage|p1a: Garchomp|94/100 tox|[from] psn\n|upkeep\n|turn|5\n|\n|t:|1776316171\n|switch|p2a: Charizard|Charizard, L50, M|100/100\n|-damage|p2a: Charizard|51/100|[from] Stealth Rock\n|move|p1a: Garchomp|Rock Slide|p2a: Charizard\n|-supereffective|p2a: Charizard|2\n|-damage|p2a: Charizard|0 fnt\n|faint|p2a: Charizard\n|\n|-damage|p1a: Garchomp|82/100 tox|[from] psn\n|upkeep\n|\n|t:|1776316177\n|switch|p2a: Toxapex|Toxapex, L50, M|16/100\n|-damage|p2a: Toxapex|4/100|[from] Stealth Rock\n|turn|6\n|\n|t:|1776316181\n|move|p1a: Garchomp|Rock Slide|p2a: Toxapex\n|-damage|p2a: Toxapex|0 fnt\n|replace|p2a: Zoroark|Zoroark-Hisui, L50, M\n|-end|p2a: Zoroark|Illusion\n|faint|p2a: Zoroark\n|\n|-damage|p1a: Garchomp|64/100 tox|[from] psn\n|upkeep\n|\n|t:|1776316184\n|switch|p2a: Toxapex|Toxapex, L50, M|100/100\n|-damage|p2a: Toxapex|88/100|[from] Stealth Rock\n|turn|7\n|\n|t:|1776316189\n|switch|p1a: Lopunny|Lopunny-Mega, L50, F|100/100\n|move|p2a: Toxapex|Toxic|p1a: Lopunny\n|-status|p1a: Lopunny|tox\n|\n|-heal|p2a: Toxapex|94/100|[from] item: Leftovers\n|-damage|p1a: Lopunny|95/100 tox|[from] psn\n|upkeep\n|turn|8\n|\n|t:|1776316195\n|switch|p1a: Garchomp|Garchomp, L50, M|64/100 tox\n|move|p2a: Toxapex|Chilling Water|p1a: Garchomp\n|-damage|p1a: Garchomp|53/100 tox\n|-unboost|p1a: Garchomp|atk|1\n|\n|-heal|p2a: Toxapex|99/100|[from] item: Leftovers\n|-damage|p1a: Garchomp|47/100 tox|[from] psn\n|upkeep\n|turn|9\n|\n|t:|1776316198\n|move|p1a: Garchomp|Earthquake|p2a: Toxapex\n|-supereffective|p2a: Toxapex|1\n|-damage|p2a: Toxapex|57/100\n|move|p2a: Toxapex|Recover|p2a: Toxapex\n|-heal|p2a: Toxapex|100/100\n|\n|-damage|p1a: Garchomp|35/100 tox|[from] psn\n|upkeep\n|turn|10\n|\n|t:|1776316205\n|switch|p1a: Lopunny|Lopunny-Mega, L50, F|95/100 tox\n|move|p2a: Toxapex|Chilling Water|p1a: Lopunny\n|-damage|p1a: Lopunny|81/100 tox\n|-unboost|p1a: Lopunny|atk|1\n|\n|-damage|p1a: Lopunny|75/100 tox|[from] psn\n|upkeep\n|turn|11\n|\n|t:|1776316209\n|move|p1a: Lopunny|Close Combat|p2a: Toxapex\n|-resisted|p2a: Toxapex|1\n|-crit|p2a: Toxapex\n|-damage|p2a: Toxapex|69/100\n|-unboost|p1a: Lopunny|def|1\n|-unboost|p1a: Lopunny|spd|1\n|move|p2a: Toxapex|Chilling Water|p1a: Lopunny\n|-damage|p1a: Lopunny|54/100 tox\n|-unboost|p1a: Lopunny|atk|1\n|\n|-heal|p2a: Toxapex|74/100|[from] item: Leftovers\n|-damage|p1a: Lopunny|43/100 tox|[from] psn\n|upkeep\n|turn|12\n|\n|t:|1776316218\n|move|p1a: Lopunny|Close Combat|p2a: Toxapex\n|-resisted|p2a: Toxapex|1\n|-damage|p2a: Toxapex|65/100\n|-unboost|p1a: Lopunny|def|1\n|-unboost|p1a: Lopunny|spd|1\n|move|p2a: Toxapex|Chilling Water|p1a: Lopunny\n|-damage|p1a: Lopunny|14/100 tox\n|-unboost|p1a: Lopunny|atk|1\n|\n|-heal|p2a: Toxapex|71/100|[from] item: Leftovers\n|-damage|p1a: Lopunny|0 fnt|[from] psn\n|faint|p1a: Lopunny\n|upkeep\n|\n|t:|1776316221\n|switch|p1a: Garchomp|Garchomp, L50, M|35/100 tox\n|turn|13\n|\n|t:|1776316223\n|move|p1a: Garchomp|Earthquake|p2a: Toxapex\n|-supereffective|p2a: Toxapex|1\n|-crit|p2a: Toxapex\n|-damage|p2a: Toxapex|0 fnt\n|faint|p2a: Toxapex\n|\n|win|yann3779\n|raw|yann3779's rating: 1317 &rarr; <strong>1337</strong><br />(+20 for winning)\n|raw|BJZJS's rating: 1312 &rarr; <strong>1292</strong><br />(-20 for losing)\n|j| p74\n|l|\u2606yann3779\n|player|p1|\n|l|\u2606BJZJS\n|player|p2|\n",
  "uploadtime": 1776316238,
  "views": 3,
  "formatid": "gen9championsbssregma",
  "rating": 1292,
  "private": 0,
  "password": null
}