{
  "id": "gen9championsbssregma-2586912472",
  "format": "[Gen 9 Champions] BSS Reg M-A",
  "players": [
    "nrgkrg",
    "kyotoyoko"
  ],
  "log": "|j|\u2606nrgkrg\n|j|\u2606kyotoyoko\n|t:|1776471134\n|gametype|singles\n|player|p1|nrgkrg|170|1320\n|player|p2|kyotoyoko|caitlin|1449\n|gen|9\n|tier|[Gen 9 Champions] BSS Reg M-A\n|rated|\n|rule|Species Clause: Limit one of each Pok\u00e9mon\n|rule|Item Clause: Limit 1 of each item\n|clearpoke\n|poke|p1|Delphox, L50, F|\n|poke|p1|Lopunny, L50, M|\n|poke|p1|Archaludon, L50, F|\n|poke|p1|Sylveon, L50, M|\n|poke|p1|Corviknight, L50, F|\n|poke|p1|Garchomp, L50, F|\n|poke|p2|Hippowdon, L50, F|\n|poke|p2|Charizard, L50, F|\n|poke|p2|Lucario, L50, M|\n|poke|p2|Corviknight, L50, M|\n|poke|p2|Greninja-*, L50, F|\n|poke|p2|Mimikyu, L50, F|\n|teampreview|3\n|\n|t:|1776471173\n|teamsize|p1|3\n|teamsize|p2|3\n|start\n|switch|p1a: Archaludon|Archaludon, L50, F|100/100\n|switch|p2a: Hippowdon|Hippowdon, L50, F|100/100\n|-weather|Sandstorm|[from] ability: Sand Stream|[of] p2a: Hippowdon\n|turn|1\n|\n|t:|1776471189\n|move|p1a: Archaludon|Stealth Rock|p2a: Hippowdon\n|-sidestart|p2: kyotoyoko|move: Stealth Rock\n|move|p2a: Hippowdon|Stealth Rock|p1a: Archaludon\n|-sidestart|p1: nrgkrg|move: Stealth Rock\n|\n|-weather|Sandstorm|[upkeep]\n|upkeep\n|turn|2\n|\n|t:|1776471197\n|move|p1a: Archaludon|Flash Cannon|p2a: Hippowdon\n|-damage|p2a: Hippowdon|74/100\n|-unboost|p2a: Hippowdon|spd|1\n|move|p2a: Hippowdon|Yawn|p1a: Archaludon\n|-start|p1a: Archaludon|move: Yawn|[of] p2a: Hippowdon\n|\n|-weather|Sandstorm|[upkeep]\n|upkeep\n|turn|3\n|j| p74\n|\n|t:|1776471203\n|switch|p1a: Corviknight|Corviknight, L50, F|100/100\n|-damage|p1a: Corviknight|88/100|[from] Stealth Rock\n|move|p2a: Hippowdon|Yawn|p1a: Corviknight\n|-start|p1a: Corviknight|move: Yawn|[of] p2a: Hippowdon\n|\n|-weather|Sandstorm|[upkeep]\n|upkeep\n|turn|4\n|\n|t:|1776471210\n|move|p1a: Corviknight|Bulk Up|p1a: Corviknight\n|-boost|p1a: Corviknight|atk|1\n|-boost|p1a: Corviknight|def|1\n|move|p2a: Hippowdon|Yawn||[still]\n|-fail|p2a: Hippowdon\n|\n|-weather|Sandstorm|[upkeep]\n|-end|p1a: Corviknight|move: Yawn|[silent]\n|-status|p1a: Corviknight|slp\n|-enditem|p1a: Corviknight|Lum Berry|[eat]\n|-curestatus|p1a: Corviknight|slp|[msg]\n|upkeep\n|turn|5\n|\n|t:|1776471214\n|move|p1a: Corviknight|Taunt|p2a: Hippowdon\n|-start|p2a: Hippowdon|move: Taunt\n|cant|p2a: Hippowdon|move: Taunt|Yawn\n|\n|-weather|none\n|upkeep\n|turn|6\n|\n|t:|1776471223\n|switch|p2a: Corviknight|Corviknight, L50, M|100/100\n|-damage|p2a: Corviknight|88/100|[from] Stealth Rock\n|-ability|p2a: Corviknight|Pressure\n|move|p1a: Corviknight|Brave Bird|p2a: Corviknight\n|-resisted|p2a: Corviknight|1\n|-damage|p2a: Corviknight|71/100\n|-damage|p1a: Corviknight|82/100|[from] Recoil\n|\n|-heal|p2a: Corviknight|77/100|[from] item: Leftovers\n|upkeep\n|turn|7\n|\n|t:|1776471235\n|move|p1a: Corviknight|Taunt|p2a: Corviknight\n|-start|p2a: Corviknight|move: Taunt\n|cant|p2a: Corviknight|move: Taunt|Iron Defense\n|\n|-heal|p2a: Corviknight|83/100|[from] item: Leftovers\n|upkeep\n|turn|8\n|\n|t:|1776471240\n|move|p1a: Corviknight|Bulk Up|p1a: Corviknight\n|-boost|p1a: Corviknight|atk|1\n|-boost|p1a: Corviknight|def|1\n|move|p2a: Corviknight|U-turn|p1a: Corviknight\n|-resisted|p1a: Corviknight|2\n|-damage|p1a: Corviknight|80/100\n|-message|kyotoyoko forfeited.\n|\n|win|nrgkrg\n|raw|nrgkrg's rating: 1320 &rarr; <strong>1347</strong><br />(+27 for winning)\n|raw|kyotoyoko's rating: 1449 &rarr; <strong>1422</strong><br />(-27 for losing)\n|l|\u2606kyotoyoko\n|player|p2|\n|l|\u2606nrgkrg\n|player|p1|\n",
  "uploadtime": 1776471296,
  "views": 3,
  "formatid": "gen9championsbssregma",
  "rating": 1347,
  "private": 0,
  "password": null
}