{
  "id": "gen9championsbssregma-2583202415",
  "format": "[Gen 9 Champions] BSS Reg M-A",
  "players": [
    "michinsaram",
    "coffeineadd1ct"
  ],
  "log": "|j|\u2606michinsaram\n|j|\u2606coffeineadd1ct\n|t:|1776154231\n|gametype|singles\n|player|p1|michinsaram|1|1308\n|player|p2|coffeineadd1ct|2|1398\n|gen|9\n|tier|[Gen 9 Champions] BSS Reg M-A\n|rated|\n|rule|Species Clause: Limit one of each Pok\u00e9mon\n|rule|Item Clause: Limit 1 of each item\n|clearpoke\n|poke|p1|Pelipper, L50, F|\n|poke|p1|Archaludon, L50, F|\n|poke|p1|Lucario, L50, F|\n|poke|p1|Basculegion, L50, M|\n|poke|p1|Meganium, L50, F|\n|poke|p1|Garchomp, L50, M|\n|poke|p2|Kangaskhan, L50, F|\n|poke|p2|Aegislash, L50, M|\n|poke|p2|Garchomp, L50, M|\n|poke|p2|Primarina, L50, F|\n|poke|p2|Kingambit, L50, M|\n|poke|p2|Delphox, L50, F|\n|teampreview|3\n|inactive|Battle timer is ON: inactive players will automatically lose when time's up. (requested by coffeineadd1ct)\n|inactive|coffeineadd1ct has 60 seconds left.\n|\n|t:|1776154268\n|teamsize|p1|3\n|teamsize|p2|3\n|start\n|switch|p1a: Pelipper|Pelipper, L50, F|100/100\n|switch|p2a: Kangaskhan|Kangaskhan, L50, F|100/100\n|-weather|RainDance|[from] ability: Drizzle|[of] p1a: Pelipper\n|turn|1\n|\n|t:|1776154276\n|detailschange|p2a: Kangaskhan|Kangaskhan-Mega, L50, F\n|-mega|p2a: Kangaskhan|Kangaskhan|Kangaskhanite\n|move|p2a: Kangaskhan|Double-Edge|p1a: Pelipper\n|-damage|p1a: Pelipper|18/100\n|-damage|p1a: Pelipper|0 fnt\n|faint|p1a: Pelipper\n|-hitcount|p1: Pelipper|2\n|-damage|p2a: Kangaskhan|76/100|[from] Recoil\n|\n|-weather|RainDance|[upkeep]\n|upkeep\n|\n|t:|1776154285\n|switch|p1a: Lucario|Lucario, L50, F|100/100\n|turn|2\n|\n|t:|1776154293\n|switch|p2a: Aegislash|Aegislash, L50, M, shiny|100/100\n|detailschange|p1a: Lucario|Lucario-Mega, L50, F\n|-mega|p1a: Lucario|Lucario|Lucarionite\n|move|p1a: Lucario|Close Combat|p2a: Aegislash\n|-immune|p2a: Aegislash\n|\n|-weather|RainDance|[upkeep]\n|upkeep\n|turn|3\n|\n|t:|1776154305\n|switch|p1a: Garchomp|Garchomp, L50, M|100/100\n|-formechange|p2a: Aegislash|Aegislash-Blade|\n|move|p2a: Aegislash|Close Combat|p1a: Garchomp\n|-damage|p1a: Garchomp|62/100\n|-unboost|p2a: Aegislash|def|1\n|-unboost|p2a: Aegislash|spd|1\n|-damage|p2a: Aegislash|88/100|[from] ability: Rough Skin|[of] p1a: Garchomp\n|\n|-weather|RainDance|[upkeep]\n|-heal|p2a: Aegislash|94/100|[from] item: Leftovers\n|upkeep\n|turn|4\n|inactive|coffeineadd1ct has 30 seconds left.\n|\n|t:|1776154335\n|-formechange|p2a: Aegislash|Aegislash|\n|move|p2a: Aegislash|King's Shield|p2a: Aegislash\n|-singleturn|p2a: Aegislash|Protect\n|move|p1a: Garchomp|Earthquake|p2a: Aegislash\n|-activate|p2a: Aegislash|move: Protect\n|\n|-weather|RainDance|[upkeep]\n|-heal|p2a: Aegislash|100/100|[from] item: Leftovers\n|upkeep\n|turn|5\n|\n|t:|1776154345\n|switch|p2a: Kangaskhan|Kangaskhan-Mega, L50, F|76/100\n|move|p1a: Garchomp|Earthquake|p2a: Kangaskhan\n|-damage|p2a: Kangaskhan|22/100\n|\n|-weather|none\n|upkeep\n|turn|6\n|\n|t:|1776154352\n|move|p1a: Garchomp|Earthquake|p2a: Kangaskhan\n|-damage|p2a: Kangaskhan|0 fnt\n|faint|p2a: Kangaskhan\n|\n|upkeep\n|j| p74\n|\n|t:|1776154361\n|switch|p2a: Kingambit|Kingambit, L50, M|100/100\n|-activate|p2a: Kingambit|ability: Supreme Overlord\n|-start|p2a: Kingambit|fallen1|[silent]\n|turn|7\n|\n|t:|1776154371\n|switch|p1a: Lucario|Lucario-Mega, L50, F|100/100\n|-end|p2a: Kingambit|fallen1|[silent]\n|switch|p2a: Aegislash|Aegislash, L50, M, shiny|100/100\n|\n|upkeep\n|turn|8\n|\n|t:|1776154376\n|move|p1a: Lucario|Swords Dance|p1a: Lucario\n|-boost|p1a: Lucario|atk|2\n|-formechange|p2a: Aegislash|Aegislash-Blade|\n|move|p2a: Aegislash|Close Combat|p1a: Lucario\n|-supereffective|p1a: Lucario|1\n|-damage|p1a: Lucario|1/100\n|-unboost|p2a: Aegislash|def|1\n|-unboost|p2a: Aegislash|spd|1\n|\n|upkeep\n|turn|9\n|\n|t:|1776154388\n|-formechange|p2a: Aegislash|Aegislash|\n|move|p2a: Aegislash|King's Shield|p2a: Aegislash\n|-singleturn|p2a: Aegislash|Protect\n|move|p1a: Lucario|Bullet Punch|p2a: Aegislash\n|-activate|p2a: Aegislash|move: Protect\n|-unboost|p1a: Lucario|atk|1\n|\n|upkeep\n|turn|10\n|\n|t:|1776154395\n|move|p1a: Lucario|Bullet Punch|p2a: Aegislash\n|-resisted|p2a: Aegislash|1\n|-damage|p2a: Aegislash|71/100\n|-formechange|p2a: Aegislash|Aegislash-Blade|\n|move|p2a: Aegislash|Shadow Sneak|p1a: Lucario\n|-damage|p1a: Lucario|0 fnt\n|faint|p1a: Lucario\n|\n|-heal|p2a: Aegislash|77/100|[from] item: Leftovers\n|upkeep\n|\n|t:|1776154399\n|switch|p1a: Garchomp|Garchomp, L50, M|62/100\n|turn|11\n|\n|t:|1776154406\n|move|p1a: Garchomp|Earthquake|p2a: Aegislash\n|-supereffective|p2a: Aegislash|1\n|-damage|p2a: Aegislash|0 fnt\n|faint|p2a: Aegislash\n|\n|upkeep\n|\n|t:|1776154410\n|switch|p2a: Kingambit|Kingambit, L50, M|100/100\n|-activate|p2a: Kingambit|ability: Supreme Overlord\n|-start|p2a: Kingambit|fallen2|[silent]\n|turn|12\n|\n|t:|1776154414\n|move|p1a: Garchomp|Earthquake|p2a: Kingambit\n|-supereffective|p2a: Kingambit|1\n|-damage|p2a: Kingambit|9/100\n|move|p2a: Kingambit|Kowtow Cleave|p1a: Garchomp\n|-damage|p1a: Garchomp|0 fnt\n|-damage|p2a: Kingambit|0 fnt|[from] ability: Rough Skin|[of] p1a: Garchomp\n|faint|p1a: Garchomp\n|faint|p2a: Kingambit\n|-end|p2a: Kingambit|fallen2|[silent]\n|\n|win|coffeineadd1ct\n|raw|michinsaram's rating: 1308 &rarr; <strong>1293</strong><br />(-15 for losing)\n|raw|coffeineadd1ct's rating: 1398 &rarr; <strong>1413</strong><br />(+15 for winning)\n|l|\u2606michinsaram\n|player|p1|\n|l|\u2606coffeineadd1ct\n|player|p2|\n",
  "uploadtime": 1776154528,
  "views": 7,
  "formatid": "gen9championsbssregma",
  "rating": 1293,
  "private": 0,
  "password": null
}