{
  "id": "gen9championsbssregma-2580949943",
  "format": "[Gen 9 Champions] BSS Reg M-A",
  "players": [
    "Spectre Ace",
    "carbonlifeformmeme"
  ],
  "log": "|j|\u2606Spectre Ace\n|j|\u2606carbonlifeformmeme\n|t:|1775945968\n|gametype|singles\n|player|p1|Spectre Ace|cyclist-gen4|1000\n|player|p2|carbonlifeformmeme|1|1056\n|gen|9\n|tier|[Gen 9 Champions] BSS Reg M-A\n|rated|\n|rule|Species Clause: Limit one of each Pok\u00e9mon\n|rule|Item Clause: Limit 1 of each item\n|clearpoke\n|poke|p1|Rotom-Wash, L50|\n|poke|p1|Raichu-Alola, L50, F|\n|poke|p1|Garchomp, L50, F|\n|poke|p1|Scizor, L50, M|\n|poke|p1|Hatterene, L50, F|\n|poke|p1|Blastoise, L50, F|\n|poke|p2|Meowscarada, L50, M|\n|poke|p2|Froslass, L50, F|\n|poke|p2|Quaquaval, L50, F|\n|poke|p2|Orthworm, L50, F|\n|poke|p2|Hatterene, L50, F|\n|poke|p2|Glimmora, L50, M|\n|teampreview|3\n|\n|t:|1775945989\n|teamsize|p1|3\n|teamsize|p2|3\n|start\n|switch|p1a: Garchomp|Garchomp, L50, F|100/100\n|switch|p2a: Meowscarada|Meowscarada, L50, M|100/100\n|turn|1\n|\n|t:|1775945999\n|move|p2a: Meowscarada|Triple Axel|p1a: Garchomp\n|-start|p2a: Meowscarada|typechange|Ice|[from] ability: Protean\n|-supereffective|p1a: Garchomp|2\n|-damage|p1a: Garchomp|59/100\n|-damage|p2a: Meowscarada|88/100|[from] ability: Rough Skin|[of] p1a: Garchomp\n|-supereffective|p1a: Garchomp|2\n|-damage|p1a: Garchomp|0 fnt\n|-damage|p2a: Meowscarada|76/100|[from] ability: Rough Skin|[of] p1a: Garchomp\n|faint|p1a: Garchomp\n|-hitcount|p1: Garchomp|2\n|\n|upkeep\n|\n|t:|1775946002\n|switch|p1a: Rotom|Rotom-Wash, L50, shiny|100/100\n|turn|2\n|\n|t:|1775946017\n|switch|p2a: Glimmora|Glimmora, L50, M|100/100\n|move|p1a: Rotom|Electric Terrain|p1a: Rotom\n|-fieldstart|move: Electric Terrain\n|\n|upkeep\n|turn|3\n|\n|t:|1775946023\n|move|p2a: Glimmora|Power Gem|p1a: Rotom\n|-damage|p1a: Rotom|52/100\n|move|p1a: Rotom|Volt Switch|p2a: Glimmora\n|-damage|p2a: Glimmora|69/100\n|\n|t:|1775946025\n|switch|p1a: Raichu|Raichu-Alola, L50, F, shiny|100/100|[from] Volt Switch\n|\n|upkeep\n|turn|4\n|\n|t:|1775946033\n|move|p1a: Raichu|Rising Voltage|p2a: Glimmora\n|-hint|Rising Voltage's BP doubled on grounded target.\n|-damage|p2a: Glimmora|0 fnt\n|faint|p2a: Glimmora\n|\n|upkeep\n|\n|t:|1775946039\n|switch|p2a: Meowscarada|Meowscarada, L50, M|76/100\n|turn|5\n|\n|t:|1775946045\n|move|p1a: Raichu|Rising Voltage|p2a: Meowscarada\n|-hint|Rising Voltage's BP doubled on grounded target.\n|-resisted|p2a: Meowscarada|1\n|-damage|p2a: Meowscarada|0 fnt\n|faint|p2a: Meowscarada\n|\n|upkeep\n|\n|t:|1775946050\n|switch|p2a: Froslass|Froslass, L50, F|100/100\n|turn|6\n|\n|t:|1775946056\n|detailschange|p2a: Froslass|Froslass-Mega, L50, F\n|-mega|p2a: Froslass|Froslass|Froslassite\n|-weather|Snowscape|[from] ability: Snow Warning|[of] p2a: Froslass\n|move|p1a: Raichu|Rising Voltage|p2a: Froslass\n|-hint|Rising Voltage's BP doubled on grounded target.\n|-damage|p2a: Froslass|0 fnt\n|faint|p2a: Froslass\n|\n|win|Spectre Ace\n|raw|Spectre Ace's rating: 1000 &rarr; <strong>1046</strong><br />(+46 for winning)\n|raw|carbonlifeformmeme's rating: 1056 &rarr; <strong>1035</strong><br />(-21 for losing)\n|l|\u2606carbonlifeformmeme\n|player|p2|\n",
  "uploadtime": 1775946063,
  "views": 16,
  "formatid": "gen9championsbssregma",
  "rating": 1035,
  "private": 0,
  "password": null
}