{
  "id": "gen9championsbssregma-2583106158",
  "format": "[Gen 9 Champions] BSS Reg M-A",
  "players": [
    "coffeineadd1ct",
    "Z-Star Ultima"
  ],
  "log": "|j|\u2606coffeineadd1ct\n|j|\u2606Z-Star Ultima\n|t:|1776142690\n|gametype|singles\n|player|p1|coffeineadd1ct|2|1326\n|player|p2|Z-Star Ultima|101|1241\n|gen|9\n|tier|[Gen 9 Champions] BSS Reg M-A\n|rated|\n|rule|Species Clause: Limit one of each Pok\u00e9mon\n|rule|Item Clause: Limit 1 of each item\n|clearpoke\n|poke|p1|Kangaskhan, L50, F|\n|poke|p1|Aegislash, L50, M|\n|poke|p1|Garchomp, L50, M|\n|poke|p1|Primarina, L50, F|\n|poke|p1|Kingambit, L50, M|\n|poke|p1|Delphox, L50, F|\n|poke|p2|Charizard, L50, M|\n|poke|p2|Rotom-Wash, L50|\n|poke|p2|Meowscarada, L50, M|\n|poke|p2|Hippowdon, L50, M|\n|poke|p2|Hydreigon, L50, F|\n|poke|p2|Kingambit, L50, F|\n|teampreview|3\n|inactive|Battle timer is ON: inactive players will automatically lose when time's up. (requested by coffeineadd1ct)\n|inactive|Z-Star Ultima has 60 seconds left.\n|inactive|Z-Star Ultima has 30 seconds left.\n|\n|t:|1776142755\n|teamsize|p1|3\n|teamsize|p2|3\n|start\n|switch|p1a: Garchomp|Garchomp, L50, M|100/100\n|switch|p2a: Meowscarada|Meowscarada, L50, M|100/100\n|turn|1\n|\n|t:|1776142767\n|switch|p1a: Kingambit|Kingambit, L50, M|100/100\n|move|p2a: Meowscarada|Triple Axel|p1a: Kingambit\n|-resisted|p1a: Kingambit|1\n|-damage|p1a: Kingambit|97/100\n|-resisted|p1a: Kingambit|1\n|-damage|p1a: Kingambit|92/100\n|-resisted|p1a: Kingambit|1\n|-damage|p1a: Kingambit|83/100\n|-hitcount|p1a: Kingambit|3\n|\n|upkeep\n|turn|2\n|\n|t:|1776142780\n|-end|p1a: Kingambit|fallenundefined|[silent]\n|switch|p1a: Primarina|Primarina, L50, F|100/100\n|move|p2a: Meowscarada|U-turn|p1a: Primarina\n|-resisted|p1a: Primarina|1\n|-damage|p1a: Primarina|88/100\n|\n|t:|1776142786\n|switch|p2a: Kingambit|Kingambit, L50, F|100/100|[from] U-turn\n|\n|upkeep\n|turn|3\n|inactive|Z-Star Ultima has 30 seconds left.\n|inactive|Z-Star Ultima has 20 seconds left.\n|\n|t:|1776142823\n|move|p1a: Primarina|Moonblast|p2a: Kingambit\n|-damage|p2a: Kingambit|54/100\n|move|p2a: Kingambit|Kowtow Cleave|p1a: Primarina\n|-resisted|p1a: Primarina|1\n|-damage|p1a: Primarina|56/100\n|\n|upkeep\n|turn|4\n|\n|t:|1776142845\n|move|p1a: Primarina|Moonblast|p2a: Kingambit\n|-damage|p2a: Kingambit|4/100\n|move|p2a: Kingambit|Iron Head|p1a: Primarina\n|-damage|p1a: Primarina|4/100\n|-enditem|p1a: Primarina|Sitrus Berry|[eat]\n|-heal|p1a: Primarina|28/100|[from] item: Sitrus Berry\n|\n|upkeep\n|turn|5\n|\n|t:|1776142859\n|move|p2a: Kingambit|Sucker Punch|p1a: Primarina\n|-resisted|p1a: Primarina|1\n|-damage|p1a: Primarina|1/100\n|move|p1a: Primarina|Sparkling Aria|p2a: Kingambit\n|-damage|p2a: Kingambit|0 fnt\n|faint|p2a: Kingambit\n|-end|p2a: Kingambit|fallenundefined|[silent]\n|\n|upkeep\n|\n|t:|1776142869\n|switch|p2a: Charizard|Charizard, L50, M|100/100\n|turn|6\n|j| p74\n|\n|t:|1776142887\n|move|p1a: Primarina|Aqua Jet|p2a: Charizard\n|-supereffective|p2a: Charizard|1\n|-damage|p2a: Charizard|50/100\n|move|p2a: Charizard|Flame Charge|p1a: Primarina\n|-resisted|p1a: Primarina|1\n|-damage|p1a: Primarina|0 fnt\n|-boost|p2a: Charizard|spe|1\n|faint|p1a: Primarina\n|\n|upkeep\n|\n|t:|1776142898\n|switch|p1a: Garchomp|Garchomp, L50, M|100/100\n|turn|7\n|\n|t:|1776142904\n|detailschange|p2a: Charizard|Charizard-Mega-X, L50, M\n|-mega|p2a: Charizard|Charizard|Charizardite X\n|move|p2a: Charizard|Outrage|p1a: Garchomp\n|-supereffective|p1a: Garchomp|1\n|-enditem|p1a: Garchomp|Focus Sash\n|-damage|p1a: Garchomp|1/100\n|-damage|p2a: Charizard|38/100|[from] ability: Rough Skin|[of] p1a: Garchomp\n|move|p1a: Garchomp|Rock Tomb|p2a: Charizard\n|-supereffective|p2a: Charizard|1\n|-damage|p2a: Charizard|0 fnt\n|faint|p2a: Charizard\n|\n|upkeep\n|\n|t:|1776142913\n|switch|p2a: Meowscarada|Meowscarada, L50, M|100/100\n|turn|8\n|\n|t:|1776142919\n|move|p2a: Meowscarada|Flower Trick|p1a: Garchomp\n|-crit|p1a: Garchomp\n|-damage|p1a: Garchomp|0 fnt\n|faint|p1a: Garchomp\n|\n|upkeep\n|\n|t:|1776142923\n|switch|p1a: Kingambit|Kingambit, L50, M|83/100\n|-activate|p1a: Kingambit|ability: Supreme Overlord\n|-start|p1a: Kingambit|fallen2|[silent]\n|turn|9\n|\n|t:|1776142930\n|move|p2a: Meowscarada|Knock Off|p1a: Kingambit\n|-resisted|p1a: Kingambit|1\n|-damage|p1a: Kingambit|64/100\n|-enditem|p1a: Kingambit|Black Glasses|[from] move: Knock Off|[of] p2a: Meowscarada\n|move|p1a: Kingambit|Low Kick|p2a: Meowscarada\n|-supereffective|p2a: Meowscarada|1\n|-damage|p2a: Meowscarada|5/100\n|\n|upkeep\n|turn|10\n|\n|t:|1776142937\n|move|p2a: Meowscarada|Knock Off|p1a: Kingambit\n|-resisted|p1a: Kingambit|1\n|-damage|p1a: Kingambit|51/100\n|move|p1a: Kingambit|Kowtow Cleave|p2a: Meowscarada\n|-resisted|p2a: Meowscarada|1\n|-damage|p2a: Meowscarada|0 fnt\n|faint|p2a: Meowscarada\n|\n|win|coffeineadd1ct\n|raw|coffeineadd1ct's rating: 1326 &rarr; <strong>1341</strong><br />(+15 for winning)\n|raw|Z-Star Ultima's rating: 1241 &rarr; <strong>1222</strong><br />(-19 for losing)\n|l|\u2606Z-Star Ultima\n|player|p2|\n|l|\u2606coffeineadd1ct\n|player|p1|\n",
  "uploadtime": 1776143002,
  "views": 2,
  "formatid": "gen9championsbssregma",
  "rating": 1222,
  "private": 0,
  "password": null
}