{
  "id": "gen9championsbssregma-2581174603",
  "format": "[Gen 9 Champions] BSS Reg M-A",
  "players": [
    "Nascarfan1896",
    "Reilly5005"
  ],
  "log": "|j|\u2606Nascarfan1896\n|j|\u2606Reilly5005\n|t:|1775967211\n|gametype|singles\n|player|p1|Nascarfan1896|gambler|1075\n|player|p2|Reilly5005|roxie|1000\n|gen|9\n|tier|[Gen 9 Champions] BSS Reg M-A\n|rated|\n|rule|Species Clause: Limit one of each Pok\u00e9mon\n|rule|Item Clause: Limit 1 of each item\n|clearpoke\n|poke|p1|Goodra, L50, F|\n|poke|p1|Toxapex, L50, F|\n|poke|p1|Ditto, L50|\n|poke|p1|Skarmory, L50, M|\n|poke|p1|Gyarados, L50, M|\n|poke|p1|Aggron, L50, F|\n|poke|p2|Aggron, L50, F|\n|poke|p2|Garchomp, L50, M|\n|poke|p2|Tyranitar, L50, M|\n|teampreview|3\n|\n|t:|1775967264\n|teamsize|p1|3\n|teamsize|p2|3\n|start\n|switch|p1a: You know you found|Gyarados, L50, M|100/100\n|switch|p2a: Tyranitar|Tyranitar, L50, M|100/100\n|-ability|p1a: You know you found|Intimidate|boost\n|-unboost|p2a: Tyranitar|atk|1\n|-weather|Sandstorm|[from] ability: Sand Stream|[of] p2a: Tyranitar\n|turn|1\n|\n|t:|1775967279\n|move|p1a: You know you found|Dragon Dance|p1a: You know you found\n|-boost|p1a: You know you found|atk|1\n|-boost|p1a: You know you found|spe|1\n|move|p2a: Tyranitar|Stealth Rock|p1a: You know you found\n|-sidestart|p1: Nascarfan1896|move: Stealth Rock\n|\n|-weather|Sandstorm|[upkeep]\n|-damage|p1a: You know you found|95/100|[from] Sandstorm\n|upkeep\n|turn|2\n|\n|t:|1775967288\n|move|p1a: You know you found|Dragon Dance|p1a: You know you found\n|-boost|p1a: You know you found|atk|1\n|-boost|p1a: You know you found|spe|1\n|move|p2a: Tyranitar|Knock Off|p1a: You know you found\n|-damage|p1a: You know you found|56/100\n|-enditem|p1a: You know you found|Focus Sash|[from] move: Knock Off|[of] p2a: Tyranitar\n|\n|-weather|Sandstorm|[upkeep]\n|-damage|p1a: You know you found|50/100|[from] Sandstorm\n|upkeep\n|turn|3\n|\n|t:|1775967294\n|move|p1a: You know you found|Aqua Tail|p2a: Tyranitar\n|-supereffective|p2a: Tyranitar|1\n|-enditem|p2a: Tyranitar|Focus Sash\n|-damage|p2a: Tyranitar|1/100\n|move|p2a: Tyranitar|Rock Slide|p1a: You know you found\n|-supereffective|p1a: You know you found|1\n|-damage|p1a: You know you found|0 fnt\n|faint|p1a: You know you found\n|\n|-weather|Sandstorm|[upkeep]\n|upkeep\n|\n|t:|1775967306\n|switch|p1a: THE WALL|Aggron, L50, F|100/100\n|-damage|p1a: THE WALL|94/100|[from] Stealth Rock\n|turn|4\n|inactive|Battle timer is ON: inactive players will automatically lose when time's up. (requested by Nascarfan1896)\n|c|\u2606Reilly5005|Wait a minute\n|\n|t:|1775967354\n|detailschange|p1a: THE WALL|Aggron-Mega, L50, F\n|-mega|p1a: THE WALL|Aggron|Aggronite\n|move|p2a: Tyranitar|Taunt|p1a: THE WALL\n|-start|p1a: THE WALL|move: Taunt\n|move|p1a: THE WALL|Body Press|p2a: Tyranitar\n|-supereffective|p2a: Tyranitar|2\n|-damage|p2a: Tyranitar|0 fnt\n|faint|p2a: Tyranitar\n|\n|-weather|Sandstorm|[upkeep]\n|upkeep\n|\n|t:|1775967364\n|switch|p2a: Garchomp|Garchomp, L50, M|100/100\n|turn|5\n|\n|t:|1775967371\n|move|p1a: THE WALL|Body Press|p2a: Garchomp|[miss]\n|-miss|p1a: THE WALL|p2a: Garchomp\n|move|p2a: Garchomp|Dragon Tail|p1a: THE WALL\n|-resisted|p1a: THE WALL|1\n|-damage|p1a: THE WALL|89/100\n|drag|p1a: Go through ir|Ditto, L50|100/100\n|-damage|p1a: Go through ir|88/100|[from] Stealth Rock\n|-transform|p1a: Go through ir|p2a: Garchomp|[from] ability: Imposter\n|\n|-weather|none\n|upkeep\n|turn|6\n|\n|t:|1775967390\n|move|p2a: Garchomp|Spikes|p1a: Go through ir\n|-sidestart|p1: Nascarfan1896|Spikes\n|move|p1a: Go through ir|Dragon Tail|p2a: Garchomp\n|-supereffective|p2a: Garchomp|1\n|-damage|p2a: Garchomp|61/100\n|drag|p2a: THE WALL|Aggron, L50, F|100/100\n|\n|upkeep\n|turn|7\n|c|\u2606Nascarfan1896|Clash of the titans\n|inactive|Reilly5005 has 30 seconds left.\n|\n|t:|1775967422\n|switch|p1a: THE WALL|Aggron-Mega, L50, F|89/100\n|-damage|p1a: THE WALL|82/100|[from] Stealth Rock\n|-damage|p1a: THE WALL|70/100|[from] Spikes\n|detailschange|p2a: THE WALL|Aggron-Mega, L50, F\n|-mega|p2a: THE WALL|Aggron|Aggronite\n|move|p2a: THE WALL|Roar|p1a: THE WALL\n|drag|p1a: Go through ir|Ditto, L50|88/100\n|-damage|p1a: Go through ir|76/100|[from] Stealth Rock\n|-damage|p1a: Go through ir|64/100|[from] Spikes\n|-transform|p1a: Go through ir|p2a: THE WALL|[from] ability: Imposter\n|\n|upkeep\n|turn|8\n|inactive|Reilly5005 has 30 seconds left.\n|inactive|Reilly5005 has 20 seconds left.\n|\n|t:|1775967460\n|move|p1a: Go through ir|Body Press|p2a: THE WALL\n|-supereffective|p2a: THE WALL|1\n|-damage|p2a: THE WALL|72/100\n|move|p2a: THE WALL|Substitute|p2a: THE WALL\n|-start|p2a: THE WALL|Substitute\n|-damage|p2a: THE WALL|47/100\n|\n|upkeep\n|turn|9\n|c|\u2606Reilly5005|https://youtu.be/zpemKbWUqW0?si=s5yTHgswCm9xNvOd\n|c|\u2606Reilly5005|You know we gotta\n|\n|t:|1775967471\n|move|p1a: Go through ir|Body Press|p2a: THE WALL\n|-supereffective|p2a: THE WALL|1\n|-end|p2a: THE WALL|Substitute\n|move|p2a: THE WALL|Body Press|p1a: Go through ir\n|-supereffective|p1a: Go through ir|1\n|-damage|p1a: Go through ir|30/100\n|\n|upkeep\n|turn|10\n|\n|t:|1775967481\n|move|p1a: Go through ir|Body Press|p2a: THE WALL\n|-supereffective|p2a: THE WALL|1\n|-damage|p2a: THE WALL|19/100\n|move|p2a: THE WALL|Body Press|p1a: Go through ir\n|-supereffective|p1a: Go through ir|1\n|-damage|p1a: Go through ir|0 fnt\n|faint|p1a: Go through ir\n|\n|upkeep\n|\n|t:|1775967488\n|switch|p1a: THE WALL|Aggron-Mega, L50, F|70/100\n|-damage|p1a: THE WALL|64/100|[from] Stealth Rock\n|-damage|p1a: THE WALL|51/100|[from] Spikes\n|turn|11\n|\n|t:|1775967497\n|move|p2a: THE WALL|Body Press|p1a: THE WALL\n|-supereffective|p1a: THE WALL|1\n|-damage|p1a: THE WALL|24/100\n|move|p1a: THE WALL|Body Press|p2a: THE WALL\n|-supereffective|p2a: THE WALL|1\n|-crit|p2a: THE WALL\n|-damage|p2a: THE WALL|0 fnt\n|faint|p2a: THE WALL\n|\n|upkeep\n|\n|t:|1775967503\n|switch|p2a: Garchomp|Garchomp, L50, M|61/100\n|turn|12\n|c|\u2606Nascarfan1896|The wall is cooked\n|\n|t:|1775967512\n|move|p2a: Garchomp|Earthquake|p1a: THE WALL\n|-supereffective|p1a: THE WALL|1\n|-damage|p1a: THE WALL|0 fnt\n|faint|p1a: THE WALL\n|\n|win|Reilly5005\n|raw|Nascarfan1896's rating: 1075 &rarr; <strong>1049</strong><br />(-26 for losing)\n|raw|Reilly5005's rating: 1000 &rarr; <strong>1049</strong><br />(+49 for winning)\n|c|\u2606Reilly5005|ggwp wall user\n|c|\u2606Nascarfan1896|Gg\n",
  "uploadtime": 1775967522,
  "views": 13,
  "formatid": "gen9championsbssregma",
  "rating": 1049,
  "private": 0,
  "password": null
}