{
  "id": "gen9championsbssregma-2580636526",
  "format": "[Gen 9 Champions] BSS Reg M-A",
  "players": [
    "yushaaa",
    "wuhyun"
  ],
  "log": "|j|\u203dyushaaa\n|j|\u2606wuhyun\n|t:|1775920167\n|gametype|singles\n|player|p1|yushaaa|skier|1127\n|player|p2|wuhyun|caitlin-masters|1040\n|gen|9\n|tier|[Gen 9 Champions] BSS Reg M-A\n|rated|\n|rule|Species Clause: Limit one of each Pok\u00e9mon\n|rule|Item Clause: Limit 1 of each item\n|clearpoke\n|poke|p1|Lopunny, L50, F|\n|poke|p1|Slowking-Galar, L50, M|\n|poke|p1|Dragonite, L50, F|\n|poke|p1|Aegislash, L50, F|\n|poke|p1|Milotic, L50, M|\n|poke|p1|Meowscarada, L50, M|\n|poke|p2|Blastoise, L50, F|\n|poke|p2|Polteageist-Antique, L50|\n|poke|p2|Ninetales-Alola, L50, M|\n|poke|p2|Volcarona, L50, M|\n|poke|p2|Rotom-Mow, L50|\n|poke|p2|Kingambit, L50, M|\n|teampreview|3\n|inactive|Battle timer is ON: inactive players will automatically lose when time's up. (requested by wuhyun)\n|\n|t:|1775920189\n|teamsize|p1|3\n|teamsize|p2|3\n|start\n|switch|p1a: Lopunny|Lopunny, L50, F|100/100\n|switch|p2a: Volcarona|Volcarona, L50, M|100/100\n|turn|1\n|\n|t:|1775920195\n|detailschange|p1a: Lopunny|Lopunny-Mega, L50, F\n|-mega|p1a: Lopunny|Lopunny|Lopunnite\n|move|p1a: Lopunny|Fake Out|p2a: Volcarona\n|-damage|p2a: Volcarona|65/100\n|cant|p2a: Volcarona|flinch\n|\n|upkeep\n|turn|2\n|\n|t:|1775920205\n|move|p1a: Lopunny|U-turn|p2a: Volcarona\n|-resisted|p2a: Volcarona|1\n|-damage|p2a: Volcarona|42/100\n|\n|t:|1775920209\n|switch|p1a: Dragonite|Dragonite, L50, F|100/100|[from] U-turn\n|move|p2a: Volcarona|Quiver Dance|p2a: Volcarona\n|-boost|p2a: Volcarona|spa|1\n|-boost|p2a: Volcarona|spd|1\n|-boost|p2a: Volcarona|spe|1\n|\n|upkeep\n|turn|3\n|\n|t:|1775920216\n|move|p2a: Volcarona|Fiery Dance|p1a: Dragonite\n|-resisted|p1a: Dragonite|1\n|-damage|p1a: Dragonite|84/100\n|move|p1a: Dragonite|Dragon Dance|p1a: Dragonite\n|-boost|p1a: Dragonite|atk|1\n|-boost|p1a: Dragonite|spe|1\n|\n|upkeep\n|turn|4\n|\n|t:|1775920225\n|move|p1a: Dragonite|Extreme Speed|p2a: Volcarona\n|-damage|p2a: Volcarona|0 fnt\n|-status|p1a: Dragonite|brn|[from] ability: Flame Body|[of] p2a: Volcarona\n|faint|p2a: Volcarona\n|\n|-damage|p1a: Dragonite|78/100 brn|[from] brn\n|upkeep\n|\n|t:|1775920229\n|switch|p2a: Blastoise|Blastoise, L50, F|100/100\n|turn|5\n|\n|t:|1775920233\n|detailschange|p2a: Blastoise|Blastoise-Mega, L50, F\n|-mega|p2a: Blastoise|Blastoise|Blastoisinite\n|move|p1a: Dragonite|Outrage|p2a: Blastoise\n|-damage|p2a: Blastoise|49/100\n|move|p2a: Blastoise|Shell Smash|p2a: Blastoise\n|-unboost|p2a: Blastoise|def|1\n|-unboost|p2a: Blastoise|spd|1\n|-boost|p2a: Blastoise|atk|2\n|-boost|p2a: Blastoise|spa|2\n|-boost|p2a: Blastoise|spe|2\n|\n|-damage|p1a: Dragonite|72/100 brn|[from] brn\n|upkeep\n|turn|6\n|\n|t:|1775920239\n|move|p2a: Blastoise|Ice Beam|p1a: Dragonite\n|-supereffective|p1a: Dragonite|2\n|-damage|p1a: Dragonite|0 fnt\n|faint|p1a: Dragonite\n|\n|upkeep\n|\n|t:|1775920243\n|switch|p1a: Lopunny|Lopunny-Mega, L50, F|100/100\n|turn|7\n|\n|t:|1775920246\n|move|p1a: Lopunny|Fake Out|p2a: Blastoise\n|-damage|p2a: Blastoise|15/100\n|cant|p2a: Blastoise|flinch\n|\n|upkeep\n|turn|8\n|\n|t:|1775920249\n|move|p2a: Blastoise|Water Pulse|p1a: Lopunny\n|-damage|p1a: Lopunny|0 fnt\n|faint|p1a: Lopunny\n|\n|upkeep\n|\n|t:|1775920252\n|switch|p1a: Meowscarada|Meowscarada, L50, M|100/100\n|turn|9\n|\n|t:|1775920256\n|move|p1a: Meowscarada|Triple Axel|p2a: Blastoise\n|-start|p1a: Meowscarada|typechange|Ice|[from] ability: Protean\n|-resisted|p2a: Blastoise|1\n|-damage|p2a: Blastoise|8/100\n|-resisted|p2a: Blastoise|1\n|-damage|p2a: Blastoise|0 fnt\n|faint|p2a: Blastoise\n|-hitcount|p2: Blastoise|2\n|\n|upkeep\n|\n|t:|1775920262\n|switch|p2a: Rotom|Rotom-Mow, L50|100/100\n|turn|10\n|\n|t:|1775920266\n|move|p1a: Meowscarada|Triple Axel|p2a: Rotom\n|-supereffective|p2a: Rotom|1\n|-damage|p2a: Rotom|71/100\n|-supereffective|p2a: Rotom|1\n|-damage|p2a: Rotom|19/100\n|-supereffective|p2a: Rotom|1\n|-damage|p2a: Rotom|0 fnt\n|faint|p2a: Rotom\n|-hitcount|p2: Rotom|3\n|\n|win|yushaaa\n|raw|yushaaa's rating: 1127 &rarr; <strong>1146</strong><br />(+19 for winning)\n|raw|wuhyun's rating: 1040 &rarr; <strong>1028</strong><br />(-12 for losing)\n",
  "uploadtime": 1775920281,
  "views": 14,
  "formatid": "gen9championsbssregma",
  "rating": 1028,
  "private": 0,
  "password": null
}