{
  "id": "gen9championsbssregma-2584790204",
  "format": "[Gen 9 Champions] BSS Reg M-A",
  "players": [
    "Pengaskhan",
    "Reindeercurt"
  ],
  "log": "|j|\u2606Pengaskhan\n|j|\u2606Reindeercurt\n|t:|1776283844\n|gametype|singles\n|player|p1|Pengaskhan|collector|1170\n|player|p2|Reindeercurt|clay|1042\n|gen|9\n|tier|[Gen 9 Champions] BSS Reg M-A\n|rated|\n|rule|Species Clause: Limit one of each Pok\u00e9mon\n|rule|Item Clause: Limit 1 of each item\n|clearpoke\n|poke|p1|Garchomp, L50, M|\n|poke|p1|Meowscarada, L50, F|\n|poke|p1|Rotom-Wash, L50|\n|poke|p1|Scizor, L50, M|\n|poke|p1|Tyranitar, L50, M|\n|poke|p1|Volcarona, L50, M|\n|poke|p2|Rotom-Heat, L50|\n|poke|p2|Starmie, L50|\n|poke|p2|Meowscarada, L50, F|\n|poke|p2|Corviknight, L50, F|\n|poke|p2|Gardevoir, L50, M|\n|poke|p2|Runerigus, L50, F|\n|teampreview|3\n|\n|t:|1776283877\n|teamsize|p1|3\n|teamsize|p2|3\n|start\n|switch|p1a: Rotom|Rotom-Wash, L50|100/100\n|switch|p2a: Rotom|Rotom-Heat, L50|100/100\n|turn|1\n|\n|t:|1776283902\n|switch|p2a: Meowscarada|Meowscarada, L50, F|100/100\n|move|p1a: Rotom|Volt Switch|p2a: Meowscarada\n|-resisted|p2a: Meowscarada|1\n|-damage|p2a: Meowscarada|77/100\n|\n|t:|1776283907\n|switch|p1a: Volcarona|Volcarona, L50, M|100/100|[from] Volt Switch\n|\n|upkeep\n|turn|2\n|\n|t:|1776283929\n|move|p2a: Meowscarada|Knock Off|p1a: Volcarona\n|-start|p2a: Meowscarada|typechange|Dark|[from] ability: Protean\n|-damage|p1a: Volcarona|59/100\n|-enditem|p1a: Volcarona|Sitrus Berry|[from] move: Knock Off|[of] p2a: Meowscarada\n|move|p1a: Volcarona|Quiver Dance|p1a: Volcarona\n|-boost|p1a: Volcarona|spa|1\n|-boost|p1a: Volcarona|spd|1\n|-boost|p1a: Volcarona|spe|1\n|\n|upkeep\n|turn|3\n|\n|t:|1776283952\n|switch|p2a: Rotom|Rotom-Heat, L50|100/100\n|move|p1a: Volcarona|Quiver Dance|p1a: Volcarona\n|-boost|p1a: Volcarona|spa|1\n|-boost|p1a: Volcarona|spd|1\n|-boost|p1a: Volcarona|spe|1\n|\n|upkeep\n|turn|4\n|\n|t:|1776283964\n|move|p1a: Volcarona|Morning Sun|p1a: Volcarona\n|-heal|p1a: Volcarona|100/100\n|move|p2a: Rotom|Thunderbolt|p1a: Volcarona\n|-damage|p1a: Volcarona|82/100\n|-status|p1a: Volcarona|par\n|\n|upkeep\n|turn|5\n|\n|t:|1776283983\n|move|p2a: Rotom|Nasty Plot|p2a: Rotom\n|-boost|p2a: Rotom|spa|2\n|cant|p1a: Volcarona|par\n|\n|upkeep\n|turn|6\n|\n|t:|1776284002\n|move|p2a: Rotom|Nasty Plot|p2a: Rotom\n|-boost|p2a: Rotom|spa|2\n|cant|p1a: Volcarona|par\n|\n|upkeep\n|turn|7\n|\n|t:|1776284011\n|move|p2a: Rotom|Thunderbolt|p1a: Volcarona\n|-damage|p1a: Volcarona|30/100 par\n|cant|p1a: Volcarona|par\n|\n|upkeep\n|turn|8\n|c|\u2606Pengaskhan|???\n|\n|t:|1776284036\n|move|p2a: Rotom|Thunderbolt|p1a: Volcarona\n|-damage|p1a: Volcarona|0 fnt\n|faint|p1a: Volcarona\n|\n|upkeep\n|\n|t:|1776284037\n|switch|p1a: Rotom|Rotom-Wash, L50|100/100\n|turn|9\n|\n|t:|1776284046\n|move|p1a: Rotom|Hydro Pump|p2a: Rotom\n|-supereffective|p2a: Rotom|1\n|-damage|p2a: Rotom|0 fnt\n|faint|p2a: Rotom\n|\n|upkeep\n|\n|t:|1776284060\n|switch|p2a: Meowscarada|Meowscarada, L50, F|77/100\n|turn|10\n|\n|t:|1776284068\n|switch|p1a: Meowscarada|Meowscarada, L50, F|100/100\n|move|p2a: Meowscarada|Flower Trick|p1a: Meowscarada\n|-start|p2a: Meowscarada|typechange|Grass|[from] ability: Protean\n|-resisted|p1a: Meowscarada|1\n|-crit|p1a: Meowscarada\n|-damage|p1a: Meowscarada|59/100\n|\n|upkeep\n|turn|11\n|\n|t:|1776284084\n|move|p2a: Meowscarada|Flower Trick|p1a: Meowscarada\n|-resisted|p1a: Meowscarada|1\n|-crit|p1a: Meowscarada\n|-damage|p1a: Meowscarada|13/100\n|move|p1a: Meowscarada|U-turn|p2a: Meowscarada\n|-start|p1a: Meowscarada|typechange|Bug|[from] ability: Protean\n|-supereffective|p2a: Meowscarada|1\n|-damage|p2a: Meowscarada|0 fnt\n|faint|p2a: Meowscarada\n|\n|t:|1776284086\n|switch|p1a: Rotom|Rotom-Wash, L50|100/100|[from] U-turn\n|\n|upkeep\n|\n|t:|1776284095\n|switch|p2a: Starmie|Starmie, L50|100/100\n|turn|12\n|\n|t:|1776284113\n|detailschange|p2a: Starmie|Starmie-Mega, L50\n|-mega|p2a: Starmie|Starmie|Starminite\n|move|p1a: Rotom|Volt Switch|p2a: Starmie\n|-supereffective|p2a: Starmie|1\n|-damage|p2a: Starmie|25/100\n|\n|t:|1776284115\n|switch|p1a: Meowscarada|Meowscarada, L50, F|13/100|[from] Volt Switch\n|move|p2a: Starmie|Zen Headbutt|p1a: Meowscarada\n|-immune|p1a: Meowscarada\n|\n|upkeep\n|turn|13\n|\n|t:|1776284125\n|move|p1a: Meowscarada|Sucker Punch|p2a: Starmie\n|-start|p1a: Meowscarada|typechange|Dark|[from] ability: Protean\n|-supereffective|p2a: Starmie|1\n|-damage|p2a: Starmie|0 fnt\n|faint|p2a: Starmie\n|\n|win|Pengaskhan\n|raw|Pengaskhan's rating: 1170 &rarr; <strong>1186</strong><br />(+16 for winning)\n|raw|Reindeercurt's rating: 1042 &rarr; <strong>1031</strong><br />(-11 for losing)\n|l|\u2606Reindeercurt\n|player|p2|\n",
  "uploadtime": 1776284133,
  "views": 22,
  "formatid": "gen9championsbssregma",
  "rating": 1031,
  "private": 0,
  "password": null
}