{
  "id": "gen9championsbssregma-2588285867",
  "format": "[Gen 9 Champions] BSS Reg M-A",
  "players": [
    "kdarkentity",
    "Humilitize"
  ],
  "log": "|j|\u2606kdarkentity\n|j|\u2606Humilitize\n|t:|1776621034\n|gametype|singles\n|player|p1|kdarkentity|102|1048\n|player|p2|Humilitize|2|1000\n|gen|9\n|tier|[Gen 9 Champions] BSS Reg M-A\n|rated|\n|rule|Species Clause: Limit one of each Pok\u00e9mon\n|rule|Item Clause: Limit 1 of each item\n|clearpoke\n|poke|p1|Floette-Eternal, L50, F|\n|poke|p1|Excadrill, L50, F|\n|poke|p1|Charizard, L50, M|\n|poke|p1|Garchomp, L50, M|\n|poke|p1|Corviknight, L50, M|\n|poke|p1|Rotom-Wash, L50|\n|poke|p2|Sableye, L50, M, shiny|\n|poke|p2|Basculegion, L50, M|\n|poke|p2|Meganium, L50, F|\n|poke|p2|Archaludon, L50, F|\n|poke|p2|Raichu, L50, F|\n|poke|p2|Incineroar, L50, F|\n|teampreview|3\n|\n|t:|1776621103\n|teamsize|p1|3\n|teamsize|p2|3\n|start\n|switch|p1a: Rotom|Rotom-Wash, L50|100/100\n|switch|p2a: Paul|Sableye, L50, M, shiny|100/100\n|turn|1\n|\n|t:|1776621116\n|move|p2a: Paul|Fake Out|p1a: Rotom\n|-damage|p1a: Rotom|93/100\n|cant|p1a: Rotom|flinch\n|\n|upkeep\n|turn|2\n|\n|t:|1776621123\n|move|p2a: Paul|Rain Dance|p2a: Paul\n|-weather|RainDance\n|move|p1a: Rotom|Hydro Pump|p2a: Paul\n|-damage|p2a: Paul|20/100\n|-enditem|p2a: Paul|Sitrus Berry|[eat]\n|-heal|p2a: Paul|45/100|[from] item: Sitrus Berry\n|\n|-weather|RainDance|[upkeep]\n|upkeep\n|turn|3\n|\n|t:|1776621145\n|switch|p2a: Bulwark|Archaludon, L50, F|100/100\n|move|p1a: Rotom|Hydro Pump|p2a: Bulwark|[miss]\n|-miss|p1a: Rotom|p2a: Bulwark\n|\n|-weather|RainDance|[upkeep]\n|upkeep\n|turn|4\n|\n|t:|1776621159\n|move|p1a: Rotom|Volt Switch|p2a: Bulwark\n|-resisted|p2a: Bulwark|1\n|-damage|p2a: Bulwark|83/100\n|-ability|p2a: Bulwark|Stamina|boost\n|-boost|p2a: Bulwark|def|1\n|\n|t:|1776621165\n|switch|p1a: Garchomp|Garchomp, L50, M|100/100|[from] Volt Switch\n|move|p2a: Bulwark|Electro Shot||[still]\n|-prepare|p2a: Bulwark|Electro Shot\n|-boost|p2a: Bulwark|spa|1\n|-anim|p2a: Bulwark|Electro Shot|p1a: Garchomp\n|-immune|p1a: Garchomp\n|\n|-weather|RainDance|[upkeep]\n|-heal|p2a: Bulwark|89/100|[from] item: Leftovers\n|upkeep\n|turn|5\n|\n|t:|1776621182\n|move|p1a: Garchomp|Earthquake|p2a: Bulwark\n|-supereffective|p2a: Bulwark|1\n|-damage|p2a: Bulwark|41/100\n|-ability|p2a: Bulwark|Stamina|boost\n|-boost|p2a: Bulwark|def|1\n|move|p2a: Bulwark|Draco Meteor|p1a: Garchomp\n|-supereffective|p1a: Garchomp|1\n|-enditem|p1a: Garchomp|Focus Sash\n|-damage|p1a: Garchomp|1/100\n|-unboost|p2a: Bulwark|spa|2\n|\n|-weather|RainDance|[upkeep]\n|-heal|p2a: Bulwark|47/100|[from] item: Leftovers\n|upkeep\n|turn|6\n|\n|t:|1776621197\n|move|p1a: Garchomp|Earthquake|p2a: Bulwark\n|-supereffective|p2a: Bulwark|1\n|-damage|p2a: Bulwark|11/100\n|-ability|p2a: Bulwark|Stamina|boost\n|-boost|p2a: Bulwark|def|1\n|move|p2a: Bulwark|Aura Sphere|p1a: Garchomp\n|-damage|p1a: Garchomp|0 fnt\n|faint|p1a: Garchomp\n|\n|-weather|none\n|-heal|p2a: Bulwark|17/100|[from] item: Leftovers\n|upkeep\n|\n|t:|1776621210\n|switch|p1a: Charizard|Charizard, L50, M|100/100\n|turn|7\n|\n|t:|1776621220\n|detailschange|p1a: Charizard|Charizard-Mega-X, L50, M\n|-mega|p1a: Charizard|Charizard|Charizardite X\n|move|p1a: Charizard|Dragon Dance|p1a: Charizard\n|-boost|p1a: Charizard|atk|1\n|-boost|p1a: Charizard|spe|1\n|move|p2a: Bulwark|Draco Meteor|p1a: Charizard\n|-supereffective|p1a: Charizard|1\n|-damage|p1a: Charizard|0 fnt\n|-unboost|p2a: Bulwark|spa|2\n|faint|p1a: Charizard\n|\n|-heal|p2a: Bulwark|23/100|[from] item: Leftovers\n|upkeep\n|\n|t:|1776621232\n|switch|p1a: Rotom|Rotom-Wash, L50|93/100\n|turn|8\n|\n|t:|1776621252\n|move|p1a: Rotom|Hydro Pump|p2a: Bulwark\n|-resisted|p2a: Bulwark|1\n|-damage|p2a: Bulwark|0 fnt\n|faint|p2a: Bulwark\n|\n|upkeep\n|\n|t:|1776621256\n|switch|p2a: Paul|Sableye, L50, M, shiny|45/100\n|turn|9\n|\n|t:|1776621261\n|move|p2a: Paul|Fake Out|p1a: Rotom\n|-damage|p1a: Rotom|88/100\n|cant|p1a: Rotom|flinch\n|\n|upkeep\n|turn|10\n|\n|t:|1776621270\n|move|p2a: Paul|Rain Dance|p2a: Paul\n|-weather|RainDance\n|move|p1a: Rotom|Hydro Pump|p2a: Paul|[miss]\n|-miss|p1a: Rotom|p2a: Paul\n|\n|-weather|RainDance|[upkeep]\n|upkeep\n|turn|11\n|\n|t:|1776621280\n|switch|p2a: Carl|Meganium, L50, F|100/100\n|move|p1a: Rotom|Volt Switch|p2a: Carl\n|-resisted|p2a: Carl|1\n|-damage|p2a: Carl|88/100\n|\n|-weather|RainDance|[upkeep]\n|upkeep\n|turn|12\n|-message|kdarkentity forfeited.\n|\n|win|Humilitize\n|raw|kdarkentity's rating: 1048 &rarr; <strong>1028</strong><br />(-20 for losing)\n|raw|Humilitize's rating: 1000 &rarr; <strong>1045</strong><br />(+45 for winning)\n|l|\u2606kdarkentity\n|player|p1|\n",
  "uploadtime": 1776621321,
  "views": 7,
  "formatid": "gen9championsbssregma",
  "rating": 1028,
  "private": 0,
  "password": null
}