{
  "id": "gen9championsbssregma-2587153261",
  "format": "[Gen 9 Champions] BSS Reg M-A",
  "players": [
    "joguri",
    "coach_rogue"
  ],
  "log": "|j|\u2606joguri\n|j|\u2606coach_rogue\n|t:|1776501235\n|gametype|singles\n|player|p1|joguri|dawn|1208\n|player|p2|coach_rogue|169|1070\n|gen|9\n|tier|[Gen 9 Champions] BSS Reg M-A\n|rated|\n|rule|Species Clause: Limit one of each Pok\u00e9mon\n|rule|Item Clause: Limit 1 of each item\n|clearpoke\n|poke|p1|Clefable, L50, F|\n|poke|p1|Garchomp, L50, F|\n|poke|p1|Glimmora, L50, F|\n|poke|p1|Lopunny, L50, F|\n|poke|p1|Primarina, L50, F|\n|poke|p1|Corviknight, L50, M|\n|poke|p2|Araquanid, L50, M|\n|poke|p2|Lucario, L50, F|\n|poke|p2|Volcarona, L50, M|\n|poke|p2|Gengar, L50, M|\n|poke|p2|Rotom-Wash, L50|\n|poke|p2|Meowscarada, L50, F|\n|teampreview|3\n|\n|t:|1776501253\n|teamsize|p1|3\n|teamsize|p2|3\n|start\n|switch|p1a: Lopunny|Lopunny, L50, F|100/100\n|switch|p2a: Araquanid|Araquanid, L50, M|100/100\n|turn|1\n|inactive|Battle timer is ON: inactive players will automatically lose when time's up. (requested by joguri)\n|\n|t:|1776501259\n|move|p2a: Araquanid|Protect|p2a: Araquanid\n|-singleturn|p2a: Araquanid|Protect\n|move|p1a: Lopunny|Cotton Guard|p1a: Lopunny\n|-boost|p1a: Lopunny|def|3\n|\n|upkeep\n|turn|2\n|\n|t:|1776501265\n|move|p1a: Lopunny|Agility|p1a: Lopunny\n|-boost|p1a: Lopunny|spe|2\n|move|p2a: Araquanid|Sticky Web|p1a: Lopunny\n|-sidestart|p1: joguri|move: Sticky Web\n|\n|upkeep\n|turn|3\n|\n|t:|1776501270\n|switch|p2a: Rotom|Rotom-Wash, L50|100/100\n|move|p1a: Lopunny|Agility|p1a: Lopunny\n|-boost|p1a: Lopunny|spe|2\n|\n|upkeep\n|turn|4\n|\n|t:|1776501284\n|move|p1a: Lopunny|Agility|p1a: Lopunny\n|-boost|p1a: Lopunny|spe|2\n|move|p2a: Rotom|Hydro Pump|p1a: Lopunny\n|-damage|p1a: Lopunny|55/100\n|\n|upkeep\n|turn|5\n|\n|t:|1776501294\n|move|p1a: Lopunny|Cotton Guard|p1a: Lopunny\n|-boost|p1a: Lopunny|def|3\n|move|p2a: Rotom|Hydro Pump|p1a: Lopunny\n|-damage|p1a: Lopunny|14/100\n|\n|upkeep\n|turn|6\n|\n|t:|1776501304\n|move|p1a: Lopunny|Baton Pass|p1a: Lopunny\n|\n|t:|1776501305\n|switch|p1a: Clefable|Clefable, L50, F|100/100|[from] Baton Pass\n|-activate|p1a: Clefable|move: Sticky Web\n|-unboost|p1a: Clefable|spe|1\n|move|p2a: Rotom|Hydro Pump|p1a: Clefable\n|-damage|p1a: Clefable|63/100\n|\n|upkeep\n|turn|7\n|\n|t:|1776501320\n|detailschange|p1a: Clefable|Clefable-Mega, L50, F\n|-mega|p1a: Clefable|Clefable|Clefablite\n|move|p1a: Clefable|Calm Mind|p1a: Clefable\n|-boost|p1a: Clefable|spa|1\n|-boost|p1a: Clefable|spd|1\n|move|p2a: Rotom|Volt Switch|p1a: Clefable\n|-supereffective|p1a: Clefable|1\n|-damage|p1a: Clefable|38/100\n|\n|t:|1776501326\n|switch|p2a: Lucario|Lucario, L50, F|100/100|[from] Volt Switch\n|\n|upkeep\n|turn|8\n|\n|t:|1776501333\n|detailschange|p2a: Lucario|Lucario-Mega, L50, F\n|-mega|p2a: Lucario|Lucario|Lucarionite\n|move|p1a: Clefable|Stored Power|p2a: Lucario\n|-damage|p2a: Lucario|0 fnt\n|faint|p2a: Lucario\n|\n|upkeep\n|\n|t:|1776501339\n|switch|p2a: Rotom|Rotom-Wash, L50|100/100\n|turn|9\n|\n|t:|1776501341\n|move|p1a: Clefable|Stored Power|p2a: Rotom\n|-damage|p2a: Rotom|0 fnt\n|faint|p2a: Rotom\n|\n|upkeep\n|-message|coach_rogue forfeited.\n|\n|win|joguri\n|raw|joguri's rating: 1208 &rarr; <strong>1224</strong><br />(+16 for winning)\n|raw|coach_rogue's rating: 1070 &rarr; <strong>1057</strong><br />(-13 for losing)\n|l|\u2606coach_rogue\n|player|p2|\n",
  "uploadtime": 1776501348,
  "views": 2,
  "formatid": "gen9championsbssregma",
  "rating": 1057,
  "private": 0,
  "password": null
}