{
  "id": "gen9championsbssregma-2585550516",
  "format": "[Gen 9 Champions] BSS Reg M-A",
  "players": [
    "DiceyRice",
    "wounddia"
  ],
  "log": "|j|\u2606DiceyRice\n|j|\u2606wounddia\n|t:|1776354926\n|gametype|singles\n|player|p1|DiceyRice|miku-ghost|1279\n|player|p2|wounddia|elesa|1481\n|gen|9\n|tier|[Gen 9 Champions] BSS Reg M-A\n|rated|\n|rule|Species Clause: Limit one of each Pok\u00e9mon\n|rule|Item Clause: Limit 1 of each item\n|clearpoke\n|poke|p1|Hippowdon, L50, F|\n|poke|p1|Volcarona, L50, F|\n|poke|p1|Blastoise, L50, M|\n|poke|p1|Aegislash, L50, F|\n|poke|p1|Floette-Eternal, L50, F|\n|poke|p1|Hydreigon, L50, M|\n|poke|p2|Charizard, L50, F|\n|poke|p2|Garchomp, L50, F|\n|poke|p2|Quaquaval, L50, M|\n|poke|p2|Archaludon, L50, F|\n|poke|p2|Greninja-*, L50, M|\n|poke|p2|Gallade, L50, M|\n|teampreview|3\n|\n|t:|1776354955\n|teamsize|p1|3\n|teamsize|p2|3\n|start\n|switch|p1a: Hippowdon|Hippowdon, L50, F|100/100\n|switch|p2a: Quaquaval|Quaquaval, L50, M|100/100\n|-weather|Sandstorm|[from] ability: Sand Stream|[of] p1a: Hippowdon\n|turn|1\n|inactive|Battle timer is ON: inactive players will automatically lose when time's up. (requested by wounddia)\n|\n|t:|1776354959\n|move|p2a: Quaquaval|Aqua Step|p1a: Hippowdon\n|-supereffective|p1a: Hippowdon|1\n|-damage|p1a: Hippowdon|47/100\n|-boost|p2a: Quaquaval|spe|1\n|-enditem|p1a: Hippowdon|Sitrus Berry|[eat]\n|-heal|p1a: Hippowdon|72/100|[from] item: Sitrus Berry\n|move|p1a: Hippowdon|Yawn|p2a: Quaquaval\n|-start|p2a: Quaquaval|move: Yawn|[of] p1a: Hippowdon\n|\n|-weather|Sandstorm|[upkeep]\n|-damage|p2a: Quaquaval|94/100|[from] Sandstorm\n|upkeep\n|turn|2\n|\n|t:|1776354980\n|move|p2a: Quaquaval|Aqua Step|p1a: Hippowdon\n|-supereffective|p1a: Hippowdon|1\n|-damage|p1a: Hippowdon|11/100\n|-boost|p2a: Quaquaval|spe|1\n|move|p1a: Hippowdon|Stealth Rock|p2a: Quaquaval\n|-sidestart|p2: wounddia|move: Stealth Rock\n|\n|-weather|Sandstorm|[upkeep]\n|-damage|p2a: Quaquaval|88/100|[from] Sandstorm\n|-end|p2a: Quaquaval|move: Yawn|[silent]\n|-status|p2a: Quaquaval|slp\n|-enditem|p2a: Quaquaval|Lum Berry|[eat]\n|-curestatus|p2a: Quaquaval|slp|[msg]\n|upkeep\n|turn|3\n|\n|t:|1776354987\n|move|p2a: Quaquaval|Aqua Step|p1a: Hippowdon\n|-supereffective|p1a: Hippowdon|1\n|-damage|p1a: Hippowdon|0 fnt\n|-boost|p2a: Quaquaval|spe|1\n|faint|p1a: Hippowdon\n|-ability|p2a: Quaquaval|Moxie|boost\n|-boost|p2a: Quaquaval|atk|1\n|\n|-weather|Sandstorm|[upkeep]\n|-damage|p2a: Quaquaval|82/100|[from] Sandstorm\n|upkeep\n|\n|t:|1776354989\n|switch|p1a: Floette|Floette-Eternal, L50, F|100/100\n|turn|4\n|\n|t:|1776354994\n|detailschange|p1a: Floette|Floette-Mega, L50, F\n|-mega|p1a: Floette|Floette|Floettite\n|-ability|p1a: Floette|Fairy Aura\n|move|p2a: Quaquaval|Aqua Step|p1a: Floette\n|-damage|p1a: Floette|25/100\n|-boost|p2a: Quaquaval|spe|1\n|move|p1a: Floette|Moonblast|p2a: Quaquaval\n|-supereffective|p2a: Quaquaval|1\n|-damage|p2a: Quaquaval|0 fnt\n|faint|p2a: Quaquaval\n|\n|-weather|Sandstorm|[upkeep]\n|-damage|p1a: Floette|19/100|[from] Sandstorm\n|upkeep\n|\n|t:|1776355005\n|switch|p2a: Greninja|Greninja, L50, M|100/100\n|-damage|p2a: Greninja|88/100|[from] Stealth Rock\n|turn|5\n|\n|t:|1776355012\n|switch|p1a: Hydreigon|Hydreigon, L50, M|100/100\n|move|p2a: Greninja|Surf|p1a: Hydreigon\n|-start|p2a: Greninja|typechange|Water|[from] ability: Protean\n|-resisted|p1a: Hydreigon|1\n|-damage|p1a: Hydreigon|74/100\n|\n|-weather|none\n|upkeep\n|turn|6\n|\n|t:|1776355016\n|detailschange|p2a: Greninja|Greninja-Mega, L50, M\n|-mega|p2a: Greninja|Greninja|Greninjite\n|move|p1a: Hydreigon|Draco Meteor|p2a: Greninja\n|-damage|p2a: Greninja|0 fnt\n|-unboost|p1a: Hydreigon|spa|2\n|faint|p2a: Greninja\n|\n|upkeep\n|\n|t:|1776355021\n|switch|p2a: Archaludon|Archaludon, L50, F|100/100\n|-damage|p2a: Archaludon|95/100|[from] Stealth Rock\n|turn|7\n|\n|t:|1776355025\n|move|p1a: Hydreigon|Draco Meteor|p2a: Archaludon\n|-damage|p2a: Archaludon|46/100\n|-unboost|p1a: Hydreigon|spa|2\n|move|p2a: Archaludon|Rock Tomb|p1a: Hydreigon\n|-damage|p1a: Hydreigon|60/100\n|-unboost|p1a: Hydreigon|spe|1\n|\n|upkeep\n|turn|8\n|\n|t:|1776355031\n|move|p1a: Hydreigon|Draco Meteor|p2a: Archaludon\n|-damage|p2a: Archaludon|12/100\n|-unboost|p1a: Hydreigon|spa|2\n|move|p2a: Archaludon|Draco Meteor|p1a: Hydreigon\n|-supereffective|p1a: Hydreigon|1\n|-damage|p1a: Hydreigon|0 fnt\n|-unboost|p2a: Archaludon|spa|2\n|faint|p1a: Hydreigon\n|-enditem|p2a: Archaludon|White Herb\n|-clearnegativeboost|p2a: Archaludon|[silent]\n|\n|upkeep\n|\n|t:|1776355032\n|switch|p1a: Floette|Floette-Mega, L50, F|19/100\n|-ability|p1a: Floette|Fairy Aura\n|turn|9\n|\n|t:|1776355034\n|move|p1a: Floette|Moonblast|p2a: Archaludon\n|-damage|p2a: Archaludon|0 fnt\n|faint|p2a: Archaludon\n|\n|win|DiceyRice\n|raw|DiceyRice's rating: 1279 &rarr; <strong>1317</strong><br />(+38 for winning)\n|raw|wounddia's rating: 1481 &rarr; <strong>1451</strong><br />(-30 for losing)\n|l|\u2606wounddia\n|player|p2|\n",
  "uploadtime": 1776355041,
  "views": 10,
  "formatid": "gen9championsbssregma",
  "rating": 1317,
  "private": 0,
  "password": null
}