{
  "id": "gen9championsbssregma-2583099104",
  "format": "[Gen 9 Champions] BSS Reg M-A",
  "players": [
    "Sigakenmin",
    "mathismathin"
  ],
  "log": "|j|\u203dSigakenmin\n|j|\u2606mathismathin\n|t:|1776141861\n|gametype|singles\n|player|p1|Sigakenmin|265|1094\n|player|p2|mathismathin|bugsy-masters|1078\n|gen|9\n|tier|[Gen 9 Champions] BSS Reg M-A\n|rated|\n|rule|Species Clause: Limit one of each Pok\u00e9mon\n|rule|Item Clause: Limit 1 of each item\n|clearpoke\n|poke|p1|Gengar, L50, M|\n|poke|p1|Dragonite, L50, M|\n|poke|p1|Garchomp, L50, M|\n|poke|p1|Glimmora, L50, F|\n|poke|p1|Kingambit, L50, M|\n|poke|p1|Gyarados, L50, F|\n|poke|p2|Aegislash, L50, M|\n|poke|p2|Meganium, L50, F|\n|poke|p2|Sneasler, L50, F|\n|poke|p2|Dragapult, L50, F|\n|poke|p2|Lycanroc-Dusk, L50, F|\n|poke|p2|Tyranitar, L50, M|\n|teampreview|3\n|\n|t:|1776141900\n|teamsize|p1|3\n|teamsize|p2|3\n|start\n|switch|p1a: Gyarados|Gyarados, L50, F|100/100\n|switch|p2a: Dragapult|Dragapult, L50, F|100/100\n|-ability|p1a: Gyarados|Intimidate|boost\n|-unboost|p2a: Dragapult|atk|1\n|turn|1\n|\n|t:|1776141906\n|move|p2a: Dragapult|Will-O-Wisp|p1a: Gyarados\n|-status|p1a: Gyarados|brn\n|move|p1a: Gyarados|Dragon Dance|p1a: Gyarados\n|-boost|p1a: Gyarados|atk|1\n|-boost|p1a: Gyarados|spe|1\n|\n|-damage|p1a: Gyarados|95/100 brn|[from] brn\n|upkeep\n|turn|2\n|\n|t:|1776141920\n|move|p2a: Dragapult|Hex|p1a: Gyarados\n|-damage|p1a: Gyarados|45/100 brn\n|move|p1a: Gyarados|Surf|p2a: Dragapult\n|-resisted|p2a: Dragapult|1\n|-damage|p2a: Dragapult|86/100\n|\n|-damage|p1a: Gyarados|39/100 brn|[from] brn\n|upkeep\n|turn|3\n|\n|t:|1776141932\n|move|p2a: Dragapult|Hex|p1a: Gyarados\n|-crit|p1a: Gyarados\n|-damage|p1a: Gyarados|0 fnt\n|faint|p1a: Gyarados\n|\n|upkeep\n|inactive|Battle timer is ON: inactive players will automatically lose when time's up. (requested by Sigakenmin)\n|\n|t:|1776141953\n|switch|p1a: Garchomp|Garchomp, L50, M|100/100\n|turn|4\n|\n|t:|1776141965\n|move|p2a: Dragapult|Draco Meteor|p1a: Garchomp\n|-supereffective|p1a: Garchomp|1\n|-enditem|p1a: Garchomp|Focus Sash\n|-damage|p1a: Garchomp|1/100\n|-unboost|p2a: Dragapult|spa|2\n|move|p1a: Garchomp|Dragon Rush|p2a: Dragapult\n|-supereffective|p2a: Dragapult|1\n|-damage|p2a: Dragapult|0 fnt\n|faint|p2a: Dragapult\n|\n|upkeep\n|\n|t:|1776141971\n|switch|p2a: Lycanroc|Lycanroc-Dusk, L50, F|100/100\n|turn|5\n|\n|t:|1776141978\n|move|p2a: Lycanroc|Accelerock|p1a: Garchomp\n|-resisted|p1a: Garchomp|1\n|-damage|p1a: Garchomp|0 fnt\n|-damage|p2a: Lycanroc|88/100|[from] ability: Rough Skin|[of] p1a: Garchomp\n|faint|p1a: Garchomp\n|\n|upkeep\n|\n|t:|1776141983\n|switch|p1a: Gengar|Gengar, L50, M|100/100\n|turn|6\n|\n|t:|1776141990\n|switch|p2a: Tyranitar|Tyranitar, L50, M|100/100\n|-weather|Sandstorm|[from] ability: Sand Stream|[of] p2a: Tyranitar\n|detailschange|p1a: Gengar|Gengar-Mega, L50, M\n|-mega|p1a: Gengar|Gengar|Gengarite\n|move|p1a: Gengar|Focus Blast|p2a: Tyranitar\n|-supereffective|p2a: Tyranitar|2\n|-damage|p2a: Tyranitar|12/100\n|\n|-weather|Sandstorm|[upkeep]\n|-damage|p1a: Gengar|95/100|[from] Sandstorm\n|upkeep\n|turn|7\n|\n|t:|1776142001\n|move|p1a: Gengar|Shadow Ball|p2a: Tyranitar\n|-resisted|p2a: Tyranitar|1\n|-damage|p2a: Tyranitar|0 fnt\n|faint|p2a: Tyranitar\n|\n|-weather|Sandstorm|[upkeep]\n|-damage|p1a: Gengar|89/100|[from] Sandstorm\n|upkeep\n|\n|t:|1776142006\n|switch|p2a: Lycanroc|Lycanroc-Dusk, L50, F|88/100\n|turn|8\n|\n|t:|1776142009\n|move|p2a: Lycanroc|Accelerock|p1a: Gengar\n|-damage|p1a: Gengar|36/100\n|move|p1a: Gengar|Focus Blast|p2a: Lycanroc|[miss]\n|-miss|p1a: Gengar|p2a: Lycanroc\n|\n|-weather|Sandstorm|[upkeep]\n|-damage|p1a: Gengar|30/100|[from] Sandstorm\n|upkeep\n|turn|9\n|\n|t:|1776142017\n|move|p2a: Lycanroc|Accelerock|p1a: Gengar\n|-damage|p1a: Gengar|0 fnt\n|faint|p1a: Gengar\n|\n|win|mathismathin\n|raw|Sigakenmin's rating: 1094 &rarr; <strong>1069</strong><br />(-25 for losing)\n|raw|mathismathin's rating: 1078 &rarr; <strong>1108</strong><br />(+30 for winning)\n|l|\u203dSigakenmin\n|player|p1|\n",
  "uploadtime": 1776142064,
  "views": 2,
  "formatid": "gen9championsbssregma",
  "rating": 1069,
  "private": 0,
  "password": null
}