{
  "id": "gen9championsbssregma-2582124634",
  "format": "[Gen 9 Champions] BSS Reg M-A",
  "players": [
    "WyldersGrief",
    "D1KYPR0STA1NT"
  ],
  "log": "|j|\u2606WyldersGrief\n|j|\u2606D1KYPR0STA1NT\n|t:|1776061118\n|gametype|singles\n|player|p1|WyldersGrief|265|1063\n|player|p2|D1KYPR0STA1NT|lady-gen4|1058\n|gen|9\n|tier|[Gen 9 Champions] BSS Reg M-A\n|rated|\n|rule|Species Clause: Limit one of each Pok\u00e9mon\n|rule|Item Clause: Limit 1 of each item\n|clearpoke\n|poke|p1|Lopunny, L50, F|\n|poke|p1|Meowscarada, L50, M|\n|poke|p1|Garchomp, L50, M|\n|poke|p1|Espathra, L50, F|\n|poke|p1|Primarina, L50, F|\n|poke|p1|Rotom-Mow, L50|\n|poke|p2|Sneasler, L50, M|\n|poke|p2|Basculegion, L50, M|\n|poke|p2|Hippowdon, L50, F|\n|poke|p2|Gardevoir, L50, F|\n|poke|p2|Garchomp, L50, F|\n|poke|p2|Arcanine-Hisui, L50, F|\n|teampreview|3\n|inactive|Battle timer is ON: inactive players will automatically lose when time's up. (requested by D1KYPR0STA1NT)\n|inactive|WyldersGrief also wants the timer to be on.\n|inactive|WyldersGrief has 60 seconds left.\n|inactive|WyldersGrief has 30 seconds left.\n|\n|t:|1776061187\n|teamsize|p1|3\n|teamsize|p2|3\n|start\n|switch|p1a: Primarina|Primarina, L50, F|100/100\n|switch|p2a: Sneasler|Sneasler, L50, M, shiny|100/100\n|turn|1\n|\n|t:|1776061193\n|move|p2a: Sneasler|Poison Jab|p1a: Primarina\n|-supereffective|p1a: Primarina|1\n|-crit|p1a: Primarina\n|-damage|p1a: Primarina|0 fnt\n|faint|p1a: Primarina\n|\n|upkeep\n|c|\u2606WyldersGrief|Crit is fucking crazy\n|\n|t:|1776061206\n|switch|p1a: Lopunny|Lopunny, L50, F|100/100\n|turn|2\n|\n|t:|1776061210\n|detailschange|p1a: Lopunny|Lopunny-Mega, L50, F\n|-mega|p1a: Lopunny|Lopunny|Lopunnite\n|move|p1a: Lopunny|Fake Out|p2a: Sneasler\n|-damage|p2a: Sneasler|66/100\n|cant|p2a: Sneasler|flinch\n|\n|upkeep\n|turn|3\n|c|\u2606WyldersGrief|I hope you die\n|\n|t:|1776061220\n|move|p1a: Lopunny|Triple Axel|p2a: Sneasler\n|-damage|p2a: Sneasler|53/100\n|-damage|p2a: Sneasler|25/100\n|-damage|p2a: Sneasler|0 fnt\n|faint|p2a: Sneasler\n|-hitcount|p2: Sneasler|3\n|\n|upkeep\n|\n|t:|1776061228\n|switch|p2a: Gardevoir|Gardevoir, L50, F, shiny|100/100\n|turn|4\n|c|\u2606WyldersGrief|Thank god\n|\n|t:|1776061240\n|switch|p1a: Meowscarada|Meowscarada, L50, M|100/100\n|detailschange|p2a: Gardevoir|Gardevoir-Mega, L50, F, shiny\n|-mega|p2a: Gardevoir|Gardevoir|Gardevoirite\n|move|p2a: Gardevoir|Vacuum Wave|p1a: Meowscarada\n|-supereffective|p1a: Meowscarada|1\n|-damage|p1a: Meowscarada|44/100\n|\n|upkeep\n|turn|5\n|\n|t:|1776061250\n|move|p2a: Gardevoir|Vacuum Wave|p1a: Meowscarada\n|-supereffective|p1a: Meowscarada|1\n|-damage|p1a: Meowscarada|0 fnt\n|faint|p1a: Meowscarada\n|\n|upkeep\n|\n|t:|1776061253\n|switch|p1a: Lopunny|Lopunny-Mega, L50, F|100/100\n|turn|6\n|\n|t:|1776061256\n|move|p1a: Lopunny|Fake Out|p2a: Gardevoir\n|-damage|p2a: Gardevoir|61/100\n|cant|p2a: Gardevoir|flinch\n|\n|upkeep\n|turn|7\n|\n|t:|1776061262\n|move|p2a: Gardevoir|Vacuum Wave|p1a: Lopunny\n|-supereffective|p1a: Lopunny|1\n|-damage|p1a: Lopunny|55/100\n|move|p1a: Lopunny|Triple Axel|p2a: Gardevoir\n|-damage|p2a: Gardevoir|48/100\n|-damage|p2a: Gardevoir|21/100\n|-damage|p2a: Gardevoir|0 fnt\n|faint|p2a: Gardevoir\n|-hitcount|p2: Gardevoir|3\n|\n|upkeep\n|\n|t:|1776061271\n|switch|p2a: Basculegion|Basculegion, L50, M|100/100\n|turn|8\n|\n|t:|1776061279\n|move|p2a: Basculegion|Wave Crash|p1a: Lopunny\n|-damage|p1a: Lopunny|0 fnt\n|faint|p1a: Lopunny\n|-damage|p2a: Basculegion|88/100|[from] Recoil\n|\n|win|D1KYPR0STA1NT\n",
  "uploadtime": 1776061213,
  "views": 4,
  "formatid": "gen9championsbssregma",
  "rating": null,
  "private": 0,
  "password": null
}