{
  "id": "gen9championsbssregma-2586018888",
  "format": "[Gen 9 Champions] BSS Reg M-A",
  "players": [
    "NoSoyLuis33",
    "fletchyfletchy"
  ],
  "log": "|j|\u2606NoSoyLuis33\n|j|\u2606fletchyfletchy\n|t:|1776390791\n|gametype|singles\n|player|p1|NoSoyLuis33|wallace|1117\n|player|p2|fletchyfletchy|liko|1077\n|gen|9\n|tier|[Gen 9 Champions] BSS Reg M-A\n|rated|\n|rule|Species Clause: Limit one of each Pok\u00e9mon\n|rule|Item Clause: Limit 1 of each item\n|clearpoke\n|poke|p1|Tinkaton, L50, F|\n|poke|p1|Starmie, L50|\n|poke|p1|Pelipper, L50, M|\n|poke|p1|Kingambit, L50, M|\n|poke|p1|Gengar, L50, F|\n|poke|p1|Sneasler, L50, M|\n|poke|p2|Lopunny, L50, F|\n|poke|p2|Basculegion, L50, M|\n|poke|p2|Meowscarada, L50, F|\n|poke|p2|Aegislash, L50, M|\n|poke|p2|Charizard, L50, F|\n|poke|p2|Rotom-Wash, L50|\n|teampreview|3\n|inactive|Battle timer is ON: inactive players will automatically lose when time's up. (requested by NoSoyLuis33)\n|\n|t:|1776390809\n|teamsize|p1|3\n|teamsize|p2|3\n|start\n|switch|p1a: Garu|Gengar, L50, F|100/100\n|switch|p2a: Charizard|Charizard, L50, F|100/100\n|turn|1\n|\n|t:|1776390820\n|switch|p1a: Patricio|Starmie, L50|100/100\n|detailschange|p2a: Charizard|Charizard-Mega-Y, L50, F\n|-mega|p2a: Charizard|Charizard|Charizardite Y\n|-weather|SunnyDay|[from] ability: Drought|[of] p2a: Charizard\n|move|p2a: Charizard|Overheat|p1a: Patricio\n|-resisted|p1a: Patricio|1\n|-damage|p1a: Patricio|14/100\n|-unboost|p2a: Charizard|spa|2\n|\n|-weather|SunnyDay|[upkeep]\n|upkeep\n|turn|2\n|\n|t:|1776390831\n|switch|p2a: Aegislash|Aegislash, L50, M|100/100\n|detailschange|p1a: Patricio|Starmie-Mega, L50\n|-mega|p1a: Patricio|Starmie|Starminite\n|move|p1a: Patricio|Flip Turn|p2a: Aegislash\n|-damage|p2a: Aegislash|79/100\n|\n|t:|1776390839\n|switch|p1a: Garu|Gengar, L50, F|100/100|[from] Flip Turn\n|\n|-weather|SunnyDay|[upkeep]\n|-heal|p2a: Aegislash|85/100|[from] item: Leftovers\n|upkeep\n|turn|3\n|\n|t:|1776390847\n|move|p1a: Garu|Shadow Ball|p2a: Aegislash\n|-supereffective|p2a: Aegislash|1\n|-damage|p2a: Aegislash|8/100\n|move|p2a: Aegislash|Swords Dance|p2a: Aegislash\n|-boost|p2a: Aegislash|atk|2\n|\n|-weather|SunnyDay|[upkeep]\n|-heal|p2a: Aegislash|14/100|[from] item: Leftovers\n|upkeep\n|turn|4\n|\n|t:|1776390854\n|-formechange|p2a: Aegislash|Aegislash-Blade|\n|move|p2a: Aegislash|Shadow Sneak|p1a: Garu\n|-supereffective|p1a: Garu|1\n|-damage|p1a: Garu|0 fnt\n|-start|p2a: Aegislash|Disable|Shadow Sneak|[from] ability: Cursed Body|[of] p1a: Garu\n|faint|p1a: Garu\n|\n|-weather|SunnyDay|[upkeep]\n|-heal|p2a: Aegislash|20/100|[from] item: Leftovers\n|upkeep\n|\n|t:|1776390858\n|switch|p1a: Daia|Tinkaton, L50, F|100/100\n|turn|5\n|\n|t:|1776390865\n|-formechange|p2a: Aegislash|Aegislash|\n|move|p2a: Aegislash|King's Shield|p2a: Aegislash\n|-singleturn|p2a: Aegislash|Protect\n|move|p1a: Daia|Gigaton Hammer|p2a: Aegislash\n|-activate|p2a: Aegislash|move: Protect\n|\n|-weather|none\n|-heal|p2a: Aegislash|26/100|[from] item: Leftovers\n|upkeep\n|turn|6\n|\n|t:|1776390874\n|move|p1a: Daia|Play Rough|p2a: Aegislash\n|-resisted|p2a: Aegislash|1\n|-damage|p2a: Aegislash|14/100\n|-formechange|p2a: Aegislash|Aegislash-Blade|\n|move|p2a: Aegislash|Sacred Sword|p1a: Daia\n|-damage|p1a: Daia|30/100\n|\n|-heal|p2a: Aegislash|20/100|[from] item: Leftovers\n|upkeep\n|turn|7\n|\n|t:|1776390885\n|move|p1a: Daia|Gigaton Hammer|p2a: Aegislash\n|-resisted|p2a: Aegislash|1\n|-damage|p2a: Aegislash|0 fnt\n|faint|p2a: Aegislash\n|\n|upkeep\n|\n|t:|1776390893\n|switch|p2a: Charizard|Charizard-Mega-Y, L50, F|100/100\n|-weather|SunnyDay|[from] ability: Drought|[of] p2a: Charizard\n|turn|8\n|\n|t:|1776390900\n|move|p2a: Charizard|Overheat|p1a: Daia\n|-supereffective|p1a: Daia|1\n|-damage|p1a: Daia|0 fnt\n|-unboost|p2a: Charizard|spa|2\n|faint|p1a: Daia\n|\n|-weather|SunnyDay|[upkeep]\n|upkeep\n|\n|t:|1776390902\n|switch|p1a: Patricio|Starmie-Mega, L50|14/100\n|turn|9\n|\n|t:|1776390905\n|move|p1a: Patricio|Liquidation|p2a: Charizard\n|-supereffective|p2a: Charizard|1\n|-damage|p2a: Charizard|0 fnt\n|faint|p2a: Charizard\n|\n|-weather|SunnyDay|[upkeep]\n|upkeep\n|\n|t:|1776390908\n|switch|p2a: Rotom|Rotom-Wash, L50|100/100\n|turn|10\n|c|\u2606fletchyfletchy|ggs\n|\n|t:|1776390915\n|move|p1a: Patricio|Psycho Cut|p2a: Rotom\n|-damage|p2a: Rotom|44/100\n|-enditem|p2a: Rotom|Sitrus Berry|[eat]\n|-heal|p2a: Rotom|69/100|[from] item: Sitrus Berry\n|move|p2a: Rotom|Volt Switch|p1a: Patricio\n|-supereffective|p1a: Patricio|1\n|-damage|p1a: Patricio|0 fnt\n|faint|p1a: Patricio\n|\n|win|fletchyfletchy\n|raw|NoSoyLuis33's rating: 1117 &rarr; <strong>1089</strong><br />(-28 for losing)\n|raw|fletchyfletchy's rating: 1077 &rarr; <strong>1109</strong><br />(+32 for winning)\n",
  "uploadtime": 1776390915,
  "views": 7,
  "formatid": "gen9championsbssregma",
  "rating": 1089,
  "private": 0,
  "password": null
}