{
  "id": "gen9championsbssregma-2587981519",
  "format": "[Gen 9 Champions] BSS Reg M-A",
  "players": [
    "Salmon4777",
    "Cumdoy"
  ],
  "log": "|j|\u2606Salmon4777\n|j|\u2606Cumdoy\n|t:|1776588289\n|gametype|singles\n|player|p1|Salmon4777|266|1213\n|player|p2|Cumdoy|170|1111\n|gen|9\n|tier|[Gen 9 Champions] BSS Reg M-A\n|rated|\n|rule|Species Clause: Limit one of each Pok\u00e9mon\n|rule|Item Clause: Limit 1 of each item\n|clearpoke\n|poke|p1|Ceruledge, L50, M|\n|poke|p1|Sableye, L50, F|\n|poke|p1|Gengar, L50, M|\n|poke|p1|Mimikyu, L50, M|\n|poke|p1|Basculegion, L50, M|\n|poke|p1|Aegislash, L50, M|\n|poke|p2|Scizor, L50, M|\n|poke|p2|Gengar, L50, M|\n|poke|p2|Garchomp, L50, F|\n|poke|p2|Araquanid, L50, F|\n|poke|p2|Ceruledge, L50, M|\n|poke|p2|Lucario, L50, F|\n|teampreview|3\n|inactive|Battle timer is ON: inactive players will automatically lose when time's up. (requested by Salmon4777)\n|\n|t:|1776588322\n|teamsize|p1|3\n|teamsize|p2|3\n|start\n|switch|p1a: Ceruledge|Ceruledge, L50, M|100/100\n|switch|p2a: Araquanid|Araquanid, L50, F|100/100\n|turn|1\n|\n|t:|1776588330\n|move|p1a: Ceruledge|Poltergeist|p2a: Araquanid\n|-activate|p2a: Araquanid|move: Poltergeist|Leftovers\n|-damage|p2a: Araquanid|44/100\n|move|p2a: Araquanid|Sticky Web|p1a: Ceruledge\n|-sidestart|p1: Salmon4777|move: Sticky Web\n|\n|-heal|p2a: Araquanid|50/100|[from] item: Leftovers\n|upkeep\n|turn|2\n|\n|t:|1776588342\n|move|p1a: Ceruledge|Poltergeist|p2a: Araquanid\n|-activate|p2a: Araquanid|move: Poltergeist|Leftovers\n|-damage|p2a: Araquanid|0 fnt\n|faint|p2a: Araquanid\n|\n|upkeep\n|\n|t:|1776588356\n|switch|p2a: Ceruledge|Ceruledge, L50, M|100/100\n|turn|3\n|\n|t:|1776588365\n|move|p1a: Ceruledge|Poltergeist|p2a: Ceruledge\n|-activate|p2a: Ceruledge|move: Poltergeist|Focus Sash\n|-supereffective|p2a: Ceruledge|1\n|-enditem|p2a: Ceruledge|Focus Sash\n|-damage|p2a: Ceruledge|1/100\n|-ability|p2a: Ceruledge|Weak Armor|boost\n|-unboost|p2a: Ceruledge|def|1\n|-boost|p2a: Ceruledge|spe|2\n|move|p2a: Ceruledge|Swords Dance|p2a: Ceruledge\n|-boost|p2a: Ceruledge|atk|2\n|\n|upkeep\n|turn|4\n|\n|t:|1776588380\n|move|p2a: Ceruledge|Shadow Sneak|p1a: Ceruledge\n|-supereffective|p1a: Ceruledge|1\n|-enditem|p1a: Ceruledge|Focus Sash\n|-damage|p1a: Ceruledge|1/100\n|-ability|p1a: Ceruledge|Weak Armor|boost\n|-unboost|p1a: Ceruledge|def|1\n|-boost|p1a: Ceruledge|spe|2\n|move|p1a: Ceruledge|Shadow Sneak|p2a: Ceruledge\n|-supereffective|p2a: Ceruledge|1\n|-damage|p2a: Ceruledge|0 fnt\n|faint|p2a: Ceruledge\n|\n|upkeep\n|\n|t:|1776588392\n|switch|p2a: Gengar|Gengar, L50, M|100/100\n|turn|5\n|\n|t:|1776588400\n|detailschange|p2a: Gengar|Gengar-Mega, L50, M\n|-mega|p2a: Gengar|Gengar|Gengarite\n|move|p1a: Ceruledge|Destiny Bond|p1a: Ceruledge\n|-singlemove|p1a: Ceruledge|Destiny Bond\n|move|p2a: Gengar|Shadow Ball|p1a: Ceruledge\n|-supereffective|p1a: Ceruledge|1\n|-damage|p1a: Ceruledge|0 fnt\n|faint|p1a: Ceruledge\n|-activate|p1a: Ceruledge|move: Destiny Bond\n|faint|p2a: Gengar\n|\n|win|Salmon4777\n|raw|Salmon4777's rating: 1213 &rarr; <strong>1231</strong><br />(+18 for winning)\n|raw|Cumdoy's rating: 1111 &rarr; <strong>1093</strong><br />(-18 for losing)\n|l|\u2606Cumdoy\n|player|p2|\n|l|\u2606Salmon4777\n|player|p1|\n|j|\u2606Salmon4777\n|player|p1|Salmon4777|266|\n",
  "uploadtime": 1776588458,
  "views": 3,
  "formatid": "gen9championsbssregma",
  "rating": 1093,
  "private": 0,
  "password": null
}