{
  "id": "gen9championsbssregma-2583226245",
  "format": "[Gen 9 Champions] BSS Reg M-A",
  "players": [
    "Battle*Pachirisu",
    "chanmin"
  ],
  "log": "|j|\u2606Battle*Pachirisu\n|j|\u2606chanmin\n|t:|1776156866\n|gametype|singles\n|player|p1|Battle*Pachirisu|265|1156\n|player|p2|chanmin|170|1289\n|gen|9\n|tier|[Gen 9 Champions] BSS Reg M-A\n|rated|\n|rule|Species Clause: Limit one of each Pok\u00e9mon\n|rule|Item Clause: Limit 1 of each item\n|clearpoke\n|poke|p1|Floette-Eternal, L50, F|\n|poke|p1|Samurott-Hisui, L50, M|\n|poke|p1|Skarmory, L50, F|\n|poke|p1|Tyranitar, L50, F|\n|poke|p1|Venusaur, L50, M|\n|poke|p1|Toxapex, L50, F|\n|poke|p2|Archaludon, L50, M|\n|poke|p2|Rotom-Wash, L50|\n|poke|p2|Greninja-*, L50, M|\n|poke|p2|Kleavor, L50, F|\n|poke|p2|Chandelure, L50, M|\n|poke|p2|Garchomp, L50, F|\n|teampreview|3\n|\n|t:|1776156891\n|teamsize|p1|3\n|teamsize|p2|3\n|start\n|switch|p1a: Venusaur|Venusaur, L50, M|100/100\n|switch|p2a: Kleavor|Kleavor, L50, F|100/100\n|turn|1\n|\n|t:|1776156898\n|switch|p1a: Skarmory|Skarmory, L50, F|100/100\n|move|p2a: Kleavor|Stone Axe|p1a: Skarmory\n|-damage|p1a: Skarmory|69/100\n|-sidestart|p1: Battle*Pachirisu|move: Stealth Rock\n|\n|upkeep\n|turn|2\n|\n|t:|1776156906\n|switch|p2a: Rotom|Rotom-Wash, L50|100/100\n|move|p1a: Skarmory|Roost|p1a: Skarmory\n|-heal|p1a: Skarmory|100/100\n|-singleturn|p1a: Skarmory|move: Roost\n|\n|upkeep\n|turn|3\n|\n|t:|1776156916\n|switch|p1a: Venusaur|Venusaur, L50, M|100/100\n|-damage|p1a: Venusaur|88/100|[from] Stealth Rock\n|move|p2a: Rotom|Volt Switch|p1a: Venusaur\n|-resisted|p1a: Venusaur|1\n|-damage|p1a: Venusaur|77/100\n|inactive|Battle timer is ON: inactive players will automatically lose when time's up. (requested by Battle*Pachirisu)\n|\n|t:|1776156932\n|switch|p2a: Greninja|Greninja, L50, M|100/100|[from] Volt Switch\n|\n|upkeep\n|turn|4\n|\n|t:|1776156943\n|detailschange|p2a: Greninja|Greninja-Mega, L50, M\n|-mega|p2a: Greninja|Greninja|Greninjite\n|detailschange|p1a: Venusaur|Venusaur-Mega, L50, M\n|-mega|p1a: Venusaur|Venusaur|Venusaurite\n|move|p2a: Greninja|U-turn|p1a: Venusaur\n|-start|p2a: Greninja|typechange|Bug|[from] ability: Protean\n|-damage|p1a: Venusaur|51/100\n|\n|t:|1776156952\n|switch|p2a: Kleavor|Kleavor, L50, F|100/100|[from] U-turn\n|move|p1a: Venusaur|Giga Drain|p2a: Kleavor\n|-damage|p2a: Kleavor|55/100\n|-heal|p1a: Venusaur|69/100|[from] drain|[of] p2a: Kleavor\n|\n|upkeep\n|turn|5\n|\n|t:|1776156967\n|switch|p1a: Skarmory|Skarmory, L50, F|100/100\n|-damage|p1a: Skarmory|88/100|[from] Stealth Rock\n|move|p2a: Kleavor|Swords Dance|p2a: Kleavor\n|-boost|p2a: Kleavor|atk|2\n|\n|upkeep\n|turn|6\n|\n|t:|1776156975\n|move|p2a: Kleavor|Stone Axe|p1a: Skarmory\n|-damage|p1a: Skarmory|28/100\n|-enditem|p1a: Skarmory|Sitrus Berry|[eat]\n|-heal|p1a: Skarmory|53/100|[from] item: Sitrus Berry\n|move|p1a: Skarmory|Iron Defense|p1a: Skarmory\n|-boost|p1a: Skarmory|def|2\n|\n|upkeep\n|turn|7\n|\n|t:|1776156983\n|switch|p2a: Rotom|Rotom-Wash, L50|100/100\n|move|p1a: Skarmory|Body Press|p2a: Rotom\n|-damage|p2a: Rotom|29/100\n|-enditem|p2a: Rotom|Sitrus Berry|[eat]\n|-heal|p2a: Rotom|54/100|[from] item: Sitrus Berry\n|\n|upkeep\n|turn|8\n|\n|t:|1776156999\n|switch|p1a: Venusaur|Venusaur-Mega, L50, M|69/100\n|-damage|p1a: Venusaur|57/100|[from] Stealth Rock\n|move|p2a: Rotom|Volt Switch|p1a: Venusaur\n|-resisted|p1a: Venusaur|1\n|-crit|p1a: Venusaur\n|-damage|p1a: Venusaur|40/100\n|\n|t:|1776157009\n|switch|p2a: Kleavor|Kleavor, L50, F|55/100|[from] Volt Switch\n|\n|upkeep\n|turn|9\n|\n|t:|1776157017\n|move|p2a: Kleavor|Swords Dance|p2a: Kleavor\n|-boost|p2a: Kleavor|atk|2\n|move|p1a: Venusaur|Giga Drain|p2a: Kleavor\n|-damage|p2a: Kleavor|6/100\n|-heal|p1a: Venusaur|59/100|[from] drain|[of] p2a: Kleavor\n|\n|upkeep\n|turn|10\n|\n|t:|1776157024\n|switch|p1a: Tyranitar|Tyranitar, L50, F|100/100\n|-damage|p1a: Tyranitar|88/100|[from] Stealth Rock\n|-weather|Sandstorm|[from] ability: Sand Stream|[of] p1a: Tyranitar\n|move|p2a: Kleavor|Stone Axe|p1a: Tyranitar\n|-damage|p1a: Tyranitar|12/100\n|\n|-weather|Sandstorm|[upkeep]\n|-heal|p1a: Tyranitar|17/100|[from] item: Leftovers\n|upkeep\n|turn|11\n|\n|t:|1776157049\n|move|p2a: Kleavor|Night Slash|p1a: Tyranitar\n|-resisted|p1a: Tyranitar|1\n|-damage|p1a: Tyranitar|0 fnt\n|faint|p1a: Tyranitar\n|\n|-weather|Sandstorm|[upkeep]\n|upkeep\n|\n|t:|1776157052\n|switch|p1a: Skarmory|Skarmory, L50, F|53/100\n|-damage|p1a: Skarmory|41/100|[from] Stealth Rock\n|turn|12\n|\n|t:|1776157062\n|move|p2a: Kleavor|Stone Axe|p1a: Skarmory|[miss]\n|-miss|p2a: Kleavor|p1a: Skarmory\n|move|p1a: Skarmory|Body Press|p2a: Kleavor\n|-damage|p2a: Kleavor|0 fnt\n|faint|p2a: Kleavor\n|\n|-weather|Sandstorm|[upkeep]\n|upkeep\n|c|\u2606chanmin|dudd wtf\n|c|\u2606chanmin|that was supposed to be a sweep\n|inactive|chanmin has 30 seconds left.\n|c|\u2606chanmin|you lucky af\n|\n|t:|1776157094\n|switch|p2a: Greninja|Greninja-Mega, L50, M|100/100\n|turn|13\n|c|\u2606Battle*Pachirisu|fk\n|\n|t:|1776157112\n|move|p2a: Greninja|Ice Beam|p1a: Skarmory\n|-start|p2a: Greninja|typechange|Ice|[from] ability: Protean\n|-crit|p1a: Skarmory\n|-damage|p1a: Skarmory|0 fnt\n|faint|p1a: Skarmory\n|\n|-weather|Sandstorm|[upkeep]\n|-damage|p2a: Greninja|94/100|[from] Sandstorm\n|upkeep\n|\n|t:|1776157117\n|switch|p1a: Venusaur|Venusaur-Mega, L50, M|59/100\n|-damage|p1a: Venusaur|46/100|[from] Stealth Rock\n|turn|14\n|\n|t:|1776157126\n|move|p2a: Greninja|Ice Beam|p1a: Venusaur\n|-supereffective|p1a: Venusaur|1\n|-damage|p1a: Venusaur|14/100\n|move|p1a: Venusaur|Synthesis|p1a: Venusaur\n|-heal|p1a: Venusaur|40/100\n|\n|-weather|none\n|upkeep\n|turn|15\n|\n|t:|1776157136\n|move|p2a: Greninja|Dark Pulse|p1a: Venusaur\n|-damage|p1a: Venusaur|22/100\n|move|p1a: Venusaur|Synthesis|p1a: Venusaur\n|-heal|p1a: Venusaur|72/100\n|\n|upkeep\n|turn|16\n|\n|t:|1776157145\n|move|p2a: Greninja|U-turn|p1a: Venusaur\n|-damage|p1a: Venusaur|56/100\n|\n|t:|1776157148\n|switch|p2a: Rotom|Rotom-Wash, L50|54/100|[from] U-turn\n|move|p1a: Venusaur|Synthesis|p1a: Venusaur\n|-heal|p1a: Venusaur|100/100\n|\n|upkeep\n|turn|17\n|\n|t:|1776157155\n|move|p1a: Venusaur|Giga Drain|p2a: Rotom\n|-supereffective|p2a: Rotom|1\n|-damage|p2a: Rotom|0 fnt\n|faint|p2a: Rotom\n|\n|upkeep\n|c|\u2606chanmin|goddamn it\n|\n|t:|1776157164\n|switch|p2a: Greninja|Greninja-Mega, L50, M|94/100\n|turn|18\n|c|\u2606Battle*Pachirisu|www\n|c|\u2606Battle*Pachirisu|\u3056\u3053\u3057\u306d\u3088\u304b\u3059\n|\n|t:|1776157183\n|move|p2a: Greninja|Dark Pulse|p1a: Venusaur\n|-start|p2a: Greninja|typechange|Dark|[from] ability: Protean\n|-damage|p1a: Venusaur|72/100\n|move|p1a: Venusaur|Giga Drain|p2a: Greninja\n|-damage|p2a: Greninja|41/100\n|-heal|p1a: Venusaur|92/100|[from] drain|[of] p2a: Greninja\n|\n|upkeep\n|turn|19\n|c|\u2606chanmin|you jap fuck\n|c|\u2606chanmin|you suck\n|\n|t:|1776157193\n|move|p2a: Greninja|Dark Pulse|p1a: Venusaur\n|-damage|p1a: Venusaur|67/100\n|move|p1a: Venusaur|Giga Drain|p2a: Greninja\n|-damage|p2a: Greninja|0 fnt\n|-heal|p1a: Venusaur|83/100|[from] drain|[of] p2a: Greninja\n|faint|p2a: Greninja\n|\n|win|Battle*Pachirisu\n",
  "uploadtime": 1776157179,
  "views": 6,
  "formatid": "gen9championsbssregma",
  "rating": null,
  "private": 0,
  "password": null
}