{
  "id": "gen9championsbssregma-2584836243",
  "format": "[Gen 9 Champions] BSS Reg M-A",
  "players": [
    "Mobileishard",
    "Ineedaonetype"
  ],
  "log": "|j|\u2606Mobileishard\n|j|\u2606Ineedaonetype\n|t:|1776287424\n|gametype|singles\n|player|p1|Mobileishard|1|1368\n|player|p2|Ineedaonetype|101|1394\n|gen|9\n|tier|[Gen 9 Champions] BSS Reg M-A\n|rated|\n|rule|Species Clause: Limit one of each Pok\u00e9mon\n|rule|Item Clause: Limit 1 of each item\n|clearpoke\n|poke|p1|Azumarill, L50, F|\n|poke|p1|Blastoise, L50, F|\n|poke|p1|Ditto, L50|\n|poke|p1|Reuniclus, L50, M|\n|poke|p1|Dragapult, L50, M|\n|poke|p1|Kleavor, L50, M|\n|poke|p2|Venusaur, L50, F|\n|poke|p2|Hydreigon, L50, F|\n|poke|p2|Corviknight, L50, F|\n|poke|p2|Meowscarada, L50, F|\n|poke|p2|Snorlax, L50, F|\n|poke|p2|Delphox, L50, F|\n|teampreview|3\n|j| p74\n|inactive|Battle timer is ON: inactive players will automatically lose when time's up. (requested by Mobileishard)\n|\n|t:|1776287462\n|teamsize|p1|3\n|teamsize|p2|3\n|start\n|switch|p1a: Dragapult|Dragapult, L50, M|100/100\n|switch|p2a: CIRCUS CONTRAPTION|Meowscarada, L50, F|100/100\n|turn|1\n|\n|t:|1776287467\n|move|p2a: CIRCUS CONTRAPTION|Sucker Punch||[still]\n|-fail|p2a: CIRCUS CONTRAPTION\n|move|p1a: Dragapult|Reflect|p1a: Dragapult\n|-sidestart|p1: Mobileishard|Reflect\n|\n|upkeep\n|turn|2\n|\n|t:|1776287473\n|move|p1a: Dragapult|Will-O-Wisp|p2a: CIRCUS CONTRAPTION\n|-status|p2a: CIRCUS CONTRAPTION|brn\n|move|p2a: CIRCUS CONTRAPTION|Knock Off|p1a: Dragapult\n|-start|p2a: CIRCUS CONTRAPTION|typechange|Dark|[from] ability: Protean\n|-supereffective|p1a: Dragapult|1\n|-damage|p1a: Dragapult|74/100\n|-enditem|p1a: Dragapult|Mental Herb|[from] move: Knock Off|[of] p2a: CIRCUS CONTRAPTION\n|\n|-damage|p2a: CIRCUS CONTRAPTION|95/100 brn|[from] brn\n|upkeep\n|turn|3\n|\n|t:|1776287481\n|move|p1a: Dragapult|Light Screen|p1a: Dragapult\n|-sidestart|p1: Mobileishard|move: Light Screen\n|move|p2a: CIRCUS CONTRAPTION|Triple Axel|p1a: Dragapult\n|-supereffective|p1a: Dragapult|1\n|-damage|p1a: Dragapult|70/100\n|-supereffective|p1a: Dragapult|1\n|-damage|p1a: Dragapult|63/100\n|-supereffective|p1a: Dragapult|1\n|-damage|p1a: Dragapult|51/100\n|-hitcount|p1a: Dragapult|3\n|\n|-damage|p2a: CIRCUS CONTRAPTION|89/100 brn|[from] brn\n|upkeep\n|turn|4\n|\n|t:|1776287490\n|move|p1a: Dragapult|Curse|p2a: CIRCUS CONTRAPTION\n|-start|p2a: CIRCUS CONTRAPTION|Curse|[of] p1a: Dragapult\n|-damage|p1a: Dragapult|1/100\n|move|p2a: CIRCUS CONTRAPTION|Knock Off|p1a: Dragapult\n|-supereffective|p1a: Dragapult|1\n|-damage|p1a: Dragapult|0 fnt\n|faint|p1a: Dragapult\n|\n|-damage|p2a: CIRCUS CONTRAPTION|83/100 brn|[from] brn\n|-damage|p2a: CIRCUS CONTRAPTION|58/100 brn|[from] Curse\n|upkeep\n|\n|t:|1776287492\n|switch|p1a: Blastoise|Blastoise, L50, F|100/100\n|turn|5\n|\n|t:|1776287496\n|detailschange|p1a: Blastoise|Blastoise-Mega, L50, F\n|-mega|p1a: Blastoise|Blastoise|Blastoisinite\n|move|p2a: CIRCUS CONTRAPTION|Flower Trick|p1a: Blastoise\n|-supereffective|p1a: Blastoise|1\n|-crit|p1a: Blastoise\n|-damage|p1a: Blastoise|68/100\n|move|p1a: Blastoise|Shell Smash|p1a: Blastoise\n|-unboost|p1a: Blastoise|def|1\n|-unboost|p1a: Blastoise|spd|1\n|-boost|p1a: Blastoise|atk|2\n|-boost|p1a: Blastoise|spa|2\n|-boost|p1a: Blastoise|spe|2\n|\n|-damage|p2a: CIRCUS CONTRAPTION|52/100 brn|[from] brn\n|-damage|p2a: CIRCUS CONTRAPTION|27/100 brn|[from] Curse\n|-sideend|p1: Mobileishard|Reflect\n|upkeep\n|turn|6\n|\n|t:|1776287505\n|move|p1a: Blastoise|Water Pulse|p2a: CIRCUS CONTRAPTION\n|-damage|p2a: CIRCUS CONTRAPTION|0 fnt\n|faint|p2a: CIRCUS CONTRAPTION\n|\n|upkeep\n|\n|t:|1776287511\n|switch|p2a: AMAZON|Venusaur, L50, F|100/100\n|turn|7\n|\n|t:|1776287514\n|detailschange|p2a: AMAZON|Venusaur-Mega, L50, F\n|-mega|p2a: AMAZON|Venusaur|Venusaurite\n|move|p1a: Blastoise|Dark Pulse|p2a: AMAZON\n|-damage|p2a: AMAZON|35/100\n|move|p2a: AMAZON|Giga Drain|p1a: Blastoise\n|-supereffective|p1a: Blastoise|1\n|-damage|p1a: Blastoise|24/100\n|-heal|p2a: AMAZON|55/100|[from] drain|[of] p1a: Blastoise\n|\n|-sideend|p1: Mobileishard|move: Light Screen\n|upkeep\n|turn|8\n|\n|t:|1776287524\n|switch|p2a: HYDRA|Hydreigon, L50, F|100/100\n|move|p1a: Blastoise|Dark Pulse|p2a: HYDRA\n|-resisted|p2a: HYDRA|1\n|-damage|p2a: HYDRA|45/100\n|\n|upkeep\n|turn|9\n|\n|t:|1776287529\n|move|p1a: Blastoise|Dark Pulse|p2a: HYDRA\n|-resisted|p2a: HYDRA|1\n|-damage|p2a: HYDRA|0 fnt\n|faint|p2a: HYDRA\n|\n|upkeep\n|\n|t:|1776287532\n|switch|p2a: AMAZON|Venusaur-Mega, L50, F|55/100\n|turn|10\n|\n|t:|1776287535\n|move|p1a: Blastoise|Dark Pulse|p2a: AMAZON\n|-damage|p2a: AMAZON|0 fnt\n|faint|p2a: AMAZON\n|\n|win|Mobileishard\n|raw|Mobileishard's rating: 1368 &rarr; <strong>1389</strong><br />(+21 for winning)\n|raw|Ineedaonetype's rating: 1394 &rarr; <strong>1373</strong><br />(-21 for losing)\n",
  "uploadtime": 1776287540,
  "views": 11,
  "formatid": "gen9championsbssregma",
  "rating": 1373,
  "private": 0,
  "password": null
}