{
  "id": "gen9championsbssregma-2587418576",
  "format": "[Gen 9 Champions] BSS Reg M-A",
  "players": [
    "Lord Queefus",
    "yukd-\u30eb\u30a2\u30c9"
  ],
  "log": "|j|\u2606Lord Queefus\n|j|\u2606yukd-\u30eb\u30a2\u30c9\n|t:|1776530174\n|gametype|singles\n|player|p1|Lord Queefus|swimmer-gen4dp|1199\n|player|p2|yukd-\u30eb\u30a2\u30c9|lyra|1219\n|gen|9\n|tier|[Gen 9 Champions] BSS Reg M-A\n|rated|\n|rule|Species Clause: Limit one of each Pok\u00e9mon\n|rule|Item Clause: Limit 1 of each item\n|clearpoke\n|poke|p1|Meowscarada, L50, F|\n|poke|p1|Palafin, L50, F|\n|poke|p1|Delphox, L50, F|\n|poke|p1|Clefable, L50, F|\n|poke|p1|Beedrill, L50, F|\n|poke|p1|Excadrill, L50, F|\n|poke|p2|Lopunny, L50, F|\n|poke|p2|Skeledirge, L50, M|\n|poke|p2|Floette-Eternal, L50, F|\n|poke|p2|Glimmora, L50, M|\n|poke|p2|Milotic, L50, F|\n|poke|p2|Kingambit, L50, F|\n|teampreview|3\n|inactive|Battle timer is ON: inactive players will automatically lose when time's up. (requested by yukd-\u30eb\u30a2\u30c9)\n|\n|t:|1776530241\n|teamsize|p1|3\n|teamsize|p2|3\n|start\n|switch|p1a: Meowscarada|Meowscarada, L50, F|100/100\n|switch|p2a: Skeledirge|Skeledirge, L50, M|100/100\n|turn|1\n|\n|t:|1776530253\n|move|p1a: Meowscarada|U-turn|p2a: Skeledirge\n|-start|p1a: Meowscarada|typechange|Bug|[from] ability: Protean\n|-resisted|p2a: Skeledirge|2\n|-damage|p2a: Skeledirge|94/100\n|\n|t:|1776530263\n|switch|p1a: Delphox|Delphox, L50, F|100/100|[from] U-turn\n|move|p2a: Skeledirge|Torch Song|p1a: Delphox\n|-resisted|p1a: Delphox|1\n|-damage|p1a: Delphox|86/100\n|-boost|p2a: Skeledirge|spa|1\n|\n|-heal|p2a: Skeledirge|100/100|[from] item: Leftovers\n|upkeep\n|turn|2\n|\n|t:|1776530278\n|detailschange|p1a: Delphox|Delphox-Mega, L50, F\n|-mega|p1a: Delphox|Delphox|Delphoxite\n|move|p1a: Delphox|Encore|p2a: Skeledirge\n|-start|p2a: Skeledirge|Encore\n|move|p2a: Skeledirge|Torch Song|p1a: Delphox\n|-resisted|p1a: Delphox|1\n|-damage|p1a: Delphox|68/100\n|-boost|p2a: Skeledirge|spa|1\n|\n|upkeep\n|turn|3\n|\n|t:|1776530292\n|move|p1a: Delphox|Calm Mind|p1a: Delphox\n|-boost|p1a: Delphox|spa|1\n|-boost|p1a: Delphox|spd|1\n|move|p2a: Skeledirge|Torch Song|p1a: Delphox\n|-resisted|p1a: Delphox|1\n|-damage|p1a: Delphox|45/100\n|-boost|p2a: Skeledirge|spa|1\n|\n|upkeep\n|turn|4\n|\n|t:|1776530307\n|switch|p2a: Milotic|Milotic, L50, F|100/100\n|move|p1a: Delphox|Calm Mind|p1a: Delphox\n|-boost|p1a: Delphox|spa|1\n|-boost|p1a: Delphox|spd|1\n|\n|upkeep\n|turn|5\n|\n|t:|1776530316\n|move|p1a: Delphox|Psyshock|p2a: Milotic\n|-damage|p2a: Milotic|14/100\n|move|p2a: Milotic|Dragon Tail|p1a: Delphox\n|-crit|p1a: Delphox\n|-damage|p1a: Delphox|24/100\n|drag|p1a: Palafin|Palafin, L50, F|100/100\n|\n|upkeep\n|turn|6\n|\n|t:|1776530329\n|move|p1a: Palafin|Taunt|p2a: Milotic\n|-start|p2a: Milotic|move: Taunt\n|cant|p2a: Milotic|move: Taunt|Recover\n|\n|upkeep\n|turn|7\n|\n|t:|1776530337\n|detailschange|p1a: Palafin|Palafin-Hero, L50, F\n|switch|p1a: Meowscarada|Meowscarada, L50, F|100/100\n|move|p2a: Milotic|Scald|p1a: Meowscarada\n|-resisted|p1a: Meowscarada|1\n|-damage|p1a: Meowscarada|79/100\n|\n|upkeep\n|turn|8\n|\n|t:|1776530347\n|move|p1a: Meowscarada|U-turn|p2a: Milotic\n|-start|p1a: Meowscarada|typechange|Bug|[from] ability: Protean\n|-damage|p2a: Milotic|0 fnt\n|faint|p2a: Milotic\n|\n|t:|1776530354\n|switch|p1a: Palafin|Palafin-Hero, L50, F|100/100|[from] U-turn\n|-activate|p1a: Palafin|ability: Zero to Hero\n|\n|upkeep\n|\n|t:|1776530362\n|switch|p2a: Lopunny|Lopunny, L50, F|100/100\n|turn|9\n|\n|t:|1776530370\n|detailschange|p2a: Lopunny|Lopunny-Mega, L50, F\n|-mega|p2a: Lopunny|Lopunny|Lopunnite\n|move|p2a: Lopunny|Cotton Guard|p2a: Lopunny\n|-boost|p2a: Lopunny|def|3\n|move|p1a: Palafin|Bulk Up|p1a: Palafin\n|-boost|p1a: Palafin|atk|1\n|-boost|p1a: Palafin|def|1\n|\n|upkeep\n|turn|10\n|\n|t:|1776530380\n|move|p2a: Lopunny|Encore|p1a: Palafin\n|-start|p1a: Palafin|Encore\n|move|p1a: Palafin|Bulk Up|p1a: Palafin\n|-boost|p1a: Palafin|atk|1\n|-boost|p1a: Palafin|def|1\n|\n|upkeep\n|turn|11\n|\n|t:|1776530391\n|move|p2a: Lopunny|Cotton Guard|p2a: Lopunny\n|-boost|p2a: Lopunny|def|3\n|move|p1a: Palafin|Bulk Up|p1a: Palafin\n|-boost|p1a: Palafin|atk|1\n|-boost|p1a: Palafin|def|1\n|\n|upkeep\n|turn|12\n|\n|t:|1776530398\n|move|p2a: Lopunny|Swords Dance|p2a: Lopunny\n|-boost|p2a: Lopunny|atk|2\n|move|p1a: Palafin|Bulk Up|p1a: Palafin\n|-boost|p1a: Palafin|atk|1\n|-boost|p1a: Palafin|def|1\n|\n|-end|p1a: Palafin|Encore\n|upkeep\n|turn|13\n|\n|t:|1776530408\n|move|p1a: Palafin|Jet Punch|p2a: Lopunny\n|-damage|p2a: Lopunny|79/100\n|move|p2a: Lopunny|Encore|p1a: Palafin\n|-start|p1a: Palafin|Encore\n|\n|upkeep\n|turn|14\n|\n|t:|1776530415\n|move|p1a: Palafin|Jet Punch|p2a: Lopunny\n|-damage|p2a: Lopunny|59/100\n|move|p2a: Lopunny|Drain Punch|p1a: Palafin\n|-damage|p1a: Palafin|82/100\n|-heal|p2a: Lopunny|71/100|[from] drain|[of] p1a: Palafin\n|\n|-heal|p1a: Palafin|87/100|[from] item: Leftovers\n|upkeep\n|turn|15\n|\n|t:|1776530425\n|move|p1a: Palafin|Jet Punch|p2a: Lopunny\n|-crit|p2a: Lopunny\n|-damage|p2a: Lopunny|0 fnt\n|faint|p2a: Lopunny\n|\n|-heal|p1a: Palafin|93/100|[from] item: Leftovers\n|upkeep\n|-message|yukd-\u30eb\u30a2\u30c9 forfeited.\n|\n|win|Lord Queefus\n|raw|Lord Queefus's rating: 1199 &rarr; <strong>1225</strong><br />(+26 for winning)\n|raw|yukd-\u30eb\u30a2\u30c9's rating: 1219 &rarr; <strong>1193</strong><br />(-26 for losing)\n|l|\u2606yukd-\u30eb\u30a2\u30c9\n|player|p2|\n",
  "uploadtime": 1776530436,
  "views": 2,
  "formatid": "gen9championsbssregma",
  "rating": 1193,
  "private": 0,
  "password": null
}