{
  "id": "gen9championsbssregma-2585857625",
  "format": "[Gen 9 Champions] BSS Reg M-A",
  "players": [
    "isaacmora22",
    "M4HESV4R4"
  ],
  "log": "|j|\u2606isaacmora22\n|j|\u2606M4HESV4R4\n|t:|1776376012\n|gametype|singles\n|player|p1|isaacmora22|hilbert|1024\n|player|p2|M4HESV4R4|170|1133\n|gen|9\n|tier|[Gen 9 Champions] BSS Reg M-A\n|rated|\n|rule|Species Clause: Limit one of each Pok\u00e9mon\n|rule|Item Clause: Limit 1 of each item\n|clearpoke\n|poke|p1|Flareon, L50, M|\n|poke|p1|Dragonite, L50, M|\n|poke|p1|Luxray, L50, M|\n|poke|p1|Clawitzer, L50, M|\n|poke|p1|Sableye, L50, M|\n|poke|p1|Archaludon, L50, F|\n|poke|p2|Kingambit, L50, M|\n|poke|p2|Floette-Eternal, L50, F|\n|poke|p2|Garchomp, L50, F|\n|poke|p2|Incineroar, L50, F|\n|poke|p2|Sneasler, L50, M|\n|poke|p2|Dragonite, L50, F|\n|teampreview|3\n|\n|t:|1776376042\n|teamsize|p1|3\n|teamsize|p2|3\n|start\n|switch|p1a: Migo|Dragonite, L50, M|100/100\n|switch|p2a: Garchomp|Garchomp, L50, F|100/100\n|turn|1\n|\n|t:|1776376048\n|detailschange|p1a: Migo|Dragonite-Mega, L50, M\n|-mega|p1a: Migo|Dragonite|Dragoninite\n|move|p2a: Garchomp|Dragon Claw|p1a: Migo\n|-supereffective|p1a: Migo|1\n|-damage|p1a: Migo|59/100\n|move|p1a: Migo|Ice Beam|p2a: Garchomp\n|-supereffective|p2a: Garchomp|2\n|-damage|p2a: Garchomp|0 fnt\n|faint|p2a: Garchomp\n|\n|upkeep\n|\n|t:|1776376057\n|switch|p2a: Floette|Floette-Eternal, L50, F|100/100\n|turn|2\n|\n|t:|1776376062\n|detailschange|p2a: Floette|Floette-Mega, L50, F\n|-mega|p2a: Floette|Floette|Floettite\n|-ability|p2a: Floette|Fairy Aura\n|move|p2a: Floette|Calm Mind|p2a: Floette\n|-boost|p2a: Floette|spa|1\n|-boost|p2a: Floette|spd|1\n|move|p1a: Migo|Air Slash|p2a: Floette\n|-damage|p2a: Floette|76/100\n|\n|upkeep\n|turn|3\n|\n|t:|1776376072\n|move|p2a: Floette|Psychic|p1a: Migo\n|-crit|p1a: Migo\n|-damage|p1a: Migo|0 fnt\n|faint|p1a: Migo\n|\n|upkeep\n|\n|t:|1776376077\n|switch|p1a: Rex|Luxray, L50, M|100/100\n|-ability|p1a: Rex|Intimidate|boost\n|-unboost|p2a: Floette|atk|1\n|turn|4\n|\n|t:|1776376087\n|move|p2a: Floette|Calm Mind|p2a: Floette\n|-boost|p2a: Floette|spa|1\n|-boost|p2a: Floette|spd|1\n|move|p1a: Rex|Supercell Slam|p2a: Floette\n|-damage|p2a: Floette|5/100\n|\n|upkeep\n|turn|5\n|\n|t:|1776376095\n|move|p2a: Floette|Light of Ruin|p1a: Rex\n|-damage|p1a: Rex|0 fnt\n|faint|p1a: Rex\n|-damage|p2a: Floette|0 fnt|[from] Recoil\n|faint|p2a: Floette\n|\n|upkeep\n|\n|t:|1776376102\n|switch|p2a: Kingambit|Kingambit, L50, M|100/100\n|switch|p1a: Camden|Flareon, L50, M|100/100\n|-activate|p2a: Kingambit|ability: Supreme Overlord\n|-start|p2a: Kingambit|fallen2|[silent]\n|turn|6\n|\n|t:|1776376114\n|move|p1a: Camden|Superpower|p2a: Kingambit\n|-supereffective|p2a: Kingambit|2\n|-damage|p2a: Kingambit|0 fnt\n|-unboost|p1a: Camden|atk|1\n|-unboost|p1a: Camden|def|1\n|faint|p2a: Kingambit\n|-end|p2a: Kingambit|fallen2|[silent]\n|\n|win|isaacmora22\n|raw|isaacmora22's rating: 1024 &rarr; <strong>1071</strong><br />(+47 for winning)\n|raw|M4HESV4R4's rating: 1133 &rarr; <strong>1100</strong><br />(-33 for losing)\n",
  "uploadtime": 1776376125,
  "views": 3,
  "formatid": "gen9championsbssregma",
  "rating": 1071,
  "private": 0,
  "password": null
}