{
  "id": "gen9championsbssregma-2583167325",
  "format": "[Gen 9 Champions] BSS Reg M-A",
  "players": [
    "alt18",
    "skyla'shusband"
  ],
  "log": "|j|\u2606alt18\n|j|\u2606skyla'shusband\n|t:|1776150204\n|gametype|singles\n|player|p1|alt18|169|1239\n|player|p2|skyla'shusband|skyla|1192\n|gen|9\n|tier|[Gen 9 Champions] BSS Reg M-A\n|rated|\n|rule|Species Clause: Limit one of each Pok\u00e9mon\n|rule|Item Clause: Limit 1 of each item\n|clearpoke\n|poke|p1|Froslass, L50, F|\n|poke|p1|Glimmora, L50, M|\n|poke|p1|Garganacl, L50, F|\n|poke|p1|Blastoise, L50, M|\n|poke|p1|Meowscarada, L50, M|\n|poke|p1|Skarmory, L50, F|\n|poke|p2|Gyarados, L50, M|\n|poke|p2|Hippowdon, L50, M|\n|poke|p2|Rotom-Heat, L50|\n|poke|p2|Venusaur, L50, M|\n|poke|p2|Corviknight, L50, M|\n|poke|p2|Goodra-Hisui, L50, M|\n|teampreview|3\n|inactive|Battle timer is ON: inactive players will automatically lose when time's up. (requested by alt18)\n|j| p74\n|\n|t:|1776150283\n|teamsize|p1|3\n|teamsize|p2|3\n|start\n|switch|p1a: Glimmora|Glimmora, L50, M|100/100\n|switch|p2a: Venusaur|Venusaur, L50, M|100/100\n|turn|1\n|\n|t:|1776150299\n|detailschange|p2a: Venusaur|Venusaur-Mega, L50, M\n|-mega|p2a: Venusaur|Venusaur|Venusaurite\n|move|p1a: Glimmora|Sludge Bomb|p2a: Venusaur\n|-damage|p2a: Venusaur|63/100\n|move|p2a: Venusaur|Earth Power|p1a: Glimmora\n|-supereffective|p1a: Glimmora|2\n|-enditem|p1a: Glimmora|Focus Sash\n|-damage|p1a: Glimmora|1/100\n|\n|upkeep\n|turn|2\n|\n|t:|1776150315\n|move|p1a: Glimmora|Stealth Rock|p2a: Venusaur\n|-sidestart|p2: skyla'shusband|move: Stealth Rock\n|move|p2a: Venusaur|Giga Drain|p1a: Glimmora\n|-damage|p1a: Glimmora|0 fnt\n|-heal|p2a: Venusaur|64/100|[from] drain|[of] p1a: Glimmora\n|faint|p1a: Glimmora\n|\n|upkeep\n|inactive|alt18 has 30 seconds left.\n|\n|t:|1776150346\n|switch|p1a: Froslass|Froslass, L50, F|100/100\n|turn|3\n|\n|t:|1776150355\n|detailschange|p1a: Froslass|Froslass-Mega, L50, F\n|-mega|p1a: Froslass|Froslass|Froslassite\n|-weather|Snowscape|[from] ability: Snow Warning|[of] p1a: Froslass\n|move|p1a: Froslass|Blizzard|p2a: Venusaur\n|-supereffective|p2a: Venusaur|1\n|-damage|p2a: Venusaur|14/100\n|-status|p2a: Venusaur|frz\n|cant|p2a: Venusaur|frz\n|\n|-weather|Snowscape|[upkeep]\n|upkeep\n|turn|4\n|\n|t:|1776150363\n|move|p1a: Froslass|Aurora Veil|p1a: Froslass\n|-sidestart|p1: alt18|move: Aurora Veil\n|-curestatus|p2a: Venusaur|frz|[msg]\n|move|p2a: Venusaur|Leech Seed|p1a: Froslass\n|-start|p1a: Froslass|move: Leech Seed\n|\n|-weather|Snowscape|[upkeep]\n|-damage|p1a: Froslass|88/100|[from] Leech Seed|[of] p2a: Venusaur\n|-heal|p2a: Venusaur|24/100|[silent]\n|upkeep\n|turn|5\n|\n|t:|1776150371\n|move|p1a: Froslass|Blizzard|p2a: Venusaur\n|-supereffective|p2a: Venusaur|1\n|-damage|p2a: Venusaur|0 fnt\n|faint|p2a: Venusaur\n|\n|-weather|Snowscape|[upkeep]\n|upkeep\n|\n|t:|1776150372\n|switch|p2a: Goodra|Goodra-Hisui, L50, M|100/100\n|-damage|p2a: Goodra|95/100|[from] Stealth Rock\n|turn|6\n|\n|t:|1776150379\n|move|p1a: Froslass|Blizzard|p2a: Goodra\n|-damage|p2a: Goodra|62/100\n|move|p2a: Goodra|Acid Spray|p1a: Froslass\n|-resisted|p1a: Froslass|1\n|-damage|p1a: Froslass|86/100\n|-unboost|p1a: Froslass|spd|2\n|\n|-weather|Snowscape|[upkeep]\n|-heal|p2a: Goodra|68/100|[from] item: Leftovers\n|-damage|p1a: Froslass|73/100|[from] Leech Seed|[of] p2a: Goodra\n|-heal|p2a: Goodra|78/100|[silent]\n|upkeep\n|turn|7\n|\n|t:|1776150390\n|switch|p1a: Garganacl|Garganacl, L50, F|100/100\n|move|p2a: Goodra|Acid Spray|p1a: Garganacl\n|-resisted|p1a: Garganacl|1\n|-damage|p1a: Garganacl|99/100\n|-unboost|p1a: Garganacl|spd|2\n|\n|-weather|none\n|-heal|p2a: Goodra|83/100|[from] item: Leftovers\n|-heal|p1a: Garganacl|100/100|[from] item: Leftovers\n|upkeep\n|turn|8\n|\n|t:|1776150397\n|move|p2a: Goodra|Acid Spray|p1a: Garganacl\n|-resisted|p1a: Garganacl|1\n|-damage|p1a: Garganacl|97/100\n|-unboost|p1a: Garganacl|spd|2\n|move|p1a: Garganacl|Salt Cure|p2a: Goodra\n|-resisted|p2a: Goodra|1\n|-damage|p2a: Goodra|76/100\n|-start|p2a: Goodra|Salt Cure\n|\n|-heal|p2a: Goodra|82/100|[from] item: Leftovers\n|-heal|p1a: Garganacl|100/100|[from] item: Leftovers\n|-damage|p2a: Goodra|70/100|[from] Salt Cure\n|-sideend|p1: alt18|move: Aurora Veil\n|upkeep\n|turn|9\n|\n|t:|1776150401\n|switch|p1a: Froslass|Froslass-Mega, L50, F|73/100\n|-weather|Snowscape|[from] ability: Snow Warning|[of] p1a: Froslass\n|move|p2a: Goodra|Flash Cannon|p1a: Froslass\n|-supereffective|p1a: Froslass|1\n|-damage|p1a: Froslass|0 fnt\n|faint|p1a: Froslass\n|\n|-weather|Snowscape|[upkeep]\n|-heal|p2a: Goodra|76/100|[from] item: Leftovers\n|-damage|p2a: Goodra|64/100|[from] Salt Cure\n|upkeep\n|\n|t:|1776150403\n|switch|p1a: Garganacl|Garganacl, L50, F|100/100\n|turn|10\n|\n|t:|1776150407\n|move|p2a: Goodra|Acid Spray|p1a: Garganacl\n|-resisted|p1a: Garganacl|1\n|-damage|p1a: Garganacl|97/100\n|-unboost|p1a: Garganacl|spd|2\n|move|p1a: Garganacl|Body Press|p2a: Goodra\n|-supereffective|p2a: Goodra|1\n|-damage|p2a: Goodra|17/100\n|\n|-weather|Snowscape|[upkeep]\n|-heal|p2a: Goodra|22/100|[from] item: Leftovers\n|-heal|p1a: Garganacl|100/100|[from] item: Leftovers\n|-damage|p2a: Goodra|10/100|[from] Salt Cure\n|upkeep\n|turn|11\n|\n|t:|1776150411\n|move|p2a: Goodra|Flash Cannon|p1a: Garganacl\n|-supereffective|p1a: Garganacl|1\n|-damage|p1a: Garganacl|24/100\n|move|p1a: Garganacl|Recover|p1a: Garganacl\n|-heal|p1a: Garganacl|74/100\n|\n|-weather|Snowscape|[upkeep]\n|-heal|p2a: Goodra|16/100|[from] item: Leftovers\n|-heal|p1a: Garganacl|80/100|[from] item: Leftovers\n|-damage|p2a: Goodra|4/100|[from] Salt Cure\n|upkeep\n|turn|12\n|\n|t:|1776150415\n|move|p2a: Goodra|Flash Cannon|p1a: Garganacl\n|-supereffective|p1a: Garganacl|1\n|-damage|p1a: Garganacl|7/100\n|move|p1a: Garganacl|Recover|p1a: Garganacl\n|-heal|p1a: Garganacl|57/100\n|\n|-weather|Snowscape|[upkeep]\n|-heal|p2a: Goodra|10/100|[from] item: Leftovers\n|-heal|p1a: Garganacl|63/100|[from] item: Leftovers\n|-damage|p2a: Goodra|0 fnt|[from] Salt Cure\n|faint|p2a: Goodra\n|upkeep\n|\n|t:|1776150417\n|switch|p2a: Corviknight|Corviknight, L50, M|100/100\n|-damage|p2a: Corviknight|88/100|[from] Stealth Rock\n|-ability|p2a: Corviknight|Pressure\n|turn|13\n|\n|t:|1776150419\n|move|p2a: Corviknight|Iron Defense|p2a: Corviknight\n|-boost|p2a: Corviknight|def|2\n|move|p1a: Garganacl|Iron Defense|p1a: Garganacl\n|-boost|p1a: Garganacl|def|2\n|\n|-weather|none\n|-heal|p1a: Garganacl|69/100|[from] item: Leftovers\n|upkeep\n|turn|14\n|\n|t:|1776150422\n|move|p2a: Corviknight|Iron Defense|p2a: Corviknight\n|-boost|p2a: Corviknight|def|2\n|move|p1a: Garganacl|Iron Defense|p1a: Garganacl\n|-boost|p1a: Garganacl|def|2\n|\n|-heal|p1a: Garganacl|74/100|[from] item: Leftovers\n|upkeep\n|turn|15\n|\n|t:|1776150425\n|move|p2a: Corviknight|Iron Defense|p2a: Corviknight\n|-boost|p2a: Corviknight|def|2\n|move|p1a: Garganacl|Iron Defense|p1a: Garganacl\n|-boost|p1a: Garganacl|def|2\n|\n|-heal|p1a: Garganacl|80/100|[from] item: Leftovers\n|upkeep\n|turn|16\n|\n|t:|1776150427\n|move|p2a: Corviknight|Body Press|p1a: Garganacl\n|-supereffective|p1a: Garganacl|1\n|-damage|p1a: Garganacl|42/100\n|move|p1a: Garganacl|Salt Cure|p2a: Corviknight\n|-damage|p2a: Corviknight|85/100\n|-start|p2a: Corviknight|Salt Cure\n|\n|-heal|p1a: Garganacl|47/100|[from] item: Leftovers\n|-damage|p2a: Corviknight|73/100|[from] Salt Cure\n|upkeep\n|turn|17\n|\n|t:|1776150430\n|move|p2a: Corviknight|Body Press|p1a: Garganacl\n|-supereffective|p1a: Garganacl|1\n|-damage|p1a: Garganacl|13/100\n|move|p1a: Garganacl|Recover|p1a: Garganacl\n|-heal|p1a: Garganacl|63/100\n|\n|-heal|p1a: Garganacl|69/100|[from] item: Leftovers\n|-damage|p2a: Corviknight|61/100|[from] Salt Cure\n|upkeep\n|turn|18\n|\n|t:|1776150432\n|move|p2a: Corviknight|Body Press|p1a: Garganacl\n|-supereffective|p1a: Garganacl|1\n|-damage|p1a: Garganacl|34/100\n|move|p1a: Garganacl|Recover|p1a: Garganacl\n|-heal|p1a: Garganacl|84/100\n|\n|-heal|p1a: Garganacl|90/100|[from] item: Leftovers\n|-damage|p2a: Corviknight|49/100|[from] Salt Cure\n|upkeep\n|turn|19\n|\n|t:|1776150435\n|move|p2a: Corviknight|Roost|p2a: Corviknight\n|-heal|p2a: Corviknight|99/100\n|-singleturn|p2a: Corviknight|move: Roost\n|move|p1a: Garganacl|Body Press|p2a: Corviknight\n|-supereffective|p2a: Corviknight|1\n|-damage|p2a: Corviknight|69/100\n|\n|-heal|p1a: Garganacl|96/100|[from] item: Leftovers\n|-damage|p2a: Corviknight|57/100|[from] Salt Cure\n|upkeep\n|turn|20\n|\n|t:|1776150441\n|move|p2a: Corviknight|Body Press|p1a: Garganacl\n|-supereffective|p1a: Garganacl|1\n|-crit|p1a: Garganacl\n|-damage|p1a: Garganacl|0 fnt\n|faint|p1a: Garganacl\n|\n|win|skyla'shusband\n|raw|alt18's rating: 1268 &rarr; <strong>1238</strong><br />(-30 for losing)\n|raw|skyla&apos;shusband's rating: 1192 &rarr; <strong>1222</strong><br />(+30 for winning)\n|l|\u2606alt18\n|player|p1|\n|l|\u2606skyla'shusband\n|player|p2|\n",
  "uploadtime": 1776150460,
  "views": 37,
  "formatid": "gen9championsbssregma",
  "rating": 1222,
  "private": 0,
  "password": null
}