{
  "id": "gen9championsbssregma-2581350256",
  "format": "[Gen 9 Champions] BSS Reg M-A",
  "players": [
    "rosette0908",
    "Mikeflem12326171"
  ],
  "log": "|j|\u2606rosette0908\n|j|\u2606Mikeflem12326171\n|t:|1775990257\n|gametype|singles\n|player|p1|rosette0908|170|1181\n|player|p2|Mikeflem12326171|colress|1318\n|gen|9\n|tier|[Gen 9 Champions] BSS Reg M-A\n|rated|\n|rule|Species Clause: Limit one of each Pok\u00e9mon\n|rule|Item Clause: Limit 1 of each item\n|clearpoke\n|poke|p1|Greninja-*, L50, F|\n|poke|p1|Corviknight, L50, F|\n|poke|p1|Garchomp, L50, F|\n|poke|p1|Meowscarada, L50, F|\n|poke|p1|Hippowdon, L50, F|\n|poke|p1|Charizard, L50, M|\n|poke|p2|Lopunny, L50, F|\n|poke|p2|Garchomp, L50, F|\n|poke|p2|Rotom-Wash, L50|\n|poke|p2|Ninetales-Alola, L50, M|\n|poke|p2|Ceruledge, L50, M|\n|poke|p2|Clefable, L50, F|\n|teampreview|3\n|inactive|Battle timer is ON: inactive players will automatically lose when time's up. (requested by Mikeflem12326171)\n|\n|t:|1775990285\n|teamsize|p1|3\n|teamsize|p2|3\n|start\n|switch|p1a: Meowscarada|Meowscarada, L50, F|100/100\n|switch|p2a: Ceruledge|Ceruledge, L50, M|100/100\n|turn|1\n|\n|t:|1775990290\n|move|p1a: Meowscarada|Knock Off|p2a: Ceruledge\n|-start|p1a: Meowscarada|typechange|Dark|[from] ability: Protean\n|-supereffective|p2a: Ceruledge|1\n|-enditem|p2a: Ceruledge|Focus Sash\n|-damage|p2a: Ceruledge|1/100\n|-ability|p2a: Ceruledge|Weak Armor|boost\n|-unboost|p2a: Ceruledge|def|1\n|-boost|p2a: Ceruledge|spe|2\n|move|p2a: Ceruledge|Swords Dance|p2a: Ceruledge\n|-boost|p2a: Ceruledge|atk|2\n|\n|upkeep\n|turn|2\n|\n|t:|1775990299\n|switch|p1a: Hippowdon|Hippowdon, L50, F|100/100\n|-weather|Sandstorm|[from] ability: Sand Stream|[of] p1a: Hippowdon\n|move|p2a: Ceruledge|Bitter Blade|p1a: Hippowdon\n|-damage|p1a: Hippowdon|43/100\n|-heal|p2a: Ceruledge|42/100|[from] drain|[of] p1a: Hippowdon\n|-enditem|p1a: Hippowdon|Sitrus Berry|[eat]\n|-heal|p1a: Hippowdon|68/100|[from] item: Sitrus Berry\n|\n|-weather|Sandstorm|[upkeep]\n|-damage|p2a: Ceruledge|36/100|[from] Sandstorm\n|upkeep\n|turn|3\n|\n|t:|1775990307\n|move|p2a: Ceruledge|Bitter Blade|p1a: Hippowdon\n|-damage|p1a: Hippowdon|9/100\n|-heal|p2a: Ceruledge|79/100|[from] drain|[of] p1a: Hippowdon\n|move|p1a: Hippowdon|Earthquake|p2a: Ceruledge\n|-supereffective|p2a: Ceruledge|1\n|-damage|p2a: Ceruledge|0 fnt\n|faint|p2a: Ceruledge\n|\n|-weather|Sandstorm|[upkeep]\n|upkeep\n|\n|t:|1775990316\n|switch|p2a: Garchomp|Garchomp, L50, F, shiny|100/100\n|turn|4\n|\n|t:|1775990321\n|move|p2a: Garchomp|Earthquake|p1a: Hippowdon\n|-damage|p1a: Hippowdon|0 fnt\n|faint|p1a: Hippowdon\n|\n|-weather|Sandstorm|[upkeep]\n|upkeep\n|\n|t:|1775990323\n|switch|p1a: Charizard|Charizard, L50, M, shiny|100/100\n|turn|5\n|\n|t:|1775990332\n|detailschange|p1a: Charizard|Charizard-Mega-Y, L50, M, shiny\n|-mega|p1a: Charizard|Charizard|Charizardite Y\n|-weather|SunnyDay|[from] ability: Drought|[of] p1a: Charizard\n|move|p2a: Garchomp|Rock Tomb|p1a: Charizard\n|-supereffective|p1a: Charizard|2\n|-damage|p1a: Charizard|0 fnt\n|faint|p1a: Charizard\n|\n|-weather|SunnyDay|[upkeep]\n|upkeep\n|\n|t:|1775990334\n|switch|p1a: Meowscarada|Meowscarada, L50, F|100/100\n|turn|6\n|\n|t:|1775990342\n|move|p1a: Meowscarada|Flower Trick|p2a: Garchomp\n|-start|p1a: Meowscarada|typechange|Grass|[from] ability: Protean\n|-crit|p2a: Garchomp\n|-damage|p2a: Garchomp|55/100\n|move|p2a: Garchomp|Outrage|p1a: Meowscarada\n|-damage|p1a: Meowscarada|0 fnt\n|faint|p1a: Meowscarada\n|\n|win|Mikeflem12326171\n|raw|rosette0908's rating: 1181 &rarr; <strong>1165</strong><br />(-16 for losing)\n|raw|Mikeflem12326171's rating: 1318 &rarr; <strong>1330</strong><br />(+12 for winning)\n|l|\u2606rosette0908\n|player|p1|\n",
  "uploadtime": 1775990355,
  "views": 14,
  "formatid": "gen9championsbssregma",
  "rating": 1165,
  "private": 0,
  "password": null
}