{
  "id": "gen9championsbssregma-2584819710",
  "format": "[Gen 9 Champions] BSS Reg M-A",
  "players": [
    "harald283",
    "solzee"
  ],
  "log": "|j|\u2606harald283\n|j|\u2606solzee\n|t:|1776286076\n|gametype|singles\n|player|p1|harald283|drayden|1102\n|player|p2|solzee|ballguy|1212\n|gen|9\n|tier|[Gen 9 Champions] BSS Reg M-A\n|rated|\n|rule|Species Clause: Limit one of each Pok\u00e9mon\n|rule|Item Clause: Limit 1 of each item\n|clearpoke\n|poke|p1|Hippowdon, L50, M|\n|poke|p1|Garchomp, L50, M|\n|poke|p1|Charizard, L50, M|\n|poke|p1|Aegislash, L50, M|\n|poke|p1|Glimmora, L50, M|\n|poke|p1|Corviknight, L50, M|\n|poke|p2|Floette-Eternal, L50, F|\n|poke|p2|Lucario, L50, M|\n|poke|p2|Dragapult, L50, M|\n|poke|p2|Arcanine, L50, M|\n|poke|p2|Espathra, L50, F|\n|poke|p2|Infernape, L50, F|\n|teampreview|3\n|\n|t:|1776286099\n|teamsize|p1|3\n|teamsize|p2|3\n|start\n|switch|p1a: Aegislash|Aegislash, L50, M, shiny|100/100\n|switch|p2a: Espathra|Espathra, L50, F|100/100\n|turn|1\n|\n|t:|1776286107\n|move|p2a: Espathra|Protect|p2a: Espathra\n|-singleturn|p2a: Espathra|Protect\n|-formechange|p1a: Aegislash|Aegislash-Blade|\n|move|p1a: Aegislash|Poltergeist|p2a: Espathra\n|-activate|p2a: Espathra|move: Protect\n|\n|-ability|p2a: Espathra|Speed Boost|boost\n|-boost|p2a: Espathra|spe|1\n|upkeep\n|turn|2\n|\n|t:|1776286119\n|-formechange|p1a: Aegislash|Aegislash|\n|move|p1a: Aegislash|King's Shield|p1a: Aegislash\n|-singleturn|p1a: Aegislash|Protect\n|move|p2a: Espathra|Baton Pass|p2a: Espathra\n|\n|t:|1776286139\n|switch|p2a: Dragapult|Dragapult, L50, M|100/100|[from] Baton Pass\n|\n|upkeep\n|turn|3\n|\n|t:|1776286149\n|-formechange|p1a: Aegislash|Aegislash-Blade|\n|move|p1a: Aegislash|Shadow Sneak|p2a: Dragapult\n|-supereffective|p2a: Dragapult|1\n|-damage|p2a: Dragapult|48/100\n|move|p2a: Dragapult|Phantom Force||[still]\n|-prepare|p2a: Dragapult|Phantom Force\n|\n|upkeep\n|turn|4\n|\n|t:|1776286160\n|switch|p1a: Glimmora|Glimmora, L50, M, shiny|100/100\n|move|p2a: Dragapult|Phantom Force|p1a: Glimmora|[from] lockedmove\n|-damage|p1a: Glimmora|49/100\n|-activate|p1a: Glimmora|ability: Toxic Debris\n|-sidestart|p2: solzee|move: Toxic Spikes\n|\n|upkeep\n|turn|5\n|\n|t:|1776286173\n|move|p2a: Dragapult|Phantom Force||[still]\n|-prepare|p2a: Dragapult|Phantom Force\n|move|p1a: Glimmora|Stealth Rock|p2a: Dragapult\n|-sidestart|p2: solzee|move: Stealth Rock\n|\n|upkeep\n|turn|6\n|\n|t:|1776286181\n|move|p1a: Glimmora|Spiky Shield|p1a: Glimmora\n|-singleturn|p1a: Glimmora|move: Protect\n|move|p2a: Dragapult|Phantom Force|p1a: Glimmora|[from] lockedmove\n|-activate|p1a: Glimmora|move: Phantom Force|[broken]\n|-damage|p1a: Glimmora|0 fnt\n|-activate|p1a: Glimmora|ability: Toxic Debris\n|-sidestart|p2: solzee|move: Toxic Spikes\n|faint|p1a: Glimmora\n|\n|upkeep\n|\n|t:|1776286192\n|switch|p1a: Aegislash|Aegislash, L50, M, shiny|100/100\n|turn|7\n|\n|t:|1776286197\n|-formechange|p1a: Aegislash|Aegislash-Blade|\n|move|p1a: Aegislash|Shadow Sneak|p2a: Dragapult\n|-supereffective|p2a: Dragapult|1\n|-damage|p2a: Dragapult|0 fnt\n|faint|p2a: Dragapult\n|\n|upkeep\n|\n|t:|1776286202\n|switch|p2a: Espathra|Espathra, L50, F|100/100\n|-status|p2a: Espathra|tox\n|-damage|p2a: Espathra|88/100 tox|[from] Stealth Rock\n|turn|8\n|\n|t:|1776286208\n|move|p1a: Aegislash|Shadow Sneak|p2a: Espathra\n|-supereffective|p2a: Espathra|1\n|-damage|p2a: Espathra|34/100 tox\n|move|p2a: Espathra|Lumina Crash|p1a: Aegislash\n|-resisted|p1a: Aegislash|1\n|-damage|p1a: Aegislash|86/100\n|-unboost|p1a: Aegislash|spd|2\n|\n|-heal|p1a: Aegislash|92/100|[from] item: Leftovers\n|-damage|p2a: Espathra|28/100 tox|[from] psn\n|-ability|p2a: Espathra|Speed Boost|boost\n|-boost|p2a: Espathra|spe|1\n|upkeep\n|turn|9\n|inactive|Battle timer is ON: inactive players will automatically lose when time's up. (requested by solzee)\n|\n|t:|1776286220\n|move|p1a: Aegislash|Shadow Sneak|p2a: Espathra\n|-supereffective|p2a: Espathra|1\n|-damage|p2a: Espathra|0 fnt\n|faint|p2a: Espathra\n|\n|-heal|p1a: Aegislash|98/100|[from] item: Leftovers\n|upkeep\n|\n|t:|1776286222\n|switch|p2a: Floette|Floette-Eternal, L50, F|100/100\n|-status|p2a: Floette|tox\n|-damage|p2a: Floette|88/100 tox|[from] Stealth Rock\n|turn|10\n|\n|t:|1776286232\n|detailschange|p2a: Floette|Floette-Mega, L50, F\n|-mega|p2a: Floette|Floette|Floettite\n|-ability|p2a: Floette|Fairy Aura\n|-formechange|p1a: Aegislash|Aegislash|\n|move|p1a: Aegislash|King's Shield|p1a: Aegislash\n|-singleturn|p1a: Aegislash|Protect\n|move|p2a: Floette|Moonblast|p1a: Aegislash\n|-activate|p1a: Aegislash|move: Protect\n|\n|-heal|p1a: Aegislash|100/100|[from] item: Leftovers\n|-damage|p2a: Floette|82/100 tox|[from] psn\n|upkeep\n|turn|11\n|c|\u2606solzee|Stall tryhard lmao\n|\n|t:|1776286245\n|switch|p1a: Charizard|Charizard, L50, M, shiny|100/100\n|move|p2a: Floette|Moonblast|p1a: Charizard\n|-resisted|p1a: Charizard|1\n|-damage|p1a: Charizard|49/100\n|\n|-damage|p2a: Floette|70/100 tox|[from] psn\n|upkeep\n|turn|12\n|\n|t:|1776286255\n|detailschange|p1a: Charizard|Charizard-Mega-Y, L50, M, shiny\n|-mega|p1a: Charizard|Charizard|Charizardite Y\n|-weather|SunnyDay|[from] ability: Drought|[of] p1a: Charizard\n|move|p1a: Charizard|Weather Ball|p2a: Floette\n|-damage|p2a: Floette|3/100 tox\n|move|p2a: Floette|Psychic|p1a: Charizard\n|-damage|p1a: Charizard|7/100\n|\n|-weather|SunnyDay|[upkeep]\n|-damage|p2a: Floette|0 fnt|[from] psn\n|faint|p2a: Floette\n|\n|win|harald283\n|raw|harald283's rating: 1102 &rarr; <strong>1135</strong><br />(+33 for winning)\n|raw|solzee's rating: 1212 &rarr; <strong>1179</strong><br />(-33 for losing)\n|l|\u2606solzee\n|player|p2|\n",
  "uploadtime": 1776286269,
  "views": 3,
  "formatid": "gen9championsbssregma",
  "rating": 1135,
  "private": 0,
  "password": null
}