{
  "id": "gen9championsbssregma-2583114936",
  "format": "[Gen 9 Champions] BSS Reg M-A",
  "players": [
    "4jyoudebu",
    "CrunchGang"
  ],
  "log": "|j|\u26064jyoudebu\n|j|\u2606CrunchGang\n|t:|1776143742\n|gametype|singles\n|player|p1|4jyoudebu|crasherwake|1097\n|player|p2|CrunchGang|1|1190\n|gen|9\n|tier|[Gen 9 Champions] BSS Reg M-A\n|rated|\n|rule|Species Clause: Limit one of each Pok\u00e9mon\n|rule|Item Clause: Limit 1 of each item\n|clearpoke\n|poke|p1|Aegislash, L50, M|\n|poke|p1|Garchomp, L50, M|\n|poke|p1|Corviknight, L50, M|\n|poke|p1|Gengar, L50, M|\n|poke|p1|Toxapex, L50, F|\n|poke|p1|Lopunny, L50, F|\n|poke|p2|Banette, L50, M|\n|poke|p2|Araquanid, L50, F|\n|poke|p2|Kingambit, L50, F|\n|poke|p2|Kangaskhan, L50, F|\n|poke|p2|Rotom-Heat, L50|\n|poke|p2|Gardevoir, L50, M|\n|teampreview|3\n|inactive|Battle timer is ON: inactive players will automatically lose when time's up. (requested by 4jyoudebu)\n|\n|t:|1776143768\n|teamsize|p1|3\n|teamsize|p2|3\n|start\n|switch|p1a: Lopunny|Lopunny, L50, F, shiny|100/100\n|switch|p2a: Rotom|Rotom-Heat, L50|100/100\n|turn|1\n|\n|t:|1776143778\n|detailschange|p1a: Lopunny|Lopunny-Mega, L50, F, shiny\n|-mega|p1a: Lopunny|Lopunny|Lopunnite\n|move|p1a: Lopunny|Fake Out|p2a: Rotom\n|-damage|p2a: Rotom|72/100\n|cant|p2a: Rotom|flinch\n|\n|upkeep\n|turn|2\n|\n|t:|1776143790\n|switch|p1a: Garchomp|Garchomp, L50, M, shiny|100/100\n|move|p2a: Rotom|Overheat|p1a: Garchomp\n|-resisted|p1a: Garchomp|1\n|-damage|p1a: Garchomp|68/100\n|-unboost|p2a: Rotom|spa|2\n|\n|upkeep\n|turn|3\n|\n|t:|1776143799\n|switch|p2a: Banette|Banette, L50, M|100/100\n|-item|p1a: Garchomp|Choice Scarf|[from] ability: Frisk|[of] p2a: Banette\n|move|p1a: Garchomp|Earthquake|p2a: Banette\n|-damage|p2a: Banette|26/100\n|\n|upkeep\n|turn|4\n|\n|t:|1776143808\n|switch|p1a: Lopunny|Lopunny-Mega, L50, F, shiny|100/100\n|detailschange|p2a: Banette|Banette-Mega, L50, M\n|-mega|p2a: Banette|Banette|Banettite\n|move|p2a: Banette|Destiny Bond|p2a: Banette\n|-singlemove|p2a: Banette|Destiny Bond\n|\n|upkeep\n|turn|5\n|\n|t:|1776143824\n|switch|p1a: Corviknight|Corviknight, L50, M, shiny|100/100\n|-ability|p1a: Corviknight|Pressure\n|switch|p2a: Rotom|Rotom-Heat, L50|72/100\n|\n|upkeep\n|turn|6\n|\n|t:|1776143842\n|switch|p1a: Garchomp|Garchomp, L50, M, shiny|68/100\n|move|p2a: Rotom|Overheat|p1a: Garchomp\n|-resisted|p1a: Garchomp|1\n|-damage|p1a: Garchomp|31/100\n|-unboost|p2a: Rotom|spa|2\n|\n|upkeep\n|turn|7\n|\n|t:|1776143851\n|switch|p2a: Kingambit|Kingambit, L50, F|100/100\n|move|p1a: Garchomp|Rock Tomb|p2a: Kingambit\n|-resisted|p2a: Kingambit|1\n|-damage|p2a: Kingambit|92/100\n|-unboost|p2a: Kingambit|spe|1\n|\n|upkeep\n|turn|8\n|\n|t:|1776143869\n|switch|p1a: Lopunny|Lopunny-Mega, L50, F, shiny|100/100\n|-end|p2a: Kingambit|fallenundefined|[silent]\n|switch|p2a: Rotom|Rotom-Heat, L50|72/100\n|\n|upkeep\n|turn|9\n|\n|t:|1776143885\n|move|p1a: Lopunny|Fake Out|p2a: Rotom\n|-damage|p2a: Rotom|41/100\n|cant|p2a: Rotom|flinch\n|\n|upkeep\n|turn|10\n|\n|t:|1776143901\n|switch|p1a: Garchomp|Garchomp, L50, M, shiny|31/100\n|move|p2a: Rotom|Overheat|p1a: Garchomp\n|-resisted|p1a: Garchomp|1\n|-damage|p1a: Garchomp|0 fnt\n|-unboost|p2a: Rotom|spa|2\n|faint|p1a: Garchomp\n|\n|upkeep\n|\n|t:|1776143904\n|switch|p1a: Lopunny|Lopunny-Mega, L50, F, shiny|100/100\n|turn|11\n|\n|t:|1776143913\n|switch|p2a: Kingambit|Kingambit, L50, F|92/100\n|move|p1a: Lopunny|Fake Out|p2a: Kingambit\n|-resisted|p2a: Kingambit|1\n|-damage|p2a: Kingambit|84/100\n|\n|upkeep\n|turn|12\n|\n|t:|1776143925\n|move|p2a: Kingambit|Sucker Punch|p1a: Lopunny\n|-resisted|p1a: Lopunny|1\n|-damage|p1a: Lopunny|70/100\n|move|p1a: Lopunny|Close Combat|p2a: Kingambit\n|-supereffective|p2a: Kingambit|2\n|-damage|p2a: Kingambit|0 fnt\n|-unboost|p1a: Lopunny|def|1\n|-unboost|p1a: Lopunny|spd|1\n|faint|p2a: Kingambit\n|-end|p2a: Kingambit|fallenundefined|[silent]\n|\n|upkeep\n|\n|t:|1776143931\n|switch|p2a: Rotom|Rotom-Heat, L50|41/100\n|turn|13\n|\n|t:|1776143941\n|switch|p1a: Corviknight|Corviknight, L50, M, shiny|100/100\n|-ability|p1a: Corviknight|Pressure\n|move|p2a: Rotom|Overheat|p1a: Corviknight\n|-supereffective|p1a: Corviknight|1\n|-damage|p1a: Corviknight|0 fnt\n|-unboost|p2a: Rotom|spa|2\n|faint|p1a: Corviknight\n|\n|upkeep\n|\n|t:|1776143948\n|switch|p1a: Lopunny|Lopunny-Mega, L50, F, shiny|70/100\n|turn|14\n|\n|t:|1776143961\n|switch|p2a: Banette|Banette-Mega, L50, M|26/100\n|move|p1a: Lopunny|Fake Out|p2a: Banette\n|-damage|p2a: Banette|0 fnt\n|faint|p2a: Banette\n|\n|upkeep\n|\n|t:|1776143963\n|switch|p2a: Rotom|Rotom-Heat, L50|41/100\n|turn|15\n|\n|t:|1776143967\n|move|p1a: Lopunny|Mach Punch|p2a: Rotom\n|-damage|p2a: Rotom|11/100\n|move|p2a: Rotom|Overheat|p1a: Lopunny\n|-damage|p1a: Lopunny|0 fnt\n|-unboost|p2a: Rotom|spa|2\n|faint|p1a: Lopunny\n|\n|win|CrunchGang\n|raw|4jyoudebu's rating: 1097 &rarr; <strong>1079</strong><br />(-18 for losing)\n|raw|CrunchGang's rating: 1190 &rarr; <strong>1208</strong><br />(+18 for winning)\n|l|\u26064jyoudebu\n|player|p1|\n",
  "uploadtime": 1776143978,
  "views": 8,
  "formatid": "gen9championsbssregma",
  "rating": 1079,
  "private": 0,
  "password": null
}