{
  "id": "gen9championsbssregma-2588942542",
  "format": "[Gen 9 Champions] BSS Reg M-A",
  "players": [
    "Keyan_Sans",
    "ChickenEXchiki_"
  ],
  "log": "|j|\u2606Keyan_Sans\n|j|\u2606ChickenEXchiki_\n|t:|1776688089\n|gametype|singles\n|player|p1|Keyan_Sans|hugh|1365\n|player|p2|ChickenEXchiki_|roxie|1310\n|gen|9\n|tier|[Gen 9 Champions] BSS Reg M-A\n|rated|\n|rule|Species Clause: Limit one of each Pok\u00e9mon\n|rule|Item Clause: Limit 1 of each item\n|clearpoke\n|poke|p1|Gyarados, L50, F|\n|poke|p1|Aegislash, L50, M|\n|poke|p1|Garchomp, L50, M|\n|poke|p1|Meowscarada, L50, F|\n|poke|p1|Gengar, L50, M|\n|poke|p1|Primarina, L50, M|\n|poke|p2|Scizor, L50, M, shiny|\n|poke|p2|Victreebel, L50, F, shiny|\n|poke|p2|Tyranitar, L50, F|\n|poke|p2|Corviknight, L50, M|\n|poke|p2|Diggersby, L50, M|\n|poke|p2|Hydreigon, L50, F|\n|teampreview|3\n|inactive|Battle timer is ON: inactive players will automatically lose when time's up. (requested by Keyan_Sans)\n|\n|t:|1776688122\n|teamsize|p1|3\n|teamsize|p2|3\n|start\n|switch|p1a: Primarina|Primarina, L50, M|100/100\n|switch|p2a: Diggersby|Diggersby, L50, M|100/100\n|turn|1\n|\n|t:|1776688138\n|move|p2a: Diggersby|Earthquake|p1a: Primarina\n|-damage|p1a: Primarina|44/100\n|move|p1a: Primarina|Sparkling Aria|p2a: Diggersby\n|-supereffective|p2a: Diggersby|1\n|-damage|p2a: Diggersby|2/100\n|\n|-heal|p1a: Primarina|50/100|[from] item: Leftovers\n|upkeep\n|turn|2\n|\n|t:|1776688154\n|switch|p1a: Gyarados|Gyarados, L50, F|100/100\n|-ability|p1a: Gyarados|Intimidate|boost\n|-unboost|p2a: Diggersby|atk|1\n|move|p2a: Diggersby|Quick Attack|p1a: Gyarados\n|-damage|p1a: Gyarados|79/100\n|\n|upkeep\n|turn|3\n|\n|t:|1776688164\n|switch|p1a: Primarina|Primarina, L50, M|50/100\n|move|p2a: Diggersby|Rock Tomb|p1a: Primarina\n|-damage|p1a: Primarina|36/100\n|-unboost|p1a: Primarina|spe|1\n|\n|-heal|p1a: Primarina|42/100|[from] item: Leftovers\n|upkeep\n|turn|4\n|\n|t:|1776688177\n|move|p2a: Diggersby|Earthquake|p1a: Primarina\n|-damage|p1a: Primarina|5/100\n|move|p1a: Primarina|Draining Kiss|p2a: Diggersby\n|-damage|p2a: Diggersby|0 fnt\n|-heal|p1a: Primarina|6/100|[from] drain|[of] p2a: Diggersby\n|faint|p2a: Diggersby\n|\n|-heal|p1a: Primarina|12/100|[from] item: Leftovers\n|upkeep\n|\n|t:|1776688180\n|switch|p2a: Victreebel|Victreebel, L50, F, shiny|100/100\n|turn|5\n|\n|t:|1776688187\n|move|p2a: Victreebel|Sludge Wave|p1a: Primarina\n|-supereffective|p1a: Primarina|1\n|-damage|p1a: Primarina|0 fnt\n|faint|p1a: Primarina\n|\n|upkeep\n|\n|t:|1776688189\n|switch|p1a: Gengar|Gengar, L50, M|100/100\n|turn|6\n|\n|t:|1776688212\n|detailschange|p2a: Victreebel|Victreebel-Mega, L50, F, shiny\n|-mega|p2a: Victreebel|Victreebel|Victreebelite\n|move|p2a: Victreebel|Sucker Punch||[still]\n|-fail|p2a: Victreebel\n|move|p1a: Gengar|Substitute|p1a: Gengar\n|-start|p1a: Gengar|Substitute\n|-damage|p1a: Gengar|76/100\n|\n|upkeep\n|turn|7\n|\n|t:|1776688221\n|move|p1a: Gengar|Nasty Plot|p1a: Gengar\n|-boost|p1a: Gengar|spa|2\n|move|p2a: Victreebel|Giga Drain|p1a: Gengar\n|-resisted|p1a: Gengar|1\n|-end|p1a: Gengar|Substitute\n|\n|upkeep\n|turn|8\n|\n|t:|1776688230\n|move|p2a: Victreebel|Sucker Punch||[still]\n|-fail|p2a: Victreebel\n|move|p1a: Gengar|Substitute|p1a: Gengar\n|-start|p1a: Gengar|Substitute\n|-damage|p1a: Gengar|52/100\n|\n|upkeep\n|turn|9\n|\n|t:|1776688234\n|move|p2a: Victreebel|Sucker Punch|p1a: Gengar\n|-supereffective|p1a: Gengar|1\n|-crit|p1a: Gengar\n|-end|p1a: Gengar|Substitute\n|move|p1a: Gengar|Shadow Ball|p2a: Victreebel\n|-damage|p2a: Victreebel|15/100\n|\n|upkeep\n|turn|10\n|\n|t:|1776688242\n|switch|p2a: Hydreigon|Hydreigon, L50, F|100/100\n|move|p1a: Gengar|Shadow Ball|p2a: Hydreigon\n|-resisted|p2a: Hydreigon|1\n|-damage|p2a: Hydreigon|50/100\n|\n|upkeep\n|turn|11\n|\n|t:|1776688250\n|move|p2a: Hydreigon|U-turn|p1a: Gengar\n|-resisted|p1a: Gengar|2\n|-damage|p1a: Gengar|45/100\n|\n|t:|1776688252\n|switch|p2a: Victreebel|Victreebel-Mega, L50, F, shiny|15/100|[from] U-turn\n|move|p1a: Gengar|Focus Blast|p2a: Victreebel|[miss]\n|-miss|p1a: Gengar|p2a: Victreebel\n|\n|upkeep\n|turn|12\n|\n|t:|1776688264\n|move|p1a: Gengar|Substitute|p1a: Gengar\n|-start|p1a: Gengar|Substitute\n|-damage|p1a: Gengar|20/100\n|move|p2a: Victreebel|Sludge Wave|p1a: Gengar\n|-resisted|p1a: Gengar|2\n|-activate|p1a: Gengar|move: Substitute|[damage]\n|\n|upkeep\n|turn|13\n|c|\u2606Keyan_Sans|Gg\n|\n|t:|1776688272\n|move|p2a: Victreebel|Sucker Punch|p1a: Gengar\n|-supereffective|p1a: Gengar|1\n|-end|p1a: Gengar|Substitute\n|move|p1a: Gengar|Shadow Ball|p2a: Victreebel\n|-damage|p2a: Victreebel|0 fnt\n|-damage|p1a: Gengar|0 fnt|[from] ability: Innards Out|[of] p2a: Victreebel\n|faint|p2a: Victreebel\n|faint|p1a: Gengar\n|\n|upkeep\n|\n|t:|1776688277\n|switch|p1a: Gyarados|Gyarados, L50, F|79/100\n|switch|p2a: Hydreigon|Hydreigon, L50, F|50/100\n|-ability|p1a: Gyarados|Intimidate|boost\n|-unboost|p2a: Hydreigon|atk|1\n|turn|14\n|\n|t:|1776688285\n|detailschange|p1a: Gyarados|Gyarados-Mega, L50, F\n|-mega|p1a: Gyarados|Gyarados|Gyaradosite\n|-ability|p1a: Gyarados|Mold Breaker\n|move|p2a: Hydreigon|Draco Meteor|p1a: Gyarados|[miss]\n|-miss|p2a: Hydreigon|p1a: Gyarados\n|move|p1a: Gyarados|Ice Fang|p2a: Hydreigon\n|-supereffective|p2a: Hydreigon|1\n|-damage|p2a: Hydreigon|0 fnt\n|faint|p2a: Hydreigon\n|\n|win|Keyan_Sans\n|raw|Keyan_Sans's rating: 1365 &rarr; <strong>1382</strong><br />(+17 for winning)\n|raw|ChickenEXchiki_'s rating: 1310 &rarr; <strong>1293</strong><br />(-17 for losing)\n",
  "uploadtime": 1776688288,
  "views": 8,
  "formatid": "gen9championsbssregma",
  "rating": 1293,
  "private": 0,
  "password": null
}