{
  "id": "gen9championsbssregma-2580967609",
  "format": "[Gen 9 Champions] BSS Reg M-A",
  "players": [
    "toytoyko",
    "chanmin"
  ],
  "log": "|j|\u2606toytoyko\n|j|\u2606chanmin\n|t:|1775947518\n|gametype|singles\n|player|p1|toytoyko|102|1273\n|player|p2|chanmin|266|1361\n|gen|9\n|tier|[Gen 9 Champions] BSS Reg M-A\n|rated|\n|rule|Species Clause: Limit one of each Pok\u00e9mon\n|rule|Item Clause: Limit 1 of each item\n|clearpoke\n|poke|p1|Victreebel, L50, F|\n|poke|p1|Toxapex, L50, F|\n|poke|p1|Clefable, L50, F|\n|poke|p1|Kingambit, L50, M|\n|poke|p1|Basculegion, L50, M|\n|poke|p1|Charizard, L50, F|\n|poke|p2|Tinkaton, L50, F|\n|poke|p2|Starmie, L50|\n|poke|p2|Corviknight, L50, F|\n|poke|p2|Lopunny, L50, F|\n|poke|p2|Volcarona, L50, F|\n|poke|p2|Rotom-Wash, L50|\n|teampreview|3\n|inactive|Battle timer is ON: inactive players will automatically lose when time's up. (requested by toytoyko)\n|\n|t:|1775947626\n|teamsize|p1|3\n|teamsize|p2|3\n|start\n|switch|p1a: Charizard|Charizard, L50, F|100/100\n|switch|p2a: Tinkaton|Tinkaton, L50, F|100/100\n|-ability|p2a: Tinkaton|Mold Breaker\n|turn|1\n|\n|t:|1775947642\n|detailschange|p1a: Charizard|Charizard-Mega-X, L50, F\n|-mega|p1a: Charizard|Charizard|Charizardite X\n|move|p1a: Charizard|Flare Blitz|p2a: Tinkaton\n|-supereffective|p2a: Tinkaton|1\n|-enditem|p2a: Tinkaton|Focus Sash\n|-damage|p2a: Tinkaton|1/100\n|-damage|p1a: Charizard|72/100|[from] Recoil\n|move|p2a: Tinkaton|Thunder Wave|p1a: Charizard\n|-status|p1a: Charizard|par\n|\n|upkeep\n|turn|2\n|\n|t:|1775947659\n|move|p2a: Tinkaton|Stealth Rock|p1a: Charizard\n|-sidestart|p1: toytoyko|move: Stealth Rock\n|move|p1a: Charizard|Roost|p1a: Charizard\n|-heal|p1a: Charizard|100/100 par\n|-singleturn|p1a: Charizard|move: Roost\n|\n|upkeep\n|turn|3\n|\n|t:|1775947666\n|move|p2a: Tinkaton|Encore|p1a: Charizard\n|-start|p1a: Charizard|Encore\n|move|p1a: Charizard|Roost||[still]\n|-fail|p1a: Charizard|heal\n|\n|upkeep\n|turn|4\n|\n|t:|1775947676\n|switch|p1a: Kingambit|Kingambit, L50, M|100/100\n|-damage|p1a: Kingambit|95/100|[from] Stealth Rock\n|move|p2a: Tinkaton|Thunder Wave|p1a: Kingambit\n|-status|p1a: Kingambit|par\n|\n|upkeep\n|turn|5\n|\n|t:|1775947691\n|switch|p2a: Corviknight|Corviknight, L50, F|100/100\n|-ability|p2a: Corviknight|Pressure\n|cant|p1a: Kingambit|par\n|\n|upkeep\n|turn|6\n|inactive|chanmin has 30 seconds left.\n|\n|t:|1775947718\n|-end|p1a: Kingambit|fallenundefined|[silent]\n|switch|p1a: Clefable|Clefable, L50, F|100/100\n|-damage|p1a: Clefable|88/100|[from] Stealth Rock\n|move|p2a: Corviknight|U-turn|p1a: Clefable\n|-resisted|p1a: Clefable|1\n|-damage|p1a: Clefable|82/100\n|\n|t:|1775947724\n|switch|p2a: Tinkaton|Tinkaton, L50, F|1/100|[from] U-turn\n|-ability|p2a: Tinkaton|Mold Breaker\n|\n|-heal|p1a: Clefable|88/100|[from] item: Leftovers\n|upkeep\n|turn|7\n|\n|t:|1775947732\n|switch|p1a: Kingambit|Kingambit, L50, M|95/100 par\n|-damage|p1a: Kingambit|89/100 par|[from] Stealth Rock\n|move|p2a: Tinkaton|Gigaton Hammer|p1a: Kingambit\n|-resisted|p1a: Kingambit|1\n|-damage|p1a: Kingambit|62/100 par\n|\n|upkeep\n|turn|8\n|\n|t:|1775947741\n|switch|p2a: Corviknight|Corviknight, L50, F|100/100\n|-ability|p2a: Corviknight|Pressure\n|move|p1a: Kingambit|Kowtow Cleave|p2a: Corviknight\n|-damage|p2a: Corviknight|59/100\n|\n|-heal|p2a: Corviknight|65/100|[from] item: Leftovers\n|upkeep\n|turn|9\n|\n|t:|1775947764\n|-end|p1a: Kingambit|fallenundefined|[silent]\n|switch|p1a: Clefable|Clefable, L50, F|88/100\n|-damage|p1a: Clefable|76/100|[from] Stealth Rock\n|move|p2a: Corviknight|Iron Defense|p2a: Corviknight\n|-boost|p2a: Corviknight|def|2\n|\n|-heal|p2a: Corviknight|71/100|[from] item: Leftovers\n|-heal|p1a: Clefable|82/100|[from] item: Leftovers\n|upkeep\n|turn|10\n|\n|t:|1775947773\n|move|p2a: Corviknight|U-turn|p1a: Clefable\n|-resisted|p1a: Clefable|1\n|-damage|p1a: Clefable|76/100\n|\n|t:|1775947776\n|switch|p2a: Tinkaton|Tinkaton, L50, F|1/100|[from] U-turn\n|-ability|p2a: Tinkaton|Mold Breaker\n|move|p1a: Clefable|Cosmic Power|p1a: Clefable\n|-boost|p1a: Clefable|def|1\n|-boost|p1a: Clefable|spd|1\n|\n|-heal|p1a: Clefable|82/100|[from] item: Leftovers\n|upkeep\n|turn|11\n|\n|t:|1775947794\n|move|p2a: Tinkaton|Encore|p1a: Clefable\n|-start|p1a: Clefable|Encore\n|move|p1a: Clefable|Cosmic Power|p1a: Clefable\n|-boost|p1a: Clefable|def|1\n|-boost|p1a: Clefable|spd|1\n|\n|-heal|p1a: Clefable|88/100|[from] item: Leftovers\n|upkeep\n|turn|12\n|\n|t:|1775947802\n|move|p2a: Tinkaton|Thunder Wave|p1a: Clefable\n|-status|p1a: Clefable|par\n|move|p1a: Clefable|Cosmic Power|p1a: Clefable\n|-boost|p1a: Clefable|def|1\n|-boost|p1a: Clefable|spd|1\n|\n|-heal|p1a: Clefable|94/100 par|[from] item: Leftovers\n|upkeep\n|turn|13\n|\n|t:|1775947812\n|move|p2a: Tinkaton|Gigaton Hammer|p1a: Clefable\n|-supereffective|p1a: Clefable|1\n|-damage|p1a: Clefable|54/100 par\n|move|p1a: Clefable|Cosmic Power|p1a: Clefable\n|-boost|p1a: Clefable|def|1\n|-boost|p1a: Clefable|spd|1\n|\n|-heal|p1a: Clefable|60/100 par|[from] item: Leftovers\n|-end|p1a: Clefable|Encore\n|upkeep\n|turn|14\n|\n|t:|1775947823\n|move|p2a: Tinkaton|Encore|p1a: Clefable\n|-start|p1a: Clefable|Encore\n|move|p1a: Clefable|Cosmic Power|p1a: Clefable\n|-boost|p1a: Clefable|def|1\n|-boost|p1a: Clefable|spd|1\n|\n|-heal|p1a: Clefable|66/100 par|[from] item: Leftovers\n|upkeep\n|turn|15\n|\n|t:|1775947831\n|move|p2a: Tinkaton|Gigaton Hammer|p1a: Clefable\n|-supereffective|p1a: Clefable|1\n|-damage|p1a: Clefable|39/100 par\n|move|p1a: Clefable|Cosmic Power|p1a: Clefable\n|-boost|p1a: Clefable|def|1\n|-boost|p1a: Clefable|spd|1\n|\n|-heal|p1a: Clefable|45/100 par|[from] item: Leftovers\n|upkeep\n|turn|16\n|\n|t:|1775947854\n|move|p2a: Tinkaton|Thunder Wave|p1a: Clefable\n|-fail|p1a: Clefable|par\n|move|p1a: Clefable|Cosmic Power|p1a: Clefable\n|-boost|p1a: Clefable|def|0\n|-boost|p1a: Clefable|spd|0\n|\n|-heal|p1a: Clefable|50/100 par|[from] item: Leftovers\n|-end|p1a: Clefable|Encore\n|upkeep\n|turn|17\n|\n|t:|1775947873\n|move|p2a: Tinkaton|Encore|p1a: Clefable\n|-start|p1a: Clefable|Encore\n|move|p1a: Clefable|Cosmic Power|p1a: Clefable\n|-boost|p1a: Clefable|def|0\n|-boost|p1a: Clefable|spd|0\n|\n|-heal|p1a: Clefable|56/100 par|[from] item: Leftovers\n|upkeep\n|turn|18\n|\n|t:|1775947881\n|move|p2a: Tinkaton|Gigaton Hammer|p1a: Clefable\n|-supereffective|p1a: Clefable|1\n|-damage|p1a: Clefable|33/100 par\n|move|p1a: Clefable|Cosmic Power|p1a: Clefable\n|-boost|p1a: Clefable|def|0\n|-boost|p1a: Clefable|spd|0\n|\n|-heal|p1a: Clefable|39/100 par|[from] item: Leftovers\n|upkeep\n|turn|19\n|\n|t:|1775947891\n|move|p2a: Tinkaton|Thunder Wave|p1a: Clefable\n|-fail|p1a: Clefable|par\n|move|p1a: Clefable|Cosmic Power|p1a: Clefable\n|-boost|p1a: Clefable|def|0\n|-boost|p1a: Clefable|spd|0\n|\n|-heal|p1a: Clefable|45/100 par|[from] item: Leftovers\n|-end|p1a: Clefable|Encore\n|upkeep\n|turn|20\n|j| Dodoprotector\n|\n|t:|1775947902\n|move|p2a: Tinkaton|Encore|p1a: Clefable\n|-start|p1a: Clefable|Encore\n|move|p1a: Clefable|Cosmic Power|p1a: Clefable\n|-boost|p1a: Clefable|def|0\n|-boost|p1a: Clefable|spd|0\n|\n|-heal|p1a: Clefable|50/100 par|[from] item: Leftovers\n|upkeep\n|turn|21\n|\n|t:|1775947910\n|move|p2a: Tinkaton|Gigaton Hammer|p1a: Clefable\n|-supereffective|p1a: Clefable|1\n|-damage|p1a: Clefable|27/100 par\n|move|p1a: Clefable|Cosmic Power|p1a: Clefable\n|-boost|p1a: Clefable|def|0\n|-boost|p1a: Clefable|spd|0\n|\n|-heal|p1a: Clefable|33/100 par|[from] item: Leftovers\n|upkeep\n|turn|22\n|\n|t:|1775947931\n|move|p2a: Tinkaton|Thunder Wave|p1a: Clefable\n|-fail|p1a: Clefable|par\n|cant|p1a: Clefable|par\n|\n|-heal|p1a: Clefable|39/100 par|[from] item: Leftovers\n|-end|p1a: Clefable|Encore\n|upkeep\n|turn|23\n|l| Dodoprotector\n|\n|t:|1775947941\n|move|p2a: Tinkaton|Encore|p1a: Clefable\n|-start|p1a: Clefable|Encore\n|move|p1a: Clefable|Cosmic Power|p1a: Clefable\n|-boost|p1a: Clefable|def|0\n|-boost|p1a: Clefable|spd|0\n|\n|-heal|p1a: Clefable|45/100 par|[from] item: Leftovers\n|upkeep\n|turn|24\n|\n|t:|1775947950\n|move|p2a: Tinkaton|Gigaton Hammer|p1a: Clefable\n|-supereffective|p1a: Clefable|1\n|-damage|p1a: Clefable|23/100 par\n|move|p1a: Clefable|Cosmic Power|p1a: Clefable\n|-boost|p1a: Clefable|def|0\n|-boost|p1a: Clefable|spd|0\n|\n|-heal|p1a: Clefable|29/100 par|[from] item: Leftovers\n|upkeep\n|turn|25\n|\n|t:|1775947960\n|move|p2a: Tinkaton|Thunder Wave|p1a: Clefable\n|-fail|p1a: Clefable|par\n|move|p1a: Clefable|Cosmic Power|p1a: Clefable\n|-boost|p1a: Clefable|def|0\n|-boost|p1a: Clefable|spd|0\n|\n|-heal|p1a: Clefable|35/100 par|[from] item: Leftovers\n|-end|p1a: Clefable|Encore\n|upkeep\n|turn|26\n|\n|t:|1775947971\n|move|p2a: Tinkaton|Encore|p1a: Clefable\n|-start|p1a: Clefable|Encore\n|move|p1a: Clefable|Cosmic Power|p1a: Clefable\n|-boost|p1a: Clefable|def|0\n|-boost|p1a: Clefable|spd|0\n|\n|-heal|p1a: Clefable|41/100 par|[from] item: Leftovers\n|upkeep\n|turn|27\n|\n|t:|1775947980\n|move|p2a: Tinkaton|Gigaton Hammer|p1a: Clefable\n|-supereffective|p1a: Clefable|1\n|-damage|p1a: Clefable|19/100 par\n|move|p1a: Clefable|Cosmic Power|p1a: Clefable\n|-boost|p1a: Clefable|def|0\n|-boost|p1a: Clefable|spd|0\n|\n|-heal|p1a: Clefable|25/100 par|[from] item: Leftovers\n|upkeep\n|turn|28\n|\n|t:|1775947991\n|move|p2a: Tinkaton|Thunder Wave|p1a: Clefable\n|-fail|p1a: Clefable|par\n|move|p1a: Clefable|Cosmic Power|p1a: Clefable\n|-boost|p1a: Clefable|def|0\n|-boost|p1a: Clefable|spd|0\n|\n|-heal|p1a: Clefable|31/100 par|[from] item: Leftovers\n|-end|p1a: Clefable|Encore\n|upkeep\n|turn|29\n|\n|t:|1775948001\n|move|p2a: Tinkaton|Encore|p1a: Clefable\n|-start|p1a: Clefable|Encore\n|move|p1a: Clefable|Cosmic Power|p1a: Clefable\n|-boost|p1a: Clefable|def|0\n|-boost|p1a: Clefable|spd|0\n|\n|-heal|p1a: Clefable|37/100 par|[from] item: Leftovers\n|upkeep\n|turn|30\n|\n|t:|1775948009\n|move|p2a: Tinkaton|Gigaton Hammer|p1a: Clefable\n|-supereffective|p1a: Clefable|1\n|-damage|p1a: Clefable|10/100 par\n|cant|p1a: Clefable|par\n|\n|-heal|p1a: Clefable|16/100 par|[from] item: Leftovers\n|upkeep\n|turn|31\n|\n|t:|1775948032\n|switch|p2a: Rotom|Rotom-Wash, L50|100/100\n|move|p1a: Clefable|Cosmic Power|p1a: Clefable\n|-boost|p1a: Clefable|def|0\n|-boost|p1a: Clefable|spd|0\n|\n|-heal|p1a: Clefable|22/100 par|[from] item: Leftovers\n|-end|p1a: Clefable|Encore\n|upkeep\n|turn|32\n|\n|t:|1775948045\n|move|p2a: Rotom|Volt Switch|p1a: Clefable\n|-damage|p1a: Clefable|13/100 par\n|\n|t:|1775948066\n|switch|p2a: Tinkaton|Tinkaton, L50, F|1/100|[from] Volt Switch\n|-ability|p2a: Tinkaton|Mold Breaker\n|move|p1a: Clefable|Moonlight|p1a: Clefable\n|-heal|p1a: Clefable|63/100 par\n|\n|-heal|p1a: Clefable|69/100 par|[from] item: Leftovers\n|upkeep\n|turn|33\n|n|!chanmin|chanmin\n|-message|chanmin forfeited.\n|\n|win|toytoyko\n",
  "uploadtime": 1775948081,
  "views": 49,
  "formatid": "gen9championsbssregma",
  "rating": null,
  "private": 0,
  "password": null
}