{
  "id": "gen9championsbssregma-2588035664",
  "format": "[Gen 9 Champions] BSS Reg M-A",
  "players": [
    "167BYG",
    "adfsdfsdfsdaf"
  ],
  "log": "|j|\u2606167BYG\n|j|\u2606adfsdfsdfsdaf\n|t:|1776596108\n|gametype|singles\n|player|p1|167BYG|steven|1173\n|player|p2|adfsdfsdfsdaf|2|1080\n|gen|9\n|tier|[Gen 9 Champions] BSS Reg M-A\n|rated|\n|rule|Species Clause: Limit one of each Pok\u00e9mon\n|rule|Item Clause: Limit 1 of each item\n|clearpoke\n|poke|p1|Gengar, L50, F|\n|poke|p1|Blastoise, L50, F|\n|poke|p1|Kingambit, L50, M|\n|poke|p1|Garchomp, L50, F|\n|poke|p1|Charizard, L50, M|\n|poke|p1|Sneasler, L50, M|\n|poke|p2|Feraligatr, L50, F|\n|poke|p2|Aegislash, L50, M|\n|poke|p2|Garchomp, L50, F|\n|poke|p2|Rotom-Heat, L50|\n|poke|p2|Venusaur, L50, M|\n|poke|p2|Clefable, L50, M|\n|teampreview|3\n|inactive|Battle timer is ON: inactive players will automatically lose when time's up. (requested by 167BYG)\n|\n|t:|1776596134\n|teamsize|p1|3\n|teamsize|p2|3\n|start\n|switch|p1a: Gengar|Gengar, L50, F|100/100\n|switch|p2a: Feraligatr|Feraligatr, L50, F|100/100\n|turn|1\n|\n|t:|1776596145\n|detailschange|p1a: Gengar|Gengar-Mega, L50, F\n|-mega|p1a: Gengar|Gengar|Gengarite\n|detailschange|p2a: Feraligatr|Feraligatr-Mega, L50, F\n|-mega|p2a: Feraligatr|Feraligatr|Feraligite\n|move|p1a: Gengar|Protect|p1a: Gengar\n|-singleturn|p1a: Gengar|Protect\n|move|p2a: Feraligatr|Thrash|p1a: Gengar\n|-activate|p1a: Gengar|move: Protect\n|\n|upkeep\n|turn|2\n|inactive|167BYG has 30 seconds left.\n|inactive|167BYG has 20 seconds left.\n|inactive|167BYG has 15 seconds left.\n|\n|t:|1776596187\n|move|p1a: Gengar|Destiny Bond|p1a: Gengar\n|-singlemove|p1a: Gengar|Destiny Bond\n|move|p2a: Feraligatr|Thrash|p1a: Gengar\n|-damage|p1a: Gengar|0 fnt\n|faint|p1a: Gengar\n|-activate|p1a: Gengar|move: Destiny Bond\n|faint|p2a: Feraligatr\n|\n|upkeep\n|\n|t:|1776596195\n|switch|p1a: Garchomp|Garchomp, L50, F|100/100\n|switch|p2a: Garchomp|Garchomp, L50, F|100/100\n|turn|3\n|\n|t:|1776596202\n|move|p1a: Garchomp|Rock Tomb|p2a: Garchomp\n|-resisted|p2a: Garchomp|1\n|-damage|p2a: Garchomp|90/100\n|-unboost|p2a: Garchomp|spe|1\n|move|p2a: Garchomp|Scale Shot|p1a: Garchomp\n|-supereffective|p1a: Garchomp|1\n|-damage|p1a: Garchomp|71/100\n|-supereffective|p1a: Garchomp|1\n|-damage|p1a: Garchomp|41/100\n|-supereffective|p1a: Garchomp|1\n|-damage|p1a: Garchomp|11/100\n|-hitcount|p1a: Garchomp|3\n|-unboost|p2a: Garchomp|def|1\n|-boost|p2a: Garchomp|spe|1\n|\n|upkeep\n|turn|4\n|\n|t:|1776596208\n|move|p2a: Garchomp|Scale Shot|p1a: Garchomp|[miss]\n|-miss|p2a: Garchomp|p1a: Garchomp\n|move|p1a: Garchomp|Outrage|p2a: Garchomp\n|-supereffective|p2a: Garchomp|1\n|-damage|p2a: Garchomp|0 fnt\n|-damage|p1a: Garchomp|0 fnt|[from] ability: Rough Skin|[of] p2a: Garchomp\n|faint|p2a: Garchomp\n|faint|p1a: Garchomp\n|\n|upkeep\n|\n|t:|1776596211\n|switch|p1a: Kingambit|Kingambit, L50, M|100/100\n|switch|p2a: Clefable|Clefable, L50, M|100/100\n|-activate|p1a: Kingambit|ability: Supreme Overlord\n|-start|p1a: Kingambit|fallen2|[silent]\n|turn|5\n|\n|t:|1776596214\n|move|p2a: Clefable|Fire Blast|p1a: Kingambit|[miss]\n|-miss|p2a: Clefable|p1a: Kingambit\n|move|p1a: Kingambit|Iron Head|p2a: Clefable\n|-supereffective|p2a: Clefable|1\n|-damage|p2a: Clefable|4/100\n|-enditem|p2a: Clefable|Sitrus Berry|[eat]\n|-heal|p2a: Clefable|29/100|[from] item: Sitrus Berry\n|\n|upkeep\n|turn|6\n|\n|t:|1776596219\n|move|p2a: Clefable|Fire Blast|p1a: Kingambit\n|-supereffective|p1a: Kingambit|1\n|-damage|p1a: Kingambit|45/100\n|move|p1a: Kingambit|Iron Head|p2a: Clefable\n|-supereffective|p2a: Clefable|1\n|-damage|p2a: Clefable|0 fnt\n|faint|p2a: Clefable\n|\n|win|167BYG\n|raw|167BYG's rating: 1173 &rarr; <strong>1191</strong><br />(+18 for winning)\n|raw|adfsdfsdfsdaf's rating: 1080 &rarr; <strong>1064</strong><br />(-16 for losing)\n",
  "uploadtime": 1776596221,
  "views": 1,
  "formatid": "gen9championsbssregma",
  "rating": 1064,
  "private": 0,
  "password": null
}