{
  "id": "gen9championsbssregma-2583170466",
  "format": "[Gen 9 Champions] BSS Reg M-A",
  "players": [
    "Arcaniner52",
    "hrztkb"
  ],
  "log": "|j|\u2606Arcaniner52\n|j|\u2606hrztkb\n|t:|1776150578\n|gametype|singles\n|player|p1|Arcaniner52|blue|1206\n|player|p2|hrztkb|266|1294\n|gen|9\n|tier|[Gen 9 Champions] BSS Reg M-A\n|rated|\n|rule|Species Clause: Limit one of each Pok\u00e9mon\n|rule|Item Clause: Limit 1 of each item\n|clearpoke\n|poke|p1|Gallade, L50, M|\n|poke|p1|Hydreigon, L50, M|\n|poke|p1|Aegislash, L50, F|\n|poke|p1|Meowscarada, L50, M|\n|poke|p1|Rotom-Wash, L50|\n|poke|p1|Charizard, L50, M|\n|poke|p2|Hatterene, L50, F|\n|poke|p2|Volcarona, L50, F|\n|poke|p2|Hydreigon, L50, F|\n|poke|p2|Gyarados, L50, M|\n|poke|p2|Aegislash, L50, F|\n|poke|p2|Garchomp, L50, F|\n|teampreview|3\n|j| p74\n|\n|t:|1776150612\n|teamsize|p1|3\n|teamsize|p2|3\n|start\n|switch|p1a: Charizard|Charizard, L50, M|100/100\n|switch|p2a: Garchomp|Garchomp, L50, F|100/100\n|turn|1\n|inactive|Battle timer is ON: inactive players will automatically lose when time's up. (requested by Arcaniner52)\n|\n|t:|1776150629\n|detailschange|p1a: Charizard|Charizard-Mega-X, L50, M\n|-mega|p1a: Charizard|Charizard|Charizardite X\n|move|p2a: Garchomp|Rock Tomb|p1a: Charizard\n|-supereffective|p1a: Charizard|1\n|-damage|p1a: Charizard|57/100\n|-unboost|p1a: Charizard|spe|1\n|move|p1a: Charizard|Dragon Claw|p2a: Garchomp\n|-supereffective|p2a: Garchomp|1\n|-enditem|p2a: Garchomp|Focus Sash\n|-damage|p2a: Garchomp|1/100\n|-damage|p1a: Charizard|44/100|[from] ability: Rough Skin|[of] p2a: Garchomp\n|\n|upkeep\n|turn|2\n|\n|t:|1776150644\n|switch|p1a: Meowscarada|Meowscarada, L50, M|100/100\n|move|p2a: Garchomp|Earthquake|p1a: Meowscarada\n|-resisted|p1a: Meowscarada|1\n|-damage|p1a: Meowscarada|63/100\n|\n|upkeep\n|turn|3\n|\n|t:|1776150653\n|move|p1a: Meowscarada|U-turn|p2a: Garchomp\n|-start|p1a: Meowscarada|typechange|Bug|[from] ability: Protean\n|-damage|p2a: Garchomp|0 fnt\n|-damage|p1a: Meowscarada|51/100|[from] ability: Rough Skin|[of] p2a: Garchomp\n|faint|p2a: Garchomp\n|\n|t:|1776150661\n|switch|p1a: Charizard|Charizard-Mega-X, L50, M|44/100|[from] U-turn\n|\n|upkeep\n|\n|t:|1776150664\n|switch|p2a: Gyarados|Gyarados, L50, M, shiny|100/100\n|-ability|p2a: Gyarados|Intimidate|boost\n|-unboost|p1a: Charizard|atk|1\n|turn|4\n|\n|t:|1776150674\n|move|p1a: Charizard|Dragon Dance|p1a: Charizard\n|-boost|p1a: Charizard|atk|1\n|-boost|p1a: Charizard|spe|1\n|move|p2a: Gyarados|Dragon Dance|p2a: Gyarados\n|-boost|p2a: Gyarados|atk|1\n|-boost|p2a: Gyarados|spe|1\n|\n|upkeep\n|turn|5\n|\n|t:|1776150683\n|move|p1a: Charizard|Dragon Claw|p2a: Gyarados\n|-damage|p2a: Gyarados|37/100\n|move|p2a: Gyarados|Earthquake|p1a: Charizard\n|-supereffective|p1a: Charizard|1\n|-damage|p1a: Charizard|0 fnt\n|faint|p1a: Charizard\n|\n|upkeep\n|\n|t:|1776150702\n|switch|p1a: Aegislash|Aegislash, L50, F|100/100\n|turn|6\n|\n|t:|1776150709\n|detailschange|p2a: Gyarados|Gyarados-Mega, L50, M, shiny\n|-mega|p2a: Gyarados|Gyarados|Gyaradosite\n|-ability|p2a: Gyarados|Mold Breaker\n|-formechange|p1a: Aegislash|Aegislash-Blade|\n|move|p1a: Aegislash|Shadow Sneak|p2a: Gyarados\n|-resisted|p2a: Gyarados|1\n|-damage|p2a: Gyarados|23/100\n|move|p2a: Gyarados|Earthquake|p1a: Aegislash\n|-supereffective|p1a: Aegislash|1\n|-damage|p1a: Aegislash|0 fnt\n|faint|p1a: Aegislash\n|\n|upkeep\n|\n|t:|1776150720\n|switch|p1a: Meowscarada|Meowscarada, L50, M|51/100\n|turn|7\n|\n|t:|1776150724\n|move|p2a: Gyarados|Crunch|p1a: Meowscarada\n|-resisted|p1a: Meowscarada|1\n|-damage|p1a: Meowscarada|0 fnt\n|faint|p1a: Meowscarada\n|\n|win|hrztkb\n|raw|Arcaniner52's rating: 1206 &rarr; <strong>1187</strong><br />(-19 for losing)\n|raw|hrztkb's rating: 1294 &rarr; <strong>1313</strong><br />(+19 for winning)\n|l|\u2606Arcaniner52\n|player|p1|\n",
  "uploadtime": 1776150744,
  "views": 4,
  "formatid": "gen9championsbssregma",
  "rating": 1187,
  "private": 0,
  "password": null
}