{
  "id": "gen9championsbssregma-2584917423",
  "format": "[Gen 9 Champions] BSS Reg M-A",
  "players": [
    "elwito",
    "rrrrrrrrrrrre"
  ],
  "log": "|j|\u2606elwito\n|j|\u2606rrrrrrrrrrrre\n|t:|1776294347\n|gametype|singles\n|player|p1|elwito|265|1198\n|player|p2|rrrrrrrrrrrre|hilbert|1379\n|gen|9\n|tier|[Gen 9 Champions] BSS Reg M-A\n|rated|\n|rule|Species Clause: Limit one of each Pok\u00e9mon\n|rule|Item Clause: Limit 1 of each item\n|clearpoke\n|poke|p1|Lycanroc-Dusk, L50, F|\n|poke|p1|Gallade, L50, M|\n|poke|p1|Corviknight, L50, F|\n|poke|p1|Mimikyu, L50, M|\n|poke|p1|Hydreigon, L50, M|\n|poke|p1|Torterra, L50, F|\n|poke|p2|Jolteon, L50, M|\n|poke|p2|Corviknight, L50, M|\n|poke|p2|Greninja-*, L50, F|\n|poke|p2|Gyarados, L50, F|\n|poke|p2|Delphox, L50, F|\n|poke|p2|Lycanroc-Dusk, L50, M|\n|teampreview|3\n|inactive|Battle timer is ON: inactive players will automatically lose when time's up. (requested by rrrrrrrrrrrre)\n|inactive|elwito has 60 seconds left.\n|inactive|rrrrrrrrrrrre has 60 seconds left.\n|j| p74\n|inactive|rrrrrrrrrrrre has 30 seconds left.\n|inactive|rrrrrrrrrrrre has 20 seconds left.\n|inactive|rrrrrrrrrrrre has 15 seconds left.\n|inactive|rrrrrrrrrrrre has 10 seconds left.\n|inactive|rrrrrrrrrrrre has 5 seconds left.\n|\n|t:|1776294433\n|teamsize|p1|3\n|teamsize|p2|3\n|start\n|switch|p1a: Kaiser|Lycanroc-Dusk, L50, F|100/100\n|switch|p2a: Greninja|Greninja, L50, F|100/100\n|turn|1\n|\n|t:|1776294444\n|move|p2a: Greninja|Dark Pulse|p1a: Kaiser\n|-start|p2a: Greninja|typechange|Dark|[from] ability: Protean\n|-damage|p1a: Kaiser|31/100\n|cant|p1a: Kaiser|flinch\n|\n|upkeep\n|turn|2\n|\n|t:|1776294456\n|move|p1a: Kaiser|Accelerock|p2a: Greninja\n|-damage|p2a: Greninja|56/100\n|move|p2a: Greninja|Dark Pulse|p1a: Kaiser\n|-damage|p1a: Kaiser|0 fnt\n|faint|p1a: Kaiser\n|\n|upkeep\n|\n|t:|1776294460\n|switch|p1a: Justiciero|Gallade, L50, M, shiny|100/100\n|turn|3\n|\n|t:|1776294469\n|switch|p2a: Jolteon|Jolteon, L50, M|100/100\n|detailschange|p1a: Justiciero|Gallade-Mega, L50, M, shiny\n|-mega|p1a: Justiciero|Gallade|Galladite\n|move|p1a: Justiciero|Swords Dance|p1a: Justiciero\n|-boost|p1a: Justiciero|atk|2\n|\n|upkeep\n|turn|4\n|\n|t:|1776294474\n|move|p2a: Jolteon|Yawn|p1a: Justiciero\n|-start|p1a: Justiciero|move: Yawn|[of] p2a: Jolteon\n|move|p1a: Justiciero|Drain Punch|p2a: Jolteon\n|-damage|p2a: Jolteon|0 fnt\n|faint|p2a: Jolteon\n|\n|upkeep\n|\n|t:|1776294486\n|switch|p2a: Lycanroc|Lycanroc-Dusk, L50, M|100/100\n|turn|5\n|\n|t:|1776294492\n|switch|p1a: Hydreigon|Hydreigon, L50, M|100/100\n|move|p2a: Lycanroc|Stealth Rock|p1a: Hydreigon\n|-sidestart|p1: elwito|move: Stealth Rock\n|\n|upkeep\n|turn|6\n|\n|t:|1776294497\n|move|p1a: Hydreigon|Flash Cannon|p2a: Lycanroc\n|-supereffective|p2a: Lycanroc|1\n|-damage|p2a: Lycanroc|8/100\n|move|p2a: Lycanroc|Close Combat|p1a: Hydreigon\n|-supereffective|p1a: Hydreigon|1\n|-damage|p1a: Hydreigon|0 fnt\n|-unboost|p2a: Lycanroc|def|1\n|-unboost|p2a: Lycanroc|spd|1\n|faint|p1a: Hydreigon\n|\n|upkeep\n|\n|t:|1776294502\n|switch|p1a: Justiciero|Gallade-Mega, L50, M, shiny|100/100\n|-damage|p1a: Justiciero|95/100|[from] Stealth Rock\n|turn|7\n|\n|t:|1776294508\n|move|p1a: Justiciero|Shadow Sneak|p2a: Lycanroc\n|-damage|p2a: Lycanroc|0 fnt\n|faint|p2a: Lycanroc\n|\n|upkeep\n|\n|t:|1776294513\n|switch|p2a: Greninja|Greninja, L50, F|56/100\n|turn|8\n|\n|t:|1776294516\n|move|p2a: Greninja|Sludge Wave|p1a: Justiciero\n|-start|p2a: Greninja|typechange|Poison|[from] ability: Protean\n|-damage|p1a: Justiciero|52/100\n|move|p1a: Justiciero|Drain Punch|p2a: Greninja\n|-resisted|p2a: Greninja|1\n|-damage|p2a: Greninja|23/100\n|-heal|p1a: Justiciero|66/100|[from] drain|[of] p2a: Greninja\n|\n|upkeep\n|turn|9\n|\n|t:|1776294524\n|move|p1a: Justiciero|Shadow Sneak|p2a: Greninja\n|-damage|p2a: Greninja|0 fnt\n|faint|p2a: Greninja\n|\n|win|elwito\n|raw|elwito's rating: 1198 &rarr; <strong>1235</strong><br />(+37 for winning)\n|raw|rrrrrrrrrrrre's rating: 1379 &rarr; <strong>1349</strong><br />(-30 for losing)\n|l|\u2606rrrrrrrrrrrre\n|player|p2|\n",
  "uploadtime": 1776294542,
  "views": 9,
  "formatid": "gen9championsbssregma",
  "rating": 1235,
  "private": 0,
  "password": null
}