{
  "id": "gen9championsbssregma-2588059677",
  "format": "[Gen 9 Champions] BSS Reg M-A",
  "players": [
    "Alfacides",
    "adfsdfsdfsdaf"
  ],
  "log": "|j|\u2606Alfacides\n|j|\u2606adfsdfsdfsdaf\n|t:|1776599379\n|gametype|singles\n|player|p1|Alfacides|psychic|1074\n|player|p2|adfsdfsdfsdaf|2|1161\n|gen|9\n|tier|[Gen 9 Champions] BSS Reg M-A\n|rated|\n|rule|Species Clause: Limit one of each Pok\u00e9mon\n|rule|Item Clause: Limit 1 of each item\n|clearpoke\n|poke|p1|Kleavor, L50, M|\n|poke|p1|Dragapult, L50, F|\n|poke|p1|Maushold, L50|\n|poke|p1|Hydrapple, L50, M|\n|poke|p1|Pinsir, L50, F|\n|poke|p1|Mamoswine, L50, M|\n|poke|p2|Feraligatr, L50, M|\n|poke|p2|Aegislash, L50, F|\n|poke|p2|Rotom-Heat, L50|\n|poke|p2|Venusaur, L50, F|\n|poke|p2|Clefable, L50, F|\n|poke|p2|Hippowdon, L50, M|\n|teampreview|3\n|inactive|Battle timer is ON: inactive players will automatically lose when time's up. (requested by Alfacides)\n|\n|t:|1776599399\n|teamsize|p1|3\n|teamsize|p2|3\n|start\n|switch|p1a: Kleavor|Kleavor, L50, M|100/100\n|switch|p2a: Feraligatr|Feraligatr, L50, M|100/100\n|turn|1\n|\n|t:|1776599412\n|detailschange|p2a: Feraligatr|Feraligatr-Mega, L50, M\n|-mega|p2a: Feraligatr|Feraligatr|Feraligite\n|move|p1a: Kleavor|Stone Axe|p2a: Feraligatr\n|-damage|p2a: Feraligatr|55/100\n|-sidestart|p2: adfsdfsdfsdaf|move: Stealth Rock\n|move|p2a: Feraligatr|Flip Turn|p1a: Kleavor\n|-supereffective|p1a: Kleavor|1\n|-damage|p1a: Kleavor|4/100\n|\n|t:|1776599417\n|switch|p2a: Aegislash|Aegislash, L50, F|100/100|[from] Flip Turn\n|-damage|p2a: Aegislash|95/100|[from] Stealth Rock\n|\n|-heal|p2a: Aegislash|100/100|[from] item: Leftovers\n|upkeep\n|turn|2\n|\n|t:|1776599429\n|switch|p1a: Pinsir|Pinsir, L50, F|100/100\n|-formechange|p2a: Aegislash|Aegislash-Blade|\n|move|p2a: Aegislash|Shadow Sneak|p1a: Pinsir\n|-damage|p1a: Pinsir|77/100\n|\n|upkeep\n|turn|3\n|\n|t:|1776599452\n|detailschange|p1a: Pinsir|Pinsir-Mega, L50, F\n|-mega|p1a: Pinsir|Pinsir|Pinsirite\n|move|p1a: Pinsir|Protect|p1a: Pinsir\n|-singleturn|p1a: Pinsir|Protect\n|move|p2a: Aegislash|Shadow Ball|p1a: Pinsir\n|-activate|p1a: Pinsir|move: Protect\n|\n|upkeep\n|turn|4\n|\n|t:|1776599476\n|-formechange|p2a: Aegislash|Aegislash|\n|move|p2a: Aegislash|King's Shield|p2a: Aegislash\n|-singleturn|p2a: Aegislash|Protect\n|move|p1a: Pinsir|Body Slam|p2a: Aegislash\n|-activate|p2a: Aegislash|move: Protect\n|-unboost|p1a: Pinsir|atk|1\n|\n|upkeep\n|turn|5\n|\n|t:|1776599485\n|move|p1a: Pinsir|Lunge|p2a: Aegislash\n|-resisted|p2a: Aegislash|2\n|-damage|p2a: Aegislash|95/100\n|-unboost|p2a: Aegislash|atk|1\n|-formechange|p2a: Aegislash|Aegislash-Blade|\n|move|p2a: Aegislash|Shadow Ball|p1a: Pinsir\n|-damage|p1a: Pinsir|11/100\n|\n|-heal|p2a: Aegislash|100/100|[from] item: Leftovers\n|upkeep\n|turn|6\n|\n|t:|1776599492\n|move|p2a: Aegislash|Shadow Sneak|p1a: Pinsir\n|-damage|p1a: Pinsir|0 fnt\n|faint|p1a: Pinsir\n|\n|upkeep\n|\n|t:|1776599496\n|switch|p1a: Kleavor|Kleavor, L50, M|4/100\n|turn|7\n|\n|t:|1776599502\n|move|p2a: Aegislash|Shadow Sneak|p1a: Kleavor\n|-damage|p1a: Kleavor|0 fnt\n|faint|p1a: Kleavor\n|\n|upkeep\n|\n|t:|1776599508\n|switch|p1a: Dragapult|Dragapult, L50, F|100/100\n|turn|8\n|\n|t:|1776599514\n|move|p2a: Aegislash|Shadow Sneak|p1a: Dragapult\n|-supereffective|p1a: Dragapult|1\n|-damage|p1a: Dragapult|67/100\n|move|p1a: Dragapult|Shadow Ball|p2a: Aegislash\n|-supereffective|p2a: Aegislash|1\n|-damage|p2a: Aegislash|0 fnt\n|faint|p2a: Aegislash\n|\n|upkeep\n|\n|t:|1776599519\n|switch|p2a: Clefable|Clefable, L50, F|100/100\n|-damage|p2a: Clefable|88/100|[from] Stealth Rock\n|turn|9\n|\n|t:|1776599525\n|move|p1a: Dragapult|Shadow Ball|p2a: Clefable\n|-damage|p2a: Clefable|52/100\n|move|p2a: Clefable|Thunder Wave|p1a: Dragapult\n|-status|p1a: Dragapult|par\n|\n|upkeep\n|turn|10\n|\n|t:|1776599528\n|move|p1a: Dragapult|Shadow Ball|p2a: Clefable\n|-crit|p2a: Clefable\n|-damage|p2a: Clefable|3/100\n|-enditem|p2a: Clefable|Sitrus Berry|[eat]\n|-heal|p2a: Clefable|28/100|[from] item: Sitrus Berry\n|move|p2a: Clefable|Moonblast|p1a: Dragapult\n|-supereffective|p1a: Dragapult|1\n|-damage|p1a: Dragapult|0 fnt\n|faint|p1a: Dragapult\n|\n|win|adfsdfsdfsdaf\n|raw|Alfacides's rating: 1074 &rarr; <strong>1058</strong><br />(-16 for losing)\n|raw|adfsdfsdfsdaf's rating: 1161 &rarr; <strong>1180</strong><br />(+19 for winning)\n",
  "uploadtime": 1776599531,
  "views": 3,
  "formatid": "gen9championsbssregma",
  "rating": 1058,
  "private": 0,
  "password": null
}