{
  "id": "gen9championsbssregma-2589203867",
  "format": "[Gen 9 Champions] BSS Reg M-A",
  "players": [
    "dokisimp",
    "Flycken"
  ],
  "log": "|j|\u2606dokisimp\n|j|\u2606Flycken\n|t:|1776706351\n|gametype|singles\n|player|p1|dokisimp|265|\n|player|p2|Flycken|n|\n|gen|9\n|tier|[Gen 9 Champions] BSS Reg M-A\n|rule|Species Clause: Limit one of each Pok\u00e9mon\n|rule|Item Clause: Limit 1 of each item\n|clearpoke\n|poke|p1|Delphox, L50, F|\n|poke|p1|Aegislash, L50, F|\n|poke|p1|Dragapult, L50, M|\n|poke|p1|Meowscarada, L50, M|\n|poke|p1|Rotom-Wash, L50|\n|poke|p1|Corviknight, L50, F|\n|poke|p2|Lopunny, L50, F|\n|poke|p2|Dragonite, L50, M|\n|poke|p2|Aegislash, L50, F, shiny|\n|poke|p2|Slowking-Galar, L50, M, shiny|\n|poke|p2|Skeledirge, L50, M, shiny|\n|poke|p2|Meowscarada, L50, F, shiny|\n|teampreview|3\n|c|\u2606dokisimp|suelte\n|c|\u2606Flycken|igual\n|j| meteorplayz_\n|j| Lukkitax\n|\n|t:|1776706398\n|teamsize|p1|3\n|teamsize|p2|3\n|start\n|switch|p1a: Rotom|Rotom-Wash, L50|100/100\n|switch|p2a: Lopunny|Lopunny, L50, F|100/100\n|turn|1\n|\n|t:|1776706410\n|detailschange|p2a: Lopunny|Lopunny-Mega, L50, F\n|-mega|p2a: Lopunny|Lopunny|Lopunnite\n|move|p2a: Lopunny|Fake Out|p1a: Rotom\n|-damage|p1a: Rotom|78/100\n|cant|p1a: Rotom|flinch\n|\n|upkeep\n|turn|2\n|\n|t:|1776706426\n|move|p2a: Lopunny|U-turn|p1a: Rotom\n|-damage|p1a: Rotom|52/100\n|\n|t:|1776706428\n|switch|p2a: Meowscarada|Meowscarada, L50, F, shiny|100/100|[from] U-turn\n|move|p1a: Rotom|Will-O-Wisp|p2a: Meowscarada\n|-status|p2a: Meowscarada|brn\n|\n|-damage|p2a: Meowscarada|95/100 brn|[from] brn\n|upkeep\n|turn|3\n|\n|t:|1776706444\n|switch|p1a: Delphox|Delphox, L50, F|100/100\n|move|p2a: Meowscarada|Knock Off|p1a: Delphox\n|-start|p2a: Meowscarada|typechange|Dark|[from] ability: Protean\n|-supereffective|p1a: Delphox|1\n|-damage|p1a: Delphox|52/100\n|\n|-damage|p2a: Meowscarada|89/100 brn|[from] brn\n|upkeep\n|turn|4\n|\n|t:|1776706457\n|switch|p2a: Skeledirge|Skeledirge, L50, M, shiny|100/100\n|detailschange|p1a: Delphox|Delphox-Mega, L50, F\n|-mega|p1a: Delphox|Delphox|Delphoxite\n|move|p1a: Delphox|Overheat|p2a: Skeledirge\n|-resisted|p2a: Skeledirge|1\n|-crit|p2a: Skeledirge\n|-damage|p2a: Skeledirge|44/100\n|-unboost|p1a: Delphox|spa|2\n|\n|upkeep\n|turn|5\n|-activate|p2a: Skeledirge|item: Quick Claw\n|\n|t:|1776706466\n|move|p2a: Skeledirge|Shadow Ball|p1a: Delphox\n|-supereffective|p1a: Delphox|1\n|-damage|p1a: Delphox|0 fnt\n|faint|p1a: Delphox\n|\n|upkeep\n|\n|t:|1776706471\n|switch|p1a: Dragapult|Dragapult, L50, M|100/100\n|turn|6\n|\n|t:|1776706480\n|move|p1a: Dragapult|Draco Meteor|p2a: Skeledirge|[miss]\n|-miss|p1a: Dragapult|p2a: Skeledirge\n|move|p2a: Skeledirge|Shadow Ball|p1a: Dragapult\n|-supereffective|p1a: Dragapult|1\n|-enditem|p1a: Dragapult|Focus Sash\n|-damage|p1a: Dragapult|1/100\n|\n|upkeep\n|turn|7\n|\n|t:|1776706490\n|move|p1a: Dragapult|Draco Meteor|p2a: Skeledirge\n|-damage|p2a: Skeledirge|0 fnt\n|-unboost|p1a: Dragapult|spa|2\n|faint|p2a: Skeledirge\n|\n|upkeep\n|\n|t:|1776706494\n|switch|p2a: Lopunny|Lopunny-Mega, L50, F|100/100\n|turn|8\n|\n|t:|1776706497\n|switch|p1a: Rotom|Rotom-Wash, L50|52/100\n|move|p2a: Lopunny|Fake Out|p1a: Rotom\n|-damage|p1a: Rotom|33/100\n|-enditem|p1a: Rotom|Sitrus Berry|[eat]\n|-heal|p1a: Rotom|57/100|[from] item: Sitrus Berry\n|\n|upkeep\n|turn|9\n|\n|t:|1776706505\n|switch|p2a: Meowscarada|Meowscarada, L50, F, shiny|89/100 brn\n|move|p1a: Rotom|Volt Switch|p2a: Meowscarada\n|-resisted|p2a: Meowscarada|1\n|-damage|p2a: Meowscarada|71/100 brn\n|\n|t:|1776706507\n|switch|p1a: Dragapult|Dragapult, L50, M|1/100|[from] Volt Switch\n|\n|-damage|p2a: Meowscarada|65/100 brn|[from] brn\n|upkeep\n|turn|10\n|\n|t:|1776706517\n|move|p2a: Meowscarada|Flower Trick|p1a: Dragapult\n|-start|p2a: Meowscarada|typechange|Grass|[from] ability: Protean\n|-resisted|p1a: Dragapult|1\n|-crit|p1a: Dragapult\n|-damage|p1a: Dragapult|0 fnt\n|faint|p1a: Dragapult\n|\n|-damage|p2a: Meowscarada|59/100 brn|[from] brn\n|upkeep\n|\n|t:|1776706519\n|switch|p1a: Rotom|Rotom-Wash, L50|57/100\n|turn|11\n|\n|t:|1776706526\n|move|p2a: Meowscarada|Flower Trick|p1a: Rotom\n|-supereffective|p1a: Rotom|1\n|-crit|p1a: Rotom\n|-damage|p1a: Rotom|8/100\n|move|p1a: Rotom|Hydro Pump|p2a: Meowscarada\n|-resisted|p2a: Meowscarada|1\n|-damage|p2a: Meowscarada|27/100 brn\n|\n|-damage|p2a: Meowscarada|21/100 brn|[from] brn\n|upkeep\n|turn|12\n|\n|t:|1776706529\n|move|p2a: Meowscarada|Flower Trick|p1a: Rotom\n|-supereffective|p1a: Rotom|1\n|-crit|p1a: Rotom\n|-damage|p1a: Rotom|0 fnt\n|faint|p1a: Rotom\n|\n|win|Flycken\n",
  "uploadtime": 1776706529,
  "views": 5,
  "formatid": "gen9championsbssregma",
  "rating": null,
  "private": 0,
  "password": null
}