{
  "id": "gen9championsbssregma-2583795344",
  "format": "[Gen 9 Champions] BSS Reg M-A",
  "players": [
    "master mustard",
    "isaacmora22"
  ],
  "log": "|j|\u2606master mustard\n|j|\u2606isaacmora22\n|t:|1776198258\n|gametype|singles\n|player|p1|master mustard|mustard-master|1000\n|player|p2|isaacmora22|hilbert|1032\n|gen|9\n|tier|[Gen 9 Champions] BSS Reg M-A\n|rated|\n|rule|Species Clause: Limit one of each Pok\u00e9mon\n|rule|Item Clause: Limit 1 of each item\n|clearpoke\n|poke|p1|Starmie, L50|\n|poke|p1|Ninetales-Alola, L50, M|\n|poke|p1|Aegislash, L50, M|\n|poke|p1|Arcanine-Hisui, L50, F|\n|poke|p1|Dragonite, L50, M|\n|poke|p1|Blastoise, L50, M|\n|poke|p2|Flareon, L50, M|\n|poke|p2|Dragonite, L50, M|\n|poke|p2|Luxray, L50, M|\n|poke|p2|Clawitzer, L50, M|\n|poke|p2|Sableye, L50, M|\n|teampreview|3\n|\n|t:|1776198273\n|teamsize|p1|3\n|teamsize|p2|3\n|start\n|switch|p1a: Dragonite|Dragonite, L50, M|100/100\n|switch|p2a: Rex|Luxray, L50, M|100/100\n|-ability|p2a: Rex|Intimidate|boost\n|-unboost|p1a: Dragonite|atk|1\n|turn|1\n|\n|t:|1776198287\n|move|p1a: Dragonite|Protect|p1a: Dragonite\n|-singleturn|p1a: Dragonite|Protect\n|move|p2a: Rex|Ice Fang|p1a: Dragonite\n|-activate|p1a: Dragonite|move: Protect\n|\n|upkeep\n|turn|2\n|\n|t:|1776198293\n|switch|p1a: Arcanine|Arcanine-Hisui, L50, F|100/100\n|-ability|p1a: Arcanine|Intimidate|boost\n|-unboost|p2a: Rex|atk|1\n|move|p2a: Rex|Ice Fang|p1a: Arcanine\n|-resisted|p1a: Arcanine|1\n|-damage|p1a: Arcanine|92/100\n|-status|p1a: Arcanine|frz\n|\n|upkeep\n|turn|3\n|\n|t:|1776198306\n|switch|p2a: Camden|Flareon, L50, M|100/100\n|cant|p1a: Arcanine|frz\n|\n|upkeep\n|turn|4\n|\n|t:|1776198313\n|cant|p1a: Arcanine|frz\n|move|p2a: Camden|Scorching Sands|p1a: Arcanine\n|-supereffective|p1a: Arcanine|2\n|-damage|p1a: Arcanine|8/100 frz\n|-curestatus|p1a: Arcanine|frz|[msg]\n|\n|upkeep\n|turn|5\n|\n|t:|1776198322\n|move|p1a: Arcanine|Rock Slide|p2a: Camden\n|-supereffective|p2a: Camden|1\n|-damage|p2a: Camden|0 fnt\n|faint|p2a: Camden\n|\n|upkeep\n|\n|t:|1776198331\n|switch|p2a: Migo|Dragonite, L50, M|100/100\n|turn|6\n|\n|t:|1776198337\n|detailschange|p2a: Migo|Dragonite-Mega, L50, M\n|-mega|p2a: Migo|Dragonite|Dragoninite\n|move|p1a: Arcanine|Rock Slide|p2a: Migo|[miss]\n|-miss|p1a: Arcanine|p2a: Migo\n|move|p2a: Migo|Air Slash|p1a: Arcanine\n|-resisted|p1a: Arcanine|1\n|-damage|p1a: Arcanine|0 fnt\n|faint|p1a: Arcanine\n|\n|upkeep\n|\n|t:|1776198346\n|switch|p1a: Dragonite|Dragonite, L50, M|100/100\n|turn|7\n|\n|t:|1776198350\n|move|p2a: Migo|Ice Beam|p1a: Dragonite\n|-supereffective|p1a: Dragonite|2\n|-damage|p1a: Dragonite|47/100\n|move|p1a: Dragonite|Tailwind|p1a: Dragonite\n|-sidestart|p1: master mustard|move: Tailwind\n|\n|upkeep\n|turn|8\n|\n|t:|1776198356\n|move|p1a: Dragonite|Breaking Swipe|p2a: Migo\n|-supereffective|p2a: Migo|1\n|-damage|p2a: Migo|79/100\n|-unboost|p2a: Migo|atk|1\n|move|p2a: Migo|Ice Beam|p1a: Dragonite\n|-supereffective|p1a: Dragonite|2\n|-damage|p1a: Dragonite|0 fnt\n|faint|p1a: Dragonite\n|\n|upkeep\n|\n|t:|1776198362\n|switch|p1a: Starmie|Starmie, L50|100/100\n|turn|9\n|\n|t:|1776198370\n|detailschange|p1a: Starmie|Starmie-Mega, L50\n|-mega|p1a: Starmie|Starmie|Starminite\n|move|p1a: Starmie|Blizzard|p2a: Migo\n|-supereffective|p2a: Migo|2\n|-damage|p2a: Migo|0 fnt\n|faint|p2a: Migo\n|\n|upkeep\n|\n|t:|1776198377\n|switch|p2a: Rex|Luxray, L50, M|100/100\n|-ability|p2a: Rex|Intimidate|boost\n|-unboost|p1a: Starmie|atk|1\n|turn|10\n|\n|t:|1776198384\n|move|p1a: Starmie|Liquidation|p2a: Rex\n|-damage|p2a: Rex|34/100\n|-unboost|p2a: Rex|def|1\n|-enditem|p2a: Rex|Sitrus Berry|[eat]\n|-heal|p2a: Rex|59/100|[from] item: Sitrus Berry\n|move|p2a: Rex|Supercell Slam|p1a: Starmie\n|-supereffective|p1a: Starmie|1\n|-damage|p1a: Starmie|0 fnt\n|faint|p1a: Starmie\n|\n|win|isaacmora22\n|raw|master mustard's rating: 1000 &rarr; <strong>1000</strong><br />(+0 for losing)\n|raw|isaacmora22's rating: 1032 &rarr; <strong>1064</strong><br />(+32 for winning)\n|l|\u2606master mustard\n|player|p1|\n",
  "uploadtime": 1776198398,
  "views": 6,
  "formatid": "gen9championsbssregma",
  "rating": 1000,
  "private": 0,
  "password": null
}