{
  "id": "gen9championsbssregma-2585599294",
  "format": "[Gen 9 Champions] BSS Reg M-A",
  "players": [
    "BBBKTY",
    "PinkertonRams"
  ],
  "log": "|j|\u2606BBBKTY\n|j|\u2606PinkertonRams\n|t:|1776358037\n|gametype|singles\n|player|p1|BBBKTY|265|1142\n|player|p2|PinkertonRams|ghetsis|1078\n|gen|9\n|tier|[Gen 9 Champions] BSS Reg M-A\n|rated|\n|rule|Species Clause: Limit one of each Pok\u00e9mon\n|rule|Item Clause: Limit 1 of each item\n|clearpoke\n|poke|p1|Dragapult, L50, F|\n|poke|p1|Alakazam, L50, F|\n|poke|p1|Azumarill, L50, F|\n|poke|p1|Clefable, L50, M|\n|poke|p1|Espathra, L50, F|\n|poke|p1|Glimmora, L50, F|\n|poke|p2|Sharpedo, L50, F|\n|poke|p2|Mimikyu, L50, M|\n|poke|p2|Gardevoir, L50, M|\n|poke|p2|Ariados, L50, M|\n|poke|p2|Conkeldurr, L50, F|\n|poke|p2|Feraligatr, L50, M|\n|teampreview|3\n|inactive|Battle timer is ON: inactive players will automatically lose when time's up. (requested by BBBKTY)\n|\n|t:|1776358056\n|teamsize|p1|3\n|teamsize|p2|3\n|start\n|switch|p1a: Glimmora|Glimmora, L50, F|100/100\n|switch|p2a: Spoder|Ariados, L50, M|100/100\n|turn|1\n|\n|t:|1776358063\n|move|p1a: Glimmora|Stealth Rock|p2a: Spoder\n|-sidestart|p2: PinkertonRams|move: Stealth Rock\n|move|p2a: Spoder|Sticky Web|p1a: Glimmora\n|-sidestart|p1: BBBKTY|move: Sticky Web\n|\n|upkeep\n|turn|2\n|\n|t:|1776358074\n|switch|p2a: Serene|Gardevoir, L50, M, shiny|100/100\n|-damage|p2a: Serene|88/100|[from] Stealth Rock\n|-ability|p2a: Serene|Toxic Debris|Trace|[from] ability: Trace|[of] p1a: Glimmora\n|move|p1a: Glimmora|Stealth Rock||[still]\n|-fail|p1a: Glimmora\n|\n|upkeep\n|turn|3\n|\n|t:|1776358078\n|move|p2a: Serene|Psyshock|p1a: Glimmora\n|-supereffective|p1a: Glimmora|1\n|-damage|p1a: Glimmora|17/100\n|move|p1a: Glimmora|Mortal Spin|p2a: Serene\n|-supereffective|p2a: Serene|1\n|-damage|p2a: Serene|66/100\n|-status|p2a: Serene|psn\n|-activate|p2a: Serene|ability: Toxic Debris\n|-sidestart|p1: BBBKTY|move: Toxic Spikes\n|-sideend|p1: BBBKTY|Toxic Spikes|[from] move: Mortal Spin|[of] p1a: Glimmora\n|-sideend|p1: BBBKTY|Sticky Web|[from] move: Mortal Spin|[of] p1a: Glimmora\n|\n|-damage|p2a: Serene|54/100 psn|[from] psn\n|upkeep\n|turn|4\n|\n|t:|1776358082\n|move|p2a: Serene|Psyshock|p1a: Glimmora\n|-supereffective|p1a: Glimmora|1\n|-damage|p1a: Glimmora|0 fnt\n|faint|p1a: Glimmora\n|\n|-damage|p2a: Serene|41/100 psn|[from] psn\n|upkeep\n|\n|t:|1776358086\n|switch|p1a: Espathra|Espathra, L50, F, shiny|100/100\n|turn|5\n|\n|t:|1776358094\n|switch|p2a: Spoder|Ariados, L50, M|100/100\n|-damage|p2a: Spoder|76/100|[from] Stealth Rock\n|move|p1a: Espathra|Calm Mind|p1a: Espathra\n|-boost|p1a: Espathra|spa|1\n|-boost|p1a: Espathra|spd|1\n|\n|-ability|p1a: Espathra|Speed Boost|boost\n|-boost|p1a: Espathra|spe|1\n|upkeep\n|turn|6\n|\n|t:|1776358100\n|move|p2a: Spoder|Sucker Punch||[still]\n|-fail|p2a: Spoder\n|move|p1a: Espathra|Baton Pass|p1a: Espathra\n|\n|t:|1776358103\n|switch|p1a: Clefable|Clefable, L50, M, shiny|100/100|[from] Baton Pass\n|\n|upkeep\n|turn|7\n|\n|t:|1776358107\n|detailschange|p1a: Clefable|Clefable-Mega, L50, M, shiny\n|-mega|p1a: Clefable|Clefable|Clefablite\n|move|p1a: Clefable|Cosmic Power|p1a: Clefable\n|-boost|p1a: Clefable|def|1\n|-boost|p1a: Clefable|spd|1\n|move|p2a: Spoder|Poison Jab|p1a: Clefable\n|-supereffective|p1a: Clefable|1\n|-damage|p1a: Clefable|76/100\n|\n|upkeep\n|turn|8\n|\n|t:|1776358115\n|move|p1a: Clefable|Cosmic Power|p1a: Clefable\n|-boost|p1a: Clefable|def|1\n|-boost|p1a: Clefable|spd|1\n|move|p2a: Spoder|Poison Jab|p1a: Clefable\n|-supereffective|p1a: Clefable|1\n|-damage|p1a: Clefable|55/100\n|-status|p1a: Clefable|psn\n|\n|-damage|p1a: Clefable|43/100 psn|[from] psn\n|upkeep\n|turn|9\n|\n|t:|1776358120\n|move|p1a: Clefable|Moonlight|p1a: Clefable\n|-heal|p1a: Clefable|93/100 psn\n|move|p2a: Spoder|Poison Jab|p1a: Clefable\n|-supereffective|p1a: Clefable|1\n|-damage|p1a: Clefable|74/100 psn\n|\n|-damage|p1a: Clefable|61/100 psn|[from] psn\n|upkeep\n|turn|10\n|\n|t:|1776358123\n|move|p1a: Clefable|Stored Power|p2a: Spoder\n|-supereffective|p2a: Spoder|1\n|-damage|p2a: Spoder|0 fnt\n|faint|p2a: Spoder\n|\n|-damage|p1a: Clefable|49/100 psn|[from] psn\n|upkeep\n|\n|t:|1776358129\n|switch|p2a: Serene|Gardevoir, L50, M, shiny|41/100 psn\n|-damage|p2a: Serene|29/100 psn|[from] Stealth Rock\n|-ability|p2a: Serene|Magic Bounce|Trace|[from] ability: Trace|[of] p1a: Clefable\n|turn|11\n|\n|t:|1776358134\n|move|p2a: Serene|Mystical Fire|p1a: Clefable\n|-damage|p1a: Clefable|40/100 psn\n|-unboost|p1a: Clefable|spa|1\n|move|p1a: Clefable|Moonblast|p2a: Serene\n|-damage|p2a: Serene|0 fnt\n|faint|p2a: Serene\n|\n|-damage|p1a: Clefable|27/100 psn|[from] psn\n|upkeep\n|\n|t:|1776358139\n|switch|p2a: Omnomnom|Sharpedo, L50, F|100/100\n|-damage|p2a: Omnomnom|88/100|[from] Stealth Rock\n|turn|12\n|\n|t:|1776358149\n|move|p2a: Omnomnom|Protect|p2a: Omnomnom\n|-singleturn|p2a: Omnomnom|Protect\n|move|p1a: Clefable|Moonlight|p1a: Clefable\n|-heal|p1a: Clefable|77/100 psn\n|\n|-damage|p1a: Clefable|65/100 psn|[from] psn\n|-ability|p2a: Omnomnom|Speed Boost|boost\n|-boost|p2a: Omnomnom|spe|1\n|upkeep\n|turn|13\n|\n|t:|1776358155\n|detailschange|p2a: Omnomnom|Sharpedo-Mega, L50, F\n|-mega|p2a: Omnomnom|Sharpedo|Sharpedonite\n|move|p2a: Omnomnom|Liquidation|p1a: Clefable\n|-damage|p1a: Clefable|47/100 psn\n|move|p1a: Clefable|Moonblast|p2a: Omnomnom\n|-supereffective|p2a: Omnomnom|1\n|-damage|p2a: Omnomnom|0 fnt\n|faint|p2a: Omnomnom\n|\n|win|BBBKTY\n|raw|BBBKTY's rating: 1142 &rarr; <strong>1162</strong><br />(+20 for winning)\n|raw|PinkertonRams's rating: 1078 &rarr; <strong>1060</strong><br />(-18 for losing)\n|l|\u2606PinkertonRams\n|player|p2|\n",
  "uploadtime": 1776358162,
  "views": 7,
  "formatid": "gen9championsbssregma",
  "rating": 1060,
  "private": 0,
  "password": null
}