{
  "id": "gen9championsbssregma-2584107839",
  "format": "[Gen 9 Champions] BSS Reg M-A",
  "players": [
    "wounddia",
    "karbain"
  ],
  "log": "|j|\u2606wounddia\n|j|\u2606karbain\n|t:|1776225958\n|gametype|singles\n|player|p1|wounddia|elesa|1353\n|player|p2|karbain|2|1375\n|gen|9\n|tier|[Gen 9 Champions] BSS Reg M-A\n|rated|\n|rule|Species Clause: Limit one of each Pok\u00e9mon\n|rule|Item Clause: Limit 1 of each item\n|clearpoke\n|poke|p1|Charizard, L50, F|\n|poke|p1|Garchomp, L50, M|\n|poke|p1|Glimmora, L50, F|\n|poke|p1|Corviknight, L50, F|\n|poke|p1|Sneasler, L50, F|\n|poke|p1|Meowscarada, L50, M|\n|poke|p2|Charizard, L50, F|\n|poke|p2|Greninja-*, L50, M|\n|poke|p2|Meowscarada, L50, M|\n|poke|p2|Gengar, L50, M|\n|poke|p2|Whimsicott, L50, M|\n|poke|p2|Archaludon, L50, M|\n|teampreview|3\n|j| p74\n|\n|t:|1776225991\n|teamsize|p1|3\n|teamsize|p2|3\n|start\n|switch|p1a: Sneasler|Sneasler, L50, F|100/100\n|switch|p2a: Greninja|Greninja, L50, M|100/100\n|turn|1\n|inactive|Battle timer is ON: inactive players will automatically lose when time's up. (requested by wounddia)\n|\n|t:|1776225997\n|move|p2a: Greninja|Surf|p1a: Sneasler\n|-damage|p1a: Sneasler|47/100\n|move|p1a: Sneasler|Close Combat|p2a: Greninja\n|-supereffective|p2a: Greninja|1\n|-enditem|p2a: Greninja|Focus Sash\n|-damage|p2a: Greninja|1/100\n|-unboost|p1a: Sneasler|def|1\n|-unboost|p1a: Sneasler|spd|1\n|-enditem|p1a: Sneasler|White Herb\n|-clearnegativeboost|p1a: Sneasler|[silent]\n|\n|upkeep\n|turn|2\n|inactive|karbain has 30 seconds left.\n|\n|t:|1776226024\n|move|p2a: Greninja|Water Shuriken|p1a: Sneasler\n|-damage|p1a: Sneasler|33/100\n|-damage|p1a: Sneasler|19/100\n|-hitcount|p1a: Sneasler|2\n|move|p1a: Sneasler|Dire Claw|p2a: Greninja\n|-damage|p2a: Greninja|0 fnt\n|faint|p2a: Greninja\n|\n|upkeep\n|\n|t:|1776226032\n|switch|p2a: Gengar|Gengar, L50, M|100/100\n|turn|3\n|\n|t:|1776226036\n|detailschange|p2a: Gengar|Gengar-Mega, L50, M\n|-mega|p2a: Gengar|Gengar|Gengarite\n|move|p1a: Sneasler|Lash Out|p2a: Gengar\n|-supereffective|p2a: Gengar|1\n|-damage|p2a: Gengar|21/100\n|move|p2a: Gengar|Shadow Ball|p1a: Sneasler\n|-damage|p1a: Sneasler|0 fnt\n|faint|p1a: Sneasler\n|\n|upkeep\n|\n|t:|1776226047\n|switch|p1a: Charizard|Charizard, L50, F|100/100\n|turn|4\n|\n|t:|1776226055\n|detailschange|p1a: Charizard|Charizard-Mega-X, L50, F\n|-mega|p1a: Charizard|Charizard|Charizardite X\n|move|p2a: Gengar|Destiny Bond|p2a: Gengar\n|-singlemove|p2a: Gengar|Destiny Bond\n|move|p1a: Charizard|Flame Charge|p2a: Gengar\n|-damage|p2a: Gengar|0 fnt\n|-boost|p1a: Charizard|spe|1\n|faint|p2a: Gengar\n|-activate|p2a: Gengar|move: Destiny Bond\n|faint|p1a: Charizard\n|\n|upkeep\n|\n|t:|1776226064\n|switch|p2a: Whimsicott|Whimsicott, L50, M|100/100\n|switch|p1a: Garchomp|Garchomp, L50, M|100/100\n|turn|5\n|\n|t:|1776226071\n|move|p2a: Whimsicott|Substitute|p2a: Whimsicott\n|-start|p2a: Whimsicott|Substitute\n|-damage|p2a: Whimsicott|76/100\n|move|p1a: Garchomp|Poison Jab|p2a: Whimsicott\n|-supereffective|p2a: Whimsicott|2\n|-end|p2a: Whimsicott|Substitute\n|\n|-heal|p2a: Whimsicott|82/100|[from] item: Leftovers\n|upkeep\n|turn|6\n|\n|t:|1776226078\n|move|p1a: Garchomp|Poison Jab|p2a: Whimsicott\n|-supereffective|p2a: Whimsicott|2\n|-damage|p2a: Whimsicott|0 fnt\n|faint|p2a: Whimsicott\n|\n|win|wounddia\n|raw|wounddia's rating: 1353 &rarr; <strong>1374</strong><br />(+21 for winning)\n|raw|karbain's rating: 1375 &rarr; <strong>1354</strong><br />(-21 for losing)\n|l|\u2606karbain\n|player|p2|\n|l|\u2606wounddia\n|player|p1|\n",
  "uploadtime": 1776226139,
  "views": 5,
  "formatid": "gen9championsbssregma",
  "rating": 1354,
  "private": 0,
  "password": null
}