{
  "id": "gen9championsbssregma-2587921363",
  "format": "[Gen 9 Champions] BSS Reg M-A",
  "players": [
    "asasdfaf",
    "5L2"
  ],
  "log": "|j|\u2606asasdfaf\n|j|\u26065L2\n|t:|1776579345\n|gametype|singles\n|player|p1|asasdfaf|265|1074\n|player|p2|5L2|102|1052\n|gen|9\n|tier|[Gen 9 Champions] BSS Reg M-A\n|rated|\n|rule|Species Clause: Limit one of each Pok\u00e9mon\n|rule|Item Clause: Limit 1 of each item\n|clearpoke\n|poke|p1|Feraligatr, L50, M|\n|poke|p1|Scizor, L50, F|\n|poke|p1|Aegislash, L50, F|\n|poke|p1|Garchomp, L50, F|\n|poke|p1|Rotom-Heat, L50|\n|poke|p1|Roserade, L50, M|\n|poke|p2|Altaria, L50, F, shiny|\n|poke|p2|Umbreon, L50, F|\n|poke|p2|Chimecho, L50, F|\n|poke|p2|Diggersby, L50, M|\n|poke|p2|Tauros, L50, M|\n|poke|p2|Skarmory, L50, M|\n|teampreview|3\n|inactive|Battle timer is ON: inactive players will automatically lose when time's up. (requested by 5L2)\n|\n|t:|1776579389\n|teamsize|p1|3\n|teamsize|p2|3\n|start\n|switch|p1a: Rotom|Rotom-Heat, L50|100/100\n|switch|p2a: Diggersby|Diggersby, L50, M|100/100\n|turn|1\n|\n|t:|1776579408\n|switch|p2a: Altaria|Altaria, L50, F, shiny|100/100\n|-ability|p2a: Altaria|Cloud Nine\n|move|p1a: Rotom|Overheat|p2a: Altaria\n|-resisted|p2a: Altaria|1\n|-damage|p2a: Altaria|79/100\n|-unboost|p1a: Rotom|spa|2\n|\n|upkeep\n|turn|2\n|\n|t:|1776579422\n|switch|p1a: Roserade|Roserade, L50, M|100/100\n|detailschange|p2a: Altaria|Altaria-Mega, L50, F, shiny\n|-mega|p2a: Altaria|Altaria|Altarianite\n|move|p2a: Altaria|Fire Spin|p1a: Roserade\n|-supereffective|p1a: Roserade|1\n|-damage|p1a: Roserade|87/100\n|-activate|p1a: Roserade|move: Fire Spin|[of] p2a: Altaria\n|\n|-damage|p1a: Roserade|75/100|[from] move: Fire Spin|[partiallytrapped]\n|upkeep\n|turn|3\n|\n|t:|1776579430\n|move|p1a: Roserade|Leech Seed|p2a: Altaria\n|-start|p2a: Altaria|move: Leech Seed\n|move|p2a: Altaria|Cotton Guard|p2a: Altaria\n|-boost|p2a: Altaria|def|3\n|\n|-damage|p2a: Altaria|67/100|[from] Leech Seed|[of] p1a: Roserade\n|-heal|p1a: Roserade|89/100|[silent]\n|-damage|p1a: Roserade|77/100|[from] move: Fire Spin|[partiallytrapped]\n|upkeep\n|turn|4\n|\n|t:|1776579434\n|move|p1a: Roserade|Toxic|p2a: Altaria\n|-status|p2a: Altaria|tox\n|move|p2a: Altaria|Cotton Guard|p2a: Altaria\n|-boost|p2a: Altaria|def|3\n|\n|-damage|p2a: Altaria|55/100 tox|[from] Leech Seed|[of] p1a: Roserade\n|-heal|p1a: Roserade|90/100|[silent]\n|-damage|p2a: Altaria|49/100 tox|[from] psn\n|-damage|p1a: Roserade|78/100|[from] move: Fire Spin|[partiallytrapped]\n|upkeep\n|turn|5\n|\n|t:|1776579439\n|move|p1a: Roserade|Sludge Bomb|p2a: Altaria\n|-supereffective|p2a: Altaria|1\n|-crit|p2a: Altaria\n|-damage|p2a: Altaria|0 fnt\n|faint|p2a: Altaria\n|\n|-end|p1a: Roserade|Fire Spin|[partiallytrapped]|[silent]\n|upkeep\n|-message|5L2 forfeited.\n|\n|win|asasdfaf\n|raw|asasdfaf's rating: 1074 &rarr; <strong>1101</strong><br />(+27 for winning)\n|raw|5L2's rating: 1052 &rarr; <strong>1035</strong><br />(-17 for losing)\n|l|\u26065L2\n|player|p2|\n",
  "uploadtime": 1776579444,
  "views": 1,
  "formatid": "gen9championsbssregma",
  "rating": 1035,
  "private": 0,
  "password": null
}