{
  "id": "gen9championsbssregma-2587998760",
  "format": "[Gen 9 Champions] BSS Reg M-A",
  "players": [
    "rautasi.",
    "ninano200"
  ],
  "log": "|j|\u2606rautasi.\n|j|\u2606ninano200\n|t:|1776590839\n|gametype|singles\n|player|p1|rautasi.|1|1357\n|player|p2|ninano200|266|1439\n|gen|9\n|tier|[Gen 9 Champions] BSS Reg M-A\n|rated|\n|rule|Species Clause: Limit one of each Pok\u00e9mon\n|rule|Item Clause: Limit 1 of each item\n|clearpoke\n|poke|p1|Garchomp, L50, F|\n|poke|p1|Gengar, L50, M|\n|poke|p1|Lucario, L50, M|\n|poke|p1|Empoleon, L50, F|\n|poke|p1|Umbreon, L50, M|\n|poke|p1|Dragonite, L50, M|\n|poke|p2|Charizard, L50, M|\n|poke|p2|Hippowdon, L50, M|\n|poke|p2|Greninja, L50, M|\n|poke|p2|Mimikyu, L50, F|\n|poke|p2|Corviknight, L50, F|\n|poke|p2|Lopunny, L50, F|\n|teampreview|3\n|inactive|Battle timer is ON: inactive players will automatically lose when time's up. (requested by rautasi.)\n|inactive|ninano200 also wants the timer to be on.\n|inactive|rautasi. has 60 seconds left.\n|inactive|ninano200 has 60 seconds left.\n|\n|t:|1776590892\n|teamsize|p1|3\n|teamsize|p2|3\n|start\n|switch|p1a: Empoleon|Empoleon, L50, F|100/100\n|switch|p2a: Lopunny|Lopunny, L50, F|100/100\n|turn|1\n|\n|t:|1776590900\n|detailschange|p2a: Lopunny|Lopunny-Mega, L50, F\n|-mega|p2a: Lopunny|Lopunny|Lopunnite\n|move|p2a: Lopunny|Fake Out|p1a: Empoleon\n|-resisted|p1a: Empoleon|1\n|-damage|p1a: Empoleon|92/100\n|cant|p1a: Empoleon|flinch\n|\n|upkeep\n|turn|2\n|\n|t:|1776590906\n|move|p2a: Lopunny|Close Combat|p1a: Empoleon\n|-supereffective|p1a: Empoleon|1\n|-enditem|p1a: Empoleon|Chople Berry|[eat]\n|-enditem|p1a: Empoleon|Chople Berry|[weaken]\n|-damage|p1a: Empoleon|45/100\n|-unboost|p2a: Lopunny|def|1\n|-unboost|p2a: Lopunny|spd|1\n|move|p1a: Empoleon|Surf|p2a: Lopunny\n|-damage|p2a: Lopunny|37/100\n|\n|upkeep\n|turn|3\n|\n|t:|1776590918\n|move|p2a: Lopunny|U-turn|p1a: Empoleon\n|-resisted|p1a: Empoleon|1\n|-damage|p1a: Empoleon|35/100\n|\n|t:|1776590920\n|switch|p2a: Hippowdon|Hippowdon, L50, M|100/100|[from] U-turn\n|-weather|Sandstorm|[from] ability: Sand Stream|[of] p2a: Hippowdon\n|move|p1a: Empoleon|Surf|p2a: Hippowdon\n|-supereffective|p2a: Hippowdon|1\n|-damage|p2a: Hippowdon|45/100\n|-enditem|p2a: Hippowdon|Sitrus Berry|[eat]\n|-heal|p2a: Hippowdon|69/100|[from] item: Sitrus Berry\n|\n|-weather|Sandstorm|[upkeep]\n|upkeep\n|turn|4\n|\n|t:|1776590937\n|move|p1a: Empoleon|Surf|p2a: Hippowdon\n|-supereffective|p2a: Hippowdon|1\n|-damage|p2a: Hippowdon|8/100\n|move|p2a: Hippowdon|Stealth Rock|p1a: Empoleon\n|-sidestart|p1: rautasi.|move: Stealth Rock\n|\n|-weather|Sandstorm|[upkeep]\n|upkeep\n|turn|5\n|\n|t:|1776590942\n|move|p1a: Empoleon|Surf|p2a: Hippowdon\n|-supereffective|p2a: Hippowdon|1\n|-crit|p2a: Hippowdon\n|-damage|p2a: Hippowdon|0 fnt\n|faint|p2a: Hippowdon\n|\n|-weather|Sandstorm|[upkeep]\n|upkeep\n|\n|t:|1776590950\n|switch|p2a: Mimikyu|Mimikyu, L50, F|100/100\n|turn|6\n|\n|t:|1776590955\n|move|p2a: Mimikyu|Swords Dance|p2a: Mimikyu\n|-boost|p2a: Mimikyu|atk|2\n|move|p1a: Empoleon|Flip Turn|p2a: Mimikyu\n|-activate|p2a: Mimikyu|ability: Disguise\n|-damage|p2a: Mimikyu|100/100\n|detailschange|p2a: Mimikyu|Mimikyu-Busted, L50, F\n|-damage|p2a: Mimikyu|89/100|[from] pokemon: Mimikyu-Busted\n|\n|t:|1776590964\n|switch|p1a: Lucario|Lucario, L50, M|100/100|[from] Flip Turn\n|-damage|p1a: Lucario|98/100|[from] Stealth Rock\n|\n|-weather|Sandstorm|[upkeep]\n|-damage|p2a: Mimikyu|83/100|[from] Sandstorm\n|upkeep\n|turn|7\n|\n|t:|1776590970\n|detailschange|p1a: Lucario|Lucario-Mega, L50, M\n|-mega|p1a: Lucario|Lucario|Lucarionite\n|move|p1a: Lucario|Bullet Punch|p2a: Mimikyu\n|-supereffective|p2a: Mimikyu|1\n|-damage|p2a: Mimikyu|0 fnt\n|faint|p2a: Mimikyu\n|\n|-weather|none\n|upkeep\n|\n|t:|1776590972\n|switch|p2a: Lopunny|Lopunny-Mega, L50, F|37/100\n|turn|8\n|\n|t:|1776590977\n|move|p1a: Lucario|Bullet Punch|p2a: Lopunny\n|-damage|p2a: Lopunny|0 fnt\n|faint|p2a: Lopunny\n|\n|win|rautasi.\n|raw|rautasi.'s rating: 1357 &rarr; <strong>1382</strong><br />(+25 for winning)\n|raw|ninano200's rating: 1439 &rarr; <strong>1414</strong><br />(-25 for losing)\n|l|\u2606ninano200\n|player|p2|\n",
  "uploadtime": 1776590988,
  "views": 3,
  "formatid": "gen9championsbssregma",
  "rating": 1382,
  "private": 0,
  "password": null
}