{
  "id": "gen9championsbssregma-2582735799",
  "format": "[Gen 9 Champions] BSS Reg M-A",
  "players": [
    "phifth",
    "1916 ca"
  ],
  "log": "|j|\u2606phifth\n|j|\u26061916 ca\n|t:|1776110520\n|gametype|singles\n|player|p1|phifth|rosa|1083\n|player|p2|1916 ca|265|1070\n|gen|9\n|tier|[Gen 9 Champions] BSS Reg M-A\n|rated|\n|rule|Species Clause: Limit one of each Pok\u00e9mon\n|rule|Item Clause: Limit 1 of each item\n|clearpoke\n|poke|p1|Gliscor, L50, F|\n|poke|p1|Tyranitar, L50, F|\n|poke|p1|Meganium, L50, M|\n|poke|p1|Archaludon, L50, F|\n|poke|p1|Excadrill, L50, F|\n|poke|p1|Glimmora, L50, M|\n|poke|p2|Gengar, L50, F|\n|poke|p2|Garchomp, L50, F|\n|poke|p2|Kangaskhan, L50, F|\n|poke|p2|Klefki, L50, M|\n|poke|p2|Hippowdon, L50, F|\n|poke|p2|Tyranitar, L50, F|\n|teampreview|3\n|inactive|Battle timer is ON: inactive players will automatically lose when time's up. (requested by 1916 ca)\n|\n|t:|1776110570\n|teamsize|p1|3\n|teamsize|p2|3\n|start\n|switch|p1a: Glimmora|Glimmora, L50, M|100/100\n|switch|p2a: Hippowdon|Hippowdon, L50, F|100/100\n|-weather|Sandstorm|[from] ability: Sand Stream|[of] p2a: Hippowdon\n|turn|1\n|\n|t:|1776110589\n|switch|p1a: Eclipse|Gliscor, L50, F, shiny|100/100\n|move|p2a: Hippowdon|Yawn|p1a: Eclipse\n|-start|p1a: Eclipse|move: Yawn|[of] p2a: Hippowdon\n|\n|-weather|Sandstorm|[upkeep]\n|upkeep\n|turn|2\n|\n|t:|1776110606\n|move|p1a: Eclipse|Sand Tomb|p2a: Hippowdon\n|-damage|p2a: Hippowdon|94/100\n|-activate|p2a: Hippowdon|move: Sand Tomb|[of] p1a: Eclipse\n|move|p2a: Hippowdon|Stealth Rock|p1a: Eclipse\n|-sidestart|p1: phifth|move: Stealth Rock\n|\n|-weather|Sandstorm|[upkeep]\n|-heal|p2a: Hippowdon|100/100|[from] item: Leftovers\n|-damage|p2a: Hippowdon|88/100|[from] move: Sand Tomb|[partiallytrapped]\n|-end|p1a: Eclipse|move: Yawn|[silent]\n|-status|p1a: Eclipse|slp\n|upkeep\n|turn|3\n|\n|t:|1776110623\n|cant|p1a: Eclipse|slp\n|move|p2a: Hippowdon|Slack Off|p2a: Hippowdon\n|-heal|p2a: Hippowdon|100/100\n|\n|-weather|Sandstorm|[upkeep]\n|-damage|p2a: Hippowdon|88/100|[from] move: Sand Tomb|[partiallytrapped]\n|upkeep\n|turn|4\n|\n|t:|1776110626\n|cant|p1a: Eclipse|slp\n|move|p2a: Hippowdon|Yawn||[still]\n|-fail|p2a: Hippowdon\n|\n|-weather|Sandstorm|[upkeep]\n|-heal|p2a: Hippowdon|94/100|[from] item: Leftovers\n|-damage|p2a: Hippowdon|82/100|[from] move: Sand Tomb|[partiallytrapped]\n|upkeep\n|turn|5\n|\n|t:|1776110630\n|-curestatus|p1a: Eclipse|slp|[msg]\n|move|p1a: Eclipse|Stealth Rock|p2a: Hippowdon\n|-sidestart|p2: 1916 ca|move: Stealth Rock\n|move|p2a: Hippowdon|Yawn|p1a: Eclipse\n|-start|p1a: Eclipse|move: Yawn|[of] p2a: Hippowdon\n|\n|-weather|none\n|-heal|p2a: Hippowdon|88/100|[from] item: Leftovers\n|-damage|p2a: Hippowdon|76/100|[from] move: Sand Tomb|[partiallytrapped]\n|upkeep\n|turn|6\n|\n|t:|1776110651\n|move|p1a: Eclipse|Knock Off|p2a: Hippowdon\n|-damage|p2a: Hippowdon|64/100\n|-enditem|p2a: Hippowdon|Leftovers|[from] move: Knock Off|[of] p1a: Eclipse\n|move|p2a: Hippowdon|Yawn||[still]\n|-fail|p2a: Hippowdon\n|\n|-end|p2a: Hippowdon|Sand Tomb|[partiallytrapped]\n|-end|p1a: Eclipse|move: Yawn|[silent]\n|-status|p1a: Eclipse|slp\n|upkeep\n|turn|7\n|\n|t:|1776110662\n|cant|p1a: Eclipse|slp\n|move|p2a: Hippowdon|Slack Off|p2a: Hippowdon\n|-heal|p2a: Hippowdon|100/100\n|\n|upkeep\n|turn|8\n|\n|t:|1776110664\n|switch|p2a: Gengar|Gengar, L50, F|100/100\n|-damage|p2a: Gengar|88/100|[from] Stealth Rock\n|cant|p1a: Eclipse|slp\n|\n|upkeep\n|turn|9\n|\n|t:|1776110672\n|detailschange|p2a: Gengar|Gengar-Mega, L50, F\n|-mega|p2a: Gengar|Gengar|Gengarite\n|move|p2a: Gengar|Icy Wind|p1a: Eclipse\n|-supereffective|p1a: Eclipse|2\n|-damage|p1a: Eclipse|0 fnt\n|faint|p1a: Eclipse\n|\n|upkeep\n|\n|t:|1776110682\n|switch|p1a: Glimmora|Glimmora, L50, M|100/100\n|-damage|p1a: Glimmora|88/100|[from] Stealth Rock\n|turn|10\n|inactive|phifth has 30 seconds left.\n|inactive|1916 ca has 30 seconds left.\n|\n|t:|1776110717\n|detailschange|p1a: Glimmora|Glimmora-Mega, L50, M\n|-mega|p1a: Glimmora|Glimmora|Glimmoranite\n|move|p2a: Gengar|Shadow Ball|p1a: Glimmora\n|-damage|p1a: Glimmora|34/100\n|move|p1a: Glimmora|Mortal Spin|p2a: Gengar\n|-resisted|p2a: Gengar|2\n|-damage|p2a: Gengar|83/100\n|-sideend|p1: phifth|Stealth Rock|[from] move: Mortal Spin|[of] p1a: Glimmora\n|\n|upkeep\n|turn|11\n|\n|t:|1776110727\n|move|p2a: Gengar|Shadow Ball|p1a: Glimmora\n|-damage|p1a: Glimmora|0 fnt\n|faint|p1a: Glimmora\n|\n|upkeep\n|\n|t:|1776110733\n|switch|p1a: Excadrill|Excadrill, L50, F|100/100\n|turn|12\n|\n|t:|1776110739\n|move|p2a: Gengar|Icy Wind|p1a: Excadrill|[miss]\n|-miss|p2a: Gengar|p1a: Excadrill\n|move|p1a: Excadrill|Earthquake|p2a: Gengar\n|-supereffective|p2a: Gengar|1\n|-damage|p2a: Gengar|0 fnt\n|faint|p2a: Gengar\n|\n|upkeep\n|\n|t:|1776110744\n|switch|p2a: Hippowdon|Hippowdon, L50, F|100/100\n|-damage|p2a: Hippowdon|94/100|[from] Stealth Rock\n|-weather|Sandstorm|[from] ability: Sand Stream|[of] p2a: Hippowdon\n|turn|13\n|\n|t:|1776110757\n|move|p1a: Excadrill|Swords Dance|p1a: Excadrill\n|-boost|p1a: Excadrill|atk|2\n|move|p2a: Hippowdon|Yawn|p1a: Excadrill\n|-start|p1a: Excadrill|move: Yawn|[of] p2a: Hippowdon\n|\n|-weather|Sandstorm|[upkeep]\n|upkeep\n|turn|14\n|\n|t:|1776110763\n|move|p1a: Excadrill|Earthquake|p2a: Hippowdon\n|-damage|p2a: Hippowdon|34/100\n|move|p2a: Hippowdon|Earthquake|p1a: Excadrill\n|-supereffective|p1a: Excadrill|1\n|-enditem|p1a: Excadrill|Focus Sash\n|-damage|p1a: Excadrill|1/100\n|\n|-weather|Sandstorm|[upkeep]\n|-end|p1a: Excadrill|move: Yawn|[silent]\n|-status|p1a: Excadrill|slp\n|upkeep\n|turn|15\n|\n|t:|1776110769\n|cant|p1a: Excadrill|slp\n|move|p2a: Hippowdon|Earthquake|p1a: Excadrill\n|-supereffective|p1a: Excadrill|1\n|-damage|p1a: Excadrill|0 fnt\n|faint|p1a: Excadrill\n|\n|win|1916 ca\n|raw|phifth's rating: 1083 &rarr; <strong>1060</strong><br />(-23 for losing)\n|raw|1916 ca's rating: 1070 &rarr; <strong>1101</strong><br />(+31 for winning)\n",
  "uploadtime": 1776110771,
  "views": 17,
  "formatid": "gen9championsbssregma",
  "rating": 1060,
  "private": 0,
  "password": null
}