{
  "id": "gen9championsbssregma-2588355739",
  "format": "[Gen 9 Champions] BSS Reg M-A",
  "players": [
    "Mega6Showdown",
    "P43Lev"
  ],
  "log": "|j|\u2606Mega6Showdown\n|j|\u2606P43Lev\n|t:|1776626708\n|gametype|singles\n|player|p1|Mega6Showdown|brycen|1043\n|player|p2|P43Lev|169|1006\n|gen|9\n|tier|[Gen 9 Champions] BSS Reg M-A\n|rated|\n|rule|Species Clause: Limit one of each Pok\u00e9mon\n|rule|Item Clause: Limit 1 of each item\n|clearpoke\n|poke|p1|Meganium, L50, M|\n|poke|p1|Palafin, L50, M|\n|poke|p1|Farigiraf, L50, M|\n|poke|p1|Corviknight, L50, F|\n|poke|p1|Emboar, L50, M|\n|poke|p1|Incineroar, L50, F|\n|poke|p2|Glimmora, L50, M, shiny|\n|poke|p2|Dragonite, L50, M, shiny|\n|poke|p2|Mimikyu, L50, F|\n|poke|p2|Sneasler, L50, M|\n|poke|p2|Hydreigon, L50, M|\n|poke|p2|Scizor, L50, M|\n|teampreview|3\n|inactive|Battle timer is ON: inactive players will automatically lose when time's up. (requested by Mega6Showdown)\n|\n|t:|1776626766\n|teamsize|p1|3\n|teamsize|p2|3\n|start\n|switch|p1a: Farigiraf|Farigiraf, L50, M|100/100\n|switch|p2a: Glimmora|Glimmora, L50, M, shiny|100/100\n|turn|1\n|inactive|Mega6Showdown has 30 seconds left.\n|inactive|Mega6Showdown has 20 seconds left.\n|inactive|Mega6Showdown has 15 seconds left.\n|\n|t:|1776626807\n|move|p2a: Glimmora|Stealth Rock|p1a: Farigiraf\n|-sidestart|p1: Mega6Showdown|move: Stealth Rock\n|move|p1a: Farigiraf|Reflect|p1a: Farigiraf\n|-sidestart|p1: Mega6Showdown|Reflect\n|\n|upkeep\n|turn|2\n|\n|t:|1776626828\n|move|p2a: Glimmora|Power Gem|p1a: Farigiraf\n|-damage|p1a: Farigiraf|69/100\n|move|p1a: Farigiraf|Agility|p1a: Farigiraf\n|-boost|p1a: Farigiraf|spe|2\n|\n|upkeep\n|turn|3\n|inactive|P43Lev has 30 seconds left.\n|\n|t:|1776626864\n|move|p1a: Farigiraf|Psychic Fangs|p2a: Glimmora\n|-supereffective|p2a: Glimmora|1\n|-damage|p2a: Glimmora|36/100\n|-activate|p2a: Glimmora|ability: Toxic Debris\n|-sidestart|p1: Mega6Showdown|move: Toxic Spikes\n|move|p2a: Glimmora|Power Gem|p1a: Farigiraf\n|-damage|p1a: Farigiraf|38/100\n|\n|upkeep\n|turn|4\n|inactive|Mega6Showdown has 30 seconds left.\n|\n|t:|1776626890\n|move|p1a: Farigiraf|Reflect||[still]\n|-fail|p1a: Farigiraf\n|move|p2a: Glimmora|Power Gem|p1a: Farigiraf\n|-damage|p1a: Farigiraf|1/100\n|\n|upkeep\n|turn|5\n|\n|t:|1776626906\n|move|p1a: Farigiraf|Psychic Fangs|p2a: Glimmora\n|-supereffective|p2a: Glimmora|1\n|-damage|p2a: Glimmora|0 fnt\n|-activate|p2a: Glimmora|ability: Toxic Debris\n|-sidestart|p1: Mega6Showdown|move: Toxic Spikes\n|faint|p2a: Glimmora\n|\n|-sideend|p1: Mega6Showdown|Reflect\n|upkeep\n|\n|t:|1776626915\n|switch|p2a: Sneasler|Sneasler, L50, M|100/100\n|turn|6\n|\n|t:|1776626920\n|move|p2a: Sneasler|Fake Out|p1a: Farigiraf\n|-damage|p1a: Farigiraf|0 fnt\n|faint|p1a: Farigiraf\n|\n|upkeep\n|inactive|Mega6Showdown has 30 seconds left.\n|\n|t:|1776626947\n|switch|p1a: Meganium|Meganium, L50, M|100/100\n|-damage|p1a: Meganium|88/100|[from] Stealth Rock\n|-status|p1a: Meganium|tox\n|turn|7\n|\n|t:|1776626959\n|detailschange|p1a: Meganium|Meganium-Mega, L50, M\n|-mega|p1a: Meganium|Meganium|Meganiumite\n|move|p2a: Sneasler|Dire Claw|p1a: Meganium\n|-supereffective|p1a: Meganium|2\n|-damage|p1a: Meganium|0 fnt\n|faint|p1a: Meganium\n|\n|upkeep\n|\n|t:|1776626970\n|switch|p1a: Emboar|Emboar, L50, M|100/100\n|-damage|p1a: Emboar|88/100|[from] Stealth Rock\n|-status|p1a: Emboar|tox\n|turn|8\n|inactive|Mega6Showdown has 30 seconds left.\n|inactive|Mega6Showdown has 20 seconds left.\n|inactive|Mega6Showdown has 15 seconds left.\n|\n|t:|1776627011\n|move|p2a: Sneasler|U-turn|p1a: Emboar\n|-resisted|p1a: Emboar|2\n|-damage|p1a: Emboar|82/100 tox\n|\n|t:|1776627015\n|switch|p2a: Dragonite|Dragonite, L50, M, shiny|100/100|[from] U-turn\n|move|p1a: Emboar|Wild Charge|p2a: Dragonite\n|-damage|p2a: Dragonite|82/100\n|-damage|p1a: Emboar|78/100 tox|[from] Recoil\n|\n|-damage|p1a: Emboar|72/100 tox|[from] psn\n|upkeep\n|turn|9\n|inactive|Mega6Showdown has 30 seconds left.\n|inactive|Mega6Showdown has 20 seconds left.\n|inactive|Mega6Showdown has 15 seconds left.\n|\n|t:|1776627059\n|detailschange|p2a: Dragonite|Dragonite-Mega, L50, M, shiny\n|-mega|p2a: Dragonite|Dragonite|Dragoninite\n|move|p2a: Dragonite|Draco Meteor|p1a: Emboar|[miss]\n|-miss|p2a: Dragonite|p1a: Emboar\n|move|p1a: Emboar|Double-Edge|p2a: Dragonite\n|-damage|p2a: Dragonite|40/100\n|-damage|p1a: Emboar|59/100 tox|[from] Recoil\n|\n|-damage|p1a: Emboar|48/100 tox|[from] psn\n|upkeep\n|turn|10\n|\n|t:|1776627074\n|move|p2a: Dragonite|Draco Meteor|p1a: Emboar|[miss]\n|-miss|p2a: Dragonite|p1a: Emboar\n|move|p1a: Emboar|Double-Edge|p2a: Dragonite\n|-crit|p2a: Dragonite\n|-damage|p2a: Dragonite|0 fnt\n|faint|p2a: Dragonite\n|-damage|p1a: Emboar|36/100 tox|[from] Recoil\n|\n|-damage|p1a: Emboar|18/100 tox|[from] psn\n|upkeep\n|c|\u2606Mega6Showdown|wtf\n|c|\u2606Mega6Showdown|lmao\n|\n|t:|1776627085\n|switch|p2a: Sneasler|Sneasler, L50, M|100/100\n|turn|11\n|\n|t:|1776627103\n|move|p2a: Sneasler|Fake Out|p1a: Emboar\n|-damage|p1a: Emboar|3/100 tox\n|cant|p1a: Emboar|flinch\n|\n|-damage|p1a: Emboar|0 fnt|[from] psn\n|faint|p1a: Emboar\n|\n|win|P43Lev\n|raw|Mega6Showdown's rating: 1043 &rarr; <strong>1025</strong><br />(-18 for losing)\n|raw|P43Lev's rating: 1006 &rarr; <strong>1049</strong><br />(+43 for winning)\n|l|\u2606Mega6Showdown\n|player|p1|\n",
  "uploadtime": 1776627119,
  "views": 10,
  "formatid": "gen9championsbssregma",
  "rating": 1025,
  "private": 0,
  "password": null
}