{
  "id": "gen9championsbssregma-2589396094",
  "format": "[Gen 9 Champions] BSS Reg M-A",
  "players": [
    "ShinyHaunter05",
    "jerryadam"
  ],
  "log": "|j|\u2606ShinyHaunter05\n|j|\u2606jerryadam\n|t:|1776719567\n|gametype|singles\n|player|p1|ShinyHaunter05|102|1071\n|player|p2|jerryadam|266|1048\n|gen|9\n|tier|[Gen 9 Champions] BSS Reg M-A\n|rated|\n|rule|Species Clause: Limit one of each Pok\u00e9mon\n|rule|Item Clause: Limit 1 of each item\n|clearpoke\n|poke|p1|Corviknight, L50, F|\n|poke|p1|Hydreigon, L50, M|\n|poke|p1|Altaria, L50, F, shiny|\n|poke|p1|Gengar, L50, M, shiny|\n|poke|p1|Empoleon, L50, F, shiny|\n|poke|p1|Froslass, L50, F|\n|poke|p2|Pidgeot, L50, F|\n|poke|p2|Dragapult, L50, F|\n|poke|p2|Serperior, L50, M|\n|poke|p2|Samurott-Hisui, L50, F|\n|poke|p2|Arcanine-Hisui, L50, F|\n|poke|p2|Ninetales-Alola, L50, F|\n|teampreview|3\n|inactive|Battle timer is ON: inactive players will automatically lose when time's up. (requested by ShinyHaunter05)\n|inactive|ShinyHaunter05 has 60 seconds left.\n|\n|t:|1776719607\n|teamsize|p1|3\n|teamsize|p2|3\n|start\n|switch|p1a: Altaria|Altaria, L50, F, shiny|100/100\n|switch|p2a: Serperior|Serperior, L50, M|100/100\n|turn|1\n|\n|t:|1776719616\n|move|p2a: Serperior|Leaf Storm|p1a: Altaria\n|-resisted|p1a: Altaria|2\n|-damage|p1a: Altaria|91/100\n|-boost|p2a: Serperior|spa|2\n|move|p1a: Altaria|Dragon Dance|p1a: Altaria\n|-boost|p1a: Altaria|atk|1\n|-boost|p1a: Altaria|spe|1\n|\n|upkeep\n|turn|2\n|\n|t:|1776719626\n|detailschange|p1a: Altaria|Altaria-Mega, L50, F, shiny\n|-mega|p1a: Altaria|Altaria|Altarianite\n|move|p2a: Serperior|Dragon Pulse|p1a: Altaria\n|-immune|p1a: Altaria\n|move|p1a: Altaria|Dragon Dance|p1a: Altaria\n|-boost|p1a: Altaria|atk|1\n|-boost|p1a: Altaria|spe|1\n|\n|upkeep\n|turn|3\n|\n|t:|1776719633\n|move|p2a: Serperior|Leaf Storm|p1a: Altaria\n|-resisted|p1a: Altaria|1\n|-damage|p1a: Altaria|53/100\n|-boost|p2a: Serperior|spa|2\n|move|p1a: Altaria|Fire Blast|p2a: Serperior\n|-supereffective|p2a: Serperior|1\n|-damage|p2a: Serperior|24/100\n|\n|upkeep\n|turn|4\n|\n|t:|1776719642\n|move|p2a: Serperior|Leaf Storm|p1a: Altaria\n|-resisted|p1a: Altaria|1\n|-damage|p1a: Altaria|0 fnt\n|-boost|p2a: Serperior|spa|2\n|faint|p1a: Altaria\n|\n|upkeep\n|\n|t:|1776719646\n|switch|p1a: Froslass|Froslass, L50, F|100/100\n|turn|5\n|\n|t:|1776719650\n|move|p2a: Serperior|Leaf Storm|p1a: Froslass\n|-enditem|p1a: Froslass|Focus Sash\n|-damage|p1a: Froslass|1/100\n|-start|p2a: Serperior|Disable|Leaf Storm|[from] ability: Cursed Body|[of] p1a: Froslass\n|move|p1a: Froslass|Ice Beam|p2a: Serperior\n|-supereffective|p2a: Serperior|1\n|-damage|p2a: Serperior|0 fnt\n|faint|p2a: Serperior\n|\n|upkeep\n|\n|t:|1776719665\n|switch|p2a: Samurott|Samurott-Hisui, L50, F|100/100\n|turn|6\n|\n|t:|1776719668\n|move|p1a: Froslass|Destiny Bond|p1a: Froslass\n|-singlemove|p1a: Froslass|Destiny Bond\n|move|p2a: Samurott|Ceaseless Edge|p1a: Froslass|[miss]\n|-miss|p2a: Samurott|p1a: Froslass\n|\n|upkeep\n|turn|7\n|\n|t:|1776719682\n|move|p2a: Samurott|Sucker Punch||[still]\n|-fail|p2a: Samurott\n|move|p1a: Froslass|Destiny Bond||[still]\n|-fail|p1a: Froslass\n|\n|upkeep\n|turn|8\n|\n|t:|1776719696\n|move|p2a: Samurott|Sucker Punch||[still]\n|-fail|p2a: Samurott\n|move|p1a: Froslass|Destiny Bond|p1a: Froslass\n|-singlemove|p1a: Froslass|Destiny Bond\n|\n|upkeep\n|turn|9\n|\n|t:|1776719704\n|move|p2a: Samurott|Sucker Punch||[still]\n|-fail|p2a: Samurott\n|move|p1a: Froslass|Destiny Bond||[still]\n|-fail|p1a: Froslass\n|\n|upkeep\n|turn|10\n|\n|t:|1776719710\n|move|p2a: Samurott|Sucker Punch||[still]\n|-fail|p2a: Samurott\n|move|p1a: Froslass|Destiny Bond|p1a: Froslass\n|-singlemove|p1a: Froslass|Destiny Bond\n|\n|upkeep\n|turn|11\n|\n|t:|1776719719\n|move|p2a: Samurott|Sucker Punch||[still]\n|-fail|p2a: Samurott\n|move|p1a: Froslass|Destiny Bond||[still]\n|-fail|p1a: Froslass\n|\n|upkeep\n|turn|12\n|\n|t:|1776719725\n|switch|p1a: Hydreigon|Hydreigon, L50, M|100/100\n|move|p2a: Samurott|Sucker Punch||[still]\n|-fail|p2a: Samurott\n|\n|upkeep\n|turn|13\n|\n|t:|1776719733\n|move|p1a: Hydreigon|Draco Meteor|p2a: Samurott\n|-damage|p2a: Samurott|0 fnt\n|-unboost|p1a: Hydreigon|spa|2\n|faint|p2a: Samurott\n|\n|upkeep\n|\n|t:|1776719739\n|switch|p2a: Arcanine|Arcanine-Hisui, L50, F|100/100\n|turn|14\n|\n|t:|1776719745\n|switch|p1a: Froslass|Froslass, L50, F|1/100\n|move|p2a: Arcanine|Head Smash|p1a: Froslass\n|-supereffective|p1a: Froslass|1\n|-damage|p1a: Froslass|0 fnt\n|faint|p1a: Froslass\n|\n|upkeep\n|\n|t:|1776719748\n|switch|p1a: Hydreigon|Hydreigon, L50, M|100/100\n|turn|15\n|\n|t:|1776719760\n|move|p1a: Hydreigon|Draco Meteor|p2a: Arcanine\n|-damage|p2a: Arcanine|15/100\n|-unboost|p1a: Hydreigon|spa|2\n|move|p2a: Arcanine|Head Smash|p1a: Hydreigon\n|-damage|p1a: Hydreigon|15/100\n|\n|upkeep\n|turn|16\n|c|\u2606ShinyHaunter05|gg\n|\n|t:|1776719769\n|move|p2a: Arcanine|Extreme Speed|p1a: Hydreigon\n|-crit|p1a: Hydreigon\n|-damage|p1a: Hydreigon|0 fnt\n|faint|p1a: Hydreigon\n|\n|win|jerryadam\n|raw|ShinyHaunter05's rating: 1071 &rarr; <strong>1049</strong><br />(-22 for losing)\n|raw|jerryadam's rating: 1048 &rarr; <strong>1083</strong><br />(+35 for winning)\n",
  "uploadtime": 1776719775,
  "views": 1,
  "formatid": "gen9championsbssregma",
  "rating": 1049,
  "private": 0,
  "password": null
}