{
  "id": "gen9championsbssregma-2585207993",
  "format": "[Gen 9 Champions] BSS Reg M-A",
  "players": [
    "KevMev",
    "zakokr"
  ],
  "log": "|j|\u2606KevMev\n|j|\u2606zakokr\n|t:|1776325103\n|gametype|singles\n|player|p1|KevMev|170|1386\n|player|p2|zakokr|silver|1286\n|gen|9\n|tier|[Gen 9 Champions] BSS Reg M-A\n|rated|\n|rule|Species Clause: Limit one of each Pok\u00e9mon\n|rule|Item Clause: Limit 1 of each item\n|clearpoke\n|poke|p1|Sneasler, L50, F|\n|poke|p1|Archaludon, L50, F|\n|poke|p1|Gyarados, L50, F|\n|poke|p1|Meowscarada, L50, M|\n|poke|p1|Scizor, L50, F|\n|poke|p1|Mimikyu, L50, F|\n|poke|p2|Floette-Eternal, L50, F|\n|poke|p2|Delphox, L50, F|\n|poke|p2|Archaludon, L50, M|\n|poke|p2|Hydreigon, L50, M|\n|poke|p2|Primarina, L50, M|\n|poke|p2|Garchomp, L50, F|\n|teampreview|3\n|\n|t:|1776325131\n|teamsize|p1|3\n|teamsize|p2|3\n|start\n|switch|p1a: Archaludon|Archaludon, L50, F, shiny|100/100\n|switch|p2a: Hydreigon|Hydreigon, L50, M|100/100\n|turn|1\n|inactive|Battle timer is ON: inactive players will automatically lose when time's up. (requested by zakokr)\n|\n|t:|1776325142\n|move|p2a: Hydreigon|Taunt|p1a: Archaludon\n|-start|p1a: Archaludon|move: Taunt\n|move|p1a: Archaludon|Draco Meteor|p2a: Hydreigon\n|-supereffective|p2a: Hydreigon|1\n|-enditem|p2a: Hydreigon|Focus Sash\n|-damage|p2a: Hydreigon|1/100\n|-unboost|p1a: Archaludon|spa|2\n|\n|upkeep\n|turn|2\n|\n|t:|1776325155\n|switch|p1a: Mimikyu|Mimikyu, L50, F|100/100\n|move|p2a: Hydreigon|Stealth Rock|p1a: Mimikyu\n|-sidestart|p1: KevMev|move: Stealth Rock\n|\n|upkeep\n|turn|3\n|\n|t:|1776325179\n|move|p1a: Mimikyu|Shadow Sneak|p2a: Hydreigon\n|-resisted|p2a: Hydreigon|1\n|-damage|p2a: Hydreigon|0 fnt\n|faint|p2a: Hydreigon\n|\n|upkeep\n|\n|t:|1776325184\n|switch|p2a: Archaludon|Archaludon, L50, M|100/100\n|turn|4\n|\n|t:|1776325194\n|switch|p1a: Sneasler|Sneasler, L50, F, shiny|100/100\n|-damage|p1a: Sneasler|95/100|[from] Stealth Rock\n|move|p2a: Archaludon|Rock Tomb|p1a: Sneasler\n|-resisted|p1a: Sneasler|1\n|-damage|p1a: Sneasler|84/100\n|-unboost|p1a: Sneasler|spe|1\n|\n|upkeep\n|turn|5\n|\n|t:|1776325212\n|move|p1a: Sneasler|Close Combat|p2a: Archaludon\n|-supereffective|p2a: Archaludon|1\n|-crit|p2a: Archaludon\n|-damage|p2a: Archaludon|0 fnt\n|-unboost|p1a: Sneasler|def|1\n|-unboost|p1a: Sneasler|spd|1\n|faint|p2a: Archaludon\n|\n|upkeep\n|\n|t:|1776325220\n|switch|p2a: Floette|Floette-Eternal, L50, F|100/100\n|turn|6\n|\n|t:|1776325235\n|switch|p1a: Mimikyu|Mimikyu, L50, F|100/100\n|-damage|p1a: Mimikyu|88/100|[from] Stealth Rock\n|detailschange|p2a: Floette|Floette-Mega, L50, F\n|-mega|p2a: Floette|Floette|Floettite\n|-ability|p2a: Floette|Fairy Aura\n|move|p2a: Floette|Moonblast|p1a: Mimikyu\n|-activate|p1a: Mimikyu|ability: Disguise\n|-damage|p1a: Mimikyu|88/100\n|-unboost|p1a: Mimikyu|spa|1\n|detailschange|p1a: Mimikyu|Mimikyu-Busted, L50, F\n|-damage|p1a: Mimikyu|76/100|[from] pokemon: Mimikyu-Busted\n|\n|upkeep\n|turn|7\n|\n|t:|1776325250\n|move|p2a: Floette|Moonblast|p1a: Mimikyu\n|-damage|p1a: Mimikyu|0 fnt\n|faint|p1a: Mimikyu\n|\n|upkeep\n|\n|t:|1776325271\n|switch|p1a: Sneasler|Sneasler, L50, F, shiny|84/100\n|-damage|p1a: Sneasler|78/100|[from] Stealth Rock\n|turn|8\n|\n|t:|1776325275\n|move|p1a: Sneasler|Fake Out|p2a: Floette\n|-damage|p2a: Floette|81/100\n|cant|p2a: Floette|flinch\n|\n|upkeep\n|turn|9\n|-message|zakokr forfeited.\n|\n|win|KevMev\n|raw|KevMev's rating: 1386 &rarr; <strong>1400</strong><br />(+14 for winning)\n|raw|zakokr's rating: 1286 &rarr; <strong>1268</strong><br />(-18 for losing)\n|l|\u2606zakokr\n|player|p2|\n",
  "uploadtime": 1776325291,
  "views": 6,
  "formatid": "gen9championsbssregma",
  "rating": 1268,
  "private": 0,
  "password": null
}