{
  "id": "gen9championsbssregma-2582741626",
  "format": "[Gen 9 Champions] BSS Reg M-A",
  "players": [
    "phifth",
    "Purfectko"
  ],
  "log": "|j|\u2606phifth\n|j|\u2606Purfectko\n|t:|1776110918\n|gametype|singles\n|player|p1|phifth|rosa|1038\n|player|p2|Purfectko|170|1106\n|gen|9\n|tier|[Gen 9 Champions] BSS Reg M-A\n|rated|\n|rule|Species Clause: Limit one of each Pok\u00e9mon\n|rule|Item Clause: Limit 1 of each item\n|clearpoke\n|poke|p1|Gliscor, L50, F|\n|poke|p1|Tyranitar, L50, M|\n|poke|p1|Meganium, L50, M|\n|poke|p1|Archaludon, L50, F|\n|poke|p1|Excadrill, L50, M|\n|poke|p1|Glimmora, L50, M|\n|poke|p2|Tyranitar, L50, F|\n|poke|p2|Lucario, L50, F|\n|poke|p2|Araquanid, L50, M|\n|poke|p2|Avalugg-Hisui, L50, M|\n|poke|p2|Skarmory, L50, M|\n|poke|p2|Excadrill, L50, M|\n|teampreview|3\n|\n|t:|1776110940\n|teamsize|p1|3\n|teamsize|p2|3\n|start\n|switch|p1a: Meganium|Meganium, L50, M|100/100\n|switch|p2a: Tyranitar|Tyranitar, L50, F|100/100\n|-weather|Sandstorm|[from] ability: Sand Stream|[of] p2a: Tyranitar\n|turn|1\n|\n|t:|1776110968\n|switch|p1a: Eclipse|Gliscor, L50, F, shiny|100/100\n|move|p2a: Tyranitar|Thunder Wave|p1a: Eclipse\n|-immune|p1a: Eclipse\n|\n|-weather|Sandstorm|[upkeep]\n|upkeep\n|turn|2\n|\n|t:|1776110995\n|move|p1a: Eclipse|Sand Tomb|p2a: Tyranitar\n|-supereffective|p2a: Tyranitar|1\n|-damage|p2a: Tyranitar|80/100\n|-activate|p2a: Tyranitar|move: Sand Tomb|[of] p1a: Eclipse\n|move|p2a: Tyranitar|Ice Beam|p1a: Eclipse\n|-supereffective|p1a: Eclipse|2\n|-damage|p1a: Eclipse|19/100\n|\n|-weather|Sandstorm|[upkeep]\n|-heal|p1a: Eclipse|25/100|[from] item: Leftovers\n|-damage|p2a: Tyranitar|68/100|[from] move: Sand Tomb|[partiallytrapped]\n|upkeep\n|turn|3\n|\n|t:|1776111022\n|move|p1a: Eclipse|U-turn|p2a: Tyranitar\n|-supereffective|p2a: Tyranitar|1\n|-damage|p2a: Tyranitar|41/100\n|\n|t:|1776111028\n|switch|p1a: Excadrill|Excadrill, L50, M|100/100|[from] U-turn\n|move|p2a: Tyranitar|Ice Beam|p1a: Excadrill\n|-damage|p1a: Excadrill|76/100\n|\n|-weather|Sandstorm|[upkeep]\n|-end|p2a: Tyranitar|Sand Tomb|[partiallytrapped]|[silent]\n|upkeep\n|turn|4\n|\n|t:|1776111052\n|move|p1a: Excadrill|Earthquake|p2a: Tyranitar\n|-supereffective|p2a: Tyranitar|1\n|-damage|p2a: Tyranitar|0 fnt\n|faint|p2a: Tyranitar\n|\n|-weather|Sandstorm|[upkeep]\n|upkeep\n|\n|t:|1776111075\n|switch|p2a: Lucario|Lucario, L50, F|100/100\n|turn|5\n|\n|t:|1776111083\n|detailschange|p2a: Lucario|Lucario-Mega, L50, F\n|-mega|p2a: Lucario|Lucario|Lucarionite\n|move|p1a: Excadrill|Earthquake|p2a: Lucario\n|-supereffective|p2a: Lucario|1\n|-damage|p2a: Lucario|0 fnt\n|faint|p2a: Lucario\n|\n|-weather|none\n|upkeep\n|\n|t:|1776111090\n|switch|p2a: Avalugg|Avalugg-Hisui, L50, M|100/100\n|turn|6\n|\n|t:|1776111096\n|move|p1a: Excadrill|Iron Head|p2a: Avalugg\n|-supereffective|p2a: Avalugg|2\n|-damage|p2a: Avalugg|5/100\n|move|p2a: Avalugg|Body Press|p1a: Excadrill\n|-supereffective|p1a: Excadrill|1\n|-damage|p1a: Excadrill|0 fnt\n|faint|p1a: Excadrill\n|\n|upkeep\n|\n|t:|1776111103\n|switch|p1a: Eclipse|Gliscor, L50, F, shiny|25/100\n|turn|7\n|-activate|p2a: Avalugg|item: Quick Claw\n|\n|t:|1776111108\n|move|p2a: Avalugg|Ice Fang|p1a: Eclipse\n|-supereffective|p1a: Eclipse|2\n|-damage|p1a: Eclipse|0 fnt\n|faint|p1a: Eclipse\n|\n|upkeep\n|\n|t:|1776111113\n|switch|p1a: Meganium|Meganium, L50, M|100/100\n|turn|8\n|\n|t:|1776111117\n|detailschange|p1a: Meganium|Meganium-Mega, L50, M\n|-mega|p1a: Meganium|Meganium|Meganiumite\n|move|p1a: Meganium|Weather Ball|p2a: Avalugg\n|-damage|p2a: Avalugg|0 fnt\n|faint|p2a: Avalugg\n|\n|win|phifth\n|raw|phifth's rating: 1038 &rarr; <strong>1079</strong><br />(+41 for winning)\n|raw|Purfectko's rating: 1106 &rarr; <strong>1076</strong><br />(-30 for losing)\n|l|\u2606Purfectko\n|player|p2|\n",
  "uploadtime": 1776111123,
  "views": 15,
  "formatid": "gen9championsbssregma",
  "rating": 1076,
  "private": 0,
  "password": null
}