{
  "id": "gen9championsbssregma-2583923429",
  "format": "[Gen 9 Champions] BSS Reg M-A",
  "players": [
    "berutene",
    "thing maker"
  ],
  "log": "|j|\u2606berutene\n|j|\u2606thing maker\n|t:|1776208669\n|gametype|singles\n|player|p1|berutene|1|1238\n|player|p2|thing maker|2|1326\n|gen|9\n|tier|[Gen 9 Champions] BSS Reg M-A\n|rated|\n|rule|Species Clause: Limit one of each Pok\u00e9mon\n|rule|Item Clause: Limit 1 of each item\n|clearpoke\n|poke|p1|Charizard, L50, F|\n|poke|p1|Conkeldurr, L50, M|\n|poke|p1|Hydreigon, L50, F|\n|poke|p1|Mamoswine, L50, M|\n|poke|p1|Meganium, L50, M|\n|poke|p1|Aegislash, L50, M|\n|poke|p2|Scovillain, L50, M|\n|poke|p2|Torkoal, L50, M|\n|poke|p2|Lycanroc-Dusk, L50, M|\n|poke|p2|Mimikyu, L50, M|\n|poke|p2|Talonflame, L50, F|\n|poke|p2|Starmie, L50|\n|teampreview|3\n|inactive|Battle timer is ON: inactive players will automatically lose when time's up. (requested by berutene)\n|inactive|berutene has 60 seconds left.\n|inactive|thing maker has 60 seconds left.\n|inactive|berutene has 30 seconds left.\n|inactive|thing maker has 30 seconds left.\n|\n|t:|1776208735\n|teamsize|p1|3\n|teamsize|p2|3\n|start\n|switch|p1a: Mamoswine|Mamoswine, L50, M|100/100\n|switch|p2a: Talonflame|Talonflame, L50, F|100/100\n|turn|1\n|\n|t:|1776208740\n|move|p2a: Talonflame|Flare Blitz|p1a: Mamoswine\n|-supereffective|p1a: Mamoswine|1\n|-damage|p1a: Mamoswine|8/100\n|-damage|p2a: Talonflame|60/100|[from] Recoil\n|move|p1a: Mamoswine|Stone Edge|p2a: Talonflame|[miss]\n|-miss|p1a: Mamoswine|p2a: Talonflame\n|\n|upkeep\n|turn|2\n|\n|t:|1776208748\n|move|p1a: Mamoswine|Ice Shard|p2a: Talonflame\n|-damage|p2a: Talonflame|23/100\n|move|p2a: Talonflame|Brave Bird|p1a: Mamoswine\n|-damage|p1a: Mamoswine|0 fnt\n|faint|p1a: Mamoswine\n|-damage|p2a: Talonflame|19/100|[from] Recoil\n|\n|upkeep\n|\n|t:|1776208756\n|switch|p1a: Charizard|Charizard, L50, F|100/100\n|turn|3\n|\n|t:|1776208762\n|detailschange|p1a: Charizard|Charizard-Mega-X, L50, F\n|-mega|p1a: Charizard|Charizard|Charizardite X\n|move|p2a: Talonflame|Brave Bird|p1a: Charizard\n|-damage|p1a: Charizard|52/100\n|-damage|p2a: Talonflame|3/100|[from] Recoil\n|move|p1a: Charizard|Flame Charge|p2a: Talonflame\n|-resisted|p2a: Talonflame|1\n|-damage|p2a: Talonflame|0 fnt\n|-boost|p1a: Charizard|spe|1\n|faint|p2a: Talonflame\n|\n|upkeep\n|\n|t:|1776208774\n|switch|p2a: Mimikyu|Mimikyu, L50, M|100/100\n|turn|4\n|\n|t:|1776208779\n|move|p1a: Charizard|Flame Charge|p2a: Mimikyu\n|-activate|p2a: Mimikyu|ability: Disguise\n|-damage|p2a: Mimikyu|100/100\n|-boost|p1a: Charizard|spe|1\n|detailschange|p2a: Mimikyu|Mimikyu-Busted, L50, M\n|-damage|p2a: Mimikyu|88/100|[from] pokemon: Mimikyu-Busted\n|move|p2a: Mimikyu|Play Rough|p1a: Charizard\n|-damage|p1a: Charizard|10/100\n|\n|upkeep\n|turn|5\n|\n|t:|1776208793\n|switch|p1a: Hydreigon|Hydreigon, L50, F|100/100\n|move|p2a: Mimikyu|Play Rough|p1a: Hydreigon\n|-supereffective|p1a: Hydreigon|2\n|-damage|p1a: Hydreigon|0 fnt\n|faint|p1a: Hydreigon\n|\n|upkeep\n|\n|t:|1776208797\n|switch|p1a: Charizard|Charizard-Mega-X, L50, F|10/100\n|turn|6\n|j| p74\n|\n|t:|1776208802\n|move|p2a: Mimikyu|Play Rough|p1a: Charizard\n|-damage|p1a: Charizard|0 fnt\n|faint|p1a: Charizard\n|\n|win|thing maker\n|raw|berutene's rating: 1238 &rarr; <strong>1219</strong><br />(-19 for losing)\n|raw|thing maker's rating: 1326 &rarr; <strong>1341</strong><br />(+15 for winning)\n|l|\u2606berutene\n|player|p1|\n|l|\u2606thing maker\n|player|p2|\n",
  "uploadtime": 1776208883,
  "views": 1,
  "formatid": "gen9championsbssregma",
  "rating": 1219,
  "private": 0,
  "password": null
}