{
  "id": "gen9championsbssregma-2586218506",
  "format": "[Gen 9 Champions] BSS Reg M-A",
  "players": [
    "Gruff dhdhdh",
    "isaacmora22"
  ],
  "log": "|j|\u2606Gruff dhdhdh\n|j|\u2606isaacmora22\n|t:|1776413758\n|gametype|singles\n|player|p1|Gruff dhdhdh|lucas|1045\n|player|p2|isaacmora22|hilbert|1001\n|gen|9\n|tier|[Gen 9 Champions] BSS Reg M-A\n|rated|\n|rule|Species Clause: Limit one of each Pok\u00e9mon\n|rule|Item Clause: Limit 1 of each item\n|clearpoke\n|poke|p1|Blastoise, L50, M|\n|poke|p1|Greninja-*, L50, M|\n|poke|p1|Hydreigon, L50, M|\n|poke|p1|Kingambit, L50, M|\n|poke|p1|Mimikyu, L50, F|\n|poke|p1|Palafin, L50, M|\n|poke|p2|Flareon, L50, M|\n|poke|p2|Dragonite, L50, M|\n|poke|p2|Luxray, L50, M|\n|poke|p2|Clawitzer, L50, M|\n|poke|p2|Sableye, L50, M|\n|poke|p2|Archaludon, L50, F|\n|teampreview|3\n|\n|t:|1776413778\n|teamsize|p1|3\n|teamsize|p2|3\n|start\n|switch|p1a: Greninja|Greninja, L50, M|100/100\n|switch|p2a: Rex|Luxray, L50, M|100/100\n|-ability|p2a: Rex|Intimidate|boost\n|-unboost|p1a: Greninja|atk|1\n|turn|1\n|\n|t:|1776413801\n|switch|p1a: Hydreigon|Hydreigon, L50, M|100/100\n|move|p2a: Rex|Wild Charge|p1a: Hydreigon\n|-resisted|p1a: Hydreigon|1\n|-damage|p1a: Hydreigon|75/100\n|-damage|p2a: Rex|94/100|[from] Recoil\n|\n|upkeep\n|turn|2\n|\n|t:|1776413811\n|switch|p2a: Migo|Dragonite, L50, M|100/100\n|move|p1a: Hydreigon|Earth Power|p2a: Migo\n|-immune|p2a: Migo\n|\n|upkeep\n|turn|3\n|\n|t:|1776413818\n|switch|p1a: Mimikyu|Mimikyu, L50, F|100/100\n|detailschange|p2a: Migo|Dragonite-Mega, L50, M\n|-mega|p2a: Migo|Dragonite|Dragoninite\n|move|p2a: Migo|Ice Beam|p1a: Mimikyu\n|-activate|p1a: Mimikyu|ability: Disguise\n|-damage|p1a: Mimikyu|100/100\n|detailschange|p1a: Mimikyu|Mimikyu-Busted, L50, F\n|-damage|p1a: Mimikyu|88/100|[from] pokemon: Mimikyu-Busted\n|\n|upkeep\n|turn|4\n|\n|t:|1776413833\n|switch|p2a: Camden|Flareon, L50, M|100/100\n|move|p1a: Mimikyu|Play Rough|p2a: Camden\n|-resisted|p2a: Camden|1\n|-damage|p2a: Camden|75/100\n|\n|-heal|p2a: Camden|81/100|[from] item: Leftovers\n|upkeep\n|turn|5\n|\n|t:|1776413844\n|move|p1a: Mimikyu|Swords Dance|p1a: Mimikyu\n|-boost|p1a: Mimikyu|atk|2\n|move|p2a: Camden|Flare Blitz|p1a: Mimikyu\n|-damage|p1a: Mimikyu|19/100\n|-damage|p2a: Camden|60/100|[from] Recoil\n|\n|-heal|p2a: Camden|67/100|[from] item: Leftovers\n|upkeep\n|turn|6\n|\n|t:|1776413856\n|move|p1a: Mimikyu|Shadow Sneak|p2a: Camden\n|-damage|p2a: Camden|18/100\n|move|p2a: Camden|Flare Blitz|p1a: Mimikyu\n|-damage|p1a: Mimikyu|0 fnt\n|faint|p1a: Mimikyu\n|-damage|p2a: Camden|13/100|[from] Recoil\n|\n|-heal|p2a: Camden|19/100|[from] item: Leftovers\n|upkeep\n|inactive|Battle timer is ON: inactive players will automatically lose when time's up. (requested by Gruff dhdhdh)\n|\n|t:|1776413866\n|switch|p1a: Greninja|Greninja, L50, M|100/100\n|turn|7\n|\n|t:|1776413877\n|detailschange|p1a: Greninja|Greninja-Mega, L50, M\n|-mega|p1a: Greninja|Greninja|Greninjite\n|move|p1a: Greninja|Water Shuriken|p2a: Camden\n|-start|p1a: Greninja|typechange|Water|[from] ability: Protean\n|-supereffective|p2a: Camden|1\n|-damage|p2a: Camden|0 fnt\n|faint|p2a: Camden\n|-hitcount|p2: Camden|1\n|\n|upkeep\n|\n|t:|1776413886\n|switch|p2a: Rex|Luxray, L50, M|94/100\n|-ability|p2a: Rex|Intimidate|boost\n|-unboost|p1a: Greninja|atk|1\n|turn|8\n|\n|t:|1776413896\n|move|p1a: Greninja|Surf|p2a: Rex\n|-damage|p2a: Rex|35/100\n|move|p2a: Rex|Wild Charge|p1a: Greninja\n|-supereffective|p1a: Greninja|1\n|-damage|p1a: Greninja|0 fnt\n|faint|p1a: Greninja\n|-damage|p2a: Rex|12/100|[from] Recoil\n|\n|upkeep\n|\n|t:|1776413906\n|switch|p1a: Hydreigon|Hydreigon, L50, M|75/100\n|turn|9\n|\n|t:|1776413914\n|move|p1a: Hydreigon|Dark Pulse|p2a: Rex\n|-damage|p2a: Rex|0 fnt\n|faint|p2a: Rex\n|\n|upkeep\n|\n|t:|1776413919\n|switch|p2a: Migo|Dragonite-Mega, L50, M|100/100\n|turn|10\n|\n|t:|1776413922\n|move|p1a: Hydreigon|Dark Pulse|p2a: Migo\n|-damage|p2a: Migo|85/100\n|move|p2a: Migo|Draco Meteor|p1a: Hydreigon\n|-supereffective|p1a: Hydreigon|1\n|-damage|p1a: Hydreigon|0 fnt\n|-unboost|p2a: Migo|spa|2\n|faint|p1a: Hydreigon\n|\n|win|isaacmora22\n|raw|Gruff dhdhdh's rating: 1045 &rarr; <strong>1026</strong><br />(-19 for losing)\n|raw|isaacmora22's rating: 1001 &rarr; <strong>1046</strong><br />(+45 for winning)\n|l|\u2606Gruff dhdhdh\n|player|p1|\n",
  "uploadtime": 1776413935,
  "views": 2,
  "formatid": "gen9championsbssregma",
  "rating": 1026,
  "private": 0,
  "password": null
}