{
  "id": "gen9championsbssregma-2584850405",
  "format": "[Gen 9 Champions] BSS Reg M-A",
  "players": [
    "Mobileishard",
    "DiceyRice"
  ],
  "log": "|j|\u2606Mobileishard\n|j|\u2606DiceyRice\n|t:|1776288564\n|gametype|singles\n|player|p1|Mobileishard|1|1366\n|player|p2|DiceyRice|miku-ghost|1282\n|gen|9\n|tier|[Gen 9 Champions] BSS Reg M-A\n|rated|\n|rule|Species Clause: Limit one of each Pok\u00e9mon\n|rule|Item Clause: Limit 1 of each item\n|clearpoke\n|poke|p1|Azumarill, L50, F|\n|poke|p1|Blastoise, L50, F|\n|poke|p1|Ditto, L50|\n|poke|p1|Reuniclus, L50, F|\n|poke|p1|Dragapult, L50, F|\n|poke|p1|Kleavor, L50, F|\n|poke|p2|Hippowdon, L50, F|\n|poke|p2|Volcarona, L50, F|\n|poke|p2|Blastoise, L50, F|\n|poke|p2|Aegislash, L50, F|\n|poke|p2|Floette-Eternal, L50, F|\n|poke|p2|Hydreigon, L50, F|\n|teampreview|3\n|\n|t:|1776288584\n|teamsize|p1|3\n|teamsize|p2|3\n|start\n|switch|p1a: Dragapult|Dragapult, L50, F|100/100\n|switch|p2a: Hippowdon|Hippowdon, L50, F|100/100\n|-weather|Sandstorm|[from] ability: Sand Stream|[of] p2a: Hippowdon\n|turn|1\n|inactive|Battle timer is ON: inactive players will automatically lose when time's up. (requested by Mobileishard)\n|\n|t:|1776288589\n|move|p1a: Dragapult|Will-O-Wisp|p2a: Hippowdon\n|-status|p2a: Hippowdon|brn\n|move|p2a: Hippowdon|Stealth Rock|p1a: Dragapult\n|-sidestart|p1: Mobileishard|move: Stealth Rock\n|\n|-weather|Sandstorm|[upkeep]\n|-damage|p1a: Dragapult|94/100|[from] Sandstorm\n|-damage|p2a: Hippowdon|94/100 brn|[from] brn\n|upkeep\n|turn|2\n|\n|t:|1776288596\n|move|p1a: Dragapult|Curse|p2a: Hippowdon\n|-start|p2a: Hippowdon|Curse|[of] p1a: Dragapult\n|-damage|p1a: Dragapult|45/100\n|move|p2a: Hippowdon|Yawn|p1a: Dragapult\n|-start|p1a: Dragapult|move: Yawn|[of] p2a: Hippowdon\n|\n|-weather|Sandstorm|[upkeep]\n|-damage|p1a: Dragapult|38/100|[from] Sandstorm\n|-damage|p2a: Hippowdon|88/100 brn|[from] brn\n|-damage|p2a: Hippowdon|64/100 brn|[from] Curse\n|upkeep\n|turn|3\n|\n|t:|1776288602\n|move|p1a: Dragapult|Reflect|p1a: Dragapult\n|-sidestart|p1: Mobileishard|Reflect\n|move|p2a: Hippowdon|Yawn||[still]\n|-fail|p2a: Hippowdon\n|\n|-weather|Sandstorm|[upkeep]\n|-damage|p1a: Dragapult|32/100|[from] Sandstorm\n|-damage|p2a: Hippowdon|58/100 brn|[from] brn\n|-damage|p2a: Hippowdon|33/100 brn|[from] Curse\n|-end|p1a: Dragapult|move: Yawn|[silent]\n|-status|p1a: Dragapult|slp\n|upkeep\n|-enditem|p2a: Hippowdon|Sitrus Berry|[eat]\n|-heal|p2a: Hippowdon|58/100 brn|[from] item: Sitrus Berry\n|turn|4\n|\n|t:|1776288605\n|switch|p2a: Blastoise|Blastoise, L50, F|100/100\n|cant|p1a: Dragapult|slp\n|\n|-weather|Sandstorm|[upkeep]\n|-damage|p1a: Dragapult|26/100 slp|[from] Sandstorm\n|-damage|p2a: Blastoise|95/100|[from] Sandstorm\n|upkeep\n|turn|5\n|\n|t:|1776288609\n|detailschange|p2a: Blastoise|Blastoise-Mega, L50, F\n|-mega|p2a: Blastoise|Blastoise|Blastoisinite\n|-curestatus|p1a: Dragapult|slp|[msg]\n|move|p1a: Dragapult|Light Screen|p1a: Dragapult\n|-sidestart|p1: Mobileishard|move: Light Screen\n|move|p2a: Blastoise|Shell Smash|p2a: Blastoise\n|-unboost|p2a: Blastoise|def|1\n|-unboost|p2a: Blastoise|spd|1\n|-boost|p2a: Blastoise|atk|2\n|-boost|p2a: Blastoise|spa|2\n|-boost|p2a: Blastoise|spe|2\n|\n|-weather|none\n|upkeep\n|turn|6\n|\n|t:|1776288612\n|move|p2a: Blastoise|Dark Pulse|p1a: Dragapult\n|-supereffective|p1a: Dragapult|1\n|-damage|p1a: Dragapult|0 fnt\n|-start|p2a: Blastoise|Disable|Dark Pulse|[from] ability: Cursed Body|[of] p1a: Dragapult\n|faint|p1a: Dragapult\n|\n|upkeep\n|j| p74\n|\n|t:|1776288617\n|switch|p1a: Blastoise|Blastoise, L50, F|100/100\n|-damage|p1a: Blastoise|88/100|[from] Stealth Rock\n|turn|7\n|\n|t:|1776288625\n|detailschange|p1a: Blastoise|Blastoise-Mega, L50, F\n|-mega|p1a: Blastoise|Blastoise|Blastoisinite\n|move|p2a: Blastoise|Water Pulse|p1a: Blastoise\n|-resisted|p1a: Blastoise|1\n|-damage|p1a: Blastoise|60/100\n|move|p1a: Blastoise|Dark Pulse|p2a: Blastoise\n|-damage|p2a: Blastoise|21/100\n|\n|-sideend|p1: Mobileishard|Reflect\n|upkeep\n|turn|8\n|\n|t:|1776288640\n|move|p2a: Blastoise|Water Pulse|p1a: Blastoise\n|-resisted|p1a: Blastoise|1\n|-damage|p1a: Blastoise|34/100\n|move|p1a: Blastoise|Dark Pulse|p2a: Blastoise\n|-damage|p2a: Blastoise|0 fnt\n|faint|p2a: Blastoise\n|\n|upkeep\n|\n|t:|1776288644\n|switch|p2a: Aegislash|Aegislash, L50, F|100/100\n|turn|9\n|\n|t:|1776288654\n|move|p1a: Blastoise|Dark Pulse|p2a: Aegislash\n|-supereffective|p2a: Aegislash|1\n|-damage|p2a: Aegislash|17/100\n|-formechange|p2a: Aegislash|Aegislash-Blade|\n|move|p2a: Aegislash|Poltergeist|p1a: Blastoise\n|-activate|p1a: Blastoise|move: Poltergeist|Blastoisinite\n|-damage|p1a: Blastoise|0 fnt\n|faint|p1a: Blastoise\n|\n|-sideend|p1: Mobileishard|move: Light Screen\n|upkeep\n|\n|t:|1776288658\n|switch|p1a: Azumarill|Azumarill, L50, F|100/100\n|-damage|p1a: Azumarill|88/100|[from] Stealth Rock\n|turn|10\n|\n|t:|1776288673\n|switch|p2a: Hippowdon|Hippowdon, L50, F|58/100 brn\n|-weather|Sandstorm|[from] ability: Sand Stream|[of] p2a: Hippowdon\n|move|p1a: Azumarill|Knock Off|p2a: Hippowdon\n|-damage|p2a: Hippowdon|40/100 brn\n|\n|-weather|Sandstorm|[upkeep]\n|-damage|p1a: Azumarill|83/100|[from] Sandstorm\n|-damage|p2a: Hippowdon|34/100 brn|[from] brn\n|upkeep\n|turn|11\n|\n|t:|1776288683\n|move|p1a: Azumarill|Aqua Jet|p2a: Hippowdon\n|-supereffective|p2a: Hippowdon|1\n|-damage|p2a: Hippowdon|0 fnt\n|faint|p2a: Hippowdon\n|\n|-weather|Sandstorm|[upkeep]\n|-damage|p1a: Azumarill|77/100|[from] Sandstorm\n|upkeep\n|\n|t:|1776288685\n|switch|p2a: Aegislash|Aegislash, L50, F|17/100\n|turn|12\n|\n|t:|1776288691\n|move|p2a: Aegislash|King's Shield|p2a: Aegislash\n|-singleturn|p2a: Aegislash|Protect\n|move|p1a: Azumarill|Knock Off|p2a: Aegislash\n|-activate|p2a: Aegislash|move: Protect\n|-unboost|p1a: Azumarill|atk|1\n|\n|-weather|Sandstorm|[upkeep]\n|-damage|p1a: Azumarill|71/100|[from] Sandstorm\n|upkeep\n|turn|13\n|\n|t:|1776288693\n|-formechange|p2a: Aegislash|Aegislash-Blade|\n|move|p2a: Aegislash|Poltergeist|p1a: Azumarill\n|-activate|p1a: Azumarill|move: Poltergeist|Sitrus Berry\n|-damage|p1a: Azumarill|0 fnt\n|faint|p1a: Azumarill\n|\n|win|DiceyRice\n|raw|Mobileishard's rating: 1366 &rarr; <strong>1341</strong><br />(-25 for losing)\n|raw|DiceyRice's rating: 1282 &rarr; <strong>1313</strong><br />(+31 for winning)\n|l|\u2606Mobileishard\n|player|p1|\n|l|\u2606DiceyRice\n|player|p2|\n",
  "uploadtime": 1776288719,
  "views": 8,
  "formatid": "gen9championsbssregma",
  "rating": 1313,
  "private": 0,
  "password": null
}