{
  "id": "gen9championsbssregma-2588876755",
  "format": "[Gen 9 Champions] BSS Reg M-A",
  "players": [
    "2026412myyzzz",
    "atl31"
  ],
  "log": "|j|\u26062026412myyzzz\n|j|\u2606atl31\n|t:|1776681423\n|gametype|singles\n|player|p1|2026412myyzzz|102|1404\n|player|p2|atl31|dawn|1378\n|gen|9\n|tier|[Gen 9 Champions] BSS Reg M-A\n|rated|\n|rule|Species Clause: Limit one of each Pok\u00e9mon\n|rule|Item Clause: Limit 1 of each item\n|clearpoke\n|poke|p1|Kangaskhan, L50, F|\n|poke|p1|Basculegion, L50, M|\n|poke|p1|Primarina, L50, F|\n|poke|p1|Garchomp, L50, F|\n|poke|p1|Aegislash, L50, F|\n|poke|p1|Dragonite, L50, M|\n|poke|p2|Gengar, L50, M|\n|poke|p2|Garchomp, L50, M|\n|poke|p2|Primarina, L50, M|\n|poke|p2|Corviknight, L50, F|\n|poke|p2|Tyranitar, L50, F|\n|poke|p2|Mimikyu, L50, M|\n|teampreview|3\n|inactive|Battle timer is ON: inactive players will automatically lose when time's up. (requested by atl31)\n|inactive|atl31 has 60 seconds left.\n|inactive|atl31 has 30 seconds left.\n|inactive|atl31 has 20 seconds left.\n|inactive|atl31 has 15 seconds left.\n|inactive|atl31 has 10 seconds left.\n|\n|t:|1776681504\n|teamsize|p1|3\n|teamsize|p2|3\n|start\n|switch|p1a: Kangaskhan|Kangaskhan, L50, F|100/100\n|switch|p2a: Primarina|Primarina, L50, M|100/100\n|turn|1\n|\n|t:|1776681520\n|switch|p2a: Mimikyu|Mimikyu, L50, M|100/100\n|detailschange|p1a: Kangaskhan|Kangaskhan-Mega, L50, F\n|-mega|p1a: Kangaskhan|Kangaskhan|Kangaskhanite\n|move|p1a: Kangaskhan|Double-Edge|p2a: Mimikyu\n|-immune|p2a: Mimikyu\n|\n|upkeep\n|turn|2\n|\n|t:|1776681526\n|move|p1a: Kangaskhan|Earthquake|p2a: Mimikyu\n|-activate|p2a: Mimikyu|ability: Disguise\n|-damage|p2a: Mimikyu|100/100\n|detailschange|p2a: Mimikyu|Mimikyu-Busted, L50, M\n|-damage|p2a: Mimikyu|89/100|[from] pokemon: Mimikyu-Busted\n|-damage|p2a: Mimikyu|77/100\n|-hitcount|p2a: Mimikyu|2\n|move|p2a: Mimikyu|Swords Dance|p2a: Mimikyu\n|-boost|p2a: Mimikyu|atk|2\n|\n|upkeep\n|turn|3\n|\n|t:|1776681533\n|move|p1a: Kangaskhan|Earthquake|p2a: Mimikyu\n|-damage|p2a: Mimikyu|32/100\n|-damage|p2a: Mimikyu|21/100\n|-hitcount|p2a: Mimikyu|2\n|move|p2a: Mimikyu|Drain Punch|p1a: Kangaskhan\n|-supereffective|p1a: Kangaskhan|1\n|-damage|p1a: Kangaskhan|17/100\n|-heal|p2a: Mimikyu|73/100|[from] drain|[of] p1a: Kangaskhan\n|\n|upkeep\n|turn|4\n|\n|t:|1776681544\n|move|p1a: Kangaskhan|Earthquake|p2a: Mimikyu\n|-damage|p2a: Mimikyu|26/100\n|-damage|p2a: Mimikyu|14/100\n|-hitcount|p2a: Mimikyu|2\n|move|p2a: Mimikyu|Drain Punch|p1a: Kangaskhan\n|-supereffective|p1a: Kangaskhan|1\n|-damage|p1a: Kangaskhan|0 fnt\n|-heal|p2a: Mimikyu|25/100|[from] drain|[of] p1a: Kangaskhan\n|faint|p1a: Kangaskhan\n|\n|upkeep\n|\n|t:|1776681549\n|switch|p1a: Basculegion|Basculegion, L50, M|100/100\n|turn|5\n|\n|t:|1776681551\n|move|p1a: Basculegion|Aqua Jet|p2a: Mimikyu\n|-damage|p2a: Mimikyu|0 fnt\n|faint|p2a: Mimikyu\n|\n|upkeep\n|\n|t:|1776681555\n|switch|p2a: Primarina|Primarina, L50, M|100/100\n|turn|6\n|\n|t:|1776681557\n|move|p1a: Basculegion|Last Respects|p2a: Primarina\n|-damage|p2a: Primarina|21/100\n|-enditem|p2a: Primarina|Sitrus Berry|[eat]\n|-heal|p2a: Primarina|46/100|[from] item: Sitrus Berry\n|move|p2a: Primarina|Energy Ball|p1a: Basculegion\n|-supereffective|p1a: Basculegion|1\n|-damage|p1a: Basculegion|23/100\n|\n|upkeep\n|turn|7\n|\n|t:|1776681568\n|move|p2a: Primarina|Aqua Jet|p1a: Basculegion\n|-resisted|p1a: Basculegion|1\n|-damage|p1a: Basculegion|16/100\n|move|p1a: Basculegion|Last Respects|p2a: Primarina\n|-damage|p2a: Primarina|0 fnt\n|faint|p2a: Primarina\n|\n|upkeep\n|\n|t:|1776681573\n|switch|p2a: Gengar|Gengar, L50, M|100/100\n|turn|8\n|\n|t:|1776681576\n|detailschange|p2a: Gengar|Gengar-Mega, L50, M\n|-mega|p2a: Gengar|Gengar|Gengarite\n|move|p1a: Basculegion|Aqua Jet|p2a: Gengar\n|-damage|p2a: Gengar|54/100\n|move|p2a: Gengar|Shadow Ball|p1a: Basculegion\n|-supereffective|p1a: Basculegion|1\n|-damage|p1a: Basculegion|0 fnt\n|faint|p1a: Basculegion\n|\n|upkeep\n|\n|t:|1776681579\n|switch|p1a: Primarina|Primarina, L50, F|100/100\n|turn|9\n|\n|t:|1776681587\n|move|p2a: Gengar|Sludge Bomb|p1a: Primarina\n|-supereffective|p1a: Primarina|1\n|-damage|p1a: Primarina|10/100\n|move|p1a: Primarina|Sparkling Aria|p2a: Gengar\n|-damage|p2a: Gengar|0 fnt\n|faint|p2a: Gengar\n|\n|win|2026412myyzzz\n|raw|2026412myyzzz's rating: 1404 &rarr; <strong>1423</strong><br />(+19 for winning)\n|raw|atl31's rating: 1378 &rarr; <strong>1359</strong><br />(-19 for losing)\n|l|\u2606atl31\n|player|p2|\n|l|\u26062026412myyzzz\n|player|p1|\n",
  "uploadtime": 1776681602,
  "views": 0,
  "formatid": "gen9championsbssregma",
  "rating": 1359,
  "private": 0,
  "password": null
}