{
  "id": "gen9championsbssregma-2583485691",
  "format": "[Gen 9 Champions] BSS Reg M-A",
  "players": [
    "1916 ca",
    "hoshigumo1101"
  ],
  "log": "|j|\u26061916 ca\n|j|\u2606hoshigumo1101\n|t:|1776178673\n|gametype|singles\n|player|p1|1916 ca|266|1130\n|player|p2|hoshigumo1101|acetrainerf|1296\n|gen|9\n|tier|[Gen 9 Champions] BSS Reg M-A\n|rated|\n|rule|Species Clause: Limit one of each Pok\u00e9mon\n|rule|Item Clause: Limit 1 of each item\n|clearpoke\n|poke|p1|Gengar, L50, F|\n|poke|p1|Garchomp, L50, M|\n|poke|p1|Kangaskhan, L50, F|\n|poke|p1|Klefki, L50, M|\n|poke|p1|Hippowdon, L50, M|\n|poke|p1|Tyranitar, L50, M|\n|poke|p2|Aegislash, L50, M|\n|poke|p2|Kingambit, L50, F|\n|poke|p2|Greninja-*, L50, M|\n|poke|p2|Dragonite, L50, F|\n|poke|p2|Hatterene, L50, F|\n|poke|p2|Garchomp, L50, M|\n|teampreview|3\n|inactive|Battle timer is ON: inactive players will automatically lose when time's up. (requested by 1916 ca)\n|\n|t:|1776178696\n|teamsize|p1|3\n|teamsize|p2|3\n|start\n|switch|p1a: Gengar|Gengar, L50, F|100/100\n|switch|p2a: Greninja|Greninja, L50, M|100/100\n|turn|1\n|\n|t:|1776178711\n|switch|p1a: Tyranitar|Tyranitar, L50, M|100/100\n|-weather|Sandstorm|[from] ability: Sand Stream|[of] p1a: Tyranitar\n|move|p2a: Greninja|Extrasensory|p1a: Tyranitar\n|-start|p2a: Greninja|typechange|Psychic|[from] ability: Protean\n|-immune|p1a: Tyranitar\n|\n|-weather|Sandstorm|[upkeep]\n|-damage|p2a: Greninja|94/100|[from] Sandstorm\n|upkeep\n|turn|2\n|\n|t:|1776178725\n|detailschange|p2a: Greninja|Greninja-Mega, L50, M\n|-mega|p2a: Greninja|Greninja|Greninjite\n|move|p2a: Greninja|Surf|p1a: Tyranitar\n|-start|p2a: Greninja|typechange|Water|[from] ability: Protean\n|-supereffective|p1a: Tyranitar|1\n|-damage|p1a: Tyranitar|43/100\n|move|p1a: Tyranitar|Dragon Dance|p1a: Tyranitar\n|-boost|p1a: Tyranitar|atk|1\n|-boost|p1a: Tyranitar|spe|1\n|\n|-weather|Sandstorm|[upkeep]\n|-damage|p2a: Greninja|88/100|[from] Sandstorm\n|upkeep\n|turn|3\n|\n|t:|1776178735\n|move|p2a: Greninja|Surf|p1a: Tyranitar\n|-supereffective|p1a: Tyranitar|1\n|-damage|p1a: Tyranitar|0 fnt\n|faint|p1a: Tyranitar\n|\n|-weather|Sandstorm|[upkeep]\n|-damage|p2a: Greninja|82/100|[from] Sandstorm\n|upkeep\n|\n|t:|1776178739\n|switch|p1a: Garchomp|Garchomp, L50, M|100/100\n|turn|4\n|\n|t:|1776178743\n|move|p1a: Garchomp|Outrage|p2a: Greninja\n|-damage|p2a: Greninja|2/100\n|move|p2a: Greninja|Ice Beam|p1a: Garchomp\n|-supereffective|p1a: Garchomp|2\n|-damage|p1a: Garchomp|0 fnt\n|faint|p1a: Garchomp\n|\n|-weather|Sandstorm|[upkeep]\n|-damage|p2a: Greninja|0 fnt|[from] Sandstorm\n|faint|p2a: Greninja\n|upkeep\n|\n|t:|1776178747\n|switch|p2a: Aegislash|Aegislash, L50, M|100/100\n|switch|p1a: Gengar|Gengar, L50, F|100/100\n|turn|5\n|\n|t:|1776178753\n|detailschange|p1a: Gengar|Gengar-Mega, L50, F\n|-mega|p1a: Gengar|Gengar|Gengarite\n|-formechange|p2a: Aegislash|Aegislash-Blade|\n|move|p2a: Aegislash|Shadow Sneak|p1a: Gengar\n|-supereffective|p1a: Gengar|1\n|-damage|p1a: Gengar|17/100\n|move|p1a: Gengar|Shadow Ball|p2a: Aegislash\n|-supereffective|p2a: Aegislash|1\n|-enditem|p2a: Aegislash|Focus Sash\n|-damage|p2a: Aegislash|1/100\n|\n|-weather|none\n|upkeep\n|turn|6\n|\n|t:|1776178762\n|move|p2a: Aegislash|Shadow Sneak|p1a: Gengar\n|-supereffective|p1a: Gengar|1\n|-crit|p1a: Gengar\n|-damage|p1a: Gengar|0 fnt\n|faint|p1a: Gengar\n|\n|win|hoshigumo1101\n|raw|1916 ca's rating: 1130 &rarr; <strong>1116</strong><br />(-14 for losing)\n|raw|hoshigumo1101's rating: 1296 &rarr; <strong>1310</strong><br />(+14 for winning)\n",
  "uploadtime": 1776178763,
  "views": 6,
  "formatid": "gen9championsbssregma",
  "rating": 1116,
  "private": 0,
  "password": null
}