{
  "id": "gen9championsbssregma-2583102144",
  "format": "[Gen 9 Champions] BSS Reg M-A",
  "players": [
    "Pomme de mer",
    "MiraidonGaming"
  ],
  "log": "|j|\u2606Pomme de mer\n|j|\u2606MiraidonGaming\n|t:|1776142215\n|gametype|singles\n|player|p1|Pomme de mer|n|1311\n|player|p2|MiraidonGaming|lucas|1303\n|gen|9\n|tier|[Gen 9 Champions] BSS Reg M-A\n|rated|\n|rule|Species Clause: Limit one of each Pok\u00e9mon\n|rule|Item Clause: Limit 1 of each item\n|clearpoke\n|poke|p1|Meganium, L50, M|\n|poke|p1|Scizor, L50, F|\n|poke|p1|Basculegion, L50, M|\n|poke|p1|Tyranitar, L50, M|\n|poke|p1|Volcarona, L50, F|\n|poke|p1|Charizard, L50, F|\n|poke|p2|Ninetales-Alola, L50, F|\n|poke|p2|Charizard, L50, M|\n|poke|p2|Scizor, L50, M|\n|poke|p2|Sinistcha, L50|\n|poke|p2|Rotom-Wash, L50|\n|poke|p2|Salazzle, L50, F|\n|teampreview|3\n|inactive|Battle timer is ON: inactive players will automatically lose when time's up. (requested by Pomme de mer)\n|j| p74\n|\n|t:|1776142240\n|teamsize|p1|3\n|teamsize|p2|3\n|start\n|switch|p1a: Charizard|Charizard, L50, F|100/100\n|switch|p2a: Put a brick in|Rotom-Wash, L50|100/100\n|turn|1\n|\n|t:|1776142244\n|detailschange|p1a: Charizard|Charizard-Mega-Y, L50, F\n|-mega|p1a: Charizard|Charizard|Charizardite Y\n|-weather|SunnyDay|[from] ability: Drought|[of] p1a: Charizard\n|move|p2a: Put a brick in|Discharge|p1a: Charizard\n|-supereffective|p1a: Charizard|1\n|-damage|p1a: Charizard|23/100\n|move|p1a: Charizard|Solar Beam||[still]\n|-prepare|p1a: Charizard|Solar Beam\n|-anim|p1a: Charizard|Solar Beam|p2a: Put a brick in\n|-supereffective|p2a: Put a brick in|1\n|-damage|p2a: Put a brick in|0 fnt\n|faint|p2a: Put a brick in\n|\n|-weather|SunnyDay|[upkeep]\n|upkeep\n|\n|t:|1776142252\n|switch|p2a: Bruce|Charizard, L50, M|100/100\n|turn|2\n|\n|t:|1776142261\n|detailschange|p2a: Bruce|Charizard-Mega-X, L50, M\n|-mega|p2a: Bruce|Charizard|Charizardite X\n|move|p1a: Charizard|Air Slash|p2a: Bruce\n|-damage|p2a: Bruce|59/100\n|cant|p2a: Bruce|flinch\n|\n|-weather|SunnyDay|[upkeep]\n|upkeep\n|turn|3\n|\n|t:|1776142266\n|move|p1a: Charizard|Air Slash|p2a: Bruce\n|-damage|p2a: Bruce|16/100\n|move|p2a: Bruce|Dragon Dance|p2a: Bruce\n|-boost|p2a: Bruce|atk|1\n|-boost|p2a: Bruce|spe|1\n|\n|-weather|SunnyDay|[upkeep]\n|upkeep\n|turn|4\n|\n|t:|1776142278\n|switch|p1a: Tyranitar|Tyranitar, L50, M|100/100\n|-weather|Sandstorm|[from] ability: Sand Stream|[of] p1a: Tyranitar\n|move|p2a: Bruce|Roost|p2a: Bruce\n|-heal|p2a: Bruce|66/100\n|-singleturn|p2a: Bruce|move: Roost\n|\n|-weather|Sandstorm|[upkeep]\n|-damage|p2a: Bruce|60/100|[from] Sandstorm\n|upkeep\n|turn|5\n|\n|t:|1776142284\n|move|p2a: Bruce|Breaking Swipe|p1a: Tyranitar\n|-damage|p1a: Tyranitar|57/100\n|-unboost|p1a: Tyranitar|atk|1\n|move|p1a: Tyranitar|Stone Edge|p2a: Bruce\n|-supereffective|p2a: Bruce|1\n|-damage|p2a: Bruce|0 fnt\n|faint|p2a: Bruce\n|\n|-weather|Sandstorm|[upkeep]\n|-heal|p1a: Tyranitar|62/100|[from] item: Leftovers\n|upkeep\n|\n|t:|1776142290\n|switch|p2a: Vanity?|Ninetales-Alola, L50, F|100/100\n|-weather|Snowscape|[from] ability: Snow Warning|[of] p2a: Vanity?\n|turn|6\n|\n|t:|1776142298\n|move|p2a: Vanity?|Freeze-Dry|p1a: Tyranitar\n|-damage|p1a: Tyranitar|40/100\n|move|p1a: Tyranitar|Stone Edge|p2a: Vanity?\n|-supereffective|p2a: Vanity?|1\n|-damage|p2a: Vanity?|24/100\n|\n|-weather|Snowscape|[upkeep]\n|-heal|p1a: Tyranitar|46/100|[from] item: Leftovers\n|upkeep\n|turn|7\n|\n|t:|1776142304\n|move|p2a: Vanity?|Moonblast|p1a: Tyranitar\n|-supereffective|p1a: Tyranitar|1\n|-damage|p1a: Tyranitar|0 fnt\n|faint|p1a: Tyranitar\n|\n|-weather|Snowscape|[upkeep]\n|upkeep\n|\n|t:|1776142307\n|switch|p1a: Basculegion|Basculegion, L50, M|100/100\n|turn|8\n|\n|t:|1776142313\n|move|p1a: Basculegion|Last Respects|p2a: Vanity?\n|-damage|p2a: Vanity?|0 fnt\n|faint|p2a: Vanity?\n|\n|win|Pomme de mer\n|raw|Pomme de mer's rating: 1311 &rarr; <strong>1331</strong><br />(+20 for winning)\n|raw|MiraidonGaming's rating: 1303 &rarr; <strong>1283</strong><br />(-20 for losing)\n|l|\u2606MiraidonGaming\n|player|p2|\n|l|\u2606Pomme de mer\n|player|p1|\n",
  "uploadtime": 1776142329,
  "views": 5,
  "formatid": "gen9championsbssregma",
  "rating": 1283,
  "private": 0,
  "password": null
}