{
  "id": "gen9championsbssregma-2584980084",
  "format": "[Gen 9 Champions] BSS Reg M-A",
  "players": [
    "DeaRubbish",
    "deokso king"
  ],
  "log": "|j|\u2606DeaRubbish\n|j|\u2606deokso king\n|t:|1776300209\n|gametype|singles\n|player|p1|DeaRubbish|lass-gen4dp|1302\n|player|p2|deokso king|bellelba|1383\n|gen|9\n|tier|[Gen 9 Champions] BSS Reg M-A\n|rated|\n|rule|Species Clause: Limit one of each Pok\u00e9mon\n|rule|Item Clause: Limit 1 of each item\n|clearpoke\n|poke|p1|Garchomp, L50, F|\n|poke|p1|Lucario, L50, M|\n|poke|p1|Gengar, L50, M|\n|poke|p1|Primarina, L50, M|\n|poke|p1|Corviknight, L50, F|\n|poke|p1|Umbreon, L50, F|\n|poke|p2|Rotom-Heat, L50|\n|poke|p2|Garchomp, L50, M|\n|poke|p2|Hydreigon, L50, M|\n|poke|p2|Scizor, L50, M|\n|poke|p2|Lopunny, L50, M|\n|poke|p2|Aegislash, L50, F|\n|teampreview|3\n|inactive|Battle timer is ON: inactive players will automatically lose when time's up. (requested by deokso king)\n|\n|t:|1776300230\n|teamsize|p1|3\n|teamsize|p2|3\n|start\n|switch|p1a: Primarina|Primarina, L50, M|100/100\n|switch|p2a: Lopunny|Lopunny, L50, M|100/100\n|turn|1\n|\n|t:|1776300235\n|detailschange|p2a: Lopunny|Lopunny-Mega, L50, M\n|-mega|p2a: Lopunny|Lopunny|Lopunnite\n|move|p2a: Lopunny|Fake Out|p1a: Primarina\n|-damage|p1a: Primarina|74/100\n|cant|p1a: Primarina|flinch\n|\n|upkeep\n|turn|2\n|\n|t:|1776300242\n|move|p2a: Lopunny|U-turn|p1a: Primarina\n|-resisted|p1a: Primarina|1\n|-damage|p1a: Primarina|58/100\n|j| p74\n|\n|t:|1776300245\n|switch|p2a: Rotom|Rotom-Heat, L50|100/100|[from] U-turn\n|move|p1a: Primarina|Flip Turn|p2a: Rotom\n|-supereffective|p2a: Rotom|1\n|-damage|p2a: Rotom|56/100\n|\n|t:|1776300251\n|switch|p1a: Garchomp|Garchomp, L50, F|100/100|[from] Flip Turn\n|\n|upkeep\n|turn|3\n|inactive|deokso king has 30 seconds left.\n|\n|t:|1776300278\n|move|p1a: Garchomp|Stealth Rock|p2a: Rotom\n|-sidestart|p2: deokso king|move: Stealth Rock\n|move|p2a: Rotom|Foul Play|p1a: Garchomp\n|-damage|p1a: Garchomp|72/100\n|-damage|p2a: Rotom|45/100|[from] ability: Rough Skin|[of] p1a: Garchomp\n|\n|upkeep\n|turn|4\n|\n|t:|1776300285\n|move|p1a: Garchomp|Rock Tomb|p2a: Rotom\n|-supereffective|p2a: Rotom|1\n|-damage|p2a: Rotom|0 fnt\n|faint|p2a: Rotom\n|\n|upkeep\n|\n|t:|1776300309\n|switch|p2a: Garchomp|Garchomp, L50, M|100/100\n|-damage|p2a: Garchomp|95/100|[from] Stealth Rock\n|turn|5\n|\n|t:|1776300314\n|move|p1a: Garchomp|Earthquake|p2a: Garchomp\n|-damage|p2a: Garchomp|44/100\n|move|p2a: Garchomp|Outrage|p1a: Garchomp\n|-supereffective|p1a: Garchomp|1\n|-damage|p1a: Garchomp|0 fnt\n|-damage|p2a: Garchomp|31/100|[from] ability: Rough Skin|[of] p1a: Garchomp\n|faint|p1a: Garchomp\n|\n|upkeep\n|\n|t:|1776300322\n|switch|p1a: Primarina|Primarina, L50, M|58/100\n|turn|6\n|\n|t:|1776300325\n|move|p2a: Garchomp|Outrage|p1a: Primarina|[from] lockedmove\n|-immune|p1a: Primarina\n|-start|p2a: Garchomp|confusion|[fatigue]\n|move|p1a: Primarina|Moonblast|p2a: Garchomp\n|-supereffective|p2a: Garchomp|1\n|-damage|p2a: Garchomp|0 fnt\n|faint|p2a: Garchomp\n|\n|upkeep\n|\n|t:|1776300331\n|switch|p2a: Lopunny|Lopunny-Mega, L50, M|100/100\n|-damage|p2a: Lopunny|95/100|[from] Stealth Rock\n|turn|7\n|\n|t:|1776300336\n|switch|p1a: Umbreon|Umbreon, L50, F|100/100\n|move|p2a: Lopunny|Fake Out|p1a: Umbreon\n|-damage|p1a: Umbreon|88/100\n|\n|-heal|p1a: Umbreon|94/100|[from] item: Leftovers\n|upkeep\n|turn|8\n|\n|t:|1776300343\n|move|p2a: Lopunny|Close Combat|p1a: Umbreon\n|-supereffective|p1a: Umbreon|1\n|-damage|p1a: Umbreon|19/100\n|-unboost|p2a: Lopunny|def|1\n|-unboost|p2a: Lopunny|spd|1\n|move|p1a: Umbreon|Yawn|p2a: Lopunny\n|-start|p2a: Lopunny|move: Yawn|[of] p1a: Umbreon\n|\n|-heal|p1a: Umbreon|25/100|[from] item: Leftovers\n|upkeep\n|turn|9\n|-message|deokso king forfeited.\n|\n|win|DeaRubbish\n|raw|DeaRubbish's rating: 1302 &rarr; <strong>1327</strong><br />(+25 for winning)\n|raw|deokso king's rating: 1383 &rarr; <strong>1358</strong><br />(-25 for losing)\n|l|\u2606deokso king\n|player|p2|\n|l|\u2606DeaRubbish\n|player|p1|\n",
  "uploadtime": 1776300912,
  "views": 4,
  "formatid": "gen9championsbssregma",
  "rating": 1327,
  "private": 0,
  "password": null
}