{
  "id": "gen9championsbssregma-2587199912",
  "format": "[Gen 9 Champions] BSS Reg M-A",
  "players": [
    "joguri",
    "deokso king"
  ],
  "log": "|j|\u2606joguri\n|j|\u2606deokso king\n|t:|1776507945\n|gametype|singles\n|player|p1|joguri|dawn|1193\n|player|p2|deokso king|bellelba|1185\n|gen|9\n|tier|[Gen 9 Champions] BSS Reg M-A\n|rated|\n|rule|Species Clause: Limit one of each Pok\u00e9mon\n|rule|Item Clause: Limit 1 of each item\n|clearpoke\n|poke|p1|Clefable, L50, M|\n|poke|p1|Espathra, L50, F|\n|poke|p1|Charizard, L50, F|\n|poke|p1|Hippowdon, L50, M|\n|poke|p1|Rotom-Wash, L50, shiny|\n|poke|p1|Garchomp, L50, M|\n|poke|p2|Mimikyu, L50, M|\n|poke|p2|Sylveon, L50, F|\n|poke|p2|Garchomp, L50, F|\n|poke|p2|Sneasler, L50, F|\n|poke|p2|Kangaskhan, L50, F|\n|poke|p2|Hydreigon, L50, M|\n|teampreview|3\n|l|\u2606deokso king\n|player|p2|\n|inactive|Battle timer is ON: inactive players will automatically lose when time's up. (requested by joguri)\n|j|\u2606deokso king\n|inactive|deokso king reconnected and has 75 seconds left.\n|player|p2|deokso king|bellelba|\n|inactive|deokso king has 60 seconds left.\n|\n|t:|1776508000\n|teamsize|p1|3\n|teamsize|p2|3\n|start\n|switch|p1a: Hippowdon|Hippowdon, L50, M|100/100\n|switch|p2a: Kangaskhan|Kangaskhan, L50, F|100/100\n|-weather|Sandstorm|[from] ability: Sand Stream|[of] p1a: Hippowdon\n|turn|1\n|\n|t:|1776508007\n|detailschange|p2a: Kangaskhan|Kangaskhan-Mega, L50, F\n|-mega|p2a: Kangaskhan|Kangaskhan|Kangaskhanite\n|move|p2a: Kangaskhan|Ice Punch|p1a: Hippowdon\n|-supereffective|p1a: Hippowdon|1\n|-damage|p1a: Hippowdon|66/100\n|-status|p1a: Hippowdon|frz\n|-supereffective|p1a: Hippowdon|1\n|-damage|p1a: Hippowdon|58/100 frz\n|-hitcount|p1a: Hippowdon|2\n|cant|p1a: Hippowdon|frz\n|\n|-weather|Sandstorm|[upkeep]\n|-damage|p2a: Kangaskhan|94/100|[from] Sandstorm\n|upkeep\n|turn|2\n|\n|t:|1776508019\n|switch|p2a: Hydreigon|Hydreigon, L50, M|100/100\n|cant|p1a: Hippowdon|frz\n|\n|-weather|Sandstorm|[upkeep]\n|-damage|p2a: Hydreigon|95/100|[from] Sandstorm\n|upkeep\n|turn|3\n|\n|t:|1776508025\n|move|p2a: Hydreigon|Draco Meteor|p1a: Hippowdon\n|-damage|p1a: Hippowdon|0 fnt\n|-unboost|p2a: Hydreigon|spa|2\n|faint|p1a: Hippowdon\n|\n|-weather|Sandstorm|[upkeep]\n|-damage|p2a: Hydreigon|89/100|[from] Sandstorm\n|upkeep\n|\n|t:|1776508033\n|switch|p1a: Clefable|Clefable, L50, M|100/100\n|turn|4\n|\n|t:|1776508036\n|switch|p2a: Sneasler|Sneasler, L50, F|100/100\n|move|p1a: Clefable|Cosmic Power|p1a: Clefable\n|-boost|p1a: Clefable|def|1\n|-boost|p1a: Clefable|spd|1\n|\n|-weather|Sandstorm|[upkeep]\n|-damage|p2a: Sneasler|95/100|[from] Sandstorm\n|-damage|p1a: Clefable|95/100|[from] Sandstorm\n|upkeep\n|turn|5\n|\n|t:|1776508047\n|switch|p1a: Espathra|Espathra, L50, F|100/100\n|move|p2a: Sneasler|Dire Claw|p1a: Espathra\n|-damage|p1a: Espathra|59/100\n|\n|-weather|none\n|-heal|p1a: Espathra|65/100|[from] item: Leftovers\n|upkeep\n|turn|6\n|\n|t:|1776508057\n|switch|p2a: Hydreigon|Hydreigon, L50, M|89/100\n|move|p1a: Espathra|Calm Mind|p1a: Espathra\n|-boost|p1a: Espathra|spa|1\n|-boost|p1a: Espathra|spd|1\n|\n|-heal|p1a: Espathra|71/100|[from] item: Leftovers\n|-ability|p1a: Espathra|Speed Boost|boost\n|-boost|p1a: Espathra|spe|1\n|upkeep\n|turn|7\n|\n|t:|1776508069\n|move|p1a: Espathra|Protect|p1a: Espathra\n|-singleturn|p1a: Espathra|Protect\n|move|p2a: Hydreigon|Dark Pulse|p1a: Espathra\n|-activate|p1a: Espathra|move: Protect\n|\n|-heal|p1a: Espathra|77/100|[from] item: Leftovers\n|-ability|p1a: Espathra|Speed Boost|boost\n|-boost|p1a: Espathra|spe|1\n|upkeep\n|turn|8\n|\n|t:|1776508082\n|move|p1a: Espathra|Baton Pass|p1a: Espathra\n|\n|t:|1776508084\n|switch|p1a: Clefable|Clefable, L50, M|95/100|[from] Baton Pass\n|move|p2a: Hydreigon|Dark Pulse|p1a: Clefable\n|-resisted|p1a: Clefable|1\n|-damage|p1a: Clefable|83/100\n|\n|upkeep\n|turn|9\n|\n|t:|1776508093\n|switch|p2a: Sneasler|Sneasler, L50, F|95/100\n|move|p1a: Clefable|Cosmic Power|p1a: Clefable\n|-boost|p1a: Clefable|def|1\n|-boost|p1a: Clefable|spd|1\n|\n|upkeep\n|turn|10\n|\n|t:|1776508103\n|detailschange|p1a: Clefable|Clefable-Mega, L50, M\n|-mega|p1a: Clefable|Clefable|Clefablite\n|move|p1a: Clefable|Stored Power|p2a: Sneasler\n|-supereffective|p2a: Sneasler|2\n|-damage|p2a: Sneasler|0 fnt\n|faint|p2a: Sneasler\n|\n|upkeep\n|-message|deokso king forfeited.\n|\n|win|joguri\n|raw|joguri's rating: 1193 &rarr; <strong>1217</strong><br />(+24 for winning)\n|raw|deokso king's rating: 1185 &rarr; <strong>1161</strong><br />(-24 for losing)\n|l|\u2606deokso king\n|player|p2|\n",
  "uploadtime": 1776508112,
  "views": 3,
  "formatid": "gen9championsbssregma",
  "rating": 1161,
  "private": 0,
  "password": null
}