{
  "id": "gen9championsbssregma-2583095941",
  "format": "[Gen 9 Champions] BSS Reg M-A",
  "players": [
    "venexter",
    "kyotoyoko"
  ],
  "log": "|j|\u203dvenexter\n|j|\u2606kyotoyoko\n|t:|1776141497\n|gametype|singles\n|player|p1|venexter|scientist-gen4dp|1225\n|player|p2|kyotoyoko|caitlin|1185\n|gen|9\n|tier|[Gen 9 Champions] BSS Reg M-A\n|rated|\n|rule|Species Clause: Limit one of each Pok\u00e9mon\n|rule|Item Clause: Limit 1 of each item\n|clearpoke\n|poke|p1|Froslass, L50, F|\n|poke|p1|Kleavor, L50, F|\n|poke|p1|Basculegion, L50, M|\n|poke|p1|Weavile, L50, F|\n|poke|p1|Meganium, L50, F|\n|poke|p1|Kommo-o, L50, F|\n|poke|p2|Espathra, L50, F|\n|poke|p2|Clefable, L50, F|\n|poke|p2|Glimmora, L50, F|\n|poke|p2|Gyarados, L50, F|\n|poke|p2|Kingambit, L50, F|\n|poke|p2|Mimikyu, L50, F|\n|teampreview|3\n|inactive|Battle timer is ON: inactive players will automatically lose when time's up. (requested by venexter)\n|inactive|venexter has 60 seconds left.\n|\n|t:|1776141550\n|teamsize|p1|3\n|teamsize|p2|3\n|start\n|switch|p1a: Weavile|Weavile, L50, F|100/100\n|switch|p2a: Glimmora|Glimmora, L50, F|100/100\n|-ability|p1a: Weavile|Pressure\n|turn|1\n|\n|t:|1776141562\n|move|p1a: Weavile|Fake Out|p2a: Glimmora\n|-resisted|p2a: Glimmora|1\n|-damage|p2a: Glimmora|93/100\n|-activate|p2a: Glimmora|ability: Toxic Debris\n|-sidestart|p1: venexter|move: Toxic Spikes\n|cant|p2a: Glimmora|flinch\n|\n|upkeep\n|turn|2\n|\n|t:|1776141570\n|move|p1a: Weavile|Triple Axel|p2a: Glimmora\n|-damage|p2a: Glimmora|77/100\n|-activate|p2a: Glimmora|ability: Toxic Debris\n|-sidestart|p1: venexter|move: Toxic Spikes\n|-damage|p2a: Glimmora|50/100\n|-damage|p2a: Glimmora|5/100\n|-hitcount|p2a: Glimmora|3\n|move|p2a: Glimmora|Power Gem|p1a: Weavile\n|-supereffective|p1a: Weavile|1\n|-damage|p1a: Weavile|0 fnt\n|faint|p1a: Weavile\n|\n|upkeep\n|\n|t:|1776141585\n|switch|p1a: Basculegion|Basculegion, L50, M|100/100\n|-status|p1a: Basculegion|tox\n|turn|3\n|\n|t:|1776141593\n|move|p1a: Basculegion|Flip Turn|p2a: Glimmora\n|-supereffective|p2a: Glimmora|1\n|-crit|p2a: Glimmora\n|-damage|p2a: Glimmora|0 fnt\n|faint|p2a: Glimmora\n|\n|t:|1776141595\n|switch|p1a: Froslass|Froslass, L50, F|100/100|[from] Flip Turn\n|-status|p1a: Froslass|tox\n|\n|-damage|p1a: Froslass|94/100 tox|[from] psn\n|upkeep\n|j| p74\n|\n|t:|1776141605\n|switch|p2a: Espathra|Espathra, L50, F|100/100\n|turn|4\n|\n|t:|1776141610\n|detailschange|p1a: Froslass|Froslass-Mega, L50, F\n|-mega|p1a: Froslass|Froslass|Froslassite\n|-weather|Snowscape|[from] ability: Snow Warning|[of] p1a: Froslass\n|move|p2a: Espathra|Protect|p2a: Espathra\n|-singleturn|p2a: Espathra|Protect\n|move|p1a: Froslass|Aurora Veil|p1a: Froslass\n|-sidestart|p1: venexter|move: Aurora Veil\n|\n|-weather|Snowscape|[upkeep]\n|-damage|p1a: Froslass|82/100 tox|[from] psn\n|-ability|p2a: Espathra|Speed Boost|boost\n|-boost|p2a: Espathra|spe|1\n|upkeep\n|turn|5\n|\n|t:|1776141618\n|move|p2a: Espathra|Calm Mind|p2a: Espathra\n|-boost|p2a: Espathra|spa|1\n|-boost|p2a: Espathra|spd|1\n|move|p1a: Froslass|Shadow Ball|p2a: Espathra\n|-supereffective|p2a: Espathra|1\n|-damage|p2a: Espathra|25/100\n|-enditem|p2a: Espathra|Sitrus Berry|[eat]\n|-heal|p2a: Espathra|50/100|[from] item: Sitrus Berry\n|\n|-weather|Snowscape|[upkeep]\n|-damage|p1a: Froslass|64/100 tox|[from] psn\n|-ability|p2a: Espathra|Speed Boost|boost\n|-boost|p2a: Espathra|spe|1\n|upkeep\n|turn|6\n|\n|t:|1776141630\n|move|p2a: Espathra|Protect|p2a: Espathra\n|-singleturn|p2a: Espathra|Protect\n|move|p1a: Froslass|Shadow Ball|p2a: Espathra\n|-activate|p2a: Espathra|move: Protect\n|\n|-weather|Snowscape|[upkeep]\n|-damage|p1a: Froslass|39/100 tox|[from] psn\n|-ability|p2a: Espathra|Speed Boost|boost\n|-boost|p2a: Espathra|spe|1\n|upkeep\n|turn|7\n|\n|t:|1776141640\n|move|p2a: Espathra|Baton Pass|p2a: Espathra\n|\n|t:|1776141641\n|switch|p2a: Clefable|Clefable, L50, F|100/100|[from] Baton Pass\n|move|p1a: Froslass|Shadow Ball|p2a: Clefable\n|-damage|p2a: Clefable|72/100\n|\n|-weather|Snowscape|[upkeep]\n|-damage|p1a: Froslass|9/100 tox|[from] psn\n|upkeep\n|turn|8\n|\n|t:|1776141649\n|move|p2a: Clefable|Cosmic Power|p2a: Clefable\n|-boost|p2a: Clefable|def|1\n|-boost|p2a: Clefable|spd|1\n|move|p1a: Froslass|Destiny Bond|p1a: Froslass\n|-singlemove|p1a: Froslass|Destiny Bond\n|\n|-weather|none\n|-damage|p1a: Froslass|0 fnt|[from] psn\n|faint|p1a: Froslass\n|-sideend|p1: venexter|move: Aurora Veil\n|upkeep\n|\n|t:|1776141654\n|switch|p1a: Basculegion|Basculegion, L50, M|100/100 tox\n|turn|9\n|\n|t:|1776141665\n|detailschange|p2a: Clefable|Clefable-Mega, L50, F\n|-mega|p2a: Clefable|Clefable|Clefablite\n|move|p2a: Clefable|Stored Power|p1a: Basculegion\n|-damage|p1a: Basculegion|23/100 tox\n|move|p1a: Basculegion|Last Respects|p2a: Clefable\n|-damage|p2a: Clefable|27/100\n|\n|-damage|p1a: Basculegion|17/100 tox|[from] psn\n|upkeep\n|turn|10\n|-message|venexter forfeited.\n|\n|win|kyotoyoko\n|raw|venexter's rating: 1225 &rarr; <strong>1197</strong><br />(-28 for losing)\n|raw|kyotoyoko's rating: 1185 &rarr; <strong>1213</strong><br />(+28 for winning)\n|l|\u203dvenexter\n|player|p1|\n|l|\u2606kyotoyoko\n|player|p2|\n",
  "uploadtime": 1776141677,
  "views": 2,
  "formatid": "gen9championsbssregma",
  "rating": 1197,
  "private": 0,
  "password": null
}