{
  "id": "gen9championsbssregma-2585311346",
  "format": "[Gen 9 Champions] BSS Reg M-A",
  "players": [
    "fletchyfletchy",
    "nidarex21"
  ],
  "log": "|j|\u2606fletchyfletchy\n|j|\u2606nidarex21\n|t:|1776336541\n|gametype|singles\n|player|p1|fletchyfletchy|liko|1088\n|player|p2|nidarex21|170|1130\n|gen|9\n|tier|[Gen 9 Champions] BSS Reg M-A\n|rated|\n|rule|Species Clause: Limit one of each Pok\u00e9mon\n|rule|Item Clause: Limit 1 of each item\n|clearpoke\n|poke|p1|Ninetales-Alola, L50, F|\n|poke|p1|Froslass, L50, F|\n|poke|p1|Aerodactyl, L50, F|\n|poke|p1|Goodra-Hisui, L50, F|\n|poke|p1|Palafin, L50, M|\n|poke|p1|Garchomp, L50, F|\n|poke|p2|Charizard, L50, F|\n|poke|p2|Ditto, L50|\n|poke|p2|Dragonite, L50, M|\n|poke|p2|Slowking-Galar, L50, M|\n|poke|p2|Lopunny, L50, M|\n|poke|p2|Mamoswine, L50, F|\n|teampreview|3\n|\n|t:|1776336616\n|teamsize|p1|3\n|teamsize|p2|3\n|start\n|switch|p1a: Garchomp|Garchomp, L50, F|100/100\n|switch|p2a: Charizard|Charizard, L50, F|100/100\n|turn|1\n|\n|t:|1776336627\n|switch|p2a: Mamoswine|Mamoswine, L50, F|100/100\n|move|p1a: Garchomp|Stealth Rock|p2a: Mamoswine\n|-sidestart|p2: nidarex21|move: Stealth Rock\n|\n|upkeep\n|turn|2\n|\n|t:|1776336636\n|switch|p1a: Ninetales|Ninetales-Alola, L50, F|100/100\n|-weather|Snowscape|[from] ability: Snow Warning|[of] p1a: Ninetales\n|move|p2a: Mamoswine|Ice Shard|p1a: Ninetales\n|-resisted|p1a: Ninetales|1\n|-damage|p1a: Ninetales|86/100\n|\n|-weather|Snowscape|[upkeep]\n|upkeep\n|turn|3\n|\n|t:|1776336647\n|move|p1a: Ninetales|Aurora Veil|p1a: Ninetales\n|-sidestart|p1: fletchyfletchy|move: Aurora Veil\n|move|p2a: Mamoswine|Rock Blast|p1a: Ninetales\n|-supereffective|p1a: Ninetales|1\n|-damage|p1a: Ninetales|76/100\n|-supereffective|p1a: Ninetales|1\n|-damage|p1a: Ninetales|66/100\n|-supereffective|p1a: Ninetales|1\n|-damage|p1a: Ninetales|56/100\n|-hitcount|p1a: Ninetales|3\n|\n|-weather|Snowscape|[upkeep]\n|upkeep\n|turn|4\n|\n|t:|1776336660\n|move|p1a: Ninetales|Foul Play|p2a: Mamoswine\n|-damage|p2a: Mamoswine|70/100\n|move|p2a: Mamoswine|Rock Blast|p1a: Ninetales\n|-supereffective|p1a: Ninetales|1\n|-damage|p1a: Ninetales|46/100\n|-enditem|p1a: Ninetales|Sitrus Berry|[eat]\n|-heal|p1a: Ninetales|71/100|[from] item: Sitrus Berry\n|-supereffective|p1a: Ninetales|1\n|-crit|p1a: Ninetales\n|-damage|p1a: Ninetales|42/100\n|-supereffective|p1a: Ninetales|1\n|-damage|p1a: Ninetales|32/100\n|-supereffective|p1a: Ninetales|1\n|-damage|p1a: Ninetales|22/100\n|-supereffective|p1a: Ninetales|1\n|-damage|p1a: Ninetales|12/100\n|-hitcount|p1a: Ninetales|5\n|\n|-weather|Snowscape|[upkeep]\n|upkeep\n|turn|5\n|\n|t:|1776336686\n|move|p2a: Mamoswine|Ice Shard|p1a: Ninetales\n|-resisted|p1a: Ninetales|1\n|-damage|p1a: Ninetales|4/100\n|move|p1a: Ninetales|Moonblast|p2a: Mamoswine\n|-damage|p2a: Mamoswine|21/100\n|\n|-weather|Snowscape|[upkeep]\n|upkeep\n|turn|6\n|\n|t:|1776336696\n|move|p2a: Mamoswine|Ice Shard|p1a: Ninetales\n|-resisted|p1a: Ninetales|1\n|-damage|p1a: Ninetales|0 fnt\n|faint|p1a: Ninetales\n|\n|-weather|none\n|upkeep\n|\n|t:|1776336699\n|switch|p1a: Froslass|Froslass, L50, F|100/100\n|turn|7\n|\n|t:|1776336715\n|detailschange|p1a: Froslass|Froslass-Mega, L50, F\n|-mega|p1a: Froslass|Froslass|Froslassite\n|-weather|Snowscape|[from] ability: Snow Warning|[of] p1a: Froslass\n|move|p1a: Froslass|Blizzard|p2a: Mamoswine\n|-damage|p2a: Mamoswine|0 fnt\n|faint|p2a: Mamoswine\n|\n|-weather|Snowscape|[upkeep]\n|-sideend|p1: fletchyfletchy|move: Aurora Veil\n|upkeep\n|\n|t:|1776336724\n|switch|p2a: Charizard|Charizard, L50, F|100/100\n|-damage|p2a: Charizard|51/100|[from] Stealth Rock\n|turn|8\n|\n|t:|1776336733\n|detailschange|p2a: Charizard|Charizard-Mega-Y, L50, F\n|-mega|p2a: Charizard|Charizard|Charizardite Y\n|-weather|SunnyDay|[from] ability: Drought|[of] p2a: Charizard\n|move|p1a: Froslass|Blizzard|p2a: Charizard\n|-damage|p2a: Charizard|0 fnt\n|faint|p2a: Charizard\n|\n|-weather|SunnyDay|[upkeep]\n|upkeep\n|\n|t:|1776336742\n|switch|p2a: Ditto|Ditto, L50|100/100\n|-damage|p2a: Ditto|88/100|[from] Stealth Rock\n|-transform|p2a: Ditto|p1a: Froslass|[from] ability: Imposter\n|-weather|Snowscape|[from] ability: Snow Warning|[of] p2a: Ditto\n|turn|9\n|\n|t:|1776336750\n|move|p2a: Ditto|Blizzard|p1a: Froslass\n|-resisted|p1a: Froslass|1\n|-damage|p1a: Froslass|64/100\n|move|p1a: Froslass|Will-O-Wisp|p2a: Ditto\n|-status|p2a: Ditto|brn\n|\n|-weather|Snowscape|[upkeep]\n|-damage|p2a: Ditto|82/100 brn|[from] brn\n|upkeep\n|turn|10\n|\n|t:|1776336760\n|move|p2a: Ditto|Blizzard|p1a: Froslass\n|-resisted|p1a: Froslass|1\n|-damage|p1a: Froslass|29/100\n|move|p1a: Froslass|Hex|p2a: Ditto\n|-supereffective|p2a: Ditto|1\n|-damage|p2a: Ditto|0 fnt\n|faint|p2a: Ditto\n|\n|win|fletchyfletchy\n|raw|fletchyfletchy's rating: 1088 &rarr; <strong>1118</strong><br />(+30 for winning)\n|raw|nidarex21's rating: 1130 &rarr; <strong>1102</strong><br />(-28 for losing)\n",
  "uploadtime": 1776336761,
  "views": 12,
  "formatid": "gen9championsbssregma",
  "rating": 1102,
  "private": 0,
  "password": null
}