{
  "id": "gen9championsbssregma-2583190800",
  "format": "[Gen 9 Champions] BSS Reg M-A",
  "players": [
    "kerom.pk",
    "karbain"
  ],
  "log": "|j|\u203dkerom.pk\n|j|\u2606karbain\n|t:|1776152913\n|gametype|singles\n|player|p1|kerom.pk|170|1328\n|player|p2|karbain|2|1359\n|gen|9\n|tier|[Gen 9 Champions] BSS Reg M-A\n|rated|\n|rule|Species Clause: Limit one of each Pok\u00e9mon\n|rule|Item Clause: Limit 1 of each item\n|clearpoke\n|poke|p1|Garchomp, L50, M|\n|poke|p1|Gengar, L50, F|\n|poke|p1|Umbreon, L50, M|\n|poke|p1|Clefable, L50, M|\n|poke|p1|Venusaur, L50, M|\n|poke|p1|Tauros-Paldea-Blaze, L50, M|\n|poke|p2|Charizard, L50, M|\n|poke|p2|Greninja-*, L50, M|\n|poke|p2|Mimikyu, L50, F|\n|poke|p2|Gengar, L50, F|\n|poke|p2|Meowscarada, L50, F|\n|poke|p2|Aegislash, L50, F|\n|teampreview|3\n|inactive|Battle timer is ON: inactive players will automatically lose when time's up. (requested by kerom.pk)\n|j| p74\n|j| bridalthunder\n|inactive|karbain has 60 seconds left.\n|\n|t:|1776152966\n|teamsize|p1|3\n|teamsize|p2|3\n|start\n|switch|p1a: Venusaur|Venusaur, L50, M|100/100\n|switch|p2a: Greninja|Greninja, L50, M|100/100\n|turn|1\n|\n|t:|1776152973\n|switch|p2a: Charizard|Charizard, L50, M|100/100\n|detailschange|p1a: Venusaur|Venusaur-Mega, L50, M\n|-mega|p1a: Venusaur|Venusaur|Venusaurite\n|move|p1a: Venusaur|Energy Ball|p2a: Charizard\n|-resisted|p2a: Charizard|2\n|-damage|p2a: Charizard|88/100\n|\n|upkeep\n|turn|2\n|\n|t:|1776152994\n|switch|p1a: Umbreon|Umbreon, L50, M|100/100\n|move|p2a: Charizard|Flame Charge|p1a: Umbreon\n|-damage|p1a: Umbreon|88/100\n|-boost|p2a: Charizard|spe|1\n|\n|-heal|p1a: Umbreon|94/100|[from] item: Leftovers\n|upkeep\n|turn|3\n|\n|t:|1776153004\n|detailschange|p2a: Charizard|Charizard-Mega-X, L50, M\n|-mega|p2a: Charizard|Charizard|Charizardite X\n|move|p2a: Charizard|Flare Blitz|p1a: Umbreon\n|-damage|p1a: Umbreon|40/100\n|-damage|p2a: Charizard|65/100|[from] Recoil\n|move|p1a: Umbreon|Yawn|p2a: Charizard\n|-start|p2a: Charizard|move: Yawn|[of] p1a: Umbreon\n|\n|-heal|p1a: Umbreon|46/100|[from] item: Leftovers\n|upkeep\n|turn|4\n|\n|t:|1776153013\n|switch|p2a: Mimikyu|Mimikyu, L50, F|100/100\n|move|p1a: Umbreon|Wish|p1a: Umbreon\n|\n|-heal|p1a: Umbreon|52/100|[from] item: Leftovers\n|upkeep\n|turn|5\n|\n|t:|1776153019\n|move|p2a: Mimikyu|Swords Dance|p2a: Mimikyu\n|-boost|p2a: Mimikyu|atk|2\n|move|p1a: Umbreon|Foul Play|p2a: Mimikyu\n|-activate|p2a: Mimikyu|ability: Disguise\n|-damage|p2a: Mimikyu|100/100\n|detailschange|p2a: Mimikyu|Mimikyu-Busted, L50, F\n|-damage|p2a: Mimikyu|89/100|[from] pokemon: Mimikyu-Busted\n|\n|-heal|p1a: Umbreon|100/100|[from] move: Wish|[wisher] Umbreon\n|upkeep\n|turn|6\n|\n|t:|1776153039\n|switch|p1a: Venusaur|Venusaur-Mega, L50, M|100/100\n|move|p2a: Mimikyu|Play Rough|p1a: Venusaur\n|-resisted|p1a: Venusaur|1\n|-damage|p1a: Venusaur|71/100\n|\n|upkeep\n|turn|7\n|\n|t:|1776153046\n|move|p2a: Mimikyu|Shadow Claw|p1a: Venusaur\n|-damage|p1a: Venusaur|25/100\n|move|p1a: Venusaur|Sludge Bomb|p2a: Mimikyu\n|-damage|p2a: Mimikyu|44/100\n|\n|upkeep\n|turn|8\n|\n|t:|1776153053\n|move|p2a: Mimikyu|Shadow Claw|p1a: Venusaur\n|-damage|p1a: Venusaur|0 fnt\n|faint|p1a: Venusaur\n|\n|upkeep\n|\n|t:|1776153055\n|switch|p1a: Umbreon|Umbreon, L50, M|100/100\n|turn|9\n|\n|t:|1776153059\n|move|p2a: Mimikyu|Play Rough|p1a: Umbreon\n|-supereffective|p1a: Umbreon|1\n|-damage|p1a: Umbreon|14/100\n|move|p1a: Umbreon|Yawn|p2a: Mimikyu\n|-start|p2a: Mimikyu|move: Yawn|[of] p1a: Umbreon\n|\n|-heal|p1a: Umbreon|20/100|[from] item: Leftovers\n|upkeep\n|turn|10\n|\n|t:|1776153067\n|move|p2a: Mimikyu|Play Rough|p1a: Umbreon\n|-supereffective|p1a: Umbreon|1\n|-damage|p1a: Umbreon|0 fnt\n|faint|p1a: Umbreon\n|\n|-end|p2a: Mimikyu|move: Yawn|[silent]\n|-status|p2a: Mimikyu|slp\n|-enditem|p2a: Mimikyu|Lum Berry|[eat]\n|-curestatus|p2a: Mimikyu|slp|[msg]\n|upkeep\n|\n|t:|1776153072\n|switch|p1a: Garchomp|Garchomp, L50, M|100/100\n|turn|11\n|\n|t:|1776153078\n|move|p1a: Garchomp|Swords Dance|p1a: Garchomp\n|-boost|p1a: Garchomp|atk|2\n|move|p2a: Mimikyu|Play Rough|p1a: Garchomp\n|-supereffective|p1a: Garchomp|1\n|-enditem|p1a: Garchomp|Focus Sash\n|-damage|p1a: Garchomp|1/100\n|-damage|p2a: Mimikyu|32/100|[from] ability: Rough Skin|[of] p1a: Garchomp\n|\n|upkeep\n|turn|12\n|\n|t:|1776153089\n|move|p2a: Mimikyu|Shadow Sneak|p1a: Garchomp\n|-damage|p1a: Garchomp|0 fnt\n|-damage|p2a: Mimikyu|20/100|[from] ability: Rough Skin|[of] p1a: Garchomp\n|faint|p1a: Garchomp\n|\n|win|karbain\n|raw|kerom.pk's rating: 1328 &rarr; <strong>1310</strong><br />(-18 for losing)\n|raw|karbain's rating: 1359 &rarr; <strong>1377</strong><br />(+18 for winning)\n|l|\u2606karbain\n|player|p2|\n",
  "uploadtime": 1776153097,
  "views": 8,
  "formatid": "gen9championsbssregma",
  "rating": 1310,
  "private": 0,
  "password": null
}