{
  "id": "gen9championsbssregma-2585672554",
  "format": "[Gen 9 Champions] BSS Reg M-A",
  "players": [
    "Sr vaka",
    "ProgramData"
  ],
  "log": "|j|\u2606Sr vaka\n|j|\u2606ProgramData\n|t:|1776362702\n|gametype|singles\n|player|p1|Sr vaka|depotagent|1056\n|player|p2|ProgramData|101|1047\n|gen|9\n|tier|[Gen 9 Champions] BSS Reg M-A\n|rated|\n|rule|Species Clause: Limit one of each Pok\u00e9mon\n|rule|Item Clause: Limit 1 of each item\n|clearpoke\n|poke|p1|Starmie, L50|\n|poke|p1|Pelipper, L50, M|\n|poke|p1|Pikachu, L50, M|\n|poke|p1|Raichu, L50, M|\n|poke|p1|Ditto, L50|\n|poke|p1|Arbok, L50, F|\n|poke|p2|Chimecho, L50, M|\n|poke|p2|Arbok, L50, M|\n|poke|p2|Goodra-Hisui, L50, M|\n|poke|p2|Decidueye, L50, M|\n|poke|p2|Passimian, L50, F|\n|poke|p2|Wyrdeer, L50, M|\n|teampreview|3\n|inactive|Battle timer is ON: inactive players will automatically lose when time's up. (requested by Sr vaka)\n|\n|t:|1776362733\n|teamsize|p1|3\n|teamsize|p2|3\n|start\n|switch|p1a: Felipe|Pelipper, L50, M, shiny|100/100\n|switch|p2a: Bellarus|Chimecho, L50, M|100/100\n|-weather|RainDance|[from] ability: Drizzle|[of] p1a: Felipe\n|turn|1\n|\n|t:|1776362745\n|detailschange|p2a: Bellarus|Chimecho-Mega, L50, M\n|-mega|p2a: Bellarus|Chimecho|Chimechite\n|move|p1a: Felipe|Hurricane|p2a: Bellarus\n|-resisted|p2a: Bellarus|1\n|-damage|p2a: Bellarus|82/100\n|-start|p2a: Bellarus|confusion\n|-activate|p2a: Bellarus|confusion\n|-damage|p2a: Bellarus|77/100|[from] confusion\n|\n|-weather|RainDance|[upkeep]\n|upkeep\n|turn|2\n|\n|t:|1776362753\n|move|p1a: Felipe|Weather Ball|p2a: Bellarus\n|-damage|p2a: Bellarus|36/100\n|-end|p2a: Bellarus|confusion\n|move|p2a: Bellarus|Calm Mind|p2a: Bellarus\n|-boost|p2a: Bellarus|spa|1\n|-boost|p2a: Bellarus|spd|1\n|\n|-weather|RainDance|[upkeep]\n|upkeep\n|turn|3\n|\n|t:|1776362761\n|move|p1a: Felipe|Weather Ball|p2a: Bellarus\n|-damage|p2a: Bellarus|5/100\n|move|p2a: Bellarus|Draining Kiss|p1a: Felipe\n|-damage|p1a: Felipe|62/100\n|-heal|p2a: Bellarus|27/100|[from] drain|[of] p1a: Felipe\n|\n|-weather|RainDance|[upkeep]\n|upkeep\n|turn|4\n|\n|t:|1776362769\n|move|p1a: Felipe|Weather Ball|p2a: Bellarus\n|-damage|p2a: Bellarus|0 fnt\n|faint|p2a: Bellarus\n|\n|-weather|RainDance|[upkeep]\n|upkeep\n|\n|t:|1776362782\n|switch|p2a: KillStealer|Decidueye, L50, M|100/100\n|turn|5\n|\n|t:|1776362786\n|switch|p1a: Ratakuki2|Raichu, L50, M, shiny|100/100\n|move|p2a: KillStealer|Spirit Shackle|p1a: Ratakuki2\n|-damage|p1a: Ratakuki2|11/100\n|-activate|p1a: Ratakuki2|trapped\n|\n|-weather|none\n|upkeep\n|turn|6\n|\n|t:|1776362794\n|move|p2a: KillStealer|Spirit Shackle|p1a: Ratakuki2\n|-damage|p1a: Ratakuki2|0 fnt\n|faint|p1a: Ratakuki2\n|\n|upkeep\n|\n|t:|1776362798\n|switch|p1a: Felipe|Pelipper, L50, M, shiny|62/100\n|-weather|RainDance|[from] ability: Drizzle|[of] p1a: Felipe\n|turn|7\n|\n|t:|1776362802\n|move|p2a: KillStealer|Spirit Shackle|p1a: Felipe\n|-damage|p1a: Felipe|6/100\n|-activate|p1a: Felipe|trapped\n|move|p1a: Felipe|Hurricane|p2a: KillStealer\n|-supereffective|p2a: KillStealer|1\n|-damage|p2a: KillStealer|1/100\n|\n|-weather|RainDance|[upkeep]\n|upkeep\n|turn|8\n|\n|t:|1776362809\n|move|p2a: KillStealer|Spirit Shackle|p1a: Felipe\n|-damage|p1a: Felipe|0 fnt\n|faint|p1a: Felipe\n|\n|-weather|RainDance|[upkeep]\n|upkeep\n|\n|t:|1776362811\n|switch|p1a: Ginyu|Starmie, L50|100/100\n|turn|9\n|\n|t:|1776362817\n|detailschange|p1a: Ginyu|Starmie-Mega, L50\n|-mega|p1a: Ginyu|Starmie|Starminite\n|move|p1a: Ginyu|Aqua Jet|p2a: KillStealer\n|-resisted|p2a: KillStealer|1\n|-damage|p2a: KillStealer|0 fnt\n|faint|p2a: KillStealer\n|\n|-weather|RainDance|[upkeep]\n|upkeep\n|\n|t:|1776362823\n|switch|p2a: Deerly Sorry|Wyrdeer, L50, M|100/100\n|-ability|p2a: Deerly Sorry|Intimidate|boost\n|-unboost|p1a: Ginyu|atk|1\n|turn|10\n|\n|t:|1776362829\n|move|p1a: Ginyu|Thunder|p2a: Deerly Sorry\n|-damage|p2a: Deerly Sorry|64/100\n|move|p2a: Deerly Sorry|Shadow Ball|p1a: Ginyu\n|-supereffective|p1a: Ginyu|1\n|-damage|p1a: Ginyu|37/100\n|\n|-weather|RainDance|[upkeep]\n|upkeep\n|turn|11\n|\n|t:|1776362842\n|move|p1a: Ginyu|Thunder|p2a: Deerly Sorry\n|-damage|p2a: Deerly Sorry|29/100\n|move|p2a: Deerly Sorry|Shadow Ball|p1a: Ginyu\n|-supereffective|p1a: Ginyu|1\n|-damage|p1a: Ginyu|0 fnt\n|faint|p1a: Ginyu\n|\n|win|ProgramData\n|raw|Sr vaka's rating: 1056 &rarr; <strong>1037</strong><br />(-19 for losing)\n|raw|ProgramData's rating: 1047 &rarr; <strong>1081</strong><br />(+34 for winning)\n",
  "uploadtime": 1776362872,
  "views": 12,
  "formatid": "gen9championsbssregma",
  "rating": 1037,
  "private": 0,
  "password": null
}