{
  "id": "gen9championsbssregma-2585549172",
  "format": "[Gen 9 Champions] BSS Reg M-A",
  "players": [
    "BBBKTY",
    "gjr676"
  ],
  "log": "|j|\u2606BBBKTY\n|j|\u2606gjr676\n|t:|1776354840\n|gametype|singles\n|player|p1|BBBKTY|265|1002\n|player|p2|gjr676|linebacker|1069\n|gen|9\n|tier|[Gen 9 Champions] BSS Reg M-A\n|rated|\n|rule|Species Clause: Limit one of each Pok\u00e9mon\n|rule|Item Clause: Limit 1 of each item\n|clearpoke\n|poke|p1|Dragapult, L50, M|\n|poke|p1|Alakazam, L50, F|\n|poke|p1|Azumarill, L50, F|\n|poke|p1|Clefable, L50, M|\n|poke|p1|Espathra, L50, F|\n|poke|p1|Glimmora, L50, M|\n|poke|p2|Garchomp, L50, F|\n|poke|p2|Lopunny, L50, F|\n|poke|p2|Volcarona, L50, M|\n|poke|p2|Mimikyu, L50, F|\n|poke|p2|Corviknight, L50, M|\n|poke|p2|Rotom-Wash, L50|\n|teampreview|3\n|inactive|Battle timer is ON: inactive players will automatically lose when time's up. (requested by gjr676)\n|\n|t:|1776354864\n|teamsize|p1|3\n|teamsize|p2|3\n|start\n|switch|p1a: Glimmora|Glimmora, L50, M|100/100\n|switch|p2a: Lopunny|Lopunny, L50, F, shiny|100/100\n|turn|1\n|inactive|BBBKTY has 30 seconds left.\n|inactive|BBBKTY has 20 seconds left.\n|\n|t:|1776354900\n|detailschange|p2a: Lopunny|Lopunny-Mega, L50, F, shiny\n|-mega|p2a: Lopunny|Lopunny|Lopunnite\n|move|p2a: Lopunny|Fake Out|p1a: Glimmora\n|-resisted|p1a: Glimmora|1\n|-damage|p1a: Glimmora|89/100\n|-activate|p1a: Glimmora|ability: Toxic Debris\n|-sidestart|p2: gjr676|move: Toxic Spikes\n|cant|p1a: Glimmora|flinch\n|\n|upkeep\n|turn|2\n|\n|t:|1776354914\n|move|p2a: Lopunny|Close Combat|p1a: Glimmora\n|-damage|p1a: Glimmora|30/100\n|-unboost|p2a: Lopunny|def|1\n|-unboost|p2a: Lopunny|spd|1\n|-activate|p1a: Glimmora|ability: Toxic Debris\n|-sidestart|p2: gjr676|move: Toxic Spikes\n|move|p1a: Glimmora|Stealth Rock|p2a: Lopunny\n|-sidestart|p2: gjr676|move: Stealth Rock\n|\n|upkeep\n|turn|3\n|\n|t:|1776354929\n|move|p2a: Lopunny|Triple Axel|p1a: Glimmora\n|-damage|p1a: Glimmora|24/100\n|-damage|p1a: Glimmora|9/100\n|-damage|p1a: Glimmora|0 fnt\n|faint|p1a: Glimmora\n|-hitcount|p1: Glimmora|3\n|\n|upkeep\n|\n|t:|1776354932\n|switch|p1a: Espathra|Espathra, L50, F, shiny|100/100\n|turn|4\n|inactive|gjr676 has 30 seconds left.\n|\n|t:|1776354962\n|move|p1a: Espathra|Protect|p1a: Espathra\n|-singleturn|p1a: Espathra|Protect\n|move|p2a: Lopunny|Triple Axel|p1a: Espathra\n|-activate|p1a: Espathra|move: Protect\n|\n|-ability|p1a: Espathra|Speed Boost|boost\n|-boost|p1a: Espathra|spe|1\n|upkeep\n|turn|5\n|\n|t:|1776354984\n|move|p2a: Lopunny|Triple Axel|p1a: Espathra\n|-damage|p1a: Espathra|92/100\n|-damage|p1a: Espathra|77/100\n|-damage|p1a: Espathra|52/100\n|-hitcount|p1a: Espathra|3\n|move|p1a: Espathra|Lumina Crash|p2a: Lopunny\n|-supereffective|p2a: Lopunny|1\n|-damage|p2a: Lopunny|0 fnt\n|faint|p2a: Lopunny\n|\n|-ability|p1a: Espathra|Speed Boost|boost\n|-boost|p1a: Espathra|spe|1\n|upkeep\n|\n|t:|1776354999\n|switch|p2a: Mimikyu|Mimikyu, L50, F|100/100\n|-status|p2a: Mimikyu|tox\n|-damage|p2a: Mimikyu|88/100 tox|[from] Stealth Rock\n|turn|6\n|\n|t:|1776355010\n|move|p1a: Espathra|Baton Pass|p1a: Espathra\n|\n|t:|1776355012\n|switch|p1a: Clefable|Clefable, L50, M, shiny|100/100|[from] Baton Pass\n|move|p2a: Mimikyu|Shadow Claw|p1a: Clefable\n|-damage|p1a: Clefable|77/100\n|\n|-damage|p2a: Mimikyu|82/100 tox|[from] psn\n|upkeep\n|turn|7\n|\n|t:|1776355030\n|detailschange|p1a: Clefable|Clefable-Mega, L50, M, shiny\n|-mega|p1a: Clefable|Clefable|Clefablite\n|move|p1a: Clefable|Cosmic Power|p1a: Clefable\n|-boost|p1a: Clefable|def|1\n|-boost|p1a: Clefable|spd|1\n|move|p2a: Mimikyu|Swords Dance|p2a: Mimikyu\n|-boost|p2a: Mimikyu|atk|2\n|\n|-damage|p2a: Mimikyu|70/100 tox|[from] psn\n|upkeep\n|turn|8\n|\n|t:|1776355041\n|move|p1a: Clefable|Stored Power|p2a: Mimikyu\n|-activate|p2a: Mimikyu|ability: Disguise\n|-damage|p2a: Mimikyu|70/100 tox\n|detailschange|p2a: Mimikyu|Mimikyu-Busted, L50, F\n|-damage|p2a: Mimikyu|57/100 tox|[from] pokemon: Mimikyu-Busted\n|move|p2a: Mimikyu|Play Rough|p1a: Clefable|[miss]\n|-miss|p2a: Mimikyu|p1a: Clefable\n|\n|-damage|p2a: Mimikyu|39/100 tox|[from] psn\n|upkeep\n|turn|9\n|-message|gjr676 forfeited.\n|\n|win|BBBKTY\n|raw|BBBKTY's rating: 1041 &rarr; <strong>1078</strong><br />(+37 for winning)\n|raw|gjr676's rating: 1069 &rarr; <strong>1047</strong><br />(-22 for losing)\n|l|\u2606gjr676\n|player|p2|\n",
  "uploadtime": 1776355072,
  "views": 7,
  "formatid": "gen9championsbssregma",
  "rating": 1047,
  "private": 0,
  "password": null
}