{
  "id": "gen9championsbssregma-2588815783",
  "format": "[Gen 9 Champions] BSS Reg M-A",
  "players": [
    "Bbbkty",
    "miojinhoo"
  ],
  "log": "|j|\u2606Bbbkty\n|j|\u2606miojinhoo\n|t:|1776674320\n|gametype|singles\n|player|p1|Bbbkty|1|1170\n|player|p2|miojinhoo|sabrina|1062\n|gen|9\n|tier|[Gen 9 Champions] BSS Reg M-A\n|rated|\n|rule|Species Clause: Limit one of each Pok\u00e9mon\n|rule|Item Clause: Limit 1 of each item\n|clearpoke\n|poke|p1|Clefable, L50, M|\n|poke|p1|Charizard, L50, M|\n|poke|p1|Mimikyu, L50, F|\n|poke|p1|Kingambit, L50, F|\n|poke|p1|Espathra, L50, F|\n|poke|p1|Glimmora, L50, M|\n|poke|p2|Vivillon, L50, M|\n|poke|p2|Mamoswine, L50, F|\n|poke|p2|Basculegion, L50, M|\n|poke|p2|Dragonite, L50, F, shiny|\n|poke|p2|Gallade, L50, M|\n|poke|p2|Lucario, L50, F|\n|teampreview|3\n|inactive|Battle timer is ON: inactive players will automatically lose when time's up. (requested by miojinhoo)\n|inactive|miojinhoo has 60 seconds left.\n|inactive|miojinhoo has 30 seconds left.\n|\n|t:|1776674383\n|teamsize|p1|3\n|teamsize|p2|3\n|start\n|switch|p1a: Glimmora|Glimmora, L50, M|100/100\n|switch|p2a: Vivillon|Vivillon, L50, M|100/100\n|turn|1\n|\n|t:|1776674394\n|move|p2a: Vivillon|Sleep Powder|p1a: Glimmora\n|-status|p1a: Glimmora|slp|[from] move: Sleep Powder\n|cant|p1a: Glimmora|slp\n|\n|upkeep\n|turn|2\n|\n|t:|1776674401\n|move|p2a: Vivillon|Quiver Dance|p2a: Vivillon\n|-boost|p2a: Vivillon|spa|1\n|-boost|p2a: Vivillon|spd|1\n|-boost|p2a: Vivillon|spe|1\n|cant|p1a: Glimmora|slp\n|\n|upkeep\n|turn|3\n|\n|t:|1776674405\n|move|p2a: Vivillon|Quiver Dance|p2a: Vivillon\n|-boost|p2a: Vivillon|spa|1\n|-boost|p2a: Vivillon|spd|1\n|-boost|p2a: Vivillon|spe|1\n|-curestatus|p1a: Glimmora|slp|[msg]\n|move|p1a: Glimmora|Power Gem|p2a: Vivillon\n|-supereffective|p2a: Vivillon|2\n|-enditem|p2a: Vivillon|Focus Sash\n|-damage|p2a: Vivillon|1/100\n|\n|upkeep\n|turn|4\n|\n|t:|1776674415\n|move|p2a: Vivillon|Sleep Powder|p1a: Glimmora\n|-status|p1a: Glimmora|slp|[from] move: Sleep Powder\n|cant|p1a: Glimmora|slp\n|\n|upkeep\n|turn|5\n|\n|t:|1776674422\n|move|p2a: Vivillon|Bug Buzz|p1a: Glimmora\n|-resisted|p1a: Glimmora|1\n|-damage|p1a: Glimmora|53/100 slp\n|cant|p1a: Glimmora|slp\n|\n|upkeep\n|turn|6\n|\n|t:|1776674428\n|move|p2a: Vivillon|Hurricane|p1a: Glimmora\n|-resisted|p1a: Glimmora|1\n|-damage|p1a: Glimmora|0 fnt\n|faint|p1a: Glimmora\n|\n|upkeep\n|\n|t:|1776674445\n|switch|p1a: Clefable|Clefable, L50, M|100/100\n|turn|7\n|\n|t:|1776674451\n|detailschange|p1a: Clefable|Clefable-Mega, L50, M\n|-mega|p1a: Clefable|Clefable|Clefablite\n|move|p2a: Vivillon|Sleep Powder|p1a: Clefable\n|move|p1a: Clefable|Sleep Powder|p2a: Vivillon|[from] ability: Magic Bounce\n|-status|p2a: Vivillon|slp|[from] move: Sleep Powder\n|move|p1a: Clefable|Cosmic Power|p1a: Clefable\n|-boost|p1a: Clefable|def|1\n|-boost|p1a: Clefable|spd|1\n|\n|upkeep\n|turn|8\n|\n|t:|1776674466\n|switch|p2a: Lucario|Lucario, L50, F|100/100\n|move|p1a: Clefable|Cosmic Power|p1a: Clefable\n|-boost|p1a: Clefable|def|1\n|-boost|p1a: Clefable|spd|1\n|\n|upkeep\n|turn|9\n|\n|t:|1776674477\n|detailschange|p2a: Lucario|Lucario-Mega, L50, F\n|-mega|p2a: Lucario|Lucario|Lucarionite\n|move|p2a: Lucario|Flash Cannon|p1a: Clefable\n|-supereffective|p1a: Clefable|1\n|-damage|p1a: Clefable|57/100\n|move|p1a: Clefable|Moonblast|p2a: Lucario\n|-damage|p2a: Lucario|37/100\n|\n|upkeep\n|turn|10\n|inactive|Bbbkty has 30 seconds left.\n|\n|t:|1776674503\n|move|p2a: Lucario|Flash Cannon|p1a: Clefable\n|-supereffective|p1a: Clefable|1\n|-crit|p1a: Clefable\n|-damage|p1a: Clefable|0 fnt\n|faint|p1a: Clefable\n|\n|upkeep\n|\n|t:|1776674507\n|switch|p1a: Espathra|Espathra, L50, F|100/100\n|turn|11\n|\n|t:|1776674524\n|switch|p2a: Basculegion|Basculegion, L50, M|100/100\n|move|p1a: Espathra|Protect||[still]\n|-fail|p1a: Espathra\n|\n|-ability|p1a: Espathra|Speed Boost|boost\n|-boost|p1a: Espathra|spe|1\n|upkeep\n|turn|12\n|\n|t:|1776674533\n|move|p1a: Espathra|Baton Pass||[still]\n|-fail|p1a: Espathra\n|move|p2a: Basculegion|Last Respects|p1a: Espathra\n|-supereffective|p1a: Espathra|1\n|-damage|p1a: Espathra|21/100\n|-enditem|p1a: Espathra|Sitrus Berry|[eat]\n|-heal|p1a: Espathra|46/100|[from] item: Sitrus Berry\n|\n|-ability|p1a: Espathra|Speed Boost|boost\n|-boost|p1a: Espathra|spe|1\n|upkeep\n|turn|13\n|\n|t:|1776674551\n|move|p1a: Espathra|Calm Mind|p1a: Espathra\n|-boost|p1a: Espathra|spa|1\n|-boost|p1a: Espathra|spd|1\n|move|p2a: Basculegion|Last Respects|p1a: Espathra\n|-supereffective|p1a: Espathra|1\n|-crit|p1a: Espathra\n|-damage|p1a: Espathra|0 fnt\n|faint|p1a: Espathra\n|\n|win|miojinhoo\n|raw|Bbbkty's rating: 1170 &rarr; <strong>1137</strong><br />(-33 for losing)\n|raw|miojinhoo's rating: 1062 &rarr; <strong>1102</strong><br />(+40 for winning)\n",
  "uploadtime": 1776674556,
  "views": 0,
  "formatid": "gen9championsbssregma",
  "rating": 1102,
  "private": 0,
  "password": null
}