{
  "id": "gen9championsbssregma-2583941792",
  "format": "[Gen 9 Champions] BSS Reg M-A",
  "players": [
    "lckylight73",
    "Gshs5"
  ],
  "log": "|j|\u2606lckylight73\n|j|\u2606Gshs5\n|t:|1776210296\n|gametype|singles\n|player|p1|lckylight73|1|1094\n|player|p2|Gshs5|102|1173\n|gen|9\n|tier|[Gen 9 Champions] BSS Reg M-A\n|rated|\n|rule|Species Clause: Limit one of each Pok\u00e9mon\n|rule|Item Clause: Limit 1 of each item\n|clearpoke\n|poke|p1|Chesnaught, L50, F|\n|poke|p1|Zoroark-Hisui, L50, F|\n|poke|p1|Glimmora, L50, F|\n|poke|p1|Krookodile, L50, F|\n|poke|p1|Slowking, L50, M|\n|poke|p1|Ninetales-Alola, L50, F|\n|poke|p2|Absol, L50, F|\n|poke|p2|Diggersby, L50, F|\n|poke|p2|Gyarados, L50, F|\n|poke|p2|Venusaur, L50, M|\n|poke|p2|Archaludon, L50, F|\n|poke|p2|Volcarona, L50, F|\n|teampreview|3\n|inactive|Battle timer is ON: inactive players will automatically lose when time's up. (requested by Gshs5)\n|inactive|lckylight73 has 60 seconds left.\n|\n|t:|1776210353\n|teamsize|p1|3\n|teamsize|p2|3\n|start\n|switch|p1a: Glimmora|Glimmora, L50, F|100/100\n|switch|p2a: Volcarona|Volcarona, L50, F|100/100\n|turn|1\n|\n|t:|1776210362\n|move|p2a: Volcarona|Quiver Dance|p2a: Volcarona\n|-boost|p2a: Volcarona|spa|1\n|-boost|p2a: Volcarona|spd|1\n|-boost|p2a: Volcarona|spe|1\n|move|p1a: Glimmora|Power Gem|p2a: Volcarona\n|-supereffective|p2a: Volcarona|2\n|-enditem|p2a: Volcarona|Focus Sash\n|-damage|p2a: Volcarona|1/100\n|\n|upkeep\n|turn|2\n|\n|t:|1776210378\n|detailschange|p1a: Glimmora|Glimmora-Mega, L50, F\n|-mega|p1a: Glimmora|Glimmora|Glimmoranite\n|move|p2a: Volcarona|Bug Buzz|p1a: Glimmora\n|-resisted|p1a: Glimmora|1\n|-damage|p1a: Glimmora|28/100\n|move|p1a: Glimmora|Power Gem|p2a: Volcarona\n|-supereffective|p2a: Volcarona|2\n|-damage|p2a: Volcarona|0 fnt\n|faint|p2a: Volcarona\n|\n|upkeep\n|\n|t:|1776210386\n|switch|p2a: Archaludon|Archaludon, L50, F|100/100\n|turn|3\n|\n|t:|1776210399\n|move|p1a: Glimmora|Power Gem|p2a: Archaludon\n|-resisted|p2a: Archaludon|1\n|-damage|p2a: Archaludon|57/100\n|-ability|p2a: Archaludon|Stamina|boost\n|-boost|p2a: Archaludon|def|1\n|move|p2a: Archaludon|Flash Cannon|p1a: Glimmora\n|-supereffective|p1a: Glimmora|1\n|-damage|p1a: Glimmora|0 fnt\n|faint|p1a: Glimmora\n|\n|upkeep\n|\n|t:|1776210407\n|switch|p1a: Slowking|Slowking, L50, M|100/100\n|turn|4\n|\n|t:|1776210414\n|move|p1a: Slowking|Dark Pulse|p2a: Archaludon\n|-damage|p2a: Archaludon|20/100\n|-ability|p2a: Archaludon|Stamina|boost\n|-boost|p2a: Archaludon|def|1\n|move|p2a: Archaludon|Thunderbolt|p1a: Slowking\n|-damage|p1a: Slowking|39/100\n|replace|p1a: Zoroark|Zoroark-Hisui, L50, F\n|-end|p1a: Zoroark|Illusion\n|\n|upkeep\n|turn|5\n|\n|t:|1776210423\n|move|p1a: Zoroark|Dark Pulse|p2a: Archaludon\n|-damage|p2a: Archaludon|0 fnt\n|faint|p2a: Archaludon\n|\n|upkeep\n|\n|t:|1776210425\n|switch|p2a: Venusaur|Venusaur, L50, M|100/100\n|turn|6\n|\n|t:|1776210433\n|detailschange|p2a: Venusaur|Venusaur-Mega, L50, M\n|-mega|p2a: Venusaur|Venusaur|Venusaurite\n|move|p1a: Zoroark|Dark Pulse|p2a: Venusaur\n|-damage|p2a: Venusaur|83/100\n|move|p2a: Venusaur|Giga Drain|p1a: Zoroark\n|-damage|p1a: Zoroark|0 fnt\n|-heal|p2a: Venusaur|97/100|[from] drain|[of] p1a: Zoroark\n|faint|p1a: Zoroark\n|\n|upkeep\n|\n|t:|1776210442\n|switch|p1a: Slowking|Slowking, L50, M|100/100\n|turn|7\n|\n|t:|1776210447\n|move|p2a: Venusaur|Giga Drain|p1a: Slowking\n|-supereffective|p1a: Slowking|1\n|-damage|p1a: Slowking|64/100\n|-heal|p2a: Venusaur|100/100|[from] drain|[of] p1a: Slowking\n|move|p1a: Slowking|Future Sight|p2a: Venusaur\n|-start|p1a: Slowking|move: Future Sight\n|\n|-heal|p1a: Slowking|70/100|[from] item: Leftovers\n|upkeep\n|turn|8\n|\n|t:|1776210454\n|move|p2a: Venusaur|Giga Drain|p1a: Slowking\n|-supereffective|p1a: Slowking|1\n|-damage|p1a: Slowking|33/100\n|move|p1a: Slowking|Slack Off|p1a: Slowking\n|-heal|p1a: Slowking|83/100\n|\n|-heal|p1a: Slowking|89/100|[from] item: Leftovers\n|upkeep\n|turn|9\n|\n|t:|1776210463\n|move|p2a: Venusaur|Sludge Bomb|p1a: Slowking\n|-damage|p1a: Slowking|67/100\n|-status|p1a: Slowking|psn\n|move|p1a: Slowking|Slack Off|p1a: Slowking\n|-heal|p1a: Slowking|100/100 psn\n|\n|-end|p2a: Venusaur|move: Future Sight\n|-supereffective|p2a: Venusaur|1\n|-damage|p2a: Venusaur|40/100\n|-damage|p1a: Slowking|88/100 psn|[from] psn\n|upkeep\n|turn|10\n|\n|t:|1776210475\n|move|p2a: Venusaur|Giga Drain|p1a: Slowking\n|-supereffective|p1a: Slowking|1\n|-damage|p1a: Slowking|50/100 psn\n|-heal|p2a: Venusaur|60/100|[from] drain|[of] p1a: Slowking\n|move|p1a: Slowking|Future Sight|p2a: Venusaur\n|-start|p1a: Slowking|move: Future Sight\n|\n|-heal|p1a: Slowking|55/100 psn|[from] item: Leftovers\n|-damage|p1a: Slowking|43/100 psn|[from] psn\n|upkeep\n|turn|11\n|\n|t:|1776210483\n|move|p2a: Venusaur|Giga Drain|p1a: Slowking\n|-supereffective|p1a: Slowking|1\n|-damage|p1a: Slowking|7/100 psn\n|-heal|p2a: Venusaur|80/100|[from] drain|[of] p1a: Slowking\n|move|p1a: Slowking|Slack Off|p1a: Slowking\n|-heal|p1a: Slowking|57/100 psn\n|\n|-heal|p1a: Slowking|63/100 psn|[from] item: Leftovers\n|-damage|p1a: Slowking|51/100 psn|[from] psn\n|upkeep\n|turn|12\n|\n|t:|1776210493\n|move|p2a: Venusaur|Giga Drain|p1a: Slowking\n|-supereffective|p1a: Slowking|1\n|-damage|p1a: Slowking|14/100 psn\n|-heal|p2a: Venusaur|99/100|[from] drain|[of] p1a: Slowking\n|move|p1a: Slowking|Slack Off|p1a: Slowking\n|-heal|p1a: Slowking|64/100 psn\n|\n|-end|p2a: Venusaur|move: Future Sight\n|-supereffective|p2a: Venusaur|1\n|-damage|p2a: Venusaur|47/100\n|-heal|p1a: Slowking|70/100 psn|[from] item: Leftovers\n|-damage|p1a: Slowking|58/100 psn|[from] psn\n|upkeep\n|turn|13\n|-message|lckylight73 forfeited.\n|\n|win|Gshs5\n|raw|lckylight73's rating: 1094 &rarr; <strong>1075</strong><br />(-19 for losing)\n|raw|Gshs5's rating: 1173 &rarr; <strong>1192</strong><br />(+19 for winning)\n|l|\u2606lckylight73\n|player|p1|\n",
  "uploadtime": 1776210510,
  "views": 1,
  "formatid": "gen9championsbssregma",
  "rating": 1075,
  "private": 0,
  "password": null
}