{
  "id": "gen9championsbssregma-2587450456",
  "format": "[Gen 9 Champions] BSS Reg M-A",
  "players": [
    "joguri",
    "KevMev"
  ],
  "log": "|j|\u2606joguri\n|j|\u2606KevMev\n|t:|1776532855\n|gametype|singles\n|player|p1|joguri|dawn|1332\n|player|p2|KevMev|waiter-gen4|1286\n|gen|9\n|tier|[Gen 9 Champions] BSS Reg M-A\n|rated|\n|rule|Species Clause: Limit one of each Pok\u00e9mon\n|rule|Item Clause: Limit 1 of each item\n|clearpoke\n|poke|p1|Clefable, L50, M|\n|poke|p1|Espathra, L50, M|\n|poke|p1|Charizard, L50, M|\n|poke|p1|Hippowdon, L50, M|\n|poke|p1|Rotom-Wash, L50, shiny|\n|poke|p1|Garchomp, L50, M|\n|poke|p2|Sneasler, L50, F, shiny|\n|poke|p2|Archaludon, L50, F, shiny|\n|poke|p2|Gyarados, L50, M, shiny|\n|poke|p2|Meowscarada, L50, M, shiny|\n|poke|p2|Scizor, L50, F, shiny|\n|poke|p2|Mimikyu, L50, F|\n|teampreview|3\n|inactive|Battle timer is ON: inactive players will automatically lose when time's up. (requested by joguri)\n|\n|t:|1776532880\n|teamsize|p1|3\n|teamsize|p2|3\n|start\n|switch|p1a: Hippowdon|Hippowdon, L50, M|100/100\n|switch|p2a: Meowscarada|Meowscarada, L50, M, shiny|100/100\n|-weather|Sandstorm|[from] ability: Sand Stream|[of] p1a: Hippowdon\n|turn|1\n|\n|t:|1776532890\n|move|p2a: Meowscarada|Triple Axel|p1a: Hippowdon\n|-start|p2a: Meowscarada|typechange|Ice|[from] ability: Protean\n|-supereffective|p1a: Hippowdon|1\n|-damage|p1a: Hippowdon|88/100\n|-supereffective|p1a: Hippowdon|1\n|-damage|p1a: Hippowdon|66/100\n|-supereffective|p1a: Hippowdon|1\n|-damage|p1a: Hippowdon|30/100\n|-enditem|p1a: Hippowdon|Sitrus Berry|[eat]\n|-heal|p1a: Hippowdon|54/100|[from] item: Sitrus Berry\n|-hitcount|p1a: Hippowdon|3\n|move|p1a: Hippowdon|Yawn|p2a: Meowscarada\n|-start|p2a: Meowscarada|move: Yawn|[of] p1a: Hippowdon\n|\n|-weather|Sandstorm|[upkeep]\n|-damage|p2a: Meowscarada|95/100|[from] Sandstorm\n|upkeep\n|turn|2\n|\n|t:|1776532905\n|move|p2a: Meowscarada|Triple Axel|p1a: Hippowdon\n|-supereffective|p1a: Hippowdon|1\n|-damage|p1a: Hippowdon|43/100\n|-supereffective|p1a: Hippowdon|1\n|-damage|p1a: Hippowdon|20/100\n|-supereffective|p1a: Hippowdon|1\n|-damage|p1a: Hippowdon|0 fnt\n|faint|p1a: Hippowdon\n|-hitcount|p1: Hippowdon|3\n|\n|-weather|Sandstorm|[upkeep]\n|-damage|p2a: Meowscarada|89/100|[from] Sandstorm\n|-end|p2a: Meowscarada|move: Yawn|[silent]\n|-status|p2a: Meowscarada|slp\n|upkeep\n|\n|t:|1776532916\n|switch|p1a: Espathra|Espathra, L50, M|100/100\n|turn|3\n|\n|t:|1776532919\n|switch|p2a: Sneasler|Sneasler, L50, F, shiny|100/100\n|move|p1a: Espathra|Calm Mind|p1a: Espathra\n|-boost|p1a: Espathra|spa|1\n|-boost|p1a: Espathra|spd|1\n|\n|-weather|Sandstorm|[upkeep]\n|-damage|p2a: Sneasler|95/100|[from] Sandstorm\n|-damage|p1a: Espathra|95/100|[from] Sandstorm\n|-heal|p1a: Espathra|100/100|[from] item: Leftovers\n|-ability|p1a: Espathra|Speed Boost|boost\n|-boost|p1a: Espathra|spe|1\n|upkeep\n|turn|4\n|\n|t:|1776532932\n|move|p2a: Sneasler|Fake Out|p1a: Espathra\n|-damage|p1a: Espathra|88/100\n|cant|p1a: Espathra|flinch\n|\n|-weather|Sandstorm|[upkeep]\n|-damage|p2a: Sneasler|89/100|[from] Sandstorm\n|-damage|p1a: Espathra|82/100|[from] Sandstorm\n|-heal|p1a: Espathra|88/100|[from] item: Leftovers\n|-ability|p1a: Espathra|Speed Boost|boost\n|-boost|p1a: Espathra|spe|1\n|upkeep\n|turn|5\n|\n|t:|1776532942\n|move|p1a: Espathra|Calm Mind|p1a: Espathra\n|-boost|p1a: Espathra|spa|1\n|-boost|p1a: Espathra|spd|1\n|move|p2a: Sneasler|Throat Chop|p1a: Espathra\n|-supereffective|p1a: Espathra|1\n|-damage|p1a: Espathra|36/100\n|-start|p1a: Espathra|Throat Chop|[silent]\n|\n|-weather|none\n|-heal|p1a: Espathra|42/100|[from] item: Leftovers\n|-ability|p1a: Espathra|Speed Boost|boost\n|-boost|p1a: Espathra|spe|1\n|upkeep\n|turn|6\n|inactive|joguri has 30 seconds left.\n|\n|t:|1776532968\n|move|p1a: Espathra|Lumina Crash|p2a: Sneasler\n|-supereffective|p2a: Sneasler|2\n|-damage|p2a: Sneasler|0 fnt\n|faint|p2a: Sneasler\n|\n|-heal|p1a: Espathra|48/100|[from] item: Leftovers\n|-end|p1a: Espathra|Throat Chop|[silent]\n|-ability|p1a: Espathra|Speed Boost|boost\n|-boost|p1a: Espathra|spe|1\n|upkeep\n|\n|t:|1776532972\n|switch|p2a: Meowscarada|Meowscarada, L50, M, shiny|89/100 slp\n|turn|7\n|\n|t:|1776532990\n|move|p1a: Espathra|Baton Pass|p1a: Espathra\n|\n|t:|1776532991\n|switch|p1a: Clefable|Clefable, L50, M|100/100|[from] Baton Pass\n|cant|p2a: Meowscarada|slp\n|\n|upkeep\n|turn|8\n|\n|t:|1776532998\n|-curestatus|p2a: Meowscarada|slp|[msg]\n|move|p2a: Meowscarada|Triple Axel|p1a: Clefable\n|-start|p2a: Meowscarada|typechange|Ice|[from] ability: Protean\n|-damage|p1a: Clefable|93/100\n|-hitcount|p1a: Clefable|1\n|move|p1a: Clefable|Cosmic Power|p1a: Clefable\n|-boost|p1a: Clefable|def|1\n|-boost|p1a: Clefable|spd|1\n|\n|upkeep\n|turn|9\n|-message|KevMev forfeited.\n|\n|win|joguri\n|raw|joguri's rating: 1332 &rarr; <strong>1349</strong><br />(+17 for winning)\n|raw|KevMev's rating: 1286 &rarr; <strong>1264</strong><br />(-22 for losing)\n|l|\u2606KevMev\n|player|p2|\n",
  "uploadtime": 1776533012,
  "views": 2,
  "formatid": "gen9championsbssregma",
  "rating": 1264,
  "private": 0,
  "password": null
}