{
  "id": "gen9championsbssregma-2587660127",
  "format": "[Gen 9 Champions] BSS Reg M-A",
  "players": [
    "hauntedmanbread",
    "goomba number two"
  ],
  "log": "|j|\u2606hauntedmanbread\n|j|\u2606goomba number two\n|t:|1776551314\n|gametype|singles\n|player|p1|hauntedmanbread|clown|1350\n|player|p2|goomba number two|barry|1354\n|gen|9\n|tier|[Gen 9 Champions] BSS Reg M-A\n|rated|\n|rule|Species Clause: Limit one of each Pok\u00e9mon\n|rule|Item Clause: Limit 1 of each item\n|clearpoke\n|poke|p1|Gengar, L50, F, shiny|\n|poke|p1|Corviknight, L50, F, shiny|\n|poke|p1|Kingambit, L50, M, shiny|\n|poke|p1|Hydreigon, L50, F|\n|poke|p1|Rotom-Wash, L50|\n|poke|p1|Lucario, L50, M|\n|poke|p2|Vaporeon, L50, F|\n|poke|p2|Jolteon, L50, M|\n|poke|p2|Flareon, L50, M|\n|poke|p2|Espeon, L50, F|\n|poke|p2|Umbreon, L50, M|\n|poke|p2|Sylveon, L50, M|\n|teampreview|3\n|inactive|Battle timer is ON: inactive players will automatically lose when time's up. (requested by hauntedmanbread)\n|inactive|goomba number two has 60 seconds left.\n|\n|t:|1776551348\n|teamsize|p1|3\n|teamsize|p2|3\n|start\n|switch|p1a: Rotom|Rotom-Wash, L50|100/100\n|switch|p2a: Espeon|Espeon, L50, F|100/100\n|turn|1\n|\n|t:|1776551353\n|move|p2a: Espeon|Psychic|p1a: Rotom\n|-damage|p1a: Rotom|49/100\n|-enditem|p1a: Rotom|Sitrus Berry|[eat]\n|-heal|p1a: Rotom|74/100|[from] item: Sitrus Berry\n|move|p1a: Rotom|Nasty Plot|p1a: Rotom\n|-boost|p1a: Rotom|spa|2\n|\n|upkeep\n|turn|2\n|j| Halsin\n|\n|t:|1776551361\n|move|p2a: Espeon|Psychic|p1a: Rotom\n|-damage|p1a: Rotom|25/100\n|move|p1a: Rotom|Thunderbolt|p2a: Espeon\n|-damage|p2a: Espeon|5/100\n|\n|upkeep\n|turn|3\n|j| huhyuhyuhyuh\n|\n|t:|1776551366\n|switch|p1a: Hydreigon|Hydreigon, L50, F|100/100\n|move|p2a: Espeon|Psychic|p1a: Hydreigon\n|-immune|p1a: Hydreigon\n|\n|upkeep\n|turn|4\n|\n|t:|1776551373\n|switch|p2a: Vaporeon|Vaporeon, L50, F|100/100\n|move|p1a: Hydreigon|Flash Cannon|p2a: Vaporeon\n|-resisted|p2a: Vaporeon|1\n|-damage|p2a: Vaporeon|87/100\n|-unboost|p2a: Vaporeon|spd|1\n|\n|upkeep\n|turn|5\n|\n|t:|1776551379\n|switch|p1a: Rotom|Rotom-Wash, L50|25/100\n|move|p2a: Vaporeon|Yawn|p1a: Rotom\n|-start|p1a: Rotom|move: Yawn|[of] p2a: Vaporeon\n|\n|upkeep\n|turn|6\n|\n|t:|1776551386\n|switch|p2a: Jolteon|Jolteon, L50, M|100/100\n|move|p1a: Rotom|Thunderbolt|p2a: Jolteon\n|-immune|p2a: Jolteon|[from] ability: Volt Absorb\n|\n|-end|p1a: Rotom|move: Yawn|[silent]\n|-status|p1a: Rotom|slp\n|upkeep\n|turn|7\n|\n|t:|1776551390\n|move|p2a: Jolteon|Thunderbolt|p1a: Rotom\n|-damage|p1a: Rotom|0 fnt\n|faint|p1a: Rotom\n|\n|upkeep\n|\n|t:|1776551393\n|switch|p1a: Lucario|Lucario, L50, M|100/100\n|turn|8\n|\n|t:|1776551398\n|detailschange|p1a: Lucario|Lucario-Mega, L50, M\n|-mega|p1a: Lucario|Lucario|Lucarionite\n|move|p2a: Jolteon|Yawn|p1a: Lucario\n|-start|p1a: Lucario|move: Yawn|[of] p2a: Jolteon\n|move|p1a: Lucario|Close Combat|p2a: Jolteon\n|-enditem|p2a: Jolteon|Focus Sash\n|-damage|p2a: Jolteon|1/100\n|-unboost|p1a: Lucario|def|1\n|-unboost|p1a: Lucario|spd|1\n|\n|upkeep\n|turn|9\n|\n|t:|1776551408\n|switch|p1a: Hydreigon|Hydreigon, L50, F|100/100\n|move|p2a: Jolteon|Alluring Voice|p1a: Hydreigon\n|-supereffective|p1a: Hydreigon|2\n|-damage|p1a: Hydreigon|0 fnt\n|faint|p1a: Hydreigon\n|\n|upkeep\n|\n|t:|1776551413\n|switch|p1a: Lucario|Lucario-Mega, L50, M|100/100\n|turn|10\n|\n|t:|1776551418\n|move|p1a: Lucario|Extreme Speed|p2a: Jolteon\n|-damage|p2a: Jolteon|0 fnt\n|faint|p2a: Jolteon\n|\n|upkeep\n|\n|t:|1776551421\n|switch|p2a: Vaporeon|Vaporeon, L50, F|87/100\n|turn|11\n|\n|t:|1776551423\n|move|p1a: Lucario|Swords Dance|p1a: Lucario\n|-boost|p1a: Lucario|atk|2\n|move|p2a: Vaporeon|Yawn|p1a: Lucario\n|-start|p1a: Lucario|move: Yawn|[of] p2a: Vaporeon\n|\n|upkeep\n|turn|12\n|\n|t:|1776551429\n|move|p1a: Lucario|Close Combat|p2a: Vaporeon\n|-damage|p2a: Vaporeon|0 fnt\n|-unboost|p1a: Lucario|def|1\n|-unboost|p1a: Lucario|spd|1\n|faint|p2a: Vaporeon\n|\n|-end|p1a: Lucario|move: Yawn|[silent]\n|-status|p1a: Lucario|slp\n|upkeep\n|\n|t:|1776551431\n|switch|p2a: Espeon|Espeon, L50, F|5/100\n|turn|13\n|\n|t:|1776551434\n|cant|p1a: Lucario|slp\n|move|p2a: Espeon|Psychic|p1a: Lucario\n|-damage|p1a: Lucario|0 fnt\n|faint|p1a: Lucario\n|\n|win|goomba number two\n|raw|hauntedmanbread's rating: 1350 &rarr; <strong>1330</strong><br />(-20 for losing)\n|raw|goomba number two's rating: 1354 &rarr; <strong>1374</strong><br />(+20 for winning)\n|l|\u2606hauntedmanbread\n|player|p1|\n|c| Halsin|XD\n|c| Halsin|what the hell man\n|c|\u2606goomba number two|?\n|c| Halsin|crazy team <3\n|c|\u2606goomba number two|thx\n",
  "uploadtime": 1776551473,
  "views": 5,
  "formatid": "gen9championsbssregma",
  "rating": 1330,
  "private": 0,
  "password": null
}