{
  "id": "gen9championsbssregma-2585894268",
  "format": "[Gen 9 Champions] BSS Reg M-A",
  "players": [
    "mangandioxide",
    "idunnoagoodnam"
  ],
  "log": "|j|\u2606mangandioxide\n|j|\u2606idunnoagoodnam\n|t:|1776379165\n|gametype|singles\n|player|p1|mangandioxide|169|1156\n|player|p2|idunnoagoodnam|169|1233\n|gen|9\n|tier|[Gen 9 Champions] BSS Reg M-A\n|rated|\n|rule|Species Clause: Limit one of each Pok\u00e9mon\n|rule|Item Clause: Limit 1 of each item\n|clearpoke\n|poke|p1|Scizor, L50, F|\n|poke|p1|Primarina, L50, F|\n|poke|p1|Hippowdon, L50, F|\n|poke|p1|Garchomp, L50, M|\n|poke|p1|Corviknight, L50, F|\n|poke|p1|Gengar, L50, M|\n|poke|p2|Lopunny, L50, F|\n|poke|p2|Primarina, L50, F|\n|poke|p2|Corviknight, L50, F|\n|poke|p2|Meowscarada, L50, M|\n|poke|p2|Garchomp, L50, F|\n|poke|p2|Delphox, L50, F|\n|teampreview|3\n|inactive|Battle timer is ON: inactive players will automatically lose when time's up. (requested by mangandioxide)\n|inactive|mangandioxide has 60 seconds left.\n|inactive|idunnoagoodnam has 60 seconds left.\n|\n|t:|1776379206\n|teamsize|p1|3\n|teamsize|p2|3\n|start\n|switch|p1a: Scizor|Scizor, L50, F|100/100\n|switch|p2a: Garchomp|Garchomp, L50, F|100/100\n|turn|1\n|\n|t:|1776379215\n|detailschange|p1a: Scizor|Scizor-Mega, L50, F\n|-mega|p1a: Scizor|Scizor|Scizorite\n|move|p2a: Garchomp|Stealth Rock|p1a: Scizor\n|-sidestart|p1: mangandioxide|move: Stealth Rock\n|move|p1a: Scizor|U-turn|p2a: Garchomp\n|-damage|p2a: Garchomp|59/100\n|-damage|p1a: Scizor|88/100|[from] ability: Rough Skin|[of] p2a: Garchomp\n|\n|t:|1776379222\n|switch|p1a: Hippowdon|Hippowdon, L50, F|100/100|[from] U-turn\n|-damage|p1a: Hippowdon|94/100|[from] Stealth Rock\n|-weather|Sandstorm|[from] ability: Sand Stream|[of] p1a: Hippowdon\n|\n|-weather|Sandstorm|[upkeep]\n|upkeep\n|turn|2\n|\n|t:|1776379232\n|switch|p2a: Delphox|Delphox, L50, F, shiny|100/100\n|move|p1a: Hippowdon|Yawn|p2a: Delphox\n|-start|p2a: Delphox|move: Yawn|[of] p1a: Hippowdon\n|\n|-weather|Sandstorm|[upkeep]\n|-damage|p2a: Delphox|94/100|[from] Sandstorm\n|upkeep\n|turn|3\n|\n|t:|1776379240\n|switch|p2a: Primarina|Primarina, L50, F|100/100\n|move|p1a: Hippowdon|Stealth Rock|p2a: Primarina\n|-sidestart|p2: idunnoagoodnam|move: Stealth Rock\n|\n|-weather|Sandstorm|[upkeep]\n|-damage|p2a: Primarina|95/100|[from] Sandstorm\n|upkeep\n|turn|4\n|\n|t:|1776379250\n|switch|p1a: Primarina|Primarina, L50, F|100/100\n|-damage|p1a: Primarina|88/100|[from] Stealth Rock\n|move|p2a: Primarina|Sparkling Aria|p1a: Primarina\n|-resisted|p1a: Primarina|1\n|-damage|p1a: Primarina|71/100\n|\n|-weather|Sandstorm|[upkeep]\n|-damage|p2a: Primarina|89/100|[from] Sandstorm\n|-damage|p1a: Primarina|65/100|[from] Sandstorm\n|-heal|p1a: Primarina|71/100|[from] item: Leftovers\n|upkeep\n|turn|5\n|\n|t:|1776379266\n|move|p2a: Primarina|Moonblast|p1a: Primarina\n|-crit|p1a: Primarina\n|-damage|p1a: Primarina|20/100\n|move|p1a: Primarina|Moonblast|p2a: Primarina\n|-damage|p2a: Primarina|55/100\n|\n|-weather|none\n|-heal|p1a: Primarina|26/100|[from] item: Leftovers\n|upkeep\n|turn|6\n|\n|t:|1776379286\n|move|p1a: Primarina|Protect|p1a: Primarina\n|-singleturn|p1a: Primarina|Protect\n|move|p2a: Primarina|Moonblast|p1a: Primarina\n|-activate|p1a: Primarina|move: Protect\n|\n|-heal|p1a: Primarina|32/100|[from] item: Leftovers\n|upkeep\n|turn|7\n|\n|t:|1776379295\n|move|p2a: Primarina|Moonblast|p1a: Primarina\n|-damage|p1a: Primarina|0 fnt\n|faint|p1a: Primarina\n|\n|upkeep\n|j| yoko1212\n|\n|t:|1776379300\n|switch|p1a: Scizor|Scizor-Mega, L50, F|88/100\n|-damage|p1a: Scizor|76/100|[from] Stealth Rock\n|turn|8\n|\n|t:|1776379310\n|switch|p2a: Garchomp|Garchomp, L50, F|59/100\n|-damage|p2a: Garchomp|53/100|[from] Stealth Rock\n|move|p1a: Scizor|Swords Dance|p1a: Scizor\n|-boost|p1a: Scizor|atk|2\n|\n|upkeep\n|turn|9\n|inactive|mangandioxide has 30 seconds left.\n|\n|t:|1776379341\n|move|p1a: Scizor|Bullet Punch|p2a: Garchomp\n|-damage|p2a: Garchomp|0 fnt\n|-damage|p1a: Scizor|63/100|[from] ability: Rough Skin|[of] p2a: Garchomp\n|faint|p2a: Garchomp\n|\n|upkeep\n|\n|t:|1776379345\n|switch|p2a: Delphox|Delphox, L50, F, shiny|94/100\n|-damage|p2a: Delphox|70/100|[from] Stealth Rock\n|turn|10\n|inactive|mangandioxide has 30 seconds left.\n|\n|t:|1776379373\n|switch|p1a: Hippowdon|Hippowdon, L50, F|94/100\n|-damage|p1a: Hippowdon|88/100|[from] Stealth Rock\n|-weather|Sandstorm|[from] ability: Sand Stream|[of] p1a: Hippowdon\n|detailschange|p2a: Delphox|Delphox-Mega, L50, F, shiny\n|-mega|p2a: Delphox|Delphox|Delphoxite\n|move|p2a: Delphox|Flamethrower|p1a: Hippowdon\n|-damage|p1a: Hippowdon|34/100\n|-enditem|p1a: Hippowdon|Sitrus Berry|[eat]\n|-heal|p1a: Hippowdon|59/100|[from] item: Sitrus Berry\n|\n|-weather|Sandstorm|[upkeep]\n|-damage|p2a: Delphox|64/100|[from] Sandstorm\n|upkeep\n|turn|11\n|\n|t:|1776379397\n|move|p2a: Delphox|Flamethrower|p1a: Hippowdon\n|-damage|p1a: Hippowdon|2/100\n|move|p1a: Hippowdon|Yawn|p2a: Delphox\n|-start|p2a: Delphox|move: Yawn|[of] p1a: Hippowdon\n|\n|-weather|Sandstorm|[upkeep]\n|-damage|p2a: Delphox|58/100|[from] Sandstorm\n|upkeep\n|turn|12\n|\n|t:|1776379409\n|switch|p2a: Primarina|Primarina, L50, F|55/100\n|-damage|p2a: Primarina|42/100|[from] Stealth Rock\n|-enditem|p2a: Primarina|Sitrus Berry|[eat]\n|-heal|p2a: Primarina|67/100|[from] item: Sitrus Berry\n|move|p1a: Hippowdon|Yawn|p2a: Primarina\n|-start|p2a: Primarina|move: Yawn|[of] p1a: Hippowdon\n|\n|-weather|Sandstorm|[upkeep]\n|-damage|p2a: Primarina|61/100|[from] Sandstorm\n|upkeep\n|turn|13\n|\n|t:|1776379424\n|move|p2a: Primarina|Sparkling Aria|p1a: Hippowdon\n|-supereffective|p1a: Hippowdon|1\n|-damage|p1a: Hippowdon|0 fnt\n|faint|p1a: Hippowdon\n|\n|-weather|Sandstorm|[upkeep]\n|-damage|p2a: Primarina|55/100|[from] Sandstorm\n|-end|p2a: Primarina|move: Yawn|[silent]\n|-status|p2a: Primarina|slp\n|upkeep\n|\n|t:|1776379427\n|switch|p1a: Scizor|Scizor-Mega, L50, F|63/100\n|-damage|p1a: Scizor|51/100|[from] Stealth Rock\n|turn|14\n|\n|t:|1776379433\n|switch|p2a: Delphox|Delphox-Mega, L50, F, shiny|58/100\n|-damage|p2a: Delphox|33/100|[from] Stealth Rock\n|move|p1a: Scizor|Swords Dance|p1a: Scizor\n|-boost|p1a: Scizor|atk|2\n|\n|-weather|none\n|upkeep\n|turn|15\n|\n|t:|1776379452\n|move|p1a: Scizor|Bullet Punch|p2a: Delphox\n|-resisted|p2a: Delphox|1\n|-damage|p2a: Delphox|0 fnt\n|faint|p2a: Delphox\n|\n|upkeep\n|\n|t:|1776379454\n|switch|p2a: Primarina|Primarina, L50, F|55/100 slp\n|-damage|p2a: Primarina|43/100 slp|[from] Stealth Rock\n|turn|16\n|\n|t:|1776379474\n|move|p1a: Scizor|Roost|p1a: Scizor\n|-heal|p1a: Scizor|100/100\n|-singleturn|p1a: Scizor|move: Roost\n|cant|p2a: Primarina|slp\n|\n|upkeep\n|turn|17\n|\n|t:|1776379479\n|move|p1a: Scizor|Bullet Punch|p2a: Primarina\n|-damage|p2a: Primarina|0 fnt\n|faint|p2a: Primarina\n|\n|win|mangandioxide\n|raw|mangandioxide's rating: 1156 &rarr; <strong>1186</strong><br />(+30 for winning)\n|raw|idunnoagoodnam's rating: 1233 &rarr; <strong>1203</strong><br />(-30 for losing)\n|l|\u2606mangandioxide\n|player|p1|\n",
  "uploadtime": 1776379482,
  "views": 10,
  "formatid": "gen9championsbssregma",
  "rating": 1186,
  "private": 0,
  "password": null
}