{
  "id": "gen9championsbssregma-2585412575",
  "format": "[Gen 9 Champions] BSS Reg M-A",
  "players": [
    "bryannoah2309",
    "hoshigumo1101"
  ],
  "log": "|j|\u2606bryannoah2309\n|j|\u2606hoshigumo1101\n|t:|1776345481\n|gametype|singles\n|player|p1|bryannoah2309|silver|1262\n|player|p2|hoshigumo1101|acetrainerf|1327\n|gen|9\n|tier|[Gen 9 Champions] BSS Reg M-A\n|rated|\n|rule|Species Clause: Limit one of each Pok\u00e9mon\n|rule|Item Clause: Limit 1 of each item\n|clearpoke\n|poke|p1|Greninja-*, L50, M|\n|poke|p1|Gengar, L50, M|\n|poke|p1|Garchomp, L50, M|\n|poke|p1|Dragonite, L50, M|\n|poke|p1|Hatterene, L50, F|\n|poke|p1|Scizor, L50, M|\n|poke|p2|Rotom-Wash, L50|\n|poke|p2|Charizard, L50, F|\n|poke|p2|Hippowdon, L50, M|\n|poke|p2|Lucario, L50, F|\n|poke|p2|Hatterene, L50, F|\n|poke|p2|Basculegion, L50, M|\n|teampreview|3\n|inactive|Battle timer is ON: inactive players will automatically lose when time's up. (requested by bryannoah2309)\n|inactive|bryannoah2309 has 30 seconds left.\n|inactive|bryannoah2309 has 20 seconds left.\n|inactive|bryannoah2309 has 15 seconds left.\n|inactive|bryannoah2309 has 10 seconds left.\n|inactive|bryannoah2309 has 5 seconds left.\n|\n|t:|1776345595\n|teamsize|p1|3\n|teamsize|p2|3\n|start\n|switch|p1a: Gengar|Gengar, L50, M, shiny|100/100\n|switch|p2a: Hippowdon|Hippowdon, L50, M|100/100\n|-weather|Sandstorm|[from] ability: Sand Stream|[of] p2a: Hippowdon\n|turn|1\n|inactive|bryannoah2309 has 30 seconds left.\n|\n|t:|1776345621\n|detailschange|p1a: Gengar|Gengar-Mega, L50, M, shiny\n|-mega|p1a: Gengar|Gengar|Gengarite\n|move|p1a: Gengar|Substitute|p1a: Gengar\n|-start|p1a: Gengar|Substitute\n|-damage|p1a: Gengar|76/100\n|move|p2a: Hippowdon|Earthquake|p1a: Gengar\n|-supereffective|p1a: Gengar|1\n|-end|p1a: Gengar|Substitute\n|\n|-weather|Sandstorm|[upkeep]\n|-damage|p1a: Gengar|70/100|[from] Sandstorm\n|upkeep\n|turn|2\n|\n|t:|1776345632\n|move|p1a: Gengar|Disable|p2a: Hippowdon\n|-start|p2a: Hippowdon|Disable|Earthquake\n|move|p2a: Hippowdon|Whirlwind|p1a: Gengar\n|drag|p1a: Scizor|Scizor, L50, M|100/100\n|\n|-weather|Sandstorm|[upkeep]\n|upkeep\n|turn|3\n|\n|t:|1776345654\n|move|p1a: Scizor|Bullet Punch|p2a: Hippowdon\n|-damage|p2a: Hippowdon|80/100\n|move|p2a: Hippowdon|Stealth Rock|p1a: Scizor\n|-sidestart|p1: bryannoah2309|move: Stealth Rock\n|\n|-weather|Sandstorm|[upkeep]\n|upkeep\n|turn|4\n|\n|t:|1776345662\n|move|p1a: Scizor|Bullet Punch|p2a: Hippowdon\n|-damage|p2a: Hippowdon|60/100\n|move|p2a: Hippowdon|Yawn|p1a: Scizor\n|-start|p1a: Scizor|move: Yawn|[of] p2a: Hippowdon\n|\n|-weather|Sandstorm|[upkeep]\n|upkeep\n|turn|5\n|\n|t:|1776345670\n|move|p1a: Scizor|U-turn|p2a: Hippowdon\n|-damage|p2a: Hippowdon|39/100\n|-enditem|p2a: Hippowdon|Sitrus Berry|[eat]\n|-heal|p2a: Hippowdon|63/100|[from] item: Sitrus Berry\n|\n|t:|1776345676\n|switch|p1a: Garchomp|Garchomp, L50, M|100/100|[from] U-turn\n|-damage|p1a: Garchomp|94/100|[from] Stealth Rock\n|move|p2a: Hippowdon|Yawn|p1a: Garchomp\n|-start|p1a: Garchomp|move: Yawn|[of] p2a: Hippowdon\n|\n|-weather|none\n|-end|p2a: Hippowdon|Disable\n|upkeep\n|turn|6\n|\n|t:|1776345688\n|switch|p2a: Hatterene|Hatterene, L50, F|100/100\n|move|p1a: Garchomp|Stealth Rock|p2a: Hatterene\n|move|p2a: Hatterene|Stealth Rock||[from] ability: Magic Bounce|[still]\n|-fail|p2a: Hatterene\n|\n|-end|p1a: Garchomp|move: Yawn|[silent]\n|-status|p1a: Garchomp|slp\n|upkeep\n|turn|7\n|\n|t:|1776345700\n|cant|p1a: Garchomp|slp\n|move|p2a: Hatterene|Psychic Noise|p1a: Garchomp\n|-damage|p1a: Garchomp|55/100 slp\n|-start|p1a: Garchomp|move: Heal Block\n|\n|upkeep\n|turn|8\n|\n|t:|1776345709\n|switch|p1a: Scizor|Scizor, L50, M|100/100\n|-damage|p1a: Scizor|88/100|[from] Stealth Rock\n|move|p2a: Hatterene|Draining Kiss|p1a: Scizor\n|-resisted|p1a: Scizor|1\n|-damage|p1a: Scizor|71/100\n|\n|upkeep\n|turn|9\n|\n|t:|1776345721\n|switch|p2a: Hippowdon|Hippowdon, L50, M|63/100\n|-weather|Sandstorm|[from] ability: Sand Stream|[of] p2a: Hippowdon\n|move|p1a: Scizor|Bullet Punch|p2a: Hippowdon\n|-damage|p2a: Hippowdon|42/100\n|\n|-weather|Sandstorm|[upkeep]\n|upkeep\n|turn|10\n|\n|t:|1776345730\n|move|p1a: Scizor|Bullet Punch|p2a: Hippowdon\n|-damage|p2a: Hippowdon|21/100\n|move|p2a: Hippowdon|Earthquake|p1a: Scizor\n|-damage|p1a: Scizor|26/100\n|-enditem|p1a: Scizor|Sitrus Berry|[eat]\n|-heal|p1a: Scizor|51/100|[from] item: Sitrus Berry\n|\n|-weather|Sandstorm|[upkeep]\n|upkeep\n|turn|11\n|\n|t:|1776345740\n|move|p1a: Scizor|Bullet Punch|p2a: Hippowdon\n|-damage|p2a: Hippowdon|0 fnt\n|faint|p2a: Hippowdon\n|\n|-weather|Sandstorm|[upkeep]\n|upkeep\n|\n|t:|1776345742\n|switch|p2a: Charizard|Charizard, L50, F|100/100\n|turn|12\n|\n|t:|1776345753\n|switch|p1a: Garchomp|Garchomp, L50, M|55/100 slp\n|-damage|p1a: Garchomp|49/100 slp|[from] Stealth Rock\n|detailschange|p2a: Charizard|Charizard-Mega-X, L50, F\n|-mega|p2a: Charizard|Charizard|Charizardite X\n|move|p2a: Charizard|Dragon Dance|p2a: Charizard\n|-boost|p2a: Charizard|atk|1\n|-boost|p2a: Charizard|spe|1\n|\n|-weather|Sandstorm|[upkeep]\n|-damage|p2a: Charizard|95/100|[from] Sandstorm\n|upkeep\n|turn|13\n|\n|t:|1776345765\n|move|p2a: Charizard|Dragon Claw|p1a: Garchomp\n|-supereffective|p1a: Garchomp|1\n|-damage|p1a: Garchomp|0 fnt\n|-damage|p2a: Charizard|83/100|[from] ability: Rough Skin|[of] p1a: Garchomp\n|faint|p1a: Garchomp\n|\n|-weather|none\n|upkeep\n|-message|bryannoah2309 forfeited.\n|\n|win|hoshigumo1101\n|raw|bryannoah2309's rating: 1262 &rarr; <strong>1242</strong><br />(-20 for losing)\n|raw|hoshigumo1101's rating: 1327 &rarr; <strong>1343</strong><br />(+16 for winning)\n|l|\u2606bryannoah2309\n|player|p1|\n",
  "uploadtime": 1776345785,
  "views": 8,
  "formatid": "gen9championsbssregma",
  "rating": 1242,
  "private": 0,
  "password": null
}