{
  "id": "gen9championsbssregma-2586007190",
  "format": "[Gen 9 Champions] BSS Reg M-A",
  "players": [
    "fletchyfletchy",
    "yungsquidy"
  ],
  "log": "|j|\u2606fletchyfletchy\n|j|\u2606yungsquidy\n|t:|1776389682\n|gametype|singles\n|player|p1|fletchyfletchy|liko|1154\n|player|p2|yungsquidy|265|1040\n|gen|9\n|tier|[Gen 9 Champions] BSS Reg M-A\n|rated|\n|rule|Species Clause: Limit one of each Pok\u00e9mon\n|rule|Item Clause: Limit 1 of each item\n|clearpoke\n|poke|p1|Lopunny, L50, F|\n|poke|p1|Basculegion, L50, M|\n|poke|p1|Meowscarada, L50, M|\n|poke|p1|Aegislash, L50, F|\n|poke|p1|Charizard, L50, F|\n|poke|p1|Rotom-Wash, L50|\n|poke|p2|Sableye, L50, F|\n|poke|p2|Garchomp, L50, F|\n|poke|p2|Primarina, L50, M|\n|poke|p2|Decidueye-Hisui, L50, M|\n|poke|p2|Talonflame, L50, M|\n|poke|p2|Glimmora, L50, M|\n|teampreview|3\n|\n|t:|1776389735\n|teamsize|p1|3\n|teamsize|p2|3\n|start\n|switch|p1a: Lopunny|Lopunny, L50, F|100/100\n|switch|p2a: Sableye|Sableye, L50, F|100/100\n|turn|1\n|\n|t:|1776389743\n|detailschange|p1a: Lopunny|Lopunny-Mega, L50, F\n|-mega|p1a: Lopunny|Lopunny|Lopunnite\n|detailschange|p2a: Sableye|Sableye-Mega, L50, F\n|-mega|p2a: Sableye|Sableye|Sablenite\n|move|p1a: Lopunny|Fake Out|p2a: Sableye\n|-damage|p2a: Sableye|83/100\n|cant|p2a: Sableye|flinch\n|\n|upkeep\n|turn|2\n|\n|t:|1776389756\n|switch|p1a: Rotom|Rotom-Wash, L50|100/100\n|move|p2a: Sableye|Calm Mind|p2a: Sableye\n|-boost|p2a: Sableye|spa|1\n|-boost|p2a: Sableye|spd|1\n|\n|upkeep\n|turn|3\n|\n|t:|1776389767\n|move|p1a: Rotom|Volt Switch|p2a: Sableye\n|-damage|p2a: Sableye|64/100\n|\n|t:|1776389773\n|switch|p1a: Lopunny|Lopunny-Mega, L50, F|100/100|[from] Volt Switch\n|move|p2a: Sableye|Dark Pulse|p1a: Lopunny\n|-resisted|p1a: Lopunny|1\n|-damage|p1a: Lopunny|71/100\n|\n|upkeep\n|turn|4\n|\n|t:|1776389784\n|move|p1a: Lopunny|Fake Out|p2a: Sableye\n|-damage|p2a: Sableye|43/100\n|cant|p2a: Sableye|flinch\n|\n|upkeep\n|turn|5\n|\n|t:|1776389788\n|move|p1a: Lopunny|Close Combat|p2a: Sableye\n|-supereffective|p2a: Sableye|1\n|-damage|p2a: Sableye|0 fnt\n|-unboost|p1a: Lopunny|def|1\n|-unboost|p1a: Lopunny|spd|1\n|faint|p2a: Sableye\n|\n|upkeep\n|\n|t:|1776389795\n|switch|p2a: Decidueye|Decidueye-Hisui, L50, M|100/100\n|turn|6\n|\n|t:|1776389821\n|move|p1a: Lopunny|Close Combat|p2a: Decidueye\n|-damage|p2a: Decidueye|24/100\n|-unboost|p1a: Lopunny|def|1\n|-unboost|p1a: Lopunny|spd|1\n|move|p2a: Decidueye|Triple Arrows|p1a: Lopunny\n|-supereffective|p1a: Lopunny|1\n|-damage|p1a: Lopunny|0 fnt\n|faint|p1a: Lopunny\n|\n|upkeep\n|\n|t:|1776389828\n|switch|p1a: Rotom|Rotom-Wash, L50|100/100\n|turn|7\n|\n|t:|1776389832\n|move|p2a: Decidueye|Triple Arrows|p1a: Rotom\n|-damage|p1a: Rotom|66/100\n|-unboost|p1a: Rotom|def|1\n|move|p1a: Rotom|Will-O-Wisp|p2a: Decidueye\n|-status|p2a: Decidueye|brn\n|\n|-damage|p2a: Decidueye|17/100 brn|[from] brn\n|upkeep\n|turn|8\n|\n|t:|1776389841\n|move|p2a: Decidueye|Triple Arrows|p1a: Rotom\n|-damage|p1a: Rotom|38/100\n|-enditem|p1a: Rotom|Sitrus Berry|[eat]\n|-heal|p1a: Rotom|63/100|[from] item: Sitrus Berry\n|cant|p1a: Rotom|flinch\n|\n|-damage|p2a: Decidueye|11/100 brn|[from] brn\n|upkeep\n|turn|9\n|\n|t:|1776389848\n|move|p2a: Decidueye|Triple Arrows|p1a: Rotom\n|-damage|p1a: Rotom|37/100\n|move|p1a: Rotom|Hydro Pump|p2a: Decidueye|[miss]\n|-miss|p1a: Rotom|p2a: Decidueye\n|\n|-damage|p2a: Decidueye|5/100 brn|[from] brn\n|upkeep\n|turn|10\n|\n|t:|1776389855\n|move|p2a: Decidueye|Triple Arrows|p1a: Rotom\n|-damage|p1a: Rotom|12/100\n|move|p1a: Rotom|Volt Switch|p2a: Decidueye\n|-resisted|p2a: Decidueye|1\n|-damage|p2a: Decidueye|0 fnt\n|faint|p2a: Decidueye\n|\n|t:|1776389859\n|switch|p1a: Aegislash|Aegislash, L50, F|100/100|[from] Volt Switch\n|\n|upkeep\n|\n|t:|1776389865\n|switch|p2a: Primarina|Primarina, L50, M|100/100\n|turn|11\n|\n|t:|1776389899\n|move|p1a: Aegislash|Swords Dance|p1a: Aegislash\n|-boost|p1a: Aegislash|atk|2\n|move|p2a: Primarina|Surf|p1a: Aegislash\n|-damage|p1a: Aegislash|60/100\n|\n|-heal|p1a: Aegislash|66/100|[from] item: Leftovers\n|upkeep\n|turn|12\n|inactive|Battle timer is ON: inactive players will automatically lose when time's up. (requested by fletchyfletchy)\n|\n|t:|1776389941\n|-formechange|p1a: Aegislash|Aegislash-Blade|\n|move|p1a: Aegislash|Sacred Sword|p2a: Primarina\n|-resisted|p2a: Primarina|1\n|-damage|p2a: Primarina|60/100\n|move|p2a: Primarina|Surf|p1a: Aegislash\n|-damage|p1a: Aegislash|0 fnt\n|faint|p1a: Aegislash\n|\n|-heal|p2a: Primarina|66/100|[from] item: Leftovers\n|upkeep\n|\n|t:|1776389947\n|switch|p1a: Rotom|Rotom-Wash, L50|12/100\n|turn|13\n|\n|t:|1776389957\n|move|p1a: Rotom|Pain Split|p2a: Primarina\n|-sethp|p2a: Primarina|38/100|[from] move: Pain Split|[silent]\n|-sethp|p1a: Rotom|45/100|[from] move: Pain Split\n|move|p2a: Primarina|Moonblast|p1a: Rotom\n|-damage|p1a: Rotom|0 fnt\n|faint|p1a: Rotom\n|\n|win|yungsquidy\n|raw|fletchyfletchy's rating: 1154 &rarr; <strong>1121</strong><br />(-33 for losing)\n|raw|yungsquidy's rating: 1040 &rarr; <strong>1085</strong><br />(+45 for winning)\n",
  "uploadtime": 1776389957,
  "views": 3,
  "formatid": "gen9championsbssregma",
  "rating": 1085,
  "private": 0,
  "password": null
}