{
  "id": "gen9championsbssregma-2586956200",
  "format": "[Gen 9 Champions] BSS Reg M-A",
  "players": [
    "6767676767c",
    "LOL.XD.9"
  ],
  "log": "|j|\u26066767676767c\n|j|\u2606LOL.XD.9\n|t:|1776475422\n|gametype|singles\n|player|p1|6767676767c|hilbert-wonderlauncher|1188\n|player|p2|LOL.XD.9|red|1236\n|gen|9\n|tier|[Gen 9 Champions] BSS Reg M-A\n|rated|\n|rule|Species Clause: Limit one of each Pok\u00e9mon\n|rule|Item Clause: Limit 1 of each item\n|clearpoke\n|poke|p1|Garchomp, L50, M|\n|poke|p1|Lucario, L50, M|\n|poke|p1|Gardevoir, L50, F|\n|poke|p1|Aegislash, L50, M|\n|poke|p1|Dragonite, L50, M|\n|poke|p1|Mimikyu, L50, M|\n|poke|p2|Corviknight, L50, M|\n|poke|p2|Feraligatr, L50, M|\n|poke|p2|Hawlucha, L50, M|\n|poke|p2|Sylveon, L50, F|\n|poke|p2|Greninja-*, L50, M|\n|poke|p2|Blastoise, L50, M|\n|teampreview|3\n|inactive|Battle timer is ON: inactive players will automatically lose when time's up. (requested by 6767676767c)\n|\n|t:|1776475448\n|teamsize|p1|3\n|teamsize|p2|3\n|start\n|switch|p1a: Mimikyu|Mimikyu, L50, M|100/100\n|switch|p2a: Sylveon|Sylveon, L50, F|100/100\n|turn|1\n|\n|t:|1776475454\n|move|p1a: Mimikyu|Substitute|p1a: Mimikyu\n|-start|p1a: Mimikyu|Substitute\n|-damage|p1a: Mimikyu|76/100\n|move|p2a: Sylveon|Hyper Voice|p1a: Mimikyu\n|-activate|p1a: Mimikyu|ability: Disguise\n|-damage|p1a: Mimikyu|76/100\n|detailschange|p1a: Mimikyu|Mimikyu-Busted, L50, M\n|-damage|p1a: Mimikyu|64/100|[from] pokemon: Mimikyu-Busted\n|\n|upkeep\n|turn|2\n|\n|t:|1776475462\n|move|p1a: Mimikyu|Swords Dance|p1a: Mimikyu\n|-boost|p1a: Mimikyu|atk|2\n|move|p2a: Sylveon|Hyper Voice|p1a: Mimikyu\n|-damage|p1a: Mimikyu|0 fnt\n|faint|p1a: Mimikyu\n|\n|upkeep\n|\n|t:|1776475470\n|switch|p1a: Lucario|Lucario, L50, M|100/100\n|turn|3\n|\n|t:|1776475475\n|detailschange|p1a: Lucario|Lucario-Mega, L50, M\n|-mega|p1a: Lucario|Lucario|Lucarionite\n|move|p1a: Lucario|Bullet Punch|p2a: Sylveon\n|-supereffective|p2a: Sylveon|1\n|-damage|p2a: Sylveon|17/100\n|move|p2a: Sylveon|Mystical Fire|p1a: Lucario\n|-supereffective|p1a: Lucario|1\n|-damage|p1a: Lucario|25/100\n|-unboost|p1a: Lucario|spa|1\n|\n|upkeep\n|turn|4\n|\n|t:|1776475485\n|move|p1a: Lucario|Bullet Punch|p2a: Sylveon\n|-supereffective|p2a: Sylveon|1\n|-damage|p2a: Sylveon|0 fnt\n|faint|p2a: Sylveon\n|\n|upkeep\n|\n|t:|1776475491\n|switch|p2a: Hawlucha|Hawlucha, L50, M|100/100\n|turn|5\n|\n|t:|1776475501\n|switch|p1a: Dragonite|Dragonite, L50, M|100/100\n|detailschange|p2a: Hawlucha|Hawlucha-Mega, L50, M\n|-mega|p2a: Hawlucha|Hawlucha|Hawluchanite\n|move|p2a: Hawlucha|Cross Chop|p1a: Dragonite\n|-resisted|p1a: Dragonite|1\n|-crit|p1a: Dragonite\n|-damage|p1a: Dragonite|75/100\n|\n|-heal|p1a: Dragonite|81/100|[from] item: Leftovers\n|upkeep\n|turn|6\n|\n|t:|1776475513\n|move|p2a: Hawlucha|Stone Edge|p1a: Dragonite\n|-supereffective|p1a: Dragonite|1\n|-damage|p1a: Dragonite|0 fnt\n|faint|p1a: Dragonite\n|\n|upkeep\n|\n|t:|1776475517\n|switch|p1a: Lucario|Lucario-Mega, L50, M|25/100\n|turn|7\n|\n|t:|1776475524\n|move|p2a: Hawlucha|Cross Chop|p1a: Lucario\n|-supereffective|p1a: Lucario|1\n|-damage|p1a: Lucario|0 fnt\n|faint|p1a: Lucario\n|\n|win|LOL.XD.9\n|raw|6767676767c's rating: 1188 &rarr; <strong>1166</strong><br />(-22 for losing)\n|raw|LOL.XD.9's rating: 1236 &rarr; <strong>1258</strong><br />(+22 for winning)\n|l|\u26066767676767c\n|player|p1|\n",
  "uploadtime": 1776475529,
  "views": 6,
  "formatid": "gen9championsbssregma",
  "rating": 1166,
  "private": 0,
  "password": null
}