{
  "id": "gen9championsbssregma-2583921446",
  "format": "[Gen 9 Champions] BSS Reg M-A",
  "players": [
    "manfromtheagency",
    "YAJEE"
  ],
  "log": "|j|\u2606manfromtheagency\n|j|\u2606YAJEE\n|t:|1776208498\n|gametype|singles\n|player|p1|manfromtheagency|gambler|1133\n|player|p2|YAJEE|265|1117\n|gen|9\n|tier|[Gen 9 Champions] BSS Reg M-A\n|rated|\n|rule|Species Clause: Limit one of each Pok\u00e9mon\n|rule|Item Clause: Limit 1 of each item\n|clearpoke\n|poke|p1|Meganium, L50, M|\n|poke|p1|Skarmory, L50, M|\n|poke|p1|Clefable, L50, M|\n|poke|p1|Garchomp, L50, F|\n|poke|p1|Meowscarada, L50, F|\n|poke|p1|Glimmora, L50, M|\n|poke|p2|Tyranitar, L50, M|\n|poke|p2|Garchomp, L50, M|\n|poke|p2|Corviknight, L50, F|\n|poke|p2|Rotom-Wash, L50|\n|poke|p2|Meganium, L50, F|\n|poke|p2|Charizard, L50, F|\n|teampreview|3\n|c|\u2606manfromtheagency|gl hf\n|inactive|Battle timer is ON: inactive players will automatically lose when time's up. (requested by manfromtheagency)\n|inactive|YAJEE has 60 seconds left.\n|\n|t:|1776208564\n|teamsize|p1|3\n|teamsize|p2|3\n|start\n|switch|p1a: Meowscarada|Meowscarada, L50, F|100/100\n|switch|p2a: Garchomp|Garchomp, L50, M|100/100\n|turn|1\n|\n|t:|1776208574\n|move|p1a: Meowscarada|Triple Axel|p2a: Garchomp\n|-start|p1a: Meowscarada|typechange|Ice|[from] ability: Protean\n|-supereffective|p2a: Garchomp|2\n|-damage|p2a: Garchomp|76/100\n|-damage|p1a: Meowscarada|89/100|[from] ability: Rough Skin|[of] p2a: Garchomp\n|-supereffective|p2a: Garchomp|2\n|-damage|p2a: Garchomp|32/100\n|-damage|p1a: Meowscarada|77/100|[from] ability: Rough Skin|[of] p2a: Garchomp\n|-enditem|p2a: Garchomp|Sitrus Berry|[eat]\n|-heal|p2a: Garchomp|56/100|[from] item: Sitrus Berry\n|-supereffective|p2a: Garchomp|2\n|-damage|p2a: Garchomp|0 fnt\n|-damage|p1a: Meowscarada|65/100|[from] ability: Rough Skin|[of] p2a: Garchomp\n|faint|p2a: Garchomp\n|-hitcount|p2: Garchomp|3\n|\n|upkeep\n|\n|t:|1776208590\n|switch|p2a: Charizard|Charizard, L50, F|100/100\n|turn|2\n|\n|t:|1776208598\n|switch|p1a: Clefable|Clefable, L50, M|100/100\n|move|p2a: Charizard|Flame Charge|p1a: Clefable\n|-damage|p1a: Clefable|84/100\n|-boost|p2a: Charizard|spe|1\n|\n|-heal|p1a: Clefable|90/100|[from] item: Leftovers\n|upkeep\n|turn|3\n|\n|t:|1776208621\n|detailschange|p2a: Charizard|Charizard-Mega-X, L50, F\n|-mega|p2a: Charizard|Charizard|Charizardite X\n|move|p2a: Charizard|Flame Charge|p1a: Clefable\n|-damage|p1a: Clefable|59/100\n|-boost|p2a: Charizard|spe|1\n|move|p1a: Clefable|Calm Mind|p1a: Clefable\n|-boost|p1a: Clefable|spa|1\n|-boost|p1a: Clefable|spd|1\n|\n|-heal|p1a: Clefable|65/100|[from] item: Leftovers\n|upkeep\n|turn|4\n|\n|t:|1776208632\n|move|p2a: Charizard|Flare Blitz|p1a: Clefable\n|-damage|p1a: Clefable|0 fnt\n|faint|p1a: Clefable\n|-damage|p2a: Charizard|73/100|[from] Recoil\n|\n|upkeep\n|inactive|manfromtheagency has 30 seconds left.\n|\n|t:|1776208658\n|switch|p1a: Meowscarada|Meowscarada, L50, F|65/100\n|turn|5\n|\n|t:|1776208664\n|move|p2a: Charizard|Flame Charge|p1a: Meowscarada\n|-supereffective|p1a: Meowscarada|1\n|-damage|p1a: Meowscarada|0 fnt\n|-boost|p2a: Charizard|spe|1\n|faint|p1a: Meowscarada\n|\n|upkeep\n|\n|t:|1776208679\n|switch|p1a: Skarmory|Skarmory, L50, M|100/100\n|turn|6\n|\n|t:|1776208685\n|detailschange|p1a: Skarmory|Skarmory-Mega, L50, M\n|-mega|p1a: Skarmory|Skarmory|Skarmorite\n|move|p2a: Charizard|Flare Blitz|p1a: Skarmory\n|-supereffective|p1a: Skarmory|1\n|-damage|p1a: Skarmory|0 fnt\n|faint|p1a: Skarmory\n|-damage|p2a: Charizard|42/100|[from] Recoil\n|\n|win|YAJEE\n|raw|manfromtheagency's rating: 1133 &rarr; <strong>1107</strong><br />(-26 for losing)\n|raw|YAJEE's rating: 1117 &rarr; <strong>1143</strong><br />(+26 for winning)\n|c|\u2606manfromtheagency|gg\n",
  "uploadtime": 1776208693,
  "views": 2,
  "formatid": "gen9championsbssregma",
  "rating": 1107,
  "private": 0,
  "password": null
}