{
  "id": "gen9championsbssregma-2584041854",
  "format": "[Gen 9 Champions] BSS Reg M-A",
  "players": [
    "Hinya",
    "nanigaski"
  ],
  "log": "|j|\u2606Hinya\n|j|\u2606nanigaski\n|t:|1776219404\n|gametype|singles\n|player|p1|Hinya|arezu|1175\n|player|p2|nanigaski|twins-gen4dp|1199\n|gen|9\n|tier|[Gen 9 Champions] BSS Reg M-A\n|rated|\n|rule|Species Clause: Limit one of each Pok\u00e9mon\n|rule|Item Clause: Limit 1 of each item\n|clearpoke\n|poke|p1|Kangaskhan, L50, F|\n|poke|p1|Hippowdon, L50, M|\n|poke|p1|Aegislash, L50, M|\n|poke|p1|Basculegion, L50, M|\n|poke|p1|Garchomp, L50, M|\n|poke|p1|Floette-Eternal, L50, F|\n|poke|p2|Garchomp, L50, F|\n|poke|p2|Slowking-Galar, L50, F|\n|poke|p2|Floette-Eternal, L50, F|\n|poke|p2|Kangaskhan, L50, F|\n|poke|p2|Rotom-Wash, L50|\n|poke|p2|Kingambit, L50, F|\n|teampreview|3\n|inactive|Battle timer is ON: inactive players will automatically lose when time's up. (requested by Hinya)\n|inactive|nanigaski has 60 seconds left.\n|\n|t:|1776219441\n|teamsize|p1|3\n|teamsize|p2|3\n|start\n|switch|p1a: \ud55c\uce74\ub9ac\uc544\uc2a4|Garchomp, L50, M|100/100\n|switch|p2a: Rotom|Rotom-Wash, L50, shiny|100/100\n|turn|1\n|\n|t:|1776219450\n|move|p2a: Rotom|Trick|p1a: \ud55c\uce74\ub9ac\uc544\uc2a4\n|-activate|p2a: Rotom|move: Trick|[of] p1a: \ud55c\uce74\ub9ac\uc544\uc2a4\n|-item|p1a: \ud55c\uce74\ub9ac\uc544\uc2a4|Choice Scarf|[from] move: Trick\n|-item|p2a: Rotom|Focus Sash|[from] move: Trick\n|move|p1a: \ud55c\uce74\ub9ac\uc544\uc2a4|Stealth Rock|p2a: Rotom\n|-sidestart|p2: nanigaski|move: Stealth Rock\n|\n|upkeep\n|turn|2\n|\n|t:|1776219457\n|switch|p1a: \ud50c\ub77c\uc5e3\ud14c|Floette-Eternal, L50, F|100/100\n|move|p2a: Rotom|Will-O-Wisp|p1a: \ud50c\ub77c\uc5e3\ud14c\n|-status|p1a: \ud50c\ub77c\uc5e3\ud14c|brn\n|\n|-damage|p1a: \ud50c\ub77c\uc5e3\ud14c|94/100 brn|[from] brn\n|upkeep\n|turn|3\n|\n|t:|1776219469\n|detailschange|p1a: \ud50c\ub77c\uc5e3\ud14c|Floette-Mega, L50, F\n|-mega|p1a: \ud50c\ub77c\uc5e3\ud14c|Floette|Floettite\n|-ability|p1a: \ud50c\ub77c\uc5e3\ud14c|Fairy Aura\n|move|p2a: Rotom|Volt Switch|p1a: \ud50c\ub77c\uc5e3\ud14c\n|-damage|p1a: \ud50c\ub77c\uc5e3\ud14c|72/100 brn\n|\n|t:|1776219478\n|switch|p2a: Kangaskhan|Kangaskhan, L50, F, shiny|100/100|[from] Volt Switch\n|-damage|p2a: Kangaskhan|88/100|[from] Stealth Rock\n|move|p1a: \ud50c\ub77c\uc5e3\ud14c|Calm Mind|p1a: \ud50c\ub77c\uc5e3\ud14c\n|-boost|p1a: \ud50c\ub77c\uc5e3\ud14c|spa|1\n|-boost|p1a: \ud50c\ub77c\uc5e3\ud14c|spd|1\n|\n|-damage|p1a: \ud50c\ub77c\uc5e3\ud14c|66/100 brn|[from] brn\n|upkeep\n|turn|4\n|\n|t:|1776219489\n|detailschange|p2a: Kangaskhan|Kangaskhan-Mega, L50, F, shiny\n|-mega|p2a: Kangaskhan|Kangaskhan|Kangaskhanite\n|move|p2a: Kangaskhan|Fake Out|p1a: \ud50c\ub77c\uc5e3\ud14c\n|-damage|p1a: \ud50c\ub77c\uc5e3\ud14c|42/100 brn\n|-damage|p1a: \ud50c\ub77c\uc5e3\ud14c|37/100 brn\n|-hitcount|p1a: \ud50c\ub77c\uc5e3\ud14c|2\n|cant|p1a: \ud50c\ub77c\uc5e3\ud14c|flinch\n|\n|-damage|p1a: \ud50c\ub77c\uc5e3\ud14c|31/100 brn|[from] brn\n|upkeep\n|turn|5\n|inactive|nanigaski has 30 seconds left.\n|\n|t:|1776219517\n|move|p2a: Kangaskhan|Body Slam|p1a: \ud50c\ub77c\uc5e3\ud14c\n|-damage|p1a: \ud50c\ub77c\uc5e3\ud14c|0 fnt\n|faint|p1a: \ud50c\ub77c\uc5e3\ud14c\n|-hitcount|p1: \ud50c\ub77c\uc5e3\ud14c|1\n|\n|upkeep\n|\n|t:|1776219521\n|switch|p1a: \ud55c\uce74\ub9ac\uc544\uc2a4|Garchomp, L50, M|100/100\n|turn|6\n|\n|t:|1776219528\n|switch|p2a: Rotom|Rotom-Wash, L50, shiny|100/100\n|-damage|p2a: Rotom|89/100|[from] Stealth Rock\n|move|p1a: \ud55c\uce74\ub9ac\uc544\uc2a4|Scale Shot|p2a: Rotom\n|-damage|p2a: Rotom|71/100\n|-damage|p2a: Rotom|54/100\n|-hitcount|p2a: Rotom|2\n|-unboost|p1a: \ud55c\uce74\ub9ac\uc544\uc2a4|def|1\n|-boost|p1a: \ud55c\uce74\ub9ac\uc544\uc2a4|spe|1\n|\n|upkeep\n|turn|7\n|\n|t:|1776219541\n|move|p1a: \ud55c\uce74\ub9ac\uc544\uc2a4|Scale Shot|p2a: Rotom\n|-damage|p2a: Rotom|35/100\n|-damage|p2a: Rotom|18/100\n|-damage|p2a: Rotom|0 fnt\n|faint|p2a: Rotom\n|-hitcount|p2: Rotom|3\n|-unboost|p1a: \ud55c\uce74\ub9ac\uc544\uc2a4|def|1\n|-boost|p1a: \ud55c\uce74\ub9ac\uc544\uc2a4|spe|1\n|\n|upkeep\n|\n|t:|1776219561\n|switch|p2a: Kangaskhan|Kangaskhan-Mega, L50, F, shiny|88/100\n|-damage|p2a: Kangaskhan|76/100|[from] Stealth Rock\n|turn|8\n|\n|t:|1776219568\n|switch|p1a: \ub300\uc4f0\uc5ec\ub108|Basculegion, L50, M|100/100\n|move|p2a: Kangaskhan|Fake Out|p1a: \ub300\uc4f0\uc5ec\ub108\n|-immune|p1a: \ub300\uc4f0\uc5ec\ub108\n|\n|upkeep\n|turn|9\n|\n|t:|1776219581\n|move|p2a: Kangaskhan|Sucker Punch|p1a: \ub300\uc4f0\uc5ec\ub108\n|-supereffective|p1a: \ub300\uc4f0\uc5ec\ub108|1\n|-damage|p1a: \ub300\uc4f0\uc5ec\ub108|37/100\n|-supereffective|p1a: \ub300\uc4f0\uc5ec\ub108|1\n|-damage|p1a: \ub300\uc4f0\uc5ec\ub108|22/100\n|-hitcount|p1a: \ub300\uc4f0\uc5ec\ub108|2\n|move|p1a: \ub300\uc4f0\uc5ec\ub108|Flip Turn|p2a: Kangaskhan\n|-damage|p2a: Kangaskhan|36/100\n|\n|t:|1776219584\n|switch|p1a: \ud55c\uce74\ub9ac\uc544\uc2a4|Garchomp, L50, M|100/100|[from] Flip Turn\n|\n|upkeep\n|turn|10\n|inactive|nanigaski has 30 seconds left.\n|inactive|nanigaski has 20 seconds left.\n|\n|t:|1776219624\n|move|p2a: Kangaskhan|Sucker Punch|p1a: \ud55c\uce74\ub9ac\uc544\uc2a4\n|-damage|p1a: \ud55c\uce74\ub9ac\uc544\uc2a4|74/100\n|-damage|p2a: Kangaskhan|24/100|[from] ability: Rough Skin|[of] p1a: \ud55c\uce74\ub9ac\uc544\uc2a4\n|-damage|p1a: \ud55c\uce74\ub9ac\uc544\uc2a4|69/100\n|-damage|p2a: Kangaskhan|11/100|[from] ability: Rough Skin|[of] p1a: \ud55c\uce74\ub9ac\uc544\uc2a4\n|-hitcount|p1a: \ud55c\uce74\ub9ac\uc544\uc2a4|2\n|move|p1a: \ud55c\uce74\ub9ac\uc544\uc2a4|Earthquake|p2a: Kangaskhan\n|-damage|p2a: Kangaskhan|0 fnt\n|faint|p2a: Kangaskhan\n|\n|upkeep\n|\n|t:|1776219634\n|switch|p2a: Kingambit|Kingambit, L50, F, shiny|100/100\n|-damage|p2a: Kingambit|95/100|[from] Stealth Rock\n|-activate|p2a: Kingambit|ability: Supreme Overlord\n|-start|p2a: Kingambit|fallen2|[silent]\n|turn|11\n|\n|t:|1776219648\n|move|p1a: \ud55c\uce74\ub9ac\uc544\uc2a4|Earthquake|p2a: Kingambit\n|-supereffective|p2a: Kingambit|1\n|-damage|p2a: Kingambit|7/100\n|move|p2a: Kingambit|Kowtow Cleave|p1a: \ud55c\uce74\ub9ac\uc544\uc2a4\n|-damage|p1a: \ud55c\uce74\ub9ac\uc544\uc2a4|0 fnt\n|-damage|p2a: Kingambit|0 fnt|[from] ability: Rough Skin|[of] p1a: \ud55c\uce74\ub9ac\uc544\uc2a4\n|faint|p1a: \ud55c\uce74\ub9ac\uc544\uc2a4\n|faint|p2a: Kingambit\n|-end|p2a: Kingambit|fallen2|[silent]\n|\n|win|Hinya\n|raw|Hinya's rating: 1175 &rarr; <strong>1202</strong><br />(+27 for winning)\n|raw|nanigaski's rating: 1199 &rarr; <strong>1172</strong><br />(-27 for losing)\n",
  "uploadtime": 1776219654,
  "views": 8,
  "formatid": "gen9championsbssregma",
  "rating": 1172,
  "private": 0,
  "password": null
}