{
  "id": "gen9championsbssregma-2585502720",
  "format": "[Gen 9 Champions] BSS Reg M-A",
  "players": [
    "M Y Raymachine",
    "BBBKTY"
  ],
  "log": "|j|\u2606M Y Raymachine\n|j|\u2606BBBKTY\n|t:|1776351880\n|gametype|singles\n|player|p1|M Y Raymachine|gentleman-gen4|1276\n|player|p2|BBBKTY|265|1184\n|gen|9\n|tier|[Gen 9 Champions] BSS Reg M-A\n|rated|\n|rule|Species Clause: Limit one of each Pok\u00e9mon\n|rule|Item Clause: Limit 1 of each item\n|clearpoke\n|poke|p1|Charizard, L50, M|\n|poke|p1|Empoleon, L50, M|\n|poke|p1|Hippowdon, L50, M|\n|poke|p1|Floette-Eternal, L50, F|\n|poke|p1|Meowscarada, L50, M|\n|poke|p1|Kingambit, L50, M|\n|poke|p2|Dragapult, L50, M|\n|poke|p2|Alakazam, L50, M|\n|poke|p2|Azumarill, L50, M|\n|poke|p2|Clefable, L50, M|\n|poke|p2|Espathra, L50, M|\n|poke|p2|Glimmora, L50, F|\n|teampreview|3\n|inactive|Battle timer is ON: inactive players will automatically lose when time's up. (requested by BBBKTY)\n|\n|t:|1776351904\n|teamsize|p1|3\n|teamsize|p2|3\n|start\n|switch|p1a: Empoleon|Empoleon, L50, M|100/100\n|switch|p2a: Glimmora|Glimmora, L50, F|100/100\n|turn|1\n|\n|t:|1776351914\n|move|p2a: Glimmora|Earth Power|p1a: Empoleon\n|-supereffective|p1a: Empoleon|1\n|-damage|p1a: Empoleon|65/100\n|move|p1a: Empoleon|Surf|p2a: Glimmora\n|-supereffective|p2a: Glimmora|1\n|-damage|p2a: Glimmora|28/100\n|\n|-heal|p1a: Empoleon|71/100|[from] item: Leftovers\n|upkeep\n|turn|2\n|\n|t:|1776351927\n|move|p2a: Glimmora|Stealth Rock|p1a: Empoleon\n|-sidestart|p1: M Y Raymachine|move: Stealth Rock\n|move|p1a: Empoleon|Surf|p2a: Glimmora\n|-supereffective|p2a: Glimmora|1\n|-damage|p2a: Glimmora|0 fnt\n|faint|p2a: Glimmora\n|\n|-heal|p1a: Empoleon|76/100|[from] item: Leftovers\n|upkeep\n|inactive|BBBKTY has 30 seconds left.\n|inactive|BBBKTY has 20 seconds left.\n|inactive|BBBKTY has 15 seconds left.\n|\n|t:|1776351968\n|switch|p2a: Espathra|Espathra, L50, M, shiny|100/100\n|turn|3\n|\n|t:|1776351982\n|move|p2a: Espathra|Protect|p2a: Espathra\n|-singleturn|p2a: Espathra|Protect\n|move|p1a: Empoleon|Surf|p2a: Espathra\n|-activate|p2a: Espathra|move: Protect\n|\n|-heal|p1a: Empoleon|82/100|[from] item: Leftovers\n|-ability|p2a: Espathra|Speed Boost|boost\n|-boost|p2a: Espathra|spe|1\n|upkeep\n|turn|4\n|l|\u2606BBBKTY\n|inactive|BBBKTY disconnected and has a minute to reconnect!\n|player|p2|\n|j|\u2606BBBKTY\n|inactive|BBBKTY reconnected and has 35 seconds left.\n|player|p2|BBBKTY|265|\n|inactive|BBBKTY has 30 seconds left.\n|\n|t:|1776352008\n|move|p2a: Espathra|Calm Mind|p2a: Espathra\n|-boost|p2a: Espathra|spa|1\n|-boost|p2a: Espathra|spd|1\n|move|p1a: Empoleon|Yawn|p2a: Espathra\n|-start|p2a: Espathra|move: Yawn|[of] p1a: Empoleon\n|\n|-heal|p1a: Empoleon|88/100|[from] item: Leftovers\n|-ability|p2a: Espathra|Speed Boost|boost\n|-boost|p2a: Espathra|spe|1\n|upkeep\n|turn|5\n|\n|t:|1776352013\n|move|p2a: Espathra|Baton Pass|p2a: Espathra\n|\n|t:|1776352015\n|switch|p2a: Clefable|Clefable, L50, M, shiny|100/100|[from] Baton Pass\n|move|p1a: Empoleon|Stealth Rock|p2a: Clefable\n|-sidestart|p2: BBBKTY|move: Stealth Rock\n|\n|-heal|p1a: Empoleon|94/100|[from] item: Leftovers\n|upkeep\n|turn|6\n|\n|t:|1776352024\n|detailschange|p2a: Clefable|Clefable-Mega, L50, M, shiny\n|-mega|p2a: Clefable|Clefable|Clefablite\n|move|p2a: Clefable|Cosmic Power|p2a: Clefable\n|-boost|p2a: Clefable|def|1\n|-boost|p2a: Clefable|spd|1\n|move|p1a: Empoleon|Roar|p2a: Clefable\n|move|p2a: Clefable|Roar|p1a: Empoleon|[from] ability: Magic Bounce\n|drag|p1a: Kingambit|Kingambit, L50, M|100/100\n|-damage|p1a: Kingambit|95/100|[from] Stealth Rock\n|\n|upkeep\n|turn|7\n|\n|t:|1776352034\n|move|p2a: Clefable|Cosmic Power|p2a: Clefable\n|-boost|p2a: Clefable|def|1\n|-boost|p2a: Clefable|spd|1\n|move|p1a: Kingambit|Iron Head|p2a: Clefable\n|-supereffective|p2a: Clefable|1\n|-damage|p2a: Clefable|62/100\n|\n|upkeep\n|turn|8\n|\n|t:|1776352040\n|move|p2a: Clefable|Cosmic Power|p2a: Clefable\n|-boost|p2a: Clefable|def|1\n|-boost|p2a: Clefable|spd|1\n|move|p1a: Kingambit|Iron Head|p2a: Clefable\n|-supereffective|p2a: Clefable|1\n|-damage|p2a: Clefable|33/100\n|\n|upkeep\n|turn|9\n|\n|t:|1776352048\n|move|p2a: Clefable|Moonlight|p2a: Clefable\n|-heal|p2a: Clefable|83/100\n|move|p1a: Kingambit|Iron Head|p2a: Clefable\n|-supereffective|p2a: Clefable|1\n|-damage|p2a: Clefable|52/100\n|\n|upkeep\n|turn|10\n|\n|t:|1776352053\n|move|p2a: Clefable|Moonblast|p1a: Kingambit\n|-damage|p1a: Kingambit|24/100\n|move|p1a: Kingambit|Iron Head|p2a: Clefable\n|-supereffective|p2a: Clefable|1\n|-damage|p2a: Clefable|19/100\n|\n|upkeep\n|turn|11\n|\n|t:|1776352060\n|move|p2a: Clefable|Moonlight|p2a: Clefable\n|-heal|p2a: Clefable|69/100\n|move|p1a: Kingambit|Iron Head|p2a: Clefable\n|-supereffective|p2a: Clefable|1\n|-damage|p2a: Clefable|33/100\n|\n|upkeep\n|turn|12\n|\n|t:|1776352065\n|move|p2a: Clefable|Moonlight|p2a: Clefable\n|-heal|p2a: Clefable|83/100\n|move|p1a: Kingambit|Iron Head|p2a: Clefable\n|-supereffective|p2a: Clefable|1\n|-damage|p2a: Clefable|50/100\n|\n|upkeep\n|turn|13\n|\n|t:|1776352070\n|move|p2a: Clefable|Moonblast|p1a: Kingambit\n|-damage|p1a: Kingambit|0 fnt\n|faint|p1a: Kingambit\n|-end|p1a: Kingambit|fallenundefined|[silent]\n|\n|upkeep\n|\n|t:|1776352081\n|switch|p1a: Floette|Floette-Eternal, L50, F|100/100\n|-damage|p1a: Floette|88/100|[from] Stealth Rock\n|turn|14\n|\n|t:|1776352086\n|detailschange|p1a: Floette|Floette-Mega, L50, F\n|-mega|p1a: Floette|Floette|Floettite\n|-ability|p1a: Floette|Fairy Aura\n|move|p2a: Clefable|Stored Power|p1a: Floette\n|-damage|p1a: Floette|11/100\n|move|p1a: Floette|Light of Ruin|p2a: Clefable\n|-damage|p2a: Clefable|19/100\n|-damage|p1a: Floette|0 fnt|[from] Recoil\n|faint|p1a: Floette\n|\n|upkeep\n|-message|M Y Raymachine forfeited.\n|\n|win|BBBKTY\n|raw|M Y Raymachine's rating: 1276 &rarr; <strong>1246</strong><br />(-30 for losing)\n|raw|BBBKTY's rating: 1202 &rarr; <strong>1232</strong><br />(+30 for winning)\n|l|\u2606M Y Raymachine\n|player|p1|\n",
  "uploadtime": 1776352096,
  "views": 6,
  "formatid": "gen9championsbssregma",
  "rating": 1232,
  "private": 0,
  "password": null
}