{
  "id": "gen9championsbssregma-2585151643",
  "format": "[Gen 9 Champions] BSS Reg M-A",
  "players": [
    "csgogo",
    "chessboxer316"
  ],
  "log": "|j|\u2606csgogo\n|j|\u2606chessboxer316\n|t:|1776318135\n|gametype|singles\n|player|p1|csgogo|hiker-gen4|1379\n|player|p2|chessboxer316|hilbert|1394\n|gen|9\n|tier|[Gen 9 Champions] BSS Reg M-A\n|rated|\n|rule|Species Clause: Limit one of each Pok\u00e9mon\n|rule|Item Clause: Limit 1 of each item\n|clearpoke\n|poke|p1|Hydreigon, L50, M|\n|poke|p1|Rotom-Wash, L50|\n|poke|p1|Lopunny, L50, M|\n|poke|p1|Archaludon, L50, F|\n|poke|p1|Slowking-Galar, L50, M|\n|poke|p1|Aegislash, L50, F|\n|poke|p2|Gyarados, L50, F|\n|poke|p2|Primarina, L50, M|\n|poke|p2|Venusaur, L50, F|\n|poke|p2|Garchomp, L50, F|\n|poke|p2|Aegislash, L50, F|\n|poke|p2|Incineroar, L50, F|\n|teampreview|3\n|inactive|Battle timer is ON: inactive players will automatically lose when time's up. (requested by chessboxer316)\n|\n|t:|1776318156\n|teamsize|p1|3\n|teamsize|p2|3\n|start\n|switch|p1a: Rotom|Rotom-Wash, L50|100/100\n|switch|p2a: Garchomp|Garchomp, L50, F|100/100\n|turn|1\n|\n|t:|1776318163\n|switch|p2a: Venusaur|Venusaur, L50, F|100/100\n|move|p1a: Rotom|Will-O-Wisp|p2a: Venusaur\n|-status|p2a: Venusaur|brn\n|\n|-damage|p2a: Venusaur|95/100 brn|[from] brn\n|upkeep\n|turn|2\n|\n|t:|1776318173\n|move|p1a: Rotom|Volt Switch|p2a: Venusaur\n|-resisted|p2a: Venusaur|1\n|-damage|p2a: Venusaur|84/100 brn\n|\n|t:|1776318180\n|switch|p1a: Lopunny|Lopunny, L50, M|100/100|[from] Volt Switch\n|move|p2a: Venusaur|Leech Seed|p1a: Lopunny\n|-start|p1a: Lopunny|move: Leech Seed\n|\n|-damage|p1a: Lopunny|89/100|[from] Leech Seed|[of] p2a: Venusaur\n|-heal|p2a: Venusaur|93/100 brn|[silent]\n|-damage|p2a: Venusaur|87/100 brn|[from] brn\n|upkeep\n|turn|3\n|\n|t:|1776318191\n|detailschange|p1a: Lopunny|Lopunny-Mega, L50, M\n|-mega|p1a: Lopunny|Lopunny|Lopunnite\n|detailschange|p2a: Venusaur|Venusaur-Mega, L50, F\n|-mega|p2a: Venusaur|Venusaur|Venusaurite\n|move|p1a: Lopunny|U-turn|p2a: Venusaur\n|-damage|p2a: Venusaur|66/100 brn\n|\n|t:|1776318197\n|switch|p1a: Archaludon|Archaludon, L50, F|100/100|[from] U-turn\n|move|p2a: Venusaur|Giga Drain|p1a: Archaludon\n|-resisted|p1a: Archaludon|2\n|-damage|p1a: Archaludon|89/100\n|-heal|p2a: Venusaur|72/100 brn|[from] drain|[of] p1a: Archaludon\n|-ability|p1a: Archaludon|Stamina|boost\n|-boost|p1a: Archaludon|def|1\n|\n|-damage|p2a: Venusaur|66/100 brn|[from] brn\n|upkeep\n|turn|4\n|\n|t:|1776318211\n|move|p2a: Venusaur|Leech Seed|p1a: Archaludon\n|-start|p1a: Archaludon|move: Leech Seed\n|move|p1a: Archaludon|Flash Cannon|p2a: Venusaur\n|-damage|p2a: Venusaur|40/100 brn\n|\n|-damage|p1a: Archaludon|77/100|[from] Leech Seed|[of] p2a: Venusaur\n|-heal|p2a: Venusaur|53/100 brn|[silent]\n|-damage|p2a: Venusaur|47/100 brn|[from] brn\n|upkeep\n|turn|5\n|\n|t:|1776318221\n|switch|p1a: Lopunny|Lopunny-Mega, L50, M|89/100\n|move|p2a: Venusaur|Leech Seed|p1a: Lopunny\n|-start|p1a: Lopunny|move: Leech Seed\n|\n|-damage|p1a: Lopunny|77/100|[from] Leech Seed|[of] p2a: Venusaur\n|-heal|p2a: Venusaur|56/100 brn|[silent]\n|-damage|p2a: Venusaur|50/100 brn|[from] brn\n|upkeep\n|turn|6\n|\n|t:|1776318231\n|move|p1a: Lopunny|Fake Out|p2a: Venusaur\n|-damage|p2a: Venusaur|33/100 brn\n|cant|p2a: Venusaur|flinch\n|\n|-damage|p1a: Lopunny|65/100|[from] Leech Seed|[of] p2a: Venusaur\n|-heal|p2a: Venusaur|42/100 brn|[silent]\n|-damage|p2a: Venusaur|36/100 brn|[from] brn\n|upkeep\n|turn|7\n|\n|t:|1776318241\n|switch|p2a: Primarina|Primarina, L50, M|100/100\n|move|p1a: Lopunny|Triple Axel|p2a: Primarina\n|-resisted|p2a: Primarina|1\n|-damage|p2a: Primarina|97/100\n|-resisted|p2a: Primarina|1\n|-damage|p2a: Primarina|90/100\n|-resisted|p2a: Primarina|1\n|-crit|p2a: Primarina\n|-damage|p2a: Primarina|78/100\n|-hitcount|p2a: Primarina|3\n|\n|-damage|p1a: Lopunny|53/100|[from] Leech Seed|[of] p2a: Primarina\n|-heal|p2a: Primarina|87/100|[silent]\n|upkeep\n|turn|8\n|\n|t:|1776318254\n|move|p1a: Lopunny|U-turn|p2a: Primarina\n|-resisted|p2a: Primarina|1\n|-damage|p2a: Primarina|76/100\n|\n|t:|1776318259\n|switch|p1a: Rotom|Rotom-Wash, L50|100/100|[from] U-turn\n|move|p2a: Primarina|Moonblast|p1a: Rotom\n|-damage|p1a: Rotom|57/100\n|\n|-heal|p1a: Rotom|62/100|[from] item: Leftovers\n|upkeep\n|turn|9\n|\n|t:|1776318269\n|switch|p2a: Venusaur|Venusaur-Mega, L50, F|36/100 brn\n|move|p1a: Rotom|Volt Switch|p2a: Venusaur\n|-resisted|p2a: Venusaur|1\n|-damage|p2a: Venusaur|28/100 brn\n|\n|t:|1776318273\n|switch|p1a: Lopunny|Lopunny-Mega, L50, M|53/100|[from] Volt Switch\n|\n|-damage|p2a: Venusaur|22/100 brn|[from] brn\n|upkeep\n|turn|10\n|j| p74\n|\n|t:|1776318281\n|switch|p2a: Primarina|Primarina, L50, M|76/100\n|move|p1a: Lopunny|Fake Out|p2a: Primarina\n|-damage|p2a: Primarina|55/100\n|\n|upkeep\n|turn|11\n|j| jolextestteam22\n|\n|t:|1776318297\n|switch|p1a: Rotom|Rotom-Wash, L50|62/100\n|move|p2a: Primarina|Moonblast|p1a: Rotom\n|-damage|p1a: Rotom|18/100\n|\n|-heal|p1a: Rotom|23/100|[from] item: Leftovers\n|upkeep\n|turn|12\n|\n|t:|1776318308\n|switch|p2a: Garchomp|Garchomp, L50, F|100/100\n|move|p1a: Rotom|Volt Switch|p2a: Garchomp\n|-immune|p2a: Garchomp\n|\n|-heal|p1a: Rotom|29/100|[from] item: Leftovers\n|upkeep\n|turn|13\n|\n|t:|1776318319\n|switch|p1a: Archaludon|Archaludon, L50, F|77/100\n|move|p2a: Garchomp|Earthquake|p1a: Archaludon\n|-supereffective|p1a: Archaludon|1\n|-damage|p1a: Archaludon|21/100\n|-ability|p1a: Archaludon|Stamina|boost\n|-boost|p1a: Archaludon|def|1\n|\n|upkeep\n|turn|14\n|\n|t:|1776318328\n|switch|p1a: Rotom|Rotom-Wash, L50|29/100\n|move|p2a: Garchomp|Earthquake|p1a: Rotom\n|-immune|p1a: Rotom|[from] ability: Levitate\n|\n|-heal|p1a: Rotom|35/100|[from] item: Leftovers\n|upkeep\n|turn|15\n|\n|t:|1776318340\n|move|p2a: Garchomp|Scale Shot|p1a: Rotom\n|-damage|p1a: Rotom|23/100\n|-damage|p1a: Rotom|12/100\n|-damage|p1a: Rotom|0 fnt\n|faint|p1a: Rotom\n|-hitcount|p1: Rotom|3\n|-unboost|p2a: Garchomp|def|1\n|-boost|p2a: Garchomp|spe|1\n|\n|upkeep\n|-message|csgogo forfeited.\n|\n|win|chessboxer316\n|raw|csgogo's rating: 1379 &rarr; <strong>1360</strong><br />(-19 for losing)\n|raw|chessboxer316's rating: 1394 &rarr; <strong>1413</strong><br />(+19 for winning)\n|l|\u2606csgogo\n|player|p1|\n",
  "uploadtime": 1776318374,
  "views": 4,
  "formatid": "gen9championsbssregma",
  "rating": 1360,
  "private": 0,
  "password": null
}