{
  "id": "gen9championsbssregma-2583318996",
  "format": "[Gen 9 Champions] BSS Reg M-A",
  "players": [
    "lublh",
    "chanmin"
  ],
  "log": "|j|\u2606lublh\n|j|\u2606chanmin\n|t:|1776166476\n|gametype|singles\n|player|p1|lublh|170|1374\n|player|p2|chanmin|170|1323\n|gen|9\n|tier|[Gen 9 Champions] BSS Reg M-A\n|rated|\n|rule|Species Clause: Limit one of each Pok\u00e9mon\n|rule|Item Clause: Limit 1 of each item\n|clearpoke\n|poke|p1|Meganium, L50, M|\n|poke|p1|Dragonite, L50, M|\n|poke|p1|Lopunny, L50, M|\n|poke|p1|Kleavor, L50, F|\n|poke|p1|Aegislash, L50, F|\n|poke|p1|Garchomp, L50, M|\n|poke|p2|Tinkaton, L50, F|\n|poke|p2|Starmie, L50|\n|poke|p2|Corviknight, L50, F|\n|poke|p2|Volcarona, L50, F|\n|poke|p2|Rotom-Wash, L50|\n|poke|p2|Kangaskhan, L50, F|\n|teampreview|3\n|j| p74\n|inactive|Battle timer is ON: inactive players will automatically lose when time's up. (requested by lublh)\n|\n|t:|1776166508\n|teamsize|p1|3\n|teamsize|p2|3\n|start\n|switch|p1a: Kleavor|Kleavor, L50, F|100/100\n|switch|p2a: Tinkaton|Tinkaton, L50, F|100/100\n|-ability|p2a: Tinkaton|Mold Breaker\n|turn|1\n|\n|t:|1776166517\n|move|p2a: Tinkaton|Thunder Wave|p1a: Kleavor\n|-status|p1a: Kleavor|par\n|move|p1a: Kleavor|Stone Axe|p2a: Tinkaton\n|-resisted|p2a: Tinkaton|1\n|-damage|p2a: Tinkaton|62/100\n|-sidestart|p2: chanmin|move: Stealth Rock\n|\n|upkeep\n|turn|2\n|\n|t:|1776166526\n|move|p2a: Tinkaton|Gigaton Hammer|p1a: Kleavor\n|-supereffective|p1a: Kleavor|1\n|-enditem|p1a: Kleavor|Focus Sash\n|-damage|p1a: Kleavor|1/100 par\n|move|p1a: Kleavor|Close Combat|p2a: Tinkaton\n|-damage|p2a: Tinkaton|0 fnt\n|-unboost|p1a: Kleavor|def|1\n|-unboost|p1a: Kleavor|spd|1\n|faint|p2a: Tinkaton\n|\n|upkeep\n|j| Sanderconda\n|\n|t:|1776166538\n|switch|p2a: Starmie|Starmie, L50|100/100\n|-damage|p2a: Starmie|88/100|[from] Stealth Rock\n|turn|3\n|\n|t:|1776166542\n|detailschange|p2a: Starmie|Starmie-Mega, L50\n|-mega|p2a: Starmie|Starmie|Starminite\n|move|p1a: Kleavor|Quick Attack|p2a: Starmie\n|-crit|p2a: Starmie\n|-damage|p2a: Starmie|59/100\n|move|p2a: Starmie|Bulk Up|p2a: Starmie\n|-boost|p2a: Starmie|atk|1\n|-boost|p2a: Starmie|def|1\n|\n|upkeep\n|turn|4\n|\n|t:|1776166555\n|move|p2a: Starmie|Aqua Jet|p1a: Kleavor\n|-supereffective|p1a: Kleavor|1\n|-damage|p1a: Kleavor|0 fnt\n|faint|p1a: Kleavor\n|\n|upkeep\n|\n|t:|1776166565\n|switch|p1a: Meganium|Meganium, L50, M|100/100\n|turn|5\n|\n|t:|1776166569\n|detailschange|p1a: Meganium|Meganium-Mega, L50, M\n|-mega|p1a: Meganium|Meganium|Meganiumite\n|move|p2a: Starmie|Zen Headbutt|p1a: Meganium\n|-damage|p1a: Meganium|0 fnt\n|faint|p1a: Meganium\n|\n|upkeep\n|\n|t:|1776166574\n|switch|p1a: Dragonite|Dragonite, L50, M|100/100\n|turn|6\n|\n|t:|1776166581\n|move|p2a: Starmie|Zen Headbutt|p1a: Dragonite\n|-damage|p1a: Dragonite|35/100\n|move|p1a: Dragonite|Outrage|p2a: Starmie\n|-damage|p2a: Starmie|6/100\n|\n|upkeep\n|turn|7\n|\n|t:|1776166589\n|move|p2a: Starmie|Liquidation|p1a: Dragonite\n|-resisted|p1a: Dragonite|1\n|-damage|p1a: Dragonite|0 fnt\n|faint|p1a: Dragonite\n|\n|win|chanmin\n|raw|lublh's rating: 1374 &rarr; <strong>1351</strong><br />(-23 for losing)\n|raw|chanmin's rating: 1323 &rarr; <strong>1346</strong><br />(+23 for winning)\n|l|\u2606lublh\n|player|p1|\n|l|\u2606chanmin\n|player|p2|\n",
  "uploadtime": 1776166617,
  "views": 7,
  "formatid": "gen9championsbssregma",
  "rating": 1346,
  "private": 0,
  "password": null
}