{
  "id": "gen9championsbssregma-2584926214",
  "format": "[Gen 9 Champions] BSS Reg M-A",
  "players": [
    "zaliyeyuan",
    "Clown IRL"
  ],
  "log": "|j|\u2606zaliyeyuan\n|j|\u2606Clown IRL\n|t:|1776295168\n|gametype|singles\n|player|p1|zaliyeyuan|artist-gen4|1379\n|player|p2|Clown IRL|harlequin|1322\n|gen|9\n|tier|[Gen 9 Champions] BSS Reg M-A\n|rated|\n|rule|Species Clause: Limit one of each Pok\u00e9mon\n|rule|Item Clause: Limit 1 of each item\n|clearpoke\n|poke|p1|Starmie, L50|\n|poke|p1|Hydreigon, L50, F|\n|poke|p1|Hippowdon, L50, M|\n|poke|p1|Rotom-Wash, L50|\n|poke|p1|Aegislash, L50, M|\n|poke|p1|Floette-Eternal, L50, F|\n|poke|p2|Starmie, L50|\n|poke|p2|Pelipper, L50, M|\n|poke|p2|Chesnaught, L50, F|\n|poke|p2|Kleavor, L50, M|\n|poke|p2|Hydreigon, L50, M|\n|poke|p2|Toxapex, L50, F|\n|teampreview|3\n|j| huhyuhyuhyuh\n|inactive|Battle timer is ON: inactive players will automatically lose when time's up. (requested by Clown IRL)\n|\n|t:|1776295259\n|teamsize|p1|3\n|teamsize|p2|3\n|start\n|switch|p1a: Aegislash|Aegislash, L50, M|100/100\n|switch|p2a: Minos Prime|Starmie, L50|100/100\n|turn|1\n|\n|t:|1776295282\n|detailschange|p2a: Minos Prime|Starmie-Mega, L50\n|-mega|p2a: Minos Prime|Starmie|Starminite\n|move|p2a: Minos Prime|Flip Turn|p1a: Aegislash\n|-crit|p1a: Aegislash\n|-damage|p1a: Aegislash|22/100\n|\n|t:|1776295287\n|switch|p2a: Hydreigon|Hydreigon, L50, M|100/100|[from] Flip Turn\n|-formechange|p1a: Aegislash|Aegislash-Blade|\n|move|p1a: Aegislash|Poltergeist|p2a: Hydreigon\n|-activate|p2a: Hydreigon|move: Poltergeist|Quick Claw\n|-resisted|p2a: Hydreigon|1\n|-damage|p2a: Hydreigon|64/100\n|\n|upkeep\n|turn|2\n|\n|t:|1776295298\n|switch|p1a: Floette|Floette-Eternal, L50, F|100/100\n|move|p2a: Hydreigon|Dark Pulse|p1a: Floette\n|-resisted|p1a: Floette|1\n|-damage|p1a: Floette|85/100\n|\n|upkeep\n|turn|3\n|\n|t:|1776295309\n|detailschange|p1a: Floette|Floette-Mega, L50, F\n|-mega|p1a: Floette|Floette|Floettite\n|-ability|p1a: Floette|Fairy Aura\n|move|p1a: Floette|Draining Kiss|p2a: Hydreigon\n|-supereffective|p2a: Hydreigon|2\n|-damage|p2a: Hydreigon|0 fnt\n|-heal|p1a: Floette|100/100|[from] drain|[of] p2a: Hydreigon\n|faint|p2a: Hydreigon\n|\n|upkeep\n|\n|t:|1776295314\n|switch|p2a: Toxapex|Toxapex, L50, F|100/100\n|turn|4\n|\n|t:|1776295326\n|move|p1a: Floette|Calm Mind|p1a: Floette\n|-boost|p1a: Floette|spa|1\n|-boost|p1a: Floette|spd|1\n|move|p2a: Toxapex|Infestation|p1a: Floette\n|-resisted|p1a: Floette|1\n|-damage|p1a: Floette|99/100\n|-activate|p1a: Floette|move: Infestation|[of] p2a: Toxapex\n|\n|-damage|p1a: Floette|88/100|[from] move: Infestation|[partiallytrapped]\n|upkeep\n|turn|5\n|\n|t:|1776295344\n|move|p1a: Floette|Moonblast|p2a: Toxapex\n|-resisted|p2a: Toxapex|1\n|-damage|p2a: Toxapex|64/100\n|-unboost|p2a: Toxapex|spa|1\n|move|p2a: Toxapex|Toxic|p1a: Floette\n|-status|p1a: Floette|tox\n|\n|-heal|p2a: Toxapex|70/100|[from] item: Leftovers\n|-damage|p1a: Floette|82/100 tox|[from] psn\n|-damage|p1a: Floette|70/100 tox|[from] move: Infestation|[partiallytrapped]\n|upkeep\n|turn|6\n|\n|t:|1776295356\n|move|p1a: Floette|Calm Mind|p1a: Floette\n|-boost|p1a: Floette|spa|1\n|-boost|p1a: Floette|spd|1\n|move|p2a: Toxapex|Recover|p2a: Toxapex\n|-heal|p2a: Toxapex|100/100\n|\n|-damage|p1a: Floette|57/100 tox|[from] psn\n|-damage|p1a: Floette|45/100 tox|[from] move: Infestation|[partiallytrapped]\n|upkeep\n|turn|7\n|j| p74\n|\n|t:|1776295366\n|move|p1a: Floette|Synthesis|p1a: Floette\n|-heal|p1a: Floette|95/100 tox\n|move|p2a: Toxapex|Toxic Spikes|p1a: Floette\n|-sidestart|p1: zaliyeyuan|move: Toxic Spikes\n|\n|-damage|p1a: Floette|77/100 tox|[from] psn\n|-damage|p1a: Floette|65/100 tox|[from] move: Infestation|[partiallytrapped]\n|upkeep\n|turn|8\n|\n|t:|1776295375\n|move|p1a: Floette|Calm Mind|p1a: Floette\n|-boost|p1a: Floette|spa|1\n|-boost|p1a: Floette|spd|1\n|move|p2a: Toxapex|Toxic Spikes|p1a: Floette\n|-sidestart|p1: zaliyeyuan|move: Toxic Spikes\n|\n|-damage|p1a: Floette|40/100 tox|[from] psn\n|-end|p1a: Floette|Infestation|[partiallytrapped]\n|upkeep\n|turn|9\n|\n|t:|1776295385\n|move|p1a: Floette|Draining Kiss|p2a: Toxapex\n|-resisted|p2a: Toxapex|1\n|-damage|p2a: Toxapex|72/100\n|-heal|p1a: Floette|59/100 tox|[from] drain|[of] p2a: Toxapex\n|move|p2a: Toxapex|Recover|p2a: Toxapex\n|-heal|p2a: Toxapex|100/100\n|\n|-damage|p1a: Floette|28/100 tox|[from] psn\n|upkeep\n|turn|10\n|\n|t:|1776295401\n|move|p1a: Floette|Moonblast|p2a: Toxapex\n|-resisted|p2a: Toxapex|1\n|-damage|p2a: Toxapex|43/100\n|move|p2a: Toxapex|Recover|p2a: Toxapex\n|-heal|p2a: Toxapex|93/100\n|\n|-heal|p2a: Toxapex|99/100|[from] item: Leftovers\n|-damage|p1a: Floette|0 fnt|[from] psn\n|faint|p1a: Floette\n|upkeep\n|inactive|zaliyeyuan has 30 seconds left.\n|\n|t:|1776295428\n|switch|p1a: Rotom|Rotom-Wash, L50|100/100\n|turn|11\n|\n|t:|1776295438\n|move|p1a: Rotom|Will-O-Wisp|p2a: Toxapex\n|-status|p2a: Toxapex|brn\n|move|p2a: Toxapex|Infestation|p1a: Rotom\n|-damage|p1a: Rotom|98/100\n|-activate|p1a: Rotom|move: Infestation|[of] p2a: Toxapex\n|\n|-heal|p1a: Rotom|100/100|[from] item: Leftovers\n|-heal|p2a: Toxapex|100/100 brn|[from] item: Leftovers\n|-damage|p2a: Toxapex|95/100 brn|[from] brn\n|-damage|p1a: Rotom|88/100|[from] move: Infestation|[partiallytrapped]\n|upkeep\n|turn|12\n|\n|t:|1776295450\n|move|p1a: Rotom|Thunderbolt|p2a: Toxapex\n|-supereffective|p2a: Toxapex|1\n|-damage|p2a: Toxapex|53/100 brn\n|move|p2a: Toxapex|Recover|p2a: Toxapex\n|-heal|p2a: Toxapex|100/100 brn\n|\n|-heal|p1a: Rotom|94/100|[from] item: Leftovers\n|-damage|p2a: Toxapex|95/100 brn|[from] brn\n|-damage|p1a: Rotom|82/100|[from] move: Infestation|[partiallytrapped]\n|upkeep\n|turn|13\n|\n|t:|1776295461\n|move|p1a: Rotom|Thunderbolt|p2a: Toxapex\n|-supereffective|p2a: Toxapex|1\n|-damage|p2a: Toxapex|49/100 brn\n|move|p2a: Toxapex|Toxic|p1a: Rotom\n|-status|p1a: Rotom|tox\n|\n|-heal|p1a: Rotom|88/100 tox|[from] item: Leftovers\n|-heal|p2a: Toxapex|55/100 brn|[from] item: Leftovers\n|-damage|p1a: Rotom|82/100 tox|[from] psn\n|-damage|p2a: Toxapex|49/100 brn|[from] brn\n|-damage|p1a: Rotom|70/100 tox|[from] move: Infestation|[partiallytrapped]\n|upkeep\n|turn|14\n|\n|t:|1776295473\n|move|p1a: Rotom|Thunderbolt|p2a: Toxapex\n|-supereffective|p2a: Toxapex|1\n|-damage|p2a: Toxapex|3/100 brn\n|move|p2a: Toxapex|Recover|p2a: Toxapex\n|-heal|p2a: Toxapex|53/100 brn\n|\n|-heal|p1a: Rotom|76/100 tox|[from] item: Leftovers\n|-heal|p2a: Toxapex|59/100 brn|[from] item: Leftovers\n|-damage|p1a: Rotom|64/100 tox|[from] psn\n|-damage|p2a: Toxapex|53/100 brn|[from] brn\n|-damage|p1a: Rotom|52/100 tox|[from] move: Infestation|[partiallytrapped]\n|upkeep\n|turn|15\n|\n|t:|1776295485\n|move|p1a: Rotom|Thunderbolt|p2a: Toxapex\n|-supereffective|p2a: Toxapex|1\n|-damage|p2a: Toxapex|10/100 brn\n|move|p2a: Toxapex|Recover|p2a: Toxapex\n|-heal|p2a: Toxapex|60/100 brn\n|\n|-heal|p1a: Rotom|58/100 tox|[from] item: Leftovers\n|-heal|p2a: Toxapex|66/100 brn|[from] item: Leftovers\n|-damage|p1a: Rotom|41/100 tox|[from] psn\n|-damage|p2a: Toxapex|60/100 brn|[from] brn\n|-end|p1a: Rotom|Infestation|[partiallytrapped]\n|upkeep\n|turn|16\n|\n|t:|1776295497\n|move|p1a: Rotom|Thunderbolt|p2a: Toxapex\n|-supereffective|p2a: Toxapex|1\n|-damage|p2a: Toxapex|18/100 brn\n|move|p2a: Toxapex|Recover|p2a: Toxapex\n|-heal|p2a: Toxapex|69/100 brn\n|\n|-heal|p1a: Rotom|46/100 tox|[from] item: Leftovers\n|-heal|p2a: Toxapex|74/100 brn|[from] item: Leftovers\n|-damage|p1a: Rotom|23/100 tox|[from] psn\n|-damage|p2a: Toxapex|69/100 brn|[from] brn\n|upkeep\n|turn|17\n|\n|t:|1776295508\n|move|p1a: Rotom|Thunderbolt|p2a: Toxapex\n|-supereffective|p2a: Toxapex|1\n|-damage|p2a: Toxapex|23/100 brn\n|move|p2a: Toxapex|Recover|p2a: Toxapex\n|-heal|p2a: Toxapex|73/100 brn\n|\n|-heal|p1a: Rotom|29/100 tox|[from] item: Leftovers\n|-heal|p2a: Toxapex|79/100 brn|[from] item: Leftovers\n|-damage|p1a: Rotom|0 fnt|[from] psn\n|faint|p1a: Rotom\n|-damage|p2a: Toxapex|73/100 brn|[from] brn\n|upkeep\n|\n|t:|1776295520\n|switch|p1a: Aegislash|Aegislash, L50, M|22/100\n|turn|18\n|\n|t:|1776295527\n|-formechange|p1a: Aegislash|Aegislash-Blade|\n|move|p1a: Aegislash|Poltergeist|p2a: Toxapex\n|-activate|p2a: Toxapex|move: Poltergeist|Leftovers\n|-damage|p2a: Toxapex|6/100 brn\n|move|p2a: Toxapex|Infestation|p1a: Aegislash\n|-resisted|p1a: Aegislash|2\n|-damage|p1a: Aegislash|21/100\n|-activate|p1a: Aegislash|move: Infestation|[of] p2a: Toxapex\n|\n|-heal|p2a: Toxapex|11/100 brn|[from] item: Leftovers\n|-damage|p2a: Toxapex|6/100 brn|[from] brn\n|-damage|p1a: Aegislash|9/100|[from] move: Infestation|[partiallytrapped]\n|upkeep\n|turn|19\n|\n|t:|1776295545\n|move|p1a: Aegislash|Close Combat|p2a: Toxapex\n|-resisted|p2a: Toxapex|1\n|-crit|p2a: Toxapex\n|-damage|p2a: Toxapex|0 fnt\n|-unboost|p1a: Aegislash|def|1\n|-unboost|p1a: Aegislash|spd|1\n|faint|p2a: Toxapex\n|\n|-end|p1a: Aegislash|Infestation|[partiallytrapped]|[silent]\n|upkeep\n|\n|t:|1776295549\n|switch|p2a: Minos Prime|Starmie-Mega, L50|100/100\n|turn|20\n|\n|t:|1776295555\n|-formechange|p1a: Aegislash|Aegislash|\n|move|p1a: Aegislash|King's Shield|p1a: Aegislash\n|-singleturn|p1a: Aegislash|Protect\n|move|p2a: Minos Prime|Aqua Jet|p1a: Aegislash\n|-activate|p1a: Aegislash|move: Protect\n|-unboost|p2a: Minos Prime|atk|1\n|\n|upkeep\n|turn|21\n|\n|t:|1776295564\n|move|p2a: Minos Prime|Aqua Jet|p1a: Aegislash\n|-damage|p1a: Aegislash|0 fnt\n|faint|p1a: Aegislash\n|\n|win|Clown IRL\n|raw|zaliyeyuan's rating: 1379 &rarr; <strong>1355</strong><br />(-24 for losing)\n|raw|Clown IRL's rating: 1304 &rarr; <strong>1328</strong><br />(+24 for winning)\n|c|\u2606Clown IRL|gg\n|l|\u2606zaliyeyuan\n|player|p1|\n|l| huhyuhyuhyuh\n",
  "uploadtime": 1776295733,
  "views": 3,
  "formatid": "gen9championsbssregma",
  "rating": 1328,
  "private": 0,
  "password": null
}