{
  "id": "gen9championsbssregma-2582904367",
  "format": "[Gen 9 Champions] BSS Reg M-A",
  "players": [
    "harald283",
    "Cerburius"
  ],
  "log": "|j|\u2606harald283\n|j|\u2606Cerburius\n|t:|1776123655\n|gametype|singles\n|player|p1|harald283|drayden|1054\n|player|p2|Cerburius|hilbert|1000\n|gen|9\n|tier|[Gen 9 Champions] BSS Reg M-A\n|rated|\n|rule|Species Clause: Limit one of each Pok\u00e9mon\n|rule|Item Clause: Limit 1 of each item\n|clearpoke\n|poke|p1|Hippowdon, L50, M|\n|poke|p1|Garchomp, L50, M|\n|poke|p1|Excadrill, L50, M|\n|poke|p1|Charizard, L50, M|\n|poke|p1|Kingambit, L50, M|\n|poke|p1|Corviknight, L50, M|\n|poke|p2|Sneasler, L50, F|\n|poke|p2|Alakazam, L50, M|\n|poke|p2|Dragonite, L50, F|\n|poke|p2|Meowscarada, L50, M|\n|poke|p2|Volcarona, L50, M|\n|poke|p2|Kingambit, L50, M|\n|teampreview|3\n|\n|t:|1776123677\n|teamsize|p1|3\n|teamsize|p2|3\n|start\n|switch|p1a: Hippowdon|Hippowdon, L50, M, shiny|100/100\n|switch|p2a: Alakazam|Alakazam, L50, M|100/100\n|-weather|Sandstorm|[from] ability: Sand Stream|[of] p1a: Hippowdon\n|turn|1\n|\n|t:|1776123693\n|detailschange|p2a: Alakazam|Alakazam-Mega, L50, M\n|-mega|p2a: Alakazam|Alakazam|Alakazite\n|-ability|p2a: Alakazam|Sand Stream|Trace|[from] ability: Trace|[of] p1a: Hippowdon\n|move|p2a: Alakazam|Nasty Plot|p2a: Alakazam\n|-boost|p2a: Alakazam|spa|2\n|move|p1a: Hippowdon|Earthquake|p2a: Alakazam\n|-damage|p2a: Alakazam|31/100\n|\n|-weather|Sandstorm|[upkeep]\n|-damage|p2a: Alakazam|25/100|[from] Sandstorm\n|upkeep\n|turn|2\n|\n|t:|1776123706\n|move|p2a: Alakazam|Psychic|p1a: Hippowdon\n|-enditem|p1a: Hippowdon|Focus Sash\n|-damage|p1a: Hippowdon|1/100\n|move|p1a: Hippowdon|Earthquake|p2a: Alakazam\n|-damage|p2a: Alakazam|0 fnt\n|faint|p2a: Alakazam\n|\n|-weather|Sandstorm|[upkeep]\n|upkeep\n|\n|t:|1776123714\n|switch|p2a: Volcarona|Volcarona, L50, M|100/100\n|turn|3\n|\n|t:|1776123723\n|switch|p1a: Garchomp|Garchomp, L50, M, shiny|100/100\n|move|p2a: Volcarona|Fiery Dance|p1a: Garchomp\n|-resisted|p1a: Garchomp|1\n|-damage|p1a: Garchomp|75/100\n|-boost|p2a: Volcarona|spa|1\n|\n|-weather|Sandstorm|[upkeep]\n|-damage|p2a: Volcarona|94/100|[from] Sandstorm\n|-heal|p2a: Volcarona|100/100|[from] item: Leftovers\n|upkeep\n|turn|4\n|\n|t:|1776123735\n|switch|p2a: Dragonite|Dragonite, L50, F|100/100\n|detailschange|p1a: Garchomp|Garchomp-Mega, L50, M, shiny\n|-mega|p1a: Garchomp|Garchomp|Garchompite\n|move|p1a: Garchomp|Stone Edge|p2a: Dragonite\n|-supereffective|p2a: Dragonite|1\n|-crit|p2a: Dragonite\n|-damage|p2a: Dragonite|10/100\n|\n|-weather|Sandstorm|[upkeep]\n|-damage|p2a: Dragonite|4/100|[from] Sandstorm\n|upkeep\n|turn|5\n|\n|t:|1776123755\n|move|p2a: Dragonite|Extreme Speed|p1a: Garchomp\n|-damage|p1a: Garchomp|52/100\n|move|p1a: Garchomp|Scale Shot|p2a: Dragonite\n|-supereffective|p2a: Dragonite|1\n|-damage|p2a: Dragonite|0 fnt\n|faint|p2a: Dragonite\n|-hitcount|p2: Dragonite|1\n|-unboost|p1a: Garchomp|def|1\n|-boost|p1a: Garchomp|spe|1\n|\n|-weather|none\n|upkeep\n|\n|t:|1776123757\n|switch|p2a: Volcarona|Volcarona, L50, M|100/100\n|turn|6\n|\n|t:|1776123770\n|move|p1a: Garchomp|Stone Edge|p2a: Volcarona\n|-supereffective|p2a: Volcarona|2\n|-crit|p2a: Volcarona\n|-damage|p2a: Volcarona|0 fnt\n|faint|p2a: Volcarona\n|\n|win|harald283\n|raw|harald283's rating: 1054 &rarr; <strong>1081</strong><br />(+27 for winning)\n|raw|Cerburius's rating: 1000 &rarr; <strong>1000</strong><br />(+0 for losing)\n|l|\u2606Cerburius\n|player|p2|\n",
  "uploadtime": 1776123777,
  "views": 2,
  "formatid": "gen9championsbssregma",
  "rating": 1000,
  "private": 0,
  "password": null
}