{
  "id": "gen9championsbssregma-2588999704",
  "format": "[Gen 9 Champions] BSS Reg M-A",
  "players": [
    "skjvillage",
    "outsidetoday"
  ],
  "log": "|j|\u2606skjvillage\n|j|\u2606outsidetoday\n|t:|1776692781\n|gametype|singles\n|player|p1|skjvillage|hugh|1133\n|player|p2|outsidetoday|roughneck|1216\n|gen|9\n|tier|[Gen 9 Champions] BSS Reg M-A\n|rated|\n|rule|Species Clause: Limit one of each Pok\u00e9mon\n|rule|Item Clause: Limit 1 of each item\n|clearpoke\n|poke|p1|Charizard, L50, M|\n|poke|p1|Venusaur, L50, M|\n|poke|p1|Tyranitar, L50, M|\n|poke|p1|Corviknight, L50, M|\n|poke|p1|Snorlax, L50, M|\n|poke|p1|Slowbro, L50, M|\n|poke|p2|Garchomp, L50, M, shiny|\n|poke|p2|Primarina, L50, F, shiny|\n|poke|p2|Corviknight, L50, M, shiny|\n|poke|p2|Delphox, L50, M, shiny|\n|poke|p2|Meowscarada, L50, F, shiny|\n|poke|p2|Lucario, L50, M, shiny|\n|teampreview|3\n|inactive|Battle timer is ON: inactive players will automatically lose when time's up. (requested by outsidetoday)\n|inactive|skjvillage has 60 seconds left.\n|inactive|skjvillage has 30 seconds left.\n|inactive|skjvillage has 20 seconds left.\n|inactive|skjvillage has 15 seconds left.\n|\n|t:|1776692860\n|teamsize|p1|3\n|teamsize|p2|3\n|start\n|switch|p1a: Charizard|Charizard, L50, M|100/100\n|switch|p2a: Primarina|Primarina, L50, F, shiny|100/100\n|turn|1\n|\n|t:|1776692874\n|detailschange|p1a: Charizard|Charizard-Mega-Y, L50, M\n|-mega|p1a: Charizard|Charizard|Charizardite Y\n|-weather|SunnyDay|[from] ability: Drought|[of] p1a: Charizard\n|move|p1a: Charizard|Air Slash|p2a: Primarina\n|-damage|p2a: Primarina|64/100\n|move|p2a: Primarina|Flip Turn|p1a: Charizard\n|-supereffective|p1a: Charizard|1\n|-damage|p1a: Charizard|84/100\n|\n|t:|1776692882\n|switch|p2a: Garchomp|Garchomp, L50, M, shiny|100/100|[from] Flip Turn\n|\n|-weather|SunnyDay|[upkeep]\n|upkeep\n|turn|2\n|\n|t:|1776692886\n|switch|p1a: Corviknight|Corviknight, L50, M|100/100\n|-ability|p1a: Corviknight|Pressure\n|move|p2a: Garchomp|Rock Tomb|p1a: Corviknight\n|-damage|p1a: Corviknight|87/100\n|-unboost|p1a: Corviknight|spe|1\n|\n|-weather|SunnyDay|[upkeep]\n|upkeep\n|turn|3\n|\n|t:|1776692897\n|switch|p2a: Primarina|Primarina, L50, F, shiny|64/100\n|move|p1a: Corviknight|Body Press|p2a: Primarina\n|-resisted|p2a: Primarina|1\n|-damage|p2a: Primarina|52/100\n|\n|-weather|SunnyDay|[upkeep]\n|upkeep\n|turn|4\n|\n|t:|1776692905\n|switch|p1a: Snorlax|Snorlax, L50, M|100/100\n|move|p2a: Primarina|Sparkling Aria|p1a: Snorlax\n|-damage|p1a: Snorlax|90/100\n|\n|-weather|SunnyDay|[upkeep]\n|upkeep\n|turn|5\n|\n|t:|1776692911\n|move|p2a: Primarina|Flip Turn|p1a: Snorlax\n|-damage|p1a: Snorlax|81/100\n|\n|t:|1776692921\n|switch|p2a: Lucario|Lucario, L50, M, shiny|100/100|[from] Flip Turn\n|move|p1a: Snorlax|Body Slam|p2a: Lucario\n|-resisted|p2a: Lucario|1\n|-damage|p2a: Lucario|68/100\n|\n|-weather|none\n|upkeep\n|turn|6\n|\n|t:|1776692934\n|switch|p1a: Charizard|Charizard-Mega-Y, L50, M|84/100\n|-weather|SunnyDay|[from] ability: Drought|[of] p1a: Charizard\n|detailschange|p2a: Lucario|Lucario-Mega, L50, M, shiny\n|-mega|p2a: Lucario|Lucario|Lucarionite\n|move|p2a: Lucario|Close Combat|p1a: Charizard\n|-resisted|p1a: Charizard|1\n|-damage|p1a: Charizard|33/100\n|-unboost|p2a: Lucario|def|1\n|-unboost|p2a: Lucario|spd|1\n|\n|-weather|SunnyDay|[upkeep]\n|upkeep\n|turn|7\n|\n|t:|1776692949\n|switch|p2a: Primarina|Primarina, L50, F, shiny|52/100\n|move|p1a: Charizard|Flamethrower|p2a: Primarina\n|-resisted|p2a: Primarina|1\n|-damage|p2a: Primarina|17/100\n|-enditem|p2a: Primarina|Sitrus Berry|[eat]\n|-heal|p2a: Primarina|41/100|[from] item: Sitrus Berry\n|\n|-weather|SunnyDay|[upkeep]\n|upkeep\n|turn|8\n|inactive|skjvillage has 30 seconds left.\n|\n|t:|1776692977\n|switch|p1a: Snorlax|Snorlax, L50, M|81/100\n|move|p2a: Primarina|Flip Turn|p1a: Snorlax\n|-damage|p1a: Snorlax|73/100\n|\n|t:|1776692984\n|switch|p2a: Lucario|Lucario-Mega, L50, M, shiny|68/100|[from] Flip Turn\n|\n|-weather|SunnyDay|[upkeep]\n|upkeep\n|turn|9\n|\n|t:|1776692992\n|move|p2a: Lucario|Close Combat|p1a: Snorlax\n|-supereffective|p1a: Snorlax|1\n|-damage|p1a: Snorlax|0 fnt\n|-unboost|p2a: Lucario|def|1\n|-unboost|p2a: Lucario|spd|1\n|faint|p1a: Snorlax\n|\n|-weather|SunnyDay|[upkeep]\n|upkeep\n|\n|t:|1776692995\n|switch|p1a: Corviknight|Corviknight, L50, M|87/100\n|-ability|p1a: Corviknight|Pressure\n|turn|10\n|\n|t:|1776693004\n|move|p2a: Lucario|Close Combat|p1a: Corviknight\n|-damage|p1a: Corviknight|29/100\n|-unboost|p2a: Lucario|def|1\n|-unboost|p2a: Lucario|spd|1\n|-enditem|p1a: Corviknight|Sitrus Berry|[eat]\n|-heal|p1a: Corviknight|54/100|[from] item: Sitrus Berry\n|move|p1a: Corviknight|Iron Defense|p1a: Corviknight\n|-boost|p1a: Corviknight|def|2\n|\n|-weather|none\n|upkeep\n|turn|11\n|\n|t:|1776693017\n|switch|p2a: Primarina|Primarina, L50, F, shiny|41/100\n|move|p1a: Corviknight|Roost|p1a: Corviknight\n|-heal|p1a: Corviknight|100/100\n|-singleturn|p1a: Corviknight|move: Roost\n|\n|upkeep\n|turn|12\n|\n|t:|1776693023\n|move|p1a: Corviknight|Body Press|p2a: Primarina\n|-resisted|p2a: Primarina|1\n|-damage|p2a: Primarina|18/100\n|move|p2a: Primarina|Sparkling Aria|p1a: Corviknight\n|-damage|p1a: Corviknight|38/100\n|\n|upkeep\n|turn|13\n|\n|t:|1776693030\n|move|p1a: Corviknight|Body Press|p2a: Primarina\n|-resisted|p2a: Primarina|1\n|-crit|p2a: Primarina\n|-damage|p2a: Primarina|0 fnt\n|faint|p2a: Primarina\n|\n|upkeep\n|\n|t:|1776693036\n|switch|p2a: Lucario|Lucario-Mega, L50, M, shiny|68/100\n|turn|14\n|\n|t:|1776693041\n|move|p2a: Lucario|Close Combat|p1a: Corviknight\n|-damage|p1a: Corviknight|4/100\n|-unboost|p2a: Lucario|def|1\n|-unboost|p2a: Lucario|spd|1\n|move|p1a: Corviknight|Roost|p1a: Corviknight\n|-heal|p1a: Corviknight|55/100\n|-singleturn|p1a: Corviknight|move: Roost\n|\n|upkeep\n|turn|15\n|\n|t:|1776693049\n|move|p2a: Lucario|Close Combat|p1a: Corviknight\n|-damage|p1a: Corviknight|22/100\n|-unboost|p2a: Lucario|def|1\n|-unboost|p2a: Lucario|spd|1\n|move|p1a: Corviknight|Roost|p1a: Corviknight\n|-heal|p1a: Corviknight|73/100\n|-singleturn|p1a: Corviknight|move: Roost\n|\n|upkeep\n|turn|16\n|\n|t:|1776693060\n|switch|p2a: Garchomp|Garchomp, L50, M, shiny|100/100\n|move|p1a: Corviknight|Roost|p1a: Corviknight\n|-heal|p1a: Corviknight|100/100\n|-singleturn|p1a: Corviknight|move: Roost\n|\n|upkeep\n|turn|17\n|\n|t:|1776693067\n|move|p2a: Garchomp|Earthquake|p1a: Corviknight\n|-immune|p1a: Corviknight\n|move|p1a: Corviknight|Iron Defense|p1a: Corviknight\n|-boost|p1a: Corviknight|def|2\n|\n|upkeep\n|turn|18\n|\n|t:|1776693074\n|move|p2a: Garchomp|Outrage|p1a: Corviknight\n|-resisted|p1a: Corviknight|1\n|-damage|p1a: Corviknight|95/100\n|move|p1a: Corviknight|Iron Defense|p1a: Corviknight\n|-boost|p1a: Corviknight|def|2\n|\n|upkeep\n|turn|19\n|-message|outsidetoday forfeited.\n|\n|win|skjvillage\n|raw|skjvillage's rating: 1133 &rarr; <strong>1164</strong><br />(+31 for winning)\n|raw|outsidetoday's rating: 1216 &rarr; <strong>1185</strong><br />(-31 for losing)\n|l|\u2606outsidetoday\n|player|p2|\n",
  "uploadtime": 1776693081,
  "views": 0,
  "formatid": "gen9championsbssregma",
  "rating": 1164,
  "private": 0,
  "password": null
}