{
  "id": "gen9championsbssregma-2584050948",
  "format": "[Gen 9 Champions] BSS Reg M-A",
  "players": [
    "perdicionn",
    "sca1031"
  ],
  "log": "|j|\u2606perdicionn\n|j|\u2606sca1031\n|t:|1776220264\n|gametype|singles\n|player|p1|perdicionn|crasherwake|1272\n|player|p2|sca1031|169|1347\n|gen|9\n|tier|[Gen 9 Champions] BSS Reg M-A\n|rated|\n|rule|Species Clause: Limit one of each Pok\u00e9mon\n|rule|Item Clause: Limit 1 of each item\n|clearpoke\n|poke|p1|Aegislash, L50, F|\n|poke|p1|Kingambit, L50, F|\n|poke|p1|Volcarona, L50, M|\n|poke|p1|Gyarados, L50, F|\n|poke|p1|Starmie, L50|\n|poke|p1|Manectric, L50, F|\n|poke|p2|Clefable, L50, F|\n|poke|p2|Archaludon, L50, M|\n|poke|p2|Snorlax, L50, M|\n|poke|p2|Gyarados, L50, F|\n|poke|p2|Hippowdon, L50, M|\n|poke|p2|Aegislash, L50, F|\n|teampreview|3\n|\n|t:|1776220316\n|teamsize|p1|3\n|teamsize|p2|3\n|start\n|switch|p1a: Starmie|Starmie, L50|100/100\n|switch|p2a: Hippowdon|Hippowdon, L50, M|100/100\n|-weather|Sandstorm|[from] ability: Sand Stream|[of] p2a: Hippowdon\n|turn|1\n|\n|t:|1776220324\n|switch|p2a: Archaludon|Archaludon, L50, M|100/100\n|detailschange|p1a: Starmie|Starmie-Mega, L50\n|-mega|p1a: Starmie|Starmie|Starminite\n|move|p1a: Starmie|Liquidation|p2a: Archaludon\n|-resisted|p2a: Archaludon|1\n|-damage|p2a: Archaludon|75/100\n|-unboost|p2a: Archaludon|def|1\n|-ability|p2a: Archaludon|Stamina|boost\n|-boost|p2a: Archaludon|def|1\n|\n|-weather|Sandstorm|[upkeep]\n|-damage|p1a: Starmie|95/100|[from] Sandstorm\n|upkeep\n|turn|2\n|\n|t:|1776220337\n|switch|p1a: Volcarona|Volcarona, L50, M|100/100\n|move|p2a: Archaludon|Thunderbolt|p1a: Volcarona\n|-damage|p1a: Volcarona|64/100\n|\n|-weather|Sandstorm|[upkeep]\n|-damage|p1a: Volcarona|58/100|[from] Sandstorm\n|upkeep\n|turn|3\n|\n|t:|1776220353\n|switch|p2a: Hippowdon|Hippowdon, L50, M|100/100\n|move|p1a: Volcarona|Fiery Dance|p2a: Hippowdon\n|-damage|p2a: Hippowdon|71/100\n|-boost|p1a: Volcarona|spa|1\n|\n|-weather|Sandstorm|[upkeep]\n|-damage|p1a: Volcarona|52/100|[from] Sandstorm\n|upkeep\n|turn|4\n|\n|t:|1776220362\n|move|p1a: Volcarona|Giga Drain|p2a: Hippowdon\n|-supereffective|p2a: Hippowdon|1\n|-damage|p2a: Hippowdon|9/100\n|-heal|p1a: Volcarona|94/100|[from] drain|[of] p2a: Hippowdon\n|-enditem|p2a: Hippowdon|Sitrus Berry|[eat]\n|-heal|p2a: Hippowdon|34/100|[from] item: Sitrus Berry\n|move|p2a: Hippowdon|Earthquake|p1a: Volcarona\n|-damage|p1a: Volcarona|37/100\n|\n|-weather|Sandstorm|[upkeep]\n|-damage|p1a: Volcarona|30/100|[from] Sandstorm\n|upkeep\n|turn|5\n|\n|t:|1776220374\n|move|p1a: Volcarona|Fiery Dance|p2a: Hippowdon\n|-damage|p2a: Hippowdon|0 fnt\n|faint|p2a: Hippowdon\n|\n|-weather|none\n|upkeep\n|\n|t:|1776220379\n|switch|p2a: Gyarados|Gyarados, L50, F|100/100\n|-ability|p2a: Gyarados|Intimidate|boost\n|-unboost|p1a: Volcarona|atk|1\n|turn|6\n|\n|t:|1776220409\n|move|p1a: Volcarona|Giga Drain|p2a: Gyarados\n|-damage|p2a: Gyarados|58/100\n|-heal|p1a: Volcarona|54/100|[from] drain|[of] p2a: Gyarados\n|move|p2a: Gyarados|Dragon Dance|p2a: Gyarados\n|-boost|p2a: Gyarados|atk|1\n|-boost|p2a: Gyarados|spe|1\n|\n|upkeep\n|turn|7\n|inactive|Battle timer is ON: inactive players will automatically lose when time's up. (requested by sca1031)\n|\n|t:|1776220419\n|detailschange|p2a: Gyarados|Gyarados-Mega, L50, F\n|-mega|p2a: Gyarados|Gyarados|Gyaradosite\n|-ability|p2a: Gyarados|Mold Breaker\n|move|p2a: Gyarados|Earthquake|p1a: Volcarona\n|-damage|p1a: Volcarona|0 fnt\n|faint|p1a: Volcarona\n|\n|upkeep\n|\n|t:|1776220422\n|switch|p1a: Starmie|Starmie-Mega, L50|95/100\n|turn|8\n|\n|t:|1776220429\n|move|p2a: Gyarados|Crunch|p1a: Starmie\n|-supereffective|p1a: Starmie|1\n|-damage|p1a: Starmie|0 fnt\n|faint|p1a: Starmie\n|\n|upkeep\n|j| p74\n|\n|t:|1776220431\n|switch|p1a: Aegislash|Aegislash, L50, F|100/100\n|turn|9\n|\n|t:|1776220438\n|move|p1a: Aegislash|King's Shield|p1a: Aegislash\n|-singleturn|p1a: Aegislash|Protect\n|move|p2a: Gyarados|Crunch|p1a: Aegislash\n|-activate|p1a: Aegislash|move: Protect\n|-unboost|p2a: Gyarados|atk|1\n|\n|upkeep\n|turn|10\n|\n|t:|1776220445\n|move|p2a: Gyarados|Crunch|p1a: Aegislash\n|-supereffective|p1a: Aegislash|1\n|-damage|p1a: Aegislash|18/100\n|-formechange|p1a: Aegislash|Aegislash-Blade|\n|move|p1a: Aegislash|Shadow Ball|p2a: Gyarados\n|-resisted|p2a: Gyarados|1\n|-damage|p2a: Gyarados|39/100\n|\n|-heal|p1a: Aegislash|24/100|[from] item: Leftovers\n|upkeep\n|turn|11\n|\n|t:|1776220455\n|move|p2a: Gyarados|Earthquake|p1a: Aegislash\n|-supereffective|p1a: Aegislash|1\n|-crit|p1a: Aegislash\n|-damage|p1a: Aegislash|0 fnt\n|faint|p1a: Aegislash\n|\n|win|sca1031\n|raw|perdicionn's rating: 1272 &rarr; <strong>1252</strong><br />(-20 for losing)\n|raw|sca1031's rating: 1347 &rarr; <strong>1363</strong><br />(+16 for winning)\n|l|\u2606sca1031\n|player|p2|\n",
  "uploadtime": 1776220463,
  "views": 3,
  "formatid": "gen9championsbssregma",
  "rating": 1252,
  "private": 0,
  "password": null
}