{
  "id": "gen9championsbssregma-2584847497",
  "format": "[Gen 9 Champions] BSS Reg M-A",
  "players": [
    "hhh93",
    "isaacmora22"
  ],
  "log": "|j|\u2606hhh93\n|j|\u2606isaacmora22\n|t:|1776288325\n|gametype|singles\n|player|p1|hhh93|ethan|1081\n|player|p2|isaacmora22|hilbert|1035\n|gen|9\n|tier|[Gen 9 Champions] BSS Reg M-A\n|rated|\n|rule|Species Clause: Limit one of each Pok\u00e9mon\n|rule|Item Clause: Limit 1 of each item\n|clearpoke\n|poke|p1|Lopunny, L50, F|\n|poke|p1|Corviknight, L50, M|\n|poke|p1|Garchomp, L50, M|\n|poke|p1|Rotom-Wash, L50|\n|poke|p1|Venusaur, L50, M|\n|poke|p1|Arcanine, L50, M|\n|poke|p2|Flareon, L50, M|\n|poke|p2|Dragonite, L50, M|\n|poke|p2|Luxray, L50, M|\n|poke|p2|Clawitzer, L50, M|\n|poke|p2|Sableye, L50, M|\n|poke|p2|Archaludon, L50, F|\n|teampreview|3\n|\n|t:|1776288353\n|teamsize|p1|3\n|teamsize|p2|3\n|start\n|switch|p1a: Lopunny|Lopunny, L50, F|100/100\n|switch|p2a: Erwin|Clawitzer, L50, M|100/100\n|turn|1\n|\n|t:|1776288360\n|detailschange|p1a: Lopunny|Lopunny-Mega, L50, F\n|-mega|p1a: Lopunny|Lopunny|Lopunnite\n|move|p1a: Lopunny|Fake Out|p2a: Erwin\n|-damage|p2a: Erwin|83/100\n|cant|p2a: Erwin|flinch\n|\n|upkeep\n|turn|2\n|\n|t:|1776288375\n|move|p1a: Lopunny|Facade|p2a: Erwin\n|-crit|p2a: Erwin\n|-damage|p2a: Erwin|39/100\n|move|p2a: Erwin|Aura Sphere|p1a: Lopunny\n|-supereffective|p1a: Lopunny|1\n|-damage|p1a: Lopunny|8/100\n|\n|upkeep\n|turn|3\n|\n|t:|1776288385\n|move|p1a: Lopunny|Close Combat|p2a: Erwin\n|-damage|p2a: Erwin|0 fnt\n|-unboost|p1a: Lopunny|def|1\n|-unboost|p1a: Lopunny|spd|1\n|faint|p2a: Erwin\n|\n|upkeep\n|\n|t:|1776288393\n|switch|p2a: Camden|Flareon, L50, M|100/100\n|turn|4\n|\n|t:|1776288400\n|switch|p1a: Garchomp|Garchomp, L50, M|100/100\n|move|p2a: Camden|Flame Charge|p1a: Garchomp\n|-resisted|p1a: Garchomp|1\n|-damage|p1a: Garchomp|89/100\n|-boost|p2a: Camden|spe|1\n|-damage|p2a: Camden|88/100|[from] ability: Rough Skin|[of] p1a: Garchomp\n|\n|-heal|p2a: Camden|94/100|[from] item: Leftovers\n|upkeep\n|turn|5\n|\n|t:|1776288412\n|switch|p2a: Migo|Dragonite, L50, M|100/100\n|move|p1a: Garchomp|Earthquake|p2a: Migo\n|-immune|p2a: Migo\n|\n|upkeep\n|turn|6\n|\n|t:|1776288420\n|detailschange|p2a: Migo|Dragonite-Mega, L50, M\n|-mega|p2a: Migo|Dragonite|Dragoninite\n|move|p2a: Migo|Ice Beam|p1a: Garchomp\n|-supereffective|p1a: Garchomp|2\n|-damage|p1a: Garchomp|0 fnt\n|faint|p1a: Garchomp\n|\n|upkeep\n|\n|t:|1776288429\n|switch|p1a: Corviknight|Corviknight, L50, M|100/100\n|turn|7\n|\n|t:|1776288437\n|move|p2a: Migo|Flamethrower|p1a: Corviknight\n|-supereffective|p1a: Corviknight|1\n|-enditem|p1a: Corviknight|Occa Berry|[eat]\n|-enditem|p1a: Corviknight|Occa Berry|[weaken]\n|-damage|p1a: Corviknight|74/100\n|-status|p1a: Corviknight|brn\n|move|p1a: Corviknight|Iron Defense|p1a: Corviknight\n|-boost|p1a: Corviknight|def|2\n|\n|-damage|p1a: Corviknight|68/100 brn|[from] brn\n|upkeep\n|turn|8\n|\n|t:|1776288448\n|move|p2a: Migo|Flamethrower|p1a: Corviknight\n|-supereffective|p1a: Corviknight|1\n|-damage|p1a: Corviknight|19/100 brn\n|move|p1a: Corviknight|Body Press|p2a: Migo\n|-resisted|p2a: Migo|1\n|-damage|p2a: Migo|96/100\n|\n|-damage|p1a: Corviknight|13/100 brn|[from] brn\n|upkeep\n|turn|9\n|\n|t:|1776288458\n|move|p2a: Migo|Flamethrower|p1a: Corviknight\n|-supereffective|p1a: Corviknight|1\n|-damage|p1a: Corviknight|0 fnt\n|faint|p1a: Corviknight\n|\n|upkeep\n|\n|t:|1776288463\n|switch|p1a: Lopunny|Lopunny-Mega, L50, F|8/100\n|turn|10\n|\n|t:|1776288467\n|move|p1a: Lopunny|Fake Out|p2a: Migo\n|-damage|p2a: Migo|76/100\n|cant|p2a: Migo|flinch\n|\n|upkeep\n|turn|11\n|\n|t:|1776288473\n|move|p1a: Lopunny|Triple Axel|p2a: Migo|[miss]\n|-miss|p1a: Lopunny|p2a: Migo\n|move|p2a: Migo|Air Slash|p1a: Lopunny\n|-supereffective|p1a: Lopunny|1\n|-damage|p1a: Lopunny|0 fnt\n|faint|p1a: Lopunny\n|\n|win|isaacmora22\n|raw|hhh93's rating: 1081 &rarr; <strong>1056</strong><br />(-25 for losing)\n|raw|isaacmora22's rating: 1035 &rarr; <strong>1074</strong><br />(+39 for winning)\n",
  "uploadtime": 1776288483,
  "views": 5,
  "formatid": "gen9championsbssregma",
  "rating": 1056,
  "private": 0,
  "password": null
}