{
  "id": "gen9championsbssregma-2585951895",
  "format": "[Gen 9 Champions] BSS Reg M-A",
  "players": [
    "skytreewow2",
    "Bbbkty"
  ],
  "log": "|j|\u2606skytreewow2\n|j|\u2606Bbbkty\n|t:|1776384498\n|gametype|singles\n|player|p1|skytreewow2|102|1095\n|player|p2|Bbbkty|169|1160\n|gen|9\n|tier|[Gen 9 Champions] BSS Reg M-A\n|rated|\n|rule|Species Clause: Limit one of each Pok\u00e9mon\n|rule|Item Clause: Limit 1 of each item\n|clearpoke\n|poke|p1|Espathra, L50, F|\n|poke|p1|Torkoal, L50, M|\n|poke|p1|Scovillain, L50, M|\n|poke|p1|Charizard, L50, F|\n|poke|p1|Hippowdon, L50, M|\n|poke|p1|Pangoro, L50, F|\n|poke|p2|Clefable, L50, M|\n|poke|p2|Charizard, L50, F|\n|poke|p2|Mimikyu, L50, F|\n|poke|p2|Kingambit, L50, M|\n|poke|p2|Espathra, L50, F|\n|poke|p2|Glimmora, L50, M|\n|teampreview|3\n|inactive|Battle timer is ON: inactive players will automatically lose when time's up. (requested by Bbbkty)\n|\n|t:|1776384511\n|teamsize|p1|3\n|teamsize|p2|3\n|start\n|switch|p1a: Espathra|Espathra, L50, F|100/100\n|switch|p2a: Glimmora|Glimmora, L50, M|100/100\n|turn|1\n|\n|t:|1776384520\n|move|p1a: Espathra|Substitute|p1a: Espathra\n|-start|p1a: Espathra|Substitute\n|-damage|p1a: Espathra|76/100\n|move|p2a: Glimmora|Stealth Rock|p1a: Espathra\n|-sidestart|p1: skytreewow2|move: Stealth Rock\n|\n|-heal|p1a: Espathra|82/100|[from] item: Leftovers\n|-ability|p1a: Espathra|Speed Boost|boost\n|-boost|p1a: Espathra|spe|1\n|upkeep\n|turn|2\n|\n|t:|1776384526\n|move|p1a: Espathra|Lumina Crash|p2a: Glimmora\n|-supereffective|p2a: Glimmora|1\n|-damage|p2a: Glimmora|47/100\n|-unboost|p2a: Glimmora|spd|2\n|move|p2a: Glimmora|Power Gem|p1a: Espathra\n|-end|p1a: Espathra|Substitute\n|\n|-heal|p1a: Espathra|88/100|[from] item: Leftovers\n|-ability|p1a: Espathra|Speed Boost|boost\n|-boost|p1a: Espathra|spe|1\n|upkeep\n|turn|3\n|\n|t:|1776384550\n|move|p1a: Espathra|Substitute|p1a: Espathra\n|-start|p1a: Espathra|Substitute\n|-damage|p1a: Espathra|63/100\n|move|p2a: Glimmora|Power Gem|p1a: Espathra\n|-end|p1a: Espathra|Substitute\n|\n|-heal|p1a: Espathra|69/100|[from] item: Leftovers\n|-ability|p1a: Espathra|Speed Boost|boost\n|-boost|p1a: Espathra|spe|1\n|upkeep\n|turn|4\n|\n|t:|1776384556\n|move|p1a: Espathra|Protect|p1a: Espathra\n|-singleturn|p1a: Espathra|Protect\n|move|p2a: Glimmora|Power Gem|p1a: Espathra\n|-activate|p1a: Espathra|move: Protect\n|\n|-heal|p1a: Espathra|75/100|[from] item: Leftovers\n|-ability|p1a: Espathra|Speed Boost|boost\n|-boost|p1a: Espathra|spe|1\n|upkeep\n|turn|5\n|\n|t:|1776384560\n|move|p1a: Espathra|Lumina Crash|p2a: Glimmora\n|-supereffective|p2a: Glimmora|1\n|-damage|p2a: Glimmora|0 fnt\n|faint|p2a: Glimmora\n|\n|-heal|p1a: Espathra|81/100|[from] item: Leftovers\n|-ability|p1a: Espathra|Speed Boost|boost\n|-boost|p1a: Espathra|spe|1\n|upkeep\n|\n|t:|1776384565\n|switch|p2a: Espathra|Espathra, L50, F|100/100\n|turn|6\n|\n|t:|1776384571\n|move|p1a: Espathra|Substitute|p1a: Espathra\n|-start|p1a: Espathra|Substitute\n|-damage|p1a: Espathra|56/100\n|move|p2a: Espathra|Calm Mind|p2a: Espathra\n|-boost|p2a: Espathra|spa|1\n|-boost|p2a: Espathra|spd|1\n|\n|-heal|p1a: Espathra|62/100|[from] item: Leftovers\n|-ability|p1a: Espathra|Speed Boost|boost\n|-boost|p1a: Espathra|spe|1\n|-ability|p2a: Espathra|Speed Boost|boost\n|-boost|p2a: Espathra|spe|1\n|upkeep\n|turn|7\n|\n|t:|1776384583\n|move|p1a: Espathra|Baton Pass|p1a: Espathra\n|\n|t:|1776384585\n|switch|p1a: Pangoro|Pangoro, L50, F|100/100|[from] Baton Pass\n|-damage|p1a: Pangoro|95/100|[from] Stealth Rock\n|move|p2a: Espathra|Lumina Crash|p1a: Pangoro\n|-immune|p1a: Pangoro\n|\n|-ability|p2a: Espathra|Speed Boost|boost\n|-boost|p2a: Espathra|spe|1\n|upkeep\n|turn|8\n|\n|t:|1776384610\n|move|p1a: Pangoro|Power Trip|p2a: Espathra\n|-supereffective|p2a: Espathra|1\n|-damage|p2a: Espathra|0 fnt\n|faint|p2a: Espathra\n|\n|upkeep\n|\n|t:|1776384614\n|switch|p2a: Clefable|Clefable, L50, M|100/100\n|turn|9\n|\n|t:|1776384619\n|detailschange|p2a: Clefable|Clefable-Mega, L50, M\n|-mega|p2a: Clefable|Clefable|Clefablite\n|move|p1a: Pangoro|Taunt|p2a: Clefable\n|move|p2a: Clefable|Taunt|p1a: Pangoro|[from] ability: Magic Bounce\n|-start|p1a: Pangoro|move: Taunt\n|move|p2a: Clefable|Cosmic Power|p2a: Clefable\n|-boost|p2a: Clefable|def|1\n|-boost|p2a: Clefable|spd|1\n|\n|upkeep\n|turn|10\n|\n|t:|1776384627\n|move|p1a: Pangoro|Power Trip|p2a: Clefable\n|-resisted|p2a: Clefable|1\n|-damage|p2a: Clefable|86/100\n|move|p2a: Clefable|Cosmic Power|p2a: Clefable\n|-boost|p2a: Clefable|def|1\n|-boost|p2a: Clefable|spd|1\n|\n|upkeep\n|turn|11\n|\n|t:|1776384638\n|switch|p1a: Espathra|Espathra, L50, F|62/100\n|-damage|p1a: Espathra|50/100|[from] Stealth Rock\n|move|p2a: Clefable|Moonblast|p1a: Espathra\n|-damage|p1a: Espathra|0 fnt\n|faint|p1a: Espathra\n|\n|upkeep\n|\n|t:|1776384644\n|switch|p1a: Charizard|Charizard, L50, F|100/100\n|-damage|p1a: Charizard|51/100|[from] Stealth Rock\n|turn|12\n|\n|t:|1776384653\n|detailschange|p1a: Charizard|Charizard-Mega-Y, L50, F\n|-mega|p1a: Charizard|Charizard|Charizardite Y\n|-weather|SunnyDay|[from] ability: Drought|[of] p1a: Charizard\n|move|p1a: Charizard|Flamethrower|p2a: Clefable\n|-damage|p2a: Clefable|56/100\n|move|p2a: Clefable|Stored Power|p1a: Charizard\n|-damage|p1a: Charizard|20/100\n|\n|-weather|SunnyDay|[upkeep]\n|upkeep\n|turn|13\n|l|\u2606Bbbkty\n|inactive|Bbbkty disconnected and has a minute to reconnect!\n|player|p2|\n|j|\u2606Bbbkty\n|inactive|Bbbkty reconnected and has 35 seconds left.\n|player|p2|Bbbkty|169|\n|inactive|Bbbkty has 30 seconds left.\n|\n|t:|1776384681\n|move|p1a: Charizard|Ancient Power|p2a: Clefable\n|-supereffective|p2a: Clefable|1\n|-crit|p2a: Clefable\n|-damage|p2a: Clefable|0 fnt\n|faint|p2a: Clefable\n|\n|win|skytreewow2\n|raw|skytreewow2's rating: 1095 &rarr; <strong>1126</strong><br />(+31 for winning)\n|raw|Bbbkty's rating: 1160 &rarr; <strong>1130</strong><br />(-30 for losing)\n",
  "uploadtime": 1776384684,
  "views": 9,
  "formatid": "gen9championsbssregma",
  "rating": 1126,
  "private": 0,
  "password": null
}