{
  "id": "gen9championsbssregma-2584387034",
  "format": "[Gen 9 Champions] BSS Reg M-A",
  "players": [
    "EkCantDrawLol",
    "jordan filbert"
  ],
  "log": "|j|\u203dEkCantDrawLol\n|j|\u2606jordan filbert\n|t:|1776257048\n|gametype|singles\n|player|p1|EkCantDrawLol|skierf|1036\n|player|p2|jordan filbert|170|1000\n|gen|9\n|tier|[Gen 9 Champions] BSS Reg M-A\n|rated|\n|rule|Species Clause: Limit one of each Pok\u00e9mon\n|rule|Item Clause: Limit 1 of each item\n|clearpoke\n|poke|p1|Garchomp, L50, M|\n|poke|p1|Rotom-Frost, L50|\n|poke|p1|Gengar, L50, F|\n|poke|p1|Lucario, L50, F|\n|poke|p1|Charizard, L50, M|\n|poke|p1|Primarina, L50, F|\n|poke|p2|Tyranitar, L50, F|\n|poke|p2|Excadrill, L50, F|\n|poke|p2|Vaporeon, L50, F|\n|poke|p2|Corviknight, L50, F|\n|poke|p2|Basculegion, L50, M|\n|poke|p2|Jolteon, L50, M|\n|teampreview|3\n|\n|t:|1776257080\n|teamsize|p1|3\n|teamsize|p2|3\n|start\n|switch|p1a: Primarina|Primarina, L50, F|100/100\n|switch|p2a: Jordan Filviknight|Corviknight, L50, F|100/100\n|-ability|p2a: Jordan Filviknight|Pressure\n|turn|1\n|inactive|Battle timer is ON: inactive players will automatically lose when time's up. (requested by EkCantDrawLol)\n|\n|t:|1776257113\n|switch|p2a: Jordan Filboreon|Vaporeon, L50, F|100/100\n|move|p1a: Primarina|Psychic Noise|p2a: Jordan Filboreon\n|-immune|p2a: Jordan Filboreon|[from] ability: Water Absorb\n|\n|upkeep\n|turn|2\n|\n|t:|1776257122\n|switch|p1a: Garchomp|Garchomp, L50, M|100/100\n|move|p2a: Jordan Filboreon|Yawn|p1a: Garchomp\n|-start|p1a: Garchomp|move: Yawn|[of] p2a: Jordan Filboreon\n|\n|upkeep\n|turn|3\n|\n|t:|1776257127\n|switch|p1a: Primarina|Primarina, L50, F|100/100\n|move|p2a: Jordan Filboreon|Flip Turn|p1a: Primarina\n|-resisted|p1a: Primarina|1\n|-damage|p1a: Primarina|92/100\n|\n|t:|1776257129\n|switch|p2a: Jordan Filteon|Jolteon, L50, M|100/100|[from] Flip Turn\n|\n|upkeep\n|turn|4\n|\n|t:|1776257132\n|switch|p1a: Garchomp|Garchomp, L50, M|100/100\n|move|p2a: Jordan Filteon|Calm Mind|p2a: Jordan Filteon\n|-boost|p2a: Jordan Filteon|spa|1\n|-boost|p2a: Jordan Filteon|spd|1\n|\n|upkeep\n|turn|5\n|\n|t:|1776257142\n|move|p2a: Jordan Filteon|Shadow Ball|p1a: Garchomp\n|-damage|p1a: Garchomp|53/100\n|move|p1a: Garchomp|Earthquake|p2a: Jordan Filteon\n|-supereffective|p2a: Jordan Filteon|1\n|-damage|p2a: Jordan Filteon|0 fnt\n|faint|p2a: Jordan Filteon\n|\n|upkeep\n|\n|t:|1776257144\n|switch|p2a: Jordan Filboreon|Vaporeon, L50, F|100/100\n|turn|6\n|\n|t:|1776257149\n|move|p1a: Garchomp|Swords Dance|p1a: Garchomp\n|-boost|p1a: Garchomp|atk|2\n|move|p2a: Jordan Filboreon|Yawn|p1a: Garchomp\n|-start|p1a: Garchomp|move: Yawn|[of] p2a: Jordan Filboreon\n|\n|upkeep\n|turn|7\n|\n|t:|1776257153\n|switch|p1a: Charizard|Charizard, L50, M|100/100\n|move|p2a: Jordan Filboreon|Wish|p2a: Jordan Filboreon\n|\n|upkeep\n|turn|8\n|\n|t:|1776257156\n|detailschange|p1a: Charizard|Charizard-Mega-Y, L50, M\n|-mega|p1a: Charizard|Charizard|Charizardite Y\n|-weather|SunnyDay|[from] ability: Drought|[of] p1a: Charizard\n|move|p1a: Charizard|Solar Beam||[still]\n|-prepare|p1a: Charizard|Solar Beam\n|-anim|p1a: Charizard|Solar Beam|p2a: Jordan Filboreon\n|-supereffective|p2a: Jordan Filboreon|1\n|-damage|p2a: Jordan Filboreon|32/100\n|move|p2a: Jordan Filboreon|Flip Turn|p1a: Charizard\n|-supereffective|p1a: Charizard|1\n|-damage|p1a: Charizard|91/100\n|-message|jordan filbert forfeited.\n|\n|win|EkCantDrawLol\n|raw|EkCantDrawLol's rating: 1036 &rarr; <strong>1067</strong><br />(+31 for winning)\n|raw|jordan filbert's rating: 1000 &rarr; <strong>1000</strong><br />(+0 for losing)\n|l|\u2606jordan filbert\n|player|p2|\n",
  "uploadtime": 1776257165,
  "views": 2,
  "formatid": "gen9championsbssregma",
  "rating": 1000,
  "private": 0,
  "password": null
}