{
  "id": "gen9championsbssregma-2585277921",
  "format": "[Gen 9 Champions] BSS Reg M-A",
  "players": [
    "mystymt",
    "PlatinumPassport"
  ],
  "log": "|j|\u2606mystymt\n|j|\u2606PlatinumPassport\n|t:|1776333016\n|gametype|singles\n|player|p1|mystymt|1|1193\n|player|p2|PlatinumPassport|170|1441\n|gen|9\n|tier|[Gen 9 Champions] BSS Reg M-A\n|rated|\n|rule|Species Clause: Limit one of each Pok\u00e9mon\n|rule|Item Clause: Limit 1 of each item\n|clearpoke\n|poke|p1|Lopunny, L50, F|\n|poke|p1|Garchomp, L50, F|\n|poke|p1|Floette-Eternal, L50, F|\n|poke|p1|Espathra, L50, M|\n|poke|p1|Archaludon, L50, M|\n|poke|p1|Dragonite, L50, F|\n|poke|p2|Hippowdon, L50, M|\n|poke|p2|Dragonite, L50, F|\n|poke|p2|Volcarona, L50, M|\n|poke|p2|Gengar, L50, F|\n|poke|p2|Meowscarada, L50, M|\n|poke|p2|Azumarill, L50, F|\n|teampreview|3\n|\n|t:|1776333065\n|teamsize|p1|3\n|teamsize|p2|3\n|start\n|switch|p1a: Espathra|Espathra, L50, M|100/100\n|switch|p2a: Gengar|Gengar, L50, F, shiny|100/100\n|turn|1\n|\n|t:|1776333072\n|detailschange|p2a: Gengar|Gengar-Mega, L50, F, shiny\n|-mega|p2a: Gengar|Gengar|Gengarite\n|move|p2a: Gengar|Shadow Ball|p1a: Espathra\n|-supereffective|p1a: Espathra|1\n|-enditem|p1a: Espathra|Focus Sash\n|-damage|p1a: Espathra|1/100\n|move|p1a: Espathra|Lumina Crash|p2a: Gengar\n|-supereffective|p2a: Gengar|1\n|-damage|p2a: Gengar|28/100\n|-unboost|p2a: Gengar|spd|2\n|\n|-ability|p1a: Espathra|Speed Boost|boost\n|-boost|p1a: Espathra|spe|1\n|upkeep\n|turn|2\n|\n|t:|1776333083\n|switch|p2a: Azumarill|Azumarill, L50, F, shiny|100/100\n|move|p1a: Espathra|Lumina Crash|p2a: Azumarill\n|-damage|p2a: Azumarill|69/100\n|-unboost|p2a: Azumarill|spd|2\n|\n|-ability|p1a: Espathra|Speed Boost|boost\n|-boost|p1a: Espathra|spe|1\n|upkeep\n|turn|3\n|\n|t:|1776333096\n|switch|p1a: Floette|Floette-Eternal, L50, F|100/100\n|move|p2a: Azumarill|Aqua Jet|p1a: Floette\n|-damage|p1a: Floette|73/100\n|\n|upkeep\n|turn|4\n|\n|t:|1776333114\n|detailschange|p1a: Floette|Floette-Mega, L50, F\n|-mega|p1a: Floette|Floette|Floettite\n|-ability|p1a: Floette|Fairy Aura\n|move|p1a: Floette|Calm Mind|p1a: Floette\n|-boost|p1a: Floette|spa|1\n|-boost|p1a: Floette|spd|1\n|move|p2a: Azumarill|Liquidation|p1a: Floette\n|-damage|p1a: Floette|23/100\n|\n|upkeep\n|turn|5\n|j| p74\n|\n|t:|1776333124\n|move|p2a: Azumarill|Aqua Jet|p1a: Floette\n|-damage|p1a: Floette|1/100\n|move|p1a: Floette|Draining Kiss|p2a: Azumarill\n|-crit|p2a: Azumarill\n|-damage|p2a: Azumarill|0 fnt\n|-heal|p1a: Floette|51/100|[from] drain|[of] p2a: Azumarill\n|faint|p2a: Azumarill\n|\n|upkeep\n|\n|t:|1776333130\n|switch|p2a: Gengar|Gengar-Mega, L50, F, shiny|28/100\n|turn|6\n|\n|t:|1776333133\n|move|p2a: Gengar|Sludge Wave|p1a: Floette\n|-supereffective|p1a: Floette|1\n|-damage|p1a: Floette|0 fnt\n|faint|p1a: Floette\n|\n|upkeep\n|\n|t:|1776333139\n|switch|p1a: Espathra|Espathra, L50, M|1/100\n|turn|7\n|\n|t:|1776333143\n|move|p1a: Espathra|Protect|p1a: Espathra\n|-singleturn|p1a: Espathra|Protect\n|move|p2a: Gengar|Sludge Wave|p1a: Espathra\n|-activate|p1a: Espathra|move: Protect\n|\n|-ability|p1a: Espathra|Speed Boost|boost\n|-boost|p1a: Espathra|spe|1\n|upkeep\n|turn|8\n|\n|t:|1776333149\n|move|p1a: Espathra|Lumina Crash|p2a: Gengar\n|-supereffective|p2a: Gengar|1\n|-damage|p2a: Gengar|0 fnt\n|faint|p2a: Gengar\n|\n|-ability|p1a: Espathra|Speed Boost|boost\n|-boost|p1a: Espathra|spe|1\n|upkeep\n|\n|t:|1776333151\n|switch|p2a: Volcarona|Volcarona, L50, M, shiny|100/100\n|turn|9\n|\n|t:|1776333164\n|move|p1a: Espathra|Lumina Crash|p2a: Volcarona\n|-damage|p2a: Volcarona|70/100\n|-unboost|p2a: Volcarona|spd|2\n|move|p2a: Volcarona|Quiver Dance|p2a: Volcarona\n|-boost|p2a: Volcarona|spa|1\n|-boost|p2a: Volcarona|spd|1\n|-boost|p2a: Volcarona|spe|1\n|\n|-ability|p1a: Espathra|Speed Boost|boost\n|-boost|p1a: Espathra|spe|1\n|upkeep\n|turn|10\n|\n|t:|1776333174\n|move|p1a: Espathra|Lumina Crash|p2a: Volcarona\n|-damage|p2a: Volcarona|30/100\n|-unboost|p2a: Volcarona|spd|2\n|move|p2a: Volcarona|Bug Buzz|p1a: Espathra\n|-supereffective|p1a: Espathra|1\n|-damage|p1a: Espathra|0 fnt\n|faint|p1a: Espathra\n|\n|upkeep\n|\n|t:|1776333182\n|switch|p1a: Dragonite|Dragonite, L50, F|100/100\n|turn|11\n|\n|t:|1776333185\n|move|p2a: Volcarona|Flamethrower|p1a: Dragonite\n|-resisted|p1a: Dragonite|1\n|-damage|p1a: Dragonite|82/100\n|move|p1a: Dragonite|Air Slash|p2a: Volcarona\n|-supereffective|p2a: Volcarona|1\n|-damage|p2a: Volcarona|0 fnt\n|faint|p2a: Volcarona\n|\n|win|mystymt\n|raw|mystymt's rating: 1193 &rarr; <strong>1233</strong><br />(+40 for winning)\n|raw|PlatinumPassport's rating: 1441 &rarr; <strong>1409</strong><br />(-32 for losing)\n|l|\u2606PlatinumPassport\n|player|p2|\n|l|\u2606mystymt\n|player|p1|\n",
  "uploadtime": 1776333258,
  "views": 5,
  "formatid": "gen9championsbssregma",
  "rating": 1233,
  "private": 0,
  "password": null
}