{
  "id": "gen9championsbssregma-2582950362",
  "format": "[Gen 9 Champions] BSS Reg M-A",
  "players": [
    "bsantoso",
    "UNDSMHS1377"
  ],
  "log": "|j|\u2606bsantoso\n|j|\u2606UNDSMHS1377\n|t:|1776127755\n|gametype|singles\n|player|p1|bsantoso|miku-fairy|1220\n|player|p2|UNDSMHS1377|wallace|1177\n|gen|9\n|tier|[Gen 9 Champions] BSS Reg M-A\n|rated|\n|rule|Species Clause: Limit one of each Pok\u00e9mon\n|rule|Item Clause: Limit 1 of each item\n|clearpoke\n|poke|p1|Sneasler, L50, M|\n|poke|p1|Charizard, L50, M|\n|poke|p1|Meowscarada, L50, M|\n|poke|p1|Lopunny, L50, M|\n|poke|p1|Primarina, L50, M|\n|poke|p1|Garchomp, L50, M|\n|poke|p2|Kleavor, L50, M|\n|poke|p2|Charizard, L50, M|\n|poke|p2|Venusaur, L50, M|\n|poke|p2|Feraligatr, L50, M|\n|poke|p2|Torkoal, L50, M|\n|poke|p2|Gallade, L50, M|\n|teampreview|3\n|inactive|Battle timer is ON: inactive players will automatically lose when time's up. (requested by UNDSMHS1377)\n|\n|t:|1776127775\n|teamsize|p1|3\n|teamsize|p2|3\n|start\n|switch|p1a: Sneasler|Sneasler, L50, M|100/100\n|switch|p2a: Torkoal|Torkoal, L50, M, shiny|100/100\n|-weather|SunnyDay|[from] ability: Drought|[of] p2a: Torkoal\n|turn|1\n|inactive|bsantoso has 30 seconds left.\n|inactive|bsantoso has 20 seconds left.\n|inactive|bsantoso has 15 seconds left.\n|\n|t:|1776127818\n|move|p1a: Sneasler|Close Combat|p2a: Torkoal\n|-damage|p2a: Torkoal|53/100\n|-unboost|p1a: Sneasler|def|1\n|-unboost|p1a: Sneasler|spd|1\n|-enditem|p1a: Sneasler|White Herb\n|-clearnegativeboost|p1a: Sneasler|[silent]\n|move|p2a: Torkoal|Lava Plume|p1a: Sneasler\n|-damage|p1a: Sneasler|54/100\n|-status|p1a: Sneasler|brn\n|\n|-weather|SunnyDay|[upkeep]\n|-heal|p2a: Torkoal|59/100|[from] item: Leftovers\n|-damage|p1a: Sneasler|48/100 brn|[from] brn\n|upkeep\n|turn|2\n|j| p74\n|inactive|UNDSMHS1377 has 30 seconds left.\n|\n|t:|1776127847\n|move|p1a: Sneasler|Close Combat|p2a: Torkoal\n|-damage|p2a: Torkoal|37/100\n|-unboost|p1a: Sneasler|def|1\n|-unboost|p1a: Sneasler|spd|1\n|move|p2a: Torkoal|Stealth Rock|p1a: Sneasler\n|-sidestart|p1: bsantoso|move: Stealth Rock\n|\n|-weather|SunnyDay|[upkeep]\n|-heal|p2a: Torkoal|43/100|[from] item: Leftovers\n|-damage|p1a: Sneasler|43/100 brn|[from] brn\n|upkeep\n|turn|3\n|\n|t:|1776127865\n|move|p1a: Sneasler|Close Combat|p2a: Torkoal\n|-damage|p2a: Torkoal|18/100\n|-unboost|p1a: Sneasler|def|1\n|-unboost|p1a: Sneasler|spd|1\n|move|p2a: Torkoal|Lava Plume|p1a: Sneasler\n|-damage|p1a: Sneasler|0 fnt\n|faint|p1a: Sneasler\n|\n|-weather|SunnyDay|[upkeep]\n|-heal|p2a: Torkoal|24/100|[from] item: Leftovers\n|upkeep\n|\n|t:|1776127866\n|switch|p1a: Garchomp|Garchomp, L50, M|100/100\n|-damage|p1a: Garchomp|95/100|[from] Stealth Rock\n|turn|4\n|\n|t:|1776127882\n|move|p1a: Garchomp|Outrage|p2a: Torkoal\n|-damage|p2a: Torkoal|0 fnt\n|faint|p2a: Torkoal\n|\n|-weather|SunnyDay|[upkeep]\n|upkeep\n|\n|t:|1776127886\n|switch|p2a: Venusaur|Venusaur, L50, M, shiny|100/100\n|turn|5\n|\n|t:|1776127893\n|move|p2a: Venusaur|Trailblaze|p1a: Garchomp\n|-damage|p1a: Garchomp|78/100\n|-boost|p2a: Venusaur|spe|1\n|-damage|p2a: Venusaur|89/100|[from] ability: Rough Skin|[of] p1a: Garchomp\n|move|p1a: Garchomp|Outrage|p2a: Venusaur|[from] lockedmove\n|-damage|p2a: Venusaur|2/100\n|-start|p1a: Garchomp|confusion|[fatigue]\n|\n|-weather|none\n|upkeep\n|turn|6\n|\n|t:|1776127901\n|-activate|p1a: Garchomp|confusion\n|-damage|p1a: Garchomp|64/100|[from] confusion\n|move|p2a: Venusaur|Power Whip|p1a: Garchomp\n|-damage|p1a: Garchomp|23/100\n|-damage|p2a: Venusaur|0 fnt|[from] ability: Rough Skin|[of] p1a: Garchomp\n|faint|p2a: Venusaur\n|\n|upkeep\n|\n|t:|1776127906\n|switch|p2a: Charizard|Charizard, L50, M, shiny|100/100\n|turn|7\n|\n|t:|1776127920\n|switch|p1a: Lopunny|Lopunny, L50, M|100/100\n|-damage|p1a: Lopunny|89/100|[from] Stealth Rock\n|detailschange|p2a: Charizard|Charizard-Mega-X, L50, M, shiny\n|-mega|p2a: Charizard|Charizard|Charizardite X\n|move|p2a: Charizard|Dragon Dance|p2a: Charizard\n|-boost|p2a: Charizard|atk|1\n|-boost|p2a: Charizard|spe|1\n|\n|upkeep\n|turn|8\n|\n|t:|1776127937\n|detailschange|p1a: Lopunny|Lopunny-Mega, L50, M\n|-mega|p1a: Lopunny|Lopunny|Lopunnite\n|move|p1a: Lopunny|Fake Out|p2a: Charizard\n|-damage|p2a: Charizard|79/100\n|cant|p2a: Charizard|flinch\n|\n|upkeep\n|turn|9\n|\n|t:|1776127940\n|move|p2a: Charizard|Dragon Claw|p1a: Lopunny\n|-damage|p1a: Lopunny|0 fnt\n|faint|p1a: Lopunny\n|\n|upkeep\n|\n|t:|1776127942\n|switch|p1a: Garchomp|Garchomp, L50, M|23/100\n|-damage|p1a: Garchomp|17/100|[from] Stealth Rock\n|turn|10\n|\n|t:|1776127952\n|move|p1a: Garchomp|Outrage|p2a: Charizard\n|-supereffective|p2a: Charizard|1\n|-damage|p2a: Charizard|0 fnt\n|faint|p2a: Charizard\n|\n|win|bsantoso\n|raw|bsantoso's rating: 1220 &rarr; <strong>1242</strong><br />(+22 for winning)\n|raw|UNDSMHS1377's rating: 1177 &rarr; <strong>1155</strong><br />(-22 for losing)\n|l|\u2606bsantoso\n|player|p1|\n|l|\u2606UNDSMHS1377\n|player|p2|\n",
  "uploadtime": 1776128406,
  "views": 3,
  "formatid": "gen9championsbssregma",
  "rating": 1155,
  "private": 0,
  "password": null
}