{
  "id": "gen9championsbssregma-2583012319",
  "format": "[Gen 9 Champions] BSS Reg M-A",
  "players": [
    "tikpen",
    "hungryporkchop"
  ],
  "log": "|j|\u2606tikpen\n|j|\u2606hungryporkchop\n|t:|1776133250\n|gametype|singles\n|player|p1|tikpen|101|1338\n|player|p2|hungryporkchop|170|1270\n|gen|9\n|tier|[Gen 9 Champions] BSS Reg M-A\n|rated|\n|rule|Species Clause: Limit one of each Pok\u00e9mon\n|rule|Item Clause: Limit 1 of each item\n|clearpoke\n|poke|p1|Archaludon, L50, M|\n|poke|p1|Delphox, L50, F|\n|poke|p1|Primarina, L50, F|\n|poke|p1|Kingambit, L50, F|\n|poke|p1|Scizor, L50, F|\n|poke|p1|Serperior, L50, M|\n|poke|p2|Aerodactyl, L50, M|\n|poke|p2|Meowscarada, L50, M|\n|poke|p2|Arcanine-Hisui, L50, F|\n|poke|p2|Clefable, L50, F|\n|poke|p2|Sharpedo, L50, F|\n|poke|p2|Scizor, L50, M|\n|teampreview|3\n|inactive|Battle timer is ON: inactive players will automatically lose when time's up. (requested by tikpen)\n|j| bromerta\n|\n|t:|1776133290\n|teamsize|p1|3\n|teamsize|p2|3\n|start\n|switch|p1a: Archaludon|Archaludon, L50, M|100/100\n|switch|p2a: Clefable|Clefable, L50, F|100/100\n|turn|1\n|\n|t:|1776133304\n|move|p1a: Archaludon|Flash Cannon|p2a: Clefable\n|-supereffective|p2a: Clefable|1\n|-damage|p2a: Clefable|32/100\n|move|p2a: Clefable|Focus Blast|p1a: Archaludon|[miss]\n|-miss|p2a: Clefable|p1a: Archaludon\n|\n|-heal|p2a: Clefable|38/100|[from] item: Leftovers\n|upkeep\n|turn|2\n|\n|t:|1776133313\n|switch|p2a: Sharpedo|Sharpedo, L50, F|100/100\n|move|p1a: Archaludon|Flash Cannon|p2a: Sharpedo\n|-resisted|p2a: Sharpedo|1\n|-damage|p2a: Sharpedo|61/100\n|-unboost|p2a: Sharpedo|spd|1\n|\n|upkeep\n|turn|3\n|\n|t:|1776133322\n|move|p2a: Sharpedo|Crunch|p1a: Archaludon\n|-damage|p1a: Archaludon|66/100\n|-ability|p1a: Archaludon|Stamina|boost\n|-boost|p1a: Archaludon|def|1\n|move|p1a: Archaludon|Thunderbolt|p2a: Sharpedo\n|-supereffective|p2a: Sharpedo|1\n|-damage|p2a: Sharpedo|0 fnt\n|faint|p2a: Sharpedo\n|\n|-heal|p1a: Archaludon|73/100|[from] item: Leftovers\n|upkeep\n|\n|t:|1776133326\n|switch|p2a: Aerodactyl|Aerodactyl, L50, M|100/100\n|-ability|p2a: Aerodactyl|Unnerve\n|turn|4\n|\n|t:|1776133336\n|detailschange|p2a: Aerodactyl|Aerodactyl-Mega, L50, M\n|-mega|p2a: Aerodactyl|Aerodactyl|Aerodactylite\n|move|p2a: Aerodactyl|Earthquake|p1a: Archaludon\n|-supereffective|p1a: Archaludon|1\n|-damage|p1a: Archaludon|35/100\n|-ability|p1a: Archaludon|Stamina|boost\n|-boost|p1a: Archaludon|def|1\n|move|p1a: Archaludon|Flash Cannon|p2a: Aerodactyl\n|-supereffective|p2a: Aerodactyl|1\n|-damage|p2a: Aerodactyl|15/100\n|\n|-heal|p1a: Archaludon|41/100|[from] item: Leftovers\n|upkeep\n|turn|5\n|\n|t:|1776133349\n|move|p2a: Aerodactyl|Earthquake|p1a: Archaludon\n|-supereffective|p1a: Archaludon|1\n|-damage|p1a: Archaludon|17/100\n|-ability|p1a: Archaludon|Stamina|boost\n|-boost|p1a: Archaludon|def|1\n|move|p1a: Archaludon|Flash Cannon|p2a: Aerodactyl\n|-supereffective|p2a: Aerodactyl|1\n|-damage|p2a: Aerodactyl|0 fnt\n|faint|p2a: Aerodactyl\n|\n|-heal|p1a: Archaludon|23/100|[from] item: Leftovers\n|upkeep\n|\n|t:|1776133351\n|switch|p2a: Clefable|Clefable, L50, F|38/100\n|turn|6\n|-message|hungryporkchop forfeited.\n|\n|win|tikpen\n|raw|tikpen's rating: 1338 &rarr; <strong>1354</strong><br />(+16 for winning)\n|raw|hungryporkchop's rating: 1270 &rarr; <strong>1250</strong><br />(-20 for losing)\n|l|\u2606hungryporkchop\n|player|p2|\n|l|\u2606tikpen\n|player|p1|\n",
  "uploadtime": 1776133368,
  "views": 11,
  "formatid": "gen9championsbssregma",
  "rating": 1250,
  "private": 0,
  "password": null
}