{
  "id": "gen9championsbssregma-2584832094",
  "format": "[Gen 9 Champions] BSS Reg M-A",
  "players": [
    "Ineedaonetype",
    "Jean-Raoul Scoot"
  ],
  "log": "|j|\u2606Ineedaonetype\n|j|\u2606Jean-Raoul Scoot\n|t:|1776287088\n|gametype|singles\n|player|p1|Ineedaonetype|101|1362\n|player|p2|Jean-Raoul Scoot|bugcatcher-gen4dp|1367\n|gen|9\n|tier|[Gen 9 Champions] BSS Reg M-A\n|rated|\n|rule|Species Clause: Limit one of each Pok\u00e9mon\n|rule|Item Clause: Limit 1 of each item\n|clearpoke\n|poke|p1|Venusaur, L50, F|\n|poke|p1|Hydreigon, L50, F|\n|poke|p1|Corviknight, L50, F|\n|poke|p1|Meowscarada, L50, F|\n|poke|p1|Snorlax, L50, F|\n|poke|p1|Delphox, L50, F|\n|poke|p2|Araquanid, L50, M|\n|poke|p2|Corviknight, L50, F|\n|poke|p2|Glimmora, L50, M|\n|poke|p2|Dragapult, L50, F|\n|poke|p2|Starmie, L50|\n|poke|p2|Dragonite, L50, M|\n|teampreview|3\n|inactive|Battle timer is ON: inactive players will automatically lose when time's up. (requested by Jean-Raoul Scoot)\n|inactive|Jean-Raoul Scoot has 60 seconds left.\n|\n|t:|1776287144\n|teamsize|p1|3\n|teamsize|p2|3\n|start\n|switch|p1a: CIRCUS CONTRAPTION|Meowscarada, L50, F|100/100\n|switch|p2a: Glimmora|Glimmora, L50, M|100/100\n|turn|1\n|l|\u2606Ineedaonetype\n|inactive|Ineedaonetype disconnected and has a minute to reconnect!\n|player|p1|\n|j|\u2606Ineedaonetype\n|inactive|Ineedaonetype reconnected and has 45 seconds left.\n|player|p1|Ineedaonetype|101|\n|\n|t:|1776287163\n|move|p1a: CIRCUS CONTRAPTION|Flower Trick|p2a: Glimmora\n|-start|p1a: CIRCUS CONTRAPTION|typechange|Grass|[from] ability: Protean\n|-crit|p2a: Glimmora\n|-damage|p2a: Glimmora|41/100\n|-activate|p2a: Glimmora|ability: Toxic Debris\n|-sidestart|p1: Ineedaonetype|move: Toxic Spikes\n|move|p2a: Glimmora|Stealth Rock|p1a: CIRCUS CONTRAPTION\n|-sidestart|p1: Ineedaonetype|move: Stealth Rock\n|\n|upkeep\n|turn|2\n|\n|t:|1776287180\n|move|p1a: CIRCUS CONTRAPTION|Flower Trick|p2a: Glimmora\n|-crit|p2a: Glimmora\n|-damage|p2a: Glimmora|0 fnt\n|-activate|p2a: Glimmora|ability: Toxic Debris\n|-sidestart|p1: Ineedaonetype|move: Toxic Spikes\n|faint|p2a: Glimmora\n|\n|upkeep\n|\n|t:|1776287184\n|switch|p2a: Dragapult|Dragapult, L50, F|100/100\n|turn|3\n|j| p74\n|\n|t:|1776287197\n|move|p2a: Dragapult|U-turn|p1a: CIRCUS CONTRAPTION\n|-supereffective|p1a: CIRCUS CONTRAPTION|1\n|-damage|p1a: CIRCUS CONTRAPTION|30/100\n|\n|t:|1776287203\n|switch|p2a: Starmie|Starmie, L50|100/100|[from] U-turn\n|move|p1a: CIRCUS CONTRAPTION|Knock Off|p2a: Starmie\n|-supereffective|p2a: Starmie|1\n|-damage|p2a: Starmie|29/100\n|\n|upkeep\n|turn|4\n|\n|t:|1776287222\n|detailschange|p2a: Starmie|Starmie-Mega, L50\n|-mega|p2a: Starmie|Starmie|Starminite\n|move|p1a: CIRCUS CONTRAPTION|Sucker Punch|p2a: Starmie\n|-supereffective|p2a: Starmie|1\n|-damage|p2a: Starmie|0 fnt\n|faint|p2a: Starmie\n|\n|upkeep\n|\n|t:|1776287225\n|switch|p2a: Dragapult|Dragapult, L50, F|100/100\n|turn|5\n|\n|t:|1776287230\n|move|p1a: CIRCUS CONTRAPTION|Sucker Punch|p2a: Dragapult\n|-supereffective|p2a: Dragapult|1\n|-damage|p2a: Dragapult|35/100\n|move|p2a: Dragapult|Dragon Darts|p1a: CIRCUS CONTRAPTION\n|-damage|p1a: CIRCUS CONTRAPTION|0 fnt\n|faint|p1a: CIRCUS CONTRAPTION\n|\n|upkeep\n|\n|t:|1776287235\n|switch|p1a: HYDRA|Hydreigon, L50, F|100/100\n|-damage|p1a: HYDRA|88/100|[from] Stealth Rock\n|turn|6\n|\n|t:|1776287238\n|move|p1a: HYDRA|Dark Pulse|p2a: Dragapult\n|-supereffective|p2a: Dragapult|1\n|-damage|p2a: Dragapult|0 fnt\n|faint|p2a: Dragapult\n|\n|win|Ineedaonetype\n|raw|Ineedaonetype's rating: 1362 &rarr; <strong>1382</strong><br />(+20 for winning)\n|raw|Jean-Raoul Scoot's rating: 1367 &rarr; <strong>1347</strong><br />(-20 for losing)\n|l|\u2606Jean-Raoul Scoot\n|player|p2|\n",
  "uploadtime": 1776287301,
  "views": 3,
  "formatid": "gen9championsbssregma",
  "rating": 1347,
  "private": 0,
  "password": null
}