{
  "id": "gen9championsbssregma-2587315616",
  "format": "[Gen 9 Champions] BSS Reg M-A",
  "players": [
    "joguri",
    "unica11"
  ],
  "log": "|j|\u2606joguri\n|j|\u2606unica11\n|t:|1776521264\n|gametype|singles\n|player|p1|joguri|dawn|1216\n|player|p2|unica11|lucas|1240\n|gen|9\n|tier|[Gen 9 Champions] BSS Reg M-A\n|rated|\n|rule|Species Clause: Limit one of each Pok\u00e9mon\n|rule|Item Clause: Limit 1 of each item\n|clearpoke\n|poke|p1|Clefable, L50, F|\n|poke|p1|Espathra, L50, F|\n|poke|p1|Charizard, L50, M|\n|poke|p1|Hippowdon, L50, F|\n|poke|p1|Rotom-Wash, L50, shiny|\n|poke|p1|Garchomp, L50, F|\n|poke|p2|Dragapult, L50, M|\n|poke|p2|Lopunny, L50, F|\n|poke|p2|Rotom-Wash, L50|\n|poke|p2|Archaludon, L50, M|\n|poke|p2|Mimikyu, L50, F|\n|poke|p2|Delphox, L50, F|\n|teampreview|3\n|inactive|Battle timer is ON: inactive players will automatically lose when time's up. (requested by joguri)\n|\n|t:|1776521288\n|teamsize|p1|3\n|teamsize|p2|3\n|start\n|switch|p1a: Hippowdon|Hippowdon, L50, F|100/100\n|switch|p2a: Rotom|Rotom-Wash, L50|100/100\n|-weather|Sandstorm|[from] ability: Sand Stream|[of] p1a: Hippowdon\n|turn|1\n|\n|t:|1776521297\n|move|p2a: Rotom|Trick|p1a: Hippowdon\n|-activate|p2a: Rotom|move: Trick|[of] p1a: Hippowdon\n|-item|p1a: Hippowdon|Choice Scarf|[from] move: Trick\n|-item|p2a: Rotom|Sitrus Berry|[from] move: Trick\n|move|p1a: Hippowdon|Yawn|p2a: Rotom\n|-start|p2a: Rotom|move: Yawn|[of] p1a: Hippowdon\n|\n|-weather|Sandstorm|[upkeep]\n|-damage|p2a: Rotom|95/100|[from] Sandstorm\n|upkeep\n|turn|2\n|\n|t:|1776521310\n|move|p2a: Rotom|Hydro Pump|p1a: Hippowdon\n|-supereffective|p1a: Hippowdon|1\n|-damage|p1a: Hippowdon|0 fnt\n|faint|p1a: Hippowdon\n|\n|-weather|Sandstorm|[upkeep]\n|-damage|p2a: Rotom|89/100|[from] Sandstorm\n|-end|p2a: Rotom|move: Yawn|[silent]\n|-status|p2a: Rotom|slp\n|upkeep\n|\n|t:|1776521318\n|switch|p1a: Espathra|Espathra, L50, F|100/100\n|turn|3\n|\n|t:|1776521325\n|cant|p2a: Rotom|slp\n|move|p1a: Espathra|Calm Mind|p1a: Espathra\n|-boost|p1a: Espathra|spa|1\n|-boost|p1a: Espathra|spd|1\n|\n|-weather|Sandstorm|[upkeep]\n|-damage|p2a: Rotom|84/100 slp|[from] Sandstorm\n|-damage|p1a: Espathra|95/100|[from] Sandstorm\n|-heal|p1a: Espathra|100/100|[from] item: Leftovers\n|-ability|p1a: Espathra|Speed Boost|boost\n|-boost|p1a: Espathra|spe|1\n|upkeep\n|turn|4\n|\n|t:|1776521336\n|move|p1a: Espathra|Calm Mind|p1a: Espathra\n|-boost|p1a: Espathra|spa|1\n|-boost|p1a: Espathra|spd|1\n|-curestatus|p2a: Rotom|slp|[msg]\n|move|p2a: Rotom|Hydro Pump|p1a: Espathra\n|-damage|p1a: Espathra|65/100\n|\n|-weather|Sandstorm|[upkeep]\n|-damage|p1a: Espathra|59/100|[from] Sandstorm\n|-damage|p2a: Rotom|78/100|[from] Sandstorm\n|-heal|p1a: Espathra|65/100|[from] item: Leftovers\n|-ability|p1a: Espathra|Speed Boost|boost\n|-boost|p1a: Espathra|spe|1\n|upkeep\n|turn|5\n|\n|t:|1776521349\n|move|p1a: Espathra|Calm Mind|p1a: Espathra\n|-boost|p1a: Espathra|spa|1\n|-boost|p1a: Espathra|spd|1\n|move|p2a: Rotom|Thunderbolt|p1a: Espathra\n|-damage|p1a: Espathra|40/100\n|-status|p1a: Espathra|par\n|\n|-weather|none\n|-heal|p1a: Espathra|46/100 par|[from] item: Leftovers\n|-ability|p1a: Espathra|Speed Boost|boost\n|-boost|p1a: Espathra|spe|1\n|upkeep\n|turn|6\n|\n|t:|1776521364\n|move|p1a: Espathra|Calm Mind|p1a: Espathra\n|-boost|p1a: Espathra|spa|1\n|-boost|p1a: Espathra|spd|1\n|move|p2a: Rotom|Hydro Pump|p1a: Espathra|[miss]\n|-miss|p2a: Rotom|p1a: Espathra\n|\n|-heal|p1a: Espathra|51/100 par|[from] item: Leftovers\n|-ability|p1a: Espathra|Speed Boost|boost\n|-boost|p1a: Espathra|spe|1\n|upkeep\n|turn|7\n|\n|t:|1776521374\n|move|p1a: Espathra|Calm Mind|p1a: Espathra\n|-boost|p1a: Espathra|spa|1\n|-boost|p1a: Espathra|spd|1\n|move|p2a: Rotom|Thunderbolt|p1a: Espathra\n|-damage|p1a: Espathra|34/100 par\n|\n|-heal|p1a: Espathra|40/100 par|[from] item: Leftovers\n|-ability|p1a: Espathra|Speed Boost|boost\n|-boost|p1a: Espathra|spe|1\n|upkeep\n|turn|8\n|\n|t:|1776521384\n|cant|p1a: Espathra|par\n|move|p2a: Rotom|Thunderbolt|p1a: Espathra\n|-crit|p1a: Espathra\n|-damage|p1a: Espathra|0 fnt\n|faint|p1a: Espathra\n|\n|upkeep\n|\n|t:|1776521390\n|switch|p1a: Clefable|Clefable, L50, F|100/100\n|turn|9\n|\n|t:|1776521397\n|move|p2a: Rotom|Volt Switch|p1a: Clefable\n|-damage|p1a: Clefable|65/100\n|\n|t:|1776521400\n|switch|p2a: Dragapult|Dragapult, L50, M|100/100|[from] Volt Switch\n|move|p1a: Clefable|Cosmic Power|p1a: Clefable\n|-boost|p1a: Clefable|def|1\n|-boost|p1a: Clefable|spd|1\n|\n|upkeep\n|turn|10\n|\n|t:|1776521410\n|move|p2a: Dragapult|Phantom Force||[still]\n|-prepare|p2a: Dragapult|Phantom Force\n|move|p1a: Clefable|Cosmic Power|p1a: Clefable\n|-boost|p1a: Clefable|def|1\n|-boost|p1a: Clefable|spd|1\n|\n|upkeep\n|turn|11\n|\n|t:|1776521419\n|move|p2a: Dragapult|Phantom Force|p1a: Clefable|[from] lockedmove\n|-crit|p1a: Clefable\n|-damage|p1a: Clefable|16/100\n|move|p1a: Clefable|Cosmic Power|p1a: Clefable\n|-boost|p1a: Clefable|def|1\n|-boost|p1a: Clefable|spd|1\n|\n|upkeep\n|turn|12\n|\n|t:|1776521428\n|detailschange|p1a: Clefable|Clefable-Mega, L50, F\n|-mega|p1a: Clefable|Clefable|Clefablite\n|move|p2a: Dragapult|Phantom Force||[still]\n|-prepare|p2a: Dragapult|Phantom Force\n|move|p1a: Clefable|Moonlight|p1a: Clefable\n|-heal|p1a: Clefable|66/100\n|\n|upkeep\n|turn|13\n|\n|t:|1776521435\n|move|p2a: Dragapult|Phantom Force|p1a: Clefable|[from] lockedmove\n|-damage|p1a: Clefable|53/100\n|move|p1a: Clefable|Cosmic Power|p1a: Clefable\n|-boost|p1a: Clefable|def|1\n|-boost|p1a: Clefable|spd|1\n|\n|upkeep\n|turn|14\n|\n|t:|1776521445\n|move|p2a: Dragapult|Will-O-Wisp|p1a: Clefable\n|move|p1a: Clefable|Will-O-Wisp|p2a: Dragapult|[from] ability: Magic Bounce\n|-status|p2a: Dragapult|brn\n|move|p1a: Clefable|Cosmic Power|p1a: Clefable\n|-boost|p1a: Clefable|def|1\n|-boost|p1a: Clefable|spd|1\n|\n|-damage|p2a: Dragapult|94/100 brn|[from] brn\n|upkeep\n|turn|15\n|\n|t:|1776521456\n|move|p2a: Dragapult|U-turn|p1a: Clefable\n|-resisted|p1a: Clefable|2\n|-damage|p1a: Clefable|53/100\n|\n|t:|1776521459\n|switch|p2a: Lopunny|Lopunny, L50, F|100/100|[from] U-turn\n|move|p1a: Clefable|Cosmic Power|p1a: Clefable\n|-boost|p1a: Clefable|def|1\n|-boost|p1a: Clefable|spd|1\n|\n|upkeep\n|turn|16\n|\n|t:|1776521467\n|detailschange|p2a: Lopunny|Lopunny-Mega, L50, F\n|-mega|p2a: Lopunny|Lopunny|Lopunnite\n|move|p2a: Lopunny|Fake Out|p1a: Clefable\n|-damage|p1a: Clefable|49/100\n|cant|p1a: Clefable|flinch\n|\n|upkeep\n|turn|17\n|\n|t:|1776521475\n|move|p2a: Lopunny|Triple Axel|p1a: Clefable|[miss]\n|-miss|p2a: Lopunny|p1a: Clefable\n|move|p1a: Clefable|Moonlight|p1a: Clefable\n|-heal|p1a: Clefable|99/100\n|\n|upkeep\n|turn|18\n|\n|t:|1776521482\n|move|p2a: Lopunny|Triple Axel|p1a: Clefable\n|-supereffective|p1a: Clefable|1\n|-damage|p1a: Clefable|96/100\n|-supereffective|p1a: Clefable|1\n|-damage|p1a: Clefable|89/100\n|-supereffective|p1a: Clefable|1\n|-damage|p1a: Clefable|81/100\n|-hitcount|p1a: Clefable|3\n|move|p1a: Clefable|Stored Power|p2a: Lopunny\n|-supereffective|p2a: Lopunny|1\n|-damage|p2a: Lopunny|0 fnt\n|faint|p2a: Lopunny\n|\n|upkeep\n|\n|t:|1776521494\n|switch|p2a: Rotom|Rotom-Wash, L50|78/100\n|turn|19\n|\n|t:|1776521498\n|move|p2a: Rotom|Thunderbolt|p1a: Clefable\n|-supereffective|p1a: Clefable|1\n|-damage|p1a: Clefable|62/100\n|move|p1a: Clefable|Stored Power|p2a: Rotom\n|-damage|p2a: Rotom|0 fnt\n|faint|p2a: Rotom\n|\n|upkeep\n|\n|t:|1776521506\n|switch|p2a: Dragapult|Dragapult, L50, M|94/100 brn\n|turn|20\n|\n|t:|1776521510\n|move|p2a: Dragapult|Phantom Force||[still]\n|-prepare|p2a: Dragapult|Phantom Force\n|move|p1a: Clefable|Stored Power|p2a: Dragapult|[miss]\n|-miss|p1a: Clefable|p2a: Dragapult\n|\n|-damage|p2a: Dragapult|88/100 brn|[from] brn\n|upkeep\n|turn|21\n|\n|t:|1776521518\n|move|p2a: Dragapult|Phantom Force|p1a: Clefable|[from] lockedmove\n|-damage|p1a: Clefable|58/100\n|move|p1a: Clefable|Stored Power|p2a: Dragapult\n|-damage|p2a: Dragapult|0 fnt\n|faint|p2a: Dragapult\n|\n|win|joguri\n|raw|joguri's rating: 1216 &rarr; <strong>1243</strong><br />(+27 for winning)\n|raw|unica11's rating: 1240 &rarr; <strong>1213</strong><br />(-27 for losing)\n",
  "uploadtime": 1776521525,
  "views": 7,
  "formatid": "gen9championsbssregma",
  "rating": 1213,
  "private": 0,
  "password": null
}