{
  "id": "gen9championsbssregma-2582353650",
  "format": "[Gen 9 Champions] BSS Reg M-A",
  "players": [
    "hoshigumo1101",
    "zftt23"
  ],
  "log": "|j|\u2606hoshigumo1101\n|j|\u2606zftt23\n|t:|1776085817\n|gametype|singles\n|player|p1|hoshigumo1101|acetrainerf|1311\n|player|p2|zftt23|red|1185\n|gen|9\n|tier|[Gen 9 Champions] BSS Reg M-A\n|rated|\n|rule|Species Clause: Limit one of each Pok\u00e9mon\n|rule|Item Clause: Limit 1 of each item\n|clearpoke\n|poke|p1|Aegislash, L50, F|\n|poke|p1|Greninja-*, L50, F|\n|poke|p1|Volcarona, L50, M|\n|poke|p1|Meganium, L50, F|\n|poke|p1|Garchomp, L50, F|\n|poke|p1|Lopunny, L50, F|\n|poke|p2|Hippowdon, L50, M|\n|poke|p2|Skarmory, L50, M|\n|poke|p2|Meowscarada, L50, M|\n|poke|p2|Delphox, L50, M|\n|poke|p2|Primarina, L50, F|\n|poke|p2|Aegislash, L50, M|\n|teampreview|3\n|inactive|Battle timer is ON: inactive players will automatically lose when time's up. (requested by zftt23)\n|inactive|hoshigumo1101 has 60 seconds left.\n|inactive|zftt23 has 60 seconds left.\n|inactive|zftt23 has 30 seconds left.\n|\n|t:|1776085879\n|teamsize|p1|3\n|teamsize|p2|3\n|start\n|switch|p1a: Meganium|Meganium, L50, F|100/100\n|switch|p2a: Delphox|Delphox, L50, M, shiny|100/100\n|turn|1\n|\n|t:|1776085886\n|switch|p1a: Garchomp|Garchomp, L50, F|100/100\n|detailschange|p2a: Delphox|Delphox-Mega, L50, M, shiny\n|-mega|p2a: Delphox|Delphox|Delphoxite\n|move|p2a: Delphox|Flamethrower|p1a: Garchomp\n|-resisted|p1a: Garchomp|1\n|-damage|p1a: Garchomp|68/100\n|\n|upkeep\n|turn|2\n|\n|t:|1776085900\n|switch|p2a: Meowscarada|Meowscarada, L50, M, shiny|100/100\n|move|p1a: Garchomp|Stone Edge|p2a: Meowscarada\n|-damage|p2a: Meowscarada|47/100\n|\n|upkeep\n|turn|3\n|j| gnraphael\n|\n|t:|1776085904\n|switch|p1a: Volcarona|Volcarona, L50, M|100/100\n|move|p2a: Meowscarada|Triple Axel|p1a: Volcarona\n|-start|p2a: Meowscarada|typechange|Ice|[from] ability: Protean\n|-resisted|p1a: Volcarona|1\n|-damage|p1a: Volcarona|96/100\n|-resisted|p1a: Volcarona|1\n|-damage|p1a: Volcarona|87/100\n|-status|p2a: Meowscarada|brn|[from] ability: Flame Body|[of] p1a: Volcarona\n|-resisted|p1a: Volcarona|1\n|-damage|p1a: Volcarona|80/100\n|-hitcount|p1a: Volcarona|3\n|\n|-damage|p2a: Meowscarada|41/100 brn|[from] brn\n|upkeep\n|turn|4\n|l| gnraphael\n|\n|t:|1776085911\n|switch|p2a: Primarina|Primarina, L50, F|100/100\n|move|p1a: Volcarona|Quiver Dance|p1a: Volcarona\n|-boost|p1a: Volcarona|spa|1\n|-boost|p1a: Volcarona|spd|1\n|-boost|p1a: Volcarona|spe|1\n|\n|upkeep\n|turn|5\n|\n|t:|1776085919\n|move|p1a: Volcarona|Quiver Dance|p1a: Volcarona\n|-boost|p1a: Volcarona|spa|1\n|-boost|p1a: Volcarona|spd|1\n|-boost|p1a: Volcarona|spe|1\n|move|p2a: Primarina|Sparkling Aria|p1a: Volcarona\n|-supereffective|p1a: Volcarona|1\n|-damage|p1a: Volcarona|29/100\n|-enditem|p1a: Volcarona|Sitrus Berry|[eat]\n|-heal|p1a: Volcarona|54/100|[from] item: Sitrus Berry\n|\n|upkeep\n|turn|6\n|\n|t:|1776085924\n|move|p1a: Volcarona|Giga Drain|p2a: Primarina\n|-supereffective|p2a: Primarina|1\n|-damage|p2a: Primarina|30/100\n|-heal|p1a: Volcarona|89/100|[from] drain|[of] p2a: Primarina\n|move|p2a: Primarina|Sparkling Aria|p1a: Volcarona\n|-supereffective|p1a: Volcarona|1\n|-damage|p1a: Volcarona|6/100\n|\n|upkeep\n|turn|7\n|\n|t:|1776085934\n|move|p2a: Primarina|Aqua Jet|p1a: Volcarona\n|-supereffective|p1a: Volcarona|1\n|-damage|p1a: Volcarona|0 fnt\n|faint|p1a: Volcarona\n|\n|upkeep\n|\n|t:|1776085947\n|switch|p1a: Garchomp|Garchomp, L50, F|68/100\n|turn|8\n|inactive|zftt23 has 30 seconds left.\n|inactive|zftt23 has 20 seconds left.\n|\n|t:|1776085985\n|move|p2a: Primarina|Aqua Jet|p1a: Garchomp\n|-damage|p1a: Garchomp|49/100\n|-damage|p2a: Primarina|18/100|[from] ability: Rough Skin|[of] p1a: Garchomp\n|move|p1a: Garchomp|Stone Edge|p2a: Primarina\n|-damage|p2a: Primarina|0 fnt\n|faint|p2a: Primarina\n|\n|upkeep\n|\n|t:|1776085991\n|switch|p2a: Meowscarada|Meowscarada, L50, M, shiny|41/100 brn\n|turn|9\n|\n|t:|1776085996\n|switch|p1a: Meganium|Meganium, L50, F|100/100\n|move|p2a: Meowscarada|Triple Axel|p1a: Meganium|[miss]\n|-start|p2a: Meowscarada|typechange|Ice|[from] ability: Protean\n|-miss|p2a: Meowscarada|p1a: Meganium\n|\n|-damage|p2a: Meowscarada|35/100 brn|[from] brn\n|upkeep\n|turn|10\n|\n|t:|1776086004\n|switch|p2a: Delphox|Delphox-Mega, L50, M, shiny|100/100\n|detailschange|p1a: Meganium|Meganium-Mega, L50, F\n|-mega|p1a: Meganium|Meganium|Meganiumite\n|move|p1a: Meganium|Solar Beam||[still]\n|-prepare|p1a: Meganium|Solar Beam\n|-activate|p1a: Meganium|ability: Mega Sol\n|-anim|p1a: Meganium|Solar Beam|p2a: Delphox\n|-resisted|p2a: Delphox|1\n|-damage|p2a: Delphox|63/100\n|\n|upkeep\n|turn|11\n|\n|t:|1776086015\n|move|p2a: Delphox|Psychic|p1a: Meganium\n|-damage|p1a: Meganium|55/100\n|move|p1a: Meganium|Solar Beam||[still]\n|-prepare|p1a: Meganium|Solar Beam\n|-activate|p1a: Meganium|ability: Mega Sol\n|-anim|p1a: Meganium|Solar Beam|p2a: Delphox\n|-resisted|p2a: Delphox|1\n|-crit|p2a: Delphox\n|-damage|p2a: Delphox|14/100\n|\n|upkeep\n|turn|12\n|\n|t:|1776086019\n|switch|p1a: Garchomp|Garchomp, L50, F|49/100\n|move|p2a: Delphox|Flamethrower|p1a: Garchomp\n|-resisted|p1a: Garchomp|1\n|-damage|p1a: Garchomp|19/100\n|\n|upkeep\n|turn|13\n|inactive|zftt23 has 30 seconds left.\n|\n|t:|1776086046\n|move|p1a: Garchomp|Outrage|p2a: Delphox\n|-crit|p2a: Delphox\n|-damage|p2a: Delphox|0 fnt\n|faint|p2a: Delphox\n|\n|upkeep\n|\n|t:|1776086048\n|switch|p2a: Meowscarada|Meowscarada, L50, M, shiny|35/100 brn\n|turn|14\n|\n|t:|1776086051\n|move|p2a: Meowscarada|Triple Axel|p1a: Garchomp\n|-start|p2a: Meowscarada|typechange|Ice|[from] ability: Protean\n|-supereffective|p1a: Garchomp|2\n|-damage|p1a: Garchomp|0 fnt\n|-damage|p2a: Meowscarada|23/100 brn|[from] ability: Rough Skin|[of] p1a: Garchomp\n|faint|p1a: Garchomp\n|-hitcount|p1: Garchomp|1\n|\n|-damage|p2a: Meowscarada|17/100 brn|[from] brn\n|upkeep\n|\n|t:|1776086054\n|switch|p1a: Meganium|Meganium-Mega, L50, F|55/100\n|turn|15\n|\n|t:|1776086057\n|move|p2a: Meowscarada|Triple Axel|p1a: Meganium\n|-supereffective|p1a: Meganium|1\n|-crit|p1a: Meganium\n|-damage|p1a: Meganium|43/100\n|-supereffective|p1a: Meganium|1\n|-damage|p1a: Meganium|27/100\n|-supereffective|p1a: Meganium|1\n|-damage|p1a: Meganium|5/100\n|-hitcount|p1a: Meganium|3\n|move|p1a: Meganium|Synthesis|p1a: Meganium\n|-heal|p1a: Meganium|72/100\n|\n|-damage|p2a: Meowscarada|11/100 brn|[from] brn\n|upkeep\n|turn|16\n|\n|t:|1776086068\n|move|p2a: Meowscarada|Triple Axel|p1a: Meganium\n|-supereffective|p1a: Meganium|1\n|-damage|p1a: Meganium|64/100\n|-supereffective|p1a: Meganium|1\n|-damage|p1a: Meganium|47/100\n|-supereffective|p1a: Meganium|1\n|-damage|p1a: Meganium|24/100\n|-hitcount|p1a: Meganium|3\n|move|p1a: Meganium|Synthesis|p1a: Meganium\n|-heal|p1a: Meganium|91/100\n|\n|-damage|p2a: Meowscarada|5/100 brn|[from] brn\n|upkeep\n|turn|17\n|\n|t:|1776086079\n|move|p2a: Meowscarada|Triple Axel|p1a: Meganium\n|-supereffective|p1a: Meganium|1\n|-damage|p1a: Meganium|83/100\n|-supereffective|p1a: Meganium|1\n|-damage|p1a: Meganium|68/100\n|-supereffective|p1a: Meganium|1\n|-damage|p1a: Meganium|44/100\n|-hitcount|p1a: Meganium|3\n|move|p1a: Meganium|Solar Beam||[still]\n|-prepare|p1a: Meganium|Solar Beam\n|-activate|p1a: Meganium|ability: Mega Sol\n|-anim|p1a: Meganium|Solar Beam|p2a: Meowscarada\n|-damage|p2a: Meowscarada|0 fnt\n|faint|p2a: Meowscarada\n|\n|win|hoshigumo1101\n|raw|hoshigumo1101's rating: 1311 &rarr; <strong>1324</strong><br />(+13 for winning)\n|raw|zftt23's rating: 1185 &rarr; <strong>1169</strong><br />(-16 for losing)\n|l|\u2606zftt23\n|player|p2|\n|l|\u2606hoshigumo1101\n|player|p1|\n|j|\u2606hoshigumo1101\n|player|p1|hoshigumo1101|acetrainerf|\n",
  "uploadtime": 1776086110,
  "views": 13,
  "formatid": "gen9championsbssregma",
  "rating": 1169,
  "private": 0,
  "password": null
}