{
  "id": "gen9championsbssregma-2587691428",
  "format": "[Gen 9 Champions] BSS Reg M-A",
  "players": [
    "ruriripoke",
    "peko877"
  ],
  "log": "|j|\u2606ruriripoke\n|j|\u2606peko877\n|t:|1776554360\n|gametype|singles\n|player|p1|ruriripoke|265|1471\n|player|p2|peko877|iono|1405\n|gen|9\n|tier|[Gen 9 Champions] BSS Reg M-A\n|rated|\n|rule|Species Clause: Limit one of each Pok\u00e9mon\n|rule|Item Clause: Limit 1 of each item\n|clearpoke\n|poke|p1|Hippowdon, L50, F|\n|poke|p1|Charizard, L50, M|\n|poke|p1|Primarina, L50, M|\n|poke|p1|Meowscarada, L50, M|\n|poke|p1|Gengar, L50, F|\n|poke|p1|Kingambit, L50, F|\n|poke|p2|Greninja, L50, M, shiny|\n|poke|p2|Kingambit, L50, M, shiny|\n|poke|p2|Garchomp, L50, M, shiny|\n|poke|p2|Meganium, L50, F, shiny|\n|poke|p2|Volcarona, L50, M, shiny|\n|poke|p2|Bellibolt, L50, M, shiny|\n|teampreview|3\n|inactive|Battle timer is ON: inactive players will automatically lose when time's up. (requested by ruriripoke)\n|inactive|ruriripoke has 60 seconds left.\n|\n|t:|1776554410\n|teamsize|p1|3\n|teamsize|p2|3\n|start\n|switch|p1a: Meowscarada|Meowscarada, L50, M|100/100\n|switch|p2a: Greninja|Greninja, L50, M, shiny|100/100\n|turn|1\n|j| ukikukiki\n|\n|t:|1776554432\n|detailschange|p2a: Greninja|Greninja-Mega, L50, M, shiny\n|-mega|p2a: Greninja|Greninja|Greninjite\n|move|p2a: Greninja|U-turn|p1a: Meowscarada\n|-start|p2a: Greninja|typechange|Bug|[from] ability: Protean\n|-supereffective|p1a: Meowscarada|2\n|-enditem|p1a: Meowscarada|Focus Sash\n|-damage|p1a: Meowscarada|1/100\n|l| ukikukiki\n|\n|t:|1776554445\n|switch|p2a: Bellibolt|Bellibolt, L50, M, shiny|100/100|[from] U-turn\n|move|p1a: Meowscarada|Knock Off|p2a: Bellibolt\n|-start|p1a: Meowscarada|typechange|Dark|[from] ability: Protean\n|-damage|p2a: Bellibolt|62/100\n|-start|p2a: Bellibolt|Charge|Knock Off|[from] ability: Electromorphosis\n|-enditem|p2a: Bellibolt|Sitrus Berry|[from] move: Knock Off|[of] p1a: Meowscarada\n|\n|upkeep\n|turn|2\n|\n|t:|1776554455\n|switch|p1a: Hippowdon|Hippowdon, L50, F|100/100\n|-weather|Sandstorm|[from] ability: Sand Stream|[of] p1a: Hippowdon\n|move|p2a: Bellibolt|Sucker Punch||[still]\n|-fail|p2a: Bellibolt\n|\n|-weather|Sandstorm|[upkeep]\n|-damage|p2a: Bellibolt|57/100|[from] Sandstorm\n|upkeep\n|turn|3\n|\n|t:|1776554465\n|move|p1a: Hippowdon|Stealth Rock|p2a: Bellibolt\n|-sidestart|p2: peko877|move: Stealth Rock\n|move|p2a: Bellibolt|Soak|p1a: Hippowdon\n|-start|p1a: Hippowdon|typechange|Water\n|\n|-weather|Sandstorm|[upkeep]\n|-damage|p1a: Hippowdon|94/100|[from] Sandstorm\n|-damage|p2a: Bellibolt|51/100|[from] Sandstorm\n|upkeep\n|turn|4\n|\n|t:|1776554469\n|move|p1a: Hippowdon|Earthquake|p2a: Bellibolt\n|-supereffective|p2a: Bellibolt|1\n|-damage|p2a: Bellibolt|11/100\n|-start|p2a: Bellibolt|Charge|Earthquake|[from] ability: Electromorphosis\n|move|p2a: Bellibolt|Parabolic Charge|p1a: Hippowdon\n|-supereffective|p1a: Hippowdon|1\n|-damage|p1a: Hippowdon|1/100\n|-heal|p2a: Bellibolt|63/100|[from] drain|[of] p1a: Hippowdon\n|-enditem|p1a: Hippowdon|Sitrus Berry|[eat]\n|-heal|p1a: Hippowdon|26/100|[from] item: Sitrus Berry\n|-end|p2a: Bellibolt|Charge|[silent]\n|\n|-weather|Sandstorm|[upkeep]\n|-damage|p1a: Hippowdon|20/100|[from] Sandstorm\n|-damage|p2a: Bellibolt|58/100|[from] Sandstorm\n|upkeep\n|turn|5\n|\n|t:|1776554483\n|move|p1a: Hippowdon|Yawn|p2a: Bellibolt\n|-start|p2a: Bellibolt|move: Yawn|[of] p1a: Hippowdon\n|move|p2a: Bellibolt|Parabolic Charge|p1a: Hippowdon\n|-supereffective|p1a: Hippowdon|1\n|-damage|p1a: Hippowdon|0 fnt\n|-heal|p2a: Bellibolt|69/100|[from] drain|[of] p1a: Hippowdon\n|faint|p1a: Hippowdon\n|\n|-weather|Sandstorm|[upkeep]\n|-damage|p2a: Bellibolt|63/100|[from] Sandstorm\n|upkeep\n|\n|t:|1776554485\n|switch|p1a: Charizard|Charizard, L50, M|100/100\n|turn|6\n|\n|t:|1776554497\n|detailschange|p1a: Charizard|Charizard-Mega-X, L50, M\n|-mega|p1a: Charizard|Charizard|Charizardite X\n|move|p1a: Charizard|Dragon Dance|p1a: Charizard\n|-boost|p1a: Charizard|atk|1\n|-boost|p1a: Charizard|spe|1\n|move|p2a: Bellibolt|Volt Switch|p1a: Charizard\n|-resisted|p1a: Charizard|1\n|-damage|p1a: Charizard|83/100\n|\n|t:|1776554505\n|switch|p2a: Greninja|Greninja-Mega, L50, M, shiny|100/100|[from] Volt Switch\n|-damage|p2a: Greninja|88/100|[from] Stealth Rock\n|\n|-weather|none\n|upkeep\n|turn|7\n|\n|t:|1776554509\n|move|p1a: Charizard|Thunder Punch|p2a: Greninja\n|-supereffective|p2a: Greninja|1\n|-damage|p2a: Greninja|0 fnt\n|faint|p2a: Greninja\n|\n|upkeep\n|\n|t:|1776554514\n|switch|p2a: Bellibolt|Bellibolt, L50, M, shiny|63/100\n|-damage|p2a: Bellibolt|51/100|[from] Stealth Rock\n|turn|8\n|\n|t:|1776554518\n|move|p1a: Charizard|Flare Blitz|p2a: Bellibolt\n|-damage|p2a: Bellibolt|0 fnt\n|faint|p2a: Bellibolt\n|-damage|p1a: Charizard|62/100|[from] Recoil\n|\n|upkeep\n|\n|t:|1776554521\n|switch|p2a: Garchomp|Garchomp, L50, M, shiny|100/100\n|-damage|p2a: Garchomp|95/100|[from] Stealth Rock\n|turn|9\n|\n|t:|1776554525\n|move|p1a: Charizard|Dragon Claw|p2a: Garchomp\n|-supereffective|p2a: Garchomp|1\n|-damage|p2a: Garchomp|0 fnt\n|-damage|p1a: Charizard|50/100|[from] ability: Rough Skin|[of] p2a: Garchomp\n|faint|p2a: Garchomp\n|\n|win|ruriripoke\n|raw|ruriripoke's rating: 1471 &rarr; <strong>1487</strong><br />(+16 for winning)\n|raw|peko877's rating: 1405 &rarr; <strong>1389</strong><br />(-16 for losing)\n|l|\u2606peko877\n|player|p2|\n|l|\u2606ruriripoke\n|player|p1|\n",
  "uploadtime": 1776554531,
  "views": 3,
  "formatid": "gen9championsbssregma",
  "rating": 1389,
  "private": 0,
  "password": null
}