{
  "id": "gen9championsbssregma-2589111483",
  "format": "[Gen 9 Champions] BSS Reg M-A",
  "players": [
    "trickskir",
    "joguri"
  ],
  "log": "|j|\u2606trickskir\n|j|\u2606joguri\n|t:|1776700365\n|gametype|singles\n|player|p1|trickskir|giovanni|1000\n|player|p2|joguri|dawn|1109\n|gen|9\n|tier|[Gen 9 Champions] BSS Reg M-A\n|rated|\n|rule|Species Clause: Limit one of each Pok\u00e9mon\n|rule|Item Clause: Limit 1 of each item\n|clearpoke\n|poke|p1|Goodra, L50, M, shiny|\n|poke|p1|Starmie, L50, shiny|\n|poke|p1|Typhlosion-Hisui, L50, M|\n|poke|p1|Archaludon, L50, M|\n|poke|p1|Emolga, L50, F|\n|poke|p1|Serperior, L50, M|\n|poke|p2|Lopunny, L50, M|\n|poke|p2|Garchomp, L50, F|\n|poke|p2|Glimmora, L50, M|\n|poke|p2|Primarina, L50, M|\n|poke|p2|Corviknight, L50, F|\n|poke|p2|Clefable, L50, M|\n|teampreview|3\n|inactive|Battle timer is ON: inactive players will automatically lose when time's up. (requested by trickskir)\n|\n|t:|1776700374\n|teamsize|p1|3\n|teamsize|p2|3\n|start\n|switch|p1a: Emolga|Emolga, L50, F|100/100\n|switch|p2a: Lopunny|Lopunny, L50, M|100/100\n|turn|1\n|\n|t:|1776700391\n|move|p2a: Lopunny|Cosmic Power|p2a: Lopunny\n|-boost|p2a: Lopunny|def|1\n|-boost|p2a: Lopunny|spd|1\n|move|p1a: Emolga|Agility|p1a: Emolga\n|-boost|p1a: Emolga|spe|2\n|\n|upkeep\n|turn|2\n|\n|t:|1776700401\n|move|p1a: Emolga|Agility|p1a: Emolga\n|-boost|p1a: Emolga|spe|2\n|move|p2a: Lopunny|Cotton Guard|p2a: Lopunny\n|-boost|p2a: Lopunny|def|3\n|\n|upkeep\n|turn|3\n|\n|t:|1776700412\n|move|p1a: Emolga|Baton Pass|p1a: Emolga\n|\n|t:|1776700416\n|switch|p1a: Serperior|Serperior, L50, M|100/100|[from] Baton Pass\n|move|p2a: Lopunny|Baton Pass|p2a: Lopunny\n|\n|t:|1776700420\n|switch|p2a: Clefable|Clefable, L50, M|100/100|[from] Baton Pass\n|\n|upkeep\n|turn|4\n|\n|t:|1776700429\n|move|p1a: Serperior|Leaf Storm|p2a: Clefable\n|-damage|p2a: Clefable|74/100\n|-boost|p1a: Serperior|spa|2\n|move|p2a: Clefable|Calm Mind|p2a: Clefable\n|-boost|p2a: Clefable|spa|1\n|-boost|p2a: Clefable|spd|1\n|\n|upkeep\n|turn|5\n|\n|t:|1776700435\n|move|p1a: Serperior|Dragon Pulse|p2a: Clefable\n|-immune|p2a: Clefable\n|move|p2a: Clefable|Calm Mind|p2a: Clefable\n|-boost|p2a: Clefable|spa|1\n|-boost|p2a: Clefable|spd|1\n|\n|upkeep\n|turn|6\n|c|\u2606trickskir|oops\n|\n|t:|1776700444\n|move|p1a: Serperior|Leaf Storm|p2a: Clefable\n|-damage|p2a: Clefable|57/100\n|-boost|p1a: Serperior|spa|2\n|move|p2a: Clefable|Calm Mind|p2a: Clefable\n|-boost|p2a: Clefable|spa|1\n|-boost|p2a: Clefable|spd|1\n|\n|upkeep\n|turn|7\n|\n|t:|1776700452\n|move|p1a: Serperior|Leaf Storm|p2a: Clefable\n|-damage|p2a: Clefable|43/100\n|-boost|p1a: Serperior|spa|2\n|move|p2a: Clefable|Calm Mind|p2a: Clefable\n|-boost|p2a: Clefable|spa|1\n|-boost|p2a: Clefable|spd|1\n|\n|upkeep\n|turn|8\n|\n|t:|1776700459\n|move|p1a: Serperior|Glare|p2a: Clefable\n|-status|p2a: Clefable|par\n|move|p2a: Clefable|Moonlight|p2a: Clefable\n|-heal|p2a: Clefable|93/100 par\n|\n|upkeep\n|turn|9\n|\n|t:|1776700466\n|switch|p1a: Emolga|Emolga, L50, F|100/100\n|move|p2a: Clefable|Stored Power|p1a: Emolga\n|-enditem|p1a: Emolga|Focus Sash\n|-damage|p1a: Emolga|1/100\n|\n|upkeep\n|turn|10\n|\n|t:|1776700474\n|detailschange|p2a: Clefable|Clefable-Mega, L50, M\n|-mega|p2a: Clefable|Clefable|Clefablite\n|move|p1a: Emolga|Defog|p2a: Clefable\n|move|p2a: Clefable|Defog|p1a: Emolga|[from] ability: Magic Bounce\n|-unboost|p1a: Emolga|evasion|1\n|move|p2a: Clefable|Stored Power|p1a: Emolga\n|-damage|p1a: Emolga|0 fnt\n|faint|p1a: Emolga\n|\n|upkeep\n|-message|trickskir forfeited.\n|\n|win|joguri\n|raw|trickskir's rating: 1000 &rarr; <strong>1000</strong><br />(+0 for losing)\n|raw|joguri's rating: 1109 &rarr; <strong>1126</strong><br />(+17 for winning)\n|l|\u2606trickskir\n|player|p1|\n",
  "uploadtime": 1776700489,
  "views": 2,
  "formatid": "gen9championsbssregma",
  "rating": 1000,
  "private": 0,
  "password": null
}