{
  "id": "gen9championsbssregma-2581345105",
  "format": "[Gen 9 Champions] BSS Reg M-A",
  "players": [
    "kyotoyoko",
    "Mikeflem12326171"
  ],
  "log": "|j|\u2606kyotoyoko\n|j|\u2606Mikeflem12326171\n|t:|1775989578\n|gametype|singles\n|player|p1|kyotoyoko|caitlin|1236\n|player|p2|Mikeflem12326171|colress|1302\n|gen|9\n|tier|[Gen 9 Champions] BSS Reg M-A\n|rated|\n|rule|Species Clause: Limit one of each Pok\u00e9mon\n|rule|Item Clause: Limit 1 of each item\n|clearpoke\n|poke|p1|Lopunny, L50, F|\n|poke|p1|Greninja-*, L50, F|\n|poke|p1|Garchomp, L50, F|\n|poke|p1|Corviknight, L50, F|\n|poke|p1|Primarina, L50, F|\n|poke|p1|Rotom-Heat, L50|\n|poke|p2|Lopunny, L50, F|\n|poke|p2|Garchomp, L50, F|\n|poke|p2|Rotom-Wash, L50|\n|poke|p2|Ninetales-Alola, L50, F|\n|poke|p2|Ceruledge, L50, M|\n|poke|p2|Clefable, L50, M|\n|teampreview|3\n|\n|t:|1775989611\n|teamsize|p1|3\n|teamsize|p2|3\n|start\n|switch|p1a: Primarina|Primarina, L50, F|100/100\n|switch|p2a: Ninetales|Ninetales-Alola, L50, F|100/100\n|-weather|Snowscape|[from] ability: Snow Warning|[of] p2a: Ninetales\n|turn|1\n|inactive|Battle timer is ON: inactive players will automatically lose when time's up. (requested by kyotoyoko)\n|\n|t:|1775989621\n|move|p2a: Ninetales|Aurora Veil|p2a: Ninetales\n|-sidestart|p2: Mikeflem12326171|move: Aurora Veil\n|move|p1a: Primarina|Moonblast|p2a: Ninetales\n|-damage|p2a: Ninetales|72/100\n|\n|-weather|Snowscape|[upkeep]\n|upkeep\n|turn|2\n|\n|t:|1775989645\n|move|p2a: Ninetales|Freeze-Dry|p1a: Primarina\n|-supereffective|p1a: Primarina|1\n|-damage|p1a: Primarina|49/100\n|-status|p1a: Primarina|frz\n|-enditem|p1a: Primarina|Sitrus Berry|[eat]\n|-heal|p1a: Primarina|74/100 frz|[from] item: Sitrus Berry\n|-curestatus|p1a: Primarina|frz|[msg]\n|move|p1a: Primarina|Moonblast|p2a: Ninetales\n|-damage|p2a: Ninetales|44/100\n|-unboost|p2a: Ninetales|spa|1\n|\n|-weather|Snowscape|[upkeep]\n|upkeep\n|turn|3\n|\n|t:|1775989657\n|move|p2a: Ninetales|Freeze-Dry|p1a: Primarina\n|-supereffective|p1a: Primarina|1\n|-damage|p1a: Primarina|38/100\n|move|p1a: Primarina|Sparkling Aria|p2a: Ninetales\n|-damage|p2a: Ninetales|17/100\n|\n|-weather|Snowscape|[upkeep]\n|upkeep\n|turn|4\n|\n|t:|1775989664\n|move|p2a: Ninetales|Freeze-Dry|p1a: Primarina\n|-supereffective|p1a: Primarina|1\n|-damage|p1a: Primarina|3/100\n|move|p1a: Primarina|Sparkling Aria|p2a: Ninetales\n|-damage|p2a: Ninetales|0 fnt\n|faint|p2a: Ninetales\n|\n|-weather|Snowscape|[upkeep]\n|upkeep\n|\n|t:|1775989669\n|switch|p2a: Clefable|Clefable, L50, M|100/100\n|turn|5\n|\n|t:|1775989673\n|move|p2a: Clefable|Cosmic Power|p2a: Clefable\n|-boost|p2a: Clefable|def|1\n|-boost|p2a: Clefable|spd|1\n|move|p1a: Primarina|Sparkling Aria|p2a: Clefable\n|-damage|p2a: Clefable|83/100\n|\n|-weather|none\n|-heal|p2a: Clefable|89/100|[from] item: Leftovers\n|-sideend|p2: Mikeflem12326171|move: Aurora Veil\n|upkeep\n|turn|6\n|\n|t:|1775989679\n|move|p2a: Clefable|Cosmic Power|p2a: Clefable\n|-boost|p2a: Clefable|def|1\n|-boost|p2a: Clefable|spd|1\n|move|p1a: Primarina|Flip Turn|p2a: Clefable\n|-damage|p2a: Clefable|75/100\n|\n|t:|1775989688\n|switch|p1a: Corviknight|Corviknight, L50, F|100/100|[from] Flip Turn\n|-ability|p1a: Corviknight|Pressure\n|\n|-heal|p2a: Clefable|81/100|[from] item: Leftovers\n|upkeep\n|turn|7\n|\n|t:|1775989692\n|move|p2a: Clefable|Cosmic Power|p2a: Clefable\n|-boost|p2a: Clefable|def|1\n|-boost|p2a: Clefable|spd|1\n|move|p1a: Corviknight|Iron Defense|p1a: Corviknight\n|-boost|p1a: Corviknight|def|2\n|\n|-heal|p2a: Clefable|87/100|[from] item: Leftovers\n|upkeep\n|turn|8\n|\n|t:|1775989695\n|move|p2a: Clefable|Cosmic Power|p2a: Clefable\n|-boost|p2a: Clefable|def|1\n|-boost|p2a: Clefable|spd|1\n|move|p1a: Corviknight|Iron Defense|p1a: Corviknight\n|-boost|p1a: Corviknight|def|2\n|\n|-heal|p2a: Clefable|93/100|[from] item: Leftovers\n|upkeep\n|turn|9\n|\n|t:|1775989697\n|move|p2a: Clefable|Cosmic Power|p2a: Clefable\n|-boost|p2a: Clefable|def|1\n|-boost|p2a: Clefable|spd|1\n|move|p1a: Corviknight|Iron Defense|p1a: Corviknight\n|-boost|p1a: Corviknight|def|2\n|\n|-heal|p2a: Clefable|99/100|[from] item: Leftovers\n|upkeep\n|turn|10\n|\n|t:|1775989702\n|move|p2a: Clefable|Cosmic Power|p2a: Clefable\n|-boost|p2a: Clefable|def|1\n|-boost|p2a: Clefable|spd|1\n|move|p1a: Corviknight|Body Press|p2a: Clefable\n|-resisted|p2a: Clefable|1\n|-damage|p2a: Clefable|95/100\n|\n|-heal|p2a: Clefable|100/100|[from] item: Leftovers\n|upkeep\n|turn|11\n|\n|t:|1775989713\n|move|p2a: Clefable|Stored Power|p1a: Corviknight\n|-resisted|p1a: Corviknight|1\n|-damage|p1a: Corviknight|71/100\n|move|p1a: Corviknight|Iron Defense|p1a: Corviknight\n|-boost|p1a: Corviknight|def|0\n|\n|-heal|p1a: Corviknight|77/100|[from] item: Leftovers\n|upkeep\n|turn|12\n|\n|t:|1775989719\n|move|p2a: Clefable|Stored Power|p1a: Corviknight\n|-resisted|p1a: Corviknight|1\n|-damage|p1a: Corviknight|49/100\n|move|p1a: Corviknight|Roost|p1a: Corviknight\n|-heal|p1a: Corviknight|99/100\n|-singleturn|p1a: Corviknight|move: Roost\n|\n|-heal|p1a: Corviknight|100/100|[from] item: Leftovers\n|upkeep\n|turn|13\n|\n|t:|1775989726\n|move|p2a: Clefable|Moonblast|p1a: Corviknight\n|-resisted|p1a: Corviknight|1\n|-damage|p1a: Corviknight|85/100\n|move|p1a: Corviknight|Body Press|p2a: Clefable\n|-resisted|p2a: Clefable|1\n|-damage|p2a: Clefable|97/100\n|\n|-heal|p2a: Clefable|100/100|[from] item: Leftovers\n|-heal|p1a: Corviknight|91/100|[from] item: Leftovers\n|upkeep\n|turn|14\n|\n|t:|1775989735\n|move|p2a: Clefable|Moonblast|p1a: Corviknight\n|-resisted|p1a: Corviknight|1\n|-damage|p1a: Corviknight|76/100\n|move|p1a: Corviknight|Body Press|p2a: Clefable\n|-resisted|p2a: Clefable|1\n|-damage|p2a: Clefable|97/100\n|\n|-heal|p2a: Clefable|100/100|[from] item: Leftovers\n|-heal|p1a: Corviknight|82/100|[from] item: Leftovers\n|upkeep\n|turn|15\n|\n|t:|1775989745\n|move|p2a: Clefable|Moonblast|p1a: Corviknight\n|-resisted|p1a: Corviknight|1\n|-damage|p1a: Corviknight|66/100\n|move|p1a: Corviknight|Iron Defense|p1a: Corviknight\n|-boost|p1a: Corviknight|def|0\n|\n|-heal|p1a: Corviknight|72/100|[from] item: Leftovers\n|upkeep\n|turn|16\n|\n|t:|1775989750\n|move|p2a: Clefable|Moonblast|p1a: Corviknight\n|-resisted|p1a: Corviknight|1\n|-damage|p1a: Corviknight|57/100\n|move|p1a: Corviknight|Roost|p1a: Corviknight\n|-heal|p1a: Corviknight|100/100\n|-singleturn|p1a: Corviknight|move: Roost\n|\n|upkeep\n|turn|17\n|\n|t:|1775989756\n|move|p2a: Clefable|Moonblast|p1a: Corviknight\n|-resisted|p1a: Corviknight|1\n|-damage|p1a: Corviknight|86/100\n|move|p1a: Corviknight|Iron Defense|p1a: Corviknight\n|-boost|p1a: Corviknight|def|0\n|\n|-heal|p1a: Corviknight|92/100|[from] item: Leftovers\n|upkeep\n|turn|18\n|\n|t:|1775989764\n|move|p2a: Clefable|Moonblast|p1a: Corviknight\n|-resisted|p1a: Corviknight|1\n|-damage|p1a: Corviknight|77/100\n|move|p1a: Corviknight|Iron Defense|p1a: Corviknight\n|-boost|p1a: Corviknight|def|0\n|\n|-heal|p1a: Corviknight|82/100|[from] item: Leftovers\n|upkeep\n|turn|19\n|\n|t:|1775989768\n|move|p2a: Clefable|Stored Power|p1a: Corviknight\n|-resisted|p1a: Corviknight|1\n|-damage|p1a: Corviknight|53/100\n|move|p1a: Corviknight|Body Press|p2a: Clefable\n|-resisted|p2a: Clefable|1\n|-damage|p2a: Clefable|97/100\n|\n|-heal|p2a: Clefable|100/100|[from] item: Leftovers\n|-heal|p1a: Corviknight|59/100|[from] item: Leftovers\n|upkeep\n|turn|20\n|\n|t:|1775989773\n|move|p2a: Clefable|Stored Power|p1a: Corviknight\n|-resisted|p1a: Corviknight|1\n|-damage|p1a: Corviknight|32/100\n|move|p1a: Corviknight|Roost|p1a: Corviknight\n|-heal|p1a: Corviknight|82/100\n|-singleturn|p1a: Corviknight|move: Roost\n|\n|-heal|p1a: Corviknight|88/100|[from] item: Leftovers\n|upkeep\n|turn|21\n|\n|t:|1775989779\n|move|p2a: Clefable|Moonblast|p1a: Corviknight\n|-resisted|p1a: Corviknight|1\n|-damage|p1a: Corviknight|72/100\n|move|p1a: Corviknight|Roost|p1a: Corviknight\n|-heal|p1a: Corviknight|100/100\n|-singleturn|p1a: Corviknight|move: Roost\n|\n|upkeep\n|turn|22\n|\n|t:|1775989785\n|switch|p2a: Ceruledge|Ceruledge, L50, M|100/100\n|move|p1a: Corviknight|Iron Defense|p1a: Corviknight\n|-boost|p1a: Corviknight|def|0\n|\n|upkeep\n|turn|23\n|\n|t:|1775989790\n|move|p2a: Ceruledge|Swords Dance|p2a: Ceruledge\n|-boost|p2a: Ceruledge|atk|2\n|move|p1a: Corviknight|U-turn|p2a: Ceruledge\n|-resisted|p2a: Ceruledge|2\n|-damage|p2a: Ceruledge|95/100\n|-ability|p2a: Ceruledge|Weak Armor|boost\n|-unboost|p2a: Ceruledge|def|1\n|-boost|p2a: Ceruledge|spe|2\n|\n|t:|1775989799\n|switch|p1a: Primarina|Primarina, L50, F|3/100|[from] U-turn\n|\n|upkeep\n|turn|24\n|\n|t:|1775989806\n|move|p1a: Primarina|Aqua Jet|p2a: Ceruledge\n|-supereffective|p2a: Ceruledge|1\n|-damage|p2a: Ceruledge|27/100\n|-ability|p2a: Ceruledge|Weak Armor|boost\n|-unboost|p2a: Ceruledge|def|1\n|-boost|p2a: Ceruledge|spe|2\n|move|p2a: Ceruledge|Bitter Blade|p1a: Primarina\n|-resisted|p1a: Primarina|1\n|-damage|p1a: Primarina|0 fnt\n|-heal|p2a: Ceruledge|29/100|[from] drain|[of] p1a: Primarina\n|faint|p1a: Primarina\n|\n|upkeep\n|\n|t:|1775989814\n|switch|p1a: Greninja|Greninja, L50, F, shiny|100/100\n|turn|25\n|\n|t:|1775989821\n|detailschange|p1a: Greninja|Greninja-Mega, L50, F, shiny\n|-mega|p1a: Greninja|Greninja|Greninjite\n|move|p2a: Ceruledge|Brick Break|p1a: Greninja\n|-supereffective|p1a: Greninja|1\n|-damage|p1a: Greninja|0 fnt\n|faint|p1a: Greninja\n|\n|upkeep\n|\n|t:|1775989827\n|switch|p1a: Corviknight|Corviknight, L50, F|100/100\n|-ability|p1a: Corviknight|Pressure\n|turn|26\n|c|\u2606Mikeflem12326171|ZAMN\n|\n|t:|1775989831\n|move|p2a: Ceruledge|Bitter Blade|p1a: Corviknight\n|-supereffective|p1a: Corviknight|1\n|-damage|p1a: Corviknight|0 fnt\n|-heal|p2a: Ceruledge|98/100|[from] drain|[of] p1a: Corviknight\n|faint|p1a: Corviknight\n|\n|win|Mikeflem12326171\n|raw|kyotoyoko's rating: 1236 &rarr; <strong>1216</strong><br />(-20 for losing)\n|raw|Mikeflem12326171's rating: 1302 &rarr; <strong>1318</strong><br />(+16 for winning)\n|l|\u2606kyotoyoko\n|player|p1|\n",
  "uploadtime": 1775989839,
  "views": 19,
  "formatid": "gen9championsbssregma",
  "rating": 1216,
  "private": 0,
  "password": null
}