{
  "id": "gen9championsbssregma-2586751369",
  "format": "[Gen 9 Champions] BSS Reg M-A",
  "players": [
    "Ineedaonetype",
    "DiceyRice"
  ],
  "log": "|j|\u2606Ineedaonetype\n|j|\u2606DiceyRice\n|t:|1776457045\n|gametype|singles\n|player|p1|Ineedaonetype|266|1384\n|player|p2|DiceyRice|miku-ghost|1505\n|gen|9\n|tier|[Gen 9 Champions] BSS Reg M-A\n|rated|\n|rule|Species Clause: Limit one of each Pok\u00e9mon\n|rule|Item Clause: Limit 1 of each item\n|clearpoke\n|poke|p1|Charizard, L50, M|\n|poke|p1|Corviknight, L50, F|\n|poke|p1|Primarina, L50, M|\n|poke|p1|Garchomp, L50, F|\n|poke|p1|Scizor, L50, M|\n|poke|p1|Mimikyu, L50, F|\n|poke|p2|Hippowdon, L50, M|\n|poke|p2|Volcarona, L50, F|\n|poke|p2|Blastoise, L50, M|\n|poke|p2|Aegislash, L50, M|\n|poke|p2|Floette-Eternal, L50, F|\n|poke|p2|Hydreigon, L50, F|\n|teampreview|3\n|\n|t:|1776457087\n|teamsize|p1|3\n|teamsize|p2|3\n|start\n|switch|p1a: Primarina|Primarina, L50, M|100/100\n|switch|p2a: Floette|Floette-Eternal, L50, F|100/100\n|turn|1\n|\n|t:|1776457104\n|move|p2a: Floette|Calm Mind|p2a: Floette\n|-boost|p2a: Floette|spa|1\n|-boost|p2a: Floette|spd|1\n|move|p1a: Primarina|Sparkling Aria|p2a: Floette\n|-damage|p2a: Floette|64/100\n|\n|upkeep\n|turn|2\n|\n|t:|1776457118\n|move|p2a: Floette|Calm Mind|p2a: Floette\n|-boost|p2a: Floette|spa|1\n|-boost|p2a: Floette|spd|1\n|move|p1a: Primarina|Sparkling Aria|p2a: Floette\n|-damage|p2a: Floette|36/100\n|\n|upkeep\n|turn|3\n|\n|t:|1776457124\n|move|p2a: Floette|Synthesis|p2a: Floette\n|-heal|p2a: Floette|86/100\n|move|p1a: Primarina|Encore|p2a: Floette\n|-start|p2a: Floette|Encore\n|\n|upkeep\n|turn|4\n|\n|t:|1776457131\n|switch|p1a: Garchomp|Garchomp, L50, F|100/100\n|move|p2a: Floette|Synthesis|p2a: Floette\n|-heal|p2a: Floette|100/100\n|\n|upkeep\n|turn|5\n|\n|t:|1776457134\n|detailschange|p2a: Floette|Floette-Mega, L50, F\n|-mega|p2a: Floette|Floette|Floettite\n|-ability|p2a: Floette|Fairy Aura\n|move|p1a: Garchomp|Earthquake|p2a: Floette\n|-damage|p2a: Floette|47/100\n|move|p2a: Floette|Synthesis|p2a: Floette\n|-heal|p2a: Floette|96/100\n|\n|upkeep\n|turn|6\n|\n|t:|1776457139\n|switch|p1a: Mimikyu|Mimikyu, L50, F|100/100\n|move|p2a: Floette|Synthesis|p2a: Floette\n|-heal|p2a: Floette|100/100\n|\n|-end|p2a: Floette|Encore\n|upkeep\n|turn|7\n|\n|t:|1776457144\n|move|p2a: Floette|Charm|p1a: Mimikyu\n|-unboost|p1a: Mimikyu|atk|2\n|move|p1a: Mimikyu|Curse|p2a: Floette\n|-start|p2a: Floette|Curse|[of] p1a: Mimikyu\n|-damage|p1a: Mimikyu|50/100\n|\n|-heal|p1a: Mimikyu|57/100|[from] item: Leftovers\n|-damage|p2a: Floette|76/100|[from] Curse\n|upkeep\n|turn|8\n|\n|t:|1776457150\n|move|p2a: Floette|Moonblast|p1a: Mimikyu\n|-activate|p1a: Mimikyu|ability: Disguise\n|-damage|p1a: Mimikyu|57/100\n|detailschange|p1a: Mimikyu|Mimikyu-Busted, L50, F\n|-damage|p1a: Mimikyu|44/100|[from] pokemon: Mimikyu-Busted\n|move|p1a: Mimikyu|Pain Split|p2a: Floette\n|-sethp|p2a: Floette|58/100|[from] move: Pain Split|[silent]\n|-sethp|p1a: Mimikyu|63/100|[from] move: Pain Split\n|\n|-heal|p1a: Mimikyu|69/100|[from] item: Leftovers\n|-damage|p2a: Floette|34/100|[from] Curse\n|upkeep\n|turn|9\n|\n|t:|1776457154\n|move|p1a: Mimikyu|Shadow Sneak|p2a: Floette\n|-damage|p2a: Floette|26/100\n|move|p2a: Floette|Synthesis|p2a: Floette\n|-heal|p2a: Floette|76/100\n|\n|-heal|p1a: Mimikyu|75/100|[from] item: Leftovers\n|-damage|p2a: Floette|51/100|[from] Curse\n|upkeep\n|turn|10\n|\n|t:|1776457157\n|move|p1a: Mimikyu|Shadow Sneak|p2a: Floette\n|-damage|p2a: Floette|44/100\n|move|p2a: Floette|Moonblast|p1a: Mimikyu\n|-damage|p1a: Mimikyu|0 fnt\n|faint|p1a: Mimikyu\n|\n|-damage|p2a: Floette|20/100|[from] Curse\n|upkeep\n|\n|t:|1776457160\n|switch|p1a: Garchomp|Garchomp, L50, F|100/100\n|turn|11\n|inactive|Battle timer is ON: inactive players will automatically lose when time's up. (requested by Ineedaonetype)\n|\n|t:|1776457176\n|move|p1a: Garchomp|Earthquake|p2a: Floette\n|-damage|p2a: Floette|0 fnt\n|faint|p2a: Floette\n|\n|upkeep\n|\n|t:|1776457181\n|switch|p2a: Aegislash|Aegislash, L50, M|100/100\n|turn|12\n|\n|t:|1776457183\n|move|p1a: Garchomp|Earthquake|p2a: Aegislash\n|-supereffective|p2a: Aegislash|1\n|-damage|p2a: Aegislash|9/100\n|-formechange|p2a: Aegislash|Aegislash-Blade|\n|move|p2a: Aegislash|Poltergeist|p1a: Garchomp\n|-activate|p1a: Garchomp|move: Poltergeist|Choice Scarf\n|-damage|p1a: Garchomp|19/100\n|\n|upkeep\n|turn|13\n|\n|t:|1776457187\n|move|p2a: Aegislash|Shadow Sneak|p1a: Garchomp\n|-damage|p1a: Garchomp|0 fnt\n|-damage|p2a: Aegislash|0 fnt|[from] ability: Rough Skin|[of] p1a: Garchomp\n|faint|p1a: Garchomp\n|faint|p2a: Aegislash\n|\n|upkeep\n|\n|t:|1776457189\n|switch|p1a: Primarina|Primarina, L50, M|100/100\n|switch|p2a: Volcarona|Volcarona, L50, F|100/100\n|turn|14\n|\n|t:|1776457191\n|move|p2a: Volcarona|Quiver Dance|p2a: Volcarona\n|-boost|p2a: Volcarona|spa|1\n|-boost|p2a: Volcarona|spd|1\n|-boost|p2a: Volcarona|spe|1\n|move|p1a: Primarina|Sparkling Aria|p2a: Volcarona\n|-supereffective|p2a: Volcarona|1\n|-damage|p2a: Volcarona|28/100\n|\n|upkeep\n|turn|15\n|\n|t:|1776457199\n|move|p1a: Primarina|Aqua Jet|p2a: Volcarona\n|-supereffective|p2a: Volcarona|1\n|-damage|p2a: Volcarona|0 fnt\n|-status|p1a: Primarina|brn|[from] ability: Flame Body|[of] p2a: Volcarona\n|faint|p2a: Volcarona\n|\n|win|Ineedaonetype\n|raw|Ineedaonetype's rating: 1384 &rarr; <strong>1411</strong><br />(+27 for winning)\n|raw|DiceyRice's rating: 1505 &rarr; <strong>1478</strong><br />(-27 for losing)\n|l|\u2606DiceyRice\n|player|p2|\n",
  "uploadtime": 1776457210,
  "views": 19,
  "formatid": "gen9championsbssregma",
  "rating": 1411,
  "private": 0,
  "password": null
}