{
  "id": "gen9championsbssregma-2584180622",
  "format": "[Gen 9 Champions] BSS Reg M-A",
  "players": [
    "muaji._.dpx",
    "hoshigumo1101"
  ],
  "log": "|j|\u2606muaji._.dpx\n|j|\u2606hoshigumo1101\n|t:|1776235043\n|gametype|singles\n|player|p1|muaji._.dpx|169|1091\n|player|p2|hoshigumo1101|acetrainerf|1175\n|gen|9\n|tier|[Gen 9 Champions] BSS Reg M-A\n|rated|\n|rule|Species Clause: Limit one of each Pok\u00e9mon\n|rule|Item Clause: Limit 1 of each item\n|clearpoke\n|poke|p1|Scizor, L50, M|\n|poke|p1|Arcanine, L50, M|\n|poke|p1|Garchomp, L50, M|\n|poke|p1|Corviknight, L50, F|\n|poke|p1|Toxapex, L50, M|\n|poke|p1|Meganium, L50, M|\n|poke|p2|Aegislash, L50, M|\n|poke|p2|Garchomp, L50, M|\n|poke|p2|Kangaskhan, L50, F|\n|poke|p2|Corviknight, L50, M|\n|poke|p2|Incineroar, L50, M|\n|poke|p2|Meganium, L50, F|\n|teampreview|3\n|inactive|Battle timer is ON: inactive players will automatically lose when time's up. (requested by muaji._.dpx)\n|inactive|muaji._.dpx has 60 seconds left.\n|inactive|hoshigumo1101 has 60 seconds left.\n|\n|t:|1776235090\n|teamsize|p1|3\n|teamsize|p2|3\n|start\n|switch|p1a: Arcanine|Arcanine, L50, M, shiny|100/100\n|switch|p2a: Incineroar|Incineroar, L50, M|100/100\n|-ability|p1a: Arcanine|Intimidate|boost\n|-unboost|p2a: Incineroar|atk|1\n|-ability|p2a: Incineroar|Intimidate|boost\n|-unboost|p1a: Arcanine|atk|1\n|turn|1\n|\n|t:|1776235103\n|move|p1a: Arcanine|Flare Blitz|p2a: Incineroar\n|-resisted|p2a: Incineroar|1\n|-damage|p2a: Incineroar|90/100\n|-damage|p1a: Arcanine|97/100|[from] Recoil\n|move|p2a: Incineroar|Darkest Lariat|p1a: Arcanine\n|-damage|p1a: Arcanine|79/100\n|\n|upkeep\n|turn|2\n|\n|t:|1776235124\n|move|p1a: Arcanine|Flare Blitz|p2a: Incineroar\n|-resisted|p2a: Incineroar|1\n|-damage|p2a: Incineroar|80/100\n|-damage|p1a: Arcanine|75/100|[from] Recoil\n|move|p2a: Incineroar|Parting Shot|p1a: Arcanine\n|-unboost|p1a: Arcanine|atk|1\n|-unboost|p1a: Arcanine|spa|1\n|\n|t:|1776235126\n|switch|p2a: Garchomp|Garchomp, L50, M|100/100|[from] Parting Shot\n|\n|upkeep\n|turn|3\n|\n|t:|1776235136\n|move|p2a: Garchomp|Earthquake|p1a: Arcanine\n|-supereffective|p1a: Arcanine|1\n|-damage|p1a: Arcanine|0 fnt\n|faint|p1a: Arcanine\n|\n|upkeep\n|\n|t:|1776235141\n|switch|p1a: Corviknight|Corviknight, L50, F, shiny|100/100\n|turn|4\n|\n|t:|1776235145\n|switch|p2a: Incineroar|Incineroar, L50, M|80/100\n|-ability|p2a: Incineroar|Intimidate|boost\n|-ability|p1a: Corviknight|Mirror Armor\n|-unboost|p2a: Incineroar|atk|1\n|move|p1a: Corviknight|Iron Defense|p1a: Corviknight\n|-boost|p1a: Corviknight|def|2\n|\n|upkeep\n|turn|5\n|\n|t:|1776235154\n|move|p2a: Incineroar|Will-O-Wisp|p1a: Corviknight\n|-status|p1a: Corviknight|brn\n|move|p1a: Corviknight|Body Press|p2a: Incineroar\n|-supereffective|p2a: Incineroar|1\n|-damage|p2a: Incineroar|45/100\n|-enditem|p2a: Incineroar|Sitrus Berry|[eat]\n|-heal|p2a: Incineroar|70/100|[from] item: Sitrus Berry\n|\n|-damage|p1a: Corviknight|95/100 brn|[from] brn\n|upkeep\n|turn|6\n|inactive|muaji._.dpx has 30 seconds left.\n|inactive|muaji._.dpx has 20 seconds left.\n|inactive|muaji._.dpx has 15 seconds left.\n|inactive|muaji._.dpx has 10 seconds left.\n|inactive|muaji._.dpx has 5 seconds left.\n|\n|t:|1776235209\n|switch|p2a: Aegislash|Aegislash, L50, M|100/100\n|move|p1a: Corviknight|Brave Bird|p2a: Aegislash\n|-resisted|p2a: Aegislash|1\n|-damage|p2a: Aegislash|91/100\n|-damage|p1a: Corviknight|93/100 brn|[from] Recoil\n|\n|-damage|p1a: Corviknight|87/100 brn|[from] brn\n|upkeep\n|turn|7\n|inactive|muaji._.dpx has 30 seconds left.\n|\n|t:|1776235236\n|switch|p2a: Garchomp|Garchomp, L50, M|100/100\n|move|p1a: Corviknight|Iron Defense|p1a: Corviknight\n|-boost|p1a: Corviknight|def|2\n|\n|-damage|p1a: Corviknight|81/100 brn|[from] brn\n|upkeep\n|turn|8\n|\n|t:|1776235251\n|move|p2a: Garchomp|Fire Blast|p1a: Corviknight\n|-supereffective|p1a: Corviknight|1\n|-enditem|p1a: Corviknight|Occa Berry|[eat]\n|-enditem|p1a: Corviknight|Occa Berry|[weaken]\n|-damage|p1a: Corviknight|59/100 brn\n|move|p1a: Corviknight|Iron Defense|p1a: Corviknight\n|-boost|p1a: Corviknight|def|2\n|\n|-damage|p1a: Corviknight|53/100 brn|[from] brn\n|upkeep\n|turn|9\n|\n|t:|1776235269\n|detailschange|p2a: Garchomp|Garchomp-Mega, L50, M\n|-mega|p2a: Garchomp|Garchomp|Garchompite\n|move|p2a: Garchomp|Fire Blast|p1a: Corviknight\n|-supereffective|p1a: Corviknight|1\n|-damage|p1a: Corviknight|0 fnt\n|faint|p1a: Corviknight\n|\n|upkeep\n|\n|t:|1776235277\n|switch|p1a: Meganium|Meganium, L50, M, shiny|100/100\n|turn|10\n|\n|t:|1776235283\n|detailschange|p1a: Meganium|Meganium-Mega, L50, M, shiny\n|-mega|p1a: Meganium|Meganium|Meganiumite\n|move|p2a: Garchomp|Fire Blast|p1a: Meganium\n|-supereffective|p1a: Meganium|1\n|-damage|p1a: Meganium|57/100\n|move|p1a: Meganium|Dazzling Gleam|p2a: Garchomp\n|-supereffective|p2a: Garchomp|1\n|-damage|p2a: Garchomp|18/100\n|\n|upkeep\n|turn|11\n|\n|t:|1776235297\n|move|p2a: Garchomp|Fire Blast|p1a: Meganium|[miss]\n|-miss|p2a: Garchomp|p1a: Meganium\n|move|p1a: Meganium|Dazzling Gleam|p2a: Garchomp\n|-supereffective|p2a: Garchomp|1\n|-damage|p2a: Garchomp|0 fnt\n|faint|p2a: Garchomp\n|\n|upkeep\n|\n|t:|1776235304\n|switch|p2a: Incineroar|Incineroar, L50, M|70/100\n|-ability|p2a: Incineroar|Intimidate|boost\n|-unboost|p1a: Meganium|atk|1\n|turn|12\n|\n|t:|1776235310\n|move|p1a: Meganium|Solar Beam||[still]\n|-prepare|p1a: Meganium|Solar Beam\n|-activate|p1a: Meganium|ability: Mega Sol\n|-anim|p1a: Meganium|Solar Beam|p2a: Incineroar\n|-resisted|p2a: Incineroar|1\n|-damage|p2a: Incineroar|39/100\n|move|p2a: Incineroar|Flare Blitz|p1a: Meganium\n|-supereffective|p1a: Meganium|1\n|-crit|p1a: Meganium\n|-damage|p1a: Meganium|0 fnt\n|faint|p1a: Meganium\n|-damage|p2a: Incineroar|22/100|[from] Recoil\n|\n|win|hoshigumo1101\n|raw|muaji._.dpx's rating: 1091 &rarr; <strong>1073</strong><br />(-18 for losing)\n|raw|hoshigumo1101's rating: 1175 &rarr; <strong>1194</strong><br />(+19 for winning)\n|l|\u2606muaji._.dpx\n|player|p1|\n",
  "uploadtime": 1776235320,
  "views": 9,
  "formatid": "gen9championsbssregma",
  "rating": 1073,
  "private": 0,
  "password": null
}