{
  "id": "gen9championsbssregma-2589027515",
  "format": "[Gen 9 Champions] BSS Reg M-A",
  "players": [
    "Keyan_Sans",
    "vkgh"
  ],
  "log": "|j|\u2606Keyan_Sans\n|j|\u2606vkgh\n|t:|1776694787\n|gametype|singles\n|player|p1|Keyan_Sans|hugh|1402\n|player|p2|vkgh|sage|1312\n|gen|9\n|tier|[Gen 9 Champions] BSS Reg M-A\n|rated|\n|rule|Species Clause: Limit one of each Pok\u00e9mon\n|rule|Item Clause: Limit 1 of each item\n|clearpoke\n|poke|p1|Gyarados, L50, F|\n|poke|p1|Aegislash, L50, F|\n|poke|p1|Garchomp, L50, M|\n|poke|p1|Meowscarada, L50, M|\n|poke|p1|Gengar, L50, F|\n|poke|p1|Primarina, L50, M|\n|poke|p2|Starmie, L50|\n|poke|p2|Gengar, L50, M, shiny|\n|poke|p2|Mimikyu, L50, M|\n|poke|p2|Araquanid, L50, M|\n|poke|p2|Corviknight, L50, F|\n|poke|p2|Hydreigon, L50, M|\n|teampreview|3\n|inactive|Battle timer is ON: inactive players will automatically lose when time's up. (requested by vkgh)\n|\n|t:|1776694815\n|teamsize|p1|3\n|teamsize|p2|3\n|start\n|switch|p1a: Primarina|Primarina, L50, M|100/100\n|switch|p2a: Araquanid|Araquanid, L50, M|100/100\n|turn|1\n|\n|t:|1776694822\n|move|p1a: Primarina|Calm Mind|p1a: Primarina\n|-boost|p1a: Primarina|spa|1\n|-boost|p1a: Primarina|spd|1\n|move|p2a: Araquanid|Sticky Web|p1a: Primarina\n|-sidestart|p1: Keyan_Sans|move: Sticky Web\n|\n|upkeep\n|turn|2\n|\n|t:|1776694827\n|move|p1a: Primarina|Calm Mind|p1a: Primarina\n|-boost|p1a: Primarina|spa|1\n|-boost|p1a: Primarina|spd|1\n|move|p2a: Araquanid|Mirror Coat||[still]\n|-fail|p2a: Araquanid\n|\n|upkeep\n|turn|3\n|\n|t:|1776694834\n|move|p1a: Primarina|Sparkling Aria|p2a: Araquanid\n|-resisted|p2a: Araquanid|1\n|-damage|p2a: Araquanid|67/100\n|move|p2a: Araquanid|Liquidation|p1a: Primarina\n|-resisted|p1a: Primarina|1\n|-damage|p1a: Primarina|74/100\n|\n|-heal|p1a: Primarina|80/100|[from] item: Leftovers\n|upkeep\n|turn|4\n|\n|t:|1776694843\n|move|p1a: Primarina|Calm Mind|p1a: Primarina\n|-boost|p1a: Primarina|spa|1\n|-boost|p1a: Primarina|spd|1\n|move|p2a: Araquanid|Mirror Coat||[still]\n|-fail|p2a: Araquanid\n|\n|-heal|p1a: Primarina|86/100|[from] item: Leftovers\n|upkeep\n|turn|5\n|\n|t:|1776694851\n|move|p1a: Primarina|Calm Mind|p1a: Primarina\n|-boost|p1a: Primarina|spa|1\n|-boost|p1a: Primarina|spd|1\n|move|p2a: Araquanid|Mirror Coat||[still]\n|-fail|p2a: Araquanid\n|\n|-heal|p1a: Primarina|92/100|[from] item: Leftovers\n|upkeep\n|turn|6\n|\n|t:|1776694859\n|move|p1a: Primarina|Calm Mind|p1a: Primarina\n|-boost|p1a: Primarina|spa|1\n|-boost|p1a: Primarina|spd|1\n|move|p2a: Araquanid|Liquidation|p1a: Primarina\n|-resisted|p1a: Primarina|1\n|-damage|p1a: Primarina|66/100\n|\n|-heal|p1a: Primarina|72/100|[from] item: Leftovers\n|upkeep\n|turn|7\n|\n|t:|1776694868\n|move|p1a: Primarina|Calm Mind|p1a: Primarina\n|-boost|p1a: Primarina|spa|1\n|-boost|p1a: Primarina|spd|1\n|move|p2a: Araquanid|Liquidation|p1a: Primarina\n|-resisted|p1a: Primarina|1\n|-damage|p1a: Primarina|43/100\n|\n|-heal|p1a: Primarina|49/100|[from] item: Leftovers\n|upkeep\n|turn|8\n|\n|t:|1776694877\n|move|p1a: Primarina|Draining Kiss|p2a: Araquanid\n|-crit|p2a: Araquanid\n|-damage|p2a: Araquanid|0 fnt\n|-heal|p1a: Primarina|96/100|[from] drain|[of] p2a: Araquanid\n|faint|p2a: Araquanid\n|\n|-heal|p1a: Primarina|100/100|[from] item: Leftovers\n|upkeep\n|-message|vkgh forfeited.\n|\n|win|Keyan_Sans\n|raw|Keyan_Sans's rating: 1402 &rarr; <strong>1417</strong><br />(+15 for winning)\n|raw|vkgh's rating: 1312 &rarr; <strong>1297</strong><br />(-15 for losing)\n|l|\u2606vkgh\n|player|p2|\n",
  "uploadtime": 1776694888,
  "views": 9,
  "formatid": "gen9championsbssregma",
  "rating": 1297,
  "private": 0,
  "password": null
}