{
  "id": "gen9championsbssregma-2586108123",
  "format": "[Gen 9 Champions] BSS Reg M-A",
  "players": [
    "toytoyko",
    "ignitor134"
  ],
  "log": "|j|\u2606toytoyko\n|j|\u2606ignitor134\n|t:|1776399941\n|gametype|singles\n|player|p1|toytoyko|2|1221\n|player|p2|ignitor134|1|1248\n|gen|9\n|tier|[Gen 9 Champions] BSS Reg M-A\n|rated|\n|rule|Species Clause: Limit one of each Pok\u00e9mon\n|rule|Item Clause: Limit 1 of each item\n|clearpoke\n|poke|p1|Espathra, L50, M|\n|poke|p1|Clefable, L50, M|\n|poke|p1|Volcarona, L50, F|\n|poke|p1|Lucario, L50, F|\n|poke|p1|Basculegion, L50, M|\n|poke|p1|Hippowdon, L50, F|\n|poke|p2|Zoroark-Hisui, L50, F|\n|poke|p2|Kingambit, L50, F|\n|poke|p2|Gardevoir, L50, F|\n|poke|p2|Primarina, L50, M|\n|poke|p2|Hippowdon, L50, F|\n|poke|p2|Charizard, L50, M|\n|teampreview|3\n|inactive|Battle timer is ON: inactive players will automatically lose when time's up. (requested by ignitor134)\n|\n|t:|1776399993\n|teamsize|p1|3\n|teamsize|p2|3\n|start\n|switch|p1a: Clefable|Clefable, L50, M|100/100\n|switch|p2a: Gardevoir|Gardevoir, L50, F|100/100\n|turn|1\n|j| seiyokumazinY\n|\n|t:|1776400007\n|detailschange|p1a: Clefable|Clefable-Mega, L50, M\n|-mega|p1a: Clefable|Clefable|Clefablite\n|move|p2a: Gardevoir|Sludge Bomb|p1a: Clefable\n|-supereffective|p1a: Clefable|1\n|-damage|p1a: Clefable|46/100\n|-status|p1a: Clefable|psn\n|move|p1a: Clefable|Moonblast|p2a: Gardevoir\n|-damage|p2a: Gardevoir|7/100\n|replace|p2a: Zoroark|Zoroark-Hisui, L50, F\n|-end|p2a: Zoroark|Illusion\n|\n|-damage|p1a: Clefable|34/100 psn|[from] psn\n|upkeep\n|turn|2\n|\n|t:|1776400022\n|switch|p1a: Basculegion|Basculegion, L50, M|100/100\n|move|p2a: Zoroark|Sludge Bomb|p1a: Basculegion\n|-resisted|p1a: Basculegion|1\n|-damage|p1a: Basculegion|84/100\n|-status|p1a: Basculegion|psn\n|\n|-damage|p1a: Basculegion|72/100 psn|[from] psn\n|upkeep\n|turn|3\n|j| p74\n|\n|t:|1776400029\n|move|p1a: Basculegion|Flip Turn|p2a: Zoroark\n|-damage|p2a: Zoroark|0 fnt\n|faint|p2a: Zoroark\n|\n|t:|1776400034\n|switch|p1a: Clefable|Clefable-Mega, L50, M|34/100 psn|[from] Flip Turn\n|\n|-damage|p1a: Clefable|21/100 psn|[from] psn\n|upkeep\n|\n|t:|1776400040\n|switch|p2a: Gardevoir|Gardevoir, L50, F|100/100\n|turn|4\n|\n|t:|1776400047\n|detailschange|p2a: Gardevoir|Gardevoir-Mega, L50, F\n|-mega|p2a: Gardevoir|Gardevoir|Gardevoirite\n|move|p2a: Gardevoir|Hyper Voice|p1a: Clefable\n|-damage|p1a: Clefable|0 fnt\n|faint|p1a: Clefable\n|\n|upkeep\n|\n|t:|1776400051\n|switch|p1a: Volcarona|Volcarona, L50, F|100/100\n|turn|5\n|\n|t:|1776400070\n|move|p2a: Gardevoir|Calm Mind|p2a: Gardevoir\n|-boost|p2a: Gardevoir|spa|1\n|-boost|p2a: Gardevoir|spd|1\n|move|p1a: Volcarona|Quiver Dance|p1a: Volcarona\n|-boost|p1a: Volcarona|spa|1\n|-boost|p1a: Volcarona|spd|1\n|-boost|p1a: Volcarona|spe|1\n|\n|upkeep\n|turn|6\n|\n|t:|1776400082\n|move|p1a: Volcarona|Quiver Dance|p1a: Volcarona\n|-boost|p1a: Volcarona|spa|1\n|-boost|p1a: Volcarona|spd|1\n|-boost|p1a: Volcarona|spe|1\n|move|p2a: Gardevoir|Calm Mind|p2a: Gardevoir\n|-boost|p2a: Gardevoir|spa|1\n|-boost|p2a: Gardevoir|spd|1\n|\n|upkeep\n|turn|7\n|\n|t:|1776400089\n|move|p1a: Volcarona|Fiery Dance|p2a: Gardevoir\n|-damage|p2a: Gardevoir|59/100\n|move|p2a: Gardevoir|Calm Mind|p2a: Gardevoir\n|-boost|p2a: Gardevoir|spa|1\n|-boost|p2a: Gardevoir|spd|1\n|\n|upkeep\n|turn|8\n|\n|t:|1776400096\n|move|p1a: Volcarona|Fiery Dance|p2a: Gardevoir\n|-damage|p2a: Gardevoir|26/100\n|-boost|p1a: Volcarona|spa|1\n|move|p2a: Gardevoir|Thunderbolt|p1a: Volcarona\n|-damage|p1a: Volcarona|55/100\n|\n|upkeep\n|turn|9\n|\n|t:|1776400103\n|move|p1a: Volcarona|Fiery Dance|p2a: Gardevoir\n|-damage|p2a: Gardevoir|0 fnt\n|-boost|p1a: Volcarona|spa|1\n|faint|p2a: Gardevoir\n|\n|upkeep\n|\n|t:|1776400106\n|switch|p2a: Kingambit|Kingambit, L50, F|100/100\n|-activate|p2a: Kingambit|ability: Supreme Overlord\n|-start|p2a: Kingambit|fallen2|[silent]\n|turn|10\n|\n|t:|1776400119\n|move|p1a: Volcarona|Morning Sun|p1a: Volcarona\n|-heal|p1a: Volcarona|100/100\n|move|p2a: Kingambit|Kowtow Cleave|p1a: Volcarona\n|-damage|p1a: Volcarona|0 fnt\n|faint|p1a: Volcarona\n|\n|upkeep\n|\n|t:|1776400124\n|switch|p1a: Basculegion|Basculegion, L50, M|72/100 psn\n|turn|11\n|\n|t:|1776400137\n|move|p1a: Basculegion|Aqua Jet|p2a: Kingambit\n|-damage|p2a: Kingambit|81/100\n|move|p2a: Kingambit|Kowtow Cleave|p1a: Basculegion\n|-supereffective|p1a: Basculegion|1\n|-damage|p1a: Basculegion|0 fnt\n|faint|p1a: Basculegion\n|\n|win|ignitor134\n|raw|toytoyko's rating: 1221 &rarr; <strong>1198</strong><br />(-23 for losing)\n|raw|ignitor134's rating: 1248 &rarr; <strong>1271</strong><br />(+23 for winning)\n|l|\u2606toytoyko\n|player|p1|\n|l|\u2606ignitor134\n|player|p2|\n|l| seiyokumazinY\n",
  "uploadtime": 1776400298,
  "views": 3,
  "formatid": "gen9championsbssregma",
  "rating": 1198,
  "private": 0,
  "password": null
}