{
  "id": "gen9championsbssregma-2587918023",
  "format": "[Gen 9 Champions] BSS Reg M-A",
  "players": [
    "jaxsha",
    "anjaslf21"
  ],
  "log": "|j|\u2606jaxsha\n|j|\u2606anjaslf21\n|t:|1776578880\n|gametype|singles\n|player|p1|jaxsha|266|1149\n|player|p2|anjaslf21|lance|1170\n|gen|9\n|tier|[Gen 9 Champions] BSS Reg M-A\n|rated|\n|rule|Species Clause: Limit one of each Pok\u00e9mon\n|rule|Item Clause: Limit 1 of each item\n|clearpoke\n|poke|p1|Meowscarada, L50, F|\n|poke|p1|Scizor, L50, M|\n|poke|p1|Rotom-Wash, L50|\n|poke|p1|Charizard, L50, M|\n|poke|p1|Primarina, L50, F|\n|poke|p1|Garchomp, L50, F|\n|poke|p2|Hippowdon, L50, F|\n|poke|p2|Charizard, L50, M|\n|poke|p2|Hydreigon, L50, M|\n|poke|p2|Aegislash, L50, F, shiny|\n|poke|p2|Greninja, L50, M, shiny|\n|poke|p2|Floette-Eternal, L50, F|\n|teampreview|3\n|inactive|Battle timer is ON: inactive players will automatically lose when time's up. (requested by anjaslf21)\n|\n|t:|1776578916\n|teamsize|p1|3\n|teamsize|p2|3\n|start\n|switch|p1a: Meowscarada|Meowscarada, L50, F|100/100\n|switch|p2a: Hippowdon|Hippowdon, L50, F|100/100\n|-weather|Sandstorm|[from] ability: Sand Stream|[of] p2a: Hippowdon\n|turn|1\n|\n|t:|1776578925\n|move|p1a: Meowscarada|Taunt|p2a: Hippowdon\n|-start|p1a: Meowscarada|typechange|Dark|[from] ability: Protean\n|-start|p2a: Hippowdon|move: Taunt\n|cant|p2a: Hippowdon|move: Taunt|Yawn\n|\n|-weather|Sandstorm|[upkeep]\n|-damage|p1a: Meowscarada|95/100|[from] Sandstorm\n|upkeep\n|turn|2\n|\n|t:|1776578945\n|switch|p2a: Charizard|Charizard, L50, M|100/100\n|move|p1a: Meowscarada|Knock Off|p2a: Charizard\n|-damage|p2a: Charizard|60/100\n|\n|-weather|Sandstorm|[upkeep]\n|-damage|p1a: Meowscarada|89/100|[from] Sandstorm\n|-damage|p2a: Charizard|54/100|[from] Sandstorm\n|upkeep\n|turn|3\n|\n|t:|1776578954\n|switch|p1a: Garchomp|Garchomp, L50, F|100/100\n|detailschange|p2a: Charizard|Charizard-Mega-X, L50, M\n|-mega|p2a: Charizard|Charizard|Charizardite X\n|move|p2a: Charizard|Flame Charge|p1a: Garchomp\n|-resisted|p1a: Garchomp|1\n|-damage|p1a: Garchomp|82/100\n|-boost|p2a: Charizard|spe|1\n|-damage|p2a: Charizard|42/100|[from] ability: Rough Skin|[of] p1a: Garchomp\n|\n|-weather|Sandstorm|[upkeep]\n|-damage|p2a: Charizard|36/100|[from] Sandstorm\n|upkeep\n|turn|4\n|\n|t:|1776578974\n|switch|p1a: Scizor|Scizor, L50, M|100/100\n|move|p2a: Charizard|Outrage|p1a: Scizor\n|-resisted|p1a: Scizor|1\n|-damage|p1a: Scizor|54/100\n|\n|-weather|Sandstorm|[upkeep]\n|-damage|p2a: Charizard|30/100|[from] Sandstorm\n|upkeep\n|turn|5\n|\n|t:|1776578985\n|detailschange|p1a: Scizor|Scizor-Mega, L50, M\n|-mega|p1a: Scizor|Scizor|Scizorite\n|move|p2a: Charizard|Outrage|p1a: Scizor|[from] lockedmove\n|-resisted|p1a: Scizor|1\n|-damage|p1a: Scizor|21/100\n|-start|p2a: Charizard|confusion|[fatigue]\n|move|p1a: Scizor|Roost|p1a: Scizor\n|-heal|p1a: Scizor|71/100\n|-singleturn|p1a: Scizor|move: Roost\n|\n|-weather|none\n|upkeep\n|turn|6\n|\n|t:|1776579007\n|switch|p1a: Garchomp|Garchomp, L50, F|82/100\n|-activate|p2a: Charizard|confusion\n|-damage|p2a: Charizard|15/100|[from] confusion\n|\n|upkeep\n|turn|7\n|\n|t:|1776579029\n|-activate|p2a: Charizard|confusion\n|move|p2a: Charizard|Flare Blitz|p1a: Garchomp\n|-resisted|p1a: Garchomp|1\n|-damage|p1a: Garchomp|37/100\n|-damage|p2a: Charizard|2/100|[from] ability: Rough Skin|[of] p1a: Garchomp\n|-damage|p2a: Charizard|0 fnt|[from] Recoil\n|faint|p2a: Charizard\n|move|p1a: Garchomp|Rock Tomb|p2: Charizard|[notarget]\n|-fail|p1a: Garchomp\n|\n|upkeep\n|\n|t:|1776579033\n|switch|p2a: Hippowdon|Hippowdon, L50, F|100/100\n|-weather|Sandstorm|[from] ability: Sand Stream|[of] p2a: Hippowdon\n|turn|8\n|\n|t:|1776579043\n|move|p2a: Hippowdon|Yawn|p1a: Garchomp\n|-start|p1a: Garchomp|move: Yawn|[of] p2a: Hippowdon\n|move|p1a: Garchomp|Dragon Tail|p2a: Hippowdon\n|-damage|p2a: Hippowdon|87/100\n|drag|p2a: Greninja|Greninja, L50, M, shiny|100/100\n|\n|-weather|Sandstorm|[upkeep]\n|-damage|p2a: Greninja|94/100|[from] Sandstorm\n|upkeep\n|turn|9\n|\n|t:|1776579060\n|move|p2a: Greninja|Surf|p1a: Garchomp\n|-start|p2a: Greninja|typechange|Water|[from] ability: Protean\n|-damage|p1a: Garchomp|2/100\n|move|p1a: Garchomp|Rock Tomb|p2a: Greninja\n|-damage|p2a: Greninja|65/100\n|-unboost|p2a: Greninja|spe|1\n|\n|-weather|Sandstorm|[upkeep]\n|-damage|p2a: Greninja|59/100|[from] Sandstorm\n|-end|p1a: Garchomp|move: Yawn|[silent]\n|-status|p1a: Garchomp|slp\n|upkeep\n|turn|10\n|inactive|jaxsha has 30 seconds left.\n|inactive|jaxsha has 20 seconds left.\n|inactive|jaxsha has 15 seconds left.\n|\n|t:|1776579101\n|switch|p2a: Hippowdon|Hippowdon, L50, F|87/100\n|cant|p1a: Garchomp|slp\n|\n|-weather|Sandstorm|[upkeep]\n|-heal|p2a: Hippowdon|94/100|[from] item: Leftovers\n|upkeep\n|turn|11\n|\n|t:|1776579111\n|move|p2a: Hippowdon|Stealth Rock|p1a: Garchomp\n|-sidestart|p1: jaxsha|move: Stealth Rock\n|cant|p1a: Garchomp|slp\n|\n|-weather|Sandstorm|[upkeep]\n|-heal|p2a: Hippowdon|99/100|[from] item: Leftovers\n|upkeep\n|turn|12\n|\n|t:|1776579118\n|move|p2a: Hippowdon|Slack Off|p2a: Hippowdon\n|-heal|p2a: Hippowdon|100/100\n|-curestatus|p1a: Garchomp|slp|[msg]\n|move|p1a: Garchomp|Dragon Tail|p2a: Hippowdon\n|-damage|p2a: Hippowdon|87/100\n|drag|p2a: Greninja|Greninja, L50, M, shiny|59/100\n|\n|-weather|none\n|upkeep\n|turn|13\n|\n|t:|1776579130\n|move|p2a: Greninja|Sludge Wave|p1a: Garchomp\n|-start|p2a: Greninja|typechange|Poison|[from] ability: Protean\n|-resisted|p1a: Garchomp|1\n|-damage|p1a: Garchomp|0 fnt\n|faint|p1a: Garchomp\n|\n|upkeep\n|\n|t:|1776579142\n|switch|p1a: Scizor|Scizor-Mega, L50, M|71/100\n|-damage|p1a: Scizor|59/100|[from] Stealth Rock\n|turn|14\n|\n|t:|1776579147\n|switch|p2a: Hippowdon|Hippowdon, L50, F|87/100\n|-weather|Sandstorm|[from] ability: Sand Stream|[of] p2a: Hippowdon\n|move|p1a: Scizor|Swords Dance|p1a: Scizor\n|-boost|p1a: Scizor|atk|2\n|\n|-weather|Sandstorm|[upkeep]\n|-heal|p2a: Hippowdon|93/100|[from] item: Leftovers\n|upkeep\n|turn|15\n|inactive|jaxsha has 30 seconds left.\n|\n|t:|1776579180\n|move|p1a: Scizor|Close Combat|p2a: Hippowdon\n|-damage|p2a: Hippowdon|37/100\n|-unboost|p1a: Scizor|def|1\n|-unboost|p1a: Scizor|spd|1\n|move|p2a: Hippowdon|Yawn|p1a: Scizor\n|-start|p1a: Scizor|move: Yawn|[of] p2a: Hippowdon\n|\n|-weather|Sandstorm|[upkeep]\n|-heal|p2a: Hippowdon|43/100|[from] item: Leftovers\n|upkeep\n|turn|16\n|\n|t:|1776579192\n|move|p1a: Scizor|Close Combat|p2a: Hippowdon\n|-crit|p2a: Hippowdon\n|-damage|p2a: Hippowdon|0 fnt\n|-unboost|p1a: Scizor|def|1\n|-unboost|p1a: Scizor|spd|1\n|faint|p2a: Hippowdon\n|\n|-weather|Sandstorm|[upkeep]\n|-end|p1a: Scizor|move: Yawn|[silent]\n|-status|p1a: Scizor|slp\n|upkeep\n|\n|t:|1776579196\n|switch|p2a: Greninja|Greninja, L50, M, shiny|59/100\n|turn|17\n|\n|t:|1776579207\n|switch|p1a: Meowscarada|Meowscarada, L50, F|89/100\n|-damage|p1a: Meowscarada|76/100|[from] Stealth Rock\n|move|p2a: Greninja|Sludge Wave|p1a: Meowscarada\n|-start|p2a: Greninja|typechange|Poison|[from] ability: Protean\n|-supereffective|p1a: Meowscarada|1\n|-damage|p1a: Meowscarada|0 fnt\n|faint|p1a: Meowscarada\n|\n|-weather|Sandstorm|[upkeep]\n|-damage|p2a: Greninja|53/100|[from] Sandstorm\n|upkeep\n|\n|t:|1776579220\n|switch|p1a: Scizor|Scizor-Mega, L50, M|59/100 slp\n|-damage|p1a: Scizor|46/100 slp|[from] Stealth Rock\n|turn|18\n|\n|t:|1776579226\n|cant|p1a: Scizor|slp\n|move|p2a: Greninja|Surf|p1a: Scizor\n|-damage|p1a: Scizor|16/100 slp\n|\n|-weather|none\n|upkeep\n|turn|19\n|\n|t:|1776579233\n|-curestatus|p1a: Scizor|slp|[msg]\n|move|p1a: Scizor|Bullet Punch|p2a: Greninja\n|-damage|p2a: Greninja|0 fnt\n|faint|p2a: Greninja\n|\n|win|jaxsha\n|raw|jaxsha's rating: 1149 &rarr; <strong>1176</strong><br />(+27 for winning)\n|raw|anjaslf21's rating: 1170 &rarr; <strong>1143</strong><br />(-27 for losing)\n",
  "uploadtime": 1776579241,
  "views": 7,
  "formatid": "gen9championsbssregma",
  "rating": 1143,
  "private": 0,
  "password": null
}