{
  "id": "gen9championsbssregma-2581505265",
  "format": "[Gen 9 Champions] BSS Reg M-A",
  "players": [
    "RobotBest",
    "shadyapple132"
  ],
  "log": "|j|\u2606RobotBest\n|j|\u2606shadyapple132\n|t:|1776006542\n|gametype|singles\n|player|p1|RobotBest|265|1090\n|player|p2|shadyapple132|pokemaniac|1133\n|gen|9\n|tier|[Gen 9 Champions] BSS Reg M-A\n|rated|\n|rule|Species Clause: Limit one of each Pok\u00e9mon\n|rule|Item Clause: Limit 1 of each item\n|clearpoke\n|poke|p1|Mimikyu, L50, M|\n|poke|p1|Banette, L50, F|\n|poke|p1|Kingambit, L50, F|\n|poke|p1|Meganium, L50, F|\n|poke|p1|Lucario, L50, F|\n|poke|p1|Primarina, L50, F|\n|poke|p2|Blastoise, L50, M|\n|poke|p2|Goodra-Hisui, L50, F|\n|poke|p2|Arcanine-Hisui, L50, M|\n|poke|p2|Golurk, L50|\n|poke|p2|Ninetales-Alola, L50, F|\n|poke|p2|Garganacl, L50, F|\n|teampreview|3\n|\n|t:|1776006561\n|teamsize|p1|3\n|teamsize|p2|3\n|start\n|switch|p1a: Banette|Banette, L50, F|100/100\n|switch|p2a: Goodra|Goodra-Hisui, L50, F|100/100\n|-item|p2a: Goodra|Sitrus Berry|[from] ability: Frisk|[of] p1a: Banette\n|turn|1\n|\n|t:|1776006578\n|detailschange|p1a: Banette|Banette-Mega, L50, F\n|-mega|p1a: Banette|Banette|Banettite\n|move|p1a: Banette|Poltergeist|p2a: Goodra\n|-activate|p2a: Goodra|move: Poltergeist|Sitrus Berry\n|-damage|p2a: Goodra|33/100\n|-enditem|p2a: Goodra|Sitrus Berry|[eat]\n|-heal|p2a: Goodra|58/100|[from] item: Sitrus Berry\n|move|p2a: Goodra|Outrage|p1a: Banette\n|-damage|p1a: Banette|29/100\n|\n|upkeep\n|turn|2\n|inactive|Battle timer is ON: inactive players will automatically lose when time's up. (requested by shadyapple132)\n|\n|t:|1776006594\n|move|p1a: Banette|Destiny Bond|p1a: Banette\n|-singlemove|p1a: Banette|Destiny Bond\n|move|p2a: Goodra|Outrage|p1a: Banette|[from] lockedmove\n|-damage|p1a: Banette|0 fnt\n|faint|p1a: Banette\n|-activate|p1a: Banette|move: Destiny Bond\n|faint|p2a: Goodra\n|\n|upkeep\n|\n|t:|1776006606\n|switch|p1a: Mimikyu|Mimikyu, L50, M|100/100\n|switch|p2a: Blastoise|Blastoise, L50, M|100/100\n|turn|3\n|\n|t:|1776006613\n|detailschange|p2a: Blastoise|Blastoise-Mega, L50, M\n|-mega|p2a: Blastoise|Blastoise|Blastoisinite\n|move|p2a: Blastoise|Water Pulse|p1a: Mimikyu\n|-activate|p1a: Mimikyu|ability: Disguise\n|-damage|p1a: Mimikyu|100/100\n|detailschange|p1a: Mimikyu|Mimikyu-Busted, L50, M\n|-damage|p1a: Mimikyu|88/100|[from] pokemon: Mimikyu-Busted\n|move|p1a: Mimikyu|Trick Room|p1a: Mimikyu\n|-fieldstart|move: Trick Room|[of] p1a: Mimikyu\n|\n|upkeep\n|turn|4\n|\n|t:|1776006627\n|move|p1a: Mimikyu|Play Rough|p2a: Blastoise\n|-damage|p2a: Blastoise|63/100\n|move|p2a: Blastoise|Water Pulse|p1a: Mimikyu\n|-damage|p1a: Mimikyu|21/100\n|\n|upkeep\n|turn|5\n|\n|t:|1776006644\n|move|p1a: Mimikyu|Play Rough|p2a: Blastoise\n|-damage|p2a: Blastoise|22/100\n|move|p2a: Blastoise|Water Pulse|p1a: Mimikyu\n|-damage|p1a: Mimikyu|0 fnt\n|faint|p1a: Mimikyu\n|\n|upkeep\n|\n|t:|1776006652\n|switch|p1a: Kingambit|Kingambit, L50, F|100/100\n|-activate|p1a: Kingambit|ability: Supreme Overlord\n|-start|p1a: Kingambit|fallen2|[silent]\n|turn|6\n|\n|t:|1776006657\n|move|p1a: Kingambit|Kowtow Cleave|p2a: Blastoise\n|-damage|p2a: Blastoise|0 fnt\n|faint|p2a: Blastoise\n|\n|upkeep\n|\n|t:|1776006660\n|switch|p2a: Golurk|Golurk, L50|100/100\n|turn|7\n|\n|t:|1776006669\n|move|p1a: Kingambit|Kowtow Cleave|p2a: Golurk\n|-supereffective|p2a: Golurk|1\n|-enditem|p2a: Golurk|Focus Sash\n|-damage|p2a: Golurk|1/100\n|move|p2a: Golurk|Dynamic Punch|p1a: Kingambit\n|-supereffective|p1a: Kingambit|2\n|-damage|p1a: Kingambit|1/100\n|-start|p1a: Kingambit|confusion\n|\n|-fieldend|move: Trick Room\n|upkeep\n|turn|8\n|\n|t:|1776006682\n|-activate|p1a: Kingambit|confusion\n|move|p1a: Kingambit|Sucker Punch||[still]\n|-fail|p1a: Kingambit\n|move|p2a: Golurk|Stealth Rock|p1a: Kingambit\n|-sidestart|p1: RobotBest|move: Stealth Rock\n|\n|upkeep\n|turn|9\n|\n|t:|1776006690\n|-activate|p1a: Kingambit|confusion\n|move|p1a: Kingambit|Sucker Punch||[still]\n|-fail|p1a: Kingambit\n|move|p2a: Golurk|Stealth Rock||[still]\n|-fail|p2a: Golurk\n|\n|upkeep\n|turn|10\n|\n|t:|1776006698\n|move|p2a: Golurk|Headlong Rush|p1a: Kingambit\n|-supereffective|p1a: Kingambit|1\n|-damage|p1a: Kingambit|0 fnt\n|-unboost|p2a: Golurk|def|1\n|-unboost|p2a: Golurk|spd|1\n|faint|p1a: Kingambit\n|-end|p1a: Kingambit|fallen2|[silent]\n|\n|win|shadyapple132\n|raw|RobotBest's rating: 1090 &rarr; <strong>1069</strong><br />(-21 for losing)\n|raw|shadyapple132's rating: 1133 &rarr; <strong>1155</strong><br />(+22 for winning)\n|c|\u2606RobotBest|gg\n|c|\u2606shadyapple132|gg\n|l|\u2606RobotBest\n|player|p1|\n",
  "uploadtime": 1776006714,
  "views": 8,
  "formatid": "gen9championsbssregma",
  "rating": 1069,
  "private": 0,
  "password": null
}