{
  "id": "gen9championsbssregma-2588618135",
  "format": "[Gen 9 Champions] BSS Reg M-A",
  "players": [
    "KevMev",
    "ljh4874484"
  ],
  "log": "|j|\u2606KevMev\n|j|\u2606ljh4874484\n|t:|1776650617\n|gametype|singles\n|player|p1|KevMev|waiter-gen4|1431\n|player|p2|ljh4874484|misty|1321\n|gen|9\n|tier|[Gen 9 Champions] BSS Reg M-A\n|rated|\n|rule|Species Clause: Limit one of each Pok\u00e9mon\n|rule|Item Clause: Limit 1 of each item\n|clearpoke\n|poke|p1|Floette-Eternal, L50, F|\n|poke|p1|Archaludon, L50, M, shiny|\n|poke|p1|Gyarados, L50, M, shiny|\n|poke|p1|Mimikyu, L50, F|\n|poke|p1|Hydreigon, L50, M|\n|poke|p1|Sneasler, L50, M, shiny|\n|poke|p2|Venusaur, L50, F|\n|poke|p2|Kingambit, L50, M|\n|poke|p2|Primarina, L50, F, shiny|\n|poke|p2|Rotom-Heat, L50|\n|poke|p2|Garchomp, L50, M|\n|poke|p2|Hydreigon, L50, F, shiny|\n|teampreview|3\n|j| p74\n|\n|t:|1776650667\n|teamsize|p1|3\n|teamsize|p2|3\n|start\n|switch|p1a: Sneasler|Sneasler, L50, M, shiny|100/100\n|switch|p2a: Venusaur|Venusaur, L50, F|100/100\n|turn|1\n|\n|t:|1776650676\n|detailschange|p2a: Venusaur|Venusaur-Mega, L50, F\n|-mega|p2a: Venusaur|Venusaur|Venusaurite\n|move|p1a: Sneasler|Fake Out|p2a: Venusaur\n|-damage|p2a: Venusaur|90/100\n|cant|p2a: Venusaur|flinch\n|\n|upkeep\n|turn|2\n|inactive|Battle timer is ON: inactive players will automatically lose when time's up. (requested by ljh4874484)\n|\n|t:|1776650680\n|move|p1a: Sneasler|Dire Claw|p2a: Venusaur\n|-crit|p2a: Venusaur\n|-damage|p2a: Venusaur|38/100\n|move|p2a: Venusaur|Earth Power|p1a: Sneasler\n|-supereffective|p1a: Sneasler|1\n|-damage|p1a: Sneasler|32/100\n|\n|upkeep\n|turn|3\n|\n|t:|1776650686\n|move|p1a: Sneasler|Dire Claw|p2a: Venusaur\n|-damage|p2a: Venusaur|3/100\n|move|p2a: Venusaur|Earth Power|p1a: Sneasler\n|-supereffective|p1a: Sneasler|1\n|-damage|p1a: Sneasler|0 fnt\n|faint|p1a: Sneasler\n|\n|upkeep\n|\n|t:|1776650698\n|switch|p1a: Gyarados|Gyarados, L50, M, shiny|100/100\n|-ability|p1a: Gyarados|Intimidate|boost\n|-unboost|p2a: Venusaur|atk|1\n|turn|4\n|\n|t:|1776650707\n|move|p1a: Gyarados|Waterfall|p2a: Venusaur\n|-resisted|p2a: Venusaur|1\n|-damage|p2a: Venusaur|0 fnt\n|faint|p2a: Venusaur\n|\n|upkeep\n|\n|t:|1776650710\n|switch|p2a: Rotom|Rotom-Heat, L50|100/100\n|turn|5\n|\n|t:|1776650722\n|switch|p1a: Floette|Floette-Eternal, L50, F|100/100\n|move|p2a: Rotom|Thunder Wave|p1a: Floette\n|-status|p1a: Floette|par\n|\n|upkeep\n|turn|6\n|\n|t:|1776650727\n|move|p2a: Rotom|Volt Switch|p1a: Floette\n|-damage|p1a: Floette|71/100 par\n|\n|t:|1776650729\n|switch|p2a: Primarina|Primarina, L50, F, shiny|100/100|[from] Volt Switch\n|move|p1a: Floette|Calm Mind|p1a: Floette\n|-boost|p1a: Floette|spa|1\n|-boost|p1a: Floette|spd|1\n|\n|upkeep\n|turn|7\n|\n|t:|1776650733\n|move|p2a: Primarina|Calm Mind|p2a: Primarina\n|-boost|p2a: Primarina|spa|1\n|-boost|p2a: Primarina|spd|1\n|move|p1a: Floette|Draining Kiss|p2a: Primarina\n|-damage|p2a: Primarina|80/100\n|-heal|p1a: Floette|88/100 par|[from] drain|[of] p2a: Primarina\n|\n|-heal|p2a: Primarina|86/100|[from] item: Leftovers\n|upkeep\n|turn|8\n|\n|t:|1776650740\n|move|p2a: Primarina|Calm Mind|p2a: Primarina\n|-boost|p2a: Primarina|spa|1\n|-boost|p2a: Primarina|spd|1\n|move|p1a: Floette|Calm Mind|p1a: Floette\n|-boost|p1a: Floette|spa|1\n|-boost|p1a: Floette|spd|1\n|\n|-heal|p2a: Primarina|91/100|[from] item: Leftovers\n|upkeep\n|turn|9\n|\n|t:|1776650742\n|move|p2a: Primarina|Sparkling Aria|p1a: Floette\n|-crit|p1a: Floette\n|-damage|p1a: Floette|0 fnt\n|faint|p1a: Floette\n|\n|-heal|p2a: Primarina|97/100|[from] item: Leftovers\n|upkeep\n|\n|t:|1776650744\n|switch|p1a: Gyarados|Gyarados, L50, M, shiny|100/100\n|-ability|p1a: Gyarados|Intimidate|boost\n|-unboost|p2a: Primarina|atk|1\n|turn|10\n|\n|t:|1776650746\n|move|p1a: Gyarados|Dragon Dance|p1a: Gyarados\n|-boost|p1a: Gyarados|atk|1\n|-boost|p1a: Gyarados|spe|1\n|move|p2a: Primarina|Moonblast|p1a: Gyarados\n|-damage|p1a: Gyarados|0 fnt\n|faint|p1a: Gyarados\n|\n|win|ljh4874484\n|raw|KevMev's rating: 1431 &rarr; <strong>1405</strong><br />(-26 for losing)\n|raw|ljh4874484's rating: 1321 &rarr; <strong>1347</strong><br />(+26 for winning)\n|l|\u2606KevMev\n|player|p1|\n|l|\u2606ljh4874484\n|player|p2|\n",
  "uploadtime": 1776650852,
  "views": 1,
  "formatid": "gen9championsbssregma",
  "rating": 1347,
  "private": 0,
  "password": null
}