{
  "id": "gen9championsbssregma-2587480931",
  "format": "[Gen 9 Champions] BSS Reg M-A",
  "players": [
    "dedenne379",
    "icemateria0"
  ],
  "log": "|j|\u2606dedenne379\n|j|\u2606icemateria0\n|t:|1776535431\n|gametype|singles\n|player|p1|dedenne379|psychic|1000\n|player|p2|icemateria0|parasollady-gen4|1044\n|gen|9\n|tier|[Gen 9 Champions] BSS Reg M-A\n|rated|\n|rule|Species Clause: Limit one of each Pok\u00e9mon\n|rule|Item Clause: Limit 1 of each item\n|clearpoke\n|poke|p1|Primarina, L50, F, shiny|\n|poke|p1|Pelipper, L50, M|\n|poke|p1|Toxapex, L50, F|\n|poke|p1|Araquanid, L50, M|\n|poke|p1|Raichu-Alola, L50, F|\n|poke|p1|Feraligatr, L50, F|\n|poke|p2|Excadrill, L50, F|\n|poke|p2|Glimmora, L50, F|\n|poke|p2|Rotom-Wash, L50|\n|poke|p2|Volcarona, L50, F|\n|poke|p2|Clefable, L50, M|\n|poke|p2|Meowscarada, L50, M|\n|teampreview|3\n|inactive|Battle timer is ON: inactive players will automatically lose when time's up. (requested by dedenne379)\n|inactive|icemateria0 has 60 seconds left.\n|\n|t:|1776535462\n|teamsize|p1|3\n|teamsize|p2|3\n|start\n|switch|p1a: Pinkie|Toxapex, L50, F|100/100\n|switch|p2a: Rotom|Rotom-Wash, L50|100/100\n|turn|1\n|\n|t:|1776535471\n|move|p1a: Pinkie|Baneful Bunker|p1a: Pinkie\n|-singleturn|p1a: Pinkie|move: Protect\n|move|p2a: Rotom|Will-O-Wisp|p1a: Pinkie\n|-activate|p1a: Pinkie|move: Protect\n|\n|upkeep\n|turn|2\n|\n|t:|1776535479\n|move|p2a: Rotom|Will-O-Wisp|p1a: Pinkie\n|-status|p1a: Pinkie|brn\n|move|p1a: Pinkie|Toxic Spikes|p2a: Rotom\n|-sidestart|p2: icemateria0|move: Toxic Spikes\n|\n|-damage|p1a: Pinkie|95/100 brn|[from] brn\n|upkeep\n|turn|3\n|\n|t:|1776535492\n|move|p2a: Rotom|Volt Switch|p1a: Pinkie\n|-supereffective|p1a: Pinkie|1\n|-damage|p1a: Pinkie|48/100 brn\n|\n|t:|1776535497\n|switch|p2a: Meowscarada|Meowscarada, L50, M|100/100|[from] Volt Switch\n|-status|p2a: Meowscarada|psn\n|move|p1a: Pinkie|Sludge Bomb|p2a: Meowscarada\n|-supereffective|p2a: Meowscarada|1\n|-damage|p2a: Meowscarada|33/100 psn\n|\n|-damage|p2a: Meowscarada|21/100 psn|[from] psn\n|-damage|p1a: Pinkie|42/100 brn|[from] brn\n|upkeep\n|turn|4\n|\n|t:|1776535514\n|move|p2a: Meowscarada|Flower Trick|p1a: Pinkie\n|-start|p2a: Meowscarada|typechange|Grass|[from] ability: Protean\n|-crit|p1a: Pinkie\n|-damage|p1a: Pinkie|9/100 brn\n|move|p1a: Pinkie|Sludge Bomb|p2a: Meowscarada\n|-supereffective|p2a: Meowscarada|1\n|-damage|p2a: Meowscarada|0 fnt\n|faint|p2a: Meowscarada\n|\n|-damage|p1a: Pinkie|3/100 brn|[from] brn\n|upkeep\n|\n|t:|1776535526\n|switch|p2a: Rotom|Rotom-Wash, L50|100/100\n|turn|5\n|\n|t:|1776535530\n|move|p1a: Pinkie|Baneful Bunker|p1a: Pinkie\n|-singleturn|p1a: Pinkie|move: Protect\n|move|p2a: Rotom|Volt Switch|p1a: Pinkie\n|-activate|p1a: Pinkie|move: Protect\n|\n|-damage|p1a: Pinkie|0 fnt|[from] brn\n|faint|p1a: Pinkie\n|upkeep\n|\n|t:|1776535541\n|switch|p1a: Bichin|Araquanid, L50, M|100/100\n|turn|6\n|\n|t:|1776535546\n|move|p2a: Rotom|Volt Switch|p1a: Bichin\n|-supereffective|p1a: Bichin|1\n|-damage|p1a: Bichin|59/100\n|\n|t:|1776535549\n|switch|p2a: Clefable|Clefable, L50, M|100/100|[from] Volt Switch\n|-status|p2a: Clefable|psn\n|move|p1a: Bichin|Aqua Ring|p1a: Bichin\n|-start|p1a: Bichin|Aqua Ring\n|\n|-heal|p1a: Bichin|65/100|[from] item: Leftovers\n|-heal|p1a: Bichin|72/100|[from] Aqua Ring\n|-damage|p2a: Clefable|88/100 psn|[from] psn\n|upkeep\n|turn|7\n|\n|t:|1776535563\n|detailschange|p2a: Clefable|Clefable-Mega, L50, M\n|-mega|p2a: Clefable|Clefable|Clefablite\n|move|p2a: Clefable|Calm Mind|p2a: Clefable\n|-boost|p2a: Clefable|spa|1\n|-boost|p2a: Clefable|spd|1\n|move|p1a: Bichin|Stockpile|p1a: Bichin\n|-start|p1a: Bichin|stockpile1\n|-boost|p1a: Bichin|def|1\n|-boost|p1a: Bichin|spd|1\n|\n|-heal|p1a: Bichin|78/100|[from] item: Leftovers\n|-heal|p1a: Bichin|84/100|[from] Aqua Ring\n|-damage|p2a: Clefable|76/100 psn|[from] psn\n|upkeep\n|turn|8\n|\n|t:|1776535577\n|move|p2a: Clefable|Moonblast|p1a: Bichin\n|-damage|p1a: Bichin|38/100\n|move|p1a: Bichin|Liquidation|p2a: Clefable\n|-damage|p2a: Clefable|32/100 psn\n|\n|-heal|p1a: Bichin|45/100|[from] item: Leftovers\n|-heal|p1a: Bichin|51/100|[from] Aqua Ring\n|-damage|p2a: Clefable|20/100 psn|[from] psn\n|upkeep\n|turn|9\n|\n|t:|1776535588\n|move|p2a: Clefable|Moonblast|p1a: Bichin\n|-damage|p1a: Bichin|5/100\n|move|p1a: Bichin|Stockpile|p1a: Bichin\n|-start|p1a: Bichin|stockpile2\n|-boost|p1a: Bichin|def|1\n|-boost|p1a: Bichin|spd|1\n|\n|-heal|p1a: Bichin|12/100|[from] item: Leftovers\n|-heal|p1a: Bichin|18/100|[from] Aqua Ring\n|-damage|p2a: Clefable|7/100 psn|[from] psn\n|upkeep\n|turn|10\n|\n|t:|1776535600\n|move|p2a: Clefable|Moonblast|p1a: Bichin\n|-damage|p1a: Bichin|0 fnt\n|faint|p1a: Bichin\n|\n|-damage|p2a: Clefable|0 fnt|[from] psn\n|faint|p2a: Clefable\n|upkeep\n|\n|t:|1776535608\n|switch|p2a: Rotom|Rotom-Wash, L50|100/100\n|switch|p1a: \u00cdnodoro|Feraligatr, L50, F|100/100\n|turn|11\n|\n|t:|1776535616\n|detailschange|p1a: \u00cdnodoro|Feraligatr-Mega, L50, F\n|-mega|p1a: \u00cdnodoro|Feraligatr|Feraligite\n|move|p2a: Rotom|Will-O-Wisp|p1a: \u00cdnodoro\n|-status|p1a: \u00cdnodoro|brn\n|move|p1a: \u00cdnodoro|Giga Impact|p2a: Rotom\n|-damage|p2a: Rotom|55/100\n|-mustrecharge|p1a: \u00cdnodoro\n|\n|-heal|p2a: Rotom|61/100|[from] item: Leftovers\n|-damage|p1a: \u00cdnodoro|94/100 brn|[from] brn\n|upkeep\n|turn|12\n|\n|t:|1776535630\n|move|p2a: Rotom|Volt Switch|p1a: \u00cdnodoro\n|-damage|p1a: \u00cdnodoro|72/100 brn\n|cant|p1a: \u00cdnodoro|recharge\n|\n|-heal|p2a: Rotom|67/100|[from] item: Leftovers\n|-damage|p1a: \u00cdnodoro|66/100 brn|[from] brn\n|upkeep\n|turn|13\n|\n|t:|1776535638\n|move|p2a: Rotom|Volt Switch|p1a: \u00cdnodoro\n|-damage|p1a: \u00cdnodoro|45/100 brn\n|move|p1a: \u00cdnodoro|Facade|p2a: Rotom\n|-damage|p2a: Rotom|0 fnt\n|faint|p2a: Rotom\n|\n|win|dedenne379\n|raw|dedenne379's rating: 1000 &rarr; <strong>1045</strong><br />(+45 for winning)\n|raw|icemateria0's rating: 1044 &rarr; <strong>1025</strong><br />(-19 for losing)\n",
  "uploadtime": 1776535647,
  "views": 3,
  "formatid": "gen9championsbssregma",
  "rating": 1025,
  "private": 0,
  "password": null
}