{
  "id": "gen9championsbssregma-2587955086",
  "format": "[Gen 9 Champions] BSS Reg M-A",
  "players": [
    "yukd-\u30eb\u30a2\u30c9",
    "qrniojbwjbifq"
  ],
  "log": "|j|\u2606yukd-\u30eb\u30a2\u30c9\n|j|\u2606qrniojbwjbifq\n|t:|1776584336\n|gametype|singles\n|player|p1|yukd-\u30eb\u30a2\u30c9|lyra|1068\n|player|p2|qrniojbwjbifq|102|1135\n|gen|9\n|tier|[Gen 9 Champions] BSS Reg M-A\n|rated|\n|rule|Species Clause: Limit one of each Pok\u00e9mon\n|rule|Item Clause: Limit 1 of each item\n|clearpoke\n|poke|p1|Lopunny, L50, F|\n|poke|p1|Skeledirge, L50, M|\n|poke|p1|Floette-Eternal, L50, F|\n|poke|p1|Glimmora, L50, M|\n|poke|p1|Milotic, L50, F|\n|poke|p1|Kingambit, L50, M|\n|poke|p2|Starmie, L50|\n|poke|p2|Jolteon, L50, F|\n|poke|p2|Charizard, L50, F|\n|poke|p2|Corviknight, L50, M|\n|poke|p2|Mamoswine, L50, M|\n|poke|p2|Pelipper, L50, M|\n|teampreview|3\n|\n|t:|1776584382\n|teamsize|p1|3\n|teamsize|p2|3\n|start\n|switch|p1a: Glimmora|Glimmora, L50, M|100/100\n|switch|p2a: Mamoswine|Mamoswine, L50, M|100/100\n|turn|1\n|\n|t:|1776584389\n|move|p1a: Glimmora|Stealth Rock|p2a: Mamoswine\n|-sidestart|p2: qrniojbwjbifq|move: Stealth Rock\n|move|p2a: Mamoswine|Earthquake|p1a: Glimmora\n|-supereffective|p1a: Glimmora|2\n|-enditem|p1a: Glimmora|Focus Sash\n|-damage|p1a: Glimmora|1/100\n|-activate|p1a: Glimmora|ability: Toxic Debris\n|-sidestart|p2: qrniojbwjbifq|move: Toxic Spikes\n|\n|upkeep\n|turn|2\n|\n|t:|1776584400\n|move|p1a: Glimmora|Power Gem|p2a: Mamoswine\n|-damage|p2a: Mamoswine|42/100\n|-enditem|p2a: Mamoswine|Sitrus Berry|[eat]\n|-heal|p2a: Mamoswine|67/100|[from] item: Sitrus Berry\n|move|p2a: Mamoswine|Rock Tomb|p1a: Glimmora\n|-damage|p1a: Glimmora|0 fnt\n|-activate|p1a: Glimmora|ability: Toxic Debris\n|-sidestart|p2: qrniojbwjbifq|move: Toxic Spikes\n|faint|p1a: Glimmora\n|\n|upkeep\n|\n|t:|1776584412\n|switch|p1a: Lopunny|Lopunny, L50, F|100/100\n|turn|3\n|\n|t:|1776584426\n|detailschange|p1a: Lopunny|Lopunny-Mega, L50, F\n|-mega|p1a: Lopunny|Lopunny|Lopunnite\n|move|p1a: Lopunny|Cotton Guard|p1a: Lopunny\n|-boost|p1a: Lopunny|def|3\n|move|p2a: Mamoswine|Earthquake|p1a: Lopunny\n|-damage|p1a: Lopunny|83/100\n|\n|upkeep\n|turn|4\n|\n|t:|1776584440\n|move|p1a: Lopunny|Swords Dance|p1a: Lopunny\n|-boost|p1a: Lopunny|atk|2\n|move|p2a: Mamoswine|Rock Tomb|p1a: Lopunny\n|-resisted|p1a: Lopunny|1\n|-damage|p1a: Lopunny|80/100\n|-unboost|p1a: Lopunny|spe|1\n|\n|upkeep\n|turn|5\n|\n|t:|1776584452\n|move|p2a: Mamoswine|Icicle Spear|p1a: Lopunny\n|-damage|p1a: Lopunny|74/100\n|-damage|p1a: Lopunny|69/100\n|-hitcount|p1a: Lopunny|2\n|move|p1a: Lopunny|Drain Punch|p2a: Mamoswine\n|-supereffective|p2a: Mamoswine|1\n|-damage|p2a: Mamoswine|0 fnt\n|-heal|p1a: Lopunny|100/100|[from] drain|[of] p2a: Mamoswine\n|faint|p2a: Mamoswine\n|\n|upkeep\n|\n|t:|1776584458\n|switch|p2a: Jolteon|Jolteon, L50, F|100/100\n|-damage|p2a: Jolteon|89/100|[from] Stealth Rock\n|-status|p2a: Jolteon|tox\n|turn|6\n|\n|t:|1776584468\n|move|p2a: Jolteon|Volt Switch|p1a: Lopunny\n|-damage|p1a: Lopunny|59/100\n|\n|t:|1776584471\n|switch|p2a: Starmie|Starmie, L50|100/100|[from] Volt Switch\n|-damage|p2a: Starmie|89/100|[from] Stealth Rock\n|-status|p2a: Starmie|tox\n|move|p1a: Lopunny|Drain Punch|p2a: Starmie\n|-resisted|p2a: Starmie|1\n|-damage|p2a: Starmie|38/100 tox\n|-heal|p1a: Lopunny|79/100|[from] drain|[of] p2a: Starmie\n|\n|-damage|p2a: Starmie|32/100 tox|[from] psn\n|upkeep\n|turn|7\n|\n|t:|1776584485\n|detailschange|p2a: Starmie|Starmie-Mega, L50\n|-mega|p2a: Starmie|Starmie|Starminite\n|move|p2a: Starmie|Zen Headbutt|p1a: Lopunny\n|-supereffective|p1a: Lopunny|1\n|-damage|p1a: Lopunny|30/100\n|move|p1a: Lopunny|Drain Punch|p2a: Starmie\n|-resisted|p2a: Starmie|1\n|-damage|p2a: Starmie|0 fnt\n|-heal|p1a: Lopunny|42/100|[from] drain|[of] p2a: Starmie\n|faint|p2a: Starmie\n|\n|upkeep\n|\n|t:|1776584494\n|switch|p2a: Jolteon|Jolteon, L50, F|89/100 tox\n|-damage|p2a: Jolteon|77/100 tox|[from] Stealth Rock\n|turn|8\n|\n|t:|1776584500\n|move|p2a: Jolteon|Thunderbolt|p1a: Lopunny\n|-damage|p1a: Lopunny|0 fnt\n|faint|p1a: Lopunny\n|\n|-damage|p2a: Jolteon|71/100 tox|[from] psn\n|upkeep\n|\n|t:|1776584507\n|switch|p1a: Milotic|Milotic, L50, F|100/100\n|turn|9\n|\n|t:|1776584511\n|move|p2a: Jolteon|Thunderbolt|p1a: Milotic\n|-supereffective|p1a: Milotic|1\n|-damage|p1a: Milotic|43/100\n|move|p1a: Milotic|Mirror Coat|p2a: Jolteon\n|-damage|p2a: Jolteon|0 fnt\n|faint|p2a: Jolteon\n|\n|win|yukd-\u30eb\u30a2\u30c9\n|raw|yukd-\u30eb\u30a2\u30c9's rating: 1068 &rarr; <strong>1103</strong><br />(+35 for winning)\n|raw|qrniojbwjbifq's rating: 1135 &rarr; <strong>1105</strong><br />(-30 for losing)\n|l|\u2606qrniojbwjbifq\n|player|p2|\n",
  "uploadtime": 1776584521,
  "views": 1,
  "formatid": "gen9championsbssregma",
  "rating": 1103,
  "private": 0,
  "password": null
}