{
  "id": "gen9championsbssregma-2583014356",
  "format": "[Gen 9 Champions] BSS Reg M-A",
  "players": [
    "karbain",
    "prograstination"
  ],
  "log": "|j|\u2606karbain\n|j|\u2606prograstination\n|t:|1776133432\n|gametype|singles\n|player|p1|karbain|2|1317\n|player|p2|prograstination|workerice|1382\n|gen|9\n|tier|[Gen 9 Champions] BSS Reg M-A\n|rated|\n|rule|Species Clause: Limit one of each Pok\u00e9mon\n|rule|Item Clause: Limit 1 of each item\n|clearpoke\n|poke|p1|Charizard, L50, F|\n|poke|p1|Greninja-*, L50, F|\n|poke|p1|Hatterene, L50, F|\n|poke|p1|Gyarados, L50, M|\n|poke|p1|Kingambit, L50, M|\n|poke|p1|Mimikyu, L50, M|\n|poke|p2|Blastoise, L50, F|\n|poke|p2|Garchomp, L50, F|\n|poke|p2|Skeledirge, L50, F|\n|poke|p2|Meowscarada, L50, M|\n|poke|p2|Sylveon, L50, F|\n|poke|p2|Scizor, L50, F|\n|teampreview|3\n|inactive|Battle timer is ON: inactive players will automatically lose when time's up. (requested by prograstination)\n|inactive|prograstination has 60 seconds left.\n|\n|t:|1776133468\n|teamsize|p1|3\n|teamsize|p2|3\n|start\n|switch|p1a: Greninja|Greninja, L50, F|100/100\n|switch|p2a: Meowscarada|Meowscarada, L50, M|100/100\n|turn|1\n|\n|t:|1776133480\n|move|p2a: Meowscarada|Flower Trick|p1a: Greninja\n|-start|p2a: Meowscarada|typechange|Grass|[from] ability: Protean\n|-supereffective|p1a: Greninja|1\n|-crit|p1a: Greninja\n|-enditem|p1a: Greninja|Focus Sash\n|-damage|p1a: Greninja|1/100\n|move|p1a: Greninja|Ice Beam|p2a: Meowscarada\n|-supereffective|p2a: Meowscarada|1\n|-damage|p2a: Meowscarada|9/100\n|\n|upkeep\n|turn|2\n|\n|t:|1776133495\n|move|p1a: Greninja|Water Shuriken|p2a: Meowscarada\n|-resisted|p2a: Meowscarada|1\n|-damage|p2a: Meowscarada|1/100\n|-resisted|p2a: Meowscarada|1\n|-damage|p2a: Meowscarada|0 fnt\n|faint|p2a: Meowscarada\n|-hitcount|p2: Meowscarada|2\n|\n|upkeep\n|\n|t:|1776133500\n|switch|p2a: Scizor|Scizor, L50, F|100/100\n|turn|3\n|\n|t:|1776133507\n|switch|p1a: Gyarados|Gyarados, L50, M|100/100\n|-ability|p1a: Gyarados|Intimidate|boost\n|-unboost|p2a: Scizor|atk|1\n|detailschange|p2a: Scizor|Scizor-Mega, L50, F\n|-mega|p2a: Scizor|Scizor|Scizorite\n|move|p2a: Scizor|Swords Dance|p2a: Scizor\n|-boost|p2a: Scizor|atk|2\n|\n|upkeep\n|turn|4\n|\n|t:|1776133514\n|move|p1a: Gyarados|Taunt|p2a: Scizor\n|-start|p2a: Scizor|move: Taunt\n|cant|p2a: Scizor|move: Taunt|Swords Dance\n|\n|upkeep\n|turn|5\n|\n|t:|1776133519\n|move|p2a: Scizor|Bullet Punch|p1a: Gyarados\n|-resisted|p1a: Gyarados|1\n|-damage|p1a: Gyarados|67/100\n|move|p1a: Gyarados|Dragon Dance|p1a: Gyarados\n|-boost|p1a: Gyarados|atk|1\n|-boost|p1a: Gyarados|spe|1\n|\n|-heal|p1a: Gyarados|73/100|[from] item: Leftovers\n|upkeep\n|turn|6\n|\n|t:|1776133526\n|move|p1a: Gyarados|Waterfall|p2a: Scizor\n|-damage|p2a: Scizor|53/100\n|cant|p2a: Scizor|flinch\n|\n|-heal|p1a: Gyarados|79/100|[from] item: Leftovers\n|-end|p2a: Scizor|move: Taunt\n|upkeep\n|turn|7\n|\n|t:|1776133534\n|switch|p2a: Garchomp|Garchomp, L50, F|100/100\n|move|p1a: Gyarados|Taunt|p2a: Garchomp\n|-start|p2a: Garchomp|move: Taunt\n|\n|-heal|p1a: Gyarados|85/100|[from] item: Leftovers\n|upkeep\n|turn|8\n|\n|t:|1776133541\n|move|p1a: Gyarados|Waterfall|p2a: Garchomp\n|-damage|p2a: Garchomp|50/100\n|-damage|p1a: Gyarados|73/100|[from] ability: Rough Skin|[of] p2a: Garchomp\n|-enditem|p2a: Garchomp|Sitrus Berry|[eat]\n|-heal|p2a: Garchomp|74/100|[from] item: Sitrus Berry\n|cant|p2a: Garchomp|flinch\n|\n|-heal|p1a: Gyarados|79/100|[from] item: Leftovers\n|upkeep\n|turn|9\n|\n|t:|1776133549\n|move|p1a: Gyarados|Waterfall|p2a: Garchomp\n|-damage|p2a: Garchomp|17/100\n|-damage|p1a: Gyarados|67/100|[from] ability: Rough Skin|[of] p2a: Garchomp\n|move|p2a: Garchomp|Dragon Tail|p1a: Gyarados\n|-damage|p1a: Gyarados|36/100\n|drag|p1a: Greninja|Greninja, L50, F|1/100\n|\n|-end|p2a: Garchomp|move: Taunt\n|upkeep\n|turn|10\n|c|\u2606karbain|sorry for finch\n|\n|t:|1776133566\n|move|p1a: Greninja|Surf|p2a: Garchomp\n|-damage|p2a: Garchomp|0 fnt\n|faint|p2a: Garchomp\n|\n|upkeep\n|\n|t:|1776133568\n|switch|p2a: Scizor|Scizor-Mega, L50, F|53/100\n|turn|11\n|\n|t:|1776133572\n|move|p2a: Scizor|Bullet Punch|p1a: Greninja\n|-resisted|p1a: Greninja|1\n|-damage|p1a: Greninja|0 fnt\n|faint|p1a: Greninja\n|\n|upkeep\n|j| bromerta\n|\n|t:|1776133577\n|switch|p1a: Gyarados|Gyarados, L50, M|36/100\n|-ability|p1a: Gyarados|Intimidate|boost\n|-unboost|p2a: Scizor|atk|1\n|turn|12\n|\n|t:|1776133582\n|move|p2a: Scizor|Bullet Punch|p1a: Gyarados\n|-resisted|p1a: Gyarados|1\n|-damage|p1a: Gyarados|19/100\n|move|p1a: Gyarados|Waterfall|p2a: Scizor\n|-damage|p2a: Scizor|20/100\n|\n|-heal|p1a: Gyarados|25/100|[from] item: Leftovers\n|upkeep\n|turn|13\n|\n|t:|1776133590\n|move|p1a: Gyarados|Taunt|p2a: Scizor\n|-start|p2a: Scizor|move: Taunt\n|cant|p2a: Scizor|move: Taunt|Roost\n|\n|-heal|p1a: Gyarados|32/100|[from] item: Leftovers\n|upkeep\n|turn|14\n|\n|t:|1776133595\n|move|p2a: Scizor|Bullet Punch|p1a: Gyarados\n|-resisted|p1a: Gyarados|1\n|-damage|p1a: Gyarados|15/100\n|move|p1a: Gyarados|Waterfall|p2a: Scizor\n|-damage|p2a: Scizor|0 fnt\n|faint|p2a: Scizor\n|\n|win|karbain\n|raw|karbain's rating: 1317 &rarr; <strong>1341</strong><br />(+24 for winning)\n|raw|prograstination's rating: 1382 &rarr; <strong>1358</strong><br />(-24 for losing)\n|l|\u2606prograstination\n|player|p2|\n|l|\u2606karbain\n|player|p1|\n",
  "uploadtime": 1776133699,
  "views": 18,
  "formatid": "gen9championsbssregma",
  "rating": 1341,
  "private": 0,
  "password": null
}