{
  "id": "gen9championsbssregma-2584788768",
  "format": "[Gen 9 Champions] BSS Reg M-A",
  "players": [
    "isaacmora22",
    "natefish"
  ],
  "log": "|j|\u2606isaacmora22\n|j|\u2606natefish\n|t:|1776283742\n|gametype|singles\n|player|p1|isaacmora22|hilbert|1051\n|player|p2|natefish|red|1105\n|gen|9\n|tier|[Gen 9 Champions] BSS Reg M-A\n|rated|\n|rule|Species Clause: Limit one of each Pok\u00e9mon\n|rule|Item Clause: Limit 1 of each item\n|clearpoke\n|poke|p1|Flareon, L50, M|\n|poke|p1|Dragonite, L50, M|\n|poke|p1|Luxray, L50, M|\n|poke|p1|Clawitzer, L50, M|\n|poke|p1|Sableye, L50, M|\n|poke|p1|Archaludon, L50, F|\n|poke|p2|Sneasler, L50, F|\n|poke|p2|Primarina, L50, M|\n|poke|p2|Froslass, L50, F|\n|poke|p2|Corviknight, L50, F|\n|poke|p2|Charizard, L50, M|\n|poke|p2|Garchomp, L50, F|\n|teampreview|3\n|inactive|Battle timer is ON: inactive players will automatically lose when time's up. (requested by natefish)\n|\n|t:|1776283758\n|teamsize|p1|3\n|teamsize|p2|3\n|start\n|switch|p1a: Camden|Flareon, L50, M|100/100\n|switch|p2a: Sneasler|Sneasler, L50, F|100/100\n|turn|1\n|\n|t:|1776283767\n|move|p2a: Sneasler|Fake Out|p1a: Camden\n|-damage|p1a: Camden|77/100\n|cant|p1a: Camden|flinch\n|\n|upkeep\n|turn|2\n|\n|t:|1776283773\n|move|p1a: Camden|Dig||[still]\n|-prepare|p1a: Camden|Dig\n|move|p2a: Sneasler|Close Combat|p1a: Camden|[miss]\n|-miss|p2a: Sneasler|p1a: Camden\n|\n|upkeep\n|turn|3\n|\n|t:|1776283793\n|switch|p2a: Charizard|Charizard, L50, M|100/100\n|move|p1a: Camden|Dig|p2a: Charizard|[from] lockedmove\n|-immune|p2a: Charizard\n|\n|upkeep\n|turn|4\n|\n|t:|1776283800\n|switch|p1a: Migo|Dragonite, L50, M|100/100\n|detailschange|p2a: Charizard|Charizard-Mega-Y, L50, M\n|-mega|p2a: Charizard|Charizard|Charizardite Y\n|-weather|SunnyDay|[from] ability: Drought|[of] p2a: Charizard\n|move|p2a: Charizard|Scorching Sands|p1a: Migo\n|-immune|p1a: Migo\n|\n|-weather|SunnyDay|[upkeep]\n|upkeep\n|turn|5\n|\n|t:|1776283816\n|detailschange|p1a: Migo|Dragonite-Mega, L50, M\n|-mega|p1a: Migo|Dragonite|Dragoninite\n|move|p1a: Migo|Dragon Pulse|p2a: Charizard\n|-damage|p2a: Charizard|46/100\n|move|p2a: Charizard|Solar Beam||[still]\n|-prepare|p2a: Charizard|Solar Beam\n|-anim|p2a: Charizard|Solar Beam|p1a: Migo\n|-resisted|p1a: Migo|2\n|-damage|p1a: Migo|95/100\n|\n|-weather|SunnyDay|[upkeep]\n|upkeep\n|turn|6\n|\n|t:|1776283832\n|switch|p2a: Primarina|Primarina, L50, M, shiny|100/100\n|move|p1a: Migo|Dragon Pulse|p2a: Primarina\n|-immune|p2a: Primarina\n|\n|-weather|SunnyDay|[upkeep]\n|upkeep\n|turn|7\n|\n|t:|1776283841\n|switch|p1a: Rex|Luxray, L50, M|100/100\n|-ability|p1a: Rex|Intimidate|boost\n|-unboost|p2a: Primarina|atk|1\n|move|p2a: Primarina|Calm Mind|p2a: Primarina\n|-boost|p2a: Primarina|spa|1\n|-boost|p2a: Primarina|spd|1\n|\n|-weather|SunnyDay|[upkeep]\n|upkeep\n|turn|8\n|\n|t:|1776283853\n|switch|p2a: Charizard|Charizard-Mega-Y, L50, M|46/100\n|move|p1a: Rex|Supercell Slam|p2a: Charizard\n|-supereffective|p2a: Charizard|1\n|-damage|p2a: Charizard|0 fnt\n|faint|p2a: Charizard\n|\n|-weather|none\n|upkeep\n|\n|t:|1776283856\n|switch|p2a: Sneasler|Sneasler, L50, F|100/100\n|turn|9\n|\n|t:|1776283868\n|switch|p1a: Migo|Dragonite-Mega, L50, M|95/100\n|move|p2a: Sneasler|Close Combat|p1a: Migo\n|-resisted|p1a: Migo|1\n|-damage|p1a: Migo|67/100\n|-unboost|p2a: Sneasler|def|1\n|-unboost|p2a: Sneasler|spd|1\n|-enditem|p2a: Sneasler|White Herb\n|-clearnegativeboost|p2a: Sneasler|[silent]\n|\n|upkeep\n|turn|10\n|\n|t:|1776283880\n|move|p2a: Sneasler|Dire Claw|p1a: Migo\n|-damage|p1a: Migo|29/100\n|move|p1a: Migo|Air Slash|p2a: Sneasler\n|-supereffective|p2a: Sneasler|1\n|-damage|p2a: Sneasler|0 fnt\n|faint|p2a: Sneasler\n|\n|upkeep\n|\n|t:|1776283885\n|switch|p2a: Primarina|Primarina, L50, M, shiny|100/100\n|turn|11\n|\n|t:|1776283891\n|move|p1a: Migo|Ice Beam|p2a: Primarina\n|-resisted|p2a: Primarina|1\n|-damage|p2a: Primarina|86/100\n|move|p2a: Primarina|Moonblast|p1a: Migo\n|-supereffective|p1a: Migo|1\n|-damage|p1a: Migo|0 fnt\n|faint|p1a: Migo\n|\n|-heal|p2a: Primarina|91/100|[from] item: Leftovers\n|upkeep\n|\n|t:|1776283902\n|switch|p1a: Rex|Luxray, L50, M|100/100\n|-ability|p1a: Rex|Intimidate|boost\n|-unboost|p2a: Primarina|atk|1\n|turn|12\n|\n|t:|1776283914\n|move|p1a: Rex|Supercell Slam|p2a: Primarina\n|-supereffective|p2a: Primarina|1\n|-damage|p2a: Primarina|0 fnt\n|faint|p2a: Primarina\n|\n|win|isaacmora22\n|raw|isaacmora22's rating: 1051 &rarr; <strong>1088</strong><br />(+37 for winning)\n|raw|natefish's rating: 1105 &rarr; <strong>1076</strong><br />(-29 for losing)\n|l|\u2606natefish\n|player|p2|\n",
  "uploadtime": 1776283922,
  "views": 3,
  "formatid": "gen9championsbssregma",
  "rating": 1076,
  "private": 0,
  "password": null
}