{
  "id": "gen9championsbssregma-2582195880",
  "format": "[Gen 9 Champions] BSS Reg M-A",
  "players": [
    "SongGwanSeop",
    "kyotoyoko"
  ],
  "log": "|j|\u2606SongGwanSeop\n|j|\u2606kyotoyoko\n|t:|1776069985\n|gametype|singles\n|player|p1|SongGwanSeop|2|1239\n|player|p2|kyotoyoko|caitlin|1268\n|gen|9\n|tier|[Gen 9 Champions] BSS Reg M-A\n|rated|\n|rule|Species Clause: Limit one of each Pok\u00e9mon\n|rule|Item Clause: Limit 1 of each item\n|clearpoke\n|poke|p1|Kangaskhan, L50, F|\n|poke|p1|Charizard, L50, M|\n|poke|p1|Hippowdon, L50, F|\n|poke|p1|Dragapult, L50, F|\n|poke|p1|Mimikyu, L50, F|\n|poke|p1|Primarina, L50, M|\n|poke|p2|Pelipper, L50, F|\n|poke|p2|Basculegion, L50, M|\n|poke|p2|Archaludon, L50, F|\n|poke|p2|Garchomp, L50, F|\n|poke|p2|Mimikyu, L50, F|\n|poke|p2|Gengar, L50, M|\n|teampreview|3\n|inactive|Battle timer is ON: inactive players will automatically lose when time's up. (requested by kyotoyoko)\n|inactive|SongGwanSeop has 60 seconds left.\n|j| p74\n|\n|t:|1776070049\n|teamsize|p1|3\n|teamsize|p2|3\n|start\n|switch|p1a: Kangaskhan|Kangaskhan, L50, F|100/100\n|switch|p2a: Gengar|Gengar, L50, M|100/100\n|turn|1\n|\n|t:|1776070060\n|detailschange|p2a: Gengar|Gengar-Mega, L50, M\n|-mega|p2a: Gengar|Gengar|Gengarite\n|detailschange|p1a: Kangaskhan|Kangaskhan-Mega, L50, F\n|-mega|p1a: Kangaskhan|Kangaskhan|Kangaskhanite\n|move|p2a: Gengar|Sludge Wave|p1a: Kangaskhan\n|-crit|p1a: Kangaskhan\n|-damage|p1a: Kangaskhan|35/100\n|move|p1a: Kangaskhan|Earthquake|p2a: Gengar\n|-supereffective|p2a: Gengar|1\n|-damage|p2a: Gengar|5/100\n|-supereffective|p2a: Gengar|1\n|-damage|p2a: Gengar|0 fnt\n|faint|p2a: Gengar\n|-hitcount|p2: Gengar|2\n|\n|upkeep\n|\n|t:|1776070070\n|switch|p2a: Pelipper|Pelipper, L50, F, shiny|100/100\n|-weather|RainDance|[from] ability: Drizzle|[of] p2a: Pelipper\n|turn|2\n|\n|t:|1776070072\n|move|p1a: Kangaskhan|Double-Edge|p2a: Pelipper\n|-damage|p2a: Pelipper|34/100\n|-damage|p2a: Pelipper|17/100\n|-hitcount|p2a: Pelipper|2\n|-damage|p1a: Kangaskhan|13/100|[from] Recoil\n|move|p2a: Pelipper|U-turn|p1a: Kangaskhan\n|-damage|p1a: Kangaskhan|5/100\n|\n|t:|1776070078\n|switch|p2a: Basculegion|Basculegion, L50, M|100/100|[from] U-turn\n|\n|-weather|RainDance|[upkeep]\n|upkeep\n|turn|3\n|\n|t:|1776070080\n|move|p2a: Basculegion|Aqua Jet|p1a: Kangaskhan\n|-damage|p1a: Kangaskhan|0 fnt\n|faint|p1a: Kangaskhan\n|\n|-weather|RainDance|[upkeep]\n|upkeep\n|\n|t:|1776070084\n|switch|p1a: Mimikyu|Mimikyu, L50, F|100/100\n|turn|4\n|\n|t:|1776070096\n|move|p2a: Basculegion|Flip Turn|p1a: Mimikyu\n|-activate|p1a: Mimikyu|ability: Disguise\n|-damage|p1a: Mimikyu|100/100\n|detailschange|p1a: Mimikyu|Mimikyu-Busted, L50, F\n|-damage|p1a: Mimikyu|88/100|[from] pokemon: Mimikyu-Busted\n|\n|t:|1776070098\n|switch|p2a: Pelipper|Pelipper, L50, F, shiny|17/100|[from] Flip Turn\n|move|p1a: Mimikyu|Shadow Claw|p2a: Pelipper\n|-damage|p2a: Pelipper|0 fnt\n|faint|p2a: Pelipper\n|\n|-weather|RainDance|[upkeep]\n|upkeep\n|\n|t:|1776070104\n|switch|p2a: Basculegion|Basculegion, L50, M|100/100\n|turn|5\n|\n|t:|1776070113\n|move|p1a: Mimikyu|Shadow Sneak|p2a: Basculegion\n|-supereffective|p2a: Basculegion|1\n|-damage|p2a: Basculegion|49/100\n|move|p2a: Basculegion|Last Respects|p1a: Mimikyu\n|-supereffective|p1a: Mimikyu|1\n|-crit|p1a: Mimikyu\n|-damage|p1a: Mimikyu|0 fnt\n|faint|p1a: Mimikyu\n|\n|-weather|RainDance|[upkeep]\n|upkeep\n|\n|t:|1776070118\n|switch|p1a: Primarina|Primarina, L50, M|100/100\n|turn|6\n|\n|t:|1776070121\n|move|p2a: Basculegion|Last Respects|p1a: Primarina\n|-enditem|p1a: Primarina|Focus Sash\n|-damage|p1a: Primarina|1/100\n|move|p1a: Primarina|Moonblast|p2a: Basculegion\n|-damage|p2a: Basculegion|0 fnt\n|faint|p2a: Basculegion\n|\n|win|SongGwanSeop\n|raw|SongGwanSeop's rating: 1239 &rarr; <strong>1266</strong><br />(+27 for winning)\n|raw|kyotoyoko's rating: 1268 &rarr; <strong>1241</strong><br />(-27 for losing)\n|l|\u2606kyotoyoko\n|player|p2|\n|l|\u2606SongGwanSeop\n|player|p1|\n",
  "uploadtime": 1776070150,
  "views": 3,
  "formatid": "gen9championsbssregma",
  "rating": 1241,
  "private": 0,
  "password": null
}