{
  "id": "gen9championsbssregma-2582273457",
  "format": "[Gen 9 Champions] BSS Reg M-A",
  "players": [
    "LeavingGrapefruits",
    "Melonnolem"
  ],
  "log": "|j|\u2606LeavingGrapefruits\n|j|\u2606Melonnolem\n|t:|1776078605\n|gametype|singles\n|player|p1|LeavingGrapefruits|169|1149\n|player|p2|Melonnolem|arven-s|1132\n|gen|9\n|tier|[Gen 9 Champions] BSS Reg M-A\n|rated|\n|rule|Species Clause: Limit one of each Pok\u00e9mon\n|rule|Item Clause: Limit 1 of each item\n|clearpoke\n|poke|p1|Delphox, L50, M|\n|poke|p1|Umbreon, L50, F|\n|poke|p1|Azumarill, L50, M|\n|poke|p1|Archaludon, L50, M|\n|poke|p2|Chimecho, L50, F|\n|poke|p2|Samurott-Hisui, L50, M|\n|poke|p2|Typhlosion-Hisui, L50, M|\n|poke|p2|Garchomp, L50, M|\n|poke|p2|Sneasler, L50, F|\n|poke|p2|Avalugg-Hisui, L50, F|\n|teampreview|3\n|inactive|Battle timer is ON: inactive players will automatically lose when time's up. (requested by Melonnolem)\n|\n|t:|1776078646\n|teamsize|p1|3\n|teamsize|p2|3\n|start\n|switch|p1a: Delphox|Delphox, L50, M|100/100\n|switch|p2a: Sneasler|Sneasler, L50, F, shiny|100/100\n|turn|1\n|\n|t:|1776078658\n|detailschange|p1a: Delphox|Delphox-Mega, L50, M\n|-mega|p1a: Delphox|Delphox|Delphoxite\n|move|p2a: Sneasler|Fake Out|p1a: Delphox\n|-damage|p1a: Delphox|84/100\n|cant|p1a: Delphox|flinch\n|\n|upkeep\n|turn|2\n|\n|t:|1776078665\n|switch|p2a: Samurott|Samurott-Hisui, L50, M, shiny|100/100\n|move|p1a: Delphox|Will-O-Wisp|p2a: Samurott\n|-status|p2a: Samurott|brn\n|\n|-damage|p2a: Samurott|94/100 brn|[from] brn\n|upkeep\n|turn|3\n|\n|t:|1776078681\n|switch|p1a: Azumarill|Azumarill, L50, M|100/100\n|move|p2a: Samurott|Ceaseless Edge|p1a: Azumarill\n|-resisted|p1a: Azumarill|1\n|-damage|p1a: Azumarill|87/100\n|-sidestart|p1: LeavingGrapefruits|Spikes\n|\n|-damage|p2a: Samurott|88/100 brn|[from] brn\n|upkeep\n|turn|4\n|\n|t:|1776078694\n|move|p2a: Samurott|Ceaseless Edge|p1a: Azumarill\n|-resisted|p1a: Azumarill|1\n|-damage|p1a: Azumarill|76/100\n|-sidestart|p1: LeavingGrapefruits|Spikes\n|move|p1a: Azumarill|Waterfall|p2a: Samurott\n|-resisted|p2a: Samurott|1\n|-damage|p2a: Samurott|54/100 brn\n|\n|-damage|p2a: Samurott|48/100 brn|[from] brn\n|upkeep\n|turn|5\n|\n|t:|1776078706\n|move|p2a: Samurott|Ceaseless Edge|p1a: Azumarill\n|-resisted|p1a: Azumarill|1\n|-damage|p1a: Azumarill|63/100\n|-sidestart|p1: LeavingGrapefruits|Spikes\n|move|p1a: Azumarill|Belly Drum|p1a: Azumarill\n|-damage|p1a: Azumarill|14/100\n|-setboost|p1a: Azumarill|atk|6|[from] move: Belly Drum\n|-enditem|p1a: Azumarill|Sitrus Berry|[eat]\n|-heal|p1a: Azumarill|38/100|[from] item: Sitrus Berry\n|\n|-damage|p2a: Samurott|42/100 brn|[from] brn\n|upkeep\n|turn|6\n|j| p74\n|\n|t:|1776078716\n|move|p2a: Samurott|Sucker Punch|p1a: Azumarill\n|-resisted|p1a: Azumarill|1\n|-damage|p1a: Azumarill|30/100\n|move|p1a: Azumarill|Aqua Jet|p2a: Samurott\n|-resisted|p2a: Samurott|1\n|-damage|p2a: Samurott|0 fnt\n|faint|p2a: Samurott\n|\n|upkeep\n|\n|t:|1776078722\n|switch|p2a: Sneasler|Sneasler, L50, F, shiny|100/100\n|turn|7\n|\n|t:|1776078725\n|move|p2a: Sneasler|Fake Out|p1a: Azumarill\n|-damage|p1a: Azumarill|13/100\n|cant|p1a: Azumarill|flinch\n|\n|upkeep\n|turn|8\n|\n|t:|1776078731\n|move|p1a: Azumarill|Aqua Jet|p2a: Sneasler\n|-enditem|p2a: Sneasler|Focus Sash\n|-damage|p2a: Sneasler|1/100\n|move|p2a: Sneasler|Close Combat|p1a: Azumarill\n|-resisted|p1a: Azumarill|1\n|-damage|p1a: Azumarill|0 fnt\n|-unboost|p2a: Sneasler|def|1\n|-unboost|p2a: Sneasler|spd|1\n|faint|p1a: Azumarill\n|\n|upkeep\n|\n|t:|1776078740\n|switch|p1a: Delphox|Delphox-Mega, L50, M|84/100\n|turn|9\n|\n|t:|1776078745\n|move|p1a: Delphox|Psyshock|p2a: Sneasler\n|-supereffective|p2a: Sneasler|2\n|-damage|p2a: Sneasler|0 fnt\n|faint|p2a: Sneasler\n|\n|upkeep\n|\n|t:|1776078748\n|switch|p2a: Chimecho|Chimecho, L50, F, shiny|100/100\n|turn|10\n|\n|t:|1776078757\n|move|p1a: Delphox|Will-O-Wisp|p2a: Chimecho\n|-status|p2a: Chimecho|brn\n|move|p2a: Chimecho|Cosmic Power|p2a: Chimecho\n|-boost|p2a: Chimecho|def|1\n|-boost|p2a: Chimecho|spd|1\n|\n|-damage|p2a: Chimecho|94/100 brn|[from] brn\n|upkeep\n|turn|11\n|\n|t:|1776078766\n|switch|p1a: Umbreon|Umbreon, L50, F|100/100\n|-damage|p1a: Umbreon|76/100|[from] Spikes\n|move|p2a: Chimecho|Cosmic Power|p2a: Chimecho\n|-boost|p2a: Chimecho|def|1\n|-boost|p2a: Chimecho|spd|1\n|\n|-heal|p1a: Umbreon|82/100|[from] item: Leftovers\n|-damage|p2a: Chimecho|88/100 brn|[from] brn\n|upkeep\n|turn|12\n|\n|t:|1776078776\n|move|p1a: Umbreon|Wish|p1a: Umbreon\n|move|p2a: Chimecho|Cosmic Power|p2a: Chimecho\n|-boost|p2a: Chimecho|def|1\n|-boost|p2a: Chimecho|spd|1\n|\n|-heal|p1a: Umbreon|88/100|[from] item: Leftovers\n|-damage|p2a: Chimecho|82/100 brn|[from] brn\n|upkeep\n|turn|13\n|\n|t:|1776078783\n|move|p1a: Umbreon|Foul Play|p2a: Chimecho\n|-supereffective|p2a: Chimecho|1\n|-damage|p2a: Chimecho|69/100 brn\n|move|p2a: Chimecho|Cosmic Power|p2a: Chimecho\n|-boost|p2a: Chimecho|def|1\n|-boost|p2a: Chimecho|spd|1\n|\n|-heal|p1a: Umbreon|100/100|[from] move: Wish|[wisher] Umbreon\n|-damage|p2a: Chimecho|63/100 brn|[from] brn\n|upkeep\n|turn|14\n|\n|t:|1776078792\n|move|p1a: Umbreon|Foul Play|p2a: Chimecho\n|-supereffective|p2a: Chimecho|1\n|-damage|p2a: Chimecho|53/100 brn\n|move|p2a: Chimecho|Cosmic Power|p2a: Chimecho\n|-boost|p2a: Chimecho|def|1\n|-boost|p2a: Chimecho|spd|1\n|\n|-damage|p2a: Chimecho|47/100 brn|[from] brn\n|upkeep\n|turn|15\n|\n|t:|1776078800\n|move|p1a: Umbreon|Foul Play|p2a: Chimecho\n|-supereffective|p2a: Chimecho|1\n|-damage|p2a: Chimecho|40/100 brn\n|move|p2a: Chimecho|Cosmic Power|p2a: Chimecho\n|-boost|p2a: Chimecho|def|1\n|-boost|p2a: Chimecho|spd|1\n|\n|-damage|p2a: Chimecho|33/100 brn|[from] brn\n|upkeep\n|turn|16\n|\n|t:|1776078807\n|move|p1a: Umbreon|Foul Play|p2a: Chimecho\n|-supereffective|p2a: Chimecho|1\n|-damage|p2a: Chimecho|26/100 brn\n|move|p2a: Chimecho|Recover|p2a: Chimecho\n|-heal|p2a: Chimecho|76/100 brn\n|\n|-damage|p2a: Chimecho|70/100 brn|[from] brn\n|upkeep\n|turn|17\n|\n|t:|1776078814\n|move|p1a: Umbreon|Protect|p1a: Umbreon\n|-singleturn|p1a: Umbreon|Protect\n|move|p2a: Chimecho|Charge Beam|p1a: Umbreon\n|-activate|p1a: Umbreon|move: Protect\n|\n|-damage|p2a: Chimecho|64/100 brn|[from] brn\n|upkeep\n|turn|18\n|\n|t:|1776078821\n|move|p1a: Umbreon|Foul Play|p2a: Chimecho\n|-supereffective|p2a: Chimecho|1\n|-damage|p2a: Chimecho|56/100 brn\n|move|p2a: Chimecho|Recover|p2a: Chimecho\n|-heal|p2a: Chimecho|100/100 brn\n|\n|-damage|p2a: Chimecho|94/100 brn|[from] brn\n|upkeep\n|turn|19\n|\n|t:|1776078829\n|move|p1a: Umbreon|Wish|p1a: Umbreon\n|move|p2a: Chimecho|Charge Beam|p1a: Umbreon|[miss]\n|-miss|p2a: Chimecho|p1a: Umbreon\n|\n|-damage|p2a: Chimecho|88/100 brn|[from] brn\n|upkeep\n|turn|20\n|\n|t:|1776078834\n|move|p1a: Umbreon|Protect|p1a: Umbreon\n|-singleturn|p1a: Umbreon|Protect\n|move|p2a: Chimecho|Charge Beam|p1a: Umbreon\n|-activate|p1a: Umbreon|move: Protect\n|\n|-damage|p2a: Chimecho|82/100 brn|[from] brn\n|upkeep\n|turn|21\n|\n|t:|1776078841\n|move|p1a: Umbreon|Yawn||[still]\n|-fail|p1a: Umbreon\n|move|p2a: Chimecho|Charge Beam|p1a: Umbreon\n|-damage|p1a: Umbreon|93/100\n|-boost|p2a: Chimecho|spa|1\n|\n|-heal|p1a: Umbreon|99/100|[from] item: Leftovers\n|-damage|p2a: Chimecho|76/100 brn|[from] brn\n|upkeep\n|turn|22\n|\n|t:|1776078851\n|move|p1a: Umbreon|Foul Play|p2a: Chimecho\n|-supereffective|p2a: Chimecho|1\n|-damage|p2a: Chimecho|69/100 brn\n|move|p2a: Chimecho|Recover|p2a: Chimecho\n|-heal|p2a: Chimecho|100/100 brn\n|\n|-heal|p1a: Umbreon|100/100|[from] item: Leftovers\n|-damage|p2a: Chimecho|94/100 brn|[from] brn\n|upkeep\n|turn|23\n|\n|t:|1776078861\n|detailschange|p2a: Chimecho|Chimecho-Mega, L50, F, shiny\n|-mega|p2a: Chimecho|Chimecho|Chimechite\n|move|p1a: Umbreon|Protect|p1a: Umbreon\n|-singleturn|p1a: Umbreon|Protect\n|move|p2a: Chimecho|Charge Beam|p1a: Umbreon\n|-activate|p1a: Umbreon|move: Protect\n|\n|-damage|p2a: Chimecho|88/100 brn|[from] brn\n|upkeep\n|turn|24\n|\n|t:|1776078869\n|move|p1a: Umbreon|Foul Play|p2a: Chimecho\n|-supereffective|p2a: Chimecho|1\n|-damage|p2a: Chimecho|82/100 brn\n|move|p2a: Chimecho|Charge Beam|p1a: Umbreon\n|-damage|p1a: Umbreon|84/100\n|-boost|p2a: Chimecho|spa|1\n|\n|-heal|p1a: Umbreon|90/100|[from] item: Leftovers\n|-damage|p2a: Chimecho|76/100 brn|[from] brn\n|upkeep\n|turn|25\n|\n|t:|1776078881\n|move|p1a: Umbreon|Foul Play|p2a: Chimecho\n|-supereffective|p2a: Chimecho|1\n|-damage|p2a: Chimecho|69/100 brn\n|move|p2a: Chimecho|Recover|p2a: Chimecho\n|-heal|p2a: Chimecho|100/100 brn\n|\n|-heal|p1a: Umbreon|96/100|[from] item: Leftovers\n|-damage|p2a: Chimecho|94/100 brn|[from] brn\n|upkeep\n|turn|26\n|\n|t:|1776078890\n|move|p1a: Umbreon|Yawn||[still]\n|-fail|p1a: Umbreon\n|move|p2a: Chimecho|Cosmic Power|p2a: Chimecho\n|-boost|p2a: Chimecho|def|0\n|-boost|p2a: Chimecho|spd|0\n|\n|-heal|p1a: Umbreon|100/100|[from] item: Leftovers\n|-damage|p2a: Chimecho|88/100 brn|[from] brn\n|upkeep\n|turn|27\n|\n|t:|1776078897\n|move|p1a: Umbreon|Yawn||[still]\n|-fail|p1a: Umbreon\n|move|p2a: Chimecho|Charge Beam|p1a: Umbreon\n|-damage|p1a: Umbreon|78/100\n|-boost|p2a: Chimecho|spa|1\n|\n|-heal|p1a: Umbreon|84/100|[from] item: Leftovers\n|-damage|p2a: Chimecho|82/100 brn|[from] brn\n|upkeep\n|turn|28\n|\n|t:|1776078907\n|move|p1a: Umbreon|Yawn||[still]\n|-fail|p1a: Umbreon\n|move|p2a: Chimecho|Charge Beam|p1a: Umbreon\n|-damage|p1a: Umbreon|57/100\n|-boost|p2a: Chimecho|spa|1\n|\n|-heal|p1a: Umbreon|63/100|[from] item: Leftovers\n|-damage|p2a: Chimecho|76/100 brn|[from] brn\n|upkeep\n|turn|29\n|\n|t:|1776078917\n|move|p1a: Umbreon|Wish|p1a: Umbreon\n|move|p2a: Chimecho|Charge Beam|p1a: Umbreon\n|-crit|p1a: Umbreon\n|-damage|p1a: Umbreon|18/100\n|-boost|p2a: Chimecho|spa|1\n|\n|-heal|p1a: Umbreon|24/100|[from] item: Leftovers\n|-damage|p2a: Chimecho|70/100 brn|[from] brn\n|upkeep\n|turn|30\n|l| p74\n|\n|t:|1776078929\n|move|p1a: Umbreon|Protect|p1a: Umbreon\n|-singleturn|p1a: Umbreon|Protect\n|move|p2a: Chimecho|Cosmic Power|p2a: Chimecho\n|-boost|p2a: Chimecho|def|0\n|-boost|p2a: Chimecho|spd|0\n|\n|-heal|p1a: Umbreon|74/100|[from] move: Wish|[wisher] Umbreon\n|-heal|p1a: Umbreon|80/100|[from] item: Leftovers\n|-damage|p2a: Chimecho|64/100 brn|[from] brn\n|upkeep\n|turn|31\n|\n|t:|1776078939\n|move|p1a: Umbreon|Foul Play|p2a: Chimecho\n|-supereffective|p2a: Chimecho|1\n|-damage|p2a: Chimecho|58/100 brn\n|move|p2a: Chimecho|Charge Beam|p1a: Umbreon\n|-damage|p1a: Umbreon|44/100\n|\n|-heal|p1a: Umbreon|50/100|[from] item: Leftovers\n|-damage|p2a: Chimecho|52/100 brn|[from] brn\n|upkeep\n|turn|32\n|\n|t:|1776078948\n|move|p1a: Umbreon|Foul Play|p2a: Chimecho\n|-supereffective|p2a: Chimecho|1\n|-damage|p2a: Chimecho|44/100 brn\n|move|p2a: Chimecho|Charge Beam|p1a: Umbreon\n|-damage|p1a: Umbreon|13/100\n|-boost|p2a: Chimecho|spa|1\n|\n|-heal|p1a: Umbreon|19/100|[from] item: Leftovers\n|-damage|p2a: Chimecho|38/100 brn|[from] brn\n|upkeep\n|turn|33\n|\n|t:|1776078959\n|move|p1a: Umbreon|Foul Play|p2a: Chimecho\n|-supereffective|p2a: Chimecho|1\n|-damage|p2a: Chimecho|31/100 brn\n|move|p2a: Chimecho|Recover|p2a: Chimecho\n|-heal|p2a: Chimecho|81/100 brn\n|\n|-heal|p1a: Umbreon|25/100|[from] item: Leftovers\n|-damage|p2a: Chimecho|75/100 brn|[from] brn\n|upkeep\n|turn|34\n|\n|t:|1776078967\n|move|p1a: Umbreon|Protect|p1a: Umbreon\n|-singleturn|p1a: Umbreon|Protect\n|move|p2a: Chimecho|Recover|p2a: Chimecho\n|-heal|p2a: Chimecho|100/100 brn\n|\n|-heal|p1a: Umbreon|31/100|[from] item: Leftovers\n|-damage|p2a: Chimecho|94/100 brn|[from] brn\n|upkeep\n|turn|35\n|\n|t:|1776078975\n|move|p1a: Umbreon|Foul Play|p2a: Chimecho\n|-supereffective|p2a: Chimecho|1\n|-damage|p2a: Chimecho|88/100 brn\n|move|p2a: Chimecho|Charge Beam|p1a: Umbreon\n|-damage|p1a: Umbreon|0 fnt\n|faint|p1a: Umbreon\n|\n|-damage|p2a: Chimecho|82/100 brn|[from] brn\n|upkeep\n|-message|LeavingGrapefruits forfeited.\n|\n|win|Melonnolem\n|raw|LeavingGrapefruits's rating: 1149 &rarr; <strong>1123</strong><br />(-26 for losing)\n|raw|Melonnolem's rating: 1132 &rarr; <strong>1158</strong><br />(+26 for winning)\n|l|\u2606LeavingGrapefruits\n|player|p1|\n",
  "uploadtime": 1776078993,
  "views": 4,
  "formatid": "gen9championsbssregma",
  "rating": 1123,
  "private": 0,
  "password": null
}