{
  "id": "gen9championsbssregma-2587702640",
  "format": "[Gen 9 Champions] BSS Reg M-A",
  "players": [
    "zozotown",
    "ruriripoke"
  ],
  "log": "|j|\u203dzozotown\n|j|\u2606ruriripoke\n|t:|1776555460\n|gametype|singles\n|player|p1|zozotown|102|1405\n|player|p2|ruriripoke|265|1431\n|gen|9\n|tier|[Gen 9 Champions] BSS Reg M-A\n|rated|\n|rule|Species Clause: Limit one of each Pok\u00e9mon\n|rule|Item Clause: Limit 1 of each item\n|clearpoke\n|poke|p1|Glimmora, L50, M|\n|poke|p1|Clefable, L50, F|\n|poke|p1|Kingambit, L50, M|\n|poke|p1|Lucario, L50, F|\n|poke|p1|Hippowdon, L50, F|\n|poke|p1|Scovillain, L50, F|\n|poke|p2|Hippowdon, L50, F|\n|poke|p2|Charizard, L50, M|\n|poke|p2|Primarina, L50, F|\n|poke|p2|Meowscarada, L50, F|\n|poke|p2|Gengar, L50, M|\n|poke|p2|Kingambit, L50, F|\n|teampreview|3\n|inactive|Battle timer is ON: inactive players will automatically lose when time's up. (requested by ruriripoke)\n|inactive|ruriripoke has 60 seconds left.\n|\n|t:|1776555493\n|teamsize|p1|3\n|teamsize|p2|3\n|start\n|switch|p1a: Glimmora|Glimmora, L50, M|100/100\n|switch|p2a: Gengar|Gengar, L50, M|100/100\n|turn|1\n|\n|t:|1776555505\n|detailschange|p2a: Gengar|Gengar-Mega, L50, M\n|-mega|p2a: Gengar|Gengar|Gengarite\n|move|p2a: Gengar|Shadow Ball|p1a: Glimmora\n|-damage|p1a: Glimmora|34/100\n|move|p1a: Glimmora|Mud Shot|p2a: Gengar\n|-supereffective|p2a: Gengar|1\n|-damage|p2a: Gengar|49/100\n|-unboost|p2a: Gengar|spe|1\n|\n|upkeep\n|turn|2\n|\n|t:|1776555520\n|switch|p2a: Hippowdon|Hippowdon, L50, F|100/100\n|-weather|Sandstorm|[from] ability: Sand Stream|[of] p2a: Hippowdon\n|move|p1a: Glimmora|Power Gem|p2a: Hippowdon\n|-resisted|p2a: Hippowdon|1\n|-damage|p2a: Hippowdon|80/100\n|\n|-weather|Sandstorm|[upkeep]\n|upkeep\n|turn|3\n|\n|t:|1776555529\n|move|p1a: Glimmora|Stealth Rock|p2a: Hippowdon\n|-sidestart|p2: ruriripoke|move: Stealth Rock\n|move|p2a: Hippowdon|Earthquake|p1a: Glimmora\n|-supereffective|p1a: Glimmora|2\n|-crit|p1a: Glimmora\n|-damage|p1a: Glimmora|0 fnt\n|-activate|p1a: Glimmora|ability: Toxic Debris\n|-sidestart|p2: ruriripoke|move: Toxic Spikes\n|faint|p1a: Glimmora\n|\n|-weather|Sandstorm|[upkeep]\n|upkeep\n|\n|t:|1776555533\n|switch|p1a: Clefable|Clefable, L50, F|100/100\n|turn|4\n|j| 3hearts\n|\n|t:|1776555541\n|detailschange|p1a: Clefable|Clefable-Mega, L50, F\n|-mega|p1a: Clefable|Clefable|Clefablite\n|move|p1a: Clefable|Calm Mind|p1a: Clefable\n|-boost|p1a: Clefable|spa|1\n|-boost|p1a: Clefable|spd|1\n|move|p2a: Hippowdon|Whirlwind|p1a: Clefable\n|move|p1a: Clefable|Whirlwind|p2a: Hippowdon|[from] ability: Magic Bounce\n|drag|p2a: Gengar|Gengar-Mega, L50, M|49/100\n|-damage|p2a: Gengar|37/100|[from] Stealth Rock\n|-sideend|p2: ruriripoke|move: Toxic Spikes|[of] p2a: Gengar\n|\n|-weather|Sandstorm|[upkeep]\n|-damage|p2a: Gengar|31/100|[from] Sandstorm\n|-damage|p1a: Clefable|95/100|[from] Sandstorm\n|upkeep\n|turn|5\n|\n|t:|1776555553\n|move|p2a: Gengar|Sludge Wave|p1a: Clefable\n|-supereffective|p1a: Clefable|1\n|-damage|p1a: Clefable|29/100\n|move|p1a: Clefable|Flamethrower|p2a: Gengar\n|-damage|p2a: Gengar|0 fnt\n|faint|p2a: Gengar\n|\n|-weather|Sandstorm|[upkeep]\n|-damage|p1a: Clefable|23/100|[from] Sandstorm\n|upkeep\n|\n|t:|1776555557\n|switch|p2a: Primarina|Primarina, L50, F|100/100\n|-damage|p2a: Primarina|88/100|[from] Stealth Rock\n|turn|6\n|\n|t:|1776555562\n|move|p1a: Clefable|Moonlight|p1a: Clefable\n|-heal|p1a: Clefable|48/100\n|move|p2a: Primarina|Moonblast|p1a: Clefable\n|-damage|p1a: Clefable|18/100\n|\n|-weather|none\n|-heal|p2a: Primarina|94/100|[from] item: Leftovers\n|upkeep\n|turn|7\n|\n|t:|1776555568\n|move|p1a: Clefable|Moonlight|p1a: Clefable\n|-heal|p1a: Clefable|68/100\n|move|p2a: Primarina|Moonblast|p1a: Clefable\n|-damage|p1a: Clefable|38/100\n|\n|-heal|p2a: Primarina|99/100|[from] item: Leftovers\n|upkeep\n|turn|8\n|\n|t:|1776555571\n|move|p1a: Clefable|Moonlight|p1a: Clefable\n|-heal|p1a: Clefable|88/100\n|move|p2a: Primarina|Moonblast|p1a: Clefable\n|-damage|p1a: Clefable|57/100\n|\n|-heal|p2a: Primarina|100/100|[from] item: Leftovers\n|upkeep\n|turn|9\n|\n|t:|1776555574\n|move|p1a: Clefable|Calm Mind|p1a: Clefable\n|-boost|p1a: Clefable|spa|1\n|-boost|p1a: Clefable|spd|1\n|move|p2a: Primarina|Moonblast|p1a: Clefable\n|-damage|p1a: Clefable|33/100\n|\n|upkeep\n|turn|10\n|\n|t:|1776555576\n|move|p1a: Clefable|Moonlight|p1a: Clefable\n|-heal|p1a: Clefable|83/100\n|move|p2a: Primarina|Moonblast|p1a: Clefable\n|-damage|p1a: Clefable|61/100\n|\n|upkeep\n|turn|11\n|\n|t:|1776555580\n|move|p1a: Clefable|Calm Mind|p1a: Clefable\n|-boost|p1a: Clefable|spa|1\n|-boost|p1a: Clefable|spd|1\n|move|p2a: Primarina|Moonblast|p1a: Clefable\n|-damage|p1a: Clefable|44/100\n|\n|upkeep\n|turn|12\n|\n|t:|1776555585\n|move|p1a: Clefable|Moonlight|p1a: Clefable\n|-heal|p1a: Clefable|94/100\n|move|p2a: Primarina|Moonblast|p1a: Clefable\n|-damage|p1a: Clefable|75/100\n|\n|upkeep\n|turn|13\n|-message|ruriripoke forfeited.\n|\n|win|zozotown\n|raw|zozotown's rating: 1405 &rarr; <strong>1426</strong><br />(+21 for winning)\n|raw|ruriripoke's rating: 1431 &rarr; <strong>1410</strong><br />(-21 for losing)\n|l|\u203dzozotown\n|player|p1|\n|l|\u2606ruriripoke\n|player|p2|\n",
  "uploadtime": 1776555654,
  "views": 5,
  "formatid": "gen9championsbssregma",
  "rating": 1410,
  "private": 0,
  "password": null
}