{
  "id": "gen9championsbssregma-2586291942",
  "format": "[Gen 9 Champions] BSS Reg M-A",
  "players": [
    "Bbbkty",
    "solenoon"
  ],
  "log": "|j|\u2606Bbbkty\n|j|\u2606solenoon\n|t:|1776422016\n|gametype|singles\n|player|p1|Bbbkty|2|1043\n|player|p2|solenoon|266|1073\n|gen|9\n|tier|[Gen 9 Champions] BSS Reg M-A\n|rated|\n|rule|Species Clause: Limit one of each Pok\u00e9mon\n|rule|Item Clause: Limit 1 of each item\n|clearpoke\n|poke|p1|Clefable, L50, M|\n|poke|p1|Charizard, L50, F|\n|poke|p1|Mimikyu, L50, M|\n|poke|p1|Kingambit, L50, M|\n|poke|p1|Espathra, L50, M|\n|poke|p1|Glimmora, L50, F|\n|poke|p2|Volcarona, L50, F|\n|poke|p2|Lopunny, L50, F|\n|poke|p2|Meowscarada, L50, F|\n|poke|p2|Starmie, L50|\n|poke|p2|Charizard, L50, F|\n|poke|p2|Corviknight, L50, M|\n|teampreview|3\n|inactive|Battle timer is ON: inactive players will automatically lose when time's up. (requested by Bbbkty)\n|\n|t:|1776422038\n|teamsize|p1|3\n|teamsize|p2|3\n|start\n|switch|p1a: Glimmora|Glimmora, L50, F, shiny|100/100\n|switch|p2a: Lopunny|Lopunny, L50, F|100/100\n|turn|1\n|\n|t:|1776422053\n|move|p2a: Lopunny|Triple Axel|p1a: Glimmora\n|-damage|p1a: Glimmora|94/100\n|-activate|p1a: Glimmora|ability: Toxic Debris\n|-sidestart|p2: solenoon|move: Toxic Spikes\n|-damage|p1a: Glimmora|83/100\n|-activate|p1a: Glimmora|ability: Toxic Debris\n|-sidestart|p2: solenoon|move: Toxic Spikes\n|-damage|p1a: Glimmora|65/100\n|-hitcount|p1a: Glimmora|3\n|move|p1a: Glimmora|Stealth Rock|p2a: Lopunny\n|-sidestart|p2: solenoon|move: Stealth Rock\n|\n|upkeep\n|turn|2\n|\n|t:|1776422067\n|move|p2a: Lopunny|Close Combat|p1a: Glimmora\n|-damage|p1a: Glimmora|30/100\n|-unboost|p2a: Lopunny|def|1\n|-unboost|p2a: Lopunny|spd|1\n|move|p1a: Glimmora|Power Gem|p2a: Lopunny\n|-damage|p2a: Lopunny|22/100\n|\n|upkeep\n|turn|3\n|\n|t:|1776422078\n|move|p2a: Lopunny|Close Combat|p1a: Glimmora\n|-damage|p1a: Glimmora|0 fnt\n|-unboost|p2a: Lopunny|def|1\n|-unboost|p2a: Lopunny|spd|1\n|faint|p1a: Glimmora\n|\n|upkeep\n|\n|t:|1776422081\n|switch|p1a: Espathra|Espathra, L50, M, shiny|100/100\n|turn|4\n|\n|t:|1776422090\n|move|p2a: Lopunny|U-turn|p1a: Espathra\n|-supereffective|p1a: Espathra|1\n|-damage|p1a: Espathra|70/100\n|\n|t:|1776422093\n|switch|p2a: Charizard|Charizard, L50, F|100/100|[from] U-turn\n|-damage|p2a: Charizard|51/100|[from] Stealth Rock\n|move|p1a: Espathra|Calm Mind|p1a: Espathra\n|-boost|p1a: Espathra|spa|1\n|-boost|p1a: Espathra|spd|1\n|\n|-ability|p1a: Espathra|Speed Boost|boost\n|-boost|p1a: Espathra|spe|1\n|upkeep\n|turn|5\n|\n|t:|1776422113\n|detailschange|p2a: Charizard|Charizard-Mega-Y, L50, F\n|-mega|p2a: Charizard|Charizard|Charizardite Y\n|-weather|SunnyDay|[from] ability: Drought|[of] p2a: Charizard\n|move|p1a: Espathra|Protect|p1a: Espathra\n|-singleturn|p1a: Espathra|Protect\n|move|p2a: Charizard|Fire Blast|p1a: Espathra\n|-activate|p1a: Espathra|move: Protect\n|\n|-weather|SunnyDay|[upkeep]\n|-ability|p1a: Espathra|Speed Boost|boost\n|-boost|p1a: Espathra|spe|1\n|upkeep\n|turn|6\n|\n|t:|1776422126\n|move|p1a: Espathra|Lumina Crash|p2a: Charizard\n|-damage|p2a: Charizard|6/100\n|-unboost|p2a: Charizard|spd|2\n|move|p2a: Charizard|Substitute|p2a: Charizard\n|-fail|p2a: Charizard|move: Substitute|[weak]\n|\n|-weather|SunnyDay|[upkeep]\n|-ability|p1a: Espathra|Speed Boost|boost\n|-boost|p1a: Espathra|spe|1\n|upkeep\n|turn|7\n|\n|t:|1776422138\n|move|p1a: Espathra|Lumina Crash|p2a: Charizard\n|-damage|p2a: Charizard|0 fnt\n|faint|p2a: Charizard\n|\n|-weather|SunnyDay|[upkeep]\n|-ability|p1a: Espathra|Speed Boost|boost\n|-boost|p1a: Espathra|spe|1\n|upkeep\n|\n|t:|1776422146\n|switch|p2a: Volcarona|Volcarona, L50, F|100/100\n|-status|p2a: Volcarona|tox\n|-damage|p2a: Volcarona|50/100 tox|[from] Stealth Rock\n|turn|8\n|\n|t:|1776422152\n|move|p1a: Espathra|Baton Pass|p1a: Espathra\n|\n|t:|1776422154\n|switch|p1a: Clefable|Clefable, L50, M, shiny|100/100|[from] Baton Pass\n|move|p2a: Volcarona|Bug Buzz|p1a: Clefable\n|-resisted|p1a: Clefable|1\n|-damage|p1a: Clefable|82/100\n|\n|-weather|SunnyDay|[upkeep]\n|-damage|p2a: Volcarona|44/100 tox|[from] psn\n|upkeep\n|turn|9\n|\n|t:|1776422166\n|detailschange|p1a: Clefable|Clefable-Mega, L50, M, shiny\n|-mega|p1a: Clefable|Clefable|Clefablite\n|move|p1a: Clefable|Cosmic Power|p1a: Clefable\n|-boost|p1a: Clefable|def|1\n|-boost|p1a: Clefable|spd|1\n|move|p2a: Volcarona|Giga Drain|p1a: Clefable\n|-resisted|p1a: Clefable|1\n|-damage|p1a: Clefable|76/100\n|-heal|p2a: Volcarona|48/100 tox|[from] drain|[of] p1a: Clefable\n|\n|-weather|none\n|-damage|p2a: Volcarona|35/100 tox|[from] psn\n|upkeep\n|turn|10\n|-message|solenoon forfeited.\n|\n|win|Bbbkty\n|raw|Bbbkty's rating: 1043 &rarr; <strong>1079</strong><br />(+36 for winning)\n|raw|solenoon's rating: 1073 &rarr; <strong>1050</strong><br />(-23 for losing)\n|l|\u2606solenoon\n|player|p2|\n",
  "uploadtime": 1776422180,
  "views": 7,
  "formatid": "gen9championsbssregma",
  "rating": 1050,
  "private": 0,
  "password": null
}