{
  "id": "gen9championsbssregma-2583013671",
  "format": "[Gen 9 Champions] BSS Reg M-A",
  "players": [
    "tikpen",
    "BJZJS"
  ],
  "log": "|j|\u2606tikpen\n|j|\u2606BJZJS\n|t:|1776133367\n|gametype|singles\n|player|p1|tikpen|101|1354\n|player|p2|BJZJS|102|1419\n|gen|9\n|tier|[Gen 9 Champions] BSS Reg M-A\n|rated|\n|rule|Species Clause: Limit one of each Pok\u00e9mon\n|rule|Item Clause: Limit 1 of each item\n|clearpoke\n|poke|p1|Archaludon, L50, F|\n|poke|p1|Delphox, L50, F|\n|poke|p1|Primarina, L50, F|\n|poke|p1|Kingambit, L50, F|\n|poke|p1|Scizor, L50, M|\n|poke|p1|Serperior, L50, F|\n|poke|p2|Floette-Eternal, L50, F|\n|poke|p2|Sneasler, L50, F|\n|poke|p2|Gyarados, L50, M|\n|poke|p2|Archaludon, L50, M|\n|poke|p2|Rotom-Heat, L50|\n|poke|p2|Mimikyu, L50, M|\n|teampreview|3\n|j| bromerta\n|l| bromerta\n|j| bromerta\n|inactive|Battle timer is ON: inactive players will automatically lose when time's up. (requested by BJZJS)\n|\n|t:|1776133440\n|teamsize|p1|3\n|teamsize|p2|3\n|start\n|switch|p1a: Delphox|Delphox, L50, F|100/100\n|switch|p2a: Rotom|Rotom-Heat, L50|100/100\n|turn|1\n|\n|t:|1776133449\n|detailschange|p1a: Delphox|Delphox-Mega, L50, F\n|-mega|p1a: Delphox|Delphox|Delphoxite\n|move|p2a: Rotom|Thunderbolt|p1a: Delphox\n|-damage|p1a: Delphox|62/100\n|move|p1a: Delphox|Psychic|p2a: Rotom\n|-damage|p2a: Rotom|34/100\n|\n|upkeep\n|turn|2\n|\n|t:|1776133457\n|move|p2a: Rotom|Thunderbolt|p1a: Delphox\n|-damage|p1a: Delphox|26/100\n|move|p1a: Delphox|Psychic|p2a: Rotom\n|-damage|p2a: Rotom|0 fnt\n|faint|p2a: Rotom\n|\n|upkeep\n|\n|t:|1776133463\n|switch|p2a: Gyarados|Gyarados, L50, M|100/100\n|-ability|p2a: Gyarados|Intimidate|boost\n|-unboost|p1a: Delphox|atk|1\n|turn|3\n|\n|t:|1776133473\n|switch|p1a: Archaludon|Archaludon, L50, F|100/100\n|move|p2a: Gyarados|Dragon Dance|p2a: Gyarados\n|-boost|p2a: Gyarados|atk|1\n|-boost|p2a: Gyarados|spe|1\n|\n|upkeep\n|turn|4\n|\n|t:|1776133481\n|detailschange|p2a: Gyarados|Gyarados-Mega, L50, M\n|-mega|p2a: Gyarados|Gyarados|Gyaradosite\n|-ability|p2a: Gyarados|Mold Breaker\n|move|p2a: Gyarados|Earthquake|p1a: Archaludon\n|-supereffective|p1a: Archaludon|1\n|-damage|p1a: Archaludon|19/100\n|-ability|p1a: Archaludon|Stamina|boost\n|-boost|p1a: Archaludon|def|1\n|move|p1a: Archaludon|Dragon Tail|p2a: Gyarados\n|-damage|p2a: Gyarados|82/100\n|drag|p2a: Sneasler|Sneasler, L50, F|100/100\n|\n|-heal|p1a: Archaludon|25/100|[from] item: Leftovers\n|upkeep\n|turn|5\n|\n|t:|1776133506\n|move|p2a: Sneasler|Fling|p1a: Archaludon\n|-damage|p1a: Archaludon|19/100\n|-status|p1a: Archaludon|par\n|-ability|p1a: Archaludon|Stamina|boost\n|-boost|p1a: Archaludon|def|1\n|-enditem|p2a: Sneasler|Light Ball|[from] move: Fling\n|cant|p1a: Archaludon|par\n|\n|-heal|p1a: Archaludon|25/100 par|[from] item: Leftovers\n|upkeep\n|turn|6\n|\n|t:|1776133524\n|move|p2a: Sneasler|Close Combat|p1a: Archaludon\n|-supereffective|p1a: Archaludon|1\n|-damage|p1a: Archaludon|0 fnt\n|-unboost|p2a: Sneasler|def|1\n|-unboost|p2a: Sneasler|spd|1\n|faint|p1a: Archaludon\n|\n|upkeep\n|\n|t:|1776133532\n|switch|p1a: Delphox|Delphox-Mega, L50, F|26/100\n|turn|7\n|\n|t:|1776133540\n|move|p2a: Sneasler|Dire Claw|p1a: Delphox\n|-damage|p1a: Delphox|0 fnt\n|faint|p1a: Delphox\n|\n|upkeep\n|-message|tikpen forfeited.\n|\n|win|BJZJS\n|raw|tikpen's rating: 1354 &rarr; <strong>1338</strong><br />(-16 for losing)\n|raw|BJZJS's rating: 1419 &rarr; <strong>1435</strong><br />(+16 for winning)\n|l|\u2606tikpen\n|player|p1|\n",
  "uploadtime": 1776133547,
  "views": 20,
  "formatid": "gen9championsbssregma",
  "rating": 1338,
  "private": 0,
  "password": null
}