{
  "id": "gen9championsbssregma-2585569900",
  "format": "[Gen 9 Champions] BSS Reg M-A",
  "players": [
    "BBBKTY",
    "ja3jja272_"
  ],
  "log": "|j|\u2606BBBKTY\n|j|\u2606ja3jja272_\n|t:|1776356172\n|gametype|singles\n|player|p1|BBBKTY|265|1135\n|player|p2|ja3jja272_|roughneck|1070\n|gen|9\n|tier|[Gen 9 Champions] BSS Reg M-A\n|rated|\n|rule|Species Clause: Limit one of each Pok\u00e9mon\n|rule|Item Clause: Limit 1 of each item\n|clearpoke\n|poke|p1|Dragapult, L50, M|\n|poke|p1|Alakazam, L50, M|\n|poke|p1|Azumarill, L50, F|\n|poke|p1|Clefable, L50, M|\n|poke|p1|Espathra, L50, F|\n|poke|p1|Glimmora, L50, F|\n|poke|p2|Charizard, L50, M|\n|poke|p2|Maushold, L50|\n|poke|p2|Archaludon, L50, M|\n|poke|p2|Sylveon, L50, M|\n|poke|p2|Lopunny, L50, F|\n|poke|p2|Sinistcha-Masterpiece, L50|\n|teampreview|3\n|inactive|Battle timer is ON: inactive players will automatically lose when time's up. (requested by BBBKTY)\n|inactive|ja3jja272_ has 60 seconds left.\n|\n|t:|1776356222\n|teamsize|p1|3\n|teamsize|p2|3\n|start\n|switch|p1a: Glimmora|Glimmora, L50, F|100/100\n|switch|p2a: Lopunny|Lopunny, L50, F|100/100\n|turn|1\n|\n|t:|1776356228\n|move|p2a: Lopunny|Fake Out|p1a: Glimmora\n|-resisted|p1a: Glimmora|1\n|-damage|p1a: Glimmora|93/100\n|-activate|p1a: Glimmora|ability: Toxic Debris\n|-sidestart|p2: ja3jja272_|move: Toxic Spikes\n|cant|p1a: Glimmora|flinch\n|\n|upkeep\n|turn|2\n|\n|t:|1776356237\n|detailschange|p2a: Lopunny|Lopunny-Mega, L50, F\n|-mega|p2a: Lopunny|Lopunny|Lopunnite\n|move|p2a: Lopunny|Close Combat|p1a: Glimmora\n|-damage|p1a: Glimmora|34/100\n|-unboost|p2a: Lopunny|def|1\n|-unboost|p2a: Lopunny|spd|1\n|-activate|p1a: Glimmora|ability: Toxic Debris\n|-sidestart|p2: ja3jja272_|move: Toxic Spikes\n|move|p1a: Glimmora|Stealth Rock|p2a: Lopunny\n|-sidestart|p2: ja3jja272_|move: Stealth Rock\n|\n|upkeep\n|turn|3\n|\n|t:|1776356247\n|move|p2a: Lopunny|Close Combat|p1a: Glimmora\n|-damage|p1a: Glimmora|0 fnt\n|-unboost|p2a: Lopunny|def|1\n|-unboost|p2a: Lopunny|spd|1\n|faint|p1a: Glimmora\n|\n|upkeep\n|\n|t:|1776356251\n|switch|p1a: Espathra|Espathra, L50, F, shiny|100/100\n|turn|4\n|inactive|ja3jja272_ has 30 seconds left.\n|\n|t:|1776356276\n|move|p1a: Espathra|Protect|p1a: Espathra\n|-singleturn|p1a: Espathra|Protect\n|move|p2a: Lopunny|Triple Axel|p1a: Espathra\n|-activate|p1a: Espathra|move: Protect\n|\n|-ability|p1a: Espathra|Speed Boost|boost\n|-boost|p1a: Espathra|spe|1\n|upkeep\n|turn|5\n|l|\u2606BBBKTY\n|inactive|BBBKTY disconnected and has a minute to reconnect!\n|player|p1|\n|j|\u2606BBBKTY\n|inactive|BBBKTY reconnected and has 45 seconds left.\n|player|p1|BBBKTY|265|\n|\n|t:|1776356291\n|move|p1a: Espathra|Protect||[still]\n|-fail|p1a: Espathra\n|move|p2a: Lopunny|Triple Axel|p1a: Espathra\n|-damage|p1a: Espathra|93/100\n|-damage|p1a: Espathra|77/100\n|-damage|p1a: Espathra|54/100\n|-hitcount|p1a: Espathra|3\n|\n|-ability|p1a: Espathra|Speed Boost|boost\n|-boost|p1a: Espathra|spe|1\n|upkeep\n|turn|6\n|\n|t:|1776356307\n|move|p1a: Espathra|Lumina Crash|p2a: Lopunny\n|-supereffective|p2a: Lopunny|1\n|-damage|p2a: Lopunny|0 fnt\n|faint|p2a: Lopunny\n|\n|-ability|p1a: Espathra|Speed Boost|boost\n|-boost|p1a: Espathra|spe|1\n|upkeep\n|\n|t:|1776356314\n|switch|p2a: Maushold|Maushold, L50, shiny|100/100\n|-status|p2a: Maushold|tox\n|-damage|p2a: Maushold|88/100 tox|[from] Stealth Rock\n|turn|7\n|\n|t:|1776356320\n|move|p1a: Espathra|Protect|p1a: Espathra\n|-singleturn|p1a: Espathra|Protect\n|move|p2a: Maushold|Tidy Up|p2a: Maushold\n|-sideend|p2: ja3jja272_|Toxic Spikes\n|-sideend|p2: ja3jja272_|Stealth Rock\n|-activate|p2a: Maushold|move: Tidy Up\n|-boost|p2a: Maushold|atk|1\n|-boost|p2a: Maushold|spe|1\n|\n|-damage|p2a: Maushold|82/100 tox|[from] psn\n|-ability|p1a: Espathra|Speed Boost|boost\n|-boost|p1a: Espathra|spe|1\n|upkeep\n|turn|8\n|inactive|ja3jja272_ has 30 seconds left.\n|\n|t:|1776356346\n|move|p1a: Espathra|Lumina Crash|p2a: Maushold\n|-damage|p2a: Maushold|41/100 tox\n|-unboost|p2a: Maushold|spd|2\n|move|p2a: Maushold|Thunder Wave|p1a: Espathra\n|-status|p1a: Espathra|par\n|\n|-damage|p2a: Maushold|29/100 tox|[from] psn\n|-ability|p1a: Espathra|Speed Boost|boost\n|-boost|p1a: Espathra|spe|1\n|upkeep\n|turn|9\n|\n|t:|1776356368\n|cant|p1a: Espathra|par\n|move|p2a: Maushold|Baton Pass|p2a: Maushold\n|l|\u2606BBBKTY\n|inactive|BBBKTY disconnected and has a minute to reconnect!\n|player|p1|\n|\n|t:|1776356371\n|switch|p2a: Sinistcha|Sinistcha-Masterpiece, L50, shiny|100/100|[from] Baton Pass\n|\n|-ability|p1a: Espathra|Speed Boost|boost\n|-boost|p1a: Espathra|spe|1\n|upkeep\n|turn|10\n|j|\u2606BBBKTY\n|inactive|BBBKTY reconnected and has 45 seconds left.\n|player|p1|BBBKTY|265|\n|\n|t:|1776356387\n|move|p1a: Espathra|Baton Pass|p1a: Espathra\n|\n|t:|1776356389\n|switch|p1a: Clefable|Clefable, L50, M, shiny|100/100|[from] Baton Pass\n|move|p2a: Sinistcha|Calm Mind|p2a: Sinistcha\n|-boost|p2a: Sinistcha|spa|1\n|-boost|p2a: Sinistcha|spd|1\n|\n|upkeep\n|turn|11\n|\n|t:|1776356406\n|detailschange|p1a: Clefable|Clefable-Mega, L50, M, shiny\n|-mega|p1a: Clefable|Clefable|Clefablite\n|move|p1a: Clefable|Cosmic Power|p1a: Clefable\n|-boost|p1a: Clefable|def|1\n|-boost|p1a: Clefable|spd|1\n|move|p2a: Sinistcha|Calm Mind|p2a: Sinistcha\n|-boost|p2a: Sinistcha|spa|1\n|-boost|p2a: Sinistcha|spd|1\n|\n|upkeep\n|turn|12\n|\n|t:|1776356414\n|move|p1a: Clefable|Stored Power|p2a: Sinistcha\n|-damage|p2a: Sinistcha|42/100\n|move|p2a: Sinistcha|Calm Mind|p2a: Sinistcha\n|-boost|p2a: Sinistcha|spa|1\n|-boost|p2a: Sinistcha|spd|1\n|\n|-heal|p2a: Sinistcha|48/100|[from] item: Leftovers\n|upkeep\n|turn|13\n|\n|t:|1776356425\n|move|p1a: Clefable|Stored Power|p2a: Sinistcha\n|-damage|p2a: Sinistcha|6/100\n|move|p2a: Sinistcha|Matcha Gotcha|p1a: Clefable\n|-resisted|p1a: Clefable|1\n|-damage|p1a: Clefable|76/100\n|-heal|p2a: Sinistcha|20/100|[from] drain|[of] p1a: Clefable\n|-status|p1a: Clefable|brn\n|\n|-heal|p2a: Sinistcha|26/100|[from] item: Leftovers\n|-damage|p1a: Clefable|70/100 brn|[from] brn\n|upkeep\n|turn|14\n|\n|t:|1776356447\n|move|p1a: Clefable|Stored Power|p2a: Sinistcha\n|-damage|p2a: Sinistcha|0 fnt\n|faint|p2a: Sinistcha\n|\n|-damage|p1a: Clefable|64/100 brn|[from] brn\n|upkeep\n|\n|t:|1776356453\n|switch|p2a: Maushold|Maushold, L50, shiny|29/100 tox\n|turn|15\n|l|\u2606BBBKTY\n|inactive|BBBKTY disconnected and has a minute to reconnect!\n|player|p1|\n|inactive|BBBKTY has 30 seconds left.\n|j|\u2606BBBKTY\n|inactive|BBBKTY reconnected and has 30 seconds left.\n|player|p1|BBBKTY|265|\n|\n|t:|1776356489\n|move|p1a: Clefable|Stored Power|p2a: Maushold\n|-damage|p2a: Maushold|0 fnt\n|faint|p2a: Maushold\n|\n|win|BBBKTY\n|raw|BBBKTY's rating: 1135 &rarr; <strong>1155</strong><br />(+20 for winning)\n|raw|ja3jja272_'s rating: 1070 &rarr; <strong>1053</strong><br />(-17 for losing)\n",
  "uploadtime": 1776356491,
  "views": 5,
  "formatid": "gen9championsbssregma",
  "rating": 1053,
  "private": 0,
  "password": null
}