{
  "id": "gen9championsbssregma-2581178447",
  "format": "[Gen 9 Champions] BSS Reg M-A",
  "players": [
    "YAJEE",
    "Rosette0908"
  ],
  "log": "|j|\u2606YAJEE\n|j|\u2606Rosette0908\n|t:|1775967618\n|gametype|singles\n|player|p1|YAJEE|1|1112\n|player|p2|Rosette0908|169|1048\n|gen|9\n|tier|[Gen 9 Champions] BSS Reg M-A\n|rated|\n|rule|Species Clause: Limit one of each Pok\u00e9mon\n|rule|Item Clause: Limit 1 of each item\n|clearpoke\n|poke|p1|Tyranitar, L50, M|\n|poke|p1|Delphox, L50, M|\n|poke|p1|Mimikyu, L50, F|\n|poke|p1|Rotom-Wash, L50|\n|poke|p1|Kleavor, L50, M|\n|poke|p1|Toxapex, L50, F|\n|poke|p2|Corviknight, L50, F|\n|poke|p2|Gengar, L50, M|\n|poke|p2|Delphox, L50, F|\n|poke|p2|Primarina, L50, F|\n|poke|p2|Garchomp, L50, F|\n|poke|p2|Hippowdon, L50, M|\n|teampreview|3\n|\n|t:|1775967649\n|teamsize|p1|3\n|teamsize|p2|3\n|start\n|switch|p1a: Mimikyu|Mimikyu, L50, F|100/100\n|switch|p2a: Primarina|Primarina, L50, F, shiny|100/100\n|turn|1\n|\n|t:|1775967659\n|move|p1a: Mimikyu|Curse|p2a: Primarina\n|-start|p2a: Primarina|Curse|[of] p1a: Mimikyu\n|-damage|p1a: Mimikyu|51/100\n|move|p2a: Primarina|Moonblast|p1a: Mimikyu\n|-activate|p1a: Mimikyu|ability: Disguise\n|-damage|p1a: Mimikyu|51/100\n|detailschange|p1a: Mimikyu|Mimikyu-Busted, L50, F\n|-damage|p1a: Mimikyu|39/100|[from] pokemon: Mimikyu-Busted\n|\n|-damage|p2a: Primarina|76/100|[from] Curse\n|upkeep\n|turn|2\n|inactive|Battle timer is ON: inactive players will automatically lose when time's up. (requested by Rosette0908)\n|\n|t:|1775967672\n|move|p1a: Mimikyu|Pain Split|p2a: Primarina\n|-sethp|p2a: Primarina|54/100|[from] move: Pain Split|[silent]\n|-sethp|p1a: Mimikyu|64/100|[from] move: Pain Split\n|move|p2a: Primarina|Sparkling Aria|p1a: Mimikyu\n|-damage|p1a: Mimikyu|0 fnt\n|faint|p1a: Mimikyu\n|\n|-damage|p2a: Primarina|30/100|[from] Curse\n|upkeep\n|\n|t:|1775967683\n|switch|p1a: Tyranitar|Tyranitar, L50, M|100/100\n|-weather|Sandstorm|[from] ability: Sand Stream|[of] p1a: Tyranitar\n|turn|3\n|\n|t:|1775967691\n|detailschange|p1a: Tyranitar|Tyranitar-Mega, L50, M\n|-mega|p1a: Tyranitar|Tyranitar|Tyranitarite\n|move|p1a: Tyranitar|Dragon Dance|p1a: Tyranitar\n|-boost|p1a: Tyranitar|atk|1\n|-boost|p1a: Tyranitar|spe|1\n|move|p2a: Primarina|Sparkling Aria|p1a: Tyranitar\n|-supereffective|p1a: Tyranitar|1\n|-damage|p1a: Tyranitar|11/100\n|\n|-weather|Sandstorm|[upkeep]\n|-damage|p2a: Primarina|24/100|[from] Sandstorm\n|-damage|p2a: Primarina|0 fnt|[from] Curse\n|faint|p2a: Primarina\n|upkeep\n|inactive|Rosette0908 has 30 seconds left.\n|inactive|Rosette0908 has 20 seconds left.\n|inactive|Rosette0908 has 15 seconds left.\n|inactive|Rosette0908 has 10 seconds left.\n|inactive|Rosette0908 has 5 seconds left.\n|\n|t:|1775967742\n|switch|p2a: Garchomp|Garchomp, L50, F|100/100\n|turn|4\n|\n|t:|1775967752\n|move|p1a: Tyranitar|Knock Off|p2a: Garchomp\n|-enditem|p2a: Garchomp|Focus Sash\n|-damage|p2a: Garchomp|1/100\n|-damage|p1a: Tyranitar|0 fnt|[from] ability: Rough Skin|[of] p2a: Garchomp\n|faint|p1a: Tyranitar\n|move|p2a: Garchomp|Earthquake|p1: Tyranitar|[notarget]\n|-fail|p2a: Garchomp\n|\n|-weather|Sandstorm|[upkeep]\n|upkeep\n|\n|t:|1775967762\n|switch|p1a: Rotom|Rotom-Wash, L50|100/100\n|turn|5\n|\n|t:|1775967767\n|move|p2a: Garchomp|Rock Tomb|p1a: Rotom\n|-damage|p1a: Rotom|78/100\n|-unboost|p1a: Rotom|spe|1\n|move|p1a: Rotom|Hydro Pump|p2a: Garchomp\n|-damage|p2a: Garchomp|0 fnt\n|faint|p2a: Garchomp\n|\n|-weather|Sandstorm|[upkeep]\n|-damage|p1a: Rotom|72/100|[from] Sandstorm\n|upkeep\n|\n|t:|1775967770\n|switch|p2a: Delphox|Delphox, L50, F, shiny|100/100\n|turn|6\n|\n|t:|1775967780\n|detailschange|p2a: Delphox|Delphox-Mega, L50, F, shiny\n|-mega|p2a: Delphox|Delphox|Delphoxite\n|move|p2a: Delphox|Psyshock|p1a: Rotom\n|-damage|p1a: Rotom|18/100\n|-enditem|p1a: Rotom|Sitrus Berry|[eat]\n|-heal|p1a: Rotom|43/100|[from] item: Sitrus Berry\n|move|p1a: Rotom|Hydro Pump|p2a: Delphox\n|-supereffective|p2a: Delphox|1\n|-damage|p2a: Delphox|0 fnt\n|faint|p2a: Delphox\n|\n|win|YAJEE\n|raw|YAJEE's rating: 1112 &rarr; <strong>1132</strong><br />(+20 for winning)\n|raw|Rosette0908's rating: 1048 &rarr; <strong>1034</strong><br />(-14 for losing)\n",
  "uploadtime": 1775967792,
  "views": 12,
  "formatid": "gen9championsbssregma",
  "rating": 1034,
  "private": 0,
  "password": null
}