{
  "id": "gen9championsbssregma-2589535153",
  "format": "[Gen 9 Champions] BSS Reg M-A",
  "players": [
    "mega.CHIVA",
    "MaybeAMega"
  ],
  "log": "|j|\u2606mega.CHIVA\n|j|\u2606MaybeAMega\n|t:|1776731842\n|gametype|singles\n|player|p1|mega.CHIVA|unknown|1122\n|player|p2|MaybeAMega|102|1026\n|gen|9\n|tier|[Gen 9 Champions] BSS Reg M-A\n|rated|\n|rule|Species Clause: Limit one of each Pok\u00e9mon\n|rule|Item Clause: Limit 1 of each item\n|clearpoke\n|poke|p1|Corviknight, L50, M|\n|poke|p1|Garchomp, L50, M|\n|poke|p1|Hawlucha, L50, M|\n|poke|p1|Sylveon, L50, F|\n|poke|p1|Greninja, L50, M|\n|poke|p1|Blastoise, L50, M|\n|poke|p2|Golurk, L50|\n|poke|p2|Aegislash, L50, F|\n|poke|p2|Gardevoir, L50, M|\n|poke|p2|Glimmora, L50, M|\n|poke|p2|Farigiraf, L50, M|\n|poke|p2|Tyranitar, L50, M|\n|teampreview|3\n|\n|t:|1776731854\n|teamsize|p1|3\n|teamsize|p2|3\n|start\n|switch|p1a: Sylveon|Sylveon, L50, F|100/100\n|switch|p2a: Glimmora|Glimmora, L50, M|100/100\n|turn|1\n|\n|t:|1776731861\n|move|p2a: Glimmora|Stealth Rock|p1a: Sylveon\n|-sidestart|p1: mega.CHIVA|move: Stealth Rock\n|move|p1a: Sylveon|Psychic|p2a: Glimmora\n|-supereffective|p2a: Glimmora|1\n|-damage|p2a: Glimmora|33/100\n|\n|upkeep\n|turn|2\n|\n|t:|1776731871\n|move|p2a: Glimmora|Spikes|p1a: Sylveon\n|-sidestart|p1: mega.CHIVA|Spikes\n|move|p1a: Sylveon|Psychic|p2a: Glimmora\n|-supereffective|p2a: Glimmora|1\n|-damage|p2a: Glimmora|0 fnt\n|faint|p2a: Glimmora\n|\n|upkeep\n|\n|t:|1776731879\n|switch|p2a: Farigiraf|Farigiraf, L50, M|100/100\n|turn|3\n|\n|t:|1776731891\n|move|p1a: Sylveon|Hyper Voice|p2a: Farigiraf\n|-damage|p2a: Farigiraf|43/100\n|move|p2a: Farigiraf|Light Screen|p2a: Farigiraf\n|-sidestart|p2: MaybeAMega|move: Light Screen\n|\n|upkeep\n|turn|4\n|\n|t:|1776731903\n|move|p1a: Sylveon|Hyper Voice|p2a: Farigiraf\n|-damage|p2a: Farigiraf|18/100\n|move|p2a: Farigiraf|Trick Room|p2a: Farigiraf\n|-fieldstart|move: Trick Room|[of] p2a: Farigiraf\n|\n|upkeep\n|turn|5\n|\n|t:|1776731909\n|move|p2a: Farigiraf|Reflect|p2a: Farigiraf\n|-sidestart|p2: MaybeAMega|Reflect\n|move|p1a: Sylveon|Hyper Voice|p2a: Farigiraf\n|-damage|p2a: Farigiraf|0 fnt\n|faint|p2a: Farigiraf\n|\n|upkeep\n|\n|t:|1776731915\n|switch|p2a: Golurk|Golurk, L50|100/100\n|turn|6\n|\n|t:|1776731925\n|detailschange|p2a: Golurk|Golurk-Mega, L50\n|-mega|p2a: Golurk|Golurk|Golurkite\n|move|p2a: Golurk|Curse|p1a: Sylveon\n|-start|p1a: Sylveon|Curse|[of] p2a: Golurk\n|-damage|p2a: Golurk|50/100\n|move|p1a: Sylveon|Shadow Ball|p2a: Golurk\n|-supereffective|p2a: Golurk|1\n|-damage|p2a: Golurk|30/100\n|\n|-damage|p1a: Sylveon|76/100|[from] Curse\n|upkeep\n|turn|7\n|\n|t:|1776731938\n|move|p2a: Golurk|High Horsepower|p1a: Sylveon|[miss]\n|-miss|p2a: Golurk|p1a: Sylveon\n|move|p1a: Sylveon|Shadow Ball|p2a: Golurk\n|-supereffective|p2a: Golurk|1\n|-damage|p2a: Golurk|7/100\n|\n|-damage|p1a: Sylveon|51/100|[from] Curse\n|-sideend|p2: MaybeAMega|move: Light Screen\n|upkeep\n|turn|8\n|\n|t:|1776731947\n|move|p2a: Golurk|High Horsepower|p1a: Sylveon\n|-damage|p1a: Sylveon|0 fnt\n|faint|p1a: Sylveon\n|\n|-fieldend|move: Trick Room\n|upkeep\n|\n|t:|1776731953\n|switch|p1a: Greninja|Greninja, L50, M|100/100\n|-damage|p1a: Greninja|88/100|[from] Stealth Rock\n|-damage|p1a: Greninja|76/100|[from] Spikes\n|turn|9\n|-message|MaybeAMega forfeited.\n|\n|win|mega.CHIVA\n|raw|mega.CHIVA's rating: 1122 &rarr; <strong>1140</strong><br />(+18 for winning)\n|raw|MaybeAMega's rating: 1026 &rarr; <strong>1016</strong><br />(-10 for losing)\n|l|\u2606MaybeAMega\n|player|p2|\n",
  "uploadtime": 1776731962,
  "views": 2,
  "formatid": "gen9championsbssregma",
  "rating": 1016,
  "private": 0,
  "password": null
}