{
  "id": "gen9championsbssregma-2587867865",
  "format": "[Gen 9 Champions] BSS Reg M-A",
  "players": [
    "showwell",
    "blazegeo"
  ],
  "log": "|j|\u2606showwell\n|j|\u2606blazegeo\n|t:|1776572480\n|gametype|singles\n|player|p1|showwell|cynthia-gen4|1075\n|player|p2|blazegeo|169|1032\n|gen|9\n|tier|[Gen 9 Champions] BSS Reg M-A\n|rated|\n|rule|Species Clause: Limit one of each Pok\u00e9mon\n|rule|Item Clause: Limit 1 of each item\n|clearpoke\n|poke|p1|Primarina, L50, M, shiny|\n|poke|p1|Basculegion, L50, M|\n|poke|p1|Lopunny, L50, F, shiny|\n|poke|p1|Froslass, L50, F|\n|poke|p1|Gallade, L50, M|\n|poke|p1|Whimsicott, L50, F|\n|poke|p2|Pangoro, L50, M|\n|poke|p2|Zoroark-Hisui, L50, M|\n|poke|p2|Milotic, L50, M|\n|poke|p2|Tinkaton, L50, F|\n|poke|p2|Venusaur, L50, M|\n|poke|p2|Ceruledge, L50, F|\n|teampreview|3\n|inactive|Battle timer is ON: inactive players will automatically lose when time's up. (requested by blazegeo)\n|\n|t:|1776572497\n|teamsize|p1|3\n|teamsize|p2|3\n|start\n|switch|p1a: Whimsicott|Whimsicott, L50, F|100/100\n|switch|p2a: Ceruledge|Ceruledge, L50, F|100/100\n|turn|1\n|\n|t:|1776572509\n|move|p1a: Whimsicott|Tailwind|p1a: Whimsicott\n|-sidestart|p1: showwell|move: Tailwind\n|move|p2a: Ceruledge|Flamethrower|p1a: Whimsicott\n|-supereffective|p1a: Whimsicott|1\n|-damage|p1a: Whimsicott|6/100\n|\n|upkeep\n|turn|2\n|\n|t:|1776572534\n|move|p1a: Whimsicott|Memento|p2a: Ceruledge\n|-unboost|p2a: Ceruledge|atk|2\n|-unboost|p2a: Ceruledge|spa|2\n|faint|p1a: Whimsicott\n|move|p2a: Ceruledge|Flamethrower|p1: Whimsicott|[notarget]\n|-fail|p2a: Ceruledge\n|\n|upkeep\n|\n|t:|1776572538\n|switch|p1a: Gallade|Gallade, L50, M|100/100\n|turn|3\n|\n|t:|1776572552\n|switch|p2a: Tinkaton|Tinkaton, L50, F|100/100\n|-ability|p2a: Tinkaton|Mold Breaker\n|move|p1a: Gallade|Aqua Cutter|p2a: Tinkaton\n|-damage|p2a: Tinkaton|48/100\n|\n|upkeep\n|turn|4\n|\n|t:|1776572565\n|move|p2a: Tinkaton|Fake Out|p1a: Gallade\n|-damage|p1a: Gallade|82/100\n|cant|p1a: Gallade|flinch\n|\n|-sideend|p1: showwell|move: Tailwind\n|upkeep\n|turn|5\n|\n|t:|1776572575\n|move|p2a: Tinkaton|Play Rough|p1a: Gallade\n|-supereffective|p1a: Gallade|1\n|-damage|p1a: Gallade|0 fnt\n|faint|p1a: Gallade\n|\n|upkeep\n|\n|t:|1776572578\n|switch|p1a: Froslass|Froslass, L50, F|100/100\n|turn|6\n|\n|t:|1776572589\n|detailschange|p1a: Froslass|Froslass-Mega, L50, F\n|-mega|p1a: Froslass|Froslass|Froslassite\n|-weather|Snowscape|[from] ability: Snow Warning|[of] p1a: Froslass\n|move|p1a: Froslass|Shadow Ball|p2a: Tinkaton\n|-damage|p2a: Tinkaton|0 fnt\n|faint|p2a: Tinkaton\n|\n|-weather|Snowscape|[upkeep]\n|upkeep\n|\n|t:|1776572605\n|switch|p2a: Ceruledge|Ceruledge, L50, F|100/100\n|turn|7\n|\n|t:|1776572621\n|move|p1a: Froslass|Shadow Ball|p2a: Ceruledge\n|-immune|p2a: Ceruledge\n|move|p2a: Ceruledge|Bitter Malice|p1a: Froslass\n|-supereffective|p1a: Froslass|1\n|-damage|p1a: Froslass|3/100\n|-unboost|p1a: Froslass|atk|1\n|\n|-weather|Snowscape|[upkeep]\n|upkeep\n|turn|8\n|\n|t:|1776572631\n|move|p1a: Froslass|Blizzard|p2a: Ceruledge\n|-enditem|p2a: Ceruledge|Focus Sash\n|-damage|p2a: Ceruledge|1/100\n|replace|p2a: Zoroark|Zoroark-Hisui, L50, M\n|-end|p2a: Zoroark|Illusion\n|move|p2a: Zoroark|Bitter Malice|p1a: Froslass\n|-supereffective|p1a: Froslass|1\n|-damage|p1a: Froslass|0 fnt\n|faint|p1a: Froslass\n|\n|win|blazegeo\n|raw|showwell's rating: 1075 &rarr; <strong>1051</strong><br />(-24 for losing)\n|raw|blazegeo's rating: 1032 &rarr; <strong>1072</strong><br />(+40 for winning)\n|l|\u2606showwell\n|player|p1|\n|c|\u2606blazegeo|gg\n",
  "uploadtime": 1776572648,
  "views": 4,
  "formatid": "gen9championsbssregma",
  "rating": 1051,
  "private": 0,
  "password": null
}