{
  "id": "gen9championsbssregma-2583214537",
  "format": "[Gen 9 Champions] BSS Reg M-A",
  "players": [
    "bobo08140",
    "M Y Raymachine"
  ],
  "log": "|j|\u2606bobo08140\n|j|\u2606M Y Raymachine\n|t:|1776155600\n|gametype|singles\n|player|p1|bobo08140|li|1191\n|player|p2|M Y Raymachine|waiter-gen4|1231\n|gen|9\n|tier|[Gen 9 Champions] BSS Reg M-A\n|rated|\n|rule|Species Clause: Limit one of each Pok\u00e9mon\n|rule|Item Clause: Limit 1 of each item\n|clearpoke\n|poke|p1|Meganium, L50, M|\n|poke|p1|Garchomp, L50, M|\n|poke|p1|Dragonite, L50, F|\n|poke|p1|Aegislash, L50, F|\n|poke|p1|Lopunny, L50, F|\n|poke|p1|Kleavor, L50, M|\n|poke|p2|Skarmory, L50, M|\n|poke|p2|Garchomp, L50, M|\n|poke|p2|Hydreigon, L50, M|\n|poke|p2|Aegislash, L50, M|\n|poke|p2|Delphox, L50, F|\n|poke|p2|Glimmora, L50, F|\n|teampreview|3\n|inactive|Battle timer is ON: inactive players will automatically lose when time's up. (requested by M Y Raymachine)\n|\n|t:|1776155640\n|teamsize|p1|3\n|teamsize|p2|3\n|start\n|switch|p1a: Aegislash|Aegislash, L50, F|100/100\n|switch|p2a: Glimmora|Glimmora, L50, F, shiny|100/100\n|turn|1\n|\n|t:|1776155645\n|move|p2a: Glimmora|Stealth Rock|p1a: Aegislash\n|-sidestart|p1: bobo08140|move: Stealth Rock\n|-formechange|p1a: Aegislash|Aegislash-Blade|\n|move|p1a: Aegislash|Shadow Ball|p2a: Glimmora\n|-damage|p2a: Glimmora|31/100\n|\n|upkeep\n|turn|2\n|\n|t:|1776155652\n|switch|p2a: Hydreigon|Hydreigon, L50, M|100/100\n|-formechange|p1a: Aegislash|Aegislash|\n|move|p1a: Aegislash|King's Shield||[still]\n|-fail|p1a: Aegislash\n|\n|upkeep\n|turn|3\n|\n|t:|1776155659\n|move|p2a: Hydreigon|Dark Pulse|p1a: Aegislash\n|-supereffective|p1a: Aegislash|1\n|-damage|p1a: Aegislash|31/100\n|cant|p1a: Aegislash|flinch\n|\n|-heal|p1a: Aegislash|37/100|[from] item: Leftovers\n|upkeep\n|turn|4\n|\n|t:|1776155666\n|move|p1a: Aegislash|King's Shield|p1a: Aegislash\n|-singleturn|p1a: Aegislash|Protect\n|move|p2a: Hydreigon|Dark Pulse|p1a: Aegislash\n|-activate|p1a: Aegislash|move: Protect\n|\n|-heal|p1a: Aegislash|43/100|[from] item: Leftovers\n|upkeep\n|turn|5\n|\n|t:|1776155671\n|switch|p1a: Garchomp|Garchomp, L50, M|100/100\n|-damage|p1a: Garchomp|94/100|[from] Stealth Rock\n|move|p2a: Hydreigon|Dark Pulse|p1a: Garchomp\n|-damage|p1a: Garchomp|52/100\n|\n|upkeep\n|turn|6\n|\n|t:|1776155687\n|switch|p2a: Skarmory|Skarmory, L50, M|100/100\n|move|p1a: Garchomp|Outrage|p2a: Skarmory\n|-resisted|p2a: Skarmory|1\n|-damage|p2a: Skarmory|73/100\n|-ability|p2a: Skarmory|Weak Armor|boost\n|-unboost|p2a: Skarmory|def|1\n|-boost|p2a: Skarmory|spe|2\n|\n|upkeep\n|turn|7\n|\n|t:|1776155705\n|detailschange|p2a: Skarmory|Skarmory-Mega, L50, M\n|-mega|p2a: Skarmory|Skarmory|Skarmorite\n|move|p2a: Skarmory|Brave Bird|p1a: Garchomp\n|-damage|p1a: Garchomp|0 fnt\n|-damage|p2a: Skarmory|61/100|[from] ability: Rough Skin|[of] p1a: Garchomp\n|faint|p1a: Garchomp\n|-damage|p2a: Skarmory|42/100|[from] Recoil\n|\n|upkeep\n|\n|t:|1776155712\n|switch|p1a: Aegislash|Aegislash, L50, F|43/100\n|-damage|p1a: Aegislash|37/100|[from] Stealth Rock\n|turn|8\n|\n|t:|1776155715\n|move|p1a: Aegislash|King's Shield|p1a: Aegislash\n|-singleturn|p1a: Aegislash|Protect\n|move|p2a: Skarmory|Drill Run|p1a: Aegislash\n|-activate|p1a: Aegislash|move: Protect\n|-unboost|p2a: Skarmory|atk|1\n|\n|-heal|p1a: Aegislash|43/100|[from] item: Leftovers\n|upkeep\n|turn|9\n|j| p74\n|\n|t:|1776155723\n|move|p2a: Skarmory|Drill Run|p1a: Aegislash\n|-supereffective|p1a: Aegislash|1\n|-crit|p1a: Aegislash\n|-damage|p1a: Aegislash|0 fnt\n|faint|p1a: Aegislash\n|\n|upkeep\n|\n|t:|1776155725\n|switch|p1a: Meganium|Meganium, L50, M|100/100\n|-damage|p1a: Meganium|88/100|[from] Stealth Rock\n|turn|10\n|\n|t:|1776155730\n|detailschange|p1a: Meganium|Meganium-Mega, L50, M\n|-mega|p1a: Meganium|Meganium|Meganiumite\n|move|p2a: Skarmory|Brave Bird|p1a: Meganium\n|-supereffective|p1a: Meganium|1\n|-damage|p1a: Meganium|1/100\n|-damage|p2a: Skarmory|13/100|[from] Recoil\n|move|p1a: Meganium|Weather Ball|p2a: Skarmory\n|-supereffective|p2a: Skarmory|1\n|-damage|p2a: Skarmory|0 fnt\n|faint|p2a: Skarmory\n|\n|upkeep\n|\n|t:|1776155738\n|switch|p2a: Glimmora|Glimmora, L50, F, shiny|31/100\n|turn|11\n|\n|t:|1776155747\n|move|p2a: Glimmora|Sludge Wave|p1a: Meganium\n|-supereffective|p1a: Meganium|2\n|-damage|p1a: Meganium|0 fnt\n|faint|p1a: Meganium\n|\n|win|M Y Raymachine\n|raw|bobo08140's rating: 1191 &rarr; <strong>1169</strong><br />(-22 for losing)\n|raw|M Y Raymachine's rating: 1231 &rarr; <strong>1253</strong><br />(+22 for winning)\n|l|\u2606bobo08140\n|player|p1|\n|l|\u2606M Y Raymachine\n|player|p2|\n",
  "uploadtime": 1776155793,
  "views": 3,
  "formatid": "gen9championsbssregma",
  "rating": 1169,
  "private": 0,
  "password": null
}