{
  "id": "gen9championsbssregma-2585269134",
  "format": "[Gen 9 Champions] BSS Reg M-A",
  "players": [
    "LM original L",
    "atsu201"
  ],
  "log": "|j|\u2606LM original L\n|j|\u2606atsu201\n|t:|1776332068\n|gametype|singles\n|player|p1|LM original L|firebreather|1067\n|player|p2|atsu201|roxie|1112\n|gen|9\n|tier|[Gen 9 Champions] BSS Reg M-A\n|rated|\n|rule|Species Clause: Limit one of each Pok\u00e9mon\n|rule|Item Clause: Limit 1 of each item\n|clearpoke\n|poke|p1|Glimmora, L50, M|\n|poke|p1|Mimikyu, L50, M|\n|poke|p1|Dragapult, L50, M|\n|poke|p1|Conkeldurr, L50, M|\n|poke|p1|Feraligatr, L50, M|\n|poke|p1|Corviknight, L50, F|\n|poke|p2|Clefable, L50, M|\n|poke|p2|Arcanine, L50, M|\n|poke|p2|Aegislash, L50, M|\n|poke|p2|Garchomp, L50, F|\n|poke|p2|Chesnaught, L50, F|\n|poke|p2|Glimmora, L50, F|\n|teampreview|3\n|\n|t:|1776332124\n|teamsize|p1|3\n|teamsize|p2|3\n|start\n|switch|p1a: Cuck chair|Glimmora, L50, M|100/100\n|switch|p2a: Garchomp|Garchomp, L50, F, shiny|100/100\n|turn|1\n|inactive|Battle timer is ON: inactive players will automatically lose when time's up. (requested by atsu201)\n|\n|t:|1776332130\n|move|p2a: Garchomp|Earthquake|p1a: Cuck chair\n|-supereffective|p1a: Cuck chair|2\n|-enditem|p1a: Cuck chair|Focus Sash\n|-damage|p1a: Cuck chair|1/100\n|-activate|p1a: Cuck chair|ability: Toxic Debris\n|-sidestart|p2: atsu201|move: Toxic Spikes\n|move|p1a: Cuck chair|Stealth Rock|p2a: Garchomp\n|-sidestart|p2: atsu201|move: Stealth Rock\n|\n|upkeep\n|turn|2\n|\n|t:|1776332139\n|move|p2a: Garchomp|Earthquake|p1a: Cuck chair\n|-supereffective|p1a: Cuck chair|2\n|-damage|p1a: Cuck chair|0 fnt\n|-activate|p1a: Cuck chair|ability: Toxic Debris\n|-sidestart|p2: atsu201|move: Toxic Spikes\n|faint|p1a: Cuck chair\n|\n|upkeep\n|\n|t:|1776332145\n|switch|p1a: Marc-Sp3rm|Mimikyu, L50, M|100/100\n|turn|3\n|\n|t:|1776332150\n|move|p2a: Garchomp|Earthquake|p1a: Marc-Sp3rm\n|-activate|p1a: Marc-Sp3rm|ability: Disguise\n|-damage|p1a: Marc-Sp3rm|100/100\n|detailschange|p1a: Marc-Sp3rm|Mimikyu-Busted, L50, M\n|-damage|p1a: Marc-Sp3rm|88/100|[from] pokemon: Mimikyu-Busted\n|move|p1a: Marc-Sp3rm|Swords Dance|p1a: Marc-Sp3rm\n|-boost|p1a: Marc-Sp3rm|atk|2\n|\n|-heal|p1a: Marc-Sp3rm|94/100|[from] item: Leftovers\n|upkeep\n|turn|4\n|\n|t:|1776332161\n|move|p2a: Garchomp|Earthquake|p1a: Marc-Sp3rm\n|-damage|p1a: Marc-Sp3rm|0 fnt\n|faint|p1a: Marc-Sp3rm\n|\n|upkeep\n|\n|t:|1776332166\n|switch|p1a: Mr.Tartine|Dragapult, L50, M|100/100\n|turn|5\n|\n|t:|1776332174\n|switch|p2a: Aegislash|Aegislash, L50, M, shiny|100/100\n|-damage|p2a: Aegislash|94/100|[from] Stealth Rock\n|move|p1a: Mr.Tartine|Dragon Darts|p2a: Aegislash\n|-resisted|p2a: Aegislash|1\n|-damage|p2a: Aegislash|83/100\n|-anim|p1a: Mr.Tartine|Dragon Darts|p2a: Aegislash\n|-resisted|p2a: Aegislash|1\n|-damage|p2a: Aegislash|72/100\n|\n|upkeep\n|turn|6\n|\n|t:|1776332187\n|move|p1a: Mr.Tartine|Sucker Punch|p2a: Aegislash\n|-supereffective|p2a: Aegislash|1\n|-damage|p2a: Aegislash|30/100\n|-formechange|p2a: Aegislash|Aegislash-Blade|\n|move|p2a: Aegislash|Poltergeist|p1a: Mr.Tartine\n|-activate|p1a: Mr.Tartine|move: Poltergeist|Shell Bell\n|-supereffective|p1a: Mr.Tartine|1\n|-damage|p1a: Mr.Tartine|0 fnt\n|faint|p1a: Mr.Tartine\n|\n|win|atsu201\n|raw|LM original L's rating: 1067 &rarr; <strong>1050</strong><br />(-17 for losing)\n|raw|atsu201's rating: 1112 &rarr; <strong>1134</strong><br />(+22 for winning)\n|l|\u2606atsu201\n|player|p2|\n",
  "uploadtime": 1776332199,
  "views": 3,
  "formatid": "gen9championsbssregma",
  "rating": 1050,
  "private": 0,
  "password": null
}