{
  "id": "gen9championsbssregma-2584265289",
  "format": "[Gen 9 Champions] BSS Reg M-A",
  "players": [
    "fletchyfletchy",
    "YAJEE"
  ],
  "log": "|j|\u2606fletchyfletchy\n|j|\u2606YAJEE\n|t:|1776244923\n|gametype|singles\n|player|p1|fletchyfletchy|liko|1169\n|player|p2|YAJEE|101|1121\n|gen|9\n|tier|[Gen 9 Champions] BSS Reg M-A\n|rated|\n|rule|Species Clause: Limit one of each Pok\u00e9mon\n|rule|Item Clause: Limit 1 of each item\n|clearpoke\n|poke|p1|Lopunny, L50, M|\n|poke|p1|Basculegion, L50, M|\n|poke|p1|Meowscarada, L50, F|\n|poke|p1|Aegislash, L50, M|\n|poke|p1|Charizard, L50, M|\n|poke|p1|Ninetales-Alola, L50, M|\n|poke|p2|Tyranitar, L50, M|\n|poke|p2|Garchomp, L50, F|\n|poke|p2|Corviknight, L50, M|\n|poke|p2|Rotom-Wash, L50|\n|poke|p2|Meganium, L50, F|\n|poke|p2|Charizard, L50, F|\n|teampreview|3\n|\n|t:|1776244970\n|teamsize|p1|3\n|teamsize|p2|3\n|start\n|switch|p1a: Lopunny|Lopunny, L50, M|100/100\n|switch|p2a: Charizard|Charizard, L50, F|100/100\n|turn|1\n|\n|t:|1776244978\n|switch|p2a: Corviknight|Corviknight, L50, M|100/100\n|-ability|p2a: Corviknight|Pressure\n|detailschange|p1a: Lopunny|Lopunny-Mega, L50, M\n|-mega|p1a: Lopunny|Lopunny|Lopunnite\n|move|p1a: Lopunny|Fake Out|p2a: Corviknight\n|-resisted|p2a: Corviknight|1\n|-crit|p2a: Corviknight\n|-damage|p2a: Corviknight|87/100\n|\n|-heal|p2a: Corviknight|93/100|[from] item: Leftovers\n|upkeep\n|turn|2\n|\n|t:|1776244998\n|switch|p1a: Aegislash|Aegislash, L50, M|100/100\n|move|p2a: Corviknight|Iron Defense|p2a: Corviknight\n|-boost|p2a: Corviknight|def|2\n|\n|-heal|p2a: Corviknight|99/100|[from] item: Leftovers\n|upkeep\n|turn|3\n|\n|t:|1776245014\n|move|p2a: Corviknight|Iron Head|p1a: Aegislash\n|-resisted|p1a: Aegislash|1\n|-damage|p1a: Aegislash|90/100\n|move|p1a: Aegislash|Swords Dance|p1a: Aegislash\n|-boost|p1a: Aegislash|atk|2\n|\n|-heal|p2a: Corviknight|100/100|[from] item: Leftovers\n|-heal|p1a: Aegislash|96/100|[from] item: Leftovers\n|upkeep\n|turn|4\n|\n|t:|1776245024\n|move|p2a: Corviknight|Iron Defense|p2a: Corviknight\n|-boost|p2a: Corviknight|def|2\n|move|p1a: Aegislash|Swords Dance|p1a: Aegislash\n|-boost|p1a: Aegislash|atk|2\n|\n|-heal|p1a: Aegislash|100/100|[from] item: Leftovers\n|upkeep\n|turn|5\n|\n|t:|1776245032\n|move|p2a: Corviknight|Iron Defense|p2a: Corviknight\n|-boost|p2a: Corviknight|def|2\n|move|p1a: Aegislash|Swords Dance|p1a: Aegislash\n|-boost|p1a: Aegislash|atk|2\n|\n|upkeep\n|turn|6\n|c|\u2606fletchyfletchy|sacred sword ignores boosts btw\n|\n|t:|1776245042\n|move|p2a: Corviknight|Iron Head|p1a: Aegislash\n|-resisted|p1a: Aegislash|1\n|-damage|p1a: Aegislash|90/100\n|cant|p1a: Aegislash|flinch\n|\n|-heal|p1a: Aegislash|96/100|[from] item: Leftovers\n|upkeep\n|turn|7\n|\n|t:|1776245051\n|move|p2a: Corviknight|Iron Defense|p2a: Corviknight\n|-boost|p2a: Corviknight|def|0\n|-formechange|p1a: Aegislash|Aegislash-Blade|\n|move|p1a: Aegislash|Sacred Sword|p2a: Corviknight\n|-damage|p2a: Corviknight|0 fnt\n|faint|p2a: Corviknight\n|\n|-heal|p1a: Aegislash|100/100|[from] item: Leftovers\n|upkeep\n|\n|t:|1776245069\n|switch|p2a: Tyranitar|Tyranitar, L50, M|100/100\n|-weather|Sandstorm|[from] ability: Sand Stream|[of] p2a: Tyranitar\n|turn|8\n|\n|t:|1776245084\n|switch|p1a: Ninetales|Ninetales-Alola, L50, M|100/100\n|-weather|Snowscape|[from] ability: Snow Warning|[of] p1a: Ninetales\n|move|p2a: Tyranitar|Roar|p1a: Ninetales\n|drag|p1a: Aegislash|Aegislash, L50, M|100/100\n|\n|-weather|Snowscape|[upkeep]\n|upkeep\n|turn|9\n|\n|t:|1776245095\n|move|p2a: Tyranitar|Knock Off|p1a: Aegislash\n|-supereffective|p1a: Aegislash|1\n|-damage|p1a: Aegislash|17/100\n|-enditem|p1a: Aegislash|Leftovers|[from] move: Knock Off|[of] p2a: Tyranitar\n|-formechange|p1a: Aegislash|Aegislash-Blade|\n|move|p1a: Aegislash|Sacred Sword|p2a: Tyranitar\n|-supereffective|p2a: Tyranitar|2\n|-damage|p2a: Tyranitar|0 fnt\n|faint|p2a: Tyranitar\n|\n|-weather|Snowscape|[upkeep]\n|upkeep\n|\n|t:|1776245106\n|switch|p2a: Charizard|Charizard, L50, F|100/100\n|turn|10\n|\n|t:|1776245138\n|detailschange|p2a: Charizard|Charizard-Mega-X, L50, F\n|-mega|p2a: Charizard|Charizard|Charizardite X\n|move|p1a: Aegislash|Shadow Sneak|p2a: Charizard\n|-damage|p2a: Charizard|71/100\n|move|p2a: Charizard|Flame Charge|p1a: Aegislash\n|-supereffective|p1a: Aegislash|1\n|-damage|p1a: Aegislash|0 fnt\n|-boost|p2a: Charizard|spe|1\n|faint|p1a: Aegislash\n|\n|-weather|Snowscape|[upkeep]\n|upkeep\n|\n|t:|1776245146\n|switch|p1a: Lopunny|Lopunny-Mega, L50, M|100/100\n|turn|11\n|\n|t:|1776245156\n|move|p1a: Lopunny|Fake Out|p2a: Charizard\n|-damage|p2a: Charizard|50/100\n|cant|p2a: Charizard|flinch\n|\n|-weather|Snowscape|[upkeep]\n|upkeep\n|turn|12\n|\n|t:|1776245165\n|move|p2a: Charizard|Flame Charge|p1a: Lopunny\n|-damage|p1a: Lopunny|52/100\n|-boost|p2a: Charizard|spe|1\n|move|p1a: Lopunny|Close Combat|p2a: Charizard\n|-damage|p2a: Charizard|0 fnt\n|-unboost|p1a: Lopunny|def|1\n|-unboost|p1a: Lopunny|spd|1\n|faint|p2a: Charizard\n|\n|win|fletchyfletchy\n|raw|fletchyfletchy's rating: 1169 &rarr; <strong>1191</strong><br />(+22 for winning)\n|raw|YAJEE's rating: 1121 &rarr; <strong>1099</strong><br />(-22 for losing)\n",
  "uploadtime": 1776245165,
  "views": 5,
  "formatid": "gen9championsbssregma",
  "rating": 1099,
  "private": 0,
  "password": null
}