{
  "id": "gen9championsbssregma-2583481972",
  "format": "[Gen 9 Champions] BSS Reg M-A",
  "players": [
    "thatoneghostguy",
    "maxmega15"
  ],
  "log": "|j|\u2606thatoneghostguy\n|j|\u2606maxmega15\n|t:|1776178436\n|gametype|singles\n|player|p1|thatoneghostguy|169|1000\n|player|p2|maxmega15|marlon|1000\n|gen|9\n|tier|[Gen 9 Champions] BSS Reg M-A\n|rated|\n|rule|Species Clause: Limit one of each Pok\u00e9mon\n|rule|Item Clause: Limit 1 of each item\n|clearpoke\n|poke|p1|Dragapult, L50, F|\n|poke|p1|Polteageist, L50|\n|poke|p1|Mimikyu, L50, M|\n|poke|p1|Skeledirge, L50, F|\n|poke|p1|Aegislash, L50, M|\n|poke|p1|Gengar, L50, M|\n|poke|p2|Beedrill, L50, M|\n|poke|p2|Alakazam, L50, F|\n|poke|p2|Aerodactyl, L50, F|\n|poke|p2|Pelipper, L50, M|\n|teampreview|3\n|inactive|Battle timer is ON: inactive players will automatically lose when time's up. (requested by maxmega15)\n|\n|t:|1776178472\n|teamsize|p1|3\n|teamsize|p2|3\n|start\n|switch|p1a: Dragapult|Dragapult, L50, F|100/100\n|switch|p2a: Beedrill|Beedrill, L50, M|100/100\n|turn|1\n|c|\u2606maxmega15|monotype team!? cool!\n|\n|t:|1776178488\n|move|p1a: Dragapult|Will-O-Wisp|p2a: Beedrill\n|-status|p2a: Beedrill|brn\n|move|p2a: Beedrill|Focus Energy|p2a: Beedrill\n|-start|p2a: Beedrill|move: Focus Energy\n|\n|-damage|p2a: Beedrill|95/100 brn|[from] brn\n|upkeep\n|turn|2\n|\n|t:|1776178498\n|move|p1a: Dragapult|Reflect|p1a: Dragapult\n|-sidestart|p1: thatoneghostguy|Reflect\n|move|p2a: Beedrill|Knock Off|p1a: Dragapult\n|-supereffective|p1a: Dragapult|1\n|-crit|p1a: Dragapult\n|-damage|p1a: Dragapult|37/100\n|-enditem|p1a: Dragapult|Mental Herb|[from] move: Knock Off|[of] p2a: Beedrill\n|\n|-damage|p2a: Beedrill|89/100 brn|[from] brn\n|upkeep\n|turn|3\n|\n|t:|1776178507\n|move|p1a: Dragapult|Hex|p2a: Beedrill\n|-crit|p2a: Beedrill\n|-damage|p2a: Beedrill|0 fnt\n|faint|p2a: Beedrill\n|\n|upkeep\n|\n|t:|1776178513\n|switch|p2a: Alakazam|Alakazam, L50, F|100/100\n|turn|4\n|inactive|thatoneghostguy has 30 seconds left.\n|inactive|thatoneghostguy has 20 seconds left.\n|-activate|p2a: Alakazam|item: Quick Claw\n|\n|t:|1776178550\n|move|p2a: Alakazam|Psychic Terrain|p2a: Alakazam\n|-fieldstart|move: Psychic Terrain\n|move|p1a: Dragapult|Hex|p2a: Alakazam\n|-supereffective|p2a: Alakazam|1\n|-damage|p2a: Alakazam|4/100\n|\n|upkeep\n|turn|5\n|-activate|p2a: Alakazam|item: Quick Claw\n|\n|t:|1776178558\n|move|p2a: Alakazam|Expanding Force|p1a: Dragapult\n|-damage|p1a: Dragapult|0 fnt\n|faint|p1a: Dragapult\n|\n|upkeep\n|\n|t:|1776178569\n|switch|p1a: Mimikyu|Mimikyu, L50, M|100/100\n|turn|6\n|\n|t:|1776178575\n|move|p1a: Mimikyu|Shadow Sneak|p2a: Alakazam\n|-activate|p2a: Alakazam|move: Psychic Terrain\n|move|p2a: Alakazam|Expanding Force|p1a: Mimikyu\n|-activate|p1a: Mimikyu|ability: Disguise\n|-damage|p1a: Mimikyu|100/100\n|detailschange|p1a: Mimikyu|Mimikyu-Busted, L50, M\n|-damage|p1a: Mimikyu|88/100|[from] pokemon: Mimikyu-Busted\n|\n|-sideend|p1: thatoneghostguy|Reflect\n|upkeep\n|turn|7\n|\n|t:|1776178585\n|move|p2a: Alakazam|Expanding Force|p1a: Mimikyu\n|-damage|p1a: Mimikyu|0 fnt\n|faint|p1a: Mimikyu\n|\n|upkeep\n|\n|t:|1776178590\n|switch|p1a: Skeledirge|Skeledirge, L50, F|100/100\n|turn|8\n|-activate|p2a: Alakazam|item: Quick Claw\n|\n|t:|1776178595\n|move|p2a: Alakazam|Expanding Force|p1a: Skeledirge\n|-damage|p1a: Skeledirge|17/100\n|move|p1a: Skeledirge|Torch Song|p2a: Alakazam\n|-damage|p2a: Alakazam|0 fnt\n|-boost|p1a: Skeledirge|spa|1\n|faint|p2a: Alakazam\n|\n|-heal|p1a: Skeledirge|23/100|[from] item: Leftovers\n|-fieldend|move: Psychic Terrain\n|upkeep\n|\n|t:|1776178599\n|switch|p2a: Aerodactyl|Aerodactyl, L50, F|100/100\n|turn|9\n|\n|t:|1776178614\n|detailschange|p2a: Aerodactyl|Aerodactyl-Mega, L50, F\n|-mega|p2a: Aerodactyl|Aerodactyl|Aerodactylite\n|move|p2a: Aerodactyl|Rock Slide|p1a: Skeledirge\n|-supereffective|p1a: Skeledirge|1\n|-damage|p1a: Skeledirge|0 fnt\n|faint|p1a: Skeledirge\n|\n|win|maxmega15\n|raw|thatoneghostguy's rating: 1000 &rarr; <strong>1000</strong><br />(+0 for losing)\n|raw|maxmega15's rating: 1000 &rarr; <strong>1040</strong><br />(+40 for winning)\n|c|\u2606maxmega15|gg\n|l|\u2606thatoneghostguy\n|player|p1|\n",
  "uploadtime": 1776178623,
  "views": 2,
  "formatid": "gen9championsbssregma",
  "rating": 1000,
  "private": 0,
  "password": null
}