{
  "id": "gen9championsbssregma-2582602044",
  "format": "[Gen 9 Champions] BSS Reg M-A",
  "players": [
    "Now did pvp",
    "aeraeb"
  ],
  "log": "|j|\u2606Now did pvp\n|j|\u2606aeraeb\n|t:|1776101981\n|gametype|singles\n|player|p1|Now did pvp|colress|1000\n|player|p2|aeraeb|backersf|1048\n|gen|9\n|tier|[Gen 9 Champions] BSS Reg M-A\n|rated|\n|rule|Species Clause: Limit one of each Pok\u00e9mon\n|rule|Item Clause: Limit 1 of each item\n|clearpoke\n|poke|p1|Samurott-Hisui, L50, F|\n|poke|p1|Meganium, L50, M|\n|poke|p1|Volcarona, L50, M|\n|poke|p1|Excadrill, L50, M|\n|poke|p1|Scizor, L50, M|\n|poke|p1|Dragapult, L50, F|\n|poke|p2|Meganium, L50, M|\n|poke|p2|Machamp, L50, F|\n|poke|p2|Klefki, L50, M|\n|poke|p2|Mimikyu, L50, M|\n|poke|p2|Scovillain, L50, F|\n|poke|p2|Rotom-Wash, L50|\n|teampreview|3\n|inactive|Battle timer is ON: inactive players will automatically lose when time's up. (requested by Now did pvp)\n|inactive|Now did pvp has 60 seconds left.\n|inactive|Now did pvp has 30 seconds left.\n|inactive|Now did pvp has 20 seconds left.\n|inactive|Now did pvp has 15 seconds left.\n|\n|t:|1776102057\n|teamsize|p1|3\n|teamsize|p2|3\n|start\n|switch|p1a: Excadrill|Excadrill, L50, M|100/100\n|switch|p2a: Klefki|Klefki, L50, M|100/100\n|-ability|p1a: Excadrill|Mold Breaker\n|turn|1\n|\n|t:|1776102074\n|move|p2a: Klefki|Magnet Rise|p2a: Klefki\n|-start|p2a: Klefki|Magnet Rise\n|move|p1a: Excadrill|Earthquake|p2a: Klefki\n|-immune|p2a: Klefki\n|\n|upkeep\n|turn|2\n|\n|t:|1776102094\n|move|p1a: Excadrill|Iron Head|p2a: Klefki\n|-damage|p2a: Klefki|47/100\n|move|p2a: Klefki|Foul Play|p1a: Excadrill\n|-damage|p1a: Excadrill|55/100\n|\n|upkeep\n|turn|3\n|\n|t:|1776102106\n|move|p1a: Excadrill|Iron Head|p2a: Klefki\n|-damage|p2a: Klefki|0 fnt\n|faint|p2a: Klefki\n|\n|upkeep\n|\n|t:|1776102108\n|switch|p2a: Scovillain|Scovillain, L50, F|100/100\n|turn|4\n|\n|t:|1776102131\n|move|p2a: Scovillain|Protect|p2a: Scovillain\n|-singleturn|p2a: Scovillain|Protect\n|move|p1a: Excadrill|Rock Slide|p2a: Scovillain\n|-activate|p2a: Scovillain|move: Protect\n|\n|-ability|p2a: Scovillain|Moody|boost\n|-boost|p2a: Scovillain|spe|2\n|-unboost|p2a: Scovillain|spa|1\n|upkeep\n|turn|5\n|\n|t:|1776102141\n|move|p2a: Scovillain|Will-O-Wisp|p1a: Excadrill\n|-status|p1a: Excadrill|brn\n|move|p1a: Excadrill|Rock Slide|p2a: Scovillain\n|-supereffective|p2a: Scovillain|1\n|-damage|p2a: Scovillain|66/100\n|\n|-heal|p2a: Scovillain|71/100|[from] item: Leftovers\n|-damage|p1a: Excadrill|49/100 brn|[from] brn\n|-ability|p2a: Scovillain|Moody|boost\n|-boost|p2a: Scovillain|spa|2\n|-unboost|p2a: Scovillain|atk|1\n|upkeep\n|turn|6\n|\n|t:|1776102153\n|move|p2a: Scovillain|Leech Seed|p1a: Excadrill\n|-start|p1a: Excadrill|move: Leech Seed\n|move|p1a: Excadrill|Rock Slide|p2a: Scovillain\n|-supereffective|p2a: Scovillain|1\n|-damage|p2a: Scovillain|32/100\n|\n|-heal|p2a: Scovillain|38/100|[from] item: Leftovers\n|-damage|p1a: Excadrill|37/100 brn|[from] Leech Seed|[of] p2a: Scovillain\n|-heal|p2a: Scovillain|52/100|[silent]\n|-damage|p1a: Excadrill|31/100 brn|[from] brn\n|-ability|p2a: Scovillain|Moody|boost\n|-boost|p2a: Scovillain|spa|2\n|-unboost|p2a: Scovillain|atk|1\n|upkeep\n|turn|7\n|\n|t:|1776102165\n|move|p2a: Scovillain|Protect|p2a: Scovillain\n|-singleturn|p2a: Scovillain|Protect\n|move|p1a: Excadrill|Rock Slide|p2a: Scovillain\n|-activate|p2a: Scovillain|move: Protect\n|\n|-heal|p2a: Scovillain|57/100|[from] item: Leftovers\n|-damage|p1a: Excadrill|19/100 brn|[from] Leech Seed|[of] p2a: Scovillain\n|-heal|p2a: Scovillain|71/100|[silent]\n|-damage|p1a: Excadrill|13/100 brn|[from] brn\n|-ability|p2a: Scovillain|Moody|boost\n|-boost|p2a: Scovillain|def|2\n|-unboost|p2a: Scovillain|spa|1\n|upkeep\n|turn|8\n|\n|t:|1776102189\n|move|p2a: Scovillain|Flamethrower|p1a: Excadrill\n|-supereffective|p1a: Excadrill|1\n|-damage|p1a: Excadrill|0 fnt\n|faint|p1a: Excadrill\n|\n|-heal|p2a: Scovillain|77/100|[from] item: Leftovers\n|-ability|p2a: Scovillain|Moody|boost\n|-boost|p2a: Scovillain|spe|2\n|-unboost|p2a: Scovillain|spd|1\n|upkeep\n|\n|t:|1776102191\n|switch|p1a: Volcarona|Volcarona, L50, M|100/100\n|turn|9\n|\n|t:|1776102201\n|move|p2a: Scovillain|Protect|p2a: Scovillain\n|-singleturn|p2a: Scovillain|Protect\n|move|p1a: Volcarona|Quiver Dance|p1a: Volcarona\n|-boost|p1a: Volcarona|spa|1\n|-boost|p1a: Volcarona|spd|1\n|-boost|p1a: Volcarona|spe|1\n|\n|-heal|p2a: Scovillain|82/100|[from] item: Leftovers\n|-ability|p2a: Scovillain|Moody|boost\n|-boost|p2a: Scovillain|spd|2\n|-unboost|p2a: Scovillain|spe|1\n|upkeep\n|turn|10\n|\n|t:|1776102207\n|move|p1a: Volcarona|Bug Buzz|p2a: Scovillain\n|-damage|p2a: Scovillain|30/100\n|move|p2a: Scovillain|Leech Seed|p1a: Volcarona\n|-start|p1a: Volcarona|move: Leech Seed\n|\n|-heal|p2a: Scovillain|36/100|[from] item: Leftovers\n|-damage|p1a: Volcarona|88/100|[from] Leech Seed|[of] p2a: Scovillain\n|-heal|p2a: Scovillain|48/100|[silent]\n|-ability|p2a: Scovillain|Moody|boost\n|-boost|p2a: Scovillain|spd|2\n|-unboost|p2a: Scovillain|spa|1\n|upkeep\n|turn|11\n|\n|t:|1776102216\n|move|p1a: Volcarona|Quiver Dance|p1a: Volcarona\n|-boost|p1a: Volcarona|spa|1\n|-boost|p1a: Volcarona|spd|1\n|-boost|p1a: Volcarona|spe|1\n|move|p2a: Scovillain|Flamethrower|p1a: Volcarona\n|-damage|p1a: Volcarona|58/100\n|\n|-heal|p2a: Scovillain|53/100|[from] item: Leftovers\n|-damage|p1a: Volcarona|46/100|[from] Leech Seed|[of] p2a: Scovillain\n|-heal|p2a: Scovillain|65/100|[silent]\n|-ability|p2a: Scovillain|Moody|boost\n|-boost|p2a: Scovillain|spa|2\n|-unboost|p2a: Scovillain|spd|1\n|upkeep\n|turn|12\n|\n|t:|1776102227\n|move|p1a: Volcarona|Bug Buzz|p2a: Scovillain\n|-damage|p2a: Scovillain|16/100\n|move|p2a: Scovillain|Flamethrower|p1a: Volcarona\n|-damage|p1a: Volcarona|1/100\n|\n|-heal|p2a: Scovillain|21/100|[from] item: Leftovers\n|-damage|p1a: Volcarona|0 fnt|[from] Leech Seed|[of] p2a: Scovillain\n|-heal|p2a: Scovillain|22/100|[silent]\n|faint|p1a: Volcarona\n|-ability|p2a: Scovillain|Moody|boost\n|-boost|p2a: Scovillain|spe|2\n|-unboost|p2a: Scovillain|atk|1\n|upkeep\n|\n|t:|1776102233\n|switch|p1a: Scizor|Scizor, L50, M|100/100\n|turn|13\n|\n|t:|1776102241\n|move|p2a: Scovillain|Protect|p2a: Scovillain\n|-singleturn|p2a: Scovillain|Protect\n|move|p1a: Scizor|Bullet Punch|p2a: Scovillain\n|-activate|p2a: Scovillain|move: Protect\n|\n|-heal|p2a: Scovillain|28/100|[from] item: Leftovers\n|-ability|p2a: Scovillain|Moody|boost\n|-boost|p2a: Scovillain|spe|1\n|-unboost|p2a: Scovillain|def|1\n|upkeep\n|turn|14\n|\n|t:|1776102249\n|move|p1a: Scizor|Bullet Punch|p2a: Scovillain\n|-resisted|p2a: Scovillain|1\n|-damage|p2a: Scovillain|14/100\n|move|p2a: Scovillain|Flamethrower|p1a: Scizor\n|-supereffective|p1a: Scizor|2\n|-damage|p1a: Scizor|0 fnt\n|faint|p1a: Scizor\n|\n|win|aeraeb\n|raw|Now did pvp's rating: 1000 &rarr; <strong>1000</strong><br />(+0 for losing)\n|raw|aeraeb's rating: 1048 &rarr; <strong>1076</strong><br />(+28 for winning)\n|l|\u2606Now did pvp\n|player|p1|\n",
  "uploadtime": 1776102258,
  "views": 4,
  "formatid": "gen9championsbssregma",
  "rating": 1000,
  "private": 0,
  "password": null
}