{
  "id": "gen9championsbssregma-2588304122",
  "format": "[Gen 9 Champions] BSS Reg M-A",
  "players": [
    "meow0520",
    "adfsdfsdfsdaf"
  ],
  "log": "|j|\u2606meow0520\n|j|\u2606adfsdfsdfsdaf\n|t:|1776622515\n|gametype|singles\n|player|p1|meow0520|steven|1327\n|player|p2|adfsdfsdfsdaf|2|1372\n|gen|9\n|tier|[Gen 9 Champions] BSS Reg M-A\n|rated|\n|rule|Species Clause: Limit one of each Pok\u00e9mon\n|rule|Item Clause: Limit 1 of each item\n|clearpoke\n|poke|p1|Ceruledge, L50, F, shiny|\n|poke|p1|Garchomp, L50, F, shiny|\n|poke|p1|Blastoise, L50, M, shiny|\n|poke|p1|Ninetales-Alola, L50, F, shiny|\n|poke|p1|Gengar, L50, F, shiny|\n|poke|p1|Mimikyu, L50, M, shiny|\n|poke|p2|Venusaur, L50, F|\n|poke|p2|Clefable, L50, M|\n|poke|p2|Hippowdon, L50, M|\n|poke|p2|Dragonite, L50, M|\n|poke|p2|Aegislash, L50, F|\n|poke|p2|Infernape, L50, F|\n|teampreview|3\n|inactive|Battle timer is ON: inactive players will automatically lose when time's up. (requested by meow0520)\n|inactive|meow0520 has 60 seconds left.\n|\n|t:|1776622570\n|teamsize|p1|3\n|teamsize|p2|3\n|start\n|switch|p1a: Garchomp|Garchomp, L50, F, shiny|100/100\n|switch|p2a: Infernape|Infernape, L50, F|100/100\n|turn|1\n|\n|t:|1776622582\n|switch|p1a: Ninetales|Ninetales-Alola, L50, F, shiny|100/100\n|-weather|Snowscape|[from] ability: Snow Warning|[of] p1a: Ninetales\n|move|p2a: Infernape|U-turn|p1a: Ninetales\n|-resisted|p1a: Ninetales|1\n|-damage|p1a: Ninetales|92/100\n|\n|t:|1776622587\n|switch|p2a: Hippowdon|Hippowdon, L50, M|100/100|[from] U-turn\n|-weather|Sandstorm|[from] ability: Sand Stream|[of] p2a: Hippowdon\n|\n|-weather|Sandstorm|[upkeep]\n|-damage|p1a: Ninetales|86/100|[from] Sandstorm\n|upkeep\n|turn|2\n|\n|t:|1776622597\n|move|p1a: Ninetales|Blizzard|p2a: Hippowdon\n|-supereffective|p2a: Hippowdon|1\n|-damage|p2a: Hippowdon|47/100\n|move|p2a: Hippowdon|Stealth Rock|p1a: Ninetales\n|-sidestart|p1: meow0520|move: Stealth Rock\n|\n|-weather|Sandstorm|[upkeep]\n|-damage|p1a: Ninetales|80/100|[from] Sandstorm\n|upkeep\n|turn|3\n|\n|t:|1776622611\n|switch|p2a: Infernape|Infernape, L50, F|100/100\n|move|p1a: Ninetales|Encore||[still]\n|-fail|p1a: Ninetales\n|\n|-weather|Sandstorm|[upkeep]\n|-damage|p2a: Infernape|95/100|[from] Sandstorm\n|-damage|p1a: Ninetales|74/100|[from] Sandstorm\n|upkeep\n|turn|4\n|\n|t:|1776622616\n|switch|p1a: Garchomp|Garchomp, L50, F, shiny|100/100\n|-damage|p1a: Garchomp|94/100|[from] Stealth Rock\n|move|p2a: Infernape|Raging Fury|p1a: Garchomp\n|-resisted|p1a: Garchomp|1\n|-damage|p1a: Garchomp|72/100\n|\n|-weather|Sandstorm|[upkeep]\n|-damage|p2a: Infernape|89/100|[from] Sandstorm\n|upkeep\n|turn|5\n|\n|t:|1776622624\n|move|p2a: Infernape|Raging Fury|p1a: Garchomp|[from] lockedmove\n|-resisted|p1a: Garchomp|1\n|-damage|p1a: Garchomp|47/100\n|-enditem|p1a: Garchomp|Sitrus Berry|[eat]\n|-heal|p1a: Garchomp|72/100|[from] item: Sitrus Berry\n|-start|p2a: Infernape|confusion|[fatigue]\n|move|p1a: Garchomp|Stealth Rock|p2a: Infernape\n|-sidestart|p2: adfsdfsdfsdaf|move: Stealth Rock\n|\n|-weather|none\n|upkeep\n|turn|6\n|\n|t:|1776622633\n|-activate|p2a: Infernape|confusion\n|move|p2a: Infernape|Raging Fury|p1a: Garchomp\n|-resisted|p1a: Garchomp|1\n|-damage|p1a: Garchomp|47/100\n|move|p1a: Garchomp|Spikes|p2a: Infernape\n|-sidestart|p2: adfsdfsdfsdaf|Spikes\n|\n|upkeep\n|turn|7\n|\n|t:|1776622644\n|-activate|p2a: Infernape|confusion\n|move|p2a: Infernape|Raging Fury|p1a: Garchomp|[from] lockedmove\n|-resisted|p1a: Garchomp|1\n|-damage|p1a: Garchomp|23/100\n|move|p1a: Garchomp|Dragon Tail|p2a: Infernape\n|-crit|p2a: Infernape\n|-damage|p2a: Infernape|28/100\n|drag|p2a: Venusaur|Venusaur, L50, F|100/100\n|-damage|p2a: Venusaur|88/100|[from] Stealth Rock\n|-damage|p2a: Venusaur|76/100|[from] Spikes\n|\n|upkeep\n|turn|8\n|\n|t:|1776622655\n|detailschange|p2a: Venusaur|Venusaur-Mega, L50, F\n|-mega|p2a: Venusaur|Venusaur|Venusaurite\n|move|p2a: Venusaur|Giga Drain|p1a: Garchomp\n|-damage|p1a: Garchomp|4/100\n|-heal|p2a: Venusaur|87/100|[from] drain|[of] p1a: Garchomp\n|move|p1a: Garchomp|Dragon Tail|p2a: Venusaur\n|-damage|p2a: Venusaur|68/100\n|drag|p2a: Hippowdon|Hippowdon, L50, M|47/100\n|-damage|p2a: Hippowdon|40/100|[from] Stealth Rock\n|-damage|p2a: Hippowdon|28/100|[from] Spikes\n|-weather|Sandstorm|[from] ability: Sand Stream|[of] p2a: Hippowdon\n|\n|-weather|Sandstorm|[upkeep]\n|upkeep\n|turn|9\n|\n|t:|1776622667\n|move|p1a: Garchomp|Earthquake|p2a: Hippowdon\n|-damage|p2a: Hippowdon|0 fnt\n|faint|p2a: Hippowdon\n|\n|-weather|Sandstorm|[upkeep]\n|upkeep\n|\n|t:|1776622672\n|switch|p2a: Venusaur|Venusaur-Mega, L50, F|68/100\n|-damage|p2a: Venusaur|56/100|[from] Stealth Rock\n|-damage|p2a: Venusaur|43/100|[from] Spikes\n|turn|10\n|\n|t:|1776622676\n|move|p2a: Venusaur|Giga Drain|p1a: Garchomp\n|-damage|p1a: Garchomp|0 fnt\n|-heal|p2a: Venusaur|45/100|[from] drain|[of] p1a: Garchomp\n|faint|p1a: Garchomp\n|\n|-weather|Sandstorm|[upkeep]\n|-damage|p2a: Venusaur|40/100|[from] Sandstorm\n|upkeep\n|\n|t:|1776622684\n|switch|p1a: Ninetales|Ninetales-Alola, L50, F, shiny|74/100\n|-damage|p1a: Ninetales|49/100|[from] Stealth Rock\n|-weather|Snowscape|[from] ability: Snow Warning|[of] p1a: Ninetales\n|turn|11\n|\n|t:|1776622690\n|move|p1a: Ninetales|Aurora Veil|p1a: Ninetales\n|-sidestart|p1: meow0520|move: Aurora Veil\n|move|p2a: Venusaur|Synthesis|p2a: Venusaur\n|-heal|p2a: Venusaur|65/100\n|\n|-weather|Snowscape|[upkeep]\n|upkeep\n|turn|12\n|\n|t:|1776622693\n|move|p1a: Ninetales|Blizzard|p2a: Venusaur\n|-supereffective|p2a: Venusaur|1\n|-damage|p2a: Venusaur|38/100\n|move|p2a: Venusaur|Synthesis|p2a: Venusaur\n|-heal|p2a: Venusaur|63/100\n|\n|-weather|Snowscape|[upkeep]\n|upkeep\n|turn|13\n|\n|t:|1776622698\n|move|p1a: Ninetales|Encore|p2a: Venusaur\n|-start|p2a: Venusaur|Encore\n|move|p2a: Venusaur|Synthesis|p2a: Venusaur\n|-heal|p2a: Venusaur|88/100\n|\n|-weather|Snowscape|[upkeep]\n|upkeep\n|turn|14\n|\n|t:|1776622705\n|move|p1a: Ninetales|Blizzard|p2a: Venusaur\n|-supereffective|p2a: Venusaur|1\n|-damage|p2a: Venusaur|61/100\n|-status|p2a: Venusaur|frz\n|cant|p2a: Venusaur|frz\n|\n|-weather|Snowscape|[upkeep]\n|upkeep\n|turn|15\n|\n|t:|1776622710\n|move|p1a: Ninetales|Blizzard|p2a: Venusaur\n|-supereffective|p2a: Venusaur|1\n|-damage|p2a: Venusaur|35/100 frz\n|cant|p2a: Venusaur|frz\n|\n|-weather|none\n|-end|p2a: Venusaur|Encore\n|-sideend|p1: meow0520|move: Aurora Veil\n|upkeep\n|turn|16\n|\n|t:|1776622716\n|switch|p1a: Gengar|Gengar, L50, F, shiny|100/100\n|-damage|p1a: Gengar|89/100|[from] Stealth Rock\n|-curestatus|p2a: Venusaur|frz|[msg]\n|move|p2a: Venusaur|Synthesis|p2a: Venusaur\n|-heal|p2a: Venusaur|84/100\n|\n|upkeep\n|turn|17\n|\n|t:|1776622726\n|switch|p1a: Ninetales|Ninetales-Alola, L50, F, shiny|49/100\n|-damage|p1a: Ninetales|24/100|[from] Stealth Rock\n|-weather|Snowscape|[from] ability: Snow Warning|[of] p1a: Ninetales\n|move|p2a: Venusaur|Earth Power|p1a: Ninetales\n|-damage|p1a: Ninetales|0 fnt\n|faint|p1a: Ninetales\n|\n|-weather|Snowscape|[upkeep]\n|upkeep\n|\n|t:|1776622732\n|switch|p1a: Gengar|Gengar, L50, F, shiny|89/100\n|-damage|p1a: Gengar|77/100|[from] Stealth Rock\n|turn|18\n|\n|t:|1776622735\n|detailschange|p1a: Gengar|Gengar-Mega, L50, F, shiny\n|-mega|p1a: Gengar|Gengar|Gengarite\n|move|p1a: Gengar|Sludge Wave|p2a: Venusaur\n|-damage|p2a: Venusaur|43/100\n|move|p2a: Venusaur|Earth Power|p1a: Gengar\n|-supereffective|p1a: Gengar|1\n|-damage|p1a: Gengar|7/100\n|\n|-weather|Snowscape|[upkeep]\n|upkeep\n|turn|19\n|\n|t:|1776622743\n|move|p1a: Gengar|Sludge Wave|p2a: Venusaur\n|-damage|p2a: Venusaur|2/100\n|move|p2a: Venusaur|Earth Power|p1a: Gengar\n|-supereffective|p1a: Gengar|1\n|-damage|p1a: Gengar|0 fnt\n|faint|p1a: Gengar\n|\n|win|adfsdfsdfsdaf\n|raw|meow0520's rating: 1327 &rarr; <strong>1310</strong><br />(-17 for losing)\n|raw|adfsdfsdfsdaf's rating: 1372 &rarr; <strong>1389</strong><br />(+17 for winning)\n|l|\u2606meow0520\n|player|p1|\n",
  "uploadtime": 1776622748,
  "views": 1,
  "formatid": "gen9championsbssregma",
  "rating": 1310,
  "private": 0,
  "password": null
}