{
  "id": "gen9championsbssregma-2582024874",
  "format": "[Gen 9 Champions] BSS Reg M-A",
  "players": [
    "jamel1",
    "Leeto64"
  ],
  "log": "|j|\u2606jamel1\n|j|\u2606Leeto64\n|t:|1776049455\n|gametype|singles\n|player|p1|jamel1|cyrus|1039\n|player|p2|Leeto64|shauntal|1000\n|gen|9\n|tier|[Gen 9 Champions] BSS Reg M-A\n|rated|\n|rule|Species Clause: Limit one of each Pok\u00e9mon\n|rule|Item Clause: Limit 1 of each item\n|clearpoke\n|poke|p1|Gengar, L50, F|\n|poke|p1|Espathra, L50, M|\n|poke|p1|Scizor, L50, F|\n|poke|p1|Toucannon, L50, F|\n|poke|p2|Delphox, L50, F|\n|poke|p2|Decidueye-Hisui, L50, F|\n|poke|p2|Quaquaval, L50, M|\n|poke|p2|Goodra-Hisui, L50, F|\n|poke|p2|Kangaskhan, L50, F|\n|poke|p2|Zoroark-Hisui, L50, F|\n|teampreview|3\n|\n|t:|1776049497\n|teamsize|p1|3\n|teamsize|p2|3\n|start\n|switch|p1a: Gengar|Gengar, L50, F, shiny|100/100\n|switch|p2a: Quaquaval|Quaquaval, L50, M|100/100\n|turn|1\n|\n|t:|1776049503\n|move|p1a: Gengar|Hypnosis|p2a: Quaquaval\n|-status|p2a: Quaquaval|slp|[from] move: Hypnosis\n|cant|p2a: Quaquaval|slp\n|\n|upkeep\n|turn|2\n|\n|t:|1776049507\n|cant|p2a: Quaquaval|slp\n|move|p1a: Gengar|Hex|p2a: Quaquaval\n|-immune|p2a: Quaquaval\n|\n|upkeep\n|turn|3\n|\n|t:|1776049514\n|move|p1a: Gengar|Sludge Bomb|p2a: Quaquaval\n|-resisted|p2a: Quaquaval|1\n|-damage|p2a: Quaquaval|53/100 slp\n|replace|p2a: Zoroark|Zoroark-Hisui, L50, F\n|-end|p2a: Zoroark|Illusion\n|-curestatus|p2a: Zoroark|slp|[msg]\n|move|p2a: Zoroark|Shadow Ball|p1a: Gengar\n|-supereffective|p1a: Gengar|1\n|-enditem|p1a: Gengar|Focus Sash\n|-damage|p1a: Gengar|1/100\n|-start|p2a: Zoroark|Disable|Shadow Ball|[from] ability: Cursed Body|[of] p1a: Gengar\n|\n|upkeep\n|turn|4\n|\n|t:|1776049525\n|switch|p1a: Toucannon|Toucannon, L50, F|100/100\n|move|p2a: Zoroark|Flamethrower|p1a: Toucannon\n|-damage|p1a: Toucannon|58/100\n|\n|upkeep\n|turn|5\n|\n|t:|1776049534\n|move|p2a: Zoroark|Nasty Plot|p2a: Zoroark\n|-boost|p2a: Zoroark|spa|2\n|move|p1a: Toucannon|Flame Charge|p2a: Zoroark\n|-damage|p2a: Zoroark|17/100\n|-boost|p1a: Toucannon|spe|1\n|\n|upkeep\n|turn|6\n|\n|t:|1776049542\n|move|p1a: Toucannon|Flame Charge|p2a: Zoroark\n|-damage|p2a: Zoroark|0 fnt\n|-boost|p1a: Toucannon|spe|1\n|faint|p2a: Zoroark\n|\n|upkeep\n|\n|t:|1776049545\n|switch|p2a: Quaquaval|Quaquaval, L50, M|100/100\n|turn|7\n|\n|t:|1776049549\n|move|p1a: Toucannon|Bullet Seed|p2a: Quaquaval\n|-supereffective|p2a: Quaquaval|1\n|-damage|p2a: Quaquaval|78/100\n|-supereffective|p2a: Quaquaval|1\n|-damage|p2a: Quaquaval|55/100\n|-supereffective|p2a: Quaquaval|1\n|-damage|p2a: Quaquaval|34/100\n|-supereffective|p2a: Quaquaval|1\n|-damage|p2a: Quaquaval|13/100\n|-supereffective|p2a: Quaquaval|1\n|-damage|p2a: Quaquaval|0 fnt\n|faint|p2a: Quaquaval\n|-hitcount|p2: Quaquaval|5\n|\n|upkeep\n|\n|t:|1776049552\n|switch|p2a: Delphox|Delphox, L50, F|100/100\n|turn|8\n|\n|t:|1776049561\n|detailschange|p2a: Delphox|Delphox-Mega, L50, F\n|-mega|p2a: Delphox|Delphox|Delphoxite\n|move|p1a: Toucannon|Rock Blast|p2a: Delphox\n|-supereffective|p2a: Delphox|1\n|-damage|p2a: Delphox|75/100\n|-supereffective|p2a: Delphox|1\n|-damage|p2a: Delphox|49/100\n|-supereffective|p2a: Delphox|1\n|-damage|p2a: Delphox|23/100\n|-supereffective|p2a: Delphox|1\n|-damage|p2a: Delphox|0 fnt\n|faint|p2a: Delphox\n|-hitcount|p2: Delphox|4\n|\n|win|jamel1\n|raw|jamel1's rating: 1039 &rarr; <strong>1069</strong><br />(+30 for winning)\n|raw|Leeto64's rating: 1000 &rarr; <strong>1000</strong><br />(+0 for losing)\n|l|\u2606jamel1\n|player|p1|\n",
  "uploadtime": 1776049745,
  "views": 13,
  "formatid": "gen9championsbssregma",
  "rating": 1000,
  "private": 0,
  "password": null
}