{
  "id": "gen9championsbssregma-2583309490",
  "format": "[Gen 9 Champions] BSS Reg M-A",
  "players": [
    "paisar",
    "kyotoyoko"
  ],
  "log": "|j|\u2606paisar\n|j|\u2606kyotoyoko\n|t:|1776165579\n|gametype|singles\n|player|p1|paisar|266|1171\n|player|p2|kyotoyoko|caitlin|1248\n|gen|9\n|tier|[Gen 9 Champions] BSS Reg M-A\n|rated|\n|rule|Species Clause: Limit one of each Pok\u00e9mon\n|rule|Item Clause: Limit 1 of each item\n|clearpoke\n|poke|p1|Gardevoir, L50, F|\n|poke|p1|Scizor, L50, M|\n|poke|p1|Primarina, L50, M|\n|poke|p1|Ceruledge, L50, F|\n|poke|p1|Archaludon, L50, F|\n|poke|p1|Garchomp, L50, M|\n|poke|p2|Hippowdon, L50, F|\n|poke|p2|Charizard, L50, F|\n|poke|p2|Corviknight, L50, F|\n|poke|p2|Primarina, L50, F|\n|poke|p2|Gengar, L50, F|\n|poke|p2|Mimikyu, L50, F|\n|teampreview|3\n|j| Macelo-12\n|inactive|Battle timer is ON: inactive players will automatically lose when time's up. (requested by kyotoyoko)\n|\n|t:|1776165629\n|teamsize|p1|3\n|teamsize|p2|3\n|start\n|switch|p1a: Archaludon|Archaludon, L50, F|100/100\n|switch|p2a: Gengar|Gengar, L50, F, shiny|100/100\n|turn|1\n|\n|t:|1776165640\n|detailschange|p2a: Gengar|Gengar-Mega, L50, F, shiny\n|-mega|p2a: Gengar|Gengar|Gengarite\n|move|p2a: Gengar|Focus Blast|p1a: Archaludon\n|-supereffective|p1a: Archaludon|1\n|-damage|p1a: Archaludon|0 fnt\n|faint|p1a: Archaludon\n|\n|upkeep\n|\n|t:|1776165647\n|switch|p1a: Scizor|Scizor, L50, M|100/100\n|turn|2\n|\n|t:|1776165655\n|switch|p2a: Hippowdon|Hippowdon, L50, F|100/100\n|-weather|Sandstorm|[from] ability: Sand Stream|[of] p2a: Hippowdon\n|detailschange|p1a: Scizor|Scizor-Mega, L50, M\n|-mega|p1a: Scizor|Scizor|Scizorite\n|move|p1a: Scizor|Swords Dance|p1a: Scizor\n|-boost|p1a: Scizor|atk|2\n|\n|-weather|Sandstorm|[upkeep]\n|upkeep\n|turn|3\n|\n|t:|1776165663\n|move|p1a: Scizor|Close Combat|p2a: Hippowdon\n|-damage|p2a: Hippowdon|47/100\n|-unboost|p1a: Scizor|def|1\n|-unboost|p1a: Scizor|spd|1\n|-enditem|p2a: Hippowdon|Sitrus Berry|[eat]\n|-heal|p2a: Hippowdon|72/100|[from] item: Sitrus Berry\n|move|p2a: Hippowdon|Yawn|p1a: Scizor\n|-start|p1a: Scizor|move: Yawn|[of] p2a: Hippowdon\n|\n|-weather|Sandstorm|[upkeep]\n|upkeep\n|turn|4\n|j| p74\n|\n|t:|1776165680\n|switch|p1a: Primarina|Primarina, L50, M, shiny|100/100\n|move|p2a: Hippowdon|Stealth Rock|p1a: Primarina\n|-sidestart|p1: paisar|move: Stealth Rock\n|\n|-weather|Sandstorm|[upkeep]\n|-damage|p1a: Primarina|95/100|[from] Sandstorm\n|-heal|p1a: Primarina|100/100|[from] item: Leftovers\n|upkeep\n|turn|5\n|\n|t:|1776165692\n|switch|p1a: Scizor|Scizor-Mega, L50, M|100/100\n|-damage|p1a: Scizor|88/100|[from] Stealth Rock\n|switch|p2a: Primarina|Primarina, L50, F|100/100\n|\n|-weather|Sandstorm|[upkeep]\n|-damage|p2a: Primarina|95/100|[from] Sandstorm\n|upkeep\n|turn|6\n|\n|t:|1776165702\n|move|p1a: Scizor|Swords Dance|p1a: Scizor\n|-boost|p1a: Scizor|atk|2\n|move|p2a: Primarina|Sparkling Aria|p1a: Scizor\n|-damage|p1a: Scizor|40/100\n|\n|-weather|none\n|upkeep\n|turn|7\n|\n|t:|1776165710\n|move|p1a: Scizor|Roost|p1a: Scizor\n|-heal|p1a: Scizor|90/100\n|-singleturn|p1a: Scizor|move: Roost\n|move|p2a: Primarina|Sparkling Aria|p1a: Scizor\n|-damage|p1a: Scizor|41/100\n|\n|upkeep\n|turn|8\n|\n|t:|1776165719\n|move|p1a: Scizor|Bullet Punch|p2a: Primarina\n|-damage|p2a: Primarina|18/100\n|move|p2a: Primarina|Sparkling Aria|p1a: Scizor\n|-damage|p1a: Scizor|0 fnt\n|faint|p1a: Scizor\n|\n|upkeep\n|\n|t:|1776165723\n|switch|p1a: Primarina|Primarina, L50, M, shiny|100/100\n|-damage|p1a: Primarina|88/100|[from] Stealth Rock\n|turn|9\n|\n|t:|1776165728\n|move|p2a: Primarina|Energy Ball|p1a: Primarina\n|-supereffective|p1a: Primarina|1\n|-damage|p1a: Primarina|40/100\n|move|p1a: Primarina|Energy Ball|p2a: Primarina\n|-supereffective|p2a: Primarina|1\n|-damage|p2a: Primarina|0 fnt\n|faint|p2a: Primarina\n|\n|-heal|p1a: Primarina|46/100|[from] item: Leftovers\n|upkeep\n|\n|t:|1776165734\n|switch|p2a: Gengar|Gengar-Mega, L50, F, shiny|100/100\n|turn|10\n|\n|t:|1776165740\n|move|p2a: Gengar|Sludge Wave|p1a: Primarina\n|-supereffective|p1a: Primarina|1\n|-damage|p1a: Primarina|0 fnt\n|faint|p1a: Primarina\n|\n|win|kyotoyoko\n|raw|paisar's rating: 1171 &rarr; <strong>1151</strong><br />(-20 for losing)\n|raw|kyotoyoko's rating: 1248 &rarr; <strong>1268</strong><br />(+20 for winning)\n|l|\u2606paisar\n|player|p1|\n|l|\u2606kyotoyoko\n|player|p2|\n",
  "uploadtime": 1776165766,
  "views": 2,
  "formatid": "gen9championsbssregma",
  "rating": 1151,
  "private": 0,
  "password": null
}