{
  "id": "gen9championsbssregma-2582921122",
  "format": "[Gen 9 Champions] BSS Reg M-A",
  "players": [
    "rbm5942",
    "mist"
  ],
  "log": "|j|\u2606rbm5942\n|j|\u2606mist\n|inactive|Battle timer is ON: inactive players will automatically lose when time's up.\n|t:|1776125147\n|gametype|singles\n|player|p1|rbm5942|2|\n|player|p2|mist|miku-ghost|\n|gen|9\n|tier|[Gen 9 Champions] BSS Reg M-A\n|rated|Tournament battle\n|rule|Species Clause: Limit one of each Pok\u00e9mon\n|rule|Item Clause: Limit 1 of each item\n|clearpoke\n|poke|p1|Sneasler, L50, M|\n|poke|p1|Gengar, L50, F|\n|poke|p1|Corviknight, L50, M|\n|poke|p1|Primarina, L50, F|\n|poke|p1|Hippowdon, L50, F|\n|poke|p1|Hydreigon, L50, F|\n|poke|p2|Espathra, L50, F|\n|poke|p2|Vaporeon, L50, F|\n|poke|p2|Floette-Eternal, L50, F|\n|poke|p2|Starmie, L50|\n|poke|p2|Clefable, L50, F|\n|teampreview|3\n|inactive|mist also wants the timer to be on.\n|j| kiriegl00m\n|c|\u2606mist|hf\n|j| Swagataka\n|c|\u2606rbm5942|5 demons\n|c|\u2606rbm5942|could've at least slapped on a like 6th LC mon\n|c|\u2606mist|there are no lc mons\n|inactive|rbm5942 has 60 seconds left.\n|c|\u2606mist|in this gmae\n|c|\u2606mist|game\n|j| TzelYT\n|j| Bubba4gaming\n|\n|t:|1776125198\n|teamsize|p1|3\n|teamsize|p2|3\n|start\n|switch|p1a: Sneasler|Sneasler, L50, M|100/100\n|switch|p2a: Starmie|Starmie, L50|100/100\n|turn|1\n|c|\u2606rbm5942|oh\n|c|\u2606rbm5942|trueZ\n|\n|t:|1776125210\n|move|p1a: Sneasler|Fake Out|p2a: Starmie\n|-damage|p2a: Starmie|82/100\n|cant|p2a: Starmie|flinch\n|\n|upkeep\n|turn|2\n|\n|t:|1776125219\n|move|p1a: Sneasler|Dire Claw|p2a: Starmie\n|-damage|p2a: Starmie|27/100\n|-status|p2a: Starmie|slp\n|cant|p2a: Starmie|slp\n|\n|upkeep\n|turn|3\n|c|\u2606rbm5942|w\n|c|\u2606mist|joever\n|\n|t:|1776125228\n|move|p1a: Sneasler|Throat Chop|p2a: Starmie\n|-supereffective|p2a: Starmie|1\n|-damage|p2a: Starmie|0 fnt\n|faint|p2a: Starmie\n|\n|upkeep\n|\n|t:|1776125231\n|switch|p2a: Espathra|Espathra, L50, F|100/100\n|turn|4\n|\n|t:|1776125236\n|switch|p1a: Hippowdon|Hippowdon, L50, F|100/100\n|-weather|Sandstorm|[from] ability: Sand Stream|[of] p1a: Hippowdon\n|move|p2a: Espathra|Protect||[still]\n|-fail|p2a: Espathra\n|\n|-weather|Sandstorm|[upkeep]\n|-damage|p2a: Espathra|95/100|[from] Sandstorm\n|-ability|p2a: Espathra|Speed Boost|boost\n|-boost|p2a: Espathra|spe|1\n|upkeep\n|turn|5\n|\n|t:|1776125240\n|move|p2a: Espathra|Substitute|p2a: Espathra\n|-start|p2a: Espathra|Substitute\n|-damage|p2a: Espathra|70/100\n|move|p1a: Hippowdon|Whirlwind|p2a: Espathra\n|drag|p2a: Floette|Floette-Eternal, L50, F|100/100\n|\n|-weather|Sandstorm|[upkeep]\n|-damage|p2a: Floette|94/100|[from] Sandstorm\n|upkeep\n|turn|6\n|c|\u2606mist|aw.\n|\n|t:|1776125249\n|detailschange|p2a: Floette|Floette-Mega, L50, F\n|-mega|p2a: Floette|Floette|Floettite\n|-ability|p2a: Floette|Fairy Aura\n|move|p2a: Floette|Moonblast|p1a: Hippowdon\n|-damage|p1a: Hippowdon|32/100\n|move|p1a: Hippowdon|Earthquake|p2a: Floette\n|-damage|p2a: Floette|62/100\n|\n|-weather|Sandstorm|[upkeep]\n|-damage|p2a: Floette|56/100|[from] Sandstorm\n|upkeep\n|turn|7\n|c|\u2606rbm5942|naur\n|j| DJPlace\n|\n|t:|1776125263\n|move|p2a: Floette|Moonblast|p1a: Hippowdon\n|-damage|p1a: Hippowdon|0 fnt\n|faint|p1a: Hippowdon\n|\n|-weather|Sandstorm|[upkeep]\n|-damage|p2a: Floette|50/100|[from] Sandstorm\n|upkeep\n|c|\u2606mist|that was really mean.\n|\n|t:|1776125267\n|switch|p1a: Sneasler|Sneasler, L50, M|100/100\n|turn|8\n|c|\u2606rbm5942|bro i js realized\n|c|\u2606rbm5942|i got sash + sand\n|c|\u2606rbm5942|the anti synergy is crazy\n|\n|t:|1776125291\n|switch|p2a: Espathra|Espathra, L50, F|70/100\n|move|p1a: Sneasler|Dire Claw|p2a: Espathra\n|-damage|p2a: Espathra|19/100\n|\n|-weather|none\n|upkeep\n|turn|9\n|\n|t:|1776125294\n|move|p2a: Espathra|Protect|p2a: Espathra\n|-singleturn|p2a: Espathra|Protect\n|move|p1a: Sneasler|Dire Claw|p2a: Espathra\n|-activate|p2a: Espathra|move: Protect\n|\n|-ability|p2a: Espathra|Speed Boost|boost\n|-boost|p2a: Espathra|spe|1\n|upkeep\n|turn|10\n|\n|t:|1776125302\n|move|p2a: Espathra|Baton Pass|p2a: Espathra\n|\n|t:|1776125303\n|switch|p2a: Floette|Floette-Mega, L50, F|50/100|[from] Baton Pass\n|-ability|p2a: Floette|Fairy Aura\n|move|p1a: Sneasler|Dire Claw|p2a: Floette\n|-supereffective|p2a: Floette|1\n|-damage|p2a: Floette|0 fnt\n|faint|p2a: Floette\n|\n|upkeep\n|j| coach_rogue\n|c|\u2606mist|NOOOOOOOOOO\n|\n|t:|1776125308\n|switch|p2a: Espathra|Espathra, L50, F|19/100\n|turn|11\n|c|\u2606rbm5942|gg\n|\n|t:|1776125315\n|move|p1a: Sneasler|Dire Claw|p2a: Espathra\n|-damage|p2a: Espathra|0 fnt\n|faint|p2a: Espathra\n|\n|win|rbm5942\n|n|\u2606rbm5942|rbm5942\n|n|\u2606mist|mist\n|n| kiriegl00m|kiriegl00m\n|n| Swagataka|swagataka\n|n| TzelYT|tzelyt\n|n| Bubba4gaming|bubba4gaming\n|n| DJPlace|djplace\n|n| coach_rogue|coachrogue\n",
  "uploadtime": 1776125315,
  "views": 7,
  "formatid": "gen9championsbssregma",
  "rating": null,
  "private": 0,
  "password": null
}