{
  "id": "gen9championsbssregma-2587969316",
  "format": "[Gen 9 Champions] BSS Reg M-A",
  "players": [
    "yoursodapop",
    "SmallGun"
  ],
  "log": "|j|\u2606yoursodapop\n|j|\u2606SmallGun\n|t:|1776586467\n|gametype|singles\n|player|p1|yoursodapop|dawn|1279\n|player|p2|SmallGun|265|1261\n|gen|9\n|tier|[Gen 9 Champions] BSS Reg M-A\n|rated|\n|rule|Species Clause: Limit one of each Pok\u00e9mon\n|rule|Item Clause: Limit 1 of each item\n|clearpoke\n|poke|p1|Delphox, L50, M|\n|poke|p1|Primarina, L50, F|\n|poke|p1|Rotom-Wash, L50|\n|poke|p1|Kleavor, L50, F|\n|poke|p1|Garchomp, L50, F|\n|poke|p1|Kingambit, L50, M|\n|poke|p2|Charizard, L50, F, shiny|\n|poke|p2|Chimecho, L50, F|\n|poke|p2|Primarina, L50, F|\n|poke|p2|Kingambit, L50, F|\n|poke|p2|Garchomp, L50, M|\n|poke|p2|Basculegion, L50, M|\n|teampreview|3\n|inactive|Battle timer is ON: inactive players will automatically lose when time's up. (requested by yoursodapop)\n|\n|t:|1776586500\n|teamsize|p1|3\n|teamsize|p2|3\n|start\n|switch|p1a: \ud55c\uce74\ub9ac\uc544\uc2a4|Garchomp, L50, F|100/100\n|switch|p2a: Basculegion|Basculegion, L50, M|100/100\n|turn|1\n|\n|t:|1776586506\n|move|p2a: Basculegion|Flip Turn|p1a: \ud55c\uce74\ub9ac\uc544\uc2a4\n|-damage|p1a: \ud55c\uce74\ub9ac\uc544\uc2a4|65/100\n|-damage|p2a: Basculegion|88/100|[from] ability: Rough Skin|[of] p1a: \ud55c\uce74\ub9ac\uc544\uc2a4\n|\n|t:|1776586507\n|switch|p2a: Chimecho|Chimecho, L50, F|100/100|[from] Flip Turn\n|move|p1a: \ud55c\uce74\ub9ac\uc544\uc2a4|Outrage|p2a: Chimecho\n|-damage|p2a: Chimecho|34/100\n|\n|upkeep\n|turn|2\n|\n|t:|1776586512\n|detailschange|p2a: Chimecho|Chimecho-Mega, L50, F\n|-mega|p2a: Chimecho|Chimecho|Chimechite\n|move|p1a: \ud55c\uce74\ub9ac\uc544\uc2a4|Outrage|p2a: Chimecho|[from] lockedmove\n|-resisted|p2a: Chimecho|1\n|-damage|p2a: Chimecho|4/100\n|-start|p1a: \ud55c\uce74\ub9ac\uc544\uc2a4|confusion|[fatigue]\n|move|p2a: Chimecho|Trick Room|p2a: Chimecho\n|-fieldstart|move: Trick Room|[of] p2a: Chimecho\n|\n|upkeep\n|turn|3\n|\n|t:|1776586518\n|move|p2a: Chimecho|Psychic|p1a: \ud55c\uce74\ub9ac\uc544\uc2a4\n|-damage|p1a: \ud55c\uce74\ub9ac\uc544\uc2a4|9/100\n|-activate|p1a: \ud55c\uce74\ub9ac\uc544\uc2a4|confusion\n|move|p1a: \ud55c\uce74\ub9ac\uc544\uc2a4|Rock Tomb|p2a: Chimecho\n|-resisted|p2a: Chimecho|1\n|-damage|p2a: Chimecho|0 fnt\n|faint|p2a: Chimecho\n|\n|upkeep\n|\n|t:|1776586521\n|switch|p2a: Primarina|Primarina, L50, F|100/100\n|turn|4\n|\n|t:|1776586524\n|move|p2a: Primarina|Moonblast|p1a: \ud55c\uce74\ub9ac\uc544\uc2a4\n|-supereffective|p1a: \ud55c\uce74\ub9ac\uc544\uc2a4|1\n|-damage|p1a: \ud55c\uce74\ub9ac\uc544\uc2a4|0 fnt\n|faint|p1a: \ud55c\uce74\ub9ac\uc544\uc2a4\n|\n|upkeep\n|\n|t:|1776586526\n|switch|p1a: \ub85c\ud1a0\ubb34|Rotom-Wash, L50|100/100\n|turn|5\n|\n|t:|1776586529\n|move|p2a: Primarina|Moonblast|p1a: \ub85c\ud1a0\ubb34\n|-damage|p1a: \ub85c\ud1a0\ubb34|53/100\n|move|p1a: \ub85c\ud1a0\ubb34|Thunderbolt|p2a: Primarina\n|-supereffective|p2a: Primarina|1\n|-crit|p2a: Primarina\n|-damage|p2a: Primarina|14/100\n|-enditem|p2a: Primarina|Sitrus Berry|[eat]\n|-heal|p2a: Primarina|38/100|[from] item: Sitrus Berry\n|\n|upkeep\n|turn|6\n|\n|t:|1776586535\n|move|p2a: Primarina|Moonblast|p1a: \ub85c\ud1a0\ubb34\n|-damage|p1a: \ub85c\ud1a0\ubb34|4/100\n|-enditem|p1a: \ub85c\ud1a0\ubb34|Sitrus Berry|[eat]\n|-heal|p1a: \ub85c\ud1a0\ubb34|29/100|[from] item: Sitrus Berry\n|move|p1a: \ub85c\ud1a0\ubb34|Thunderbolt|p2a: Primarina\n|-supereffective|p2a: Primarina|1\n|-damage|p2a: Primarina|0 fnt\n|faint|p2a: Primarina\n|\n|-fieldend|move: Trick Room\n|upkeep\n|\n|t:|1776586541\n|switch|p2a: Basculegion|Basculegion, L50, M|88/100\n|turn|7\n|\n|t:|1776586544\n|move|p2a: Basculegion|Last Respects|p1a: \ub85c\ud1a0\ubb34\n|-damage|p1a: \ub85c\ud1a0\ubb34|0 fnt\n|faint|p1a: \ub85c\ud1a0\ubb34\n|\n|upkeep\n|\n|t:|1776586545\n|switch|p1a: \uc0ac\ub9c8\uc790\ub974|Kleavor, L50, F|100/100\n|turn|8\n|\n|t:|1776586548\n|move|p2a: Basculegion|Last Respects|p1a: \uc0ac\ub9c8\uc790\ub974\n|-damage|p1a: \uc0ac\ub9c8\uc790\ub974|0 fnt\n|faint|p1a: \uc0ac\ub9c8\uc790\ub974\n|\n|win|SmallGun\n|raw|yoursodapop's rating: 1279 &rarr; <strong>1253</strong><br />(-26 for losing)\n|raw|SmallGun's rating: 1261 &rarr; <strong>1287</strong><br />(+26 for winning)\n|l|\u2606yoursodapop\n|player|p1|\n|l|\u2606SmallGun\n|player|p2|\n",
  "uploadtime": 1776586565,
  "views": 4,
  "formatid": "gen9championsbssregma",
  "rating": 1253,
  "private": 0,
  "password": null
}