{
  "id": "gen9championsbssregma-2586153749",
  "format": "[Gen 9 Champions] BSS Reg M-A",
  "players": [
    "isaacmora22",
    "Nightmarish_Chaos1"
  ],
  "log": "|j|\u2606isaacmora22\n|j|\u2606Nightmarish_Chaos1\n|t:|1776405826\n|gametype|singles\n|player|p1|isaacmora22|hilbert|1074\n|player|p2|Nightmarish_Chaos1|fisherman-gen4|1000\n|gen|9\n|tier|[Gen 9 Champions] BSS Reg M-A\n|rated|\n|rule|Species Clause: Limit one of each Pok\u00e9mon\n|rule|Item Clause: Limit 1 of each item\n|clearpoke\n|poke|p1|Flareon, L50, M|\n|poke|p1|Dragonite, L50, M|\n|poke|p1|Luxray, L50, M|\n|poke|p1|Clawitzer, L50, M|\n|poke|p1|Sableye, L50, M|\n|poke|p1|Archaludon, L50, F|\n|poke|p2|Froslass, L50, F|\n|poke|p2|Aerodactyl, L50, M|\n|poke|p2|Garchomp, L50, F|\n|poke|p2|Charizard, L50, M|\n|poke|p2|Basculegion-F, L50, F|\n|poke|p2|Pelipper, L50, M|\n|teampreview|3\n|\n|t:|1776405848\n|teamsize|p1|3\n|teamsize|p2|3\n|start\n|switch|p1a: Camden|Flareon, L50, M|100/100\n|switch|p2a: Froslass|Froslass, L50, F|100/100\n|turn|1\n|\n|t:|1776405859\n|switch|p2a: Garchomp|Garchomp, L50, F|100/100\n|move|p1a: Camden|Flamethrower|p2a: Garchomp\n|-resisted|p2a: Garchomp|1\n|-damage|p2a: Garchomp|86/100\n|\n|upkeep\n|turn|2\n|\n|t:|1776405867\n|switch|p1a: Migo|Dragonite, L50, M|100/100\n|move|p2a: Garchomp|Swords Dance|p2a: Garchomp\n|-boost|p2a: Garchomp|atk|2\n|\n|upkeep\n|turn|3\n|\n|t:|1776405893\n|detailschange|p1a: Migo|Dragonite-Mega, L50, M\n|-mega|p1a: Migo|Dragonite|Dragoninite\n|move|p1a: Migo|Ice Beam|p2a: Garchomp\n|-supereffective|p2a: Garchomp|2\n|-damage|p2a: Garchomp|0 fnt\n|faint|p2a: Garchomp\n|\n|upkeep\n|\n|t:|1776405900\n|switch|p2a: Aerodactyl|Aerodactyl, L50, M|100/100\n|turn|4\n|\n|t:|1776405905\n|move|p2a: Aerodactyl|Tailwind|p2a: Aerodactyl\n|-sidestart|p2: Nightmarish_Chaos1|move: Tailwind\n|move|p1a: Migo|Ice Beam|p2a: Aerodactyl\n|-supereffective|p2a: Aerodactyl|1\n|-damage|p2a: Aerodactyl|15/100\n|\n|-heal|p2a: Aerodactyl|21/100|[from] item: Leftovers\n|upkeep\n|turn|5\n|\n|t:|1776405915\n|move|p2a: Aerodactyl|Dual Wingbeat|p1a: Migo\n|-damage|p1a: Migo|92/100\n|-damage|p1a: Migo|75/100\n|-hitcount|p1a: Migo|2\n|move|p1a: Migo|Ice Beam|p2a: Aerodactyl\n|-supereffective|p2a: Aerodactyl|1\n|-damage|p2a: Aerodactyl|0 fnt\n|faint|p2a: Aerodactyl\n|\n|upkeep\n|\n|t:|1776405923\n|switch|p2a: Froslass|Froslass, L50, F|100/100\n|turn|6\n|\n|t:|1776405928\n|detailschange|p2a: Froslass|Froslass-Mega, L50, F\n|-mega|p2a: Froslass|Froslass|Froslassite\n|-weather|Snowscape|[from] ability: Snow Warning|[of] p2a: Froslass\n|move|p2a: Froslass|Aurora Veil|p2a: Froslass\n|-sidestart|p2: Nightmarish_Chaos1|move: Aurora Veil\n|move|p1a: Migo|Flamethrower|p2a: Froslass\n|-supereffective|p2a: Froslass|1\n|-damage|p2a: Froslass|66/100\n|-status|p2a: Froslass|brn\n|\n|-weather|Snowscape|[upkeep]\n|-damage|p2a: Froslass|60/100 brn|[from] brn\n|upkeep\n|turn|7\n|\n|t:|1776405943\n|move|p2a: Froslass|Blizzard|p1a: Migo\n|-supereffective|p1a: Migo|2\n|-damage|p1a: Migo|0 fnt\n|faint|p1a: Migo\n|\n|-weather|Snowscape|[upkeep]\n|-damage|p2a: Froslass|54/100 brn|[from] brn\n|-sideend|p2: Nightmarish_Chaos1|move: Tailwind\n|upkeep\n|\n|t:|1776405951\n|switch|p1a: Camden|Flareon, L50, M|100/100\n|turn|8\n|\n|t:|1776405960\n|move|p2a: Froslass|Blizzard|p1a: Camden\n|-resisted|p1a: Camden|1\n|-damage|p1a: Camden|69/100\n|move|p1a: Camden|Flare Blitz|p2a: Froslass\n|-supereffective|p2a: Froslass|1\n|-damage|p2a: Froslass|0 fnt\n|faint|p2a: Froslass\n|-damage|p1a: Camden|55/100|[from] Recoil\n|\n|win|isaacmora22\n|raw|isaacmora22's rating: 1074 &rarr; <strong>1097</strong><br />(+23 for winning)\n|raw|Nightmarish_Chaos1's rating: 1000 &rarr; <strong>1000</strong><br />(+0 for losing)\n|l|\u2606Nightmarish_Chaos1\n|player|p2|\n",
  "uploadtime": 1776405972,
  "views": 4,
  "formatid": "gen9championsbssregma",
  "rating": 1000,
  "private": 0,
  "password": null
}