{
  "id": "gen9championsbssregma-2585127361",
  "format": "[Gen 9 Champions] BSS Reg M-A",
  "players": [
    "gorilnx",
    "chessboxer316"
  ],
  "log": "|j|\u2606gorilnx\n|j|\u2606chessboxer316\n|t:|1776314995\n|gametype|singles\n|player|p1|gorilnx|dawn-gen4pt|1188\n|player|p2|chessboxer316|hilbert|1351\n|gen|9\n|tier|[Gen 9 Champions] BSS Reg M-A\n|rated|\n|rule|Species Clause: Limit one of each Pok\u00e9mon\n|rule|Item Clause: Limit 1 of each item\n|clearpoke\n|poke|p1|Delphox, L50, F|\n|poke|p1|Lopunny, L50, F|\n|poke|p1|Corviknight, L50, M|\n|poke|p1|Primarina, L50, F|\n|poke|p1|Garchomp, L50, M|\n|poke|p1|Rotom-Heat, L50|\n|poke|p2|Gyarados, L50, F|\n|poke|p2|Primarina, L50, F|\n|poke|p2|Venusaur, L50, F|\n|poke|p2|Garchomp, L50, F|\n|poke|p2|Infernape, L50, F|\n|poke|p2|Aegislash, L50, M|\n|teampreview|3\n|inactive|Battle timer is ON: inactive players will automatically lose when time's up. (requested by chessboxer316)\n|inactive|gorilnx has 60 seconds left.\n|inactive|chessboxer316 has 60 seconds left.\n|\n|t:|1776315032\n|teamsize|p1|3\n|teamsize|p2|3\n|start\n|switch|p1a: Lopunny|Lopunny, L50, F|100/100\n|switch|p2a: Gyarados|Gyarados, L50, F|100/100\n|-ability|p2a: Gyarados|Intimidate|boost\n|-unboost|p1a: Lopunny|atk|1\n|turn|1\n|\n|t:|1776315042\n|detailschange|p1a: Lopunny|Lopunny-Mega, L50, F\n|-mega|p1a: Lopunny|Lopunny|Lopunnite\n|move|p1a: Lopunny|Fake Out|p2a: Gyarados\n|-damage|p2a: Gyarados|87/100\n|cant|p2a: Gyarados|flinch\n|\n|upkeep\n|turn|2\n|\n|t:|1776315050\n|move|p1a: Lopunny|U-turn|p2a: Gyarados\n|-resisted|p2a: Gyarados|1\n|-crit|p2a: Gyarados\n|-damage|p2a: Gyarados|66/100\n|\n|t:|1776315053\n|switch|p1a: Corviknight|Corviknight, L50, M|100/100|[from] U-turn\n|-ability|p1a: Corviknight|Pressure\n|move|p2a: Gyarados|Dragon Dance|p2a: Gyarados\n|-boost|p2a: Gyarados|atk|1\n|-boost|p2a: Gyarados|spe|1\n|\n|upkeep\n|turn|3\n|\n|t:|1776315068\n|move|p2a: Gyarados|Taunt|p1a: Corviknight\n|-start|p1a: Corviknight|move: Taunt\n|move|p1a: Corviknight|U-turn|p2a: Gyarados\n|-resisted|p2a: Gyarados|1\n|-crit|p2a: Gyarados\n|-damage|p2a: Gyarados|55/100\n|\n|t:|1776315078\n|switch|p1a: Rotom|Rotom-Heat, L50|100/100|[from] U-turn\n|\n|upkeep\n|turn|4\n|\n|t:|1776315085\n|detailschange|p2a: Gyarados|Gyarados-Mega, L50, F\n|-mega|p2a: Gyarados|Gyarados|Gyaradosite\n|-ability|p2a: Gyarados|Mold Breaker\n|move|p1a: Rotom|Will-O-Wisp|p2a: Gyarados\n|-status|p2a: Gyarados|brn\n|move|p2a: Gyarados|Earthquake|p1a: Rotom\n|-supereffective|p1a: Rotom|2\n|-damage|p1a: Rotom|0 fnt\n|faint|p1a: Rotom\n|\n|-damage|p2a: Gyarados|49/100 brn|[from] brn\n|upkeep\n|\n|t:|1776315096\n|switch|p1a: Corviknight|Corviknight, L50, M|100/100\n|-ability|p1a: Corviknight|Pressure\n|turn|5\n|\n|t:|1776315105\n|move|p2a: Gyarados|Taunt|p1a: Corviknight\n|-start|p1a: Corviknight|move: Taunt\n|move|p1a: Corviknight|U-turn|p2a: Gyarados\n|-supereffective|p2a: Gyarados|1\n|-damage|p2a: Gyarados|26/100 brn\n|\n|t:|1776315107\n|switch|p1a: Lopunny|Lopunny-Mega, L50, F|100/100|[from] U-turn\n|\n|-damage|p2a: Gyarados|20/100 brn|[from] brn\n|upkeep\n|turn|6\n|\n|t:|1776315116\n|move|p1a: Lopunny|Fake Out|p2a: Gyarados\n|-damage|p2a: Gyarados|3/100 brn\n|cant|p2a: Gyarados|flinch\n|\n|-damage|p2a: Gyarados|0 fnt|[from] brn\n|faint|p2a: Gyarados\n|upkeep\n|\n|t:|1776315123\n|switch|p2a: Garchomp|Garchomp, L50, F|100/100\n|turn|7\n|\n|t:|1776315133\n|switch|p1a: Corviknight|Corviknight, L50, M|100/100\n|-ability|p1a: Corviknight|Pressure\n|move|p2a: Garchomp|Rock Tomb|p1a: Corviknight\n|-damage|p1a: Corviknight|87/100\n|-unboost|p1a: Corviknight|spe|1\n|\n|-heal|p1a: Corviknight|93/100|[from] item: Leftovers\n|upkeep\n|turn|8\n|\n|t:|1776315144\n|switch|p2a: Infernape|Infernape, L50, F|100/100\n|move|p1a: Corviknight|Iron Defense|p1a: Corviknight\n|-boost|p1a: Corviknight|def|2\n|\n|-heal|p1a: Corviknight|99/100|[from] item: Leftovers\n|upkeep\n|turn|9\n|-message|chessboxer316 forfeited.\n|\n|win|gorilnx\n|raw|gorilnx's rating: 1188 &rarr; <strong>1224</strong><br />(+36 for winning)\n|raw|chessboxer316's rating: 1351 &rarr; <strong>1322</strong><br />(-29 for losing)\n|l|\u2606chessboxer316\n|player|p2|\n",
  "uploadtime": 1776315157,
  "views": 4,
  "formatid": "gen9championsbssregma",
  "rating": 1224,
  "private": 0,
  "password": null
}