{
  "id": "gen9championsbssregma-2582941719",
  "format": "[Gen 9 Champions] BSS Reg M-A",
  "players": [
    "phifth",
    "Texyorange"
  ],
  "log": "|j|\u2606phifth\n|j|\u2606Texyorange\n|t:|1776126996\n|gametype|singles\n|player|p1|phifth|rosa|1100\n|player|p2|Texyorange|psychicf|1038\n|gen|9\n|tier|[Gen 9 Champions] BSS Reg M-A\n|rated|\n|rule|Species Clause: Limit one of each Pok\u00e9mon\n|rule|Item Clause: Limit 1 of each item\n|clearpoke\n|poke|p1|Gliscor, L50, F|\n|poke|p1|Tyranitar, L50, M|\n|poke|p1|Meganium, L50, F|\n|poke|p1|Archaludon, L50, F|\n|poke|p1|Excadrill, L50, M|\n|poke|p1|Glimmora, L50, F|\n|poke|p2|Rotom-Wash, L50|\n|poke|p2|Pelipper, L50, F|\n|poke|p2|Tyranitar, L50, F|\n|poke|p2|Snorlax, L50, F|\n|poke|p2|Reuniclus, L50, F|\n|poke|p2|Milotic, L50, M|\n|teampreview|3\n|inactive|Battle timer is ON: inactive players will automatically lose when time's up. (requested by Texyorange)\n|inactive|phifth has 60 seconds left.\n|\n|t:|1776127027\n|teamsize|p1|3\n|teamsize|p2|3\n|start\n|switch|p1a: Eclipse|Gliscor, L50, F, shiny|100/100\n|switch|p2a: Snorlax|Snorlax, L50, F|100/100\n|turn|1\n|\n|t:|1776127034\n|move|p1a: Eclipse|Knock Off|p2a: Snorlax\n|-damage|p2a: Snorlax|84/100\n|-enditem|p2a: Snorlax|Silk Scarf|[from] move: Knock Off|[of] p1a: Eclipse\n|move|p2a: Snorlax|Rain Dance|p2a: Snorlax\n|-weather|RainDance\n|\n|-weather|RainDance|[upkeep]\n|upkeep\n|turn|2\n|\n|t:|1776127042\n|move|p1a: Eclipse|Earthquake|p2a: Snorlax\n|-damage|p2a: Snorlax|59/100\n|move|p2a: Snorlax|Rock Slide|p1a: Eclipse\n|-damage|p1a: Eclipse|84/100\n|\n|-weather|RainDance|[upkeep]\n|-heal|p1a: Eclipse|90/100|[from] item: Leftovers\n|upkeep\n|turn|3\n|\n|t:|1776127045\n|move|p1a: Eclipse|Earthquake|p2a: Snorlax\n|-damage|p2a: Snorlax|31/100\n|move|p2a: Snorlax|Self-Destruct|p1a: Eclipse\n|-damage|p1a: Eclipse|27/100\n|faint|p2a: Snorlax\n|\n|-weather|RainDance|[upkeep]\n|-heal|p1a: Eclipse|33/100|[from] item: Leftovers\n|upkeep\n|\n|t:|1776127048\n|switch|p2a: Rotom|Rotom-Wash, L50|100/100\n|turn|4\n|\n|t:|1776127054\n|move|p2a: Rotom|Hydro Pump|p1a: Eclipse\n|-supereffective|p1a: Eclipse|1\n|-damage|p1a: Eclipse|0 fnt\n|faint|p1a: Eclipse\n|\n|-weather|RainDance|[upkeep]\n|upkeep\n|\n|t:|1776127058\n|switch|p1a: Tyranitar|Tyranitar, L50, M|100/100\n|-weather|Sandstorm|[from] ability: Sand Stream|[of] p1a: Tyranitar\n|turn|5\n|\n|t:|1776127074\n|move|p2a: Rotom|Will-O-Wisp|p1a: Tyranitar\n|-status|p1a: Tyranitar|brn\n|move|p1a: Tyranitar|Crunch|p2a: Rotom\n|-damage|p2a: Rotom|81/100\n|-unboost|p2a: Rotom|def|1\n|\n|-weather|Sandstorm|[upkeep]\n|-damage|p2a: Rotom|76/100|[from] Sandstorm\n|-damage|p1a: Tyranitar|95/100 brn|[from] brn\n|upkeep\n|turn|6\n|\n|t:|1776127077\n|switch|p2a: Tyranitar|Tyranitar, L50, F|100/100\n|-ability|p2a: Tyranitar|Unnerve\n|move|p1a: Tyranitar|Crunch|p2a: Tyranitar\n|-resisted|p2a: Tyranitar|1\n|-damage|p2a: Tyranitar|94/100\n|-unboost|p2a: Tyranitar|def|1\n|\n|-weather|Sandstorm|[upkeep]\n|-damage|p1a: Tyranitar|89/100 brn|[from] brn\n|upkeep\n|turn|7\n|\n|t:|1776127085\n|switch|p2a: Rotom|Rotom-Wash, L50|76/100\n|move|p1a: Tyranitar|Sand Tomb|p2a: Rotom\n|-immune|p2a: Rotom|[from] ability: Levitate\n|\n|-weather|Sandstorm|[upkeep]\n|-damage|p2a: Rotom|70/100|[from] Sandstorm\n|-damage|p1a: Tyranitar|83/100 brn|[from] brn\n|upkeep\n|turn|8\n|\n|t:|1776127089\n|move|p2a: Rotom|Hydro Pump|p1a: Tyranitar\n|-supereffective|p1a: Tyranitar|1\n|-damage|p1a: Tyranitar|43/100 brn\n|-enditem|p1a: Tyranitar|Sitrus Berry|[eat]\n|-heal|p1a: Tyranitar|67/100 brn|[from] item: Sitrus Berry\n|move|p1a: Tyranitar|Crunch|p2a: Rotom\n|-damage|p2a: Rotom|50/100\n|\n|-weather|Sandstorm|[upkeep]\n|-damage|p2a: Rotom|44/100|[from] Sandstorm\n|-damage|p1a: Tyranitar|61/100 brn|[from] brn\n|upkeep\n|turn|9\n|\n|t:|1776127096\n|move|p2a: Rotom|Will-O-Wisp|p1a: Tyranitar\n|-fail|p1a: Tyranitar|brn\n|move|p1a: Tyranitar|Crunch|p2a: Rotom\n|-damage|p2a: Rotom|25/100\n|\n|-weather|none\n|-damage|p1a: Tyranitar|56/100 brn|[from] brn\n|upkeep\n|turn|10\n|\n|t:|1776127099\n|move|p2a: Rotom|Hydro Pump|p1a: Tyranitar\n|-supereffective|p1a: Tyranitar|1\n|-damage|p1a: Tyranitar|0 fnt\n|faint|p1a: Tyranitar\n|\n|upkeep\n|\n|t:|1776127102\n|switch|p1a: Meganium|Meganium, L50, F|100/100\n|turn|11\n|\n|t:|1776127106\n|detailschange|p1a: Meganium|Meganium-Mega, L50, F\n|-mega|p1a: Meganium|Meganium|Meganiumite\n|move|p2a: Rotom|Thunder|p1a: Meganium|[miss]\n|-miss|p2a: Rotom|p1a: Meganium\n|move|p1a: Meganium|Solar Beam||[still]\n|-prepare|p1a: Meganium|Solar Beam\n|-activate|p1a: Meganium|ability: Mega Sol\n|-anim|p1a: Meganium|Solar Beam|p2a: Rotom\n|-supereffective|p2a: Rotom|1\n|-damage|p2a: Rotom|0 fnt\n|faint|p2a: Rotom\n|\n|upkeep\n|\n|t:|1776127109\n|switch|p2a: Tyranitar|Tyranitar, L50, F|94/100\n|-ability|p2a: Tyranitar|Unnerve\n|turn|12\n|c|\u2606phifth|unnerve TTAR?!?!?!?\n|inactive|phifth has 30 seconds left.\n|\n|t:|1776127137\n|move|p2a: Tyranitar|Flamethrower|p1a: Meganium\n|-supereffective|p1a: Meganium|1\n|-damage|p1a: Meganium|53/100\n|move|p1a: Meganium|Solar Beam||[still]\n|-prepare|p1a: Meganium|Solar Beam\n|-activate|p1a: Meganium|ability: Mega Sol\n|-anim|p1a: Meganium|Solar Beam|p2a: Tyranitar\n|-supereffective|p2a: Tyranitar|1\n|-damage|p2a: Tyranitar|0 fnt\n|faint|p2a: Tyranitar\n|\n|win|phifth\n|raw|phifth's rating: 1100 &rarr; <strong>1121</strong><br />(+21 for winning)\n|raw|Texyorange's rating: 1038 &rarr; <strong>1025</strong><br />(-13 for losing)\n",
  "uploadtime": 1776127149,
  "views": 2,
  "formatid": "gen9championsbssregma",
  "rating": 1025,
  "private": 0,
  "password": null
}