{
  "id": "gen9championsbssregma-2587679440",
  "format": "[Gen 9 Champions] BSS Reg M-A",
  "players": [
    "Lp7604",
    "ruriripoke"
  ],
  "log": "|j|\u2606Lp7604\n|j|\u2606ruriripoke\n|t:|1776553157\n|gametype|singles\n|player|p1|Lp7604|170|1332\n|player|p2|ruriripoke|265|1391\n|gen|9\n|tier|[Gen 9 Champions] BSS Reg M-A\n|rated|\n|rule|Species Clause: Limit one of each Pok\u00e9mon\n|rule|Item Clause: Limit 1 of each item\n|clearpoke\n|poke|p1|Primarina, L50, F, shiny|\n|poke|p1|Ceruledge, L50, M, shiny|\n|poke|p1|Charizard, L50, M, shiny|\n|poke|p1|Bellibolt, L50, F, shiny|\n|poke|p1|Blastoise, L50, F, shiny|\n|poke|p1|Garchomp, L50, M, shiny|\n|poke|p2|Hippowdon, L50, F|\n|poke|p2|Charizard, L50, M|\n|poke|p2|Primarina, L50, M|\n|poke|p2|Meowscarada, L50, M|\n|poke|p2|Gengar, L50, M|\n|poke|p2|Kingambit, L50, M|\n|teampreview|3\n|inactive|Battle timer is ON: inactive players will automatically lose when time's up. (requested by ruriripoke)\n|inactive|Lp7604 has 60 seconds left.\n|inactive|ruriripoke has 60 seconds left.\n|j| bromerta\n|inactive|ruriripoke has 30 seconds left.\n|\n|t:|1776553221\n|teamsize|p1|3\n|teamsize|p2|3\n|start\n|switch|p1a: Bellibolt|Bellibolt, L50, F, shiny|100/100\n|switch|p2a: Meowscarada|Meowscarada, L50, M|100/100\n|turn|1\n|\n|t:|1776553237\n|move|p2a: Meowscarada|Knock Off|p1a: Bellibolt\n|-start|p2a: Meowscarada|typechange|Dark|[from] ability: Protean\n|-damage|p1a: Bellibolt|69/100\n|-start|p1a: Bellibolt|Charge|Knock Off|[from] ability: Electromorphosis\n|-enditem|p1a: Bellibolt|Magnet|[from] move: Knock Off|[of] p2a: Meowscarada\n|move|p1a: Bellibolt|Parabolic Charge|p2a: Meowscarada\n|-damage|p2a: Meowscarada|24/100\n|-heal|p1a: Bellibolt|96/100|[from] drain|[of] p2a: Meowscarada\n|-end|p1a: Bellibolt|Charge|[silent]\n|\n|upkeep\n|turn|2\n|\n|t:|1776553248\n|switch|p2a: Hippowdon|Hippowdon, L50, F|100/100\n|-weather|Sandstorm|[from] ability: Sand Stream|[of] p2a: Hippowdon\n|move|p1a: Bellibolt|Soak|p2a: Hippowdon\n|-start|p2a: Hippowdon|typechange|Water\n|\n|-weather|Sandstorm|[upkeep]\n|-damage|p2a: Hippowdon|94/100|[from] Sandstorm\n|-damage|p1a: Bellibolt|90/100|[from] Sandstorm\n|upkeep\n|turn|3\n|\n|t:|1776553261\n|move|p2a: Hippowdon|Earthquake|p1a: Bellibolt\n|-supereffective|p1a: Bellibolt|1\n|-damage|p1a: Bellibolt|60/100\n|-start|p1a: Bellibolt|Charge|Earthquake|[from] ability: Electromorphosis\n|move|p1a: Bellibolt|Parabolic Charge|p2a: Hippowdon\n|-supereffective|p2a: Hippowdon|1\n|-damage|p2a: Hippowdon|0 fnt\n|-heal|p1a: Bellibolt|100/100|[from] drain|[of] p2a: Hippowdon\n|faint|p2a: Hippowdon\n|-end|p1a: Bellibolt|Charge|[silent]\n|\n|-weather|Sandstorm|[upkeep]\n|-damage|p1a: Bellibolt|94/100|[from] Sandstorm\n|upkeep\n|\n|t:|1776553263\n|switch|p2a: Gengar|Gengar, L50, M|100/100\n|turn|4\n|\n|t:|1776553275\n|detailschange|p2a: Gengar|Gengar-Mega, L50, M\n|-mega|p2a: Gengar|Gengar|Gengarite\n|move|p2a: Gengar|Hypnosis|p1a: Bellibolt|[miss]\n|-miss|p2a: Gengar|p1a: Bellibolt\n|move|p1a: Bellibolt|Parabolic Charge|p2a: Gengar\n|-damage|p2a: Gengar|71/100\n|-heal|p1a: Bellibolt|100/100|[from] drain|[of] p2a: Gengar\n|\n|-weather|Sandstorm|[upkeep]\n|-damage|p2a: Gengar|65/100|[from] Sandstorm\n|-damage|p1a: Bellibolt|94/100|[from] Sandstorm\n|upkeep\n|turn|5\n|\n|t:|1776553287\n|move|p2a: Gengar|Hypnosis|p1a: Bellibolt\n|-status|p1a: Bellibolt|slp|[from] move: Hypnosis\n|cant|p1a: Bellibolt|slp\n|\n|-weather|Sandstorm|[upkeep]\n|-damage|p2a: Gengar|59/100|[from] Sandstorm\n|-damage|p1a: Bellibolt|88/100 slp|[from] Sandstorm\n|upkeep\n|turn|6\n|\n|t:|1776553295\n|move|p2a: Gengar|Sludge Wave|p1a: Bellibolt\n|-damage|p1a: Bellibolt|32/100 slp\n|-start|p1a: Bellibolt|Charge|Sludge Wave|[from] ability: Electromorphosis\n|cant|p1a: Bellibolt|slp\n|-end|p1a: Bellibolt|Charge|[silent]\n|\n|-weather|none\n|upkeep\n|turn|7\n|\n|t:|1776553303\n|move|p2a: Gengar|Sludge Wave|p1a: Bellibolt\n|-damage|p1a: Bellibolt|0 fnt\n|faint|p1a: Bellibolt\n|\n|upkeep\n|\n|t:|1776553309\n|switch|p1a: Garchomp|Garchomp, L50, M, shiny|100/100\n|turn|8\n|\n|t:|1776553318\n|move|p1a: Garchomp|Outrage|p2a: Gengar\n|-damage|p2a: Gengar|0 fnt\n|faint|p2a: Gengar\n|\n|upkeep\n|-message|ruriripoke forfeited.\n|\n|win|Lp7604\n|raw|Lp7604's rating: 1332 &rarr; <strong>1355</strong><br />(+23 for winning)\n|raw|ruriripoke's rating: 1391 &rarr; <strong>1368</strong><br />(-23 for losing)\n|l|\u2606ruriripoke\n|player|p2|\n|l|\u2606Lp7604\n|player|p1|\n",
  "uploadtime": 1776553326,
  "views": 12,
  "formatid": "gen9championsbssregma",
  "rating": 1355,
  "private": 0,
  "password": null
}