{
  "id": "gen9championsbssregma-2584256668",
  "format": "[Gen 9 Champions] BSS Reg M-A",
  "players": [
    "jaseam",
    "karbain"
  ],
  "log": "|j|\u2606jaseam\n|j|\u2606karbain\n|t:|1776243952\n|gametype|singles\n|player|p1|jaseam|102|1290\n|player|p2|karbain|2|1459\n|gen|9\n|tier|[Gen 9 Champions] BSS Reg M-A\n|rated|\n|rule|Species Clause: Limit one of each Pok\u00e9mon\n|rule|Item Clause: Limit 1 of each item\n|clearpoke\n|poke|p1|Meowscarada, L50, F|\n|poke|p1|Scizor, L50, F|\n|poke|p1|Charizard, L50, M|\n|poke|p1|Garchomp, L50, M|\n|poke|p1|Primarina, L50, F|\n|poke|p1|Aegislash, L50, M|\n|poke|p2|Charizard, L50, F|\n|poke|p2|Greninja-*, L50, M|\n|poke|p2|Meowscarada, L50, F|\n|poke|p2|Gengar, L50, F|\n|poke|p2|Archaludon, L50, M|\n|poke|p2|Mimikyu, L50, F|\n|teampreview|3\n|\n|t:|1776243988\n|teamsize|p1|3\n|teamsize|p2|3\n|start\n|switch|p1a: Garchomp|Garchomp, L50, M|100/100\n|switch|p2a: Archaludon|Archaludon, L50, M|100/100\n|turn|1\n|\n|t:|1776243998\n|move|p1a: Garchomp|Stealth Rock|p2a: Archaludon\n|-sidestart|p2: karbain|move: Stealth Rock\n|move|p2a: Archaludon|Draco Meteor|p1a: Garchomp\n|-supereffective|p1a: Garchomp|1\n|-enditem|p1a: Garchomp|Focus Sash\n|-damage|p1a: Garchomp|1/100\n|-unboost|p2a: Archaludon|spa|2\n|\n|upkeep\n|turn|2\n|\n|t:|1776244007\n|move|p1a: Garchomp|Earthquake|p2a: Archaludon\n|-supereffective|p2a: Archaludon|1\n|-damage|p2a: Archaludon|37/100\n|-ability|p2a: Archaludon|Stamina|boost\n|-boost|p2a: Archaludon|def|1\n|-enditem|p2a: Archaludon|Sitrus Berry|[eat]\n|-heal|p2a: Archaludon|61/100|[from] item: Sitrus Berry\n|move|p2a: Archaludon|Stealth Rock|p1a: Garchomp\n|-sidestart|p1: jaseam|move: Stealth Rock\n|\n|upkeep\n|turn|3\n|j| p74\n|\n|t:|1776244015\n|move|p1a: Garchomp|Earthquake|p2a: Archaludon\n|-supereffective|p2a: Archaludon|1\n|-damage|p2a: Archaludon|25/100\n|-ability|p2a: Archaludon|Stamina|boost\n|-boost|p2a: Archaludon|def|1\n|move|p2a: Archaludon|Flash Cannon|p1a: Garchomp\n|-damage|p1a: Garchomp|0 fnt\n|faint|p1a: Garchomp\n|\n|upkeep\n|\n|t:|1776244020\n|switch|p1a: Charizard|Charizard, L50, M|100/100\n|-damage|p1a: Charizard|51/100|[from] Stealth Rock\n|turn|4\n|\n|t:|1776244026\n|detailschange|p1a: Charizard|Charizard-Mega-Y, L50, M\n|-mega|p1a: Charizard|Charizard|Charizardite Y\n|-weather|SunnyDay|[from] ability: Drought|[of] p1a: Charizard\n|move|p1a: Charizard|Flamethrower|p2a: Archaludon\n|-damage|p2a: Archaludon|0 fnt\n|faint|p2a: Archaludon\n|\n|-weather|SunnyDay|[upkeep]\n|upkeep\n|\n|t:|1776244038\n|switch|p2a: Charizard|Charizard, L50, F|100/100\n|-damage|p2a: Charizard|51/100|[from] Stealth Rock\n|turn|5\n|j| June&July\n|\n|t:|1776244047\n|detailschange|p2a: Charizard|Charizard-Mega-X, L50, F\n|-mega|p2a: Charizard|Charizard|Charizardite X\n|move|p1a: Charizard|Flamethrower|p2a: Charizard\n|-resisted|p2a: Charizard|2\n|-damage|p2a: Charizard|26/100\n|move|p2a: Charizard|Roost|p2a: Charizard\n|-heal|p2a: Charizard|76/100\n|-singleturn|p2a: Charizard|move: Roost\n|\n|-weather|SunnyDay|[upkeep]\n|upkeep\n|turn|6\n|\n|t:|1776244056\n|move|p1a: Charizard|Air Slash|p2a: Charizard\n|-damage|p2a: Charizard|14/100\n|cant|p2a: Charizard|flinch\n|\n|-weather|SunnyDay|[upkeep]\n|upkeep\n|turn|7\n|\n|t:|1776244066\n|move|p1a: Charizard|Flamethrower|p2a: Charizard\n|-resisted|p2a: Charizard|2\n|-damage|p2a: Charizard|0 fnt\n|faint|p2a: Charizard\n|\n|-weather|SunnyDay|[upkeep]\n|upkeep\n|l| June&July\n|c|\u2606karbain|\uc2dc\ubc1c \uc5b5\uae4c\uc57c\n|\n|t:|1776244076\n|switch|p2a: Greninja|Greninja, L50, M|100/100\n|-damage|p2a: Greninja|88/100|[from] Stealth Rock\n|turn|8\n|\n|t:|1776244087\n|move|p2a: Greninja|Surf|p1a: Charizard\n|-supereffective|p1a: Charizard|1\n|-damage|p1a: Charizard|11/100\n|move|p1a: Charizard|Solar Beam||[still]\n|-prepare|p1a: Charizard|Solar Beam\n|-anim|p1a: Charizard|Solar Beam|p2a: Greninja\n|-supereffective|p2a: Greninja|1\n|-damage|p2a: Greninja|0 fnt\n|faint|p2a: Greninja\n|\n|win|jaseam\n|raw|jaseam's rating: 1290 &rarr; <strong>1326</strong><br />(+36 for winning)\n|raw|karbain's rating: 1459 &rarr; <strong>1430</strong><br />(-29 for losing)\n|l|\u2606karbain\n|player|p2|\n|l|\u2606jaseam\n|player|p1|\n",
  "uploadtime": 1776244106,
  "views": 5,
  "formatid": "gen9championsbssregma",
  "rating": 1326,
  "private": 0,
  "password": null
}