{
  "id": "gen9championsbssregma-2582332449",
  "format": "[Gen 9 Champions] BSS Reg M-A",
  "players": [
    "89goblin",
    "Aguwar"
  ],
  "log": "|j|\u260689goblin\n|j|\u2606Aguwar\n|t:|1776084094\n|gametype|singles\n|player|p1|89goblin|pokemaniac|1121\n|player|p2|Aguwar|chili|1099\n|gen|9\n|tier|[Gen 9 Champions] BSS Reg M-A\n|rated|\n|rule|Species Clause: Limit one of each Pok\u00e9mon\n|rule|Item Clause: Limit 1 of each item\n|clearpoke\n|poke|p1|Tyranitar, L50, M|\n|poke|p1|Primarina, L50, F|\n|poke|p1|Archaludon, L50, M|\n|poke|p1|Starmie, L50|\n|poke|p1|Beedrill, L50, M|\n|poke|p1|Palafin, L50, F|\n|poke|p2|Charizard, L50, M|\n|poke|p2|Venusaur, L50, F|\n|poke|p2|Dragonite, L50, M|\n|poke|p2|Feraligatr, L50, F|\n|poke|p2|Archaludon, L50, M|\n|poke|p2|Dragapult, L50, M|\n|teampreview|3\n|inactive|Battle timer is ON: inactive players will automatically lose when time's up. (requested by Aguwar)\n|inactive|Aguwar has 60 seconds left.\n|\n|t:|1776084152\n|teamsize|p1|3\n|teamsize|p2|3\n|start\n|switch|p1a: Starmie|Starmie, L50|100/100\n|switch|p2a: Lightspeed|Dragonite, L50, M|100/100\n|turn|1\n|\n|t:|1776084159\n|detailschange|p1a: Starmie|Starmie-Mega, L50\n|-mega|p1a: Starmie|Starmie|Starminite\n|move|p1a: Starmie|Flip Turn|p2a: Lightspeed\n|-resisted|p2a: Lightspeed|1\n|-damage|p2a: Lightspeed|88/100\n|\n|t:|1776084164\n|switch|p1a: Archaludon|Archaludon, L50, M|100/100|[from] Flip Turn\n|move|p2a: Lightspeed|Dragon Dance|p2a: Lightspeed\n|-boost|p2a: Lightspeed|atk|1\n|-boost|p2a: Lightspeed|spe|1\n|\n|upkeep\n|turn|2\n|\n|t:|1776084172\n|move|p2a: Lightspeed|Roost|p2a: Lightspeed\n|-heal|p2a: Lightspeed|100/100\n|-singleturn|p2a: Lightspeed|move: Roost\n|move|p1a: Archaludon|Roar|p2a: Lightspeed\n|drag|p2a: Eli|Venusaur, L50, F|100/100\n|\n|upkeep\n|turn|3\n|\n|t:|1776084187\n|switch|p2a: Lightspeed|Dragonite, L50, M|100/100\n|move|p1a: Archaludon|Thunder Wave|p2a: Lightspeed\n|-status|p2a: Lightspeed|par\n|\n|upkeep\n|turn|4\n|\n|t:|1776084193\n|move|p2a: Lightspeed|Dragon Dance|p2a: Lightspeed\n|-boost|p2a: Lightspeed|atk|1\n|-boost|p2a: Lightspeed|spe|1\n|move|p1a: Archaludon|Roar|p2a: Lightspeed\n|drag|p2a: Zard|Charizard, L50, M|100/100\n|\n|upkeep\n|turn|5\n|\n|t:|1776084200\n|detailschange|p2a: Zard|Charizard-Mega-Y, L50, M\n|-mega|p2a: Zard|Charizard|Charizardite Y\n|-weather|SunnyDay|[from] ability: Drought|[of] p2a: Zard\n|move|p2a: Zard|Weather Ball|p1a: Archaludon\n|-damage|p1a: Archaludon|0 fnt\n|faint|p1a: Archaludon\n|\n|-weather|SunnyDay|[upkeep]\n|upkeep\n|\n|t:|1776084208\n|switch|p1a: Starmie|Starmie-Mega, L50|100/100\n|turn|6\n|\n|t:|1776084211\n|move|p1a: Starmie|Liquidation|p2a: Zard\n|-supereffective|p2a: Zard|1\n|-damage|p2a: Zard|0 fnt\n|faint|p2a: Zard\n|\n|-weather|SunnyDay|[upkeep]\n|upkeep\n|\n|t:|1776084214\n|switch|p2a: Eli|Venusaur, L50, F|100/100\n|turn|7\n|\n|t:|1776084220\n|move|p1a: Starmie|Protect|p1a: Starmie\n|-singleturn|p1a: Starmie|Protect\n|move|p2a: Eli|Giga Drain|p1a: Starmie\n|-activate|p1a: Starmie|move: Protect\n|\n|-weather|SunnyDay|[upkeep]\n|upkeep\n|turn|8\n|\n|t:|1776084229\n|move|p2a: Eli|Giga Drain|p1a: Starmie\n|-supereffective|p1a: Starmie|1\n|-damage|p1a: Starmie|0 fnt\n|faint|p1a: Starmie\n|\n|-weather|SunnyDay|[upkeep]\n|upkeep\n|\n|t:|1776084234\n|switch|p1a: Primarina|Primarina, L50, F|100/100\n|turn|9\n|\n|t:|1776084242\n|move|p2a: Eli|Giga Drain|p1a: Primarina\n|-supereffective|p1a: Primarina|1\n|-damage|p1a: Primarina|35/100\n|move|p1a: Primarina|Hyper Voice|p2a: Eli\n|-resisted|p2a: Eli|1\n|-damage|p2a: Eli|85/100\n|\n|-weather|none\n|upkeep\n|turn|10\n|-message|89goblin forfeited.\n|\n|win|Aguwar\n|raw|89goblin's rating: 1121 &rarr; <strong>1094</strong><br />(-27 for losing)\n|raw|Aguwar's rating: 1099 &rarr; <strong>1126</strong><br />(+27 for winning)\n|l|\u260689goblin\n|player|p1|\n",
  "uploadtime": 1776084251,
  "views": 11,
  "formatid": "gen9championsbssregma",
  "rating": 1094,
  "private": 0,
  "password": null
}