{
  "id": "gen9championsbssregma-2586026532",
  "format": "[Gen 9 Champions] BSS Reg M-A",
  "players": [
    "michinsaram",
    "zaliyeyuan"
  ],
  "log": "|j|\u2606michinsaram\n|j|\u2606zaliyeyuan\n|t:|1776391530\n|gametype|singles\n|player|p1|michinsaram|101|1264\n|player|p2|zaliyeyuan|artist-gen4|1360\n|gen|9\n|tier|[Gen 9 Champions] BSS Reg M-A\n|rated|\n|rule|Species Clause: Limit one of each Pok\u00e9mon\n|rule|Item Clause: Limit 1 of each item\n|clearpoke\n|poke|p1|Aegislash, L50, M|\n|poke|p1|Ninetales-Alola, L50, M|\n|poke|p1|Araquanid, L50, M|\n|poke|p1|Gengar, L50, M|\n|poke|p1|Kingambit, L50, F|\n|poke|p1|Blastoise, L50, M|\n|poke|p2|Starmie, L50|\n|poke|p2|Hydreigon, L50, F|\n|poke|p2|Hippowdon, L50, F|\n|poke|p2|Rotom-Wash, L50|\n|poke|p2|Aegislash, L50, M|\n|poke|p2|Floette-Eternal, L50, F|\n|teampreview|3\n|inactive|Battle timer is ON: inactive players will automatically lose when time's up. (requested by zaliyeyuan)\n|\n|t:|1776391561\n|teamsize|p1|3\n|teamsize|p2|3\n|start\n|switch|p1a: Araquanid|Araquanid, L50, M|100/100\n|switch|p2a: Starmie|Starmie, L50, shiny|100/100\n|turn|1\n|\n|t:|1776391571\n|switch|p2a: Aegislash|Aegislash, L50, M|100/100\n|move|p1a: Araquanid|Pounce|p2a: Aegislash\n|-resisted|p2a: Aegislash|2\n|-damage|p2a: Aegislash|98/100\n|-unboost|p2a: Aegislash|spe|1\n|\n|upkeep\n|turn|2\n|\n|t:|1776391588\n|move|p1a: Araquanid|Sticky Web|p2a: Aegislash\n|-sidestart|p2: zaliyeyuan|move: Sticky Web\n|-formechange|p2a: Aegislash|Aegislash-Blade|\n|move|p2a: Aegislash|Poltergeist|p1a: Araquanid\n|-activate|p1a: Araquanid|move: Poltergeist|Sitrus Berry\n|-damage|p1a: Araquanid|27/100\n|-enditem|p1a: Araquanid|Sitrus Berry|[eat]\n|-heal|p1a: Araquanid|51/100|[from] item: Sitrus Berry\n|\n|upkeep\n|turn|3\n|\n|t:|1776391597\n|move|p1a: Araquanid|Liquidation|p2a: Aegislash\n|-damage|p2a: Aegislash|2/100\n|move|p2a: Aegislash|Poltergeist||[still]\n|-fail|p2a: Aegislash\n|\n|upkeep\n|turn|4\n|\n|t:|1776391605\n|-formechange|p2a: Aegislash|Aegislash|\n|move|p2a: Aegislash|King's Shield|p2a: Aegislash\n|-singleturn|p2a: Aegislash|Protect\n|move|p1a: Araquanid|Liquidation|p2a: Aegislash\n|-activate|p2a: Aegislash|move: Protect\n|-unboost|p1a: Araquanid|atk|1\n|\n|upkeep\n|turn|5\n|\n|t:|1776391622\n|switch|p2a: Hydreigon|Hydreigon, L50, F, shiny|100/100\n|move|p1a: Araquanid|Liquidation|p2a: Hydreigon\n|-resisted|p2a: Hydreigon|1\n|-damage|p2a: Hydreigon|81/100\n|-unboost|p2a: Hydreigon|def|1\n|\n|upkeep\n|turn|6\n|\n|t:|1776391641\n|move|p2a: Hydreigon|Dark Pulse|p1a: Araquanid\n|-damage|p1a: Araquanid|12/100\n|cant|p1a: Araquanid|flinch\n|\n|upkeep\n|turn|7\n|\n|t:|1776391652\n|move|p2a: Hydreigon|Dark Pulse|p1a: Araquanid\n|-damage|p1a: Araquanid|0 fnt\n|faint|p1a: Araquanid\n|\n|upkeep\n|\n|t:|1776391658\n|switch|p1a: Kingambit|Kingambit, L50, F|100/100\n|-activate|p1a: Kingambit|ability: Supreme Overlord\n|-start|p1a: Kingambit|fallen1|[silent]\n|turn|8\n|inactive|zaliyeyuan has 30 seconds left.\n|\n|t:|1776391684\n|switch|p2a: Aegislash|Aegislash, L50, M|2/100\n|-activate|p2a: Aegislash|move: Sticky Web\n|-unboost|p2a: Aegislash|spe|1\n|move|p1a: Kingambit|Low Kick|p2a: Aegislash\n|-immune|p2a: Aegislash\n|\n|upkeep\n|turn|9\n|inactive|zaliyeyuan has 30 seconds left.\n|\n|t:|1776391716\n|move|p1a: Kingambit|Sucker Punch|p2a: Aegislash\n|-supereffective|p2a: Aegislash|1\n|-damage|p2a: Aegislash|0 fnt\n|faint|p2a: Aegislash\n|\n|upkeep\n|\n|t:|1776391721\n|switch|p2a: Hydreigon|Hydreigon, L50, F, shiny|81/100\n|turn|10\n|\n|t:|1776391732\n|move|p2a: Hydreigon|Fire Blast|p1a: Kingambit\n|-supereffective|p1a: Kingambit|1\n|-damage|p1a: Kingambit|25/100\n|move|p1a: Kingambit|Iron Head|p2a: Hydreigon\n|-damage|p2a: Hydreigon|15/100\n|\n|upkeep\n|turn|11\n|\n|t:|1776391741\n|switch|p2a: Starmie|Starmie, L50, shiny|100/100\n|-activate|p2a: Starmie|move: Sticky Web\n|-unboost|p2a: Starmie|spe|1\n|move|p1a: Kingambit|Sucker Punch||[still]\n|-fail|p1a: Kingambit\n|\n|upkeep\n|turn|12\n|\n|t:|1776391751\n|detailschange|p2a: Starmie|Starmie-Mega, L50, shiny\n|-mega|p2a: Starmie|Starmie|Starminite\n|move|p2a: Starmie|Aqua Jet|p1a: Kingambit\n|-damage|p1a: Kingambit|0 fnt\n|faint|p1a: Kingambit\n|-end|p1a: Kingambit|fallen1|[silent]\n|\n|upkeep\n|\n|t:|1776391754\n|switch|p1a: Gengar|Gengar, L50, M|100/100\n|turn|13\n|\n|t:|1776391765\n|detailschange|p1a: Gengar|Gengar-Mega, L50, M\n|-mega|p1a: Gengar|Gengar|Gengarite\n|move|p2a: Starmie|Aqua Jet|p1a: Gengar\n|-damage|p1a: Gengar|41/100\n|move|p1a: Gengar|Shadow Ball|p2a: Starmie\n|-supereffective|p2a: Starmie|1\n|-damage|p2a: Starmie|0 fnt\n|faint|p2a: Starmie\n|\n|upkeep\n|\n|t:|1776391775\n|switch|p2a: Hydreigon|Hydreigon, L50, F, shiny|15/100\n|turn|14\n|\n|t:|1776391788\n|move|p2a: Hydreigon|Dark Pulse|p1a: Gengar\n|-supereffective|p1a: Gengar|1\n|-damage|p1a: Gengar|0 fnt\n|faint|p1a: Gengar\n|\n|win|zaliyeyuan\n|raw|michinsaram's rating: 1264 &rarr; <strong>1246</strong><br />(-18 for losing)\n|raw|zaliyeyuan's rating: 1360 &rarr; <strong>1375</strong><br />(+15 for winning)\n|l|\u2606michinsaram\n|player|p1|\n|l|\u2606zaliyeyuan\n|player|p2|\n",
  "uploadtime": 1776391924,
  "views": 8,
  "formatid": "gen9championsbssregma",
  "rating": 1246,
  "private": 0,
  "password": null
}