{
  "id": "gen9championsbssregma-2584043330",
  "format": "[Gen 9 Champions] BSS Reg M-A",
  "players": [
    "bandai home",
    "perdicionn"
  ],
  "log": "|j|\u2606bandai home\n|j|\u2606perdicionn\n|t:|1776219546\n|gametype|singles\n|player|p1|bandai home|170|1266\n|player|p2|perdicionn|crasherwake|1268\n|gen|9\n|tier|[Gen 9 Champions] BSS Reg M-A\n|rated|\n|rule|Species Clause: Limit one of each Pok\u00e9mon\n|rule|Item Clause: Limit 1 of each item\n|clearpoke\n|poke|p1|Dragapult, L50, F|\n|poke|p1|Gengar, L50, M|\n|poke|p1|Scovillain, L50, M|\n|poke|p1|Kingambit, L50, M|\n|poke|p1|Corviknight, L50, F|\n|poke|p1|Arcanine-Hisui, L50, F|\n|poke|p2|Aegislash, L50, F|\n|poke|p2|Kingambit, L50, M|\n|poke|p2|Volcarona, L50, M|\n|poke|p2|Gyarados, L50, F|\n|poke|p2|Starmie, L50|\n|poke|p2|Manectric, L50, F|\n|teampreview|3\n|inactive|Battle timer is ON: inactive players will automatically lose when time's up. (requested by perdicionn)\n|\n|t:|1776219580\n|teamsize|p1|3\n|teamsize|p2|3\n|start\n|switch|p1a: Gengar|Gengar, L50, M|100/100\n|switch|p2a: Manectric|Manectric, L50, F|100/100\n|turn|1\n|\n|t:|1776219586\n|detailschange|p1a: Gengar|Gengar-Mega, L50, M\n|-mega|p1a: Gengar|Gengar|Gengarite\n|detailschange|p2a: Manectric|Manectric-Mega, L50, F\n|-mega|p2a: Manectric|Manectric|Manectite\n|-ability|p2a: Manectric|Intimidate|boost\n|-unboost|p1a: Gengar|atk|1\n|move|p1a: Gengar|Protect|p1a: Gengar\n|-singleturn|p1a: Gengar|Protect\n|move|p2a: Manectric|Volt Switch|p1a: Gengar\n|-activate|p1a: Gengar|move: Protect\n|\n|upkeep\n|turn|2\n|\n|t:|1776219600\n|move|p2a: Manectric|Volt Switch|p1a: Gengar\n|-damage|p1a: Gengar|57/100\n|\n|t:|1776219604\n|switch|p2a: Aegislash|Aegislash, L50, F|100/100|[from] Volt Switch\n|move|p1a: Gengar|Shadow Ball|p2a: Aegislash\n|-supereffective|p2a: Aegislash|1\n|-damage|p2a: Aegislash|25/100\n|\n|-heal|p2a: Aegislash|31/100|[from] item: Leftovers\n|upkeep\n|turn|3\n|\n|t:|1776219609\n|move|p1a: Gengar|Protect|p1a: Gengar\n|-singleturn|p1a: Gengar|Protect\n|-formechange|p2a: Aegislash|Aegislash-Blade|\n|move|p2a: Aegislash|Shadow Sneak|p1a: Gengar\n|-activate|p1a: Gengar|move: Protect\n|\n|-heal|p2a: Aegislash|37/100|[from] item: Leftovers\n|upkeep\n|turn|4\n|\n|t:|1776219618\n|switch|p1a: Kingambit|Kingambit, L50, M|100/100\n|move|p2a: Aegislash|Shadow Sneak|p1a: Kingambit\n|-resisted|p1a: Kingambit|1\n|-damage|p1a: Kingambit|93/100\n|\n|-heal|p2a: Aegislash|43/100|[from] item: Leftovers\n|upkeep\n|turn|5\n|\n|t:|1776219631\n|switch|p2a: Gyarados|Gyarados, L50, F|100/100\n|-ability|p2a: Gyarados|Intimidate|boost\n|-unboost|p1a: Kingambit|atk|1\n|move|p1a: Kingambit|Kowtow Cleave|p2a: Gyarados\n|-damage|p2a: Gyarados|64/100\n|\n|upkeep\n|turn|6\n|\n|t:|1776219643\n|move|p2a: Gyarados|Earthquake|p1a: Kingambit\n|-supereffective|p1a: Kingambit|1\n|-damage|p1a: Kingambit|42/100\n|move|p1a: Kingambit|Kowtow Cleave|p2a: Gyarados\n|-damage|p2a: Gyarados|27/100\n|\n|upkeep\n|turn|7\n|\n|t:|1776219650\n|switch|p2a: Manectric|Manectric-Mega, L50, F|100/100\n|-ability|p2a: Manectric|Intimidate|boost\n|-unboost|p1a: Kingambit|atk|1\n|move|p1a: Kingambit|Sucker Punch||[still]\n|-fail|p1a: Kingambit\n|\n|upkeep\n|turn|8\n|\n|t:|1776219655\n|-end|p1a: Kingambit|fallenundefined|[silent]\n|switch|p1a: Arcanine|Arcanine-Hisui, L50, F|100/100\n|move|p2a: Manectric|Flamethrower|p1a: Arcanine\n|-resisted|p1a: Arcanine|2\n|-damage|p1a: Arcanine|90/100\n|\n|upkeep\n|turn|9\n|\n|t:|1776219665\n|switch|p2a: Gyarados|Gyarados, L50, F|27/100\n|-ability|p2a: Gyarados|Intimidate|boost\n|-unboost|p1a: Arcanine|atk|1\n|move|p1a: Arcanine|Flare Blitz|p2a: Gyarados\n|-resisted|p2a: Gyarados|1\n|-damage|p2a: Gyarados|0 fnt\n|faint|p2a: Gyarados\n|\n|upkeep\n|\n|t:|1776219668\n|switch|p2a: Manectric|Manectric-Mega, L50, F|100/100\n|-ability|p2a: Manectric|Intimidate|boost\n|-unboost|p1a: Arcanine|atk|1\n|turn|10\n|\n|t:|1776219685\n|move|p1a: Arcanine|Flare Blitz|p2a: Manectric\n|-damage|p2a: Manectric|58/100\n|move|p2a: Manectric|Thunderbolt|p1a: Arcanine\n|-damage|p1a: Arcanine|25/100\n|\n|upkeep\n|turn|11\n|\n|t:|1776219693\n|move|p1a: Arcanine|Flare Blitz|p2a: Manectric\n|-damage|p2a: Manectric|13/100\n|move|p2a: Manectric|Thunderbolt|p1a: Arcanine\n|-damage|p1a: Arcanine|0 fnt\n|faint|p1a: Arcanine\n|\n|upkeep\n|\n|t:|1776219696\n|switch|p1a: Kingambit|Kingambit, L50, M|42/100\n|-activate|p1a: Kingambit|ability: Supreme Overlord\n|-start|p1a: Kingambit|fallen1|[silent]\n|turn|12\n|\n|t:|1776219702\n|move|p1a: Kingambit|Sucker Punch||[still]\n|-fail|p1a: Kingambit\n|move|p2a: Manectric|Light Screen|p2a: Manectric\n|-sidestart|p2: perdicionn|move: Light Screen\n|\n|upkeep\n|turn|13\n|\n|t:|1776219706\n|move|p1a: Kingambit|Sucker Punch|p2a: Manectric\n|-damage|p2a: Manectric|0 fnt\n|faint|p2a: Manectric\n|\n|upkeep\n|\n|t:|1776219708\n|switch|p2a: Aegislash|Aegislash, L50, F|43/100\n|turn|14\n|\n|t:|1776219716\n|move|p2a: Aegislash|King's Shield|p2a: Aegislash\n|-singleturn|p2a: Aegislash|Protect\n|move|p1a: Kingambit|Sucker Punch||[still]\n|-fail|p1a: Kingambit\n|\n|-heal|p2a: Aegislash|49/100|[from] item: Leftovers\n|upkeep\n|turn|15\n|\n|t:|1776219721\n|move|p2a: Aegislash|King's Shield||[still]\n|-fail|p2a: Aegislash\n|move|p1a: Kingambit|Kowtow Cleave|p2a: Aegislash\n|-supereffective|p2a: Aegislash|1\n|-damage|p2a: Aegislash|0 fnt\n|faint|p2a: Aegislash\n|\n|win|bandai home\n|raw|bandai home's rating: 1266 &rarr; <strong>1291</strong><br />(+25 for winning)\n|raw|perdicionn's rating: 1268 &rarr; <strong>1243</strong><br />(-25 for losing)\n|j| p74\n|l|\u2606perdicionn\n|player|p2|\n|l|\u2606bandai home\n|player|p1|\n",
  "uploadtime": 1776219840,
  "views": 1,
  "formatid": "gen9championsbssregma",
  "rating": 1243,
  "private": 0,
  "password": null
}