{
  "id": "gen9championsbssregma-2582955646",
  "format": "[Gen 9 Champions] BSS Reg M-A",
  "players": [
    "PlatinumPassport",
    "BJZJS"
  ],
  "log": "|j|\u2606PlatinumPassport\n|j|\u2606BJZJS\n|t:|1776128218\n|gametype|singles\n|player|p1|PlatinumPassport|1|1314\n|player|p2|BJZJS|102|1410\n|gen|9\n|tier|[Gen 9 Champions] BSS Reg M-A\n|rated|\n|rule|Species Clause: Limit one of each Pok\u00e9mon\n|rule|Item Clause: Limit 1 of each item\n|clearpoke\n|poke|p1|Hippowdon, L50, F|\n|poke|p1|Dragonite, L50, F|\n|poke|p1|Aegislash, L50, M|\n|poke|p1|Gengar, L50, F|\n|poke|p1|Azumarill, L50, M|\n|poke|p1|Volcarona, L50, M|\n|poke|p2|Floette-Eternal, L50, F|\n|poke|p2|Sneasler, L50, F|\n|poke|p2|Gyarados, L50, M|\n|poke|p2|Archaludon, L50, M|\n|poke|p2|Rotom-Heat, L50|\n|poke|p2|Mimikyu, L50, F|\n|teampreview|3\n|j| kafzield\n|\n|t:|1776128272\n|teamsize|p1|3\n|teamsize|p2|3\n|start\n|switch|p1a: Gengar|Gengar, L50, F, shiny|100/100\n|switch|p2a: Sneasler|Sneasler, L50, F|100/100\n|turn|1\n|\n|t:|1776128284\n|switch|p1a: Hippowdon|Hippowdon, L50, F, shiny|100/100\n|-weather|Sandstorm|[from] ability: Sand Stream|[of] p1a: Hippowdon\n|move|p2a: Sneasler|Fling|p1a: Hippowdon\n|-damage|p1a: Hippowdon|93/100\n|-status|p1a: Hippowdon|par\n|-enditem|p2a: Sneasler|Light Ball|[from] move: Fling\n|\n|-weather|Sandstorm|[upkeep]\n|-damage|p2a: Sneasler|95/100|[from] Sandstorm\n|-heal|p1a: Hippowdon|99/100 par|[from] item: Leftovers\n|upkeep\n|turn|2\n|\n|t:|1776128287\n|move|p2a: Sneasler|Taunt|p1a: Hippowdon\n|-start|p1a: Hippowdon|move: Taunt\n|cant|p1a: Hippowdon|move: Taunt|Stealth Rock\n|\n|-weather|Sandstorm|[upkeep]\n|-damage|p2a: Sneasler|89/100|[from] Sandstorm\n|-heal|p1a: Hippowdon|100/100 par|[from] item: Leftovers\n|upkeep\n|turn|3\n|\n|t:|1776128293\n|switch|p2a: Gyarados|Gyarados, L50, M|100/100\n|-ability|p2a: Gyarados|Intimidate|boost\n|-unboost|p1a: Hippowdon|atk|1\n|switch|p1a: Gengar|Gengar, L50, F, shiny|100/100\n|\n|-weather|Sandstorm|[upkeep]\n|-damage|p1a: Gengar|95/100|[from] Sandstorm\n|-damage|p2a: Gyarados|95/100|[from] Sandstorm\n|upkeep\n|turn|4\n|\n|t:|1776128313\n|detailschange|p1a: Gengar|Gengar-Mega, L50, F, shiny\n|-mega|p1a: Gengar|Gengar|Gengarite\n|detailschange|p2a: Gyarados|Gyarados-Mega, L50, M\n|-mega|p2a: Gyarados|Gyarados|Gyaradosite\n|-ability|p2a: Gyarados|Mold Breaker\n|move|p1a: Gengar|Destiny Bond|p1a: Gengar\n|-singlemove|p1a: Gengar|Destiny Bond\n|move|p2a: Gyarados|Dragon Dance|p2a: Gyarados\n|-boost|p2a: Gyarados|atk|1\n|-boost|p2a: Gyarados|spe|1\n|\n|-weather|Sandstorm|[upkeep]\n|-damage|p2a: Gyarados|89/100|[from] Sandstorm\n|-damage|p1a: Gengar|89/100|[from] Sandstorm\n|upkeep\n|turn|5\n|\n|t:|1776128320\n|move|p2a: Gyarados|Dragon Dance|p2a: Gyarados\n|-boost|p2a: Gyarados|atk|1\n|-boost|p2a: Gyarados|spe|1\n|move|p1a: Gengar|Focus Blast|p2a: Gyarados\n|-supereffective|p2a: Gyarados|1\n|-damage|p2a: Gyarados|0 fnt\n|faint|p2a: Gyarados\n|\n|-weather|none\n|upkeep\n|\n|t:|1776128327\n|switch|p2a: Mimikyu|Mimikyu, L50, F|100/100\n|turn|6\n|\n|t:|1776128341\n|switch|p1a: Hippowdon|Hippowdon, L50, F, shiny|100/100 par\n|-weather|Sandstorm|[from] ability: Sand Stream|[of] p1a: Hippowdon\n|move|p2a: Mimikyu|Shadow Claw|p1a: Hippowdon\n|-damage|p1a: Hippowdon|80/100 par\n|\n|-weather|Sandstorm|[upkeep]\n|-damage|p2a: Mimikyu|95/100|[from] Sandstorm\n|-heal|p1a: Hippowdon|87/100 par|[from] item: Leftovers\n|upkeep\n|turn|7\n|\n|t:|1776128347\n|move|p2a: Mimikyu|Swords Dance|p2a: Mimikyu\n|-boost|p2a: Mimikyu|atk|2\n|cant|p1a: Hippowdon|par\n|\n|-weather|Sandstorm|[upkeep]\n|-damage|p2a: Mimikyu|89/100|[from] Sandstorm\n|-heal|p1a: Hippowdon|93/100 par|[from] item: Leftovers\n|upkeep\n|turn|8\n|\n|t:|1776128359\n|move|p2a: Mimikyu|Play Rough|p1a: Hippowdon\n|-damage|p1a: Hippowdon|49/100 par\n|move|p1a: Hippowdon|Earthquake|p2a: Mimikyu\n|-activate|p2a: Mimikyu|ability: Disguise\n|-damage|p2a: Mimikyu|89/100\n|detailschange|p2a: Mimikyu|Mimikyu-Busted, L50, F\n|-damage|p2a: Mimikyu|77/100|[from] pokemon: Mimikyu-Busted\n|\n|-weather|Sandstorm|[upkeep]\n|-damage|p2a: Mimikyu|72/100|[from] Sandstorm\n|-heal|p1a: Hippowdon|55/100 par|[from] item: Leftovers\n|upkeep\n|turn|9\n|\n|t:|1776128367\n|move|p2a: Mimikyu|Play Rough|p1a: Hippowdon\n|-damage|p1a: Hippowdon|10/100 par\n|move|p1a: Hippowdon|Slack Off|p1a: Hippowdon\n|-heal|p1a: Hippowdon|60/100 par\n|\n|-weather|Sandstorm|[upkeep]\n|-damage|p2a: Mimikyu|66/100|[from] Sandstorm\n|-heal|p1a: Hippowdon|67/100 par|[from] item: Leftovers\n|upkeep\n|turn|10\n|\n|t:|1776128372\n|move|p2a: Mimikyu|Swords Dance|p2a: Mimikyu\n|-boost|p2a: Mimikyu|atk|2\n|move|p1a: Hippowdon|Earthquake|p2a: Mimikyu\n|-damage|p2a: Mimikyu|17/100\n|\n|-weather|none\n|-heal|p1a: Hippowdon|73/100 par|[from] item: Leftovers\n|upkeep\n|turn|11\n|\n|t:|1776128377\n|move|p2a: Mimikyu|Play Rough|p1a: Hippowdon\n|-damage|p1a: Hippowdon|11/100 par\n|move|p1a: Hippowdon|Earthquake|p2a: Mimikyu\n|-damage|p2a: Mimikyu|0 fnt\n|faint|p2a: Mimikyu\n|\n|-heal|p1a: Hippowdon|17/100 par|[from] item: Leftovers\n|upkeep\n|j| p74\n|\n|t:|1776128380\n|switch|p2a: Sneasler|Sneasler, L50, F|89/100\n|turn|12\n|\n|t:|1776128382\n|move|p2a: Sneasler|Close Combat|p1a: Hippowdon\n|-crit|p1a: Hippowdon\n|-damage|p1a: Hippowdon|0 fnt\n|-unboost|p2a: Sneasler|def|1\n|-unboost|p2a: Sneasler|spd|1\n|faint|p1a: Hippowdon\n|\n|upkeep\n|\n|t:|1776128385\n|switch|p1a: Gengar|Gengar-Mega, L50, F, shiny|89/100\n|turn|13\n|\n|t:|1776128387\n|move|p1a: Gengar|Shadow Ball|p2a: Sneasler\n|-damage|p2a: Sneasler|0 fnt\n|faint|p2a: Sneasler\n|\n|win|PlatinumPassport\n|raw|PlatinumPassport's rating: 1314 &rarr; <strong>1339</strong><br />(+25 for winning)\n|raw|BJZJS's rating: 1410 &rarr; <strong>1385</strong><br />(-25 for losing)\n|l|\u2606BJZJS\n|player|p2|\n|l|\u2606PlatinumPassport\n|player|p1|\n",
  "uploadtime": 1776128459,
  "views": 15,
  "formatid": "gen9championsbssregma",
  "rating": 1339,
  "private": 0,
  "password": null
}