{
  "id": "gen9championsbssregma-2582153392",
  "format": "[Gen 9 Champions] BSS Reg M-A",
  "players": [
    "gta100422",
    "ssslizard"
  ],
  "log": "|j|\u2606gta100422\n|j|\u2606ssslizard\n|t:|1776064858\n|gametype|singles\n|player|p1|gta100422|veteran|1219\n|player|p2|ssslizard|266|1244\n|gen|9\n|tier|[Gen 9 Champions] BSS Reg M-A\n|rated|\n|rule|Species Clause: Limit one of each Pok\u00e9mon\n|rule|Item Clause: Limit 1 of each item\n|clearpoke\n|poke|p1|Corviknight, L50, M|\n|poke|p1|Delphox, L50, M|\n|poke|p1|Garchomp, L50, F|\n|poke|p1|Venusaur, L50, F|\n|poke|p1|Rotom-Wash, L50|\n|poke|p1|Mimikyu, L50, M|\n|poke|p2|Lopunny, L50, F|\n|poke|p2|Rotom-Heat, L50|\n|poke|p2|Toxapex, L50, M|\n|poke|p2|Meowscarada, L50, M|\n|poke|p2|Kingambit, L50, M|\n|poke|p2|Hippowdon, L50, F|\n|teampreview|3\n|inactive|Battle timer is ON: inactive players will automatically lose when time's up. (requested by gta100422)\n|inactive|ssslizard has 60 seconds left.\n|j| p74\n|inactive|ssslizard has 30 seconds left.\n|inactive|ssslizard has 20 seconds left.\n|\n|t:|1776064932\n|teamsize|p1|3\n|teamsize|p2|3\n|start\n|switch|p1a: Mimikyu|Mimikyu, L50, M|100/100\n|switch|p2a: Rotom|Rotom-Heat, L50|100/100\n|turn|1\n|\n|t:|1776064949\n|move|p1a: Mimikyu|Taunt|p2a: Rotom\n|-start|p2a: Rotom|move: Taunt\n|cant|p2a: Rotom|move: Taunt|Will-O-Wisp\n|\n|upkeep\n|turn|2\n|inactive|ssslizard has 30 seconds left.\n|\n|t:|1776064983\n|move|p1a: Mimikyu|Swords Dance|p1a: Mimikyu\n|-boost|p1a: Mimikyu|atk|2\n|move|p2a: Rotom|Thunderbolt|p1a: Mimikyu\n|-activate|p1a: Mimikyu|ability: Disguise\n|-damage|p1a: Mimikyu|100/100\n|-status|p1a: Mimikyu|par\n|detailschange|p1a: Mimikyu|Mimikyu-Busted, L50, M\n|-damage|p1a: Mimikyu|88/100 par|[from] pokemon: Mimikyu-Busted\n|\n|upkeep\n|turn|3\n|\n|t:|1776064995\n|move|p1a: Mimikyu|Shadow Sneak|p2a: Rotom\n|-damage|p2a: Rotom|66/100\n|move|p2a: Rotom|Thunderbolt|p1a: Mimikyu\n|-damage|p1a: Mimikyu|49/100 par\n|\n|-end|p2a: Rotom|move: Taunt\n|upkeep\n|turn|4\n|\n|t:|1776065000\n|move|p1a: Mimikyu|Shadow Sneak|p2a: Rotom\n|-damage|p2a: Rotom|34/100\n|-enditem|p2a: Rotom|Sitrus Berry|[eat]\n|-heal|p2a: Rotom|58/100|[from] item: Sitrus Berry\n|move|p2a: Rotom|Overheat|p1a: Mimikyu\n|-damage|p1a: Mimikyu|0 fnt\n|-unboost|p2a: Rotom|spa|2\n|faint|p1a: Mimikyu\n|\n|upkeep\n|\n|t:|1776065002\n|switch|p1a: Garchomp|Garchomp, L50, F|100/100\n|turn|5\n|\n|t:|1776065005\n|move|p1a: Garchomp|Rock Tomb|p2a: Rotom\n|-supereffective|p2a: Rotom|1\n|-damage|p2a: Rotom|23/100\n|-unboost|p2a: Rotom|spe|1\n|move|p2a: Rotom|Will-O-Wisp|p1a: Garchomp\n|-status|p1a: Garchomp|brn\n|\n|-damage|p1a: Garchomp|95/100 brn|[from] brn\n|upkeep\n|turn|6\n|\n|t:|1776065010\n|switch|p2a: Meowscarada|Meowscarada, L50, M|100/100\n|move|p1a: Garchomp|Rock Tomb|p2a: Meowscarada\n|-damage|p2a: Meowscarada|85/100\n|-unboost|p2a: Meowscarada|spe|1\n|\n|-damage|p1a: Garchomp|89/100 brn|[from] brn\n|upkeep\n|turn|7\n|\n|t:|1776065016\n|move|p1a: Garchomp|Rock Tomb|p2a: Meowscarada\n|-damage|p2a: Meowscarada|69/100\n|-unboost|p2a: Meowscarada|spe|1\n|move|p2a: Meowscarada|Triple Axel|p1a: Garchomp\n|-start|p2a: Meowscarada|typechange|Ice|[from] ability: Protean\n|-supereffective|p1a: Garchomp|2\n|-crit|p1a: Garchomp\n|-damage|p1a: Garchomp|28/100 brn\n|-damage|p2a: Meowscarada|57/100|[from] ability: Rough Skin|[of] p1a: Garchomp\n|-supereffective|p1a: Garchomp|2\n|-damage|p1a: Garchomp|0 fnt\n|-damage|p2a: Meowscarada|45/100|[from] ability: Rough Skin|[of] p1a: Garchomp\n|faint|p1a: Garchomp\n|-hitcount|p1: Garchomp|2\n|\n|upkeep\n|\n|t:|1776065018\n|switch|p1a: Delphox|Delphox, L50, M|100/100\n|turn|8\n|\n|t:|1776065022\n|switch|p2a: Rotom|Rotom-Heat, L50|23/100\n|detailschange|p1a: Delphox|Delphox-Mega, L50, M\n|-mega|p1a: Delphox|Delphox|Delphoxite\n|move|p1a: Delphox|Flamethrower|p2a: Rotom\n|-resisted|p2a: Rotom|1\n|-damage|p2a: Rotom|0 fnt\n|faint|p2a: Rotom\n|\n|upkeep\n|\n|t:|1776065024\n|switch|p2a: Meowscarada|Meowscarada, L50, M|45/100\n|turn|9\n|\n|t:|1776065033\n|move|p2a: Meowscarada|U-turn|p1a: Delphox\n|-start|p2a: Meowscarada|typechange|Bug|[from] ability: Protean\n|-crit|p1a: Delphox\n|-damage|p1a: Delphox|28/100\n|\n|t:|1776065035\n|switch|p2a: Kingambit|Kingambit, L50, M|100/100|[from] U-turn\n|-activate|p2a: Kingambit|ability: Supreme Overlord\n|-start|p2a: Kingambit|fallen1|[silent]\n|move|p1a: Delphox|Flamethrower|p2a: Kingambit\n|-supereffective|p2a: Kingambit|1\n|-crit|p2a: Kingambit\n|-damage|p2a: Kingambit|0 fnt\n|faint|p2a: Kingambit\n|-end|p2a: Kingambit|fallen1|[silent]\n|\n|upkeep\n|\n|t:|1776065040\n|switch|p2a: Meowscarada|Meowscarada, L50, M|45/100\n|turn|10\n|\n|t:|1776065042\n|move|p2a: Meowscarada|Knock Off|p1a: Delphox\n|-start|p2a: Meowscarada|typechange|Dark|[from] ability: Protean\n|-supereffective|p1a: Delphox|1\n|-damage|p1a: Delphox|0 fnt\n|faint|p1a: Delphox\n|\n|win|ssslizard\n|raw|gta100422's rating: 1219 &rarr; <strong>1196</strong><br />(-23 for losing)\n|raw|ssslizard's rating: 1244 &rarr; <strong>1267</strong><br />(+23 for winning)\n|l|\u2606gta100422\n|player|p1|\n|l|\u2606ssslizard\n|player|p2|\n",
  "uploadtime": 1776065102,
  "views": 3,
  "formatid": "gen9championsbssregma",
  "rating": 1196,
  "private": 0,
  "password": null
}