{
  "id": "gen9championsbssregma-2588002506",
  "format": "[Gen 9 Champions] BSS Reg M-A",
  "players": [
    "Iron0417",
    "noah2772"
  ],
  "log": "|j|\u2606Iron0417\n|j|\u2606noah2772\n|t:|1776591373\n|gametype|singles\n|player|p1|Iron0417|red|1193\n|player|p2|noah2772|101|1231\n|gen|9\n|tier|[Gen 9 Champions] BSS Reg M-A\n|rated|\n|rule|Species Clause: Limit one of each Pok\u00e9mon\n|rule|Item Clause: Limit 1 of each item\n|clearpoke\n|poke|p1|Rotom-Mow, L50|\n|poke|p1|Charizard, L50, M|\n|poke|p1|Corviknight, L50, M|\n|poke|p1|Primarina, L50, M|\n|poke|p1|Aegislash, L50, M|\n|poke|p1|Garchomp, L50, M|\n|poke|p2|Hippowdon, L50, M, shiny|\n|poke|p2|Charizard, L50, F, shiny|\n|poke|p2|Corviknight, L50, M, shiny|\n|poke|p2|Tyranitar, L50, M, shiny|\n|poke|p2|Serperior, L50, F, shiny|\n|poke|p2|Mimikyu, L50, F, shiny|\n|teampreview|3\n|j| p74\n|inactive|Battle timer is ON: inactive players will automatically lose when time's up. (requested by noah2772)\n|inactive|Iron0417 has 60 seconds left.\n|inactiveoff|Battle timer is now OFF.\n|inactive|Battle timer is ON: inactive players will automatically lose when time's up. (requested by noah2772)\n|inactive|Iron0417 has 30 seconds left.\n|inactive|Iron0417 has 20 seconds left.\n|inactive|Iron0417 has 15 seconds left.\n|inactive|Iron0417 has 10 seconds left.\n|inactive|Iron0417 has 5 seconds left.\n|\n|t:|1776591643\n|teamsize|p1|3\n|teamsize|p2|3\n|start\n|switch|p1a: Rotom|Rotom-Mow, L50|100/100\n|switch|p2a: Serperior|Serperior, L50, F, shiny|100/100\n|turn|1\n|inactive|Iron0417 has 30 seconds left.\n|inactive|Iron0417 has 20 seconds left.\n|inactive|Iron0417 has 15 seconds left.\n|inactive|Iron0417 has 10 seconds left.\n|inactive|Iron0417 has 5 seconds left.\n|\n|t:|1776591698\n|move|p2a: Serperior|Reflect|p2a: Serperior\n|-sidestart|p2: noah2772|Reflect\n|move|p1a: Rotom|Leaf Storm|p2a: Serperior\n|-resisted|p2a: Serperior|1\n|-damage|p2a: Serperior|72/100\n|-unboost|p1a: Rotom|spa|2\n|\n|upkeep\n|turn|2\n|inactive|Iron0417 also wants the timer to be on.\n|\n|t:|1776591713\n|move|p2a: Serperior|Leaf Storm|p1a: Rotom\n|-resisted|p1a: Rotom|1\n|-crit|p1a: Rotom\n|-damage|p1a: Rotom|65/100\n|-boost|p2a: Serperior|spa|2\n|move|p1a: Rotom|Volt Switch|p2a: Serperior\n|-resisted|p2a: Serperior|1\n|-damage|p2a: Serperior|65/100\n|\n|t:|1776591720\n|switch|p1a: Charizard|Charizard, L50, M|100/100|[from] Volt Switch\n|\n|upkeep\n|turn|3\n|\n|t:|1776591737\n|detailschange|p1a: Charizard|Charizard-Mega-Y, L50, M\n|-mega|p1a: Charizard|Charizard|Charizardite Y\n|-weather|SunnyDay|[from] ability: Drought|[of] p1a: Charizard\n|move|p2a: Serperior|Synthesis|p2a: Serperior\n|-heal|p2a: Serperior|100/100\n|move|p1a: Charizard|Flamethrower|p2a: Serperior\n|-supereffective|p2a: Serperior|1\n|-enditem|p2a: Serperior|Focus Sash\n|-damage|p2a: Serperior|1/100\n|\n|-weather|SunnyDay|[upkeep]\n|upkeep\n|turn|4\n|\n|t:|1776591754\n|move|p2a: Serperior|Leaf Storm|p1a: Charizard\n|-resisted|p1a: Charizard|2\n|-damage|p1a: Charizard|83/100\n|-boost|p2a: Serperior|spa|2\n|move|p1a: Charizard|Flamethrower|p2a: Serperior\n|-supereffective|p2a: Serperior|1\n|-damage|p2a: Serperior|0 fnt\n|faint|p2a: Serperior\n|\n|-weather|SunnyDay|[upkeep]\n|upkeep\n|\n|t:|1776591764\n|switch|p2a: Tyranitar|Tyranitar, L50, M, shiny|100/100\n|-weather|Sandstorm|[from] ability: Sand Stream|[of] p2a: Tyranitar\n|turn|5\n|\n|t:|1776591776\n|switch|p1a: Corviknight|Corviknight, L50, M|100/100\n|-ability|p1a: Corviknight|Pressure\n|move|p2a: Tyranitar|Dragon Dance|p2a: Tyranitar\n|-boost|p2a: Tyranitar|atk|1\n|-boost|p2a: Tyranitar|spe|1\n|\n|-weather|Sandstorm|[upkeep]\n|-sideend|p2: noah2772|Reflect\n|upkeep\n|turn|6\n|\n|t:|1776591786\n|switch|p2a: Corviknight|Corviknight, L50, M, shiny|100/100\n|move|p1a: Corviknight|Iron Defense|p1a: Corviknight\n|-boost|p1a: Corviknight|def|2\n|\n|-weather|Sandstorm|[upkeep]\n|upkeep\n|turn|7\n|\n|t:|1776591794\n|move|p2a: Corviknight|Taunt|p1a: Corviknight\n|-start|p1a: Corviknight|move: Taunt\n|move|p1a: Corviknight|U-turn|p2a: Corviknight\n|-resisted|p2a: Corviknight|2\n|-damage|p2a: Corviknight|98/100\n|\n|t:|1776591799\n|switch|p1a: Rotom|Rotom-Mow, L50|65/100|[from] U-turn\n|\n|-weather|Sandstorm|[upkeep]\n|-damage|p1a: Rotom|60/100|[from] Sandstorm\n|-heal|p2a: Corviknight|100/100|[from] item: Leftovers\n|upkeep\n|turn|8\n|\n|t:|1776591820\n|move|p1a: Rotom|Thunderbolt|p2a: Corviknight\n|-supereffective|p2a: Corviknight|1\n|-damage|p2a: Corviknight|18/100\n|-status|p2a: Corviknight|par\n|move|p2a: Corviknight|Brave Bird|p1a: Rotom\n|-damage|p1a: Rotom|0 fnt\n|faint|p1a: Rotom\n|-damage|p2a: Corviknight|5/100 par|[from] Recoil\n|\n|-weather|Sandstorm|[upkeep]\n|-heal|p2a: Corviknight|11/100 par|[from] item: Leftovers\n|upkeep\n|\n|t:|1776591833\n|switch|p1a: Corviknight|Corviknight, L50, M|100/100\n|-ability|p1a: Corviknight|Pressure\n|turn|9\n|\n|t:|1776591838\n|move|p1a: Corviknight|Body Press|p2a: Corviknight\n|-damage|p2a: Corviknight|0 fnt\n|faint|p2a: Corviknight\n|\n|-weather|none\n|upkeep\n|-message|noah2772 forfeited.\n|\n|win|Iron0417\n|raw|Iron0417's rating: 1193 &rarr; <strong>1221</strong><br />(+28 for winning)\n|raw|noah2772's rating: 1231 &rarr; <strong>1203</strong><br />(-28 for losing)\n|l|\u2606Iron0417\n|player|p1|\n|l|\u2606noah2772\n|player|p2|\n",
  "uploadtime": 1776593340,
  "views": 3,
  "formatid": "gen9championsbssregma",
  "rating": 1203,
  "private": 0,
  "password": null
}