{
  "id": "gen9championsbssregma-2580702672",
  "format": "[Gen 9 Champions] BSS Reg M-A",
  "players": [
    "Meteorplayz_",
    "crazybear77"
  ],
  "log": "|j|\u2606Meteorplayz_\n|j|\u2606crazybear77\n|t:|1775925552\n|gametype|singles\n|player|p1|Meteorplayz_|winona-gen6|1069\n|player|p2|crazybear77|hiker-gen4|1151\n|gen|9\n|tier|[Gen 9 Champions] BSS Reg M-A\n|rated|\n|rule|Species Clause: Limit one of each Pok\u00e9mon\n|rule|Item Clause: Limit 1 of each item\n|clearpoke\n|poke|p1|Meowscarada, L50, M|\n|poke|p1|Milotic, L50, F|\n|poke|p1|Aegislash, L50, M|\n|poke|p1|Dragonite, L50, F|\n|poke|p1|Slowking-Galar, L50, M|\n|poke|p1|Lopunny, L50, M|\n|poke|p2|Lopunny, L50, F|\n|poke|p2|Slowking-Galar, L50, F|\n|poke|p2|Kingambit, L50, M|\n|poke|p2|Garchomp, L50, M|\n|poke|p2|Delphox, L50, F|\n|poke|p2|Azumarill, L50, F|\n|teampreview|3\n|inactive|Battle timer is ON: inactive players will automatically lose when time's up. (requested by crazybear77)\n|\n|t:|1775925574\n|teamsize|p1|3\n|teamsize|p2|3\n|start\n|switch|p1a: Meowscarada|Meowscarada, L50, M|100/100\n|switch|p2a: Lopunny|Lopunny, L50, F|100/100\n|turn|1\n|\n|t:|1775925581\n|detailschange|p2a: Lopunny|Lopunny-Mega, L50, F\n|-mega|p2a: Lopunny|Lopunny|Lopunnite\n|move|p2a: Lopunny|Fake Out|p1a: Meowscarada\n|-damage|p1a: Meowscarada|65/100\n|cant|p1a: Meowscarada|flinch\n|\n|upkeep\n|turn|2\n|\n|t:|1775925590\n|switch|p2a: Kingambit|Kingambit, L50, M|100/100\n|move|p1a: Meowscarada|Flower Trick|p2a: Kingambit\n|-start|p1a: Meowscarada|typechange|Grass|[from] ability: Protean\n|-resisted|p2a: Kingambit|1\n|-crit|p2a: Kingambit\n|-damage|p2a: Kingambit|82/100\n|\n|upkeep\n|turn|3\n|\n|t:|1775925601\n|switch|p1a: Lopunny|Lopunny, L50, M|100/100\n|move|p2a: Kingambit|Kowtow Cleave|p1a: Lopunny\n|-damage|p1a: Lopunny|32/100\n|\n|upkeep\n|turn|4\n|\n|t:|1775925609\n|-end|p2a: Kingambit|fallenundefined|[silent]\n|switch|p2a: Azumarill|Azumarill, L50, F|100/100\n|detailschange|p1a: Lopunny|Lopunny-Mega, L50, M\n|-mega|p1a: Lopunny|Lopunny|Lopunnite\n|move|p1a: Lopunny|Fake Out|p2a: Azumarill\n|-damage|p2a: Azumarill|72/100\n|\n|upkeep\n|turn|5\n|\n|t:|1775925619\n|move|p1a: Lopunny|U-turn|p2a: Azumarill\n|-resisted|p2a: Azumarill|1\n|-damage|p2a: Azumarill|55/100\n|\n|t:|1775925631\n|switch|p1a: Meowscarada|Meowscarada, L50, M|65/100|[from] U-turn\n|move|p2a: Azumarill|Play Rough|p1a: Meowscarada\n|-supereffective|p1a: Meowscarada|1\n|-damage|p1a: Meowscarada|0 fnt\n|faint|p1a: Meowscarada\n|\n|upkeep\n|\n|t:|1775925633\n|switch|p1a: Dragonite|Dragonite, L50, F|100/100\n|turn|6\n|\n|t:|1775925643\n|move|p1a: Dragonite|Dragon Dance|p1a: Dragonite\n|-boost|p1a: Dragonite|atk|1\n|-boost|p1a: Dragonite|spe|1\n|move|p2a: Azumarill|Play Rough|p1a: Dragonite\n|-supereffective|p1a: Dragonite|1\n|-damage|p1a: Dragonite|40/100\n|-enditem|p1a: Dragonite|Sitrus Berry|[eat]\n|-heal|p1a: Dragonite|65/100|[from] item: Sitrus Berry\n|\n|upkeep\n|turn|7\n|\n|t:|1775925653\n|move|p1a: Dragonite|Extreme Speed|p2a: Azumarill\n|-damage|p2a: Azumarill|0 fnt\n|faint|p2a: Azumarill\n|\n|upkeep\n|\n|t:|1775925659\n|switch|p2a: Kingambit|Kingambit, L50, M|82/100\n|-activate|p2a: Kingambit|ability: Supreme Overlord\n|-start|p2a: Kingambit|fallen1|[silent]\n|turn|8\n|\n|t:|1775925665\n|move|p1a: Dragonite|Brick Break|p2a: Kingambit\n|-supereffective|p2a: Kingambit|2\n|-crit|p2a: Kingambit\n|-enditem|p2a: Kingambit|Chople Berry|[eat]\n|-enditem|p2a: Kingambit|Chople Berry|[weaken]\n|-damage|p2a: Kingambit|0 fnt\n|faint|p2a: Kingambit\n|-end|p2a: Kingambit|fallen1|[silent]\n|\n|upkeep\n|\n|t:|1775925672\n|switch|p2a: Lopunny|Lopunny-Mega, L50, F|100/100\n|turn|9\n|\n|t:|1775925675\n|move|p2a: Lopunny|Fake Out|p1a: Dragonite\n|-damage|p1a: Dragonite|41/100\n|cant|p1a: Dragonite|flinch\n|\n|upkeep\n|turn|10\n|\n|t:|1775925680\n|move|p2a: Lopunny|Ice Punch|p1a: Dragonite\n|-supereffective|p1a: Dragonite|2\n|-damage|p1a: Dragonite|0 fnt\n|faint|p1a: Dragonite\n|\n|upkeep\n|\n|t:|1775925684\n|switch|p1a: Lopunny|Lopunny-Mega, L50, M|32/100\n|turn|11\n|\n|t:|1775925688\n|move|p1a: Lopunny|Fake Out|p2a: Lopunny\n|-damage|p2a: Lopunny|73/100\n|cant|p2a: Lopunny|flinch\n|\n|upkeep\n|turn|12\n|\n|t:|1775925693\n|move|p1a: Lopunny|Close Combat|p2a: Lopunny\n|-supereffective|p2a: Lopunny|1\n|-damage|p2a: Lopunny|0 fnt\n|-unboost|p1a: Lopunny|def|1\n|-unboost|p1a: Lopunny|spd|1\n|faint|p2a: Lopunny\n|\n|win|Meteorplayz_\n|raw|Meteorplayz_'s rating: 1069 &rarr; <strong>1106</strong><br />(+37 for winning)\n|raw|crazybear77's rating: 1151 &rarr; <strong>1120</strong><br />(-31 for losing)\n",
  "uploadtime": 1775925693,
  "views": 15,
  "formatid": "gen9championsbssregma",
  "rating": 1106,
  "private": 0,
  "password": null
}