{
  "id": "gen9championsbssregma-2583411710",
  "format": "[Gen 9 Champions] BSS Reg M-A",
  "players": [
    "keresya",
    "Tunderboltz"
  ],
  "log": "|j|\u2606keresya\n|j|\u2606Tunderboltz\n|t:|1776173887\n|gametype|singles\n|player|p1|keresya|veteran|1205\n|player|p2|Tunderboltz|drayton|1271\n|gen|9\n|tier|[Gen 9 Champions] BSS Reg M-A\n|rated|\n|rule|Species Clause: Limit one of each Pok\u00e9mon\n|rule|Item Clause: Limit 1 of each item\n|clearpoke\n|poke|p1|Meganium, L50, F|\n|poke|p1|Palafin, L50, M|\n|poke|p1|Volcarona, L50, F|\n|poke|p1|Kingambit, L50, M|\n|poke|p1|Froslass, L50, F|\n|poke|p1|Dragonite, L50, F|\n|poke|p2|Samurott-Hisui, L50, M|\n|poke|p2|Aegislash, L50, M|\n|poke|p2|Hatterene, L50, F|\n|poke|p2|Garchomp, L50, M|\n|poke|p2|Tyranitar, L50, M|\n|poke|p2|Charizard, L50, M|\n|teampreview|3\n|inactive|Battle timer is ON: inactive players will automatically lose when time's up. (requested by Tunderboltz)\n|\n|t:|1776173917\n|teamsize|p1|3\n|teamsize|p2|3\n|start\n|switch|p1a: Froslass|Froslass, L50, F, shiny|100/100\n|switch|p2a: Omega|Tyranitar, L50, M|100/100\n|-weather|Sandstorm|[from] ability: Sand Stream|[of] p2a: Omega\n|turn|1\n|\n|t:|1776173931\n|detailschange|p1a: Froslass|Froslass-Mega, L50, F, shiny\n|-mega|p1a: Froslass|Froslass|Froslassite\n|-weather|Snowscape|[from] ability: Snow Warning|[of] p1a: Froslass\n|move|p1a: Froslass|Taunt|p2a: Omega\n|-start|p2a: Omega|move: Taunt\n|cant|p2a: Omega|move: Taunt|Dragon Dance\n|\n|-weather|Snowscape|[upkeep]\n|upkeep\n|turn|2\n|\n|t:|1776173941\n|move|p1a: Froslass|Aurora Veil|p1a: Froslass\n|-sidestart|p1: keresya|move: Aurora Veil\n|move|p2a: Omega|Stone Edge|p1a: Froslass\n|-supereffective|p1a: Froslass|1\n|-damage|p1a: Froslass|41/100\n|\n|-weather|Snowscape|[upkeep]\n|upkeep\n|turn|3\n|\n|t:|1776173951\n|switch|p1a: Kingambit|Kingambit, L50, M, shiny|100/100\n|switch|p2a: Dante|Aegislash, L50, M, shiny|100/100\n|\n|-weather|Snowscape|[upkeep]\n|upkeep\n|turn|4\n|\n|t:|1776173962\n|move|p1a: Kingambit|Kowtow Cleave|p2a: Dante\n|-supereffective|p2a: Dante|1\n|-damage|p2a: Dante|0 fnt\n|faint|p2a: Dante\n|\n|-weather|Snowscape|[upkeep]\n|upkeep\n|\n|t:|1776173966\n|switch|p2a: Omega|Tyranitar, L50, M|100/100\n|-weather|Sandstorm|[from] ability: Sand Stream|[of] p2a: Omega\n|turn|5\n|\n|t:|1776173972\n|move|p2a: Omega|Low Kick|p1a: Kingambit\n|-supereffective|p1a: Kingambit|2\n|-damage|p1a: Kingambit|35/100\n|move|p1a: Kingambit|Low Kick|p2a: Omega\n|-supereffective|p2a: Omega|2\n|-enditem|p2a: Omega|Chople Berry|[eat]\n|-enditem|p2a: Omega|Chople Berry|[weaken]\n|-damage|p2a: Omega|6/100\n|\n|-weather|Sandstorm|[upkeep]\n|upkeep\n|turn|6\n|\n|t:|1776173981\n|move|p1a: Kingambit|Sucker Punch|p2a: Omega\n|-resisted|p2a: Omega|1\n|-damage|p2a: Omega|0 fnt\n|faint|p2a: Omega\n|\n|-weather|Sandstorm|[upkeep]\n|-sideend|p1: keresya|move: Aurora Veil\n|upkeep\n|\n|t:|1776173985\n|switch|p2a: Vergil|Garchomp, L50, M|100/100\n|turn|7\n|j| p74\n|c|\u2606Tunderboltz|gg dude\n|\n|t:|1776173991\n|move|p2a: Vergil|Swords Dance|p2a: Vergil\n|-boost|p2a: Vergil|atk|2\n|move|p1a: Kingambit|Kowtow Cleave|p2a: Vergil\n|-damage|p2a: Vergil|34/100\n|\n|-weather|Sandstorm|[upkeep]\n|upkeep\n|turn|8\n|\n|t:|1776173998\n|move|p1a: Kingambit|Sucker Punch|p2a: Vergil|[miss]\n|-miss|p1a: Kingambit|p2a: Vergil\n|move|p2a: Vergil|Scale Shot|p1a: Kingambit\n|-resisted|p1a: Kingambit|1\n|-damage|p1a: Kingambit|24/100\n|-resisted|p1a: Kingambit|1\n|-damage|p1a: Kingambit|12/100\n|-hitcount|p1a: Kingambit|2\n|-unboost|p2a: Vergil|def|1\n|-boost|p2a: Vergil|spe|1\n|\n|-weather|Sandstorm|[upkeep]\n|upkeep\n|turn|9\n|\n|t:|1776174010\n|move|p1a: Kingambit|Sucker Punch|p2a: Vergil\n|-damage|p2a: Vergil|0 fnt\n|faint|p2a: Vergil\n|\n|win|keresya\n|raw|keresya's rating: 1205 &rarr; <strong>1235</strong><br />(+30 for winning)\n|raw|Tunderboltz's rating: 1271 &rarr; <strong>1241</strong><br />(-30 for losing)\n|l|\u2606Tunderboltz\n|player|p2|\n|l|\u2606keresya\n|player|p1|\n",
  "uploadtime": 1776174049,
  "views": 2,
  "formatid": "gen9championsbssregma",
  "rating": 1235,
  "private": 0,
  "password": null
}