{
  "id": "gen9championsbssregma-2582993505",
  "format": "[Gen 9 Champions] BSS Reg M-A",
  "players": [
    "hoshigumo1101",
    "ssslizard"
  ],
  "log": "|j|\u2606hoshigumo1101\n|j|\u2606ssslizard\n|t:|1776131574\n|gametype|singles\n|player|p1|hoshigumo1101|acetrainerf|1275\n|player|p2|ssslizard|170|1296\n|gen|9\n|tier|[Gen 9 Champions] BSS Reg M-A\n|rated|\n|rule|Species Clause: Limit one of each Pok\u00e9mon\n|rule|Item Clause: Limit 1 of each item\n|clearpoke\n|poke|p1|Lopunny, L50, F|\n|poke|p1|Garchomp, L50, M|\n|poke|p1|Kingambit, L50, F|\n|poke|p1|Corviknight, L50, F|\n|poke|p1|Primarina, L50, F|\n|poke|p1|Delphox, L50, M|\n|poke|p2|Lopunny, L50, M|\n|poke|p2|Rotom-Heat, L50|\n|poke|p2|Toxapex, L50, M|\n|poke|p2|Meowscarada, L50, M|\n|poke|p2|Kingambit, L50, M|\n|poke|p2|Hippowdon, L50, M|\n|teampreview|3\n|inactive|Battle timer is ON: inactive players will automatically lose when time's up. (requested by hoshigumo1101)\n|\n|t:|1776131613\n|teamsize|p1|3\n|teamsize|p2|3\n|start\n|switch|p1a: Primarina|Primarina, L50, F|100/100\n|switch|p2a: Lopunny|Lopunny, L50, M|100/100\n|turn|1\n|j| bromerta\n|\n|t:|1776131638\n|switch|p1a: Corviknight|Corviknight, L50, F|100/100\n|-ability|p1a: Corviknight|Pressure\n|detailschange|p2a: Lopunny|Lopunny-Mega, L50, M\n|-mega|p2a: Lopunny|Lopunny|Lopunnite\n|move|p2a: Lopunny|Fake Out|p1a: Corviknight\n|-resisted|p1a: Corviknight|1\n|-damage|p1a: Corviknight|95/100\n|\n|-heal|p1a: Corviknight|100/100|[from] item: Leftovers\n|upkeep\n|turn|2\n|\n|t:|1776131643\n|switch|p2a: Rotom|Rotom-Heat, L50|100/100\n|move|p1a: Corviknight|U-turn|p2a: Rotom\n|-resisted|p2a: Rotom|1\n|-damage|p2a: Rotom|95/100\n|\n|t:|1776131648\n|switch|p1a: Delphox|Delphox, L50, M|100/100|[from] U-turn\n|\n|upkeep\n|turn|3\n|\n|t:|1776131669\n|switch|p2a: Meowscarada|Meowscarada, L50, M|100/100\n|detailschange|p1a: Delphox|Delphox-Mega, L50, M\n|-mega|p1a: Delphox|Delphox|Delphoxite\n|move|p1a: Delphox|Psyshock|p2a: Meowscarada\n|-immune|p2a: Meowscarada\n|\n|upkeep\n|turn|4\n|j| p74\n|\n|t:|1776131680\n|move|p2a: Meowscarada|Knock Off|p1a: Delphox\n|-start|p2a: Meowscarada|typechange|Dark|[from] ability: Protean\n|-supereffective|p1a: Delphox|1\n|-damage|p1a: Delphox|14/100\n|move|p1a: Delphox|Psyshock|p2a: Meowscarada\n|-immune|p2a: Meowscarada\n|\n|upkeep\n|turn|5\n|j| gawayneou\n|l|\u2606ssslizard\n|inactive|ssslizard disconnected and has a minute to reconnect!\n|player|p2|\n|j|\u2606ssslizard\n|inactive|ssslizard reconnected and has 35 seconds left.\n|player|p2|ssslizard|170|\n|inactive|ssslizard has 30 seconds left.\n|\n|t:|1776131708\n|move|p2a: Meowscarada|Knock Off|p1a: Delphox\n|-supereffective|p1a: Delphox|1\n|-damage|p1a: Delphox|0 fnt\n|faint|p1a: Delphox\n|\n|upkeep\n|\n|t:|1776131713\n|switch|p1a: Corviknight|Corviknight, L50, F|100/100\n|-ability|p1a: Corviknight|Pressure\n|turn|6\n|\n|t:|1776131718\n|switch|p2a: Rotom|Rotom-Heat, L50|95/100\n|move|p1a: Corviknight|U-turn|p2a: Rotom\n|-resisted|p2a: Rotom|1\n|-damage|p2a: Rotom|89/100\n|\n|t:|1776131720\n|switch|p1a: Primarina|Primarina, L50, F|100/100|[from] U-turn\n|\n|upkeep\n|turn|7\n|\n|t:|1776131726\n|move|p2a: Rotom|Volt Switch|p1a: Primarina\n|-supereffective|p1a: Primarina|1\n|-damage|p1a: Primarina|61/100\n|\n|t:|1776131728\n|switch|p2a: Meowscarada|Meowscarada, L50, M|100/100|[from] Volt Switch\n|move|p1a: Primarina|Flip Turn|p2a: Meowscarada\n|-resisted|p2a: Meowscarada|1\n|-damage|p2a: Meowscarada|89/100\n|\n|t:|1776131731\n|switch|p1a: Corviknight|Corviknight, L50, F|100/100|[from] Flip Turn\n|-ability|p1a: Corviknight|Pressure\n|\n|upkeep\n|turn|8\n|l| bromerta\n|\n|t:|1776131750\n|move|p2a: Meowscarada|Knock Off|p1a: Corviknight\n|-start|p2a: Meowscarada|typechange|Dark|[from] ability: Protean\n|-damage|p1a: Corviknight|71/100\n|-enditem|p1a: Corviknight|Leftovers|[from] move: Knock Off|[of] p2a: Meowscarada\n|move|p1a: Corviknight|Iron Defense|p1a: Corviknight\n|-boost|p1a: Corviknight|def|2\n|\n|upkeep\n|turn|9\n|j| bromerta\n|\n|t:|1776131757\n|switch|p2a: Rotom|Rotom-Heat, L50|89/100\n|move|p1a: Corviknight|Roost|p1a: Corviknight\n|-heal|p1a: Corviknight|100/100\n|-singleturn|p1a: Corviknight|move: Roost\n|\n|upkeep\n|turn|10\n|\n|t:|1776131760\n|move|p2a: Rotom|Thunderbolt|p1a: Corviknight\n|-supereffective|p1a: Corviknight|1\n|-damage|p1a: Corviknight|33/100\n|move|p1a: Corviknight|Body Press|p2a: Rotom\n|-damage|p2a: Rotom|44/100\n|-enditem|p2a: Rotom|Sitrus Berry|[eat]\n|-heal|p2a: Rotom|69/100|[from] item: Sitrus Berry\n|\n|upkeep\n|turn|11\n|\n|t:|1776131768\n|move|p2a: Rotom|Thunderbolt|p1a: Corviknight\n|-supereffective|p1a: Corviknight|1\n|-damage|p1a: Corviknight|0 fnt\n|faint|p1a: Corviknight\n|\n|upkeep\n|-message|hoshigumo1101 forfeited.\n|\n|win|ssslizard\n|raw|hoshigumo1101's rating: 1275 &rarr; <strong>1252</strong><br />(-23 for losing)\n|raw|ssslizard's rating: 1296 &rarr; <strong>1319</strong><br />(+23 for winning)\n|l|\u2606hoshigumo1101\n|player|p1|\n|l|\u2606ssslizard\n|player|p2|\n|l| bromerta\n",
  "uploadtime": 1776131840,
  "views": 2,
  "formatid": "gen9championsbssregma",
  "rating": 1252,
  "private": 0,
  "password": null
}