{
  "id": "gen9championsbssregma-2588029413",
  "format": "[Gen 9 Champions] BSS Reg M-A",
  "players": [
    "TrainerXayy",
    "adfsdfsdfsdaf"
  ],
  "log": "|j|\u2606TrainerXayy\n|j|\u2606adfsdfsdfsdaf\n|t:|1776595220\n|gametype|singles\n|player|p1|TrainerXayy|hilbert-wonderlauncher|1075\n|player|p2|adfsdfsdfsdaf|2|1052\n|gen|9\n|tier|[Gen 9 Champions] BSS Reg M-A\n|rated|\n|rule|Species Clause: Limit one of each Pok\u00e9mon\n|rule|Item Clause: Limit 1 of each item\n|clearpoke\n|poke|p1|Polteageist, L50|\n|poke|p1|Gardevoir, L50, M|\n|poke|p1|Rotom-Wash, L50|\n|poke|p1|Arcanine, L50, M|\n|poke|p1|Absol, L50, F|\n|poke|p1|Altaria, L50, M|\n|poke|p2|Feraligatr, L50, F|\n|poke|p2|Aegislash, L50, F|\n|poke|p2|Garchomp, L50, F|\n|poke|p2|Rotom-Heat, L50|\n|poke|p2|Venusaur, L50, F|\n|poke|p2|Clefable, L50, F|\n|teampreview|3\n|inactive|Battle timer is ON: inactive players will automatically lose when time's up. (requested by TrainerXayy)\n|\n|t:|1776595238\n|teamsize|p1|3\n|teamsize|p2|3\n|start\n|switch|p1a: Rotom|Rotom-Wash, L50|100/100\n|switch|p2a: Venusaur|Venusaur, L50, F|100/100\n|turn|1\n|\n|t:|1776595245\n|switch|p1a: Arcanine|Arcanine, L50, M|100/100\n|-ability|p1a: Arcanine|Intimidate|boost\n|-unboost|p2a: Venusaur|atk|1\n|detailschange|p2a: Venusaur|Venusaur-Mega, L50, F\n|-mega|p2a: Venusaur|Venusaur|Venusaurite\n|move|p2a: Venusaur|Sludge Wave|p1a: Arcanine\n|-damage|p1a: Arcanine|53/100\n|\n|upkeep\n|turn|2\n|\n|t:|1776595257\n|move|p1a: Arcanine|Flare Blitz|p2a: Venusaur\n|-supereffective|p2a: Venusaur|1\n|-damage|p2a: Venusaur|59/100\n|-damage|p1a: Arcanine|37/100|[from] Recoil\n|move|p2a: Venusaur|Earth Power|p1a: Arcanine\n|-supereffective|p1a: Arcanine|1\n|-damage|p1a: Arcanine|0 fnt\n|faint|p1a: Arcanine\n|\n|upkeep\n|\n|t:|1776595264\n|switch|p1a: Gardevoir|Gardevoir, L50, M|100/100\n|-ability|p1a: Gardevoir|Thick Fat|Trace|[from] ability: Trace|[of] p2a: Venusaur\n|turn|3\n|\n|t:|1776595270\n|detailschange|p1a: Gardevoir|Gardevoir-Mega, L50, M\n|-mega|p1a: Gardevoir|Gardevoir|Gardevoirite\n|move|p1a: Gardevoir|Psychic|p2a: Venusaur\n|-supereffective|p2a: Venusaur|1\n|-damage|p2a: Venusaur|0 fnt\n|faint|p2a: Venusaur\n|\n|upkeep\n|\n|t:|1776595274\n|switch|p2a: Aegislash|Aegislash, L50, F|100/100\n|turn|4\n|\n|t:|1776595279\n|switch|p1a: Rotom|Rotom-Wash, L50|100/100\n|-formechange|p2a: Aegislash|Aegislash-Blade|\n|move|p2a: Aegislash|Shadow Ball|p1a: Rotom\n|-damage|p1a: Rotom|56/100\n|\n|-heal|p1a: Rotom|62/100|[from] item: Leftovers\n|upkeep\n|turn|5\n|\n|t:|1776595287\n|switch|p2a: Clefable|Clefable, L50, F|100/100\n|move|p1a: Rotom|Pain Split|p2a: Clefable\n|-sethp|p2a: Clefable|74/100|[from] move: Pain Split|[silent]\n|-sethp|p1a: Rotom|96/100|[from] move: Pain Split\n|\n|-heal|p1a: Rotom|100/100|[from] item: Leftovers\n|upkeep\n|turn|6\n|\n|t:|1776595293\n|move|p1a: Rotom|Volt Switch|p2a: Clefable\n|-damage|p2a: Clefable|49/100\n|-enditem|p2a: Clefable|Sitrus Berry|[eat]\n|-heal|p2a: Clefable|74/100|[from] item: Sitrus Berry\n|\n|t:|1776595297\n|switch|p1a: Gardevoir|Gardevoir-Mega, L50, M|100/100|[from] Volt Switch\n|move|p2a: Clefable|Moonblast|p1a: Gardevoir\n|-damage|p1a: Gardevoir|73/100\n|\n|upkeep\n|turn|7\n|\n|t:|1776595306\n|move|p1a: Gardevoir|Calm Mind|p1a: Gardevoir\n|-boost|p1a: Gardevoir|spa|1\n|-boost|p1a: Gardevoir|spd|1\n|move|p2a: Clefable|Thunder Wave|p1a: Gardevoir\n|-status|p1a: Gardevoir|par\n|\n|upkeep\n|turn|8\n|\n|t:|1776595312\n|move|p2a: Clefable|Moonblast|p1a: Gardevoir\n|-damage|p1a: Gardevoir|48/100 par\n|move|p1a: Gardevoir|Calm Mind|p1a: Gardevoir\n|-boost|p1a: Gardevoir|spa|1\n|-boost|p1a: Gardevoir|spd|1\n|\n|upkeep\n|turn|9\n|\n|t:|1776595319\n|move|p2a: Clefable|Moonblast|p1a: Gardevoir\n|-damage|p1a: Gardevoir|24/100 par\n|move|p1a: Gardevoir|Draining Kiss|p2a: Clefable\n|-crit|p2a: Clefable\n|-damage|p2a: Clefable|26/100\n|-heal|p1a: Gardevoir|65/100 par|[from] drain|[of] p2a: Clefable\n|\n|upkeep\n|turn|10\n|\n|t:|1776595325\n|move|p2a: Clefable|Moonblast|p1a: Gardevoir\n|-damage|p1a: Gardevoir|38/100 par\n|move|p1a: Gardevoir|Draining Kiss|p2a: Clefable\n|-damage|p2a: Clefable|0 fnt\n|-heal|p1a: Gardevoir|60/100 par|[from] drain|[of] p2a: Clefable\n|faint|p2a: Clefable\n|\n|upkeep\n|\n|t:|1776595330\n|switch|p2a: Aegislash|Aegislash, L50, F|100/100\n|turn|11\n|\n|t:|1776595338\n|-formechange|p2a: Aegislash|Aegislash-Blade|\n|move|p2a: Aegislash|Shadow Ball|p1a: Gardevoir\n|-supereffective|p1a: Gardevoir|1\n|-damage|p1a: Gardevoir|22/100 par\n|move|p1a: Gardevoir|Hyper Voice|p2a: Aegislash\n|-resisted|p2a: Aegislash|1\n|-damage|p2a: Aegislash|0 fnt\n|faint|p2a: Aegislash\n|\n|win|TrainerXayy\n|raw|TrainerXayy's rating: 1075 &rarr; <strong>1102</strong><br />(+27 for winning)\n|raw|adfsdfsdfsdaf's rating: 1052 &rarr; <strong>1035</strong><br />(-17 for losing)\n",
  "uploadtime": 1776595340,
  "views": 1,
  "formatid": "gen9championsbssregma",
  "rating": 1035,
  "private": 0,
  "password": null
}