{
  "id": "gen9championsbssregma-2584074043",
  "format": "[Gen 9 Champions] BSS Reg M-A",
  "players": [
    "goku s0los",
    "Reqedd"
  ],
  "log": "|j|\u2606goku s0los\n|j|\u2606Reqedd\n|t:|1776222494\n|gametype|singles\n|player|p1|goku s0los|266|1263\n|player|p2|Reqedd|swimmer|1198\n|gen|9\n|tier|[Gen 9 Champions] BSS Reg M-A\n|rated|\n|rule|Species Clause: Limit one of each Pok\u00e9mon\n|rule|Item Clause: Limit 1 of each item\n|clearpoke\n|poke|p1|Aggron, L50, F|\n|poke|p1|Serperior, L50, F|\n|poke|p1|Palafin, L50, F|\n|poke|p1|Gallade, L50, M|\n|poke|p1|Zoroark-Hisui, L50, M|\n|poke|p1|Arcanine-Hisui, L50, M|\n|poke|p2|Aggron, L50, F|\n|poke|p2|Pelipper, L50, F|\n|poke|p2|Salazzle, L50, F|\n|poke|p2|Greninja-*, L50, F|\n|poke|p2|Sneasler, L50, F|\n|poke|p2|Bellibolt, L50, M|\n|teampreview|3\n|j| p74\n|\n|t:|1776222524\n|teamsize|p1|3\n|teamsize|p2|3\n|start\n|switch|p1a: Serperior|Serperior, L50, F, shiny|100/100\n|switch|p2a: Weather Boy|Pelipper, L50, F|100/100\n|-weather|RainDance|[from] ability: Drizzle|[of] p2a: Weather Boy\n|turn|1\n|\n|t:|1776222535\n|move|p1a: Serperior|Nasty Plot|p1a: Serperior\n|-boost|p1a: Serperior|spa|2\n|move|p2a: Weather Boy|Hurricane|p1a: Serperior\n|-damage|p1a: Serperior|20/100\n|-start|p1a: Serperior|confusion\n|replace|p1a: Zoroark|Zoroark-Hisui, L50, M\n|-end|p1a: Zoroark|Illusion\n|\n|-weather|RainDance|[upkeep]\n|upkeep\n|turn|2\n|\n|t:|1776222548\n|-activate|p1a: Zoroark|confusion\n|-damage|p1a: Zoroark|2/100|[from] confusion\n|move|p2a: Weather Boy|Hurricane|p1a: Zoroark\n|-damage|p1a: Zoroark|0 fnt\n|faint|p1a: Zoroark\n|\n|-weather|RainDance|[upkeep]\n|upkeep\n|\n|t:|1776222554\n|switch|p1a: Serperior|Serperior, L50, F, shiny|100/100\n|turn|3\n|\n|t:|1776222556\n|move|p1a: Serperior|Leaf Storm|p2a: Weather Boy\n|-damage|p2a: Weather Boy|51/100\n|-boost|p1a: Serperior|spa|2\n|move|p2a: Weather Boy|Hurricane|p1a: Serperior\n|-supereffective|p1a: Serperior|1\n|-damage|p1a: Serperior|16/100\n|\n|-weather|RainDance|[upkeep]\n|-heal|p2a: Weather Boy|57/100|[from] item: Leftovers\n|upkeep\n|turn|4\n|\n|t:|1776222564\n|move|p1a: Serperior|Leaf Storm|p2a: Weather Boy\n|-damage|p2a: Weather Boy|0 fnt\n|-boost|p1a: Serperior|spa|2\n|faint|p2a: Weather Boy\n|\n|-weather|RainDance|[upkeep]\n|upkeep\n|\n|t:|1776222567\n|switch|p2a: Cutiepie|Salazzle, L50, F|100/100\n|turn|5\n|\n|t:|1776222579\n|move|p1a: Serperior|Leaf Storm|p2a: Cutiepie\n|-resisted|p2a: Cutiepie|2\n|-damage|p2a: Cutiepie|31/100\n|-boost|p1a: Serperior|spa|2\n|move|p2a: Cutiepie|Sludge Bomb|p1a: Serperior\n|-supereffective|p1a: Serperior|1\n|-damage|p1a: Serperior|0 fnt\n|faint|p1a: Serperior\n|\n|-weather|none\n|upkeep\n|\n|t:|1776222586\n|switch|p1a: Gallade|Gallade, L50, M|100/100\n|turn|6\n|\n|t:|1776222602\n|detailschange|p1a: Gallade|Gallade-Mega, L50, M\n|-mega|p1a: Gallade|Gallade|Galladite\n|move|p2a: Cutiepie|Sludge Bomb|p1a: Gallade\n|-damage|p1a: Gallade|52/100\n|move|p1a: Gallade|Swords Dance|p1a: Gallade\n|-boost|p1a: Gallade|atk|2\n|\n|upkeep\n|turn|7\n|\n|t:|1776222613\n|move|p2a: Cutiepie|Sludge Bomb|p1a: Gallade\n|-damage|p1a: Gallade|3/100\n|move|p1a: Gallade|Zen Headbutt|p2a: Cutiepie\n|-supereffective|p2a: Cutiepie|1\n|-damage|p2a: Cutiepie|0 fnt\n|faint|p2a: Cutiepie\n|\n|upkeep\n|\n|t:|1776222618\n|switch|p2a: The Wall|Aggron, L50, F|100/100\n|turn|8\n|\n|t:|1776222629\n|detailschange|p2a: The Wall|Aggron-Mega, L50, F\n|-mega|p2a: The Wall|Aggron|Aggronite\n|move|p1a: Gallade|Close Combat|p2a: The Wall\n|-supereffective|p2a: The Wall|1\n|-damage|p2a: The Wall|2/100\n|-unboost|p1a: Gallade|def|1\n|-unboost|p1a: Gallade|spd|1\n|move|p2a: The Wall|Heavy Slam|p1a: Gallade\n|-damage|p1a: Gallade|0 fnt\n|faint|p1a: Gallade\n|\n|win|Reqedd\n|raw|goku s0los's rating: 1263 &rarr; <strong>1233</strong><br />(-30 for losing)\n|raw|Reqedd's rating: 1198 &rarr; <strong>1228</strong><br />(+30 for winning)\n|l|\u2606goku s0los\n|player|p1|\n",
  "uploadtime": 1776222638,
  "views": 1,
  "formatid": "gen9championsbssregma",
  "rating": 1228,
  "private": 0,
  "password": null
}