{
  "id": "gen9championsbssregma-2582200098",
  "format": "[Gen 9 Champions] BSS Reg M-A",
  "players": [
    "weakertt",
    "hrztkb"
  ],
  "log": "|j|\u2606weakertt\n|j|\u2606hrztkb\n|t:|1776070472\n|gametype|singles\n|player|p1|weakertt|170|1205\n|player|p2|hrztkb|169|1259\n|gen|9\n|tier|[Gen 9 Champions] BSS Reg M-A\n|rated|\n|rule|Species Clause: Limit one of each Pok\u00e9mon\n|rule|Item Clause: Limit 1 of each item\n|clearpoke\n|poke|p1|Garchomp, L50, M|\n|poke|p1|Azumarill, L50, M|\n|poke|p1|Venusaur, L50, M|\n|poke|p1|Skeledirge, L50, F|\n|poke|p1|Kingambit, L50, F|\n|poke|p1|Dragonite, L50, F|\n|poke|p2|Gyarados, L50, M|\n|poke|p2|Hydreigon, L50, M|\n|poke|p2|Volcarona, L50, F|\n|poke|p2|Gallade, L50, M|\n|poke|p2|Venusaur, L50, M|\n|poke|p2|Archaludon, L50, M|\n|teampreview|3\n|j| xXcrossbowXx\n|l| xXcrossbowXx\n|\n|t:|1776070558\n|teamsize|p1|3\n|teamsize|p2|3\n|start\n|switch|p1a: Dragonite|Dragonite, L50, F|100/100\n|switch|p2a: Gallade|Gallade, L50, M|100/100\n|turn|1\n|\n|t:|1776070580\n|detailschange|p1a: Dragonite|Dragonite-Mega, L50, F\n|-mega|p1a: Dragonite|Dragonite|Dragoninite\n|move|p1a: Dragonite|Thunder Wave|p2a: Gallade\n|-status|p2a: Gallade|par\n|-enditem|p2a: Gallade|Lum Berry|[eat]\n|-curestatus|p2a: Gallade|par|[msg]\n|move|p2a: Gallade|Psycho Cut|p1a: Dragonite\n|-damage|p1a: Dragonite|83/100\n|\n|upkeep\n|turn|2\n|\n|t:|1776070591\n|move|p1a: Dragonite|Air Slash|p2a: Gallade\n|-supereffective|p2a: Gallade|1\n|-damage|p2a: Gallade|29/100\n|move|p2a: Gallade|Psycho Cut|p1a: Dragonite\n|-damage|p1a: Dragonite|46/100\n|\n|upkeep\n|turn|3\n|\n|t:|1776070602\n|switch|p2a: Gyarados|Gyarados, L50, M, shiny|100/100\n|-ability|p2a: Gyarados|Intimidate|boost\n|-unboost|p1a: Dragonite|atk|1\n|move|p1a: Dragonite|Roost|p1a: Dragonite\n|-heal|p1a: Dragonite|96/100\n|-singleturn|p1a: Dragonite|move: Roost\n|\n|upkeep\n|turn|4\n|\n|t:|1776070619\n|switch|p2a: Gallade|Gallade, L50, M|29/100\n|switch|p1a: Azumarill|Azumarill, L50, M|100/100\n|\n|upkeep\n|turn|5\n|\n|t:|1776070630\n|move|p2a: Gallade|Leaf Blade|p1a: Azumarill\n|-supereffective|p1a: Azumarill|1\n|-damage|p1a: Azumarill|0 fnt\n|faint|p1a: Azumarill\n|\n|upkeep\n|\n|t:|1776070636\n|switch|p1a: Dragonite|Dragonite-Mega, L50, F|96/100\n|turn|6\n|\n|t:|1776070643\n|move|p1a: Dragonite|Thunder Wave|p2a: Gallade\n|-status|p2a: Gallade|par\n|cant|p2a: Gallade|par\n|\n|upkeep\n|turn|7\n|\n|t:|1776070648\n|move|p1a: Dragonite|Air Slash|p2a: Gallade\n|-supereffective|p2a: Gallade|1\n|-crit|p2a: Gallade\n|-damage|p2a: Gallade|0 fnt\n|faint|p2a: Gallade\n|\n|upkeep\n|\n|t:|1776070652\n|switch|p2a: Hydreigon|Hydreigon, L50, M|100/100\n|turn|8\n|\n|t:|1776070674\n|switch|p1a: Skeledirge|Skeledirge, L50, F|100/100\n|move|p2a: Hydreigon|Draco Meteor|p1a: Skeledirge\n|-damage|p1a: Skeledirge|25/100\n|-unboost|p2a: Hydreigon|spa|2\n|\n|-heal|p1a: Skeledirge|31/100|[from] item: Leftovers\n|upkeep\n|turn|9\n|\n|t:|1776070686\n|move|p2a: Hydreigon|Draco Meteor|p1a: Skeledirge\n|-damage|p1a: Skeledirge|0 fnt\n|-unboost|p2a: Hydreigon|spa|2\n|faint|p1a: Skeledirge\n|\n|upkeep\n|\n|t:|1776070691\n|switch|p1a: Dragonite|Dragonite-Mega, L50, F|96/100\n|turn|10\n|\n|t:|1776070695\n|move|p2a: Hydreigon|Draco Meteor|p1a: Dragonite\n|-supereffective|p1a: Dragonite|1\n|-damage|p1a: Dragonite|63/100\n|-unboost|p2a: Hydreigon|spa|2\n|move|p1a: Dragonite|Thunder Wave|p2a: Hydreigon\n|-status|p2a: Hydreigon|par\n|\n|upkeep\n|turn|11\n|j| p74\n|\n|t:|1776070707\n|switch|p2a: Gyarados|Gyarados, L50, M, shiny|100/100\n|-ability|p2a: Gyarados|Intimidate|boost\n|-unboost|p1a: Dragonite|atk|1\n|move|p1a: Dragonite|Roost|p1a: Dragonite\n|-heal|p1a: Dragonite|100/100\n|-singleturn|p1a: Dragonite|move: Roost\n|\n|upkeep\n|turn|12\n|\n|t:|1776070719\n|detailschange|p2a: Gyarados|Gyarados-Mega, L50, M, shiny\n|-mega|p2a: Gyarados|Gyarados|Gyaradosite\n|-ability|p2a: Gyarados|Mold Breaker\n|move|p2a: Gyarados|Crunch|p1a: Dragonite\n|-crit|p1a: Dragonite\n|-damage|p1a: Dragonite|54/100\n|move|p1a: Dragonite|Thunder Wave|p2a: Gyarados\n|-status|p2a: Gyarados|par\n|\n|upkeep\n|turn|13\n|\n|t:|1776070728\n|move|p1a: Dragonite|Roost|p1a: Dragonite\n|-heal|p1a: Dragonite|100/100\n|-singleturn|p1a: Dragonite|move: Roost\n|move|p2a: Gyarados|Crunch|p1a: Dragonite\n|-damage|p1a: Dragonite|67/100\n|-unboost|p1a: Dragonite|def|1\n|\n|upkeep\n|turn|14\n|\n|t:|1776070736\n|move|p1a: Dragonite|Air Slash|p2a: Gyarados\n|-damage|p2a: Gyarados|69/100 par\n|cant|p2a: Gyarados|par\n|\n|upkeep\n|turn|15\n|\n|t:|1776070740\n|move|p1a: Dragonite|Air Slash|p2a: Gyarados\n|-damage|p2a: Gyarados|42/100 par\n|move|p2a: Gyarados|Crunch|p1a: Dragonite\n|-damage|p1a: Dragonite|19/100\n|\n|upkeep\n|turn|16\n|\n|t:|1776070746\n|move|p1a: Dragonite|Roost|p1a: Dragonite\n|-heal|p1a: Dragonite|69/100\n|-singleturn|p1a: Dragonite|move: Roost\n|move|p2a: Gyarados|Crunch|p1a: Dragonite\n|-damage|p1a: Dragonite|24/100\n|\n|upkeep\n|turn|17\n|\n|t:|1776070753\n|move|p1a: Dragonite|Roost|p1a: Dragonite\n|-heal|p1a: Dragonite|74/100\n|-singleturn|p1a: Dragonite|move: Roost\n|cant|p2a: Gyarados|par\n|\n|upkeep\n|turn|18\n|\n|t:|1776070759\n|move|p1a: Dragonite|Air Slash|p2a: Gyarados\n|-damage|p2a: Gyarados|10/100 par\n|move|p2a: Gyarados|Crunch|p1a: Dragonite\n|-damage|p1a: Dragonite|26/100\n|\n|upkeep\n|turn|19\n|\n|t:|1776070768\n|move|p1a: Dragonite|Air Slash|p2a: Gyarados\n|-damage|p2a: Gyarados|0 fnt\n|faint|p2a: Gyarados\n|\n|upkeep\n|\n|t:|1776070771\n|switch|p2a: Hydreigon|Hydreigon, L50, M|100/100 par\n|turn|20\n|\n|t:|1776070776\n|move|p1a: Dragonite|Draco Meteor|p2a: Hydreigon\n|-supereffective|p2a: Hydreigon|1\n|-damage|p2a: Hydreigon|0 fnt\n|-unboost|p1a: Dragonite|spa|2\n|faint|p2a: Hydreigon\n|\n|win|weakertt\n|raw|weakertt's rating: 1205 &rarr; <strong>1234</strong><br />(+29 for winning)\n|raw|hrztkb's rating: 1259 &rarr; <strong>1230</strong><br />(-29 for losing)\n|l|\u2606hrztkb\n|player|p2|\n|l|\u2606weakertt\n|player|p1|\n",
  "uploadtime": 1776070818,
  "views": 3,
  "formatid": "gen9championsbssregma",
  "rating": 1230,
  "private": 0,
  "password": null
}