{
  "id": "gen9championsbssregma-2584941070",
  "format": "[Gen 9 Champions] BSS Reg M-A",
  "players": [
    "tpgustpgus",
    "gh4q121"
  ],
  "log": "|j|\u2606tpgustpgus\n|j|\u2606gh4q121\n|t:|1776296546\n|gametype|singles\n|player|p1|tpgustpgus|hilda-wonderlauncher|1093\n|player|p2|gh4q121|hilbert-wonderlauncher|1045\n|gen|9\n|tier|[Gen 9 Champions] BSS Reg M-A\n|rated|\n|rule|Species Clause: Limit one of each Pok\u00e9mon\n|rule|Item Clause: Limit 1 of each item\n|clearpoke\n|poke|p1|Floette-Eternal, L50, F|\n|poke|p1|Araquanid, L50, F|\n|poke|p1|Delphox, L50, F|\n|poke|p1|Hydreigon, L50, M|\n|poke|p1|Kingambit, L50, F|\n|poke|p1|Diggersby, L50, F|\n|poke|p2|Charizard, L50, F|\n|poke|p2|Sneasler, L50, F|\n|poke|p2|Primarina, L50, M|\n|poke|p2|Lucario, L50, F|\n|poke|p2|Garchomp, L50, F|\n|poke|p2|Meowscarada, L50, F|\n|teampreview|3\n|inactive|Battle timer is ON: inactive players will automatically lose when time's up. (requested by tpgustpgus)\n|\n|t:|1776296572\n|teamsize|p1|3\n|teamsize|p2|3\n|start\n|switch|p1a: Delphox|Delphox, L50, F, shiny|100/100\n|switch|p2a: Meowscarada|Meowscarada, L50, F|100/100\n|turn|1\n|\n|t:|1776296586\n|detailschange|p1a: Delphox|Delphox-Mega, L50, F, shiny\n|-mega|p1a: Delphox|Delphox|Delphoxite\n|move|p2a: Meowscarada|Knock Off|p1a: Delphox\n|-start|p2a: Meowscarada|typechange|Dark|[from] ability: Protean\n|-supereffective|p1a: Delphox|1\n|-damage|p1a: Delphox|0 fnt\n|faint|p1a: Delphox\n|\n|upkeep\n|\n|t:|1776296599\n|switch|p1a: Kingambit|Kingambit, L50, F, shiny|100/100\n|-activate|p1a: Kingambit|ability: Supreme Overlord\n|-start|p1a: Kingambit|fallen1|[silent]\n|turn|2\n|\n|t:|1776296606\n|move|p2a: Meowscarada|Knock Off|p1a: Kingambit\n|-resisted|p1a: Kingambit|1\n|-damage|p1a: Kingambit|78/100\n|-enditem|p1a: Kingambit|Leftovers|[from] move: Knock Off|[of] p2a: Meowscarada\n|move|p1a: Kingambit|Swords Dance|p1a: Kingambit\n|-boost|p1a: Kingambit|atk|2\n|\n|upkeep\n|turn|3\n|\n|t:|1776296615\n|move|p2a: Meowscarada|Knock Off|p1a: Kingambit\n|-resisted|p1a: Kingambit|1\n|-damage|p1a: Kingambit|65/100\n|move|p1a: Kingambit|Swords Dance|p1a: Kingambit\n|-boost|p1a: Kingambit|atk|2\n|\n|upkeep\n|turn|4\n|\n|t:|1776296624\n|move|p2a: Meowscarada|Knock Off|p1a: Kingambit\n|-resisted|p1a: Kingambit|1\n|-damage|p1a: Kingambit|53/100\n|move|p1a: Kingambit|Iron Head|p2a: Meowscarada\n|-damage|p2a: Meowscarada|0 fnt\n|faint|p2a: Meowscarada\n|\n|upkeep\n|\n|t:|1776296641\n|switch|p2a: Primarina|Primarina, L50, M|100/100\n|turn|5\n|\n|t:|1776296646\n|move|p1a: Kingambit|Sucker Punch|p2a: Primarina\n|-resisted|p2a: Primarina|1\n|-damage|p2a: Primarina|19/100\n|move|p2a: Primarina|Hyper Voice|p1a: Kingambit\n|-damage|p1a: Kingambit|3/100\n|\n|-heal|p2a: Primarina|25/100|[from] item: Leftovers\n|upkeep\n|turn|6\n|\n|t:|1776296650\n|move|p1a: Kingambit|Sucker Punch|p2a: Primarina\n|-resisted|p2a: Primarina|1\n|-damage|p2a: Primarina|0 fnt\n|faint|p2a: Primarina\n|\n|upkeep\n|\n|t:|1776296652\n|switch|p2a: Lucario|Lucario, L50, F|100/100\n|turn|7\n|\n|t:|1776296655\n|detailschange|p2a: Lucario|Lucario-Mega, L50, F\n|-mega|p2a: Lucario|Lucario|Lucarionite\n|move|p2a: Lucario|Bullet Punch|p1a: Kingambit\n|-resisted|p1a: Kingambit|1\n|-crit|p1a: Kingambit\n|-damage|p1a: Kingambit|0 fnt\n|faint|p1a: Kingambit\n|-end|p1a: Kingambit|fallen1|[silent]\n|\n|upkeep\n|\n|t:|1776296660\n|switch|p1a: Hydreigon|Hydreigon, L50, M|100/100\n|turn|8\n|\n|t:|1776296665\n|move|p2a: Lucario|Close Combat|p1a: Hydreigon\n|-supereffective|p1a: Hydreigon|1\n|-damage|p1a: Hydreigon|0 fnt\n|-unboost|p2a: Lucario|def|1\n|-unboost|p2a: Lucario|spd|1\n|faint|p1a: Hydreigon\n|\n|win|gh4q121\n|raw|tpgustpgus's rating: 1093 &rarr; <strong>1066</strong><br />(-27 for losing)\n|raw|gh4q121's rating: 1045 &rarr; <strong>1083</strong><br />(+38 for winning)\n",
  "uploadtime": 1776296668,
  "views": 5,
  "formatid": "gen9championsbssregma",
  "rating": 1066,
  "private": 0,
  "password": null
}