{
  "id": "gen9championsbssregma-2584493034",
  "format": "[Gen 9 Champions] BSS Reg M-A",
  "players": [
    "ThegreatHK",
    "idunnoagoodnam"
  ],
  "log": "|j|\u2606ThegreatHK\n|j|\u2606idunnoagoodnam\n|t:|1776264488\n|gametype|singles\n|player|p1|ThegreatHK|101|1140\n|player|p2|idunnoagoodnam|265|1214\n|gen|9\n|tier|[Gen 9 Champions] BSS Reg M-A\n|rated|\n|rule|Species Clause: Limit one of each Pok\u00e9mon\n|rule|Item Clause: Limit 1 of each item\n|clearpoke\n|poke|p1|Corviknight, L50, F|\n|poke|p1|Garchomp, L50, M|\n|poke|p1|Kingambit, L50, F|\n|poke|p1|Zoroark-Hisui, L50, F|\n|poke|p1|Lucario, L50, F|\n|poke|p1|Floette-Eternal, L50, F|\n|poke|p2|Lopunny, L50, F|\n|poke|p2|Primarina, L50, F|\n|poke|p2|Corviknight, L50, F|\n|poke|p2|Dragonite, L50, F|\n|poke|p2|Rotom-Heat, L50|\n|poke|p2|Meowscarada, L50, M|\n|teampreview|3\n|inactive|Battle timer is ON: inactive players will automatically lose when time's up. (requested by ThegreatHK)\n|inactive|idunnoagoodnam has 60 seconds left.\n|\n|t:|1776264519\n|teamsize|p1|3\n|teamsize|p2|3\n|start\n|switch|p1a: Corviknight|Corviknight, L50, F|100/100\n|switch|p2a: Lopunny|Lopunny, L50, F, shiny|100/100\n|-ability|p1a: Corviknight|Pressure\n|turn|1\n|\n|t:|1776264525\n|detailschange|p2a: Lopunny|Lopunny-Mega, L50, F, shiny\n|-mega|p2a: Lopunny|Lopunny|Lopunnite\n|move|p2a: Lopunny|Fake Out|p1a: Corviknight\n|-resisted|p1a: Corviknight|1\n|-damage|p1a: Corviknight|92/100\n|cant|p1a: Corviknight|flinch\n|\n|-heal|p1a: Corviknight|98/100|[from] item: Leftovers\n|upkeep\n|turn|2\n|\n|t:|1776264530\n|move|p2a: Lopunny|U-turn|p1a: Corviknight\n|-resisted|p1a: Corviknight|2\n|-damage|p1a: Corviknight|93/100\n|\n|t:|1776264533\n|switch|p2a: Corviknight|Corviknight, L50, F, shiny|100/100|[from] U-turn\n|-ability|p2a: Corviknight|Pressure\n|move|p1a: Corviknight|U-turn|p2a: Corviknight\n|-resisted|p2a: Corviknight|2\n|-damage|p2a: Corviknight|99/100\n|\n|t:|1776264543\n|switch|p1a: Floette|Floette-Eternal, L50, F|100/100|[from] U-turn\n|\n|-heal|p2a: Corviknight|100/100|[from] item: Leftovers\n|upkeep\n|turn|3\n|\n|t:|1776264547\n|detailschange|p1a: Floette|Floette-Mega, L50, F\n|-mega|p1a: Floette|Floette|Floettite\n|-ability|p1a: Floette|Fairy Aura\n|move|p1a: Floette|Calm Mind|p1a: Floette\n|-boost|p1a: Floette|spa|1\n|-boost|p1a: Floette|spd|1\n|move|p2a: Corviknight|Iron Head|p1a: Floette\n|-supereffective|p1a: Floette|1\n|-damage|p1a: Floette|64/100\n|\n|upkeep\n|turn|4\n|\n|t:|1776264559\n|move|p1a: Floette|Synthesis|p1a: Floette\n|-heal|p1a: Floette|100/100\n|move|p2a: Corviknight|Iron Head|p1a: Floette\n|-supereffective|p1a: Floette|1\n|-damage|p1a: Floette|63/100\n|\n|upkeep\n|turn|5\n|\n|t:|1776264562\n|move|p1a: Floette|Calm Mind|p1a: Floette\n|-boost|p1a: Floette|spa|1\n|-boost|p1a: Floette|spd|1\n|move|p2a: Corviknight|Iron Head|p1a: Floette\n|-supereffective|p1a: Floette|1\n|-damage|p1a: Floette|22/100\n|\n|upkeep\n|turn|6\n|\n|t:|1776264564\n|move|p1a: Floette|Synthesis|p1a: Floette\n|-heal|p1a: Floette|72/100\n|move|p2a: Corviknight|Iron Head|p1a: Floette\n|-supereffective|p1a: Floette|1\n|-damage|p1a: Floette|34/100\n|\n|upkeep\n|turn|7\n|\n|t:|1776264566\n|move|p1a: Floette|Synthesis|p1a: Floette\n|-heal|p1a: Floette|84/100\n|move|p2a: Corviknight|Iron Head|p1a: Floette\n|-supereffective|p1a: Floette|1\n|-damage|p1a: Floette|44/100\n|\n|upkeep\n|turn|8\n|\n|t:|1776264572\n|move|p1a: Floette|Draining Kiss|p2a: Corviknight\n|-resisted|p2a: Corviknight|1\n|-damage|p2a: Corviknight|68/100\n|-heal|p1a: Floette|72/100|[from] drain|[of] p2a: Corviknight\n|move|p2a: Corviknight|Iron Head|p1a: Floette\n|-supereffective|p1a: Floette|1\n|-damage|p1a: Floette|34/100\n|\n|-heal|p2a: Corviknight|74/100|[from] item: Leftovers\n|upkeep\n|turn|9\n|\n|t:|1776264577\n|move|p1a: Floette|Draining Kiss|p2a: Corviknight\n|-resisted|p2a: Corviknight|1\n|-damage|p2a: Corviknight|38/100\n|-heal|p1a: Floette|65/100|[from] drain|[of] p2a: Corviknight\n|move|p2a: Corviknight|Iron Head|p1a: Floette\n|-supereffective|p1a: Floette|1\n|-damage|p1a: Floette|25/100\n|\n|-heal|p2a: Corviknight|44/100|[from] item: Leftovers\n|upkeep\n|turn|10\n|\n|t:|1776264582\n|move|p1a: Floette|Synthesis|p1a: Floette\n|-heal|p1a: Floette|75/100\n|move|p2a: Corviknight|Iron Head|p1a: Floette\n|-supereffective|p1a: Floette|1\n|-damage|p1a: Floette|35/100\n|\n|-heal|p2a: Corviknight|50/100|[from] item: Leftovers\n|upkeep\n|turn|11\n|\n|t:|1776264585\n|move|p1a: Floette|Synthesis|p1a: Floette\n|-heal|p1a: Floette|84/100\n|move|p2a: Corviknight|Iron Head|p1a: Floette\n|-supereffective|p1a: Floette|1\n|-damage|p1a: Floette|47/100\n|\n|-heal|p2a: Corviknight|56/100|[from] item: Leftovers\n|upkeep\n|turn|12\n|\n|t:|1776264588\n|move|p1a: Floette|Draining Kiss|p2a: Corviknight\n|-resisted|p2a: Corviknight|1\n|-damage|p2a: Corviknight|22/100\n|-heal|p1a: Floette|76/100|[from] drain|[of] p2a: Corviknight\n|move|p2a: Corviknight|Iron Head|p1a: Floette\n|-supereffective|p1a: Floette|1\n|-crit|p1a: Floette\n|-damage|p1a: Floette|13/100\n|\n|-heal|p2a: Corviknight|28/100|[from] item: Leftovers\n|upkeep\n|turn|13\n|\n|t:|1776264591\n|move|p1a: Floette|Draining Kiss|p2a: Corviknight\n|-resisted|p2a: Corviknight|1\n|-damage|p2a: Corviknight|0 fnt\n|-heal|p1a: Floette|36/100|[from] drain|[of] p2a: Corviknight\n|faint|p2a: Corviknight\n|\n|upkeep\n|\n|t:|1776264594\n|switch|p2a: Lopunny|Lopunny-Mega, L50, F, shiny|100/100\n|turn|14\n|\n|t:|1776264597\n|move|p2a: Lopunny|Fake Out|p1a: Floette\n|-damage|p1a: Floette|17/100\n|cant|p1a: Floette|flinch\n|\n|upkeep\n|turn|15\n|\n|t:|1776264599\n|move|p2a: Lopunny|Close Combat|p1a: Floette\n|-resisted|p1a: Floette|1\n|-damage|p1a: Floette|0 fnt\n|-unboost|p2a: Lopunny|def|1\n|-unboost|p2a: Lopunny|spd|1\n|faint|p1a: Floette\n|\n|upkeep\n|\n|t:|1776264603\n|switch|p1a: Corviknight|Corviknight, L50, F|93/100\n|-ability|p1a: Corviknight|Pressure\n|turn|16\n|\n|t:|1776264605\n|move|p2a: Lopunny|U-turn|p1a: Corviknight\n|-resisted|p1a: Corviknight|2\n|-damage|p1a: Corviknight|87/100\n|\n|t:|1776264606\n|switch|p2a: Primarina|Primarina, L50, F|100/100|[from] U-turn\n|move|p1a: Corviknight|Body Press|p2a: Primarina\n|-resisted|p2a: Primarina|1\n|-crit|p2a: Primarina\n|-damage|p2a: Primarina|82/100\n|\n|-heal|p1a: Corviknight|93/100|[from] item: Leftovers\n|upkeep\n|turn|17\n|\n|t:|1776264618\n|move|p1a: Corviknight|U-turn|p2a: Primarina\n|-resisted|p2a: Primarina|1\n|-damage|p2a: Primarina|72/100\n|\n|t:|1776264620\n|switch|p1a: Kingambit|Kingambit, L50, F|100/100|[from] U-turn\n|-activate|p1a: Kingambit|ability: Supreme Overlord\n|-start|p1a: Kingambit|fallen1|[silent]\n|move|p2a: Primarina|Sparkling Aria|p1a: Kingambit\n|-damage|p1a: Kingambit|47/100\n|\n|upkeep\n|turn|18\n|\n|t:|1776264627\n|move|p2a: Primarina|Sparkling Aria|p1a: Kingambit\n|-damage|p1a: Kingambit|0 fnt\n|faint|p1a: Kingambit\n|-end|p1a: Kingambit|fallen1|[silent]\n|\n|upkeep\n|\n|t:|1776264629\n|switch|p1a: Corviknight|Corviknight, L50, F|93/100\n|-ability|p1a: Corviknight|Pressure\n|turn|19\n|\n|t:|1776264633\n|move|p1a: Corviknight|Iron Defense|p1a: Corviknight\n|-boost|p1a: Corviknight|def|2\n|move|p2a: Primarina|Sparkling Aria|p1a: Corviknight\n|-damage|p1a: Corviknight|58/100\n|\n|-heal|p1a: Corviknight|64/100|[from] item: Leftovers\n|upkeep\n|turn|20\n|\n|t:|1776264651\n|move|p1a: Corviknight|Iron Defense|p1a: Corviknight\n|-boost|p1a: Corviknight|def|2\n|move|p2a: Primarina|Encore|p1a: Corviknight\n|-start|p1a: Corviknight|Encore\n|\n|-heal|p1a: Corviknight|70/100|[from] item: Leftovers\n|upkeep\n|turn|21\n|-message|ThegreatHK forfeited.\n|\n|win|idunnoagoodnam\n|raw|ThegreatHK's rating: 1140 &rarr; <strong>1120</strong><br />(-20 for losing)\n|raw|idunnoagoodnam's rating: 1214 &rarr; <strong>1234</strong><br />(+20 for winning)\n|l|\u2606ThegreatHK\n|player|p1|\n",
  "uploadtime": 1776264657,
  "views": 10,
  "formatid": "gen9championsbssregma",
  "rating": 1120,
  "private": 0,
  "password": null
}