{
  "id": "gen9championsbssregma-2585591887",
  "format": "[Gen 9 Champions] BSS Reg M-A",
  "players": [
    "kws1311212",
    "BBBKTY"
  ],
  "log": "|j|\u2606kws1311212\n|j|\u2606BBBKTY\n|t:|1776357564\n|gametype|singles\n|player|p1|kws1311212|170|1150\n|player|p2|BBBKTY|265|1133\n|gen|9\n|tier|[Gen 9 Champions] BSS Reg M-A\n|rated|\n|rule|Species Clause: Limit one of each Pok\u00e9mon\n|rule|Item Clause: Limit 1 of each item\n|clearpoke\n|poke|p1|Pelipper, L50, M|\n|poke|p1|Basculegion, L50, M|\n|poke|p1|Garchomp, L50, M|\n|poke|p1|Kingambit, L50, M|\n|poke|p1|Rotom-Mow, L50|\n|poke|p1|Lucario, L50, M|\n|poke|p2|Dragapult, L50, F|\n|poke|p2|Alakazam, L50, M|\n|poke|p2|Azumarill, L50, F|\n|poke|p2|Clefable, L50, M|\n|poke|p2|Espathra, L50, M|\n|poke|p2|Glimmora, L50, M|\n|teampreview|3\n|inactive|Battle timer is ON: inactive players will automatically lose when time's up. (requested by BBBKTY)\n|inactive|kws1311212 has 60 seconds left.\n|\n|t:|1776357600\n|teamsize|p1|3\n|teamsize|p2|3\n|start\n|switch|p1a: Pelipper|Pelipper, L50, M|100/100\n|switch|p2a: Glimmora|Glimmora, L50, M|100/100\n|-weather|RainDance|[from] ability: Drizzle|[of] p1a: Pelipper\n|turn|1\n|\n|t:|1776357612\n|move|p1a: Pelipper|Surf|p2a: Glimmora\n|-supereffective|p2a: Glimmora|1\n|-enditem|p2a: Glimmora|Focus Sash\n|-damage|p2a: Glimmora|1/100\n|move|p2a: Glimmora|Stealth Rock|p1a: Pelipper\n|-sidestart|p1: kws1311212|move: Stealth Rock\n|\n|-weather|RainDance|[upkeep]\n|upkeep\n|turn|2\n|\n|t:|1776357621\n|move|p1a: Pelipper|Surf|p2a: Glimmora\n|-supereffective|p2a: Glimmora|1\n|-damage|p2a: Glimmora|0 fnt\n|faint|p2a: Glimmora\n|\n|-weather|RainDance|[upkeep]\n|upkeep\n|\n|t:|1776357626\n|switch|p2a: Espathra|Espathra, L50, M, shiny|100/100\n|turn|3\n|\n|t:|1776357632\n|move|p2a: Espathra|Protect|p2a: Espathra\n|-singleturn|p2a: Espathra|Protect\n|move|p1a: Pelipper|U-turn|p2a: Espathra\n|-activate|p2a: Espathra|move: Protect\n|\n|-weather|RainDance|[upkeep]\n|-ability|p2a: Espathra|Speed Boost|boost\n|-boost|p2a: Espathra|spe|1\n|upkeep\n|turn|4\n|\n|t:|1776357641\n|move|p2a: Espathra|Baton Pass|p2a: Espathra\n|\n|t:|1776357643\n|switch|p2a: Clefable|Clefable, L50, M, shiny|100/100|[from] Baton Pass\n|move|p1a: Pelipper|U-turn|p2a: Clefable\n|-resisted|p2a: Clefable|1\n|-damage|p2a: Clefable|97/100\n|\n|t:|1776357646\n|switch|p1a: Basculegion|Basculegion, L50, M|100/100|[from] U-turn\n|-damage|p1a: Basculegion|88/100|[from] Stealth Rock\n|\n|-weather|RainDance|[upkeep]\n|upkeep\n|turn|5\n|\n|t:|1776357652\n|detailschange|p2a: Clefable|Clefable-Mega, L50, M, shiny\n|-mega|p2a: Clefable|Clefable|Clefablite\n|move|p1a: Basculegion|Wave Crash|p2a: Clefable\n|-damage|p2a: Clefable|23/100\n|-damage|p1a: Basculegion|63/100|[from] Recoil\n|move|p2a: Clefable|Cosmic Power|p2a: Clefable\n|-boost|p2a: Clefable|def|1\n|-boost|p2a: Clefable|spd|1\n|\n|-weather|none\n|upkeep\n|turn|6\n|\n|t:|1776357671\n|move|p2a: Clefable|Moonlight|p2a: Clefable\n|-heal|p2a: Clefable|73/100\n|move|p1a: Basculegion|Waterfall|p2a: Clefable\n|-damage|p2a: Clefable|51/100\n|\n|upkeep\n|turn|7\n|\n|t:|1776357680\n|switch|p1a: Pelipper|Pelipper, L50, M|100/100\n|-damage|p1a: Pelipper|76/100|[from] Stealth Rock\n|-weather|RainDance|[from] ability: Drizzle|[of] p1a: Pelipper\n|move|p2a: Clefable|Cosmic Power|p2a: Clefable\n|-boost|p2a: Clefable|def|1\n|-boost|p2a: Clefable|spd|1\n|\n|-weather|RainDance|[upkeep]\n|upkeep\n|turn|8\n|\n|t:|1776357691\n|move|p2a: Clefable|Cosmic Power|p2a: Clefable\n|-boost|p2a: Clefable|def|1\n|-boost|p2a: Clefable|spd|1\n|move|p1a: Pelipper|U-turn|p2a: Clefable\n|-resisted|p2a: Clefable|2\n|-damage|p2a: Clefable|51/100\n|\n|t:|1776357693\n|switch|p1a: Basculegion|Basculegion, L50, M|63/100|[from] U-turn\n|-damage|p1a: Basculegion|51/100|[from] Stealth Rock\n|\n|-weather|RainDance|[upkeep]\n|upkeep\n|turn|9\n|\n|t:|1776357698\n|move|p1a: Basculegion|Wave Crash|p2a: Clefable\n|-damage|p2a: Clefable|21/100\n|-damage|p1a: Basculegion|41/100|[from] Recoil\n|move|p2a: Clefable|Moonlight|p2a: Clefable\n|-heal|p2a: Clefable|46/100\n|\n|-weather|RainDance|[upkeep]\n|upkeep\n|turn|10\n|\n|t:|1776357712\n|move|p1a: Basculegion|Waterfall|p2a: Clefable\n|-damage|p2a: Clefable|24/100\n|move|p2a: Clefable|Moonlight|p2a: Clefable\n|-heal|p2a: Clefable|49/100\n|\n|-weather|RainDance|[upkeep]\n|upkeep\n|turn|11\n|\n|t:|1776357720\n|switch|p1a: Kingambit|Kingambit, L50, M|100/100\n|-damage|p1a: Kingambit|95/100|[from] Stealth Rock\n|move|p2a: Clefable|Stored Power|p1a: Kingambit\n|-immune|p1a: Kingambit\n|\n|-weather|none\n|upkeep\n|turn|12\n|\n|t:|1776357725\n|move|p2a: Clefable|Moonlight|p2a: Clefable\n|-heal|p2a: Clefable|99/100\n|move|p1a: Kingambit|Iron Head|p2a: Clefable\n|-supereffective|p2a: Clefable|1\n|-damage|p2a: Clefable|74/100\n|\n|upkeep\n|turn|13\n|\n|t:|1776357731\n|move|p2a: Clefable|Moonblast|p1a: Kingambit\n|-damage|p1a: Kingambit|57/100\n|move|p1a: Kingambit|Swords Dance|p1a: Kingambit\n|-boost|p1a: Kingambit|atk|2\n|\n|upkeep\n|turn|14\n|\n|t:|1776357739\n|move|p2a: Clefable|Moonblast|p1a: Kingambit\n|-damage|p1a: Kingambit|16/100\n|move|p1a: Kingambit|Iron Head|p2a: Clefable\n|-supereffective|p2a: Clefable|1\n|-damage|p2a: Clefable|19/100\n|\n|upkeep\n|turn|15\n|\n|t:|1776357746\n|move|p2a: Clefable|Moonblast|p1a: Kingambit\n|-damage|p1a: Kingambit|0 fnt\n|faint|p1a: Kingambit\n|-end|p1a: Kingambit|fallenundefined|[silent]\n|\n|upkeep\n|\n|t:|1776357750\n|switch|p1a: Pelipper|Pelipper, L50, M|76/100\n|-damage|p1a: Pelipper|52/100|[from] Stealth Rock\n|-weather|RainDance|[from] ability: Drizzle|[of] p1a: Pelipper\n|turn|16\n|l|\u2606kws1311212\n|inactive|kws1311212 disconnected and has a minute to reconnect!\n|player|p1|\n|inactive|kws1311212 has 30 seconds left.\n|inactive|kws1311212 has 20 seconds left.\n|inactive|kws1311212 has 15 seconds left.\n|inactive|kws1311212 has 10 seconds left.\n|inactive|kws1311212 has 5 seconds left.\n|-message|kws1311212 lost due to inactivity.\n|\n|win|BBBKTY\n|raw|kws1311212's rating: 1150 &rarr; <strong>1124</strong><br />(-26 for losing)\n|raw|BBBKTY's rating: 1133 &rarr; <strong>1159</strong><br />(+26 for winning)\n",
  "uploadtime": 1776357812,
  "views": 5,
  "formatid": "gen9championsbssregma",
  "rating": 1124,
  "private": 0,
  "password": null
}