{
  "id": "gen9championsbssregma-2583106260",
  "format": "[Gen 9 Champions] BSS Reg M-A",
  "players": [
    "Mr.Ohkido",
    "zaliyeyuan"
  ],
  "log": "|j|\u203dMr.Ohkido\n|j|\u2606zaliyeyuan\n|t:|1776142701\n|gametype|singles\n|player|p1|Mr.Ohkido|1|1282\n|player|p2|zaliyeyuan|artist-gen4|1347\n|gen|9\n|tier|[Gen 9 Champions] BSS Reg M-A\n|rated|\n|rule|Species Clause: Limit one of each Pok\u00e9mon\n|rule|Item Clause: Limit 1 of each item\n|clearpoke\n|poke|p1|Corviknight, L50, F|\n|poke|p1|Bellibolt, L50, F|\n|poke|p1|Garchomp, L50, F|\n|poke|p1|Slowbro, L50, M|\n|poke|p1|Gengar, L50, M|\n|poke|p1|Meowscarada, L50, F|\n|poke|p2|Starmie, L50|\n|poke|p2|Hydreigon, L50, M|\n|poke|p2|Hippowdon, L50, M|\n|poke|p2|Rotom-Wash, L50|\n|poke|p2|Aegislash, L50, F|\n|poke|p2|Floette-Eternal, L50, F|\n|teampreview|3\n|j| Ashin_77\n|\n|t:|1776142753\n|teamsize|p1|3\n|teamsize|p2|3\n|start\n|switch|p1a: Meowscarada|Meowscarada, L50, F|100/100\n|switch|p2a: Hippowdon|Hippowdon, L50, M|100/100\n|-weather|Sandstorm|[from] ability: Sand Stream|[of] p2a: Hippowdon\n|turn|1\n|l| Ashin_77\n|\n|t:|1776142764\n|switch|p2a: Hydreigon|Hydreigon, L50, M, shiny|100/100\n|move|p1a: Meowscarada|Toxic Spikes|p2a: Hydreigon\n|-sidestart|p2: zaliyeyuan|move: Toxic Spikes\n|\n|-weather|Sandstorm|[upkeep]\n|-damage|p2a: Hydreigon|95/100|[from] Sandstorm\n|-damage|p1a: Meowscarada|94/100|[from] Sandstorm\n|upkeep\n|turn|2\n|\n|t:|1776142775\n|move|p2a: Hydreigon|U-turn|p1a: Meowscarada\n|-supereffective|p1a: Meowscarada|2\n|-damage|p1a: Meowscarada|33/100\n|-enditem|p1a: Meowscarada|Sitrus Berry|[eat]\n|-heal|p1a: Meowscarada|58/100|[from] item: Sitrus Berry\n|\n|t:|1776142783\n|switch|p2a: Hippowdon|Hippowdon, L50, M|100/100|[from] U-turn\n|-status|p2a: Hippowdon|psn\n|move|p1a: Meowscarada|Play Rough|p2a: Hippowdon\n|-crit|p2a: Hippowdon\n|-damage|p2a: Hippowdon|79/100 psn\n|\n|-weather|Sandstorm|[upkeep]\n|-damage|p1a: Meowscarada|52/100|[from] Sandstorm\n|-damage|p2a: Hippowdon|67/100 psn|[from] psn\n|upkeep\n|turn|3\n|\n|t:|1776142824\n|move|p1a: Meowscarada|Flower Trick|p2a: Hippowdon\n|-supereffective|p2a: Hippowdon|1\n|-crit|p2a: Hippowdon\n|-damage|p2a: Hippowdon|11/100 psn\n|-enditem|p2a: Hippowdon|Sitrus Berry|[eat]\n|-heal|p2a: Hippowdon|36/100 psn|[from] item: Sitrus Berry\n|move|p2a: Hippowdon|Yawn|p1a: Meowscarada\n|-start|p1a: Meowscarada|move: Yawn|[of] p2a: Hippowdon\n|\n|-weather|Sandstorm|[upkeep]\n|-damage|p1a: Meowscarada|46/100|[from] Sandstorm\n|-damage|p2a: Hippowdon|24/100 psn|[from] psn\n|upkeep\n|turn|4\n|\n|t:|1776142852\n|switch|p1a: Garchomp|Garchomp, L50, F|100/100\n|move|p2a: Hippowdon|Stealth Rock|p1a: Garchomp\n|-sidestart|p1: Mr.Ohkido|move: Stealth Rock\n|\n|-weather|Sandstorm|[upkeep]\n|-damage|p2a: Hippowdon|12/100 psn|[from] psn\n|upkeep\n|turn|5\n|\n|t:|1776142881\n|move|p1a: Garchomp|Stealth Rock|p2a: Hippowdon\n|-sidestart|p2: zaliyeyuan|move: Stealth Rock\n|move|p2a: Hippowdon|Yawn|p1a: Garchomp\n|-start|p1a: Garchomp|move: Yawn|[of] p2a: Hippowdon\n|\n|-weather|none\n|-damage|p2a: Hippowdon|0 fnt|[from] psn\n|faint|p2a: Hippowdon\n|upkeep\n|j| p74\n|\n|t:|1776142907\n|switch|p2a: Starmie|Starmie, L50, shiny|100/100\n|-status|p2a: Starmie|psn\n|-damage|p2a: Starmie|88/100 psn|[from] Stealth Rock\n|turn|6\n|\n|t:|1776142914\n|switch|p1a: Meowscarada|Meowscarada, L50, F|46/100\n|-damage|p1a: Meowscarada|34/100|[from] Stealth Rock\n|detailschange|p2a: Starmie|Starmie-Mega, L50, shiny\n|-mega|p2a: Starmie|Starmie|Starminite\n|move|p2a: Starmie|Liquidation|p1a: Meowscarada\n|-resisted|p1a: Meowscarada|1\n|-damage|p1a: Meowscarada|0 fnt\n|faint|p1a: Meowscarada\n|\n|-damage|p2a: Starmie|76/100 psn|[from] psn\n|upkeep\n|\n|t:|1776142936\n|switch|p1a: Gengar|Gengar, L50, M|100/100\n|-damage|p1a: Gengar|89/100|[from] Stealth Rock\n|turn|7\n|\n|t:|1776142950\n|switch|p2a: Hydreigon|Hydreigon, L50, M, shiny|95/100\n|-damage|p2a: Hydreigon|82/100|[from] Stealth Rock\n|detailschange|p1a: Gengar|Gengar-Mega, L50, M\n|-mega|p1a: Gengar|Gengar|Gengarite\n|move|p1a: Gengar|Shadow Ball|p2a: Hydreigon\n|-resisted|p2a: Hydreigon|1\n|-damage|p2a: Hydreigon|56/100\n|\n|upkeep\n|turn|8\n|\n|t:|1776142979\n|move|p1a: Gengar|Protect|p1a: Gengar\n|-singleturn|p1a: Gengar|Protect\n|move|p2a: Hydreigon|Draco Meteor|p1a: Gengar\n|-activate|p1a: Gengar|move: Protect\n|\n|upkeep\n|turn|9\n|\n|t:|1776142999\n|move|p2a: Hydreigon|Draco Meteor|p1a: Gengar\n|-damage|p1a: Gengar|5/100\n|-unboost|p2a: Hydreigon|spa|2\n|move|p1a: Gengar|Shadow Ball|p2a: Hydreigon\n|-resisted|p2a: Hydreigon|1\n|-damage|p2a: Hydreigon|32/100\n|\n|upkeep\n|turn|10\n|\n|t:|1776143008\n|move|p2a: Hydreigon|Draco Meteor|p1a: Gengar\n|-damage|p1a: Gengar|0 fnt\n|-unboost|p2a: Hydreigon|spa|2\n|faint|p1a: Gengar\n|\n|upkeep\n|\n|t:|1776143015\n|switch|p1a: Garchomp|Garchomp, L50, F|100/100\n|-damage|p1a: Garchomp|94/100|[from] Stealth Rock\n|turn|11\n|\n|t:|1776143019\n|move|p1a: Garchomp|Outrage|p2a: Hydreigon\n|-supereffective|p2a: Hydreigon|1\n|-damage|p2a: Hydreigon|0 fnt\n|faint|p2a: Hydreigon\n|\n|upkeep\n|\n|t:|1776143030\n|switch|p2a: Starmie|Starmie-Mega, L50, shiny|76/100 psn\n|-damage|p2a: Starmie|63/100 psn|[from] Stealth Rock\n|turn|12\n|inactive|Battle timer is ON: inactive players will automatically lose when time's up. (requested by Mr.Ohkido)\n|\n|t:|1776143059\n|move|p2a: Starmie|Aqua Jet|p1a: Garchomp\n|-damage|p1a: Garchomp|60/100\n|-damage|p2a: Starmie|51/100 psn|[from] ability: Rough Skin|[of] p1a: Garchomp\n|move|p1a: Garchomp|Outrage|p2a: Starmie|[from] lockedmove\n|-crit|p2a: Starmie\n|-damage|p2a: Starmie|0 fnt\n|faint|p2a: Starmie\n|\n|win|Mr.Ohkido\n|raw|Mr.Ohkido's rating: 1282 &rarr; <strong>1312</strong><br />(+30 for winning)\n|raw|zaliyeyuan's rating: 1347 &rarr; <strong>1323</strong><br />(-24 for losing)\n|l|\u2606zaliyeyuan\n|player|p2|\n|l| p74\n",
  "uploadtime": 1776143082,
  "views": 10,
  "formatid": "gen9championsbssregma",
  "rating": 1312,
  "private": 0,
  "password": null
}