{
  "id": "gen9championsbssregma-2584829962",
  "format": "[Gen 9 Champions] BSS Reg M-A",
  "players": [
    "mrboogy",
    "shutuprwdv"
  ],
  "log": "|j|\u2606mrboogy\n|j|\u2606shutuprwdv\n|t:|1776286912\n|gametype|singles\n|player|p1|mrboogy|scientist|1209\n|player|p2|shutuprwdv|biker-gen4|1237\n|gen|9\n|tier|[Gen 9 Champions] BSS Reg M-A\n|rated|\n|rule|Species Clause: Limit one of each Pok\u00e9mon\n|rule|Item Clause: Limit 1 of each item\n|clearpoke\n|poke|p1|Lopunny, L50, F|\n|poke|p1|Serperior, L50, M|\n|poke|p1|Mamoswine, L50, F|\n|poke|p1|Skeledirge, L50, F|\n|poke|p1|Glimmora, L50, F|\n|poke|p1|Tyranitar, L50, M|\n|poke|p2|Ninetales-Alola, L50, F|\n|poke|p2|Blastoise, L50, F|\n|poke|p2|Sneasler, L50, M|\n|poke|p2|Vivillon-Monsoon, L50, F|\n|poke|p2|Salazzle, L50, F|\n|poke|p2|Weavile, L50, F|\n|teampreview|3\n|inactive|Battle timer is ON: inactive players will automatically lose when time's up. (requested by shutuprwdv)\n|inactive|mrboogy also wants the timer to be on.\n|inactive|shutuprwdv has 60 seconds left.\n|j| meatrub\n|j| p74\n|\n|t:|1776286964\n|teamsize|p1|3\n|teamsize|p2|3\n|start\n|switch|p1a: Mamoswine|Mamoswine, L50, F|100/100\n|switch|p2a: Ninetales|Ninetales-Alola, L50, F, shiny|100/100\n|-weather|Snowscape|[from] ability: Snow Warning|[of] p2a: Ninetales\n|turn|1\n|\n|t:|1776286967\n|switch|p2a: Blastoise|Blastoise, L50, F|100/100\n|move|p1a: Mamoswine|Rock Slide|p2a: Blastoise\n|-damage|p2a: Blastoise|70/100\n|\n|-weather|Snowscape|[upkeep]\n|upkeep\n|turn|2\n|\n|t:|1776286971\n|switch|p2a: Ninetales|Ninetales-Alola, L50, F, shiny|100/100\n|move|p1a: Mamoswine|Rock Slide|p2a: Ninetales\n|-supereffective|p2a: Ninetales|1\n|-damage|p2a: Ninetales|55/100\n|\n|-weather|Snowscape|[upkeep]\n|upkeep\n|turn|3\n|\n|t:|1776286974\n|move|p1a: Mamoswine|Rock Slide|p2a: Ninetales\n|-supereffective|p2a: Ninetales|1\n|-damage|p2a: Ninetales|12/100\n|move|p2a: Ninetales|Aurora Veil|p2a: Ninetales\n|-sidestart|p2: shutuprwdv|move: Aurora Veil\n|\n|-weather|Snowscape|[upkeep]\n|upkeep\n|turn|4\n|\n|t:|1776286977\n|move|p1a: Mamoswine|Rock Slide|p2a: Ninetales\n|-supereffective|p2a: Ninetales|1\n|-damage|p2a: Ninetales|0 fnt\n|faint|p2a: Ninetales\n|\n|-weather|Snowscape|[upkeep]\n|upkeep\n|\n|t:|1776286981\n|switch|p2a: Blastoise|Blastoise, L50, F|70/100\n|turn|5\n|\n|t:|1776286987\n|detailschange|p2a: Blastoise|Blastoise-Mega, L50, F\n|-mega|p2a: Blastoise|Blastoise|Blastoisinite\n|move|p1a: Mamoswine|Rock Slide|p2a: Blastoise|[miss]\n|-miss|p1a: Mamoswine|p2a: Blastoise\n|move|p2a: Blastoise|Shell Smash|p2a: Blastoise\n|-unboost|p2a: Blastoise|def|1\n|-unboost|p2a: Blastoise|spd|1\n|-boost|p2a: Blastoise|atk|2\n|-boost|p2a: Blastoise|spa|2\n|-boost|p2a: Blastoise|spe|2\n|\n|-weather|none\n|upkeep\n|turn|6\n|\n|t:|1776286990\n|move|p2a: Blastoise|Water Pulse|p1a: Mamoswine\n|-supereffective|p1a: Mamoswine|1\n|-damage|p1a: Mamoswine|0 fnt\n|faint|p1a: Mamoswine\n|\n|upkeep\n|\n|t:|1776286992\n|switch|p1a: Tyranitar|Tyranitar, L50, M|100/100\n|-weather|Sandstorm|[from] ability: Sand Stream|[of] p1a: Tyranitar\n|turn|7\n|\n|t:|1776286994\n|move|p1a: Tyranitar|Protect|p1a: Tyranitar\n|-singleturn|p1a: Tyranitar|Protect\n|move|p2a: Blastoise|Water Pulse|p1a: Tyranitar\n|-activate|p1a: Tyranitar|move: Protect\n|\n|-weather|Sandstorm|[upkeep]\n|-damage|p2a: Blastoise|65/100|[from] Sandstorm\n|-sideend|p2: shutuprwdv|move: Aurora Veil\n|upkeep\n|turn|8\n|\n|t:|1776286996\n|move|p2a: Blastoise|Water Pulse|p1a: Tyranitar\n|-supereffective|p1a: Tyranitar|1\n|-damage|p1a: Tyranitar|9/100\n|-start|p1a: Tyranitar|confusion\n|-activate|p1a: Tyranitar|confusion\n|move|p1a: Tyranitar|Stone Edge|p2a: Blastoise\n|-damage|p2a: Blastoise|0 fnt\n|faint|p2a: Blastoise\n|\n|-weather|Sandstorm|[upkeep]\n|upkeep\n|\n|t:|1776286999\n|switch|p2a: Sneasler|Sneasler, L50, M|100/100\n|turn|9\n|\n|t:|1776287004\n|move|p2a: Sneasler|Close Combat|p1a: Tyranitar\n|-supereffective|p1a: Tyranitar|2\n|-enditem|p1a: Tyranitar|Chople Berry|[eat]\n|-enditem|p1a: Tyranitar|Chople Berry|[weaken]\n|-damage|p1a: Tyranitar|0 fnt\n|-unboost|p2a: Sneasler|def|1\n|-unboost|p2a: Sneasler|spd|1\n|faint|p1a: Tyranitar\n|-enditem|p2a: Sneasler|White Herb\n|-clearnegativeboost|p2a: Sneasler|[silent]\n|\n|-weather|Sandstorm|[upkeep]\n|-damage|p2a: Sneasler|95/100|[from] Sandstorm\n|upkeep\n|\n|t:|1776287005\n|switch|p1a: Glimmora|Glimmora, L50, F|100/100\n|turn|10\n|\n|t:|1776287007\n|detailschange|p1a: Glimmora|Glimmora-Mega, L50, F\n|-mega|p1a: Glimmora|Glimmora|Glimmoranite\n|move|p2a: Sneasler|Dire Claw|p1a: Glimmora\n|-resisted|p1a: Glimmora|2\n|-damage|p1a: Glimmora|89/100\n|move|p1a: Glimmora|Earth Power|p2a: Sneasler\n|-supereffective|p2a: Sneasler|1\n|-damage|p2a: Sneasler|13/100\n|\n|-weather|Sandstorm|[upkeep]\n|-damage|p2a: Sneasler|7/100|[from] Sandstorm\n|upkeep\n|turn|11\n|\n|t:|1776287010\n|move|p2a: Sneasler|Close Combat|p1a: Glimmora\n|-damage|p1a: Glimmora|17/100\n|-unboost|p2a: Sneasler|def|1\n|-unboost|p2a: Sneasler|spd|1\n|move|p1a: Glimmora|Earth Power|p2a: Sneasler\n|-supereffective|p2a: Sneasler|1\n|-damage|p2a: Sneasler|0 fnt\n|faint|p2a: Sneasler\n|\n|win|mrboogy\n|raw|mrboogy's rating: 1209 &rarr; <strong>1236</strong><br />(+27 for winning)\n|raw|shutuprwdv's rating: 1237 &rarr; <strong>1210</strong><br />(-27 for losing)\n|l|\u2606mrboogy\n|player|p1|\n|l|\u2606shutuprwdv\n|player|p2|\n",
  "uploadtime": 1776287064,
  "views": 5,
  "formatid": "gen9championsbssregma",
  "rating": 1210,
  "private": 0,
  "password": null
}