{
  "id": "gen9championsbssregma-2588045618",
  "format": "[Gen 9 Champions] BSS Reg M-A",
  "players": [
    "qweralt",
    "Dulcina729"
  ],
  "log": "|j|\u2606qweralt\n|j|\u2606Dulcina729\n|t:|1776597508\n|gametype|singles\n|player|p1|qweralt|boarder|1040\n|player|p2|Dulcina729|pokemonrangerf|1106\n|gen|9\n|tier|[Gen 9 Champions] BSS Reg M-A\n|rated|\n|rule|Species Clause: Limit one of each Pok\u00e9mon\n|rule|Item Clause: Limit 1 of each item\n|clearpoke\n|poke|p1|Gengar, L50, F|\n|poke|p1|Vivillon, L50, M|\n|poke|p1|Hatterene, L50, F|\n|poke|p1|Weavile, L50, M|\n|poke|p1|Aerodactyl, L50, F|\n|poke|p1|Volcarona, L50, M|\n|poke|p2|Glimmora, L50, F, shiny|\n|poke|p2|Milotic, L50, F, shiny|\n|poke|p2|Corviknight, L50, M|\n|poke|p2|Dragonite, L50, M|\n|poke|p2|Mimikyu, L50, F, shiny|\n|poke|p2|Garganacl, L50, F, shiny|\n|teampreview|3\n|inactive|Battle timer is ON: inactive players will automatically lose when time's up. (requested by Dulcina729)\n|inactive|qweralt has 60 seconds left.\n|inactive|Dulcina729 has 60 seconds left.\n|inactive|qweralt has 30 seconds left.\n|\n|t:|1776597581\n|teamsize|p1|3\n|teamsize|p2|3\n|start\n|switch|p1a: Weavile|Weavile, L50, M|100/100\n|switch|p2a: Garganacl|Garganacl, L50, F, shiny|100/100\n|-ability|p1a: Weavile|Pressure\n|turn|1\n|\n|t:|1776597592\n|switch|p1a: Hatterene|Hatterene, L50, F|100/100\n|move|p2a: Garganacl|Salt Cure|p1a: Hatterene\n|-damage|p1a: Hatterene|88/100\n|-start|p1a: Hatterene|Salt Cure\n|\n|-heal|p1a: Hatterene|94/100|[from] item: Leftovers\n|-damage|p1a: Hatterene|88/100|[from] Salt Cure\n|upkeep\n|turn|2\n|\n|t:|1776597602\n|move|p2a: Garganacl|Curse|p2a: Garganacl\n|-unboost|p2a: Garganacl|spe|1\n|-boost|p2a: Garganacl|atk|1\n|-boost|p2a: Garganacl|def|1\n|move|p1a: Hatterene|Psychic Noise|p2a: Garganacl\n|-damage|p2a: Garganacl|75/100\n|-start|p2a: Garganacl|move: Heal Block\n|\n|-heal|p1a: Hatterene|94/100|[from] item: Leftovers\n|-damage|p1a: Hatterene|88/100|[from] Salt Cure\n|upkeep\n|turn|3\n|\n|t:|1776597615\n|move|p1a: Hatterene|Calm Mind|p1a: Hatterene\n|-boost|p1a: Hatterene|spa|1\n|-boost|p1a: Hatterene|spd|1\n|move|p2a: Garganacl|Earthquake|p1a: Hatterene\n|-damage|p1a: Hatterene|58/100\n|\n|-heal|p1a: Hatterene|65/100|[from] item: Leftovers\n|-damage|p1a: Hatterene|58/100|[from] Salt Cure\n|-end|p2a: Garganacl|move: Heal Block\n|upkeep\n|turn|4\n|\n|t:|1776597627\n|move|p1a: Hatterene|Psychic Noise|p2a: Garganacl\n|-damage|p2a: Garganacl|38/100\n|-start|p2a: Garganacl|move: Heal Block\n|cant|p2a: Garganacl|move: Heal Block|Recover\n|\n|-heal|p1a: Hatterene|65/100|[from] item: Leftovers\n|-damage|p1a: Hatterene|58/100|[from] Salt Cure\n|upkeep\n|turn|5\n|\n|t:|1776597639\n|move|p1a: Hatterene|Draining Kiss|p2a: Garganacl\n|-damage|p2a: Garganacl|10/100\n|-heal|p1a: Hatterene|85/100|[from] drain|[of] p2a: Garganacl\n|move|p2a: Garganacl|Earthquake|p1a: Hatterene\n|-damage|p1a: Hatterene|54/100\n|\n|-heal|p1a: Hatterene|60/100|[from] item: Leftovers\n|-damage|p1a: Hatterene|54/100|[from] Salt Cure\n|-end|p2a: Garganacl|move: Heal Block\n|upkeep\n|turn|6\n|inactive|Dulcina729 has 30 seconds left.\n|\n|t:|1776597665\n|move|p1a: Hatterene|Psychic Noise|p2a: Garganacl\n|-damage|p2a: Garganacl|0 fnt\n|faint|p2a: Garganacl\n|\n|-heal|p1a: Hatterene|60/100|[from] item: Leftovers\n|-damage|p1a: Hatterene|54/100|[from] Salt Cure\n|upkeep\n|\n|t:|1776597670\n|switch|p2a: Mimikyu|Mimikyu, L50, F, shiny|100/100\n|turn|7\n|\n|t:|1776597674\n|move|p2a: Mimikyu|Swords Dance|p2a: Mimikyu\n|-boost|p2a: Mimikyu|atk|2\n|move|p1a: Hatterene|Draining Kiss|p2a: Mimikyu\n|-activate|p2a: Mimikyu|ability: Disguise\n|-damage|p2a: Mimikyu|100/100\n|detailschange|p2a: Mimikyu|Mimikyu-Busted, L50, F, shiny\n|-damage|p2a: Mimikyu|88/100|[from] pokemon: Mimikyu-Busted\n|\n|-heal|p1a: Hatterene|60/100|[from] item: Leftovers\n|-damage|p1a: Hatterene|54/100|[from] Salt Cure\n|upkeep\n|turn|8\n|\n|t:|1776597685\n|move|p2a: Mimikyu|Shadow Claw|p1a: Hatterene\n|-supereffective|p1a: Hatterene|1\n|-damage|p1a: Hatterene|0 fnt\n|faint|p1a: Hatterene\n|\n|upkeep\n|inactive|qweralt has 30 seconds left.\n|\n|t:|1776597714\n|switch|p1a: Weavile|Weavile, L50, M|100/100\n|-ability|p1a: Weavile|Pressure\n|turn|9\n|\n|t:|1776597737\n|move|p2a: Mimikyu|Shadow Sneak|p1a: Weavile\n|-resisted|p1a: Weavile|1\n|-damage|p1a: Weavile|72/100\n|move|p1a: Weavile|Triple Axel|p2a: Mimikyu\n|-damage|p2a: Mimikyu|72/100\n|-damage|p2a: Mimikyu|39/100\n|-enditem|p2a: Mimikyu|Sitrus Berry|[eat]\n|-heal|p2a: Mimikyu|64/100|[from] item: Sitrus Berry\n|-damage|p2a: Mimikyu|17/100\n|-hitcount|p2a: Mimikyu|3\n|\n|upkeep\n|turn|10\n|\n|t:|1776597749\n|move|p2a: Mimikyu|Shadow Sneak|p1a: Weavile\n|-resisted|p1a: Weavile|1\n|-damage|p1a: Weavile|47/100\n|move|p1a: Weavile|Knock Off|p2a: Mimikyu\n|-damage|p2a: Mimikyu|0 fnt\n|faint|p2a: Mimikyu\n|\n|upkeep\n|-message|Dulcina729 forfeited.\n|\n|win|qweralt\n|raw|qweralt's rating: 1040 &rarr; <strong>1080</strong><br />(+40 for winning)\n|raw|Dulcina729's rating: 1106 &rarr; <strong>1076</strong><br />(-30 for losing)\n|l|\u2606Dulcina729\n|player|p2|\n",
  "uploadtime": 1776597757,
  "views": 3,
  "formatid": "gen9championsbssregma",
  "rating": 1076,
  "private": 0,
  "password": null
}