{
  "id": "gen9championsbssregma-2586095961",
  "format": "[Gen 9 Champions] BSS Reg M-A",
  "players": [
    "clovercat",
    "Mr. Bean Stan"
  ],
  "log": "|j|\u2606clovercat\n|j|\u2606Mr. Bean Stan\n|t:|1776398522\n|gametype|singles\n|player|p1|clovercat|elesa|1088\n|player|p2|Mr. Bean Stan|gentleman-gen6|1123\n|gen|9\n|tier|[Gen 9 Champions] BSS Reg M-A\n|rated|\n|rule|Species Clause: Limit one of each Pok\u00e9mon\n|rule|Item Clause: Limit 1 of each item\n|clearpoke\n|poke|p1|Toxapex, L50, F|\n|poke|p1|Glimmora, L50, F|\n|poke|p1|Garganacl, L50, F|\n|poke|p1|Gengar, L50, F|\n|poke|p1|Venusaur, L50, F|\n|poke|p1|Arcanine, L50, M|\n|poke|p2|Glalie, L50, M|\n|poke|p2|Hatterene, L50, F|\n|poke|p2|Meowscarada, L50, F|\n|poke|p2|Corviknight, L50, M|\n|poke|p2|Kingambit, L50, M|\n|poke|p2|Arcanine-Hisui, L50, F|\n|teampreview|3\n|inactive|Battle timer is ON: inactive players will automatically lose when time's up. (requested by Mr. Bean Stan)\n|\n|t:|1776398537\n|teamsize|p1|3\n|teamsize|p2|3\n|start\n|switch|p1a: Glimmora|Glimmora, L50, F|100/100\n|switch|p2a: Glalie|Glalie, L50, M|100/100\n|turn|1\n|\n|t:|1776398544\n|move|p2a: Glalie|Block|p1a: Glimmora\n|-activate|p1a: Glimmora|trapped\n|move|p1a: Glimmora|Mortal Spin|p2a: Glalie\n|-damage|p2a: Glalie|94/100\n|-status|p2a: Glalie|psn\n|\n|-damage|p2a: Glalie|81/100 psn|[from] psn\n|-ability|p2a: Glalie|Moody|boost\n|-boost|p2a: Glalie|spa|2\n|-unboost|p2a: Glalie|spd|1\n|upkeep\n|turn|2\n|\n|t:|1776398553\n|move|p1a: Glimmora|Spiky Shield|p1a: Glimmora\n|-singleturn|p1a: Glimmora|move: Protect\n|move|p2a: Glalie|Freeze-Dry|p1a: Glimmora\n|-activate|p1a: Glimmora|move: Protect\n|\n|-damage|p2a: Glalie|69/100 psn|[from] psn\n|-ability|p2a: Glalie|Moody|boost\n|-boost|p2a: Glalie|def|2\n|-unboost|p2a: Glalie|spa|1\n|upkeep\n|turn|3\n|\n|t:|1776398569\n|move|p2a: Glalie|Rest|p2a: Glalie\n|-status|p2a: Glalie|slp|[from] move: Rest\n|-heal|p2a: Glalie|100/100 slp|[silent]\n|move|p1a: Glimmora|Substitute|p1a: Glimmora\n|-start|p1a: Glimmora|Substitute\n|-damage|p1a: Glimmora|76/100\n|\n|-ability|p2a: Glalie|Moody|boost\n|-boost|p2a: Glalie|spe|2\n|-unboost|p2a: Glalie|spa|1\n|upkeep\n|turn|4\n|\n|t:|1776398579\n|cant|p2a: Glalie|slp\n|move|p1a: Glimmora|Stealth Rock|p2a: Glalie\n|-sidestart|p2: Mr. Bean Stan|move: Stealth Rock\n|\n|-ability|p2a: Glalie|Moody|boost\n|-boost|p2a: Glalie|spd|2\n|-unboost|p2a: Glalie|atk|1\n|upkeep\n|turn|5\n|\n|t:|1776398586\n|cant|p2a: Glalie|slp\n|move|p1a: Glimmora|Stealth Rock||[still]\n|-fail|p1a: Glimmora\n|\n|-ability|p2a: Glalie|Moody|boost\n|-boost|p2a: Glalie|atk|2\n|-unboost|p2a: Glalie|spd|1\n|upkeep\n|turn|6\n|\n|t:|1776398593\n|-curestatus|p2a: Glalie|slp|[msg]\n|move|p2a: Glalie|Disable|p1a: Glimmora\n|-start|p1a: Glimmora|Disable|Stealth Rock\n|move|p1a: Glimmora|Mortal Spin|p2a: Glalie\n|-damage|p2a: Glalie|97/100\n|-status|p2a: Glalie|psn\n|\n|-damage|p2a: Glalie|84/100 psn|[from] psn\n|-ability|p2a: Glalie|Moody|boost\n|-boost|p2a: Glalie|def|2\n|-unboost|p2a: Glalie|spe|1\n|upkeep\n|turn|7\n|\n|t:|1776398605\n|move|p2a: Glalie|Disable||[still]\n|-fail|p2a: Glalie\n|move|p1a: Glimmora|Mortal Spin|p2a: Glalie\n|-damage|p2a: Glalie|82/100 psn\n|\n|-damage|p2a: Glalie|70/100 psn|[from] psn\n|-ability|p2a: Glalie|Moody|boost\n|-boost|p2a: Glalie|atk|2\n|-unboost|p2a: Glalie|def|1\n|upkeep\n|turn|8\n|\n|t:|1776398616\n|move|p2a: Glalie|Block||[still]\n|-fail|p2a: Glalie\n|move|p1a: Glimmora|Mortal Spin|p2a: Glalie\n|-damage|p2a: Glalie|67/100 psn\n|\n|-damage|p2a: Glalie|55/100 psn|[from] psn\n|-ability|p2a: Glalie|Moody|boost\n|-boost|p2a: Glalie|spe|2\n|-unboost|p2a: Glalie|def|1\n|upkeep\n|turn|9\n|\n|t:|1776398625\n|move|p2a: Glalie|Block||[still]\n|-fail|p2a: Glalie\n|move|p1a: Glimmora|Mortal Spin|p2a: Glalie\n|-damage|p2a: Glalie|51/100 psn\n|\n|-damage|p2a: Glalie|38/100 psn|[from] psn\n|-end|p1a: Glimmora|Disable\n|-ability|p2a: Glalie|Moody|boost\n|-boost|p2a: Glalie|spe|2\n|-unboost|p2a: Glalie|def|1\n|upkeep\n|turn|10\n|\n|t:|1776398635\n|move|p2a: Glalie|Disable|p1a: Glimmora\n|-start|p1a: Glimmora|Disable|Mortal Spin\n|move|p1a: Glimmora|Stealth Rock||[still]\n|-fail|p1a: Glimmora\n|\n|-damage|p2a: Glalie|26/100 psn|[from] psn\n|-ability|p2a: Glalie|Moody|boost\n|-boost|p2a: Glalie|spd|2\n|-unboost|p2a: Glalie|atk|1\n|upkeep\n|turn|11\n|\n|t:|1776398646\n|move|p2a: Glalie|Rest|p2a: Glalie\n|-status|p2a: Glalie|slp|[from] move: Rest\n|-heal|p2a: Glalie|100/100 slp|[silent]\n|move|p1a: Glimmora|Stealth Rock||[still]\n|-fail|p1a: Glimmora\n|\n|-ability|p2a: Glalie|Moody|boost\n|-boost|p2a: Glalie|atk|2\n|-unboost|p2a: Glalie|spd|1\n|upkeep\n|turn|12\n|\n|t:|1776398654\n|cant|p2a: Glalie|slp\n|move|p1a: Glimmora|Stealth Rock||[still]\n|-fail|p1a: Glimmora\n|\n|-ability|p2a: Glalie|Moody|boost\n|-boost|p2a: Glalie|def|2\n|-unboost|p2a: Glalie|spe|1\n|upkeep\n|turn|13\n|\n|t:|1776398666\n|cant|p2a: Glalie|slp\n|move|p1a: Glimmora|Stealth Rock||[still]\n|-fail|p1a: Glimmora\n|\n|-end|p1a: Glimmora|Disable\n|-ability|p2a: Glalie|Moody|boost\n|-boost|p2a: Glalie|def|2\n|-unboost|p2a: Glalie|atk|1\n|upkeep\n|turn|14\n|\n|t:|1776398675\n|-curestatus|p2a: Glalie|slp|[msg]\n|move|p2a: Glalie|Block||[still]\n|-fail|p2a: Glalie\n|move|p1a: Glimmora|Mortal Spin|p2a: Glalie\n|-damage|p2a: Glalie|98/100\n|-status|p2a: Glalie|psn\n|\n|-damage|p2a: Glalie|86/100 psn|[from] psn\n|-ability|p2a: Glalie|Moody|boost\n|-boost|p2a: Glalie|spd|2\n|-unboost|p2a: Glalie|spa|1\n|upkeep\n|turn|15\n|\n|t:|1776398686\n|move|p2a: Glalie|Disable|p1a: Glimmora\n|-start|p1a: Glimmora|Disable|Mortal Spin\n|move|p1a: Glimmora|Stealth Rock||[still]\n|-fail|p1a: Glimmora\n|\n|-damage|p2a: Glalie|74/100 psn|[from] psn\n|-ability|p2a: Glalie|Moody|boost\n|-boost|p2a: Glalie|spd|2\n|-unboost|p2a: Glalie|def|1\n|upkeep\n|turn|16\n|\n|t:|1776398695\n|move|p2a: Glalie|Freeze-Dry|p1a: Glimmora\n|-activate|p1a: Glimmora|move: Substitute|[damage]\n|move|p1a: Glimmora|Stealth Rock||[still]\n|-fail|p1a: Glimmora\n|\n|-damage|p2a: Glalie|61/100 psn|[from] psn\n|-ability|p2a: Glalie|Moody|boost\n|-boost|p2a: Glalie|atk|2\n|-unboost|p2a: Glalie|def|1\n|upkeep\n|turn|17\n|\n|t:|1776398706\n|move|p2a: Glalie|Block||[still]\n|-fail|p2a: Glalie\n|move|p1a: Glimmora|Stealth Rock||[still]\n|-fail|p1a: Glimmora\n|\n|-damage|p2a: Glalie|49/100 psn|[from] psn\n|-ability|p2a: Glalie|Moody|boost\n|-boost|p2a: Glalie|spd|1\n|-unboost|p2a: Glalie|spe|1\n|upkeep\n|turn|18\n|\n|t:|1776398714\n|move|p2a: Glalie|Freeze-Dry|p1a: Glimmora\n|-end|p1a: Glimmora|Substitute\n|move|p1a: Glimmora|Stealth Rock||[still]\n|-fail|p1a: Glimmora\n|\n|-damage|p2a: Glalie|37/100 psn|[from] psn\n|-end|p1a: Glimmora|Disable\n|-ability|p2a: Glalie|Moody|boost\n|-boost|p2a: Glalie|spe|2\n|-unboost|p2a: Glalie|def|1\n|upkeep\n|turn|19\n|\n|t:|1776398724\n|move|p2a: Glalie|Block||[still]\n|-fail|p2a: Glalie\n|move|p1a: Glimmora|Substitute|p1a: Glimmora\n|-start|p1a: Glimmora|Substitute\n|-damage|p1a: Glimmora|51/100\n|\n|-damage|p2a: Glalie|25/100 psn|[from] psn\n|-ability|p2a: Glalie|Moody|boost\n|-boost|p2a: Glalie|spa|2\n|-unboost|p2a: Glalie|def|1\n|upkeep\n|turn|20\n|\n|t:|1776398734\n|move|p2a: Glalie|Rest|p2a: Glalie\n|-status|p2a: Glalie|slp|[from] move: Rest\n|-heal|p2a: Glalie|100/100 slp|[silent]\n|move|p1a: Glimmora|Stealth Rock||[still]\n|-fail|p1a: Glimmora\n|\n|-ability|p2a: Glalie|Moody|boost\n|-boost|p2a: Glalie|spe|1\n|-unboost|p2a: Glalie|spd|1\n|upkeep\n|turn|21\n|\n|t:|1776398743\n|cant|p2a: Glalie|slp\n|move|p1a: Glimmora|Stealth Rock||[still]\n|-fail|p1a: Glimmora\n|\n|-ability|p2a: Glalie|Moody|boost\n|-boost|p2a: Glalie|def|2\n|-unboost|p2a: Glalie|atk|1\n|upkeep\n|turn|22\n|\n|t:|1776398751\n|cant|p2a: Glalie|slp\n|move|p1a: Glimmora|Mortal Spin|p2a: Glalie\n|-damage|p2a: Glalie|97/100 slp\n|\n|-ability|p2a: Glalie|Moody|boost\n|-boost|p2a: Glalie|def|2\n|-unboost|p2a: Glalie|atk|1\n|upkeep\n|turn|23\n|\n|t:|1776398759\n|-curestatus|p2a: Glalie|slp|[msg]\n|move|p2a: Glalie|Disable|p1a: Glimmora\n|-start|p1a: Glimmora|Disable|Mortal Spin\n|cant|p1a: Glimmora|Disable|Mortal Spin\n|\n|-ability|p2a: Glalie|Moody|boost\n|-boost|p2a: Glalie|spa|2\n|-unboost|p2a: Glalie|def|1\n|upkeep\n|turn|24\n|\n|t:|1776398767\n|move|p2a: Glalie|Freeze-Dry|p1a: Glimmora\n|-end|p1a: Glimmora|Substitute\n|move|p1a: Glimmora|Stealth Rock||[still]\n|-fail|p1a: Glimmora\n|\n|-ability|p2a: Glalie|Moody|boost\n|-boost|p2a: Glalie|spd|1\n|-unboost|p2a: Glalie|spa|1\n|upkeep\n|turn|25\n|\n|t:|1776398775\n|move|p1a: Glimmora|Spiky Shield|p1a: Glimmora\n|-singleturn|p1a: Glimmora|move: Protect\n|move|p2a: Glalie|Block||[still]\n|-fail|p2a: Glalie\n|\n|-ability|p2a: Glalie|Moody|boost\n|-boost|p2a: Glalie|atk|2\n|-unboost|p2a: Glalie|spe|1\n|upkeep\n|turn|26\n|\n|t:|1776398784\n|move|p2a: Glalie|Disable||[still]\n|-fail|p2a: Glalie\n|move|p1a: Glimmora|Substitute|p1a: Glimmora\n|-start|p1a: Glimmora|Substitute\n|-damage|p1a: Glimmora|26/100\n|\n|-end|p1a: Glimmora|Disable\n|-ability|p2a: Glalie|Moody|boost\n|-boost|p2a: Glalie|def|2\n|-unboost|p2a: Glalie|atk|1\n|upkeep\n|turn|27\n|\n|t:|1776398792\n|move|p2a: Glalie|Freeze-Dry|p1a: Glimmora\n|-end|p1a: Glimmora|Substitute\n|move|p1a: Glimmora|Mortal Spin|p2a: Glalie\n|-damage|p2a: Glalie|95/100\n|-status|p2a: Glalie|psn\n|\n|-damage|p2a: Glalie|83/100 psn|[from] psn\n|-ability|p2a: Glalie|Moody|boost\n|-boost|p2a: Glalie|atk|2\n|-unboost|p2a: Glalie|spe|1\n|upkeep\n|turn|28\n|\n|t:|1776398802\n|move|p1a: Glimmora|Spiky Shield|p1a: Glimmora\n|-singleturn|p1a: Glimmora|move: Protect\n|move|p2a: Glalie|Disable|p1a: Glimmora\n|-activate|p1a: Glimmora|move: Protect\n|\n|-damage|p2a: Glalie|71/100 psn|[from] psn\n|-ability|p2a: Glalie|Moody|boost\n|-boost|p2a: Glalie|spe|2\n|-unboost|p2a: Glalie|def|1\n|upkeep\n|turn|29\n|\n|t:|1776398813\n|move|p2a: Glalie|Block||[still]\n|-fail|p2a: Glalie\n|move|p1a: Glimmora|Substitute|p1a: Glimmora\n|-start|p1a: Glimmora|Substitute\n|-damage|p1a: Glimmora|2/100\n|\n|-damage|p2a: Glalie|58/100 psn|[from] psn\n|-ability|p2a: Glalie|Moody|boost\n|-boost|p2a: Glalie|spa|2\n|-unboost|p2a: Glalie|spe|1\n|upkeep\n|turn|30\n|\n|t:|1776398827\n|move|p1a: Glimmora|Spiky Shield|p1a: Glimmora\n|-singleturn|p1a: Glimmora|move: Protect\n|move|p2a: Glalie|Freeze-Dry|p1a: Glimmora\n|-activate|p1a: Glimmora|move: Protect\n|\n|-damage|p2a: Glalie|46/100 psn|[from] psn\n|-ability|p2a: Glalie|Moody|boost\n|-boost|p2a: Glalie|spe|1\n|-unboost|p2a: Glalie|atk|1\n|upkeep\n|turn|31\n|\n|t:|1776398836\n|move|p2a: Glalie|Freeze-Dry|p1a: Glimmora\n|-end|p1a: Glimmora|Substitute\n|move|p1a: Glimmora|Mortal Spin|p2a: Glalie\n|-damage|p2a: Glalie|44/100 psn\n|\n|-damage|p2a: Glalie|32/100 psn|[from] psn\n|-ability|p2a: Glalie|Moody|boost\n|-boost|p2a: Glalie|def|1\n|-unboost|p2a: Glalie|spa|1\n|upkeep\n|turn|32\n|\n|t:|1776398845\n|move|p1a: Glimmora|Spiky Shield|p1a: Glimmora\n|-singleturn|p1a: Glimmora|move: Protect\n|move|p2a: Glalie|Disable|p1a: Glimmora\n|-activate|p1a: Glimmora|move: Protect\n|\n|-damage|p2a: Glalie|19/100 psn|[from] psn\n|-ability|p2a: Glalie|Moody|boost\n|-boost|p2a: Glalie|atk|1\n|-unboost|p2a: Glalie|def|1\n|upkeep\n|turn|33\n|\n|t:|1776398853\n|move|p2a: Glalie|Rest|p2a: Glalie\n|-status|p2a: Glalie|slp|[from] move: Rest\n|-heal|p2a: Glalie|100/100 slp|[silent]\n|move|p1a: Glimmora|Mortal Spin|p2a: Glalie\n|-damage|p2a: Glalie|98/100 slp\n|\n|-ability|p2a: Glalie|Moody|boost\n|-boost|p2a: Glalie|spa|2\n|-unboost|p2a: Glalie|spd|1\n|upkeep\n|turn|34\n|\n|t:|1776398863\n|cant|p2a: Glalie|slp\n|move|p1a: Glimmora|Stealth Rock||[still]\n|-fail|p1a: Glimmora\n|\n|-ability|p2a: Glalie|Moody|boost\n|-boost|p2a: Glalie|spd|1\n|-unboost|p2a: Glalie|spe|1\n|upkeep\n|turn|35\n|\n|t:|1776398870\n|cant|p2a: Glalie|slp\n|move|p1a: Glimmora|Stealth Rock||[still]\n|-fail|p1a: Glimmora\n|\n|-ability|p2a: Glalie|Moody|boost\n|-boost|p2a: Glalie|def|1\n|-unboost|p2a: Glalie|spd|1\n|upkeep\n|turn|36\n|\n|t:|1776398880\n|move|p1a: Glimmora|Spiky Shield|p1a: Glimmora\n|-singleturn|p1a: Glimmora|move: Protect\n|-curestatus|p2a: Glalie|slp|[msg]\n|move|p2a: Glalie|Rest|p2a: Glalie\n|-status|p2a: Glalie|slp|[from] move: Rest\n|-heal|p2a: Glalie|100/100 slp|[silent]\n|\n|-ability|p2a: Glalie|Moody|boost\n|-boost|p2a: Glalie|spe|1\n|-unboost|p2a: Glalie|spd|1\n|upkeep\n|turn|37\n|\n|t:|1776398890\n|cant|p2a: Glalie|slp\n|move|p1a: Glimmora|Stealth Rock||[still]\n|-fail|p1a: Glimmora\n|\n|-ability|p2a: Glalie|Moody|boost\n|-boost|p2a: Glalie|spa|1\n|-unboost|p2a: Glalie|spd|1\n|upkeep\n|turn|38\n|\n|t:|1776398899\n|cant|p2a: Glalie|slp\n|move|p1a: Glimmora|Stealth Rock||[still]\n|-fail|p1a: Glimmora\n|\n|-ability|p2a: Glalie|Moody|boost\n|-boost|p2a: Glalie|spd|2\n|-unboost|p2a: Glalie|spe|1\n|upkeep\n|turn|39\n|\n|t:|1776398906\n|detailschange|p2a: Glalie|Glalie-Mega, L50, M\n|-mega|p2a: Glalie|Glalie|Glalitite\n|move|p1a: Glimmora|Spiky Shield|p1a: Glimmora\n|-singleturn|p1a: Glimmora|move: Protect\n|-curestatus|p2a: Glalie|slp|[msg]\n|move|p2a: Glalie|Freeze-Dry|p1a: Glimmora\n|-activate|p1a: Glimmora|move: Protect\n|\n|upkeep\n|turn|40\n|\n|t:|1776398918\n|move|p1a: Glimmora|Spiky Shield||[still]\n|-fail|p1a: Glimmora\n|move|p2a: Glalie|Freeze-Dry|p1a: Glimmora\n|-damage|p1a: Glimmora|0 fnt\n|faint|p1a: Glimmora\n|\n|upkeep\n|\n|t:|1776398925\n|switch|p1a: Garganacl|Garganacl, L50, F|100/100\n|turn|41\n|\n|t:|1776398932\n|move|p2a: Glalie|Freeze-Dry|p1a: Garganacl\n|-damage|p1a: Garganacl|3/100\n|move|p1a: Garganacl|Salt Cure|p2a: Glalie\n|-supereffective|p2a: Glalie|1\n|-damage|p2a: Glalie|93/100\n|-start|p2a: Glalie|Salt Cure\n|\n|-damage|p2a: Glalie|87/100|[from] Salt Cure\n|upkeep\n|turn|42\n|\n|t:|1776398941\n|move|p1a: Garganacl|Protect|p1a: Garganacl\n|-singleturn|p1a: Garganacl|Protect\n|move|p2a: Glalie|Freeze-Dry|p1a: Garganacl\n|-activate|p1a: Garganacl|move: Protect\n|\n|-damage|p2a: Glalie|81/100|[from] Salt Cure\n|upkeep\n|turn|43\n|\n|t:|1776398953\n|move|p2a: Glalie|Freeze-Dry|p1a: Garganacl\n|-damage|p1a: Garganacl|0 fnt\n|faint|p1a: Garganacl\n|\n|-damage|p2a: Glalie|75/100|[from] Salt Cure\n|upkeep\n|\n|t:|1776398958\n|switch|p1a: Venusaur|Venusaur, L50, F|100/100\n|turn|44\n|\n|t:|1776398961\n|move|p1a: Venusaur|Protect|p1a: Venusaur\n|-singleturn|p1a: Venusaur|Protect\n|move|p2a: Glalie|Freeze-Dry|p1a: Venusaur\n|-activate|p1a: Venusaur|move: Protect\n|\n|-damage|p2a: Glalie|69/100|[from] Salt Cure\n|upkeep\n|turn|45\n|\n|t:|1776398968\n|detailschange|p1a: Venusaur|Venusaur-Mega, L50, F\n|-mega|p1a: Venusaur|Venusaur|Venusaurite\n|move|p2a: Glalie|Freeze-Dry|p1a: Venusaur\n|-supereffective|p1a: Venusaur|1\n|-damage|p1a: Venusaur|38/100\n|move|p1a: Venusaur|Leech Seed|p2a: Glalie\n|-start|p2a: Glalie|move: Leech Seed\n|\n|-damage|p2a: Glalie|57/100|[from] Leech Seed|[of] p1a: Venusaur\n|-heal|p1a: Venusaur|51/100|[silent]\n|-damage|p2a: Glalie|51/100|[from] Salt Cure\n|upkeep\n|turn|46\n|\n|t:|1776398977\n|move|p1a: Venusaur|Protect|p1a: Venusaur\n|-singleturn|p1a: Venusaur|Protect\n|move|p2a: Glalie|Rest|p2a: Glalie\n|-status|p2a: Glalie|slp|[from] move: Rest\n|-heal|p2a: Glalie|100/100 slp|[silent]\n|\n|-damage|p2a: Glalie|88/100 slp|[from] Leech Seed|[of] p1a: Venusaur\n|-heal|p1a: Venusaur|63/100|[silent]\n|-damage|p2a: Glalie|82/100 slp|[from] Salt Cure\n|upkeep\n|turn|47\n|\n|t:|1776398986\n|cant|p2a: Glalie|slp\n|move|p1a: Venusaur|Giga Drain|p2a: Glalie\n|-damage|p2a: Glalie|71/100 slp\n|-heal|p1a: Venusaur|69/100|[from] drain|[of] p2a: Glalie\n|\n|-damage|p2a: Glalie|59/100 slp|[from] Leech Seed|[of] p1a: Venusaur\n|-heal|p1a: Venusaur|81/100|[silent]\n|-damage|p2a: Glalie|53/100 slp|[from] Salt Cure\n|upkeep\n|turn|48\n|\n|t:|1776398994\n|cant|p2a: Glalie|slp\n|move|p1a: Venusaur|Giga Drain|p2a: Glalie\n|-damage|p2a: Glalie|42/100 slp\n|-heal|p1a: Venusaur|87/100|[from] drain|[of] p2a: Glalie\n|\n|-damage|p2a: Glalie|29/100 slp|[from] Leech Seed|[of] p1a: Venusaur\n|-heal|p1a: Venusaur|99/100|[silent]\n|-damage|p2a: Glalie|23/100 slp|[from] Salt Cure\n|upkeep\n|turn|49\n|\n|t:|1776399005\n|-curestatus|p2a: Glalie|slp|[msg]\n|move|p2a: Glalie|Rest|p2a: Glalie\n|-status|p2a: Glalie|slp|[from] move: Rest\n|-heal|p2a: Glalie|100/100 slp|[silent]\n|move|p1a: Venusaur|Substitute|p1a: Venusaur\n|-start|p1a: Venusaur|Substitute\n|-damage|p1a: Venusaur|75/100\n|\n|-damage|p2a: Glalie|88/100 slp|[from] Leech Seed|[of] p1a: Venusaur\n|-heal|p1a: Venusaur|87/100|[silent]\n|-damage|p2a: Glalie|82/100 slp|[from] Salt Cure\n|upkeep\n|turn|50\n|\n|t:|1776399015\n|cant|p2a: Glalie|slp\n|move|p1a: Venusaur|Giga Drain|p2a: Glalie\n|-damage|p2a: Glalie|72/100 slp\n|-heal|p1a: Venusaur|92/100|[from] drain|[of] p2a: Glalie\n|\n|-damage|p2a: Glalie|60/100 slp|[from] Leech Seed|[of] p1a: Venusaur\n|-heal|p1a: Venusaur|100/100|[silent]\n|-damage|p2a: Glalie|54/100 slp|[from] Salt Cure\n|upkeep\n|turn|51\n|\n|t:|1776399026\n|cant|p2a: Glalie|slp\n|move|p1a: Venusaur|Leech Seed||[still]\n|-fail|p1a: Venusaur\n|\n|-damage|p2a: Glalie|42/100 slp|[from] Leech Seed|[of] p1a: Venusaur\n|-damage|p2a: Glalie|36/100 slp|[from] Salt Cure\n|upkeep\n|turn|52\n|\n|t:|1776399033\n|-curestatus|p2a: Glalie|slp|[msg]\n|move|p2a: Glalie|Freeze-Dry|p1a: Venusaur\n|-supereffective|p1a: Venusaur|1\n|-end|p1a: Venusaur|Substitute\n|move|p1a: Venusaur|Leech Seed||[still]\n|-fail|p1a: Venusaur\n|\n|-damage|p2a: Glalie|23/100|[from] Leech Seed|[of] p1a: Venusaur\n|-damage|p2a: Glalie|18/100|[from] Salt Cure\n|upkeep\n|turn|53\n|\n|t:|1776399044\n|move|p2a: Glalie|Rest|p2a: Glalie\n|-status|p2a: Glalie|slp|[from] move: Rest\n|-heal|p2a: Glalie|100/100 slp|[silent]\n|move|p1a: Venusaur|Substitute|p1a: Venusaur\n|-start|p1a: Venusaur|Substitute\n|-damage|p1a: Venusaur|76/100\n|\n|-damage|p2a: Glalie|88/100 slp|[from] Leech Seed|[of] p1a: Venusaur\n|-heal|p1a: Venusaur|88/100|[silent]\n|-damage|p2a: Glalie|82/100 slp|[from] Salt Cure\n|upkeep\n|turn|54\n|\n|t:|1776399057\n|cant|p2a: Glalie|slp\n|move|p1a: Venusaur|Giga Drain|p2a: Glalie\n|-damage|p2a: Glalie|71/100 slp\n|-heal|p1a: Venusaur|94/100|[from] drain|[of] p2a: Glalie\n|\n|-damage|p2a: Glalie|59/100 slp|[from] Leech Seed|[of] p1a: Venusaur\n|-heal|p1a: Venusaur|100/100|[silent]\n|-damage|p2a: Glalie|53/100 slp|[from] Salt Cure\n|upkeep\n|turn|55\n|\n|t:|1776399065\n|cant|p2a: Glalie|slp\n|move|p1a: Venusaur|Giga Drain|p2a: Glalie\n|-damage|p2a: Glalie|42/100 slp\n|\n|-damage|p2a: Glalie|29/100 slp|[from] Leech Seed|[of] p1a: Venusaur\n|-damage|p2a: Glalie|23/100 slp|[from] Salt Cure\n|upkeep\n|turn|56\n|\n|t:|1776399073\n|move|p1a: Venusaur|Protect|p1a: Venusaur\n|-singleturn|p1a: Venusaur|Protect\n|-curestatus|p2a: Glalie|slp|[msg]\n|move|p2a: Glalie|Freeze-Dry|p1a: Venusaur\n|-activate|p1a: Venusaur|move: Protect\n|\n|-damage|p2a: Glalie|11/100|[from] Leech Seed|[of] p1a: Venusaur\n|-damage|p2a: Glalie|5/100|[from] Salt Cure\n|upkeep\n|turn|57\n|\n|t:|1776399082\n|move|p2a: Glalie|Freeze-Dry|p1a: Venusaur\n|-supereffective|p1a: Venusaur|1\n|-end|p1a: Venusaur|Substitute\n|move|p1a: Venusaur|Substitute|p1a: Venusaur\n|-start|p1a: Venusaur|Substitute\n|-damage|p1a: Venusaur|76/100\n|\n|-damage|p2a: Glalie|0 fnt|[from] Leech Seed|[of] p1a: Venusaur\n|-heal|p1a: Venusaur|81/100|[silent]\n|faint|p2a: Glalie\n|upkeep\n|\n|t:|1776399086\n|switch|p2a: Corviknight|Corviknight, L50, M|100/100\n|-damage|p2a: Corviknight|88/100|[from] Stealth Rock\n|-ability|p2a: Corviknight|Pressure\n|turn|58\n|\n|t:|1776399094\n|move|p1a: Venusaur|Leech Seed|p2a: Corviknight\n|-start|p2a: Corviknight|move: Leech Seed\n|move|p2a: Corviknight|Bulk Up|p2a: Corviknight\n|-boost|p2a: Corviknight|atk|1\n|-boost|p2a: Corviknight|def|1\n|\n|-heal|p2a: Corviknight|94/100|[from] item: Leftovers\n|-damage|p2a: Corviknight|82/100|[from] Leech Seed|[of] p1a: Venusaur\n|-heal|p1a: Venusaur|94/100|[silent]\n|upkeep\n|turn|59\n|inactive|clovercat has 30 seconds left.\n|\n|t:|1776399106\n|move|p1a: Venusaur|Leech Seed|p2a: Corviknight|[miss]\n|-miss|p1a: Venusaur|p2a: Corviknight\n|move|p2a: Corviknight|Bulk Up|p2a: Corviknight\n|-boost|p2a: Corviknight|atk|1\n|-boost|p2a: Corviknight|def|1\n|\n|-heal|p2a: Corviknight|88/100|[from] item: Leftovers\n|-damage|p2a: Corviknight|76/100|[from] Leech Seed|[of] p1a: Venusaur\n|-heal|p1a: Venusaur|100/100|[silent]\n|upkeep\n|turn|60\n|inactive|clovercat has 30 seconds left this turn.\n|inactive|clovercat has 20 seconds left.\n|\n|t:|1776399117\n|move|p1a: Venusaur|Leech Seed|p2a: Corviknight|[miss]\n|-miss|p1a: Venusaur|p2a: Corviknight\n|move|p2a: Corviknight|Bulk Up|p2a: Corviknight\n|-boost|p2a: Corviknight|atk|1\n|-boost|p2a: Corviknight|def|1\n|\n|-heal|p2a: Corviknight|81/100|[from] item: Leftovers\n|-damage|p2a: Corviknight|69/100|[from] Leech Seed|[of] p1a: Venusaur\n|upkeep\n|turn|61\n|inactive|clovercat has 20 seconds left this turn.\n|inactive|clovercat has 15 seconds left.\n|inactive|clovercat has 10 seconds left.\n|\n|t:|1776399128\n|move|p1a: Venusaur|Giga Drain|p2a: Corviknight\n|-resisted|p2a: Corviknight|2\n|-damage|p2a: Corviknight|63/100\n|move|p2a: Corviknight|Bulk Up|p2a: Corviknight\n|-boost|p2a: Corviknight|atk|1\n|-boost|p2a: Corviknight|def|1\n|\n|-heal|p2a: Corviknight|69/100|[from] item: Leftovers\n|-damage|p2a: Corviknight|57/100|[from] Leech Seed|[of] p1a: Venusaur\n|upkeep\n|turn|62\n|inactive|clovercat has 10 seconds left this turn.\n|inactive|clovercat has 5 seconds left.\n|\n|t:|1776399137\n|move|p1a: Venusaur|Giga Drain|p2a: Corviknight\n|-resisted|p2a: Corviknight|2\n|-damage|p2a: Corviknight|52/100\n|move|p2a: Corviknight|Iron Head|p1a: Venusaur\n|-end|p1a: Venusaur|Substitute\n|\n|-heal|p2a: Corviknight|58/100|[from] item: Leftovers\n|-damage|p2a: Corviknight|45/100|[from] Leech Seed|[of] p1a: Venusaur\n|upkeep\n|turn|63\n|inactive|clovercat has 5 seconds left this turn.\n|-message|clovercat lost due to inactivity.\n|\n|win|Mr. Bean Stan\n|raw|clovercat's rating: 1088 &rarr; <strong>1067</strong><br />(-21 for losing)\n|raw|Mr. Bean Stan's rating: 1123 &rarr; <strong>1145</strong><br />(+22 for winning)\n|c|\u2606Mr. Bean Stan|ggs :D\n",
  "uploadtime": 1776399151,
  "views": 11,
  "formatid": "gen9championsbssregma",
  "rating": 1067,
  "private": 0,
  "password": null
}