{
  "id": "gen9championsbssregma-2584045427",
  "format": "[Gen 9 Champions] BSS Reg M-A",
  "players": [
    "mia corvere",
    "bandai home"
  ],
  "log": "|j|\u2606mia corvere\n|j|\u2606bandai home\n|t:|1776219740\n|gametype|singles\n|player|p1|mia corvere|170|1352\n|player|p2|bandai home|170|1291\n|gen|9\n|tier|[Gen 9 Champions] BSS Reg M-A\n|rated|\n|rule|Species Clause: Limit one of each Pok\u00e9mon\n|rule|Item Clause: Limit 1 of each item\n|clearpoke\n|poke|p1|Aegislash, L50, M|\n|poke|p1|Gengar, L50, M|\n|poke|p1|Starmie, L50|\n|poke|p1|Ditto, L50|\n|poke|p1|Volcarona, L50, M|\n|poke|p1|Rotom-Wash, L50|\n|poke|p2|Dragapult, L50, F|\n|poke|p2|Gengar, L50, M|\n|poke|p2|Scovillain, L50, M|\n|poke|p2|Kingambit, L50, F|\n|poke|p2|Corviknight, L50, F|\n|poke|p2|Arcanine-Hisui, L50, M|\n|teampreview|3\n|j| Esslinger\n|\n|t:|1776219778\n|teamsize|p1|3\n|teamsize|p2|3\n|start\n|switch|p1a: Rotom|Rotom-Wash, L50|100/100\n|switch|p2a: Gengar|Gengar, L50, M|100/100\n|turn|1\n|\n|t:|1776219785\n|detailschange|p2a: Gengar|Gengar-Mega, L50, M\n|-mega|p2a: Gengar|Gengar|Gengarite\n|move|p2a: Gengar|Protect|p2a: Gengar\n|-singleturn|p2a: Gengar|Protect\n|move|p1a: Rotom|Volt Switch|p2a: Gengar\n|-activate|p2a: Gengar|move: Protect\n|\n|upkeep\n|turn|2\n|\n|t:|1776219803\n|move|p2a: Gengar|Shadow Ball|p1a: Rotom\n|-damage|p1a: Rotom|51/100\n|move|p1a: Rotom|Thunder Wave|p2a: Gengar\n|-status|p2a: Gengar|par\n|\n|upkeep\n|turn|3\n|\n|t:|1776219811\n|move|p1a: Rotom|Volt Switch|p2a: Gengar\n|-damage|p2a: Gengar|70/100 par\n|\n|t:|1776219814\n|switch|p1a: Aegislash|Aegislash, L50, M|100/100|[from] Volt Switch\n|move|p2a: Gengar|Shadow Ball|p1a: Aegislash\n|-supereffective|p1a: Aegislash|1\n|-enditem|p1a: Aegislash|Kasib Berry|[eat]\n|-enditem|p1a: Aegislash|Kasib Berry|[weaken]\n|-damage|p1a: Aegislash|66/100\n|\n|upkeep\n|turn|4\n|j| p74\n|\n|t:|1776219825\n|switch|p2a: Kingambit|Kingambit, L50, F|100/100\n|-formechange|p1a: Aegislash|Aegislash-Blade|\n|move|p1a: Aegislash|Shadow Sneak|p2a: Kingambit\n|-resisted|p2a: Kingambit|1\n|-damage|p2a: Kingambit|91/100\n|\n|upkeep\n|turn|5\n|\n|t:|1776219836\n|move|p2a: Kingambit|Kowtow Cleave|p1a: Aegislash\n|-supereffective|p1a: Aegislash|1\n|-damage|p1a: Aegislash|0 fnt\n|faint|p1a: Aegislash\n|\n|upkeep\n|\n|t:|1776219838\n|switch|p1a: Rotom|Rotom-Wash, L50|51/100\n|turn|6\n|\n|t:|1776219858\n|-end|p2a: Kingambit|fallenundefined|[silent]\n|switch|p2a: Gengar|Gengar-Mega, L50, M|70/100 par\n|move|p1a: Rotom|Hydro Pump|p2a: Gengar\n|-damage|p2a: Gengar|28/100 par\n|\n|upkeep\n|turn|7\n|\n|t:|1776219866\n|move|p1a: Rotom|Hydro Pump|p2a: Gengar\n|-damage|p2a: Gengar|0 fnt\n|faint|p2a: Gengar\n|\n|upkeep\n|\n|t:|1776219868\n|switch|p2a: Arcanine|Arcanine-Hisui, L50, M|100/100\n|turn|8\n|\n|t:|1776219876\n|move|p2a: Arcanine|Head Smash|p1a: Rotom\n|-damage|p1a: Rotom|0 fnt\n|faint|p1a: Rotom\n|\n|upkeep\n|\n|t:|1776219878\n|switch|p1a: Starmie|Starmie, L50|100/100\n|turn|9\n|\n|t:|1776219883\n|detailschange|p1a: Starmie|Starmie-Mega, L50\n|-mega|p1a: Starmie|Starmie|Starminite\n|move|p1a: Starmie|Aqua Jet|p2a: Arcanine\n|-supereffective|p2a: Arcanine|2\n|-damage|p2a: Arcanine|0 fnt\n|faint|p2a: Arcanine\n|\n|upkeep\n|\n|t:|1776219888\n|switch|p2a: Kingambit|Kingambit, L50, F|91/100\n|-activate|p2a: Kingambit|ability: Supreme Overlord\n|-start|p2a: Kingambit|fallen2|[silent]\n|turn|10\n|\n|t:|1776219892\n|move|p1a: Starmie|Flip Turn|p2a: Kingambit\n|-damage|p2a: Kingambit|51/100\n|move|p2a: Kingambit|Kowtow Cleave|p1a: Starmie\n|-supereffective|p1a: Starmie|1\n|-damage|p1a: Starmie|0 fnt\n|faint|p1a: Starmie\n|\n|win|bandai home\n|raw|mia corvere's rating: 1352 &rarr; <strong>1329</strong><br />(-23 for losing)\n|raw|bandai home's rating: 1291 &rarr; <strong>1320</strong><br />(+29 for winning)\n|l|\u2606mia corvere\n|player|p1|\n|l|\u2606bandai home\n|player|p2|\n",
  "uploadtime": 1776219908,
  "views": 2,
  "formatid": "gen9championsbssregma",
  "rating": 1320,
  "private": 0,
  "password": null
}