{
  "id": "gen9championsbssregma-2588832171",
  "format": "[Gen 9 Champions] BSS Reg M-A",
  "players": [
    "Toil and Rot",
    "mirrza"
  ],
  "log": "|j|\u2606Toil and Rot\n|j|\u2606mirrza\n|t:|1776676298\n|gametype|singles\n|player|p1|Toil and Rot|psychicf-gen4|1068\n|player|p2|mirrza|saturn|1090\n|gen|9\n|tier|[Gen 9 Champions] BSS Reg M-A\n|rated|\n|rule|Species Clause: Limit one of each Pok\u00e9mon\n|rule|Item Clause: Limit 1 of each item\n|clearpoke\n|poke|p1|Meganium, L50, M|\n|poke|p1|Glimmora, L50, M|\n|poke|p1|Incineroar, L50, M|\n|poke|p1|Rotom-Wash, L50|\n|poke|p1|Archaludon, L50, M|\n|poke|p1|Alakazam, L50, M|\n|poke|p2|Maushold-Four, L50|\n|poke|p2|Quaquaval, L50, M|\n|poke|p2|Glimmora, L50, M|\n|poke|p2|Meowscarada, L50, F|\n|poke|p2|Dragonite, L50, M|\n|poke|p2|Incineroar, L50, F|\n|teampreview|3\n|inactive|Battle timer is ON: inactive players will automatically lose when time's up. (requested by mirrza)\n|inactive|Toil and Rot also wants the timer to be on.\n|inactive|Toil and Rot has 60 seconds left.\n|inactive|mirrza has 60 seconds left.\n|inactive|Toil and Rot has 30 seconds left.\n|inactive|Toil and Rot has 20 seconds left.\n|inactive|Toil and Rot has 15 seconds left.\n|inactive|Toil and Rot has 10 seconds left.\n|inactive|Toil and Rot has 5 seconds left.\n|\n|t:|1776676386\n|teamsize|p1|3\n|teamsize|p2|3\n|start\n|switch|p1a: Glimmora|Glimmora, L50, M|100/100\n|switch|p2a: Maushold|Maushold-Four, L50|100/100\n|turn|1\n|\n|t:|1776676399\n|move|p2a: Maushold|Tidy Up|p2a: Maushold\n|-boost|p2a: Maushold|atk|1\n|-boost|p2a: Maushold|spe|1\n|move|p1a: Glimmora|Stealth Rock|p2a: Maushold\n|-sidestart|p2: mirrza|move: Stealth Rock\n|\n|upkeep\n|turn|2\n|\n|t:|1776676405\n|move|p2a: Maushold|Encore|p1a: Glimmora\n|-start|p1a: Glimmora|Encore\n|move|p1a: Glimmora|Stealth Rock||[still]\n|-fail|p1a: Glimmora\n|\n|upkeep\n|turn|3\n|\n|t:|1776676410\n|switch|p1a: Rotom|Rotom-Wash, L50|100/100\n|move|p2a: Maushold|Tidy Up|p2a: Maushold\n|-sideend|p2: mirrza|Stealth Rock\n|-activate|p2a: Maushold|move: Tidy Up\n|-boost|p2a: Maushold|atk|1\n|-boost|p2a: Maushold|spe|1\n|\n|upkeep\n|turn|4\n|\n|t:|1776676420\n|move|p2a: Maushold|Population Bomb|p1a: Rotom\n|-damage|p1a: Rotom|81/100\n|-damage|p1a: Rotom|64/100\n|-damage|p1a: Rotom|46/100\n|-damage|p1a: Rotom|28/100\n|-damage|p1a: Rotom|10/100\n|-damage|p1a: Rotom|0 fnt\n|faint|p1a: Rotom\n|-hitcount|p1: Rotom|6\n|\n|upkeep\n|\n|t:|1776676441\n|switch|p1a: Glimmora|Glimmora, L50, M|100/100\n|turn|5\n|\n|t:|1776676454\n|move|p2a: Maushold|Population Bomb|p1a: Glimmora\n|-resisted|p1a: Glimmora|1\n|-damage|p1a: Glimmora|85/100\n|-activate|p1a: Glimmora|ability: Toxic Debris\n|-sidestart|p2: mirrza|move: Toxic Spikes\n|-resisted|p1a: Glimmora|1\n|-damage|p1a: Glimmora|72/100\n|-activate|p1a: Glimmora|ability: Toxic Debris\n|-sidestart|p2: mirrza|move: Toxic Spikes\n|-resisted|p1a: Glimmora|1\n|-damage|p1a: Glimmora|57/100\n|-resisted|p1a: Glimmora|1\n|-damage|p1a: Glimmora|44/100\n|-resisted|p1a: Glimmora|1\n|-damage|p1a: Glimmora|31/100\n|-resisted|p1a: Glimmora|1\n|-damage|p1a: Glimmora|19/100\n|-resisted|p1a: Glimmora|1\n|-damage|p1a: Glimmora|5/100\n|-resisted|p1a: Glimmora|1\n|-damage|p1a: Glimmora|0 fnt\n|faint|p1a: Glimmora\n|-hitcount|p1: Glimmora|8\n|\n|upkeep\n|\n|t:|1776676461\n|switch|p1a: Alakazam|Alakazam, L50, M|100/100\n|turn|6\n|\n|t:|1776676475\n|detailschange|p1a: Alakazam|Alakazam-Mega, L50, M\n|-mega|p1a: Alakazam|Alakazam|Alakazite\n|-ability|p1a: Alakazam|Technician|Trace|[from] ability: Trace|[of] p2a: Maushold\n|move|p2a: Maushold|Population Bomb|p1a: Alakazam\n|-damage|p1a: Alakazam|57/100\n|-damage|p1a: Alakazam|17/100\n|-damage|p1a: Alakazam|0 fnt\n|faint|p1a: Alakazam\n|-hitcount|p1: Alakazam|3\n|\n|win|mirrza\n|raw|Toil and Rot's rating: 1068 &rarr; <strong>1049</strong><br />(-19 for losing)\n|raw|mirrza's rating: 1090 &rarr; <strong>1115</strong><br />(+25 for winning)\n|l|\u2606Toil and Rot\n|player|p1|\n",
  "uploadtime": 1776676495,
  "views": 2,
  "formatid": "gen9championsbssregma",
  "rating": 1049,
  "private": 0,
  "password": null
}