{
  "id": "gen9championsbssregma-2583993760",
  "format": "[Gen 9 Champions] BSS Reg M-A",
  "players": [
    "thesantty",
    "Nasheville"
  ],
  "log": "|j|\u2606thesantty\n|j|\u2606Nasheville\n|html|<table width=\"100%\"><tr><td align=\"left\">thesantty</td><td align=\"right\">Nasheville</tr><tr><td align=\"left\"><i class=\"fa fa-circle-o\"></i> <i class=\"fa fa-circle-o\"></i> </td><td align=\"right\"><i class=\"fa fa-circle-o\"></i> <i class=\"fa fa-circle-o\"></i> </tr></table>\n|uhtml|bestof|<h2><strong>Game 1</strong> of <a href=\"/game-bestof3-gen9championsbssregma-2583993759\">a best-of-3</a></h2>\n|t:|1776214997\n|gametype|singles\n|player|p1|thesantty|169|\n|player|p2|Nasheville|swimmer-gen4dp|\n|gen|9\n|tier|[Gen 9 Champions] BSS Reg M-A\n|rule|Species Clause: Limit one of each Pok\u00e9mon\n|rule|Item Clause: Limit 1 of each item\n|raw|<div class=\"infobox\"><details class=\"readmore\" open><summary><strong>1 custom rule:</strong></summary> Best of = 3</details></div>\n|clearpoke\n|poke|p1|Araquanid, L50, M|\n|poke|p1|Meowscarada, L50, M|\n|poke|p1|Ceruledge, L50, F|\n|poke|p1|Starmie, L50|\n|poke|p1|Toxapex, L50, F|\n|poke|p1|Lopunny, L50, M|\n|poke|p2|Kingambit, L50, M|\n|poke|p2|Garchomp, L50, M|\n|poke|p2|Floette-Eternal, L50, F|\n|poke|p2|Araquanid, L50, F|\n|poke|p2|Ceruledge, L50, F|\n|poke|p2|Starmie, L50|\n|teampreview|3\n|c|\u2606thesantty|glhf\n|inactive|Battle timer is ON: inactive players will automatically lose when time's up. (requested by thesantty)\n|\n|t:|1776215057\n|teamsize|p1|3\n|teamsize|p2|3\n|start\n|switch|p1a: Araquanid|Araquanid, L50, M|100/100\n|switch|p2a: Garchomp|Garchomp, L50, M|100/100\n|turn|1\n|\n|t:|1776215066\n|move|p2a: Garchomp|Swords Dance|p2a: Garchomp\n|-boost|p2a: Garchomp|atk|2\n|move|p1a: Araquanid|Sticky Web|p2a: Garchomp\n|-sidestart|p2: Nasheville|move: Sticky Web\n|\n|upkeep\n|turn|2\n|\n|t:|1776215077\n|move|p2a: Garchomp|Dragon Claw|p1a: Araquanid\n|-damage|p1a: Araquanid|0 fnt\n|faint|p1a: Araquanid\n|\n|upkeep\n|\n|t:|1776215082\n|switch|p1a: Meowscarada|Meowscarada, L50, M|100/100\n|turn|3\n|\n|t:|1776215089\n|move|p1a: Meowscarada|Triple Axel|p2a: Garchomp\n|-start|p1a: Meowscarada|typechange|Ice|[from] ability: Protean\n|-supereffective|p2a: Garchomp|2\n|-damage|p2a: Garchomp|59/100\n|-damage|p1a: Meowscarada|88/100|[from] ability: Rough Skin|[of] p2a: Garchomp\n|-supereffective|p2a: Garchomp|2\n|-damage|p2a: Garchomp|0 fnt\n|-damage|p1a: Meowscarada|76/100|[from] ability: Rough Skin|[of] p2a: Garchomp\n|faint|p2a: Garchomp\n|-hitcount|p2: Garchomp|2\n|\n|upkeep\n|\n|t:|1776215102\n|switch|p2a: Starmie|Starmie, L50|100/100\n|-activate|p2a: Starmie|move: Sticky Web\n|-unboost|p2a: Starmie|spe|1\n|turn|4\n|\n|t:|1776215114\n|switch|p1a: Starmie|Starmie, L50|100/100\n|detailschange|p2a: Starmie|Starmie-Mega, L50\n|-mega|p2a: Starmie|Starmie|Starminite\n|move|p2a: Starmie|Rapid Spin|p1a: Starmie\n|-damage|p1a: Starmie|58/100\n|-boost|p2a: Starmie|spe|1\n|-sideend|p2: Nasheville|Sticky Web|[from] move: Rapid Spin|[of] p2a: Starmie\n|\n|upkeep\n|turn|5\n|j| dokisimp\n|\n|t:|1776215132\n|detailschange|p1a: Starmie|Starmie-Mega, L50\n|-mega|p1a: Starmie|Starmie|Starminite\n|move|p1a: Starmie|Recover|p1a: Starmie\n|-heal|p1a: Starmie|100/100\n|move|p2a: Starmie|Liquidation|p1a: Starmie\n|-resisted|p1a: Starmie|1\n|-damage|p1a: Starmie|54/100\n|\n|upkeep\n|turn|6\n|\n|t:|1776215152\n|switch|p1a: Meowscarada|Meowscarada, L50, M|76/100\n|move|p2a: Starmie|Flip Turn|p1a: Meowscarada\n|-resisted|p1a: Meowscarada|1\n|-damage|p1a: Meowscarada|36/100\n|\n|t:|1776215163\n|switch|p2a: Ceruledge|Ceruledge, L50, F|100/100|[from] Flip Turn\n|\n|upkeep\n|turn|7\n|inactive|thesantty has 30 seconds left.\n|inactive|thesantty has 20 seconds left.\n|inactive|thesantty has 15 seconds left.\n|\n|t:|1776215208\n|move|p1a: Meowscarada|Triple Axel|p2a: Ceruledge\n|-start|p1a: Meowscarada|typechange|Ice|[from] ability: Protean\n|-resisted|p2a: Ceruledge|1\n|-damage|p2a: Ceruledge|94/100\n|-ability|p2a: Ceruledge|Weak Armor|boost\n|-unboost|p2a: Ceruledge|def|1\n|-boost|p2a: Ceruledge|spe|2\n|-resisted|p2a: Ceruledge|1\n|-damage|p2a: Ceruledge|72/100\n|-ability|p2a: Ceruledge|Weak Armor|boost\n|-unboost|p2a: Ceruledge|def|1\n|-boost|p2a: Ceruledge|spe|2\n|-resisted|p2a: Ceruledge|1\n|-damage|p2a: Ceruledge|36/100\n|-ability|p2a: Ceruledge|Weak Armor|boost\n|-unboost|p2a: Ceruledge|def|1\n|-boost|p2a: Ceruledge|spe|2\n|-hitcount|p2a: Ceruledge|3\n|move|p2a: Ceruledge|Swords Dance|p2a: Ceruledge\n|-boost|p2a: Ceruledge|atk|2\n|\n|upkeep\n|turn|8\n|c|\u2606thesantty|gg\n|c|\u2606thesantty|decia q quitaba m\u00e1s:(\n|inactive|thesantty has 30 seconds left.\n|\n|t:|1776215236\n|move|p2a: Ceruledge|Shadow Sneak|p1a: Meowscarada\n|-damage|p1a: Meowscarada|0 fnt\n|faint|p1a: Meowscarada\n|\n|upkeep\n|\n|t:|1776215238\n|switch|p1a: Starmie|Starmie-Mega, L50|54/100\n|turn|9\n|\n|t:|1776215245\n|move|p2a: Ceruledge|Shadow Sneak|p1a: Starmie\n|-supereffective|p1a: Starmie|1\n|-damage|p1a: Starmie|0 fnt\n|faint|p1a: Starmie\n|\n|win|Nasheville\n||thesantty is ready for game 2.\n||Nasheville is ready for game 2.\n|uhtml|next|Next: <a href=\"/battle-gen9championsbssregma-2583996611\"><strong>Game 2 of 3</strong></a>\n|l| dokisimp\n",
  "uploadtime": 1776215662,
  "views": 17,
  "formatid": "gen9championsbssregma",
  "rating": null,
  "private": 0,
  "password": null
}