{
  "id": "gen9championsbssregma-2586811992",
  "format": "[Gen 9 Champions] BSS Reg M-A",
  "players": [
    "outofcure",
    "diggersboy660"
  ],
  "log": "|j|\u2606outofcure\n|j|\u2606diggersboy660\n|t:|1776461903\n|gametype|singles\n|player|p1|outofcure|bruno-gen3|1262\n|player|p2|diggersboy660|n|1428\n|gen|9\n|tier|[Gen 9 Champions] BSS Reg M-A\n|rated|\n|rule|Species Clause: Limit one of each Pok\u00e9mon\n|rule|Item Clause: Limit 1 of each item\n|clearpoke\n|poke|p1|Garchomp, L50, M|\n|poke|p1|Chesnaught, L50, M|\n|poke|p1|Tyranitar, L50, F|\n|poke|p1|Rotom-Wash, L50|\n|poke|p1|Ceruledge, L50, F|\n|poke|p1|Glimmora, L50, F|\n|poke|p2|Sneasler, L50, F|\n|poke|p2|Aegislash, L50, M|\n|poke|p2|Victreebel, L50, M|\n|poke|p2|Diggersby, L50, M|\n|poke|p2|Basculegion, L50, M|\n|poke|p2|Primarina, L50, F|\n|teampreview|3\n|\n|t:|1776461930\n|teamsize|p1|3\n|teamsize|p2|3\n|start\n|switch|p1a: Garchomp|Garchomp, L50, M|100/100\n|switch|p2a: Primarina|Primarina, L50, F|100/100\n|turn|1\n|\n|t:|1776461934\n|switch|p1a: Glimmora|Glimmora, L50, F|100/100\n|move|p2a: Primarina|Moonblast|p1a: Glimmora\n|-resisted|p1a: Glimmora|1\n|-damage|p1a: Glimmora|67/100\n|\n|upkeep\n|turn|2\n|\n|t:|1776461939\n|move|p1a: Glimmora|Sludge Wave|p2a: Primarina\n|-supereffective|p2a: Primarina|1\n|-damage|p2a: Primarina|20/100\n|-enditem|p2a: Primarina|Sitrus Berry|[eat]\n|-heal|p2a: Primarina|45/100|[from] item: Sitrus Berry\n|move|p2a: Primarina|Sparkling Aria|p1a: Glimmora\n|-supereffective|p1a: Glimmora|1\n|-damage|p1a: Glimmora|0 fnt\n|faint|p1a: Glimmora\n|\n|upkeep\n|\n|t:|1776461942\n|switch|p1a: Garchomp|Garchomp, L50, M|100/100\n|turn|3\n|inactive|Battle timer is ON: inactive players will automatically lose when time's up. (requested by diggersboy660)\n|\n|t:|1776461945\n|move|p1a: Garchomp|Earthquake|p2a: Primarina\n|-crit|p2a: Primarina\n|-damage|p2a: Primarina|0 fnt\n|faint|p2a: Primarina\n|\n|upkeep\n|\n|t:|1776461946\n|switch|p2a: Victreebel|Victreebel, L50, M|100/100\n|turn|4\n|\n|t:|1776461950\n|detailschange|p2a: Victreebel|Victreebel-Mega, L50, M\n|-mega|p2a: Victreebel|Victreebel|Victreebelite\n|move|p1a: Garchomp|Swords Dance|p1a: Garchomp\n|-boost|p1a: Garchomp|atk|2\n|move|p2a: Victreebel|Stun Spore|p1a: Garchomp\n|-status|p1a: Garchomp|par\n|\n|upkeep\n|turn|5\n|\n|t:|1776461957\n|move|p2a: Victreebel|Strength Sap|p1a: Garchomp\n|-unboost|p1a: Garchomp|atk|1\n|move|p1a: Garchomp|Scale Shot|p2a: Victreebel\n|-damage|p2a: Victreebel|79/100\n|-damage|p2a: Victreebel|55/100\n|-hitcount|p2a: Victreebel|2\n|-unboost|p1a: Garchomp|def|1\n|-boost|p1a: Garchomp|spe|1\n|-enditem|p1a: Garchomp|White Herb\n|-clearnegativeboost|p1a: Garchomp|[silent]\n|\n|upkeep\n|turn|6\n|\n|t:|1776461963\n|cant|p1a: Garchomp|par\n|move|p2a: Victreebel|Strength Sap|p1a: Garchomp\n|-unboost|p1a: Garchomp|atk|1\n|-heal|p2a: Victreebel|100/100\n|\n|upkeep\n|turn|7\n|\n|t:|1776461967\n|move|p1a: Garchomp|Swords Dance|p1a: Garchomp\n|-boost|p1a: Garchomp|atk|2\n|move|p2a: Victreebel|Giga Drain|p1a: Garchomp\n|-damage|p1a: Garchomp|50/100 par\n|\n|upkeep\n|turn|8\n|\n|t:|1776461981\n|cant|p1a: Garchomp|par\n|move|p2a: Victreebel|Giga Drain|p1a: Garchomp\n|-damage|p1a: Garchomp|0 fnt\n|faint|p1a: Garchomp\n|\n|upkeep\n|\n|t:|1776461983\n|switch|p1a: Chesnaught|Chesnaught, L50, M|100/100\n|turn|9\n|\n|t:|1776461986\n|detailschange|p1a: Chesnaught|Chesnaught-Mega, L50, M\n|-mega|p1a: Chesnaught|Chesnaught|Chesnaughtite\n|move|p2a: Victreebel|Strength Sap|p1a: Chesnaught\n|-unboost|p1a: Chesnaught|atk|1\n|move|p1a: Chesnaught|Iron Defense|p1a: Chesnaught\n|-boost|p1a: Chesnaught|def|2\n|\n|upkeep\n|turn|10\n|\n|t:|1776461991\n|move|p2a: Victreebel|Sludge Bomb|p1a: Chesnaught\n|-immune|p1a: Chesnaught|[from] ability: Bulletproof\n|move|p1a: Chesnaught|Iron Defense|p1a: Chesnaught\n|-boost|p1a: Chesnaught|def|2\n|\n|upkeep\n|turn|11\n|\n|t:|1776461995\n|move|p2a: Victreebel|Giga Drain|p1a: Chesnaught\n|-resisted|p1a: Chesnaught|1\n|-crit|p1a: Chesnaught\n|-damage|p1a: Chesnaught|78/100\n|move|p1a: Chesnaught|Iron Defense|p1a: Chesnaught\n|-boost|p1a: Chesnaught|def|2\n|\n|upkeep\n|turn|12\n|\n|t:|1776461997\n|move|p2a: Victreebel|Giga Drain|p1a: Chesnaught\n|-resisted|p1a: Chesnaught|1\n|-damage|p1a: Chesnaught|64/100\n|move|p1a: Chesnaught|Body Press|p2a: Victreebel\n|-resisted|p2a: Victreebel|1\n|-damage|p2a: Victreebel|4/100\n|\n|upkeep\n|turn|13\n|\n|t:|1776461999\n|move|p2a: Victreebel|Strength Sap|p1a: Chesnaught\n|-unboost|p1a: Chesnaught|atk|1\n|-heal|p2a: Victreebel|59/100\n|move|p1a: Chesnaught|Body Press|p2a: Victreebel\n|-resisted|p2a: Victreebel|1\n|-damage|p2a: Victreebel|0 fnt\n|-damage|p1a: Chesnaught|7/100|[from] ability: Innards Out|[of] p2a: Victreebel\n|faint|p2a: Victreebel\n|\n|upkeep\n|\n|t:|1776462002\n|switch|p2a: Sneasler|Sneasler, L50, F|100/100\n|turn|14\n|\n|t:|1776462005\n|move|p1a: Chesnaught|Spiky Shield|p1a: Chesnaught\n|-singleturn|p1a: Chesnaught|move: Protect\n|move|p2a: Sneasler|Dire Claw|p1a: Chesnaught\n|-activate|p1a: Chesnaught|move: Protect\n|-damage|p2a: Sneasler|88/100|[from] Spiky Shield|[of] p1a: Chesnaught\n|\n|upkeep\n|turn|15\n|\n|t:|1776462008\n|move|p2a: Sneasler|Dire Claw|p1a: Chesnaught\n|-supereffective|p1a: Chesnaught|1\n|-damage|p1a: Chesnaught|0 fnt\n|faint|p1a: Chesnaught\n|\n|win|diggersboy660\n|raw|outofcure's rating: 1262 &rarr; <strong>1248</strong><br />(-14 for losing)\n|raw|diggersboy660's rating: 1428 &rarr; <strong>1439</strong><br />(+11 for winning)\n|l|\u2606outofcure\n|player|p1|\n|l|\u2606diggersboy660\n|player|p2|\n",
  "uploadtime": 1776462066,
  "views": 17,
  "formatid": "gen9championsbssregma",
  "rating": 1248,
  "private": 0,
  "password": null
}