{
  "id": "gen9championsbssregma-2586751615",
  "format": "[Gen 9 Champions] BSS Reg M-A",
  "players": [
    "liviifailure",
    "squishy turtle"
  ],
  "log": "|j|\u2606liviifailure\n|j|\u2606squishy turtle\n|t:|1776457064\n|gametype|singles\n|player|p1|liviifailure|iono|1050\n|player|p2|squishy turtle|266|1000\n|gen|9\n|tier|[Gen 9 Champions] BSS Reg M-A\n|rated|\n|rule|Species Clause: Limit one of each Pok\u00e9mon\n|rule|Item Clause: Limit 1 of each item\n|clearpoke\n|poke|p1|Blastoise, L50, F|\n|poke|p1|Heliolisk, L50, F|\n|poke|p1|Floette-Eternal, L50, F|\n|poke|p1|Gengar, L50, M|\n|poke|p1|Ditto, L50|\n|poke|p1|Garchomp, L50, M|\n|poke|p2|Lopunny, L50, F|\n|poke|p2|Bellibolt, L50, M|\n|poke|p2|Tinkaton, L50, F|\n|poke|p2|Tyranitar, L50, M|\n|poke|p2|Excadrill, L50, F|\n|poke|p2|Dragapult, L50, M|\n|teampreview|3\n|\n|t:|1776457095\n|teamsize|p1|3\n|teamsize|p2|3\n|start\n|switch|p1a: Heliolisk|Heliolisk, L50, F|100/100\n|switch|p2a: Sand Bunny|Lopunny, L50, F|100/100\n|turn|1\n|\n|t:|1776457123\n|detailschange|p2a: Sand Bunny|Lopunny-Mega, L50, F\n|-mega|p2a: Sand Bunny|Lopunny|Lopunnite\n|move|p2a: Sand Bunny|Close Combat|p1a: Heliolisk\n|-supereffective|p1a: Heliolisk|1\n|-enditem|p1a: Heliolisk|Focus Sash\n|-damage|p1a: Heliolisk|1/100\n|-unboost|p2a: Sand Bunny|def|1\n|-unboost|p2a: Sand Bunny|spd|1\n|move|p1a: Heliolisk|Glare|p2a: Sand Bunny\n|-status|p2a: Sand Bunny|par\n|\n|upkeep\n|turn|2\n|\n|t:|1776457138\n|switch|p2a: Green Guy|Bellibolt, L50, M|100/100\n|move|p1a: Heliolisk|Thunderbolt|p2a: Green Guy\n|-resisted|p2a: Green Guy|1\n|-damage|p2a: Green Guy|84/100\n|-start|p2a: Green Guy|Charge|Thunderbolt|[from] ability: Electromorphosis\n|\n|upkeep\n|turn|3\n|\n|t:|1776457149\n|move|p1a: Heliolisk|Electric Terrain|p1a: Heliolisk\n|-fieldstart|move: Electric Terrain\n|move|p2a: Green Guy|Volt Switch|p1a: Heliolisk\n|-resisted|p1a: Heliolisk|1\n|-damage|p1a: Heliolisk|0 fnt\n|faint|p1a: Heliolisk\n|-end|p2a: Green Guy|Charge|[silent]\n|\n|t:|1776457158\n|switch|p2a: Sand Bunny|Lopunny-Mega, L50, F|100/100 par|[from] Volt Switch\n|\n|upkeep\n|\n|t:|1776457162\n|switch|p1a: Blastoise|Blastoise, L50, F|100/100\n|turn|4\n|\n|t:|1776457174\n|switch|p2a: Green Guy|Bellibolt, L50, M|84/100\n|detailschange|p1a: Blastoise|Blastoise-Mega, L50, F\n|-mega|p1a: Blastoise|Blastoise|Blastoisinite\n|move|p1a: Blastoise|Shell Smash|p1a: Blastoise\n|-unboost|p1a: Blastoise|def|1\n|-unboost|p1a: Blastoise|spd|1\n|-boost|p1a: Blastoise|atk|2\n|-boost|p1a: Blastoise|spa|2\n|-boost|p1a: Blastoise|spe|2\n|\n|upkeep\n|turn|5\n|\n|t:|1776457183\n|move|p1a: Blastoise|Water Pulse|p2a: Green Guy\n|-damage|p2a: Green Guy|0 fnt\n|faint|p2a: Green Guy\n|\n|upkeep\n|-message|squishy turtle forfeited.\n|\n|win|liviifailure\n|raw|liviifailure's rating: 1050 &rarr; <strong>1078</strong><br />(+28 for winning)\n|raw|squishy turtle's rating: 1000 &rarr; <strong>1000</strong><br />(+0 for losing)\n|l|\u2606squishy turtle\n|player|p2|\n",
  "uploadtime": 1776457201,
  "views": 8,
  "formatid": "gen9championsbssregma",
  "rating": 1000,
  "private": 0,
  "password": null
}