{
  "id": "gen9championsbssregma-2582145930",
  "format": "[Gen 9 Champions] BSS Reg M-A",
  "players": [
    "gta100422",
    "karbain"
  ],
  "log": "|j|\u2606gta100422\n|j|\u2606karbain\n|t:|1776063912\n|gametype|singles\n|player|p1|gta100422|veteran|1215\n|player|p2|karbain|170|1366\n|gen|9\n|tier|[Gen 9 Champions] BSS Reg M-A\n|rated|\n|rule|Species Clause: Limit one of each Pok\u00e9mon\n|rule|Item Clause: Limit 1 of each item\n|clearpoke\n|poke|p1|Corviknight, L50, F|\n|poke|p1|Delphox, L50, M|\n|poke|p1|Garchomp, L50, F|\n|poke|p1|Venusaur, L50, F|\n|poke|p1|Rotom-Wash, L50|\n|poke|p1|Mimikyu, L50, M|\n|poke|p2|Basculegion, L50, M|\n|poke|p2|Delphox, L50, F|\n|poke|p2|Lopunny, L50, F|\n|poke|p2|Corviknight, L50, F|\n|poke|p2|Bellibolt, L50, M|\n|poke|p2|Garchomp, L50, F|\n|teampreview|3\n|inactive|Battle timer is ON: inactive players will automatically lose when time's up. (requested by gta100422)\n|inactive|gta100422 has 60 seconds left.\n|inactive|karbain has 60 seconds left.\n|j| p74\n|\n|t:|1776063947\n|teamsize|p1|3\n|teamsize|p2|3\n|start\n|switch|p1a: Mimikyu|Mimikyu, L50, M|100/100\n|switch|p2a: Delphox|Delphox, L50, F|100/100\n|turn|1\n|\n|t:|1776063964\n|detailschange|p2a: Delphox|Delphox-Mega, L50, F\n|-mega|p2a: Delphox|Delphox|Delphoxite\n|move|p1a: Mimikyu|Shadow Sneak|p2a: Delphox\n|-supereffective|p2a: Delphox|1\n|-damage|p2a: Delphox|32/100\n|move|p2a: Delphox|Substitute|p2a: Delphox\n|-start|p2a: Delphox|Substitute\n|-damage|p2a: Delphox|7/100\n|\n|upkeep\n|turn|2\n|\n|t:|1776063971\n|move|p1a: Mimikyu|Shadow Sneak|p2a: Delphox\n|-supereffective|p2a: Delphox|1\n|-end|p2a: Delphox|Substitute\n|move|p2a: Delphox|Flamethrower|p1a: Mimikyu\n|-activate|p1a: Mimikyu|ability: Disguise\n|-damage|p1a: Mimikyu|100/100\n|detailschange|p1a: Mimikyu|Mimikyu-Busted, L50, M\n|-damage|p1a: Mimikyu|88/100|[from] pokemon: Mimikyu-Busted\n|\n|upkeep\n|turn|3\n|\n|t:|1776063980\n|switch|p2a: Bellibolt|Bellibolt, L50, M|100/100\n|move|p1a: Mimikyu|Shadow Sneak|p2a: Bellibolt\n|-damage|p2a: Bellibolt|79/100\n|-start|p2a: Bellibolt|Charge|Shadow Sneak|[from] ability: Electromorphosis\n|\n|upkeep\n|turn|4\n|\n|t:|1776063988\n|move|p1a: Mimikyu|Taunt|p2a: Bellibolt\n|-start|p2a: Bellibolt|move: Taunt\n|move|p2a: Bellibolt|Volt Switch|p1a: Mimikyu\n|-damage|p1a: Mimikyu|7/100\n|-end|p2a: Bellibolt|Charge|[silent]\n|\n|t:|1776063994\n|switch|p2a: Corviknight|Corviknight, L50, F|100/100|[from] Volt Switch\n|-ability|p2a: Corviknight|Pressure\n|\n|upkeep\n|turn|5\n|\n|t:|1776064000\n|switch|p1a: Delphox|Delphox, L50, M|100/100\n|move|p2a: Corviknight|U-turn|p1a: Delphox\n|-damage|p1a: Delphox|78/100\n|\n|t:|1776064004\n|switch|p2a: Delphox|Delphox-Mega, L50, F|7/100|[from] U-turn\n|\n|upkeep\n|turn|6\n|\n|t:|1776064008\n|detailschange|p1a: Delphox|Delphox-Mega, L50, M\n|-mega|p1a: Delphox|Delphox|Delphoxite\n|move|p1a: Delphox|Psychic|p2a: Delphox\n|-resisted|p2a: Delphox|1\n|-damage|p2a: Delphox|0 fnt\n|faint|p2a: Delphox\n|\n|upkeep\n|\n|t:|1776064014\n|switch|p2a: Bellibolt|Bellibolt, L50, M|79/100\n|turn|7\n|\n|t:|1776064020\n|move|p1a: Delphox|Flamethrower|p2a: Bellibolt\n|-damage|p2a: Bellibolt|32/100\n|-status|p2a: Bellibolt|brn\n|-start|p2a: Bellibolt|Charge|Flamethrower|[from] ability: Electromorphosis\n|-enditem|p2a: Bellibolt|Sitrus Berry|[eat]\n|-heal|p2a: Bellibolt|56/100 brn|[from] item: Sitrus Berry\n|move|p2a: Bellibolt|Parabolic Charge|p1a: Delphox\n|-damage|p1a: Delphox|18/100\n|-heal|p2a: Bellibolt|80/100 brn|[from] drain|[of] p1a: Delphox\n|-end|p2a: Bellibolt|Charge|[silent]\n|\n|-damage|p2a: Bellibolt|74/100 brn|[from] brn\n|upkeep\n|turn|8\n|\n|t:|1776064045\n|switch|p1a: Garchomp|Garchomp, L50, F|100/100\n|move|p2a: Bellibolt|Volt Switch|p1a: Garchomp\n|-immune|p1a: Garchomp\n|\n|-damage|p2a: Bellibolt|67/100 brn|[from] brn\n|upkeep\n|turn|9\n|\n|t:|1776064052\n|switch|p2a: Corviknight|Corviknight, L50, F|100/100\n|-ability|p2a: Corviknight|Pressure\n|move|p1a: Garchomp|Rock Tomb|p2a: Corviknight\n|-damage|p2a: Corviknight|86/100\n|-unboost|p2a: Corviknight|spe|1\n|\n|-heal|p2a: Corviknight|92/100|[from] item: Leftovers\n|upkeep\n|turn|10\n|\n|t:|1776064066\n|switch|p1a: Mimikyu|Mimikyu-Busted, L50, M|7/100\n|move|p2a: Corviknight|Body Press|p1a: Mimikyu\n|-immune|p1a: Mimikyu\n|\n|-heal|p2a: Corviknight|98/100|[from] item: Leftovers\n|upkeep\n|turn|11\n|\n|t:|1776064075\n|switch|p1a: Delphox|Delphox-Mega, L50, M|18/100\n|move|p2a: Corviknight|U-turn|p1a: Delphox\n|-damage|p1a: Delphox|0 fnt\n|faint|p1a: Delphox\n|\n|t:|1776064081\n|switch|p2a: Bellibolt|Bellibolt, L50, M|67/100 brn|[from] U-turn\n|\n|-damage|p2a: Bellibolt|61/100 brn|[from] brn\n|upkeep\n|-message|gta100422 forfeited.\n|\n|win|karbain\n|raw|gta100422's rating: 1215 &rarr; <strong>1200</strong><br />(-15 for losing)\n|raw|karbain's rating: 1366 &rarr; <strong>1378</strong><br />(+12 for winning)\n|l|\u2606gta100422\n|player|p1|\n|l|\u2606karbain\n|player|p2|\n",
  "uploadtime": 1776064145,
  "views": 5,
  "formatid": "gen9championsbssregma",
  "rating": 1200,
  "private": 0,
  "password": null
}