{
  "id": "gen9championsbssregma-2587888847",
  "format": "[Gen 9 Champions] BSS Reg M-A",
  "players": [
    "Joeyjang",
    "meteor1101"
  ],
  "log": "|j|\u2606Joeyjang\n|j|\u2606meteor1101\n|t:|1776575009\n|gametype|singles\n|player|p1|Joeyjang|266|1140\n|player|p2|meteor1101|acetrainerf|1052\n|gen|9\n|tier|[Gen 9 Champions] BSS Reg M-A\n|rated|\n|rule|Species Clause: Limit one of each Pok\u00e9mon\n|rule|Item Clause: Limit 1 of each item\n|clearpoke\n|poke|p1|Diggersby, L50, M|\n|poke|p1|Floette-Eternal, L50, F|\n|poke|p1|Garchomp, L50, M, shiny|\n|poke|p1|Gengar, L50, F, shiny|\n|poke|p1|Primarina, L50, M|\n|poke|p1|Archaludon, L50, F|\n|poke|p2|Banette, L50, F|\n|poke|p2|Primarina, L50, F|\n|poke|p2|Meowscarada, L50, M|\n|poke|p2|Aegislash, L50, M|\n|poke|p2|Dragonite, L50, M|\n|poke|p2|Volcarona, L50, M|\n|teampreview|3\n|inactive|Battle timer is ON: inactive players will automatically lose when time's up. (requested by Joeyjang)\n|\n|t:|1776575090\n|teamsize|p1|3\n|teamsize|p2|3\n|start\n|switch|p1a: Garchomp|Garchomp, L50, M, shiny|100/100\n|switch|p2a: Meowscarada|Meowscarada, L50, M|100/100\n|turn|1\n|\n|t:|1776575097\n|move|p2a: Meowscarada|Triple Axel|p1a: Garchomp\n|-start|p2a: Meowscarada|typechange|Ice|[from] ability: Protean\n|-supereffective|p1a: Garchomp|2\n|-damage|p1a: Garchomp|59/100\n|-damage|p2a: Meowscarada|88/100|[from] ability: Rough Skin|[of] p1a: Garchomp\n|-supereffective|p1a: Garchomp|2\n|-damage|p1a: Garchomp|0 fnt\n|-damage|p2a: Meowscarada|76/100|[from] ability: Rough Skin|[of] p1a: Garchomp\n|faint|p1a: Garchomp\n|-hitcount|p1: Garchomp|2\n|\n|upkeep\n|\n|t:|1776575117\n|switch|p1a: Floette|Floette-Eternal, L50, F|100/100\n|turn|2\n|\n|t:|1776575120\n|switch|p2a: Banette|Banette, L50, F|100/100\n|-item|p1a: Floette|Floettite|[from] ability: Frisk|[of] p2a: Banette\n|detailschange|p1a: Floette|Floette-Mega, L50, F\n|-mega|p1a: Floette|Floette|Floettite\n|-ability|p1a: Floette|Fairy Aura\n|move|p1a: Floette|Calm Mind|p1a: Floette\n|-boost|p1a: Floette|spa|1\n|-boost|p1a: Floette|spd|1\n|\n|upkeep\n|turn|3\n|\n|t:|1776575137\n|detailschange|p2a: Banette|Banette-Mega, L50, F\n|-mega|p2a: Banette|Banette|Banettite\n|move|p2a: Banette|Encore|p1a: Floette\n|-start|p1a: Floette|Encore\n|move|p1a: Floette|Calm Mind|p1a: Floette\n|-boost|p1a: Floette|spa|1\n|-boost|p1a: Floette|spd|1\n|\n|upkeep\n|turn|4\n|\n|t:|1776575141\n|move|p1a: Floette|Calm Mind|p1a: Floette\n|-boost|p1a: Floette|spa|1\n|-boost|p1a: Floette|spd|1\n|move|p2a: Banette|Poltergeist|p1a: Floette\n|-activate|p1a: Floette|move: Poltergeist|Floettite\n|-damage|p1a: Floette|23/100\n|\n|upkeep\n|turn|5\n|\n|t:|1776575145\n|switch|p1a: Diggersby|Diggersby, L50, M|100/100\n|move|p2a: Banette|Shadow Sneak|p1a: Diggersby\n|-immune|p1a: Diggersby\n|\n|upkeep\n|turn|6\n|\n|t:|1776575162\n|switch|p2a: Meowscarada|Meowscarada, L50, M|76/100\n|move|p1a: Diggersby|Earthquake|p2a: Meowscarada\n|-resisted|p2a: Meowscarada|1\n|-damage|p2a: Meowscarada|21/100\n|\n|upkeep\n|turn|7\n|\n|t:|1776575172\n|switch|p2a: Banette|Banette-Mega, L50, F|100/100\n|move|p1a: Diggersby|Quick Attack|p2a: Banette\n|-immune|p2a: Banette\n|\n|upkeep\n|turn|8\n|\n|t:|1776575181\n|move|p2a: Banette|Encore|p1a: Diggersby\n|-start|p1a: Diggersby|Encore\n|move|p1a: Diggersby|Quick Attack|p2a: Banette\n|-immune|p2a: Banette\n|\n|upkeep\n|turn|9\n|\n|t:|1776575189\n|switch|p1a: Floette|Floette-Mega, L50, F|23/100\n|-ability|p1a: Floette|Fairy Aura\n|move|p2a: Banette|Poltergeist|p1a: Floette\n|-activate|p1a: Floette|move: Poltergeist|Floettite\n|-damage|p1a: Floette|0 fnt\n|faint|p1a: Floette\n|\n|upkeep\n|\n|t:|1776575197\n|switch|p1a: Diggersby|Diggersby, L50, M|100/100\n|turn|10\n|\n|t:|1776575203\n|move|p2a: Banette|Destiny Bond|p2a: Banette\n|-singlemove|p2a: Banette|Destiny Bond\n|move|p1a: Diggersby|Earthquake|p2a: Banette\n|-damage|p2a: Banette|5/100\n|\n|upkeep\n|turn|11\n|\n|t:|1776575218\n|move|p1a: Diggersby|Quick Attack|p2a: Banette\n|-immune|p2a: Banette\n|move|p2a: Banette|Poltergeist|p1a: Diggersby\n|-immune|p1a: Diggersby\n|\n|upkeep\n|turn|12\n|\n|t:|1776575224\n|move|p2a: Banette|Encore|p1a: Diggersby\n|-start|p1a: Diggersby|Encore\n|move|p1a: Diggersby|Quick Attack|p2a: Banette\n|-immune|p2a: Banette\n|\n|upkeep\n|turn|13\n|\n|t:|1776575228\n|switch|p2a: Primarina|Primarina, L50, F|100/100\n|move|p1a: Diggersby|Quick Attack|p2a: Primarina\n|-damage|p2a: Primarina|74/100\n|\n|-heal|p2a: Primarina|80/100|[from] item: Leftovers\n|upkeep\n|turn|14\n|\n|t:|1776575231\n|move|p1a: Diggersby|Quick Attack|p2a: Primarina\n|-damage|p2a: Primarina|55/100\n|move|p2a: Primarina|Sparkling Aria|p1a: Diggersby\n|-supereffective|p1a: Diggersby|1\n|-enditem|p1a: Diggersby|Focus Sash\n|-damage|p1a: Diggersby|1/100\n|\n|-heal|p2a: Primarina|60/100|[from] item: Leftovers\n|-end|p1a: Diggersby|Encore\n|upkeep\n|turn|15\n|\n|t:|1776575235\n|move|p2a: Primarina|Aqua Jet|p1a: Diggersby\n|-supereffective|p1a: Diggersby|1\n|-damage|p1a: Diggersby|0 fnt\n|faint|p1a: Diggersby\n|\n|win|meteor1101\n|raw|Joeyjang's rating: 1140 &rarr; <strong>1109</strong><br />(-31 for losing)\n|raw|meteor1101's rating: 1052 &rarr; <strong>1092</strong><br />(+40 for winning)\n|l|\u2606Joeyjang\n|player|p1|\n",
  "uploadtime": 1776575245,
  "views": 6,
  "formatid": "gen9championsbssregma",
  "rating": 1092,
  "private": 0,
  "password": null
}