{
  "id": "gen9championsbssregma-2586358258",
  "format": "[Gen 9 Champions] BSS Reg M-A",
  "players": [
    "st1test",
    "Bbbkty"
  ],
  "log": "|j|\u2606st1test\n|j|\u2606Bbbkty\n|t:|1776428514\n|gametype|singles\n|player|p1|st1test|unknownf|1206\n|player|p2|Bbbkty|265|1078\n|gen|9\n|tier|[Gen 9 Champions] BSS Reg M-A\n|rated|\n|rule|Species Clause: Limit one of each Pok\u00e9mon\n|rule|Item Clause: Limit 1 of each item\n|clearpoke\n|poke|p1|Starmie, L50|\n|poke|p1|Corviknight, L50, M|\n|poke|p1|Clefable, L50, F|\n|poke|p1|Rotom-Wash, L50|\n|poke|p1|Archaludon, L50, M|\n|poke|p1|Meowscarada, L50, F|\n|poke|p2|Clefable, L50, F|\n|poke|p2|Charizard, L50, F|\n|poke|p2|Mimikyu, L50, F|\n|poke|p2|Kingambit, L50, M|\n|poke|p2|Espathra, L50, F|\n|poke|p2|Glimmora, L50, M|\n|teampreview|3\n|inactive|Battle timer is ON: inactive players will automatically lose when time's up. (requested by st1test)\n|inactive|st1test has 60 seconds left.\n|\n|t:|1776428554\n|teamsize|p1|3\n|teamsize|p2|3\n|start\n|switch|p1a: Starmie|Starmie, L50|100/100\n|switch|p2a: Glimmora|Glimmora, L50, M, shiny|100/100\n|turn|1\n|\n|t:|1776428565\n|detailschange|p1a: Starmie|Starmie-Mega, L50\n|-mega|p1a: Starmie|Starmie|Starminite\n|move|p1a: Starmie|Zen Headbutt|p2a: Glimmora\n|-supereffective|p2a: Glimmora|1\n|-enditem|p2a: Glimmora|Focus Sash\n|-damage|p2a: Glimmora|1/100\n|-activate|p2a: Glimmora|ability: Toxic Debris\n|-sidestart|p1: st1test|move: Toxic Spikes\n|move|p2a: Glimmora|Stealth Rock|p1a: Starmie\n|-sidestart|p1: st1test|move: Stealth Rock\n|\n|upkeep\n|turn|2\n|\n|t:|1776428575\n|move|p1a: Starmie|Aqua Jet|p2a: Glimmora\n|-supereffective|p2a: Glimmora|1\n|-crit|p2a: Glimmora\n|-damage|p2a: Glimmora|0 fnt\n|-activate|p2a: Glimmora|ability: Toxic Debris\n|-sidestart|p1: st1test|move: Toxic Spikes\n|faint|p2a: Glimmora\n|\n|upkeep\n|\n|t:|1776428579\n|switch|p2a: Espathra|Espathra, L50, F, shiny|100/100\n|turn|3\n|\n|t:|1776428592\n|move|p1a: Starmie|Liquidation|p2a: Espathra\n|-damage|p2a: Espathra|32/100\n|-unboost|p2a: Espathra|def|1\n|-enditem|p2a: Espathra|Sitrus Berry|[eat]\n|-heal|p2a: Espathra|57/100|[from] item: Sitrus Berry\n|move|p2a: Espathra|Calm Mind|p2a: Espathra\n|-boost|p2a: Espathra|spa|1\n|-boost|p2a: Espathra|spd|1\n|\n|-ability|p2a: Espathra|Speed Boost|boost\n|-boost|p2a: Espathra|spe|1\n|upkeep\n|turn|4\n|\n|t:|1776428610\n|move|p2a: Espathra|Protect|p2a: Espathra\n|-singleturn|p2a: Espathra|Protect\n|move|p1a: Starmie|Liquidation|p2a: Espathra\n|-activate|p2a: Espathra|move: Protect\n|\n|-ability|p2a: Espathra|Speed Boost|boost\n|-boost|p2a: Espathra|spe|1\n|upkeep\n|turn|5\n|\n|t:|1776428618\n|move|p2a: Espathra|Baton Pass|p2a: Espathra\n|\n|t:|1776428620\n|switch|p2a: Clefable|Clefable, L50, F, shiny|100/100|[from] Baton Pass\n|move|p1a: Starmie|Liquidation|p2a: Clefable\n|-damage|p2a: Clefable|10/100\n|\n|upkeep\n|turn|6\n|\n|t:|1776428626\n|detailschange|p2a: Clefable|Clefable-Mega, L50, F, shiny\n|-mega|p2a: Clefable|Clefable|Clefablite\n|move|p1a: Starmie|Aqua Jet|p2a: Clefable\n|-damage|p2a: Clefable|0 fnt\n|faint|p2a: Clefable\n|\n|upkeep\n|\n|t:|1776428630\n|switch|p2a: Espathra|Espathra, L50, F, shiny|57/100\n|turn|7\n|\n|t:|1776428633\n|move|p2a: Espathra|Protect|p2a: Espathra\n|-singleturn|p2a: Espathra|Protect\n|move|p1a: Starmie|Liquidation|p2a: Espathra\n|-activate|p2a: Espathra|move: Protect\n|\n|-ability|p2a: Espathra|Speed Boost|boost\n|-boost|p2a: Espathra|spe|1\n|upkeep\n|turn|8\n|\n|t:|1776428651\n|move|p2a: Espathra|Lumina Crash|p1a: Starmie\n|-resisted|p1a: Starmie|1\n|-damage|p1a: Starmie|83/100\n|-unboost|p1a: Starmie|spd|2\n|move|p1a: Starmie|Liquidation|p2a: Espathra\n|-damage|p2a: Espathra|0 fnt\n|faint|p2a: Espathra\n|\n|win|st1test\n|raw|st1test's rating: 1206 &rarr; <strong>1224</strong><br />(+18 for winning)\n|raw|Bbbkty's rating: 1113 &rarr; <strong>1095</strong><br />(-18 for losing)\n",
  "uploadtime": 1776428654,
  "views": 9,
  "formatid": "gen9championsbssregma",
  "rating": 1095,
  "private": 0,
  "password": null
}