{
  "id": "gen9championsbssregma-2581369199",
  "format": "[Gen 9 Champions] BSS Reg M-A",
  "players": [
    "Esiolamondhax",
    "borbo468"
  ],
  "log": "|j|\u2606Esiolamondhax\n|j|\u2606borbo468\n|t:|1775992697\n|gametype|singles\n|player|p1|Esiolamondhax|aromalady-gen3rs|1143\n|player|p2|borbo468|hiker|1168\n|gen|9\n|tier|[Gen 9 Champions] BSS Reg M-A\n|rated|\n|rule|Species Clause: Limit one of each Pok\u00e9mon\n|rule|Item Clause: Limit 1 of each item\n|clearpoke\n|poke|p1|Samurott-Hisui, L50, F|\n|poke|p1|Meowscarada, L50, F|\n|poke|p1|Blastoise, L50, M|\n|poke|p1|Glimmora, L50, F|\n|poke|p1|Espathra, L50, F|\n|poke|p1|Scizor, L50, M|\n|poke|p2|Ampharos, L50, M|\n|poke|p2|Vaporeon, L50, M|\n|poke|p2|Aegislash, L50, F|\n|poke|p2|Garchomp, L50, M|\n|poke|p2|Skeledirge, L50, M|\n|poke|p2|Venusaur, L50, M|\n|teampreview|3\n|inactive|Battle timer is ON: inactive players will automatically lose when time's up. (requested by borbo468)\n|\n|t:|1775992749\n|teamsize|p1|3\n|teamsize|p2|3\n|start\n|switch|p1a: Blastoise|Blastoise, L50, M|100/100\n|switch|p2a: Vaporeon|Vaporeon, L50, M|100/100\n|turn|1\n|\n|t:|1775992765\n|switch|p1a: Espathra|Espathra, L50, F|100/100\n|move|p2a: Vaporeon|Flip Turn|p1a: Espathra\n|-damage|p1a: Espathra|86/100\n|\n|t:|1775992770\n|switch|p2a: Ampharos|Ampharos, L50, M|100/100|[from] Flip Turn\n|\n|upkeep\n|turn|2\n|\n|t:|1775992779\n|detailschange|p2a: Ampharos|Ampharos-Mega, L50, M\n|-mega|p2a: Ampharos|Ampharos|Ampharosite\n|-ability|p2a: Ampharos|Mold Breaker\n|move|p1a: Espathra|Calm Mind|p1a: Espathra\n|-boost|p1a: Espathra|spa|1\n|-boost|p1a: Espathra|spd|1\n|move|p2a: Ampharos|Thunderbolt|p1a: Espathra\n|-damage|p1a: Espathra|17/100\n|\n|-ability|p1a: Espathra|Speed Boost|boost\n|-boost|p1a: Espathra|spe|1\n|upkeep\n|turn|3\n|\n|t:|1775992792\n|move|p1a: Espathra|Dazzling Gleam|p2a: Ampharos\n|-supereffective|p2a: Ampharos|1\n|-damage|p2a: Ampharos|42/100\n|move|p2a: Ampharos|Thunderbolt|p1a: Espathra\n|-damage|p1a: Espathra|0 fnt\n|faint|p1a: Espathra\n|\n|upkeep\n|\n|t:|1775992816\n|switch|p1a: Samurott|Samurott-Hisui, L50, F|100/100\n|turn|4\n|\n|t:|1775992830\n|switch|p2a: Vaporeon|Vaporeon, L50, M|100/100\n|move|p1a: Samurott|Ceaseless Edge|p2a: Vaporeon\n|-damage|p2a: Vaporeon|65/100\n|-sidestart|p2: borbo468|Spikes\n|\n|-heal|p2a: Vaporeon|71/100|[from] item: Leftovers\n|upkeep\n|turn|5\n|\n|t:|1775992843\n|move|p1a: Samurott|Ceaseless Edge|p2a: Vaporeon\n|-damage|p2a: Vaporeon|36/100\n|-sidestart|p2: borbo468|Spikes\n|move|p2a: Vaporeon|Wish|p2a: Vaporeon\n|\n|-heal|p2a: Vaporeon|41/100|[from] item: Leftovers\n|upkeep\n|turn|6\n|\n|t:|1775992851\n|move|p1a: Samurott|Ceaseless Edge|p2a: Vaporeon\n|-damage|p2a: Vaporeon|6/100\n|-sidestart|p2: borbo468|Spikes\n|move|p2a: Vaporeon|Flip Turn|p1a: Samurott\n|-resisted|p1a: Samurott|1\n|-damage|p1a: Samurott|91/100\n|\n|t:|1775992857\n|switch|p2a: Ampharos|Ampharos-Mega, L50, M|42/100|[from] Flip Turn\n|-damage|p2a: Ampharos|17/100|[from] Spikes\n|-ability|p2a: Ampharos|Mold Breaker\n|\n|-heal|p2a: Ampharos|88/100|[from] move: Wish|[wisher] Vaporeon\n|upkeep\n|turn|7\n|\n|t:|1775992866\n|move|p1a: Samurott|Ceaseless Edge|p2a: Ampharos\n|-damage|p2a: Ampharos|32/100\n|move|p2a: Ampharos|Thunderbolt|p1a: Samurott\n|-supereffective|p1a: Samurott|1\n|-damage|p1a: Samurott|0 fnt\n|faint|p1a: Samurott\n|\n|upkeep\n|\n|t:|1775992872\n|switch|p1a: Blastoise|Blastoise, L50, M|100/100\n|turn|8\n|\n|t:|1775992875\n|detailschange|p1a: Blastoise|Blastoise-Mega, L50, M\n|-mega|p1a: Blastoise|Blastoise|Blastoisinite\n|move|p1a: Blastoise|Ice Beam|p2a: Ampharos\n|-supereffective|p2a: Ampharos|1\n|-damage|p2a: Ampharos|0 fnt\n|faint|p2a: Ampharos\n|\n|upkeep\n|\n|t:|1775992883\n|switch|p2a: Vaporeon|Vaporeon, L50, M|6/100\n|-damage|p2a: Vaporeon|0 fnt|[from] Spikes\n|faint|p2a: Vaporeon\n|\n|t:|1775992887\n|switch|p2a: Garchomp|Garchomp, L50, M|100/100\n|-damage|p2a: Garchomp|76/100|[from] Spikes\n|turn|9\n|c|\u2606Esiolamondhax|gg\n|\n|t:|1775992894\n|move|p2a: Garchomp|Outrage|p1a: Blastoise\n|-damage|p1a: Blastoise|42/100\n|move|p1a: Blastoise|Ice Beam|p2a: Garchomp\n|-supereffective|p2a: Garchomp|2\n|-damage|p2a: Garchomp|0 fnt\n|faint|p2a: Garchomp\n|\n|win|Esiolamondhax\n|raw|Esiolamondhax's rating: 1143 &rarr; <strong>1170</strong><br />(+27 for winning)\n|raw|borbo468's rating: 1168 &rarr; <strong>1141</strong><br />(-27 for losing)\n|l|\u2606borbo468\n|player|p2|\n",
  "uploadtime": 1775992902,
  "views": 15,
  "formatid": "gen9championsbssregma",
  "rating": 1141,
  "private": 0,
  "password": null
}