{
  "id": "gen9championsbssregma-2580850431",
  "format": "[Gen 9 Champions] BSS Reg M-A",
  "players": [
    "shanaia",
    "IAMVASH"
  ],
  "log": "|j|\u2606shanaia\n|j|\u2606IAMVASH\n|t:|1775937607\n|gametype|singles\n|player|p1|shanaia|2|1218\n|player|p2|IAMVASH|1|1219\n|gen|9\n|tier|[Gen 9 Champions] BSS Reg M-A\n|rated|\n|rule|Species Clause: Limit one of each Pok\u00e9mon\n|rule|Item Clause: Limit 1 of each item\n|clearpoke\n|poke|p1|Charizard, L50, F|\n|poke|p1|Hippowdon, L50, M|\n|poke|p1|Greninja-*, L50, M|\n|poke|p1|Primarina, L50, F|\n|poke|p1|Hydreigon, L50, F|\n|poke|p1|Scizor, L50, F|\n|poke|p2|Tyranitar, L50, F|\n|poke|p2|Garchomp, L50, M|\n|poke|p2|Excadrill, L50, M|\n|poke|p2|Starmie, L50|\n|poke|p2|Toxapex, L50, F|\n|poke|p2|Rotom-Heat, L50|\n|teampreview|3\n|inactive|Battle timer is ON: inactive players will automatically lose when time's up. (requested by shanaia)\n|inactive|shanaia has 60 seconds left.\n|\n|t:|1775937641\n|teamsize|p1|3\n|teamsize|p2|3\n|start\n|switch|p1a: Hydreigon|Hydreigon, L50, F|100/100\n|switch|p2a: Starmie|Starmie, L50|100/100\n|turn|1\n|\n|t:|1775937652\n|detailschange|p2a: Starmie|Starmie-Mega, L50\n|-mega|p2a: Starmie|Starmie|Starminite\n|move|p2a: Starmie|Ice Spinner|p1a: Hydreigon\n|-supereffective|p1a: Hydreigon|1\n|-enditem|p1a: Hydreigon|Focus Sash\n|-damage|p1a: Hydreigon|1/100\n|move|p1a: Hydreigon|Thunder Wave|p2a: Starmie\n|-status|p2a: Starmie|par\n|\n|upkeep\n|turn|2\n|\n|t:|1775937663\n|switch|p2a: Tyranitar|Tyranitar, L50, F|100/100\n|-weather|Sandstorm|[from] ability: Sand Stream|[of] p2a: Tyranitar\n|move|p1a: Hydreigon|Dark Pulse|p2a: Tyranitar\n|-resisted|p2a: Tyranitar|1\n|-damage|p2a: Tyranitar|89/100\n|\n|-weather|Sandstorm|[upkeep]\n|-damage|p1a: Hydreigon|0 fnt|[from] Sandstorm\n|faint|p1a: Hydreigon\n|upkeep\n|\n|t:|1775937673\n|switch|p1a: Hippowdon|Hippowdon, L50, M|100/100\n|turn|3\n|\n|t:|1775937678\n|switch|p2a: Starmie|Starmie-Mega, L50|100/100 par\n|move|p1a: Hippowdon|Stealth Rock|p2a: Starmie\n|-sidestart|p2: IAMVASH|move: Stealth Rock\n|\n|-weather|Sandstorm|[upkeep]\n|-damage|p2a: Starmie|95/100 par|[from] Sandstorm\n|upkeep\n|turn|4\n|\n|t:|1775937685\n|move|p2a: Starmie|Liquidation|p1a: Hippowdon\n|-supereffective|p1a: Hippowdon|1\n|-damage|p1a: Hippowdon|7/100\n|-enditem|p1a: Hippowdon|Sitrus Berry|[eat]\n|-heal|p1a: Hippowdon|32/100|[from] item: Sitrus Berry\n|move|p1a: Hippowdon|Earthquake|p2a: Starmie\n|-damage|p2a: Starmie|46/100 par\n|\n|-weather|Sandstorm|[upkeep]\n|-damage|p2a: Starmie|40/100 par|[from] Sandstorm\n|upkeep\n|turn|5\n|\n|t:|1775937696\n|cant|p2a: Starmie|par\n|move|p1a: Hippowdon|Earthquake|p2a: Starmie\n|-damage|p2a: Starmie|0 fnt\n|faint|p2a: Starmie\n|\n|-weather|Sandstorm|[upkeep]\n|upkeep\n|\n|t:|1775937704\n|switch|p2a: Excadrill|Excadrill, L50, M|100/100\n|-damage|p2a: Excadrill|98/100|[from] Stealth Rock\n|turn|6\n|\n|t:|1775937709\n|move|p2a: Excadrill|Earthquake|p1a: Hippowdon\n|-damage|p1a: Hippowdon|0 fnt\n|faint|p1a: Hippowdon\n|\n|-weather|none\n|upkeep\n|\n|t:|1775937716\n|switch|p1a: Charizard|Charizard, L50, F|100/100\n|turn|7\n|inactive|IAMVASH has 30 seconds left.\n|j| Meteorplayz_\n|\n|t:|1775937745\n|switch|p2a: Tyranitar|Tyranitar, L50, F|89/100\n|-damage|p2a: Tyranitar|77/100|[from] Stealth Rock\n|-weather|Sandstorm|[from] ability: Sand Stream|[of] p2a: Tyranitar\n|move|p1a: Charizard|Flamethrower|p2a: Tyranitar\n|-resisted|p2a: Tyranitar|1\n|-damage|p2a: Tyranitar|64/100\n|\n|-weather|Sandstorm|[upkeep]\n|-damage|p1a: Charizard|95/100|[from] Sandstorm\n|upkeep\n|turn|8\n|\n|t:|1775937761\n|switch|p2a: Excadrill|Excadrill, L50, M|98/100\n|-damage|p2a: Excadrill|95/100|[from] Stealth Rock\n|move|p1a: Charizard|Flame Charge|p2a: Excadrill\n|-supereffective|p2a: Excadrill|1\n|-damage|p2a: Excadrill|60/100\n|-boost|p1a: Charizard|spe|1\n|\n|-weather|Sandstorm|[upkeep]\n|-damage|p1a: Charizard|89/100|[from] Sandstorm\n|upkeep\n|turn|9\n|\n|t:|1775937774\n|move|p2a: Excadrill|Rock Slide|p1a: Charizard\n|-supereffective|p1a: Charizard|2\n|-damage|p1a: Charizard|0 fnt\n|faint|p1a: Charizard\n|\n|win|IAMVASH\n|raw|shanaia's rating: 1218 &rarr; <strong>1193</strong><br />(-25 for losing)\n|raw|IAMVASH's rating: 1219 &rarr; <strong>1244</strong><br />(+25 for winning)\n",
  "uploadtime": 1775937774,
  "views": 19,
  "formatid": "gen9championsbssregma",
  "rating": 1193,
  "private": 0,
  "password": null
}