{
  "id": "gen9championsbssregma-2582744465",
  "format": "[Gen 9 Champions] BSS Reg M-A",
  "players": [
    "menci",
    "captainaizen99"
  ],
  "log": "|j|\u2606menci\n|j|\u2606captainaizen99\n|t:|1776111111\n|gametype|singles\n|player|p1|menci|miku-ghost|1157\n|player|p2|captainaizen99|102|1107\n|gen|9\n|tier|[Gen 9 Champions] BSS Reg M-A\n|rated|\n|rule|Species Clause: Limit one of each Pok\u00e9mon\n|rule|Item Clause: Limit 1 of each item\n|clearpoke\n|poke|p1|Venusaur, L50, F|\n|poke|p1|Kingambit, L50, F|\n|poke|p1|Dragapult, L50, M|\n|poke|p1|Clefable, L50, F|\n|poke|p1|Toxapex, L50, F|\n|poke|p1|Espathra, L50, F|\n|poke|p2|Charizard, L50, M|\n|poke|p2|Garchomp, L50, M|\n|poke|p2|Ninetales-Alola, L50, F|\n|poke|p2|Lucario, L50, F|\n|poke|p2|Meowscarada, L50, M|\n|poke|p2|Primarina, L50, M|\n|teampreview|3\n|\n|t:|1776111146\n|teamsize|p1|3\n|teamsize|p2|3\n|start\n|switch|p1a: Espathra|Espathra, L50, F|100/100\n|switch|p2a: Charizard|Charizard, L50, M|100/100\n|turn|1\n|inactive|Battle timer is ON: inactive players will automatically lose when time's up. (requested by menci)\n|\n|t:|1776111152\n|detailschange|p2a: Charizard|Charizard-Mega-Y, L50, M\n|-mega|p2a: Charizard|Charizard|Charizardite Y\n|-weather|SunnyDay|[from] ability: Drought|[of] p2a: Charizard\n|move|p1a: Espathra|Protect|p1a: Espathra\n|-singleturn|p1a: Espathra|Protect\n|move|p2a: Charizard|Weather Ball|p1a: Espathra\n|-activate|p1a: Espathra|move: Protect\n|\n|-weather|SunnyDay|[upkeep]\n|-ability|p1a: Espathra|Speed Boost|boost\n|-boost|p1a: Espathra|spe|1\n|upkeep\n|turn|2\n|\n|t:|1776111157\n|move|p1a: Espathra|Substitute|p1a: Espathra\n|-start|p1a: Espathra|Substitute\n|-damage|p1a: Espathra|76/100\n|move|p2a: Charizard|Weather Ball|p1a: Espathra\n|-end|p1a: Espathra|Substitute\n|\n|-weather|SunnyDay|[upkeep]\n|-ability|p1a: Espathra|Speed Boost|boost\n|-boost|p1a: Espathra|spe|1\n|upkeep\n|turn|3\n|\n|t:|1776111164\n|move|p1a: Espathra|Protect|p1a: Espathra\n|-singleturn|p1a: Espathra|Protect\n|move|p2a: Charizard|Weather Ball|p1a: Espathra\n|-activate|p1a: Espathra|move: Protect\n|\n|-weather|SunnyDay|[upkeep]\n|-ability|p1a: Espathra|Speed Boost|boost\n|-boost|p1a: Espathra|spe|1\n|upkeep\n|turn|4\n|\n|t:|1776111167\n|move|p1a: Espathra|Substitute|p1a: Espathra\n|-start|p1a: Espathra|Substitute\n|-damage|p1a: Espathra|51/100\n|move|p2a: Charizard|Weather Ball|p1a: Espathra\n|-end|p1a: Espathra|Substitute\n|\n|-weather|SunnyDay|[upkeep]\n|-ability|p1a: Espathra|Speed Boost|boost\n|-boost|p1a: Espathra|spe|1\n|upkeep\n|turn|5\n|\n|t:|1776111182\n|move|p1a: Espathra|Protect|p1a: Espathra\n|-singleturn|p1a: Espathra|Protect\n|move|p2a: Charizard|Weather Ball|p1a: Espathra\n|-activate|p1a: Espathra|move: Protect\n|\n|-weather|none\n|-ability|p1a: Espathra|Speed Boost|boost\n|-boost|p1a: Espathra|spe|1\n|upkeep\n|turn|6\n|\n|t:|1776111190\n|switch|p2a: Primarina|Primarina, L50, M|100/100\n|move|p1a: Espathra|Substitute|p1a: Espathra\n|-start|p1a: Espathra|Substitute\n|-damage|p1a: Espathra|26/100\n|\n|-ability|p1a: Espathra|Speed Boost|boost\n|-boost|p1a: Espathra|spe|1\n|upkeep\n|turn|7\n|\n|t:|1776111201\n|move|p1a: Espathra|Baton Pass|p1a: Espathra\n|\n|t:|1776111203\n|switch|p1a: Clefable|Clefable, L50, F|100/100|[from] Baton Pass\n|move|p2a: Primarina|Sparkling Aria|p1a: Clefable\n|-damage|p1a: Clefable|50/100\n|\n|upkeep\n|turn|8\n|\n|t:|1776111216\n|detailschange|p1a: Clefable|Clefable-Mega, L50, F\n|-mega|p1a: Clefable|Clefable|Clefablite\n|move|p1a: Clefable|Moonlight|p1a: Clefable\n|-heal|p1a: Clefable|99/100\n|move|p2a: Primarina|Sparkling Aria|p1a: Clefable\n|-damage|p1a: Clefable|55/100\n|\n|upkeep\n|turn|9\n|\n|t:|1776111224\n|move|p1a: Clefable|Cosmic Power|p1a: Clefable\n|-boost|p1a: Clefable|def|1\n|-boost|p1a: Clefable|spd|1\n|move|p2a: Primarina|Encore|p1a: Clefable\n|move|p1a: Clefable|Encore||[from] ability: Magic Bounce|[still]\n|-fail|p1a: Clefable\n|\n|upkeep\n|turn|10\n|\n|t:|1776111234\n|move|p1a: Clefable|Cosmic Power|p1a: Clefable\n|-boost|p1a: Clefable|def|1\n|-boost|p1a: Clefable|spd|1\n|move|p2a: Primarina|Sparkling Aria|p1a: Clefable\n|-damage|p1a: Clefable|36/100\n|\n|upkeep\n|turn|11\n|\n|t:|1776111244\n|move|p1a: Clefable|Moonlight|p1a: Clefable\n|-heal|p1a: Clefable|86/100\n|move|p2a: Primarina|Sparkling Aria|p1a: Clefable\n|-damage|p1a: Clefable|66/100\n|\n|upkeep\n|turn|12\n|c|\u2606captainaizen99|why use this gay ass lame strat\n|c|\u2606captainaizen99|its so anoying\n|inactive|captainaizen99 has 30 seconds left.\n|c|\u2606menci|ive lost to worst lame strats\n|\n|t:|1776111279\n|move|p1a: Clefable|Stored Power|p2a: Primarina\n|-crit|p2a: Primarina\n|-damage|p2a: Primarina|19/100\n|-enditem|p2a: Primarina|Sitrus Berry|[eat]\n|-heal|p2a: Primarina|44/100|[from] item: Sitrus Berry\n|move|p2a: Primarina|Moonblast|p1a: Clefable\n|-activate|p1a: Clefable|move: Substitute|[damage]\n|\n|upkeep\n|turn|13\n|c|\u2606menci|i suggest you play ou\n|-message|captainaizen99 forfeited.\n|\n|win|menci\n",
  "uploadtime": 1776111262,
  "views": 5,
  "formatid": "gen9championsbssregma",
  "rating": null,
  "private": 0,
  "password": null
}