{
  "id": "gen9championsbssregma-2584176313",
  "format": "[Gen 9 Champions] BSS Reg M-A",
  "players": [
    "chrismjkim2",
    "baisheng"
  ],
  "log": "|j|\u2606chrismjkim2\n|j|\u2606baisheng\n|t:|1776234518\n|gametype|singles\n|player|p1|chrismjkim2|170|1326\n|player|p2|baisheng|169|1385\n|gen|9\n|tier|[Gen 9 Champions] BSS Reg M-A\n|rated|\n|rule|Species Clause: Limit one of each Pok\u00e9mon\n|rule|Item Clause: Limit 1 of each item\n|clearpoke\n|poke|p1|Hippowdon, L50, M|\n|poke|p1|Rotom-Wash, L50|\n|poke|p1|Mimikyu, L50, M|\n|poke|p1|Charizard, L50, F|\n|poke|p1|Corviknight, L50, M|\n|poke|p1|Blastoise, L50, F|\n|poke|p2|Archaludon, L50, F|\n|poke|p2|Starmie, L50|\n|poke|p2|Garchomp, L50, M|\n|poke|p2|Floette-Eternal, L50, F|\n|poke|p2|Corviknight, L50, M|\n|poke|p2|Meowscarada, L50, M|\n|teampreview|3\n|inactive|Battle timer is ON: inactive players will automatically lose when time's up. (requested by chrismjkim2)\n|inactive|baisheng has 60 seconds left.\n|\n|t:|1776234551\n|teamsize|p1|3\n|teamsize|p2|3\n|start\n|switch|p1a: Rotom|Rotom-Wash, L50|100/100\n|switch|p2a: Archaludon|Archaludon, L50, F|100/100\n|turn|1\n|\n|t:|1776234563\n|move|p1a: Rotom|Trick|p2a: Archaludon\n|-activate|p1a: Rotom|move: Trick|[of] p2a: Archaludon\n|-item|p2a: Archaludon|Choice Scarf|[from] move: Trick\n|-item|p1a: Rotom|Sitrus Berry|[from] move: Trick\n|move|p2a: Archaludon|Stealth Rock|p1a: Rotom\n|-sidestart|p1: chrismjkim2|move: Stealth Rock\n|\n|upkeep\n|turn|2\n|\n|t:|1776234573\n|switch|p2a: Floette|Floette-Eternal, L50, F|100/100\n|move|p1a: Rotom|Volt Switch|p2a: Floette\n|-damage|p2a: Floette|73/100\n|\n|t:|1776234582\n|switch|p1a: Corviknight|Corviknight, L50, M|100/100|[from] Volt Switch\n|-damage|p1a: Corviknight|88/100|[from] Stealth Rock\n|-ability|p1a: Corviknight|Pressure\n|\n|-heal|p1a: Corviknight|94/100|[from] item: Leftovers\n|upkeep\n|turn|3\n|\n|t:|1776234592\n|switch|p2a: Archaludon|Archaludon, L50, F|100/100\n|move|p1a: Corviknight|Iron Head|p2a: Archaludon\n|-resisted|p2a: Archaludon|1\n|-damage|p2a: Archaludon|93/100\n|-ability|p2a: Archaludon|Stamina|boost\n|-boost|p2a: Archaludon|def|1\n|\n|-heal|p1a: Corviknight|99/100|[from] item: Leftovers\n|upkeep\n|turn|4\n|\n|t:|1776234611\n|switch|p1a: Rotom|Rotom-Wash, L50|100/100\n|-damage|p1a: Rotom|89/100|[from] Stealth Rock\n|move|p2a: Archaludon|Dragon Tail|p1a: Rotom\n|-damage|p1a: Rotom|56/100\n|drag|p1a: Charizard|Charizard, L50, F|100/100\n|-damage|p1a: Charizard|51/100|[from] Stealth Rock\n|\n|upkeep\n|turn|5\n|\n|t:|1776234628\n|detailschange|p1a: Charizard|Charizard-Mega-X, L50, F\n|-mega|p1a: Charizard|Charizard|Charizardite X\n|move|p1a: Charizard|Dragon Dance|p1a: Charizard\n|-boost|p1a: Charizard|atk|1\n|-boost|p1a: Charizard|spe|1\n|move|p2a: Archaludon|Dragon Tail|p1a: Charizard\n|-supereffective|p1a: Charizard|1\n|-damage|p1a: Charizard|11/100\n|drag|p1a: Rotom|Rotom-Wash, L50|56/100\n|-damage|p1a: Rotom|44/100|[from] Stealth Rock\n|-enditem|p1a: Rotom|Sitrus Berry|[eat]\n|-heal|p1a: Rotom|68/100|[from] item: Sitrus Berry\n|\n|upkeep\n|turn|6\n|-message|chrismjkim2 forfeited.\n|\n|win|baisheng\n|raw|chrismjkim2's rating: 1326 &rarr; <strong>1309</strong><br />(-17 for losing)\n|raw|baisheng's rating: 1385 &rarr; <strong>1402</strong><br />(+17 for winning)\n|l|\u2606chrismjkim2\n|player|p1|\n|l|\u2606baisheng\n|player|p2|\n",
  "uploadtime": 1776234643,
  "views": 19,
  "formatid": "gen9championsbssregma",
  "rating": 1309,
  "private": 0,
  "password": null
}