{
  "id": "gen9championsbssregma-2587115816",
  "format": "[Gen 9 Champions] BSS Reg M-A",
  "players": [
    "kyotoyoko",
    "KevMev"
  ],
  "log": "|j|\u2606kyotoyoko\n|j|\u2606KevMev\n|t:|1776495612\n|gametype|singles\n|player|p1|kyotoyoko|caitlin|1327\n|player|p2|KevMev|waiter-gen4|1306\n|gen|9\n|tier|[Gen 9 Champions] BSS Reg M-A\n|rated|\n|rule|Species Clause: Limit one of each Pok\u00e9mon\n|rule|Item Clause: Limit 1 of each item\n|clearpoke\n|poke|p1|Hippowdon, L50, F|\n|poke|p1|Charizard, L50, F|\n|poke|p1|Lucario, L50, F|\n|poke|p1|Corviknight, L50, F|\n|poke|p1|Greninja, L50, F, shiny|\n|poke|p1|Mimikyu, L50, F, shiny|\n|poke|p2|Sneasler, L50, F, shiny|\n|poke|p2|Archaludon, L50, M, shiny|\n|poke|p2|Meganium, L50, F, shiny|\n|poke|p2|Basculegion, L50, M, shiny|\n|poke|p2|Charizard, L50, M|\n|poke|p2|Mimikyu, L50, F|\n|teampreview|3\n|j| p74\n|inactive|Battle timer is ON: inactive players will automatically lose when time's up. (requested by KevMev)\n|inactive|kyotoyoko has 60 seconds left.\n|\n|t:|1776495688\n|teamsize|p1|3\n|teamsize|p2|3\n|start\n|switch|p1a: Charizard|Charizard, L50, F|100/100\n|switch|p2a: Meganium|Meganium, L50, F, shiny|100/100\n|turn|1\n|\n|t:|1776495695\n|switch|p2a: Charizard|Charizard, L50, M|100/100\n|detailschange|p1a: Charizard|Charizard-Mega-X, L50, F\n|-mega|p1a: Charizard|Charizard|Charizardite X\n|move|p1a: Charizard|Dragon Dance|p1a: Charizard\n|-boost|p1a: Charizard|atk|1\n|-boost|p1a: Charizard|spe|1\n|\n|upkeep\n|turn|2\n|\n|t:|1776495704\n|detailschange|p2a: Charizard|Charizard-Mega-Y, L50, M\n|-mega|p2a: Charizard|Charizard|Charizardite Y\n|-weather|SunnyDay|[from] ability: Drought|[of] p2a: Charizard\n|move|p1a: Charizard|Dragon Claw|p2a: Charizard\n|-damage|p2a: Charizard|0 fnt\n|faint|p2a: Charizard\n|\n|-weather|SunnyDay|[upkeep]\n|upkeep\n|\n|t:|1776495709\n|switch|p2a: Archaludon|Archaludon, L50, M, shiny|100/100\n|turn|3\n|\n|t:|1776495713\n|move|p1a: Charizard|Flare Blitz|p2a: Archaludon\n|-ability|p2a: Archaludon|Sturdy\n|-damage|p2a: Archaludon|1/100\n|-damage|p1a: Charizard|70/100|[from] Recoil\n|move|p2a: Archaludon|Draco Meteor|p1a: Charizard\n|-supereffective|p1a: Charizard|1\n|-damage|p1a: Charizard|0 fnt\n|-unboost|p2a: Archaludon|spa|2\n|faint|p1a: Charizard\n|\n|-weather|SunnyDay|[upkeep]\n|-heal|p2a: Archaludon|7/100|[from] item: Leftovers\n|upkeep\n|\n|t:|1776495721\n|switch|p1a: Greninja|Greninja, L50, F, shiny|100/100\n|turn|4\n|\n|t:|1776495724\n|switch|p2a: Meganium|Meganium, L50, F, shiny|100/100\n|move|p1a: Greninja|Dark Pulse|p2a: Meganium\n|-damage|p2a: Meganium|69/100\n|\n|-weather|SunnyDay|[upkeep]\n|upkeep\n|turn|5\n|\n|t:|1776495731\n|move|p1a: Greninja|Dark Pulse|p2a: Meganium\n|-damage|p2a: Meganium|32/100\n|move|p2a: Meganium|Solar Beam||[still]\n|-prepare|p2a: Meganium|Solar Beam\n|-anim|p2a: Meganium|Solar Beam|p1a: Greninja\n|-supereffective|p1a: Greninja|1\n|-enditem|p1a: Greninja|Focus Sash\n|-damage|p1a: Greninja|1/100\n|\n|-weather|SunnyDay|[upkeep]\n|upkeep\n|turn|6\n|\n|t:|1776495738\n|move|p1a: Greninja|Dark Pulse|p2a: Meganium\n|-damage|p2a: Meganium|0 fnt\n|faint|p2a: Meganium\n|\n|-weather|none\n|upkeep\n|-message|KevMev forfeited.\n|\n|win|kyotoyoko\n|raw|kyotoyoko's rating: 1327 &rarr; <strong>1346</strong><br />(+19 for winning)\n|raw|KevMev's rating: 1306 &rarr; <strong>1287</strong><br />(-19 for losing)\n|l|\u2606KevMev\n|player|p2|\n|l|\u2606kyotoyoko\n|player|p1|\n",
  "uploadtime": 1776495768,
  "views": 12,
  "formatid": "gen9championsbssregma",
  "rating": 1287,
  "private": 0,
  "password": null
}