{
  "id": "gen9championsbssregma-2583006326",
  "format": "[Gen 9 Champions] BSS Reg M-A",
  "players": [
    "michinsaram",
    "lawofdeath"
  ],
  "log": "|j|\u2606michinsaram\n|j|\u2606lawofdeath\n|t:|1776132719\n|gametype|singles\n|player|p1|michinsaram|2|1128\n|player|p2|lawofdeath|102|1000\n|gen|9\n|tier|[Gen 9 Champions] BSS Reg M-A\n|rated|\n|rule|Species Clause: Limit one of each Pok\u00e9mon\n|rule|Item Clause: Limit 1 of each item\n|clearpoke\n|poke|p1|Aegislash, L50, F|\n|poke|p1|Garchomp, L50, M|\n|poke|p1|Hippowdon, L50, F|\n|poke|p1|Charizard, L50, M|\n|poke|p1|Mamoswine, L50, F|\n|poke|p1|Clefable, L50, F|\n|poke|p2|Corviknight, L50, F|\n|poke|p2|Rotom-Wash, L50|\n|poke|p2|Ceruledge, L50, F|\n|poke|p2|Tyranitar, L50, M|\n|poke|p2|Garchomp, L50, F|\n|poke|p2|Mimikyu, L50, F|\n|teampreview|3\n|inactive|Battle timer is ON: inactive players will automatically lose when time's up. (requested by michinsaram)\n|inactive|lawofdeath has 60 seconds left.\n|\n|t:|1776132783\n|teamsize|p1|3\n|teamsize|p2|3\n|start\n|switch|p1a: Hippowdon|Hippowdon, L50, F|100/100\n|switch|p2a: Rotom|Rotom-Wash, L50|100/100\n|-weather|Sandstorm|[from] ability: Sand Stream|[of] p1a: Hippowdon\n|turn|1\n|\n|t:|1776132803\n|move|p2a: Rotom|Hydro Pump|p1a: Hippowdon\n|-supereffective|p1a: Hippowdon|1\n|-crit|p1a: Hippowdon\n|-damage|p1a: Hippowdon|13/100\n|-enditem|p1a: Hippowdon|Sitrus Berry|[eat]\n|-heal|p1a: Hippowdon|38/100|[from] item: Sitrus Berry\n|move|p1a: Hippowdon|Yawn|p2a: Rotom\n|-start|p2a: Rotom|move: Yawn|[of] p1a: Hippowdon\n|\n|-weather|Sandstorm|[upkeep]\n|-damage|p2a: Rotom|95/100|[from] Sandstorm\n|upkeep\n|turn|2\n|\n|t:|1776132812\n|move|p2a: Rotom|Hydro Pump|p1a: Hippowdon\n|-supereffective|p1a: Hippowdon|1\n|-damage|p1a: Hippowdon|0 fnt\n|faint|p1a: Hippowdon\n|\n|-weather|Sandstorm|[upkeep]\n|-damage|p2a: Rotom|89/100|[from] Sandstorm\n|-end|p2a: Rotom|move: Yawn|[silent]\n|-status|p2a: Rotom|slp\n|upkeep\n|\n|t:|1776132815\n|switch|p1a: Clefable|Clefable, L50, F|100/100\n|turn|3\n|\n|t:|1776132836\n|switch|p2a: Corviknight|Corviknight, L50, F|100/100\n|move|p1a: Clefable|Cosmic Power|p1a: Clefable\n|-boost|p1a: Clefable|def|1\n|-boost|p1a: Clefable|spd|1\n|\n|-weather|Sandstorm|[upkeep]\n|upkeep\n|turn|4\n|\n|t:|1776132844\n|switch|p2a: Rotom|Rotom-Wash, L50|89/100 slp\n|detailschange|p1a: Clefable|Clefable-Mega, L50, F\n|-mega|p1a: Clefable|Clefable|Clefablite\n|move|p1a: Clefable|Cosmic Power|p1a: Clefable\n|-boost|p1a: Clefable|def|1\n|-boost|p1a: Clefable|spd|1\n|\n|-weather|Sandstorm|[upkeep]\n|-damage|p2a: Rotom|83/100 slp|[from] Sandstorm\n|-damage|p1a: Clefable|95/100|[from] Sandstorm\n|upkeep\n|turn|5\n|\n|t:|1776132853\n|cant|p2a: Rotom|slp\n|move|p1a: Clefable|Cosmic Power|p1a: Clefable\n|-boost|p1a: Clefable|def|1\n|-boost|p1a: Clefable|spd|1\n|\n|-weather|none\n|upkeep\n|turn|6\n|c|\u2606lawofdeath|!data mega-clefable\n|c|\u2606lawofdeath|/raw <div class=\"message\"><ul class=\"utilichart\"><li class=\"result\"><span class=\"col numcol\">OU</span> <span class=\"col iconcol\"><psicon pokemon=\"clefablemega\"/></span> <span class=\"col pokemonnamecol\" style=\"white-space:nowrap\"><a href=\"https://dex.pokemonshowdown.com/pokemon/clefablemega\" target=\"_blank\">Clefable-Mega</a></span> <span class=\"col typecol\"><img src=\"https://play.pokemonshowdown.com/sprites/types/Fairy.png\" alt=\"Fairy\" height=\"14\" width=\"32\"><img src=\"https://play.pokemonshowdown.com/sprites/types/Flying.png\" alt=\"Flying\" height=\"14\" width=\"32\"></span> <span style=\"float:left;min-height:26px\"><span class=\"col abilitycol\">Magic Bounce</span><span class=\"col abilitycol\"></span></span><span style=\"float:left;min-height:26px\"><span class=\"col statcol\"><em>HP</em><br />95</span> <span class=\"col statcol\"><em>Atk</em><br />80</span> <span class=\"col statcol\"><em>Def</em><br />93</span> <span class=\"col statcol\"><em>SpA</em><br />135</span> <span class=\"col statcol\"><em>SpD</em><br />110</span> <span class=\"col statcol\"><em>Spe</em><br />70</span> <span class=\"col bstcol\"><em>BST<br />583</em></span> </span></li><li style=\"clear:both\"></li></ul></div>\n\n|inactive|lawofdeath has 30 seconds left.\n|\n|t:|1776132887\n|cant|p2a: Rotom|slp\n|move|p1a: Clefable|Stored Power|p2a: Rotom\n|-damage|p2a: Rotom|37/100 slp\n|\n|upkeep\n|turn|7\n|\n|t:|1776132895\n|-curestatus|p2a: Rotom|slp|[msg]\n|move|p2a: Rotom|Will-O-Wisp|p1a: Clefable\n|move|p1a: Clefable|Will-O-Wisp|p2a: Rotom|[from] ability: Magic Bounce\n|-status|p2a: Rotom|brn\n|move|p1a: Clefable|Stored Power|p2a: Rotom\n|-damage|p2a: Rotom|0 fnt\n|faint|p2a: Rotom\n|\n|upkeep\n|\n|t:|1776132908\n|switch|p2a: Corviknight|Corviknight, L50, F|100/100\n|turn|8\n|\n|t:|1776132912\n|move|p1a: Clefable|Cosmic Power|p1a: Clefable\n|-boost|p1a: Clefable|def|1\n|-boost|p1a: Clefable|spd|1\n|move|p2a: Corviknight|Iron Defense|p2a: Corviknight\n|-boost|p2a: Corviknight|def|2\n|\n|upkeep\n|turn|9\n|\n|t:|1776132919\n|move|p1a: Clefable|Stored Power|p2a: Corviknight\n|-resisted|p2a: Corviknight|1\n|-damage|p2a: Corviknight|72/100\n|move|p2a: Corviknight|Brave Bird|p1a: Clefable\n|-damage|p1a: Clefable|86/100\n|-damage|p2a: Corviknight|69/100|[from] Recoil\n|\n|-heal|p2a: Corviknight|75/100|[from] item: Leftovers\n|upkeep\n|turn|10\n|\n|t:|1776132929\n|move|p1a: Clefable|Stored Power|p2a: Corviknight\n|-resisted|p2a: Corviknight|1\n|-damage|p2a: Corviknight|47/100\n|move|p2a: Corviknight|Brave Bird|p1a: Clefable\n|-damage|p1a: Clefable|76/100\n|-damage|p2a: Corviknight|44/100|[from] Recoil\n|\n|-heal|p2a: Corviknight|50/100|[from] item: Leftovers\n|upkeep\n|turn|11\n|\n|t:|1776132937\n|move|p1a: Clefable|Cosmic Power|p1a: Clefable\n|-boost|p1a: Clefable|def|1\n|-boost|p1a: Clefable|spd|1\n|move|p2a: Corviknight|Roost|p2a: Corviknight\n|-heal|p2a: Corviknight|99/100\n|-singleturn|p2a: Corviknight|move: Roost\n|\n|-heal|p2a: Corviknight|100/100|[from] item: Leftovers\n|upkeep\n|turn|12\n|\n|t:|1776132946\n|move|p1a: Clefable|Cosmic Power|p1a: Clefable\n|-boost|p1a: Clefable|def|1\n|-boost|p1a: Clefable|spd|1\n|move|p2a: Corviknight|Brave Bird|p1a: Clefable\n|-damage|p1a: Clefable|69/100\n|-damage|p2a: Corviknight|98/100|[from] Recoil\n|\n|-heal|p2a: Corviknight|100/100|[from] item: Leftovers\n|upkeep\n|turn|13\n|\n|t:|1776132953\n|move|p1a: Clefable|Moonlight|p1a: Clefable\n|-heal|p1a: Clefable|100/100\n|move|p2a: Corviknight|Brave Bird|p1a: Clefable\n|-damage|p1a: Clefable|94/100\n|-damage|p2a: Corviknight|99/100|[from] Recoil\n|\n|-heal|p2a: Corviknight|100/100|[from] item: Leftovers\n|upkeep\n|turn|14\n|c|\u2606lawofdeath|yeah, I knew pressure was better\n|\n|t:|1776132964\n|move|p1a: Clefable|Stored Power|p2a: Corviknight\n|-resisted|p2a: Corviknight|1\n|-crit|p2a: Corviknight\n|-damage|p2a: Corviknight|44/100\n|move|p2a: Corviknight|Brave Bird|p1a: Clefable\n|-damage|p1a: Clefable|88/100\n|-damage|p2a: Corviknight|42/100|[from] Recoil\n|\n|-heal|p2a: Corviknight|48/100|[from] item: Leftovers\n|upkeep\n|turn|15\n|\n|t:|1776132973\n|move|p1a: Clefable|Stored Power|p2a: Corviknight\n|-resisted|p2a: Corviknight|1\n|-damage|p2a: Corviknight|11/100\n|move|p2a: Corviknight|Roost|p2a: Corviknight\n|-heal|p2a: Corviknight|61/100\n|-singleturn|p2a: Corviknight|move: Roost\n|\n|-heal|p2a: Corviknight|67/100|[from] item: Leftovers\n|upkeep\n|turn|16\n|\n|t:|1776132990\n|move|p1a: Clefable|Stored Power|p2a: Corviknight\n|-resisted|p2a: Corviknight|1\n|-damage|p2a: Corviknight|29/100\n|move|p2a: Corviknight|Roost|p2a: Corviknight\n|-heal|p2a: Corviknight|79/100\n|-singleturn|p2a: Corviknight|move: Roost\n|\n|-heal|p2a: Corviknight|85/100|[from] item: Leftovers\n|upkeep\n|turn|17\n|\n|t:|1776133011\n|move|p1a: Clefable|Stored Power|p2a: Corviknight\n|-resisted|p2a: Corviknight|1\n|-damage|p2a: Corviknight|47/100\n|move|p2a: Corviknight|Brave Bird|p1a: Clefable\n|-damage|p1a: Clefable|80/100\n|-damage|p2a: Corviknight|44/100|[from] Recoil\n|\n|-heal|p2a: Corviknight|50/100|[from] item: Leftovers\n|upkeep\n|turn|18\n|\n|t:|1776133025\n|move|p1a: Clefable|Stored Power|p2a: Corviknight\n|-resisted|p2a: Corviknight|1\n|-damage|p2a: Corviknight|11/100\n|move|p2a: Corviknight|Roost|p2a: Corviknight\n|-heal|p2a: Corviknight|61/100\n|-singleturn|p2a: Corviknight|move: Roost\n|\n|-heal|p2a: Corviknight|67/100|[from] item: Leftovers\n|upkeep\n|turn|19\n|\n|t:|1776133033\n|move|p1a: Clefable|Moonblast|p2a: Corviknight\n|-resisted|p2a: Corviknight|1\n|-damage|p2a: Corviknight|47/100\n|move|p2a: Corviknight|Brave Bird|p1a: Clefable\n|-damage|p1a: Clefable|73/100\n|-damage|p2a: Corviknight|44/100|[from] Recoil\n|\n|-heal|p2a: Corviknight|50/100|[from] item: Leftovers\n|upkeep\n|turn|20\n|\n|t:|1776133042\n|move|p1a: Clefable|Stored Power|p2a: Corviknight\n|-resisted|p2a: Corviknight|1\n|-damage|p2a: Corviknight|12/100\n|move|p2a: Corviknight|Roost|p2a: Corviknight\n|-heal|p2a: Corviknight|62/100\n|-singleturn|p2a: Corviknight|move: Roost\n|\n|-heal|p2a: Corviknight|68/100|[from] item: Leftovers\n|upkeep\n|turn|21\n|\n|t:|1776133051\n|move|p1a: Clefable|Moonblast|p2a: Corviknight\n|-resisted|p2a: Corviknight|1\n|-damage|p2a: Corviknight|49/100\n|-ability|p2a: Corviknight|Mirror Armor\n|-unboost|p1a: Clefable|spa|1\n|move|p2a: Corviknight|Roost|p2a: Corviknight\n|-heal|p2a: Corviknight|99/100\n|-singleturn|p2a: Corviknight|move: Roost\n|\n|-heal|p2a: Corviknight|100/100|[from] item: Leftovers\n|upkeep\n|turn|22\n|\n|t:|1776133070\n|move|p1a: Clefable|Moonblast|p2a: Corviknight\n|-resisted|p2a: Corviknight|1\n|-damage|p2a: Corviknight|86/100\n|-ability|p2a: Corviknight|Mirror Armor\n|-unboost|p1a: Clefable|spa|1\n|move|p2a: Corviknight|Brave Bird|p1a: Clefable\n|-damage|p1a: Clefable|66/100\n|-damage|p2a: Corviknight|84/100|[from] Recoil\n|\n|-heal|p2a: Corviknight|90/100|[from] item: Leftovers\n|upkeep\n|turn|23\n|\n|t:|1776133082\n|move|p1a: Clefable|Moonlight|p1a: Clefable\n|-heal|p1a: Clefable|100/100\n|move|p2a: Corviknight|Brave Bird|p1a: Clefable\n|-damage|p1a: Clefable|94/100\n|-damage|p2a: Corviknight|88/100|[from] Recoil\n|\n|-heal|p2a: Corviknight|94/100|[from] item: Leftovers\n|upkeep\n|turn|24\n|\n|t:|1776133105\n|switch|p1a: Mamoswine|Mamoswine, L50, F|100/100\n|move|p2a: Corviknight|Brave Bird|p1a: Mamoswine\n|-damage|p1a: Mamoswine|61/100\n|-damage|p2a: Corviknight|82/100|[from] Recoil\n|\n|-heal|p2a: Corviknight|88/100|[from] item: Leftovers\n|upkeep\n|turn|25\n|\n|t:|1776133115\n|switch|p1a: Clefable|Clefable-Mega, L50, F|94/100\n|move|p2a: Corviknight|Body Press|p1a: Clefable\n|-resisted|p1a: Clefable|2\n|-damage|p1a: Clefable|85/100\n|\n|-heal|p2a: Corviknight|94/100|[from] item: Leftovers\n|upkeep\n|turn|26\n|\n|t:|1776133125\n|move|p1a: Clefable|Cosmic Power|p1a: Clefable\n|-boost|p1a: Clefable|def|1\n|-boost|p1a: Clefable|spd|1\n|move|p2a: Corviknight|Brave Bird|p1a: Clefable\n|-damage|p1a: Clefable|68/100\n|-damage|p2a: Corviknight|89/100|[from] Recoil\n|\n|-heal|p2a: Corviknight|95/100|[from] item: Leftovers\n|upkeep\n|turn|27\n|\n|t:|1776133137\n|switch|p2a: Tyranitar|Tyranitar, L50, M|100/100\n|-weather|Sandstorm|[from] ability: Sand Stream|[of] p2a: Tyranitar\n|move|p1a: Clefable|Moonblast|p2a: Tyranitar\n|-supereffective|p2a: Tyranitar|1\n|-damage|p2a: Tyranitar|43/100\n|\n|-weather|Sandstorm|[upkeep]\n|-damage|p1a: Clefable|62/100|[from] Sandstorm\n|upkeep\n|turn|28\n|\n|t:|1776133149\n|detailschange|p2a: Tyranitar|Tyranitar-Mega, L50, M\n|-mega|p2a: Tyranitar|Tyranitar|Tyranitarite\n|move|p2a: Tyranitar|Stone Edge|p1a: Clefable\n|-supereffective|p1a: Clefable|1\n|-damage|p1a: Clefable|1/100\n|move|p1a: Clefable|Moonblast|p2a: Tyranitar\n|-supereffective|p2a: Tyranitar|1\n|-damage|p2a: Tyranitar|0 fnt\n|faint|p2a: Tyranitar\n|\n|-weather|Sandstorm|[upkeep]\n|-damage|p1a: Clefable|0 fnt|[from] Sandstorm\n|faint|p1a: Clefable\n|upkeep\n|-message|michinsaram forfeited.\n|\n|win|lawofdeath\n|raw|michinsaram's rating: 1128 &rarr; <strong>1094</strong><br />(-34 for losing)\n|raw|lawofdeath's rating: 1000 &rarr; <strong>1054</strong><br />(+54 for winning)\n|l|\u2606michinsaram\n|player|p1|\n",
  "uploadtime": 1776133174,
  "views": 6,
  "formatid": "gen9championsbssregma",
  "rating": 1054,
  "private": 0,
  "password": null
}