{
  "id": "gen9championsbssregma-2583187130",
  "format": "[Gen 9 Champions] BSS Reg M-A",
  "players": [
    "chanmin",
    "3gege"
  ],
  "log": "|j|\u2606chanmin\n|j|\u26063gege\n|t:|1776152497\n|gametype|singles\n|player|p1|chanmin|170|1302\n|player|p2|3gege|169|1386\n|gen|9\n|tier|[Gen 9 Champions] BSS Reg M-A\n|rated|\n|rule|Species Clause: Limit one of each Pok\u00e9mon\n|rule|Item Clause: Limit 1 of each item\n|clearpoke\n|poke|p1|Kangaskhan, L50, F|\n|poke|p1|Archaludon, L50, M|\n|poke|p1|Rotom-Wash, L50|\n|poke|p1|Greninja-*, L50, M|\n|poke|p1|Ceruledge, L50, F|\n|poke|p1|Kleavor, L50, F|\n|poke|p2|Gyarados, L50, F|\n|poke|p2|Gengar, L50, F|\n|poke|p2|Primarina, L50, F|\n|poke|p2|Glimmora, L50, M|\n|poke|p2|Kingambit, L50, M|\n|poke|p2|Arcanine, L50, F|\n|teampreview|3\n|j| p74\n|\n|t:|1776152527\n|teamsize|p1|3\n|teamsize|p2|3\n|start\n|switch|p1a: Archaludon|Archaludon, L50, M|100/100\n|switch|p2a: Glimmora|Glimmora, L50, M|100/100\n|turn|1\n|inactive|Battle timer is ON: inactive players will automatically lose when time's up. (requested by 3gege)\n|\n|t:|1776152548\n|move|p2a: Glimmora|Mud Shot|p1a: Archaludon\n|-supereffective|p1a: Archaludon|1\n|-damage|p1a: Archaludon|53/100\n|-unboost|p1a: Archaludon|spe|1\n|move|p1a: Archaludon|Flash Cannon|p2a: Glimmora\n|-supereffective|p2a: Glimmora|1\n|-enditem|p2a: Glimmora|Focus Sash\n|-damage|p2a: Glimmora|1/100\n|\n|upkeep\n|turn|2\n|inactive|chanmin has 30 seconds left.\n|\n|t:|1776152576\n|move|p2a: Glimmora|Stealth Rock|p1a: Archaludon\n|-sidestart|p1: chanmin|move: Stealth Rock\n|move|p1a: Archaludon|Flash Cannon|p2a: Glimmora\n|-supereffective|p2a: Glimmora|1\n|-damage|p2a: Glimmora|0 fnt\n|faint|p2a: Glimmora\n|\n|upkeep\n|\n|t:|1776152580\n|switch|p2a: Kingambit|Kingambit, L50, M|100/100\n|-activate|p2a: Kingambit|ability: Supreme Overlord\n|-start|p2a: Kingambit|fallen1|[silent]\n|turn|3\n|\n|t:|1776152590\n|move|p2a: Kingambit|Swords Dance|p2a: Kingambit\n|-boost|p2a: Kingambit|atk|2\n|move|p1a: Archaludon|Aura Sphere|p2a: Kingambit\n|-supereffective|p2a: Kingambit|2\n|-damage|p2a: Kingambit|0 fnt\n|faint|p2a: Kingambit\n|-end|p2a: Kingambit|fallen1|[silent]\n|\n|upkeep\n|\n|t:|1776152595\n|switch|p2a: Gyarados|Gyarados, L50, F|100/100\n|-ability|p2a: Gyarados|Intimidate|boost\n|-unboost|p1a: Archaludon|atk|1\n|turn|4\n|\n|t:|1776152604\n|detailschange|p2a: Gyarados|Gyarados-Mega, L50, F\n|-mega|p2a: Gyarados|Gyarados|Gyaradosite\n|-ability|p2a: Gyarados|Mold Breaker\n|move|p2a: Gyarados|Dragon Dance|p2a: Gyarados\n|-boost|p2a: Gyarados|atk|1\n|-boost|p2a: Gyarados|spe|1\n|move|p1a: Archaludon|Thunderbolt|p2a: Gyarados\n|-supereffective|p2a: Gyarados|1\n|-damage|p2a: Gyarados|49/100\n|\n|upkeep\n|turn|5\n|\n|t:|1776152615\n|move|p2a: Gyarados|Earthquake|p1a: Archaludon\n|-supereffective|p1a: Archaludon|1\n|-damage|p1a: Archaludon|0 fnt\n|faint|p1a: Archaludon\n|\n|upkeep\n|\n|t:|1776152620\n|switch|p1a: Kleavor|Kleavor, L50, F|100/100\n|-damage|p1a: Kleavor|76/100|[from] Stealth Rock\n|turn|6\n|\n|t:|1776152626\n|move|p1a: Kleavor|X-Scissor|p2a: Gyarados\n|-supereffective|p2a: Gyarados|1\n|-damage|p2a: Gyarados|0 fnt\n|faint|p2a: Gyarados\n|\n|win|chanmin\n|raw|chanmin's rating: 1302 &rarr; <strong>1327</strong><br />(+25 for winning)\n|raw|3gege's rating: 1386 &rarr; <strong>1361</strong><br />(-25 for losing)\n|l|\u2606chanmin\n|player|p1|\n|l|\u26063gege\n|player|p2|\n|l| p74\n",
  "uploadtime": 1776152707,
  "views": 12,
  "formatid": "gen9championsbssregma",
  "rating": 1327,
  "private": 0,
  "password": null
}