{
  "id": "gen9championsbssregma-2588613036",
  "format": "[Gen 9 Champions] BSS Reg M-A",
  "players": [
    "yoyotaka",
    "KevMev"
  ],
  "log": "|j|\u2606yoyotaka\n|j|\u2606KevMev\n|t:|1776650120\n|gametype|singles\n|player|p1|yoyotaka|169|1365\n|player|p2|KevMev|waiter-gen4|1435\n|gen|9\n|tier|[Gen 9 Champions] BSS Reg M-A\n|rated|\n|rule|Species Clause: Limit one of each Pok\u00e9mon\n|rule|Item Clause: Limit 1 of each item\n|clearpoke\n|poke|p1|Dragonite, L50, F|\n|poke|p1|Hippowdon, L50, M|\n|poke|p1|Primarina, L50, M|\n|poke|p1|Kangaskhan, L50, F|\n|poke|p1|Meowscarada, L50, M|\n|poke|p1|Corviknight, L50, M|\n|poke|p2|Floette-Eternal, L50, F|\n|poke|p2|Archaludon, L50, M, shiny|\n|poke|p2|Gyarados, L50, M, shiny|\n|poke|p2|Mimikyu, L50, M|\n|poke|p2|Hydreigon, L50, M|\n|poke|p2|Sneasler, L50, F, shiny|\n|teampreview|3\n|j| p74\n|\n|t:|1776650158\n|teamsize|p1|3\n|teamsize|p2|3\n|start\n|switch|p1a: Kangaskhan|Kangaskhan, L50, F|100/100\n|switch|p2a: Archaludon|Archaludon, L50, M, shiny|100/100\n|turn|1\n|\n|t:|1776650166\n|detailschange|p1a: Kangaskhan|Kangaskhan-Mega, L50, F\n|-mega|p1a: Kangaskhan|Kangaskhan|Kangaskhanite\n|move|p2a: Archaludon|Protect|p2a: Archaludon\n|-singleturn|p2a: Archaludon|Protect\n|move|p1a: Kangaskhan|Earthquake|p2a: Archaludon\n|-activate|p2a: Archaludon|move: Protect\n|\n|upkeep\n|turn|2\n|\n|t:|1776650178\n|move|p1a: Kangaskhan|Earthquake|p2a: Archaludon\n|-supereffective|p2a: Archaludon|1\n|-damage|p2a: Archaludon|44/100\n|-supereffective|p2a: Archaludon|1\n|-damage|p2a: Archaludon|31/100\n|-hitcount|p2a: Archaludon|2\n|move|p2a: Archaludon|Draco Meteor|p1a: Kangaskhan\n|-damage|p1a: Kangaskhan|34/100\n|-unboost|p2a: Archaludon|spa|2\n|\n|-heal|p2a: Archaludon|37/100|[from] item: Leftovers\n|upkeep\n|turn|3\n|\n|t:|1776650191\n|move|p2a: Archaludon|Protect|p2a: Archaludon\n|-singleturn|p2a: Archaludon|Protect\n|move|p1a: Kangaskhan|Earthquake|p2a: Archaludon\n|-activate|p2a: Archaludon|move: Protect\n|\n|-heal|p2a: Archaludon|43/100|[from] item: Leftovers\n|upkeep\n|turn|4\n|\n|t:|1776650200\n|switch|p2a: Floette|Floette-Eternal, L50, F|100/100\n|move|p1a: Kangaskhan|Earthquake|p2a: Floette\n|-damage|p2a: Floette|66/100\n|-damage|p2a: Floette|58/100\n|-hitcount|p2a: Floette|2\n|\n|upkeep\n|turn|5\n|\n|t:|1776650209\n|detailschange|p2a: Floette|Floette-Mega, L50, F\n|-mega|p2a: Floette|Floette|Floettite\n|-ability|p2a: Floette|Fairy Aura\n|move|p1a: Kangaskhan|Double-Edge|p2a: Floette\n|-damage|p2a: Floette|6/100\n|-damage|p2a: Floette|0 fnt\n|faint|p2a: Floette\n|-hitcount|p2: Floette|2\n|-damage|p1a: Kangaskhan|15/100|[from] Recoil\n|\n|upkeep\n|\n|t:|1776650214\n|switch|p2a: Sneasler|Sneasler, L50, F, shiny|100/100\n|turn|6\n|inactive|Battle timer is ON: inactive players will automatically lose when time's up. (requested by KevMev)\n|\n|t:|1776650232\n|switch|p1a: Corviknight|Corviknight, L50, M|100/100\n|move|p2a: Sneasler|Fake Out|p1a: Corviknight\n|-resisted|p1a: Corviknight|1\n|-crit|p1a: Corviknight\n|-damage|p1a: Corviknight|90/100\n|\n|upkeep\n|turn|7\n|\n|t:|1776650246\n|switch|p2a: Archaludon|Archaludon, L50, M, shiny|43/100\n|move|p1a: Corviknight|Brave Bird|p2a: Archaludon\n|-resisted|p2a: Archaludon|1\n|-damage|p2a: Archaludon|29/100\n|-damage|p1a: Corviknight|86/100|[from] Recoil\n|\n|-heal|p2a: Archaludon|35/100|[from] item: Leftovers\n|upkeep\n|turn|8\n|\n|t:|1776650256\n|switch|p1a: Kangaskhan|Kangaskhan-Mega, L50, F|15/100\n|move|p2a: Archaludon|Thunderbolt|p1a: Kangaskhan\n|-damage|p1a: Kangaskhan|0 fnt\n|faint|p1a: Kangaskhan\n|\n|-heal|p2a: Archaludon|41/100|[from] item: Leftovers\n|upkeep\n|\n|t:|1776650266\n|switch|p1a: Primarina|Primarina, L50, M|100/100\n|turn|9\n|\n|t:|1776650273\n|move|p2a: Archaludon|Protect|p2a: Archaludon\n|-singleturn|p2a: Archaludon|Protect\n|move|p1a: Primarina|Moonblast|p2a: Archaludon\n|-activate|p2a: Archaludon|move: Protect\n|\n|-heal|p2a: Archaludon|47/100|[from] item: Leftovers\n|upkeep\n|turn|10\n|\n|t:|1776650281\n|switch|p2a: Sneasler|Sneasler, L50, F, shiny|100/100\n|move|p1a: Primarina|Moonblast|p2a: Sneasler\n|-damage|p2a: Sneasler|32/100\n|\n|upkeep\n|turn|11\n|\n|t:|1776650291\n|move|p2a: Sneasler|Close Combat|p1a: Primarina\n|-resisted|p1a: Primarina|1\n|-damage|p1a: Primarina|60/100\n|-unboost|p2a: Sneasler|def|1\n|-unboost|p2a: Sneasler|spd|1\n|-status|p1a: Primarina|psn|[from] ability: Poison Touch|[of] p2a: Sneasler\n|move|p1a: Primarina|Moonblast|p2a: Sneasler\n|-damage|p2a: Sneasler|0 fnt\n|faint|p2a: Sneasler\n|\n|-heal|p1a: Primarina|66/100 psn|[from] item: Leftovers\n|-damage|p1a: Primarina|53/100 psn|[from] psn\n|upkeep\n|\n|t:|1776650298\n|switch|p2a: Archaludon|Archaludon, L50, M, shiny|47/100\n|turn|12\n|\n|t:|1776650309\n|move|p2a: Archaludon|Protect|p2a: Archaludon\n|-singleturn|p2a: Archaludon|Protect\n|move|p1a: Primarina|Moonblast|p2a: Archaludon\n|-activate|p2a: Archaludon|move: Protect\n|\n|-heal|p2a: Archaludon|53/100|[from] item: Leftovers\n|-heal|p1a: Primarina|59/100 psn|[from] item: Leftovers\n|-damage|p1a: Primarina|47/100 psn|[from] psn\n|upkeep\n|turn|13\n|\n|t:|1776650319\n|move|p2a: Archaludon|Thunderbolt|p1a: Primarina\n|-supereffective|p1a: Primarina|1\n|-damage|p1a: Primarina|0 fnt\n|faint|p1a: Primarina\n|\n|-heal|p2a: Archaludon|59/100|[from] item: Leftovers\n|upkeep\n|-message|yoyotaka forfeited.\n|\n|win|KevMev\n|raw|yoyotaka's rating: 1365 &rarr; <strong>1349</strong><br />(-16 for losing)\n|raw|KevMev's rating: 1435 &rarr; <strong>1451</strong><br />(+16 for winning)\n|l|\u2606yoyotaka\n|player|p1|\n|l|\u2606KevMev\n|player|p2|\n",
  "uploadtime": 1776650657,
  "views": 1,
  "formatid": "gen9championsbssregma",
  "rating": 1349,
  "private": 0,
  "password": null
}