{
  "id": "gen9championsbssregma-2580795306",
  "format": "[Gen 9 Champions] BSS Reg M-A",
  "players": [
    "OibOcd",
    "Dhuvanesh"
  ],
  "log": "|j|\u2606OibOcd\n|j|\u2606Dhuvanesh\n|inactive|Battle timer is ON: inactive players will automatically lose when time's up.\n|t:|1775933105\n|gametype|singles\n|player|p1|OibOcd|guzma|\n|player|p2|Dhuvanesh|169|\n|gen|9\n|tier|[Gen 9 Champions] BSS Reg M-A\n|rated|Tournament battle\n|rule|Species Clause: Limit one of each Pok\u00e9mon\n|rule|Item Clause: Limit 1 of each item\n|clearpoke\n|poke|p1|Snorlax, L50, F|\n|poke|p1|Corviknight, L50, F|\n|poke|p1|Abomasnow, L50, M|\n|poke|p1|Armarouge, L50, F|\n|poke|p1|Hydreigon, L50, F|\n|poke|p1|Primarina, L50, M|\n|poke|p2|Typhlosion-Hisui, L50, M|\n|poke|p2|Weavile, L50, M|\n|poke|p2|Charizard, L50, F|\n|poke|p2|Clefable, L50, F|\n|teampreview|3\n|inactive|OibOcd also wants the timer to be on.\n|inactive|Dhuvanesh also wants the timer to be on.\n|c|\u2606OibOcd|glhf\n|j| Mddudi\n|j| Zangoose360\n|\n|t:|1775933131\n|teamsize|p1|3\n|teamsize|p2|3\n|start\n|switch|p1a: Primarina|Primarina, L50, M|100/100\n|switch|p2a: Clefable|Clefable, L50, F|100/100\n|turn|1\n|c|\u2606Dhuvanesh|glhf\n|\n|t:|1775933142\n|move|p1a: Primarina|Moonblast|p2a: Clefable\n|-damage|p2a: Clefable|57/100\n|move|p2a: Clefable|Psychic|p1a: Primarina\n|-damage|p1a: Primarina|82/100\n|-unboost|p1a: Primarina|spd|1\n|\n|-heal|p2a: Clefable|63/100|[from] item: Leftovers\n|upkeep\n|turn|2\n|\n|t:|1775933152\n|switch|p1a: Snorlax|Snorlax, L50, F|100/100\n|move|p2a: Clefable|Moonblast|p1a: Snorlax\n|-damage|p1a: Snorlax|85/100\n|\n|-heal|p2a: Clefable|69/100|[from] item: Leftovers\n|upkeep\n|turn|3\n|j| TheNewBrends11@!\n|\n|t:|1775933161\n|move|p2a: Clefable|Icy Wind|p1a: Snorlax\n|-damage|p1a: Snorlax|82/100\n|-unboost|p1a: Snorlax|spe|1\n|move|p1a: Snorlax|Body Slam|p2a: Clefable\n|-damage|p2a: Clefable|40/100\n|\n|-heal|p2a: Clefable|46/100|[from] item: Leftovers\n|upkeep\n|turn|4\n|j|+AjTheEpic\n|\n|t:|1775933170\n|move|p2a: Clefable|Psychic|p1a: Snorlax\n|-damage|p1a: Snorlax|72/100\n|move|p1a: Snorlax|Body Slam|p2a: Clefable\n|-damage|p2a: Clefable|16/100\n|-status|p2a: Clefable|par\n|\n|-heal|p2a: Clefable|22/100 par|[from] item: Leftovers\n|upkeep\n|turn|5\n|\n|t:|1775933174\n|move|p2a: Clefable|Psychic|p1a: Snorlax\n|-damage|p1a: Snorlax|63/100\n|move|p1a: Snorlax|Body Slam|p2a: Clefable\n|-damage|p2a: Clefable|0 fnt\n|faint|p2a: Clefable\n|\n|upkeep\n|\n|t:|1775933179\n|switch|p2a: Weavile|Weavile, L50, M|100/100\n|-ability|p2a: Weavile|Pressure\n|turn|6\n|\n|t:|1775933186\n|move|p2a: Weavile|Knock Off|p1a: Snorlax\n|-damage|p1a: Snorlax|18/100\n|-enditem|p1a: Snorlax|Chesto Berry|[from] move: Knock Off|[of] p2a: Weavile\n|move|p1a: Snorlax|Body Slam|p2a: Weavile\n|-damage|p2a: Weavile|46/100\n|\n|upkeep\n|turn|7\n|\n|t:|1775933190\n|move|p2a: Weavile|Knock Off|p1a: Snorlax\n|-damage|p1a: Snorlax|0 fnt\n|faint|p1a: Snorlax\n|\n|upkeep\n|\n|t:|1775933194\n|switch|p1a: Primarina|Primarina, L50, M|82/100\n|turn|8\n|\n|t:|1775933206\n|move|p2a: Weavile|Knock Off|p1a: Primarina\n|-resisted|p1a: Primarina|1\n|-damage|p1a: Primarina|54/100\n|-enditem|p1a: Primarina|Sitrus Berry|[from] move: Knock Off|[of] p2a: Weavile\n|move|p1a: Primarina|Moonblast|p2a: Weavile\n|-supereffective|p2a: Weavile|1\n|-damage|p2a: Weavile|0 fnt\n|faint|p2a: Weavile\n|\n|upkeep\n|\n|t:|1775933209\n|switch|p2a: Charizard|Charizard, L50, F|100/100\n|turn|9\n|\n|t:|1775933213\n|detailschange|p2a: Charizard|Charizard-Mega-Y, L50, F\n|-mega|p2a: Charizard|Charizard|Charizardite Y\n|-weather|SunnyDay|[from] ability: Drought|[of] p2a: Charizard\n|move|p2a: Charizard|Solar Beam||[still]\n|-prepare|p2a: Charizard|Solar Beam\n|-anim|p2a: Charizard|Solar Beam|p1a: Primarina\n|-supereffective|p1a: Primarina|1\n|-damage|p1a: Primarina|0 fnt\n|faint|p1a: Primarina\n|\n|-weather|SunnyDay|[upkeep]\n|upkeep\n|l|+AjTheEpic\n|\n|t:|1775933219\n|switch|p1a: Hydreigon|Hydreigon, L50, F|100/100\n|turn|10\n|\n|t:|1775933227\n|move|p1a: Hydreigon|Draco Meteor|p2a: Charizard\n|-damage|p2a: Charizard|34/100\n|-unboost|p1a: Hydreigon|spa|2\n|move|p2a: Charizard|Air Slash|p1a: Hydreigon\n|-damage|p1a: Hydreigon|47/100\n|\n|-weather|SunnyDay|[upkeep]\n|upkeep\n|turn|11\n|j| kadur683\n|\n|t:|1775933238\n|move|p1a: Hydreigon|Draco Meteor|p2a: Charizard\n|-damage|p2a: Charizard|0 fnt\n|-unboost|p1a: Hydreigon|spa|2\n|faint|p2a: Charizard\n|\n|win|OibOcd\n|n|\u2606OibOcd|oibocd\n|n|\u2606Dhuvanesh|dhuvanesh\n|n| Mddudi|mddudi\n|n| Zangoose360|zangoose360\n|n| TheNewBrends11@!|thenewbrends11\n|n| kadur683|kadur683\n",
  "uploadtime": 1775933240,
  "views": 16,
  "formatid": "gen9championsbssregma",
  "rating": null,
  "private": 0,
  "password": null
}