{
  "id": "gen9championsbssregma-2580431516",
  "format": "[Gen 9 Champions] BSS Reg M-A",
  "players": [
    "Delibird Heart",
    "gamdung2"
  ],
  "log": "|j|\u2606Delibird Heart\n|j|\u2606gamdung2\n|t:|1775895533\n|gametype|singles\n|player|p1|Delibird Heart|#omclihearttakers|1045\n|player|p2|gamdung2|265|1040\n|gen|9\n|tier|[Gen 9 Champions] BSS Reg M-A\n|rated|\n|rule|Species Clause: Limit one of each Pok\u00e9mon\n|rule|Item Clause: Limit 1 of each item\n|clearpoke\n|poke|p1|Hatterene, L50, F|\n|poke|p1|Crabominable, L50, F|\n|poke|p1|Camerupt, L50, M|\n|poke|p1|Slowbro-Galar, L50, F|\n|poke|p1|Hydreigon, L50, F|\n|poke|p1|Aggron, L50, M|\n|poke|p2|Charizard, L50, M|\n|poke|p2|Glimmora, L50, F|\n|poke|p2|Aegislash, L50, M|\n|poke|p2|Gyarados, L50, M|\n|poke|p2|Mimikyu, L50, M|\n|poke|p2|Hippowdon, L50, M|\n|teampreview|3\n|inactive|Battle timer is ON: inactive players will automatically lose when time's up. (requested by Delibird Heart)\n|inactive|gamdung2 has 60 seconds left.\n|\n|t:|1775895577\n|teamsize|p1|3\n|teamsize|p2|3\n|start\n|switch|p1a: Hatterene|Hatterene, L50, F|100/100\n|switch|p2a: Hippowdon|Hippowdon, L50, M|100/100\n|-weather|Sandstorm|[from] ability: Sand Stream|[of] p2a: Hippowdon\n|turn|1\n|\n|t:|1775895586\n|move|p2a: Hippowdon|Earthquake|p1a: Hatterene\n|-damage|p1a: Hatterene|60/100\n|move|p1a: Hatterene|Trick Room|p1a: Hatterene\n|-fieldstart|move: Trick Room|[of] p1a: Hatterene\n|\n|-weather|Sandstorm|[upkeep]\n|-damage|p1a: Hatterene|54/100|[from] Sandstorm\n|upkeep\n|turn|2\n|\n|t:|1775895598\n|move|p1a: Hatterene|Psychic|p2a: Hippowdon\n|-damage|p2a: Hippowdon|52/100\n|move|p2a: Hippowdon|Stealth Rock|p1a: Hatterene\n|move|p1a: Hatterene|Stealth Rock|p2a: Hippowdon|[from] ability: Magic Bounce\n|-sidestart|p2: gamdung2|move: Stealth Rock\n|\n|-weather|Sandstorm|[upkeep]\n|-damage|p1a: Hatterene|48/100|[from] Sandstorm\n|upkeep\n|turn|3\n|\n|t:|1775895609\n|move|p1a: Hatterene|Misty Explosion|p2a: Hippowdon\n|-damage|p2a: Hippowdon|0 fnt\n|faint|p1a: Hatterene\n|faint|p2a: Hippowdon\n|\n|-weather|Sandstorm|[upkeep]\n|upkeep\n|\n|t:|1775895619\n|switch|p1a: Crabominable|Crabominable, L50, F|100/100\n|switch|p2a: Glimmora|Glimmora, L50, F, shiny|100/100\n|-damage|p2a: Glimmora|88/100|[from] Stealth Rock\n|turn|4\n|\n|t:|1775895629\n|detailschange|p1a: Crabominable|Crabominable-Mega, L50, F\n|-mega|p1a: Crabominable|Crabominable|Crabominite\n|move|p1a: Crabominable|Ice Hammer|p2a: Glimmora\n|-damage|p2a: Glimmora|8/100\n|-unboost|p1a: Crabominable|spe|1\n|-activate|p2a: Glimmora|ability: Toxic Debris\n|-sidestart|p1: Delibird Heart|move: Toxic Spikes\n|move|p2a: Glimmora|Mortal Spin|p1a: Crabominable\n|-damage|p1a: Crabominable|96/100\n|-status|p1a: Crabominable|psn\n|-sideend|p2: gamdung2|Stealth Rock|[from] move: Mortal Spin|[of] p2a: Glimmora\n|\n|-weather|Sandstorm|[upkeep]\n|-damage|p1a: Crabominable|90/100 psn|[from] Sandstorm\n|-damage|p1a: Crabominable|77/100 psn|[from] psn\n|upkeep\n|turn|5\n|\n|t:|1775895649\n|move|p1a: Crabominable|Drain Punch|p2a: Glimmora\n|-damage|p2a: Glimmora|0 fnt\n|-heal|p1a: Crabominable|81/100 psn|[from] drain|[of] p2a: Glimmora\n|-activate|p2a: Glimmora|ability: Toxic Debris\n|-sidestart|p1: Delibird Heart|move: Toxic Spikes\n|faint|p2a: Glimmora\n|\n|-weather|none\n|-damage|p1a: Crabominable|69/100 psn|[from] psn\n|-fieldend|move: Trick Room\n|upkeep\n|\n|t:|1775895659\n|switch|p2a: Aegislash|Aegislash, L50, M|100/100\n|turn|6\n|\n|t:|1775895665\n|move|p2a: Aegislash|King's Shield|p2a: Aegislash\n|-singleturn|p2a: Aegislash|Protect\n|move|p1a: Crabominable|Bulk Up|p1a: Crabominable\n|-boost|p1a: Crabominable|atk|1\n|-boost|p1a: Crabominable|def|1\n|\n|-damage|p1a: Crabominable|57/100 psn|[from] psn\n|upkeep\n|turn|7\n|\n|t:|1775895682\n|-formechange|p2a: Aegislash|Aegislash-Blade|\n|move|p2a: Aegislash|Poltergeist|p1a: Crabominable|[miss]\n|-miss|p2a: Aegislash|p1a: Crabominable\n|move|p1a: Crabominable|Thunder Punch|p2a: Aegislash\n|-damage|p2a: Aegislash|0 fnt\n|faint|p2a: Aegislash\n|\n|win|Delibird Heart\n|raw|Delibird Heart's rating: 1045 &rarr; <strong>1078</strong><br />(+33 for winning)\n|raw|gamdung2's rating: 1040 &rarr; <strong>1024</strong><br />(-16 for losing)\n|l|\u2606gamdung2\n|player|p2|\n",
  "uploadtime": 1775895689,
  "views": 29,
  "formatid": "gen9championsbssregma",
  "rating": 1024,
  "private": 0,
  "password": null
}