{
  "id": "gen9championsbssregma-2587292327",
  "format": "[Gen 9 Champions] BSS Reg M-A",
  "players": [
    "hoshigumo1101",
    "git_iger"
  ],
  "log": "|j|\u2606hoshigumo1101\n|j|\u2606git_iger\n|t:|1776519012\n|gametype|singles\n|player|p1|hoshigumo1101|acetrainerf|1320\n|player|p2|git_iger|lucas|1325\n|gen|9\n|tier|[Gen 9 Champions] BSS Reg M-A\n|rated|\n|rule|Species Clause: Limit one of each Pok\u00e9mon\n|rule|Item Clause: Limit 1 of each item\n|clearpoke\n|poke|p1|Kingambit, L50, M|\n|poke|p1|Delphox, L50, M|\n|poke|p1|Hippowdon, L50, M|\n|poke|p1|Lucario, L50, F|\n|poke|p1|Basculegion, L50, M|\n|poke|p1|Mamoswine, L50, F|\n|poke|p2|Garchomp, L50, F|\n|poke|p2|Floette-Eternal, L50, F|\n|poke|p2|Delphox, L50, M|\n|poke|p2|Toxapex, L50, F|\n|poke|p2|Umbreon, L50, M|\n|poke|p2|Basculegion, L50, M|\n|teampreview|3\n|inactive|Battle timer is ON: inactive players will automatically lose when time's up. (requested by hoshigumo1101)\n|\n|t:|1776519053\n|teamsize|p1|3\n|teamsize|p2|3\n|start\n|switch|p1a: Basculegion|Basculegion, L50, M|100/100\n|switch|p2a: Basculegion|Basculegion, L50, M|100/100\n|turn|1\n|\n|t:|1776519063\n|move|p1a: Basculegion|Last Respects|p2a: Basculegion\n|-supereffective|p2a: Basculegion|1\n|-damage|p2a: Basculegion|15/100\n|move|p2a: Basculegion|Flip Turn|p1a: Basculegion\n|-resisted|p1a: Basculegion|1\n|-damage|p1a: Basculegion|75/100\n|\n|t:|1776519076\n|switch|p2a: Umbreon|Umbreon, L50, M|100/100|[from] Flip Turn\n|\n|upkeep\n|turn|2\n|\n|t:|1776519082\n|switch|p1a: Mamoswine|Mamoswine, L50, F|100/100\n|move|p2a: Umbreon|Foul Play|p1a: Mamoswine\n|-damage|p1a: Mamoswine|37/100\n|\n|upkeep\n|turn|3\n|\n|t:|1776519091\n|move|p1a: Mamoswine|Endeavor|p2a: Umbreon\n|-damage|p2a: Umbreon|35/100\n|move|p2a: Umbreon|Foul Play|p1a: Mamoswine\n|-damage|p1a: Mamoswine|0 fnt\n|faint|p1a: Mamoswine\n|\n|-heal|p2a: Umbreon|41/100|[from] item: Leftovers\n|upkeep\n|\n|t:|1776519095\n|switch|p1a: Lucario|Lucario, L50, F|100/100\n|turn|4\n|\n|t:|1776519111\n|detailschange|p1a: Lucario|Lucario-Mega, L50, F\n|-mega|p1a: Lucario|Lucario|Lucarionite\n|move|p1a: Lucario|Flash Cannon|p2a: Umbreon\n|-damage|p2a: Umbreon|0 fnt\n|faint|p2a: Umbreon\n|\n|upkeep\n|\n|t:|1776519126\n|switch|p2a: Basculegion|Basculegion, L50, M|15/100\n|turn|5\n|\n|t:|1776519132\n|move|p2a: Basculegion|Last Respects|p1a: Lucario\n|-damage|p1a: Lucario|19/100\n|move|p1a: Lucario|Flash Cannon|p2a: Basculegion\n|-resisted|p2a: Basculegion|1\n|-damage|p2a: Basculegion|0 fnt\n|faint|p2a: Basculegion\n|\n|upkeep\n|\n|t:|1776519140\n|switch|p2a: Floette|Floette-Eternal, L50, F|100/100\n|turn|6\n|\n|t:|1776519150\n|detailschange|p2a: Floette|Floette-Mega, L50, F\n|-mega|p2a: Floette|Floette|Floettite\n|-ability|p2a: Floette|Fairy Aura\n|move|p1a: Lucario|Flash Cannon|p2a: Floette\n|-supereffective|p2a: Floette|1\n|-damage|p2a: Floette|10/100\n|move|p2a: Floette|Draining Kiss|p1a: Lucario\n|-damage|p1a: Lucario|0 fnt\n|-heal|p2a: Floette|21/100|[from] drain|[of] p1a: Lucario\n|faint|p1a: Lucario\n|\n|upkeep\n|\n|t:|1776519153\n|switch|p1a: Basculegion|Basculegion, L50, M|75/100\n|turn|7\n|\n|t:|1776519165\n|move|p1a: Basculegion|Last Respects|p2a: Floette\n|-damage|p2a: Floette|0 fnt\n|faint|p2a: Floette\n|\n|win|hoshigumo1101\n|raw|hoshigumo1101's rating: 1320 &rarr; <strong>1340</strong><br />(+20 for winning)\n|raw|git_iger's rating: 1325 &rarr; <strong>1305</strong><br />(-20 for losing)\n",
  "uploadtime": 1776519174,
  "views": 13,
  "formatid": "gen9championsbssregma",
  "rating": 1305,
  "private": 0,
  "password": null
}