{
  "id": "gen9championsbssregma-2588864443",
  "format": "[Gen 9 Champions] BSS Reg M-A",
  "players": [
    "Bbbkty",
    "GrandMastahMike"
  ],
  "log": "|j|\u2606Bbbkty\n|j|\u2606GrandMastahMike\n|t:|1776680049\n|gametype|singles\n|player|p1|Bbbkty|1|1117\n|player|p2|GrandMastahMike|ethan|1060\n|gen|9\n|tier|[Gen 9 Champions] BSS Reg M-A\n|rated|\n|rule|Species Clause: Limit one of each Pok\u00e9mon\n|rule|Item Clause: Limit 1 of each item\n|clearpoke\n|poke|p1|Clefable, L50, M|\n|poke|p1|Charizard, L50, F|\n|poke|p1|Mimikyu, L50, M|\n|poke|p1|Kingambit, L50, M|\n|poke|p1|Espathra, L50, F|\n|poke|p1|Glimmora, L50, F|\n|poke|p2|Gengar, L50, M|\n|poke|p2|Garchomp, L50, M|\n|poke|p2|Sneasler, L50, F|\n|poke|p2|Volcarona, L50, M|\n|poke|p2|Meganium, L50, M|\n|poke|p2|Corviknight, L50, M|\n|teampreview|3\n|inactive|Battle timer is ON: inactive players will automatically lose when time's up. (requested by Bbbkty)\n|inactive|GrandMastahMike has 60 seconds left.\n|\n|t:|1776680097\n|teamsize|p1|3\n|teamsize|p2|3\n|start\n|switch|p1a: Glimmora|Glimmora, L50, F|100/100\n|switch|p2a: Garchomp|Garchomp, L50, M|100/100\n|turn|1\n|\n|t:|1776680106\n|move|p2a: Garchomp|Earthquake|p1a: Glimmora\n|-supereffective|p1a: Glimmora|2\n|-enditem|p1a: Glimmora|Focus Sash\n|-damage|p1a: Glimmora|1/100\n|-activate|p1a: Glimmora|ability: Toxic Debris\n|-sidestart|p2: GrandMastahMike|move: Toxic Spikes\n|move|p1a: Glimmora|Stealth Rock|p2a: Garchomp\n|-sidestart|p2: GrandMastahMike|move: Stealth Rock\n|\n|upkeep\n|turn|2\n|inactive|GrandMastahMike has 30 seconds left.\n|inactive|GrandMastahMike has 20 seconds left.\n|inactive|GrandMastahMike has 15 seconds left.\n|\n|t:|1776680148\n|move|p2a: Garchomp|Earthquake|p1a: Glimmora\n|-supereffective|p1a: Glimmora|2\n|-damage|p1a: Glimmora|0 fnt\n|-activate|p1a: Glimmora|ability: Toxic Debris\n|-sidestart|p2: GrandMastahMike|move: Toxic Spikes\n|faint|p1a: Glimmora\n|\n|upkeep\n|\n|t:|1776680164\n|switch|p1a: Espathra|Espathra, L50, F|100/100\n|turn|3\n|\n|t:|1776680172\n|move|p1a: Espathra|Protect|p1a: Espathra\n|-singleturn|p1a: Espathra|Protect\n|move|p2a: Garchomp|Earthquake|p1a: Espathra\n|-activate|p1a: Espathra|move: Protect\n|\n|-ability|p1a: Espathra|Speed Boost|boost\n|-boost|p1a: Espathra|spe|1\n|upkeep\n|turn|4\n|inactive|Bbbkty has 30 seconds left.\n|\n|t:|1776680199\n|move|p1a: Espathra|Calm Mind|p1a: Espathra\n|-boost|p1a: Espathra|spa|1\n|-boost|p1a: Espathra|spd|1\n|move|p2a: Garchomp|Earthquake|p1a: Espathra\n|-damage|p1a: Espathra|34/100\n|-enditem|p1a: Espathra|Sitrus Berry|[eat]\n|-heal|p1a: Espathra|59/100|[from] item: Sitrus Berry\n|\n|-ability|p1a: Espathra|Speed Boost|boost\n|-boost|p1a: Espathra|spe|1\n|upkeep\n|turn|5\n|\n|t:|1776680208\n|move|p1a: Espathra|Protect|p1a: Espathra\n|-singleturn|p1a: Espathra|Protect\n|move|p2a: Garchomp|Earthquake|p1a: Espathra\n|-activate|p1a: Espathra|move: Protect\n|\n|-ability|p1a: Espathra|Speed Boost|boost\n|-boost|p1a: Espathra|spe|1\n|upkeep\n|turn|6\n|\n|t:|1776680213\n|move|p1a: Espathra|Baton Pass|p1a: Espathra\n|\n|t:|1776680215\n|switch|p1a: Clefable|Clefable, L50, M|100/100|[from] Baton Pass\n|move|p2a: Garchomp|Earthquake|p1a: Clefable\n|-damage|p1a: Clefable|57/100\n|\n|upkeep\n|turn|7\n|\n|t:|1776680222\n|detailschange|p1a: Clefable|Clefable-Mega, L50, M\n|-mega|p1a: Clefable|Clefable|Clefablite\n|move|p2a: Garchomp|Earthquake|p1a: Clefable\n|-immune|p1a: Clefable\n|move|p1a: Clefable|Cosmic Power|p1a: Clefable\n|-boost|p1a: Clefable|def|1\n|-boost|p1a: Clefable|spd|1\n|\n|upkeep\n|turn|8\n|\n|t:|1776680230\n|switch|p2a: Sneasler|Sneasler, L50, F|100/100\n|-sideend|p2: GrandMastahMike|move: Toxic Spikes|[of] p2a: Sneasler\n|-damage|p2a: Sneasler|95/100|[from] Stealth Rock\n|move|p1a: Clefable|Moonblast|p2a: Sneasler\n|-damage|p2a: Sneasler|5/100\n|\n|upkeep\n|turn|9\n|\n|t:|1776680237\n|move|p2a: Sneasler|Fake Out|p1a: Clefable\n|-damage|p1a: Clefable|51/100\n|cant|p1a: Clefable|flinch\n|\n|upkeep\n|turn|10\n|\n|t:|1776680239\n|move|p1a: Clefable|Moonlight|p1a: Clefable\n|-heal|p1a: Clefable|100/100\n|move|p2a: Sneasler|Dire Claw|p1a: Clefable\n|-supereffective|p1a: Clefable|1\n|-damage|p1a: Clefable|64/100\n|\n|upkeep\n|turn|11\n|\n|t:|1776680245\n|move|p1a: Clefable|Moonblast|p2a: Sneasler\n|-damage|p2a: Sneasler|0 fnt\n|faint|p2a: Sneasler\n|\n|upkeep\n|\n|t:|1776680248\n|switch|p2a: Garchomp|Garchomp, L50, M|100/100\n|-damage|p2a: Garchomp|95/100|[from] Stealth Rock\n|turn|12\n|\n|t:|1776680257\n|move|p2a: Garchomp|Rock Slide|p1a: Clefable\n|-supereffective|p1a: Clefable|1\n|-damage|p1a: Clefable|40/100\n|cant|p1a: Clefable|flinch\n|\n|upkeep\n|turn|13\n|\n|t:|1776680261\n|move|p2a: Garchomp|Rock Slide|p1a: Clefable\n|-supereffective|p1a: Clefable|1\n|-damage|p1a: Clefable|17/100\n|cant|p1a: Clefable|flinch\n|\n|upkeep\n|turn|14\n|\n|t:|1776680270\n|move|p2a: Garchomp|Rock Slide|p1a: Clefable\n|-supereffective|p1a: Clefable|1\n|-damage|p1a: Clefable|0 fnt\n|faint|p1a: Clefable\n|\n|upkeep\n|\n|t:|1776680273\n|switch|p1a: Espathra|Espathra, L50, F|59/100\n|turn|15\n|\n|t:|1776680275\n|move|p1a: Espathra|Protect|p1a: Espathra\n|-singleturn|p1a: Espathra|Protect\n|move|p2a: Garchomp|Rock Slide|p1a: Espathra\n|-activate|p1a: Espathra|move: Protect\n|\n|-ability|p1a: Espathra|Speed Boost|boost\n|-boost|p1a: Espathra|spe|1\n|upkeep\n|turn|16\n|\n|t:|1776680278\n|move|p1a: Espathra|Calm Mind|p1a: Espathra\n|-boost|p1a: Espathra|spa|1\n|-boost|p1a: Espathra|spd|1\n|move|p2a: Garchomp|Rock Slide|p1a: Espathra|[miss]\n|-miss|p2a: Garchomp|p1a: Espathra\n|\n|-ability|p1a: Espathra|Speed Boost|boost\n|-boost|p1a: Espathra|spe|1\n|upkeep\n|turn|17\n|\n|t:|1776680282\n|move|p1a: Espathra|Protect|p1a: Espathra\n|-singleturn|p1a: Espathra|Protect\n|move|p2a: Garchomp|Rock Slide|p1a: Espathra\n|-activate|p1a: Espathra|move: Protect\n|\n|-ability|p1a: Espathra|Speed Boost|boost\n|-boost|p1a: Espathra|spe|1\n|upkeep\n|turn|18\n|\n|t:|1776680286\n|move|p1a: Espathra|Lumina Crash|p2a: Garchomp\n|-damage|p2a: Garchomp|50/100\n|-unboost|p2a: Garchomp|spd|2\n|move|p2a: Garchomp|Rock Slide|p1a: Espathra\n|-damage|p1a: Espathra|26/100\n|\n|-ability|p1a: Espathra|Speed Boost|boost\n|-boost|p1a: Espathra|spe|1\n|upkeep\n|turn|19\n|\n|t:|1776680290\n|move|p1a: Espathra|Lumina Crash|p2a: Garchomp\n|-damage|p2a: Garchomp|0 fnt\n|faint|p2a: Garchomp\n|\n|-ability|p1a: Espathra|Speed Boost|boost\n|-boost|p1a: Espathra|spe|1\n|upkeep\n|\n|t:|1776680292\n|switch|p2a: Gengar|Gengar, L50, M|100/100\n|-damage|p2a: Gengar|88/100|[from] Stealth Rock\n|turn|20\n|\n|t:|1776680296\n|detailschange|p2a: Gengar|Gengar-Mega, L50, M\n|-mega|p2a: Gengar|Gengar|Gengarite\n|move|p1a: Espathra|Lumina Crash|p2a: Gengar\n|-supereffective|p2a: Gengar|1\n|-damage|p2a: Gengar|0 fnt\n|faint|p2a: Gengar\n|\n|win|Bbbkty\n|raw|Bbbkty's rating: 1117 &rarr; <strong>1138</strong><br />(+21 for winning)\n|raw|GrandMastahMike's rating: 1060 &rarr; <strong>1044</strong><br />(-16 for losing)\n|l|\u2606GrandMastahMike\n|player|p2|\n",
  "uploadtime": 1776680300,
  "views": 1,
  "formatid": "gen9championsbssregma",
  "rating": 1044,
  "private": 0,
  "password": null
}