{
  "id": "gen9championsbssregma-2582078728",
  "format": "[Gen 9 Champions] BSS Reg M-A",
  "players": [
    "karbain",
    "Tdit The Dwarf"
  ],
  "log": "|j|\u2606karbain\n|j|\u2606Tdit The Dwarf\n|t:|1776055197\n|gametype|singles\n|player|p1|karbain|170|1199\n|player|p2|Tdit The Dwarf|petrel|1120\n|gen|9\n|tier|[Gen 9 Champions] BSS Reg M-A\n|rated|\n|rule|Species Clause: Limit one of each Pok\u00e9mon\n|rule|Item Clause: Limit 1 of each item\n|clearpoke\n|poke|p1|Basculegion, L50, M|\n|poke|p1|Delphox, L50, M|\n|poke|p1|Lopunny, L50, M|\n|poke|p1|Corviknight, L50, M|\n|poke|p1|Bellibolt, L50, M|\n|poke|p1|Garchomp, L50, F|\n|poke|p2|Charizard, L50, M|\n|poke|p2|Ditto, L50|\n|poke|p2|Blastoise, L50, M|\n|poke|p2|Espathra, L50, M|\n|poke|p2|Rotom-Wash, L50|\n|poke|p2|Aegislash, L50, M|\n|teampreview|3\n|\n|t:|1776055248\n|teamsize|p1|3\n|teamsize|p2|3\n|start\n|switch|p1a: Delphox|Delphox, L50, M|100/100\n|switch|p2a: Blastoise|Blastoise, L50, M|100/100\n|turn|1\n|inactive|Battle timer is ON: inactive players will automatically lose when time's up. (requested by karbain)\n|\n|t:|1776055285\n|detailschange|p1a: Delphox|Delphox-Mega, L50, M\n|-mega|p1a: Delphox|Delphox|Delphoxite\n|detailschange|p2a: Blastoise|Blastoise-Mega, L50, M\n|-mega|p2a: Blastoise|Blastoise|Blastoisinite\n|move|p1a: Delphox|Substitute|p1a: Delphox\n|-start|p1a: Delphox|Substitute\n|-damage|p1a: Delphox|76/100\n|move|p2a: Blastoise|Shell Smash|p2a: Blastoise\n|-unboost|p2a: Blastoise|def|1\n|-unboost|p2a: Blastoise|spd|1\n|-boost|p2a: Blastoise|atk|2\n|-boost|p2a: Blastoise|spa|2\n|-boost|p2a: Blastoise|spe|2\n|\n|upkeep\n|turn|2\n|\n|t:|1776055296\n|move|p2a: Blastoise|Surf|p1a: Delphox\n|-supereffective|p1a: Delphox|1\n|-end|p1a: Delphox|Substitute\n|move|p1a: Delphox|Psyshock|p2a: Blastoise\n|-damage|p2a: Blastoise|35/100\n|\n|upkeep\n|turn|3\n|\n|t:|1776055310\n|switch|p1a: Bellibolt|Bellibolt, L50, M|100/100\n|move|p2a: Blastoise|Surf|p1a: Bellibolt\n|-damage|p1a: Bellibolt|7/100\n|-start|p1a: Bellibolt|Charge|Surf|[from] ability: Electromorphosis\n|-enditem|p1a: Bellibolt|Sitrus Berry|[eat]\n|-heal|p1a: Bellibolt|32/100|[from] item: Sitrus Berry\n|\n|upkeep\n|turn|4\n|\n|t:|1776055319\n|move|p1a: Bellibolt|Sucker Punch|p2a: Blastoise\n|-damage|p2a: Blastoise|20/100\n|move|p2a: Blastoise|Surf|p1a: Bellibolt\n|-damage|p1a: Bellibolt|0 fnt\n|faint|p1a: Bellibolt\n|\n|upkeep\n|\n|t:|1776055325\n|switch|p1a: Garchomp|Garchomp, L50, F|100/100\n|turn|5\n|\n|t:|1776055328\n|move|p2a: Blastoise|Ice Beam|p1a: Garchomp\n|-supereffective|p1a: Garchomp|2\n|-enditem|p1a: Garchomp|Focus Sash\n|-damage|p1a: Garchomp|1/100\n|move|p1a: Garchomp|Scale Shot|p2a: Blastoise\n|-damage|p2a: Blastoise|0 fnt\n|faint|p2a: Blastoise\n|-hitcount|p2: Blastoise|1\n|-unboost|p1a: Garchomp|def|1\n|-boost|p1a: Garchomp|spe|1\n|\n|upkeep\n|\n|t:|1776055348\n|switch|p2a: Ditto|Ditto, L50|100/100\n|-transform|p2a: Ditto|p1a: Garchomp|[from] ability: Imposter\n|turn|6\n|\n|t:|1776055355\n|move|p2a: Ditto|Earthquake|p1a: Garchomp\n|-damage|p1a: Garchomp|0 fnt\n|faint|p1a: Garchomp\n|\n|upkeep\n|\n|t:|1776055359\n|switch|p1a: Delphox|Delphox-Mega, L50, M|76/100\n|turn|7\n|c|\u2606Tdit The Dwarf|You fought well, but it's over\n|\n|t:|1776055363\n|move|p2a: Ditto|Earthquake|p1a: Delphox\n|-immune|p1a: Delphox|[from] ability: Levitate\n|move|p1a: Delphox|Substitute|p1a: Delphox\n|-start|p1a: Delphox|Substitute\n|-damage|p1a: Delphox|51/100\n|\n|upkeep\n|turn|8\n|c|\u2606Tdit The Dwarf|Omg\n|\n|t:|1776055371\n|switch|p2a: Aegislash|Aegislash, L50, M|100/100\n|move|p1a: Delphox|Psyshock|p2a: Aegislash\n|-resisted|p2a: Aegislash|1\n|-damage|p2a: Aegislash|83/100\n|\n|-heal|p2a: Aegislash|89/100|[from] item: Leftovers\n|upkeep\n|turn|9\n|\n|t:|1776055380\n|move|p1a: Delphox|Flamethrower|p2a: Aegislash\n|-supereffective|p2a: Aegislash|1\n|-damage|p2a: Aegislash|5/100\n|-formechange|p2a: Aegislash|Aegislash-Blade|\n|move|p2a: Aegislash|Shadow Ball|p1a: Delphox\n|-supereffective|p1a: Delphox|1\n|-end|p1a: Delphox|Substitute\n|\n|-heal|p2a: Aegislash|11/100|[from] item: Leftovers\n|upkeep\n|turn|10\n|\n|t:|1776055391\n|move|p1a: Delphox|Flamethrower|p2a: Aegislash\n|-supereffective|p2a: Aegislash|1\n|-damage|p2a: Aegislash|0 fnt\n|faint|p2a: Aegislash\n|\n|upkeep\n|\n|t:|1776055395\n|switch|p2a: Ditto|Ditto, L50|100/100\n|-transform|p2a: Ditto|p1a: Delphox|[from] ability: Imposter\n|turn|11\n|\n|t:|1776055413\n|move|p2a: Ditto|Psyshock|p1a: Delphox\n|-resisted|p1a: Delphox|1\n|-damage|p1a: Delphox|14/100\n|move|p1a: Delphox|Psyshock|p2a: Ditto\n|-resisted|p2a: Ditto|1\n|-damage|p2a: Ditto|64/100\n|\n|upkeep\n|turn|12\n|\n|t:|1776055420\n|move|p2a: Ditto|Psyshock|p1a: Delphox\n|-resisted|p1a: Delphox|1\n|-damage|p1a: Delphox|0 fnt\n|faint|p1a: Delphox\n|\n|win|Tdit The Dwarf\n|raw|karbain's rating: 1199 &rarr; <strong>1168</strong><br />(-31 for losing)\n|raw|Tdit The Dwarf's rating: 1120 &rarr; <strong>1151</strong><br />(+31 for winning)\n|l|\u2606karbain\n|player|p1|\n",
  "uploadtime": 1776055425,
  "views": 4,
  "formatid": "gen9championsbssregma",
  "rating": 1151,
  "private": 0,
  "password": null
}