{
  "id": "gen9championsbssregma-2588315340",
  "format": "[Gen 9 Champions] BSS Reg M-A",
  "players": [
    "qweralt",
    "Fsief"
  ],
  "log": "|j|\u2606qweralt\n|j|\u2606Fsief\n|t:|1776623428\n|gametype|singles\n|player|p1|qweralt|boarder|1205\n|player|p2|Fsief|169|1133\n|gen|9\n|tier|[Gen 9 Champions] BSS Reg M-A\n|rated|\n|rule|Species Clause: Limit one of each Pok\u00e9mon\n|rule|Item Clause: Limit 1 of each item\n|clearpoke\n|poke|p1|Delphox, L50, M|\n|poke|p1|Hatterene, L50, F|\n|poke|p1|Weavile, L50, M|\n|poke|p1|Volcarona, L50, F|\n|poke|p1|Garchomp, L50, M|\n|poke|p1|Rotom-Wash, L50|\n|poke|p2|Aggron, L50, F|\n|poke|p2|Sylveon, L50, F|\n|poke|p2|Manectric, L50, F|\n|poke|p2|Ceruledge, L50, F|\n|poke|p2|Gyarados, L50, M|\n|poke|p2|Hydreigon, L50, F|\n|teampreview|3\n|inactive|Battle timer is ON: inactive players will automatically lose when time's up. (requested by Fsief)\n|\n|t:|1776623476\n|teamsize|p1|3\n|teamsize|p2|3\n|start\n|switch|p1a: Garchomp|Garchomp, L50, M|100/100\n|switch|p2a: Aggron|Aggron, L50, F|100/100\n|turn|1\n|\n|t:|1776623490\n|detailschange|p2a: Aggron|Aggron-Mega, L50, F\n|-mega|p2a: Aggron|Aggron|Aggronite\n|move|p1a: Garchomp|Earthquake|p2a: Aggron\n|-supereffective|p2a: Aggron|1\n|-damage|p2a: Aggron|67/100\n|move|p2a: Aggron|Iron Defense|p2a: Aggron\n|-boost|p2a: Aggron|def|2\n|\n|upkeep\n|turn|2\n|\n|t:|1776623497\n|switch|p1a: Volcarona|Volcarona, L50, F|100/100\n|move|p2a: Aggron|Body Press|p1a: Volcarona\n|-resisted|p1a: Volcarona|1\n|-damage|p1a: Volcarona|34/100\n|\n|upkeep\n|turn|3\n|\n|t:|1776623511\n|move|p1a: Volcarona|Flamethrower|p2a: Aggron\n|-supereffective|p2a: Aggron|1\n|-damage|p2a: Aggron|2/100\n|move|p2a: Aggron|Body Press|p1a: Volcarona\n|-resisted|p1a: Volcarona|1\n|-damage|p1a: Volcarona|0 fnt\n|faint|p1a: Volcarona\n|\n|upkeep\n|\n|t:|1776623526\n|switch|p1a: Weavile|Weavile, L50, M|100/100\n|-ability|p1a: Weavile|Pressure\n|turn|4\n|\n|t:|1776623540\n|move|p1a: Weavile|Knock Off|p2a: Aggron\n|-damage|p2a: Aggron|0 fnt\n|faint|p2a: Aggron\n|\n|upkeep\n|\n|t:|1776623543\n|switch|p2a: Ceruledge|Ceruledge, L50, F|100/100\n|turn|5\n|inactive|qweralt has 30 seconds left.\n|\n|t:|1776623570\n|switch|p1a: Garchomp|Garchomp, L50, M|100/100\n|move|p2a: Ceruledge|Bitter Blade|p1a: Garchomp\n|-resisted|p1a: Garchomp|1\n|-damage|p1a: Garchomp|74/100\n|-damage|p2a: Ceruledge|88/100|[from] ability: Rough Skin|[of] p1a: Garchomp\n|\n|upkeep\n|turn|6\n|\n|t:|1776623588\n|move|p2a: Ceruledge|Shadow Sneak|p1a: Garchomp\n|-damage|p1a: Garchomp|51/100\n|-damage|p2a: Ceruledge|76/100|[from] ability: Rough Skin|[of] p1a: Garchomp\n|move|p1a: Garchomp|Stealth Rock|p2a: Ceruledge\n|-sidestart|p2: Fsief|move: Stealth Rock\n|\n|upkeep\n|turn|7\n|\n|t:|1776623597\n|move|p1a: Garchomp|Stealth Rock||[still]\n|-fail|p1a: Garchomp\n|move|p2a: Ceruledge|Poltergeist|p1a: Garchomp\n|-activate|p1a: Garchomp|move: Poltergeist|Choice Scarf\n|-damage|p1a: Garchomp|0 fnt\n|faint|p1a: Garchomp\n|\n|upkeep\n|\n|t:|1776623599\n|switch|p1a: Weavile|Weavile, L50, M|100/100\n|-ability|p1a: Weavile|Pressure\n|turn|8\n|\n|t:|1776623609\n|move|p2a: Ceruledge|Shadow Sneak|p1a: Weavile\n|-resisted|p1a: Weavile|1\n|-damage|p1a: Weavile|82/100\n|move|p1a: Weavile|Swords Dance|p1a: Weavile\n|-boost|p1a: Weavile|atk|2\n|\n|upkeep\n|turn|9\n|\n|t:|1776623614\n|move|p1a: Weavile|Knock Off|p2a: Ceruledge\n|-supereffective|p2a: Ceruledge|1\n|-damage|p2a: Ceruledge|0 fnt\n|-enditem|p2a: Ceruledge|Focus Sash|[from] move: Knock Off|[of] p1a: Weavile\n|faint|p2a: Ceruledge\n|\n|upkeep\n|\n|t:|1776623616\n|switch|p2a: Sylveon|Sylveon, L50, F|100/100\n|-damage|p2a: Sylveon|88/100|[from] Stealth Rock\n|turn|10\n|\n|t:|1776623621\n|move|p1a: Weavile|Triple Axel|p2a: Sylveon\n|-damage|p2a: Sylveon|58/100\n|-damage|p2a: Sylveon|0 fnt\n|faint|p2a: Sylveon\n|-hitcount|p2: Sylveon|2\n|\n|win|qweralt\n|raw|qweralt's rating: 1222 &rarr; <strong>1241</strong><br />(+19 for winning)\n|raw|Fsief's rating: 1133 &rarr; <strong>1114</strong><br />(-19 for losing)\n",
  "uploadtime": 1776623626,
  "views": 1,
  "formatid": "gen9championsbssregma",
  "rating": 1114,
  "private": 0,
  "password": null
}