{
  "id": "gen9championsbssregma-2585335030",
  "format": "[Gen 9 Champions] BSS Reg M-A",
  "players": [
    "DiceyRice",
    "Oshawottpoke"
  ],
  "log": "|j|\u2606DiceyRice\n|j|\u2606Oshawottpoke\n|t:|1776338910\n|gametype|singles\n|player|p1|DiceyRice|miku-ghost|1354\n|player|p2|Oshawottpoke|265|1459\n|gen|9\n|tier|[Gen 9 Champions] BSS Reg M-A\n|rated|\n|rule|Species Clause: Limit one of each Pok\u00e9mon\n|rule|Item Clause: Limit 1 of each item\n|clearpoke\n|poke|p1|Hippowdon, L50, F|\n|poke|p1|Volcarona, L50, M|\n|poke|p1|Blastoise, L50, M|\n|poke|p1|Aegislash, L50, F|\n|poke|p1|Floette-Eternal, L50, F|\n|poke|p1|Hydreigon, L50, M|\n|poke|p2|Floette-Eternal, L50, F|\n|poke|p2|Aegislash, L50, F|\n|poke|p2|Garchomp, L50, F|\n|poke|p2|Vaporeon, L50, F|\n|poke|p2|Dragonite, L50, M|\n|poke|p2|Kingambit, L50, F|\n|teampreview|3\n|\n|t:|1776338938\n|teamsize|p1|3\n|teamsize|p2|3\n|start\n|switch|p1a: Hippowdon|Hippowdon, L50, F|100/100\n|switch|p2a: Garchomp|Garchomp, L50, F|100/100\n|-weather|Sandstorm|[from] ability: Sand Stream|[of] p1a: Hippowdon\n|turn|1\n|\n|t:|1776338963\n|move|p2a: Garchomp|Stealth Rock|p1a: Hippowdon\n|-sidestart|p1: DiceyRice|move: Stealth Rock\n|move|p1a: Hippowdon|Stealth Rock|p2a: Garchomp\n|-sidestart|p2: Oshawottpoke|move: Stealth Rock\n|\n|-weather|Sandstorm|[upkeep]\n|upkeep\n|turn|2\n|j| ayame_pk\n|l| ayame_pk\n|inactive|Battle timer is ON: inactive players will automatically lose when time's up. (requested by DiceyRice)\n|\n|t:|1776339009\n|move|p2a: Garchomp|Earthquake|p1a: Hippowdon\n|-damage|p1a: Hippowdon|64/100\n|move|p1a: Hippowdon|Yawn|p2a: Garchomp\n|-start|p2a: Garchomp|move: Yawn|[of] p1a: Hippowdon\n|\n|-weather|Sandstorm|[upkeep]\n|upkeep\n|turn|3\n|\n|t:|1776339033\n|switch|p2a: Floette|Floette-Eternal, L50, F|100/100\n|-damage|p2a: Floette|89/100|[from] Stealth Rock\n|move|p1a: Hippowdon|Earthquake|p2a: Floette\n|-damage|p2a: Floette|39/100\n|\n|-weather|Sandstorm|[upkeep]\n|-damage|p2a: Floette|33/100|[from] Sandstorm\n|upkeep\n|turn|4\n|inactive|Oshawottpoke has 30 seconds left.\n|\n|t:|1776339067\n|detailschange|p2a: Floette|Floette-Mega, L50, F\n|-mega|p2a: Floette|Floette|Floettite\n|-ability|p2a: Floette|Fairy Aura\n|move|p2a: Floette|Draining Kiss|p1a: Hippowdon\n|-damage|p1a: Hippowdon|32/100\n|-heal|p2a: Floette|66/100|[from] drain|[of] p1a: Hippowdon\n|-enditem|p1a: Hippowdon|Sitrus Berry|[eat]\n|-heal|p1a: Hippowdon|56/100|[from] item: Sitrus Berry\n|move|p1a: Hippowdon|Yawn|p2a: Floette\n|-start|p2a: Floette|move: Yawn|[of] p1a: Hippowdon\n|\n|-weather|Sandstorm|[upkeep]\n|-damage|p2a: Floette|60/100|[from] Sandstorm\n|upkeep\n|turn|5\n|\n|t:|1776339073\n|switch|p2a: Garchomp|Garchomp, L50, F|100/100\n|-damage|p2a: Garchomp|94/100|[from] Stealth Rock\n|move|p1a: Hippowdon|Yawn|p2a: Garchomp\n|-start|p2a: Garchomp|move: Yawn|[of] p1a: Hippowdon\n|\n|-weather|none\n|upkeep\n|turn|6\n|\n|t:|1776339094\n|move|p2a: Garchomp|Earthquake|p1a: Hippowdon\n|-damage|p1a: Hippowdon|20/100\n|move|p1a: Hippowdon|Yawn||[still]\n|-fail|p1a: Hippowdon\n|\n|-end|p2a: Garchomp|move: Yawn|[silent]\n|-status|p2a: Garchomp|slp\n|upkeep\n|turn|7\n|\n|t:|1776339103\n|switch|p1a: Floette|Floette-Eternal, L50, F|100/100\n|-damage|p1a: Floette|88/100|[from] Stealth Rock\n|cant|p2a: Garchomp|slp\n|\n|upkeep\n|turn|8\n|\n|t:|1776339116\n|switch|p2a: Aegislash|Aegislash, L50, F|100/100\n|-damage|p2a: Aegislash|95/100|[from] Stealth Rock\n|detailschange|p1a: Floette|Floette-Mega, L50, F\n|-mega|p1a: Floette|Floette|Floettite\n|-ability|p1a: Floette|Fairy Aura\n|move|p1a: Floette|Charm|p2a: Aegislash\n|-unboost|p2a: Aegislash|atk|2\n|\n|upkeep\n|turn|9\n|\n|t:|1776339129\n|move|p1a: Floette|Calm Mind|p1a: Floette\n|-boost|p1a: Floette|spa|1\n|-boost|p1a: Floette|spd|1\n|move|p2a: Aegislash|Swords Dance|p2a: Aegislash\n|-boost|p2a: Aegislash|atk|2\n|\n|upkeep\n|turn|10\n|\n|t:|1776339146\n|move|p1a: Floette|Charm|p2a: Aegislash\n|-unboost|p2a: Aegislash|atk|2\n|move|p2a: Aegislash|Swords Dance|p2a: Aegislash\n|-boost|p2a: Aegislash|atk|2\n|\n|upkeep\n|turn|11\n|\n|t:|1776339152\n|move|p1a: Floette|Charm|p2a: Aegislash\n|-unboost|p2a: Aegislash|atk|2\n|move|p2a: Aegislash|Swords Dance|p2a: Aegislash\n|-boost|p2a: Aegislash|atk|2\n|\n|upkeep\n|turn|12\n|\n|t:|1776339153\n|move|p1a: Floette|Charm|p2a: Aegislash\n|-unboost|p2a: Aegislash|atk|2\n|move|p2a: Aegislash|Swords Dance|p2a: Aegislash\n|-boost|p2a: Aegislash|atk|2\n|\n|upkeep\n|turn|13\n|\n|t:|1776339155\n|move|p1a: Floette|Charm|p2a: Aegislash\n|-unboost|p2a: Aegislash|atk|2\n|move|p2a: Aegislash|Swords Dance|p2a: Aegislash\n|-boost|p2a: Aegislash|atk|2\n|\n|upkeep\n|turn|14\n|\n|t:|1776339157\n|move|p1a: Floette|Charm|p2a: Aegislash\n|-unboost|p2a: Aegislash|atk|2\n|move|p2a: Aegislash|Swords Dance|p2a: Aegislash\n|-boost|p2a: Aegislash|atk|2\n|\n|upkeep\n|turn|15\n|\n|t:|1776339159\n|move|p1a: Floette|Charm|p2a: Aegislash\n|-unboost|p2a: Aegislash|atk|2\n|move|p2a: Aegislash|Swords Dance|p2a: Aegislash\n|-boost|p2a: Aegislash|atk|2\n|\n|upkeep\n|turn|16\n|\n|t:|1776339164\n|move|p1a: Floette|Charm|p2a: Aegislash\n|-unboost|p2a: Aegislash|atk|2\n|move|p2a: Aegislash|Swords Dance|p2a: Aegislash\n|-boost|p2a: Aegislash|atk|2\n|\n|upkeep\n|turn|17\n|\n|t:|1776339166\n|move|p1a: Floette|Charm|p2a: Aegislash\n|-unboost|p2a: Aegislash|atk|2\n|move|p2a: Aegislash|Swords Dance|p2a: Aegislash\n|-boost|p2a: Aegislash|atk|2\n|\n|upkeep\n|turn|18\n|\n|t:|1776339168\n|move|p1a: Floette|Charm|p2a: Aegislash\n|-unboost|p2a: Aegislash|atk|2\n|move|p2a: Aegislash|Swords Dance|p2a: Aegislash\n|-boost|p2a: Aegislash|atk|2\n|\n|upkeep\n|turn|19\n|\n|t:|1776339169\n|move|p1a: Floette|Charm|p2a: Aegislash\n|-unboost|p2a: Aegislash|atk|2\n|move|p2a: Aegislash|Swords Dance|p2a: Aegislash\n|-boost|p2a: Aegislash|atk|2\n|\n|upkeep\n|turn|20\n|\n|t:|1776339171\n|move|p1a: Floette|Charm|p2a: Aegislash\n|-unboost|p2a: Aegislash|atk|2\n|move|p2a: Aegislash|Swords Dance|p2a: Aegislash\n|-boost|p2a: Aegislash|atk|2\n|\n|upkeep\n|turn|21\n|\n|t:|1776339173\n|move|p1a: Floette|Charm|p2a: Aegislash\n|-unboost|p2a: Aegislash|atk|2\n|move|p2a: Aegislash|Swords Dance|p2a: Aegislash\n|-boost|p2a: Aegislash|atk|2\n|\n|upkeep\n|turn|22\n|\n|t:|1776339176\n|move|p1a: Floette|Moonblast|p2a: Aegislash\n|-resisted|p2a: Aegislash|1\n|-damage|p2a: Aegislash|57/100\n|move|p2a: Aegislash|Swords Dance|p2a: Aegislash\n|-boost|p2a: Aegislash|atk|2\n|\n|upkeep\n|turn|23\n|\n|t:|1776339181\n|move|p1a: Floette|Charm|p2a: Aegislash\n|-unboost|p2a: Aegislash|atk|2\n|-formechange|p2a: Aegislash|Aegislash-Blade|\n|move|p2a: Aegislash|Poltergeist|p1a: Floette\n|-activate|p1a: Floette|move: Poltergeist|Floettite\n|-damage|p1a: Floette|6/100\n|\n|upkeep\n|turn|24\n|\n|t:|1776339183\n|move|p2a: Aegislash|Shadow Sneak|p1a: Floette\n|-crit|p1a: Floette\n|-damage|p1a: Floette|0 fnt\n|faint|p1a: Floette\n|\n|upkeep\n|\n|t:|1776339187\n|switch|p1a: Volcarona|Volcarona, L50, M|100/100\n|-damage|p1a: Volcarona|51/100|[from] Stealth Rock\n|turn|25\n|\n|t:|1776339199\n|move|p2a: Aegislash|Shadow Sneak|p1a: Volcarona\n|-damage|p1a: Volcarona|10/100\n|-status|p2a: Aegislash|brn|[from] ability: Flame Body|[of] p1a: Volcarona\n|move|p1a: Volcarona|Rest|p1a: Volcarona\n|-status|p1a: Volcarona|slp|[from] move: Rest\n|-heal|p1a: Volcarona|100/100 slp|[silent]\n|-enditem|p1a: Volcarona|Chesto Berry|[eat]\n|-curestatus|p1a: Volcarona|slp|[msg]\n|\n|-damage|p2a: Aegislash|51/100 brn|[from] brn\n|upkeep\n|turn|26\n|\n|t:|1776339208\n|move|p1a: Volcarona|Quiver Dance|p1a: Volcarona\n|-boost|p1a: Volcarona|spa|1\n|-boost|p1a: Volcarona|spd|1\n|-boost|p1a: Volcarona|spe|1\n|move|p2a: Aegislash|Poltergeist||[still]\n|-fail|p2a: Aegislash\n|\n|-damage|p2a: Aegislash|46/100 brn|[from] brn\n|upkeep\n|turn|27\n|\n|t:|1776339210\n|move|p1a: Volcarona|Quiver Dance|p1a: Volcarona\n|-boost|p1a: Volcarona|spa|1\n|-boost|p1a: Volcarona|spd|1\n|-boost|p1a: Volcarona|spe|1\n|move|p2a: Aegislash|Poltergeist||[still]\n|-fail|p2a: Aegislash\n|\n|-damage|p2a: Aegislash|40/100 brn|[from] brn\n|upkeep\n|turn|28\n|-message|Oshawottpoke forfeited.\n|\n|win|DiceyRice\n|raw|DiceyRice's rating: 1354 &rarr; <strong>1381</strong><br />(+27 for winning)\n|raw|Oshawottpoke's rating: 1474 &rarr; <strong>1447</strong><br />(-27 for losing)\n|l|\u2606Oshawottpoke\n|player|p2|\n",
  "uploadtime": 1776339220,
  "views": 10,
  "formatid": "gen9championsbssregma",
  "rating": 1381,
  "private": 0,
  "password": null
}