{
  "id": "gen9championsbssregma-2580963548",
  "format": "[Gen 9 Champions] BSS Reg M-A",
  "players": [
    "EstemanACG1",
    "toytoyko"
  ],
  "log": "|j|\u2606EstemanACG1\n|j|\u2606toytoyko\n|t:|1775947154\n|gametype|singles\n|player|p1|EstemanACG1|riley|1184\n|player|p2|toytoyko|102|1283\n|gen|9\n|tier|[Gen 9 Champions] BSS Reg M-A\n|rated|\n|rule|Species Clause: Limit one of each Pok\u00e9mon\n|rule|Item Clause: Limit 1 of each item\n|clearpoke\n|poke|p1|Garganacl, L50, F|\n|poke|p1|Kommo-o, L50, F|\n|poke|p1|Sneasler, L50, F|\n|poke|p1|Volcarona, L50, F|\n|poke|p1|Gengar, L50, M|\n|poke|p1|Palafin, L50, F|\n|poke|p2|Victreebel, L50, F|\n|poke|p2|Toxapex, L50, M|\n|poke|p2|Clefable, L50, M|\n|poke|p2|Kingambit, L50, M|\n|poke|p2|Basculegion, L50, M|\n|poke|p2|Charizard, L50, F|\n|teampreview|3\n|c|\u2606EstemanACG1|glfh\n|\n|t:|1775947201\n|teamsize|p1|3\n|teamsize|p2|3\n|start\n|switch|p1a: Gengar|Gengar, L50, M|100/100\n|switch|p2a: Victreebel|Victreebel, L50, F|100/100\n|turn|1\n|inactive|Battle timer is ON: inactive players will automatically lose when time's up. (requested by EstemanACG1)\n|\n|t:|1775947209\n|detailschange|p1a: Gengar|Gengar-Mega, L50, M\n|-mega|p1a: Gengar|Gengar|Gengarite\n|detailschange|p2a: Victreebel|Victreebel-Mega, L50, F\n|-mega|p2a: Victreebel|Victreebel|Victreebelite\n|move|p2a: Victreebel|Sucker Punch|p1a: Gengar\n|-supereffective|p1a: Gengar|1\n|-damage|p1a: Gengar|35/100\n|move|p1a: Gengar|Sludge Wave|p2a: Victreebel\n|-damage|p2a: Victreebel|41/100\n|\n|upkeep\n|turn|2\n|\n|t:|1775947220\n|switch|p1a: Palafin|Palafin, L50, F|100/100\n|move|p2a: Victreebel|Sucker Punch||[still]\n|-fail|p2a: Victreebel\n|\n|upkeep\n|turn|3\n|\n|t:|1775947226\n|detailschange|p1a: Palafin|Palafin-Hero, L50, F\n|switch|p1a: Sneasler|Sneasler, L50, F|100/100\n|move|p2a: Victreebel|Strength Sap|p1a: Sneasler\n|-unboost|p1a: Sneasler|atk|1\n|-heal|p2a: Victreebel|100/100\n|-enditem|p1a: Sneasler|White Herb\n|-clearnegativeboost|p1a: Sneasler|[silent]\n|\n|upkeep\n|turn|4\n|\n|t:|1775947237\n|switch|p2a: Basculegion|Basculegion, L50, M|100/100\n|move|p1a: Sneasler|Acrobatics|p2a: Basculegion\n|-damage|p2a: Basculegion|49/100\n|\n|upkeep\n|turn|5\n|\n|t:|1775947244\n|move|p1a: Sneasler|Shadow Claw|p2a: Basculegion\n|-supereffective|p2a: Basculegion|1\n|-damage|p2a: Basculegion|0 fnt\n|faint|p2a: Basculegion\n|\n|upkeep\n|\n|t:|1775947255\n|switch|p2a: Victreebel|Victreebel-Mega, L50, F|100/100\n|turn|6\n|\n|t:|1775947260\n|move|p1a: Sneasler|Acrobatics|p2a: Victreebel\n|-supereffective|p2a: Victreebel|1\n|-damage|p2a: Victreebel|5/100\n|move|p2a: Victreebel|Sludge Wave|p1a: Sneasler\n|-resisted|p1a: Sneasler|1\n|-damage|p1a: Sneasler|60/100\n|\n|upkeep\n|turn|7\n|\n|t:|1775947266\n|move|p1a: Sneasler|Shadow Claw|p2a: Victreebel\n|-damage|p2a: Victreebel|0 fnt\n|-damage|p1a: Sneasler|54/100|[from] ability: Innards Out|[of] p2a: Victreebel\n|faint|p2a: Victreebel\n|\n|upkeep\n|\n|t:|1775947269\n|switch|p2a: Kingambit|Kingambit, L50, M|100/100\n|-activate|p2a: Kingambit|ability: Supreme Overlord\n|-start|p2a: Kingambit|fallen2|[silent]\n|turn|8\n|\n|t:|1775947277\n|move|p2a: Kingambit|Sucker Punch|p1a: Sneasler\n|-resisted|p1a: Sneasler|1\n|-damage|p1a: Sneasler|8/100\n|move|p1a: Sneasler|Close Combat|p2a: Kingambit\n|-supereffective|p2a: Kingambit|2\n|-damage|p2a: Kingambit|0 fnt\n|-unboost|p1a: Sneasler|def|1\n|-unboost|p1a: Sneasler|spd|1\n|faint|p2a: Kingambit\n|-end|p2a: Kingambit|fallen2|[silent]\n|\n|win|EstemanACG1\n|raw|EstemanACG1's rating: 1184 &rarr; <strong>1216</strong><br />(+32 for winning)\n|raw|toytoyko's rating: 1283 &rarr; <strong>1251</strong><br />(-32 for losing)\n|l|\u2606toytoyko\n|player|p2|\n",
  "uploadtime": 1775947281,
  "views": 22,
  "formatid": "gen9championsbssregma",
  "rating": 1216,
  "private": 0,
  "password": null
}