{
  "id": "gen9championsbssregma-2583042364",
  "format": "[Gen 9 Champions] BSS Reg M-A",
  "players": [
    "Monica Blanche",
    "MoonBlast89"
  ],
  "log": "|j|\u2606Monica Blanche\n|j|\u2606MoonBlast89\n|t:|1776135981\n|gametype|singles\n|player|p1|Monica Blanche|lady|1169\n|player|p2|MoonBlast89|170|1075\n|gen|9\n|tier|[Gen 9 Champions] BSS Reg M-A\n|rated|\n|rule|Species Clause: Limit one of each Pok\u00e9mon\n|rule|Item Clause: Limit 1 of each item\n|clearpoke\n|poke|p1|Skarmory, L50, M|\n|poke|p1|Flareon, L50, F|\n|poke|p1|Mamoswine, L50, M|\n|poke|p1|Heliolisk, L50, F|\n|poke|p1|Palafin, L50, F|\n|poke|p1|Slowking-Galar, L50, M|\n|poke|p2|Lopunny, L50, F|\n|poke|p2|Corviknight, L50, M|\n|poke|p2|Bellibolt, L50, F|\n|poke|p2|Garchomp, L50, M|\n|poke|p2|Primarina, L50, F|\n|poke|p2|Greninja-*, L50, M|\n|teampreview|3\n|\n|t:|1776136018\n|teamsize|p1|3\n|teamsize|p2|3\n|start\n|switch|p1a: Slowking|Slowking-Galar, L50, M|100/100\n|switch|p2a: Lopunny|Lopunny, L50, F, shiny|100/100\n|turn|1\n|\n|t:|1776136035\n|detailschange|p2a: Lopunny|Lopunny-Mega, L50, F, shiny\n|-mega|p2a: Lopunny|Lopunny|Lopunnite\n|move|p2a: Lopunny|Fake Out|p1a: Slowking\n|-damage|p1a: Slowking|76/100\n|-prepare|p1a: Slowking|Chilly Reception|[premajor]\n|cant|p1a: Slowking|flinch\n|\n|upkeep\n|turn|2\n|\n|t:|1776136041\n|move|p2a: Lopunny|U-turn|p1a: Slowking\n|-damage|p1a: Slowking|50/100\n|-enditem|p1a: Slowking|Sitrus Berry|[eat]\n|-heal|p1a: Slowking|75/100|[from] item: Sitrus Berry\n|\n|t:|1776136048\n|switch|p2a: Corviknight|Corviknight, L50, M, shiny|100/100|[from] U-turn\n|-ability|p2a: Corviknight|Pressure\n|move|p1a: Slowking|Future Sight|p2a: Corviknight\n|-start|p1a: Slowking|move: Future Sight\n|\n|upkeep\n|turn|3\n|\n|t:|1776136057\n|move|p2a: Corviknight|U-turn|p1a: Slowking\n|-damage|p1a: Slowking|60/100\n|\n|t:|1776136060\n|switch|p2a: Bellibolt|Bellibolt, L50, F, shiny|100/100|[from] U-turn\n|move|p1a: Slowking|Flamethrower|p2a: Bellibolt\n|-damage|p2a: Bellibolt|80/100\n|-start|p2a: Bellibolt|Charge|Flamethrower|[from] ability: Electromorphosis\n|\n|-heal|p2a: Bellibolt|86/100|[from] item: Leftovers\n|upkeep\n|turn|4\n|\n|t:|1776136076\n|switch|p1a: Mamoswine|Mamoswine, L50, M|100/100\n|move|p2a: Bellibolt|Slack Off|p2a: Bellibolt\n|-heal|p2a: Bellibolt|100/100\n|\n|-end|p2a: Bellibolt|move: Future Sight\n|-damage|p2a: Bellibolt|59/100\n|-start|p2a: Bellibolt|Charge|Future Sight|[from] ability: Electromorphosis\n|-heal|p2a: Bellibolt|65/100|[from] item: Leftovers\n|upkeep\n|turn|5\n|\n|t:|1776136087\n|switch|p2a: Corviknight|Corviknight, L50, M, shiny|100/100\n|-ability|p2a: Corviknight|Pressure\n|move|p1a: Mamoswine|Icicle Spear|p2a: Corviknight\n|-damage|p2a: Corviknight|91/100\n|-damage|p2a: Corviknight|82/100\n|-damage|p2a: Corviknight|73/100\n|-hitcount|p2a: Corviknight|3\n|\n|upkeep\n|turn|6\n|\n|t:|1776136101\n|switch|p1a: Slowking|Slowking-Galar, L50, M|93/100\n|move|p2a: Corviknight|Iron Defense|p2a: Corviknight\n|-boost|p2a: Corviknight|def|2\n|\n|upkeep\n|turn|7\n|\n|t:|1776136110\n|switch|p2a: Bellibolt|Bellibolt, L50, F, shiny|65/100\n|move|p1a: Slowking|Future Sight|p2a: Bellibolt\n|-start|p1a: Slowking|move: Future Sight\n|\n|-heal|p2a: Bellibolt|71/100|[from] item: Leftovers\n|upkeep\n|turn|8\n|\n|t:|1776136116\n|move|p2a: Bellibolt|Toxic|p1a: Slowking\n|-immune|p1a: Slowking\n|move|p1a: Slowking|Sludge Bomb|p2a: Bellibolt\n|-damage|p2a: Bellibolt|39/100\n|-status|p2a: Bellibolt|psn\n|-start|p2a: Bellibolt|Charge|Sludge Bomb|[from] ability: Electromorphosis\n|\n|-heal|p2a: Bellibolt|45/100 psn|[from] item: Leftovers\n|-damage|p2a: Bellibolt|32/100 psn|[from] psn\n|upkeep\n|turn|9\n|\n|t:|1776136127\n|move|p2a: Bellibolt|Volt Switch|p1a: Slowking\n|-damage|p1a: Slowking|50/100\n|-end|p2a: Bellibolt|Charge|[silent]\n|\n|t:|1776136130\n|switch|p2a: Corviknight|Corviknight, L50, M, shiny|73/100|[from] Volt Switch\n|-ability|p2a: Corviknight|Pressure\n|move|p1a: Slowking|Sludge Bomb|p2a: Corviknight\n|-immune|p2a: Corviknight\n|\n|-end|p2a: Corviknight|move: Future Sight\n|-resisted|p2a: Corviknight|1\n|-damage|p2a: Corviknight|45/100\n|-enditem|p2a: Corviknight|Sitrus Berry|[eat]\n|-heal|p2a: Corviknight|70/100|[from] item: Sitrus Berry\n|upkeep\n|turn|10\n|\n|t:|1776136142\n|move|p2a: Corviknight|U-turn|p1a: Slowking\n|-damage|p1a: Slowking|35/100\n|\n|t:|1776136145\n|switch|p2a: Bellibolt|Bellibolt, L50, F, shiny|32/100 psn|[from] U-turn\n|move|p1a: Slowking|Flamethrower|p2a: Bellibolt\n|-damage|p2a: Bellibolt|10/100 psn\n|-start|p2a: Bellibolt|Charge|Flamethrower|[from] ability: Electromorphosis\n|\n|-heal|p2a: Bellibolt|16/100 psn|[from] item: Leftovers\n|-damage|p2a: Bellibolt|4/100 psn|[from] psn\n|upkeep\n|turn|11\n|\n|t:|1776136156\n|switch|p2a: Lopunny|Lopunny-Mega, L50, F, shiny|100/100\n|switch|p1a: Mamoswine|Mamoswine, L50, M|100/100\n|\n|upkeep\n|turn|12\n|\n|t:|1776136163\n|switch|p1a: Skarmory|Skarmory, L50, M|100/100\n|move|p2a: Lopunny|Fake Out|p1a: Skarmory\n|-resisted|p1a: Skarmory|1\n|-damage|p1a: Skarmory|92/100\n|-ability|p1a: Skarmory|Weak Armor|boost\n|-unboost|p1a: Skarmory|def|1\n|-boost|p1a: Skarmory|spe|2\n|\n|upkeep\n|turn|13\n|\n|t:|1776136173\n|move|p1a: Skarmory|Swords Dance|p1a: Skarmory\n|-boost|p1a: Skarmory|atk|2\n|move|p2a: Lopunny|Triple Axel|p1a: Skarmory\n|-damage|p1a: Skarmory|82/100\n|-ability|p1a: Skarmory|Weak Armor|boost\n|-unboost|p1a: Skarmory|def|1\n|-boost|p1a: Skarmory|spe|2\n|-damage|p1a: Skarmory|57/100\n|-ability|p1a: Skarmory|Weak Armor|boost\n|-unboost|p1a: Skarmory|def|1\n|-boost|p1a: Skarmory|spe|2\n|-damage|p1a: Skarmory|13/100\n|-ability|p1a: Skarmory|Weak Armor|boost\n|-unboost|p1a: Skarmory|def|1\n|-hitcount|p1a: Skarmory|3\n|\n|upkeep\n|turn|14\n|\n|t:|1776136188\n|switch|p2a: Corviknight|Corviknight, L50, M, shiny|70/100\n|-ability|p2a: Corviknight|Pressure\n|detailschange|p1a: Skarmory|Skarmory-Mega, L50, M\n|-mega|p1a: Skarmory|Skarmory|Skarmorite\n|move|p1a: Skarmory|Drill Peck|p2a: Corviknight\n|-resisted|p2a: Corviknight|1\n|-damage|p2a: Corviknight|48/100\n|\n|upkeep\n|turn|15\n|\n|t:|1776136197\n|switch|p1a: Slowking|Slowking-Galar, L50, M|68/100\n|move|p2a: Corviknight|U-turn|p1a: Slowking\n|-damage|p1a: Slowking|53/100\n|\n|t:|1776136202\n|switch|p2a: Lopunny|Lopunny-Mega, L50, F, shiny|100/100|[from] U-turn\n|\n|upkeep\n|turn|16\n|\n|t:|1776136207\n|switch|p1a: Skarmory|Skarmory-Mega, L50, M|13/100\n|move|p2a: Lopunny|Fake Out|p1a: Skarmory\n|-resisted|p1a: Skarmory|1\n|-damage|p1a: Skarmory|3/100\n|\n|upkeep\n|turn|17\n|\n|t:|1776136215\n|move|p2a: Lopunny|U-turn|p1a: Skarmory\n|-resisted|p1a: Skarmory|2\n|-damage|p1a: Skarmory|0 fnt\n|faint|p1a: Skarmory\n|\n|t:|1776136220\n|switch|p2a: Corviknight|Corviknight, L50, M, shiny|48/100|[from] U-turn\n|-ability|p2a: Corviknight|Pressure\n|\n|upkeep\n|\n|t:|1776136222\n|switch|p1a: Slowking|Slowking-Galar, L50, M|86/100\n|turn|18\n|\n|t:|1776136227\n|move|p2a: Corviknight|Roost|p2a: Corviknight\n|-heal|p2a: Corviknight|98/100\n|-singleturn|p2a: Corviknight|move: Roost\n|move|p1a: Slowking|Flamethrower|p2a: Corviknight\n|-supereffective|p2a: Corviknight|1\n|-damage|p2a: Corviknight|37/100\n|\n|upkeep\n|turn|19\n|\n|t:|1776136236\n|move|p2a: Corviknight|U-turn|p1a: Slowking\n|-crit|p1a: Slowking\n|-damage|p1a: Slowking|64/100\n|\n|t:|1776136239\n|switch|p2a: Lopunny|Lopunny-Mega, L50, F, shiny|100/100|[from] U-turn\n|move|p1a: Slowking|Future Sight|p2a: Lopunny\n|-start|p1a: Slowking|move: Future Sight\n|\n|upkeep\n|turn|20\n|\n|t:|1776136243\n|move|p2a: Lopunny|Fake Out|p1a: Slowking\n|-damage|p1a: Slowking|40/100\n|cant|p1a: Slowking|flinch\n|\n|upkeep\n|turn|21\n|\n|t:|1776136250\n|switch|p1a: Mamoswine|Mamoswine, L50, M|100/100\n|move|p2a: Lopunny|U-turn|p1a: Mamoswine\n|-damage|p1a: Mamoswine|76/100\n|\n|t:|1776136260\n|switch|p2a: Corviknight|Corviknight, L50, M, shiny|37/100|[from] U-turn\n|-ability|p2a: Corviknight|Pressure\n|\n|-end|p2a: Corviknight|move: Future Sight\n|-resisted|p2a: Corviknight|1\n|-damage|p2a: Corviknight|9/100\n|upkeep\n|turn|22\n|\n|t:|1776136268\n|move|p1a: Mamoswine|Ice Shard|p2a: Corviknight\n|-damage|p2a: Corviknight|0 fnt\n|faint|p2a: Corviknight\n|\n|upkeep\n|\n|t:|1776136272\n|switch|p2a: Lopunny|Lopunny-Mega, L50, F, shiny|100/100\n|turn|23\n|\n|t:|1776136284\n|switch|p1a: Slowking|Slowking-Galar, L50, M|73/100\n|move|p2a: Lopunny|Fake Out|p1a: Slowking\n|-damage|p1a: Slowking|50/100\n|\n|upkeep\n|turn|24\n|\n|t:|1776136289\n|switch|p1a: Mamoswine|Mamoswine, L50, M|76/100\n|move|p2a: Lopunny|Triple Axel|p1a: Mamoswine\n|-damage|p1a: Mamoswine|72/100\n|-hitcount|p1a: Mamoswine|1\n|\n|upkeep\n|turn|25\n|\n|t:|1776136296\n|move|p1a: Mamoswine|Ice Shard|p2a: Lopunny\n|-damage|p2a: Lopunny|68/100\n|move|p2a: Lopunny|Close Combat|p1a: Mamoswine\n|-supereffective|p1a: Mamoswine|1\n|-damage|p1a: Mamoswine|0 fnt\n|-unboost|p2a: Lopunny|def|1\n|-unboost|p2a: Lopunny|spd|1\n|faint|p1a: Mamoswine\n|\n|upkeep\n|\n|t:|1776136298\n|switch|p1a: Slowking|Slowking-Galar, L50, M|83/100\n|turn|26\n|\n|t:|1776136307\n|move|p2a: Lopunny|U-turn|p1a: Slowking\n|-crit|p1a: Slowking\n|-damage|p1a: Slowking|44/100\n|\n|t:|1776136310\n|switch|p2a: Bellibolt|Bellibolt, L50, F, shiny|4/100 psn|[from] U-turn\n|move|p1a: Slowking|Sludge Bomb|p2a: Bellibolt\n|-damage|p2a: Bellibolt|0 fnt\n|faint|p2a: Bellibolt\n|\n|upkeep\n|\n|t:|1776136318\n|switch|p2a: Lopunny|Lopunny-Mega, L50, F, shiny|68/100\n|turn|27\n|\n|t:|1776136321\n|move|p2a: Lopunny|Fake Out|p1a: Slowking\n|-damage|p1a: Slowking|18/100\n|cant|p1a: Slowking|flinch\n|\n|upkeep\n|turn|28\n|\n|t:|1776136326\n|move|p2a: Lopunny|U-turn|p1a: Slowking\n|-damage|p1a: Slowking|0 fnt\n|faint|p1a: Slowking\n|\n|win|MoonBlast89\n|raw|Monica Blanche's rating: 1169 &rarr; <strong>1137</strong><br />(-32 for losing)\n|raw|MoonBlast89's rating: 1075 &rarr; <strong>1111</strong><br />(+36 for winning)\n|l|\u2606Monica Blanche\n|player|p1|\n",
  "uploadtime": 1776136332,
  "views": 19,
  "formatid": "gen9championsbssregma",
  "rating": 1111,
  "private": 0,
  "password": null
}