{
  "id": "gen9championsbssregma-2583974355",
  "format": "[Gen 9 Champions] BSS Reg M-A",
  "players": [
    "Penty",
    "applepie25508"
  ],
  "log": "|j|\u2606Penty\n|j|\u2606applepie25508\n|t:|1776213264\n|gametype|singles\n|player|p1|Penty|170|1106\n|player|p2|applepie25508|169|1045\n|gen|9\n|tier|[Gen 9 Champions] BSS Reg M-A\n|rated|\n|rule|Species Clause: Limit one of each Pok\u00e9mon\n|rule|Item Clause: Limit 1 of each item\n|clearpoke\n|poke|p1|Sneasler, L50, F|\n|poke|p1|Garchomp, L50, F|\n|poke|p1|Tyranitar, L50, M|\n|poke|p1|Aerodactyl, L50, M|\n|poke|p1|Empoleon, L50, M|\n|poke|p1|Corviknight, L50, M|\n|poke|p2|Delphox, L50, F|\n|poke|p2|Corviknight, L50, M|\n|poke|p2|Meowscarada, L50, F|\n|poke|p2|Toxapex, L50, M|\n|poke|p2|Clefable, L50, F|\n|poke|p2|Garchomp, L50, F|\n|teampreview|3\n|inactive|Battle timer is ON: inactive players will automatically lose when time's up. (requested by Penty)\n|\n|t:|1776213294\n|teamsize|p1|3\n|teamsize|p2|3\n|start\n|switch|p1a: Garchomp|Garchomp, L50, F|100/100\n|switch|p2a: Clefable|Clefable, L50, F, shiny|100/100\n|turn|1\n|\n|t:|1776213303\n|move|p1a: Garchomp|Iron Head|p2a: Clefable\n|-supereffective|p2a: Clefable|1\n|-damage|p2a: Clefable|33/100\n|move|p2a: Clefable|Moonblast|p1a: Garchomp\n|-supereffective|p1a: Garchomp|1\n|-damage|p1a: Garchomp|6/100\n|\n|upkeep\n|turn|2\n|\n|t:|1776213314\n|switch|p2a: Toxapex|Toxapex, L50, M|100/100\n|move|p1a: Garchomp|Iron Head|p2a: Toxapex\n|-resisted|p2a: Toxapex|1\n|-crit|p2a: Toxapex\n|-damage|p2a: Toxapex|86/100\n|\n|-heal|p2a: Toxapex|92/100|[from] item: Leftovers\n|upkeep\n|turn|3\n|\n|t:|1776213324\n|switch|p1a: Corviknight|Corviknight, L50, M|100/100\n|-ability|p1a: Corviknight|Pressure\n|move|p2a: Toxapex|Infestation|p1a: Corviknight\n|-resisted|p1a: Corviknight|2\n|-damage|p1a: Corviknight|99/100\n|-activate|p1a: Corviknight|move: Infestation|[of] p2a: Toxapex\n|\n|-heal|p1a: Corviknight|100/100|[from] item: Leftovers\n|-heal|p2a: Toxapex|97/100|[from] item: Leftovers\n|-damage|p1a: Corviknight|88/100|[from] move: Infestation|[partiallytrapped]\n|upkeep\n|turn|4\n|\n|t:|1776213338\n|move|p2a: Toxapex|Baneful Bunker|p2a: Toxapex\n|-singleturn|p2a: Toxapex|move: Protect\n|move|p1a: Corviknight|Iron Defense|p1a: Corviknight\n|-boost|p1a: Corviknight|def|2\n|\n|-heal|p1a: Corviknight|94/100|[from] item: Leftovers\n|-heal|p2a: Toxapex|100/100|[from] item: Leftovers\n|-damage|p1a: Corviknight|82/100|[from] move: Infestation|[partiallytrapped]\n|upkeep\n|turn|5\n|\n|t:|1776213349\n|move|p1a: Corviknight|Iron Defense|p1a: Corviknight\n|-boost|p1a: Corviknight|def|2\n|move|p2a: Toxapex|Recover||[still]\n|-fail|p2a: Toxapex|heal\n|\n|-heal|p1a: Corviknight|88/100|[from] item: Leftovers\n|-damage|p1a: Corviknight|76/100|[from] move: Infestation|[partiallytrapped]\n|upkeep\n|turn|6\n|\n|t:|1776213359\n|switch|p2a: Clefable|Clefable, L50, F, shiny|33/100\n|move|p1a: Corviknight|Iron Defense|p1a: Corviknight\n|-boost|p1a: Corviknight|def|2\n|\n|-heal|p1a: Corviknight|81/100|[from] item: Leftovers\n|-end|p1a: Corviknight|Infestation|[partiallytrapped]|[silent]\n|upkeep\n|turn|7\n|\n|t:|1776213374\n|detailschange|p2a: Clefable|Clefable-Mega, L50, F, shiny\n|-mega|p2a: Clefable|Clefable|Clefablite\n|move|p2a: Clefable|Moonblast|p1a: Corviknight\n|-resisted|p1a: Corviknight|1\n|-damage|p1a: Corviknight|60/100\n|move|p1a: Corviknight|Body Press|p2a: Clefable\n|-resisted|p2a: Clefable|2\n|-damage|p2a: Clefable|14/100\n|\n|-heal|p1a: Corviknight|66/100|[from] item: Leftovers\n|upkeep\n|turn|8\n|\n|t:|1776213385\n|move|p2a: Clefable|Moonlight|p2a: Clefable\n|-heal|p2a: Clefable|64/100\n|move|p1a: Corviknight|Roost|p1a: Corviknight\n|-heal|p1a: Corviknight|100/100\n|-singleturn|p1a: Corviknight|move: Roost\n|\n|upkeep\n|turn|9\n|\n|t:|1776213393\n|move|p2a: Clefable|Moonlight|p2a: Clefable\n|-heal|p2a: Clefable|100/100\n|move|p1a: Corviknight|Brave Bird|p2a: Clefable\n|-damage|p2a: Clefable|65/100\n|-damage|p1a: Corviknight|89/100|[from] Recoil\n|\n|-heal|p1a: Corviknight|95/100|[from] item: Leftovers\n|upkeep\n|turn|10\n|\n|t:|1776213408\n|move|p2a: Clefable|Calm Mind|p2a: Clefable\n|-boost|p2a: Clefable|spa|1\n|-boost|p2a: Clefable|spd|1\n|move|p1a: Corviknight|Body Press|p2a: Clefable\n|-resisted|p2a: Clefable|2\n|-damage|p2a: Clefable|49/100\n|\n|-heal|p1a: Corviknight|100/100|[from] item: Leftovers\n|upkeep\n|turn|11\n|\n|t:|1776213418\n|switch|p1a: Garchomp|Garchomp, L50, F|6/100\n|move|p2a: Clefable|Calm Mind|p2a: Clefable\n|-boost|p2a: Clefable|spa|1\n|-boost|p2a: Clefable|spd|1\n|\n|upkeep\n|turn|12\n|\n|t:|1776213426\n|move|p1a: Garchomp|Iron Head|p2a: Clefable\n|-supereffective|p2a: Clefable|1\n|-damage|p2a: Clefable|0 fnt\n|faint|p2a: Clefable\n|\n|upkeep\n|\n|t:|1776213430\n|switch|p2a: Toxapex|Toxapex, L50, M|100/100\n|turn|13\n|\n|t:|1776213435\n|switch|p1a: Corviknight|Corviknight, L50, M|100/100\n|-ability|p1a: Corviknight|Pressure\n|move|p2a: Toxapex|Infestation|p1a: Corviknight\n|-resisted|p1a: Corviknight|2\n|-damage|p1a: Corviknight|99/100\n|-activate|p1a: Corviknight|move: Infestation|[of] p2a: Toxapex\n|\n|-heal|p1a: Corviknight|100/100|[from] item: Leftovers\n|-damage|p1a: Corviknight|88/100|[from] move: Infestation|[partiallytrapped]\n|upkeep\n|turn|14\n|\n|t:|1776213446\n|move|p1a: Corviknight|Iron Defense|p1a: Corviknight\n|-boost|p1a: Corviknight|def|2\n|move|p2a: Toxapex|Infestation|p1a: Corviknight\n|-resisted|p1a: Corviknight|2\n|-damage|p1a: Corviknight|88/100\n|\n|-heal|p1a: Corviknight|94/100|[from] item: Leftovers\n|-damage|p1a: Corviknight|81/100|[from] move: Infestation|[partiallytrapped]\n|upkeep\n|turn|15\n|\n|t:|1776213457\n|switch|p2a: Meowscarada|Meowscarada, L50, F|100/100\n|move|p1a: Corviknight|Iron Defense|p1a: Corviknight\n|-boost|p1a: Corviknight|def|2\n|\n|-heal|p1a: Corviknight|87/100|[from] item: Leftovers\n|-end|p1a: Corviknight|Infestation|[partiallytrapped]|[silent]\n|upkeep\n|turn|16\n|\n|t:|1776213468\n|move|p2a: Meowscarada|U-turn|p1a: Corviknight\n|-start|p2a: Meowscarada|typechange|Bug|[from] ability: Protean\n|-resisted|p1a: Corviknight|2\n|-damage|p1a: Corviknight|85/100\n|\n|t:|1776213474\n|switch|p2a: Toxapex|Toxapex, L50, M|100/100|[from] U-turn\n|move|p1a: Corviknight|Body Press|p2a: Toxapex\n|-resisted|p2a: Toxapex|1\n|-damage|p2a: Toxapex|78/100\n|\n|-heal|p1a: Corviknight|91/100|[from] item: Leftovers\n|-heal|p2a: Toxapex|83/100|[from] item: Leftovers\n|upkeep\n|turn|17\n|\n|t:|1776213484\n|move|p1a: Corviknight|Iron Defense|p1a: Corviknight\n|-boost|p1a: Corviknight|def|2\n|move|p2a: Toxapex|Infestation|p1a: Corviknight\n|-resisted|p1a: Corviknight|2\n|-damage|p1a: Corviknight|91/100\n|-activate|p1a: Corviknight|move: Infestation|[of] p2a: Toxapex\n|\n|-heal|p1a: Corviknight|97/100|[from] item: Leftovers\n|-heal|p2a: Toxapex|89/100|[from] item: Leftovers\n|-damage|p1a: Corviknight|84/100|[from] move: Infestation|[partiallytrapped]\n|upkeep\n|turn|18\n|-message|applepie25508 forfeited.\n|\n|win|Penty\n|raw|Penty's rating: 1106 &rarr; <strong>1127</strong><br />(+21 for winning)\n|raw|applepie25508's rating: 1045 &rarr; <strong>1031</strong><br />(-14 for losing)\n|l|\u2606applepie25508\n|player|p2|\n",
  "uploadtime": 1776213494,
  "views": 4,
  "formatid": "gen9championsbssregma",
  "rating": 1031,
  "private": 0,
  "password": null
}