{
  "id": "gen9championsbssregma-2585122297",
  "format": "[Gen 9 Champions] BSS Reg M-A",
  "players": [
    "aresis",
    "RobotBest"
  ],
  "log": "|j|\u2606aresis\n|j|\u2606RobotBest\n|t:|1776314369\n|gametype|singles\n|player|p1|aresis|101|1069\n|player|p2|RobotBest|1|1162\n|gen|9\n|tier|[Gen 9 Champions] BSS Reg M-A\n|rated|\n|rule|Species Clause: Limit one of each Pok\u00e9mon\n|rule|Item Clause: Limit 1 of each item\n|clearpoke\n|poke|p1|Pelipper, L50, M|\n|poke|p1|Archaludon, L50, M|\n|poke|p1|Basculegion, L50, M|\n|poke|p1|Sneasler, L50, F|\n|poke|p1|Dragapult, L50, M|\n|poke|p1|Meganium, L50, F|\n|poke|p2|Basculegion, L50, M|\n|poke|p2|Lucario, L50, M|\n|poke|p2|Primarina, L50, M|\n|poke|p2|Corviknight, L50, M|\n|poke|p2|Garchomp, L50, F|\n|poke|p2|Charizard, L50, M|\n|teampreview|3\n|\n|t:|1776314409\n|teamsize|p1|3\n|teamsize|p2|3\n|start\n|switch|p1a: Meganium|Meganium, L50, F|100/100\n|switch|p2a: Primarina|Primarina, L50, M|100/100\n|turn|1\n|\n|t:|1776314420\n|detailschange|p1a: Meganium|Meganium-Mega, L50, F\n|-mega|p1a: Meganium|Meganium|Meganiumite\n|move|p1a: Meganium|Solar Beam||[still]\n|-prepare|p1a: Meganium|Solar Beam\n|-activate|p1a: Meganium|ability: Mega Sol\n|-anim|p1a: Meganium|Solar Beam|p2a: Primarina\n|-supereffective|p2a: Primarina|1\n|-crit|p2a: Primarina\n|-enditem|p2a: Primarina|Focus Sash\n|-damage|p2a: Primarina|1/100\n|move|p2a: Primarina|Moonblast|p1a: Meganium\n|-damage|p1a: Meganium|58/100\n|\n|upkeep\n|turn|2\n|\n|t:|1776314432\n|move|p2a: Primarina|Aqua Jet|p1a: Meganium\n|-resisted|p1a: Meganium|1\n|-damage|p1a: Meganium|51/100\n|move|p1a: Meganium|Weather Ball|p2a: Primarina\n|-resisted|p2a: Primarina|1\n|-damage|p2a: Primarina|0 fnt\n|faint|p2a: Primarina\n|\n|upkeep\n|\n|t:|1776314455\n|switch|p2a: Corviknight|Corviknight, L50, M|100/100\n|-ability|p2a: Corviknight|Pressure\n|turn|3\n|\n|t:|1776314462\n|move|p1a: Meganium|Weather Ball|p2a: Corviknight\n|-supereffective|p2a: Corviknight|1\n|-crit|p2a: Corviknight\n|-damage|p2a: Corviknight|0 fnt\n|faint|p2a: Corviknight\n|\n|upkeep\n|c|\u2606RobotBest|hax\n|\n|t:|1776314475\n|switch|p2a: Lucario|Lucario, L50, M, shiny|100/100\n|turn|4\n|\n|t:|1776314482\n|detailschange|p2a: Lucario|Lucario-Mega, L50, M, shiny\n|-mega|p2a: Lucario|Lucario|Lucarionite\n|move|p2a: Lucario|Meteor Mash|p1a: Meganium\n|-supereffective|p1a: Meganium|1\n|-damage|p1a: Meganium|0 fnt\n|faint|p1a: Meganium\n|\n|upkeep\n|\n|t:|1776314502\n|switch|p1a: Basculegion|Basculegion, L50, M|100/100\n|turn|5\n|\n|t:|1776314521\n|move|p2a: Lucario|Trailblaze|p1a: Basculegion\n|-supereffective|p1a: Basculegion|1\n|-damage|p1a: Basculegion|55/100\n|-boost|p2a: Lucario|spe|1\n|move|p1a: Basculegion|Flip Turn|p2a: Lucario\n|-damage|p2a: Lucario|45/100\n|\n|t:|1776314528\n|switch|p1a: Dragapult|Dragapult, L50, M|100/100|[from] Flip Turn\n|\n|upkeep\n|turn|6\n|\n|t:|1776314538\n|move|p1a: Dragapult|Sucker Punch|p2a: Lucario\n|-resisted|p2a: Lucario|1\n|-damage|p2a: Lucario|29/100\n|move|p2a: Lucario|Meteor Mash|p1a: Dragapult\n|-damage|p1a: Dragapult|4/100\n|\n|upkeep\n|turn|7\n|\n|t:|1776314552\n|move|p2a: Lucario|Meteor Mash|p1a: Dragapult|[miss]\n|-miss|p2a: Lucario|p1a: Dragapult\n|move|p1a: Dragapult|Dragon Darts|p2a: Lucario\n|-resisted|p2a: Lucario|1\n|-crit|p2a: Lucario\n|-damage|p2a: Lucario|0 fnt\n|faint|p2a: Lucario\n|\n|win|aresis\n|raw|aresis's rating: 1069 &rarr; <strong>1109</strong><br />(+40 for winning)\n|raw|RobotBest's rating: 1193 &rarr; <strong>1159</strong><br />(-34 for losing)\n|l|\u2606aresis\n|player|p1|\n",
  "uploadtime": 1776314569,
  "views": 21,
  "formatid": "gen9championsbssregma",
  "rating": 1109,
  "private": 0,
  "password": null
}