{
  "id": "gen9championsbssregma-2582990347",
  "format": "[Gen 9 Champions] BSS Reg M-A",
  "players": [
    "perdicionn",
    "txqz6p"
  ],
  "log": "|j|\u2606perdicionn\n|j|\u2606txqz6p\n|t:|1776131295\n|gametype|singles\n|player|p1|perdicionn|crasherwake|1236\n|player|p2|txqz6p|265|1274\n|gen|9\n|tier|[Gen 9 Champions] BSS Reg M-A\n|rated|\n|rule|Species Clause: Limit one of each Pok\u00e9mon\n|rule|Item Clause: Limit 1 of each item\n|clearpoke\n|poke|p1|Aegislash, L50, M|\n|poke|p1|Kingambit, L50, M|\n|poke|p1|Volcarona, L50, F|\n|poke|p1|Gyarados, L50, F|\n|poke|p1|Starmie, L50|\n|poke|p1|Manectric, L50, M|\n|poke|p2|Greninja-*, L50, M|\n|poke|p2|Basculegion, L50, M|\n|poke|p2|Dragonite, L50, F|\n|poke|p2|Charizard, L50, M|\n|poke|p2|Archaludon, L50, M|\n|poke|p2|Scizor, L50, F|\n|teampreview|3\n|j| bromerta\n|j| p74\n|\n|t:|1776131313\n|teamsize|p1|3\n|teamsize|p2|3\n|start\n|switch|p1a: Starmie|Starmie, L50|100/100\n|switch|p2a: Archaludon|Archaludon, L50, M|100/100\n|turn|1\n|-activate|p2a: Archaludon|item: Quick Claw\n|\n|t:|1776131323\n|detailschange|p1a: Starmie|Starmie-Mega, L50\n|-mega|p1a: Starmie|Starmie|Starminite\n|move|p2a: Archaludon|Stealth Rock|p1a: Starmie\n|-sidestart|p1: perdicionn|move: Stealth Rock\n|move|p1a: Starmie|Bulk Up|p1a: Starmie\n|-boost|p1a: Starmie|atk|1\n|-boost|p1a: Starmie|def|1\n|\n|upkeep\n|turn|2\n|\n|t:|1776131335\n|move|p1a: Starmie|Ice Spinner|p2a: Archaludon\n|-damage|p2a: Archaludon|44/100\n|move|p2a: Archaludon|Steel Beam|p1a: Starmie\n|-resisted|p1a: Starmie|1\n|-damage|p1a: Starmie|54/100\n|-damage|p2a: Archaludon|0 fnt|[from] steelbeam\n|faint|p2a: Archaludon\n|\n|upkeep\n|\n|t:|1776131349\n|switch|p2a: Scizor|Scizor, L50, F|100/100\n|turn|3\n|\n|t:|1776131355\n|detailschange|p2a: Scizor|Scizor-Mega, L50, F\n|-mega|p2a: Scizor|Scizor|Scizorite\n|move|p1a: Starmie|Liquidation|p2a: Scizor\n|-damage|p2a: Scizor|15/100\n|move|p2a: Scizor|Knock Off|p1a: Starmie\n|-supereffective|p1a: Starmie|1\n|-damage|p1a: Starmie|6/100\n|\n|upkeep\n|turn|4\n|\n|t:|1776131363\n|move|p2a: Scizor|Bullet Punch|p1a: Starmie\n|-resisted|p1a: Starmie|1\n|-damage|p1a: Starmie|0 fnt\n|faint|p1a: Starmie\n|\n|upkeep\n|\n|t:|1776131365\n|switch|p1a: Aegislash|Aegislash, L50, M|100/100\n|-damage|p1a: Aegislash|95/100|[from] Stealth Rock\n|turn|5\n|\n|t:|1776131371\n|-formechange|p1a: Aegislash|Aegislash-Blade|\n|move|p1a: Aegislash|Shadow Sneak|p2a: Scizor\n|-damage|p2a: Scizor|0 fnt\n|faint|p2a: Scizor\n|\n|-heal|p1a: Aegislash|100/100|[from] item: Leftovers\n|upkeep\n|\n|t:|1776131377\n|switch|p2a: Dragonite|Dragonite, L50, F|100/100\n|turn|6\n|j| gawayneou\n|\n|t:|1776131384\n|switch|p1a: Kingambit|Kingambit, L50, M|100/100\n|-damage|p1a: Kingambit|95/100|[from] Stealth Rock\n|-activate|p1a: Kingambit|ability: Supreme Overlord\n|-start|p1a: Kingambit|fallen1|[silent]\n|move|p2a: Dragonite|Dragon Dance|p2a: Dragonite\n|-boost|p2a: Dragonite|atk|1\n|-boost|p2a: Dragonite|spe|1\n|\n|upkeep\n|turn|7\n|\n|t:|1776131396\n|move|p2a: Dragonite|Earthquake|p1a: Kingambit\n|-supereffective|p1a: Kingambit|1\n|-damage|p1a: Kingambit|16/100\n|move|p1a: Kingambit|Kowtow Cleave|p2a: Dragonite\n|-damage|p2a: Dragonite|70/100\n|\n|-heal|p2a: Dragonite|75/100|[from] item: Leftovers\n|upkeep\n|turn|8\n|\n|t:|1776131405\n|move|p2a: Dragonite|Extreme Speed|p1a: Kingambit\n|-resisted|p1a: Kingambit|1\n|-damage|p1a: Kingambit|0 fnt\n|faint|p1a: Kingambit\n|-end|p1a: Kingambit|fallen1|[silent]\n|\n|-heal|p2a: Dragonite|81/100|[from] item: Leftovers\n|upkeep\n|\n|t:|1776131408\n|switch|p1a: Aegislash|Aegislash, L50, M|100/100\n|-damage|p1a: Aegislash|95/100|[from] Stealth Rock\n|turn|9\n|\n|t:|1776131414\n|move|p2a: Dragonite|Earthquake|p1a: Aegislash\n|-supereffective|p1a: Aegislash|1\n|-damage|p1a: Aegislash|1/100\n|-formechange|p1a: Aegislash|Aegislash-Blade|\n|move|p1a: Aegislash|Shadow Ball|p2a: Dragonite\n|-damage|p2a: Dragonite|33/100\n|\n|-heal|p2a: Dragonite|39/100|[from] item: Leftovers\n|-heal|p1a: Aegislash|7/100|[from] item: Leftovers\n|upkeep\n|turn|10\n|\n|t:|1776131423\n|-formechange|p1a: Aegislash|Aegislash|\n|move|p1a: Aegislash|King's Shield|p1a: Aegislash\n|-singleturn|p1a: Aegislash|Protect\n|move|p2a: Dragonite|Earthquake|p1a: Aegislash\n|-activate|p1a: Aegislash|move: Protect\n|\n|-heal|p2a: Dragonite|45/100|[from] item: Leftovers\n|-heal|p1a: Aegislash|13/100|[from] item: Leftovers\n|upkeep\n|turn|11\n|\n|t:|1776131432\n|move|p1a: Aegislash|King's Shield||[still]\n|-fail|p1a: Aegislash\n|move|p2a: Dragonite|Earthquake|p1a: Aegislash\n|-supereffective|p1a: Aegislash|1\n|-damage|p1a: Aegislash|0 fnt\n|faint|p1a: Aegislash\n|\n|win|txqz6p\n|raw|perdicionn's rating: 1236 &rarr; <strong>1214</strong><br />(-22 for losing)\n|raw|txqz6p's rating: 1274 &rarr; <strong>1296</strong><br />(+22 for winning)\n|l|\u2606perdicionn\n|player|p1|\n|l|\u2606txqz6p\n|player|p2|\n|l| bromerta\n",
  "uploadtime": 1776131476,
  "views": 2,
  "formatid": "gen9championsbssregma",
  "rating": 1214,
  "private": 0,
  "password": null
}