{
  "id": "gen9championsbssregma-2587422585",
  "format": "[Gen 9 Champions] BSS Reg M-A",
  "players": [
    "6-zinnia",
    "hoshigumo1101"
  ],
  "log": "|j|\u26066-zinnia\n|j|\u2606hoshigumo1101\n|t:|1776530503\n|gametype|singles\n|player|p1|6-zinnia|266|1388\n|player|p2|hoshigumo1101|acetrainerf|1380\n|gen|9\n|tier|[Gen 9 Champions] BSS Reg M-A\n|rated|\n|rule|Species Clause: Limit one of each Pok\u00e9mon\n|rule|Item Clause: Limit 1 of each item\n|clearpoke\n|poke|p1|Floette-Eternal, L50, F|\n|poke|p1|Aegislash, L50, F|\n|poke|p1|Delphox, L50, F|\n|poke|p1|Basculegion, L50, M|\n|poke|p1|Corviknight, L50, M|\n|poke|p1|Diggersby, L50, F|\n|poke|p2|Kingambit, L50, M|\n|poke|p2|Delphox, L50, M|\n|poke|p2|Hippowdon, L50, F|\n|poke|p2|Lucario, L50, M|\n|poke|p2|Basculegion, L50, M|\n|poke|p2|Meowscarada, L50, M|\n|teampreview|3\n|inactive|Battle timer is ON: inactive players will automatically lose when time's up. (requested by hoshigumo1101)\n|\n|t:|1776530544\n|teamsize|p1|3\n|teamsize|p2|3\n|start\n|switch|p1a: Floette|Floette-Eternal, L50, F|100/100\n|switch|p2a: Basculegion|Basculegion, L50, M|100/100\n|turn|1\n|\n|t:|1776530552\n|detailschange|p1a: Floette|Floette-Mega, L50, F\n|-mega|p1a: Floette|Floette|Floettite\n|-ability|p1a: Floette|Fairy Aura\n|move|p2a: Basculegion|Flip Turn|p1a: Floette\n|-damage|p1a: Floette|65/100\n|j| huhyuhyuhyuh\n|\n|t:|1776530558\n|switch|p2a: Kingambit|Kingambit, L50, M|100/100|[from] Flip Turn\n|move|p1a: Floette|Light of Ruin|p2a: Kingambit\n|-damage|p2a: Kingambit|0 fnt\n|faint|p2a: Kingambit\n|-end|p2a: Kingambit|fallenundefined|[silent]\n|-damage|p1a: Floette|17/100|[from] Recoil\n|\n|upkeep\n|\n|t:|1776530561\n|switch|p2a: Basculegion|Basculegion, L50, M|100/100\n|turn|2\n|\n|t:|1776530566\n|move|p2a: Basculegion|Aqua Jet|p1a: Floette\n|-damage|p1a: Floette|0 fnt\n|faint|p1a: Floette\n|\n|upkeep\n|\n|t:|1776530572\n|switch|p1a: Aegislash|Aegislash, L50, F|100/100\n|turn|3\n|\n|t:|1776530575\n|move|p2a: Basculegion|Last Respects|p1a: Aegislash\n|-supereffective|p1a: Aegislash|1\n|-damage|p1a: Aegislash|0 fnt\n|faint|p1a: Aegislash\n|\n|upkeep\n|\n|t:|1776530579\n|switch|p1a: Corviknight|Corviknight, L50, M|100/100\n|-ability|p1a: Corviknight|Pressure\n|turn|4\n|\n|t:|1776530582\n|move|p2a: Basculegion|Flip Turn|p1a: Corviknight\n|-damage|p1a: Corviknight|76/100\n|\n|t:|1776530584\n|switch|p2a: Lucario|Lucario, L50, M|100/100|[from] Flip Turn\n|move|p1a: Corviknight|Bulk Up|p1a: Corviknight\n|-boost|p1a: Corviknight|atk|1\n|-boost|p1a: Corviknight|def|1\n|\n|upkeep\n|turn|5\n|\n|t:|1776530587\n|detailschange|p2a: Lucario|Lucario-Mega, L50, M\n|-mega|p2a: Lucario|Lucario|Lucarionite\n|move|p2a: Lucario|Focus Blast|p1a: Corviknight|[miss]\n|-miss|p2a: Lucario|p1a: Corviknight\n|move|p1a: Corviknight|Bulk Up|p1a: Corviknight\n|-boost|p1a: Corviknight|atk|1\n|-boost|p1a: Corviknight|def|1\n|\n|upkeep\n|turn|6\n|\n|t:|1776530593\n|move|p2a: Lucario|Focus Blast|p1a: Corviknight\n|-damage|p1a: Corviknight|0 fnt\n|faint|p1a: Corviknight\n|\n|win|hoshigumo1101\n|raw|6-zinnia's rating: 1388 &rarr; <strong>1368</strong><br />(-20 for losing)\n|raw|hoshigumo1101's rating: 1380 &rarr; <strong>1400</strong><br />(+20 for winning)\n|l|\u26066-zinnia\n|player|p1|\n|l| huhyuhyuhyuh\n",
  "uploadtime": 1776530605,
  "views": 9,
  "formatid": "gen9championsbssregma",
  "rating": 1368,
  "private": 0,
  "password": null
}