{
  "id": "gen9championsbssregma-2582193219",
  "format": "[Gen 9 Champions] BSS Reg M-A",
  "players": [
    "OOSIKO",
    "Karl La Hire"
  ],
  "log": "|j|\u2606OOSIKO\n|j|\u2606Karl La Hire\n|t:|1776069677\n|gametype|singles\n|player|p1|OOSIKO|elesa|1228\n|player|p2|Karl La Hire|proton|1213\n|gen|9\n|tier|[Gen 9 Champions] BSS Reg M-A\n|rated|\n|rule|Species Clause: Limit one of each Pok\u00e9mon\n|rule|Item Clause: Limit 1 of each item\n|clearpoke\n|poke|p1|Tyranitar, L50, M|\n|poke|p1|Corviknight, L50, M|\n|poke|p1|Emboar, L50, M|\n|poke|p1|Rotom-Wash, L50|\n|poke|p1|Sinistcha-Masterpiece, L50|\n|poke|p1|Garchomp, L50, F|\n|poke|p2|Sylveon, L50, M|\n|poke|p2|Aegislash, L50, M|\n|poke|p2|Blastoise, L50, F|\n|poke|p2|Espathra, L50, M|\n|poke|p2|Garchomp, L50, F|\n|poke|p2|Venusaur, L50, F|\n|teampreview|3\n|j| xXcrossbowXx\n|inactive|Battle timer is ON: inactive players will automatically lose when time's up. (requested by OOSIKO)\n|\n|t:|1776069709\n|teamsize|p1|3\n|teamsize|p2|3\n|start\n|switch|p1a: Rotom|Rotom-Wash, L50|100/100\n|switch|p2a: Espathra|Espathra, L50, M|100/100\n|turn|1\n|\n|t:|1776069715\n|move|p2a: Espathra|Protect|p2a: Espathra\n|-singleturn|p2a: Espathra|Protect\n|move|p1a: Rotom|Volt Switch|p2a: Espathra\n|-activate|p2a: Espathra|move: Protect\n|\n|-ability|p2a: Espathra|Speed Boost|boost\n|-boost|p2a: Espathra|spe|1\n|upkeep\n|turn|2\n|\n|t:|1776069718\n|move|p2a: Espathra|Calm Mind|p2a: Espathra\n|-boost|p2a: Espathra|spa|1\n|-boost|p2a: Espathra|spd|1\n|move|p1a: Rotom|Volt Switch|p2a: Espathra\n|-damage|p2a: Espathra|71/100\n|\n|t:|1776069720\n|switch|p1a: Tyranitar|Tyranitar, L50, M|100/100|[from] Volt Switch\n|-weather|Sandstorm|[from] ability: Sand Stream|[of] p1a: Tyranitar\n|\n|-weather|Sandstorm|[upkeep]\n|-damage|p2a: Espathra|65/100|[from] Sandstorm\n|-ability|p2a: Espathra|Speed Boost|boost\n|-boost|p2a: Espathra|spe|1\n|upkeep\n|turn|3\n|\n|t:|1776069727\n|move|p2a: Espathra|Protect|p2a: Espathra\n|-singleturn|p2a: Espathra|Protect\n|move|p1a: Tyranitar|Stealth Rock|p2a: Espathra\n|-sidestart|p2: Karl La Hire|move: Stealth Rock\n|\n|-weather|Sandstorm|[upkeep]\n|-damage|p2a: Espathra|59/100|[from] Sandstorm\n|-ability|p2a: Espathra|Speed Boost|boost\n|-boost|p2a: Espathra|spe|1\n|upkeep\n|turn|4\n|\n|t:|1776069731\n|move|p2a: Espathra|Baton Pass|p2a: Espathra\n|\n|t:|1776069732\n|switch|p2a: Blastoise|Blastoise, L50, F|100/100|[from] Baton Pass\n|-damage|p2a: Blastoise|88/100|[from] Stealth Rock\n|move|p1a: Tyranitar|Knock Off|p2a: Blastoise\n|-damage|p2a: Blastoise|62/100\n|\n|-weather|Sandstorm|[upkeep]\n|-damage|p2a: Blastoise|56/100|[from] Sandstorm\n|upkeep\n|turn|5\n|\n|t:|1776069739\n|detailschange|p2a: Blastoise|Blastoise-Mega, L50, F\n|-mega|p2a: Blastoise|Blastoise|Blastoisinite\n|detailschange|p1a: Tyranitar|Tyranitar-Mega, L50, M\n|-mega|p1a: Tyranitar|Tyranitar|Tyranitarite\n|move|p2a: Blastoise|Aura Sphere|p1a: Tyranitar\n|-supereffective|p1a: Tyranitar|2\n|-damage|p1a: Tyranitar|4/100\n|move|p1a: Tyranitar|Stone Edge|p2a: Blastoise\n|-crit|p2a: Blastoise\n|-damage|p2a: Blastoise|0 fnt\n|faint|p2a: Blastoise\n|\n|-weather|Sandstorm|[upkeep]\n|upkeep\n|\n|t:|1776069745\n|switch|p2a: Sylveon|Sylveon, L50, M|100/100\n|-damage|p2a: Sylveon|88/100|[from] Stealth Rock\n|turn|6\n|\n|t:|1776069749\n|move|p2a: Sylveon|Quick Attack|p1a: Tyranitar\n|-supereffective|p1a: Tyranitar|1\n|-damage|p1a: Tyranitar|0 fnt\n|faint|p1a: Tyranitar\n|\n|-weather|none\n|upkeep\n|j| p74\n|\n|t:|1776069753\n|switch|p1a: Emboar|Emboar, L50, M|100/100\n|turn|7\n|\n|t:|1776069759\n|move|p1a: Emboar|Flare Blitz|p2a: Sylveon\n|-damage|p2a: Sylveon|0 fnt\n|faint|p2a: Sylveon\n|-damage|p1a: Emboar|73/100|[from] Recoil\n|\n|upkeep\n|\n|t:|1776069761\n|switch|p2a: Espathra|Espathra, L50, M|59/100\n|-damage|p2a: Espathra|47/100|[from] Stealth Rock\n|turn|8\n|\n|t:|1776069764\n|move|p2a: Espathra|Protect|p2a: Espathra\n|-singleturn|p2a: Espathra|Protect\n|move|p1a: Emboar|Flare Blitz|p2a: Espathra\n|-activate|p2a: Espathra|move: Protect\n|\n|-ability|p2a: Espathra|Speed Boost|boost\n|-boost|p2a: Espathra|spe|1\n|upkeep\n|turn|9\n|\n|t:|1776069770\n|move|p1a: Emboar|Sucker Punch|p2a: Espathra\n|-supereffective|p2a: Espathra|1\n|-damage|p2a: Espathra|0 fnt\n|faint|p2a: Espathra\n|\n|win|OOSIKO\n|raw|OOSIKO's rating: 1228 &rarr; <strong>1252</strong><br />(+24 for winning)\n|raw|Karl La Hire's rating: 1213 &rarr; <strong>1189</strong><br />(-24 for losing)\n|l| xXcrossbowXx\n|l|\u2606OOSIKO\n|player|p1|\n|l|\u2606Karl La Hire\n|player|p2|\n",
  "uploadtime": 1776070045,
  "views": 3,
  "formatid": "gen9championsbssregma",
  "rating": 1189,
  "private": 0,
  "password": null
}