{
  "id": "gen9championsbssregma-2589529428",
  "format": "[Gen 9 Champions] BSS Reg M-A",
  "players": [
    "secspanther",
    "Bruno Strati"
  ],
  "log": "|j|\u2606secspanther\n|j|\u203dBruno Strati\n|t:|1776731302\n|gametype|singles\n|player|p1|secspanther|swimmer-gen4dp|1064\n|player|p2|Bruno Strati|169|1124\n|gen|9\n|tier|[Gen 9 Champions] BSS Reg M-A\n|rated|\n|rule|Species Clause: Limit one of each Pok\u00e9mon\n|rule|Item Clause: Limit 1 of each item\n|clearpoke\n|poke|p1|Milotic, L50, F, shiny|\n|poke|p1|Skarmory, L50, M|\n|poke|p1|Garchomp, L50, M|\n|poke|p1|Espeon, L50, M|\n|poke|p1|Kingambit, L50, M|\n|poke|p1|Meowscarada, L50, F|\n|poke|p2|Gengar, L50, F|\n|poke|p2|Clefable, L50, F|\n|poke|p2|Excadrill, L50, M|\n|poke|p2|Volcarona, L50, M|\n|poke|p2|Scizor, L50, M|\n|poke|p2|Hydreigon, L50, F|\n|teampreview|3\n|inactive|Battle timer is ON: inactive players will automatically lose when time's up. (requested by secspanther)\n|\n|t:|1776731341\n|teamsize|p1|3\n|teamsize|p2|3\n|start\n|switch|p1a: Milotic|Milotic, L50, F, shiny|100/100\n|switch|p2a: Volcarona|Volcarona, L50, M|100/100\n|turn|1\n|\n|t:|1776731347\n|move|p2a: Volcarona|Quiver Dance|p2a: Volcarona\n|-boost|p2a: Volcarona|spa|1\n|-boost|p2a: Volcarona|spd|1\n|-boost|p2a: Volcarona|spe|1\n|move|p1a: Milotic|Scald|p2a: Volcarona\n|-supereffective|p2a: Volcarona|1\n|-damage|p2a: Volcarona|55/100\n|\n|upkeep\n|turn|2\n|\n|t:|1776731363\n|move|p2a: Volcarona|Giga Drain|p1a: Milotic\n|-supereffective|p1a: Milotic|1\n|-damage|p1a: Milotic|32/100\n|-heal|p2a: Volcarona|97/100|[from] drain|[of] p1a: Milotic\n|move|p1a: Milotic|Flip Turn|p2a: Volcarona\n|-supereffective|p2a: Volcarona|1\n|-damage|p2a: Volcarona|55/100\n|-status|p1a: Milotic|brn|[from] ability: Flame Body|[of] p2a: Volcarona\n|\n|t:|1776731372\n|switch|p1a: Garchomp|Garchomp, L50, M|100/100|[from] Flip Turn\n|\n|upkeep\n|turn|3\n|inactive|Bruno Strati has 30 seconds left.\n|\n|t:|1776731405\n|move|p2a: Volcarona|Bug Buzz|p1a: Garchomp\n|-damage|p1a: Garchomp|10/100\n|-enditem|p1a: Garchomp|Sitrus Berry|[eat]\n|-heal|p1a: Garchomp|34/100|[from] item: Sitrus Berry\n|move|p1a: Garchomp|Earthquake|p2a: Volcarona\n|-damage|p2a: Volcarona|0 fnt\n|faint|p2a: Volcarona\n|\n|upkeep\n|\n|t:|1776731419\n|switch|p2a: Hydreigon|Hydreigon, L50, F|100/100\n|turn|4\n|\n|t:|1776731428\n|move|p2a: Hydreigon|Dark Pulse|p1a: Garchomp\n|-damage|p1a: Garchomp|0 fnt\n|faint|p1a: Garchomp\n|\n|upkeep\n|\n|t:|1776731432\n|switch|p1a: Milotic|Milotic, L50, F, shiny|32/100 brn\n|turn|5\n|\n|t:|1776731436\n|move|p2a: Hydreigon|Dark Pulse|p1a: Milotic\n|-damage|p1a: Milotic|2/100 brn\n|move|p1a: Milotic|Draining Kiss|p2a: Hydreigon\n|-supereffective|p2a: Hydreigon|2\n|-damage|p2a: Hydreigon|39/100\n|-heal|p1a: Milotic|41/100 brn|[from] drain|[of] p2a: Hydreigon\n|\n|-heal|p1a: Milotic|47/100 brn|[from] item: Leftovers\n|-damage|p1a: Milotic|41/100 brn|[from] brn\n|upkeep\n|turn|6\n|\n|t:|1776731445\n|switch|p2a: Clefable|Clefable, L50, F|100/100\n|move|p1a: Milotic|Draining Kiss|p2a: Clefable\n|-damage|p2a: Clefable|89/100\n|-heal|p1a: Milotic|50/100 brn|[from] drain|[of] p2a: Clefable\n|\n|-heal|p1a: Milotic|56/100 brn|[from] item: Leftovers\n|-heal|p2a: Clefable|95/100|[from] item: Leftovers\n|-damage|p1a: Milotic|50/100 brn|[from] brn\n|upkeep\n|turn|7\n|\n|t:|1776731455\n|move|p1a: Milotic|Recover|p1a: Milotic\n|-heal|p1a: Milotic|99/100 brn\n|move|p2a: Clefable|Calm Mind|p2a: Clefable\n|-boost|p2a: Clefable|spa|1\n|-boost|p2a: Clefable|spd|1\n|\n|-heal|p1a: Milotic|100/100 brn|[from] item: Leftovers\n|-heal|p2a: Clefable|100/100|[from] item: Leftovers\n|-damage|p1a: Milotic|95/100 brn|[from] brn\n|upkeep\n|turn|8\n|\n|t:|1776731471\n|move|p1a: Milotic|Flip Turn|p2a: Clefable\n|-crit|p2a: Clefable\n|-damage|p2a: Clefable|94/100\n|\n|t:|1776731474\n|switch|p1a: Skarmory|Skarmory, L50, M|100/100|[from] Flip Turn\n|move|p2a: Clefable|Flamethrower|p1a: Skarmory\n|-supereffective|p1a: Skarmory|1\n|-damage|p1a: Skarmory|5/100\n|\n|-heal|p2a: Clefable|99/100|[from] item: Leftovers\n|upkeep\n|turn|9\n|inactive|Bruno Strati has 30 seconds left.\n|\n|t:|1776731503\n|detailschange|p1a: Skarmory|Skarmory-Mega, L50, M\n|-mega|p1a: Skarmory|Skarmory|Skarmorite\n|move|p1a: Skarmory|Iron Head|p2a: Clefable\n|-supereffective|p2a: Clefable|1\n|-damage|p2a: Clefable|25/100\n|move|p2a: Clefable|Flamethrower|p1a: Skarmory\n|-supereffective|p1a: Skarmory|1\n|-damage|p1a: Skarmory|0 fnt\n|faint|p1a: Skarmory\n|\n|-heal|p2a: Clefable|31/100|[from] item: Leftovers\n|upkeep\n|\n|t:|1776731514\n|switch|p1a: Milotic|Milotic, L50, F, shiny|95/100 brn\n|turn|10\n|\n|t:|1776731521\n|move|p1a: Milotic|Scald|p2a: Clefable\n|-damage|p2a: Clefable|12/100\n|move|p2a: Clefable|Moonlight|p2a: Clefable\n|-heal|p2a: Clefable|62/100\n|\n|-heal|p1a: Milotic|100/100 brn|[from] item: Leftovers\n|-heal|p2a: Clefable|68/100|[from] item: Leftovers\n|-damage|p1a: Milotic|95/100 brn|[from] brn\n|upkeep\n|turn|11\n|-message|secspanther forfeited.\n|\n|win|Bruno Strati\n|raw|secspanther's rating: 1064 &rarr; <strong>1048</strong><br />(-16 for losing)\n|raw|Bruno Strati's rating: 1124 &rarr; <strong>1145</strong><br />(+21 for winning)\n|l|\u2606secspanther\n|player|p1|\n",
  "uploadtime": 1776731532,
  "views": 5,
  "formatid": "gen9championsbssregma",
  "rating": 1048,
  "private": 0,
  "password": null
}