{
  "id": "gen9championsbssregma-2585949162",
  "format": "[Gen 9 Champions] BSS Reg M-A",
  "players": [
    "Gshs5",
    "bobbobiggo"
  ],
  "log": "|j|\u2606Gshs5\n|j|\u2606bobbobiggo\n|t:|1776384236\n|gametype|singles\n|player|p1|Gshs5|266|1172\n|player|p2|bobbobiggo|ghetsis|1104\n|gen|9\n|tier|[Gen 9 Champions] BSS Reg M-A\n|rated|\n|rule|Species Clause: Limit one of each Pok\u00e9mon\n|rule|Item Clause: Limit 1 of each item\n|clearpoke\n|poke|p1|Absol, L50, F|\n|poke|p1|Gyarados, L50, M|\n|poke|p1|Garchomp, L50, F|\n|poke|p1|Serperior, L50, F|\n|poke|p1|Aegislash, L50, M|\n|poke|p1|Pinsir, L50, M|\n|poke|p2|Corviknight, L50, F|\n|poke|p2|Pelipper, L50, M|\n|poke|p2|Primarina, L50, M|\n|poke|p2|Gengar, L50, F|\n|poke|p2|Starmie, L50|\n|poke|p2|Archaludon, L50, M|\n|teampreview|3\n|inactive|Battle timer is ON: inactive players will automatically lose when time's up. (requested by Gshs5)\n|inactive|bobbobiggo has 60 seconds left.\n|inactive|Gshs5 has 30 seconds left.\n|inactive|bobbobiggo has 30 seconds left.\n|inactive|bobbobiggo has 20 seconds left.\n|inactive|bobbobiggo has 15 seconds left.\n|inactive|bobbobiggo has 10 seconds left.\n|\n|t:|1776384337\n|teamsize|p1|3\n|teamsize|p2|3\n|start\n|switch|p1a: Absol|Absol, L50, F|100/100\n|switch|p2a: Pelipper|Pelipper, L50, M, shiny|100/100\n|-ability|p1a: Absol|Pressure\n|-weather|RainDance|[from] ability: Drizzle|[of] p2a: Pelipper\n|turn|1\n|\n|t:|1776384343\n|detailschange|p1a: Absol|Absol-Mega, L50, F\n|-mega|p1a: Absol|Absol|Absolite\n|move|p1a: Absol|Knock Off|p2a: Pelipper\n|-damage|p2a: Pelipper|41/100\n|-enditem|p2a: Pelipper|Focus Sash|[from] move: Knock Off|[of] p1a: Absol\n|move|p2a: Pelipper|U-turn|p1a: Absol\n|-supereffective|p1a: Absol|1\n|-damage|p1a: Absol|72/100\n|\n|t:|1776384347\n|switch|p2a: Starmie|Starmie, L50, shiny|100/100|[from] U-turn\n|\n|-weather|RainDance|[upkeep]\n|upkeep\n|turn|2\n|\n|t:|1776384354\n|switch|p1a: Gyarados|Gyarados, L50, M|100/100\n|-ability|p1a: Gyarados|Intimidate|boost\n|-unboost|p2a: Starmie|atk|1\n|detailschange|p2a: Starmie|Starmie-Mega, L50, shiny\n|-mega|p2a: Starmie|Starmie|Starminite\n|move|p2a: Starmie|Liquidation|p1a: Gyarados\n|-resisted|p1a: Gyarados|1\n|-damage|p1a: Gyarados|73/100\n|\n|-weather|RainDance|[upkeep]\n|upkeep\n|turn|3\n|\n|t:|1776384361\n|move|p2a: Starmie|Flip Turn|p1a: Gyarados\n|-resisted|p1a: Gyarados|1\n|-damage|p1a: Gyarados|53/100\n|\n|t:|1776384364\n|switch|p2a: Gengar|Gengar, L50, F, shiny|100/100|[from] Flip Turn\n|move|p1a: Gyarados|Thunder Wave|p2a: Gengar\n|-status|p2a: Gengar|par\n|\n|-weather|RainDance|[upkeep]\n|upkeep\n|turn|4\n|\n|t:|1776384368\n|move|p1a: Gyarados|Waterfall|p2a: Gengar\n|-damage|p2a: Gengar|0 fnt\n|-start|p1a: Gyarados|Disable|Waterfall|[from] ability: Cursed Body|[of] p2a: Gengar\n|faint|p2a: Gengar\n|\n|-weather|RainDance|[upkeep]\n|upkeep\n|\n|t:|1776384374\n|switch|p2a: Starmie|Starmie-Mega, L50, shiny|100/100\n|turn|5\n|\n|t:|1776384383\n|move|p2a: Starmie|Zen Headbutt|p1a: Gyarados|[miss]\n|-miss|p2a: Starmie|p1a: Gyarados\n|move|p1a: Gyarados|Thunder Wave|p2a: Starmie\n|-status|p2a: Starmie|par\n|\n|-weather|none\n|upkeep\n|turn|6\n|-message|bobbobiggo forfeited.\n|\n|win|Gshs5\n|raw|Gshs5's rating: 1172 &rarr; <strong>1192</strong><br />(+20 for winning)\n|raw|bobbobiggo's rating: 1104 &rarr; <strong>1084</strong><br />(-20 for losing)\n|l|\u2606bobbobiggo\n|player|p2|\n",
  "uploadtime": 1776384388,
  "views": 5,
  "formatid": "gen9championsbssregma",
  "rating": 1084,
  "private": 0,
  "password": null
}