{
  "id": "gen9championsbssregma-2582894825",
  "format": "[Gen 9 Champions] BSS Reg M-A",
  "players": [
    "Kings_Uchiha",
    "UNDSMHS1377"
  ],
  "log": "|j|\u2606Kings_Uchiha\n|j|\u2606UNDSMHS1377\n|t:|1776122815\n|gametype|singles\n|player|p1|Kings_Uchiha|steven|1155\n|player|p2|UNDSMHS1377|wallace|1171\n|gen|9\n|tier|[Gen 9 Champions] BSS Reg M-A\n|rated|\n|rule|Species Clause: Limit one of each Pok\u00e9mon\n|rule|Item Clause: Limit 1 of each item\n|clearpoke\n|poke|p1|Meowscarada, L50, F|\n|poke|p1|Greninja-*, L50, M|\n|poke|p1|Lucario, L50, M|\n|poke|p1|Garchomp, L50, F|\n|poke|p1|Slowking-Galar, L50, F|\n|poke|p1|Ceruledge, L50, F|\n|poke|p2|Kleavor, L50, M|\n|poke|p2|Charizard, L50, M|\n|poke|p2|Primarina, L50, F|\n|poke|p2|Aerodactyl, L50, M|\n|poke|p2|Arcanine-Hisui, L50, M|\n|poke|p2|Scizor, L50, M|\n|teampreview|3\n|inactive|Battle timer is ON: inactive players will automatically lose when time's up. (requested by Kings_Uchiha)\n|\n|t:|1776122844\n|teamsize|p1|3\n|teamsize|p2|3\n|start\n|switch|p1a: Garchomp|Garchomp, L50, F|100/100\n|switch|p2a: Kleavor|Kleavor, L50, M|100/100\n|turn|1\n|\n|t:|1776122860\n|move|p2a: Kleavor|Tailwind|p2a: Kleavor\n|-sidestart|p2: UNDSMHS1377|move: Tailwind\n|move|p1a: Garchomp|Stealth Rock|p2a: Kleavor\n|-sidestart|p2: UNDSMHS1377|move: Stealth Rock\n|\n|upkeep\n|turn|2\n|\n|t:|1776122871\n|switch|p1a: Lucario|Lucario, L50, M|100/100\n|move|p2a: Kleavor|Defog|p1a: Lucario\n|-unboost|p1a: Lucario|evasion|1\n|-sideend|p2: UNDSMHS1377|Stealth Rock|[from] move: Defog|[of] p2a: Kleavor\n|\n|upkeep\n|turn|3\n|\n|t:|1776122881\n|detailschange|p1a: Lucario|Lucario-Mega, L50, M\n|-mega|p1a: Lucario|Lucario|Lucarionite\n|move|p2a: Kleavor|Stone Axe|p1a: Lucario\n|-resisted|p1a: Lucario|2\n|-damage|p1a: Lucario|83/100\n|-sidestart|p1: Kings_Uchiha|move: Stealth Rock\n|move|p1a: Lucario|Swords Dance|p1a: Lucario\n|-boost|p1a: Lucario|atk|2\n|\n|upkeep\n|turn|4\n|\n|t:|1776122892\n|move|p2a: Kleavor|Stone Axe|p1a: Lucario\n|-resisted|p1a: Lucario|2\n|-damage|p1a: Lucario|66/100\n|move|p1a: Lucario|Meteor Mash|p2a: Kleavor\n|-supereffective|p2a: Kleavor|1\n|-crit|p2a: Kleavor\n|-enditem|p2a: Kleavor|Focus Sash\n|-damage|p2a: Kleavor|1/100\n|\n|-sideend|p2: UNDSMHS1377|move: Tailwind\n|upkeep\n|turn|5\n|\n|t:|1776122903\n|move|p1a: Lucario|Meteor Mash|p2a: Kleavor\n|-supereffective|p2a: Kleavor|1\n|-damage|p2a: Kleavor|0 fnt\n|faint|p2a: Kleavor\n|\n|upkeep\n|\n|t:|1776122909\n|switch|p2a: Scizor|Scizor, L50, M, shiny|100/100\n|turn|6\n|j| p74\n|inactive|Kings_Uchiha has 30 seconds left.\n|\n|t:|1776122945\n|move|p1a: Lucario|Close Combat|p2a: Scizor\n|-damage|p2a: Scizor|0 fnt\n|-unboost|p1a: Lucario|def|1\n|-unboost|p1a: Lucario|spd|1\n|faint|p2a: Scizor\n|\n|upkeep\n|\n|t:|1776122948\n|switch|p2a: Charizard|Charizard, L50, M, shiny|100/100\n|turn|7\n|inactive|Kings_Uchiha has 30 seconds left.\n|\n|t:|1776122979\n|detailschange|p2a: Charizard|Charizard-Mega-X, L50, M, shiny\n|-mega|p2a: Charizard|Charizard|Charizardite X\n|move|p1a: Lucario|Bullet Punch|p2a: Charizard\n|-resisted|p2a: Charizard|1\n|-damage|p2a: Charizard|69/100\n|move|p2a: Charizard|Fire Punch|p1a: Lucario\n|-supereffective|p1a: Lucario|1\n|-damage|p1a: Lucario|0 fnt\n|faint|p1a: Lucario\n|\n|upkeep\n|\n|t:|1776122991\n|switch|p1a: Meowscarada|Meowscarada, L50, F|100/100\n|-damage|p1a: Meowscarada|88/100|[from] Stealth Rock\n|turn|8\n|\n|t:|1776122998\n|move|p1a: Meowscarada|Triple Axel|p2a: Charizard|[miss]\n|-start|p1a: Meowscarada|typechange|Ice|[from] ability: Protean\n|-miss|p1a: Meowscarada|p2a: Charizard\n|move|p2a: Charizard|Fire Punch|p1a: Meowscarada\n|-supereffective|p1a: Meowscarada|1\n|-damage|p1a: Meowscarada|0 fnt\n|faint|p1a: Meowscarada\n|\n|upkeep\n|\n|t:|1776123008\n|switch|p1a: Garchomp|Garchomp, L50, F|100/100\n|-damage|p1a: Garchomp|94/100|[from] Stealth Rock\n|turn|9\n|\n|t:|1776123014\n|move|p2a: Charizard|Dragon Claw|p1a: Garchomp\n|-supereffective|p1a: Garchomp|1\n|-damage|p1a: Garchomp|25/100\n|-damage|p2a: Charizard|57/100|[from] ability: Rough Skin|[of] p1a: Garchomp\n|move|p1a: Garchomp|Dragon Tail|p2a: Charizard\n|-supereffective|p2a: Charizard|1\n|-damage|p2a: Charizard|0 fnt\n|faint|p2a: Charizard\n|\n|win|Kings_Uchiha\n|raw|Kings_Uchiha's rating: 1155 &rarr; <strong>1181</strong><br />(+26 for winning)\n|raw|UNDSMHS1377's rating: 1171 &rarr; <strong>1145</strong><br />(-26 for losing)\n|l|\u2606UNDSMHS1377\n|player|p2|\n|l|\u2606Kings_Uchiha\n|player|p1|\n",
  "uploadtime": 1776124550,
  "views": 5,
  "formatid": "gen9championsbssregma",
  "rating": 1145,
  "private": 0,
  "password": null
}