{
  "id": "gen9championsbssregma-2585616135",
  "format": "[Gen 9 Champions] BSS Reg M-A",
  "players": [
    "Keyan_Sans",
    "Lp7604"
  ],
  "log": "|j|\u2606Keyan_Sans\n|j|\u2606Lp7604\n|t:|1776359098\n|gametype|singles\n|player|p1|Keyan_Sans|hugh|1195\n|player|p2|Lp7604|169|1350\n|gen|9\n|tier|[Gen 9 Champions] BSS Reg M-A\n|rated|\n|rule|Species Clause: Limit one of each Pok\u00e9mon\n|rule|Item Clause: Limit 1 of each item\n|clearpoke\n|poke|p1|Aegislash, L50, M|\n|poke|p1|Primarina, L50, M|\n|poke|p1|Glimmora, L50, F|\n|poke|p1|Meowscarada, L50, M|\n|poke|p1|Dragonite, L50, M|\n|poke|p1|Lopunny, L50, F|\n|poke|p2|Blastoise, L50, M|\n|poke|p2|Sneasler, L50, M|\n|poke|p2|Conkeldurr, L50, M|\n|poke|p2|Greninja-*, L50, M|\n|poke|p2|Delphox, L50, M|\n|poke|p2|Mamoswine, L50, M|\n|teampreview|3\n|inactive|Battle timer is ON: inactive players will automatically lose when time's up. (requested by Keyan_Sans)\n|inactive|Lp7604 has 60 seconds left.\n|inactive|Keyan_Sans has 60 seconds left.\n|\n|t:|1776359157\n|teamsize|p1|3\n|teamsize|p2|3\n|start\n|switch|p1a: Meowscarada|Meowscarada, L50, M|100/100\n|switch|p2a: Blastoise|Blastoise, L50, M, shiny|100/100\n|turn|1\n|\n|t:|1776359167\n|switch|p2a: Sneasler|Sneasler, L50, M|100/100\n|move|p1a: Meowscarada|Flower Trick|p2a: Sneasler\n|-start|p1a: Meowscarada|typechange|Grass|[from] ability: Protean\n|-resisted|p2a: Sneasler|1\n|-crit|p2a: Sneasler\n|-damage|p2a: Sneasler|60/100\n|\n|upkeep\n|turn|2\n|\n|t:|1776359176\n|switch|p1a: Dragonite|Dragonite, L50, M|100/100\n|move|p2a: Sneasler|Swords Dance|p2a: Sneasler\n|-boost|p2a: Sneasler|atk|2\n|\n|upkeep\n|turn|3\n|\n|t:|1776359184\n|move|p2a: Sneasler|Dire Claw|p1a: Dragonite\n|-damage|p1a: Dragonite|50/100\n|move|p1a: Dragonite|Dragon Dance|p1a: Dragonite\n|-boost|p1a: Dragonite|atk|1\n|-boost|p1a: Dragonite|spe|1\n|\n|upkeep\n|turn|4\n|\n|t:|1776359193\n|move|p1a: Dragonite|Earthquake|p2a: Sneasler\n|-supereffective|p2a: Sneasler|1\n|-damage|p2a: Sneasler|0 fnt\n|faint|p2a: Sneasler\n|\n|upkeep\n|\n|t:|1776359199\n|switch|p2a: Conkeldurr|Conkeldurr, L50, M, shiny|100/100\n|turn|5\n|\n|t:|1776359204\n|move|p1a: Dragonite|Earthquake|p2a: Conkeldurr\n|-damage|p2a: Conkeldurr|50/100\n|move|p2a: Conkeldurr|Ice Punch|p1a: Dragonite\n|-supereffective|p1a: Dragonite|2\n|-damage|p1a: Dragonite|0 fnt\n|faint|p1a: Dragonite\n|\n|upkeep\n|\n|t:|1776359209\n|switch|p1a: Primarina|Primarina, L50, M|100/100\n|turn|6\n|\n|t:|1776359218\n|move|p2a: Conkeldurr|Mach Punch|p1a: Primarina\n|-resisted|p1a: Primarina|1\n|-damage|p1a: Primarina|86/100\n|move|p1a: Primarina|Calm Mind|p1a: Primarina\n|-boost|p1a: Primarina|spa|1\n|-boost|p1a: Primarina|spd|1\n|\n|-heal|p1a: Primarina|91/100|[from] item: Leftovers\n|upkeep\n|turn|7\n|\n|t:|1776359226\n|move|p1a: Primarina|Calm Mind|p1a: Primarina\n|-boost|p1a: Primarina|spa|1\n|-boost|p1a: Primarina|spd|1\n|move|p2a: Conkeldurr|Thunder Punch|p1a: Primarina\n|-supereffective|p1a: Primarina|1\n|-damage|p1a: Primarina|33/100\n|\n|-heal|p1a: Primarina|38/100|[from] item: Leftovers\n|upkeep\n|turn|8\n|\n|t:|1776359236\n|move|p2a: Conkeldurr|Mach Punch|p1a: Primarina\n|-resisted|p1a: Primarina|1\n|-damage|p1a: Primarina|23/100\n|move|p1a: Primarina|Draining Kiss|p2a: Conkeldurr\n|-supereffective|p2a: Conkeldurr|1\n|-damage|p2a: Conkeldurr|0 fnt\n|-heal|p1a: Primarina|65/100|[from] drain|[of] p2a: Conkeldurr\n|faint|p2a: Conkeldurr\n|\n|-heal|p1a: Primarina|71/100|[from] item: Leftovers\n|upkeep\n|\n|t:|1776359247\n|switch|p2a: Blastoise|Blastoise, L50, M, shiny|100/100\n|turn|9\n|-message|Lp7604 forfeited.\n|\n|win|Keyan_Sans\n|raw|Keyan_Sans's rating: 1195 &rarr; <strong>1230</strong><br />(+35 for winning)\n|raw|Lp7604's rating: 1350 &rarr; <strong>1322</strong><br />(-28 for losing)\n|l|\u2606Lp7604\n|player|p2|\n|l|\u2606Keyan_Sans\n|player|p1|\n|j|\u2606Keyan_Sans\n|player|p1|Keyan_Sans|hugh|\n",
  "uploadtime": 1776359259,
  "views": 15,
  "formatid": "gen9championsbssregma",
  "rating": 1230,
  "private": 0,
  "password": null
}