{
  "id": "gen9championsbssregma-2581247334",
  "format": "[Gen 9 Champions] BSS Reg M-A",
  "players": [
    "ray_game0",
    "RobbingNoodles"
  ],
  "log": "|j|\u2606ray_game0\n|j|\u2606RobbingNoodles\n|t:|1775975921\n|gametype|singles\n|player|p1|ray_game0|hiker-gen4|1017\n|player|p2|RobbingNoodles|birdkeeper|1000\n|gen|9\n|tier|[Gen 9 Champions] BSS Reg M-A\n|rated|\n|rule|Species Clause: Limit one of each Pok\u00e9mon\n|rule|Item Clause: Limit 1 of each item\n|clearpoke\n|poke|p1|Clefable, L50, F|\n|poke|p1|Garchomp, L50, M|\n|poke|p1|Hippowdon, L50, M|\n|poke|p2|Greninja-*, L50, M|\n|poke|p2|Kingambit, L50, M|\n|poke|p2|Ceruledge, L50, M|\n|poke|p2|Ninetales-Alola, L50, F|\n|poke|p2|Hydrapple, L50, M|\n|teampreview|3\n|\n|t:|1775975944\n|teamsize|p1|3\n|teamsize|p2|3\n|start\n|switch|p1a: Hippowdon|Hippowdon, L50, M|100/100\n|switch|p2a: Ninetales|Ninetales-Alola, L50, F|100/100\n|-weather|Snowscape|[from] ability: Snow Warning|[of] p2a: Ninetales\n|-weather|Sandstorm|[from] ability: Sand Stream|[of] p1a: Hippowdon\n|turn|1\n|\n|t:|1775975973\n|move|p2a: Ninetales|Freeze-Dry|p1a: Hippowdon\n|-supereffective|p1a: Hippowdon|1\n|-damage|p1a: Hippowdon|59/100\n|move|p1a: Hippowdon|Stealth Rock|p2a: Ninetales\n|-sidestart|p2: RobbingNoodles|move: Stealth Rock\n|\n|-weather|Sandstorm|[upkeep]\n|-damage|p2a: Ninetales|94/100|[from] Sandstorm\n|upkeep\n|turn|2\n|\n|t:|1775975990\n|move|p2a: Ninetales|Encore|p1a: Hippowdon\n|-start|p1a: Hippowdon|Encore\n|move|p1a: Hippowdon|Stealth Rock||[still]\n|-fail|p1a: Hippowdon\n|\n|-weather|Sandstorm|[upkeep]\n|-damage|p2a: Ninetales|88/100|[from] Sandstorm\n|upkeep\n|turn|3\n|\n|t:|1775976028\n|move|p2a: Ninetales|Freeze-Dry|p1a: Hippowdon\n|-supereffective|p1a: Hippowdon|1\n|-damage|p1a: Hippowdon|13/100\n|-enditem|p1a: Hippowdon|Sitrus Berry|[eat]\n|-heal|p1a: Hippowdon|38/100|[from] item: Sitrus Berry\n|move|p1a: Hippowdon|Stealth Rock||[still]\n|-fail|p1a: Hippowdon\n|\n|-weather|Sandstorm|[upkeep]\n|-damage|p2a: Ninetales|82/100|[from] Sandstorm\n|upkeep\n|turn|4\n|\n|t:|1775976048\n|move|p2a: Ninetales|Moonblast|p1a: Hippowdon\n|-damage|p1a: Hippowdon|8/100\n|move|p1a: Hippowdon|Stealth Rock||[still]\n|-fail|p1a: Hippowdon\n|\n|-weather|Sandstorm|[upkeep]\n|-damage|p2a: Ninetales|76/100|[from] Sandstorm\n|-end|p1a: Hippowdon|Encore\n|upkeep\n|turn|5\n|\n|t:|1775976060\n|move|p2a: Ninetales|Moonblast|p1a: Hippowdon\n|-damage|p1a: Hippowdon|0 fnt\n|faint|p1a: Hippowdon\n|\n|-weather|none\n|upkeep\n|\n|t:|1775976071\n|switch|p1a: Garchomp|Garchomp, L50, M|100/100\n|turn|6\n|\n|t:|1775976077\n|move|p2a: Ninetales|Freeze-Dry|p1a: Garchomp\n|-supereffective|p1a: Garchomp|2\n|-enditem|p1a: Garchomp|Focus Sash\n|-damage|p1a: Garchomp|1/100\n|move|p1a: Garchomp|Iron Head|p2a: Ninetales\n|-supereffective|p2a: Ninetales|2\n|-damage|p2a: Ninetales|0 fnt\n|faint|p2a: Ninetales\n|\n|upkeep\n|\n|t:|1775976085\n|switch|p2a: Hydrapple|Hydrapple, L50, M|100/100\n|-damage|p2a: Hydrapple|88/100|[from] Stealth Rock\n|turn|7\n|\n|t:|1775976093\n|move|p1a: Garchomp|Outrage|p2a: Hydrapple\n|-supereffective|p2a: Hydrapple|1\n|-damage|p2a: Hydrapple|31/100\n|move|p2a: Hydrapple|Nasty Plot|p2a: Hydrapple\n|-boost|p2a: Hydrapple|spa|2\n|\n|-heal|p2a: Hydrapple|37/100|[from] item: Leftovers\n|upkeep\n|turn|8\n|\n|t:|1775976117\n|move|p1a: Garchomp|Outrage|p2a: Hydrapple|[from] lockedmove\n|-supereffective|p2a: Hydrapple|1\n|-damage|p2a: Hydrapple|0 fnt\n|faint|p2a: Hydrapple\n|\n|upkeep\n|\n|t:|1775976121\n|switch|p2a: Greninja|Greninja, L50, M|100/100\n|-damage|p2a: Greninja|88/100|[from] Stealth Rock\n|turn|9\n|\n|t:|1775976129\n|move|p2a: Greninja|Ice Beam|p1a: Garchomp\n|-start|p2a: Greninja|typechange|Ice|[from] ability: Protean\n|-supereffective|p1a: Garchomp|2\n|-damage|p1a: Garchomp|0 fnt\n|faint|p1a: Garchomp\n|\n|upkeep\n|\n|t:|1775976136\n|switch|p1a: Clefable|Clefable, L50, F|100/100\n|turn|10\n|\n|t:|1775976169\n|detailschange|p2a: Greninja|Greninja-Mega, L50, M\n|-mega|p2a: Greninja|Greninja|Greninjite\n|move|p2a: Greninja|Sludge Wave|p1a: Clefable\n|-start|p2a: Greninja|typechange|Poison|[from] ability: Protean\n|-supereffective|p1a: Clefable|1\n|-damage|p1a: Clefable|9/100\n|move|p1a: Clefable|Cosmic Power|p1a: Clefable\n|-boost|p1a: Clefable|def|1\n|-boost|p1a: Clefable|spd|1\n|\n|-heal|p1a: Clefable|15/100|[from] item: Leftovers\n|upkeep\n|turn|11\n|\n|t:|1775976180\n|move|p2a: Greninja|Sludge Wave|p1a: Clefable\n|-supereffective|p1a: Clefable|1\n|-damage|p1a: Clefable|0 fnt\n|faint|p1a: Clefable\n|\n|win|RobbingNoodles\n",
  "uploadtime": 1775975924,
  "views": 8,
  "formatid": "gen9championsbssregma",
  "rating": null,
  "private": 0,
  "password": null
}