{
  "id": "gen9championsbssregma-2584845429",
  "format": "[Gen 9 Champions] BSS Reg M-A",
  "players": [
    "Fulgurotek",
    "Ineedaonetype"
  ],
  "log": "|j|\u2606Fulgurotek\n|j|\u2606Ineedaonetype\n|t:|1776288155\n|gametype|singles\n|player|p1|Fulgurotek|2|1326\n|player|p2|Ineedaonetype|101|1349\n|gen|9\n|tier|[Gen 9 Champions] BSS Reg M-A\n|rated|\n|rule|Species Clause: Limit one of each Pok\u00e9mon\n|rule|Item Clause: Limit 1 of each item\n|clearpoke\n|poke|p1|Charizard, L50, M|\n|poke|p1|Garchomp, L50, F|\n|poke|p1|Aegislash, L50, F|\n|poke|p1|Rotom-Wash, L50|\n|poke|p1|Glimmora, L50, M|\n|poke|p1|Floette-Eternal, L50, F|\n|poke|p2|Venusaur, L50, F|\n|poke|p2|Hydreigon, L50, F|\n|poke|p2|Corviknight, L50, F|\n|poke|p2|Meowscarada, L50, F|\n|poke|p2|Snorlax, L50, F|\n|poke|p2|Delphox, L50, F|\n|teampreview|3\n|j| p74\n|\n|t:|1776288187\n|teamsize|p1|3\n|teamsize|p2|3\n|start\n|switch|p1a: Glimmora|Glimmora, L50, M|100/100\n|switch|p2a: CIRCUS CONTRAPTION|Meowscarada, L50, F|100/100\n|turn|1\n|\n|t:|1776288204\n|move|p2a: CIRCUS CONTRAPTION|Flower Trick|p1a: Glimmora\n|-start|p2a: CIRCUS CONTRAPTION|typechange|Grass|[from] ability: Protean\n|-crit|p1a: Glimmora\n|-damage|p1a: Glimmora|42/100\n|-activate|p1a: Glimmora|ability: Toxic Debris\n|-sidestart|p2: Ineedaonetype|move: Toxic Spikes\n|move|p1a: Glimmora|Mud Shot|p2a: CIRCUS CONTRAPTION\n|-resisted|p2a: CIRCUS CONTRAPTION|1\n|-damage|p2a: CIRCUS CONTRAPTION|85/100\n|-unboost|p2a: CIRCUS CONTRAPTION|spe|1\n|\n|upkeep\n|turn|2\n|\n|t:|1776288216\n|switch|p2a: HYDRA|Hydreigon, L50, F|100/100\n|move|p1a: Glimmora|Sludge Wave|p2a: HYDRA\n|-damage|p2a: HYDRA|44/100\n|-status|p2a: HYDRA|psn\n|\n|-damage|p2a: HYDRA|31/100 psn|[from] psn\n|upkeep\n|turn|3\n|\n|t:|1776288229\n|move|p2a: HYDRA|Dark Pulse|p1a: Glimmora\n|-damage|p1a: Glimmora|0 fnt\n|faint|p1a: Glimmora\n|\n|-damage|p2a: HYDRA|19/100 psn|[from] psn\n|upkeep\n|\n|t:|1776288241\n|switch|p1a: Garchomp|Garchomp, L50, F|100/100\n|turn|4\n|\n|t:|1776288244\n|move|p1a: Garchomp|Outrage|p2a: HYDRA\n|-supereffective|p2a: HYDRA|1\n|-damage|p2a: HYDRA|0 fnt\n|faint|p2a: HYDRA\n|\n|upkeep\n|\n|t:|1776288248\n|switch|p2a: AMAZON|Venusaur, L50, F|100/100\n|-sideend|p2: Ineedaonetype|move: Toxic Spikes|[of] p2a: AMAZON\n|turn|5\n|\n|t:|1776288251\n|detailschange|p2a: AMAZON|Venusaur-Mega, L50, F\n|-mega|p2a: AMAZON|Venusaur|Venusaurite\n|move|p1a: Garchomp|Outrage|p2a: AMAZON|[from] lockedmove\n|-damage|p2a: AMAZON|57/100\n|-start|p1a: Garchomp|confusion|[fatigue]\n|move|p2a: AMAZON|Synthesis|p2a: AMAZON\n|-heal|p2a: AMAZON|100/100\n|\n|upkeep\n|turn|6\n|\n|t:|1776288259\n|-activate|p1a: Garchomp|confusion\n|move|p1a: Garchomp|Outrage|p2a: AMAZON\n|-damage|p2a: AMAZON|55/100\n|move|p2a: AMAZON|Sludge Wave|p1a: Garchomp\n|-resisted|p1a: Garchomp|1\n|-damage|p1a: Garchomp|79/100\n|\n|upkeep\n|turn|7\n|\n|t:|1776288265\n|-activate|p1a: Garchomp|confusion\n|move|p1a: Garchomp|Outrage|p2a: AMAZON|[from] lockedmove\n|-damage|p2a: AMAZON|9/100\n|move|p2a: AMAZON|Synthesis|p2a: AMAZON\n|-heal|p2a: AMAZON|58/100\n|\n|upkeep\n|turn|8\n|\n|t:|1776288272\n|switch|p1a: Charizard|Charizard, L50, M|100/100\n|move|p2a: AMAZON|Synthesis|p2a: AMAZON\n|-heal|p2a: AMAZON|100/100\n|\n|upkeep\n|turn|9\n|\n|t:|1776288285\n|move|p1a: Charizard|Dragon Dance|p1a: Charizard\n|-boost|p1a: Charizard|atk|1\n|-boost|p1a: Charizard|spe|1\n|move|p2a: AMAZON|Sludge Wave|p1a: Charizard\n|-damage|p1a: Charizard|50/100\n|\n|upkeep\n|turn|10\n|\n|t:|1776288295\n|detailschange|p1a: Charizard|Charizard-Mega-X, L50, M\n|-mega|p1a: Charizard|Charizard|Charizardite X\n|move|p1a: Charizard|Flare Blitz|p2a: AMAZON\n|-supereffective|p2a: AMAZON|1\n|-damage|p2a: AMAZON|4/100\n|-damage|p1a: Charizard|12/100|[from] Recoil\n|move|p2a: AMAZON|Sludge Wave|p1a: Charizard\n|-damage|p1a: Charizard|0 fnt\n|faint|p1a: Charizard\n|\n|upkeep\n|\n|t:|1776288303\n|switch|p1a: Garchomp|Garchomp, L50, F|79/100\n|turn|11\n|\n|t:|1776288307\n|move|p1a: Garchomp|Outrage|p2a: AMAZON\n|-damage|p2a: AMAZON|0 fnt\n|faint|p2a: AMAZON\n|\n|upkeep\n|\n|t:|1776288308\n|switch|p2a: CIRCUS CONTRAPTION|Meowscarada, L50, F|85/100\n|turn|12\n|\n|t:|1776288312\n|move|p2a: CIRCUS CONTRAPTION|Sucker Punch|p1a: Garchomp\n|-start|p2a: CIRCUS CONTRAPTION|typechange|Dark|[from] ability: Protean\n|-damage|p1a: Garchomp|44/100\n|-damage|p2a: CIRCUS CONTRAPTION|73/100|[from] ability: Rough Skin|[of] p1a: Garchomp\n|move|p1a: Garchomp|Outrage|p2a: CIRCUS CONTRAPTION|[from] lockedmove\n|-damage|p2a: CIRCUS CONTRAPTION|0 fnt\n|faint|p2a: CIRCUS CONTRAPTION\n|-start|p1a: Garchomp|confusion|[fatigue]\n|\n|win|Fulgurotek\n|raw|Fulgurotek's rating: 1326 &rarr; <strong>1347</strong><br />(+21 for winning)\n|raw|Ineedaonetype's rating: 1349 &rarr; <strong>1328</strong><br />(-21 for losing)\n|l|\u2606Fulgurotek\n|player|p1|\n",
  "uploadtime": 1776288358,
  "views": 4,
  "formatid": "gen9championsbssregma",
  "rating": 1328,
  "private": 0,
  "password": null
}