{
  "id": "gen9championsbssregma-2580588431",
  "format": "[Gen 9 Champions] BSS Reg M-A",
  "players": [
    "345tkym",
    "hoshigumo1101"
  ],
  "log": "|j|\u2606345tkym\n|j|\u2606hoshigumo1101\n|t:|1775915776\n|gametype|singles\n|player|p1|345tkym|266|1187\n|player|p2|hoshigumo1101|acetrainerf|1092\n|gen|9\n|tier|[Gen 9 Champions] BSS Reg M-A\n|rated|\n|rule|Species Clause: Limit one of each Pok\u00e9mon\n|rule|Item Clause: Limit 1 of each item\n|clearpoke\n|poke|p1|Hippowdon, L50, F|\n|poke|p1|Lucario, L50, M|\n|poke|p1|Dragonite, L50, F|\n|poke|p1|Scizor, L50, F|\n|poke|p1|Greninja-*, L50, F|\n|poke|p1|Volcarona, L50, F|\n|poke|p2|Corviknight, L50, F|\n|poke|p2|Primarina, L50, M|\n|poke|p2|Garchomp, L50, M|\n|poke|p2|Charizard, L50, F|\n|poke|p2|Gengar, L50, M|\n|poke|p2|Hatterene, L50, F|\n|teampreview|3\n|\n|t:|1775915810\n|teamsize|p1|3\n|teamsize|p2|3\n|start\n|switch|p1a: Hippowdon|Hippowdon, L50, F|100/100\n|switch|p2a: Garchomp|Garchomp, L50, M|100/100\n|-weather|Sandstorm|[from] ability: Sand Stream|[of] p1a: Hippowdon\n|turn|1\n|\n|t:|1775915815\n|switch|p2a: Hatterene|Hatterene, L50, F|100/100\n|move|p1a: Hippowdon|Stealth Rock|p2a: Hatterene\n|move|p2a: Hatterene|Stealth Rock|p1a: Hippowdon|[from] ability: Magic Bounce\n|-sidestart|p1: 345tkym|move: Stealth Rock\n|\n|-weather|Sandstorm|[upkeep]\n|-damage|p2a: Hatterene|94/100|[from] Sandstorm\n|upkeep\n|turn|2\n|\n|t:|1775915821\n|move|p1a: Hippowdon|Ice Fang|p2a: Hatterene\n|-damage|p2a: Hatterene|74/100\n|move|p2a: Hatterene|Psychic|p1a: Hippowdon\n|-damage|p1a: Hippowdon|40/100\n|\n|-weather|Sandstorm|[upkeep]\n|-damage|p2a: Hatterene|68/100|[from] Sandstorm\n|upkeep\n|turn|3\n|\n|t:|1775915827\n|move|p1a: Hippowdon|Earthquake|p2a: Hatterene\n|-damage|p2a: Hatterene|25/100\n|move|p2a: Hatterene|Psychic|p1a: Hippowdon\n|-crit|p1a: Hippowdon\n|-damage|p1a: Hippowdon|0 fnt\n|faint|p1a: Hippowdon\n|\n|-weather|Sandstorm|[upkeep]\n|-damage|p2a: Hatterene|19/100|[from] Sandstorm\n|upkeep\n|\n|t:|1775915829\n|switch|p1a: Scizor|Scizor, L50, F|100/100\n|-damage|p1a: Scizor|88/100|[from] Stealth Rock\n|turn|4\n|\n|t:|1775915839\n|detailschange|p1a: Scizor|Scizor-Mega, L50, F\n|-mega|p1a: Scizor|Scizor|Scizorite\n|move|p1a: Scizor|Swords Dance|p1a: Scizor\n|-boost|p1a: Scizor|atk|2\n|move|p2a: Hatterene|Mystical Fire|p1a: Scizor\n|-supereffective|p1a: Scizor|2\n|-damage|p1a: Scizor|0 fnt\n|faint|p1a: Scizor\n|\n|-weather|Sandstorm|[upkeep]\n|-damage|p2a: Hatterene|13/100|[from] Sandstorm\n|upkeep\n|\n|t:|1775915843\n|switch|p1a: Volcarona|Volcarona, L50, F|100/100\n|-damage|p1a: Volcarona|50/100|[from] Stealth Rock\n|turn|5\n|\n|t:|1775915848\n|move|p1a: Volcarona|Quiver Dance|p1a: Volcarona\n|-boost|p1a: Volcarona|spa|1\n|-boost|p1a: Volcarona|spd|1\n|-boost|p1a: Volcarona|spe|1\n|move|p2a: Hatterene|Nuzzle|p1a: Volcarona\n|-crit|p1a: Volcarona\n|-damage|p1a: Volcarona|44/100\n|-status|p1a: Volcarona|par\n|\n|-weather|none\n|-heal|p1a: Volcarona|50/100 par|[from] item: Leftovers\n|upkeep\n|turn|6\n|-activate|p2a: Hatterene|item: Quick Claw\n|\n|t:|1775915852\n|move|p2a: Hatterene|Psychic|p1a: Volcarona\n|-damage|p1a: Volcarona|18/100 par\n|cant|p1a: Volcarona|par\n|\n|-heal|p1a: Volcarona|24/100 par|[from] item: Leftovers\n|upkeep\n|turn|7\n|\n|t:|1775915859\n|move|p1a: Volcarona|Morning Sun|p1a: Volcarona\n|-heal|p1a: Volcarona|74/100 par\n|move|p2a: Hatterene|Psychic|p1a: Volcarona\n|-damage|p1a: Volcarona|42/100 par\n|\n|-heal|p1a: Volcarona|48/100 par|[from] item: Leftovers\n|upkeep\n|turn|8\n|\n|t:|1775915869\n|switch|p2a: Charizard|Charizard, L50, F|100/100\n|move|p1a: Volcarona|Morning Sun|p1a: Volcarona\n|-heal|p1a: Volcarona|98/100 par\n|\n|-heal|p1a: Volcarona|100/100 par|[from] item: Leftovers\n|upkeep\n|turn|9\n|-message|345tkym forfeited.\n|\n|win|hoshigumo1101\n|raw|345tkym's rating: 1187 &rarr; <strong>1155</strong><br />(-32 for losing)\n|raw|hoshigumo1101's rating: 1092 &rarr; <strong>1125</strong><br />(+33 for winning)\n|l|\u2606345tkym\n|player|p1|\n",
  "uploadtime": 1775915876,
  "views": 29,
  "formatid": "gen9championsbssregma",
  "rating": 1125,
  "private": 0,
  "password": null
}