{
  "id": "gen9championsbssregma-2583100915",
  "format": "[Gen 9 Champions] BSS Reg M-A",
  "players": [
    "mathismathin",
    "GoodraFan706"
  ],
  "log": "|j|\u2606mathismathin\n|j|\u2606GoodraFan706\n|t:|1776142072\n|gametype|singles\n|player|p1|mathismathin|bugsy-masters|1108\n|player|p2|GoodraFan706|pokemonbreederf-gen4|1091\n|gen|9\n|tier|[Gen 9 Champions] BSS Reg M-A\n|rated|\n|rule|Species Clause: Limit one of each Pok\u00e9mon\n|rule|Item Clause: Limit 1 of each item\n|clearpoke\n|poke|p1|Aegislash, L50, M|\n|poke|p1|Meganium, L50, M|\n|poke|p1|Sneasler, L50, M|\n|poke|p1|Dragapult, L50, M|\n|poke|p1|Lycanroc-Dusk, L50, F|\n|poke|p1|Tyranitar, L50, F|\n|poke|p2|Meowscarada, L50, F|\n|poke|p2|Charizard, L50, M|\n|poke|p2|Goodra-Hisui, L50, F|\n|poke|p2|Slowking-Galar, L50, M|\n|poke|p2|Garchomp, L50, M|\n|poke|p2|Glimmora, L50, M|\n|teampreview|3\n|inactive|Battle timer is ON: inactive players will automatically lose when time's up. (requested by GoodraFan706)\n|\n|t:|1776142105\n|teamsize|p1|3\n|teamsize|p2|3\n|start\n|switch|p1a: Sneasler|Sneasler, L50, M|100/100\n|switch|p2a: Meowscarada|Meowscarada, L50, F|100/100\n|turn|1\n|\n|t:|1776142121\n|move|p2a: Meowscarada|U-turn|p1a: Sneasler\n|-start|p2a: Meowscarada|typechange|Bug|[from] ability: Protean\n|-resisted|p1a: Sneasler|2\n|-damage|p1a: Sneasler|86/100\n|\n|t:|1776142122\n|switch|p2a: Glimmora|Glimmora, L50, M|100/100|[from] U-turn\n|move|p1a: Sneasler|U-turn|p2a: Glimmora\n|-resisted|p2a: Glimmora|1\n|-damage|p2a: Glimmora|86/100\n|-activate|p2a: Glimmora|ability: Toxic Debris\n|-sidestart|p1: mathismathin|move: Toxic Spikes\n|\n|t:|1776142129\n|switch|p1a: Aegislash|Aegislash, L50, M|100/100|[from] U-turn\n|\n|upkeep\n|turn|2\n|\n|t:|1776142135\n|move|p2a: Glimmora|Earth Power|p1a: Aegislash\n|-supereffective|p1a: Aegislash|1\n|-damage|p1a: Aegislash|55/100\n|-formechange|p1a: Aegislash|Aegislash-Blade|\n|move|p1a: Aegislash|Poltergeist|p2a: Glimmora\n|-activate|p2a: Glimmora|move: Poltergeist|Focus Sash\n|-damage|p2a: Glimmora|2/100\n|-activate|p2a: Glimmora|ability: Toxic Debris\n|-sidestart|p1: mathismathin|move: Toxic Spikes\n|\n|upkeep\n|turn|3\n|inactive|mathismathin has 30 seconds left.\n|\n|t:|1776142165\n|switch|p2a: Charizard|Charizard, L50, M|100/100\n|move|p1a: Aegislash|Shadow Sneak|p2a: Charizard\n|-damage|p2a: Charizard|60/100\n|\n|upkeep\n|turn|4\n|\n|t:|1776142185\n|detailschange|p2a: Charizard|Charizard-Mega-Y, L50, M\n|-mega|p2a: Charizard|Charizard|Charizardite Y\n|-weather|SunnyDay|[from] ability: Drought|[of] p2a: Charizard\n|move|p1a: Aegislash|Shadow Sneak|p2a: Charizard\n|-damage|p2a: Charizard|15/100\n|move|p2a: Charizard|Roost|p2a: Charizard\n|-heal|p2a: Charizard|66/100\n|-singleturn|p2a: Charizard|move: Roost\n|\n|-weather|SunnyDay|[upkeep]\n|upkeep\n|turn|5\n|\n|t:|1776142188\n|move|p1a: Aegislash|Shadow Sneak|p2a: Charizard\n|-damage|p2a: Charizard|27/100\n|move|p2a: Charizard|Weather Ball|p1a: Aegislash\n|-supereffective|p1a: Aegislash|1\n|-damage|p1a: Aegislash|0 fnt\n|faint|p1a: Aegislash\n|\n|-weather|SunnyDay|[upkeep]\n|upkeep\n|\n|t:|1776142191\n|switch|p1a: Sneasler|Sneasler, L50, M|86/100\n|-sideend|p1: mathismathin|move: Toxic Spikes|[of] p1a: Sneasler\n|turn|6\n|\n|t:|1776142193\n|switch|p2a: Glimmora|Glimmora, L50, M|2/100\n|move|p1a: Sneasler|Dire Claw|p2a: Glimmora\n|-resisted|p2a: Glimmora|2\n|-damage|p2a: Glimmora|0 fnt\n|-activate|p2a: Glimmora|ability: Toxic Debris\n|-sidestart|p1: mathismathin|move: Toxic Spikes\n|faint|p2a: Glimmora\n|\n|-weather|SunnyDay|[upkeep]\n|upkeep\n|\n|t:|1776142199\n|switch|p2a: Meowscarada|Meowscarada, L50, F|100/100\n|turn|7\n|\n|t:|1776142207\n|move|p2a: Meowscarada|Triple Axel|p1a: Sneasler\n|-start|p2a: Meowscarada|typechange|Ice|[from] ability: Protean\n|-damage|p1a: Sneasler|71/100\n|-hitcount|p1a: Sneasler|1\n|move|p1a: Sneasler|Dire Claw|p2a: Meowscarada\n|-damage|p2a: Meowscarada|29/100\n|-status|p2a: Meowscarada|par\n|\n|-weather|SunnyDay|[upkeep]\n|upkeep\n|turn|8\n|-message|GoodraFan706 forfeited.\n|\n|win|mathismathin\n|raw|mathismathin's rating: 1084 &rarr; <strong>1112</strong><br />(+28 for winning)\n|raw|GoodraFan706's rating: 1091 &rarr; <strong>1067</strong><br />(-24 for losing)\n|l|\u2606GoodraFan706\n|player|p2|\n",
  "uploadtime": 1776142222,
  "views": 2,
  "formatid": "gen9championsbssregma",
  "rating": 1067,
  "private": 0,
  "password": null
}