{
  "id": "gen9championsbssregma-2582718234",
  "format": "[Gen 9 Champions] BSS Reg M-A",
  "players": [
    "deepseazapdos",
    "ProgramData"
  ],
  "log": "|j|\u2606deepseazapdos\n|j|\u2606ProgramData\n|t:|1776109351\n|gametype|singles\n|player|p1|deepseazapdos|nate|1094\n|player|p2|ProgramData|102|1000\n|gen|9\n|tier|[Gen 9 Champions] BSS Reg M-A\n|rated|\n|rule|Species Clause: Limit one of each Pok\u00e9mon\n|rule|Item Clause: Limit 1 of each item\n|clearpoke\n|poke|p1|Meowscarada, L50, F|\n|poke|p1|Gengar, L50, M|\n|poke|p1|Ditto, L50|\n|poke|p1|Gyarados, L50, M|\n|poke|p1|Primarina, L50, M|\n|poke|p1|Bellibolt, L50, F|\n|poke|p2|Chimecho, L50, F|\n|poke|p2|Arbok, L50, M|\n|poke|p2|Goodra-Hisui, L50, M|\n|poke|p2|Decidueye, L50, F|\n|poke|p2|Passimian, L50, F|\n|poke|p2|Wyrdeer, L50, M|\n|teampreview|3\n|c|\u2606ProgramData|disclaimer\n|c|\u2606ProgramData|my team is made of random bs I wanted to check out\n|c|\u2606deepseazapdos|Oh, okay fair enough\n|inactive|Battle timer is ON: inactive players will automatically lose when time's up. (requested by ProgramData)\n|\n|t:|1776109430\n|teamsize|p1|3\n|teamsize|p2|3\n|start\n|switch|p1a: Primarina|Primarina, L50, M|100/100\n|switch|p2a: Decidueye|Decidueye, L50, F|100/100\n|turn|1\n|\n|t:|1776109447\n|switch|p1a: Bellibolt|Bellibolt, L50, F|100/100\n|move|p2a: Decidueye|Spirit Shackle|p1a: Bellibolt\n|-damage|p1a: Bellibolt|66/100\n|-activate|p1a: Bellibolt|trapped\n|-start|p1a: Bellibolt|Charge|Spirit Shackle|[from] ability: Electromorphosis\n|\n|-heal|p1a: Bellibolt|72/100|[from] item: Leftovers\n|upkeep\n|turn|2\n|\n|t:|1776109467\n|move|p2a: Decidueye|Spirit Shackle|p1a: Bellibolt\n|-crit|p1a: Bellibolt\n|-damage|p1a: Bellibolt|14/100\n|-start|p1a: Bellibolt|Charge|Spirit Shackle|[from] ability: Electromorphosis\n|move|p1a: Bellibolt|Volt Switch|p2a: Decidueye\n|-resisted|p2a: Decidueye|1\n|-damage|p2a: Decidueye|72/100\n|-end|p1a: Bellibolt|Charge|[silent]\n|\n|t:|1776109475\n|switch|p1a: Gengar|Gengar, L50, M|100/100|[from] Volt Switch\n|\n|upkeep\n|turn|3\n|\n|t:|1776109481\n|detailschange|p1a: Gengar|Gengar-Mega, L50, M\n|-mega|p1a: Gengar|Gengar|Gengarite\n|move|p2a: Decidueye|Spirit Shackle|p1a: Gengar\n|-supereffective|p1a: Gengar|1\n|-damage|p1a: Gengar|0 fnt\n|faint|p1a: Gengar\n|\n|upkeep\n|\n|t:|1776109488\n|switch|p1a: Bellibolt|Bellibolt, L50, F|14/100\n|turn|4\n|\n|t:|1776109494\n|move|p2a: Decidueye|Spirit Shackle|p1a: Bellibolt\n|-damage|p1a: Bellibolt|0 fnt\n|faint|p1a: Bellibolt\n|\n|upkeep\n|\n|t:|1776109500\n|switch|p1a: Primarina|Primarina, L50, M|100/100\n|turn|5\n|\n|t:|1776109504\n|switch|p2a: Chimecho|Chimecho, L50, F|100/100\n|move|p1a: Primarina|Moonblast|p2a: Chimecho\n|-damage|p2a: Chimecho|59/100\n|\n|upkeep\n|turn|6\n|\n|t:|1776109513\n|detailschange|p2a: Chimecho|Chimecho-Mega, L50, F\n|-mega|p2a: Chimecho|Chimecho|Chimechite\n|move|p2a: Chimecho|Calm Mind|p2a: Chimecho\n|-boost|p2a: Chimecho|spa|1\n|-boost|p2a: Chimecho|spd|1\n|move|p1a: Primarina|Moonblast|p2a: Chimecho\n|-resisted|p2a: Chimecho|1\n|-damage|p2a: Chimecho|48/100\n|\n|upkeep\n|turn|7\n|\n|t:|1776109522\n|move|p2a: Chimecho|Draining Kiss|p1a: Primarina\n|-crit|p1a: Primarina\n|-damage|p1a: Primarina|65/100\n|-heal|p2a: Chimecho|76/100|[from] drain|[of] p1a: Primarina\n|move|p1a: Primarina|Sparkling Aria|p2a: Chimecho\n|-damage|p2a: Chimecho|53/100\n|\n|upkeep\n|turn|8\n|\n|t:|1776109531\n|move|p2a: Chimecho|Psychic|p1a: Primarina\n|-damage|p1a: Primarina|0 fnt\n|faint|p1a: Primarina\n|\n|win|ProgramData\n|raw|deepseazapdos's rating: 1076 &rarr; <strong>1050</strong><br />(-26 for losing)\n|raw|ProgramData's rating: 1000 &rarr; <strong>1049</strong><br />(+49 for winning)\n|c|\u2606deepseazapdos|gg!\n|c|\u2606ProgramData|gg\n|c|\u2606deepseazapdos|Cool team\n|c|\u2606ProgramData|thanks\n",
  "uploadtime": 1776109546,
  "views": 2,
  "formatid": "gen9championsbssregma",
  "rating": 1049,
  "private": 0,
  "password": null
}