{
  "id": "gen9championsbssregma-2586831172",
  "format": "[Gen 9 Champions] BSS Reg M-A",
  "players": [
    "Venti0406",
    "fncsproam"
  ],
  "log": "|j|\u2606Venti0406\n|j|\u2606fncsproam\n|t:|1776463543\n|gametype|singles\n|player|p1|Venti0406|n|1078\n|player|p2|fncsproam|steven|1148\n|gen|9\n|tier|[Gen 9 Champions] BSS Reg M-A\n|rated|\n|rule|Species Clause: Limit one of each Pok\u00e9mon\n|rule|Item Clause: Limit 1 of each item\n|clearpoke\n|poke|p1|Lopunny, L50, F|\n|poke|p1|Gengar, L50, F|\n|poke|p1|Aegislash, L50, F|\n|poke|p1|Corviknight, L50, F|\n|poke|p1|Rotom-Wash, L50|\n|poke|p1|Milotic, L50, F|\n|poke|p2|Gengar, L50, M|\n|poke|p2|Palafin, L50, M|\n|poke|p2|Meowscarada, L50, M|\n|poke|p2|Lucario, L50, M|\n|poke|p2|Sylveon, L50, M|\n|poke|p2|Dragonite, L50, M|\n|teampreview|3\n|inactive|Battle timer is ON: inactive players will automatically lose when time's up. (requested by Venti0406)\n|inactive|fncsproam also wants the timer to be on.\n|\n|t:|1776463561\n|teamsize|p1|3\n|teamsize|p2|3\n|start\n|switch|p1a: Lopunny|Lopunny, L50, F|100/100\n|switch|p2a: Meowscarada|Meowscarada, L50, M|100/100\n|turn|1\n|\n|t:|1776463573\n|detailschange|p1a: Lopunny|Lopunny-Mega, L50, F\n|-mega|p1a: Lopunny|Lopunny|Lopunnite\n|move|p1a: Lopunny|Fake Out|p2a: Meowscarada\n|-damage|p2a: Meowscarada|70/100\n|cant|p2a: Meowscarada|flinch\n|\n|upkeep\n|turn|2\n|\n|t:|1776463580\n|move|p2a: Meowscarada|U-turn|p1a: Lopunny\n|-start|p2a: Meowscarada|typechange|Bug|[from] ability: Protean\n|-resisted|p1a: Lopunny|1\n|-damage|p1a: Lopunny|79/100\n|\n|t:|1776463587\n|switch|p2a: Palafin|Palafin, L50, M|100/100|[from] U-turn\n|move|p1a: Lopunny|U-turn|p2a: Palafin\n|-damage|p2a: Palafin|67/100\n|\n|t:|1776463591\n|switch|p1a: Milotic|Milotic, L50, F|100/100|[from] U-turn\n|\n|-heal|p2a: Palafin|73/100|[from] item: Leftovers\n|upkeep\n|turn|3\n|\n|t:|1776463603\n|move|p2a: Palafin|Flip Turn|p1a: Milotic\n|-resisted|p1a: Milotic|1\n|-damage|p1a: Milotic|90/100\n|\n|t:|1776463607\n|detailschange|p2a: Palafin|Palafin-Hero, L50, M\n|switch|p2a: Meowscarada|Meowscarada, L50, M|70/100|[from] Flip Turn\n|move|p1a: Milotic|Flip Turn|p2a: Meowscarada\n|-resisted|p2a: Meowscarada|1\n|-damage|p2a: Meowscarada|61/100\n|\n|t:|1776463610\n|switch|p1a: Lopunny|Lopunny-Mega, L50, F|79/100|[from] Flip Turn\n|\n|upkeep\n|turn|4\n|\n|t:|1776463621\n|switch|p2a: Dragonite|Dragonite, L50, M|100/100\n|move|p1a: Lopunny|Fake Out|p2a: Dragonite\n|-damage|p2a: Dragonite|88/100\n|\n|upkeep\n|turn|5\n|\n|t:|1776463633\n|detailschange|p2a: Dragonite|Dragonite-Mega, L50, M\n|-mega|p2a: Dragonite|Dragonite|Dragoninite\n|move|p1a: Lopunny|U-turn|p2a: Dragonite\n|-resisted|p2a: Dragonite|1\n|-damage|p2a: Dragonite|76/100\n|\n|t:|1776463638\n|switch|p1a: Milotic|Milotic, L50, F|90/100|[from] U-turn\n|move|p2a: Dragonite|Fire Blast|p1a: Milotic\n|-resisted|p1a: Milotic|1\n|-damage|p1a: Milotic|77/100\n|\n|-heal|p1a: Milotic|83/100|[from] item: Leftovers\n|upkeep\n|turn|6\n|\n|t:|1776463653\n|move|p2a: Dragonite|Extreme Speed|p1a: Milotic\n|-damage|p1a: Milotic|57/100\n|move|p1a: Milotic|Flip Turn|p2a: Dragonite\n|-resisted|p2a: Dragonite|1\n|-damage|p2a: Dragonite|69/100\n|\n|t:|1776463660\n|switch|p1a: Lopunny|Lopunny-Mega, L50, F|79/100|[from] Flip Turn\n|\n|upkeep\n|turn|7\n|\n|t:|1776463675\n|switch|p2a: Meowscarada|Meowscarada, L50, M|61/100\n|move|p1a: Lopunny|Fake Out|p2a: Meowscarada\n|-damage|p2a: Meowscarada|31/100\n|\n|upkeep\n|turn|8\n|\n|t:|1776463684\n|switch|p1a: Corviknight|Corviknight, L50, F|100/100\n|move|p2a: Meowscarada|Flower Trick|p1a: Corviknight\n|-start|p2a: Meowscarada|typechange|Grass|[from] ability: Protean\n|-resisted|p1a: Corviknight|2\n|-crit|p1a: Corviknight\n|-damage|p1a: Corviknight|93/100\n|\n|upkeep\n|turn|9\n|\n|t:|1776463701\n|switch|p2a: Palafin|Palafin-Hero, L50, M|73/100\n|-activate|p2a: Palafin|ability: Zero to Hero\n|move|p1a: Corviknight|U-turn|p2a: Palafin\n|-damage|p2a: Palafin|56/100\n|\n|t:|1776463709\n|switch|p1a: Lopunny|Lopunny-Mega, L50, F|79/100|[from] U-turn\n|\n|-heal|p2a: Palafin|62/100|[from] item: Leftovers\n|upkeep\n|turn|10\n|\n|t:|1776463716\n|move|p1a: Lopunny|Fake Out|p2a: Palafin\n|-crit|p2a: Palafin\n|-damage|p2a: Palafin|28/100\n|cant|p2a: Palafin|flinch\n|\n|-heal|p2a: Palafin|34/100|[from] item: Leftovers\n|upkeep\n|turn|11\n|\n|t:|1776463723\n|switch|p1a: Corviknight|Corviknight, L50, F|93/100\n|move|p2a: Palafin|Wave Crash|p1a: Corviknight\n|-damage|p1a: Corviknight|51/100\n|-damage|p2a: Palafin|18/100|[from] Recoil\n|\n|-heal|p2a: Palafin|24/100|[from] item: Leftovers\n|upkeep\n|turn|12\n|\n|t:|1776463745\n|move|p2a: Palafin|Wave Crash|p1a: Corviknight\n|-damage|p1a: Corviknight|4/100\n|-enditem|p1a: Corviknight|Sitrus Berry|[eat]\n|-heal|p1a: Corviknight|29/100|[from] item: Sitrus Berry\n|-damage|p2a: Palafin|6/100|[from] Recoil\n|move|p1a: Corviknight|U-turn|p2a: Palafin\n|-damage|p2a: Palafin|0 fnt\n|faint|p2a: Palafin\n|\n|t:|1776463754\n|switch|p1a: Lopunny|Lopunny-Mega, L50, F|79/100|[from] U-turn\n|\n|upkeep\n|\n|t:|1776463763\n|switch|p2a: Dragonite|Dragonite-Mega, L50, M|69/100\n|turn|13\n|\n|t:|1776463768\n|move|p1a: Lopunny|Fake Out|p2a: Dragonite\n|-damage|p2a: Dragonite|49/100\n|cant|p2a: Dragonite|flinch\n|\n|upkeep\n|turn|14\n|\n|t:|1776463773\n|move|p2a: Dragonite|Extreme Speed|p1a: Lopunny\n|-damage|p1a: Lopunny|50/100\n|move|p1a: Lopunny|U-turn|p2a: Dragonite\n|-resisted|p2a: Dragonite|1\n|-damage|p2a: Dragonite|37/100\n|\n|t:|1776463781\n|switch|p1a: Milotic|Milotic, L50, F|57/100|[from] U-turn\n|\n|-heal|p1a: Milotic|63/100|[from] item: Leftovers\n|upkeep\n|turn|15\n|\n|t:|1776463786\n|move|p2a: Dragonite|Extreme Speed|p1a: Milotic\n|-damage|p1a: Milotic|37/100\n|move|p1a: Milotic|Flip Turn|p2a: Dragonite\n|-resisted|p2a: Dragonite|1\n|-damage|p2a: Dragonite|30/100\n|\n|t:|1776463791\n|switch|p1a: Lopunny|Lopunny-Mega, L50, F|50/100|[from] Flip Turn\n|\n|upkeep\n|turn|16\n|\n|t:|1776463796\n|move|p1a: Lopunny|Fake Out|p2a: Dragonite\n|-crit|p2a: Dragonite\n|-damage|p2a: Dragonite|0 fnt\n|faint|p2a: Dragonite\n|\n|upkeep\n|\n|t:|1776463802\n|switch|p2a: Meowscarada|Meowscarada, L50, M|31/100\n|turn|17\n|\n|t:|1776463810\n|switch|p1a: Corviknight|Corviknight, L50, F|29/100\n|move|p2a: Meowscarada|Knock Off|p1a: Corviknight\n|-start|p2a: Meowscarada|typechange|Dark|[from] ability: Protean\n|-damage|p1a: Corviknight|12/100\n|\n|upkeep\n|turn|18\n|\n|t:|1776463818\n|move|p2a: Meowscarada|Knock Off|p1a: Corviknight\n|-damage|p1a: Corviknight|0 fnt\n|faint|p1a: Corviknight\n|\n|upkeep\n|\n|t:|1776463821\n|switch|p1a: Lopunny|Lopunny-Mega, L50, F|50/100\n|turn|19\n|\n|t:|1776463825\n|move|p1a: Lopunny|Fake Out|p2a: Meowscarada\n|-damage|p2a: Meowscarada|3/100\n|cant|p2a: Meowscarada|flinch\n|\n|upkeep\n|turn|20\n|\n|t:|1776463830\n|switch|p1a: Milotic|Milotic, L50, F|37/100\n|move|p2a: Meowscarada|Knock Off|p1a: Milotic\n|-damage|p1a: Milotic|0 fnt\n|-enditem|p1a: Milotic|Leftovers|[from] move: Knock Off|[of] p2a: Meowscarada\n|faint|p1a: Milotic\n|\n|upkeep\n|\n|t:|1776463835\n|switch|p1a: Lopunny|Lopunny-Mega, L50, F|50/100\n|turn|21\n|\n|t:|1776463846\n|move|p1a: Lopunny|Fake Out|p2a: Meowscarada\n|-damage|p2a: Meowscarada|0 fnt\n|faint|p2a: Meowscarada\n|\n|win|Venti0406\n|raw|Venti0406's rating: 1078 &rarr; <strong>1112</strong><br />(+34 for winning)\n|raw|fncsproam's rating: 1148 &rarr; <strong>1118</strong><br />(-30 for losing)\n",
  "uploadtime": 1776463851,
  "views": 20,
  "formatid": "gen9championsbssregma",
  "rating": 1112,
  "private": 0,
  "password": null
}