{
  "id": "gen9championsbssregma-2583103101",
  "format": "[Gen 9 Champions] BSS Reg M-A",
  "players": [
    "Pomme de mer",
    "zaliyeyuan"
  ],
  "log": "|j|\u2606Pomme de mer\n|j|\u2606zaliyeyuan\n|t:|1776142326\n|gametype|singles\n|player|p1|Pomme de mer|n|1331\n|player|p2|zaliyeyuan|artist-gen4|1310\n|gen|9\n|tier|[Gen 9 Champions] BSS Reg M-A\n|rated|\n|rule|Species Clause: Limit one of each Pok\u00e9mon\n|rule|Item Clause: Limit 1 of each item\n|clearpoke\n|poke|p1|Meganium, L50, M|\n|poke|p1|Scizor, L50, F|\n|poke|p1|Basculegion, L50, M|\n|poke|p1|Tyranitar, L50, F|\n|poke|p1|Volcarona, L50, F|\n|poke|p1|Charizard, L50, M|\n|poke|p2|Starmie, L50|\n|poke|p2|Hydreigon, L50, M|\n|poke|p2|Hippowdon, L50, F|\n|poke|p2|Rotom-Wash, L50|\n|poke|p2|Aegislash, L50, F|\n|poke|p2|Floette-Eternal, L50, F|\n|teampreview|3\n|inactive|Battle timer is ON: inactive players will automatically lose when time's up. (requested by Pomme de mer)\n|j| p74\n|inactive|Pomme de mer has 60 seconds left.\n|inactive|zaliyeyuan has 60 seconds left.\n|\n|t:|1776142393\n|teamsize|p1|3\n|teamsize|p2|3\n|start\n|switch|p1a: Meganium|Meganium, L50, M|100/100\n|switch|p2a: Starmie|Starmie, L50, shiny|100/100\n|turn|1\n|\n|t:|1776142404\n|detailschange|p2a: Starmie|Starmie-Mega, L50, shiny\n|-mega|p2a: Starmie|Starmie|Starminite\n|detailschange|p1a: Meganium|Meganium-Mega, L50, M\n|-mega|p1a: Meganium|Meganium|Meganiumite\n|move|p2a: Starmie|Flip Turn|p1a: Meganium\n|-resisted|p1a: Meganium|1\n|-damage|p1a: Meganium|74/100\n|\n|t:|1776142411\n|switch|p2a: Aegislash|Aegislash, L50, F|100/100|[from] Flip Turn\n|move|p1a: Meganium|Solar Beam||[still]\n|-prepare|p1a: Meganium|Solar Beam\n|-activate|p1a: Meganium|ability: Mega Sol\n|-anim|p1a: Meganium|Solar Beam|p2a: Aegislash\n|-resisted|p2a: Aegislash|1\n|-damage|p2a: Aegislash|71/100\n|\n|upkeep\n|turn|2\n|\n|t:|1776142423\n|move|p1a: Meganium|Weather Ball|p2a: Aegislash\n|-supereffective|p2a: Aegislash|1\n|-damage|p2a: Aegislash|0 fnt\n|faint|p2a: Aegislash\n|\n|upkeep\n|\n|t:|1776142431\n|switch|p2a: Hydreigon|Hydreigon, L50, M, shiny|100/100\n|turn|3\n|\n|t:|1776142444\n|move|p2a: Hydreigon|U-turn|p1a: Meganium\n|-damage|p1a: Meganium|59/100\n|\n|t:|1776142447\n|switch|p2a: Starmie|Starmie-Mega, L50, shiny|100/100|[from] U-turn\n|move|p1a: Meganium|Dazzling Gleam|p2a: Starmie\n|-damage|p2a: Starmie|49/100\n|\n|upkeep\n|turn|4\n|\n|t:|1776142457\n|switch|p1a: Volcarona|Volcarona, L50, F|100/100\n|move|p2a: Starmie|Liquidation|p1a: Volcarona\n|-supereffective|p1a: Volcarona|1\n|-enditem|p1a: Volcarona|Focus Sash\n|-damage|p1a: Volcarona|1/100\n|-unboost|p1a: Volcarona|def|1\n|-status|p2a: Starmie|brn|[from] ability: Flame Body|[of] p1a: Volcarona\n|\n|-damage|p2a: Starmie|44/100 brn|[from] brn\n|upkeep\n|turn|5\n|\n|t:|1776142470\n|move|p2a: Starmie|Flip Turn|p1a: Volcarona\n|-supereffective|p1a: Volcarona|1\n|-crit|p1a: Volcarona\n|-damage|p1a: Volcarona|0 fnt\n|faint|p1a: Volcarona\n|\n|t:|1776142476\n|switch|p2a: Hydreigon|Hydreigon, L50, M, shiny|100/100|[from] Flip Turn\n|\n|upkeep\n|\n|t:|1776142478\n|switch|p1a: Meganium|Meganium-Mega, L50, M|59/100\n|turn|6\n|\n|t:|1776142488\n|move|p2a: Hydreigon|Fire Blast|p1a: Meganium\n|-supereffective|p1a: Meganium|1\n|-damage|p1a: Meganium|0 fnt\n|faint|p1a: Meganium\n|\n|upkeep\n|\n|t:|1776142492\n|switch|p1a: Basculegion|Basculegion, L50, M|100/100\n|turn|7\n|\n|t:|1776142508\n|switch|p2a: Starmie|Starmie-Mega, L50, shiny|44/100 brn\n|move|p1a: Basculegion|Last Respects|p2a: Starmie\n|-supereffective|p2a: Starmie|1\n|-damage|p2a: Starmie|0 fnt\n|faint|p2a: Starmie\n|\n|upkeep\n|\n|t:|1776142516\n|switch|p2a: Hydreigon|Hydreigon, L50, M, shiny|100/100\n|turn|8\n|\n|t:|1776142521\n|move|p2a: Hydreigon|Dark Pulse|p1a: Basculegion\n|-supereffective|p1a: Basculegion|1\n|-damage|p1a: Basculegion|0 fnt\n|faint|p1a: Basculegion\n|\n|win|zaliyeyuan\n|raw|Pomme de mer's rating: 1331 &rarr; <strong>1310</strong><br />(-21 for losing)\n|raw|zaliyeyuan's rating: 1310 &rarr; <strong>1331</strong><br />(+21 for winning)\n|l|\u2606Pomme de mer\n|player|p1|\n|l|\u2606zaliyeyuan\n|player|p2|\n",
  "uploadtime": 1776142961,
  "views": 3,
  "formatid": "gen9championsbssregma",
  "rating": 1310,
  "private": 0,
  "password": null
}