{
  "id": "gen9championsbssregma-2588132098",
  "format": "[Gen 9 Champions] BSS Reg M-A",
  "players": [
    "spiritbird579",
    "joguri"
  ],
  "log": "|j|\u2606spiritbird579\n|j|\u2606joguri\n|t:|1776607637\n|gametype|singles\n|player|p1|spiritbird579|1|1123\n|player|p2|joguri|dawn|1087\n|gen|9\n|tier|[Gen 9 Champions] BSS Reg M-A\n|rated|\n|rule|Species Clause: Limit one of each Pok\u00e9mon\n|rule|Item Clause: Limit 1 of each item\n|clearpoke\n|poke|p1|Hydreigon, L50, F|\n|poke|p1|Primarina, L50, M|\n|poke|p1|Scizor, L50, M|\n|poke|p1|Tyranitar, L50, F|\n|poke|p1|Venusaur, L50, F|\n|poke|p1|Skeledirge, L50, F|\n|poke|p2|Clefable, L50, F|\n|poke|p2|Espathra, L50, M|\n|poke|p2|Charizard, L50, M|\n|poke|p2|Hippowdon, L50, F|\n|poke|p2|Rotom-Wash, L50, shiny|\n|poke|p2|Garchomp, L50, M|\n|teampreview|3\n|inactive|Battle timer is ON: inactive players will automatically lose when time's up. (requested by joguri)\n|\n|t:|1776607675\n|teamsize|p1|3\n|teamsize|p2|3\n|start\n|switch|p1a: Primarina|Primarina, L50, M|100/100\n|switch|p2a: Hamadon|Hippowdon, L50, F|100/100\n|-weather|Sandstorm|[from] ability: Sand Stream|[of] p2a: Hamadon\n|turn|1\n|\n|t:|1776607698\n|move|p1a: Primarina|Sparkling Aria|p2a: Hamadon\n|-supereffective|p2a: Hamadon|1\n|-damage|p2a: Hamadon|5/100\n|-enditem|p2a: Hamadon|Sitrus Berry|[eat]\n|-heal|p2a: Hamadon|29/100|[from] item: Sitrus Berry\n|move|p2a: Hamadon|Yawn|p1a: Primarina\n|-start|p1a: Primarina|move: Yawn|[of] p2a: Hamadon\n|\n|-weather|Sandstorm|[upkeep]\n|-damage|p1a: Primarina|95/100|[from] Sandstorm\n|upkeep\n|turn|2\n|inactive|spiritbird579 has 30 seconds left.\n|inactive|spiritbird579 has 20 seconds left.\n|\n|t:|1776607734\n|move|p1a: Primarina|Flip Turn|p2a: Hamadon\n|-supereffective|p2a: Hamadon|1\n|-damage|p2a: Hamadon|10/100\n|\n|t:|1776607755\n|switch|p1a: Venusaur|Venusaur, L50, F|100/100|[from] Flip Turn\n|move|p2a: Hamadon|Stealth Rock|p1a: Venusaur\n|-sidestart|p1: spiritbird579|move: Stealth Rock\n|\n|-weather|Sandstorm|[upkeep]\n|-damage|p1a: Venusaur|95/100|[from] Sandstorm\n|upkeep\n|turn|3\n|inactive|spiritbird579 has 30 seconds left.\n|\n|t:|1776607784\n|detailschange|p1a: Venusaur|Venusaur-Mega, L50, F\n|-mega|p1a: Venusaur|Venusaur|Venusaurite\n|move|p1a: Venusaur|Sludge Bomb|p2a: Hamadon\n|-resisted|p2a: Hamadon|1\n|-damage|p2a: Hamadon|0 fnt\n|faint|p2a: Hamadon\n|\n|-weather|Sandstorm|[upkeep]\n|-damage|p1a: Venusaur|89/100|[from] Sandstorm\n|upkeep\n|\n|t:|1776607792\n|switch|p2a: Espathra|Espathra, L50, M|100/100\n|turn|4\n|\n|t:|1776607802\n|switch|p1a: Tyranitar|Tyranitar, L50, F|100/100\n|-damage|p1a: Tyranitar|88/100|[from] Stealth Rock\n|move|p2a: Espathra|Protect||[still]\n|-fail|p2a: Espathra\n|\n|-weather|Sandstorm|[upkeep]\n|-damage|p2a: Espathra|95/100|[from] Sandstorm\n|-heal|p2a: Espathra|100/100|[from] item: Leftovers\n|-ability|p2a: Espathra|Speed Boost|boost\n|-boost|p2a: Espathra|spe|1\n|upkeep\n|turn|5\n|\n|t:|1776607826\n|move|p2a: Espathra|Calm Mind|p2a: Espathra\n|-boost|p2a: Espathra|spa|1\n|-boost|p2a: Espathra|spd|1\n|move|p1a: Tyranitar|Stealth Rock|p2a: Espathra\n|-sidestart|p2: joguri|move: Stealth Rock\n|\n|-weather|none\n|-ability|p2a: Espathra|Speed Boost|boost\n|-boost|p2a: Espathra|spe|1\n|upkeep\n|turn|6\n|\n|t:|1776607836\n|move|p2a: Espathra|Protect|p2a: Espathra\n|-singleturn|p2a: Espathra|Protect\n|move|p1a: Tyranitar|Knock Off|p2a: Espathra\n|-activate|p2a: Espathra|move: Protect\n|\n|-ability|p2a: Espathra|Speed Boost|boost\n|-boost|p2a: Espathra|spe|1\n|upkeep\n|turn|7\n|\n|t:|1776607847\n|move|p2a: Espathra|Calm Mind|p2a: Espathra\n|-boost|p2a: Espathra|spa|1\n|-boost|p2a: Espathra|spd|1\n|move|p1a: Tyranitar|Knock Off|p2a: Espathra\n|-supereffective|p2a: Espathra|1\n|-damage|p2a: Espathra|5/100\n|-enditem|p2a: Espathra|Leftovers|[from] move: Knock Off|[of] p1a: Tyranitar\n|\n|-ability|p2a: Espathra|Speed Boost|boost\n|-boost|p2a: Espathra|spe|1\n|upkeep\n|turn|8\n|\n|t:|1776607862\n|move|p2a: Espathra|Protect|p2a: Espathra\n|-singleturn|p2a: Espathra|Protect\n|move|p1a: Tyranitar|Knock Off|p2a: Espathra\n|-activate|p2a: Espathra|move: Protect\n|\n|-ability|p2a: Espathra|Speed Boost|boost\n|-boost|p2a: Espathra|spe|1\n|upkeep\n|turn|9\n|\n|t:|1776607869\n|move|p2a: Espathra|Baton Pass|p2a: Espathra\n|\n|t:|1776607870\n|switch|p2a: Clefable|Clefable, L50, F|100/100|[from] Baton Pass\n|-damage|p2a: Clefable|88/100|[from] Stealth Rock\n|move|p1a: Tyranitar|Knock Off|p2a: Clefable\n|-resisted|p2a: Clefable|1\n|-damage|p2a: Clefable|73/100\n|\n|upkeep\n|turn|10\n|inactive|spiritbird579 has 30 seconds left.\n|inactive|spiritbird579 has 20 seconds left.\n|inactive|spiritbird579 has 15 seconds left.\n|inactive|spiritbird579 has 10 seconds left.\n|\n|t:|1776607916\n|switch|p1a: Venusaur|Venusaur-Mega, L50, F|89/100\n|-damage|p1a: Venusaur|77/100|[from] Stealth Rock\n|move|p2a: Clefable|Cosmic Power|p2a: Clefable\n|-boost|p2a: Clefable|def|1\n|-boost|p2a: Clefable|spd|1\n|\n|upkeep\n|turn|11\n|\n|t:|1776607928\n|move|p2a: Clefable|Stored Power|p1a: Venusaur\n|-supereffective|p1a: Venusaur|1\n|-damage|p1a: Venusaur|0 fnt\n|faint|p1a: Venusaur\n|\n|upkeep\n|-message|spiritbird579 forfeited.\n|\n|win|joguri\n|raw|spiritbird579's rating: 1123 &rarr; <strong>1095</strong><br />(-28 for losing)\n|raw|joguri's rating: 1087 &rarr; <strong>1117</strong><br />(+30 for winning)\n|l|\u2606spiritbird579\n|player|p1|\n",
  "uploadtime": 1776607952,
  "views": 4,
  "formatid": "gen9championsbssregma",
  "rating": 1095,
  "private": 0,
  "password": null
}