{
  "id": "gen9championsbssregma-2584086980",
  "format": "[Gen 9 Champions] BSS Reg M-A",
  "players": [
    "kyotoyoko",
    "DiceyRice"
  ],
  "log": "|j|\u2606kyotoyoko\n|j|\u2606DiceyRice\n|t:|1776223757\n|gametype|singles\n|player|p1|kyotoyoko|caitlin|1327\n|player|p2|DiceyRice|miku-ghost|1423\n|gen|9\n|tier|[Gen 9 Champions] BSS Reg M-A\n|rated|\n|rule|Species Clause: Limit one of each Pok\u00e9mon\n|rule|Item Clause: Limit 1 of each item\n|clearpoke\n|poke|p1|Tyranitar, L50, M|\n|poke|p1|Garchomp, L50, F|\n|poke|p1|Aegislash, L50, F|\n|poke|p1|Meganium, L50, F|\n|poke|p1|Primarina, L50, F|\n|poke|p1|Mimikyu, L50, F|\n|poke|p2|Kingambit, L50, M|\n|poke|p2|Greninja-*, L50, M|\n|poke|p2|Mimikyu, L50, F|\n|poke|p2|Charizard, L50, F|\n|poke|p2|Slowbro, L50, M|\n|poke|p2|Corviknight, L50, F|\n|teampreview|3\n|\n|t:|1776223793\n|teamsize|p1|3\n|teamsize|p2|3\n|start\n|switch|p1a: Tyranitar|Tyranitar, L50, M|100/100\n|switch|p2a: Greninja|Greninja, L50, M|100/100\n|-weather|Sandstorm|[from] ability: Sand Stream|[of] p1a: Tyranitar\n|turn|1\n|\n|t:|1776223800\n|switch|p1a: Primarina|Primarina, L50, F|100/100\n|move|p2a: Greninja|Surf|p1a: Primarina\n|-resisted|p1a: Primarina|1\n|-damage|p1a: Primarina|83/100\n|\n|-weather|Sandstorm|[upkeep]\n|-damage|p2a: Greninja|94/100|[from] Sandstorm\n|-damage|p1a: Primarina|78/100|[from] Sandstorm\n|upkeep\n|turn|2\n|j| p74\n|inactive|Battle timer is ON: inactive players will automatically lose when time's up. (requested by kyotoyoko)\n|j| GF 66\n|\n|t:|1776223808\n|move|p2a: Greninja|Surf|p1a: Primarina\n|-resisted|p1a: Primarina|1\n|-damage|p1a: Primarina|61/100\n|move|p1a: Primarina|Moonblast|p2a: Greninja\n|-supereffective|p2a: Greninja|1\n|-damage|p2a: Greninja|0 fnt\n|faint|p2a: Greninja\n|\n|-weather|Sandstorm|[upkeep]\n|-damage|p1a: Primarina|55/100|[from] Sandstorm\n|upkeep\n|\n|t:|1776223810\n|switch|p2a: Slowbro|Slowbro, L50, M|100/100\n|turn|3\n|\n|t:|1776223814\n|move|p1a: Primarina|Moonblast|p2a: Slowbro\n|-damage|p2a: Slowbro|51/100\n|move|p2a: Slowbro|Nasty Plot|p2a: Slowbro\n|-boost|p2a: Slowbro|spa|2\n|\n|-weather|Sandstorm|[upkeep]\n|-damage|p1a: Primarina|49/100|[from] Sandstorm\n|-damage|p2a: Slowbro|46/100|[from] Sandstorm\n|-enditem|p1a: Primarina|Sitrus Berry|[eat]\n|-heal|p1a: Primarina|74/100|[from] item: Sitrus Berry\n|-enditem|p2a: Slowbro|Sitrus Berry|[eat]\n|-heal|p2a: Slowbro|70/100|[from] item: Sitrus Berry\n|upkeep\n|turn|4\n|\n|t:|1776223819\n|move|p1a: Primarina|Encore|p2a: Slowbro\n|-start|p2a: Slowbro|Encore\n|move|p2a: Slowbro|Nasty Plot|p2a: Slowbro\n|-boost|p2a: Slowbro|spa|2\n|\n|-weather|Sandstorm|[upkeep]\n|-damage|p1a: Primarina|68/100|[from] Sandstorm\n|-damage|p2a: Slowbro|64/100|[from] Sandstorm\n|upkeep\n|turn|5\n|\n|t:|1776223822\n|switch|p2a: Charizard|Charizard, L50, F|100/100\n|move|p1a: Primarina|Moonblast|p2a: Charizard\n|-resisted|p2a: Charizard|1\n|-damage|p2a: Charizard|70/100\n|\n|-weather|none\n|upkeep\n|turn|6\n|\n|t:|1776223834\n|detailschange|p2a: Charizard|Charizard-Mega-X, L50, F\n|-mega|p2a: Charizard|Charizard|Charizardite X\n|move|p2a: Charizard|Flare Blitz|p1a: Primarina\n|-resisted|p1a: Primarina|1\n|-crit|p1a: Primarina\n|-damage|p1a: Primarina|0 fnt\n|faint|p1a: Primarina\n|-damage|p2a: Charizard|42/100|[from] Recoil\n|\n|upkeep\n|\n|t:|1776223843\n|switch|p1a: Garchomp|Garchomp, L50, F|100/100\n|turn|7\n|\n|t:|1776223846\n|move|p1a: Garchomp|Earthquake|p2a: Charizard\n|-supereffective|p2a: Charizard|1\n|-damage|p2a: Charizard|0 fnt\n|faint|p2a: Charizard\n|\n|upkeep\n|\n|t:|1776223847\n|switch|p2a: Slowbro|Slowbro, L50, M|98/100\n|turn|8\n|\n|t:|1776223850\n|switch|p1a: Tyranitar|Tyranitar, L50, M|100/100\n|-weather|Sandstorm|[from] ability: Sand Stream|[of] p1a: Tyranitar\n|move|p2a: Slowbro|Nasty Plot|p2a: Slowbro\n|-boost|p2a: Slowbro|spa|2\n|\n|-weather|Sandstorm|[upkeep]\n|-damage|p2a: Slowbro|92/100|[from] Sandstorm\n|upkeep\n|turn|9\n|\n|t:|1776223857\n|move|p1a: Tyranitar|Thunderbolt|p2a: Slowbro\n|-supereffective|p2a: Slowbro|1\n|-damage|p2a: Slowbro|37/100\n|move|p2a: Slowbro|Trick Room|p2a: Slowbro\n|-fieldstart|move: Trick Room|[of] p2a: Slowbro\n|\n|-weather|Sandstorm|[upkeep]\n|-damage|p2a: Slowbro|31/100|[from] Sandstorm\n|upkeep\n|turn|10\n|\n|t:|1776223861\n|move|p2a: Slowbro|Surf|p1a: Tyranitar\n|-supereffective|p1a: Tyranitar|1\n|-crit|p1a: Tyranitar\n|-enditem|p1a: Tyranitar|Focus Sash\n|-damage|p1a: Tyranitar|1/100\n|move|p1a: Tyranitar|Thunderbolt|p2a: Slowbro\n|-supereffective|p2a: Slowbro|1\n|-damage|p2a: Slowbro|0 fnt\n|faint|p2a: Slowbro\n|\n|win|kyotoyoko\n|raw|kyotoyoko's rating: 1327 &rarr; <strong>1352</strong><br />(+25 for winning)\n|raw|DiceyRice's rating: 1423 &rarr; <strong>1398</strong><br />(-25 for losing)\n",
  "uploadtime": 1776223864,
  "views": 1,
  "formatid": "gen9championsbssregma",
  "rating": 1352,
  "private": 0,
  "password": null
}