{
  "id": "gen9championsbssregma-2588978904",
  "format": "[Gen 9 Champions] BSS Reg M-A",
  "players": [
    "ccand",
    "kth0817"
  ],
  "log": "|j|\u2606ccand\n|j|\u2606kth0817\n|t:|1776691181\n|gametype|singles\n|player|p1|ccand|cheryl|1256\n|player|p2|kth0817|266|1276\n|gen|9\n|tier|[Gen 9 Champions] BSS Reg M-A\n|rated|\n|rule|Species Clause: Limit one of each Pok\u00e9mon\n|rule|Item Clause: Limit 1 of each item\n|clearpoke\n|poke|p1|Gengar, L50, F, shiny|\n|poke|p1|Lopunny, L50, F, shiny|\n|poke|p1|Corviknight, L50, F|\n|poke|p1|Kingambit, L50, F|\n|poke|p1|Rotom-Wash, L50|\n|poke|p1|Hippowdon, L50, M|\n|poke|p2|Gyarados, L50, M|\n|poke|p2|Snorlax, L50, M|\n|poke|p2|Lycanroc-Dusk, L50, F|\n|poke|p2|Hippowdon, L50, M|\n|poke|p2|Sneasler, L50, M|\n|poke|p2|Meganium, L50, M|\n|teampreview|3\n|inactive|Battle timer is ON: inactive players will automatically lose when time's up. (requested by kth0817)\n|j| tomdog9527\n|inactive|ccand has 60 seconds left.\n|\n|t:|1776691223\n|teamsize|p1|3\n|teamsize|p2|3\n|start\n|switch|p1a: Lopunny|Lopunny, L50, F, shiny|100/100\n|switch|p2a: Meganium|Meganium, L50, M|100/100\n|turn|1\n|\n|t:|1776691232\n|detailschange|p1a: Lopunny|Lopunny-Mega, L50, F, shiny\n|-mega|p1a: Lopunny|Lopunny|Lopunnite\n|detailschange|p2a: Meganium|Meganium-Mega, L50, M\n|-mega|p2a: Meganium|Meganium|Meganiumite\n|move|p1a: Lopunny|Triple Axel|p2a: Meganium\n|-supereffective|p2a: Meganium|1\n|-damage|p2a: Meganium|87/100\n|-supereffective|p2a: Meganium|1\n|-damage|p2a: Meganium|62/100\n|-supereffective|p2a: Meganium|1\n|-damage|p2a: Meganium|26/100\n|-hitcount|p2a: Meganium|3\n|move|p2a: Meganium|Solar Beam||[still]\n|-prepare|p2a: Meganium|Solar Beam\n|-activate|p2a: Meganium|ability: Mega Sol\n|-anim|p2a: Meganium|Solar Beam|p1a: Lopunny\n|-damage|p1a: Lopunny|11/100\n|\n|upkeep\n|turn|2\n|\n|t:|1776691250\n|switch|p2a: Snorlax|Snorlax, L50, M|100/100\n|move|p1a: Lopunny|Triple Axel|p2a: Snorlax\n|-damage|p2a: Snorlax|98/100\n|-damage|p2a: Snorlax|92/100\n|-damage|p2a: Snorlax|84/100\n|-hitcount|p2a: Snorlax|3\n|\n|-heal|p2a: Snorlax|90/100|[from] item: Leftovers\n|upkeep\n|turn|3\n|\n|t:|1776691260\n|move|p2a: Snorlax|Protect|p2a: Snorlax\n|-singleturn|p2a: Snorlax|Protect\n|move|p1a: Lopunny|U-turn|p2a: Snorlax\n|-activate|p2a: Snorlax|move: Protect\n|\n|-heal|p2a: Snorlax|96/100|[from] item: Leftovers\n|upkeep\n|turn|4\n|\n|t:|1776691269\n|move|p1a: Lopunny|U-turn|p2a: Snorlax\n|-damage|p2a: Snorlax|78/100\n|\n|t:|1776691287\n|switch|p1a: Hippowdon|Hippowdon, L50, M|100/100|[from] U-turn\n|-weather|Sandstorm|[from] ability: Sand Stream|[of] p1a: Hippowdon\n|move|p2a: Snorlax|Yawn|p1a: Hippowdon\n|-start|p1a: Hippowdon|move: Yawn|[of] p2a: Snorlax\n|\n|-weather|Sandstorm|[upkeep]\n|-damage|p2a: Snorlax|71/100|[from] Sandstorm\n|-heal|p2a: Snorlax|78/100|[from] item: Leftovers\n|upkeep\n|turn|5\n|\n|t:|1776691294\n|switch|p2a: Meganium|Meganium-Mega, L50, M|26/100\n|move|p1a: Hippowdon|Stealth Rock|p2a: Meganium\n|-sidestart|p2: kth0817|move: Stealth Rock\n|\n|-weather|Sandstorm|[upkeep]\n|-damage|p2a: Meganium|20/100|[from] Sandstorm\n|-end|p1a: Hippowdon|move: Yawn|[silent]\n|-status|p1a: Hippowdon|slp\n|upkeep\n|turn|6\n|\n|t:|1776691302\n|move|p2a: Meganium|Synthesis|p2a: Meganium\n|-activate|p2a: Meganium|ability: Mega Sol\n|-heal|p2a: Meganium|87/100\n|cant|p1a: Hippowdon|slp\n|\n|-weather|Sandstorm|[upkeep]\n|-damage|p2a: Meganium|81/100|[from] Sandstorm\n|upkeep\n|turn|7\n|-message|ccand forfeited.\n|\n|win|kth0817\n|raw|ccand's rating: 1256 &rarr; <strong>1232</strong><br />(-24 for losing)\n|raw|kth0817's rating: 1276 &rarr; <strong>1300</strong><br />(+24 for winning)\n|l|\u2606kth0817\n|player|p2|\n",
  "uploadtime": 1776691344,
  "views": 2,
  "formatid": "gen9championsbssregma",
  "rating": 1232,
  "private": 0,
  "password": null
}