{
  "id": "gen9championsbssregma-2584044289",
  "format": "[Gen 9 Champions] BSS Reg M-A",
  "players": [
    "DrSliced",
    "Ineedaonetype"
  ],
  "log": "|j|\u2606DrSliced\n|j|\u2606Ineedaonetype\n|t:|1776219631\n|gametype|singles\n|player|p1|DrSliced|266|1246\n|player|p2|Ineedaonetype|169|1244\n|gen|9\n|tier|[Gen 9 Champions] BSS Reg M-A\n|rated|\n|rule|Species Clause: Limit one of each Pok\u00e9mon\n|rule|Item Clause: Limit 1 of each item\n|clearpoke\n|poke|p1|Excadrill, L50, F|\n|poke|p1|Primarina, L50, F|\n|poke|p1|Garchomp, L50, F|\n|poke|p1|Tauros-Paldea-Blaze, L50, M|\n|poke|p1|Corviknight, L50, M|\n|poke|p1|Meowscarada, L50, M|\n|poke|p2|Pelipper, L50, F|\n|poke|p2|Archaludon, L50, F|\n|poke|p2|Basculegion, L50, M|\n|poke|p2|Charizard, L50, M|\n|poke|p2|Rotom-Wash, L50|\n|poke|p2|Lopunny, L50, M|\n|teampreview|3\n|\n|t:|1776219694\n|teamsize|p1|3\n|teamsize|p2|3\n|start\n|switch|p1a: Excadrill|Excadrill, L50, F|100/100\n|switch|p2a: Lopunny|Lopunny, L50, M|100/100\n|-ability|p1a: Excadrill|Mold Breaker\n|turn|1\n|\n|t:|1776219701\n|switch|p1a: Tauros|Tauros-Paldea-Blaze, L50, M|100/100\n|-ability|p1a: Tauros|Intimidate|boost\n|-unboost|p2a: Lopunny|atk|1\n|detailschange|p2a: Lopunny|Lopunny-Mega, L50, M\n|-mega|p2a: Lopunny|Lopunny|Lopunnite\n|move|p2a: Lopunny|Fake Out|p1a: Tauros\n|-damage|p1a: Tauros|84/100\n|\n|-heal|p1a: Tauros|90/100|[from] item: Leftovers\n|upkeep\n|turn|2\n|\n|t:|1776219713\n|move|p2a: Lopunny|U-turn|p1a: Tauros\n|-resisted|p1a: Tauros|2\n|-damage|p1a: Tauros|85/100\n|\n|t:|1776219715\n|switch|p2a: Basculegion|Basculegion, L50, M|100/100|[from] U-turn\n|move|p1a: Tauros|Wild Charge|p2a: Basculegion\n|-supereffective|p2a: Basculegion|1\n|-damage|p2a: Basculegion|28/100\n|-damage|p1a: Tauros|61/100|[from] Recoil\n|\n|-heal|p1a: Tauros|67/100|[from] item: Leftovers\n|upkeep\n|turn|3\n|j| p74\n|\n|t:|1776219727\n|switch|p1a: Garchomp|Garchomp, L50, F|100/100\n|move|p2a: Basculegion|Flip Turn|p1a: Garchomp\n|-damage|p1a: Garchomp|60/100\n|-damage|p2a: Basculegion|16/100|[from] ability: Rough Skin|[of] p1a: Garchomp\n|\n|t:|1776219735\n|switch|p2a: Lopunny|Lopunny-Mega, L50, M|100/100|[from] Flip Turn\n|\n|upkeep\n|turn|4\n|\n|t:|1776219765\n|switch|p1a: Tauros|Tauros-Paldea-Blaze, L50, M|67/100\n|-ability|p1a: Tauros|Intimidate|boost\n|-fail|p2a: Lopunny|unboost|Attack|[from] ability: Scrappy|[of] p2a: Lopunny\n|move|p2a: Lopunny|Close Combat|p1a: Tauros\n|-damage|p1a: Tauros|0 fnt\n|-unboost|p2a: Lopunny|def|1\n|-unboost|p2a: Lopunny|spd|1\n|faint|p1a: Tauros\n|\n|upkeep\n|\n|t:|1776219771\n|switch|p1a: Excadrill|Excadrill, L50, F|100/100\n|-ability|p1a: Excadrill|Mold Breaker\n|turn|5\n|inactive|Battle timer is ON: inactive players will automatically lose when time's up. (requested by Ineedaonetype)\n|\n|t:|1776219813\n|move|p2a: Lopunny|U-turn|p1a: Excadrill\n|-resisted|p1a: Excadrill|1\n|-damage|p1a: Excadrill|82/100\n|inactive|Ineedaonetype has 30 seconds left.\n|\n|t:|1776219842\n|switch|p2a: Charizard|Charizard, L50, M|100/100|[from] U-turn\n|move|p1a: Excadrill|Rock Tomb|p2a: Charizard\n|-supereffective|p2a: Charizard|2\n|-damage|p2a: Charizard|0 fnt\n|faint|p2a: Charizard\n|\n|upkeep\n|\n|t:|1776219846\n|switch|p2a: Basculegion|Basculegion, L50, M|16/100\n|turn|6\n|\n|t:|1776219865\n|move|p2a: Basculegion|Flip Turn|p1a: Excadrill\n|-supereffective|p1a: Excadrill|1\n|-damage|p1a: Excadrill|0 fnt\n|faint|p1a: Excadrill\n|inactive|Ineedaonetype has 30 seconds left.\n|\n|t:|1776219894\n|switch|p2a: Lopunny|Lopunny-Mega, L50, M|100/100|[from] Flip Turn\n|\n|upkeep\n|\n|t:|1776219916\n|switch|p1a: Garchomp|Garchomp, L50, F|60/100\n|turn|7\n|\n|t:|1776219932\n|move|p2a: Lopunny|Fake Out|p1a: Garchomp\n|-damage|p1a: Garchomp|36/100\n|-damage|p2a: Lopunny|89/100|[from] ability: Rough Skin|[of] p1a: Garchomp\n|cant|p1a: Garchomp|flinch\n|\n|upkeep\n|turn|8\n|\n|t:|1776219935\n|move|p1a: Garchomp|Outrage|p2a: Lopunny\n|-damage|p2a: Lopunny|0 fnt\n|faint|p2a: Lopunny\n|\n|upkeep\n|\n|t:|1776219937\n|switch|p2a: Basculegion|Basculegion, L50, M|16/100\n|turn|9\n|\n|t:|1776219942\n|move|p2a: Basculegion|Aqua Jet|p1a: Garchomp\n|-damage|p1a: Garchomp|7/100\n|-damage|p2a: Basculegion|4/100|[from] ability: Rough Skin|[of] p1a: Garchomp\n|move|p1a: Garchomp|Outrage|p2a: Basculegion|[from] lockedmove\n|-damage|p2a: Basculegion|0 fnt\n|faint|p2a: Basculegion\n|-start|p1a: Garchomp|confusion|[fatigue]\n|\n|win|DrSliced\n|raw|DrSliced's rating: 1246 &rarr; <strong>1271</strong><br />(+25 for winning)\n|raw|Ineedaonetype's rating: 1244 &rarr; <strong>1219</strong><br />(-25 for losing)\n|l|\u2606Ineedaonetype\n|player|p2|\n|l|\u2606DrSliced\n|player|p1|\n",
  "uploadtime": 1776219999,
  "views": 1,
  "formatid": "gen9championsbssregma",
  "rating": 1219,
  "private": 0,
  "password": null
}