{
  "id": "gen9championsbssregma-2586138678",
  "format": "[Gen 9 Champions] BSS Reg M-A",
  "players": [
    "munrang",
    "D1KYPR0STA1NT"
  ],
  "log": "|j|\u2606munrang\n|j|\u2606D1KYPR0STA1NT\n|t:|1776403821\n|gametype|singles\n|player|p1|munrang|2|1073\n|player|p2|D1KYPR0STA1NT|265|1041\n|gen|9\n|tier|[Gen 9 Champions] BSS Reg M-A\n|rated|\n|rule|Species Clause: Limit one of each Pok\u00e9mon\n|rule|Item Clause: Limit 1 of each item\n|clearpoke\n|poke|p1|Gengar, L50, F|\n|poke|p1|Kangaskhan, L50, F|\n|poke|p1|Garchomp, L50, M|\n|poke|p1|Rotom-Wash, L50|\n|poke|p1|Umbreon, L50, F|\n|poke|p1|Corviknight, L50, M|\n|poke|p2|Froslass, L50, F|\n|poke|p2|Incineroar, L50, M|\n|poke|p2|Garchomp, L50, F|\n|poke|p2|Charizard, L50, F|\n|poke|p2|Kommo-o, L50, F|\n|poke|p2|Espathra, L50, M|\n|teampreview|3\n|inactive|Battle timer is ON: inactive players will automatically lose when time's up. (requested by D1KYPR0STA1NT)\n|inactive|munrang also wants the timer to be on.\n|inactive|munrang has 60 seconds left.\n|\n|t:|1776403863\n|teamsize|p1|3\n|teamsize|p2|3\n|start\n|switch|p1a: Rotom|Rotom-Wash, L50|100/100\n|switch|p2a: Espathra|Espathra, L50, M|100/100\n|turn|1\n|\n|t:|1776403869\n|move|p1a: Rotom|Volt Switch|p2a: Espathra\n|-damage|p2a: Espathra|60/100\n|\n|t:|1776403872\n|switch|p1a: Umbreon|Umbreon, L50, F|100/100|[from] Volt Switch\n|move|p2a: Espathra|Calm Mind|p2a: Espathra\n|-boost|p2a: Espathra|spa|1\n|-boost|p2a: Espathra|spd|1\n|\n|-heal|p2a: Espathra|66/100|[from] item: Leftovers\n|-ability|p2a: Espathra|Speed Boost|boost\n|-boost|p2a: Espathra|spe|1\n|upkeep\n|turn|2\n|\n|t:|1776403890\n|move|p2a: Espathra|Baton Pass|p2a: Espathra\n|\n|t:|1776403891\n|switch|p2a: Kommo-o|Kommo-o, L50, F|100/100|[from] Baton Pass\n|move|p1a: Umbreon|Foul Play|p2a: Kommo-o\n|-resisted|p2a: Kommo-o|1\n|-damage|p2a: Kommo-o|88/100\n|\n|upkeep\n|turn|3\n|\n|t:|1776403902\n|move|p2a: Kommo-o|Aura Sphere|p1a: Umbreon\n|-supereffective|p1a: Umbreon|1\n|-crit|p1a: Umbreon\n|-damage|p1a: Umbreon|8/100\n|move|p1a: Umbreon|Yawn|p2a: Kommo-o\n|-start|p2a: Kommo-o|move: Yawn|[of] p1a: Umbreon\n|\n|-heal|p1a: Umbreon|14/100|[from] item: Leftovers\n|upkeep\n|turn|4\n|\n|t:|1776403914\n|move|p2a: Kommo-o|Aura Sphere|p1a: Umbreon\n|-supereffective|p1a: Umbreon|1\n|-damage|p1a: Umbreon|0 fnt\n|faint|p1a: Umbreon\n|\n|-end|p2a: Kommo-o|move: Yawn|[silent]\n|-status|p2a: Kommo-o|slp\n|upkeep\n|\n|t:|1776403919\n|switch|p1a: Gengar|Gengar, L50, F|100/100\n|turn|5\n|\n|t:|1776403922\n|detailschange|p1a: Gengar|Gengar-Mega, L50, F\n|-mega|p1a: Gengar|Gengar|Gengarite\n|cant|p2a: Kommo-o|slp\n|move|p1a: Gengar|Sludge Wave|p2a: Kommo-o\n|-damage|p2a: Kommo-o|42/100 slp\n|\n|upkeep\n|turn|6\n|\n|t:|1776403937\n|cant|p2a: Kommo-o|slp\n|move|p1a: Gengar|Sludge Wave|p2a: Kommo-o\n|-damage|p2a: Kommo-o|0 fnt\n|faint|p2a: Kommo-o\n|\n|upkeep\n|\n|t:|1776403943\n|switch|p2a: Espathra|Espathra, L50, M|66/100\n|turn|7\n|\n|t:|1776403948\n|move|p2a: Espathra|Calm Mind|p2a: Espathra\n|-boost|p2a: Espathra|spa|1\n|-boost|p2a: Espathra|spd|1\n|move|p1a: Gengar|Trick Room|p1a: Gengar\n|-fieldstart|move: Trick Room|[of] p1a: Gengar\n|\n|-heal|p2a: Espathra|72/100|[from] item: Leftovers\n|-ability|p2a: Espathra|Speed Boost|boost\n|-boost|p2a: Espathra|spe|1\n|upkeep\n|turn|8\n|\n|t:|1776403956\n|move|p2a: Espathra|Calm Mind|p2a: Espathra\n|-boost|p2a: Espathra|spa|1\n|-boost|p2a: Espathra|spd|1\n|move|p1a: Gengar|Shadow Ball|p2a: Espathra\n|-supereffective|p2a: Espathra|1\n|-damage|p2a: Espathra|16/100\n|\n|-heal|p2a: Espathra|22/100|[from] item: Leftovers\n|-ability|p2a: Espathra|Speed Boost|boost\n|-boost|p2a: Espathra|spe|1\n|upkeep\n|turn|9\n|\n|t:|1776403965\n|move|p1a: Gengar|Shadow Ball|p2a: Espathra\n|-supereffective|p2a: Espathra|1\n|-damage|p2a: Espathra|0 fnt\n|faint|p2a: Espathra\n|\n|upkeep\n|\n|t:|1776403977\n|switch|p2a: Froslass|Froslass, L50, F|100/100\n|turn|10\n|\n|t:|1776403980\n|switch|p1a: Rotom|Rotom-Wash, L50|100/100\n|detailschange|p2a: Froslass|Froslass-Mega, L50, F\n|-mega|p2a: Froslass|Froslass|Froslassite\n|-weather|Snowscape|[from] ability: Snow Warning|[of] p2a: Froslass\n|move|p2a: Froslass|Shadow Ball|p1a: Rotom\n|-damage|p1a: Rotom|34/100\n|-unboost|p1a: Rotom|spd|1\n|\n|-weather|Snowscape|[upkeep]\n|upkeep\n|turn|11\n|\n|t:|1776403991\n|move|p2a: Froslass|Shadow Ball|p1a: Rotom\n|-damage|p1a: Rotom|0 fnt\n|faint|p1a: Rotom\n|\n|-weather|Snowscape|[upkeep]\n|-fieldend|move: Trick Room\n|upkeep\n|\n|t:|1776403996\n|switch|p1a: Gengar|Gengar-Mega, L50, F|100/100\n|turn|12\n|\n|t:|1776403999\n|move|p1a: Gengar|Shadow Ball|p2a: Froslass\n|-supereffective|p2a: Froslass|1\n|-damage|p2a: Froslass|0 fnt\n|faint|p2a: Froslass\n|\n|win|munrang\n|raw|munrang's rating: 1073 &rarr; <strong>1099</strong><br />(+26 for winning)\n|raw|D1KYPR0STA1NT's rating: 1041 &rarr; <strong>1026</strong><br />(-15 for losing)\n",
  "uploadtime": 1776404005,
  "views": 11,
  "formatid": "gen9championsbssregma",
  "rating": 1026,
  "private": 0,
  "password": null
}