{
  "id": "gen9championsbssregma-2585684538",
  "format": "[Gen 9 Champions] BSS Reg M-A",
  "players": [
    "aqqqxin",
    "64t"
  ],
  "log": "|j|\u2606aqqqxin\n|j|\u260664t\n|t:|1776363594\n|gametype|singles\n|player|p1|aqqqxin|roxie|1000\n|player|p2|64t|169|1000\n|gen|9\n|tier|[Gen 9 Champions] BSS Reg M-A\n|rated|\n|rule|Species Clause: Limit one of each Pok\u00e9mon\n|rule|Item Clause: Limit 1 of each item\n|clearpoke\n|poke|p1|Beedrill, L50, M|\n|poke|p1|Archaludon, L50, F|\n|poke|p1|Hydreigon, L50, F|\n|poke|p1|Skeledirge, L50, F|\n|poke|p1|Mamoswine, L50, F|\n|poke|p1|Lucario, L50, M|\n|poke|p2|Scizor, L50, M|\n|poke|p2|Pelipper, L50, M|\n|poke|p2|Incineroar, L50, M|\n|poke|p2|Dragapult, L50, F|\n|poke|p2|Maushold-Four, L50|\n|poke|p2|Tsareena, L50, F|\n|teampreview|3\n|\n|t:|1776363608\n|teamsize|p1|3\n|teamsize|p2|3\n|start\n|switch|p1a: Beedrill|Beedrill, L50, M|100/100\n|switch|p2a: Pelipper|Pelipper, L50, M|100/100\n|-weather|RainDance|[from] ability: Drizzle|[of] p2a: Pelipper\n|turn|1\n|\n|t:|1776363613\n|detailschange|p1a: Beedrill|Beedrill-Mega, L50, M\n|-mega|p1a: Beedrill|Beedrill|Beedrillite\n|move|p1a: Beedrill|U-turn|p2a: Pelipper\n|-resisted|p2a: Pelipper|1\n|-damage|p2a: Pelipper|73/100\n|\n|t:|1776363621\n|switch|p1a: Hydreigon|Hydreigon, L50, F|100/100|[from] U-turn\n|move|p2a: Pelipper|Tailwind|p2a: Pelipper\n|-sidestart|p2: 64t|move: Tailwind\n|\n|-weather|RainDance|[upkeep]\n|upkeep\n|turn|2\n|\n|t:|1776363637\n|move|p1a: Hydreigon|Dark Pulse|p2a: Pelipper\n|-damage|p2a: Pelipper|8/100\n|move|p2a: Pelipper|Hurricane|p1a: Hydreigon\n|-damage|p1a: Hydreigon|43/100\n|\n|-weather|RainDance|[upkeep]\n|upkeep\n|turn|3\n|\n|t:|1776363649\n|move|p1a: Hydreigon|Dark Pulse|p2a: Pelipper\n|-damage|p2a: Pelipper|0 fnt\n|faint|p2a: Pelipper\n|\n|-weather|RainDance|[upkeep]\n|upkeep\n|\n|t:|1776363655\n|switch|p2a: Scizor|Scizor, L50, M|100/100\n|turn|4\n|\n|t:|1776363663\n|switch|p1a: Mamoswine|Mamoswine, L50, F|100/100\n|detailschange|p2a: Scizor|Scizor-Mega, L50, M\n|-mega|p2a: Scizor|Scizor|Scizorite\n|move|p2a: Scizor|Swords Dance|p2a: Scizor\n|-boost|p2a: Scizor|atk|2\n|\n|-weather|RainDance|[upkeep]\n|-sideend|p2: 64t|move: Tailwind\n|upkeep\n|turn|5\n|\n|t:|1776363683\n|move|p1a: Mamoswine|Earthquake|p2a: Scizor\n|-damage|p2a: Scizor|62/100\n|move|p2a: Scizor|Bug Bite|p1a: Mamoswine\n|-enditem|p1a: Mamoswine|Focus Sash\n|-damage|p1a: Mamoswine|1/100\n|\n|-weather|none\n|upkeep\n|turn|6\n|\n|t:|1776363688\n|move|p2a: Scizor|Bullet Punch|p1a: Mamoswine\n|-supereffective|p1a: Mamoswine|1\n|-damage|p1a: Mamoswine|0 fnt\n|faint|p1a: Mamoswine\n|\n|upkeep\n|\n|t:|1776363690\n|switch|p1a: Hydreigon|Hydreigon, L50, F|43/100\n|turn|7\n|\n|t:|1776363695\n|move|p2a: Scizor|Bullet Punch|p1a: Hydreigon\n|-damage|p1a: Hydreigon|0 fnt\n|faint|p1a: Hydreigon\n|\n|upkeep\n|\n|t:|1776363698\n|switch|p1a: Beedrill|Beedrill-Mega, L50, M|100/100\n|turn|8\n|\n|t:|1776363703\n|move|p2a: Scizor|Bullet Punch|p1a: Beedrill\n|-damage|p1a: Beedrill|0 fnt\n|faint|p1a: Beedrill\n|\n|win|64t\n|raw|aqqqxin's rating: 1000 &rarr; <strong>1000</strong><br />(+0 for losing)\n|raw|64t's rating: 1000 &rarr; <strong>1040</strong><br />(+40 for winning)\n|l|\u2606aqqqxin\n|player|p1|\n",
  "uploadtime": 1776363707,
  "views": 8,
  "formatid": "gen9championsbssregma",
  "rating": 1000,
  "private": 0,
  "password": null
}