{
  "id": "gen9championsbssregma-2583114711",
  "format": "[Gen 9 Champions] BSS Reg M-A",
  "players": [
    "zaliyeyuan",
    "coffeineadd1ct"
  ],
  "log": "|j|\u2606zaliyeyuan\n|j|\u2606coffeineadd1ct\n|t:|1776143714\n|gametype|singles\n|player|p1|zaliyeyuan|artist-gen4|1275\n|player|p2|coffeineadd1ct|2|1342\n|gen|9\n|tier|[Gen 9 Champions] BSS Reg M-A\n|rated|\n|rule|Species Clause: Limit one of each Pok\u00e9mon\n|rule|Item Clause: Limit 1 of each item\n|clearpoke\n|poke|p1|Starmie, L50|\n|poke|p1|Hydreigon, L50, M|\n|poke|p1|Hippowdon, L50, F|\n|poke|p1|Rotom-Wash, L50|\n|poke|p1|Aegislash, L50, F|\n|poke|p1|Floette-Eternal, L50, F|\n|poke|p2|Kangaskhan, L50, F|\n|poke|p2|Aegislash, L50, M|\n|poke|p2|Garchomp, L50, M|\n|poke|p2|Primarina, L50, F|\n|poke|p2|Kingambit, L50, M|\n|poke|p2|Delphox, L50, F|\n|teampreview|3\n|inactive|Battle timer is ON: inactive players will automatically lose when time's up. (requested by coffeineadd1ct)\n|j| p74\n|inactive|zaliyeyuan has 60 seconds left.\n|inactive|coffeineadd1ct has 60 seconds left.\n|inactive|zaliyeyuan has 30 seconds left.\n|inactive|coffeineadd1ct has 30 seconds left.\n|inactive|zaliyeyuan has 20 seconds left.\n|inactive|coffeineadd1ct has 20 seconds left.\n|inactive|zaliyeyuan has 15 seconds left.\n|inactive|coffeineadd1ct has 15 seconds left.\n|inactive|zaliyeyuan has 10 seconds left.\n|inactive|zaliyeyuan has 5 seconds left.\n|\n|t:|1776143806\n|teamsize|p1|3\n|teamsize|p2|3\n|start\n|switch|p1a: Starmie|Starmie, L50, shiny|100/100\n|switch|p2a: Kangaskhan|Kangaskhan, L50, F|100/100\n|turn|1\n|\n|t:|1776143819\n|switch|p1a: Hippowdon|Hippowdon, L50, F|100/100\n|-weather|Sandstorm|[from] ability: Sand Stream|[of] p1a: Hippowdon\n|detailschange|p2a: Kangaskhan|Kangaskhan-Mega, L50, F\n|-mega|p2a: Kangaskhan|Kangaskhan|Kangaskhanite\n|move|p2a: Kangaskhan|Double-Edge|p1a: Hippowdon\n|-damage|p1a: Hippowdon|54/100\n|-damage|p1a: Hippowdon|44/100\n|-enditem|p1a: Hippowdon|Sitrus Berry|[eat]\n|-heal|p1a: Hippowdon|69/100|[from] item: Sitrus Berry\n|-hitcount|p1a: Hippowdon|2\n|-damage|p2a: Kangaskhan|78/100|[from] Recoil\n|\n|-weather|Sandstorm|[upkeep]\n|-damage|p2a: Kangaskhan|72/100|[from] Sandstorm\n|upkeep\n|turn|2\n|\n|t:|1776143839\n|move|p2a: Kangaskhan|Ice Punch|p1a: Hippowdon\n|-supereffective|p1a: Hippowdon|1\n|-damage|p1a: Hippowdon|31/100\n|-supereffective|p1a: Hippowdon|1\n|-damage|p1a: Hippowdon|22/100\n|-hitcount|p1a: Hippowdon|2\n|move|p1a: Hippowdon|Slack Off|p1a: Hippowdon\n|-heal|p1a: Hippowdon|73/100\n|\n|-weather|Sandstorm|[upkeep]\n|-damage|p2a: Kangaskhan|66/100|[from] Sandstorm\n|upkeep\n|turn|3\n|inactive|zaliyeyuan has 30 seconds left.\n|inactive|zaliyeyuan has 20 seconds left.\n|\n|t:|1776143876\n|move|p2a: Kangaskhan|Double-Edge|p1a: Hippowdon\n|-damage|p1a: Hippowdon|31/100\n|-damage|p1a: Hippowdon|21/100\n|-hitcount|p1a: Hippowdon|2\n|-damage|p2a: Kangaskhan|46/100|[from] Recoil\n|move|p1a: Hippowdon|Slack Off|p1a: Hippowdon\n|-heal|p1a: Hippowdon|71/100\n|\n|-weather|Sandstorm|[upkeep]\n|-damage|p2a: Kangaskhan|40/100|[from] Sandstorm\n|upkeep\n|turn|4\n|\n|t:|1776143887\n|move|p2a: Kangaskhan|Ice Punch|p1a: Hippowdon\n|-supereffective|p1a: Hippowdon|1\n|-damage|p1a: Hippowdon|35/100\n|-supereffective|p1a: Hippowdon|1\n|-damage|p1a: Hippowdon|27/100\n|-hitcount|p1a: Hippowdon|2\n|move|p1a: Hippowdon|Slack Off|p1a: Hippowdon\n|-heal|p1a: Hippowdon|77/100\n|\n|-weather|Sandstorm|[upkeep]\n|-damage|p2a: Kangaskhan|34/100|[from] Sandstorm\n|upkeep\n|turn|5\n|\n|t:|1776143912\n|move|p2a: Kangaskhan|Ice Punch|p1a: Hippowdon\n|-supereffective|p1a: Hippowdon|1\n|-damage|p1a: Hippowdon|40/100\n|-supereffective|p1a: Hippowdon|1\n|-damage|p1a: Hippowdon|30/100\n|-hitcount|p1a: Hippowdon|2\n|move|p1a: Hippowdon|Earthquake|p2a: Kangaskhan\n|-damage|p2a: Kangaskhan|0 fnt\n|faint|p2a: Kangaskhan\n|\n|-weather|none\n|upkeep\n|\n|t:|1776143920\n|switch|p2a: Primarina|Primarina, L50, F|100/100\n|turn|6\n|\n|t:|1776143941\n|switch|p1a: Starmie|Starmie, L50, shiny|100/100\n|move|p2a: Primarina|Moonblast|p1a: Starmie\n|-damage|p1a: Starmie|28/100\n|\n|upkeep\n|turn|7\n|\n|t:|1776143948\n|detailschange|p1a: Starmie|Starmie-Mega, L50, shiny\n|-mega|p1a: Starmie|Starmie|Starminite\n|move|p1a: Starmie|Flip Turn|p2a: Primarina\n|-resisted|p2a: Primarina|1\n|-damage|p2a: Primarina|74/100\n|\n|t:|1776143954\n|switch|p1a: Hydreigon|Hydreigon, L50, M, shiny|100/100|[from] Flip Turn\n|move|p2a: Primarina|Moonblast|p1a: Hydreigon\n|-supereffective|p1a: Hydreigon|2\n|-damage|p1a: Hydreigon|0 fnt\n|faint|p1a: Hydreigon\n|\n|upkeep\n|\n|t:|1776143963\n|switch|p1a: Starmie|Starmie-Mega, L50, shiny|28/100\n|turn|8\n|\n|t:|1776143972\n|move|p1a: Starmie|Zen Headbutt|p2a: Primarina\n|-damage|p2a: Primarina|4/100\n|-enditem|p2a: Primarina|Sitrus Berry|[eat]\n|-heal|p2a: Primarina|28/100|[from] item: Sitrus Berry\n|move|p2a: Primarina|Moonblast|p1a: Starmie\n|-damage|p1a: Starmie|0 fnt\n|faint|p1a: Starmie\n|\n|upkeep\n|\n|t:|1776143982\n|switch|p1a: Hippowdon|Hippowdon, L50, F|30/100\n|-weather|Sandstorm|[from] ability: Sand Stream|[of] p1a: Hippowdon\n|turn|9\n|\n|t:|1776143987\n|move|p2a: Primarina|Sparkling Aria|p1a: Hippowdon\n|-supereffective|p1a: Hippowdon|1\n|-damage|p1a: Hippowdon|0 fnt\n|faint|p1a: Hippowdon\n|\n|win|coffeineadd1ct\n|raw|zaliyeyuan's rating: 1275 &rarr; <strong>1255</strong><br />(-20 for losing)\n|raw|coffeineadd1ct's rating: 1342 &rarr; <strong>1358</strong><br />(+16 for winning)\n",
  "uploadtime": 1776143991,
  "views": 6,
  "formatid": "gen9championsbssregma",
  "rating": 1255,
  "private": 0,
  "password": null
}