{
  "id": "gen9championsbssregma-2583189377",
  "format": "[Gen 9 Champions] BSS Reg M-A",
  "players": [
    "lovrillo",
    "PlatinumPassport"
  ],
  "log": "|j|\u2606lovrillo\n|j|\u2606PlatinumPassport\n|t:|1776152750\n|gametype|singles\n|player|p1|lovrillo|265|1239\n|player|p2|PlatinumPassport|102|1388\n|gen|9\n|tier|[Gen 9 Champions] BSS Reg M-A\n|rated|\n|rule|Species Clause: Limit one of each Pok\u00e9mon\n|rule|Item Clause: Limit 1 of each item\n|clearpoke\n|poke|p1|Umbreon, L50, M|\n|poke|p1|Glimmora, L50, M|\n|poke|p1|Venusaur, L50, F|\n|poke|p1|Primarina, L50, M|\n|poke|p1|Clefable, L50, F|\n|poke|p1|Charizard, L50, F|\n|poke|p2|Hippowdon, L50, F|\n|poke|p2|Dragonite, L50, M|\n|poke|p2|Aegislash, L50, F|\n|poke|p2|Gengar, L50, M|\n|poke|p2|Azumarill, L50, F|\n|poke|p2|Volcarona, L50, F|\n|teampreview|3\n|l|\u2606PlatinumPassport\n|player|p2|\n|j|\u2606PlatinumPassport\n|player|p2|PlatinumPassport|102|\n|inactive|Battle timer is ON: inactive players will automatically lose when time's up. (requested by lovrillo)\n|\n|t:|1776152788\n|teamsize|p1|3\n|teamsize|p2|3\n|start\n|switch|p1a: Glimmora|Glimmora, L50, M, shiny|100/100\n|switch|p2a: Gengar|Gengar, L50, M, shiny|100/100\n|turn|1\n|\n|t:|1776152793\n|detailschange|p2a: Gengar|Gengar-Mega, L50, M, shiny\n|-mega|p2a: Gengar|Gengar|Gengarite\n|move|p2a: Gengar|Shadow Ball|p1a: Glimmora\n|-damage|p1a: Glimmora|32/100\n|move|p1a: Glimmora|Mud Shot|p2a: Gengar\n|-supereffective|p2a: Gengar|1\n|-damage|p2a: Gengar|46/100\n|-unboost|p2a: Gengar|spe|1\n|\n|upkeep\n|turn|2\n|j| p74\n|\n|t:|1776152807\n|switch|p2a: Hippowdon|Hippowdon, L50, F, shiny|100/100\n|-weather|Sandstorm|[from] ability: Sand Stream|[of] p2a: Hippowdon\n|move|p1a: Glimmora|Stealth Rock|p2a: Hippowdon\n|-sidestart|p2: PlatinumPassport|move: Stealth Rock\n|\n|-weather|Sandstorm|[upkeep]\n|upkeep\n|turn|3\n|\n|t:|1776152814\n|move|p1a: Glimmora|Sludge Wave|p2a: Hippowdon\n|-resisted|p2a: Hippowdon|1\n|-damage|p2a: Hippowdon|77/100\n|move|p2a: Hippowdon|Yawn|p1a: Glimmora\n|-start|p1a: Glimmora|move: Yawn|[of] p2a: Hippowdon\n|\n|-weather|Sandstorm|[upkeep]\n|-heal|p2a: Hippowdon|83/100|[from] item: Leftovers\n|upkeep\n|turn|4\n|\n|t:|1776152821\n|move|p1a: Glimmora|Sludge Wave|p2a: Hippowdon\n|-resisted|p2a: Hippowdon|1\n|-damage|p2a: Hippowdon|59/100\n|move|p2a: Hippowdon|Stealth Rock|p1a: Glimmora\n|-sidestart|p1: lovrillo|move: Stealth Rock\n|\n|-weather|Sandstorm|[upkeep]\n|-heal|p2a: Hippowdon|65/100|[from] item: Leftovers\n|-end|p1a: Glimmora|move: Yawn|[silent]\n|-status|p1a: Glimmora|slp\n|upkeep\n|turn|5\n|\n|t:|1776152825\n|switch|p2a: Gengar|Gengar-Mega, L50, M, shiny|46/100\n|-damage|p2a: Gengar|34/100|[from] Stealth Rock\n|cant|p1a: Glimmora|slp\n|\n|-weather|Sandstorm|[upkeep]\n|-damage|p2a: Gengar|28/100|[from] Sandstorm\n|upkeep\n|turn|6\n|\n|t:|1776152828\n|move|p2a: Gengar|Shadow Ball|p1a: Glimmora\n|-damage|p1a: Glimmora|0 fnt\n|faint|p1a: Glimmora\n|\n|-weather|none\n|upkeep\n|\n|t:|1776152832\n|switch|p1a: Umbreon|Umbreon, L50, M, shiny|100/100\n|-damage|p1a: Umbreon|88/100|[from] Stealth Rock\n|turn|7\n|inactive|lovrillo has 30 seconds left.\n|\n|t:|1776152858\n|switch|p2a: Hippowdon|Hippowdon, L50, F, shiny|65/100\n|-damage|p2a: Hippowdon|59/100|[from] Stealth Rock\n|-weather|Sandstorm|[from] ability: Sand Stream|[of] p2a: Hippowdon\n|move|p1a: Umbreon|Foul Play|p2a: Hippowdon\n|-damage|p2a: Hippowdon|39/100\n|\n|-weather|Sandstorm|[upkeep]\n|-damage|p1a: Umbreon|82/100|[from] Sandstorm\n|-heal|p1a: Umbreon|88/100|[from] item: Leftovers\n|-heal|p2a: Hippowdon|45/100|[from] item: Leftovers\n|upkeep\n|turn|8\n|\n|t:|1776152862\n|move|p1a: Umbreon|Yawn|p2a: Hippowdon\n|-start|p2a: Hippowdon|move: Yawn|[of] p1a: Umbreon\n|move|p2a: Hippowdon|Yawn|p1a: Umbreon\n|-start|p1a: Umbreon|move: Yawn|[of] p2a: Hippowdon\n|\n|-weather|Sandstorm|[upkeep]\n|-damage|p1a: Umbreon|82/100|[from] Sandstorm\n|-heal|p1a: Umbreon|88/100|[from] item: Leftovers\n|-heal|p2a: Hippowdon|51/100|[from] item: Leftovers\n|upkeep\n|turn|9\n|\n|t:|1776152869\n|switch|p2a: Gengar|Gengar-Mega, L50, M, shiny|28/100\n|-damage|p2a: Gengar|16/100|[from] Stealth Rock\n|move|p1a: Umbreon|Foul Play|p2a: Gengar\n|-supereffective|p2a: Gengar|1\n|-damage|p2a: Gengar|0 fnt\n|faint|p2a: Gengar\n|\n|-weather|Sandstorm|[upkeep]\n|-damage|p1a: Umbreon|82/100|[from] Sandstorm\n|-heal|p1a: Umbreon|88/100|[from] item: Leftovers\n|-end|p1a: Umbreon|move: Yawn|[silent]\n|-status|p1a: Umbreon|slp\n|upkeep\n|\n|t:|1776152871\n|switch|p2a: Volcarona|Volcarona, L50, F, shiny|100/100\n|-damage|p2a: Volcarona|51/100|[from] Stealth Rock\n|turn|10\n|\n|t:|1776152880\n|switch|p1a: Charizard|Charizard, L50, F, shiny|100/100\n|-damage|p1a: Charizard|51/100|[from] Stealth Rock\n|move|p2a: Volcarona|Quiver Dance|p2a: Volcarona\n|-boost|p2a: Volcarona|spa|1\n|-boost|p2a: Volcarona|spd|1\n|-boost|p2a: Volcarona|spe|1\n|\n|-weather|Sandstorm|[upkeep]\n|-damage|p2a: Volcarona|45/100|[from] Sandstorm\n|-damage|p1a: Charizard|45/100|[from] Sandstorm\n|upkeep\n|turn|11\n|\n|t:|1776152891\n|detailschange|p1a: Charizard|Charizard-Mega-Y, L50, F, shiny\n|-mega|p1a: Charizard|Charizard|Charizardite Y\n|-weather|SunnyDay|[from] ability: Drought|[of] p1a: Charizard\n|move|p2a: Volcarona|Rest|p2a: Volcarona\n|-status|p2a: Volcarona|slp|[from] move: Rest\n|-heal|p2a: Volcarona|100/100 slp|[silent]\n|-enditem|p2a: Volcarona|Chesto Berry|[eat]\n|-curestatus|p2a: Volcarona|slp|[msg]\n|move|p1a: Charizard|Overheat|p2a: Volcarona\n|-damage|p2a: Volcarona|22/100\n|-unboost|p1a: Charizard|spa|2\n|\n|-weather|SunnyDay|[upkeep]\n|upkeep\n|turn|12\n|\n|t:|1776152900\n|move|p2a: Volcarona|Flamethrower|p1a: Charizard\n|-resisted|p1a: Charizard|1\n|-damage|p1a: Charizard|0 fnt\n|faint|p1a: Charizard\n|\n|-weather|SunnyDay|[upkeep]\n|upkeep\n|\n|t:|1776152902\n|switch|p1a: Umbreon|Umbreon, L50, M, shiny|88/100 slp\n|-damage|p1a: Umbreon|76/100 slp|[from] Stealth Rock\n|turn|13\n|\n|t:|1776152906\n|cant|p1a: Umbreon|slp\n|move|p2a: Volcarona|Bug Buzz|p1a: Umbreon\n|-supereffective|p1a: Umbreon|1\n|-damage|p1a: Umbreon|0 fnt\n|faint|p1a: Umbreon\n|\n|win|PlatinumPassport\n|raw|lovrillo's rating: 1259 &rarr; <strong>1243</strong><br />(-16 for losing)\n|raw|PlatinumPassport's rating: 1388 &rarr; <strong>1401</strong><br />(+13 for winning)\n|j| ouziu\n|l| ouziu\n|l|\u2606PlatinumPassport\n|player|p2|\n",
  "uploadtime": 1776152920,
  "views": 10,
  "formatid": "gen9championsbssregma",
  "rating": 1243,
  "private": 0,
  "password": null
}