{
  "id": "gen9championsbssregma-2587067832",
  "format": "[Gen 9 Champions] BSS Reg M-A",
  "players": [
    "blazegeo",
    "ParathePineapple"
  ],
  "log": "|j|\u2606blazegeo\n|j|\u2606ParathePineapple\n|t:|1776489066\n|gametype|singles\n|player|p1|blazegeo|102|1031\n|player|p2|ParathePineapple|102|1119\n|gen|9\n|tier|[Gen 9 Champions] BSS Reg M-A\n|rated|\n|rule|Species Clause: Limit one of each Pok\u00e9mon\n|rule|Item Clause: Limit 1 of each item\n|clearpoke\n|poke|p1|Pangoro, L50, M|\n|poke|p1|Zoroark-Hisui, L50, M|\n|poke|p1|Milotic, L50, M|\n|poke|p1|Tinkaton, L50, F|\n|poke|p1|Venusaur, L50, F|\n|poke|p1|Ceruledge, L50, F|\n|poke|p2|Meganium, L50, F|\n|poke|p2|Espathra, L50, M, shiny|\n|poke|p2|Dragapult, L50, F, shiny|\n|poke|p2|Clefable, L50, M|\n|poke|p2|Slowking, L50, M, shiny|\n|poke|p2|Quaquaval, L50, F|\n|teampreview|3\n|inactive|Battle timer is ON: inactive players will automatically lose when time's up. (requested by ParathePineapple)\n|\n|t:|1776489088\n|teamsize|p1|3\n|teamsize|p2|3\n|start\n|switch|p1a: Tinkaton|Tinkaton, L50, F|100/100\n|switch|p2a: Meganium|Meganium, L50, F|100/100\n|-ability|p1a: Tinkaton|Mold Breaker\n|turn|1\n|\n|t:|1776489096\n|detailschange|p2a: Meganium|Meganium-Mega, L50, F\n|-mega|p2a: Meganium|Meganium|Meganiumite\n|move|p1a: Tinkaton|Fake Out|p2a: Meganium\n|-damage|p2a: Meganium|93/100\n|cant|p2a: Meganium|flinch\n|\n|upkeep\n|turn|2\n|\n|t:|1776489104\n|switch|p1a: Milotic|Milotic, L50, M|100/100\n|move|p2a: Meganium|Weather Ball|p1a: Milotic\n|-resisted|p1a: Milotic|1\n|-damage|p1a: Milotic|81/100\n|\n|-heal|p1a: Milotic|87/100|[from] item: Leftovers\n|upkeep\n|turn|3\n|\n|t:|1776489113\n|switch|p1a: Venusaur|Venusaur, L50, F|100/100\n|move|p2a: Meganium|Solar Beam||[still]\n|-prepare|p2a: Meganium|Solar Beam\n|-activate|p2a: Meganium|ability: Mega Sol\n|-anim|p2a: Meganium|Solar Beam|p1a: Venusaur\n|-resisted|p1a: Venusaur|2\n|-damage|p1a: Venusaur|86/100\n|\n|upkeep\n|turn|4\n|\n|t:|1776489124\n|detailschange|p1a: Venusaur|Venusaur-Mega, L50, F\n|-mega|p1a: Venusaur|Venusaur|Venusaurite\n|move|p1a: Venusaur|Sludge Bomb|p2a: Meganium\n|-supereffective|p2a: Meganium|2\n|-damage|p2a: Meganium|0 fnt\n|faint|p2a: Meganium\n|\n|upkeep\n|\n|t:|1776489142\n|switch|p2a: Slowking|Slowking, L50, M, shiny|100/100\n|turn|5\n|\n|t:|1776489146\n|move|p1a: Venusaur|Giga Drain|p2a: Slowking\n|-supereffective|p2a: Slowking|1\n|-damage|p2a: Slowking|62/100\n|-heal|p1a: Venusaur|100/100|[from] drain|[of] p2a: Slowking\n|move|p2a: Slowking|Future Sight|p1a: Venusaur\n|-start|p2a: Slowking|move: Future Sight\n|\n|-heal|p2a: Slowking|68/100|[from] item: Leftovers\n|upkeep\n|turn|6\n|\n|t:|1776489159\n|switch|p1a: Milotic|Milotic, L50, M|87/100\n|move|p2a: Slowking|Substitute|p2a: Slowking\n|-start|p2a: Slowking|Substitute\n|-damage|p2a: Slowking|43/100\n|\n|-heal|p1a: Milotic|93/100|[from] item: Leftovers\n|-heal|p2a: Slowking|49/100|[from] item: Leftovers\n|upkeep\n|turn|7\n|\n|t:|1776489166\n|move|p1a: Milotic|Scald|p2a: Slowking\n|-resisted|p2a: Slowking|1\n|-activate|p2a: Slowking|move: Substitute|[damage]\n|move|p2a: Slowking|Scald|p1a: Milotic\n|-resisted|p1a: Milotic|1\n|-damage|p1a: Milotic|83/100\n|\n|-end|p1a: Milotic|move: Future Sight\n|-damage|p1a: Milotic|53/100\n|-heal|p1a: Milotic|59/100|[from] item: Leftovers\n|-heal|p2a: Slowking|55/100|[from] item: Leftovers\n|upkeep\n|turn|8\n|\n|t:|1776489178\n|switch|p1a: Venusaur|Venusaur-Mega, L50, F|100/100\n|move|p2a: Slowking|Future Sight|p1a: Venusaur\n|-start|p2a: Slowking|move: Future Sight\n|\n|-heal|p2a: Slowking|61/100|[from] item: Leftovers\n|upkeep\n|turn|9\n|\n|t:|1776489188\n|move|p1a: Venusaur|Giga Drain|p2a: Slowking\n|-supereffective|p2a: Slowking|1\n|-end|p2a: Slowking|Substitute\n|move|p2a: Slowking|Scald|p1a: Venusaur\n|-resisted|p1a: Venusaur|1\n|-damage|p1a: Venusaur|89/100\n|-status|p1a: Venusaur|brn\n|\n|-heal|p2a: Slowking|67/100|[from] item: Leftovers\n|-damage|p1a: Venusaur|83/100 brn|[from] brn\n|upkeep\n|turn|10\n|\n|t:|1776489198\n|move|p1a: Venusaur|Giga Drain|p2a: Slowking\n|-supereffective|p2a: Slowking|1\n|-damage|p2a: Slowking|27/100\n|-heal|p1a: Venusaur|100/100 brn|[from] drain|[of] p2a: Slowking\n|move|p2a: Slowking|Substitute|p2a: Slowking\n|-start|p2a: Slowking|Substitute\n|-damage|p2a: Slowking|2/100\n|\n|-end|p1a: Venusaur|move: Future Sight\n|-supereffective|p1a: Venusaur|1\n|-damage|p1a: Venusaur|38/100 brn\n|-heal|p2a: Slowking|8/100|[from] item: Leftovers\n|-damage|p1a: Venusaur|33/100 brn|[from] brn\n|upkeep\n|turn|11\n|\n|t:|1776489209\n|move|p1a: Venusaur|Giga Drain|p2a: Slowking\n|-supereffective|p2a: Slowking|1\n|-end|p2a: Slowking|Substitute\n|-heal|p1a: Venusaur|46/100 brn|[from] drain|[of] p2a: Slowking\n|move|p2a: Slowking|Scald|p1a: Venusaur\n|-resisted|p1a: Venusaur|1\n|-damage|p1a: Venusaur|35/100 brn\n|\n|-heal|p2a: Slowking|14/100|[from] item: Leftovers\n|-damage|p1a: Venusaur|29/100 brn|[from] brn\n|upkeep\n|turn|12\n|\n|t:|1776489218\n|move|p1a: Venusaur|Giga Drain|p2a: Slowking\n|-supereffective|p2a: Slowking|1\n|-damage|p2a: Slowking|0 fnt\n|-heal|p1a: Venusaur|36/100 brn|[from] drain|[of] p2a: Slowking\n|faint|p2a: Slowking\n|\n|-damage|p1a: Venusaur|30/100 brn|[from] brn\n|upkeep\n|\n|t:|1776489222\n|switch|p2a: Quaquaval|Quaquaval, L50, F|100/100\n|turn|13\n|\n|t:|1776489237\n|move|p2a: Quaquaval|Ice Spinner|p1a: Venusaur\n|-supereffective|p1a: Venusaur|1\n|-damage|p1a: Venusaur|15/100 brn\n|move|p1a: Venusaur|Giga Drain|p2a: Quaquaval\n|-supereffective|p2a: Quaquaval|1\n|-damage|p2a: Quaquaval|19/100\n|-heal|p1a: Venusaur|51/100 brn|[from] drain|[of] p2a: Quaquaval\n|\n|-damage|p1a: Venusaur|45/100 brn|[from] brn\n|upkeep\n|turn|14\n|-message|ParathePineapple forfeited.\n|\n|win|blazegeo\n|raw|blazegeo's rating: 1031 &rarr; <strong>1075</strong><br />(+44 for winning)\n|raw|ParathePineapple's rating: 1119 &rarr; <strong>1088</strong><br />(-31 for losing)\n|l|\u2606ParathePineapple\n|player|p2|\n",
  "uploadtime": 1776489255,
  "views": 4,
  "formatid": "gen9championsbssregma",
  "rating": 1075,
  "private": 0,
  "password": null
}