{
  "id": "gen9championsbssregma-2587078738",
  "format": "[Gen 9 Champions] BSS Reg M-A",
  "players": [
    "mystymt",
    "hoshigumo1101"
  ],
  "log": "|j|\u2606mystymt\n|j|\u2606hoshigumo1101\n|t:|1776490462\n|gametype|singles\n|player|p1|mystymt|265|1180\n|player|p2|hoshigumo1101|acetrainerf|1312\n|gen|9\n|tier|[Gen 9 Champions] BSS Reg M-A\n|rated|\n|rule|Species Clause: Limit one of each Pok\u00e9mon\n|rule|Item Clause: Limit 1 of each item\n|clearpoke\n|poke|p1|Gengar, L50, M|\n|poke|p1|Umbreon, L50, M|\n|poke|p1|Hippowdon, L50, M|\n|poke|p1|Rotom-Wash, L50|\n|poke|p1|Garchomp, L50, F|\n|poke|p1|Lucario, L50, M|\n|poke|p2|Kingambit, L50, M|\n|poke|p2|Delphox, L50, M|\n|poke|p2|Hippowdon, L50, M|\n|poke|p2|Lucario, L50, M|\n|poke|p2|Basculegion, L50, M|\n|poke|p2|Mamoswine, L50, M|\n|teampreview|3\n|inactive|Battle timer is ON: inactive players will automatically lose when time's up. (requested by hoshigumo1101)\n|\n|t:|1776490514\n|teamsize|p1|3\n|teamsize|p2|3\n|start\n|switch|p1a: Gengar|Gengar, L50, M|100/100\n|switch|p2a: Delphox|Delphox, L50, M|100/100\n|turn|1\n|\n|t:|1776490521\n|switch|p1a: Umbreon|Umbreon, L50, M|100/100\n|detailschange|p2a: Delphox|Delphox-Mega, L50, M\n|-mega|p2a: Delphox|Delphox|Delphoxite\n|move|p2a: Delphox|Psychic|p1a: Umbreon\n|-immune|p1a: Umbreon\n|\n|upkeep\n|turn|2\n|\n|t:|1776490529\n|move|p2a: Delphox|Substitute|p2a: Delphox\n|-start|p2a: Delphox|Substitute\n|-damage|p2a: Delphox|76/100\n|move|p1a: Umbreon|Yawn||[still]\n|-fail|p1a: Umbreon\n|\n|upkeep\n|turn|3\n|\n|t:|1776490534\n|move|p2a: Delphox|Dazzling Gleam|p1a: Umbreon\n|-supereffective|p1a: Umbreon|1\n|-damage|p1a: Umbreon|56/100\n|move|p1a: Umbreon|Foul Play|p2a: Delphox\n|-supereffective|p2a: Delphox|1\n|-end|p2a: Delphox|Substitute\n|\n|-heal|p1a: Umbreon|62/100|[from] item: Leftovers\n|upkeep\n|turn|4\n|\n|t:|1776490545\n|move|p2a: Delphox|Dazzling Gleam|p1a: Umbreon\n|-supereffective|p1a: Umbreon|1\n|-damage|p1a: Umbreon|21/100\n|move|p1a: Umbreon|Foul Play|p2a: Delphox\n|-supereffective|p2a: Delphox|1\n|-damage|p2a: Delphox|14/100\n|\n|-heal|p1a: Umbreon|27/100|[from] item: Leftovers\n|upkeep\n|turn|5\n|\n|t:|1776490553\n|move|p1a: Umbreon|Protect|p1a: Umbreon\n|-singleturn|p1a: Umbreon|Protect\n|move|p2a: Delphox|Dazzling Gleam|p1a: Umbreon\n|-activate|p1a: Umbreon|move: Protect\n|\n|-heal|p1a: Umbreon|33/100|[from] item: Leftovers\n|upkeep\n|turn|6\n|\n|t:|1776490559\n|switch|p1a: Rotom|Rotom-Wash, L50|100/100\n|move|p2a: Delphox|Dazzling Gleam|p1a: Rotom\n|-damage|p1a: Rotom|60/100\n|\n|upkeep\n|turn|7\n|\n|t:|1776490566\n|move|p1a: Rotom|Volt Switch|p2a: Delphox\n|-damage|p2a: Delphox|0 fnt\n|faint|p2a: Delphox\n|\n|t:|1776490570\n|switch|p1a: Gengar|Gengar, L50, M|100/100|[from] Volt Switch\n|\n|upkeep\n|\n|t:|1776490576\n|switch|p2a: Mamoswine|Mamoswine, L50, M|100/100\n|turn|8\n|\n|t:|1776490579\n|detailschange|p1a: Gengar|Gengar-Mega, L50, M\n|-mega|p1a: Gengar|Gengar|Gengarite\n|move|p1a: Gengar|Protect|p1a: Gengar\n|-singleturn|p1a: Gengar|Protect\n|move|p2a: Mamoswine|Earthquake|p1a: Gengar\n|-activate|p1a: Gengar|move: Protect\n|\n|upkeep\n|turn|9\n|\n|t:|1776490586\n|switch|p1a: Rotom|Rotom-Wash, L50|60/100\n|move|p2a: Mamoswine|Icicle Spear|p1a: Rotom\n|-resisted|p1a: Rotom|1\n|-damage|p1a: Rotom|50/100\n|-resisted|p1a: Rotom|1\n|-damage|p1a: Rotom|41/100\n|-resisted|p1a: Rotom|1\n|-damage|p1a: Rotom|32/100\n|-resisted|p1a: Rotom|1\n|-damage|p1a: Rotom|22/100\n|-resisted|p1a: Rotom|1\n|-damage|p1a: Rotom|12/100\n|-hitcount|p1a: Rotom|5\n|\n|upkeep\n|turn|10\n|\n|t:|1776490602\n|move|p2a: Mamoswine|Ice Shard|p1a: Rotom\n|-resisted|p1a: Rotom|1\n|-damage|p1a: Rotom|0 fnt\n|faint|p1a: Rotom\n|\n|upkeep\n|\n|t:|1776490608\n|switch|p1a: Umbreon|Umbreon, L50, M|33/100\n|turn|11\n|\n|t:|1776490610\n|move|p1a: Umbreon|Protect|p1a: Umbreon\n|-singleturn|p1a: Umbreon|Protect\n|move|p2a: Mamoswine|Earthquake|p1a: Umbreon\n|-activate|p1a: Umbreon|move: Protect\n|\n|-heal|p1a: Umbreon|39/100|[from] item: Leftovers\n|upkeep\n|turn|12\n|\n|t:|1776490617\n|move|p2a: Mamoswine|Earthquake|p1a: Umbreon\n|-damage|p1a: Umbreon|5/100\n|move|p1a: Umbreon|Wish|p1a: Umbreon\n|\n|-heal|p1a: Umbreon|11/100|[from] item: Leftovers\n|upkeep\n|turn|13\n|\n|t:|1776490627\n|move|p1a: Umbreon|Protect|p1a: Umbreon\n|-singleturn|p1a: Umbreon|Protect\n|move|p2a: Mamoswine|Icicle Spear|p1a: Umbreon\n|-activate|p1a: Umbreon|move: Protect\n|\n|-heal|p1a: Umbreon|61/100|[from] move: Wish|[wisher] Umbreon\n|-heal|p1a: Umbreon|67/100|[from] item: Leftovers\n|upkeep\n|turn|14\n|\n|t:|1776490635\n|move|p2a: Mamoswine|Earthquake|p1a: Umbreon\n|-damage|p1a: Umbreon|32/100\n|move|p1a: Umbreon|Wish|p1a: Umbreon\n|\n|-heal|p1a: Umbreon|38/100|[from] item: Leftovers\n|upkeep\n|turn|15\n|\n|t:|1776490640\n|move|p1a: Umbreon|Protect|p1a: Umbreon\n|-singleturn|p1a: Umbreon|Protect\n|move|p2a: Mamoswine|Earthquake|p1a: Umbreon\n|-activate|p1a: Umbreon|move: Protect\n|\n|-heal|p1a: Umbreon|88/100|[from] move: Wish|[wisher] Umbreon\n|-heal|p1a: Umbreon|94/100|[from] item: Leftovers\n|upkeep\n|turn|16\n|\n|t:|1776490649\n|move|p2a: Mamoswine|Icicle Spear|p1a: Umbreon\n|-damage|p1a: Umbreon|84/100\n|-damage|p1a: Umbreon|74/100\n|-damage|p1a: Umbreon|65/100\n|-damage|p1a: Umbreon|55/100\n|-damage|p1a: Umbreon|46/100\n|-hitcount|p1a: Umbreon|5\n|move|p1a: Umbreon|Foul Play|p2a: Mamoswine\n|-crit|p2a: Mamoswine\n|-damage|p2a: Mamoswine|6/100\n|\n|-heal|p1a: Umbreon|52/100|[from] item: Leftovers\n|upkeep\n|turn|17\n|\n|t:|1776490661\n|move|p1a: Umbreon|Protect|p1a: Umbreon\n|-singleturn|p1a: Umbreon|Protect\n|move|p2a: Mamoswine|Endeavor|p1a: Umbreon\n|-activate|p1a: Umbreon|move: Protect\n|\n|-heal|p1a: Umbreon|58/100|[from] item: Leftovers\n|upkeep\n|turn|18\n|\n|t:|1776490668\n|switch|p1a: Gengar|Gengar-Mega, L50, M|100/100\n|move|p2a: Mamoswine|Earthquake|p1a: Gengar\n|-supereffective|p1a: Gengar|1\n|-damage|p1a: Gengar|0 fnt\n|faint|p1a: Gengar\n|\n|upkeep\n|\n|t:|1776490675\n|switch|p1a: Umbreon|Umbreon, L50, M|58/100\n|turn|19\n|\n|t:|1776490682\n|move|p2a: Mamoswine|Endeavor|p1a: Umbreon\n|-damage|p1a: Umbreon|5/100\n|move|p1a: Umbreon|Yawn|p2a: Mamoswine\n|-start|p2a: Mamoswine|move: Yawn|[of] p1a: Umbreon\n|\n|-heal|p1a: Umbreon|11/100|[from] item: Leftovers\n|upkeep\n|turn|20\n|\n|t:|1776490690\n|switch|p2a: Kingambit|Kingambit, L50, M|100/100\n|-activate|p2a: Kingambit|ability: Supreme Overlord\n|-start|p2a: Kingambit|fallen1|[silent]\n|move|p1a: Umbreon|Protect||[still]\n|-fail|p1a: Umbreon\n|\n|-heal|p1a: Umbreon|17/100|[from] item: Leftovers\n|upkeep\n|turn|21\n|-message|mystymt forfeited.\n|\n|win|hoshigumo1101\n|raw|mystymt's rating: 1180 &rarr; <strong>1164</strong><br />(-16 for losing)\n|raw|hoshigumo1101's rating: 1312 &rarr; <strong>1325</strong><br />(+13 for winning)\n|l|\u2606mystymt\n|player|p1|\n",
  "uploadtime": 1776490696,
  "views": 4,
  "formatid": "gen9championsbssregma",
  "rating": 1164,
  "private": 0,
  "password": null
}