{
  "id": "gen9championsbssregma-2582469432",
  "format": "[Gen 9 Champions] BSS Reg M-A",
  "players": [
    "tamagopoke",
    "pirouo"
  ],
  "log": "|j|\u2606tamagopoke\n|j|\u2606pirouo\n|t:|1776093713\n|gametype|singles\n|player|p1|tamagopoke|265|1156\n|player|p2|pirouo|170|1438\n|gen|9\n|tier|[Gen 9 Champions] BSS Reg M-A\n|rated|\n|rule|Species Clause: Limit one of each Pok\u00e9mon\n|rule|Item Clause: Limit 1 of each item\n|clearpoke\n|poke|p1|Garchomp, L50, F|\n|poke|p1|Gengar, L50, M|\n|poke|p1|Umbreon, L50, M|\n|poke|p1|Ditto, L50|\n|poke|p2|Clefable, L50, F|\n|poke|p2|Umbreon, L50, M|\n|poke|p2|Toxapex, L50, F|\n|poke|p2|Corviknight, L50, M|\n|poke|p2|Espathra, L50, F|\n|poke|p2|Polteageist, L50|\n|teampreview|3\n|\n|t:|1776093732\n|teamsize|p1|3\n|teamsize|p2|3\n|start\n|switch|p1a: Gengar|Gengar, L50, M|100/100\n|switch|p2a: Espathra|Espathra, L50, F|100/100\n|turn|1\n|\n|t:|1776093742\n|detailschange|p1a: Gengar|Gengar-Mega, L50, M\n|-mega|p1a: Gengar|Gengar|Gengarite\n|move|p2a: Espathra|Protect|p2a: Espathra\n|-singleturn|p2a: Espathra|Protect\n|move|p1a: Gengar|Shadow Ball|p2a: Espathra\n|-activate|p2a: Espathra|move: Protect\n|\n|-ability|p2a: Espathra|Speed Boost|boost\n|-boost|p2a: Espathra|spe|1\n|upkeep\n|turn|2\n|\n|t:|1776093756\n|move|p1a: Gengar|Shadow Ball|p2a: Espathra\n|-supereffective|p2a: Espathra|1\n|-enditem|p2a: Espathra|Focus Sash\n|-damage|p2a: Espathra|1/100\n|move|p2a: Espathra|Calm Mind|p2a: Espathra\n|-boost|p2a: Espathra|spa|1\n|-boost|p2a: Espathra|spd|1\n|\n|-ability|p2a: Espathra|Speed Boost|boost\n|-boost|p2a: Espathra|spe|1\n|upkeep\n|turn|3\n|\n|t:|1776093770\n|switch|p1a: Ditto|Ditto, L50|100/100\n|-transform|p1a: Ditto|p2a: Espathra|[from] ability: Imposter\n|move|p2a: Espathra|Lumina Crash|p1a: Ditto\n|-resisted|p1a: Ditto|1\n|-damage|p1a: Ditto|75/100\n|-unboost|p1a: Ditto|spd|2\n|\n|-ability|p2a: Espathra|Speed Boost|boost\n|-boost|p2a: Espathra|spe|1\n|upkeep\n|turn|4\n|\n|t:|1776093784\n|move|p2a: Espathra|Protect|p2a: Espathra\n|-singleturn|p2a: Espathra|Protect\n|move|p1a: Ditto|Lumina Crash|p2a: Espathra\n|-activate|p2a: Espathra|move: Protect\n|\n|-ability|p1a: Ditto|Speed Boost|boost\n|-boost|p1a: Ditto|spe|1\n|-ability|p2a: Espathra|Speed Boost|boost\n|-boost|p2a: Espathra|spe|1\n|upkeep\n|turn|5\n|\n|t:|1776093799\n|move|p1a: Ditto|Lumina Crash|p2a: Espathra\n|-resisted|p2a: Espathra|1\n|-crit|p2a: Espathra\n|-damage|p2a: Espathra|0 fnt\n|faint|p2a: Espathra\n|\n|-ability|p1a: Ditto|Speed Boost|boost\n|-boost|p1a: Ditto|spe|1\n|upkeep\n|\n|t:|1776093802\n|switch|p2a: Polteageist|Polteageist, L50|100/100\n|turn|6\n|\n|t:|1776093811\n|move|p1a: Ditto|Lumina Crash|p2a: Polteageist\n|-damage|p2a: Polteageist|52/100\n|-unboost|p2a: Polteageist|spd|2\n|-enditem|p2a: Polteageist|White Herb\n|-clearnegativeboost|p2a: Polteageist|[silent]\n|move|p2a: Polteageist|Shadow Ball|p1a: Ditto\n|-supereffective|p1a: Ditto|1\n|-damage|p1a: Ditto|0 fnt\n|faint|p1a: Ditto\n|\n|upkeep\n|\n|t:|1776093822\n|switch|p1a: Gengar|Gengar-Mega, L50, M|100/100\n|turn|7\n|\n|t:|1776093828\n|move|p1a: Gengar|Shadow Ball|p2a: Polteageist\n|-supereffective|p2a: Polteageist|1\n|-damage|p2a: Polteageist|0 fnt\n|faint|p2a: Polteageist\n|\n|upkeep\n|\n|t:|1776093831\n|switch|p2a: Clefable|Clefable, L50, F, shiny|100/100\n|turn|8\n|\n|t:|1776093836\n|detailschange|p2a: Clefable|Clefable-Mega, L50, F, shiny\n|-mega|p2a: Clefable|Clefable|Clefablite\n|move|p1a: Gengar|Sludge Wave|p2a: Clefable\n|-supereffective|p2a: Clefable|1\n|-damage|p2a: Clefable|7/100\n|move|p2a: Clefable|Cosmic Power|p2a: Clefable\n|-boost|p2a: Clefable|def|1\n|-boost|p2a: Clefable|spd|1\n|\n|upkeep\n|turn|9\n|\n|t:|1776093854\n|move|p1a: Gengar|Sludge Wave|p2a: Clefable\n|-supereffective|p2a: Clefable|1\n|-damage|p2a: Clefable|0 fnt\n|faint|p2a: Clefable\n|\n|win|tamagopoke\n|raw|tamagopoke's rating: 1156 &rarr; <strong>1198</strong><br />(+42 for winning)\n|raw|pirouo's rating: 1438 &rarr; <strong>1405</strong><br />(-33 for losing)\n|l|\u2606pirouo\n|player|p2|\n",
  "uploadtime": 1776093911,
  "views": 3,
  "formatid": "gen9championsbssregma",
  "rating": 1198,
  "private": 0,
  "password": null
}