{
  "id": "gen9championsbssregma-2583244714",
  "format": "[Gen 9 Champions] BSS Reg M-A",
  "players": [
    "HD.vj.ujh.d.ghjdg",
    "fletchyfletchy"
  ],
  "log": "|j|\u2606HD.vj.ujh.d.ghjdg\n|j|\u2606fletchyfletchy\n|t:|1776158908\n|gametype|singles\n|player|p1|HD.vj.ujh.d.ghjdg|steven|1075\n|player|p2|fletchyfletchy|liko|1047\n|gen|9\n|tier|[Gen 9 Champions] BSS Reg M-A\n|rated|\n|rule|Species Clause: Limit one of each Pok\u00e9mon\n|rule|Item Clause: Limit 1 of each item\n|clearpoke\n|poke|p1|Dragapult, L50, M|\n|poke|p1|Meowscarada, L50, F|\n|poke|p1|Volcarona, L50, F|\n|poke|p1|Espathra, L50, M|\n|poke|p1|Aerodactyl, L50, M|\n|poke|p1|Sneasler, L50, M|\n|poke|p2|Lucario, L50, F|\n|poke|p2|Greninja-*, L50, M|\n|poke|p2|Meowscarada, L50, F|\n|poke|p2|Aegislash, L50, M|\n|poke|p2|Charizard, L50, M|\n|poke|p2|Sylveon, L50, M|\n|teampreview|3\n|\n|t:|1776158924\n|teamsize|p1|3\n|teamsize|p2|3\n|start\n|switch|p1a: Meowscarada|Meowscarada, L50, F|100/100\n|switch|p2a: Greninja|Greninja, L50, M|100/100\n|turn|1\n|inactive|Battle timer is ON: inactive players will automatically lose when time's up. (requested by HD.vj.ujh.d.ghjdg)\n|\n|t:|1776158932\n|switch|p2a: Aegislash|Aegislash, L50, M|100/100\n|move|p1a: Meowscarada|U-turn|p2a: Aegislash\n|-start|p1a: Meowscarada|typechange|Bug|[from] ability: Protean\n|-resisted|p2a: Aegislash|2\n|-damage|p2a: Aegislash|94/100\n|\n|t:|1776158939\n|switch|p1a: Dragapult|Dragapult, L50, M|100/100|[from] U-turn\n|\n|-heal|p2a: Aegislash|99/100|[from] item: Leftovers\n|upkeep\n|turn|2\n|\n|t:|1776158948\n|move|p1a: Dragapult|U-turn|p2a: Aegislash\n|-resisted|p2a: Aegislash|2\n|-damage|p2a: Aegislash|95/100\n|\n|t:|1776158951\n|switch|p1a: Meowscarada|Meowscarada, L50, F|100/100|[from] U-turn\n|-formechange|p2a: Aegislash|Aegislash-Blade|\n|move|p2a: Aegislash|Shadow Claw|p1a: Meowscarada\n|-resisted|p1a: Meowscarada|1\n|-damage|p1a: Meowscarada|67/100\n|\n|-heal|p2a: Aegislash|100/100|[from] item: Leftovers\n|upkeep\n|turn|3\n|\n|t:|1776158960\n|-formechange|p2a: Aegislash|Aegislash|\n|move|p2a: Aegislash|King's Shield|p2a: Aegislash\n|-singleturn|p2a: Aegislash|Protect\n|move|p1a: Meowscarada|Knock Off|p2a: Aegislash\n|-start|p1a: Meowscarada|typechange|Dark|[from] ability: Protean\n|-activate|p2a: Aegislash|move: Protect\n|-unboost|p1a: Meowscarada|atk|1\n|\n|upkeep\n|turn|4\n|\n|t:|1776158968\n|move|p1a: Meowscarada|Knock Off|p2a: Aegislash\n|-supereffective|p2a: Aegislash|1\n|-damage|p2a: Aegislash|54/100\n|-enditem|p2a: Aegislash|Leftovers|[from] move: Knock Off|[of] p1a: Meowscarada\n|-formechange|p2a: Aegislash|Aegislash-Blade|\n|move|p2a: Aegislash|Sacred Sword|p1a: Meowscarada\n|-supereffective|p1a: Meowscarada|1\n|-damage|p1a: Meowscarada|0 fnt\n|faint|p1a: Meowscarada\n|\n|upkeep\n|\n|t:|1776158978\n|switch|p1a: Dragapult|Dragapult, L50, M|100/100\n|turn|5\n|\n|t:|1776158984\n|-formechange|p2a: Aegislash|Aegislash|\n|move|p2a: Aegislash|King's Shield|p2a: Aegislash\n|-singleturn|p2a: Aegislash|Protect\n|move|p1a: Dragapult|Dragon Darts|p2a: Aegislash\n|-activate|p2a: Aegislash|move: Protect\n|\n|upkeep\n|turn|6\n|\n|t:|1776158991\n|move|p1a: Dragapult|Draco Meteor|p2a: Aegislash\n|-resisted|p2a: Aegislash|1\n|-crit|p2a: Aegislash\n|-damage|p2a: Aegislash|24/100\n|-unboost|p1a: Dragapult|spa|2\n|-formechange|p2a: Aegislash|Aegislash-Blade|\n|move|p2a: Aegislash|Shadow Claw|p1a: Dragapult\n|-supereffective|p1a: Dragapult|1\n|-enditem|p1a: Dragapult|Focus Sash\n|-damage|p1a: Dragapult|1/100\n|\n|upkeep\n|turn|7\n|\n|t:|1776159001\n|-formechange|p2a: Aegislash|Aegislash|\n|move|p2a: Aegislash|King's Shield|p2a: Aegislash\n|-singleturn|p2a: Aegislash|Protect\n|move|p1a: Dragapult|Sucker Punch||[still]\n|-fail|p1a: Dragapult\n|\n|upkeep\n|turn|8\n|\n|t:|1776159011\n|move|p1a: Dragapult|Sucker Punch|p2a: Aegislash\n|-supereffective|p2a: Aegislash|1\n|-damage|p2a: Aegislash|0 fnt\n|faint|p2a: Aegislash\n|\n|upkeep\n|\n|t:|1776159013\n|switch|p2a: Greninja|Greninja, L50, M|100/100\n|turn|9\n|\n|t:|1776159018\n|detailschange|p2a: Greninja|Greninja-Mega, L50, M\n|-mega|p2a: Greninja|Greninja|Greninjite\n|move|p2a: Greninja|Water Shuriken|p1a: Dragapult\n|-start|p2a: Greninja|typechange|Water|[from] ability: Protean\n|-resisted|p1a: Dragapult|1\n|-damage|p1a: Dragapult|0 fnt\n|faint|p1a: Dragapult\n|-hitcount|p1: Dragapult|1\n|\n|upkeep\n|\n|t:|1776159025\n|switch|p1a: Sneasler|Sneasler, L50, M|100/100\n|turn|10\n|\n|t:|1776159031\n|move|p2a: Greninja|Water Shuriken|p1a: Sneasler\n|-damage|p1a: Sneasler|88/100\n|-damage|p1a: Sneasler|77/100\n|-damage|p1a: Sneasler|65/100\n|-damage|p1a: Sneasler|53/100\n|-damage|p1a: Sneasler|43/100\n|-hitcount|p1a: Sneasler|5\n|move|p1a: Sneasler|Dire Claw|p2a: Greninja\n|-damage|p2a: Greninja|35/100\n|\n|upkeep\n|turn|11\n|\n|t:|1776159043\n|move|p2a: Greninja|Water Shuriken|p1a: Sneasler\n|-damage|p1a: Sneasler|31/100\n|-damage|p1a: Sneasler|19/100\n|-hitcount|p1a: Sneasler|2\n|move|p1a: Sneasler|Dire Claw|p2a: Greninja\n|-damage|p2a: Greninja|0 fnt\n|faint|p2a: Greninja\n|\n|upkeep\n|\n|t:|1776159055\n|switch|p2a: Charizard|Charizard, L50, M|100/100\n|turn|12\n|\n|t:|1776159059\n|move|p1a: Sneasler|Dire Claw|p2a: Charizard\n|-damage|p2a: Charizard|40/100\n|move|p2a: Charizard|Air Slash|p1a: Sneasler\n|-supereffective|p1a: Sneasler|1\n|-damage|p1a: Sneasler|0 fnt\n|faint|p1a: Sneasler\n|\n|win|fletchyfletchy\n|raw|HD.vj.ujh.d.ghjdg's rating: 1075 &rarr; <strong>1052</strong><br />(-23 for losing)\n|raw|fletchyfletchy's rating: 1047 &rarr; <strong>1083</strong><br />(+36 for winning)\n",
  "uploadtime": 1776159060,
  "views": 3,
  "formatid": "gen9championsbssregma",
  "rating": 1052,
  "private": 0,
  "password": null
}