{
  "id": "gen9championsbssregma-2586846293",
  "format": "[Gen 9 Champions] BSS Reg M-A",
  "players": [
    "Jayteejay10",
    "DiceyRice"
  ],
  "log": "|j|\u2606Jayteejay10\n|j|\u2606DiceyRice\n|t:|1776464866\n|gametype|singles\n|player|p1|Jayteejay10|officeworkerf-gen9|1362\n|player|p2|DiceyRice|miku-ghost|1440\n|gen|9\n|tier|[Gen 9 Champions] BSS Reg M-A\n|rated|\n|rule|Species Clause: Limit one of each Pok\u00e9mon\n|rule|Item Clause: Limit 1 of each item\n|clearpoke\n|poke|p1|Garchomp, L50, F|\n|poke|p1|Charizard, L50, M|\n|poke|p1|Corviknight, L50, F|\n|poke|p1|Sneasler, L50, F|\n|poke|p1|Meganium, L50, M|\n|poke|p1|Kingambit, L50, M|\n|poke|p2|Hippowdon, L50, M|\n|poke|p2|Volcarona, L50, F|\n|poke|p2|Blastoise, L50, F|\n|poke|p2|Aegislash, L50, F|\n|poke|p2|Floette-Eternal, L50, F|\n|poke|p2|Hydreigon, L50, M|\n|teampreview|3\n|\n|t:|1776464903\n|teamsize|p1|3\n|teamsize|p2|3\n|start\n|switch|p1a: Meganium|Meganium, L50, M|100/100\n|switch|p2a: Volcarona|Volcarona, L50, F|100/100\n|turn|1\n|\n|t:|1776464906\n|switch|p1a: Garchomp|Garchomp, L50, F|100/100\n|move|p2a: Volcarona|Quiver Dance|p2a: Volcarona\n|-boost|p2a: Volcarona|spa|1\n|-boost|p2a: Volcarona|spd|1\n|-boost|p2a: Volcarona|spe|1\n|\n|upkeep\n|turn|2\n|\n|t:|1776464909\n|move|p2a: Volcarona|Giga Drain|p1a: Garchomp\n|-damage|p1a: Garchomp|68/100\n|move|p1a: Garchomp|Rock Tomb|p2a: Volcarona\n|-supereffective|p2a: Volcarona|2\n|-damage|p2a: Volcarona|13/100\n|-unboost|p2a: Volcarona|spe|1\n|\n|upkeep\n|turn|3\n|\n|t:|1776464914\n|move|p2a: Volcarona|Giga Drain|p1a: Garchomp\n|-damage|p1a: Garchomp|36/100\n|-heal|p2a: Volcarona|31/100|[from] drain|[of] p1a: Garchomp\n|-enditem|p1a: Garchomp|Sitrus Berry|[eat]\n|-heal|p1a: Garchomp|61/100|[from] item: Sitrus Berry\n|move|p1a: Garchomp|Earthquake|p2a: Volcarona\n|-damage|p2a: Volcarona|0 fnt\n|faint|p2a: Volcarona\n|\n|upkeep\n|\n|t:|1776464915\n|switch|p2a: Floette|Floette-Eternal, L50, F|100/100\n|turn|4\n|\n|t:|1776464923\n|move|p2a: Floette|Moonblast|p1a: Garchomp\n|-supereffective|p1a: Garchomp|1\n|-damage|p1a: Garchomp|0 fnt\n|faint|p1a: Garchomp\n|\n|upkeep\n|\n|t:|1776464925\n|switch|p1a: Sneasler|Sneasler, L50, F|100/100\n|turn|5\n|\n|t:|1776464929\n|switch|p2a: Aegislash|Aegislash, L50, F|100/100\n|move|p1a: Sneasler|Dire Claw|p2a: Aegislash\n|-immune|p2a: Aegislash\n|\n|upkeep\n|turn|6\n|\n|t:|1776464933\n|move|p1a: Sneasler|Swords Dance|p1a: Sneasler\n|-boost|p1a: Sneasler|atk|2\n|-formechange|p2a: Aegislash|Aegislash-Blade|\n|move|p2a: Aegislash|Poltergeist|p1a: Sneasler\n|-activate|p1a: Sneasler|move: Poltergeist|White Herb\n|-damage|p1a: Sneasler|0 fnt\n|faint|p1a: Sneasler\n|\n|upkeep\n|\n|t:|1776464934\n|switch|p1a: Meganium|Meganium, L50, M|100/100\n|turn|7\n|\n|t:|1776464939\n|detailschange|p1a: Meganium|Meganium-Mega, L50, M\n|-mega|p1a: Meganium|Meganium|Meganiumite\n|-formechange|p2a: Aegislash|Aegislash|\n|move|p2a: Aegislash|King's Shield|p2a: Aegislash\n|-singleturn|p2a: Aegislash|Protect\n|move|p1a: Meganium|Weather Ball|p2a: Aegislash\n|-activate|p2a: Aegislash|move: Protect\n|\n|upkeep\n|turn|8\n|\n|t:|1776464942\n|move|p1a: Meganium|Weather Ball|p2a: Aegislash\n|-supereffective|p2a: Aegislash|1\n|-damage|p2a: Aegislash|2/100\n|-formechange|p2a: Aegislash|Aegislash-Blade|\n|move|p2a: Aegislash|Poltergeist|p1a: Meganium\n|-activate|p1a: Meganium|move: Poltergeist|Meganiumite\n|-damage|p1a: Meganium|32/100\n|\n|upkeep\n|turn|9\n|\n|t:|1776464944\n|move|p2a: Aegislash|Shadow Sneak|p1a: Meganium\n|-damage|p1a: Meganium|6/100\n|move|p1a: Meganium|Synthesis|p1a: Meganium\n|-heal|p1a: Meganium|73/100\n|\n|upkeep\n|turn|10\n|\n|t:|1776464947\n|move|p2a: Aegislash|Shadow Sneak|p1a: Meganium\n|-damage|p1a: Meganium|49/100\n|move|p1a: Meganium|Synthesis|p1a: Meganium\n|-heal|p1a: Meganium|100/100\n|\n|upkeep\n|turn|11\n|\n|t:|1776464953\n|move|p2a: Aegislash|Shadow Sneak|p1a: Meganium\n|-crit|p1a: Meganium\n|-damage|p1a: Meganium|64/100\n|move|p1a: Meganium|Dazzling Gleam|p2a: Aegislash\n|-resisted|p2a: Aegislash|1\n|-damage|p2a: Aegislash|0 fnt\n|faint|p2a: Aegislash\n|\n|upkeep\n|\n|t:|1776464954\n|switch|p2a: Floette|Floette-Eternal, L50, F|100/100\n|turn|12\n|\n|t:|1776464957\n|detailschange|p2a: Floette|Floette-Mega, L50, F\n|-mega|p2a: Floette|Floette|Floettite\n|-ability|p2a: Floette|Fairy Aura\n|move|p2a: Floette|Calm Mind|p2a: Floette\n|-boost|p2a: Floette|spa|1\n|-boost|p2a: Floette|spd|1\n|move|p1a: Meganium|Weather Ball|p2a: Floette\n|-damage|p2a: Floette|73/100\n|\n|upkeep\n|turn|13\n|\n|t:|1776464962\n|move|p2a: Floette|Moonblast|p1a: Meganium\n|-damage|p1a: Meganium|0 fnt\n|faint|p1a: Meganium\n|\n|win|DiceyRice\n|raw|Jayteejay10's rating: 1362 &rarr; <strong>1346</strong><br />(-16 for losing)\n|raw|DiceyRice's rating: 1440 &rarr; <strong>1456</strong><br />(+16 for winning)\n|l|\u2606Jayteejay10\n|player|p1|\n|l|\u2606DiceyRice\n|player|p2|\n|j|\u2606DiceyRice\n|player|p2|DiceyRice|miku-ghost|\n",
  "uploadtime": 1776465183,
  "views": 9,
  "formatid": "gen9championsbssregma",
  "rating": 1346,
  "private": 0,
  "password": null
}