{
  "id": "gen9championsbssregma-2581880140",
  "format": "[Gen 9 Champions] BSS Reg M-A",
  "players": [
    "yj4q3212q",
    "Porygon 32"
  ],
  "log": "|j|\u2606yj4q3212q\n|j|\u2606Porygon 32\n|t:|1776036216\n|gametype|singles\n|player|p1|yj4q3212q|hilbert-wonderlauncher|1126\n|player|p2|Porygon 32|gambler|1059\n|gen|9\n|tier|[Gen 9 Champions] BSS Reg M-A\n|rated|\n|rule|Species Clause: Limit one of each Pok\u00e9mon\n|rule|Item Clause: Limit 1 of each item\n|clearpoke\n|poke|p1|Charizard, L50, F|\n|poke|p1|Sneasler, L50, F|\n|poke|p1|Primarina, L50, F|\n|poke|p1|Lucario, L50, F|\n|poke|p1|Garchomp, L50, M|\n|poke|p1|Meowscarada, L50, M|\n|poke|p2|Espathra, L50, F|\n|poke|p2|Lucario, L50, F|\n|poke|p2|Excadrill, L50, M|\n|poke|p2|Clefable, L50, M|\n|poke|p2|Trevenant, L50, F|\n|poke|p2|Kingambit, L50, M|\n|teampreview|3\n|\n|t:|1776036244\n|teamsize|p1|3\n|teamsize|p2|3\n|start\n|switch|p1a: Meowscarada|Meowscarada, L50, M|100/100\n|switch|p2a: Espathra|Espathra, L50, F|100/100\n|turn|1\n|\n|t:|1776036247\n|move|p2a: Espathra|Protect|p2a: Espathra\n|-singleturn|p2a: Espathra|Protect\n|move|p1a: Meowscarada|Knock Off|p2a: Espathra\n|-start|p1a: Meowscarada|typechange|Dark|[from] ability: Protean\n|-activate|p2a: Espathra|move: Protect\n|\n|-ability|p2a: Espathra|Speed Boost|boost\n|-boost|p2a: Espathra|spe|1\n|upkeep\n|turn|2\n|\n|t:|1776036251\n|move|p1a: Meowscarada|Knock Off|p2a: Espathra\n|-supereffective|p2a: Espathra|1\n|-enditem|p2a: Espathra|Colbur Berry|[eat]\n|-enditem|p2a: Espathra|Colbur Berry|[weaken]\n|-damage|p2a: Espathra|60/100\n|move|p2a: Espathra|Calm Mind|p2a: Espathra\n|-boost|p2a: Espathra|spa|1\n|-boost|p2a: Espathra|spd|1\n|\n|-ability|p2a: Espathra|Speed Boost|boost\n|-boost|p2a: Espathra|spe|1\n|upkeep\n|turn|3\n|\n|t:|1776036257\n|move|p2a: Espathra|Protect|p2a: Espathra\n|-singleturn|p2a: Espathra|Protect\n|move|p1a: Meowscarada|Knock Off|p2a: Espathra\n|-activate|p2a: Espathra|move: Protect\n|\n|-ability|p2a: Espathra|Speed Boost|boost\n|-boost|p2a: Espathra|spe|1\n|upkeep\n|turn|4\n|c|\u2606yj4q3212q|baton pass?\n|\n|t:|1776036267\n|move|p2a: Espathra|Baton Pass|p2a: Espathra\n|\n|t:|1776036269\n|switch|p2a: Lucario|Lucario, L50, F|100/100|[from] Baton Pass\n|move|p1a: Meowscarada|Knock Off|p2a: Lucario\n|-resisted|p2a: Lucario|1\n|-damage|p2a: Lucario|73/100\n|\n|upkeep\n|turn|5\n|\n|t:|1776036276\n|detailschange|p2a: Lucario|Lucario-Mega, L50, F\n|-mega|p2a: Lucario|Lucario|Lucarionite\n|move|p2a: Lucario|Nasty Plot|p2a: Lucario\n|-boost|p2a: Lucario|spa|2\n|move|p1a: Meowscarada|Knock Off|p2a: Lucario\n|-resisted|p2a: Lucario|1\n|-damage|p2a: Lucario|50/100\n|\n|upkeep\n|turn|6\n|\n|t:|1776036281\n|move|p2a: Lucario|Vacuum Wave|p1a: Meowscarada\n|-supereffective|p1a: Meowscarada|1\n|-damage|p1a: Meowscarada|0 fnt\n|faint|p1a: Meowscarada\n|\n|upkeep\n|\n|t:|1776036291\n|switch|p1a: Charizard|Charizard, L50, F, shiny|100/100\n|turn|7\n|\n|t:|1776036295\n|detailschange|p1a: Charizard|Charizard-Mega-Y, L50, F, shiny\n|-mega|p1a: Charizard|Charizard|Charizardite Y\n|-weather|SunnyDay|[from] ability: Drought|[of] p1a: Charizard\n|move|p2a: Lucario|Aura Sphere|p1a: Charizard\n|-resisted|p1a: Charizard|1\n|-damage|p1a: Charizard|21/100\n|move|p1a: Charizard|Weather Ball|p2a: Lucario\n|-supereffective|p2a: Lucario|1\n|-damage|p2a: Lucario|0 fnt\n|faint|p2a: Lucario\n|\n|-weather|SunnyDay|[upkeep]\n|upkeep\n|\n|t:|1776036300\n|switch|p2a: Espathra|Espathra, L50, F|60/100\n|turn|8\n|\n|t:|1776036305\n|move|p2a: Espathra|Protect|p2a: Espathra\n|-singleturn|p2a: Espathra|Protect\n|move|p1a: Charizard|Weather Ball|p2a: Espathra\n|-activate|p2a: Espathra|move: Protect\n|\n|-weather|SunnyDay|[upkeep]\n|-ability|p2a: Espathra|Speed Boost|boost\n|-boost|p2a: Espathra|spe|1\n|upkeep\n|turn|9\n|\n|t:|1776036310\n|move|p2a: Espathra|Calm Mind|p2a: Espathra\n|-boost|p2a: Espathra|spa|1\n|-boost|p2a: Espathra|spd|1\n|move|p1a: Charizard|Weather Ball|p2a: Espathra\n|-damage|p2a: Espathra|0 fnt\n|faint|p2a: Espathra\n|\n|-weather|SunnyDay|[upkeep]\n|upkeep\n|\n|t:|1776036312\n|switch|p2a: Excadrill|Excadrill, L50, M|100/100\n|-ability|p2a: Excadrill|Mold Breaker\n|turn|10\n|\n|t:|1776036315\n|move|p1a: Charizard|Weather Ball|p2a: Excadrill\n|-supereffective|p2a: Excadrill|1\n|-damage|p2a: Excadrill|0 fnt\n|faint|p2a: Excadrill\n|\n|win|yj4q3212q\n|raw|yj4q3212q's rating: 1126 &rarr; <strong>1146</strong><br />(+20 for winning)\n|raw|Porygon 32's rating: 1059 &rarr; <strong>1044</strong><br />(-15 for losing)\n|l|\u2606Porygon 32\n|player|p2|\n",
  "uploadtime": 1776036318,
  "views": 5,
  "formatid": "gen9championsbssregma",
  "rating": 1044,
  "private": 0,
  "password": null
}