{
  "id": "gen9championsbssregma-2584320339",
  "format": "[Gen 9 Champions] BSS Reg M-A",
  "players": [
    "Jordio",
    "mangerion"
  ],
  "log": "|j|\u203dJordio\n|j|\u2606mangerion\n|t:|1776250898\n|gametype|singles\n|player|p1|Jordio|alder|1376\n|player|p2|mangerion|102|1443\n|gen|9\n|tier|[Gen 9 Champions] BSS Reg M-A\n|rated|\n|rule|Species Clause: Limit one of each Pok\u00e9mon\n|rule|Item Clause: Limit 1 of each item\n|clearpoke\n|poke|p1|Clefable, L50, M|\n|poke|p1|Rotom-Wash, L50|\n|poke|p1|Umbreon, L50, M|\n|poke|p1|Gengar, L50, M|\n|poke|p1|Goodra-Hisui, L50, M|\n|poke|p1|Basculegion, L50, M|\n|poke|p2|Glimmora, L50, M|\n|poke|p2|Garchomp, L50, F|\n|poke|p2|Gengar, L50, F|\n|poke|p2|Umbreon, L50, M|\n|poke|p2|Scizor, L50, F|\n|poke|p2|Rotom-Wash, L50|\n|teampreview|3\n|inactive|Battle timer is ON: inactive players will automatically lose when time's up. (requested by Jordio)\n|inactive|Jordio has 60 seconds left.\n|inactive|mangerion has 60 seconds left.\n|j| p74\n|\n|t:|1776250944\n|teamsize|p1|3\n|teamsize|p2|3\n|start\n|switch|p1a: Rotom|Rotom-Wash, L50, shiny|100/100\n|switch|p2a: Umbreon|Umbreon, L50, M|100/100\n|turn|1\n|\n|t:|1776250952\n|move|p2a: Umbreon|Protect|p2a: Umbreon\n|-singleturn|p2a: Umbreon|Protect\n|move|p1a: Rotom|Will-O-Wisp|p2a: Umbreon\n|-activate|p2a: Umbreon|move: Protect\n|\n|upkeep\n|turn|2\n|\n|t:|1776250965\n|move|p1a: Rotom|Will-O-Wisp|p2a: Umbreon\n|-status|p2a: Umbreon|brn\n|move|p2a: Umbreon|Yawn|p1a: Rotom\n|-start|p1a: Rotom|move: Yawn|[of] p2a: Umbreon\n|\n|-damage|p2a: Umbreon|95/100 brn|[from] brn\n|upkeep\n|turn|3\n|\n|t:|1776250978\n|switch|p1a: Goodra|Goodra-Hisui, L50, M, shiny|100/100\n|switch|p2a: Garchomp|Garchomp, L50, F|100/100\n|\n|upkeep\n|turn|4\n|\n|t:|1776250990\n|switch|p1a: Rotom|Rotom-Wash, L50, shiny|100/100\n|move|p2a: Garchomp|Stealth Rock|p1a: Rotom\n|-sidestart|p1: Jordio|move: Stealth Rock\n|\n|upkeep\n|turn|5\n|\n|t:|1776250996\n|switch|p2a: Umbreon|Umbreon, L50, M|95/100 brn\n|move|p1a: Rotom|Hydro Pump|p2a: Umbreon\n|-damage|p2a: Umbreon|63/100 brn\n|\n|-heal|p2a: Umbreon|69/100 brn|[from] item: Leftovers\n|-damage|p2a: Umbreon|63/100 brn|[from] brn\n|upkeep\n|turn|6\n|\n|t:|1776251008\n|move|p1a: Rotom|Hydro Pump|p2a: Umbreon\n|-damage|p2a: Umbreon|30/100 brn\n|move|p2a: Umbreon|Yawn|p1a: Rotom\n|-start|p1a: Rotom|move: Yawn|[of] p2a: Umbreon\n|\n|-heal|p2a: Umbreon|36/100 brn|[from] item: Leftovers\n|-damage|p2a: Umbreon|30/100 brn|[from] brn\n|upkeep\n|turn|7\n|\n|t:|1776251018\n|switch|p1a: Goodra|Goodra-Hisui, L50, M, shiny|100/100\n|-damage|p1a: Goodra|95/100|[from] Stealth Rock\n|move|p2a: Umbreon|Wish|p2a: Umbreon\n|\n|-heal|p2a: Umbreon|36/100 brn|[from] item: Leftovers\n|-damage|p2a: Umbreon|30/100 brn|[from] brn\n|upkeep\n|turn|8\n|\n|t:|1776251028\n|move|p2a: Umbreon|Yawn|p1a: Goodra\n|-start|p1a: Goodra|move: Yawn|[of] p2a: Umbreon\n|move|p1a: Goodra|Shelter|p1a: Goodra\n|-boost|p1a: Goodra|def|2\n|\n|-heal|p2a: Umbreon|80/100 brn|[from] move: Wish|[wisher] Umbreon\n|-heal|p2a: Umbreon|86/100 brn|[from] item: Leftovers\n|-damage|p2a: Umbreon|80/100 brn|[from] brn\n|upkeep\n|turn|9\n|\n|t:|1776251039\n|switch|p2a: Gengar|Gengar, L50, F|100/100\n|move|p1a: Goodra|Shelter|p1a: Goodra\n|-boost|p1a: Goodra|def|2\n|\n|-end|p1a: Goodra|move: Yawn|[silent]\n|-status|p1a: Goodra|slp\n|upkeep\n|-enditem|p1a: Goodra|Chesto Berry|[eat]\n|-curestatus|p1a: Goodra|slp|[msg]\n|turn|10\n|\n|t:|1776251054\n|detailschange|p2a: Gengar|Gengar-Mega, L50, F\n|-mega|p2a: Gengar|Gengar|Gengarite\n|move|p2a: Gengar|Shadow Ball|p1a: Goodra\n|-damage|p1a: Goodra|56/100\n|move|p1a: Goodra|Heavy Slam|p2a: Gengar\n|-damage|p2a: Gengar|38/100\n|\n|upkeep\n|turn|11\n|\n|t:|1776251065\n|move|p2a: Gengar|Shadow Ball|p1a: Goodra\n|-damage|p1a: Goodra|17/100\n|move|p1a: Goodra|Heavy Slam|p2a: Gengar\n|-damage|p2a: Gengar|0 fnt\n|faint|p2a: Gengar\n|\n|upkeep\n|\n|t:|1776251073\n|switch|p2a: Garchomp|Garchomp, L50, F|100/100\n|turn|12\n|\n|t:|1776251085\n|switch|p1a: Rotom|Rotom-Wash, L50, shiny|100/100\n|-damage|p1a: Rotom|88/100|[from] Stealth Rock\n|move|p2a: Garchomp|Earthquake|p1a: Rotom\n|-immune|p1a: Rotom|[from] ability: Levitate\n|\n|upkeep\n|turn|13\n|\n|t:|1776251094\n|switch|p2a: Umbreon|Umbreon, L50, M|80/100 brn\n|move|p1a: Rotom|Hydro Pump|p2a: Umbreon|[miss]\n|-miss|p1a: Rotom|p2a: Umbreon\n|\n|-heal|p2a: Umbreon|86/100 brn|[from] item: Leftovers\n|-damage|p2a: Umbreon|80/100 brn|[from] brn\n|upkeep\n|turn|14\n|\n|t:|1776251104\n|move|p1a: Rotom|Hydro Pump|p2a: Umbreon\n|-damage|p2a: Umbreon|50/100 brn\n|move|p2a: Umbreon|Yawn|p1a: Rotom\n|-start|p1a: Rotom|move: Yawn|[of] p2a: Umbreon\n|\n|-heal|p2a: Umbreon|56/100 brn|[from] item: Leftovers\n|-damage|p2a: Umbreon|50/100 brn|[from] brn\n|upkeep\n|turn|15\n|\n|t:|1776251115\n|move|p1a: Rotom|Volt Switch|p2a: Umbreon\n|-damage|p2a: Umbreon|29/100 brn\n|\n|t:|1776251118\n|switch|p1a: Goodra|Goodra-Hisui, L50, M, shiny|17/100|[from] Volt Switch\n|-damage|p1a: Goodra|11/100|[from] Stealth Rock\n|move|p2a: Umbreon|Wish|p2a: Umbreon\n|\n|-heal|p2a: Umbreon|35/100 brn|[from] item: Leftovers\n|-damage|p2a: Umbreon|29/100 brn|[from] brn\n|upkeep\n|turn|16\n|\n|t:|1776251142\n|move|p2a: Umbreon|Foul Play|p1a: Goodra\n|-damage|p1a: Goodra|0 fnt\n|faint|p1a: Goodra\n|\n|-heal|p2a: Umbreon|79/100 brn|[from] move: Wish|[wisher] Umbreon\n|-heal|p2a: Umbreon|85/100 brn|[from] item: Leftovers\n|-damage|p2a: Umbreon|79/100 brn|[from] brn\n|upkeep\n|\n|t:|1776251155\n|switch|p1a: Umbreon|Umbreon, L50, M, shiny|100/100\n|-damage|p1a: Umbreon|88/100|[from] Stealth Rock\n|turn|17\n|\n|t:|1776251162\n|move|p1a: Umbreon|Foul Play|p2a: Umbreon\n|-resisted|p2a: Umbreon|1\n|-damage|p2a: Umbreon|72/100 brn\n|move|p2a: Umbreon|Yawn|p1a: Umbreon\n|-start|p1a: Umbreon|move: Yawn|[of] p2a: Umbreon\n|\n|-heal|p1a: Umbreon|94/100|[from] item: Leftovers\n|-heal|p2a: Umbreon|78/100 brn|[from] item: Leftovers\n|-damage|p2a: Umbreon|72/100 brn|[from] brn\n|upkeep\n|turn|18\n|\n|t:|1776251180\n|move|p2a: Umbreon|Foul Play|p1a: Umbreon\n|-resisted|p1a: Umbreon|1\n|-damage|p1a: Umbreon|91/100\n|move|p1a: Umbreon|Wish|p1a: Umbreon\n|\n|-heal|p1a: Umbreon|97/100|[from] item: Leftovers\n|-heal|p2a: Umbreon|78/100 brn|[from] item: Leftovers\n|-damage|p2a: Umbreon|72/100 brn|[from] brn\n|-end|p1a: Umbreon|move: Yawn|[silent]\n|-status|p1a: Umbreon|slp\n|upkeep\n|turn|19\n|\n|t:|1776251193\n|switch|p2a: Garchomp|Garchomp, L50, F|100/100\n|cant|p1a: Umbreon|slp\n|\n|-heal|p1a: Umbreon|100/100 slp|[from] move: Wish|[wisher] Umbreon\n|upkeep\n|turn|20\n|\n|t:|1776251202\n|switch|p1a: Rotom|Rotom-Wash, L50, shiny|88/100\n|-damage|p1a: Rotom|76/100|[from] Stealth Rock\n|move|p2a: Garchomp|Earthquake|p1a: Rotom\n|-immune|p1a: Rotom|[from] ability: Levitate\n|\n|upkeep\n|turn|21\n|\n|t:|1776251210\n|switch|p2a: Umbreon|Umbreon, L50, M|72/100 brn\n|move|p1a: Rotom|Pain Split|p2a: Umbreon\n|-sethp|p2a: Umbreon|66/100 brn|[from] move: Pain Split|[silent]\n|-sethp|p1a: Rotom|84/100|[from] move: Pain Split\n|\n|-heal|p2a: Umbreon|72/100 brn|[from] item: Leftovers\n|-damage|p2a: Umbreon|66/100 brn|[from] brn\n|upkeep\n|turn|22\n|\n|t:|1776251223\n|move|p1a: Rotom|Volt Switch|p2a: Umbreon\n|-damage|p2a: Umbreon|48/100 brn\n|\n|t:|1776251226\n|switch|p1a: Umbreon|Umbreon, L50, M, shiny|100/100 slp|[from] Volt Switch\n|-damage|p1a: Umbreon|88/100 slp|[from] Stealth Rock\n|move|p2a: Umbreon|Wish|p2a: Umbreon\n|\n|-heal|p2a: Umbreon|54/100 brn|[from] item: Leftovers\n|-heal|p1a: Umbreon|94/100 slp|[from] item: Leftovers\n|-damage|p2a: Umbreon|48/100 brn|[from] brn\n|upkeep\n|turn|23\n|\n|t:|1776251239\n|move|p2a: Umbreon|Foul Play|p1a: Umbreon\n|-resisted|p1a: Umbreon|1\n|-damage|p1a: Umbreon|91/100 slp\n|cant|p1a: Umbreon|slp\n|\n|-heal|p2a: Umbreon|98/100 brn|[from] move: Wish|[wisher] Umbreon\n|-heal|p2a: Umbreon|100/100 brn|[from] item: Leftovers\n|-heal|p1a: Umbreon|97/100 slp|[from] item: Leftovers\n|-damage|p2a: Umbreon|95/100 brn|[from] brn\n|upkeep\n|turn|24\n|\n|t:|1776251252\n|move|p2a: Umbreon|Yawn||[still]\n|-fail|p2a: Umbreon\n|-curestatus|p1a: Umbreon|slp|[msg]\n|move|p1a: Umbreon|Foul Play|p2a: Umbreon\n|-resisted|p2a: Umbreon|1\n|-damage|p2a: Umbreon|88/100 brn\n|\n|-heal|p1a: Umbreon|100/100|[from] item: Leftovers\n|-heal|p2a: Umbreon|94/100 brn|[from] item: Leftovers\n|-damage|p2a: Umbreon|88/100 brn|[from] brn\n|upkeep\n|turn|25\n|\n|t:|1776251263\n|move|p2a: Umbreon|Yawn|p1a: Umbreon\n|-start|p1a: Umbreon|move: Yawn|[of] p2a: Umbreon\n|move|p1a: Umbreon|Foul Play|p2a: Umbreon\n|-resisted|p2a: Umbreon|1\n|-damage|p2a: Umbreon|81/100 brn\n|\n|-heal|p2a: Umbreon|87/100 brn|[from] item: Leftovers\n|-damage|p2a: Umbreon|81/100 brn|[from] brn\n|upkeep\n|turn|26\n|\n|t:|1776251274\n|move|p1a: Umbreon|Wish|p1a: Umbreon\n|move|p2a: Umbreon|Wish|p2a: Umbreon\n|\n|-heal|p2a: Umbreon|87/100 brn|[from] item: Leftovers\n|-damage|p2a: Umbreon|81/100 brn|[from] brn\n|-end|p1a: Umbreon|move: Yawn|[silent]\n|-status|p1a: Umbreon|slp\n|upkeep\n|turn|27\n|\n|t:|1776251282\n|switch|p1a: Rotom|Rotom-Wash, L50, shiny|84/100\n|-damage|p1a: Rotom|72/100|[from] Stealth Rock\n|switch|p2a: Garchomp|Garchomp, L50, F|100/100\n|\n|-heal|p1a: Rotom|100/100|[from] move: Wish|[wisher] Umbreon\n|upkeep\n|turn|28\n|\n|t:|1776251295\n|switch|p2a: Umbreon|Umbreon, L50, M|81/100 brn\n|move|p1a: Rotom|Will-O-Wisp|p2a: Umbreon\n|-fail|p2a: Umbreon|brn\n|\n|-heal|p2a: Umbreon|87/100 brn|[from] item: Leftovers\n|-damage|p2a: Umbreon|81/100 brn|[from] brn\n|upkeep\n|turn|29\n|\n|t:|1776251305\n|move|p1a: Rotom|Volt Switch|p2a: Umbreon\n|-damage|p2a: Umbreon|63/100 brn\n|\n|t:|1776251309\n|switch|p1a: Umbreon|Umbreon, L50, M, shiny|100/100 slp|[from] Volt Switch\n|-damage|p1a: Umbreon|88/100 slp|[from] Stealth Rock\n|move|p2a: Umbreon|Yawn||[still]\n|-fail|p2a: Umbreon\n|\n|-heal|p2a: Umbreon|69/100 brn|[from] item: Leftovers\n|-heal|p1a: Umbreon|94/100 slp|[from] item: Leftovers\n|-damage|p2a: Umbreon|63/100 brn|[from] brn\n|upkeep\n|turn|30\n|\n|t:|1776251321\n|cant|p1a: Umbreon|slp\n|move|p2a: Umbreon|Wish|p2a: Umbreon\n|\n|-heal|p2a: Umbreon|69/100 brn|[from] item: Leftovers\n|-heal|p1a: Umbreon|99/100 slp|[from] item: Leftovers\n|-damage|p2a: Umbreon|63/100 brn|[from] brn\n|upkeep\n|turn|31\n|\n|t:|1776251329\n|move|p2a: Umbreon|Protect|p2a: Umbreon\n|-singleturn|p2a: Umbreon|Protect\n|cant|p1a: Umbreon|slp\n|\n|-heal|p2a: Umbreon|100/100 brn|[from] move: Wish|[wisher] Umbreon\n|-heal|p1a: Umbreon|100/100 slp|[from] item: Leftovers\n|-damage|p2a: Umbreon|95/100 brn|[from] brn\n|upkeep\n|turn|32\n|\n|t:|1776251342\n|move|p2a: Umbreon|Wish|p2a: Umbreon\n|-curestatus|p1a: Umbreon|slp|[msg]\n|move|p1a: Umbreon|Toxic||[still]\n|-fail|p1a: Umbreon\n|\n|-heal|p2a: Umbreon|100/100 brn|[from] item: Leftovers\n|-damage|p2a: Umbreon|95/100 brn|[from] brn\n|upkeep\n|turn|33\n|\n|t:|1776251351\n|move|p1a: Umbreon|Toxic||[still]\n|-fail|p1a: Umbreon\n|move|p2a: Umbreon|Yawn|p1a: Umbreon\n|-start|p1a: Umbreon|move: Yawn|[of] p2a: Umbreon\n|\n|-heal|p2a: Umbreon|100/100 brn|[from] move: Wish|[wisher] Umbreon\n|-damage|p2a: Umbreon|95/100 brn|[from] brn\n|upkeep\n|turn|34\n|\n|t:|1776251362\n|move|p1a: Umbreon|Foul Play|p2a: Umbreon\n|-resisted|p2a: Umbreon|1\n|-damage|p2a: Umbreon|87/100 brn\n|move|p2a: Umbreon|Foul Play|p1a: Umbreon\n|-resisted|p1a: Umbreon|1\n|-damage|p1a: Umbreon|97/100\n|\n|-heal|p1a: Umbreon|100/100|[from] item: Leftovers\n|-heal|p2a: Umbreon|93/100 brn|[from] item: Leftovers\n|-damage|p2a: Umbreon|87/100 brn|[from] brn\n|-end|p1a: Umbreon|move: Yawn|[silent]\n|-status|p1a: Umbreon|slp\n|upkeep\n|turn|35\n|\n|t:|1776251375\n|switch|p2a: Garchomp|Garchomp, L50, F|100/100\n|cant|p1a: Umbreon|slp\n|\n|upkeep\n|turn|36\n|\n|t:|1776251382\n|switch|p1a: Rotom|Rotom-Wash, L50, shiny|100/100\n|-damage|p1a: Rotom|88/100|[from] Stealth Rock\n|move|p2a: Garchomp|Earthquake|p1a: Rotom\n|-immune|p1a: Rotom|[from] ability: Levitate\n|\n|upkeep\n|turn|37\n|\n|t:|1776251390\n|switch|p2a: Umbreon|Umbreon, L50, M|87/100 brn\n|move|p1a: Rotom|Volt Switch|p2a: Umbreon\n|-damage|p2a: Umbreon|66/100 brn\n|\n|t:|1776251392\n|switch|p1a: Umbreon|Umbreon, L50, M, shiny|100/100 slp|[from] Volt Switch\n|-damage|p1a: Umbreon|88/100 slp|[from] Stealth Rock\n|\n|-heal|p2a: Umbreon|72/100 brn|[from] item: Leftovers\n|-heal|p1a: Umbreon|94/100 slp|[from] item: Leftovers\n|-damage|p2a: Umbreon|66/100 brn|[from] brn\n|upkeep\n|turn|38\n|\n|t:|1776251405\n|cant|p1a: Umbreon|slp\n|move|p2a: Umbreon|Foul Play|p1a: Umbreon\n|-resisted|p1a: Umbreon|1\n|-damage|p1a: Umbreon|91/100 slp\n|\n|-heal|p2a: Umbreon|72/100 brn|[from] item: Leftovers\n|-heal|p1a: Umbreon|97/100 slp|[from] item: Leftovers\n|-damage|p2a: Umbreon|66/100 brn|[from] brn\n|upkeep\n|turn|39\n|\n|t:|1776251415\n|-curestatus|p1a: Umbreon|slp|[msg]\n|move|p1a: Umbreon|Toxic||[still]\n|-fail|p1a: Umbreon\n|move|p2a: Umbreon|Wish|p2a: Umbreon\n|\n|-heal|p2a: Umbreon|72/100 brn|[from] item: Leftovers\n|-heal|p1a: Umbreon|100/100|[from] item: Leftovers\n|-damage|p2a: Umbreon|66/100 brn|[from] brn\n|upkeep\n|turn|40\n|\n|t:|1776251426\n|move|p1a: Umbreon|Toxic||[still]\n|-fail|p1a: Umbreon\n|move|p2a: Umbreon|Yawn|p1a: Umbreon\n|-start|p1a: Umbreon|move: Yawn|[of] p2a: Umbreon\n|\n|-heal|p2a: Umbreon|100/100 brn|[from] move: Wish|[wisher] Umbreon\n|-damage|p2a: Umbreon|95/100 brn|[from] brn\n|upkeep\n|turn|41\n|\n|t:|1776251440\n|switch|p2a: Garchomp|Garchomp, L50, F|100/100\n|move|p1a: Umbreon|Toxic|p2a: Garchomp\n|-status|p2a: Garchomp|tox\n|\n|-damage|p2a: Garchomp|94/100 tox|[from] psn\n|-end|p1a: Umbreon|move: Yawn|[silent]\n|-status|p1a: Umbreon|slp\n|upkeep\n|turn|42\n|\n|t:|1776251450\n|switch|p1a: Rotom|Rotom-Wash, L50, shiny|88/100\n|-damage|p1a: Rotom|76/100|[from] Stealth Rock\n|move|p2a: Garchomp|Outrage|p1a: Rotom\n|-damage|p1a: Rotom|21/100\n|-enditem|p1a: Rotom|Sitrus Berry|[eat]\n|-heal|p1a: Rotom|46/100|[from] item: Sitrus Berry\n|\n|-damage|p2a: Garchomp|82/100 tox|[from] psn\n|upkeep\n|turn|43\n|\n|t:|1776251463\n|move|p2a: Garchomp|Outrage|p1a: Rotom|[from] lockedmove\n|-damage|p1a: Rotom|0 fnt\n|faint|p1a: Rotom\n|-start|p2a: Garchomp|confusion|[fatigue]\n|\n|-damage|p2a: Garchomp|64/100 tox|[from] psn\n|upkeep\n|\n|t:|1776251465\n|switch|p1a: Umbreon|Umbreon, L50, M, shiny|100/100 slp\n|-damage|p1a: Umbreon|88/100 slp|[from] Stealth Rock\n|turn|44\n|\n|t:|1776251475\n|switch|p2a: Umbreon|Umbreon, L50, M|95/100 brn\n|cant|p1a: Umbreon|slp\n|\n|-heal|p1a: Umbreon|94/100 slp|[from] item: Leftovers\n|-heal|p2a: Umbreon|100/100 brn|[from] item: Leftovers\n|-damage|p2a: Umbreon|95/100 brn|[from] brn\n|upkeep\n|turn|45\n|\n|t:|1776251484\n|move|p2a: Umbreon|Foul Play|p1a: Umbreon\n|-resisted|p1a: Umbreon|1\n|-damage|p1a: Umbreon|91/100 slp\n|cant|p1a: Umbreon|slp\n|\n|-heal|p1a: Umbreon|97/100 slp|[from] item: Leftovers\n|-heal|p2a: Umbreon|100/100 brn|[from] item: Leftovers\n|-damage|p2a: Umbreon|95/100 brn|[from] brn\n|upkeep\n|turn|46\n|\n|t:|1776251494\n|-curestatus|p1a: Umbreon|slp|[msg]\n|move|p1a: Umbreon|Toxic||[still]\n|-fail|p1a: Umbreon\n|move|p2a: Umbreon|Yawn|p1a: Umbreon\n|-start|p1a: Umbreon|move: Yawn|[of] p2a: Umbreon\n|\n|-heal|p2a: Umbreon|100/100 brn|[from] item: Leftovers\n|-heal|p1a: Umbreon|100/100|[from] item: Leftovers\n|-damage|p2a: Umbreon|95/100 brn|[from] brn\n|upkeep\n|turn|47\n|inactive|mangerion has 30 seconds left.\n|\n|t:|1776251505\n|move|p1a: Umbreon|Wish|p1a: Umbreon\n|move|p2a: Umbreon|Wish|p2a: Umbreon\n|\n|-heal|p2a: Umbreon|100/100 brn|[from] item: Leftovers\n|-damage|p2a: Umbreon|95/100 brn|[from] brn\n|-end|p1a: Umbreon|move: Yawn|[silent]\n|-status|p1a: Umbreon|slp\n|upkeep\n|turn|48\n|inactive|mangerion has 30 seconds left this turn.\n|\n|t:|1776251514\n|switch|p2a: Garchomp|Garchomp, L50, F|64/100 tox\n|cant|p1a: Umbreon|slp\n|\n|-heal|p2a: Garchomp|100/100 tox|[from] move: Wish|[wisher] Umbreon\n|-damage|p2a: Garchomp|94/100 tox|[from] psn\n|upkeep\n|turn|49\n|inactive|mangerion has 25 seconds left this turn.\n|inactive|mangerion has 20 seconds left.\n|inactive|mangerion has 15 seconds left.\n|\n|t:|1776251525\n|move|p2a: Garchomp|Outrage|p1a: Umbreon\n|-damage|p1a: Umbreon|63/100 slp\n|-curestatus|p1a: Umbreon|slp|[msg]\n|move|p1a: Umbreon|Wish|p1a: Umbreon\n|\n|-heal|p1a: Umbreon|69/100|[from] item: Leftovers\n|-damage|p2a: Garchomp|82/100 tox|[from] psn\n|upkeep\n|turn|50\n|inactive|mangerion has 15 seconds left this turn.\n|inactive|mangerion has 10 seconds left.\n|inactive|mangerion has 5 seconds left.\n|\n|t:|1776251535\n|move|p2a: Garchomp|Outrage|p1a: Umbreon|[from] lockedmove\n|-damage|p1a: Umbreon|25/100\n|move|p1a: Umbreon|Foul Play|p2a: Garchomp\n|-damage|p2a: Garchomp|32/100 tox\n|-damage|p1a: Umbreon|13/100|[from] ability: Rough Skin|[of] p2a: Garchomp\n|\n|-heal|p1a: Umbreon|63/100|[from] move: Wish|[wisher] Umbreon\n|-heal|p1a: Umbreon|69/100|[from] item: Leftovers\n|-damage|p2a: Garchomp|14/100 tox|[from] psn\n|upkeep\n|turn|51\n|inactive|mangerion has 5 seconds left this turn.\n|-message|mangerion lost due to inactivity.\n|\n|win|Jordio\n|raw|Jordio's rating: 1376 &rarr; <strong>1400</strong><br />(+24 for winning)\n|raw|mangerion's rating: 1443 &rarr; <strong>1419</strong><br />(-24 for losing)\n|l|\u203dJordio\n|player|p1|\n|l|\u2606mangerion\n|player|p2|\n",
  "uploadtime": 1776251601,
  "views": 16,
  "formatid": "gen9championsbssregma",
  "rating": 1400,
  "private": 0,
  "password": null
}