{
  "id": "gen9championsbssregma-2585154298",
  "format": "[Gen 9 Champions] BSS Reg M-A",
  "players": [
    "baesy0207",
    "bregogo"
  ],
  "log": "|j|\u2606baesy0207\n|j|\u2606bregogo\n|t:|1776318483\n|gametype|singles\n|player|p1|baesy0207|1|1322\n|player|p2|bregogo|dawn|1327\n|gen|9\n|tier|[Gen 9 Champions] BSS Reg M-A\n|rated|\n|rule|Species Clause: Limit one of each Pok\u00e9mon\n|rule|Item Clause: Limit 1 of each item\n|clearpoke\n|poke|p1|Crabominable, L50, M|\n|poke|p1|Hatterene, L50, F|\n|poke|p1|Basculegion, L50, M|\n|poke|p1|Kingambit, L50, F|\n|poke|p1|Torkoal, L50, F|\n|poke|p1|Banette, L50, F|\n|poke|p2|Delphox, L50, F|\n|poke|p2|Corviknight, L50, F|\n|poke|p2|Meowscarada, L50, M|\n|poke|p2|Garchomp, L50, M|\n|poke|p2|Lucario, L50, M|\n|poke|p2|Primarina, L50, F|\n|teampreview|3\n|inactive|Battle timer is ON: inactive players will automatically lose when time's up. (requested by baesy0207)\n|inactive|baesy0207 has 60 seconds left.\n|inactive|bregogo has 60 seconds left.\n|\n|t:|1776318529\n|teamsize|p1|3\n|teamsize|p2|3\n|start\n|switch|p1a: Banette|Banette, L50, F|100/100\n|switch|p2a: Lucario|Lucario, L50, M|100/100\n|-item|p2a: Lucario|Lucarionite|[from] ability: Frisk|[of] p1a: Banette\n|turn|1\n|j| p74\n|\n|t:|1776318543\n|detailschange|p2a: Lucario|Lucario-Mega, L50, M\n|-mega|p2a: Lucario|Lucario|Lucarionite\n|detailschange|p1a: Banette|Banette-Mega, L50, F\n|-mega|p1a: Banette|Banette|Banettite\n|move|p2a: Lucario|Swords Dance|p2a: Lucario\n|-boost|p2a: Lucario|atk|2\n|move|p1a: Banette|Poltergeist|p2a: Lucario\n|-activate|p2a: Lucario|move: Poltergeist|Lucarionite\n|-damage|p2a: Lucario|7/100\n|\n|upkeep\n|turn|2\n|\n|t:|1776318562\n|switch|p1a: Basculegion|Basculegion, L50, M|100/100\n|move|p2a: Lucario|Bullet Punch|p1a: Basculegion\n|-resisted|p1a: Basculegion|1\n|-damage|p1a: Basculegion|61/100\n|\n|upkeep\n|turn|3\n|\n|t:|1776318581\n|switch|p2a: Meowscarada|Meowscarada, L50, M|100/100\n|move|p1a: Basculegion|Flip Turn|p2a: Meowscarada\n|-resisted|p2a: Meowscarada|1\n|-damage|p2a: Meowscarada|71/100\n|\n|t:|1776318588\n|switch|p1a: Torkoal|Torkoal, L50, F|100/100|[from] Flip Turn\n|-weather|SunnyDay|[from] ability: Drought|[of] p1a: Torkoal\n|\n|-weather|SunnyDay|[upkeep]\n|upkeep\n|turn|4\n|\n|t:|1776318605\n|move|p2a: Meowscarada|Knock Off|p1a: Torkoal\n|-start|p2a: Meowscarada|typechange|Dark|[from] ability: Protean\n|-damage|p1a: Torkoal|63/100\n|-enditem|p1a: Torkoal|Charcoal|[from] move: Knock Off|[of] p2a: Meowscarada\n|move|p1a: Torkoal|Weather Ball|p2a: Meowscarada\n|-crit|p2a: Meowscarada\n|-damage|p2a: Meowscarada|0 fnt\n|faint|p2a: Meowscarada\n|\n|-weather|SunnyDay|[upkeep]\n|upkeep\n|\n|t:|1776318612\n|switch|p2a: Garchomp|Garchomp, L50, M|100/100\n|turn|5\n|\n|t:|1776318624\n|move|p2a: Garchomp|Swords Dance|p2a: Garchomp\n|-boost|p2a: Garchomp|atk|2\n|move|p1a: Torkoal|Yawn|p2a: Garchomp\n|-start|p2a: Garchomp|move: Yawn|[of] p1a: Torkoal\n|\n|-weather|SunnyDay|[upkeep]\n|upkeep\n|turn|6\n|\n|t:|1776318647\n|move|p2a: Garchomp|Scale Shot|p1a: Torkoal\n|-crit|p1a: Torkoal\n|-damage|p1a: Torkoal|30/100\n|-damage|p1a: Torkoal|10/100\n|-damage|p1a: Torkoal|0 fnt\n|faint|p1a: Torkoal\n|-hitcount|p1: Torkoal|3\n|-unboost|p2a: Garchomp|def|1\n|-boost|p2a: Garchomp|spe|1\n|\n|-weather|SunnyDay|[upkeep]\n|-end|p2a: Garchomp|move: Yawn|[silent]\n|-status|p2a: Garchomp|slp\n|upkeep\n|j| jolextestteam22\n|\n|t:|1776318656\n|switch|p1a: Banette|Banette-Mega, L50, F|100/100\n|turn|7\n|\n|t:|1776318662\n|cant|p2a: Garchomp|slp\n|move|p1a: Banette|Poltergeist|p2a: Garchomp\n|-activate|p2a: Garchomp|move: Poltergeist|Focus Sash\n|-enditem|p2a: Garchomp|Focus Sash\n|-damage|p2a: Garchomp|1/100 slp\n|\n|-weather|none\n|upkeep\n|turn|8\n|\n|t:|1776318671\n|move|p1a: Banette|Curse|p2a: Garchomp\n|-start|p2a: Garchomp|Curse|[of] p1a: Banette\n|-damage|p1a: Banette|51/100\n|cant|p2a: Garchomp|slp\n|\n|-damage|p2a: Garchomp|0 fnt|[from] Curse\n|faint|p2a: Garchomp\n|upkeep\n|\n|t:|1776318676\n|switch|p2a: Lucario|Lucario-Mega, L50, M|7/100\n|turn|9\n|\n|t:|1776318683\n|move|p2a: Lucario|Bullet Punch|p1a: Banette\n|-damage|p1a: Banette|11/100\n|move|p1a: Banette|Destiny Bond|p1a: Banette\n|-singlemove|p1a: Banette|Destiny Bond\n|\n|upkeep\n|turn|10\n|\n|t:|1776318689\n|move|p1a: Banette|Curse|p2a: Lucario\n|-start|p2a: Lucario|Curse|[of] p1a: Banette\n|-damage|p1a: Banette|0 fnt\n|faint|p1a: Banette\n|move|p2a: Lucario|Swords Dance|p2a: Lucario\n|-boost|p2a: Lucario|atk|2\n|\n|-damage|p2a: Lucario|0 fnt|[from] Curse\n|faint|p2a: Lucario\n|\n|win|baesy0207\n|raw|baesy0207's rating: 1322 &rarr; <strong>1342</strong><br />(+20 for winning)\n|raw|bregogo's rating: 1327 &rarr; <strong>1307</strong><br />(-20 for losing)\n|l|\u2606bregogo\n|player|p2|\n",
  "uploadtime": 1776318693,
  "views": 3,
  "formatid": "gen9championsbssregma",
  "rating": 1307,
  "private": 0,
  "password": null
}