{
  "id": "gen9championsbssregma-2582981850",
  "format": "[Gen 9 Champions] BSS Reg M-A",
  "players": [
    "hoshigumo1101",
    "txqz6p"
  ],
  "log": "|j|\u2606hoshigumo1101\n|j|\u2606txqz6p\n|t:|1776130540\n|gametype|singles\n|player|p1|hoshigumo1101|acetrainerf|1239\n|player|p2|txqz6p|265|1235\n|gen|9\n|tier|[Gen 9 Champions] BSS Reg M-A\n|rated|\n|rule|Species Clause: Limit one of each Pok\u00e9mon\n|rule|Item Clause: Limit 1 of each item\n|clearpoke\n|poke|p1|Lopunny, L50, F|\n|poke|p1|Garchomp, L50, M|\n|poke|p1|Kingambit, L50, M|\n|poke|p1|Corviknight, L50, M|\n|poke|p1|Primarina, L50, F|\n|poke|p1|Delphox, L50, M|\n|poke|p2|Greninja-*, L50, M|\n|poke|p2|Basculegion, L50, M|\n|poke|p2|Dragonite, L50, M|\n|poke|p2|Charizard, L50, M|\n|poke|p2|Archaludon, L50, F|\n|poke|p2|Scizor, L50, F|\n|teampreview|3\n|\n|t:|1776130576\n|teamsize|p1|3\n|teamsize|p2|3\n|start\n|switch|p1a: Garchomp|Garchomp, L50, M|100/100\n|switch|p2a: Archaludon|Archaludon, L50, F|100/100\n|turn|1\n|-activate|p2a: Archaludon|item: Quick Claw\n|\n|t:|1776130583\n|move|p2a: Archaludon|Draco Meteor|p1a: Garchomp\n|-supereffective|p1a: Garchomp|1\n|-enditem|p1a: Garchomp|Focus Sash\n|-damage|p1a: Garchomp|1/100\n|-unboost|p2a: Archaludon|spa|2\n|move|p1a: Garchomp|Stealth Rock|p2a: Archaludon\n|-sidestart|p2: txqz6p|move: Stealth Rock\n|\n|upkeep\n|turn|2\n|\n|t:|1776130595\n|move|p1a: Garchomp|Earthquake|p2a: Archaludon\n|-supereffective|p2a: Archaludon|1\n|-damage|p2a: Archaludon|9/100\n|move|p2a: Archaludon|Draco Meteor|p1a: Garchomp\n|-supereffective|p1a: Garchomp|1\n|-damage|p1a: Garchomp|0 fnt\n|-unboost|p2a: Archaludon|spa|2\n|faint|p1a: Garchomp\n|\n|upkeep\n|\n|t:|1776130603\n|switch|p1a: Corviknight|Corviknight, L50, M|100/100\n|-ability|p1a: Corviknight|Pressure\n|turn|3\n|\n|t:|1776130608\n|move|p2a: Archaludon|Stealth Rock|p1a: Corviknight\n|-sidestart|p1: hoshigumo1101|move: Stealth Rock\n|move|p1a: Corviknight|Iron Defense|p1a: Corviknight\n|-boost|p1a: Corviknight|def|2\n|\n|upkeep\n|turn|4\n|\n|t:|1776130613\n|move|p2a: Archaludon|Steel Beam|p1a: Corviknight\n|-resisted|p1a: Corviknight|1\n|-damage|p1a: Corviknight|89/100\n|-damage|p2a: Archaludon|0 fnt|[from] steelbeam\n|faint|p2a: Archaludon\n|move|p1a: Corviknight|Body Press|p2: Archaludon|[notarget]\n|-fail|p1a: Corviknight\n|\n|-heal|p1a: Corviknight|95/100|[from] item: Leftovers\n|upkeep\n|\n|t:|1776130622\n|switch|p2a: Charizard|Charizard, L50, M|100/100\n|-damage|p2a: Charizard|51/100|[from] Stealth Rock\n|turn|5\n|\n|t:|1776130630\n|detailschange|p2a: Charizard|Charizard-Mega-Y, L50, M\n|-mega|p2a: Charizard|Charizard|Charizardite Y\n|-weather|SunnyDay|[from] ability: Drought|[of] p2a: Charizard\n|move|p2a: Charizard|Flamethrower|p1a: Corviknight\n|-supereffective|p1a: Corviknight|1\n|-damage|p1a: Corviknight|0 fnt\n|faint|p1a: Corviknight\n|\n|-weather|SunnyDay|[upkeep]\n|upkeep\n|\n|t:|1776130632\n|switch|p1a: Lopunny|Lopunny, L50, F|100/100\n|-damage|p1a: Lopunny|88/100|[from] Stealth Rock\n|turn|6\n|j| gawayneou\n|\n|t:|1776130640\n|detailschange|p1a: Lopunny|Lopunny-Mega, L50, F\n|-mega|p1a: Lopunny|Lopunny|Lopunnite\n|move|p1a: Lopunny|Fake Out|p2a: Charizard\n|-damage|p2a: Charizard|18/100\n|cant|p2a: Charizard|flinch\n|\n|-weather|SunnyDay|[upkeep]\n|upkeep\n|turn|7\n|\n|t:|1776130650\n|move|p1a: Lopunny|Facade|p2a: Charizard\n|-damage|p2a: Charizard|0 fnt\n|faint|p2a: Charizard\n|\n|-weather|SunnyDay|[upkeep]\n|upkeep\n|j| bromerta\n|\n|t:|1776130655\n|switch|p2a: Basculegion|Basculegion, L50, M|100/100\n|-damage|p2a: Basculegion|88/100|[from] Stealth Rock\n|turn|8\n|\n|t:|1776130662\n|move|p2a: Basculegion|Wave Crash|p1a: Lopunny\n|-damage|p1a: Lopunny|41/100\n|-damage|p2a: Basculegion|77/100|[from] Recoil\n|move|p1a: Lopunny|Close Combat|p2a: Basculegion\n|-damage|p2a: Basculegion|0 fnt\n|-unboost|p1a: Lopunny|def|1\n|-unboost|p1a: Lopunny|spd|1\n|faint|p2a: Basculegion\n|\n|win|hoshigumo1101\n|raw|hoshigumo1101's rating: 1239 &rarr; <strong>1264</strong><br />(+25 for winning)\n|raw|txqz6p's rating: 1235 &rarr; <strong>1210</strong><br />(-25 for losing)\n|l|\u2606hoshigumo1101\n|player|p1|\n|l|\u2606txqz6p\n|player|p2|\n",
  "uploadtime": 1776130751,
  "views": 10,
  "formatid": "gen9championsbssregma",
  "rating": 1210,
  "private": 0,
  "password": null
}