{
  "id": "gen9championsbssregma-2581434559",
  "format": "[Gen 9 Champions] BSS Reg M-A",
  "players": [
    "dispergosum",
    "meteorplayz_"
  ],
  "log": "|j|\u2606dispergosum\n|j|\u2606meteorplayz_\n|t:|1776000057\n|gametype|singles\n|player|p1|dispergosum|ltsurge|1000\n|player|p2|meteorplayz_|winona-gen6|1078\n|gen|9\n|tier|[Gen 9 Champions] BSS Reg M-A\n|rated|\n|rule|Species Clause: Limit one of each Pok\u00e9mon\n|rule|Item Clause: Limit 1 of each item\n|clearpoke\n|poke|p1|Gengar, L50, F|\n|poke|p1|Rotom-Fan, L50|\n|poke|p1|Tinkaton, L50, F|\n|poke|p1|Arcanine-Hisui, L50, F|\n|poke|p1|Blastoise, L50, M|\n|poke|p1|Espathra, L50, F|\n|poke|p2|Meowscarada, L50, F|\n|poke|p2|Milotic, L50, F|\n|poke|p2|Aegislash, L50, M|\n|poke|p2|Dragonite, L50, M|\n|poke|p2|Slowking-Galar, L50, M|\n|poke|p2|Lopunny, L50, F|\n|teampreview|3\n|inactive|Battle timer is ON: inactive players will automatically lose when time's up. (requested by meteorplayz_)\n|\n|t:|1776000118\n|teamsize|p1|3\n|teamsize|p2|3\n|start\n|switch|p1a: Arcanine|Arcanine-Hisui, L50, F|100/100\n|switch|p2a: Meowscarada|Meowscarada, L50, F|100/100\n|turn|1\n|\n|t:|1776000125\n|move|p2a: Meowscarada|U-turn|p1a: Arcanine\n|-start|p2a: Meowscarada|typechange|Bug|[from] ability: Protean\n|-resisted|p1a: Arcanine|1\n|-damage|p1a: Arcanine|80/100\n|\n|t:|1776000131\n|switch|p2a: Lopunny|Lopunny, L50, F|100/100|[from] U-turn\n|move|p1a: Arcanine|Flare Blitz|p2a: Lopunny\n|-damage|p2a: Lopunny|19/100\n|\n|upkeep\n|turn|2\n|\n|t:|1776000136\n|detailschange|p2a: Lopunny|Lopunny-Mega, L50, F\n|-mega|p2a: Lopunny|Lopunny|Lopunnite\n|move|p2a: Lopunny|Fake Out|p1a: Arcanine\n|-resisted|p1a: Arcanine|1\n|-damage|p1a: Arcanine|66/100\n|cant|p1a: Arcanine|flinch\n|\n|upkeep\n|turn|3\n|\n|t:|1776000143\n|move|p1a: Arcanine|Flare Blitz|p2a: Lopunny\n|-damage|p2a: Lopunny|0 fnt\n|faint|p2a: Lopunny\n|\n|upkeep\n|\n|t:|1776000147\n|switch|p2a: Milotic|Milotic, L50, F|100/100\n|turn|4\n|\n|t:|1776000153\n|switch|p1a: Rotom|Rotom-Fan, L50|100/100\n|move|p2a: Milotic|Scald|p1a: Rotom\n|-damage|p1a: Rotom|78/100\n|\n|upkeep\n|turn|5\n|\n|t:|1776000160\n|switch|p2a: Meowscarada|Meowscarada, L50, F|100/100\n|move|p1a: Rotom|Volt Switch|p2a: Meowscarada\n|-resisted|p2a: Meowscarada|1\n|-damage|p2a: Meowscarada|81/100\n|\n|t:|1776000180\n|switch|p1a: Arcanine|Arcanine-Hisui, L50, F|66/100|[from] Volt Switch\n|\n|upkeep\n|turn|6\n|\n|t:|1776000189\n|move|p2a: Meowscarada|U-turn|p1a: Arcanine\n|-start|p2a: Meowscarada|typechange|Bug|[from] ability: Protean\n|-resisted|p1a: Arcanine|1\n|-damage|p1a: Arcanine|47/100\n|\n|t:|1776000197\n|switch|p2a: Milotic|Milotic, L50, F|100/100|[from] U-turn\n|move|p1a: Arcanine|Head Smash|p2a: Milotic\n|-damage|p2a: Milotic|43/100\n|\n|upkeep\n|turn|7\n|\n|t:|1776000208\n|move|p1a: Arcanine|Head Smash|p2a: Milotic\n|-damage|p2a: Milotic|0 fnt\n|faint|p2a: Milotic\n|\n|upkeep\n|\n|t:|1776000211\n|switch|p2a: Meowscarada|Meowscarada, L50, F|81/100\n|turn|8\n|\n|t:|1776000214\n|move|p2a: Meowscarada|Knock Off|p1a: Arcanine\n|-start|p2a: Meowscarada|typechange|Dark|[from] ability: Protean\n|-crit|p1a: Arcanine\n|-damage|p1a: Arcanine|0 fnt\n|-enditem|p1a: Arcanine|Choice Scarf|[from] move: Knock Off|[of] p2a: Meowscarada\n|faint|p1a: Arcanine\n|\n|upkeep\n|\n|t:|1776000221\n|switch|p1a: Blastoise|Blastoise, L50, M|100/100\n|turn|9\n|\n|t:|1776000224\n|detailschange|p1a: Blastoise|Blastoise-Mega, L50, M\n|-mega|p1a: Blastoise|Blastoise|Blastoisinite\n|move|p2a: Meowscarada|Knock Off|p1a: Blastoise\n|-crit|p1a: Blastoise\n|-damage|p1a: Blastoise|56/100\n|move|p1a: Blastoise|Shell Smash|p1a: Blastoise\n|-unboost|p1a: Blastoise|def|1\n|-unboost|p1a: Blastoise|spd|1\n|-boost|p1a: Blastoise|atk|2\n|-boost|p1a: Blastoise|spa|2\n|-boost|p1a: Blastoise|spe|2\n|\n|upkeep\n|turn|10\n|\n|t:|1776000230\n|move|p2a: Meowscarada|Knock Off|p1a: Blastoise\n|-damage|p1a: Blastoise|11/100\n|move|p1a: Blastoise|Aura Sphere|p2a: Meowscarada\n|-supereffective|p2a: Meowscarada|1\n|-damage|p2a: Meowscarada|0 fnt\n|faint|p2a: Meowscarada\n|\n|win|dispergosum\n|raw|dispergosum's rating: 1000 &rarr; <strong>1049</strong><br />(+49 for winning)\n|raw|meteorplayz_'s rating: 1078 &rarr; <strong>1052</strong><br />(-26 for losing)\n",
  "uploadtime": 1776000230,
  "views": 5,
  "formatid": "gen9championsbssregma",
  "rating": 1049,
  "private": 0,
  "password": null
}