{
  "id": "gen9championsbssregma-2588554848",
  "format": "[Gen 9 Champions] BSS Reg M-A",
  "players": [
    "tippy99",
    "qweralt"
  ],
  "log": "|j|\u2606tippy99\n|j|\u2606qweralt\n|t:|1776644489\n|gametype|singles\n|player|p1|tippy99|2|1156\n|player|p2|qweralt|boarder|1149\n|gen|9\n|tier|[Gen 9 Champions] BSS Reg M-A\n|rated|\n|rule|Species Clause: Limit one of each Pok\u00e9mon\n|rule|Item Clause: Limit 1 of each item\n|clearpoke\n|poke|p1|Garchomp, L50, M|\n|poke|p1|Gengar, L50, F|\n|poke|p1|Corviknight, L50, M|\n|poke|p1|Hatterene, L50, F|\n|poke|p1|Golurk, L50|\n|poke|p1|Kingambit, L50, M|\n|poke|p2|Delphox, L50, M|\n|poke|p2|Hatterene, L50, F|\n|poke|p2|Weavile, L50, M|\n|poke|p2|Volcarona, L50, F|\n|poke|p2|Rotom-Wash, L50|\n|poke|p2|Ditto, L50, shiny|\n|teampreview|3\n|\n|t:|1776644509\n|teamsize|p1|3\n|teamsize|p2|3\n|start\n|switch|p1a: Hatterene|Hatterene, L50, F|100/100\n|switch|p2a: Delphox|Delphox, L50, M|100/100\n|turn|1\n|\n|t:|1776644517\n|switch|p2a: Rotom-Miss|Rotom-Wash, L50|100/100\n|move|p1a: Hatterene|Trick Room|p1a: Hatterene\n|-fieldstart|move: Trick Room|[of] p1a: Hatterene\n|\n|upkeep\n|turn|2\n|\n|t:|1776644532\n|move|p1a: Hatterene|Psyshock|p2a: Rotom-Miss\n|-damage|p2a: Rotom-Miss|62/100\n|move|p2a: Rotom-Miss|Volt Switch|p1a: Hatterene\n|-crit|p1a: Hatterene\n|-damage|p1a: Hatterene|56/100\n|\n|t:|1776644546\n|switch|p2a: Delphox|Delphox, L50, M|100/100|[from] Volt Switch\n|\n|upkeep\n|turn|3\n|\n|t:|1776644556\n|detailschange|p2a: Delphox|Delphox-Mega, L50, M\n|-mega|p2a: Delphox|Delphox|Delphoxite\n|move|p1a: Hatterene|Misty Explosion|p2a: Delphox\n|-resisted|p2a: Delphox|1\n|-damage|p2a: Delphox|73/100\n|faint|p1a: Hatterene\n|move|p2a: Delphox|Psychic|p1: Hatterene|[notarget]\n|-fail|p2a: Delphox\n|\n|upkeep\n|\n|t:|1776644562\n|switch|p1a: Golurk|Golurk, L50|100/100\n|turn|4\n|\n|t:|1776644587\n|detailschange|p1a: Golurk|Golurk-Mega, L50\n|-mega|p1a: Golurk|Golurk|Golurkite\n|move|p1a: Golurk|Poltergeist|p2a: Delphox\n|-activate|p2a: Delphox|move: Poltergeist|Delphoxite\n|-supereffective|p2a: Delphox|1\n|-damage|p2a: Delphox|0 fnt\n|faint|p2a: Delphox\n|\n|upkeep\n|\n|t:|1776644594\n|switch|p2a: Rotom-Miss|Rotom-Wash, L50|62/100\n|turn|5\n|\n|t:|1776644607\n|move|p1a: Golurk|Poltergeist|p2a: Rotom-Miss\n|-activate|p2a: Rotom-Miss|move: Poltergeist|Bright Powder\n|-damage|p2a: Rotom-Miss|3/100\n|move|p2a: Rotom-Miss|Will-O-Wisp|p1a: Golurk\n|-status|p1a: Golurk|brn\n|\n|-damage|p1a: Golurk|94/100 brn|[from] brn\n|-fieldend|move: Trick Room\n|upkeep\n|turn|6\n|\n|t:|1776644626\n|move|p2a: Rotom-Miss|Pain Split|p1a: Golurk\n|-sethp|p1a: Golurk|48/100 brn|[from] move: Pain Split|[silent]\n|-sethp|p2a: Rotom-Miss|60/100|[from] move: Pain Split\n|move|p1a: Golurk|Poltergeist|p2a: Rotom-Miss\n|-activate|p2a: Rotom-Miss|move: Poltergeist|Bright Powder\n|-damage|p2a: Rotom-Miss|26/100\n|\n|-damage|p1a: Golurk|42/100 brn|[from] brn\n|upkeep\n|turn|7\n|\n|t:|1776644640\n|move|p2a: Rotom-Miss|Hydro Pump|p1a: Golurk\n|-supereffective|p1a: Golurk|1\n|-damage|p1a: Golurk|0 fnt\n|faint|p1a: Golurk\n|\n|upkeep\n|\n|t:|1776644644\n|switch|p1a: Kingambit|Kingambit, L50, M|100/100\n|-activate|p1a: Kingambit|ability: Supreme Overlord\n|-start|p1a: Kingambit|fallen2|[silent]\n|turn|8\n|\n|t:|1776644650\n|move|p1a: Kingambit|Sucker Punch||[still]\n|-fail|p1a: Kingambit\n|move|p2a: Rotom-Miss|Will-O-Wisp|p1a: Kingambit\n|-status|p1a: Kingambit|brn\n|\n|-damage|p1a: Kingambit|95/100 brn|[from] brn\n|upkeep\n|turn|9\n|\n|t:|1776644670\n|move|p2a: Rotom-Miss|Hydro Pump|p1a: Kingambit\n|-damage|p1a: Kingambit|57/100 brn\n|move|p1a: Kingambit|Iron Head|p2a: Rotom-Miss\n|-resisted|p2a: Rotom-Miss|2\n|-damage|p2a: Rotom-Miss|20/100\n|\n|-damage|p1a: Kingambit|51/100 brn|[from] brn\n|upkeep\n|turn|10\n|\n|t:|1776644677\n|move|p1a: Kingambit|Sucker Punch|p2a: Rotom-Miss\n|-damage|p2a: Rotom-Miss|0 fnt\n|faint|p2a: Rotom-Miss\n|\n|-damage|p1a: Kingambit|45/100 brn|[from] brn\n|upkeep\n|\n|t:|1776644679\n|switch|p2a: Weavile|Weavile, L50, M|100/100\n|-ability|p2a: Weavile|Pressure\n|turn|11\n|\n|t:|1776644688\n|move|p2a: Weavile|Low Kick|p1a: Kingambit\n|-supereffective|p1a: Kingambit|2\n|-damage|p1a: Kingambit|0 fnt\n|faint|p1a: Kingambit\n|-end|p1a: Kingambit|fallen2|[silent]\n|\n|win|qweralt\n|raw|tippy99's rating: 1156 &rarr; <strong>1130</strong><br />(-26 for losing)\n|raw|qweralt's rating: 1149 &rarr; <strong>1175</strong><br />(+26 for winning)\n",
  "uploadtime": 1776644690,
  "views": 1,
  "formatid": "gen9championsbssregma",
  "rating": 1130,
  "private": 0,
  "password": null
}