{
  "id": "gen9championsbssregma-2585115918",
  "format": "[Gen 9 Champions] BSS Reg M-A",
  "players": [
    "michinsaram",
    "egjp"
  ],
  "log": "|j|\u2606michinsaram\n|j|\u2606egjp\n|t:|1776313585\n|gametype|singles\n|player|p1|michinsaram|265|1271\n|player|p2|egjp|169|1396\n|gen|9\n|tier|[Gen 9 Champions] BSS Reg M-A\n|rated|\n|rule|Species Clause: Limit one of each Pok\u00e9mon\n|rule|Item Clause: Limit 1 of each item\n|clearpoke\n|poke|p1|Aegislash, L50, F|\n|poke|p1|Charizard, L50, F|\n|poke|p1|Ninetales-Alola, L50, F|\n|poke|p1|Araquanid, L50, F|\n|poke|p1|Gengar, L50, M|\n|poke|p1|Kingambit, L50, M|\n|poke|p2|Garchomp, L50, M|\n|poke|p2|Umbreon, L50, F|\n|poke|p2|Gengar, L50, F|\n|poke|p2|Hydreigon, L50, M|\n|poke|p2|Toxapex, L50, F|\n|poke|p2|Lucario, L50, F|\n|teampreview|3\n|\n|t:|1776313639\n|teamsize|p1|3\n|teamsize|p2|3\n|start\n|switch|p1a: Ninetales|Ninetales-Alola, L50, F|100/100\n|switch|p2a: Garchomp|Garchomp, L50, M|100/100\n|-weather|Snowscape|[from] ability: Snow Warning|[of] p1a: Ninetales\n|turn|1\n|inactive|Battle timer is ON: inactive players will automatically lose when time's up. (requested by egjp)\n|\n|t:|1776313653\n|switch|p2a: Umbreon|Umbreon, L50, F|100/100\n|move|p1a: Ninetales|Blizzard|p2a: Umbreon\n|-crit|p2a: Umbreon\n|-damage|p2a: Umbreon|63/100\n|\n|-weather|Snowscape|[upkeep]\n|-heal|p2a: Umbreon|69/100|[from] item: Leftovers\n|upkeep\n|turn|2\n|inactive|michinsaram has 30 seconds left.\n|\n|t:|1776313681\n|move|p1a: Ninetales|Aurora Veil|p1a: Ninetales\n|-sidestart|p1: michinsaram|move: Aurora Veil\n|move|p2a: Umbreon|Yawn|p1a: Ninetales\n|-start|p1a: Ninetales|move: Yawn|[of] p2a: Umbreon\n|\n|-weather|Snowscape|[upkeep]\n|-heal|p2a: Umbreon|75/100|[from] item: Leftovers\n|upkeep\n|turn|3\n|\n|t:|1776313700\n|switch|p1a: Aegislash|Aegislash, L50, F|100/100\n|move|p2a: Umbreon|Yawn|p1a: Aegislash\n|-start|p1a: Aegislash|move: Yawn|[of] p2a: Umbreon\n|\n|-weather|Snowscape|[upkeep]\n|-heal|p2a: Umbreon|81/100|[from] item: Leftovers\n|upkeep\n|turn|4\n|j| huhyuhyuhyuh\n|\n|t:|1776313709\n|switch|p1a: Ninetales|Ninetales-Alola, L50, F|100/100\n|move|p2a: Umbreon|Yawn|p1a: Ninetales\n|-start|p1a: Ninetales|move: Yawn|[of] p2a: Umbreon\n|\n|-weather|Snowscape|[upkeep]\n|-heal|p2a: Umbreon|87/100|[from] item: Leftovers\n|upkeep\n|turn|5\n|\n|t:|1776313717\n|switch|p1a: Aegislash|Aegislash, L50, F|100/100\n|switch|p2a: Garchomp|Garchomp, L50, M|100/100\n|\n|-weather|none\n|upkeep\n|turn|6\n|\n|t:|1776313724\n|switch|p1a: Ninetales|Ninetales-Alola, L50, F|100/100\n|-weather|Snowscape|[from] ability: Snow Warning|[of] p1a: Ninetales\n|move|p2a: Garchomp|Stealth Rock|p1a: Ninetales\n|-sidestart|p1: michinsaram|move: Stealth Rock\n|\n|-weather|Snowscape|[upkeep]\n|-sideend|p1: michinsaram|move: Aurora Veil\n|upkeep\n|turn|7\n|\n|t:|1776313730\n|switch|p2a: Umbreon|Umbreon, L50, F|87/100\n|move|p1a: Ninetales|Aurora Veil|p1a: Ninetales\n|-sidestart|p1: michinsaram|move: Aurora Veil\n|\n|-weather|Snowscape|[upkeep]\n|-heal|p2a: Umbreon|93/100|[from] item: Leftovers\n|upkeep\n|turn|8\n|\n|t:|1776313735\n|move|p1a: Ninetales|Blizzard|p2a: Umbreon\n|-damage|p2a: Umbreon|69/100\n|move|p2a: Umbreon|Yawn|p1a: Ninetales\n|-start|p1a: Ninetales|move: Yawn|[of] p2a: Umbreon\n|\n|-weather|Snowscape|[upkeep]\n|-heal|p2a: Umbreon|75/100|[from] item: Leftovers\n|upkeep\n|turn|9\n|\n|t:|1776313744\n|move|p1a: Ninetales|Encore|p2a: Umbreon\n|-start|p2a: Umbreon|Encore\n|move|p2a: Umbreon|Yawn||[still]\n|-fail|p2a: Umbreon\n|\n|-weather|Snowscape|[upkeep]\n|-heal|p2a: Umbreon|81/100|[from] item: Leftovers\n|-end|p1a: Ninetales|move: Yawn|[silent]\n|-status|p1a: Ninetales|slp\n|upkeep\n|turn|10\n|\n|t:|1776313758\n|switch|p2a: Lucario|Lucario, L50, F|100/100\n|cant|p1a: Ninetales|slp\n|\n|-weather|none\n|upkeep\n|turn|11\n|\n|t:|1776313768\n|switch|p1a: Aegislash|Aegislash, L50, F|100/100\n|-damage|p1a: Aegislash|95/100|[from] Stealth Rock\n|detailschange|p2a: Lucario|Lucario-Mega, L50, F\n|-mega|p2a: Lucario|Lucario|Lucarionite\n|move|p2a: Lucario|Bullet Punch|p1a: Aegislash\n|-resisted|p1a: Aegislash|1\n|-damage|p1a: Aegislash|88/100\n|\n|-heal|p1a: Aegislash|94/100|[from] item: Leftovers\n|-sideend|p1: michinsaram|move: Aurora Veil\n|upkeep\n|turn|12\n|\n|t:|1776313791\n|switch|p2a: Garchomp|Garchomp, L50, M|100/100\n|move|p1a: Aegislash|Swords Dance|p1a: Aegislash\n|-boost|p1a: Aegislash|atk|2\n|\n|-heal|p1a: Aegislash|99/100|[from] item: Leftovers\n|upkeep\n|turn|13\n|\n|t:|1776313800\n|move|p2a: Garchomp|Earthquake|p1a: Aegislash\n|-supereffective|p1a: Aegislash|1\n|-damage|p1a: Aegislash|27/100\n|-formechange|p1a: Aegislash|Aegislash-Blade|\n|move|p1a: Aegislash|Poltergeist|p2a: Garchomp\n|-activate|p2a: Garchomp|move: Poltergeist|Sitrus Berry\n|-damage|p2a: Garchomp|7/100\n|-enditem|p2a: Garchomp|Sitrus Berry|[eat]\n|-heal|p2a: Garchomp|32/100|[from] item: Sitrus Berry\n|\n|-heal|p1a: Aegislash|33/100|[from] item: Leftovers\n|upkeep\n|turn|14\n|\n|t:|1776313811\n|move|p1a: Aegislash|Shadow Sneak|p2a: Garchomp\n|-damage|p2a: Garchomp|0 fnt\n|-damage|p1a: Aegislash|21/100|[from] ability: Rough Skin|[of] p2a: Garchomp\n|faint|p2a: Garchomp\n|\n|-heal|p1a: Aegislash|27/100|[from] item: Leftovers\n|upkeep\n|j| p74\n|inactive|egjp has 30 seconds left.\n|inactive|egjp has 20 seconds left.\n|\n|t:|1776313847\n|switch|p2a: Umbreon|Umbreon, L50, F|81/100\n|turn|15\n|\n|t:|1776313857\n|move|p2a: Umbreon|Yawn|p1a: Aegislash\n|-start|p1a: Aegislash|move: Yawn|[of] p2a: Umbreon\n|move|p1a: Aegislash|Sacred Sword|p2a: Umbreon\n|-supereffective|p2a: Umbreon|1\n|-damage|p2a: Umbreon|0 fnt\n|faint|p2a: Umbreon\n|\n|-heal|p1a: Aegislash|33/100|[from] item: Leftovers\n|upkeep\n|\n|t:|1776313863\n|switch|p2a: Lucario|Lucario-Mega, L50, F|100/100\n|turn|16\n|\n|t:|1776313877\n|move|p1a: Aegislash|Shadow Sneak|p2a: Lucario\n|-damage|p2a: Lucario|37/100\n|move|p2a: Lucario|Earthquake|p1a: Aegislash\n|-supereffective|p1a: Aegislash|1\n|-damage|p1a: Aegislash|0 fnt\n|faint|p1a: Aegislash\n|\n|upkeep\n|\n|t:|1776313883\n|switch|p1a: Ninetales|Ninetales-Alola, L50, F|100/100 slp\n|-damage|p1a: Ninetales|75/100 slp|[from] Stealth Rock\n|-weather|Snowscape|[from] ability: Snow Warning|[of] p1a: Ninetales\n|turn|17\n|inactive|egjp has 30 seconds left.\n|inactive|egjp has 20 seconds left.\n|inactive|egjp has 15 seconds left.\n|\n|t:|1776313923\n|move|p2a: Lucario|Bullet Punch|p1a: Ninetales\n|-supereffective|p1a: Ninetales|2\n|-damage|p1a: Ninetales|0 fnt\n|faint|p1a: Ninetales\n|\n|-weather|Snowscape|[upkeep]\n|upkeep\n|\n|t:|1776313926\n|switch|p1a: Charizard|Charizard, L50, F, shiny|100/100\n|-damage|p1a: Charizard|51/100|[from] Stealth Rock\n|turn|18\n|\n|t:|1776313934\n|detailschange|p1a: Charizard|Charizard-Mega-X, L50, F, shiny\n|-mega|p1a: Charizard|Charizard|Charizardite X\n|move|p2a: Lucario|Close Combat|p1a: Charizard\n|-damage|p1a: Charizard|0 fnt\n|-unboost|p2a: Lucario|def|1\n|-unboost|p2a: Lucario|spd|1\n|faint|p1a: Charizard\n|\n|win|egjp\n|raw|michinsaram's rating: 1271 &rarr; <strong>1255</strong><br />(-16 for losing)\n|raw|egjp's rating: 1396 &rarr; <strong>1409</strong><br />(+13 for winning)\n|l|\u2606michinsaram\n|player|p1|\n|l| huhyuhyuhyuh\n|l|\u2606egjp\n|player|p2|\n",
  "uploadtime": 1776315152,
  "views": 4,
  "formatid": "gen9championsbssregma",
  "rating": 1255,
  "private": 0,
  "password": null
}