{
  "id": "gen9championsbssregma-2584265548",
  "format": "[Gen 9 Champions] BSS Reg M-A",
  "players": [
    "dyuros",
    "ray-1055"
  ],
  "log": "|j|\u2606dyuros\n|j|\u2606ray-1055\n|t:|1776244953\n|gametype|singles\n|player|p1|dyuros|1|1257\n|player|p2|ray-1055|170|1261\n|gen|9\n|tier|[Gen 9 Champions] BSS Reg M-A\n|rated|\n|rule|Species Clause: Limit one of each Pok\u00e9mon\n|rule|Item Clause: Limit 1 of each item\n|clearpoke\n|poke|p1|Mimikyu, L50, F|\n|poke|p1|Ninetales-Alola, L50, F|\n|poke|p1|Kommo-o, L50, M|\n|poke|p1|Volcarona, L50, F|\n|poke|p1|Kingambit, L50, F|\n|poke|p1|Starmie, L50|\n|poke|p2|Charizard, L50, F|\n|poke|p2|Ditto, L50|\n|poke|p2|Scizor, L50, F|\n|poke|p2|Rotom-Wash, L50|\n|poke|p2|Gengar, L50, M|\n|poke|p2|Vivillon, L50, M|\n|teampreview|3\n|\n|t:|1776244989\n|teamsize|p1|3\n|teamsize|p2|3\n|start\n|switch|p1a: Starmie|Starmie, L50|100/100\n|switch|p2a: Scizor|Scizor, L50, F|100/100\n|turn|1\n|\n|t:|1776244993\n|switch|p1a: Volcarona|Volcarona, L50, F|100/100\n|move|p2a: Scizor|Knock Off|p1a: Volcarona\n|-damage|p1a: Volcarona|66/100\n|-enditem|p1a: Volcarona|Bright Powder|[from] move: Knock Off|[of] p2a: Scizor\n|\n|upkeep\n|turn|2\n|\n|t:|1776244999\n|move|p1a: Volcarona|Quiver Dance|p1a: Volcarona\n|-boost|p1a: Volcarona|spa|1\n|-boost|p1a: Volcarona|spd|1\n|-boost|p1a: Volcarona|spe|1\n|move|p2a: Scizor|U-turn|p1a: Volcarona\n|-resisted|p1a: Volcarona|1\n|-damage|p1a: Volcarona|49/100\n|-status|p2a: Scizor|brn|[from] ability: Flame Body|[of] p1a: Volcarona\n|\n|t:|1776245003\n|switch|p2a: Ditto|Ditto, L50|100/100|[from] U-turn\n|-transform|p2a: Ditto|p1a: Volcarona|[from] ability: Imposter\n|\n|upkeep\n|turn|3\n|\n|t:|1776245010\n|move|p2a: Ditto|Fiery Dance|p1a: Volcarona\n|-damage|p1a: Volcarona|20/100\n|-boost|p2a: Ditto|spa|1\n|move|p1a: Volcarona|Fiery Dance|p2a: Ditto\n|-damage|p2a: Ditto|64/100\n|\n|upkeep\n|turn|4\n|j| p74\n|\n|t:|1776245014\n|move|p2a: Ditto|Fiery Dance|p1a: Volcarona\n|-damage|p1a: Volcarona|0 fnt\n|faint|p1a: Volcarona\n|\n|upkeep\n|\n|t:|1776245019\n|switch|p1a: Starmie|Starmie, L50|100/100\n|turn|5\n|\n|t:|1776245027\n|switch|p2a: Scizor|Scizor, L50, F|100/100 brn\n|detailschange|p1a: Starmie|Starmie-Mega, L50\n|-mega|p1a: Starmie|Starmie|Starminite\n|move|p1a: Starmie|Liquidation|p2a: Scizor\n|-damage|p2a: Scizor|25/100 brn\n|\n|-damage|p2a: Scizor|19/100 brn|[from] brn\n|upkeep\n|turn|6\n|\n|t:|1776245030\n|move|p1a: Starmie|Aqua Jet|p2a: Scizor\n|-damage|p2a: Scizor|0 fnt\n|faint|p2a: Scizor\n|\n|upkeep\n|\n|t:|1776245035\n|switch|p2a: Charizard|Charizard, L50, F|100/100\n|turn|7\n|\n|t:|1776245037\n|detailschange|p2a: Charizard|Charizard-Mega-Y, L50, F\n|-mega|p2a: Charizard|Charizard|Charizardite Y\n|-weather|SunnyDay|[from] ability: Drought|[of] p2a: Charizard\n|move|p1a: Starmie|Liquidation|p2a: Charizard\n|-supereffective|p2a: Charizard|1\n|-damage|p2a: Charizard|0 fnt\n|faint|p2a: Charizard\n|\n|-weather|SunnyDay|[upkeep]\n|upkeep\n|\n|t:|1776245042\n|switch|p2a: Ditto|Ditto, L50|64/100\n|-transform|p2a: Ditto|p1a: Starmie|[from] ability: Imposter\n|turn|8\n|\n|t:|1776245045\n|move|p2a: Ditto|Zen Headbutt|p1a: Starmie\n|-resisted|p1a: Starmie|1\n|-damage|p1a: Starmie|61/100\n|move|p1a: Starmie|Liquidation|p2a: Ditto\n|-resisted|p2a: Ditto|1\n|-crit|p2a: Ditto\n|-damage|p2a: Ditto|36/100\n|-unboost|p2a: Ditto|def|1\n|\n|-weather|SunnyDay|[upkeep]\n|upkeep\n|turn|9\n|\n|t:|1776245050\n|move|p2a: Ditto|Zen Headbutt|p1a: Starmie\n|-resisted|p1a: Starmie|1\n|-damage|p1a: Starmie|19/100\n|move|p1a: Starmie|Liquidation|p2a: Ditto\n|-resisted|p2a: Ditto|1\n|-damage|p2a: Ditto|4/100\n|\n|-weather|SunnyDay|[upkeep]\n|upkeep\n|turn|10\n|\n|t:|1776245053\n|move|p1a: Starmie|Aqua Jet|p2a: Ditto\n|-resisted|p2a: Ditto|1\n|-damage|p2a: Ditto|0 fnt\n|faint|p2a: Ditto\n|\n|win|dyuros\n|raw|dyuros's rating: 1257 &rarr; <strong>1282</strong><br />(+25 for winning)\n|raw|ray-1055's rating: 1261 &rarr; <strong>1236</strong><br />(-25 for losing)\n|l|\u2606ray-1055\n|player|p2|\n|l|\u2606dyuros\n|player|p1|\n",
  "uploadtime": 1776245165,
  "views": 6,
  "formatid": "gen9championsbssregma",
  "rating": 1236,
  "private": 0,
  "password": null
}