{
  "id": "gen9championsbssregma-2585110658",
  "format": "[Gen 9 Champions] BSS Reg M-A",
  "players": [
    "mystymt",
    "4jyoudebu"
  ],
  "log": "|j|\u2606mystymt\n|j|\u26064jyoudebu\n|t:|1776312954\n|gametype|singles\n|player|p1|mystymt|1|1261\n|player|p2|4jyoudebu|crasherwake|1344\n|gen|9\n|tier|[Gen 9 Champions] BSS Reg M-A\n|rated|\n|rule|Species Clause: Limit one of each Pok\u00e9mon\n|rule|Item Clause: Limit 1 of each item\n|clearpoke\n|poke|p1|Greninja-*, L50, F|\n|poke|p1|Hydreigon, L50, F|\n|poke|p1|Gengar, L50, F|\n|poke|p1|Kangaskhan, L50, F|\n|poke|p1|Hippowdon, L50, M|\n|poke|p1|Aegislash, L50, M|\n|poke|p2|Garchomp, L50, M|\n|poke|p2|Basculegion, L50, M|\n|poke|p2|Mimikyu, L50, F|\n|poke|p2|Dragonite, L50, M|\n|poke|p2|Gengar, L50, M|\n|poke|p2|Archaludon, L50, M|\n|teampreview|3\n|inactive|Battle timer is ON: inactive players will automatically lose when time's up. (requested by 4jyoudebu)\n|inactive|mystymt has 60 seconds left.\n|j| p74\n|\n|t:|1776313018\n|teamsize|p1|3\n|teamsize|p2|3\n|start\n|switch|p1a: Greninja|Greninja, L50, F|100/100\n|switch|p2a: Garchomp|Garchomp, L50, M, shiny|100/100\n|turn|1\n|\n|t:|1776313028\n|switch|p2a: Basculegion|Basculegion, L50, M, shiny|100/100\n|move|p1a: Greninja|Ice Beam|p2a: Basculegion\n|-start|p1a: Greninja|typechange|Ice|[from] ability: Protean\n|-resisted|p2a: Basculegion|1\n|-damage|p2a: Basculegion|77/100\n|\n|upkeep\n|turn|2\n|\n|t:|1776313040\n|move|p1a: Greninja|Dark Pulse|p2a: Basculegion\n|-supereffective|p2a: Basculegion|1\n|-damage|p2a: Basculegion|24/100\n|cant|p2a: Basculegion|flinch\n|\n|upkeep\n|turn|3\n|\n|t:|1776313047\n|move|p2a: Basculegion|Aqua Jet|p1a: Greninja\n|-damage|p1a: Greninja|55/100\n|move|p1a: Greninja|Dark Pulse|p2a: Basculegion\n|-supereffective|p2a: Basculegion|1\n|-damage|p2a: Basculegion|0 fnt\n|faint|p2a: Basculegion\n|\n|upkeep\n|\n|t:|1776313052\n|switch|p2a: Dragonite|Dragonite, L50, M, shiny|100/100\n|turn|4\n|\n|t:|1776313066\n|switch|p1a: Hippowdon|Hippowdon, L50, M|100/100\n|-weather|Sandstorm|[from] ability: Sand Stream|[of] p1a: Hippowdon\n|detailschange|p2a: Dragonite|Dragonite-Mega, L50, M, shiny\n|-mega|p2a: Dragonite|Dragonite|Dragoninite\n|move|p2a: Dragonite|Flamethrower|p1a: Hippowdon\n|-damage|p1a: Hippowdon|64/100\n|\n|-weather|Sandstorm|[upkeep]\n|-damage|p2a: Dragonite|94/100|[from] Sandstorm\n|upkeep\n|turn|5\n|\n|t:|1776313076\n|switch|p2a: Garchomp|Garchomp, L50, M, shiny|100/100\n|move|p1a: Hippowdon|Yawn|p2a: Garchomp\n|-start|p2a: Garchomp|move: Yawn|[of] p1a: Hippowdon\n|\n|-weather|Sandstorm|[upkeep]\n|upkeep\n|turn|6\n|\n|t:|1776313086\n|move|p2a: Garchomp|Stealth Rock|p1a: Hippowdon\n|-sidestart|p1: mystymt|move: Stealth Rock\n|move|p1a: Hippowdon|Slack Off|p1a: Hippowdon\n|-heal|p1a: Hippowdon|100/100\n|\n|-weather|Sandstorm|[upkeep]\n|-end|p2a: Garchomp|move: Yawn|[silent]\n|-status|p2a: Garchomp|slp\n|upkeep\n|turn|7\n|\n|t:|1776313093\n|cant|p2a: Garchomp|slp\n|move|p1a: Hippowdon|Stealth Rock|p2a: Garchomp\n|-sidestart|p2: 4jyoudebu|move: Stealth Rock\n|\n|-weather|Sandstorm|[upkeep]\n|upkeep\n|turn|8\n|\n|t:|1776313097\n|cant|p2a: Garchomp|slp\n|move|p1a: Hippowdon|Earthquake|p2a: Garchomp\n|-damage|p2a: Garchomp|66/100 slp\n|\n|-weather|none\n|upkeep\n|turn|9\n|\n|t:|1776313103\n|-curestatus|p2a: Garchomp|slp|[msg]\n|move|p2a: Garchomp|Spikes|p1a: Hippowdon\n|-sidestart|p1: mystymt|Spikes\n|move|p1a: Hippowdon|Earthquake|p2a: Garchomp\n|-damage|p2a: Garchomp|30/100\n|-enditem|p2a: Garchomp|Sitrus Berry|[eat]\n|-heal|p2a: Garchomp|55/100|[from] item: Sitrus Berry\n|\n|upkeep\n|turn|10\n|\n|t:|1776313112\n|move|p2a: Garchomp|Spikes|p1a: Hippowdon\n|-sidestart|p1: mystymt|Spikes\n|move|p1a: Hippowdon|Yawn|p2a: Garchomp\n|-start|p2a: Garchomp|move: Yawn|[of] p1a: Hippowdon\n|\n|upkeep\n|turn|11\n|\n|t:|1776313118\n|move|p2a: Garchomp|Spikes|p1a: Hippowdon\n|-sidestart|p1: mystymt|Spikes\n|move|p1a: Hippowdon|Earthquake|p2a: Garchomp\n|-damage|p2a: Garchomp|20/100\n|\n|-end|p2a: Garchomp|move: Yawn|[silent]\n|-status|p2a: Garchomp|slp\n|upkeep\n|turn|12\n|\n|t:|1776313126\n|cant|p2a: Garchomp|slp\n|move|p1a: Hippowdon|Yawn||[still]\n|-fail|p1a: Hippowdon\n|\n|upkeep\n|turn|13\n|\n|t:|1776313131\n|cant|p2a: Garchomp|slp\n|move|p1a: Hippowdon|Earthquake|p2a: Garchomp\n|-damage|p2a: Garchomp|0 fnt\n|faint|p2a: Garchomp\n|\n|upkeep\n|\n|t:|1776313134\n|switch|p2a: Dragonite|Dragonite-Mega, L50, M, shiny|94/100\n|-damage|p2a: Dragonite|70/100|[from] Stealth Rock\n|turn|14\n|\n|t:|1776313139\n|move|p2a: Dragonite|Air Slash|p1a: Hippowdon\n|-damage|p1a: Hippowdon|60/100\n|move|p1a: Hippowdon|Yawn|p2a: Dragonite\n|-start|p2a: Dragonite|move: Yawn|[of] p1a: Hippowdon\n|\n|upkeep\n|turn|15\n|\n|t:|1776313147\n|move|p2a: Dragonite|Air Slash|p1a: Hippowdon\n|-damage|p1a: Hippowdon|15/100\n|-enditem|p1a: Hippowdon|Sitrus Berry|[eat]\n|-heal|p1a: Hippowdon|40/100|[from] item: Sitrus Berry\n|move|p1a: Hippowdon|Slack Off|p1a: Hippowdon\n|-heal|p1a: Hippowdon|90/100\n|\n|-end|p2a: Dragonite|move: Yawn|[silent]\n|-status|p2a: Dragonite|slp\n|upkeep\n|turn|16\n|\n|t:|1776313156\n|switch|p1a: Greninja|Greninja, L50, F|55/100\n|-damage|p1a: Greninja|43/100|[from] Stealth Rock\n|-damage|p1a: Greninja|18/100|[from] Spikes\n|cant|p2a: Dragonite|slp\n|\n|upkeep\n|turn|17\n|\n|t:|1776313163\n|cant|p2a: Dragonite|slp\n|move|p1a: Greninja|Ice Beam|p2a: Dragonite\n|-start|p1a: Greninja|typechange|Ice|[from] ability: Protean\n|-supereffective|p2a: Dragonite|2\n|-damage|p2a: Dragonite|0 fnt\n|faint|p2a: Dragonite\n|\n|win|mystymt\n|raw|mystymt's rating: 1261 &rarr; <strong>1292</strong><br />(+31 for winning)\n|raw|4jyoudebu's rating: 1344 &rarr; <strong>1319</strong><br />(-25 for losing)\n|l|\u26064jyoudebu\n|player|p2|\n|l|\u2606mystymt\n|player|p1|\n",
  "uploadtime": 1776313206,
  "views": 7,
  "formatid": "gen9championsbssregma",
  "rating": 1292,
  "private": 0,
  "password": null
}