{
  "id": "gen9championsbssregma-2583867019",
  "format": "[Gen 9 Champions] BSS Reg M-A",
  "players": [
    "LuckPro2000",
    "isaacmora22"
  ],
  "log": "|j|\u2606LuckPro2000\n|j|\u2606isaacmora22\n|t:|1776203915\n|gametype|singles\n|player|p1|LuckPro2000|101|1037\n|player|p2|isaacmora22|hilbert|1015\n|gen|9\n|tier|[Gen 9 Champions] BSS Reg M-A\n|rated|\n|rule|Species Clause: Limit one of each Pok\u00e9mon\n|rule|Item Clause: Limit 1 of each item\n|clearpoke\n|poke|p1|Glimmora, L50, F|\n|poke|p1|Arcanine, L50, M|\n|poke|p1|Feraligatr, L50, F|\n|poke|p1|Gallade, L50, M|\n|poke|p1|Zoroark-Hisui, L50, M|\n|poke|p1|Sneasler, L50, M|\n|poke|p2|Flareon, L50, M|\n|poke|p2|Dragonite, L50, M|\n|poke|p2|Luxray, L50, M|\n|poke|p2|Clawitzer, L50, M|\n|poke|p2|Sableye, L50, M|\n|teampreview|3\n|\n|t:|1776203936\n|teamsize|p1|3\n|teamsize|p2|3\n|start\n|switch|p1a: Glimmora|Glimmora, L50, F|100/100\n|switch|p2a: Erwin|Clawitzer, L50, M|100/100\n|turn|1\n|l|\u2606LuckPro2000\n|player|p1|\n|j|\u2606LuckPro2000\n|player|p1|LuckPro2000|101|\n|\n|t:|1776203989\n|move|p1a: Glimmora|Mortal Spin|p2a: Erwin\n|-damage|p2a: Erwin|94/100\n|-status|p2a: Erwin|psn\n|move|p2a: Erwin|Water Pulse|p1a: Glimmora\n|-supereffective|p1a: Glimmora|1\n|-crit|p1a: Glimmora\n|-enditem|p1a: Glimmora|Focus Sash\n|-damage|p1a: Glimmora|1/100\n|\n|-damage|p2a: Erwin|81/100 psn|[from] psn\n|upkeep\n|turn|2\n|\n|t:|1776204003\n|move|p1a: Glimmora|Spiky Shield|p1a: Glimmora\n|-singleturn|p1a: Glimmora|move: Protect\n|move|p2a: Erwin|Surf|p1a: Glimmora\n|-activate|p1a: Glimmora|move: Protect\n|\n|-damage|p2a: Erwin|69/100 psn|[from] psn\n|upkeep\n|turn|3\n|\n|t:|1776204017\n|move|p1a: Glimmora|Stealth Rock|p2a: Erwin\n|-sidestart|p2: isaacmora22|move: Stealth Rock\n|move|p2a: Erwin|Surf|p1a: Glimmora\n|-supereffective|p1a: Glimmora|1\n|-damage|p1a: Glimmora|0 fnt\n|faint|p1a: Glimmora\n|\n|-damage|p2a: Erwin|57/100 psn|[from] psn\n|upkeep\n|\n|t:|1776204027\n|switch|p1a: Gallade|Gallade, L50, M|100/100\n|turn|4\n|\n|t:|1776204031\n|move|p1a: Gallade|Protect|p1a: Gallade\n|-singleturn|p1a: Gallade|Protect\n|move|p2a: Erwin|Water Pulse|p1a: Gallade\n|-activate|p1a: Gallade|move: Protect\n|\n|-damage|p2a: Erwin|44/100 psn|[from] psn\n|upkeep\n|turn|5\n|\n|t:|1776204039\n|move|p1a: Gallade|Hyper Voice|p2a: Erwin\n|-damage|p2a: Erwin|8/100 psn\n|move|p2a: Erwin|Water Pulse|p1a: Gallade\n|-damage|p1a: Gallade|36/100\n|replace|p1a: Zoroark|Zoroark-Hisui, L50, M\n|-end|p1a: Zoroark|Illusion\n|-enditem|p1a: Zoroark|Sitrus Berry|[eat]\n|-heal|p1a: Zoroark|60/100|[from] item: Sitrus Berry\n|\n|-damage|p2a: Erwin|0 fnt|[from] psn\n|faint|p2a: Erwin\n|upkeep\n|inactive|Battle timer is ON: inactive players will automatically lose when time's up. (requested by LuckPro2000)\n|\n|t:|1776204053\n|switch|p2a: Rex|Luxray, L50, M|100/100\n|-damage|p2a: Rex|88/100|[from] Stealth Rock\n|-ability|p2a: Rex|Intimidate|boost\n|-unboost|p1a: Zoroark|atk|1\n|turn|6\n|\n|t:|1776204059\n|switch|p1a: Gallade|Gallade, L50, M|100/100\n|move|p2a: Rex|Throat Chop|p1a: Gallade\n|-damage|p1a: Gallade|66/100\n|-start|p1a: Gallade|Throat Chop|[silent]\n|-ability|p1a: Gallade|Justified|boost\n|-boost|p1a: Gallade|atk|1\n|\n|upkeep\n|turn|7\n|\n|t:|1776204077\n|detailschange|p1a: Gallade|Gallade-Mega, L50, M\n|-mega|p1a: Gallade|Gallade|Galladite\n|move|p1a: Gallade|Aura Sphere|p2a: Rex\n|-damage|p2a: Rex|63/100\n|move|p2a: Rex|Supercell Slam|p1a: Gallade\n|-damage|p1a: Gallade|18/100\n|\n|-end|p1a: Gallade|Throat Chop|[silent]\n|upkeep\n|turn|8\n|\n|t:|1776204099\n|move|p1a: Gallade|Psyshock|p2a: Rex\n|-damage|p2a: Rex|42/100\n|-enditem|p2a: Rex|Sitrus Berry|[eat]\n|-heal|p2a: Rex|67/100|[from] item: Sitrus Berry\n|move|p2a: Rex|Throat Chop|p1a: Gallade\n|-damage|p1a: Gallade|0 fnt\n|faint|p1a: Gallade\n|\n|upkeep\n|\n|t:|1776204103\n|switch|p1a: Zoroark|Zoroark-Hisui, L50, M|60/100\n|turn|9\n|\n|t:|1776204111\n|move|p1a: Zoroark|Hyper Voice|p2a: Rex\n|-damage|p2a: Rex|23/100\n|move|p2a: Rex|Throat Chop|p1a: Zoroark\n|-supereffective|p1a: Zoroark|1\n|-damage|p1a: Zoroark|0 fnt\n|faint|p1a: Zoroark\n|\n|win|isaacmora22\n|raw|LuckPro2000's rating: 1037 &rarr; <strong>1020</strong><br />(-17 for losing)\n|raw|isaacmora22's rating: 1015 &rarr; <strong>1055</strong><br />(+40 for winning)\n|l|\u2606LuckPro2000\n|player|p1|\n",
  "uploadtime": 1776204122,
  "views": 5,
  "formatid": "gen9championsbssregma",
  "rating": 1020,
  "private": 0,
  "password": null
}