{
  "id": "gen9championsbssregma-2582147752",
  "format": "[Gen 9 Champions] BSS Reg M-A",
  "players": [
    "KevMev",
    "Prograstination"
  ],
  "log": "|j|\u2606KevMev\n|j|\u2606Prograstination\n|t:|1776064145\n|gametype|singles\n|player|p1|KevMev|1|1265\n|player|p2|Prograstination|265|1265\n|gen|9\n|tier|[Gen 9 Champions] BSS Reg M-A\n|rated|\n|rule|Species Clause: Limit one of each Pok\u00e9mon\n|rule|Item Clause: Limit 1 of each item\n|clearpoke\n|poke|p1|Sneasler, L50, M|\n|poke|p1|Archaludon, L50, M|\n|poke|p1|Gyarados, L50, F|\n|poke|p1|Meowscarada, L50, F|\n|poke|p1|Charizard, L50, F|\n|poke|p1|Mimikyu, L50, M|\n|poke|p2|Blastoise, L50, F|\n|poke|p2|Garchomp, L50, M|\n|poke|p2|Skeledirge, L50, F|\n|poke|p2|Glimmora, L50, M|\n|poke|p2|Meowscarada, L50, M|\n|poke|p2|Primarina, L50, M|\n|teampreview|3\n|j| p74\n|\n|t:|1776064163\n|teamsize|p1|3\n|teamsize|p2|3\n|start\n|switch|p1a: Meowscarada|Meowscarada, L50, F, shiny|100/100\n|switch|p2a: Meowscarada|Meowscarada, L50, M|100/100\n|turn|1\n|\n|t:|1776064167\n|move|p2a: Meowscarada|U-turn|p1a: Meowscarada\n|-start|p2a: Meowscarada|typechange|Bug|[from] ability: Protean\n|-supereffective|p1a: Meowscarada|2\n|-damage|p1a: Meowscarada|0 fnt\n|faint|p1a: Meowscarada\n|\n|t:|1776064173\n|switch|p2a: Glimmora|Glimmora, L50, M|100/100|[from] U-turn\n|\n|upkeep\n|\n|t:|1776064181\n|switch|p1a: Archaludon|Archaludon, L50, M, shiny|100/100\n|turn|2\n|\n|t:|1776064185\n|move|p2a: Glimmora|Mud Shot|p1a: Archaludon\n|-supereffective|p1a: Archaludon|1\n|-damage|p1a: Archaludon|36/100\n|-unboost|p1a: Archaludon|spe|1\n|move|p1a: Archaludon|Flash Cannon|p2a: Glimmora\n|-supereffective|p2a: Glimmora|1\n|-enditem|p2a: Glimmora|Focus Sash\n|-damage|p2a: Glimmora|1/100\n|\n|-heal|p1a: Archaludon|42/100|[from] item: Leftovers\n|upkeep\n|turn|3\n|\n|t:|1776064189\n|move|p1a: Archaludon|Protect|p1a: Archaludon\n|-singleturn|p1a: Archaludon|Protect\n|move|p2a: Glimmora|Mud Shot|p1a: Archaludon\n|-activate|p1a: Archaludon|move: Protect\n|\n|-heal|p1a: Archaludon|48/100|[from] item: Leftovers\n|upkeep\n|turn|4\n|\n|t:|1776064194\n|switch|p1a: Gyarados|Gyarados, L50, F, shiny|100/100\n|-ability|p1a: Gyarados|Intimidate|boost\n|-unboost|p2a: Glimmora|atk|1\n|move|p2a: Glimmora|Mud Shot|p1a: Gyarados\n|-immune|p1a: Gyarados\n|\n|upkeep\n|turn|5\n|\n|t:|1776064213\n|detailschange|p1a: Gyarados|Gyarados-Mega, L50, F, shiny\n|-mega|p1a: Gyarados|Gyarados|Gyaradosite\n|-ability|p1a: Gyarados|Mold Breaker\n|move|p2a: Glimmora|Stealth Rock|p1a: Gyarados\n|-sidestart|p1: KevMev|move: Stealth Rock\n|move|p1a: Gyarados|Dragon Dance|p1a: Gyarados\n|-boost|p1a: Gyarados|atk|1\n|-boost|p1a: Gyarados|spe|1\n|\n|upkeep\n|turn|6\n|\n|t:|1776064223\n|move|p1a: Gyarados|Dragon Dance|p1a: Gyarados\n|-boost|p1a: Gyarados|atk|1\n|-boost|p1a: Gyarados|spe|1\n|move|p2a: Glimmora|Mud Shot|p1a: Gyarados\n|-damage|p1a: Gyarados|84/100\n|-unboost|p1a: Gyarados|spe|1\n|\n|upkeep\n|turn|7\n|\n|t:|1776064239\n|move|p1a: Gyarados|Earthquake|p2a: Glimmora\n|-supereffective|p2a: Glimmora|2\n|-damage|p2a: Glimmora|0 fnt\n|-activate|p2a: Glimmora|ability: Toxic Debris\n|-sidestart|p1: KevMev|move: Toxic Spikes\n|faint|p2a: Glimmora\n|\n|upkeep\n|\n|t:|1776064241\n|switch|p2a: Meowscarada|Meowscarada, L50, M|100/100\n|turn|8\n|\n|t:|1776064246\n|move|p2a: Meowscarada|Flower Trick|p1a: Gyarados\n|-start|p2a: Meowscarada|typechange|Grass|[from] ability: Protean\n|-supereffective|p1a: Gyarados|1\n|-crit|p1a: Gyarados\n|-damage|p1a: Gyarados|0 fnt\n|faint|p1a: Gyarados\n|\n|upkeep\n|-message|KevMev forfeited.\n|\n|win|Prograstination\n|raw|KevMev's rating: 1265 &rarr; <strong>1240</strong><br />(-25 for losing)\n|raw|Prograstination's rating: 1265 &rarr; <strong>1290</strong><br />(+25 for winning)\n|l|\u2606KevMev\n|player|p1|\n|l|\u2606Prograstination\n|player|p2|\n",
  "uploadtime": 1776064408,
  "views": 7,
  "formatid": "gen9championsbssregma",
  "rating": 1240,
  "private": 0,
  "password": null
}