{
  "id": "gen9championsbssregma-2587932290",
  "format": "[Gen 9 Champions] BSS Reg M-A",
  "players": [
    "pubaladdering",
    "KevMev"
  ],
  "log": "|j|\u2606pubaladdering\n|j|\u2606KevMev\n|t:|1776580929\n|gametype|singles\n|player|p1|pubaladdering|iono|1294\n|player|p2|KevMev|waiter-gen4|1377\n|gen|9\n|tier|[Gen 9 Champions] BSS Reg M-A\n|rated|\n|rule|Species Clause: Limit one of each Pok\u00e9mon\n|rule|Item Clause: Limit 1 of each item\n|clearpoke\n|poke|p1|Kleavor, L50, F|\n|poke|p1|Greninja, L50, M|\n|poke|p1|Delphox, L50, F|\n|poke|p1|Polteageist, L50|\n|poke|p1|Aegislash, L50, F|\n|poke|p1|Gyarados, L50, F|\n|poke|p2|Floette-Eternal, L50, F|\n|poke|p2|Archaludon, L50, F|\n|poke|p2|Gyarados, L50, F|\n|poke|p2|Mimikyu, L50, M|\n|poke|p2|Hydreigon, L50, M|\n|poke|p2|Sneasler, L50, M, shiny|\n|teampreview|3\n|inactive|Battle timer is ON: inactive players will automatically lose when time's up. (requested by pubaladdering)\n|\n|t:|1776580946\n|teamsize|p1|3\n|teamsize|p2|3\n|start\n|switch|p1a: Kleavor|Kleavor, L50, F|100/100\n|switch|p2a: Sneasler|Sneasler, L50, M, shiny|100/100\n|turn|1\n|\n|t:|1776580953\n|move|p2a: Sneasler|Fake Out|p1a: Kleavor\n|-resisted|p1a: Kleavor|1\n|-damage|p1a: Kleavor|91/100\n|-status|p1a: Kleavor|psn|[from] ability: Poison Touch|[of] p2a: Sneasler\n|cant|p1a: Kleavor|flinch\n|\n|-damage|p1a: Kleavor|79/100 psn|[from] psn\n|upkeep\n|turn|2\n|\n|t:|1776580957\n|move|p1a: Kleavor|U-turn|p2a: Sneasler\n|-resisted|p2a: Sneasler|2\n|-damage|p2a: Sneasler|84/100\n|\n|t:|1776580961\n|switch|p1a: Aegislash|Aegislash, L50, F|100/100|[from] U-turn\n|move|p2a: Sneasler|Close Combat|p1a: Aegislash\n|-immune|p1a: Aegislash\n|\n|upkeep\n|turn|3\n|\n|t:|1776580967\n|move|p2a: Sneasler|Throat Chop|p1a: Aegislash\n|-supereffective|p1a: Aegislash|1\n|-damage|p1a: Aegislash|56/100\n|-start|p1a: Aegislash|Throat Chop|[silent]\n|move|p1a: Aegislash|Swords Dance|p1a: Aegislash\n|-boost|p1a: Aegislash|atk|2\n|\n|-heal|p1a: Aegislash|62/100|[from] item: Leftovers\n|upkeep\n|turn|4\n|\n|t:|1776580972\n|move|p1a: Aegislash|King's Shield|p1a: Aegislash\n|-singleturn|p1a: Aegislash|Protect\n|move|p2a: Sneasler|Throat Chop|p1a: Aegislash\n|-activate|p1a: Aegislash|move: Protect\n|-unboost|p2a: Sneasler|atk|1\n|\n|-heal|p1a: Aegislash|68/100|[from] item: Leftovers\n|-end|p1a: Aegislash|Throat Chop|[silent]\n|upkeep\n|turn|5\n|\n|t:|1776580978\n|move|p2a: Sneasler|Throat Chop|p1a: Aegislash\n|-supereffective|p1a: Aegislash|1\n|-damage|p1a: Aegislash|36/100\n|-start|p1a: Aegislash|Throat Chop|[silent]\n|-immune|p1a: Aegislash\n|move|p1a: Aegislash|Swords Dance|p1a: Aegislash\n|-boost|p1a: Aegislash|atk|2\n|\n|-heal|p1a: Aegislash|42/100|[from] item: Leftovers\n|upkeep\n|turn|6\n|\n|t:|1776580981\n|move|p1a: Aegislash|King's Shield|p1a: Aegislash\n|-singleturn|p1a: Aegislash|Protect\n|move|p2a: Sneasler|Throat Chop|p1a: Aegislash\n|-activate|p1a: Aegislash|move: Protect\n|-unboost|p2a: Sneasler|atk|1\n|\n|-heal|p1a: Aegislash|48/100|[from] item: Leftovers\n|-end|p1a: Aegislash|Throat Chop|[silent]\n|upkeep\n|turn|7\n|\n|t:|1776580989\n|-formechange|p1a: Aegislash|Aegislash-Blade|\n|move|p1a: Aegislash|Shadow Sneak|p2a: Sneasler\n|-damage|p2a: Sneasler|0 fnt\n|faint|p2a: Sneasler\n|\n|-heal|p1a: Aegislash|54/100|[from] item: Leftovers\n|upkeep\n|\n|t:|1776581001\n|switch|p2a: Hydreigon|Hydreigon, L50, M|100/100\n|turn|8\n|\n|t:|1776581006\n|-formechange|p1a: Aegislash|Aegislash|\n|move|p1a: Aegislash|King's Shield|p1a: Aegislash\n|-singleturn|p1a: Aegislash|Protect\n|move|p2a: Hydreigon|Dark Pulse|p1a: Aegislash\n|-activate|p1a: Aegislash|move: Protect\n|\n|-heal|p1a: Aegislash|60/100|[from] item: Leftovers\n|upkeep\n|turn|9\n|\n|t:|1776581012\n|move|p2a: Hydreigon|Dark Pulse|p1a: Aegislash\n|-supereffective|p1a: Aegislash|1\n|-damage|p1a: Aegislash|0 fnt\n|faint|p1a: Aegislash\n|\n|upkeep\n|\n|t:|1776581015\n|switch|p1a: Kleavor|Kleavor, L50, F|79/100 psn\n|turn|10\n|\n|t:|1776581018\n|move|p2a: Hydreigon|Dark Pulse|p1a: Kleavor\n|-damage|p1a: Kleavor|7/100 psn\n|move|p1a: Kleavor|U-turn|p2a: Hydreigon\n|-supereffective|p2a: Hydreigon|1\n|-damage|p2a: Hydreigon|20/100\n|\n|t:|1776581024\n|switch|p1a: Gyarados|Gyarados, L50, F|100/100|[from] U-turn\n|-ability|p1a: Gyarados|Intimidate|boost\n|-unboost|p2a: Hydreigon|atk|1\n|\n|upkeep\n|turn|11\n|\n|t:|1776581027\n|detailschange|p1a: Gyarados|Gyarados-Mega, L50, F\n|-mega|p1a: Gyarados|Gyarados|Gyaradosite\n|-ability|p1a: Gyarados|Mold Breaker\n|move|p2a: Hydreigon|Dark Pulse|p1a: Gyarados\n|-resisted|p1a: Gyarados|1\n|-damage|p1a: Gyarados|84/100\n|cant|p1a: Gyarados|flinch\n|\n|upkeep\n|turn|12\n|\n|t:|1776581036\n|switch|p2a: Mimikyu|Mimikyu, L50, M|100/100\n|move|p1a: Gyarados|Dragon Dance|p1a: Gyarados\n|-boost|p1a: Gyarados|atk|1\n|-boost|p1a: Gyarados|spe|1\n|\n|upkeep\n|turn|13\n|\n|t:|1776581041\n|move|p1a: Gyarados|Waterfall|p2a: Mimikyu\n|-damage|p2a: Mimikyu|0 fnt\n|faint|p2a: Mimikyu\n|\n|upkeep\n|\n|t:|1776581043\n|switch|p2a: Hydreigon|Hydreigon, L50, M|20/100\n|turn|14\n|\n|t:|1776581048\n|move|p2a: Hydreigon|Focus Blast|p1a: Gyarados|[miss]\n|-miss|p2a: Hydreigon|p1a: Gyarados\n|move|p1a: Gyarados|Waterfall|p2a: Hydreigon\n|-resisted|p2a: Hydreigon|1\n|-damage|p2a: Hydreigon|0 fnt\n|faint|p2a: Hydreigon\n|\n|win|pubaladdering\n|raw|pubaladdering's rating: 1294 &rarr; <strong>1325</strong><br />(+31 for winning)\n|raw|KevMev's rating: 1377 &rarr; <strong>1352</strong><br />(-25 for losing)\n|l|\u2606KevMev\n|player|p2|\n|l|\u2606pubaladdering\n|player|p1|\n",
  "uploadtime": 1776581061,
  "views": 1,
  "formatid": "gen9championsbssregma",
  "rating": 1325,
  "private": 0,
  "password": null
}