{
  "id": "gen9championsbssregma-2587897777",
  "format": "[Gen 9 Champions] BSS Reg M-A",
  "players": [
    "jaxsha",
    "blaze518"
  ],
  "log": "|j|\u2606jaxsha\n|j|\u2606blaze518\n|t:|1776576130\n|gametype|singles\n|player|p1|jaxsha|266|1135\n|player|p2|blaze518|hilbert|1147\n|gen|9\n|tier|[Gen 9 Champions] BSS Reg M-A\n|rated|\n|rule|Species Clause: Limit one of each Pok\u00e9mon\n|rule|Item Clause: Limit 1 of each item\n|clearpoke\n|poke|p1|Meowscarada, L50, M|\n|poke|p1|Scizor, L50, M|\n|poke|p1|Rotom-Wash, L50|\n|poke|p1|Charizard, L50, M|\n|poke|p1|Primarina, L50, M|\n|poke|p1|Garchomp, L50, M|\n|poke|p2|Charizard, L50, M|\n|poke|p2|Gengar, L50, F|\n|poke|p2|Primarina, L50, F|\n|poke|p2|Kingambit, L50, M|\n|poke|p2|Hippowdon, L50, F|\n|poke|p2|Whimsicott, L50, F|\n|teampreview|3\n|\n|t:|1776576189\n|teamsize|p1|3\n|teamsize|p2|3\n|start\n|switch|p1a: Charizard|Charizard, L50, M|100/100\n|switch|p2a: Hippowdon|Hippowdon, L50, F|100/100\n|-weather|Sandstorm|[from] ability: Sand Stream|[of] p2a: Hippowdon\n|turn|1\n|\n|t:|1776576205\n|detailschange|p1a: Charizard|Charizard-Mega-Y, L50, M\n|-mega|p1a: Charizard|Charizard|Charizardite Y\n|-weather|SunnyDay|[from] ability: Drought|[of] p1a: Charizard\n|move|p1a: Charizard|Solar Beam||[still]\n|-prepare|p1a: Charizard|Solar Beam\n|-anim|p1a: Charizard|Solar Beam|p2a: Hippowdon\n|-supereffective|p2a: Hippowdon|1\n|-damage|p2a: Hippowdon|16/100\n|-enditem|p2a: Hippowdon|Sitrus Berry|[eat]\n|-heal|p2a: Hippowdon|40/100|[from] item: Sitrus Berry\n|move|p2a: Hippowdon|Stealth Rock|p1a: Charizard\n|-sidestart|p1: jaxsha|move: Stealth Rock\n|\n|-weather|SunnyDay|[upkeep]\n|upkeep\n|turn|2\n|\n|t:|1776576227\n|move|p1a: Charizard|Weather Ball|p2a: Hippowdon\n|-damage|p2a: Hippowdon|0 fnt\n|faint|p2a: Hippowdon\n|\n|-weather|SunnyDay|[upkeep]\n|upkeep\n|\n|t:|1776576234\n|switch|p2a: Gengar|Gengar, L50, F|100/100\n|turn|3\n|\n|t:|1776576239\n|detailschange|p2a: Gengar|Gengar-Mega, L50, F\n|-mega|p2a: Gengar|Gengar|Gengarite\n|move|p2a: Gengar|Sludge Wave|p1a: Charizard\n|-damage|p1a: Charizard|39/100\n|move|p1a: Charizard|Flame Charge|p2a: Gengar\n|-damage|p2a: Gengar|63/100\n|-boost|p1a: Charizard|spe|1\n|\n|-weather|SunnyDay|[upkeep]\n|upkeep\n|turn|4\n|\n|t:|1776576254\n|move|p1a: Charizard|Weather Ball|p2a: Gengar\n|-damage|p2a: Gengar|0 fnt\n|faint|p2a: Gengar\n|\n|-weather|SunnyDay|[upkeep]\n|upkeep\n|\n|t:|1776576259\n|switch|p2a: Whimsicott|Whimsicott, L50, F|100/100\n|turn|5\n|\n|t:|1776576266\n|move|p2a: Whimsicott|Encore|p1a: Charizard\n|-start|p1a: Charizard|Encore\n|move|p1a: Charizard|Weather Ball|p2a: Whimsicott\n|-supereffective|p2a: Whimsicott|1\n|-damage|p2a: Whimsicott|0 fnt\n|faint|p2a: Whimsicott\n|\n|win|jaxsha\n|raw|jaxsha's rating: 1135 &rarr; <strong>1161</strong><br />(+26 for winning)\n|raw|blaze518's rating: 1147 &rarr; <strong>1121</strong><br />(-26 for losing)\n|l|\u2606blaze518\n|player|p2|\n",
  "uploadtime": 1776576275,
  "views": 9,
  "formatid": "gen9championsbssregma",
  "rating": 1121,
  "private": 0,
  "password": null
}