{
  "id": "gen9championsbssregma-2583878109",
  "format": "[Gen 9 Champions] BSS Reg M-A",
  "players": [
    "TrainerXay",
    "BigMistakeBuddy"
  ],
  "log": "|j|\u2606TrainerXay\n|j|\u2606BigMistakeBuddy\n|t:|1776204814\n|gametype|singles\n|player|p1|TrainerXay|hilbert-wonderlauncher|1176\n|player|p2|BigMistakeBuddy|juan|1226\n|gen|9\n|tier|[Gen 9 Champions] BSS Reg M-A\n|rated|\n|rule|Species Clause: Limit one of each Pok\u00e9mon\n|rule|Item Clause: Limit 1 of each item\n|clearpoke\n|poke|p1|Lopunny, L50, F|\n|poke|p1|Milotic, L50, F|\n|poke|p1|Aegislash, L50, M|\n|poke|p1|Meowscarada, L50, F|\n|poke|p1|Sableye, L50, F|\n|poke|p1|Corviknight, L50, M|\n|poke|p2|Victreebel, L50, M|\n|poke|p2|Primarina, L50, F|\n|poke|p2|Goodra-Hisui, L50, F|\n|poke|p2|Gengar, L50, F|\n|poke|p2|Lopunny, L50, M|\n|poke|p2|Tauros-Paldea-Blaze, L50, M|\n|teampreview|3\n|inactive|Battle timer is ON: inactive players will automatically lose when time's up. (requested by TrainerXay)\n|inactive|TrainerXay has 60 seconds left.\n|\n|t:|1776204873\n|teamsize|p1|3\n|teamsize|p2|3\n|start\n|switch|p1a: Meowscarada|Meowscarada, L50, F|100/100\n|switch|p2a: Gengar|Gengar, L50, F|100/100\n|turn|1\n|\n|t:|1776204890\n|move|p1a: Meowscarada|U-turn|p2a: Gengar\n|-start|p1a: Meowscarada|typechange|Bug|[from] ability: Protean\n|-resisted|p2a: Gengar|2\n|-damage|p2a: Gengar|84/100\n|\n|t:|1776204895\n|switch|p1a: Milotic|Milotic, L50, F|100/100|[from] U-turn\n|move|p2a: Gengar|Sludge Wave|p1a: Milotic\n|-damage|p1a: Milotic|65/100\n|-status|p1a: Milotic|psn\n|\n|-damage|p1a: Milotic|52/100 psn|[from] psn\n|upkeep\n|turn|2\n|\n|t:|1776204911\n|switch|p2a: Victreebel|Victreebel, L50, M, shiny|100/100\n|move|p1a: Milotic|Scald|p2a: Victreebel\n|-resisted|p2a: Victreebel|1\n|-damage|p2a: Victreebel|83/100\n|-status|p2a: Victreebel|brn\n|\n|-damage|p1a: Milotic|40/100 psn|[from] psn\n|-damage|p2a: Victreebel|77/100 brn|[from] brn\n|upkeep\n|-enditem|p1a: Milotic|Sitrus Berry|[eat]\n|-heal|p1a: Milotic|65/100 psn|[from] item: Sitrus Berry\n|turn|3\n|\n|t:|1776204924\n|switch|p1a: Sableye|Sableye, L50, F|100/100\n|detailschange|p2a: Victreebel|Victreebel-Mega, L50, M, shiny\n|-mega|p2a: Victreebel|Victreebel|Victreebelite\n|move|p2a: Victreebel|Giga Drain|p1a: Sableye\n|-damage|p1a: Sableye|52/100\n|-heal|p2a: Victreebel|97/100 brn|[from] drain|[of] p1a: Sableye\n|\n|-damage|p2a: Victreebel|91/100 brn|[from] brn\n|upkeep\n|turn|4\n|\n|t:|1776204938\n|switch|p2a: Tauros|Tauros-Paldea-Blaze, L50, M|100/100\n|-ability|p2a: Tauros|Intimidate|boost\n|-unboost|p1a: Sableye|atk|1\n|detailschange|p1a: Sableye|Sableye-Mega, L50, F\n|-mega|p1a: Sableye|Sableye|Sablenite\n|move|p1a: Sableye|Recover|p1a: Sableye\n|-heal|p1a: Sableye|100/100\n|\n|upkeep\n|turn|5\n|\n|t:|1776204951\n|move|p2a: Tauros|Bulk Up|p2a: Tauros\n|-boost|p2a: Tauros|atk|1\n|-boost|p2a: Tauros|def|1\n|move|p1a: Sableye|Psychic|p2a: Tauros\n|-supereffective|p2a: Tauros|1\n|-damage|p2a: Tauros|46/100\n|\n|upkeep\n|turn|6\n|\n|t:|1776204958\n|move|p2a: Tauros|Raging Bull|p1a: Sableye\n|-damage|p1a: Sableye|43/100\n|move|p1a: Sableye|Psychic|p2a: Tauros\n|-supereffective|p2a: Tauros|1\n|-crit|p2a: Tauros\n|-damage|p2a: Tauros|0 fnt\n|faint|p2a: Tauros\n|\n|upkeep\n|\n|t:|1776204968\n|switch|p2a: Victreebel|Victreebel-Mega, L50, M, shiny|91/100 brn\n|turn|7\n|\n|t:|1776204972\n|move|p2a: Victreebel|Giga Drain|p1a: Sableye\n|-damage|p1a: Sableye|9/100\n|-heal|p2a: Victreebel|100/100 brn|[from] drain|[of] p1a: Sableye\n|move|p1a: Sableye|Recover|p1a: Sableye\n|-heal|p1a: Sableye|59/100\n|\n|-damage|p2a: Victreebel|95/100 brn|[from] brn\n|upkeep\n|turn|8\n|\n|t:|1776204978\n|move|p2a: Victreebel|Giga Drain|p1a: Sableye\n|-crit|p1a: Sableye\n|-damage|p1a: Sableye|11/100\n|-heal|p2a: Victreebel|100/100 brn|[from] drain|[of] p1a: Sableye\n|move|p1a: Sableye|Recover|p1a: Sableye\n|-heal|p1a: Sableye|61/100\n|\n|-damage|p2a: Victreebel|95/100 brn|[from] brn\n|upkeep\n|turn|9\n|\n|t:|1776204985\n|move|p2a: Victreebel|Giga Drain|p1a: Sableye\n|-damage|p1a: Sableye|29/100\n|-heal|p2a: Victreebel|100/100 brn|[from] drain|[of] p1a: Sableye\n|move|p1a: Sableye|Recover|p1a: Sableye\n|-heal|p1a: Sableye|79/100\n|\n|-damage|p2a: Victreebel|95/100 brn|[from] brn\n|upkeep\n|turn|10\n|\n|t:|1776204988\n|move|p2a: Victreebel|Giga Drain|p1a: Sableye\n|-damage|p1a: Sableye|44/100\n|-heal|p2a: Victreebel|100/100 brn|[from] drain|[of] p1a: Sableye\n|move|p1a: Sableye|Recover|p1a: Sableye\n|-heal|p1a: Sableye|94/100\n|\n|-damage|p2a: Victreebel|95/100 brn|[from] brn\n|upkeep\n|turn|11\n|\n|t:|1776204991\n|move|p2a: Victreebel|Giga Drain|p1a: Sableye\n|-damage|p1a: Sableye|58/100\n|-heal|p2a: Victreebel|100/100 brn|[from] drain|[of] p1a: Sableye\n|move|p1a: Sableye|Psychic|p2a: Victreebel\n|-supereffective|p2a: Victreebel|1\n|-damage|p2a: Victreebel|64/100 brn\n|\n|-damage|p2a: Victreebel|58/100 brn|[from] brn\n|upkeep\n|turn|12\n|c|\u2606TrainerXay|Holy shit how meaty is that thing\n|inactive|TrainerXay has 30 seconds left.\n|\n|t:|1776205019\n|move|p2a: Victreebel|Giga Drain|p1a: Sableye\n|-damage|p1a: Sableye|22/100\n|-heal|p2a: Victreebel|73/100 brn|[from] drain|[of] p1a: Sableye\n|move|p1a: Sableye|Recover|p1a: Sableye\n|-heal|p1a: Sableye|73/100\n|\n|-damage|p2a: Victreebel|67/100 brn|[from] brn\n|upkeep\n|turn|13\n|c|\u2606BigMistakeBuddy|Max hp\n|\n|t:|1776205036\n|move|p2a: Victreebel|Giga Drain|p1a: Sableye\n|-damage|p1a: Sableye|38/100\n|-heal|p2a: Victreebel|81/100 brn|[from] drain|[of] p1a: Sableye\n|move|p1a: Sableye|Psychic|p2a: Victreebel\n|-supereffective|p2a: Victreebel|1\n|-damage|p2a: Victreebel|44/100 brn\n|\n|-damage|p2a: Victreebel|38/100 brn|[from] brn\n|upkeep\n|turn|14\n|\n|t:|1776205048\n|move|p2a: Victreebel|Giga Drain|p1a: Sableye\n|-damage|p1a: Sableye|2/100\n|-heal|p2a: Victreebel|53/100 brn|[from] drain|[of] p1a: Sableye\n|move|p1a: Sableye|Psychic|p2a: Victreebel\n|-supereffective|p2a: Victreebel|1\n|-damage|p2a: Victreebel|12/100 brn\n|\n|-damage|p2a: Victreebel|6/100 brn|[from] brn\n|upkeep\n|turn|15\n|inactive|BigMistakeBuddy has 30 seconds left.\n|\n|t:|1776205076\n|move|p2a: Victreebel|Strength Sap|p1a: Sableye\n|move|p1a: Sableye|Strength Sap|p2a: Victreebel|[from] ability: Magic Bounce\n|-unboost|p2a: Victreebel|atk|1\n|-heal|p1a: Sableye|99/100\n|move|p1a: Sableye|Hex|p2a: Victreebel\n|-damage|p2a: Victreebel|0 fnt\n|-damage|p1a: Sableye|93/100|[from] ability: Innards Out|[of] p2a: Victreebel\n|faint|p2a: Victreebel\n|\n|upkeep\n|c|\u2606BigMistakeBuddy|Oh lmao\n|\n|t:|1776205089\n|switch|p2a: Gengar|Gengar, L50, F|84/100\n|turn|16\n|\n|t:|1776205100\n|move|p2a: Gengar|Shadow Ball|p1a: Sableye\n|-damage|p1a: Sableye|59/100\n|-unboost|p1a: Sableye|spd|1\n|move|p1a: Sableye|Will-O-Wisp|p2a: Gengar\n|-status|p2a: Gengar|brn\n|\n|-damage|p2a: Gengar|78/100 brn|[from] brn\n|upkeep\n|turn|17\n|\n|t:|1776205112\n|switch|p1a: Milotic|Milotic, L50, F|65/100 psn\n|move|p2a: Gengar|Shadow Ball|p1a: Milotic\n|-damage|p1a: Milotic|35/100 psn\n|\n|-damage|p1a: Milotic|22/100 psn|[from] psn\n|-damage|p2a: Gengar|72/100 brn|[from] brn\n|upkeep\n|turn|18\n|\n|t:|1776205121\n|move|p2a: Gengar|Shadow Ball|p1a: Milotic\n|-damage|p1a: Milotic|0 fnt\n|faint|p1a: Milotic\n|\n|-damage|p2a: Gengar|66/100 brn|[from] brn\n|upkeep\n|\n|t:|1776205124\n|switch|p1a: Sableye|Sableye-Mega, L50, F|59/100\n|turn|19\n|\n|t:|1776205126\n|move|p2a: Gengar|Shadow Ball|p1a: Sableye\n|-damage|p1a: Sableye|24/100\n|move|p1a: Sableye|Hex|p2a: Gengar\n|-supereffective|p2a: Gengar|1\n|-damage|p2a: Gengar|0 fnt\n|-start|p1a: Sableye|Disable|Hex|[from] ability: Cursed Body|[of] p2a: Gengar\n|faint|p2a: Gengar\n|\n|win|TrainerXay\n|raw|TrainerXay's rating: 1176 &rarr; <strong>1205</strong><br />(+29 for winning)\n|raw|BigMistakeBuddy's rating: 1226 &rarr; <strong>1197</strong><br />(-29 for losing)\n|l|\u2606BigMistakeBuddy\n|player|p2|\n|c|\u2606TrainerXay|Kinda lucky for me gg tho\n",
  "uploadtime": 1776205267,
  "views": 8,
  "formatid": "gen9championsbssregma",
  "rating": 1197,
  "private": 0,
  "password": null
}