{
  "id": "gen9championsbssregma-2584060576",
  "format": "[Gen 9 Champions] BSS Reg M-A",
  "players": [
    "renzw",
    "Ineedaonetype"
  ],
  "log": "|j|\u2606renzw\n|j|\u2606Ineedaonetype\n|t:|1776221186\n|gametype|singles\n|player|p1|renzw|102|1206\n|player|p2|Ineedaonetype|169|1213\n|gen|9\n|tier|[Gen 9 Champions] BSS Reg M-A\n|rated|\n|rule|Species Clause: Limit one of each Pok\u00e9mon\n|rule|Item Clause: Limit 1 of each item\n|clearpoke\n|poke|p1|Feraligatr, L50, F|\n|poke|p1|Garchomp, L50, M|\n|poke|p1|Rotom-Heat, L50|\n|poke|p1|Dragonite, L50, F|\n|poke|p1|Mimikyu, L50, M|\n|poke|p1|Garganacl, L50, M|\n|poke|p2|Azumarill, L50, F|\n|poke|p2|Archaludon, L50, M|\n|poke|p2|Basculegion, L50, M|\n|poke|p2|Charizard, L50, M|\n|poke|p2|Rotom-Wash, L50|\n|poke|p2|Lopunny, L50, F|\n|teampreview|3\n|\n|t:|1776221247\n|teamsize|p1|3\n|teamsize|p2|3\n|start\n|switch|p1a: Mimikyu|Mimikyu, L50, M|100/100\n|switch|p2a: Lopunny|Lopunny, L50, F|100/100\n|turn|1\n|\n|t:|1776221257\n|detailschange|p2a: Lopunny|Lopunny-Mega, L50, F\n|-mega|p2a: Lopunny|Lopunny|Lopunnite\n|move|p2a: Lopunny|Fake Out|p1a: Mimikyu\n|-activate|p1a: Mimikyu|ability: Disguise\n|-damage|p1a: Mimikyu|100/100\n|detailschange|p1a: Mimikyu|Mimikyu-Busted, L50, M\n|-damage|p1a: Mimikyu|88/100|[from] pokemon: Mimikyu-Busted\n|cant|p1a: Mimikyu|flinch\n|\n|-heal|p1a: Mimikyu|94/100|[from] item: Leftovers\n|upkeep\n|turn|2\n|\n|t:|1776221283\n|move|p2a: Lopunny|U-turn|p1a: Mimikyu\n|-resisted|p1a: Mimikyu|2\n|-damage|p1a: Mimikyu|86/100\n|\n|t:|1776221299\n|switch|p2a: Azumarill|Azumarill, L50, F|100/100|[from] U-turn\n|move|p1a: Mimikyu|Pain Split|p2a: Azumarill\n|-sethp|p2a: Azumarill|84/100|[from] move: Pain Split|[silent]\n|-sethp|p1a: Mimikyu|100/100|[from] move: Pain Split\n|\n|upkeep\n|turn|3\n|\n|t:|1776221309\n|move|p1a: Mimikyu|Curse|p2a: Azumarill\n|-start|p2a: Azumarill|Curse|[of] p1a: Mimikyu\n|-damage|p1a: Mimikyu|50/100\n|move|p2a: Azumarill|Belly Drum|p2a: Azumarill\n|-damage|p2a: Azumarill|34/100\n|-setboost|p2a: Azumarill|atk|6|[from] move: Belly Drum\n|-enditem|p2a: Azumarill|Sitrus Berry|[eat]\n|-heal|p2a: Azumarill|59/100|[from] item: Sitrus Berry\n|\n|-heal|p1a: Mimikyu|57/100|[from] item: Leftovers\n|-damage|p2a: Azumarill|34/100|[from] Curse\n|upkeep\n|turn|4\n|\n|t:|1776221316\n|move|p1a: Mimikyu|Protect|p1a: Mimikyu\n|-singleturn|p1a: Mimikyu|Protect\n|move|p2a: Azumarill|Aqua Jet|p1a: Mimikyu\n|-activate|p1a: Mimikyu|move: Protect\n|\n|-heal|p1a: Mimikyu|63/100|[from] item: Leftovers\n|-damage|p2a: Azumarill|10/100|[from] Curse\n|upkeep\n|turn|5\n|\n|t:|1776221323\n|move|p1a: Mimikyu|Protect||[still]\n|-fail|p1a: Mimikyu\n|move|p2a: Azumarill|Aqua Jet|p1a: Mimikyu\n|-damage|p1a: Mimikyu|0 fnt\n|faint|p1a: Mimikyu\n|\n|-damage|p2a: Azumarill|0 fnt|[from] Curse\n|faint|p2a: Azumarill\n|upkeep\n|\n|t:|1776221329\n|switch|p1a: Garganacl|Garganacl, L50, M|100/100\n|switch|p2a: Lopunny|Lopunny-Mega, L50, F|100/100\n|turn|6\n|\n|t:|1776221333\n|move|p1a: Garganacl|Protect|p1a: Garganacl\n|-singleturn|p1a: Garganacl|Protect\n|move|p2a: Lopunny|Fake Out|p1a: Garganacl\n|-activate|p1a: Garganacl|move: Protect\n|\n|upkeep\n|turn|7\n|\n|t:|1776221340\n|move|p2a: Lopunny|Close Combat|p1a: Garganacl\n|-supereffective|p1a: Garganacl|1\n|-damage|p1a: Garganacl|31/100\n|-unboost|p2a: Lopunny|def|1\n|-unboost|p2a: Lopunny|spd|1\n|-enditem|p1a: Garganacl|Sitrus Berry|[eat]\n|-heal|p1a: Garganacl|56/100|[from] item: Sitrus Berry\n|move|p1a: Garganacl|Iron Defense|p1a: Garganacl\n|-boost|p1a: Garganacl|def|2\n|\n|upkeep\n|turn|8\n|\n|t:|1776221357\n|switch|p2a: Basculegion|Basculegion, L50, M|100/100\n|move|p1a: Garganacl|Salt Cure|p2a: Basculegion\n|-damage|p2a: Basculegion|84/100\n|-start|p2a: Basculegion|Salt Cure\n|\n|-damage|p2a: Basculegion|72/100|[from] Salt Cure\n|upkeep\n|turn|9\n|\n|t:|1776221364\n|move|p1a: Garganacl|Protect|p1a: Garganacl\n|-singleturn|p1a: Garganacl|Protect\n|move|p2a: Basculegion|Wave Crash|p1a: Garganacl\n|-activate|p1a: Garganacl|move: Protect\n|\n|-damage|p2a: Basculegion|59/100|[from] Salt Cure\n|upkeep\n|turn|10\n|\n|t:|1776221369\n|move|p2a: Basculegion|Wave Crash|p1a: Garganacl\n|-supereffective|p1a: Garganacl|1\n|-damage|p1a: Garganacl|13/100\n|-damage|p2a: Basculegion|45/100|[from] Recoil\n|move|p1a: Garganacl|Iron Defense|p1a: Garganacl\n|-boost|p1a: Garganacl|def|2\n|\n|-damage|p2a: Basculegion|32/100|[from] Salt Cure\n|upkeep\n|turn|11\n|\n|t:|1776221379\n|move|p2a: Basculegion|Wave Crash|p1a: Garganacl\n|-supereffective|p1a: Garganacl|1\n|-damage|p1a: Garganacl|0 fnt\n|faint|p1a: Garganacl\n|-damage|p2a: Basculegion|28/100|[from] Recoil\n|\n|-damage|p2a: Basculegion|16/100|[from] Salt Cure\n|upkeep\n|\n|t:|1776221381\n|switch|p1a: Dragonite|Dragonite, L50, F|100/100\n|turn|12\n|\n|t:|1776221391\n|detailschange|p1a: Dragonite|Dragonite-Mega, L50, F\n|-mega|p1a: Dragonite|Dragonite|Dragoninite\n|move|p2a: Basculegion|Wave Crash|p1a: Dragonite\n|-resisted|p1a: Dragonite|1\n|-damage|p1a: Dragonite|84/100\n|-damage|p2a: Basculegion|11/100|[from] Recoil\n|move|p1a: Dragonite|Roost|p1a: Dragonite\n|-heal|p1a: Dragonite|100/100\n|-singleturn|p1a: Dragonite|move: Roost\n|\n|-damage|p2a: Basculegion|0 fnt|[from] Salt Cure\n|faint|p2a: Basculegion\n|upkeep\n|\n|t:|1776221396\n|switch|p2a: Lopunny|Lopunny-Mega, L50, F|100/100\n|turn|13\n|\n|t:|1776221404\n|move|p2a: Lopunny|Fake Out|p1a: Dragonite\n|-damage|p1a: Dragonite|90/100\n|cant|p1a: Dragonite|flinch\n|\n|upkeep\n|turn|14\n|\n|t:|1776221410\n|move|p2a: Lopunny|Triple Axel|p1a: Dragonite\n|-supereffective|p1a: Dragonite|2\n|-damage|p1a: Dragonite|61/100\n|-supereffective|p1a: Dragonite|2\n|-damage|p1a: Dragonite|6/100\n|-supereffective|p1a: Dragonite|2\n|-damage|p1a: Dragonite|0 fnt\n|faint|p1a: Dragonite\n|-hitcount|p1: Dragonite|3\n|\n|win|Ineedaonetype\n|raw|renzw's rating: 1206 &rarr; <strong>1182</strong><br />(-24 for losing)\n|raw|Ineedaonetype's rating: 1213 &rarr; <strong>1237</strong><br />(+24 for winning)\n|j| p74\n|l|\u2606renzw\n|player|p1|\n",
  "uploadtime": 1776221457,
  "views": 3,
  "formatid": "gen9championsbssregma",
  "rating": 1182,
  "private": 0,
  "password": null
}