{
  "id": "gen9championsbssregma-2580403706",
  "format": "[Gen 9 Champions] BSS Reg M-A",
  "players": [
    "Cadailan",
    "Diego training"
  ],
  "log": "|j|\u2606Cadailan\n|j|\u2606Diego training\n|t:|1775891292\n|gametype|singles\n|player|p1|Cadailan|rosa|1000\n|player|p2|Diego training|hilda|1000\n|gen|9\n|tier|[Gen 9 Champions] BSS Reg M-A\n|rated|\n|rule|Species Clause: Limit one of each Pok\u00e9mon\n|rule|Item Clause: Limit 1 of each item\n|clearpoke\n|poke|p1|Sneasler, L50, F|\n|poke|p1|Tsareena, L50, F|\n|poke|p1|Klefki, L50, F|\n|poke|p1|Dragapult, L50, M|\n|poke|p1|Aggron, L50, M|\n|poke|p1|Floette-Eternal, L50, F|\n|poke|p2|Aegislash, L50, F|\n|poke|p2|Gyarados, L50, F|\n|poke|p2|Hippowdon, L50, M|\n|poke|p2|Orthworm, L50, F|\n|poke|p2|Hatterene, L50, F|\n|poke|p2|Hydrapple, L50, F|\n|teampreview|3\n|j| sillymode\n|\n|t:|1775891316\n|teamsize|p1|3\n|teamsize|p2|3\n|start\n|switch|p1a: Azalea|Sneasler, L50, F|100/100\n|switch|p2a: Hatterene|Hatterene, L50, F|100/100\n|turn|1\n|\n|t:|1775891329\n|move|p1a: Azalea|Dire Claw|p2a: Hatterene\n|-supereffective|p2a: Hatterene|1\n|-damage|p2a: Hatterene|0 fnt\n|faint|p2a: Hatterene\n|\n|upkeep\n|\n|t:|1775891335\n|switch|p2a: Aegislash|Aegislash, L50, F|100/100\n|turn|2\n|\n|t:|1775891341\n|switch|p1a: The Wall|Aggron, L50, M|100/100\n|move|p2a: Aegislash|Swords Dance|p2a: Aegislash\n|-boost|p2a: Aegislash|atk|2\n|\n|upkeep\n|turn|3\n|\n|t:|1775891354\n|detailschange|p1a: The Wall|Aggron-Mega, L50, M\n|-mega|p1a: The Wall|Aggron|Aggronite\n|-formechange|p2a: Aegislash|Aegislash-Blade|\n|move|p2a: Aegislash|Poltergeist|p1a: The Wall\n|-activate|p1a: The Wall|move: Poltergeist|Aggronite\n|-damage|p1a: The Wall|14/100\n|move|p1a: The Wall|Curse|p1a: The Wall\n|-unboost|p1a: The Wall|spe|1\n|-boost|p1a: The Wall|atk|1\n|-boost|p1a: The Wall|def|1\n|\n|upkeep\n|turn|4\n|\n|t:|1775891369\n|switch|p1a: Eepy|Dragapult, L50, M|100/100\n|move|p2a: Aegislash|Poltergeist|p1a: Eepy\n|-activate|p1a: Eepy|move: Poltergeist|Focus Sash\n|-supereffective|p1a: Eepy|1\n|-enditem|p1a: Eepy|Focus Sash\n|-damage|p1a: Eepy|1/100\n|\n|upkeep\n|turn|5\n|\n|t:|1775891383\n|-formechange|p2a: Aegislash|Aegislash|\n|move|p2a: Aegislash|King's Shield|p2a: Aegislash\n|-singleturn|p2a: Aegislash|Protect\n|move|p1a: Eepy|Sucker Punch||[still]\n|-fail|p1a: Eepy\n|\n|upkeep\n|turn|6\n|\n|t:|1775891395\n|move|p1a: Eepy|Sucker Punch|p2a: Aegislash\n|-supereffective|p2a: Aegislash|1\n|-damage|p2a: Aegislash|55/100\n|-formechange|p2a: Aegislash|Aegislash-Blade|\n|move|p2a: Aegislash|Iron Head|p1a: Eepy\n|-damage|p1a: Eepy|0 fnt\n|faint|p1a: Eepy\n|\n|upkeep\n|\n|t:|1775891402\n|switch|p1a: Azalea|Sneasler, L50, F|100/100\n|turn|7\n|\n|t:|1775891416\n|-formechange|p2a: Aegislash|Aegislash|\n|move|p2a: Aegislash|King's Shield|p2a: Aegislash\n|-singleturn|p2a: Aegislash|Protect\n|move|p1a: Azalea|Throat Chop|p2a: Aegislash\n|-activate|p2a: Aegislash|move: Protect\n|-unboost|p1a: Azalea|atk|1\n|\n|upkeep\n|turn|8\n|\n|t:|1775891435\n|move|p1a: Azalea|Throat Chop|p2a: Aegislash\n|-supereffective|p2a: Aegislash|1\n|-damage|p2a: Aegislash|24/100\n|-start|p2a: Aegislash|Throat Chop|[silent]\n|-formechange|p2a: Aegislash|Aegislash-Blade|\n|move|p2a: Aegislash|Poltergeist|p1a: Azalea\n|-activate|p1a: Azalea|move: Poltergeist|Choice Scarf\n|-damage|p1a: Azalea|0 fnt\n|faint|p1a: Azalea\n|\n|upkeep\n|-message|Cadailan forfeited.\n|\n|win|Diego training\n|raw|Cadailan's rating: 1000 &rarr; <strong>1000</strong><br />(+0 for losing)\n|raw|Diego training's rating: 1000 &rarr; <strong>1040</strong><br />(+40 for winning)\n|l|\u2606Cadailan\n|player|p1|\n",
  "uploadtime": 1775891448,
  "views": 17,
  "formatid": "gen9championsbssregma",
  "rating": 1000,
  "private": 0,
  "password": null
}