{
  "id": "gen9championsbssregma-2584414086",
  "format": "[Gen 9 Champions] BSS Reg M-A",
  "players": [
    "Esiolamondhax",
    "AminitraboTTT"
  ],
  "log": "|j|\u2606Esiolamondhax\n|j|\u2606AminitraboTTT\n|t:|1776259155\n|gametype|singles\n|player|p1|Esiolamondhax|aromalady-gen3rs|\n|player|p2|AminitraboTTT|supernerd|\n|gen|9\n|tier|[Gen 9 Champions] BSS Reg M-A\n|rule|Species Clause: Limit one of each Pok\u00e9mon\n|rule|Item Clause: Limit 1 of each item\n|clearpoke\n|poke|p1|Polteageist-Antique, L50|\n|poke|p1|Meganium, L50, F|\n|poke|p1|Feraligatr, L50, M|\n|poke|p1|Heracross, L50, F|\n|poke|p1|Kingambit, L50, M|\n|poke|p1|Dragonite, L50, F|\n|poke|p2|Charizard, L50, M|\n|poke|p2|Blastoise, L50, M|\n|poke|p2|Rotom-Wash, L50|\n|poke|p2|Corviknight, L50, M|\n|poke|p2|Kingambit, L50, M|\n|poke|p2|Mimikyu, L50, M|\n|teampreview|3\n|c|\u2606AminitraboTTT|Hola, soy AminitraboTTT, el bot de la sala Espa\u00f1ol. gl hf\n|inactive|Battle timer is ON: inactive players will automatically lose when time's up. (requested by AminitraboTTT)\n|\n|t:|1776259177\n|teamsize|p1|3\n|teamsize|p2|3\n|start\n|switch|p1a: Polteageist|Polteageist-Antique, L50|100/100\n|switch|p2a: Corviknight|Corviknight, L50, M|100/100\n|-ability|p2a: Corviknight|Pressure\n|turn|1\n|\n|t:|1776259186\n|switch|p2a: Blastoise|Blastoise, L50, M|100/100\n|move|p1a: Polteageist|Shell Smash|p1a: Polteageist\n|-unboost|p1a: Polteageist|def|1\n|-unboost|p1a: Polteageist|spd|1\n|-boost|p1a: Polteageist|atk|2\n|-boost|p1a: Polteageist|spa|2\n|-boost|p1a: Polteageist|spe|2\n|-enditem|p1a: Polteageist|White Herb\n|-clearnegativeboost|p1a: Polteageist|[silent]\n|\n|upkeep\n|turn|2\n|\n|t:|1776259190\n|detailschange|p2a: Blastoise|Blastoise-Mega, L50, M\n|-mega|p2a: Blastoise|Blastoise|Blastoisinite\n|move|p1a: Polteageist|Baton Pass|p1a: Polteageist\n|\n|t:|1776259193\n|switch|p1a: Meganium|Meganium, L50, F|100/100|[from] Baton Pass\n|move|p2a: Blastoise|Dark Pulse|p1a: Meganium\n|-damage|p1a: Meganium|45/100\n|\n|upkeep\n|turn|3\n|\n|t:|1776259200\n|detailschange|p1a: Meganium|Meganium-Mega, L50, F\n|-mega|p1a: Meganium|Meganium|Meganiumite\n|move|p1a: Meganium|Solar Beam||[still]\n|-prepare|p1a: Meganium|Solar Beam\n|-activate|p1a: Meganium|ability: Mega Sol\n|-anim|p1a: Meganium|Solar Beam|p2a: Blastoise\n|-supereffective|p2a: Blastoise|1\n|-damage|p2a: Blastoise|0 fnt\n|faint|p2a: Blastoise\n|\n|upkeep\n|\n|t:|1776259200\n|switch|p2a: Corviknight|Corviknight, L50, M|100/100\n|-ability|p2a: Corviknight|Pressure\n|turn|4\n|\n|t:|1776259203\n|move|p1a: Meganium|Weather Ball|p2a: Corviknight\n|-supereffective|p2a: Corviknight|1\n|-damage|p2a: Corviknight|0 fnt\n|faint|p2a: Corviknight\n|\n|upkeep\n|\n|t:|1776259203\n|switch|p2a: Rotom|Rotom-Wash, L50|100/100\n|turn|5\n|\n|t:|1776259206\n|move|p1a: Meganium|Solar Beam||[still]\n|-prepare|p1a: Meganium|Solar Beam\n|-activate|p1a: Meganium|ability: Mega Sol\n|-anim|p1a: Meganium|Solar Beam|p2a: Rotom\n|-supereffective|p2a: Rotom|1\n|-damage|p2a: Rotom|0 fnt\n|faint|p2a: Rotom\n|\n|win|Esiolamondhax\n|c|\u2606AminitraboTTT|hax c:\n|l|\u2606AminitraboTTT\n|player|p2|\n",
  "uploadtime": 1776259213,
  "views": 3,
  "formatid": "gen9championsbssregma",
  "rating": null,
  "private": 0,
  "password": null
}