{
  "id": "gen9championsbssregma-2586060916",
  "format": "[Gen 9 Champions] BSS Reg M-A",
  "players": [
    "EpicToxie",
    "Exsalcis"
  ],
  "log": "|j|\u2606EpicToxie\n|j|\u2606Exsalcis\n|t:|1776394860\n|gametype|singles\n|player|p1|EpicToxie|caitlin|1052\n|player|p2|Exsalcis|hilbert|1000\n|gen|9\n|tier|[Gen 9 Champions] BSS Reg M-A\n|rated|\n|rule|Species Clause: Limit one of each Pok\u00e9mon\n|rule|Item Clause: Limit 1 of each item\n|clearpoke\n|poke|p1|Kleavor, L50, M|\n|poke|p1|Meowscarada, L50, M|\n|poke|p1|Rotom-Heat, L50|\n|poke|p1|Starmie, L50|\n|poke|p1|Garchomp, L50, M|\n|poke|p1|Lopunny, L50, F|\n|poke|p2|Mimikyu, L50, F|\n|poke|p2|Golurk, L50|\n|poke|p2|Basculegion, L50, M|\n|poke|p2|Sableye, L50, F|\n|poke|p2|Froslass, L50, F|\n|poke|p2|Chandelure, L50, F|\n|teampreview|3\n|\n|t:|1776394875\n|teamsize|p1|3\n|teamsize|p2|3\n|start\n|switch|p1a: Kleavor|Kleavor, L50, M, shiny|100/100\n|switch|p2a: Mimikyu|Mimikyu, L50, F, shiny|100/100\n|turn|1\n|inactive|Battle timer is ON: inactive players will automatically lose when time's up. (requested by EpicToxie)\n|\n|t:|1776394893\n|move|p1a: Kleavor|Stone Axe|p2a: Mimikyu\n|-activate|p2a: Mimikyu|ability: Disguise\n|-damage|p2a: Mimikyu|100/100\n|-sidestart|p2: Exsalcis|move: Stealth Rock\n|detailschange|p2a: Mimikyu|Mimikyu-Busted, L50, F, shiny\n|-damage|p2a: Mimikyu|88/100|[from] pokemon: Mimikyu-Busted\n|move|p2a: Mimikyu|Thunder Wave|p1a: Kleavor\n|-status|p1a: Kleavor|par\n|\n|upkeep\n|turn|2\n|\n|t:|1776394902\n|move|p1a: Kleavor|Stone Axe|p2a: Mimikyu\n|-damage|p2a: Mimikyu|29/100\n|move|p2a: Mimikyu|Trick Room|p2a: Mimikyu\n|-fieldstart|move: Trick Room|[of] p2a: Mimikyu\n|\n|upkeep\n|turn|3\n|\n|t:|1776394912\n|move|p1a: Kleavor|Swords Dance|p1a: Kleavor\n|-boost|p1a: Kleavor|atk|2\n|move|p2a: Mimikyu|Hex|p1a: Kleavor\n|-damage|p1a: Kleavor|32/100 par\n|\n|upkeep\n|turn|4\n|\n|t:|1776394919\n|move|p1a: Kleavor|Stone Axe|p2a: Mimikyu\n|-damage|p2a: Mimikyu|0 fnt\n|faint|p2a: Mimikyu\n|\n|upkeep\n|\n|t:|1776394923\n|switch|p2a: Golurk|Golurk, L50, shiny|100/100\n|-damage|p2a: Golurk|94/100|[from] Stealth Rock\n|turn|5\n|\n|t:|1776394936\n|detailschange|p2a: Golurk|Golurk-Mega, L50, shiny\n|-mega|p2a: Golurk|Golurk|Golurkite\n|move|p2a: Golurk|Ice Punch|p1a: Kleavor\n|-damage|p1a: Kleavor|0 fnt\n|faint|p1a: Kleavor\n|\n|upkeep\n|\n|t:|1776394943\n|switch|p1a: Lopunny|Lopunny, L50, F|100/100\n|turn|6\n|\n|t:|1776394949\n|switch|p1a: Meowscarada|Meowscarada, L50, M, shiny|100/100\n|move|p2a: Golurk|Rain Dance|p2a: Golurk\n|-weather|RainDance\n|\n|-weather|RainDance|[upkeep]\n|-fieldend|move: Trick Room\n|upkeep\n|turn|7\n|\n|t:|1776394954\n|move|p1a: Meowscarada|Flower Trick|p2a: Golurk\n|-start|p1a: Meowscarada|typechange|Grass|[from] ability: Protean\n|-supereffective|p2a: Golurk|1\n|-crit|p2a: Golurk\n|-damage|p2a: Golurk|18/100\n|move|p2a: Golurk|Ice Punch|p1a: Meowscarada\n|-supereffective|p1a: Meowscarada|1\n|-damage|p1a: Meowscarada|10/100\n|\n|-weather|RainDance|[upkeep]\n|upkeep\n|turn|8\n|\n|t:|1776394967\n|move|p1a: Meowscarada|Flower Trick|p2a: Golurk\n|-supereffective|p2a: Golurk|1\n|-crit|p2a: Golurk\n|-damage|p2a: Golurk|0 fnt\n|faint|p2a: Golurk\n|\n|-weather|RainDance|[upkeep]\n|upkeep\n|\n|t:|1776394972\n|switch|p2a: Basculegion|Basculegion, L50, M, shiny|100/100\n|-damage|p2a: Basculegion|88/100|[from] Stealth Rock\n|turn|9\n|\n|t:|1776394979\n|move|p2a: Basculegion|Aqua Jet|p1a: Meowscarada\n|-resisted|p1a: Meowscarada|1\n|-damage|p1a: Meowscarada|0 fnt\n|faint|p1a: Meowscarada\n|\n|-weather|RainDance|[upkeep]\n|upkeep\n|\n|t:|1776394981\n|switch|p1a: Lopunny|Lopunny, L50, F|100/100\n|turn|10\n|\n|t:|1776394991\n|detailschange|p1a: Lopunny|Lopunny-Mega, L50, F\n|-mega|p1a: Lopunny|Lopunny|Lopunnite\n|move|p2a: Basculegion|Wave Crash|p1a: Lopunny\n|-damage|p1a: Lopunny|0 fnt\n|faint|p1a: Lopunny\n|-damage|p2a: Basculegion|66/100|[from] Recoil\n|\n|win|Exsalcis\n|raw|EpicToxie's rating: 1052 &rarr; <strong>1032</strong><br />(-20 for losing)\n|raw|Exsalcis's rating: 1000 &rarr; <strong>1046</strong><br />(+46 for winning)\n|l|\u2606EpicToxie\n|player|p1|\n",
  "uploadtime": 1776395027,
  "views": 11,
  "formatid": "gen9championsbssregma",
  "rating": 1032,
  "private": 0,
  "password": null
}