{
  "id": "gen9championsbssregma-2586464655",
  "format": "[Gen 9 Champions] BSS Reg M-A",
  "players": [
    "lolopo_24",
    "DieselDrinker"
  ],
  "log": "|j|\u2606lolopo_24\n|j|\u2606DieselDrinker\n|t:|1776436531\n|gametype|singles\n|player|p1|lolopo_24|cynthia-masters|1185\n|player|p2|DieselDrinker|iris-gen5bw2|1121\n|gen|9\n|tier|[Gen 9 Champions] BSS Reg M-A\n|rated|\n|rule|Species Clause: Limit one of each Pok\u00e9mon\n|rule|Item Clause: Limit 1 of each item\n|clearpoke\n|poke|p1|Dragonite, L50, M|\n|poke|p1|Kingambit, L50, F|\n|poke|p1|Charizard, L50, M|\n|poke|p1|Scizor, L50, M|\n|poke|p1|Gengar, L50, M|\n|poke|p1|Primarina, L50, M|\n|poke|p2|Espathra, L50, F|\n|poke|p2|Gengar, L50, F|\n|poke|p2|Tyranitar, L50, M|\n|poke|p2|Glimmora, L50, M|\n|poke|p2|Drampa, L50, M|\n|poke|p2|Rotom-Wash, L50|\n|teampreview|3\n|\n|t:|1776436552\n|teamsize|p1|3\n|teamsize|p2|3\n|start\n|switch|p1a: JeannePlasma|Gengar, L50, M, shiny|100/100\n|switch|p2a: Glimmora|Glimmora, L50, M|100/100\n|turn|1\n|\n|t:|1776436557\n|detailschange|p1a: JeannePlasma|Gengar-Mega, L50, M, shiny\n|-mega|p1a: JeannePlasma|Gengar|Gengarite\n|move|p1a: JeannePlasma|Taunt|p2a: Glimmora\n|-start|p2a: Glimmora|move: Taunt\n|cant|p2a: Glimmora|move: Taunt|Memento\n|\n|upkeep\n|turn|2\n|\n|t:|1776436564\n|move|p1a: JeannePlasma|Shadow Ball|p2a: Glimmora\n|-damage|p2a: Glimmora|43/100\n|move|p2a: Glimmora|Mortal Spin|p1a: JeannePlasma\n|-resisted|p1a: JeannePlasma|2\n|-damage|p1a: JeannePlasma|98/100\n|\n|upkeep\n|turn|3\n|\n|t:|1776436572\n|move|p1a: JeannePlasma|Shadow Ball|p2a: Glimmora\n|-damage|p2a: Glimmora|0 fnt\n|faint|p2a: Glimmora\n|\n|upkeep\n|\n|t:|1776436575\n|switch|p2a: Espathra|Espathra, L50, F|100/100\n|turn|4\n|\n|t:|1776436579\n|move|p2a: Espathra|Protect|p2a: Espathra\n|-singleturn|p2a: Espathra|Protect\n|move|p1a: JeannePlasma|Shadow Ball|p2a: Espathra\n|-activate|p2a: Espathra|move: Protect\n|\n|-ability|p2a: Espathra|Speed Boost|boost\n|-boost|p2a: Espathra|spe|1\n|upkeep\n|turn|5\n|\n|t:|1776436585\n|move|p2a: Espathra|Protect|p2a: Espathra\n|-singleturn|p2a: Espathra|Protect\n|move|p1a: JeannePlasma|Taunt|p2a: Espathra\n|-activate|p2a: Espathra|move: Protect\n|\n|-ability|p2a: Espathra|Speed Boost|boost\n|-boost|p2a: Espathra|spe|1\n|upkeep\n|turn|6\n|\n|t:|1776436588\n|move|p2a: Espathra|Substitute|p2a: Espathra\n|-start|p2a: Espathra|Substitute\n|-damage|p2a: Espathra|76/100\n|move|p1a: JeannePlasma|Taunt|p2a: Espathra\n|-start|p2a: Espathra|move: Taunt\n|\n|-ability|p2a: Espathra|Speed Boost|boost\n|-boost|p2a: Espathra|spe|1\n|upkeep\n|turn|7\n|\n|t:|1776436593\n|-activate|p2a: Espathra|move: Struggle\n|move|p2a: Espathra|Struggle|p1a: JeannePlasma\n|-damage|p1a: JeannePlasma|87/100\n|-damage|p2a: Espathra|50/100|[from] recoil\n|move|p1a: JeannePlasma|Shadow Ball|p2a: Espathra\n|-supereffective|p2a: Espathra|1\n|-end|p2a: Espathra|Substitute\n|\n|-ability|p2a: Espathra|Speed Boost|boost\n|-boost|p2a: Espathra|spe|1\n|upkeep\n|turn|8\n|\n|t:|1776436607\n|-activate|p2a: Espathra|move: Struggle\n|move|p2a: Espathra|Struggle|p1a: JeannePlasma\n|-damage|p1a: JeannePlasma|75/100\n|-damage|p2a: Espathra|25/100|[from] recoil\n|move|p1a: JeannePlasma|Shadow Ball|p2a: Espathra\n|-supereffective|p2a: Espathra|1\n|-damage|p2a: Espathra|0 fnt\n|faint|p2a: Espathra\n|\n|upkeep\n|\n|t:|1776436609\n|switch|p2a: Drampa|Drampa, L50, M|100/100\n|turn|9\n|-message|DieselDrinker forfeited.\n|\n|win|lolopo_24\n|raw|lolopo_24's rating: 1185 &rarr; <strong>1205</strong><br />(+20 for winning)\n|raw|DieselDrinker's rating: 1121 &rarr; <strong>1101</strong><br />(-20 for losing)\n|l|\u2606DieselDrinker\n|player|p2|\n",
  "uploadtime": 1776436618,
  "views": 3,
  "formatid": "gen9championsbssregma",
  "rating": 1101,
  "private": 0,
  "password": null
}