{
  "id": "gen9championsbssregma-2583915638",
  "format": "[Gen 9 Champions] BSS Reg M-A",
  "players": [
    "kyotoyoko",
    "DGENERAT"
  ],
  "log": "|j|\u2606kyotoyoko\n|j|\u2606DGENERAT\n|t:|1776207983\n|gametype|singles\n|player|p1|kyotoyoko|caitlin|1276\n|player|p2|DGENERAT|guzma|1292\n|gen|9\n|tier|[Gen 9 Champions] BSS Reg M-A\n|rated|\n|rule|Species Clause: Limit one of each Pok\u00e9mon\n|rule|Item Clause: Limit 1 of each item\n|clearpoke\n|poke|p1|Hippowdon, L50, F|\n|poke|p1|Charizard, L50, F|\n|poke|p1|Corviknight, L50, F|\n|poke|p1|Primarina, L50, F|\n|poke|p1|Gengar, L50, F|\n|poke|p1|Mimikyu, L50, F|\n|poke|p2|Pelipper, L50, M|\n|poke|p2|Mimikyu, L50, F|\n|poke|p2|Archaludon, L50, M|\n|poke|p2|Meganium, L50, F|\n|poke|p2|Garchomp, L50, M|\n|poke|p2|Basculegion, L50, M|\n|teampreview|3\n|inactive|Battle timer is ON: inactive players will automatically lose when time's up. (requested by DGENERAT)\n|inactive|kyotoyoko has 60 seconds left.\n|inactive|kyotoyoko has 30 seconds left.\n|\n|t:|1776208050\n|teamsize|p1|3\n|teamsize|p2|3\n|start\n|switch|p1a: Charizard|Charizard, L50, F|100/100\n|switch|p2a: Meganium|Meganium, L50, F|100/100\n|turn|1\n|inactive|kyotoyoko has 30 seconds left.\n|\n|t:|1776208078\n|switch|p2a: Pelipper|Pelipper, L50, M|100/100\n|-weather|RainDance|[from] ability: Drizzle|[of] p2a: Pelipper\n|detailschange|p1a: Charizard|Charizard-Mega-X, L50, F\n|-mega|p1a: Charizard|Charizard|Charizardite X\n|move|p1a: Charizard|Flame Charge|p2a: Pelipper\n|-resisted|p2a: Pelipper|1\n|-damage|p2a: Pelipper|92/100\n|-boost|p1a: Charizard|spe|1\n|\n|-weather|RainDance|[upkeep]\n|upkeep\n|turn|2\n|\n|t:|1776208096\n|move|p1a: Charizard|Outrage|p2a: Pelipper\n|-damage|p2a: Pelipper|6/100\n|-enditem|p2a: Pelipper|Sitrus Berry|[eat]\n|-heal|p2a: Pelipper|30/100|[from] item: Sitrus Berry\n|move|p2a: Pelipper|Surf|p1a: Charizard\n|-damage|p1a: Charizard|23/100\n|\n|-weather|RainDance|[upkeep]\n|upkeep\n|turn|3\n|\n|t:|1776208103\n|move|p1a: Charizard|Outrage|p2a: Pelipper|[from] lockedmove\n|-damage|p2a: Pelipper|0 fnt\n|faint|p2a: Pelipper\n|-start|p1a: Charizard|confusion|[fatigue]\n|\n|-weather|RainDance|[upkeep]\n|upkeep\n|\n|t:|1776208107\n|switch|p2a: Meganium|Meganium, L50, F|100/100\n|turn|4\n|\n|t:|1776208112\n|switch|p1a: Hippowdon|Hippowdon, L50, F|100/100\n|-weather|Sandstorm|[from] ability: Sand Stream|[of] p1a: Hippowdon\n|detailschange|p2a: Meganium|Meganium-Mega, L50, F\n|-mega|p2a: Meganium|Meganium|Meganiumite\n|move|p2a: Meganium|Dazzling Gleam|p1a: Hippowdon\n|-damage|p1a: Hippowdon|59/100\n|\n|-weather|Sandstorm|[upkeep]\n|-damage|p2a: Meganium|95/100|[from] Sandstorm\n|upkeep\n|turn|5\n|\n|t:|1776208133\n|move|p2a: Meganium|Solar Beam||[still]\n|-prepare|p2a: Meganium|Solar Beam\n|-activate|p2a: Meganium|ability: Mega Sol\n|-anim|p2a: Meganium|Solar Beam|p1a: Hippowdon\n|-supereffective|p1a: Hippowdon|1\n|-crit|p1a: Hippowdon\n|-damage|p1a: Hippowdon|0 fnt\n|faint|p1a: Hippowdon\n|\n|-weather|Sandstorm|[upkeep]\n|-damage|p2a: Meganium|89/100|[from] Sandstorm\n|upkeep\n|\n|t:|1776208143\n|switch|p1a: Charizard|Charizard-Mega-X, L50, F|23/100\n|turn|6\n|\n|t:|1776208154\n|switch|p2a: Archaludon|Archaludon, L50, M, shiny|100/100\n|move|p1a: Charizard|Flare Blitz|p2a: Archaludon\n|-damage|p2a: Archaludon|28/100\n|-damage|p1a: Charizard|0 fnt|[from] Recoil\n|faint|p1a: Charizard\n|\n|-weather|Sandstorm|[upkeep]\n|upkeep\n|-message|kyotoyoko forfeited.\n|\n|win|DGENERAT\n|raw|kyotoyoko's rating: 1276 &rarr; <strong>1252</strong><br />(-24 for losing)\n|raw|DGENERAT's rating: 1292 &rarr; <strong>1316</strong><br />(+24 for winning)\n|l|\u2606kyotoyoko\n|player|p1|\n",
  "uploadtime": 1776208330,
  "views": 33,
  "formatid": "gen9championsbssregma",
  "rating": 1252,
  "private": 0,
  "password": null
}