{
  "id": "gen9championsbssregma-2588559106",
  "format": "[Gen 9 Champions] BSS Reg M-A",
  "players": [
    "30to50feralhogs",
    "Gshs5"
  ],
  "log": "|j|\u260630to50feralhogs\n|j|\u2606Gshs5\n|t:|1776644913\n|gametype|singles\n|player|p1|30to50feralhogs|cheren-gen5bw2|1107\n|player|p2|Gshs5|170|1191\n|gen|9\n|tier|[Gen 9 Champions] BSS Reg M-A\n|rated|\n|rule|Species Clause: Limit one of each Pok\u00e9mon\n|rule|Item Clause: Limit 1 of each item\n|clearpoke\n|poke|p1|Pangoro, L50, M|\n|poke|p1|Chimecho, L50, M|\n|poke|p1|Charizard, L50, F|\n|poke|p1|Aegislash, L50, M|\n|poke|p1|Cofagrigus, L50, F|\n|poke|p1|Diggersby, L50, F|\n|poke|p2|Venusaur, L50, F|\n|poke|p2|Clefable, L50, M|\n|poke|p2|Hippowdon, L50, F|\n|poke|p2|Dragonite, L50, M|\n|poke|p2|Aegislash, L50, M|\n|poke|p2|Infernape, L50, F|\n|teampreview|3\n|inactive|Battle timer is ON: inactive players will automatically lose when time's up. (requested by Gshs5)\n|\n|t:|1776644936\n|teamsize|p1|3\n|teamsize|p2|3\n|start\n|switch|p1a: Pangoro|Pangoro, L50, M|100/100\n|switch|p2a: Infernape|Infernape, L50, F|100/100\n|turn|1\n|\n|t:|1776644949\n|move|p2a: Infernape|Close Combat|p1a: Pangoro\n|-supereffective|p1a: Pangoro|1\n|-damage|p1a: Pangoro|0 fnt\n|-unboost|p2a: Infernape|def|1\n|-unboost|p2a: Infernape|spd|1\n|faint|p1a: Pangoro\n|\n|upkeep\n|\n|t:|1776644958\n|switch|p1a: Aegislash|Aegislash, L50, M|100/100\n|turn|2\n|\n|t:|1776644962\n|switch|p2a: Hippowdon|Hippowdon, L50, F|100/100\n|-weather|Sandstorm|[from] ability: Sand Stream|[of] p2a: Hippowdon\n|-formechange|p1a: Aegislash|Aegislash-Blade|\n|move|p1a: Aegislash|Poltergeist|p2a: Hippowdon\n|-activate|p2a: Hippowdon|move: Poltergeist|Bright Powder\n|-damage|p2a: Hippowdon|53/100\n|\n|-weather|Sandstorm|[upkeep]\n|upkeep\n|turn|3\n|\n|t:|1776644966\n|move|p1a: Aegislash|Poltergeist|p2a: Hippowdon\n|-activate|p2a: Hippowdon|move: Poltergeist|Bright Powder\n|-damage|p2a: Hippowdon|5/100\n|move|p2a: Hippowdon|Yawn|p1a: Aegislash\n|-start|p1a: Aegislash|move: Yawn|[of] p2a: Hippowdon\n|\n|-weather|Sandstorm|[upkeep]\n|upkeep\n|turn|4\n|\n|t:|1776644975\n|move|p1a: Aegislash|Shadow Sneak|p2a: Hippowdon\n|-damage|p2a: Hippowdon|0 fnt\n|faint|p2a: Hippowdon\n|\n|-weather|Sandstorm|[upkeep]\n|-end|p1a: Aegislash|move: Yawn|[silent]\n|-status|p1a: Aegislash|slp\n|upkeep\n|\n|t:|1776644984\n|switch|p2a: Venusaur|Venusaur, L50, F|100/100\n|turn|5\n|inactive|30to50feralhogs has 30 seconds left.\n|inactive|30to50feralhogs has 20 seconds left.\n|inactive|30to50feralhogs has 15 seconds left.\n|inactive|30to50feralhogs has 10 seconds left.\n|\n|t:|1776645029\n|detailschange|p2a: Venusaur|Venusaur-Mega, L50, F\n|-mega|p2a: Venusaur|Venusaur|Venusaurite\n|cant|p1a: Aegislash|slp\n|move|p2a: Venusaur|Earth Power|p1a: Aegislash\n|-supereffective|p1a: Aegislash|1\n|-enditem|p1a: Aegislash|Focus Sash\n|-damage|p1a: Aegislash|1/100 slp\n|\n|-weather|Sandstorm|[upkeep]\n|-damage|p2a: Venusaur|95/100|[from] Sandstorm\n|upkeep\n|turn|6\n|\n|t:|1776645033\n|cant|p1a: Aegislash|slp\n|move|p2a: Venusaur|Earth Power|p1a: Aegislash\n|-supereffective|p1a: Aegislash|1\n|-damage|p1a: Aegislash|0 fnt\n|faint|p1a: Aegislash\n|\n|-weather|none\n|upkeep\n|\n|t:|1776645035\n|switch|p1a: Chimecho|Chimecho, L50, M|100/100\n|turn|7\n|\n|t:|1776645044\n|detailschange|p1a: Chimecho|Chimecho-Mega, L50, M\n|-mega|p1a: Chimecho|Chimecho|Chimechite\n|move|p2a: Venusaur|Giga Drain|p1a: Chimecho\n|-resisted|p1a: Chimecho|1\n|-damage|p1a: Chimecho|87/100\n|-heal|p2a: Venusaur|100/100|[from] drain|[of] p1a: Chimecho\n|move|p1a: Chimecho|Calm Mind|p1a: Chimecho\n|-boost|p1a: Chimecho|spa|1\n|-boost|p1a: Chimecho|spd|1\n|\n|upkeep\n|turn|8\n|\n|t:|1776645054\n|move|p2a: Venusaur|Giga Drain|p1a: Chimecho\n|-resisted|p1a: Chimecho|1\n|-damage|p1a: Chimecho|79/100\n|move|p1a: Chimecho|Stored Power|p2a: Venusaur\n|-supereffective|p2a: Venusaur|1\n|-damage|p2a: Venusaur|52/100\n|\n|upkeep\n|turn|9\n|\n|t:|1776645058\n|move|p2a: Venusaur|Giga Drain|p1a: Chimecho\n|-resisted|p1a: Chimecho|1\n|-damage|p1a: Chimecho|70/100\n|-heal|p2a: Venusaur|57/100|[from] drain|[of] p1a: Chimecho\n|move|p1a: Chimecho|Calm Mind|p1a: Chimecho\n|-boost|p1a: Chimecho|spa|1\n|-boost|p1a: Chimecho|spd|1\n|\n|upkeep\n|turn|10\n|\n|t:|1776645061\n|move|p2a: Venusaur|Giga Drain|p1a: Chimecho\n|-resisted|p1a: Chimecho|1\n|-damage|p1a: Chimecho|64/100\n|-heal|p2a: Venusaur|60/100|[from] drain|[of] p1a: Chimecho\n|move|p1a: Chimecho|Recover|p1a: Chimecho\n|-heal|p1a: Chimecho|100/100\n|\n|upkeep\n|turn|11\n|\n|t:|1776645067\n|move|p2a: Venusaur|Giga Drain|p1a: Chimecho\n|-resisted|p1a: Chimecho|1\n|-damage|p1a: Chimecho|94/100\n|-heal|p2a: Venusaur|63/100|[from] drain|[of] p1a: Chimecho\n|move|p1a: Chimecho|Stored Power|p2a: Venusaur\n|-supereffective|p2a: Venusaur|1\n|-damage|p2a: Venusaur|0 fnt\n|faint|p2a: Venusaur\n|\n|upkeep\n|\n|t:|1776645069\n|switch|p2a: Infernape|Infernape, L50, F|100/100\n|turn|12\n|\n|t:|1776645072\n|move|p2a: Infernape|Raging Fury|p1a: Chimecho\n|-supereffective|p1a: Chimecho|1\n|-crit|p1a: Chimecho\n|-damage|p1a: Chimecho|0 fnt\n|faint|p1a: Chimecho\n|\n|win|Gshs5\n|raw|30to50feralhogs's rating: 1107 &rarr; <strong>1088</strong><br />(-19 for losing)\n|raw|Gshs5's rating: 1191 &rarr; <strong>1210</strong><br />(+19 for winning)\n",
  "uploadtime": 1776645074,
  "views": 1,
  "formatid": "gen9championsbssregma",
  "rating": 1088,
  "private": 0,
  "password": null
}