{
  "id": "gen9championsbssregma-2584511890",
  "format": "[Gen 9 Champions] BSS Reg M-A",
  "players": [
    "gorilnx",
    "ja3jja272_"
  ],
  "log": "|j|\u2606gorilnx\n|j|\u2606ja3jja272_\n|t:|1776265717\n|gametype|singles\n|player|p1|gorilnx|dawn-gen4pt|1051\n|player|p2|ja3jja272_|roughneck|1040\n|gen|9\n|tier|[Gen 9 Champions] BSS Reg M-A\n|rated|\n|rule|Species Clause: Limit one of each Pok\u00e9mon\n|rule|Item Clause: Limit 1 of each item\n|clearpoke\n|poke|p1|Delphox, L50, M|\n|poke|p1|Lopunny, L50, M|\n|poke|p1|Corviknight, L50, M|\n|poke|p1|Primarina, L50, F|\n|poke|p1|Garchomp, L50, F|\n|poke|p1|Rotom-Heat, L50|\n|poke|p2|Kingambit, L50, F|\n|poke|p2|Primarina, L50, F|\n|poke|p2|Palafin, L50, F|\n|poke|p2|Scizor, L50, F|\n|poke|p2|Meganium, L50, M|\n|poke|p2|Garchomp, L50, F|\n|teampreview|3\n|inactive|Battle timer is ON: inactive players will automatically lose when time's up. (requested by gorilnx)\n|inactive|gorilnx has 60 seconds left.\n|inactive|ja3jja272_ has 60 seconds left.\n|inactive|gorilnx has 30 seconds left.\n|\n|t:|1776265796\n|teamsize|p1|3\n|teamsize|p2|3\n|start\n|switch|p1a: Lopunny|Lopunny, L50, M|100/100\n|switch|p2a: Palafin|Palafin, L50, F, shiny|100/100\n|turn|1\n|\n|t:|1776265807\n|detailschange|p1a: Lopunny|Lopunny-Mega, L50, M\n|-mega|p1a: Lopunny|Lopunny|Lopunnite\n|move|p1a: Lopunny|Fake Out|p2a: Palafin\n|-damage|p2a: Palafin|69/100\n|cant|p2a: Palafin|flinch\n|\n|upkeep\n|turn|2\n|\n|t:|1776265824\n|detailschange|p2a: Palafin|Palafin-Hero, L50, F, shiny\n|switch|p2a: Primarina|Primarina, L50, F|100/100\n|move|p1a: Lopunny|Close Combat|p2a: Primarina\n|-resisted|p2a: Primarina|1\n|-damage|p2a: Primarina|60/100\n|-unboost|p1a: Lopunny|def|1\n|-unboost|p1a: Lopunny|spd|1\n|\n|upkeep\n|turn|3\n|\n|t:|1776265836\n|move|p1a: Lopunny|U-turn|p2a: Primarina\n|-resisted|p2a: Primarina|1\n|-damage|p2a: Primarina|43/100\n|-enditem|p2a: Primarina|Sitrus Berry|[eat]\n|-heal|p2a: Primarina|67/100|[from] item: Sitrus Berry\n|\n|t:|1776265841\n|switch|p1a: Rotom|Rotom-Heat, L50|100/100|[from] U-turn\n|move|p2a: Primarina|Substitute|p2a: Primarina\n|-start|p2a: Primarina|Substitute\n|-damage|p2a: Primarina|43/100\n|\n|upkeep\n|turn|4\n|\n|t:|1776265851\n|move|p1a: Rotom|Volt Switch|p2a: Primarina\n|-supereffective|p2a: Primarina|1\n|-end|p2a: Primarina|Substitute\n|\n|t:|1776265855\n|switch|p1a: Lopunny|Lopunny-Mega, L50, M|100/100|[from] Volt Switch\n|move|p2a: Primarina|Sparkling Aria|p1a: Lopunny\n|-damage|p1a: Lopunny|39/100\n|\n|upkeep\n|turn|5\n|\n|t:|1776265869\n|move|p1a: Lopunny|Fake Out|p2a: Primarina\n|-damage|p2a: Primarina|14/100\n|cant|p2a: Primarina|flinch\n|\n|upkeep\n|turn|6\n|\n|t:|1776265877\n|move|p1a: Lopunny|Close Combat|p2a: Primarina\n|-resisted|p2a: Primarina|1\n|-damage|p2a: Primarina|0 fnt\n|-unboost|p1a: Lopunny|def|1\n|-unboost|p1a: Lopunny|spd|1\n|faint|p2a: Primarina\n|\n|upkeep\n|\n|t:|1776265884\n|switch|p2a: Palafin|Palafin-Hero, L50, F, shiny|69/100\n|-activate|p2a: Palafin|ability: Zero to Hero\n|turn|7\n|\n|t:|1776265889\n|switch|p1a: Corviknight|Corviknight, L50, M|100/100\n|-ability|p1a: Corviknight|Pressure\n|move|p2a: Palafin|Jet Punch|p1a: Corviknight\n|-damage|p1a: Corviknight|75/100\n|\n|-heal|p1a: Corviknight|81/100|[from] item: Leftovers\n|upkeep\n|turn|8\n|\n|t:|1776265898\n|move|p2a: Palafin|Wave Crash|p1a: Corviknight\n|-damage|p1a: Corviknight|29/100\n|-damage|p2a: Palafin|50/100|[from] Recoil\n|move|p1a: Corviknight|Iron Defense|p1a: Corviknight\n|-boost|p1a: Corviknight|def|2\n|\n|-heal|p1a: Corviknight|35/100|[from] item: Leftovers\n|upkeep\n|turn|9\n|\n|t:|1776265907\n|move|p2a: Palafin|Wave Crash|p1a: Corviknight\n|-damage|p1a: Corviknight|10/100\n|-damage|p2a: Palafin|40/100|[from] Recoil\n|move|p1a: Corviknight|Roost|p1a: Corviknight\n|-heal|p1a: Corviknight|60/100\n|-singleturn|p1a: Corviknight|move: Roost\n|\n|-heal|p1a: Corviknight|66/100|[from] item: Leftovers\n|upkeep\n|turn|10\n|\n|t:|1776265917\n|switch|p2a: Garchomp|Garchomp, L50, F|100/100\n|move|p1a: Corviknight|Body Press|p2a: Garchomp\n|-damage|p2a: Garchomp|48/100\n|-damage|p1a: Corviknight|54/100|[from] ability: Rough Skin|[of] p2a: Garchomp\n|\n|-heal|p1a: Corviknight|60/100|[from] item: Leftovers\n|upkeep\n|turn|11\n|\n|t:|1776265931\n|move|p2a: Garchomp|Stone Edge|p1a: Corviknight\n|-crit|p1a: Corviknight\n|-damage|p1a: Corviknight|29/100\n|move|p1a: Corviknight|Iron Defense|p1a: Corviknight\n|-boost|p1a: Corviknight|def|2\n|\n|-heal|p1a: Corviknight|35/100|[from] item: Leftovers\n|upkeep\n|turn|12\n|\n|t:|1776265938\n|move|p2a: Garchomp|Stone Edge|p1a: Corviknight\n|-damage|p1a: Corviknight|28/100\n|move|p1a: Corviknight|Roost|p1a: Corviknight\n|-heal|p1a: Corviknight|79/100\n|-singleturn|p1a: Corviknight|move: Roost\n|\n|-heal|p1a: Corviknight|84/100|[from] item: Leftovers\n|upkeep\n|turn|13\n|\n|t:|1776265946\n|move|p2a: Garchomp|Stone Edge|p1a: Corviknight\n|-crit|p1a: Corviknight\n|-damage|p1a: Corviknight|49/100\n|move|p1a: Corviknight|Body Press|p2a: Garchomp\n|-damage|p2a: Garchomp|0 fnt\n|-damage|p1a: Corviknight|37/100|[from] ability: Rough Skin|[of] p2a: Garchomp\n|faint|p2a: Garchomp\n|\n|-heal|p1a: Corviknight|43/100|[from] item: Leftovers\n|upkeep\n|\n|t:|1776265957\n|switch|p2a: Palafin|Palafin-Hero, L50, F, shiny|40/100\n|turn|14\n|\n|t:|1776265962\n|move|p2a: Palafin|Wave Crash|p1a: Corviknight\n|-damage|p1a: Corviknight|25/100\n|-damage|p2a: Palafin|33/100|[from] Recoil\n|move|p1a: Corviknight|Body Press|p2a: Palafin\n|-damage|p2a: Palafin|0 fnt\n|faint|p2a: Palafin\n|\n|win|gorilnx\n|raw|gorilnx's rating: 1051 &rarr; <strong>1082</strong><br />(+31 for winning)\n|raw|ja3jja272_'s rating: 1040 &rarr; <strong>1025</strong><br />(-15 for losing)\n",
  "uploadtime": 1776265971,
  "views": 2,
  "formatid": "gen9championsbssregma",
  "rating": 1025,
  "private": 0,
  "password": null
}