{
  "id": "gen9championsbssregma-2587311984",
  "format": "[Gen 9 Champions] BSS Reg M-A",
  "players": [
    "NoSoyLuis33",
    "BTS fans"
  ],
  "log": "|j|\u2606NoSoyLuis33\n|j|\u2606BTS fans\n|t:|1776520922\n|gametype|singles\n|player|p1|NoSoyLuis33|wallace|1072\n|player|p2|BTS fans|firebreather|1000\n|gen|9\n|tier|[Gen 9 Champions] BSS Reg M-A\n|rated|\n|rule|Species Clause: Limit one of each Pok\u00e9mon\n|rule|Item Clause: Limit 1 of each item\n|clearpoke\n|poke|p1|Vaporeon, L50, M|\n|poke|p1|Jolteon, L50, M|\n|poke|p1|Flareon, L50, M|\n|poke|p1|Espeon, L50, F|\n|poke|p1|Umbreon, L50, M|\n|poke|p1|Sylveon, L50, M|\n|poke|p2|Glimmora, L50, F, shiny|\n|poke|p2|Starmie, L50|\n|poke|p2|Pelipper, L50, F|\n|poke|p2|Basculegion, L50, M, shiny|\n|poke|p2|Dragonite, L50, M, shiny|\n|poke|p2|Garchomp, L50, F|\n|teampreview|3\n|inactive|Battle timer is ON: inactive players will automatically lose when time's up. (requested by NoSoyLuis33)\n|inactive|NoSoyLuis33 has 60 seconds left.\n|\n|t:|1776520960\n|teamsize|p1|3\n|teamsize|p2|3\n|start\n|switch|p1a: Jolteon|Jolteon, L50, M|100/100\n|switch|p2a: Garchomp|Garchomp, L50, F|100/100\n|turn|1\n|\n|t:|1776520978\n|switch|p1a: Vaporeon|Vaporeon, L50, M|100/100\n|move|p2a: Garchomp|Earthquake|p1a: Vaporeon\n|-damage|p1a: Vaporeon|55/100\n|\n|upkeep\n|turn|2\n|\n|t:|1776520987\n|move|p2a: Garchomp|Earthquake|p1a: Vaporeon\n|-damage|p1a: Vaporeon|11/100\n|-enditem|p1a: Vaporeon|Sitrus Berry|[eat]\n|-heal|p1a: Vaporeon|36/100|[from] item: Sitrus Berry\n|move|p1a: Vaporeon|Yawn|p2a: Garchomp\n|-start|p2a: Garchomp|move: Yawn|[of] p1a: Vaporeon\n|\n|upkeep\n|turn|3\n|\n|t:|1776521009\n|switch|p1a: Umbreon|Umbreon, L50, M|100/100\n|move|p2a: Garchomp|Earthquake|p1a: Umbreon\n|-damage|p1a: Umbreon|70/100\n|\n|-end|p2a: Garchomp|move: Yawn|[silent]\n|-status|p2a: Garchomp|slp\n|upkeep\n|turn|4\n|\n|t:|1776521019\n|switch|p2a: Pelipper|Pelipper, L50, F|100/100\n|-weather|RainDance|[from] ability: Drizzle|[of] p2a: Pelipper\n|move|p1a: Umbreon|Wish|p1a: Umbreon\n|\n|-weather|RainDance|[upkeep]\n|upkeep\n|turn|5\n|\n|t:|1776521032\n|move|p2a: Pelipper|U-turn|p1a: Umbreon\n|-supereffective|p1a: Umbreon|1\n|-damage|p1a: Umbreon|60/100\n|\n|t:|1776521035\n|switch|p2a: Basculegion|Basculegion, L50, M, shiny|100/100|[from] U-turn\n|move|p1a: Umbreon|Toxic|p2a: Basculegion\n|-status|p2a: Basculegion|tox\n|\n|-weather|RainDance|[upkeep]\n|-heal|p1a: Umbreon|100/100|[from] move: Wish|[wisher] Umbreon\n|-damage|p2a: Basculegion|94/100 tox|[from] psn\n|upkeep\n|turn|6\n|\n|t:|1776521051\n|move|p2a: Basculegion|Wave Crash|p1a: Umbreon\n|-damage|p1a: Umbreon|47/100\n|-damage|p2a: Basculegion|76/100 tox|[from] Recoil\n|move|p1a: Umbreon|Wish|p1a: Umbreon\n|\n|-weather|RainDance|[upkeep]\n|-damage|p2a: Basculegion|64/100 tox|[from] psn\n|upkeep\n|turn|7\n|\n|t:|1776521060\n|switch|p1a: Vaporeon|Vaporeon, L50, M|36/100\n|move|p2a: Basculegion|Wave Crash|p1a: Vaporeon\n|-heal|p1a: Vaporeon|61/100|[from] ability: Water Absorb|[of] p2a: Basculegion\n|\n|-weather|RainDance|[upkeep]\n|-heal|p1a: Vaporeon|100/100|[from] move: Wish|[wisher] Umbreon\n|-damage|p2a: Basculegion|45/100 tox|[from] psn\n|upkeep\n|turn|8\n|\n|t:|1776521082\n|move|p2a: Basculegion|Phantom Force||[still]\n|-prepare|p2a: Basculegion|Phantom Force\n|move|p1a: Vaporeon|Ice Beam|p2a: Basculegion|[miss]\n|-miss|p1a: Vaporeon|p2a: Basculegion\n|\n|-weather|none\n|-damage|p2a: Basculegion|20/100 tox|[from] psn\n|upkeep\n|turn|9\n|\n|t:|1776521091\n|switch|p1a: Umbreon|Umbreon, L50, M|47/100\n|move|p2a: Basculegion|Phantom Force|p1a: Umbreon|[from] lockedmove\n|-resisted|p1a: Umbreon|1\n|-damage|p1a: Umbreon|32/100\n|\n|-damage|p2a: Basculegion|0 fnt|[from] psn\n|faint|p2a: Basculegion\n|upkeep\n|\n|t:|1776521101\n|switch|p2a: Garchomp|Garchomp, L50, F|100/100 slp\n|turn|10\n|\n|t:|1776521107\n|cant|p2a: Garchomp|slp\n|move|p1a: Umbreon|Wish|p1a: Umbreon\n|\n|upkeep\n|turn|11\n|\n|t:|1776521114\n|switch|p1a: Vaporeon|Vaporeon, L50, M|100/100\n|-curestatus|p2a: Garchomp|slp|[msg]\n|move|p2a: Garchomp|Earthquake|p1a: Vaporeon\n|-damage|p1a: Vaporeon|54/100\n|\n|-heal|p1a: Vaporeon|99/100|[from] move: Wish|[wisher] Umbreon\n|upkeep\n|turn|12\n|\n|t:|1776521125\n|move|p2a: Garchomp|Earthquake|p1a: Vaporeon\n|-damage|p1a: Vaporeon|54/100\n|move|p1a: Vaporeon|Ice Beam|p2a: Garchomp\n|-supereffective|p2a: Garchomp|2\n|-damage|p2a: Garchomp|0 fnt\n|faint|p2a: Garchomp\n|\n|upkeep\n|-message|BTS fans forfeited.\n|\n|win|NoSoyLuis33\n|raw|NoSoyLuis33's rating: 1072 &rarr; <strong>1095</strong><br />(+23 for winning)\n|raw|BTS fans's rating: 1000 &rarr; <strong>1000</strong><br />(+0 for losing)\n|l|\u2606BTS fans\n|player|p2|\n",
  "uploadtime": 1776521152,
  "views": 23,
  "formatid": "gen9championsbssregma",
  "rating": 1000,
  "private": 0,
  "password": null
}