{
  "id": "gen9championsbssregma-2585418440",
  "format": "[Gen 9 Champions] BSS Reg M-A",
  "players": [
    "BBBkty",
    "FORGEVGC"
  ],
  "log": "|j|\u2606BBBkty\n|j|\u2606FORGEVGC\n|t:|1776345915\n|gametype|singles\n|player|p1|BBBkty|265|1078\n|player|p2|FORGEVGC|1|1000\n|gen|9\n|tier|[Gen 9 Champions] BSS Reg M-A\n|rated|\n|rule|Species Clause: Limit one of each Pok\u00e9mon\n|rule|Item Clause: Limit 1 of each item\n|clearpoke\n|poke|p1|Dragapult, L50, F|\n|poke|p1|Alakazam, L50, F|\n|poke|p1|Azumarill, L50, M|\n|poke|p1|Clefable, L50, F|\n|poke|p1|Espathra, L50, F|\n|poke|p1|Glimmora, L50, M|\n|poke|p2|Beedrill, L50, M|\n|poke|p2|Gengar, L50, F|\n|poke|p2|Garchomp, L50, M|\n|poke|p2|Corviknight, L50, F|\n|poke|p2|Rotom-Wash, L50|\n|poke|p2|Orthworm, L50, M|\n|teampreview|3\n|inactive|Battle timer is ON: inactive players will automatically lose when time's up. (requested by BBBkty)\n|\n|t:|1776345948\n|teamsize|p1|3\n|teamsize|p2|3\n|start\n|switch|p1a: Glimmora|Glimmora, L50, M|100/100\n|switch|p2a: Corviknight|Corviknight, L50, F|100/100\n|turn|1\n|\n|t:|1776345955\n|move|p1a: Glimmora|Stealth Rock|p2a: Corviknight\n|-sidestart|p2: FORGEVGC|move: Stealth Rock\n|move|p2a: Corviknight|Iron Defense|p2a: Corviknight\n|-boost|p2a: Corviknight|def|2\n|\n|upkeep\n|turn|2\n|\n|t:|1776345968\n|move|p1a: Glimmora|Power Gem|p2a: Corviknight\n|-damage|p2a: Corviknight|67/100\n|move|p2a: Corviknight|Body Press|p1a: Glimmora\n|-damage|p1a: Glimmora|54/100\n|-activate|p1a: Glimmora|ability: Toxic Debris\n|-sidestart|p2: FORGEVGC|move: Toxic Spikes\n|\n|upkeep\n|turn|3\n|\n|t:|1776345976\n|move|p1a: Glimmora|Power Gem|p2a: Corviknight\n|-damage|p2a: Corviknight|33/100\n|-enditem|p2a: Corviknight|Sitrus Berry|[eat]\n|-heal|p2a: Corviknight|58/100|[from] item: Sitrus Berry\n|move|p2a: Corviknight|Body Press|p1a: Glimmora\n|-crit|p1a: Glimmora\n|-damage|p1a: Glimmora|0 fnt\n|-activate|p1a: Glimmora|ability: Toxic Debris\n|-sidestart|p2: FORGEVGC|move: Toxic Spikes\n|faint|p1a: Glimmora\n|\n|upkeep\n|\n|t:|1776345983\n|switch|p1a: Espathra|Espathra, L50, F, shiny|100/100\n|turn|4\n|\n|t:|1776345992\n|move|p1a: Espathra|Calm Mind|p1a: Espathra\n|-boost|p1a: Espathra|spa|1\n|-boost|p1a: Espathra|spd|1\n|move|p2a: Corviknight|Defog|p1a: Espathra\n|-unboost|p1a: Espathra|evasion|1\n|-sideend|p2: FORGEVGC|Toxic Spikes|[from] move: Defog|[of] p2a: Corviknight\n|-sideend|p2: FORGEVGC|Stealth Rock|[from] move: Defog|[of] p2a: Corviknight\n|\n|-ability|p1a: Espathra|Speed Boost|boost\n|-boost|p1a: Espathra|spe|1\n|upkeep\n|turn|5\n|\n|t:|1776346005\n|move|p1a: Espathra|Calm Mind|p1a: Espathra\n|-boost|p1a: Espathra|spa|1\n|-boost|p1a: Espathra|spd|1\n|move|p2a: Corviknight|Brave Bird|p1a: Espathra\n|-damage|p1a: Espathra|62/100\n|-damage|p2a: Corviknight|47/100|[from] Recoil\n|\n|-ability|p1a: Espathra|Speed Boost|boost\n|-boost|p1a: Espathra|spe|1\n|upkeep\n|turn|6\n|\n|t:|1776346014\n|switch|p2a: Beedrill|Beedrill, L50, M|100/100\n|move|p1a: Espathra|Protect||[still]\n|-fail|p1a: Espathra\n|\n|-ability|p1a: Espathra|Speed Boost|boost\n|-boost|p1a: Espathra|spe|1\n|upkeep\n|turn|7\n|\n|t:|1776346024\n|detailschange|p2a: Beedrill|Beedrill-Mega, L50, M\n|-mega|p2a: Beedrill|Beedrill|Beedrillite\n|move|p1a: Espathra|Baton Pass|p1a: Espathra\n|\n|t:|1776346027\n|switch|p1a: Clefable|Clefable, L50, F, shiny|100/100|[from] Baton Pass\n|move|p2a: Beedrill|Fell Stinger|p1a: Clefable\n|-resisted|p1a: Clefable|1\n|-damage|p1a: Clefable|81/100\n|\n|upkeep\n|turn|8\n|\n|t:|1776346038\n|detailschange|p1a: Clefable|Clefable-Mega, L50, F, shiny\n|-mega|p1a: Clefable|Clefable|Clefablite\n|move|p1a: Clefable|Stored Power|p2a: Beedrill\n|-supereffective|p2a: Beedrill|1\n|-damage|p2a: Beedrill|0 fnt\n|faint|p2a: Beedrill\n|\n|upkeep\n|\n|t:|1776346047\n|switch|p2a: Corviknight|Corviknight, L50, F|47/100\n|turn|9\n|-message|FORGEVGC forfeited.\n|\n|win|BBBkty\n|raw|BBBkty's rating: 1078 &rarr; <strong>1100</strong><br />(+22 for winning)\n|raw|FORGEVGC's rating: 1000 &rarr; <strong>1000</strong><br />(+0 for losing)\n|l|\u2606FORGEVGC\n|player|p2|\n",
  "uploadtime": 1776346053,
  "views": 6,
  "formatid": "gen9championsbssregma",
  "rating": 1000,
  "private": 0,
  "password": null
}