{
  "id": "gen9championsbssregma-2584294985",
  "format": "[Gen 9 Champions] BSS Reg M-A",
  "players": [
    "fletchyfletchy",
    "BandedRae"
  ],
  "log": "|j|\u2606fletchyfletchy\n|j|\u2606BandedRae\n|t:|1776248189\n|gametype|singles\n|player|p1|fletchyfletchy|liko|1210\n|player|p2|BandedRae|266|1318\n|gen|9\n|tier|[Gen 9 Champions] BSS Reg M-A\n|rated|\n|rule|Species Clause: Limit one of each Pok\u00e9mon\n|rule|Item Clause: Limit 1 of each item\n|clearpoke\n|poke|p1|Lopunny, L50, M|\n|poke|p1|Basculegion, L50, M|\n|poke|p1|Meowscarada, L50, M|\n|poke|p1|Aegislash, L50, F|\n|poke|p1|Charizard, L50, F|\n|poke|p1|Ninetales-Alola, L50, F|\n|poke|p2|Alakazam, L50, M|\n|poke|p2|Glimmora, L50, F|\n|poke|p2|Garchomp, L50, F|\n|poke|p2|Sneasler, L50, F|\n|poke|p2|Kingambit, L50, M|\n|poke|p2|Clefable, L50, F|\n|teampreview|3\n|inactive|Battle timer is ON: inactive players will automatically lose when time's up. (requested by BandedRae)\n|inactive|BandedRae has 60 seconds left.\n|\n|t:|1776248236\n|teamsize|p1|3\n|teamsize|p2|3\n|start\n|switch|p1a: Lopunny|Lopunny, L50, M|100/100\n|switch|p2a: Alakazam|Alakazam, L50, M|100/100\n|turn|1\n|inactive|fletchyfletchy has 30 seconds left.\n|inactive|fletchyfletchy has 20 seconds left.\n|\n|t:|1776248272\n|switch|p2a: Garchomp|Garchomp, L50, F|100/100\n|switch|p1a: Aegislash|Aegislash, L50, F|100/100\n|\n|upkeep\n|turn|2\n|c|\u2606fletchyfletchy|NOT THE LEGOS\n|\n|t:|1776248284\n|move|p2a: Garchomp|Rock Tomb|p1a: Aegislash\n|-resisted|p1a: Aegislash|1\n|-damage|p1a: Aegislash|92/100\n|-unboost|p1a: Aegislash|spe|1\n|move|p1a: Aegislash|Swords Dance|p1a: Aegislash\n|-boost|p1a: Aegislash|atk|2\n|\n|-heal|p1a: Aegislash|98/100|[from] item: Leftovers\n|upkeep\n|turn|3\n|\n|t:|1776248298\n|move|p2a: Garchomp|Earthquake|p1a: Aegislash\n|-supereffective|p1a: Aegislash|1\n|-damage|p1a: Aegislash|6/100\n|move|p1a: Aegislash|Swords Dance|p1a: Aegislash\n|-boost|p1a: Aegislash|atk|2\n|\n|-heal|p1a: Aegislash|12/100|[from] item: Leftovers\n|upkeep\n|turn|4\n|\n|t:|1776248307\n|-formechange|p1a: Aegislash|Aegislash-Blade|\n|move|p1a: Aegislash|Shadow Sneak|p2a: Garchomp\n|-damage|p2a: Garchomp|25/100\n|-damage|p1a: Aegislash|0 fnt|[from] ability: Rough Skin|[of] p2a: Garchomp\n|faint|p1a: Aegislash\n|move|p2a: Garchomp|Earthquake|p1: Aegislash|[notarget]\n|-fail|p2a: Garchomp\n|\n|upkeep\n|\n|t:|1776248314\n|switch|p1a: Lopunny|Lopunny, L50, M|100/100\n|turn|5\n|\n|t:|1776248319\n|detailschange|p1a: Lopunny|Lopunny-Mega, L50, M\n|-mega|p1a: Lopunny|Lopunny|Lopunnite\n|move|p1a: Lopunny|Swords Dance|p1a: Lopunny\n|-boost|p1a: Lopunny|atk|2\n|move|p2a: Garchomp|Scale Shot|p1a: Lopunny\n|-damage|p1a: Lopunny|81/100\n|-damage|p1a: Lopunny|64/100\n|-damage|p1a: Lopunny|46/100\n|-damage|p1a: Lopunny|29/100\n|-hitcount|p1a: Lopunny|4\n|-unboost|p2a: Garchomp|def|1\n|-boost|p2a: Garchomp|spe|1\n|\n|upkeep\n|turn|6\n|\n|t:|1776248335\n|move|p2a: Garchomp|Rock Tomb|p1a: Lopunny\n|-resisted|p1a: Lopunny|1\n|-damage|p1a: Lopunny|13/100\n|-unboost|p1a: Lopunny|spe|1\n|move|p1a: Lopunny|Triple Axel|p2a: Garchomp|[miss]\n|-miss|p1a: Lopunny|p2a: Garchomp\n|\n|upkeep\n|turn|7\n|c|\u2606fletchyfletchy|BRUH\n|\n|t:|1776248344\n|move|p2a: Garchomp|Earthquake|p1a: Lopunny\n|-damage|p1a: Lopunny|0 fnt\n|faint|p1a: Lopunny\n|\n|upkeep\n|\n|t:|1776248347\n|switch|p1a: Basculegion|Basculegion, L50, M|100/100\n|turn|8\n|c|\u2606fletchyfletchy|ggs\n|\n|t:|1776248357\n|move|p2a: Garchomp|Earthquake|p1a: Basculegion\n|-damage|p1a: Basculegion|20/100\n|move|p1a: Basculegion|Last Respects|p2a: Garchomp\n|-damage|p2a: Garchomp|0 fnt\n|faint|p2a: Garchomp\n|\n|upkeep\n|c|\u2606fletchyfletchy|u win by kingambit\n|\n|t:|1776248362\n|switch|p2a: Alakazam|Alakazam, L50, M|100/100\n|turn|9\n|\n|t:|1776248365\n|detailschange|p2a: Alakazam|Alakazam-Mega, L50, M\n|-mega|p2a: Alakazam|Alakazam|Alakazite\n|-ability|p2a: Alakazam|Adaptability|Trace|[from] ability: Trace|[of] p1a: Basculegion\n|move|p2a: Alakazam|Shadow Ball|p1a: Basculegion\n|-supereffective|p1a: Basculegion|1\n|-damage|p1a: Basculegion|0 fnt\n|faint|p1a: Basculegion\n|\n|win|BandedRae\n|raw|fletchyfletchy's rating: 1210 &rarr; <strong>1193</strong><br />(-17 for losing)\n|raw|BandedRae's rating: 1318 &rarr; <strong>1332</strong><br />(+14 for winning)\n",
  "uploadtime": 1776248365,
  "views": 7,
  "formatid": "gen9championsbssregma",
  "rating": 1193,
  "private": 0,
  "password": null
}