{
  "id": "gen9championsbssregma-2580795488",
  "format": "[Gen 9 Champions] BSS Reg M-A",
  "players": [
    "dripinspector",
    "DerpySuX"
  ],
  "log": "|j|\u2606dripinspector\n|j|\u2606DerpySuX\n|inactive|Battle timer is ON: inactive players will automatically lose when time's up.\n|t:|1775933120\n|gametype|singles\n|player|p1|dripinspector|miku-grass|\n|player|p2|DerpySuX|#derpysux|\n|gen|9\n|tier|[Gen 9 Champions] BSS Reg M-A\n|rated|Tournament battle\n|rule|Species Clause: Limit one of each Pok\u00e9mon\n|rule|Item Clause: Limit 1 of each item\n|clearpoke\n|poke|p1|Sinistcha, L50|\n|poke|p1|Incineroar, L50, F|\n|poke|p1|Snorlax, L50, M|\n|poke|p1|Hawlucha, L50, M|\n|poke|p1|Glimmora, L50, M|\n|poke|p1|Rotom-Wash, L50|\n|poke|p2|Gengar, L50, M|\n|poke|p2|Garchomp, L50, F|\n|poke|p2|Hippowdon, L50, M|\n|poke|p2|Primarina, L50, F|\n|poke|p2|Slowking-Galar, L50, M|\n|poke|p2|Lopunny, L50, F|\n|teampreview|3\n|inactive|DerpySuX also wants the timer to be on.\n|inactive|dripinspector also wants the timer to be on.\n|j| Zangoose360\n|c|\u2606DerpySuX|hf\n|inactive|dripinspector has 60 seconds left.\n|inactive|DerpySuX has 60 seconds left.\n|j| TheNewBrends11@!\n|\n|t:|1775933156\n|teamsize|p1|3\n|teamsize|p2|3\n|start\n|switch|p1a: Snorlax|Snorlax, L50, M|100/100\n|switch|p2a: Lopunny|Lopunny, L50, F|100/100\n|turn|1\n|inactive|dripinspector has 30 seconds left.\n|\n|t:|1775933184\n|detailschange|p2a: Lopunny|Lopunny-Mega, L50, F\n|-mega|p2a: Lopunny|Lopunny|Lopunnite\n|move|p2a: Lopunny|Fake Out|p1a: Snorlax\n|-damage|p1a: Snorlax|87/100\n|cant|p1a: Snorlax|flinch\n|\n|-heal|p1a: Snorlax|93/100|[from] item: Leftovers\n|upkeep\n|turn|2\n|\n|t:|1775933194\n|switch|p2a: Hippowdon|Hippowdon, L50, M|100/100\n|-weather|Sandstorm|[from] ability: Sand Stream|[of] p2a: Hippowdon\n|move|p1a: Snorlax|Fissure|p2a: Hippowdon\n|-damage|p2a: Hippowdon|0 fnt\n|faint|p2a: Hippowdon\n|-ohko\n|\n|-weather|Sandstorm|[upkeep]\n|-damage|p1a: Snorlax|87/100|[from] Sandstorm\n|-heal|p1a: Snorlax|93/100|[from] item: Leftovers\n|upkeep\n|\n|t:|1775933197\n|switch|p2a: Lopunny|Lopunny-Mega, L50, F|100/100\n|turn|3\n|\n|t:|1775933200\n|move|p2a: Lopunny|Fake Out|p1a: Snorlax\n|-damage|p1a: Snorlax|79/100\n|cant|p1a: Snorlax|flinch\n|\n|-weather|Sandstorm|[upkeep]\n|-damage|p2a: Lopunny|95/100|[from] Sandstorm\n|-damage|p1a: Snorlax|73/100|[from] Sandstorm\n|-heal|p1a: Snorlax|79/100|[from] item: Leftovers\n|upkeep\n|turn|4\n|\n|t:|1775933203\n|move|p2a: Lopunny|Close Combat|p1a: Snorlax\n|-supereffective|p1a: Snorlax|1\n|-damage|p1a: Snorlax|0 fnt\n|-unboost|p2a: Lopunny|def|1\n|-unboost|p2a: Lopunny|spd|1\n|faint|p1a: Snorlax\n|\n|-weather|Sandstorm|[upkeep]\n|-damage|p2a: Lopunny|89/100|[from] Sandstorm\n|upkeep\n|\n|t:|1775933210\n|switch|p1a: Sinistcha|Sinistcha, L50|100/100\n|turn|5\n|\n|t:|1775933213\n|switch|p2a: Slowking|Slowking-Galar, L50, M|100/100\n|move|p1a: Sinistcha|Strength Sap|p2a: Slowking\n|-unboost|p2a: Slowking|atk|1\n|\n|-weather|Sandstorm|[upkeep]\n|-damage|p1a: Sinistcha|94/100|[from] Sandstorm\n|-damage|p2a: Slowking|95/100|[from] Sandstorm\n|upkeep\n|turn|6\n|\n|t:|1775933223\n|switch|p1a: Glimmora|Glimmora, L50, M|100/100\n|-prepare|p2a: Slowking|Chilly Reception|[premajor]\n|move|p2a: Slowking|Chilly Reception|p2a: Slowking\n|-weather|Snowscape\n|\n|t:|1775933225\n|switch|p2a: Lopunny|Lopunny-Mega, L50, F|89/100|[from] Chilly Reception\n|\n|-weather|Snowscape|[upkeep]\n|upkeep\n|turn|7\n|j| CantAffordChamps\n|\n|t:|1775933243\n|detailschange|p1a: Glimmora|Glimmora-Mega, L50, M\n|-mega|p1a: Glimmora|Glimmora|Glimmoranite\n|move|p1a: Glimmora|Spiky Shield|p1a: Glimmora\n|-singleturn|p1a: Glimmora|move: Protect\n|move|p2a: Lopunny|Fake Out|p1a: Glimmora\n|-activate|p1a: Glimmora|move: Protect\n|-damage|p2a: Lopunny|77/100|[from] Spiky Shield|[of] p1a: Glimmora\n|\n|-weather|Snowscape|[upkeep]\n|upkeep\n|turn|8\n|j| kadur683\n|\n|t:|1775933256\n|switch|p2a: Slowking|Slowking-Galar, L50, M|100/100\n|switch|p1a: Sinistcha|Sinistcha, L50|94/100\n|\n|-weather|Snowscape|[upkeep]\n|upkeep\n|turn|9\n|l| kadur683\n|\n|t:|1775933260\n|switch|p1a: Glimmora|Glimmora-Mega, L50, M|100/100\n|-prepare|p2a: Slowking|Chilly Reception|[premajor]\n|move|p2a: Slowking|Chilly Reception|p2a: Slowking\n|\n|t:|1775933262\n|switch|p2a: Lopunny|Lopunny-Mega, L50, F|77/100|[from] Chilly Reception\n|\n|-weather|Snowscape|[upkeep]\n|upkeep\n|turn|10\n|\n|t:|1775933266\n|move|p1a: Glimmora|Spiky Shield|p1a: Glimmora\n|-singleturn|p1a: Glimmora|move: Protect\n|move|p2a: Lopunny|Swords Dance|p2a: Lopunny\n|-boost|p2a: Lopunny|atk|2\n|\n|-weather|none\n|upkeep\n|turn|11\n|\n|t:|1775933272\n|move|p2a: Lopunny|Close Combat|p1a: Glimmora\n|-damage|p1a: Glimmora|0 fnt\n|-unboost|p2a: Lopunny|def|1\n|-unboost|p2a: Lopunny|spd|1\n|faint|p1a: Glimmora\n|\n|upkeep\n|\n|t:|1775933274\n|switch|p1a: Sinistcha|Sinistcha, L50|94/100\n|turn|12\n|\n|t:|1775933276\n|move|p2a: Lopunny|Close Combat|p1a: Sinistcha\n|-damage|p1a: Sinistcha|10/100\n|-unboost|p2a: Lopunny|def|1\n|-unboost|p2a: Lopunny|spd|1\n|-enditem|p1a: Sinistcha|Sitrus Berry|[eat]\n|-heal|p1a: Sinistcha|35/100|[from] item: Sitrus Berry\n|move|p1a: Sinistcha|Strength Sap|p2a: Lopunny\n|-unboost|p2a: Lopunny|atk|1\n|-heal|p1a: Sinistcha|100/100\n|\n|upkeep\n|turn|13\n|\n|t:|1775933288\n|switch|p2a: Slowking|Slowking-Galar, L50, M|100/100\n|move|p1a: Sinistcha|Strength Sap|p2a: Slowking\n|-unboost|p2a: Slowking|atk|1\n|\n|upkeep\n|turn|14\n|j| dtagox24\n|l| dtagox24\n|inactive|dripinspector has 30 seconds left.\n|j| dtagox24\n|c|\u2606dripinspector|I just realized i could've won if i used trick room\n|l| dtagox24\n|\n|t:|1775933320\n|move|p1a: Sinistcha|Strength Sap|p2a: Slowking\n|-unboost|p2a: Slowking|atk|1\n|move|p2a: Slowking|Psychic Noise|p1a: Sinistcha\n|-damage|p1a: Sinistcha|66/100\n|-start|p1a: Sinistcha|move: Heal Block\n|\n|upkeep\n|turn|15\n|l| CantAffordChamps\n|\n|t:|1775933335\n|move|p2a: Slowking|Psychic Noise|p1a: Sinistcha\n|-damage|p1a: Sinistcha|31/100\n|move|p1a: Sinistcha|Trick Room|p1a: Sinistcha\n|-fieldstart|move: Trick Room|[of] p1a: Sinistcha\n|\n|-end|p1a: Sinistcha|move: Heal Block\n|upkeep\n|turn|16\n|\n|t:|1775933342\n|move|p2a: Slowking|Psychic Noise|p1a: Sinistcha\n|-damage|p1a: Sinistcha|0 fnt\n|faint|p1a: Sinistcha\n|\n|win|DerpySuX\n|n|\u2606dripinspector|dripinspector\n|n|\u2606DerpySuX|derpysux\n|n| Zangoose360|zangoose360\n|n| TheNewBrends11@!|thenewbrends11\n|l|\u2606dripinspector\n|player|p1|\n|c|\u2606DerpySuX|gg\n|l|\u2606DerpySuX\n|player|p2|\n|l| Zangoose360\n",
  "uploadtime": 1775933523,
  "views": 32,
  "formatid": "gen9championsbssregma",
  "rating": null,
  "private": 0,
  "password": null
}