{
  "id": "gen9championsbssregma-2581405736",
  "format": "[Gen 9 Champions] BSS Reg M-A",
  "players": [
    "chrismjkim2",
    "hoshigumo1101"
  ],
  "log": "|j|\u2606chrismjkim2\n|j|\u2606hoshigumo1101\n|t:|1775997059\n|gametype|singles\n|player|p1|chrismjkim2|skyla|1229\n|player|p2|hoshigumo1101|acetrainerf|1176\n|gen|9\n|tier|[Gen 9 Champions] BSS Reg M-A\n|rated|\n|rule|Species Clause: Limit one of each Pok\u00e9mon\n|rule|Item Clause: Limit 1 of each item\n|clearpoke\n|poke|p1|Delphox, L50, F|\n|poke|p1|Primarina, L50, F|\n|poke|p1|Hippowdon, L50, M|\n|poke|p1|Rotom-Heat, L50|\n|poke|p1|Mimikyu, L50, M|\n|poke|p1|Scizor, L50, M|\n|poke|p2|Lucario, L50, M|\n|poke|p2|Rotom-Wash, L50|\n|poke|p2|Garchomp, L50, M|\n|poke|p2|Charizard, L50, F|\n|poke|p2|Hatterene, L50, F|\n|poke|p2|Greninja-*, L50, M|\n|teampreview|3\n|inactive|Battle timer is ON: inactive players will automatically lose when time's up. (requested by chrismjkim2)\n|\n|t:|1775997084\n|teamsize|p1|3\n|teamsize|p2|3\n|start\n|switch|p1a: Scizor|Scizor, L50, M|100/100\n|switch|p2a: Greninja|Greninja, L50, M|100/100\n|turn|1\n|\n|t:|1775997099\n|switch|p2a: Garchomp|Garchomp, L50, M|100/100\n|detailschange|p1a: Scizor|Scizor-Mega, L50, M\n|-mega|p1a: Scizor|Scizor|Scizorite\n|move|p1a: Scizor|Dual Wingbeat|p2a: Garchomp\n|-damage|p2a: Garchomp|76/100\n|-damage|p1a: Scizor|88/100|[from] ability: Rough Skin|[of] p2a: Garchomp\n|-damage|p2a: Garchomp|51/100\n|-damage|p1a: Scizor|76/100|[from] ability: Rough Skin|[of] p2a: Garchomp\n|-hitcount|p2a: Garchomp|2\n|\n|upkeep\n|turn|2\n|\n|t:|1775997122\n|switch|p1a: Rotom|Rotom-Heat, L50|100/100\n|move|p2a: Garchomp|Stealth Rock|p1a: Rotom\n|-sidestart|p1: chrismjkim2|move: Stealth Rock\n|\n|upkeep\n|turn|3\n|\n|t:|1775997130\n|switch|p2a: Rotom|Rotom-Wash, L50|100/100\n|move|p1a: Rotom|Will-O-Wisp|p2a: Rotom|[miss]\n|-miss|p1a: Rotom|p2a: Rotom\n|\n|upkeep\n|turn|4\n|\n|t:|1775997136\n|move|p2a: Rotom|Hydro Pump|p1a: Rotom\n|-supereffective|p1a: Rotom|1\n|-damage|p1a: Rotom|0 fnt\n|faint|p1a: Rotom\n|\n|upkeep\n|\n|t:|1775997141\n|switch|p1a: Mimikyu|Mimikyu, L50, M|100/100\n|-damage|p1a: Mimikyu|88/100|[from] Stealth Rock\n|turn|5\n|\n|t:|1775997145\n|move|p2a: Rotom|Hydro Pump|p1a: Mimikyu\n|-activate|p1a: Mimikyu|ability: Disguise\n|-damage|p1a: Mimikyu|88/100\n|detailschange|p1a: Mimikyu|Mimikyu-Busted, L50, M\n|-damage|p1a: Mimikyu|76/100|[from] pokemon: Mimikyu-Busted\n|move|p1a: Mimikyu|Swords Dance|p1a: Mimikyu\n|-boost|p1a: Mimikyu|atk|2\n|\n|upkeep\n|turn|6\n|\n|t:|1775997154\n|move|p2a: Rotom|Hydro Pump|p1a: Mimikyu\n|-damage|p1a: Mimikyu|1/100\n|move|p1a: Mimikyu|Drain Punch|p2a: Rotom\n|-damage|p2a: Rotom|36/100\n|-heal|p1a: Mimikyu|33/100|[from] drain|[of] p2a: Rotom\n|\n|upkeep\n|turn|7\n|\n|t:|1775997161\n|move|p1a: Mimikyu|Shadow Sneak|p2a: Rotom\n|-damage|p2a: Rotom|0 fnt\n|faint|p2a: Rotom\n|\n|upkeep\n|\n|t:|1775997165\n|switch|p2a: Greninja|Greninja, L50, M|100/100\n|turn|8\n|\n|t:|1775997175\n|move|p1a: Mimikyu|Shadow Sneak|p2a: Greninja\n|-resisted|p2a: Greninja|1\n|-damage|p2a: Greninja|66/100\n|move|p2a: Greninja|Ice Beam|p1a: Mimikyu\n|-start|p2a: Greninja|typechange|Ice|[from] ability: Protean\n|-damage|p1a: Mimikyu|0 fnt\n|faint|p1a: Mimikyu\n|\n|upkeep\n|\n|t:|1775997182\n|switch|p1a: Scizor|Scizor-Mega, L50, M|76/100\n|-damage|p1a: Scizor|63/100|[from] Stealth Rock\n|turn|9\n|\n|t:|1775997187\n|detailschange|p2a: Greninja|Greninja-Mega, L50, M\n|-mega|p2a: Greninja|Greninja|Greninjite\n|move|p1a: Scizor|Bullet Punch|p2a: Greninja\n|-resisted|p2a: Greninja|1\n|-damage|p2a: Greninja|39/100\n|move|p2a: Greninja|Dark Pulse|p1a: Scizor\n|-start|p2a: Greninja|typechange|Dark|[from] ability: Protean\n|-damage|p1a: Scizor|17/100\n|\n|upkeep\n|turn|10\n|\n|t:|1775997196\n|switch|p2a: Garchomp|Garchomp, L50, M|51/100\n|move|p1a: Scizor|Bullet Punch|p2a: Garchomp\n|-damage|p2a: Garchomp|14/100\n|-damage|p1a: Scizor|5/100|[from] ability: Rough Skin|[of] p2a: Garchomp\n|\n|upkeep\n|turn|11\n|\n|t:|1775997202\n|move|p2a: Garchomp|Earthquake|p1a: Scizor\n|-damage|p1a: Scizor|0 fnt\n|faint|p1a: Scizor\n|\n|win|hoshigumo1101\n|raw|chrismjkim2's rating: 1229 &rarr; <strong>1200</strong><br />(-29 for losing)\n|raw|hoshigumo1101's rating: 1176 &rarr; <strong>1205</strong><br />(+29 for winning)\n|l|\u2606chrismjkim2\n|player|p1|\n",
  "uploadtime": 1775997205,
  "views": 17,
  "formatid": "gen9championsbssregma",
  "rating": 1200,
  "private": 0,
  "password": null
}