{
  "id": "gen9championsbssregma-2582357642",
  "format": "[Gen 9 Champions] BSS Reg M-A",
  "players": [
    "Aguwar",
    "pokpokpokpok123"
  ],
  "log": "|j|\u2606Aguwar\n|j|\u2606pokpokpokpok123\n|t:|1776086120\n|gametype|singles\n|player|p1|Aguwar|chili|1122\n|player|p2|pokpokpokpok123|265|1040\n|gen|9\n|tier|[Gen 9 Champions] BSS Reg M-A\n|rated|\n|rule|Species Clause: Limit one of each Pok\u00e9mon\n|rule|Item Clause: Limit 1 of each item\n|clearpoke\n|poke|p1|Charizard, L50, M|\n|poke|p1|Venusaur, L50, F|\n|poke|p1|Dragonite, L50, M|\n|poke|p1|Feraligatr, L50, M|\n|poke|p1|Archaludon, L50, M|\n|poke|p1|Dragapult, L50, F|\n|poke|p2|Palafin, L50, M|\n|poke|p2|Gallade, L50, M|\n|poke|p2|Kingambit, L50, F|\n|poke|p2|Rotom-Heat, L50|\n|poke|p2|Araquanid, L50, F|\n|poke|p2|Garchomp, L50, M|\n|teampreview|3\n|inactive|Battle timer is ON: inactive players will automatically lose when time's up. (requested by Aguwar)\n|j| sylveon plushie\n|inactive|Aguwar has 60 seconds left.\n|\n|t:|1776086179\n|teamsize|p1|3\n|teamsize|p2|3\n|start\n|switch|p1a: Lightspeed|Dragonite, L50, M|100/100\n|switch|p2a: Palafin|Palafin, L50, M|100/100\n|turn|1\n|\n|t:|1776086194\n|detailschange|p2a: Palafin|Palafin-Hero, L50, M\n|switch|p2a: Rotom|Rotom-Heat, L50|100/100\n|move|p1a: Lightspeed|Dragon Dance|p1a: Lightspeed\n|-boost|p1a: Lightspeed|atk|1\n|-boost|p1a: Lightspeed|spe|1\n|\n|upkeep\n|turn|2\n|\n|t:|1776086199\n|move|p1a: Lightspeed|Extreme Speed|p2a: Rotom\n|-damage|p2a: Rotom|45/100\n|move|p2a: Rotom|Will-O-Wisp|p1a: Lightspeed\n|-status|p1a: Lightspeed|brn\n|\n|-heal|p2a: Rotom|51/100|[from] item: Leftovers\n|-damage|p1a: Lightspeed|94/100 brn|[from] brn\n|upkeep\n|turn|3\n|\n|t:|1776086206\n|move|p1a: Lightspeed|Dragon Dance|p1a: Lightspeed\n|-boost|p1a: Lightspeed|atk|1\n|-boost|p1a: Lightspeed|spe|1\n|move|p2a: Rotom|Pain Split|p1a: Lightspeed\n|-sethp|p1a: Lightspeed|63/100 brn|[from] move: Pain Split|[silent]\n|-sethp|p2a: Rotom|99/100|[from] move: Pain Split\n|\n|-heal|p2a: Rotom|100/100|[from] item: Leftovers\n|-damage|p1a: Lightspeed|57/100 brn|[from] brn\n|upkeep\n|turn|4\n|\n|t:|1776086214\n|move|p1a: Lightspeed|Dragon Dance|p1a: Lightspeed\n|-boost|p1a: Lightspeed|atk|1\n|-boost|p1a: Lightspeed|spe|1\n|move|p2a: Rotom|Volt Switch|p1a: Lightspeed\n|-damage|p1a: Lightspeed|32/100 brn\n|\n|t:|1776086220\n|switch|p2a: Kingambit|Kingambit, L50, F|100/100|[from] Volt Switch\n|\n|-damage|p1a: Lightspeed|26/100 brn|[from] brn\n|upkeep\n|turn|5\n|\n|t:|1776086223\n|move|p2a: Kingambit|Sucker Punch||[still]\n|-fail|p2a: Kingambit\n|move|p1a: Lightspeed|Roost|p1a: Lightspeed\n|-heal|p1a: Lightspeed|76/100 brn\n|-singleturn|p1a: Lightspeed|move: Roost\n|\n|-damage|p1a: Lightspeed|70/100 brn|[from] brn\n|upkeep\n|turn|6\n|\n|t:|1776086230\n|move|p2a: Kingambit|Sucker Punch|p1a: Lightspeed\n|-damage|p1a: Lightspeed|35/100 brn\n|move|p1a: Lightspeed|Earthquake|p2a: Kingambit\n|-supereffective|p2a: Kingambit|1\n|-damage|p2a: Kingambit|33/100\n|\n|-damage|p1a: Lightspeed|29/100 brn|[from] brn\n|upkeep\n|turn|7\n|\n|t:|1776086238\n|move|p2a: Kingambit|Sucker Punch||[still]\n|-fail|p2a: Kingambit\n|move|p1a: Lightspeed|Roost|p1a: Lightspeed\n|-heal|p1a: Lightspeed|79/100 brn\n|-singleturn|p1a: Lightspeed|move: Roost\n|\n|-damage|p1a: Lightspeed|73/100 brn|[from] brn\n|upkeep\n|turn|8\n|\n|t:|1776086246\n|switch|p2a: Rotom|Rotom-Heat, L50|100/100\n|move|p1a: Lightspeed|Roost|p1a: Lightspeed\n|-heal|p1a: Lightspeed|100/100 brn\n|-singleturn|p1a: Lightspeed|move: Roost\n|\n|-damage|p1a: Lightspeed|94/100 brn|[from] brn\n|upkeep\n|turn|9\n|\n|t:|1776086254\n|move|p1a: Lightspeed|Extreme Speed|p2a: Rotom\n|-damage|p2a: Rotom|51/100\n|move|p2a: Rotom|Volt Switch|p1a: Lightspeed\n|-damage|p1a: Lightspeed|70/100 brn\n|\n|t:|1776086261\n|switch|p2a: Kingambit|Kingambit, L50, F|33/100|[from] Volt Switch\n|\n|-damage|p1a: Lightspeed|64/100 brn|[from] brn\n|upkeep\n|turn|10\n|\n|t:|1776086265\n|switch|p2a: Rotom|Rotom-Heat, L50|51/100\n|move|p1a: Lightspeed|Earthquake|p2a: Rotom\n|-immune|p2a: Rotom|[from] ability: Levitate\n|\n|-heal|p2a: Rotom|56/100|[from] item: Leftovers\n|-damage|p1a: Lightspeed|58/100 brn|[from] brn\n|upkeep\n|turn|11\n|\n|t:|1776086271\n|move|p1a: Lightspeed|Roost|p1a: Lightspeed\n|-heal|p1a: Lightspeed|100/100 brn\n|-singleturn|p1a: Lightspeed|move: Roost\n|move|p2a: Rotom|Pain Split|p1a: Lightspeed\n|-sethp|p1a: Lightspeed|68/100 brn|[from] move: Pain Split|[silent]\n|-sethp|p2a: Rotom|100/100|[from] move: Pain Split\n|\n|-damage|p1a: Lightspeed|62/100 brn|[from] brn\n|upkeep\n|turn|12\n|\n|t:|1776086280\n|move|p1a: Lightspeed|Roost|p1a: Lightspeed\n|-heal|p1a: Lightspeed|100/100 brn\n|-singleturn|p1a: Lightspeed|move: Roost\n|move|p2a: Rotom|Volt Switch|p1a: Lightspeed\n|-resisted|p1a: Lightspeed|1\n|-damage|p1a: Lightspeed|94/100 brn\n|\n|t:|1776086283\n|switch|p2a: Kingambit|Kingambit, L50, F|33/100|[from] Volt Switch\n|\n|-damage|p1a: Lightspeed|88/100 brn|[from] brn\n|upkeep\n|turn|13\n|\n|t:|1776086285\n|switch|p2a: Rotom|Rotom-Heat, L50|100/100\n|move|p1a: Lightspeed|Extreme Speed|p2a: Rotom\n|-damage|p2a: Rotom|54/100\n|\n|-heal|p2a: Rotom|60/100|[from] item: Leftovers\n|-damage|p1a: Lightspeed|82/100 brn|[from] brn\n|upkeep\n|turn|14\n|\n|t:|1776086288\n|move|p1a: Lightspeed|Extreme Speed|p2a: Rotom\n|-damage|p2a: Rotom|10/100\n|move|p2a: Rotom|Pain Split|p1a: Lightspeed\n|-sethp|p1a: Lightspeed|44/100 brn|[from] move: Pain Split|[silent]\n|-sethp|p2a: Rotom|70/100|[from] move: Pain Split\n|\n|-heal|p2a: Rotom|76/100|[from] item: Leftovers\n|-damage|p1a: Lightspeed|38/100 brn|[from] brn\n|upkeep\n|turn|15\n|\n|t:|1776086296\n|move|p1a: Lightspeed|Roost|p1a: Lightspeed\n|-heal|p1a: Lightspeed|88/100 brn\n|-singleturn|p1a: Lightspeed|move: Roost\n|move|p2a: Rotom|Volt Switch|p1a: Lightspeed\n|-resisted|p1a: Lightspeed|1\n|-damage|p1a: Lightspeed|75/100 brn\n|\n|t:|1776086298\n|switch|p2a: Kingambit|Kingambit, L50, F|33/100|[from] Volt Switch\n|\n|-damage|p1a: Lightspeed|69/100 brn|[from] brn\n|upkeep\n|turn|16\n|\n|t:|1776086301\n|switch|p2a: Rotom|Rotom-Heat, L50|76/100\n|move|p1a: Lightspeed|Dragon Dance|p1a: Lightspeed\n|-boost|p1a: Lightspeed|atk|1\n|-boost|p1a: Lightspeed|spe|1\n|\n|-heal|p2a: Rotom|81/100|[from] item: Leftovers\n|-damage|p1a: Lightspeed|63/100 brn|[from] brn\n|upkeep\n|turn|17\n|\n|t:|1776086309\n|move|p1a: Lightspeed|Roost|p1a: Lightspeed\n|-heal|p1a: Lightspeed|100/100 brn\n|-singleturn|p1a: Lightspeed|move: Roost\n|move|p2a: Rotom|Pain Split|p1a: Lightspeed\n|-sethp|p1a: Lightspeed|76/100 brn|[from] move: Pain Split|[silent]\n|-sethp|p2a: Rotom|100/100|[from] move: Pain Split\n|\n|-damage|p1a: Lightspeed|70/100 brn|[from] brn\n|upkeep\n|turn|18\n|\n|t:|1776086319\n|move|p1a: Lightspeed|Dragon Dance|p1a: Lightspeed\n|-boost|p1a: Lightspeed|atk|1\n|-boost|p1a: Lightspeed|spe|1\n|move|p2a: Rotom|Overheat|p1a: Lightspeed\n|-resisted|p1a: Lightspeed|1\n|-damage|p1a: Lightspeed|48/100 brn\n|-unboost|p2a: Rotom|spa|2\n|\n|-damage|p1a: Lightspeed|42/100 brn|[from] brn\n|upkeep\n|turn|19\n|\n|t:|1776086325\n|switch|p2a: Kingambit|Kingambit, L50, F|33/100\n|move|p1a: Lightspeed|Roost|p1a: Lightspeed\n|-heal|p1a: Lightspeed|92/100 brn\n|-singleturn|p1a: Lightspeed|move: Roost\n|\n|-damage|p1a: Lightspeed|86/100 brn|[from] brn\n|upkeep\n|turn|20\n|\n|t:|1776086329\n|switch|p2a: Rotom|Rotom-Heat, L50|100/100\n|move|p1a: Lightspeed|Extreme Speed|p2a: Rotom\n|-damage|p2a: Rotom|35/100\n|\n|-heal|p2a: Rotom|40/100|[from] item: Leftovers\n|-damage|p1a: Lightspeed|80/100 brn|[from] brn\n|upkeep\n|turn|21\n|\n|t:|1776086339\n|move|p1a: Lightspeed|Extreme Speed|p2a: Rotom\n|-damage|p2a: Rotom|0 fnt\n|faint|p2a: Rotom\n|\n|-damage|p1a: Lightspeed|74/100 brn|[from] brn\n|upkeep\n|\n|t:|1776086345\n|switch|p2a: Kingambit|Kingambit, L50, F|33/100\n|turn|22\n|\n|t:|1776086353\n|move|p2a: Kingambit|Sucker Punch|p1a: Lightspeed\n|-damage|p1a: Lightspeed|35/100 brn\n|move|p1a: Lightspeed|Earthquake|p2a: Kingambit\n|-supereffective|p2a: Kingambit|1\n|-damage|p2a: Kingambit|0 fnt\n|faint|p2a: Kingambit\n|\n|-damage|p1a: Lightspeed|29/100 brn|[from] brn\n|upkeep\n|\n|t:|1776086356\n|switch|p2a: Palafin|Palafin-Hero, L50, M|100/100\n|-activate|p2a: Palafin|ability: Zero to Hero\n|turn|23\n|\n|t:|1776086363\n|move|p1a: Lightspeed|Extreme Speed|p2a: Palafin\n|-damage|p2a: Palafin|37/100\n|-enditem|p2a: Palafin|Sitrus Berry|[eat]\n|-heal|p2a: Palafin|62/100|[from] item: Sitrus Berry\n|move|p2a: Palafin|Jet Punch|p1a: Lightspeed\n|-resisted|p1a: Lightspeed|1\n|-damage|p1a: Lightspeed|11/100 brn\n|\n|-damage|p1a: Lightspeed|5/100 brn|[from] brn\n|upkeep\n|turn|24\n|\n|t:|1776086371\n|move|p1a: Lightspeed|Extreme Speed|p2a: Palafin\n|-damage|p2a: Palafin|0 fnt\n|faint|p2a: Palafin\n|\n|win|Aguwar\n|raw|Aguwar's rating: 1122 &rarr; <strong>1141</strong><br />(+19 for winning)\n|raw|pokpokpokpok123's rating: 1040 &rarr; <strong>1028</strong><br />(-12 for losing)\n",
  "uploadtime": 1776086374,
  "views": 5,
  "formatid": "gen9championsbssregma",
  "rating": 1028,
  "private": 0,
  "password": null
}