{
  "id": "gen9championsbssregma-2588991476",
  "format": "[Gen 9 Champions] BSS Reg M-A",
  "players": [
    "joguri",
    "im_me_re"
  ],
  "log": "|j|\u2606joguri\n|j|\u2606im_me_re\n|t:|1776692169\n|gametype|singles\n|player|p1|joguri|dawn|1107\n|player|p2|im_me_re|2|1178\n|gen|9\n|tier|[Gen 9 Champions] BSS Reg M-A\n|rated|\n|rule|Species Clause: Limit one of each Pok\u00e9mon\n|rule|Item Clause: Limit 1 of each item\n|clearpoke\n|poke|p1|Lopunny, L50, F|\n|poke|p1|Garchomp, L50, M|\n|poke|p1|Glimmora, L50, M|\n|poke|p1|Primarina, L50, F|\n|poke|p1|Corviknight, L50, M|\n|poke|p1|Clefable, L50, F|\n|poke|p2|Hippowdon, L50, M, shiny|\n|poke|p2|Basculegion, L50, M, shiny|\n|poke|p2|Hydreigon, L50, M|\n|poke|p2|Aegislash, L50, F, shiny|\n|poke|p2|Lopunny, L50, M|\n|poke|p2|Delphox, L50, F, shiny|\n|teampreview|3\n|\n|t:|1776692190\n|teamsize|p1|3\n|teamsize|p2|3\n|start\n|switch|p1a: Lopunny|Lopunny, L50, F|100/100\n|switch|p2a: Aegislash|Aegislash, L50, F, shiny|100/100\n|turn|1\n|inactive|Battle timer is ON: inactive players will automatically lose when time's up. (requested by joguri)\n|\n|t:|1776692195\n|move|p2a: Aegislash|King's Shield|p2a: Aegislash\n|-singleturn|p2a: Aegislash|Protect\n|move|p1a: Lopunny|Cotton Guard|p1a: Lopunny\n|-boost|p1a: Lopunny|def|3\n|\n|upkeep\n|turn|2\n|\n|t:|1776692204\n|move|p1a: Lopunny|Encore|p2a: Aegislash\n|-start|p2a: Aegislash|Encore\n|move|p2a: Aegislash|King's Shield||[still]\n|-fail|p2a: Aegislash\n|\n|upkeep\n|turn|3\n|\n|t:|1776692209\n|switch|p2a: Delphox|Delphox, L50, F, shiny|100/100\n|move|p1a: Lopunny|Cotton Guard|p1a: Lopunny\n|-boost|p1a: Lopunny|def|3\n|\n|upkeep\n|turn|4\n|\n|t:|1776692223\n|detailschange|p2a: Delphox|Delphox-Mega, L50, F, shiny\n|-mega|p2a: Delphox|Delphox|Delphoxite\n|move|p2a: Delphox|Overheat|p1a: Lopunny\n|-damage|p1a: Lopunny|17/100\n|-unboost|p2a: Delphox|spa|2\n|move|p1a: Lopunny|Cosmic Power|p1a: Lopunny\n|-boost|p1a: Lopunny|def|0\n|-boost|p1a: Lopunny|spd|1\n|\n|upkeep\n|turn|5\n|\n|t:|1776692236\n|move|p2a: Delphox|Encore|p1a: Lopunny\n|-start|p1a: Lopunny|Encore\n|-enditem|p1a: Lopunny|Mental Herb\n|-end|p1a: Lopunny|Encore\n|move|p1a: Lopunny|Baton Pass|p1a: Lopunny\n|\n|t:|1776692240\n|switch|p1a: Clefable|Clefable, L50, F|100/100|[from] Baton Pass\n|\n|upkeep\n|turn|6\n|\n|t:|1776692247\n|switch|p2a: Aegislash|Aegislash, L50, F, shiny|100/100\n|detailschange|p1a: Clefable|Clefable-Mega, L50, F\n|-mega|p1a: Clefable|Clefable|Clefablite\n|move|p1a: Clefable|Calm Mind|p1a: Clefable\n|-boost|p1a: Clefable|spa|1\n|-boost|p1a: Clefable|spd|1\n|\n|upkeep\n|turn|7\n|\n|t:|1776692258\n|move|p1a: Clefable|Calm Mind|p1a: Clefable\n|-boost|p1a: Clefable|spa|1\n|-boost|p1a: Clefable|spd|1\n|-formechange|p2a: Aegislash|Aegislash-Blade|\n|move|p2a: Aegislash|Iron Head|p1a: Clefable\n|-supereffective|p1a: Clefable|1\n|-damage|p1a: Clefable|83/100\n|\n|upkeep\n|turn|8\n|\n|t:|1776692265\n|switch|p2a: Delphox|Delphox-Mega, L50, F, shiny|100/100\n|move|p1a: Clefable|Calm Mind|p1a: Clefable\n|-boost|p1a: Clefable|spa|1\n|-boost|p1a: Clefable|spd|1\n|\n|upkeep\n|turn|9\n|\n|t:|1776692271\n|move|p2a: Delphox|Encore|p1a: Clefable\n|move|p1a: Clefable|Encore||[from] ability: Magic Bounce|[still]\n|-fail|p1a: Clefable\n|move|p1a: Clefable|Calm Mind|p1a: Clefable\n|-boost|p1a: Clefable|spa|1\n|-boost|p1a: Clefable|spd|1\n|\n|upkeep\n|turn|10\n|\n|t:|1776692278\n|move|p2a: Delphox|Overheat|p1a: Clefable\n|-damage|p1a: Clefable|64/100\n|-unboost|p2a: Delphox|spa|2\n|move|p1a: Clefable|Calm Mind|p1a: Clefable\n|-boost|p1a: Clefable|spa|1\n|-boost|p1a: Clefable|spd|1\n|\n|upkeep\n|turn|11\n|\n|t:|1776692285\n|switch|p2a: Aegislash|Aegislash, L50, F, shiny|100/100\n|move|p1a: Clefable|Calm Mind|p1a: Clefable\n|-boost|p1a: Clefable|spa|1\n|-boost|p1a: Clefable|spd|0\n|\n|upkeep\n|turn|12\n|\n|t:|1776692296\n|move|p1a: Clefable|Stored Power|p2a: Aegislash\n|-resisted|p2a: Aegislash|1\n|-damage|p2a: Aegislash|0 fnt\n|faint|p2a: Aegislash\n|\n|upkeep\n|\n|t:|1776692298\n|switch|p2a: Delphox|Delphox-Mega, L50, F, shiny|100/100\n|turn|13\n|\n|t:|1776692304\n|move|p2a: Delphox|Overheat|p1a: Clefable\n|-damage|p1a: Clefable|48/100\n|-unboost|p2a: Delphox|spa|2\n|move|p1a: Clefable|Stored Power|p2a: Delphox\n|-resisted|p2a: Delphox|1\n|-damage|p2a: Delphox|0 fnt\n|faint|p2a: Delphox\n|\n|upkeep\n|\n|t:|1776692307\n|switch|p2a: Basculegion|Basculegion, L50, M, shiny|100/100\n|turn|14\n|\n|t:|1776692322\n|move|p2a: Basculegion|Last Respects|p1a: Clefable\n|-damage|p1a: Clefable|31/100\n|move|p1a: Clefable|Stored Power|p2a: Basculegion\n|-damage|p2a: Basculegion|0 fnt\n|faint|p2a: Basculegion\n|\n|win|joguri\n|raw|joguri's rating: 1107 &rarr; <strong>1137</strong><br />(+30 for winning)\n|raw|im_me_re's rating: 1178 &rarr; <strong>1148</strong><br />(-30 for losing)\n|l|\u2606im_me_re\n|player|p2|\n",
  "uploadtime": 1776692329,
  "views": 0,
  "formatid": "gen9championsbssregma",
  "rating": 1137,
  "private": 0,
  "password": null
}