{
  "id": "gen9championsbssregma-2583028832",
  "format": "[Gen 9 Champions] BSS Reg M-A",
  "players": [
    "hoshigumo1101",
    "txqz6p"
  ],
  "log": "|j|\u2606hoshigumo1101\n|j|\u2606txqz6p\n|t:|1776134751\n|gametype|singles\n|player|p1|hoshigumo1101|acetrainerf|1308\n|player|p2|txqz6p|265|1254\n|gen|9\n|tier|[Gen 9 Champions] BSS Reg M-A\n|rated|\n|rule|Species Clause: Limit one of each Pok\u00e9mon\n|rule|Item Clause: Limit 1 of each item\n|clearpoke\n|poke|p1|Aegislash, L50, M|\n|poke|p1|Kingambit, L50, M|\n|poke|p1|Garchomp, L50, M|\n|poke|p1|Volcarona, L50, F|\n|poke|p1|Greninja-*, L50, F|\n|poke|p1|Lucario, L50, F|\n|poke|p2|Greninja-*, L50, F|\n|poke|p2|Basculegion, L50, M|\n|poke|p2|Dragonite, L50, M|\n|poke|p2|Charizard, L50, M|\n|poke|p2|Archaludon, L50, F|\n|poke|p2|Scizor, L50, M|\n|teampreview|3\n|\n|t:|1776134780\n|teamsize|p1|3\n|teamsize|p2|3\n|start\n|switch|p1a: Aegislash|Aegislash, L50, M|100/100\n|switch|p2a: Greninja|Greninja, L50, F|100/100\n|turn|1\n|\n|t:|1776134803\n|move|p2a: Greninja|Taunt|p1a: Aegislash\n|-start|p2a: Greninja|typechange|Dark|[from] ability: Protean\n|-start|p1a: Aegislash|move: Taunt\n|-formechange|p1a: Aegislash|Aegislash-Blade|\n|move|p1a: Aegislash|Close Combat|p2a: Greninja\n|-supereffective|p2a: Greninja|1\n|-enditem|p2a: Greninja|Focus Sash\n|-damage|p2a: Greninja|1/100\n|-unboost|p1a: Aegislash|def|1\n|-unboost|p1a: Aegislash|spd|1\n|\n|upkeep\n|turn|2\n|\n|t:|1776134820\n|switch|p2a: Dragonite|Dragonite, L50, M|100/100\n|move|p1a: Aegislash|Shadow Sneak|p2a: Dragonite\n|-damage|p2a: Dragonite|87/100\n|\n|-heal|p2a: Dragonite|93/100|[from] item: Leftovers\n|upkeep\n|turn|3\n|\n|t:|1776134827\n|move|p2a: Dragonite|Dragon Dance|p2a: Dragonite\n|-boost|p2a: Dragonite|atk|1\n|-boost|p2a: Dragonite|spe|1\n|move|p1a: Aegislash|Poltergeist|p2a: Dragonite\n|-activate|p2a: Dragonite|move: Poltergeist|Leftovers\n|-damage|p2a: Dragonite|20/100\n|\n|-heal|p2a: Dragonite|26/100|[from] item: Leftovers\n|-end|p1a: Aegislash|move: Taunt\n|upkeep\n|turn|4\n|\n|t:|1776134838\n|move|p2a: Dragonite|Earthquake|p1a: Aegislash\n|-supereffective|p1a: Aegislash|1\n|-enditem|p1a: Aegislash|Focus Sash\n|-damage|p1a: Aegislash|1/100\n|move|p1a: Aegislash|Poltergeist|p2a: Dragonite\n|-activate|p2a: Dragonite|move: Poltergeist|Leftovers\n|-damage|p2a: Dragonite|0 fnt\n|faint|p2a: Dragonite\n|\n|upkeep\n|j| p74\n|\n|t:|1776134854\n|switch|p2a: Greninja|Greninja, L50, F|1/100\n|turn|5\n|\n|t:|1776134861\n|move|p1a: Aegislash|Shadow Sneak|p2a: Greninja\n|-resisted|p2a: Greninja|1\n|-damage|p2a: Greninja|0 fnt\n|faint|p2a: Greninja\n|\n|upkeep\n|\n|t:|1776134865\n|switch|p2a: Scizor|Scizor, L50, M|100/100\n|turn|6\n|\n|t:|1776134870\n|move|p2a: Scizor|Bullet Punch|p1a: Aegislash\n|-resisted|p1a: Aegislash|1\n|-damage|p1a: Aegislash|0 fnt\n|faint|p1a: Aegislash\n|\n|upkeep\n|\n|t:|1776134876\n|switch|p1a: Lucario|Lucario, L50, F|100/100\n|turn|7\n|\n|t:|1776134884\n|detailschange|p1a: Lucario|Lucario-Mega, L50, F\n|-mega|p1a: Lucario|Lucario|Lucarionite\n|detailschange|p2a: Scizor|Scizor-Mega, L50, M\n|-mega|p2a: Scizor|Scizor|Scizorite\n|move|p1a: Lucario|Swords Dance|p1a: Lucario\n|-boost|p1a: Lucario|atk|2\n|move|p2a: Scizor|Close Combat|p1a: Lucario\n|-supereffective|p1a: Lucario|1\n|-damage|p1a: Lucario|0 fnt\n|-unboost|p2a: Scizor|def|1\n|-unboost|p2a: Scizor|spd|1\n|faint|p1a: Lucario\n|\n|upkeep\n|\n|t:|1776134888\n|switch|p1a: Garchomp|Garchomp, L50, M|100/100\n|turn|8\n|\n|t:|1776134899\n|move|p1a: Garchomp|Earthquake|p2a: Scizor\n|-damage|p2a: Scizor|39/100\n|move|p2a: Scizor|Knock Off|p1a: Garchomp\n|-damage|p1a: Garchomp|57/100\n|-damage|p2a: Scizor|26/100|[from] ability: Rough Skin|[of] p1a: Garchomp\n|-enditem|p1a: Garchomp|Choice Scarf|[from] move: Knock Off|[of] p2a: Scizor\n|\n|upkeep\n|turn|9\n|\n|t:|1776134907\n|move|p2a: Scizor|Bullet Punch|p1a: Garchomp\n|-damage|p1a: Garchomp|16/100\n|-damage|p2a: Scizor|14/100|[from] ability: Rough Skin|[of] p1a: Garchomp\n|move|p1a: Garchomp|Earthquake|p2a: Scizor\n|-damage|p2a: Scizor|0 fnt\n|faint|p2a: Scizor\n|\n|win|hoshigumo1101\n|raw|hoshigumo1101's rating: 1308 &rarr; <strong>1325</strong><br />(+17 for winning)\n|raw|txqz6p's rating: 1254 &rarr; <strong>1233</strong><br />(-21 for losing)\n|l|\u2606hoshigumo1101\n|player|p1|\n|l|\u2606txqz6p\n|player|p2|\n",
  "uploadtime": 1776135010,
  "views": 4,
  "formatid": "gen9championsbssregma",
  "rating": 1233,
  "private": 0,
  "password": null
}