{
  "id": "gen9championsbssregma-2583108421",
  "format": "[Gen 9 Champions] BSS Reg M-A",
  "players": [
    "mathismathin",
    "cool260"
  ],
  "log": "|j|\u2606mathismathin\n|j|\u2606cool260\n|t:|1776142959\n|gametype|singles\n|player|p1|mathismathin|bugsy-masters|1153\n|player|p2|cool260|red|1142\n|gen|9\n|tier|[Gen 9 Champions] BSS Reg M-A\n|rated|\n|rule|Species Clause: Limit one of each Pok\u00e9mon\n|rule|Item Clause: Limit 1 of each item\n|clearpoke\n|poke|p1|Aegislash, L50, M|\n|poke|p1|Meganium, L50, M|\n|poke|p1|Sneasler, L50, F|\n|poke|p1|Dragapult, L50, M|\n|poke|p1|Lycanroc-Dusk, L50, M|\n|poke|p1|Tyranitar, L50, M|\n|poke|p2|Meowscarada, L50, M|\n|poke|p2|Scizor, L50, M|\n|poke|p2|Excadrill, L50, M|\n|poke|p2|Hydreigon, L50, M|\n|poke|p2|Delphox, L50, F|\n|poke|p2|Sneasler, L50, F|\n|teampreview|3\n|\n|t:|1776143006\n|teamsize|p1|3\n|teamsize|p2|3\n|start\n|switch|p1a: Sneasler|Sneasler, L50, F|100/100\n|switch|p2a: Hydreigon|Hydreigon, L50, M|100/100\n|turn|1\n|\n|t:|1776143055\n|move|p1a: Sneasler|Close Combat|p2a: Hydreigon\n|-supereffective|p2a: Hydreigon|1\n|-damage|p2a: Hydreigon|0 fnt\n|-unboost|p1a: Sneasler|def|1\n|-unboost|p1a: Sneasler|spd|1\n|faint|p2a: Hydreigon\n|\n|upkeep\n|\n|t:|1776143069\n|switch|p2a: Scizor|Scizor, L50, M|100/100\n|turn|2\n|\n|t:|1776143079\n|move|p1a: Sneasler|Close Combat|p2a: Scizor\n|-damage|p2a: Scizor|26/100\n|-unboost|p1a: Sneasler|def|1\n|-unboost|p1a: Sneasler|spd|1\n|move|p2a: Scizor|Swords Dance|p2a: Scizor\n|-boost|p2a: Scizor|atk|2\n|\n|upkeep\n|turn|3\n|\n|t:|1776143086\n|switch|p1a: Aegislash|Aegislash, L50, M|100/100\n|move|p2a: Scizor|Bullet Punch|p1a: Aegislash\n|-resisted|p1a: Aegislash|1\n|-damage|p1a: Aegislash|66/100\n|\n|upkeep\n|turn|4\n|\n|t:|1776143092\n|-formechange|p1a: Aegislash|Aegislash-Blade|\n|move|p1a: Aegislash|Shadow Sneak|p2a: Scizor\n|-damage|p2a: Scizor|0 fnt\n|faint|p2a: Scizor\n|\n|upkeep\n|\n|t:|1776143096\n|switch|p2a: Meowscarada|Meowscarada, L50, M|100/100\n|turn|5\n|\n|t:|1776143099\n|move|p1a: Aegislash|Shadow Sneak|p2a: Meowscarada\n|-resisted|p2a: Meowscarada|1\n|-damage|p2a: Meowscarada|79/100\n|move|p2a: Meowscarada|Knock Off|p1a: Aegislash\n|-start|p2a: Meowscarada|typechange|Dark|[from] ability: Protean\n|-supereffective|p1a: Aegislash|1\n|-damage|p1a: Aegislash|0 fnt\n|-enditem|p1a: Aegislash|Spell Tag|[from] move: Knock Off|[of] p2a: Meowscarada\n|faint|p1a: Aegislash\n|\n|upkeep\n|\n|t:|1776143102\n|switch|p1a: Sneasler|Sneasler, L50, F|100/100\n|turn|6\n|\n|t:|1776143110\n|move|p1a: Sneasler|Close Combat|p2a: Meowscarada\n|-supereffective|p2a: Meowscarada|1\n|-damage|p2a: Meowscarada|0 fnt\n|-unboost|p1a: Sneasler|def|1\n|-unboost|p1a: Sneasler|spd|1\n|faint|p2a: Meowscarada\n|\n|win|mathismathin\n|raw|mathismathin's rating: 1126 &rarr; <strong>1152</strong><br />(+26 for winning)\n|raw|cool260's rating: 1142 &rarr; <strong>1116</strong><br />(-26 for losing)\n|l|\u2606cool260\n|player|p2|\n",
  "uploadtime": 1776143298,
  "views": 2,
  "formatid": "gen9championsbssregma",
  "rating": 1116,
  "private": 0,
  "password": null
}