{
  "id": "gen9championsbssregma-2585293379",
  "format": "[Gen 9 Champions] BSS Reg M-A",
  "players": [
    "S1E1X1Y1",
    "yamatan"
  ],
  "log": "|j|\u2606S1E1X1Y1\n|j|\u2606yamatan\n|t:|1776334682\n|gametype|singles\n|player|p1|S1E1X1Y1|cynthia-gen4|1182\n|player|p2|yamatan|erika|1180\n|gen|9\n|tier|[Gen 9 Champions] BSS Reg M-A\n|rated|\n|rule|Species Clause: Limit one of each Pok\u00e9mon\n|rule|Item Clause: Limit 1 of each item\n|clearpoke\n|poke|p1|Zoroark-Hisui, L50, F|\n|poke|p1|Mimikyu, L50, F|\n|poke|p1|Lucario, L50, M|\n|poke|p1|Beedrill, L50, M|\n|poke|p1|Bastiodon, L50, F|\n|poke|p1|Rotom-Wash, L50|\n|poke|p2|Floette-Eternal, L50, F|\n|poke|p2|Scizor, L50, M|\n|poke|p2|Primarina, L50, F|\n|poke|p2|Hippowdon, L50, M|\n|poke|p2|Ceruledge, L50, M|\n|poke|p2|Umbreon, L50, F|\n|teampreview|3\n|\n|t:|1776334702\n|teamsize|p1|3\n|teamsize|p2|3\n|start\n|switch|p1a: Mimikyu|Mimikyu, L50, F|100/100\n|switch|p2a: Hippowdon|Hippowdon, L50, M, shiny|100/100\n|-weather|Sandstorm|[from] ability: Sand Stream|[of] p2a: Hippowdon\n|turn|1\n|\n|t:|1776334715\n|move|p1a: Mimikyu|Bitter Malice|p2a: Hippowdon\n|-damage|p2a: Hippowdon|70/100\n|-unboost|p2a: Hippowdon|atk|1\n|move|p2a: Hippowdon|Stealth Rock|p1a: Mimikyu\n|-sidestart|p1: S1E1X1Y1|move: Stealth Rock\n|\n|-weather|Sandstorm|[upkeep]\n|-damage|p1a: Mimikyu|94/100|[from] Sandstorm\n|upkeep\n|turn|2\n|\n|t:|1776334727\n|move|p1a: Mimikyu|Hyper Voice|p2a: Hippowdon\n|-damage|p2a: Hippowdon|34/100\n|-enditem|p2a: Hippowdon|Sitrus Berry|[eat]\n|-heal|p2a: Hippowdon|58/100|[from] item: Sitrus Berry\n|move|p2a: Hippowdon|Yawn|p1a: Mimikyu\n|-start|p1a: Mimikyu|move: Yawn|[of] p2a: Hippowdon\n|\n|-weather|Sandstorm|[upkeep]\n|-damage|p1a: Mimikyu|88/100|[from] Sandstorm\n|upkeep\n|turn|3\n|\n|t:|1776334742\n|switch|p1a: Lucario|Lucario, L50, M|100/100\n|-damage|p1a: Lucario|98/100|[from] Stealth Rock\n|move|p2a: Hippowdon|Yawn|p1a: Lucario\n|-start|p1a: Lucario|move: Yawn|[of] p2a: Hippowdon\n|\n|-weather|Sandstorm|[upkeep]\n|upkeep\n|turn|4\n|\n|t:|1776334752\n|detailschange|p1a: Lucario|Lucario-Mega, L50, M\n|-mega|p1a: Lucario|Lucario|Lucarionite\n|move|p1a: Lucario|Close Combat|p2a: Hippowdon\n|-damage|p2a: Hippowdon|0 fnt\n|-unboost|p1a: Lucario|def|1\n|-unboost|p1a: Lucario|spd|1\n|faint|p2a: Hippowdon\n|\n|-weather|Sandstorm|[upkeep]\n|-end|p1a: Lucario|move: Yawn|[silent]\n|-status|p1a: Lucario|slp\n|upkeep\n|\n|t:|1776334760\n|switch|p2a: Ceruledge|Ceruledge, L50, M, shiny|100/100\n|turn|5\n|\n|t:|1776334766\n|cant|p1a: Lucario|slp\n|move|p2a: Ceruledge|Swords Dance|p2a: Ceruledge\n|-boost|p2a: Ceruledge|atk|2\n|\n|-weather|none\n|upkeep\n|turn|6\n|\n|t:|1776334775\n|cant|p1a: Lucario|slp\n|move|p2a: Ceruledge|Bitter Blade|p1a: Lucario\n|-supereffective|p1a: Lucario|1\n|-damage|p1a: Lucario|0 fnt\n|faint|p1a: Lucario\n|\n|upkeep\n|\n|t:|1776334784\n|switch|p1a: Mimikyu|Mimikyu, L50, F|88/100\n|-damage|p1a: Mimikyu|76/100|[from] Stealth Rock\n|turn|7\n|\n|t:|1776334790\n|move|p1a: Mimikyu|Shadow Sneak|p2a: Ceruledge\n|-supereffective|p2a: Ceruledge|1\n|-damage|p2a: Ceruledge|61/100\n|-ability|p2a: Ceruledge|Weak Armor|boost\n|-unboost|p2a: Ceruledge|def|1\n|-boost|p2a: Ceruledge|spe|2\n|move|p2a: Ceruledge|Bitter Blade|p1a: Mimikyu\n|-damage|p1a: Mimikyu|0 fnt\n|-heal|p2a: Ceruledge|94/100|[from] drain|[of] p1a: Mimikyu\n|replace|p1a: Zoroark|Zoroark-Hisui, L50, F\n|-end|p1a: Zoroark|Illusion\n|faint|p1a: Zoroark\n|\n|upkeep\n|\n|t:|1776334802\n|switch|p1a: Mimikyu|Mimikyu, L50, F|100/100\n|-damage|p1a: Mimikyu|88/100|[from] Stealth Rock\n|turn|8\n|\n|t:|1776334816\n|switch|p2a: Umbreon|Umbreon, L50, F, shiny|100/100\n|move|p1a: Mimikyu|Shadow Sneak|p2a: Umbreon\n|-resisted|p2a: Umbreon|1\n|-damage|p2a: Umbreon|93/100\n|\n|-heal|p2a: Umbreon|99/100|[from] item: Leftovers\n|upkeep\n|turn|9\n|\n|t:|1776334827\n|move|p1a: Mimikyu|Play Rough|p2a: Umbreon\n|-supereffective|p2a: Umbreon|1\n|-damage|p2a: Umbreon|39/100\n|move|p2a: Umbreon|Yawn|p1a: Mimikyu\n|-start|p1a: Mimikyu|move: Yawn|[of] p2a: Umbreon\n|\n|-heal|p2a: Umbreon|45/100|[from] item: Leftovers\n|upkeep\n|turn|10\n|\n|t:|1776334837\n|move|p1a: Mimikyu|Play Rough|p2a: Umbreon\n|-supereffective|p2a: Umbreon|1\n|-damage|p2a: Umbreon|0 fnt\n|faint|p2a: Umbreon\n|\n|-end|p1a: Mimikyu|move: Yawn|[silent]\n|-status|p1a: Mimikyu|slp\n|upkeep\n|\n|t:|1776334840\n|switch|p2a: Ceruledge|Ceruledge, L50, M, shiny|94/100\n|turn|11\n|\n|t:|1776334849\n|cant|p1a: Mimikyu|slp\n|move|p2a: Ceruledge|Shadow Claw|p1a: Mimikyu\n|-activate|p1a: Mimikyu|ability: Disguise\n|-damage|p1a: Mimikyu|88/100 slp\n|detailschange|p1a: Mimikyu|Mimikyu-Busted, L50, F\n|-damage|p1a: Mimikyu|76/100 slp|[from] pokemon: Mimikyu-Busted\n|\n|upkeep\n|turn|12\n|\n|t:|1776334858\n|cant|p1a: Mimikyu|slp\n|move|p2a: Ceruledge|Shadow Sneak|p1a: Mimikyu\n|-supereffective|p1a: Mimikyu|1\n|-damage|p1a: Mimikyu|2/100 slp\n|\n|upkeep\n|turn|13\n|\n|t:|1776334863\n|-curestatus|p1a: Mimikyu|slp|[msg]\n|move|p1a: Mimikyu|Shadow Sneak|p2a: Ceruledge\n|-supereffective|p2a: Ceruledge|1\n|-crit|p2a: Ceruledge\n|-damage|p2a: Ceruledge|7/100\n|-ability|p2a: Ceruledge|Weak Armor|boost\n|-unboost|p2a: Ceruledge|def|1\n|-boost|p2a: Ceruledge|spe|2\n|move|p2a: Ceruledge|Shadow Sneak|p1a: Mimikyu\n|-supereffective|p1a: Mimikyu|1\n|-damage|p1a: Mimikyu|0 fnt\n|faint|p1a: Mimikyu\n|\n|win|yamatan\n|raw|S1E1X1Y1's rating: 1182 &rarr; <strong>1157</strong><br />(-25 for losing)\n|raw|yamatan's rating: 1180 &rarr; <strong>1205</strong><br />(+25 for winning)\n",
  "uploadtime": 1776334875,
  "views": 17,
  "formatid": "gen9championsbssregma",
  "rating": 1157,
  "private": 0,
  "password": null
}