{
  "id": "gen9championsbssregma-2584046851",
  "format": "[Gen 9 Champions] BSS Reg M-A",
  "players": [
    "Spicy_Pmang",
    "Koda Palace"
  ],
  "log": "|j|\u2606Spicy_Pmang\n|j|\u2606Koda Palace\n|t:|1776219875\n|gametype|singles\n|player|p1|Spicy_Pmang|pokemaniac|1132\n|player|p2|Koda Palace|pilot|1165\n|gen|9\n|tier|[Gen 9 Champions] BSS Reg M-A\n|rated|\n|rule|Species Clause: Limit one of each Pok\u00e9mon\n|rule|Item Clause: Limit 1 of each item\n|clearpoke\n|poke|p1|Kleavor, L50, M|\n|poke|p1|Azumarill, L50, F|\n|poke|p1|Kingambit, L50, M|\n|poke|p1|Pinsir, L50, M|\n|poke|p1|Whimsicott, L50, M|\n|poke|p1|Goodra-Hisui, L50, F|\n|poke|p2|Scizor, L50, F|\n|poke|p2|Charizard, L50, F|\n|poke|p2|Garchomp, L50, M|\n|poke|p2|Venusaur, L50, F|\n|poke|p2|Dragonite, L50, M|\n|poke|p2|Corviknight, L50, M|\n|teampreview|3\n|\n|t:|1776219905\n|teamsize|p1|3\n|teamsize|p2|3\n|start\n|switch|p1a: Kleavor|Kleavor, L50, M|100/100\n|switch|p2a: Garchomp|Garchomp, L50, M|100/100\n|turn|1\n|inactive|Battle timer is ON: inactive players will automatically lose when time's up. (requested by Koda Palace)\n|\n|t:|1776219913\n|move|p2a: Garchomp|Rock Tomb|p1a: Kleavor\n|-supereffective|p1a: Kleavor|1\n|-damage|p1a: Kleavor|56/100\n|-unboost|p1a: Kleavor|spe|1\n|move|p1a: Kleavor|Rock Tomb|p2a: Garchomp\n|-resisted|p2a: Garchomp|1\n|-damage|p2a: Garchomp|82/100\n|-unboost|p2a: Garchomp|spe|1\n|\n|upkeep\n|turn|2\n|\n|t:|1776219924\n|move|p2a: Garchomp|Rock Tomb|p1a: Kleavor\n|-supereffective|p1a: Kleavor|1\n|-damage|p1a: Kleavor|15/100\n|-unboost|p1a: Kleavor|spe|1\n|move|p1a: Kleavor|Stone Axe|p2a: Garchomp\n|-resisted|p2a: Garchomp|1\n|-damage|p2a: Garchomp|55/100\n|-damage|p1a: Kleavor|2/100|[from] ability: Rough Skin|[of] p2a: Garchomp\n|-sidestart|p2: Koda Palace|move: Stealth Rock\n|\n|upkeep\n|turn|3\n|\n|t:|1776219935\n|move|p1a: Kleavor|Lunge|p2a: Garchomp\n|-damage|p2a: Garchomp|6/100\n|-unboost|p2a: Garchomp|atk|1\n|-damage|p1a: Kleavor|0 fnt|[from] ability: Rough Skin|[of] p2a: Garchomp\n|faint|p1a: Kleavor\n|move|p2a: Garchomp|Dragon Tail|p1: Kleavor|[notarget]\n|-fail|p2a: Garchomp\n|\n|upkeep\n|\n|t:|1776219943\n|switch|p1a: Whimsicott|Whimsicott, L50, M|100/100\n|turn|4\n|\n|t:|1776219950\n|move|p1a: Whimsicott|Encore|p2a: Garchomp\n|-start|p2a: Garchomp|Encore\n|move|p2a: Garchomp|Dragon Tail|p1a: Whimsicott\n|-immune|p1a: Whimsicott\n|\n|upkeep\n|turn|5\n|\n|t:|1776219956\n|move|p1a: Whimsicott|Light Screen|p1a: Whimsicott\n|-sidestart|p1: Spicy_Pmang|move: Light Screen\n|move|p2a: Garchomp|Dragon Tail|p1a: Whimsicott\n|-immune|p1a: Whimsicott\n|\n|upkeep\n|turn|6\n|\n|t:|1776219962\n|move|p1a: Whimsicott|Charm|p2a: Garchomp\n|-unboost|p2a: Garchomp|atk|2\n|move|p2a: Garchomp|Dragon Tail|p1a: Whimsicott\n|-immune|p1a: Whimsicott\n|\n|-end|p2a: Garchomp|Encore\n|upkeep\n|turn|7\n|\n|t:|1776219971\n|move|p1a: Whimsicott|Encore|p2a: Garchomp\n|-start|p2a: Garchomp|Encore\n|move|p2a: Garchomp|Dragon Tail|p1a: Whimsicott\n|-immune|p1a: Whimsicott\n|\n|upkeep\n|turn|8\n|\n|t:|1776219976\n|move|p1a: Whimsicott|Charm|p2a: Garchomp\n|-unboost|p2a: Garchomp|atk|2\n|move|p2a: Garchomp|Dragon Tail|p1a: Whimsicott\n|-immune|p1a: Whimsicott\n|\n|upkeep\n|turn|9\n|\n|t:|1776219983\n|move|p1a: Whimsicott|Charm|p2a: Garchomp\n|-unboost|p2a: Garchomp|atk|1\n|move|p2a: Garchomp|Dragon Tail|p1a: Whimsicott\n|-immune|p1a: Whimsicott\n|\n|-end|p2a: Garchomp|Encore\n|-sideend|p1: Spicy_Pmang|move: Light Screen\n|upkeep\n|turn|10\n|\n|t:|1776219993\n|move|p1a: Whimsicott|Charm|p2a: Garchomp\n|-unboost|p2a: Garchomp|atk|0\n|move|p2a: Garchomp|Stealth Rock|p1a: Whimsicott\n|-sidestart|p1: Spicy_Pmang|move: Stealth Rock\n|\n|upkeep\n|turn|11\n|\n|t:|1776219999\n|move|p1a: Whimsicott|Encore|p2a: Garchomp\n|-start|p2a: Garchomp|Encore\n|move|p2a: Garchomp|Stealth Rock||[still]\n|-fail|p2a: Garchomp\n|\n|upkeep\n|turn|12\n|j| THUNDERBOY4272\n|\n|t:|1776220005\n|switch|p1a: Pinsir|Pinsir, L50, M|100/100\n|-damage|p1a: Pinsir|75/100|[from] Stealth Rock\n|move|p2a: Garchomp|Stealth Rock||[still]\n|-fail|p2a: Garchomp\n|\n|upkeep\n|turn|13\n|\n|t:|1776220012\n|switch|p2a: Corviknight|Corviknight, L50, M|100/100\n|-damage|p2a: Corviknight|88/100|[from] Stealth Rock\n|move|p1a: Pinsir|Swords Dance|p1a: Pinsir\n|-boost|p1a: Pinsir|atk|2\n|\n|-heal|p2a: Corviknight|94/100|[from] item: Leftovers\n|upkeep\n|turn|14\n|\n|t:|1776220025\n|detailschange|p1a: Pinsir|Pinsir-Mega, L50, M\n|-mega|p1a: Pinsir|Pinsir|Pinsirite\n|move|p1a: Pinsir|Swords Dance|p1a: Pinsir\n|-boost|p1a: Pinsir|atk|2\n|move|p2a: Corviknight|Iron Defense|p2a: Corviknight\n|-boost|p2a: Corviknight|def|2\n|\n|-heal|p2a: Corviknight|99/100|[from] item: Leftovers\n|upkeep\n|turn|15\n|\n|t:|1776220034\n|move|p1a: Pinsir|Swords Dance|p1a: Pinsir\n|-boost|p1a: Pinsir|atk|2\n|move|p2a: Corviknight|Iron Defense|p2a: Corviknight\n|-boost|p2a: Corviknight|def|2\n|\n|-heal|p2a: Corviknight|100/100|[from] item: Leftovers\n|upkeep\n|turn|16\n|\n|t:|1776220043\n|move|p1a: Pinsir|Storm Throw|p2a: Corviknight\n|-crit|p2a: Corviknight\n|-damage|p2a: Corviknight|9/100\n|move|p2a: Corviknight|Brave Bird|p1a: Pinsir\n|-supereffective|p1a: Pinsir|1\n|-damage|p1a: Pinsir|0 fnt\n|faint|p1a: Pinsir\n|-damage|p2a: Corviknight|0 fnt|[from] Recoil\n|faint|p2a: Corviknight\n|\n|upkeep\n|-message|Spicy_Pmang forfeited.\n|\n|win|Koda Palace\n|raw|Spicy_Pmang's rating: 1132 &rarr; <strong>1109</strong><br />(-23 for losing)\n|raw|Koda Palace's rating: 1165 &rarr; <strong>1188</strong><br />(+23 for winning)\n|l|\u2606Spicy_Pmang\n|player|p1|\n|c|\u2606Koda Palace|ez\n|l|\u2606Koda Palace\n|player|p2|\n",
  "uploadtime": 1776220095,
  "views": 1,
  "formatid": "gen9championsbssregma",
  "rating": 1109,
  "private": 0,
  "password": null
}