{
  "id": "gen9championsbssregma-2589210035",
  "format": "[Gen 9 Champions] BSS Reg M-A",
  "players": [
    "dokisimp",
    "Flycken"
  ],
  "log": "|j|\u2606dokisimp\n|j|\u2606Flycken\n|t:|1776706740\n|gametype|singles\n|player|p1|dokisimp|265|\n|player|p2|Flycken|n|\n|gen|9\n|tier|[Gen 9 Champions] BSS Reg M-A\n|rule|Species Clause: Limit one of each Pok\u00e9mon\n|rule|Item Clause: Limit 1 of each item\n|clearpoke\n|poke|p1|Delphox, L50, M|\n|poke|p1|Aegislash, L50, F|\n|poke|p1|Dragapult, L50, F|\n|poke|p1|Meowscarada, L50, F|\n|poke|p1|Rotom-Wash, L50|\n|poke|p1|Corviknight, L50, M|\n|poke|p2|Lopunny, L50, M|\n|poke|p2|Dragonite, L50, F|\n|poke|p2|Aegislash, L50, F, shiny|\n|poke|p2|Slowking-Galar, L50, M, shiny|\n|poke|p2|Skeledirge, L50, F, shiny|\n|poke|p2|Meowscarada, L50, M, shiny|\n|teampreview|3\n|\n|t:|1776706768\n|teamsize|p1|3\n|teamsize|p2|3\n|start\n|switch|p1a: Delphox|Delphox, L50, M|100/100\n|switch|p2a: Dragonite|Dragonite, L50, F|100/100\n|turn|1\n|\n|t:|1776706782\n|detailschange|p1a: Delphox|Delphox-Mega, L50, M\n|-mega|p1a: Delphox|Delphox|Delphoxite\n|move|p1a: Delphox|Psyshock|p2a: Dragonite\n|-damage|p2a: Dragonite|77/100\n|move|p2a: Dragonite|Thunder Wave|p1a: Delphox\n|-status|p1a: Delphox|par\n|\n|upkeep\n|turn|2\n|\n|t:|1776706798\n|switch|p1a: Meowscarada|Meowscarada, L50, F|100/100\n|move|p2a: Dragonite|Roost|p2a: Dragonite\n|-heal|p2a: Dragonite|100/100\n|-singleturn|p2a: Dragonite|move: Roost\n|\n|upkeep\n|turn|3\n|\n|t:|1776706807\n|switch|p2a: Skeledirge|Skeledirge, L50, F, shiny|100/100\n|move|p1a: Meowscarada|Triple Axel|p2a: Skeledirge\n|-start|p1a: Meowscarada|typechange|Ice|[from] ability: Protean\n|-resisted|p2a: Skeledirge|1\n|-damage|p2a: Skeledirge|96/100\n|-resisted|p2a: Skeledirge|1\n|-damage|p2a: Skeledirge|87/100\n|-resisted|p2a: Skeledirge|1\n|-damage|p2a: Skeledirge|75/100\n|-hitcount|p2a: Skeledirge|3\n|\n|upkeep\n|turn|4\n|j| meteorplayz_\n|-activate|p2a: Skeledirge|item: Quick Claw\n|\n|t:|1776706823\n|switch|p1a: Delphox|Delphox-Mega, L50, M|100/100 par\n|move|p2a: Skeledirge|Shadow Ball|p1a: Delphox\n|-supereffective|p1a: Delphox|1\n|-damage|p1a: Delphox|15/100 par\n|\n|upkeep\n|turn|5\n|\n|t:|1776706831\n|move|p1a: Delphox|Shadow Ball|p2a: Skeledirge\n|-supereffective|p2a: Skeledirge|1\n|-damage|p2a: Skeledirge|4/100\n|move|p2a: Skeledirge|Shadow Ball|p1a: Delphox\n|-supereffective|p1a: Delphox|1\n|-damage|p1a: Delphox|0 fnt\n|faint|p1a: Delphox\n|\n|upkeep\n|\n|t:|1776706835\n|switch|p1a: Aegislash|Aegislash, L50, F|100/100\n|turn|6\n|-activate|p2a: Skeledirge|item: Quick Claw\n|\n|t:|1776706842\n|-formechange|p1a: Aegislash|Aegislash-Blade|\n|move|p1a: Aegislash|Shadow Sneak|p2a: Skeledirge\n|-supereffective|p2a: Skeledirge|1\n|-damage|p2a: Skeledirge|0 fnt\n|faint|p2a: Skeledirge\n|\n|upkeep\n|\n|t:|1776706853\n|switch|p2a: Dragonite|Dragonite, L50, F|100/100\n|turn|7\n|\n|t:|1776706862\n|move|p2a: Dragonite|Earthquake|p1a: Aegislash\n|-supereffective|p1a: Aegislash|1\n|-damage|p1a: Aegislash|0 fnt\n|faint|p1a: Aegislash\n|\n|upkeep\n|\n|t:|1776706865\n|switch|p1a: Meowscarada|Meowscarada, L50, F|100/100\n|turn|8\n|\n|t:|1776706870\n|switch|p2a: Lopunny|Lopunny, L50, M|100/100\n|move|p1a: Meowscarada|Triple Axel|p2a: Lopunny\n|-start|p1a: Meowscarada|typechange|Ice|[from] ability: Protean\n|-damage|p2a: Lopunny|85/100\n|-damage|p2a: Lopunny|55/100\n|-damage|p2a: Lopunny|12/100\n|-start|p1a: Meowscarada|Attract|[from] ability: Cute Charm|[of] p2a: Lopunny\n|-hitcount|p2a: Lopunny|3\n|\n|upkeep\n|turn|9\n|\n|t:|1776706879\n|detailschange|p2a: Lopunny|Lopunny-Mega, L50, M\n|-mega|p2a: Lopunny|Lopunny|Lopunnite\n|move|p2a: Lopunny|Fake Out|p1a: Meowscarada\n|-damage|p1a: Meowscarada|65/100\n|cant|p1a: Meowscarada|flinch\n|\n|upkeep\n|turn|10\n|\n|t:|1776706883\n|-activate|p1a: Meowscarada|move: Attract|[of] p2a: Lopunny\n|move|p1a: Meowscarada|Triple Axel|p2a: Lopunny\n|-damage|p2a: Lopunny|0 fnt\n|faint|p2a: Lopunny\n|-hitcount|p2: Lopunny|1\n|-end|p1a: Meowscarada|Attract|[silent]\n|\n|upkeep\n|\n|t:|1776706886\n|switch|p2a: Dragonite|Dragonite, L50, F|100/100\n|turn|11\n|\n|t:|1776706893\n|move|p1a: Meowscarada|Triple Axel|p2a: Dragonite\n|-supereffective|p2a: Dragonite|2\n|-damage|p2a: Dragonite|82/100\n|-supereffective|p2a: Dragonite|2\n|-damage|p2a: Dragonite|0 fnt\n|faint|p2a: Dragonite\n|-hitcount|p2: Dragonite|2\n|\n|win|dokisimp\n|c|\u2606dokisimp|gg\n",
  "uploadtime": 1776706893,
  "views": 3,
  "formatid": "gen9championsbssregma",
  "rating": null,
  "private": 0,
  "password": null
}