{
  "id": "gen9championsbssregma-2580409897",
  "format": "[Gen 9 Champions] BSS Reg M-A",
  "players": [
    "SuperTemmie64",
    "test_poke29"
  ],
  "log": "|j|\u2606SuperTemmie64\n|j|\u2606test_poke29\n|t:|1775892220\n|gametype|singles\n|player|p1|SuperTemmie64|miku-psychic|1000\n|player|p2|test_poke29|lucas|1097\n|gen|9\n|tier|[Gen 9 Champions] BSS Reg M-A\n|rated|\n|rule|Species Clause: Limit one of each Pok\u00e9mon\n|rule|Item Clause: Limit 1 of each item\n|clearpoke\n|poke|p1|Lopunny, L50, F|\n|poke|p1|Dragapult, L50, M|\n|poke|p1|Garchomp, L50, F|\n|poke|p1|Skarmory, L50, M|\n|poke|p1|Primarina, L50, M|\n|poke|p1|Sneasler, L50, F|\n|poke|p2|Lopunny, L50, M|\n|poke|p2|Gengar, L50, F|\n|poke|p2|Espathra, L50, M|\n|poke|p2|Mimikyu, L50, M|\n|poke|p2|Dragonite, L50, M|\n|poke|p2|Kingambit, L50, F|\n|teampreview|3\n|inactive|Battle timer is ON: inactive players will automatically lose when time's up. (requested by test_poke29)\n|inactive|SuperTemmie64 has 60 seconds left.\n|inactive|test_poke29 has 60 seconds left.\n|\n|t:|1775892262\n|teamsize|p1|3\n|teamsize|p2|3\n|start\n|switch|p1a: Garchomp|Garchomp, L50, F|100/100\n|switch|p2a: Espathra|Espathra, L50, M|100/100\n|turn|1\n|\n|t:|1775892277\n|move|p1a: Garchomp|Earthquake|p2a: Espathra\n|-damage|p2a: Espathra|48/100\n|move|p2a: Espathra|Lumina Crash|p1a: Garchomp\n|-damage|p1a: Garchomp|69/100\n|-unboost|p1a: Garchomp|spd|2\n|\n|-ability|p2a: Espathra|Speed Boost|boost\n|-boost|p2a: Espathra|spe|1\n|upkeep\n|turn|2\n|\n|t:|1775892285\n|move|p2a: Espathra|Protect|p2a: Espathra\n|-singleturn|p2a: Espathra|Protect\n|move|p1a: Garchomp|Earthquake|p2a: Espathra\n|-activate|p2a: Espathra|move: Protect\n|\n|-ability|p2a: Espathra|Speed Boost|boost\n|-boost|p2a: Espathra|spe|1\n|upkeep\n|turn|3\n|\n|t:|1775892294\n|move|p2a: Espathra|Dazzling Gleam|p1a: Garchomp\n|-supereffective|p1a: Garchomp|1\n|-damage|p1a: Garchomp|0 fnt\n|faint|p1a: Garchomp\n|\n|-ability|p2a: Espathra|Speed Boost|boost\n|-boost|p2a: Espathra|spe|1\n|upkeep\n|\n|t:|1775892301\n|switch|p1a: Dragapult|Dragapult, L50, M|100/100\n|turn|4\n|\n|t:|1775892307\n|move|p2a: Espathra|Dazzling Gleam|p1a: Dragapult\n|-supereffective|p1a: Dragapult|1\n|-damage|p1a: Dragapult|47/100\n|move|p1a: Dragapult|Hex|p2a: Espathra\n|-supereffective|p2a: Espathra|1\n|-damage|p2a: Espathra|0 fnt\n|faint|p2a: Espathra\n|\n|upkeep\n|\n|t:|1775892315\n|switch|p2a: Mimikyu|Mimikyu, L50, M|100/100\n|turn|5\n|\n|t:|1775892328\n|move|p1a: Dragapult|Will-O-Wisp|p2a: Mimikyu\n|-status|p2a: Mimikyu|brn\n|move|p2a: Mimikyu|Swords Dance|p2a: Mimikyu\n|-boost|p2a: Mimikyu|atk|2\n|\n|-damage|p2a: Mimikyu|94/100 brn|[from] brn\n|upkeep\n|turn|6\n|\n|t:|1775892335\n|move|p1a: Dragapult|Hex|p2a: Mimikyu\n|-activate|p2a: Mimikyu|ability: Disguise\n|-damage|p2a: Mimikyu|94/100 brn\n|detailschange|p2a: Mimikyu|Mimikyu-Busted, L50, M\n|-damage|p2a: Mimikyu|82/100 brn|[from] pokemon: Mimikyu-Busted\n|move|p2a: Mimikyu|Swords Dance|p2a: Mimikyu\n|-boost|p2a: Mimikyu|atk|2\n|\n|-damage|p2a: Mimikyu|76/100 brn|[from] brn\n|upkeep\n|turn|7\n|\n|t:|1775892345\n|move|p2a: Mimikyu|Shadow Sneak|p1a: Dragapult\n|-supereffective|p1a: Dragapult|1\n|-damage|p1a: Dragapult|0 fnt\n|faint|p1a: Dragapult\n|\n|-damage|p2a: Mimikyu|70/100 brn|[from] brn\n|upkeep\n|\n|t:|1775892348\n|switch|p1a: ROARING BNNUY|Lopunny, L50, F|100/100\n|turn|8\n|\n|t:|1775892354\n|detailschange|p1a: ROARING BNNUY|Lopunny-Mega, L50, F\n|-mega|p1a: ROARING BNNUY|Lopunny|Lopunnite\n|move|p1a: ROARING BNNUY|Fake Out|p2a: Mimikyu\n|-damage|p2a: Mimikyu|37/100 brn\n|cant|p2a: Mimikyu|flinch\n|\n|-damage|p2a: Mimikyu|31/100 brn|[from] brn\n|upkeep\n|turn|9\n|\n|t:|1775892365\n|move|p1a: ROARING BNNUY|Mach Punch|p2a: Mimikyu\n|-resisted|p2a: Mimikyu|1\n|-damage|p2a: Mimikyu|13/100 brn\n|move|p2a: Mimikyu|Play Rough|p1a: ROARING BNNUY|[miss]\n|-miss|p2a: Mimikyu|p1a: ROARING BNNUY\n|\n|-damage|p2a: Mimikyu|7/100 brn|[from] brn\n|upkeep\n|turn|10\n|\n|t:|1775892372\n|move|p1a: ROARING BNNUY|U-turn|p2a: Mimikyu\n|-resisted|p2a: Mimikyu|2\n|-damage|p2a: Mimikyu|0 fnt\n|faint|p2a: Mimikyu\n|\n|upkeep\n|\n|t:|1775892377\n|switch|p2a: Gengar|Gengar, L50, F|100/100\n|turn|11\n|\n|t:|1775892387\n|detailschange|p2a: Gengar|Gengar-Mega, L50, F\n|-mega|p2a: Gengar|Gengar|Gengarite\n|move|p1a: ROARING BNNUY|High Jump Kick|p2a: Gengar\n|-resisted|p2a: Gengar|1\n|-damage|p2a: Gengar|56/100\n|move|p2a: Gengar|Icy Wind|p1a: ROARING BNNUY\n|-damage|p1a: ROARING BNNUY|73/100\n|-unboost|p1a: ROARING BNNUY|spe|1\n|\n|upkeep\n|turn|12\n|\n|t:|1775892397\n|move|p2a: Gengar|Sludge Wave|p1a: ROARING BNNUY\n|-damage|p1a: ROARING BNNUY|9/100\n|move|p1a: ROARING BNNUY|High Jump Kick|p2a: Gengar\n|-resisted|p2a: Gengar|1\n|-damage|p2a: Gengar|8/100\n|\n|upkeep\n|turn|13\n|\n|t:|1775892403\n|move|p1a: ROARING BNNUY|Mach Punch|p2a: Gengar\n|-resisted|p2a: Gengar|1\n|-crit|p2a: Gengar\n|-damage|p2a: Gengar|0 fnt\n|faint|p2a: Gengar\n|\n|win|SuperTemmie64\n|raw|SuperTemmie64's rating: 1000 &rarr; <strong>1051</strong><br />(+51 for winning)\n|raw|test_poke29's rating: 1097 &rarr; <strong>1066</strong><br />(-31 for losing)\n|c|\u2606SuperTemmie64|ggwp\n",
  "uploadtime": 1775892408,
  "views": 30,
  "formatid": "gen9championsbssregma",
  "rating": 1051,
  "private": 0,
  "password": null
}