{
  "id": "gen9championsbssregma-2584020040",
  "format": "[Gen 9 Champions] BSS Reg M-A",
  "players": [
    "Monica Blanche",
    "Hinya"
  ],
  "log": "|j|\u2606Monica Blanche\n|j|\u2606Hinya\n|t:|1776217392\n|gametype|singles\n|player|p1|Monica Blanche|lady|1194\n|player|p2|Hinya|arezu|1286\n|gen|9\n|tier|[Gen 9 Champions] BSS Reg M-A\n|rated|\n|rule|Species Clause: Limit one of each Pok\u00e9mon\n|rule|Item Clause: Limit 1 of each item\n|clearpoke\n|poke|p1|Skarmory, L50, M|\n|poke|p1|Flareon, L50, F|\n|poke|p1|Mamoswine, L50, M|\n|poke|p1|Heliolisk, L50, F|\n|poke|p1|Palafin, L50, F|\n|poke|p1|Slowking-Galar, L50, F|\n|poke|p2|Kangaskhan, L50, F|\n|poke|p2|Hippowdon, L50, M|\n|poke|p2|Aegislash, L50, M|\n|poke|p2|Basculegion, L50, M|\n|poke|p2|Garchomp, L50, M|\n|poke|p2|Floette-Eternal, L50, F|\n|teampreview|3\n|inactive|Battle timer is ON: inactive players will automatically lose when time's up. (requested by Hinya)\n|j| p74\n|\n|t:|1776217426\n|teamsize|p1|3\n|teamsize|p2|3\n|start\n|switch|p1a: Mamoswine|Mamoswine, L50, M|100/100\n|switch|p2a: \ud55c\uce74\ub9ac\uc544\uc2a4|Garchomp, L50, M|100/100\n|turn|1\n|\n|t:|1776217435\n|move|p2a: \ud55c\uce74\ub9ac\uc544\uc2a4|Stealth Rock|p1a: Mamoswine\n|-sidestart|p1: Monica Blanche|move: Stealth Rock\n|move|p1a: Mamoswine|Icicle Spear|p2a: \ud55c\uce74\ub9ac\uc544\uc2a4\n|-supereffective|p2a: \ud55c\uce74\ub9ac\uc544\uc2a4|2\n|-damage|p2a: \ud55c\uce74\ub9ac\uc544\uc2a4|41/100\n|-supereffective|p2a: \ud55c\uce74\ub9ac\uc544\uc2a4|2\n|-damage|p2a: \ud55c\uce74\ub9ac\uc544\uc2a4|0 fnt\n|faint|p2a: \ud55c\uce74\ub9ac\uc544\uc2a4\n|-hitcount|p2: \ud55c\uce74\ub9ac\uc544\uc2a4|2\n|\n|upkeep\n|\n|t:|1776217437\n|switch|p2a: \ud50c\ub77c\uc5e3\ud14c|Floette-Eternal, L50, F|100/100\n|turn|2\n|\n|t:|1776217442\n|detailschange|p2a: \ud50c\ub77c\uc5e3\ud14c|Floette-Mega, L50, F\n|-mega|p2a: \ud50c\ub77c\uc5e3\ud14c|Floette|Floettite\n|-ability|p2a: \ud50c\ub77c\uc5e3\ud14c|Fairy Aura\n|move|p2a: \ud50c\ub77c\uc5e3\ud14c|Moonblast|p1a: Mamoswine\n|-damage|p1a: Mamoswine|2/100\n|move|p1a: Mamoswine|Heavy Slam|p2a: \ud50c\ub77c\uc5e3\ud14c\n|-supereffective|p2a: \ud50c\ub77c\uc5e3\ud14c|1\n|-damage|p2a: \ud50c\ub77c\uc5e3\ud14c|45/100\n|\n|upkeep\n|turn|3\n|\n|t:|1776217449\n|move|p1a: Mamoswine|Ice Shard|p2a: \ud50c\ub77c\uc5e3\ud14c\n|-damage|p2a: \ud50c\ub77c\uc5e3\ud14c|17/100\n|move|p2a: \ud50c\ub77c\uc5e3\ud14c|Moonblast|p1a: Mamoswine\n|-crit|p1a: Mamoswine\n|-damage|p1a: Mamoswine|0 fnt\n|faint|p1a: Mamoswine\n|\n|upkeep\n|\n|t:|1776217452\n|switch|p1a: Heliolisk|Heliolisk, L50, F|100/100\n|-damage|p1a: Heliolisk|88/100|[from] Stealth Rock\n|turn|4\n|\n|t:|1776217455\n|move|p1a: Heliolisk|Volt Switch|p2a: \ud50c\ub77c\uc5e3\ud14c\n|-damage|p2a: \ud50c\ub77c\uc5e3\ud14c|0 fnt\n|faint|p2a: \ud50c\ub77c\uc5e3\ud14c\n|\n|t:|1776217457\n|switch|p1a: Skarmory|Skarmory, L50, M|100/100|[from] Volt Switch\n|-damage|p1a: Skarmory|88/100|[from] Stealth Rock\n|\n|upkeep\n|\n|t:|1776217459\n|switch|p2a: \ub300\uc4f0\uc5ec\ub108|Basculegion, L50, M|100/100\n|turn|5\n|\n|t:|1776217462\n|move|p2a: \ub300\uc4f0\uc5ec\ub108|Wave Crash|p1a: Skarmory\n|-damage|p1a: Skarmory|30/100\n|-ability|p1a: Skarmory|Weak Armor|boost\n|-unboost|p1a: Skarmory|def|1\n|-boost|p1a: Skarmory|spe|2\n|-damage|p2a: \ub300\uc4f0\uc5ec\ub108|84/100|[from] Recoil\n|move|p1a: Skarmory|Drill Peck|p2a: \ub300\uc4f0\uc5ec\ub108\n|-damage|p2a: \ub300\uc4f0\uc5ec\ub108|48/100\n|\n|upkeep\n|turn|6\n|\n|t:|1776217466\n|move|p1a: Skarmory|Drill Peck|p2a: \ub300\uc4f0\uc5ec\ub108\n|-crit|p2a: \ub300\uc4f0\uc5ec\ub108\n|-damage|p2a: \ub300\uc4f0\uc5ec\ub108|0 fnt\n|faint|p2a: \ub300\uc4f0\uc5ec\ub108\n|\n|win|Monica Blanche\n|raw|Monica Blanche's rating: 1194 &rarr; <strong>1225</strong><br />(+31 for winning)\n|raw|Hinya's rating: 1286 &rarr; <strong>1255</strong><br />(-31 for losing)\n|l|\u2606Hinya\n|player|p2|\n|l|\u2606Monica Blanche\n|player|p1|\n",
  "uploadtime": 1776219739,
  "views": 1,
  "formatid": "gen9championsbssregma",
  "rating": 1225,
  "private": 0,
  "password": null
}