{
  "id": "gen9championsbssregma-2589488394",
  "format": "[Gen 9 Champions] BSS Reg M-A",
  "players": [
    "P43Lev",
    "daeronmadafaka"
  ],
  "log": "|j|\u2606P43Lev\n|j|\u2606daeronmadafaka\n|t:|1776727513\n|gametype|singles\n|player|p1|P43Lev|169|1159\n|player|p2|daeronmadafaka|hugh|1000\n|gen|9\n|tier|[Gen 9 Champions] BSS Reg M-A\n|rated|\n|rule|Species Clause: Limit one of each Pok\u00e9mon\n|rule|Item Clause: Limit 1 of each item\n|clearpoke\n|poke|p1|Glimmora, L50, M, shiny|\n|poke|p1|Dragonite, L50, M, shiny|\n|poke|p1|Mimikyu, L50, M|\n|poke|p1|Hydreigon, L50, M|\n|poke|p1|Meowscarada, L50, M, shiny|\n|poke|p1|Avalugg, L50, F|\n|poke|p2|Gyarados, L50, M|\n|poke|p2|Glimmora, L50, F|\n|poke|p2|Rotom-Mow, L50|\n|poke|p2|Ninetales-Alola, L50, F|\n|poke|p2|Azumarill, L50, M|\n|poke|p2|Mimikyu, L50, M|\n|teampreview|3\n|inactive|Battle timer is ON: inactive players will automatically lose when time's up. (requested by daeronmadafaka)\n|\n|t:|1776727528\n|teamsize|p1|3\n|teamsize|p2|3\n|start\n|switch|p1a: Meowscarada|Meowscarada, L50, M, shiny|100/100\n|switch|p2a: Azumarill|Azumarill, L50, M|100/100\n|turn|1\n|\n|t:|1776727537\n|move|p2a: Azumarill|Protect|p2a: Azumarill\n|-singleturn|p2a: Azumarill|Protect\n|move|p1a: Meowscarada|Flower Trick|p2a: Azumarill\n|-start|p1a: Meowscarada|typechange|Grass|[from] ability: Protean\n|-activate|p2a: Azumarill|move: Protect\n|\n|upkeep\n|turn|2\n|\n|t:|1776727551\n|switch|p2a: Glimmora|Glimmora, L50, F|100/100\n|move|p1a: Meowscarada|Flower Trick|p2a: Glimmora\n|-crit|p2a: Glimmora\n|-damage|p2a: Glimmora|37/100\n|-activate|p2a: Glimmora|ability: Toxic Debris\n|-sidestart|p1: P43Lev|move: Toxic Spikes\n|\n|upkeep\n|turn|3\n|\n|t:|1776727562\n|detailschange|p2a: Glimmora|Glimmora-Mega, L50, F\n|-mega|p2a: Glimmora|Glimmora|Glimmoranite\n|move|p1a: Meowscarada|Knock Off|p2a: Glimmora\n|-damage|p2a: Glimmora|13/100\n|move|p2a: Glimmora|Sludge Wave|p1a: Meowscarada\n|-supereffective|p1a: Meowscarada|1\n|-enditem|p1a: Meowscarada|Focus Sash\n|-damage|p1a: Meowscarada|1/100\n|\n|upkeep\n|turn|4\n|\n|t:|1776727570\n|move|p2a: Glimmora|Spiky Shield|p2a: Glimmora\n|-singleturn|p2a: Glimmora|move: Protect\n|move|p1a: Meowscarada|Flower Trick|p2a: Glimmora\n|-activate|p2a: Glimmora|move: Protect\n|\n|upkeep\n|turn|5\n|\n|t:|1776727587\n|move|p1a: Meowscarada|Flower Trick|p2a: Glimmora\n|-crit|p2a: Glimmora\n|-damage|p2a: Glimmora|0 fnt\n|faint|p2a: Glimmora\n|\n|upkeep\n|\n|t:|1776727593\n|switch|p2a: Mimikyu|Mimikyu, L50, M|100/100\n|turn|6\n|\n|t:|1776727602\n|move|p2a: Mimikyu|Shadow Sneak|p1a: Meowscarada\n|-damage|p1a: Meowscarada|0 fnt\n|faint|p1a: Meowscarada\n|\n|upkeep\n|\n|t:|1776727604\n|switch|p1a: Dragonite|Dragonite, L50, M, shiny|100/100\n|turn|7\n|\n|t:|1776727610\n|detailschange|p1a: Dragonite|Dragonite-Mega, L50, M, shiny\n|-mega|p1a: Dragonite|Dragonite|Dragoninite\n|move|p1a: Dragonite|Ice Beam|p2a: Mimikyu\n|-activate|p2a: Mimikyu|ability: Disguise\n|-damage|p2a: Mimikyu|100/100\n|detailschange|p2a: Mimikyu|Mimikyu-Busted, L50, M\n|-damage|p2a: Mimikyu|88/100|[from] pokemon: Mimikyu-Busted\n|move|p2a: Mimikyu|Play Rough|p1a: Dragonite\n|-supereffective|p1a: Dragonite|1\n|-damage|p1a: Dragonite|59/100\n|\n|upkeep\n|turn|8\n|\n|t:|1776727622\n|switch|p2a: Azumarill|Azumarill, L50, M|100/100\n|move|p1a: Dragonite|Ice Beam|p2a: Azumarill\n|-resisted|p2a: Azumarill|1\n|-damage|p2a: Azumarill|94/100\n|-status|p2a: Azumarill|frz\n|\n|upkeep\n|turn|9\n|\n|t:|1776727628\n|switch|p1a: Glimmora|Glimmora, L50, M, shiny|100/100\n|-sideend|p1: P43Lev|move: Toxic Spikes|[of] p1a: Glimmora\n|cant|p2a: Azumarill|frz\n|\n|upkeep\n|turn|10\n|\n|t:|1776727634\n|move|p1a: Glimmora|Stealth Rock|p2a: Azumarill\n|-sidestart|p2: daeronmadafaka|move: Stealth Rock\n|cant|p2a: Azumarill|frz\n|\n|upkeep\n|turn|11\n|\n|t:|1776727640\n|move|p1a: Glimmora|Sludge Wave|p2a: Azumarill\n|-supereffective|p2a: Azumarill|1\n|-damage|p2a: Azumarill|25/100 frz\n|-curestatus|p2a: Azumarill|frz|[msg]\n|move|p2a: Azumarill|Belly Drum||[still]\n|-fail|p2a: Azumarill\n|\n|upkeep\n|turn|12\n|\n|t:|1776727650\n|move|p1a: Glimmora|Sludge Wave|p2a: Azumarill\n|-supereffective|p2a: Azumarill|1\n|-damage|p2a: Azumarill|0 fnt\n|faint|p2a: Azumarill\n|\n|upkeep\n|-message|daeronmadafaka forfeited.\n|\n|win|P43Lev\n|raw|P43Lev's rating: 1159 &rarr; <strong>1173</strong><br />(+14 for winning)\n|raw|daeronmadafaka's rating: 1000 &rarr; <strong>1000</strong><br />(+0 for losing)\n|l|\u2606daeronmadafaka\n|player|p2|\n",
  "uploadtime": 1776727660,
  "views": 1,
  "formatid": "gen9championsbssregma",
  "rating": 1000,
  "private": 0,
  "password": null
}