{
  "id": "gen9championsbssregma-2589489415",
  "format": "[Gen 9 Champions] BSS Reg M-A",
  "players": [
    "DGENERAT",
    "Mythbinks"
  ],
  "log": "|j|\u2606DGENERAT\n|j|\u2606Mythbinks\n|t:|1776727612\n|gametype|singles\n|player|p1|DGENERAT|guzma|1312\n|player|p2|Mythbinks|102|1223\n|gen|9\n|tier|[Gen 9 Champions] BSS Reg M-A\n|rated|\n|rule|Species Clause: Limit one of each Pok\u00e9mon\n|rule|Item Clause: Limit 1 of each item\n|clearpoke\n|poke|p1|Pelipper, L50, F|\n|poke|p1|Mimikyu, L50, M, shiny|\n|poke|p1|Archaludon, L50, M, shiny|\n|poke|p1|Meganium, L50, F|\n|poke|p1|Garchomp, L50, F|\n|poke|p1|Basculegion, L50, M, shiny|\n|poke|p2|Victreebel, L50, F, shiny|\n|poke|p2|Primarina, L50, F, shiny|\n|poke|p2|Garchomp, L50, M|\n|poke|p2|Aegislash, L50, M|\n|poke|p2|Clefable, L50, F|\n|poke|p2|Glimmora, L50, F|\n|teampreview|3\n|inactive|Battle timer is ON: inactive players will automatically lose when time's up. (requested by Mythbinks)\n|c|\u2606Mythbinks|Why is it bly\n|c|\u2606Mythbinks|blue\n|c|\u2606Mythbinks|never seen the shiny before\n|inactive|Mythbinks has 60 seconds left.\n|\n|t:|1776727654\n|teamsize|p1|3\n|teamsize|p2|3\n|start\n|switch|p1a: Pelipper|Pelipper, L50, F|100/100\n|switch|p2a: Garchomp|Garchomp, L50, M|100/100\n|-weather|RainDance|[from] ability: Drizzle|[of] p1a: Pelipper\n|turn|1\n|\n|t:|1776727660\n|move|p2a: Garchomp|Rock Tomb|p1a: Pelipper\n|-supereffective|p1a: Pelipper|1\n|-damage|p1a: Pelipper|59/100\n|-unboost|p1a: Pelipper|spe|1\n|move|p1a: Pelipper|Ice Beam|p2a: Garchomp\n|-supereffective|p2a: Garchomp|2\n|-damage|p2a: Garchomp|1/100\n|-enditem|p2a: Garchomp|Sitrus Berry|[eat]\n|-heal|p2a: Garchomp|26/100|[from] item: Sitrus Berry\n|\n|-weather|RainDance|[upkeep]\n|upkeep\n|turn|2\n|\n|t:|1776727671\n|switch|p2a: Aegislash|Aegislash, L50, M|100/100\n|move|p1a: Pelipper|Surf|p2a: Aegislash\n|-damage|p2a: Aegislash|45/100\n|\n|-weather|RainDance|[upkeep]\n|upkeep\n|turn|3\n|\n|t:|1776727675\n|-formechange|p2a: Aegislash|Aegislash-Blade|\n|move|p2a: Aegislash|Poltergeist|p1a: Pelipper|[miss]\n|-miss|p2a: Aegislash|p1a: Pelipper\n|move|p1a: Pelipper|Surf|p2a: Aegislash\n|-crit|p2a: Aegislash\n|-damage|p2a: Aegislash|0 fnt\n|faint|p2a: Aegislash\n|\n|-weather|RainDance|[upkeep]\n|upkeep\n|\n|t:|1776727685\n|switch|p2a: Garchomp|Garchomp, L50, M|26/100\n|turn|4\n|\n|t:|1776727688\n|move|p2a: Garchomp|Rock Tomb|p1a: Pelipper\n|-supereffective|p1a: Pelipper|1\n|-damage|p1a: Pelipper|18/100\n|-unboost|p1a: Pelipper|spe|1\n|-enditem|p1a: Pelipper|Sitrus Berry|[eat]\n|-heal|p1a: Pelipper|42/100|[from] item: Sitrus Berry\n|move|p1a: Pelipper|Surf|p2a: Garchomp\n|-damage|p2a: Garchomp|0 fnt\n|faint|p2a: Garchomp\n|\n|-weather|RainDance|[upkeep]\n|upkeep\n|\n|t:|1776727690\n|switch|p2a: Victreebel|Victreebel, L50, F, shiny|100/100\n|turn|5\n|\n|t:|1776727693\n|detailschange|p2a: Victreebel|Victreebel-Mega, L50, F, shiny\n|-mega|p2a: Victreebel|Victreebel|Victreebelite\n|move|p2a: Victreebel|Power Whip|p1a: Pelipper\n|-damage|p1a: Pelipper|0 fnt\n|faint|p1a: Pelipper\n|\n|-weather|none\n|upkeep\n|\n|t:|1776727701\n|switch|p1a: Archaludon|Archaludon, L50, M, shiny|100/100\n|turn|6\n|\n|t:|1776727704\n|move|p1a: Archaludon|Steel Beam|p2a: Victreebel\n|-damage|p2a: Victreebel|31/100\n|-damage|p1a: Archaludon|50/100|[from] steelbeam\n|move|p2a: Victreebel|Swords Dance|p2a: Victreebel\n|-boost|p2a: Victreebel|atk|2\n|\n|upkeep\n|turn|7\n|\n|t:|1776727709\n|move|p1a: Archaludon|Steel Beam|p2a: Victreebel\n|-damage|p2a: Victreebel|0 fnt\n|-damage|p1a: Archaludon|16/100|[from] ability: Innards Out|[of] p2a: Victreebel\n|-damage|p1a: Archaludon|0 fnt|[from] steelbeam\n|faint|p1a: Archaludon\n|faint|p2a: Victreebel\n|\n|win|DGENERAT\n|raw|DGENERAT's rating: 1312 &rarr; <strong>1327</strong><br />(+15 for winning)\n|raw|Mythbinks's rating: 1223 &rarr; <strong>1204</strong><br />(-19 for losing)\n|l|\u2606Mythbinks\n|player|p2|\n",
  "uploadtime": 1776727796,
  "views": 8,
  "formatid": "gen9championsbssregma",
  "rating": 1204,
  "private": 0,
  "password": null
}