{
  "id": "gen9championsbssregma-2587111658",
  "format": "[Gen 9 Champions] BSS Reg M-A",
  "players": [
    "caffeinit",
    "isaacmora22"
  ],
  "log": "|j|\u2606caffeinit\n|j|\u2606isaacmora22\n|t:|1776495017\n|gametype|singles\n|player|p1|caffeinit|dawn|1058\n|player|p2|isaacmora22|hilbert|1090\n|gen|9\n|tier|[Gen 9 Champions] BSS Reg M-A\n|rated|\n|rule|Species Clause: Limit one of each Pok\u00e9mon\n|rule|Item Clause: Limit 1 of each item\n|clearpoke\n|poke|p1|Garchomp, L50, F|\n|poke|p1|Aegislash, L50, M|\n|poke|p1|Glimmora, L50, M|\n|poke|p1|Delphox, L50, M|\n|poke|p1|Lopunny, L50, M|\n|poke|p1|Primarina, L50, F|\n|poke|p2|Flareon, L50, M|\n|poke|p2|Dragonite, L50, M|\n|poke|p2|Luxray, L50, M|\n|poke|p2|Clawitzer, L50, M|\n|poke|p2|Sableye, L50, M|\n|poke|p2|Archaludon, L50, F|\n|teampreview|3\n|inactive|Battle timer is ON: inactive players will automatically lose when time's up. (requested by caffeinit)\n|inactive|caffeinit has 60 seconds left.\n|\n|t:|1776495049\n|teamsize|p1|3\n|teamsize|p2|3\n|start\n|switch|p1a: Glimmora|Glimmora, L50, M|100/100\n|switch|p2a: Erwin|Clawitzer, L50, M|100/100\n|turn|1\n|\n|t:|1776495057\n|move|p1a: Glimmora|Stealth Rock|p2a: Erwin\n|-sidestart|p2: isaacmora22|move: Stealth Rock\n|move|p2a: Erwin|Water Pulse|p1a: Glimmora\n|-supereffective|p1a: Glimmora|1\n|-damage|p1a: Glimmora|7/100\n|-start|p1a: Glimmora|confusion\n|\n|upkeep\n|turn|2\n|\n|t:|1776495066\n|move|p2a: Erwin|Aqua Jet|p1a: Glimmora\n|-supereffective|p1a: Glimmora|1\n|-damage|p1a: Glimmora|0 fnt\n|-activate|p1a: Glimmora|ability: Toxic Debris\n|-sidestart|p2: isaacmora22|move: Toxic Spikes\n|faint|p1a: Glimmora\n|\n|upkeep\n|\n|t:|1776495070\n|switch|p1a: Aegislash|Aegislash, L50, M|100/100\n|turn|3\n|\n|t:|1776495078\n|-formechange|p1a: Aegislash|Aegislash-Blade|\n|move|p1a: Aegislash|Poltergeist|p2a: Erwin\n|-activate|p2a: Erwin|move: Poltergeist|Scope Lens\n|-crit|p2a: Erwin\n|-damage|p2a: Erwin|11/100\n|move|p2a: Erwin|Dark Pulse|p1a: Aegislash\n|-supereffective|p1a: Aegislash|1\n|-damage|p1a: Aegislash|0 fnt\n|faint|p1a: Aegislash\n|\n|upkeep\n|\n|t:|1776495086\n|switch|p1a: Delphox|Delphox, L50, M|100/100\n|turn|4\n|\n|t:|1776495095\n|detailschange|p1a: Delphox|Delphox-Mega, L50, M\n|-mega|p1a: Delphox|Delphox|Delphoxite\n|move|p2a: Erwin|Aqua Jet|p1a: Delphox\n|-supereffective|p1a: Delphox|1\n|-damage|p1a: Delphox|64/100\n|move|p1a: Delphox|Flamethrower|p2a: Erwin\n|-resisted|p2a: Erwin|1\n|-damage|p2a: Erwin|0 fnt\n|faint|p2a: Erwin\n|\n|upkeep\n|\n|t:|1776495105\n|switch|p2a: Jester|Sableye, L50, M|100/100\n|-damage|p2a: Jester|88/100|[from] Stealth Rock\n|-status|p2a: Jester|psn\n|turn|5\n|\n|t:|1776495113\n|move|p1a: Delphox|Flamethrower|p2a: Jester\n|-damage|p2a: Jester|19/100 psn\n|move|p2a: Jester|Shadow Claw|p1a: Delphox\n|-supereffective|p1a: Delphox|1\n|-damage|p1a: Delphox|0 fnt\n|faint|p1a: Delphox\n|\n|win|isaacmora22\n|raw|caffeinit's rating: 1058 &rarr; <strong>1041</strong><br />(-17 for losing)\n|raw|isaacmora22's rating: 1090 &rarr; <strong>1114</strong><br />(+24 for winning)\n|l|\u2606caffeinit\n|player|p1|\n",
  "uploadtime": 1776495126,
  "views": 3,
  "formatid": "gen9championsbssregma",
  "rating": 1041,
  "private": 0,
  "password": null
}