{
  "id": "gen9championsbssregma-2581343704",
  "format": "[Gen 9 Champions] BSS Reg M-A",
  "players": [
    "724d\u5b59\u67ad\u5ddd",
    "pacmaster000"
  ],
  "log": "|j|\u2606724d\u5b59\u67ad\u5ddd\n|j|\u2606pacmaster000\n|t:|1775989387\n|gametype|singles\n|player|p1|724d\u5b59\u67ad\u5ddd|hilda|1076\n|player|p2|pacmaster000|scientist-gen4dp|1055\n|gen|9\n|tier|[Gen 9 Champions] BSS Reg M-A\n|rated|\n|rule|Species Clause: Limit one of each Pok\u00e9mon\n|rule|Item Clause: Limit 1 of each item\n|clearpoke\n|poke|p1|Decidueye, L50, F|\n|poke|p1|Glimmora, L50, F|\n|poke|p1|Charizard, L50, F|\n|poke|p1|Rotom-Wash, L50|\n|poke|p1|Ditto, L50|\n|poke|p1|Clefable, L50, F|\n|poke|p2|Sinistcha, L50|\n|poke|p2|Froslass, L50, F|\n|poke|p2|Rotom-Wash, L50|\n|poke|p2|Garchomp, L50, M|\n|poke|p2|Kingambit, L50, M|\n|poke|p2|Mimikyu, L50, F|\n|teampreview|3\n|\n|t:|1775989438\n|teamsize|p1|3\n|teamsize|p2|3\n|start\n|switch|p1a: Decidueye|Decidueye, L50, F|100/100\n|switch|p2a: Rotom|Rotom-Wash, L50|100/100\n|turn|1\n|\n|t:|1775989447\n|move|p1a: Decidueye|Leaf Blade|p2a: Rotom\n|-supereffective|p2a: Rotom|1\n|-damage|p2a: Rotom|34/100\n|move|p2a: Rotom|Will-O-Wisp|p1a: Decidueye\n|-status|p1a: Decidueye|brn\n|\n|-heal|p2a: Rotom|40/100|[from] item: Leftovers\n|-damage|p1a: Decidueye|95/100 brn|[from] brn\n|upkeep\n|turn|2\n|\n|t:|1775989453\n|move|p2a: Rotom|Protect|p2a: Rotom\n|-singleturn|p2a: Rotom|Protect\n|move|p1a: Decidueye|Leaf Blade|p2a: Rotom\n|-activate|p2a: Rotom|move: Protect\n|\n|-heal|p2a: Rotom|46/100|[from] item: Leftovers\n|-damage|p1a: Decidueye|89/100 brn|[from] brn\n|upkeep\n|turn|3\n|\n|t:|1775989466\n|switch|p2a: Sinistcha|Sinistcha, L50|100/100\n|move|p1a: Decidueye|Leaf Blade|p2a: Sinistcha\n|-resisted|p2a: Sinistcha|1\n|-damage|p2a: Sinistcha|93/100\n|\n|-damage|p1a: Decidueye|83/100 brn|[from] brn\n|upkeep\n|turn|4\n|\n|t:|1775989473\n|switch|p1a: Charizard|Charizard, L50, F|100/100\n|move|p2a: Sinistcha|Calm Mind|p2a: Sinistcha\n|-boost|p2a: Sinistcha|spa|1\n|-boost|p2a: Sinistcha|spd|1\n|\n|upkeep\n|turn|5\n|\n|t:|1775989485\n|switch|p2a: Rotom|Rotom-Wash, L50|46/100\n|detailschange|p1a: Charizard|Charizard-Mega-Y, L50, F\n|-mega|p1a: Charizard|Charizard|Charizardite Y\n|-weather|SunnyDay|[from] ability: Drought|[of] p1a: Charizard\n|move|p1a: Charizard|Scorching Sands|p2a: Rotom\n|-immune|p2a: Rotom|[from] ability: Levitate\n|\n|-weather|SunnyDay|[upkeep]\n|-heal|p2a: Rotom|51/100|[from] item: Leftovers\n|upkeep\n|turn|6\n|\n|t:|1775989496\n|move|p1a: Charizard|Air Slash|p2a: Rotom\n|-resisted|p2a: Rotom|1\n|-damage|p2a: Rotom|29/100\n|move|p2a: Rotom|Volt Switch|p1a: Charizard\n|-supereffective|p1a: Charizard|1\n|-damage|p1a: Charizard|48/100\n|\n|t:|1775989500\n|switch|p2a: Garchomp|Garchomp, L50, M|100/100|[from] Volt Switch\n|\n|-weather|SunnyDay|[upkeep]\n|upkeep\n|turn|7\n|\n|t:|1775989507\n|switch|p1a: Rotom|Rotom-Wash, L50|100/100\n|move|p2a: Garchomp|Outrage|p1a: Rotom\n|-damage|p1a: Rotom|5/100\n|\n|-weather|SunnyDay|[upkeep]\n|upkeep\n|turn|8\n|\n|t:|1775989518\n|move|p2a: Garchomp|Outrage|p1a: Rotom|[from] lockedmove\n|-damage|p1a: Rotom|0 fnt\n|faint|p1a: Rotom\n|-start|p2a: Garchomp|confusion|[fatigue]\n|\n|-weather|SunnyDay|[upkeep]\n|upkeep\n|\n|t:|1775989521\n|switch|p1a: Decidueye|Decidueye, L50, F|83/100 brn\n|turn|9\n|\n|t:|1775989528\n|switch|p2a: Sinistcha|Sinistcha, L50|93/100\n|move|p1a: Decidueye|Leaf Blade|p2a: Sinistcha\n|-resisted|p2a: Sinistcha|1\n|-damage|p2a: Sinistcha|86/100\n|\n|-weather|none\n|-damage|p1a: Decidueye|77/100 brn|[from] brn\n|upkeep\n|turn|10\n|\n|t:|1775989532\n|switch|p1a: Charizard|Charizard-Mega-Y, L50, F|48/100\n|-weather|SunnyDay|[from] ability: Drought|[of] p1a: Charizard\n|move|p2a: Sinistcha|Shadow Ball|p1a: Charizard\n|-damage|p1a: Charizard|12/100\n|\n|-weather|SunnyDay|[upkeep]\n|upkeep\n|turn|11\n|\n|t:|1775989536\n|move|p1a: Charizard|Roost|p1a: Charizard\n|-heal|p1a: Charizard|63/100\n|-singleturn|p1a: Charizard|move: Roost\n|move|p2a: Sinistcha|Shadow Ball|p1a: Charizard\n|-damage|p1a: Charizard|31/100\n|\n|-weather|SunnyDay|[upkeep]\n|upkeep\n|turn|12\n|\n|t:|1775989542\n|move|p1a: Charizard|Roost|p1a: Charizard\n|-heal|p1a: Charizard|82/100\n|-singleturn|p1a: Charizard|move: Roost\n|move|p2a: Sinistcha|Shadow Ball|p1a: Charizard\n|-damage|p1a: Charizard|46/100\n|\n|-weather|SunnyDay|[upkeep]\n|upkeep\n|turn|13\n|\n|t:|1775989551\n|move|p1a: Charizard|Weather Ball|p2a: Sinistcha\n|-supereffective|p2a: Sinistcha|1\n|-damage|p2a: Sinistcha|0 fnt\n|faint|p2a: Sinistcha\n|\n|-weather|SunnyDay|[upkeep]\n|upkeep\n|\n|t:|1775989554\n|switch|p2a: Garchomp|Garchomp, L50, M|100/100\n|turn|14\n|\n|t:|1775989572\n|move|p2a: Garchomp|Outrage|p1a: Charizard\n|-damage|p1a: Charizard|0 fnt\n|faint|p1a: Charizard\n|\n|-weather|none\n|upkeep\n|\n|t:|1775989575\n|switch|p1a: Decidueye|Decidueye, L50, F|77/100 brn\n|turn|15\n|\n|t:|1775989578\n|move|p2a: Garchomp|Outrage|p1a: Decidueye|[from] lockedmove\n|-damage|p1a: Decidueye|0 fnt\n|faint|p1a: Decidueye\n|-start|p2a: Garchomp|confusion|[fatigue]\n|\n|win|pacmaster000\n|raw|724d\u5b59\u67ad\u5ddd's rating: 1076 &rarr; <strong>1053</strong><br />(-23 for losing)\n|raw|pacmaster000's rating: 1055 &rarr; <strong>1089</strong><br />(+34 for winning)\n",
  "uploadtime": 1775989580,
  "views": 12,
  "formatid": "gen9championsbssregma",
  "rating": 1053,
  "private": 0,
  "password": null
}