{
  "id": "gen9championsbssregma-2588016379",
  "format": "[Gen 9 Champions] BSS Reg M-A",
  "players": [
    "BJZJS",
    "388737dgtgt"
  ],
  "log": "|j|\u2606BJZJS\n|j|\u2606388737dgtgt\n|t:|1776593359\n|gametype|singles\n|player|p1|BJZJS|266|1370\n|player|p2|388737dgtgt|101|1303\n|gen|9\n|tier|[Gen 9 Champions] BSS Reg M-A\n|rated|\n|rule|Species Clause: Limit one of each Pok\u00e9mon\n|rule|Item Clause: Limit 1 of each item\n|clearpoke\n|poke|p1|Zoroark-Hisui, L50, M|\n|poke|p1|Scizor, L50, F|\n|poke|p1|Primarina, L50, F|\n|poke|p1|Dragonite, L50, F|\n|poke|p1|Hippowdon, L50, F|\n|poke|p1|Rotom-Wash, L50|\n|poke|p2|Kleavor, L50, F|\n|poke|p2|Rotom-Wash, L50|\n|poke|p2|Ariados, L50, M|\n|poke|p2|Heracross, L50, M|\n|poke|p2|Abomasnow, L50, M|\n|poke|p2|Kangaskhan, L50, F|\n|teampreview|3\n|inactive|Battle timer is ON: inactive players will automatically lose when time's up. (requested by 388737dgtgt)\n|inactive|BJZJS has 60 seconds left.\n|\n|t:|1776593403\n|teamsize|p1|3\n|teamsize|p2|3\n|start\n|switch|p1a: Primarina|Primarina, L50, F|100/100\n|switch|p2a: Kleavor|Kleavor, L50, F|100/100\n|turn|1\n|\n|t:|1776593411\n|move|p2a: Kleavor|Stone Axe|p1a: Primarina\n|-damage|p1a: Primarina|39/100\n|-sidestart|p1: BJZJS|move: Stealth Rock\n|move|p1a: Primarina|Sparkling Aria|p2a: Kleavor\n|-supereffective|p2a: Kleavor|1\n|-damage|p2a: Kleavor|0 fnt\n|faint|p2a: Kleavor\n|\n|upkeep\n|\n|t:|1776593417\n|switch|p2a: Rotom|Rotom-Wash, L50|100/100\n|turn|2\n|\n|t:|1776593423\n|move|p2a: Rotom|Volt Switch|p1a: Primarina\n|-supereffective|p1a: Primarina|1\n|-damage|p1a: Primarina|3/100\n|\n|t:|1776593429\n|switch|p2a: Kangaskhan|Kangaskhan, L50, F|100/100|[from] Volt Switch\n|move|p1a: Primarina|Moonblast|p2a: Kangaskhan\n|-damage|p2a: Kangaskhan|52/100\n|\n|upkeep\n|turn|3\n|\n|t:|1776593436\n|detailschange|p2a: Kangaskhan|Kangaskhan-Mega, L50, F\n|-mega|p2a: Kangaskhan|Kangaskhan|Kangaskhanite\n|move|p2a: Kangaskhan|Earthquake|p1a: Primarina\n|-damage|p1a: Primarina|0 fnt\n|faint|p1a: Primarina\n|-hitcount|p1: Primarina|1\n|\n|upkeep\n|\n|t:|1776593445\n|switch|p1a: Scizor|Scizor, L50, F|100/100\n|-damage|p1a: Scizor|88/100|[from] Stealth Rock\n|turn|4\n|\n|t:|1776593449\n|switch|p2a: Rotom|Rotom-Wash, L50|100/100\n|move|p1a: Scizor|Close Combat|p2a: Rotom\n|-damage|p2a: Rotom|65/100\n|-unboost|p1a: Scizor|def|1\n|-unboost|p1a: Scizor|spd|1\n|\n|upkeep\n|turn|5\n|\n|t:|1776593457\n|switch|p1a: Dragonite|Dragonite, L50, F|100/100\n|-damage|p1a: Dragonite|76/100|[from] Stealth Rock\n|move|p2a: Rotom|Hydro Pump|p1a: Dragonite\n|-resisted|p1a: Dragonite|1\n|-damage|p1a: Dragonite|58/100\n|\n|upkeep\n|turn|6\n|j| p74\n|\n|t:|1776593473\n|move|p2a: Rotom|Will-O-Wisp|p1a: Dragonite\n|-status|p1a: Dragonite|brn\n|move|p1a: Dragonite|Roost|p1a: Dragonite\n|-heal|p1a: Dragonite|100/100 brn\n|-singleturn|p1a: Dragonite|move: Roost\n|\n|-damage|p1a: Dragonite|94/100 brn|[from] brn\n|upkeep\n|turn|7\n|\n|t:|1776593486\n|detailschange|p1a: Dragonite|Dragonite-Mega, L50, F\n|-mega|p1a: Dragonite|Dragonite|Dragoninite\n|move|p1a: Dragonite|Dragon Pulse|p2a: Rotom\n|-damage|p2a: Rotom|7/100\n|-enditem|p2a: Rotom|Sitrus Berry|[eat]\n|-heal|p2a: Rotom|32/100|[from] item: Sitrus Berry\n|move|p2a: Rotom|Pain Split|p1a: Dragonite\n|-sethp|p1a: Dragonite|60/100 brn|[from] move: Pain Split|[silent]\n|-sethp|p2a: Rotom|75/100|[from] move: Pain Split\n|\n|-damage|p1a: Dragonite|54/100 brn|[from] brn\n|upkeep\n|turn|8\n|\n|t:|1776593495\n|move|p1a: Dragonite|Dragon Pulse|p2a: Rotom\n|-damage|p2a: Rotom|23/100\n|move|p2a: Rotom|Volt Switch|p1a: Dragonite\n|-damage|p1a: Dragonite|33/100 brn\n|\n|t:|1776593498\n|switch|p2a: Kangaskhan|Kangaskhan-Mega, L50, F|52/100|[from] Volt Switch\n|\n|-damage|p1a: Dragonite|27/100 brn|[from] brn\n|upkeep\n|turn|9\n|\n|t:|1776593501\n|move|p1a: Dragonite|Roost|p1a: Dragonite\n|-heal|p1a: Dragonite|78/100 brn\n|-singleturn|p1a: Dragonite|move: Roost\n|move|p2a: Kangaskhan|Rock Slide|p1a: Dragonite\n|-damage|p1a: Dragonite|57/100 brn\n|-damage|p1a: Dragonite|52/100 brn\n|-hitcount|p1a: Dragonite|2\n|\n|-damage|p1a: Dragonite|46/100 brn|[from] brn\n|upkeep\n|turn|10\n|\n|t:|1776593510\n|move|p1a: Dragonite|Dragon Pulse|p2a: Kangaskhan\n|-damage|p2a: Kangaskhan|14/100\n|move|p2a: Kangaskhan|Earthquake|p1a: Dragonite\n|-immune|p1a: Dragonite\n|\n|-damage|p1a: Dragonite|40/100 brn|[from] brn\n|upkeep\n|turn|11\n|\n|t:|1776593517\n|move|p2a: Kangaskhan|Sucker Punch|p1a: Dragonite\n|-damage|p1a: Dragonite|21/100 brn\n|-damage|p1a: Dragonite|16/100 brn\n|-hitcount|p1a: Dragonite|2\n|move|p1a: Dragonite|Dragon Pulse|p2a: Kangaskhan\n|-damage|p2a: Kangaskhan|0 fnt\n|faint|p2a: Kangaskhan\n|\n|-damage|p1a: Dragonite|10/100 brn|[from] brn\n|upkeep\n|\n|t:|1776593521\n|switch|p2a: Rotom|Rotom-Wash, L50|23/100\n|turn|12\n|\n|t:|1776593524\n|move|p1a: Dragonite|Dragon Pulse|p2a: Rotom\n|-damage|p2a: Rotom|0 fnt\n|faint|p2a: Rotom\n|\n|win|BJZJS\n|raw|BJZJS's rating: 1370 &rarr; <strong>1386</strong><br />(+16 for winning)\n|raw|388737dgtgt's rating: 1303 &rarr; <strong>1287</strong><br />(-16 for losing)\n|l|\u2606388737dgtgt\n|player|p2|\n|l|\u2606BJZJS\n|player|p1|\n",
  "uploadtime": 1776593538,
  "views": 3,
  "formatid": "gen9championsbssregma",
  "rating": 1287,
  "private": 0,
  "password": null
}