{
  "id": "gen9championsbssregma-2586929656",
  "format": "[Gen 9 Champions] BSS Reg M-A",
  "players": [
    "LOL.XD.9",
    "S1E1X1Y1"
  ],
  "log": "|j|\u2606LOL.XD.9\n|j|\u2606S1E1X1Y1\n|t:|1776472812\n|gametype|singles\n|player|p1|LOL.XD.9|red|1136\n|player|p2|S1E1X1Y1|cynthia-gen4|1230\n|gen|9\n|tier|[Gen 9 Champions] BSS Reg M-A\n|rated|\n|rule|Species Clause: Limit one of each Pok\u00e9mon\n|rule|Item Clause: Limit 1 of each item\n|clearpoke\n|poke|p1|Corviknight, L50, M|\n|poke|p1|Feraligatr, L50, M|\n|poke|p1|Hawlucha, L50, F|\n|poke|p1|Sylveon, L50, F|\n|poke|p1|Greninja-*, L50, M|\n|poke|p1|Charizard, L50, M|\n|poke|p2|Zoroark-Hisui, L50, F|\n|poke|p2|Mimikyu, L50, M|\n|poke|p2|Lucario, L50, M|\n|poke|p2|Beedrill, L50, F|\n|poke|p2|Bastiodon, L50, M|\n|poke|p2|Rotom-Wash, L50|\n|teampreview|3\n|\n|t:|1776472829\n|teamsize|p1|3\n|teamsize|p2|3\n|start\n|switch|p1a: Sylveon|Sylveon, L50, F|100/100\n|switch|p2a: Mimikyu|Mimikyu, L50, M|100/100\n|turn|1\n|\n|t:|1776472839\n|move|p2a: Mimikyu|Hyper Voice|p1a: Sylveon\n|-damage|p1a: Sylveon|65/100\n|move|p1a: Sylveon|Hyper Voice|p2a: Mimikyu\n|-enditem|p2a: Mimikyu|Focus Sash\n|-damage|p2a: Mimikyu|1/100\n|replace|p2a: Zoroark|Zoroark-Hisui, L50, F\n|-end|p2a: Zoroark|Illusion\n|\n|upkeep\n|turn|2\n|\n|t:|1776472848\n|switch|p1a: Corviknight|Corviknight, L50, M|100/100\n|move|p2a: Zoroark|Hyper Voice|p1a: Corviknight\n|-resisted|p1a: Corviknight|1\n|-damage|p1a: Corviknight|78/100\n|\n|-heal|p1a: Corviknight|84/100|[from] item: Leftovers\n|upkeep\n|turn|3\n|\n|t:|1776472856\n|move|p2a: Zoroark|Bitter Malice|p1a: Corviknight\n|-damage|p1a: Corviknight|45/100\n|-ability|p1a: Corviknight|Mirror Armor\n|-unboost|p2a: Zoroark|atk|1\n|move|p1a: Corviknight|Drill Peck|p2a: Zoroark\n|-damage|p2a: Zoroark|0 fnt\n|faint|p2a: Zoroark\n|\n|-heal|p1a: Corviknight|51/100|[from] item: Leftovers\n|upkeep\n|\n|t:|1776472864\n|switch|p2a: Mimikyu|Mimikyu, L50, M|100/100\n|turn|4\n|\n|t:|1776472870\n|move|p2a: Mimikyu|Swords Dance|p2a: Mimikyu\n|-boost|p2a: Mimikyu|atk|2\n|move|p1a: Corviknight|Iron Head|p2a: Mimikyu\n|-activate|p2a: Mimikyu|ability: Disguise\n|-damage|p2a: Mimikyu|100/100\n|detailschange|p2a: Mimikyu|Mimikyu-Busted, L50, M\n|-damage|p2a: Mimikyu|88/100|[from] pokemon: Mimikyu-Busted\n|\n|-heal|p1a: Corviknight|57/100|[from] item: Leftovers\n|upkeep\n|turn|5\n|\n|t:|1776472881\n|move|p2a: Mimikyu|Shadow Claw|p1a: Corviknight\n|-damage|p1a: Corviknight|0 fnt\n|faint|p1a: Corviknight\n|\n|upkeep\n|\n|t:|1776472886\n|switch|p1a: Sylveon|Sylveon, L50, F|65/100\n|turn|6\n|\n|t:|1776472893\n|move|p2a: Mimikyu|Play Rough|p1a: Sylveon\n|-damage|p1a: Sylveon|0 fnt\n|faint|p1a: Sylveon\n|\n|upkeep\n|\n|t:|1776472897\n|switch|p1a: Hawlucha|Hawlucha, L50, F|100/100\n|turn|7\n|\n|t:|1776472904\n|detailschange|p1a: Hawlucha|Hawlucha-Mega, L50, F\n|-mega|p1a: Hawlucha|Hawlucha|Hawluchanite\n|move|p2a: Mimikyu|Shadow Sneak|p1a: Hawlucha\n|-damage|p1a: Hawlucha|48/100\n|move|p1a: Hawlucha|Iron Head|p2a: Mimikyu\n|-supereffective|p2a: Mimikyu|1\n|-damage|p2a: Mimikyu|0 fnt\n|faint|p2a: Mimikyu\n|\n|upkeep\n|\n|t:|1776472910\n|switch|p2a: Lucario|Lucario, L50, M|100/100\n|turn|8\n|\n|t:|1776472918\n|detailschange|p2a: Lucario|Lucario-Mega, L50, M\n|-mega|p2a: Lucario|Lucario|Lucarionite\n|move|p2a: Lucario|Bullet Punch|p1a: Hawlucha\n|-damage|p1a: Hawlucha|11/100\n|move|p1a: Hawlucha|Cross Chop|p2a: Lucario\n|-supereffective|p2a: Lucario|1\n|-damage|p2a: Lucario|0 fnt\n|faint|p2a: Lucario\n|\n|win|LOL.XD.9\n|raw|LOL.XD.9's rating: 1136 &rarr; <strong>1168</strong><br />(+32 for winning)\n|raw|S1E1X1Y1's rating: 1230 &rarr; <strong>1198</strong><br />(-32 for losing)\n|l|\u2606S1E1X1Y1\n|player|p2|\n",
  "uploadtime": 1776472929,
  "views": 6,
  "formatid": "gen9championsbssregma",
  "rating": 1168,
  "private": 0,
  "password": null
}