{
  "id": "gen9championsbssregma-2587186485",
  "format": "[Gen 9 Champions] BSS Reg M-A",
  "players": [
    "peko877",
    "joguri"
  ],
  "log": "|j|\u2606peko877\n|j|\u2606joguri\n|t:|1776506036\n|gametype|singles\n|player|p1|peko877|iono|1377\n|player|p2|joguri|dawn|1252\n|gen|9\n|tier|[Gen 9 Champions] BSS Reg M-A\n|rated|\n|rule|Species Clause: Limit one of each Pok\u00e9mon\n|rule|Item Clause: Limit 1 of each item\n|clearpoke\n|poke|p1|Greninja, L50, M, shiny|\n|poke|p1|Aegislash, L50, M, shiny|\n|poke|p1|Garchomp, L50, M, shiny|\n|poke|p1|Meganium, L50, F, shiny|\n|poke|p1|Volcarona, L50, M, shiny|\n|poke|p1|Bellibolt, L50, M, shiny|\n|poke|p2|Clefable, L50, M|\n|poke|p2|Espathra, L50, M|\n|poke|p2|Charizard, L50, M|\n|poke|p2|Garchomp, L50, M|\n|poke|p2|Archaludon, L50, F|\n|poke|p2|Primarina, L50, M|\n|teampreview|3\n|inactive|Battle timer is ON: inactive players will automatically lose when time's up. (requested by peko877)\n|j| p74\n|inactive|joguri has 60 seconds left.\n|\n|t:|1776506070\n|teamsize|p1|3\n|teamsize|p2|3\n|start\n|switch|p1a: Garchomp|Garchomp, L50, M, shiny|100/100\n|switch|p2a: Briduras|Archaludon, L50, F|100/100\n|turn|1\n|\n|t:|1776506085\n|move|p1a: Garchomp|Earthquake|p2a: Briduras\n|-supereffective|p2a: Briduras|1\n|-damage|p2a: Briduras|24/100\n|-ability|p2a: Briduras|Stamina|boost\n|-boost|p2a: Briduras|def|1\n|move|p2a: Briduras|Stealth Rock|p1a: Garchomp\n|-sidestart|p1: peko877|move: Stealth Rock\n|\n|upkeep\n|turn|2\n|\n|t:|1776506093\n|move|p1a: Garchomp|Earthquake|p2a: Briduras\n|-supereffective|p2a: Briduras|1\n|-damage|p2a: Briduras|0 fnt\n|faint|p2a: Briduras\n|\n|upkeep\n|\n|t:|1776506100\n|switch|p2a: Clefable|Clefable, L50, M|100/100\n|turn|3\n|\n|t:|1776506105\n|move|p1a: Garchomp|Rock Tomb|p2a: Clefable\n|-damage|p2a: Clefable|84/100\n|-unboost|p2a: Clefable|spe|1\n|move|p2a: Clefable|Cosmic Power|p2a: Clefable\n|-boost|p2a: Clefable|def|1\n|-boost|p2a: Clefable|spd|1\n|\n|upkeep\n|turn|4\n|\n|t:|1776506114\n|switch|p1a: Greninja|Greninja, L50, M, shiny|100/100\n|-damage|p1a: Greninja|88/100|[from] Stealth Rock\n|move|p2a: Clefable|Cosmic Power|p2a: Clefable\n|-boost|p2a: Clefable|def|1\n|-boost|p2a: Clefable|spd|1\n|\n|upkeep\n|turn|5\n|\n|t:|1776506128\n|detailschange|p1a: Greninja|Greninja-Mega, L50, M, shiny\n|-mega|p1a: Greninja|Greninja|Greninjite\n|move|p1a: Greninja|Gunk Shot|p2a: Clefable\n|-start|p1a: Greninja|typechange|Poison|[from] ability: Protean\n|-supereffective|p2a: Clefable|1\n|-damage|p2a: Clefable|39/100\n|move|p2a: Clefable|Cosmic Power|p2a: Clefable\n|-boost|p2a: Clefable|def|1\n|-boost|p2a: Clefable|spd|1\n|\n|upkeep\n|turn|6\n|\n|t:|1776506141\n|detailschange|p2a: Clefable|Clefable-Mega, L50, M\n|-mega|p2a: Clefable|Clefable|Clefablite\n|move|p1a: Greninja|Gunk Shot|p2a: Clefable\n|-supereffective|p2a: Clefable|1\n|-damage|p2a: Clefable|9/100\n|move|p2a: Clefable|Moonlight|p2a: Clefable\n|-heal|p2a: Clefable|59/100\n|\n|upkeep\n|turn|7\n|\n|t:|1776506148\n|move|p1a: Greninja|Gunk Shot|p2a: Clefable\n|-supereffective|p2a: Clefable|1\n|-damage|p2a: Clefable|33/100\n|-status|p2a: Clefable|psn\n|move|p2a: Clefable|Moonlight|p2a: Clefable\n|-heal|p2a: Clefable|83/100 psn\n|\n|-damage|p2a: Clefable|70/100 psn|[from] psn\n|upkeep\n|turn|8\n|\n|t:|1776506159\n|move|p1a: Greninja|U-turn|p2a: Clefable\n|-resisted|p2a: Clefable|2\n|-damage|p2a: Clefable|69/100 psn\n|\n|t:|1776506161\n|switch|p1a: Garchomp|Garchomp, L50, M, shiny|100/100|[from] U-turn\n|-damage|p1a: Garchomp|95/100|[from] Stealth Rock\n|move|p2a: Clefable|Cosmic Power|p2a: Clefable\n|-boost|p2a: Clefable|def|1\n|-boost|p2a: Clefable|spd|1\n|\n|-damage|p2a: Clefable|56/100 psn|[from] psn\n|upkeep\n|turn|9\n|\n|t:|1776506170\n|move|p1a: Garchomp|Rock Tomb|p2a: Clefable\n|-supereffective|p2a: Clefable|1\n|-damage|p2a: Clefable|46/100 psn\n|-unboost|p2a: Clefable|spe|1\n|move|p2a: Clefable|Moonlight|p2a: Clefable\n|-heal|p2a: Clefable|96/100 psn\n|\n|-damage|p2a: Clefable|83/100 psn|[from] psn\n|upkeep\n|turn|10\n|\n|t:|1776506180\n|move|p1a: Garchomp|Rock Tomb|p2a: Clefable\n|-supereffective|p2a: Clefable|1\n|-damage|p2a: Clefable|71/100 psn\n|-unboost|p2a: Clefable|spe|1\n|move|p2a: Clefable|Cosmic Power|p2a: Clefable\n|-boost|p2a: Clefable|def|1\n|-boost|p2a: Clefable|spd|1\n|\n|-damage|p2a: Clefable|59/100 psn|[from] psn\n|upkeep\n|turn|11\n|\n|t:|1776506191\n|move|p1a: Garchomp|Rock Tomb|p2a: Clefable\n|-supereffective|p2a: Clefable|1\n|-damage|p2a: Clefable|51/100 psn\n|-unboost|p2a: Clefable|spe|1\n|move|p2a: Clefable|Cosmic Power|p2a: Clefable\n|-boost|p2a: Clefable|def|1\n|-boost|p2a: Clefable|spd|1\n|\n|-damage|p2a: Clefable|39/100 psn|[from] psn\n|upkeep\n|turn|12\n|\n|t:|1776506201\n|move|p1a: Garchomp|Rock Tomb|p2a: Clefable\n|-supereffective|p2a: Clefable|1\n|-damage|p2a: Clefable|31/100 psn\n|-unboost|p2a: Clefable|spe|1\n|move|p2a: Clefable|Moonlight|p2a: Clefable\n|-heal|p2a: Clefable|81/100 psn\n|\n|-damage|p2a: Clefable|68/100 psn|[from] psn\n|upkeep\n|turn|13\n|\n|t:|1776506210\n|move|p1a: Garchomp|Rock Tomb|p2a: Clefable\n|-supereffective|p2a: Clefable|1\n|-damage|p2a: Clefable|60/100 psn\n|-unboost|p2a: Clefable|spe|1\n|move|p2a: Clefable|Moonlight|p2a: Clefable\n|-heal|p2a: Clefable|100/100 psn\n|\n|-damage|p2a: Clefable|88/100 psn|[from] psn\n|upkeep\n|turn|14\n|\n|t:|1776506219\n|move|p1a: Garchomp|Rock Tomb|p2a: Clefable\n|-supereffective|p2a: Clefable|1\n|-damage|p2a: Clefable|81/100 psn\n|move|p2a: Clefable|Stored Power|p1a: Garchomp\n|-damage|p1a: Garchomp|6/100\n|\n|-damage|p2a: Clefable|69/100 psn|[from] psn\n|upkeep\n|turn|15\n|\n|t:|1776506227\n|move|p1a: Garchomp|Rock Tomb|p2a: Clefable\n|-supereffective|p2a: Clefable|1\n|-damage|p2a: Clefable|61/100 psn\n|move|p2a: Clefable|Stored Power|p1a: Garchomp\n|-damage|p1a: Garchomp|0 fnt\n|faint|p1a: Garchomp\n|\n|-damage|p2a: Clefable|49/100 psn|[from] psn\n|upkeep\n|\n|t:|1776506230\n|switch|p1a: Aegislash|Aegislash, L50, M, shiny|100/100\n|-damage|p1a: Aegislash|95/100|[from] Stealth Rock\n|turn|16\n|\n|t:|1776506239\n|switch|p1a: Greninja|Greninja-Mega, L50, M, shiny|88/100\n|-damage|p1a: Greninja|76/100|[from] Stealth Rock\n|move|p2a: Clefable|Moonlight|p2a: Clefable\n|-heal|p2a: Clefable|99/100 psn\n|\n|-damage|p2a: Clefable|86/100 psn|[from] psn\n|upkeep\n|turn|17\n|\n|t:|1776506246\n|move|p1a: Greninja|Ice Beam|p2a: Clefable\n|-start|p1a: Greninja|typechange|Ice|[from] ability: Protean\n|-supereffective|p2a: Clefable|1\n|-damage|p2a: Clefable|65/100 psn\n|move|p2a: Clefable|Flamethrower|p1a: Greninja\n|-supereffective|p1a: Greninja|1\n|-damage|p1a: Greninja|0 fnt\n|faint|p1a: Greninja\n|\n|-damage|p2a: Clefable|53/100 psn|[from] psn\n|upkeep\n|\n|t:|1776506253\n|switch|p1a: Aegislash|Aegislash, L50, M, shiny|95/100\n|-damage|p1a: Aegislash|89/100|[from] Stealth Rock\n|turn|18\n|\n|t:|1776506259\n|move|p1a: Aegislash|Swords Dance|p1a: Aegislash\n|-boost|p1a: Aegislash|atk|2\n|move|p2a: Clefable|Moonlight|p2a: Clefable\n|-heal|p2a: Clefable|100/100 psn\n|\n|-heal|p1a: Aegislash|95/100|[from] item: Leftovers\n|-damage|p2a: Clefable|88/100 psn|[from] psn\n|upkeep\n|turn|19\n|\n|t:|1776506268\n|move|p1a: Aegislash|Swords Dance|p1a: Aegislash\n|-boost|p1a: Aegislash|atk|2\n|move|p2a: Clefable|Flamethrower|p1a: Aegislash\n|-supereffective|p1a: Aegislash|1\n|-damage|p1a: Aegislash|54/100\n|\n|-heal|p1a: Aegislash|60/100|[from] item: Leftovers\n|-damage|p2a: Clefable|76/100 psn|[from] psn\n|upkeep\n|turn|20\n|\n|t:|1776506278\n|move|p1a: Aegislash|Swords Dance|p1a: Aegislash\n|-boost|p1a: Aegislash|atk|2\n|move|p2a: Clefable|Flamethrower|p1a: Aegislash\n|-supereffective|p1a: Aegislash|1\n|-damage|p1a: Aegislash|19/100\n|-status|p1a: Aegislash|brn\n|\n|-heal|p1a: Aegislash|25/100 brn|[from] item: Leftovers\n|-damage|p2a: Clefable|63/100 psn|[from] psn\n|-damage|p1a: Aegislash|19/100 brn|[from] brn\n|upkeep\n|turn|21\n|\n|t:|1776506291\n|-formechange|p1a: Aegislash|Aegislash-Blade|\n|move|p1a: Aegislash|Iron Head|p2a: Clefable\n|-supereffective|p2a: Clefable|1\n|-damage|p2a: Clefable|32/100 psn\n|move|p2a: Clefable|Flamethrower|p1a: Aegislash\n|-supereffective|p1a: Aegislash|1\n|-damage|p1a: Aegislash|0 fnt\n|faint|p1a: Aegislash\n|\n|win|joguri\n|raw|peko877's rating: 1377 &rarr; <strong>1350</strong><br />(-27 for losing)\n|raw|joguri's rating: 1252 &rarr; <strong>1286</strong><br />(+34 for winning)\n|l|\u2606peko877\n|player|p1|\n|l|\u2606joguri\n|player|p2|\n",
  "uploadtime": 1776506299,
  "views": 2,
  "formatid": "gen9championsbssregma",
  "rating": 1286,
  "private": 0,
  "password": null
}