{
  "id": "gen9championsbssregma-2584565430",
  "format": "[Gen 9 Champions] BSS Reg M-A",
  "players": [
    "tpgustpgus",
    "asdsasdaad"
  ],
  "log": "|j|\u2606tpgustpgus\n|j|\u2606asdsasdaad\n|t:|1776269120\n|gametype|singles\n|player|p1|tpgustpgus|hilda-wonderlauncher|1083\n|player|p2|asdsasdaad|1|1131\n|gen|9\n|tier|[Gen 9 Champions] BSS Reg M-A\n|rated|\n|rule|Species Clause: Limit one of each Pok\u00e9mon\n|rule|Item Clause: Limit 1 of each item\n|clearpoke\n|poke|p1|Beedrill, L50, F|\n|poke|p1|Volcarona, L50, F|\n|poke|p1|Kleavor, L50, F|\n|poke|p1|Vivillon, L50, F|\n|poke|p1|Mimikyu, L50, F|\n|poke|p1|Lopunny, L50, F|\n|poke|p2|Absol, L50, M|\n|poke|p2|Gyarados, L50, F|\n|poke|p2|Garchomp, L50, F|\n|poke|p2|Serperior, L50, F|\n|poke|p2|Aegislash, L50, F|\n|poke|p2|Pinsir, L50, F|\n|teampreview|3\n|\n|t:|1776269142\n|teamsize|p1|3\n|teamsize|p2|3\n|start\n|switch|p1a: Volcarona|Volcarona, L50, F, shiny|100/100\n|switch|p2a: Aegislash|Aegislash, L50, F|100/100\n|turn|1\n|inactive|Battle timer is ON: inactive players will automatically lose when time's up. (requested by asdsasdaad)\n|\n|t:|1776269152\n|switch|p2a: Gyarados|Gyarados, L50, F|100/100\n|-ability|p2a: Gyarados|Intimidate|boost\n|-unboost|p1a: Volcarona|atk|1\n|move|p1a: Volcarona|Will-O-Wisp|p2a: Gyarados\n|-status|p2a: Gyarados|brn\n|\n|-damage|p2a: Gyarados|95/100 brn|[from] brn\n|upkeep\n|turn|2\n|\n|t:|1776269166\n|move|p1a: Volcarona|Quiver Dance|p1a: Volcarona\n|-boost|p1a: Volcarona|spa|1\n|-boost|p1a: Volcarona|spd|1\n|-boost|p1a: Volcarona|spe|1\n|move|p2a: Gyarados|Thunder Wave|p1a: Volcarona\n|-status|p1a: Volcarona|par\n|\n|-damage|p2a: Gyarados|89/100 brn|[from] brn\n|upkeep\n|turn|3\n|\n|t:|1776269177\n|move|p2a: Gyarados|Waterfall|p1a: Volcarona\n|-supereffective|p1a: Volcarona|1\n|-damage|p1a: Volcarona|71/100 par\n|move|p1a: Volcarona|Quiver Dance|p1a: Volcarona\n|-boost|p1a: Volcarona|spa|1\n|-boost|p1a: Volcarona|spd|1\n|-boost|p1a: Volcarona|spe|1\n|\n|-damage|p2a: Gyarados|83/100 brn|[from] brn\n|upkeep\n|turn|4\n|\n|t:|1776269187\n|move|p1a: Volcarona|Fiery Dance|p2a: Gyarados\n|-resisted|p2a: Gyarados|1\n|-damage|p2a: Gyarados|47/100 brn\n|-boost|p1a: Volcarona|spa|1\n|-enditem|p2a: Gyarados|Sitrus Berry|[eat]\n|-heal|p2a: Gyarados|72/100 brn|[from] item: Sitrus Berry\n|move|p2a: Gyarados|Dragon Tail|p1a: Volcarona\n|-damage|p1a: Volcarona|63/100 par\n|drag|p1a: Lopunny|Lopunny, L50, F, shiny|100/100\n|\n|-damage|p2a: Gyarados|66/100 brn|[from] brn\n|upkeep\n|turn|5\n|\n|t:|1776269204\n|detailschange|p1a: Lopunny|Lopunny-Mega, L50, F, shiny\n|-mega|p1a: Lopunny|Lopunny|Lopunnite\n|move|p1a: Lopunny|Fake Out|p2a: Gyarados\n|-damage|p2a: Gyarados|47/100 brn\n|cant|p2a: Gyarados|flinch\n|\n|-damage|p2a: Gyarados|41/100 brn|[from] brn\n|upkeep\n|turn|6\n|\n|t:|1776269217\n|move|p1a: Lopunny|Swords Dance|p1a: Lopunny\n|-boost|p1a: Lopunny|atk|2\n|move|p2a: Gyarados|Thunder Wave|p1a: Lopunny\n|-status|p1a: Lopunny|par\n|\n|-damage|p2a: Gyarados|36/100 brn|[from] brn\n|upkeep\n|turn|7\n|\n|t:|1776269227\n|move|p2a: Gyarados|Waterfall|p1a: Lopunny\n|-damage|p1a: Lopunny|77/100 par\n|cant|p1a: Lopunny|par\n|\n|-damage|p2a: Gyarados|30/100 brn|[from] brn\n|upkeep\n|turn|8\n|\n|t:|1776269234\n|move|p2a: Gyarados|Waterfall|p1a: Lopunny\n|-damage|p1a: Lopunny|55/100 par\n|move|p1a: Lopunny|Triple Axel|p2a: Gyarados\n|-damage|p2a: Gyarados|17/100 brn\n|-damage|p2a: Gyarados|0 fnt\n|faint|p2a: Gyarados\n|-hitcount|p2: Gyarados|2\n|\n|upkeep\n|\n|t:|1776269241\n|switch|p2a: Pinsir|Pinsir, L50, F|100/100\n|turn|9\n|\n|t:|1776269249\n|detailschange|p2a: Pinsir|Pinsir-Mega, L50, F\n|-mega|p2a: Pinsir|Pinsir|Pinsirite\n|move|p2a: Pinsir|Feint|p1a: Lopunny\n|-supereffective|p1a: Lopunny|1\n|-damage|p1a: Lopunny|0 fnt\n|faint|p1a: Lopunny\n|\n|upkeep\n|\n|t:|1776269256\n|switch|p1a: Volcarona|Volcarona, L50, F, shiny|63/100 par\n|turn|10\n|\n|t:|1776269261\n|move|p2a: Pinsir|Thrash|p1a: Volcarona\n|-supereffective|p1a: Volcarona|1\n|-crit|p1a: Volcarona\n|-damage|p1a: Volcarona|0 fnt\n|faint|p1a: Volcarona\n|\n|upkeep\n|\n|t:|1776269268\n|switch|p1a: Mimikyu|Mimikyu, L50, F, shiny|100/100\n|turn|11\n|\n|t:|1776269274\n|move|p2a: Pinsir|Thrash|p1a: Mimikyu|[from] lockedmove\n|-activate|p1a: Mimikyu|ability: Disguise\n|-damage|p1a: Mimikyu|100/100\n|detailschange|p1a: Mimikyu|Mimikyu-Busted, L50, F, shiny\n|-damage|p1a: Mimikyu|88/100|[from] pokemon: Mimikyu-Busted\n|-start|p2a: Pinsir|confusion|[fatigue]\n|move|p1a: Mimikyu|Swords Dance|p1a: Mimikyu\n|-boost|p1a: Mimikyu|atk|2\n|\n|upkeep\n|turn|12\n|\n|t:|1776269292\n|-activate|p2a: Pinsir|confusion\n|move|p2a: Pinsir|Thrash|p1a: Mimikyu\n|-damage|p1a: Mimikyu|0 fnt\n|faint|p1a: Mimikyu\n|\n|win|asdsasdaad\n|raw|tpgustpgus's rating: 1083 &rarr; <strong>1064</strong><br />(-19 for losing)\n|raw|asdsasdaad's rating: 1131 &rarr; <strong>1153</strong><br />(+22 for winning)\n|l|\u2606tpgustpgus\n|player|p1|\n",
  "uploadtime": 1776269295,
  "views": 3,
  "formatid": "gen9championsbssregma",
  "rating": 1064,
  "private": 0,
  "password": null
}