{
  "id": "gen9championsbssregma-2582090585",
  "format": "[Gen 9 Champions] BSS Reg M-A",
  "players": [
    "meatrub",
    "karbain"
  ],
  "log": "|j|\u2606meatrub\n|j|\u2606karbain\n|t:|1776056656\n|gametype|singles\n|player|p1|meatrub|swimmer-gen4dp|1119\n|player|p2|karbain|170|1272\n|gen|9\n|tier|[Gen 9 Champions] BSS Reg M-A\n|rated|\n|rule|Species Clause: Limit one of each Pok\u00e9mon\n|rule|Item Clause: Limit 1 of each item\n|clearpoke\n|poke|p1|Charizard, L50, M|\n|poke|p1|Samurott-Hisui, L50, M|\n|poke|p1|Glimmora, L50, M|\n|poke|p1|Lucario, L50, M|\n|poke|p1|Serperior, L50, F|\n|poke|p1|Mamoswine, L50, F|\n|poke|p2|Basculegion, L50, M|\n|poke|p2|Delphox, L50, M|\n|poke|p2|Lopunny, L50, M|\n|poke|p2|Corviknight, L50, M|\n|poke|p2|Bellibolt, L50, F|\n|poke|p2|Garchomp, L50, F|\n|teampreview|3\n|inactive|Battle timer is ON: inactive players will automatically lose when time's up. (requested by karbain)\n|j| p74\n|\n|t:|1776056689\n|teamsize|p1|3\n|teamsize|p2|3\n|start\n|switch|p1a: Serperior|Serperior, L50, F|100/100\n|switch|p2a: Delphox|Delphox, L50, M|100/100\n|turn|1\n|inactive|karbain has 30 seconds left.\n|inactive|karbain has 20 seconds left.\n|\n|t:|1776056727\n|detailschange|p2a: Delphox|Delphox-Mega, L50, M\n|-mega|p2a: Delphox|Delphox|Delphoxite\n|move|p2a: Delphox|Substitute|p2a: Delphox\n|-start|p2a: Delphox|Substitute\n|-damage|p2a: Delphox|76/100\n|move|p1a: Serperior|Light Screen|p1a: Serperior\n|-sidestart|p1: meatrub|move: Light Screen\n|\n|upkeep\n|turn|2\n|\n|t:|1776056735\n|move|p2a: Delphox|Encore|p1a: Serperior\n|-start|p1a: Serperior|Encore\n|move|p1a: Serperior|Light Screen||[still]\n|-fail|p1a: Serperior\n|\n|upkeep\n|turn|3\n|\n|t:|1776056744\n|switch|p1a: Charizard|Charizard, L50, M, shiny|100/100\n|move|p2a: Delphox|Psyshock|p1a: Charizard\n|-damage|p1a: Charizard|63/100\n|\n|upkeep\n|turn|4\n|\n|t:|1776056754\n|detailschange|p1a: Charizard|Charizard-Mega-X, L50, M, shiny\n|-mega|p1a: Charizard|Charizard|Charizardite X\n|move|p2a: Delphox|Psyshock|p1a: Charizard\n|-damage|p1a: Charizard|38/100\n|move|p1a: Charizard|Flame Charge|p2a: Delphox\n|-resisted|p2a: Delphox|1\n|-end|p2a: Delphox|Substitute\n|-boost|p1a: Charizard|spe|1\n|\n|upkeep\n|turn|5\n|\n|t:|1776056769\n|move|p1a: Charizard|Outrage|p2a: Delphox\n|-damage|p2a: Delphox|0 fnt\n|faint|p2a: Delphox\n|\n|-sideend|p1: meatrub|move: Light Screen\n|upkeep\n|\n|t:|1776056774\n|switch|p2a: Corviknight|Corviknight, L50, M|100/100\n|turn|6\n|\n|t:|1776056778\n|move|p1a: Charizard|Outrage|p2a: Corviknight|[from] lockedmove\n|-resisted|p2a: Corviknight|1\n|-damage|p2a: Corviknight|76/100\n|move|p2a: Corviknight|Body Press|p1a: Charizard\n|-damage|p1a: Charizard|10/100\n|\n|-heal|p2a: Corviknight|82/100|[from] item: Leftovers\n|upkeep\n|turn|7\n|\n|t:|1776056788\n|move|p1a: Charizard|Outrage|p2a: Corviknight|[from] lockedmove\n|-resisted|p2a: Corviknight|1\n|-damage|p2a: Corviknight|57/100\n|-start|p1a: Charizard|confusion|[fatigue]\n|move|p2a: Corviknight|Body Press|p1a: Charizard\n|-damage|p1a: Charizard|0 fnt\n|faint|p1a: Charizard\n|\n|-heal|p2a: Corviknight|62/100|[from] item: Leftovers\n|upkeep\n|\n|t:|1776056801\n|switch|p1a: Serperior|Serperior, L50, F|100/100\n|turn|8\n|\n|t:|1776056807\n|move|p1a: Serperior|Reflect|p1a: Serperior\n|-sidestart|p1: meatrub|Reflect\n|move|p2a: Corviknight|U-turn|p1a: Serperior\n|-supereffective|p1a: Serperior|1\n|-damage|p1a: Serperior|86/100\n|\n|t:|1776056810\n|switch|p2a: Basculegion|Basculegion, L50, M|100/100|[from] U-turn\n|\n|-heal|p1a: Serperior|92/100|[from] item: Leftovers\n|upkeep\n|turn|9\n|\n|t:|1776056825\n|move|p2a: Basculegion|Flip Turn|p1a: Serperior\n|-resisted|p1a: Serperior|1\n|-damage|p1a: Serperior|81/100\n|\n|t:|1776056828\n|switch|p2a: Corviknight|Corviknight, L50, M|62/100|[from] Flip Turn\n|move|p1a: Serperior|Light Screen|p1a: Serperior\n|-sidestart|p1: meatrub|move: Light Screen\n|\n|-heal|p1a: Serperior|87/100|[from] item: Leftovers\n|-heal|p2a: Corviknight|68/100|[from] item: Leftovers\n|upkeep\n|turn|10\n|\n|t:|1776056837\n|move|p1a: Serperior|Glare|p2a: Corviknight\n|-status|p2a: Corviknight|par\n|cant|p2a: Corviknight|par\n|\n|-heal|p1a: Serperior|93/100|[from] item: Leftovers\n|-heal|p2a: Corviknight|74/100 par|[from] item: Leftovers\n|upkeep\n|turn|11\n|\n|t:|1776056845\n|move|p1a: Serperior|Leaf Storm|p2a: Corviknight\n|-resisted|p2a: Corviknight|2\n|-damage|p2a: Corviknight|66/100 par\n|-boost|p1a: Serperior|spa|2\n|move|p2a: Corviknight|Iron Defense|p2a: Corviknight\n|-boost|p2a: Corviknight|def|2\n|\n|-heal|p1a: Serperior|99/100|[from] item: Leftovers\n|-heal|p2a: Corviknight|72/100 par|[from] item: Leftovers\n|upkeep\n|turn|12\n|\n|t:|1776056855\n|move|p1a: Serperior|Leaf Storm|p2a: Corviknight\n|-resisted|p2a: Corviknight|2\n|-damage|p2a: Corviknight|55/100 par\n|-boost|p1a: Serperior|spa|2\n|move|p2a: Corviknight|Roost|p2a: Corviknight\n|-heal|p2a: Corviknight|100/100 par\n|-singleturn|p2a: Corviknight|move: Roost\n|\n|-heal|p1a: Serperior|100/100|[from] item: Leftovers\n|-sideend|p1: meatrub|Reflect\n|upkeep\n|turn|13\n|\n|t:|1776056867\n|move|p1a: Serperior|Leaf Storm|p2a: Corviknight\n|-resisted|p2a: Corviknight|2\n|-damage|p2a: Corviknight|72/100 par\n|-boost|p1a: Serperior|spa|2\n|move|p2a: Corviknight|Iron Defense|p2a: Corviknight\n|-boost|p2a: Corviknight|def|2\n|\n|-heal|p2a: Corviknight|78/100 par|[from] item: Leftovers\n|-sideend|p1: meatrub|move: Light Screen\n|upkeep\n|turn|14\n|\n|t:|1776056884\n|move|p1a: Serperior|Reflect|p1a: Serperior\n|-sidestart|p1: meatrub|Reflect\n|move|p2a: Corviknight|Iron Defense|p2a: Corviknight\n|-boost|p2a: Corviknight|def|2\n|\n|-heal|p2a: Corviknight|83/100 par|[from] item: Leftovers\n|upkeep\n|turn|15\n|\n|t:|1776056892\n|move|p1a: Serperior|Leaf Storm|p2a: Corviknight\n|-resisted|p2a: Corviknight|2\n|-damage|p2a: Corviknight|48/100 par\n|move|p2a: Corviknight|Body Press|p1a: Serperior\n|-damage|p1a: Serperior|44/100\n|\n|-heal|p1a: Serperior|50/100|[from] item: Leftovers\n|-heal|p2a: Corviknight|54/100 par|[from] item: Leftovers\n|upkeep\n|turn|16\n|\n|t:|1776056901\n|move|p1a: Serperior|Leaf Storm|p2a: Corviknight\n|-resisted|p2a: Corviknight|2\n|-damage|p2a: Corviknight|20/100 par\n|move|p2a: Corviknight|Roost|p2a: Corviknight\n|-heal|p2a: Corviknight|70/100 par\n|-singleturn|p2a: Corviknight|move: Roost\n|\n|-heal|p1a: Serperior|56/100|[from] item: Leftovers\n|-heal|p2a: Corviknight|76/100 par|[from] item: Leftovers\n|upkeep\n|turn|17\n|\n|t:|1776056912\n|move|p1a: Serperior|Leaf Storm|p2a: Corviknight\n|-resisted|p2a: Corviknight|2\n|-damage|p2a: Corviknight|43/100 par\n|move|p2a: Corviknight|Body Press|p1a: Serperior\n|-damage|p1a: Serperior|4/100\n|\n|-heal|p1a: Serperior|10/100|[from] item: Leftovers\n|-heal|p2a: Corviknight|49/100 par|[from] item: Leftovers\n|upkeep\n|turn|18\n|\n|t:|1776056921\n|move|p1a: Serperior|Leaf Storm|p2a: Corviknight\n|-resisted|p2a: Corviknight|2\n|-damage|p2a: Corviknight|15/100 par\n|move|p2a: Corviknight|Roost|p2a: Corviknight\n|-heal|p2a: Corviknight|65/100 par\n|-singleturn|p2a: Corviknight|move: Roost\n|\n|-heal|p1a: Serperior|16/100|[from] item: Leftovers\n|-heal|p2a: Corviknight|71/100 par|[from] item: Leftovers\n|-sideend|p1: meatrub|Reflect\n|upkeep\n|turn|19\n|\n|t:|1776056932\n|move|p1a: Serperior|Leaf Storm|p2a: Corviknight\n|-resisted|p2a: Corviknight|2\n|-damage|p2a: Corviknight|36/100 par\n|move|p2a: Corviknight|Roost|p2a: Corviknight\n|-heal|p2a: Corviknight|86/100 par\n|-singleturn|p2a: Corviknight|move: Roost\n|\n|-heal|p1a: Serperior|22/100|[from] item: Leftovers\n|-heal|p2a: Corviknight|92/100 par|[from] item: Leftovers\n|upkeep\n|turn|20\n|\n|t:|1776056947\n|move|p1a: Serperior|Reflect|p1a: Serperior\n|-sidestart|p1: meatrub|Reflect\n|cant|p2a: Corviknight|par\n|\n|-heal|p1a: Serperior|28/100|[from] item: Leftovers\n|-heal|p2a: Corviknight|98/100 par|[from] item: Leftovers\n|upkeep\n|turn|21\n|-message|meatrub forfeited.\n|\n|win|karbain\n|raw|meatrub's rating: 1119 &rarr; <strong>1104</strong><br />(-15 for losing)\n|raw|karbain's rating: 1272 &rarr; <strong>1287</strong><br />(+15 for winning)\n|l|\u2606meatrub\n|player|p1|\n|l|\u2606karbain\n|player|p2|\n",
  "uploadtime": 1776057126,
  "views": 4,
  "formatid": "gen9championsbssregma",
  "rating": 1104,
  "private": 0,
  "password": null
}