{
  "id": "gen9championsbssregma-2585522031",
  "format": "[Gen 9 Champions] BSS Reg M-A",
  "players": [
    "Cacharloco",
    "z-pokemaster2000"
  ],
  "log": "|j|\u2606Cacharloco\n|j|\u2606z-pokemaster2000\n|t:|1776353132\n|gametype|singles\n|player|p1|Cacharloco|170|1098\n|player|p2|z-pokemaster2000|1|1204\n|gen|9\n|tier|[Gen 9 Champions] BSS Reg M-A\n|rated|\n|rule|Species Clause: Limit one of each Pok\u00e9mon\n|rule|Item Clause: Limit 1 of each item\n|clearpoke\n|poke|p1|Corviknight, L50, F|\n|poke|p1|Rotom-Wash, L50|\n|poke|p1|Incineroar, L50, F|\n|poke|p1|Dragapult, L50, F|\n|poke|p1|Pinsir, L50, F|\n|poke|p1|Starmie, L50|\n|poke|p2|Kangaskhan, L50, F|\n|poke|p2|Aegislash, L50, F|\n|poke|p2|Primarina, L50, F|\n|poke|p2|Rotom-Heat, L50|\n|poke|p2|Meowscarada, L50, F|\n|poke|p2|Slowbro-Galar, L50, F|\n|teampreview|3\n|inactive|Battle timer is ON: inactive players will automatically lose when time's up. (requested by Cacharloco)\n|inactive|z-pokemaster2000 has 60 seconds left.\n|\n|t:|1776353193\n|teamsize|p1|3\n|teamsize|p2|3\n|start\n|switch|p1a: Rotom|Rotom-Wash, L50|100/100\n|switch|p2a: Kangaskhan|Kangaskhan, L50, F|100/100\n|turn|1\n|inactive|Cacharloco has 30 seconds left.\n|\n|t:|1776353221\n|switch|p1a: Incineroar|Incineroar, L50, F|100/100\n|-ability|p1a: Incineroar|Intimidate|boost\n|-fail|p2a: Kangaskhan|unboost|Attack|[from] ability: Scrappy|[of] p2a: Kangaskhan\n|detailschange|p2a: Kangaskhan|Kangaskhan-Mega, L50, F\n|-mega|p2a: Kangaskhan|Kangaskhan|Kangaskhanite\n|move|p2a: Kangaskhan|Rock Tomb|p1a: Incineroar\n|-supereffective|p1a: Incineroar|1\n|-damage|p1a: Incineroar|66/100\n|-unboost|p1a: Incineroar|spe|1\n|-supereffective|p1a: Incineroar|1\n|-damage|p1a: Incineroar|57/100\n|-unboost|p1a: Incineroar|spe|1\n|-hitcount|p1a: Incineroar|2\n|\n|upkeep\n|turn|2\n|\n|t:|1776353232\n|move|p1a: Incineroar|Fake Out|p2a: Kangaskhan\n|-damage|p2a: Kangaskhan|91/100\n|cant|p2a: Kangaskhan|flinch\n|\n|upkeep\n|turn|3\n|\n|t:|1776353237\n|switch|p1a: Rotom|Rotom-Wash, L50|100/100\n|move|p2a: Kangaskhan|Body Slam|p1a: Rotom\n|-damage|p1a: Rotom|40/100\n|-damage|p1a: Rotom|23/100\n|-hitcount|p1a: Rotom|2\n|\n|upkeep\n|turn|4\n|\n|t:|1776353246\n|move|p1a: Rotom|Volt Switch|p2a: Kangaskhan\n|-damage|p2a: Kangaskhan|62/100\n|\n|t:|1776353250\n|switch|p1a: Incineroar|Incineroar, L50, F|57/100|[from] Volt Switch\n|-ability|p1a: Incineroar|Intimidate|boost\n|-unboost|p2a: Kangaskhan|atk|1\n|move|p2a: Kangaskhan|Crunch|p1a: Incineroar\n|-resisted|p1a: Incineroar|1\n|-damage|p1a: Incineroar|49/100\n|-enditem|p1a: Incineroar|Sitrus Berry|[eat]\n|-heal|p1a: Incineroar|73/100|[from] item: Sitrus Berry\n|-resisted|p1a: Incineroar|1\n|-damage|p1a: Incineroar|72/100\n|-hitcount|p1a: Incineroar|2\n|\n|upkeep\n|turn|5\n|\n|t:|1776353264\n|move|p2a: Kangaskhan|Last Resort|p1a: Incineroar\n|-damage|p1a: Incineroar|29/100\n|-damage|p1a: Incineroar|18/100\n|-hitcount|p1a: Incineroar|2\n|move|p1a: Incineroar|Parting Shot|p2a: Kangaskhan\n|-unboost|p2a: Kangaskhan|atk|1\n|-unboost|p2a: Kangaskhan|spa|1\n|\n|t:|1776353267\n|switch|p1a: Pinsir|Pinsir, L50, F|100/100|[from] Parting Shot\n|\n|upkeep\n|turn|6\n|\n|t:|1776353273\n|move|p1a: Pinsir|Close Combat|p2a: Kangaskhan\n|-supereffective|p2a: Kangaskhan|1\n|-damage|p2a: Kangaskhan|0 fnt\n|-unboost|p1a: Pinsir|def|1\n|-unboost|p1a: Pinsir|spd|1\n|faint|p2a: Kangaskhan\n|-ability|p1a: Pinsir|Moxie|boost\n|-boost|p1a: Pinsir|atk|1\n|\n|upkeep\n|inactive|z-pokemaster2000 has 30 seconds left.\n|inactive|z-pokemaster2000 has 20 seconds left.\n|\n|t:|1776353310\n|switch|p2a: Rotom|Rotom-Heat, L50, shiny|100/100\n|turn|7\n|\n|t:|1776353325\n|switch|p1a: Rotom|Rotom-Wash, L50|23/100\n|move|p2a: Rotom|Volt Switch|p1a: Rotom\n|-damage|p1a: Rotom|0 fnt\n|faint|p1a: Rotom\n|\n|t:|1776353332\n|switch|p2a: Aegislash|Aegislash, L50, F, shiny|100/100|[from] Volt Switch\n|\n|upkeep\n|\n|t:|1776353335\n|switch|p1a: Incineroar|Incineroar, L50, F|18/100\n|-ability|p1a: Incineroar|Intimidate|boost\n|-unboost|p2a: Aegislash|atk|1\n|turn|8\n|\n|t:|1776353340\n|move|p2a: Aegislash|King's Shield|p2a: Aegislash\n|-singleturn|p2a: Aegislash|Protect\n|move|p1a: Incineroar|Parting Shot|p2a: Aegislash\n|-unboost|p2a: Aegislash|atk|1\n|-unboost|p2a: Aegislash|spa|1\n|\n|t:|1776353345\n|switch|p1a: Pinsir|Pinsir, L50, F|100/100|[from] Parting Shot\n|\n|upkeep\n|turn|9\n|\n|t:|1776353365\n|switch|p1a: Incineroar|Incineroar, L50, F|18/100\n|-ability|p1a: Incineroar|Intimidate|boost\n|-unboost|p2a: Aegislash|atk|1\n|move|p2a: Aegislash|Swords Dance|p2a: Aegislash\n|-boost|p2a: Aegislash|atk|2\n|\n|upkeep\n|turn|10\n|\n|t:|1776353376\n|switch|p2a: Rotom|Rotom-Heat, L50, shiny|100/100\n|move|p1a: Incineroar|Darkest Lariat|p2a: Rotom\n|-damage|p2a: Rotom|56/100\n|\n|upkeep\n|turn|11\n|\n|t:|1776353386\n|move|p2a: Rotom|Volt Switch|p1a: Incineroar\n|-damage|p1a: Incineroar|0 fnt\n|faint|p1a: Incineroar\n|\n|t:|1776353389\n|switch|p2a: Aegislash|Aegislash, L50, F, shiny|100/100|[from] Volt Switch\n|\n|upkeep\n|-message|Cacharloco forfeited.\n|\n|win|z-pokemaster2000\n|raw|Cacharloco's rating: 1098 &rarr; <strong>1081</strong><br />(-17 for losing)\n|raw|z-pokemaster2000's rating: 1204 &rarr; <strong>1222</strong><br />(+18 for winning)\n|l|\u2606Cacharloco\n|player|p1|\n",
  "uploadtime": 1776353394,
  "views": 14,
  "formatid": "gen9championsbssregma",
  "rating": 1081,
  "private": 0,
  "password": null
}