{
  "id": "gen9championsbssregma-2585944362",
  "format": "[Gen 9 Champions] BSS Reg M-A",
  "players": [
    "smurtgurt",
    "Bbbkty"
  ],
  "log": "|j|\u2606smurtgurt\n|j|\u2606Bbbkty\n|t:|1776383774\n|gametype|singles\n|player|p1|smurtgurt|unknown|1200\n|player|p2|Bbbkty|169|1130\n|gen|9\n|tier|[Gen 9 Champions] BSS Reg M-A\n|rated|\n|rule|Species Clause: Limit one of each Pok\u00e9mon\n|rule|Item Clause: Limit 1 of each item\n|clearpoke\n|poke|p1|Excadrill, L50, M|\n|poke|p1|Ninetales-Alola, L50, M|\n|poke|p1|Starmie, L50|\n|poke|p1|Sneasler, L50, F|\n|poke|p1|Banette, L50, F|\n|poke|p1|Volcarona, L50, M|\n|poke|p2|Clefable, L50, F|\n|poke|p2|Charizard, L50, M|\n|poke|p2|Mimikyu, L50, F|\n|poke|p2|Kingambit, L50, F|\n|poke|p2|Espathra, L50, M|\n|poke|p2|Glimmora, L50, F|\n|teampreview|3\n|l|\u2606Bbbkty\n|player|p2|\n|j|\u2606Bbbkty\n|player|p2|Bbbkty|169|\n|inactive|Battle timer is ON: inactive players will automatically lose when time's up. (requested by Bbbkty)\n|\n|t:|1776383830\n|teamsize|p1|3\n|teamsize|p2|3\n|start\n|switch|p1a: Sneasler|Sneasler, L50, F|100/100\n|switch|p2a: Glimmora|Glimmora, L50, F|100/100\n|turn|1\n|inactive|Bbbkty has 30 seconds left.\n|\n|t:|1776383865\n|move|p1a: Sneasler|Close Combat|p2a: Glimmora\n|-damage|p2a: Glimmora|51/100\n|-unboost|p1a: Sneasler|def|1\n|-unboost|p1a: Sneasler|spd|1\n|-activate|p2a: Glimmora|ability: Toxic Debris\n|-sidestart|p1: smurtgurt|move: Toxic Spikes\n|-enditem|p1a: Sneasler|White Herb\n|-clearnegativeboost|p1a: Sneasler|[silent]\n|move|p2a: Glimmora|Earth Power|p1a: Sneasler\n|-supereffective|p1a: Sneasler|1\n|-damage|p1a: Sneasler|22/100\n|\n|upkeep\n|turn|2\n|\n|t:|1776383884\n|move|p1a: Sneasler|Close Combat|p2a: Glimmora\n|-damage|p2a: Glimmora|0 fnt\n|-unboost|p1a: Sneasler|def|1\n|-unboost|p1a: Sneasler|spd|1\n|-activate|p2a: Glimmora|ability: Toxic Debris\n|-sidestart|p1: smurtgurt|move: Toxic Spikes\n|faint|p2a: Glimmora\n|\n|upkeep\n|\n|t:|1776383888\n|switch|p2a: Espathra|Espathra, L50, M|100/100\n|turn|3\n|\n|t:|1776383895\n|move|p2a: Espathra|Protect|p2a: Espathra\n|-singleturn|p2a: Espathra|Protect\n|move|p1a: Sneasler|Throat Chop|p2a: Espathra\n|-activate|p2a: Espathra|move: Protect\n|\n|-ability|p2a: Espathra|Speed Boost|boost\n|-boost|p2a: Espathra|spe|1\n|upkeep\n|turn|4\n|\n|t:|1776383905\n|move|p1a: Sneasler|Throat Chop|p2a: Espathra\n|-supereffective|p2a: Espathra|1\n|-damage|p2a: Espathra|44/100\n|-start|p2a: Espathra|Throat Chop|[silent]\n|-enditem|p2a: Espathra|Sitrus Berry|[eat]\n|-heal|p2a: Espathra|69/100|[from] item: Sitrus Berry\n|move|p2a: Espathra|Lumina Crash|p1a: Sneasler\n|-supereffective|p1a: Sneasler|2\n|-damage|p1a: Sneasler|0 fnt\n|faint|p1a: Sneasler\n|\n|-ability|p2a: Espathra|Speed Boost|boost\n|-boost|p2a: Espathra|spe|1\n|upkeep\n|\n|t:|1776383919\n|switch|p1a: Banette|Banette, L50, F|100/100\n|-status|p1a: Banette|tox\n|turn|5\n|\n|t:|1776383929\n|detailschange|p1a: Banette|Banette-Mega, L50, F\n|-mega|p1a: Banette|Banette|Banettite\n|move|p2a: Espathra|Protect|p2a: Espathra\n|-singleturn|p2a: Espathra|Protect\n|move|p1a: Banette|Shadow Sneak|p2a: Espathra\n|-activate|p2a: Espathra|move: Protect\n|\n|-damage|p1a: Banette|95/100 tox|[from] psn\n|-end|p2a: Espathra|Throat Chop|[silent]\n|-ability|p2a: Espathra|Speed Boost|boost\n|-boost|p2a: Espathra|spe|1\n|upkeep\n|turn|6\n|\n|t:|1776383937\n|move|p1a: Banette|Encore|p2a: Espathra\n|-start|p2a: Espathra|Encore\n|move|p2a: Espathra|Protect||[still]\n|-fail|p2a: Espathra\n|\n|-damage|p1a: Banette|83/100 tox|[from] psn\n|-ability|p2a: Espathra|Speed Boost|boost\n|-boost|p2a: Espathra|spe|1\n|upkeep\n|turn|7\n|\n|t:|1776383947\n|move|p2a: Espathra|Protect|p2a: Espathra\n|-singleturn|p2a: Espathra|Protect\n|move|p1a: Banette|Shadow Sneak|p2a: Espathra\n|-activate|p2a: Espathra|move: Protect\n|\n|-damage|p1a: Banette|65/100 tox|[from] psn\n|-ability|p2a: Espathra|Speed Boost|boost\n|-boost|p2a: Espathra|spe|1\n|upkeep\n|turn|8\n|\n|t:|1776383955\n|move|p2a: Espathra|Protect||[still]\n|-fail|p2a: Espathra\n|move|p1a: Banette|Shadow Sneak|p2a: Espathra\n|-supereffective|p2a: Espathra|1\n|-damage|p2a: Espathra|7/100\n|\n|-damage|p1a: Banette|42/100 tox|[from] psn\n|-end|p2a: Espathra|Encore\n|-ability|p2a: Espathra|Speed Boost|boost\n|-boost|p2a: Espathra|spe|1\n|upkeep\n|turn|9\n|\n|t:|1776383972\n|move|p1a: Banette|Encore|p2a: Espathra\n|-start|p2a: Espathra|Encore\n|move|p2a: Espathra|Protect||[still]\n|-fail|p2a: Espathra\n|\n|-damage|p1a: Banette|13/100 tox|[from] psn\n|upkeep\n|turn|10\n|\n|t:|1776383980\n|switch|p1a: Excadrill|Excadrill, L50, M|100/100\n|-ability|p1a: Excadrill|Mold Breaker\n|move|p2a: Espathra|Protect||[still]\n|-fail|p2a: Espathra\n|\n|upkeep\n|turn|11\n|\n|t:|1776383985\n|move|p2a: Espathra|Protect|p2a: Espathra\n|-singleturn|p2a: Espathra|Protect\n|move|p1a: Excadrill|Earthquake|p2a: Espathra\n|-activate|p2a: Espathra|move: Protect\n|\n|-end|p2a: Espathra|Encore\n|upkeep\n|turn|12\n|\n|t:|1776383990\n|move|p2a: Espathra|Baton Pass|p2a: Espathra\n|\n|t:|1776383992\n|switch|p2a: Clefable|Clefable, L50, F|100/100|[from] Baton Pass\n|move|p1a: Excadrill|Earthquake|p2a: Clefable\n|-damage|p2a: Clefable|58/100\n|\n|upkeep\n|turn|13\n|\n|t:|1776384002\n|detailschange|p2a: Clefable|Clefable-Mega, L50, F\n|-mega|p2a: Clefable|Clefable|Clefablite\n|move|p2a: Clefable|Cosmic Power|p2a: Clefable\n|-boost|p2a: Clefable|def|1\n|-boost|p2a: Clefable|spd|1\n|move|p1a: Excadrill|Earthquake|p2a: Clefable\n|-immune|p2a: Clefable\n|\n|upkeep\n|turn|14\n|\n|t:|1776384018\n|switch|p1a: Banette|Banette-Mega, L50, F|13/100 tox\n|move|p2a: Clefable|Cosmic Power|p2a: Clefable\n|-boost|p2a: Clefable|def|1\n|-boost|p2a: Clefable|spd|1\n|\n|-damage|p1a: Banette|7/100 tox|[from] psn\n|upkeep\n|turn|15\n|inactive|smurtgurt has 30 seconds left.\n|\n|t:|1776384050\n|move|p1a: Banette|Encore|p2a: Clefable\n|move|p2a: Clefable|Encore||[from] ability: Magic Bounce|[still]\n|-fail|p2a: Clefable\n|move|p2a: Clefable|Cosmic Power|p2a: Clefable\n|-boost|p2a: Clefable|def|1\n|-boost|p2a: Clefable|spd|1\n|\n|-damage|p1a: Banette|0 fnt|[from] psn\n|faint|p1a: Banette\n|upkeep\n|\n|t:|1776384058\n|switch|p1a: Excadrill|Excadrill, L50, M|100/100\n|-ability|p1a: Excadrill|Mold Breaker\n|turn|16\n|\n|t:|1776384065\n|move|p2a: Clefable|Moonlight|p2a: Clefable\n|-heal|p2a: Clefable|100/100\n|move|p1a: Excadrill|Poison Jab|p2a: Clefable\n|-supereffective|p2a: Clefable|1\n|-damage|p2a: Clefable|84/100\n|\n|upkeep\n|turn|17\n|\n|t:|1776384069\n|move|p2a: Clefable|Cosmic Power|p2a: Clefable\n|-boost|p2a: Clefable|def|1\n|-boost|p2a: Clefable|spd|1\n|move|p1a: Excadrill|Poison Jab|p2a: Clefable\n|-supereffective|p2a: Clefable|1\n|-damage|p2a: Clefable|69/100\n|\n|upkeep\n|turn|18\n|\n|t:|1776384075\n|move|p2a: Clefable|Stored Power|p1a: Excadrill\n|-resisted|p1a: Excadrill|1\n|-damage|p1a: Excadrill|37/100\n|move|p1a: Excadrill|Poison Jab|p2a: Clefable\n|-supereffective|p2a: Clefable|1\n|-damage|p2a: Clefable|55/100\n|\n|upkeep\n|turn|19\n|\n|t:|1776384079\n|move|p2a: Clefable|Stored Power|p1a: Excadrill\n|-resisted|p1a: Excadrill|1\n|-crit|p1a: Excadrill\n|-damage|p1a: Excadrill|0 fnt\n|faint|p1a: Excadrill\n|\n|win|Bbbkty\n|raw|smurtgurt's rating: 1200 &rarr; <strong>1170</strong><br />(-30 for losing)\n|raw|Bbbkty's rating: 1130 &rarr; <strong>1160</strong><br />(+30 for winning)\n",
  "uploadtime": 1776384081,
  "views": 8,
  "formatid": "gen9championsbssregma",
  "rating": 1160,
  "private": 0,
  "password": null
}