{
  "id": "gen9championsbssregma-2588015415",
  "format": "[Gen 9 Champions] BSS Reg M-A",
  "players": [
    "noah2772",
    "Toto 2B"
  ],
  "log": "|j|\u2606noah2772\n|j|\u2606Toto 2B\n|t:|1776593222\n|gametype|singles\n|player|p1|noah2772|101|1265\n|player|p2|Toto 2B|turo-ai|1358\n|gen|9\n|tier|[Gen 9 Champions] BSS Reg M-A\n|rated|\n|rule|Species Clause: Limit one of each Pok\u00e9mon\n|rule|Item Clause: Limit 1 of each item\n|clearpoke\n|poke|p1|Hippowdon, L50, M, shiny|\n|poke|p1|Charizard, L50, F, shiny|\n|poke|p1|Serperior, L50, F, shiny|\n|poke|p1|Tyranitar, L50, M, shiny|\n|poke|p1|Corviknight, L50, M, shiny|\n|poke|p1|Mimikyu, L50, F, shiny|\n|poke|p2|Greninja, L50, F|\n|poke|p2|Dragapult, L50, F|\n|poke|p2|Azumarill, L50, F|\n|poke|p2|Archaludon, L50, M|\n|poke|p2|Kingambit, L50, M|\n|poke|p2|Charizard, L50, M|\n|teampreview|3\n|inactive|Battle timer is ON: inactive players will automatically lose when time's up. (requested by Toto 2B)\n|inactive|noah2772 has 60 seconds left.\n|inactive|Toto 2B has 60 seconds left.\n|inactive|noah2772 has 30 seconds left.\n|inactive|noah2772 has 20 seconds left.\n|\n|t:|1776593301\n|teamsize|p1|3\n|teamsize|p2|3\n|start\n|switch|p1a: Charizard|Charizard, L50, F, shiny|100/100\n|switch|p2a: Archaludon|Archaludon, L50, M|100/100\n|turn|1\n|\n|t:|1776593318\n|detailschange|p1a: Charizard|Charizard-Mega-Y, L50, F, shiny\n|-mega|p1a: Charizard|Charizard|Charizardite Y\n|-weather|SunnyDay|[from] ability: Drought|[of] p1a: Charizard\n|move|p1a: Charizard|Overheat|p2a: Archaludon\n|-ability|p2a: Archaludon|Sturdy\n|-damage|p2a: Archaludon|1/100\n|-unboost|p1a: Charizard|spa|2\n|move|p2a: Archaludon|Thunder Wave|p1a: Charizard\n|-status|p1a: Charizard|par\n|\n|-weather|SunnyDay|[upkeep]\n|upkeep\n|turn|2\n|j| p74\n|\n|t:|1776593335\n|move|p2a: Archaludon|Stealth Rock|p1a: Charizard\n|-sidestart|p1: noah2772|move: Stealth Rock\n|move|p1a: Charizard|Heat Wave|p2a: Archaludon\n|-damage|p2a: Archaludon|0 fnt\n|faint|p2a: Archaludon\n|\n|-weather|SunnyDay|[upkeep]\n|upkeep\n|\n|t:|1776593341\n|switch|p2a: Azumarill|Azumarill, L50, F|100/100\n|turn|3\n|\n|t:|1776593351\n|switch|p1a: Serperior|Serperior, L50, F, shiny|100/100\n|-damage|p1a: Serperior|88/100|[from] Stealth Rock\n|move|p2a: Azumarill|Belly Drum|p2a: Azumarill\n|-damage|p2a: Azumarill|50/100\n|-setboost|p2a: Azumarill|atk|6|[from] move: Belly Drum\n|-enditem|p2a: Azumarill|Sitrus Berry|[eat]\n|-heal|p2a: Azumarill|75/100|[from] item: Sitrus Berry\n|\n|-weather|SunnyDay|[upkeep]\n|upkeep\n|turn|4\n|\n|t:|1776593363\n|move|p1a: Serperior|Leaf Storm|p2a: Azumarill|[miss]\n|-miss|p1a: Serperior|p2a: Azumarill\n|move|p2a: Azumarill|Play Rough|p1a: Serperior|[miss]\n|-miss|p2a: Azumarill|p1a: Serperior\n|\n|-weather|SunnyDay|[upkeep]\n|upkeep\n|turn|5\n|\n|t:|1776593372\n|move|p1a: Serperior|Leaf Storm|p2a: Azumarill\n|-supereffective|p2a: Azumarill|1\n|-damage|p2a: Azumarill|0 fnt\n|-boost|p1a: Serperior|spa|2\n|faint|p2a: Azumarill\n|\n|-weather|none\n|upkeep\n|\n|t:|1776593375\n|switch|p2a: Greninja|Greninja, L50, F|100/100\n|turn|6\n|\n|t:|1776593383\n|detailschange|p2a: Greninja|Greninja-Mega, L50, F\n|-mega|p2a: Greninja|Greninja|Greninjite\n|move|p2a: Greninja|Sludge Wave|p1a: Serperior\n|-start|p2a: Greninja|typechange|Poison|[from] ability: Protean\n|-supereffective|p1a: Serperior|1\n|-damage|p1a: Serperior|0 fnt\n|faint|p1a: Serperior\n|\n|upkeep\n|\n|t:|1776593399\n|switch|p1a: Hippowdon|Hippowdon, L50, M, shiny|100/100\n|-damage|p1a: Hippowdon|94/100|[from] Stealth Rock\n|-weather|Sandstorm|[from] ability: Sand Stream|[of] p1a: Hippowdon\n|turn|7\n|\n|t:|1776593420\n|move|p2a: Greninja|Surf|p1a: Hippowdon\n|-supereffective|p1a: Hippowdon|1\n|-damage|p1a: Hippowdon|27/100\n|-enditem|p1a: Hippowdon|Sitrus Berry|[eat]\n|-heal|p1a: Hippowdon|51/100|[from] item: Sitrus Berry\n|move|p1a: Hippowdon|Earthquake|p2a: Greninja\n|-supereffective|p2a: Greninja|1\n|-damage|p2a: Greninja|0 fnt\n|faint|p2a: Greninja\n|\n|win|noah2772\n|raw|noah2772's rating: 1265 &rarr; <strong>1297</strong><br />(+32 for winning)\n|raw|Toto 2B's rating: 1358 &rarr; <strong>1333</strong><br />(-25 for losing)\n|l|\u2606Toto 2B\n|player|p2|\n|l|\u2606noah2772\n|player|p1|\n",
  "uploadtime": 1776593525,
  "views": 3,
  "formatid": "gen9championsbssregma",
  "rating": 1297,
  "private": 0,
  "password": null
}