{
  "id": "gen9championsbssregma-2584849828",
  "format": "[Gen 9 Champions] BSS Reg M-A",
  "players": [
    "drafeon",
    "Ineedaonetype"
  ],
  "log": "|j|\u2606drafeon\n|j|\u2606Ineedaonetype\n|t:|1776288516\n|gametype|singles\n|player|p1|drafeon|elesa|1256\n|player|p2|Ineedaonetype|101|1350\n|gen|9\n|tier|[Gen 9 Champions] BSS Reg M-A\n|rated|\n|rule|Species Clause: Limit one of each Pok\u00e9mon\n|rule|Item Clause: Limit 1 of each item\n|clearpoke\n|poke|p1|Beedrill, L50, M|\n|poke|p1|Kingambit, L50, F|\n|poke|p1|Conkeldurr, L50, M|\n|poke|p1|Chandelure, L50, F|\n|poke|p1|Meowstic-F, L50, F|\n|poke|p1|Vanilluxe, L50, M|\n|poke|p2|Samurott-Hisui, L50, M|\n|poke|p2|Archaludon, L50, F|\n|poke|p2|Meowscarada, L50, M|\n|poke|p2|Charizard, L50, M|\n|poke|p2|Rotom-Wash, L50|\n|poke|p2|Azumarill, L50, F|\n|teampreview|3\n|inactive|Battle timer is ON: inactive players will automatically lose when time's up. (requested by drafeon)\n|\n|t:|1776288541\n|teamsize|p1|3\n|teamsize|p2|3\n|start\n|switch|p1a: Vanilluxe|Vanilluxe, L50, M|100/100\n|switch|p2a: Samurott|Samurott-Hisui, L50, M|100/100\n|-weather|Snowscape|[from] ability: Snow Warning|[of] p1a: Vanilluxe\n|turn|1\n|\n|t:|1776288547\n|move|p2a: Samurott|Ceaseless Edge|p1a: Vanilluxe\n|-damage|p1a: Vanilluxe|62/100\n|-sidestart|p1: drafeon|Spikes\n|move|p1a: Vanilluxe|Icy Wind|p2a: Samurott\n|-resisted|p2a: Samurott|1\n|-damage|p2a: Samurott|81/100\n|-unboost|p2a: Samurott|spe|1\n|\n|-weather|Snowscape|[upkeep]\n|upkeep\n|turn|2\n|\n|t:|1776288553\n|move|p1a: Vanilluxe|Aurora Veil|p1a: Vanilluxe\n|-sidestart|p1: drafeon|move: Aurora Veil\n|move|p2a: Samurott|Ceaseless Edge|p1a: Vanilluxe\n|-damage|p1a: Vanilluxe|40/100\n|-sidestart|p1: drafeon|Spikes\n|\n|-weather|Snowscape|[upkeep]\n|upkeep\n|turn|3\n|\n|t:|1776288563\n|switch|p1a: Conkeldurr|Conkeldurr, L50, M|100/100\n|-damage|p1a: Conkeldurr|84/100|[from] Spikes\n|move|p2a: Samurott|Ceaseless Edge|p1a: Conkeldurr\n|-resisted|p1a: Conkeldurr|1\n|-damage|p1a: Conkeldurr|74/100\n|-sidestart|p1: drafeon|Spikes\n|\n|-weather|Snowscape|[upkeep]\n|upkeep\n|turn|4\n|-activate|p1a: Conkeldurr|item: Quick Claw\n|\n|t:|1776288569\n|move|p1a: Conkeldurr|Mach Punch|p2a: Samurott\n|-supereffective|p2a: Samurott|1\n|-damage|p2a: Samurott|1/100\n|move|p2a: Samurott|Aqua Cutter|p1a: Conkeldurr\n|-damage|p1a: Conkeldurr|54/100\n|\n|-weather|Snowscape|[upkeep]\n|upkeep\n|turn|5\n|\n|t:|1776288578\n|move|p2a: Samurott|Sucker Punch|p1a: Conkeldurr\n|-resisted|p1a: Conkeldurr|1\n|-damage|p1a: Conkeldurr|47/100\n|move|p1a: Conkeldurr|Mach Punch|p2a: Samurott\n|-supereffective|p2a: Samurott|1\n|-damage|p2a: Samurott|0 fnt\n|faint|p2a: Samurott\n|\n|-weather|none\n|upkeep\n|\n|t:|1776288586\n|switch|p2a: Rotom|Rotom-Wash, L50|100/100\n|turn|6\n|\n|t:|1776288596\n|move|p2a: Rotom|Thunderbolt|p1a: Conkeldurr\n|-damage|p1a: Conkeldurr|22/100\n|move|p1a: Conkeldurr|Knock Off|p2a: Rotom\n|-damage|p2a: Rotom|58/100\n|-enditem|p2a: Rotom|Leftovers|[from] move: Knock Off|[of] p1a: Conkeldurr\n|\n|-sideend|p1: drafeon|move: Aurora Veil\n|upkeep\n|turn|7\n|\n|t:|1776288605\n|move|p1a: Conkeldurr|Mach Punch|p2a: Rotom\n|-damage|p2a: Rotom|28/100\n|move|p2a: Rotom|Thunderbolt|p1a: Conkeldurr\n|-damage|p1a: Conkeldurr|0 fnt\n|faint|p1a: Conkeldurr\n|\n|upkeep\n|\n|t:|1776288606\n|switch|p1a: Meowstic|Meowstic-F, L50, F, shiny|100/100\n|-damage|p1a: Meowstic|76/100|[from] Spikes\n|turn|8\n|j| p74\n|\n|t:|1776288613\n|move|p1a: Meowstic|Psychic|p2a: Rotom\n|-damage|p2a: Rotom|0 fnt\n|faint|p2a: Rotom\n|\n|upkeep\n|\n|t:|1776288615\n|switch|p2a: Archaludon|Archaludon, L50, F|100/100\n|turn|9\n|\n|t:|1776288630\n|detailschange|p1a: Meowstic|Meowstic-F-Mega, L50, F, shiny\n|-mega|p1a: Meowstic|Meowstic|Meowsticite\n|-ability|p1a: Meowstic|Sturdy|Trace|[from] ability: Trace|[of] p2a: Archaludon\n|move|p1a: Meowstic|Psychic|p2a: Archaludon\n|-resisted|p2a: Archaludon|1\n|-damage|p2a: Archaludon|64/100\n|move|p2a: Archaludon|Draco Meteor|p1a: Meowstic\n|-damage|p1a: Meowstic|0 fnt\n|-unboost|p2a: Archaludon|spa|2\n|faint|p1a: Meowstic\n|-enditem|p2a: Archaludon|White Herb\n|-clearnegativeboost|p2a: Archaludon|[silent]\n|\n|upkeep\n|\n|t:|1776288633\n|switch|p1a: Vanilluxe|Vanilluxe, L50, M|40/100\n|-damage|p1a: Vanilluxe|15/100|[from] Spikes\n|-weather|Snowscape|[from] ability: Snow Warning|[of] p1a: Vanilluxe\n|turn|10\n|\n|t:|1776288638\n|move|p2a: Archaludon|Flash Cannon|p1a: Vanilluxe\n|-supereffective|p1a: Vanilluxe|1\n|-damage|p1a: Vanilluxe|0 fnt\n|faint|p1a: Vanilluxe\n|\n|win|Ineedaonetype\n|raw|drafeon's rating: 1256 &rarr; <strong>1238</strong><br />(-18 for losing)\n|raw|Ineedaonetype's rating: 1350 &rarr; <strong>1365</strong><br />(+15 for winning)\n|l|\u2606drafeon\n|player|p1|\n",
  "uploadtime": 1776288643,
  "views": 3,
  "formatid": "gen9championsbssregma",
  "rating": 1238,
  "private": 0,
  "password": null
}