{
  "id": "gen9championsbssregma-2581802379",
  "format": "[Gen 9 Champions] BSS Reg M-A",
  "players": [
    "silux h'kimix",
    "SpankDaddyRecords"
  ],
  "log": "|j|\u2606silux h'kimix\n|j|\u2606SpankDaddyRecords\n|t:|1776029599\n|gametype|singles\n|player|p1|silux h'kimix|hilbert|1081\n|player|p2|SpankDaddyRecords|101|1174\n|gen|9\n|tier|[Gen 9 Champions] BSS Reg M-A\n|rated|\n|rule|Species Clause: Limit one of each Pok\u00e9mon\n|rule|Item Clause: Limit 1 of each item\n|clearpoke\n|poke|p1|Charizard, L50, M|\n|poke|p1|Greninja-*, L50, M|\n|poke|p1|Meowscarada, L50, M|\n|poke|p1|Archaludon, L50, F|\n|poke|p1|Ceruledge, L50, F|\n|poke|p1|Dragonite, L50, M|\n|poke|p2|Garchomp, L50, M|\n|poke|p2|Espathra, L50, M|\n|poke|p2|Slowbro, L50, M|\n|poke|p2|Mimikyu, L50, F|\n|poke|p2|Volcarona, L50, F|\n|poke|p2|Blastoise, L50, M|\n|teampreview|3\n|inactive|Battle timer is ON: inactive players will automatically lose when time's up. (requested by SpankDaddyRecords)\n|inactive|silux h'kimix has 60 seconds left.\n|inactive|silux h'kimix has 30 seconds left.\n|\n|t:|1776029667\n|teamsize|p1|3\n|teamsize|p2|3\n|start\n|switch|p1a: Meowscarada|Meowscarada, L50, M|100/100\n|switch|p2a: Espathra|Espathra, L50, M|100/100\n|turn|1\n|\n|t:|1776029678\n|move|p1a: Meowscarada|Knock Off|p2a: Espathra\n|-start|p1a: Meowscarada|typechange|Dark|[from] ability: Protean\n|-supereffective|p2a: Espathra|1\n|-damage|p2a: Espathra|0 fnt\n|-enditem|p2a: Espathra|Leftovers|[from] move: Knock Off|[of] p1a: Meowscarada\n|faint|p2a: Espathra\n|\n|upkeep\n|\n|t:|1776029681\n|switch|p2a: Mimikyu|Mimikyu, L50, F|100/100\n|turn|2\n|\n|t:|1776029689\n|move|p1a: Meowscarada|Knock Off|p2a: Mimikyu\n|-activate|p2a: Mimikyu|ability: Disguise\n|-damage|p2a: Mimikyu|100/100\n|-enditem|p2a: Mimikyu|Sitrus Berry|[from] move: Knock Off|[of] p1a: Meowscarada\n|detailschange|p2a: Mimikyu|Mimikyu-Busted, L50, F\n|-damage|p2a: Mimikyu|88/100|[from] pokemon: Mimikyu-Busted\n|move|p2a: Mimikyu|Substitute|p2a: Mimikyu\n|-start|p2a: Mimikyu|Substitute\n|-damage|p2a: Mimikyu|63/100\n|\n|upkeep\n|turn|3\n|\n|t:|1776029701\n|move|p1a: Meowscarada|Knock Off|p2a: Mimikyu\n|-end|p2a: Mimikyu|Substitute\n|move|p2a: Mimikyu|Play Rough|p1a: Meowscarada\n|-supereffective|p1a: Meowscarada|1\n|-damage|p1a: Meowscarada|22/100\n|\n|upkeep\n|turn|4\n|\n|t:|1776029707\n|move|p1a: Meowscarada|Knock Off|p2a: Mimikyu\n|-damage|p2a: Mimikyu|30/100\n|move|p2a: Mimikyu|Play Rough|p1a: Meowscarada\n|-supereffective|p1a: Meowscarada|1\n|-damage|p1a: Meowscarada|0 fnt\n|faint|p1a: Meowscarada\n|\n|upkeep\n|\n|t:|1776029727\n|switch|p1a: Charizard|Charizard, L50, M|100/100\n|turn|5\n|\n|t:|1776029736\n|detailschange|p1a: Charizard|Charizard-Mega-Y, L50, M\n|-mega|p1a: Charizard|Charizard|Charizardite Y\n|-weather|SunnyDay|[from] ability: Drought|[of] p1a: Charizard\n|move|p1a: Charizard|Weather Ball|p2a: Mimikyu\n|-damage|p2a: Mimikyu|0 fnt\n|faint|p2a: Mimikyu\n|\n|-weather|SunnyDay|[upkeep]\n|upkeep\n|\n|t:|1776029739\n|switch|p2a: Garchomp|Garchomp, L50, M|100/100\n|turn|6\n|\n|t:|1776029759\n|move|p2a: Garchomp|Swords Dance|p2a: Garchomp\n|-boost|p2a: Garchomp|atk|2\n|move|p1a: Charizard|Solar Beam||[still]\n|-prepare|p1a: Charizard|Solar Beam\n|-anim|p1a: Charizard|Solar Beam|p2a: Garchomp\n|-damage|p2a: Garchomp|50/100\n|\n|-weather|SunnyDay|[upkeep]\n|upkeep\n|turn|7\n|\n|t:|1776029779\n|move|p2a: Garchomp|Outrage|p1a: Charizard\n|-damage|p1a: Charizard|0 fnt\n|faint|p1a: Charizard\n|\n|-weather|SunnyDay|[upkeep]\n|upkeep\n|\n|t:|1776029784\n|switch|p1a: Greninja|Greninja, L50, M|100/100\n|turn|8\n|\n|t:|1776029790\n|move|p1a: Greninja|Ice Beam|p2a: Garchomp\n|-start|p1a: Greninja|typechange|Ice|[from] ability: Protean\n|-supereffective|p2a: Garchomp|2\n|-damage|p2a: Garchomp|0 fnt\n|faint|p2a: Garchomp\n|\n|win|silux h'kimix\n|raw|silux h&apos;kimix's rating: 1081 &rarr; <strong>1116</strong><br />(+35 for winning)\n|raw|SpankDaddyRecords's rating: 1174 &rarr; <strong>1142</strong><br />(-32 for losing)\n|c|\u2606SpankDaddyRecords|Yache\n|c|\u2606SpankDaddyRecords|Nice try\n|c|\u2606silux h'kimix|ok good battle\n",
  "uploadtime": 1776029843,
  "views": 4,
  "formatid": "gen9championsbssregma",
  "rating": 1116,
  "private": 0,
  "password": null
}