{
  "id": "gen9championsbssregma-2583869924",
  "format": "[Gen 9 Champions] BSS Reg M-A",
  "players": [
    "Josep71",
    "Santi2007"
  ],
  "log": "|j|\u2606Josep71\n|j|\u2606Santi2007\n|t:|1776204147\n|gametype|singles\n|player|p1|Josep71|red|1164\n|player|p2|Santi2007|1|1077\n|gen|9\n|tier|[Gen 9 Champions] BSS Reg M-A\n|rated|\n|rule|Species Clause: Limit one of each Pok\u00e9mon\n|rule|Item Clause: Limit 1 of each item\n|clearpoke\n|poke|p1|Charizard, L50, F|\n|poke|p1|Excadrill, L50, M|\n|poke|p1|Gyarados, L50, F|\n|poke|p1|Garchomp, L50, F|\n|poke|p1|Rotom-Wash, L50|\n|poke|p1|Slowking-Galar, L50, M|\n|poke|p2|Meowscarada, L50, M|\n|poke|p2|Gallade, L50, M|\n|poke|p2|Delphox, L50, F|\n|poke|p2|Aegislash, L50, M|\n|poke|p2|Araquanid, L50, F|\n|poke|p2|Lucario, L50, M|\n|teampreview|3\n|\n|t:|1776204184\n|teamsize|p1|3\n|teamsize|p2|3\n|start\n|switch|p1a: Excadrill|Excadrill, L50, M, shiny|100/100\n|switch|p2a: Gallade|Gallade, L50, M|100/100\n|-ability|p1a: Excadrill|Mold Breaker\n|turn|1\n|\n|t:|1776204207\n|move|p2a: Gallade|Sacred Sword|p1a: Excadrill\n|-supereffective|p1a: Excadrill|1\n|-enditem|p1a: Excadrill|Focus Sash\n|-damage|p1a: Excadrill|1/100\n|move|p1a: Excadrill|Rock Tomb|p2a: Gallade\n|-resisted|p2a: Gallade|1\n|-damage|p2a: Gallade|80/100\n|-unboost|p2a: Gallade|spe|1\n|\n|upkeep\n|turn|2\n|\n|t:|1776204229\n|move|p1a: Excadrill|Earthquake|p2a: Gallade\n|-damage|p2a: Gallade|0 fnt\n|faint|p2a: Gallade\n|\n|upkeep\n|\n|t:|1776204238\n|switch|p2a: Delphox|Delphox, L50, F|100/100\n|turn|3\n|\n|t:|1776204247\n|detailschange|p2a: Delphox|Delphox-Mega, L50, F\n|-mega|p2a: Delphox|Delphox|Delphoxite\n|move|p2a: Delphox|Scorching Sands|p1a: Excadrill\n|-supereffective|p1a: Excadrill|1\n|-damage|p1a: Excadrill|0 fnt\n|faint|p1a: Excadrill\n|\n|upkeep\n|\n|t:|1776204255\n|switch|p1a: Rotom|Rotom-Wash, L50, shiny|100/100\n|turn|4\n|\n|t:|1776204263\n|switch|p2a: Araquanid|Araquanid, L50, F|100/100\n|move|p1a: Rotom|Hydro Pump|p2a: Araquanid\n|-resisted|p2a: Araquanid|1\n|-damage|p2a: Araquanid|78/100\n|\n|upkeep\n|turn|5\n|\n|t:|1776204304\n|switch|p1a: Charizard|Charizard, L50, F, shiny|100/100\n|move|p2a: Araquanid|Leech Life|p1a: Charizard\n|-resisted|p1a: Charizard|2\n|-damage|p1a: Charizard|94/100\n|-heal|p2a: Araquanid|81/100|[from] drain|[of] p1a: Charizard\n|\n|upkeep\n|turn|6\n|\n|t:|1776204326\n|detailschange|p1a: Charizard|Charizard-Mega-Y, L50, F, shiny\n|-mega|p1a: Charizard|Charizard|Charizardite Y\n|-weather|SunnyDay|[from] ability: Drought|[of] p1a: Charizard\n|move|p1a: Charizard|Air Slash|p2a: Araquanid\n|-supereffective|p2a: Araquanid|1\n|-damage|p2a: Araquanid|0 fnt\n|faint|p2a: Araquanid\n|\n|-weather|SunnyDay|[upkeep]\n|upkeep\n|\n|t:|1776204335\n|switch|p2a: Delphox|Delphox-Mega, L50, F|100/100\n|turn|7\n|\n|t:|1776204345\n|move|p2a: Delphox|Nasty Plot|p2a: Delphox\n|-boost|p2a: Delphox|spa|2\n|move|p1a: Charizard|Air Slash|p2a: Delphox\n|-damage|p2a: Delphox|52/100\n|\n|-weather|SunnyDay|[upkeep]\n|upkeep\n|turn|8\n|\n|t:|1776204353\n|move|p2a: Delphox|Psyshock|p1a: Charizard\n|-damage|p1a: Charizard|0 fnt\n|faint|p1a: Charizard\n|\n|-weather|SunnyDay|[upkeep]\n|upkeep\n|\n|t:|1776204355\n|switch|p1a: Rotom|Rotom-Wash, L50, shiny|100/100\n|turn|9\n|\n|t:|1776204361\n|move|p1a: Rotom|Hydro Pump|p2a: Delphox\n|-supereffective|p2a: Delphox|1\n|-damage|p2a: Delphox|1/100\n|move|p2a: Delphox|Psyshock|p1a: Rotom\n|-damage|p1a: Rotom|0 fnt\n|faint|p1a: Rotom\n|\n|win|Santi2007\n|raw|Josep71's rating: 1164 &rarr; <strong>1133</strong><br />(-31 for losing)\n|raw|Santi2007's rating: 1077 &rarr; <strong>1112</strong><br />(+35 for winning)\n|l|\u2606Santi2007\n|player|p2|\n",
  "uploadtime": 1776204379,
  "views": 5,
  "formatid": "gen9championsbssregma",
  "rating": 1112,
  "private": 0,
  "password": null
}