{
  "id": "gen9championsbssregma-2583995830",
  "format": "[Gen 9 Champions] BSS Reg M-A",
  "players": [
    "sheepie_sheep",
    "SDK04"
  ],
  "log": "|j|\u2606sheepie_sheep\n|j|\u2606SDK04\n|inactive|Battle timer is ON: inactive players will automatically lose when time's up.\n|t:|1776215181\n|gametype|singles\n|player|p1|sheepie_sheep|jasmine-masters2|\n|player|p2|SDK04|miku-ground|\n|gen|9\n|tier|[Gen 9 Champions] BSS Reg M-A\n|rated|Tournament battle\n|rule|Species Clause: Limit one of each Pok\u00e9mon\n|rule|Item Clause: Limit 1 of each item\n|clearpoke\n|poke|p1|Starmie, L50|\n|poke|p1|Dragapult, L50, F|\n|poke|p1|Corviknight, L50, M|\n|poke|p1|Meganium, L50, M|\n|poke|p1|Volcarona, L50, F|\n|poke|p1|Slowking-Galar, L50, M|\n|poke|p2|Dragapult, L50, F|\n|poke|p2|Slowbro-Galar, L50, M|\n|poke|p2|Kingambit, L50, M|\n|poke|p2|Hydrapple, L50, F|\n|poke|p2|Rhyperior, L50, M|\n|poke|p2|Hatterene, L50, F|\n|teampreview|3\n|\n|t:|1776215210\n|teamsize|p1|3\n|teamsize|p2|3\n|start\n|switch|p1a: Dragapult|Dragapult, L50, F|100/100\n|switch|p2a: The Screener|Dragapult, L50, F|100/100\n|turn|1\n|\n|t:|1776215215\n|move|p2a: The Screener|Reflect|p2a: The Screener\n|-sidestart|p2: SDK04|Reflect\n|move|p1a: Dragapult|Dragon Darts|p2a: The Screener\n|-supereffective|p2a: The Screener|1\n|-damage|p2a: The Screener|42/100\n|-anim|p1a: Dragapult|Dragon Darts|p2a: The Screener\n|-supereffective|p2a: The Screener|1\n|-damage|p2a: The Screener|0 fnt\n|faint|p2a: The Screener\n|\n|upkeep\n|\n|t:|1776215221\n|switch|p2a: Jackpot Merchant|Hydrapple, L50, F|100/100\n|turn|2\n|\n|t:|1776215227\n|move|p1a: Dragapult|Draco Meteor|p2a: Jackpot Merchant\n|-supereffective|p2a: Jackpot Merchant|1\n|-damage|p2a: Jackpot Merchant|0 fnt\n|-unboost|p1a: Dragapult|spa|2\n|faint|p2a: Jackpot Merchant\n|\n|upkeep\n|\n|t:|1776215229\n|switch|p2a: RNGesus|Slowbro-Galar, L50, M, shiny|100/100\n|turn|3\n|-activate|p2a: RNGesus|item: Quick Claw\n|\n|t:|1776215232\n|move|p2a: RNGesus|Nasty Plot|p2a: RNGesus\n|-boost|p2a: RNGesus|spa|2\n|move|p1a: Dragapult|U-turn|p2a: RNGesus\n|-damage|p2a: RNGesus|84/100\n|\n|t:|1776215235\n|switch|p1a: Starmie|Starmie, L50|100/100|[from] U-turn\n|\n|upkeep\n|turn|4\n|\n|t:|1776215239\n|detailschange|p1a: Starmie|Starmie-Mega, L50\n|-mega|p1a: Starmie|Starmie|Starminite\n|move|p1a: Starmie|Liquidation|p2a: RNGesus\n|-damage|p2a: RNGesus|53/100\n|move|p2a: RNGesus|Sludge Bomb|p1a: Starmie\n|-damage|p1a: Starmie|0 fnt\n|faint|p1a: Starmie\n|\n|upkeep\n|\n|t:|1776215248\n|switch|p1a: Dragapult|Dragapult, L50, F|100/100\n|turn|5\n|-activate|p2a: RNGesus|item: Quick Claw\n|\n|t:|1776215250\n|move|p2a: RNGesus|Psyshock|p1a: Dragapult\n|-damage|p1a: Dragapult|0 fnt\n|faint|p1a: Dragapult\n|\n|-sideend|p2: SDK04|Reflect\n|upkeep\n|\n|t:|1776215253\n|switch|p1a: Volcarona|Volcarona, L50, F|100/100\n|turn|6\n|\n|t:|1776215256\n|move|p1a: Volcarona|Quiver Dance|p1a: Volcarona\n|-boost|p1a: Volcarona|spa|1\n|-boost|p1a: Volcarona|spd|1\n|-boost|p1a: Volcarona|spe|1\n|move|p2a: RNGesus|Psyshock|p1a: Volcarona\n|-damage|p1a: Volcarona|14/100\n|\n|upkeep\n|turn|7\n|\n|t:|1776215260\n|move|p1a: Volcarona|Bug Buzz|p2a: RNGesus\n|-damage|p2a: RNGesus|0 fnt\n|faint|p2a: RNGesus\n|\n|win|sheepie_sheep\n|n|\u2606sheepie_sheep|sheepiesheep\n|n|\u2606SDK04|sdk04\n|c|\u2606SDK04|gg\n|l|\u2606sheepie_sheep\n|player|p1|\n|c|\u2606SDK04|wp\n",
  "uploadtime": 1776215267,
  "views": 4,
  "formatid": "gen9championsbssregma",
  "rating": null,
  "private": 0,
  "password": null
}