{
  "id": "gen9championsbssregma-2583861467",
  "format": "[Gen 9 Champions] BSS Reg M-A",
  "players": [
    "wahffuls",
    "idunnoagoodnam"
  ],
  "log": "|j|\u2606wahffuls\n|j|\u2606idunnoagoodnam\n|t:|1776203471\n|gametype|singles\n|player|p1|wahffuls|dawn|1193\n|player|p2|idunnoagoodnam|1|1126\n|gen|9\n|tier|[Gen 9 Champions] BSS Reg M-A\n|rated|\n|rule|Species Clause: Limit one of each Pok\u00e9mon\n|rule|Item Clause: Limit 1 of each item\n|clearpoke\n|poke|p1|Pelipper, L50, M|\n|poke|p1|Basculegion, L50, M|\n|poke|p1|Archaludon, L50, F|\n|poke|p1|Scizor, L50, M|\n|poke|p1|Garchomp, L50, F|\n|poke|p1|Meowscarada, L50, M|\n|poke|p2|Lopunny, L50, M|\n|poke|p2|Primarina, L50, M|\n|poke|p2|Corviknight, L50, M|\n|poke|p2|Dragonite, L50, F|\n|poke|p2|Rotom-Heat, L50|\n|poke|p2|Meowscarada, L50, F|\n|teampreview|3\n|\n|t:|1776203517\n|teamsize|p1|3\n|teamsize|p2|3\n|start\n|switch|p1a: Pelipper|Pelipper, L50, M|100/100\n|switch|p2a: Dragonite|Dragonite, L50, F, shiny|100/100\n|-weather|RainDance|[from] ability: Drizzle|[of] p1a: Pelipper\n|turn|1\n|\n|t:|1776203537\n|switch|p1a: Archaludon|Archaludon, L50, F|100/100\n|detailschange|p2a: Dragonite|Dragonite-Mega, L50, F, shiny\n|-mega|p2a: Dragonite|Dragonite|Dragoninite\n|move|p2a: Dragonite|Thunderbolt|p1a: Archaludon\n|-resisted|p1a: Archaludon|1\n|-damage|p1a: Archaludon|76/100\n|-ability|p1a: Archaludon|Stamina|boost\n|-boost|p1a: Archaludon|def|1\n|\n|-weather|RainDance|[upkeep]\n|upkeep\n|turn|2\n|\n|t:|1776203550\n|move|p2a: Dragonite|Draco Meteor|p1a: Archaludon\n|-damage|p1a: Archaludon|0 fnt\n|-unboost|p2a: Dragonite|spa|2\n|faint|p1a: Archaludon\n|\n|-weather|RainDance|[upkeep]\n|upkeep\n|\n|t:|1776203563\n|switch|p1a: Scizor|Scizor, L50, M, shiny|100/100\n|turn|3\n|\n|t:|1776203578\n|switch|p2a: Meowscarada|Meowscarada, L50, F|100/100\n|detailschange|p1a: Scizor|Scizor-Mega, L50, M, shiny\n|-mega|p1a: Scizor|Scizor|Scizorite\n|move|p1a: Scizor|Swords Dance|p1a: Scizor\n|-boost|p1a: Scizor|atk|2\n|\n|-weather|RainDance|[upkeep]\n|upkeep\n|turn|4\n|\n|t:|1776203605\n|move|p2a: Meowscarada|Knock Off|p1a: Scizor\n|-start|p2a: Meowscarada|typechange|Dark|[from] ability: Protean\n|-damage|p1a: Scizor|77/100\n|move|p1a: Scizor|Bug Bite|p2a: Meowscarada\n|-supereffective|p2a: Meowscarada|1\n|-enditem|p2a: Meowscarada|Focus Sash\n|-damage|p2a: Meowscarada|1/100\n|\n|-weather|RainDance|[upkeep]\n|upkeep\n|turn|5\n|\n|t:|1776203614\n|move|p2a: Meowscarada|Sucker Punch|p1a: Scizor\n|-damage|p1a: Scizor|52/100\n|move|p1a: Scizor|Bullet Punch|p2a: Meowscarada\n|-damage|p2a: Meowscarada|0 fnt\n|faint|p2a: Meowscarada\n|\n|-weather|none\n|upkeep\n|\n|t:|1776203619\n|switch|p2a: Rotom|Rotom-Heat, L50|100/100\n|turn|6\n|\n|t:|1776203623\n|switch|p1a: Pelipper|Pelipper, L50, M|100/100\n|-weather|RainDance|[from] ability: Drizzle|[of] p1a: Pelipper\n|move|p2a: Rotom|Volt Switch|p1a: Pelipper\n|-supereffective|p1a: Pelipper|2\n|-damage|p1a: Pelipper|0 fnt\n|faint|p1a: Pelipper\n|\n|t:|1776203626\n|switch|p2a: Dragonite|Dragonite-Mega, L50, F, shiny|100/100|[from] Volt Switch\n|\n|-weather|RainDance|[upkeep]\n|upkeep\n|\n|t:|1776203634\n|switch|p1a: Scizor|Scizor-Mega, L50, M, shiny|52/100\n|turn|7\n|\n|t:|1776203643\n|move|p2a: Dragonite|Thunderbolt|p1a: Scizor\n|-damage|p1a: Scizor|16/100\n|move|p1a: Scizor|Roost|p1a: Scizor\n|-heal|p1a: Scizor|66/100\n|-singleturn|p1a: Scizor|move: Roost\n|\n|-weather|RainDance|[upkeep]\n|upkeep\n|turn|8\n|\n|t:|1776203650\n|move|p2a: Dragonite|Thunderbolt|p1a: Scizor\n|-damage|p1a: Scizor|25/100\n|move|p1a: Scizor|Roost|p1a: Scizor\n|-heal|p1a: Scizor|76/100\n|-singleturn|p1a: Scizor|move: Roost\n|\n|-weather|RainDance|[upkeep]\n|upkeep\n|turn|9\n|\n|t:|1776203656\n|move|p2a: Dragonite|Thunderbolt|p1a: Scizor\n|-damage|p1a: Scizor|41/100\n|move|p1a: Scizor|Roost|p1a: Scizor\n|-heal|p1a: Scizor|91/100\n|-singleturn|p1a: Scizor|move: Roost\n|\n|-weather|RainDance|[upkeep]\n|upkeep\n|turn|10\n|\n|t:|1776203663\n|move|p2a: Dragonite|Thunderbolt|p1a: Scizor\n|-damage|p1a: Scizor|50/100\n|move|p1a: Scizor|Swords Dance|p1a: Scizor\n|-boost|p1a: Scizor|atk|2\n|\n|-weather|none\n|upkeep\n|turn|11\n|\n|t:|1776203669\n|move|p2a: Dragonite|Thunderbolt|p1a: Scizor\n|-damage|p1a: Scizor|14/100\n|move|p1a: Scizor|Roost|p1a: Scizor\n|-heal|p1a: Scizor|64/100\n|-singleturn|p1a: Scizor|move: Roost\n|\n|upkeep\n|turn|12\n|\n|t:|1776203675\n|move|p2a: Dragonite|Thunderbolt|p1a: Scizor\n|-damage|p1a: Scizor|30/100\n|move|p1a: Scizor|Roost|p1a: Scizor\n|-heal|p1a: Scizor|80/100\n|-singleturn|p1a: Scizor|move: Roost\n|\n|upkeep\n|turn|13\n|\n|t:|1776203683\n|move|p1a: Scizor|Bullet Punch|p2a: Dragonite\n|-damage|p2a: Dragonite|67/100\n|move|p2a: Dragonite|Thunderbolt|p1a: Scizor\n|-damage|p1a: Scizor|42/100\n|-status|p1a: Scizor|par\n|\n|upkeep\n|turn|14\n|\n|t:|1776203689\n|move|p2a: Dragonite|Thunderbolt|p1a: Scizor\n|-damage|p1a: Scizor|2/100 par\n|move|p1a: Scizor|Roost|p1a: Scizor\n|-heal|p1a: Scizor|52/100 par\n|-singleturn|p1a: Scizor|move: Roost\n|\n|upkeep\n|turn|15\n|\n|t:|1776203695\n|move|p2a: Dragonite|Thunderbolt|p1a: Scizor\n|-damage|p1a: Scizor|17/100 par\n|move|p1a: Scizor|Roost|p1a: Scizor\n|-heal|p1a: Scizor|68/100 par\n|-singleturn|p1a: Scizor|move: Roost\n|\n|upkeep\n|turn|16\n|\n|t:|1776203701\n|move|p1a: Scizor|Bullet Punch|p2a: Dragonite\n|-damage|p2a: Dragonite|0 fnt\n|faint|p2a: Dragonite\n|\n|upkeep\n|\n|t:|1776203703\n|switch|p2a: Rotom|Rotom-Heat, L50|100/100\n|turn|17\n|\n|t:|1776203716\n|move|p2a: Rotom|Overheat|p1a: Scizor\n|-supereffective|p1a: Scizor|2\n|-damage|p1a: Scizor|0 fnt\n|-unboost|p2a: Rotom|spa|2\n|faint|p1a: Scizor\n|\n|win|idunnoagoodnam\n|raw|wahffuls's rating: 1193 &rarr; <strong>1163</strong><br />(-30 for losing)\n|raw|idunnoagoodnam's rating: 1126 &rarr; <strong>1156</strong><br />(+30 for winning)\n|c|\u2606idunnoagoodnam|Gg\n",
  "uploadtime": 1776203729,
  "views": 13,
  "formatid": "gen9championsbssregma",
  "rating": 1156,
  "private": 0,
  "password": null
}