{
  "id": "gen9championsbssregma-2583178194",
  "format": "[Gen 9 Champions] BSS Reg M-A",
  "players": [
    "3gege",
    "chanmin"
  ],
  "log": "|j|\u26063gege\n|j|\u2606chanmin\n|t:|1776151469\n|gametype|singles\n|player|p1|3gege|169|1348\n|player|p2|chanmin|170|1365\n|gen|9\n|tier|[Gen 9 Champions] BSS Reg M-A\n|rated|\n|rule|Species Clause: Limit one of each Pok\u00e9mon\n|rule|Item Clause: Limit 1 of each item\n|clearpoke\n|poke|p1|Gyarados, L50, M|\n|poke|p1|Gengar, L50, M|\n|poke|p1|Primarina, L50, F|\n|poke|p1|Glimmora, L50, M|\n|poke|p1|Kingambit, L50, M|\n|poke|p1|Arcanine, L50, F|\n|poke|p2|Kangaskhan, L50, F|\n|poke|p2|Archaludon, L50, F|\n|poke|p2|Rotom-Wash, L50|\n|poke|p2|Greninja-*, L50, F|\n|poke|p2|Ceruledge, L50, F|\n|poke|p2|Kleavor, L50, F|\n|teampreview|3\n|j| p74\n|inactive|Battle timer is ON: inactive players will automatically lose when time's up. (requested by 3gege)\n|\n|t:|1776151521\n|teamsize|p1|3\n|teamsize|p2|3\n|start\n|switch|p1a: Glimmora|Glimmora, L50, M|100/100\n|switch|p2a: Greninja|Greninja, L50, F|100/100\n|turn|1\n|\n|t:|1776151543\n|move|p2a: Greninja|Ice Beam|p1a: Glimmora\n|-start|p2a: Greninja|typechange|Ice|[from] ability: Protean\n|-damage|p1a: Glimmora|49/100\n|move|p1a: Glimmora|Mud Shot|p2a: Greninja\n|-damage|p2a: Greninja|68/100\n|-unboost|p2a: Greninja|spe|1\n|\n|upkeep\n|turn|2\n|\n|t:|1776151557\n|switch|p2a: Archaludon|Archaludon, L50, F|100/100\n|move|p1a: Glimmora|Stealth Rock|p2a: Archaludon\n|-sidestart|p2: chanmin|move: Stealth Rock\n|\n|upkeep\n|turn|3\n|\n|t:|1776151564\n|move|p1a: Glimmora|Mud Shot|p2a: Archaludon\n|-supereffective|p2a: Archaludon|1\n|-damage|p2a: Archaludon|52/100\n|-unboost|p2a: Archaludon|spe|1\n|move|p2a: Archaludon|Flash Cannon|p1a: Glimmora\n|-supereffective|p1a: Glimmora|1\n|-damage|p1a: Glimmora|0 fnt\n|faint|p1a: Glimmora\n|\n|upkeep\n|\n|t:|1776151569\n|switch|p1a: Kingambit|Kingambit, L50, M|100/100\n|-activate|p1a: Kingambit|ability: Supreme Overlord\n|-start|p1a: Kingambit|fallen1|[silent]\n|turn|4\n|\n|t:|1776151582\n|move|p2a: Archaludon|Stealth Rock|p1a: Kingambit\n|-sidestart|p1: 3gege|move: Stealth Rock\n|move|p1a: Kingambit|Swords Dance|p1a: Kingambit\n|-boost|p1a: Kingambit|atk|2\n|\n|upkeep\n|turn|5\n|\n|t:|1776151589\n|move|p1a: Kingambit|Sucker Punch|p2a: Archaludon\n|-crit|p2a: Archaludon\n|-damage|p2a: Archaludon|0 fnt\n|faint|p2a: Archaludon\n|\n|upkeep\n|\n|t:|1776151599\n|switch|p2a: Greninja|Greninja, L50, F|68/100\n|-damage|p2a: Greninja|56/100|[from] Stealth Rock\n|turn|6\n|\n|t:|1776151606\n|detailschange|p2a: Greninja|Greninja-Mega, L50, F\n|-mega|p2a: Greninja|Greninja|Greninjite\n|move|p1a: Kingambit|Sucker Punch|p2a: Greninja\n|-resisted|p2a: Greninja|1\n|-damage|p2a: Greninja|0 fnt\n|faint|p2a: Greninja\n|\n|upkeep\n|\n|t:|1776151614\n|switch|p2a: Rotom|Rotom-Wash, L50|100/100\n|-damage|p2a: Rotom|88/100|[from] Stealth Rock\n|turn|7\n|\n|t:|1776151618\n|move|p2a: Rotom|Will-O-Wisp|p1a: Kingambit\n|-status|p1a: Kingambit|brn\n|move|p1a: Kingambit|Kowtow Cleave|p2a: Rotom\n|-damage|p2a: Rotom|18/100\n|-enditem|p2a: Rotom|Sitrus Berry|[eat]\n|-heal|p2a: Rotom|43/100|[from] item: Sitrus Berry\n|\n|-damage|p1a: Kingambit|95/100 brn|[from] brn\n|upkeep\n|turn|8\n|-message|chanmin forfeited.\n|\n|win|3gege\n|raw|3gege's rating: 1348 &rarr; <strong>1369</strong><br />(+21 for winning)\n|raw|chanmin's rating: 1365 &rarr; <strong>1344</strong><br />(-21 for losing)\n|l|\u2606chanmin\n|player|p2|\n|l|\u26063gege\n|player|p1|\n",
  "uploadtime": 1776151892,
  "views": 6,
  "formatid": "gen9championsbssregma",
  "rating": 1344,
  "private": 0,
  "password": null
}