{
  "id": "gen9championsbssregma-2583484216",
  "format": "[Gen 9 Champions] BSS Reg M-A",
  "players": [
    "Frontrunner643",
    "MiraidonGaming"
  ],
  "log": "|j|\u2606Frontrunner643\n|j|\u2606MiraidonGaming\n|t:|1776178578\n|gametype|singles\n|player|p1|Frontrunner643|rocketgruntf|1091\n|player|p2|MiraidonGaming|lucas|1157\n|gen|9\n|tier|[Gen 9 Champions] BSS Reg M-A\n|rated|\n|rule|Species Clause: Limit one of each Pok\u00e9mon\n|rule|Item Clause: Limit 1 of each item\n|clearpoke\n|poke|p1|Gengar, L50, M|\n|poke|p1|Orthworm, L50, F|\n|poke|p1|Sneasler, L50, F|\n|poke|p1|Delphox, L50, F|\n|poke|p1|Meowscarada, L50, M|\n|poke|p1|Kingambit, L50, M|\n|poke|p2|Ninetales-Alola, L50, F|\n|poke|p2|Charizard, L50, M|\n|poke|p2|Scizor, L50, M|\n|poke|p2|Sinistcha, L50|\n|poke|p2|Rotom-Wash, L50|\n|poke|p2|Salazzle, L50, F|\n|teampreview|3\n|inactive|Battle timer is ON: inactive players will automatically lose when time's up. (requested by Frontrunner643)\n|\n|t:|1776178652\n|teamsize|p1|3\n|teamsize|p2|3\n|start\n|switch|p1a: Orthworm|Orthworm, L50, F, shiny|100/100\n|switch|p2a: Put a brick in|Rotom-Wash, L50|100/100\n|turn|1\n|\n|t:|1776178659\n|move|p2a: Put a brick in|Hydro Pump|p1a: Orthworm|[miss]\n|-miss|p2a: Put a brick in|p1a: Orthworm\n|move|p1a: Orthworm|Shed Tail|p1a: Orthworm\n|-start|p1a: Orthworm|Substitute|[from] move: Shed Tail\n|-damage|p1a: Orthworm|50/100\n|-enditem|p1a: Orthworm|Sitrus Berry|[eat]\n|-heal|p1a: Orthworm|75/100|[from] item: Sitrus Berry\n|\n|t:|1776178675\n|switch|p1a: Delphox|Delphox, L50, F|100/100|[from] Shed Tail\n|\n|upkeep\n|turn|2\n|\n|t:|1776178683\n|detailschange|p1a: Delphox|Delphox-Mega, L50, F\n|-mega|p1a: Delphox|Delphox|Delphoxite\n|move|p2a: Put a brick in|Hydro Pump|p1a: Delphox\n|-supereffective|p1a: Delphox|1\n|-end|p1a: Delphox|Substitute\n|move|p1a: Delphox|Psychic|p2a: Put a brick in\n|-damage|p2a: Put a brick in|30/100\n|\n|upkeep\n|turn|3\n|\n|t:|1776178698\n|switch|p1a: Orthworm|Orthworm, L50, F, shiny|75/100\n|move|p2a: Put a brick in|Hydro Pump|p1a: Orthworm\n|-damage|p1a: Orthworm|0 fnt\n|faint|p1a: Orthworm\n|\n|upkeep\n|\n|t:|1776178706\n|switch|p1a: Goat|Sneasler, L50, F, shiny|100/100\n|turn|4\n|\n|t:|1776178709\n|move|p1a: Goat|Fake Out|p2a: Put a brick in\n|-damage|p2a: Put a brick in|11/100\n|cant|p2a: Put a brick in|flinch\n|\n|upkeep\n|turn|5\n|\n|t:|1776178718\n|move|p2a: Put a brick in|Hydro Pump|p1a: Goat\n|-damage|p1a: Goat|37/100\n|move|p1a: Goat|Dire Claw|p2a: Put a brick in\n|-damage|p2a: Put a brick in|0 fnt\n|faint|p2a: Put a brick in\n|\n|upkeep\n|\n|t:|1776178722\n|switch|p2a: Edward|Scizor, L50, M|100/100\n|turn|6\n|\n|t:|1776178733\n|move|p1a: Goat|Close Combat|p2a: Edward\n|-damage|p2a: Edward|35/100\n|-unboost|p1a: Goat|def|1\n|-unboost|p1a: Goat|spd|1\n|move|p2a: Edward|Bug Bite|p1a: Goat\n|-resisted|p1a: Goat|2\n|-damage|p1a: Goat|14/100\n|\n|upkeep\n|turn|7\n|\n|t:|1776178741\n|move|p2a: Edward|Bullet Punch|p1a: Goat\n|-crit|p1a: Goat\n|-damage|p1a: Goat|0 fnt\n|faint|p1a: Goat\n|\n|upkeep\n|\n|t:|1776178747\n|switch|p1a: Delphox|Delphox-Mega, L50, F|100/100\n|turn|8\n|\n|t:|1776178750\n|move|p2a: Edward|Bullet Punch|p1a: Delphox\n|-resisted|p1a: Delphox|1\n|-damage|p1a: Delphox|79/100\n|move|p1a: Delphox|Flamethrower|p2a: Edward\n|-supereffective|p2a: Edward|2\n|-damage|p2a: Edward|0 fnt\n|faint|p2a: Edward\n|\n|upkeep\n|\n|t:|1776178753\n|switch|p2a: Bruce|Charizard, L50, M|100/100\n|turn|9\n|\n|t:|1776178767\n|detailschange|p2a: Bruce|Charizard-Mega-X, L50, M\n|-mega|p2a: Bruce|Charizard|Charizardite X\n|move|p1a: Delphox|Psychic|p2a: Bruce\n|-damage|p2a: Bruce|45/100\n|move|p2a: Bruce|Dragon Dance|p2a: Bruce\n|-boost|p2a: Bruce|atk|1\n|-boost|p2a: Bruce|spe|1\n|\n|upkeep\n|turn|10\n|\n|t:|1776178776\n|move|p2a: Bruce|Flare Blitz|p1a: Delphox\n|-resisted|p1a: Delphox|1\n|-damage|p1a: Delphox|4/100\n|-damage|p2a: Bruce|24/100|[from] Recoil\n|move|p1a: Delphox|Dazzling Gleam|p2a: Bruce\n|-damage|p2a: Bruce|0 fnt\n|faint|p2a: Bruce\n|\n|win|Frontrunner643\n|raw|Frontrunner643's rating: 1091 &rarr; <strong>1122</strong><br />(+31 for winning)\n|raw|MiraidonGaming's rating: 1157 &rarr; <strong>1127</strong><br />(-30 for losing)\n",
  "uploadtime": 1776178786,
  "views": 4,
  "formatid": "gen9championsbssregma",
  "rating": 1122,
  "private": 0,
  "password": null
}