{
  "id": "gen9championsbssregma-2583924503",
  "format": "[Gen 9 Champions] BSS Reg M-A",
  "players": [
    "swagadelicious",
    "nuko1234"
  ],
  "log": "|j|\u2606swagadelicious\n|j|\u2606nuko1234\n|t:|1776208768\n|gametype|singles\n|player|p1|swagadelicious|benga|1234\n|player|p2|nuko1234|caitlin|1445\n|gen|9\n|tier|[Gen 9 Champions] BSS Reg M-A\n|rated|\n|rule|Species Clause: Limit one of each Pok\u00e9mon\n|rule|Item Clause: Limit 1 of each item\n|clearpoke\n|poke|p1|Corviknight, L50, M|\n|poke|p1|Garchomp, L50, F|\n|poke|p1|Gengar, L50, M|\n|poke|p1|Kingambit, L50, M|\n|poke|p1|Primarina, L50, F|\n|poke|p1|Rotom-Wash, L50|\n|poke|p2|Kingambit, L50, F|\n|poke|p2|Garchomp, L50, F|\n|poke|p2|Corviknight, L50, F|\n|poke|p2|Gardevoir, L50, F|\n|poke|p2|Primarina, L50, M|\n|poke|p2|Dragonite, L50, F|\n|teampreview|3\n|inactive|Battle timer is ON: inactive players will automatically lose when time's up. (requested by nuko1234)\n|inactive|nuko1234 has 60 seconds left.\n|\n|t:|1776208817\n|teamsize|p1|3\n|teamsize|p2|3\n|start\n|switch|p1a: Garchomp|Garchomp, L50, F|100/100\n|switch|p2a: Primarina|Primarina, L50, M|100/100\n|turn|1\n|\n|t:|1776208824\n|move|p1a: Garchomp|Earthquake|p2a: Primarina\n|-damage|p2a: Primarina|36/100\n|-enditem|p2a: Primarina|Sitrus Berry|[eat]\n|-heal|p2a: Primarina|60/100|[from] item: Sitrus Berry\n|move|p2a: Primarina|Moonblast|p1a: Garchomp\n|-supereffective|p1a: Garchomp|1\n|-enditem|p1a: Garchomp|Focus Sash\n|-damage|p1a: Garchomp|1/100\n|\n|upkeep\n|turn|2\n|j| p74\n|\n|t:|1776208833\n|move|p1a: Garchomp|Earthquake|p2a: Primarina\n|-damage|p2a: Primarina|2/100\n|move|p2a: Primarina|Moonblast|p1a: Garchomp\n|-supereffective|p1a: Garchomp|1\n|-crit|p1a: Garchomp\n|-damage|p1a: Garchomp|0 fnt\n|faint|p1a: Garchomp\n|\n|upkeep\n|\n|t:|1776208841\n|switch|p1a: Rotom|Rotom-Wash, L50|100/100\n|turn|3\n|\n|t:|1776208844\n|move|p1a: Rotom|Volt Switch|p2a: Primarina\n|-supereffective|p2a: Primarina|1\n|-damage|p2a: Primarina|0 fnt\n|faint|p2a: Primarina\n|\n|t:|1776208846\n|switch|p1a: Gengar|Gengar, L50, M|100/100|[from] Volt Switch\n|\n|upkeep\n|\n|t:|1776208852\n|switch|p2a: Kingambit|Kingambit, L50, F|100/100\n|turn|4\n|\n|t:|1776208856\n|switch|p1a: Rotom|Rotom-Wash, L50|100/100\n|move|p2a: Kingambit|Kowtow Cleave|p1a: Rotom\n|-damage|p1a: Rotom|37/100\n|-enditem|p1a: Rotom|Sitrus Berry|[eat]\n|-heal|p1a: Rotom|62/100|[from] item: Sitrus Berry\n|\n|upkeep\n|turn|5\n|\n|t:|1776208863\n|switch|p2a: Gardevoir|Gardevoir, L50, F|100/100\n|-ability|p2a: Gardevoir|Levitate|Trace|[from] ability: Trace|[of] p1a: Rotom\n|move|p1a: Rotom|Will-O-Wisp|p2a: Gardevoir\n|-status|p2a: Gardevoir|brn\n|\n|-damage|p2a: Gardevoir|95/100 brn|[from] brn\n|upkeep\n|turn|6\n|\n|t:|1776208868\n|detailschange|p2a: Gardevoir|Gardevoir-Mega, L50, F\n|-mega|p2a: Gardevoir|Gardevoir|Gardevoirite\n|move|p2a: Gardevoir|Calm Mind|p2a: Gardevoir\n|-boost|p2a: Gardevoir|spa|1\n|-boost|p2a: Gardevoir|spd|1\n|move|p1a: Rotom|Discharge|p2a: Gardevoir\n|-damage|p2a: Gardevoir|74/100 brn\n|\n|-damage|p2a: Gardevoir|68/100 brn|[from] brn\n|upkeep\n|turn|7\n|\n|t:|1776208880\n|move|p2a: Gardevoir|Psychic|p1a: Rotom\n|-damage|p1a: Rotom|0 fnt\n|faint|p1a: Rotom\n|\n|-damage|p2a: Gardevoir|62/100 brn|[from] brn\n|upkeep\n|\n|t:|1776208882\n|switch|p1a: Gengar|Gengar, L50, M|100/100\n|turn|8\n|\n|t:|1776208893\n|detailschange|p1a: Gengar|Gengar-Mega, L50, M\n|-mega|p1a: Gengar|Gengar|Gengarite\n|move|p1a: Gengar|Shadow Ball|p2a: Gardevoir\n|-supereffective|p2a: Gardevoir|1\n|-damage|p2a: Gardevoir|6/100 brn\n|move|p2a: Gardevoir|Psychic|p1a: Gengar\n|-supereffective|p1a: Gengar|1\n|-damage|p1a: Gengar|0 fnt\n|faint|p1a: Gengar\n|\n|win|nuko1234\n|raw|swagadelicious's rating: 1234 &rarr; <strong>1223</strong><br />(-11 for losing)\n|raw|nuko1234's rating: 1445 &rarr; <strong>1454</strong><br />(+9 for winning)\n|l|\u2606swagadelicious\n|player|p1|\n|l|\u2606nuko1234\n|player|p2|\n",
  "uploadtime": 1776209053,
  "views": 1,
  "formatid": "gen9championsbssregma",
  "rating": 1223,
  "private": 0,
  "password": null
}