{
  "id": "gen9championsbssregma-2585117577",
  "format": "[Gen 9 Champions] BSS Reg M-A",
  "players": [
    "Wishmkroro",
    "McCoyDaBoy"
  ],
  "log": "|j|\u2606Wishmkroro\n|j|\u2606McCoyDaBoy\n|t:|1776313789\n|gametype|singles\n|player|p1|Wishmkroro|caitlin|1209\n|player|p2|McCoyDaBoy|102|1225\n|gen|9\n|tier|[Gen 9 Champions] BSS Reg M-A\n|rated|\n|rule|Species Clause: Limit one of each Pok\u00e9mon\n|rule|Item Clause: Limit 1 of each item\n|clearpoke\n|poke|p1|Primarina, L50, M|\n|poke|p1|Tyranitar, L50, M|\n|poke|p1|Weavile, L50, M|\n|poke|p1|Sneasler, L50, M|\n|poke|p1|Meowstic, L50, M|\n|poke|p1|Excadrill, L50, M|\n|poke|p2|Umbreon, L50, M|\n|poke|p2|Garchomp, L50, M|\n|poke|p2|Espathra, L50, F|\n|poke|p2|Arcanine-Hisui, L50, F|\n|poke|p2|Lopunny, L50, M|\n|poke|p2|Gengar, L50, M|\n|teampreview|3\n|inactive|Battle timer is ON: inactive players will automatically lose when time's up. (requested by McCoyDaBoy)\n|j| p74\n|j| torchshe\n|inactive|Wishmkroro has 60 seconds left.\n|\n|t:|1776313831\n|teamsize|p1|3\n|teamsize|p2|3\n|start\n|switch|p1a: Tyranitar|Tyranitar, L50, M, shiny|100/100\n|switch|p2a: Lopunny|Lopunny, L50, M|100/100\n|-weather|Sandstorm|[from] ability: Sand Stream|[of] p1a: Tyranitar\n|turn|1\n|\n|t:|1776313840\n|detailschange|p2a: Lopunny|Lopunny-Mega, L50, M\n|-mega|p2a: Lopunny|Lopunny|Lopunnite\n|move|p2a: Lopunny|Fake Out|p1a: Tyranitar\n|-resisted|p1a: Tyranitar|1\n|-damage|p1a: Tyranitar|94/100\n|cant|p1a: Tyranitar|flinch\n|\n|-weather|Sandstorm|[upkeep]\n|-damage|p2a: Lopunny|95/100|[from] Sandstorm\n|upkeep\n|turn|2\n|\n|t:|1776313850\n|move|p2a: Lopunny|High Jump Kick|p1a: Tyranitar\n|-supereffective|p1a: Tyranitar|2\n|-enditem|p1a: Tyranitar|Chople Berry|[eat]\n|-enditem|p1a: Tyranitar|Chople Berry|[weaken]\n|-damage|p1a: Tyranitar|9/100\n|move|p1a: Tyranitar|Body Press|p2a: Lopunny\n|-supereffective|p2a: Lopunny|1\n|-damage|p2a: Lopunny|20/100\n|\n|-weather|Sandstorm|[upkeep]\n|-damage|p2a: Lopunny|15/100|[from] Sandstorm\n|upkeep\n|turn|3\n|\n|t:|1776313865\n|move|p2a: Lopunny|U-turn|p1a: Tyranitar\n|-supereffective|p1a: Tyranitar|1\n|-damage|p1a: Tyranitar|0 fnt\n|faint|p1a: Tyranitar\n|\n|t:|1776313870\n|switch|p2a: Garchomp|Garchomp, L50, M|100/100|[from] U-turn\n|\n|-weather|Sandstorm|[upkeep]\n|upkeep\n|\n|t:|1776313876\n|switch|p1a: Excadrill|Excadrill, L50, M, shiny|100/100\n|turn|4\n|\n|t:|1776313884\n|move|p1a: Excadrill|Earthquake|p2a: Garchomp\n|-damage|p2a: Garchomp|42/100\n|move|p2a: Garchomp|Earthquake|p1a: Excadrill\n|-supereffective|p1a: Excadrill|1\n|-damage|p1a: Excadrill|0 fnt\n|faint|p1a: Excadrill\n|\n|-weather|Sandstorm|[upkeep]\n|upkeep\n|\n|t:|1776313893\n|switch|p1a: Weavile|Weavile, L50, M, shiny|100/100\n|turn|5\n|\n|t:|1776313898\n|move|p1a: Weavile|Ice Shard|p2a: Garchomp\n|-supereffective|p2a: Garchomp|2\n|-crit|p2a: Garchomp\n|-damage|p2a: Garchomp|0 fnt\n|faint|p2a: Garchomp\n|\n|-weather|none\n|upkeep\n|\n|t:|1776313904\n|switch|p2a: Lopunny|Lopunny-Mega, L50, M|15/100\n|turn|6\n|\n|t:|1776313908\n|move|p2a: Lopunny|Fake Out|p1a: Weavile\n|-damage|p1a: Weavile|59/100\n|cant|p1a: Weavile|flinch\n|\n|upkeep\n|turn|7\n|\n|t:|1776313913\n|move|p1a: Weavile|Ice Shard|p2a: Lopunny\n|-damage|p2a: Lopunny|0 fnt\n|faint|p2a: Lopunny\n|\n|upkeep\n|\n|t:|1776313917\n|switch|p2a: Umbreon|Umbreon, L50, M|100/100\n|turn|8\n|j| huhyuhyuhyuh\n|\n|t:|1776313925\n|move|p1a: Weavile|Swords Dance|p1a: Weavile\n|-boost|p1a: Weavile|atk|2\n|move|p2a: Umbreon|Foul Play|p1a: Weavile\n|-resisted|p1a: Weavile|1\n|-damage|p1a: Weavile|0 fnt\n|faint|p1a: Weavile\n|\n|win|McCoyDaBoy\n|raw|Wishmkroro's rating: 1209 &rarr; <strong>1185</strong><br />(-24 for losing)\n|raw|McCoyDaBoy's rating: 1225 &rarr; <strong>1249</strong><br />(+24 for winning)\n|n| nvrtrust|torchshe\n|l|\u2606McCoyDaBoy\n|player|p2|\n|l|\u2606Wishmkroro\n|player|p1|\n|n| nvartrust|nvrtrust\n|l| huhyuhyuhyuh\n|l| nvartrust\n",
  "uploadtime": 1776315158,
  "views": 4,
  "formatid": "gen9championsbssregma",
  "rating": 1185,
  "private": 0,
  "password": null
}