{
  "id": "gen9championsbssregma-2584018832",
  "format": "[Gen 9 Champions] BSS Reg M-A",
  "players": [
    "kyotoyoko",
    "ryusui"
  ],
  "log": "|j|\u2606kyotoyoko\n|j|\u2606ryusui\n|t:|1776217281\n|gametype|singles\n|player|p1|kyotoyoko|caitlin|1240\n|player|p2|ryusui|266|1320\n|gen|9\n|tier|[Gen 9 Champions] BSS Reg M-A\n|rated|\n|rule|Species Clause: Limit one of each Pok\u00e9mon\n|rule|Item Clause: Limit 1 of each item\n|clearpoke\n|poke|p1|Hippowdon, L50, F|\n|poke|p1|Garchomp, L50, F|\n|poke|p1|Aegislash, L50, M|\n|poke|p1|Meganium, L50, F|\n|poke|p1|Primarina, L50, F|\n|poke|p1|Mimikyu, L50, F|\n|poke|p2|Clefable, L50, F|\n|poke|p2|Polteageist, L50|\n|poke|p2|Espathra, L50, F|\n|poke|p2|Glimmora, L50, F|\n|poke|p2|Ninetales-Alola, L50, F|\n|poke|p2|Dragonite, L50, M|\n|teampreview|3\n|j| p74\n|inactive|Battle timer is ON: inactive players will automatically lose when time's up. (requested by kyotoyoko)\n|\n|t:|1776217332\n|teamsize|p1|3\n|teamsize|p2|3\n|start\n|switch|p1a: Hippowdon|Hippowdon, L50, F|100/100\n|switch|p2a: Glimmora|Glimmora, L50, F|100/100\n|-weather|Sandstorm|[from] ability: Sand Stream|[of] p1a: Hippowdon\n|turn|1\n|\n|t:|1776217341\n|move|p2a: Glimmora|Stealth Rock|p1a: Hippowdon\n|-sidestart|p1: kyotoyoko|move: Stealth Rock\n|move|p1a: Hippowdon|Yawn|p2a: Glimmora\n|-start|p2a: Glimmora|move: Yawn|[of] p1a: Hippowdon\n|\n|-weather|Sandstorm|[upkeep]\n|upkeep\n|turn|2\n|\n|t:|1776217350\n|move|p2a: Glimmora|Mortal Spin|p1a: Hippowdon\n|-resisted|p1a: Hippowdon|1\n|-damage|p1a: Hippowdon|99/100\n|-status|p1a: Hippowdon|psn\n|move|p1a: Hippowdon|Yawn||[still]\n|-fail|p1a: Hippowdon\n|\n|-weather|Sandstorm|[upkeep]\n|-damage|p1a: Hippowdon|86/100 psn|[from] psn\n|-end|p2a: Glimmora|move: Yawn|[silent]\n|-status|p2a: Glimmora|slp\n|upkeep\n|turn|3\n|\n|t:|1776217361\n|switch|p1a: Aegislash|Aegislash, L50, M|100/100\n|-damage|p1a: Aegislash|95/100|[from] Stealth Rock\n|cant|p2a: Glimmora|slp\n|\n|-weather|Sandstorm|[upkeep]\n|upkeep\n|turn|4\n|\n|t:|1776217371\n|cant|p2a: Glimmora|slp\n|-formechange|p1a: Aegislash|Aegislash-Blade|\n|move|p1a: Aegislash|Poltergeist|p2a: Glimmora\n|-activate|p2a: Glimmora|move: Poltergeist|Focus Sash\n|-enditem|p2a: Glimmora|Focus Sash\n|-damage|p2a: Glimmora|1/100 slp\n|-activate|p2a: Glimmora|ability: Toxic Debris\n|-sidestart|p1: kyotoyoko|move: Toxic Spikes\n|\n|-weather|Sandstorm|[upkeep]\n|upkeep\n|turn|5\n|\n|t:|1776217382\n|move|p1a: Aegislash|Shadow Sneak|p2a: Glimmora\n|-damage|p2a: Glimmora|0 fnt\n|-activate|p2a: Glimmora|ability: Toxic Debris\n|-sidestart|p1: kyotoyoko|move: Toxic Spikes\n|faint|p2a: Glimmora\n|\n|-weather|none\n|upkeep\n|\n|t:|1776217394\n|switch|p2a: Espathra|Espathra, L50, F|100/100\n|turn|6\n|\n|t:|1776217399\n|move|p2a: Espathra|Reflect|p2a: Espathra\n|-sidestart|p2: ryusui|Reflect\n|move|p1a: Aegislash|Poltergeist|p2a: Espathra\n|-activate|p2a: Espathra|move: Poltergeist|Sitrus Berry\n|-supereffective|p2a: Espathra|1\n|-damage|p2a: Espathra|5/100\n|-enditem|p2a: Espathra|Sitrus Berry|[eat]\n|-heal|p2a: Espathra|30/100|[from] item: Sitrus Berry\n|\n|-ability|p2a: Espathra|Speed Boost|boost\n|-boost|p2a: Espathra|spe|1\n|upkeep\n|turn|7\n|\n|t:|1776217410\n|move|p1a: Aegislash|Shadow Sneak|p2a: Espathra\n|-supereffective|p2a: Espathra|1\n|-damage|p2a: Espathra|0 fnt\n|faint|p2a: Espathra\n|\n|upkeep\n|\n|t:|1776217415\n|switch|p2a: Dragonite|Dragonite, L50, M|100/100\n|turn|8\n|\n|t:|1776217420\n|switch|p1a: Mimikyu|Mimikyu, L50, F, shiny|100/100\n|-damage|p1a: Mimikyu|88/100|[from] Stealth Rock\n|-status|p1a: Mimikyu|tox\n|detailschange|p2a: Dragonite|Dragonite-Mega, L50, M\n|-mega|p2a: Dragonite|Dragonite|Dragoninite\n|move|p2a: Dragonite|Flamethrower|p1a: Mimikyu\n|-activate|p1a: Mimikyu|ability: Disguise\n|-damage|p1a: Mimikyu|88/100 tox\n|detailschange|p1a: Mimikyu|Mimikyu-Busted, L50, F, shiny\n|-damage|p1a: Mimikyu|76/100 tox|[from] pokemon: Mimikyu-Busted\n|\n|-damage|p1a: Mimikyu|70/100 tox|[from] psn\n|upkeep\n|turn|9\n|\n|t:|1776217435\n|move|p1a: Mimikyu|Curse|p2a: Dragonite\n|-start|p2a: Dragonite|Curse|[of] p1a: Mimikyu\n|-damage|p1a: Mimikyu|20/100 tox\n|move|p2a: Dragonite|Flamethrower|p1a: Mimikyu\n|-damage|p1a: Mimikyu|0 fnt\n|faint|p1a: Mimikyu\n|\n|-damage|p2a: Dragonite|76/100|[from] Curse\n|upkeep\n|\n|t:|1776217441\n|switch|p1a: Hippowdon|Hippowdon, L50, F|86/100 psn\n|-damage|p1a: Hippowdon|80/100 psn|[from] Stealth Rock\n|-weather|Sandstorm|[from] ability: Sand Stream|[of] p1a: Hippowdon\n|turn|10\n|-message|ryusui forfeited.\n|\n|win|kyotoyoko\n|raw|kyotoyoko's rating: 1240 &rarr; <strong>1271</strong><br />(+31 for winning)\n|raw|ryusui's rating: 1320 &rarr; <strong>1295</strong><br />(-25 for losing)\n|l|\u2606ryusui\n|player|p2|\n|l|\u2606kyotoyoko\n|player|p1|\n",
  "uploadtime": 1776219734,
  "views": 2,
  "formatid": "gen9championsbssregma",
  "rating": 1271,
  "private": 0,
  "password": null
}