{
  "id": "gen9championsbssregma-2582085463",
  "format": "[Gen 9 Champions] BSS Reg M-A",
  "players": [
    "genba64",
    "kerom.pk"
  ],
  "log": "|j|\u2606genba64\n|j|\u203dkerom.pk\n|t:|1776056018\n|gametype|singles\n|player|p1|genba64|266|1267\n|player|p2|kerom.pk|1|1300\n|gen|9\n|tier|[Gen 9 Champions] BSS Reg M-A\n|rated|\n|rule|Species Clause: Limit one of each Pok\u00e9mon\n|rule|Item Clause: Limit 1 of each item\n|clearpoke\n|poke|p1|Hippowdon, L50, F|\n|poke|p1|Hydreigon, L50, M|\n|poke|p1|Scizor, L50, M|\n|poke|p1|Archaludon, L50, M|\n|poke|p1|Garchomp, L50, F|\n|poke|p1|Greninja-*, L50, F|\n|poke|p2|Lopunny, L50, F|\n|poke|p2|Toxapex, L50, F|\n|poke|p2|Corviknight, L50, M|\n|poke|p2|Aegislash, L50, F|\n|poke|p2|Hippowdon, L50, M|\n|teampreview|3\n|inactive|Battle timer is ON: inactive players will automatically lose when time's up. (requested by kerom.pk)\n|inactive|genba64 has 60 seconds left.\n|j| CrunchGang\n|\n|t:|1776056084\n|teamsize|p1|3\n|teamsize|p2|3\n|start\n|switch|p1a: Hydreigon|Hydreigon, L50, M|100/100\n|switch|p2a: Lopunny|Lopunny, L50, F|100/100\n|turn|1\n|\n|t:|1776056091\n|switch|p1a: Hippowdon|Hippowdon, L50, F|100/100\n|-weather|Sandstorm|[from] ability: Sand Stream|[of] p1a: Hippowdon\n|detailschange|p2a: Lopunny|Lopunny-Mega, L50, F\n|-mega|p2a: Lopunny|Lopunny|Lopunnite\n|move|p2a: Lopunny|Fake Out|p1a: Hippowdon\n|-crit|p1a: Hippowdon\n|-damage|p1a: Hippowdon|75/100\n|\n|-weather|Sandstorm|[upkeep]\n|-damage|p2a: Lopunny|95/100|[from] Sandstorm\n|upkeep\n|turn|2\n|\n|t:|1776056107\n|move|p2a: Lopunny|U-turn|p1a: Hippowdon\n|-damage|p1a: Hippowdon|57/100\n|\n|t:|1776056110\n|switch|p2a: Hippowdon|Hippowdon, L50, M|100/100|[from] U-turn\n|move|p1a: Hippowdon|Yawn|p2a: Hippowdon\n|-start|p2a: Hippowdon|move: Yawn|[of] p1a: Hippowdon\n|\n|-weather|Sandstorm|[upkeep]\n|upkeep\n|turn|3\n|\n|t:|1776056117\n|move|p1a: Hippowdon|Stealth Rock|p2a: Hippowdon\n|-sidestart|p2: kerom.pk|move: Stealth Rock\n|move|p2a: Hippowdon|Stealth Rock|p1a: Hippowdon\n|-sidestart|p1: genba64|move: Stealth Rock\n|\n|-weather|Sandstorm|[upkeep]\n|-end|p2a: Hippowdon|move: Yawn|[silent]\n|-status|p2a: Hippowdon|slp\n|upkeep\n|turn|4\n|\n|t:|1776056129\n|switch|p1a: Hydreigon|Hydreigon, L50, M|100/100\n|-damage|p1a: Hydreigon|88/100|[from] Stealth Rock\n|cant|p2a: Hippowdon|slp\n|\n|-weather|Sandstorm|[upkeep]\n|-damage|p1a: Hydreigon|82/100|[from] Sandstorm\n|upkeep\n|turn|5\n|\n|t:|1776056144\n|move|p1a: Hydreigon|Nasty Plot|p1a: Hydreigon\n|-boost|p1a: Hydreigon|spa|2\n|cant|p2a: Hippowdon|slp\n|\n|-weather|none\n|upkeep\n|turn|6\n|\n|t:|1776056151\n|move|p1a: Hydreigon|Draco Meteor|p2a: Hippowdon\n|-damage|p2a: Hippowdon|0 fnt\n|-unboost|p1a: Hydreigon|spa|2\n|faint|p2a: Hippowdon\n|\n|upkeep\n|\n|t:|1776056155\n|switch|p2a: Lopunny|Lopunny-Mega, L50, F|95/100\n|-damage|p2a: Lopunny|89/100|[from] Stealth Rock\n|turn|7\n|\n|t:|1776056159\n|switch|p1a: Hippowdon|Hippowdon, L50, F|57/100\n|-damage|p1a: Hippowdon|51/100|[from] Stealth Rock\n|-weather|Sandstorm|[from] ability: Sand Stream|[of] p1a: Hippowdon\n|move|p2a: Lopunny|Close Combat|p1a: Hippowdon\n|-damage|p1a: Hippowdon|9/100\n|-unboost|p2a: Lopunny|def|1\n|-unboost|p2a: Lopunny|spd|1\n|-enditem|p1a: Hippowdon|Sitrus Berry|[eat]\n|-heal|p1a: Hippowdon|34/100|[from] item: Sitrus Berry\n|\n|-weather|Sandstorm|[upkeep]\n|-damage|p2a: Lopunny|83/100|[from] Sandstorm\n|upkeep\n|turn|8\n|\n|t:|1776056172\n|move|p2a: Lopunny|Close Combat|p1a: Hippowdon\n|-damage|p1a: Hippowdon|0 fnt\n|-unboost|p2a: Lopunny|def|1\n|-unboost|p2a: Lopunny|spd|1\n|faint|p1a: Hippowdon\n|\n|-weather|Sandstorm|[upkeep]\n|-damage|p2a: Lopunny|78/100|[from] Sandstorm\n|upkeep\n|j| p74\n|\n|t:|1776056179\n|switch|p1a: Scizor|Scizor, L50, M|100/100\n|-damage|p1a: Scizor|88/100|[from] Stealth Rock\n|turn|9\n|\n|t:|1776056186\n|switch|p1a: Hydreigon|Hydreigon, L50, M|82/100\n|-damage|p1a: Hydreigon|70/100|[from] Stealth Rock\n|move|p2a: Lopunny|Close Combat|p1a: Hydreigon\n|-supereffective|p1a: Hydreigon|1\n|-damage|p1a: Hydreigon|0 fnt\n|-unboost|p2a: Lopunny|def|1\n|-unboost|p2a: Lopunny|spd|1\n|faint|p1a: Hydreigon\n|\n|-weather|Sandstorm|[upkeep]\n|-damage|p2a: Lopunny|72/100|[from] Sandstorm\n|upkeep\n|\n|t:|1776056196\n|switch|p1a: Scizor|Scizor, L50, M|88/100\n|-damage|p1a: Scizor|76/100|[from] Stealth Rock\n|turn|10\n|\n|t:|1776056201\n|switch|p2a: Aegislash|Aegislash, L50, F|100/100\n|-damage|p2a: Aegislash|94/100|[from] Stealth Rock\n|detailschange|p1a: Scizor|Scizor-Mega, L50, M\n|-mega|p1a: Scizor|Scizor|Scizorite\n|move|p1a: Scizor|Bullet Punch|p2a: Aegislash\n|-resisted|p2a: Aegislash|1\n|-crit|p2a: Aegislash\n|-damage|p2a: Aegislash|68/100\n|\n|-weather|Sandstorm|[upkeep]\n|upkeep\n|turn|11\n|\n|t:|1776056210\n|move|p1a: Scizor|Swords Dance|p1a: Scizor\n|-boost|p1a: Scizor|atk|2\n|-formechange|p2a: Aegislash|Aegislash-Blade|\n|move|p2a: Aegislash|Poltergeist|p1a: Scizor\n|-activate|p1a: Scizor|move: Poltergeist|Scizorite\n|-damage|p1a: Scizor|26/100\n|\n|-weather|none\n|upkeep\n|turn|12\n|\n|t:|1776056220\n|move|p2a: Aegislash|Shadow Sneak|p1a: Scizor\n|-damage|p1a: Scizor|9/100\n|move|p1a: Scizor|Knock Off|p2a: Aegislash\n|-supereffective|p2a: Aegislash|1\n|-damage|p2a: Aegislash|0 fnt\n|-enditem|p2a: Aegislash|Lum Berry|[from] move: Knock Off|[of] p1a: Scizor\n|faint|p2a: Aegislash\n|\n|upkeep\n|\n|t:|1776056222\n|switch|p2a: Lopunny|Lopunny-Mega, L50, F|72/100\n|-damage|p2a: Lopunny|66/100|[from] Stealth Rock\n|turn|13\n|-message|genba64 forfeited.\n|\n|win|kerom.pk\n|raw|genba64's rating: 1267 &rarr; <strong>1244</strong><br />(-23 for losing)\n|raw|kerom.pk's rating: 1300 &rarr; <strong>1323</strong><br />(+23 for winning)\n|l|\u2606genba64\n|player|p1|\n|l|\u203dkerom.pk\n|player|p2|\n",
  "uploadtime": 1776056317,
  "views": 7,
  "formatid": "gen9championsbssregma",
  "rating": 1244,
  "private": 0,
  "password": null
}