{
  "id": "gen9championsbssregma-2584047289",
  "format": "[Gen 9 Champions] BSS Reg M-A",
  "players": [
    "chessboxer316",
    "bandai home"
  ],
  "log": "|j|\u2606chessboxer316\n|j|\u2606bandai home\n|t:|1776219915\n|gametype|singles\n|player|p1|chessboxer316|hilbert|1277\n|player|p2|bandai home|170|1320\n|gen|9\n|tier|[Gen 9 Champions] BSS Reg M-A\n|rated|\n|rule|Species Clause: Limit one of each Pok\u00e9mon\n|rule|Item Clause: Limit 1 of each item\n|clearpoke\n|poke|p1|Primarina, L50, M|\n|poke|p1|Skarmory, L50, F|\n|poke|p1|Hippowdon, L50, M|\n|poke|p1|Gyarados, L50, F|\n|poke|p1|Garchomp, L50, F|\n|poke|p1|Houndoom, L50, M|\n|poke|p2|Dragapult, L50, M|\n|poke|p2|Gengar, L50, M|\n|poke|p2|Scovillain, L50, M|\n|poke|p2|Kingambit, L50, F|\n|poke|p2|Corviknight, L50, M|\n|poke|p2|Arcanine-Hisui, L50, M|\n|teampreview|3\n|inactive|Battle timer is ON: inactive players will automatically lose when time's up. (requested by chessboxer316)\n|j| Esslinger\n|inactive|bandai home has 60 seconds left.\n|l| Esslinger\n|\n|t:|1776219955\n|teamsize|p1|3\n|teamsize|p2|3\n|start\n|switch|p1a: Garchomp|Garchomp, L50, F|100/100\n|switch|p2a: Scovillain|Scovillain, L50, M|100/100\n|turn|1\n|j| p74\n|\n|t:|1776219966\n|switch|p2a: Corviknight|Corviknight, L50, M|100/100\n|-ability|p2a: Corviknight|Pressure\n|move|p1a: Garchomp|Rock Tomb|p2a: Corviknight\n|-damage|p2a: Corviknight|84/100\n|-unboost|p2a: Corviknight|spe|1\n|\n|-heal|p2a: Corviknight|90/100|[from] item: Leftovers\n|upkeep\n|turn|2\n|inactive|bandai home has 30 seconds left.\n|\n|t:|1776219993\n|switch|p1a: Gyarados|Gyarados, L50, F|100/100\n|-ability|p1a: Gyarados|Intimidate|boost\n|-unboost|p2a: Corviknight|atk|1\n|move|p2a: Corviknight|Bulk Up|p2a: Corviknight\n|-boost|p2a: Corviknight|atk|1\n|-boost|p2a: Corviknight|def|1\n|\n|-heal|p2a: Corviknight|96/100|[from] item: Leftovers\n|upkeep\n|turn|3\n|\n|t:|1776220003\n|move|p1a: Gyarados|Taunt|p2a: Corviknight\n|-start|p2a: Corviknight|move: Taunt\n|cant|p2a: Corviknight|move: Taunt|Bulk Up\n|\n|-heal|p2a: Corviknight|100/100|[from] item: Leftovers\n|upkeep\n|turn|4\n|\n|t:|1776220011\n|move|p1a: Gyarados|Dragon Dance|p1a: Gyarados\n|-boost|p1a: Gyarados|atk|1\n|-boost|p1a: Gyarados|spe|1\n|move|p2a: Corviknight|Iron Head|p1a: Gyarados\n|-resisted|p1a: Gyarados|1\n|-damage|p1a: Gyarados|87/100\n|\n|upkeep\n|turn|5\n|\n|t:|1776220018\n|move|p1a: Gyarados|Dragon Dance|p1a: Gyarados\n|-boost|p1a: Gyarados|atk|1\n|-boost|p1a: Gyarados|spe|1\n|move|p2a: Corviknight|Iron Head|p1a: Gyarados\n|-resisted|p1a: Gyarados|1\n|-crit|p1a: Gyarados\n|-damage|p1a: Gyarados|67/100\n|\n|-end|p2a: Corviknight|move: Taunt\n|upkeep\n|turn|6\n|\n|t:|1776220033\n|move|p1a: Gyarados|Taunt|p2a: Corviknight\n|-start|p2a: Corviknight|move: Taunt\n|cant|p2a: Corviknight|move: Taunt|Bulk Up\n|\n|upkeep\n|turn|7\n|\n|t:|1776220042\n|detailschange|p1a: Gyarados|Gyarados-Mega, L50, F\n|-mega|p1a: Gyarados|Gyarados|Gyaradosite\n|-ability|p1a: Gyarados|Mold Breaker\n|move|p1a: Gyarados|Waterfall|p2a: Corviknight\n|-damage|p2a: Corviknight|52/100\n|move|p2a: Corviknight|Iron Head|p1a: Gyarados\n|-resisted|p1a: Gyarados|1\n|-damage|p1a: Gyarados|56/100\n|\n|-heal|p2a: Corviknight|58/100|[from] item: Leftovers\n|upkeep\n|turn|8\n|\n|t:|1776220054\n|move|p1a: Gyarados|Waterfall|p2a: Corviknight\n|-damage|p2a: Corviknight|12/100\n|move|p2a: Corviknight|Iron Head|p1a: Gyarados\n|-resisted|p1a: Gyarados|1\n|-damage|p1a: Gyarados|46/100\n|\n|-heal|p2a: Corviknight|18/100|[from] item: Leftovers\n|-end|p2a: Corviknight|move: Taunt\n|upkeep\n|turn|9\n|\n|t:|1776220064\n|move|p1a: Gyarados|Waterfall|p2a: Corviknight\n|-damage|p2a: Corviknight|0 fnt\n|faint|p2a: Corviknight\n|\n|upkeep\n|\n|t:|1776220074\n|switch|p2a: Gengar|Gengar, L50, M|100/100\n|turn|10\n|\n|t:|1776220080\n|detailschange|p2a: Gengar|Gengar-Mega, L50, M\n|-mega|p2a: Gengar|Gengar|Gengarite\n|move|p1a: Gyarados|Waterfall|p2a: Gengar\n|-damage|p2a: Gengar|0 fnt\n|faint|p2a: Gengar\n|\n|upkeep\n|-message|bandai home forfeited.\n|\n|win|chessboxer316\n|raw|chessboxer316's rating: 1277 &rarr; <strong>1305</strong><br />(+28 for winning)\n|raw|bandai home's rating: 1320 &rarr; <strong>1298</strong><br />(-22 for losing)\n|l|\u2606bandai home\n|player|p2|\n|l|\u2606chessboxer316\n|player|p1|\n",
  "uploadtime": 1776220100,
  "views": 1,
  "formatid": "gen9championsbssregma",
  "rating": 1298,
  "private": 0,
  "password": null
}