{
  "id": "gen9championsbssregma-2583025377",
  "format": "[Gen 9 Champions] BSS Reg M-A",
  "players": [
    "Ineedaonetype",
    "karbain"
  ],
  "log": "|j|\u2606Ineedaonetype\n|j|\u2606karbain\n|t:|1776134433\n|gametype|singles\n|player|p1|Ineedaonetype|101|1291\n|player|p2|karbain|2|1389\n|gen|9\n|tier|[Gen 9 Champions] BSS Reg M-A\n|rated|\n|rule|Species Clause: Limit one of each Pok\u00e9mon\n|rule|Item Clause: Limit 1 of each item\n|clearpoke\n|poke|p1|Espathra, L50, F|\n|poke|p1|Corviknight, L50, F|\n|poke|p1|Primarina, L50, M|\n|poke|p1|Charizard, L50, F|\n|poke|p1|Archaludon, L50, F|\n|poke|p1|Snorlax, L50, F|\n|poke|p2|Charizard, L50, M|\n|poke|p2|Greninja-*, L50, F|\n|poke|p2|Hatterene, L50, F|\n|poke|p2|Gyarados, L50, F|\n|poke|p2|Kingambit, L50, M|\n|poke|p2|Mimikyu, L50, M|\n|teampreview|3\n|l|\u2606Ineedaonetype\n|player|p1|\n|j|\u2606Ineedaonetype\n|player|p1|Ineedaonetype|101|\n|inactive|Battle timer is ON: inactive players will automatically lose when time's up. (requested by karbain)\n|\n|t:|1776134484\n|teamsize|p1|3\n|teamsize|p2|3\n|start\n|switch|p1a: Espathra|Espathra, L50, F|100/100\n|switch|p2a: Greninja|Greninja, L50, F|100/100\n|turn|1\n|\n|t:|1776134495\n|move|p1a: Espathra|Protect|p1a: Espathra\n|-singleturn|p1a: Espathra|Protect\n|move|p2a: Greninja|Dark Pulse|p1a: Espathra\n|-activate|p1a: Espathra|move: Protect\n|\n|-ability|p1a: Espathra|Speed Boost|boost\n|-boost|p1a: Espathra|spe|1\n|upkeep\n|turn|2\n|\n|t:|1776134507\n|move|p1a: Espathra|Calm Mind|p1a: Espathra\n|-boost|p1a: Espathra|spa|1\n|-boost|p1a: Espathra|spd|1\n|move|p2a: Greninja|Dark Pulse|p1a: Espathra\n|-supereffective|p1a: Espathra|1\n|-damage|p1a: Espathra|19/100\n|\n|-ability|p1a: Espathra|Speed Boost|boost\n|-boost|p1a: Espathra|spe|1\n|upkeep\n|turn|3\n|\n|t:|1776134519\n|move|p2a: Greninja|Water Shuriken|p1a: Espathra\n|-damage|p1a: Espathra|12/100\n|-damage|p1a: Espathra|4/100\n|-damage|p1a: Espathra|0 fnt\n|faint|p1a: Espathra\n|-hitcount|p1: Espathra|3\n|\n|upkeep\n|\n|t:|1776134523\n|switch|p1a: Primarina|Primarina, L50, M|100/100\n|turn|4\n|\n|t:|1776134530\n|move|p2a: Greninja|Dark Pulse|p1a: Primarina\n|-resisted|p1a: Primarina|1\n|-damage|p1a: Primarina|85/100\n|move|p1a: Primarina|Calm Mind|p1a: Primarina\n|-boost|p1a: Primarina|spa|1\n|-boost|p1a: Primarina|spd|1\n|\n|-heal|p1a: Primarina|91/100|[from] item: Leftovers\n|upkeep\n|turn|5\n|\n|t:|1776134539\n|switch|p2a: Hatterene|Hatterene, L50, F|100/100\n|move|p1a: Primarina|Hyper Voice|p2a: Hatterene\n|-damage|p2a: Hatterene|41/100\n|-enditem|p2a: Hatterene|Sitrus Berry|[eat]\n|-heal|p2a: Hatterene|66/100|[from] item: Sitrus Berry\n|\n|-heal|p1a: Primarina|97/100|[from] item: Leftovers\n|upkeep\n|turn|6\n|\n|t:|1776134549\n|move|p1a: Primarina|Calm Mind|p1a: Primarina\n|-boost|p1a: Primarina|spa|1\n|-boost|p1a: Primarina|spd|1\n|move|p2a: Hatterene|Psychic|p1a: Primarina\n|-damage|p1a: Primarina|75/100\n|\n|-heal|p1a: Primarina|81/100|[from] item: Leftovers\n|upkeep\n|turn|7\n|\n|t:|1776134558\n|move|p1a: Primarina|Hyper Voice|p2a: Hatterene\n|-damage|p2a: Hatterene|0 fnt\n|faint|p2a: Hatterene\n|\n|-heal|p1a: Primarina|87/100|[from] item: Leftovers\n|upkeep\n|\n|t:|1776134563\n|switch|p2a: Charizard|Charizard, L50, M|100/100\n|turn|8\n|j| p74\n|\n|t:|1776134583\n|detailschange|p2a: Charizard|Charizard-Mega-X, L50, M\n|-mega|p2a: Charizard|Charizard|Charizardite X\n|move|p2a: Charizard|Flare Blitz|p1a: Primarina\n|-resisted|p1a: Primarina|1\n|-damage|p1a: Primarina|50/100\n|-damage|p2a: Charizard|86/100|[from] Recoil\n|move|p1a: Primarina|Hyper Voice|p2a: Charizard\n|-damage|p2a: Charizard|0 fnt\n|faint|p2a: Charizard\n|\n|-heal|p1a: Primarina|56/100|[from] item: Leftovers\n|upkeep\n|-message|karbain forfeited.\n|\n|win|Ineedaonetype\n|raw|Ineedaonetype's rating: 1291 &rarr; <strong>1323</strong><br />(+32 for winning)\n|raw|karbain's rating: 1389 &rarr; <strong>1364</strong><br />(-25 for losing)\n|l|\u2606karbain\n|player|p2|\n",
  "uploadtime": 1776134665,
  "views": 9,
  "formatid": "gen9championsbssregma",
  "rating": 1323,
  "private": 0,
  "password": null
}