{
  "id": "gen9championsbssregma-2587205416",
  "format": "[Gen 9 Champions] BSS Reg M-A",
  "players": [
    "Izan97",
    "nowhere60"
  ],
  "log": "|j|\u2606Izan97\n|j|\u2606nowhere60\n|t:|1776508712\n|gametype|singles\n|player|p1|Izan97|archer|1244\n|player|p2|nowhere60|2|1151\n|gen|9\n|tier|[Gen 9 Champions] BSS Reg M-A\n|rated|\n|rule|Species Clause: Limit one of each Pok\u00e9mon\n|rule|Item Clause: Limit 1 of each item\n|clearpoke\n|poke|p1|Delphox, L50, F|\n|poke|p1|Toucannon, L50, F|\n|poke|p1|Skeledirge, L50, M|\n|poke|p1|Goodra-Hisui, L50, F|\n|poke|p1|Sylveon, L50, F|\n|poke|p1|Krookodile, L50, F|\n|poke|p2|Basculegion, L50, M|\n|poke|p2|Ditto, L50|\n|poke|p2|Mimikyu, L50, M|\n|poke|p2|Greninja, L50, F|\n|poke|p2|Charizard, L50, F|\n|poke|p2|Hatterene, L50, F|\n|teampreview|3\n|\n|t:|1776508733\n|teamsize|p1|3\n|teamsize|p2|3\n|start\n|switch|p1a: Toucannon|Toucannon, L50, F|100/100\n|switch|p2a: Hatterene|Hatterene, L50, F|100/100\n|turn|1\n|\n|t:|1776508744\n|-singleturn|p1a: Toucannon|move: Beak Blast\n|move|p2a: Hatterene|Nuzzle|p1a: Toucannon\n|-supereffective|p1a: Toucannon|1\n|-damage|p1a: Toucannon|90/100\n|-status|p2a: Hatterene|brn\n|-status|p1a: Toucannon|par\n|move|p1a: Toucannon|Beak Blast|p2a: Hatterene\n|-damage|p2a: Hatterene|21/100 brn\n|\n|-damage|p2a: Hatterene|15/100 brn|[from] brn\n|upkeep\n|turn|2\n|\n|t:|1776508757\n|move|p2a: Hatterene|Misty Explosion|p1a: Toucannon\n|-damage|p1a: Toucannon|24/100 par\n|-enditem|p1a: Toucannon|Sitrus Berry|[eat]\n|-heal|p1a: Toucannon|49/100 par|[from] item: Sitrus Berry\n|faint|p2a: Hatterene\n|move|p1a: Toucannon|Rock Blast|p2: Hatterene|[notarget]\n|-fail|p1a: Toucannon\n|\n|upkeep\n|\n|t:|1776508765\n|switch|p2a: Charizard|Charizard, L50, F|100/100\n|turn|3\n|\n|t:|1776508770\n|switch|p1a: Delphox|Delphox, L50, F|100/100\n|detailschange|p2a: Charizard|Charizard-Mega-X, L50, F\n|-mega|p2a: Charizard|Charizard|Charizardite X\n|move|p2a: Charizard|Dragon Dance|p2a: Charizard\n|-boost|p2a: Charizard|atk|1\n|-boost|p2a: Charizard|spe|1\n|\n|upkeep\n|turn|4\n|\n|t:|1776508778\n|detailschange|p1a: Delphox|Delphox-Mega, L50, F\n|-mega|p1a: Delphox|Delphox|Delphoxite\n|move|p2a: Charizard|Outrage|p1a: Delphox\n|-damage|p1a: Delphox|0 fnt\n|faint|p1a: Delphox\n|\n|upkeep\n|\n|t:|1776508784\n|switch|p1a: Goodra|Goodra-Hisui, L50, F|100/100\n|turn|5\n|\n|t:|1776508786\n|move|p2a: Charizard|Outrage|p1a: Goodra|[from] lockedmove\n|-damage|p1a: Goodra|0 fnt\n|faint|p1a: Goodra\n|-start|p2a: Charizard|confusion|[fatigue]\n|\n|upkeep\n|\n|t:|1776508792\n|switch|p1a: Toucannon|Toucannon, L50, F|49/100 par\n|turn|6\n|\n|t:|1776508796\n|-activate|p2a: Charizard|confusion\n|-damage|p2a: Charizard|75/100|[from] confusion\n|move|p1a: Toucannon|Rock Blast|p2a: Charizard|[miss]\n|-miss|p1a: Toucannon|p2a: Charizard\n|\n|upkeep\n|turn|7\n|\n|t:|1776508800\n|-end|p2a: Charizard|confusion\n|move|p2a: Charizard|Outrage|p1a: Toucannon\n|-damage|p1a: Toucannon|0 fnt\n|faint|p1a: Toucannon\n|\n|win|nowhere60\n|raw|Izan97's rating: 1244 &rarr; <strong>1212</strong><br />(-32 for losing)\n|raw|nowhere60's rating: 1151 &rarr; <strong>1183</strong><br />(+32 for winning)\n",
  "uploadtime": 1776508801,
  "views": 2,
  "formatid": "gen9championsbssregma",
  "rating": 1183,
  "private": 0,
  "password": null
}