{
  "id": "gen9championsbssregma-2585036785",
  "format": "[Gen 9 Champions] BSS Reg M-A",
  "players": [
    "Ryan1Baek",
    "potaajyu_jv"
  ],
  "log": "|j|\u2606Ryan1Baek\n|j|\u2606potaajyu_jv\n|t:|1776305523\n|gametype|singles\n|player|p1|Ryan1Baek|carmine-festival|1208\n|player|p2|potaajyu_jv|cheryl|1135\n|gen|9\n|tier|[Gen 9 Champions] BSS Reg M-A\n|rated|\n|rule|Species Clause: Limit one of each Pok\u00e9mon\n|rule|Item Clause: Limit 1 of each item\n|clearpoke\n|poke|p1|Charizard, L50, M|\n|poke|p1|Hippowdon, L50, M|\n|poke|p1|Primarina, L50, M|\n|poke|p1|Corviknight, L50, F|\n|poke|p1|Meowscarada, L50, M|\n|poke|p1|Sneasler, L50, F|\n|poke|p2|Kangaskhan, L50, F|\n|poke|p2|Aegislash, L50, F|\n|poke|p2|Hippowdon, L50, F|\n|poke|p2|Gengar, L50, F|\n|poke|p2|Hydreigon, L50, M|\n|poke|p2|Glimmora, L50, F|\n|teampreview|3\n|inactive|Battle timer is ON: inactive players will automatically lose when time's up. (requested by Ryan1Baek)\n|inactive|Ryan1Baek has 60 seconds left.\n|\n|t:|1776305576\n|teamsize|p1|3\n|teamsize|p2|3\n|start\n|switch|p1a: Hippowdon|Hippowdon, L50, M|100/100\n|switch|p2a: \u30ad\u30e9\u30d5\u30ed\u30eb|Glimmora, L50, F|100/100\n|-weather|Sandstorm|[from] ability: Sand Stream|[of] p1a: Hippowdon\n|turn|1\n|\n|t:|1776305589\n|move|p2a: \u30ad\u30e9\u30d5\u30ed\u30eb|Stealth Rock|p1a: Hippowdon\n|-sidestart|p1: Ryan1Baek|move: Stealth Rock\n|move|p1a: Hippowdon|Stealth Rock|p2a: \u30ad\u30e9\u30d5\u30ed\u30eb\n|-sidestart|p2: potaajyu_jv|move: Stealth Rock\n|\n|-weather|Sandstorm|[upkeep]\n|upkeep\n|turn|2\n|\n|t:|1776305598\n|move|p2a: \u30ad\u30e9\u30d5\u30ed\u30eb|Mortal Spin|p1a: Hippowdon\n|-resisted|p1a: Hippowdon|1\n|-damage|p1a: Hippowdon|98/100\n|-status|p1a: Hippowdon|psn\n|-sideend|p2: potaajyu_jv|Stealth Rock|[from] move: Mortal Spin|[of] p2a: \u30ad\u30e9\u30d5\u30ed\u30eb\n|move|p1a: Hippowdon|Whirlwind|p2a: \u30ad\u30e9\u30d5\u30ed\u30eb\n|drag|p2a: \u30ab\u30d0\u30eb\u30c9\u30f3|Hippowdon, L50, F|100/100\n|\n|-weather|Sandstorm|[upkeep]\n|-damage|p1a: Hippowdon|86/100 psn|[from] psn\n|upkeep\n|turn|3\n|\n|t:|1776305612\n|move|p2a: \u30ab\u30d0\u30eb\u30c9\u30f3|Earthquake|p1a: Hippowdon\n|-crit|p1a: Hippowdon\n|-damage|p1a: Hippowdon|42/100 psn\n|move|p1a: Hippowdon|Stealth Rock|p2a: \u30ab\u30d0\u30eb\u30c9\u30f3\n|-sidestart|p2: potaajyu_jv|move: Stealth Rock\n|\n|-weather|Sandstorm|[upkeep]\n|-damage|p1a: Hippowdon|30/100 psn|[from] psn\n|upkeep\n|turn|4\n|\n|t:|1776305622\n|move|p2a: \u30ab\u30d0\u30eb\u30c9\u30f3|Earthquake|p1a: Hippowdon\n|-damage|p1a: Hippowdon|2/100 psn\n|move|p1a: Hippowdon|Whirlwind|p2a: \u30ab\u30d0\u30eb\u30c9\u30f3\n|drag|p2a: \u30ae\u30eb\u30ac\u30eb\u30c9|Aegislash, L50, F|100/100\n|-damage|p2a: \u30ae\u30eb\u30ac\u30eb\u30c9|95/100|[from] Stealth Rock\n|\n|-weather|Sandstorm|[upkeep]\n|-heal|p2a: \u30ae\u30eb\u30ac\u30eb\u30c9|100/100|[from] item: Leftovers\n|-damage|p1a: Hippowdon|0 fnt|[from] psn\n|faint|p1a: Hippowdon\n|upkeep\n|\n|t:|1776305643\n|switch|p1a: Meowscarada|Meowscarada, L50, M|100/100\n|-damage|p1a: Meowscarada|88/100|[from] Stealth Rock\n|turn|5\n|\n|t:|1776305649\n|move|p2a: \u30ae\u30eb\u30ac\u30eb\u30c9|King's Shield|p2a: \u30ae\u30eb\u30ac\u30eb\u30c9\n|-singleturn|p2a: \u30ae\u30eb\u30ac\u30eb\u30c9|Protect\n|move|p1a: Meowscarada|Knock Off|p2a: \u30ae\u30eb\u30ac\u30eb\u30c9\n|-start|p1a: Meowscarada|typechange|Dark|[from] ability: Protean\n|-activate|p2a: \u30ae\u30eb\u30ac\u30eb\u30c9|move: Protect\n|-unboost|p1a: Meowscarada|atk|1\n|\n|-weather|none\n|upkeep\n|turn|6\n|\n|t:|1776305663\n|switch|p2a: \u30ad\u30e9\u30d5\u30ed\u30eb|Glimmora, L50, F|100/100\n|-damage|p2a: \u30ad\u30e9\u30d5\u30ed\u30eb|89/100|[from] Stealth Rock\n|move|p1a: Meowscarada|Knock Off|p2a: \u30ad\u30e9\u30d5\u30ed\u30eb\n|-damage|p2a: \u30ad\u30e9\u30d5\u30ed\u30eb|45/100\n|-activate|p2a: \u30ad\u30e9\u30d5\u30ed\u30eb|ability: Toxic Debris\n|-sidestart|p1: Ryan1Baek|move: Toxic Spikes\n|-enditem|p2a: \u30ad\u30e9\u30d5\u30ed\u30eb|Focus Sash|[from] move: Knock Off|[of] p1a: Meowscarada\n|\n|upkeep\n|turn|7\n|\n|t:|1776305677\n|move|p1a: Meowscarada|Knock Off|p2a: \u30ad\u30e9\u30d5\u30ed\u30eb\n|-damage|p2a: \u30ad\u30e9\u30d5\u30ed\u30eb|19/100\n|-activate|p2a: \u30ad\u30e9\u30d5\u30ed\u30eb|ability: Toxic Debris\n|-sidestart|p1: Ryan1Baek|move: Toxic Spikes\n|move|p2a: \u30ad\u30e9\u30d5\u30ed\u30eb|Mortal Spin|p1a: Meowscarada\n|-damage|p1a: Meowscarada|78/100\n|-status|p1a: Meowscarada|psn\n|-sideend|p2: potaajyu_jv|Stealth Rock|[from] move: Mortal Spin|[of] p2a: \u30ad\u30e9\u30d5\u30ed\u30eb\n|\n|-damage|p1a: Meowscarada|66/100 psn|[from] psn\n|upkeep\n|turn|8\n|\n|t:|1776305691\n|move|p1a: Meowscarada|Knock Off|p2a: \u30ad\u30e9\u30d5\u30ed\u30eb\n|-damage|p2a: \u30ad\u30e9\u30d5\u30ed\u30eb|0 fnt\n|faint|p2a: \u30ad\u30e9\u30d5\u30ed\u30eb\n|\n|-damage|p1a: Meowscarada|53/100 psn|[from] psn\n|upkeep\n|\n|t:|1776305702\n|switch|p2a: \u30ae\u30eb\u30ac\u30eb\u30c9|Aegislash, L50, F|100/100\n|turn|9\n|\n|t:|1776305708\n|switch|p1a: Charizard|Charizard, L50, M|100/100\n|-damage|p1a: Charizard|51/100|[from] Stealth Rock\n|move|p2a: \u30ae\u30eb\u30ac\u30eb\u30c9|King's Shield||[still]\n|-fail|p2a: \u30ae\u30eb\u30ac\u30eb\u30c9\n|\n|upkeep\n|turn|10\n|\n|t:|1776305722\n|detailschange|p1a: Charizard|Charizard-Mega-X, L50, M\n|-mega|p1a: Charizard|Charizard|Charizardite X\n|move|p2a: \u30ae\u30eb\u30ac\u30eb\u30c9|King's Shield|p2a: \u30ae\u30eb\u30ac\u30eb\u30c9\n|-singleturn|p2a: \u30ae\u30eb\u30ac\u30eb\u30c9|Protect\n|move|p1a: Charizard|Flare Blitz|p2a: \u30ae\u30eb\u30ac\u30eb\u30c9\n|-activate|p2a: \u30ae\u30eb\u30ac\u30eb\u30c9|move: Protect\n|-unboost|p1a: Charizard|atk|1\n|\n|upkeep\n|turn|11\n|\n|t:|1776305737\n|switch|p2a: \u30ab\u30d0\u30eb\u30c9\u30f3|Hippowdon, L50, F|100/100\n|-weather|Sandstorm|[from] ability: Sand Stream|[of] p2a: \u30ab\u30d0\u30eb\u30c9\u30f3\n|move|p1a: Charizard|Flare Blitz|p2a: \u30ab\u30d0\u30eb\u30c9\u30f3\n|-damage|p2a: \u30ab\u30d0\u30eb\u30c9\u30f3|70/100\n|-damage|p1a: Charizard|37/100|[from] Recoil\n|\n|-weather|Sandstorm|[upkeep]\n|-damage|p1a: Charizard|31/100|[from] Sandstorm\n|upkeep\n|turn|12\n|\n|t:|1776305752\n|move|p1a: Charizard|Flare Blitz|p2a: \u30ab\u30d0\u30eb\u30c9\u30f3\n|-damage|p2a: \u30ab\u30d0\u30eb\u30c9\u30f3|36/100\n|-enditem|p2a: \u30ab\u30d0\u30eb\u30c9\u30f3|Sitrus Berry|[eat]\n|-heal|p2a: \u30ab\u30d0\u30eb\u30c9\u30f3|61/100|[from] item: Sitrus Berry\n|-damage|p1a: Charizard|15/100|[from] Recoil\n|move|p2a: \u30ab\u30d0\u30eb\u30c9\u30f3|Yawn|p1a: Charizard\n|-start|p1a: Charizard|move: Yawn|[of] p2a: \u30ab\u30d0\u30eb\u30c9\u30f3\n|\n|-weather|Sandstorm|[upkeep]\n|-damage|p1a: Charizard|10/100|[from] Sandstorm\n|upkeep\n|turn|13\n|\n|t:|1776305765\n|move|p1a: Charizard|Flare Blitz|p2a: \u30ab\u30d0\u30eb\u30c9\u30f3\n|-damage|p2a: \u30ab\u30d0\u30eb\u30c9\u30f3|31/100\n|-damage|p1a: Charizard|0 fnt|[from] Recoil\n|faint|p1a: Charizard\n|move|p2a: \u30ab\u30d0\u30eb\u30c9\u30f3|Slack Off|p2a: \u30ab\u30d0\u30eb\u30c9\u30f3\n|-heal|p2a: \u30ab\u30d0\u30eb\u30c9\u30f3|81/100\n|\n|-weather|Sandstorm|[upkeep]\n|upkeep\n|-message|Ryan1Baek forfeited.\n|\n|win|potaajyu_jv\n|raw|Ryan1Baek's rating: 1208 &rarr; <strong>1178</strong><br />(-30 for losing)\n|raw|potaajyu_jv's rating: 1135 &rarr; <strong>1165</strong><br />(+30 for winning)\n|l|\u2606Ryan1Baek\n|player|p1|\n",
  "uploadtime": 1776305906,
  "views": 10,
  "formatid": "gen9championsbssregma",
  "rating": 1165,
  "private": 0,
  "password": null
}