{
  "id": "gen9championsbssregma-2583940030",
  "format": "[Gen 9 Champions] BSS Reg M-A",
  "players": [
    "Dr. Elite",
    "Gshs5"
  ],
  "log": "|j|\u2606Dr. Elite\n|j|\u2606Gshs5\n|t:|1776210138\n|gametype|singles\n|player|p1|Dr. Elite|#drelite|1117\n|player|p2|Gshs5|102|1204\n|gen|9\n|tier|[Gen 9 Champions] BSS Reg M-A\n|rated|\n|rule|Species Clause: Limit one of each Pok\u00e9mon\n|rule|Item Clause: Limit 1 of each item\n|clearpoke\n|poke|p1|Alakazam, L50, M|\n|poke|p1|Gardevoir, L50, F|\n|poke|p1|Slowking-Galar, L50, M|\n|poke|p1|Farigiraf, L50, F|\n|poke|p1|Slowbro, L50, M|\n|poke|p1|Delphox, L50, F|\n|poke|p2|Absol, L50, M|\n|poke|p2|Diggersby, L50, F|\n|poke|p2|Gyarados, L50, M|\n|poke|p2|Venusaur, L50, M|\n|poke|p2|Archaludon, L50, M|\n|poke|p2|Volcarona, L50, M|\n|teampreview|3\n|inactive|Battle timer is ON: inactive players will automatically lose when time's up. (requested by Gshs5)\n|\n|t:|1776210171\n|teamsize|p1|3\n|teamsize|p2|3\n|start\n|switch|p1a: Clozapine|Slowbro, L50, M, shiny|100/100\n|switch|p2a: Archaludon|Archaludon, L50, M|100/100\n|turn|1\n|\n|t:|1776210191\n|detailschange|p1a: Clozapine|Slowbro-Mega, L50, M, shiny\n|-mega|p1a: Clozapine|Slowbro|Slowbronite\n|move|p2a: Archaludon|Stealth Rock|p1a: Clozapine\n|-sidestart|p1: Dr. Elite|move: Stealth Rock\n|move|p1a: Clozapine|Calm Mind|p1a: Clozapine\n|-boost|p1a: Clozapine|spa|1\n|-boost|p1a: Clozapine|spd|1\n|\n|upkeep\n|turn|2\n|\n|t:|1776210196\n|move|p2a: Archaludon|Thunderbolt|p1a: Clozapine\n|-supereffective|p1a: Clozapine|1\n|-damage|p1a: Clozapine|69/100\n|move|p1a: Clozapine|Calm Mind|p1a: Clozapine\n|-boost|p1a: Clozapine|spa|1\n|-boost|p1a: Clozapine|spd|1\n|\n|upkeep\n|turn|3\n|\n|t:|1776210204\n|move|p2a: Archaludon|Thunderbolt|p1a: Clozapine\n|-supereffective|p1a: Clozapine|1\n|-damage|p1a: Clozapine|46/100\n|move|p1a: Clozapine|Calm Mind|p1a: Clozapine\n|-boost|p1a: Clozapine|spa|1\n|-boost|p1a: Clozapine|spd|1\n|\n|upkeep\n|turn|4\n|\n|t:|1776210218\n|move|p2a: Archaludon|Thunderbolt|p1a: Clozapine\n|-supereffective|p1a: Clozapine|1\n|-damage|p1a: Clozapine|26/100\n|move|p1a: Clozapine|Slack Off|p1a: Clozapine\n|-heal|p1a: Clozapine|76/100\n|\n|upkeep\n|turn|5\n|\n|t:|1776210223\n|move|p2a: Archaludon|Thunderbolt|p1a: Clozapine\n|-supereffective|p1a: Clozapine|1\n|-damage|p1a: Clozapine|55/100\n|move|p1a: Clozapine|Calm Mind|p1a: Clozapine\n|-boost|p1a: Clozapine|spa|1\n|-boost|p1a: Clozapine|spd|1\n|\n|upkeep\n|turn|6\n|\n|t:|1776210225\n|move|p2a: Archaludon|Thunderbolt|p1a: Clozapine\n|-supereffective|p1a: Clozapine|1\n|-damage|p1a: Clozapine|39/100\n|move|p1a: Clozapine|Slack Off|p1a: Clozapine\n|-heal|p1a: Clozapine|89/100\n|\n|upkeep\n|turn|7\n|\n|t:|1776210227\n|move|p2a: Archaludon|Thunderbolt|p1a: Clozapine\n|-supereffective|p1a: Clozapine|1\n|-damage|p1a: Clozapine|74/100\n|-status|p1a: Clozapine|par\n|move|p1a: Clozapine|Calm Mind|p1a: Clozapine\n|-boost|p1a: Clozapine|spa|1\n|-boost|p1a: Clozapine|spd|1\n|\n|upkeep\n|turn|8\n|\n|t:|1776210231\n|move|p2a: Archaludon|Thunderbolt|p1a: Clozapine\n|-supereffective|p1a: Clozapine|1\n|-damage|p1a: Clozapine|60/100 par\n|cant|p1a: Clozapine|par\n|\n|upkeep\n|turn|9\n|\n|t:|1776210237\n|move|p2a: Archaludon|Thunderbolt|p1a: Clozapine\n|-supereffective|p1a: Clozapine|1\n|-damage|p1a: Clozapine|46/100 par\n|move|p1a: Clozapine|Slack Off|p1a: Clozapine\n|-heal|p1a: Clozapine|96/100 par\n|\n|upkeep\n|turn|10\n|\n|t:|1776210242\n|move|p2a: Archaludon|Thunderbolt|p1a: Clozapine\n|-supereffective|p1a: Clozapine|1\n|-damage|p1a: Clozapine|82/100 par\n|move|p1a: Clozapine|Iron Defense|p1a: Clozapine\n|-boost|p1a: Clozapine|def|2\n|\n|upkeep\n|turn|11\n|\n|t:|1776210244\n|move|p2a: Archaludon|Thunderbolt|p1a: Clozapine\n|-supereffective|p1a: Clozapine|1\n|-damage|p1a: Clozapine|70/100 par\n|cant|p1a: Clozapine|par\n|\n|upkeep\n|turn|12\n|\n|t:|1776210246\n|move|p2a: Archaludon|Thunderbolt|p1a: Clozapine\n|-supereffective|p1a: Clozapine|1\n|-damage|p1a: Clozapine|57/100 par\n|move|p1a: Clozapine|Calm Mind|p1a: Clozapine\n|-boost|p1a: Clozapine|spa|1\n|-boost|p1a: Clozapine|spd|1\n|\n|upkeep\n|turn|13\n|\n|t:|1776210249\n|move|p2a: Archaludon|Thunderbolt|p1a: Clozapine\n|-supereffective|p1a: Clozapine|1\n|-damage|p1a: Clozapine|45/100 par\n|move|p1a: Clozapine|Iron Defense|p1a: Clozapine\n|-boost|p1a: Clozapine|def|2\n|\n|upkeep\n|turn|14\n|\n|t:|1776210251\n|move|p2a: Archaludon|Thunderbolt|p1a: Clozapine\n|-supereffective|p1a: Clozapine|1\n|-damage|p1a: Clozapine|32/100 par\n|move|p1a: Clozapine|Slack Off|p1a: Clozapine\n|-heal|p1a: Clozapine|82/100 par\n|\n|upkeep\n|turn|15\n|\n|t:|1776210256\n|move|p2a: Archaludon|Thunderbolt|p1a: Clozapine\n|-supereffective|p1a: Clozapine|1\n|-damage|p1a: Clozapine|69/100 par\n|cant|p1a: Clozapine|par\n|\n|upkeep\n|turn|16\n|\n|t:|1776210258\n|move|p2a: Archaludon|Thunderbolt|p1a: Clozapine\n|-supereffective|p1a: Clozapine|1\n|-damage|p1a: Clozapine|57/100 par\n|move|p1a: Clozapine|Iron Defense|p1a: Clozapine\n|-boost|p1a: Clozapine|def|2\n|\n|upkeep\n|turn|17\n|\n|t:|1776210260\n|move|p2a: Archaludon|Thunderbolt|p1a: Clozapine\n|-supereffective|p1a: Clozapine|1\n|-damage|p1a: Clozapine|44/100 par\n|move|p1a: Clozapine|Slack Off|p1a: Clozapine\n|-heal|p1a: Clozapine|94/100 par\n|\n|upkeep\n|turn|18\n|\n|t:|1776210263\n|move|p2a: Archaludon|Flash Cannon|p1a: Clozapine\n|-resisted|p1a: Clozapine|1\n|-damage|p1a: Clozapine|91/100 par\n|cant|p1a: Clozapine|par\n|\n|upkeep\n|turn|19\n|\n|t:|1776210265\n|move|p2a: Archaludon|Flash Cannon|p1a: Clozapine\n|-resisted|p1a: Clozapine|1\n|-damage|p1a: Clozapine|87/100 par\n|-unboost|p1a: Clozapine|spd|1\n|cant|p1a: Clozapine|par\n|\n|upkeep\n|turn|20\n|\n|t:|1776210268\n|move|p2a: Archaludon|Flash Cannon|p1a: Clozapine\n|-resisted|p1a: Clozapine|1\n|-damage|p1a: Clozapine|83/100 par\n|move|p1a: Clozapine|Scald|p2a: Archaludon\n|-resisted|p2a: Archaludon|1\n|-damage|p2a: Archaludon|7/100\n|-status|p2a: Archaludon|brn\n|-ability|p2a: Archaludon|Stamina|boost\n|-boost|p2a: Archaludon|def|1\n|\n|-damage|p2a: Archaludon|0 fnt|[from] brn\n|faint|p2a: Archaludon\n|upkeep\n|\n|t:|1776210271\n|switch|p2a: Absol|Absol, L50, M|100/100\n|-ability|p2a: Absol|Pressure\n|turn|21\n|\n|t:|1776210275\n|detailschange|p2a: Absol|Absol-Mega, L50, M\n|-mega|p2a: Absol|Absol|Absolite\n|move|p2a: Absol|Knock Off|p1a: Clozapine\n|-supereffective|p1a: Clozapine|1\n|-damage|p1a: Clozapine|71/100 par\n|cant|p1a: Clozapine|par\n|\n|upkeep\n|turn|22\n|\n|t:|1776210281\n|move|p2a: Absol|Knock Off|p1a: Clozapine\n|-supereffective|p1a: Clozapine|1\n|-damage|p1a: Clozapine|58/100 par\n|move|p1a: Clozapine|Scald|p2a: Absol\n|-damage|p2a: Absol|0 fnt\n|faint|p2a: Absol\n|\n|upkeep\n|\n|t:|1776210283\n|switch|p2a: Volcarona|Volcarona, L50, M|100/100\n|turn|23\n|\n|t:|1776210285\n|move|p2a: Volcarona|Quiver Dance|p2a: Volcarona\n|-boost|p2a: Volcarona|spa|1\n|-boost|p2a: Volcarona|spd|1\n|-boost|p2a: Volcarona|spe|1\n|move|p1a: Clozapine|Scald|p2a: Volcarona\n|-supereffective|p2a: Volcarona|1\n|-crit|p2a: Volcarona\n|-enditem|p2a: Volcarona|Focus Sash\n|-damage|p2a: Volcarona|1/100\n|\n|upkeep\n|turn|24\n|\n|t:|1776210287\n|move|p2a: Volcarona|Giga Drain|p1a: Clozapine\n|-supereffective|p1a: Clozapine|1\n|-damage|p1a: Clozapine|38/100 par\n|-heal|p2a: Volcarona|14/100|[from] drain|[of] p1a: Clozapine\n|move|p1a: Clozapine|Scald|p2a: Volcarona\n|-supereffective|p2a: Volcarona|1\n|-damage|p2a: Volcarona|0 fnt\n|faint|p2a: Volcarona\n|\n|win|Dr. Elite\n|raw|Dr. Elite's rating: 1117 &rarr; <strong>1148</strong><br />(+31 for winning)\n|raw|Gshs5's rating: 1204 &rarr; <strong>1173</strong><br />(-31 for losing)\n",
  "uploadtime": 1776210289,
  "views": 1,
  "formatid": "gen9championsbssregma",
  "rating": 1148,
  "private": 0,
  "password": null
}