{
  "id": "gen9championsbssregma-2586359720",
  "format": "[Gen 9 Champions] BSS Reg M-A",
  "players": [
    "Bbbkty",
    "Skyluxneon"
  ],
  "log": "|j|\u2606Bbbkty\n|j|\u2606Skyluxneon\n|t:|1776428642\n|gametype|singles\n|player|p1|Bbbkty|265|1113\n|player|p2|Skyluxneon|ruinmaniac|1156\n|gen|9\n|tier|[Gen 9 Champions] BSS Reg M-A\n|rated|\n|rule|Species Clause: Limit one of each Pok\u00e9mon\n|rule|Item Clause: Limit 1 of each item\n|clearpoke\n|poke|p1|Clefable, L50, M|\n|poke|p1|Charizard, L50, F|\n|poke|p1|Mimikyu, L50, M|\n|poke|p1|Kingambit, L50, M|\n|poke|p1|Espathra, L50, M|\n|poke|p1|Glimmora, L50, M|\n|poke|p2|Clefable, L50, M|\n|poke|p2|Sinistcha, L50|\n|poke|p2|Lycanroc-Dusk, L50, M|\n|poke|p2|Samurott-Hisui, L50, F|\n|poke|p2|Volcarona, L50, M|\n|poke|p2|Slowking-Galar, L50, F|\n|teampreview|3\n|\n|t:|1776428652\n|teamsize|p1|3\n|teamsize|p2|3\n|start\n|switch|p1a: Glimmora|Glimmora, L50, M, shiny|100/100\n|switch|p2a: Clefable|Clefable, L50, M|100/100\n|turn|1\n|\n|t:|1776428660\n|detailschange|p2a: Clefable|Clefable-Mega, L50, M\n|-mega|p2a: Clefable|Clefable|Clefablite\n|move|p1a: Glimmora|Mortal Spin|p2a: Clefable\n|-supereffective|p2a: Clefable|1\n|-damage|p2a: Clefable|90/100\n|-status|p2a: Clefable|psn\n|move|p2a: Clefable|Cosmic Power|p2a: Clefable\n|-boost|p2a: Clefable|def|1\n|-boost|p2a: Clefable|spd|1\n|\n|-damage|p2a: Clefable|78/100 psn|[from] psn\n|upkeep\n|turn|2\n|\n|t:|1776428666\n|move|p1a: Glimmora|Power Gem|p2a: Clefable\n|-supereffective|p2a: Clefable|1\n|-crit|p2a: Clefable\n|-damage|p2a: Clefable|0 fnt\n|faint|p2a: Clefable\n|\n|upkeep\n|\n|t:|1776428669\n|switch|p2a: Samurott|Samurott-Hisui, L50, F|100/100\n|turn|3\n|\n|t:|1776428673\n|move|p1a: Glimmora|Stealth Rock|p2a: Samurott\n|-sidestart|p2: Skyluxneon|move: Stealth Rock\n|move|p2a: Samurott|Razor Shell|p1a: Glimmora\n|-supereffective|p1a: Glimmora|1\n|-enditem|p1a: Glimmora|Focus Sash\n|-damage|p1a: Glimmora|1/100\n|-unboost|p1a: Glimmora|def|1\n|-activate|p1a: Glimmora|ability: Toxic Debris\n|-sidestart|p2: Skyluxneon|move: Toxic Spikes\n|\n|upkeep\n|turn|4\n|\n|t:|1776428678\n|move|p2a: Samurott|Sucker Punch|p1a: Glimmora\n|-damage|p1a: Glimmora|0 fnt\n|-activate|p1a: Glimmora|ability: Toxic Debris\n|-sidestart|p2: Skyluxneon|move: Toxic Spikes\n|faint|p1a: Glimmora\n|\n|upkeep\n|\n|t:|1776428683\n|switch|p1a: Espathra|Espathra, L50, M, shiny|100/100\n|turn|5\n|\n|t:|1776428686\n|move|p2a: Samurott|Ceaseless Edge|p1a: Espathra\n|-supereffective|p1a: Espathra|1\n|-damage|p1a: Espathra|11/100\n|-sidestart|p1: Bbbkty|Spikes\n|-enditem|p1a: Espathra|Sitrus Berry|[eat]\n|-heal|p1a: Espathra|36/100|[from] item: Sitrus Berry\n|move|p1a: Espathra|Calm Mind|p1a: Espathra\n|-boost|p1a: Espathra|spa|1\n|-boost|p1a: Espathra|spd|1\n|\n|-ability|p1a: Espathra|Speed Boost|boost\n|-boost|p1a: Espathra|spe|1\n|upkeep\n|turn|6\n|\n|t:|1776428693\n|move|p1a: Espathra|Protect|p1a: Espathra\n|-singleturn|p1a: Espathra|Protect\n|move|p2a: Samurott|Ceaseless Edge|p1a: Espathra\n|-activate|p1a: Espathra|move: Protect\n|\n|-ability|p1a: Espathra|Speed Boost|boost\n|-boost|p1a: Espathra|spe|1\n|upkeep\n|turn|7\n|\n|t:|1776428698\n|move|p1a: Espathra|Baton Pass|p1a: Espathra\n|\n|t:|1776428700\n|switch|p1a: Clefable|Clefable, L50, M, shiny|100/100|[from] Baton Pass\n|move|p2a: Samurott|Ceaseless Edge|p1a: Clefable\n|-resisted|p1a: Clefable|1\n|-damage|p1a: Clefable|82/100\n|-sidestart|p1: Bbbkty|Spikes\n|\n|upkeep\n|turn|8\n|inactive|Battle timer is ON: inactive players will automatically lose when time's up. (requested by Bbbkty)\n|\n|t:|1776428706\n|detailschange|p1a: Clefable|Clefable-Mega, L50, M, shiny\n|-mega|p1a: Clefable|Clefable|Clefablite\n|move|p1a: Clefable|Cosmic Power|p1a: Clefable\n|-boost|p1a: Clefable|def|1\n|-boost|p1a: Clefable|spd|1\n|move|p2a: Samurott|Razor Shell|p1a: Clefable\n|-damage|p1a: Clefable|54/100\n|\n|upkeep\n|turn|9\n|\n|t:|1776428715\n|move|p1a: Clefable|Moonblast|p2a: Samurott\n|-supereffective|p2a: Samurott|1\n|-enditem|p2a: Samurott|Focus Sash\n|-damage|p2a: Samurott|1/100\n|-unboost|p2a: Samurott|spa|1\n|move|p2a: Samurott|Razor Shell|p1a: Clefable\n|-damage|p1a: Clefable|29/100\n|\n|upkeep\n|turn|10\n|\n|t:|1776428725\n|move|p2a: Samurott|Sucker Punch|p1a: Clefable\n|-resisted|p1a: Clefable|1\n|-damage|p1a: Clefable|22/100\n|move|p1a: Clefable|Moonblast|p2a: Samurott\n|-supereffective|p2a: Samurott|1\n|-damage|p2a: Samurott|0 fnt\n|faint|p2a: Samurott\n|\n|upkeep\n|\n|t:|1776428728\n|switch|p2a: Volcarona|Volcarona, L50, M|100/100\n|-damage|p2a: Volcarona|50/100|[from] Stealth Rock\n|-status|p2a: Volcarona|tox\n|turn|11\n|\n|t:|1776428732\n|move|p1a: Clefable|Moonlight|p1a: Clefable\n|-heal|p1a: Clefable|72/100\n|move|p2a: Volcarona|Fiery Dance|p1a: Clefable\n|-damage|p1a: Clefable|52/100\n|-boost|p2a: Volcarona|spa|1\n|\n|-damage|p2a: Volcarona|44/100 tox|[from] psn\n|upkeep\n|turn|12\n|\n|t:|1776428739\n|move|p1a: Clefable|Stored Power|p2a: Volcarona\n|-damage|p2a: Volcarona|0 fnt\n|faint|p2a: Volcarona\n|\n|win|Bbbkty\n|raw|Bbbkty's rating: 1095 &rarr; <strong>1125</strong><br />(+30 for winning)\n|raw|Skyluxneon's rating: 1156 &rarr; <strong>1127</strong><br />(-29 for losing)\n|l|\u2606Skyluxneon\n|player|p2|\n",
  "uploadtime": 1776428741,
  "views": 4,
  "formatid": "gen9championsbssregma",
  "rating": 1125,
  "private": 0,
  "password": null
}