{
  "id": "gen9championsbssregma-2588665466",
  "format": "[Gen 9 Champions] BSS Reg M-A",
  "players": [
    "Gshs5",
    "Boomboompow202"
  ],
  "log": "|j|\u2606Gshs5\n|j|\u2606Boomboompow202\n|t:|1776655393\n|gametype|singles\n|player|p1|Gshs5|2|1101\n|player|p2|Boomboompow202|170|1087\n|gen|9\n|tier|[Gen 9 Champions] BSS Reg M-A\n|rated|\n|rule|Species Clause: Limit one of each Pok\u00e9mon\n|rule|Item Clause: Limit 1 of each item\n|clearpoke\n|poke|p1|Garchomp, L50, F|\n|poke|p1|Gyarados, L50, F|\n|poke|p1|Absol, L50, F|\n|poke|p1|Aegislash, L50, M|\n|poke|p1|Pinsir, L50, F|\n|poke|p1|Serperior, L50, M|\n|poke|p2|Toxapex, L50, F|\n|poke|p2|Espathra, L50, M|\n|poke|p2|Venusaur, L50, F|\n|poke|p2|Clefable, L50, F|\n|poke|p2|Conkeldurr, L50, M|\n|poke|p2|Samurott-Hisui, L50, M|\n|teampreview|3\n|inactive|Battle timer is ON: inactive players will automatically lose when time's up. (requested by Boomboompow202)\n|\n|t:|1776655430\n|teamsize|p1|3\n|teamsize|p2|3\n|start\n|switch|p1a: Aegislash|Aegislash, L50, M|100/100\n|switch|p2a: Espathra|Espathra, L50, M|100/100\n|turn|1\n|\n|t:|1776655435\n|move|p2a: Espathra|Calm Mind|p2a: Espathra\n|-boost|p2a: Espathra|spa|1\n|-boost|p2a: Espathra|spd|1\n|-formechange|p1a: Aegislash|Aegislash-Blade|\n|move|p1a: Aegislash|Shadow Ball|p2a: Espathra\n|-supereffective|p2a: Espathra|1\n|-damage|p2a: Espathra|9/100\n|\n|-ability|p2a: Espathra|Speed Boost|boost\n|-boost|p2a: Espathra|spe|1\n|upkeep\n|turn|2\n|\n|t:|1776655456\n|move|p1a: Aegislash|Shadow Sneak|p2a: Espathra\n|-supereffective|p2a: Espathra|1\n|-damage|p2a: Espathra|0 fnt\n|faint|p2a: Espathra\n|\n|upkeep\n|\n|t:|1776655461\n|switch|p2a: Samurott|Samurott-Hisui, L50, M|100/100\n|turn|3\n|\n|t:|1776655467\n|-formechange|p1a: Aegislash|Aegislash|\n|move|p1a: Aegislash|King's Shield|p1a: Aegislash\n|-singleturn|p1a: Aegislash|Protect\n|move|p2a: Samurott|Ceaseless Edge|p1a: Aegislash\n|-activate|p1a: Aegislash|move: Protect\n|-unboost|p2a: Samurott|atk|1\n|\n|upkeep\n|turn|4\n|\n|t:|1776655471\n|move|p2a: Samurott|Ceaseless Edge|p1a: Aegislash\n|-supereffective|p1a: Aegislash|1\n|-damage|p1a: Aegislash|49/100\n|-sidestart|p1: Gshs5|Spikes\n|-formechange|p1a: Aegislash|Aegislash-Blade|\n|move|p1a: Aegislash|Close Combat|p2a: Samurott\n|-supereffective|p2a: Samurott|1\n|-enditem|p2a: Samurott|Chople Berry|[eat]\n|-enditem|p2a: Samurott|Chople Berry|[weaken]\n|-damage|p2a: Samurott|49/100\n|-unboost|p1a: Aegislash|def|1\n|-unboost|p1a: Aegislash|spd|1\n|\n|-heal|p1a: Aegislash|55/100|[from] item: Leftovers\n|upkeep\n|turn|5\n|\n|t:|1776655484\n|-formechange|p1a: Aegislash|Aegislash|\n|move|p1a: Aegislash|King's Shield|p1a: Aegislash\n|-singleturn|p1a: Aegislash|Protect\n|move|p2a: Samurott|Ceaseless Edge|p1a: Aegislash\n|-activate|p1a: Aegislash|move: Protect\n|-unboost|p2a: Samurott|atk|1\n|\n|-heal|p1a: Aegislash|61/100|[from] item: Leftovers\n|upkeep\n|turn|6\n|\n|t:|1776655499\n|move|p1a: Aegislash|King's Shield||[still]\n|-fail|p1a: Aegislash\n|move|p2a: Samurott|Ceaseless Edge|p1a: Aegislash\n|-supereffective|p1a: Aegislash|1\n|-damage|p1a: Aegislash|0 fnt\n|-sidestart|p1: Gshs5|Spikes\n|faint|p1a: Aegislash\n|\n|upkeep\n|\n|t:|1776655502\n|switch|p1a: Garchomp|Garchomp, L50, F|100/100\n|-damage|p1a: Garchomp|84/100|[from] Spikes\n|turn|7\n|\n|t:|1776655506\n|move|p1a: Garchomp|Earthquake|p2a: Samurott\n|-damage|p2a: Samurott|0 fnt\n|faint|p2a: Samurott\n|\n|upkeep\n|\n|t:|1776655509\n|switch|p2a: Clefable|Clefable, L50, F|100/100\n|turn|8\n|\n|t:|1776655521\n|switch|p1a: Pinsir|Pinsir, L50, F|100/100\n|-damage|p1a: Pinsir|84/100|[from] Spikes\n|detailschange|p2a: Clefable|Clefable-Mega, L50, F\n|-mega|p2a: Clefable|Clefable|Clefablite\n|move|p2a: Clefable|Moonblast|p1a: Pinsir\n|-damage|p1a: Pinsir|7/100\n|\n|upkeep\n|turn|9\n|\n|t:|1776655531\n|detailschange|p1a: Pinsir|Pinsir-Mega, L50, F\n|-mega|p1a: Pinsir|Pinsir|Pinsirite\n|move|p1a: Pinsir|Thrash|p2a: Clefable\n|-crit|p2a: Clefable\n|-damage|p2a: Clefable|9/100\n|move|p2a: Clefable|Wish|p2a: Clefable\n|\n|upkeep\n|turn|10\n|\n|t:|1776655540\n|move|p2a: Clefable|Protect|p2a: Clefable\n|-singleturn|p2a: Clefable|Protect\n|move|p1a: Pinsir|Thrash|p2a: Clefable|[from] lockedmove\n|-activate|p2a: Clefable|move: Protect\n|-start|p1a: Pinsir|confusion|[fatigue]\n|\n|-heal|p2a: Clefable|59/100|[from] move: Wish|[wisher] Clefable\n|upkeep\n|turn|11\n|\n|t:|1776655551\n|-activate|p1a: Pinsir|confusion\n|move|p1a: Pinsir|Thrash|p2a: Clefable\n|-damage|p2a: Clefable|0 fnt\n|faint|p2a: Clefable\n|\n|win|Gshs5\n|raw|Gshs5's rating: 1101 &rarr; <strong>1125</strong><br />(+24 for winning)\n|raw|Boomboompow202's rating: 1087 &rarr; <strong>1065</strong><br />(-22 for losing)\n",
  "uploadtime": 1776655553,
  "views": 2,
  "formatid": "gen9championsbssregma",
  "rating": 1065,
  "private": 0,
  "password": null
}