{
  "id": "gen9championsbssregma-2588131452",
  "format": "[Gen 9 Champions] BSS Reg M-A",
  "players": [
    "AcademicWorkHorsew",
    "adfsdfsdfsdaf"
  ],
  "log": "|j|\u2606AcademicWorkHorsew\n|j|\u2606adfsdfsdfsdaf\n|t:|1776607573\n|gametype|singles\n|player|p1|AcademicWorkHorsew|juan|1192\n|player|p2|adfsdfsdfsdaf|2|1249\n|gen|9\n|tier|[Gen 9 Champions] BSS Reg M-A\n|rated|\n|rule|Species Clause: Limit one of each Pok\u00e9mon\n|rule|Item Clause: Limit 1 of each item\n|clearpoke\n|poke|p1|Empoleon, L50, F|\n|poke|p1|Lucario, L50, F|\n|poke|p1|Mamoswine, L50, M|\n|poke|p1|Rotom-Heat, L50|\n|poke|p1|Gallade, L50, M|\n|poke|p1|Garchomp, L50, M|\n|poke|p2|Venusaur, L50, F|\n|poke|p2|Clefable, L50, F|\n|poke|p2|Hippowdon, L50, F|\n|poke|p2|Dragonite, L50, F|\n|poke|p2|Aegislash, L50, M|\n|poke|p2|Infernape, L50, M|\n|teampreview|3\n|inactive|Battle timer is ON: inactive players will automatically lose when time's up. (requested by AcademicWorkHorsew)\n|\n|t:|1776607617\n|teamsize|p1|3\n|teamsize|p2|3\n|start\n|switch|p1a: Gallade|Gallade, L50, M|100/100\n|switch|p2a: Aegislash|Aegislash, L50, M|100/100\n|turn|1\n|\n|t:|1776607624\n|switch|p1a: Rotom|Rotom-Heat, L50|100/100\n|-formechange|p2a: Aegislash|Aegislash-Blade|\n|move|p2a: Aegislash|Shadow Ball|p1a: Rotom\n|-damage|p1a: Rotom|50/100\n|\n|upkeep\n|turn|2\n|\n|t:|1776607636\n|switch|p2a: Hippowdon|Hippowdon, L50, F|100/100\n|-weather|Sandstorm|[from] ability: Sand Stream|[of] p2a: Hippowdon\n|move|p1a: Rotom|Volt Switch|p2a: Hippowdon\n|-immune|p2a: Hippowdon\n|\n|-weather|Sandstorm|[upkeep]\n|-damage|p1a: Rotom|44/100|[from] Sandstorm\n|upkeep\n|turn|3\n|\n|t:|1776607643\n|switch|p1a: Gallade|Gallade, L50, M|100/100\n|move|p2a: Hippowdon|Yawn|p1a: Gallade\n|-start|p1a: Gallade|move: Yawn|[of] p2a: Hippowdon\n|\n|-weather|Sandstorm|[upkeep]\n|-damage|p1a: Gallade|95/100|[from] Sandstorm\n|upkeep\n|turn|4\n|\n|t:|1776607649\n|move|p1a: Gallade|Swords Dance|p1a: Gallade\n|-boost|p1a: Gallade|atk|2\n|move|p2a: Hippowdon|Stealth Rock|p1a: Gallade\n|-sidestart|p1: AcademicWorkHorsew|move: Stealth Rock\n|\n|-weather|Sandstorm|[upkeep]\n|-damage|p1a: Gallade|89/100|[from] Sandstorm\n|-end|p1a: Gallade|move: Yawn|[silent]\n|-status|p1a: Gallade|slp\n|-enditem|p1a: Gallade|Lum Berry|[eat]\n|-curestatus|p1a: Gallade|slp|[msg]\n|upkeep\n|turn|5\n|\n|t:|1776607654\n|move|p1a: Gallade|Leaf Blade|p2a: Hippowdon\n|-supereffective|p2a: Hippowdon|1\n|-damage|p2a: Hippowdon|0 fnt\n|faint|p2a: Hippowdon\n|\n|-weather|Sandstorm|[upkeep]\n|-damage|p1a: Gallade|83/100|[from] Sandstorm\n|upkeep\n|\n|t:|1776607658\n|switch|p2a: Aegislash|Aegislash, L50, M|100/100\n|turn|6\n|\n|t:|1776607666\n|move|p1a: Gallade|Psycho Cut|p2a: Aegislash\n|-resisted|p2a: Aegislash|1\n|-damage|p2a: Aegislash|56/100\n|-formechange|p2a: Aegislash|Aegislash-Blade|\n|move|p2a: Aegislash|Shadow Ball|p1a: Gallade\n|-supereffective|p1a: Gallade|1\n|-damage|p1a: Gallade|0 fnt\n|faint|p1a: Gallade\n|\n|-weather|none\n|upkeep\n|\n|t:|1776607674\n|switch|p1a: Rotom|Rotom-Heat, L50|44/100\n|-damage|p1a: Rotom|19/100|[from] Stealth Rock\n|turn|7\n|\n|t:|1776607681\n|move|p2a: Aegislash|Shadow Sneak|p1a: Rotom\n|-damage|p1a: Rotom|0 fnt\n|faint|p1a: Rotom\n|\n|upkeep\n|\n|t:|1776607684\n|switch|p1a: Empoleon|Empoleon, L50, F|100/100\n|-damage|p1a: Empoleon|94/100|[from] Stealth Rock\n|turn|8\n|\n|t:|1776607689\n|move|p1a: Empoleon|Surf|p2a: Aegislash\n|-damage|p2a: Aegislash|0 fnt\n|faint|p2a: Aegislash\n|\n|upkeep\n|\n|t:|1776607692\n|switch|p2a: Venusaur|Venusaur, L50, F|100/100\n|turn|9\n|\n|t:|1776607704\n|detailschange|p2a: Venusaur|Venusaur-Mega, L50, F\n|-mega|p2a: Venusaur|Venusaur|Venusaurite\n|move|p2a: Venusaur|Earth Power|p1a: Empoleon\n|-supereffective|p1a: Empoleon|1\n|-crit|p1a: Empoleon\n|-enditem|p1a: Empoleon|Shuca Berry|[eat]\n|-enditem|p1a: Empoleon|Shuca Berry|[weaken]\n|-damage|p1a: Empoleon|58/100\n|move|p1a: Empoleon|Yawn|p2a: Venusaur\n|-start|p2a: Venusaur|move: Yawn|[of] p1a: Empoleon\n|\n|upkeep\n|turn|10\n|\n|t:|1776607711\n|move|p2a: Venusaur|Earth Power|p1a: Empoleon\n|-supereffective|p1a: Empoleon|1\n|-damage|p1a: Empoleon|8/100\n|move|p1a: Empoleon|Ice Beam|p2a: Venusaur\n|-supereffective|p2a: Venusaur|1\n|-damage|p2a: Venusaur|79/100\n|\n|-end|p2a: Venusaur|move: Yawn|[silent]\n|-status|p2a: Venusaur|slp\n|upkeep\n|turn|11\n|\n|t:|1776607721\n|cant|p2a: Venusaur|slp\n|move|p1a: Empoleon|Flash Cannon|p2a: Venusaur\n|-damage|p2a: Venusaur|53/100 slp\n|\n|upkeep\n|turn|12\n|\n|t:|1776607725\n|cant|p2a: Venusaur|slp\n|move|p1a: Empoleon|Flash Cannon|p2a: Venusaur\n|-damage|p2a: Venusaur|29/100 slp\n|\n|upkeep\n|turn|13\n|\n|t:|1776607728\n|-curestatus|p2a: Venusaur|slp|[msg]\n|move|p2a: Venusaur|Earth Power|p1a: Empoleon\n|-supereffective|p1a: Empoleon|1\n|-damage|p1a: Empoleon|0 fnt\n|faint|p1a: Empoleon\n|\n|win|adfsdfsdfsdaf\n|raw|AcademicWorkHorsew's rating: 1192 &rarr; <strong>1171</strong><br />(-21 for losing)\n|raw|adfsdfsdfsdaf's rating: 1249 &rarr; <strong>1270</strong><br />(+21 for winning)\n",
  "uploadtime": 1776607730,
  "views": 1,
  "formatid": "gen9championsbssregma",
  "rating": 1171,
  "private": 0,
  "password": null
}