{
  "id": "gen9championsbssregma-2585176934",
  "format": "[Gen 9 Champions] BSS Reg M-A",
  "players": [
    "4jyoudebu",
    "KevMev"
  ],
  "log": "|j|\u26064jyoudebu\n|j|\u2606KevMev\n|t:|1776321364\n|gametype|singles\n|player|p1|4jyoudebu|crasherwake|1497\n|player|p2|KevMev|170|1381\n|gen|9\n|tier|[Gen 9 Champions] BSS Reg M-A\n|rated|\n|rule|Species Clause: Limit one of each Pok\u00e9mon\n|rule|Item Clause: Limit 1 of each item\n|clearpoke\n|poke|p1|Garchomp, L50, M|\n|poke|p1|Basculegion, L50, M|\n|poke|p1|Mimikyu, L50, F|\n|poke|p1|Dragonite, L50, M|\n|poke|p1|Meganium, L50, F|\n|poke|p1|Archaludon, L50, M|\n|poke|p2|Sneasler, L50, F|\n|poke|p2|Archaludon, L50, M|\n|poke|p2|Gyarados, L50, M|\n|poke|p2|Meowscarada, L50, M|\n|poke|p2|Lucario, L50, F|\n|poke|p2|Mimikyu, L50, M|\n|teampreview|3\n|inactive|Battle timer is ON: inactive players will automatically lose when time's up. (requested by 4jyoudebu)\n|\n|t:|1776321394\n|teamsize|p1|3\n|teamsize|p2|3\n|start\n|switch|p1a: Garchomp|Garchomp, L50, M, shiny|100/100\n|switch|p2a: Meowscarada|Meowscarada, L50, M, shiny|100/100\n|turn|1\n|\n|t:|1776321401\n|move|p2a: Meowscarada|Flower Trick|p1a: Garchomp\n|-start|p2a: Meowscarada|typechange|Grass|[from] ability: Protean\n|-crit|p1a: Garchomp\n|-damage|p1a: Garchomp|53/100\n|move|p1a: Garchomp|Stealth Rock|p2a: Meowscarada\n|-sidestart|p2: KevMev|move: Stealth Rock\n|\n|upkeep\n|turn|2\n|\n|t:|1776321409\n|switch|p1a: Dragonite|Dragonite, L50, M, shiny|100/100\n|move|p2a: Meowscarada|Play Rough|p1a: Dragonite\n|-supereffective|p1a: Dragonite|1\n|-damage|p1a: Dragonite|75/100\n|\n|upkeep\n|turn|3\n|\n|t:|1776321416\n|detailschange|p1a: Dragonite|Dragonite-Mega, L50, M, shiny\n|-mega|p1a: Dragonite|Dragonite|Dragoninite\n|move|p2a: Meowscarada|Play Rough|p1a: Dragonite\n|-supereffective|p1a: Dragonite|1\n|-damage|p1a: Dragonite|31/100\n|-unboost|p1a: Dragonite|atk|1\n|move|p1a: Dragonite|Air Slash|p2a: Meowscarada\n|-supereffective|p2a: Meowscarada|1\n|-enditem|p2a: Meowscarada|Focus Sash\n|-damage|p2a: Meowscarada|1/100\n|\n|upkeep\n|turn|4\n|\n|t:|1776321429\n|move|p1a: Dragonite|Extreme Speed|p2a: Meowscarada\n|-damage|p2a: Meowscarada|0 fnt\n|faint|p2a: Meowscarada\n|\n|upkeep\n|\n|t:|1776321445\n|switch|p2a: Archaludon|Archaludon, L50, M, shiny|100/100\n|-damage|p2a: Archaludon|94/100|[from] Stealth Rock\n|turn|5\n|\n|t:|1776321461\n|move|p2a: Archaludon|Protect|p2a: Archaludon\n|-singleturn|p2a: Archaludon|Protect\n|move|p1a: Dragonite|Draco Meteor|p2a: Archaludon\n|-activate|p2a: Archaludon|move: Protect\n|\n|-heal|p2a: Archaludon|100/100|[from] item: Leftovers\n|upkeep\n|turn|6\n|\n|t:|1776321465\n|move|p2a: Archaludon|Stealth Rock|p1a: Dragonite\n|-sidestart|p1: 4jyoudebu|move: Stealth Rock\n|move|p1a: Dragonite|Draco Meteor|p2a: Archaludon|[miss]\n|-miss|p1a: Dragonite|p2a: Archaludon\n|\n|upkeep\n|turn|7\n|\n|t:|1776321475\n|move|p2a: Archaludon|Draco Meteor|p1a: Dragonite\n|-supereffective|p1a: Dragonite|1\n|-damage|p1a: Dragonite|0 fnt\n|-unboost|p2a: Archaludon|spa|2\n|faint|p1a: Dragonite\n|\n|upkeep\n|\n|t:|1776321478\n|switch|p1a: Garchomp|Garchomp, L50, M, shiny|53/100\n|-damage|p1a: Garchomp|47/100|[from] Stealth Rock\n|-enditem|p1a: Garchomp|Sitrus Berry|[eat]\n|-heal|p1a: Garchomp|72/100|[from] item: Sitrus Berry\n|turn|8\n|\n|t:|1776321482\n|move|p1a: Garchomp|Earthquake|p2a: Archaludon\n|-supereffective|p2a: Archaludon|1\n|-damage|p2a: Archaludon|27/100\n|move|p2a: Archaludon|Draco Meteor|p1a: Garchomp\n|-supereffective|p1a: Garchomp|1\n|-damage|p1a: Garchomp|2/100\n|-unboost|p2a: Archaludon|spa|2\n|\n|-heal|p2a: Archaludon|33/100|[from] item: Leftovers\n|upkeep\n|turn|9\n|\n|t:|1776321488\n|move|p1a: Garchomp|Earthquake|p2a: Archaludon\n|-supereffective|p2a: Archaludon|1\n|-damage|p2a: Archaludon|0 fnt\n|faint|p2a: Archaludon\n|\n|upkeep\n|\n|t:|1776321489\n|switch|p2a: Mimikyu|Mimikyu, L50, M|100/100\n|-damage|p2a: Mimikyu|88/100|[from] Stealth Rock\n|turn|10\n|\n|t:|1776321493\n|move|p2a: Mimikyu|Shadow Sneak|p1a: Garchomp\n|-damage|p1a: Garchomp|0 fnt\n|-damage|p2a: Mimikyu|76/100|[from] ability: Rough Skin|[of] p1a: Garchomp\n|faint|p1a: Garchomp\n|\n|upkeep\n|\n|t:|1776321496\n|switch|p1a: Basculegion|Basculegion, L50, M, shiny|100/100\n|-damage|p1a: Basculegion|88/100|[from] Stealth Rock\n|turn|11\n|\n|t:|1776321499\n|move|p1a: Basculegion|Aqua Jet|p2a: Mimikyu\n|-activate|p2a: Mimikyu|ability: Disguise\n|-damage|p2a: Mimikyu|76/100\n|detailschange|p2a: Mimikyu|Mimikyu-Busted, L50, M\n|-damage|p2a: Mimikyu|64/100|[from] pokemon: Mimikyu-Busted\n|move|p2a: Mimikyu|Shadow Claw|p1a: Basculegion\n|-supereffective|p1a: Basculegion|1\n|-damage|p1a: Basculegion|8/100\n|\n|upkeep\n|turn|12\n|\n|t:|1776321503\n|move|p2a: Mimikyu|Shadow Sneak|p1a: Basculegion\n|-supereffective|p1a: Basculegion|1\n|-crit|p1a: Basculegion\n|-damage|p1a: Basculegion|0 fnt\n|faint|p1a: Basculegion\n|\n|win|KevMev\n|raw|4jyoudebu's rating: 1497 &rarr; <strong>1471</strong><br />(-26 for losing)\n|raw|KevMev's rating: 1381 &rarr; <strong>1407</strong><br />(+26 for winning)\n|l|\u2606KevMev\n|player|p2|\n",
  "uploadtime": 1776321549,
  "views": 34,
  "formatid": "gen9championsbssregma",
  "rating": 1407,
  "private": 0,
  "password": null
}