{
  "id": "gen9championsbssregma-2586255837",
  "format": "[Gen 9 Champions] BSS Reg M-A",
  "players": [
    "sumi_raindance",
    "joguri"
  ],
  "log": "|j|\u2606sumi_raindance\n|j|\u2606joguri\n|t:|1776418001\n|gametype|singles\n|player|p1|sumi_raindance|lana-masters|1275\n|player|p2|joguri|dawn|1198\n|gen|9\n|tier|[Gen 9 Champions] BSS Reg M-A\n|rated|\n|rule|Species Clause: Limit one of each Pok\u00e9mon\n|rule|Item Clause: Limit 1 of each item\n|clearpoke\n|poke|p1|Delphox, L50, F|\n|poke|p1|Meowscarada, L50, F|\n|poke|p1|Aegislash, L50, M|\n|poke|p1|Crabominable, L50, M|\n|poke|p1|Garchomp, L50, M|\n|poke|p1|Primarina, L50, M|\n|poke|p2|Clefable, L50, M|\n|poke|p2|Espathra, L50, F|\n|poke|p2|Charizard, L50, F|\n|poke|p2|Hippowdon, L50, M|\n|poke|p2|Rotom-Wash, L50|\n|poke|p2|Garchomp, L50, F|\n|teampreview|3\n|inactive|Battle timer is ON: inactive players will automatically lose when time's up. (requested by sumi_raindance)\n|\n|t:|1776418056\n|teamsize|p1|3\n|teamsize|p2|3\n|start\n|switch|p1a: Delphox|Delphox, L50, F|100/100\n|switch|p2a: Hippowdon|Hippowdon, L50, M|100/100\n|-weather|Sandstorm|[from] ability: Sand Stream|[of] p2a: Hippowdon\n|turn|1\n|\n|t:|1776418065\n|detailschange|p1a: Delphox|Delphox-Mega, L50, F\n|-mega|p1a: Delphox|Delphox|Delphoxite\n|move|p1a: Delphox|Future Sight|p2a: Hippowdon\n|-start|p1a: Delphox|move: Future Sight\n|move|p2a: Hippowdon|Stealth Rock|p1a: Delphox\n|-sidestart|p1: sumi_raindance|move: Stealth Rock\n|\n|-weather|Sandstorm|[upkeep]\n|-damage|p1a: Delphox|95/100|[from] Sandstorm\n|upkeep\n|turn|2\n|\n|t:|1776418072\n|move|p1a: Delphox|Encore|p2a: Hippowdon\n|-start|p2a: Hippowdon|Encore\n|move|p2a: Hippowdon|Stealth Rock||[still]\n|-fail|p2a: Hippowdon\n|\n|-weather|Sandstorm|[upkeep]\n|-damage|p1a: Delphox|89/100|[from] Sandstorm\n|upkeep\n|turn|3\n|\n|t:|1776418086\n|move|p1a: Delphox|Psychic|p2a: Hippowdon\n|-damage|p2a: Hippowdon|54/100\n|move|p2a: Hippowdon|Stealth Rock||[still]\n|-fail|p2a: Hippowdon\n|\n|-weather|Sandstorm|[upkeep]\n|-damage|p1a: Delphox|84/100|[from] Sandstorm\n|-end|p2a: Hippowdon|move: Future Sight\n|-damage|p2a: Hippowdon|0 fnt\n|faint|p2a: Hippowdon\n|upkeep\n|\n|t:|1776418096\n|switch|p2a: Rotom|Rotom-Wash, L50, shiny|100/100\n|turn|4\n|\n|t:|1776418103\n|switch|p1a: Meowscarada|Meowscarada, L50, F|100/100\n|-damage|p1a: Meowscarada|88/100|[from] Stealth Rock\n|move|p2a: Rotom|Hydro Pump|p1a: Meowscarada\n|-resisted|p1a: Meowscarada|1\n|-crit|p1a: Meowscarada\n|-damage|p1a: Meowscarada|29/100\n|\n|-weather|Sandstorm|[upkeep]\n|-damage|p1a: Meowscarada|23/100|[from] Sandstorm\n|-damage|p2a: Rotom|95/100|[from] Sandstorm\n|upkeep\n|turn|5\n|\n|t:|1776418116\n|move|p1a: Meowscarada|Flower Trick|p2a: Rotom\n|-start|p1a: Meowscarada|typechange|Grass|[from] ability: Protean\n|-supereffective|p2a: Rotom|1\n|-crit|p2a: Rotom\n|-damage|p2a: Rotom|0 fnt\n|faint|p2a: Rotom\n|\n|-weather|none\n|upkeep\n|\n|t:|1776418123\n|switch|p2a: Clefable|Clefable, L50, M|100/100\n|turn|6\n|\n|t:|1776418129\n|switch|p1a: Delphox|Delphox-Mega, L50, F|84/100\n|-damage|p1a: Delphox|59/100|[from] Stealth Rock\n|detailschange|p2a: Clefable|Clefable-Mega, L50, M\n|-mega|p2a: Clefable|Clefable|Clefablite\n|move|p2a: Clefable|Cosmic Power|p2a: Clefable\n|-boost|p2a: Clefable|def|1\n|-boost|p2a: Clefable|spd|1\n|\n|upkeep\n|turn|7\n|\n|t:|1776418138\n|move|p1a: Delphox|Encore|p2a: Clefable\n|move|p2a: Clefable|Encore||[from] ability: Magic Bounce|[still]\n|-fail|p2a: Clefable\n|move|p2a: Clefable|Cosmic Power|p2a: Clefable\n|-boost|p2a: Clefable|def|1\n|-boost|p2a: Clefable|spd|1\n|\n|upkeep\n|turn|8\n|\n|t:|1776418157\n|move|p1a: Delphox|Future Sight|p2a: Clefable\n|-start|p1a: Delphox|move: Future Sight\n|move|p2a: Clefable|Cosmic Power|p2a: Clefable\n|-boost|p2a: Clefable|def|1\n|-boost|p2a: Clefable|spd|1\n|\n|upkeep\n|turn|9\n|\n|t:|1776418167\n|move|p1a: Delphox|Psychic|p2a: Clefable\n|-damage|p2a: Clefable|84/100\n|move|p2a: Clefable|Cosmic Power|p2a: Clefable\n|-boost|p2a: Clefable|def|1\n|-boost|p2a: Clefable|spd|1\n|\n|upkeep\n|turn|10\n|inactive|sumi_raindance has 30 seconds left.\n|\n|t:|1776418198\n|move|p1a: Delphox|Psychic|p2a: Clefable\n|-damage|p2a: Clefable|72/100\n|move|p2a: Clefable|Cosmic Power|p2a: Clefable\n|-boost|p2a: Clefable|def|1\n|-boost|p2a: Clefable|spd|1\n|\n|-end|p2a: Clefable|move: Future Sight\n|-damage|p2a: Clefable|57/100\n|upkeep\n|turn|11\n|inactive|sumi_raindance has 30 seconds left.\n|\n|t:|1776418230\n|move|p1a: Delphox|Future Sight|p2a: Clefable\n|-start|p1a: Delphox|move: Future Sight\n|move|p2a: Clefable|Moonlight|p2a: Clefable\n|-heal|p2a: Clefable|100/100\n|\n|upkeep\n|turn|12\n|\n|t:|1776418242\n|move|p1a: Delphox|Psychic|p2a: Clefable\n|-damage|p2a: Clefable|89/100\n|-unboost|p2a: Clefable|spd|1\n|move|p2a: Clefable|Calm Mind|p2a: Clefable\n|-boost|p2a: Clefable|spa|1\n|-boost|p2a: Clefable|spd|1\n|\n|upkeep\n|turn|13\n|\n|t:|1776418250\n|move|p1a: Delphox|Psychic|p2a: Clefable\n|-damage|p2a: Clefable|78/100\n|-unboost|p2a: Clefable|spd|1\n|move|p2a: Clefable|Calm Mind|p2a: Clefable\n|-boost|p2a: Clefable|spa|1\n|-boost|p2a: Clefable|spd|1\n|\n|-end|p2a: Clefable|move: Future Sight\n|-damage|p2a: Clefable|62/100\n|upkeep\n|turn|14\n|\n|t:|1776418267\n|move|p1a: Delphox|Future Sight|p2a: Clefable\n|-start|p1a: Delphox|move: Future Sight\n|move|p2a: Clefable|Calm Mind|p2a: Clefable\n|-boost|p2a: Clefable|spa|1\n|-boost|p2a: Clefable|spd|1\n|\n|upkeep\n|turn|15\n|\n|t:|1776418274\n|move|p1a: Delphox|Psychic|p2a: Clefable\n|-damage|p2a: Clefable|52/100\n|move|p2a: Clefable|Calm Mind|p2a: Clefable\n|-boost|p2a: Clefable|spa|1\n|-boost|p2a: Clefable|spd|0\n|\n|upkeep\n|turn|16\n|\n|t:|1776418282\n|move|p1a: Delphox|Psychic|p2a: Clefable\n|-damage|p2a: Clefable|42/100\n|move|p2a: Clefable|Moonlight|p2a: Clefable\n|-heal|p2a: Clefable|92/100\n|\n|-end|p2a: Clefable|move: Future Sight\n|-damage|p2a: Clefable|80/100\n|upkeep\n|turn|17\n|\n|t:|1776418291\n|move|p1a: Delphox|Future Sight|p2a: Clefable\n|-start|p1a: Delphox|move: Future Sight\n|move|p2a: Clefable|Calm Mind|p2a: Clefable\n|-boost|p2a: Clefable|spa|1\n|-boost|p2a: Clefable|spd|0\n|\n|upkeep\n|turn|18\n|\n|t:|1776418296\n|move|p1a: Delphox|Psychic|p2a: Clefable\n|-damage|p2a: Clefable|69/100\n|-unboost|p2a: Clefable|spd|1\n|move|p2a: Clefable|Calm Mind|p2a: Clefable\n|-boost|p2a: Clefable|spa|1\n|-boost|p2a: Clefable|spd|1\n|\n|upkeep\n|turn|19\n|\n|t:|1776418315\n|move|p1a: Delphox|Psychic|p2a: Clefable\n|-damage|p2a: Clefable|60/100\n|move|p2a: Clefable|Cosmic Power|p2a: Clefable\n|-boost|p2a: Clefable|def|1\n|-boost|p2a: Clefable|spd|0\n|\n|-end|p2a: Clefable|move: Future Sight\n|-damage|p2a: Clefable|48/100\n|upkeep\n|turn|20\n|\n|t:|1776418324\n|move|p1a: Delphox|Future Sight|p2a: Clefable\n|-start|p1a: Delphox|move: Future Sight\n|move|p2a: Clefable|Moonlight|p2a: Clefable\n|-heal|p2a: Clefable|98/100\n|\n|upkeep\n|turn|21\n|\n|t:|1776418331\n|move|p1a: Delphox|Psychic|p2a: Clefable\n|-damage|p2a: Clefable|87/100\n|move|p2a: Clefable|Moonblast|p1a: Delphox\n|-resisted|p1a: Delphox|1\n|-damage|p1a: Delphox|0 fnt\n|faint|p1a: Delphox\n|\n|upkeep\n|\n|t:|1776418346\n|switch|p1a: Meowscarada|Meowscarada, L50, F|23/100\n|-damage|p1a: Meowscarada|11/100|[from] Stealth Rock\n|turn|22\n|\n|t:|1776418351\n|move|p1a: Meowscarada|Triple Axel|p2a: Clefable\n|-start|p1a: Meowscarada|typechange|Ice|[from] ability: Protean\n|-supereffective|p2a: Clefable|1\n|-damage|p2a: Clefable|83/100\n|-supereffective|p2a: Clefable|1\n|-damage|p2a: Clefable|76/100\n|-supereffective|p2a: Clefable|1\n|-damage|p2a: Clefable|66/100\n|-hitcount|p2a: Clefable|3\n|move|p2a: Clefable|Moonlight|p2a: Clefable\n|-heal|p2a: Clefable|100/100\n|\n|-end|p2a: Clefable|move: Future Sight\n|-damage|p2a: Clefable|89/100\n|upkeep\n|turn|23\n|\n|t:|1776418365\n|move|p1a: Meowscarada|Triple Axel|p2a: Clefable\n|-supereffective|p2a: Clefable|1\n|-damage|p2a: Clefable|85/100\n|-supereffective|p2a: Clefable|1\n|-damage|p2a: Clefable|78/100\n|-supereffective|p2a: Clefable|1\n|-damage|p2a: Clefable|68/100\n|-hitcount|p2a: Clefable|3\n|move|p2a: Clefable|Moonblast|p1a: Meowscarada\n|-damage|p1a: Meowscarada|0 fnt\n|faint|p1a: Meowscarada\n|\n|upkeep\n|\n|t:|1776418376\n|switch|p1a: Aegislash|Aegislash, L50, M|100/100\n|-damage|p1a: Aegislash|95/100|[from] Stealth Rock\n|turn|24\n|\n|t:|1776418385\n|-formechange|p1a: Aegislash|Aegislash-Blade|\n|move|p1a: Aegislash|Poltergeist|p2a: Clefable\n|-activate|p2a: Clefable|move: Poltergeist|Clefablite\n|-damage|p2a: Clefable|54/100\n|move|p2a: Clefable|Moonlight|p2a: Clefable\n|-heal|p2a: Clefable|100/100\n|\n|upkeep\n|turn|25\n|\n|t:|1776418393\n|move|p1a: Aegislash|Poltergeist|p2a: Clefable\n|-activate|p2a: Clefable|move: Poltergeist|Clefablite\n|-damage|p2a: Clefable|87/100\n|move|p2a: Clefable|Moonblast|p1a: Aegislash\n|-resisted|p1a: Aegislash|1\n|-damage|p1a: Aegislash|0 fnt\n|faint|p1a: Aegislash\n|\n|win|joguri\n|raw|sumi_raindance's rating: 1275 &rarr; <strong>1245</strong><br />(-30 for losing)\n|raw|joguri's rating: 1198 &rarr; <strong>1228</strong><br />(+30 for winning)\n|l|\u2606sumi_raindance\n|player|p1|\n",
  "uploadtime": 1776418402,
  "views": 2,
  "formatid": "gen9championsbssregma",
  "rating": 1228,
  "private": 0,
  "password": null
}