{
  "id": "gen9championsbssregma-2588757075",
  "format": "[Gen 9 Champions] BSS Reg M-A",
  "players": [
    "ninano200",
    "zakokr"
  ],
  "log": "|j|\u2606ninano200\n|j|\u2606zakokr\n|t:|1776666796\n|gametype|singles\n|player|p1|ninano200|169|1447\n|player|p2|zakokr|silver|1361\n|gen|9\n|tier|[Gen 9 Champions] BSS Reg M-A\n|rated|\n|rule|Species Clause: Limit one of each Pok\u00e9mon\n|rule|Item Clause: Limit 1 of each item\n|clearpoke\n|poke|p1|Charizard, L50, F|\n|poke|p1|Mimikyu, L50, M|\n|poke|p1|Greninja, L50, M|\n|poke|p1|Hippowdon, L50, F|\n|poke|p1|Corviknight, L50, F|\n|poke|p1|Lucario, L50, F|\n|poke|p2|Primarina, L50, M|\n|poke|p2|Noivern, L50, F, shiny|\n|poke|p2|Lucario, L50, M|\n|poke|p2|Hippowdon, L50, M|\n|poke|p2|Banette, L50, M|\n|poke|p2|Rotom-Heat, L50|\n|teampreview|3\n|inactive|Battle timer is ON: inactive players will automatically lose when time's up. (requested by ninano200)\n|\n|t:|1776666832\n|teamsize|p1|3\n|teamsize|p2|3\n|start\n|switch|p1a: Hippowdon|Hippowdon, L50, F|100/100\n|switch|p2a: Rotom|Rotom-Heat, L50|100/100\n|-weather|Sandstorm|[from] ability: Sand Stream|[of] p1a: Hippowdon\n|turn|1\n|\n|t:|1776666854\n|move|p2a: Rotom|Trick|p1a: Hippowdon\n|-activate|p2a: Rotom|move: Trick|[of] p1a: Hippowdon\n|-item|p1a: Hippowdon|Choice Scarf|[from] move: Trick\n|-item|p2a: Rotom|Sitrus Berry|[from] move: Trick\n|move|p1a: Hippowdon|Stealth Rock|p2a: Rotom\n|-sidestart|p2: zakokr|move: Stealth Rock\n|\n|-weather|Sandstorm|[upkeep]\n|-damage|p2a: Rotom|95/100|[from] Sandstorm\n|upkeep\n|turn|2\n|\n|t:|1776666869\n|move|p2a: Rotom|Overheat|p1a: Hippowdon\n|-damage|p1a: Hippowdon|45/100\n|-unboost|p2a: Rotom|spa|2\n|move|p1a: Hippowdon|Stealth Rock||[still]\n|-fail|p1a: Hippowdon\n|\n|-weather|Sandstorm|[upkeep]\n|-damage|p2a: Rotom|89/100|[from] Sandstorm\n|upkeep\n|turn|3\n|\n|t:|1776666890\n|switch|p1a: Mimikyu|Mimikyu, L50, M|100/100\n|move|p2a: Rotom|Volt Switch|p1a: Mimikyu\n|-activate|p1a: Mimikyu|ability: Disguise\n|-damage|p1a: Mimikyu|100/100\n|detailschange|p1a: Mimikyu|Mimikyu-Busted, L50, M\n|-damage|p1a: Mimikyu|89/100|[from] pokemon: Mimikyu-Busted\n|inactive|zakokr has 30 seconds left.\n|\n|t:|1776666916\n|switch|p2a: Primarina|Primarina, L50, M|100/100|[from] Volt Switch\n|-damage|p2a: Primarina|88/100|[from] Stealth Rock\n|\n|-weather|Sandstorm|[upkeep]\n|-damage|p1a: Mimikyu|83/100|[from] Sandstorm\n|-damage|p2a: Primarina|82/100|[from] Sandstorm\n|upkeep\n|turn|4\n|inactive|ninano200 has 30 seconds left.\n|\n|t:|1776666942\n|move|p1a: Mimikyu|Play Rough|p2a: Primarina\n|-damage|p2a: Primarina|23/100\n|-enditem|p2a: Primarina|Sitrus Berry|[eat]\n|-heal|p2a: Primarina|48/100|[from] item: Sitrus Berry\n|move|p2a: Primarina|Sparkling Aria|p1a: Mimikyu\n|-damage|p1a: Mimikyu|28/100\n|\n|-weather|Sandstorm|[upkeep]\n|-damage|p1a: Mimikyu|22/100|[from] Sandstorm\n|-damage|p2a: Primarina|42/100|[from] Sandstorm\n|upkeep\n|turn|5\n|\n|t:|1776666958\n|switch|p2a: Rotom|Rotom-Heat, L50|89/100\n|-damage|p2a: Rotom|65/100|[from] Stealth Rock\n|move|p1a: Mimikyu|Play Rough|p2a: Rotom\n|-resisted|p2a: Rotom|1\n|-damage|p2a: Rotom|38/100\n|-enditem|p2a: Rotom|Sitrus Berry|[eat]\n|-heal|p2a: Rotom|62/100|[from] item: Sitrus Berry\n|\n|-weather|none\n|upkeep\n|turn|6\n|\n|t:|1776666977\n|move|p1a: Mimikyu|Shadow Sneak|p2a: Rotom\n|-damage|p2a: Rotom|38/100\n|move|p2a: Rotom|Trick|p1a: Mimikyu\n|-activate|p2a: Rotom|move: Trick|[of] p1a: Mimikyu\n|-enditem|p1a: Mimikyu|Lum Berry|[silent]|[from] move: Trick\n|-item|p2a: Rotom|Lum Berry|[from] move: Trick\n|\n|upkeep\n|turn|7\n|\n|t:|1776666986\n|move|p1a: Mimikyu|Shadow Sneak|p2a: Rotom\n|-damage|p2a: Rotom|12/100\n|move|p2a: Rotom|Thunderbolt|p1a: Mimikyu\n|-damage|p1a: Mimikyu|0 fnt\n|faint|p1a: Mimikyu\n|\n|upkeep\n|\n|t:|1776666989\n|switch|p1a: Lucario|Lucario, L50, F|100/100\n|turn|8\n|\n|t:|1776666999\n|detailschange|p1a: Lucario|Lucario-Mega, L50, F\n|-mega|p1a: Lucario|Lucario|Lucarionite\n|move|p1a: Lucario|Bullet Punch|p2a: Rotom\n|-resisted|p2a: Rotom|2\n|-damage|p2a: Rotom|1/100\n|move|p2a: Rotom|Overheat|p1a: Lucario\n|-supereffective|p1a: Lucario|1\n|-damage|p1a: Lucario|0 fnt\n|-unboost|p2a: Rotom|spa|2\n|faint|p1a: Lucario\n|\n|upkeep\n|inactive|ninano200 has 30 seconds left.\n|-message|ninano200 forfeited.\n|\n|win|zakokr\n|raw|ninano200's rating: 1447 &rarr; <strong>1422</strong><br />(-25 for losing)\n|raw|zakokr's rating: 1361 &rarr; <strong>1386</strong><br />(+25 for winning)\n|l|\u2606ninano200\n|player|p1|\n",
  "uploadtime": 1776667036,
  "views": 1,
  "formatid": "gen9championsbssregma",
  "rating": 1386,
  "private": 0,
  "password": null
}