{
  "id": "gen9championsbssregma-2584112862",
  "format": "[Gen 9 Champions] BSS Reg M-A",
  "players": [
    "wounddia",
    "skyla'shusband"
  ],
  "log": "|j|\u2606wounddia\n|j|\u2606skyla'shusband\n|t:|1776226521\n|gametype|singles\n|player|p1|wounddia|elesa|1417\n|player|p2|skyla'shusband|skyla|1342\n|gen|9\n|tier|[Gen 9 Champions] BSS Reg M-A\n|rated|\n|rule|Species Clause: Limit one of each Pok\u00e9mon\n|rule|Item Clause: Limit 1 of each item\n|clearpoke\n|poke|p1|Charizard, L50, F|\n|poke|p1|Garchomp, L50, F|\n|poke|p1|Glimmora, L50, F|\n|poke|p1|Corviknight, L50, M|\n|poke|p1|Sneasler, L50, F|\n|poke|p1|Meowscarada, L50, M|\n|poke|p2|Gyarados, L50, M|\n|poke|p2|Venusaur, L50, M|\n|poke|p2|Ninetales-Alola, L50, F|\n|poke|p2|Armarouge, L50, M|\n|poke|p2|Runerigus, L50, M|\n|poke|p2|Goodra-Hisui, L50, M|\n|teampreview|3\n|j| p74\n|\n|t:|1776226583\n|teamsize|p1|3\n|teamsize|p2|3\n|start\n|switch|p1a: Sneasler|Sneasler, L50, F|100/100\n|switch|p2a: Runerigus|Runerigus, L50, M|100/100\n|turn|1\n|inactive|Battle timer is ON: inactive players will automatically lose when time's up. (requested by wounddia)\n|\n|t:|1776226596\n|move|p1a: Sneasler|Taunt|p2a: Runerigus\n|-start|p2a: Runerigus|move: Taunt\n|move|p2a: Runerigus|Earthquake|p1a: Sneasler\n|-supereffective|p1a: Sneasler|1\n|-damage|p1a: Sneasler|0 fnt\n|faint|p1a: Sneasler\n|\n|upkeep\n|\n|t:|1776226599\n|switch|p1a: Charizard|Charizard, L50, F|100/100\n|turn|2\n|\n|t:|1776226611\n|switch|p2a: Gyarados|Gyarados, L50, M, shiny|100/100\n|-ability|p2a: Gyarados|Intimidate|boost\n|-unboost|p1a: Charizard|atk|1\n|move|p1a: Charizard|Swords Dance|p1a: Charizard\n|-boost|p1a: Charizard|atk|2\n|\n|upkeep\n|turn|3\n|\n|t:|1776226621\n|switch|p2a: Runerigus|Runerigus, L50, M|100/100\n|detailschange|p1a: Charizard|Charizard-Mega-X, L50, F\n|-mega|p1a: Charizard|Charizard|Charizardite X\n|move|p1a: Charizard|Flame Charge|p2a: Runerigus\n|-damage|p2a: Runerigus|62/100\n|-boost|p1a: Charizard|spe|1\n|-activate|p1a: Charizard|Skill Swap|Wandering Spirit|Tough Claws|[of] p2a: Runerigus\n|\n|upkeep\n|turn|4\n|\n|t:|1776226627\n|move|p1a: Charizard|Flare Blitz|p2a: Runerigus\n|-damage|p2a: Runerigus|0 fnt\n|faint|p2a: Runerigus\n|-damage|p1a: Charizard|81/100|[from] Recoil\n|\n|upkeep\n|\n|t:|1776226630\n|switch|p2a: Armarouge|Armarouge, L50, M|100/100\n|turn|5\n|\n|t:|1776226639\n|move|p1a: Charizard|Flame Charge|p2a: Armarouge\n|-resisted|p2a: Armarouge|1\n|-damage|p2a: Armarouge|79/100\n|-boost|p1a: Charizard|spe|1\n|-ability|p2a: Armarouge|Weak Armor|boost\n|-unboost|p2a: Armarouge|def|1\n|-boost|p2a: Armarouge|spe|2\n|move|p2a: Armarouge|Psychic Terrain|p2a: Armarouge\n|-fieldstart|move: Psychic Terrain\n|\n|upkeep\n|turn|6\n|\n|t:|1776226643\n|move|p1a: Charizard|Outrage|p2a: Armarouge\n|-damage|p2a: Armarouge|0 fnt\n|faint|p2a: Armarouge\n|\n|upkeep\n|-message|skyla'shusband forfeited.\n|\n|win|wounddia\n|raw|wounddia's rating: 1417 &rarr; <strong>1433</strong><br />(+16 for winning)\n|raw|skyla&apos;shusband's rating: 1342 &rarr; <strong>1326</strong><br />(-16 for losing)\n|l|\u2606skyla'shusband\n|player|p2|\n|l|\u2606wounddia\n|player|p1|\n",
  "uploadtime": 1776226663,
  "views": 2,
  "formatid": "gen9championsbssregma",
  "rating": 1326,
  "private": 0,
  "password": null
}