{
  "id": "gen9championsbssregma-2583794044",
  "format": "[Gen 9 Champions] BSS Reg M-A",
  "players": [
    "HeavyLobsterAlf",
    "Zw0tt"
  ],
  "log": "|j|\u203dHeavyLobsterAlf\n|j|\u2606Zw0tt\n|t:|1776198167\n|gametype|singles\n|player|p1|HeavyLobsterAlf|phoebe-masters|1000\n|player|p2|Zw0tt|266|1083\n|gen|9\n|tier|[Gen 9 Champions] BSS Reg M-A\n|rated|\n|rule|Species Clause: Limit one of each Pok\u00e9mon\n|rule|Item Clause: Limit 1 of each item\n|clearpoke\n|poke|p1|Slowking, L50, M|\n|poke|p1|Toucannon, L50, M|\n|poke|p1|Crabominable, L50, M|\n|poke|p1|Gyarados, L50, M|\n|poke|p1|Ninetales-Alola, L50, F|\n|poke|p1|Arcanine-Hisui, L50, F|\n|poke|p2|Clefable, L50, F|\n|poke|p2|Rotom-Wash, L50|\n|poke|p2|Kingambit, L50, F|\n|poke|p2|Dragonite, L50, F|\n|poke|p2|Meowscarada, L50, F|\n|poke|p2|Toxapex, L50, F|\n|teampreview|3\n|\n|t:|1776198183\n|teamsize|p1|3\n|teamsize|p2|3\n|start\n|switch|p1a: Slowking|Slowking, L50, M|100/100\n|switch|p2a: Rotom|Rotom-Wash, L50|100/100\n|turn|1\n|\n|t:|1776198191\n|move|p2a: Rotom|Will-O-Wisp|p1a: Slowking\n|-status|p1a: Slowking|brn\n|move|p1a: Slowking|Trick Room|p1a: Slowking\n|-fieldstart|move: Trick Room|[of] p1a: Slowking\n|\n|-damage|p1a: Slowking|95/100 brn|[from] brn\n|upkeep\n|turn|2\n|\n|t:|1776198198\n|move|p1a: Slowking|Future Sight|p2a: Rotom\n|-start|p1a: Slowking|move: Future Sight\n|move|p2a: Rotom|Thunderbolt|p1a: Slowking\n|-supereffective|p1a: Slowking|1\n|-damage|p1a: Slowking|41/100 brn\n|\n|-damage|p1a: Slowking|35/100 brn|[from] brn\n|upkeep\n|turn|3\n|\n|t:|1776198203\n|-prepare|p1a: Slowking|Chilly Reception|[premajor]\n|move|p1a: Slowking|Chilly Reception|p1a: Slowking\n|-weather|Snowscape\n|\n|t:|1776198205\n|switch|p1a: Toucannon|Toucannon, L50, M|100/100|[from] Chilly Reception\n|move|p2a: Rotom|Thunderbolt|p1a: Toucannon\n|-supereffective|p1a: Toucannon|1\n|-damage|p1a: Toucannon|14/100\n|\n|-weather|Snowscape|[upkeep]\n|upkeep\n|turn|4\n|\n|t:|1776198212\n|move|p1a: Toucannon|Bullet Seed|p2a: Rotom\n|-supereffective|p2a: Rotom|1\n|-damage|p2a: Rotom|80/100\n|-supereffective|p2a: Rotom|1\n|-damage|p2a: Rotom|60/100\n|-supereffective|p2a: Rotom|1\n|-damage|p2a: Rotom|38/100\n|-supereffective|p2a: Rotom|1\n|-damage|p2a: Rotom|16/100\n|-supereffective|p2a: Rotom|1\n|-damage|p2a: Rotom|0 fnt\n|faint|p2a: Rotom\n|-hitcount|p2: Rotom|5\n|\n|-weather|Snowscape|[upkeep]\n|-hint|Future Sight did not hit because the target is fainted.\n|upkeep\n|\n|t:|1776198216\n|switch|p2a: Kingambit|Kingambit, L50, F|100/100\n|-activate|p2a: Kingambit|ability: Supreme Overlord\n|-start|p2a: Kingambit|fallen1|[silent]\n|turn|5\n|\n|t:|1776198222\n|move|p2a: Kingambit|Sucker Punch||[still]\n|-fail|p2a: Kingambit\n|move|p1a: Toucannon|Encore|p2a: Kingambit\n|-start|p2a: Kingambit|Encore\n|\n|-weather|Snowscape|[upkeep]\n|-fieldend|move: Trick Room\n|upkeep\n|turn|6\n|\n|t:|1776198226\n|switch|p1a: Crabominable|Crabominable, L50, M|100/100\n|move|p2a: Kingambit|Sucker Punch||[still]\n|-fail|p2a: Kingambit\n|\n|-weather|Snowscape|[upkeep]\n|upkeep\n|turn|7\n|\n|t:|1776198229\n|-end|p2a: Kingambit|fallen1|[silent]\n|switch|p2a: Toxapex|Toxapex, L50, F|100/100\n|detailschange|p1a: Crabominable|Crabominable-Mega, L50, M\n|-mega|p1a: Crabominable|Crabominable|Crabominite\n|move|p1a: Crabominable|Bulk Up|p1a: Crabominable\n|-boost|p1a: Crabominable|atk|1\n|-boost|p1a: Crabominable|def|1\n|\n|-weather|none\n|upkeep\n|turn|8\n|\n|t:|1776198236\n|switch|p1a: Slowking|Slowking, L50, M|68/100 brn\n|move|p2a: Toxapex|Haze|p2a: Toxapex\n|-clearallboost\n|\n|-damage|p1a: Slowking|62/100 brn|[from] brn\n|upkeep\n|turn|9\n|\n|t:|1776198241\n|move|p2a: Toxapex|Toxic Spikes|p1a: Slowking\n|-sidestart|p1: HeavyLobsterAlf|move: Toxic Spikes\n|move|p1a: Slowking|Future Sight|p2a: Toxapex\n|-start|p1a: Slowking|move: Future Sight\n|\n|-damage|p1a: Slowking|56/100 brn|[from] brn\n|upkeep\n|turn|10\n|\n|t:|1776198249\n|switch|p1a: Toucannon|Toucannon, L50, M|14/100\n|move|p2a: Toxapex|Toxic Spikes|p1a: Toucannon\n|-sidestart|p1: HeavyLobsterAlf|move: Toxic Spikes\n|\n|upkeep\n|turn|11\n|\n|t:|1776198253\n|move|p1a: Toucannon|Encore|p2a: Toxapex\n|-start|p2a: Toxapex|Encore\n|move|p2a: Toxapex|Toxic Spikes||[still]\n|-fail|p2a: Toxapex\n|\n|-end|p2a: Toxapex|move: Future Sight\n|-supereffective|p2a: Toxapex|1\n|-damage|p2a: Toxapex|9/100\n|upkeep\n|turn|12\n|\n|t:|1776198257\n|switch|p2a: Kingambit|Kingambit, L50, F|100/100\n|-activate|p2a: Kingambit|ability: Supreme Overlord\n|-start|p2a: Kingambit|fallen1|[silent]\n|move|p1a: Toucannon|Bullet Seed|p2a: Kingambit\n|-resisted|p2a: Kingambit|1\n|-damage|p2a: Kingambit|97/100\n|-resisted|p2a: Kingambit|1\n|-damage|p2a: Kingambit|94/100\n|-resisted|p2a: Kingambit|1\n|-damage|p2a: Kingambit|90/100\n|-resisted|p2a: Kingambit|1\n|-damage|p2a: Kingambit|87/100\n|-resisted|p2a: Kingambit|1\n|-damage|p2a: Kingambit|84/100\n|-hitcount|p2a: Kingambit|5\n|\n|upkeep\n|turn|13\n|\n|t:|1776198264\n|move|p1a: Toucannon|Bullet Seed|p2a: Kingambit\n|-resisted|p2a: Kingambit|1\n|-damage|p2a: Kingambit|81/100\n|-resisted|p2a: Kingambit|1\n|-damage|p2a: Kingambit|78/100\n|-resisted|p2a: Kingambit|1\n|-damage|p2a: Kingambit|74/100\n|-resisted|p2a: Kingambit|1\n|-damage|p2a: Kingambit|71/100\n|-resisted|p2a: Kingambit|1\n|-damage|p2a: Kingambit|68/100\n|-hitcount|p2a: Kingambit|5\n|move|p2a: Kingambit|Kowtow Cleave|p1a: Toucannon\n|-damage|p1a: Toucannon|0 fnt\n|faint|p1a: Toucannon\n|\n|upkeep\n|inactive|Battle timer is ON: inactive players will automatically lose when time's up. (requested by Zw0tt)\n|\n|t:|1776198274\n|switch|p1a: Crabominable|Crabominable-Mega, L50, M|100/100\n|-status|p1a: Crabominable|tox\n|turn|14\n|\n|t:|1776198278\n|-end|p2a: Kingambit|fallen1|[silent]\n|switch|p2a: Toxapex|Toxapex, L50, F|42/100\n|switch|p1a: Slowking|Slowking, L50, M|90/100 brn\n|\n|-damage|p1a: Slowking|84/100 brn|[from] brn\n|upkeep\n|turn|15\n|\n|t:|1776198286\n|move|p2a: Toxapex|Recover|p2a: Toxapex\n|-heal|p2a: Toxapex|92/100\n|move|p1a: Slowking|Future Sight|p2a: Toxapex\n|-start|p1a: Slowking|move: Future Sight\n|\n|-damage|p1a: Slowking|78/100 brn|[from] brn\n|upkeep\n|turn|16\n|\n|t:|1776198301\n|move|p2a: Toxapex|Chilling Water|p1a: Slowking\n|-resisted|p1a: Slowking|1\n|-damage|p1a: Slowking|73/100 brn\n|-unboost|p1a: Slowking|atk|1\n|-prepare|p1a: Slowking|Chilly Reception|[premajor]\n|move|p1a: Slowking|Chilly Reception|p1a: Slowking\n|-weather|Snowscape\n|\n|t:|1776198303\n|switch|p1a: Crabominable|Crabominable-Mega, L50, M|100/100 tox|[from] Chilly Reception\n|\n|-weather|Snowscape|[upkeep]\n|-damage|p1a: Crabominable|95/100 tox|[from] psn\n|upkeep\n|turn|17\n|\n|t:|1776198311\n|switch|p2a: Kingambit|Kingambit, L50, F|68/100\n|-activate|p2a: Kingambit|ability: Supreme Overlord\n|-start|p2a: Kingambit|fallen1|[silent]\n|move|p1a: Crabominable|Drain Punch|p2a: Kingambit\n|-supereffective|p2a: Kingambit|2\n|-damage|p2a: Kingambit|0 fnt\n|-heal|p1a: Crabominable|100/100 tox|[from] drain|[of] p2a: Kingambit\n|faint|p2a: Kingambit\n|-end|p2a: Kingambit|fallen1|[silent]\n|\n|-weather|Snowscape|[upkeep]\n|-hint|Future Sight did not hit because the target is fainted.\n|-damage|p1a: Crabominable|89/100 tox|[from] psn\n|upkeep\n|\n|t:|1776198314\n|switch|p2a: Toxapex|Toxapex, L50, F|100/100\n|turn|18\n|\n|t:|1776198316\n|switch|p1a: Slowking|Slowking, L50, M|100/100 brn\n|move|p2a: Toxapex|Chilling Water|p1a: Slowking\n|-resisted|p1a: Slowking|1\n|-damage|p1a: Slowking|96/100 brn\n|-unboost|p1a: Slowking|atk|1\n|\n|-weather|Snowscape|[upkeep]\n|-damage|p1a: Slowking|90/100 brn|[from] brn\n|upkeep\n|turn|19\n|\n|t:|1776198319\n|move|p2a: Toxapex|Chilling Water|p1a: Slowking\n|-resisted|p1a: Slowking|1\n|-damage|p1a: Slowking|85/100 brn\n|-unboost|p1a: Slowking|atk|1\n|move|p1a: Slowking|Future Sight|p2a: Toxapex\n|-start|p1a: Slowking|move: Future Sight\n|\n|-weather|Snowscape|[upkeep]\n|-damage|p1a: Slowking|79/100 brn|[from] brn\n|upkeep\n|turn|20\n|\n|t:|1776198324\n|move|p2a: Toxapex|Chilling Water|p1a: Slowking\n|-resisted|p1a: Slowking|1\n|-damage|p1a: Slowking|75/100 brn\n|-unboost|p1a: Slowking|atk|1\n|move|p1a: Slowking|Scald|p2a: Toxapex\n|-resisted|p2a: Toxapex|1\n|-damage|p2a: Toxapex|85/100\n|\n|-weather|none\n|-damage|p1a: Slowking|69/100 brn|[from] brn\n|upkeep\n|turn|21\n|\n|t:|1776198331\n|move|p2a: Toxapex|Recover|p2a: Toxapex\n|-heal|p2a: Toxapex|100/100\n|move|p1a: Slowking|Scald|p2a: Toxapex\n|-resisted|p2a: Toxapex|1\n|-damage|p2a: Toxapex|86/100\n|-status|p2a: Toxapex|brn\n|\n|-end|p2a: Toxapex|move: Future Sight\n|-supereffective|p2a: Toxapex|1\n|-damage|p2a: Toxapex|0 fnt\n|faint|p2a: Toxapex\n|\n|win|HeavyLobsterAlf\n|raw|HeavyLobsterAlf's rating: 1000 &rarr; <strong>1049</strong><br />(+49 for winning)\n|raw|Zw0tt's rating: 1083 &rarr; <strong>1055</strong><br />(-28 for losing)\n|l|\u2606Zw0tt\n|player|p2|\n",
  "uploadtime": 1776198342,
  "views": 9,
  "formatid": "gen9championsbssregma",
  "rating": 1049,
  "private": 0,
  "password": null
}