{
  "id": "gen9championsbssregma-2588812189",
  "format": "[Gen 9 Champions] BSS Reg M-A",
  "players": [
    "GodWaka",
    "Oshawottpoke"
  ],
  "log": "|j|\u2606GodWaka\n|j|\u2606Oshawottpoke\n|t:|1776673884\n|gametype|singles\n|player|p1|GodWaka|dawn-gen4pt|1241\n|player|p2|Oshawottpoke|169|1361\n|gen|9\n|tier|[Gen 9 Champions] BSS Reg M-A\n|rated|\n|rule|Species Clause: Limit one of each Pok\u00e9mon\n|rule|Item Clause: Limit 1 of each item\n|clearpoke\n|poke|p1|Gyarados, L50, M|\n|poke|p1|Heracross, L50, F|\n|poke|p1|Abomasnow, L50, M|\n|poke|p1|Slowking-Galar, L50, F, shiny|\n|poke|p1|Snorlax, L50, M, shiny|\n|poke|p1|Rotom-Wash, L50|\n|poke|p2|Floette-Eternal, L50, F|\n|poke|p2|Mamoswine, L50, M|\n|poke|p2|Corviknight, L50, F|\n|poke|p2|Hydreigon, L50, M|\n|poke|p2|Scizor, L50, M|\n|poke|p2|Rotom-Wash, L50|\n|teampreview|3\n|inactive|Battle timer is ON: inactive players will automatically lose when time's up. (requested by GodWaka)\n|inactive|GodWaka has 60 seconds left.\n|inactive|Oshawottpoke has 60 seconds left.\n|inactive|Oshawottpoke has 30 seconds left.\n|\n|t:|1776673950\n|teamsize|p1|3\n|teamsize|p2|3\n|start\n|switch|p1a: Heracross|Heracross, L50, F|100/100\n|switch|p2a: Mamoswine|Mamoswine, L50, M|100/100\n|turn|1\n|\n|t:|1776673964\n|detailschange|p1a: Heracross|Heracross-Mega, L50, F\n|-mega|p1a: Heracross|Heracross|Heracronite\n|move|p2a: Mamoswine|Icicle Spear|p1a: Heracross\n|-crit|p1a: Heracross\n|-damage|p1a: Heracross|83/100\n|-damage|p1a: Heracross|72/100\n|-damage|p1a: Heracross|59/100\n|-hitcount|p1a: Heracross|3\n|move|p1a: Heracross|Bullet Seed|p2a: Mamoswine\n|-supereffective|p2a: Mamoswine|1\n|-damage|p2a: Mamoswine|71/100\n|-supereffective|p2a: Mamoswine|1\n|-damage|p2a: Mamoswine|42/100\n|-supereffective|p2a: Mamoswine|1\n|-crit|p2a: Mamoswine\n|-damage|p2a: Mamoswine|0 fnt\n|faint|p2a: Mamoswine\n|-hitcount|p2: Mamoswine|3\n|\n|upkeep\n|\n|t:|1776673984\n|switch|p2a: Floette|Floette-Eternal, L50, F|100/100\n|turn|2\n|\n|t:|1776674000\n|switch|p1a: Snorlax|Snorlax, L50, M, shiny|100/100\n|detailschange|p2a: Floette|Floette-Mega, L50, F\n|-mega|p2a: Floette|Floette|Floettite\n|-ability|p2a: Floette|Fairy Aura\n|move|p2a: Floette|Moonblast|p1a: Snorlax\n|-damage|p1a: Snorlax|59/100\n|\n|upkeep\n|turn|3\n|j| p74\n|\n|t:|1776674018\n|switch|p1a: Slowking|Slowking-Galar, L50, F, shiny|100/100\n|move|p2a: Floette|Substitute|p2a: Floette\n|-start|p2a: Floette|Substitute\n|-damage|p2a: Floette|76/100\n|\n|upkeep\n|turn|4\n|\n|t:|1776674024\n|move|p2a: Floette|Calm Mind|p2a: Floette\n|-boost|p2a: Floette|spa|1\n|-boost|p2a: Floette|spd|1\n|move|p1a: Slowking|Sludge Wave|p2a: Floette\n|-supereffective|p2a: Floette|1\n|-end|p2a: Floette|Substitute\n|\n|upkeep\n|turn|5\n|\n|t:|1776674034\n|move|p2a: Floette|Calm Mind|p2a: Floette\n|-boost|p2a: Floette|spa|1\n|-boost|p2a: Floette|spd|1\n|move|p1a: Slowking|Sludge Wave|p2a: Floette\n|-supereffective|p2a: Floette|1\n|-damage|p2a: Floette|38/100\n|\n|upkeep\n|turn|6\n|\n|t:|1776674052\n|move|p2a: Floette|Calm Mind|p2a: Floette\n|-boost|p2a: Floette|spa|1\n|-boost|p2a: Floette|spd|1\n|move|p1a: Slowking|Sludge Wave|p2a: Floette\n|-supereffective|p2a: Floette|1\n|-damage|p2a: Floette|7/100\n|\n|upkeep\n|turn|7\n|\n|t:|1776674058\n|switch|p1a: Snorlax|Snorlax, L50, M, shiny|59/100\n|move|p2a: Floette|Draining Kiss|p1a: Snorlax\n|-damage|p1a: Snorlax|3/100\n|-heal|p2a: Floette|69/100|[from] drain|[of] p1a: Snorlax\n|\n|upkeep\n|turn|8\n|\n|t:|1776674072\n|move|p2a: Floette|Draining Kiss|p1a: Snorlax\n|-damage|p1a: Snorlax|0 fnt\n|-heal|p2a: Floette|72/100|[from] drain|[of] p1a: Snorlax\n|faint|p1a: Snorlax\n|\n|upkeep\n|\n|t:|1776674075\n|switch|p1a: Slowking|Slowking-Galar, L50, F, shiny|100/100\n|turn|9\n|-message|GodWaka forfeited.\n|\n|win|Oshawottpoke\n|raw|GodWaka's rating: 1241 &rarr; <strong>1224</strong><br />(-17 for losing)\n|raw|Oshawottpoke's rating: 1361 &rarr; <strong>1374</strong><br />(+13 for winning)\n|l|\u2606GodWaka\n|player|p1|\n|l|\u2606Oshawottpoke\n|player|p2|\n",
  "uploadtime": 1776674175,
  "views": 1,
  "formatid": "gen9championsbssregma",
  "rating": 1224,
  "private": 0,
  "password": null
}