{
  "id": "gen9championsbssregma-2588276546",
  "format": "[Gen 9 Champions] BSS Reg M-A",
  "players": [
    "joguri",
    "MiniShuri"
  ],
  "log": "|j|\u2606joguri\n|j|\u2606MiniShuri\n|t:|1776620260\n|gametype|singles\n|player|p1|joguri|dawn|1117\n|player|p2|MiniShuri|266|1141\n|gen|9\n|tier|[Gen 9 Champions] BSS Reg M-A\n|rated|\n|rule|Species Clause: Limit one of each Pok\u00e9mon\n|rule|Item Clause: Limit 1 of each item\n|clearpoke\n|poke|p1|Clefable, L50, F|\n|poke|p1|Espathra, L50, F|\n|poke|p1|Charizard, L50, M|\n|poke|p1|Hippowdon, L50, M|\n|poke|p1|Rotom-Wash, L50, shiny|\n|poke|p1|Garchomp, L50, M|\n|poke|p2|Abomasnow, L50, M|\n|poke|p2|Froslass, L50, F|\n|poke|p2|Beartic, L50, F|\n|poke|p2|Lycanroc-Midnight, L50, F|\n|poke|p2|Altaria, L50, M|\n|poke|p2|Ariados, L50, F|\n|teampreview|3\n|\n|t:|1776620281\n|teamsize|p1|3\n|teamsize|p2|3\n|start\n|switch|p1a: Hamadon|Hippowdon, L50, M|100/100\n|switch|p2a: Ariados|Ariados, L50, F|100/100\n|-weather|Sandstorm|[from] ability: Sand Stream|[of] p1a: Hamadon\n|turn|1\n|inactive|Battle timer is ON: inactive players will automatically lose when time's up. (requested by joguri)\n|\n|t:|1776620291\n|move|p2a: Ariados|Toxic Thread|p1a: Hamadon\n|-unboost|p1a: Hamadon|spe|2\n|-status|p1a: Hamadon|psn\n|move|p1a: Hamadon|Stealth Rock|p2a: Ariados\n|-sidestart|p2: MiniShuri|move: Stealth Rock\n|\n|-weather|Sandstorm|[upkeep]\n|-damage|p2a: Ariados|94/100|[from] Sandstorm\n|-damage|p1a: Hamadon|88/100 psn|[from] psn\n|upkeep\n|turn|2\n|\n|t:|1776620312\n|move|p2a: Ariados|Sticky Web|p1a: Hamadon\n|-sidestart|p1: joguri|move: Sticky Web\n|move|p1a: Hamadon|Yawn|p2a: Ariados\n|-start|p2a: Ariados|move: Yawn|[of] p1a: Hamadon\n|\n|-weather|Sandstorm|[upkeep]\n|-damage|p2a: Ariados|88/100|[from] Sandstorm\n|-damage|p1a: Hamadon|76/100 psn|[from] psn\n|upkeep\n|turn|3\n|\n|t:|1776620319\n|switch|p2a: Altaria|Altaria, L50, M|100/100\n|-damage|p2a: Altaria|76/100|[from] Stealth Rock\n|-ability|p2a: Altaria|Cloud Nine\n|move|p1a: Hamadon|Yawn|p2a: Altaria\n|-start|p2a: Altaria|move: Yawn|[of] p1a: Hamadon\n|\n|-weather|Sandstorm|[upkeep]\n|-heal|p2a: Altaria|82/100|[from] item: Leftovers\n|-damage|p1a: Hamadon|64/100 psn|[from] psn\n|upkeep\n|turn|4\n|\n|t:|1776620332\n|switch|p2a: Ariados|Ariados, L50, F|88/100\n|-damage|p2a: Ariados|63/100|[from] Stealth Rock\n|move|p1a: Hamadon|Yawn|p2a: Ariados\n|-start|p2a: Ariados|move: Yawn|[of] p1a: Hamadon\n|\n|-weather|Sandstorm|[upkeep]\n|-damage|p2a: Ariados|57/100|[from] Sandstorm\n|-damage|p1a: Hamadon|52/100 psn|[from] psn\n|upkeep\n|turn|5\n|\n|t:|1776620344\n|move|p2a: Ariados|Knock Off|p1a: Hamadon\n|-damage|p1a: Hamadon|39/100 psn\n|-enditem|p1a: Hamadon|Sitrus Berry|[from] move: Knock Off|[of] p2a: Ariados\n|move|p1a: Hamadon|Yawn||[still]\n|-fail|p1a: Hamadon\n|\n|-weather|none\n|-damage|p1a: Hamadon|27/100 psn|[from] psn\n|-end|p2a: Ariados|move: Yawn|[silent]\n|-status|p2a: Ariados|slp\n|upkeep\n|turn|6\n|\n|t:|1776620353\n|cant|p2a: Ariados|slp\n|move|p1a: Hamadon|Roar|p2a: Ariados\n|drag|p2a: Altaria|Altaria, L50, M|82/100\n|-damage|p2a: Altaria|57/100|[from] Stealth Rock\n|-ability|p2a: Altaria|Cloud Nine\n|\n|-heal|p2a: Altaria|63/100|[from] item: Leftovers\n|-damage|p1a: Hamadon|15/100 psn|[from] psn\n|upkeep\n|turn|7\n|\n|t:|1776620364\n|move|p2a: Altaria|Dragon Pulse|p1a: Hamadon\n|-damage|p1a: Hamadon|0 fnt\n|faint|p1a: Hamadon\n|\n|-heal|p2a: Altaria|69/100|[from] item: Leftovers\n|upkeep\n|\n|t:|1776620371\n|switch|p1a: Espathra|Espathra, L50, F|100/100\n|-activate|p1a: Espathra|move: Sticky Web\n|-unboost|p1a: Espathra|spe|1\n|turn|8\n|\n|t:|1776620381\n|switch|p2a: Lycanroc|Lycanroc-Midnight, L50, F|100/100\n|-damage|p2a: Lycanroc|88/100|[from] Stealth Rock\n|move|p1a: Espathra|Protect||[still]\n|-fail|p1a: Espathra\n|\n|-ability|p1a: Espathra|Speed Boost|boost\n|-boost|p1a: Espathra|spe|1\n|upkeep\n|turn|9\n|\n|t:|1776620392\n|move|p2a: Lycanroc|Knock Off|p1a: Espathra\n|-supereffective|p1a: Espathra|1\n|-damage|p1a: Espathra|44/100\n|-enditem|p1a: Espathra|Leftovers|[from] move: Knock Off|[of] p2a: Lycanroc\n|move|p1a: Espathra|Calm Mind|p1a: Espathra\n|-boost|p1a: Espathra|spa|1\n|-boost|p1a: Espathra|spd|1\n|\n|-ability|p1a: Espathra|Speed Boost|boost\n|-boost|p1a: Espathra|spe|1\n|upkeep\n|turn|10\n|\n|t:|1776620402\n|move|p1a: Espathra|Protect|p1a: Espathra\n|-singleturn|p1a: Espathra|Protect\n|move|p2a: Lycanroc|Stone Edge|p1a: Espathra\n|-activate|p1a: Espathra|move: Protect\n|\n|-ability|p1a: Espathra|Speed Boost|boost\n|-boost|p1a: Espathra|spe|1\n|upkeep\n|turn|11\n|\n|t:|1776620413\n|move|p1a: Espathra|Lumina Crash|p2a: Lycanroc\n|-damage|p2a: Lycanroc|30/100\n|-unboost|p2a: Lycanroc|spd|2\n|move|p2a: Lycanroc|Stone Edge|p1a: Espathra\n|-damage|p1a: Espathra|0 fnt\n|faint|p1a: Espathra\n|\n|upkeep\n|\n|t:|1776620421\n|switch|p1a: Charizard|Charizard, L50, M|100/100\n|turn|12\n|\n|t:|1776620427\n|detailschange|p1a: Charizard|Charizard-Mega-Y, L50, M\n|-mega|p1a: Charizard|Charizard|Charizardite Y\n|-weather|SunnyDay|[from] ability: Drought|[of] p1a: Charizard\n|move|p1a: Charizard|Solar Beam||[still]\n|-prepare|p1a: Charizard|Solar Beam\n|-anim|p1a: Charizard|Solar Beam|p2a: Lycanroc\n|-supereffective|p2a: Lycanroc|1\n|-damage|p2a: Lycanroc|0 fnt\n|faint|p2a: Lycanroc\n|\n|-weather|SunnyDay|[upkeep]\n|upkeep\n|\n|t:|1776620435\n|switch|p2a: Altaria|Altaria, L50, M|69/100\n|-damage|p2a: Altaria|44/100|[from] Stealth Rock\n|-ability|p2a: Altaria|Cloud Nine\n|turn|13\n|\n|t:|1776620442\n|move|p1a: Charizard|Air Slash|p2a: Altaria\n|-damage|p2a: Altaria|16/100\n|cant|p2a: Altaria|flinch\n|\n|-weather|SunnyDay|[upkeep]\n|-heal|p2a: Altaria|22/100|[from] item: Leftovers\n|upkeep\n|turn|14\n|\n|t:|1776620448\n|move|p1a: Charizard|Air Slash|p2a: Altaria\n|-crit|p2a: Altaria\n|-damage|p2a: Altaria|0 fnt\n|faint|p2a: Altaria\n|\n|-weather|SunnyDay|[upkeep]\n|upkeep\n|c|\u2606MiniShuri|arg\n|c|\u2606MiniShuri|the flinch\n|c|\u2606MiniShuri|gg\n|c|\u2606joguri|\uc2e4\ub825\uc774\uc57c\uc784\ub9c8\n|-message|MiniShuri forfeited.\n|\n|win|joguri\n|raw|joguri's rating: 1117 &rarr; <strong>1144</strong><br />(+27 for winning)\n|raw|MiniShuri's rating: 1141 &rarr; <strong>1114</strong><br />(-27 for losing)\n|l|\u2606MiniShuri\n|player|p2|\n",
  "uploadtime": 1776620473,
  "views": 2,
  "formatid": "gen9championsbssregma",
  "rating": 1114,
  "private": 0,
  "password": null
}