{
  "id": "gen9championsbssregma-2588019181",
  "format": "[Gen 9 Champions] BSS Reg M-A",
  "players": [
    "undeserved104",
    "atl31"
  ],
  "log": "|j|\u2606undeserved104\n|j|\u2606atl31\n|t:|1776593768\n|gametype|singles\n|player|p1|undeserved104|waitress-gen4|1425\n|player|p2|atl31|dawn|1344\n|gen|9\n|tier|[Gen 9 Champions] BSS Reg M-A\n|rated|\n|rule|Species Clause: Limit one of each Pok\u00e9mon\n|rule|Item Clause: Limit 1 of each item\n|clearpoke\n|poke|p1|Lucario, L50, F, shiny|\n|poke|p1|Hippowdon, L50, F, shiny|\n|poke|p1|Meowscarada, L50, M, shiny|\n|poke|p1|Gengar, L50, M, shiny|\n|poke|p1|Mimikyu, L50, M, shiny|\n|poke|p1|Primarina, L50, M, shiny|\n|poke|p2|Garchomp, L50, M|\n|poke|p2|Corviknight, L50, F|\n|poke|p2|Primarina, L50, M|\n|poke|p2|Delphox, L50, F|\n|poke|p2|Meowscarada, L50, F|\n|poke|p2|Scizor, L50, M|\n|teampreview|3\n|inactive|Battle timer is ON: inactive players will automatically lose when time's up. (requested by atl31)\n|inactive|undeserved104 has 60 seconds left.\n|inactive|atl31 has 60 seconds left.\n|j| p74\n|inactive|undeserved104 has 30 seconds left.\n|\n|t:|1776593836\n|teamsize|p1|3\n|teamsize|p2|3\n|start\n|switch|p1a: Meowscarada|Meowscarada, L50, M, shiny|100/100\n|switch|p2a: Primarina|Primarina, L50, M|100/100\n|turn|1\n|\n|t:|1776593859\n|switch|p2a: Meowscarada|Meowscarada, L50, F|100/100\n|move|p1a: Meowscarada|Flower Trick|p2a: Meowscarada\n|-start|p1a: Meowscarada|typechange|Grass|[from] ability: Protean\n|-resisted|p2a: Meowscarada|1\n|-crit|p2a: Meowscarada\n|-damage|p2a: Meowscarada|65/100\n|\n|upkeep\n|turn|2\n|\n|t:|1776593871\n|switch|p1a: Hippowdon|Hippowdon, L50, F, shiny|100/100\n|-weather|Sandstorm|[from] ability: Sand Stream|[of] p1a: Hippowdon\n|move|p2a: Meowscarada|U-turn|p1a: Hippowdon\n|-damage|p1a: Hippowdon|86/100\n|\n|t:|1776593874\n|switch|p2a: Primarina|Primarina, L50, M|100/100|[from] U-turn\n|\n|-weather|Sandstorm|[upkeep]\n|-damage|p2a: Primarina|95/100|[from] Sandstorm\n|upkeep\n|turn|3\n|\n|t:|1776593896\n|move|p2a: Primarina|Sparkling Aria|p1a: Hippowdon\n|-supereffective|p1a: Hippowdon|1\n|-damage|p1a: Hippowdon|0 fnt\n|faint|p1a: Hippowdon\n|\n|-weather|Sandstorm|[upkeep]\n|-damage|p2a: Primarina|89/100|[from] Sandstorm\n|upkeep\n|\n|t:|1776593912\n|switch|p1a: Meowscarada|Meowscarada, L50, M, shiny|100/100\n|turn|4\n|\n|t:|1776593916\n|move|p1a: Meowscarada|Flower Trick|p2a: Primarina\n|-start|p1a: Meowscarada|typechange|Grass|[from] ability: Protean\n|-supereffective|p2a: Primarina|1\n|-crit|p2a: Primarina\n|-damage|p2a: Primarina|0 fnt\n|faint|p2a: Primarina\n|\n|-weather|Sandstorm|[upkeep]\n|-damage|p1a: Meowscarada|95/100|[from] Sandstorm\n|upkeep\n|\n|t:|1776593922\n|switch|p2a: Meowscarada|Meowscarada, L50, F|65/100\n|turn|5\n|\n|t:|1776593932\n|move|p1a: Meowscarada|Flower Trick|p2a: Meowscarada\n|-resisted|p2a: Meowscarada|1\n|-crit|p2a: Meowscarada\n|-damage|p2a: Meowscarada|26/100\n|move|p2a: Meowscarada|U-turn|p1a: Meowscarada\n|-supereffective|p1a: Meowscarada|1\n|-damage|p1a: Meowscarada|16/100\n|\n|t:|1776593935\n|switch|p2a: Delphox|Delphox, L50, F|100/100|[from] U-turn\n|\n|-weather|Sandstorm|[upkeep]\n|-damage|p1a: Meowscarada|10/100|[from] Sandstorm\n|-damage|p2a: Delphox|95/100|[from] Sandstorm\n|upkeep\n|turn|6\n|\n|t:|1776593944\n|detailschange|p2a: Delphox|Delphox-Mega, L50, F\n|-mega|p2a: Delphox|Delphox|Delphoxite\n|move|p1a: Meowscarada|Flower Trick|p2a: Delphox\n|-resisted|p2a: Delphox|1\n|-crit|p2a: Delphox\n|-damage|p2a: Delphox|60/100\n|move|p2a: Delphox|Flamethrower|p1a: Meowscarada\n|-supereffective|p1a: Meowscarada|1\n|-damage|p1a: Meowscarada|0 fnt\n|faint|p1a: Meowscarada\n|\n|-weather|none\n|upkeep\n|\n|t:|1776593953\n|switch|p1a: Lucario|Lucario, L50, F, shiny|100/100\n|turn|7\n|\n|t:|1776593958\n|detailschange|p1a: Lucario|Lucario-Mega, L50, F, shiny\n|-mega|p1a: Lucario|Lucario|Lucarionite\n|move|p1a: Lucario|Bullet Punch|p2a: Delphox\n|-resisted|p2a: Delphox|1\n|-damage|p2a: Delphox|36/100\n|move|p2a: Delphox|Flamethrower|p1a: Lucario\n|-supereffective|p1a: Lucario|1\n|-crit|p1a: Lucario\n|-damage|p1a: Lucario|0 fnt\n|faint|p1a: Lucario\n|\n|win|atl31\n|raw|undeserved104's rating: 1425 &rarr; <strong>1400</strong><br />(-25 for losing)\n|raw|atl31's rating: 1344 &rarr; <strong>1369</strong><br />(+25 for winning)\n|l|\u2606atl31\n|player|p2|\n|l|\u2606undeserved104\n|player|p1|\n",
  "uploadtime": 1776593983,
  "views": 2,
  "formatid": "gen9championsbssregma",
  "rating": 1369,
  "private": 0,
  "password": null
}