{
  "id": "gen9championsbssregma-2582426348",
  "format": "[Gen 9 Champions] BSS Reg M-A",
  "players": [
    "noVaVibeMZ",
    "gshs5"
  ],
  "log": "|j|\u2606noVaVibeMZ\n|j|\u2606gshs5\n|t:|1776090924\n|gametype|singles\n|player|p1|noVaVibeMZ|102|1065\n|player|p2|gshs5|266|1156\n|gen|9\n|tier|[Gen 9 Champions] BSS Reg M-A\n|rated|\n|rule|Species Clause: Limit one of each Pok\u00e9mon\n|rule|Item Clause: Limit 1 of each item\n|clearpoke\n|poke|p1|Lopunny, L50, F|\n|poke|p1|Greninja-*, L50, M|\n|poke|p1|Steelix, L50, M|\n|poke|p1|Delphox, L50, F|\n|poke|p1|Araquanid, L50, M|\n|poke|p1|Meganium, L50, M|\n|poke|p2|Absol, L50, F|\n|poke|p2|Gyarados, L50, F|\n|poke|p2|Garchomp, L50, M|\n|poke|p2|Zoroark-Hisui, L50, M|\n|poke|p2|Empoleon, L50, F|\n|poke|p2|Gardevoir, L50, F|\n|teampreview|3\n|\n|t:|1776090956\n|teamsize|p1|3\n|teamsize|p2|3\n|start\n|switch|p1a: Greninja|Greninja, L50, M, shiny|100/100\n|switch|p2a: Gyarados|Gyarados, L50, F|100/100\n|-ability|p2a: Gyarados|Intimidate|boost\n|-unboost|p1a: Greninja|atk|1\n|turn|1\n|\n|t:|1776090962\n|move|p1a: Greninja|U-turn|p2a: Gyarados\n|-start|p1a: Greninja|typechange|Bug|[from] ability: Protean\n|-resisted|p2a: Gyarados|1\n|-damage|p2a: Gyarados|95/100\n|\n|t:|1776090966\n|switch|p1a: Araquanid|Araquanid, L50, M|100/100|[from] U-turn\n|move|p2a: Gyarados|Thunder Wave|p1a: Araquanid\n|-status|p1a: Araquanid|par\n|\n|upkeep\n|turn|2\n|\n|t:|1776090976\n|move|p1a: Araquanid|Sticky Web|p2a: Gyarados\n|-sidestart|p2: gshs5|move: Sticky Web\n|move|p2a: Gyarados|Dragon Tail|p1a: Araquanid\n|-damage|p1a: Araquanid|86/100 par\n|drag|p1a: Greninja|Greninja, L50, M, shiny|100/100\n|\n|upkeep\n|turn|3\n|\n|t:|1776090984\n|move|p1a: Greninja|U-turn|p2a: Gyarados\n|-start|p1a: Greninja|typechange|Bug|[from] ability: Protean\n|-resisted|p2a: Gyarados|1\n|-damage|p2a: Gyarados|87/100\n|\n|t:|1776090988\n|switch|p1a: Araquanid|Araquanid, L50, M|86/100 par|[from] U-turn\n|move|p2a: Gyarados|Thunder Wave|p1a: Araquanid\n|-fail|p1a: Araquanid|par\n|\n|-heal|p1a: Araquanid|92/100 par|[from] item: Leftovers\n|upkeep\n|turn|4\n|\n|t:|1776090996\n|move|p2a: Gyarados|Waterfall|p1a: Araquanid\n|-heal|p1a: Araquanid|100/100 par|[from] ability: Water Absorb|[of] p2a: Gyarados\n|move|p1a: Araquanid|Trailblaze|p2a: Gyarados\n|-damage|p2a: Gyarados|81/100\n|-boost|p1a: Araquanid|spe|1\n|\n|upkeep\n|turn|5\n|\n|t:|1776091003\n|move|p1a: Araquanid|Trailblaze|p2a: Gyarados\n|-damage|p2a: Gyarados|74/100\n|-boost|p1a: Araquanid|spe|1\n|move|p2a: Gyarados|Dragon Tail|p1a: Araquanid\n|-damage|p1a: Araquanid|85/100 par\n|drag|p1a: Greninja|Greninja, L50, M, shiny|100/100\n|\n|upkeep\n|turn|6\n|\n|t:|1776091013\n|move|p1a: Greninja|U-turn|p2a: Gyarados\n|-start|p1a: Greninja|typechange|Bug|[from] ability: Protean\n|-resisted|p2a: Gyarados|1\n|-damage|p2a: Gyarados|66/100\n|\n|t:|1776091017\n|switch|p1a: Araquanid|Araquanid, L50, M|85/100 par|[from] U-turn\n|move|p2a: Gyarados|Thunder Wave|p1a: Araquanid|[miss]\n|-miss|p2a: Gyarados|p1a: Araquanid\n|\n|-heal|p1a: Araquanid|91/100 par|[from] item: Leftovers\n|upkeep\n|turn|7\n|\n|t:|1776091023\n|cant|p1a: Araquanid|par\n|move|p2a: Gyarados|Dragon Tail|p1a: Araquanid\n|-damage|p1a: Araquanid|77/100 par\n|drag|p1a: Meganium|Meganium, L50, M|100/100\n|\n|upkeep\n|turn|8\n|\n|t:|1776091033\n|detailschange|p1a: Meganium|Meganium-Mega, L50, M\n|-mega|p1a: Meganium|Meganium|Meganiumite\n|move|p2a: Gyarados|Thunder Wave|p1a: Meganium\n|-status|p1a: Meganium|par\n|move|p1a: Meganium|Ancient Power|p2a: Gyarados\n|-supereffective|p2a: Gyarados|1\n|-damage|p2a: Gyarados|19/100\n|-enditem|p2a: Gyarados|Sitrus Berry|[eat]\n|-heal|p2a: Gyarados|44/100|[from] item: Sitrus Berry\n|\n|upkeep\n|turn|9\n|\n|t:|1776091042\n|move|p1a: Meganium|Solar Beam||[still]\n|-prepare|p1a: Meganium|Solar Beam\n|-activate|p1a: Meganium|ability: Mega Sol\n|-anim|p1a: Meganium|Solar Beam|p2a: Gyarados\n|-damage|p2a: Gyarados|0 fnt\n|faint|p2a: Gyarados\n|\n|upkeep\n|\n|t:|1776091055\n|switch|p2a: Garchomp|Garchomp, L50, M|100/100\n|-activate|p2a: Garchomp|move: Sticky Web\n|-unboost|p2a: Garchomp|spe|1\n|turn|10\n|\n|t:|1776091065\n|detailschange|p2a: Garchomp|Garchomp-Mega, L50, M\n|-mega|p2a: Garchomp|Garchomp|Garchompite\n|move|p2a: Garchomp|Scale Shot|p1a: Meganium\n|-immune|p1a: Meganium\n|move|p1a: Meganium|Solar Beam||[still]\n|-prepare|p1a: Meganium|Solar Beam\n|-activate|p1a: Meganium|ability: Mega Sol\n|-anim|p1a: Meganium|Solar Beam|p2a: Garchomp\n|-damage|p2a: Garchomp|11/100\n|\n|upkeep\n|turn|11\n|\n|t:|1776091074\n|move|p2a: Garchomp|Fire Blast|p1a: Meganium\n|-supereffective|p1a: Meganium|1\n|-damage|p1a: Meganium|50/100 par\n|move|p1a: Meganium|Dazzling Gleam|p2a: Garchomp\n|-supereffective|p2a: Garchomp|1\n|-damage|p2a: Garchomp|0 fnt\n|faint|p2a: Garchomp\n|\n|upkeep\n|\n|t:|1776091079\n|switch|p2a: Zoroark|Zoroark-Hisui, L50, M|100/100\n|-activate|p2a: Zoroark|move: Sticky Web\n|-unboost|p2a: Zoroark|spe|1\n|turn|12\n|\n|t:|1776091083\n|move|p2a: Zoroark|Nasty Plot|p2a: Zoroark\n|-boost|p2a: Zoroark|spa|2\n|cant|p1a: Meganium|par\n|\n|upkeep\n|turn|13\n|\n|t:|1776091088\n|move|p2a: Zoroark|Hyper Voice|p1a: Meganium\n|-damage|p1a: Meganium|0 fnt\n|faint|p1a: Meganium\n|\n|upkeep\n|\n|t:|1776091093\n|switch|p1a: Greninja|Greninja, L50, M, shiny|100/100\n|turn|14\n|\n|t:|1776091097\n|move|p1a: Greninja|Dark Pulse|p2a: Zoroark\n|-start|p1a: Greninja|typechange|Dark|[from] ability: Protean\n|-supereffective|p2a: Zoroark|1\n|-enditem|p2a: Zoroark|Focus Sash\n|-damage|p2a: Zoroark|1/100\n|move|p2a: Zoroark|Hyper Voice|p1a: Greninja\n|-enditem|p1a: Greninja|Focus Sash\n|-damage|p1a: Greninja|1/100\n|\n|upkeep\n|turn|15\n|\n|t:|1776091105\n|move|p1a: Greninja|Dark Pulse|p2a: Zoroark\n|-supereffective|p2a: Zoroark|1\n|-damage|p2a: Zoroark|0 fnt\n|faint|p2a: Zoroark\n|\n|win|noVaVibeMZ\n|raw|noVaVibeMZ's rating: 1065 &rarr; <strong>1103</strong><br />(+38 for winning)\n|raw|gshs5's rating: 1156 &rarr; <strong>1125</strong><br />(-31 for losing)\n",
  "uploadtime": 1776091109,
  "views": 4,
  "formatid": "gen9championsbssregma",
  "rating": 1103,
  "private": 0,
  "password": null
}