{
  "id": "gen9championsbssregma-2588011893",
  "format": "[Gen 9 Champions] BSS Reg M-A",
  "players": [
    "atl31",
    "ArkanisPK"
  ],
  "log": "|j|\u2606atl31\n|j|\u2606ArkanisPK\n|t:|1776592717\n|gametype|singles\n|player|p1|atl31|dawn|1327\n|player|p2|ArkanisPK|madame-gen4dp|1400\n|gen|9\n|tier|[Gen 9 Champions] BSS Reg M-A\n|rated|\n|rule|Species Clause: Limit one of each Pok\u00e9mon\n|rule|Item Clause: Limit 1 of each item\n|clearpoke\n|poke|p1|Garchomp, L50, M|\n|poke|p1|Corviknight, L50, F|\n|poke|p1|Primarina, L50, F|\n|poke|p1|Delphox, L50, F|\n|poke|p1|Meowscarada, L50, M|\n|poke|p1|Scizor, L50, F|\n|poke|p2|Meganium, L50, F|\n|poke|p2|Basculegion, L50, M|\n|poke|p2|Bellibolt, L50, M|\n|poke|p2|Aegislash, L50, F|\n|poke|p2|Gyarados, L50, M|\n|poke|p2|Garchomp, L50, F|\n|teampreview|3\n|inactive|Battle timer is ON: inactive players will automatically lose when time's up. (requested by atl31)\n|inactive|atl31 has 60 seconds left.\n|inactive|ArkanisPK has 60 seconds left.\n|\n|t:|1776592755\n|teamsize|p1|3\n|teamsize|p2|3\n|start\n|switch|p1a: Delphox|Delphox, L50, F|100/100\n|switch|p2a: Garchomp|Garchomp, L50, F|100/100\n|turn|1\n|\n|t:|1776592768\n|detailschange|p1a: Delphox|Delphox-Mega, L50, F\n|-mega|p1a: Delphox|Delphox|Delphoxite\n|move|p1a: Delphox|Dazzling Gleam|p2a: Garchomp\n|-supereffective|p2a: Garchomp|1\n|-enditem|p2a: Garchomp|Roseli Berry|[eat]\n|-enditem|p2a: Garchomp|Roseli Berry|[weaken]\n|-damage|p2a: Garchomp|64/100\n|move|p2a: Garchomp|Rock Tomb|p1a: Delphox\n|-supereffective|p1a: Delphox|1\n|-damage|p1a: Delphox|35/100\n|-unboost|p1a: Delphox|spe|1\n|\n|upkeep\n|turn|2\n|\n|t:|1776592779\n|switch|p1a: Corviknight|Corviknight, L50, F|100/100\n|-ability|p1a: Corviknight|Pressure\n|move|p2a: Garchomp|Stealth Rock|p1a: Corviknight\n|-sidestart|p1: atl31|move: Stealth Rock\n|\n|upkeep\n|turn|3\n|\n|t:|1776592785\n|switch|p2a: Bellibolt|Bellibolt, L50, M|100/100\n|move|p1a: Corviknight|Iron Defense|p1a: Corviknight\n|-boost|p1a: Corviknight|def|2\n|\n|upkeep\n|turn|4\n|\n|t:|1776592794\n|move|p1a: Corviknight|Body Press|p2a: Bellibolt\n|-damage|p2a: Bellibolt|50/100\n|-start|p2a: Bellibolt|Charge|Body Press|[from] ability: Electromorphosis\n|move|p2a: Bellibolt|Parabolic Charge|p1a: Corviknight\n|-supereffective|p1a: Corviknight|1\n|-damage|p1a: Corviknight|16/100\n|-heal|p2a: Bellibolt|90/100|[from] drain|[of] p1a: Corviknight\n|-end|p2a: Bellibolt|Charge|[silent]\n|\n|-heal|p1a: Corviknight|21/100|[from] item: Leftovers\n|-heal|p2a: Bellibolt|96/100|[from] item: Leftovers\n|upkeep\n|turn|5\n|\n|t:|1776592803\n|move|p1a: Corviknight|Roost|p1a: Corviknight\n|-heal|p1a: Corviknight|72/100\n|-singleturn|p1a: Corviknight|move: Roost\n|move|p2a: Bellibolt|Parabolic Charge|p1a: Corviknight\n|-damage|p1a: Corviknight|51/100\n|-heal|p2a: Bellibolt|100/100|[from] drain|[of] p1a: Corviknight\n|\n|-heal|p1a: Corviknight|57/100|[from] item: Leftovers\n|upkeep\n|turn|6\n|\n|t:|1776592809\n|move|p1a: Corviknight|Roost|p1a: Corviknight\n|-heal|p1a: Corviknight|100/100\n|-singleturn|p1a: Corviknight|move: Roost\n|move|p2a: Bellibolt|Soak|p1a: Corviknight\n|-start|p1a: Corviknight|typechange|Water\n|\n|upkeep\n|turn|7\n|j| Nuper7\n|\n|t:|1776592816\n|switch|p1a: Garchomp|Garchomp, L50, M|100/100\n|-damage|p1a: Garchomp|95/100|[from] Stealth Rock\n|move|p2a: Bellibolt|Parabolic Charge|p1a: Garchomp\n|-immune|p1a: Garchomp\n|\n|upkeep\n|turn|8\n|\n|t:|1776592824\n|switch|p2a: Garchomp|Garchomp, L50, F|64/100\n|move|p1a: Garchomp|Earthquake|p2a: Garchomp\n|-damage|p2a: Garchomp|13/100\n|\n|upkeep\n|turn|9\n|\n|t:|1776592828\n|move|p1a: Garchomp|Earthquake|p2a: Garchomp\n|-damage|p2a: Garchomp|0 fnt\n|faint|p2a: Garchomp\n|\n|upkeep\n|\n|t:|1776592831\n|switch|p2a: Basculegion|Basculegion, L50, M|100/100\n|turn|10\n|\n|t:|1776592833\n|switch|p1a: Corviknight|Corviknight, L50, F|100/100\n|-damage|p1a: Corviknight|88/100|[from] Stealth Rock\n|-ability|p1a: Corviknight|Pressure\n|move|p2a: Basculegion|Last Respects|p1a: Corviknight\n|-damage|p1a: Corviknight|48/100\n|\n|-heal|p1a: Corviknight|54/100|[from] item: Leftovers\n|upkeep\n|turn|11\n|\n|t:|1776592842\n|move|p2a: Basculegion|Last Respects|p1a: Corviknight\n|-damage|p1a: Corviknight|15/100\n|move|p1a: Corviknight|Roost|p1a: Corviknight\n|-heal|p1a: Corviknight|65/100\n|-singleturn|p1a: Corviknight|move: Roost\n|\n|-heal|p1a: Corviknight|71/100|[from] item: Leftovers\n|upkeep\n|turn|12\n|\n|t:|1776592846\n|switch|p2a: Bellibolt|Bellibolt, L50, M|100/100\n|move|p1a: Corviknight|Roost|p1a: Corviknight\n|-heal|p1a: Corviknight|100/100\n|-singleturn|p1a: Corviknight|move: Roost\n|\n|upkeep\n|turn|13\n|\n|t:|1776592851\n|switch|p1a: Delphox|Delphox-Mega, L50, F|35/100\n|-damage|p1a: Delphox|10/100|[from] Stealth Rock\n|move|p2a: Bellibolt|Toxic|p1a: Delphox\n|-status|p1a: Delphox|tox\n|\n|-damage|p1a: Delphox|4/100 tox|[from] psn\n|upkeep\n|turn|14\n|\n|t:|1776592861\n|move|p1a: Delphox|Flamethrower|p2a: Bellibolt\n|-damage|p2a: Bellibolt|65/100\n|-start|p2a: Bellibolt|Charge|Flamethrower|[from] ability: Electromorphosis\n|move|p2a: Bellibolt|Slack Off|p2a: Bellibolt\n|-heal|p2a: Bellibolt|100/100\n|\n|-damage|p1a: Delphox|0 fnt|[from] psn\n|faint|p1a: Delphox\n|upkeep\n|j| Melonnolem\n|\n|t:|1776592867\n|switch|p1a: Garchomp|Garchomp, L50, M|95/100\n|-damage|p1a: Garchomp|89/100|[from] Stealth Rock\n|turn|15\n|\n|t:|1776592874\n|move|p1a: Garchomp|Outrage|p2a: Bellibolt\n|-damage|p2a: Bellibolt|44/100\n|-start|p2a: Bellibolt|Charge|Outrage|[from] ability: Electromorphosis\n|move|p2a: Bellibolt|Toxic|p1a: Garchomp\n|-status|p1a: Garchomp|tox\n|\n|-heal|p2a: Bellibolt|50/100|[from] item: Leftovers\n|-damage|p1a: Garchomp|83/100 tox|[from] psn\n|upkeep\n|turn|16\n|\n|t:|1776592880\n|move|p1a: Garchomp|Outrage|p2a: Bellibolt|[from] lockedmove\n|-damage|p2a: Bellibolt|0 fnt\n|faint|p2a: Bellibolt\n|-start|p1a: Garchomp|confusion|[fatigue]\n|\n|-damage|p1a: Garchomp|71/100 tox|[from] psn\n|upkeep\n|\n|t:|1776592882\n|switch|p2a: Basculegion|Basculegion, L50, M|100/100\n|turn|17\n|\n|t:|1776592884\n|-activate|p1a: Garchomp|confusion\n|move|p1a: Garchomp|Outrage|p2a: Basculegion\n|-damage|p2a: Basculegion|27/100\n|move|p2a: Basculegion|Last Respects|p1a: Garchomp\n|-damage|p1a: Garchomp|0 fnt\n|faint|p1a: Garchomp\n|\n|upkeep\n|\n|t:|1776592890\n|switch|p1a: Corviknight|Corviknight, L50, F|100/100\n|-damage|p1a: Corviknight|88/100|[from] Stealth Rock\n|-ability|p1a: Corviknight|Pressure\n|turn|18\n|\n|t:|1776592896\n|move|p2a: Basculegion|Last Respects|p1a: Corviknight\n|-damage|p1a: Corviknight|32/100\n|move|p1a: Corviknight|Roost|p1a: Corviknight\n|-heal|p1a: Corviknight|82/100\n|-singleturn|p1a: Corviknight|move: Roost\n|\n|-heal|p1a: Corviknight|88/100|[from] item: Leftovers\n|upkeep\n|turn|19\n|\n|t:|1776592900\n|move|p2a: Basculegion|Last Respects|p1a: Corviknight\n|-damage|p1a: Corviknight|29/100\n|move|p1a: Corviknight|Roost|p1a: Corviknight\n|-heal|p1a: Corviknight|80/100\n|-singleturn|p1a: Corviknight|move: Roost\n|\n|-heal|p1a: Corviknight|85/100|[from] item: Leftovers\n|upkeep\n|turn|20\n|\n|t:|1776592904\n|move|p2a: Basculegion|Last Respects|p1a: Corviknight\n|-damage|p1a: Corviknight|33/100\n|move|p1a: Corviknight|Roost|p1a: Corviknight\n|-heal|p1a: Corviknight|83/100\n|-singleturn|p1a: Corviknight|move: Roost\n|\n|-heal|p1a: Corviknight|89/100|[from] item: Leftovers\n|upkeep\n|turn|21\n|\n|t:|1776592907\n|move|p2a: Basculegion|Last Respects|p1a: Corviknight\n|-damage|p1a: Corviknight|33/100\n|move|p1a: Corviknight|Roost|p1a: Corviknight\n|-heal|p1a: Corviknight|83/100\n|-singleturn|p1a: Corviknight|move: Roost\n|\n|-heal|p1a: Corviknight|89/100|[from] item: Leftovers\n|upkeep\n|turn|22\n|-message|ArkanisPK forfeited.\n|\n|win|atl31\n|raw|atl31's rating: 1327 &rarr; <strong>1351</strong><br />(+24 for winning)\n|raw|ArkanisPK's rating: 1400 &rarr; <strong>1376</strong><br />(-24 for losing)\n|l|\u2606ArkanisPK\n|player|p2|\n|l|\u2606atl31\n|player|p1|\n",
  "uploadtime": 1776592951,
  "views": 8,
  "formatid": "gen9championsbssregma",
  "rating": 1351,
  "private": 0,
  "password": null
}