{
  "id": "gen9championsbssregma-2588848751",
  "format": "[Gen 9 Champions] BSS Reg M-A",
  "players": [
    "GOLDENSEXBOY",
    "Bbbkty"
  ],
  "log": "|j|\u2606GOLDENSEXBOY\n|j|\u2606Bbbkty\n|t:|1776678225\n|gametype|singles\n|player|p1|GOLDENSEXBOY|102|1188\n|player|p2|Bbbkty|1|1103\n|gen|9\n|tier|[Gen 9 Champions] BSS Reg M-A\n|rated|\n|rule|Species Clause: Limit one of each Pok\u00e9mon\n|rule|Item Clause: Limit 1 of each item\n|clearpoke\n|poke|p1|Pinsir, L50, M|\n|poke|p1|Primarina, L50, F|\n|poke|p1|Aegislash, L50, M|\n|poke|p1|Hydreigon, L50, F|\n|poke|p1|Camerupt, L50, F|\n|poke|p1|Hatterene, L50, F|\n|poke|p2|Clefable, L50, F|\n|poke|p2|Charizard, L50, F|\n|poke|p2|Mimikyu, L50, M|\n|poke|p2|Kingambit, L50, M|\n|poke|p2|Espathra, L50, F|\n|poke|p2|Glimmora, L50, F|\n|teampreview|3\n|inactive|Battle timer is ON: inactive players will automatically lose when time's up. (requested by Bbbkty)\n|\n|t:|1776678241\n|teamsize|p1|3\n|teamsize|p2|3\n|start\n|switch|p1a: Pinsir|Pinsir, L50, M|100/100\n|switch|p2a: Glimmora|Glimmora, L50, F|100/100\n|turn|1\n|\n|t:|1776678251\n|switch|p1a: Camerupt|Camerupt, L50, F|100/100\n|move|p2a: Glimmora|Power Gem|p1a: Camerupt\n|-damage|p1a: Camerupt|45/100\n|\n|-heal|p1a: Camerupt|51/100|[from] item: Leftovers\n|upkeep\n|turn|2\n|\n|t:|1776678263\n|move|p2a: Glimmora|Power Gem|p1a: Camerupt\n|-damage|p1a: Camerupt|0 fnt\n|faint|p1a: Camerupt\n|\n|upkeep\n|\n|t:|1776678269\n|switch|p1a: Hydreigon|Hydreigon, L50, F|100/100\n|turn|3\n|\n|t:|1776678276\n|move|p1a: Hydreigon|Earth Power|p2a: Glimmora\n|-supereffective|p2a: Glimmora|2\n|-enditem|p2a: Glimmora|Focus Sash\n|-damage|p2a: Glimmora|1/100\n|-unboost|p2a: Glimmora|spd|1\n|move|p2a: Glimmora|Stealth Rock|p1a: Hydreigon\n|-sidestart|p1: GOLDENSEXBOY|move: Stealth Rock\n|\n|upkeep\n|turn|4\n|\n|t:|1776678286\n|move|p1a: Hydreigon|Earth Power|p2a: Glimmora\n|-supereffective|p2a: Glimmora|2\n|-damage|p2a: Glimmora|0 fnt\n|faint|p2a: Glimmora\n|\n|upkeep\n|\n|t:|1776678291\n|switch|p2a: Clefable|Clefable, L50, F|100/100\n|turn|5\n|\n|t:|1776678303\n|switch|p1a: Pinsir|Pinsir, L50, M|100/100\n|-damage|p1a: Pinsir|76/100|[from] Stealth Rock\n|detailschange|p2a: Clefable|Clefable-Mega, L50, F\n|-mega|p2a: Clefable|Clefable|Clefablite\n|move|p2a: Clefable|Cosmic Power|p2a: Clefable\n|-boost|p2a: Clefable|def|1\n|-boost|p2a: Clefable|spd|1\n|\n|upkeep\n|turn|6\n|\n|t:|1776678314\n|detailschange|p1a: Pinsir|Pinsir-Mega, L50, M\n|-mega|p1a: Pinsir|Pinsir|Pinsirite\n|move|p1a: Pinsir|Swords Dance|p1a: Pinsir\n|-boost|p1a: Pinsir|atk|2\n|move|p2a: Clefable|Moonblast|p1a: Pinsir\n|-damage|p1a: Pinsir|15/100\n|-unboost|p1a: Pinsir|spa|1\n|\n|upkeep\n|turn|7\n|\n|t:|1776678323\n|move|p1a: Pinsir|Quick Attack|p2a: Clefable\n|-damage|p2a: Clefable|75/100\n|move|p2a: Clefable|Moonblast|p1a: Pinsir\n|-damage|p1a: Pinsir|0 fnt\n|faint|p1a: Pinsir\n|\n|upkeep\n|\n|t:|1776678331\n|switch|p1a: Hydreigon|Hydreigon, L50, F|100/100\n|-damage|p1a: Hydreigon|88/100|[from] Stealth Rock\n|turn|8\n|\n|t:|1776678338\n|move|p1a: Hydreigon|Flamethrower|p2a: Clefable\n|-damage|p2a: Clefable|55/100\n|move|p2a: Clefable|Moonblast|p1a: Hydreigon\n|-supereffective|p1a: Hydreigon|2\n|-damage|p1a: Hydreigon|0 fnt\n|faint|p1a: Hydreigon\n|\n|win|Bbbkty\n|raw|GOLDENSEXBOY's rating: 1188 &rarr; <strong>1157</strong><br />(-31 for losing)\n|raw|Bbbkty's rating: 1103 &rarr; <strong>1134</strong><br />(+31 for winning)\n",
  "uploadtime": 1776678340,
  "views": 1,
  "formatid": "gen9championsbssregma",
  "rating": 1134,
  "private": 0,
  "password": null
}