{
  "id": "gen9championsbssregma-2586393700",
  "format": "[Gen 9 Champions] BSS Reg M-A",
  "players": [
    "AtlasTheOne",
    "Flagship Tom"
  ],
  "log": "|j|\u2606AtlasTheOne\n|j|\u2606Flagship Tom\n|t:|1776431476\n|gametype|singles\n|player|p1|AtlasTheOne|lucian|1143\n|player|p2|Flagship Tom|brock|1039\n|gen|9\n|tier|[Gen 9 Champions] BSS Reg M-A\n|rated|\n|rule|Species Clause: Limit one of each Pok\u00e9mon\n|rule|Item Clause: Limit 1 of each item\n|clearpoke\n|poke|p1|Aggron, L50, M|\n|poke|p1|Aegislash, L50, M|\n|poke|p1|Ditto, L50|\n|poke|p1|Kingambit, L50, M|\n|poke|p1|Delphox, L50, F|\n|poke|p1|Garchomp, L50, M|\n|poke|p2|Clefable, L50, M|\n|poke|p2|Aggron, L50, M|\n|poke|p2|Tyranitar, L50, M|\n|poke|p2|Aerodactyl, L50, M|\n|poke|p2|Incineroar, L50, M|\n|poke|p2|Glimmora, L50, F|\n|teampreview|3\n|inactive|Battle timer is ON: inactive players will automatically lose when time's up. (requested by Flagship Tom)\n|\n|t:|1776431494\n|teamsize|p1|3\n|teamsize|p2|3\n|start\n|switch|p1a: Aegislash|Aegislash, L50, M|100/100\n|switch|p2a: Incineroar|Incineroar, L50, M|100/100\n|-ability|p2a: Incineroar|Intimidate|boost\n|-unboost|p1a: Aegislash|atk|1\n|turn|1\n|\n|t:|1776431503\n|switch|p1a: Aggron|Aggron, L50, M|100/100\n|move|p2a: Incineroar|Parting Shot|p1a: Aggron\n|-unboost|p1a: Aggron|atk|1\n|-unboost|p1a: Aggron|spa|1\n|\n|t:|1776431511\n|switch|p2a: THE WALL|Aggron, L50, M|100/100|[from] Parting Shot\n|\n|upkeep\n|turn|2\n|\n|t:|1776431519\n|detailschange|p2a: THE WALL|Aggron-Mega, L50, M\n|-mega|p2a: THE WALL|Aggron|Aggronite\n|detailschange|p1a: Aggron|Aggron-Mega, L50, M\n|-mega|p1a: Aggron|Aggron|Aggronite\n|move|p1a: Aggron|Iron Defense|p1a: Aggron\n|-boost|p1a: Aggron|def|2\n|move|p2a: THE WALL|Iron Defense|p2a: THE WALL\n|-boost|p2a: THE WALL|def|2\n|\n|upkeep\n|turn|3\n|c|\u2606Flagship Tom|hmm\n|c|\u2606Flagship Tom|intresting\n|c|\u2606AtlasTheOne|here we go\n|\n|t:|1776431531\n|move|p1a: Aggron|Iron Defense|p1a: Aggron\n|-boost|p1a: Aggron|def|2\n|move|p2a: THE WALL|Body Press|p1a: Aggron\n|-supereffective|p1a: Aggron|1\n|-damage|p1a: Aggron|81/100\n|\n|upkeep\n|turn|4\n|\n|t:|1776431538\n|move|p2a: THE WALL|Iron Defense|p2a: THE WALL\n|-boost|p2a: THE WALL|def|2\n|move|p1a: Aggron|Body Press|p2a: THE WALL\n|-supereffective|p2a: THE WALL|1\n|-damage|p2a: THE WALL|71/100\n|\n|upkeep\n|turn|5\n|\n|t:|1776431544\n|move|p1a: Aggron|Iron Defense|p1a: Aggron\n|-boost|p1a: Aggron|def|2\n|move|p2a: THE WALL|Iron Defense|p2a: THE WALL\n|-boost|p2a: THE WALL|def|2\n|\n|upkeep\n|turn|6\n|\n|t:|1776431559\n|move|p2a: THE WALL|Body Press|p1a: Aggron\n|-supereffective|p1a: Aggron|1\n|-damage|p1a: Aggron|52/100\n|move|p1a: Aggron|Body Press|p2a: THE WALL\n|-supereffective|p2a: THE WALL|1\n|-damage|p2a: THE WALL|42/100\n|\n|upkeep\n|turn|7\n|c|\u2606Flagship Tom|did u invest specially or just on defence\n|\n|t:|1776431580\n|move|p1a: Aggron|Protect|p1a: Aggron\n|-singleturn|p1a: Aggron|Protect\n|move|p2a: THE WALL|Body Press|p1a: Aggron\n|-activate|p1a: Aggron|move: Protect\n|\n|upkeep\n|turn|8\n|c|\u2606Flagship Tom|i think that will decide\n|c|\u2606AtlasTheOne|mixed and hp\n|\n|t:|1776431589\n|move|p1a: Aggron|Body Press|p2a: THE WALL\n|-supereffective|p2a: THE WALL|1\n|-damage|p2a: THE WALL|11/100\n|move|p2a: THE WALL|Body Press|p1a: Aggron\n|-supereffective|p1a: Aggron|1\n|-damage|p1a: Aggron|26/100\n|\n|upkeep\n|turn|9\n|\n|t:|1776431598\n|move|p2a: THE WALL|Body Press|p1a: Aggron\n|-supereffective|p1a: Aggron|1\n|-damage|p1a: Aggron|0 fnt\n|faint|p1a: Aggron\n|\n|upkeep\n|c|\u2606Flagship Tom|damn\n|\n|t:|1776431603\n|switch|p1a: Ditto|Ditto, L50|100/100\n|-transform|p1a: Ditto|p2a: THE WALL|[from] ability: Imposter\n|turn|10\n|c|\u2606AtlasTheOne|heheh\n|c|\u2606Flagship Tom|rng was crazy for me\n|c|\u2606Flagship Tom|wow\n|n|!Flagship Tom|flagshiptom\n|\n|t:|1776431625\n|move|p2a: THE WALL|Body Press|p1a: Ditto\n|-supereffective|p1a: Ditto|1\n|-damage|p1a: Ditto|71/100\n|move|p1a: Ditto|Body Press|p2a: THE WALL\n|-supereffective|p2a: THE WALL|1\n|-damage|p2a: THE WALL|0 fnt\n|faint|p2a: THE WALL\n|\n|upkeep\n|\n|t:|1776431644\n|switch|p2a: Incineroar|Incineroar, L50, M|100/100\n|-ability|p2a: Incineroar|Intimidate|boost\n|-unboost|p1a: Ditto|atk|1\n|turn|11\n|\n|t:|1776431652\n|move|p2a: Incineroar|Fake Out|p1a: Ditto\n|-resisted|p1a: Ditto|1\n|-damage|p1a: Ditto|70/100\n|cant|p1a: Ditto|flinch\n|\n|upkeep\n|turn|12\n|\n|t:|1776431658\n|move|p2a: Incineroar|Flare Blitz|p1a: Ditto\n|-supereffective|p1a: Ditto|1\n|-damage|p1a: Ditto|60/100\n|-damage|p2a: Incineroar|98/100|[from] Recoil\n|move|p1a: Ditto|Body Press|p2a: Incineroar\n|-supereffective|p2a: Incineroar|1\n|-enditem|p2a: Incineroar|Chople Berry|[eat]\n|-enditem|p2a: Incineroar|Chople Berry|[weaken]\n|-damage|p2a: Incineroar|0 fnt\n|faint|p2a: Incineroar\n|\n|upkeep\n|-message|Flagship Tom forfeited.\n|\n|win|AtlasTheOne\n",
  "uploadtime": 1776431615,
  "views": 6,
  "formatid": "gen9championsbssregma",
  "rating": null,
  "private": 0,
  "password": null
}