{
  "id": "gen9championsbssregma-2583173234",
  "format": "[Gen 9 Champions] BSS Reg M-A",
  "players": [
    "hrztkb",
    "3gege"
  ],
  "log": "|j|\u2606hrztkb\n|j|\u26063gege\n|t:|1776150904\n|gametype|singles\n|player|p1|hrztkb|266|1313\n|player|p2|3gege|169|1257\n|gen|9\n|tier|[Gen 9 Champions] BSS Reg M-A\n|rated|\n|rule|Species Clause: Limit one of each Pok\u00e9mon\n|rule|Item Clause: Limit 1 of each item\n|clearpoke\n|poke|p1|Hatterene, L50, F|\n|poke|p1|Volcarona, L50, F|\n|poke|p1|Hydreigon, L50, F|\n|poke|p1|Gyarados, L50, M|\n|poke|p1|Aegislash, L50, F|\n|poke|p1|Garchomp, L50, F|\n|poke|p2|Gyarados, L50, F|\n|poke|p2|Gengar, L50, M|\n|poke|p2|Primarina, L50, M|\n|poke|p2|Glimmora, L50, F|\n|poke|p2|Kingambit, L50, F|\n|poke|p2|Arcanine, L50, F|\n|teampreview|3\n|j| p74\n|\n|t:|1776150940\n|teamsize|p1|3\n|teamsize|p2|3\n|start\n|switch|p1a: Garchomp|Garchomp, L50, F|100/100\n|switch|p2a: Glimmora|Glimmora, L50, F|100/100\n|turn|1\n|\n|t:|1776150952\n|switch|p1a: Hatterene|Hatterene, L50, F|100/100\n|move|p2a: Glimmora|Mud Shot|p1a: Hatterene\n|-damage|p1a: Hatterene|80/100\n|-unboost|p1a: Hatterene|spe|1\n|\n|upkeep\n|turn|2\n|\n|t:|1776150968\n|move|p2a: Glimmora|Sludge Wave|p1a: Hatterene\n|-supereffective|p1a: Hatterene|1\n|-damage|p1a: Hatterene|0 fnt\n|faint|p1a: Hatterene\n|\n|upkeep\n|\n|t:|1776150973\n|switch|p1a: Garchomp|Garchomp, L50, F|100/100\n|turn|3\n|\n|t:|1776150977\n|move|p1a: Garchomp|Earthquake|p2a: Glimmora\n|-supereffective|p2a: Glimmora|2\n|-enditem|p2a: Glimmora|Focus Sash\n|-damage|p2a: Glimmora|1/100\n|-activate|p2a: Glimmora|ability: Toxic Debris\n|-sidestart|p1: hrztkb|move: Toxic Spikes\n|move|p2a: Glimmora|Mud Shot|p1a: Garchomp\n|-damage|p1a: Garchomp|79/100\n|-unboost|p1a: Garchomp|spe|1\n|\n|upkeep\n|turn|4\n|\n|t:|1776150987\n|move|p2a: Glimmora|Stealth Rock|p1a: Garchomp\n|-sidestart|p1: hrztkb|move: Stealth Rock\n|move|p1a: Garchomp|Earthquake|p2a: Glimmora\n|-supereffective|p2a: Glimmora|2\n|-damage|p2a: Glimmora|0 fnt\n|-activate|p2a: Glimmora|ability: Toxic Debris\n|-sidestart|p1: hrztkb|move: Toxic Spikes\n|faint|p2a: Glimmora\n|\n|upkeep\n|\n|t:|1776150992\n|switch|p2a: Gyarados|Gyarados, L50, F|100/100\n|-ability|p2a: Gyarados|Intimidate|boost\n|-unboost|p1a: Garchomp|atk|1\n|turn|5\n|\n|t:|1776150997\n|move|p2a: Gyarados|Dragon Dance|p2a: Gyarados\n|-boost|p2a: Gyarados|atk|1\n|-boost|p2a: Gyarados|spe|1\n|move|p1a: Garchomp|Dragon Tail|p2a: Gyarados\n|-damage|p2a: Gyarados|74/100\n|drag|p2a: Kingambit|Kingambit, L50, F|100/100\n|-activate|p2a: Kingambit|ability: Supreme Overlord\n|-start|p2a: Kingambit|fallen1|[silent]\n|\n|upkeep\n|turn|6\n|\n|t:|1776151005\n|move|p1a: Garchomp|Stealth Rock|p2a: Kingambit\n|-sidestart|p2: 3gege|move: Stealth Rock\n|move|p2a: Kingambit|Kowtow Cleave|p1a: Garchomp\n|-damage|p1a: Garchomp|12/100\n|-damage|p2a: Kingambit|88/100|[from] ability: Rough Skin|[of] p1a: Garchomp\n|\n|upkeep\n|turn|7\n|\n|t:|1776151012\n|move|p2a: Kingambit|Sucker Punch|p1a: Garchomp\n|-damage|p1a: Garchomp|0 fnt\n|-damage|p2a: Kingambit|76/100|[from] ability: Rough Skin|[of] p1a: Garchomp\n|faint|p1a: Garchomp\n|\n|upkeep\n|\n|t:|1776151017\n|switch|p1a: Gyarados|Gyarados, L50, M, shiny|100/100\n|-damage|p1a: Gyarados|76/100|[from] Stealth Rock\n|-ability|p1a: Gyarados|Intimidate|boost\n|-unboost|p2a: Kingambit|atk|1\n|turn|8\n|\n|t:|1776151025\n|detailschange|p1a: Gyarados|Gyarados-Mega, L50, M, shiny\n|-mega|p1a: Gyarados|Gyarados|Gyaradosite\n|-ability|p1a: Gyarados|Mold Breaker\n|move|p1a: Gyarados|Dragon Dance|p1a: Gyarados\n|-boost|p1a: Gyarados|atk|1\n|-boost|p1a: Gyarados|spe|1\n|move|p2a: Kingambit|Kowtow Cleave|p1a: Gyarados\n|-resisted|p1a: Gyarados|1\n|-damage|p1a: Gyarados|55/100\n|\n|upkeep\n|turn|9\n|\n|t:|1776151042\n|move|p1a: Gyarados|Earthquake|p2a: Kingambit\n|-supereffective|p2a: Kingambit|1\n|-damage|p2a: Kingambit|0 fnt\n|faint|p2a: Kingambit\n|-end|p2a: Kingambit|fallen1|[silent]\n|\n|upkeep\n|\n|t:|1776151045\n|switch|p2a: Gyarados|Gyarados, L50, F|74/100\n|-damage|p2a: Gyarados|50/100|[from] Stealth Rock\n|-ability|p2a: Gyarados|Intimidate|boost\n|-unboost|p1a: Gyarados|atk|1\n|turn|10\n|\n|t:|1776151052\n|detailschange|p2a: Gyarados|Gyarados-Mega, L50, F\n|-mega|p2a: Gyarados|Gyarados|Gyaradosite\n|-ability|p2a: Gyarados|Mold Breaker\n|move|p1a: Gyarados|Crunch|p2a: Gyarados\n|-resisted|p2a: Gyarados|1\n|-damage|p2a: Gyarados|27/100\n|move|p2a: Gyarados|Dragon Dance|p2a: Gyarados\n|-boost|p2a: Gyarados|atk|1\n|-boost|p2a: Gyarados|spe|1\n|\n|upkeep\n|turn|11\n|\n|t:|1776151061\n|move|p2a: Gyarados|Earthquake|p1a: Gyarados\n|-damage|p1a: Gyarados|0 fnt\n|faint|p1a: Gyarados\n|\n|win|3gege\n|raw|hrztkb's rating: 1313 &rarr; <strong>1292</strong><br />(-21 for losing)\n|raw|3gege's rating: 1288 &rarr; <strong>1315</strong><br />(+27 for winning)\n|l|\u2606hrztkb\n|player|p1|\n",
  "uploadtime": 1776151118,
  "views": 4,
  "formatid": "gen9championsbssregma",
  "rating": 1292,
  "private": 0,
  "password": null
}