{
  "id": "gen9championsbssregma-2586961222",
  "format": "[Gen 9 Champions] BSS Reg M-A",
  "players": [
    "NXC 8876113",
    "deokso king"
  ],
  "log": "|j|\u2606NXC 8876113\n|j|\u2606deokso king\n|t:|1776475925\n|gametype|singles\n|player|p1|NXC 8876113|266|1245\n|player|p2|deokso king|bellelba|1287\n|gen|9\n|tier|[Gen 9 Champions] BSS Reg M-A\n|rated|\n|rule|Species Clause: Limit one of each Pok\u00e9mon\n|rule|Item Clause: Limit 1 of each item\n|clearpoke\n|poke|p1|Garchomp, L50, M|\n|poke|p1|Scizor, L50, F|\n|poke|p1|Dragapult, L50, F|\n|poke|p1|Sneasler, L50, F|\n|poke|p1|Mimikyu, L50, M|\n|poke|p1|Hydreigon, L50, M|\n|poke|p2|Hydreigon, L50, F|\n|poke|p2|Primarina, L50, F|\n|poke|p2|Garchomp, L50, M|\n|poke|p2|Scizor, L50, M|\n|poke|p2|Charizard, L50, M|\n|poke|p2|Aegislash, L50, M|\n|teampreview|3\n|inactive|Battle timer is ON: inactive players will automatically lose when time's up. (requested by deokso king)\n|\n|t:|1776475939\n|teamsize|p1|3\n|teamsize|p2|3\n|start\n|switch|p1a: Garchomp|Garchomp, L50, M|100/100\n|switch|p2a: Garchomp|Garchomp, L50, M|100/100\n|turn|1\n|\n|t:|1776475953\n|move|p1a: Garchomp|Scale Shot|p2a: Garchomp\n|-supereffective|p2a: Garchomp|1\n|-damage|p2a: Garchomp|71/100\n|-supereffective|p2a: Garchomp|1\n|-damage|p2a: Garchomp|45/100\n|-supereffective|p2a: Garchomp|1\n|-damage|p2a: Garchomp|19/100\n|-supereffective|p2a: Garchomp|1\n|-damage|p2a: Garchomp|0 fnt\n|faint|p2a: Garchomp\n|-hitcount|p2: Garchomp|4\n|-unboost|p1a: Garchomp|def|1\n|-boost|p1a: Garchomp|spe|1\n|\n|upkeep\n|j| pirouo\n|\n|t:|1776475964\n|switch|p2a: Primarina|Primarina, L50, F|100/100\n|turn|2\n|\n|t:|1776475984\n|switch|p1a: Scizor|Scizor, L50, F|100/100\n|move|p2a: Primarina|Moonblast|p1a: Scizor\n|-resisted|p1a: Scizor|1\n|-damage|p1a: Scizor|71/100\n|\n|upkeep\n|turn|3\n|\n|t:|1776475990\n|detailschange|p1a: Scizor|Scizor-Mega, L50, F\n|-mega|p1a: Scizor|Scizor|Scizorite\n|move|p1a: Scizor|Dual Wingbeat|p2a: Primarina\n|-damage|p2a: Primarina|67/100\n|-damage|p2a: Primarina|38/100\n|-enditem|p2a: Primarina|Sitrus Berry|[eat]\n|-heal|p2a: Primarina|63/100|[from] item: Sitrus Berry\n|-hitcount|p2a: Primarina|2\n|move|p2a: Primarina|Sparkling Aria|p1a: Scizor\n|-damage|p1a: Scizor|24/100\n|\n|upkeep\n|turn|4\n|\n|t:|1776476002\n|switch|p2a: Charizard|Charizard, L50, M|100/100\n|move|p1a: Scizor|Bullet Punch|p2a: Charizard\n|-resisted|p2a: Charizard|1\n|-damage|p2a: Charizard|73/100\n|\n|upkeep\n|turn|5\n|j| p74\n|inactive|NXC 8876113 has 30 seconds left.\n|\n|t:|1776476032\n|detailschange|p2a: Charizard|Charizard-Mega-Y, L50, M\n|-mega|p2a: Charizard|Charizard|Charizardite Y\n|-weather|SunnyDay|[from] ability: Drought|[of] p2a: Charizard\n|move|p1a: Scizor|Bullet Punch|p2a: Charizard\n|-resisted|p2a: Charizard|1\n|-damage|p2a: Charizard|46/100\n|move|p2a: Charizard|Weather Ball|p1a: Scizor\n|-supereffective|p1a: Scizor|2\n|-damage|p1a: Scizor|0 fnt\n|faint|p1a: Scizor\n|\n|-weather|SunnyDay|[upkeep]\n|upkeep\n|\n|t:|1776476040\n|switch|p1a: Garchomp|Garchomp, L50, M|100/100\n|turn|6\n|\n|t:|1776476045\n|switch|p2a: Primarina|Primarina, L50, F|63/100\n|move|p1a: Garchomp|Swords Dance|p1a: Garchomp\n|-boost|p1a: Garchomp|atk|2\n|\n|-weather|SunnyDay|[upkeep]\n|upkeep\n|turn|7\n|\n|t:|1776476050\n|move|p1a: Garchomp|Earthquake|p2a: Primarina\n|-crit|p2a: Primarina\n|-damage|p2a: Primarina|0 fnt\n|faint|p2a: Primarina\n|\n|-weather|SunnyDay|[upkeep]\n|upkeep\n|\n|t:|1776476053\n|switch|p2a: Charizard|Charizard-Mega-Y, L50, M|46/100\n|turn|8\n|inactive|NXC 8876113 has 30 seconds left.\n|\n|t:|1776476081\n|move|p1a: Garchomp|Scale Shot|p2a: Charizard\n|-damage|p2a: Charizard|8/100\n|-damage|p2a: Charizard|0 fnt\n|faint|p2a: Charizard\n|-hitcount|p2: Charizard|2\n|\n|win|NXC 8876113\n|raw|NXC 8876113's rating: 1269 &rarr; <strong>1295</strong><br />(+26 for winning)\n|raw|deokso king's rating: 1287 &rarr; <strong>1261</strong><br />(-26 for losing)\n|l|\u2606NXC 8876113\n|player|p1|\n|l|\u2606deokso king\n|player|p2|\n",
  "uploadtime": 1776476140,
  "views": 9,
  "formatid": "gen9championsbssregma",
  "rating": 1261,
  "private": 0,
  "password": null
}