{
  "id": "gen9championsbssregma-2581238560",
  "format": "[Gen 9 Champions] BSS Reg M-A",
  "players": [
    "phifth",
    "Rin Felstar 99"
  ],
  "log": "|j|\u2606phifth\n|j|\u2606Rin Felstar 99\n|t:|1775974730\n|gametype|singles\n|player|p1|phifth|rosa|1129\n|player|p2|Rin Felstar 99|2|1045\n|gen|9\n|tier|[Gen 9 Champions] BSS Reg M-A\n|rated|\n|rule|Species Clause: Limit one of each Pok\u00e9mon\n|rule|Item Clause: Limit 1 of each item\n|clearpoke\n|poke|p1|Gliscor, L50, M|\n|poke|p1|Tyranitar, L50, M|\n|poke|p1|Meganium, L50, F|\n|poke|p1|Archaludon, L50, M|\n|poke|p1|Excadrill, L50, M|\n|poke|p1|Sableye, L50, M|\n|poke|p2|Altaria, L50, F|\n|poke|p2|Arcanine-Hisui, L50, M|\n|poke|p2|Ceruledge, L50, M|\n|poke|p2|Sneasler, L50, M|\n|poke|p2|Slowbro, L50, F|\n|poke|p2|Bastiodon, L50, M|\n|teampreview|3\n|\n|t:|1775974792\n|teamsize|p1|3\n|teamsize|p2|3\n|start\n|switch|p1a: Tyranitar|Tyranitar, L50, M|100/100\n|switch|p2a: Altaria|Altaria, L50, F|100/100\n|-weather|Sandstorm|[from] ability: Sand Stream|[of] p1a: Tyranitar\n|turn|1\n|\n|t:|1775974801\n|detailschange|p2a: Altaria|Altaria-Mega, L50, F\n|-mega|p2a: Altaria|Altaria|Altarianite\n|move|p2a: Altaria|Cotton Guard|p2a: Altaria\n|-boost|p2a: Altaria|def|3\n|move|p1a: Tyranitar|Rock Slide|p2a: Altaria\n|-damage|p2a: Altaria|86/100\n|\n|-weather|Sandstorm|[upkeep]\n|-damage|p2a: Altaria|80/100|[from] Sandstorm\n|upkeep\n|turn|2\n|\n|t:|1775974827\n|move|p2a: Altaria|Body Slam|p1a: Tyranitar\n|-supereffective|p1a: Tyranitar|1\n|-crit|p1a: Tyranitar\n|-damage|p1a: Tyranitar|0 fnt\n|faint|p1a: Tyranitar\n|\n|-weather|Sandstorm|[upkeep]\n|-damage|p2a: Altaria|74/100|[from] Sandstorm\n|upkeep\n|\n|t:|1775974854\n|switch|p1a: Excadrill|Excadrill, L50, M|100/100\n|turn|3\n|\n|t:|1775974864\n|move|p1a: Excadrill|Iron Head|p2a: Altaria\n|-supereffective|p2a: Altaria|1\n|-crit|p2a: Altaria\n|-damage|p2a: Altaria|0 fnt\n|faint|p2a: Altaria\n|\n|-weather|Sandstorm|[upkeep]\n|upkeep\n|\n|t:|1775974874\n|switch|p2a: Ceruledge|Ceruledge, L50, M|100/100\n|turn|4\n|c|\u2606phifth|hes sash isn't he\n|\n|t:|1775974907\n|switch|p1a: Eclipse|Gliscor, L50, M, shiny|100/100\n|move|p2a: Ceruledge|Bitter Blade|p1a: Eclipse\n|-damage|p1a: Eclipse|72/100\n|\n|-weather|Sandstorm|[upkeep]\n|-damage|p2a: Ceruledge|94/100|[from] Sandstorm\n|upkeep\n|turn|5\n|\n|t:|1775974925\n|move|p2a: Ceruledge|Poltergeist|p1a: Eclipse|[miss]\n|-miss|p2a: Ceruledge|p1a: Eclipse\n|move|p1a: Eclipse|Knock Off|p2a: Ceruledge\n|-supereffective|p2a: Ceruledge|1\n|-damage|p2a: Ceruledge|28/100\n|-ability|p2a: Ceruledge|Weak Armor|boost\n|-unboost|p2a: Ceruledge|def|1\n|-boost|p2a: Ceruledge|spe|2\n|-enditem|p2a: Ceruledge|Focus Sash|[from] move: Knock Off|[of] p1a: Eclipse\n|\n|-weather|none\n|upkeep\n|turn|6\n|\n|t:|1775974942\n|move|p1a: Eclipse|Protect|p1a: Eclipse\n|-singleturn|p1a: Eclipse|Protect\n|move|p2a: Ceruledge|Poltergeist|p1a: Eclipse\n|-activate|p1a: Eclipse|move: Protect\n|\n|upkeep\n|turn|7\n|\n|t:|1775974951\n|move|p2a: Ceruledge|Poltergeist|p1a: Eclipse\n|-activate|p1a: Eclipse|move: Poltergeist|Bright Powder\n|-damage|p1a: Eclipse|39/100\n|move|p1a: Eclipse|Sand Tomb|p2a: Ceruledge|[miss]\n|-miss|p1a: Eclipse|p2a: Ceruledge\n|\n|upkeep\n|turn|8\n|\n|t:|1775974967\n|move|p2a: Ceruledge|Bitter Blade|p1a: Eclipse\n|-damage|p1a: Eclipse|9/100\n|-heal|p2a: Ceruledge|46/100|[from] drain|[of] p1a: Eclipse\n|move|p1a: Eclipse|Sand Tomb|p2a: Ceruledge\n|-supereffective|p2a: Ceruledge|1\n|-damage|p2a: Ceruledge|0 fnt\n|faint|p2a: Ceruledge\n|\n|upkeep\n|\n|t:|1775974970\n|switch|p2a: Bastiodon|Bastiodon, L50, M|100/100\n|turn|9\n|\n|t:|1775974979\n|move|p1a: Eclipse|Sand Tomb|p2a: Bastiodon\n|-supereffective|p2a: Bastiodon|2\n|-damage|p2a: Bastiodon|65/100\n|-activate|p2a: Bastiodon|move: Sand Tomb|[of] p1a: Eclipse\n|move|p2a: Bastiodon|Iron Defense|p2a: Bastiodon\n|-boost|p2a: Bastiodon|def|2\n|\n|-damage|p2a: Bastiodon|53/100|[from] move: Sand Tomb|[partiallytrapped]\n|upkeep\n|turn|10\n|\n|t:|1775974994\n|move|p1a: Eclipse|Knock Off|p2a: Bastiodon\n|-damage|p2a: Bastiodon|45/100\n|-enditem|p2a: Bastiodon|Occa Berry|[from] move: Knock Off|[of] p1a: Eclipse\n|move|p2a: Bastiodon|Body Press|p1a: Eclipse\n|-resisted|p1a: Eclipse|1\n|-damage|p1a: Eclipse|0 fnt\n|faint|p1a: Eclipse\n|\n|-end|p2a: Bastiodon|Sand Tomb|[partiallytrapped]|[silent]\n|upkeep\n|\n|t:|1775975001\n|switch|p1a: Excadrill|Excadrill, L50, M|100/100\n|turn|11\n|\n|t:|1775975006\n|move|p1a: Excadrill|Earthquake|p2a: Bastiodon\n|-supereffective|p2a: Bastiodon|2\n|-damage|p2a: Bastiodon|0 fnt\n|faint|p2a: Bastiodon\n|\n|win|phifth\n|raw|phifth's rating: 1129 &rarr; <strong>1148</strong><br />(+19 for winning)\n|raw|Rin Felstar 99's rating: 1045 &rarr; <strong>1032</strong><br />(-13 for losing)\n|l|\u2606Rin Felstar 99\n|player|p2|\n|c|\u2606phifth|gg\n",
  "uploadtime": 1775975030,
  "views": 9,
  "formatid": "gen9championsbssregma",
  "rating": 1032,
  "private": 0,
  "password": null
}