{
  "id": "gen9championsbssregma-2585284035",
  "format": "[Gen 9 Champions] BSS Reg M-A",
  "players": [
    "Zyh020520ssfyyy",
    "Evolice"
  ],
  "log": "|j|\u2606Zyh020520ssfyyy\n|j|\u2606Evolice\n|t:|1776333681\n|gametype|singles\n|player|p1|Zyh020520ssfyyy|266|1043\n|player|p2|Evolice|falkner|1027\n|gen|9\n|tier|[Gen 9 Champions] BSS Reg M-A\n|rated|\n|rule|Species Clause: Limit one of each Pok\u00e9mon\n|rule|Item Clause: Limit 1 of each item\n|clearpoke\n|poke|p1|Starmie, L50|\n|poke|p1|Tyranitar, L50, M|\n|poke|p1|Aegislash, L50, M|\n|poke|p1|Hydreigon, L50, F|\n|poke|p1|Rotom-Wash, L50|\n|poke|p1|Corviknight, L50, F|\n|poke|p2|Espathra, L50, M|\n|poke|p2|Clefable, L50, F|\n|poke|p2|Charizard, L50, M|\n|poke|p2|Kingambit, L50, F|\n|poke|p2|Chimecho, L50, M|\n|poke|p2|Quaquaval, L50, M|\n|teampreview|3\n|inactive|Battle timer is ON: inactive players will automatically lose when time's up. (requested by Zyh020520ssfyyy)\n|inactive|Zyh020520ssfyyy has 60 seconds left.\n|\n|t:|1776333714\n|teamsize|p1|3\n|teamsize|p2|3\n|start\n|switch|p1a: Starmie|Starmie, L50|100/100\n|switch|p2a: Espathra|Espathra, L50, M|100/100\n|turn|1\n|\n|t:|1776333733\n|detailschange|p1a: Starmie|Starmie-Mega, L50\n|-mega|p1a: Starmie|Starmie|Starminite\n|move|p2a: Espathra|Calm Mind|p2a: Espathra\n|-boost|p2a: Espathra|spa|1\n|-boost|p2a: Espathra|spd|1\n|move|p1a: Starmie|Flip Turn|p2a: Espathra\n|-damage|p2a: Espathra|11/100\n|\n|t:|1776333738\n|switch|p1a: Tyranitar|Tyranitar, L50, M|100/100|[from] Flip Turn\n|-weather|Sandstorm|[from] ability: Sand Stream|[of] p1a: Tyranitar\n|\n|-weather|Sandstorm|[upkeep]\n|-damage|p2a: Espathra|5/100|[from] Sandstorm\n|-ability|p2a: Espathra|Speed Boost|boost\n|-boost|p2a: Espathra|spe|1\n|upkeep\n|turn|2\n|\n|t:|1776333751\n|move|p2a: Espathra|Protect|p2a: Espathra\n|-singleturn|p2a: Espathra|Protect\n|move|p1a: Tyranitar|Stealth Rock|p2a: Espathra\n|-sidestart|p2: Evolice|move: Stealth Rock\n|\n|-weather|Sandstorm|[upkeep]\n|-damage|p2a: Espathra|0 fnt|[from] Sandstorm\n|faint|p2a: Espathra\n|upkeep\n|\n|t:|1776333759\n|switch|p2a: Chimecho|Chimecho, L50, M|100/100\n|-damage|p2a: Chimecho|88/100|[from] Stealth Rock\n|turn|3\n|\n|t:|1776333779\n|detailschange|p2a: Chimecho|Chimecho-Mega, L50, M\n|-mega|p2a: Chimecho|Chimecho|Chimechite\n|move|p2a: Chimecho|Cosmic Power|p2a: Chimecho\n|-boost|p2a: Chimecho|def|1\n|-boost|p2a: Chimecho|spd|1\n|move|p1a: Tyranitar|Knock Off|p2a: Chimecho\n|-supereffective|p2a: Chimecho|1\n|-damage|p2a: Chimecho|62/100\n|\n|-weather|Sandstorm|[upkeep]\n|upkeep\n|turn|4\n|\n|t:|1776333789\n|move|p2a: Chimecho|Cosmic Power|p2a: Chimecho\n|-boost|p2a: Chimecho|def|1\n|-boost|p2a: Chimecho|spd|1\n|move|p1a: Tyranitar|Roar|p2a: Chimecho\n|drag|p2a: Charizard|Charizard, L50, M|100/100\n|-damage|p2a: Charizard|51/100|[from] Stealth Rock\n|\n|-weather|Sandstorm|[upkeep]\n|-damage|p2a: Charizard|45/100|[from] Sandstorm\n|upkeep\n|turn|5\n|\n|t:|1776333802\n|move|p2a: Charizard|Solar Beam||[still]\n|-prepare|p2a: Charizard|Solar Beam\n|move|p1a: Tyranitar|Roar|p2a: Charizard\n|drag|p2a: Chimecho|Chimecho-Mega, L50, M|62/100\n|-damage|p2a: Chimecho|56/100|[from] Stealth Rock\n|\n|-weather|none\n|upkeep\n|turn|6\n|-message|Evolice forfeited.\n|\n|win|Zyh020520ssfyyy\n|raw|Zyh020520ssfyyy's rating: 1043 &rarr; <strong>1075</strong><br />(+32 for winning)\n|raw|Evolice's rating: 1027 &rarr; <strong>1014</strong><br />(-13 for losing)\n|l|\u2606Evolice\n|player|p2|\n",
  "uploadtime": 1776333819,
  "views": 9,
  "formatid": "gen9championsbssregma",
  "rating": 1014,
  "private": 0,
  "password": null
}