{
  "id": "gen9championsbssregma-2582211713",
  "format": "[Gen 9 Champions] BSS Reg M-A",
  "players": [
    "egjp",
    "Propolis"
  ],
  "log": "|j|\u2606egjp\n|j|\u2606Propolis\n|t:|1776071846\n|gametype|singles\n|player|p1|egjp|marley|1207\n|player|p2|Propolis|miku-flying|1259\n|gen|9\n|tier|[Gen 9 Champions] BSS Reg M-A\n|rated|\n|rule|Species Clause: Limit one of each Pok\u00e9mon\n|rule|Item Clause: Limit 1 of each item\n|clearpoke\n|poke|p1|Garchomp, L50, F|\n|poke|p1|Umbreon, L50, M|\n|poke|p1|Emboar, L50, M|\n|poke|p1|Gengar, L50, F|\n|poke|p1|Hydreigon, L50, M|\n|poke|p1|Ampharos, L50, F|\n|poke|p2|Glimmora, L50, M|\n|poke|p2|Hydreigon, L50, F|\n|poke|p2|Primarina, L50, F|\n|poke|p2|Charizard, L50, M|\n|poke|p2|Meowscarada, L50, M|\n|poke|p2|Mimikyu, L50, M|\n|teampreview|3\n|inactive|Battle timer is ON: inactive players will automatically lose when time's up. (requested by Propolis)\n|\n|t:|1776071862\n|teamsize|p1|3\n|teamsize|p2|3\n|start\n|switch|p1a: Gengar|Gengar, L50, F|100/100\n|switch|p2a: Meowscarada|Meowscarada, L50, M|100/100\n|turn|1\n|\n|t:|1776071866\n|detailschange|p1a: Gengar|Gengar-Mega, L50, F\n|-mega|p1a: Gengar|Gengar|Gengarite\n|move|p1a: Gengar|Protect|p1a: Gengar\n|-singleturn|p1a: Gengar|Protect\n|move|p2a: Meowscarada|Sucker Punch||[still]\n|-fail|p2a: Meowscarada\n|\n|upkeep\n|turn|2\n|j| p74\n|j| xXcrossbowXx\n|\n|t:|1776071884\n|switch|p1a: Garchomp|Garchomp, L50, F|100/100\n|move|p2a: Meowscarada|Sucker Punch||[still]\n|-fail|p2a: Meowscarada\n|\n|upkeep\n|turn|3\n|\n|t:|1776071891\n|switch|p2a: Primarina|Primarina, L50, F|100/100\n|move|p1a: Garchomp|Stealth Rock|p2a: Primarina\n|-sidestart|p2: Propolis|move: Stealth Rock\n|\n|upkeep\n|turn|4\n|l| xXcrossbowXx\n|\n|t:|1776071903\n|switch|p1a: Gengar|Gengar-Mega, L50, F|100/100\n|move|p2a: Primarina|Sparkling Aria|p1a: Gengar\n|-damage|p1a: Gengar|43/100\n|\n|upkeep\n|turn|5\n|j| xXcrossbowXx\n|l| xXcrossbowXx\n|\n|t:|1776071909\n|move|p1a: Gengar|Sludge Wave|p2a: Primarina\n|-supereffective|p2a: Primarina|1\n|-damage|p2a: Primarina|0 fnt\n|faint|p2a: Primarina\n|\n|upkeep\n|\n|t:|1776071918\n|switch|p2a: Meowscarada|Meowscarada, L50, M|100/100\n|-damage|p2a: Meowscarada|89/100|[from] Stealth Rock\n|turn|6\n|\n|t:|1776071924\n|switch|p1a: Garchomp|Garchomp, L50, F|100/100\n|move|p2a: Meowscarada|Triple Axel|p1a: Garchomp|[miss]\n|-start|p2a: Meowscarada|typechange|Ice|[from] ability: Protean\n|-miss|p2a: Meowscarada|p1a: Garchomp\n|\n|upkeep\n|turn|7\n|\n|t:|1776071934\n|switch|p1a: Umbreon|Umbreon, L50, M|100/100\n|move|p2a: Meowscarada|Triple Axel|p1a: Umbreon\n|-damage|p1a: Umbreon|94/100\n|-damage|p1a: Umbreon|83/100\n|-damage|p1a: Umbreon|67/100\n|-hitcount|p1a: Umbreon|3\n|\n|-heal|p1a: Umbreon|73/100|[from] item: Leftovers\n|upkeep\n|turn|8\n|\n|t:|1776071942\n|switch|p2a: Glimmora|Glimmora, L50, M|100/100\n|-damage|p2a: Glimmora|89/100|[from] Stealth Rock\n|move|p1a: Umbreon|Yawn|p2a: Glimmora\n|-start|p2a: Glimmora|move: Yawn|[of] p1a: Umbreon\n|\n|-heal|p1a: Umbreon|79/100|[from] item: Leftovers\n|upkeep\n|turn|9\n|\n|t:|1776071951\n|switch|p2a: Meowscarada|Meowscarada, L50, M|89/100\n|-damage|p2a: Meowscarada|77/100|[from] Stealth Rock\n|move|p1a: Umbreon|Yawn|p2a: Meowscarada\n|-start|p2a: Meowscarada|move: Yawn|[of] p1a: Umbreon\n|\n|-heal|p1a: Umbreon|85/100|[from] item: Leftovers\n|upkeep\n|turn|10\n|\n|t:|1776071956\n|move|p1a: Umbreon|Protect|p1a: Umbreon\n|-singleturn|p1a: Umbreon|Protect\n|move|p2a: Meowscarada|U-turn|p1a: Umbreon\n|-start|p2a: Meowscarada|typechange|Bug|[from] ability: Protean\n|-activate|p1a: Umbreon|move: Protect\n|\n|-heal|p1a: Umbreon|91/100|[from] item: Leftovers\n|-end|p2a: Meowscarada|move: Yawn|[silent]\n|-status|p2a: Meowscarada|slp\n|upkeep\n|turn|11\n|\n|t:|1776071966\n|switch|p1a: Garchomp|Garchomp, L50, F|100/100\n|cant|p2a: Meowscarada|slp\n|\n|upkeep\n|turn|12\n|\n|t:|1776071971\n|cant|p2a: Meowscarada|slp\n|move|p1a: Garchomp|Earthquake|p2a: Meowscarada\n|-resisted|p2a: Meowscarada|1\n|-damage|p2a: Meowscarada|41/100 slp\n|\n|upkeep\n|turn|13\n|\n|t:|1776071974\n|-curestatus|p2a: Meowscarada|slp|[msg]\n|move|p2a: Meowscarada|U-turn|p1a: Garchomp\n|-damage|p1a: Garchomp|77/100\n|-damage|p2a: Meowscarada|29/100|[from] ability: Rough Skin|[of] p1a: Garchomp\n|\n|t:|1776071976\n|switch|p2a: Glimmora|Glimmora, L50, M|89/100|[from] U-turn\n|-damage|p2a: Glimmora|77/100|[from] Stealth Rock\n|move|p1a: Garchomp|Earthquake|p2a: Glimmora\n|-supereffective|p2a: Glimmora|2\n|-damage|p2a: Glimmora|0 fnt\n|-activate|p2a: Glimmora|ability: Toxic Debris\n|-sidestart|p1: egjp|move: Toxic Spikes\n|faint|p2a: Glimmora\n|\n|upkeep\n|\n|t:|1776071977\n|switch|p2a: Meowscarada|Meowscarada, L50, M|29/100\n|-damage|p2a: Meowscarada|17/100|[from] Stealth Rock\n|turn|14\n|\n|t:|1776071990\n|move|p2a: Meowscarada|Triple Axel|p1a: Garchomp|[miss]\n|-start|p2a: Meowscarada|typechange|Ice|[from] ability: Protean\n|-miss|p2a: Meowscarada|p1a: Garchomp\n|move|p1a: Garchomp|Earthquake|p2a: Meowscarada\n|-damage|p2a: Meowscarada|0 fnt\n|faint|p2a: Meowscarada\n|\n|win|egjp\n|raw|egjp's rating: 1207 &rarr; <strong>1236</strong><br />(+29 for winning)\n|raw|Propolis's rating: 1259 &rarr; <strong>1230</strong><br />(-29 for losing)\n|l|\u2606Propolis\n|player|p2|\n|l|\u2606egjp\n|player|p1|\n",
  "uploadtime": 1776072012,
  "views": 8,
  "formatid": "gen9championsbssregma",
  "rating": 1230,
  "private": 0,
  "password": null
}