{
  "id": "gen9championsbssregma-2584395935",
  "format": "[Gen 9 Champions] BSS Reg M-A",
  "players": [
    "joguri",
    "fletchyfletchy"
  ],
  "log": "|j|\u2606joguri\n|j|\u2606fletchyfletchy\n|t:|1776257773\n|gametype|singles\n|player|p1|joguri|lass-gen4dp|1204\n|player|p2|fletchyfletchy|liko|1142\n|gen|9\n|tier|[Gen 9 Champions] BSS Reg M-A\n|rated|\n|rule|Species Clause: Limit one of each Pok\u00e9mon\n|rule|Item Clause: Limit 1 of each item\n|clearpoke\n|poke|p1|Pelipper, L50, F|\n|poke|p1|Basculegion, L50, M|\n|poke|p1|Archaludon, L50, M|\n|poke|p1|Meganium, L50, F|\n|poke|p1|Garchomp, L50, M|\n|poke|p1|Lucario, L50, F|\n|poke|p2|Lopunny, L50, M|\n|poke|p2|Basculegion, L50, M|\n|poke|p2|Meowscarada, L50, M|\n|poke|p2|Aegislash, L50, F|\n|poke|p2|Charizard, L50, M|\n|poke|p2|Ninetales-Alola, L50, F|\n|teampreview|3\n|inactive|Battle timer is ON: inactive players will automatically lose when time's up. (requested by joguri)\n|\n|t:|1776257819\n|teamsize|p1|3\n|teamsize|p2|3\n|start\n|switch|p1a: Pelipper|Pelipper, L50, F|100/100\n|switch|p2a: Charizard|Charizard, L50, M|100/100\n|-weather|RainDance|[from] ability: Drizzle|[of] p1a: Pelipper\n|turn|1\n|\n|t:|1776257832\n|detailschange|p2a: Charizard|Charizard-Mega-Y, L50, M\n|-mega|p2a: Charizard|Charizard|Charizardite Y\n|-weather|SunnyDay|[from] ability: Drought|[of] p2a: Charizard\n|move|p2a: Charizard|Air Slash|p1a: Pelipper\n|-damage|p1a: Pelipper|18/100\n|cant|p1a: Pelipper|flinch\n|\n|-weather|SunnyDay|[upkeep]\n|upkeep\n|turn|2\n|\n|t:|1776257845\n|switch|p1a: Margikarp|Basculegion, L50, M|100/100\n|move|p2a: Charizard|Solar Beam||[still]\n|-prepare|p2a: Charizard|Solar Beam\n|-anim|p2a: Charizard|Solar Beam|p1a: Margikarp\n|-supereffective|p1a: Margikarp|1\n|-damage|p1a: Margikarp|0 fnt\n|faint|p1a: Margikarp\n|\n|-weather|SunnyDay|[upkeep]\n|upkeep\n|\n|t:|1776257855\n|switch|p1a: Pelipper|Pelipper, L50, F|18/100\n|-weather|RainDance|[from] ability: Drizzle|[of] p1a: Pelipper\n|turn|3\n|\n|t:|1776257862\n|move|p2a: Charizard|Air Slash|p1a: Pelipper\n|-crit|p1a: Pelipper\n|-damage|p1a: Pelipper|0 fnt\n|faint|p1a: Pelipper\n|\n|-weather|RainDance|[upkeep]\n|upkeep\n|\n|t:|1776257867\n|switch|p1a: Briduras|Archaludon, L50, M|100/100\n|turn|4\n|\n|t:|1776257875\n|switch|p2a: Meowscarada|Meowscarada, L50, M|100/100\n|move|p1a: Briduras|Electro Shot||[still]\n|-prepare|p1a: Briduras|Electro Shot\n|-boost|p1a: Briduras|spa|1\n|-anim|p1a: Briduras|Electro Shot|p2a: Meowscarada\n|-resisted|p2a: Meowscarada|1\n|-damage|p2a: Meowscarada|46/100\n|\n|-weather|RainDance|[upkeep]\n|upkeep\n|turn|5\n|\n|t:|1776257884\n|move|p2a: Meowscarada|U-turn|p1a: Briduras\n|-start|p2a: Meowscarada|typechange|Bug|[from] ability: Protean\n|-resisted|p1a: Briduras|1\n|-damage|p1a: Briduras|87/100\n|-ability|p1a: Briduras|Stamina|boost\n|-boost|p1a: Briduras|def|1\n|\n|t:|1776257888\n|switch|p2a: Charizard|Charizard-Mega-Y, L50, M|100/100|[from] U-turn\n|-weather|SunnyDay|[from] ability: Drought|[of] p2a: Charizard\n|move|p1a: Briduras|Electro Shot||[still]\n|-prepare|p1a: Briduras|Electro Shot\n|-boost|p1a: Briduras|spa|1\n|\n|-weather|SunnyDay|[upkeep]\n|upkeep\n|turn|6\n|\n|t:|1776257896\n|switch|p2a: Meowscarada|Meowscarada, L50, M|46/100\n|move|p1a: Briduras|Electro Shot|p2a: Meowscarada|[from] lockedmove\n|-resisted|p2a: Meowscarada|1\n|-damage|p2a: Meowscarada|0 fnt\n|faint|p2a: Meowscarada\n|\n|-weather|SunnyDay|[upkeep]\n|upkeep\n|\n|t:|1776257901\n|switch|p2a: Charizard|Charizard-Mega-Y, L50, M|100/100\n|turn|7\n|\n|t:|1776257911\n|move|p2a: Charizard|Flamethrower|p1a: Briduras\n|-damage|p1a: Briduras|0 fnt\n|faint|p1a: Briduras\n|\n|win|fletchyfletchy\n|raw|joguri's rating: 1204 &rarr; <strong>1175</strong><br />(-29 for losing)\n|raw|fletchyfletchy's rating: 1142 &rarr; <strong>1171</strong><br />(+29 for winning)\n",
  "uploadtime": 1776257911,
  "views": 6,
  "formatid": "gen9championsbssregma",
  "rating": 1171,
  "private": 0,
  "password": null
}