{
  "id": "gen9championsbssregma-2583940077",
  "format": "[Gen 9 Champions] BSS Reg M-A",
  "players": [
    "mega meganium cute",
    "Obstruction"
  ],
  "log": "|j|\u2606mega meganium cute\n|j|\u2606Obstruction\n|t:|1776210142\n|gametype|singles\n|player|p1|mega meganium cute|may-contest|1091\n|player|p2|Obstruction|ghetsis-gen5bw|1037\n|gen|9\n|tier|[Gen 9 Champions] BSS Reg M-A\n|rated|\n|rule|Species Clause: Limit one of each Pok\u00e9mon\n|rule|Item Clause: Limit 1 of each item\n|clearpoke\n|poke|p1|Sableye, L50, F|\n|poke|p1|Azumarill, L50, F|\n|poke|p1|Goodra-Hisui, L50, F|\n|poke|p1|Skarmory, L50, F|\n|poke|p1|Hippowdon, L50, F|\n|poke|p1|Toxapex, L50, F|\n|poke|p2|Medicham, L50, M|\n|poke|p2|Hatterene, L50, F|\n|poke|p2|Archaludon, L50, M|\n|poke|p2|Lopunny, L50, M|\n|poke|p2|Tyranitar, L50, M|\n|poke|p2|Garchomp, L50, F|\n|teampreview|3\n|inactive|Battle timer is ON: inactive players will automatically lose when time's up. (requested by mega meganium cute)\n|inactive|mega meganium cute has 60 seconds left.\n|inactive|Obstruction has 60 seconds left.\n|\n|t:|1776210190\n|teamsize|p1|3\n|teamsize|p2|3\n|start\n|switch|p1a: Sableye|Sableye, L50, F|100/100\n|switch|p2a: Garchomp|Garchomp, L50, F|100/100\n|turn|1\n|\n|t:|1776210207\n|switch|p2a: Archaludon|Archaludon, L50, M|100/100\n|detailschange|p1a: Sableye|Sableye-Mega, L50, F\n|-mega|p1a: Sableye|Sableye|Sablenite\n|move|p1a: Sableye|Will-O-Wisp|p2a: Archaludon|[miss]\n|-miss|p1a: Sableye|p2a: Archaludon\n|\n|upkeep\n|turn|2\n|\n|t:|1776210219\n|move|p2a: Archaludon|Flash Cannon|p1a: Sableye\n|-damage|p1a: Sableye|58/100\n|-unboost|p1a: Sableye|spd|1\n|move|p1a: Sableye|Will-O-Wisp|p2a: Archaludon\n|-status|p2a: Archaludon|brn\n|\n|-damage|p2a: Archaludon|94/100 brn|[from] brn\n|upkeep\n|turn|3\n|inactive|Obstruction has 30 seconds left.\n|\n|t:|1776210245\n|switch|p1a: Hippowdon|Hippowdon, L50, F|100/100\n|-weather|Sandstorm|[from] ability: Sand Stream|[of] p1a: Hippowdon\n|move|p2a: Archaludon|Aura Sphere|p1a: Hippowdon\n|-damage|p1a: Hippowdon|70/100\n|\n|-weather|Sandstorm|[upkeep]\n|-heal|p2a: Archaludon|100/100 brn|[from] item: Leftovers\n|-damage|p2a: Archaludon|94/100 brn|[from] brn\n|upkeep\n|turn|4\n|\n|t:|1776210257\n|switch|p2a: Garchomp|Garchomp, L50, F|100/100\n|move|p1a: Hippowdon|Slack Off|p1a: Hippowdon\n|-heal|p1a: Hippowdon|100/100\n|\n|-weather|Sandstorm|[upkeep]\n|upkeep\n|turn|5\n|\n|t:|1776210265\n|move|p2a: Garchomp|Stealth Rock|p1a: Hippowdon\n|-sidestart|p1: mega meganium cute|move: Stealth Rock\n|move|p1a: Hippowdon|Stealth Rock|p2a: Garchomp\n|-sidestart|p2: Obstruction|move: Stealth Rock\n|\n|-weather|Sandstorm|[upkeep]\n|upkeep\n|turn|6\n|\n|t:|1776210273\n|move|p2a: Garchomp|Earthquake|p1a: Hippowdon\n|-damage|p1a: Hippowdon|67/100\n|move|p1a: Hippowdon|Whirlwind|p2a: Garchomp\n|drag|p2a: Medicham|Medicham, L50, M|100/100\n|-damage|p2a: Medicham|95/100|[from] Stealth Rock\n|\n|-weather|Sandstorm|[upkeep]\n|-damage|p2a: Medicham|89/100|[from] Sandstorm\n|upkeep\n|turn|7\n|\n|t:|1776210283\n|detailschange|p2a: Medicham|Medicham-Mega, L50, M\n|-mega|p2a: Medicham|Medicham|Medichamite\n|move|p2a: Medicham|Ice Punch|p1a: Hippowdon\n|-supereffective|p1a: Hippowdon|1\n|-damage|p1a: Hippowdon|16/100\n|-status|p1a: Hippowdon|frz\n|cant|p1a: Hippowdon|frz\n|\n|-weather|none\n|upkeep\n|turn|8\n|\n|t:|1776210296\n|move|p2a: Medicham|Zen Headbutt|p1a: Hippowdon\n|-damage|p1a: Hippowdon|0 fnt\n|faint|p1a: Hippowdon\n|\n|upkeep\n|\n|t:|1776210299\n|switch|p1a: Sableye|Sableye-Mega, L50, F|58/100\n|-damage|p1a: Sableye|46/100|[from] Stealth Rock\n|turn|9\n|\n|t:|1776210309\n|switch|p2a: Archaludon|Archaludon, L50, M|94/100 brn\n|-damage|p2a: Archaludon|88/100 brn|[from] Stealth Rock\n|move|p1a: Sableye|Recover|p1a: Sableye\n|-heal|p1a: Sableye|96/100\n|\n|-heal|p2a: Archaludon|94/100 brn|[from] item: Leftovers\n|-damage|p2a: Archaludon|88/100 brn|[from] brn\n|upkeep\n|turn|10\n|\n|t:|1776210317\n|switch|p1a: Azumarill|Azumarill, L50, F|100/100\n|-damage|p1a: Azumarill|88/100|[from] Stealth Rock\n|move|p2a: Archaludon|Flash Cannon|p1a: Azumarill\n|-damage|p1a: Azumarill|44/100\n|-unboost|p1a: Azumarill|spd|1\n|\n|-heal|p2a: Archaludon|94/100 brn|[from] item: Leftovers\n|-heal|p1a: Azumarill|50/100|[from] item: Leftovers\n|-damage|p2a: Archaludon|88/100 brn|[from] brn\n|upkeep\n|turn|11\n|\n|t:|1776210328\n|move|p1a: Azumarill|Protect|p1a: Azumarill\n|-singleturn|p1a: Azumarill|Protect\n|move|p2a: Archaludon|Flash Cannon|p1a: Azumarill\n|-activate|p1a: Azumarill|move: Protect\n|\n|-heal|p2a: Archaludon|94/100 brn|[from] item: Leftovers\n|-heal|p1a: Azumarill|56/100|[from] item: Leftovers\n|-damage|p2a: Archaludon|88/100 brn|[from] brn\n|upkeep\n|turn|12\n|inactive|mega meganium cute has 30 seconds left.\n|c|\u2606mega meganium cute|0 skill\n|inactive|mega meganium cute has 20 seconds left.\n|c|\u2606Obstruction|did you think you were playing doubles?\n|inactive|mega meganium cute has 15 seconds left.\n|c|\u2606Obstruction|???\n|inactive|mega meganium cute has 10 seconds left.\n|inactive|mega meganium cute has 5 seconds left.\n|\n|t:|1776210383\n|move|p2a: Archaludon|Thunderbolt|p1a: Azumarill\n|-supereffective|p1a: Azumarill|1\n|-damage|p1a: Azumarill|0 fnt\n|faint|p1a: Azumarill\n|\n|-heal|p2a: Archaludon|94/100 brn|[from] item: Leftovers\n|-damage|p2a: Archaludon|88/100 brn|[from] brn\n|upkeep\n|c|\u2606mega meganium cute|play alone\n|l|\u2606mega meganium cute\n|inactive|mega meganium cute disconnected and has a minute to reconnect!\n|player|p1|\n|inactive|mega meganium cute has 30 seconds left.\n|inactive|mega meganium cute has 20 seconds left.\n|inactive|mega meganium cute has 15 seconds left.\n|inactive|mega meganium cute has 10 seconds left.\n|inactive|mega meganium cute has 5 seconds left.\n|-message|mega meganium cute lost due to inactivity.\n|\n|win|Obstruction\n|raw|mega meganium cute's rating: 1091 &rarr; <strong>1064</strong><br />(-27 for losing)\n|raw|Obstruction's rating: 1037 &rarr; <strong>1077</strong><br />(+40 for winning)\n|l|\u2606Obstruction\n|player|p2|\n|j|\u2606mega meganium cute\n|player|p1|mega meganium cute|may-contest|\n|c|\u2606mega meganium cute|/log mega meganium cute made this room public.\n",
  "uploadtime": 1776210714,
  "views": 10,
  "formatid": "gen9championsbssregma",
  "rating": 1064,
  "private": 0,
  "password": null
}