{
  "id": "gen9championsbssregma-2585340172",
  "format": "[Gen 9 Champions] BSS Reg M-A",
  "players": [
    "fletchyfletchy",
    "darkcapo666"
  ],
  "log": "|j|\u2606fletchyfletchy\n|j|\u2606darkcapo666\n|t:|1776339402\n|gametype|singles\n|player|p1|fletchyfletchy|liko|1062\n|player|p2|darkcapo666|102|1067\n|gen|9\n|tier|[Gen 9 Champions] BSS Reg M-A\n|rated|\n|rule|Species Clause: Limit one of each Pok\u00e9mon\n|rule|Item Clause: Limit 1 of each item\n|clearpoke\n|poke|p1|Lopunny, L50, M|\n|poke|p1|Basculegion, L50, M|\n|poke|p1|Meowscarada, L50, F|\n|poke|p1|Aegislash, L50, F|\n|poke|p1|Ninetales-Alola, L50, M|\n|poke|p1|Rotom-Wash, L50|\n|poke|p2|Slowking-Galar, L50, F|\n|poke|p2|Pinsir, L50, M|\n|poke|p2|Garchomp, L50, F|\n|poke|p2|Rotom-Wash, L50|\n|poke|p2|Hydreigon, L50, M|\n|poke|p2|Quaquaval, L50, F|\n|teampreview|3\n|\n|t:|1776339436\n|teamsize|p1|3\n|teamsize|p2|3\n|start\n|switch|p1a: Lopunny|Lopunny, L50, M|100/100\n|switch|p2a: Slowking|Slowking-Galar, L50, F|100/100\n|turn|1\n|\n|t:|1776339443\n|detailschange|p1a: Lopunny|Lopunny-Mega, L50, M\n|-mega|p1a: Lopunny|Lopunny|Lopunnite\n|move|p1a: Lopunny|Fake Out|p2a: Slowking\n|-damage|p2a: Slowking|78/100\n|cant|p2a: Slowking|flinch\n|\n|-heal|p2a: Slowking|84/100|[from] item: Leftovers\n|upkeep\n|turn|2\n|\n|t:|1776339453\n|move|p1a: Lopunny|U-turn|p2a: Slowking\n|-damage|p2a: Slowking|58/100\n|\n|t:|1776339456\n|switch|p1a: Rotom|Rotom-Wash, L50|100/100|[from] U-turn\n|move|p2a: Slowking|Future Sight|p1a: Rotom\n|-start|p2a: Slowking|move: Future Sight\n|\n|-heal|p2a: Slowking|64/100|[from] item: Leftovers\n|upkeep\n|turn|3\n|\n|t:|1776339466\n|switch|p2a: Hydreigon|Hydreigon, L50, M|100/100\n|move|p1a: Rotom|Hydro Pump|p2a: Hydreigon\n|-resisted|p2a: Hydreigon|1\n|-damage|p2a: Hydreigon|77/100\n|\n|upkeep\n|turn|4\n|\n|t:|1776339477\n|move|p2a: Hydreigon|Dark Pulse|p1a: Rotom\n|-damage|p1a: Rotom|56/100\n|move|p1a: Rotom|Volt Switch|p2a: Hydreigon\n|-resisted|p2a: Hydreigon|1\n|-damage|p2a: Hydreigon|62/100\n|\n|t:|1776339494\n|switch|p1a: Meowscarada|Meowscarada, L50, F|100/100|[from] Volt Switch\n|\n|-end|p1a: Meowscarada|move: Future Sight\n|-immune|p1a: Meowscarada\n|upkeep\n|turn|5\n|\n|t:|1776339502\n|switch|p2a: Slowking|Slowking-Galar, L50, F|97/100\n|move|p1a: Meowscarada|U-turn|p2a: Slowking\n|-start|p1a: Meowscarada|typechange|Bug|[from] ability: Protean\n|-damage|p2a: Slowking|61/100\n|\n|t:|1776339513\n|switch|p1a: Rotom|Rotom-Wash, L50|56/100|[from] U-turn\n|\n|-heal|p2a: Slowking|67/100|[from] item: Leftovers\n|upkeep\n|turn|6\n|\n|t:|1776339531\n|move|p1a: Rotom|Hydro Pump|p2a: Slowking\n|-damage|p2a: Slowking|31/100\n|move|p2a: Slowking|Sludge Bomb|p1a: Rotom\n|-damage|p1a: Rotom|4/100\n|-status|p1a: Rotom|psn\n|\n|-heal|p2a: Slowking|37/100|[from] item: Leftovers\n|-damage|p1a: Rotom|0 fnt|[from] psn\n|faint|p1a: Rotom\n|upkeep\n|\n|t:|1776339543\n|switch|p1a: Lopunny|Lopunny-Mega, L50, M|100/100\n|turn|7\n|\n|t:|1776339548\n|switch|p2a: Hydreigon|Hydreigon, L50, M|62/100\n|move|p1a: Lopunny|Fake Out|p2a: Hydreigon\n|-damage|p2a: Hydreigon|35/100\n|\n|upkeep\n|turn|8\n|\n|t:|1776339555\n|move|p2a: Hydreigon|Draco Meteor|p1a: Lopunny|[miss]\n|-miss|p2a: Hydreigon|p1a: Lopunny\n|move|p1a: Lopunny|U-turn|p2a: Hydreigon\n|-supereffective|p2a: Hydreigon|1\n|-damage|p2a: Hydreigon|0 fnt\n|faint|p2a: Hydreigon\n|\n|t:|1776339562\n|switch|p1a: Meowscarada|Meowscarada, L50, F|100/100|[from] U-turn\n|\n|upkeep\n|\n|t:|1776339566\n|switch|p2a: Pinsir|Pinsir, L50, M|100/100\n|turn|9\n|\n|t:|1776339580\n|move|p1a: Meowscarada|U-turn|p2a: Pinsir\n|-start|p1a: Meowscarada|typechange|Bug|[from] ability: Protean\n|-damage|p2a: Pinsir|60/100\n|\n|t:|1776339584\n|switch|p1a: Lopunny|Lopunny-Mega, L50, M|100/100|[from] U-turn\n|move|p2a: Pinsir|Swords Dance|p2a: Pinsir\n|-boost|p2a: Pinsir|atk|2\n|\n|upkeep\n|turn|10\n|\n|t:|1776339592\n|detailschange|p2a: Pinsir|Pinsir-Mega, L50, M\n|-mega|p2a: Pinsir|Pinsir|Pinsirite\n|move|p1a: Lopunny|Fake Out|p2a: Pinsir\n|-damage|p2a: Pinsir|36/100\n|cant|p2a: Pinsir|flinch\n|\n|upkeep\n|turn|11\n|\n|t:|1776339600\n|move|p2a: Pinsir|Quick Attack|p1a: Lopunny\n|-supereffective|p1a: Lopunny|1\n|-damage|p1a: Lopunny|0 fnt\n|faint|p1a: Lopunny\n|\n|upkeep\n|\n|t:|1776339603\n|switch|p1a: Meowscarada|Meowscarada, L50, F|100/100\n|turn|12\n|\n|t:|1776339607\n|move|p2a: Pinsir|Quick Attack|p1a: Meowscarada\n|-supereffective|p1a: Meowscarada|1\n|-enditem|p1a: Meowscarada|Focus Sash\n|-damage|p1a: Meowscarada|1/100\n|move|p1a: Meowscarada|Knock Off|p2a: Pinsir\n|-start|p1a: Meowscarada|typechange|Dark|[from] ability: Protean\n|-damage|p2a: Pinsir|0 fnt\n|faint|p2a: Pinsir\n|\n|upkeep\n|\n|t:|1776339618\n|switch|p2a: Slowking|Slowking-Galar, L50, F|70/100\n|turn|13\n|inactive|Battle timer is ON: inactive players will automatically lose when time's up. (requested by fletchyfletchy)\n|\n|t:|1776339622\n|move|p1a: Meowscarada|Knock Off|p2a: Slowking\n|-supereffective|p2a: Slowking|1\n|-damage|p2a: Slowking|0 fnt\n|-enditem|p2a: Slowking|Leftovers|[from] move: Knock Off|[of] p1a: Meowscarada\n|faint|p2a: Slowking\n|\n|win|fletchyfletchy\n|raw|fletchyfletchy's rating: 1062 &rarr; <strong>1093</strong><br />(+31 for winning)\n|raw|darkcapo666's rating: 1067 &rarr; <strong>1047</strong><br />(-20 for losing)\n",
  "uploadtime": 1776339622,
  "views": 4,
  "formatid": "gen9championsbssregma",
  "rating": 1047,
  "private": 0,
  "password": null
}