{
  "id": "gen9championsbssregma-2588009512",
  "format": "[Gen 9 Champions] BSS Reg M-A",
  "players": [
    "atl31",
    "388737dgtgt"
  ],
  "log": "|j|\u2606atl31\n|j|\u2606388737dgtgt\n|t:|1776592369\n|gametype|singles\n|player|p1|atl31|dawn|1323\n|player|p2|388737dgtgt|101|1350\n|gen|9\n|tier|[Gen 9 Champions] BSS Reg M-A\n|rated|\n|rule|Species Clause: Limit one of each Pok\u00e9mon\n|rule|Item Clause: Limit 1 of each item\n|clearpoke\n|poke|p1|Garchomp, L50, F|\n|poke|p1|Corviknight, L50, M|\n|poke|p1|Primarina, L50, M|\n|poke|p1|Delphox, L50, M|\n|poke|p1|Meowscarada, L50, F|\n|poke|p1|Scizor, L50, F|\n|poke|p2|Kleavor, L50, F|\n|poke|p2|Rotom-Wash, L50|\n|poke|p2|Ariados, L50, M|\n|poke|p2|Heracross, L50, F|\n|poke|p2|Abomasnow, L50, F|\n|poke|p2|Kangaskhan, L50, F|\n|teampreview|3\n|inactive|Battle timer is ON: inactive players will automatically lose when time's up. (requested by atl31)\n|\n|t:|1776592398\n|teamsize|p1|3\n|teamsize|p2|3\n|start\n|switch|p1a: Scizor|Scizor, L50, F|100/100\n|switch|p2a: Kleavor|Kleavor, L50, F|100/100\n|turn|1\n|\n|t:|1776592402\n|switch|p2a: Rotom|Rotom-Wash, L50|100/100\n|detailschange|p1a: Scizor|Scizor-Mega, L50, F\n|-mega|p1a: Scizor|Scizor|Scizorite\n|move|p1a: Scizor|Swords Dance|p1a: Scizor\n|-boost|p1a: Scizor|atk|2\n|\n|upkeep\n|turn|2\n|\n|t:|1776592411\n|move|p1a: Scizor|Bullet Punch|p2a: Rotom\n|-resisted|p2a: Rotom|2\n|-damage|p2a: Rotom|86/100\n|move|p2a: Rotom|Will-O-Wisp|p1a: Scizor\n|-status|p1a: Scizor|brn\n|\n|-damage|p1a: Scizor|94/100 brn|[from] brn\n|upkeep\n|turn|3\n|\n|t:|1776592417\n|move|p2a: Rotom|Hydro Pump|p1a: Scizor|[miss]\n|-miss|p2a: Rotom|p1a: Scizor\n|move|p1a: Scizor|U-turn|p2a: Rotom\n|-damage|p2a: Rotom|52/100\n|\n|t:|1776592421\n|switch|p1a: Primarina|Primarina, L50, M|100/100|[from] U-turn\n|\n|upkeep\n|turn|4\n|\n|t:|1776592436\n|move|p2a: Rotom|Volt Switch|p1a: Primarina\n|-supereffective|p1a: Primarina|1\n|-damage|p1a: Primarina|56/100\n|\n|t:|1776592438\n|switch|p2a: Kleavor|Kleavor, L50, F|100/100|[from] Volt Switch\n|move|p1a: Primarina|Moonblast|p2a: Kleavor\n|-crit|p2a: Kleavor\n|-damage|p2a: Kleavor|0 fnt\n|faint|p2a: Kleavor\n|\n|upkeep\n|\n|t:|1776592445\n|switch|p2a: Kangaskhan|Kangaskhan, L50, F|100/100\n|turn|5\n|\n|t:|1776592451\n|detailschange|p2a: Kangaskhan|Kangaskhan-Mega, L50, F\n|-mega|p2a: Kangaskhan|Kangaskhan|Kangaskhanite\n|move|p2a: Kangaskhan|Fake Out|p1a: Primarina\n|-damage|p1a: Primarina|26/100\n|-enditem|p1a: Primarina|Sitrus Berry|[eat]\n|-heal|p1a: Primarina|51/100|[from] item: Sitrus Berry\n|-damage|p1a: Primarina|44/100\n|-hitcount|p1a: Primarina|2\n|cant|p1a: Primarina|flinch\n|\n|upkeep\n|turn|6\n|\n|t:|1776592458\n|move|p2a: Kangaskhan|Rock Slide|p1a: Primarina\n|-damage|p1a: Primarina|10/100\n|-damage|p1a: Primarina|2/100\n|-hitcount|p1a: Primarina|2\n|move|p1a: Primarina|Encore|p2a: Kangaskhan\n|-start|p2a: Kangaskhan|Encore\n|\n|upkeep\n|turn|7\n|\n|t:|1776592464\n|move|p2a: Kangaskhan|Rock Slide|p1a: Primarina\n|-damage|p1a: Primarina|0 fnt\n|faint|p1a: Primarina\n|-hitcount|p1: Primarina|1\n|\n|upkeep\n|\n|t:|1776592466\n|switch|p1a: Garchomp|Garchomp, L50, F|100/100\n|turn|8\n|\n|t:|1776592469\n|switch|p2a: Rotom|Rotom-Wash, L50|52/100\n|move|p1a: Garchomp|Outrage|p2a: Rotom\n|-damage|p2a: Rotom|0 fnt\n|faint|p2a: Rotom\n|\n|upkeep\n|\n|t:|1776592471\n|switch|p2a: Kangaskhan|Kangaskhan-Mega, L50, F|100/100\n|turn|9\n|\n|t:|1776592473\n|move|p1a: Garchomp|Outrage|p2a: Kangaskhan|[from] lockedmove\n|-damage|p2a: Kangaskhan|50/100\n|move|p2a: Kangaskhan|Earthquake|p1a: Garchomp\n|-damage|p1a: Garchomp|64/100\n|-damage|p1a: Garchomp|54/100\n|-hitcount|p1a: Garchomp|2\n|\n|upkeep\n|turn|10\n|j| p74\n|\n|t:|1776592478\n|move|p2a: Kangaskhan|Sucker Punch|p1a: Garchomp\n|-damage|p1a: Garchomp|25/100\n|-damage|p2a: Kangaskhan|37/100|[from] ability: Rough Skin|[of] p1a: Garchomp\n|-damage|p1a: Garchomp|19/100\n|-damage|p2a: Kangaskhan|25/100|[from] ability: Rough Skin|[of] p1a: Garchomp\n|-hitcount|p1a: Garchomp|2\n|move|p1a: Garchomp|Outrage|p2a: Kangaskhan|[from] lockedmove\n|-damage|p2a: Kangaskhan|0 fnt\n|faint|p2a: Kangaskhan\n|-start|p1a: Garchomp|confusion|[fatigue]\n|\n|win|atl31\n|raw|atl31's rating: 1323 &rarr; <strong>1345</strong><br />(+22 for winning)\n|raw|388737dgtgt's rating: 1350 &rarr; <strong>1328</strong><br />(-22 for losing)\n|l|\u2606atl31\n|player|p1|\n|l|\u2606388737dgtgt\n|player|p2|\n",
  "uploadtime": 1776593351,
  "views": 4,
  "formatid": "gen9championsbssregma",
  "rating": 1328,
  "private": 0,
  "password": null
}