{
  "id": "gen9championsbssregma-2583117489",
  "format": "[Gen 9 Champions] BSS Reg M-A",
  "players": [
    "Take609",
    "mathismathin"
  ],
  "log": "|j|\u2606Take609\n|j|\u2606mathismathin\n|t:|1776144057\n|gametype|singles\n|player|p1|Take609|102|1247\n|player|p2|mathismathin|bugsy-masters|1347\n|gen|9\n|tier|[Gen 9 Champions] BSS Reg M-A\n|rated|\n|rule|Species Clause: Limit one of each Pok\u00e9mon\n|rule|Item Clause: Limit 1 of each item\n|clearpoke\n|poke|p1|Charizard, L50, M|\n|poke|p1|Vaporeon, L50, F|\n|poke|p1|Whimsicott, L50, F|\n|poke|p1|Garchomp, L50, M|\n|poke|p1|Samurott-Hisui, L50, M|\n|poke|p1|Gengar, L50, F|\n|poke|p2|Aegislash, L50, M|\n|poke|p2|Meganium, L50, F|\n|poke|p2|Sneasler, L50, M|\n|poke|p2|Dragapult, L50, M|\n|poke|p2|Lycanroc-Dusk, L50, F|\n|poke|p2|Tyranitar, L50, M|\n|teampreview|3\n|inactive|Battle timer is ON: inactive players will automatically lose when time's up. (requested by Take609)\n|inactive|Take609 has 60 seconds left.\n|\n|t:|1776144089\n|teamsize|p1|3\n|teamsize|p2|3\n|start\n|switch|p1a: Vaporeon|Vaporeon, L50, F|100/100\n|switch|p2a: Sneasler|Sneasler, L50, M|100/100\n|turn|1\n|\n|t:|1776144098\n|move|p1a: Vaporeon|Protect|p1a: Vaporeon\n|-singleturn|p1a: Vaporeon|Protect\n|move|p2a: Sneasler|Dire Claw|p1a: Vaporeon\n|-activate|p1a: Vaporeon|move: Protect\n|\n|upkeep\n|turn|2\n|\n|t:|1776144106\n|switch|p1a: Gengar|Gengar, L50, F|100/100\n|move|p2a: Sneasler|Dire Claw|p1a: Gengar\n|-resisted|p1a: Gengar|2\n|-damage|p1a: Gengar|84/100\n|\n|upkeep\n|turn|3\n|inactive|mathismathin has 30 seconds left.\n|\n|t:|1776144135\n|switch|p2a: Aegislash|Aegislash, L50, M|100/100\n|detailschange|p1a: Gengar|Gengar-Mega, L50, F\n|-mega|p1a: Gengar|Gengar|Gengarite\n|move|p1a: Gengar|Will-O-Wisp|p2a: Aegislash\n|-status|p2a: Aegislash|brn\n|\n|-damage|p2a: Aegislash|94/100 brn|[from] brn\n|upkeep\n|turn|4\n|\n|t:|1776144147\n|switch|p1a: Vaporeon|Vaporeon, L50, F|100/100\n|move|p2a: Aegislash|Swords Dance|p2a: Aegislash\n|-boost|p2a: Aegislash|atk|2\n|\n|-damage|p2a: Aegislash|88/100 brn|[from] brn\n|upkeep\n|turn|5\n|\n|t:|1776144158\n|-formechange|p2a: Aegislash|Aegislash-Blade|\n|move|p2a: Aegislash|Poltergeist|p1a: Vaporeon\n|-activate|p1a: Vaporeon|move: Poltergeist|Lum Berry\n|-damage|p1a: Vaporeon|46/100\n|move|p1a: Vaporeon|Flip Turn|p2a: Aegislash\n|-damage|p2a: Aegislash|61/100 brn\n|\n|t:|1776144167\n|switch|p1a: Samurott|Samurott-Hisui, L50, M, shiny|100/100|[from] Flip Turn\n|\n|-damage|p2a: Aegislash|55/100 brn|[from] brn\n|upkeep\n|turn|6\n|\n|t:|1776144173\n|switch|p2a: Sneasler|Sneasler, L50, M|100/100\n|move|p1a: Samurott|Ceaseless Edge|p2a: Sneasler|[miss]\n|-miss|p1a: Samurott|p2a: Sneasler\n|\n|upkeep\n|turn|7\n|\n|t:|1776144181\n|switch|p1a: Gengar|Gengar-Mega, L50, F|84/100\n|move|p2a: Sneasler|U-turn|p1a: Gengar\n|-resisted|p1a: Gengar|2\n|-damage|p1a: Gengar|77/100\n|\n|t:|1776144183\n|switch|p2a: Dragapult|Dragapult, L50, M|100/100|[from] U-turn\n|\n|upkeep\n|turn|8\n|\n|t:|1776144190\n|switch|p1a: Vaporeon|Vaporeon, L50, F|46/100\n|move|p2a: Dragapult|Thunder Wave|p1a: Vaporeon\n|-status|p1a: Vaporeon|par\n|-enditem|p1a: Vaporeon|Lum Berry|[eat]\n|-curestatus|p1a: Vaporeon|par|[msg]\n|\n|upkeep\n|turn|9\n|j| p74\n|\n|t:|1776144199\n|move|p2a: Dragapult|Thunder Wave|p1a: Vaporeon\n|-status|p1a: Vaporeon|par\n|move|p1a: Vaporeon|Wish|p1a: Vaporeon\n|\n|upkeep\n|turn|10\n|\n|t:|1776144206\n|move|p2a: Dragapult|Hex|p1a: Vaporeon\n|-damage|p1a: Vaporeon|2/100 par\n|move|p1a: Vaporeon|Scald|p2a: Dragapult\n|-resisted|p2a: Dragapult|1\n|-damage|p2a: Dragapult|78/100\n|\n|-heal|p1a: Vaporeon|52/100 par|[from] move: Wish|[wisher] Vaporeon\n|upkeep\n|turn|11\n|l| p74\n|\n|t:|1776144216\n|switch|p1a: Samurott|Samurott-Hisui, L50, M, shiny|100/100\n|move|p2a: Dragapult|Hex|p1a: Samurott\n|-resisted|p1a: Samurott|1\n|-damage|p1a: Samurott|79/100\n|\n|upkeep\n|turn|12\n|\n|t:|1776144231\n|move|p2a: Dragapult|Draco Meteor|p1a: Samurott\n|-damage|p1a: Samurott|0 fnt\n|-unboost|p2a: Dragapult|spa|2\n|faint|p1a: Samurott\n|\n|upkeep\n|\n|t:|1776144239\n|switch|p1a: Vaporeon|Vaporeon, L50, F|52/100 par\n|turn|13\n|\n|t:|1776144248\n|switch|p2a: Sneasler|Sneasler, L50, M|100/100\n|move|p1a: Vaporeon|Wish|p1a: Vaporeon\n|\n|upkeep\n|turn|14\n|\n|t:|1776144253\n|move|p1a: Vaporeon|Protect|p1a: Vaporeon\n|-singleturn|p1a: Vaporeon|Protect\n|move|p2a: Sneasler|U-turn|p1a: Vaporeon\n|-activate|p1a: Vaporeon|move: Protect\n|\n|-heal|p1a: Vaporeon|100/100 par|[from] move: Wish|[wisher] Vaporeon\n|upkeep\n|turn|15\n|\n|t:|1776144262\n|move|p2a: Sneasler|U-turn|p1a: Vaporeon\n|-crit|p1a: Vaporeon\n|-damage|p1a: Vaporeon|68/100 par\n|\n|t:|1776144265\n|switch|p2a: Aegislash|Aegislash, L50, M|55/100 brn|[from] U-turn\n|move|p1a: Vaporeon|Flip Turn|p2a: Aegislash\n|-damage|p2a: Aegislash|43/100 brn\n|\n|t:|1776144271\n|switch|p1a: Gengar|Gengar-Mega, L50, F|77/100|[from] Flip Turn\n|\n|-damage|p2a: Aegislash|37/100 brn|[from] brn\n|upkeep\n|turn|16\n|\n|t:|1776144295\n|-formechange|p2a: Aegislash|Aegislash-Blade|\n|move|p2a: Aegislash|Shadow Sneak|p1a: Gengar\n|-supereffective|p1a: Gengar|1\n|-damage|p1a: Gengar|42/100\n|move|p1a: Gengar|Substitute|p1a: Gengar\n|-start|p1a: Gengar|Substitute\n|-damage|p1a: Gengar|17/100\n|\n|-damage|p2a: Aegislash|31/100 brn|[from] brn\n|upkeep\n|turn|17\n|\n|t:|1776144305\n|move|p2a: Aegislash|Shadow Sneak|p1a: Gengar\n|-supereffective|p1a: Gengar|1\n|-end|p1a: Gengar|Substitute\n|move|p1a: Gengar|Pain Split|p2a: Aegislash\n|-sethp|p2a: Aegislash|24/100 brn|[from] move: Pain Split|[silent]\n|-sethp|p1a: Gengar|24/100|[from] move: Pain Split\n|\n|-damage|p2a: Aegislash|18/100 brn|[from] brn\n|upkeep\n|turn|18\n|-message|Take609 forfeited.\n|\n|win|mathismathin\n|raw|Take609's rating: 1247 &rarr; <strong>1229</strong><br />(-18 for losing)\n|raw|mathismathin's rating: 1347 &rarr; <strong>1361</strong><br />(+14 for winning)\n|l|\u2606Take609\n|player|p1|\n",
  "uploadtime": 1776144315,
  "views": 3,
  "formatid": "gen9championsbssregma",
  "rating": 1229,
  "private": 0,
  "password": null
}