{
  "id": "gen9championsbssregma-2584074762",
  "format": "[Gen 9 Champions] BSS Reg M-A",
  "players": [
    "388737dgtgt",
    "thing maker"
  ],
  "log": "|j|\u2606388737dgtgt\n|j|\u2606thing maker\n|t:|1776222562\n|gametype|singles\n|player|p1|388737dgtgt|170|1293\n|player|p2|thing maker|2|1200\n|gen|9\n|tier|[Gen 9 Champions] BSS Reg M-A\n|rated|\n|rule|Species Clause: Limit one of each Pok\u00e9mon\n|rule|Item Clause: Limit 1 of each item\n|clearpoke\n|poke|p1|Ninetales-Alola, L50, F|\n|poke|p1|Tyranitar, L50, M|\n|poke|p1|Scizor, L50, F|\n|poke|p1|Starmie, L50|\n|poke|p1|Lucario, L50, F|\n|poke|p1|Conkeldurr, L50, F|\n|poke|p2|Orthworm, L50, F|\n|poke|p2|Gyarados, L50, M|\n|poke|p2|Whimsicott, L50, M|\n|poke|p2|Kleavor, L50, M|\n|poke|p2|Dragonite, L50, F|\n|poke|p2|Sneasler, L50, F|\n|teampreview|3\n|inactive|Battle timer is ON: inactive players will automatically lose when time's up. (requested by 388737dgtgt)\n|inactive|388737dgtgt has 60 seconds left.\n|\n|t:|1776222598\n|teamsize|p1|3\n|teamsize|p2|3\n|start\n|switch|p1a: Lucario|Lucario, L50, F|100/100\n|switch|p2a: Whimsicott|Whimsicott, L50, M|100/100\n|turn|1\n|\n|t:|1776222602\n|move|p2a: Whimsicott|Memento|p1a: Lucario\n|-unboost|p1a: Lucario|atk|2\n|-unboost|p1a: Lucario|spa|2\n|faint|p2a: Whimsicott\n|move|p1a: Lucario|Meteor Mash|p2: Whimsicott|[notarget]\n|-fail|p1a: Lucario\n|\n|upkeep\n|\n|t:|1776222606\n|switch|p2a: Gyarados|Gyarados, L50, M|100/100\n|-ability|p2a: Gyarados|Intimidate|boost\n|-fail|p1a: Lucario|unboost|Attack|[from] ability: Inner Focus|[of] p1a: Lucario\n|turn|2\n|\n|t:|1776222613\n|switch|p1a: Ninetales|Ninetales-Alola, L50, F|100/100\n|-weather|Snowscape|[from] ability: Snow Warning|[of] p1a: Ninetales\n|move|p2a: Gyarados|Dragon Dance|p2a: Gyarados\n|-boost|p2a: Gyarados|atk|1\n|-boost|p2a: Gyarados|spe|1\n|\n|-weather|Snowscape|[upkeep]\n|upkeep\n|turn|3\n|\n|t:|1776222627\n|detailschange|p2a: Gyarados|Gyarados-Mega, L50, M\n|-mega|p2a: Gyarados|Gyarados|Gyaradosite\n|-ability|p2a: Gyarados|Mold Breaker\n|move|p2a: Gyarados|Waterfall|p1a: Ninetales\n|-damage|p1a: Ninetales|40/100\n|move|p1a: Ninetales|Aurora Veil|p1a: Ninetales\n|-sidestart|p1: 388737dgtgt|move: Aurora Veil\n|\n|-weather|Snowscape|[upkeep]\n|-heal|p1a: Ninetales|47/100|[from] item: Leftovers\n|upkeep\n|turn|4\n|\n|t:|1776222638\n|move|p2a: Gyarados|Dragon Dance|p2a: Gyarados\n|-boost|p2a: Gyarados|atk|1\n|-boost|p2a: Gyarados|spe|1\n|move|p1a: Ninetales|Encore|p2a: Gyarados\n|-start|p2a: Gyarados|Encore\n|\n|-weather|Snowscape|[upkeep]\n|-heal|p1a: Ninetales|53/100|[from] item: Leftovers\n|upkeep\n|turn|5\n|\n|t:|1776222641\n|switch|p2a: Sneasler|Sneasler, L50, F|100/100\n|move|p1a: Ninetales|Freeze-Dry|p2a: Sneasler\n|-damage|p2a: Sneasler|71/100\n|\n|-weather|Snowscape|[upkeep]\n|-heal|p1a: Ninetales|59/100|[from] item: Leftovers\n|upkeep\n|turn|6\n|j| p74\n|\n|t:|1776222651\n|move|p1a: Ninetales|Freeze-Dry|p2a: Sneasler\n|-damage|p2a: Sneasler|42/100\n|move|p2a: Sneasler|Swords Dance|p2a: Sneasler\n|-boost|p2a: Sneasler|atk|2\n|\n|-weather|none\n|-heal|p1a: Ninetales|65/100|[from] item: Leftovers\n|upkeep\n|turn|7\n|\n|t:|1776222669\n|switch|p2a: Gyarados|Gyarados-Mega, L50, M|100/100\n|-ability|p2a: Gyarados|Mold Breaker\n|move|p1a: Ninetales|Encore||[still]\n|-fail|p1a: Ninetales\n|\n|-heal|p1a: Ninetales|71/100|[from] item: Leftovers\n|-sideend|p1: 388737dgtgt|move: Aurora Veil\n|upkeep\n|turn|8\n|\n|t:|1776222679\n|move|p1a: Ninetales|Freeze-Dry|p2a: Gyarados\n|-supereffective|p2a: Gyarados|1\n|-damage|p2a: Gyarados|68/100\n|move|p2a: Gyarados|Dragon Dance|p2a: Gyarados\n|-boost|p2a: Gyarados|atk|1\n|-boost|p2a: Gyarados|spe|1\n|\n|-heal|p1a: Ninetales|77/100|[from] item: Leftovers\n|upkeep\n|turn|9\n|\n|t:|1776222688\n|move|p2a: Gyarados|Waterfall|p1a: Ninetales\n|-damage|p1a: Ninetales|0 fnt\n|faint|p1a: Ninetales\n|\n|upkeep\n|\n|t:|1776222689\n|switch|p1a: Lucario|Lucario, L50, F|100/100\n|turn|10\n|\n|t:|1776222694\n|move|p2a: Gyarados|Earthquake|p1a: Lucario\n|-supereffective|p1a: Lucario|1\n|-enditem|p1a: Lucario|Focus Sash\n|-damage|p1a: Lucario|1/100\n|move|p1a: Lucario|Close Combat|p2a: Gyarados\n|-supereffective|p2a: Gyarados|1\n|-damage|p2a: Gyarados|0 fnt\n|-unboost|p1a: Lucario|def|1\n|-unboost|p1a: Lucario|spd|1\n|faint|p2a: Gyarados\n|\n|upkeep\n|\n|t:|1776222698\n|switch|p2a: Sneasler|Sneasler, L50, F|42/100\n|turn|11\n|\n|t:|1776222704\n|move|p1a: Lucario|Extreme Speed|p2a: Sneasler\n|-damage|p2a: Sneasler|0 fnt\n|faint|p2a: Sneasler\n|\n|win|388737dgtgt\n|raw|388737dgtgt's rating: 1293 &rarr; <strong>1311</strong><br />(+18 for winning)\n|raw|thing maker's rating: 1200 &rarr; <strong>1182</strong><br />(-18 for losing)\n|l|\u2606388737dgtgt\n|player|p1|\n|l|\u2606thing maker\n|player|p2|\n",
  "uploadtime": 1776223719,
  "views": 5,
  "formatid": "gen9championsbssregma",
  "rating": 1182,
  "private": 0,
  "password": null
}