{
  "id": "gen9championsbssregma-2583161027",
  "format": "[Gen 9 Champions] BSS Reg M-A",
  "players": [
    "alt18",
    "GodWaka"
  ],
  "log": "|j|\u2606alt18\n|j|\u2606GodWaka\n|t:|1776149444\n|gametype|singles\n|player|p1|alt18|169|1118\n|player|p2|GodWaka|266|1121\n|gen|9\n|tier|[Gen 9 Champions] BSS Reg M-A\n|rated|\n|rule|Species Clause: Limit one of each Pok\u00e9mon\n|rule|Item Clause: Limit 1 of each item\n|clearpoke\n|poke|p1|Froslass, L50, F|\n|poke|p1|Glimmora, L50, M|\n|poke|p1|Garganacl, L50, M|\n|poke|p1|Blastoise, L50, F|\n|poke|p1|Meowscarada, L50, F|\n|poke|p1|Skarmory, L50, F|\n|poke|p2|Abomasnow, L50, F|\n|poke|p2|Basculegion-F, L50, F|\n|poke|p2|Tyranitar, L50, F|\n|poke|p2|Armarouge, L50, M|\n|poke|p2|Tinkaton, L50, F|\n|poke|p2|Goodra-Hisui, L50, F|\n|teampreview|3\n|inactive|Battle timer is ON: inactive players will automatically lose when time's up. (requested by GodWaka)\n|inactive|GodWaka has 60 seconds left.\n|inactive|GodWaka has 30 seconds left.\n|\n|t:|1776149506\n|teamsize|p1|3\n|teamsize|p2|3\n|start\n|switch|p1a: Glimmora|Glimmora, L50, M|100/100\n|switch|p2a: Goodra|Goodra-Hisui, L50, F|100/100\n|turn|1\n|\n|t:|1776149519\n|move|p1a: Glimmora|Stealth Rock|p2a: Goodra\n|-sidestart|p2: GodWaka|move: Stealth Rock\n|move|p2a: Goodra|Flash Cannon|p1a: Glimmora\n|-supereffective|p1a: Glimmora|1\n|-enditem|p1a: Glimmora|Focus Sash\n|-damage|p1a: Glimmora|1/100\n|\n|upkeep\n|turn|2\n|\n|t:|1776149527\n|move|p1a: Glimmora|Earth Power|p2a: Goodra\n|-supereffective|p2a: Goodra|1\n|-damage|p2a: Goodra|62/100\n|move|p2a: Goodra|Flash Cannon|p1a: Glimmora\n|-supereffective|p1a: Glimmora|1\n|-damage|p1a: Glimmora|0 fnt\n|faint|p1a: Glimmora\n|\n|upkeep\n|\n|t:|1776149549\n|switch|p1a: Skarmory|Skarmory, L50, F|100/100\n|turn|3\n|\n|t:|1776149557\n|detailschange|p1a: Skarmory|Skarmory-Mega, L50, F\n|-mega|p1a: Skarmory|Skarmory|Skarmorite\n|move|p1a: Skarmory|Swords Dance|p1a: Skarmory\n|-boost|p1a: Skarmory|atk|2\n|move|p2a: Goodra|Thunder|p1a: Skarmory\n|-supereffective|p1a: Skarmory|1\n|-damage|p1a: Skarmory|8/100\n|\n|upkeep\n|turn|4\n|\n|t:|1776149571\n|move|p1a: Skarmory|Drill Run|p2a: Goodra\n|-supereffective|p2a: Goodra|1\n|-damage|p2a: Goodra|0 fnt\n|faint|p2a: Goodra\n|\n|upkeep\n|\n|t:|1776149578\n|switch|p2a: Tinkaton|Tinkaton, L50, F|100/100\n|-damage|p2a: Tinkaton|95/100|[from] Stealth Rock\n|-ability|p2a: Tinkaton|Mold Breaker\n|turn|5\n|j| p74\n|\n|t:|1776149584\n|move|p1a: Skarmory|Drill Run|p2a: Tinkaton\n|-supereffective|p2a: Tinkaton|1\n|-damage|p2a: Tinkaton|0 fnt\n|faint|p2a: Tinkaton\n|\n|upkeep\n|\n|t:|1776149587\n|switch|p2a: Abomasnow|Abomasnow, L50, F, shiny|100/100\n|-damage|p2a: Abomasnow|76/100|[from] Stealth Rock\n|-weather|Snowscape|[from] ability: Snow Warning|[of] p2a: Abomasnow\n|turn|6\n|\n|t:|1776149592\n|detailschange|p2a: Abomasnow|Abomasnow-Mega, L50, F, shiny\n|-mega|p2a: Abomasnow|Abomasnow|Abomasite\n|move|p1a: Skarmory|Drill Peck|p2a: Abomasnow\n|-supereffective|p2a: Abomasnow|1\n|-damage|p2a: Abomasnow|0 fnt\n|faint|p2a: Abomasnow\n|\n|win|alt18\n|raw|alt18's rating: 1149 &rarr; <strong>1172</strong><br />(+23 for winning)\n|raw|GodWaka's rating: 1121 &rarr; <strong>1098</strong><br />(-23 for losing)\n|l|\u2606alt18\n|player|p1|\n|l|\u2606GodWaka\n|player|p2|\n",
  "uploadtime": 1776149604,
  "views": 39,
  "formatid": "gen9championsbssregma",
  "rating": 1098,
  "private": 0,
  "password": null
}