{
  "id": "gen9championsbssregma-2589510267",
  "format": "[Gen 9 Champions] BSS Reg M-A",
  "players": [
    "jeseth",
    "ninano200"
  ],
  "log": "|j|\u2606jeseth\n|j|\u2606ninano200\n|t:|1776729522\n|gametype|singles\n|player|p1|jeseth|102|1070\n|player|p2|ninano200|169|1170\n|gen|9\n|tier|[Gen 9 Champions] BSS Reg M-A\n|rated|\n|rule|Species Clause: Limit one of each Pok\u00e9mon\n|rule|Item Clause: Limit 1 of each item\n|clearpoke\n|poke|p1|Simipour, L50, F|\n|poke|p1|Meganium, L50, M|\n|poke|p1|Toxapex, L50, F|\n|poke|p1|Simisage, L50, M|\n|poke|p1|Audino, L50, F|\n|poke|p1|Glimmora, L50, F|\n|poke|p2|Charizard, L50, M|\n|poke|p2|Mimikyu, L50, M|\n|poke|p2|Greninja, L50, M|\n|poke|p2|Hippowdon, L50, M|\n|poke|p2|Corviknight, L50, M|\n|poke|p2|Lucario, L50, M|\n|teampreview|3\n|inactive|Battle timer is ON: inactive players will automatically lose when time's up. (requested by ninano200)\n|\n|t:|1776729539\n|teamsize|p1|3\n|teamsize|p2|3\n|start\n|switch|p1a: Toxapex|Toxapex, L50, F|100/100\n|switch|p2a: Greninja|Greninja, L50, M|100/100\n|turn|1\n|\n|t:|1776729542\n|move|p2a: Greninja|Taunt|p1a: Toxapex\n|-start|p1a: Toxapex|move: Taunt\n|cant|p1a: Toxapex|move: Taunt|Toxic\n|\n|upkeep\n|turn|2\n|\n|t:|1776729551\n|switch|p1a: Meganium|Meganium, L50, M|100/100\n|move|p2a: Greninja|Dark Pulse|p1a: Meganium\n|-damage|p1a: Meganium|66/100\n|\n|upkeep\n|turn|3\n|\n|t:|1776729561\n|detailschange|p1a: Meganium|Meganium-Mega, L50, M\n|-mega|p1a: Meganium|Meganium|Meganiumite\n|move|p2a: Greninja|Dark Pulse|p1a: Meganium\n|-resisted|p1a: Meganium|1\n|-damage|p1a: Meganium|48/100\n|move|p1a: Meganium|Solar Beam||[still]\n|-prepare|p1a: Meganium|Solar Beam\n|-activate|p1a: Meganium|ability: Mega Sol\n|-anim|p1a: Meganium|Solar Beam|p2a: Greninja\n|-supereffective|p2a: Greninja|1\n|-enditem|p2a: Greninja|Focus Sash\n|-damage|p2a: Greninja|1/100\n|\n|upkeep\n|turn|4\n|\n|t:|1776729579\n|switch|p1a: Simipour|Simipour, L50, F|100/100\n|move|p2a: Greninja|Surf|p1a: Simipour\n|-resisted|p1a: Simipour|1\n|-damage|p1a: Simipour|45/100\n|\n|upkeep\n|turn|5\n|\n|t:|1776729583\n|move|p1a: Simipour|Fake Out|p2a: Greninja\n|-damage|p2a: Greninja|0 fnt\n|faint|p2a: Greninja\n|\n|upkeep\n|\n|t:|1776729587\n|switch|p2a: Mimikyu|Mimikyu, L50, M|100/100\n|turn|6\n|\n|t:|1776729591\n|move|p1a: Simipour|Scald|p2a: Mimikyu\n|-activate|p2a: Mimikyu|ability: Disguise\n|-damage|p2a: Mimikyu|100/100\n|-status|p2a: Mimikyu|brn\n|-enditem|p2a: Mimikyu|Lum Berry|[eat]\n|-curestatus|p2a: Mimikyu|brn|[msg]\n|detailschange|p2a: Mimikyu|Mimikyu-Busted, L50, M\n|-damage|p2a: Mimikyu|89/100|[from] pokemon: Mimikyu-Busted\n|move|p2a: Mimikyu|Swords Dance|p2a: Mimikyu\n|-boost|p2a: Mimikyu|atk|2\n|\n|upkeep\n|turn|7\n|\n|t:|1776729599\n|move|p2a: Mimikyu|Shadow Sneak|p1a: Simipour\n|-damage|p1a: Simipour|0 fnt\n|faint|p1a: Simipour\n|\n|upkeep\n|\n|t:|1776729601\n|switch|p1a: Toxapex|Toxapex, L50, F|100/100\n|turn|8\n|\n|t:|1776729604\n|move|p2a: Mimikyu|Swords Dance|p2a: Mimikyu\n|-boost|p2a: Mimikyu|atk|2\n|move|p1a: Toxapex|Toxic|p2a: Mimikyu\n|-status|p2a: Mimikyu|tox\n|\n|-damage|p2a: Mimikyu|83/100 tox|[from] psn\n|upkeep\n|turn|9\n|\n|t:|1776729611\n|move|p1a: Toxapex|Baneful Bunker|p1a: Toxapex\n|-singleturn|p1a: Toxapex|move: Protect\n|move|p2a: Mimikyu|Swords Dance|p2a: Mimikyu\n|-boost|p2a: Mimikyu|atk|2\n|\n|-damage|p2a: Mimikyu|72/100 tox|[from] psn\n|upkeep\n|turn|10\n|\n|t:|1776729616\n|move|p2a: Mimikyu|Shadow Sneak|p1a: Toxapex\n|-damage|p1a: Toxapex|50/100\n|move|p1a: Toxapex|Recover|p1a: Toxapex\n|-heal|p1a: Toxapex|100/100\n|\n|-damage|p2a: Mimikyu|55/100 tox|[from] psn\n|upkeep\n|turn|11\n|\n|t:|1776729622\n|move|p1a: Toxapex|Baneful Bunker|p1a: Toxapex\n|-singleturn|p1a: Toxapex|move: Protect\n|move|p2a: Mimikyu|Shadow Sneak|p1a: Toxapex\n|-activate|p1a: Toxapex|move: Protect\n|\n|-damage|p2a: Mimikyu|32/100 tox|[from] psn\n|upkeep\n|turn|12\n|\n|t:|1776729629\n|move|p2a: Mimikyu|Shadow Sneak|p1a: Toxapex\n|-damage|p1a: Toxapex|52/100\n|move|p1a: Toxapex|Recover|p1a: Toxapex\n|-heal|p1a: Toxapex|100/100\n|\n|-damage|p2a: Mimikyu|4/100 tox|[from] psn\n|upkeep\n|turn|13\n|\n|t:|1776729634\n|move|p1a: Toxapex|Baneful Bunker|p1a: Toxapex\n|-singleturn|p1a: Toxapex|move: Protect\n|move|p2a: Mimikyu|Shadow Sneak|p1a: Toxapex\n|-activate|p1a: Toxapex|move: Protect\n|\n|-damage|p2a: Mimikyu|0 fnt|[from] psn\n|faint|p2a: Mimikyu\n|upkeep\n|\n|t:|1776729636\n|switch|p2a: Charizard|Charizard, L50, M|100/100\n|turn|14\n|\n|t:|1776729645\n|detailschange|p2a: Charizard|Charizard-Mega-X, L50, M\n|-mega|p2a: Charizard|Charizard|Charizardite X\n|move|p2a: Charizard|Dragon Dance|p2a: Charizard\n|-boost|p2a: Charizard|atk|1\n|-boost|p2a: Charizard|spe|1\n|move|p1a: Toxapex|Toxic|p2a: Charizard\n|-status|p2a: Charizard|tox\n|\n|-damage|p2a: Charizard|94/100 tox|[from] psn\n|upkeep\n|turn|15\n|\n|t:|1776729653\n|move|p2a: Charizard|Dragon Dance|p2a: Charizard\n|-boost|p2a: Charizard|atk|1\n|-boost|p2a: Charizard|spe|1\n|move|p1a: Toxapex|Rain Dance|p1a: Toxapex\n|-weather|RainDance\n|\n|-weather|RainDance|[upkeep]\n|-damage|p2a: Charizard|82/100 tox|[from] psn\n|upkeep\n|turn|16\n|\n|t:|1776729660\n|move|p2a: Charizard|Dragon Dance|p2a: Charizard\n|-boost|p2a: Charizard|atk|1\n|-boost|p2a: Charizard|spe|1\n|move|p1a: Toxapex|Recover||[still]\n|-fail|p1a: Toxapex|heal\n|\n|-weather|RainDance|[upkeep]\n|-damage|p2a: Charizard|64/100 tox|[from] psn\n|upkeep\n|turn|17\n|\n|t:|1776729664\n|move|p1a: Toxapex|Baneful Bunker|p1a: Toxapex\n|-singleturn|p1a: Toxapex|move: Protect\n|move|p2a: Charizard|Thunder Punch|p1a: Toxapex\n|-activate|p1a: Toxapex|move: Protect\n|\n|-weather|RainDance|[upkeep]\n|-damage|p2a: Charizard|39/100 tox|[from] psn\n|upkeep\n|turn|18\n|\n|t:|1776729674\n|move|p2a: Charizard|Thunder Punch|p1a: Toxapex\n|-supereffective|p1a: Toxapex|1\n|-damage|p1a: Toxapex|0 fnt\n|faint|p1a: Toxapex\n|\n|-weather|RainDance|[upkeep]\n|-damage|p2a: Charizard|8/100 tox|[from] psn\n|upkeep\n|\n|t:|1776729677\n|switch|p1a: Meganium|Meganium-Mega, L50, M|48/100\n|turn|19\n|\n|t:|1776729683\n|move|p2a: Charizard|Flare Blitz|p1a: Meganium\n|-supereffective|p1a: Meganium|1\n|-damage|p1a: Meganium|0 fnt\n|faint|p1a: Meganium\n|-damage|p2a: Charizard|0 fnt|[from] Recoil\n|faint|p2a: Charizard\n|\n|win|ninano200\n|raw|jeseth's rating: 1070 &rarr; <strong>1055</strong><br />(-15 for losing)\n|raw|ninano200's rating: 1170 &rarr; <strong>1188</strong><br />(+18 for winning)\n|l|\u2606ninano200\n|player|p2|\n",
  "uploadtime": 1776729703,
  "views": 0,
  "formatid": "gen9championsbssregma",
  "rating": 1055,
  "private": 0,
  "password": null
}