{
  "id": "gen9championsbssregma-2588127252",
  "format": "[Gen 9 Champions] BSS Reg M-A",
  "players": [
    "ok8ko",
    "joguri"
  ],
  "log": "|j|\u2606ok8ko\n|j|\u2606joguri\n|t:|1776607154\n|gametype|singles\n|player|p1|ok8ko|265|1032\n|player|p2|joguri|dawn|1087\n|gen|9\n|tier|[Gen 9 Champions] BSS Reg M-A\n|rated|\n|rule|Species Clause: Limit one of each Pok\u00e9mon\n|rule|Item Clause: Limit 1 of each item\n|clearpoke\n|poke|p1|Glimmora, L50, M|\n|poke|p1|Whimsicott, L50, M|\n|poke|p1|Corviknight, L50, F|\n|poke|p1|Rotom-Wash, L50|\n|poke|p1|Dragonite, L50, F|\n|poke|p1|Kingambit, L50, M|\n|poke|p2|Clefable, L50, M|\n|poke|p2|Espathra, L50, M|\n|poke|p2|Charizard, L50, F|\n|poke|p2|Hippowdon, L50, M|\n|poke|p2|Rotom-Wash, L50, shiny|\n|poke|p2|Garchomp, L50, F|\n|teampreview|3\n|\n|t:|1776607165\n|teamsize|p1|3\n|teamsize|p2|3\n|start\n|switch|p1a: Glimmora|Glimmora, L50, M|100/100\n|switch|p2a: Hamadon|Hippowdon, L50, M|100/100\n|-weather|Sandstorm|[from] ability: Sand Stream|[of] p2a: Hamadon\n|turn|1\n|\n|t:|1776607181\n|move|p1a: Glimmora|Stealth Rock|p2a: Hamadon\n|-sidestart|p2: joguri|move: Stealth Rock\n|move|p2a: Hamadon|Stealth Rock|p1a: Glimmora\n|-sidestart|p1: ok8ko|move: Stealth Rock\n|\n|-weather|Sandstorm|[upkeep]\n|upkeep\n|turn|2\n|inactive|Battle timer is ON: inactive players will automatically lose when time's up. (requested by ok8ko)\n|\n|t:|1776607207\n|switch|p1a: Dragonite|Dragonite, L50, F|100/100\n|-damage|p1a: Dragonite|76/100|[from] Stealth Rock\n|move|p2a: Hamadon|Yawn|p1a: Dragonite\n|-start|p1a: Dragonite|move: Yawn|[of] p2a: Hamadon\n|\n|-weather|Sandstorm|[upkeep]\n|-damage|p1a: Dragonite|70/100|[from] Sandstorm\n|upkeep\n|turn|3\n|\n|t:|1776607222\n|detailschange|p1a: Dragonite|Dragonite-Mega, L50, F\n|-mega|p1a: Dragonite|Dragonite|Dragoninite\n|move|p1a: Dragonite|Roost|p1a: Dragonite\n|-heal|p1a: Dragonite|100/100\n|-singleturn|p1a: Dragonite|move: Roost\n|move|p2a: Hamadon|Yawn||[still]\n|-fail|p2a: Hamadon\n|\n|-weather|Sandstorm|[upkeep]\n|-damage|p1a: Dragonite|94/100|[from] Sandstorm\n|-end|p1a: Dragonite|move: Yawn|[silent]\n|-status|p1a: Dragonite|slp\n|upkeep\n|turn|4\n|inactive|joguri has 30 seconds left.\n|inactive|joguri has 20 seconds left.\n|\n|t:|1776607260\n|switch|p2a: Espathra|Espathra, L50, M|100/100\n|-damage|p2a: Espathra|88/100|[from] Stealth Rock\n|cant|p1a: Dragonite|slp\n|\n|-weather|Sandstorm|[upkeep]\n|-damage|p1a: Dragonite|88/100 slp|[from] Sandstorm\n|-damage|p2a: Espathra|82/100|[from] Sandstorm\n|-heal|p2a: Espathra|88/100|[from] item: Leftovers\n|upkeep\n|turn|5\n|\n|t:|1776607279\n|cant|p1a: Dragonite|slp\n|move|p2a: Espathra|Calm Mind|p2a: Espathra\n|-boost|p2a: Espathra|spa|1\n|-boost|p2a: Espathra|spd|1\n|\n|-weather|none\n|-heal|p2a: Espathra|94/100|[from] item: Leftovers\n|-ability|p2a: Espathra|Speed Boost|boost\n|-boost|p2a: Espathra|spe|1\n|upkeep\n|turn|6\n|\n|t:|1776607297\n|move|p2a: Espathra|Calm Mind|p2a: Espathra\n|-boost|p2a: Espathra|spa|1\n|-boost|p2a: Espathra|spd|1\n|-curestatus|p1a: Dragonite|slp|[msg]\n|move|p1a: Dragonite|Draco Meteor|p2a: Espathra\n|-damage|p2a: Espathra|45/100\n|-unboost|p1a: Dragonite|spa|2\n|\n|-heal|p2a: Espathra|50/100|[from] item: Leftovers\n|-ability|p2a: Espathra|Speed Boost|boost\n|-boost|p2a: Espathra|spe|1\n|upkeep\n|turn|7\n|\n|t:|1776607312\n|switch|p1a: Kingambit|Kingambit, L50, M|100/100\n|-damage|p1a: Kingambit|95/100|[from] Stealth Rock\n|move|p2a: Espathra|Calm Mind|p2a: Espathra\n|-boost|p2a: Espathra|spa|1\n|-boost|p2a: Espathra|spd|1\n|\n|-heal|p2a: Espathra|56/100|[from] item: Leftovers\n|-ability|p2a: Espathra|Speed Boost|boost\n|-boost|p2a: Espathra|spe|1\n|upkeep\n|turn|8\n|\n|t:|1776607329\n|move|p2a: Espathra|Protect|p2a: Espathra\n|-singleturn|p2a: Espathra|Protect\n|move|p1a: Kingambit|Sucker Punch||[still]\n|-fail|p1a: Kingambit\n|\n|-heal|p2a: Espathra|62/100|[from] item: Leftovers\n|-ability|p2a: Espathra|Speed Boost|boost\n|-boost|p2a: Espathra|spe|1\n|upkeep\n|turn|9\n|\n|t:|1776607339\n|move|p1a: Kingambit|Sucker Punch||[still]\n|-fail|p1a: Kingambit\n|move|p2a: Espathra|Baton Pass|p2a: Espathra\n|\n|t:|1776607342\n|switch|p2a: Clefable|Clefable, L50, M|100/100|[from] Baton Pass\n|-damage|p2a: Clefable|88/100|[from] Stealth Rock\n|\n|upkeep\n|turn|10\n|\n|t:|1776607354\n|detailschange|p2a: Clefable|Clefable-Mega, L50, M\n|-mega|p2a: Clefable|Clefable|Clefablite\n|move|p2a: Clefable|Flamethrower|p1a: Kingambit\n|-supereffective|p1a: Kingambit|1\n|-damage|p1a: Kingambit|0 fnt\n|faint|p1a: Kingambit\n|-end|p1a: Kingambit|fallenundefined|[silent]\n|\n|upkeep\n|\n|t:|1776607361\n|switch|p1a: Dragonite|Dragonite-Mega, L50, F|88/100\n|-damage|p1a: Dragonite|64/100|[from] Stealth Rock\n|turn|11\n|\n|t:|1776607367\n|move|p2a: Clefable|Stored Power|p1a: Dragonite\n|-damage|p1a: Dragonite|0 fnt\n|faint|p1a: Dragonite\n|\n|upkeep\n|\n|t:|1776607370\n|switch|p1a: Glimmora|Glimmora, L50, M|100/100\n|-damage|p1a: Glimmora|88/100|[from] Stealth Rock\n|turn|12\n|-message|ok8ko forfeited.\n|\n|win|joguri\n|raw|ok8ko's rating: 1032 &rarr; <strong>1020</strong><br />(-12 for losing)\n|raw|joguri's rating: 1087 &rarr; <strong>1110</strong><br />(+23 for winning)\n|l|\u2606ok8ko\n|player|p1|\n",
  "uploadtime": 1776607377,
  "views": 1,
  "formatid": "gen9championsbssregma",
  "rating": 1020,
  "private": 0,
  "password": null
}