{
  "id": "gen9championsbssregma-2587822390",
  "format": "[Gen 9 Champions] BSS Reg M-A",
  "players": [
    "blazegeo",
    "treebae"
  ],
  "log": "|j|\u2606blazegeo\n|j|\u2606treebae\n|t:|1776567556\n|gametype|singles\n|player|p1|blazegeo|169|1041\n|player|p2|treebae|2|1140\n|gen|9\n|tier|[Gen 9 Champions] BSS Reg M-A\n|rated|\n|rule|Species Clause: Limit one of each Pok\u00e9mon\n|rule|Item Clause: Limit 1 of each item\n|clearpoke\n|poke|p1|Pangoro, L50, M|\n|poke|p1|Zoroark-Hisui, L50, F|\n|poke|p1|Milotic, L50, M|\n|poke|p1|Tinkaton, L50, F|\n|poke|p1|Venusaur, L50, F|\n|poke|p1|Ceruledge, L50, M|\n|poke|p2|Corviknight, L50, F|\n|poke|p2|Excadrill, L50, M|\n|poke|p2|Dragonite, L50, F|\n|poke|p2|Starmie, L50|\n|poke|p2|Decidueye, L50, F|\n|poke|p2|Volcarona, L50, M|\n|teampreview|3\n|inactive|Battle timer is ON: inactive players will automatically lose when time's up. (requested by blazegeo)\n|\n|t:|1776567580\n|teamsize|p1|3\n|teamsize|p2|3\n|start\n|switch|p1a: Milotic|Milotic, L50, M|100/100\n|switch|p2a: Starmie|Starmie, L50|100/100\n|turn|1\n|\n|t:|1776567589\n|detailschange|p2a: Starmie|Starmie-Mega, L50\n|-mega|p2a: Starmie|Starmie|Starminite\n|move|p2a: Starmie|Flip Turn|p1a: Milotic\n|-resisted|p1a: Milotic|1\n|-damage|p1a: Milotic|81/100\n|\n|t:|1776567593\n|switch|p2a: Decidueye|Decidueye, L50, F|100/100|[from] Flip Turn\n|move|p1a: Milotic|Body Slam|p2a: Decidueye\n|-immune|p2a: Decidueye\n|\n|-heal|p1a: Milotic|87/100|[from] item: Leftovers\n|upkeep\n|turn|2\n|\n|t:|1776567603\n|move|p2a: Decidueye|Leaf Blade|p1a: Milotic\n|-supereffective|p1a: Milotic|1\n|-damage|p1a: Milotic|27/100\n|move|p1a: Milotic|Scald|p2a: Decidueye\n|-resisted|p2a: Decidueye|1\n|-damage|p2a: Decidueye|83/100\n|\n|-heal|p1a: Milotic|33/100|[from] item: Leftovers\n|upkeep\n|turn|3\n|\n|t:|1776567612\n|switch|p1a: Venusaur|Venusaur, L50, F|100/100\n|move|p2a: Decidueye|Leaf Blade|p1a: Venusaur\n|-resisted|p1a: Venusaur|2\n|-damage|p1a: Venusaur|92/100\n|\n|upkeep\n|turn|4\n|\n|t:|1776567620\n|switch|p2a: Starmie|Starmie-Mega, L50|100/100\n|detailschange|p1a: Venusaur|Venusaur-Mega, L50, F\n|-mega|p1a: Venusaur|Venusaur|Venusaurite\n|move|p1a: Venusaur|Sludge Bomb|p2a: Starmie\n|-damage|p2a: Starmie|56/100\n|-status|p2a: Starmie|psn\n|\n|-damage|p2a: Starmie|44/100 psn|[from] psn\n|upkeep\n|turn|5\n|\n|t:|1776567629\n|move|p2a: Starmie|Ice Spinner|p1a: Venusaur\n|-supereffective|p1a: Venusaur|1\n|-crit|p1a: Venusaur\n|-damage|p1a: Venusaur|52/100\n|move|p1a: Venusaur|Giga Drain|p2a: Starmie\n|-supereffective|p2a: Starmie|1\n|-damage|p2a: Starmie|0 fnt\n|-heal|p1a: Venusaur|68/100|[from] drain|[of] p2a: Starmie\n|faint|p2a: Starmie\n|\n|upkeep\n|\n|t:|1776567632\n|switch|p2a: Excadrill|Excadrill, L50, M|100/100\n|-ability|p2a: Excadrill|Mold Breaker\n|turn|6\n|\n|t:|1776567641\n|move|p2a: Excadrill|Swords Dance|p2a: Excadrill\n|-boost|p2a: Excadrill|atk|2\n|move|p1a: Venusaur|Giga Drain|p2a: Excadrill\n|-damage|p2a: Excadrill|56/100\n|-heal|p1a: Venusaur|90/100|[from] drain|[of] p2a: Excadrill\n|\n|upkeep\n|turn|7\n|\n|t:|1776567651\n|switch|p1a: Milotic|Milotic, L50, M|33/100\n|move|p2a: Excadrill|Earthquake|p1a: Milotic\n|-damage|p1a: Milotic|0 fnt\n|faint|p1a: Milotic\n|\n|upkeep\n|\n|t:|1776567657\n|switch|p1a: Pangoro|Pangoro, L50, M|100/100\n|turn|8\n|\n|t:|1776567661\n|move|p1a: Pangoro|Close Combat|p2a: Excadrill\n|-supereffective|p2a: Excadrill|1\n|-damage|p2a: Excadrill|0 fnt\n|-unboost|p1a: Pangoro|def|1\n|-unboost|p1a: Pangoro|spd|1\n|faint|p2a: Excadrill\n|\n|upkeep\n|\n|t:|1776567663\n|switch|p2a: Decidueye|Decidueye, L50, F|83/100\n|turn|9\n|\n|t:|1776567672\n|switch|p1a: Venusaur|Venusaur-Mega, L50, F|90/100\n|move|p2a: Decidueye|Spirit Shackle|p1a: Venusaur\n|-damage|p1a: Venusaur|64/100\n|-activate|p1a: Venusaur|trapped\n|\n|upkeep\n|turn|10\n|-message|treebae forfeited.\n|\n|win|blazegeo\n|raw|blazegeo's rating: 1041 &rarr; <strong>1084</strong><br />(+43 for winning)\n|raw|treebae's rating: 1140 &rarr; <strong>1108</strong><br />(-32 for losing)\n|l|\u2606treebae\n|player|p2|\n",
  "uploadtime": 1776567684,
  "views": 2,
  "formatid": "gen9championsbssregma",
  "rating": 1084,
  "private": 0,
  "password": null
}