{
  "id": "gen9championsbssregma-2585280636",
  "format": "[Gen 9 Champions] BSS Reg M-A",
  "players": [
    "Oshawottpoke",
    "champ trial"
  ],
  "log": "|j|\u2606Oshawottpoke\n|j|\u2606champ trial\n|t:|1776333311\n|gametype|singles\n|player|p1|Oshawottpoke|265|1406\n|player|p2|champ trial|2|1564\n|gen|9\n|tier|[Gen 9 Champions] BSS Reg M-A\n|rated|\n|rule|Species Clause: Limit one of each Pok\u00e9mon\n|rule|Item Clause: Limit 1 of each item\n|clearpoke\n|poke|p1|Floette-Eternal, L50, F|\n|poke|p1|Aegislash, L50, M|\n|poke|p1|Garchomp, L50, M|\n|poke|p1|Vaporeon, L50, F|\n|poke|p1|Dragonite, L50, F|\n|poke|p1|Kingambit, L50, F|\n|poke|p2|Charizard, L50, F|\n|poke|p2|Diggersby, L50, F|\n|poke|p2|Archaludon, L50, M|\n|poke|p2|Sylveon, L50, F|\n|poke|p2|Basculegion, L50, M|\n|poke|p2|Scizor, L50, M|\n|teampreview|3\n|j| p74\n|inactive|Battle timer is ON: inactive players will automatically lose when time's up. (requested by champ trial)\n|\n|t:|1776333378\n|teamsize|p1|3\n|teamsize|p2|3\n|start\n|switch|p1a: Garchomp|Garchomp, L50, M|100/100\n|switch|p2a: Diggersby|Diggersby, L50, F|100/100\n|turn|1\n|\n|t:|1776333389\n|move|p1a: Garchomp|Earthquake|p2a: Diggersby\n|-damage|p2a: Diggersby|24/100\n|move|p2a: Diggersby|Ice Punch|p1a: Garchomp\n|-supereffective|p1a: Garchomp|2\n|-enditem|p1a: Garchomp|Focus Sash\n|-damage|p1a: Garchomp|1/100\n|-damage|p2a: Diggersby|12/100|[from] ability: Rough Skin|[of] p1a: Garchomp\n|\n|upkeep\n|turn|2\n|\n|t:|1776333402\n|move|p2a: Diggersby|Quick Attack|p1a: Garchomp\n|-damage|p1a: Garchomp|0 fnt\n|-damage|p2a: Diggersby|0 fnt|[from] ability: Rough Skin|[of] p1a: Garchomp\n|faint|p1a: Garchomp\n|faint|p2a: Diggersby\n|\n|upkeep\n|\n|t:|1776333415\n|switch|p1a: Dragonite|Dragonite, L50, F|100/100\n|switch|p2a: Scizor|Scizor, L50, M|100/100\n|turn|3\n|\n|t:|1776333420\n|switch|p2a: Sylveon|Sylveon, L50, F|100/100\n|detailschange|p1a: Dragonite|Dragonite-Mega, L50, F\n|-mega|p1a: Dragonite|Dragonite|Dragoninite\n|move|p1a: Dragonite|Air Slash|p2a: Sylveon\n|-damage|p2a: Sylveon|69/100\n|\n|-heal|p2a: Sylveon|75/100|[from] item: Leftovers\n|upkeep\n|turn|4\n|\n|t:|1776333427\n|switch|p1a: Aegislash|Aegislash, L50, M|100/100\n|move|p2a: Sylveon|Yawn|p1a: Aegislash\n|-start|p1a: Aegislash|move: Yawn|[of] p2a: Sylveon\n|\n|-heal|p2a: Sylveon|81/100|[from] item: Leftovers\n|upkeep\n|turn|5\n|\n|t:|1776333445\n|move|p2a: Sylveon|Protect|p2a: Sylveon\n|-singleturn|p2a: Sylveon|Protect\n|-formechange|p1a: Aegislash|Aegislash-Blade|\n|move|p1a: Aegislash|Poltergeist|p2a: Sylveon\n|-activate|p2a: Sylveon|move: Protect\n|\n|-heal|p2a: Sylveon|88/100|[from] item: Leftovers\n|-end|p1a: Aegislash|move: Yawn|[silent]\n|-status|p1a: Aegislash|slp\n|upkeep\n|turn|6\n|\n|t:|1776333453\n|switch|p2a: Scizor|Scizor, L50, M|100/100\n|cant|p1a: Aegislash|slp\n|\n|upkeep\n|turn|7\n|\n|t:|1776333458\n|switch|p1a: Dragonite|Dragonite-Mega, L50, F|100/100\n|detailschange|p2a: Scizor|Scizor-Mega, L50, M\n|-mega|p2a: Scizor|Scizor|Scizorite\n|move|p2a: Scizor|Knock Off|p1a: Dragonite\n|-damage|p1a: Dragonite|92/100\n|\n|upkeep\n|turn|8\n|inactive|Oshawottpoke has 30 seconds left.\n|inactive|Oshawottpoke has 20 seconds left.\n|inactive|Oshawottpoke has 15 seconds left.\n|inactive|Oshawottpoke has 10 seconds left.\n|\n|t:|1776333507\n|switch|p2a: Sylveon|Sylveon, L50, F|88/100\n|move|p1a: Dragonite|Air Slash|p2a: Sylveon\n|-damage|p2a: Sylveon|53/100\n|\n|-heal|p2a: Sylveon|60/100|[from] item: Leftovers\n|upkeep\n|turn|9\n|\n|t:|1776333514\n|switch|p1a: Aegislash|Aegislash, L50, M|100/100 slp\n|move|p2a: Sylveon|Wish|p2a: Sylveon\n|\n|-heal|p2a: Sylveon|66/100|[from] item: Leftovers\n|upkeep\n|turn|10\n|\n|t:|1776333538\n|move|p2a: Sylveon|Protect|p2a: Sylveon\n|-singleturn|p2a: Sylveon|Protect\n|-curestatus|p1a: Aegislash|slp|[msg]\n|move|p1a: Aegislash|Swords Dance|p1a: Aegislash\n|-boost|p1a: Aegislash|atk|2\n|\n|-heal|p2a: Sylveon|100/100|[from] move: Wish|[wisher] Sylveon\n|upkeep\n|turn|11\n|\n|t:|1776333548\n|-formechange|p1a: Aegislash|Aegislash-Blade|\n|move|p1a: Aegislash|Poltergeist|p2a: Sylveon\n|-activate|p2a: Sylveon|move: Poltergeist|Leftovers\n|-damage|p2a: Sylveon|0 fnt\n|faint|p2a: Sylveon\n|\n|upkeep\n|\n|t:|1776333553\n|switch|p2a: Scizor|Scizor-Mega, L50, M|100/100\n|turn|12\n|\n|t:|1776333563\n|move|p1a: Aegislash|Shadow Sneak|p2a: Scizor\n|-damage|p2a: Scizor|65/100\n|move|p2a: Scizor|Swords Dance|p2a: Scizor\n|-boost|p2a: Scizor|atk|2\n|\n|upkeep\n|turn|13\n|\n|t:|1776333576\n|move|p1a: Aegislash|Shadow Sneak|p2a: Scizor\n|-damage|p2a: Scizor|26/100\n|move|p2a: Scizor|Knock Off|p1a: Aegislash\n|-supereffective|p1a: Aegislash|1\n|-damage|p1a: Aegislash|0 fnt\n|-enditem|p1a: Aegislash|Spell Tag|[from] move: Knock Off|[of] p2a: Scizor\n|faint|p1a: Aegislash\n|\n|upkeep\n|\n|t:|1776333584\n|switch|p1a: Dragonite|Dragonite-Mega, L50, F|92/100\n|turn|14\n|\n|t:|1776333586\n|move|p2a: Scizor|Bullet Punch|p1a: Dragonite\n|-damage|p1a: Dragonite|36/100\n|move|p1a: Dragonite|Air Slash|p2a: Scizor\n|-damage|p2a: Scizor|0 fnt\n|faint|p2a: Scizor\n|\n|win|Oshawottpoke\n|raw|Oshawottpoke's rating: 1406 &rarr; <strong>1435</strong><br />(+29 for winning)\n|raw|champ trial's rating: 1564 &rarr; <strong>1535</strong><br />(-29 for losing)\n|l|\u2606Oshawottpoke\n|player|p1|\n|l|\u2606champ trial\n|player|p2|\n|j|\u2606Oshawottpoke\n|player|p1|Oshawottpoke|265|\n",
  "uploadtime": 1776333670,
  "views": 100,
  "formatid": "gen9championsbssregma",
  "rating": 1435,
  "private": 0,
  "password": null
}