{
  "id": "gen9championsbssregma-2582123872",
  "format": "[Gen 9 Champions] BSS Reg M-A",
  "players": [
    "MiraidonGaming",
    "Phadtai"
  ],
  "log": "|j|\u2606MiraidonGaming\n|j|\u2606Phadtai\n|t:|1776061015\n|gametype|singles\n|player|p1|MiraidonGaming|lucas|1207\n|player|p2|Phadtai|sage|1121\n|gen|9\n|tier|[Gen 9 Champions] BSS Reg M-A\n|rated|\n|rule|Species Clause: Limit one of each Pok\u00e9mon\n|rule|Item Clause: Limit 1 of each item\n|clearpoke\n|poke|p1|Ninetales-Alola, L50, F|\n|poke|p1|Charizard, L50, M|\n|poke|p1|Scizor, L50, M|\n|poke|p1|Sinistcha, L50|\n|poke|p1|Rotom-Wash, L50|\n|poke|p1|Salazzle, L50, F|\n|poke|p2|Garchomp, L50, F|\n|poke|p2|Scizor, L50, M|\n|poke|p2|Charizard, L50, F|\n|poke|p2|Gengar, L50, M|\n|poke|p2|Sneasler, L50, M|\n|poke|p2|Archaludon, L50, M|\n|teampreview|3\n|\n|t:|1776061041\n|teamsize|p1|3\n|teamsize|p2|3\n|start\n|switch|p1a: Put a brick in|Rotom-Wash, L50|100/100\n|switch|p2a: Archaludon|Archaludon, L50, M|100/100\n|turn|1\n|\n|t:|1776061049\n|move|p1a: Put a brick in|Discharge|p2a: Archaludon\n|-resisted|p2a: Archaludon|1\n|-damage|p2a: Archaludon|79/100\n|-status|p2a: Archaludon|par\n|-ability|p2a: Archaludon|Stamina|boost\n|-boost|p2a: Archaludon|def|1\n|move|p2a: Archaludon|Stealth Rock|p1a: Put a brick in\n|-sidestart|p1: MiraidonGaming|move: Stealth Rock\n|\n|-heal|p2a: Archaludon|85/100 par|[from] item: Leftovers\n|upkeep\n|turn|2\n|\n|t:|1776061063\n|switch|p1a: Edward|Scizor, L50, M|100/100\n|-damage|p1a: Edward|88/100|[from] Stealth Rock\n|move|p2a: Archaludon|Roar|p1a: Edward\n|drag|p1a: Put a brick in|Rotom-Wash, L50|100/100\n|-damage|p1a: Put a brick in|88/100|[from] Stealth Rock\n|\n|-heal|p2a: Archaludon|91/100 par|[from] item: Leftovers\n|upkeep\n|turn|3\n|\n|t:|1776061073\n|move|p1a: Put a brick in|Discharge|p2a: Archaludon\n|-resisted|p2a: Archaludon|1\n|-damage|p2a: Archaludon|68/100 par\n|-ability|p2a: Archaludon|Stamina|boost\n|-boost|p2a: Archaludon|def|1\n|move|p2a: Archaludon|Roar|p1a: Put a brick in\n|drag|p1a: Edward|Scizor, L50, M|88/100\n|-damage|p1a: Edward|75/100|[from] Stealth Rock\n|\n|-heal|p2a: Archaludon|74/100 par|[from] item: Leftovers\n|upkeep\n|turn|4\n|\n|t:|1776061083\n|move|p1a: Edward|Swords Dance|p1a: Edward\n|-boost|p1a: Edward|atk|2\n|move|p2a: Archaludon|Roar|p1a: Edward\n|drag|p1a: Put a brick in|Rotom-Wash, L50|88/100\n|-damage|p1a: Put a brick in|76/100|[from] Stealth Rock\n|\n|-heal|p2a: Archaludon|80/100 par|[from] item: Leftovers\n|upkeep\n|turn|5\n|\n|t:|1776061090\n|move|p1a: Put a brick in|Hydro Pump|p2a: Archaludon\n|-resisted|p2a: Archaludon|1\n|-damage|p2a: Archaludon|54/100 par\n|-ability|p2a: Archaludon|Stamina|boost\n|-boost|p2a: Archaludon|def|1\n|move|p2a: Archaludon|Roar|p1a: Put a brick in\n|drag|p1a: Edward|Scizor, L50, M|75/100\n|-damage|p1a: Edward|63/100|[from] Stealth Rock\n|\n|-heal|p2a: Archaludon|60/100 par|[from] item: Leftovers\n|upkeep\n|turn|6\n|\n|t:|1776061101\n|move|p1a: Edward|Bug Bite|p2a: Archaludon\n|-resisted|p2a: Archaludon|1\n|-damage|p2a: Archaludon|56/100 par\n|-ability|p2a: Archaludon|Stamina|boost\n|-boost|p2a: Archaludon|def|1\n|move|p2a: Archaludon|Roar|p1a: Edward\n|drag|p1a: Vanity?|Ninetales-Alola, L50, F|100/100\n|-damage|p1a: Vanity?|75/100|[from] Stealth Rock\n|-weather|Snowscape|[from] ability: Snow Warning|[of] p1a: Vanity?\n|\n|-weather|Snowscape|[upkeep]\n|-heal|p2a: Archaludon|62/100 par|[from] item: Leftovers\n|upkeep\n|turn|7\n|\n|t:|1776061113\n|move|p1a: Vanity?|Moonblast|p2a: Archaludon\n|-damage|p2a: Archaludon|21/100 par\n|-ability|p2a: Archaludon|Stamina|boost\n|-boost|p2a: Archaludon|def|1\n|move|p2a: Archaludon|Flash Cannon|p1a: Vanity?\n|-supereffective|p1a: Vanity?|2\n|-damage|p1a: Vanity?|0 fnt\n|faint|p1a: Vanity?\n|\n|-weather|Snowscape|[upkeep]\n|-heal|p2a: Archaludon|27/100 par|[from] item: Leftovers\n|upkeep\n|\n|t:|1776061127\n|switch|p1a: Put a brick in|Rotom-Wash, L50|76/100\n|-damage|p1a: Put a brick in|63/100|[from] Stealth Rock\n|turn|8\n|\n|t:|1776061133\n|move|p1a: Put a brick in|Discharge|p2a: Archaludon\n|-resisted|p2a: Archaludon|1\n|-damage|p2a: Archaludon|7/100 par\n|-ability|p2a: Archaludon|Stamina|boost\n|-boost|p2a: Archaludon|def|1\n|move|p2a: Archaludon|Roar|p1a: Put a brick in\n|drag|p1a: Edward|Scizor, L50, M|63/100\n|-damage|p1a: Edward|50/100|[from] Stealth Rock\n|\n|-weather|Snowscape|[upkeep]\n|-heal|p2a: Archaludon|13/100 par|[from] item: Leftovers\n|upkeep\n|turn|9\n|\n|t:|1776061147\n|move|p1a: Edward|Roost|p1a: Edward\n|-heal|p1a: Edward|100/100\n|-singleturn|p1a: Edward|move: Roost\n|cant|p2a: Archaludon|par\n|\n|-weather|Snowscape|[upkeep]\n|-heal|p2a: Archaludon|19/100 par|[from] item: Leftovers\n|upkeep\n|turn|10\n|\n|t:|1776061154\n|move|p1a: Edward|Bug Bite|p2a: Archaludon\n|-resisted|p2a: Archaludon|1\n|-damage|p2a: Archaludon|15/100 par\n|move|p2a: Archaludon|Thunder Wave|p1a: Edward\n|-status|p1a: Edward|par\n|\n|-weather|none\n|-heal|p2a: Archaludon|21/100 par|[from] item: Leftovers\n|upkeep\n|turn|11\n|\n|t:|1776061166\n|switch|p2a: Garchomp|Garchomp, L50, F|100/100\n|move|p1a: Edward|Swords Dance|p1a: Edward\n|-boost|p1a: Edward|atk|2\n|\n|upkeep\n|turn|12\n|\n|t:|1776061174\n|detailschange|p1a: Edward|Scizor-Mega, L50, M\n|-mega|p1a: Edward|Scizor|Scizorite\n|move|p2a: Garchomp|Earthquake|p1a: Edward\n|-damage|p1a: Edward|64/100 par\n|move|p1a: Edward|Swords Dance|p1a: Edward\n|-boost|p1a: Edward|atk|2\n|\n|upkeep\n|turn|13\n|\n|t:|1776061187\n|move|p2a: Garchomp|Swords Dance|p2a: Garchomp\n|-boost|p2a: Garchomp|atk|2\n|move|p1a: Edward|Swords Dance|p1a: Edward\n|-boost|p1a: Edward|atk|2\n|\n|upkeep\n|turn|14\n|\n|t:|1776061193\n|cant|p1a: Edward|par\n|move|p2a: Garchomp|Earthquake|p1a: Edward\n|-damage|p1a: Edward|0 fnt\n|faint|p1a: Edward\n|\n|upkeep\n|\n|t:|1776061196\n|switch|p1a: Put a brick in|Rotom-Wash, L50|63/100\n|-damage|p1a: Put a brick in|51/100|[from] Stealth Rock\n|turn|15\n|\n|t:|1776061206\n|move|p1a: Put a brick in|Hydro Pump|p2a: Garchomp\n|-damage|p2a: Garchomp|48/100\n|move|p2a: Garchomp|Earthquake|p1a: Put a brick in\n|-immune|p1a: Put a brick in|[from] ability: Levitate\n|\n|upkeep\n|turn|16\n|\n|t:|1776061216\n|move|p1a: Put a brick in|Hydro Pump|p2a: Garchomp\n|-damage|p2a: Garchomp|0 fnt\n|faint|p2a: Garchomp\n|\n|upkeep\n|\n|t:|1776061221\n|switch|p2a: Scizor|Scizor, L50, M|100/100\n|turn|17\n|\n|t:|1776061229\n|move|p1a: Put a brick in|Hydro Pump|p2a: Scizor\n|-damage|p2a: Scizor|31/100\n|move|p2a: Scizor|Swords Dance|p2a: Scizor\n|-boost|p2a: Scizor|atk|2\n|\n|upkeep\n|turn|18\n|\n|t:|1776061241\n|detailschange|p2a: Scizor|Scizor-Mega, L50, M\n|-mega|p2a: Scizor|Scizor|Scizorite\n|move|p1a: Put a brick in|Hydro Pump|p2a: Scizor\n|-damage|p2a: Scizor|0 fnt\n|faint|p2a: Scizor\n|\n|upkeep\n|\n|t:|1776061247\n|switch|p2a: Archaludon|Archaludon, L50, M|21/100 par\n|turn|19\n|\n|t:|1776061252\n|move|p1a: Put a brick in|Hydro Pump|p2a: Archaludon\n|-resisted|p2a: Archaludon|1\n|-damage|p2a: Archaludon|0 fnt\n|faint|p2a: Archaludon\n|\n|win|MiraidonGaming\n|raw|MiraidonGaming's rating: 1207 &rarr; <strong>1226</strong><br />(+19 for winning)\n|raw|Phadtai's rating: 1121 &rarr; <strong>1102</strong><br />(-19 for losing)\n|l|\u2606Phadtai\n|player|p2|\n",
  "uploadtime": 1776061255,
  "views": 11,
  "formatid": "gen9championsbssregma",
  "rating": 1102,
  "private": 0,
  "password": null
}