{
  "id": "gen9championsbssregma-2585245169",
  "format": "[Gen 9 Champions] BSS Reg M-A",
  "players": [
    "Delibird Heart",
    "joguri"
  ],
  "log": "|j|\u2606Delibird Heart\n|j|\u2606joguri\n|t:|1776329374\n|gametype|singles\n|player|p1|Delibird Heart|#omclihearttakers|1190\n|player|p2|joguri|dawn|1305\n|gen|9\n|tier|[Gen 9 Champions] BSS Reg M-A\n|rated|\n|rule|Species Clause: Limit one of each Pok\u00e9mon\n|rule|Item Clause: Limit 1 of each item\n|clearpoke\n|poke|p1|Abomasnow, L50, M|\n|poke|p1|Glalie, L50, M|\n|poke|p1|Blastoise, L50, F|\n|poke|p1|Volcarona, L50, M|\n|poke|p1|Kingambit, L50, F|\n|poke|p1|Basculegion, L50, M|\n|poke|p2|Pelipper, L50, M|\n|poke|p2|Basculegion, L50, M|\n|poke|p2|Archaludon, L50, F|\n|poke|p2|Meganium, L50, F|\n|poke|p2|Garchomp, L50, F|\n|poke|p2|Lucario, L50, M|\n|teampreview|3\n|inactive|Battle timer is ON: inactive players will automatically lose when time's up. (requested by Delibird Heart)\n|inactive|Delibird Heart has 60 seconds left.\n|inactive|joguri has 60 seconds left.\n|\n|t:|1776329435\n|teamsize|p1|3\n|teamsize|p2|3\n|start\n|switch|p1a: Abomasnow|Abomasnow, L50, M|100/100\n|switch|p2a: Pelipper|Pelipper, L50, M|100/100\n|-weather|RainDance|[from] ability: Drizzle|[of] p2a: Pelipper\n|-weather|Snowscape|[from] ability: Snow Warning|[of] p1a: Abomasnow\n|turn|1\n|\n|t:|1776329448\n|move|p2a: Pelipper|Hurricane|p1a: Abomasnow\n|-supereffective|p1a: Abomasnow|1\n|-enditem|p1a: Abomasnow|Focus Sash\n|-damage|p1a: Abomasnow|1/100\n|-start|p1a: Abomasnow|confusion\n|-activate|p1a: Abomasnow|confusion\n|move|p1a: Abomasnow|Aurora Veil|p1a: Abomasnow\n|-sidestart|p1: Delibird Heart|move: Aurora Veil\n|\n|-weather|Snowscape|[upkeep]\n|upkeep\n|turn|2\n|\n|t:|1776329459\n|-activate|p1a: Abomasnow|confusion\n|-damage|p1a: Abomasnow|0 fnt|[from] confusion\n|faint|p1a: Abomasnow\n|move|p2a: Pelipper|U-turn|p1: Abomasnow|[notarget]\n|-fail|p2a: Pelipper\n|\n|-weather|Snowscape|[upkeep]\n|upkeep\n|\n|t:|1776329469\n|switch|p1a: Glalie|Glalie, L50, M|100/100\n|turn|3\n|\n|t:|1776329477\n|switch|p2a: Margikarp|Basculegion, L50, M|100/100\n|move|p1a: Glalie|Double Team|p1a: Glalie\n|-boost|p1a: Glalie|evasion|1\n|\n|-weather|Snowscape|[upkeep]\n|-ability|p1a: Glalie|Moody|boost\n|-boost|p1a: Glalie|atk|2\n|-unboost|p1a: Glalie|def|1\n|upkeep\n|turn|4\n|\n|t:|1776329492\n|move|p1a: Glalie|Protect|p1a: Glalie\n|-singleturn|p1a: Glalie|Protect\n|move|p2a: Margikarp|Waterfall|p1a: Glalie\n|-activate|p1a: Glalie|move: Protect\n|\n|-weather|Snowscape|[upkeep]\n|-ability|p1a: Glalie|Moody|boost\n|-boost|p1a: Glalie|spa|2\n|-unboost|p1a: Glalie|atk|1\n|upkeep\n|turn|5\n|\n|t:|1776329500\n|switch|p2a: Pelipper|Pelipper, L50, M|100/100\n|-weather|RainDance|[from] ability: Drizzle|[of] p2a: Pelipper\n|move|p1a: Glalie|Substitute|p1a: Glalie\n|-start|p1a: Glalie|Substitute\n|-damage|p1a: Glalie|75/100\n|\n|-weather|RainDance|[upkeep]\n|-heal|p1a: Glalie|81/100|[from] item: Leftovers\n|-sideend|p1: Delibird Heart|move: Aurora Veil\n|-ability|p1a: Glalie|Moody|boost\n|-boost|p1a: Glalie|spa|2\n|-unboost|p1a: Glalie|spe|1\n|upkeep\n|turn|6\n|\n|t:|1776329512\n|switch|p2a: Briduras|Archaludon, L50, F|100/100\n|move|p1a: Glalie|Protect||[still]\n|-fail|p1a: Glalie\n|\n|-weather|RainDance|[upkeep]\n|-heal|p1a: Glalie|87/100|[from] item: Leftovers\n|-ability|p1a: Glalie|Moody|boost\n|-boost|p1a: Glalie|spe|2\n|-unboost|p1a: Glalie|def|1\n|upkeep\n|turn|7\n|\n|t:|1776329521\n|move|p1a: Glalie|Protect|p1a: Glalie\n|-singleturn|p1a: Glalie|Protect\n|move|p2a: Briduras|Electro Shot||[still]\n|-prepare|p2a: Briduras|Electro Shot\n|-boost|p2a: Briduras|spa|1\n|-anim|p2a: Briduras|Electro Shot|p1a: Glalie\n|-activate|p1a: Glalie|move: Protect\n|\n|-weather|RainDance|[upkeep]\n|-heal|p1a: Glalie|93/100|[from] item: Leftovers\n|-ability|p1a: Glalie|Moody|boost\n|-boost|p1a: Glalie|atk|2\n|-unboost|p1a: Glalie|spe|1\n|upkeep\n|turn|8\n|\n|t:|1776329534\n|move|p2a: Briduras|Electro Shot||[still]\n|-prepare|p2a: Briduras|Electro Shot\n|-boost|p2a: Briduras|spa|1\n|-anim|p2a: Briduras|Electro Shot|p1a: Glalie\n|-end|p1a: Glalie|Substitute\n|move|p1a: Glalie|Freeze-Dry|p2a: Briduras\n|-damage|p2a: Briduras|19/100\n|-ability|p2a: Briduras|Stamina|boost\n|-boost|p2a: Briduras|def|1\n|\n|-weather|RainDance|[upkeep]\n|-heal|p2a: Briduras|25/100|[from] item: Leftovers\n|-heal|p1a: Glalie|99/100|[from] item: Leftovers\n|-ability|p1a: Glalie|Moody|boost\n|-boost|p1a: Glalie|spe|2\n|-unboost|p1a: Glalie|atk|1\n|upkeep\n|turn|9\n|\n|t:|1776329553\n|move|p1a: Glalie|Freeze-Dry|p2a: Briduras\n|-damage|p2a: Briduras|0 fnt\n|faint|p2a: Briduras\n|\n|-weather|none\n|-heal|p1a: Glalie|100/100|[from] item: Leftovers\n|-ability|p1a: Glalie|Moody|boost\n|-boost|p1a: Glalie|spe|2\n|-unboost|p1a: Glalie|atk|1\n|upkeep\n|\n|t:|1776329561\n|switch|p2a: Pelipper|Pelipper, L50, M|100/100\n|-weather|RainDance|[from] ability: Drizzle|[of] p2a: Pelipper\n|turn|10\n|\n|t:|1776329569\n|switch|p2a: Margikarp|Basculegion, L50, M|100/100\n|move|p1a: Glalie|Substitute|p1a: Glalie\n|-start|p1a: Glalie|Substitute\n|-damage|p1a: Glalie|75/100\n|\n|-weather|RainDance|[upkeep]\n|-heal|p1a: Glalie|81/100|[from] item: Leftovers\n|-ability|p1a: Glalie|Moody|boost\n|-boost|p1a: Glalie|spa|2\n|-unboost|p1a: Glalie|spd|1\n|upkeep\n|turn|11\n|\n|t:|1776329580\n|move|p1a: Glalie|Protect|p1a: Glalie\n|-singleturn|p1a: Glalie|Protect\n|move|p2a: Margikarp|Aqua Jet|p1a: Glalie\n|-activate|p1a: Glalie|move: Protect\n|\n|-weather|RainDance|[upkeep]\n|-heal|p1a: Glalie|87/100|[from] item: Leftovers\n|-ability|p1a: Glalie|Moody|boost\n|-boost|p1a: Glalie|spe|2\n|-unboost|p1a: Glalie|spa|1\n|upkeep\n|turn|12\n|\n|t:|1776329590\n|move|p2a: Margikarp|Aqua Jet|p1a: Glalie\n|-end|p1a: Glalie|Substitute\n|move|p1a: Glalie|Freeze-Dry|p2a: Margikarp\n|-supereffective|p2a: Margikarp|1\n|-damage|p2a: Margikarp|0 fnt\n|faint|p2a: Margikarp\n|\n|-weather|RainDance|[upkeep]\n|-heal|p1a: Glalie|93/100|[from] item: Leftovers\n|-ability|p1a: Glalie|Moody|boost\n|-boost|p1a: Glalie|def|2\n|-unboost|p1a: Glalie|spe|1\n|upkeep\n|-message|joguri forfeited.\n|\n|win|Delibird Heart\n|raw|Delibird Heart's rating: 1190 &rarr; <strong>1223</strong><br />(+33 for winning)\n|raw|joguri's rating: 1305 &rarr; <strong>1279</strong><br />(-26 for losing)\n|l|\u2606joguri\n|player|p2|\n",
  "uploadtime": 1776330073,
  "views": 19,
  "formatid": "gen9championsbssregma",
  "rating": 1223,
  "private": 0,
  "password": null
}