{
  "id": "gen9championsbssregma-2582282404",
  "format": "[Gen 9 Champions] BSS Reg M-A",
  "players": [
    "totg.soka",
    "karbain"
  ],
  "log": "|j|\u2606totg.soka\n|j|\u2606karbain\n|t:|1776079512\n|gametype|singles\n|player|p1|totg.soka|collector|1269\n|player|p2|karbain|170|1354\n|gen|9\n|tier|[Gen 9 Champions] BSS Reg M-A\n|rated|\n|rule|Species Clause: Limit one of each Pok\u00e9mon\n|rule|Item Clause: Limit 1 of each item\n|clearpoke\n|poke|p1|Lopunny, L50, M|\n|poke|p1|Meganium, L50, F|\n|poke|p1|Garchomp, L50, M|\n|poke|p1|Kleavor, L50, F|\n|poke|p1|Aegislash, L50, F|\n|poke|p1|Dragonite, L50, F|\n|poke|p2|Delphox, L50, M|\n|poke|p2|Lopunny, L50, M|\n|poke|p2|Corviknight, L50, F|\n|poke|p2|Bellibolt, L50, M|\n|poke|p2|Garchomp, L50, M|\n|poke|p2|Sneasler, L50, M|\n|teampreview|3\n|j| p74\n|inactive|Battle timer is ON: inactive players will automatically lose when time's up. (requested by totg.soka)\n|\n|t:|1776079610\n|teamsize|p1|3\n|teamsize|p2|3\n|start\n|switch|p1a: Garchomp|Garchomp, L50, M|100/100\n|switch|p2a: Delphox|Delphox, L50, M|100/100\n|turn|1\n|\n|t:|1776079622\n|detailschange|p2a: Delphox|Delphox-Mega, L50, M\n|-mega|p2a: Delphox|Delphox|Delphoxite\n|move|p1a: Garchomp|Rock Slide|p2a: Delphox\n|-supereffective|p2a: Delphox|1\n|-damage|p2a: Delphox|14/100\n|move|p2a: Delphox|Psyshock|p1a: Garchomp\n|-damage|p1a: Garchomp|52/100\n|\n|upkeep\n|turn|2\n|\n|t:|1776079640\n|switch|p2a: Garchomp|Garchomp, L50, M|100/100\n|move|p1a: Garchomp|Rock Slide|p2a: Garchomp|[miss]\n|-miss|p1a: Garchomp|p2a: Garchomp\n|\n|upkeep\n|turn|3\n|\n|t:|1776079649\n|switch|p1a: Meganium|Meganium, L50, F|100/100\n|move|p2a: Garchomp|Swords Dance|p2a: Garchomp\n|-boost|p2a: Garchomp|atk|2\n|\n|upkeep\n|turn|4\n|\n|t:|1776079661\n|detailschange|p1a: Meganium|Meganium-Mega, L50, F\n|-mega|p1a: Meganium|Meganium|Meganiumite\n|move|p2a: Garchomp|Earthquake|p1a: Meganium\n|-resisted|p1a: Meganium|1\n|-damage|p1a: Meganium|54/100\n|move|p1a: Meganium|Dazzling Gleam|p2a: Garchomp\n|-supereffective|p2a: Garchomp|1\n|-enditem|p2a: Garchomp|Focus Sash\n|-damage|p2a: Garchomp|1/100\n|\n|upkeep\n|turn|5\n|\n|t:|1776079677\n|move|p2a: Garchomp|Earthquake|p1a: Meganium\n|-resisted|p1a: Meganium|1\n|-damage|p1a: Meganium|5/100\n|move|p1a: Meganium|Synthesis|p1a: Meganium\n|-heal|p1a: Meganium|72/100\n|\n|upkeep\n|turn|6\n|\n|t:|1776079688\n|switch|p2a: Bellibolt|Bellibolt, L50, M|100/100\n|move|p1a: Meganium|Synthesis|p1a: Meganium\n|-heal|p1a: Meganium|100/100\n|\n|upkeep\n|turn|7\n|\n|t:|1776079696\n|move|p1a: Meganium|Solar Beam||[still]\n|-prepare|p1a: Meganium|Solar Beam\n|-activate|p1a: Meganium|ability: Mega Sol\n|-anim|p1a: Meganium|Solar Beam|p2a: Bellibolt\n|-damage|p2a: Bellibolt|36/100\n|-start|p2a: Bellibolt|Charge|Solar Beam|[from] ability: Electromorphosis\n|-enditem|p2a: Bellibolt|Sitrus Berry|[eat]\n|-heal|p2a: Bellibolt|61/100|[from] item: Sitrus Berry\n|move|p2a: Bellibolt|Acid Spray|p1a: Meganium\n|-supereffective|p1a: Meganium|2\n|-damage|p1a: Meganium|47/100\n|-unboost|p1a: Meganium|spd|2\n|\n|upkeep\n|turn|8\n|\n|t:|1776079719\n|move|p1a: Meganium|Solar Beam||[still]\n|-prepare|p1a: Meganium|Solar Beam\n|-activate|p1a: Meganium|ability: Mega Sol\n|-anim|p1a: Meganium|Solar Beam|p2a: Bellibolt\n|-damage|p2a: Bellibolt|0 fnt\n|faint|p2a: Bellibolt\n|\n|upkeep\n|\n|t:|1776079727\n|switch|p2a: Delphox|Delphox-Mega, L50, M|14/100\n|turn|9\n|\n|t:|1776079737\n|move|p2a: Delphox|Flamethrower|p1a: Meganium\n|-supereffective|p1a: Meganium|1\n|-damage|p1a: Meganium|0 fnt\n|faint|p1a: Meganium\n|\n|upkeep\n|\n|t:|1776079742\n|switch|p1a: Garchomp|Garchomp, L50, M|52/100\n|turn|10\n|\n|t:|1776079755\n|move|p1a: Garchomp|Outrage|p2a: Delphox\n|-damage|p2a: Delphox|0 fnt\n|faint|p2a: Delphox\n|\n|upkeep\n|-message|karbain forfeited.\n|\n|win|totg.soka\n|raw|totg.soka's rating: 1269 &rarr; <strong>1300</strong><br />(+31 for winning)\n|raw|karbain's rating: 1354 &rarr; <strong>1329</strong><br />(-25 for losing)\n|l|\u2606karbain\n|player|p2|\n|l|\u2606totg.soka\n|player|p1|\n",
  "uploadtime": 1776079813,
  "views": 6,
  "formatid": "gen9championsbssregma",
  "rating": 1300,
  "private": 0,
  "password": null
}