{
  "id": "gen9championsbssregma-2584268999",
  "format": "[Gen 9 Champions] BSS Reg M-A",
  "players": [
    "hrztkb",
    "hoshigumo1101"
  ],
  "log": "|j|\u2606hrztkb\n|j|\u2606hoshigumo1101\n|t:|1776245341\n|gametype|singles\n|player|p1|hrztkb|101|1356\n|player|p2|hoshigumo1101|acetrainerf|1389\n|gen|9\n|tier|[Gen 9 Champions] BSS Reg M-A\n|rated|\n|rule|Species Clause: Limit one of each Pok\u00e9mon\n|rule|Item Clause: Limit 1 of each item\n|clearpoke\n|poke|p1|Gyarados, L50, M|\n|poke|p1|Aegislash, L50, M|\n|poke|p1|Garchomp, L50, F|\n|poke|p1|Primarina, L50, M|\n|poke|p1|Venusaur, L50, F|\n|poke|p1|Archaludon, L50, F|\n|poke|p2|Aegislash, L50, M|\n|poke|p2|Kangaskhan, L50, F|\n|poke|p2|Corviknight, L50, M|\n|poke|p2|Incineroar, L50, F|\n|poke|p2|Garchomp, L50, M|\n|poke|p2|Venusaur, L50, M|\n|teampreview|3\n|j| p74\n|\n|t:|1776245371\n|teamsize|p1|3\n|teamsize|p2|3\n|start\n|switch|p1a: Archaludon|Archaludon, L50, F|100/100\n|switch|p2a: Incineroar|Incineroar, L50, F|100/100\n|-ability|p2a: Incineroar|Intimidate|boost\n|-unboost|p1a: Archaludon|atk|1\n|turn|1\n|\n|t:|1776245379\n|move|p1a: Archaludon|Stealth Rock|p2a: Incineroar\n|-sidestart|p2: hoshigumo1101|move: Stealth Rock\n|move|p2a: Incineroar|Will-O-Wisp|p1a: Archaludon\n|-status|p1a: Archaludon|brn\n|\n|-damage|p1a: Archaludon|94/100 brn|[from] brn\n|upkeep\n|turn|2\n|\n|t:|1776245385\n|move|p2a: Incineroar|Fire Blast|p1a: Archaludon\n|-damage|p1a: Archaludon|64/100 brn\n|-ability|p1a: Archaludon|Stamina|boost\n|-boost|p1a: Archaludon|def|1\n|move|p1a: Archaludon|Dragon Tail|p2a: Incineroar\n|-damage|p2a: Incineroar|96/100\n|drag|p2a: Aegislash|Aegislash, L50, M|100/100\n|-damage|p2a: Aegislash|95/100|[from] Stealth Rock\n|\n|-damage|p1a: Archaludon|58/100 brn|[from] brn\n|upkeep\n|turn|3\n|\n|t:|1776245400\n|-formechange|p2a: Aegislash|Aegislash-Blade|\n|move|p2a: Aegislash|Close Combat|p1a: Archaludon\n|-supereffective|p1a: Archaludon|1\n|-damage|p1a: Archaludon|11/100 brn\n|-unboost|p2a: Aegislash|def|1\n|-unboost|p2a: Aegislash|spd|1\n|-ability|p1a: Archaludon|Stamina|boost\n|-boost|p1a: Archaludon|def|1\n|-enditem|p1a: Archaludon|Sitrus Berry|[eat]\n|-heal|p1a: Archaludon|36/100 brn|[from] item: Sitrus Berry\n|move|p1a: Archaludon|Dragon Tail|p2a: Aegislash\n|-resisted|p2a: Aegislash|1\n|-damage|p2a: Aegislash|84/100\n|drag|p2a: Venusaur|Venusaur, L50, M|100/100\n|-damage|p2a: Venusaur|88/100|[from] Stealth Rock\n|\n|-damage|p1a: Archaludon|30/100 brn|[from] brn\n|upkeep\n|turn|4\n|\n|t:|1776245417\n|detailschange|p2a: Venusaur|Venusaur-Mega, L50, M\n|-mega|p2a: Venusaur|Venusaur|Venusaurite\n|move|p2a: Venusaur|Earth Power|p1a: Archaludon\n|-supereffective|p1a: Archaludon|1\n|-damage|p1a: Archaludon|0 fnt\n|faint|p1a: Archaludon\n|\n|upkeep\n|\n|t:|1776245428\n|switch|p1a: Gyarados|Gyarados, L50, M, shiny|100/100\n|-ability|p1a: Gyarados|Intimidate|boost\n|-unboost|p2a: Venusaur|atk|1\n|turn|5\n|\n|t:|1776245435\n|move|p1a: Gyarados|Dragon Dance|p1a: Gyarados\n|-boost|p1a: Gyarados|atk|1\n|-boost|p1a: Gyarados|spe|1\n|move|p2a: Venusaur|Leech Seed|p1a: Gyarados\n|-start|p1a: Gyarados|move: Leech Seed\n|\n|-damage|p1a: Gyarados|88/100|[from] Leech Seed|[of] p2a: Venusaur\n|-heal|p2a: Venusaur|99/100|[silent]\n|upkeep\n|turn|6\n|\n|t:|1776245442\n|switch|p2a: Incineroar|Incineroar, L50, F|96/100\n|-damage|p2a: Incineroar|71/100|[from] Stealth Rock\n|-ability|p2a: Incineroar|Intimidate|boost\n|-unboost|p1a: Gyarados|atk|1\n|move|p1a: Gyarados|Dragon Dance|p1a: Gyarados\n|-boost|p1a: Gyarados|atk|1\n|-boost|p1a: Gyarados|spe|1\n|\n|-damage|p1a: Gyarados|76/100|[from] Leech Seed|[of] p2a: Incineroar\n|-heal|p2a: Incineroar|82/100|[silent]\n|upkeep\n|turn|7\n|\n|t:|1776245453\n|detailschange|p1a: Gyarados|Gyarados-Mega, L50, M, shiny\n|-mega|p1a: Gyarados|Gyarados|Gyaradosite\n|-ability|p1a: Gyarados|Mold Breaker\n|move|p1a: Gyarados|Waterfall|p2a: Incineroar\n|-supereffective|p2a: Incineroar|1\n|-damage|p2a: Incineroar|0 fnt\n|faint|p2a: Incineroar\n|\n|upkeep\n|\n|t:|1776245460\n|switch|p2a: Aegislash|Aegislash, L50, M|84/100\n|-damage|p2a: Aegislash|78/100|[from] Stealth Rock\n|turn|8\n|\n|t:|1776245466\n|move|p1a: Gyarados|Earthquake|p2a: Aegislash\n|-supereffective|p2a: Aegislash|1\n|-damage|p2a: Aegislash|0 fnt\n|faint|p2a: Aegislash\n|\n|upkeep\n|\n|t:|1776245469\n|switch|p2a: Venusaur|Venusaur-Mega, L50, M|99/100\n|-damage|p2a: Venusaur|87/100|[from] Stealth Rock\n|turn|9\n|\n|t:|1776245473\n|move|p1a: Gyarados|Earthquake|p2a: Venusaur\n|-damage|p2a: Venusaur|48/100\n|move|p2a: Venusaur|Giga Drain|p1a: Gyarados\n|-supereffective|p1a: Gyarados|1\n|-damage|p1a: Gyarados|23/100\n|-heal|p2a: Venusaur|72/100|[from] drain|[of] p1a: Gyarados\n|\n|-damage|p1a: Gyarados|11/100|[from] Leech Seed|[of] p2a: Venusaur\n|-heal|p2a: Venusaur|83/100|[silent]\n|upkeep\n|turn|10\n|\n|t:|1776245482\n|move|p1a: Gyarados|Crunch|p2a: Venusaur\n|-damage|p2a: Venusaur|35/100\n|move|p2a: Venusaur|Giga Drain|p1a: Gyarados\n|-supereffective|p1a: Gyarados|1\n|-damage|p1a: Gyarados|0 fnt\n|-heal|p2a: Venusaur|40/100|[from] drain|[of] p1a: Gyarados\n|faint|p1a: Gyarados\n|\n|upkeep\n|\n|t:|1776245489\n|switch|p1a: Aegislash|Aegislash, L50, M|100/100\n|turn|11\n|\n|t:|1776245494\n|move|p2a: Venusaur|Leech Seed|p1a: Aegislash\n|-start|p1a: Aegislash|move: Leech Seed\n|-formechange|p1a: Aegislash|Aegislash-Blade|\n|move|p1a: Aegislash|Poltergeist|p2a: Venusaur|[miss]\n|-miss|p1a: Aegislash|p2a: Venusaur\n|\n|-damage|p1a: Aegislash|89/100|[from] Leech Seed|[of] p2a: Venusaur\n|-heal|p2a: Venusaur|50/100|[silent]\n|upkeep\n|turn|12\n|\n|t:|1776245502\n|-formechange|p1a: Aegislash|Aegislash|\n|move|p1a: Aegislash|King's Shield|p1a: Aegislash\n|-singleturn|p1a: Aegislash|Protect\n|move|p2a: Venusaur|Earth Power|p1a: Aegislash\n|-activate|p1a: Aegislash|move: Protect\n|\n|-damage|p1a: Aegislash|77/100|[from] Leech Seed|[of] p2a: Venusaur\n|-heal|p2a: Venusaur|60/100|[silent]\n|upkeep\n|turn|13\n|\n|t:|1776245510\n|move|p2a: Venusaur|Earth Power|p1a: Aegislash\n|-supereffective|p1a: Aegislash|1\n|-damage|p1a: Aegislash|29/100\n|-unboost|p1a: Aegislash|spd|1\n|-formechange|p1a: Aegislash|Aegislash-Blade|\n|move|p1a: Aegislash|Poltergeist|p2a: Venusaur\n|-activate|p2a: Venusaur|move: Poltergeist|Venusaurite\n|-damage|p2a: Venusaur|9/100\n|\n|-damage|p1a: Aegislash|17/100|[from] Leech Seed|[of] p2a: Venusaur\n|-heal|p2a: Venusaur|19/100|[silent]\n|upkeep\n|turn|14\n|\n|t:|1776245521\n|move|p1a: Aegislash|Shadow Sneak|p2a: Venusaur\n|-damage|p2a: Venusaur|0 fnt\n|faint|p2a: Venusaur\n|\n|win|hrztkb\n|raw|hrztkb's rating: 1356 &rarr; <strong>1378</strong><br />(+22 for winning)\n|raw|hoshigumo1101's rating: 1389 &rarr; <strong>1367</strong><br />(-22 for losing)\n|l|\u2606hrztkb\n|player|p1|\n|l|\u2606hoshigumo1101\n|player|p2|\n",
  "uploadtime": 1776245888,
  "views": 11,
  "formatid": "gen9championsbssregma",
  "rating": 1367,
  "private": 0,
  "password": null
}