{
  "id": "gen9championsbssregma-2588863072",
  "format": "[Gen 9 Champions] BSS Reg M-A",
  "players": [
    "2026412myyzzz",
    "Bbbkty"
  ],
  "log": "|j|\u26062026412myyzzz\n|j|\u2606Bbbkty\n|t:|1776679889\n|gametype|singles\n|player|p1|2026412myyzzz|102|1271\n|player|p2|Bbbkty|1|1151\n|gen|9\n|tier|[Gen 9 Champions] BSS Reg M-A\n|rated|\n|rule|Species Clause: Limit one of each Pok\u00e9mon\n|rule|Item Clause: Limit 1 of each item\n|clearpoke\n|poke|p1|Kangaskhan, L50, F|\n|poke|p1|Basculegion, L50, M|\n|poke|p1|Primarina, L50, F|\n|poke|p1|Garchomp, L50, M|\n|poke|p1|Aegislash, L50, F|\n|poke|p1|Dragonite, L50, F|\n|poke|p2|Clefable, L50, F|\n|poke|p2|Charizard, L50, F|\n|poke|p2|Mimikyu, L50, M|\n|poke|p2|Kingambit, L50, F|\n|poke|p2|Espathra, L50, M|\n|poke|p2|Glimmora, L50, F|\n|teampreview|3\n|inactive|Battle timer is ON: inactive players will automatically lose when time's up. (requested by Bbbkty)\n|\n|t:|1776679903\n|teamsize|p1|3\n|teamsize|p2|3\n|start\n|switch|p1a: Kangaskhan|Kangaskhan, L50, F|100/100\n|switch|p2a: Glimmora|Glimmora, L50, F|100/100\n|turn|1\n|\n|t:|1776679914\n|detailschange|p1a: Kangaskhan|Kangaskhan-Mega, L50, F\n|-mega|p1a: Kangaskhan|Kangaskhan|Kangaskhanite\n|move|p2a: Glimmora|Stealth Rock|p1a: Kangaskhan\n|-sidestart|p1: 2026412myyzzz|move: Stealth Rock\n|move|p1a: Kangaskhan|Earthquake|p2a: Glimmora\n|-supereffective|p2a: Glimmora|2\n|-enditem|p2a: Glimmora|Focus Sash\n|-damage|p2a: Glimmora|1/100\n|-activate|p2a: Glimmora|ability: Toxic Debris\n|-sidestart|p1: 2026412myyzzz|move: Toxic Spikes\n|-supereffective|p2a: Glimmora|2\n|-crit|p2a: Glimmora\n|-damage|p2a: Glimmora|0 fnt\n|-activate|p2a: Glimmora|ability: Toxic Debris\n|-sidestart|p1: 2026412myyzzz|move: Toxic Spikes\n|faint|p2a: Glimmora\n|-hitcount|p2: Glimmora|2\n|\n|upkeep\n|\n|t:|1776679937\n|switch|p2a: Espathra|Espathra, L50, M|100/100\n|turn|2\n|\n|t:|1776679947\n|move|p2a: Espathra|Protect|p2a: Espathra\n|-singleturn|p2a: Espathra|Protect\n|move|p1a: Kangaskhan|Double-Edge|p2a: Espathra\n|-activate|p2a: Espathra|move: Protect\n|\n|-ability|p2a: Espathra|Speed Boost|boost\n|-boost|p2a: Espathra|spe|1\n|upkeep\n|turn|3\n|inactive|Bbbkty has 30 seconds left.\n|\n|t:|1776679974\n|move|p2a: Espathra|Calm Mind|p2a: Espathra\n|-boost|p2a: Espathra|spa|1\n|-boost|p2a: Espathra|spd|1\n|move|p1a: Kangaskhan|Double-Edge|p2a: Espathra\n|-damage|p2a: Espathra|18/100\n|-enditem|p2a: Espathra|Sitrus Berry|[eat]\n|-heal|p2a: Espathra|43/100|[from] item: Sitrus Berry\n|-damage|p2a: Espathra|22/100\n|-hitcount|p2a: Espathra|2\n|-damage|p1a: Kangaskhan|66/100|[from] Recoil\n|\n|-ability|p2a: Espathra|Speed Boost|boost\n|-boost|p2a: Espathra|spe|1\n|upkeep\n|turn|4\n|\n|t:|1776679987\n|move|p2a: Espathra|Protect|p2a: Espathra\n|-singleturn|p2a: Espathra|Protect\n|move|p1a: Kangaskhan|Double-Edge|p2a: Espathra\n|-activate|p2a: Espathra|move: Protect\n|\n|-ability|p2a: Espathra|Speed Boost|boost\n|-boost|p2a: Espathra|spe|1\n|upkeep\n|turn|5\n|\n|t:|1776679994\n|move|p2a: Espathra|Lumina Crash|p1a: Kangaskhan\n|-damage|p1a: Kangaskhan|29/100\n|-unboost|p1a: Kangaskhan|spd|2\n|move|p1a: Kangaskhan|Double-Edge|p2a: Espathra\n|-damage|p2a: Espathra|0 fnt\n|faint|p2a: Espathra\n|-hitcount|p2: Espathra|1\n|-damage|p1a: Kangaskhan|22/100|[from] Recoil\n|\n|upkeep\n|\n|t:|1776680001\n|switch|p2a: Clefable|Clefable, L50, F|100/100\n|turn|6\n|\n|t:|1776680005\n|detailschange|p2a: Clefable|Clefable-Mega, L50, F\n|-mega|p2a: Clefable|Clefable|Clefablite\n|move|p1a: Kangaskhan|Double-Edge|p2a: Clefable\n|-damage|p2a: Clefable|59/100\n|-damage|p2a: Clefable|49/100\n|-hitcount|p2a: Clefable|2\n|-damage|p1a: Kangaskhan|5/100|[from] Recoil\n|move|p2a: Clefable|Cosmic Power|p2a: Clefable\n|-boost|p2a: Clefable|def|1\n|-boost|p2a: Clefable|spd|1\n|\n|upkeep\n|turn|7\n|\n|t:|1776680016\n|switch|p1a: Primarina|Primarina, L50, F|100/100\n|-damage|p1a: Primarina|88/100|[from] Stealth Rock\n|-status|p1a: Primarina|tox\n|move|p2a: Clefable|Moonlight|p2a: Clefable\n|-heal|p2a: Clefable|99/100\n|\n|-heal|p1a: Primarina|94/100 tox|[from] item: Leftovers\n|-damage|p1a: Primarina|88/100 tox|[from] psn\n|upkeep\n|turn|8\n|\n|t:|1776680023\n|move|p2a: Clefable|Cosmic Power|p2a: Clefable\n|-boost|p2a: Clefable|def|1\n|-boost|p2a: Clefable|spd|1\n|move|p1a: Primarina|Perish Song|p1a: Primarina\n|-start|p1a: Primarina|perish3|[silent]\n|-start|p2a: Clefable|perish3|[silent]\n|-fieldactivate|move: Perish Song\n|\n|-heal|p1a: Primarina|94/100 tox|[from] item: Leftovers\n|-damage|p1a: Primarina|82/100 tox|[from] psn\n|-start|p2a: Clefable|perish3\n|-start|p1a: Primarina|perish3\n|upkeep\n|turn|9\n|\n|t:|1776680030\n|move|p1a: Primarina|Protect|p1a: Primarina\n|-singleturn|p1a: Primarina|Protect\n|move|p2a: Clefable|Stored Power|p1a: Primarina\n|-activate|p1a: Primarina|move: Protect\n|\n|-heal|p1a: Primarina|88/100 tox|[from] item: Leftovers\n|-damage|p1a: Primarina|71/100 tox|[from] psn\n|-start|p2a: Clefable|perish2\n|-start|p1a: Primarina|perish2\n|upkeep\n|turn|10\n|\n|t:|1776680035\n|move|p1a: Primarina|Protect|p1a: Primarina\n|-singleturn|p1a: Primarina|Protect\n|move|p2a: Clefable|Stored Power|p1a: Primarina\n|-activate|p1a: Primarina|move: Protect\n|\n|-heal|p1a: Primarina|76/100 tox|[from] item: Leftovers\n|-damage|p1a: Primarina|53/100 tox|[from] psn\n|-start|p2a: Clefable|perish1\n|-start|p1a: Primarina|perish1\n|upkeep\n|turn|11\n|\n|t:|1776680039\n|move|p1a: Primarina|Protect||[still]\n|-fail|p1a: Primarina\n|move|p2a: Clefable|Stored Power|p1a: Primarina\n|-damage|p1a: Primarina|27/100 tox\n|\n|-heal|p1a: Primarina|33/100 tox|[from] item: Leftovers\n|-damage|p1a: Primarina|4/100 tox|[from] psn\n|-start|p2a: Clefable|perish0\n|-start|p1a: Primarina|perish0\n|upkeep\n|faint|p2a: Clefable\n|faint|p1a: Primarina\n|\n|win|2026412myyzzz\n|raw|2026412myyzzz's rating: 1271 &rarr; <strong>1287</strong><br />(+16 for winning)\n|raw|Bbbkty's rating: 1133 &rarr; <strong>1117</strong><br />(-16 for losing)\n|l|\u26062026412myyzzz\n|player|p1|\n",
  "uploadtime": 1776680043,
  "views": 1,
  "formatid": "gen9championsbssregma",
  "rating": 1117,
  "private": 0,
  "password": null
}