{
  "id": "gen9championsbssregma-2583280267",
  "format": "[Gen 9 Champions] BSS Reg M-A",
  "players": [
    "388737dgtgt",
    "M Y Raymachine"
  ],
  "log": "|j|\u2606388737dgtgt\n|j|\u2606M Y Raymachine\n|t:|1776162666\n|gametype|singles\n|player|p1|388737dgtgt|266|1269\n|player|p2|M Y Raymachine|waiter-gen4|1276\n|gen|9\n|tier|[Gen 9 Champions] BSS Reg M-A\n|rated|\n|rule|Species Clause: Limit one of each Pok\u00e9mon\n|rule|Item Clause: Limit 1 of each item\n|clearpoke\n|poke|p1|Conkeldurr, L50, F|\n|poke|p1|Scizor, L50, M|\n|poke|p1|Lucario, L50, F|\n|poke|p1|Dragonite, L50, F|\n|poke|p1|Gyarados, L50, F|\n|poke|p1|Archaludon, L50, F|\n|poke|p2|Charizard, L50, M|\n|poke|p2|Skarmory, L50, M|\n|poke|p2|Garchomp, L50, M|\n|poke|p2|Hydreigon, L50, M|\n|poke|p2|Greninja-*, L50, M|\n|poke|p2|Aegislash, L50, M|\n|teampreview|3\n|inactive|Battle timer is ON: inactive players will automatically lose when time's up. (requested by 388737dgtgt)\n|j| p74\n|inactive|M Y Raymachine has 60 seconds left.\n|\n|t:|1776162723\n|teamsize|p1|3\n|teamsize|p2|3\n|start\n|switch|p1a: Dragonite|Dragonite, L50, F|100/100\n|switch|p2a: Charizard|Charizard, L50, M, shiny|100/100\n|turn|1\n|\n|t:|1776162728\n|detailschange|p2a: Charizard|Charizard-Mega-Y, L50, M, shiny\n|-mega|p2a: Charizard|Charizard|Charizardite Y\n|-weather|SunnyDay|[from] ability: Drought|[of] p2a: Charizard\n|move|p2a: Charizard|Flame Charge|p1a: Dragonite\n|-resisted|p1a: Dragonite|1\n|-damage|p1a: Dragonite|95/100\n|-boost|p2a: Charizard|spe|1\n|move|p1a: Dragonite|Dragon Pulse|p2a: Charizard\n|-damage|p2a: Charizard|57/100\n|\n|-weather|SunnyDay|[upkeep]\n|upkeep\n|turn|2\n|\n|t:|1776162737\n|move|p2a: Charizard|Dragon Pulse|p1a: Dragonite\n|-supereffective|p1a: Dragonite|1\n|-damage|p1a: Dragonite|32/100\n|move|p1a: Dragonite|Roost|p1a: Dragonite\n|-heal|p1a: Dragonite|82/100\n|-singleturn|p1a: Dragonite|move: Roost\n|\n|-weather|SunnyDay|[upkeep]\n|upkeep\n|turn|3\n|\n|t:|1776162742\n|move|p2a: Charizard|Dragon Pulse|p1a: Dragonite\n|-supereffective|p1a: Dragonite|1\n|-damage|p1a: Dragonite|20/100\n|move|p1a: Dragonite|Dragon Pulse|p2a: Charizard\n|-damage|p2a: Charizard|16/100\n|\n|-weather|SunnyDay|[upkeep]\n|upkeep\n|turn|4\n|\n|t:|1776162751\n|move|p1a: Dragonite|Extreme Speed|p2a: Charizard\n|-damage|p2a: Charizard|0 fnt\n|faint|p2a: Charizard\n|\n|-weather|SunnyDay|[upkeep]\n|upkeep\n|\n|t:|1776162756\n|switch|p2a: Aegislash|Aegislash, L50, M, shiny|100/100\n|turn|5\n|\n|t:|1776162764\n|switch|p1a: Gyarados|Gyarados, L50, F|100/100\n|-ability|p1a: Gyarados|Intimidate|boost\n|-unboost|p2a: Aegislash|atk|1\n|-formechange|p2a: Aegislash|Aegislash-Blade|\n|move|p2a: Aegislash|Shadow Sneak|p1a: Gyarados\n|-damage|p1a: Gyarados|79/100\n|\n|-weather|none\n|upkeep\n|turn|6\n|\n|t:|1776162772\n|switch|p2a: Hydreigon|Hydreigon, L50, M|100/100\n|detailschange|p1a: Gyarados|Gyarados-Mega, L50, F\n|-mega|p1a: Gyarados|Gyarados|Gyaradosite\n|-ability|p1a: Gyarados|Mold Breaker\n|move|p1a: Gyarados|Dragon Dance|p1a: Gyarados\n|-boost|p1a: Gyarados|atk|1\n|-boost|p1a: Gyarados|spe|1\n|\n|upkeep\n|turn|7\n|\n|t:|1776162784\n|move|p2a: Hydreigon|Draco Meteor|p1a: Gyarados|[miss]\n|-miss|p2a: Hydreigon|p1a: Gyarados\n|move|p1a: Gyarados|Dragon Dance|p1a: Gyarados\n|-boost|p1a: Gyarados|atk|1\n|-boost|p1a: Gyarados|spe|1\n|\n|upkeep\n|turn|8\n|-message|M Y Raymachine forfeited.\n|\n|win|388737dgtgt\n|raw|388737dgtgt's rating: 1269 &rarr; <strong>1295</strong><br />(+26 for winning)\n|raw|M Y Raymachine's rating: 1276 &rarr; <strong>1250</strong><br />(-26 for losing)\n|l|\u2606M Y Raymachine\n|player|p2|\n|l|\u2606388737dgtgt\n|player|p1|\n",
  "uploadtime": 1776162827,
  "views": 2,
  "formatid": "gen9championsbssregma",
  "rating": 1250,
  "private": 0,
  "password": null
}