{
  "id": "gen9championsbssregma-2585205464",
  "format": "[Gen 9 Champions] BSS Reg M-A",
  "players": [
    "BandedRae",
    "Auraguardian6"
  ],
  "log": "|j|\u2606BandedRae\n|j|\u2606Auraguardian6\n|t:|1776324797\n|gametype|singles\n|player|p1|BandedRae|1|1198\n|player|p2|Auraguardian6|101|1136\n|gen|9\n|tier|[Gen 9 Champions] BSS Reg M-A\n|rated|\n|rule|Species Clause: Limit one of each Pok\u00e9mon\n|rule|Item Clause: Limit 1 of each item\n|clearpoke\n|poke|p1|Alakazam, L50, M|\n|poke|p1|Volcarona, L50, M|\n|poke|p1|Garchomp, L50, F|\n|poke|p1|Ceruledge, L50, M|\n|poke|p1|Meowscarada, L50, M|\n|poke|p1|Clefable, L50, F|\n|poke|p2|Greninja-*, L50, M|\n|poke|p2|Clefable, L50, M|\n|poke|p2|Garchomp, L50, F|\n|poke|p2|Meowscarada, L50, M|\n|poke|p2|Corviknight, L50, F|\n|poke|p2|Espathra, L50, F|\n|teampreview|3\n|inactive|Battle timer is ON: inactive players will automatically lose when time's up. (requested by BandedRae)\n|j| The Educated Fool\n|inactive|Auraguardian6 has 60 seconds left.\n|\n|t:|1776324848\n|teamsize|p1|3\n|teamsize|p2|3\n|start\n|switch|p1a: Ceruledge|Ceruledge, L50, M|100/100\n|switch|p2a: Clefable|Clefable, L50, M, shiny|100/100\n|turn|1\n|\n|t:|1776324865\n|switch|p2a: Garchomp|Garchomp, L50, F|100/100\n|move|p1a: Ceruledge|Poltergeist|p2a: Garchomp\n|-activate|p2a: Garchomp|move: Poltergeist|Focus Sash\n|-damage|p2a: Garchomp|41/100\n|\n|upkeep\n|turn|2\n|\n|t:|1776324877\n|move|p2a: Garchomp|Earthquake|p1a: Ceruledge\n|-supereffective|p1a: Ceruledge|1\n|-enditem|p1a: Ceruledge|Focus Sash\n|-damage|p1a: Ceruledge|1/100\n|-ability|p1a: Ceruledge|Weak Armor|boost\n|-unboost|p1a: Ceruledge|def|1\n|-boost|p1a: Ceruledge|spe|2\n|move|p1a: Ceruledge|Swords Dance|p1a: Ceruledge\n|-boost|p1a: Ceruledge|atk|2\n|\n|upkeep\n|turn|3\n|\n|t:|1776324898\n|move|p1a: Ceruledge|Poltergeist|p2a: Garchomp\n|-activate|p2a: Garchomp|move: Poltergeist|Focus Sash\n|-damage|p2a: Garchomp|0 fnt\n|faint|p2a: Garchomp\n|\n|upkeep\n|\n|t:|1776324905\n|switch|p2a: Clefable|Clefable, L50, M, shiny|100/100\n|turn|4\n|\n|t:|1776324908\n|move|p1a: Ceruledge|Bitter Blade|p2a: Clefable\n|-damage|p2a: Clefable|61/100\n|-heal|p1a: Ceruledge|28/100|[from] drain|[of] p2a: Clefable\n|move|p2a: Clefable|Moonblast|p1a: Ceruledge\n|-resisted|p1a: Ceruledge|1\n|-damage|p1a: Ceruledge|8/100\n|\n|upkeep\n|turn|5\n|\n|t:|1776324919\n|move|p1a: Ceruledge|Bitter Blade|p2a: Clefable\n|-damage|p2a: Clefable|25/100\n|-heal|p1a: Ceruledge|32/100|[from] drain|[of] p2a: Clefable\n|move|p2a: Clefable|Moonlight|p2a: Clefable\n|-heal|p2a: Clefable|75/100\n|\n|upkeep\n|turn|6\n|\n|t:|1776324929\n|move|p1a: Ceruledge|Bitter Blade|p2a: Clefable\n|-damage|p2a: Clefable|39/100\n|-heal|p1a: Ceruledge|57/100|[from] drain|[of] p2a: Clefable\n|move|p2a: Clefable|Calm Mind|p2a: Clefable\n|-boost|p2a: Clefable|spa|1\n|-boost|p2a: Clefable|spd|1\n|\n|upkeep\n|turn|7\n|\n|t:|1776324941\n|move|p1a: Ceruledge|Poltergeist|p2a: Clefable\n|-activate|p2a: Clefable|move: Poltergeist|Clefablite\n|-damage|p2a: Clefable|0 fnt\n|faint|p2a: Clefable\n|\n|upkeep\n|-message|Auraguardian6 forfeited.\n|\n|win|BandedRae\n|raw|BandedRae's rating: 1198 &rarr; <strong>1219</strong><br />(+21 for winning)\n|raw|Auraguardian6's rating: 1136 &rarr; <strong>1115</strong><br />(-21 for losing)\n|l|\u2606Auraguardian6\n|player|p2|\n|l|\u2606BandedRae\n|player|p1|\n",
  "uploadtime": 1776325841,
  "views": 5,
  "formatid": "gen9championsbssregma",
  "rating": 1115,
  "private": 0,
  "password": null
}