{
  "id": "gen9championsbssregma-2585996939",
  "format": "[Gen 9 Champions] BSS Reg M-A",
  "players": [
    "DGENERAT",
    "fletchyfletchy"
  ],
  "log": "|j|\u2606DGENERAT\n|j|\u2606fletchyfletchy\n|t:|1776388717\n|gametype|singles\n|player|p1|DGENERAT|guzma|1235\n|player|p2|fletchyfletchy|liko|1108\n|gen|9\n|tier|[Gen 9 Champions] BSS Reg M-A\n|rated|\n|rule|Species Clause: Limit one of each Pok\u00e9mon\n|rule|Item Clause: Limit 1 of each item\n|clearpoke\n|poke|p1|Starmie, L50|\n|poke|p1|Archaludon, L50, F|\n|poke|p1|Meowscarada, L50, M|\n|poke|p1|Ninetales-Alola, L50, M|\n|poke|p1|Volcarona, L50, F|\n|poke|p1|Mimikyu, L50, M|\n|poke|p2|Lopunny, L50, M|\n|poke|p2|Basculegion, L50, M|\n|poke|p2|Meowscarada, L50, M|\n|poke|p2|Aegislash, L50, M|\n|poke|p2|Charizard, L50, F|\n|poke|p2|Rotom-Wash, L50|\n|teampreview|3\n|inactive|Battle timer is ON: inactive players will automatically lose when time's up. (requested by DGENERAT)\n|\n|t:|1776388741\n|teamsize|p1|3\n|teamsize|p2|3\n|start\n|switch|p1a: Ninetales|Ninetales-Alola, L50, M|100/100\n|switch|p2a: Lopunny|Lopunny, L50, M|100/100\n|-weather|Snowscape|[from] ability: Snow Warning|[of] p1a: Ninetales\n|turn|1\n|inactive|fletchyfletchy has 30 seconds left.\n|inactive|fletchyfletchy has 20 seconds left.\n|inactive|fletchyfletchy has 15 seconds left.\n|\n|t:|1776388786\n|detailschange|p2a: Lopunny|Lopunny-Mega, L50, M\n|-mega|p2a: Lopunny|Lopunny|Lopunnite\n|move|p2a: Lopunny|Close Combat|p1a: Ninetales\n|-damage|p1a: Ninetales|40/100\n|-unboost|p2a: Lopunny|def|1\n|-unboost|p2a: Lopunny|spd|1\n|move|p1a: Ninetales|Aurora Veil|p1a: Ninetales\n|-sidestart|p1: DGENERAT|move: Aurora Veil\n|\n|-weather|Snowscape|[upkeep]\n|upkeep\n|turn|2\n|\n|t:|1776388800\n|move|p2a: Lopunny|Close Combat|p1a: Ninetales\n|-damage|p1a: Ninetales|6/100\n|-unboost|p2a: Lopunny|def|1\n|-unboost|p2a: Lopunny|spd|1\n|move|p1a: Ninetales|Moonblast|p2a: Lopunny\n|-supereffective|p2a: Lopunny|1\n|-damage|p2a: Lopunny|0 fnt\n|faint|p2a: Lopunny\n|\n|-weather|Snowscape|[upkeep]\n|upkeep\n|\n|t:|1776388808\n|switch|p2a: Basculegion|Basculegion, L50, M|100/100\n|turn|3\n|\n|t:|1776388816\n|move|p2a: Basculegion|Flip Turn|p1a: Ninetales\n|-damage|p1a: Ninetales|0 fnt\n|faint|p1a: Ninetales\n|inactive|fletchyfletchy has 30 seconds left.\n|inactive|fletchyfletchy has 20 seconds left.\n|\n|t:|1776388854\n|switch|p2a: Aegislash|Aegislash, L50, M|100/100|[from] Flip Turn\n|\n|-weather|Snowscape|[upkeep]\n|upkeep\n|\n|t:|1776388862\n|switch|p1a: Volcarona|Volcarona, L50, F, shiny|100/100\n|turn|4\n|\n|t:|1776388887\n|move|p1a: Volcarona|Quiver Dance|p1a: Volcarona\n|-boost|p1a: Volcarona|spa|1\n|-boost|p1a: Volcarona|spd|1\n|-boost|p1a: Volcarona|spe|1\n|move|p2a: Aegislash|Swords Dance|p2a: Aegislash\n|-boost|p2a: Aegislash|atk|2\n|\n|-weather|Snowscape|[upkeep]\n|upkeep\n|turn|5\n|\n|t:|1776388895\n|move|p1a: Volcarona|Fiery Dance|p2a: Aegislash\n|-supereffective|p2a: Aegislash|1\n|-damage|p2a: Aegislash|13/100\n|-boost|p1a: Volcarona|spa|1\n|move|p2a: Aegislash|Swords Dance|p2a: Aegislash\n|-boost|p2a: Aegislash|atk|2\n|\n|-weather|none\n|-heal|p2a: Aegislash|19/100|[from] item: Leftovers\n|-sideend|p1: DGENERAT|move: Aurora Veil\n|upkeep\n|turn|6\n|\n|t:|1776388901\n|-formechange|p2a: Aegislash|Aegislash-Blade|\n|move|p2a: Aegislash|Shadow Sneak|p1a: Volcarona\n|-damage|p1a: Volcarona|17/100\n|-status|p2a: Aegislash|brn|[from] ability: Flame Body|[of] p1a: Volcarona\n|move|p1a: Volcarona|Fiery Dance|p2a: Aegislash\n|-supereffective|p2a: Aegislash|1\n|-damage|p2a: Aegislash|0 fnt\n|faint|p2a: Aegislash\n|\n|upkeep\n|\n|t:|1776388906\n|switch|p2a: Basculegion|Basculegion, L50, M|100/100\n|turn|7\n|\n|t:|1776388909\n|move|p1a: Volcarona|Giga Drain|p2a: Basculegion\n|-supereffective|p2a: Basculegion|1\n|-damage|p2a: Basculegion|0 fnt\n|-heal|p1a: Volcarona|69/100|[from] drain|[of] p2a: Basculegion\n|faint|p2a: Basculegion\n|\n|win|DGENERAT\n|raw|DGENERAT's rating: 1213 &rarr; <strong>1231</strong><br />(+18 for winning)\n|raw|fletchyfletchy's rating: 1108 &rarr; <strong>1090</strong><br />(-18 for losing)\n",
  "uploadtime": 1776388909,
  "views": 9,
  "formatid": "gen9championsbssregma",
  "rating": 1090,
  "private": 0,
  "password": null
}