{
  "id": "gen9championsbssregma-2584535758",
  "format": "[Gen 9 Champions] BSS Reg M-A",
  "players": [
    "BJZJS",
    "joguri"
  ],
  "log": "|j|\u2606BJZJS\n|j|\u2606joguri\n|t:|1776267238\n|gametype|singles\n|player|p1|BJZJS|170|1429\n|player|p2|joguri|dawn|1353\n|gen|9\n|tier|[Gen 9 Champions] BSS Reg M-A\n|rated|\n|rule|Species Clause: Limit one of each Pok\u00e9mon\n|rule|Item Clause: Limit 1 of each item\n|clearpoke\n|poke|p1|Floette-Eternal, L50, F|\n|poke|p1|Sneasler, L50, M|\n|poke|p1|Gyarados, L50, F|\n|poke|p1|Archaludon, L50, M|\n|poke|p1|Rotom-Heat, L50|\n|poke|p1|Mimikyu, L50, M|\n|poke|p2|Pelipper, L50, M|\n|poke|p2|Basculegion, L50, M|\n|poke|p2|Archaludon, L50, F|\n|poke|p2|Meganium, L50, F|\n|poke|p2|Garchomp, L50, F|\n|poke|p2|Lucario, L50, M|\n|teampreview|3\n|inactive|Battle timer is ON: inactive players will automatically lose when time's up. (requested by joguri)\n|inactive|BJZJS has 60 seconds left.\n|\n|t:|1776267302\n|teamsize|p1|3\n|teamsize|p2|3\n|start\n|switch|p1a: Sneasler|Sneasler, L50, M|100/100\n|switch|p2a: Lucario|Lucario, L50, M|100/100\n|turn|1\n|\n|t:|1776267312\n|switch|p2a: Pelipper|Pelipper, L50, M|100/100\n|-weather|RainDance|[from] ability: Drizzle|[of] p2a: Pelipper\n|move|p1a: Sneasler|Close Combat|p2a: Pelipper\n|-resisted|p2a: Pelipper|1\n|-damage|p2a: Pelipper|57/100\n|-unboost|p1a: Sneasler|def|1\n|-unboost|p1a: Sneasler|spd|1\n|\n|-weather|RainDance|[upkeep]\n|upkeep\n|turn|2\n|\n|t:|1776267332\n|move|p1a: Sneasler|Dire Claw|p2a: Pelipper\n|-damage|p2a: Pelipper|0 fnt\n|faint|p2a: Pelipper\n|\n|-weather|RainDance|[upkeep]\n|upkeep\n|\n|t:|1776267337\n|switch|p2a: Briduras|Archaludon, L50, F|100/100\n|turn|3\n|\n|t:|1776267345\n|move|p1a: Sneasler|Close Combat|p2a: Briduras\n|-supereffective|p2a: Briduras|1\n|-damage|p2a: Briduras|5/100\n|-unboost|p1a: Sneasler|def|1\n|-unboost|p1a: Sneasler|spd|1\n|-ability|p2a: Briduras|Stamina|boost\n|-boost|p2a: Briduras|def|1\n|-enditem|p2a: Briduras|Sitrus Berry|[eat]\n|-heal|p2a: Briduras|30/100|[from] item: Sitrus Berry\n|move|p2a: Briduras|Electro Shot||[still]\n|-prepare|p2a: Briduras|Electro Shot\n|-boost|p2a: Briduras|spa|1\n|-anim|p2a: Briduras|Electro Shot|p1a: Sneasler\n|-damage|p1a: Sneasler|0 fnt\n|faint|p1a: Sneasler\n|\n|-weather|RainDance|[upkeep]\n|upkeep\n|\n|t:|1776267355\n|switch|p1a: Gyarados|Gyarados, L50, F|100/100\n|-ability|p1a: Gyarados|Intimidate|boost\n|-unboost|p2a: Briduras|atk|1\n|turn|4\n|\n|t:|1776267365\n|move|p1a: Gyarados|Earthquake|p2a: Briduras\n|-supereffective|p2a: Briduras|1\n|-damage|p2a: Briduras|0 fnt\n|faint|p2a: Briduras\n|\n|-weather|RainDance|[upkeep]\n|upkeep\n|\n|t:|1776267369\n|switch|p2a: Lucario|Lucario, L50, M|100/100\n|turn|5\n|\n|t:|1776267378\n|switch|p1a: Archaludon|Archaludon, L50, M|100/100\n|detailschange|p2a: Lucario|Lucario-Mega, L50, M\n|-mega|p2a: Lucario|Lucario|Lucarionite\n|move|p2a: Lucario|Rock Slide|p1a: Archaludon\n|-resisted|p1a: Archaludon|1\n|-crit|p1a: Archaludon\n|-damage|p1a: Archaludon|85/100\n|\n|-weather|none\n|upkeep\n|turn|6\n|\n|t:|1776267389\n|move|p2a: Lucario|Swords Dance|p2a: Lucario\n|-boost|p2a: Lucario|atk|2\n|move|p1a: Archaludon|Thunderbolt|p2a: Lucario\n|-damage|p2a: Lucario|46/100\n|\n|upkeep\n|turn|7\n|j| zfkhzfkjzehf\n|\n|t:|1776267401\n|move|p2a: Lucario|Close Combat|p1a: Archaludon\n|-supereffective|p1a: Archaludon|1\n|-damage|p1a: Archaludon|0 fnt\n|-unboost|p2a: Lucario|def|1\n|-unboost|p2a: Lucario|spd|1\n|faint|p1a: Archaludon\n|\n|upkeep\n|\n|t:|1776267404\n|switch|p1a: Gyarados|Gyarados, L50, F|100/100\n|-ability|p1a: Gyarados|Intimidate|boost\n|-unboost|p2a: Lucario|atk|1\n|turn|8\n|\n|t:|1776267416\n|move|p2a: Lucario|Rock Slide|p1a: Gyarados\n|-supereffective|p1a: Gyarados|1\n|-damage|p1a: Gyarados|0 fnt\n|faint|p1a: Gyarados\n|\n|win|joguri\n|raw|BJZJS's rating: 1429 &rarr; <strong>1405</strong><br />(-24 for losing)\n|raw|joguri's rating: 1353 &rarr; <strong>1377</strong><br />(+24 for winning)\n|l|\u2606BJZJS\n|player|p1|\n",
  "uploadtime": 1776267427,
  "views": 10,
  "formatid": "gen9championsbssregma",
  "rating": 1377,
  "private": 0,
  "password": null
}