{
  "id": "gen9championsbssregma-2584923989",
  "format": "[Gen 9 Champions] BSS Reg M-A",
  "players": [
    "gorilnx",
    "dtatatawd"
  ],
  "log": "|j|\u2606gorilnx\n|j|\u2606dtatatawd\n|t:|1776294957\n|gametype|singles\n|player|p1|gorilnx|dawn-gen4pt|1082\n|player|p2|dtatatawd|169|1058\n|gen|9\n|tier|[Gen 9 Champions] BSS Reg M-A\n|rated|\n|rule|Species Clause: Limit one of each Pok\u00e9mon\n|rule|Item Clause: Limit 1 of each item\n|clearpoke\n|poke|p1|Delphox, L50, F|\n|poke|p1|Lopunny, L50, M|\n|poke|p1|Corviknight, L50, M|\n|poke|p1|Primarina, L50, M|\n|poke|p1|Garchomp, L50, M|\n|poke|p1|Rotom-Heat, L50|\n|poke|p2|Slowking, L50, M|\n|poke|p2|Torkoal, L50, M|\n|poke|p2|Scizor, L50, M|\n|poke|p2|Ditto, L50|\n|poke|p2|Umbreon, L50, F|\n|poke|p2|Feraligatr, L50, M|\n|teampreview|3\n|inactive|Battle timer is ON: inactive players will automatically lose when time's up. (requested by gorilnx)\n|inactive|dtatatawd also wants the timer to be on.\n|inactive|gorilnx has 60 seconds left.\n|\n|t:|1776295009\n|teamsize|p1|3\n|teamsize|p2|3\n|start\n|switch|p1a: Delphox|Delphox, L50, F|100/100\n|switch|p2a: Slowking|Slowking, L50, M|100/100\n|turn|1\n|\n|t:|1776295021\n|switch|p1a: Primarina|Primarina, L50, M|100/100\n|move|p2a: Slowking|Light Screen|p2a: Slowking\n|-sidestart|p2: dtatatawd|move: Light Screen\n|\n|upkeep\n|turn|2\n|\n|t:|1776295026\n|move|p1a: Primarina|Moonblast|p2a: Slowking\n|-damage|p2a: Slowking|81/100\n|move|p2a: Slowking|Future Sight|p1a: Primarina\n|-start|p2a: Slowking|move: Future Sight\n|\n|upkeep\n|turn|3\n|\n|t:|1776295034\n|move|p1a: Primarina|Moonblast|p2a: Slowking\n|-crit|p2a: Slowking\n|-damage|p2a: Slowking|15/100\n|-enditem|p2a: Slowking|Sitrus Berry|[eat]\n|-heal|p2a: Slowking|40/100|[from] item: Sitrus Berry\n|move|p2a: Slowking|Trick Room|p2a: Slowking\n|-fieldstart|move: Trick Room|[of] p2a: Slowking\n|\n|upkeep\n|turn|4\n|\n|t:|1776295041\n|switch|p2a: Torkoal|Torkoal, L50, M|100/100\n|-weather|SunnyDay|[from] ability: Drought|[of] p2a: Torkoal\n|move|p1a: Primarina|Moonblast|p2a: Torkoal\n|-resisted|p2a: Torkoal|1\n|-damage|p2a: Torkoal|84/100\n|\n|-weather|SunnyDay|[upkeep]\n|-end|p1a: Primarina|move: Future Sight\n|-damage|p1a: Primarina|64/100\n|upkeep\n|turn|5\n|\n|t:|1776295054\n|move|p2a: Torkoal|Eruption|p1a: Primarina\n|-resisted|p1a: Primarina|1\n|-damage|p1a: Primarina|26/100\n|-enditem|p1a: Primarina|Sitrus Berry|[eat]\n|-heal|p1a: Primarina|50/100|[from] item: Sitrus Berry\n|move|p1a: Primarina|Sparkling Aria|p2a: Torkoal\n|-supereffective|p2a: Torkoal|1\n|-damage|p2a: Torkoal|53/100\n|\n|-weather|SunnyDay|[upkeep]\n|-sideend|p2: dtatatawd|move: Light Screen\n|upkeep\n|turn|6\n|\n|t:|1776295065\n|switch|p2a: Slowking|Slowking, L50, M|73/100\n|move|p1a: Primarina|Sparkling Aria|p2a: Slowking\n|-resisted|p2a: Slowking|1\n|-damage|p2a: Slowking|63/100\n|\n|-weather|SunnyDay|[upkeep]\n|upkeep\n|turn|7\n|\n|t:|1776295073\n|move|p2a: Slowking|Light Screen|p2a: Slowking\n|-sidestart|p2: dtatatawd|move: Light Screen\n|move|p1a: Primarina|Moonblast|p2a: Slowking\n|-damage|p2a: Slowking|44/100\n|\n|-weather|SunnyDay|[upkeep]\n|-fieldend|move: Trick Room\n|upkeep\n|turn|8\n|\n|t:|1776295081\n|move|p1a: Primarina|Moonblast|p2a: Slowking\n|-damage|p2a: Slowking|24/100\n|move|p2a: Slowking|Trick Room|p2a: Slowking\n|-fieldstart|move: Trick Room|[of] p2a: Slowking\n|\n|-weather|none\n|upkeep\n|turn|9\n|\n|t:|1776295089\n|switch|p2a: Feraligatr|Feraligatr, L50, M|100/100\n|move|p1a: Primarina|Sparkling Aria|p2a: Feraligatr\n|-resisted|p2a: Feraligatr|1\n|-damage|p2a: Feraligatr|88/100\n|\n|upkeep\n|turn|10\n|\n|t:|1776295099\n|switch|p1a: Corviknight|Corviknight, L50, M|100/100\n|-ability|p1a: Corviknight|Pressure\n|move|p2a: Feraligatr|Double-Edge|p1a: Corviknight\n|-resisted|p1a: Corviknight|1\n|-damage|p1a: Corviknight|89/100\n|-damage|p2a: Feraligatr|84/100|[from] Recoil\n|\n|-heal|p1a: Corviknight|95/100|[from] item: Leftovers\n|upkeep\n|turn|11\n|\n|t:|1776295111\n|detailschange|p2a: Feraligatr|Feraligatr-Mega, L50, M\n|-mega|p2a: Feraligatr|Feraligatr|Feraligite\n|move|p1a: Corviknight|Body Press|p2a: Feraligatr\n|-damage|p2a: Feraligatr|66/100\n|move|p2a: Feraligatr|Flip Turn|p1a: Corviknight\n|-damage|p1a: Corviknight|71/100\n|\n|t:|1776295118\n|switch|p2a: Torkoal|Torkoal, L50, M|53/100|[from] Flip Turn\n|-weather|SunnyDay|[from] ability: Drought|[of] p2a: Torkoal\n|\n|-weather|SunnyDay|[upkeep]\n|-heal|p1a: Corviknight|77/100|[from] item: Leftovers\n|-sideend|p2: dtatatawd|move: Light Screen\n|upkeep\n|turn|12\n|\n|t:|1776295126\n|switch|p1a: Delphox|Delphox, L50, F|100/100\n|move|p2a: Torkoal|Fire Blast|p1a: Delphox\n|-resisted|p1a: Delphox|1\n|-damage|p1a: Delphox|50/100\n|\n|-weather|SunnyDay|[upkeep]\n|-fieldend|move: Trick Room\n|upkeep\n|turn|13\n|\n|t:|1776295140\n|switch|p2a: Slowking|Slowking, L50, M|57/100\n|detailschange|p1a: Delphox|Delphox-Mega, L50, F\n|-mega|p1a: Delphox|Delphox|Delphoxite\n|move|p1a: Delphox|Psyshock|p2a: Slowking\n|-resisted|p2a: Slowking|1\n|-damage|p2a: Slowking|38/100\n|\n|-weather|SunnyDay|[upkeep]\n|upkeep\n|turn|14\n|\n|t:|1776295152\n|move|p1a: Delphox|Dazzling Gleam|p2a: Slowking\n|-damage|p2a: Slowking|14/100\n|move|p2a: Slowking|Trick Room|p2a: Slowking\n|-fieldstart|move: Trick Room|[of] p2a: Slowking\n|\n|-weather|SunnyDay|[upkeep]\n|upkeep\n|turn|15\n|\n|t:|1776295166\n|switch|p1a: Primarina|Primarina, L50, M|50/100\n|move|p2a: Slowking|Light Screen|p2a: Slowking\n|-sidestart|p2: dtatatawd|move: Light Screen\n|\n|-weather|none\n|upkeep\n|turn|16\n|\n|t:|1776295179\n|switch|p2a: Torkoal|Torkoal, L50, M|53/100\n|-weather|SunnyDay|[from] ability: Drought|[of] p2a: Torkoal\n|move|p1a: Primarina|Moonblast|p2a: Torkoal\n|-resisted|p2a: Torkoal|1\n|-damage|p2a: Torkoal|37/100\n|\n|-weather|SunnyDay|[upkeep]\n|upkeep\n|turn|17\n|\n|t:|1776295188\n|switch|p2a: Slowking|Slowking, L50, M|47/100\n|move|p1a: Primarina|Sparkling Aria|p2a: Slowking\n|-resisted|p2a: Slowking|1\n|-damage|p2a: Slowking|43/100\n|\n|-weather|SunnyDay|[upkeep]\n|upkeep\n|turn|18\n|\n|t:|1776295206\n|move|p2a: Slowking|Future Sight|p1a: Primarina\n|-start|p2a: Slowking|move: Future Sight\n|move|p1a: Primarina|Moonblast|p2a: Slowking\n|-damage|p2a: Slowking|23/100\n|\n|-weather|SunnyDay|[upkeep]\n|-fieldend|move: Trick Room\n|upkeep\n|turn|19\n|\n|t:|1776295216\n|move|p1a: Primarina|Flip Turn|p2a: Slowking\n|-resisted|p2a: Slowking|1\n|-damage|p2a: Slowking|21/100\n|\n|t:|1776295219\n|switch|p1a: Delphox|Delphox-Mega, L50, F|50/100|[from] Flip Turn\n|move|p2a: Slowking|Trick Room|p2a: Slowking\n|-fieldstart|move: Trick Room|[of] p2a: Slowking\n|\n|-weather|SunnyDay|[upkeep]\n|-sideend|p2: dtatatawd|move: Light Screen\n|upkeep\n|turn|20\n|\n|t:|1776295230\n|move|p2a: Slowking|Light Screen|p2a: Slowking\n|-sidestart|p2: dtatatawd|move: Light Screen\n|move|p1a: Delphox|Psyshock|p2a: Slowking\n|-resisted|p2a: Slowking|1\n|-damage|p2a: Slowking|11/100\n|\n|-weather|none\n|-end|p1a: Delphox|move: Future Sight\n|-resisted|p1a: Delphox|1\n|-crit|p1a: Delphox\n|-damage|p1a: Delphox|21/100\n|upkeep\n|turn|21\n|\n|t:|1776295240\n|switch|p2a: Feraligatr|Feraligatr-Mega, L50, M|66/100\n|move|p1a: Delphox|Psyshock|p2a: Feraligatr\n|-damage|p2a: Feraligatr|52/100\n|\n|upkeep\n|turn|22\n|\n|t:|1776295246\n|switch|p1a: Corviknight|Corviknight, L50, M|77/100\n|-ability|p1a: Corviknight|Pressure\n|move|p2a: Feraligatr|Flip Turn|p1a: Corviknight\n|-damage|p1a: Corviknight|53/100\n|\n|t:|1776295253\n|switch|p2a: Torkoal|Torkoal, L50, M|37/100|[from] Flip Turn\n|-weather|SunnyDay|[from] ability: Drought|[of] p2a: Torkoal\n|\n|-weather|SunnyDay|[upkeep]\n|-heal|p1a: Corviknight|59/100|[from] item: Leftovers\n|upkeep\n|turn|23\n|\n|t:|1776295261\n|switch|p1a: Primarina|Primarina, L50, M|50/100\n|move|p2a: Torkoal|Fire Blast|p1a: Primarina\n|-resisted|p1a: Primarina|1\n|-damage|p1a: Primarina|15/100\n|\n|-weather|SunnyDay|[upkeep]\n|-fieldend|move: Trick Room\n|upkeep\n|turn|24\n|\n|t:|1776295282\n|move|p1a: Primarina|Moonblast|p2a: Torkoal\n|-resisted|p2a: Torkoal|1\n|-damage|p2a: Torkoal|21/100\n|move|p2a: Torkoal|Rest|p2a: Torkoal\n|-status|p2a: Torkoal|slp|[from] move: Rest\n|-heal|p2a: Torkoal|100/100 slp|[silent]\n|\n|-weather|SunnyDay|[upkeep]\n|-sideend|p2: dtatatawd|move: Light Screen\n|upkeep\n|turn|25\n|\n|t:|1776295297\n|switch|p2a: Slowking|Slowking, L50, M|45/100\n|move|p1a: Primarina|Sparkling Aria|p2a: Slowking\n|-resisted|p2a: Slowking|1\n|-damage|p2a: Slowking|29/100\n|\n|-weather|SunnyDay|[upkeep]\n|upkeep\n|turn|26\n|\n|t:|1776295318\n|switch|p2a: Torkoal|Torkoal, L50, M|100/100 slp\n|move|p1a: Primarina|Moonblast|p2a: Torkoal\n|-resisted|p2a: Torkoal|1\n|-damage|p2a: Torkoal|65/100 slp\n|\n|-weather|none\n|upkeep\n|turn|27\n|inactive|gorilnx has 30 seconds left.\n|inactive|gorilnx has 20 seconds left.\n|\n|t:|1776295354\n|switch|p2a: Slowking|Slowking, L50, M|62/100\n|move|p1a: Primarina|Sparkling Aria|p2a: Slowking\n|-resisted|p2a: Slowking|1\n|-damage|p2a: Slowking|30/100\n|\n|upkeep\n|turn|28\n|\n|t:|1776295363\n|move|p1a: Primarina|Sparkling Aria|p2a: Slowking\n|-resisted|p2a: Slowking|1\n|-damage|p2a: Slowking|1/100\n|move|p2a: Slowking|Trick Room|p2a: Slowking\n|-fieldstart|move: Trick Room|[of] p2a: Slowking\n|\n|upkeep\n|turn|29\n|\n|t:|1776295374\n|move|p1a: Primarina|Aqua Jet|p2a: Slowking\n|-resisted|p2a: Slowking|1\n|-damage|p2a: Slowking|0 fnt\n|faint|p2a: Slowking\n|\n|upkeep\n|\n|t:|1776295389\n|switch|p2a: Feraligatr|Feraligatr-Mega, L50, M|52/100\n|turn|30\n|\n|t:|1776295395\n|switch|p1a: Corviknight|Corviknight, L50, M|59/100\n|-ability|p1a: Corviknight|Pressure\n|move|p2a: Feraligatr|Aqua Jet|p1a: Corviknight\n|-damage|p1a: Corviknight|44/100\n|\n|-heal|p1a: Corviknight|50/100|[from] item: Leftovers\n|upkeep\n|turn|31\n|\n|t:|1776295407\n|switch|p2a: Torkoal|Torkoal, L50, M|65/100 slp\n|-weather|SunnyDay|[from] ability: Drought|[of] p2a: Torkoal\n|move|p1a: Corviknight|Body Press|p2a: Torkoal\n|-damage|p2a: Torkoal|45/100 slp\n|\n|-weather|SunnyDay|[upkeep]\n|-heal|p1a: Corviknight|56/100|[from] item: Leftovers\n|upkeep\n|turn|32\n|\n|t:|1776295420\n|switch|p1a: Delphox|Delphox-Mega, L50, F|21/100\n|cant|p2a: Torkoal|slp\n|move|p2a: Torkoal|Sleep Talk|p2a: Torkoal\n|move|p2a: Torkoal|Fire Blast|p1a: Delphox|[from] move: Sleep Talk\n|-resisted|p1a: Delphox|1\n|-damage|p1a: Delphox|0 fnt\n|faint|p1a: Delphox\n|\n|-weather|SunnyDay|[upkeep]\n|-fieldend|move: Trick Room\n|upkeep\n|\n|t:|1776295427\n|switch|p1a: Primarina|Primarina, L50, M|15/100\n|turn|33\n|\n|t:|1776295436\n|switch|p2a: Feraligatr|Feraligatr-Mega, L50, M|52/100\n|move|p1a: Primarina|Moonblast|p2a: Feraligatr\n|-supereffective|p2a: Feraligatr|1\n|-damage|p2a: Feraligatr|0 fnt\n|faint|p2a: Feraligatr\n|\n|-weather|SunnyDay|[upkeep]\n|upkeep\n|\n|t:|1776295445\n|switch|p2a: Torkoal|Torkoal, L50, M|45/100 slp\n|turn|34\n|inactive|gorilnx has 30 seconds left.\n|\n|t:|1776295470\n|move|p1a: Primarina|Sparkling Aria|p2a: Torkoal\n|-supereffective|p2a: Torkoal|1\n|-damage|p2a: Torkoal|0 fnt\n|faint|p2a: Torkoal\n|\n|win|gorilnx\n|raw|gorilnx's rating: 1082 &rarr; <strong>1108</strong><br />(+26 for winning)\n|raw|dtatatawd's rating: 1058 &rarr; <strong>1041</strong><br />(-17 for losing)\n|l|\u2606dtatatawd\n|player|p2|\n|l|\u2606gorilnx\n|player|p1|\n|j|\u2606gorilnx\n|player|p1|gorilnx|dawn-gen4pt|\n",
  "uploadtime": 1776295556,
  "views": 4,
  "formatid": "gen9championsbssregma",
  "rating": 1041,
  "private": 0,
  "password": null
}