{
  "id": "gen9championsbssregma-2587897429",
  "format": "[Gen 9 Champions] BSS Reg M-A",
  "players": [
    "sadalmelik",
    "wounddia"
  ],
  "log": "|j|\u2606sadalmelik\n|j|\u2606wounddia\n|t:|1776576086\n|gametype|singles\n|player|p1|sadalmelik|101|1383\n|player|p2|wounddia|elesa|1430\n|gen|9\n|tier|[Gen 9 Champions] BSS Reg M-A\n|rated|\n|rule|Species Clause: Limit one of each Pok\u00e9mon\n|rule|Item Clause: Limit 1 of each item\n|clearpoke\n|poke|p1|Basculegion, L50, M|\n|poke|p1|Dragonite, L50, M|\n|poke|p1|Glimmora, L50, M|\n|poke|p1|Espathra, L50, F|\n|poke|p1|Kingambit, L50, F|\n|poke|p1|Floette-Eternal, L50, F|\n|poke|p2|Charizard, L50, M|\n|poke|p2|Archaludon, L50, F|\n|poke|p2|Sylveon, L50, M|\n|poke|p2|Garchomp, L50, M|\n|poke|p2|Gardevoir, L50, F|\n|poke|p2|Rotom-Wash, L50|\n|teampreview|3\n|inactive|Battle timer is ON: inactive players will automatically lose when time's up. (requested by sadalmelik)\n|inactive|sadalmelik has 60 seconds left.\n|inactive|sadalmelik has 30 seconds left.\n|\n|t:|1776576147\n|teamsize|p1|3\n|teamsize|p2|3\n|start\n|switch|p1a: Glimmora|Glimmora, L50, M|100/100\n|switch|p2a: Archaludon|Archaludon, L50, F|100/100\n|turn|1\n|\n|t:|1776576168\n|move|p1a: Glimmora|Stealth Rock|p2a: Archaludon\n|-sidestart|p2: wounddia|move: Stealth Rock\n|move|p2a: Archaludon|Rock Tomb|p1a: Glimmora\n|-damage|p1a: Glimmora|85/100\n|-unboost|p1a: Glimmora|spe|1\n|-activate|p1a: Glimmora|ability: Toxic Debris\n|-sidestart|p2: wounddia|move: Toxic Spikes\n|\n|upkeep\n|turn|2\n|\n|t:|1776576175\n|move|p2a: Archaludon|Draco Meteor|p1a: Glimmora\n|-damage|p1a: Glimmora|0 fnt\n|-unboost|p2a: Archaludon|spa|2\n|faint|p1a: Glimmora\n|-enditem|p2a: Archaludon|White Herb\n|-clearnegativeboost|p2a: Archaludon|[silent]\n|\n|upkeep\n|\n|t:|1776576192\n|switch|p1a: Basculegion|Basculegion, L50, M|100/100\n|turn|3\n|\n|t:|1776576201\n|move|p1a: Basculegion|Flip Turn|p2a: Archaludon\n|-resisted|p2a: Archaludon|1\n|-damage|p2a: Archaludon|86/100\n|\n|t:|1776576204\n|switch|p1a: Dragonite|Dragonite, L50, M|100/100|[from] Flip Turn\n|move|p2a: Archaludon|Rock Tomb|p1a: Dragonite|[miss]\n|-miss|p2a: Archaludon|p1a: Dragonite\n|\n|upkeep\n|turn|4\n|\n|t:|1776576213\n|detailschange|p1a: Dragonite|Dragonite-Mega, L50, M\n|-mega|p1a: Dragonite|Dragonite|Dragoninite\n|move|p2a: Archaludon|Rock Tomb|p1a: Dragonite\n|-supereffective|p1a: Dragonite|1\n|-damage|p1a: Dragonite|89/100\n|-unboost|p1a: Dragonite|spe|1\n|move|p1a: Dragonite|Dragon Pulse|p2a: Archaludon\n|-damage|p2a: Archaludon|9/100\n|\n|upkeep\n|turn|5\n|\n|t:|1776576236\n|move|p2a: Archaludon|Draco Meteor|p1a: Dragonite\n|-supereffective|p1a: Dragonite|1\n|-damage|p1a: Dragonite|0 fnt\n|-unboost|p2a: Archaludon|spa|2\n|faint|p1a: Dragonite\n|\n|upkeep\n|\n|t:|1776576242\n|switch|p1a: Basculegion|Basculegion, L50, M|100/100\n|turn|6\n|\n|t:|1776576252\n|move|p1a: Basculegion|Last Respects|p2a: Archaludon\n|-damage|p2a: Archaludon|0 fnt\n|faint|p2a: Archaludon\n|\n|upkeep\n|\n|t:|1776576256\n|switch|p2a: Sylveon|Sylveon, L50, M|100/100\n|-damage|p2a: Sylveon|88/100|[from] Stealth Rock\n|-status|p2a: Sylveon|psn\n|turn|7\n|\n|t:|1776576261\n|move|p1a: Basculegion|Last Respects|p2a: Sylveon\n|-damage|p2a: Sylveon|0 fnt\n|faint|p2a: Sylveon\n|\n|upkeep\n|\n|t:|1776576264\n|switch|p2a: Charizard|Charizard, L50, M|100/100\n|-damage|p2a: Charizard|51/100|[from] Stealth Rock\n|turn|8\n|j| p74\n|\n|t:|1776576273\n|detailschange|p2a: Charizard|Charizard-Mega-X, L50, M\n|-mega|p2a: Charizard|Charizard|Charizardite X\n|move|p1a: Basculegion|Last Respects|p2a: Charizard\n|-damage|p2a: Charizard|0 fnt\n|faint|p2a: Charizard\n|\n|win|sadalmelik\n|raw|sadalmelik's rating: 1383 &rarr; <strong>1406</strong><br />(+23 for winning)\n|raw|wounddia's rating: 1430 &rarr; <strong>1407</strong><br />(-23 for losing)\n|l|\u2606wounddia\n|player|p2|\n",
  "uploadtime": 1776576338,
  "views": 1,
  "formatid": "gen9championsbssregma",
  "rating": 1406,
  "private": 0,
  "password": null
}