{
  "id": "gen9championsbssregma-2582647303",
  "format": "[Gen 9 Champions] BSS Reg M-A",
  "players": [
    "athletic seafood",
    "DarKnightPT"
  ],
  "log": "|j|\u2606athletic seafood\n|j|\u2606DarKnightPT\n|t:|1776104764\n|gametype|singles\n|player|p1|athletic seafood|colress|1011\n|player|p2|DarKnightPT|sabrina|1027\n|gen|9\n|tier|[Gen 9 Champions] BSS Reg M-A\n|rated|\n|rule|Species Clause: Limit one of each Pok\u00e9mon\n|rule|Item Clause: Limit 1 of each item\n|clearpoke\n|poke|p1|Tyranitar, L50, M|\n|poke|p1|Dragapult, L50, M|\n|poke|p1|Garchomp, L50, M|\n|poke|p1|Arcanine, L50, F|\n|poke|p1|Ditto, L50|\n|poke|p1|Aggron, L50, F|\n|poke|p2|Banette, L50, F|\n|poke|p2|Primarina, L50, F|\n|poke|p2|Volcarona, L50, F|\n|poke|p2|Corviknight, L50, F|\n|poke|p2|Garchomp, L50, F|\n|poke|p2|Weavile, L50, F|\n|teampreview|3\n|inactive|Battle timer is ON: inactive players will automatically lose when time's up. (requested by athletic seafood)\n|\n|t:|1776104810\n|teamsize|p1|3\n|teamsize|p2|3\n|start\n|switch|p1a: Tyranitar|Tyranitar, L50, M|100/100\n|switch|p2a: Primarina|Primarina, L50, F|100/100\n|-weather|Sandstorm|[from] ability: Sand Stream|[of] p1a: Tyranitar\n|turn|1\n|\n|t:|1776104819\n|move|p2a: Primarina|Moonblast|p1a: Tyranitar\n|-supereffective|p1a: Tyranitar|1\n|-damage|p1a: Tyranitar|47/100\n|move|p1a: Tyranitar|Stealth Rock|p2a: Primarina\n|-sidestart|p2: DarKnightPT|move: Stealth Rock\n|\n|-weather|Sandstorm|[upkeep]\n|-damage|p2a: Primarina|95/100|[from] Sandstorm\n|upkeep\n|turn|2\n|\n|t:|1776104827\n|move|p2a: Primarina|Moonblast|p1a: Tyranitar\n|-supereffective|p1a: Tyranitar|1\n|-damage|p1a: Tyranitar|0 fnt\n|faint|p1a: Tyranitar\n|\n|-weather|Sandstorm|[upkeep]\n|-damage|p2a: Primarina|89/100|[from] Sandstorm\n|upkeep\n|\n|t:|1776104835\n|switch|p1a: Aggron|Aggron, L50, F|100/100\n|turn|3\n|\n|t:|1776104842\n|detailschange|p1a: Aggron|Aggron-Mega, L50, F\n|-mega|p1a: Aggron|Aggron|Aggronite\n|move|p2a: Primarina|Surf|p1a: Aggron\n|-damage|p1a: Aggron|41/100\n|move|p1a: Aggron|Iron Defense|p1a: Aggron\n|-boost|p1a: Aggron|def|2\n|\n|-weather|Sandstorm|[upkeep]\n|-damage|p2a: Primarina|83/100|[from] Sandstorm\n|upkeep\n|turn|4\n|\n|t:|1776104855\n|move|p2a: Primarina|Surf|p1a: Aggron\n|-damage|p1a: Aggron|0 fnt\n|faint|p1a: Aggron\n|\n|-weather|Sandstorm|[upkeep]\n|-damage|p2a: Primarina|77/100|[from] Sandstorm\n|upkeep\n|\n|t:|1776104861\n|switch|p1a: Garchomp|Garchomp, L50, M|100/100\n|turn|5\n|\n|t:|1776104864\n|move|p1a: Garchomp|Earthquake|p2a: Primarina\n|-damage|p2a: Primarina|10/100\n|move|p2a: Primarina|Moonblast|p1a: Garchomp\n|-supereffective|p1a: Garchomp|1\n|-damage|p1a: Garchomp|0 fnt\n|faint|p1a: Garchomp\n|\n|win|DarKnightPT\n|raw|athletic seafood's rating: 1011 &rarr; <strong>1000</strong><br />(-11 for losing)\n|raw|DarKnightPT's rating: 1027 &rarr; <strong>1061</strong><br />(+34 for winning)\n",
  "uploadtime": 1776104868,
  "views": 6,
  "formatid": "gen9championsbssregma",
  "rating": 1000,
  "private": 0,
  "password": null
}