{
  "id": "gen9championsbssregma-2583180523",
  "format": "[Gen 9 Champions] BSS Reg M-A",
  "players": [
    "gumio3842",
    "megagigas"
  ],
  "log": "|j|\u2606gumio3842\n|j|\u2606megagigas\n|t:|1776151740\n|gametype|singles\n|player|p1|gumio3842|candice|1116\n|player|p2|megagigas|102|1119\n|gen|9\n|tier|[Gen 9 Champions] BSS Reg M-A\n|rated|\n|rule|Species Clause: Limit one of each Pok\u00e9mon\n|rule|Item Clause: Limit 1 of each item\n|clearpoke\n|poke|p1|Archaludon, L50, F|\n|poke|p1|Ninetales-Alola, L50, M|\n|poke|p1|Ceruledge, L50, F|\n|poke|p1|Charizard, L50, F|\n|poke|p1|Tyranitar, L50, F|\n|poke|p1|Corviknight, L50, M|\n|poke|p2|Aegislash, L50, M|\n|poke|p2|Charizard, L50, M|\n|poke|p2|Garchomp, L50, F|\n|poke|p2|Greninja-*, L50, M|\n|poke|p2|Garganacl, L50, M|\n|poke|p2|Hydrapple, L50, M|\n|teampreview|3\n|inactive|Battle timer is ON: inactive players will automatically lose when time's up. (requested by gumio3842)\n|\n|t:|1776151778\n|teamsize|p1|3\n|teamsize|p2|3\n|start\n|switch|p1a: \ub9c8\uae30\ub77c\uc2a4|Tyranitar, L50, F, shiny|100/100\n|switch|p2a: shiny sword|Aegislash, L50, M, shiny|100/100\n|-weather|Sandstorm|[from] ability: Sand Stream|[of] p1a: \ub9c8\uae30\ub77c\uc2a4\n|turn|1\n|\n|t:|1776151788\n|detailschange|p1a: \ub9c8\uae30\ub77c\uc2a4|Tyranitar-Mega, L50, F, shiny\n|-mega|p1a: \ub9c8\uae30\ub77c\uc2a4|Tyranitar|Tyranitarite\n|move|p1a: \ub9c8\uae30\ub77c\uc2a4|Dragon Dance|p1a: \ub9c8\uae30\ub77c\uc2a4\n|-boost|p1a: \ub9c8\uae30\ub77c\uc2a4|atk|1\n|-boost|p1a: \ub9c8\uae30\ub77c\uc2a4|spe|1\n|-formechange|p2a: shiny sword|Aegislash-Blade|\n|move|p2a: shiny sword|Iron Head|p1a: \ub9c8\uae30\ub77c\uc2a4\n|-supereffective|p1a: \ub9c8\uae30\ub77c\uc2a4|1\n|-damage|p1a: \ub9c8\uae30\ub77c\uc2a4|51/100\n|\n|-weather|Sandstorm|[upkeep]\n|upkeep\n|turn|2\n|\n|t:|1776151799\n|-formechange|p2a: shiny sword|Aegislash|\n|move|p2a: shiny sword|King's Shield|p2a: shiny sword\n|-singleturn|p2a: shiny sword|Protect\n|move|p1a: \ub9c8\uae30\ub77c\uc2a4|Earthquake|p2a: shiny sword\n|-activate|p2a: shiny sword|move: Protect\n|\n|-weather|Sandstorm|[upkeep]\n|upkeep\n|turn|3\n|\n|t:|1776151806\n|move|p1a: \ub9c8\uae30\ub77c\uc2a4|Earthquake|p2a: shiny sword\n|-supereffective|p2a: shiny sword|1\n|-damage|p2a: shiny sword|0 fnt\n|faint|p2a: shiny sword\n|\n|-weather|Sandstorm|[upkeep]\n|upkeep\n|\n|t:|1776151813\n|switch|p2a: Draco|Charizard, L50, M|100/100\n|turn|4\n|\n|t:|1776151819\n|detailschange|p2a: Draco|Charizard-Mega-Y, L50, M\n|-mega|p2a: Draco|Charizard|Charizardite Y\n|-weather|SunnyDay|[from] ability: Drought|[of] p2a: Draco\n|move|p2a: Draco|Solar Beam||[still]\n|-prepare|p2a: Draco|Solar Beam\n|-anim|p2a: Draco|Solar Beam|p1a: \ub9c8\uae30\ub77c\uc2a4\n|-supereffective|p1a: \ub9c8\uae30\ub77c\uc2a4|1\n|-damage|p1a: \ub9c8\uae30\ub77c\uc2a4|0 fnt\n|faint|p1a: \ub9c8\uae30\ub77c\uc2a4\n|\n|-weather|SunnyDay|[upkeep]\n|upkeep\n|\n|t:|1776151826\n|switch|p1a: \ud30c\ub77c\ube14\ub808\uc774\uc988|Ceruledge, L50, F, shiny|100/100\n|turn|5\n|\n|t:|1776151839\n|move|p2a: Draco|Dragon Pulse|p1a: \ud30c\ub77c\ube14\ub808\uc774\uc988\n|-damage|p1a: \ud30c\ub77c\ube14\ub808\uc774\uc988|57/100\n|move|p1a: \ud30c\ub77c\ube14\ub808\uc774\uc988|Swords Dance|p1a: \ud30c\ub77c\ube14\ub808\uc774\uc988\n|-boost|p1a: \ud30c\ub77c\ube14\ub808\uc774\uc988|atk|2\n|\n|-weather|SunnyDay|[upkeep]\n|upkeep\n|turn|6\n|\n|t:|1776151847\n|move|p2a: Draco|Dragon Pulse|p1a: \ud30c\ub77c\ube14\ub808\uc774\uc988\n|-damage|p1a: \ud30c\ub77c\ube14\ub808\uc774\uc988|14/100\n|move|p1a: \ud30c\ub77c\ube14\ub808\uc774\uc988|Bitter Blade|p2a: Draco\n|-resisted|p2a: Draco|1\n|-damage|p2a: Draco|0 fnt\n|-heal|p1a: \ud30c\ub77c\ube14\ub808\uc774\uc988|65/100|[from] drain|[of] p2a: Draco\n|faint|p2a: Draco\n|\n|-weather|SunnyDay|[upkeep]\n|upkeep\n|\n|t:|1776151855\n|switch|p2a: ninga|Greninja, L50, M|100/100\n|turn|7\n|\n|t:|1776151864\n|move|p2a: ninga|Dark Pulse|p1a: \ud30c\ub77c\ube14\ub808\uc774\uc988\n|-start|p2a: ninga|typechange|Dark|[from] ability: Protean\n|-supereffective|p1a: \ud30c\ub77c\ube14\ub808\uc774\uc988|1\n|-damage|p1a: \ud30c\ub77c\ube14\ub808\uc774\uc988|0 fnt\n|faint|p1a: \ud30c\ub77c\ube14\ub808\uc774\uc988\n|\n|-weather|SunnyDay|[upkeep]\n|upkeep\n|\n|t:|1776151866\n|switch|p1a: \uc544\uba38\uae4c\uc624|Corviknight, L50, M, shiny|100/100\n|turn|8\n|\n|t:|1776151872\n|move|p2a: ninga|Dark Pulse|p1a: \uc544\uba38\uae4c\uc624\n|-damage|p1a: \uc544\uba38\uae4c\uc624|66/100\n|cant|p1a: \uc544\uba38\uae4c\uc624|flinch\n|\n|-weather|none\n|-heal|p1a: \uc544\uba38\uae4c\uc624|72/100|[from] item: Leftovers\n|upkeep\n|turn|9\n|\n|t:|1776151878\n|move|p2a: ninga|Dark Pulse|p1a: \uc544\uba38\uae4c\uc624\n|-damage|p1a: \uc544\uba38\uae4c\uc624|34/100\n|cant|p1a: \uc544\uba38\uae4c\uc624|flinch\n|\n|-heal|p1a: \uc544\uba38\uae4c\uc624|40/100|[from] item: Leftovers\n|upkeep\n|turn|10\n|\n|t:|1776151884\n|move|p2a: ninga|Dark Pulse|p1a: \uc544\uba38\uae4c\uc624\n|-damage|p1a: \uc544\uba38\uae4c\uc624|3/100\n|move|p1a: \uc544\uba38\uae4c\uc624|Body Press|p2a: ninga\n|-supereffective|p2a: ninga|1\n|-damage|p2a: ninga|12/100\n|\n|-heal|p1a: \uc544\uba38\uae4c\uc624|9/100|[from] item: Leftovers\n|upkeep\n|turn|11\n|\n|t:|1776151891\n|move|p2a: ninga|Dark Pulse|p1a: \uc544\uba38\uae4c\uc624\n|-damage|p1a: \uc544\uba38\uae4c\uc624|0 fnt\n|faint|p1a: \uc544\uba38\uae4c\uc624\n|\n|win|megagigas\n|raw|gumio3842's rating: 1116 &rarr; <strong>1091</strong><br />(-25 for losing)\n|raw|megagigas's rating: 1119 &rarr; <strong>1144</strong><br />(+25 for winning)\n",
  "uploadtime": 1776151893,
  "views": 6,
  "formatid": "gen9championsbssregma",
  "rating": 1091,
  "private": 0,
  "password": null
}