{
  "id": "gen9championsbssregma-2582992074",
  "format": "[Gen 9 Champions] BSS Reg M-A",
  "players": [
    "Mr.Ohkido",
    "txqz6p"
  ],
  "log": "|j|\u2606Mr.Ohkido\n|j|\u2606txqz6p\n|t:|1776131447\n|gametype|singles\n|player|p1|Mr.Ohkido|170|1254\n|player|p2|txqz6p|265|1296\n|gen|9\n|tier|[Gen 9 Champions] BSS Reg M-A\n|rated|\n|rule|Species Clause: Limit one of each Pok\u00e9mon\n|rule|Item Clause: Limit 1 of each item\n|clearpoke\n|poke|p1|Corviknight, L50, F|\n|poke|p1|Bellibolt, L50, M|\n|poke|p1|Garchomp, L50, M|\n|poke|p1|Slowbro, L50, M|\n|poke|p1|Gengar, L50, M|\n|poke|p1|Meowscarada, L50, F|\n|poke|p2|Greninja-*, L50, M|\n|poke|p2|Basculegion, L50, M|\n|poke|p2|Dragonite, L50, M|\n|poke|p2|Charizard, L50, F|\n|poke|p2|Archaludon, L50, F|\n|poke|p2|Scizor, L50, F|\n|teampreview|3\n|j| p74\n|\n|t:|1776131487\n|teamsize|p1|3\n|teamsize|p2|3\n|start\n|switch|p1a: Bellibolt|Bellibolt, L50, M|100/100\n|switch|p2a: Greninja|Greninja, L50, M|100/100\n|turn|1\n|\n|t:|1776131500\n|move|p2a: Greninja|Taunt|p1a: Bellibolt\n|-start|p2a: Greninja|typechange|Dark|[from] ability: Protean\n|-start|p1a: Bellibolt|move: Taunt\n|move|p1a: Bellibolt|Parabolic Charge|p2a: Greninja\n|-damage|p2a: Greninja|59/100\n|\n|upkeep\n|turn|2\n|\n|t:|1776131518\n|move|p2a: Greninja|Ice Beam|p1a: Bellibolt\n|-damage|p1a: Bellibolt|79/100\n|-start|p1a: Bellibolt|Charge|Ice Beam|[from] ability: Electromorphosis\n|move|p1a: Bellibolt|Volt Switch|p2a: Greninja\n|-damage|p2a: Greninja|0 fnt\n|faint|p2a: Greninja\n|-end|p1a: Bellibolt|Charge|[silent]\n|\n|t:|1776131528\n|switch|p1a: Gengar|Gengar, L50, M|100/100|[from] Volt Switch\n|\n|upkeep\n|\n|t:|1776131540\n|switch|p2a: Scizor|Scizor, L50, F|100/100\n|turn|3\n|\n|t:|1776131548\n|switch|p1a: Corviknight|Corviknight, L50, F|100/100\n|-ability|p1a: Corviknight|Pressure\n|move|p2a: Scizor|Knock Off|p1a: Corviknight\n|-damage|p1a: Corviknight|79/100\n|-enditem|p1a: Corviknight|Leftovers|[from] move: Knock Off|[of] p2a: Scizor\n|\n|upkeep\n|turn|4\n|\n|t:|1776131572\n|switch|p2a: Charizard|Charizard, L50, F|100/100\n|move|p1a: Corviknight|U-turn|p2a: Charizard\n|-resisted|p2a: Charizard|2\n|-damage|p2a: Charizard|96/100\n|\n|t:|1776131584\n|switch|p1a: Bellibolt|Bellibolt, L50, M|79/100|[from] U-turn\n|\n|upkeep\n|turn|5\n|\n|t:|1776131601\n|switch|p2a: Scizor|Scizor, L50, F|100/100\n|move|p1a: Bellibolt|Volt Switch|p2a: Scizor\n|-damage|p2a: Scizor|62/100\n|\n|t:|1776131609\n|switch|p1a: Corviknight|Corviknight, L50, F|79/100|[from] Volt Switch\n|-ability|p1a: Corviknight|Pressure\n|\n|upkeep\n|turn|6\n|\n|t:|1776131654\n|move|p2a: Scizor|Swords Dance|p2a: Scizor\n|-boost|p2a: Scizor|atk|2\n|move|p1a: Corviknight|Body Press|p2a: Scizor\n|-damage|p2a: Scizor|34/100\n|\n|upkeep\n|turn|7\n|\n|t:|1776131664\n|detailschange|p2a: Scizor|Scizor-Mega, L50, F\n|-mega|p2a: Scizor|Scizor|Scizorite\n|move|p2a: Scizor|Close Combat|p1a: Corviknight\n|-damage|p1a: Corviknight|20/100\n|-unboost|p2a: Scizor|def|1\n|-unboost|p2a: Scizor|spd|1\n|move|p1a: Corviknight|Iron Defense|p1a: Corviknight\n|-boost|p1a: Corviknight|def|2\n|\n|upkeep\n|turn|8\n|\n|t:|1776131674\n|move|p2a: Scizor|Close Combat|p1a: Corviknight\n|-damage|p1a: Corviknight|0 fnt\n|-unboost|p2a: Scizor|def|1\n|-unboost|p2a: Scizor|spd|1\n|faint|p1a: Corviknight\n|\n|upkeep\n|\n|t:|1776131681\n|switch|p1a: Gengar|Gengar, L50, M|100/100\n|turn|9\n|\n|t:|1776131686\n|detailschange|p1a: Gengar|Gengar-Mega, L50, M\n|-mega|p1a: Gengar|Gengar|Gengarite\n|move|p2a: Scizor|Bullet Punch|p1a: Gengar\n|-damage|p1a: Gengar|9/100\n|move|p1a: Gengar|Shadow Ball|p2a: Scizor\n|-damage|p2a: Scizor|0 fnt\n|faint|p2a: Scizor\n|\n|upkeep\n|\n|t:|1776131694\n|switch|p2a: Charizard|Charizard, L50, F|96/100\n|turn|10\n|\n|t:|1776131701\n|move|p1a: Gengar|Destiny Bond|p1a: Gengar\n|-singlemove|p1a: Gengar|Destiny Bond\n|move|p2a: Charizard|Flame Charge|p1a: Gengar\n|-damage|p1a: Gengar|0 fnt\n|-boost|p2a: Charizard|spe|1\n|faint|p1a: Gengar\n|-activate|p1a: Gengar|move: Destiny Bond\n|faint|p2a: Charizard\n|\n|win|Mr.Ohkido\n|raw|Mr.Ohkido's rating: 1254 &rarr; <strong>1282</strong><br />(+28 for winning)\n|raw|txqz6p's rating: 1296 &rarr; <strong>1268</strong><br />(-28 for losing)\n|l|\u2606txqz6p\n|player|p2|\n|l|\u2606Mr.Ohkido\n|player|p1|\n",
  "uploadtime": 1776131834,
  "views": 4,
  "formatid": "gen9championsbssregma",
  "rating": 1268,
  "private": 0,
  "password": null
}