{
  "id": "gen9championsbssregma-2588871017",
  "format": "[Gen 9 Champions] BSS Reg M-A",
  "players": [
    "2026412myyzzz",
    "Kuttitomaguro"
  ],
  "log": "|j|\u26062026412myyzzz\n|j|\u2606Kuttitomaguro\n|t:|1776680792\n|gametype|singles\n|player|p1|2026412myyzzz|102|1322\n|player|p2|Kuttitomaguro|1|1370\n|gen|9\n|tier|[Gen 9 Champions] BSS Reg M-A\n|rated|\n|rule|Species Clause: Limit one of each Pok\u00e9mon\n|rule|Item Clause: Limit 1 of each item\n|clearpoke\n|poke|p1|Kangaskhan, L50, F|\n|poke|p1|Basculegion, L50, M|\n|poke|p1|Primarina, L50, F|\n|poke|p1|Garchomp, L50, F|\n|poke|p1|Aegislash, L50, F|\n|poke|p1|Dragonite, L50, M|\n|poke|p2|Meowscarada, L50, F|\n|poke|p2|Conkeldurr, L50, M|\n|poke|p2|Gengar, L50, M|\n|poke|p2|Gyarados, L50, M|\n|poke|p2|Rotom-Heat, L50|\n|poke|p2|Lucario, L50, M|\n|teampreview|3\n|inactive|Battle timer is ON: inactive players will automatically lose when time's up. (requested by 2026412myyzzz)\n|\n|t:|1776680814\n|teamsize|p1|3\n|teamsize|p2|3\n|start\n|switch|p1a: Kangaskhan|Kangaskhan, L50, F|100/100\n|switch|p2a: Conkeldurr|Conkeldurr, L50, M|100/100\n|turn|1\n|\n|t:|1776680834\n|switch|p1a: Primarina|Primarina, L50, F|100/100\n|move|p2a: Conkeldurr|Earthquake|p1a: Primarina\n|-damage|p1a: Primarina|63/100\n|\n|-heal|p1a: Primarina|69/100|[from] item: Leftovers\n|upkeep\n|turn|2\n|\n|t:|1776680843\n|move|p1a: Primarina|Moonblast|p2a: Conkeldurr\n|-supereffective|p2a: Conkeldurr|1\n|-damage|p2a: Conkeldurr|0 fnt\n|faint|p2a: Conkeldurr\n|\n|-heal|p1a: Primarina|75/100|[from] item: Leftovers\n|upkeep\n|\n|t:|1776680856\n|switch|p2a: Lucario|Lucario, L50, M|100/100\n|turn|3\n|\n|t:|1776680862\n|detailschange|p2a: Lucario|Lucario-Mega, L50, M\n|-mega|p2a: Lucario|Lucario|Lucarionite\n|move|p2a: Lucario|Swords Dance|p2a: Lucario\n|-boost|p2a: Lucario|atk|2\n|move|p1a: Primarina|Moonblast|p2a: Lucario\n|-damage|p2a: Lucario|39/100\n|\n|-heal|p1a: Primarina|81/100|[from] item: Leftovers\n|upkeep\n|turn|4\n|\n|t:|1776680868\n|move|p2a: Lucario|Earthquake|p1a: Primarina\n|-crit|p1a: Primarina\n|-damage|p1a: Primarina|0 fnt\n|faint|p1a: Primarina\n|\n|upkeep\n|\n|t:|1776680870\n|switch|p1a: Basculegion|Basculegion, L50, M|100/100\n|turn|5\n|\n|t:|1776680875\n|switch|p2a: Gyarados|Gyarados, L50, M|100/100\n|-ability|p2a: Gyarados|Intimidate|boost\n|-unboost|p1a: Basculegion|atk|1\n|move|p1a: Basculegion|Last Respects|p2a: Gyarados\n|-damage|p2a: Gyarados|49/100\n|-enditem|p2a: Gyarados|Sitrus Berry|[eat]\n|-heal|p2a: Gyarados|74/100|[from] item: Sitrus Berry\n|\n|upkeep\n|turn|6\n|\n|t:|1776680887\n|switch|p1a: Kangaskhan|Kangaskhan, L50, F|100/100\n|move|p2a: Gyarados|Thunder Wave|p1a: Kangaskhan\n|-status|p1a: Kangaskhan|par\n|\n|upkeep\n|turn|7\n|\n|t:|1776680894\n|detailschange|p1a: Kangaskhan|Kangaskhan-Mega, L50, F\n|-mega|p1a: Kangaskhan|Kangaskhan|Kangaskhanite\n|move|p2a: Gyarados|Waterfall|p1a: Kangaskhan\n|-damage|p1a: Kangaskhan|70/100 par\n|move|p1a: Kangaskhan|Double-Edge|p2a: Gyarados\n|-damage|p2a: Gyarados|0 fnt\n|faint|p2a: Gyarados\n|-hitcount|p2: Gyarados|1\n|-damage|p1a: Kangaskhan|45/100 par|[from] Recoil\n|\n|upkeep\n|\n|t:|1776680901\n|switch|p2a: Lucario|Lucario-Mega, L50, M|39/100\n|turn|8\n|-message|Kuttitomaguro forfeited.\n|\n|win|2026412myyzzz\n|raw|2026412myyzzz's rating: 1322 &rarr; <strong>1345</strong><br />(+23 for winning)\n|raw|Kuttitomaguro's rating: 1370 &rarr; <strong>1347</strong><br />(-23 for losing)\n|l|\u2606Kuttitomaguro\n|player|p2|\n",
  "uploadtime": 1776680916,
  "views": 0,
  "formatid": "gen9championsbssregma",
  "rating": 1345,
  "private": 0,
  "password": null
}