{
  "id": "gen9championsbssregma-2583931005",
  "format": "[Gen 9 Champions] BSS Reg M-A",
  "players": [
    "FunkyKong67",
    "nuko1234"
  ],
  "log": "|j|\u2606FunkyKong67\n|j|\u2606nuko1234\n|t:|1776209338\n|gametype|singles\n|player|p1|FunkyKong67|170|1314\n|player|p2|nuko1234|caitlin|1439\n|gen|9\n|tier|[Gen 9 Champions] BSS Reg M-A\n|rated|\n|rule|Species Clause: Limit one of each Pok\u00e9mon\n|rule|Item Clause: Limit 1 of each item\n|clearpoke\n|poke|p1|Aegislash, L50, M|\n|poke|p1|Gengar, L50, M|\n|poke|p1|Starmie, L50|\n|poke|p1|Ditto, L50|\n|poke|p1|Volcarona, L50, F|\n|poke|p1|Rotom-Wash, L50|\n|poke|p2|Kingambit, L50, F|\n|poke|p2|Garchomp, L50, M|\n|poke|p2|Corviknight, L50, F|\n|poke|p2|Gardevoir, L50, F|\n|poke|p2|Primarina, L50, M|\n|poke|p2|Dragonite, L50, F|\n|teampreview|3\n|inactive|Battle timer is ON: inactive players will automatically lose when time's up. (requested by nuko1234)\n|j| p74\n|inactive|nuko1234 has 60 seconds left.\n|\n|t:|1776209376\n|teamsize|p1|3\n|teamsize|p2|3\n|start\n|switch|p1a: Rotom|Rotom-Wash, L50|100/100\n|switch|p2a: Garchomp|Garchomp, L50, M|100/100\n|turn|1\n|\n|t:|1776209384\n|move|p2a: Garchomp|Scale Shot|p1a: Rotom\n|-damage|p1a: Rotom|90/100\n|-damage|p1a: Rotom|79/100\n|-damage|p1a: Rotom|69/100\n|-hitcount|p1a: Rotom|3\n|-unboost|p2a: Garchomp|def|1\n|-boost|p2a: Garchomp|spe|1\n|move|p1a: Rotom|Will-O-Wisp|p2a: Garchomp\n|-status|p2a: Garchomp|brn\n|\n|-damage|p2a: Garchomp|95/100 brn|[from] brn\n|upkeep\n|turn|2\n|\n|t:|1776209388\n|move|p2a: Garchomp|Stealth Rock|p1a: Rotom\n|-sidestart|p1: FunkyKong67|move: Stealth Rock\n|move|p1a: Rotom|Hydro Pump|p2a: Garchomp\n|-damage|p2a: Garchomp|47/100 brn\n|\n|-damage|p2a: Garchomp|41/100 brn|[from] brn\n|upkeep\n|turn|3\n|\n|t:|1776209392\n|move|p2a: Garchomp|Scale Shot|p1a: Rotom|[miss]\n|-miss|p2a: Garchomp|p1a: Rotom\n|move|p1a: Rotom|Hydro Pump|p2a: Garchomp\n|-damage|p2a: Garchomp|0 fnt\n|faint|p2a: Garchomp\n|\n|upkeep\n|\n|t:|1776209395\n|switch|p2a: Dragonite|Dragonite, L50, F|100/100\n|turn|4\n|\n|t:|1776209399\n|detailschange|p2a: Dragonite|Dragonite-Mega, L50, F\n|-mega|p2a: Dragonite|Dragonite|Dragoninite\n|move|p2a: Dragonite|Dragon Pulse|p1a: Rotom\n|-damage|p1a: Rotom|15/100\n|-enditem|p1a: Rotom|Sitrus Berry|[eat]\n|-heal|p1a: Rotom|40/100|[from] item: Sitrus Berry\n|move|p1a: Rotom|Will-O-Wisp|p2a: Dragonite\n|-status|p2a: Dragonite|brn\n|\n|-damage|p2a: Dragonite|94/100 brn|[from] brn\n|upkeep\n|turn|5\n|\n|t:|1776209408\n|move|p2a: Dragonite|Dragon Pulse|p1a: Rotom\n|-damage|p1a: Rotom|0 fnt\n|faint|p1a: Rotom\n|\n|-damage|p2a: Dragonite|88/100 brn|[from] brn\n|upkeep\n|\n|t:|1776209415\n|switch|p1a: Gengar|Gengar, L50, M|100/100\n|-damage|p1a: Gengar|89/100|[from] Stealth Rock\n|turn|6\n|\n|t:|1776209418\n|detailschange|p1a: Gengar|Gengar-Mega, L50, M\n|-mega|p1a: Gengar|Gengar|Gengarite\n|move|p1a: Gengar|Sludge Wave|p2a: Dragonite\n|-damage|p2a: Dragonite|44/100 brn\n|move|p2a: Dragonite|Dragon Pulse|p1a: Gengar\n|-damage|p1a: Gengar|21/100\n|\n|-damage|p2a: Dragonite|38/100 brn|[from] brn\n|upkeep\n|turn|7\n|\n|t:|1776209424\n|move|p1a: Gengar|Sludge Wave|p2a: Dragonite\n|-damage|p2a: Dragonite|0 fnt\n|faint|p2a: Dragonite\n|\n|upkeep\n|\n|t:|1776209425\n|switch|p2a: Corviknight|Corviknight, L50, F|100/100\n|-ability|p2a: Corviknight|Pressure\n|turn|8\n|\n|t:|1776209428\n|move|p1a: Gengar|Will-O-Wisp|p2a: Corviknight\n|-status|p2a: Corviknight|brn\n|move|p2a: Corviknight|Iron Head|p1a: Gengar\n|-damage|p1a: Gengar|3/100\n|\n|-damage|p2a: Corviknight|95/100 brn|[from] brn\n|upkeep\n|turn|9\n|\n|t:|1776209433\n|move|p1a: Gengar|Shadow Ball|p2a: Corviknight\n|-damage|p2a: Corviknight|46/100 brn\n|move|p2a: Corviknight|Iron Head|p1a: Gengar\n|-damage|p1a: Gengar|0 fnt\n|faint|p1a: Gengar\n|\n|-heal|p2a: Corviknight|52/100 brn|[from] item: Leftovers\n|-damage|p2a: Corviknight|46/100 brn|[from] brn\n|upkeep\n|\n|t:|1776209437\n|switch|p1a: Aegislash|Aegislash, L50, M|100/100\n|-damage|p1a: Aegislash|95/100|[from] Stealth Rock\n|turn|10\n|\n|t:|1776209439\n|move|p2a: Corviknight|Roost|p2a: Corviknight\n|-heal|p2a: Corviknight|96/100 brn\n|-singleturn|p2a: Corviknight|move: Roost\n|move|p1a: Aegislash|Swords Dance|p1a: Aegislash\n|-boost|p1a: Aegislash|atk|2\n|\n|-heal|p2a: Corviknight|100/100 brn|[from] item: Leftovers\n|-damage|p2a: Corviknight|95/100 brn|[from] brn\n|upkeep\n|turn|11\n|\n|t:|1776209441\n|move|p2a: Corviknight|Iron Defense|p2a: Corviknight\n|-boost|p2a: Corviknight|def|2\n|move|p1a: Aegislash|Swords Dance|p1a: Aegislash\n|-boost|p1a: Aegislash|atk|2\n|\n|-heal|p2a: Corviknight|100/100 brn|[from] item: Leftovers\n|-damage|p2a: Corviknight|95/100 brn|[from] brn\n|upkeep\n|turn|12\n|\n|t:|1776209444\n|move|p2a: Corviknight|Iron Defense|p2a: Corviknight\n|-boost|p2a: Corviknight|def|2\n|move|p1a: Aegislash|Swords Dance|p1a: Aegislash\n|-boost|p1a: Aegislash|atk|2\n|\n|-heal|p2a: Corviknight|100/100 brn|[from] item: Leftovers\n|-damage|p2a: Corviknight|95/100 brn|[from] brn\n|upkeep\n|turn|13\n|\n|t:|1776209446\n|move|p2a: Corviknight|Iron Defense|p2a: Corviknight\n|-boost|p2a: Corviknight|def|2\n|-formechange|p1a: Aegislash|Aegislash-Blade|\n|move|p1a: Aegislash|Close Combat|p2a: Corviknight\n|-damage|p2a: Corviknight|62/100 brn\n|-unboost|p1a: Aegislash|def|1\n|-unboost|p1a: Aegislash|spd|1\n|\n|-heal|p2a: Corviknight|68/100 brn|[from] item: Leftovers\n|-damage|p2a: Corviknight|62/100 brn|[from] brn\n|upkeep\n|turn|14\n|\n|t:|1776209449\n|move|p2a: Corviknight|Roost|p2a: Corviknight\n|-heal|p2a: Corviknight|100/100 brn\n|-singleturn|p2a: Corviknight|move: Roost\n|move|p1a: Aegislash|Close Combat|p2a: Corviknight\n|-supereffective|p2a: Corviknight|1\n|-crit|p2a: Corviknight\n|-damage|p2a: Corviknight|0 fnt\n|-unboost|p1a: Aegislash|def|1\n|-unboost|p1a: Aegislash|spd|1\n|faint|p2a: Corviknight\n|\n|win|FunkyKong67\n|raw|FunkyKong67's rating: 1314 &rarr; <strong>1341</strong><br />(+27 for winning)\n|raw|nuko1234's rating: 1439 &rarr; <strong>1412</strong><br />(-27 for losing)\n|l|\u2606nuko1234\n|player|p2|\n|l|\u2606FunkyKong67\n|player|p1|\n",
  "uploadtime": 1776209544,
  "views": 2,
  "formatid": "gen9championsbssregma",
  "rating": 1341,
  "private": 0,
  "password": null
}