{
  "id": "gen9championsbssregma-2584175149",
  "format": "[Gen 9 Champions] BSS Reg M-A",
  "players": [
    "Hinya",
    "THUNDERBOY4272"
  ],
  "log": "|j|\u2606Hinya\n|j|\u2606THUNDERBOY4272\n|t:|1776234374\n|gametype|singles\n|player|p1|Hinya|emma-lza|1186\n|player|p2|THUNDERBOY4272|170|1129\n|gen|9\n|tier|[Gen 9 Champions] BSS Reg M-A\n|rated|\n|rule|Species Clause: Limit one of each Pok\u00e9mon\n|rule|Item Clause: Limit 1 of each item\n|clearpoke\n|poke|p1|Floette-Eternal, L50, F|\n|poke|p1|Aegislash, L50, M|\n|poke|p1|Garchomp, L50, M|\n|poke|p1|Vaporeon, L50, M|\n|poke|p1|Dragonite, L50, M|\n|poke|p1|Kingambit, L50, M|\n|poke|p2|Kleavor, L50, M|\n|poke|p2|Azumarill, L50, F|\n|poke|p2|Kingambit, L50, M|\n|poke|p2|Pinsir, L50, M|\n|poke|p2|Whimsicott, L50, F|\n|poke|p2|Goodra-Hisui, L50, M|\n|teampreview|3\n|inactive|Battle timer is ON: inactive players will automatically lose when time's up. (requested by THUNDERBOY4272)\n|\n|t:|1776234398\n|teamsize|p1|3\n|teamsize|p2|3\n|start\n|switch|p1a: \ud55c\uce74\ub9ac\uc544\uc2a4|Garchomp, L50, M|100/100\n|switch|p2a: Kleavor|Kleavor, L50, M, shiny|100/100\n|turn|1\n|\n|t:|1776234418\n|move|p1a: \ud55c\uce74\ub9ac\uc544\uc2a4|Rock Tomb|p2a: Kleavor\n|-supereffective|p2a: Kleavor|1\n|-damage|p2a: Kleavor|58/100\n|-unboost|p2a: Kleavor|spe|1\n|move|p2a: Kleavor|Stone Axe|p1a: \ud55c\uce74\ub9ac\uc544\uc2a4\n|-resisted|p1a: \ud55c\uce74\ub9ac\uc544\uc2a4|1\n|-damage|p1a: \ud55c\uce74\ub9ac\uc544\uc2a4|73/100\n|-damage|p2a: Kleavor|45/100|[from] ability: Rough Skin|[of] p1a: \ud55c\uce74\ub9ac\uc544\uc2a4\n|-sidestart|p1: Hinya|move: Stealth Rock\n|\n|upkeep\n|turn|2\n|inactive|THUNDERBOY4272 has 30 seconds left.\n|\n|t:|1776234444\n|move|p1a: \ud55c\uce74\ub9ac\uc544\uc2a4|Stealth Rock|p2a: Kleavor\n|-sidestart|p2: THUNDERBOY4272|move: Stealth Rock\n|move|p2a: Kleavor|Lunge|p1a: \ud55c\uce74\ub9ac\uc544\uc2a4\n|-damage|p1a: \ud55c\uce74\ub9ac\uc544\uc2a4|25/100\n|-unboost|p1a: \ud55c\uce74\ub9ac\uc544\uc2a4|atk|1\n|-damage|p2a: Kleavor|33/100|[from] ability: Rough Skin|[of] p1a: \ud55c\uce74\ub9ac\uc544\uc2a4\n|\n|upkeep\n|turn|3\n|\n|t:|1776234455\n|move|p1a: \ud55c\uce74\ub9ac\uc544\uc2a4|Earthquake|p2a: Kleavor\n|-damage|p2a: Kleavor|0 fnt\n|faint|p2a: Kleavor\n|\n|upkeep\n|\n|t:|1776234460\n|switch|p2a: Azumarill|Azumarill, L50, F, shiny|100/100\n|-damage|p2a: Azumarill|88/100|[from] Stealth Rock\n|turn|4\n|\n|t:|1776234465\n|move|p1a: \ud55c\uce74\ub9ac\uc544\uc2a4|Earthquake|p2a: Azumarill\n|-damage|p2a: Azumarill|49/100\n|-enditem|p2a: Azumarill|Sitrus Berry|[eat]\n|-heal|p2a: Azumarill|74/100|[from] item: Sitrus Berry\n|move|p2a: Azumarill|Belly Drum|p2a: Azumarill\n|-damage|p2a: Azumarill|24/100\n|-setboost|p2a: Azumarill|atk|6|[from] move: Belly Drum\n|\n|upkeep\n|turn|5\n|\n|t:|1776234473\n|move|p2a: Azumarill|Aqua Jet|p1a: \ud55c\uce74\ub9ac\uc544\uc2a4\n|-damage|p1a: \ud55c\uce74\ub9ac\uc544\uc2a4|0 fnt\n|-damage|p2a: Azumarill|12/100|[from] ability: Rough Skin|[of] p1a: \ud55c\uce74\ub9ac\uc544\uc2a4\n|faint|p1a: \ud55c\uce74\ub9ac\uc544\uc2a4\n|\n|upkeep\n|\n|t:|1776234476\n|switch|p1a: \uc0e4\ubbf8\ub4dc|Vaporeon, L50, M|100/100\n|-damage|p1a: \uc0e4\ubbf8\ub4dc|88/100|[from] Stealth Rock\n|turn|6\n|\n|t:|1776234482\n|move|p1a: \uc0e4\ubbf8\ub4dc|Protect|p1a: \uc0e4\ubbf8\ub4dc\n|-singleturn|p1a: \uc0e4\ubbf8\ub4dc|Protect\n|move|p2a: Azumarill|Play Rough|p1a: \uc0e4\ubbf8\ub4dc\n|-activate|p1a: \uc0e4\ubbf8\ub4dc|move: Protect\n|\n|-heal|p1a: \uc0e4\ubbf8\ub4dc|94/100|[from] item: Leftovers\n|upkeep\n|turn|7\n|\n|t:|1776234489\n|move|p1a: \uc0e4\ubbf8\ub4dc|Yawn|p2a: Azumarill\n|-start|p2a: Azumarill|move: Yawn|[of] p1a: \uc0e4\ubbf8\ub4dc\n|move|p2a: Azumarill|Play Rough|p1a: \uc0e4\ubbf8\ub4dc\n|-damage|p1a: \uc0e4\ubbf8\ub4dc|0 fnt\n|faint|p1a: \uc0e4\ubbf8\ub4dc\n|\n|upkeep\n|\n|t:|1776234492\n|switch|p1a: \ud50c\ub77c\uc5e3\ud14c|Floette-Eternal, L50, F|100/100\n|-damage|p1a: \ud50c\ub77c\uc5e3\ud14c|89/100|[from] Stealth Rock\n|turn|8\n|\n|t:|1776234503\n|detailschange|p1a: \ud50c\ub77c\uc5e3\ud14c|Floette-Mega, L50, F\n|-mega|p1a: \ud50c\ub77c\uc5e3\ud14c|Floette|Floettite\n|-ability|p1a: \ud50c\ub77c\uc5e3\ud14c|Fairy Aura\n|move|p2a: Azumarill|Aqua Jet|p1a: \ud50c\ub77c\uc5e3\ud14c\n|-crit|p1a: \ud50c\ub77c\uc5e3\ud14c\n|-damage|p1a: \ud50c\ub77c\uc5e3\ud14c|0 fnt\n|faint|p1a: \ud50c\ub77c\uc5e3\ud14c\n|\n|win|THUNDERBOY4272\n|raw|Hinya's rating: 1186 &rarr; <strong>1157</strong><br />(-29 for losing)\n|raw|THUNDERBOY4272's rating: 1129 &rarr; <strong>1158</strong><br />(+29 for winning)\n",
  "uploadtime": 1776234509,
  "views": 7,
  "formatid": "gen9championsbssregma",
  "rating": 1157,
  "private": 0,
  "password": null
}