{
  "id": "gen9championsbssregma-2587931175",
  "format": "[Gen 9 Champions] BSS Reg M-A",
  "players": [
    "Lp7604",
    "Ym949"
  ],
  "log": "|j|\u2606Lp7604\n|j|\u2606Ym949\n|t:|1776580762\n|gametype|singles\n|player|p1|Lp7604|265|1203\n|player|p2|Ym949|acetrainer|1161\n|gen|9\n|tier|[Gen 9 Champions] BSS Reg M-A\n|rated|\n|rule|Species Clause: Limit one of each Pok\u00e9mon\n|rule|Item Clause: Limit 1 of each item\n|clearpoke\n|poke|p1|Primarina, L50, F, shiny|\n|poke|p1|Ceruledge, L50, M, shiny|\n|poke|p1|Charizard, L50, M, shiny|\n|poke|p1|Venusaur, L50, F, shiny|\n|poke|p1|Blastoise, L50, F, shiny|\n|poke|p1|Garchomp, L50, M, shiny|\n|poke|p2|Scizor, L50, M|\n|poke|p2|Gallade, L50, M|\n|poke|p2|Delphox, L50, M|\n|poke|p2|Diggersby, L50, M|\n|poke|p2|Bellibolt, L50, M|\n|poke|p2|Araquanid, L50, M|\n|teampreview|3\n|inactive|Battle timer is ON: inactive players will automatically lose when time's up. (requested by Ym949)\n|inactive|Lp7604 has 60 seconds left.\n|inactive|Lp7604 has 30 seconds left.\n|\n|t:|1776580847\n|teamsize|p1|3\n|teamsize|p2|3\n|start\n|switch|p1a: Venusaur|Venusaur, L50, F, shiny|100/100\n|switch|p2a: Gallade|Gallade, L50, M|100/100\n|turn|1\n|\n|t:|1776580866\n|switch|p1a: Garchomp|Garchomp, L50, M, shiny|100/100\n|move|p2a: Gallade|Ice Punch|p1a: Garchomp\n|-supereffective|p1a: Garchomp|2\n|-damage|p1a: Garchomp|0 fnt\n|-damage|p2a: Gallade|89/100|[from] ability: Rough Skin|[of] p1a: Garchomp\n|faint|p1a: Garchomp\n|\n|upkeep\n|\n|t:|1776580875\n|switch|p1a: Blastoise|Blastoise, L50, F, shiny|100/100\n|turn|2\n|\n|t:|1776580889\n|move|p2a: Gallade|Sacred Sword|p1a: Blastoise\n|-damage|p1a: Blastoise|30/100\n|move|p1a: Blastoise|Shell Smash|p1a: Blastoise\n|-unboost|p1a: Blastoise|def|1\n|-unboost|p1a: Blastoise|spd|1\n|-boost|p1a: Blastoise|atk|2\n|-boost|p1a: Blastoise|spa|2\n|-boost|p1a: Blastoise|spe|2\n|-enditem|p1a: Blastoise|White Herb\n|-clearnegativeboost|p1a: Blastoise|[silent]\n|\n|upkeep\n|turn|3\n|\n|t:|1776580899\n|move|p2a: Gallade|Shadow Sneak|p1a: Blastoise\n|-damage|p1a: Blastoise|15/100\n|move|p1a: Blastoise|Hydro Pump|p2a: Gallade\n|-damage|p2a: Gallade|0 fnt\n|faint|p2a: Gallade\n|\n|upkeep\n|\n|t:|1776580901\n|switch|p2a: Bellibolt|Bellibolt, L50, M|100/100\n|turn|4\n|\n|t:|1776580922\n|switch|p1a: Venusaur|Venusaur, L50, F, shiny|100/100\n|move|p2a: Bellibolt|Parabolic Charge|p1a: Venusaur\n|-resisted|p1a: Venusaur|1\n|-damage|p1a: Venusaur|90/100\n|\n|upkeep\n|turn|5\n|\n|t:|1776580931\n|detailschange|p1a: Venusaur|Venusaur-Mega, L50, F, shiny\n|-mega|p1a: Venusaur|Venusaur|Venusaurite\n|move|p1a: Venusaur|Growth|p1a: Venusaur\n|-boost|p1a: Venusaur|atk|1\n|-boost|p1a: Venusaur|spa|1\n|move|p2a: Bellibolt|Parabolic Charge|p1a: Venusaur\n|-resisted|p1a: Venusaur|1\n|-damage|p1a: Venusaur|81/100\n|\n|upkeep\n|turn|6\n|\n|t:|1776580942\n|move|p1a: Venusaur|Growth|p1a: Venusaur\n|-boost|p1a: Venusaur|atk|1\n|-boost|p1a: Venusaur|spa|1\n|move|p2a: Bellibolt|Muddy Water|p1a: Venusaur\n|-resisted|p1a: Venusaur|1\n|-damage|p1a: Venusaur|72/100\n|-unboost|p1a: Venusaur|accuracy|1\n|\n|upkeep\n|turn|7\n|\n|t:|1776580951\n|move|p1a: Venusaur|Earth Power|p2a: Bellibolt\n|-supereffective|p2a: Bellibolt|1\n|-damage|p2a: Bellibolt|0 fnt\n|faint|p2a: Bellibolt\n|\n|upkeep\n|\n|t:|1776580954\n|switch|p2a: Diggersby|Diggersby, L50, M|100/100\n|turn|8\n|\n|t:|1776580962\n|move|p2a: Diggersby|Earthquake|p1a: Venusaur\n|-damage|p1a: Venusaur|20/100\n|move|p1a: Venusaur|Giga Drain|p2a: Diggersby|[miss]\n|-miss|p1a: Venusaur|p2a: Diggersby\n|\n|upkeep\n|turn|9\n|\n|t:|1776580968\n|move|p2a: Diggersby|Earthquake|p1a: Venusaur\n|-damage|p1a: Venusaur|0 fnt\n|faint|p1a: Venusaur\n|\n|upkeep\n|\n|t:|1776580973\n|switch|p1a: Blastoise|Blastoise, L50, F, shiny|15/100\n|turn|10\n|\n|t:|1776580977\n|move|p2a: Diggersby|Earthquake|p1a: Blastoise\n|-damage|p1a: Blastoise|0 fnt\n|faint|p1a: Blastoise\n|\n|win|Ym949\n|raw|Lp7604's rating: 1203 &rarr; <strong>1175</strong><br />(-28 for losing)\n|raw|Ym949's rating: 1161 &rarr; <strong>1189</strong><br />(+28 for winning)\n",
  "uploadtime": 1776580983,
  "views": 3,
  "formatid": "gen9championsbssregma",
  "rating": 1175,
  "private": 0,
  "password": null
}