{
  "id": "gen9championsbssregma-2587337570",
  "format": "[Gen 9 Champions] BSS Reg M-A",
  "players": [
    "gorilnx",
    "RoadWarriorAvacado"
  ],
  "log": "|j|\u2606gorilnx\n|j|\u2606RoadWarriorAvacado\n|t:|1776523277\n|gametype|singles\n|player|p1|gorilnx|dawn-gen4pt|1134\n|player|p2|RoadWarriorAvacado|swimmerf|1136\n|gen|9\n|tier|[Gen 9 Champions] BSS Reg M-A\n|rated|\n|rule|Species Clause: Limit one of each Pok\u00e9mon\n|rule|Item Clause: Limit 1 of each item\n|clearpoke\n|poke|p1|Delphox, L50, F|\n|poke|p1|Lopunny, L50, M|\n|poke|p1|Corviknight, L50, M|\n|poke|p1|Primarina, L50, M|\n|poke|p1|Garchomp, L50, F|\n|poke|p1|Rotom-Heat, L50|\n|poke|p2|Pelipper, L50, M|\n|poke|p2|Archaludon, L50, F|\n|poke|p2|Scovillain, L50, F|\n|poke|p2|Goodra-Hisui, L50, M, shiny|\n|poke|p2|Arcanine-Hisui, L50, F, shiny|\n|poke|p2|Ceruledge, L50, F|\n|teampreview|3\n|inactive|Battle timer is ON: inactive players will automatically lose when time's up. (requested by RoadWarriorAvacado)\n|inactive|gorilnx also wants the timer to be on.\n|inactive|RoadWarriorAvacado has 60 seconds left.\n|\n|t:|1776523310\n|teamsize|p1|3\n|teamsize|p2|3\n|start\n|switch|p1a: Lopunny|Lopunny, L50, M|100/100\n|switch|p2a: Pelipper|Pelipper, L50, M|100/100\n|-weather|RainDance|[from] ability: Drizzle|[of] p2a: Pelipper\n|turn|1\n|\n|t:|1776523317\n|detailschange|p1a: Lopunny|Lopunny-Mega, L50, M\n|-mega|p1a: Lopunny|Lopunny|Lopunnite\n|move|p1a: Lopunny|Fake Out|p2a: Pelipper\n|-damage|p2a: Pelipper|78/100\n|cant|p2a: Pelipper|flinch\n|\n|-weather|RainDance|[upkeep]\n|upkeep\n|turn|2\n|\n|t:|1776523324\n|move|p1a: Lopunny|U-turn|p2a: Pelipper\n|-resisted|p2a: Pelipper|1\n|-damage|p2a: Pelipper|66/100\n|\n|t:|1776523326\n|switch|p1a: Primarina|Primarina, L50, M|100/100|[from] U-turn\n|move|p2a: Pelipper|Hurricane|p1a: Primarina\n|-damage|p1a: Primarina|61/100\n|\n|-weather|RainDance|[upkeep]\n|upkeep\n|turn|3\n|-activate|p2a: Pelipper|item: Quick Claw\n|\n|t:|1776523340\n|move|p2a: Pelipper|U-turn|p1a: Primarina\n|-resisted|p1a: Primarina|1\n|-damage|p1a: Primarina|57/100\n|\n|t:|1776523344\n|switch|p2a: Scovillain|Scovillain, L50, F|100/100|[from] U-turn\n|move|p1a: Primarina|Moonblast|p2a: Scovillain\n|-resisted|p2a: Scovillain|1\n|-damage|p2a: Scovillain|64/100\n|\n|-weather|RainDance|[upkeep]\n|-ability|p2a: Scovillain|Moody|boost\n|-boost|p2a: Scovillain|spa|2\n|-unboost|p2a: Scovillain|atk|1\n|upkeep\n|turn|4\n|\n|t:|1776523354\n|switch|p1a: Corviknight|Corviknight, L50, M|100/100\n|-ability|p1a: Corviknight|Pressure\n|detailschange|p2a: Scovillain|Scovillain-Mega, L50, F\n|-mega|p2a: Scovillain|Scovillain|Scovillainite\n|move|p2a: Scovillain|Giga Drain|p1a: Corviknight\n|-resisted|p1a: Corviknight|2\n|-damage|p1a: Corviknight|78/100\n|-heal|p2a: Scovillain|78/100|[from] drain|[of] p1a: Corviknight\n|\n|-weather|RainDance|[upkeep]\n|-heal|p1a: Corviknight|84/100|[from] item: Leftovers\n|upkeep\n|turn|5\n|\n|t:|1776523369\n|move|p2a: Scovillain|Flamethrower|p1a: Corviknight\n|-supereffective|p1a: Corviknight|1\n|-damage|p1a: Corviknight|0 fnt\n|faint|p1a: Corviknight\n|\n|-weather|none\n|upkeep\n|\n|t:|1776523371\n|switch|p1a: Lopunny|Lopunny-Mega, L50, M|100/100\n|turn|6\n|\n|t:|1776523375\n|move|p1a: Lopunny|Fake Out|p2a: Scovillain\n|-damage|p2a: Scovillain|53/100\n|-status|p1a: Lopunny|brn|[from] ability: Spicy Spray|[of] p2a: Scovillain\n|cant|p2a: Scovillain|flinch\n|\n|-damage|p1a: Lopunny|95/100 brn|[from] brn\n|upkeep\n|turn|7\n|\n|t:|1776523380\n|move|p1a: Lopunny|Close Combat|p2a: Scovillain\n|-damage|p2a: Scovillain|16/100\n|-unboost|p1a: Lopunny|def|1\n|-unboost|p1a: Lopunny|spd|1\n|move|p2a: Scovillain|Giga Drain|p1a: Lopunny\n|-damage|p1a: Lopunny|0 fnt\n|-heal|p2a: Scovillain|55/100|[from] drain|[of] p1a: Lopunny\n|faint|p1a: Lopunny\n|\n|upkeep\n|\n|t:|1776523383\n|switch|p1a: Primarina|Primarina, L50, M|57/100\n|turn|8\n|\n|t:|1776523385\n|move|p2a: Scovillain|Giga Drain|p1a: Primarina\n|-supereffective|p1a: Primarina|1\n|-damage|p1a: Primarina|0 fnt\n|-heal|p2a: Scovillain|85/100|[from] drain|[of] p1a: Primarina\n|faint|p1a: Primarina\n|\n|win|RoadWarriorAvacado\n|raw|gorilnx's rating: 1134 &rarr; <strong>1109</strong><br />(-25 for losing)\n|raw|RoadWarriorAvacado's rating: 1136 &rarr; <strong>1161</strong><br />(+25 for winning)\n|l|\u2606gorilnx\n|player|p1|\n",
  "uploadtime": 1776523405,
  "views": 38,
  "formatid": "gen9championsbssregma",
  "rating": 1109,
  "private": 0,
  "password": null
}