{
  "id": "gen9championsbssregma-2582034409",
  "format": "[Gen 9 Champions] BSS Reg M-A",
  "players": [
    "Aguwar",
    "Sid_Obian"
  ],
  "log": "|j|\u2606Aguwar\n|j|\u2606Sid_Obian\n|t:|1776050389\n|gametype|singles\n|player|p1|Aguwar|chili|1070\n|player|p2|Sid_Obian|265|1062\n|gen|9\n|tier|[Gen 9 Champions] BSS Reg M-A\n|rated|\n|rule|Species Clause: Limit one of each Pok\u00e9mon\n|rule|Item Clause: Limit 1 of each item\n|clearpoke\n|poke|p1|Charizard, L50, M|\n|poke|p1|Venusaur, L50, M|\n|poke|p1|Dragonite, L50, M|\n|poke|p1|Dragapult, L50, M|\n|poke|p1|Archaludon, L50, F|\n|poke|p1|Feraligatr, L50, M|\n|poke|p2|Aerodactyl, L50, F|\n|poke|p2|Archaludon, L50, F|\n|poke|p2|Machamp, L50, F|\n|poke|p2|Armarouge, L50, M|\n|poke|p2|Blastoise, L50, M|\n|poke|p2|Krookodile, L50, F|\n|teampreview|3\n|inactive|Battle timer is ON: inactive players will automatically lose when time's up. (requested by Sid_Obian)\n|inactive|Aguwar has 60 seconds left.\n|inactive|Aguwar has 30 seconds left.\n|\n|t:|1776050461\n|teamsize|p1|3\n|teamsize|p2|3\n|start\n|switch|p1a: Archaludon|Archaludon, L50, F|100/100\n|switch|p2a: Krookodile|Krookodile, L50, F|100/100\n|turn|1\n|\n|t:|1776050468\n|move|p2a: Krookodile|Earthquake|p1a: Archaludon\n|-supereffective|p1a: Archaludon|1\n|-damage|p1a: Archaludon|27/100\n|-ability|p1a: Archaludon|Stamina|boost\n|-boost|p1a: Archaludon|def|1\n|-enditem|p1a: Archaludon|Sitrus Berry|[eat]\n|-heal|p1a: Archaludon|51/100|[from] item: Sitrus Berry\n|move|p1a: Archaludon|Aura Sphere|p2a: Krookodile\n|-supereffective|p2a: Krookodile|1\n|-damage|p2a: Krookodile|24/100\n|\n|upkeep\n|turn|2\n|\n|t:|1776050478\n|move|p2a: Krookodile|Earthquake|p1a: Archaludon\n|-supereffective|p1a: Archaludon|1\n|-damage|p1a: Archaludon|7/100\n|-ability|p1a: Archaludon|Stamina|boost\n|-boost|p1a: Archaludon|def|1\n|move|p1a: Archaludon|Aura Sphere|p2a: Krookodile\n|-supereffective|p2a: Krookodile|1\n|-damage|p2a: Krookodile|0 fnt\n|faint|p2a: Krookodile\n|\n|upkeep\n|\n|t:|1776050489\n|switch|p2a: Armarouge|Armarouge, L50, M|100/100\n|turn|3\n|\n|t:|1776050495\n|move|p2a: Armarouge|Calm Mind|p2a: Armarouge\n|-boost|p2a: Armarouge|spa|1\n|-boost|p2a: Armarouge|spd|1\n|move|p1a: Archaludon|Electro Shot||[still]\n|-prepare|p1a: Archaludon|Electro Shot\n|-boost|p1a: Archaludon|spa|1\n|\n|upkeep\n|turn|4\n|\n|t:|1776050502\n|move|p2a: Armarouge|Calm Mind|p2a: Armarouge\n|-boost|p2a: Armarouge|spa|1\n|-boost|p2a: Armarouge|spd|1\n|move|p1a: Archaludon|Electro Shot|p2a: Armarouge|[from] lockedmove\n|-damage|p2a: Armarouge|49/100\n|\n|upkeep\n|turn|5\n|\n|t:|1776050509\n|move|p2a: Armarouge|Psychic|p1a: Archaludon\n|-resisted|p1a: Archaludon|1\n|-damage|p1a: Archaludon|0 fnt\n|faint|p1a: Archaludon\n|\n|upkeep\n|\n|t:|1776050512\n|switch|p1a: Dragapult|Dragapult, L50, M|100/100\n|turn|6\n|\n|t:|1776050519\n|move|p1a: Dragapult|Sucker Punch|p2a: Armarouge\n|-supereffective|p2a: Armarouge|1\n|-damage|p2a: Armarouge|8/100\n|-ability|p2a: Armarouge|Weak Armor|boost\n|-unboost|p2a: Armarouge|def|1\n|-boost|p2a: Armarouge|spe|2\n|move|p2a: Armarouge|Psychic|p1a: Dragapult\n|-enditem|p1a: Dragapult|Focus Sash\n|-damage|p1a: Dragapult|1/100\n|\n|upkeep\n|turn|7\n|\n|t:|1776050532\n|move|p1a: Dragapult|Sucker Punch|p2a: Armarouge\n|-supereffective|p2a: Armarouge|1\n|-damage|p2a: Armarouge|0 fnt\n|faint|p2a: Armarouge\n|\n|upkeep\n|\n|t:|1776050537\n|switch|p2a: Archaludon|Archaludon, L50, F|100/100\n|turn|8\n|\n|t:|1776050542\n|move|p1a: Dragapult|Draco Meteor|p2a: Archaludon\n|-damage|p2a: Archaludon|35/100\n|-unboost|p1a: Dragapult|spa|2\n|-ability|p2a: Archaludon|Stamina|boost\n|-boost|p2a: Archaludon|def|1\n|move|p2a: Archaludon|Flash Cannon|p1a: Dragapult\n|-damage|p1a: Dragapult|0 fnt\n|faint|p1a: Dragapult\n|\n|-heal|p2a: Archaludon|41/100|[from] item: Leftovers\n|upkeep\n|\n|t:|1776050545\n|switch|p1a: Feraligatr|Feraligatr, L50, M|100/100\n|turn|9\n|\n|t:|1776050565\n|detailschange|p1a: Feraligatr|Feraligatr-Mega, L50, M\n|-mega|p1a: Feraligatr|Feraligatr|Feraligite\n|move|p1a: Feraligatr|Body Slam|p2a: Archaludon\n|-crit|p2a: Archaludon\n|-damage|p2a: Archaludon|0 fnt\n|faint|p2a: Archaludon\n|\n|win|Aguwar\n|raw|Aguwar's rating: 1070 &rarr; <strong>1099</strong><br />(+29 for winning)\n|raw|Sid_Obian's rating: 1062 &rarr; <strong>1043</strong><br />(-19 for losing)\n",
  "uploadtime": 1776050571,
  "views": 12,
  "formatid": "gen9championsbssregma",
  "rating": 1043,
  "private": 0,
  "password": null
}