{
  "id": "gen9championsbssregma-2587136490",
  "format": "[Gen 9 Champions] BSS Reg M-A",
  "players": [
    "Zakshian",
    "Keyan_Sans"
  ],
  "log": "|j|\u2606Zakshian\n|j|\u2606Keyan_Sans\n|t:|1776498689\n|gametype|singles\n|player|p1|Zakshian|1|1164\n|player|p2|Keyan_Sans|hugh|1157\n|gen|9\n|tier|[Gen 9 Champions] BSS Reg M-A\n|rated|\n|rule|Species Clause: Limit one of each Pok\u00e9mon\n|rule|Item Clause: Limit 1 of each item\n|clearpoke\n|poke|p1|Gengar, L50, F|\n|poke|p1|Greninja, L50, F|\n|poke|p1|Meowscarada, L50, F|\n|poke|p1|Garchomp, L50, F|\n|poke|p1|Archaludon, L50, F|\n|poke|p1|Charizard, L50, M|\n|poke|p2|Gallade, L50, M|\n|poke|p2|Primarina, L50, F|\n|poke|p2|Aegislash, L50, F|\n|poke|p2|Glimmora, L50, F|\n|poke|p2|Infernape, L50, M|\n|poke|p2|Meowscarada, L50, M|\n|teampreview|3\n|inactive|Battle timer is ON: inactive players will automatically lose when time's up. (requested by Keyan_Sans)\n|\n|t:|1776498717\n|teamsize|p1|3\n|teamsize|p2|3\n|start\n|switch|p1a: Charizard|Charizard, L50, M|100/100\n|switch|p2a: Primarina|Primarina, L50, F|100/100\n|turn|1\n|\n|t:|1776498723\n|detailschange|p1a: Charizard|Charizard-Mega-X, L50, M\n|-mega|p1a: Charizard|Charizard|Charizardite X\n|move|p1a: Charizard|Dragon Dance|p1a: Charizard\n|-boost|p1a: Charizard|atk|1\n|-boost|p1a: Charizard|spe|1\n|move|p2a: Primarina|Calm Mind|p2a: Primarina\n|-boost|p2a: Primarina|spa|1\n|-boost|p2a: Primarina|spd|1\n|\n|upkeep\n|turn|2\n|\n|t:|1776498730\n|move|p1a: Charizard|Earthquake|p2a: Primarina\n|-damage|p2a: Primarina|52/100\n|move|p2a: Primarina|Draining Kiss|p1a: Charizard\n|-damage|p1a: Charizard|54/100\n|-heal|p2a: Primarina|81/100|[from] drain|[of] p1a: Charizard\n|\n|-heal|p2a: Primarina|87/100|[from] item: Leftovers\n|upkeep\n|turn|3\n|\n|t:|1776498735\n|move|p1a: Charizard|Dragon Dance|p1a: Charizard\n|-boost|p1a: Charizard|atk|1\n|-boost|p1a: Charizard|spe|1\n|move|p2a: Primarina|Draining Kiss|p1a: Charizard\n|-damage|p1a: Charizard|15/100\n|-heal|p2a: Primarina|100/100|[from] drain|[of] p1a: Charizard\n|\n|upkeep\n|turn|4\n|\n|t:|1776498737\n|move|p1a: Charizard|Earthquake|p2a: Primarina\n|-damage|p2a: Primarina|35/100\n|move|p2a: Primarina|Draining Kiss|p1a: Charizard\n|-damage|p1a: Charizard|0 fnt\n|-heal|p2a: Primarina|44/100|[from] drain|[of] p1a: Charizard\n|faint|p1a: Charizard\n|\n|-heal|p2a: Primarina|50/100|[from] item: Leftovers\n|upkeep\n|\n|t:|1776498741\n|switch|p1a: Meowscarada|Meowscarada, L50, F|100/100\n|turn|5\n|\n|t:|1776498747\n|switch|p2a: Meowscarada|Meowscarada, L50, M|100/100\n|move|p1a: Meowscarada|Flower Trick|p2a: Meowscarada\n|-start|p1a: Meowscarada|typechange|Grass|[from] ability: Protean\n|-resisted|p2a: Meowscarada|1\n|-crit|p2a: Meowscarada\n|-damage|p2a: Meowscarada|59/100\n|\n|upkeep\n|turn|6\n|\n|t:|1776498752\n|move|p2a: Meowscarada|U-turn|p1a: Meowscarada\n|-start|p2a: Meowscarada|typechange|Bug|[from] ability: Protean\n|-supereffective|p1a: Meowscarada|1\n|-damage|p1a: Meowscarada|0 fnt\n|faint|p1a: Meowscarada\n|\n|t:|1776498757\n|switch|p2a: Primarina|Primarina, L50, F|50/100|[from] U-turn\n|\n|-heal|p2a: Primarina|56/100|[from] item: Leftovers\n|upkeep\n|\n|t:|1776498760\n|switch|p1a: Garchomp|Garchomp, L50, F|100/100\n|turn|7\n|\n|t:|1776498762\n|move|p1a: Garchomp|Earthquake|p2a: Primarina\n|-damage|p2a: Primarina|11/100\n|move|p2a: Primarina|Draining Kiss|p1a: Garchomp\n|-supereffective|p1a: Garchomp|1\n|-damage|p1a: Garchomp|51/100\n|-heal|p2a: Primarina|48/100|[from] drain|[of] p1a: Garchomp\n|-damage|p2a: Primarina|35/100|[from] ability: Rough Skin|[of] p1a: Garchomp\n|\n|-heal|p2a: Primarina|41/100|[from] item: Leftovers\n|upkeep\n|turn|8\n|-message|Zakshian forfeited.\n|\n|win|Keyan_Sans\n|raw|Zakshian's rating: 1164 &rarr; <strong>1138</strong><br />(-26 for losing)\n|raw|Keyan_Sans's rating: 1157 &rarr; <strong>1183</strong><br />(+26 for winning)\n|l|\u2606Zakshian\n|player|p1|\n",
  "uploadtime": 1776498769,
  "views": 10,
  "formatid": "gen9championsbssregma",
  "rating": 1138,
  "private": 0,
  "password": null
}