{
  "id": "gen9championsbssregma-2588852670",
  "format": "[Gen 9 Champions] BSS Reg M-A",
  "players": [
    "kimbin",
    "Bbbkty"
  ],
  "log": "|j|\u2606kimbin\n|j|\u2606Bbbkty\n|t:|1776678672\n|gametype|singles\n|player|p1|kimbin|266|1124\n|player|p2|Bbbkty|1|1176\n|gen|9\n|tier|[Gen 9 Champions] BSS Reg M-A\n|rated|\n|rule|Species Clause: Limit one of each Pok\u00e9mon\n|rule|Item Clause: Limit 1 of each item\n|clearpoke\n|poke|p1|Greninja, L50, M, shiny|\n|poke|p1|Mimikyu, L50, F|\n|poke|p1|Garchomp, L50, F|\n|poke|p1|Scizor, L50, F|\n|poke|p1|Rotom-Heat, L50|\n|poke|p1|Kingambit, L50, M|\n|poke|p2|Clefable, L50, M|\n|poke|p2|Charizard, L50, F|\n|poke|p2|Mimikyu, L50, F|\n|poke|p2|Kingambit, L50, F|\n|poke|p2|Espathra, L50, M|\n|poke|p2|Glimmora, L50, M|\n|teampreview|3\n|inactive|Battle timer is ON: inactive players will automatically lose when time's up. (requested by kimbin)\n|\n|t:|1776678691\n|teamsize|p1|3\n|teamsize|p2|3\n|start\n|switch|p1a: Greninja|Greninja, L50, M, shiny|100/100\n|switch|p2a: Glimmora|Glimmora, L50, M|100/100\n|turn|1\n|\n|t:|1776678703\n|detailschange|p1a: Greninja|Greninja-Mega, L50, M, shiny\n|-mega|p1a: Greninja|Greninja|Greninjite\n|move|p1a: Greninja|Hydro Pump|p2a: Glimmora\n|-start|p1a: Greninja|typechange|Water|[from] ability: Protean\n|-supereffective|p2a: Glimmora|1\n|-enditem|p2a: Glimmora|Focus Sash\n|-damage|p2a: Glimmora|1/100\n|move|p2a: Glimmora|Stealth Rock|p1a: Greninja\n|-sidestart|p1: kimbin|move: Stealth Rock\n|\n|upkeep\n|turn|2\n|\n|t:|1776678722\n|move|p1a: Greninja|Hydro Pump|p2a: Glimmora\n|-supereffective|p2a: Glimmora|1\n|-damage|p2a: Glimmora|0 fnt\n|faint|p2a: Glimmora\n|\n|upkeep\n|\n|t:|1776678727\n|switch|p2a: Espathra|Espathra, L50, M|100/100\n|turn|3\n|\n|t:|1776678732\n|move|p2a: Espathra|Protect|p2a: Espathra\n|-singleturn|p2a: Espathra|Protect\n|move|p1a: Greninja|Dark Pulse|p2a: Espathra\n|-activate|p2a: Espathra|move: Protect\n|\n|-ability|p2a: Espathra|Speed Boost|boost\n|-boost|p2a: Espathra|spe|1\n|upkeep\n|turn|4\n|\n|t:|1776678746\n|move|p2a: Espathra|Lumina Crash|p1a: Greninja\n|-damage|p1a: Greninja|62/100\n|-unboost|p1a: Greninja|spd|2\n|move|p1a: Greninja|Dark Pulse|p2a: Espathra\n|-supereffective|p2a: Espathra|1\n|-damage|p2a: Espathra|29/100\n|-enditem|p2a: Espathra|Sitrus Berry|[eat]\n|-heal|p2a: Espathra|54/100|[from] item: Sitrus Berry\n|\n|-ability|p2a: Espathra|Speed Boost|boost\n|-boost|p2a: Espathra|spe|1\n|upkeep\n|turn|5\n|inactive|kimbin has 30 seconds left.\n|\n|t:|1776678771\n|switch|p1a: Garchomp|Garchomp, L50, F|100/100\n|-damage|p1a: Garchomp|95/100|[from] Stealth Rock\n|move|p2a: Espathra|Baton Pass|p2a: Espathra\n|\n|t:|1776678781\n|switch|p2a: Clefable|Clefable, L50, M|100/100|[from] Baton Pass\n|\n|upkeep\n|turn|6\n|\n|t:|1776678789\n|detailschange|p2a: Clefable|Clefable-Mega, L50, M\n|-mega|p2a: Clefable|Clefable|Clefablite\n|move|p2a: Clefable|Cosmic Power|p2a: Clefable\n|-boost|p2a: Clefable|def|1\n|-boost|p2a: Clefable|spd|1\n|move|p1a: Garchomp|Earthquake|p2a: Clefable\n|-immune|p2a: Clefable\n|\n|upkeep\n|turn|7\n|\n|t:|1776678800\n|switch|p1a: Rotom|Rotom-Heat, L50|100/100\n|-damage|p1a: Rotom|76/100|[from] Stealth Rock\n|move|p2a: Clefable|Cosmic Power|p2a: Clefable\n|-boost|p2a: Clefable|def|1\n|-boost|p2a: Clefable|spd|1\n|\n|upkeep\n|turn|8\n|\n|t:|1776678810\n|move|p1a: Rotom|Volt Switch|p2a: Clefable\n|-supereffective|p2a: Clefable|1\n|-damage|p2a: Clefable|76/100\n|\n|t:|1776678814\n|switch|p1a: Garchomp|Garchomp, L50, F|95/100|[from] Volt Switch\n|-damage|p1a: Garchomp|89/100|[from] Stealth Rock\n|move|p2a: Clefable|Stored Power|p1a: Garchomp\n|-damage|p1a: Garchomp|39/100\n|\n|upkeep\n|turn|9\n|l|\u2606Bbbkty\n|inactive|Bbbkty disconnected and has a minute to reconnect!\n|player|p2|\n|inactiveoff|Battle timer is now OFF.\n|j|\u2606Bbbkty\n|player|p2|Bbbkty|1|\n|-message|kimbin forfeited.\n|\n|win|Bbbkty\n|raw|kimbin's rating: 1124 &rarr; <strong>1103</strong><br />(-21 for losing)\n|raw|Bbbkty's rating: 1176 &rarr; <strong>1197</strong><br />(+21 for winning)\n|l|\u2606kimbin\n|player|p1|\n",
  "uploadtime": 1776678848,
  "views": 0,
  "formatid": "gen9championsbssregma",
  "rating": 1103,
  "private": 0,
  "password": null
}