{
  "id": "gen9championsbssregma-2583062613",
  "format": "[Gen 9 Champions] BSS Reg M-A",
  "players": [
    "bandai home",
    "hoshigumo1101"
  ],
  "log": "|j|\u2606bandai home\n|j|\u2606hoshigumo1101\n|t:|1776137927\n|gametype|singles\n|player|p1|bandai home|170|1164\n|player|p2|hoshigumo1101|acetrainerf|1383\n|gen|9\n|tier|[Gen 9 Champions] BSS Reg M-A\n|rated|\n|rule|Species Clause: Limit one of each Pok\u00e9mon\n|rule|Item Clause: Limit 1 of each item\n|clearpoke\n|poke|p1|Dragapult, L50, F|\n|poke|p1|Lopunny, L50, F|\n|poke|p1|Scovillain, L50, F|\n|poke|p1|Kingambit, L50, F|\n|poke|p1|Corviknight, L50, F|\n|poke|p1|Arcanine-Hisui, L50, M|\n|poke|p2|Aegislash, L50, F|\n|poke|p2|Kingambit, L50, F|\n|poke|p2|Garchomp, L50, M|\n|poke|p2|Volcarona, L50, M|\n|poke|p2|Gardevoir, L50, F|\n|poke|p2|Dragonite, L50, F|\n|teampreview|3\n|inactive|Battle timer is ON: inactive players will automatically lose when time's up. (requested by bandai home)\n|inactive|hoshigumo1101 has 60 seconds left.\n|\n|t:|1776137983\n|teamsize|p1|3\n|teamsize|p2|3\n|start\n|switch|p1a: Dragapult|Dragapult, L50, F|100/100\n|switch|p2a: Aegislash|Aegislash, L50, F|100/100\n|turn|1\n|\n|t:|1776137994\n|move|p1a: Dragapult|Thunder Wave|p2a: Aegislash\n|-status|p2a: Aegislash|par\n|-formechange|p2a: Aegislash|Aegislash-Blade|\n|move|p2a: Aegislash|Poltergeist|p1a: Dragapult\n|-activate|p1a: Dragapult|move: Poltergeist|Focus Sash\n|-supereffective|p1a: Dragapult|1\n|-enditem|p1a: Dragapult|Focus Sash\n|-damage|p1a: Dragapult|1/100\n|\n|upkeep\n|turn|2\n|\n|t:|1776138015\n|switch|p1a: Corviknight|Corviknight, L50, F|100/100\n|-ability|p1a: Corviknight|Pressure\n|move|p2a: Aegislash|Shadow Sneak|p1a: Corviknight\n|-damage|p1a: Corviknight|81/100\n|\n|-heal|p1a: Corviknight|87/100|[from] item: Leftovers\n|upkeep\n|turn|3\n|j| p74\n|\n|t:|1776138021\n|move|p1a: Corviknight|Bulk Up|p1a: Corviknight\n|-boost|p1a: Corviknight|atk|1\n|-boost|p1a: Corviknight|def|1\n|move|p2a: Aegislash|Poltergeist|p1a: Corviknight\n|-activate|p1a: Corviknight|move: Poltergeist|Leftovers\n|-crit|p1a: Corviknight\n|-damage|p1a: Corviknight|15/100\n|\n|-heal|p1a: Corviknight|21/100|[from] item: Leftovers\n|upkeep\n|turn|4\n|\n|t:|1776138029\n|switch|p2a: Volcarona|Volcarona, L50, M|100/100\n|move|p1a: Corviknight|Roost|p1a: Corviknight\n|-heal|p1a: Corviknight|71/100\n|-singleturn|p1a: Corviknight|move: Roost\n|\n|-heal|p1a: Corviknight|77/100|[from] item: Leftovers\n|upkeep\n|turn|5\n|\n|t:|1776138034\n|switch|p1a: Arcanine|Arcanine-Hisui, L50, M|100/100\n|move|p2a: Volcarona|Quiver Dance|p2a: Volcarona\n|-boost|p2a: Volcarona|spa|1\n|-boost|p2a: Volcarona|spd|1\n|-boost|p2a: Volcarona|spe|1\n|\n|upkeep\n|turn|6\n|\n|t:|1776138039\n|switch|p2a: Aegislash|Aegislash, L50, F|100/100 par\n|move|p1a: Arcanine|Flare Blitz|p2a: Aegislash\n|-supereffective|p2a: Aegislash|1\n|-enditem|p2a: Aegislash|Focus Sash\n|-damage|p2a: Aegislash|1/100 par\n|\n|upkeep\n|turn|7\n|\n|t:|1776138043\n|cant|p2a: Aegislash|par\n|move|p1a: Arcanine|Flare Blitz|p2a: Aegislash\n|-supereffective|p2a: Aegislash|1\n|-damage|p2a: Aegislash|0 fnt\n|faint|p2a: Aegislash\n|\n|upkeep\n|\n|t:|1776138046\n|switch|p2a: Gardevoir|Gardevoir, L50, F|100/100\n|-ability|p2a: Gardevoir|Rock Head|Trace|[from] ability: Trace|[of] p1a: Arcanine\n|turn|8\n|\n|t:|1776138053\n|detailschange|p2a: Gardevoir|Gardevoir-Mega, L50, F\n|-mega|p2a: Gardevoir|Gardevoir|Gardevoirite\n|move|p1a: Arcanine|Flare Blitz|p2a: Gardevoir\n|-damage|p2a: Gardevoir|26/100\n|move|p2a: Gardevoir|Calm Mind|p2a: Gardevoir\n|-boost|p2a: Gardevoir|spa|1\n|-boost|p2a: Gardevoir|spd|1\n|\n|upkeep\n|turn|9\n|\n|t:|1776138059\n|move|p1a: Arcanine|Flare Blitz|p2a: Gardevoir\n|-damage|p2a: Gardevoir|0 fnt\n|faint|p2a: Gardevoir\n|\n|upkeep\n|-message|hoshigumo1101 forfeited.\n|\n|win|bandai home\n|raw|bandai home's rating: 1164 &rarr; <strong>1203</strong><br />(+39 for winning)\n|raw|hoshigumo1101's rating: 1383 &rarr; <strong>1352</strong><br />(-31 for losing)\n|l|\u2606hoshigumo1101\n|player|p2|\n|l|\u2606bandai home\n|player|p1|\n",
  "uploadtime": 1776138082,
  "views": 2,
  "formatid": "gen9championsbssregma",
  "rating": 1203,
  "private": 0,
  "password": null
}