{
  "id": "gen9championsbssregma-2585949968",
  "format": "[Gen 9 Champions] BSS Reg M-A",
  "players": [
    "Cumdoy",
    "Bbbkty"
  ],
  "log": "|j|\u2606Cumdoy\n|j|\u2606Bbbkty\n|t:|1776384311\n|gametype|singles\n|player|p1|Cumdoy|1|1179\n|player|p2|Bbbkty|169|1185\n|gen|9\n|tier|[Gen 9 Champions] BSS Reg M-A\n|rated|\n|rule|Species Clause: Limit one of each Pok\u00e9mon\n|rule|Item Clause: Limit 1 of each item\n|clearpoke\n|poke|p1|Glimmora, L50, M|\n|poke|p1|Ninetales-Alola, L50, M|\n|poke|p1|Hippowdon, L50, M|\n|poke|p1|Basculegion, L50, M|\n|poke|p1|Meganium, L50, M|\n|poke|p1|Pelipper, L50, F|\n|poke|p2|Clefable, L50, F|\n|poke|p2|Charizard, L50, M|\n|poke|p2|Mimikyu, L50, M|\n|poke|p2|Kingambit, L50, M|\n|poke|p2|Espathra, L50, F|\n|poke|p2|Glimmora, L50, M|\n|teampreview|3\n|c|\u2606Cumdoy|glimm gals, lets go\n|\n|t:|1776384337\n|teamsize|p1|3\n|teamsize|p2|3\n|start\n|switch|p1a: Pelipper|Pelipper, L50, F|100/100\n|switch|p2a: Glimmora|Glimmora, L50, M|100/100\n|-weather|RainDance|[from] ability: Drizzle|[of] p1a: Pelipper\n|turn|1\n|inactive|Battle timer is ON: inactive players will automatically lose when time's up. (requested by Bbbkty)\n|\n|t:|1776384372\n|move|p1a: Pelipper|Weather Ball|p2a: Glimmora\n|-supereffective|p2a: Glimmora|1\n|-enditem|p2a: Glimmora|Focus Sash\n|-damage|p2a: Glimmora|1/100\n|move|p2a: Glimmora|Power Gem|p1a: Pelipper\n|-supereffective|p1a: Pelipper|1\n|-enditem|p1a: Pelipper|Focus Sash\n|-damage|p1a: Pelipper|1/100\n|\n|-weather|RainDance|[upkeep]\n|upkeep\n|turn|2\n|\n|t:|1776384389\n|move|p1a: Pelipper|Weather Ball|p2a: Glimmora\n|-supereffective|p2a: Glimmora|1\n|-damage|p2a: Glimmora|0 fnt\n|faint|p2a: Glimmora\n|\n|-weather|RainDance|[upkeep]\n|upkeep\n|\n|t:|1776384394\n|switch|p2a: Espathra|Espathra, L50, F|100/100\n|turn|3\n|\n|t:|1776384411\n|switch|p1a: Basculegion|Basculegion, L50, M|100/100\n|move|p2a: Espathra|Protect||[still]\n|-fail|p2a: Espathra\n|\n|-weather|RainDance|[upkeep]\n|-ability|p2a: Espathra|Speed Boost|boost\n|-boost|p2a: Espathra|spe|1\n|upkeep\n|turn|4\n|\n|t:|1776384422\n|move|p2a: Espathra|Protect|p2a: Espathra\n|-singleturn|p2a: Espathra|Protect\n|move|p1a: Basculegion|Wave Crash|p2a: Espathra\n|-activate|p2a: Espathra|move: Protect\n|\n|-weather|RainDance|[upkeep]\n|-ability|p2a: Espathra|Speed Boost|boost\n|-boost|p2a: Espathra|spe|1\n|upkeep\n|turn|5\n|\n|t:|1776384431\n|move|p2a: Espathra|Baton Pass|p2a: Espathra\n|\n|t:|1776384433\n|switch|p2a: Clefable|Clefable, L50, F|100/100|[from] Baton Pass\n|move|p1a: Basculegion|Wave Crash|p2a: Clefable\n|-damage|p2a: Clefable|0 fnt\n|faint|p2a: Clefable\n|-damage|p1a: Basculegion|69/100|[from] Recoil\n|\n|-weather|none\n|upkeep\n|\n|t:|1776384440\n|switch|p2a: Espathra|Espathra, L50, F|100/100\n|turn|6\n|\n|t:|1776384445\n|move|p2a: Espathra|Protect|p2a: Espathra\n|-singleturn|p2a: Espathra|Protect\n|move|p1a: Basculegion|Wave Crash|p2a: Espathra\n|-activate|p2a: Espathra|move: Protect\n|\n|-ability|p2a: Espathra|Speed Boost|boost\n|-boost|p2a: Espathra|spe|1\n|upkeep\n|turn|7\n|\n|t:|1776384449\n|move|p1a: Basculegion|Wave Crash|p2a: Espathra\n|-damage|p2a: Espathra|8/100\n|-enditem|p2a: Espathra|Sitrus Berry|[eat]\n|-heal|p2a: Espathra|33/100|[from] item: Sitrus Berry\n|-damage|p1a: Basculegion|41/100|[from] Recoil\n|move|p2a: Espathra|Lumina Crash|p1a: Basculegion\n|-damage|p1a: Basculegion|6/100\n|-unboost|p1a: Basculegion|spd|2\n|\n|-ability|p2a: Espathra|Speed Boost|boost\n|-boost|p2a: Espathra|spe|1\n|upkeep\n|turn|8\n|\n|t:|1776384462\n|move|p2a: Espathra|Protect|p2a: Espathra\n|-singleturn|p2a: Espathra|Protect\n|move|p1a: Basculegion|Wave Crash|p2a: Espathra\n|-activate|p2a: Espathra|move: Protect\n|\n|-ability|p2a: Espathra|Speed Boost|boost\n|-boost|p2a: Espathra|spe|1\n|upkeep\n|turn|9\n|\n|t:|1776384470\n|move|p2a: Espathra|Lumina Crash|p1a: Basculegion\n|-damage|p1a: Basculegion|0 fnt\n|faint|p1a: Basculegion\n|\n|-ability|p2a: Espathra|Speed Boost|boost\n|-boost|p2a: Espathra|spe|1\n|upkeep\n|\n|t:|1776384478\n|switch|p1a: Meganium|Meganium, L50, M|100/100\n|turn|10\n|\n|t:|1776384483\n|detailschange|p1a: Meganium|Meganium-Mega, L50, M\n|-mega|p1a: Meganium|Meganium|Meganiumite\n|move|p2a: Espathra|Lumina Crash|p1a: Meganium\n|-damage|p1a: Meganium|74/100\n|-unboost|p1a: Meganium|spd|2\n|move|p1a: Meganium|Solar Beam||[still]\n|-prepare|p1a: Meganium|Solar Beam\n|-activate|p1a: Meganium|ability: Mega Sol\n|-anim|p1a: Meganium|Solar Beam|p2a: Espathra\n|-damage|p2a: Espathra|0 fnt\n|faint|p2a: Espathra\n|\n|win|Cumdoy\n|raw|Cumdoy's rating: 1179 &rarr; <strong>1204</strong><br />(+25 for winning)\n|raw|Bbbkty's rating: 1185 &rarr; <strong>1160</strong><br />(-25 for losing)\n",
  "uploadtime": 1776384487,
  "views": 3,
  "formatid": "gen9championsbssregma",
  "rating": 1160,
  "private": 0,
  "password": null
}