{
  "id": "gen9championsbssregma-2587990612",
  "format": "[Gen 9 Champions] BSS Reg M-A",
  "players": [
    "ferdidekanto",
    "jaxsha"
  ],
  "log": "|j|\u2606ferdidekanto\n|j|\u2606jaxsha\n|t:|1776589643\n|gametype|singles\n|player|p1|ferdidekanto|1|1121\n|player|p2|jaxsha|1|1190\n|gen|9\n|tier|[Gen 9 Champions] BSS Reg M-A\n|rated|\n|rule|Species Clause: Limit one of each Pok\u00e9mon\n|rule|Item Clause: Limit 1 of each item\n|clearpoke\n|poke|p1|Gengar, L50, F|\n|poke|p1|Goodra-Hisui, L50, F|\n|poke|p1|Azumarill, L50, F|\n|poke|p1|Dragonite, L50, M|\n|poke|p1|Excadrill, L50, F|\n|poke|p1|Sneasler, L50, F|\n|poke|p2|Meowscarada, L50, M|\n|poke|p2|Scizor, L50, M|\n|poke|p2|Rotom-Wash, L50|\n|poke|p2|Charizard, L50, F|\n|poke|p2|Primarina, L50, M|\n|poke|p2|Garchomp, L50, M|\n|teampreview|3\n|inactive|Battle timer is ON: inactive players will automatically lose when time's up. (requested by ferdidekanto)\n|inactive|jaxsha has 60 seconds left.\n|\n|t:|1776589724\n|teamsize|p1|3\n|teamsize|p2|3\n|start\n|switch|p1a: Goodra|Goodra-Hisui, L50, F|100/100\n|switch|p2a: Charizard|Charizard, L50, F|100/100\n|turn|1\n|\n|t:|1776589734\n|detailschange|p2a: Charizard|Charizard-Mega-Y, L50, F\n|-mega|p2a: Charizard|Charizard|Charizardite Y\n|-weather|SunnyDay|[from] ability: Drought|[of] p2a: Charizard\n|move|p2a: Charizard|Weather Ball|p1a: Goodra\n|-damage|p1a: Goodra|45/100\n|move|p1a: Goodra|Shelter|p1a: Goodra\n|-boost|p1a: Goodra|def|2\n|\n|-weather|SunnyDay|[upkeep]\n|-heal|p1a: Goodra|51/100|[from] item: Leftovers\n|upkeep\n|turn|2\n|\n|t:|1776589749\n|move|p2a: Charizard|Overheat|p1a: Goodra\n|-damage|p1a: Goodra|0 fnt\n|-unboost|p2a: Charizard|spa|2\n|faint|p1a: Goodra\n|\n|-weather|SunnyDay|[upkeep]\n|upkeep\n|\n|t:|1776589758\n|switch|p1a: Azumarill|Azumarill, L50, F|100/100\n|turn|3\n|\n|t:|1776589762\n|switch|p2a: Rotom|Rotom-Wash, L50|100/100\n|move|p1a: Azumarill|Belly Drum|p1a: Azumarill\n|-damage|p1a: Azumarill|50/100\n|-setboost|p1a: Azumarill|atk|6|[from] move: Belly Drum\n|-enditem|p1a: Azumarill|Sitrus Berry|[eat]\n|-heal|p1a: Azumarill|75/100|[from] item: Sitrus Berry\n|\n|-weather|SunnyDay|[upkeep]\n|upkeep\n|turn|4\n|\n|t:|1776589773\n|move|p2a: Rotom|Volt Switch|p1a: Azumarill\n|-supereffective|p1a: Azumarill|1\n|-damage|p1a: Azumarill|3/100\n|\n|t:|1776589797\n|switch|p2a: Garchomp|Garchomp, L50, M|100/100|[from] Volt Switch\n|move|p1a: Azumarill|Play Rough|p2a: Garchomp|[miss]\n|-miss|p1a: Azumarill|p2a: Garchomp\n|\n|-weather|SunnyDay|[upkeep]\n|upkeep\n|turn|5\n|\n|t:|1776589809\n|move|p1a: Azumarill|Aqua Jet|p2a: Garchomp\n|-damage|p2a: Garchomp|50/100\n|-damage|p1a: Azumarill|0 fnt|[from] ability: Rough Skin|[of] p2a: Garchomp\n|faint|p1a: Azumarill\n|move|p2a: Garchomp|Earthquake|p1: Azumarill|[notarget]\n|-fail|p2a: Garchomp\n|\n|-weather|none\n|upkeep\n|\n|t:|1776589813\n|switch|p1a: Gengar|Gengar, L50, F|100/100\n|turn|6\n|\n|t:|1776589821\n|detailschange|p1a: Gengar|Gengar-Mega, L50, F\n|-mega|p1a: Gengar|Gengar|Gengarite\n|move|p1a: Gengar|Icy Wind|p2a: Garchomp\n|-supereffective|p2a: Garchomp|2\n|-enditem|p2a: Garchomp|Yache Berry|[eat]\n|-enditem|p2a: Garchomp|Yache Berry|[weaken]\n|-damage|p2a: Garchomp|7/100\n|-unboost|p2a: Garchomp|spe|1\n|move|p2a: Garchomp|Rock Tomb|p1a: Gengar\n|-damage|p1a: Gengar|74/100\n|-unboost|p1a: Gengar|spe|1\n|\n|upkeep\n|turn|7\n|\n|t:|1776589836\n|move|p1a: Gengar|Shadow Ball|p2a: Garchomp\n|-damage|p2a: Garchomp|0 fnt\n|faint|p2a: Garchomp\n|\n|upkeep\n|\n|t:|1776589841\n|switch|p2a: Charizard|Charizard-Mega-Y, L50, F|100/100\n|-weather|SunnyDay|[from] ability: Drought|[of] p2a: Charizard\n|turn|8\n|\n|t:|1776589846\n|move|p2a: Charizard|Weather Ball|p1a: Gengar\n|-damage|p1a: Gengar|0 fnt\n|faint|p1a: Gengar\n|\n|win|jaxsha\n|raw|ferdidekanto's rating: 1098 &rarr; <strong>1080</strong><br />(-18 for losing)\n|raw|jaxsha's rating: 1190 &rarr; <strong>1209</strong><br />(+19 for winning)\n|l|\u2606ferdidekanto\n|player|p1|\n",
  "uploadtime": 1776589852,
  "views": 10,
  "formatid": "gen9championsbssregma",
  "rating": 1080,
  "private": 0,
  "password": null
}