{
  "id": "gen9championsbssregma-2586017990",
  "format": "[Gen 9 Champions] BSS Reg M-A",
  "players": [
    "zaliyeyuan",
    "Mannerist"
  ],
  "log": "|j|\u2606zaliyeyuan\n|j|\u203dMannerist\n|t:|1776390706\n|gametype|singles\n|player|p1|zaliyeyuan|artist-gen4|1408\n|player|p2|Mannerist|wattson|1405\n|gen|9\n|tier|[Gen 9 Champions] BSS Reg M-A\n|rated|\n|rule|Species Clause: Limit one of each Pok\u00e9mon\n|rule|Item Clause: Limit 1 of each item\n|clearpoke\n|poke|p1|Starmie, L50|\n|poke|p1|Hydreigon, L50, F|\n|poke|p1|Hippowdon, L50, F|\n|poke|p1|Rotom-Wash, L50|\n|poke|p1|Aegislash, L50, F|\n|poke|p1|Floette-Eternal, L50, F|\n|poke|p2|Glimmora, L50, M|\n|poke|p2|Lopunny, L50, F|\n|poke|p2|Basculegion, L50, M|\n|poke|p2|Corviknight, L50, F|\n|poke|p2|Rotom-Wash, L50|\n|poke|p2|Venusaur, L50, M|\n|teampreview|3\n|inactive|Battle timer is ON: inactive players will automatically lose when time's up. (requested by Mannerist)\n|\n|t:|1776390737\n|teamsize|p1|3\n|teamsize|p2|3\n|start\n|switch|p1a: Starmie|Starmie, L50, shiny|100/100\n|switch|p2a: Rotom|Rotom-Wash, L50|100/100\n|turn|1\n|\n|t:|1776390745\n|switch|p1a: Hydreigon|Hydreigon, L50, F, shiny|100/100\n|move|p2a: Rotom|Will-O-Wisp|p1a: Hydreigon\n|-status|p1a: Hydreigon|brn\n|\n|-damage|p1a: Hydreigon|95/100 brn|[from] brn\n|upkeep\n|turn|2\n|\n|t:|1776390759\n|move|p1a: Hydreigon|Draco Meteor|p2a: Rotom\n|-damage|p2a: Rotom|43/100\n|-unboost|p1a: Hydreigon|spa|2\n|move|p2a: Rotom|Hydro Pump|p1a: Hydreigon\n|-resisted|p1a: Hydreigon|1\n|-damage|p1a: Hydreigon|73/100 brn\n|\n|-heal|p2a: Rotom|48/100|[from] item: Leftovers\n|-damage|p1a: Hydreigon|67/100 brn|[from] brn\n|upkeep\n|turn|3\n|inactive|Mannerist has 30 seconds left.\n|\n|t:|1776390787\n|switch|p1a: Rotom|Rotom-Wash, L50|100/100\n|move|p2a: Rotom|Volt Switch|p1a: Rotom\n|-damage|p1a: Rotom|75/100\n|\n|t:|1776390794\n|switch|p2a: Venusaur|Venusaur, L50, M|100/100|[from] Volt Switch\n|\n|-heal|p1a: Rotom|81/100|[from] item: Leftovers\n|upkeep\n|turn|4\n|\n|t:|1776390816\n|detailschange|p2a: Venusaur|Venusaur-Mega, L50, M\n|-mega|p2a: Venusaur|Venusaur|Venusaurite\n|move|p1a: Rotom|Will-O-Wisp|p2a: Venusaur\n|-status|p2a: Venusaur|brn\n|move|p2a: Venusaur|Sludge Wave|p1a: Rotom\n|-damage|p1a: Rotom|42/100\n|\n|-heal|p1a: Rotom|48/100|[from] item: Leftovers\n|-damage|p2a: Venusaur|95/100 brn|[from] brn\n|upkeep\n|turn|5\n|\n|t:|1776390836\n|move|p1a: Rotom|Thunderbolt|p2a: Venusaur\n|-resisted|p2a: Venusaur|1\n|-damage|p2a: Venusaur|82/100 brn\n|move|p2a: Venusaur|Leech Seed|p1a: Rotom\n|-start|p1a: Rotom|move: Leech Seed\n|\n|-heal|p1a: Rotom|53/100|[from] item: Leftovers\n|-damage|p1a: Rotom|41/100|[from] Leech Seed|[of] p2a: Venusaur\n|-heal|p2a: Venusaur|92/100 brn|[silent]\n|-damage|p2a: Venusaur|86/100 brn|[from] brn\n|upkeep\n|turn|6\n|\n|t:|1776390848\n|move|p1a: Rotom|Thunderbolt|p2a: Venusaur\n|-resisted|p2a: Venusaur|1\n|-damage|p2a: Venusaur|75/100 brn\n|move|p2a: Venusaur|Sludge Wave|p1a: Rotom\n|-damage|p1a: Rotom|0 fnt\n|faint|p1a: Rotom\n|\n|-damage|p2a: Venusaur|69/100 brn|[from] brn\n|upkeep\n|\n|t:|1776390858\n|switch|p1a: Starmie|Starmie, L50, shiny|100/100\n|turn|7\n|\n|t:|1776390862\n|move|p1a: Starmie|Zen Headbutt|p2a: Venusaur\n|-supereffective|p2a: Venusaur|1\n|-damage|p2a: Venusaur|27/100 brn\n|move|p2a: Venusaur|Leech Seed|p1a: Starmie\n|-start|p1a: Starmie|move: Leech Seed\n|\n|-damage|p1a: Starmie|88/100|[from] Leech Seed|[of] p2a: Venusaur\n|-heal|p2a: Venusaur|36/100 brn|[silent]\n|-damage|p2a: Venusaur|30/100 brn|[from] brn\n|upkeep\n|turn|8\n|\n|t:|1776390875\n|detailschange|p1a: Starmie|Starmie-Mega, L50, shiny\n|-mega|p1a: Starmie|Starmie|Starminite\n|move|p1a: Starmie|Zen Headbutt|p2a: Venusaur\n|-supereffective|p2a: Venusaur|1\n|-damage|p2a: Venusaur|0 fnt\n|faint|p2a: Venusaur\n|\n|upkeep\n|\n|t:|1776390879\n|switch|p2a: Basculegion|Basculegion, L50, M|100/100\n|turn|9\n|\n|t:|1776390888\n|move|p1a: Starmie|Aqua Jet|p2a: Basculegion\n|-resisted|p2a: Basculegion|1\n|-damage|p2a: Basculegion|77/100\n|move|p2a: Basculegion|Agility|p2a: Basculegion\n|-boost|p2a: Basculegion|spe|2\n|\n|-damage|p1a: Starmie|76/100|[from] Leech Seed|[of] p2a: Basculegion\n|-heal|p2a: Basculegion|86/100|[silent]\n|upkeep\n|turn|10\n|\n|t:|1776390898\n|move|p2a: Basculegion|Last Respects|p1a: Starmie\n|-supereffective|p1a: Starmie|1\n|-damage|p1a: Starmie|0 fnt\n|faint|p1a: Starmie\n|\n|upkeep\n|\n|t:|1776390904\n|switch|p1a: Hydreigon|Hydreigon, L50, F, shiny|67/100 brn\n|turn|11\n|\n|t:|1776390908\n|move|p2a: Basculegion|Wave Crash|p1a: Hydreigon\n|-resisted|p1a: Hydreigon|1\n|-damage|p1a: Hydreigon|18/100 brn\n|-damage|p2a: Basculegion|72/100|[from] Recoil\n|move|p1a: Hydreigon|Dark Pulse|p2a: Basculegion\n|-supereffective|p2a: Basculegion|1\n|-damage|p2a: Basculegion|0 fnt\n|faint|p2a: Basculegion\n|\n|-damage|p1a: Hydreigon|12/100 brn|[from] brn\n|upkeep\n|\n|t:|1776390914\n|switch|p2a: Rotom|Rotom-Wash, L50|48/100\n|turn|12\n|\n|t:|1776390921\n|move|p1a: Hydreigon|Dark Pulse|p2a: Rotom\n|-damage|p2a: Rotom|10/100\n|move|p2a: Rotom|Volt Switch|p1a: Hydreigon\n|-resisted|p1a: Hydreigon|1\n|-damage|p1a: Hydreigon|0 fnt\n|faint|p1a: Hydreigon\n|\n|win|Mannerist\n|raw|zaliyeyuan's rating: 1408 &rarr; <strong>1388</strong><br />(-20 for losing)\n|raw|Mannerist's rating: 1405 &rarr; <strong>1425</strong><br />(+20 for winning)\n|l|\u203dMannerist\n|player|p2|\n|l|\u2606zaliyeyuan\n|player|p1|\n",
  "uploadtime": 1776391040,
  "views": 13,
  "formatid": "gen9championsbssregma",
  "rating": 1388,
  "private": 0,
  "password": null
}