{
  "id": "gen9championsbssregma-2580531670",
  "format": "[Gen 9 Champions] BSS Reg M-A",
  "players": [
    "sca1031",
    "thing maker"
  ],
  "log": "|j|\u2606sca1031\n|j|\u2606thing maker\n|t:|1775909564\n|gametype|singles\n|player|p1|sca1031|2|1165\n|player|p2|thing maker|101|1199\n|gen|9\n|tier|[Gen 9 Champions] BSS Reg M-A\n|rated|\n|rule|Species Clause: Limit one of each Pok\u00e9mon\n|rule|Item Clause: Limit 1 of each item\n|clearpoke\n|poke|p1|Clefable, L50, F|\n|poke|p1|Archaludon, L50, M|\n|poke|p1|Hippowdon, L50, M|\n|poke|p1|Rotom-Wash, L50|\n|poke|p1|Gengar, L50, M|\n|poke|p1|Kingambit, L50, F|\n|poke|p2|Scovillain, L50, F|\n|poke|p2|Orthworm, L50, M|\n|poke|p2|Dragonite, L50, F|\n|poke|p2|Gyarados, L50, M|\n|poke|p2|Kommo-o, L50, M|\n|poke|p2|Mimikyu, L50, M|\n|teampreview|3\n|\n|t:|1775909589\n|teamsize|p1|3\n|teamsize|p2|3\n|start\n|switch|p1a: Gengar|Gengar, L50, M|100/100\n|switch|p2a: Orthworm|Orthworm, L50, M|100/100\n|turn|1\n|\n|t:|1775909599\n|detailschange|p1a: Gengar|Gengar-Mega, L50, M\n|-mega|p1a: Gengar|Gengar|Gengarite\n|move|p1a: Gengar|Shadow Ball|p2a: Orthworm\n|-damage|p2a: Orthworm|16/100\n|-enditem|p2a: Orthworm|Sitrus Berry|[eat]\n|-heal|p2a: Orthworm|41/100|[from] item: Sitrus Berry\n|move|p2a: Orthworm|Shed Tail|p2a: Orthworm\n|-fail|p2a: Orthworm|move: Shed Tail|[weak]\n|\n|upkeep\n|turn|2\n|\n|t:|1775909607\n|move|p1a: Gengar|Shadow Ball|p2a: Orthworm\n|-damage|p2a: Orthworm|0 fnt\n|faint|p2a: Orthworm\n|\n|upkeep\n|\n|t:|1775909609\n|switch|p2a: Gyarados|Gyarados, L50, M|100/100\n|-ability|p2a: Gyarados|Intimidate|boost\n|-unboost|p1a: Gengar|atk|1\n|turn|3\n|j| sr.vingrete\n|l| sr.vingrete\n|\n|t:|1775909630\n|switch|p1a: Hippowdon|Hippowdon, L50, M|100/100\n|-weather|Sandstorm|[from] ability: Sand Stream|[of] p1a: Hippowdon\n|detailschange|p2a: Gyarados|Gyarados-Mega, L50, M\n|-mega|p2a: Gyarados|Gyarados|Gyaradosite\n|-ability|p2a: Gyarados|Mold Breaker\n|move|p2a: Gyarados|Dragon Dance|p2a: Gyarados\n|-boost|p2a: Gyarados|atk|1\n|-boost|p2a: Gyarados|spe|1\n|\n|-weather|Sandstorm|[upkeep]\n|-damage|p2a: Gyarados|95/100|[from] Sandstorm\n|upkeep\n|turn|4\n|\n|t:|1775909643\n|move|p2a: Gyarados|Waterfall|p1a: Hippowdon\n|-supereffective|p1a: Hippowdon|1\n|-damage|p1a: Hippowdon|0 fnt\n|faint|p1a: Hippowdon\n|\n|-weather|Sandstorm|[upkeep]\n|-damage|p2a: Gyarados|89/100|[from] Sandstorm\n|upkeep\n|\n|t:|1775909651\n|switch|p1a: Rotom|Rotom-Wash, L50|100/100\n|turn|5\n|\n|t:|1775909656\n|move|p2a: Gyarados|Earthquake|p1a: Rotom\n|-supereffective|p1a: Rotom|1\n|-damage|p1a: Rotom|0 fnt\n|faint|p1a: Rotom\n|\n|-weather|Sandstorm|[upkeep]\n|-damage|p2a: Gyarados|83/100|[from] Sandstorm\n|upkeep\n|-message|sca1031 forfeited.\n|\n|win|thing maker\n|raw|sca1031's rating: 1165 &rarr; <strong>1142</strong><br />(-23 for losing)\n|raw|thing maker's rating: 1199 &rarr; <strong>1222</strong><br />(+23 for winning)\n|l|\u2606sca1031\n|player|p1|\n",
  "uploadtime": 1775909666,
  "views": 27,
  "formatid": "gen9championsbssregma",
  "rating": 1142,
  "private": 0,
  "password": null
}