{
  "id": "gen9championsbssregma-2587987139",
  "format": "[Gen 9 Champions] BSS Reg M-A",
  "players": [
    "Suriko396",
    "jaxsha"
  ],
  "log": "|j|\u2606Suriko396\n|j|\u2606jaxsha\n|t:|1776589122\n|gametype|singles\n|player|p1|Suriko396|volkner|1248\n|player|p2|jaxsha|1|1187\n|gen|9\n|tier|[Gen 9 Champions] BSS Reg M-A\n|rated|\n|rule|Species Clause: Limit one of each Pok\u00e9mon\n|rule|Item Clause: Limit 1 of each item\n|clearpoke\n|poke|p1|Charizard, L50, M|\n|poke|p1|Gengar, L50, M, shiny|\n|poke|p1|Dragonite, L50, F|\n|poke|p1|Excadrill, L50, M|\n|poke|p1|Rotom-Wash, L50|\n|poke|p1|Sneasler, L50, M|\n|poke|p2|Meowscarada, L50, M|\n|poke|p2|Scizor, L50, F|\n|poke|p2|Rotom-Wash, L50|\n|poke|p2|Charizard, L50, M|\n|poke|p2|Primarina, L50, F|\n|poke|p2|Garchomp, L50, M|\n|teampreview|3\n|\n|t:|1776589155\n|teamsize|p1|3\n|teamsize|p2|3\n|start\n|switch|p1a: Rotom|Rotom-Wash, L50|100/100\n|switch|p2a: Garchomp|Garchomp, L50, M|100/100\n|turn|1\n|inactive|Battle timer is ON: inactive players will automatically lose when time's up. (requested by Suriko396)\n|\n|t:|1776589165\n|move|p2a: Garchomp|Stealth Rock|p1a: Rotom\n|-sidestart|p1: Suriko396|move: Stealth Rock\n|move|p1a: Rotom|Trick|p2a: Garchomp\n|-activate|p1a: Rotom|move: Trick|[of] p2a: Garchomp\n|-item|p2a: Garchomp|Choice Scarf|[from] move: Trick\n|-item|p1a: Rotom|Yache Berry|[from] move: Trick\n|\n|upkeep\n|turn|2\n|\n|t:|1776589173\n|move|p1a: Rotom|Hydro Pump|p2a: Garchomp\n|-damage|p2a: Garchomp|69/100\n|move|p2a: Garchomp|Dragon Tail|p1a: Rotom\n|-damage|p1a: Rotom|79/100\n|drag|p1a: Excadrill|Excadrill, L50, M|100/100\n|-damage|p1a: Excadrill|98/100|[from] Stealth Rock\n|-ability|p1a: Excadrill|Mold Breaker\n|\n|upkeep\n|turn|3\n|\n|t:|1776589183\n|move|p1a: Excadrill|Earthquake|p2a: Garchomp\n|-damage|p2a: Garchomp|17/100\n|move|p2a: Garchomp|Dragon Tail|p1a: Excadrill\n|-resisted|p1a: Excadrill|1\n|-damage|p1a: Excadrill|79/100\n|drag|p1a: Rotom|Rotom-Wash, L50|79/100\n|-damage|p1a: Rotom|67/100|[from] Stealth Rock\n|\n|upkeep\n|turn|4\n|\n|t:|1776589193\n|move|p1a: Rotom|Hydro Pump|p2a: Garchomp\n|-damage|p2a: Garchomp|0 fnt\n|faint|p2a: Garchomp\n|\n|upkeep\n|\n|t:|1776589200\n|switch|p2a: Charizard|Charizard, L50, M|100/100\n|turn|5\n|\n|t:|1776589209\n|detailschange|p2a: Charizard|Charizard-Mega-Y, L50, M\n|-mega|p2a: Charizard|Charizard|Charizardite Y\n|-weather|SunnyDay|[from] ability: Drought|[of] p2a: Charizard\n|move|p2a: Charizard|Flame Charge|p1a: Rotom\n|-resisted|p1a: Rotom|1\n|-damage|p1a: Rotom|57/100\n|-boost|p2a: Charizard|spe|1\n|move|p1a: Rotom|Thunderbolt|p2a: Charizard\n|-supereffective|p2a: Charizard|1\n|-damage|p2a: Charizard|30/100\n|\n|-weather|SunnyDay|[upkeep]\n|upkeep\n|turn|6\n|\n|t:|1776589222\n|move|p2a: Charizard|Solar Beam||[still]\n|-prepare|p2a: Charizard|Solar Beam\n|-anim|p2a: Charizard|Solar Beam|p1a: Rotom\n|-supereffective|p1a: Rotom|1\n|-damage|p1a: Rotom|0 fnt\n|faint|p1a: Rotom\n|\n|-weather|SunnyDay|[upkeep]\n|upkeep\n|\n|t:|1776589227\n|switch|p1a: Sneasler|Sneasler, L50, M|100/100\n|-damage|p1a: Sneasler|95/100|[from] Stealth Rock\n|turn|7\n|\n|t:|1776589236\n|move|p1a: Sneasler|Fake Out|p2a: Charizard\n|-damage|p2a: Charizard|10/100\n|cant|p2a: Charizard|flinch\n|\n|-weather|SunnyDay|[upkeep]\n|upkeep\n|turn|8\n|\n|t:|1776589243\n|switch|p1a: Excadrill|Excadrill, L50, M|79/100\n|-damage|p1a: Excadrill|76/100|[from] Stealth Rock\n|-ability|p1a: Excadrill|Mold Breaker\n|move|p2a: Charizard|Weather Ball|p1a: Excadrill\n|-supereffective|p1a: Excadrill|1\n|-damage|p1a: Excadrill|0 fnt\n|faint|p1a: Excadrill\n|\n|-weather|SunnyDay|[upkeep]\n|upkeep\n|\n|t:|1776589245\n|switch|p1a: Sneasler|Sneasler, L50, M|95/100\n|-damage|p1a: Sneasler|89/100|[from] Stealth Rock\n|turn|9\n|\n|t:|1776589259\n|move|p1a: Sneasler|Fake Out|p2a: Charizard\n|-damage|p2a: Charizard|0 fnt\n|faint|p2a: Charizard\n|\n|-weather|none\n|upkeep\n|\n|t:|1776589265\n|switch|p2a: Rotom|Rotom-Wash, L50|100/100\n|turn|10\n|\n|t:|1776589276\n|move|p2a: Rotom|Volt Switch|p1a: Sneasler\n|-damage|p1a: Sneasler|46/100\n|move|p1a: Sneasler|Close Combat|p2a: Rotom\n|-damage|p2a: Rotom|15/100\n|-unboost|p1a: Sneasler|def|1\n|-unboost|p1a: Sneasler|spd|1\n|-enditem|p1a: Sneasler|White Herb\n|-clearnegativeboost|p1a: Sneasler|[silent]\n|\n|upkeep\n|turn|11\n|\n|t:|1776589286\n|move|p1a: Sneasler|Acrobatics|p2a: Rotom\n|-resisted|p2a: Rotom|1\n|-damage|p2a: Rotom|0 fnt\n|faint|p2a: Rotom\n|\n|win|Suriko396\n|raw|Suriko396's rating: 1248 &rarr; <strong>1269</strong><br />(+21 for winning)\n|raw|jaxsha's rating: 1187 &rarr; <strong>1166</strong><br />(-21 for losing)\n",
  "uploadtime": 1776589292,
  "views": 13,
  "formatid": "gen9championsbssregma",
  "rating": 1166,
  "private": 0,
  "password": null
}