{
  "id": "gen9championsbssregma-2584594725",
  "format": "[Gen 9 Champions] BSS Reg M-A",
  "players": [
    "724d\u5b59\u67ad\u5ddd",
    "Helloimjerry"
  ],
  "log": "|j|\u2606724d\u5b59\u67ad\u5ddd\n|j|\u2606Helloimjerry\n|t:|1776270979\n|gametype|singles\n|player|p1|724d\u5b59\u67ad\u5ddd|hilda|1138\n|player|p2|Helloimjerry|nate|1164\n|gen|9\n|tier|[Gen 9 Champions] BSS Reg M-A\n|rated|\n|rule|Species Clause: Limit one of each Pok\u00e9mon\n|rule|Item Clause: Limit 1 of each item\n|clearpoke\n|poke|p1|Decidueye-Hisui, L50, M|\n|poke|p1|Starmie, L50|\n|poke|p1|Hippowdon, L50, F|\n|poke|p1|Ninetales-Alola, L50, F|\n|poke|p1|Crabominable, L50, F|\n|poke|p1|Mimikyu, L50, F|\n|poke|p2|Gengar, L50, M|\n|poke|p2|Kingambit, L50, M|\n|poke|p2|Corviknight, L50, F|\n|poke|p2|Garchomp, L50, F|\n|poke|p2|Primarina, L50, F|\n|poke|p2|Ditto, L50|\n|teampreview|3\n|inactive|Battle timer is ON: inactive players will automatically lose when time's up. (requested by Helloimjerry)\n|inactive|724d\u5b59\u67ad\u5ddd has 60 seconds left.\n|inactive|Helloimjerry has 60 seconds left.\n|\n|t:|1776271027\n|teamsize|p1|3\n|teamsize|p2|3\n|start\n|switch|p1a: Mimikyu|Mimikyu, L50, F|100/100\n|switch|p2a: Primarina|Primarina, L50, F|100/100\n|turn|1\n|\n|t:|1776271044\n|move|p2a: Primarina|Sparkling Aria|p1a: Mimikyu\n|-activate|p1a: Mimikyu|ability: Disguise\n|-damage|p1a: Mimikyu|100/100\n|detailschange|p1a: Mimikyu|Mimikyu-Busted, L50, F\n|-damage|p1a: Mimikyu|88/100|[from] pokemon: Mimikyu-Busted\n|move|p1a: Mimikyu|Trick Room|p1a: Mimikyu\n|-fieldstart|move: Trick Room|[of] p1a: Mimikyu\n|\n|upkeep\n|turn|2\n|\n|t:|1776271059\n|move|p1a: Mimikyu|Play Rough|p2a: Primarina\n|-damage|p2a: Primarina|48/100\n|move|p2a: Primarina|Sparkling Aria|p1a: Mimikyu\n|-damage|p1a: Mimikyu|35/100\n|\n|upkeep\n|turn|3\n|\n|t:|1776271070\n|move|p2a: Primarina|Aqua Jet|p1a: Mimikyu\n|-damage|p1a: Mimikyu|23/100\n|move|p1a: Mimikyu|Play Rough|p2a: Primarina|[miss]\n|-miss|p1a: Mimikyu|p2a: Primarina\n|\n|upkeep\n|turn|4\n|\n|t:|1776271077\n|move|p2a: Primarina|Aqua Jet|p1a: Mimikyu\n|-damage|p1a: Mimikyu|9/100\n|move|p1a: Mimikyu|Play Rough|p2a: Primarina\n|-damage|p2a: Primarina|0 fnt\n|faint|p2a: Primarina\n|\n|upkeep\n|\n|t:|1776271083\n|switch|p2a: Ditto|Ditto, L50, shiny|100/100\n|-transform|p2a: Ditto|p1a: Mimikyu|[from] ability: Imposter\n|turn|5\n|\n|t:|1776271089\n|move|p1a: Mimikyu|Curse|p2a: Ditto\n|-start|p2a: Ditto|Curse|[of] p1a: Mimikyu\n|-damage|p1a: Mimikyu|0 fnt\n|faint|p1a: Mimikyu\n|move|p2a: Ditto|Shadow Claw|p1: Mimikyu|[notarget]\n|-fail|p2a: Ditto\n|\n|-damage|p2a: Ditto|76/100|[from] Curse\n|-fieldend|move: Trick Room\n|upkeep\n|\n|t:|1776271104\n|switch|p1a: Decidueye|Decidueye-Hisui, L50, M|100/100\n|turn|6\n|\n|t:|1776271116\n|move|p1a: Decidueye|Sucker Punch|p2a: Ditto\n|-damage|p2a: Ditto|46/100\n|move|p2a: Ditto|Shadow Claw|p1a: Decidueye\n|-damage|p1a: Decidueye|66/100\n|\n|-damage|p2a: Ditto|21/100|[from] Curse\n|upkeep\n|turn|7\n|\n|t:|1776271126\n|move|p1a: Decidueye|Sucker Punch|p2a: Ditto\n|-damage|p2a: Ditto|0 fnt\n|faint|p2a: Ditto\n|\n|upkeep\n|\n|t:|1776271141\n|switch|p2a: Gengar|Gengar, L50, M, shiny|100/100\n|turn|8\n|\n|t:|1776271147\n|detailschange|p2a: Gengar|Gengar-Mega, L50, M, shiny\n|-mega|p2a: Gengar|Gengar|Gengarite\n|move|p1a: Decidueye|Sucker Punch|p2a: Gengar\n|-supereffective|p2a: Gengar|1\n|-damage|p2a: Gengar|35/100\n|move|p2a: Gengar|Sludge Bomb|p1a: Decidueye\n|-supereffective|p1a: Decidueye|1\n|-damage|p1a: Decidueye|0 fnt\n|faint|p1a: Decidueye\n|\n|upkeep\n|\n|t:|1776271154\n|switch|p1a: Crabominable|Crabominable, L50, F|100/100\n|turn|9\n|\n|t:|1776271169\n|detailschange|p1a: Crabominable|Crabominable-Mega, L50, F\n|-mega|p1a: Crabominable|Crabominable|Crabominite\n|move|p2a: Gengar|Focus Blast|p1a: Crabominable|[miss]\n|-miss|p2a: Gengar|p1a: Crabominable\n|move|p1a: Crabominable|Crabhammer|p2a: Gengar\n|-damage|p2a: Gengar|0 fnt\n|faint|p2a: Gengar\n|\n|win|724d\u5b59\u67ad\u5ddd\n|raw|724d\u5b59\u67ad\u5ddd's rating: 1138 &rarr; <strong>1165</strong><br />(+27 for winning)\n|raw|Helloimjerry's rating: 1164 &rarr; <strong>1137</strong><br />(-27 for losing)\n|l|\u2606Helloimjerry\n|player|p2|\n",
  "uploadtime": 1776271184,
  "views": 11,
  "formatid": "gen9championsbssregma",
  "rating": 1137,
  "private": 0,
  "password": null
}