{
  "id": "gen9championsbssregma-2587347377",
  "format": "[Gen 9 Champions] BSS Reg M-A",
  "players": [
    "Acrodude",
    "jordan filbert"
  ],
  "log": "|j|\u2606Acrodude\n|j|\u2606jordan filbert\n|t:|1776524132\n|gametype|singles\n|player|p1|Acrodude|1|1163\n|player|p2|jordan filbert|101|1252\n|gen|9\n|tier|[Gen 9 Champions] BSS Reg M-A\n|rated|\n|rule|Species Clause: Limit one of each Pok\u00e9mon\n|rule|Item Clause: Limit 1 of each item\n|clearpoke\n|poke|p1|Espathra, L50, M|\n|poke|p1|Dragonite, L50, F|\n|poke|p1|Incineroar, L50, M|\n|poke|p1|Chandelure, L50, F|\n|poke|p1|Rotom-Wash, L50, shiny|\n|poke|p1|Hatterene, L50, F|\n|poke|p2|Tyranitar, L50, M|\n|poke|p2|Excadrill, L50, M|\n|poke|p2|Dragapult, L50, M|\n|poke|p2|Azumarill, L50, F|\n|poke|p2|Slowbro, L50, F|\n|poke|p2|Vaporeon, L50, F|\n|teampreview|3\n|inactive|Battle timer is ON: inactive players will automatically lose when time's up. (requested by Acrodude)\n|\n|t:|1776524162\n|teamsize|p1|3\n|teamsize|p2|3\n|start\n|switch|p1a: Espathra|Espathra, L50, M|100/100\n|switch|p2a: Jordan Filbapult|Dragapult, L50, M|100/100\n|turn|1\n|\n|t:|1776524170\n|move|p2a: Jordan Filbapult|Will-O-Wisp|p1a: Espathra|[miss]\n|-miss|p2a: Jordan Filbapult|p1a: Espathra\n|move|p1a: Espathra|Substitute|p1a: Espathra\n|-start|p1a: Espathra|Substitute\n|-damage|p1a: Espathra|76/100\n|\n|-heal|p1a: Espathra|82/100|[from] item: Leftovers\n|-ability|p1a: Espathra|Speed Boost|boost\n|-boost|p1a: Espathra|spe|1\n|upkeep\n|turn|2\n|\n|t:|1776524180\n|move|p1a: Espathra|Calm Mind|p1a: Espathra\n|-boost|p1a: Espathra|spa|1\n|-boost|p1a: Espathra|spd|1\n|move|p2a: Jordan Filbapult|Thunder Wave|p1a: Espathra\n|-status|p1a: Espathra|par\n|\n|-heal|p1a: Espathra|88/100 par|[from] item: Leftovers\n|-ability|p1a: Espathra|Speed Boost|boost\n|-boost|p1a: Espathra|spe|1\n|upkeep\n|turn|3\n|\n|t:|1776524189\n|move|p1a: Espathra|Protect|p1a: Espathra\n|-singleturn|p1a: Espathra|Protect\n|move|p2a: Jordan Filbapult|Hex|p1a: Espathra\n|-activate|p1a: Espathra|move: Protect\n|\n|-heal|p1a: Espathra|94/100 par|[from] item: Leftovers\n|-ability|p1a: Espathra|Speed Boost|boost\n|-boost|p1a: Espathra|spe|1\n|upkeep\n|turn|4\n|\n|t:|1776524204\n|move|p2a: Jordan Filbapult|Hex|p1a: Espathra\n|-supereffective|p1a: Espathra|1\n|-damage|p1a: Espathra|0 fnt\n|faint|p1a: Espathra\n|\n|upkeep\n|\n|t:|1776524219\n|switch|p1a: Dragonite|Dragonite, L50, F|100/100\n|turn|5\n|\n|t:|1776524229\n|detailschange|p1a: Dragonite|Dragonite-Mega, L50, F\n|-mega|p1a: Dragonite|Dragonite|Dragoninite\n|move|p2a: Jordan Filbapult|Thunder Wave|p1a: Dragonite\n|-status|p1a: Dragonite|par\n|move|p1a: Dragonite|Hurricane|p2a: Jordan Filbapult\n|-damage|p2a: Jordan Filbapult|11/100\n|\n|upkeep\n|turn|6\n|\n|t:|1776524242\n|move|p2a: Jordan Filbapult|U-turn|p1a: Dragonite\n|-resisted|p1a: Dragonite|1\n|-damage|p1a: Dragonite|98/100 par\n|\n|t:|1776524245\n|switch|p2a: Jordan Filboreon|Vaporeon, L50, F|100/100|[from] U-turn\n|move|p1a: Dragonite|Flamethrower|p2a: Jordan Filboreon\n|-resisted|p2a: Jordan Filboreon|1\n|-damage|p2a: Jordan Filboreon|91/100\n|\n|-heal|p2a: Jordan Filboreon|97/100|[from] item: Leftovers\n|upkeep\n|turn|7\n|\n|t:|1776524251\n|move|p2a: Jordan Filboreon|Wish|p2a: Jordan Filboreon\n|move|p1a: Dragonite|Hurricane|p2a: Jordan Filboreon\n|-damage|p2a: Jordan Filboreon|61/100\n|\n|-heal|p2a: Jordan Filboreon|67/100|[from] item: Leftovers\n|upkeep\n|turn|8\n|\n|t:|1776524260\n|move|p2a: Jordan Filboreon|Flip Turn|p1a: Dragonite\n|-resisted|p1a: Dragonite|1\n|-damage|p1a: Dragonite|92/100 par\n|\n|t:|1776524266\n|switch|p2a: Jordan Filbadrill|Excadrill, L50, M|100/100|[from] Flip Turn\n|move|p1a: Dragonite|Hurricane|p2a: Jordan Filbadrill\n|-resisted|p2a: Jordan Filbadrill|1\n|-damage|p2a: Jordan Filbadrill|52/100\n|-start|p2a: Jordan Filbadrill|confusion\n|\n|-heal|p2a: Jordan Filbadrill|100/100|[from] move: Wish|[wisher] Jordan Filboreon\n|upkeep\n|turn|9\n|\n|t:|1776524274\n|-activate|p2a: Jordan Filbadrill|confusion\n|move|p2a: Jordan Filbadrill|Iron Head|p1a: Dragonite\n|-damage|p1a: Dragonite|52/100 par\n|move|p1a: Dragonite|Flamethrower|p2a: Jordan Filbadrill\n|-supereffective|p2a: Jordan Filbadrill|1\n|-damage|p2a: Jordan Filbadrill|2/100\n|-status|p2a: Jordan Filbadrill|brn\n|\n|-damage|p2a: Jordan Filbadrill|0 fnt|[from] brn\n|faint|p2a: Jordan Filbadrill\n|upkeep\n|c|\u2606jordan filbert|Man\n|\n|t:|1776524286\n|switch|p2a: Jordan Filbapult|Dragapult, L50, M|11/100\n|turn|10\n|\n|t:|1776524289\n|switch|p1a: Incineroar|Incineroar, L50, M|100/100\n|-ability|p1a: Incineroar|Intimidate|boost\n|-unboost|p2a: Jordan Filbapult|atk|1\n|move|p2a: Jordan Filbapult|Hex|p1a: Incineroar\n|-resisted|p1a: Incineroar|1\n|-damage|p1a: Incineroar|83/100\n|\n|upkeep\n|turn|11\n|\n|t:|1776524295\n|move|p2a: Jordan Filbapult|U-turn|p1a: Incineroar\n|-damage|p1a: Incineroar|73/100\n|\n|t:|1776524296\n|switch|p2a: Jordan Filboreon|Vaporeon, L50, F|67/100|[from] U-turn\n|move|p1a: Incineroar|Iron Head|p2a: Jordan Filboreon\n|-resisted|p2a: Jordan Filboreon|1\n|-damage|p2a: Jordan Filboreon|55/100\n|\n|-heal|p2a: Jordan Filboreon|61/100|[from] item: Leftovers\n|upkeep\n|turn|12\n|\n|t:|1776524302\n|move|p1a: Incineroar|Close Combat|p2a: Jordan Filboreon\n|-damage|p2a: Jordan Filboreon|22/100\n|-unboost|p1a: Incineroar|def|1\n|-unboost|p1a: Incineroar|spd|1\n|move|p2a: Jordan Filboreon|Wish|p2a: Jordan Filboreon\n|\n|-heal|p2a: Jordan Filboreon|28/100|[from] item: Leftovers\n|upkeep\n|turn|13\n|\n|t:|1776524306\n|move|p2a: Jordan Filboreon|Protect|p2a: Jordan Filboreon\n|-singleturn|p2a: Jordan Filboreon|Protect\n|move|p1a: Incineroar|Close Combat|p2a: Jordan Filboreon\n|-activate|p2a: Jordan Filboreon|move: Protect\n|\n|-heal|p2a: Jordan Filboreon|77/100|[from] move: Wish|[wisher] Jordan Filboreon\n|-heal|p2a: Jordan Filboreon|83/100|[from] item: Leftovers\n|upkeep\n|turn|14\n|\n|t:|1776524315\n|switch|p1a: Dragonite|Dragonite-Mega, L50, F|52/100 par\n|move|p2a: Jordan Filboreon|Wish|p2a: Jordan Filboreon\n|\n|-heal|p2a: Jordan Filboreon|89/100|[from] item: Leftovers\n|upkeep\n|turn|15\n|\n|t:|1776524329\n|move|p2a: Jordan Filboreon|Scald|p1a: Dragonite\n|-resisted|p1a: Dragonite|1\n|-damage|p1a: Dragonite|40/100 par\n|move|p1a: Dragonite|Roost|p1a: Dragonite\n|-heal|p1a: Dragonite|90/100 par\n|-singleturn|p1a: Dragonite|move: Roost\n|\n|-heal|p2a: Jordan Filboreon|100/100|[from] move: Wish|[wisher] Jordan Filboreon\n|upkeep\n|turn|16\n|\n|t:|1776524339\n|move|p2a: Jordan Filboreon|Scald|p1a: Dragonite\n|-resisted|p1a: Dragonite|1\n|-damage|p1a: Dragonite|77/100 par\n|move|p1a: Dragonite|Hurricane|p2a: Jordan Filboreon\n|-damage|p2a: Jordan Filboreon|60/100\n|\n|-heal|p2a: Jordan Filboreon|66/100|[from] item: Leftovers\n|upkeep\n|turn|17\n|\n|t:|1776524348\n|move|p2a: Jordan Filboreon|Scald|p1a: Dragonite\n|-resisted|p1a: Dragonite|1\n|-damage|p1a: Dragonite|64/100 par\n|move|p1a: Dragonite|Hurricane|p2a: Jordan Filboreon\n|-damage|p2a: Jordan Filboreon|25/100\n|-start|p2a: Jordan Filboreon|confusion\n|\n|-heal|p2a: Jordan Filboreon|31/100|[from] item: Leftovers\n|upkeep\n|turn|18\n|\n|t:|1776524354\n|-activate|p2a: Jordan Filboreon|confusion\n|move|p2a: Jordan Filboreon|Protect|p2a: Jordan Filboreon\n|-singleturn|p2a: Jordan Filboreon|Protect\n|move|p1a: Dragonite|Hurricane|p2a: Jordan Filboreon\n|-activate|p2a: Jordan Filboreon|move: Protect\n|\n|-heal|p2a: Jordan Filboreon|37/100|[from] item: Leftovers\n|upkeep\n|turn|19\n|\n|t:|1776524362\n|-end|p2a: Jordan Filboreon|confusion\n|move|p2a: Jordan Filboreon|Wish|p2a: Jordan Filboreon\n|move|p1a: Dragonite|Roost|p1a: Dragonite\n|-heal|p1a: Dragonite|100/100 par\n|-singleturn|p1a: Dragonite|move: Roost\n|\n|-heal|p2a: Jordan Filboreon|43/100|[from] item: Leftovers\n|upkeep\n|turn|20\n|\n|t:|1776524376\n|switch|p1a: Incineroar|Incineroar, L50, M|73/100\n|-ability|p1a: Incineroar|Intimidate|boost\n|-unboost|p2a: Jordan Filboreon|atk|1\n|move|p2a: Jordan Filboreon|Scald|p1a: Incineroar\n|-supereffective|p1a: Incineroar|1\n|-damage|p1a: Incineroar|14/100\n|\n|-heal|p2a: Jordan Filboreon|93/100|[from] move: Wish|[wisher] Jordan Filboreon\n|-heal|p2a: Jordan Filboreon|99/100|[from] item: Leftovers\n|upkeep\n|turn|21\n|\n|t:|1776524383\n|move|p1a: Incineroar|Fake Out|p2a: Jordan Filboreon\n|-damage|p2a: Jordan Filboreon|85/100\n|cant|p2a: Jordan Filboreon|flinch\n|\n|-heal|p2a: Jordan Filboreon|91/100|[from] item: Leftovers\n|upkeep\n|turn|22\n|\n|t:|1776524396\n|switch|p1a: Dragonite|Dragonite-Mega, L50, F|100/100 par\n|move|p2a: Jordan Filboreon|Flip Turn|p1a: Dragonite\n|-resisted|p1a: Dragonite|1\n|-crit|p1a: Dragonite\n|-damage|p1a: Dragonite|95/100 par\n|\n|t:|1776524398\n|switch|p2a: Jordan Filbapult|Dragapult, L50, M|11/100|[from] Flip Turn\n|\n|upkeep\n|turn|23\n|\n|t:|1776524402\n|move|p2a: Jordan Filbapult|Hex|p1a: Dragonite\n|-damage|p1a: Dragonite|44/100 par\n|move|p1a: Dragonite|Flamethrower|p2a: Jordan Filbapult\n|-resisted|p2a: Jordan Filbapult|1\n|-damage|p2a: Jordan Filbapult|0 fnt\n|faint|p2a: Jordan Filbapult\n|\n|upkeep\n|\n|t:|1776524405\n|switch|p2a: Jordan Filboreon|Vaporeon, L50, F|91/100\n|turn|24\n|\n|t:|1776524423\n|move|p2a: Jordan Filboreon|Scald|p1a: Dragonite\n|-resisted|p1a: Dragonite|1\n|-damage|p1a: Dragonite|31/100 par\n|move|p1a: Dragonite|Roost|p1a: Dragonite\n|-heal|p1a: Dragonite|81/100 par\n|-singleturn|p1a: Dragonite|move: Roost\n|\n|-heal|p2a: Jordan Filboreon|97/100|[from] item: Leftovers\n|upkeep\n|turn|25\n|\n|t:|1776524430\n|move|p2a: Jordan Filboreon|Scald|p1a: Dragonite\n|-resisted|p1a: Dragonite|1\n|-damage|p1a: Dragonite|68/100 par\n|move|p1a: Dragonite|Hurricane|p2a: Jordan Filboreon\n|-damage|p2a: Jordan Filboreon|59/100\n|\n|-heal|p2a: Jordan Filboreon|65/100|[from] item: Leftovers\n|upkeep\n|turn|26\n|inactive|jordan filbert has 30 seconds left.\n|inactive|jordan filbert has 20 seconds left.\n|\n|t:|1776524469\n|move|p2a: Jordan Filboreon|Protect|p2a: Jordan Filboreon\n|-singleturn|p2a: Jordan Filboreon|Protect\n|move|p1a: Dragonite|Hurricane|p2a: Jordan Filboreon\n|-activate|p2a: Jordan Filboreon|move: Protect\n|\n|-heal|p2a: Jordan Filboreon|71/100|[from] item: Leftovers\n|upkeep\n|turn|27\n|\n|t:|1776524486\n|move|p2a: Jordan Filboreon|Wish|p2a: Jordan Filboreon\n|move|p1a: Dragonite|Flamethrower|p2a: Jordan Filboreon\n|-resisted|p2a: Jordan Filboreon|1\n|-damage|p2a: Jordan Filboreon|61/100\n|\n|-heal|p2a: Jordan Filboreon|67/100|[from] item: Leftovers\n|upkeep\n|turn|28\n|\n|t:|1776524493\n|move|p2a: Jordan Filboreon|Scald|p1a: Dragonite\n|-resisted|p1a: Dragonite|1\n|-damage|p1a: Dragonite|56/100 par\n|move|p1a: Dragonite|Flamethrower|p2a: Jordan Filboreon\n|-resisted|p2a: Jordan Filboreon|1\n|-damage|p2a: Jordan Filboreon|57/100\n|\n|-heal|p2a: Jordan Filboreon|100/100|[from] move: Wish|[wisher] Jordan Filboreon\n|upkeep\n|turn|29\n|\n|t:|1776524504\n|move|p2a: Jordan Filboreon|Scald|p1a: Dragonite\n|-resisted|p1a: Dragonite|1\n|-damage|p1a: Dragonite|44/100 par\n|move|p1a: Dragonite|Roost|p1a: Dragonite\n|-heal|p1a: Dragonite|94/100 par\n|-singleturn|p1a: Dragonite|move: Roost\n|\n|upkeep\n|turn|30\n|\n|t:|1776524512\n|move|p2a: Jordan Filboreon|Scald|p1a: Dragonite\n|-resisted|p1a: Dragonite|1\n|-damage|p1a: Dragonite|83/100 par\n|move|p1a: Dragonite|Flamethrower|p2a: Jordan Filboreon\n|-resisted|p2a: Jordan Filboreon|1\n|-damage|p2a: Jordan Filboreon|89/100\n|\n|-heal|p2a: Jordan Filboreon|95/100|[from] item: Leftovers\n|upkeep\n|turn|31\n|\n|t:|1776524519\n|move|p2a: Jordan Filboreon|Flip Turn|p1a: Dragonite\n|-resisted|p1a: Dragonite|1\n|-damage|p1a: Dragonite|78/100 par\n|move|p1a: Dragonite|Flamethrower|p2a: Jordan Filboreon\n|-resisted|p2a: Jordan Filboreon|1\n|-damage|p2a: Jordan Filboreon|84/100\n|\n|-heal|p2a: Jordan Filboreon|90/100|[from] item: Leftovers\n|upkeep\n|turn|32\n|\n|t:|1776524523\n|move|p2a: Jordan Filboreon|Flip Turn|p1a: Dragonite\n|-resisted|p1a: Dragonite|1\n|-damage|p1a: Dragonite|71/100 par\n|move|p1a: Dragonite|Flamethrower|p2a: Jordan Filboreon\n|-resisted|p2a: Jordan Filboreon|1\n|-damage|p2a: Jordan Filboreon|80/100\n|\n|-heal|p2a: Jordan Filboreon|86/100|[from] item: Leftovers\n|upkeep\n|turn|33\n|c|\u2606jordan filbert|Lol\n|\n|t:|1776524528\n|move|p2a: Jordan Filboreon|Flip Turn|p1a: Dragonite\n|-resisted|p1a: Dragonite|1\n|-damage|p1a: Dragonite|65/100 par\n|move|p1a: Dragonite|Flamethrower|p2a: Jordan Filboreon\n|-resisted|p2a: Jordan Filboreon|1\n|-damage|p2a: Jordan Filboreon|76/100\n|\n|-heal|p2a: Jordan Filboreon|82/100|[from] item: Leftovers\n|upkeep\n|turn|34\n|\n|t:|1776524531\n|move|p2a: Jordan Filboreon|Flip Turn|p1a: Dragonite\n|-resisted|p1a: Dragonite|1\n|-damage|p1a: Dragonite|60/100 par\n|move|p1a: Dragonite|Flamethrower|p2a: Jordan Filboreon\n|-resisted|p2a: Jordan Filboreon|1\n|-damage|p2a: Jordan Filboreon|71/100\n|\n|-heal|p2a: Jordan Filboreon|77/100|[from] item: Leftovers\n|upkeep\n|turn|35\n|\n|t:|1776524534\n|move|p2a: Jordan Filboreon|Flip Turn|p1a: Dragonite\n|-resisted|p1a: Dragonite|1\n|-damage|p1a: Dragonite|54/100 par\n|move|p1a: Dragonite|Flamethrower|p2a: Jordan Filboreon\n|-resisted|p2a: Jordan Filboreon|1\n|-damage|p2a: Jordan Filboreon|67/100\n|\n|-heal|p2a: Jordan Filboreon|73/100|[from] item: Leftovers\n|upkeep\n|turn|36\n|\n|t:|1776524544\n|move|p2a: Jordan Filboreon|Flip Turn|p1a: Dragonite\n|-resisted|p1a: Dragonite|1\n|-damage|p1a: Dragonite|49/100 par\n|move|p1a: Dragonite|Roost|p1a: Dragonite\n|-heal|p1a: Dragonite|99/100 par\n|-singleturn|p1a: Dragonite|move: Roost\n|\n|-heal|p2a: Jordan Filboreon|79/100|[from] item: Leftovers\n|upkeep\n|turn|37\n|\n|t:|1776524548\n|move|p2a: Jordan Filboreon|Flip Turn|p1a: Dragonite\n|-resisted|p1a: Dragonite|1\n|-damage|p1a: Dragonite|94/100 par\n|move|p1a: Dragonite|Flamethrower|p2a: Jordan Filboreon\n|-resisted|p2a: Jordan Filboreon|1\n|-damage|p2a: Jordan Filboreon|68/100\n|\n|-heal|p2a: Jordan Filboreon|74/100|[from] item: Leftovers\n|upkeep\n|turn|38\n|\n|t:|1776524561\n|move|p2a: Jordan Filboreon|Flip Turn|p1a: Dragonite\n|-resisted|p1a: Dragonite|1\n|-damage|p1a: Dragonite|88/100 par\n|move|p1a: Dragonite|Flamethrower|p2a: Jordan Filboreon\n|-resisted|p2a: Jordan Filboreon|1\n|-damage|p2a: Jordan Filboreon|64/100\n|\n|-heal|p2a: Jordan Filboreon|70/100|[from] item: Leftovers\n|upkeep\n|turn|39\n|\n|t:|1776524564\n|move|p2a: Jordan Filboreon|Flip Turn|p1a: Dragonite\n|-resisted|p1a: Dragonite|1\n|-damage|p1a: Dragonite|81/100 par\n|move|p1a: Dragonite|Flamethrower|p2a: Jordan Filboreon\n|-resisted|p2a: Jordan Filboreon|1\n|-damage|p2a: Jordan Filboreon|60/100\n|\n|-heal|p2a: Jordan Filboreon|66/100|[from] item: Leftovers\n|upkeep\n|turn|40\n|\n|t:|1776524567\n|move|p2a: Jordan Filboreon|Flip Turn|p1a: Dragonite\n|-resisted|p1a: Dragonite|1\n|-damage|p1a: Dragonite|75/100 par\n|move|p1a: Dragonite|Flamethrower|p2a: Jordan Filboreon\n|-resisted|p2a: Jordan Filboreon|1\n|-damage|p2a: Jordan Filboreon|57/100\n|\n|-heal|p2a: Jordan Filboreon|63/100|[from] item: Leftovers\n|upkeep\n|turn|41\n|\n|t:|1776524571\n|move|p2a: Jordan Filboreon|Flip Turn|p1a: Dragonite\n|-resisted|p1a: Dragonite|1\n|-damage|p1a: Dragonite|69/100 par\n|move|p1a: Dragonite|Flamethrower|p2a: Jordan Filboreon\n|-resisted|p2a: Jordan Filboreon|1\n|-damage|p2a: Jordan Filboreon|53/100\n|\n|-heal|p2a: Jordan Filboreon|59/100|[from] item: Leftovers\n|upkeep\n|turn|42\n|\n|t:|1776524578\n|move|p2a: Jordan Filboreon|Protect|p2a: Jordan Filboreon\n|-singleturn|p2a: Jordan Filboreon|Protect\n|move|p1a: Dragonite|Focus Blast|p2a: Jordan Filboreon\n|-activate|p2a: Jordan Filboreon|move: Protect\n|\n|-heal|p2a: Jordan Filboreon|65/100|[from] item: Leftovers\n|upkeep\n|turn|43\n|\n|t:|1776524583\n|move|p2a: Jordan Filboreon|Wish|p2a: Jordan Filboreon\n|move|p1a: Dragonite|Focus Blast|p2a: Jordan Filboreon|[miss]\n|-miss|p1a: Dragonite|p2a: Jordan Filboreon\n|\n|-heal|p2a: Jordan Filboreon|71/100|[from] item: Leftovers\n|upkeep\n|turn|44\n|\n|t:|1776524587\n|move|p2a: Jordan Filboreon|Flip Turn|p1a: Dragonite\n|-resisted|p1a: Dragonite|1\n|-damage|p1a: Dragonite|64/100 par\n|move|p1a: Dragonite|Focus Blast|p2a: Jordan Filboreon|[miss]\n|-miss|p1a: Dragonite|p2a: Jordan Filboreon\n|\n|-heal|p2a: Jordan Filboreon|100/100|[from] move: Wish|[wisher] Jordan Filboreon\n|upkeep\n|turn|45\n|\n|t:|1776524590\n|move|p2a: Jordan Filboreon|Flip Turn|p1a: Dragonite\n|-resisted|p1a: Dragonite|1\n|-damage|p1a: Dragonite|57/100 par\n|move|p1a: Dragonite|Focus Blast|p2a: Jordan Filboreon\n|-damage|p2a: Jordan Filboreon|73/100\n|\n|-heal|p2a: Jordan Filboreon|79/100|[from] item: Leftovers\n|upkeep\n|turn|46\n|\n|t:|1776524596\n|move|p2a: Jordan Filboreon|Flip Turn|p1a: Dragonite\n|-resisted|p1a: Dragonite|1\n|-damage|p1a: Dragonite|51/100 par\n|move|p1a: Dragonite|Focus Blast|p2a: Jordan Filboreon|[miss]\n|-miss|p1a: Dragonite|p2a: Jordan Filboreon\n|\n|-heal|p2a: Jordan Filboreon|85/100|[from] item: Leftovers\n|upkeep\n|turn|47\n|c|\u2606jordan filbert|My outstalling worked i think\n|\n|t:|1776524618\n|move|p2a: Jordan Filboreon|Flip Turn|p1a: Dragonite\n|-resisted|p1a: Dragonite|1\n|-damage|p1a: Dragonite|45/100 par\n|move|p1a: Dragonite|Roost|p1a: Dragonite\n|-heal|p1a: Dragonite|95/100 par\n|-singleturn|p1a: Dragonite|move: Roost\n|\n|-heal|p2a: Jordan Filboreon|91/100|[from] item: Leftovers\n|upkeep\n|turn|48\n|\n|t:|1776524624\n|move|p2a: Jordan Filboreon|Flip Turn|p1a: Dragonite\n|-resisted|p1a: Dragonite|1\n|-damage|p1a: Dragonite|89/100 par\n|move|p1a: Dragonite|Hurricane|p2a: Jordan Filboreon\n|-damage|p2a: Jordan Filboreon|54/100\n|-start|p2a: Jordan Filboreon|confusion\n|\n|-heal|p2a: Jordan Filboreon|60/100|[from] item: Leftovers\n|upkeep\n|turn|49\n|\n|t:|1776524630\n|switch|p1a: Incineroar|Incineroar, L50, M|14/100\n|-ability|p1a: Incineroar|Intimidate|boost\n|-unboost|p2a: Jordan Filboreon|atk|1\n|-activate|p2a: Jordan Filboreon|confusion\n|move|p2a: Jordan Filboreon|Wish|p2a: Jordan Filboreon\n|\n|-heal|p2a: Jordan Filboreon|65/100|[from] item: Leftovers\n|upkeep\n|turn|50\n|\n|t:|1776524634\n|move|p1a: Incineroar|Fake Out|p2a: Jordan Filboreon\n|-damage|p2a: Jordan Filboreon|53/100\n|cant|p2a: Jordan Filboreon|flinch\n|\n|-heal|p2a: Jordan Filboreon|100/100|[from] move: Wish|[wisher] Jordan Filboreon\n|upkeep\n|turn|51\n|\n|t:|1776524641\n|move|p1a: Incineroar|Close Combat|p2a: Jordan Filboreon\n|-damage|p2a: Jordan Filboreon|66/100\n|-unboost|p1a: Incineroar|def|1\n|-unboost|p1a: Incineroar|spd|1\n|-activate|p2a: Jordan Filboreon|confusion\n|-damage|p2a: Jordan Filboreon|60/100|[from] confusion\n|\n|-heal|p2a: Jordan Filboreon|66/100|[from] item: Leftovers\n|upkeep\n|turn|52\n|\n|t:|1776524650\n|switch|p1a: Dragonite|Dragonite-Mega, L50, F|89/100 par\n|-end|p2a: Jordan Filboreon|confusion\n|move|p2a: Jordan Filboreon|Protect||[still]\n|-fail|p2a: Jordan Filboreon\n|\n|-heal|p2a: Jordan Filboreon|72/100|[from] item: Leftovers\n|upkeep\n|turn|53\n|\n|t:|1776524657\n|move|p2a: Jordan Filboreon|Flip Turn|p1a: Dragonite\n|-resisted|p1a: Dragonite|1\n|-damage|p1a: Dragonite|86/100 par\n|move|p1a: Dragonite|Focus Blast|p2a: Jordan Filboreon|[miss]\n|-miss|p1a: Dragonite|p2a: Jordan Filboreon\n|\n|-heal|p2a: Jordan Filboreon|78/100|[from] item: Leftovers\n|upkeep\n|turn|54\n|\n|t:|1776524665\n|move|p2a: Jordan Filboreon|Flip Turn|p1a: Dragonite\n|-resisted|p1a: Dragonite|1\n|-damage|p1a: Dragonite|82/100 par\n|cant|p1a: Dragonite|par\n|\n|-heal|p2a: Jordan Filboreon|84/100|[from] item: Leftovers\n|upkeep\n|turn|55\n|\n|t:|1776524674\n|move|p2a: Jordan Filboreon|Wish|p2a: Jordan Filboreon\n|move|p1a: Dragonite|Focus Blast|p2a: Jordan Filboreon\n|-damage|p2a: Jordan Filboreon|57/100\n|\n|-heal|p2a: Jordan Filboreon|63/100|[from] item: Leftovers\n|upkeep\n|turn|56\n|\n|t:|1776524685\n|switch|p1a: Incineroar|Incineroar, L50, M|14/100\n|-ability|p1a: Incineroar|Intimidate|boost\n|-unboost|p2a: Jordan Filboreon|atk|1\n|move|p2a: Jordan Filboreon|Protect||[still]\n|-fail|p2a: Jordan Filboreon\n|\n|-heal|p2a: Jordan Filboreon|100/100|[from] move: Wish|[wisher] Jordan Filboreon\n|upkeep\n|turn|57\n|\n|t:|1776524689\n|move|p1a: Incineroar|Fake Out|p2a: Jordan Filboreon\n|-crit|p2a: Jordan Filboreon\n|-damage|p2a: Jordan Filboreon|81/100\n|cant|p2a: Jordan Filboreon|flinch\n|\n|-heal|p2a: Jordan Filboreon|87/100|[from] item: Leftovers\n|upkeep\n|turn|58\n|\n|t:|1776524693\n|move|p1a: Incineroar|Close Combat|p2a: Jordan Filboreon\n|-damage|p2a: Jordan Filboreon|52/100\n|-unboost|p1a: Incineroar|def|1\n|-unboost|p1a: Incineroar|spd|1\n|move|p2a: Jordan Filboreon|Scald|p1a: Incineroar\n|-supereffective|p1a: Incineroar|1\n|-damage|p1a: Incineroar|0 fnt\n|faint|p1a: Incineroar\n|\n|-heal|p2a: Jordan Filboreon|58/100|[from] item: Leftovers\n|upkeep\n|\n|t:|1776524697\n|switch|p1a: Dragonite|Dragonite-Mega, L50, F|82/100 par\n|turn|59\n|\n|t:|1776524706\n|move|p2a: Jordan Filboreon|Wish|p2a: Jordan Filboreon\n|cant|p1a: Dragonite|par\n|\n|-heal|p2a: Jordan Filboreon|64/100|[from] item: Leftovers\n|upkeep\n|turn|60\n|\n|t:|1776524716\n|move|p2a: Jordan Filboreon|Scald|p1a: Dragonite\n|-resisted|p1a: Dragonite|1\n|-damage|p1a: Dragonite|69/100 par\n|move|p1a: Dragonite|Hurricane|p2a: Jordan Filboreon\n|-damage|p2a: Jordan Filboreon|23/100\n|-start|p2a: Jordan Filboreon|confusion\n|\n|-heal|p2a: Jordan Filboreon|73/100|[from] move: Wish|[wisher] Jordan Filboreon\n|-heal|p2a: Jordan Filboreon|79/100|[from] item: Leftovers\n|upkeep\n|turn|61\n|\n|t:|1776524725\n|-activate|p2a: Jordan Filboreon|confusion\n|move|p2a: Jordan Filboreon|Scald|p1a: Dragonite\n|-resisted|p1a: Dragonite|1\n|-damage|p1a: Dragonite|56/100 par\n|move|p1a: Dragonite|Roost|p1a: Dragonite\n|-heal|p1a: Dragonite|100/100 par\n|-singleturn|p1a: Dragonite|move: Roost\n|\n|-heal|p2a: Jordan Filboreon|85/100|[from] item: Leftovers\n|upkeep\n|turn|62\n|\n|t:|1776524728\n|-end|p2a: Jordan Filboreon|confusion\n|move|p2a: Jordan Filboreon|Scald|p1a: Dragonite\n|-resisted|p1a: Dragonite|1\n|-damage|p1a: Dragonite|94/100 par\n|move|p1a: Dragonite|Hurricane|p2a: Jordan Filboreon\n|-damage|p2a: Jordan Filboreon|48/100\n|\n|-heal|p2a: Jordan Filboreon|54/100|[from] item: Leftovers\n|upkeep\n|turn|63\n|\n|t:|1776524734\n|move|p2a: Jordan Filboreon|Wish|p2a: Jordan Filboreon\n|move|p1a: Dragonite|Focus Blast|p2a: Jordan Filboreon|[miss]\n|-miss|p1a: Dragonite|p2a: Jordan Filboreon\n|\n|-heal|p2a: Jordan Filboreon|60/100|[from] item: Leftovers\n|upkeep\n|turn|64\n|\n|t:|1776524743\n|move|p2a: Jordan Filboreon|Scald|p1a: Dragonite\n|-resisted|p1a: Dragonite|1\n|-damage|p1a: Dragonite|81/100 par\n|move|p1a: Dragonite|Hurricane|p2a: Jordan Filboreon|[miss]\n|-miss|p1a: Dragonite|p2a: Jordan Filboreon\n|\n|-heal|p2a: Jordan Filboreon|100/100|[from] move: Wish|[wisher] Jordan Filboreon\n|upkeep\n|turn|65\n|\n|t:|1776524754\n|move|p2a: Jordan Filboreon|Wish|p2a: Jordan Filboreon\n|move|p1a: Dragonite|Roost|p1a: Dragonite\n|-heal|p1a: Dragonite|100/100 par\n|-singleturn|p1a: Dragonite|move: Roost\n|\n|upkeep\n|turn|66\n|\n|t:|1776524757\n|move|p2a: Jordan Filboreon|Scald|p1a: Dragonite\n|-resisted|p1a: Dragonite|1\n|-damage|p1a: Dragonite|94/100 par\n|cant|p1a: Dragonite|par\n|\n|upkeep\n|turn|67\n|\n|t:|1776524764\n|move|p2a: Jordan Filboreon|Scald|p1a: Dragonite\n|-resisted|p1a: Dragonite|1\n|-damage|p1a: Dragonite|82/100 par\n|-activate|p1a: Dragonite|move: Struggle\n|move|p1a: Dragonite|Struggle|p2a: Jordan Filboreon\n|-damage|p2a: Jordan Filboreon|88/100\n|-damage|p1a: Dragonite|57/100 par|[from] recoil\n|\n|-heal|p2a: Jordan Filboreon|94/100|[from] item: Leftovers\n|upkeep\n|turn|68\n|\n|t:|1776524767\n|move|p2a: Jordan Filboreon|Protect|p2a: Jordan Filboreon\n|-singleturn|p2a: Jordan Filboreon|Protect\n|-activate|p1a: Dragonite|move: Struggle\n|move|p1a: Dragonite|Struggle|p2a: Jordan Filboreon\n|-activate|p2a: Jordan Filboreon|move: Protect\n|\n|-heal|p2a: Jordan Filboreon|99/100|[from] item: Leftovers\n|upkeep\n|turn|69\n|\n|t:|1776524769\n|move|p2a: Jordan Filboreon|Wish|p2a: Jordan Filboreon\n|-activate|p1a: Dragonite|move: Struggle\n|move|p1a: Dragonite|Struggle|p2a: Jordan Filboreon\n|-crit|p2a: Jordan Filboreon\n|-damage|p2a: Jordan Filboreon|78/100\n|-damage|p1a: Dragonite|32/100 par|[from] recoil\n|\n|-heal|p2a: Jordan Filboreon|84/100|[from] item: Leftovers\n|upkeep\n|turn|70\n|\n|t:|1776524772\n|move|p2a: Jordan Filboreon|Protect|p2a: Jordan Filboreon\n|-singleturn|p2a: Jordan Filboreon|Protect\n|-activate|p1a: Dragonite|move: Struggle\n|move|p1a: Dragonite|Struggle|p2a: Jordan Filboreon\n|-activate|p2a: Jordan Filboreon|move: Protect\n|\n|-heal|p2a: Jordan Filboreon|100/100|[from] move: Wish|[wisher] Jordan Filboreon\n|upkeep\n|turn|71\n|\n|t:|1776524774\n|-activate|p2a: Jordan Filboreon|move: Struggle\n|move|p2a: Jordan Filboreon|Struggle|p1a: Dragonite\n|-damage|p1a: Dragonite|28/100 par\n|-damage|p2a: Jordan Filboreon|76/100|[from] recoil\n|-activate|p1a: Dragonite|move: Struggle\n|move|p1a: Dragonite|Struggle|p2a: Jordan Filboreon\n|-damage|p2a: Jordan Filboreon|63/100\n|-damage|p1a: Dragonite|3/100 par|[from] recoil\n|\n|-heal|p2a: Jordan Filboreon|68/100|[from] item: Leftovers\n|upkeep\n|turn|72\n|\n|t:|1776524777\n|-activate|p2a: Jordan Filboreon|move: Struggle\n|move|p2a: Jordan Filboreon|Struggle|p1a: Dragonite\n|-damage|p1a: Dragonite|0 fnt\n|faint|p1a: Dragonite\n|-damage|p2a: Jordan Filboreon|44/100|[from] recoil\n|\n|win|jordan filbert\n|raw|Acrodude's rating: 1163 &rarr; <strong>1144</strong><br />(-19 for losing)\n|raw|jordan filbert's rating: 1252 &rarr; <strong>1271</strong><br />(+19 for winning)\n|c|\u2606jordan filbert|Longest battle ever lol\n|c|\u2606Acrodude|Gg lmao\n|c|\u2606jordan filbert|Gg\n|l|\u2606Acrodude\n|player|p1|\n",
  "uploadtime": 1776524852,
  "views": 4,
  "formatid": "gen9championsbssregma",
  "rating": 1144,
  "private": 0,
  "password": null
}