{
  "id": "gen9championsbssregma-2587607807",
  "format": "[Gen 9 Champions] BSS Reg M-A",
  "players": [
    "driflount drifloon",
    "PokeMasterToast"
  ],
  "log": "|j|\u2606driflount drifloon\n|j|\u2606PokeMasterToast\n|t:|1776546514\n|gametype|singles\n|player|p1|driflount drifloon|brock|1042\n|player|p2|PokeMasterToast|pokemonbreeder-gen4|1079\n|gen|9\n|tier|[Gen 9 Champions] BSS Reg M-A\n|rated|\n|rule|Species Clause: Limit one of each Pok\u00e9mon\n|rule|Item Clause: Limit 1 of each item\n|clearpoke\n|poke|p1|Espathra, L50, M|\n|poke|p1|Lopunny, L50, F|\n|poke|p1|Slowbro, L50, F|\n|poke|p1|Clefable, L50, F|\n|poke|p1|Corviknight, L50, F|\n|poke|p1|Incineroar, L50, F|\n|poke|p2|Zoroark-Hisui, L50, M|\n|poke|p2|Espathra, L50, F|\n|poke|p2|Orthworm, L50, F|\n|poke|p2|Meowscarada, L50, M|\n|poke|p2|Charizard, L50, F|\n|poke|p2|Kangaskhan, L50, F|\n|teampreview|3\n|inactive|Battle timer is ON: inactive players will automatically lose when time's up. (requested by driflount drifloon)\n|inactive|driflount drifloon has 60 seconds left.\n|\n|t:|1776546565\n|teamsize|p1|3\n|teamsize|p2|3\n|start\n|switch|p1a: Espathra|Espathra, L50, M|100/100\n|switch|p2a: Orthworm|Orthworm, L50, F|100/100\n|turn|1\n|\n|t:|1776546574\n|move|p2a: Orthworm|Bitter Malice|p1a: Espathra\n|-supereffective|p1a: Espathra|1\n|-enditem|p1a: Espathra|Focus Sash\n|-damage|p1a: Espathra|1/100\n|-unboost|p1a: Espathra|atk|1\n|move|p1a: Espathra|Calm Mind|p1a: Espathra\n|-boost|p1a: Espathra|spa|1\n|-boost|p1a: Espathra|spd|1\n|\n|-ability|p1a: Espathra|Speed Boost|boost\n|-boost|p1a: Espathra|spe|1\n|upkeep\n|turn|2\n|\n|t:|1776546586\n|move|p1a: Espathra|Protect|p1a: Espathra\n|-singleturn|p1a: Espathra|Protect\n|move|p2a: Orthworm|Bitter Malice|p1a: Espathra\n|-activate|p1a: Espathra|move: Protect\n|\n|-ability|p1a: Espathra|Speed Boost|boost\n|-boost|p1a: Espathra|spe|1\n|upkeep\n|turn|3\n|\n|t:|1776546595\n|move|p1a: Espathra|Baton Pass|p1a: Espathra\n|\n|t:|1776546598\n|switch|p1a: Incineroar|Incineroar, L50, F|100/100|[from] Baton Pass\n|-ability|p1a: Incineroar|Intimidate|boost\n|-unboost|p2a: Orthworm|atk|1\n|move|p2a: Orthworm|Bitter Malice|p1a: Incineroar\n|-resisted|p1a: Incineroar|1\n|-damage|p1a: Incineroar|91/100\n|-unboost|p1a: Incineroar|atk|1\n|\n|upkeep\n|turn|4\n|\n|t:|1776546612\n|switch|p2a: Orthworm|Orthworm, L50, F|100/100\n|move|p1a: Incineroar|Bulk Up|p1a: Incineroar\n|-boost|p1a: Incineroar|atk|1\n|-boost|p1a: Incineroar|def|1\n|\n|upkeep\n|turn|5\n|\n|t:|1776546619\n|move|p1a: Incineroar|Flame Charge|p2a: Orthworm\n|-supereffective|p2a: Orthworm|1\n|-damage|p2a: Orthworm|84/100\n|-boost|p1a: Incineroar|spe|1\n|move|p2a: Orthworm|Shed Tail|p2a: Orthworm\n|-start|p2a: Orthworm|Substitute|[from] move: Shed Tail\n|-damage|p2a: Orthworm|33/100\n|\n|t:|1776546628\n|switch|p2a: Espathra|Espathra, L50, F|100/100|[from] Shed Tail\n|\n|upkeep\n|turn|6\n|\n|t:|1776546648\n|move|p1a: Incineroar|Power Trip|p2a: Espathra\n|-supereffective|p2a: Espathra|1\n|-end|p2a: Espathra|Substitute\n|move|p2a: Espathra|Calm Mind|p2a: Espathra\n|-boost|p2a: Espathra|spa|1\n|-boost|p2a: Espathra|spd|1\n|\n|-ability|p2a: Espathra|Speed Boost|boost\n|-boost|p2a: Espathra|spe|1\n|upkeep\n|turn|7\n|\n|t:|1776546657\n|move|p1a: Incineroar|Power Trip|p2a: Espathra\n|-supereffective|p2a: Espathra|1\n|-damage|p2a: Espathra|0 fnt\n|faint|p2a: Espathra\n|\n|upkeep\n|\n|t:|1776546661\n|switch|p2a: Orthworm|Orthworm, L50, F|100/100\n|turn|8\n|\n|t:|1776546668\n|move|p2a: Orthworm|Bitter Malice|p1a: Incineroar\n|-resisted|p1a: Incineroar|1\n|-damage|p1a: Incineroar|81/100\n|-unboost|p1a: Incineroar|atk|1\n|move|p1a: Incineroar|Power Trip|p2a: Orthworm\n|-supereffective|p2a: Orthworm|1\n|-damage|p2a: Orthworm|0 fnt\n|replace|p2a: Zoroark|Zoroark-Hisui, L50, M\n|-end|p2a: Zoroark|Illusion\n|faint|p2a: Zoroark\n|\n|upkeep\n|\n|t:|1776546671\n|switch|p2a: Orthworm|Orthworm, L50, F|33/100\n|turn|9\n|\n|t:|1776546681\n|move|p1a: Incineroar|Power Trip|p2a: Orthworm\n|-damage|p2a: Orthworm|17/100\n|move|p2a: Orthworm|Body Press|p1a: Incineroar\n|-supereffective|p1a: Incineroar|1\n|-damage|p1a: Incineroar|40/100\n|-enditem|p1a: Incineroar|Sitrus Berry|[eat]\n|-heal|p1a: Incineroar|65/100|[from] item: Sitrus Berry\n|\n|upkeep\n|turn|10\n|\n|t:|1776546695\n|move|p1a: Incineroar|Power Trip|p2a: Orthworm\n|-damage|p2a: Orthworm|2/100\n|move|p2a: Orthworm|Body Press|p1a: Incineroar\n|-supereffective|p1a: Incineroar|1\n|-damage|p1a: Incineroar|22/100\n|\n|upkeep\n|turn|11\n|-message|PokeMasterToast forfeited.\n|\n|win|driflount drifloon\n|raw|driflount drifloon's rating: 1042 &rarr; <strong>1079</strong><br />(+37 for winning)\n|raw|PokeMasterToast's rating: 1079 &rarr; <strong>1055</strong><br />(-24 for losing)\n|l|\u2606PokeMasterToast\n|player|p2|\n",
  "uploadtime": 1776546705,
  "views": 2,
  "formatid": "gen9championsbssregma",
  "rating": 1055,
  "private": 0,
  "password": null
}