{
  "id": "gen9championsbssregma-2582575821",
  "format": "[Gen 9 Champions] BSS Reg M-A",
  "players": [
    "7/11 doughnuts",
    "TipDik"
  ],
  "log": "|j|\u26067/11 doughnuts\n|j|\u2606TipDik\n|t:|1776100371\n|gametype|singles\n|player|p1|7/11 doughnuts|101|1028\n|player|p2|TipDik|emmet|1000\n|gen|9\n|tier|[Gen 9 Champions] BSS Reg M-A\n|rated|\n|rule|Species Clause: Limit one of each Pok\u00e9mon\n|rule|Item Clause: Limit 1 of each item\n|clearpoke\n|poke|p1|Venusaur, L50, M|\n|poke|p1|Glimmora, L50, M|\n|poke|p1|Umbreon, L50, M|\n|poke|p1|Palafin, L50, F|\n|poke|p1|Dragonite, L50, M|\n|poke|p1|Corviknight, L50, M|\n|poke|p2|Clefable, L50, F|\n|poke|p2|Gyarados, L50, M|\n|poke|p2|Espathra, L50, F|\n|poke|p2|Incineroar, L50, M|\n|poke|p2|Gliscor, L50, F|\n|poke|p2|Dragapult, L50, M|\n|teampreview|3\n|inactive|Battle timer is ON: inactive players will automatically lose when time's up. (requested by 7/11 doughnuts)\n|inactive|TipDik has 60 seconds left.\n|\n|t:|1776100427\n|teamsize|p1|3\n|teamsize|p2|3\n|start\n|switch|p1a: Glimmora|Glimmora, L50, M|100/100\n|switch|p2a: Espathra|Espathra, L50, F|100/100\n|turn|1\n|\n|t:|1776100433\n|move|p2a: Espathra|Lumina Crash|p1a: Glimmora\n|-supereffective|p1a: Glimmora|1\n|-damage|p1a: Glimmora|24/100\n|-unboost|p1a: Glimmora|spd|2\n|move|p1a: Glimmora|Stealth Rock|p2a: Espathra\n|-sidestart|p2: TipDik|move: Stealth Rock\n|\n|-ability|p2a: Espathra|Speed Boost|boost\n|-boost|p2a: Espathra|spe|1\n|upkeep\n|turn|2\n|\n|t:|1776100440\n|switch|p1a: Umbreon|Umbreon, L50, M|100/100\n|move|p2a: Espathra|Lumina Crash|p1a: Umbreon\n|-immune|p1a: Umbreon\n|\n|-ability|p2a: Espathra|Speed Boost|boost\n|-boost|p2a: Espathra|spe|1\n|upkeep\n|turn|3\n|\n|t:|1776100448\n|move|p2a: Espathra|Protect|p2a: Espathra\n|-singleturn|p2a: Espathra|Protect\n|move|p1a: Umbreon|Toxic|p2a: Espathra\n|-activate|p2a: Espathra|move: Protect\n|\n|-ability|p2a: Espathra|Speed Boost|boost\n|-boost|p2a: Espathra|spe|1\n|upkeep\n|turn|4\n|\n|t:|1776100459\n|move|p2a: Espathra|Baton Pass|p2a: Espathra\n|\n|t:|1776100461\n|switch|p2a: Dragapult|Dragapult, L50, M|100/100|[from] Baton Pass\n|-damage|p2a: Dragapult|88/100|[from] Stealth Rock\n|move|p1a: Umbreon|Wish|p1a: Umbreon\n|\n|upkeep\n|turn|5\n|\n|t:|1776100466\n|move|p2a: Dragapult|Substitute|p2a: Dragapult\n|-start|p2a: Dragapult|Substitute\n|-damage|p2a: Dragapult|64/100\n|move|p1a: Umbreon|Toxic||[still]\n|-fail|p1a: Umbreon\n|\n|upkeep\n|turn|6\n|\n|t:|1776100474\n|move|p2a: Dragapult|Baton Pass|p2a: Dragapult\n|\n|t:|1776100475\n|switch|p2a: Clefable|Clefable, L50, F|100/100|[from] Baton Pass\n|-damage|p2a: Clefable|88/100|[from] Stealth Rock\n|move|p1a: Umbreon|Foul Play|p2a: Clefable\n|-resisted|p2a: Clefable|1\n|-crit|p2a: Clefable\n|-activate|p2a: Clefable|move: Substitute|[damage]\n|\n|upkeep\n|turn|7\n|\n|t:|1776100482\n|detailschange|p2a: Clefable|Clefable-Mega, L50, F\n|-mega|p2a: Clefable|Clefable|Clefablite\n|move|p2a: Clefable|Calm Mind|p2a: Clefable\n|-boost|p2a: Clefable|spa|1\n|-boost|p2a: Clefable|spd|1\n|move|p1a: Umbreon|Wish|p1a: Umbreon\n|\n|upkeep\n|turn|8\n|\n|t:|1776100495\n|switch|p1a: Glimmora|Glimmora, L50, M|24/100\n|move|p2a: Clefable|Calm Mind|p2a: Clefable\n|-boost|p2a: Clefable|spa|1\n|-boost|p2a: Clefable|spd|1\n|\n|-heal|p1a: Glimmora|87/100|[from] move: Wish|[wisher] Umbreon\n|upkeep\n|turn|9\n|-message|7/11 doughnuts forfeited.\n|\n|win|TipDik\n|raw|7&#x2f;11 doughnuts's rating: 1028 &rarr; <strong>1013</strong><br />(-15 for losing)\n|raw|TipDik's rating: 1000 &rarr; <strong>1043</strong><br />(+43 for winning)\n|l|\u26067/11 doughnuts\n|player|p1|\n",
  "uploadtime": 1776100565,
  "views": 2,
  "formatid": "gen9championsbssregma",
  "rating": 1013,
  "private": 0,
  "password": null
}