{
  "id": "gen9championsbssregma-2588609868",
  "format": "[Gen 9 Champions] BSS Reg M-A",
  "players": [
    "meteor1101",
    "jodio09"
  ],
  "log": "|j|\u2606meteor1101\n|j|\u2606jodio09\n|t:|1776649812\n|gametype|singles\n|player|p1|meteor1101|acetrainerf|1271\n|player|p2|jodio09|youngn|1277\n|gen|9\n|tier|[Gen 9 Champions] BSS Reg M-A\n|rated|\n|rule|Species Clause: Limit one of each Pok\u00e9mon\n|rule|Item Clause: Limit 1 of each item\n|clearpoke\n|poke|p1|Banette, L50, M|\n|poke|p1|Primarina, L50, F|\n|poke|p1|Meowscarada, L50, M|\n|poke|p1|Aegislash, L50, F|\n|poke|p1|Lopunny, L50, F|\n|poke|p1|Volcarona, L50, F|\n|poke|p2|Hippowdon, L50, F|\n|poke|p2|Volcarona, L50, F|\n|poke|p2|Beedrill, L50, F|\n|poke|p2|Goodra-Hisui, L50, F|\n|poke|p2|Samurott-Hisui, L50, M, shiny|\n|poke|p2|Floette-Eternal, L50, F|\n|teampreview|3\n|inactive|Battle timer is ON: inactive players will automatically lose when time's up. (requested by jodio09)\n|inactive|meteor1101 has 60 seconds left.\n|inactive|jodio09 has 60 seconds left.\n|inactive|jodio09 has 30 seconds left.\n|inactive|jodio09 has 20 seconds left.\n|\n|t:|1776649885\n|teamsize|p1|3\n|teamsize|p2|3\n|start\n|switch|p1a: Meowscarada|Meowscarada, L50, M|100/100\n|switch|p2a: Samurott|Samurott-Hisui, L50, M, shiny|100/100\n|turn|1\n|inactive|meteor1101 has 30 seconds left.\n|\n|t:|1776649913\n|move|p1a: Meowscarada|U-turn|p2a: Samurott\n|-start|p1a: Meowscarada|typechange|Bug|[from] ability: Protean\n|-supereffective|p2a: Samurott|1\n|-damage|p2a: Samurott|11/100\n|\n|t:|1776649917\n|switch|p1a: Primarina|Primarina, L50, F|100/100|[from] U-turn\n|move|p2a: Samurott|Sacred Sword|p1a: Primarina\n|-resisted|p1a: Primarina|1\n|-damage|p1a: Primarina|78/100\n|\n|-heal|p1a: Primarina|84/100|[from] item: Leftovers\n|upkeep\n|turn|2\n|\n|t:|1776649929\n|switch|p2a: Goodra|Goodra-Hisui, L50, F|100/100\n|move|p1a: Primarina|Moonblast|p2a: Goodra\n|-damage|p2a: Goodra|73/100\n|\n|-heal|p1a: Primarina|90/100|[from] item: Leftovers\n|upkeep\n|turn|3\n|j| p74\n|\n|t:|1776649942\n|move|p1a: Primarina|Moonblast|p2a: Goodra\n|-damage|p2a: Goodra|45/100\n|move|p2a: Goodra|Flash Cannon|p1a: Primarina\n|-crit|p1a: Primarina\n|-damage|p1a: Primarina|41/100\n|\n|-heal|p1a: Primarina|47/100|[from] item: Leftovers\n|upkeep\n|turn|4\n|\n|t:|1776649953\n|switch|p2a: Floette|Floette-Eternal, L50, F|100/100\n|move|p1a: Primarina|Moonblast|p2a: Floette\n|-damage|p2a: Floette|60/100\n|\n|-heal|p1a: Primarina|53/100|[from] item: Leftovers\n|upkeep\n|turn|5\n|inactive|jodio09 has 30 seconds left.\n|\n|t:|1776649986\n|detailschange|p2a: Floette|Floette-Mega, L50, F\n|-mega|p2a: Floette|Floette|Floettite\n|-ability|p2a: Floette|Fairy Aura\n|move|p2a: Floette|Energy Ball|p1a: Primarina\n|-supereffective|p1a: Primarina|1\n|-damage|p1a: Primarina|0 fnt\n|faint|p1a: Primarina\n|\n|upkeep\n|\n|t:|1776649996\n|switch|p1a: Meowscarada|Meowscarada, L50, M|100/100\n|turn|6\n|\n|t:|1776650018\n|switch|p2a: Goodra|Goodra-Hisui, L50, F|45/100\n|move|p1a: Meowscarada|Triple Axel|p2a: Goodra\n|-start|p1a: Meowscarada|typechange|Ice|[from] ability: Protean\n|-damage|p2a: Goodra|35/100\n|-ability|p2a: Goodra|Gooey\n|-unboost|p1a: Meowscarada|spe|1\n|-hitcount|p2a: Goodra|1\n|\n|upkeep\n|turn|7\n|\n|t:|1776650031\n|move|p1a: Meowscarada|Triple Axel|p2a: Goodra\n|-damage|p2a: Goodra|26/100\n|-ability|p2a: Goodra|Gooey\n|-unboost|p1a: Meowscarada|spe|1\n|-damage|p2a: Goodra|7/100\n|-ability|p2a: Goodra|Gooey\n|-unboost|p1a: Meowscarada|spe|1\n|-damage|p2a: Goodra|0 fnt\n|-ability|p2a: Goodra|Gooey\n|-unboost|p1a: Meowscarada|spe|1\n|faint|p2a: Goodra\n|-hitcount|p2: Goodra|3\n|\n|upkeep\n|\n|t:|1776650046\n|switch|p2a: Samurott|Samurott-Hisui, L50, M, shiny|11/100\n|turn|8\n|\n|t:|1776650051\n|switch|p1a: Banette|Banette, L50, M|100/100\n|-item|p2a: Samurott|Choice Scarf|[from] ability: Frisk|[of] p1a: Banette\n|move|p2a: Samurott|Ceaseless Edge|p1a: Banette\n|-supereffective|p1a: Banette|1\n|-damage|p1a: Banette|0 fnt\n|-sidestart|p1: meteor1101|Spikes\n|faint|p1a: Banette\n|\n|upkeep\n|\n|t:|1776650055\n|switch|p1a: Meowscarada|Meowscarada, L50, M|100/100\n|-damage|p1a: Meowscarada|88/100|[from] Spikes\n|turn|9\n|\n|t:|1776650065\n|move|p1a: Meowscarada|Flower Trick|p2a: Samurott\n|-start|p1a: Meowscarada|typechange|Grass|[from] ability: Protean\n|-supereffective|p2a: Samurott|1\n|-crit|p2a: Samurott\n|-damage|p2a: Samurott|0 fnt\n|faint|p2a: Samurott\n|\n|upkeep\n|-message|jodio09 forfeited.\n|\n|win|meteor1101\n|raw|meteor1101's rating: 1271 &rarr; <strong>1296</strong><br />(+25 for winning)\n|raw|jodio09's rating: 1277 &rarr; <strong>1252</strong><br />(-25 for losing)\n|l|\u2606jodio09\n|player|p2|\n|l|\u2606meteor1101\n|player|p1|\n|j|\u2606meteor1101\n|player|p1|meteor1101|acetrainerf|\n|l|\u2606meteor1101\n|player|p1|\n",
  "uploadtime": 1776650126,
  "views": 3,
  "formatid": "gen9championsbssregma",
  "rating": 1252,
  "private": 0,
  "password": null
}