{
  "id": "gen9championsbssregma-2587988028",
  "format": "[Gen 9 Champions] BSS Reg M-A",
  "players": [
    "ninano200",
    "harap"
  ],
  "log": "|j|\u2606ninano200\n|j|\u2606harap\n|t:|1776589257\n|gametype|singles\n|player|p1|ninano200|266|1448\n|player|p2|harap|101|1408\n|gen|9\n|tier|[Gen 9 Champions] BSS Reg M-A\n|rated|\n|rule|Species Clause: Limit one of each Pok\u00e9mon\n|rule|Item Clause: Limit 1 of each item\n|clearpoke\n|poke|p1|Charizard, L50, F|\n|poke|p1|Hippowdon, L50, M|\n|poke|p1|Greninja, L50, F|\n|poke|p1|Mimikyu, L50, F|\n|poke|p1|Corviknight, L50, F|\n|poke|p1|Lopunny, L50, M|\n|poke|p2|Tyranitar, L50, M|\n|poke|p2|Skarmory, L50, M|\n|poke|p2|Meganium, L50, F|\n|poke|p2|Slowking-Galar, L50, F|\n|poke|p2|Azumarill, L50, M|\n|poke|p2|Forretress, L50, F|\n|teampreview|3\n|inactive|Battle timer is ON: inactive players will automatically lose when time's up. (requested by ninano200)\n|\n|t:|1776589290\n|teamsize|p1|3\n|teamsize|p2|3\n|start\n|switch|p1a: Greninja|Greninja, L50, F|100/100\n|switch|p2a: Slowking|Slowking-Galar, L50, F|100/100\n|turn|1\n|j| AMDGBananaBen\n|\n|t:|1776589299\n|switch|p2a: Tyranitar|Tyranitar, L50, M|100/100\n|-weather|Sandstorm|[from] ability: Sand Stream|[of] p2a: Tyranitar\n|move|p1a: Greninja|Taunt|p2a: Tyranitar\n|-start|p2a: Tyranitar|move: Taunt\n|\n|-weather|Sandstorm|[upkeep]\n|-damage|p1a: Greninja|94/100|[from] Sandstorm\n|upkeep\n|turn|2\n|\n|t:|1776589311\n|move|p1a: Greninja|Surf|p2a: Tyranitar\n|-supereffective|p2a: Tyranitar|1\n|-crit|p2a: Tyranitar\n|-damage|p2a: Tyranitar|19/100\n|move|p2a: Tyranitar|Rock Blast|p1a: Greninja|[miss]\n|-miss|p2a: Tyranitar|p1a: Greninja\n|\n|-weather|Sandstorm|[upkeep]\n|-damage|p1a: Greninja|88/100|[from] Sandstorm\n|upkeep\n|turn|3\n|\n|t:|1776589323\n|switch|p2a: Meganium|Meganium, L50, F|100/100\n|move|p1a: Greninja|Surf|p2a: Meganium\n|-resisted|p2a: Meganium|1\n|-damage|p2a: Meganium|80/100\n|\n|-weather|Sandstorm|[upkeep]\n|-damage|p1a: Greninja|82/100|[from] Sandstorm\n|-damage|p2a: Meganium|74/100|[from] Sandstorm\n|upkeep\n|turn|4\n|\n|t:|1776589333\n|detailschange|p2a: Meganium|Meganium-Mega, L50, F\n|-mega|p2a: Meganium|Meganium|Meganiumite\n|move|p1a: Greninja|Surf|p2a: Meganium\n|-resisted|p2a: Meganium|1\n|-damage|p2a: Meganium|55/100\n|move|p2a: Meganium|Solar Beam||[still]\n|-prepare|p2a: Meganium|Solar Beam\n|-activate|p2a: Meganium|ability: Mega Sol\n|-anim|p2a: Meganium|Solar Beam|p1a: Greninja\n|-supereffective|p1a: Greninja|1\n|-damage|p1a: Greninja|0 fnt\n|faint|p1a: Greninja\n|\n|-weather|Sandstorm|[upkeep]\n|-damage|p2a: Meganium|49/100|[from] Sandstorm\n|upkeep\n|\n|t:|1776589338\n|switch|p1a: Charizard|Charizard, L50, F|100/100\n|turn|5\n|\n|t:|1776589350\n|switch|p2a: Slowking|Slowking-Galar, L50, F|100/100\n|detailschange|p1a: Charizard|Charizard-Mega-X, L50, F\n|-mega|p1a: Charizard|Charizard|Charizardite X\n|move|p1a: Charizard|Dragon Dance|p1a: Charizard\n|-boost|p1a: Charizard|atk|1\n|-boost|p1a: Charizard|spe|1\n|\n|-weather|none\n|upkeep\n|turn|6\n|\n|t:|1776589359\n|move|p1a: Charizard|Flare Blitz|p2a: Slowking\n|-enditem|p2a: Slowking|Focus Sash\n|-damage|p2a: Slowking|1/100\n|-damage|p1a: Charizard|60/100|[from] Recoil\n|move|p2a: Slowking|Yawn|p1a: Charizard\n|-start|p1a: Charizard|move: Yawn|[of] p2a: Slowking\n|\n|upkeep\n|turn|7\n|\n|t:|1776589370\n|switch|p1a: Mimikyu|Mimikyu, L50, F|100/100\n|switch|p2a: Tyranitar|Tyranitar, L50, M|19/100\n|-weather|Sandstorm|[from] ability: Sand Stream|[of] p2a: Tyranitar\n|\n|-weather|Sandstorm|[upkeep]\n|-damage|p1a: Mimikyu|95/100|[from] Sandstorm\n|upkeep\n|turn|8\n|\n|t:|1776589380\n|move|p1a: Mimikyu|Play Rough|p2a: Tyranitar\n|-supereffective|p2a: Tyranitar|1\n|-damage|p2a: Tyranitar|0 fnt\n|faint|p2a: Tyranitar\n|\n|-weather|Sandstorm|[upkeep]\n|-damage|p1a: Mimikyu|89/100|[from] Sandstorm\n|upkeep\n|\n|t:|1776589388\n|switch|p2a: Meganium|Meganium-Mega, L50, F|49/100\n|turn|9\n|\n|t:|1776589393\n|move|p1a: Mimikyu|Swords Dance|p1a: Mimikyu\n|-boost|p1a: Mimikyu|atk|2\n|move|p2a: Meganium|Dazzling Gleam|p1a: Mimikyu\n|-activate|p1a: Mimikyu|ability: Disguise\n|-damage|p1a: Mimikyu|89/100\n|detailschange|p1a: Mimikyu|Mimikyu-Busted, L50, F\n|-damage|p1a: Mimikyu|77/100|[from] pokemon: Mimikyu-Busted\n|\n|-weather|Sandstorm|[upkeep]\n|-damage|p1a: Mimikyu|72/100|[from] Sandstorm\n|-damage|p2a: Meganium|43/100|[from] Sandstorm\n|upkeep\n|turn|10\n|-message|harap forfeited.\n|\n|win|ninano200\n|raw|ninano200's rating: 1448 &rarr; <strong>1466</strong><br />(+18 for winning)\n|raw|harap's rating: 1408 &rarr; <strong>1390</strong><br />(-18 for losing)\n|l|\u2606harap\n|player|p2|\n|l|\u2606ninano200\n|player|p1|\n",
  "uploadtime": 1776589407,
  "views": 5,
  "formatid": "gen9championsbssregma",
  "rating": 1390,
  "private": 0,
  "password": null
}