{
  "id": "gen9championsbssregma-2583929366",
  "format": "[Gen 9 Champions] BSS Reg M-A",
  "players": [
    "Take609",
    "Gshs5"
  ],
  "log": "|j|\u2606Take609\n|j|\u2606Gshs5\n|t:|1776209194\n|gametype|singles\n|player|p1|Take609|266|1269\n|player|p2|Gshs5|102|1244\n|gen|9\n|tier|[Gen 9 Champions] BSS Reg M-A\n|rated|\n|rule|Species Clause: Limit one of each Pok\u00e9mon\n|rule|Item Clause: Limit 1 of each item\n|clearpoke\n|poke|p1|Charizard, L50, M|\n|poke|p1|Vaporeon, L50, F|\n|poke|p1|Whimsicott, L50, F|\n|poke|p1|Garchomp, L50, M|\n|poke|p1|Samurott-Hisui, L50, M|\n|poke|p1|Gengar, L50, F|\n|poke|p2|Absol, L50, M|\n|poke|p2|Zoroark-Hisui, L50, M|\n|poke|p2|Gyarados, L50, M|\n|poke|p2|Garchomp, L50, F|\n|poke|p2|Empoleon, L50, F|\n|poke|p2|Gardevoir, L50, M|\n|teampreview|3\n|inactive|Battle timer is ON: inactive players will automatically lose when time's up. (requested by Take609)\n|inactive|Take609 has 60 seconds left.\n|inactive|Gshs5 has 60 seconds left.\n|\n|t:|1776209242\n|teamsize|p1|3\n|teamsize|p2|3\n|start\n|switch|p1a: Garchomp|Garchomp, L50, M, shiny|100/100\n|switch|p2a: \ud0b9\uac13\ud669\uc194|Absol, L50, M|100/100\n|-ability|p2a: \ud0b9\uac13\ud669\uc194|Pressure\n|turn|1\n|\n|t:|1776209266\n|switch|p2a: Gyarados|Gyarados, L50, M|100/100\n|-ability|p2a: Gyarados|Intimidate|boost\n|-unboost|p1a: Garchomp|atk|1\n|move|p1a: Garchomp|Stealth Rock|p2a: Gyarados\n|-sidestart|p2: Gshs5|move: Stealth Rock\n|\n|upkeep\n|turn|2\n|\n|t:|1776209273\n|move|p1a: Garchomp|Dragon Tail|p2a: Gyarados\n|-damage|p2a: Gyarados|85/100\n|drag|p2a: \ud0b9\uac13\ud669\uc194|Absol, L50, M|100/100\n|-damage|p2a: \ud0b9\uac13\ud669\uc194|89/100|[from] Stealth Rock\n|-ability|p2a: \ud0b9\uac13\ud669\uc194|Pressure\n|\n|upkeep\n|turn|3\n|\n|t:|1776209281\n|switch|p1a: Samurott|Samurott-Hisui, L50, M, shiny|100/100\n|detailschange|p2a: \ud0b9\uac13\ud669\uc194|Absol-Mega, L50, M\n|-mega|p2a: \ud0b9\uac13\ud669\uc194|Absol|Absolite\n|move|p2a: \ud0b9\uac13\ud669\uc194|Will-O-Wisp|p1a: Samurott\n|-status|p1a: Samurott|brn\n|\n|-damage|p1a: Samurott|95/100 brn|[from] brn\n|upkeep\n|turn|4\n|\n|t:|1776209294\n|switch|p2a: Gyarados|Gyarados, L50, M|85/100\n|-damage|p2a: Gyarados|60/100|[from] Stealth Rock\n|-ability|p2a: Gyarados|Intimidate|boost\n|-unboost|p1a: Samurott|atk|1\n|move|p1a: Samurott|Ceaseless Edge|p2a: Gyarados\n|-damage|p2a: Gyarados|48/100\n|-sidestart|p2: Gshs5|Spikes\n|-enditem|p2a: Gyarados|Sitrus Berry|[eat]\n|-heal|p2a: Gyarados|73/100|[from] item: Sitrus Berry\n|\n|-damage|p1a: Samurott|89/100 brn|[from] brn\n|upkeep\n|turn|5\n|\n|t:|1776209308\n|move|p1a: Samurott|Ceaseless Edge|p2a: Gyarados\n|-damage|p2a: Gyarados|60/100\n|-sidestart|p2: Gshs5|Spikes\n|move|p2a: Gyarados|Dragon Tail|p1a: Samurott\n|-damage|p1a: Samurott|66/100 brn\n|drag|p1a: Gengar|Gengar, L50, F|100/100\n|\n|upkeep\n|turn|6\n|\n|t:|1776209322\n|detailschange|p1a: Gengar|Gengar-Mega, L50, F\n|-mega|p1a: Gengar|Gengar|Gengarite\n|move|p1a: Gengar|Will-O-Wisp|p2a: Gyarados\n|-status|p2a: Gyarados|brn\n|move|p2a: Gyarados|Thunder Wave|p1a: Gengar\n|-status|p1a: Gengar|par\n|\n|-damage|p2a: Gyarados|54/100 brn|[from] brn\n|upkeep\n|turn|7\n|\n|t:|1776209341\n|cant|p1a: Gengar|par\n|move|p2a: Gyarados|Dragon Tail|p1a: Gengar\n|-crit|p1a: Gengar\n|-damage|p1a: Gengar|82/100 par\n|drag|p1a: Garchomp|Garchomp, L50, M, shiny|100/100\n|\n|-damage|p2a: Gyarados|49/100 brn|[from] brn\n|upkeep\n|turn|8\n|\n|t:|1776209352\n|switch|p1a: Samurott|Samurott-Hisui, L50, M, shiny|66/100 brn\n|move|p2a: Gyarados|Waterfall|p1a: Samurott\n|-resisted|p1a: Samurott|1\n|-damage|p1a: Samurott|54/100 brn\n|\n|-damage|p1a: Samurott|48/100 brn|[from] brn\n|-damage|p2a: Gyarados|43/100 brn|[from] brn\n|upkeep\n|turn|9\n|\n|t:|1776209362\n|move|p1a: Samurott|Ceaseless Edge|p2a: Gyarados\n|-damage|p2a: Gyarados|26/100 brn\n|-sidestart|p2: Gshs5|Spikes\n|move|p2a: Gyarados|Dragon Tail|p1a: Samurott\n|-damage|p1a: Samurott|37/100 brn\n|drag|p1a: Gengar|Gengar-Mega, L50, F|82/100 par\n|\n|-damage|p2a: Gyarados|20/100 brn|[from] brn\n|upkeep\n|turn|10\n|\n|t:|1776209373\n|move|p2a: Gyarados|Waterfall|p1a: Gengar\n|-damage|p1a: Gengar|58/100 par\n|move|p1a: Gengar|Substitute|p1a: Gengar\n|-start|p1a: Gengar|Substitute\n|-damage|p1a: Gengar|33/100 par\n|\n|-damage|p2a: Gyarados|14/100 brn|[from] brn\n|upkeep\n|turn|11\n|j| p74\n|\n|t:|1776209382\n|move|p2a: Gyarados|Waterfall|p1a: Gengar\n|-end|p1a: Gengar|Substitute\n|cant|p1a: Gengar|par\n|\n|-damage|p2a: Gyarados|8/100 brn|[from] brn\n|upkeep\n|turn|12\n|\n|t:|1776209390\n|switch|p1a: Samurott|Samurott-Hisui, L50, M, shiny|37/100 brn\n|move|p2a: Gyarados|Waterfall|p1a: Samurott\n|-resisted|p1a: Samurott|1\n|-damage|p1a: Samurott|25/100 brn\n|\n|-damage|p1a: Samurott|19/100 brn|[from] brn\n|-damage|p2a: Gyarados|3/100 brn|[from] brn\n|upkeep\n|turn|13\n|\n|t:|1776209400\n|move|p1a: Samurott|Flip Turn|p2a: Gyarados\n|-resisted|p2a: Gyarados|1\n|-damage|p2a: Gyarados|0 fnt\n|faint|p2a: Gyarados\n|\n|t:|1776209406\n|switch|p1a: Garchomp|Garchomp, L50, M, shiny|100/100|[from] Flip Turn\n|\n|upkeep\n|\n|t:|1776209424\n|switch|p2a: \ud0b9\uac13\ud669\uc194|Absol-Mega, L50, M|100/100\n|-damage|p2a: \ud0b9\uac13\ud669\uc194|88/100|[from] Stealth Rock\n|-damage|p2a: \ud0b9\uac13\ud669\uc194|64/100|[from] Spikes\n|turn|14\n|\n|t:|1776209430\n|move|p2a: \ud0b9\uac13\ud669\uc194|Icy Wind|p1a: Garchomp\n|-supereffective|p1a: Garchomp|2\n|-damage|p1a: Garchomp|15/100\n|-unboost|p1a: Garchomp|spe|1\n|move|p1a: Garchomp|Dragon Tail|p2a: \ud0b9\uac13\ud669\uc194\n|-damage|p2a: \ud0b9\uac13\ud669\uc194|4/100\n|replace|p2a: Zoroak|Zoroark-Hisui, L50, M\n|-end|p2a: Zoroak|Illusion\n|drag|p2a: \ud0b9\uac13\ud669\uc194|Absol-Mega, L50, M|89/100\n|-damage|p2a: \ud0b9\uac13\ud669\uc194|77/100|[from] Stealth Rock\n|-damage|p2a: \ud0b9\uac13\ud669\uc194|52/100|[from] Spikes\n|\n|upkeep\n|turn|15\n|\n|t:|1776209449\n|switch|p1a: Gengar|Gengar-Mega, L50, F|33/100 par\n|move|p2a: \ud0b9\uac13\ud669\uc194|Knock Off|p1a: Gengar\n|-supereffective|p1a: Gengar|1\n|-damage|p1a: Gengar|0 fnt\n|faint|p1a: Gengar\n|\n|upkeep\n|\n|t:|1776209456\n|switch|p1a: Samurott|Samurott-Hisui, L50, M, shiny|19/100 brn\n|turn|16\n|\n|t:|1776209460\n|move|p1a: Samurott|Sacred Sword|p2a: \ud0b9\uac13\ud669\uc194\n|-supereffective|p2a: \ud0b9\uac13\ud669\uc194|1\n|-damage|p2a: \ud0b9\uac13\ud669\uc194|0 fnt\n|faint|p2a: \ud0b9\uac13\ud669\uc194\n|\n|-damage|p1a: Samurott|13/100 brn|[from] brn\n|upkeep\n|\n|t:|1776209464\n|switch|p2a: Zoroak|Zoroark-Hisui, L50, M|4/100\n|-damage|p2a: Zoroak|0 fnt|[from] Stealth Rock\n|faint|p2a: Zoroak\n|\n|win|Take609\n|raw|Take609's rating: 1269 &rarr; <strong>1292</strong><br />(+23 for winning)\n|raw|Gshs5's rating: 1244 &rarr; <strong>1221</strong><br />(-23 for losing)\n|l|\u2606Gshs5\n|player|p2|\n|l|\u2606Take609\n|player|p1|\n",
  "uploadtime": 1776209465,
  "views": 1,
  "formatid": "gen9championsbssregma",
  "rating": 1221,
  "private": 0,
  "password": null
}