{
  "id": "gen9championsbssregma-2588005869",
  "format": "[Gen 9 Champions] BSS Reg M-A",
  "players": [
    "qazplm1001",
    "noah2772"
  ],
  "log": "|j|\u2606qazplm1001\n|j|\u2606noah2772\n|t:|1776591858\n|gametype|singles\n|player|p1|qazplm1001|red|1116\n|player|p2|noah2772|101|1203\n|gen|9\n|tier|[Gen 9 Champions] BSS Reg M-A\n|rated|\n|rule|Species Clause: Limit one of each Pok\u00e9mon\n|rule|Item Clause: Limit 1 of each item\n|clearpoke\n|poke|p1|Sneasler, L50, M, shiny|\n|poke|p1|Polteageist, L50, shiny|\n|poke|p1|Archaludon, L50, M, shiny|\n|poke|p1|Armarouge, L50, M, shiny|\n|poke|p1|Gyarados, L50, F|\n|poke|p1|Meowscarada, L50, M, shiny|\n|poke|p2|Hippowdon, L50, M, shiny|\n|poke|p2|Charizard, L50, F, shiny|\n|poke|p2|Serperior, L50, F, shiny|\n|poke|p2|Tyranitar, L50, M, shiny|\n|poke|p2|Corviknight, L50, M, shiny|\n|poke|p2|Mimikyu, L50, F, shiny|\n|teampreview|3\n|inactive|Battle timer is ON: inactive players will automatically lose when time's up. (requested by qazplm1001)\n|inactive|qazplm1001 has 60 seconds left.\n|inactive|noah2772 has 60 seconds left.\n|\n|t:|1776591902\n|teamsize|p1|3\n|teamsize|p2|3\n|start\n|switch|p1a: Armarouge|Armarouge, L50, M, shiny|100/100\n|switch|p2a: Charizard|Charizard, L50, F, shiny|100/100\n|turn|1\n|\n|t:|1776591920\n|detailschange|p2a: Charizard|Charizard-Mega-Y, L50, F, shiny\n|-mega|p2a: Charizard|Charizard|Charizardite Y\n|-weather|SunnyDay|[from] ability: Drought|[of] p2a: Charizard\n|move|p2a: Charizard|Heat Wave|p1a: Armarouge\n|-resisted|p1a: Armarouge|1\n|-damage|p1a: Armarouge|45/100\n|move|p1a: Armarouge|Psychic Terrain|p1a: Armarouge\n|-fieldstart|move: Psychic Terrain\n|\n|-weather|SunnyDay|[upkeep]\n|upkeep\n|turn|2\n|\n|t:|1776591930\n|move|p2a: Charizard|Heat Wave|p1a: Armarouge|[miss]\n|-miss|p2a: Charizard|p1a: Armarouge\n|move|p1a: Armarouge|Expanding Force|p2a: Charizard\n|-damage|p2a: Charizard|10/100\n|\n|-weather|SunnyDay|[upkeep]\n|upkeep\n|turn|3\n|\n|t:|1776591937\n|move|p2a: Charizard|Heat Wave|p1a: Armarouge\n|-resisted|p1a: Armarouge|1\n|-damage|p1a: Armarouge|0 fnt\n|faint|p1a: Armarouge\n|\n|-weather|SunnyDay|[upkeep]\n|upkeep\n|\n|t:|1776591940\n|switch|p1a: Gyarados|Gyarados, L50, F|100/100\n|-ability|p1a: Gyarados|Intimidate|boost\n|-unboost|p2a: Charizard|atk|1\n|turn|4\n|\n|t:|1776591951\n|move|p2a: Charizard|Solar Beam||[still]\n|-prepare|p2a: Charizard|Solar Beam\n|-anim|p2a: Charizard|Solar Beam|p1a: Gyarados\n|-damage|p1a: Gyarados|57/100\n|move|p1a: Gyarados|Dragon Dance|p1a: Gyarados\n|-boost|p1a: Gyarados|atk|1\n|-boost|p1a: Gyarados|spe|1\n|\n|-weather|SunnyDay|[upkeep]\n|upkeep\n|turn|5\n|\n|t:|1776591975\n|switch|p2a: Hippowdon|Hippowdon, L50, M, shiny|100/100\n|-weather|Sandstorm|[from] ability: Sand Stream|[of] p2a: Hippowdon\n|move|p1a: Gyarados|Crunch|p2a: Hippowdon\n|-damage|p2a: Hippowdon|79/100\n|\n|-weather|Sandstorm|[upkeep]\n|-damage|p1a: Gyarados|51/100|[from] Sandstorm\n|-fieldend|move: Psychic Terrain\n|upkeep\n|turn|6\n|\n|t:|1776591986\n|detailschange|p1a: Gyarados|Gyarados-Mega, L50, F\n|-mega|p1a: Gyarados|Gyarados|Gyaradosite\n|-ability|p1a: Gyarados|Mold Breaker\n|move|p1a: Gyarados|Waterfall|p2a: Hippowdon\n|-supereffective|p2a: Hippowdon|1\n|-damage|p2a: Hippowdon|0 fnt\n|faint|p2a: Hippowdon\n|\n|-weather|Sandstorm|[upkeep]\n|-damage|p1a: Gyarados|45/100|[from] Sandstorm\n|upkeep\n|\n|t:|1776591997\n|switch|p2a: Corviknight|Corviknight, L50, M, shiny|100/100\n|turn|7\n|\n|t:|1776592001\n|move|p1a: Gyarados|Waterfall|p2a: Corviknight\n|-damage|p2a: Corviknight|52/100\n|move|p2a: Corviknight|Bulk Up|p2a: Corviknight\n|-boost|p2a: Corviknight|atk|1\n|-boost|p2a: Corviknight|def|1\n|\n|-weather|Sandstorm|[upkeep]\n|-damage|p1a: Gyarados|39/100|[from] Sandstorm\n|-heal|p2a: Corviknight|58/100|[from] item: Leftovers\n|upkeep\n|turn|8\n|\n|t:|1776592014\n|move|p1a: Gyarados|Waterfall|p2a: Corviknight\n|-damage|p2a: Corviknight|27/100\n|move|p2a: Corviknight|Roost|p2a: Corviknight\n|-heal|p2a: Corviknight|77/100\n|-singleturn|p2a: Corviknight|move: Roost\n|\n|-weather|Sandstorm|[upkeep]\n|-damage|p1a: Gyarados|33/100|[from] Sandstorm\n|-heal|p2a: Corviknight|83/100|[from] item: Leftovers\n|upkeep\n|turn|9\n|\n|t:|1776592025\n|move|p1a: Gyarados|Dragon Dance|p1a: Gyarados\n|-boost|p1a: Gyarados|atk|1\n|-boost|p1a: Gyarados|spe|1\n|move|p2a: Corviknight|Brave Bird|p1a: Gyarados\n|-damage|p1a: Gyarados|0 fnt\n|faint|p1a: Gyarados\n|-damage|p2a: Corviknight|72/100|[from] Recoil\n|\n|-weather|none\n|-heal|p2a: Corviknight|78/100|[from] item: Leftovers\n|upkeep\n|\n|t:|1776592028\n|switch|p1a: Sneasler|Sneasler, L50, M, shiny|100/100\n|turn|10\n|\n|t:|1776592040\n|move|p1a: Sneasler|Swords Dance|p1a: Sneasler\n|-boost|p1a: Sneasler|atk|2\n|move|p2a: Corviknight|Brave Bird|p1a: Sneasler\n|-supereffective|p1a: Sneasler|1\n|-damage|p1a: Sneasler|0 fnt\n|faint|p1a: Sneasler\n|-damage|p2a: Corviknight|47/100|[from] Recoil\n|\n|win|noah2772\n|raw|qazplm1001's rating: 1116 &rarr; <strong>1097</strong><br />(-19 for losing)\n|raw|noah2772's rating: 1203 &rarr; <strong>1222</strong><br />(+19 for winning)\n|l|\u2606qazplm1001\n|player|p1|\n|l|\u2606noah2772\n|player|p2|\n",
  "uploadtime": 1776592054,
  "views": 6,
  "formatid": "gen9championsbssregma",
  "rating": 1097,
  "private": 0,
  "password": null
}