{
  "id": "gen9championsbssregma-2582087078",
  "format": "[Gen 9 Champions] BSS Reg M-A",
  "players": [
    "ryusui",
    "coffeineadd1ct"
  ],
  "log": "|j|\u2606ryusui\n|j|\u2606coffeineadd1ct\n|t:|1776056217\n|gametype|singles\n|player|p1|ryusui|170|1143\n|player|p2|coffeineadd1ct|265|1152\n|gen|9\n|tier|[Gen 9 Champions] BSS Reg M-A\n|rated|\n|rule|Species Clause: Limit one of each Pok\u00e9mon\n|rule|Item Clause: Limit 1 of each item\n|clearpoke\n|poke|p1|Clefable, L50, M|\n|poke|p1|Corviknight, L50, F|\n|poke|p1|Espathra, L50, F|\n|poke|p1|Glimmora, L50, M|\n|poke|p1|Mimikyu, L50, F|\n|poke|p1|Dragonite, L50, M|\n|poke|p2|Kangaskhan, L50, F|\n|poke|p2|Garchomp, L50, M|\n|poke|p2|Rotom-Wash, L50|\n|poke|p2|Aegislash, L50, M|\n|poke|p2|Greninja-*, L50, M|\n|poke|p2|Mimikyu, L50, F|\n|teampreview|3\n|inactive|Battle timer is ON: inactive players will automatically lose when time's up. (requested by coffeineadd1ct)\n|inactive|ryusui has 60 seconds left.\n|\n|t:|1776056251\n|teamsize|p1|3\n|teamsize|p2|3\n|start\n|switch|p1a: Mimikyu|Mimikyu, L50, F|100/100\n|switch|p2a: Greninja|Greninja, L50, M, shiny|100/100\n|turn|1\n|\n|t:|1776056260\n|move|p1a: Mimikyu|Trick|p2a: Greninja\n|-activate|p1a: Mimikyu|move: Trick|[of] p2a: Greninja\n|-item|p2a: Greninja|Choice Scarf|[from] move: Trick\n|-item|p1a: Mimikyu|Focus Sash|[from] move: Trick\n|move|p2a: Greninja|Dark Pulse|p1a: Mimikyu\n|-activate|p1a: Mimikyu|ability: Disguise\n|-damage|p1a: Mimikyu|100/100\n|detailschange|p1a: Mimikyu|Mimikyu-Busted, L50, F\n|-damage|p1a: Mimikyu|88/100|[from] pokemon: Mimikyu-Busted\n|\n|upkeep\n|turn|2\n|j| p74\n|\n|t:|1776056271\n|move|p2a: Greninja|Dark Pulse|p1a: Mimikyu\n|-damage|p1a: Mimikyu|38/100\n|move|p1a: Mimikyu|Play Rough|p2a: Greninja\n|-supereffective|p2a: Greninja|1\n|-damage|p2a: Greninja|0 fnt\n|faint|p2a: Greninja\n|\n|upkeep\n|\n|t:|1776056290\n|switch|p2a: Mimikyu|Mimikyu, L50, F, shiny|100/100\n|turn|3\n|\n|t:|1776056297\n|move|p2a: Mimikyu|Shadow Sneak|p1a: Mimikyu\n|-supereffective|p1a: Mimikyu|1\n|-damage|p1a: Mimikyu|0 fnt\n|faint|p1a: Mimikyu\n|\n|upkeep\n|\n|t:|1776056302\n|switch|p1a: Espathra|Espathra, L50, F|100/100\n|turn|4\n|\n|t:|1776056306\n|move|p1a: Espathra|Reflect|p1a: Espathra\n|-sidestart|p1: ryusui|Reflect\n|move|p2a: Mimikyu|Swords Dance|p2a: Mimikyu\n|-boost|p2a: Mimikyu|atk|2\n|\n|-ability|p1a: Espathra|Speed Boost|boost\n|-boost|p1a: Espathra|spe|1\n|upkeep\n|turn|5\n|\n|t:|1776056314\n|move|p1a: Espathra|Lumina Crash|p2a: Mimikyu\n|-activate|p2a: Mimikyu|ability: Disguise\n|-damage|p2a: Mimikyu|100/100\n|-unboost|p2a: Mimikyu|spd|2\n|detailschange|p2a: Mimikyu|Mimikyu-Busted, L50, F, shiny\n|-damage|p2a: Mimikyu|89/100|[from] pokemon: Mimikyu-Busted\n|move|p2a: Mimikyu|Swords Dance|p2a: Mimikyu\n|-boost|p2a: Mimikyu|atk|2\n|\n|-ability|p1a: Espathra|Speed Boost|boost\n|-boost|p1a: Espathra|spe|1\n|upkeep\n|turn|6\n|\n|t:|1776056329\n|move|p1a: Espathra|Lumina Crash|p2a: Mimikyu\n|-damage|p2a: Mimikyu|23/100\n|-unboost|p2a: Mimikyu|spd|2\n|move|p2a: Mimikyu|Play Rough|p1a: Espathra\n|-damage|p1a: Espathra|24/100\n|-enditem|p1a: Espathra|Sitrus Berry|[eat]\n|-heal|p1a: Espathra|49/100|[from] item: Sitrus Berry\n|\n|-ability|p1a: Espathra|Speed Boost|boost\n|-boost|p1a: Espathra|spe|1\n|upkeep\n|turn|7\n|\n|t:|1776056344\n|move|p2a: Mimikyu|Shadow Sneak|p1a: Espathra\n|-supereffective|p1a: Espathra|1\n|-damage|p1a: Espathra|0 fnt\n|faint|p1a: Espathra\n|\n|upkeep\n|\n|t:|1776056348\n|switch|p1a: Dragonite|Dragonite, L50, M|100/100\n|turn|8\n|\n|t:|1776056354\n|detailschange|p1a: Dragonite|Dragonite-Mega, L50, M\n|-mega|p1a: Dragonite|Dragonite|Dragoninite\n|move|p1a: Dragonite|Flamethrower|p2a: Mimikyu\n|-damage|p2a: Mimikyu|0 fnt\n|faint|p2a: Mimikyu\n|\n|-sideend|p1: ryusui|Reflect\n|upkeep\n|\n|t:|1776056359\n|switch|p2a: Kangaskhan|Kangaskhan, L50, F|100/100\n|turn|9\n|\n|t:|1776056364\n|detailschange|p2a: Kangaskhan|Kangaskhan-Mega, L50, F\n|-mega|p2a: Kangaskhan|Kangaskhan|Kangaskhanite\n|move|p2a: Kangaskhan|Ice Punch|p1a: Dragonite\n|-supereffective|p1a: Dragonite|2\n|-damage|p1a: Dragonite|43/100\n|-supereffective|p1a: Dragonite|2\n|-damage|p1a: Dragonite|17/100\n|-hitcount|p1a: Dragonite|2\n|move|p1a: Dragonite|Dragon Pulse|p2a: Kangaskhan\n|-damage|p2a: Kangaskhan|47/100\n|\n|upkeep\n|turn|10\n|-message|ryusui forfeited.\n|\n|win|coffeineadd1ct\n|raw|ryusui's rating: 1143 &rarr; <strong>1119</strong><br />(-24 for losing)\n|raw|coffeineadd1ct's rating: 1152 &rarr; <strong>1176</strong><br />(+24 for winning)\n|l|\u2606ryusui\n|player|p1|\n|l|\u2606coffeineadd1ct\n|player|p2|\n",
  "uploadtime": 1776056422,
  "views": 3,
  "formatid": "gen9championsbssregma",
  "rating": 1119,
  "private": 0,
  "password": null
}