{
  "id": "gen9championsbssregma-2585780426",
  "format": "[Gen 9 Champions] BSS Reg M-A",
  "players": [
    "harald283",
    "Lp7604"
  ],
  "log": "|j|\u2606harald283\n|j|\u2606Lp7604\n|t:|1776370121\n|gametype|singles\n|player|p1|harald283|drayden|1172\n|player|p2|Lp7604|169|1278\n|gen|9\n|tier|[Gen 9 Champions] BSS Reg M-A\n|rated|\n|rule|Species Clause: Limit one of each Pok\u00e9mon\n|rule|Item Clause: Limit 1 of each item\n|clearpoke\n|poke|p1|Hippowdon, L50, M|\n|poke|p1|Garchomp, L50, M|\n|poke|p1|Charizard, L50, M|\n|poke|p1|Aegislash, L50, M|\n|poke|p1|Glimmora, L50, M|\n|poke|p1|Corviknight, L50, M|\n|poke|p2|Blastoise, L50, M|\n|poke|p2|Sneasler, L50, F|\n|poke|p2|Conkeldurr, L50, M|\n|poke|p2|Greninja-*, L50, F|\n|poke|p2|Scizor, L50, M|\n|poke|p2|Espeon, L50, F|\n|teampreview|3\n|\n|t:|1776370142\n|teamsize|p1|3\n|teamsize|p2|3\n|start\n|switch|p1a: Glimmora|Glimmora, L50, M, shiny|100/100\n|switch|p2a: Conkeldurr|Conkeldurr, L50, M, shiny|100/100\n|turn|1\n|\n|t:|1776370161\n|switch|p2a: Espeon|Espeon, L50, F, shiny|100/100\n|move|p1a: Glimmora|Stealth Rock|p2a: Espeon\n|move|p2a: Espeon|Stealth Rock|p1a: Glimmora|[from] ability: Magic Bounce\n|-sidestart|p1: harald283|move: Stealth Rock\n|\n|upkeep\n|turn|2\n|\n|t:|1776370171\n|move|p2a: Espeon|Psychic|p1a: Glimmora\n|-supereffective|p1a: Glimmora|1\n|-enditem|p1a: Glimmora|Focus Sash\n|-damage|p1a: Glimmora|1/100\n|move|p1a: Glimmora|Mortal Spin|p2a: Espeon\n|-damage|p2a: Espeon|81/100\n|-status|p2a: Espeon|psn\n|-sideend|p1: harald283|Stealth Rock|[from] move: Mortal Spin|[of] p1a: Glimmora\n|\n|-damage|p2a: Espeon|70/100 psn|[from] psn\n|upkeep\n|turn|3\n|\n|t:|1776370184\n|move|p1a: Glimmora|Spiky Shield|p1a: Glimmora\n|-singleturn|p1a: Glimmora|move: Protect\n|move|p2a: Espeon|Psychic|p1a: Glimmora\n|-activate|p1a: Glimmora|move: Protect\n|\n|-damage|p2a: Espeon|58/100 psn|[from] psn\n|upkeep\n|turn|4\n|\n|t:|1776370193\n|switch|p1a: Aegislash|Aegislash, L50, M, shiny|100/100\n|move|p2a: Espeon|Psychic|p1a: Aegislash\n|-resisted|p1a: Aegislash|1\n|-damage|p1a: Aegislash|87/100\n|\n|-heal|p1a: Aegislash|93/100|[from] item: Leftovers\n|-damage|p2a: Espeon|46/100 psn|[from] psn\n|upkeep\n|turn|5\n|\n|t:|1776370209\n|move|p2a: Espeon|Protect|p2a: Espeon\n|-singleturn|p2a: Espeon|Protect\n|-formechange|p1a: Aegislash|Aegislash-Blade|\n|move|p1a: Aegislash|Shadow Sneak|p2a: Espeon\n|-activate|p2a: Espeon|move: Protect\n|\n|-heal|p1a: Aegislash|99/100|[from] item: Leftovers\n|-damage|p2a: Espeon|34/100 psn|[from] psn\n|upkeep\n|turn|6\n|\n|t:|1776370221\n|move|p1a: Aegislash|Shadow Sneak|p2a: Espeon\n|-supereffective|p2a: Espeon|1\n|-damage|p2a: Espeon|0 fnt\n|faint|p2a: Espeon\n|\n|-heal|p1a: Aegislash|100/100|[from] item: Leftovers\n|upkeep\n|\n|t:|1776370229\n|switch|p2a: Blastoise|Blastoise, L50, M, shiny|100/100\n|turn|7\n|\n|t:|1776370248\n|move|p2a: Blastoise|Shell Smash|p2a: Blastoise\n|-unboost|p2a: Blastoise|def|1\n|-unboost|p2a: Blastoise|spd|1\n|-boost|p2a: Blastoise|atk|2\n|-boost|p2a: Blastoise|spa|2\n|-boost|p2a: Blastoise|spe|2\n|-enditem|p2a: Blastoise|White Herb\n|-clearnegativeboost|p2a: Blastoise|[silent]\n|move|p1a: Aegislash|Poltergeist||[still]\n|-fail|p1a: Aegislash\n|\n|upkeep\n|turn|8\n|\n|t:|1776370266\n|-formechange|p1a: Aegislash|Aegislash|\n|move|p1a: Aegislash|King's Shield|p1a: Aegislash\n|-singleturn|p1a: Aegislash|Protect\n|move|p2a: Blastoise|Dark Pulse|p1a: Aegislash\n|-activate|p1a: Aegislash|move: Protect\n|\n|upkeep\n|turn|9\n|\n|t:|1776370284\n|switch|p1a: Glimmora|Glimmora, L50, M, shiny|1/100\n|move|p2a: Blastoise|Dark Pulse|p1a: Glimmora\n|-damage|p1a: Glimmora|0 fnt\n|faint|p1a: Glimmora\n|\n|upkeep\n|\n|t:|1776370292\n|switch|p1a: Charizard|Charizard, L50, M, shiny|100/100\n|turn|10\n|\n|t:|1776370300\n|detailschange|p1a: Charizard|Charizard-Mega-Y, L50, M, shiny\n|-mega|p1a: Charizard|Charizard|Charizardite Y\n|-weather|SunnyDay|[from] ability: Drought|[of] p1a: Charizard\n|move|p2a: Blastoise|Surf|p1a: Charizard\n|-supereffective|p1a: Charizard|1\n|-damage|p1a: Charizard|26/100\n|move|p1a: Charizard|Solar Beam||[still]\n|-prepare|p1a: Charizard|Solar Beam\n|-anim|p1a: Charizard|Solar Beam|p2a: Blastoise\n|-supereffective|p2a: Blastoise|1\n|-damage|p2a: Blastoise|0 fnt\n|faint|p2a: Blastoise\n|\n|-weather|SunnyDay|[upkeep]\n|upkeep\n|\n|t:|1776370314\n|switch|p2a: Conkeldurr|Conkeldurr, L50, M, shiny|100/100\n|turn|11\n|\n|t:|1776370330\n|move|p2a: Conkeldurr|Mach Punch|p1a: Charizard\n|-resisted|p1a: Charizard|1\n|-damage|p1a: Charizard|2/100\n|move|p1a: Charizard|Hurricane|p2a: Conkeldurr\n|-supereffective|p2a: Conkeldurr|1\n|-damage|p2a: Conkeldurr|0 fnt\n|faint|p2a: Conkeldurr\n|\n|win|harald283\n|raw|harald283's rating: 1172 &rarr; <strong>1204</strong><br />(+32 for winning)\n|raw|Lp7604's rating: 1278 &rarr; <strong>1246</strong><br />(-32 for losing)\n|l|\u2606Lp7604\n|player|p2|\n",
  "uploadtime": 1776370340,
  "views": 8,
  "formatid": "gen9championsbssregma",
  "rating": 1204,
  "private": 0,
  "password": null
}