{
  "id": "gen9championsbssregma-2584131065",
  "format": "[Gen 9 Champions] BSS Reg M-A",
  "players": [
    "Mistah Boombastic",
    "gorilnx"
  ],
  "log": "|j|\u2606Mistah Boombastic\n|j|\u2606gorilnx\n|t:|1776228607\n|gametype|singles\n|player|p1|Mistah Boombastic|lusamine-nihilego|1048\n|player|p2|gorilnx|dawn-gen4pt|1000\n|gen|9\n|tier|[Gen 9 Champions] BSS Reg M-A\n|rated|\n|rule|Species Clause: Limit one of each Pok\u00e9mon\n|rule|Item Clause: Limit 1 of each item\n|clearpoke\n|poke|p1|Feraligatr, L50, M|\n|poke|p1|Primarina, L50, M|\n|poke|p1|Glimmora, L50, M|\n|poke|p1|Aegislash, L50, F|\n|poke|p1|Espathra, L50, F|\n|poke|p1|Excadrill, L50, M|\n|poke|p2|Aegislash, L50, M|\n|poke|p2|Garchomp, L50, F|\n|poke|p2|Delphox, L50, M|\n|poke|p2|Lopunny, L50, F|\n|poke|p2|Primarina, L50, F|\n|poke|p2|Rotom-Wash, L50|\n|teampreview|3\n|inactive|Battle timer is ON: inactive players will automatically lose when time's up. (requested by Mistah Boombastic)\n|inactive|gorilnx has 60 seconds left.\n|\n|t:|1776228662\n|teamsize|p1|3\n|teamsize|p2|3\n|start\n|switch|p1a: Glimmora|Glimmora, L50, M|100/100\n|switch|p2a: Lopunny|Lopunny, L50, F|100/100\n|turn|1\n|\n|t:|1776228668\n|switch|p1a: Excadrill|Excadrill, L50, M|100/100\n|-ability|p1a: Excadrill|Mold Breaker\n|detailschange|p2a: Lopunny|Lopunny-Mega, L50, F\n|-mega|p2a: Lopunny|Lopunny|Lopunnite\n|move|p2a: Lopunny|Fake Out|p1a: Excadrill\n|-resisted|p1a: Excadrill|1\n|-damage|p1a: Excadrill|84/100\n|\n|upkeep\n|turn|2\n|\n|t:|1776228680\n|switch|p1a: Glimmora|Glimmora, L50, M|100/100\n|move|p2a: Lopunny|Close Combat|p1a: Glimmora\n|-damage|p1a: Glimmora|16/100\n|-unboost|p2a: Lopunny|def|1\n|-unboost|p2a: Lopunny|spd|1\n|-activate|p1a: Glimmora|ability: Toxic Debris\n|-sidestart|p2: gorilnx|move: Toxic Spikes\n|\n|upkeep\n|turn|3\n|\n|t:|1776228688\n|move|p2a: Lopunny|Facade|p1a: Glimmora\n|-resisted|p1a: Glimmora|1\n|-damage|p1a: Glimmora|0 fnt\n|-activate|p1a: Glimmora|ability: Toxic Debris\n|-sidestart|p2: gorilnx|move: Toxic Spikes\n|faint|p1a: Glimmora\n|\n|upkeep\n|\n|t:|1776228706\n|switch|p1a: Feraligatr|Feraligatr, L50, M, shiny|100/100\n|turn|4\n|\n|t:|1776228719\n|switch|p2a: Rotom|Rotom-Wash, L50|100/100\n|move|p1a: Feraligatr|Dragon Dance|p1a: Feraligatr\n|-boost|p1a: Feraligatr|atk|1\n|-boost|p1a: Feraligatr|spe|1\n|\n|upkeep\n|turn|5\n|\n|t:|1776228741\n|detailschange|p1a: Feraligatr|Feraligatr-Mega, L50, M, shiny\n|-mega|p1a: Feraligatr|Feraligatr|Feraligite\n|move|p2a: Rotom|Will-O-Wisp|p1a: Feraligatr\n|-status|p1a: Feraligatr|brn\n|move|p1a: Feraligatr|Body Slam|p2a: Rotom\n|-damage|p2a: Rotom|38/100\n|\n|-damage|p1a: Feraligatr|94/100 brn|[from] brn\n|upkeep\n|turn|6\n|\n|t:|1776228749\n|switch|p2a: Aegislash|Aegislash, L50, M|100/100\n|move|p1a: Feraligatr|Dragon Dance|p1a: Feraligatr\n|-boost|p1a: Feraligatr|atk|1\n|-boost|p1a: Feraligatr|spe|1\n|\n|-damage|p1a: Feraligatr|88/100 brn|[from] brn\n|upkeep\n|turn|7\n|\n|t:|1776228764\n|move|p1a: Feraligatr|Dragon Dance|p1a: Feraligatr\n|-boost|p1a: Feraligatr|atk|1\n|-boost|p1a: Feraligatr|spe|1\n|-formechange|p2a: Aegislash|Aegislash-Blade|\n|move|p2a: Aegislash|Poltergeist|p1a: Feraligatr\n|-activate|p1a: Feraligatr|move: Poltergeist|Feraligite\n|-damage|p1a: Feraligatr|17/100 brn\n|\n|-damage|p1a: Feraligatr|11/100 brn|[from] brn\n|upkeep\n|turn|8\n|\n|t:|1776228777\n|-formechange|p2a: Aegislash|Aegislash|\n|move|p2a: Aegislash|King's Shield|p2a: Aegislash\n|-singleturn|p2a: Aegislash|Protect\n|move|p1a: Feraligatr|Waterfall|p2a: Aegislash\n|-activate|p2a: Aegislash|move: Protect\n|-unboost|p1a: Feraligatr|atk|1\n|\n|-damage|p1a: Feraligatr|5/100 brn|[from] brn\n|upkeep\n|turn|9\n|\n|t:|1776228790\n|move|p1a: Feraligatr|Waterfall|p2a: Aegislash\n|-damage|p2a: Aegislash|59/100\n|-formechange|p2a: Aegislash|Aegislash-Blade|\n|move|p2a: Aegislash|Close Combat|p1a: Feraligatr\n|-damage|p1a: Feraligatr|0 fnt\n|-unboost|p2a: Aegislash|def|1\n|-unboost|p2a: Aegislash|spd|1\n|faint|p1a: Feraligatr\n|\n|upkeep\n|\n|t:|1776228796\n|switch|p1a: Excadrill|Excadrill, L50, M|84/100\n|-ability|p1a: Excadrill|Mold Breaker\n|turn|10\n|\n|t:|1776228799\n|-formechange|p2a: Aegislash|Aegislash|\n|move|p2a: Aegislash|King's Shield|p2a: Aegislash\n|-singleturn|p2a: Aegislash|Protect\n|move|p1a: Excadrill|Earthquake|p2a: Aegislash\n|-activate|p2a: Aegislash|move: Protect\n|\n|upkeep\n|turn|11\n|\n|t:|1776228808\n|switch|p2a: Rotom|Rotom-Wash, L50|38/100\n|move|p1a: Excadrill|Stealth Rock|p2a: Rotom\n|-sidestart|p2: gorilnx|move: Stealth Rock\n|\n|upkeep\n|turn|12\n|\n|t:|1776228828\n|move|p2a: Rotom|Will-O-Wisp|p1a: Excadrill\n|-status|p1a: Excadrill|brn\n|move|p1a: Excadrill|Earthquake|p2a: Rotom\n|-supereffective|p2a: Rotom|1\n|-damage|p2a: Rotom|0 fnt\n|faint|p2a: Rotom\n|\n|-damage|p1a: Excadrill|78/100 brn|[from] brn\n|upkeep\n|\n|t:|1776228837\n|switch|p2a: Aegislash|Aegislash, L50, M|59/100\n|-damage|p2a: Aegislash|53/100|[from] Stealth Rock\n|turn|13\n|\n|t:|1776228846\n|move|p1a: Excadrill|Earthquake|p2a: Aegislash\n|-supereffective|p2a: Aegislash|1\n|-damage|p2a: Aegislash|8/100\n|-formechange|p2a: Aegislash|Aegislash-Blade|\n|move|p2a: Aegislash|Close Combat|p1a: Excadrill\n|-supereffective|p1a: Excadrill|1\n|-damage|p1a: Excadrill|0 fnt\n|-unboost|p2a: Aegislash|def|1\n|-unboost|p2a: Aegislash|spd|1\n|faint|p1a: Excadrill\n|\n|win|gorilnx\n|raw|Mistah Boombastic's rating: 1048 &rarr; <strong>1028</strong><br />(-20 for losing)\n|raw|gorilnx's rating: 1000 &rarr; <strong>1045</strong><br />(+45 for winning)\n|l|\u2606Mistah Boombastic\n|player|p1|\n",
  "uploadtime": 1776228868,
  "views": 1,
  "formatid": "gen9championsbssregma",
  "rating": 1028,
  "private": 0,
  "password": null
}