{
  "id": "gen9championsbssregma-2580774989",
  "format": "[Gen 9 Champions] BSS Reg M-A",
  "players": [
    "dracoamin",
    "hoshigumo1101"
  ],
  "log": "|j|\u2606dracoamin\n|j|\u2606hoshigumo1101\n|t:|1775931453\n|gametype|singles\n|player|p1|dracoamin|gentleman-gen4|1090\n|player|p2|hoshigumo1101|acetrainerf|1240\n|gen|9\n|tier|[Gen 9 Champions] BSS Reg M-A\n|rated|\n|rule|Species Clause: Limit one of each Pok\u00e9mon\n|rule|Item Clause: Limit 1 of each item\n|clearpoke\n|poke|p1|Sylveon, L50, F|\n|poke|p1|Arcanine-Hisui, L50, F|\n|poke|p1|Gyarados, L50, M|\n|poke|p1|Rotom-Wash, L50|\n|poke|p1|Garchomp, L50, F|\n|poke|p1|Gengar, L50, M|\n|poke|p2|Aegislash, L50, F|\n|poke|p2|Rotom-Wash, L50|\n|poke|p2|Lopunny, L50, F|\n|poke|p2|Delphox, L50, F|\n|poke|p2|Garchomp, L50, F|\n|poke|p2|Primarina, L50, F|\n|teampreview|3\n|\n|t:|1775931498\n|teamsize|p1|3\n|teamsize|p2|3\n|start\n|switch|p1a: Sylveon|Sylveon, L50, F|100/100\n|switch|p2a: Rotom|Rotom-Wash, L50|100/100\n|turn|1\n|\n|t:|1775931507\n|move|p2a: Rotom|Discharge|p1a: Sylveon\n|-damage|p1a: Sylveon|77/100\n|move|p1a: Sylveon|Mystical Fire|p2a: Rotom\n|-resisted|p2a: Rotom|1\n|-damage|p2a: Rotom|89/100\n|-unboost|p2a: Rotom|spa|1\n|\n|-heal|p2a: Rotom|95/100|[from] item: Leftovers\n|-heal|p1a: Sylveon|83/100|[from] item: Leftovers\n|upkeep\n|turn|2\n|\n|t:|1775931516\n|switch|p2a: Aegislash|Aegislash, L50, F|100/100\n|move|p1a: Sylveon|Moonblast|p2a: Aegislash\n|-resisted|p2a: Aegislash|1\n|-damage|p2a: Aegislash|81/100\n|\n|-heal|p1a: Sylveon|89/100|[from] item: Leftovers\n|upkeep\n|turn|3\n|\n|t:|1775931525\n|switch|p1a: Rotom|Rotom-Wash, L50|100/100\n|-formechange|p2a: Aegislash|Aegislash-Blade|\n|move|p2a: Aegislash|Iron Head|p1a: Rotom\n|-resisted|p1a: Rotom|2\n|-damage|p1a: Rotom|85/100\n|\n|upkeep\n|turn|4\n|\n|t:|1775931532\n|switch|p2a: Rotom|Rotom-Wash, L50|95/100\n|move|p1a: Rotom|Trick|p2a: Rotom\n|-activate|p1a: Rotom|move: Trick|[of] p2a: Rotom\n|-item|p2a: Rotom|Choice Scarf|[from] move: Trick\n|-item|p1a: Rotom|Leftovers|[from] move: Trick\n|\n|-heal|p1a: Rotom|91/100|[from] item: Leftovers\n|upkeep\n|turn|5\n|\n|t:|1775931540\n|move|p2a: Rotom|Discharge|p1a: Rotom\n|-damage|p1a: Rotom|44/100\n|move|p1a: Rotom|Shadow Ball|p2a: Rotom\n|-crit|p2a: Rotom\n|-damage|p2a: Rotom|53/100\n|-unboost|p2a: Rotom|spd|1\n|\n|-heal|p1a: Rotom|50/100|[from] item: Leftovers\n|upkeep\n|turn|6\n|\n|t:|1775931553\n|move|p2a: Rotom|Discharge|p1a: Rotom\n|-damage|p1a: Rotom|0 fnt\n|faint|p1a: Rotom\n|\n|upkeep\n|\n|t:|1775931558\n|switch|p1a: Sylveon|Sylveon, L50, F|89/100\n|turn|7\n|\n|t:|1775931562\n|move|p2a: Rotom|Discharge|p1a: Sylveon\n|-crit|p1a: Sylveon\n|-damage|p1a: Sylveon|57/100\n|move|p1a: Sylveon|Wish|p1a: Sylveon\n|\n|-heal|p1a: Sylveon|63/100|[from] item: Leftovers\n|upkeep\n|turn|8\n|inactive|Battle timer is ON: inactive players will automatically lose when time's up. (requested by dracoamin)\n|\n|t:|1775931593\n|switch|p2a: Aegislash|Aegislash, L50, F|81/100\n|move|p1a: Sylveon|Mystical Fire|p2a: Aegislash\n|-supereffective|p2a: Aegislash|1\n|-damage|p2a: Aegislash|38/100\n|-unboost|p2a: Aegislash|spa|1\n|\n|-heal|p1a: Sylveon|100/100|[from] move: Wish|[wisher] Sylveon\n|upkeep\n|turn|9\n|\n|t:|1775931604\n|-formechange|p2a: Aegislash|Aegislash-Blade|\n|move|p2a: Aegislash|Iron Head|p1a: Sylveon\n|-supereffective|p1a: Sylveon|1\n|-damage|p1a: Sylveon|0 fnt\n|faint|p1a: Sylveon\n|\n|upkeep\n|\n|t:|1775931609\n|switch|p1a: Gengar|Gengar, L50, M|100/100\n|turn|10\n|\n|t:|1775931614\n|detailschange|p1a: Gengar|Gengar-Mega, L50, M\n|-mega|p1a: Gengar|Gengar|Gengarite\n|move|p1a: Gengar|Sucker Punch|p2a: Aegislash\n|-supereffective|p2a: Aegislash|1\n|-damage|p2a: Aegislash|0 fnt\n|faint|p2a: Aegislash\n|\n|upkeep\n|\n|t:|1775931621\n|switch|p2a: Lopunny|Lopunny, L50, F|100/100\n|turn|11\n|\n|t:|1775931630\n|detailschange|p2a: Lopunny|Lopunny-Mega, L50, F\n|-mega|p2a: Lopunny|Lopunny|Lopunnite\n|move|p2a: Lopunny|Fake Out|p1a: Gengar\n|-damage|p1a: Gengar|67/100\n|cant|p1a: Gengar|flinch\n|\n|upkeep\n|turn|12\n|\n|t:|1775931637\n|move|p2a: Lopunny|U-turn|p1a: Gengar\n|-resisted|p1a: Gengar|2\n|-damage|p1a: Gengar|57/100\n|\n|t:|1775931640\n|switch|p2a: Rotom|Rotom-Wash, L50|53/100|[from] U-turn\n|move|p1a: Gengar|Sludge Bomb|p2a: Rotom\n|-damage|p2a: Rotom|0 fnt\n|faint|p2a: Rotom\n|\n|upkeep\n|\n|t:|1775931642\n|switch|p2a: Lopunny|Lopunny-Mega, L50, F|100/100\n|turn|13\n|\n|t:|1775931647\n|move|p2a: Lopunny|Fake Out|p1a: Gengar\n|-damage|p1a: Gengar|23/100\n|cant|p1a: Gengar|flinch\n|\n|upkeep\n|turn|14\n|\n|t:|1775931652\n|move|p2a: Lopunny|Close Combat|p1a: Gengar\n|-resisted|p1a: Gengar|1\n|-damage|p1a: Gengar|0 fnt\n|-unboost|p2a: Lopunny|def|1\n|-unboost|p2a: Lopunny|spd|1\n|faint|p1a: Gengar\n|\n|win|hoshigumo1101\n|raw|dracoamin's rating: 1090 &rarr; <strong>1076</strong><br />(-14 for losing)\n|raw|hoshigumo1101's rating: 1240 &rarr; <strong>1255</strong><br />(+15 for winning)\n|l|\u2606dracoamin\n|player|p1|\n|l|\u2606hoshigumo1101\n|player|p2|\n|j|\u2606hoshigumo1101\n|player|p2|hoshigumo1101|acetrainerf|\n|l|\u2606hoshigumo1101\n|player|p2|\n|j|\u2606hoshigumo1101\n|player|p2|hoshigumo1101|acetrainerf|\n",
  "uploadtime": 1775931692,
  "views": 15,
  "formatid": "gen9championsbssregma",
  "rating": 1076,
  "private": 0,
  "password": null
}