{
  "id": "gen9championsbssregma-2580417794",
  "format": "[Gen 9 Champions] BSS Reg M-A",
  "players": [
    "super_steak",
    "Ssul"
  ],
  "log": "|j|\u2606super_steak\n|j|\u2606Ssul\n|t:|1775893435\n|gametype|singles\n|player|p1|super_steak|grimsley|1054\n|player|p2|Ssul|101|1119\n|gen|9\n|tier|[Gen 9 Champions] BSS Reg M-A\n|rated|\n|rule|Species Clause: Limit one of each Pok\u00e9mon\n|rule|Item Clause: Limit 1 of each item\n|clearpoke\n|poke|p1|Pelipper, L50, F|\n|poke|p1|Starmie, L50|\n|poke|p1|Scizor, L50, M|\n|poke|p1|Meganium, L50, F|\n|poke|p1|Rotom-Wash, L50|\n|poke|p1|Machamp, L50, M|\n|poke|p2|Corviknight, L50, M|\n|poke|p2|Garchomp, L50, F|\n|poke|p2|Azumarill, L50, M|\n|poke|p2|Gardevoir, L50, F|\n|poke|p2|Delphox, L50, M|\n|poke|p2|Aegislash, L50, F|\n|teampreview|3\n|inactive|Battle timer is ON: inactive players will automatically lose when time's up. (requested by super_steak)\n|inactive|super_steak has 60 seconds left.\n|inactive|Ssul has 60 seconds left.\n|\n|t:|1775893479\n|teamsize|p1|3\n|teamsize|p2|3\n|start\n|switch|p1a: Scizor|Scizor, L50, M|100/100\n|switch|p2a: Garchomp|Garchomp, L50, F|100/100\n|turn|1\n|\n|t:|1775893486\n|move|p2a: Garchomp|Stealth Rock|p1a: Scizor\n|-sidestart|p1: super_steak|move: Stealth Rock\n|move|p1a: Scizor|Swords Dance|p1a: Scizor\n|-boost|p1a: Scizor|atk|2\n|\n|upkeep\n|turn|2\n|\n|t:|1775893490\n|move|p1a: Scizor|Bullet Punch|p2a: Garchomp\n|-damage|p2a: Garchomp|22/100\n|-damage|p1a: Scizor|89/100|[from] ability: Rough Skin|[of] p2a: Garchomp\n|move|p2a: Garchomp|Dragon Tail|p1a: Scizor\n|-resisted|p1a: Scizor|1\n|-damage|p1a: Scizor|73/100\n|drag|p1a: Pelipper|Pelipper, L50, F|100/100\n|-damage|p1a: Pelipper|76/100|[from] Stealth Rock\n|-weather|RainDance|[from] ability: Drizzle|[of] p1a: Pelipper\n|\n|-weather|RainDance|[upkeep]\n|upkeep\n|turn|3\n|\n|t:|1775893499\n|move|p2a: Garchomp|Rock Tomb|p1a: Pelipper\n|-supereffective|p1a: Pelipper|1\n|-damage|p1a: Pelipper|27/100\n|-unboost|p1a: Pelipper|spe|1\n|move|p1a: Pelipper|Surf|p2a: Garchomp\n|-damage|p2a: Garchomp|0 fnt\n|faint|p2a: Garchomp\n|\n|-weather|RainDance|[upkeep]\n|upkeep\n|\n|t:|1775893517\n|switch|p2a: Aegislash|Aegislash, L50, F|100/100\n|turn|4\n|\n|t:|1775893532\n|-formechange|p2a: Aegislash|Aegislash-Blade|\n|move|p2a: Aegislash|Poltergeist|p1a: Pelipper\n|-activate|p1a: Pelipper|move: Poltergeist|Focus Sash\n|-damage|p1a: Pelipper|0 fnt\n|faint|p1a: Pelipper\n|\n|-weather|RainDance|[upkeep]\n|upkeep\n|\n|t:|1775893537\n|switch|p1a: Starmie|Starmie, L50|100/100\n|-damage|p1a: Starmie|89/100|[from] Stealth Rock\n|turn|5\n|\n|t:|1775893555\n|detailschange|p1a: Starmie|Starmie-Mega, L50\n|-mega|p1a: Starmie|Starmie|Starminite\n|move|p2a: Aegislash|Shadow Sneak|p1a: Starmie\n|-supereffective|p1a: Starmie|1\n|-damage|p1a: Starmie|13/100\n|move|p1a: Starmie|Liquidation|p2a: Aegislash\n|-damage|p2a: Aegislash|0 fnt\n|faint|p2a: Aegislash\n|\n|-weather|RainDance|[upkeep]\n|upkeep\n|\n|t:|1775893562\n|switch|p2a: Gardevoir|Gardevoir, L50, F|100/100\n|turn|6\n|\n|t:|1775893566\n|detailschange|p2a: Gardevoir|Gardevoir-Mega, L50, F\n|-mega|p2a: Gardevoir|Gardevoir|Gardevoirite\n|move|p2a: Gardevoir|Vacuum Wave|p1a: Starmie\n|-resisted|p1a: Starmie|1\n|-damage|p1a: Starmie|3/100\n|move|p1a: Starmie|Liquidation|p2a: Gardevoir\n|-damage|p2a: Gardevoir|0 fnt\n|faint|p2a: Gardevoir\n|\n|win|super_steak\n|raw|super_steak's rating: 1054 &rarr; <strong>1092</strong><br />(+38 for winning)\n|raw|Ssul's rating: 1119 &rarr; <strong>1089</strong><br />(-30 for losing)\n|l|\u2606Ssul\n|player|p2|\n",
  "uploadtime": 1775893577,
  "views": 22,
  "formatid": "gen9championsbssregma",
  "rating": 1089,
  "private": 0,
  "password": null
}