{
  "id": "gen9championsbssregma-2586896071",
  "format": "[Gen 9 Champions] BSS Reg M-A",
  "players": [
    "ryusui",
    "mia corvere"
  ],
  "log": "|j|\u2606ryusui\n|j|\u2606mia corvere\n|t:|1776469529\n|gametype|singles\n|player|p1|ryusui|2|1423\n|player|p2|mia corvere|266|1316\n|gen|9\n|tier|[Gen 9 Champions] BSS Reg M-A\n|rated|\n|rule|Species Clause: Limit one of each Pok\u00e9mon\n|rule|Item Clause: Limit 1 of each item\n|clearpoke\n|poke|p1|Scizor, L50, F|\n|poke|p1|Gyarados, L50, M|\n|poke|p1|Garchomp, L50, M|\n|poke|p1|Aegislash, L50, M|\n|poke|p1|Primarina, L50, M|\n|poke|p1|Glimmora, L50, M|\n|poke|p2|Aegislash, L50, F|\n|poke|p2|Gengar, L50, M|\n|poke|p2|Starmie, L50|\n|poke|p2|Ditto, L50|\n|poke|p2|Volcarona, L50, M|\n|poke|p2|Rotom-Wash, L50|\n|teampreview|3\n|\n|t:|1776469554\n|teamsize|p1|3\n|teamsize|p2|3\n|start\n|switch|p1a: Garchomp|Garchomp, L50, M|100/100\n|switch|p2a: Rotom|Rotom-Wash, L50|100/100\n|turn|1\n|inactive|Battle timer is ON: inactive players will automatically lose when time's up. (requested by mia corvere)\n|\n|t:|1776469582\n|move|p1a: Garchomp|Stealth Rock|p2a: Rotom\n|-sidestart|p2: mia corvere|move: Stealth Rock\n|move|p2a: Rotom|Will-O-Wisp|p1a: Garchomp|[miss]\n|-miss|p2a: Rotom|p1a: Garchomp\n|\n|upkeep\n|turn|2\n|\n|t:|1776469589\n|move|p1a: Garchomp|Spikes|p2a: Rotom\n|-sidestart|p2: mia corvere|Spikes\n|move|p2a: Rotom|Will-O-Wisp|p1a: Garchomp\n|-status|p1a: Garchomp|brn\n|\n|-damage|p1a: Garchomp|95/100 brn|[from] brn\n|upkeep\n|turn|3\n|\n|t:|1776469597\n|move|p2a: Rotom|Hydro Pump|p1a: Garchomp\n|-damage|p1a: Garchomp|55/100 brn\n|move|p1a: Garchomp|Dragon Tail|p2a: Rotom\n|-damage|p2a: Rotom|91/100\n|drag|p2a: Ditto|Ditto, L50|100/100\n|-damage|p2a: Ditto|88/100|[from] Stealth Rock\n|-damage|p2a: Ditto|76/100|[from] Spikes\n|-transform|p2a: Ditto|p1a: Garchomp|[from] ability: Imposter\n|\n|-damage|p1a: Garchomp|49/100 brn|[from] brn\n|upkeep\n|-enditem|p1a: Garchomp|Sitrus Berry|[eat]\n|-heal|p1a: Garchomp|74/100 brn|[from] item: Sitrus Berry\n|turn|4\n|\n|t:|1776469613\n|switch|p1a: Gyarados|Gyarados, L50, M|100/100\n|-ability|p1a: Gyarados|Intimidate|boost\n|-unboost|p2a: Ditto|atk|1\n|move|p2a: Ditto|Stealth Rock|p1a: Gyarados\n|-sidestart|p1: ryusui|move: Stealth Rock\n|\n|upkeep\n|turn|5\n|\n|t:|1776469620\n|switch|p2a: Rotom|Rotom-Wash, L50|91/100\n|-damage|p2a: Rotom|79/100|[from] Stealth Rock\n|move|p1a: Gyarados|Dragon Dance|p1a: Gyarados\n|-boost|p1a: Gyarados|atk|1\n|-boost|p1a: Gyarados|spe|1\n|\n|upkeep\n|turn|6\n|\n|t:|1776469631\n|detailschange|p1a: Gyarados|Gyarados-Mega, L50, M\n|-mega|p1a: Gyarados|Gyarados|Gyaradosite\n|-ability|p1a: Gyarados|Mold Breaker\n|move|p1a: Gyarados|Earthquake|p2a: Rotom\n|-supereffective|p2a: Rotom|1\n|-damage|p2a: Rotom|0 fnt\n|faint|p2a: Rotom\n|\n|upkeep\n|j| p74\n|\n|t:|1776469633\n|switch|p2a: Ditto|Ditto, L50|76/100\n|-damage|p2a: Ditto|64/100|[from] Stealth Rock\n|-damage|p2a: Ditto|51/100|[from] Spikes\n|-transform|p2a: Ditto|p1a: Gyarados|[from] ability: Imposter\n|-ability|p2a: Ditto|Mold Breaker\n|turn|7\n|\n|t:|1776469647\n|move|p2a: Ditto|Waterfall|p1a: Gyarados\n|-resisted|p1a: Gyarados|1\n|-damage|p1a: Gyarados|69/100\n|move|p1a: Gyarados|Earthquake|p2a: Ditto\n|-damage|p2a: Ditto|0 fnt\n|faint|p2a: Ditto\n|\n|upkeep\n|-message|mia corvere forfeited.\n|\n|win|ryusui\n|raw|ryusui's rating: 1423 &rarr; <strong>1437</strong><br />(+14 for winning)\n|raw|mia corvere's rating: 1316 &rarr; <strong>1302</strong><br />(-14 for losing)\n|l|\u2606mia corvere\n|player|p2|\n",
  "uploadtime": 1776469657,
  "views": 4,
  "formatid": "gen9championsbssregma",
  "rating": 1302,
  "private": 0,
  "password": null
}