{
  "id": "gen9championsbssregma-2586906147",
  "format": "[Gen 9 Champions] BSS Reg M-A",
  "players": [
    "kyotoyoko",
    "moggyoh"
  ],
  "log": "|j|\u2606kyotoyoko\n|j|\u2606moggyoh\n|t:|1776470522\n|gametype|singles\n|player|p1|kyotoyoko|caitlin|1413\n|player|p2|moggyoh|ethan|1308\n|gen|9\n|tier|[Gen 9 Champions] BSS Reg M-A\n|rated|\n|rule|Species Clause: Limit one of each Pok\u00e9mon\n|rule|Item Clause: Limit 1 of each item\n|clearpoke\n|poke|p1|Hippowdon, L50, F|\n|poke|p1|Charizard, L50, F|\n|poke|p1|Lucario, L50, M|\n|poke|p1|Corviknight, L50, F|\n|poke|p1|Greninja-*, L50, F|\n|poke|p1|Mimikyu, L50, F|\n|poke|p2|Delphox, L50, M|\n|poke|p2|Meowscarada, L50, M|\n|poke|p2|Primarina, L50, F|\n|poke|p2|Gengar, L50, F|\n|poke|p2|Garchomp, L50, M|\n|poke|p2|Archaludon, L50, M|\n|teampreview|3\n|inactive|Battle timer is ON: inactive players will automatically lose when time's up. (requested by kyotoyoko)\n|\n|t:|1776470560\n|teamsize|p1|3\n|teamsize|p2|3\n|start\n|switch|p1a: Hippowdon|Hippowdon, L50, F|100/100\n|switch|p2a: Meowscarada|Meowscarada, L50, M, shiny|100/100\n|-weather|Sandstorm|[from] ability: Sand Stream|[of] p1a: Hippowdon\n|turn|1\n|inactive|moggyoh has 30 seconds left.\n|\n|t:|1776470587\n|move|p2a: Meowscarada|Triple Axel|p1a: Hippowdon|[miss]\n|-start|p2a: Meowscarada|typechange|Ice|[from] ability: Protean\n|-miss|p2a: Meowscarada|p1a: Hippowdon\n|move|p1a: Hippowdon|Yawn|p2a: Meowscarada\n|-start|p2a: Meowscarada|move: Yawn|[of] p1a: Hippowdon\n|\n|-weather|Sandstorm|[upkeep]\n|-damage|p2a: Meowscarada|95/100|[from] Sandstorm\n|upkeep\n|turn|2\n|\n|t:|1776470603\n|switch|p2a: Delphox|Delphox, L50, M, shiny|100/100\n|move|p1a: Hippowdon|Stealth Rock|p2a: Delphox\n|-sidestart|p2: moggyoh|move: Stealth Rock\n|\n|-weather|Sandstorm|[upkeep]\n|-damage|p2a: Delphox|95/100|[from] Sandstorm\n|upkeep\n|turn|3\n|j| p74\n|\n|t:|1776470618\n|switch|p1a: Mimikyu|Mimikyu, L50, F, shiny|100/100\n|detailschange|p2a: Delphox|Delphox-Mega, L50, M, shiny\n|-mega|p2a: Delphox|Delphox|Delphoxite\n|move|p2a: Delphox|Substitute|p2a: Delphox\n|-start|p2a: Delphox|Substitute\n|-damage|p2a: Delphox|70/100\n|\n|-weather|Sandstorm|[upkeep]\n|-damage|p2a: Delphox|64/100|[from] Sandstorm\n|-damage|p1a: Mimikyu|95/100|[from] Sandstorm\n|upkeep\n|turn|4\n|\n|t:|1776470632\n|move|p1a: Mimikyu|Shadow Sneak|p2a: Delphox\n|-supereffective|p2a: Delphox|1\n|-end|p2a: Delphox|Substitute\n|move|p2a: Delphox|Flamethrower|p1a: Mimikyu\n|-activate|p1a: Mimikyu|ability: Disguise\n|-damage|p1a: Mimikyu|95/100\n|detailschange|p1a: Mimikyu|Mimikyu-Busted, L50, F, shiny\n|-damage|p1a: Mimikyu|83/100|[from] pokemon: Mimikyu-Busted\n|\n|-weather|Sandstorm|[upkeep]\n|-damage|p2a: Delphox|58/100|[from] Sandstorm\n|-damage|p1a: Mimikyu|77/100|[from] Sandstorm\n|upkeep\n|turn|5\n|\n|t:|1776470647\n|switch|p2a: Archaludon|Archaludon, L50, M, shiny|100/100\n|-damage|p2a: Archaludon|94/100|[from] Stealth Rock\n|move|p1a: Mimikyu|Play Rough|p2a: Archaludon\n|-damage|p2a: Archaludon|65/100\n|-ability|p2a: Archaludon|Stamina|boost\n|-boost|p2a: Archaludon|def|1\n|\n|-weather|none\n|-heal|p2a: Archaludon|72/100|[from] item: Leftovers\n|upkeep\n|turn|6\n|\n|t:|1776470659\n|switch|p1a: Hippowdon|Hippowdon, L50, F|100/100\n|-weather|Sandstorm|[from] ability: Sand Stream|[of] p1a: Hippowdon\n|move|p2a: Archaludon|Flash Cannon|p1a: Hippowdon\n|-damage|p1a: Hippowdon|70/100\n|\n|-weather|Sandstorm|[upkeep]\n|-heal|p2a: Archaludon|78/100|[from] item: Leftovers\n|upkeep\n|turn|7\n|\n|t:|1776470669\n|move|p2a: Archaludon|Draco Meteor|p1a: Hippowdon\n|-damage|p1a: Hippowdon|15/100\n|-unboost|p2a: Archaludon|spa|2\n|-enditem|p1a: Hippowdon|Sitrus Berry|[eat]\n|-heal|p1a: Hippowdon|40/100|[from] item: Sitrus Berry\n|move|p1a: Hippowdon|Yawn|p2a: Archaludon\n|-start|p2a: Archaludon|move: Yawn|[of] p1a: Hippowdon\n|\n|-weather|Sandstorm|[upkeep]\n|-heal|p2a: Archaludon|84/100|[from] item: Leftovers\n|upkeep\n|turn|8\n|\n|t:|1776470681\n|switch|p2a: Meowscarada|Meowscarada, L50, M, shiny|95/100\n|-damage|p2a: Meowscarada|82/100|[from] Stealth Rock\n|move|p1a: Hippowdon|Yawn|p2a: Meowscarada\n|-start|p2a: Meowscarada|move: Yawn|[of] p1a: Hippowdon\n|\n|-weather|Sandstorm|[upkeep]\n|-damage|p2a: Meowscarada|76/100|[from] Sandstorm\n|upkeep\n|turn|9\n|\n|t:|1776470693\n|move|p2a: Meowscarada|U-turn|p1a: Hippowdon\n|-start|p2a: Meowscarada|typechange|Bug|[from] ability: Protean\n|-damage|p1a: Hippowdon|16/100\n|\n|t:|1776470698\n|switch|p2a: Archaludon|Archaludon, L50, M, shiny|84/100|[from] U-turn\n|-damage|p2a: Archaludon|78/100|[from] Stealth Rock\n|move|p1a: Hippowdon|Yawn|p2a: Archaludon\n|-start|p2a: Archaludon|move: Yawn|[of] p1a: Hippowdon\n|\n|-weather|Sandstorm|[upkeep]\n|-heal|p2a: Archaludon|84/100|[from] item: Leftovers\n|upkeep\n|turn|10\n|\n|t:|1776470712\n|move|p2a: Archaludon|Flash Cannon|p1a: Hippowdon\n|-damage|p1a: Hippowdon|0 fnt\n|faint|p1a: Hippowdon\n|\n|-weather|none\n|-heal|p2a: Archaludon|90/100|[from] item: Leftovers\n|-end|p2a: Archaludon|move: Yawn|[silent]\n|-status|p2a: Archaludon|slp\n|upkeep\n|\n|t:|1776470717\n|switch|p1a: Charizard|Charizard, L50, F|100/100\n|turn|11\n|\n|t:|1776470724\n|move|p1a: Charizard|Dragon Dance|p1a: Charizard\n|-boost|p1a: Charizard|atk|1\n|-boost|p1a: Charizard|spe|1\n|cant|p2a: Archaludon|slp\n|\n|-heal|p2a: Archaludon|96/100 slp|[from] item: Leftovers\n|upkeep\n|turn|12\n|\n|t:|1776470739\n|detailschange|p1a: Charizard|Charizard-Mega-X, L50, F\n|-mega|p1a: Charizard|Charizard|Charizardite X\n|move|p1a: Charizard|Flare Blitz|p2a: Archaludon\n|-damage|p2a: Archaludon|3/100 slp\n|-ability|p2a: Archaludon|Stamina|boost\n|-boost|p2a: Archaludon|def|1\n|-damage|p1a: Charizard|66/100|[from] Recoil\n|-curestatus|p2a: Archaludon|slp|[msg]\n|move|p2a: Archaludon|Draco Meteor|p1a: Charizard\n|-supereffective|p1a: Charizard|1\n|-damage|p1a: Charizard|0 fnt\n|-unboost|p2a: Archaludon|spa|2\n|faint|p1a: Charizard\n|\n|-heal|p2a: Archaludon|9/100|[from] item: Leftovers\n|upkeep\n|\n|t:|1776470752\n|switch|p1a: Mimikyu|Mimikyu-Busted, L50, F, shiny|77/100\n|turn|13\n|\n|t:|1776470761\n|move|p1a: Mimikyu|Drain Punch|p2a: Archaludon\n|-supereffective|p2a: Archaludon|1\n|-damage|p2a: Archaludon|0 fnt\n|-heal|p1a: Mimikyu|83/100|[from] drain|[of] p2a: Archaludon\n|faint|p2a: Archaludon\n|\n|upkeep\n|\n|t:|1776470768\n|switch|p2a: Meowscarada|Meowscarada, L50, M, shiny|76/100\n|-damage|p2a: Meowscarada|64/100|[from] Stealth Rock\n|turn|14\n|\n|t:|1776470776\n|move|p2a: Meowscarada|Knock Off|p1a: Mimikyu\n|-start|p2a: Meowscarada|typechange|Dark|[from] ability: Protean\n|-damage|p1a: Mimikyu|23/100\n|-enditem|p1a: Mimikyu|Lum Berry|[from] move: Knock Off|[of] p2a: Meowscarada\n|move|p1a: Mimikyu|Play Rough|p2a: Meowscarada\n|-supereffective|p2a: Meowscarada|1\n|-damage|p2a: Meowscarada|0 fnt\n|faint|p2a: Meowscarada\n|\n|upkeep\n|\n|t:|1776470787\n|switch|p2a: Delphox|Delphox-Mega, L50, M, shiny|58/100\n|-damage|p2a: Delphox|34/100|[from] Stealth Rock\n|turn|15\n|\n|t:|1776470792\n|move|p1a: Mimikyu|Shadow Sneak|p2a: Delphox\n|-supereffective|p2a: Delphox|1\n|-damage|p2a: Delphox|0 fnt\n|faint|p2a: Delphox\n|\n|win|kyotoyoko\n|raw|kyotoyoko's rating: 1433 &rarr; <strong>1446</strong><br />(+13 for winning)\n|raw|moggyoh's rating: 1308 &rarr; <strong>1295</strong><br />(-13 for losing)\n|l|\u2606moggyoh\n|player|p2|\n|l|\u2606kyotoyoko\n|player|p1|\n",
  "uploadtime": 1776471214,
  "views": 2,
  "formatid": "gen9championsbssregma",
  "rating": 1295,
  "private": 0,
  "password": null
}