{
  "id": "gen9championsbssregma-2584916191",
  "format": "[Gen 9 Champions] BSS Reg M-A",
  "players": [
    "leftmygfforafemboy",
    "jiiiiima"
  ],
  "log": "|j|\u2606leftmygfforafemboy\n|j|\u2606jiiiiima\n|t:|1776294230\n|gametype|singles\n|player|p1|leftmygfforafemboy|lucas|1205\n|player|p2|jiiiiima|170|1323\n|gen|9\n|tier|[Gen 9 Champions] BSS Reg M-A\n|rated|\n|rule|Species Clause: Limit one of each Pok\u00e9mon\n|rule|Item Clause: Limit 1 of each item\n|clearpoke\n|poke|p1|Gengar, L50, M|\n|poke|p1|Garchomp, L50, F|\n|poke|p1|Mamoswine, L50, M|\n|poke|p1|Dragonite, L50, F|\n|poke|p1|Aegislash, L50, M|\n|poke|p1|Clefable, L50, F|\n|poke|p2|Sylveon, L50, F|\n|poke|p2|Garchomp, L50, F|\n|poke|p2|Kingambit, L50, M|\n|poke|p2|Dragonite, L50, F|\n|poke|p2|Venusaur, L50, M|\n|poke|p2|Mimikyu, L50, F|\n|teampreview|3\n|\n|t:|1776294276\n|teamsize|p1|3\n|teamsize|p2|3\n|start\n|switch|p1a: Mamoswine|Mamoswine, L50, M|100/100\n|switch|p2a: Venusaur|Venusaur, L50, M|100/100\n|turn|1\n|inactive|Battle timer is ON: inactive players will automatically lose when time's up. (requested by jiiiiima)\n|\n|t:|1776294285\n|detailschange|p2a: Venusaur|Venusaur-Mega, L50, M\n|-mega|p2a: Venusaur|Venusaur|Venusaurite\n|move|p1a: Mamoswine|Icicle Spear|p2a: Venusaur\n|-supereffective|p2a: Venusaur|1\n|-damage|p2a: Venusaur|88/100\n|-supereffective|p2a: Venusaur|1\n|-damage|p2a: Venusaur|77/100\n|-hitcount|p2a: Venusaur|2\n|move|p2a: Venusaur|Giga Drain|p1a: Mamoswine\n|-supereffective|p1a: Mamoswine|1\n|-enditem|p1a: Mamoswine|Focus Sash\n|-damage|p1a: Mamoswine|1/100\n|-heal|p2a: Venusaur|100/100|[from] drain|[of] p1a: Mamoswine\n|\n|upkeep\n|turn|2\n|\n|t:|1776294302\n|move|p1a: Mamoswine|Earthquake|p2a: Venusaur\n|-damage|p2a: Venusaur|53/100\n|move|p2a: Venusaur|Giga Drain|p1a: Mamoswine\n|-supereffective|p1a: Mamoswine|1\n|-damage|p1a: Mamoswine|0 fnt\n|-heal|p2a: Venusaur|54/100|[from] drain|[of] p1a: Mamoswine\n|faint|p1a: Mamoswine\n|\n|upkeep\n|\n|t:|1776294309\n|switch|p1a: Aegislash|Aegislash, L50, M|100/100\n|turn|3\n|\n|t:|1776294316\n|move|p2a: Venusaur|Synthesis|p2a: Venusaur\n|-heal|p2a: Venusaur|100/100\n|move|p1a: Aegislash|Substitute|p1a: Aegislash\n|-start|p1a: Aegislash|Substitute\n|-damage|p1a: Aegislash|76/100\n|\n|-heal|p1a: Aegislash|82/100|[from] item: Leftovers\n|upkeep\n|turn|4\n|\n|t:|1776294324\n|move|p2a: Venusaur|Earth Power|p1a: Aegislash\n|-supereffective|p1a: Aegislash|1\n|-end|p1a: Aegislash|Substitute\n|-formechange|p1a: Aegislash|Aegislash-Blade|\n|move|p1a: Aegislash|Shadow Ball|p2a: Venusaur\n|-damage|p2a: Venusaur|67/100\n|\n|-heal|p1a: Aegislash|88/100|[from] item: Leftovers\n|upkeep\n|turn|5\n|\n|t:|1776294339\n|switch|p1a: Dragonite|Dragonite, L50, F|100/100\n|move|p2a: Venusaur|Earth Power|p1a: Dragonite\n|-immune|p1a: Dragonite\n|\n|upkeep\n|turn|6\n|\n|t:|1776294352\n|move|p1a: Dragonite|Dragon Dance|p1a: Dragonite\n|-boost|p1a: Dragonite|atk|1\n|-boost|p1a: Dragonite|spe|1\n|move|p2a: Venusaur|Sludge Wave|p1a: Dragonite\n|-damage|p1a: Dragonite|78/100\n|\n|upkeep\n|turn|7\n|\n|t:|1776294362\n|move|p1a: Dragonite|Earthquake|p2a: Venusaur\n|-damage|p2a: Venusaur|21/100\n|move|p2a: Venusaur|Sludge Wave|p1a: Dragonite\n|-damage|p1a: Dragonite|30/100\n|\n|upkeep\n|turn|8\n|\n|t:|1776294370\n|move|p1a: Dragonite|Earthquake|p2a: Venusaur\n|-damage|p2a: Venusaur|0 fnt\n|faint|p2a: Venusaur\n|\n|upkeep\n|\n|t:|1776294374\n|switch|p2a: Sylveon|Sylveon, L50, F|100/100\n|turn|9\n|\n|t:|1776294379\n|move|p1a: Dragonite|Earthquake|p2a: Sylveon\n|-damage|p2a: Sylveon|31/100\n|-enditem|p2a: Sylveon|Sitrus Berry|[eat]\n|-heal|p2a: Sylveon|56/100|[from] item: Sitrus Berry\n|move|p2a: Sylveon|Hyper Voice|p1a: Dragonite\n|-supereffective|p1a: Dragonite|1\n|-damage|p1a: Dragonite|0 fnt\n|faint|p1a: Dragonite\n|\n|upkeep\n|j| p74\n|\n|t:|1776294386\n|switch|p1a: Aegislash|Aegislash, L50, M|88/100\n|turn|10\n|inactive|jiiiiima has 30 seconds left.\n|l|\u2606jiiiiima\n|inactive|jiiiiima disconnected and has a minute to reconnect!\n|player|p2|\n|inactive|jiiiiima has 20 seconds left.\n|inactive|jiiiiima has 15 seconds left.\n|inactive|jiiiiima has 10 seconds left.\n|inactive|jiiiiima has 5 seconds left.\n|-message|jiiiiima lost due to inactivity.\n|\n|win|leftmygfforafemboy\n|raw|leftmygfforafemboy's rating: 1205 &rarr; <strong>1238</strong><br />(+33 for winning)\n|raw|jiiiiima's rating: 1323 &rarr; <strong>1296</strong><br />(-27 for losing)\n|l|\u2606leftmygfforafemboy\n|player|p1|\n",
  "uploadtime": 1776294464,
  "views": 4,
  "formatid": "gen9championsbssregma",
  "rating": 1238,
  "private": 0,
  "password": null
}