{
  "id": "gen9championsbssregma-2580439114",
  "format": "[Gen 9 Champions] BSS Reg M-A",
  "players": [
    "MonkAtWork413",
    "Inciniroarrr"
  ],
  "log": "|j|\u2606MonkAtWork413\n|j|\u2606Inciniroarrr\n|t:|1775896705\n|gametype|singles\n|player|p1|MonkAtWork413|266|1236\n|player|p2|Inciniroarrr|170|1111\n|gen|9\n|tier|[Gen 9 Champions] BSS Reg M-A\n|rated|\n|rule|Species Clause: Limit one of each Pok\u00e9mon\n|rule|Item Clause: Limit 1 of each item\n|clearpoke\n|poke|p1|Chesnaught, L50, M|\n|poke|p1|Kingambit, L50, M|\n|poke|p1|Clefable, L50, F|\n|poke|p1|Rotom-Wash, L50|\n|poke|p1|Arcanine-Hisui, L50, M|\n|poke|p1|Dragapult, L50, M|\n|poke|p2|Venusaur, L50, F|\n|poke|p2|Snorlax, L50, M|\n|poke|p2|Slowbro, L50, F|\n|poke|p2|Garchomp, L50, M|\n|poke|p2|Kingambit, L50, F|\n|poke|p2|Dragapult, L50, M|\n|teampreview|3\n|\n|t:|1775896780\n|teamsize|p1|3\n|teamsize|p2|3\n|start\n|switch|p1a: Rotom|Rotom-Wash, L50|100/100\n|switch|p2a: Dragapult|Dragapult, L50, M|100/100\n|turn|1\n|\n|t:|1775896790\n|switch|p1a: Kingambit|Kingambit, L50, M|100/100\n|move|p2a: Dragapult|U-turn|p1a: Kingambit\n|-damage|p1a: Kingambit|88/100\n|\n|t:|1775896796\n|switch|p2a: Venusaur|Venusaur, L50, F|100/100|[from] U-turn\n|\n|upkeep\n|turn|2\n|\n|t:|1775896804\n|detailschange|p2a: Venusaur|Venusaur-Mega, L50, F\n|-mega|p2a: Venusaur|Venusaur|Venusaurite\n|move|p2a: Venusaur|Leech Seed|p1a: Kingambit\n|-start|p1a: Kingambit|move: Leech Seed\n|move|p1a: Kingambit|Swords Dance|p1a: Kingambit\n|-boost|p1a: Kingambit|atk|2\n|\n|-damage|p1a: Kingambit|76/100|[from] Leech Seed|[of] p2a: Venusaur\n|upkeep\n|turn|3\n|\n|t:|1775896815\n|move|p2a: Venusaur|Giga Drain|p1a: Kingambit\n|-resisted|p1a: Kingambit|1\n|-damage|p1a: Kingambit|61/100\n|move|p1a: Kingambit|Iron Head|p2a: Venusaur\n|-damage|p2a: Venusaur|44/100\n|\n|-damage|p1a: Kingambit|49/100|[from] Leech Seed|[of] p2a: Venusaur\n|-heal|p2a: Venusaur|57/100|[silent]\n|upkeep\n|turn|4\n|\n|t:|1775896826\n|move|p2a: Venusaur|Giga Drain|p1a: Kingambit\n|-resisted|p1a: Kingambit|1\n|-damage|p1a: Kingambit|34/100\n|-heal|p2a: Venusaur|66/100|[from] drain|[of] p1a: Kingambit\n|move|p1a: Kingambit|Kowtow Cleave|p2a: Venusaur\n|-damage|p2a: Venusaur|7/100\n|\n|-damage|p1a: Kingambit|22/100|[from] Leech Seed|[of] p2a: Venusaur\n|-heal|p2a: Venusaur|21/100|[silent]\n|upkeep\n|turn|5\n|\n|t:|1775896834\n|move|p2a: Venusaur|Synthesis|p2a: Venusaur\n|-heal|p2a: Venusaur|71/100\n|move|p1a: Kingambit|Kowtow Cleave|p2a: Venusaur\n|-damage|p2a: Venusaur|7/100\n|\n|-damage|p1a: Kingambit|10/100|[from] Leech Seed|[of] p2a: Venusaur\n|-heal|p2a: Venusaur|21/100|[silent]\n|upkeep\n|turn|6\n|\n|t:|1775896842\n|move|p1a: Kingambit|Sucker Punch||[still]\n|-fail|p1a: Kingambit\n|move|p2a: Venusaur|Synthesis|p2a: Venusaur\n|-heal|p2a: Venusaur|71/100\n|\n|-damage|p1a: Kingambit|0 fnt|[from] Leech Seed|[of] p2a: Venusaur\n|-heal|p2a: Venusaur|81/100|[silent]\n|faint|p1a: Kingambit\n|-end|p1a: Kingambit|fallenundefined|[silent]\n|upkeep\n|c|\u2606MonkAtWork413|gg\n|\n|t:|1775896849\n|switch|p1a: Chesnaught|Chesnaught, L50, M|100/100\n|turn|7\n|\n|t:|1775896855\n|switch|p2a: Dragapult|Dragapult, L50, M|100/100\n|move|p1a: Chesnaught|Iron Defense|p1a: Chesnaught\n|-boost|p1a: Chesnaught|def|2\n|\n|upkeep\n|turn|8\n|\n|t:|1775896861\n|switch|p1a: Rotom|Rotom-Wash, L50|100/100\n|move|p2a: Dragapult|Will-O-Wisp|p1a: Rotom|[miss]\n|-miss|p2a: Dragapult|p1a: Rotom\n|\n|upkeep\n|turn|9\n|\n|t:|1775896866\n|move|p2a: Dragapult|Will-O-Wisp|p1a: Rotom\n|-status|p1a: Rotom|brn\n|move|p1a: Rotom|Trick|p2a: Dragapult\n|-activate|p1a: Rotom|move: Trick|[of] p2a: Dragapult\n|-item|p2a: Dragapult|Choice Scarf|[from] move: Trick\n|-item|p1a: Rotom|Focus Sash|[from] move: Trick\n|\n|-damage|p1a: Rotom|95/100 brn|[from] brn\n|upkeep\n|turn|10\n|\n|t:|1775896894\n|switch|p2a: Garchomp|Garchomp, L50, M|100/100\n|move|p1a: Rotom|Volt Switch|p2a: Garchomp\n|-immune|p2a: Garchomp\n|\n|-damage|p1a: Rotom|89/100 brn|[from] brn\n|upkeep\n|turn|11\n|\n|t:|1775896902\n|move|p2a: Garchomp|Outrage|p1a: Rotom\n|-damage|p1a: Rotom|28/100 brn\n|move|p1a: Rotom|Will-O-Wisp|p2a: Garchomp\n|-status|p2a: Garchomp|brn\n|\n|-damage|p2a: Garchomp|95/100 brn|[from] brn\n|-damage|p1a: Rotom|22/100 brn|[from] brn\n|upkeep\n|turn|12\n|\n|t:|1775896910\n|move|p2a: Garchomp|Outrage|p1a: Rotom|[from] lockedmove\n|-damage|p1a: Rotom|0 fnt\n|faint|p1a: Rotom\n|-start|p2a: Garchomp|confusion|[fatigue]\n|\n|-damage|p2a: Garchomp|89/100 brn|[from] brn\n|upkeep\n|\n|t:|1775896912\n|switch|p1a: Chesnaught|Chesnaught, L50, M|100/100\n|turn|13\n|\n|t:|1775896919\n|switch|p2a: Dragapult|Dragapult, L50, M|100/100\n|detailschange|p1a: Chesnaught|Chesnaught-Mega, L50, M\n|-mega|p1a: Chesnaught|Chesnaught|Chesnaughtite\n|move|p1a: Chesnaught|Iron Defense|p1a: Chesnaught\n|-boost|p1a: Chesnaught|def|2\n|\n|upkeep\n|turn|14\n|\n|t:|1775896926\n|move|p2a: Dragapult|Will-O-Wisp|p1a: Chesnaught\n|-status|p1a: Chesnaught|brn\n|move|p1a: Chesnaught|Wood Hammer|p2a: Dragapult\n|-resisted|p2a: Dragapult|1\n|-damage|p2a: Dragapult|79/100\n|-damage|p1a: Chesnaught|94/100 brn|[from] Recoil\n|\n|-damage|p1a: Chesnaught|88/100 brn|[from] brn\n|upkeep\n|turn|15\n|\n|t:|1775896935\n|switch|p2a: Venusaur|Venusaur-Mega, L50, F|81/100\n|move|p1a: Chesnaught|Wood Hammer|p2a: Venusaur\n|-resisted|p2a: Venusaur|2\n|-damage|p2a: Venusaur|76/100\n|-damage|p1a: Chesnaught|87/100 brn|[from] Recoil\n|\n|-damage|p1a: Chesnaught|80/100 brn|[from] brn\n|upkeep\n|turn|16\n|\n|t:|1775896945\n|move|p2a: Venusaur|Giga Drain|p1a: Chesnaught\n|-resisted|p1a: Chesnaught|1\n|-damage|p1a: Chesnaught|68/100 brn\n|-heal|p2a: Venusaur|83/100|[from] drain|[of] p1a: Chesnaught\n|move|p1a: Chesnaught|Iron Defense|p1a: Chesnaught\n|-boost|p1a: Chesnaught|def|2\n|\n|-damage|p1a: Chesnaught|62/100 brn|[from] brn\n|upkeep\n|turn|17\n|\n|t:|1775896953\n|move|p2a: Venusaur|Giga Drain|p1a: Chesnaught\n|-resisted|p1a: Chesnaught|1\n|-damage|p1a: Chesnaught|49/100 brn\n|-heal|p2a: Venusaur|89/100|[from] drain|[of] p1a: Chesnaught\n|move|p1a: Chesnaught|Iron Defense|p1a: Chesnaught\n|-boost|p1a: Chesnaught|def|2\n|\n|-damage|p1a: Chesnaught|43/100 brn|[from] brn\n|upkeep\n|turn|18\n|\n|t:|1775896962\n|move|p2a: Venusaur|Giga Drain|p1a: Chesnaught\n|-resisted|p1a: Chesnaught|1\n|-damage|p1a: Chesnaught|31/100 brn\n|-heal|p2a: Venusaur|96/100|[from] drain|[of] p1a: Chesnaught\n|move|p1a: Chesnaught|Synthesis|p1a: Chesnaught\n|-heal|p1a: Chesnaught|80/100 brn\n|\n|-damage|p1a: Chesnaught|74/100 brn|[from] brn\n|upkeep\n|turn|19\n|\n|t:|1775896970\n|move|p2a: Venusaur|Sludge Bomb|p1a: Chesnaught\n|-immune|p1a: Chesnaught|[from] ability: Bulletproof\n|move|p1a: Chesnaught|Body Press|p2a: Venusaur\n|-resisted|p2a: Venusaur|1\n|-damage|p2a: Venusaur|69/100\n|\n|-damage|p1a: Chesnaught|68/100 brn|[from] brn\n|upkeep\n|turn|20\n|\n|t:|1775896982\n|move|p2a: Venusaur|Leech Seed|p1a: Chesnaught\n|-immune|p1a: Chesnaught\n|move|p1a: Chesnaught|Body Press|p2a: Venusaur\n|-resisted|p2a: Venusaur|1\n|-damage|p2a: Venusaur|43/100\n|\n|-damage|p1a: Chesnaught|62/100 brn|[from] brn\n|upkeep\n|turn|21\n|\n|t:|1775896989\n|move|p2a: Venusaur|Synthesis|p2a: Venusaur\n|-heal|p2a: Venusaur|93/100\n|move|p1a: Chesnaught|Body Press|p2a: Venusaur\n|-resisted|p2a: Venusaur|1\n|-damage|p2a: Venusaur|64/100\n|\n|-damage|p1a: Chesnaught|56/100 brn|[from] brn\n|upkeep\n|turn|22\n|\n|t:|1775897002\n|switch|p2a: Garchomp|Garchomp, L50, M|89/100 brn\n|move|p1a: Chesnaught|Body Press|p2a: Garchomp\n|-damage|p2a: Garchomp|0 fnt\n|-damage|p1a: Chesnaught|44/100 brn|[from] ability: Rough Skin|[of] p2a: Garchomp\n|faint|p2a: Garchomp\n|\n|-damage|p1a: Chesnaught|37/100 brn|[from] brn\n|upkeep\n|\n|t:|1775897011\n|switch|p2a: Dragapult|Dragapult, L50, M|79/100\n|turn|23\n|\n|t:|1775897021\n|move|p2a: Dragapult|Hex|p1a: Chesnaught\n|-damage|p1a: Chesnaught|0 fnt\n|faint|p1a: Chesnaught\n|\n|win|Inciniroarrr\n|raw|MonkAtWork413's rating: 1207 &rarr; <strong>1175</strong><br />(-32 for losing)\n|raw|Inciniroarrr's rating: 1111 &rarr; <strong>1143</strong><br />(+32 for winning)\n|l|\u2606MonkAtWork413\n|player|p1|\n",
  "uploadtime": 1775897039,
  "views": 20,
  "formatid": "gen9championsbssregma",
  "rating": 1143,
  "private": 0,
  "password": null
}