{
  "id": "gen9championsbssregma-2583098294",
  "format": "[Gen 9 Champions] BSS Reg M-A",
  "players": [
    "mathismathin",
    "Tao Shinhan_87"
  ],
  "log": "|j|\u2606mathismathin\n|j|\u2606Tao Shinhan_87\n|t:|1776141763\n|gametype|singles\n|player|p1|mathismathin|bugsy-masters|1000\n|player|p2|Tao Shinhan_87|pokemonranger-gen4|1000\n|gen|9\n|tier|[Gen 9 Champions] BSS Reg M-A\n|rated|\n|rule|Species Clause: Limit one of each Pok\u00e9mon\n|rule|Item Clause: Limit 1 of each item\n|clearpoke\n|poke|p1|Aegislash, L50, F|\n|poke|p1|Meganium, L50, F|\n|poke|p1|Sneasler, L50, M|\n|poke|p1|Dragapult, L50, M|\n|poke|p1|Lycanroc-Dusk, L50, F|\n|poke|p1|Tyranitar, L50, F|\n|poke|p2|Chesnaught, L50, F|\n|poke|p2|Corviknight, L50, M|\n|poke|p2|Araquanid, L50, M|\n|poke|p2|Volcarona, L50, M|\n|poke|p2|Blastoise, L50, M|\n|poke|p2|Mamoswine, L50, M|\n|teampreview|3\n|inactive|Battle timer is ON: inactive players will automatically lose when time's up. (requested by Tao Shinhan_87)\n|\n|t:|1776141792\n|teamsize|p1|3\n|teamsize|p2|3\n|start\n|switch|p1a: Dragapult|Dragapult, L50, M|100/100\n|switch|p2a: Araquanid|Araquanid, L50, M|100/100\n|turn|1\n|\n|t:|1776141802\n|move|p1a: Dragapult|Thunder Wave|p2a: Araquanid\n|-status|p2a: Araquanid|par\n|move|p2a: Araquanid|Sticky Web|p1a: Dragapult\n|-sidestart|p1: mathismathin|move: Sticky Web\n|\n|upkeep\n|turn|2\n|\n|t:|1776141811\n|move|p1a: Dragapult|Hex|p2a: Araquanid\n|-damage|p2a: Araquanid|63/100 par\n|move|p2a: Araquanid|Mirror Coat|p1a: Dragapult\n|-damage|p1a: Dragapult|20/100\n|\n|upkeep\n|turn|3\n|\n|t:|1776141818\n|move|p1a: Dragapult|Hex|p2a: Araquanid\n|-damage|p2a: Araquanid|25/100 par\n|move|p2a: Araquanid|Liquidation|p1a: Dragapult\n|-resisted|p1a: Dragapult|1\n|-damage|p1a: Dragapult|0 fnt\n|faint|p1a: Dragapult\n|\n|upkeep\n|\n|t:|1776141829\n|switch|p1a: Lycanroc|Lycanroc-Dusk, L50, F|100/100\n|-activate|p1a: Lycanroc|move: Sticky Web\n|-unboost|p1a: Lycanroc|spe|1\n|turn|4\n|\n|t:|1776141832\n|move|p1a: Lycanroc|Accelerock|p2a: Araquanid\n|-supereffective|p2a: Araquanid|1\n|-damage|p2a: Araquanid|0 fnt\n|faint|p2a: Araquanid\n|\n|upkeep\n|\n|t:|1776141834\n|switch|p2a: Blastoise|Blastoise, L50, M|100/100\n|turn|5\n|\n|t:|1776141837\n|detailschange|p2a: Blastoise|Blastoise-Mega, L50, M\n|-mega|p2a: Blastoise|Blastoise|Blastoisinite\n|move|p2a: Blastoise|Shell Smash|p2a: Blastoise\n|-unboost|p2a: Blastoise|def|1\n|-unboost|p2a: Blastoise|spd|1\n|-boost|p2a: Blastoise|atk|2\n|-boost|p2a: Blastoise|spa|2\n|-boost|p2a: Blastoise|spe|2\n|move|p1a: Lycanroc|Stone Edge|p2a: Blastoise\n|-crit|p2a: Blastoise\n|-damage|p2a: Blastoise|0 fnt\n|faint|p2a: Blastoise\n|\n|upkeep\n|\n|t:|1776141845\n|switch|p2a: Mamoswine|Mamoswine, L50, M|100/100\n|turn|6\n|\n|t:|1776141848\n|move|p1a: Lycanroc|Accelerock|p2a: Mamoswine\n|-damage|p2a: Mamoswine|64/100\n|move|p2a: Mamoswine|Earthquake|p1a: Lycanroc\n|-supereffective|p1a: Lycanroc|1\n|-damage|p1a: Lycanroc|0 fnt\n|faint|p1a: Lycanroc\n|\n|upkeep\n|\n|t:|1776141850\n|switch|p1a: Aegislash|Aegislash, L50, F|100/100\n|-activate|p1a: Aegislash|move: Sticky Web\n|-unboost|p1a: Aegislash|spe|1\n|turn|7\n|\n|t:|1776141855\n|move|p2a: Mamoswine|Earthquake|p1a: Aegislash\n|-supereffective|p1a: Aegislash|1\n|-damage|p1a: Aegislash|14/100\n|-formechange|p1a: Aegislash|Aegislash-Blade|\n|move|p1a: Aegislash|Close Combat|p2a: Mamoswine\n|-supereffective|p2a: Mamoswine|1\n|-damage|p2a: Mamoswine|0 fnt\n|-unboost|p1a: Aegislash|def|1\n|-unboost|p1a: Aegislash|spd|1\n|faint|p2a: Mamoswine\n|\n|win|mathismathin\n|raw|mathismathin's rating: 1050 &rarr; <strong>1078</strong><br />(+28 for winning)\n|raw|Tao Shinhan_87's rating: 1000 &rarr; <strong>1000</strong><br />(+0 for losing)\n",
  "uploadtime": 1776141858,
  "views": 2,
  "formatid": "gen9championsbssregma",
  "rating": 1000,
  "private": 0,
  "password": null
}