{
  "id": "gen9championsbssregma-2586294820",
  "format": "[Gen 9 Champions] BSS Reg M-A",
  "players": [
    "Bbbkty",
    "solenoon"
  ],
  "log": "|j|\u2606Bbbkty\n|j|\u2606solenoon\n|t:|1776422326\n|gametype|singles\n|player|p1|Bbbkty|2|1064\n|player|p2|solenoon|266|1093\n|gen|9\n|tier|[Gen 9 Champions] BSS Reg M-A\n|rated|\n|rule|Species Clause: Limit one of each Pok\u00e9mon\n|rule|Item Clause: Limit 1 of each item\n|clearpoke\n|poke|p1|Clefable, L50, F|\n|poke|p1|Charizard, L50, M|\n|poke|p1|Mimikyu, L50, F|\n|poke|p1|Kingambit, L50, F|\n|poke|p1|Espathra, L50, F|\n|poke|p1|Glimmora, L50, F|\n|poke|p2|Volcarona, L50, F|\n|poke|p2|Lopunny, L50, F|\n|poke|p2|Meowscarada, L50, F|\n|poke|p2|Starmie, L50|\n|poke|p2|Charizard, L50, F|\n|poke|p2|Corviknight, L50, F|\n|teampreview|3\n|inactive|Battle timer is ON: inactive players will automatically lose when time's up. (requested by Bbbkty)\n|\n|t:|1776422383\n|teamsize|p1|3\n|teamsize|p2|3\n|start\n|switch|p1a: Glimmora|Glimmora, L50, F, shiny|100/100\n|switch|p2a: Meowscarada|Meowscarada, L50, F|100/100\n|turn|1\n|\n|t:|1776422405\n|move|p2a: Meowscarada|Taunt|p1a: Glimmora\n|-start|p2a: Meowscarada|typechange|Dark|[from] ability: Protean\n|-start|p1a: Glimmora|move: Taunt\n|cant|p1a: Glimmora|move: Taunt|Stealth Rock\n|\n|upkeep\n|turn|2\n|\n|t:|1776422415\n|move|p2a: Meowscarada|U-turn|p1a: Glimmora\n|-resisted|p1a: Glimmora|1\n|-damage|p1a: Glimmora|86/100\n|-activate|p1a: Glimmora|ability: Toxic Debris\n|-sidestart|p2: solenoon|move: Toxic Spikes\n|\n|t:|1776422420\n|switch|p2a: Charizard|Charizard, L50, F|100/100|[from] U-turn\n|move|p1a: Glimmora|Mortal Spin|p2a: Charizard\n|-damage|p2a: Charizard|91/100\n|-status|p2a: Charizard|psn\n|\n|-damage|p2a: Charizard|79/100 psn|[from] psn\n|upkeep\n|turn|3\n|\n|t:|1776422434\n|detailschange|p2a: Charizard|Charizard-Mega-Y, L50, F\n|-mega|p2a: Charizard|Charizard|Charizardite Y\n|-weather|SunnyDay|[from] ability: Drought|[of] p2a: Charizard\n|move|p2a: Charizard|Scorching Sands|p1a: Glimmora\n|-supereffective|p1a: Glimmora|2\n|-damage|p1a: Glimmora|0 fnt\n|faint|p1a: Glimmora\n|\n|-weather|SunnyDay|[upkeep]\n|-damage|p2a: Charizard|66/100 psn|[from] psn\n|upkeep\n|\n|t:|1776422446\n|switch|p1a: Espathra|Espathra, L50, F, shiny|100/100\n|turn|4\n|\n|t:|1776422450\n|move|p1a: Espathra|Protect|p1a: Espathra\n|-singleturn|p1a: Espathra|Protect\n|move|p2a: Charizard|Substitute|p2a: Charizard\n|-start|p2a: Charizard|Substitute\n|-damage|p2a: Charizard|42/100 psn\n|\n|-weather|SunnyDay|[upkeep]\n|-damage|p2a: Charizard|30/100 psn|[from] psn\n|-ability|p1a: Espathra|Speed Boost|boost\n|-boost|p1a: Espathra|spe|1\n|upkeep\n|turn|5\n|\n|t:|1776422461\n|move|p1a: Espathra|Calm Mind|p1a: Espathra\n|-boost|p1a: Espathra|spa|1\n|-boost|p1a: Espathra|spd|1\n|move|p2a: Charizard|Fire Blast|p1a: Espathra\n|-damage|p1a: Espathra|4/100\n|-enditem|p1a: Espathra|Sitrus Berry|[eat]\n|-heal|p1a: Espathra|29/100|[from] item: Sitrus Berry\n|\n|-weather|SunnyDay|[upkeep]\n|-damage|p2a: Charizard|17/100 psn|[from] psn\n|-ability|p1a: Espathra|Speed Boost|boost\n|-boost|p1a: Espathra|spe|1\n|upkeep\n|turn|6\n|\n|t:|1776422476\n|move|p1a: Espathra|Protect|p1a: Espathra\n|-singleturn|p1a: Espathra|Protect\n|move|p2a: Charizard|Scorching Sands|p1a: Espathra\n|-activate|p1a: Espathra|move: Protect\n|\n|-weather|SunnyDay|[upkeep]\n|-damage|p2a: Charizard|5/100 psn|[from] psn\n|-ability|p1a: Espathra|Speed Boost|boost\n|-boost|p1a: Espathra|spe|1\n|upkeep\n|turn|7\n|\n|t:|1776422488\n|move|p1a: Espathra|Baton Pass|p1a: Espathra\n|\n|t:|1776422490\n|switch|p1a: Clefable|Clefable, L50, F, shiny|100/100|[from] Baton Pass\n|move|p2a: Charizard|Fire Blast|p1a: Clefable\n|-damage|p1a: Clefable|38/100\n|\n|-weather|none\n|-damage|p2a: Charizard|0 fnt|[from] psn\n|faint|p2a: Charizard\n|upkeep\n|\n|t:|1776422503\n|switch|p2a: Volcarona|Volcarona, L50, F|100/100\n|-status|p2a: Volcarona|psn\n|turn|8\n|\n|t:|1776422511\n|detailschange|p1a: Clefable|Clefable-Mega, L50, F, shiny\n|-mega|p1a: Clefable|Clefable|Clefablite\n|move|p1a: Clefable|Moonlight|p1a: Clefable\n|-heal|p1a: Clefable|88/100\n|move|p2a: Volcarona|Fire Blast|p1a: Clefable\n|-damage|p1a: Clefable|43/100\n|\n|-damage|p2a: Volcarona|88/100 psn|[from] psn\n|upkeep\n|turn|9\n|\n|t:|1776422524\n|move|p1a: Clefable|Cosmic Power|p1a: Clefable\n|-boost|p1a: Clefable|def|1\n|-boost|p1a: Clefable|spd|1\n|move|p2a: Volcarona|Fire Blast|p1a: Clefable|[miss]\n|-miss|p2a: Volcarona|p1a: Clefable\n|\n|-damage|p2a: Volcarona|75/100 psn|[from] psn\n|upkeep\n|turn|10\n|\n|t:|1776422534\n|move|p1a: Clefable|Moonlight|p1a: Clefable\n|-heal|p1a: Clefable|93/100\n|move|p2a: Volcarona|Quiver Dance|p2a: Volcarona\n|-boost|p2a: Volcarona|spa|1\n|-boost|p2a: Volcarona|spd|1\n|-boost|p2a: Volcarona|spe|1\n|\n|-damage|p2a: Volcarona|63/100 psn|[from] psn\n|upkeep\n|turn|11\n|\n|t:|1776422547\n|move|p1a: Clefable|Stored Power|p2a: Volcarona\n|-damage|p2a: Volcarona|14/100 psn\n|move|p2a: Volcarona|Fire Blast|p1a: Clefable\n|-damage|p1a: Clefable|44/100\n|\n|-damage|p2a: Volcarona|1/100 psn|[from] psn\n|upkeep\n|turn|12\n|\n|t:|1776422558\n|move|p1a: Clefable|Moonlight|p1a: Clefable\n|-heal|p1a: Clefable|94/100\n|move|p2a: Volcarona|Giga Drain|p1a: Clefable\n|-resisted|p1a: Clefable|1\n|-damage|p1a: Clefable|85/100\n|-heal|p2a: Volcarona|7/100 psn|[from] drain|[of] p1a: Clefable\n|\n|-damage|p2a: Volcarona|0 fnt|[from] psn\n|faint|p2a: Volcarona\n|upkeep\n|\n|t:|1776422569\n|switch|p2a: Meowscarada|Meowscarada, L50, F|100/100\n|-status|p2a: Meowscarada|psn\n|turn|13\n|\n|t:|1776422578\n|move|p1a: Clefable|Moonblast|p2a: Meowscarada\n|-supereffective|p2a: Meowscarada|1\n|-enditem|p2a: Meowscarada|Focus Sash\n|-damage|p2a: Meowscarada|1/100 psn\n|move|p2a: Meowscarada|Flower Trick|p1a: Clefable\n|-start|p2a: Meowscarada|typechange|Grass|[from] ability: Protean\n|-resisted|p1a: Clefable|1\n|-crit|p1a: Clefable\n|-damage|p1a: Clefable|69/100\n|\n|-damage|p2a: Meowscarada|0 fnt|[from] psn\n|faint|p2a: Meowscarada\n|\n|win|Bbbkty\n|raw|Bbbkty's rating: 1064 &rarr; <strong>1097</strong><br />(+33 for winning)\n|raw|solenoon's rating: 1093 &rarr; <strong>1067</strong><br />(-26 for losing)\n",
  "uploadtime": 1776422583,
  "views": 5,
  "formatid": "gen9championsbssregma",
  "rating": 1067,
  "private": 0,
  "password": null
}