{
  "id": "gen9championsbssregma-2585342660",
  "format": "[Gen 9 Champions] BSS Reg M-A",
  "players": [
    "Sidou",
    "fletchyfletchy"
  ],
  "log": "|j|\u2606Sidou\n|j|\u2606fletchyfletchy\n|t:|1776339638\n|gametype|singles\n|player|p1|Sidou|cynthia-gen4|1197\n|player|p2|fletchyfletchy|liko|1093\n|gen|9\n|tier|[Gen 9 Champions] BSS Reg M-A\n|rated|\n|rule|Species Clause: Limit one of each Pok\u00e9mon\n|rule|Item Clause: Limit 1 of each item\n|clearpoke\n|poke|p1|Lopunny, L50, F|\n|poke|p1|Garchomp, L50, M|\n|poke|p1|Scizor, L50, M|\n|poke|p1|Gengar, L50, M|\n|poke|p1|Umbreon, L50, M|\n|poke|p1|Milotic, L50, F|\n|poke|p2|Lopunny, L50, M|\n|poke|p2|Basculegion, L50, M|\n|poke|p2|Meowscarada, L50, F|\n|poke|p2|Aegislash, L50, M|\n|poke|p2|Ninetales-Alola, L50, F|\n|poke|p2|Rotom-Wash, L50|\n|teampreview|3\n|\n|t:|1776339669\n|teamsize|p1|3\n|teamsize|p2|3\n|start\n|switch|p1a: Lopunny|Lopunny, L50, F|100/100\n|switch|p2a: Lopunny|Lopunny, L50, M|100/100\n|turn|1\n|inactive|Battle timer is ON: inactive players will automatically lose when time's up. (requested by Sidou)\n|\n|t:|1776339682\n|detailschange|p1a: Lopunny|Lopunny-Mega, L50, F\n|-mega|p1a: Lopunny|Lopunny|Lopunnite\n|detailschange|p2a: Lopunny|Lopunny-Mega, L50, M\n|-mega|p2a: Lopunny|Lopunny|Lopunnite\n|move|p1a: Lopunny|Fake Out|p2a: Lopunny\n|-damage|p2a: Lopunny|73/100\n|cant|p2a: Lopunny|flinch\n|\n|upkeep\n|turn|2\n|\n|t:|1776339690\n|move|p2a: Lopunny|U-turn|p1a: Lopunny\n|-resisted|p1a: Lopunny|1\n|-damage|p1a: Lopunny|85/100\n|\n|t:|1776339692\n|switch|p2a: Rotom|Rotom-Wash, L50|100/100|[from] U-turn\n|move|p1a: Lopunny|Close Combat|p2a: Rotom\n|-damage|p2a: Rotom|39/100\n|-unboost|p1a: Lopunny|def|1\n|-unboost|p1a: Lopunny|spd|1\n|\n|upkeep\n|turn|3\n|c|\u2606fletchyfletchy|oops\n|\n|t:|1776339703\n|switch|p1a: Garchomp|Garchomp, L50, M|100/100\n|move|p2a: Rotom|Will-O-Wisp|p1a: Garchomp\n|-status|p1a: Garchomp|brn\n|\n|-damage|p1a: Garchomp|95/100 brn|[from] brn\n|upkeep\n|turn|4\n|c|\u2606fletchyfletchy|i shouldve close combated\n|\n|t:|1776339721\n|move|p1a: Garchomp|Stone Edge|p2a: Rotom\n|-damage|p2a: Rotom|23/100\n|move|p2a: Rotom|Hydro Pump|p1a: Garchomp\n|-damage|p1a: Garchomp|49/100 brn\n|\n|-damage|p1a: Garchomp|43/100 brn|[from] brn\n|upkeep\n|turn|5\n|\n|t:|1776339726\n|move|p1a: Garchomp|Stone Edge|p2a: Rotom\n|-crit|p2a: Rotom\n|-damage|p2a: Rotom|0 fnt\n|faint|p2a: Rotom\n|\n|-damage|p1a: Garchomp|37/100 brn|[from] brn\n|upkeep\n|\n|t:|1776339730\n|switch|p2a: Lopunny|Lopunny-Mega, L50, M|73/100\n|turn|6\n|\n|t:|1776339733\n|move|p1a: Garchomp|Stone Edge|p2a: Lopunny\n|-resisted|p2a: Lopunny|1\n|-damage|p2a: Lopunny|62/100\n|move|p2a: Lopunny|Triple Axel|p1a: Garchomp\n|-supereffective|p1a: Garchomp|2\n|-damage|p1a: Garchomp|6/100 brn\n|-damage|p2a: Lopunny|50/100|[from] ability: Rough Skin|[of] p1a: Garchomp\n|-supereffective|p1a: Garchomp|2\n|-damage|p1a: Garchomp|0 fnt\n|-damage|p2a: Lopunny|38/100|[from] ability: Rough Skin|[of] p1a: Garchomp\n|faint|p1a: Garchomp\n|-hitcount|p1: Garchomp|2\n|\n|upkeep\n|\n|t:|1776339741\n|switch|p1a: Lopunny|Lopunny-Mega, L50, F|85/100\n|turn|7\n|\n|t:|1776339745\n|move|p1a: Lopunny|Fake Out|p2a: Lopunny\n|-damage|p2a: Lopunny|6/100\n|cant|p2a: Lopunny|flinch\n|\n|upkeep\n|turn|8\n|\n|t:|1776339752\n|move|p2a: Lopunny|Close Combat|p1a: Lopunny\n|-supereffective|p1a: Lopunny|1\n|-damage|p1a: Lopunny|0 fnt\n|-unboost|p2a: Lopunny|def|1\n|-unboost|p2a: Lopunny|spd|1\n|faint|p1a: Lopunny\n|\n|upkeep\n|\n|t:|1776339755\n|switch|p1a: Umbreon|Umbreon, L50, M|100/100\n|turn|9\n|\n|t:|1776339760\n|move|p2a: Lopunny|Close Combat|p1a: Umbreon\n|-supereffective|p1a: Umbreon|1\n|-enditem|p1a: Umbreon|Chople Berry|[eat]\n|-enditem|p1a: Umbreon|Chople Berry|[weaken]\n|-damage|p1a: Umbreon|60/100\n|-unboost|p2a: Lopunny|def|1\n|-unboost|p2a: Lopunny|spd|1\n|move|p1a: Umbreon|Foul Play|p2a: Lopunny\n|-resisted|p2a: Lopunny|1\n|-damage|p2a: Lopunny|0 fnt\n|faint|p2a: Lopunny\n|\n|upkeep\n|\n|t:|1776339768\n|switch|p2a: Meowscarada|Meowscarada, L50, F|100/100\n|turn|10\n|\n|t:|1776339774\n|move|p2a: Meowscarada|Play Rough|p1a: Umbreon\n|-start|p2a: Meowscarada|typechange|Fairy|[from] ability: Protean\n|-supereffective|p1a: Umbreon|1\n|-damage|p1a: Umbreon|10/100\n|move|p1a: Umbreon|Wish|p1a: Umbreon\n|\n|upkeep\n|turn|11\n|\n|t:|1776339788\n|move|p1a: Umbreon|Protect|p1a: Umbreon\n|-singleturn|p1a: Umbreon|Protect\n|move|p2a: Meowscarada|Flower Trick|p1a: Umbreon\n|-activate|p1a: Umbreon|move: Protect\n|\n|-heal|p1a: Umbreon|60/100|[from] move: Wish|[wisher] Umbreon\n|upkeep\n|turn|12\n|\n|t:|1776339792\n|move|p2a: Meowscarada|Play Rough|p1a: Umbreon\n|-supereffective|p1a: Umbreon|1\n|-damage|p1a: Umbreon|9/100\n|move|p1a: Umbreon|Foul Play|p2a: Meowscarada\n|-resisted|p2a: Meowscarada|1\n|-damage|p2a: Meowscarada|65/100\n|\n|upkeep\n|turn|13\n|\n|t:|1776339799\n|move|p1a: Umbreon|Protect|p1a: Umbreon\n|-singleturn|p1a: Umbreon|Protect\n|move|p2a: Meowscarada|Flower Trick|p1a: Umbreon\n|-activate|p1a: Umbreon|move: Protect\n|\n|upkeep\n|turn|14\n|c|\u2606fletchyfletchy|ggs?\n|\n|t:|1776339806\n|move|p2a: Meowscarada|Flower Trick|p1a: Umbreon\n|-crit|p1a: Umbreon\n|-damage|p1a: Umbreon|0 fnt\n|faint|p1a: Umbreon\n|\n|win|fletchyfletchy\n|raw|Sidou's rating: 1197 &rarr; <strong>1165</strong><br />(-32 for losing)\n|raw|fletchyfletchy's rating: 1093 &rarr; <strong>1127</strong><br />(+34 for winning)\n",
  "uploadtime": 1776339806,
  "views": 5,
  "formatid": "gen9championsbssregma",
  "rating": 1127,
  "private": 0,
  "password": null
}