{
  "id": "gen9championsbssregma-2587709251",
  "format": "[Gen 9 Champions] BSS Reg M-A",
  "players": [
    "TheLancargod",
    "peko877"
  ],
  "log": "|j|\u2606TheLancargod\n|j|\u2606peko877\n|t:|1776556113\n|gametype|singles\n|player|p1|TheLancargod|266|1369\n|player|p2|peko877|iono|1317\n|gen|9\n|tier|[Gen 9 Champions] BSS Reg M-A\n|rated|\n|rule|Species Clause: Limit one of each Pok\u00e9mon\n|rule|Item Clause: Limit 1 of each item\n|clearpoke\n|poke|p1|Greninja, L50, M|\n|poke|p1|Dragapult, L50, M|\n|poke|p1|Azumarill, L50, F|\n|poke|p1|Archaludon, L50, F|\n|poke|p1|Kingambit, L50, M|\n|poke|p1|Charizard, L50, F|\n|poke|p2|Greninja, L50, M, shiny|\n|poke|p2|Gengar, L50, M, shiny|\n|poke|p2|Garchomp, L50, M, shiny|\n|poke|p2|Primarina, L50, F, shiny|\n|poke|p2|Volcarona, L50, M, shiny|\n|poke|p2|Bellibolt, L50, M, shiny|\n|teampreview|3\n|inactive|Battle timer is ON: inactive players will automatically lose when time's up. (requested by peko877)\n|\n|t:|1776556136\n|teamsize|p1|3\n|teamsize|p2|3\n|start\n|switch|p1a: Dragapult|Dragapult, L50, M|100/100\n|switch|p2a: Garchomp|Garchomp, L50, M, shiny|100/100\n|turn|1\n|\n|t:|1776556148\n|move|p2a: Garchomp|Outrage|p1a: Dragapult\n|-supereffective|p1a: Dragapult|1\n|-enditem|p1a: Dragapult|Focus Sash\n|-damage|p1a: Dragapult|1/100\n|move|p1a: Dragapult|Dragon Dance|p1a: Dragapult\n|-boost|p1a: Dragapult|atk|1\n|-boost|p1a: Dragapult|spe|1\n|\n|upkeep\n|turn|2\n|\n|t:|1776556151\n|move|p1a: Dragapult|Dragon Darts|p2a: Garchomp\n|-supereffective|p2a: Garchomp|1\n|-damage|p2a: Garchomp|28/100\n|-anim|p1a: Dragapult|Dragon Darts|p2a: Garchomp\n|-supereffective|p2a: Garchomp|1\n|-damage|p2a: Garchomp|0 fnt\n|faint|p2a: Garchomp\n|\n|upkeep\n|\n|t:|1776556154\n|switch|p2a: Bellibolt|Bellibolt, L50, M, shiny|100/100\n|turn|3\n|j| p74\n|\n|t:|1776556158\n|move|p2a: Bellibolt|Sucker Punch|p1a: Dragapult\n|-supereffective|p1a: Dragapult|1\n|-damage|p1a: Dragapult|0 fnt\n|faint|p1a: Dragapult\n|\n|upkeep\n|j| huhyuhyuhyuh\n|\n|t:|1776556180\n|switch|p1a: Greninja|Greninja, L50, M|100/100\n|turn|4\n|\n|t:|1776556183\n|detailschange|p1a: Greninja|Greninja-Mega, L50, M\n|-mega|p1a: Greninja|Greninja|Greninjite\n|move|p1a: Greninja|Sludge Wave|p2a: Bellibolt\n|-start|p1a: Greninja|typechange|Poison|[from] ability: Protean\n|-damage|p2a: Bellibolt|64/100\n|-start|p2a: Bellibolt|Charge|Sludge Wave|[from] ability: Electromorphosis\n|move|p2a: Bellibolt|Parabolic Charge|p1a: Greninja\n|-damage|p1a: Greninja|41/100\n|-heal|p2a: Bellibolt|87/100|[from] drain|[of] p1a: Greninja\n|-end|p2a: Bellibolt|Charge|[silent]\n|\n|upkeep\n|turn|5\n|\n|t:|1776556196\n|move|p1a: Greninja|Sludge Wave|p2a: Bellibolt\n|-damage|p2a: Bellibolt|49/100\n|-start|p2a: Bellibolt|Charge|Sludge Wave|[from] ability: Electromorphosis\n|-enditem|p2a: Bellibolt|Sitrus Berry|[eat]\n|-heal|p2a: Bellibolt|73/100|[from] item: Sitrus Berry\n|move|p2a: Bellibolt|Parabolic Charge|p1a: Greninja\n|-damage|p1a: Greninja|0 fnt\n|-heal|p2a: Bellibolt|89/100|[from] drain|[of] p1a: Greninja\n|faint|p1a: Greninja\n|-end|p2a: Bellibolt|Charge|[silent]\n|\n|upkeep\n|\n|t:|1776556203\n|switch|p1a: Azumarill|Azumarill, L50, F|100/100\n|turn|6\n|\n|t:|1776556207\n|move|p1a: Azumarill|Belly Drum|p1a: Azumarill\n|-damage|p1a: Azumarill|51/100\n|-setboost|p1a: Azumarill|atk|6|[from] move: Belly Drum\n|move|p2a: Bellibolt|Parabolic Charge|p1a: Azumarill\n|-supereffective|p1a: Azumarill|1\n|-damage|p1a: Azumarill|0 fnt\n|-heal|p2a: Bellibolt|100/100|[from] drain|[of] p1a: Azumarill\n|faint|p1a: Azumarill\n|\n|win|peko877\n|raw|TheLancargod's rating: 1369 &rarr; <strong>1346</strong><br />(-23 for losing)\n|raw|peko877's rating: 1317 &rarr; <strong>1340</strong><br />(+23 for winning)\n|l|\u2606TheLancargod\n|player|p1|\n|j| ZwagTastic\n|l|\u2606peko877\n|player|p2|\n|l| huhyuhyuhyuh\n|l| ZwagTastic\n|j| ZwagTastic\n|l| ZwagTastic\n",
  "uploadtime": 1776556298,
  "views": 4,
  "formatid": "gen9championsbssregma",
  "rating": 1340,
  "private": 0,
  "password": null
}