{
  "id": "gen9championsbssregma-2582086583",
  "format": "[Gen 9 Champions] BSS Reg M-A",
  "players": [
    "MiraidonGaming",
    "Pomme de mer"
  ],
  "log": "|j|\u2606MiraidonGaming\n|j|\u2606Pomme de mer\n|t:|1776056155\n|gametype|singles\n|player|p1|MiraidonGaming|lucas|1250\n|player|p2|Pomme de mer|n|1172\n|gen|9\n|tier|[Gen 9 Champions] BSS Reg M-A\n|rated|\n|rule|Species Clause: Limit one of each Pok\u00e9mon\n|rule|Item Clause: Limit 1 of each item\n|clearpoke\n|poke|p1|Ninetales-Alola, L50, F|\n|poke|p1|Charizard, L50, M|\n|poke|p1|Scizor, L50, M|\n|poke|p1|Sinistcha, L50|\n|poke|p1|Rotom-Wash, L50|\n|poke|p1|Salazzle, L50, F|\n|poke|p2|Meganium, L50, F|\n|poke|p2|Scizor, L50, F|\n|poke|p2|Basculegion, L50, M|\n|poke|p2|Tyranitar, L50, F|\n|poke|p2|Volcarona, L50, F|\n|poke|p2|Floette-Eternal, L50, F|\n|teampreview|3\n|inactive|Battle timer is ON: inactive players will automatically lose when time's up. (requested by Pomme de mer)\n|j| p74\n|inactive|Pomme de mer has 60 seconds left.\n|\n|t:|1776056195\n|teamsize|p1|3\n|teamsize|p2|3\n|start\n|switch|p1a: Put a brick in|Rotom-Wash, L50|100/100\n|switch|p2a: Tyranitar|Tyranitar, L50, F|100/100\n|-weather|Sandstorm|[from] ability: Sand Stream|[of] p2a: Tyranitar\n|turn|1\n|inactive|MiraidonGaming has 30 seconds left.\n|\n|t:|1776056223\n|move|p1a: Put a brick in|Hydro Pump|p2a: Tyranitar\n|-supereffective|p2a: Tyranitar|1\n|-damage|p2a: Tyranitar|42/100\n|move|p2a: Tyranitar|Stealth Rock|p1a: Put a brick in\n|-sidestart|p1: MiraidonGaming|move: Stealth Rock\n|\n|-weather|Sandstorm|[upkeep]\n|-damage|p1a: Put a brick in|94/100|[from] Sandstorm\n|-heal|p2a: Tyranitar|47/100|[from] item: Leftovers\n|upkeep\n|turn|2\n|\n|t:|1776056229\n|switch|p2a: Meganium|Meganium, L50, F|100/100\n|move|p1a: Put a brick in|Hydro Pump|p2a: Meganium\n|-resisted|p2a: Meganium|1\n|-damage|p2a: Meganium|71/100\n|\n|-weather|Sandstorm|[upkeep]\n|-damage|p1a: Put a brick in|88/100|[from] Sandstorm\n|-damage|p2a: Meganium|65/100|[from] Sandstorm\n|upkeep\n|turn|3\n|\n|t:|1776056235\n|detailschange|p2a: Meganium|Meganium-Mega, L50, F\n|-mega|p2a: Meganium|Meganium|Meganiumite\n|move|p1a: Put a brick in|Hydro Pump|p2a: Meganium\n|-resisted|p2a: Meganium|1\n|-damage|p2a: Meganium|40/100\n|move|p2a: Meganium|Synthesis|p2a: Meganium\n|-heal|p2a: Meganium|100/100\n|\n|-weather|Sandstorm|[upkeep]\n|-damage|p1a: Put a brick in|82/100|[from] Sandstorm\n|-damage|p2a: Meganium|95/100|[from] Sandstorm\n|upkeep\n|turn|4\n|\n|t:|1776056246\n|switch|p1a: Vanity?|Ninetales-Alola, L50, F|100/100\n|-damage|p1a: Vanity?|75/100|[from] Stealth Rock\n|-weather|Snowscape|[from] ability: Snow Warning|[of] p1a: Vanity?\n|move|p2a: Meganium|Solar Beam||[still]\n|-prepare|p2a: Meganium|Solar Beam\n|-activate|p2a: Meganium|ability: Mega Sol\n|-anim|p2a: Meganium|Solar Beam|p1a: Vanity?\n|-damage|p1a: Vanity?|6/100\n|\n|-weather|Snowscape|[upkeep]\n|upkeep\n|turn|5\n|\n|t:|1776056260\n|switch|p2a: Tyranitar|Tyranitar, L50, F|47/100\n|-weather|Sandstorm|[from] ability: Sand Stream|[of] p2a: Tyranitar\n|move|p1a: Vanity?|Aurora Veil||[still]\n|-fail|p1a: Vanity?\n|\n|-weather|Sandstorm|[upkeep]\n|-damage|p1a: Vanity?|0 fnt|[from] Sandstorm\n|faint|p1a: Vanity?\n|-heal|p2a: Tyranitar|53/100|[from] item: Leftovers\n|upkeep\n|\n|t:|1776056268\n|switch|p1a: Put a brick in|Rotom-Wash, L50|82/100\n|-damage|p1a: Put a brick in|69/100|[from] Stealth Rock\n|turn|6\n|\n|t:|1776056270\n|switch|p2a: Meganium|Meganium-Mega, L50, F|95/100\n|move|p1a: Put a brick in|Discharge|p2a: Meganium\n|-resisted|p2a: Meganium|1\n|-damage|p2a: Meganium|78/100\n|\n|-weather|Sandstorm|[upkeep]\n|-damage|p1a: Put a brick in|63/100|[from] Sandstorm\n|-damage|p2a: Meganium|72/100|[from] Sandstorm\n|upkeep\n|turn|7\n|\n|t:|1776056276\n|move|p1a: Put a brick in|Discharge|p2a: Meganium\n|-resisted|p2a: Meganium|1\n|-damage|p2a: Meganium|55/100\n|-status|p2a: Meganium|par\n|cant|p2a: Meganium|par\n|\n|-weather|Sandstorm|[upkeep]\n|-damage|p1a: Put a brick in|57/100|[from] Sandstorm\n|-damage|p2a: Meganium|49/100 par|[from] Sandstorm\n|upkeep\n|turn|8\n|\n|t:|1776056282\n|move|p1a: Put a brick in|Discharge|p2a: Meganium\n|-resisted|p2a: Meganium|1\n|-damage|p2a: Meganium|30/100 par\n|cant|p2a: Meganium|par\n|\n|-weather|Sandstorm|[upkeep]\n|-damage|p1a: Put a brick in|51/100|[from] Sandstorm\n|-damage|p2a: Meganium|24/100 par|[from] Sandstorm\n|upkeep\n|turn|9\n|\n|t:|1776056287\n|switch|p1a: Bruce|Charizard, L50, M|100/100\n|-damage|p1a: Bruce|50/100|[from] Stealth Rock\n|move|p2a: Meganium|Synthesis|p2a: Meganium\n|-heal|p2a: Meganium|91/100 par\n|\n|-weather|none\n|upkeep\n|turn|10\n|\n|t:|1776056302\n|switch|p2a: Tyranitar|Tyranitar, L50, F|53/100\n|-weather|Sandstorm|[from] ability: Sand Stream|[of] p2a: Tyranitar\n|move|p1a: Bruce|Dragon Dance|p1a: Bruce\n|-boost|p1a: Bruce|atk|1\n|-boost|p1a: Bruce|spe|1\n|\n|-weather|Sandstorm|[upkeep]\n|-damage|p1a: Bruce|45/100|[from] Sandstorm\n|-heal|p2a: Tyranitar|59/100|[from] item: Leftovers\n|upkeep\n|turn|11\n|\n|t:|1776056310\n|detailschange|p1a: Bruce|Charizard-Mega-X, L50, M\n|-mega|p1a: Bruce|Charizard|Charizardite X\n|move|p1a: Bruce|Breaking Swipe|p2a: Tyranitar\n|-damage|p2a: Tyranitar|20/100\n|-unboost|p2a: Tyranitar|atk|1\n|move|p2a: Tyranitar|Stone Edge|p1a: Bruce\n|-supereffective|p1a: Bruce|1\n|-crit|p1a: Bruce\n|-damage|p1a: Bruce|0 fnt\n|faint|p1a: Bruce\n|\n|-weather|Sandstorm|[upkeep]\n|-heal|p2a: Tyranitar|26/100|[from] item: Leftovers\n|upkeep\n|\n|t:|1776056316\n|switch|p1a: Put a brick in|Rotom-Wash, L50|51/100\n|-damage|p1a: Put a brick in|38/100|[from] Stealth Rock\n|turn|12\n|\n|t:|1776056320\n|move|p1a: Put a brick in|Discharge|p2a: Tyranitar\n|-damage|p2a: Tyranitar|5/100\n|move|p2a: Tyranitar|Knock Off|p1a: Put a brick in\n|-damage|p1a: Put a brick in|0 fnt\n|-enditem|p1a: Put a brick in|Choice Scarf|[from] move: Knock Off|[of] p2a: Tyranitar\n|faint|p1a: Put a brick in\n|\n|win|Pomme de mer\n|raw|MiraidonGaming's rating: 1250 &rarr; <strong>1219</strong><br />(-31 for losing)\n|raw|Pomme de mer's rating: 1172 &rarr; <strong>1203</strong><br />(+31 for winning)\n|l|\u2606MiraidonGaming\n|player|p1|\n|l|\u2606Pomme de mer\n|player|p2|\n",
  "uploadtime": 1776056370,
  "views": 7,
  "formatid": "gen9championsbssregma",
  "rating": 1203,
  "private": 0,
  "password": null
}