{
  "id": "gen9championsbssregma-2587603243",
  "format": "[Gen 9 Champions] BSS Reg M-A",
  "players": [
    "wuhyun",
    "AprilFoolsGoofyAsl"
  ],
  "log": "|j|\u2606wuhyun\n|j|\u2606AprilFoolsGoofyAsl\n|t:|1776546107\n|gametype|singles\n|player|p1|wuhyun|caitlin-masters|1123\n|player|p2|AprilFoolsGoofyAsl|hilbert-wonderlauncher|1068\n|gen|9\n|tier|[Gen 9 Champions] BSS Reg M-A\n|rated|\n|rule|Species Clause: Limit one of each Pok\u00e9mon\n|rule|Item Clause: Limit 1 of each item\n|clearpoke\n|poke|p1|Sableye, L50, M, shiny|\n|poke|p1|Skarmory, L50, F|\n|poke|p1|Meowscarada, L50, F|\n|poke|p1|Garganacl, L50, F, shiny|\n|poke|p1|Glimmora, L50, F, shiny|\n|poke|p1|Blastoise, L50, F|\n|poke|p2|Polteageist, L50|\n|poke|p2|Gardevoir, L50, F|\n|poke|p2|Rotom-Wash, L50|\n|poke|p2|Diggersby, L50, F|\n|poke|p2|Hydreigon, L50, M|\n|poke|p2|Gyarados, L50, M|\n|teampreview|3\n|inactive|Battle timer is ON: inactive players will automatically lose when time's up. (requested by wuhyun)\n|inactive|AprilFoolsGoofyAsl also wants the timer to be on.\n|inactive|wuhyun has 60 seconds left.\n|inactive|AprilFoolsGoofyAsl has 60 seconds left.\n|inactive|AprilFoolsGoofyAsl has 30 seconds left.\n|inactive|AprilFoolsGoofyAsl has 20 seconds left.\n|inactive|AprilFoolsGoofyAsl has 15 seconds left.\n|inactive|AprilFoolsGoofyAsl has 10 seconds left.\n|inactive|AprilFoolsGoofyAsl has 5 seconds left.\n|\n|t:|1776546197\n|teamsize|p1|3\n|teamsize|p2|3\n|start\n|switch|p1a: Sloth|Meowscarada, L50, F|100/100\n|switch|p2a: Polteageist|Polteageist, L50|100/100\n|turn|1\n|inactive|AprilFoolsGoofyAsl has 30 seconds left.\n|inactive|AprilFoolsGoofyAsl has 20 seconds left.\n|inactive|AprilFoolsGoofyAsl has 15 seconds left.\n|inactive|AprilFoolsGoofyAsl has 10 seconds left.\n|\n|t:|1776546246\n|move|p1a: Sloth|Triple Axel|p2a: Polteageist\n|-start|p1a: Sloth|typechange|Ice|[from] ability: Protean\n|-damage|p2a: Polteageist|89/100\n|-ability|p2a: Polteageist|Weak Armor|boost\n|-unboost|p2a: Polteageist|def|1\n|-boost|p2a: Polteageist|spe|2\n|-damage|p2a: Polteageist|62/100\n|-ability|p2a: Polteageist|Weak Armor|boost\n|-unboost|p2a: Polteageist|def|1\n|-boost|p2a: Polteageist|spe|2\n|-damage|p2a: Polteageist|8/100\n|-ability|p2a: Polteageist|Weak Armor|boost\n|-unboost|p2a: Polteageist|def|1\n|-boost|p2a: Polteageist|spe|2\n|-hitcount|p2a: Polteageist|3\n|-enditem|p2a: Polteageist|White Herb\n|-clearnegativeboost|p2a: Polteageist|[silent]\n|move|p2a: Polteageist|Will-O-Wisp|p1a: Sloth\n|-status|p1a: Sloth|brn\n|\n|-damage|p1a: Sloth|95/100 brn|[from] brn\n|upkeep\n|turn|2\n|\n|t:|1776546263\n|move|p2a: Polteageist|Baton Pass|p2a: Polteageist\n|c|\u2606AprilFoolsGoofyAsl|Sorry butt selected\n|inactive|AprilFoolsGoofyAsl has 30 seconds left.\n|\n|t:|1776546290\n|switch|p2a: Gardevoir|Gardevoir, L50, F|100/100|[from] Baton Pass\n|-ability|p2a: Gardevoir|Protean|Trace|[from] ability: Trace|[of] p1a: Sloth\n|move|p1a: Sloth|Triple Axel|p2a: Gardevoir\n|-damage|p2a: Gardevoir|93/100\n|-damage|p2a: Gardevoir|76/100\n|-damage|p2a: Gardevoir|52/100\n|-hitcount|p2a: Gardevoir|3\n|\n|-damage|p1a: Sloth|89/100 brn|[from] brn\n|upkeep\n|turn|3\n|\n|t:|1776546308\n|detailschange|p2a: Gardevoir|Gardevoir-Mega, L50, F\n|-mega|p2a: Gardevoir|Gardevoir|Gardevoirite\n|move|p2a: Gardevoir|Hyper Voice|p1a: Sloth\n|-damage|p1a: Sloth|0 fnt\n|faint|p1a: Sloth\n|\n|upkeep\n|\n|t:|1776546315\n|switch|p1a: Gluttony|Garganacl, L50, F, shiny|100/100\n|turn|4\n|\n|t:|1776546321\n|move|p2a: Gardevoir|Psychic|p1a: Gluttony\n|-damage|p1a: Gluttony|64/100\n|move|p1a: Gluttony|Salt Cure|p2a: Gardevoir\n|-damage|p2a: Gardevoir|29/100\n|-start|p2a: Gardevoir|Salt Cure\n|\n|-heal|p1a: Gluttony|70/100|[from] item: Leftovers\n|-damage|p2a: Gardevoir|23/100|[from] Salt Cure\n|upkeep\n|turn|5\n|\n|t:|1776546327\n|move|p2a: Gardevoir|Draining Kiss|p1a: Gluttony\n|-damage|p1a: Gluttony|49/100\n|-heal|p2a: Gardevoir|45/100|[from] drain|[of] p1a: Gluttony\n|move|p1a: Gluttony|Recover|p1a: Gluttony\n|-heal|p1a: Gluttony|99/100\n|\n|-heal|p1a: Gluttony|100/100|[from] item: Leftovers\n|-damage|p2a: Gardevoir|39/100|[from] Salt Cure\n|upkeep\n|turn|6\n|\n|t:|1776546335\n|move|p2a: Gardevoir|Hyper Voice|p1a: Gluttony\n|-damage|p1a: Gluttony|54/100\n|move|p1a: Gluttony|Recover|p1a: Gluttony\n|-heal|p1a: Gluttony|100/100\n|\n|-damage|p2a: Gardevoir|33/100|[from] Salt Cure\n|upkeep\n|turn|7\n|\n|t:|1776546342\n|move|p2a: Gardevoir|Draining Kiss|p1a: Gluttony\n|-damage|p1a: Gluttony|79/100\n|-heal|p2a: Gardevoir|56/100|[from] drain|[of] p1a: Gluttony\n|move|p1a: Gluttony|Recover|p1a: Gluttony\n|-heal|p1a: Gluttony|100/100\n|\n|-damage|p2a: Gardevoir|50/100|[from] Salt Cure\n|upkeep\n|turn|8\n|\n|t:|1776546349\n|move|p2a: Gardevoir|Draining Kiss|p1a: Gluttony\n|-damage|p1a: Gluttony|79/100\n|-heal|p2a: Gardevoir|74/100|[from] drain|[of] p1a: Gluttony\n|move|p1a: Gluttony|Salt Cure|p2a: Gardevoir\n|-damage|p2a: Gardevoir|50/100\n|\n|-heal|p1a: Gluttony|85/100|[from] item: Leftovers\n|-damage|p2a: Gardevoir|44/100|[from] Salt Cure\n|upkeep\n|turn|9\n|\n|t:|1776546363\n|move|p2a: Gardevoir|Draining Kiss|p1a: Gluttony\n|-damage|p1a: Gluttony|62/100\n|-heal|p2a: Gardevoir|68/100|[from] drain|[of] p1a: Gluttony\n|move|p1a: Gluttony|Recover|p1a: Gluttony\n|-heal|p1a: Gluttony|100/100\n|\n|-damage|p2a: Gardevoir|62/100|[from] Salt Cure\n|upkeep\n|turn|10\n|\n|t:|1776546369\n|move|p2a: Gardevoir|Draining Kiss|p1a: Gluttony\n|-damage|p1a: Gluttony|80/100\n|-heal|p2a: Gardevoir|84/100|[from] drain|[of] p1a: Gluttony\n|move|p1a: Gluttony|Salt Cure|p2a: Gardevoir\n|-damage|p2a: Gardevoir|61/100\n|\n|-heal|p1a: Gluttony|86/100|[from] item: Leftovers\n|-damage|p2a: Gardevoir|55/100|[from] Salt Cure\n|upkeep\n|turn|11\n|\n|t:|1776546376\n|move|p2a: Gardevoir|Calm Mind|p2a: Gardevoir\n|-boost|p2a: Gardevoir|spa|1\n|-boost|p2a: Gardevoir|spd|1\n|move|p1a: Gluttony|Iron Defense|p1a: Gluttony\n|-boost|p1a: Gluttony|def|2\n|\n|-heal|p1a: Gluttony|91/100|[from] item: Leftovers\n|-damage|p2a: Gardevoir|49/100|[from] Salt Cure\n|upkeep\n|turn|12\n|\n|t:|1776546382\n|move|p2a: Gardevoir|Draining Kiss|p1a: Gluttony\n|-damage|p1a: Gluttony|62/100\n|-heal|p2a: Gardevoir|80/100|[from] drain|[of] p1a: Gluttony\n|move|p1a: Gluttony|Body Press|p2a: Gardevoir\n|-resisted|p2a: Gardevoir|2\n|-damage|p2a: Gardevoir|60/100\n|\n|-heal|p1a: Gluttony|68/100|[from] item: Leftovers\n|-damage|p2a: Gardevoir|54/100|[from] Salt Cure\n|upkeep\n|turn|13\n|\n|t:|1776546390\n|move|p2a: Gardevoir|Hyper Voice|p1a: Gluttony\n|-damage|p1a: Gluttony|1/100\n|move|p1a: Gluttony|Recover|p1a: Gluttony\n|-heal|p1a: Gluttony|51/100\n|\n|-heal|p1a: Gluttony|57/100|[from] item: Leftovers\n|-damage|p2a: Gardevoir|48/100|[from] Salt Cure\n|upkeep\n|turn|14\n|\n|t:|1776546394\n|move|p2a: Gardevoir|Hyper Voice|p1a: Gluttony\n|-damage|p1a: Gluttony|0 fnt\n|faint|p1a: Gluttony\n|\n|-damage|p2a: Gardevoir|42/100|[from] Salt Cure\n|upkeep\n|\n|t:|1776546414\n|switch|p1a: Pride|Blastoise, L50, F|100/100\n|turn|15\n|\n|t:|1776546419\n|detailschange|p1a: Pride|Blastoise-Mega, L50, F\n|-mega|p1a: Pride|Blastoise|Blastoisinite\n|move|p2a: Gardevoir|Hyper Voice|p1a: Pride\n|-damage|p1a: Pride|7/100\n|move|p1a: Pride|Water Pulse|p2a: Gardevoir\n|-damage|p2a: Gardevoir|9/100\n|\n|-damage|p2a: Gardevoir|3/100|[from] Salt Cure\n|upkeep\n|turn|16\n|\n|t:|1776546426\n|move|p2a: Gardevoir|Hyper Voice|p1a: Pride\n|-damage|p1a: Pride|0 fnt\n|faint|p1a: Pride\n|\n|win|AprilFoolsGoofyAsl\n|raw|wuhyun's rating: 1123 &rarr; <strong>1094</strong><br />(-29 for losing)\n|raw|AprilFoolsGoofyAsl's rating: 1068 &rarr; <strong>1102</strong><br />(+34 for winning)\n|l|\u2606wuhyun\n|player|p1|\n",
  "uploadtime": 1776546613,
  "views": 2,
  "formatid": "gen9championsbssregma",
  "rating": 1094,
  "private": 0,
  "password": null
}