{
  "id": "gen9championsbssregma-2585546279",
  "format": "[Gen 9 Champions] BSS Reg M-A",
  "players": [
    "Aquamonali",
    "z-pokemaster2000"
  ],
  "log": "|j|\u2606Aquamonali\n|j|\u2606z-pokemaster2000\n|t:|1776354661\n|gametype|singles\n|player|p1|Aquamonali|canari|1151\n|player|p2|z-pokemaster2000|1|1237\n|gen|9\n|tier|[Gen 9 Champions] BSS Reg M-A\n|rated|\n|rule|Species Clause: Limit one of each Pok\u00e9mon\n|rule|Item Clause: Limit 1 of each item\n|clearpoke\n|poke|p1|Dragonite, L50, F|\n|poke|p1|Corviknight, L50, F|\n|poke|p1|Rotom-Wash, L50|\n|poke|p1|Sylveon, L50, F|\n|poke|p1|Sneasler, L50, F|\n|poke|p1|Basculegion, L50, M|\n|poke|p2|Kangaskhan, L50, F|\n|poke|p2|Aegislash, L50, F|\n|poke|p2|Primarina, L50, M|\n|poke|p2|Rotom-Heat, L50|\n|poke|p2|Meowscarada, L50, M|\n|poke|p2|Slowbro-Galar, L50, F|\n|teampreview|3\n|inactive|Battle timer is ON: inactive players will automatically lose when time's up. (requested by Aquamonali)\n|inactive|z-pokemaster2000 has 60 seconds left.\n|inactive|z-pokemaster2000 has 30 seconds left.\n|\n|t:|1776354730\n|teamsize|p1|3\n|teamsize|p2|3\n|start\n|switch|p1a: Dragonite|Dragonite, L50, F, shiny|100/100\n|switch|p2a: Rotom|Rotom-Heat, L50, shiny|100/100\n|turn|1\n|\n|t:|1776354737\n|detailschange|p1a: Dragonite|Dragonite-Mega, L50, F, shiny\n|-mega|p1a: Dragonite|Dragonite|Dragoninite\n|move|p2a: Rotom|Discharge|p1a: Dragonite\n|-damage|p1a: Dragonite|84/100\n|-status|p1a: Dragonite|par\n|move|p1a: Dragonite|Dragon Pulse|p2a: Rotom\n|-damage|p2a: Rotom|41/100\n|\n|upkeep\n|turn|2\n|\n|t:|1776354748\n|switch|p2a: Aegislash|Aegislash, L50, F, shiny|100/100\n|move|p1a: Dragonite|Dragon Pulse|p2a: Aegislash\n|-resisted|p2a: Aegislash|1\n|-damage|p2a: Aegislash|84/100\n|\n|-heal|p2a: Aegislash|90/100|[from] item: Leftovers\n|upkeep\n|turn|3\n|\n|t:|1776354756\n|move|p2a: Aegislash|Swords Dance|p2a: Aegislash\n|-boost|p2a: Aegislash|atk|2\n|cant|p1a: Dragonite|par\n|\n|-heal|p2a: Aegislash|96/100|[from] item: Leftovers\n|upkeep\n|turn|4\n|\n|t:|1776354761\n|move|p2a: Aegislash|King's Shield|p2a: Aegislash\n|-singleturn|p2a: Aegislash|Protect\n|move|p1a: Dragonite|Fire Blast|p2a: Aegislash\n|-activate|p2a: Aegislash|move: Protect\n|\n|-heal|p2a: Aegislash|100/100|[from] item: Leftovers\n|upkeep\n|turn|5\n|\n|t:|1776354771\n|-formechange|p2a: Aegislash|Aegislash-Blade|\n|move|p2a: Aegislash|Iron Head|p1a: Dragonite\n|-damage|p1a: Dragonite|10/100 par\n|cant|p1a: Dragonite|flinch\n|\n|upkeep\n|turn|6\n|\n|t:|1776354777\n|move|p2a: Aegislash|Shadow Sneak|p1a: Dragonite\n|-crit|p1a: Dragonite\n|-damage|p1a: Dragonite|0 fnt\n|faint|p1a: Dragonite\n|\n|upkeep\n|\n|t:|1776354780\n|switch|p1a: Basculegion|Basculegion, L50, M, shiny|100/100\n|turn|7\n|\n|t:|1776354784\n|-formechange|p2a: Aegislash|Aegislash|\n|move|p2a: Aegislash|King's Shield|p2a: Aegislash\n|-singleturn|p2a: Aegislash|Protect\n|move|p1a: Basculegion|Last Respects|p2a: Aegislash\n|-activate|p2a: Aegislash|move: Protect\n|\n|upkeep\n|turn|8\n|\n|t:|1776354793\n|switch|p1a: Rotom|Rotom-Wash, L50, shiny|100/100\n|switch|p2a: Kangaskhan|Kangaskhan, L50, F|100/100\n|\n|upkeep\n|turn|9\n|\n|t:|1776354804\n|switch|p2a: Rotom|Rotom-Heat, L50, shiny|41/100\n|move|p1a: Rotom|Will-O-Wisp|p2a: Rotom\n|-immune|p2a: Rotom\n|\n|upkeep\n|turn|10\n|\n|t:|1776354823\n|move|p2a: Rotom|Overheat|p1a: Rotom\n|-resisted|p1a: Rotom|1\n|-damage|p1a: Rotom|61/100\n|-unboost|p2a: Rotom|spa|2\n|move|p1a: Rotom|Hydro Pump|p2a: Rotom\n|-supereffective|p2a: Rotom|1\n|-damage|p2a: Rotom|0 fnt\n|faint|p2a: Rotom\n|\n|upkeep\n|\n|t:|1776354827\n|switch|p2a: Kangaskhan|Kangaskhan, L50, F|100/100\n|turn|11\n|inactive|z-pokemaster2000 has 30 seconds left.\n|\n|t:|1776354862\n|detailschange|p2a: Kangaskhan|Kangaskhan-Mega, L50, F\n|-mega|p2a: Kangaskhan|Kangaskhan|Kangaskhanite\n|move|p1a: Rotom|Will-O-Wisp|p2a: Kangaskhan|[miss]\n|-miss|p1a: Rotom|p2a: Kangaskhan\n|move|p2a: Kangaskhan|Body Slam|p1a: Rotom\n|-damage|p1a: Rotom|3/100\n|-crit|p1a: Rotom\n|-damage|p1a: Rotom|0 fnt\n|faint|p1a: Rotom\n|-hitcount|p1: Rotom|2\n|\n|upkeep\n|\n|t:|1776354870\n|switch|p1a: Basculegion|Basculegion, L50, M, shiny|100/100\n|turn|12\n|\n|t:|1776354873\n|move|p1a: Basculegion|Surf|p2a: Kangaskhan\n|-damage|p2a: Kangaskhan|55/100\n|move|p2a: Kangaskhan|Crunch|p1a: Basculegion\n|-supereffective|p1a: Basculegion|1\n|-damage|p1a: Basculegion|9/100\n|-supereffective|p1a: Basculegion|1\n|-damage|p1a: Basculegion|0 fnt\n|faint|p1a: Basculegion\n|-hitcount|p1: Basculegion|2\n|\n|win|z-pokemaster2000\n|raw|Aquamonali's rating: 1151 &rarr; <strong>1132</strong><br />(-19 for losing)\n|raw|z-pokemaster2000's rating: 1237 &rarr; <strong>1256</strong><br />(+19 for winning)\n|l|\u2606Aquamonali\n|player|p1|\n",
  "uploadtime": 1776354883,
  "views": 10,
  "formatid": "gen9championsbssregma",
  "rating": 1132,
  "private": 0,
  "password": null
}