{
  "id": "gen9championsbssregma-2587946327",
  "format": "[Gen 9 Champions] BSS Reg M-A",
  "players": [
    "praction",
    "asasdfaf"
  ],
  "log": "|j|\u2606praction\n|j|\u2606asasdfaf\n|t:|1776583007\n|gametype|singles\n|player|p1|praction|2|1061\n|player|p2|asasdfaf|265|1137\n|gen|9\n|tier|[Gen 9 Champions] BSS Reg M-A\n|rated|\n|rule|Species Clause: Limit one of each Pok\u00e9mon\n|rule|Item Clause: Limit 1 of each item\n|clearpoke\n|poke|p1|Greninja, L50, M|\n|poke|p1|Aegislash, L50, F|\n|poke|p1|Garchomp, L50, F|\n|poke|p1|Hippowdon, L50, F|\n|poke|p1|Charizard, L50, M|\n|poke|p1|Lucario, L50, F|\n|poke|p2|Feraligatr, L50, M|\n|poke|p2|Aegislash, L50, M|\n|poke|p2|Garchomp, L50, F|\n|poke|p2|Rotom-Heat, L50|\n|poke|p2|Venusaur, L50, F|\n|poke|p2|Clefable, L50, M|\n|teampreview|3\n|inactive|Battle timer is ON: inactive players will automatically lose when time's up. (requested by asasdfaf)\n|\n|t:|1776583037\n|teamsize|p1|3\n|teamsize|p2|3\n|start\n|switch|p1a: Greninja|Greninja, L50, M|100/100\n|switch|p2a: Feraligatr|Feraligatr, L50, M|100/100\n|turn|1\n|\n|t:|1776583048\n|detailschange|p2a: Feraligatr|Feraligatr-Mega, L50, M\n|-mega|p2a: Feraligatr|Feraligatr|Feraligite\n|move|p1a: Greninja|Dark Pulse|p2a: Feraligatr\n|-start|p1a: Greninja|typechange|Dark|[from] ability: Protean\n|-damage|p2a: Feraligatr|63/100\n|move|p2a: Feraligatr|Dragon Dance|p2a: Feraligatr\n|-boost|p2a: Feraligatr|atk|1\n|-boost|p2a: Feraligatr|spe|1\n|\n|upkeep\n|turn|2\n|\n|t:|1776583062\n|switch|p1a: Garchomp|Garchomp, L50, F|100/100\n|move|p2a: Feraligatr|Double-Edge|p1a: Garchomp\n|-supereffective|p1a: Garchomp|1\n|-damage|p1a: Garchomp|0 fnt\n|faint|p1a: Garchomp\n|-damage|p2a: Feraligatr|31/100|[from] Recoil\n|\n|upkeep\n|\n|t:|1776583074\n|switch|p1a: Greninja|Greninja, L50, M|100/100\n|turn|3\n|\n|t:|1776583079\n|move|p2a: Feraligatr|Double-Edge|p1a: Greninja\n|-enditem|p1a: Greninja|Focus Sash\n|-damage|p1a: Greninja|1/100\n|-damage|p2a: Feraligatr|6/100|[from] Recoil\n|move|p1a: Greninja|Dark Pulse|p2a: Feraligatr\n|-start|p1a: Greninja|typechange|Dark|[from] ability: Protean\n|-damage|p2a: Feraligatr|0 fnt\n|faint|p2a: Feraligatr\n|\n|upkeep\n|\n|t:|1776583083\n|switch|p2a: Clefable|Clefable, L50, M|100/100\n|turn|4\n|\n|t:|1776583092\n|move|p1a: Greninja|U-turn|p2a: Clefable\n|-resisted|p2a: Clefable|1\n|-damage|p2a: Clefable|95/100\n|\n|t:|1776583093\n|switch|p1a: Lucario|Lucario, L50, F|100/100|[from] U-turn\n|move|p2a: Clefable|Moonblast|p1a: Lucario\n|-damage|p1a: Lucario|41/100\n|\n|upkeep\n|turn|5\n|\n|t:|1776583104\n|detailschange|p1a: Lucario|Lucario-Mega, L50, F\n|-mega|p1a: Lucario|Lucario|Lucarionite\n|move|p1a: Lucario|Bullet Punch|p2a: Clefable\n|-supereffective|p2a: Clefable|1\n|-damage|p2a: Clefable|48/100\n|-enditem|p2a: Clefable|Sitrus Berry|[eat]\n|-heal|p2a: Clefable|72/100|[from] item: Sitrus Berry\n|move|p2a: Clefable|Fire Blast|p1a: Lucario\n|-supereffective|p1a: Lucario|1\n|-damage|p1a: Lucario|0 fnt\n|faint|p1a: Lucario\n|\n|upkeep\n|-message|praction forfeited.\n|\n|win|asasdfaf\n|raw|praction's rating: 1061 &rarr; <strong>1046</strong><br />(-15 for losing)\n|raw|asasdfaf's rating: 1137 &rarr; <strong>1157</strong><br />(+20 for winning)\n|l|\u2606praction\n|player|p1|\n",
  "uploadtime": 1776583110,
  "views": 1,
  "formatid": "gen9championsbssregma",
  "rating": 1046,
  "private": 0,
  "password": null
}