{
  "id": "gen9championsbssregma-2587062477",
  "format": "[Gen 9 Champions] BSS Reg M-A",
  "players": [
    "mega.CHIVA",
    "spike000xxx"
  ],
  "log": "|j|\u2606mega.CHIVA\n|j|\u2606spike000xxx\n|t:|1776488392\n|gametype|singles\n|player|p1|mega.CHIVA|unknown|1167\n|player|p2|spike000xxx|az|1125\n|gen|9\n|tier|[Gen 9 Champions] BSS Reg M-A\n|rated|\n|rule|Species Clause: Limit one of each Pok\u00e9mon\n|rule|Item Clause: Limit 1 of each item\n|clearpoke\n|poke|p1|Corviknight, L50, M|\n|poke|p1|Garchomp, L50, M|\n|poke|p1|Hawlucha, L50, M|\n|poke|p1|Sylveon, L50, F|\n|poke|p1|Greninja, L50, M|\n|poke|p1|Blastoise, L50, M|\n|poke|p2|Dragonite, L50, M, shiny|\n|poke|p2|Charizard, L50, M, shiny|\n|poke|p2|Scizor, L50, M, shiny|\n|poke|p2|Archaludon, L50, M, shiny|\n|poke|p2|Incineroar, L50, M, shiny|\n|poke|p2|Garchomp, L50, M, shiny|\n|teampreview|3\n|\n|t:|1776488438\n|teamsize|p1|3\n|teamsize|p2|3\n|start\n|switch|p1a: Sylveon|Sylveon, L50, F|100/100\n|switch|p2a: Archaludon|Archaludon, L50, M, shiny|100/100\n|turn|1\n|\n|t:|1776488447\n|move|p2a: Archaludon|Flash Cannon|p1a: Sylveon\n|-supereffective|p1a: Sylveon|1\n|-damage|p1a: Sylveon|35/100\n|-unboost|p1a: Sylveon|spd|1\n|move|p1a: Sylveon|Mystical Fire|p2a: Archaludon\n|-crit|p2a: Archaludon\n|-damage|p2a: Archaludon|55/100\n|-unboost|p2a: Archaludon|spa|1\n|-ability|p2a: Archaludon|Stamina|boost\n|-boost|p2a: Archaludon|def|1\n|\n|-heal|p2a: Archaludon|61/100|[from] item: Leftovers\n|upkeep\n|turn|2\n|\n|t:|1776488461\n|move|p2a: Archaludon|Flash Cannon|p1a: Sylveon\n|-supereffective|p1a: Sylveon|1\n|-damage|p1a: Sylveon|0 fnt\n|faint|p1a: Sylveon\n|\n|-heal|p2a: Archaludon|67/100|[from] item: Leftovers\n|upkeep\n|\n|t:|1776488467\n|switch|p1a: Hawlucha|Hawlucha, L50, M|100/100\n|turn|3\n|\n|t:|1776488492\n|detailschange|p1a: Hawlucha|Hawlucha-Mega, L50, M\n|-mega|p1a: Hawlucha|Hawlucha|Hawluchanite\n|move|p1a: Hawlucha|Cross Chop|p2a: Archaludon\n|-supereffective|p2a: Archaludon|1\n|-damage|p2a: Archaludon|11/100\n|-ability|p2a: Archaludon|Stamina|boost\n|-boost|p2a: Archaludon|def|1\n|move|p2a: Archaludon|Stealth Rock|p1a: Hawlucha\n|-sidestart|p1: mega.CHIVA|move: Stealth Rock\n|\n|-heal|p2a: Archaludon|17/100|[from] item: Leftovers\n|upkeep\n|turn|4\n|\n|t:|1776488508\n|move|p1a: Hawlucha|Cross Chop|p2a: Archaludon\n|-supereffective|p2a: Archaludon|1\n|-damage|p2a: Archaludon|0 fnt\n|faint|p2a: Archaludon\n|\n|upkeep\n|\n|t:|1776488513\n|switch|p2a: Dragonite|Dragonite, L50, M, shiny|100/100\n|turn|5\n|\n|t:|1776488518\n|move|p1a: Hawlucha|Stone Edge|p2a: Dragonite\n|-supereffective|p2a: Dragonite|1\n|-damage|p2a: Dragonite|62/100\n|move|p2a: Dragonite|Dragon Dance|p2a: Dragonite\n|-boost|p2a: Dragonite|atk|1\n|-boost|p2a: Dragonite|spe|1\n|\n|upkeep\n|turn|6\n|\n|t:|1776488531\n|move|p2a: Dragonite|Extreme Speed|p1a: Hawlucha\n|-damage|p1a: Hawlucha|50/100\n|move|p1a: Hawlucha|Stone Edge|p2a: Dragonite\n|-supereffective|p2a: Dragonite|1\n|-damage|p2a: Dragonite|0 fnt\n|faint|p2a: Dragonite\n|\n|upkeep\n|\n|t:|1776488540\n|switch|p2a: Charizard|Charizard, L50, M, shiny|100/100\n|turn|7\n|j| huhyuhyuhyuh\n|\n|t:|1776488548\n|detailschange|p2a: Charizard|Charizard-Mega-Y, L50, M, shiny\n|-mega|p2a: Charizard|Charizard|Charizardite Y\n|-weather|SunnyDay|[from] ability: Drought|[of] p2a: Charizard\n|move|p1a: Hawlucha|Stone Edge|p2a: Charizard\n|-supereffective|p2a: Charizard|2\n|-damage|p2a: Charizard|0 fnt\n|faint|p2a: Charizard\n|\n|win|mega.CHIVA\n|raw|mega.CHIVA's rating: 1167 &rarr; <strong>1189</strong><br />(+22 for winning)\n|raw|spike000xxx's rating: 1125 &rarr; <strong>1103</strong><br />(-22 for losing)\n",
  "uploadtime": 1776488555,
  "views": 2,
  "formatid": "gen9championsbssregma",
  "rating": 1103,
  "private": 0,
  "password": null
}