{
  "id": "gen9championsbssregma-2583109289",
  "format": "[Gen 9 Champions] BSS Reg M-A",
  "players": [
    "perfectnine",
    "Take609"
  ],
  "log": "|j|\u2606perfectnine\n|j|\u2606Take609\n|t:|1776143064\n|gametype|singles\n|player|p1|perfectnine|170|1287\n|player|p2|Take609|102|1195\n|gen|9\n|tier|[Gen 9 Champions] BSS Reg M-A\n|rated|\n|rule|Species Clause: Limit one of each Pok\u00e9mon\n|rule|Item Clause: Limit 1 of each item\n|clearpoke\n|poke|p1|Tyranitar, L50, F|\n|poke|p1|Excadrill, L50, M|\n|poke|p1|Archaludon, L50, M|\n|poke|p1|Gyarados, L50, M|\n|poke|p1|Meganium, L50, M|\n|poke|p1|Charizard, L50, M|\n|poke|p2|Charizard, L50, M|\n|poke|p2|Vaporeon, L50, F|\n|poke|p2|Whimsicott, L50, F|\n|poke|p2|Garchomp, L50, M|\n|poke|p2|Samurott-Hisui, L50, M|\n|poke|p2|Gengar, L50, F|\n|teampreview|3\n|inactive|Battle timer is ON: inactive players will automatically lose when time's up. (requested by Take609)\n|inactive|Take609 has 60 seconds left.\n|\n|t:|1776143118\n|teamsize|p1|3\n|teamsize|p2|3\n|start\n|switch|p1a: Meganium|Meganium, L50, M|100/100\n|switch|p2a: Garchomp|Garchomp, L50, M, shiny|100/100\n|turn|1\n|\n|t:|1776143127\n|switch|p2a: Gengar|Gengar, L50, F|100/100\n|detailschange|p1a: Meganium|Meganium-Mega, L50, M\n|-mega|p1a: Meganium|Meganium|Meganiumite\n|move|p1a: Meganium|Dazzling Gleam|p2a: Gengar\n|-resisted|p2a: Gengar|1\n|-damage|p2a: Gengar|63/100\n|\n|upkeep\n|turn|2\n|\n|t:|1776143136\n|switch|p1a: Tyranitar|Tyranitar, L50, F|100/100\n|-weather|Sandstorm|[from] ability: Sand Stream|[of] p1a: Tyranitar\n|detailschange|p2a: Gengar|Gengar-Mega, L50, F\n|-mega|p2a: Gengar|Gengar|Gengarite\n|move|p2a: Gengar|Substitute|p2a: Gengar\n|-start|p2a: Gengar|Substitute\n|-damage|p2a: Gengar|38/100\n|\n|-weather|Sandstorm|[upkeep]\n|-damage|p2a: Gengar|33/100|[from] Sandstorm\n|upkeep\n|turn|3\n|\n|t:|1776143148\n|move|p2a: Gengar|Pain Split|p1a: Tyranitar\n|-sethp|p1a: Tyranitar|63/100|[from] move: Pain Split|[silent]\n|-sethp|p2a: Gengar|82/100|[from] move: Pain Split\n|move|p1a: Tyranitar|Knock Off|p2a: Gengar\n|-supereffective|p2a: Gengar|1\n|-end|p2a: Gengar|Substitute\n|\n|-weather|Sandstorm|[upkeep]\n|-damage|p2a: Gengar|76/100|[from] Sandstorm\n|upkeep\n|turn|4\n|\n|t:|1776143158\n|move|p2a: Gengar|Will-O-Wisp|p1a: Tyranitar\n|-status|p1a: Tyranitar|brn\n|move|p1a: Tyranitar|Knock Off|p2a: Gengar\n|-supereffective|p2a: Gengar|1\n|-damage|p2a: Gengar|30/100\n|\n|-weather|Sandstorm|[upkeep]\n|-damage|p2a: Gengar|24/100|[from] Sandstorm\n|-damage|p1a: Tyranitar|57/100 brn|[from] brn\n|upkeep\n|turn|5\n|j| p74\n|\n|t:|1776143169\n|switch|p2a: Vaporeon|Vaporeon, L50, F|100/100\n|move|p1a: Tyranitar|Knock Off|p2a: Vaporeon\n|-damage|p2a: Vaporeon|80/100\n|-enditem|p2a: Vaporeon|Lum Berry|[from] move: Knock Off|[of] p1a: Tyranitar\n|\n|-weather|Sandstorm|[upkeep]\n|-damage|p2a: Vaporeon|74/100|[from] Sandstorm\n|-damage|p1a: Tyranitar|51/100 brn|[from] brn\n|upkeep\n|turn|6\n|\n|t:|1776143183\n|switch|p1a: Gyarados|Gyarados, L50, M|100/100\n|-ability|p1a: Gyarados|Intimidate|boost\n|-unboost|p2a: Vaporeon|atk|1\n|move|p2a: Vaporeon|Flip Turn|p1a: Gyarados\n|-resisted|p1a: Gyarados|1\n|-damage|p1a: Gyarados|96/100\n|\n|t:|1776143190\n|switch|p2a: Garchomp|Garchomp, L50, M, shiny|100/100|[from] Flip Turn\n|\n|-weather|none\n|upkeep\n|turn|7\n|\n|t:|1776143198\n|move|p1a: Gyarados|Ice Fang|p2a: Garchomp\n|-supereffective|p2a: Garchomp|2\n|-damage|p2a: Garchomp|4/100\n|-damage|p1a: Gyarados|84/100|[from] ability: Rough Skin|[of] p2a: Garchomp\n|move|p2a: Garchomp|Dragon Tail|p1a: Gyarados|[miss]\n|-miss|p2a: Garchomp|p1a: Gyarados\n|\n|upkeep\n|turn|8\n|\n|t:|1776143207\n|move|p2a: Garchomp|Stealth Rock|p1a: Gyarados\n|-sidestart|p1: perfectnine|move: Stealth Rock\n|move|p1a: Gyarados|Power Whip|p2a: Garchomp\n|-crit|p2a: Garchomp\n|-damage|p2a: Garchomp|0 fnt\n|-damage|p1a: Gyarados|71/100|[from] ability: Rough Skin|[of] p2a: Garchomp\n|faint|p2a: Garchomp\n|\n|upkeep\n|\n|t:|1776143217\n|switch|p2a: Vaporeon|Vaporeon, L50, F|74/100\n|turn|9\n|\n|t:|1776143221\n|move|p1a: Gyarados|Power Whip|p2a: Vaporeon\n|-supereffective|p2a: Vaporeon|1\n|-crit|p2a: Vaporeon\n|-damage|p2a: Vaporeon|0 fnt\n|faint|p2a: Vaporeon\n|\n|upkeep\n|\n|t:|1776143227\n|switch|p2a: Gengar|Gengar-Mega, L50, F|24/100\n|turn|10\n|\n|t:|1776143233\n|move|p2a: Gengar|Will-O-Wisp|p1a: Gyarados|[miss]\n|-miss|p2a: Gengar|p1a: Gyarados\n|move|p1a: Gyarados|Aqua Tail|p2a: Gengar\n|-damage|p2a: Gengar|0 fnt\n|faint|p2a: Gengar\n|\n|win|perfectnine\n|raw|perfectnine's rating: 1287 &rarr; <strong>1306</strong><br />(+19 for winning)\n|raw|Take609's rating: 1195 &rarr; <strong>1176</strong><br />(-19 for losing)\n|l|\u2606Take609\n|player|p2|\n|l|\u2606perfectnine\n|player|p1|\n",
  "uploadtime": 1776143256,
  "views": 2,
  "formatid": "gen9championsbssregma",
  "rating": 1176,
  "private": 0,
  "password": null
}