{
  "id": "gen9championsbssregma-2582208616",
  "format": "[Gen 9 Champions] BSS Reg M-A",
  "players": [
    "chanmin",
    "Mitarashi"
  ],
  "log": "|j|\u203dchanmin\n|j|\u2606Mitarashi\n|t:|1776071481\n|gametype|singles\n|player|p1|chanmin|170|1342\n|player|p2|Mitarashi|170|1291\n|gen|9\n|tier|[Gen 9 Champions] BSS Reg M-A\n|rated|\n|rule|Species Clause: Limit one of each Pok\u00e9mon\n|rule|Item Clause: Limit 1 of each item\n|clearpoke\n|poke|p1|Scovillain, L50, M|\n|poke|p1|Araquanid, L50, F|\n|poke|p1|Kangaskhan, L50, F|\n|poke|p1|Archaludon, L50, F|\n|poke|p1|Arcanine-Hisui, L50, F|\n|poke|p1|Rotom-Wash, L50|\n|poke|p2|Tyranitar, L50, F|\n|poke|p2|Corviknight, L50, F|\n|poke|p2|Toxapex, L50, M|\n|poke|p2|Delphox, L50, M|\n|poke|p2|Meowscarada, L50, F|\n|poke|p2|Garchomp, L50, F|\n|teampreview|3\n|j| p74\n|\n|t:|1776071533\n|teamsize|p1|3\n|teamsize|p2|3\n|start\n|switch|p1a: Archaludon|Archaludon, L50, F|100/100\n|switch|p2a: Delphox|Delphox, L50, M|100/100\n|turn|1\n|inactive|Battle timer is ON: inactive players will automatically lose when time's up. (requested by Mitarashi)\n|\n|t:|1776071540\n|detailschange|p2a: Delphox|Delphox-Mega, L50, M\n|-mega|p2a: Delphox|Delphox|Delphoxite\n|move|p2a: Delphox|Substitute|p2a: Delphox\n|-start|p2a: Delphox|Substitute\n|-damage|p2a: Delphox|75/100\n|move|p1a: Archaludon|Thunder Wave||[still]\n|-fail|p1a: Archaludon\n|\n|upkeep\n|turn|2\n|\n|t:|1776071553\n|move|p2a: Delphox|Flamethrower|p1a: Archaludon\n|-damage|p1a: Archaludon|17/100\n|move|p1a: Archaludon|Dragon Tail|p2a: Delphox\n|-crit|p2a: Delphox\n|-end|p2a: Delphox|Substitute\n|\n|upkeep\n|turn|3\n|\n|t:|1776071565\n|move|p2a: Delphox|Psychic|p1a: Archaludon\n|-resisted|p1a: Archaludon|1\n|-damage|p1a: Archaludon|0 fnt\n|faint|p1a: Archaludon\n|\n|upkeep\n|\n|t:|1776071572\n|switch|p1a: Kangaskhan|Kangaskhan, L50, F|100/100\n|turn|4\n|\n|t:|1776071579\n|switch|p2a: Corviknight|Corviknight, L50, F, shiny|100/100\n|detailschange|p1a: Kangaskhan|Kangaskhan-Mega, L50, F\n|-mega|p1a: Kangaskhan|Kangaskhan|Kangaskhanite\n|move|p1a: Kangaskhan|Fake Out|p2a: Corviknight\n|-resisted|p2a: Corviknight|1\n|-damage|p2a: Corviknight|94/100\n|-resisted|p2a: Corviknight|1\n|-damage|p2a: Corviknight|93/100\n|-hitcount|p2a: Corviknight|2\n|\n|upkeep\n|turn|5\n|\n|t:|1776071590\n|switch|p1a: Rotom|Rotom-Wash, L50|100/100\n|move|p2a: Corviknight|U-turn|p1a: Rotom\n|-damage|p1a: Rotom|85/100\n|\n|t:|1776071595\n|switch|p2a: Delphox|Delphox-Mega, L50, M|75/100|[from] U-turn\n|\n|upkeep\n|turn|6\n|\n|t:|1776071608\n|move|p2a: Delphox|Psychic|p1a: Rotom\n|-damage|p1a: Rotom|27/100\n|-enditem|p1a: Rotom|Sitrus Berry|[eat]\n|-heal|p1a: Rotom|51/100|[from] item: Sitrus Berry\n|move|p1a: Rotom|Hydro Pump|p2a: Delphox\n|-supereffective|p2a: Delphox|1\n|-damage|p2a: Delphox|0 fnt\n|faint|p2a: Delphox\n|\n|upkeep\n|\n|t:|1776071618\n|switch|p2a: Toxapex|Toxapex, L50, M|100/100\n|turn|7\n|\n|t:|1776071624\n|move|p1a: Rotom|Thunderbolt|p2a: Toxapex\n|-supereffective|p2a: Toxapex|1\n|-damage|p2a: Toxapex|42/100\n|move|p2a: Toxapex|Toxic|p1a: Rotom\n|-status|p1a: Rotom|tox\n|\n|-heal|p2a: Toxapex|48/100|[from] item: Leftovers\n|-damage|p1a: Rotom|46/100 tox|[from] psn\n|upkeep\n|turn|8\n|\n|t:|1776071637\n|switch|p1a: Kangaskhan|Kangaskhan-Mega, L50, F|100/100\n|move|p2a: Toxapex|Baneful Bunker||[still]\n|-fail|p2a: Toxapex\n|\n|-heal|p2a: Toxapex|53/100|[from] item: Leftovers\n|upkeep\n|turn|9\n|\n|t:|1776071646\n|switch|p2a: Corviknight|Corviknight, L50, F, shiny|93/100\n|move|p1a: Kangaskhan|Earthquake|p2a: Corviknight\n|-immune|p2a: Corviknight\n|\n|upkeep\n|turn|10\n|\n|t:|1776071654\n|move|p1a: Kangaskhan|Fire Punch|p2a: Corviknight\n|-supereffective|p2a: Corviknight|1\n|-damage|p2a: Corviknight|59/100\n|-supereffective|p2a: Corviknight|1\n|-damage|p2a: Corviknight|50/100\n|-enditem|p2a: Corviknight|Sitrus Berry|[eat]\n|-heal|p2a: Corviknight|75/100|[from] item: Sitrus Berry\n|-hitcount|p2a: Corviknight|2\n|move|p2a: Corviknight|Body Press|p1a: Kangaskhan\n|-supereffective|p1a: Kangaskhan|1\n|-damage|p1a: Kangaskhan|52/100\n|\n|upkeep\n|turn|11\n|\n|t:|1776071668\n|move|p1a: Kangaskhan|Fire Punch|p2a: Corviknight\n|-supereffective|p2a: Corviknight|1\n|-damage|p2a: Corviknight|39/100\n|-supereffective|p2a: Corviknight|1\n|-damage|p2a: Corviknight|30/100\n|-status|p2a: Corviknight|brn\n|-hitcount|p2a: Corviknight|2\n|move|p2a: Corviknight|Iron Defense|p2a: Corviknight\n|-boost|p2a: Corviknight|def|2\n|\n|-damage|p2a: Corviknight|24/100 brn|[from] brn\n|upkeep\n|turn|12\n|\n|t:|1776071681\n|move|p1a: Kangaskhan|Fire Punch|p2a: Corviknight\n|-supereffective|p2a: Corviknight|1\n|-damage|p2a: Corviknight|7/100 brn\n|-supereffective|p2a: Corviknight|1\n|-damage|p2a: Corviknight|3/100 brn\n|-hitcount|p2a: Corviknight|2\n|move|p2a: Corviknight|Roost|p2a: Corviknight\n|-heal|p2a: Corviknight|54/100 brn\n|-singleturn|p2a: Corviknight|move: Roost\n|\n|-damage|p2a: Corviknight|48/100 brn|[from] brn\n|upkeep\n|turn|13\n|\n|t:|1776071696\n|switch|p1a: Rotom|Rotom-Wash, L50|46/100 tox\n|move|p2a: Corviknight|Roost|p2a: Corviknight\n|-heal|p2a: Corviknight|98/100 brn\n|-singleturn|p2a: Corviknight|move: Roost\n|\n|-damage|p1a: Rotom|40/100 tox|[from] psn\n|-damage|p2a: Corviknight|92/100 brn|[from] brn\n|upkeep\n|turn|14\n|\n|t:|1776071709\n|switch|p2a: Toxapex|Toxapex, L50, M|86/100\n|move|p1a: Rotom|Thunderbolt|p2a: Toxapex\n|-supereffective|p2a: Toxapex|1\n|-damage|p2a: Toxapex|32/100\n|\n|-heal|p2a: Toxapex|37/100|[from] item: Leftovers\n|-damage|p1a: Rotom|29/100 tox|[from] psn\n|upkeep\n|turn|15\n|\n|t:|1776071721\n|move|p2a: Toxapex|Baneful Bunker|p2a: Toxapex\n|-singleturn|p2a: Toxapex|move: Protect\n|move|p1a: Rotom|Volt Switch|p2a: Toxapex\n|-activate|p2a: Toxapex|move: Protect\n|\n|-heal|p2a: Toxapex|43/100|[from] item: Leftovers\n|-damage|p1a: Rotom|11/100 tox|[from] psn\n|upkeep\n|turn|16\n|\n|t:|1776071737\n|move|p1a: Rotom|Volt Switch|p2a: Toxapex\n|-supereffective|p2a: Toxapex|1\n|-damage|p2a: Toxapex|0 fnt\n|faint|p2a: Toxapex\n|\n|t:|1776071741\n|switch|p1a: Kangaskhan|Kangaskhan-Mega, L50, F|52/100|[from] Volt Switch\n|\n|upkeep\n|\n|t:|1776071745\n|switch|p2a: Corviknight|Corviknight, L50, F, shiny|92/100 brn\n|turn|17\n|\n|t:|1776071755\n|move|p1a: Kangaskhan|Fake Out|p2a: Corviknight\n|-resisted|p2a: Corviknight|1\n|-damage|p2a: Corviknight|85/100 brn\n|-resisted|p2a: Corviknight|1\n|-damage|p2a: Corviknight|83/100 brn\n|-hitcount|p2a: Corviknight|2\n|cant|p2a: Corviknight|flinch\n|\n|-damage|p2a: Corviknight|78/100 brn|[from] brn\n|upkeep\n|turn|18\n|inactive|chanmin has 30 seconds left.\n|\n|t:|1776071787\n|switch|p1a: Rotom|Rotom-Wash, L50|11/100 tox\n|move|p2a: Corviknight|Iron Defense|p2a: Corviknight\n|-boost|p2a: Corviknight|def|2\n|\n|-damage|p1a: Rotom|6/100 tox|[from] psn\n|-damage|p2a: Corviknight|72/100 brn|[from] brn\n|upkeep\n|turn|19\n|\n|t:|1776071797\n|move|p1a: Rotom|Thunderbolt|p2a: Corviknight\n|-supereffective|p2a: Corviknight|1\n|-damage|p2a: Corviknight|0 fnt\n|faint|p2a: Corviknight\n|\n|win|chanmin\n|raw|chanmin's rating: 1342 &rarr; <strong>1359</strong><br />(+17 for winning)\n|raw|Mitarashi's rating: 1291 &rarr; <strong>1270</strong><br />(-21 for losing)\n|l|\u2606Mitarashi\n|player|p2|\n|l|\u203dchanmin\n|player|p1|\n",
  "uploadtime": 1776071930,
  "views": 7,
  "formatid": "gen9championsbssregma",
  "rating": 1270,
  "private": 0,
  "password": null
}