{
  "id": "gen9championsbssregma-2582956294",
  "format": "[Gen 9 Champions] BSS Reg M-A",
  "players": [
    "genba64",
    "aredayoiku"
  ],
  "log": "|j|\u2606genba64\n|j|\u2606aredayoiku\n|t:|1776128276\n|gametype|singles\n|player|p1|genba64|101|1312\n|player|p2|aredayoiku|101|1334\n|gen|9\n|tier|[Gen 9 Champions] BSS Reg M-A\n|rated|\n|rule|Species Clause: Limit one of each Pok\u00e9mon\n|rule|Item Clause: Limit 1 of each item\n|clearpoke\n|poke|p1|Clefable, L50, M|\n|poke|p1|Umbreon, L50, M|\n|poke|p1|Garchomp, L50, F|\n|poke|p1|Gengar, L50, F|\n|poke|p1|Volcarona, L50, M|\n|poke|p1|Basculegion, L50, M|\n|poke|p2|Dragonite, L50, M|\n|poke|p2|Victreebel, L50, F|\n|poke|p2|Mimikyu, L50, F|\n|poke|p2|Conkeldurr, L50, M|\n|poke|p2|Archaludon, L50, F|\n|poke|p2|Greninja-*, L50, F|\n|teampreview|3\n|inactive|Battle timer is ON: inactive players will automatically lose when time's up. (requested by aredayoiku)\n|\n|t:|1776128316\n|teamsize|p1|3\n|teamsize|p2|3\n|start\n|switch|p1a: Clefable|Clefable, L50, M|100/100\n|switch|p2a: Archaludon|Archaludon, L50, F|100/100\n|turn|1\n|\n|t:|1776128322\n|detailschange|p1a: Clefable|Clefable-Mega, L50, M\n|-mega|p1a: Clefable|Clefable|Clefablite\n|move|p2a: Archaludon|Flash Cannon|p1a: Clefable\n|-supereffective|p1a: Clefable|1\n|-damage|p1a: Clefable|46/100\n|move|p1a: Clefable|Calm Mind|p1a: Clefable\n|-boost|p1a: Clefable|spa|1\n|-boost|p1a: Clefable|spd|1\n|\n|upkeep\n|turn|2\n|\n|t:|1776128329\n|move|p2a: Archaludon|Flash Cannon|p1a: Clefable\n|-supereffective|p1a: Clefable|1\n|-damage|p1a: Clefable|3/100\n|move|p1a: Clefable|Moonlight|p1a: Clefable\n|-heal|p1a: Clefable|53/100\n|\n|upkeep\n|turn|3\n|\n|t:|1776128336\n|move|p2a: Archaludon|Flash Cannon|p1a: Clefable\n|-supereffective|p1a: Clefable|1\n|-damage|p1a: Clefable|14/100\n|move|p1a: Clefable|Moonblast|p2a: Archaludon\n|-damage|p2a: Archaludon|12/100\n|-unboost|p2a: Archaludon|spa|1\n|\n|upkeep\n|turn|4\n|\n|t:|1776128343\n|move|p2a: Archaludon|Flash Cannon|p1a: Clefable\n|-supereffective|p1a: Clefable|1\n|-damage|p1a: Clefable|0 fnt\n|faint|p1a: Clefable\n|\n|upkeep\n|\n|t:|1776128347\n|switch|p1a: Volcarona|Volcarona, L50, M|100/100\n|turn|5\n|\n|t:|1776128350\n|move|p1a: Volcarona|Quiver Dance|p1a: Volcarona\n|-boost|p1a: Volcarona|spa|1\n|-boost|p1a: Volcarona|spd|1\n|-boost|p1a: Volcarona|spe|1\n|move|p2a: Archaludon|Draco Meteor|p1a: Volcarona\n|-damage|p1a: Volcarona|69/100\n|-unboost|p2a: Archaludon|spa|2\n|\n|upkeep\n|turn|6\n|\n|t:|1776128360\n|switch|p2a: Mimikyu|Mimikyu, L50, F|100/100\n|move|p1a: Volcarona|Fiery Dance|p2a: Mimikyu\n|-activate|p2a: Mimikyu|ability: Disguise\n|-damage|p2a: Mimikyu|100/100\n|-boost|p1a: Volcarona|spa|1\n|detailschange|p2a: Mimikyu|Mimikyu-Busted, L50, F\n|-damage|p2a: Mimikyu|88/100|[from] pokemon: Mimikyu-Busted\n|\n|upkeep\n|turn|7\n|\n|t:|1776128371\n|move|p1a: Volcarona|Fiery Dance|p2a: Mimikyu\n|-damage|p2a: Mimikyu|0 fnt\n|-boost|p1a: Volcarona|spa|1\n|faint|p2a: Mimikyu\n|\n|upkeep\n|\n|t:|1776128374\n|switch|p2a: Dragonite|Dragonite, L50, M|100/100\n|turn|8\n|\n|t:|1776128378\n|detailschange|p2a: Dragonite|Dragonite-Mega, L50, M\n|-mega|p2a: Dragonite|Dragonite|Dragoninite\n|move|p1a: Volcarona|Fiery Dance|p2a: Dragonite\n|-resisted|p2a: Dragonite|1\n|-damage|p2a: Dragonite|81/100\n|move|p2a: Dragonite|Draco Meteor|p1a: Volcarona\n|-damage|p1a: Volcarona|25/100\n|-unboost|p2a: Dragonite|spa|2\n|-enditem|p1a: Volcarona|Sitrus Berry|[eat]\n|-heal|p1a: Volcarona|49/100|[from] item: Sitrus Berry\n|\n|upkeep\n|turn|9\n|j| p74\n|\n|t:|1776128390\n|move|p2a: Dragonite|Extreme Speed|p1a: Volcarona\n|-damage|p1a: Volcarona|22/100\n|move|p1a: Volcarona|Fiery Dance|p2a: Dragonite\n|-resisted|p2a: Dragonite|1\n|-damage|p2a: Dragonite|44/100\n|\n|upkeep\n|turn|10\n|\n|t:|1776128396\n|move|p2a: Dragonite|Extreme Speed|p1a: Volcarona\n|-damage|p1a: Volcarona|0 fnt\n|-status|p2a: Dragonite|brn|[from] ability: Flame Body|[of] p1a: Volcarona\n|faint|p1a: Volcarona\n|\n|-damage|p2a: Dragonite|38/100 brn|[from] brn\n|upkeep\n|\n|t:|1776128403\n|switch|p1a: Basculegion|Basculegion, L50, M|100/100\n|turn|11\n|\n|t:|1776128407\n|move|p2a: Dragonite|Extreme Speed|p1a: Basculegion\n|-immune|p1a: Basculegion\n|move|p1a: Basculegion|Last Respects|p2a: Dragonite\n|-damage|p2a: Dragonite|0 fnt\n|faint|p2a: Dragonite\n|\n|upkeep\n|\n|t:|1776128409\n|switch|p2a: Archaludon|Archaludon, L50, F|12/100\n|turn|12\n|\n|t:|1776128415\n|move|p1a: Basculegion|Last Respects|p2a: Archaludon\n|-damage|p2a: Archaludon|0 fnt\n|faint|p2a: Archaludon\n|\n|win|genba64\n|raw|genba64's rating: 1312 &rarr; <strong>1333</strong><br />(+21 for winning)\n|raw|aredayoiku's rating: 1334 &rarr; <strong>1313</strong><br />(-21 for losing)\n|l|\u2606aredayoiku\n|player|p2|\n|l|\u2606genba64\n|player|p1|\n|j| windir44\n|l| windir44\n",
  "uploadtime": 1776129575,
  "views": 4,
  "formatid": "gen9championsbssregma",
  "rating": 1313,
  "private": 0,
  "password": null
}