{
  "id": "gen9championsbssregma-2589331053",
  "format": "[Gen 9 Champions] BSS Reg M-A",
  "players": [
    "be re we ever",
    "ShinyHaunter05"
  ],
  "log": "|j|\u2606be re we ever\n|j|\u2606ShinyHaunter05\n|t:|1776714805\n|gametype|singles\n|player|p1|be re we ever|266|1000\n|player|p2|ShinyHaunter05|102|1002\n|gen|9\n|tier|[Gen 9 Champions] BSS Reg M-A\n|rated|\n|rule|Species Clause: Limit one of each Pok\u00e9mon\n|rule|Item Clause: Limit 1 of each item\n|clearpoke\n|poke|p1|Dragonite, L50, F|\n|poke|p1|Corviknight, L50, F|\n|poke|p1|Primarina, L50, F|\n|poke|p1|Meowscarada, L50, F|\n|poke|p1|Garchomp, L50, F|\n|poke|p1|Starmie, L50|\n|poke|p2|Corviknight, L50, M|\n|poke|p2|Hydreigon, L50, M|\n|poke|p2|Altaria, L50, F, shiny|\n|poke|p2|Gengar, L50, M, shiny|\n|poke|p2|Empoleon, L50, M, shiny|\n|poke|p2|Froslass, L50, F|\n|teampreview|3\n|\n|t:|1776714826\n|teamsize|p1|3\n|teamsize|p2|3\n|start\n|switch|p1a: Dragonite|Dragonite, L50, F|100/100\n|switch|p2a: Empoleon|Empoleon, L50, M, shiny|100/100\n|turn|1\n|inactive|Battle timer is ON: inactive players will automatically lose when time's up. (requested by ShinyHaunter05)\n|\n|t:|1776714837\n|detailschange|p1a: Dragonite|Dragonite-Mega, L50, F\n|-mega|p1a: Dragonite|Dragonite|Dragoninite\n|move|p1a: Dragonite|Fire Blast|p2a: Empoleon\n|-damage|p2a: Empoleon|60/100\n|move|p2a: Empoleon|Stealth Rock|p1a: Dragonite\n|-sidestart|p1: be re we ever|move: Stealth Rock\n|\n|upkeep\n|turn|2\n|\n|t:|1776714846\n|move|p1a: Dragonite|Fire Blast|p2a: Empoleon\n|-damage|p2a: Empoleon|19/100\n|-enditem|p2a: Empoleon|Sitrus Berry|[eat]\n|-heal|p2a: Empoleon|44/100|[from] item: Sitrus Berry\n|move|p2a: Empoleon|Yawn|p1a: Dragonite\n|-start|p1a: Dragonite|move: Yawn|[of] p2a: Empoleon\n|\n|upkeep\n|turn|3\n|\n|t:|1776714854\n|switch|p1a: Garchomp|Garchomp, L50, F|100/100\n|-damage|p1a: Garchomp|94/100|[from] Stealth Rock\n|move|p2a: Empoleon|Chilling Water|p1a: Garchomp\n|-damage|p1a: Garchomp|76/100\n|-unboost|p1a: Garchomp|atk|1\n|\n|upkeep\n|turn|4\n|\n|t:|1776714864\n|move|p1a: Garchomp|Fire Fang|p2a: Empoleon\n|-crit|p2a: Empoleon\n|-damage|p2a: Empoleon|17/100\n|move|p2a: Empoleon|Chilling Water|p1a: Garchomp\n|-damage|p1a: Garchomp|56/100\n|-unboost|p1a: Garchomp|atk|1\n|\n|upkeep\n|turn|5\n|\n|t:|1776714871\n|move|p1a: Garchomp|Fire Fang|p2a: Empoleon\n|-damage|p2a: Empoleon|8/100\n|move|p2a: Empoleon|Flash Cannon|p1a: Garchomp\n|-damage|p1a: Garchomp|29/100\n|\n|upkeep\n|turn|6\n|\n|t:|1776714877\n|move|p1a: Garchomp|Fire Fang|p2a: Empoleon\n|-damage|p2a: Empoleon|0 fnt\n|faint|p2a: Empoleon\n|\n|upkeep\n|\n|t:|1776714880\n|switch|p2a: Altaria|Altaria, L50, F, shiny|100/100\n|turn|7\n|\n|t:|1776714887\n|detailschange|p2a: Altaria|Altaria-Mega, L50, F, shiny\n|-mega|p2a: Altaria|Altaria|Altarianite\n|move|p1a: Garchomp|Fire Fang|p2a: Altaria\n|-resisted|p2a: Altaria|1\n|-damage|p2a: Altaria|95/100\n|move|p2a: Altaria|Dragon Dance|p2a: Altaria\n|-boost|p2a: Altaria|atk|1\n|-boost|p2a: Altaria|spe|1\n|\n|upkeep\n|turn|8\n|-message|be re we ever forfeited.\n|\n|win|ShinyHaunter05\n|raw|be re we ever's rating: 1000 &rarr; <strong>1000</strong><br />(+0 for losing)\n|raw|ShinyHaunter05's rating: 1002 &rarr; <strong>1041</strong><br />(+39 for winning)\n|l|\u2606be re we ever\n|player|p1|\n",
  "uploadtime": 1776715009,
  "views": 4,
  "formatid": "gen9championsbssregma",
  "rating": 1000,
  "private": 0,
  "password": null
}