{
  "id": "gen9championsbssregma-2583189311",
  "format": "[Gen 9 Champions] BSS Reg M-A",
  "players": [
    "wjwi",
    "RandBatsAreEasy"
  ],
  "log": "|j|\u2606wjwi\n|j|\u2606RandBatsAreEasy\n|t:|1776152742\n|gametype|singles\n|player|p1|wjwi|101|1116\n|player|p2|RandBatsAreEasy|unknown|1040\n|gen|9\n|tier|[Gen 9 Champions] BSS Reg M-A\n|rated|\n|rule|Species Clause: Limit one of each Pok\u00e9mon\n|rule|Item Clause: Limit 1 of each item\n|clearpoke\n|poke|p1|Scizor, L50, F|\n|poke|p1|Mimikyu, L50, M|\n|poke|p1|Garchomp, L50, F|\n|poke|p1|Rotom-Wash, L50|\n|poke|p1|Meowscarada, L50, M|\n|poke|p1|Ninetales-Alola, L50, F|\n|poke|p2|Starmie, L50|\n|poke|p2|Corviknight, L50, M|\n|poke|p2|Garchomp, L50, F|\n|poke|p2|Hydreigon, L50, F|\n|poke|p2|Clefable, L50, M|\n|poke|p2|Bellibolt, L50, M|\n|teampreview|3\n|inactive|Battle timer is ON: inactive players will automatically lose when time's up. (requested by RandBatsAreEasy)\n|\n|t:|1776152773\n|teamsize|p1|3\n|teamsize|p2|3\n|start\n|switch|p1a: Ninetales|Ninetales-Alola, L50, F|100/100\n|switch|p2a: Clefable|Clefable, L50, M|100/100\n|-weather|Snowscape|[from] ability: Snow Warning|[of] p1a: Ninetales\n|turn|1\n|\n|t:|1776152784\n|move|p1a: Ninetales|Aurora Veil|p1a: Ninetales\n|-sidestart|p1: wjwi|move: Aurora Veil\n|move|p2a: Clefable|Calm Mind|p2a: Clefable\n|-boost|p2a: Clefable|spa|1\n|-boost|p2a: Clefable|spd|1\n|\n|-weather|Snowscape|[upkeep]\n|upkeep\n|turn|2\n|\n|t:|1776152792\n|move|p1a: Ninetales|Encore|p2a: Clefable\n|-start|p2a: Clefable|Encore\n|move|p2a: Clefable|Calm Mind|p2a: Clefable\n|-boost|p2a: Clefable|spa|1\n|-boost|p2a: Clefable|spd|1\n|\n|-weather|Snowscape|[upkeep]\n|upkeep\n|turn|3\n|\n|t:|1776152814\n|switch|p1a: Scizor|Scizor, L50, F|100/100\n|switch|p2a: Corviknight|Corviknight, L50, M|100/100\n|-ability|p2a: Corviknight|Pressure\n|\n|-weather|Snowscape|[upkeep]\n|upkeep\n|turn|4\n|\n|t:|1776152832\n|detailschange|p1a: Scizor|Scizor-Mega, L50, F\n|-mega|p1a: Scizor|Scizor|Scizorite\n|move|p1a: Scizor|U-turn|p2a: Corviknight\n|-resisted|p2a: Corviknight|2\n|-damage|p2a: Corviknight|93/100\n|\n|t:|1776152838\n|switch|p1a: Ninetales|Ninetales-Alola, L50, F|100/100|[from] U-turn\n|move|p2a: Corviknight|Iron Defense|p2a: Corviknight\n|-boost|p2a: Corviknight|def|2\n|\n|-weather|Snowscape|[upkeep]\n|upkeep\n|turn|5\n|\n|t:|1776152848\n|switch|p2a: Clefable|Clefable, L50, M|100/100\n|move|p1a: Ninetales|Encore||[still]\n|-fail|p1a: Ninetales\n|\n|-weather|none\n|-sideend|p1: wjwi|move: Aurora Veil\n|upkeep\n|turn|6\n|\n|t:|1776152871\n|switch|p1a: Rotom|Rotom-Wash, L50|100/100\n|move|p2a: Clefable|Moonblast|p1a: Rotom\n|-damage|p1a: Rotom|68/100\n|-unboost|p1a: Rotom|spa|1\n|\n|upkeep\n|turn|7\n|\n|t:|1776152882\n|move|p1a: Rotom|Volt Switch|p2a: Clefable\n|-damage|p2a: Clefable|80/100\n|\n|t:|1776152885\n|switch|p1a: Scizor|Scizor-Mega, L50, F|100/100|[from] Volt Switch\n|move|p2a: Clefable|Calm Mind|p2a: Clefable\n|-boost|p2a: Clefable|spa|1\n|-boost|p2a: Clefable|spd|1\n|\n|-heal|p2a: Clefable|86/100|[from] item: Leftovers\n|upkeep\n|turn|8\n|\n|t:|1776152897\n|switch|p2a: Corviknight|Corviknight, L50, M|93/100\n|-ability|p2a: Corviknight|Pressure\n|move|p1a: Scizor|Swords Dance|p1a: Scizor\n|-boost|p1a: Scizor|atk|2\n|\n|upkeep\n|turn|9\n|\n|t:|1776152905\n|move|p1a: Scizor|Close Combat|p2a: Corviknight\n|-damage|p2a: Corviknight|31/100\n|-unboost|p1a: Scizor|def|1\n|-unboost|p1a: Scizor|spd|1\n|-enditem|p2a: Corviknight|Sitrus Berry|[eat]\n|-heal|p2a: Corviknight|56/100|[from] item: Sitrus Berry\n|move|p2a: Corviknight|Iron Defense|p2a: Corviknight\n|-boost|p2a: Corviknight|def|2\n|\n|upkeep\n|turn|10\n|\n|t:|1776152928\n|move|p1a: Scizor|U-turn|p2a: Corviknight\n|-resisted|p2a: Corviknight|2\n|-damage|p2a: Corviknight|48/100\n|\n|t:|1776152931\n|switch|p1a: Rotom|Rotom-Wash, L50|68/100|[from] U-turn\n|move|p2a: Corviknight|Roost|p2a: Corviknight\n|-heal|p2a: Corviknight|99/100\n|-singleturn|p2a: Corviknight|move: Roost\n|\n|upkeep\n|turn|11\n|\n|t:|1776152941\n|switch|p2a: Hydreigon|Hydreigon, L50, F|100/100\n|move|p1a: Rotom|Thunderbolt|p2a: Hydreigon\n|-resisted|p2a: Hydreigon|1\n|-damage|p2a: Hydreigon|77/100\n|\n|upkeep\n|turn|12\n|inactive|wjwi has 30 seconds left.\n|\n|t:|1776152968\n|switch|p1a: Ninetales|Ninetales-Alola, L50, F|100/100\n|-weather|Snowscape|[from] ability: Snow Warning|[of] p1a: Ninetales\n|move|p2a: Hydreigon|Flash Cannon|p1a: Ninetales\n|-supereffective|p1a: Ninetales|2\n|-damage|p1a: Ninetales|0 fnt\n|faint|p1a: Ninetales\n|\n|-weather|Snowscape|[upkeep]\n|upkeep\n|\n|t:|1776152978\n|switch|p1a: Scizor|Scizor-Mega, L50, F|100/100\n|turn|13\n|\n|t:|1776152984\n|switch|p2a: Corviknight|Corviknight, L50, M|99/100\n|-ability|p2a: Corviknight|Pressure\n|move|p1a: Scizor|Swords Dance|p1a: Scizor\n|-boost|p1a: Scizor|atk|2\n|\n|-weather|Snowscape|[upkeep]\n|upkeep\n|turn|14\n|\n|t:|1776152998\n|move|p1a: Scizor|U-turn|p2a: Corviknight\n|-resisted|p2a: Corviknight|2\n|-damage|p2a: Corviknight|86/100\n|\n|t:|1776153000\n|switch|p1a: Rotom|Rotom-Wash, L50|68/100|[from] U-turn\n|move|p2a: Corviknight|Iron Defense|p2a: Corviknight\n|-boost|p2a: Corviknight|def|2\n|\n|-weather|Snowscape|[upkeep]\n|upkeep\n|turn|15\n|\n|t:|1776153013\n|switch|p2a: Hydreigon|Hydreigon, L50, F|77/100\n|move|p1a: Rotom|Volt Switch|p2a: Hydreigon\n|-resisted|p2a: Hydreigon|1\n|-damage|p2a: Hydreigon|59/100\n|\n|t:|1776153019\n|switch|p1a: Scizor|Scizor-Mega, L50, F|100/100|[from] Volt Switch\n|\n|-weather|Snowscape|[upkeep]\n|upkeep\n|turn|16\n|\n|t:|1776153037\n|move|p2a: Hydreigon|Flamethrower|p1a: Scizor\n|-supereffective|p1a: Scizor|2\n|-damage|p1a: Scizor|0 fnt\n|faint|p1a: Scizor\n|\n|-weather|none\n|upkeep\n|-message|wjwi forfeited.\n|\n|win|RandBatsAreEasy\n|raw|wjwi's rating: 1116 &rarr; <strong>1086</strong><br />(-30 for losing)\n|raw|RandBatsAreEasy's rating: 1040 &rarr; <strong>1081</strong><br />(+41 for winning)\n|l|\u2606wjwi\n|player|p1|\n",
  "uploadtime": 1776153044,
  "views": 4,
  "formatid": "gen9championsbssregma",
  "rating": 1081,
  "private": 0,
  "password": null
}