{
  "id": "gen9championsbssregma-2580844455",
  "format": "[Gen 9 Champions] BSS Reg M-A",
  "players": [
    "toytoyko",
    "Meteorplayz_"
  ],
  "log": "|j|\u2606toytoyko\n|j|\u2606Meteorplayz_\n|t:|1775937115\n|gametype|singles\n|player|p1|toytoyko|102|1076\n|player|p2|Meteorplayz_|winona-gen6|1108\n|gen|9\n|tier|[Gen 9 Champions] BSS Reg M-A\n|rated|\n|rule|Species Clause: Limit one of each Pok\u00e9mon\n|rule|Item Clause: Limit 1 of each item\n|clearpoke\n|poke|p1|Victreebel, L50, M|\n|poke|p1|Toxapex, L50, M|\n|poke|p1|Clefable, L50, M|\n|poke|p1|Kingambit, L50, M|\n|poke|p1|Basculegion, L50, M|\n|poke|p1|Mimikyu, L50, M|\n|poke|p2|Meowscarada, L50, F|\n|poke|p2|Milotic, L50, F|\n|poke|p2|Aegislash, L50, F|\n|poke|p2|Dragonite, L50, M|\n|poke|p2|Slowking-Galar, L50, M|\n|poke|p2|Lopunny, L50, F|\n|teampreview|3\n|inactive|Battle timer is ON: inactive players will automatically lose when time's up. (requested by Meteorplayz_)\n|\n|t:|1775937173\n|teamsize|p1|3\n|teamsize|p2|3\n|start\n|switch|p1a: Victreebel|Victreebel, L50, M|100/100\n|switch|p2a: Aegislash|Aegislash, L50, F|100/100\n|turn|1\n|\n|t:|1775937178\n|switch|p1a: Toxapex|Toxapex, L50, M|100/100\n|move|p2a: Aegislash|Swords Dance|p2a: Aegislash\n|-boost|p2a: Aegislash|atk|2\n|\n|upkeep\n|turn|2\n|\n|t:|1775937187\n|switch|p1a: Victreebel|Victreebel, L50, M|100/100\n|-formechange|p2a: Aegislash|Aegislash-Blade|\n|move|p2a: Aegislash|Poltergeist|p1a: Victreebel|[miss]\n|-miss|p2a: Aegislash|p1a: Victreebel\n|\n|upkeep\n|turn|3\n|\n|t:|1775937201\n|detailschange|p1a: Victreebel|Victreebel-Mega, L50, M\n|-mega|p1a: Victreebel|Victreebel|Victreebelite\n|-formechange|p2a: Aegislash|Aegislash|\n|move|p2a: Aegislash|King's Shield|p2a: Aegislash\n|-singleturn|p2a: Aegislash|Protect\n|move|p1a: Victreebel|Sucker Punch||[still]\n|-fail|p1a: Victreebel\n|\n|upkeep\n|turn|4\n|\n|t:|1775937215\n|switch|p2a: Slowking|Slowking-Galar, L50, M|100/100\n|move|p1a: Victreebel|Strength Sap|p2a: Slowking\n|-unboost|p2a: Slowking|atk|1\n|\n|upkeep\n|turn|5\n|\n|t:|1775937223\n|switch|p1a: Toxapex|Toxapex, L50, M|100/100\n|move|p2a: Slowking|Future Sight|p1a: Toxapex\n|-start|p2a: Slowking|move: Future Sight\n|\n|upkeep\n|turn|6\n|\n|t:|1775937233\n|move|p1a: Toxapex|Infestation|p2a: Slowking\n|-damage|p2a: Slowking|99/100\n|-activate|p2a: Slowking|move: Infestation|[of] p1a: Toxapex\n|-prepare|p2a: Slowking|Chilly Reception|[premajor]\n|move|p2a: Slowking|Chilly Reception|p2a: Slowking\n|-weather|Snowscape\n|\n|t:|1775937238\n|switch|p2a: Aegislash|Aegislash, L50, F|100/100|[from] Chilly Reception\n|\n|-weather|Snowscape|[upkeep]\n|upkeep\n|turn|7\n|\n|t:|1775937246\n|switch|p1a: Victreebel|Victreebel-Mega, L50, M|100/100\n|move|p2a: Aegislash|Swords Dance|p2a: Aegislash\n|-boost|p2a: Aegislash|atk|2\n|\n|-weather|Snowscape|[upkeep]\n|-end|p1a: Victreebel|move: Future Sight\n|-supereffective|p1a: Victreebel|1\n|-damage|p1a: Victreebel|3/100\n|upkeep\n|turn|8\n|-message|toytoyko forfeited.\n|\n|win|Meteorplayz_\n|raw|toytoyko's rating: 1076 &rarr; <strong>1057</strong><br />(-19 for losing)\n|raw|Meteorplayz_'s rating: 1108 &rarr; <strong>1131</strong><br />(+23 for winning)\n",
  "uploadtime": 1775937257,
  "views": 14,
  "formatid": "gen9championsbssregma",
  "rating": 1057,
  "private": 0,
  "password": null
}