{
  "id": "gen9championsbssregma-2588950931",
  "format": "[Gen 9 Champions] BSS Reg M-A",
  "players": [
    "auaulog",
    "liuenqi"
  ],
  "log": "|j|\u2606auaulog\n|j|\u2606liuenqi\n|t:|1776688838\n|gametype|singles\n|player|p1|auaulog|2|1129\n|player|p2|liuenqi|iono|1126\n|gen|9\n|tier|[Gen 9 Champions] BSS Reg M-A\n|rated|\n|rule|Species Clause: Limit one of each Pok\u00e9mon\n|rule|Item Clause: Limit 1 of each item\n|clearpoke\n|poke|p1|Volcarona, L50, F, shiny|\n|poke|p1|Venusaur, L50, F, shiny|\n|poke|p1|Hawlucha, L50, F, shiny|\n|poke|p1|Scizor, L50, F, shiny|\n|poke|p1|Umbreon, L50, F, shiny|\n|poke|p1|Primarina, L50, F, shiny|\n|poke|p2|Charizard, L50, F, shiny|\n|poke|p2|Meowscarada, L50, F, shiny|\n|poke|p2|Kingambit, L50, M|\n|poke|p2|Garchomp, L50, F|\n|poke|p2|Aegislash, L50, M|\n|poke|p2|Rotom-Wash, L50|\n|teampreview|3\n|inactive|Battle timer is ON: inactive players will automatically lose when time's up. (requested by auaulog)\n|\n|t:|1776688862\n|teamsize|p1|3\n|teamsize|p2|3\n|start\n|switch|p1a: Hawlucha|Hawlucha, L50, F, shiny|100/100\n|switch|p2a: Garchomp|Garchomp, L50, F|100/100\n|turn|1\n|\n|t:|1776688873\n|move|p1a: Hawlucha|Mean Look|p2a: Garchomp\n|-activate|p2a: Garchomp|trapped\n|move|p2a: Garchomp|Stealth Rock|p1a: Hawlucha\n|-sidestart|p1: auaulog|move: Stealth Rock\n|\n|upkeep\n|turn|2\n|\n|t:|1776688879\n|move|p1a: Hawlucha|Encore|p2a: Garchomp\n|-start|p2a: Garchomp|Encore\n|move|p2a: Garchomp|Stealth Rock||[still]\n|-fail|p2a: Garchomp\n|\n|upkeep\n|turn|3\n|\n|t:|1776688885\n|move|p1a: Hawlucha|Bulk Up|p1a: Hawlucha\n|-boost|p1a: Hawlucha|atk|1\n|-boost|p1a: Hawlucha|def|1\n|move|p2a: Garchomp|Stealth Rock||[still]\n|-fail|p2a: Garchomp\n|\n|upkeep\n|turn|4\n|\n|t:|1776688893\n|move|p1a: Hawlucha|Bulk Up|p1a: Hawlucha\n|-boost|p1a: Hawlucha|atk|1\n|-boost|p1a: Hawlucha|def|1\n|move|p2a: Garchomp|Stealth Rock||[still]\n|-fail|p2a: Garchomp\n|\n|-end|p2a: Garchomp|Encore\n|upkeep\n|turn|5\n|\n|t:|1776688906\n|move|p1a: Hawlucha|Encore|p2a: Garchomp\n|-start|p2a: Garchomp|Encore\n|move|p2a: Garchomp|Stealth Rock||[still]\n|-fail|p2a: Garchomp\n|\n|upkeep\n|turn|6\n|\n|t:|1776688912\n|move|p1a: Hawlucha|Bulk Up|p1a: Hawlucha\n|-boost|p1a: Hawlucha|atk|1\n|-boost|p1a: Hawlucha|def|1\n|move|p2a: Garchomp|Stealth Rock||[still]\n|-fail|p2a: Garchomp\n|\n|upkeep\n|turn|7\n|\n|t:|1776688920\n|move|p1a: Hawlucha|Bulk Up|p1a: Hawlucha\n|-boost|p1a: Hawlucha|atk|1\n|-boost|p1a: Hawlucha|def|1\n|move|p2a: Garchomp|Stealth Rock||[still]\n|-fail|p2a: Garchomp\n|\n|-end|p2a: Garchomp|Encore\n|upkeep\n|turn|8\n|\n|t:|1776688929\n|move|p1a: Hawlucha|Encore|p2a: Garchomp\n|-start|p2a: Garchomp|Encore\n|move|p2a: Garchomp|Stealth Rock||[still]\n|-fail|p2a: Garchomp\n|\n|upkeep\n|turn|9\n|\n|t:|1776688936\n|move|p1a: Hawlucha|Bulk Up|p1a: Hawlucha\n|-boost|p1a: Hawlucha|atk|1\n|-boost|p1a: Hawlucha|def|1\n|move|p2a: Garchomp|Stealth Rock||[still]\n|-fail|p2a: Garchomp\n|\n|upkeep\n|turn|10\n|\n|t:|1776688943\n|move|p1a: Hawlucha|Bulk Up|p1a: Hawlucha\n|-boost|p1a: Hawlucha|atk|1\n|-boost|p1a: Hawlucha|def|1\n|move|p2a: Garchomp|Stealth Rock||[still]\n|-fail|p2a: Garchomp\n|\n|-end|p2a: Garchomp|Encore\n|upkeep\n|turn|11\n|\n|t:|1776688952\n|move|p1a: Hawlucha|Encore|p2a: Garchomp\n|-start|p2a: Garchomp|Encore\n|move|p2a: Garchomp|Stealth Rock||[still]\n|-fail|p2a: Garchomp\n|\n|upkeep\n|turn|12\n|\n|t:|1776688958\n|move|p1a: Hawlucha|Baton Pass|p1a: Hawlucha\n|\n|t:|1776688961\n|switch|p1a: Scizor|Scizor, L50, F, shiny|100/100|[from] Baton Pass\n|-damage|p1a: Scizor|88/100|[from] Stealth Rock\n|move|p2a: Garchomp|Stealth Rock||[still]\n|-fail|p2a: Garchomp\n|\n|upkeep\n|turn|13\n|\n|t:|1776688974\n|detailschange|p1a: Scizor|Scizor-Mega, L50, F, shiny\n|-mega|p1a: Scizor|Scizor|Scizorite\n|move|p1a: Scizor|Bullet Punch|p2a: Garchomp\n|-enditem|p2a: Garchomp|Focus Sash\n|-damage|p2a: Garchomp|1/100\n|-damage|p1a: Scizor|76/100|[from] ability: Rough Skin|[of] p2a: Garchomp\n|move|p2a: Garchomp|Stealth Rock||[still]\n|-fail|p2a: Garchomp\n|\n|-end|p2a: Garchomp|Encore\n|upkeep\n|turn|14\n|\n|t:|1776688986\n|move|p1a: Scizor|Bullet Punch|p2a: Garchomp\n|-damage|p2a: Garchomp|0 fnt\n|-damage|p1a: Scizor|64/100|[from] ability: Rough Skin|[of] p2a: Garchomp\n|faint|p2a: Garchomp\n|\n|upkeep\n|\n|t:|1776688988\n|switch|p2a: Charizard|Charizard, L50, F, shiny|100/100\n|turn|15\n|\n|t:|1776688995\n|detailschange|p2a: Charizard|Charizard-Mega-Y, L50, F, shiny\n|-mega|p2a: Charizard|Charizard|Charizardite Y\n|-weather|SunnyDay|[from] ability: Drought|[of] p2a: Charizard\n|move|p1a: Scizor|Bullet Punch|p2a: Charizard\n|-resisted|p2a: Charizard|1\n|-damage|p2a: Charizard|10/100\n|move|p2a: Charizard|Flamethrower|p1a: Scizor\n|-supereffective|p1a: Scizor|2\n|-damage|p1a: Scizor|0 fnt\n|faint|p1a: Scizor\n|\n|-weather|SunnyDay|[upkeep]\n|upkeep\n|c|\u2606liuenqi|\u50bb\u903c\u4f60\u5988\u6b7b\u4e86\n|\n|t:|1776689019\n|switch|p1a: Primarina|Primarina, L50, F, shiny|100/100\n|-damage|p1a: Primarina|88/100|[from] Stealth Rock\n|turn|16\n|inactive|auaulog has 30 seconds left.\n|l|\u2606auaulog\n|inactive|auaulog disconnected and has a minute to reconnect!\n|player|p1|\n|inactive|auaulog has 20 seconds left.\n|inactive|auaulog has 15 seconds left.\n|inactive|auaulog has 10 seconds left.\n|inactive|auaulog has 5 seconds left.\n|j|\u2606auaulog\n|inactive|auaulog reconnected and has 5 seconds left.\n|player|p1|auaulog|2|\n|\n|t:|1776689074\n|move|p2a: Charizard|Solar Beam||[still]\n|-prepare|p2a: Charizard|Solar Beam\n|-anim|p2a: Charizard|Solar Beam|p1a: Primarina\n|-supereffective|p1a: Primarina|1\n|-damage|p1a: Primarina|32/100\n|-enditem|p1a: Primarina|Sitrus Berry|[eat]\n|-heal|p1a: Primarina|56/100|[from] item: Sitrus Berry\n|move|p1a: Primarina|Calm Mind|p1a: Primarina\n|-boost|p1a: Primarina|spa|1\n|-boost|p1a: Primarina|spd|1\n|\n|-weather|SunnyDay|[upkeep]\n|upkeep\n|turn|17\n|\n|t:|1776689089\n|move|p1a: Primarina|Aqua Jet|p2a: Charizard\n|-supereffective|p2a: Charizard|1\n|-damage|p2a: Charizard|0 fnt\n|faint|p2a: Charizard\n|\n|-weather|SunnyDay|[upkeep]\n|upkeep\n|\n|t:|1776689091\n|switch|p2a: \u5728\u5e8a\u4e0a\u7a7f\u9ed1\u4e1d\u88ab\u6211\u75bc\u7231\u7684\u8001\u5a46|Meowscarada, L50, F, shiny|100/100\n|turn|18\n|\n|t:|1776689105\n|move|p2a: \u5728\u5e8a\u4e0a\u7a7f\u9ed1\u4e1d\u88ab\u6211\u75bc\u7231\u7684\u8001\u5a46|Flower Trick|p1a: Primarina\n|-start|p2a: \u5728\u5e8a\u4e0a\u7a7f\u9ed1\u4e1d\u88ab\u6211\u75bc\u7231\u7684\u8001\u5a46|typechange|Grass|[from] ability: Protean\n|-supereffective|p1a: Primarina|1\n|-crit|p1a: Primarina\n|-damage|p1a: Primarina|0 fnt\n|faint|p1a: Primarina\n|\n|-weather|SunnyDay|[upkeep]\n|upkeep\n|\n|t:|1776689115\n|switch|p1a: Hawlucha|Hawlucha, L50, F, shiny|100/100\n|-damage|p1a: Hawlucha|88/100|[from] Stealth Rock\n|turn|19\n|\n|t:|1776689120\n|move|p2a: \u5728\u5e8a\u4e0a\u7a7f\u9ed1\u4e1d\u88ab\u6211\u75bc\u7231\u7684\u8001\u5a46|Flower Trick|p1a: Hawlucha\n|-resisted|p1a: Hawlucha|1\n|-crit|p1a: Hawlucha\n|-damage|p1a: Hawlucha|56/100\n|move|p1a: Hawlucha|Bulk Up|p1a: Hawlucha\n|-boost|p1a: Hawlucha|atk|1\n|-boost|p1a: Hawlucha|def|1\n|\n|-weather|none\n|upkeep\n|turn|20\n|\n|t:|1776689130\n|move|p2a: \u5728\u5e8a\u4e0a\u7a7f\u9ed1\u4e1d\u88ab\u6211\u75bc\u7231\u7684\u8001\u5a46|Flower Trick|p1a: Hawlucha\n|-resisted|p1a: Hawlucha|1\n|-crit|p1a: Hawlucha\n|-damage|p1a: Hawlucha|26/100\n|move|p1a: Hawlucha|Baton Pass||[still]\n|-fail|p1a: Hawlucha\n|\n|upkeep\n|turn|21\n|-message|auaulog forfeited.\n|\n|win|liuenqi\n",
  "uploadtime": 1776689009,
  "views": 0,
  "formatid": "gen9championsbssregma",
  "rating": null,
  "private": 0,
  "password": null
}