{
  "id": "gen9championsbssregma-2587074777",
  "format": "[Gen 9 Champions] BSS Reg M-A",
  "players": [
    "FlorenceWu",
    "karbain"
  ],
  "log": "|j|\u2606FlorenceWu\n|j|\u2606karbain\n|t:|1776489952\n|gametype|singles\n|player|p1|FlorenceWu|101|1323\n|player|p2|karbain|102|1407\n|gen|9\n|tier|[Gen 9 Champions] BSS Reg M-A\n|rated|\n|rule|Species Clause: Limit one of each Pok\u00e9mon\n|rule|Item Clause: Limit 1 of each item\n|clearpoke\n|poke|p1|Blastoise, L50, F|\n|poke|p1|Archaludon, L50, F|\n|poke|p1|Basculegion, L50, M|\n|poke|p1|Kangaskhan, L50, F|\n|poke|p1|Umbreon, L50, F|\n|poke|p1|Conkeldurr, L50, F|\n|poke|p2|Gengar, L50, F|\n|poke|p2|Mimikyu, L50, F|\n|poke|p2|Lopunny, L50, M|\n|poke|p2|Arcanine-Hisui, L50, F|\n|poke|p2|Sinistcha, L50|\n|poke|p2|Mamoswine, L50, F|\n|teampreview|3\n|inactive|Battle timer is ON: inactive players will automatically lose when time's up. (requested by FlorenceWu)\n|\n|t:|1776489976\n|teamsize|p1|3\n|teamsize|p2|3\n|start\n|switch|p1a: Kangaskhan|Kangaskhan, L50, F|100/100\n|switch|p2a: Lopunny|Lopunny, L50, M|100/100\n|turn|1\n|j| p74\n|\n|t:|1776489998\n|switch|p2a: Sinistcha|Sinistcha, L50|100/100\n|switch|p1a: Archaludon|Archaludon, L50, F|100/100\n|\n|upkeep\n|turn|2\n|\n|t:|1776490006\n|move|p1a: Archaludon|Stealth Rock|p2a: Sinistcha\n|-sidestart|p2: karbain|move: Stealth Rock\n|move|p2a: Sinistcha|Curse|p1a: Archaludon\n|-start|p1a: Archaludon|Curse|[of] p2a: Sinistcha\n|-damage|p2a: Sinistcha|51/100\n|\n|-heal|p2a: Sinistcha|57/100|[from] item: Leftovers\n|-damage|p1a: Archaludon|76/100|[from] Curse\n|upkeep\n|turn|3\n|\n|t:|1776490014\n|move|p2a: Sinistcha|Strength Sap|p1a: Archaludon\n|-unboost|p1a: Archaludon|atk|1\n|-heal|p2a: Sinistcha|100/100\n|move|p1a: Archaludon|Roar|p2a: Sinistcha\n|drag|p2a: Mimikyu|Mimikyu, L50, F|100/100\n|-damage|p2a: Mimikyu|89/100|[from] Stealth Rock\n|\n|-damage|p1a: Archaludon|51/100|[from] Curse\n|upkeep\n|turn|4\n|\n|t:|1776490024\n|switch|p2a: Sinistcha|Sinistcha, L50|100/100\n|-damage|p2a: Sinistcha|88/100|[from] Stealth Rock\n|move|p1a: Archaludon|Flash Cannon|p2a: Sinistcha\n|-damage|p2a: Sinistcha|49/100\n|\n|-heal|p2a: Sinistcha|55/100|[from] item: Leftovers\n|-damage|p1a: Archaludon|26/100|[from] Curse\n|upkeep\n|-enditem|p1a: Archaludon|Sitrus Berry|[eat]\n|-heal|p1a: Archaludon|51/100|[from] item: Sitrus Berry\n|turn|5\n|\n|t:|1776490034\n|move|p1a: Archaludon|Flash Cannon|p2a: Sinistcha\n|-damage|p2a: Sinistcha|11/100\n|move|p2a: Sinistcha|Strength Sap|p1a: Archaludon\n|-unboost|p1a: Archaludon|atk|1\n|-heal|p2a: Sinistcha|52/100\n|\n|-heal|p2a: Sinistcha|59/100|[from] item: Leftovers\n|-damage|p1a: Archaludon|26/100|[from] Curse\n|upkeep\n|turn|6\n|\n|t:|1776490043\n|move|p1a: Archaludon|Flash Cannon|p2a: Sinistcha\n|-damage|p2a: Sinistcha|21/100\n|move|p2a: Sinistcha|Strength Sap|p1a: Archaludon\n|-unboost|p1a: Archaludon|atk|1\n|-heal|p2a: Sinistcha|52/100\n|\n|-heal|p2a: Sinistcha|59/100|[from] item: Leftovers\n|-damage|p1a: Archaludon|1/100|[from] Curse\n|upkeep\n|turn|7\n|inactive|karbain has 30 seconds left.\n|inactive|karbain has 20 seconds left.\n|inactive|karbain has 15 seconds left.\n|inactive|karbain has 10 seconds left.\n|\n|t:|1776490088\n|move|p1a: Archaludon|Flash Cannon|p2a: Sinistcha\n|-damage|p2a: Sinistcha|20/100\n|move|p2a: Sinistcha|Strength Sap|p1a: Archaludon\n|-unboost|p1a: Archaludon|atk|1\n|-heal|p2a: Sinistcha|45/100\n|\n|-heal|p2a: Sinistcha|51/100|[from] item: Leftovers\n|-damage|p1a: Archaludon|0 fnt|[from] Curse\n|faint|p1a: Archaludon\n|upkeep\n|\n|t:|1776490092\n|switch|p1a: Kangaskhan|Kangaskhan, L50, F|100/100\n|turn|8\n|\n|t:|1776490109\n|move|p1a: Kangaskhan|Fake Out|p2a: Sinistcha\n|-damage|p2a: Sinistcha|37/100\n|cant|p2a: Sinistcha|flinch\n|\n|-heal|p2a: Sinistcha|43/100|[from] item: Leftovers\n|upkeep\n|turn|9\n|\n|t:|1776490122\n|move|p1a: Kangaskhan|Body Slam|p2a: Sinistcha\n|-damage|p2a: Sinistcha|12/100\n|move|p2a: Sinistcha|Strength Sap|p1a: Kangaskhan\n|-unboost|p1a: Kangaskhan|atk|1\n|-heal|p2a: Sinistcha|100/100\n|\n|upkeep\n|turn|10\n|\n|t:|1776490134\n|switch|p1a: Basculegion|Basculegion, L50, M|100/100\n|move|p2a: Sinistcha|Matcha Gotcha|p1a: Basculegion\n|-supereffective|p1a: Basculegion|1\n|-damage|p1a: Basculegion|19/100\n|\n|upkeep\n|turn|11\n|\n|t:|1776490147\n|move|p1a: Basculegion|Flip Turn|p2a: Sinistcha\n|-resisted|p2a: Sinistcha|1\n|-damage|p2a: Sinistcha|84/100\n|-message|FlorenceWu forfeited.\n|\n|win|karbain\n|raw|FlorenceWu's rating: 1323 &rarr; <strong>1308</strong><br />(-15 for losing)\n|raw|karbain's rating: 1407 &rarr; <strong>1422</strong><br />(+15 for winning)\n|l|\u2606FlorenceWu\n|player|p1|\n|l|\u2606karbain\n|player|p2|\n",
  "uploadtime": 1776490224,
  "views": 2,
  "formatid": "gen9championsbssregma",
  "rating": 1308,
  "private": 0,
  "password": null
}