{
  "id": "gen9championsbssregma-2587115177",
  "format": "[Gen 9 Champions] BSS Reg M-A",
  "players": [
    "yann3779",
    "KevMev"
  ],
  "log": "|j|\u2606yann3779\n|j|\u2606KevMev\n|t:|1776495522\n|gametype|singles\n|player|p1|yann3779|1|1346\n|player|p2|KevMev|waiter-gen4|1325\n|gen|9\n|tier|[Gen 9 Champions] BSS Reg M-A\n|rated|\n|rule|Species Clause: Limit one of each Pok\u00e9mon\n|rule|Item Clause: Limit 1 of each item\n|clearpoke\n|poke|p1|Skeledirge, L50, F|\n|poke|p1|Aegislash, L50, M|\n|poke|p1|Meganium, L50, F|\n|poke|p1|Dragonite, L50, F|\n|poke|p1|Kleavor, L50, F|\n|poke|p1|Lopunny, L50, M|\n|poke|p2|Sneasler, L50, M, shiny|\n|poke|p2|Archaludon, L50, M, shiny|\n|poke|p2|Meganium, L50, M, shiny|\n|poke|p2|Basculegion, L50, M, shiny|\n|poke|p2|Charizard, L50, M|\n|poke|p2|Mimikyu, L50, M|\n|teampreview|3\n|inactive|Battle timer is ON: inactive players will automatically lose when time's up. (requested by yann3779)\n|\n|t:|1776495535\n|teamsize|p1|3\n|teamsize|p2|3\n|start\n|switch|p1a: Kleavor|Kleavor, L50, F|100/100\n|switch|p2a: Sneasler|Sneasler, L50, M, shiny|100/100\n|turn|1\n|\n|t:|1776495544\n|move|p2a: Sneasler|Fake Out|p1a: Kleavor\n|-resisted|p1a: Kleavor|1\n|-damage|p1a: Kleavor|91/100\n|cant|p1a: Kleavor|flinch\n|\n|upkeep\n|turn|2\n|\n|t:|1776495549\n|move|p2a: Sneasler|Close Combat|p1a: Kleavor\n|-damage|p1a: Kleavor|14/100\n|-unboost|p2a: Sneasler|def|1\n|-unboost|p2a: Sneasler|spd|1\n|-status|p1a: Kleavor|psn|[from] ability: Poison Touch|[of] p2a: Sneasler\n|move|p1a: Kleavor|Stone Axe|p2a: Sneasler\n|-resisted|p2a: Sneasler|1\n|-damage|p2a: Sneasler|30/100\n|-sidestart|p2: KevMev|move: Stealth Rock\n|\n|-damage|p1a: Kleavor|2/100 psn|[from] psn\n|upkeep\n|turn|3\n|\n|t:|1776495558\n|move|p1a: Kleavor|Quick Attack|p2a: Sneasler\n|-damage|p2a: Sneasler|0 fnt\n|faint|p2a: Sneasler\n|\n|-damage|p1a: Kleavor|0 fnt|[from] psn\n|faint|p1a: Kleavor\n|upkeep\n|\n|t:|1776495563\n|switch|p2a: Meganium|Meganium, L50, M, shiny|100/100\n|switch|p1a: Lopunny|Lopunny, L50, M|100/100\n|-damage|p2a: Meganium|88/100|[from] Stealth Rock\n|turn|4\n|\n|t:|1776495567\n|detailschange|p1a: Lopunny|Lopunny-Mega, L50, M\n|-mega|p1a: Lopunny|Lopunny|Lopunnite\n|detailschange|p2a: Meganium|Meganium-Mega, L50, M, shiny\n|-mega|p2a: Meganium|Meganium|Meganiumite\n|move|p1a: Lopunny|Fake Out|p2a: Meganium\n|-damage|p2a: Meganium|72/100\n|cant|p2a: Meganium|flinch\n|\n|upkeep\n|turn|5\n|j| p74\n|\n|t:|1776495571\n|move|p1a: Lopunny|Triple Axel|p2a: Meganium\n|-supereffective|p2a: Meganium|1\n|-damage|p2a: Meganium|61/100\n|-supereffective|p2a: Meganium|1\n|-damage|p2a: Meganium|40/100\n|-supereffective|p2a: Meganium|1\n|-damage|p2a: Meganium|5/100\n|-hitcount|p2a: Meganium|3\n|move|p2a: Meganium|Dazzling Gleam|p1a: Lopunny\n|-supereffective|p1a: Lopunny|1\n|-damage|p1a: Lopunny|0 fnt\n|faint|p1a: Lopunny\n|\n|upkeep\n|\n|t:|1776495577\n|switch|p1a: Dragonite|Dragonite, L50, F|100/100\n|turn|6\n|\n|t:|1776495582\n|move|p1a: Dragonite|Dragon Dance|p1a: Dragonite\n|-boost|p1a: Dragonite|atk|1\n|-boost|p1a: Dragonite|spe|1\n|move|p2a: Meganium|Synthesis|p2a: Meganium\n|-heal|p2a: Meganium|72/100\n|\n|upkeep\n|turn|7\n|\n|t:|1776495584\n|move|p1a: Dragonite|Flamethrower|p2a: Meganium\n|-supereffective|p2a: Meganium|1\n|-damage|p2a: Meganium|37/100\n|-status|p2a: Meganium|brn\n|move|p2a: Meganium|Dazzling Gleam|p1a: Dragonite\n|-supereffective|p1a: Dragonite|1\n|-damage|p1a: Dragonite|51/100\n|\n|-damage|p2a: Meganium|31/100 brn|[from] brn\n|upkeep\n|turn|8\n|\n|t:|1776495588\n|move|p1a: Dragonite|Flamethrower|p2a: Meganium\n|-supereffective|p2a: Meganium|1\n|-damage|p2a: Meganium|0 fnt\n|faint|p2a: Meganium\n|\n|upkeep\n|\n|t:|1776495589\n|switch|p2a: Archaludon|Archaludon, L50, M, shiny|100/100\n|-damage|p2a: Archaludon|94/100|[from] Stealth Rock\n|turn|9\n|\n|t:|1776495591\n|move|p1a: Dragonite|Earthquake|p2a: Archaludon\n|-supereffective|p2a: Archaludon|1\n|-damage|p2a: Archaludon|0 fnt\n|faint|p2a: Archaludon\n|\n|win|yann3779\n|raw|yann3779's rating: 1346 &rarr; <strong>1365</strong><br />(+19 for winning)\n|raw|KevMev's rating: 1325 &rarr; <strong>1306</strong><br />(-19 for losing)\n|l|\u2606yann3779\n|player|p1|\n|l|\u2606KevMev\n|player|p2|\n",
  "uploadtime": 1776495602,
  "views": 2,
  "formatid": "gen9championsbssregma",
  "rating": 1306,
  "private": 0,
  "password": null
}