{
  "id": "gen9championsbssregma-2582991859",
  "format": "[Gen 9 Champions] BSS Reg M-A",
  "players": [
    "hoshigumo1101",
    "karbain"
  ],
  "log": "|j|\u2606hoshigumo1101\n|j|\u2606karbain\n|t:|1776131430\n|gametype|singles\n|player|p1|hoshigumo1101|acetrainerf|1300\n|player|p2|karbain|2|1299\n|gen|9\n|tier|[Gen 9 Champions] BSS Reg M-A\n|rated|\n|rule|Species Clause: Limit one of each Pok\u00e9mon\n|rule|Item Clause: Limit 1 of each item\n|clearpoke\n|poke|p1|Lopunny, L50, F|\n|poke|p1|Garchomp, L50, F|\n|poke|p1|Kingambit, L50, M|\n|poke|p1|Corviknight, L50, M|\n|poke|p1|Primarina, L50, M|\n|poke|p1|Delphox, L50, M|\n|poke|p2|Charizard, L50, M|\n|poke|p2|Greninja-*, L50, M|\n|poke|p2|Hatterene, L50, F|\n|poke|p2|Gyarados, L50, F|\n|poke|p2|Kingambit, L50, M|\n|poke|p2|Mimikyu, L50, F|\n|teampreview|3\n|j| p74\n|j| bromerta\n|\n|t:|1776131482\n|teamsize|p1|3\n|teamsize|p2|3\n|start\n|switch|p1a: Delphox|Delphox, L50, M|100/100\n|switch|p2a: Gyarados|Gyarados, L50, F|100/100\n|-ability|p2a: Gyarados|Intimidate|boost\n|-unboost|p1a: Delphox|atk|1\n|turn|1\n|\n|t:|1776131492\n|detailschange|p1a: Delphox|Delphox-Mega, L50, M\n|-mega|p1a: Delphox|Delphox|Delphoxite\n|move|p1a: Delphox|Grass Knot|p2a: Gyarados\n|-damage|p2a: Gyarados|52/100\n|move|p2a: Gyarados|Waterfall|p1a: Delphox\n|-supereffective|p1a: Delphox|1\n|-damage|p1a: Delphox|0 fnt\n|faint|p1a: Delphox\n|\n|-heal|p2a: Gyarados|58/100|[from] item: Leftovers\n|upkeep\n|\n|t:|1776131500\n|switch|p1a: Primarina|Primarina, L50, M|100/100\n|turn|2\n|\n|t:|1776131508\n|move|p2a: Gyarados|Earthquake|p1a: Primarina\n|-damage|p1a: Primarina|61/100\n|move|p1a: Primarina|Moonblast|p2a: Gyarados\n|-damage|p2a: Gyarados|7/100\n|\n|-heal|p2a: Gyarados|13/100|[from] item: Leftovers\n|upkeep\n|turn|3\n|\n|t:|1776131515\n|move|p2a: Gyarados|Earthquake|p1a: Primarina\n|-damage|p1a: Primarina|18/100\n|-enditem|p1a: Primarina|Sitrus Berry|[eat]\n|-heal|p1a: Primarina|43/100|[from] item: Sitrus Berry\n|move|p1a: Primarina|Moonblast|p2a: Gyarados\n|-damage|p2a: Gyarados|0 fnt\n|faint|p2a: Gyarados\n|\n|upkeep\n|\n|t:|1776131526\n|switch|p2a: Hatterene|Hatterene, L50, F|100/100\n|turn|4\n|\n|t:|1776131531\n|move|p1a: Primarina|Moonblast|p2a: Hatterene\n|-damage|p2a: Hatterene|47/100\n|-enditem|p2a: Hatterene|Sitrus Berry|[eat]\n|-heal|p2a: Hatterene|71/100|[from] item: Sitrus Berry\n|move|p2a: Hatterene|Trick Room|p2a: Hatterene\n|-fieldstart|move: Trick Room|[of] p2a: Hatterene\n|\n|upkeep\n|turn|5\n|\n|t:|1776131542\n|move|p2a: Hatterene|Psychic|p1a: Primarina\n|-damage|p1a: Primarina|0 fnt\n|faint|p1a: Primarina\n|\n|upkeep\n|\n|t:|1776131545\n|switch|p1a: Kingambit|Kingambit, L50, M|100/100\n|-activate|p1a: Kingambit|ability: Supreme Overlord\n|-start|p1a: Kingambit|fallen2|[silent]\n|turn|6\n|\n|t:|1776131551\n|move|p2a: Hatterene|Misty Explosion|p1a: Kingambit\n|-damage|p1a: Kingambit|49/100\n|faint|p2a: Hatterene\n|move|p1a: Kingambit|Swords Dance|p1a: Kingambit\n|-boost|p1a: Kingambit|atk|2\n|\n|upkeep\n|\n|t:|1776131556\n|switch|p2a: Kingambit|Kingambit, L50, M|100/100\n|-activate|p2a: Kingambit|ability: Supreme Overlord\n|-start|p2a: Kingambit|fallen2|[silent]\n|turn|7\n|\n|t:|1776131561\n|move|p2a: Kingambit|Low Kick|p1a: Kingambit\n|-supereffective|p1a: Kingambit|2\n|-damage|p1a: Kingambit|0 fnt\n|faint|p1a: Kingambit\n|-end|p1a: Kingambit|fallen2|[silent]\n|\n|win|karbain\n|raw|hoshigumo1101's rating: 1300 &rarr; <strong>1275</strong><br />(-25 for losing)\n|raw|karbain's rating: 1299 &rarr; <strong>1324</strong><br />(+25 for winning)\n|l|\u2606hoshigumo1101\n|player|p1|\n|l| bromerta\n|l|\u2606karbain\n|player|p2|\n",
  "uploadtime": 1776131681,
  "views": 3,
  "formatid": "gen9championsbssregma",
  "rating": 1275,
  "private": 0,
  "password": null
}