{
  "id": "gen9championsbssregma-2585188090",
  "format": "[Gen 9 Champions] BSS Reg M-A",
  "players": [
    "KevMev",
    "chessboxer316"
  ],
  "log": "|j|\u2606KevMev\n|j|\u2606chessboxer316\n|t:|1776322718\n|gametype|singles\n|player|p1|KevMev|170|1405\n|player|p2|chessboxer316|hilbert|1413\n|gen|9\n|tier|[Gen 9 Champions] BSS Reg M-A\n|rated|\n|rule|Species Clause: Limit one of each Pok\u00e9mon\n|rule|Item Clause: Limit 1 of each item\n|clearpoke\n|poke|p1|Sneasler, L50, F|\n|poke|p1|Archaludon, L50, M|\n|poke|p1|Gyarados, L50, M|\n|poke|p1|Meowscarada, L50, M|\n|poke|p1|Scizor, L50, M|\n|poke|p1|Mimikyu, L50, M|\n|poke|p2|Gyarados, L50, F|\n|poke|p2|Primarina, L50, F|\n|poke|p2|Venusaur, L50, F|\n|poke|p2|Garchomp, L50, F|\n|poke|p2|Aegislash, L50, M|\n|poke|p2|Incineroar, L50, F|\n|teampreview|3\n|inactive|Battle timer is ON: inactive players will automatically lose when time's up. (requested by chessboxer316)\n|inactive|KevMev has 60 seconds left.\n|inactive|chessboxer316 has 60 seconds left.\n|\n|t:|1776322765\n|teamsize|p1|3\n|teamsize|p2|3\n|start\n|switch|p1a: Meowscarada|Meowscarada, L50, M, shiny|100/100\n|switch|p2a: Gyarados|Gyarados, L50, F|100/100\n|-ability|p2a: Gyarados|Intimidate|boost\n|-unboost|p1a: Meowscarada|atk|1\n|turn|1\n|\n|t:|1776322773\n|move|p1a: Meowscarada|Flower Trick|p2a: Gyarados\n|-start|p1a: Meowscarada|typechange|Grass|[from] ability: Protean\n|-crit|p2a: Gyarados\n|-damage|p2a: Gyarados|48/100\n|move|p2a: Gyarados|Dragon Dance|p2a: Gyarados\n|-boost|p2a: Gyarados|atk|1\n|-boost|p2a: Gyarados|spe|1\n|\n|upkeep\n|turn|2\n|\n|t:|1776322784\n|move|p1a: Meowscarada|Flower Trick|p2a: Gyarados\n|-crit|p2a: Gyarados\n|-damage|p2a: Gyarados|3/100\n|move|p2a: Gyarados|Waterfall|p1a: Meowscarada\n|-resisted|p1a: Meowscarada|1\n|-damage|p1a: Meowscarada|56/100\n|\n|upkeep\n|turn|3\n|\n|t:|1776322794\n|move|p1a: Meowscarada|Sucker Punch|p2a: Gyarados\n|-damage|p2a: Gyarados|0 fnt\n|faint|p2a: Gyarados\n|\n|upkeep\n|\n|t:|1776322800\n|switch|p2a: Garchomp|Garchomp, L50, F|100/100\n|turn|4\n|\n|t:|1776322808\n|move|p1a: Meowscarada|Play Rough|p2a: Garchomp\n|-supereffective|p2a: Garchomp|1\n|-damage|p2a: Garchomp|64/100\n|-damage|p1a: Meowscarada|44/100|[from] ability: Rough Skin|[of] p2a: Garchomp\n|move|p2a: Garchomp|Poison Jab|p1a: Meowscarada\n|-supereffective|p1a: Meowscarada|1\n|-damage|p1a: Meowscarada|0 fnt\n|faint|p1a: Meowscarada\n|\n|upkeep\n|\n|t:|1776322816\n|switch|p1a: Scizor|Scizor, L50, M|100/100\n|turn|5\n|\n|t:|1776322819\n|switch|p2a: Incineroar|Incineroar, L50, F|100/100\n|-ability|p2a: Incineroar|Intimidate|boost\n|-unboost|p1a: Scizor|atk|1\n|detailschange|p1a: Scizor|Scizor-Mega, L50, M\n|-mega|p1a: Scizor|Scizor|Scizorite\n|move|p1a: Scizor|Swords Dance|p1a: Scizor\n|-boost|p1a: Scizor|atk|2\n|\n|upkeep\n|turn|6\n|\n|t:|1776322833\n|switch|p1a: Archaludon|Archaludon, L50, M, shiny|100/100\n|move|p2a: Incineroar|Burning Jealousy|p1a: Archaludon\n|-damage|p1a: Archaludon|71/100\n|\n|-heal|p1a: Archaludon|77/100|[from] item: Leftovers\n|upkeep\n|turn|7\n|\n|t:|1776322845\n|switch|p2a: Garchomp|Garchomp, L50, F|64/100\n|move|p1a: Archaludon|Stealth Rock|p2a: Garchomp\n|-sidestart|p2: chessboxer316|move: Stealth Rock\n|\n|-heal|p1a: Archaludon|84/100|[from] item: Leftovers\n|upkeep\n|turn|8\n|\n|t:|1776322853\n|move|p1a: Archaludon|Protect|p1a: Archaludon\n|-singleturn|p1a: Archaludon|Protect\n|move|p2a: Garchomp|Earthquake|p1a: Archaludon\n|-activate|p1a: Archaludon|move: Protect\n|\n|-heal|p1a: Archaludon|90/100|[from] item: Leftovers\n|upkeep\n|turn|9\n|\n|t:|1776322858\n|switch|p1a: Scizor|Scizor-Mega, L50, M|100/100\n|move|p2a: Garchomp|Earthquake|p1a: Scizor\n|-damage|p1a: Scizor|58/100\n|\n|upkeep\n|turn|10\n|\n|t:|1776322864\n|move|p2a: Garchomp|Earthquake|p1a: Scizor\n|-damage|p1a: Scizor|19/100\n|move|p1a: Scizor|Roost|p1a: Scizor\n|-heal|p1a: Scizor|69/100\n|-singleturn|p1a: Scizor|move: Roost\n|\n|upkeep\n|turn|11\n|\n|t:|1776322874\n|move|p2a: Garchomp|Earthquake|p1a: Scizor\n|-crit|p1a: Scizor\n|-damage|p1a: Scizor|10/100\n|move|p1a: Scizor|Roost|p1a: Scizor\n|-heal|p1a: Scizor|60/100\n|-singleturn|p1a: Scizor|move: Roost\n|\n|upkeep\n|turn|12\n|\n|t:|1776322881\n|move|p2a: Garchomp|Earthquake|p1a: Scizor\n|-damage|p1a: Scizor|22/100\n|move|p1a: Scizor|Roost|p1a: Scizor\n|-heal|p1a: Scizor|72/100\n|-singleturn|p1a: Scizor|move: Roost\n|\n|upkeep\n|turn|13\n|\n|t:|1776322891\n|move|p2a: Garchomp|Earthquake|p1a: Scizor\n|-damage|p1a: Scizor|35/100\n|move|p1a: Scizor|Knock Off|p2a: Garchomp\n|-damage|p2a: Garchomp|24/100\n|-damage|p1a: Scizor|23/100|[from] ability: Rough Skin|[of] p2a: Garchomp\n|-enditem|p2a: Garchomp|Focus Sash|[from] move: Knock Off|[of] p1a: Scizor\n|\n|upkeep\n|turn|14\n|\n|t:|1776322900\n|move|p1a: Scizor|Bullet Punch|p2a: Garchomp\n|-damage|p2a: Garchomp|0 fnt\n|-damage|p1a: Scizor|10/100|[from] ability: Rough Skin|[of] p2a: Garchomp\n|faint|p2a: Garchomp\n|\n|upkeep\n|\n|t:|1776322904\n|switch|p2a: Incineroar|Incineroar, L50, F|100/100\n|-damage|p2a: Incineroar|76/100|[from] Stealth Rock\n|-ability|p2a: Incineroar|Intimidate|boost\n|-unboost|p1a: Scizor|atk|1\n|turn|15\n|\n|t:|1776322910\n|move|p1a: Scizor|Knock Off|p2a: Incineroar\n|-resisted|p2a: Incineroar|1\n|-damage|p2a: Incineroar|63/100\n|-enditem|p2a: Incineroar|Leftovers|[from] move: Knock Off|[of] p1a: Scizor\n|move|p2a: Incineroar|Burning Jealousy|p1a: Scizor\n|-supereffective|p1a: Scizor|2\n|-damage|p1a: Scizor|0 fnt\n|faint|p1a: Scizor\n|\n|upkeep\n|\n|t:|1776322912\n|switch|p1a: Archaludon|Archaludon, L50, M, shiny|90/100\n|turn|16\n|\n|t:|1776322918\n|move|p1a: Archaludon|Protect|p1a: Archaludon\n|-singleturn|p1a: Archaludon|Protect\n|move|p2a: Incineroar|Drain Punch|p1a: Archaludon\n|-activate|p1a: Archaludon|move: Protect\n|\n|-heal|p1a: Archaludon|96/100|[from] item: Leftovers\n|upkeep\n|turn|17\n|\n|t:|1776322923\n|move|p1a: Archaludon|Thunderbolt|p2a: Incineroar\n|-damage|p2a: Incineroar|30/100\n|move|p2a: Incineroar|Drain Punch|p1a: Archaludon\n|-supereffective|p1a: Archaludon|1\n|-damage|p1a: Archaludon|52/100\n|-heal|p2a: Incineroar|48/100|[from] drain|[of] p1a: Archaludon\n|\n|-heal|p1a: Archaludon|58/100|[from] item: Leftovers\n|upkeep\n|turn|18\n|\n|t:|1776322937\n|move|p1a: Archaludon|Draco Meteor|p2a: Incineroar\n|-damage|p2a: Incineroar|0 fnt\n|-unboost|p1a: Archaludon|spa|2\n|faint|p2a: Incineroar\n|\n|win|KevMev\n|raw|KevMev's rating: 1405 &rarr; <strong>1425</strong><br />(+20 for winning)\n|raw|chessboxer316's rating: 1413 &rarr; <strong>1393</strong><br />(-20 for losing)\n|l|\u2606chessboxer316\n|player|p2|\n",
  "uploadtime": 1776322944,
  "views": 21,
  "formatid": "gen9championsbssregma",
  "rating": 1393,
  "private": 0,
  "password": null
}