{
  "id": "gen9championsbssregma-2585337876",
  "format": "[Gen 9 Champions] BSS Reg M-A",
  "players": [
    "suijimrh",
    "fletchyfletchy"
  ],
  "log": "|j|\u2606suijimrh\n|j|\u2606fletchyfletchy\n|t:|1776339190\n|gametype|singles\n|player|p1|suijimrh|cynthia-gen4|1056\n|player|p2|fletchyfletchy|liko|1022\n|gen|9\n|tier|[Gen 9 Champions] BSS Reg M-A\n|rated|\n|rule|Species Clause: Limit one of each Pok\u00e9mon\n|rule|Item Clause: Limit 1 of each item\n|clearpoke\n|poke|p1|Hydreigon, L50, M|\n|poke|p1|Corviknight, L50, M|\n|poke|p1|Rotom-Heat, L50|\n|poke|p1|Starmie, L50|\n|poke|p1|Garchomp, L50, F|\n|poke|p1|Froslass, L50, F|\n|poke|p2|Lopunny, L50, M|\n|poke|p2|Basculegion, L50, M|\n|poke|p2|Meowscarada, L50, M|\n|poke|p2|Aegislash, L50, M|\n|poke|p2|Ninetales-Alola, L50, M|\n|poke|p2|Rotom-Wash, L50|\n|teampreview|3\n|inactive|Battle timer is ON: inactive players will automatically lose when time's up. (requested by suijimrh)\n|inactive|suijimrh has 60 seconds left.\n|inactive|suijimrh has 30 seconds left.\n|c|\u2606fletchyfletchy|...\n|inactive|suijimrh has 20 seconds left.\n|\n|t:|1776339264\n|teamsize|p1|3\n|teamsize|p2|3\n|start\n|switch|p1a: Garchomp|Garchomp, L50, F|100/100\n|switch|p2a: Lopunny|Lopunny, L50, M|100/100\n|turn|1\n|\n|t:|1776339287\n|detailschange|p2a: Lopunny|Lopunny-Mega, L50, M\n|-mega|p2a: Lopunny|Lopunny|Lopunnite\n|move|p2a: Lopunny|Triple Axel|p1a: Garchomp\n|-supereffective|p1a: Garchomp|2\n|-damage|p1a: Garchomp|73/100\n|-damage|p2a: Lopunny|89/100|[from] ability: Rough Skin|[of] p1a: Garchomp\n|-supereffective|p1a: Garchomp|2\n|-damage|p1a: Garchomp|24/100\n|-damage|p2a: Lopunny|77/100|[from] ability: Rough Skin|[of] p1a: Garchomp\n|-enditem|p1a: Garchomp|Sitrus Berry|[eat]\n|-heal|p1a: Garchomp|49/100|[from] item: Sitrus Berry\n|-supereffective|p1a: Garchomp|2\n|-damage|p1a: Garchomp|0 fnt\n|-damage|p2a: Lopunny|65/100|[from] ability: Rough Skin|[of] p1a: Garchomp\n|faint|p1a: Garchomp\n|-hitcount|p1: Garchomp|3\n|\n|upkeep\n|\n|t:|1776339307\n|switch|p1a: Starmie|Starmie, L50|100/100\n|turn|2\n|\n|t:|1776339318\n|detailschange|p1a: Starmie|Starmie-Mega, L50\n|-mega|p1a: Starmie|Starmie|Starminite\n|move|p1a: Starmie|Aqua Jet|p2a: Lopunny\n|-damage|p2a: Lopunny|20/100\n|move|p2a: Lopunny|U-turn|p1a: Starmie\n|-supereffective|p1a: Starmie|1\n|-damage|p1a: Starmie|33/100\n|\n|t:|1776339324\n|switch|p2a: Rotom|Rotom-Wash, L50|100/100|[from] U-turn\n|\n|upkeep\n|turn|3\n|\n|t:|1776339335\n|move|p1a: Starmie|Flip Turn|p2a: Rotom\n|-resisted|p2a: Rotom|1\n|-damage|p2a: Rotom|74/100\n|\n|t:|1776339338\n|switch|p1a: Rotom|Rotom-Heat, L50|100/100|[from] Flip Turn\n|move|p2a: Rotom|Volt Switch|p1a: Rotom\n|-resisted|p1a: Rotom|1\n|-damage|p1a: Rotom|86/100\n|\n|t:|1776339350\n|switch|p2a: Lopunny|Lopunny-Mega, L50, M|20/100|[from] Volt Switch\n|\n|upkeep\n|turn|4\n|\n|t:|1776339355\n|move|p2a: Lopunny|Fake Out|p1a: Rotom\n|-damage|p1a: Rotom|63/100\n|cant|p1a: Rotom|flinch\n|\n|upkeep\n|turn|5\n|\n|t:|1776339370\n|move|p2a: Lopunny|Close Combat|p1a: Rotom\n|-damage|p1a: Rotom|0 fnt\n|-unboost|p2a: Lopunny|def|1\n|-unboost|p2a: Lopunny|spd|1\n|faint|p1a: Rotom\n|\n|upkeep\n|\n|t:|1776339374\n|switch|p1a: Starmie|Starmie-Mega, L50|33/100\n|turn|6\n|\n|t:|1776339377\n|switch|p2a: Rotom|Rotom-Wash, L50|74/100\n|move|p1a: Starmie|Aqua Jet|p2a: Rotom\n|-resisted|p2a: Rotom|1\n|-damage|p2a: Rotom|58/100\n|\n|upkeep\n|turn|7\n|l|\u2606suijimrh\n|inactive|suijimrh disconnected and has a minute to reconnect!\n|player|p1|\n|j|\u2606suijimrh\n|inactive|suijimrh reconnected and has 40 seconds left.\n|player|p1|suijimrh|cynthia-gen4|\n|\n|t:|1776339398\n|move|p1a: Starmie|Aqua Jet|p2a: Rotom\n|-resisted|p2a: Rotom|1\n|-damage|p2a: Rotom|40/100\n|move|p2a: Rotom|Volt Switch|p1a: Starmie\n|-supereffective|p1a: Starmie|1\n|-damage|p1a: Starmie|0 fnt\n|faint|p1a: Starmie\n|\n|win|fletchyfletchy\n|raw|suijimrh's rating: 1056 &rarr; <strong>1036</strong><br />(-20 for losing)\n|raw|fletchyfletchy's rating: 1022 &rarr; <strong>1062</strong><br />(+40 for winning)\n",
  "uploadtime": 1776339398,
  "views": 4,
  "formatid": "gen9championsbssregma",
  "rating": 1036,
  "private": 0,
  "password": null
}