{
  "id": "gen9championsbssregma-2588604641",
  "format": "[Gen 9 Champions] BSS Reg M-A",
  "players": [
    "Toil and Rot",
    "isaacmora22"
  ],
  "log": "|j|\u2606Toil and Rot\n|j|\u2606isaacmora22\n|t:|1776649327\n|gametype|singles\n|player|p1|Toil and Rot|psychicf-gen4|1105\n|player|p2|isaacmora22|hilbert|1076\n|gen|9\n|tier|[Gen 9 Champions] BSS Reg M-A\n|rated|\n|rule|Species Clause: Limit one of each Pok\u00e9mon\n|rule|Item Clause: Limit 1 of each item\n|clearpoke\n|poke|p1|Slowking, L50, F|\n|poke|p1|Froslass, L50, F|\n|poke|p1|Zoroark-Hisui, L50, M|\n|poke|p1|Avalugg-Hisui, L50, M|\n|poke|p1|Sneasler, L50, M|\n|poke|p1|Araquanid, L50, M|\n|poke|p2|Flareon, L50, M|\n|poke|p2|Dragonite, L50, M|\n|poke|p2|Luxray, L50, M|\n|poke|p2|Clawitzer, L50, M|\n|poke|p2|Sableye, L50, M|\n|poke|p2|Archaludon, L50, F|\n|teampreview|3\n|inactive|Battle timer is ON: inactive players will automatically lose when time's up. (requested by Toil and Rot)\n|inactive|Toil and Rot has 60 seconds left.\n|\n|t:|1776649371\n|teamsize|p1|3\n|teamsize|p2|3\n|start\n|switch|p1a: Sneasler|Sneasler, L50, M|100/100\n|switch|p2a: Rex|Luxray, L50, M|100/100\n|-ability|p2a: Rex|Intimidate|boost\n|-unboost|p1a: Sneasler|atk|1\n|turn|1\n|\n|t:|1776649395\n|move|p1a: Sneasler|Bitter Malice|p2a: Rex\n|-damage|p2a: Rex|53/100\n|-unboost|p2a: Rex|atk|1\n|move|p2a: Rex|Psychic Fangs|p1a: Sneasler\n|-damage|p1a: Sneasler|61/100\n|replace|p1a: Zoroark|Zoroark-Hisui, L50, M\n|-end|p1a: Zoroark|Illusion\n|\n|upkeep\n|turn|2\n|\n|t:|1776649407\n|switch|p2a: Migo|Dragonite, L50, M|100/100\n|move|p1a: Zoroark|Bitter Malice|p2a: Migo\n|-damage|p2a: Migo|83/100\n|-unboost|p2a: Migo|atk|1\n|\n|upkeep\n|turn|3\n|\n|t:|1776649421\n|detailschange|p2a: Migo|Dragonite-Mega, L50, M\n|-mega|p2a: Migo|Dragonite|Dragoninite\n|move|p1a: Zoroark|Bitter Malice|p2a: Migo\n|-damage|p2a: Migo|54/100\n|-unboost|p2a: Migo|atk|1\n|move|p2a: Migo|Air Slash|p1a: Zoroark\n|-damage|p1a: Zoroark|0 fnt\n|faint|p1a: Zoroark\n|\n|upkeep\n|\n|t:|1776649446\n|switch|p1a: Froslass|Froslass, L50, F|100/100\n|turn|4\n|inactive|Toil and Rot has 30 seconds left.\n|inactive|Toil and Rot has 20 seconds left.\n|inactive|Toil and Rot has 15 seconds left.\n|\n|t:|1776649488\n|detailschange|p1a: Froslass|Froslass-Mega, L50, F\n|-mega|p1a: Froslass|Froslass|Froslassite\n|-weather|Snowscape|[from] ability: Snow Warning|[of] p1a: Froslass\n|move|p1a: Froslass|Blizzard|p2a: Migo\n|-supereffective|p2a: Migo|2\n|-damage|p2a: Migo|0 fnt\n|faint|p2a: Migo\n|\n|-weather|Snowscape|[upkeep]\n|upkeep\n|\n|t:|1776649498\n|switch|p2a: Camden|Flareon, L50, M|100/100\n|turn|5\n|\n|t:|1776649512\n|move|p1a: Froslass|Shadow Ball|p2a: Camden\n|-damage|p2a: Camden|54/100\n|move|p2a: Camden|Flare Blitz|p1a: Froslass\n|-supereffective|p1a: Froslass|1\n|-damage|p1a: Froslass|0 fnt\n|faint|p1a: Froslass\n|-damage|p2a: Camden|23/100|[from] Recoil\n|\n|-weather|Snowscape|[upkeep]\n|-heal|p2a: Camden|30/100|[from] item: Leftovers\n|upkeep\n|\n|t:|1776649517\n|switch|p1a: Sneasler|Sneasler, L50, M|100/100\n|turn|6\n|\n|t:|1776649526\n|move|p2a: Camden|Quick Attack|p1a: Sneasler\n|-damage|p1a: Sneasler|80/100\n|move|p1a: Sneasler|Close Combat|p2a: Camden\n|-damage|p2a: Camden|0 fnt\n|-unboost|p1a: Sneasler|def|1\n|-unboost|p1a: Sneasler|spd|1\n|faint|p2a: Camden\n|\n|-weather|Snowscape|[upkeep]\n|upkeep\n|\n|t:|1776649536\n|switch|p2a: Rex|Luxray, L50, M|53/100\n|-ability|p2a: Rex|Intimidate|boost\n|-unboost|p1a: Sneasler|atk|1\n|turn|7\n|\n|t:|1776649540\n|move|p1a: Sneasler|Fling|p2a: Rex\n|-damage|p2a: Rex|43/100\n|-enditem|p1a: Sneasler|King's Rock|[from] move: Fling\n|-enditem|p2a: Rex|Sitrus Berry|[eat]\n|-heal|p2a: Rex|68/100|[from] item: Sitrus Berry\n|cant|p2a: Rex|flinch\n|\n|-weather|Snowscape|[upkeep]\n|upkeep\n|turn|8\n|\n|t:|1776649549\n|move|p1a: Sneasler|Close Combat|p2a: Rex\n|-damage|p2a: Rex|10/100\n|-unboost|p1a: Sneasler|def|1\n|-unboost|p1a: Sneasler|spd|1\n|move|p2a: Rex|Psychic Fangs|p1a: Sneasler\n|-supereffective|p1a: Sneasler|2\n|-damage|p1a: Sneasler|0 fnt\n|faint|p1a: Sneasler\n|\n|win|isaacmora22\n|raw|Toil and Rot's rating: 1105 &rarr; <strong>1078</strong><br />(-27 for losing)\n|raw|isaacmora22's rating: 1076 &rarr; <strong>1107</strong><br />(+31 for winning)\n",
  "uploadtime": 1776649561,
  "views": 6,
  "formatid": "gen9championsbssregma",
  "rating": 1078,
  "private": 0,
  "password": null
}