{
  "id": "gen9championsbssregma-2585179530",
  "format": "[Gen 9 Champions] BSS Reg M-A",
  "players": [
    "joguri",
    "totg.soka"
  ],
  "log": "|j|\u2606joguri\n|j|\u2606totg.soka\n|t:|1776321686\n|gametype|singles\n|player|p1|joguri|dawn|1172\n|player|p2|totg.soka|collector|1236\n|gen|9\n|tier|[Gen 9 Champions] BSS Reg M-A\n|rated|\n|rule|Species Clause: Limit one of each Pok\u00e9mon\n|rule|Item Clause: Limit 1 of each item\n|clearpoke\n|poke|p1|Clefable, L50, F|\n|poke|p1|Espathra, L50, F|\n|poke|p1|Garchomp, L50, M|\n|poke|p1|Charizard, L50, F|\n|poke|p1|Hippowdon, L50, M|\n|poke|p1|Rotom-Wash, L50|\n|poke|p2|Dragonite, L50, F|\n|poke|p2|Primarina, L50, M|\n|poke|p2|Scizor, L50, M|\n|poke|p2|Garchomp, L50, F|\n|poke|p2|Hatterene, L50, F|\n|poke|p2|Basculegion, L50, M|\n|teampreview|3\n|\n|t:|1776321711\n|teamsize|p1|3\n|teamsize|p2|3\n|start\n|switch|p1a: Garchomp|Garchomp, L50, M|100/100\n|switch|p2a: Garchomp|Garchomp, L50, F|100/100\n|turn|1\n|inactive|Battle timer is ON: inactive players will automatically lose when time's up. (requested by joguri)\n|\n|t:|1776321733\n|move|p2a: Garchomp|Rock Tomb|p1a: Garchomp\n|-resisted|p1a: Garchomp|1\n|-damage|p1a: Garchomp|91/100\n|-unboost|p1a: Garchomp|spe|1\n|move|p1a: Garchomp|Stealth Rock|p2a: Garchomp\n|-sidestart|p2: totg.soka|move: Stealth Rock\n|\n|upkeep\n|turn|2\n|\n|t:|1776321742\n|move|p2a: Garchomp|Stealth Rock|p1a: Garchomp\n|-sidestart|p1: joguri|move: Stealth Rock\n|move|p1a: Garchomp|Outrage|p2a: Garchomp\n|-supereffective|p2a: Garchomp|1\n|-damage|p2a: Garchomp|0 fnt\n|-damage|p1a: Garchomp|78/100|[from] ability: Rough Skin|[of] p2a: Garchomp\n|faint|p2a: Garchomp\n|\n|upkeep\n|\n|t:|1776321752\n|switch|p2a: Dragonite|Dragonite, L50, F|100/100\n|-damage|p2a: Dragonite|76/100|[from] Stealth Rock\n|turn|3\n|\n|t:|1776321756\n|detailschange|p2a: Dragonite|Dragonite-Mega, L50, F\n|-mega|p2a: Dragonite|Dragonite|Dragoninite\n|move|p2a: Dragonite|Dragon Pulse|p1a: Garchomp\n|-supereffective|p1a: Garchomp|1\n|-damage|p1a: Garchomp|0 fnt\n|faint|p1a: Garchomp\n|\n|upkeep\n|\n|t:|1776321774\n|switch|p1a: Espathra|Espathra, L50, F|100/100\n|-damage|p1a: Espathra|88/100|[from] Stealth Rock\n|turn|4\n|\n|t:|1776321781\n|move|p1a: Espathra|Protect|p1a: Espathra\n|-singleturn|p1a: Espathra|Protect\n|move|p2a: Dragonite|Dragon Pulse|p1a: Espathra\n|-activate|p1a: Espathra|move: Protect\n|\n|-heal|p1a: Espathra|94/100|[from] item: Leftovers\n|-ability|p1a: Espathra|Speed Boost|boost\n|-boost|p1a: Espathra|spe|1\n|upkeep\n|turn|5\n|\n|t:|1776321795\n|move|p1a: Espathra|Calm Mind|p1a: Espathra\n|-boost|p1a: Espathra|spa|1\n|-boost|p1a: Espathra|spd|1\n|move|p2a: Dragonite|Dragon Pulse|p1a: Espathra\n|-damage|p1a: Espathra|50/100\n|\n|-heal|p1a: Espathra|55/100|[from] item: Leftovers\n|-ability|p1a: Espathra|Speed Boost|boost\n|-boost|p1a: Espathra|spe|1\n|upkeep\n|turn|6\n|\n|t:|1776321803\n|move|p1a: Espathra|Protect|p1a: Espathra\n|-singleturn|p1a: Espathra|Protect\n|move|p2a: Dragonite|Dragon Pulse|p1a: Espathra\n|-activate|p1a: Espathra|move: Protect\n|\n|-heal|p1a: Espathra|61/100|[from] item: Leftovers\n|-ability|p1a: Espathra|Speed Boost|boost\n|-boost|p1a: Espathra|spe|1\n|upkeep\n|turn|7\n|\n|t:|1776321811\n|move|p1a: Espathra|Calm Mind|p1a: Espathra\n|-boost|p1a: Espathra|spa|1\n|-boost|p1a: Espathra|spd|1\n|move|p2a: Dragonite|Dragon Pulse|p1a: Espathra\n|-damage|p1a: Espathra|26/100\n|\n|-heal|p1a: Espathra|32/100|[from] item: Leftovers\n|-ability|p1a: Espathra|Speed Boost|boost\n|-boost|p1a: Espathra|spe|1\n|upkeep\n|turn|8\n|\n|t:|1776321820\n|move|p1a: Espathra|Protect|p1a: Espathra\n|-singleturn|p1a: Espathra|Protect\n|move|p2a: Dragonite|Dragon Pulse|p1a: Espathra\n|-activate|p1a: Espathra|move: Protect\n|\n|-heal|p1a: Espathra|38/100|[from] item: Leftovers\n|-ability|p1a: Espathra|Speed Boost|boost\n|-boost|p1a: Espathra|spe|1\n|upkeep\n|turn|9\n|\n|t:|1776321829\n|move|p2a: Dragonite|Extreme Speed|p1a: Espathra\n|-damage|p1a: Espathra|21/100\n|move|p1a: Espathra|Calm Mind|p1a: Espathra\n|-boost|p1a: Espathra|spa|1\n|-boost|p1a: Espathra|spd|1\n|\n|-heal|p1a: Espathra|27/100|[from] item: Leftovers\n|-ability|p1a: Espathra|Speed Boost|boost\n|-boost|p1a: Espathra|spe|1\n|upkeep\n|turn|10\n|\n|t:|1776321838\n|move|p1a: Espathra|Protect|p1a: Espathra\n|-singleturn|p1a: Espathra|Protect\n|move|p2a: Dragonite|Extreme Speed|p1a: Espathra\n|-activate|p1a: Espathra|move: Protect\n|\n|-heal|p1a: Espathra|33/100|[from] item: Leftovers\n|upkeep\n|turn|11\n|\n|t:|1776321847\n|move|p2a: Dragonite|Extreme Speed|p1a: Espathra\n|-damage|p1a: Espathra|17/100\n|move|p1a: Espathra|Calm Mind|p1a: Espathra\n|-boost|p1a: Espathra|spa|1\n|-boost|p1a: Espathra|spd|1\n|\n|-heal|p1a: Espathra|23/100|[from] item: Leftovers\n|upkeep\n|turn|12\n|\n|t:|1776321855\n|move|p1a: Espathra|Protect|p1a: Espathra\n|-singleturn|p1a: Espathra|Protect\n|move|p2a: Dragonite|Extreme Speed|p1a: Espathra\n|-activate|p1a: Espathra|move: Protect\n|\n|-heal|p1a: Espathra|29/100|[from] item: Leftovers\n|upkeep\n|turn|13\n|\n|t:|1776321868\n|move|p2a: Dragonite|Extreme Speed|p1a: Espathra\n|-damage|p1a: Espathra|12/100\n|move|p1a: Espathra|Baton Pass|p1a: Espathra\n|\n|t:|1776321872\n|switch|p1a: Clefable|Clefable, L50, F|100/100|[from] Baton Pass\n|\n|upkeep\n|turn|14\n|-message|totg.soka forfeited.\n|\n|win|joguri\n|raw|joguri's rating: 1172 &rarr; <strong>1202</strong><br />(+30 for winning)\n|raw|totg.soka's rating: 1236 &rarr; <strong>1206</strong><br />(-30 for losing)\n|l|\u2606totg.soka\n|player|p2|\n",
  "uploadtime": 1776321885,
  "views": 14,
  "formatid": "gen9championsbssregma",
  "rating": 1202,
  "private": 0,
  "password": null
}