{
  "id": "gen9championsbssregma-2587114097",
  "format": "[Gen 9 Champions] BSS Reg M-A",
  "players": [
    "wanipoke",
    "kyotoyoko"
  ],
  "log": "|j|\u2606wanipoke\n|j|\u2606kyotoyoko\n|t:|1776495365\n|gametype|singles\n|player|p1|wanipoke|cheren|1324\n|player|p2|kyotoyoko|caitlin|1306\n|gen|9\n|tier|[Gen 9 Champions] BSS Reg M-A\n|rated|\n|rule|Species Clause: Limit one of each Pok\u00e9mon\n|rule|Item Clause: Limit 1 of each item\n|clearpoke\n|poke|p1|Krookodile, L50, F, shiny|\n|poke|p1|Banette, L50, F|\n|poke|p1|Azumarill, L50, M|\n|poke|p1|Archaludon, L50, F|\n|poke|p1|Lucario, L50, M|\n|poke|p1|Sylveon, L50, F|\n|poke|p2|Hippowdon, L50, F|\n|poke|p2|Charizard, L50, F|\n|poke|p2|Lucario, L50, F|\n|poke|p2|Corviknight, L50, F|\n|poke|p2|Greninja, L50, F, shiny|\n|poke|p2|Mimikyu, L50, F, shiny|\n|teampreview|3\n|\n|t:|1776495414\n|teamsize|p1|3\n|teamsize|p2|3\n|start\n|switch|p1a: Krookodile|Krookodile, L50, F, shiny|100/100\n|switch|p2a: Greninja|Greninja, L50, F, shiny|100/100\n|-ability|p1a: Krookodile|Intimidate|boost\n|-unboost|p2a: Greninja|atk|1\n|turn|1\n|inactive|Battle timer is ON: inactive players will automatically lose when time's up. (requested by kyotoyoko)\n|\n|t:|1776495423\n|move|p2a: Greninja|Taunt|p1a: Krookodile\n|-start|p1a: Krookodile|move: Taunt\n|move|p1a: Krookodile|Rock Tomb|p2a: Greninja\n|-damage|p2a: Greninja|73/100\n|-unboost|p2a: Greninja|spe|1\n|\n|upkeep\n|turn|2\n|\n|t:|1776495432\n|move|p2a: Greninja|Water Shuriken|p1a: Krookodile\n|-supereffective|p1a: Krookodile|1\n|-damage|p1a: Krookodile|84/100\n|-supereffective|p1a: Krookodile|1\n|-damage|p1a: Krookodile|67/100\n|-supereffective|p1a: Krookodile|1\n|-damage|p1a: Krookodile|48/100\n|-hitcount|p1a: Krookodile|3\n|move|p1a: Krookodile|Earthquake|p2a: Greninja\n|-damage|p2a: Greninja|0 fnt\n|faint|p2a: Greninja\n|\n|upkeep\n|\n|t:|1776495442\n|switch|p2a: Hippowdon|Hippowdon, L50, F|100/100\n|-weather|Sandstorm|[from] ability: Sand Stream|[of] p2a: Hippowdon\n|turn|3\n|j| p74\n|\n|t:|1776495455\n|move|p1a: Krookodile|Earthquake|p2a: Hippowdon\n|-damage|p2a: Hippowdon|67/100\n|move|p2a: Hippowdon|Yawn|p1a: Krookodile\n|-start|p1a: Krookodile|move: Yawn|[of] p2a: Hippowdon\n|\n|-weather|Sandstorm|[upkeep]\n|-end|p1a: Krookodile|move: Taunt\n|upkeep\n|turn|4\n|\n|t:|1776495465\n|switch|p1a: Banette|Banette, L50, F|100/100\n|move|p2a: Hippowdon|Stealth Rock|p1a: Banette\n|-sidestart|p1: wanipoke|move: Stealth Rock\n|\n|-weather|Sandstorm|[upkeep]\n|-damage|p1a: Banette|95/100|[from] Sandstorm\n|upkeep\n|turn|5\n|\n|t:|1776495478\n|move|p1a: Banette|Gunk Shot|p2a: Hippowdon\n|-resisted|p2a: Hippowdon|1\n|-damage|p2a: Hippowdon|52/100\n|move|p2a: Hippowdon|Yawn|p1a: Banette\n|-immune|p1a: Banette|[from] ability: Insomnia\n|\n|-weather|Sandstorm|[upkeep]\n|-damage|p1a: Banette|89/100|[from] Sandstorm\n|upkeep\n|turn|6\n|\n|t:|1776495489\n|detailschange|p1a: Banette|Banette-Mega, L50, F\n|-mega|p1a: Banette|Banette|Banettite\n|move|p1a: Banette|Poltergeist|p2a: Hippowdon\n|-activate|p2a: Hippowdon|move: Poltergeist|Sitrus Berry\n|-damage|p2a: Hippowdon|4/100\n|-enditem|p2a: Hippowdon|Sitrus Berry|[eat]\n|-heal|p2a: Hippowdon|29/100|[from] item: Sitrus Berry\n|move|p2a: Hippowdon|Slack Off|p2a: Hippowdon\n|-heal|p2a: Hippowdon|79/100\n|\n|-weather|Sandstorm|[upkeep]\n|-damage|p1a: Banette|84/100|[from] Sandstorm\n|upkeep\n|turn|7\n|\n|t:|1776495506\n|switch|p1a: Krookodile|Krookodile, L50, F, shiny|48/100\n|-damage|p1a: Krookodile|42/100|[from] Stealth Rock\n|-ability|p1a: Krookodile|Intimidate|boost\n|-unboost|p2a: Hippowdon|atk|1\n|move|p2a: Hippowdon|Yawn|p1a: Krookodile\n|-start|p1a: Krookodile|move: Yawn|[of] p2a: Hippowdon\n|\n|-weather|none\n|upkeep\n|turn|8\n|\n|t:|1776495519\n|move|p1a: Krookodile|Endeavor|p2a: Hippowdon\n|-damage|p2a: Hippowdon|38/100\n|move|p2a: Hippowdon|Earthquake|p1a: Krookodile\n|-damage|p1a: Krookodile|16/100\n|\n|-end|p1a: Krookodile|move: Yawn|[silent]\n|-status|p1a: Krookodile|slp\n|upkeep\n|turn|9\n|\n|t:|1776495529\n|cant|p1a: Krookodile|slp\n|move|p2a: Hippowdon|Slack Off|p2a: Hippowdon\n|-heal|p2a: Hippowdon|88/100\n|\n|upkeep\n|turn|10\n|\n|t:|1776495537\n|-curestatus|p1a: Krookodile|slp|[msg]\n|move|p1a: Krookodile|Endeavor|p2a: Hippowdon\n|-damage|p2a: Hippowdon|14/100\n|move|p2a: Hippowdon|Earthquake|p1a: Krookodile\n|-damage|p1a: Krookodile|0 fnt\n|faint|p1a: Krookodile\n|\n|upkeep\n|\n|t:|1776495552\n|switch|p1a: Banette|Banette-Mega, L50, F|84/100\n|-damage|p1a: Banette|72/100|[from] Stealth Rock\n|turn|11\n|\n|t:|1776495560\n|move|p1a: Banette|Shadow Sneak|p2a: Hippowdon\n|-damage|p2a: Hippowdon|0 fnt\n|faint|p2a: Hippowdon\n|\n|upkeep\n|\n|t:|1776495562\n|switch|p2a: Lucario|Lucario, L50, F|100/100\n|turn|12\n|\n|t:|1776495576\n|detailschange|p2a: Lucario|Lucario-Mega, L50, F\n|-mega|p2a: Lucario|Lucario|Lucarionite\n|move|p1a: Banette|Shadow Sneak|p2a: Lucario\n|-damage|p2a: Lucario|66/100\n|move|p2a: Lucario|Meteor Mash|p1a: Banette|[miss]\n|-miss|p2a: Lucario|p1a: Banette\n|\n|upkeep\n|turn|13\n|\n|t:|1776495586\n|move|p1a: Banette|Shadow Sneak|p2a: Lucario\n|-damage|p2a: Lucario|31/100\n|move|p2a: Lucario|Meteor Mash|p1a: Banette\n|-damage|p1a: Banette|0 fnt\n|-boost|p2a: Lucario|atk|1\n|faint|p1a: Banette\n|\n|upkeep\n|\n|t:|1776495594\n|switch|p1a: Archaludon|Archaludon, L50, F|100/100\n|-damage|p1a: Archaludon|95/100|[from] Stealth Rock\n|turn|14\n|\n|t:|1776495599\n|move|p2a: Lucario|Close Combat|p1a: Archaludon\n|-supereffective|p1a: Archaludon|1\n|-enditem|p1a: Archaludon|Chople Berry|[eat]\n|-enditem|p1a: Archaludon|Chople Berry|[weaken]\n|-damage|p1a: Archaludon|0 fnt\n|-unboost|p2a: Lucario|def|1\n|-unboost|p2a: Lucario|spd|1\n|faint|p1a: Archaludon\n|\n|win|kyotoyoko\n|raw|wanipoke's rating: 1324 &rarr; <strong>1303</strong><br />(-21 for losing)\n|raw|kyotoyoko's rating: 1306 &rarr; <strong>1327</strong><br />(+21 for winning)\n|l|\u2606wanipoke\n|player|p1|\n|l|\u2606kyotoyoko\n|player|p2|\n",
  "uploadtime": 1776495609,
  "views": 9,
  "formatid": "gen9championsbssregma",
  "rating": 1303,
  "private": 0,
  "password": null
}