{
  "id": "gen9championsbssregma-2583221435",
  "format": "[Gen 9 Champions] BSS Reg M-A",
  "players": [
    "lovrillo",
    "chanmin"
  ],
  "log": "|j|\u2606lovrillo\n|j|\u2606chanmin\n|t:|1776156349\n|gametype|singles\n|player|p1|lovrillo|265|1310\n|player|p2|chanmin|170|1242\n|gen|9\n|tier|[Gen 9 Champions] BSS Reg M-A\n|rated|\n|rule|Species Clause: Limit one of each Pok\u00e9mon\n|rule|Item Clause: Limit 1 of each item\n|clearpoke\n|poke|p1|Umbreon, L50, M|\n|poke|p1|Glimmora, L50, F|\n|poke|p1|Primarina, L50, F|\n|poke|p1|Delphox, L50, M|\n|poke|p1|Ampharos, L50, F|\n|poke|p1|Toxapex, L50, M|\n|poke|p2|Archaludon, L50, F|\n|poke|p2|Rotom-Wash, L50|\n|poke|p2|Greninja-*, L50, F|\n|poke|p2|Kleavor, L50, F|\n|poke|p2|Chandelure, L50, M|\n|poke|p2|Garchomp, L50, F|\n|teampreview|3\n|j| p74\n|\n|t:|1776156381\n|teamsize|p1|3\n|teamsize|p2|3\n|start\n|switch|p1a: Glimmora|Glimmora, L50, F, shiny|100/100\n|switch|p2a: Archaludon|Archaludon, L50, F|100/100\n|turn|1\n|\n|t:|1776156399\n|move|p1a: Glimmora|Stealth Rock|p2a: Archaludon\n|-sidestart|p2: chanmin|move: Stealth Rock\n|move|p2a: Archaludon|Flash Cannon|p1a: Glimmora\n|-supereffective|p1a: Glimmora|1\n|-enditem|p1a: Glimmora|Focus Sash\n|-damage|p1a: Glimmora|1/100\n|\n|upkeep\n|turn|2\n|\n|t:|1776156408\n|move|p1a: Glimmora|Mud Shot|p2a: Archaludon\n|-supereffective|p2a: Archaludon|1\n|-damage|p2a: Archaludon|51/100\n|-unboost|p2a: Archaludon|spe|1\n|move|p2a: Archaludon|Flash Cannon|p1a: Glimmora\n|-supereffective|p1a: Glimmora|1\n|-damage|p1a: Glimmora|0 fnt\n|faint|p1a: Glimmora\n|\n|upkeep\n|\n|t:|1776156423\n|switch|p1a: Delphox|Delphox, L50, M, shiny|100/100\n|turn|3\n|\n|t:|1776156450\n|detailschange|p1a: Delphox|Delphox-Mega, L50, M, shiny\n|-mega|p1a: Delphox|Delphox|Delphoxite\n|move|p1a: Delphox|Flamethrower|p2a: Archaludon|[miss]\n|-miss|p1a: Delphox|p2a: Archaludon\n|move|p2a: Archaludon|Draco Meteor|p1a: Delphox\n|-damage|p1a: Delphox|25/100\n|-unboost|p2a: Archaludon|spa|2\n|\n|upkeep\n|turn|4\n|\n|t:|1776156463\n|move|p1a: Delphox|Flamethrower|p2a: Archaludon\n|-damage|p2a: Archaludon|0 fnt\n|faint|p2a: Archaludon\n|\n|upkeep\n|\n|t:|1776156472\n|switch|p2a: Chandelure|Chandelure, L50, M|100/100\n|-damage|p2a: Chandelure|76/100|[from] Stealth Rock\n|turn|5\n|\n|t:|1776156484\n|switch|p1a: Umbreon|Umbreon, L50, M, shiny|100/100\n|detailschange|p2a: Chandelure|Chandelure-Mega, L50, M\n|-mega|p2a: Chandelure|Chandelure|Chandelurite\n|move|p2a: Chandelure|Flame Charge|p1a: Umbreon\n|-damage|p1a: Umbreon|93/100\n|-boost|p2a: Chandelure|spe|1\n|\n|-heal|p1a: Umbreon|99/100|[from] item: Leftovers\n|upkeep\n|turn|6\n|\n|t:|1776156495\n|move|p2a: Chandelure|Calm Mind|p2a: Chandelure\n|-boost|p2a: Chandelure|spa|1\n|-boost|p2a: Chandelure|spd|1\n|move|p1a: Umbreon|Yawn|p2a: Chandelure\n|-start|p2a: Chandelure|move: Yawn|[of] p1a: Umbreon\n|\n|-heal|p1a: Umbreon|100/100|[from] item: Leftovers\n|upkeep\n|turn|7\n|\n|t:|1776156508\n|move|p2a: Chandelure|Fire Blast|p1a: Umbreon\n|-damage|p1a: Umbreon|30/100\n|-status|p1a: Umbreon|brn\n|move|p1a: Umbreon|Yawn||[still]\n|-fail|p1a: Umbreon\n|\n|-heal|p1a: Umbreon|36/100 brn|[from] item: Leftovers\n|-damage|p1a: Umbreon|30/100 brn|[from] brn\n|-end|p2a: Chandelure|move: Yawn|[silent]\n|-status|p2a: Chandelure|slp\n|upkeep\n|turn|8\n|\n|t:|1776156530\n|cant|p2a: Chandelure|slp\n|move|p1a: Umbreon|Wish|p1a: Umbreon\n|\n|-heal|p1a: Umbreon|36/100 brn|[from] item: Leftovers\n|-damage|p1a: Umbreon|30/100 brn|[from] brn\n|upkeep\n|turn|9\n|\n|t:|1776156539\n|cant|p2a: Chandelure|slp\n|move|p1a: Umbreon|Foul Play|p2a: Chandelure\n|-supereffective|p2a: Chandelure|1\n|-damage|p2a: Chandelure|53/100 slp\n|\n|-heal|p1a: Umbreon|80/100 brn|[from] move: Wish|[wisher] Umbreon\n|-heal|p1a: Umbreon|86/100 brn|[from] item: Leftovers\n|-damage|p1a: Umbreon|80/100 brn|[from] brn\n|upkeep\n|turn|10\n|\n|t:|1776156558\n|-curestatus|p2a: Chandelure|slp|[msg]\n|move|p2a: Chandelure|Fire Blast|p1a: Umbreon|[miss]\n|-miss|p2a: Chandelure|p1a: Umbreon\n|move|p1a: Umbreon|Yawn|p2a: Chandelure\n|-start|p2a: Chandelure|move: Yawn|[of] p1a: Umbreon\n|\n|-heal|p1a: Umbreon|86/100 brn|[from] item: Leftovers\n|-damage|p1a: Umbreon|80/100 brn|[from] brn\n|upkeep\n|turn|11\n|\n|t:|1776156571\n|move|p1a: Umbreon|Protect|p1a: Umbreon\n|-singleturn|p1a: Umbreon|Protect\n|move|p2a: Chandelure|Calm Mind|p2a: Chandelure\n|-boost|p2a: Chandelure|spa|1\n|-boost|p2a: Chandelure|spd|1\n|\n|-heal|p1a: Umbreon|86/100 brn|[from] item: Leftovers\n|-damage|p1a: Umbreon|80/100 brn|[from] brn\n|-end|p2a: Chandelure|move: Yawn|[silent]\n|-status|p2a: Chandelure|slp\n|upkeep\n|turn|12\n|\n|t:|1776156582\n|cant|p2a: Chandelure|slp\n|move|p1a: Umbreon|Foul Play|p2a: Chandelure\n|-supereffective|p2a: Chandelure|1\n|-damage|p2a: Chandelure|26/100 slp\n|\n|-heal|p1a: Umbreon|86/100 brn|[from] item: Leftovers\n|-damage|p1a: Umbreon|80/100 brn|[from] brn\n|upkeep\n|turn|13\n|\n|t:|1776156591\n|cant|p2a: Chandelure|slp\n|move|p1a: Umbreon|Foul Play|p2a: Chandelure\n|-supereffective|p2a: Chandelure|1\n|-damage|p2a: Chandelure|2/100 slp\n|\n|-heal|p1a: Umbreon|86/100 brn|[from] item: Leftovers\n|-damage|p1a: Umbreon|80/100 brn|[from] brn\n|upkeep\n|turn|14\n|\n|t:|1776156607\n|-curestatus|p2a: Chandelure|slp|[msg]\n|move|p2a: Chandelure|Fire Blast|p1a: Umbreon\n|-damage|p1a: Umbreon|0 fnt\n|faint|p1a: Umbreon\n|\n|upkeep\n|\n|t:|1776156612\n|switch|p1a: Delphox|Delphox-Mega, L50, M, shiny|25/100\n|turn|15\n|\n|t:|1776156617\n|move|p2a: Chandelure|Shadow Ball|p1a: Delphox\n|-supereffective|p1a: Delphox|1\n|-damage|p1a: Delphox|0 fnt\n|faint|p1a: Delphox\n|\n|win|chanmin\n|raw|lovrillo's rating: 1310 &rarr; <strong>1286</strong><br />(-24 for losing)\n|raw|chanmin's rating: 1242 &rarr; <strong>1272</strong><br />(+30 for winning)\n|l|\u2606chanmin\n|player|p2|\n|l|\u2606lovrillo\n|player|p1|\n",
  "uploadtime": 1776157452,
  "views": 5,
  "formatid": "gen9championsbssregma",
  "rating": 1272,
  "private": 0,
  "password": null
}