{
  "id": "gen9championsbssregma-2583728450",
  "format": "[Gen 9 Champions] BSS Reg M-A",
  "players": [
    "ImmortalDrago",
    "silux h'kimix"
  ],
  "log": "|j|\u2606ImmortalDrago\n|j|\u2606silux h'kimix\n|t:|1776193662\n|gametype|singles\n|player|p1|ImmortalDrago|n|1205\n|player|p2|silux h'kimix|hilbert|1125\n|gen|9\n|tier|[Gen 9 Champions] BSS Reg M-A\n|rated|\n|rule|Species Clause: Limit one of each Pok\u00e9mon\n|rule|Item Clause: Limit 1 of each item\n|clearpoke\n|poke|p1|Espathra, L50, M|\n|poke|p1|Incineroar, L50, M|\n|poke|p1|Corviknight, L50, M|\n|poke|p1|Clefable, L50, M|\n|poke|p1|Garchomp, L50, M|\n|poke|p1|Venusaur, L50, M|\n|poke|p2|Charizard, L50, F|\n|poke|p2|Greninja-*, L50, F|\n|poke|p2|Meowscarada, L50, M|\n|poke|p2|Archaludon, L50, M|\n|poke|p2|Ceruledge, L50, F|\n|poke|p2|Dragonite, L50, M|\n|teampreview|3\n|inactive|Battle timer is ON: inactive players will automatically lose when time's up. (requested by ImmortalDrago)\n|\n|t:|1776193698\n|teamsize|p1|3\n|teamsize|p2|3\n|start\n|switch|p1a: Espathra|Espathra, L50, M|100/100\n|switch|p2a: Meowscarada|Meowscarada, L50, M|100/100\n|turn|1\n|\n|t:|1776193721\n|move|p1a: Espathra|Protect|p1a: Espathra\n|-singleturn|p1a: Espathra|Protect\n|move|p2a: Meowscarada|Knock Off|p1a: Espathra\n|-start|p2a: Meowscarada|typechange|Dark|[from] ability: Protean\n|-activate|p1a: Espathra|move: Protect\n|\n|-ability|p1a: Espathra|Speed Boost|boost\n|-boost|p1a: Espathra|spe|1\n|upkeep\n|turn|2\n|\n|t:|1776193732\n|move|p2a: Meowscarada|Knock Off|p1a: Espathra\n|-supereffective|p1a: Espathra|1\n|-enditem|p1a: Espathra|Focus Sash\n|-damage|p1a: Espathra|1/100\n|move|p1a: Espathra|Calm Mind|p1a: Espathra\n|-boost|p1a: Espathra|spa|1\n|-boost|p1a: Espathra|spd|1\n|\n|-ability|p1a: Espathra|Speed Boost|boost\n|-boost|p1a: Espathra|spe|1\n|upkeep\n|turn|3\n|\n|t:|1776193747\n|move|p1a: Espathra|Protect|p1a: Espathra\n|-singleturn|p1a: Espathra|Protect\n|move|p2a: Meowscarada|Knock Off|p1a: Espathra\n|-activate|p1a: Espathra|move: Protect\n|\n|-ability|p1a: Espathra|Speed Boost|boost\n|-boost|p1a: Espathra|spe|1\n|upkeep\n|turn|4\n|\n|t:|1776193755\n|move|p1a: Espathra|Baton Pass|p1a: Espathra\n|\n|t:|1776193757\n|switch|p1a: Incineroar|Incineroar, L50, M|100/100|[from] Baton Pass\n|-ability|p1a: Incineroar|Intimidate|boost\n|-unboost|p2a: Meowscarada|atk|1\n|move|p2a: Meowscarada|Knock Off|p1a: Incineroar\n|-resisted|p1a: Incineroar|1\n|-damage|p1a: Incineroar|95/100\n|\n|upkeep\n|turn|5\n|\n|t:|1776193768\n|move|p2a: Meowscarada|Knock Off|p1a: Incineroar\n|-resisted|p1a: Incineroar|1\n|-damage|p1a: Incineroar|89/100\n|move|p1a: Incineroar|Nasty Plot|p1a: Incineroar\n|-boost|p1a: Incineroar|spa|2\n|\n|upkeep\n|turn|6\n|\n|t:|1776193776\n|move|p2a: Meowscarada|Knock Off|p1a: Incineroar\n|-resisted|p1a: Incineroar|1\n|-damage|p1a: Incineroar|84/100\n|move|p1a: Incineroar|Flame Charge|p2a: Meowscarada\n|-damage|p2a: Meowscarada|76/100\n|-boost|p1a: Incineroar|spe|1\n|\n|upkeep\n|turn|7\n|\n|t:|1776193785\n|move|p2a: Meowscarada|Knock Off|p1a: Incineroar\n|-resisted|p1a: Incineroar|1\n|-damage|p1a: Incineroar|78/100\n|move|p1a: Incineroar|Flame Charge|p2a: Meowscarada\n|-crit|p2a: Meowscarada\n|-damage|p2a: Meowscarada|36/100\n|-boost|p1a: Incineroar|spe|1\n|\n|upkeep\n|turn|8\n|\n|t:|1776193794\n|move|p2a: Meowscarada|Knock Off|p1a: Incineroar\n|-resisted|p1a: Incineroar|1\n|-damage|p1a: Incineroar|72/100\n|move|p1a: Incineroar|Nasty Plot|p1a: Incineroar\n|-boost|p1a: Incineroar|spa|2\n|\n|upkeep\n|turn|9\n|\n|t:|1776193802\n|move|p2a: Meowscarada|Knock Off|p1a: Incineroar\n|-resisted|p1a: Incineroar|1\n|-damage|p1a: Incineroar|66/100\n|move|p1a: Incineroar|Flame Charge|p2a: Meowscarada\n|-damage|p2a: Meowscarada|8/100\n|-boost|p1a: Incineroar|spe|1\n|\n|upkeep\n|turn|10\n|\n|t:|1776193810\n|move|p1a: Incineroar|Nasty Plot|p1a: Incineroar\n|-boost|p1a: Incineroar|spa|1\n|move|p2a: Meowscarada|Knock Off|p1a: Incineroar\n|-resisted|p1a: Incineroar|1\n|-damage|p1a: Incineroar|60/100\n|\n|upkeep\n|turn|11\n|\n|t:|1776193817\n|move|p1a: Incineroar|Flame Charge|p2a: Meowscarada\n|-damage|p2a: Meowscarada|0 fnt\n|faint|p2a: Meowscarada\n|\n|upkeep\n|\n|t:|1776193822\n|switch|p2a: Greninja|Greninja, L50, F|100/100\n|turn|12\n|\n|t:|1776193829\n|detailschange|p2a: Greninja|Greninja-Mega, L50, F\n|-mega|p2a: Greninja|Greninja|Greninjite\n|move|p1a: Incineroar|Baton Pass|p1a: Incineroar\n|\n|t:|1776193832\n|switch|p1a: Clefable|Clefable, L50, M|100/100|[from] Baton Pass\n|move|p2a: Greninja|Surf|p1a: Clefable\n|-start|p2a: Greninja|typechange|Water|[from] ability: Protean\n|-damage|p1a: Clefable|68/100\n|\n|upkeep\n|turn|13\n|\n|t:|1776193843\n|detailschange|p1a: Clefable|Clefable-Mega, L50, M\n|-mega|p1a: Clefable|Clefable|Clefablite\n|move|p1a: Clefable|Cosmic Power|p1a: Clefable\n|-boost|p1a: Clefable|def|1\n|-boost|p1a: Clefable|spd|1\n|move|p2a: Greninja|Sludge Wave|p1a: Clefable\n|-supereffective|p1a: Clefable|1\n|-damage|p1a: Clefable|42/100\n|\n|upkeep\n|turn|14\n|\n|t:|1776193853\n|move|p1a: Clefable|Cosmic Power|p1a: Clefable\n|-boost|p1a: Clefable|def|1\n|-boost|p1a: Clefable|spd|1\n|move|p2a: Greninja|Sludge Wave|p1a: Clefable\n|-supereffective|p1a: Clefable|1\n|-damage|p1a: Clefable|20/100\n|\n|upkeep\n|turn|15\n|\n|t:|1776193861\n|move|p1a: Clefable|Moonlight|p1a: Clefable\n|-heal|p1a: Clefable|70/100\n|move|p2a: Greninja|Sludge Wave|p1a: Clefable\n|-supereffective|p1a: Clefable|1\n|-damage|p1a: Clefable|49/100\n|\n|upkeep\n|turn|16\n|\n|t:|1776193868\n|move|p1a: Clefable|Moonlight|p1a: Clefable\n|-heal|p1a: Clefable|99/100\n|move|p2a: Greninja|Ice Beam|p1a: Clefable\n|-supereffective|p1a: Clefable|1\n|-damage|p1a: Clefable|75/100\n|\n|upkeep\n|turn|17\n|\n|t:|1776193876\n|move|p1a: Clefable|Stored Power|p2a: Greninja\n|-damage|p2a: Greninja|0 fnt\n|faint|p2a: Greninja\n|\n|upkeep\n|\n|t:|1776193880\n|switch|p2a: Charizard|Charizard, L50, F|100/100\n|turn|18\n|\n|t:|1776193884\n|move|p1a: Clefable|Stored Power|p2a: Charizard\n|-damage|p2a: Charizard|0 fnt\n|faint|p2a: Charizard\n|\n|win|ImmortalDrago\n|raw|ImmortalDrago's rating: 1205 &rarr; <strong>1224</strong><br />(+19 for winning)\n|raw|silux h&apos;kimix's rating: 1125 &rarr; <strong>1106</strong><br />(-19 for losing)\n",
  "uploadtime": 1776193892,
  "views": 9,
  "formatid": "gen9championsbssregma",
  "rating": 1106,
  "private": 0,
  "password": null
}