{
  "id": "gen9championsbssregma-2584110898",
  "format": "[Gen 9 Champions] BSS Reg M-A",
  "players": [
    "MiraidonGaming",
    "wounddia"
  ],
  "log": "|j|\u2606MiraidonGaming\n|j|\u2606wounddia\n|t:|1776226297\n|gametype|singles\n|player|p1|MiraidonGaming|lucas|1409\n|player|p2|wounddia|elesa|1385\n|gen|9\n|tier|[Gen 9 Champions] BSS Reg M-A\n|rated|\n|rule|Species Clause: Limit one of each Pok\u00e9mon\n|rule|Item Clause: Limit 1 of each item\n|clearpoke\n|poke|p1|Ninetales-Alola, L50, F|\n|poke|p1|Charizard, L50, M|\n|poke|p1|Scizor, L50, M|\n|poke|p1|Sinistcha, L50|\n|poke|p1|Rotom-Wash, L50|\n|poke|p1|Salazzle, L50, F|\n|poke|p2|Charizard, L50, M|\n|poke|p2|Garchomp, L50, F|\n|poke|p2|Glimmora, L50, F|\n|poke|p2|Corviknight, L50, F|\n|poke|p2|Sneasler, L50, M|\n|poke|p2|Meowscarada, L50, M|\n|teampreview|3\n|\n|t:|1776226335\n|teamsize|p1|3\n|teamsize|p2|3\n|start\n|switch|p1a: Edward|Scizor, L50, M|100/100\n|switch|p2a: Sneasler|Sneasler, L50, M|100/100\n|turn|1\n|inactive|Battle timer is ON: inactive players will automatically lose when time's up. (requested by wounddia)\n|\n|t:|1776226340\n|move|p2a: Sneasler|Close Combat|p1a: Edward\n|-damage|p1a: Edward|31/100\n|-unboost|p2a: Sneasler|def|1\n|-unboost|p2a: Sneasler|spd|1\n|-enditem|p2a: Sneasler|White Herb\n|-clearnegativeboost|p2a: Sneasler|[silent]\n|move|p1a: Edward|Swords Dance|p1a: Edward\n|-boost|p1a: Edward|atk|2\n|\n|upkeep\n|turn|2\n|\n|t:|1776226344\n|move|p1a: Edward|Bullet Punch|p2a: Sneasler\n|-damage|p2a: Sneasler|17/100\n|move|p2a: Sneasler|Close Combat|p1a: Edward\n|-damage|p1a: Edward|0 fnt\n|-unboost|p2a: Sneasler|def|1\n|-unboost|p2a: Sneasler|spd|1\n|faint|p1a: Edward\n|\n|upkeep\n|\n|t:|1776226355\n|switch|p1a: Put a brick in|Rotom-Wash, L50|100/100\n|turn|3\n|\n|t:|1776226361\n|move|p2a: Sneasler|Close Combat|p1a: Put a brick in\n|-damage|p1a: Put a brick in|5/100\n|-unboost|p2a: Sneasler|def|1\n|-unboost|p2a: Sneasler|spd|1\n|move|p1a: Put a brick in|Discharge|p2a: Sneasler\n|-damage|p2a: Sneasler|0 fnt\n|faint|p2a: Sneasler\n|\n|upkeep\n|\n|t:|1776226374\n|switch|p2a: Charizard|Charizard, L50, M|100/100\n|turn|4\n|\n|t:|1776226377\n|detailschange|p2a: Charizard|Charizard-Mega-X, L50, M\n|-mega|p2a: Charizard|Charizard|Charizardite X\n|move|p1a: Put a brick in|Discharge|p2a: Charizard\n|-resisted|p2a: Charizard|1\n|-damage|p2a: Charizard|78/100\n|move|p2a: Charizard|Flame Charge|p1a: Put a brick in\n|-resisted|p1a: Put a brick in|1\n|-damage|p1a: Put a brick in|0 fnt\n|-boost|p2a: Charizard|spe|1\n|faint|p1a: Put a brick in\n|\n|upkeep\n|j| p74\n|\n|t:|1776226383\n|switch|p1a: Bruce|Charizard, L50, M|100/100\n|turn|5\n|\n|t:|1776226385\n|move|p2a: Charizard|Outrage|p1a: Bruce\n|-crit|p1a: Bruce\n|-damage|p1a: Bruce|0 fnt\n|faint|p1a: Bruce\n|\n|win|wounddia\n|raw|MiraidonGaming's rating: 1409 &rarr; <strong>1388</strong><br />(-21 for losing)\n|raw|wounddia's rating: 1385 &rarr; <strong>1406</strong><br />(+21 for winning)\n|l|\u2606wounddia\n|player|p2|\n|l|\u2606MiraidonGaming\n|player|p1|\n",
  "uploadtime": 1776226418,
  "views": 6,
  "formatid": "gen9championsbssregma",
  "rating": 1388,
  "private": 0,
  "password": null
}