{
  "id": "gen9championsbssregma-2582619298",
  "format": "[Gen 9 Champions] BSS Reg M-A",
  "players": [
    "z-pokemaster2000",
    "DarKnightPT"
  ],
  "log": "|j|\u2606z-pokemaster2000\n|j|\u2606DarKnightPT\n|t:|1776103034\n|gametype|singles\n|player|p1|z-pokemaster2000|1|\n|player|p2|DarKnightPT|sabrina|\n|gen|9\n|tier|[Gen 9 Champions] BSS Reg M-A\n|rule|Species Clause: Limit one of each Pok\u00e9mon\n|rule|Item Clause: Limit 1 of each item\n|clearpoke\n|poke|p1|Charizard, L50, M|\n|poke|p1|Scizor, L50, F|\n|poke|p1|Conkeldurr, L50, M|\n|poke|p1|Clefable, L50, F|\n|poke|p1|Basculegion, L50, M|\n|poke|p1|Bellibolt, L50, M|\n|poke|p2|Banette, L50, F|\n|poke|p2|Primarina, L50, F|\n|poke|p2|Volcarona, L50, F|\n|poke|p2|Corviknight, L50, F|\n|poke|p2|Garchomp, L50, M|\n|poke|p2|Weavile, L50, F|\n|teampreview|3\n|\n|t:|1776103092\n|teamsize|p1|3\n|teamsize|p2|3\n|start\n|switch|p1a: Bellibolt|Bellibolt, L50, M, shiny|100/100\n|switch|p2a: Weavile|Weavile, L50, F|100/100\n|turn|1\n|\n|t:|1776103101\n|move|p2a: Weavile|Knock Off|p1a: Bellibolt\n|-damage|p1a: Bellibolt|56/100\n|-start|p1a: Bellibolt|Charge|Knock Off|[from] ability: Electromorphosis\n|-enditem|p1a: Bellibolt|Magnet|[from] move: Knock Off|[of] p2a: Weavile\n|move|p1a: Bellibolt|Acid Spray|p2a: Weavile\n|-damage|p2a: Weavile|81/100\n|-unboost|p2a: Weavile|spd|2\n|\n|upkeep\n|turn|2\n|\n|t:|1776103112\n|move|p2a: Weavile|Triple Axel|p1a: Bellibolt\n|-damage|p1a: Bellibolt|47/100\n|-start|p1a: Bellibolt|Charge|Triple Axel|[from] ability: Electromorphosis\n|-damage|p1a: Bellibolt|29/100\n|-start|p1a: Bellibolt|Charge|Triple Axel|[from] ability: Electromorphosis\n|-damage|p1a: Bellibolt|1/100\n|-start|p1a: Bellibolt|Charge|Triple Axel|[from] ability: Electromorphosis\n|-hitcount|p1a: Bellibolt|3\n|move|p1a: Bellibolt|Parabolic Charge|p2a: Weavile\n|-damage|p2a: Weavile|0 fnt\n|-heal|p1a: Bellibolt|32/100|[from] drain|[of] p2a: Weavile\n|faint|p2a: Weavile\n|-end|p1a: Bellibolt|Charge|[silent]\n|\n|upkeep\n|c|\u2606DarKnightPT|damn\n|\n|t:|1776103129\n|switch|p2a: Banette|Banette, L50, F|100/100\n|turn|3\n|c|\u2606z-pokemaster2000|Actually 1hp and a dream\n|c|\u2606z-pokemaster2000|My goat\n|\n|t:|1776103139\n|detailschange|p2a: Banette|Banette-Mega, L50, F\n|-mega|p2a: Banette|Banette|Banettite\n|move|p2a: Banette|Poltergeist||[still]\n|-fail|p2a: Banette\n|move|p1a: Bellibolt|Parabolic Charge|p2a: Banette\n|-damage|p2a: Banette|57/100\n|-heal|p1a: Bellibolt|50/100|[from] drain|[of] p2a: Banette\n|\n|upkeep\n|turn|4\n|c|\u2606DarKnightPT|i'm really stupid\n|c|\u2606z-pokemaster2000|...\n|c|\u2606DarKnightPT|i forgot\n|c|\u2606DarKnightPT|welp\n|\n|t:|1776103168\n|move|p2a: Banette|Will-O-Wisp|p1a: Bellibolt\n|-status|p1a: Bellibolt|brn\n|move|p1a: Bellibolt|Parabolic Charge|p2a: Banette\n|-damage|p2a: Banette|15/100\n|-heal|p1a: Bellibolt|69/100 brn|[from] drain|[of] p2a: Banette\n|\n|-damage|p1a: Bellibolt|62/100 brn|[from] brn\n|upkeep\n|turn|5\n|c|\u2606z-pokemaster2000|Sir please don't get 1v3'd by bellibolt lead\n|\n|t:|1776103184\n|move|p2a: Banette|Destiny Bond|p2a: Banette\n|-singlemove|p2a: Banette|Destiny Bond\n|move|p1a: Bellibolt|Sucker Punch||[still]\n|-fail|p1a: Bellibolt\n|\n|-damage|p1a: Bellibolt|56/100 brn|[from] brn\n|upkeep\n|turn|6\n|c|\u2606z-pokemaster2000|Welp\n|\n|t:|1776103200\n|move|p2a: Banette|Encore|p1a: Bellibolt\n|-start|p1a: Bellibolt|Encore\n|move|p1a: Bellibolt|Sucker Punch||[still]\n|-fail|p1a: Bellibolt\n|\n|-damage|p1a: Bellibolt|50/100 brn|[from] brn\n|upkeep\n|turn|7\n|\n|t:|1776103209\n|switch|p2a: Volcarona|Volcarona, L50, F|100/100\n|move|p1a: Bellibolt|Sucker Punch||[still]\n|-fail|p1a: Bellibolt\n|\n|-damage|p1a: Bellibolt|44/100 brn|[from] brn\n|upkeep\n|turn|8\n|\n|t:|1776103215\n|switch|p1a: Basculegion|Basculegion, L50, M|100/100\n|move|p2a: Volcarona|Quiver Dance|p2a: Volcarona\n|-boost|p2a: Volcarona|spa|1\n|-boost|p2a: Volcarona|spd|1\n|-boost|p2a: Volcarona|spe|1\n|\n|upkeep\n|turn|9\n|\n|t:|1776103238\n|move|p1a: Basculegion|Wave Crash|p2a: Volcarona\n|-supereffective|p2a: Volcarona|1\n|-damage|p2a: Volcarona|0 fnt\n|-status|p1a: Basculegion|brn|[from] ability: Flame Body|[of] p2a: Volcarona\n|faint|p2a: Volcarona\n|-damage|p1a: Basculegion|69/100 brn|[from] Recoil\n|\n|-damage|p1a: Basculegion|63/100 brn|[from] brn\n|upkeep\n|c|\u2606DarKnightPT|annoying\n|\n|t:|1776103246\n|switch|p2a: Banette|Banette-Mega, L50, F|15/100\n|turn|10\n|c|\u2606z-pokemaster2000|Bruh\n|c|\u2606DarKnightPT|ggs\n|\n|t:|1776103253\n|move|p1a: Basculegion|Wave Crash|p2a: Banette\n|-damage|p2a: Banette|0 fnt\n|faint|p2a: Banette\n|-damage|p1a: Basculegion|59/100 brn|[from] Recoil\n|\n|win|z-pokemaster2000\n",
  "uploadtime": 1776103256,
  "views": 4,
  "formatid": "gen9championsbssregma",
  "rating": null,
  "private": 0,
  "password": null
}