{
  "id": "gen9championsbssregma-2585873118",
  "format": "[Gen 9 Champions] BSS Reg M-A",
  "players": [
    "alswnsjsid",
    "DiceyRice"
  ],
  "log": "|j|\u2606alswnsjsid\n|j|\u2606DiceyRice\n|t:|1776377321\n|gametype|singles\n|player|p1|alswnsjsid|caitlin|1195\n|player|p2|DiceyRice|miku-ghost|1381\n|gen|9\n|tier|[Gen 9 Champions] BSS Reg M-A\n|rated|\n|rule|Species Clause: Limit one of each Pok\u00e9mon\n|rule|Item Clause: Limit 1 of each item\n|clearpoke\n|poke|p1|Kangaskhan, L50, F|\n|poke|p1|Hippowdon, L50, M|\n|poke|p1|Primarina, L50, F|\n|poke|p1|Archaludon, L50, M|\n|poke|p1|Volcarona, L50, F|\n|poke|p1|Basculegion, L50, M|\n|poke|p2|Hippowdon, L50, F|\n|poke|p2|Volcarona, L50, F|\n|poke|p2|Blastoise, L50, F|\n|poke|p2|Aegislash, L50, F|\n|poke|p2|Floette-Eternal, L50, F|\n|poke|p2|Hydreigon, L50, F|\n|teampreview|3\n|\n|t:|1776377355\n|teamsize|p1|3\n|teamsize|p2|3\n|start\n|switch|p1a: Kangaskhan|Kangaskhan, L50, F, shiny|100/100\n|switch|p2a: Hippowdon|Hippowdon, L50, F|100/100\n|-weather|Sandstorm|[from] ability: Sand Stream|[of] p2a: Hippowdon\n|turn|1\n|\n|t:|1776377366\n|detailschange|p1a: Kangaskhan|Kangaskhan-Mega, L50, F, shiny\n|-mega|p1a: Kangaskhan|Kangaskhan|Kangaskhanite\n|move|p1a: Kangaskhan|Fake Out|p2a: Hippowdon\n|-damage|p2a: Hippowdon|84/100\n|-damage|p2a: Hippowdon|80/100\n|-hitcount|p2a: Hippowdon|2\n|cant|p2a: Hippowdon|flinch\n|\n|-weather|Sandstorm|[upkeep]\n|-damage|p1a: Kangaskhan|95/100|[from] Sandstorm\n|upkeep\n|turn|2\n|\n|t:|1776377374\n|move|p1a: Kangaskhan|Last Resort|p2a: Hippowdon\n|-damage|p2a: Hippowdon|28/100\n|-enditem|p2a: Hippowdon|Sitrus Berry|[eat]\n|-heal|p2a: Hippowdon|53/100|[from] item: Sitrus Berry\n|-damage|p2a: Hippowdon|40/100\n|-hitcount|p2a: Hippowdon|2\n|move|p2a: Hippowdon|Stealth Rock|p1a: Kangaskhan\n|-sidestart|p1: alswnsjsid|move: Stealth Rock\n|\n|-weather|Sandstorm|[upkeep]\n|-damage|p1a: Kangaskhan|89/100|[from] Sandstorm\n|upkeep\n|turn|3\n|\n|t:|1776377381\n|switch|p2a: Aegislash|Aegislash, L50, F|100/100\n|move|p1a: Kangaskhan|Last Resort|p2a: Aegislash\n|-immune|p2a: Aegislash\n|\n|-weather|Sandstorm|[upkeep]\n|-damage|p1a: Kangaskhan|83/100|[from] Sandstorm\n|upkeep\n|turn|4\n|\n|t:|1776377389\n|switch|p1a: Archaludon|Archaludon, L50, M, shiny|100/100\n|-damage|p1a: Archaludon|94/100|[from] Stealth Rock\n|-formechange|p2a: Aegislash|Aegislash-Blade|\n|move|p2a: Aegislash|Poltergeist|p1a: Archaludon\n|-activate|p1a: Archaludon|move: Poltergeist|Leftovers\n|-damage|p1a: Archaludon|38/100\n|-ability|p1a: Archaludon|Stamina|boost\n|-boost|p1a: Archaludon|def|1\n|\n|-weather|Sandstorm|[upkeep]\n|-heal|p1a: Archaludon|44/100|[from] item: Leftovers\n|upkeep\n|turn|5\n|\n|t:|1776377405\n|-formechange|p2a: Aegislash|Aegislash|\n|move|p2a: Aegislash|King's Shield|p2a: Aegislash\n|-singleturn|p2a: Aegislash|Protect\n|move|p1a: Archaludon|Foul Play|p2a: Aegislash\n|-activate|p2a: Aegislash|move: Protect\n|-unboost|p1a: Archaludon|atk|1\n|\n|-weather|none\n|-heal|p1a: Archaludon|50/100|[from] item: Leftovers\n|upkeep\n|turn|6\n|\n|t:|1776377410\n|move|p1a: Archaludon|Foul Play|p2a: Aegislash\n|-supereffective|p2a: Aegislash|1\n|-damage|p2a: Aegislash|68/100\n|-formechange|p2a: Aegislash|Aegislash-Blade|\n|move|p2a: Aegislash|Sacred Sword|p1a: Archaludon\n|-supereffective|p1a: Archaludon|1\n|-damage|p1a: Archaludon|0 fnt\n|faint|p1a: Archaludon\n|\n|upkeep\n|\n|t:|1776377421\n|switch|p1a: Basculegion|Basculegion, L50, M, shiny|100/100\n|-damage|p1a: Basculegion|88/100|[from] Stealth Rock\n|turn|7\n|\n|t:|1776377433\n|-formechange|p2a: Aegislash|Aegislash|\n|move|p2a: Aegislash|King's Shield|p2a: Aegislash\n|-singleturn|p2a: Aegislash|Protect\n|move|p1a: Basculegion|Last Respects|p2a: Aegislash\n|-activate|p2a: Aegislash|move: Protect\n|\n|upkeep\n|turn|8\n|\n|t:|1776377442\n|switch|p1a: Kangaskhan|Kangaskhan-Mega, L50, F, shiny|83/100\n|-damage|p1a: Kangaskhan|71/100|[from] Stealth Rock\n|switch|p2a: Hippowdon|Hippowdon, L50, F|40/100\n|-weather|Sandstorm|[from] ability: Sand Stream|[of] p2a: Hippowdon\n|\n|-weather|Sandstorm|[upkeep]\n|-damage|p1a: Kangaskhan|65/100|[from] Sandstorm\n|upkeep\n|turn|9\n|\n|t:|1776377453\n|switch|p1a: Basculegion|Basculegion, L50, M, shiny|88/100\n|-damage|p1a: Basculegion|76/100|[from] Stealth Rock\n|switch|p2a: Aegislash|Aegislash, L50, F|68/100\n|\n|-weather|Sandstorm|[upkeep]\n|-damage|p1a: Basculegion|70/100|[from] Sandstorm\n|upkeep\n|turn|10\n|\n|t:|1776377470\n|move|p2a: Aegislash|King's Shield|p2a: Aegislash\n|-singleturn|p2a: Aegislash|Protect\n|move|p1a: Basculegion|Last Respects|p2a: Aegislash\n|-activate|p2a: Aegislash|move: Protect\n|\n|-weather|Sandstorm|[upkeep]\n|-damage|p1a: Basculegion|64/100|[from] Sandstorm\n|upkeep\n|turn|11\n|\n|t:|1776377475\n|switch|p2a: Hippowdon|Hippowdon, L50, F|40/100\n|move|p1a: Basculegion|Last Respects|p2a: Hippowdon\n|-damage|p2a: Hippowdon|0 fnt\n|faint|p2a: Hippowdon\n|\n|-weather|Sandstorm|[upkeep]\n|-damage|p1a: Basculegion|58/100|[from] Sandstorm\n|upkeep\n|\n|t:|1776377477\n|switch|p2a: Blastoise|Blastoise, L50, F|100/100\n|turn|12\n|\n|t:|1776377487\n|detailschange|p2a: Blastoise|Blastoise-Mega, L50, F\n|-mega|p2a: Blastoise|Blastoise|Blastoisinite\n|move|p1a: Basculegion|Last Respects|p2a: Blastoise\n|-damage|p2a: Blastoise|37/100\n|move|p2a: Blastoise|Dark Pulse|p1a: Basculegion\n|-supereffective|p1a: Basculegion|1\n|-damage|p1a: Basculegion|0 fnt\n|faint|p1a: Basculegion\n|\n|-weather|none\n|upkeep\n|\n|t:|1776377493\n|switch|p1a: Kangaskhan|Kangaskhan-Mega, L50, F, shiny|65/100\n|-damage|p1a: Kangaskhan|53/100|[from] Stealth Rock\n|turn|13\n|\n|t:|1776377497\n|switch|p2a: Aegislash|Aegislash, L50, F|68/100\n|move|p1a: Kangaskhan|Fake Out|p2a: Aegislash\n|-immune|p2a: Aegislash\n|\n|upkeep\n|turn|14\n|-message|alswnsjsid forfeited.\n|\n|win|DiceyRice\n|raw|alswnsjsid's rating: 1195 &rarr; <strong>1182</strong><br />(-13 for losing)\n|raw|DiceyRice's rating: 1381 &rarr; <strong>1391</strong><br />(+10 for winning)\n|l|\u2606alswnsjsid\n|player|p1|\n",
  "uploadtime": 1776377508,
  "views": 6,
  "formatid": "gen9championsbssregma",
  "rating": 1182,
  "private": 0,
  "password": null
}