{
  "id": "gen9championsbssregma-2585538482",
  "format": "[Gen 9 Champions] BSS Reg M-A",
  "players": [
    "Scorbunnysquad2002",
    "jihwanking"
  ],
  "log": "|j|\u2606Scorbunnysquad2002\n|j|\u2606jihwanking\n|t:|1776354171\n|gametype|singles\n|player|p1|Scorbunnysquad2002|brock|1031\n|player|p2|jihwanking|102|1025\n|gen|9\n|tier|[Gen 9 Champions] BSS Reg M-A\n|rated|\n|rule|Species Clause: Limit one of each Pok\u00e9mon\n|rule|Item Clause: Limit 1 of each item\n|clearpoke\n|poke|p1|Starmie, L50|\n|poke|p1|Polteageist, L50|\n|poke|p1|Dragapult, L50, M|\n|poke|p1|Gallade, L50, M|\n|poke|p1|Mudsdale, L50, M|\n|poke|p1|Bellibolt, L50, M|\n|poke|p2|Beedrill, L50, M|\n|poke|p2|Glimmora, L50, M|\n|poke|p2|Lycanroc-Dusk, L50, M|\n|poke|p2|Charizard, L50, M|\n|poke|p2|Hippowdon, L50, M|\n|poke|p2|Aegislash, L50, M|\n|teampreview|3\n|j| maruuram\n|\n|t:|1776354191\n|teamsize|p1|3\n|teamsize|p2|3\n|start\n|switch|p1a: Mudsdale|Mudsdale, L50, M|100/100\n|switch|p2a: Beedrill|Beedrill, L50, M|100/100\n|turn|1\n|\n|t:|1776354202\n|detailschange|p2a: Beedrill|Beedrill-Mega, L50, M\n|-mega|p2a: Beedrill|Beedrill|Beedrillite\n|move|p2a: Beedrill|U-turn|p1a: Mudsdale\n|-damage|p1a: Mudsdale|55/100\n|-ability|p1a: Mudsdale|Stamina|boost\n|-boost|p1a: Mudsdale|def|1\n|\n|t:|1776354209\n|switch|p2a: Aegislash|Aegislash, L50, M|100/100|[from] U-turn\n|move|p1a: Mudsdale|Stealth Rock|p2a: Aegislash\n|-sidestart|p2: jihwanking|move: Stealth Rock\n|\n|-heal|p1a: Mudsdale|61/100|[from] item: Leftovers\n|upkeep\n|turn|2\n|\n|t:|1776354219\n|move|p2a: Aegislash|Swords Dance|p2a: Aegislash\n|-boost|p2a: Aegislash|atk|2\n|move|p1a: Mudsdale|Earthquake|p2a: Aegislash\n|-supereffective|p2a: Aegislash|1\n|-damage|p2a: Aegislash|27/100\n|\n|-heal|p1a: Mudsdale|67/100|[from] item: Leftovers\n|upkeep\n|turn|3\n|\n|t:|1776354237\n|-formechange|p2a: Aegislash|Aegislash-Blade|\n|move|p2a: Aegislash|Poltergeist|p1a: Mudsdale\n|-activate|p1a: Mudsdale|move: Poltergeist|Leftovers\n|-damage|p1a: Mudsdale|0 fnt\n|faint|p1a: Mudsdale\n|\n|upkeep\n|\n|t:|1776354250\n|switch|p1a: Bellibolt|Bellibolt, L50, M, shiny|100/100\n|turn|4\n|\n|t:|1776354257\n|move|p2a: Aegislash|Poltergeist||[still]\n|-fail|p2a: Aegislash\n|move|p1a: Bellibolt|Parabolic Charge|p2a: Aegislash\n|-damage|p2a: Aegislash|0 fnt\n|faint|p2a: Aegislash\n|\n|upkeep\n|\n|t:|1776354266\n|switch|p2a: Beedrill|Beedrill-Mega, L50, M|100/100\n|-damage|p2a: Beedrill|76/100|[from] Stealth Rock\n|turn|5\n|\n|t:|1776354276\n|move|p2a: Beedrill|Drill Run|p1a: Bellibolt\n|-supereffective|p1a: Bellibolt|1\n|-damage|p1a: Bellibolt|47/100\n|-start|p1a: Bellibolt|Charge|Drill Run|[from] ability: Electromorphosis\n|move|p1a: Bellibolt|Parabolic Charge|p2a: Beedrill\n|-damage|p2a: Beedrill|0 fnt\n|-heal|p1a: Bellibolt|71/100|[from] drain|[of] p2a: Beedrill\n|faint|p2a: Beedrill\n|-end|p1a: Bellibolt|Charge|[silent]\n|\n|upkeep\n|\n|t:|1776354286\n|switch|p2a: Glimmora|Glimmora, L50, M|100/100\n|-damage|p2a: Glimmora|88/100|[from] Stealth Rock\n|turn|6\n|\n|t:|1776354292\n|move|p2a: Glimmora|Stealth Rock|p1a: Bellibolt\n|-sidestart|p1: Scorbunnysquad2002|move: Stealth Rock\n|move|p1a: Bellibolt|Chilling Water|p2a: Glimmora\n|-supereffective|p2a: Glimmora|1\n|-damage|p2a: Glimmora|47/100\n|-unboost|p2a: Glimmora|atk|1\n|\n|upkeep\n|turn|7\n|-message|jihwanking forfeited.\n|\n|win|Scorbunnysquad2002\n|raw|Scorbunnysquad2002's rating: 1031 &rarr; <strong>1066</strong><br />(+35 for winning)\n|raw|jihwanking's rating: 1025 &rarr; <strong>1011</strong><br />(-14 for losing)\n|l|\u2606jihwanking\n|player|p2|\n",
  "uploadtime": 1776354303,
  "views": 46,
  "formatid": "gen9championsbssregma",
  "rating": 1011,
  "private": 0,
  "password": null
}