{
  "id": "gen9championsbssregma-2581495374",
  "format": "[Gen 9 Champions] BSS Reg M-A",
  "players": [
    "ElTioLugia",
    "Shuckle-claw"
  ],
  "log": "|j|\u2606ElTioLugia\n|j|\u2606Shuckle-claw\n|t:|1776005705\n|gametype|singles\n|player|p1|ElTioLugia|102|1138\n|player|p2|Shuckle-claw|n-masters|1182\n|gen|9\n|tier|[Gen 9 Champions] BSS Reg M-A\n|rated|\n|rule|Species Clause: Limit one of each Pok\u00e9mon\n|rule|Item Clause: Limit 1 of each item\n|clearpoke\n|poke|p1|Clefable, L50, F|\n|poke|p1|Archaludon, L50, M|\n|poke|p1|Basculegion, L50, M|\n|poke|p1|Zoroark-Hisui, L50, M|\n|poke|p1|Sandaconda, L50, F|\n|poke|p1|Kangaskhan, L50, F|\n|poke|p2|Starmie, L50|\n|poke|p2|Audino, L50, F|\n|poke|p2|Altaria, L50, F|\n|poke|p2|Garchomp, L50, M|\n|poke|p2|Garganacl, L50, M|\n|poke|p2|Gardevoir, L50, M|\n|teampreview|3\n|inactive|Battle timer is ON: inactive players will automatically lose when time's up. (requested by ElTioLugia)\n|\n|t:|1776005733\n|teamsize|p1|3\n|teamsize|p2|3\n|start\n|switch|p1a: Clefable|Clefable, L50, F, shiny|100/100\n|switch|p2a: Garchomp|Garchomp, L50, M|100/100\n|turn|1\n|\n|t:|1776005745\n|detailschange|p1a: Clefable|Clefable-Mega, L50, F, shiny\n|-mega|p1a: Clefable|Clefable|Clefablite\n|move|p2a: Garchomp|Earthquake|p1a: Clefable\n|-immune|p1a: Clefable\n|move|p1a: Clefable|Calm Mind|p1a: Clefable\n|-boost|p1a: Clefable|spa|1\n|-boost|p1a: Clefable|spd|1\n|\n|upkeep\n|turn|2\n|\n|t:|1776005752\n|move|p2a: Garchomp|Rock Tomb|p1a: Clefable\n|-supereffective|p1a: Clefable|1\n|-damage|p1a: Clefable|55/100\n|-unboost|p1a: Clefable|spe|1\n|move|p1a: Clefable|Moonblast|p2a: Garchomp\n|-supereffective|p2a: Garchomp|1\n|-damage|p2a: Garchomp|0 fnt\n|faint|p2a: Garchomp\n|\n|upkeep\n|\n|t:|1776005762\n|switch|p2a: Starmie|Starmie, L50|100/100\n|turn|3\n|\n|t:|1776005771\n|switch|p1a: Archaludon|Archaludon, L50, M|100/100\n|detailschange|p2a: Starmie|Starmie-Mega, L50\n|-mega|p2a: Starmie|Starmie|Starminite\n|move|p2a: Starmie|Minimize|p2a: Starmie\n|-boost|p2a: Starmie|evasion|2\n|\n|upkeep\n|turn|4\n|\n|t:|1776005781\n|move|p2a: Starmie|Minimize|p2a: Starmie\n|-boost|p2a: Starmie|evasion|2\n|move|p1a: Archaludon|Thunderbolt|p2a: Starmie|[miss]\n|-miss|p1a: Archaludon|p2a: Starmie\n|\n|upkeep\n|turn|5\n|\n|t:|1776005784\n|move|p2a: Starmie|Minimize|p2a: Starmie\n|-boost|p2a: Starmie|evasion|2\n|move|p1a: Archaludon|Thunderbolt|p2a: Starmie\n|-supereffective|p2a: Starmie|1\n|-damage|p2a: Starmie|37/100\n|\n|upkeep\n|turn|6\n|\n|t:|1776005789\n|move|p2a: Starmie|Recover|p2a: Starmie\n|-heal|p2a: Starmie|87/100\n|move|p1a: Archaludon|Thunderbolt|p2a: Starmie\n|-supereffective|p2a: Starmie|1\n|-damage|p2a: Starmie|21/100\n|\n|upkeep\n|turn|7\n|\n|t:|1776005792\n|move|p2a: Starmie|Recover|p2a: Starmie\n|-heal|p2a: Starmie|72/100\n|move|p1a: Archaludon|Thunderbolt|p2a: Starmie\n|-supereffective|p2a: Starmie|1\n|-damage|p2a: Starmie|5/100\n|\n|upkeep\n|turn|8\n|\n|t:|1776005795\n|move|p2a: Starmie|Recover|p2a: Starmie\n|-heal|p2a: Starmie|55/100\n|move|p1a: Archaludon|Thunderbolt|p2a: Starmie|[miss]\n|-miss|p1a: Archaludon|p2a: Starmie\n|\n|upkeep\n|turn|9\n|\n|t:|1776005799\n|move|p2a: Starmie|Recover|p2a: Starmie\n|-heal|p2a: Starmie|100/100\n|move|p1a: Archaludon|Thunderbolt|p2a: Starmie|[miss]\n|-miss|p1a: Archaludon|p2a: Starmie\n|\n|upkeep\n|turn|10\n|\n|t:|1776005804\n|move|p2a: Starmie|Waterfall|p1a: Archaludon\n|-resisted|p1a: Archaludon|1\n|-crit|p1a: Archaludon\n|-damage|p1a: Archaludon|73/100\n|-ability|p1a: Archaludon|Stamina|boost\n|-boost|p1a: Archaludon|def|1\n|move|p1a: Archaludon|Thunderbolt|p2a: Starmie|[miss]\n|-miss|p1a: Archaludon|p2a: Starmie\n|\n|-heal|p1a: Archaludon|79/100|[from] item: Leftovers\n|upkeep\n|turn|11\n|\n|t:|1776005813\n|move|p2a: Starmie|Waterfall|p1a: Archaludon\n|-resisted|p1a: Archaludon|1\n|-damage|p1a: Archaludon|65/100\n|-ability|p1a: Archaludon|Stamina|boost\n|-boost|p1a: Archaludon|def|1\n|cant|p1a: Archaludon|flinch\n|\n|-heal|p1a: Archaludon|72/100|[from] item: Leftovers\n|upkeep\n|turn|12\n|\n|t:|1776005817\n|move|p2a: Starmie|Waterfall|p1a: Archaludon\n|-resisted|p1a: Archaludon|1\n|-damage|p1a: Archaludon|62/100\n|-ability|p1a: Archaludon|Stamina|boost\n|-boost|p1a: Archaludon|def|1\n|move|p1a: Archaludon|Thunderbolt|p2a: Starmie|[miss]\n|-miss|p1a: Archaludon|p2a: Starmie\n|\n|-heal|p1a: Archaludon|69/100|[from] item: Leftovers\n|upkeep\n|turn|13\n|\n|t:|1776005821\n|move|p2a: Starmie|Waterfall|p1a: Archaludon\n|-resisted|p1a: Archaludon|1\n|-damage|p1a: Archaludon|60/100\n|-ability|p1a: Archaludon|Stamina|boost\n|-boost|p1a: Archaludon|def|1\n|move|p1a: Archaludon|Thunderbolt|p2a: Starmie|[miss]\n|-miss|p1a: Archaludon|p2a: Starmie\n|\n|-heal|p1a: Archaludon|66/100|[from] item: Leftovers\n|upkeep\n|turn|14\n|\n|t:|1776005825\n|move|p2a: Starmie|Waterfall|p1a: Archaludon\n|-resisted|p1a: Archaludon|1\n|-damage|p1a: Archaludon|60/100\n|-ability|p1a: Archaludon|Stamina|boost\n|-boost|p1a: Archaludon|def|1\n|move|p1a: Archaludon|Thunderbolt|p2a: Starmie|[miss]\n|-miss|p1a: Archaludon|p2a: Starmie\n|\n|-heal|p1a: Archaludon|66/100|[from] item: Leftovers\n|upkeep\n|turn|15\n|\n|t:|1776005830\n|move|p2a: Starmie|Waterfall|p1a: Archaludon\n|-resisted|p1a: Archaludon|1\n|-damage|p1a: Archaludon|61/100\n|-ability|p1a: Archaludon|Stamina|boost\n|-boost|p1a: Archaludon|def|1\n|move|p1a: Archaludon|Thunderbolt|p2a: Starmie|[miss]\n|-miss|p1a: Archaludon|p2a: Starmie\n|\n|-heal|p1a: Archaludon|68/100|[from] item: Leftovers\n|upkeep\n|turn|16\n|\n|t:|1776005833\n|move|p2a: Starmie|Waterfall|p1a: Archaludon\n|-resisted|p1a: Archaludon|1\n|-damage|p1a: Archaludon|62/100\n|move|p1a: Archaludon|Thunderbolt|p2a: Starmie|[miss]\n|-miss|p1a: Archaludon|p2a: Starmie\n|\n|-heal|p1a: Archaludon|69/100|[from] item: Leftovers\n|upkeep\n|turn|17\n|c|\u2606ElTioLugia|LMAO\n|c|\u2606ElTioLugia|This is funny. XD\n|\n|t:|1776005853\n|move|p2a: Starmie|Waterfall|p1a: Archaludon\n|-resisted|p1a: Archaludon|1\n|-damage|p1a: Archaludon|64/100\n|move|p1a: Archaludon|Thunderbolt|p2a: Starmie|[miss]\n|-miss|p1a: Archaludon|p2a: Starmie\n|\n|-heal|p1a: Archaludon|70/100|[from] item: Leftovers\n|upkeep\n|turn|18\n|\n|t:|1776005860\n|move|p2a: Starmie|Waterfall|p1a: Archaludon\n|-resisted|p1a: Archaludon|1\n|-damage|p1a: Archaludon|65/100\n|move|p1a: Archaludon|Flash Cannon|p2a: Starmie|[miss]\n|-miss|p1a: Archaludon|p2a: Starmie\n|\n|-heal|p1a: Archaludon|72/100|[from] item: Leftovers\n|upkeep\n|turn|19\n|\n|t:|1776005864\n|move|p2a: Starmie|Waterfall|p1a: Archaludon\n|-resisted|p1a: Archaludon|1\n|-crit|p1a: Archaludon\n|-damage|p1a: Archaludon|44/100\n|move|p1a: Archaludon|Flash Cannon|p2a: Starmie|[miss]\n|-miss|p1a: Archaludon|p2a: Starmie\n|\n|-heal|p1a: Archaludon|50/100|[from] item: Leftovers\n|upkeep\n|turn|20\n|\n|t:|1776005871\n|move|p2a: Starmie|Waterfall|p1a: Archaludon\n|-resisted|p1a: Archaludon|1\n|-damage|p1a: Archaludon|46/100\n|move|p1a: Archaludon|Flash Cannon|p2a: Starmie\n|-resisted|p2a: Starmie|1\n|-damage|p2a: Starmie|80/100\n|\n|-heal|p1a: Archaludon|52/100|[from] item: Leftovers\n|upkeep\n|turn|21\n|\n|t:|1776005879\n|move|p2a: Starmie|Waterfall|p1a: Archaludon\n|-resisted|p1a: Archaludon|1\n|-damage|p1a: Archaludon|47/100\n|move|p1a: Archaludon|Thunderbolt|p2a: Starmie|[miss]\n|-miss|p1a: Archaludon|p2a: Starmie\n|\n|-heal|p1a: Archaludon|53/100|[from] item: Leftovers\n|upkeep\n|turn|22\n|\n|t:|1776005885\n|move|p2a: Starmie|Waterfall|p1a: Archaludon\n|-resisted|p1a: Archaludon|1\n|-damage|p1a: Archaludon|48/100\n|move|p1a: Archaludon|Thunderbolt|p2a: Starmie\n|-supereffective|p2a: Starmie|1\n|-damage|p2a: Starmie|8/100\n|\n|-heal|p1a: Archaludon|54/100|[from] item: Leftovers\n|upkeep\n|turn|23\n|\n|t:|1776005896\n|move|p2a: Starmie|Recover|p2a: Starmie\n|-heal|p2a: Starmie|58/100\n|move|p1a: Archaludon|Draco Meteor|p2a: Starmie|[miss]\n|-miss|p1a: Archaludon|p2a: Starmie\n|\n|-heal|p1a: Archaludon|60/100|[from] item: Leftovers\n|upkeep\n|turn|24\n|\n|t:|1776005903\n|move|p2a: Starmie|Recover|p2a: Starmie\n|-heal|p2a: Starmie|100/100\n|move|p1a: Archaludon|Draco Meteor|p2a: Starmie|[miss]\n|-miss|p1a: Archaludon|p2a: Starmie\n|\n|-heal|p1a: Archaludon|66/100|[from] item: Leftovers\n|upkeep\n|turn|25\n|\n|t:|1776005906\n|move|p2a: Starmie|Ice Spinner|p1a: Archaludon\n|-damage|p1a: Archaludon|59/100\n|move|p1a: Archaludon|Aura Sphere|p2a: Starmie\n|-resisted|p2a: Starmie|1\n|-damage|p2a: Starmie|86/100\n|\n|-heal|p1a: Archaludon|65/100|[from] item: Leftovers\n|upkeep\n|turn|26\n|\n|t:|1776005910\n|move|p2a: Starmie|Ice Spinner|p1a: Archaludon\n|-damage|p1a: Archaludon|59/100\n|move|p1a: Archaludon|Aura Sphere|p2a: Starmie\n|-resisted|p2a: Starmie|1\n|-damage|p2a: Starmie|70/100\n|\n|-heal|p1a: Archaludon|65/100|[from] item: Leftovers\n|upkeep\n|turn|27\n|\n|t:|1776005913\n|move|p2a: Starmie|Ice Spinner|p1a: Archaludon\n|-damage|p1a: Archaludon|58/100\n|move|p1a: Archaludon|Aura Sphere|p2a: Starmie\n|-resisted|p2a: Starmie|1\n|-damage|p2a: Starmie|54/100\n|\n|-heal|p1a: Archaludon|64/100|[from] item: Leftovers\n|upkeep\n|turn|28\n|\n|t:|1776005916\n|move|p2a: Starmie|Recover|p2a: Starmie\n|-heal|p2a: Starmie|100/100\n|move|p1a: Archaludon|Aura Sphere|p2a: Starmie\n|-resisted|p2a: Starmie|1\n|-damage|p2a: Starmie|85/100\n|\n|-heal|p1a: Archaludon|71/100|[from] item: Leftovers\n|upkeep\n|turn|29\n|\n|t:|1776005919\n|move|p2a: Starmie|Ice Spinner|p1a: Archaludon\n|-damage|p1a: Archaludon|64/100\n|move|p1a: Archaludon|Aura Sphere|p2a: Starmie\n|-resisted|p2a: Starmie|1\n|-damage|p2a: Starmie|71/100\n|\n|-heal|p1a: Archaludon|70/100|[from] item: Leftovers\n|upkeep\n|turn|30\n|-message|Shuckle-claw forfeited.\n|\n|win|ElTioLugia\n|raw|ElTioLugia's rating: 1138 &rarr; <strong>1166</strong><br />(+28 for winning)\n|raw|Shuckle-claw's rating: 1182 &rarr; <strong>1154</strong><br />(-28 for losing)\n|l|\u2606Shuckle-claw\n|player|p2|\n",
  "uploadtime": 1776005933,
  "views": 4,
  "formatid": "gen9championsbssregma",
  "rating": 1154,
  "private": 0,
  "password": null
}