{
  "id": "gen9championsbssregma-2582561999",
  "format": "[Gen 9 Champions] BSS Reg M-A",
  "players": [
    "jpgrl",
    "gumio3842"
  ],
  "log": "|j|\u2606jpgrl\n|j|\u2606gumio3842\n|t:|1776099506\n|gametype|singles\n|player|p1|jpgrl|1|1089\n|player|p2|gumio3842|candice|1109\n|gen|9\n|tier|[Gen 9 Champions] BSS Reg M-A\n|rated|\n|rule|Species Clause: Limit one of each Pok\u00e9mon\n|rule|Item Clause: Limit 1 of each item\n|clearpoke\n|poke|p1|Dragapult, L50, M|\n|poke|p1|Glimmora, L50, M|\n|poke|p1|Clefable, L50, M|\n|poke|p1|Mimikyu, L50, F|\n|poke|p1|Floette-Eternal, L50, F|\n|poke|p1|Incineroar, L50, M|\n|poke|p2|Archaludon, L50, F|\n|poke|p2|Aurorus, L50, F|\n|poke|p2|Ceruledge, L50, F|\n|poke|p2|Charizard, L50, M|\n|poke|p2|Tyranitar, L50, M|\n|poke|p2|Corviknight, L50, M|\n|teampreview|3\n|inactive|Battle timer is ON: inactive players will automatically lose when time's up. (requested by jpgrl)\n|inactiveoff|Battle timer is now OFF.\n|\n|t:|1776099569\n|teamsize|p1|3\n|teamsize|p2|3\n|start\n|switch|p1a: Glimmora|Glimmora, L50, M|100/100\n|switch|p2a: \uc544\uba38\uae4c\uc624|Corviknight, L50, M, shiny|100/100\n|turn|1\n|\n|t:|1776099597\n|switch|p2a: \ud30c\ub77c\ube14\ub808\uc774\uc988|Ceruledge, L50, F, shiny|100/100\n|move|p1a: Glimmora|Stealth Rock|p2a: \ud30c\ub77c\ube14\ub808\uc774\uc988\n|-sidestart|p2: gumio3842|move: Stealth Rock\n|\n|upkeep\n|turn|2\n|\n|t:|1776099607\n|move|p1a: Glimmora|Memento|p2a: \ud30c\ub77c\ube14\ub808\uc774\uc988\n|-unboost|p2a: \ud30c\ub77c\ube14\ub808\uc774\uc988|atk|2\n|-unboost|p2a: \ud30c\ub77c\ube14\ub808\uc774\uc988|spa|2\n|faint|p1a: Glimmora\n|move|p2a: \ud30c\ub77c\ube14\ub808\uc774\uc988|Swords Dance|p2a: \ud30c\ub77c\ube14\ub808\uc774\uc988\n|-boost|p2a: \ud30c\ub77c\ube14\ub808\uc774\uc988|atk|2\n|\n|upkeep\n|\n|t:|1776099638\n|switch|p1a: Clefable|Clefable, L50, M|100/100\n|turn|3\n|\n|t:|1776099648\n|move|p2a: \ud30c\ub77c\ube14\ub808\uc774\uc988|Swords Dance|p2a: \ud30c\ub77c\ube14\ub808\uc774\uc988\n|-boost|p2a: \ud30c\ub77c\ube14\ub808\uc774\uc988|atk|2\n|move|p1a: Clefable|Cosmic Power|p1a: Clefable\n|-boost|p1a: Clefable|def|1\n|-boost|p1a: Clefable|spd|1\n|\n|upkeep\n|turn|4\n|\n|t:|1776099657\n|move|p2a: \ud30c\ub77c\ube14\ub808\uc774\uc988|Swords Dance|p2a: \ud30c\ub77c\ube14\ub808\uc774\uc988\n|-boost|p2a: \ud30c\ub77c\ube14\ub808\uc774\uc988|atk|2\n|move|p1a: Clefable|Cosmic Power|p1a: Clefable\n|-boost|p1a: Clefable|def|1\n|-boost|p1a: Clefable|spd|1\n|\n|upkeep\n|turn|5\n|\n|t:|1776099667\n|move|p2a: \ud30c\ub77c\ube14\ub808\uc774\uc988|Bitter Blade|p1a: Clefable\n|-damage|p1a: Clefable|69/100\n|move|p1a: Clefable|Cosmic Power|p1a: Clefable\n|-boost|p1a: Clefable|def|1\n|-boost|p1a: Clefable|spd|1\n|\n|upkeep\n|turn|6\n|\n|t:|1776099677\n|move|p2a: \ud30c\ub77c\ube14\ub808\uc774\uc988|Bitter Blade|p1a: Clefable\n|-damage|p1a: Clefable|45/100\n|move|p1a: Clefable|Moonlight|p1a: Clefable\n|-heal|p1a: Clefable|95/100\n|\n|upkeep\n|turn|7\n|\n|t:|1776099684\n|move|p2a: \ud30c\ub77c\ube14\ub808\uc774\uc988|Bitter Blade|p1a: Clefable\n|-damage|p1a: Clefable|70/100\n|move|p1a: Clefable|Cosmic Power|p1a: Clefable\n|-boost|p1a: Clefable|def|1\n|-boost|p1a: Clefable|spd|1\n|\n|upkeep\n|turn|8\n|\n|t:|1776099691\n|move|p2a: \ud30c\ub77c\ube14\ub808\uc774\uc988|Swords Dance|p2a: \ud30c\ub77c\ube14\ub808\uc774\uc988\n|-boost|p2a: \ud30c\ub77c\ube14\ub808\uc774\uc988|atk|2\n|move|p1a: Clefable|Moonlight|p1a: Clefable\n|-heal|p1a: Clefable|100/100\n|\n|upkeep\n|turn|9\n|\n|t:|1776099698\n|move|p2a: \ud30c\ub77c\ube14\ub808\uc774\uc988|Bitter Blade|p1a: Clefable\n|-damage|p1a: Clefable|81/100\n|move|p1a: Clefable|Cosmic Power|p1a: Clefable\n|-boost|p1a: Clefable|def|1\n|-boost|p1a: Clefable|spd|1\n|\n|upkeep\n|turn|10\n|\n|t:|1776099705\n|move|p2a: \ud30c\ub77c\ube14\ub808\uc774\uc988|Shadow Sneak|p1a: Clefable\n|-damage|p1a: Clefable|73/100\n|move|p1a: Clefable|Cosmic Power|p1a: Clefable\n|-boost|p1a: Clefable|def|1\n|-boost|p1a: Clefable|spd|1\n|\n|upkeep\n|turn|11\n|\n|t:|1776099712\n|move|p2a: \ud30c\ub77c\ube14\ub808\uc774\uc988|Bitter Blade|p1a: Clefable\n|-damage|p1a: Clefable|59/100\n|move|p1a: Clefable|Calm Mind|p1a: Clefable\n|-boost|p1a: Clefable|spa|1\n|-boost|p1a: Clefable|spd|0\n|\n|upkeep\n|turn|12\n|\n|t:|1776099719\n|move|p2a: \ud30c\ub77c\ube14\ub808\uc774\uc988|Bitter Blade|p1a: Clefable\n|-damage|p1a: Clefable|44/100\n|move|p1a: Clefable|Moonlight|p1a: Clefable\n|-heal|p1a: Clefable|94/100\n|\n|upkeep\n|turn|13\n|\n|t:|1776099727\n|move|p2a: \ud30c\ub77c\ube14\ub808\uc774\uc988|Bitter Blade|p1a: Clefable\n|-damage|p1a: Clefable|80/100\n|move|p1a: Clefable|Calm Mind|p1a: Clefable\n|-boost|p1a: Clefable|spa|1\n|-boost|p1a: Clefable|spd|0\n|\n|upkeep\n|turn|14\n|\n|t:|1776099734\n|move|p2a: \ud30c\ub77c\ube14\ub808\uc774\uc988|Shadow Sneak|p1a: Clefable\n|-damage|p1a: Clefable|73/100\n|move|p1a: Clefable|Calm Mind|p1a: Clefable\n|-boost|p1a: Clefable|spa|1\n|-boost|p1a: Clefable|spd|0\n|\n|upkeep\n|turn|15\n|\n|t:|1776099740\n|move|p2a: \ud30c\ub77c\ube14\ub808\uc774\uc988|Shadow Sneak|p1a: Clefable\n|-damage|p1a: Clefable|65/100\n|move|p1a: Clefable|Calm Mind|p1a: Clefable\n|-boost|p1a: Clefable|spa|1\n|-boost|p1a: Clefable|spd|0\n|\n|upkeep\n|turn|16\n|\n|t:|1776099746\n|move|p2a: \ud30c\ub77c\ube14\ub808\uc774\uc988|Shadow Sneak|p1a: Clefable\n|-damage|p1a: Clefable|59/100\n|move|p1a: Clefable|Calm Mind|p1a: Clefable\n|-boost|p1a: Clefable|spa|1\n|-boost|p1a: Clefable|spd|0\n|\n|upkeep\n|turn|17\n|\n|t:|1776099752\n|move|p2a: \ud30c\ub77c\ube14\ub808\uc774\uc988|Shadow Sneak|p1a: Clefable\n|-damage|p1a: Clefable|51/100\n|move|p1a: Clefable|Moonlight|p1a: Clefable\n|-heal|p1a: Clefable|100/100\n|\n|upkeep\n|turn|18\n|\n|t:|1776099759\n|move|p2a: \ud30c\ub77c\ube14\ub808\uc774\uc988|Shadow Sneak|p1a: Clefable\n|-damage|p1a: Clefable|93/100\n|move|p1a: Clefable|Moonblast|p2a: \ud30c\ub77c\ube14\ub808\uc774\uc988\n|-resisted|p2a: \ud30c\ub77c\ube14\ub808\uc774\uc988|1\n|-damage|p2a: \ud30c\ub77c\ube14\ub808\uc774\uc988|31/100\n|\n|upkeep\n|turn|19\n|\n|t:|1776099772\n|move|p2a: \ud30c\ub77c\ube14\ub808\uc774\uc988|Destiny Bond|p2a: \ud30c\ub77c\ube14\ub808\uc774\uc988\n|-singlemove|p2a: \ud30c\ub77c\ube14\ub808\uc774\uc988|Destiny Bond\n|move|p1a: Clefable|Moonblast|p2a: \ud30c\ub77c\ube14\ub808\uc774\uc988\n|-resisted|p2a: \ud30c\ub77c\ube14\ub808\uc774\uc988|1\n|-damage|p2a: \ud30c\ub77c\ube14\ub808\uc774\uc988|0 fnt\n|faint|p2a: \ud30c\ub77c\ube14\ub808\uc774\uc988\n|-activate|p2a: \ud30c\ub77c\ube14\ub808\uc774\uc988|move: Destiny Bond\n|faint|p1a: Clefable\n|\n|upkeep\n|\n|t:|1776099782\n|switch|p2a: \ub9c8\uae30\ub77c\uc2a4|Tyranitar, L50, M, shiny|100/100\n|switch|p1a: Dragapult|Dragapult, L50, M|100/100\n|-damage|p2a: \ub9c8\uae30\ub77c\uc2a4|88/100|[from] Stealth Rock\n|-weather|Sandstorm|[from] ability: Sand Stream|[of] p2a: \ub9c8\uae30\ub77c\uc2a4\n|turn|20\n|-message|jpgrl forfeited.\n|\n|win|gumio3842\n|raw|jpgrl's rating: 1089 &rarr; <strong>1067</strong><br />(-22 for losing)\n|raw|gumio3842's rating: 1109 &rarr; <strong>1133</strong><br />(+24 for winning)\n|l|\u2606jpgrl\n|player|p1|\n",
  "uploadtime": 1776099791,
  "views": 5,
  "formatid": "gen9championsbssregma",
  "rating": 1067,
  "private": 0,
  "password": null
}