{
  "id": "gen9championsbssregma-2588833689",
  "format": "[Gen 9 Champions] BSS Reg M-A",
  "players": [
    "xaxxaxxzaq",
    "Bbbkty"
  ],
  "log": "|j|\u2606xaxxaxxzaq\n|j|\u2606Bbbkty\n|t:|1776676482\n|gametype|singles\n|player|p1|xaxxaxxzaq|265|1038\n|player|p2|Bbbkty|1|1096\n|gen|9\n|tier|[Gen 9 Champions] BSS Reg M-A\n|rated|\n|rule|Species Clause: Limit one of each Pok\u00e9mon\n|rule|Item Clause: Limit 1 of each item\n|clearpoke\n|poke|p1|Dragonite, L50, M|\n|poke|p1|Espathra, L50, F|\n|poke|p1|Glimmora, L50, M|\n|poke|p1|Sylveon, L50, M|\n|poke|p1|Basculegion, L50, M|\n|poke|p1|Venusaur, L50, F|\n|poke|p2|Clefable, L50, M|\n|poke|p2|Charizard, L50, F|\n|poke|p2|Mimikyu, L50, M|\n|poke|p2|Kingambit, L50, M|\n|poke|p2|Espathra, L50, M|\n|poke|p2|Glimmora, L50, M|\n|teampreview|3\n|inactive|Battle timer is ON: inactive players will automatically lose when time's up. (requested by Bbbkty)\n|inactive|xaxxaxxzaq has 60 seconds left.\n|\n|t:|1776676525\n|teamsize|p1|3\n|teamsize|p2|3\n|start\n|switch|p1a: Espathra|Espathra, L50, F|100/100\n|switch|p2a: Glimmora|Glimmora, L50, M|100/100\n|turn|1\n|\n|t:|1776676540\n|move|p2a: Glimmora|Stealth Rock|p1a: Espathra\n|-sidestart|p1: xaxxaxxzaq|move: Stealth Rock\n|move|p1a: Espathra|Lumina Crash|p2a: Glimmora\n|-supereffective|p2a: Glimmora|1\n|-damage|p2a: Glimmora|27/100\n|-unboost|p2a: Glimmora|spd|2\n|\n|-ability|p1a: Espathra|Speed Boost|boost\n|-boost|p1a: Espathra|spe|1\n|upkeep\n|turn|2\n|\n|t:|1776676551\n|move|p1a: Espathra|Calm Mind|p1a: Espathra\n|-boost|p1a: Espathra|spa|1\n|-boost|p1a: Espathra|spd|1\n|move|p2a: Glimmora|Mortal Spin|p1a: Espathra\n|-damage|p1a: Espathra|95/100\n|-status|p1a: Espathra|psn\n|\n|-damage|p1a: Espathra|82/100 psn|[from] psn\n|-ability|p1a: Espathra|Speed Boost|boost\n|-boost|p1a: Espathra|spe|1\n|upkeep\n|turn|3\n|\n|t:|1776676562\n|move|p1a: Espathra|Lumina Crash|p2a: Glimmora\n|-supereffective|p2a: Glimmora|1\n|-damage|p2a: Glimmora|0 fnt\n|faint|p2a: Glimmora\n|\n|-damage|p1a: Espathra|70/100 psn|[from] psn\n|-ability|p1a: Espathra|Speed Boost|boost\n|-boost|p1a: Espathra|spe|1\n|upkeep\n|\n|t:|1776676581\n|switch|p2a: Espathra|Espathra, L50, M|100/100\n|turn|4\n|\n|t:|1776676588\n|move|p2a: Espathra|Protect|p2a: Espathra\n|-singleturn|p2a: Espathra|Protect\n|move|p1a: Espathra|Lumina Crash|p2a: Espathra\n|-activate|p2a: Espathra|move: Protect\n|\n|-damage|p1a: Espathra|57/100 psn|[from] psn\n|-ability|p1a: Espathra|Speed Boost|boost\n|-boost|p1a: Espathra|spe|1\n|-ability|p2a: Espathra|Speed Boost|boost\n|-boost|p2a: Espathra|spe|1\n|upkeep\n|turn|5\n|inactive|Bbbkty has 30 seconds left.\n|\n|t:|1776676618\n|move|p1a: Espathra|Lumina Crash|p2a: Espathra\n|-resisted|p2a: Espathra|1\n|-damage|p2a: Espathra|72/100\n|-unboost|p2a: Espathra|spd|2\n|move|p2a: Espathra|Lumina Crash|p1a: Espathra\n|-resisted|p1a: Espathra|1\n|-crit|p1a: Espathra\n|-damage|p1a: Espathra|26/100 psn\n|-unboost|p1a: Espathra|spd|2\n|\n|-damage|p1a: Espathra|14/100 psn|[from] psn\n|-ability|p1a: Espathra|Speed Boost|boost\n|-boost|p1a: Espathra|spe|1\n|-ability|p2a: Espathra|Speed Boost|boost\n|-boost|p2a: Espathra|spe|1\n|upkeep\n|turn|6\n|\n|t:|1776676634\n|move|p2a: Espathra|Protect|p2a: Espathra\n|-singleturn|p2a: Espathra|Protect\n|move|p1a: Espathra|Baton Pass|p1a: Espathra\n|\n|t:|1776676639\n|switch|p1a: Dragonite|Dragonite, L50, M|100/100|[from] Baton Pass\n|-damage|p1a: Dragonite|76/100|[from] Stealth Rock\n|\n|-ability|p2a: Espathra|Speed Boost|boost\n|-boost|p2a: Espathra|spe|1\n|upkeep\n|turn|7\n|\n|t:|1776676653\n|detailschange|p1a: Dragonite|Dragonite-Mega, L50, M\n|-mega|p1a: Dragonite|Dragonite|Dragoninite\n|move|p2a: Espathra|Protect||[still]\n|-fail|p2a: Espathra\n|move|p1a: Dragonite|Thunderbolt|p2a: Espathra\n|-damage|p2a: Espathra|0 fnt\n|faint|p2a: Espathra\n|\n|upkeep\n|\n|t:|1776676658\n|switch|p2a: Clefable|Clefable, L50, M|100/100\n|turn|8\n|\n|t:|1776676679\n|switch|p1a: Basculegion|Basculegion, L50, M|100/100\n|-damage|p1a: Basculegion|88/100|[from] Stealth Rock\n|move|p2a: Clefable|Moonblast|p1a: Basculegion\n|-damage|p1a: Basculegion|55/100\n|\n|upkeep\n|turn|9\n|\n|t:|1776676699\n|detailschange|p2a: Clefable|Clefable-Mega, L50, M\n|-mega|p2a: Clefable|Clefable|Clefablite\n|move|p1a: Basculegion|Wave Crash|p2a: Clefable\n|-damage|p2a: Clefable|52/100\n|-damage|p1a: Basculegion|39/100|[from] Recoil\n|move|p2a: Clefable|Cosmic Power|p2a: Clefable\n|-boost|p2a: Clefable|def|1\n|-boost|p2a: Clefable|spd|1\n|\n|upkeep\n|turn|10\n|inactive|Bbbkty has 30 seconds left.\n|inactive|Bbbkty has 20 seconds left.\n|inactive|Bbbkty has 15 seconds left.\n|inactive|Bbbkty has 10 seconds left.\n|inactive|Bbbkty has 5 seconds left.\n|\n|t:|1776676754\n|switch|p1a: Espathra|Espathra, L50, F|14/100 psn\n|-damage|p1a: Espathra|1/100 psn|[from] Stealth Rock\n|move|p2a: Clefable|Moonblast|p1a: Espathra\n|-damage|p1a: Espathra|0 fnt\n|faint|p1a: Espathra\n|\n|upkeep\n|\n|t:|1776676766\n|switch|p1a: Basculegion|Basculegion, L50, M|39/100\n|-damage|p1a: Basculegion|26/100|[from] Stealth Rock\n|turn|11\n|\n|t:|1776676774\n|move|p1a: Basculegion|Last Respects|p2a: Clefable\n|-damage|p2a: Clefable|25/100\n|move|p2a: Clefable|Moonlight|p2a: Clefable\n|-heal|p2a: Clefable|75/100\n|\n|upkeep\n|turn|12\n|\n|t:|1776676781\n|move|p1a: Basculegion|Last Respects|p2a: Clefable\n|-damage|p2a: Clefable|46/100\n|move|p2a: Clefable|Cosmic Power|p2a: Clefable\n|-boost|p2a: Clefable|def|1\n|-boost|p2a: Clefable|spd|1\n|\n|upkeep\n|turn|13\n|\n|t:|1776676788\n|move|p1a: Basculegion|Last Respects|p2a: Clefable\n|-damage|p2a: Clefable|24/100\n|move|p2a: Clefable|Moonlight|p2a: Clefable\n|-heal|p2a: Clefable|74/100\n|\n|upkeep\n|turn|14\n|\n|t:|1776676796\n|move|p1a: Basculegion|Last Respects|p2a: Clefable\n|-damage|p2a: Clefable|54/100\n|move|p2a: Clefable|Cosmic Power|p2a: Clefable\n|-boost|p2a: Clefable|def|1\n|-boost|p2a: Clefable|spd|1\n|\n|upkeep\n|turn|15\n|\n|t:|1776676803\n|move|p1a: Basculegion|Last Respects|p2a: Clefable\n|-damage|p2a: Clefable|36/100\n|move|p2a: Clefable|Moonlight|p2a: Clefable\n|-heal|p2a: Clefable|86/100\n|\n|upkeep\n|turn|16\n|\n|t:|1776676811\n|move|p1a: Basculegion|Last Respects|p2a: Clefable\n|-damage|p2a: Clefable|67/100\n|move|p2a: Clefable|Stored Power|p1a: Basculegion\n|-damage|p1a: Basculegion|0 fnt\n|faint|p1a: Basculegion\n|\n|upkeep\n|-message|xaxxaxxzaq forfeited.\n|\n|win|Bbbkty\n|raw|xaxxaxxzaq's rating: 1038 &rarr; <strong>1024</strong><br />(-14 for losing)\n|raw|Bbbkty's rating: 1071 &rarr; <strong>1098</strong><br />(+27 for winning)\n|l|\u2606xaxxaxxzaq\n|player|p1|\n",
  "uploadtime": 1776676820,
  "views": 2,
  "formatid": "gen9championsbssregma",
  "rating": 1024,
  "private": 0,
  "password": null
}