{
  "id": "gen9championsbssregma-2582483133",
  "format": "[Gen 9 Champions] BSS Reg M-A",
  "players": [
    "gshs5",
    "kantonian beef"
  ],
  "log": "|j|\u2606gshs5\n|j|\u2606kantonian beef\n|t:|1776094579\n|gametype|singles\n|player|p1|gshs5|266|1167\n|player|p2|kantonian beef|linebacker|1000\n|gen|9\n|tier|[Gen 9 Champions] BSS Reg M-A\n|rated|\n|rule|Species Clause: Limit one of each Pok\u00e9mon\n|rule|Item Clause: Limit 1 of each item\n|clearpoke\n|poke|p1|Absol, L50, M|\n|poke|p1|Zoroark-Hisui, L50, M|\n|poke|p1|Gyarados, L50, F|\n|poke|p1|Garchomp, L50, F|\n|poke|p1|Empoleon, L50, M|\n|poke|p1|Gardevoir, L50, M|\n|poke|p2|Polteageist-Antique, L50|\n|poke|p2|Clefable, L50, F|\n|poke|p2|Azumarill, L50, F|\n|poke|p2|Froslass, L50, F|\n|poke|p2|Jolteon, L50, M|\n|poke|p2|Lucario, L50, F|\n|teampreview|3\n|inactive|Battle timer is ON: inactive players will automatically lose when time's up. (requested by kantonian beef)\n|c|\u2606kantonian beef|Glhf\n|\n|t:|1776094618\n|teamsize|p1|3\n|teamsize|p2|3\n|start\n|switch|p1a: Empoleon|Empoleon, L50, M|100/100\n|switch|p2a: Polteageist|Polteageist-Antique, L50|100/100\n|turn|1\n|\n|t:|1776094625\n|move|p1a: Empoleon|Bitter Malice|p2a: Polteageist\n|-supereffective|p2a: Polteageist|1\n|-damage|p2a: Polteageist|13/100\n|-unboost|p2a: Polteageist|atk|1\n|move|p2a: Polteageist|Shell Smash|p2a: Polteageist\n|-unboost|p2a: Polteageist|def|1\n|-unboost|p2a: Polteageist|spd|1\n|-boost|p2a: Polteageist|atk|2\n|-boost|p2a: Polteageist|spa|2\n|-boost|p2a: Polteageist|spe|2\n|\n|upkeep\n|turn|2\n|\n|t:|1776094637\n|move|p2a: Polteageist|Baton Pass|p2a: Polteageist\n|\n|t:|1776094640\n|switch|p2a: Clefable|Clefable, L50, F|100/100|[from] Baton Pass\n|move|p1a: Empoleon|Bitter Malice|p2a: Clefable\n|-damage|p2a: Clefable|38/100\n|-unboost|p2a: Clefable|atk|1\n|\n|upkeep\n|turn|3\n|\n|t:|1776094652\n|detailschange|p2a: Clefable|Clefable-Mega, L50, F\n|-mega|p2a: Clefable|Clefable|Clefablite\n|move|p2a: Clefable|Thunderbolt|p1a: Empoleon\n|-enditem|p1a: Empoleon|Focus Sash\n|-damage|p1a: Empoleon|1/100\n|replace|p1a: Zoroak|Zoroark-Hisui, L50, M\n|-end|p1a: Zoroak|Illusion\n|move|p1a: Zoroak|Hyper Voice|p2a: Clefable\n|-damage|p2a: Clefable|0 fnt\n|faint|p2a: Clefable\n|\n|upkeep\n|\n|t:|1776094665\n|switch|p2a: Polteageist|Polteageist-Antique, L50|13/100\n|turn|4\n|\n|t:|1776094669\n|move|p1a: Zoroak|Bitter Malice|p2a: Polteageist\n|-supereffective|p2a: Polteageist|1\n|-damage|p2a: Polteageist|0 fnt\n|faint|p2a: Polteageist\n|\n|upkeep\n|\n|t:|1776094676\n|switch|p2a: Azumarill|Azumarill, L50, F|100/100\n|turn|5\n|\n|t:|1776094681\n|move|p1a: Zoroak|Hyper Voice|p2a: Azumarill\n|-damage|p2a: Azumarill|49/100\n|-enditem|p2a: Azumarill|Sitrus Berry|[eat]\n|-heal|p2a: Azumarill|74/100|[from] item: Sitrus Berry\n|move|p2a: Azumarill|Belly Drum|p2a: Azumarill\n|-damage|p2a: Azumarill|24/100\n|-setboost|p2a: Azumarill|atk|6|[from] move: Belly Drum\n|\n|upkeep\n|turn|6\n|-message|kantonian beef forfeited.\n|\n|win|gshs5\n|raw|gshs5's rating: 1167 &rarr; <strong>1181</strong><br />(+14 for winning)\n|raw|kantonian beef's rating: 1000 &rarr; <strong>1000</strong><br />(+0 for losing)\n|l|\u2606kantonian beef\n|player|p2|\n",
  "uploadtime": 1776094694,
  "views": 5,
  "formatid": "gen9championsbssregma",
  "rating": 1000,
  "private": 0,
  "password": null
}