{
  "id": "gen9championsbssregma-2588019792",
  "format": "[Gen 9 Champions] BSS Reg M-A",
  "players": [
    "TheLancargod",
    "toytoyko"
  ],
  "log": "|j|\u2606TheLancargod\n|j|\u2606toytoyko\n|t:|1776593852\n|gametype|singles\n|player|p1|TheLancargod|101|1370\n|player|p2|toytoyko|1|1394\n|gen|9\n|tier|[Gen 9 Champions] BSS Reg M-A\n|rated|\n|rule|Species Clause: Limit one of each Pok\u00e9mon\n|rule|Item Clause: Limit 1 of each item\n|clearpoke\n|poke|p1|Hatterene, L50, F, shiny|\n|poke|p1|Basculegion, L50, M|\n|poke|p1|Dragonite, L50, M|\n|poke|p1|Scizor, L50, F|\n|poke|p1|Primarina, L50, M|\n|poke|p1|Garchomp, L50, M|\n|poke|p2|Kangaskhan, L50, F|\n|poke|p2|Charizard, L50, M|\n|poke|p2|Garchomp, L50, M|\n|poke|p2|Archaludon, L50, M|\n|poke|p2|Aegislash, L50, M|\n|poke|p2|Primarina, L50, M|\n|teampreview|3\n|\n|t:|1776593930\n|teamsize|p1|3\n|teamsize|p2|3\n|start\n|switch|p1a: Primarina|Primarina, L50, M|100/100\n|switch|p2a: Kangaskhan|Kangaskhan, L50, F|100/100\n|turn|1\n|l|\u2606toytoyko\n|player|p2|\n|j|\u2606toytoyko\n|player|p2|toytoyko|1|\n|\n|t:|1776593949\n|switch|p1a: Basculegion|Basculegion, L50, M|100/100\n|move|p2a: Kangaskhan|Fake Out|p1a: Basculegion\n|-immune|p1a: Basculegion\n|\n|upkeep\n|turn|2\n|\n|t:|1776593959\n|detailschange|p2a: Kangaskhan|Kangaskhan-Mega, L50, F\n|-mega|p2a: Kangaskhan|Kangaskhan|Kangaskhanite\n|move|p1a: Basculegion|Flip Turn|p2a: Kangaskhan\n|-damage|p2a: Kangaskhan|69/100\n|j| p74\n|\n|t:|1776594024\n|switch|p1a: Primarina|Primarina, L50, M|100/100|[from] Flip Turn\n|move|p2a: Kangaskhan|Ice Punch|p1a: Primarina\n|-resisted|p1a: Primarina|1\n|-damage|p1a: Primarina|83/100\n|-status|p1a: Primarina|frz\n|-resisted|p1a: Primarina|1\n|-damage|p1a: Primarina|78/100 frz\n|-hitcount|p1a: Primarina|2\n|\n|upkeep\n|turn|3\n|inactive|Battle timer is ON: inactive players will automatically lose when time's up. (requested by toytoyko)\n|\n|t:|1776594034\n|switch|p2a: Aegislash|Aegislash, L50, M|100/100\n|cant|p1a: Primarina|frz\n|\n|upkeep\n|turn|4\n|\n|t:|1776594041\n|move|p2a: Aegislash|Swords Dance|p2a: Aegislash\n|-boost|p2a: Aegislash|atk|2\n|cant|p1a: Primarina|frz\n|\n|upkeep\n|turn|5\n|\n|t:|1776594048\n|-formechange|p2a: Aegislash|Aegislash-Blade|\n|move|p2a: Aegislash|Poltergeist|p1a: Primarina\n|-activate|p1a: Primarina|move: Poltergeist|Sitrus Berry\n|-damage|p1a: Primarina|0 fnt\n|faint|p1a: Primarina\n|\n|upkeep\n|\n|t:|1776594055\n|switch|p1a: Dragonite|Dragonite, L50, M|100/100\n|turn|6\n|\n|t:|1776594066\n|detailschange|p1a: Dragonite|Dragonite-Mega, L50, M\n|-mega|p1a: Dragonite|Dragonite|Dragoninite\n|move|p1a: Dragonite|Flamethrower|p2a: Aegislash\n|-supereffective|p2a: Aegislash|1\n|-enditem|p2a: Aegislash|Focus Sash\n|-damage|p2a: Aegislash|1/100\n|move|p2a: Aegislash|Poltergeist|p1a: Dragonite\n|-activate|p1a: Dragonite|move: Poltergeist|Dragoninite\n|-damage|p1a: Dragonite|47/100\n|\n|upkeep\n|turn|7\n|\n|t:|1776594079\n|move|p2a: Aegislash|Shadow Sneak|p1a: Dragonite\n|-damage|p1a: Dragonite|11/100\n|move|p1a: Dragonite|Flamethrower|p2a: Aegislash\n|-supereffective|p2a: Aegislash|1\n|-damage|p2a: Aegislash|0 fnt\n|faint|p2a: Aegislash\n|\n|upkeep\n|inactive|toytoyko has 30 seconds left.\n|\n|t:|1776594106\n|switch|p2a: Kangaskhan|Kangaskhan-Mega, L50, F|69/100\n|turn|8\n|\n|t:|1776594109\n|switch|p1a: Basculegion|Basculegion, L50, M|100/100\n|move|p2a: Kangaskhan|Ice Punch|p1a: Basculegion\n|-resisted|p1a: Basculegion|1\n|-damage|p1a: Basculegion|84/100\n|-resisted|p1a: Basculegion|1\n|-damage|p1a: Basculegion|79/100\n|-hitcount|p1a: Basculegion|2\n|\n|upkeep\n|turn|9\n|\n|t:|1776594122\n|switch|p2a: Primarina|Primarina, L50, M|100/100\n|move|p1a: Basculegion|Wave Crash|p2a: Primarina\n|-resisted|p2a: Primarina|1\n|-damage|p2a: Primarina|66/100\n|-damage|p1a: Basculegion|68/100|[from] Recoil\n|\n|upkeep\n|turn|10\n|\n|t:|1776594133\n|move|p1a: Basculegion|Wave Crash|p2a: Primarina\n|-resisted|p2a: Primarina|1\n|-damage|p2a: Primarina|36/100\n|-enditem|p2a: Primarina|Sitrus Berry|[eat]\n|-heal|p2a: Primarina|60/100|[from] item: Sitrus Berry\n|-damage|p1a: Basculegion|58/100|[from] Recoil\n|move|p2a: Primarina|Moonblast|p1a: Basculegion\n|-damage|p1a: Basculegion|12/100\n|\n|upkeep\n|turn|11\n|j| mcconkey\n|\n|t:|1776594151\n|move|p1a: Basculegion|Wave Crash|p2a: Primarina\n|-resisted|p2a: Primarina|1\n|-damage|p2a: Primarina|25/100\n|-damage|p1a: Basculegion|0 fnt|[from] Recoil\n|faint|p1a: Basculegion\n|move|p2a: Primarina|Moonblast|p1: Basculegion|[notarget]\n|-fail|p2a: Primarina\n|\n|upkeep\n|\n|t:|1776594154\n|switch|p1a: Dragonite|Dragonite-Mega, L50, M|11/100\n|turn|12\n|\n|t:|1776594164\n|move|p1a: Dragonite|Thunderbolt|p2a: Primarina\n|-supereffective|p2a: Primarina|1\n|-damage|p2a: Primarina|0 fnt\n|faint|p2a: Primarina\n|\n|upkeep\n|\n|t:|1776594166\n|switch|p2a: Kangaskhan|Kangaskhan-Mega, L50, F|69/100\n|turn|13\n|\n|t:|1776594169\n|move|p2a: Kangaskhan|Fake Out|p1a: Dragonite\n|-damage|p1a: Dragonite|0 fnt\n|faint|p1a: Dragonite\n|-hitcount|p1: Dragonite|1\n|\n|win|toytoyko\n|raw|TheLancargod's rating: 1370 &rarr; <strong>1351</strong><br />(-19 for losing)\n|raw|toytoyko's rating: 1394 &rarr; <strong>1413</strong><br />(+19 for winning)\n|l|\u2606TheLancargod\n|player|p1|\n|l| mcconkey\n|l|\u2606toytoyko\n|player|p2|\n",
  "uploadtime": 1776594214,
  "views": 1,
  "formatid": "gen9championsbssregma",
  "rating": 1351,
  "private": 0,
  "password": null
}