{
  "id": "gen9championsbssregma-2588868353",
  "format": "[Gen 9 Champions] BSS Reg M-A",
  "players": [
    "cheap109",
    "S1E1X1Y1"
  ],
  "log": "|j|\u2606cheap109\n|j|\u2606S1E1X1Y1\n|t:|1776680496\n|gametype|singles\n|player|p1|cheap109|101|1358\n|player|p2|S1E1X1Y1|cynthia-gen4|1251\n|gen|9\n|tier|[Gen 9 Champions] BSS Reg M-A\n|rated|\n|rule|Species Clause: Limit one of each Pok\u00e9mon\n|rule|Item Clause: Limit 1 of each item\n|clearpoke\n|poke|p1|Kangaskhan, L50, F|\n|poke|p1|Dragonite, L50, M|\n|poke|p1|Hippowdon, L50, M|\n|poke|p1|Kingambit, L50, M|\n|poke|p1|Greninja, L50, M|\n|poke|p1|Volcarona, L50, M|\n|poke|p2|Zoroark-Hisui, L50, F|\n|poke|p2|Mimikyu, L50, F|\n|poke|p2|Lucario, L50, M|\n|poke|p2|Scizor, L50, M|\n|poke|p2|Garchomp, L50, F|\n|poke|p2|Umbreon, L50, M|\n|teampreview|3\n|inactive|Battle timer is ON: inactive players will automatically lose when time's up. (requested by S1E1X1Y1)\n|inactive|cheap109 has 60 seconds left.\n|inactive|S1E1X1Y1 has 60 seconds left.\n|inactive|cheap109 has 30 seconds left.\n|l|\u2606S1E1X1Y1\n|inactive|S1E1X1Y1 disconnected and has a minute to reconnect!\n|player|p2|\n|inactive|cheap109 has 20 seconds left.\n|\n|t:|1776680572\n|teamsize|p1|3\n|teamsize|p2|3\n|start\n|switch|p1a: Dragonite|Dragonite, L50, M|100/100\n|switch|p2a: Garchomp|Garchomp, L50, F|100/100\n|turn|1\n|j|\u2606S1E1X1Y1\n|inactive|S1E1X1Y1 reconnected and has 55 seconds left.\n|player|p2|S1E1X1Y1|cynthia-gen4|\n|\n|t:|1776680587\n|detailschange|p1a: Dragonite|Dragonite-Mega, L50, M\n|-mega|p1a: Dragonite|Dragonite|Dragoninite\n|move|p2a: Garchomp|Stealth Rock|p1a: Dragonite\n|-sidestart|p1: cheap109|move: Stealth Rock\n|move|p1a: Dragonite|Ice Beam|p2a: Garchomp\n|-supereffective|p2a: Garchomp|2\n|-enditem|p2a: Garchomp|Focus Sash\n|-damage|p2a: Garchomp|1/100\n|\n|upkeep\n|turn|2\n|\n|t:|1776680595\n|move|p1a: Dragonite|Extreme Speed|p2a: Garchomp\n|-crit|p2a: Garchomp\n|-damage|p2a: Garchomp|0 fnt\n|-damage|p1a: Dragonite|88/100|[from] ability: Rough Skin|[of] p2a: Garchomp\n|faint|p2a: Garchomp\n|\n|upkeep\n|\n|t:|1776680597\n|switch|p2a: Umbreon|Umbreon, L50, M|100/100\n|turn|3\n|\n|t:|1776680601\n|move|p1a: Dragonite|Draco Meteor|p2a: Umbreon\n|-damage|p2a: Umbreon|49/100\n|-unboost|p1a: Dragonite|spa|2\n|move|p2a: Umbreon|Yawn|p1a: Dragonite\n|-start|p1a: Dragonite|move: Yawn|[of] p2a: Umbreon\n|\n|-heal|p2a: Umbreon|54/100|[from] item: Leftovers\n|upkeep\n|turn|4\n|\n|t:|1776680613\n|move|p1a: Dragonite|Draco Meteor|p2a: Umbreon\n|-damage|p2a: Umbreon|25/100\n|-unboost|p1a: Dragonite|spa|2\n|move|p2a: Umbreon|Wish|p2a: Umbreon\n|\n|-heal|p2a: Umbreon|31/100|[from] item: Leftovers\n|-end|p1a: Dragonite|move: Yawn|[silent]\n|-status|p1a: Dragonite|slp\n|upkeep\n|turn|5\n|\n|t:|1776680618\n|switch|p1a: Hippowdon|Hippowdon, L50, M|100/100\n|-damage|p1a: Hippowdon|94/100|[from] Stealth Rock\n|-weather|Sandstorm|[from] ability: Sand Stream|[of] p1a: Hippowdon\n|move|p2a: Umbreon|Foul Play|p1a: Hippowdon\n|-damage|p1a: Hippowdon|72/100\n|\n|-weather|Sandstorm|[upkeep]\n|-damage|p2a: Umbreon|25/100|[from] Sandstorm\n|-heal|p2a: Umbreon|75/100|[from] move: Wish|[wisher] Umbreon\n|-heal|p2a: Umbreon|81/100|[from] item: Leftovers\n|-heal|p1a: Hippowdon|78/100|[from] item: Leftovers\n|upkeep\n|turn|6\n|\n|t:|1776680633\n|move|p2a: Umbreon|Yawn|p1a: Hippowdon\n|-start|p1a: Hippowdon|move: Yawn|[of] p2a: Umbreon\n|move|p1a: Hippowdon|Stealth Rock|p2a: Umbreon\n|-sidestart|p2: S1E1X1Y1|move: Stealth Rock\n|\n|-weather|Sandstorm|[upkeep]\n|-damage|p2a: Umbreon|75/100|[from] Sandstorm\n|-heal|p2a: Umbreon|81/100|[from] item: Leftovers\n|-heal|p1a: Hippowdon|84/100|[from] item: Leftovers\n|upkeep\n|turn|7\n|\n|t:|1776680638\n|switch|p1a: Dragonite|Dragonite-Mega, L50, M|88/100 slp\n|-damage|p1a: Dragonite|63/100 slp|[from] Stealth Rock\n|move|p2a: Umbreon|Foul Play|p1a: Dragonite\n|-damage|p1a: Dragonite|36/100 slp\n|\n|-weather|Sandstorm|[upkeep]\n|-damage|p1a: Dragonite|29/100 slp|[from] Sandstorm\n|-damage|p2a: Umbreon|75/100|[from] Sandstorm\n|-heal|p2a: Umbreon|81/100|[from] item: Leftovers\n|upkeep\n|turn|8\n|\n|t:|1776680646\n|cant|p1a: Dragonite|slp\n|move|p2a: Umbreon|Foul Play|p1a: Dragonite\n|-damage|p1a: Dragonite|0 fnt\n|faint|p1a: Dragonite\n|\n|-weather|Sandstorm|[upkeep]\n|-damage|p2a: Umbreon|75/100|[from] Sandstorm\n|-heal|p2a: Umbreon|81/100|[from] item: Leftovers\n|upkeep\n|\n|t:|1776680650\n|switch|p1a: Hippowdon|Hippowdon, L50, M|84/100\n|-damage|p1a: Hippowdon|78/100|[from] Stealth Rock\n|turn|9\n|\n|t:|1776680653\n|move|p2a: Umbreon|Yawn|p1a: Hippowdon\n|-start|p1a: Hippowdon|move: Yawn|[of] p2a: Umbreon\n|move|p1a: Hippowdon|Yawn|p2a: Umbreon\n|-start|p2a: Umbreon|move: Yawn|[of] p1a: Hippowdon\n|\n|-weather|none\n|-heal|p2a: Umbreon|87/100|[from] item: Leftovers\n|-heal|p1a: Hippowdon|84/100|[from] item: Leftovers\n|upkeep\n|turn|10\n|\n|t:|1776680660\n|switch|p2a: Scizor|Scizor, L50, M|100/100\n|-damage|p2a: Scizor|88/100|[from] Stealth Rock\n|move|p1a: Hippowdon|Yawn|p2a: Scizor\n|-start|p2a: Scizor|move: Yawn|[of] p1a: Hippowdon\n|\n|-heal|p1a: Hippowdon|90/100|[from] item: Leftovers\n|-end|p1a: Hippowdon|move: Yawn|[silent]\n|-status|p1a: Hippowdon|slp\n|upkeep\n|turn|11\n|\n|t:|1776680680\n|switch|p2a: Umbreon|Umbreon, L50, M|87/100\n|-damage|p2a: Umbreon|74/100|[from] Stealth Rock\n|cant|p1a: Hippowdon|slp\n|\n|-heal|p2a: Umbreon|80/100|[from] item: Leftovers\n|-heal|p1a: Hippowdon|96/100 slp|[from] item: Leftovers\n|upkeep\n|turn|12\n|\n|t:|1776680687\n|move|p2a: Umbreon|Foul Play|p1a: Hippowdon\n|-damage|p1a: Hippowdon|74/100 slp\n|-curestatus|p1a: Hippowdon|slp|[msg]\n|move|p1a: Hippowdon|Yawn|p2a: Umbreon\n|-start|p2a: Umbreon|move: Yawn|[of] p1a: Hippowdon\n|\n|-heal|p2a: Umbreon|86/100|[from] item: Leftovers\n|-heal|p1a: Hippowdon|80/100|[from] item: Leftovers\n|upkeep\n|turn|13\n|\n|t:|1776680703\n|move|p2a: Umbreon|Yawn|p1a: Hippowdon\n|-start|p1a: Hippowdon|move: Yawn|[of] p2a: Umbreon\n|move|p1a: Hippowdon|Earthquake|p2a: Umbreon\n|-damage|p2a: Umbreon|65/100\n|\n|-heal|p2a: Umbreon|71/100|[from] item: Leftovers\n|-heal|p1a: Hippowdon|86/100|[from] item: Leftovers\n|-end|p2a: Umbreon|move: Yawn|[silent]\n|-status|p2a: Umbreon|slp\n|upkeep\n|turn|14\n|\n|t:|1776680707\n|switch|p1a: Kingambit|Kingambit, L50, M|100/100\n|-damage|p1a: Kingambit|94/100|[from] Stealth Rock\n|-activate|p1a: Kingambit|ability: Supreme Overlord\n|-start|p1a: Kingambit|fallen1|[silent]\n|cant|p2a: Umbreon|slp\n|\n|-heal|p2a: Umbreon|77/100 slp|[from] item: Leftovers\n|upkeep\n|turn|15\n|\n|t:|1776680727\n|cant|p2a: Umbreon|slp\n|move|p1a: Kingambit|Kowtow Cleave|p2a: Umbreon\n|-resisted|p2a: Umbreon|1\n|-damage|p2a: Umbreon|58/100 slp\n|\n|-heal|p2a: Umbreon|64/100 slp|[from] item: Leftovers\n|upkeep\n|turn|16\n|\n|t:|1776680730\n|-curestatus|p2a: Umbreon|slp|[msg]\n|move|p2a: Umbreon|Protect|p2a: Umbreon\n|-singleturn|p2a: Umbreon|Protect\n|move|p1a: Kingambit|Swords Dance|p1a: Kingambit\n|-boost|p1a: Kingambit|atk|2\n|\n|-heal|p2a: Umbreon|70/100|[from] item: Leftovers\n|upkeep\n|turn|17\n|\n|t:|1776680742\n|move|p1a: Kingambit|Iron Head|p2a: Umbreon\n|-damage|p2a: Umbreon|9/100\n|move|p2a: Umbreon|Foul Play|p1a: Kingambit\n|-resisted|p1a: Kingambit|1\n|-damage|p1a: Kingambit|47/100\n|\n|-heal|p2a: Umbreon|15/100|[from] item: Leftovers\n|upkeep\n|turn|18\n|\n|t:|1776680748\n|move|p1a: Kingambit|Iron Head|p2a: Umbreon\n|-damage|p2a: Umbreon|0 fnt\n|faint|p2a: Umbreon\n|\n|upkeep\n|\n|t:|1776680750\n|switch|p2a: Scizor|Scizor, L50, M|88/100\n|-damage|p2a: Scizor|76/100|[from] Stealth Rock\n|turn|19\n|\n|t:|1776680761\n|detailschange|p2a: Scizor|Scizor-Mega, L50, M\n|-mega|p2a: Scizor|Scizor|Scizorite\n|move|p2a: Scizor|Swords Dance|p2a: Scizor\n|-boost|p2a: Scizor|atk|2\n|move|p1a: Kingambit|Kowtow Cleave|p2a: Scizor\n|-damage|p2a: Scizor|0 fnt\n|faint|p2a: Scizor\n|\n|win|cheap109\n|raw|cheap109's rating: 1358 &rarr; <strong>1372</strong><br />(+14 for winning)\n|raw|S1E1X1Y1's rating: 1251 &rarr; <strong>1233</strong><br />(-18 for losing)\n|l|\u2606S1E1X1Y1\n|player|p2|\n|l|\u2606cheap109\n|player|p1|\n",
  "uploadtime": 1776680789,
  "views": 7,
  "formatid": "gen9championsbssregma",
  "rating": 1233,
  "private": 0,
  "password": null
}