{
  "id": "gen9championsbssregma-2580933991",
  "format": "[Gen 9 Champions] BSS Reg M-A",
  "players": [
    "phifth",
    "igimxim"
  ],
  "log": "|j|\u2606phifth\n|j|\u2606igimxim\n|t:|1775944586\n|gametype|singles\n|player|p1|phifth|rosa|1061\n|player|p2|igimxim|101|1103\n|gen|9\n|tier|[Gen 9 Champions] BSS Reg M-A\n|rated|\n|rule|Species Clause: Limit one of each Pok\u00e9mon\n|rule|Item Clause: Limit 1 of each item\n|clearpoke\n|poke|p1|Clefable, L50, F|\n|poke|p1|Gengar, L50, M|\n|poke|p1|Espeon, L50, F|\n|poke|p1|Gliscor, L50, F|\n|poke|p1|Espathra, L50, M|\n|poke|p1|Sneasler, L50, M|\n|poke|p2|Excadrill, L50, M|\n|poke|p2|Gyarados, L50, M|\n|poke|p2|Mimikyu, L50, M|\n|poke|p2|Incineroar, L50, F|\n|poke|p2|Sylveon, L50, F|\n|poke|p2|Rotom-Wash, L50|\n|teampreview|3\n|\n|t:|1775944627\n|teamsize|p1|3\n|teamsize|p2|3\n|start\n|switch|p1a: Espeon|Espeon, L50, F|100/100\n|switch|p2a: Mimikyu|Mimikyu, L50, M, shiny|100/100\n|turn|1\n|\n|t:|1775944646\n|move|p1a: Espeon|Calm Mind|p1a: Espeon\n|-boost|p1a: Espeon|spa|1\n|-boost|p1a: Espeon|spd|1\n|move|p2a: Mimikyu|Shadow Claw|p1a: Espeon\n|-supereffective|p1a: Espeon|1\n|-damage|p1a: Espeon|54/100\n|\n|-heal|p1a: Espeon|60/100|[from] item: Leftovers\n|upkeep\n|turn|2\n|\n|t:|1775944664\n|move|p1a: Espeon|Baton Pass|p1a: Espeon\n|\n|t:|1775944673\n|switch|p1a: Espathra|Espathra, L50, M|100/100|[from] Baton Pass\n|move|p2a: Mimikyu|Shadow Claw|p1a: Espathra\n|-supereffective|p1a: Espathra|1\n|-damage|p1a: Espathra|42/100\n|\n|upkeep\n|turn|3\n|\n|t:|1775944683\n|move|p1a: Espathra|Protect|p1a: Espathra\n|-singleturn|p1a: Espathra|Protect\n|move|p2a: Mimikyu|Shadow Claw|p1a: Espathra\n|-activate|p1a: Espathra|move: Protect\n|\n|-ability|p1a: Espathra|Speed Boost|boost\n|-boost|p1a: Espathra|spe|1\n|upkeep\n|turn|4\n|\n|t:|1775944694\n|move|p1a: Espathra|Baton Pass|p1a: Espathra\n|\n|t:|1775944696\n|switch|p1a: Clefable|Clefable, L50, F|100/100|[from] Baton Pass\n|move|p2a: Mimikyu|Shadow Claw|p1a: Clefable\n|-damage|p1a: Clefable|81/100\n|\n|upkeep\n|turn|5\n|\n|t:|1775944718\n|detailschange|p1a: Clefable|Clefable-Mega, L50, F\n|-mega|p1a: Clefable|Clefable|Clefablite\n|move|p1a: Clefable|Cosmic Power|p1a: Clefable\n|-boost|p1a: Clefable|def|1\n|-boost|p1a: Clefable|spd|1\n|move|p2a: Mimikyu|Play Rough|p1a: Clefable\n|-damage|p1a: Clefable|67/100\n|-unboost|p1a: Clefable|atk|1\n|\n|upkeep\n|turn|6\n|\n|t:|1775944754\n|move|p1a: Clefable|Cosmic Power|p1a: Clefable\n|-boost|p1a: Clefable|def|1\n|-boost|p1a: Clefable|spd|1\n|move|p2a: Mimikyu|Shadow Claw|p1a: Clefable\n|-damage|p1a: Clefable|59/100\n|\n|upkeep\n|turn|7\n|\n|t:|1775944775\n|switch|p2a: Rotom|Rotom-Wash, L50, shiny|100/100\n|move|p1a: Clefable|Cosmic Power|p1a: Clefable\n|-boost|p1a: Clefable|def|1\n|-boost|p1a: Clefable|spd|1\n|\n|upkeep\n|turn|8\n|\n|t:|1775944787\n|move|p1a: Clefable|Moonlight|p1a: Clefable\n|-heal|p1a: Clefable|100/100\n|move|p2a: Rotom|Volt Switch|p1a: Clefable\n|-supereffective|p1a: Clefable|1\n|-damage|p1a: Clefable|86/100\n|\n|t:|1775944794\n|switch|p2a: Gyarados|Gyarados, L50, M, shiny|100/100|[from] Volt Switch\n|-ability|p2a: Gyarados|Intimidate|boost\n|-unboost|p1a: Clefable|atk|1\n|\n|upkeep\n|turn|9\n|\n|t:|1775944809\n|move|p1a: Clefable|Moonblast|p2a: Gyarados\n|-damage|p2a: Gyarados|44/100\n|-unboost|p2a: Gyarados|spa|1\n|move|p2a: Gyarados|Dragon Dance|p2a: Gyarados\n|-boost|p2a: Gyarados|atk|1\n|-boost|p2a: Gyarados|spe|1\n|\n|upkeep\n|turn|10\n|c|\u2606phifth|no mega?\n|\n|t:|1775944841\n|switch|p2a: Rotom|Rotom-Wash, L50, shiny|100/100\n|move|p1a: Clefable|Moonblast|p2a: Rotom\n|-damage|p2a: Rotom|46/100\n|\n|upkeep\n|turn|11\n|\n|t:|1775944854\n|move|p1a: Clefable|Stored Power|p2a: Rotom\n|-damage|p2a: Rotom|0 fnt\n|faint|p2a: Rotom\n|\n|upkeep\n|\n|t:|1775944858\n|switch|p2a: Mimikyu|Mimikyu, L50, M, shiny|100/100\n|turn|12\n|\n|t:|1775944869\n|move|p1a: Clefable|Stored Power|p2a: Mimikyu\n|-activate|p2a: Mimikyu|ability: Disguise\n|-damage|p2a: Mimikyu|100/100\n|detailschange|p2a: Mimikyu|Mimikyu-Busted, L50, M, shiny\n|-damage|p2a: Mimikyu|88/100|[from] pokemon: Mimikyu-Busted\n|move|p2a: Mimikyu|Shadow Claw|p1a: Clefable\n|-damage|p1a: Clefable|78/100\n|\n|upkeep\n|turn|13\n|\n|t:|1775944884\n|move|p1a: Clefable|Stored Power|p2a: Mimikyu\n|-damage|p2a: Mimikyu|0 fnt\n|faint|p2a: Mimikyu\n|\n|upkeep\n|\n|t:|1775944891\n|switch|p2a: Gyarados|Gyarados, L50, M, shiny|44/100\n|-ability|p2a: Gyarados|Intimidate|boost\n|-unboost|p1a: Clefable|atk|1\n|turn|14\n|\n|t:|1775944912\n|detailschange|p2a: Gyarados|Gyarados-Mega, L50, M, shiny\n|-mega|p2a: Gyarados|Gyarados|Gyaradosite\n|-ability|p2a: Gyarados|Mold Breaker\n|move|p1a: Clefable|Moonlight|p1a: Clefable\n|-heal|p1a: Clefable|100/100\n|move|p2a: Gyarados|Waterfall|p1a: Clefable\n|-damage|p1a: Clefable|90/100\n|\n|upkeep\n|turn|15\n|\n|t:|1775944924\n|move|p1a: Clefable|Moonblast|p2a: Gyarados\n|-supereffective|p2a: Gyarados|1\n|-damage|p2a: Gyarados|0 fnt\n|faint|p2a: Gyarados\n|\n|win|phifth\n|raw|phifth's rating: 1061 &rarr; <strong>1096</strong><br />(+35 for winning)\n|raw|igimxim's rating: 1103 &rarr; <strong>1075</strong><br />(-28 for losing)\n|j| macaroni-A\n",
  "uploadtime": 1775944933,
  "views": 14,
  "formatid": "gen9championsbssregma",
  "rating": 1075,
  "private": 0,
  "password": null
}