{
  "id": "gen9championsbssregma-2583965749",
  "format": "[Gen 9 Champions] BSS Reg M-A",
  "players": [
    "applepie25508",
    "Penty"
  ],
  "log": "|j|\u2606applepie25508\n|j|\u2606Penty\n|t:|1776212489\n|gametype|singles\n|player|p1|applepie25508|169|1152\n|player|p2|Penty|170|1113\n|gen|9\n|tier|[Gen 9 Champions] BSS Reg M-A\n|rated|\n|rule|Species Clause: Limit one of each Pok\u00e9mon\n|rule|Item Clause: Limit 1 of each item\n|clearpoke\n|poke|p1|Delphox, L50, F|\n|poke|p1|Corviknight, L50, F|\n|poke|p1|Meowscarada, L50, F|\n|poke|p1|Toxapex, L50, M|\n|poke|p1|Clefable, L50, F|\n|poke|p1|Garchomp, L50, M|\n|poke|p2|Sneasler, L50, M|\n|poke|p2|Garchomp, L50, M|\n|poke|p2|Tyranitar, L50, F|\n|poke|p2|Aerodactyl, L50, F|\n|poke|p2|Empoleon, L50, M|\n|poke|p2|Corviknight, L50, F|\n|teampreview|3\n|inactive|Battle timer is ON: inactive players will automatically lose when time's up. (requested by applepie25508)\n|\n|t:|1776212529\n|teamsize|p1|3\n|teamsize|p2|3\n|start\n|switch|p1a: Delphox|Delphox, L50, F|100/100\n|switch|p2a: Garchomp|Garchomp, L50, M|100/100\n|turn|1\n|\n|t:|1776212539\n|detailschange|p1a: Delphox|Delphox-Mega, L50, F\n|-mega|p1a: Delphox|Delphox|Delphoxite\n|move|p1a: Delphox|Psychic|p2a: Garchomp\n|-damage|p2a: Garchomp|37/100\n|move|p2a: Garchomp|Stealth Rock|p1a: Delphox\n|-sidestart|p1: applepie25508|move: Stealth Rock\n|\n|upkeep\n|turn|2\n|\n|t:|1776212552\n|move|p1a: Delphox|Psychic|p2a: Garchomp\n|-damage|p2a: Garchomp|0 fnt\n|faint|p2a: Garchomp\n|\n|upkeep\n|\n|t:|1776212554\n|switch|p2a: Aerodactyl|Aerodactyl, L50, F|100/100\n|turn|3\n|\n|t:|1776212563\n|detailschange|p2a: Aerodactyl|Aerodactyl-Mega, L50, F\n|-mega|p2a: Aerodactyl|Aerodactyl|Aerodactylite\n|move|p2a: Aerodactyl|Rock Slide|p1a: Delphox\n|-supereffective|p1a: Delphox|1\n|-damage|p1a: Delphox|0 fnt\n|faint|p1a: Delphox\n|\n|upkeep\n|\n|t:|1776212569\n|switch|p1a: Corviknight|Corviknight, L50, F|100/100\n|-damage|p1a: Corviknight|88/100|[from] Stealth Rock\n|turn|4\n|\n|t:|1776212585\n|move|p2a: Aerodactyl|Rock Slide|p1a: Corviknight\n|-damage|p1a: Corviknight|66/100\n|move|p1a: Corviknight|Iron Defense|p1a: Corviknight\n|-boost|p1a: Corviknight|def|2\n|\n|upkeep\n|turn|5\n|\n|t:|1776212595\n|switch|p2a: Corviknight|Corviknight, L50, F|100/100\n|-ability|p2a: Corviknight|Pressure\n|move|p1a: Corviknight|Iron Defense|p1a: Corviknight\n|-boost|p1a: Corviknight|def|2\n|\n|upkeep\n|turn|6\n|\n|t:|1776212603\n|move|p2a: Corviknight|Iron Defense|p2a: Corviknight\n|-boost|p2a: Corviknight|def|2\n|move|p1a: Corviknight|Body Press|p2a: Corviknight\n|-damage|p2a: Corviknight|70/100\n|\n|-heal|p2a: Corviknight|76/100|[from] item: Leftovers\n|upkeep\n|turn|7\n|\n|t:|1776212613\n|move|p1a: Corviknight|Iron Defense|p1a: Corviknight\n|-boost|p1a: Corviknight|def|2\n|move|p2a: Corviknight|Iron Defense|p2a: Corviknight\n|-boost|p2a: Corviknight|def|2\n|\n|-heal|p2a: Corviknight|82/100|[from] item: Leftovers\n|upkeep\n|turn|8\n|\n|t:|1776212623\n|move|p1a: Corviknight|Body Press|p2a: Corviknight\n|-damage|p2a: Corviknight|50/100\n|move|p2a: Corviknight|Iron Defense|p2a: Corviknight\n|-boost|p2a: Corviknight|def|2\n|\n|-heal|p2a: Corviknight|56/100|[from] item: Leftovers\n|upkeep\n|turn|9\n|\n|t:|1776212631\n|move|p1a: Corviknight|Body Press|p2a: Corviknight\n|-damage|p2a: Corviknight|35/100\n|move|p2a: Corviknight|Body Press|p1a: Corviknight\n|-crit|p1a: Corviknight\n|-damage|p1a: Corviknight|0 fnt\n|faint|p1a: Corviknight\n|\n|-heal|p2a: Corviknight|41/100|[from] item: Leftovers\n|upkeep\n|c|\u2606Penty|heh\n|\n|t:|1776212641\n|switch|p1a: Garchomp|Garchomp, L50, M|100/100\n|-damage|p1a: Garchomp|95/100|[from] Stealth Rock\n|turn|10\n|\n|t:|1776212648\n|move|p1a: Garchomp|Stone Edge|p2a: Corviknight\n|-damage|p2a: Corviknight|33/100\n|move|p2a: Corviknight|Body Press|p1a: Garchomp\n|-damage|p1a: Garchomp|12/100\n|-damage|p2a: Corviknight|21/100|[from] ability: Rough Skin|[of] p1a: Garchomp\n|\n|-heal|p2a: Corviknight|27/100|[from] item: Leftovers\n|upkeep\n|turn|11\n|\n|t:|1776212658\n|move|p1a: Garchomp|Stone Edge|p2a: Corviknight\n|-damage|p2a: Corviknight|19/100\n|move|p2a: Corviknight|Body Press|p1a: Garchomp\n|-damage|p1a: Garchomp|0 fnt\n|-damage|p2a: Corviknight|7/100|[from] ability: Rough Skin|[of] p1a: Garchomp\n|faint|p1a: Garchomp\n|\n|win|Penty\n|raw|applepie25508's rating: 1152 &rarr; <strong>1124</strong><br />(-28 for losing)\n|raw|Penty's rating: 1113 &rarr; <strong>1141</strong><br />(+28 for winning)\n",
  "uploadtime": 1776212665,
  "views": 10,
  "formatid": "gen9championsbssregma",
  "rating": 1124,
  "private": 0,
  "password": null
}