{
  "id": "gen9championsbssregma-2587702512",
  "format": "[Gen 9 Champions] BSS Reg M-A",
  "players": [
    "Venti0406",
    "Poke-Hipster1"
  ],
  "log": "|j|\u2606Venti0406\n|j|\u2606Poke-Hipster1\n|t:|1776555447\n|gametype|singles\n|player|p1|Venti0406|n|1199\n|player|p2|Poke-Hipster1|norman|1058\n|gen|9\n|tier|[Gen 9 Champions] BSS Reg M-A\n|rated|\n|rule|Species Clause: Limit one of each Pok\u00e9mon\n|rule|Item Clause: Limit 1 of each item\n|clearpoke\n|poke|p1|Garchomp, L50, M|\n|poke|p1|Umbreon, L50, M|\n|poke|p1|Lopunny, L50, F|\n|poke|p1|Clefable, L50, M|\n|poke|p1|Hippowdon, L50, F|\n|poke|p1|Kingambit, L50, F|\n|poke|p2|Scizor, L50, F|\n|poke|p2|Milotic, L50, M|\n|poke|p2|Espeon, L50, M|\n|poke|p2|Venusaur, L50, M|\n|poke|p2|Arcanine, L50, F|\n|poke|p2|Altaria, L50, F, shiny|\n|teampreview|3\n|inactive|Battle timer is ON: inactive players will automatically lose when time's up. (requested by Venti0406)\n|\n|t:|1776555470\n|teamsize|p1|3\n|teamsize|p2|3\n|start\n|switch|p1a: Hippowdon|Hippowdon, L50, F|100/100\n|switch|p2a: Arcanine|Arcanine, L50, F|100/100\n|-ability|p2a: Arcanine|Intimidate|boost\n|-unboost|p1a: Hippowdon|atk|1\n|-weather|Sandstorm|[from] ability: Sand Stream|[of] p1a: Hippowdon\n|turn|1\n|\n|t:|1776555481\n|switch|p2a: Venusaur|Venusaur, L50, M|100/100\n|move|p1a: Hippowdon|Stealth Rock|p2a: Venusaur\n|-sidestart|p2: Poke-Hipster1|move: Stealth Rock\n|\n|-weather|Sandstorm|[upkeep]\n|-damage|p2a: Venusaur|95/100|[from] Sandstorm\n|upkeep\n|turn|2\n|\n|t:|1776555490\n|detailschange|p2a: Venusaur|Venusaur-Mega, L50, M\n|-mega|p2a: Venusaur|Venusaur|Venusaurite\n|move|p2a: Venusaur|Giga Drain|p1a: Hippowdon\n|-supereffective|p1a: Hippowdon|1\n|-damage|p1a: Hippowdon|49/100\n|-heal|p2a: Venusaur|100/100|[from] drain|[of] p1a: Hippowdon\n|move|p1a: Hippowdon|Yawn|p2a: Venusaur\n|-start|p2a: Venusaur|move: Yawn|[of] p1a: Hippowdon\n|\n|-weather|Sandstorm|[upkeep]\n|-damage|p2a: Venusaur|95/100|[from] Sandstorm\n|upkeep\n|turn|3\n|\n|t:|1776555503\n|switch|p1a: Garchomp|Garchomp, L50, M|100/100\n|move|p2a: Venusaur|Giga Drain|p1a: Garchomp\n|-damage|p1a: Garchomp|62/100\n|-heal|p2a: Venusaur|100/100|[from] drain|[of] p1a: Garchomp\n|\n|-weather|Sandstorm|[upkeep]\n|-damage|p2a: Venusaur|95/100|[from] Sandstorm\n|-end|p2a: Venusaur|move: Yawn|[silent]\n|-status|p2a: Venusaur|slp\n|upkeep\n|turn|4\n|\n|t:|1776555520\n|detailschange|p1a: Garchomp|Garchomp-Mega, L50, M\n|-mega|p1a: Garchomp|Garchomp|Garchompite\n|move|p1a: Garchomp|Scale Shot|p2a: Venusaur\n|-damage|p2a: Venusaur|83/100 slp\n|-damage|p2a: Venusaur|71/100 slp\n|-damage|p2a: Venusaur|58/100 slp\n|-hitcount|p2a: Venusaur|3\n|-unboost|p1a: Garchomp|def|1\n|-boost|p1a: Garchomp|spe|1\n|cant|p2a: Venusaur|slp\n|\n|-weather|Sandstorm|[upkeep]\n|-damage|p2a: Venusaur|52/100 slp|[from] Sandstorm\n|upkeep\n|turn|5\n|\n|t:|1776555535\n|move|p1a: Garchomp|Earthquake|p2a: Venusaur\n|-damage|p2a: Venusaur|0 fnt\n|faint|p2a: Venusaur\n|\n|-weather|none\n|upkeep\n|\n|t:|1776555543\n|switch|p2a: Arcanine|Arcanine, L50, F|100/100\n|-damage|p2a: Arcanine|76/100|[from] Stealth Rock\n|-ability|p2a: Arcanine|Intimidate|boost\n|-unboost|p1a: Garchomp|atk|1\n|turn|6\n|\n|t:|1776555552\n|move|p1a: Garchomp|Earthquake|p2a: Arcanine\n|-supereffective|p2a: Arcanine|1\n|-damage|p2a: Arcanine|2/100\n|move|p2a: Arcanine|Will-O-Wisp|p1a: Garchomp\n|-status|p1a: Garchomp|brn\n|\n|-damage|p1a: Garchomp|56/100 brn|[from] brn\n|upkeep\n|turn|7\n|\n|t:|1776555568\n|move|p1a: Garchomp|Earthquake|p2a: Arcanine\n|-supereffective|p2a: Arcanine|1\n|-damage|p2a: Arcanine|0 fnt\n|faint|p2a: Arcanine\n|\n|-damage|p1a: Garchomp|50/100 brn|[from] brn\n|upkeep\n|\n|t:|1776555573\n|switch|p2a: Milotic|Milotic, L50, M|100/100\n|-damage|p2a: Milotic|88/100|[from] Stealth Rock\n|turn|8\n|\n|t:|1776555586\n|switch|p1a: Hippowdon|Hippowdon, L50, F|49/100\n|-weather|Sandstorm|[from] ability: Sand Stream|[of] p1a: Hippowdon\n|move|p2a: Milotic|Ice Beam|p1a: Hippowdon\n|-supereffective|p1a: Hippowdon|1\n|-damage|p1a: Hippowdon|19/100\n|-status|p1a: Hippowdon|frz\n|\n|-weather|Sandstorm|[upkeep]\n|-damage|p2a: Milotic|82/100|[from] Sandstorm\n|-heal|p2a: Milotic|88/100|[from] item: Leftovers\n|upkeep\n|turn|9\n|\n|t:|1776555607\n|move|p2a: Milotic|Recover|p2a: Milotic\n|-heal|p2a: Milotic|100/100\n|cant|p1a: Hippowdon|frz\n|\n|-weather|Sandstorm|[upkeep]\n|-damage|p2a: Milotic|95/100|[from] Sandstorm\n|-heal|p2a: Milotic|100/100|[from] item: Leftovers\n|upkeep\n|turn|10\n|\n|t:|1776555615\n|move|p2a: Milotic|Ice Beam|p1a: Hippowdon\n|-supereffective|p1a: Hippowdon|1\n|-damage|p1a: Hippowdon|0 fnt\n|faint|p1a: Hippowdon\n|\n|-weather|Sandstorm|[upkeep]\n|-damage|p2a: Milotic|95/100|[from] Sandstorm\n|-heal|p2a: Milotic|100/100|[from] item: Leftovers\n|upkeep\n|\n|t:|1776555619\n|switch|p1a: Garchomp|Garchomp-Mega, L50, M|50/100 brn\n|turn|11\n|\n|t:|1776555627\n|move|p1a: Garchomp|Earthquake|p2a: Milotic\n|-damage|p2a: Milotic|59/100\n|move|p2a: Milotic|Ice Beam|p1a: Garchomp\n|-supereffective|p1a: Garchomp|2\n|-damage|p1a: Garchomp|0 fnt\n|faint|p1a: Garchomp\n|\n|-weather|Sandstorm|[upkeep]\n|-damage|p2a: Milotic|53/100|[from] Sandstorm\n|-heal|p2a: Milotic|59/100|[from] item: Leftovers\n|upkeep\n|\n|t:|1776555634\n|switch|p1a: Umbreon|Umbreon, L50, M|100/100\n|turn|12\n|\n|t:|1776555643\n|move|p2a: Milotic|Recover|p2a: Milotic\n|-heal|p2a: Milotic|100/100\n|move|p1a: Umbreon|Wish|p1a: Umbreon\n|\n|-weather|none\n|upkeep\n|turn|13\n|\n|t:|1776555656\n|move|p2a: Milotic|Ice Beam|p1a: Umbreon\n|-damage|p1a: Umbreon|87/100\n|move|p1a: Umbreon|Yawn|p2a: Milotic\n|-start|p2a: Milotic|move: Yawn|[of] p1a: Umbreon\n|\n|-heal|p1a: Umbreon|100/100|[from] move: Wish|[wisher] Umbreon\n|upkeep\n|turn|14\n|\n|t:|1776555670\n|move|p2a: Milotic|Ice Beam|p1a: Umbreon\n|-damage|p1a: Umbreon|85/100\n|move|p1a: Umbreon|Spite|p2a: Milotic\n|-activate|p2a: Milotic|move: Spite|Ice Beam|4\n|\n|-heal|p1a: Umbreon|91/100|[from] item: Leftovers\n|-end|p2a: Milotic|move: Yawn|[silent]\n|-status|p2a: Milotic|slp\n|upkeep\n|turn|15\n|\n|t:|1776555685\n|move|p1a: Umbreon|Protect|p1a: Umbreon\n|-singleturn|p1a: Umbreon|Protect\n|cant|p2a: Milotic|slp\n|\n|-heal|p1a: Umbreon|97/100|[from] item: Leftovers\n|upkeep\n|turn|16\n|\n|t:|1776555693\n|-curestatus|p2a: Milotic|slp|[msg]\n|move|p2a: Milotic|Ice Beam|p1a: Umbreon\n|-damage|p1a: Umbreon|81/100\n|-status|p1a: Umbreon|frz\n|cant|p1a: Umbreon|frz\n|\n|-heal|p1a: Umbreon|87/100 frz|[from] item: Leftovers\n|upkeep\n|turn|17\n|\n|t:|1776555704\n|move|p2a: Milotic|Ice Beam|p1a: Umbreon\n|-damage|p1a: Umbreon|73/100 frz\n|cant|p1a: Umbreon|frz\n|\n|-heal|p1a: Umbreon|79/100 frz|[from] item: Leftovers\n|upkeep\n|turn|18\n|\n|t:|1776555710\n|move|p2a: Milotic|Ice Beam|p1a: Umbreon\n|-damage|p1a: Umbreon|65/100 frz\n|-curestatus|p1a: Umbreon|frz|[msg]\n|move|p1a: Umbreon|Spite||[still]\n|-fail|p1a: Umbreon\n|\n|-heal|p1a: Umbreon|71/100|[from] item: Leftovers\n|upkeep\n|turn|19\n|\n|t:|1776555721\n|move|p2a: Milotic|Scald|p1a: Umbreon\n|-damage|p1a: Umbreon|51/100\n|-status|p1a: Umbreon|brn\n|move|p1a: Umbreon|Wish|p1a: Umbreon\n|\n|-heal|p1a: Umbreon|57/100 brn|[from] item: Leftovers\n|-damage|p1a: Umbreon|51/100 brn|[from] brn\n|upkeep\n|turn|20\n|\n|t:|1776555741\n|move|p2a: Milotic|Scald|p1a: Umbreon\n|-damage|p1a: Umbreon|32/100 brn\n|move|p1a: Umbreon|Spite|p2a: Milotic\n|-activate|p2a: Milotic|move: Spite|Scald|4\n|\n|-heal|p1a: Umbreon|82/100 brn|[from] move: Wish|[wisher] Umbreon\n|-heal|p1a: Umbreon|88/100 brn|[from] item: Leftovers\n|-damage|p1a: Umbreon|82/100 brn|[from] brn\n|upkeep\n|turn|21\n|\n|t:|1776555758\n|move|p1a: Umbreon|Wish|p1a: Umbreon\n|move|p2a: Milotic|Mirror Coat||[still]\n|-fail|p2a: Milotic\n|\n|-heal|p1a: Umbreon|88/100 brn|[from] item: Leftovers\n|-damage|p1a: Umbreon|82/100 brn|[from] brn\n|upkeep\n|turn|22\n|\n|t:|1776555769\n|move|p1a: Umbreon|Spite|p2a: Milotic\n|-activate|p2a: Milotic|move: Spite|Mirror Coat|4\n|move|p2a: Milotic|Mirror Coat||[still]\n|-fail|p2a: Milotic\n|\n|-heal|p1a: Umbreon|100/100 brn|[from] move: Wish|[wisher] Umbreon\n|-damage|p1a: Umbreon|95/100 brn|[from] brn\n|upkeep\n|turn|23\n|\n|t:|1776555782\n|move|p1a: Umbreon|Spite|p2a: Milotic\n|-activate|p2a: Milotic|move: Spite|Mirror Coat|4\n|move|p2a: Milotic|Mirror Coat||[still]\n|-fail|p2a: Milotic\n|\n|-heal|p1a: Umbreon|100/100 brn|[from] item: Leftovers\n|-damage|p1a: Umbreon|95/100 brn|[from] brn\n|upkeep\n|turn|24\n|\n|t:|1776555791\n|move|p1a: Umbreon|Spite|p2a: Milotic\n|-activate|p2a: Milotic|move: Spite|Mirror Coat|4\n|move|p2a: Milotic|Mirror Coat||[still]\n|-fail|p2a: Milotic\n|\n|-heal|p1a: Umbreon|100/100 brn|[from] item: Leftovers\n|-damage|p1a: Umbreon|95/100 brn|[from] brn\n|upkeep\n|turn|25\n|\n|t:|1776555798\n|move|p1a: Umbreon|Spite|p2a: Milotic\n|-activate|p2a: Milotic|move: Spite|Mirror Coat|4\n|cant|p2a: Milotic|nopp|Mirror Coat\n|\n|-heal|p1a: Umbreon|100/100 brn|[from] item: Leftovers\n|-damage|p1a: Umbreon|95/100 brn|[from] brn\n|upkeep\n|turn|26\n|\n|t:|1776555811\n|move|p2a: Milotic|Recover||[still]\n|-fail|p2a: Milotic|heal\n|move|p1a: Umbreon|Spite|p2a: Milotic\n|-activate|p2a: Milotic|move: Spite|Recover|4\n|\n|-heal|p1a: Umbreon|100/100 brn|[from] item: Leftovers\n|-damage|p1a: Umbreon|95/100 brn|[from] brn\n|upkeep\n|turn|27\n|\n|t:|1776555819\n|move|p1a: Umbreon|Protect|p1a: Umbreon\n|-singleturn|p1a: Umbreon|Protect\n|move|p2a: Milotic|Recover||[still]\n|-fail|p2a: Milotic|heal\n|\n|-heal|p1a: Umbreon|100/100 brn|[from] item: Leftovers\n|-damage|p1a: Umbreon|95/100 brn|[from] brn\n|upkeep\n|turn|28\n|\n|t:|1776555833\n|move|p2a: Milotic|Scald|p1a: Umbreon\n|-damage|p1a: Umbreon|77/100 brn\n|move|p1a: Umbreon|Wish|p1a: Umbreon\n|\n|-heal|p1a: Umbreon|83/100 brn|[from] item: Leftovers\n|-damage|p1a: Umbreon|77/100 brn|[from] brn\n|upkeep\n|turn|29\n|\n|t:|1776555842\n|move|p2a: Milotic|Scald|p1a: Umbreon\n|-damage|p1a: Umbreon|59/100 brn\n|move|p1a: Umbreon|Spite|p2a: Milotic\n|-activate|p2a: Milotic|move: Spite|Scald|4\n|\n|-heal|p1a: Umbreon|100/100 brn|[from] move: Wish|[wisher] Umbreon\n|-damage|p1a: Umbreon|95/100 brn|[from] brn\n|upkeep\n|turn|30\n|\n|t:|1776555856\n|move|p2a: Milotic|Scald|p1a: Umbreon\n|-damage|p1a: Umbreon|75/100 brn\n|move|p1a: Umbreon|Spite|p2a: Milotic\n|-activate|p2a: Milotic|move: Spite|Scald|3\n|\n|-heal|p1a: Umbreon|81/100 brn|[from] item: Leftovers\n|-damage|p1a: Umbreon|75/100 brn|[from] brn\n|upkeep\n|turn|31\n|\n|t:|1776555865\n|-activate|p2a: Milotic|move: Struggle\n|move|p2a: Milotic|Struggle|p1a: Umbreon\n|-damage|p1a: Umbreon|71/100 brn\n|-damage|p2a: Milotic|75/100|[from] recoil\n|move|p1a: Umbreon|Wish|p1a: Umbreon\n|\n|-heal|p2a: Milotic|81/100|[from] item: Leftovers\n|-heal|p1a: Umbreon|77/100 brn|[from] item: Leftovers\n|-damage|p1a: Umbreon|71/100 brn|[from] brn\n|upkeep\n|turn|32\n|\n|t:|1776555876\n|-activate|p2a: Milotic|move: Struggle\n|move|p2a: Milotic|Struggle|p1a: Umbreon\n|-damage|p1a: Umbreon|67/100 brn\n|-damage|p2a: Milotic|56/100|[from] recoil\n|move|p1a: Umbreon|Spite||[still]\n|-fail|p1a: Umbreon\n|\n|-heal|p1a: Umbreon|100/100 brn|[from] move: Wish|[wisher] Umbreon\n|-heal|p2a: Milotic|62/100|[from] item: Leftovers\n|-damage|p1a: Umbreon|95/100 brn|[from] brn\n|upkeep\n|turn|33\n|\n|t:|1776555889\n|-activate|p2a: Milotic|move: Struggle\n|move|p2a: Milotic|Struggle|p1a: Umbreon\n|-damage|p1a: Umbreon|90/100 brn\n|-damage|p2a: Milotic|37/100|[from] recoil\n|move|p1a: Umbreon|Wish|p1a: Umbreon\n|\n|-heal|p2a: Milotic|43/100|[from] item: Leftovers\n|-heal|p1a: Umbreon|96/100 brn|[from] item: Leftovers\n|-damage|p1a: Umbreon|90/100 brn|[from] brn\n|upkeep\n|turn|34\n|\n|t:|1776555897\n|-activate|p2a: Milotic|move: Struggle\n|move|p2a: Milotic|Struggle|p1a: Umbreon\n|-damage|p1a: Umbreon|86/100 brn\n|-damage|p2a: Milotic|17/100|[from] recoil\n|move|p1a: Umbreon|Wish||[still]\n|-fail|p1a: Umbreon\n|\n|-heal|p1a: Umbreon|100/100 brn|[from] move: Wish|[wisher] Umbreon\n|-heal|p2a: Milotic|23/100|[from] item: Leftovers\n|-damage|p1a: Umbreon|95/100 brn|[from] brn\n|upkeep\n|turn|35\n|\n|t:|1776555907\n|-activate|p2a: Milotic|move: Struggle\n|move|p2a: Milotic|Struggle|p1a: Umbreon\n|-damage|p1a: Umbreon|91/100 brn\n|-damage|p2a: Milotic|0 fnt|[from] recoil\n|faint|p2a: Milotic\n|\n|win|Venti0406\n|raw|Venti0406's rating: 1199 &rarr; <strong>1214</strong><br />(+15 for winning)\n|raw|Poke-Hipster1's rating: 1058 &rarr; <strong>1046</strong><br />(-12 for losing)\n|c|\u2606Poke-Hipster1|gg\n",
  "uploadtime": 1776555931,
  "views": 19,
  "formatid": "gen9championsbssregma",
  "rating": 1046,
  "private": 0,
  "password": null
}