{
  "id": "gen9championsbssregma-2584944761",
  "format": "[Gen 9 Champions] BSS Reg M-A",
  "players": [
    "gh4q121",
    "epavaco"
  ],
  "log": "|j|\u2606gh4q121\n|j|\u2606epavaco\n|t:|1776296887\n|gametype|singles\n|player|p1|gh4q121|hilbert-wonderlauncher|1055\n|player|p2|epavaco|266|1105\n|gen|9\n|tier|[Gen 9 Champions] BSS Reg M-A\n|rated|\n|rule|Species Clause: Limit one of each Pok\u00e9mon\n|rule|Item Clause: Limit 1 of each item\n|clearpoke\n|poke|p1|Charizard, L50, F|\n|poke|p1|Sneasler, L50, M|\n|poke|p1|Primarina, L50, M|\n|poke|p1|Lucario, L50, M|\n|poke|p1|Garchomp, L50, M|\n|poke|p1|Meowscarada, L50, F|\n|poke|p2|Tyranitar, L50, M|\n|poke|p2|Ceruledge, L50, F|\n|poke|p2|Incineroar, L50, F|\n|poke|p2|Gyarados, L50, M|\n|poke|p2|Rotom-Wash, L50|\n|poke|p2|Corviknight, L50, F|\n|teampreview|3\n|\n|t:|1776296913\n|teamsize|p1|3\n|teamsize|p2|3\n|start\n|switch|p1a: Meowscarada|Meowscarada, L50, F|100/100\n|switch|p2a: Ceruledge|Ceruledge, L50, F|100/100\n|turn|1\n|\n|t:|1776296918\n|move|p1a: Meowscarada|Knock Off|p2a: Ceruledge\n|-start|p1a: Meowscarada|typechange|Dark|[from] ability: Protean\n|-supereffective|p2a: Ceruledge|1\n|-enditem|p2a: Ceruledge|Focus Sash\n|-damage|p2a: Ceruledge|1/100\n|-ability|p2a: Ceruledge|Weak Armor|boost\n|-unboost|p2a: Ceruledge|def|1\n|-boost|p2a: Ceruledge|spe|2\n|move|p2a: Ceruledge|Swords Dance|p2a: Ceruledge\n|-boost|p2a: Ceruledge|atk|2\n|\n|upkeep\n|turn|2\n|\n|t:|1776296935\n|move|p2a: Ceruledge|Bitter Blade|p1a: Meowscarada\n|-damage|p1a: Meowscarada|0 fnt\n|-heal|p2a: Ceruledge|52/100|[from] drain|[of] p1a: Meowscarada\n|faint|p1a: Meowscarada\n|\n|upkeep\n|\n|t:|1776296947\n|switch|p1a: Garchomp|Garchomp, L50, M|100/100\n|turn|3\n|\n|t:|1776296958\n|move|p2a: Ceruledge|Close Combat|p1a: Garchomp\n|-damage|p1a: Garchomp|25/100\n|-unboost|p2a: Ceruledge|def|1\n|-unboost|p2a: Ceruledge|spd|1\n|-damage|p2a: Ceruledge|40/100|[from] ability: Rough Skin|[of] p1a: Garchomp\n|move|p1a: Garchomp|Scale Shot|p2a: Ceruledge\n|-damage|p2a: Ceruledge|6/100\n|-ability|p2a: Ceruledge|Weak Armor|boost\n|-unboost|p2a: Ceruledge|def|1\n|-boost|p2a: Ceruledge|spe|2\n|-damage|p2a: Ceruledge|0 fnt\n|faint|p2a: Ceruledge\n|-hitcount|p2: Ceruledge|2\n|-unboost|p1a: Garchomp|def|1\n|-boost|p1a: Garchomp|spe|1\n|\n|upkeep\n|\n|t:|1776296975\n|switch|p2a: Incineroar|Incineroar, L50, F|100/100\n|-ability|p2a: Incineroar|Intimidate|boost\n|-unboost|p1a: Garchomp|atk|1\n|turn|4\n|\n|t:|1776296980\n|move|p1a: Garchomp|Earthquake|p2a: Incineroar\n|-supereffective|p2a: Incineroar|1\n|-damage|p2a: Incineroar|55/100\n|move|p2a: Incineroar|Parting Shot|p1a: Garchomp\n|-unboost|p1a: Garchomp|atk|1\n|-unboost|p1a: Garchomp|spa|1\n|\n|t:|1776296986\n|switch|p2a: Rotom|Rotom-Wash, L50|100/100|[from] Parting Shot\n|\n|upkeep\n|turn|5\n|\n|t:|1776296994\n|move|p1a: Garchomp|Stone Edge|p2a: Rotom\n|-damage|p2a: Rotom|88/100\n|move|p2a: Rotom|Will-O-Wisp|p1a: Garchomp\n|-status|p1a: Garchomp|brn\n|\n|-damage|p1a: Garchomp|19/100 brn|[from] brn\n|upkeep\n|turn|6\n|\n|t:|1776297006\n|move|p1a: Garchomp|Stone Edge|p2a: Rotom|[miss]\n|-miss|p1a: Garchomp|p2a: Rotom\n|move|p2a: Rotom|Hydro Pump|p1a: Garchomp\n|-damage|p1a: Garchomp|0 fnt\n|faint|p1a: Garchomp\n|\n|upkeep\n|\n|t:|1776297011\n|switch|p1a: Charizard|Charizard, L50, F, shiny|100/100\n|turn|7\n|\n|t:|1776297015\n|detailschange|p1a: Charizard|Charizard-Mega-Y, L50, F, shiny\n|-mega|p1a: Charizard|Charizard|Charizardite Y\n|-weather|SunnyDay|[from] ability: Drought|[of] p1a: Charizard\n|move|p1a: Charizard|Solar Beam||[still]\n|-prepare|p1a: Charizard|Solar Beam\n|-anim|p1a: Charizard|Solar Beam|p2a: Rotom\n|-supereffective|p2a: Rotom|1\n|-damage|p2a: Rotom|0 fnt\n|faint|p2a: Rotom\n|\n|-weather|SunnyDay|[upkeep]\n|upkeep\n|\n|t:|1776297024\n|switch|p2a: Incineroar|Incineroar, L50, F|55/100\n|-ability|p2a: Incineroar|Intimidate|boost\n|-unboost|p1a: Charizard|atk|1\n|turn|8\n|\n|t:|1776297032\n|move|p2a: Incineroar|Fake Out|p1a: Charizard\n|-damage|p1a: Charizard|84/100\n|cant|p1a: Charizard|flinch\n|\n|-weather|SunnyDay|[upkeep]\n|upkeep\n|turn|9\n|\n|t:|1776297043\n|move|p1a: Charizard|Weather Ball|p2a: Incineroar\n|-resisted|p2a: Incineroar|1\n|-damage|p2a: Incineroar|14/100\n|move|p2a: Incineroar|Darkest Lariat|p1a: Charizard\n|-damage|p1a: Charizard|36/100\n|\n|-weather|SunnyDay|[upkeep]\n|upkeep\n|turn|10\n|\n|t:|1776297054\n|move|p1a: Charizard|Scorching Sands|p2a: Incineroar\n|-supereffective|p2a: Incineroar|1\n|-crit|p2a: Incineroar\n|-damage|p2a: Incineroar|0 fnt\n|faint|p2a: Incineroar\n|\n|win|gh4q121\n|raw|gh4q121's rating: 1055 &rarr; <strong>1091</strong><br />(+36 for winning)\n|raw|epavaco's rating: 1105 &rarr; <strong>1076</strong><br />(-29 for losing)\n",
  "uploadtime": 1776297056,
  "views": 6,
  "formatid": "gen9championsbssregma",
  "rating": 1076,
  "private": 0,
  "password": null
}