{
  "id": "gen9championsbssregma-2589493794",
  "format": "[Gen 9 Champions] BSS Reg M-A",
  "players": [
    "mega.CHIVA",
    "krit1"
  ],
  "log": "|j|\u2606mega.CHIVA\n|j|\u2606krit1\n|t:|1776728013\n|gametype|singles\n|player|p1|mega.CHIVA|unknown|1101\n|player|p2|krit1|169|1106\n|gen|9\n|tier|[Gen 9 Champions] BSS Reg M-A\n|rated|\n|rule|Species Clause: Limit one of each Pok\u00e9mon\n|rule|Item Clause: Limit 1 of each item\n|clearpoke\n|poke|p1|Corviknight, L50, M|\n|poke|p1|Garchomp, L50, M|\n|poke|p1|Hawlucha, L50, M|\n|poke|p1|Sylveon, L50, F|\n|poke|p1|Greninja, L50, M|\n|poke|p1|Blastoise, L50, M|\n|poke|p2|Meganium, L50, F|\n|poke|p2|Bellibolt, L50, F|\n|poke|p2|Incineroar, L50, M|\n|poke|p2|Sneasler, L50, M|\n|poke|p2|Scovillain, L50, M|\n|poke|p2|Rotom-Wash, L50|\n|teampreview|3\n|inactive|Battle timer is ON: inactive players will automatically lose when time's up. (requested by krit1)\n|\n|t:|1776728026\n|teamsize|p1|3\n|teamsize|p2|3\n|start\n|switch|p1a: Sylveon|Sylveon, L50, F|100/100\n|switch|p2a: Scovillain|Scovillain, L50, M|100/100\n|turn|1\n|\n|t:|1776728035\n|switch|p2a: Bellibolt|Bellibolt, L50, F|100/100\n|move|p1a: Sylveon|Hyper Voice|p2a: Bellibolt\n|-damage|p2a: Bellibolt|35/100\n|-start|p2a: Bellibolt|Charge|Hyper Voice|[from] ability: Electromorphosis\n|\n|-heal|p2a: Bellibolt|41/100|[from] item: Leftovers\n|upkeep\n|turn|2\n|\n|t:|1776728043\n|move|p1a: Sylveon|Hyper Voice|p2a: Bellibolt\n|-damage|p2a: Bellibolt|0 fnt\n|faint|p2a: Bellibolt\n|\n|upkeep\n|\n|t:|1776728046\n|switch|p2a: Sneasler|Sneasler, L50, M|100/100\n|turn|3\n|\n|t:|1776728050\n|move|p2a: Sneasler|Fake Out|p1a: Sylveon\n|-damage|p1a: Sylveon|80/100\n|cant|p1a: Sylveon|flinch\n|\n|upkeep\n|turn|4\n|\n|t:|1776728054\n|move|p2a: Sneasler|Dire Claw|p1a: Sylveon\n|-supereffective|p1a: Sylveon|1\n|-damage|p1a: Sylveon|0 fnt\n|faint|p1a: Sylveon\n|\n|upkeep\n|\n|t:|1776728061\n|switch|p1a: Hawlucha|Hawlucha, L50, M|100/100\n|turn|5\n|\n|t:|1776728065\n|detailschange|p1a: Hawlucha|Hawlucha-Mega, L50, M\n|-mega|p1a: Hawlucha|Hawlucha|Hawluchanite\n|move|p2a: Sneasler|Close Combat|p1a: Hawlucha\n|-resisted|p1a: Hawlucha|1\n|-damage|p1a: Hawlucha|63/100\n|-unboost|p2a: Sneasler|def|1\n|-unboost|p2a: Sneasler|spd|1\n|-enditem|p2a: Sneasler|White Herb\n|-clearnegativeboost|p2a: Sneasler|[silent]\n|move|p1a: Hawlucha|Dual Wingbeat|p2a: Sneasler\n|-supereffective|p2a: Sneasler|1\n|-damage|p2a: Sneasler|31/100\n|-supereffective|p2a: Sneasler|1\n|-damage|p2a: Sneasler|0 fnt\n|faint|p2a: Sneasler\n|-hitcount|p2: Sneasler|2\n|\n|upkeep\n|\n|t:|1776728079\n|switch|p2a: Scovillain|Scovillain, L50, M|100/100\n|turn|6\n|\n|t:|1776728082\n|move|p2a: Scovillain|Protect|p2a: Scovillain\n|-singleturn|p2a: Scovillain|Protect\n|move|p1a: Hawlucha|Dual Wingbeat|p2a: Scovillain\n|-activate|p2a: Scovillain|move: Protect\n|\n|-ability|p2a: Scovillain|Moody|boost\n|-boost|p2a: Scovillain|spd|2\n|-unboost|p2a: Scovillain|spe|1\n|upkeep\n|turn|7\n|\n|t:|1776728094\n|detailschange|p2a: Scovillain|Scovillain-Mega, L50, M\n|-mega|p2a: Scovillain|Scovillain|Scovillainite\n|move|p1a: Hawlucha|Dual Wingbeat|p2a: Scovillain\n|-supereffective|p2a: Scovillain|1\n|-damage|p2a: Scovillain|47/100\n|-status|p1a: Hawlucha|brn|[from] ability: Spicy Spray|[of] p2a: Scovillain\n|-supereffective|p2a: Scovillain|1\n|-damage|p2a: Scovillain|22/100\n|-hitcount|p2a: Scovillain|2\n|move|p2a: Scovillain|Flamethrower|p1a: Hawlucha\n|-damage|p1a: Hawlucha|0 fnt\n|faint|p1a: Hawlucha\n|\n|upkeep\n|l|\u2606krit1\n|inactive|krit1 disconnected and has a minute to reconnect!\n|player|p2|\n|j|\u2606krit1\n|inactive|krit1 reconnected.\n|player|p2|krit1|169|\n|\n|t:|1776728106\n|switch|p1a: Blastoise|Blastoise, L50, M|100/100\n|turn|8\n|\n|t:|1776728120\n|move|p1a: Blastoise|Surf|p2a: Scovillain\n|-damage|p2a: Scovillain|0 fnt\n|-status|p1a: Blastoise|brn|[from] ability: Spicy Spray|[of] p2a: Scovillain\n|faint|p2a: Scovillain\n|\n|win|mega.CHIVA\n|raw|mega.CHIVA's rating: 1101 &rarr; <strong>1126</strong><br />(+25 for winning)\n|raw|krit1's rating: 1106 &rarr; <strong>1081</strong><br />(-25 for losing)\n",
  "uploadtime": 1776728129,
  "views": 1,
  "formatid": "gen9championsbssregma",
  "rating": 1081,
  "private": 0,
  "password": null
}