{
  "id": "gen9championsbssregma-2587713184",
  "format": "[Gen 9 Champions] BSS Reg M-A",
  "players": [
    "hijanu",
    "MiraidonGaming"
  ],
  "log": "|j|\u2606hijanu\n|j|\u2606MiraidonGaming\n|t:|1776556505\n|gametype|singles\n|player|p1|hijanu|169|1077\n|player|p2|MiraidonGaming|lucas|1187\n|gen|9\n|tier|[Gen 9 Champions] BSS Reg M-A\n|rated|\n|rule|Species Clause: Limit one of each Pok\u00e9mon\n|rule|Item Clause: Limit 1 of each item\n|clearpoke\n|poke|p1|Corviknight, L50, M, shiny|\n|poke|p1|Furfrou, L50, M, shiny|\n|poke|p1|Ceruledge, L50, M, shiny|\n|poke|p1|Rotom-Wash, L50, shiny|\n|poke|p1|Torterra, L50, M, shiny|\n|poke|p1|Aggron, L50, F, shiny|\n|poke|p2|Ninetales-Alola, L50, F|\n|poke|p2|Charizard, L50, M|\n|poke|p2|Scizor, L50, M|\n|poke|p2|Sinistcha, L50|\n|poke|p2|Rotom-Wash, L50|\n|poke|p2|Salazzle, L50, F|\n|teampreview|3\n|\n|t:|1776556561\n|teamsize|p1|3\n|teamsize|p2|3\n|start\n|switch|p1a: Rotom|Rotom-Wash, L50, shiny|100/100\n|switch|p2a: Put a brick in|Rotom-Wash, L50|100/100\n|turn|1\n|\n|t:|1776556575\n|move|p2a: Put a brick in|Volt Switch|p1a: Rotom\n|-damage|p1a: Rotom|67/100\n|\n|t:|1776556576\n|switch|p2a: Bruce|Charizard, L50, M|100/100|[from] Volt Switch\n|move|p1a: Rotom|Thunder|p2a: Bruce\n|-supereffective|p2a: Bruce|1\n|-damage|p2a: Bruce|6/100\n|\n|upkeep\n|turn|2\n|\n|t:|1776556586\n|detailschange|p2a: Bruce|Charizard-Mega-X, L50, M\n|-mega|p2a: Bruce|Charizard|Charizardite X\n|move|p2a: Bruce|Roost|p2a: Bruce\n|-heal|p2a: Bruce|56/100\n|-singleturn|p2a: Bruce|move: Roost\n|move|p1a: Rotom|Dark Pulse|p2a: Bruce\n|-damage|p2a: Bruce|33/100\n|\n|upkeep\n|turn|3\n|\n|t:|1776556600\n|move|p2a: Bruce|Roost|p2a: Bruce\n|-heal|p2a: Bruce|83/100\n|-singleturn|p2a: Bruce|move: Roost\n|move|p1a: Rotom|Hydro Pump|p2a: Bruce\n|-damage|p2a: Bruce|29/100\n|\n|upkeep\n|turn|4\n|\n|t:|1776556608\n|move|p2a: Bruce|Roost|p2a: Bruce\n|-heal|p2a: Bruce|79/100\n|-singleturn|p2a: Bruce|move: Roost\n|move|p1a: Rotom|Hydro Pump|p2a: Bruce\n|-damage|p2a: Bruce|31/100\n|\n|upkeep\n|turn|5\n|\n|t:|1776556615\n|move|p2a: Bruce|Roost|p2a: Bruce\n|-heal|p2a: Bruce|81/100\n|-singleturn|p2a: Bruce|move: Roost\n|move|p1a: Rotom|Hydro Pump|p2a: Bruce|[miss]\n|-miss|p1a: Rotom|p2a: Bruce\n|\n|upkeep\n|turn|6\n|\n|t:|1776556625\n|move|p2a: Bruce|Dragon Dance|p2a: Bruce\n|-boost|p2a: Bruce|atk|1\n|-boost|p2a: Bruce|spe|1\n|move|p1a: Rotom|Hydro Pump|p2a: Bruce\n|-damage|p2a: Bruce|28/100\n|\n|upkeep\n|turn|7\n|\n|t:|1776556638\n|move|p2a: Bruce|Roost|p2a: Bruce\n|-heal|p2a: Bruce|78/100\n|-singleturn|p2a: Bruce|move: Roost\n|move|p1a: Rotom|Hydro Pump|p2a: Bruce\n|-damage|p2a: Bruce|24/100\n|\n|upkeep\n|turn|8\n|\n|t:|1776556646\n|move|p2a: Bruce|Roost|p2a: Bruce\n|-heal|p2a: Bruce|74/100\n|-singleturn|p2a: Bruce|move: Roost\n|move|p1a: Rotom|Hydro Pump|p2a: Bruce\n|-damage|p2a: Bruce|21/100\n|\n|upkeep\n|turn|9\n|\n|t:|1776556653\n|move|p2a: Bruce|Roost|p2a: Bruce\n|-heal|p2a: Bruce|71/100\n|-singleturn|p2a: Bruce|move: Roost\n|move|p1a: Rotom|Hydro Pump|p2a: Bruce\n|-damage|p2a: Bruce|19/100\n|\n|upkeep\n|turn|10\n|\n|t:|1776556661\n|move|p2a: Bruce|Roost|p2a: Bruce\n|-heal|p2a: Bruce|69/100\n|-singleturn|p2a: Bruce|move: Roost\n|move|p1a: Rotom|Hydro Pump|p2a: Bruce\n|-damage|p2a: Bruce|22/100\n|\n|upkeep\n|turn|11\n|\n|t:|1776556671\n|move|p2a: Bruce|Breaking Swipe|p1a: Rotom\n|-damage|p1a: Rotom|0 fnt\n|faint|p1a: Rotom\n|\n|upkeep\n|\n|t:|1776556676\n|switch|p1a: Ceruledge|Ceruledge, L50, M, shiny|100/100\n|turn|12\n|\n|t:|1776556684\n|move|p2a: Bruce|Breaking Swipe|p1a: Ceruledge\n|-damage|p1a: Ceruledge|42/100\n|-unboost|p1a: Ceruledge|atk|1\n|-ability|p1a: Ceruledge|Weak Armor|boost\n|-unboost|p1a: Ceruledge|def|1\n|-boost|p1a: Ceruledge|spe|2\n|move|p1a: Ceruledge|Swords Dance|p1a: Ceruledge\n|-boost|p1a: Ceruledge|atk|2\n|\n|upkeep\n|turn|13\n|\n|t:|1776556695\n|move|p1a: Ceruledge|Shadow Sneak|p2a: Bruce\n|-damage|p2a: Bruce|0 fnt\n|faint|p2a: Bruce\n|\n|upkeep\n|\n|t:|1776556697\n|switch|p2a: Put a brick in|Rotom-Wash, L50|100/100\n|turn|14\n|\n|t:|1776556706\n|move|p1a: Ceruledge|Shadow Sneak|p2a: Put a brick in\n|-damage|p2a: Put a brick in|59/100\n|move|p2a: Put a brick in|Hydro Pump|p1a: Ceruledge|[miss]\n|-miss|p2a: Put a brick in|p1a: Ceruledge\n|\n|upkeep\n|turn|15\n|\n|t:|1776556713\n|move|p1a: Ceruledge|Shadow Sneak|p2a: Put a brick in\n|-damage|p2a: Put a brick in|14/100\n|move|p2a: Put a brick in|Hydro Pump|p1a: Ceruledge\n|-supereffective|p1a: Ceruledge|1\n|-damage|p1a: Ceruledge|0 fnt\n|faint|p1a: Ceruledge\n|\n|upkeep\n|\n|t:|1776556720\n|switch|p1a: Torterra|Torterra, L50, M, shiny|100/100\n|turn|16\n|\n|t:|1776556731\n|move|p2a: Put a brick in|Hydro Pump|p1a: Torterra\n|-damage|p1a: Torterra|42/100\n|move|p1a: Torterra|Shell Smash|p1a: Torterra\n|-unboost|p1a: Torterra|def|1\n|-unboost|p1a: Torterra|spd|1\n|-boost|p1a: Torterra|atk|2\n|-boost|p1a: Torterra|spa|2\n|-boost|p1a: Torterra|spe|2\n|-enditem|p1a: Torterra|White Herb\n|-clearnegativeboost|p1a: Torterra|[silent]\n|\n|upkeep\n|turn|17\n|\n|t:|1776556741\n|move|p1a: Torterra|Wood Hammer|p2a: Put a brick in\n|-supereffective|p2a: Put a brick in|1\n|-damage|p2a: Put a brick in|0 fnt\n|faint|p2a: Put a brick in\n|-damage|p1a: Torterra|38/100|[from] Recoil\n|\n|upkeep\n|\n|t:|1776556744\n|switch|p2a: I ran out of ideas|Salazzle, L50, F|100/100\n|turn|18\n|\n|t:|1776556751\n|move|p1a: Torterra|Headlong Rush|p2a: I ran out of ideas\n|-supereffective|p2a: I ran out of ideas|2\n|-damage|p2a: I ran out of ideas|0 fnt\n|-unboost|p1a: Torterra|def|1\n|-unboost|p1a: Torterra|spd|1\n|faint|p2a: I ran out of ideas\n|\n|win|hijanu\n|raw|hijanu's rating: 1077 &rarr; <strong>1114</strong><br />(+37 for winning)\n|raw|MiraidonGaming's rating: 1187 &rarr; <strong>1154</strong><br />(-33 for losing)\n|l|\u2606MiraidonGaming\n|player|p2|\n",
  "uploadtime": 1776556760,
  "views": 1,
  "formatid": "gen9championsbssregma",
  "rating": 1114,
  "private": 0,
  "password": null
}