{
  "id": "gen9championsbssregma-2586623139",
  "format": "[Gen 9 Champions] BSS Reg M-A",
  "players": [
    "Glimpus",
    "Lord Queefus"
  ],
  "log": "|j|\u2606Glimpus\n|j|\u2606Lord Queefus\n|t:|1776447574\n|gametype|singles\n|player|p1|Glimpus|bellepa|1081\n|player|p2|Lord Queefus|swimmer-gen4dp|1130\n|gen|9\n|tier|[Gen 9 Champions] BSS Reg M-A\n|rated|\n|rule|Species Clause: Limit one of each Pok\u00e9mon\n|rule|Item Clause: Limit 1 of each item\n|clearpoke\n|poke|p1|Lopunny, L50, M|\n|poke|p1|Kleavor, L50, M|\n|poke|p1|Hydreigon, L50, M|\n|poke|p1|Zoroark-Hisui, L50, M|\n|poke|p1|Gyarados, L50, F|\n|poke|p1|Tinkaton, L50, F|\n|poke|p2|Meowscarada, L50, M|\n|poke|p2|Greninja-*, L50, F|\n|poke|p2|Lycanroc-Dusk, L50, F|\n|poke|p2|Clefable, L50, F|\n|poke|p2|Corviknight, L50, M|\n|poke|p2|Sneasler, L50, M|\n|teampreview|3\n|\n|t:|1776447618\n|teamsize|p1|3\n|teamsize|p2|3\n|start\n|switch|p1a: Lopunny|Lopunny, L50, M|100/100\n|switch|p2a: Lycancock|Lycanroc-Dusk, L50, F|100/100\n|turn|1\n|\n|t:|1776447628\n|detailschange|p1a: Lopunny|Lopunny-Mega, L50, M\n|-mega|p1a: Lopunny|Lopunny|Lopunnite\n|move|p1a: Lopunny|Fake Out|p2a: Lycancock\n|-resisted|p2a: Lycancock|1\n|-damage|p2a: Lycancock|84/100\n|cant|p2a: Lycancock|flinch\n|\n|upkeep\n|turn|2\n|\n|t:|1776447638\n|switch|p1a: Gyarados|Gyarados, L50, F|100/100\n|-ability|p1a: Gyarados|Intimidate|boost\n|-unboost|p2a: Lycancock|atk|1\n|move|p2a: Lycancock|Stealth Rock|p1a: Gyarados\n|-sidestart|p1: Glimpus|move: Stealth Rock\n|\n|upkeep\n|turn|3\n|\n|t:|1776447648\n|move|p2a: Lycancock|Taunt|p1a: Gyarados\n|-start|p1a: Gyarados|move: Taunt\n|cant|p1a: Gyarados|move: Taunt|Thunder Wave\n|\n|upkeep\n|turn|4\n|\n|t:|1776447658\n|move|p2a: Lycancock|Accelerock|p1a: Gyarados\n|-supereffective|p1a: Gyarados|1\n|-damage|p1a: Gyarados|62/100\n|move|p1a: Gyarados|Waterfall|p2a: Lycancock\n|-supereffective|p2a: Lycancock|1\n|-damage|p2a: Lycancock|0 fnt\n|faint|p2a: Lycancock\n|\n|upkeep\n|\n|t:|1776447676\n|switch|p2a: Greninja|Greninja, L50, F, shiny|100/100\n|turn|5\n|\n|t:|1776447688\n|switch|p1a: Hydreigon|Hydreigon, L50, M|100/100\n|-damage|p1a: Hydreigon|88/100|[from] Stealth Rock\n|detailschange|p2a: Greninja|Greninja-Mega, L50, F, shiny\n|-mega|p2a: Greninja|Greninja|Greninjite\n|move|p2a: Greninja|Ice Beam|p1a: Hydreigon\n|-start|p2a: Greninja|typechange|Ice|[from] ability: Protean\n|-supereffective|p1a: Hydreigon|1\n|-damage|p1a: Hydreigon|0 fnt\n|faint|p1a: Hydreigon\n|\n|upkeep\n|\n|t:|1776447700\n|switch|p1a: Lopunny|Lopunny-Mega, L50, M|100/100\n|-damage|p1a: Lopunny|95/100|[from] Stealth Rock\n|turn|6\n|\n|t:|1776447708\n|switch|p2a: Meowscarada|Meowscarada, L50, M|100/100\n|move|p1a: Lopunny|Fake Out|p2a: Meowscarada\n|-damage|p2a: Meowscarada|67/100\n|\n|upkeep\n|turn|7\n|\n|t:|1776447716\n|move|p2a: Meowscarada|Play Rough|p1a: Lopunny\n|-start|p2a: Meowscarada|typechange|Fairy|[from] ability: Protean\n|-supereffective|p1a: Lopunny|1\n|-damage|p1a: Lopunny|0 fnt\n|faint|p1a: Lopunny\n|\n|upkeep\n|\n|t:|1776447723\n|switch|p1a: Gyarados|Gyarados, L50, F|62/100\n|-damage|p1a: Gyarados|37/100|[from] Stealth Rock\n|-ability|p1a: Gyarados|Intimidate|boost\n|-unboost|p2a: Meowscarada|atk|1\n|-enditem|p1a: Gyarados|Sitrus Berry|[eat]\n|-heal|p1a: Gyarados|62/100|[from] item: Sitrus Berry\n|turn|8\n|inactive|Battle timer is ON: inactive players will automatically lose when time's up. (requested by Lord Queefus)\n|\n|t:|1776447740\n|move|p2a: Meowscarada|Play Rough|p1a: Gyarados\n|-damage|p1a: Gyarados|30/100\n|move|p1a: Gyarados|Waterfall|p2a: Meowscarada\n|-damage|p2a: Meowscarada|0 fnt\n|faint|p2a: Meowscarada\n|\n|upkeep\n|\n|t:|1776447749\n|switch|p2a: Greninja|Greninja-Mega, L50, F, shiny|100/100\n|turn|9\n|\n|t:|1776447760\n|move|p2a: Greninja|Dark Pulse|p1a: Gyarados\n|-start|p2a: Greninja|typechange|Dark|[from] ability: Protean\n|-damage|p1a: Gyarados|0 fnt\n|faint|p1a: Gyarados\n|\n|win|Lord Queefus\n|raw|Glimpus's rating: 1081 &rarr; <strong>1062</strong><br />(-19 for losing)\n|raw|Lord Queefus's rating: 1130 &rarr; <strong>1151</strong><br />(+21 for winning)\n|l|\u2606Glimpus\n|player|p1|\n",
  "uploadtime": 1776447782,
  "views": 5,
  "formatid": "gen9championsbssregma",
  "rating": 1062,
  "private": 0,
  "password": null
}