{
  "id": "gen9championsbssregma-2588091695",
  "format": "[Gen 9 Champions] BSS Reg M-A",
  "players": [
    "oimuchim",
    "qweralt"
  ],
  "log": "|j|\u2606oimuchim\n|j|\u2606qweralt\n|t:|1776603303\n|gametype|singles\n|player|p1|oimuchim|102|1147\n|player|p2|qweralt|boarder|1193\n|gen|9\n|tier|[Gen 9 Champions] BSS Reg M-A\n|rated|\n|rule|Species Clause: Limit one of each Pok\u00e9mon\n|rule|Item Clause: Limit 1 of each item\n|clearpoke\n|poke|p1|Garchomp, L50, M|\n|poke|p1|Sylveon, L50, F|\n|poke|p1|Blastoise, L50, F|\n|poke|p1|Banette, L50, F, shiny|\n|poke|p1|Glimmora, L50, M|\n|poke|p1|Kingambit, L50, F|\n|poke|p2|Delphox, L50, M|\n|poke|p2|Hatterene, L50, F|\n|poke|p2|Weavile, L50, M|\n|poke|p2|Volcarona, L50, F|\n|poke|p2|Garchomp, L50, F|\n|poke|p2|Rotom-Wash, L50|\n|teampreview|3\n|\n|t:|1776603344\n|teamsize|p1|3\n|teamsize|p2|3\n|start\n|switch|p1a: Glimmora|Glimmora, L50, M|100/100\n|switch|p2a: Delphox|Delphox, L50, M|100/100\n|turn|1\n|\n|t:|1776603357\n|detailschange|p2a: Delphox|Delphox-Mega, L50, M\n|-mega|p2a: Delphox|Delphox|Delphoxite\n|move|p2a: Delphox|Psychic|p1a: Glimmora\n|-supereffective|p1a: Glimmora|1\n|-enditem|p1a: Glimmora|Focus Sash\n|-damage|p1a: Glimmora|1/100\n|move|p1a: Glimmora|Stealth Rock|p2a: Delphox\n|-sidestart|p2: qweralt|move: Stealth Rock\n|\n|upkeep\n|turn|2\n|\n|t:|1776603372\n|move|p2a: Delphox|Encore|p1a: Glimmora\n|-start|p1a: Glimmora|Encore\n|move|p1a: Glimmora|Stealth Rock||[still]\n|-fail|p1a: Glimmora\n|\n|upkeep\n|turn|3\n|\n|t:|1776603378\n|move|p2a: Delphox|Nasty Plot|p2a: Delphox\n|-boost|p2a: Delphox|spa|2\n|move|p1a: Glimmora|Stealth Rock||[still]\n|-fail|p1a: Glimmora\n|\n|upkeep\n|turn|4\n|\n|t:|1776603385\n|move|p2a: Delphox|Psychic|p1a: Glimmora\n|-supereffective|p1a: Glimmora|1\n|-damage|p1a: Glimmora|0 fnt\n|faint|p1a: Glimmora\n|\n|upkeep\n|\n|t:|1776603392\n|switch|p1a: Sylveon|Sylveon, L50, F|100/100\n|turn|5\n|\n|t:|1776603398\n|move|p2a: Delphox|Psychic|p1a: Sylveon\n|-damage|p1a: Sylveon|30/100\n|move|p1a: Sylveon|Yawn|p2a: Delphox\n|-start|p2a: Delphox|move: Yawn|[of] p1a: Sylveon\n|\n|-heal|p1a: Sylveon|36/100|[from] item: Leftovers\n|upkeep\n|turn|6\n|\n|t:|1776603407\n|move|p2a: Delphox|Psychic|p1a: Sylveon\n|-damage|p1a: Sylveon|0 fnt\n|faint|p1a: Sylveon\n|\n|-end|p2a: Delphox|move: Yawn|[silent]\n|-status|p2a: Delphox|slp\n|upkeep\n|\n|t:|1776603414\n|switch|p1a: Banette|Banette, L50, F, shiny|100/100\n|-item|p2a: Delphox|Delphoxite|[from] ability: Frisk|[of] p1a: Banette\n|turn|7\n|\n|t:|1776603425\n|cant|p2a: Delphox|slp\n|move|p1a: Banette|Swords Dance|p1a: Banette\n|-boost|p1a: Banette|atk|2\n|\n|upkeep\n|turn|8\n|\n|t:|1776603436\n|detailschange|p1a: Banette|Banette-Mega, L50, F, shiny\n|-mega|p1a: Banette|Banette|Banettite\n|cant|p2a: Delphox|slp\n|move|p1a: Banette|Poltergeist|p2a: Delphox\n|-activate|p2a: Delphox|move: Poltergeist|Delphoxite\n|-supereffective|p2a: Delphox|1\n|-damage|p2a: Delphox|0 fnt\n|faint|p2a: Delphox\n|\n|upkeep\n|\n|t:|1776603458\n|switch|p2a: Weavile|Weavile, L50, M|100/100\n|-damage|p2a: Weavile|76/100|[from] Stealth Rock\n|-ability|p2a: Weavile|Pressure\n|turn|9\n|\n|t:|1776603463\n|move|p2a: Weavile|Knock Off|p1a: Banette\n|-supereffective|p1a: Banette|1\n|-damage|p1a: Banette|29/100\n|move|p1a: Banette|Trailblaze|p2a: Weavile\n|-damage|p2a: Weavile|3/100\n|-boost|p1a: Banette|spe|1\n|\n|upkeep\n|turn|10\n|\n|t:|1776603472\n|move|p2a: Weavile|Knock Off|p1a: Banette\n|-supereffective|p1a: Banette|1\n|-damage|p1a: Banette|0 fnt\n|faint|p1a: Banette\n|\n|win|qweralt\n|raw|oimuchim's rating: 1147 &rarr; <strong>1125</strong><br />(-22 for losing)\n|raw|qweralt's rating: 1193 &rarr; <strong>1215</strong><br />(+22 for winning)\n|l|\u2606oimuchim\n|player|p1|\n",
  "uploadtime": 1776603480,
  "views": 1,
  "formatid": "gen9championsbssregma",
  "rating": 1125,
  "private": 0,
  "password": null
}