{
  "id": "gen9championsbssregma-2585603838",
  "format": "[Gen 9 Champions] BSS Reg M-A",
  "players": [
    "BBBKTY",
    "jds666"
  ],
  "log": "|j|\u2606BBBKTY\n|j|\u2606jds666\n|t:|1776358317\n|gametype|singles\n|player|p1|BBBKTY|265|1132\n|player|p2|jds666|265|1024\n|gen|9\n|tier|[Gen 9 Champions] BSS Reg M-A\n|rated|\n|rule|Species Clause: Limit one of each Pok\u00e9mon\n|rule|Item Clause: Limit 1 of each item\n|clearpoke\n|poke|p1|Dragapult, L50, M|\n|poke|p1|Alakazam, L50, F|\n|poke|p1|Azumarill, L50, F|\n|poke|p1|Clefable, L50, F|\n|poke|p1|Espathra, L50, F|\n|poke|p1|Glimmora, L50, F|\n|poke|p2|Floette-Eternal, L50, F|\n|poke|p2|Starmie, L50|\n|poke|p2|Aegislash, L50, M|\n|poke|p2|Hippowdon, L50, F|\n|poke|p2|Hydreigon, L50, M|\n|poke|p2|Rotom-Wash, L50|\n|teampreview|3\n|inactive|Battle timer is ON: inactive players will automatically lose when time's up. (requested by BBBKTY)\n|\n|t:|1776358341\n|teamsize|p1|3\n|teamsize|p2|3\n|start\n|switch|p1a: Glimmora|Glimmora, L50, F|100/100\n|switch|p2a: Floette|Floette-Eternal, L50, F|100/100\n|turn|1\n|\n|t:|1776358352\n|switch|p2a: Aegislash|Aegislash, L50, M|100/100\n|move|p1a: Glimmora|Mortal Spin|p2a: Aegislash\n|-immune|p2a: Aegislash\n|\n|upkeep\n|turn|2\n|\n|t:|1776358364\n|move|p1a: Glimmora|Earth Power|p2a: Aegislash\n|-supereffective|p2a: Aegislash|1\n|-damage|p2a: Aegislash|56/100\n|-unboost|p2a: Aegislash|spd|1\n|-formechange|p2a: Aegislash|Aegislash-Blade|\n|move|p2a: Aegislash|Poltergeist|p1a: Glimmora\n|-activate|p1a: Glimmora|move: Poltergeist|Focus Sash\n|-damage|p1a: Glimmora|29/100\n|-activate|p1a: Glimmora|ability: Toxic Debris\n|-sidestart|p2: jds666|move: Toxic Spikes\n|\n|upkeep\n|turn|3\n|\n|t:|1776358374\n|move|p2a: Aegislash|Shadow Sneak|p1a: Glimmora\n|-damage|p1a: Glimmora|1/100\n|-activate|p1a: Glimmora|ability: Toxic Debris\n|-sidestart|p2: jds666|move: Toxic Spikes\n|move|p1a: Glimmora|Earth Power|p2a: Aegislash\n|-supereffective|p2a: Aegislash|1\n|-damage|p2a: Aegislash|0 fnt\n|faint|p2a: Aegislash\n|\n|upkeep\n|\n|t:|1776358381\n|switch|p2a: Rotom|Rotom-Wash, L50|100/100\n|turn|4\n|\n|t:|1776358384\n|move|p2a: Rotom|Volt Switch|p1a: Glimmora\n|-damage|p1a: Glimmora|0 fnt\n|faint|p1a: Glimmora\n|\n|t:|1776358386\n|switch|p2a: Floette|Floette-Eternal, L50, F|100/100|[from] Volt Switch\n|-status|p2a: Floette|tox\n|\n|-damage|p2a: Floette|94/100 tox|[from] psn\n|upkeep\n|\n|t:|1776358391\n|switch|p1a: Espathra|Espathra, L50, F, shiny|100/100\n|turn|5\n|\n|t:|1776358397\n|detailschange|p2a: Floette|Floette-Mega, L50, F\n|-mega|p2a: Floette|Floette|Floettite\n|-ability|p2a: Floette|Fairy Aura\n|move|p1a: Espathra|Protect|p1a: Espathra\n|-singleturn|p1a: Espathra|Protect\n|move|p2a: Floette|Calm Mind|p2a: Floette\n|-boost|p2a: Floette|spa|1\n|-boost|p2a: Floette|spd|1\n|\n|-damage|p2a: Floette|82/100 tox|[from] psn\n|-ability|p1a: Espathra|Speed Boost|boost\n|-boost|p1a: Espathra|spe|1\n|upkeep\n|turn|6\n|\n|t:|1776358409\n|move|p1a: Espathra|Calm Mind|p1a: Espathra\n|-boost|p1a: Espathra|spa|1\n|-boost|p1a: Espathra|spd|1\n|move|p2a: Floette|Moonblast|p1a: Espathra\n|-damage|p1a: Espathra|23/100\n|-enditem|p1a: Espathra|Sitrus Berry|[eat]\n|-heal|p1a: Espathra|48/100|[from] item: Sitrus Berry\n|\n|-damage|p2a: Floette|64/100 tox|[from] psn\n|-ability|p1a: Espathra|Speed Boost|boost\n|-boost|p1a: Espathra|spe|1\n|upkeep\n|turn|7\n|\n|t:|1776358414\n|move|p1a: Espathra|Lumina Crash|p2a: Floette\n|-damage|p2a: Floette|42/100 tox\n|-unboost|p2a: Floette|spd|2\n|move|p2a: Floette|Moonblast|p1a: Espathra\n|-damage|p1a: Espathra|0 fnt\n|faint|p1a: Espathra\n|\n|-damage|p2a: Floette|18/100 tox|[from] psn\n|upkeep\n|\n|t:|1776358420\n|switch|p1a: Clefable|Clefable, L50, F, shiny|100/100\n|turn|8\n|\n|t:|1776358426\n|switch|p2a: Rotom|Rotom-Wash, L50|100/100\n|detailschange|p1a: Clefable|Clefable-Mega, L50, F, shiny\n|-mega|p1a: Clefable|Clefable|Clefablite\n|move|p1a: Clefable|Cosmic Power|p1a: Clefable\n|-boost|p1a: Clefable|def|1\n|-boost|p1a: Clefable|spd|1\n|\n|upkeep\n|turn|9\n|\n|t:|1776358433\n|move|p2a: Rotom|Will-O-Wisp|p1a: Clefable\n|move|p1a: Clefable|Will-O-Wisp|p2a: Rotom|[from] ability: Magic Bounce\n|-status|p2a: Rotom|brn\n|move|p1a: Clefable|Cosmic Power|p1a: Clefable\n|-boost|p1a: Clefable|def|1\n|-boost|p1a: Clefable|spd|1\n|\n|-damage|p2a: Rotom|95/100 brn|[from] brn\n|upkeep\n|turn|10\n|\n|t:|1776358445\n|move|p2a: Rotom|Thunderbolt|p1a: Clefable\n|-supereffective|p1a: Clefable|1\n|-damage|p1a: Clefable|76/100\n|move|p1a: Clefable|Cosmic Power|p1a: Clefable\n|-boost|p1a: Clefable|def|1\n|-boost|p1a: Clefable|spd|1\n|\n|-heal|p2a: Rotom|100/100 brn|[from] item: Leftovers\n|-damage|p2a: Rotom|95/100 brn|[from] brn\n|upkeep\n|turn|11\n|inactive|BBBKTY has 30 seconds left.\n|\n|t:|1776358478\n|move|p2a: Rotom|Thunderbolt|p1a: Clefable\n|-supereffective|p1a: Clefable|1\n|-damage|p1a: Clefable|54/100\n|move|p1a: Clefable|Stored Power|p2a: Rotom\n|-damage|p2a: Rotom|60/100 brn\n|\n|-heal|p2a: Rotom|66/100 brn|[from] item: Leftovers\n|-damage|p2a: Rotom|60/100 brn|[from] brn\n|upkeep\n|turn|12\n|\n|t:|1776358483\n|move|p2a: Rotom|Thunderbolt|p1a: Clefable\n|-supereffective|p1a: Clefable|1\n|-damage|p1a: Clefable|32/100\n|move|p1a: Clefable|Cosmic Power|p1a: Clefable\n|-boost|p1a: Clefable|def|1\n|-boost|p1a: Clefable|spd|1\n|\n|-heal|p2a: Rotom|66/100 brn|[from] item: Leftovers\n|-damage|p2a: Rotom|60/100 brn|[from] brn\n|upkeep\n|turn|13\n|\n|t:|1776358488\n|move|p2a: Rotom|Thunderbolt|p1a: Clefable\n|-supereffective|p1a: Clefable|1\n|-damage|p1a: Clefable|14/100\n|move|p1a: Clefable|Moonlight|p1a: Clefable\n|-heal|p1a: Clefable|64/100\n|\n|-heal|p2a: Rotom|66/100 brn|[from] item: Leftovers\n|-damage|p2a: Rotom|60/100 brn|[from] brn\n|upkeep\n|turn|14\n|\n|t:|1776358498\n|move|p2a: Rotom|Thunderbolt|p1a: Clefable\n|-supereffective|p1a: Clefable|1\n|-damage|p1a: Clefable|46/100\n|move|p1a: Clefable|Moonlight|p1a: Clefable\n|-heal|p1a: Clefable|96/100\n|\n|-heal|p2a: Rotom|66/100 brn|[from] item: Leftovers\n|-damage|p2a: Rotom|60/100 brn|[from] brn\n|upkeep\n|turn|15\n|\n|t:|1776358506\n|move|p2a: Rotom|Thunderbolt|p1a: Clefable\n|-supereffective|p1a: Clefable|1\n|-damage|p1a: Clefable|77/100\n|move|p1a: Clefable|Cosmic Power|p1a: Clefable\n|-boost|p1a: Clefable|def|1\n|-boost|p1a: Clefable|spd|1\n|\n|-heal|p2a: Rotom|66/100 brn|[from] item: Leftovers\n|-damage|p2a: Rotom|60/100 brn|[from] brn\n|upkeep\n|turn|16\n|\n|t:|1776358510\n|move|p2a: Rotom|Volt Switch|p1a: Clefable\n|-supereffective|p1a: Clefable|1\n|-damage|p1a: Clefable|64/100\n|\n|t:|1776358511\n|switch|p2a: Floette|Floette-Mega, L50, F|18/100 tox|[from] Volt Switch\n|-ability|p2a: Floette|Fairy Aura\n|move|p1a: Clefable|Cosmic Power|p1a: Clefable\n|-boost|p1a: Clefable|def|1\n|-boost|p1a: Clefable|spd|1\n|\n|-damage|p2a: Floette|12/100 tox|[from] psn\n|upkeep\n|turn|17\n|\n|t:|1776358517\n|move|p2a: Floette|Synthesis|p2a: Floette\n|-heal|p2a: Floette|62/100 tox\n|move|p1a: Clefable|Moonlight|p1a: Clefable\n|-heal|p1a: Clefable|100/100\n|\n|-damage|p2a: Floette|50/100 tox|[from] psn\n|upkeep\n|turn|18\n|\n|t:|1776358525\n|move|p2a: Floette|Synthesis|p2a: Floette\n|-heal|p2a: Floette|99/100 tox\n|move|p1a: Clefable|Stored Power|p2a: Floette\n|-damage|p2a: Floette|45/100 tox\n|\n|-damage|p2a: Floette|27/100 tox|[from] psn\n|upkeep\n|turn|19\n|\n|t:|1776358529\n|move|p2a: Floette|Moonblast|p1a: Clefable\n|-damage|p1a: Clefable|86/100\n|move|p1a: Clefable|Stored Power|p2a: Floette\n|-damage|p2a: Floette|0 fnt\n|faint|p2a: Floette\n|\n|upkeep\n|\n|t:|1776358532\n|switch|p2a: Rotom|Rotom-Wash, L50|60/100 brn\n|turn|20\n|\n|t:|1776358536\n|move|p2a: Rotom|Thunderbolt|p1a: Clefable\n|-supereffective|p1a: Clefable|1\n|-damage|p1a: Clefable|73/100\n|move|p1a: Clefable|Stored Power|p2a: Rotom\n|-damage|p2a: Rotom|0 fnt\n|faint|p2a: Rotom\n|\n|win|BBBKTY\n|raw|BBBKTY's rating: 1132 &rarr; <strong>1149</strong><br />(+17 for winning)\n|raw|jds666's rating: 1024 &rarr; <strong>1014</strong><br />(-10 for losing)\n|l|\u2606jds666\n|player|p2|\n",
  "uploadtime": 1776358540,
  "views": 4,
  "formatid": "gen9championsbssregma",
  "rating": 1014,
  "private": 0,
  "password": null
}