{
  "id": "gen9championsbssregma-2588821490",
  "format": "[Gen 9 Champions] BSS Reg M-A",
  "players": [
    "Bbbkty",
    "Dh718"
  ],
  "log": "|j|\u2606Bbbkty\n|j|\u2606Dh718\n|t:|1776675001\n|gametype|singles\n|player|p1|Bbbkty|1|1111\n|player|p2|Dh718|170|1259\n|gen|9\n|tier|[Gen 9 Champions] BSS Reg M-A\n|rated|\n|rule|Species Clause: Limit one of each Pok\u00e9mon\n|rule|Item Clause: Limit 1 of each item\n|clearpoke\n|poke|p1|Clefable, L50, F|\n|poke|p1|Charizard, L50, F|\n|poke|p1|Mimikyu, L50, M|\n|poke|p1|Kingambit, L50, F|\n|poke|p1|Espathra, L50, M|\n|poke|p1|Glimmora, L50, M|\n|poke|p2|Zoroark-Hisui, L50, F|\n|poke|p2|Mimikyu, L50, M|\n|poke|p2|Garchomp, L50, M|\n|poke|p2|Delphox, L50, F|\n|poke|p2|Corviknight, L50, M|\n|poke|p2|Meganium, L50, F|\n|teampreview|3\n|inactive|Battle timer is ON: inactive players will automatically lose when time's up. (requested by Bbbkty)\n|\n|t:|1776675027\n|teamsize|p1|3\n|teamsize|p2|3\n|start\n|switch|p1a: Glimmora|Glimmora, L50, M|100/100\n|switch|p2a: Delphox|Delphox, L50, F|100/100\n|turn|1\n|\n|t:|1776675037\n|move|p2a: Delphox|Shadow Ball|p1a: Glimmora\n|-damage|p1a: Glimmora|47/100\n|-unboost|p1a: Glimmora|spd|1\n|move|p1a: Glimmora|Power Gem|p2a: Delphox\n|-damage|p2a: Delphox|12/100\n|replace|p2a: Zoroark|Zoroark-Hisui, L50, F\n|-end|p2a: Zoroark|Illusion\n|\n|upkeep\n|turn|2\n|\n|t:|1776675044\n|move|p2a: Zoroark|Shadow Ball|p1a: Glimmora\n|-damage|p1a: Glimmora|0 fnt\n|faint|p1a: Glimmora\n|\n|upkeep\n|\n|t:|1776675051\n|switch|p1a: Espathra|Espathra, L50, M|100/100\n|turn|3\n|\n|t:|1776675058\n|move|p1a: Espathra|Protect|p1a: Espathra\n|-singleturn|p1a: Espathra|Protect\n|move|p2a: Zoroark|Shadow Ball|p1a: Espathra\n|-activate|p1a: Espathra|move: Protect\n|\n|-ability|p1a: Espathra|Speed Boost|boost\n|-boost|p1a: Espathra|spe|1\n|upkeep\n|turn|4\n|\n|t:|1776675070\n|move|p1a: Espathra|Lumina Crash|p2a: Zoroark\n|-damage|p2a: Zoroark|0 fnt\n|faint|p2a: Zoroark\n|\n|-ability|p1a: Espathra|Speed Boost|boost\n|-boost|p1a: Espathra|spe|1\n|upkeep\n|\n|t:|1776675073\n|switch|p2a: Mimikyu|Mimikyu, L50, M|100/100\n|turn|5\n|\n|t:|1776675082\n|move|p1a: Espathra|Baton Pass|p1a: Espathra\n|\n|t:|1776675086\n|switch|p1a: Clefable|Clefable, L50, F|100/100|[from] Baton Pass\n|move|p2a: Mimikyu|Shadow Claw|p1a: Clefable\n|-crit|p1a: Clefable\n|-damage|p1a: Clefable|62/100\n|\n|upkeep\n|turn|6\n|\n|t:|1776675096\n|detailschange|p1a: Clefable|Clefable-Mega, L50, F\n|-mega|p1a: Clefable|Clefable|Clefablite\n|move|p1a: Clefable|Moonlight|p1a: Clefable\n|-heal|p1a: Clefable|100/100\n|move|p2a: Mimikyu|Curse|p1a: Clefable\n|-start|p1a: Clefable|Curse|[of] p2a: Mimikyu\n|-damage|p2a: Mimikyu|50/100\n|-enditem|p2a: Mimikyu|Sitrus Berry|[eat]\n|-heal|p2a: Mimikyu|75/100|[from] item: Sitrus Berry\n|\n|-damage|p1a: Clefable|76/100|[from] Curse\n|upkeep\n|turn|7\n|\n|t:|1776675103\n|switch|p2a: Delphox|Delphox, L50, F|100/100\n|move|p1a: Clefable|Stored Power|p2a: Delphox\n|-resisted|p2a: Delphox|1\n|-damage|p2a: Delphox|91/100\n|\n|-damage|p1a: Clefable|51/100|[from] Curse\n|upkeep\n|turn|8\n|l|\u2606Bbbkty\n|inactive|Bbbkty disconnected and has a minute to reconnect!\n|player|p1|\n|j|\u2606Bbbkty\n|inactive|Bbbkty reconnected and has 35 seconds left.\n|player|p1|Bbbkty|1|\n|inactive|Bbbkty has 30 seconds left.\n|\n|t:|1776675133\n|detailschange|p2a: Delphox|Delphox-Mega, L50, F\n|-mega|p2a: Delphox|Delphox|Delphoxite\n|move|p2a: Delphox|Encore|p1a: Clefable\n|move|p1a: Clefable|Encore||[from] ability: Magic Bounce|[still]\n|-fail|p1a: Clefable\n|move|p1a: Clefable|Cosmic Power|p1a: Clefable\n|-boost|p1a: Clefable|def|1\n|-boost|p1a: Clefable|spd|1\n|\n|-damage|p1a: Clefable|26/100|[from] Curse\n|upkeep\n|turn|9\n|\n|t:|1776675142\n|move|p2a: Delphox|Psyshock|p1a: Clefable\n|-damage|p1a: Clefable|3/100\n|move|p1a: Clefable|Moonlight|p1a: Clefable\n|-heal|p1a: Clefable|53/100\n|\n|-damage|p1a: Clefable|29/100|[from] Curse\n|upkeep\n|turn|10\n|\n|t:|1776675153\n|move|p2a: Delphox|Fire Blast|p1a: Clefable\n|-damage|p1a: Clefable|0 fnt\n|faint|p1a: Clefable\n|\n|upkeep\n|\n|t:|1776675158\n|switch|p1a: Espathra|Espathra, L50, M|100/100\n|turn|11\n|\n|t:|1776675160\n|move|p1a: Espathra|Protect|p1a: Espathra\n|-singleturn|p1a: Espathra|Protect\n|move|p2a: Delphox|Fire Blast|p1a: Espathra\n|-activate|p1a: Espathra|move: Protect\n|\n|-ability|p1a: Espathra|Speed Boost|boost\n|-boost|p1a: Espathra|spe|1\n|upkeep\n|turn|12\n|\n|t:|1776675165\n|move|p1a: Espathra|Calm Mind|p1a: Espathra\n|-boost|p1a: Espathra|spa|1\n|-boost|p1a: Espathra|spd|1\n|move|p2a: Delphox|Fire Blast|p1a: Espathra\n|-damage|p1a: Espathra|46/100\n|-enditem|p1a: Espathra|Sitrus Berry|[eat]\n|-heal|p1a: Espathra|71/100|[from] item: Sitrus Berry\n|\n|-ability|p1a: Espathra|Speed Boost|boost\n|-boost|p1a: Espathra|spe|1\n|upkeep\n|turn|13\n|\n|t:|1776675179\n|move|p1a: Espathra|Calm Mind|p1a: Espathra\n|-boost|p1a: Espathra|spa|1\n|-boost|p1a: Espathra|spd|1\n|move|p2a: Delphox|Psyshock|p1a: Espathra\n|-resisted|p1a: Espathra|1\n|-damage|p1a: Espathra|37/100\n|\n|-ability|p1a: Espathra|Speed Boost|boost\n|-boost|p1a: Espathra|spe|1\n|upkeep\n|turn|14\n|\n|t:|1776675184\n|move|p1a: Espathra|Lumina Crash|p2a: Delphox\n|-resisted|p2a: Delphox|1\n|-damage|p2a: Delphox|65/100\n|-unboost|p2a: Delphox|spd|2\n|move|p2a: Delphox|Psyshock|p1a: Espathra\n|-resisted|p1a: Espathra|1\n|-damage|p1a: Espathra|5/100\n|\n|-ability|p1a: Espathra|Speed Boost|boost\n|-boost|p1a: Espathra|spe|1\n|upkeep\n|turn|15\n|\n|t:|1776675194\n|move|p1a: Espathra|Lumina Crash|p2a: Delphox\n|-resisted|p2a: Delphox|1\n|-damage|p2a: Delphox|8/100\n|-unboost|p2a: Delphox|spd|2\n|move|p2a: Delphox|Psyshock|p1a: Espathra\n|-resisted|p1a: Espathra|1\n|-damage|p1a: Espathra|0 fnt\n|faint|p1a: Espathra\n|\n|win|Dh718\n|raw|Bbbkty's rating: 1111 &rarr; <strong>1096</strong><br />(-15 for losing)\n|raw|Dh718's rating: 1259 &rarr; <strong>1274</strong><br />(+15 for winning)\n",
  "uploadtime": 1776675200,
  "views": 0,
  "formatid": "gen9championsbssregma",
  "rating": 1096,
  "private": 0,
  "password": null
}