{
  "id": "gen9championsbssregma-2585277499",
  "format": "[Gen 9 Champions] BSS Reg M-A",
  "players": [
    "rulou",
    "tpgustpgus"
  ],
  "log": "|j|\u2606rulou\n|j|\u2606tpgustpgus\n|t:|1776332970\n|gametype|singles\n|player|p1|rulou|backpacker|1179\n|player|p2|tpgustpgus|rosa|1206\n|gen|9\n|tier|[Gen 9 Champions] BSS Reg M-A\n|rated|\n|rule|Species Clause: Limit one of each Pok\u00e9mon\n|rule|Item Clause: Limit 1 of each item\n|clearpoke\n|poke|p1|Delphox, L50, M|\n|poke|p1|Scizor, L50, F|\n|poke|p1|Glimmora, L50, F|\n|poke|p1|Dragapult, L50, F|\n|poke|p1|Umbreon, L50, F|\n|poke|p1|Meowscarada, L50, F|\n|poke|p2|Scizor, L50, F|\n|poke|p2|Gyarados, L50, F|\n|poke|p2|Garchomp, L50, F|\n|poke|p2|Rotom-Heat, L50|\n|poke|p2|Hydreigon, L50, F|\n|poke|p2|Corviknight, L50, F|\n|teampreview|3\n|c|\u2606rulou|hf\n|inactive|Battle timer is ON: inactive players will automatically lose when time's up. (requested by rulou)\n|inactive|rulou has 60 seconds left.\n|\n|t:|1776333014\n|teamsize|p1|3\n|teamsize|p2|3\n|start\n|switch|p1a: Glimmora|Glimmora, L50, F|100/100\n|switch|p2a: Rotom|Rotom-Heat, L50, shiny|100/100\n|turn|1\n|\n|t:|1776333022\n|move|p2a: Rotom|Volt Switch|p1a: Glimmora\n|-damage|p1a: Glimmora|57/100\n|\n|t:|1776333028\n|switch|p2a: Gyarados|Gyarados, L50, F, shiny|100/100|[from] Volt Switch\n|-ability|p2a: Gyarados|Intimidate|boost\n|-unboost|p1a: Glimmora|atk|1\n|move|p1a: Glimmora|Stealth Rock|p2a: Gyarados\n|-sidestart|p2: tpgustpgus|move: Stealth Rock\n|\n|upkeep\n|turn|2\n|\n|t:|1776333035\n|detailschange|p2a: Gyarados|Gyarados-Mega, L50, F, shiny\n|-mega|p2a: Gyarados|Gyarados|Gyaradosite\n|-ability|p2a: Gyarados|Mold Breaker\n|move|p1a: Glimmora|Power Gem|p2a: Gyarados\n|-crit|p2a: Gyarados\n|-damage|p2a: Gyarados|50/100\n|move|p2a: Gyarados|Dragon Dance|p2a: Gyarados\n|-boost|p2a: Gyarados|atk|1\n|-boost|p2a: Gyarados|spe|1\n|\n|upkeep\n|turn|3\n|\n|t:|1776333045\n|move|p2a: Gyarados|Waterfall|p1a: Glimmora\n|-supereffective|p1a: Glimmora|1\n|-damage|p1a: Glimmora|0 fnt\n|-activate|p1a: Glimmora|ability: Toxic Debris\n|-sidestart|p2: tpgustpgus|move: Toxic Spikes\n|faint|p1a: Glimmora\n|\n|upkeep\n|\n|t:|1776333049\n|switch|p1a: Meowscarada|Meowscarada, L50, F|100/100\n|turn|4\n|\n|t:|1776333056\n|switch|p2a: Corviknight|Corviknight, L50, F, shiny|100/100\n|-damage|p2a: Corviknight|88/100|[from] Stealth Rock\n|-ability|p2a: Corviknight|Pressure\n|move|p1a: Meowscarada|U-turn|p2a: Corviknight\n|-start|p1a: Meowscarada|typechange|Bug|[from] ability: Protean\n|-resisted|p2a: Corviknight|2\n|-damage|p2a: Corviknight|83/100\n|\n|t:|1776333059\n|switch|p1a: Delphox|Delphox, L50, M|100/100|[from] U-turn\n|\n|-heal|p2a: Corviknight|89/100|[from] item: Leftovers\n|upkeep\n|turn|5\n|\n|t:|1776333075\n|switch|p2a: Rotom|Rotom-Heat, L50, shiny|100/100\n|-damage|p2a: Rotom|76/100|[from] Stealth Rock\n|detailschange|p1a: Delphox|Delphox-Mega, L50, M\n|-mega|p1a: Delphox|Delphox|Delphoxite\n|move|p1a: Delphox|Calm Mind|p1a: Delphox\n|-boost|p1a: Delphox|spa|1\n|-boost|p1a: Delphox|spd|1\n|\n|upkeep\n|turn|6\n|\n|t:|1776333086\n|move|p2a: Rotom|Shadow Ball|p1a: Delphox\n|-supereffective|p1a: Delphox|1\n|-damage|p1a: Delphox|69/100\n|move|p1a: Delphox|Psychic|p2a: Rotom\n|-damage|p2a: Rotom|0 fnt\n|faint|p2a: Rotom\n|\n|upkeep\n|\n|t:|1776333092\n|switch|p2a: Gyarados|Gyarados-Mega, L50, F, shiny|50/100\n|-damage|p2a: Gyarados|37/100|[from] Stealth Rock\n|-status|p2a: Gyarados|psn\n|-ability|p2a: Gyarados|Mold Breaker\n|turn|7\n|\n|t:|1776333100\n|move|p1a: Delphox|Heat Wave|p2a: Gyarados\n|-resisted|p2a: Gyarados|1\n|-damage|p2a: Gyarados|3/100 psn\n|move|p2a: Gyarados|Waterfall|p1a: Delphox\n|-supereffective|p1a: Delphox|1\n|-damage|p1a: Delphox|0 fnt\n|faint|p1a: Delphox\n|\n|-damage|p2a: Gyarados|0 fnt|[from] psn\n|faint|p2a: Gyarados\n|upkeep\n|c|\u2606rulou|i was not expecting that to live\n|\n|t:|1776333121\n|switch|p1a: Meowscarada|Meowscarada, L50, F|100/100\n|switch|p2a: Corviknight|Corviknight, L50, F, shiny|89/100\n|-damage|p2a: Corviknight|77/100|[from] Stealth Rock\n|-ability|p2a: Corviknight|Pressure\n|turn|8\n|j| p74\n|\n|t:|1776333130\n|move|p1a: Meowscarada|Triple Axel|p2a: Corviknight\n|-start|p1a: Meowscarada|typechange|Ice|[from] ability: Protean\n|-damage|p2a: Corviknight|70/100\n|-damage|p2a: Corviknight|58/100\n|-damage|p2a: Corviknight|40/100\n|-hitcount|p2a: Corviknight|3\n|move|p2a: Corviknight|Iron Defense|p2a: Corviknight\n|-boost|p2a: Corviknight|def|2\n|\n|-heal|p2a: Corviknight|46/100|[from] item: Leftovers\n|upkeep\n|turn|9\n|\n|t:|1776333136\n|move|p1a: Meowscarada|Triple Axel|p2a: Corviknight\n|-damage|p2a: Corviknight|42/100\n|-hitcount|p2a: Corviknight|1\n|move|p2a: Corviknight|Roost|p2a: Corviknight\n|-heal|p2a: Corviknight|93/100\n|-singleturn|p2a: Corviknight|move: Roost\n|\n|-heal|p2a: Corviknight|99/100|[from] item: Leftovers\n|upkeep\n|turn|10\n|-message|rulou forfeited.\n|\n|win|tpgustpgus\n|raw|rulou's rating: 1179 &rarr; <strong>1156</strong><br />(-23 for losing)\n|raw|tpgustpgus's rating: 1206 &rarr; <strong>1229</strong><br />(+23 for winning)\n|l|\u2606rulou\n|player|p1|\n|l|\u2606tpgustpgus\n|player|p2|\n",
  "uploadtime": 1776333270,
  "views": 6,
  "formatid": "gen9championsbssregma",
  "rating": 1156,
  "private": 0,
  "password": null
}