{
  "id": "gen9championsbssregma-2581215007",
  "format": "[Gen 9 Champions] BSS Reg M-A",
  "players": [
    "KyungHeeUniversity",
    "CurrentM1rror"
  ],
  "log": "|j|\u2606KyungHeeUniversity\n|j|\u2606CurrentM1rror\n|t:|1775971753\n|gametype|singles\n|player|p1|KyungHeeUniversity|cynthia-gen4|1131\n|player|p2|CurrentM1rror|roughneck|1063\n|gen|9\n|tier|[Gen 9 Champions] BSS Reg M-A\n|rated|\n|rule|Species Clause: Limit one of each Pok\u00e9mon\n|rule|Item Clause: Limit 1 of each item\n|clearpoke\n|poke|p1|Garchomp, L50, M|\n|poke|p1|Torterra, L50, M|\n|poke|p1|Alakazam, L50, M|\n|poke|p1|Gyarados, L50, M|\n|poke|p1|Mimikyu, L50, M|\n|poke|p1|Salazzle, L50, F|\n|poke|p2|Garchomp, L50, M|\n|poke|p2|Volcarona, L50, F|\n|poke|p2|Corviknight, L50, F|\n|poke|p2|Lopunny, L50, M|\n|poke|p2|Mimikyu, L50, M|\n|poke|p2|Rotom-Wash, L50|\n|teampreview|3\n|\n|t:|1775971778\n|teamsize|p1|3\n|teamsize|p2|3\n|start\n|switch|p1a: \ud6c4\uc9c4|Alakazam, L50, M|100/100\n|switch|p2a: Lopunny|Lopunny, L50, M|100/100\n|turn|1\n|\n|t:|1775971783\n|detailschange|p2a: Lopunny|Lopunny-Mega, L50, M\n|-mega|p2a: Lopunny|Lopunny|Lopunnite\n|move|p2a: Lopunny|Fake Out|p1a: \ud6c4\uc9c4\n|-damage|p1a: \ud6c4\uc9c4|43/100\n|move|p1a: \ud6c4\uc9c4|Psychic|p2a: Lopunny\n|-supereffective|p2a: Lopunny|1\n|-damage|p2a: Lopunny|0 fnt\n|faint|p2a: Lopunny\n|\n|upkeep\n|\n|t:|1775971800\n|switch|p2a: Rotom|Rotom-Wash, L50|100/100\n|turn|2\n|\n|t:|1775971806\n|move|p1a: \ud6c4\uc9c4|Psychic|p2a: Rotom\n|-damage|p2a: Rotom|45/100\n|-unboost|p2a: Rotom|spd|1\n|move|p2a: Rotom|Hydro Pump|p1a: \ud6c4\uc9c4\n|-damage|p1a: \ud6c4\uc9c4|0 fnt\n|faint|p1a: \ud6c4\uc9c4\n|\n|upkeep\n|\n|t:|1775971831\n|switch|p1a: \ub3c4\uc2a4\ub9c8\uc2a4|Gyarados, L50, M|100/100\n|-ability|p1a: \ub3c4\uc2a4\ub9c8\uc2a4|Intimidate|boost\n|-unboost|p2a: Rotom|atk|1\n|turn|3\n|\n|t:|1775971840\n|detailschange|p1a: \ub3c4\uc2a4\ub9c8\uc2a4|Gyarados-Mega, L50, M\n|-mega|p1a: \ub3c4\uc2a4\ub9c8\uc2a4|Gyarados|Gyaradosite\n|-ability|p1a: \ub3c4\uc2a4\ub9c8\uc2a4|Mold Breaker\n|move|p1a: \ub3c4\uc2a4\ub9c8\uc2a4|Dragon Dance|p1a: \ub3c4\uc2a4\ub9c8\uc2a4\n|-boost|p1a: \ub3c4\uc2a4\ub9c8\uc2a4|atk|1\n|-boost|p1a: \ub3c4\uc2a4\ub9c8\uc2a4|spe|1\n|move|p2a: Rotom|Thunderbolt|p1a: \ub3c4\uc2a4\ub9c8\uc2a4\n|-supereffective|p1a: \ub3c4\uc2a4\ub9c8\uc2a4|1\n|-damage|p1a: \ub3c4\uc2a4\ub9c8\uc2a4|33/100\n|\n|upkeep\n|turn|4\n|\n|t:|1775971850\n|move|p1a: \ub3c4\uc2a4\ub9c8\uc2a4|Power Whip|p2a: Rotom\n|-supereffective|p2a: Rotom|1\n|-damage|p2a: Rotom|0 fnt\n|faint|p2a: Rotom\n|\n|upkeep\n|\n|t:|1775971855\n|switch|p2a: Corviknight|Corviknight, L50, F|100/100\n|-ability|p2a: Corviknight|Unnerve\n|turn|5\n|\n|t:|1775971861\n|move|p1a: \ub3c4\uc2a4\ub9c8\uc2a4|Taunt|p2a: Corviknight\n|-start|p2a: Corviknight|move: Taunt\n|cant|p2a: Corviknight|move: Taunt|Iron Defense\n|\n|upkeep\n|turn|6\n|\n|t:|1775971866\n|move|p1a: \ub3c4\uc2a4\ub9c8\uc2a4|Waterfall|p2a: Corviknight\n|-damage|p2a: Corviknight|59/100\n|move|p2a: Corviknight|Body Press|p1a: \ub3c4\uc2a4\ub9c8\uc2a4\n|-supereffective|p1a: \ub3c4\uc2a4\ub9c8\uc2a4|1\n|-damage|p1a: \ub3c4\uc2a4\ub9c8\uc2a4|0 fnt\n|faint|p1a: \ub3c4\uc2a4\ub9c8\uc2a4\n|\n|-heal|p2a: Corviknight|65/100|[from] item: Leftovers\n|upkeep\n|\n|t:|1775971868\n|switch|p1a: \ub274\ud2b8\ub9ac\uc544|Salazzle, L50, F|100/100\n|turn|7\n|\n|t:|1775971877\n|move|p1a: \ub274\ud2b8\ub9ac\uc544|Toxic|p2a: Corviknight\n|-status|p2a: Corviknight|tox\n|move|p2a: Corviknight|Body Press|p1a: \ub274\ud2b8\ub9ac\uc544\n|-resisted|p1a: \ub274\ud2b8\ub9ac\uc544|1\n|-damage|p1a: \ub274\ud2b8\ub9ac\uc544|80/100\n|\n|-heal|p1a: \ub274\ud2b8\ub9ac\uc544|86/100|[from] item: Leftovers\n|-heal|p2a: Corviknight|71/100 tox|[from] item: Leftovers\n|-damage|p2a: Corviknight|65/100 tox|[from] psn\n|-end|p2a: Corviknight|move: Taunt\n|upkeep\n|turn|8\n|\n|t:|1775971891\n|move|p1a: \ub274\ud2b8\ub9ac\uc544|Substitute|p1a: \ub274\ud2b8\ub9ac\uc544\n|-start|p1a: \ub274\ud2b8\ub9ac\uc544|Substitute\n|-damage|p1a: \ub274\ud2b8\ub9ac\uc544|62/100\n|move|p2a: Corviknight|Iron Defense|p2a: Corviknight\n|-boost|p2a: Corviknight|def|2\n|\n|-heal|p1a: \ub274\ud2b8\ub9ac\uc544|67/100|[from] item: Leftovers\n|-heal|p2a: Corviknight|71/100 tox|[from] item: Leftovers\n|-damage|p2a: Corviknight|59/100 tox|[from] psn\n|upkeep\n|turn|9\n|\n|t:|1775971900\n|move|p1a: \ub274\ud2b8\ub9ac\uc544|Encore|p2a: Corviknight\n|-start|p2a: Corviknight|Encore\n|move|p2a: Corviknight|Iron Defense|p2a: Corviknight\n|-boost|p2a: Corviknight|def|2\n|\n|-heal|p1a: \ub274\ud2b8\ub9ac\uc544|73/100|[from] item: Leftovers\n|-heal|p2a: Corviknight|65/100 tox|[from] item: Leftovers\n|-damage|p2a: Corviknight|47/100 tox|[from] psn\n|upkeep\n|turn|10\n|-message|CurrentM1rror forfeited.\n|\n|win|KyungHeeUniversity\n|raw|KyungHeeUniversity's rating: 1131 &rarr; <strong>1151</strong><br />(+20 for winning)\n|raw|CurrentM1rror's rating: 1063 &rarr; <strong>1047</strong><br />(-16 for losing)\n|l|\u2606CurrentM1rror\n|player|p2|\n",
  "uploadtime": 1775971912,
  "views": 9,
  "formatid": "gen9championsbssregma",
  "rating": 1047,
  "private": 0,
  "password": null
}