{
  "id": "gen9championsbssregma-2588814724",
  "format": "[Gen 9 Champions] BSS Reg M-A",
  "players": [
    "Bbbkty",
    "Dh718"
  ],
  "log": "|j|\u2606Bbbkty\n|j|\u2606Dh718\n|t:|1776674191\n|gametype|singles\n|player|p1|Bbbkty|1|1197\n|player|p2|Dh718|170|1164\n|gen|9\n|tier|[Gen 9 Champions] BSS Reg M-A\n|rated|\n|rule|Species Clause: Limit one of each Pok\u00e9mon\n|rule|Item Clause: Limit 1 of each item\n|clearpoke\n|poke|p1|Clefable, L50, M|\n|poke|p1|Charizard, L50, M|\n|poke|p1|Mimikyu, L50, F|\n|poke|p1|Kingambit, L50, M|\n|poke|p1|Espathra, L50, F|\n|poke|p1|Glimmora, L50, M|\n|poke|p2|Zoroark-Hisui, L50, M|\n|poke|p2|Mimikyu, L50, M|\n|poke|p2|Garchomp, L50, M|\n|poke|p2|Delphox, L50, F|\n|poke|p2|Corviknight, L50, F|\n|poke|p2|Meganium, L50, F|\n|teampreview|3\n|inactive|Battle timer is ON: inactive players will automatically lose when time's up. (requested by Dh718)\n|inactive|Bbbkty also wants the timer to be on.\n|\n|t:|1776674208\n|teamsize|p1|3\n|teamsize|p2|3\n|start\n|switch|p1a: Glimmora|Glimmora, L50, M|100/100\n|switch|p2a: Delphox|Delphox, L50, F|100/100\n|turn|1\n|\n|t:|1776674217\n|detailschange|p2a: Delphox|Delphox-Mega, L50, F\n|-mega|p2a: Delphox|Delphox|Delphoxite\n|move|p2a: Delphox|Psyshock|p1a: Glimmora\n|-supereffective|p1a: Glimmora|1\n|-enditem|p1a: Glimmora|Focus Sash\n|-damage|p1a: Glimmora|1/100\n|move|p1a: Glimmora|Stealth Rock|p2a: Delphox\n|-sidestart|p2: Dh718|move: Stealth Rock\n|\n|upkeep\n|turn|2\n|\n|t:|1776674224\n|move|p2a: Delphox|Dazzling Gleam|p1a: Glimmora\n|-resisted|p1a: Glimmora|1\n|-damage|p1a: Glimmora|0 fnt\n|faint|p1a: Glimmora\n|\n|upkeep\n|\n|t:|1776674228\n|switch|p1a: Espathra|Espathra, L50, F|100/100\n|turn|3\n|\n|t:|1776674235\n|switch|p2a: Mimikyu|Mimikyu, L50, M|100/100\n|-damage|p2a: Mimikyu|88/100|[from] Stealth Rock\n|move|p1a: Espathra|Protect||[still]\n|-fail|p1a: Espathra\n|\n|-ability|p1a: Espathra|Speed Boost|boost\n|-boost|p1a: Espathra|spe|1\n|upkeep\n|turn|4\n|\n|t:|1776674250\n|move|p1a: Espathra|Baton Pass|p1a: Espathra\n|\n|t:|1776674251\n|switch|p1a: Clefable|Clefable, L50, M|100/100|[from] Baton Pass\n|move|p2a: Mimikyu|Shadow Claw|p1a: Clefable\n|-damage|p1a: Clefable|77/100\n|\n|upkeep\n|turn|5\n|\n|t:|1776674255\n|detailschange|p1a: Clefable|Clefable-Mega, L50, M\n|-mega|p1a: Clefable|Clefable|Clefablite\n|move|p2a: Mimikyu|Curse|p1a: Clefable\n|-start|p1a: Clefable|Curse|[of] p2a: Mimikyu\n|-damage|p2a: Mimikyu|38/100\n|-enditem|p2a: Mimikyu|Sitrus Berry|[eat]\n|-heal|p2a: Mimikyu|63/100|[from] item: Sitrus Berry\n|move|p1a: Clefable|Cosmic Power|p1a: Clefable\n|-boost|p1a: Clefable|def|1\n|-boost|p1a: Clefable|spd|1\n|\n|-damage|p1a: Clefable|52/100|[from] Curse\n|upkeep\n|turn|6\n|\n|t:|1776674267\n|move|p2a: Mimikyu|Shadow Claw|p1a: Clefable\n|-damage|p1a: Clefable|38/100\n|move|p1a: Clefable|Moonblast|p2a: Mimikyu\n|-activate|p2a: Mimikyu|ability: Disguise\n|-damage|p2a: Mimikyu|63/100\n|detailschange|p2a: Mimikyu|Mimikyu-Busted, L50, M\n|-damage|p2a: Mimikyu|51/100|[from] pokemon: Mimikyu-Busted\n|\n|-damage|p1a: Clefable|13/100|[from] Curse\n|upkeep\n|turn|7\n|\n|t:|1776674273\n|move|p2a: Mimikyu|Shadow Claw|p1a: Clefable\n|-damage|p1a: Clefable|0 fnt\n|faint|p1a: Clefable\n|\n|upkeep\n|\n|t:|1776674278\n|switch|p1a: Espathra|Espathra, L50, F|100/100\n|turn|8\n|\n|t:|1776674280\n|move|p1a: Espathra|Protect|p1a: Espathra\n|-singleturn|p1a: Espathra|Protect\n|move|p2a: Mimikyu|Shadow Sneak|p1a: Espathra\n|-activate|p1a: Espathra|move: Protect\n|\n|-ability|p1a: Espathra|Speed Boost|boost\n|-boost|p1a: Espathra|spe|1\n|upkeep\n|turn|9\n|\n|t:|1776674288\n|move|p1a: Espathra|Lumina Crash|p2a: Mimikyu\n|-damage|p2a: Mimikyu|14/100\n|-unboost|p2a: Mimikyu|spd|2\n|move|p2a: Mimikyu|Curse|p1a: Espathra\n|-start|p1a: Espathra|Curse|[of] p2a: Mimikyu\n|-damage|p2a: Mimikyu|0 fnt\n|faint|p2a: Mimikyu\n|\n|-damage|p1a: Espathra|76/100|[from] Curse\n|-ability|p1a: Espathra|Speed Boost|boost\n|-boost|p1a: Espathra|spe|1\n|upkeep\n|\n|t:|1776674293\n|switch|p2a: Corviknight|Corviknight, L50, F|100/100\n|-damage|p2a: Corviknight|88/100|[from] Stealth Rock\n|turn|10\n|\n|t:|1776674297\n|move|p1a: Espathra|Calm Mind|p1a: Espathra\n|-boost|p1a: Espathra|spa|1\n|-boost|p1a: Espathra|spd|1\n|move|p2a: Corviknight|U-turn|p1a: Espathra\n|-supereffective|p1a: Espathra|1\n|-damage|p1a: Espathra|38/100\n|-enditem|p1a: Espathra|Sitrus Berry|[eat]\n|-heal|p1a: Espathra|63/100|[from] item: Sitrus Berry\n|\n|t:|1776674299\n|switch|p2a: Delphox|Delphox-Mega, L50, F|100/100|[from] U-turn\n|-damage|p2a: Delphox|76/100|[from] Stealth Rock\n|\n|-damage|p1a: Espathra|38/100|[from] Curse\n|-ability|p1a: Espathra|Speed Boost|boost\n|-boost|p1a: Espathra|spe|1\n|upkeep\n|turn|11\n|\n|t:|1776674304\n|switch|p2a: Corviknight|Corviknight, L50, F|88/100\n|-damage|p2a: Corviknight|75/100|[from] Stealth Rock\n|move|p1a: Espathra|Lumina Crash|p2a: Corviknight\n|-resisted|p2a: Corviknight|1\n|-damage|p2a: Corviknight|55/100\n|-ability|p2a: Corviknight|Mirror Armor\n|-unboost|p1a: Espathra|spd|2\n|\n|-heal|p2a: Corviknight|61/100|[from] item: Leftovers\n|-damage|p1a: Espathra|13/100|[from] Curse\n|-ability|p1a: Espathra|Speed Boost|boost\n|-boost|p1a: Espathra|spe|1\n|upkeep\n|turn|12\n|\n|t:|1776674311\n|move|p1a: Espathra|Lumina Crash|p2a: Corviknight\n|-resisted|p2a: Corviknight|1\n|-damage|p2a: Corviknight|42/100\n|-ability|p2a: Corviknight|Mirror Armor\n|-unboost|p1a: Espathra|spd|2\n|move|p2a: Corviknight|Roost|p2a: Corviknight\n|-heal|p2a: Corviknight|92/100\n|-singleturn|p2a: Corviknight|move: Roost\n|\n|-heal|p2a: Corviknight|98/100|[from] item: Leftovers\n|-damage|p1a: Espathra|0 fnt|[from] Curse\n|faint|p1a: Espathra\n|\n|win|Dh718\n|raw|Bbbkty's rating: 1197 &rarr; <strong>1170</strong><br />(-27 for losing)\n|raw|Dh718's rating: 1164 &rarr; <strong>1191</strong><br />(+27 for winning)\n",
  "uploadtime": 1776674314,
  "views": 1,
  "formatid": "gen9championsbssregma",
  "rating": 1170,
  "private": 0,
  "password": null
}