{
  "id": "gen9championsbssregma-2583785586",
  "format": "[Gen 9 Champions] BSS Reg M-A",
  "players": [
    "silux h'kimix",
    "dpkpjpmd"
  ],
  "log": "|j|\u2606silux h'kimix\n|j|\u2606dpkpjpmd\n|t:|1776197560\n|gametype|singles\n|player|p1|silux h'kimix|hilbert|1100\n|player|p2|dpkpjpmd|101|1000\n|gen|9\n|tier|[Gen 9 Champions] BSS Reg M-A\n|rated|\n|rule|Species Clause: Limit one of each Pok\u00e9mon\n|rule|Item Clause: Limit 1 of each item\n|clearpoke\n|poke|p1|Charizard, L50, F|\n|poke|p1|Greninja-*, L50, F|\n|poke|p1|Meowscarada, L50, M|\n|poke|p1|Archaludon, L50, M|\n|poke|p1|Ceruledge, L50, F|\n|poke|p1|Dragonite, L50, M|\n|poke|p2|Slowking, L50, M|\n|poke|p2|Torkoal, L50, F|\n|poke|p2|Glimmora, L50, M|\n|poke|p2|Ditto, L50|\n|poke|p2|Umbreon, L50, F|\n|poke|p2|Feraligatr, L50, M|\n|teampreview|3\n|inactive|Battle timer is ON: inactive players will automatically lose when time's up. (requested by dpkpjpmd)\n|\n|t:|1776197592\n|teamsize|p1|3\n|teamsize|p2|3\n|start\n|switch|p1a: Greninja|Greninja, L50, F|100/100\n|switch|p2a: Slowking|Slowking, L50, M|100/100\n|turn|1\n|\n|t:|1776197608\n|move|p1a: Greninja|Dark Pulse|p2a: Slowking\n|-start|p1a: Greninja|typechange|Dark|[from] ability: Protean\n|-supereffective|p2a: Slowking|1\n|-damage|p2a: Slowking|38/100\n|-enditem|p2a: Slowking|Sitrus Berry|[eat]\n|-heal|p2a: Slowking|63/100|[from] item: Sitrus Berry\n|move|p2a: Slowking|Light Screen|p2a: Slowking\n|-sidestart|p2: dpkpjpmd|move: Light Screen\n|\n|upkeep\n|turn|2\n|\n|t:|1776197619\n|move|p1a: Greninja|Dark Pulse|p2a: Slowking\n|-supereffective|p2a: Slowking|1\n|-damage|p2a: Slowking|36/100\n|move|p2a: Slowking|Trick Room|p2a: Slowking\n|-fieldstart|move: Trick Room|[of] p2a: Slowking\n|\n|upkeep\n|turn|3\n|\n|t:|1776197627\n|switch|p2a: Torkoal|Torkoal, L50, F|100/100\n|-weather|SunnyDay|[from] ability: Drought|[of] p2a: Torkoal\n|move|p1a: Greninja|Dark Pulse|p2a: Torkoal\n|-damage|p2a: Torkoal|77/100\n|\n|-weather|SunnyDay|[upkeep]\n|upkeep\n|turn|4\n|\n|t:|1776197650\n|move|p2a: Torkoal|Eruption|p1a: Greninja\n|-damage|p1a: Greninja|0 fnt\n|faint|p1a: Greninja\n|\n|-weather|SunnyDay|[upkeep]\n|upkeep\n|\n|t:|1776197669\n|switch|p1a: Archaludon|Archaludon, L50, M|100/100\n|turn|5\n|\n|t:|1776197676\n|move|p2a: Torkoal|Eruption|p1a: Archaludon\n|-damage|p1a: Archaludon|9/100\n|-ability|p1a: Archaludon|Stamina|boost\n|-boost|p1a: Archaludon|def|1\n|-enditem|p1a: Archaludon|Sitrus Berry|[eat]\n|-heal|p1a: Archaludon|33/100|[from] item: Sitrus Berry\n|move|p1a: Archaludon|Aura Sphere|p2a: Torkoal\n|-damage|p2a: Torkoal|60/100\n|\n|-weather|SunnyDay|[upkeep]\n|-sideend|p2: dpkpjpmd|move: Light Screen\n|upkeep\n|turn|6\n|\n|t:|1776197689\n|move|p2a: Torkoal|Eruption|p1a: Archaludon\n|-damage|p1a: Archaludon|0 fnt\n|faint|p1a: Archaludon\n|\n|-weather|SunnyDay|[upkeep]\n|-fieldend|move: Trick Room\n|upkeep\n|\n|t:|1776197695\n|switch|p1a: Charizard|Charizard, L50, F|100/100\n|turn|7\n|\n|t:|1776197705\n|switch|p2a: Slowking|Slowking, L50, M|69/100\n|detailschange|p1a: Charizard|Charizard-Mega-X, L50, F\n|-mega|p1a: Charizard|Charizard|Charizardite X\n|move|p1a: Charizard|Dragon Dance|p1a: Charizard\n|-boost|p1a: Charizard|atk|1\n|-boost|p1a: Charizard|spe|1\n|\n|-weather|none\n|upkeep\n|turn|8\n|\n|t:|1776197717\n|move|p1a: Charizard|Thunder Punch|p2a: Slowking\n|-supereffective|p2a: Slowking|1\n|-damage|p2a: Slowking|0 fnt\n|faint|p2a: Slowking\n|\n|upkeep\n|\n|t:|1776197730\n|switch|p2a: Torkoal|Torkoal, L50, F|60/100\n|-weather|SunnyDay|[from] ability: Drought|[of] p2a: Torkoal\n|turn|9\n|\n|t:|1776197742\n|move|p1a: Charizard|Dragon Rush|p2a: Torkoal\n|-damage|p2a: Torkoal|0 fnt\n|faint|p2a: Torkoal\n|\n|-weather|SunnyDay|[upkeep]\n|upkeep\n|\n|t:|1776197748\n|switch|p2a: Feraligatr|Feraligatr, L50, M|100/100\n|turn|10\n|\n|t:|1776197758\n|detailschange|p2a: Feraligatr|Feraligatr-Mega, L50, M\n|-mega|p2a: Feraligatr|Feraligatr|Feraligite\n|move|p1a: Charizard|Dragon Rush|p2a: Feraligatr\n|-supereffective|p2a: Feraligatr|1\n|-damage|p2a: Feraligatr|0 fnt\n|faint|p2a: Feraligatr\n|\n|win|silux h'kimix\n|raw|silux h&apos;kimix's rating: 1100 &rarr; <strong>1118</strong><br />(+18 for winning)\n|raw|dpkpjpmd's rating: 1000 &rarr; <strong>1000</strong><br />(+0 for losing)\n|l|\u2606dpkpjpmd\n|player|p2|\n",
  "uploadtime": 1776197794,
  "views": 1,
  "formatid": "gen9championsbssregma",
  "rating": 1000,
  "private": 0,
  "password": null
}