{
  "id": "gen9championsbssregma-2589128662",
  "format": "[Gen 9 Champions] BSS Reg M-A",
  "players": [
    "TrainerXay",
    "joguri"
  ],
  "log": "|j|\u2606TrainerXay\n|j|\u2606joguri\n|t:|1776701492\n|gametype|singles\n|player|p1|TrainerXay|hilbert-wonderlauncher|1138\n|player|p2|joguri|dawn|1127\n|gen|9\n|tier|[Gen 9 Champions] BSS Reg M-A\n|rated|\n|rule|Species Clause: Limit one of each Pok\u00e9mon\n|rule|Item Clause: Limit 1 of each item\n|clearpoke\n|poke|p1|Garchomp, L50, M|\n|poke|p1|Meowscarada, L50, F|\n|poke|p1|Corviknight, L50, M|\n|poke|p1|Lopunny, L50, F|\n|poke|p1|Gyarados, L50, M|\n|poke|p1|Aegislash, L50, M|\n|poke|p2|Lopunny, L50, M|\n|poke|p2|Garchomp, L50, M|\n|poke|p2|Glimmora, L50, M|\n|poke|p2|Primarina, L50, M|\n|poke|p2|Corviknight, L50, F|\n|poke|p2|Clefable, L50, M|\n|teampreview|3\n|inactive|Battle timer is ON: inactive players will automatically lose when time's up. (requested by TrainerXay)\n|inactive|TrainerXay has 60 seconds left.\n|\n|t:|1776701533\n|teamsize|p1|3\n|teamsize|p2|3\n|start\n|switch|p1a: Aegislash|Aegislash, L50, M|100/100\n|switch|p2a: Lopunny|Lopunny, L50, M|100/100\n|turn|1\n|\n|t:|1776701540\n|switch|p1a: Corviknight|Corviknight, L50, M|100/100\n|-ability|p1a: Corviknight|Pressure\n|move|p2a: Lopunny|Cotton Guard|p2a: Lopunny\n|-boost|p2a: Lopunny|def|3\n|\n|upkeep\n|turn|2\n|\n|t:|1776701557\n|move|p2a: Lopunny|Cotton Guard|p2a: Lopunny\n|-boost|p2a: Lopunny|def|3\n|move|p1a: Corviknight|Iron Defense|p1a: Corviknight\n|-boost|p1a: Corviknight|def|2\n|\n|upkeep\n|turn|3\n|\n|t:|1776701569\n|move|p2a: Lopunny|Encore|p1a: Corviknight\n|-start|p1a: Corviknight|Encore\n|move|p1a: Corviknight|Iron Defense|p1a: Corviknight\n|-boost|p1a: Corviknight|def|2\n|\n|upkeep\n|turn|4\n|\n|t:|1776701574\n|move|p2a: Lopunny|Baton Pass|p2a: Lopunny\n|\n|t:|1776701575\n|switch|p2a: Clefable|Clefable, L50, M|100/100|[from] Baton Pass\n|move|p1a: Corviknight|Iron Defense|p1a: Corviknight\n|-boost|p1a: Corviknight|def|2\n|\n|upkeep\n|turn|5\n|\n|t:|1776701581\n|move|p2a: Clefable|Calm Mind|p2a: Clefable\n|-boost|p2a: Clefable|spa|1\n|-boost|p2a: Clefable|spd|1\n|move|p1a: Corviknight|Iron Defense|p1a: Corviknight\n|-boost|p1a: Corviknight|def|0\n|\n|-end|p1a: Corviknight|Encore\n|upkeep\n|turn|6\n|\n|t:|1776701588\n|move|p2a: Clefable|Calm Mind|p2a: Clefable\n|-boost|p2a: Clefable|spa|1\n|-boost|p2a: Clefable|spd|1\n|move|p1a: Corviknight|Body Press|p2a: Clefable\n|-resisted|p2a: Clefable|1\n|-damage|p2a: Clefable|98/100\n|\n|upkeep\n|turn|7\n|\n|t:|1776701594\n|move|p2a: Clefable|Calm Mind|p2a: Clefable\n|-boost|p2a: Clefable|spa|1\n|-boost|p2a: Clefable|spd|1\n|move|p1a: Corviknight|Body Press|p2a: Clefable\n|-resisted|p2a: Clefable|1\n|-damage|p2a: Clefable|95/100\n|\n|upkeep\n|turn|8\n|\n|t:|1776701602\n|move|p2a: Clefable|Calm Mind|p2a: Clefable\n|-boost|p2a: Clefable|spa|1\n|-boost|p2a: Clefable|spd|1\n|move|p1a: Corviknight|Body Press|p2a: Clefable\n|-resisted|p2a: Clefable|1\n|-damage|p2a: Clefable|92/100\n|\n|upkeep\n|turn|9\n|\n|t:|1776701608\n|move|p2a: Clefable|Calm Mind|p2a: Clefable\n|-boost|p2a: Clefable|spa|1\n|-boost|p2a: Clefable|spd|1\n|move|p1a: Corviknight|Body Press|p2a: Clefable\n|-resisted|p2a: Clefable|1\n|-damage|p2a: Clefable|89/100\n|\n|upkeep\n|turn|10\n|\n|t:|1776701614\n|move|p2a: Clefable|Calm Mind|p2a: Clefable\n|-boost|p2a: Clefable|spa|1\n|-boost|p2a: Clefable|spd|1\n|move|p1a: Corviknight|Body Press|p2a: Clefable\n|-resisted|p2a: Clefable|1\n|-damage|p2a: Clefable|86/100\n|\n|upkeep\n|turn|11\n|\n|t:|1776701621\n|move|p2a: Clefable|Stored Power|p1a: Corviknight\n|-resisted|p1a: Corviknight|1\n|-damage|p1a: Corviknight|0 fnt\n|faint|p1a: Corviknight\n|\n|upkeep\n|-message|TrainerXay forfeited.\n|\n|win|joguri\n|raw|TrainerXay's rating: 1138 &rarr; <strong>1112</strong><br />(-26 for losing)\n|raw|joguri's rating: 1127 &rarr; <strong>1153</strong><br />(+26 for winning)\n|l|\u2606TrainerXay\n|player|p1|\n",
  "uploadtime": 1776701629,
  "views": 2,
  "formatid": "gen9championsbssregma",
  "rating": 1112,
  "private": 0,
  "password": null
}