{
  "id": "gen9championsbssregma-2580926440",
  "format": "[Gen 9 Champions] BSS Reg M-A",
  "players": [
    "Blastfury0614",
    "sca1031"
  ],
  "log": "|j|\u2606Blastfury0614\n|j|\u2606sca1031\n|t:|1775943946\n|gametype|singles\n|player|p1|Blastfury0614|red-masters3|1313\n|player|p2|sca1031|265|1197\n|gen|9\n|tier|[Gen 9 Champions] BSS Reg M-A\n|rated|\n|rule|Species Clause: Limit one of each Pok\u00e9mon\n|rule|Item Clause: Limit 1 of each item\n|clearpoke\n|poke|p1|Pelipper, L50, F|\n|poke|p1|Meganium, L50, F|\n|poke|p1|Blastoise, L50, F|\n|poke|p1|Basculegion, L50, M|\n|poke|p1|Archaludon, L50, M|\n|poke|p1|Sneasler, L50, M|\n|poke|p2|Clefable, L50, M|\n|poke|p2|Archaludon, L50, F|\n|poke|p2|Hippowdon, L50, M|\n|poke|p2|Volcarona, L50, M|\n|poke|p2|Aegislash, L50, M|\n|poke|p2|Gyarados, L50, M|\n|teampreview|3\n|inactive|Battle timer is ON: inactive players will automatically lose when time's up. (requested by Blastfury0614)\n|inactive|sca1031 has 60 seconds left.\n|inactive|sca1031 has 30 seconds left.\n|\n|t:|1775944011\n|teamsize|p1|3\n|teamsize|p2|3\n|start\n|switch|p1a: Pelipper|Pelipper, L50, F|100/100\n|switch|p2a: Hippowdon|Hippowdon, L50, M|100/100\n|-weather|RainDance|[from] ability: Drizzle|[of] p1a: Pelipper\n|-weather|Sandstorm|[from] ability: Sand Stream|[of] p2a: Hippowdon\n|turn|1\n|\n|t:|1775944019\n|move|p1a: Pelipper|U-turn|p2a: Hippowdon\n|-damage|p2a: Hippowdon|94/100\n|\n|t:|1775944021\n|switch|p1a: Blastoise|Blastoise, L50, F|100/100|[from] U-turn\n|move|p2a: Hippowdon|Stealth Rock|p1a: Blastoise\n|-sidestart|p1: Blastfury0614|move: Stealth Rock\n|\n|-weather|Sandstorm|[upkeep]\n|-damage|p1a: Blastoise|95/100|[from] Sandstorm\n|upkeep\n|turn|2\n|inactive|Blastfury0614 has 30 seconds left.\n|\n|t:|1775944048\n|detailschange|p1a: Blastoise|Blastoise-Mega, L50, F\n|-mega|p1a: Blastoise|Blastoise|Blastoisinite\n|move|p1a: Blastoise|Water Pulse|p2a: Hippowdon\n|-supereffective|p2a: Hippowdon|1\n|-damage|p2a: Hippowdon|16/100\n|-enditem|p2a: Hippowdon|Sitrus Berry|[eat]\n|-heal|p2a: Hippowdon|40/100|[from] item: Sitrus Berry\n|move|p2a: Hippowdon|Earthquake|p1a: Blastoise\n|-damage|p1a: Blastoise|55/100\n|\n|-weather|Sandstorm|[upkeep]\n|-damage|p1a: Blastoise|49/100|[from] Sandstorm\n|upkeep\n|turn|3\n|\n|t:|1775944065\n|move|p1a: Blastoise|Shell Smash|p1a: Blastoise\n|-unboost|p1a: Blastoise|def|1\n|-unboost|p1a: Blastoise|spd|1\n|-boost|p1a: Blastoise|atk|2\n|-boost|p1a: Blastoise|spa|2\n|-boost|p1a: Blastoise|spe|2\n|move|p2a: Hippowdon|Yawn|p1a: Blastoise\n|-start|p1a: Blastoise|move: Yawn|[of] p2a: Hippowdon\n|\n|-weather|Sandstorm|[upkeep]\n|-damage|p1a: Blastoise|43/100|[from] Sandstorm\n|upkeep\n|turn|4\n|\n|t:|1775944074\n|move|p1a: Blastoise|Water Pulse|p2a: Hippowdon\n|-supereffective|p2a: Hippowdon|1\n|-damage|p2a: Hippowdon|0 fnt\n|faint|p2a: Hippowdon\n|\n|-weather|Sandstorm|[upkeep]\n|-damage|p1a: Blastoise|38/100|[from] Sandstorm\n|-end|p1a: Blastoise|move: Yawn|[silent]\n|-status|p1a: Blastoise|slp\n|upkeep\n|\n|t:|1775944093\n|switch|p2a: Gyarados|Gyarados, L50, M|100/100\n|-ability|p2a: Gyarados|Intimidate|boost\n|-unboost|p1a: Blastoise|atk|1\n|turn|5\n|\n|t:|1775944102\n|cant|p1a: Blastoise|slp\n|move|p2a: Gyarados|Dragon Dance|p2a: Gyarados\n|-boost|p2a: Gyarados|atk|1\n|-boost|p2a: Gyarados|spe|1\n|\n|-weather|none\n|upkeep\n|turn|6\n|\n|t:|1775944110\n|detailschange|p2a: Gyarados|Gyarados-Mega, L50, M\n|-mega|p2a: Gyarados|Gyarados|Gyaradosite\n|-ability|p2a: Gyarados|Mold Breaker\n|cant|p1a: Blastoise|slp\n|move|p2a: Gyarados|Dragon Dance|p2a: Gyarados\n|-boost|p2a: Gyarados|atk|1\n|-boost|p2a: Gyarados|spe|1\n|\n|upkeep\n|turn|7\n|\n|t:|1775944119\n|-curestatus|p1a: Blastoise|slp|[msg]\n|move|p1a: Blastoise|Water Pulse|p2a: Gyarados\n|-resisted|p2a: Gyarados|1\n|-damage|p2a: Gyarados|62/100\n|-start|p2a: Gyarados|confusion\n|-activate|p2a: Gyarados|confusion\n|-damage|p2a: Gyarados|35/100|[from] confusion\n|\n|upkeep\n|turn|8\n|\n|t:|1775944129\n|move|p1a: Blastoise|Water Pulse|p2a: Gyarados\n|-resisted|p2a: Gyarados|1\n|-damage|p2a: Gyarados|0 fnt\n|faint|p2a: Gyarados\n|\n|upkeep\n|-message|sca1031 forfeited.\n|\n|win|Blastfury0614\n|raw|Blastfury0614's rating: 1313 &rarr; <strong>1327</strong><br />(+14 for winning)\n|raw|sca1031's rating: 1197 &rarr; <strong>1180</strong><br />(-17 for losing)\n|l|\u2606sca1031\n|player|p2|\n|l|\u2606Blastfury0614\n|player|p1|\n",
  "uploadtime": 1775944284,
  "views": 21,
  "formatid": "gen9championsbssregma",
  "rating": 1180,
  "private": 0,
  "password": null
}