{
  "id": "gen9championsbssregma-2587030493",
  "format": "[Gen 9 Champions] BSS Reg M-A",
  "players": [
    "Dollar94ye",
    "LOL.XD.9"
  ],
  "log": "|j|\u2606Dollar94ye\n|j|\u2606LOL.XD.9\n|t:|1776483079\n|gametype|singles\n|player|p1|Dollar94ye|cynthia-gen4|1000\n|player|p2|LOL.XD.9|red|1043\n|gen|9\n|tier|[Gen 9 Champions] BSS Reg M-A\n|rated|\n|rule|Species Clause: Limit one of each Pok\u00e9mon\n|rule|Item Clause: Limit 1 of each item\n|clearpoke\n|poke|p1|Delphox, L50, M|\n|poke|p1|Lucario, L50, F|\n|poke|p1|Milotic, L50, F|\n|poke|p1|Decidueye, L50, M|\n|poke|p1|Garchomp, L50, F|\n|poke|p1|Corviknight, L50, M|\n|poke|p2|Corviknight, L50, M|\n|poke|p2|Garchomp, L50, M|\n|poke|p2|Hawlucha, L50, M|\n|poke|p2|Sylveon, L50, F|\n|poke|p2|Greninja-*, L50, M|\n|poke|p2|Blastoise, L50, M|\n|teampreview|3\n|\n|t:|1776483140\n|teamsize|p1|3\n|teamsize|p2|3\n|start\n|switch|p1a: Decidueye|Decidueye, L50, M, shiny|100/100\n|switch|p2a: Sylveon|Sylveon, L50, F|100/100\n|turn|1\n|-activate|p1a: Decidueye|item: Quick Claw\n|\n|t:|1776483152\n|move|p1a: Decidueye|Leaf Blade|p2a: Sylveon\n|-damage|p2a: Sylveon|44/100\n|move|p2a: Sylveon|Hyper Voice|p1a: Decidueye\n|-damage|p1a: Decidueye|40/100\n|\n|upkeep\n|turn|2\n|\n|t:|1776483161\n|move|p1a: Decidueye|Leaf Blade|p2a: Sylveon\n|-damage|p2a: Sylveon|0 fnt\n|faint|p2a: Sylveon\n|\n|upkeep\n|\n|t:|1776483167\n|switch|p2a: Greninja|Greninja, L50, M|100/100\n|turn|3\n|\n|t:|1776483176\n|detailschange|p2a: Greninja|Greninja-Mega, L50, M\n|-mega|p2a: Greninja|Greninja|Greninjite\n|move|p2a: Greninja|Ice Beam|p1a: Decidueye\n|-start|p2a: Greninja|typechange|Ice|[from] ability: Protean\n|-supereffective|p1a: Decidueye|1\n|-damage|p1a: Decidueye|0 fnt\n|faint|p1a: Decidueye\n|\n|upkeep\n|\n|t:|1776483186\n|switch|p1a: Delphox|Delphox, L50, M, shiny|100/100\n|turn|4\n|\n|t:|1776483192\n|switch|p2a: Blastoise|Blastoise, L50, M|100/100\n|detailschange|p1a: Delphox|Delphox-Mega, L50, M, shiny\n|-mega|p1a: Delphox|Delphox|Delphoxite\n|move|p1a: Delphox|Flamethrower|p2a: Blastoise\n|-resisted|p2a: Blastoise|1\n|-damage|p2a: Blastoise|70/100\n|\n|upkeep\n|turn|5\n|\n|t:|1776483205\n|switch|p1a: Corviknight|Corviknight, L50, M|100/100\n|move|p2a: Blastoise|Surf|p1a: Corviknight\n|-damage|p1a: Corviknight|65/100\n|\n|upkeep\n|turn|6\n|\n|t:|1776483215\n|move|p2a: Blastoise|Surf|p1a: Corviknight\n|-damage|p1a: Corviknight|28/100\n|move|p1a: Corviknight|Body Press|p2a: Blastoise\n|-damage|p2a: Blastoise|46/100\n|\n|upkeep\n|turn|7\n|\n|t:|1776483224\n|move|p2a: Blastoise|Surf|p1a: Corviknight\n|-damage|p1a: Corviknight|0 fnt\n|faint|p1a: Corviknight\n|\n|upkeep\n|\n|t:|1776483229\n|switch|p1a: Delphox|Delphox-Mega, L50, M, shiny|100/100\n|turn|8\n|\n|t:|1776483233\n|move|p1a: Delphox|Calm Mind|p1a: Delphox\n|-boost|p1a: Delphox|spa|1\n|-boost|p1a: Delphox|spd|1\n|move|p2a: Blastoise|Surf|p1a: Delphox\n|-supereffective|p1a: Delphox|1\n|-damage|p1a: Delphox|53/100\n|\n|upkeep\n|turn|9\n|inactive|Battle timer is ON: inactive players will automatically lose when time's up. (requested by Dollar94ye)\n|inactive|LOL.XD.9 has 60 seconds left.\n|\n|t:|1776483344\n|move|p1a: Delphox|Dazzling Gleam|p2a: Blastoise\n|-damage|p2a: Blastoise|0 fnt\n|faint|p2a: Blastoise\n|\n|upkeep\n|\n|t:|1776483367\n|switch|p2a: Greninja|Greninja-Mega, L50, M|100/100\n|turn|10\n|\n|t:|1776483374\n|move|p2a: Greninja|Surf|p1a: Delphox\n|-start|p2a: Greninja|typechange|Water|[from] ability: Protean\n|-supereffective|p1a: Delphox|1\n|-damage|p1a: Delphox|0 fnt\n|faint|p1a: Delphox\n|\n|win|LOL.XD.9\n|raw|Dollar94ye's rating: 1000 &rarr; <strong>1000</strong><br />(+0 for losing)\n|raw|LOL.XD.9's rating: 1043 &rarr; <strong>1072</strong><br />(+29 for winning)\n|l|\u2606Dollar94ye\n|player|p1|\n",
  "uploadtime": 1776483386,
  "views": 16,
  "formatid": "gen9championsbssregma",
  "rating": 1000,
  "private": 0,
  "password": null
}