{
  "id": "gen9championsbssregma-2589334664",
  "format": "[Gen 9 Champions] BSS Reg M-A",
  "players": [
    "ShinyHaunter05",
    "GOLDENSEXYBOY"
  ],
  "log": "|j|\u2606ShinyHaunter05\n|j|\u2606GOLDENSEXYBOY\n|t:|1776715057\n|gametype|singles\n|player|p1|ShinyHaunter05|102|1041\n|player|p2|GOLDENSEXYBOY|marlon|1114\n|gen|9\n|tier|[Gen 9 Champions] BSS Reg M-A\n|rated|\n|rule|Species Clause: Limit one of each Pok\u00e9mon\n|rule|Item Clause: Limit 1 of each item\n|clearpoke\n|poke|p1|Corviknight, L50, F|\n|poke|p1|Hydreigon, L50, M|\n|poke|p1|Altaria, L50, M, shiny|\n|poke|p1|Gengar, L50, M, shiny|\n|poke|p1|Empoleon, L50, M, shiny|\n|poke|p1|Froslass, L50, F|\n|poke|p2|Lopunny, L50, F, shiny|\n|poke|p2|Starmie, L50|\n|poke|p2|Incineroar, L50, M|\n|poke|p2|Toxicroak, L50, M|\n|poke|p2|Klefki, L50, F|\n|poke|p2|Dragapult, L50, M|\n|teampreview|3\n|inactive|Battle timer is ON: inactive players will automatically lose when time's up. (requested by ShinyHaunter05)\n|\n|t:|1776715091\n|teamsize|p1|3\n|teamsize|p2|3\n|start\n|switch|p1a: Empoleon|Empoleon, L50, M, shiny|100/100\n|switch|p2a: Starmie|Starmie, L50|100/100\n|turn|1\n|\n|t:|1776715104\n|move|p2a: Starmie|Thunderbolt|p1a: Empoleon\n|-supereffective|p1a: Empoleon|1\n|-damage|p1a: Empoleon|52/100\n|move|p1a: Empoleon|Yawn|p2a: Starmie\n|-start|p2a: Starmie|move: Yawn|[of] p1a: Empoleon\n|\n|upkeep\n|turn|2\n|\n|t:|1776715110\n|move|p2a: Starmie|Thunderbolt|p1a: Empoleon\n|-supereffective|p1a: Empoleon|1\n|-damage|p1a: Empoleon|6/100\n|-enditem|p1a: Empoleon|Sitrus Berry|[eat]\n|-heal|p1a: Empoleon|31/100|[from] item: Sitrus Berry\n|move|p1a: Empoleon|Stealth Rock|p2a: Starmie\n|-sidestart|p2: GOLDENSEXYBOY|move: Stealth Rock\n|\n|-end|p2a: Starmie|move: Yawn|[silent]\n|-status|p2a: Starmie|slp\n|upkeep\n|turn|3\n|\n|t:|1776715127\n|-curestatus|p2a: Starmie|slp|[from] ability: Natural Cure\n|switch|p2a: Dragapult|Dragapult, L50, M|100/100\n|-damage|p2a: Dragapult|88/100|[from] Stealth Rock\n|switch|p1a: Hydreigon|Hydreigon, L50, M|100/100\n|\n|upkeep\n|turn|4\n|\n|t:|1776715138\n|move|p1a: Hydreigon|Draco Meteor|p2a: Dragapult\n|-supereffective|p2a: Dragapult|1\n|-damage|p2a: Dragapult|0 fnt\n|-unboost|p1a: Hydreigon|spa|2\n|faint|p2a: Dragapult\n|\n|upkeep\n|\n|t:|1776715143\n|switch|p2a: Lopunny|Lopunny, L50, F, shiny|100/100\n|-damage|p2a: Lopunny|89/100|[from] Stealth Rock\n|turn|5\n|\n|t:|1776715153\n|switch|p1a: Empoleon|Empoleon, L50, M, shiny|31/100\n|detailschange|p2a: Lopunny|Lopunny-Mega, L50, F, shiny\n|-mega|p2a: Lopunny|Lopunny|Lopunnite\n|move|p2a: Lopunny|Fake Out|p1a: Empoleon\n|-resisted|p1a: Empoleon|1\n|-damage|p1a: Empoleon|22/100\n|\n|upkeep\n|turn|6\n|\n|t:|1776715160\n|move|p2a: Lopunny|Close Combat|p1a: Empoleon\n|-supereffective|p1a: Empoleon|1\n|-damage|p1a: Empoleon|0 fnt\n|-unboost|p2a: Lopunny|def|1\n|-unboost|p2a: Lopunny|spd|1\n|faint|p1a: Empoleon\n|\n|upkeep\n|\n|t:|1776715163\n|switch|p1a: Hydreigon|Hydreigon, L50, M|100/100\n|turn|7\n|j| pyronimbus\n|\n|t:|1776715176\n|switch|p2a: Starmie|Starmie, L50|100/100\n|-damage|p2a: Starmie|88/100|[from] Stealth Rock\n|move|p1a: Hydreigon|Draco Meteor|p2a: Starmie\n|-damage|p2a: Starmie|0 fnt\n|-unboost|p1a: Hydreigon|spa|2\n|faint|p2a: Starmie\n|\n|upkeep\n|\n|t:|1776715184\n|switch|p2a: Lopunny|Lopunny-Mega, L50, F, shiny|89/100\n|-damage|p2a: Lopunny|83/100|[from] Stealth Rock\n|turn|8\n|\n|t:|1776715189\n|switch|p1a: Gengar|Gengar, L50, M, shiny|100/100\n|move|p2a: Lopunny|Fake Out|p1a: Gengar\n|-damage|p1a: Gengar|60/100\n|-start|p2a: Lopunny|Disable|Fake Out|[from] ability: Cursed Body|[of] p1a: Gengar\n|\n|upkeep\n|turn|9\n|\n|t:|1776715205\n|detailschange|p1a: Gengar|Gengar-Mega, L50, M, shiny\n|-mega|p1a: Gengar|Gengar|Gengarite\n|move|p2a: Lopunny|Facade|p1a: Gengar\n|-damage|p1a: Gengar|0 fnt\n|faint|p1a: Gengar\n|\n|upkeep\n|\n|t:|1776715211\n|switch|p1a: Hydreigon|Hydreigon, L50, M|100/100\n|turn|10\n|\n|t:|1776715219\n|move|p1a: Hydreigon|Draco Meteor|p2a: Lopunny\n|-damage|p2a: Lopunny|0 fnt\n|-unboost|p1a: Hydreigon|spa|2\n|faint|p2a: Lopunny\n|\n|win|ShinyHaunter05\n|raw|ShinyHaunter05's rating: 1041 &rarr; <strong>1082</strong><br />(+41 for winning)\n|raw|GOLDENSEXYBOY's rating: 1114 &rarr; <strong>1084</strong><br />(-30 for losing)\n|c|\u2606ShinyHaunter05|gg\n|c|\u2606GOLDENSEXYBOY|g\n|c|\u2606GOLDENSEXYBOY|g\n",
  "uploadtime": 1776715227,
  "views": 0,
  "formatid": "gen9championsbssregma",
  "rating": 1082,
  "private": 0,
  "password": null
}