{
  "id": "gen9championsbssregma-2582274344",
  "format": "[Gen 9 Champions] BSS Reg M-A",
  "players": [
    "poppokepokeo2",
    "Diego 210452"
  ],
  "log": "|j|\u203dpoppokepokeo2\n|j|\u2606Diego 210452\n|t:|1776078700\n|gametype|singles\n|player|p1|poppokepokeo2|266|1000\n|player|p2|Diego 210452|hilda|1083\n|gen|9\n|tier|[Gen 9 Champions] BSS Reg M-A\n|rated|\n|rule|Species Clause: Limit one of each Pok\u00e9mon\n|rule|Item Clause: Limit 1 of each item\n|clearpoke\n|poke|p1|Serperior, L50, M|\n|poke|p1|Snorlax, L50, M|\n|poke|p1|Charizard, L50, M|\n|poke|p1|Lucario, L50, F|\n|poke|p1|Mimikyu, L50, M|\n|poke|p1|Hippowdon, L50, F|\n|poke|p2|Archaludon, L50, F|\n|poke|p2|Clefable, L50, M|\n|poke|p2|Espathra, L50, M|\n|poke|p2|Gengar, L50, M|\n|poke|p2|Volcarona, L50, F|\n|poke|p2|Palafin, L50, F|\n|teampreview|3\n|inactive|Battle timer is ON: inactive players will automatically lose when time's up. (requested by poppokepokeo2)\n|inactive|poppokepokeo2 has 60 seconds left.\n|\n|t:|1776078775\n|teamsize|p1|3\n|teamsize|p2|3\n|start\n|switch|p1a: Serperior|Serperior, L50, M|100/100\n|switch|p2a: Archaludon|Archaludon, L50, F|100/100\n|turn|1\n|\n|t:|1776078786\n|move|p1a: Serperior|Substitute|p1a: Serperior\n|-start|p1a: Serperior|Substitute\n|-damage|p1a: Serperior|76/100\n|move|p2a: Archaludon|Stealth Rock|p1a: Serperior\n|-sidestart|p1: poppokepokeo2|move: Stealth Rock\n|\n|upkeep\n|turn|2\n|\n|t:|1776078794\n|move|p1a: Serperior|Leech Seed|p2a: Archaludon\n|-start|p2a: Archaludon|move: Leech Seed\n|move|p2a: Archaludon|Flash Cannon|p1a: Serperior\n|-end|p1a: Serperior|Substitute\n|\n|-damage|p2a: Archaludon|88/100|[from] Leech Seed|[of] p1a: Serperior\n|-heal|p1a: Serperior|89/100|[silent]\n|upkeep\n|turn|3\n|\n|t:|1776078807\n|switch|p2a: Espathra|Espathra, L50, M|100/100\n|move|p1a: Serperior|Substitute|p1a: Serperior\n|-start|p1a: Serperior|Substitute\n|-damage|p1a: Serperior|64/100\n|\n|upkeep\n|turn|4\n|\n|t:|1776078818\n|move|p1a: Serperior|Leaf Storm|p2a: Espathra\n|-damage|p2a: Espathra|50/100\n|-boost|p1a: Serperior|spa|2\n|move|p2a: Espathra|Calm Mind|p2a: Espathra\n|-boost|p2a: Espathra|spa|1\n|-boost|p2a: Espathra|spd|1\n|\n|-ability|p2a: Espathra|Speed Boost|boost\n|-boost|p2a: Espathra|spe|1\n|upkeep\n|turn|5\n|\n|t:|1776078831\n|move|p2a: Espathra|Protect|p2a: Espathra\n|-singleturn|p2a: Espathra|Protect\n|move|p1a: Serperior|Leaf Storm|p2a: Espathra\n|-activate|p2a: Espathra|move: Protect\n|\n|-ability|p2a: Espathra|Speed Boost|boost\n|-boost|p2a: Espathra|spe|1\n|upkeep\n|turn|6\n|\n|t:|1776078842\n|move|p2a: Espathra|Baton Pass|p2a: Espathra\n|\n|t:|1776078844\n|switch|p2a: Clefable|Clefable, L50, M|100/100|[from] Baton Pass\n|move|p1a: Serperior|Leaf Storm|p2a: Clefable\n|-damage|p2a: Clefable|77/100\n|-boost|p1a: Serperior|spa|2\n|\n|upkeep\n|turn|7\n|\n|t:|1776078857\n|detailschange|p2a: Clefable|Clefable-Mega, L50, M\n|-mega|p2a: Clefable|Clefable|Clefablite\n|move|p1a: Serperior|Leech Seed|p2a: Clefable\n|move|p2a: Clefable|Leech Seed|p1a: Serperior|[from] ability: Magic Bounce\n|-immune|p1a: Serperior\n|move|p2a: Clefable|Cosmic Power|p2a: Clefable\n|-boost|p2a: Clefable|def|1\n|-boost|p2a: Clefable|spd|1\n|\n|upkeep\n|turn|8\n|\n|t:|1776078873\n|move|p1a: Serperior|Leaf Storm|p2a: Clefable|[miss]\n|-miss|p1a: Serperior|p2a: Clefable\n|move|p2a: Clefable|Cosmic Power|p2a: Clefable\n|-boost|p2a: Clefable|def|1\n|-boost|p2a: Clefable|spd|1\n|\n|upkeep\n|turn|9\n|\n|t:|1776078882\n|move|p1a: Serperior|Leaf Storm|p2a: Clefable\n|-resisted|p2a: Clefable|1\n|-damage|p2a: Clefable|57/100\n|-boost|p1a: Serperior|spa|2\n|move|p2a: Clefable|Cosmic Power|p2a: Clefable\n|-boost|p2a: Clefable|def|1\n|-boost|p2a: Clefable|spd|1\n|\n|upkeep\n|turn|10\n|\n|t:|1776078891\n|move|p1a: Serperior|Leaf Storm|p2a: Clefable\n|-resisted|p2a: Clefable|1\n|-damage|p2a: Clefable|37/100\n|move|p2a: Clefable|Moonlight|p2a: Clefable\n|-heal|p2a: Clefable|87/100\n|\n|upkeep\n|turn|11\n|\n|t:|1776078898\n|move|p1a: Serperior|Leaf Storm|p2a: Clefable\n|-resisted|p2a: Clefable|1\n|-damage|p2a: Clefable|67/100\n|move|p2a: Clefable|Flamethrower|p1a: Serperior\n|-supereffective|p1a: Serperior|1\n|-end|p1a: Serperior|Substitute\n|\n|upkeep\n|turn|12\n|\n|t:|1776078913\n|move|p1a: Serperior|Leaf Storm|p2a: Clefable\n|-resisted|p2a: Clefable|1\n|-damage|p2a: Clefable|48/100\n|move|p2a: Clefable|Moonlight|p2a: Clefable\n|-heal|p2a: Clefable|98/100\n|\n|upkeep\n|turn|13\n|inactiveoff|Battle timer is now OFF.\n|inactive|Battle timer is ON: inactive players will automatically lose when time's up. (requested by Diego 210452)\n|-message|poppokepokeo2 forfeited.\n|\n|win|Diego 210452\n|raw|poppokepokeo2's rating: 1000 &rarr; <strong>1000</strong><br />(+0 for losing)\n|raw|Diego 210452's rating: 1083 &rarr; <strong>1104</strong><br />(+21 for winning)\n|l|\u203dpoppokepokeo2\n|player|p1|\n",
  "uploadtime": 1776078959,
  "views": 11,
  "formatid": "gen9championsbssregma",
  "rating": 1000,
  "private": 0,
  "password": null
}