{
  "id": "gen9championsbssregma-2584702207",
  "format": "[Gen 9 Champions] BSS Reg M-A",
  "players": [
    "dialestdial",
    "SHUNTER05"
  ],
  "log": "|j|\u2606dialestdial\n|j|\u2606SHUNTER05\n|t:|1776277783\n|gametype|singles\n|player|p1|dialestdial|plasmagruntf|1123\n|player|p2|SHUNTER05|gambler|1221\n|gen|9\n|tier|[Gen 9 Champions] BSS Reg M-A\n|rated|\n|rule|Species Clause: Limit one of each Pok\u00e9mon\n|rule|Item Clause: Limit 1 of each item\n|clearpoke\n|poke|p1|Floette-Eternal, L50, F|\n|poke|p1|Sneasler, L50, F|\n|poke|p1|Charizard, L50, F|\n|poke|p1|Meowscarada, L50, F|\n|poke|p1|Basculegion, L50, M|\n|poke|p1|Clefable, L50, M|\n|poke|p2|Meowscarada, L50, F|\n|poke|p2|Krookodile, L50, M|\n|poke|p2|Primarina, L50, F|\n|poke|p2|Delphox, L50, F|\n|poke|p2|Sneasler, L50, M|\n|poke|p2|Alakazam, L50, M|\n|teampreview|3\n|inactive|Battle timer is ON: inactive players will automatically lose when time's up. (requested by dialestdial)\n|inactive|dialestdial has 60 seconds left.\n|inactive|SHUNTER05 has 60 seconds left.\n|\n|t:|1776277833\n|teamsize|p1|3\n|teamsize|p2|3\n|start\n|switch|p1a: Sneasler|Sneasler, L50, F, shiny|100/100\n|switch|p2a: CHICO LARGO|Sneasler, L50, M, shiny|100/100\n|turn|1\n|\n|t:|1776277842\n|move|p1a: Sneasler|Fake Out|p2a: CHICO LARGO\n|-damage|p2a: CHICO LARGO|74/100\n|cant|p2a: CHICO LARGO|flinch\n|\n|upkeep\n|turn|2\n|\n|t:|1776277852\n|move|p2a: CHICO LARGO|Acrobatics|p1a: Sneasler\n|-supereffective|p1a: Sneasler|1\n|-damage|p1a: Sneasler|31/100\n|move|p1a: Sneasler|Close Combat|p2a: CHICO LARGO\n|-resisted|p2a: CHICO LARGO|1\n|-damage|p2a: CHICO LARGO|23/100\n|-unboost|p1a: Sneasler|def|1\n|-unboost|p1a: Sneasler|spd|1\n|-enditem|p1a: Sneasler|White Herb\n|-clearnegativeboost|p1a: Sneasler|[silent]\n|\n|upkeep\n|turn|3\n|\n|t:|1776277865\n|move|p1a: Sneasler|Dire Claw|p2a: CHICO LARGO\n|-resisted|p2a: CHICO LARGO|1\n|-damage|p2a: CHICO LARGO|0 fnt\n|faint|p2a: CHICO LARGO\n|\n|upkeep\n|\n|t:|1776277888\n|switch|p2a: FREYA|Delphox, L50, F, shiny|100/100\n|turn|4\n|inactive|dialestdial has 30 seconds left.\n|inactive|dialestdial has 20 seconds left.\n|\n|t:|1776277926\n|detailschange|p2a: FREYA|Delphox-Mega, L50, F, shiny\n|-mega|p2a: FREYA|Delphox|Delphoxite\n|move|p1a: Sneasler|Dire Claw|p2a: FREYA\n|-damage|p2a: FREYA|34/100\n|move|p2a: FREYA|Dazzling Gleam|p1a: Sneasler\n|-damage|p1a: Sneasler|0 fnt\n|faint|p1a: Sneasler\n|\n|upkeep\n|\n|t:|1776277938\n|switch|p1a: Clefable|Clefable, L50, M|100/100\n|turn|5\n|\n|t:|1776277950\n|detailschange|p1a: Clefable|Clefable-Mega, L50, M\n|-mega|p1a: Clefable|Clefable|Clefablite\n|move|p2a: FREYA|Fire Blast|p1a: Clefable\n|-damage|p1a: Clefable|49/100\n|move|p1a: Clefable|Cosmic Power|p1a: Clefable\n|-boost|p1a: Clefable|def|1\n|-boost|p1a: Clefable|spd|1\n|\n|upkeep\n|turn|6\n|\n|t:|1776277969\n|move|p2a: FREYA|Fire Blast|p1a: Clefable\n|-damage|p1a: Clefable|10/100\n|move|p1a: Clefable|Moonlight|p1a: Clefable\n|-heal|p1a: Clefable|60/100\n|\n|upkeep\n|turn|7\n|\n|t:|1776277978\n|move|p2a: FREYA|Fire Blast|p1a: Clefable\n|-damage|p1a: Clefable|25/100\n|move|p1a: Clefable|Moonlight|p1a: Clefable\n|-heal|p1a: Clefable|75/100\n|\n|upkeep\n|turn|8\n|\n|t:|1776277994\n|move|p2a: FREYA|Fire Blast|p1a: Clefable\n|-damage|p1a: Clefable|38/100\n|-status|p1a: Clefable|brn\n|move|p1a: Clefable|Cosmic Power|p1a: Clefable\n|-boost|p1a: Clefable|def|1\n|-boost|p1a: Clefable|spd|1\n|\n|-damage|p1a: Clefable|32/100 brn|[from] brn\n|upkeep\n|turn|9\n|\n|t:|1776278011\n|move|p2a: FREYA|Fire Blast|p1a: Clefable\n|-damage|p1a: Clefable|5/100 brn\n|move|p1a: Clefable|Moonlight|p1a: Clefable\n|-heal|p1a: Clefable|55/100 brn\n|\n|-damage|p1a: Clefable|49/100 brn|[from] brn\n|upkeep\n|turn|10\n|\n|t:|1776278023\n|move|p2a: FREYA|Fire Blast|p1a: Clefable|[miss]\n|-miss|p2a: FREYA|p1a: Clefable\n|move|p1a: Clefable|Moonlight|p1a: Clefable\n|-heal|p1a: Clefable|99/100 brn\n|\n|-damage|p1a: Clefable|93/100 brn|[from] brn\n|upkeep\n|turn|11\n|\n|t:|1776278032\n|move|p2a: FREYA|Fire Blast|p1a: Clefable\n|-damage|p1a: Clefable|66/100 brn\n|move|p1a: Clefable|Calm Mind|p1a: Clefable\n|-boost|p1a: Clefable|spa|1\n|-boost|p1a: Clefable|spd|1\n|\n|-damage|p1a: Clefable|60/100 brn|[from] brn\n|upkeep\n|turn|12\n|\n|t:|1776278043\n|move|p2a: FREYA|Fire Blast|p1a: Clefable\n|-damage|p1a: Clefable|38/100 brn\n|move|p1a: Clefable|Moonlight|p1a: Clefable\n|-heal|p1a: Clefable|88/100 brn\n|\n|-damage|p1a: Clefable|82/100 brn|[from] brn\n|upkeep\n|turn|13\n|\n|t:|1776278056\n|move|p2a: FREYA|Psyshock|p1a: Clefable\n|-damage|p1a: Clefable|63/100 brn\n|move|p1a: Clefable|Draining Kiss|p2a: FREYA\n|-resisted|p2a: FREYA|1\n|-damage|p2a: FREYA|18/100\n|-heal|p1a: Clefable|74/100 brn|[from] drain|[of] p2a: FREYA\n|\n|-damage|p1a: Clefable|68/100 brn|[from] brn\n|upkeep\n|turn|14\n|\n|t:|1776278066\n|move|p2a: FREYA|Psyshock|p1a: Clefable\n|-damage|p1a: Clefable|47/100 brn\n|move|p1a: Clefable|Calm Mind|p1a: Clefable\n|-boost|p1a: Clefable|spa|1\n|-boost|p1a: Clefable|spd|1\n|\n|-damage|p1a: Clefable|41/100 brn|[from] brn\n|upkeep\n|turn|15\n|\n|t:|1776278075\n|move|p2a: FREYA|Psyshock|p1a: Clefable\n|-damage|p1a: Clefable|22/100 brn\n|move|p1a: Clefable|Moonlight|p1a: Clefable\n|-heal|p1a: Clefable|72/100 brn\n|\n|-damage|p1a: Clefable|66/100 brn|[from] brn\n|upkeep\n|turn|16\n|\n|t:|1776278086\n|move|p2a: FREYA|Psyshock|p1a: Clefable\n|-damage|p1a: Clefable|48/100 brn\n|move|p1a: Clefable|Draining Kiss|p2a: FREYA\n|-resisted|p2a: FREYA|1\n|-damage|p2a: FREYA|0 fnt\n|-heal|p1a: Clefable|59/100 brn|[from] drain|[of] p2a: FREYA\n|faint|p2a: FREYA\n|\n|-damage|p1a: Clefable|53/100 brn|[from] brn\n|upkeep\n|\n|t:|1776278100\n|switch|p2a: MELANNY|Meowscarada, L50, F, shiny|100/100\n|turn|17\n|\n|t:|1776278103\n|move|p2a: MELANNY|Flower Trick|p1a: Clefable\n|-start|p2a: MELANNY|typechange|Grass|[from] ability: Protean\n|-resisted|p1a: Clefable|1\n|-crit|p1a: Clefable\n|-damage|p1a: Clefable|32/100 brn\n|move|p1a: Clefable|Draining Kiss|p2a: MELANNY\n|-damage|p2a: MELANNY|33/100\n|-heal|p1a: Clefable|78/100 brn|[from] drain|[of] p2a: MELANNY\n|\n|-damage|p1a: Clefable|72/100 brn|[from] brn\n|upkeep\n|turn|18\n|\n|t:|1776278118\n|move|p2a: MELANNY|Flower Trick|p1a: Clefable\n|-resisted|p1a: Clefable|1\n|-crit|p1a: Clefable\n|-damage|p1a: Clefable|50/100 brn\n|move|p1a: Clefable|Draining Kiss|p2a: MELANNY\n|-damage|p2a: MELANNY|0 fnt\n|-heal|p1a: Clefable|73/100 brn|[from] drain|[of] p2a: MELANNY\n|faint|p2a: MELANNY\n|\n|win|dialestdial\n|raw|dialestdial's rating: 1123 &rarr; <strong>1155</strong><br />(+32 for winning)\n|raw|SHUNTER05's rating: 1221 &rarr; <strong>1189</strong><br />(-32 for losing)\n",
  "uploadtime": 1776278125,
  "views": 15,
  "formatid": "gen9championsbssregma",
  "rating": 1155,
  "private": 0,
  "password": null
}