{
  "id": "gen9championsbssregma-2583027334",
  "format": "[Gen 9 Champions] BSS Reg M-A",
  "players": [
    "Sacred Kyrie",
    "lawofdeath"
  ],
  "log": "|j|\u2606Sacred Kyrie\n|j|\u2606lawofdeath\n|t:|1776134613\n|gametype|singles\n|player|p1|Sacred Kyrie|iris-gen5bw2|1182\n|player|p2|lawofdeath|102|1052\n|gen|9\n|tier|[Gen 9 Champions] BSS Reg M-A\n|rated|\n|rule|Species Clause: Limit one of each Pok\u00e9mon\n|rule|Item Clause: Limit 1 of each item\n|clearpoke\n|poke|p1|Torkoal, L50, F|\n|poke|p1|Sneasler, L50, F|\n|poke|p1|Froslass, L50, F|\n|poke|p1|Ditto, L50|\n|poke|p1|Archaludon, L50, F|\n|poke|p1|Lopunny, L50, M|\n|poke|p2|Corviknight, L50, F|\n|poke|p2|Rotom-Wash, L50|\n|poke|p2|Ceruledge, L50, M|\n|poke|p2|Tyranitar, L50, F|\n|poke|p2|Garchomp, L50, F|\n|poke|p2|Mimikyu, L50, M|\n|teampreview|3\n|\n|t:|1776134657\n|teamsize|p1|3\n|teamsize|p2|3\n|start\n|switch|p1a: Froslass|Froslass, L50, F, shiny|100/100\n|switch|p2a: Corviknight|Corviknight, L50, F|100/100\n|-ability|p2a: Corviknight|Pressure\n|turn|1\n|\n|t:|1776134665\n|detailschange|p1a: Froslass|Froslass-Mega, L50, F, shiny\n|-mega|p1a: Froslass|Froslass|Froslassite\n|-weather|Snowscape|[from] ability: Snow Warning|[of] p1a: Froslass\n|move|p1a: Froslass|Aurora Veil|p1a: Froslass\n|-sidestart|p1: Sacred Kyrie|move: Aurora Veil\n|move|p2a: Corviknight|Brave Bird|p1a: Froslass\n|-damage|p1a: Froslass|87/100\n|-damage|p2a: Corviknight|97/100|[from] Recoil\n|\n|-weather|Snowscape|[upkeep]\n|-heal|p2a: Corviknight|100/100|[from] item: Leftovers\n|upkeep\n|turn|2\n|c|\u2606lawofdeath|!data froslass-mega\n|c|\u2606lawofdeath|/raw <div class=\"message\"><ul class=\"utilichart\"><li class=\"result\"><span class=\"col numcol\">OU</span> <span class=\"col iconcol\"><psicon pokemon=\"froslassmega\"/></span> <span class=\"col pokemonnamecol\" style=\"white-space:nowrap\"><a href=\"https://dex.pokemonshowdown.com/pokemon/froslassmega\" target=\"_blank\">Froslass-Mega</a></span> <span class=\"col typecol\"><img src=\"https://play.pokemonshowdown.com/sprites/types/Ice.png\" alt=\"Ice\" height=\"14\" width=\"32\"><img src=\"https://play.pokemonshowdown.com/sprites/types/Ghost.png\" alt=\"Ghost\" height=\"14\" width=\"32\"></span> <span style=\"float:left;min-height:26px\"><span class=\"col abilitycol\">Snow Warning</span><span class=\"col abilitycol\"></span></span><span style=\"float:left;min-height:26px\"><span class=\"col statcol\"><em>HP</em><br />70</span> <span class=\"col statcol\"><em>Atk</em><br />80</span> <span class=\"col statcol\"><em>Def</em><br />70</span> <span class=\"col statcol\"><em>SpA</em><br />140</span> <span class=\"col statcol\"><em>SpD</em><br />100</span> <span class=\"col statcol\"><em>Spe</em><br />120</span> <span class=\"col bstcol\"><em>BST<br />580</em></span> </span></li><li style=\"clear:both\"></li></ul></div>\n\n|inactive|Battle timer is ON: inactive players will automatically lose when time's up. (requested by Sacred Kyrie)\n|\n|t:|1776134696\n|move|p1a: Froslass|Nasty Plot|p1a: Froslass\n|-boost|p1a: Froslass|spa|2\n|move|p2a: Corviknight|Brave Bird|p1a: Froslass\n|-damage|p1a: Froslass|70/100\n|-damage|p2a: Corviknight|97/100|[from] Recoil\n|\n|-weather|Snowscape|[upkeep]\n|-heal|p2a: Corviknight|100/100|[from] item: Leftovers\n|upkeep\n|turn|3\n|\n|t:|1776134711\n|move|p1a: Froslass|Blizzard|p2a: Corviknight\n|-damage|p2a: Corviknight|5/100\n|move|p2a: Corviknight|U-turn|p1a: Froslass\n|-resisted|p1a: Froslass|1\n|-damage|p1a: Froslass|67/100\n|\n|t:|1776134732\n|switch|p2a: Garchomp|Garchomp, L50, F|100/100|[from] U-turn\n|\n|-weather|Snowscape|[upkeep]\n|upkeep\n|turn|4\n|\n|t:|1776134739\n|switch|p2a: Corviknight|Corviknight, L50, F|5/100\n|-ability|p2a: Corviknight|Pressure\n|move|p1a: Froslass|Blizzard|p2a: Corviknight\n|-damage|p2a: Corviknight|0 fnt\n|faint|p2a: Corviknight\n|\n|-weather|Snowscape|[upkeep]\n|upkeep\n|\n|t:|1776134747\n|switch|p2a: Mimikyu|Mimikyu, L50, M|100/100\n|turn|5\n|\n|t:|1776134757\n|move|p1a: Froslass|Blizzard|p2a: Mimikyu\n|-activate|p2a: Mimikyu|ability: Disguise\n|-damage|p2a: Mimikyu|100/100\n|detailschange|p2a: Mimikyu|Mimikyu-Busted, L50, M\n|-damage|p2a: Mimikyu|88/100|[from] pokemon: Mimikyu-Busted\n|move|p2a: Mimikyu|Swords Dance|p2a: Mimikyu\n|-boost|p2a: Mimikyu|atk|2\n|\n|-weather|none\n|-sideend|p1: Sacred Kyrie|move: Aurora Veil\n|upkeep\n|turn|6\n|\n|t:|1776134773\n|switch|p1a: Sneasler|Sneasler, L50, F|100/100\n|move|p2a: Mimikyu|Shadow Sneak|p1a: Sneasler\n|-damage|p1a: Sneasler|38/100\n|\n|upkeep\n|turn|7\n|\n|t:|1776134778\n|move|p2a: Mimikyu|Shadow Sneak|p1a: Sneasler\n|-damage|p1a: Sneasler|0 fnt\n|faint|p1a: Sneasler\n|\n|upkeep\n|\n|t:|1776134788\n|switch|p1a: IMPASTA|Ditto, L50|100/100\n|-transform|p1a: IMPASTA|p2a: Mimikyu|[from] ability: Imposter\n|turn|8\n|inactive|lawofdeath has 30 seconds left.\n|\n|t:|1776134819\n|switch|p2a: Garchomp|Garchomp, L50, F|100/100\n|move|p1a: IMPASTA|Shadow Sneak|p2a: Garchomp\n|-damage|p2a: Garchomp|66/100\n|-damage|p1a: IMPASTA|88/100|[from] ability: Rough Skin|[of] p2a: Garchomp\n|\n|upkeep\n|turn|9\n|\n|t:|1776134832\n|switch|p1a: Froslass|Froslass-Mega, L50, F, shiny|67/100\n|-weather|Snowscape|[from] ability: Snow Warning|[of] p1a: Froslass\n|move|p2a: Garchomp|Earthquake|p1a: Froslass\n|-damage|p1a: Froslass|22/100\n|\n|-weather|Snowscape|[upkeep]\n|upkeep\n|turn|10\n|\n|t:|1776134849\n|move|p1a: Froslass|Blizzard|p2a: Garchomp\n|-supereffective|p2a: Garchomp|2\n|-damage|p2a: Garchomp|0 fnt\n|faint|p2a: Garchomp\n|\n|-weather|Snowscape|[upkeep]\n|upkeep\n|\n|t:|1776134854\n|switch|p2a: Mimikyu|Mimikyu-Busted, L50, M|88/100\n|turn|11\n|\n|t:|1776134860\n|move|p2a: Mimikyu|Shadow Sneak|p1a: Froslass\n|-supereffective|p1a: Froslass|1\n|-damage|p1a: Froslass|0 fnt\n|faint|p1a: Froslass\n|\n|-weather|Snowscape|[upkeep]\n|upkeep\n|\n|t:|1776134862\n|switch|p1a: IMPASTA|Ditto, L50|88/100\n|-transform|p1a: IMPASTA|p2a: Mimikyu|[from] ability: Imposter\n|turn|12\n|\n|t:|1776134883\n|move|p1a: IMPASTA|Shadow Sneak|p2a: Mimikyu\n|-supereffective|p2a: Mimikyu|1\n|-damage|p2a: Mimikyu|32/100\n|move|p2a: Mimikyu|Play Rough|p1a: IMPASTA\n|-damage|p1a: IMPASTA|35/100\n|\n|-weather|Snowscape|[upkeep]\n|upkeep\n|turn|13\n|c|\u2606lawofdeath|bpm pls\n|c|\u2606lawofdeath|bp*\n|\n|t:|1776134894\n|move|p1a: IMPASTA|Shadow Sneak|p2a: Mimikyu\n|-supereffective|p2a: Mimikyu|1\n|-damage|p2a: Mimikyu|0 fnt\n|faint|p2a: Mimikyu\n|\n|win|Sacred Kyrie\n|raw|Sacred Kyrie's rating: 1182 &rarr; <strong>1198</strong><br />(+16 for winning)\n|raw|lawofdeath's rating: 1052 &rarr; <strong>1041</strong><br />(-11 for losing)\n|c|\u2606lawofdeath|f\n",
  "uploadtime": 1776134899,
  "views": 6,
  "formatid": "gen9championsbssregma",
  "rating": 1041,
  "private": 0,
  "password": null
}