{
  "id": "gen9championsbssregma-2580691817",
  "format": "[Gen 9 Champions] BSS Reg M-A",
  "players": [
    "Meteorplayz_",
    "koiru256"
  ],
  "log": "|j|\u2606Meteorplayz_\n|j|\u2606koiru256\n|t:|1775924670\n|gametype|singles\n|player|p1|Meteorplayz_|winona-gen6|1053\n|player|p2|koiru256|rocketgrunt|1132\n|gen|9\n|tier|[Gen 9 Champions] BSS Reg M-A\n|rated|\n|rule|Species Clause: Limit one of each Pok\u00e9mon\n|rule|Item Clause: Limit 1 of each item\n|clearpoke\n|poke|p1|Meowscarada, L50, F|\n|poke|p1|Milotic, L50, M|\n|poke|p1|Aegislash, L50, M|\n|poke|p1|Dragonite, L50, M|\n|poke|p1|Slowking-Galar, L50, F|\n|poke|p1|Lopunny, L50, M|\n|poke|p2|Lucario, L50, M|\n|poke|p2|Sneasler, L50, M|\n|poke|p2|Gallade, L50, M|\n|poke|p2|Mimikyu, L50, F|\n|poke|p2|Gengar, L50, M|\n|poke|p2|Basculegion, L50, M|\n|teampreview|3\n|inactive|Battle timer is ON: inactive players will automatically lose when time's up. (requested by koiru256)\n|\n|t:|1775924697\n|teamsize|p1|3\n|teamsize|p2|3\n|start\n|switch|p1a: Milotic|Milotic, L50, M|100/100\n|switch|p2a: Sneasler|Sneasler, L50, M|100/100\n|turn|1\n|\n|t:|1775924716\n|move|p2a: Sneasler|Fake Out|p1a: Milotic\n|-damage|p1a: Milotic|89/100\n|cant|p1a: Milotic|flinch\n|\n|upkeep\n|turn|2\n|\n|t:|1775924721\n|move|p2a: Sneasler|Dire Claw|p1a: Milotic\n|-damage|p1a: Milotic|57/100\n|move|p1a: Milotic|Scald|p2a: Sneasler\n|-damage|p2a: Sneasler|62/100\n|\n|upkeep\n|turn|3\n|\n|t:|1775924728\n|move|p2a: Sneasler|Dire Claw|p1a: Milotic\n|-damage|p1a: Milotic|23/100\n|-status|p1a: Milotic|psn\n|move|p1a: Milotic|Recover|p1a: Milotic\n|-heal|p1a: Milotic|73/100 psn\n|\n|-damage|p1a: Milotic|60/100 psn|[from] psn\n|upkeep\n|turn|4\n|\n|t:|1775924736\n|move|p2a: Sneasler|Close Combat|p1a: Milotic\n|-damage|p1a: Milotic|29/100 psn\n|-unboost|p2a: Sneasler|def|1\n|-unboost|p2a: Sneasler|spd|1\n|move|p1a: Milotic|Scald|p2a: Sneasler\n|-damage|p2a: Sneasler|1/100\n|\n|-damage|p1a: Milotic|16/100 psn|[from] psn\n|upkeep\n|turn|5\n|\n|t:|1775924747\n|move|p2a: Sneasler|Close Combat|p1a: Milotic\n|-damage|p1a: Milotic|0 fnt\n|-unboost|p2a: Sneasler|def|1\n|-unboost|p2a: Sneasler|spd|1\n|faint|p1a: Milotic\n|\n|upkeep\n|\n|t:|1775924751\n|switch|p1a: Lopunny|Lopunny, L50, M|100/100\n|turn|6\n|\n|t:|1775924755\n|switch|p2a: Basculegion|Basculegion, L50, M|100/100\n|detailschange|p1a: Lopunny|Lopunny-Mega, L50, M\n|-mega|p1a: Lopunny|Lopunny|Lopunnite\n|move|p1a: Lopunny|Fake Out|p2a: Basculegion\n|-damage|p2a: Basculegion|76/100\n|\n|upkeep\n|turn|7\n|\n|t:|1775924763\n|move|p1a: Lopunny|U-turn|p2a: Basculegion\n|-resisted|p2a: Basculegion|1\n|-damage|p2a: Basculegion|60/100\n|\n|t:|1775924765\n|switch|p1a: Meowscarada|Meowscarada, L50, F|100/100|[from] U-turn\n|move|p2a: Basculegion|Wave Crash|p1a: Meowscarada\n|-resisted|p1a: Meowscarada|1\n|-damage|p1a: Meowscarada|35/100\n|-damage|p2a: Basculegion|44/100|[from] Recoil\n|\n|upkeep\n|turn|8\n|\n|t:|1775924777\n|move|p2a: Basculegion|Aqua Jet|p1a: Meowscarada\n|-resisted|p1a: Meowscarada|1\n|-damage|p1a: Meowscarada|14/100\n|move|p1a: Meowscarada|Flower Trick|p2a: Basculegion\n|-start|p1a: Meowscarada|typechange|Grass|[from] ability: Protean\n|-supereffective|p2a: Basculegion|1\n|-crit|p2a: Basculegion\n|-damage|p2a: Basculegion|0 fnt\n|faint|p2a: Basculegion\n|\n|upkeep\n|\n|t:|1775924786\n|switch|p2a: Sneasler|Sneasler, L50, M|1/100\n|turn|9\n|\n|t:|1775924792\n|move|p2a: Sneasler|Fake Out|p1a: Meowscarada\n|-damage|p1a: Meowscarada|0 fnt\n|faint|p1a: Meowscarada\n|\n|upkeep\n|\n|t:|1775924794\n|switch|p1a: Lopunny|Lopunny-Mega, L50, M|100/100\n|turn|10\n|\n|t:|1775924798\n|move|p1a: Lopunny|Fake Out|p2a: Sneasler\n|-damage|p2a: Sneasler|0 fnt\n|faint|p2a: Sneasler\n|\n|upkeep\n|\n|t:|1775924802\n|switch|p2a: Lucario|Lucario, L50, M|100/100\n|turn|11\n|\n|t:|1775924807\n|detailschange|p2a: Lucario|Lucario-Mega, L50, M\n|-mega|p2a: Lucario|Lucario|Lucarionite\n|move|p1a: Lopunny|Close Combat|p2a: Lucario\n|-supereffective|p2a: Lucario|1\n|-damage|p2a: Lucario|0 fnt\n|-unboost|p1a: Lopunny|def|1\n|-unboost|p1a: Lopunny|spd|1\n|faint|p2a: Lucario\n|\n|win|Meteorplayz_\n|raw|Meteorplayz_'s rating: 1053 &rarr; <strong>1092</strong><br />(+39 for winning)\n|raw|koiru256's rating: 1132 &rarr; <strong>1101</strong><br />(-31 for losing)\n",
  "uploadtime": 1775924807,
  "views": 15,
  "formatid": "gen9championsbssregma",
  "rating": 1092,
  "private": 0,
  "password": null
}