{
  "id": "gen9championsbssregma-2587681202",
  "format": "[Gen 9 Champions] BSS Reg M-A",
  "players": [
    "ruriripoke",
    "goomba number two"
  ],
  "log": "|j|\u2606ruriripoke\n|j|\u2606goomba number two\n|t:|1776553329\n|gametype|singles\n|player|p1|ruriripoke|265|1368\n|player|p2|goomba number two|barry|1370\n|gen|9\n|tier|[Gen 9 Champions] BSS Reg M-A\n|rated|\n|rule|Species Clause: Limit one of each Pok\u00e9mon\n|rule|Item Clause: Limit 1 of each item\n|clearpoke\n|poke|p1|Hippowdon, L50, F|\n|poke|p1|Charizard, L50, F|\n|poke|p1|Primarina, L50, F|\n|poke|p1|Meowscarada, L50, M|\n|poke|p1|Gengar, L50, F|\n|poke|p1|Kingambit, L50, M|\n|poke|p2|Vaporeon, L50, M|\n|poke|p2|Jolteon, L50, M|\n|poke|p2|Flareon, L50, M|\n|poke|p2|Espeon, L50, M|\n|poke|p2|Umbreon, L50, M|\n|poke|p2|Sylveon, L50, M|\n|teampreview|3\n|inactive|Battle timer is ON: inactive players will automatically lose when time's up. (requested by ruriripoke)\n|inactive|ruriripoke has 60 seconds left.\n|\n|t:|1776553362\n|teamsize|p1|3\n|teamsize|p2|3\n|start\n|switch|p1a: Gengar|Gengar, L50, F|100/100\n|switch|p2a: Vaporeon|Vaporeon, L50, M|100/100\n|turn|1\n|j| bromerta\n|\n|t:|1776553369\n|switch|p2a: Umbreon|Umbreon, L50, M|100/100\n|detailschange|p1a: Gengar|Gengar-Mega, L50, F\n|-mega|p1a: Gengar|Gengar|Gengarite\n|move|p1a: Gengar|Sludge Wave|p2a: Umbreon\n|-damage|p2a: Umbreon|57/100\n|\n|upkeep\n|turn|2\n|\n|t:|1776553378\n|switch|p1a: Hippowdon|Hippowdon, L50, F|100/100\n|-weather|Sandstorm|[from] ability: Sand Stream|[of] p1a: Hippowdon\n|move|p2a: Umbreon|Foul Play|p1a: Hippowdon\n|-damage|p1a: Hippowdon|80/100\n|\n|-weather|Sandstorm|[upkeep]\n|-damage|p2a: Umbreon|51/100|[from] Sandstorm\n|upkeep\n|turn|3\n|\n|t:|1776553383\n|move|p2a: Umbreon|Toxic|p1a: Hippowdon\n|-status|p1a: Hippowdon|tox\n|move|p1a: Hippowdon|Earthquake|p2a: Umbreon\n|-damage|p2a: Umbreon|29/100\n|\n|-weather|Sandstorm|[upkeep]\n|-damage|p2a: Umbreon|23/100|[from] Sandstorm\n|-damage|p1a: Hippowdon|74/100 tox|[from] psn\n|upkeep\n|turn|4\n|\n|t:|1776553387\n|move|p2a: Umbreon|Wish|p2a: Umbreon\n|move|p1a: Hippowdon|Stealth Rock|p2a: Umbreon\n|-sidestart|p2: goomba number two|move: Stealth Rock\n|\n|-weather|Sandstorm|[upkeep]\n|-damage|p2a: Umbreon|17/100|[from] Sandstorm\n|-damage|p1a: Hippowdon|61/100 tox|[from] psn\n|upkeep\n|turn|5\n|\n|t:|1776553408\n|move|p2a: Umbreon|Protect|p2a: Umbreon\n|-singleturn|p2a: Umbreon|Protect\n|move|p1a: Hippowdon|Yawn|p2a: Umbreon\n|-activate|p2a: Umbreon|move: Protect\n|\n|-weather|Sandstorm|[upkeep]\n|-damage|p2a: Umbreon|11/100|[from] Sandstorm\n|-heal|p2a: Umbreon|61/100|[from] move: Wish|[wisher] Umbreon\n|-damage|p1a: Hippowdon|43/100 tox|[from] psn\n|upkeep\n|-enditem|p1a: Hippowdon|Sitrus Berry|[eat]\n|-heal|p1a: Hippowdon|68/100 tox|[from] item: Sitrus Berry\n|turn|6\n|\n|t:|1776553413\n|move|p2a: Umbreon|Wish|p2a: Umbreon\n|move|p1a: Hippowdon|Yawn|p2a: Umbreon\n|-start|p2a: Umbreon|move: Yawn|[of] p1a: Hippowdon\n|\n|-weather|none\n|-damage|p1a: Hippowdon|44/100 tox|[from] psn\n|upkeep\n|turn|7\n|\n|t:|1776553421\n|switch|p2a: Vaporeon|Vaporeon, L50, M|100/100\n|-damage|p2a: Vaporeon|88/100|[from] Stealth Rock\n|switch|p1a: Kingambit|Kingambit, L50, M|100/100\n|\n|-heal|p2a: Vaporeon|100/100|[from] move: Wish|[wisher] Umbreon\n|upkeep\n|turn|8\n|\n|t:|1776553432\n|move|p2a: Vaporeon|Scald|p1a: Kingambit\n|-damage|p1a: Kingambit|62/100\n|move|p1a: Kingambit|Kowtow Cleave|p2a: Vaporeon\n|-crit|p2a: Vaporeon\n|-damage|p2a: Vaporeon|16/100\n|-enditem|p2a: Vaporeon|Sitrus Berry|[eat]\n|-heal|p2a: Vaporeon|41/100|[from] item: Sitrus Berry\n|\n|upkeep\n|turn|9\n|\n|t:|1776553441\n|move|p1a: Kingambit|Sucker Punch||[still]\n|-fail|p1a: Kingambit\n|move|p2a: Vaporeon|Substitute|p2a: Vaporeon\n|-start|p2a: Vaporeon|Substitute\n|-damage|p2a: Vaporeon|16/100\n|\n|upkeep\n|turn|10\n|\n|t:|1776553444\n|move|p2a: Vaporeon|Yawn|p1a: Kingambit\n|-start|p1a: Kingambit|move: Yawn|[of] p2a: Vaporeon\n|move|p1a: Kingambit|Kowtow Cleave|p2a: Vaporeon\n|-end|p2a: Vaporeon|Substitute\n|\n|upkeep\n|turn|11\n|\n|t:|1776553454\n|-end|p1a: Kingambit|fallenundefined|[silent]\n|switch|p1a: Hippowdon|Hippowdon, L50, F|44/100 tox\n|-weather|Sandstorm|[from] ability: Sand Stream|[of] p1a: Hippowdon\n|move|p2a: Vaporeon|Scald|p1a: Hippowdon\n|-supereffective|p1a: Hippowdon|1\n|-damage|p1a: Hippowdon|0 fnt\n|faint|p1a: Hippowdon\n|\n|-weather|Sandstorm|[upkeep]\n|-damage|p2a: Vaporeon|10/100|[from] Sandstorm\n|upkeep\n|\n|t:|1776553457\n|switch|p1a: Gengar|Gengar-Mega, L50, F|100/100\n|turn|12\n|\n|t:|1776553460\n|move|p1a: Gengar|Sludge Wave|p2a: Vaporeon\n|-damage|p2a: Vaporeon|0 fnt\n|faint|p2a: Vaporeon\n|\n|-weather|Sandstorm|[upkeep]\n|-damage|p1a: Gengar|95/100|[from] Sandstorm\n|upkeep\n|\n|t:|1776553461\n|switch|p2a: Umbreon|Umbreon, L50, M|61/100\n|-damage|p2a: Umbreon|49/100|[from] Stealth Rock\n|turn|13\n|\n|t:|1776553467\n|move|p1a: Gengar|Sludge Wave|p2a: Umbreon\n|-damage|p2a: Umbreon|3/100\n|move|p2a: Umbreon|Foul Play|p1a: Gengar\n|-supereffective|p1a: Gengar|1\n|-damage|p1a: Gengar|23/100\n|\n|-weather|Sandstorm|[upkeep]\n|-damage|p1a: Gengar|18/100|[from] Sandstorm\n|-damage|p2a: Umbreon|0 fnt|[from] Sandstorm\n|faint|p2a: Umbreon\n|upkeep\n|\n|t:|1776553470\n|switch|p2a: Sylveon|Sylveon, L50, M|100/100\n|-damage|p2a: Sylveon|88/100|[from] Stealth Rock\n|turn|14\n|\n|t:|1776553474\n|move|p2a: Sylveon|Detect|p2a: Sylveon\n|-singleturn|p2a: Sylveon|Protect\n|move|p1a: Gengar|Sludge Wave|p2a: Sylveon\n|-activate|p2a: Sylveon|move: Protect\n|\n|-weather|Sandstorm|[upkeep]\n|-damage|p1a: Gengar|12/100|[from] Sandstorm\n|-damage|p2a: Sylveon|82/100|[from] Sandstorm\n|-heal|p2a: Sylveon|88/100|[from] item: Leftovers\n|upkeep\n|turn|15\n|\n|t:|1776553476\n|move|p1a: Gengar|Sludge Wave|p2a: Sylveon\n|-supereffective|p2a: Sylveon|1\n|-damage|p2a: Sylveon|0 fnt\n|faint|p2a: Sylveon\n|\n|win|ruriripoke\n|raw|ruriripoke's rating: 1368 &rarr; <strong>1388</strong><br />(+20 for winning)\n|raw|goomba number two's rating: 1370 &rarr; <strong>1350</strong><br />(-20 for losing)\n|l|\u2606goomba number two\n|player|p2|\n|l|\u2606ruriripoke\n|player|p1|\n",
  "uploadtime": 1776553496,
  "views": 6,
  "formatid": "gen9championsbssregma",
  "rating": 1350,
  "private": 0,
  "password": null
}