{
  "id": "gen9championsbssregma-2586905236",
  "format": "[Gen 9 Champions] BSS Reg M-A",
  "players": [
    "GirlriG",
    "hijanu"
  ],
  "log": "|j|\u2606GirlriG\n|j|\u2606hijanu\n|t:|1776470432\n|gametype|singles\n|player|p1|GirlriG|swimmerf-gen4dp|1080\n|player|p2|hijanu|hilbert-wonderlauncher|1000\n|gen|9\n|tier|[Gen 9 Champions] BSS Reg M-A\n|rated|\n|rule|Species Clause: Limit one of each Pok\u00e9mon\n|rule|Item Clause: Limit 1 of each item\n|clearpoke\n|poke|p1|Charizard, L50, M|\n|poke|p1|Lucario, L50, M|\n|poke|p1|Infernape, L50, M|\n|poke|p1|Gyarados, L50, M|\n|poke|p1|Orthworm, L50, M|\n|poke|p1|Mimikyu, L50, M|\n|poke|p2|Corviknight, L50, M|\n|poke|p2|Furfrou, L50, M|\n|poke|p2|Ceruledge, L50, M|\n|poke|p2|Hawlucha, L50, M|\n|poke|p2|Rotom-Wash, L50|\n|poke|p2|Torterra, L50, F|\n|teampreview|3\n|inactive|Battle timer is ON: inactive players will automatically lose when time's up. (requested by GirlriG)\n|\n|t:|1776470442\n|teamsize|p1|3\n|teamsize|p2|3\n|start\n|switch|p1a: Orthworm|Orthworm, L50, M, shiny|100/100\n|switch|p2a: Rotom|Rotom-Wash, L50|100/100\n|turn|1\n|\n|t:|1776470449\n|move|p2a: Rotom|Will-O-Wisp|p1a: Orthworm\n|-status|p1a: Orthworm|brn\n|move|p1a: Orthworm|Shed Tail|p1a: Orthworm\n|-start|p1a: Orthworm|Substitute|[from] move: Shed Tail\n|-damage|p1a: Orthworm|50/100 brn\n|-enditem|p1a: Orthworm|Sitrus Berry|[eat]\n|-heal|p1a: Orthworm|75/100 brn|[from] item: Sitrus Berry\n|\n|t:|1776470458\n|switch|p1a: Mimikyu|Mimikyu, L50, M, shiny|100/100|[from] Shed Tail\n|\n|upkeep\n|turn|2\n|\n|t:|1776470464\n|move|p1a: Mimikyu|Swords Dance|p1a: Mimikyu\n|-boost|p1a: Mimikyu|atk|2\n|move|p2a: Rotom|Hydro Pump|p1a: Mimikyu\n|-end|p1a: Mimikyu|Substitute\n|\n|upkeep\n|turn|3\n|\n|t:|1776470472\n|move|p1a: Mimikyu|Swords Dance|p1a: Mimikyu\n|-boost|p1a: Mimikyu|atk|2\n|move|p2a: Rotom|Dark Pulse|p1a: Mimikyu\n|-activate|p1a: Mimikyu|ability: Disguise\n|-damage|p1a: Mimikyu|100/100\n|detailschange|p1a: Mimikyu|Mimikyu-Busted, L50, M, shiny\n|-damage|p1a: Mimikyu|88/100|[from] pokemon: Mimikyu-Busted\n|\n|upkeep\n|turn|4\n|\n|t:|1776470483\n|move|p1a: Mimikyu|Shadow Claw|p2a: Rotom\n|-damage|p2a: Rotom|0 fnt\n|faint|p2a: Rotom\n|\n|upkeep\n|\n|t:|1776470489\n|switch|p2a: Ceruledge|Ceruledge, L50, M|100/100\n|turn|5\n|\n|t:|1776470493\n|move|p1a: Mimikyu|Shadow Sneak|p2a: Ceruledge\n|-supereffective|p2a: Ceruledge|1\n|-enditem|p2a: Ceruledge|Focus Sash\n|-damage|p2a: Ceruledge|1/100\n|-ability|p2a: Ceruledge|Weak Armor|boost\n|-unboost|p2a: Ceruledge|def|1\n|-boost|p2a: Ceruledge|spe|2\n|move|p2a: Ceruledge|Swords Dance|p2a: Ceruledge\n|-boost|p2a: Ceruledge|atk|2\n|\n|upkeep\n|turn|6\n|\n|t:|1776470503\n|move|p2a: Ceruledge|Shadow Sneak|p1a: Mimikyu\n|-supereffective|p1a: Mimikyu|1\n|-damage|p1a: Mimikyu|0 fnt\n|faint|p1a: Mimikyu\n|\n|upkeep\n|\n|t:|1776470507\n|switch|p1a: Orthworm|Orthworm, L50, M, shiny|75/100 brn\n|turn|7\n|\n|t:|1776470516\n|move|p2a: Ceruledge|Bitter Blade|p1a: Orthworm\n|-supereffective|p1a: Orthworm|1\n|-damage|p1a: Orthworm|0 fnt\n|-heal|p2a: Ceruledge|31/100|[from] drain|[of] p1a: Orthworm\n|faint|p1a: Orthworm\n|\n|upkeep\n|\n|t:|1776470521\n|switch|p1a: Charizard|Charizard, L50, M, shiny|100/100\n|turn|8\n|\n|t:|1776470543\n|detailschange|p1a: Charizard|Charizard-Mega-Y, L50, M, shiny\n|-mega|p1a: Charizard|Charizard|Charizardite Y\n|-weather|SunnyDay|[from] ability: Drought|[of] p1a: Charizard\n|move|p2a: Ceruledge|Bitter Blade|p1a: Charizard\n|-resisted|p1a: Charizard|1\n|-damage|p1a: Charizard|1/100\n|-heal|p2a: Ceruledge|73/100|[from] drain|[of] p1a: Charizard\n|move|p1a: Charizard|Scorching Sands|p2a: Ceruledge\n|-supereffective|p2a: Ceruledge|1\n|-damage|p2a: Ceruledge|19/100\n|\n|-weather|SunnyDay|[upkeep]\n|upkeep\n|turn|9\n|-message|GirlriG forfeited.\n|\n|win|hijanu\n|raw|GirlriG's rating: 1080 &rarr; <strong>1053</strong><br />(-27 for losing)\n|raw|hijanu's rating: 1000 &rarr; <strong>1049</strong><br />(+49 for winning)\n|l|\u2606GirlriG\n|player|p1|\n",
  "uploadtime": 1776470573,
  "views": 7,
  "formatid": "gen9championsbssregma",
  "rating": 1049,
  "private": 0,
  "password": null
}