{
  "id": "gen9championsbssregma-2587116066",
  "format": "[Gen 9 Champions] BSS Reg M-A",
  "players": [
    "skyla'shusband",
    "Keyan_Sans"
  ],
  "log": "|j|\u2606skyla'shusband\n|j|\u2606Keyan_Sans\n|t:|1776495648\n|gametype|singles\n|player|p1|skyla'shusband|skyla|1099\n|player|p2|Keyan_Sans|hugh|1053\n|gen|9\n|tier|[Gen 9 Champions] BSS Reg M-A\n|rated|\n|rule|Species Clause: Limit one of each Pok\u00e9mon\n|rule|Item Clause: Limit 1 of each item\n|clearpoke\n|poke|p1|Gyarados, L50, M, shiny|\n|poke|p1|Venusaur, L50, M|\n|poke|p1|Stunfisk, L50, M|\n|poke|p1|Mimikyu, L50, F|\n|poke|p1|Armarouge, L50, M|\n|poke|p1|Archaludon, L50, M|\n|poke|p2|Greninja, L50, M|\n|poke|p2|Skarmory, L50, M|\n|poke|p2|Garchomp, L50, F|\n|poke|p2|Gengar, L50, F|\n|poke|p2|Sneasler, L50, M|\n|poke|p2|Hatterene, L50, F|\n|teampreview|3\n|inactive|Battle timer is ON: inactive players will automatically lose when time's up. (requested by Keyan_Sans)\n|inactive|Keyan_Sans has 60 seconds left.\n|\n|t:|1776495695\n|teamsize|p1|3\n|teamsize|p2|3\n|start\n|switch|p1a: Stunfisk|Stunfisk, L50, M|100/100\n|switch|p2a: Sneasler|Sneasler, L50, M|100/100\n|turn|1\n|\n|t:|1776495699\n|move|p2a: Sneasler|Swords Dance|p2a: Sneasler\n|-boost|p2a: Sneasler|atk|2\n|move|p1a: Stunfisk|Yawn|p2a: Sneasler\n|-start|p2a: Sneasler|move: Yawn|[of] p1a: Stunfisk\n|\n|upkeep\n|turn|2\n|\n|t:|1776495702\n|move|p2a: Sneasler|Close Combat|p1a: Stunfisk\n|-damage|p1a: Stunfisk|0 fnt\n|-unboost|p2a: Sneasler|def|1\n|-unboost|p2a: Sneasler|spd|1\n|faint|p1a: Stunfisk\n|\n|-end|p2a: Sneasler|move: Yawn|[silent]\n|-status|p2a: Sneasler|slp\n|upkeep\n|\n|t:|1776495711\n|switch|p1a: Armarouge|Armarouge, L50, M|100/100\n|turn|3\n|\n|t:|1776495716\n|cant|p2a: Sneasler|slp\n|move|p1a: Armarouge|Psychic Terrain|p1a: Armarouge\n|-fieldstart|move: Psychic Terrain\n|\n|upkeep\n|turn|4\n|\n|t:|1776495720\n|cant|p2a: Sneasler|slp\n|move|p1a: Armarouge|Expanding Force|p2a: Sneasler\n|-supereffective|p2a: Sneasler|2\n|-enditem|p2a: Sneasler|Focus Sash\n|-damage|p2a: Sneasler|1/100 slp\n|\n|upkeep\n|turn|5\n|\n|t:|1776495723\n|-curestatus|p2a: Sneasler|slp|[msg]\n|move|p2a: Sneasler|Shadow Claw|p1a: Armarouge\n|-supereffective|p1a: Armarouge|1\n|-enditem|p1a: Armarouge|Focus Sash\n|-damage|p1a: Armarouge|1/100\n|-ability|p1a: Armarouge|Weak Armor|boost\n|-unboost|p1a: Armarouge|def|1\n|-boost|p1a: Armarouge|spe|2\n|move|p1a: Armarouge|Expanding Force|p2a: Sneasler\n|-supereffective|p2a: Sneasler|2\n|-damage|p2a: Sneasler|0 fnt\n|faint|p2a: Sneasler\n|\n|upkeep\n|\n|t:|1776495728\n|switch|p2a: Skarmory|Skarmory, L50, M|100/100\n|turn|6\n|\n|t:|1776495730\n|move|p1a: Armarouge|Armor Cannon|p2a: Skarmory\n|-supereffective|p2a: Skarmory|1\n|-ability|p2a: Skarmory|Sturdy\n|-damage|p2a: Skarmory|1/100\n|-unboost|p1a: Armarouge|def|1\n|-unboost|p1a: Armarouge|spd|1\n|move|p2a: Skarmory|Body Press|p1a: Armarouge\n|-resisted|p1a: Armarouge|1\n|-damage|p1a: Armarouge|0 fnt\n|faint|p1a: Armarouge\n|\n|-heal|p2a: Skarmory|7/100|[from] item: Leftovers\n|upkeep\n|\n|t:|1776495732\n|switch|p1a: Gyarados|Gyarados, L50, M, shiny|100/100\n|-ability|p1a: Gyarados|Intimidate|boost\n|-unboost|p2a: Skarmory|atk|1\n|turn|7\n|\n|t:|1776495736\n|move|p1a: Gyarados|Taunt|p2a: Skarmory\n|-start|p2a: Skarmory|move: Taunt\n|cant|p2a: Skarmory|move: Taunt|Roost\n|\n|-heal|p2a: Skarmory|13/100|[from] item: Leftovers\n|-fieldend|move: Psychic Terrain\n|upkeep\n|turn|8\n|\n|t:|1776495741\n|switch|p2a: Garchomp|Garchomp, L50, F|100/100\n|move|p1a: Gyarados|Dragon Dance|p1a: Gyarados\n|-boost|p1a: Gyarados|atk|1\n|-boost|p1a: Gyarados|spe|1\n|\n|upkeep\n|turn|9\n|\n|t:|1776495748\n|detailschange|p1a: Gyarados|Gyarados-Mega, L50, M, shiny\n|-mega|p1a: Gyarados|Gyarados|Gyaradosite\n|-ability|p1a: Gyarados|Mold Breaker\n|move|p2a: Garchomp|Stone Edge|p1a: Gyarados\n|-damage|p1a: Gyarados|65/100\n|move|p1a: Gyarados|Waterfall|p2a: Garchomp\n|-damage|p2a: Garchomp|29/100\n|-damage|p1a: Gyarados|53/100|[from] ability: Rough Skin|[of] p2a: Garchomp\n|\n|upkeep\n|turn|10\n|\n|t:|1776495754\n|switch|p2a: Skarmory|Skarmory, L50, M|13/100\n|move|p1a: Gyarados|Waterfall|p2a: Skarmory\n|-damage|p2a: Skarmory|0 fnt\n|faint|p2a: Skarmory\n|\n|upkeep\n|\n|t:|1776495755\n|switch|p2a: Garchomp|Garchomp, L50, F|29/100\n|turn|11\n|\n|t:|1776495757\n|move|p2a: Garchomp|Outrage|p1a: Gyarados\n|-damage|p1a: Gyarados|0 fnt\n|faint|p1a: Gyarados\n|\n|win|Keyan_Sans\n|raw|skyla&apos;shusband's rating: 1099 &rarr; <strong>1071</strong><br />(-28 for losing)\n|raw|Keyan_Sans's rating: 1053 &rarr; <strong>1089</strong><br />(+36 for winning)\n|c|\u2606Keyan_Sans|Gg\n",
  "uploadtime": 1776495760,
  "views": 8,
  "formatid": "gen9championsbssregma",
  "rating": 1071,
  "private": 0,
  "password": null
}