{
  "id": "gen9championsbssregma-2583174980",
  "format": "[Gen 9 Champions] BSS Reg M-A",
  "players": [
    "elfokaz",
    "hrztkb"
  ],
  "log": "|j|\u2606elfokaz\n|j|\u2606hrztkb\n|t:|1776151101\n|gametype|singles\n|player|p1|elfokaz|101|1197\n|player|p2|hrztkb|266|1292\n|gen|9\n|tier|[Gen 9 Champions] BSS Reg M-A\n|rated|\n|rule|Species Clause: Limit one of each Pok\u00e9mon\n|rule|Item Clause: Limit 1 of each item\n|clearpoke\n|poke|p1|Aerodactyl, L50, F|\n|poke|p1|Basculegion, L50, M|\n|poke|p1|Sneasler, L50, F|\n|poke|p1|Rotom-Heat, L50|\n|poke|p1|Meganium, L50, M|\n|poke|p1|Goodra-Hisui, L50, F|\n|poke|p2|Hatterene, L50, F|\n|poke|p2|Volcarona, L50, F|\n|poke|p2|Hydreigon, L50, F|\n|poke|p2|Gyarados, L50, M|\n|poke|p2|Aegislash, L50, M|\n|poke|p2|Garchomp, L50, M|\n|teampreview|3\n|j| p74\n|\n|t:|1776151145\n|teamsize|p1|3\n|teamsize|p2|3\n|start\n|switch|p1a: Basculegion|Basculegion, L50, M|100/100\n|switch|p2a: Garchomp|Garchomp, L50, M|100/100\n|turn|1\n|\n|t:|1776151151\n|move|p1a: Basculegion|Flip Turn|p2a: Garchomp\n|-damage|p2a: Garchomp|61/100\n|-damage|p1a: Basculegion|88/100|[from] ability: Rough Skin|[of] p2a: Garchomp\n|\n|t:|1776151160\n|switch|p1a: Goodra|Goodra-Hisui, L50, F|100/100|[from] Flip Turn\n|move|p2a: Garchomp|Stealth Rock|p1a: Goodra\n|-sidestart|p1: elfokaz|move: Stealth Rock\n|\n|upkeep\n|turn|2\n|\n|t:|1776151167\n|move|p1a: Goodra|Shelter|p1a: Goodra\n|-boost|p1a: Goodra|def|2\n|move|p2a: Garchomp|Dragon Tail|p1a: Goodra\n|-damage|p1a: Goodra|86/100\n|drag|p1a: Basculegion|Basculegion, L50, M|88/100\n|-damage|p1a: Basculegion|76/100|[from] Stealth Rock\n|\n|upkeep\n|turn|3\n|\n|t:|1776151178\n|move|p1a: Basculegion|Wave Crash|p2a: Garchomp\n|-damage|p2a: Garchomp|0 fnt\n|-damage|p1a: Basculegion|64/100|[from] ability: Rough Skin|[of] p2a: Garchomp\n|faint|p2a: Garchomp\n|-damage|p1a: Basculegion|45/100|[from] Recoil\n|\n|upkeep\n|\n|t:|1776151185\n|switch|p2a: Gyarados|Gyarados, L50, M, shiny|100/100\n|-ability|p2a: Gyarados|Intimidate|boost\n|-unboost|p1a: Basculegion|atk|1\n|turn|4\n|\n|t:|1776151190\n|switch|p1a: Goodra|Goodra-Hisui, L50, F|86/100\n|-damage|p1a: Goodra|80/100|[from] Stealth Rock\n|move|p2a: Gyarados|Dragon Dance|p2a: Gyarados\n|-boost|p2a: Gyarados|atk|1\n|-boost|p2a: Gyarados|spe|1\n|\n|-heal|p1a: Goodra|86/100|[from] item: Leftovers\n|upkeep\n|turn|5\n|\n|t:|1776151199\n|detailschange|p2a: Gyarados|Gyarados-Mega, L50, M, shiny\n|-mega|p2a: Gyarados|Gyarados|Gyaradosite\n|-ability|p2a: Gyarados|Mold Breaker\n|move|p2a: Gyarados|Earthquake|p1a: Goodra\n|-supereffective|p1a: Goodra|1\n|-crit|p1a: Goodra\n|-damage|p1a: Goodra|0 fnt\n|faint|p1a: Goodra\n|\n|upkeep\n|\n|t:|1776151205\n|switch|p1a: Aerodactyl|Aerodactyl, L50, F|100/100\n|-damage|p1a: Aerodactyl|76/100|[from] Stealth Rock\n|-ability|p1a: Aerodactyl|Pressure\n|turn|6\n|\n|t:|1776151211\n|detailschange|p1a: Aerodactyl|Aerodactyl-Mega, L50, F\n|-mega|p1a: Aerodactyl|Aerodactyl|Aerodactylite\n|move|p1a: Aerodactyl|Dual Wingbeat|p2a: Gyarados\n|-damage|p2a: Gyarados|76/100\n|-damage|p2a: Gyarados|48/100\n|-hitcount|p2a: Gyarados|2\n|move|p2a: Gyarados|Waterfall|p1a: Aerodactyl\n|-supereffective|p1a: Aerodactyl|1\n|-damage|p1a: Aerodactyl|0 fnt\n|faint|p1a: Aerodactyl\n|\n|upkeep\n|\n|t:|1776151219\n|switch|p1a: Basculegion|Basculegion, L50, M|45/100\n|-damage|p1a: Basculegion|33/100|[from] Stealth Rock\n|turn|7\n|\n|t:|1776151225\n|move|p1a: Basculegion|Last Respects|p2a: Gyarados\n|-resisted|p2a: Gyarados|1\n|-damage|p2a: Gyarados|5/100\n|move|p2a: Gyarados|Crunch|p1a: Basculegion\n|-supereffective|p1a: Basculegion|1\n|-crit|p1a: Basculegion\n|-damage|p1a: Basculegion|0 fnt\n|faint|p1a: Basculegion\n|\n|win|hrztkb\n|raw|elfokaz's rating: 1197 &rarr; <strong>1179</strong><br />(-18 for losing)\n|raw|hrztkb's rating: 1292 &rarr; <strong>1310</strong><br />(+18 for winning)\n|l|\u2606hrztkb\n|player|p2|\n|l|\u2606elfokaz\n|player|p1|\n",
  "uploadtime": 1776151505,
  "views": 2,
  "formatid": "gen9championsbssregma",
  "rating": 1179,
  "private": 0,
  "password": null
}