{
  "id": "gen9championsbssregma-2586286501",
  "format": "[Gen 9 Champions] BSS Reg M-A",
  "players": [
    "joguri",
    "pkmmnq"
  ],
  "log": "|j|\u2606joguri\n|j|\u2606pkmmnq\n|t:|1776421421\n|gametype|singles\n|player|p1|joguri|dawn|1139\n|player|p2|pkmmnq|rosa|1148\n|gen|9\n|tier|[Gen 9 Champions] BSS Reg M-A\n|rated|\n|rule|Species Clause: Limit one of each Pok\u00e9mon\n|rule|Item Clause: Limit 1 of each item\n|clearpoke\n|poke|p1|Clefable, L50, M|\n|poke|p1|Espathra, L50, M|\n|poke|p1|Charizard, L50, M|\n|poke|p1|Hippowdon, L50, M|\n|poke|p1|Rotom-Wash, L50|\n|poke|p1|Garchomp, L50, F|\n|poke|p2|Ninetales-Alola, L50, F|\n|poke|p2|Garchomp, L50, F|\n|poke|p2|Archaludon, L50, F|\n|poke|p2|Scizor, L50, F|\n|poke|p2|Toxapex, L50, F|\n|poke|p2|Blastoise, L50, F|\n|teampreview|3\n|inactive|Battle timer is ON: inactive players will automatically lose when time's up. (requested by pkmmnq)\n|inactive|joguri has 60 seconds left.\n|\n|t:|1776421466\n|teamsize|p1|3\n|teamsize|p2|3\n|start\n|switch|p1a: Charizard|Charizard, L50, M|100/100\n|switch|p2a: Garchomp|Garchomp, L50, F|100/100\n|turn|1\n|\n|t:|1776421482\n|move|p2a: Garchomp|Rock Tomb|p1a: Charizard\n|-supereffective|p1a: Charizard|2\n|-damage|p1a: Charizard|0 fnt\n|faint|p1a: Charizard\n|\n|upkeep\n|\n|t:|1776421496\n|switch|p1a: Clefable|Clefable, L50, M|100/100\n|turn|2\n|\n|t:|1776421500\n|move|p2a: Garchomp|Rock Tomb|p1a: Clefable\n|-damage|p1a: Clefable|83/100\n|-unboost|p1a: Clefable|spe|1\n|move|p1a: Clefable|Calm Mind|p1a: Clefable\n|-boost|p1a: Clefable|spa|1\n|-boost|p1a: Clefable|spd|1\n|\n|upkeep\n|turn|3\n|\n|t:|1776421509\n|switch|p2a: Ninetales|Ninetales-Alola, L50, F|100/100\n|-weather|Snowscape|[from] ability: Snow Warning|[of] p2a: Ninetales\n|move|p1a: Clefable|Cosmic Power|p1a: Clefable\n|-boost|p1a: Clefable|def|1\n|-boost|p1a: Clefable|spd|1\n|\n|-weather|Snowscape|[upkeep]\n|upkeep\n|turn|4\n|\n|t:|1776421517\n|move|p2a: Ninetales|Encore|p1a: Clefable\n|-start|p1a: Clefable|Encore\n|move|p1a: Clefable|Cosmic Power|p1a: Clefable\n|-boost|p1a: Clefable|def|1\n|-boost|p1a: Clefable|spd|1\n|\n|-weather|Snowscape|[upkeep]\n|upkeep\n|turn|5\n|\n|t:|1776421524\n|switch|p2a: Scizor|Scizor, L50, F|100/100\n|move|p1a: Clefable|Cosmic Power|p1a: Clefable\n|-boost|p1a: Clefable|def|1\n|-boost|p1a: Clefable|spd|1\n|\n|-weather|Snowscape|[upkeep]\n|upkeep\n|turn|6\n|\n|t:|1776421531\n|detailschange|p2a: Scizor|Scizor-Mega, L50, F\n|-mega|p2a: Scizor|Scizor|Scizorite\n|move|p2a: Scizor|Swords Dance|p2a: Scizor\n|-boost|p2a: Scizor|atk|2\n|move|p1a: Clefable|Cosmic Power|p1a: Clefable\n|-boost|p1a: Clefable|def|1\n|-boost|p1a: Clefable|spd|1\n|\n|-weather|Snowscape|[upkeep]\n|-end|p1a: Clefable|Encore\n|upkeep\n|turn|7\n|\n|t:|1776421541\n|move|p2a: Scizor|Swords Dance|p2a: Scizor\n|-boost|p2a: Scizor|atk|2\n|move|p1a: Clefable|Cosmic Power|p1a: Clefable\n|-boost|p1a: Clefable|def|1\n|-boost|p1a: Clefable|spd|1\n|\n|-weather|none\n|upkeep\n|turn|8\n|\n|t:|1776421548\n|move|p2a: Scizor|Bullet Punch|p1a: Clefable\n|-supereffective|p1a: Clefable|1\n|-damage|p1a: Clefable|65/100\n|move|p1a: Clefable|Cosmic Power|p1a: Clefable\n|-boost|p1a: Clefable|def|1\n|-boost|p1a: Clefable|spd|0\n|\n|upkeep\n|turn|9\n|\n|t:|1776421556\n|move|p2a: Scizor|Swords Dance|p2a: Scizor\n|-boost|p2a: Scizor|atk|2\n|move|p1a: Clefable|Moonlight|p1a: Clefable\n|-heal|p1a: Clefable|100/100\n|\n|upkeep\n|turn|10\n|\n|t:|1776421562\n|move|p2a: Scizor|Bullet Punch|p1a: Clefable\n|-supereffective|p1a: Clefable|1\n|-damage|p1a: Clefable|86/100\n|move|p1a: Clefable|Calm Mind|p1a: Clefable\n|-boost|p1a: Clefable|spa|1\n|-boost|p1a: Clefable|spd|0\n|\n|upkeep\n|turn|11\n|\n|t:|1776421569\n|move|p2a: Scizor|Bullet Punch|p1a: Clefable\n|-supereffective|p1a: Clefable|1\n|-damage|p1a: Clefable|71/100\n|move|p1a: Clefable|Calm Mind|p1a: Clefable\n|-boost|p1a: Clefable|spa|1\n|-boost|p1a: Clefable|spd|0\n|\n|upkeep\n|turn|12\n|\n|t:|1776421575\n|move|p2a: Scizor|Bullet Punch|p1a: Clefable\n|-supereffective|p1a: Clefable|1\n|-damage|p1a: Clefable|55/100\n|move|p1a: Clefable|Calm Mind|p1a: Clefable\n|-boost|p1a: Clefable|spa|1\n|-boost|p1a: Clefable|spd|0\n|\n|upkeep\n|turn|13\n|\n|t:|1776421580\n|move|p2a: Scizor|Bullet Punch|p1a: Clefable\n|-supereffective|p1a: Clefable|1\n|-damage|p1a: Clefable|39/100\n|move|p1a: Clefable|Moonlight|p1a: Clefable\n|-heal|p1a: Clefable|89/100\n|\n|upkeep\n|turn|14\n|\n|t:|1776421587\n|switch|p2a: Ninetales|Ninetales-Alola, L50, F|100/100\n|-weather|Snowscape|[from] ability: Snow Warning|[of] p2a: Ninetales\n|move|p1a: Clefable|Calm Mind|p1a: Clefable\n|-boost|p1a: Clefable|spa|1\n|-boost|p1a: Clefable|spd|0\n|\n|-weather|Snowscape|[upkeep]\n|upkeep\n|turn|15\n|\n|t:|1776421602\n|move|p2a: Ninetales|Encore|p1a: Clefable\n|-start|p1a: Clefable|Encore\n|move|p1a: Clefable|Calm Mind|p1a: Clefable\n|-boost|p1a: Clefable|spa|1\n|-boost|p1a: Clefable|spd|0\n|\n|-weather|Snowscape|[upkeep]\n|upkeep\n|turn|16\n|\n|t:|1776421610\n|move|p2a: Ninetales|Blizzard|p1a: Clefable\n|-damage|p1a: Clefable|81/100\n|move|p1a: Clefable|Calm Mind|p1a: Clefable\n|-boost|p1a: Clefable|spa|0\n|-boost|p1a: Clefable|spd|0\n|\n|-weather|Snowscape|[upkeep]\n|upkeep\n|turn|17\n|\n|t:|1776421616\n|move|p2a: Ninetales|Blizzard|p1a: Clefable\n|-crit|p1a: Clefable\n|-damage|p1a: Clefable|37/100\n|-status|p1a: Clefable|frz\n|-curestatus|p1a: Clefable|frz|[msg]\n|move|p1a: Clefable|Calm Mind|p1a: Clefable\n|-boost|p1a: Clefable|spa|0\n|-boost|p1a: Clefable|spd|0\n|\n|-weather|Snowscape|[upkeep]\n|-end|p1a: Clefable|Encore\n|upkeep\n|turn|18\n|\n|t:|1776421629\n|move|p2a: Ninetales|Encore|p1a: Clefable\n|-start|p1a: Clefable|Encore\n|move|p1a: Clefable|Calm Mind|p1a: Clefable\n|-boost|p1a: Clefable|spa|0\n|-boost|p1a: Clefable|spd|0\n|\n|-weather|none\n|upkeep\n|turn|19\n|\n|t:|1776421637\n|move|p2a: Ninetales|Freeze-Dry|p1a: Clefable\n|-damage|p1a: Clefable|32/100\n|move|p1a: Clefable|Calm Mind|p1a: Clefable\n|-boost|p1a: Clefable|spa|0\n|-boost|p1a: Clefable|spd|0\n|\n|upkeep\n|turn|20\n|\n|t:|1776421645\n|move|p2a: Ninetales|Freeze-Dry|p1a: Clefable\n|-damage|p1a: Clefable|27/100\n|move|p1a: Clefable|Calm Mind|p1a: Clefable\n|-boost|p1a: Clefable|spa|0\n|-boost|p1a: Clefable|spd|0\n|\n|-end|p1a: Clefable|Encore\n|upkeep\n|turn|21\n|\n|t:|1776421658\n|detailschange|p1a: Clefable|Clefable-Mega, L50, M\n|-mega|p1a: Clefable|Clefable|Clefablite\n|move|p2a: Ninetales|Encore|p1a: Clefable\n|move|p1a: Clefable|Encore||[from] ability: Magic Bounce|[still]\n|-fail|p1a: Clefable\n|move|p1a: Clefable|Moonlight|p1a: Clefable\n|-heal|p1a: Clefable|77/100\n|\n|upkeep\n|turn|22\n|\n|t:|1776421666\n|move|p2a: Ninetales|Freeze-Dry|p1a: Clefable\n|-supereffective|p1a: Clefable|1\n|-damage|p1a: Clefable|68/100\n|move|p1a: Clefable|Moonblast|p2a: Ninetales\n|-damage|p2a: Ninetales|0 fnt\n|faint|p2a: Ninetales\n|\n|upkeep\n|\n|t:|1776421669\n|switch|p2a: Scizor|Scizor-Mega, L50, F|100/100\n|turn|23\n|\n|t:|1776421675\n|move|p2a: Scizor|Bullet Punch|p1a: Clefable\n|-supereffective|p1a: Clefable|1\n|-damage|p1a: Clefable|55/100\n|move|p1a: Clefable|Moonblast|p2a: Scizor\n|-resisted|p2a: Scizor|1\n|-damage|p2a: Scizor|16/100\n|\n|upkeep\n|turn|24\n|-message|pkmmnq forfeited.\n|\n|win|joguri\n|raw|joguri's rating: 1139 &rarr; <strong>1165</strong><br />(+26 for winning)\n|raw|pkmmnq's rating: 1148 &rarr; <strong>1122</strong><br />(-26 for losing)\n|l|\u2606pkmmnq\n|player|p2|\n",
  "uploadtime": 1776421683,
  "views": 7,
  "formatid": "gen9championsbssregma",
  "rating": 1122,
  "private": 0,
  "password": null
}