{
  "id": "gen9championsbssregma-2582133273",
  "format": "[Gen 9 Champions] BSS Reg M-A",
  "players": [
    "karbain",
    "RealCalizard"
  ],
  "log": "|j|\u2606karbain\n|j|\u2606RealCalizard\n|t:|1776062269\n|gametype|singles\n|player|p1|karbain|170|1263\n|player|p2|RealCalizard|red|1184\n|gen|9\n|tier|[Gen 9 Champions] BSS Reg M-A\n|rated|\n|rule|Species Clause: Limit one of each Pok\u00e9mon\n|rule|Item Clause: Limit 1 of each item\n|clearpoke\n|poke|p1|Basculegion, L50, M|\n|poke|p1|Delphox, L50, M|\n|poke|p1|Lopunny, L50, M|\n|poke|p1|Corviknight, L50, F|\n|poke|p1|Bellibolt, L50, F|\n|poke|p1|Garchomp, L50, M|\n|poke|p2|Charizard, L50, M|\n|poke|p2|Dragapult, L50, F|\n|poke|p2|Tinkaton, L50, F|\n|poke|p2|Meowscarada, L50, M|\n|poke|p2|Espathra, L50, F|\n|poke|p2|Rotom-Wash, L50|\n|teampreview|3\n|inactive|Battle timer is ON: inactive players will automatically lose when time's up. (requested by RealCalizard)\n|inactive|karbain has 60 seconds left.\n|\n|t:|1776062328\n|teamsize|p1|3\n|teamsize|p2|3\n|start\n|switch|p1a: Lopunny|Lopunny, L50, M, shiny|100/100\n|switch|p2a: Rotom|Rotom-Wash, L50, shiny|100/100\n|turn|1\n|\n|t:|1776062334\n|detailschange|p1a: Lopunny|Lopunny-Mega, L50, M, shiny\n|-mega|p1a: Lopunny|Lopunny|Lopunnite\n|move|p1a: Lopunny|Fake Out|p2a: Rotom\n|-damage|p2a: Rotom|81/100\n|cant|p2a: Rotom|flinch\n|\n|-heal|p2a: Rotom|86/100|[from] item: Leftovers\n|upkeep\n|turn|2\n|\n|t:|1776062342\n|move|p1a: Lopunny|Facade|p2a: Rotom\n|-damage|p2a: Rotom|48/100\n|move|p2a: Rotom|Will-O-Wisp|p1a: Lopunny\n|-status|p1a: Lopunny|brn\n|\n|-heal|p2a: Rotom|53/100|[from] item: Leftovers\n|-damage|p1a: Lopunny|95/100 brn|[from] brn\n|upkeep\n|turn|3\n|\n|t:|1776062352\n|move|p1a: Lopunny|Facade|p2a: Rotom\n|-damage|p2a: Rotom|0 fnt\n|faint|p2a: Rotom\n|\n|-damage|p1a: Lopunny|89/100 brn|[from] brn\n|upkeep\n|\n|t:|1776062355\n|switch|p2a: Meowscarada|Meowscarada, L50, M, shiny|100/100\n|turn|4\n|\n|t:|1776062373\n|switch|p1a: Corviknight|Corviknight, L50, F|100/100\n|-ability|p1a: Corviknight|Pressure\n|move|p2a: Meowscarada|Brick Break|p1a: Corviknight\n|-start|p2a: Meowscarada|typechange|Fighting|[from] ability: Protean\n|-damage|p1a: Corviknight|77/100\n|\n|-heal|p1a: Corviknight|82/100|[from] item: Leftovers\n|upkeep\n|turn|5\n|\n|t:|1776062387\n|switch|p2a: Charizard|Charizard, L50, M, shiny|100/100\n|move|p1a: Corviknight|U-turn|p2a: Charizard\n|-resisted|p2a: Charizard|2\n|-damage|p2a: Charizard|95/100\n|j| p74\n|\n|t:|1776062394\n|switch|p1a: Lopunny|Lopunny-Mega, L50, M, shiny|89/100 brn|[from] U-turn\n|\n|-damage|p1a: Lopunny|83/100 brn|[from] brn\n|upkeep\n|turn|6\n|\n|t:|1776062400\n|detailschange|p2a: Charizard|Charizard-Mega-Y, L50, M, shiny\n|-mega|p2a: Charizard|Charizard|Charizardite Y\n|-weather|SunnyDay|[from] ability: Drought|[of] p2a: Charizard\n|move|p1a: Lopunny|Facade|p2a: Charizard\n|-damage|p2a: Charizard|0 fnt\n|faint|p2a: Charizard\n|\n|-weather|SunnyDay|[upkeep]\n|-damage|p1a: Lopunny|78/100 brn|[from] brn\n|upkeep\n|\n|t:|1776062404\n|switch|p2a: Meowscarada|Meowscarada, L50, M, shiny|100/100\n|turn|7\n|\n|t:|1776062410\n|move|p2a: Meowscarada|Flower Trick|p1a: Lopunny\n|-start|p2a: Meowscarada|typechange|Grass|[from] ability: Protean\n|-crit|p1a: Lopunny\n|-damage|p1a: Lopunny|8/100 brn\n|move|p1a: Lopunny|Facade|p2a: Meowscarada\n|-damage|p2a: Meowscarada|0 fnt\n|faint|p2a: Meowscarada\n|\n|win|karbain\n|raw|karbain's rating: 1263 &rarr; <strong>1282</strong><br />(+19 for winning)\n|raw|RealCalizard's rating: 1184 &rarr; <strong>1165</strong><br />(-19 for losing)\n|l|\u2606RealCalizard\n|player|p2|\n|l|\u2606karbain\n|player|p1|\n",
  "uploadtime": 1776062441,
  "views": 5,
  "formatid": "gen9championsbssregma",
  "rating": 1165,
  "private": 0,
  "password": null
}