{
  "id": "gen9championsbssregma-2583111605",
  "format": "[Gen 9 Champions] BSS Reg M-A",
  "players": [
    "mathismathin",
    "tpgustpgus"
  ],
  "log": "|j|\u2606mathismathin\n|j|\u2606tpgustpgus\n|t:|1776143338\n|gametype|singles\n|player|p1|mathismathin|bugsy-masters|1178\n|player|p2|tpgustpgus|hilda-wonderlauncher|1062\n|gen|9\n|tier|[Gen 9 Champions] BSS Reg M-A\n|rated|\n|rule|Species Clause: Limit one of each Pok\u00e9mon\n|rule|Item Clause: Limit 1 of each item\n|clearpoke\n|poke|p1|Aegislash, L50, M|\n|poke|p1|Meganium, L50, F|\n|poke|p1|Sneasler, L50, F|\n|poke|p1|Dragapult, L50, F|\n|poke|p1|Lycanroc-Dusk, L50, M|\n|poke|p1|Tyranitar, L50, M|\n|poke|p2|Greninja-*, L50, F|\n|poke|p2|Corviknight, L50, F|\n|poke|p2|Garchomp, L50, F|\n|poke|p2|Ceruledge, L50, F|\n|poke|p2|Scizor, L50, F|\n|poke|p2|Basculegion, L50, M|\n|teampreview|3\n|\n|t:|1776143369\n|teamsize|p1|3\n|teamsize|p2|3\n|start\n|switch|p1a: Dragapult|Dragapult, L50, F|100/100\n|switch|p2a: Greninja|Greninja, L50, F, shiny|100/100\n|turn|1\n|\n|t:|1776143398\n|switch|p1a: Meganium|Meganium, L50, F|100/100\n|detailschange|p2a: Greninja|Greninja-Mega, L50, F, shiny\n|-mega|p2a: Greninja|Greninja|Greninjite\n|move|p2a: Greninja|Ice Beam|p1a: Meganium\n|-start|p2a: Greninja|typechange|Ice|[from] ability: Protean\n|-supereffective|p1a: Meganium|1\n|-damage|p1a: Meganium|6/100\n|\n|upkeep\n|turn|2\n|\n|t:|1776143410\n|detailschange|p1a: Meganium|Meganium-Mega, L50, F\n|-mega|p1a: Meganium|Meganium|Meganiumite\n|move|p2a: Greninja|Ice Beam|p1a: Meganium\n|-supereffective|p1a: Meganium|1\n|-damage|p1a: Meganium|0 fnt\n|faint|p1a: Meganium\n|\n|upkeep\n|\n|t:|1776143412\n|switch|p1a: Aegislash|Aegislash, L50, M|100/100\n|turn|3\n|\n|t:|1776143421\n|move|p2a: Greninja|Dark Pulse|p1a: Aegislash\n|-supereffective|p1a: Aegislash|1\n|-damage|p1a: Aegislash|47/100\n|-formechange|p1a: Aegislash|Aegislash-Blade|\n|move|p1a: Aegislash|Poltergeist|p2a: Greninja\n|-activate|p2a: Greninja|move: Poltergeist|Greninjite\n|-damage|p2a: Greninja|0 fnt\n|faint|p2a: Greninja\n|\n|upkeep\n|\n|t:|1776143433\n|switch|p2a: Ceruledge|Ceruledge, L50, F|100/100\n|turn|4\n|\n|t:|1776143437\n|move|p1a: Aegislash|Shadow Sneak|p2a: Ceruledge\n|-supereffective|p2a: Ceruledge|1\n|-damage|p2a: Ceruledge|23/100\n|-ability|p2a: Ceruledge|Weak Armor|boost\n|-unboost|p2a: Ceruledge|def|1\n|-boost|p2a: Ceruledge|spe|2\n|move|p2a: Ceruledge|Poltergeist|p1a: Aegislash\n|-activate|p1a: Aegislash|move: Poltergeist|Spell Tag\n|-supereffective|p1a: Aegislash|1\n|-damage|p1a: Aegislash|0 fnt\n|faint|p1a: Aegislash\n|\n|upkeep\n|\n|t:|1776143439\n|switch|p1a: Dragapult|Dragapult, L50, F|100/100\n|turn|5\n|\n|t:|1776143452\n|move|p2a: Ceruledge|Poltergeist|p1a: Dragapult\n|-activate|p1a: Dragapult|move: Poltergeist|Focus Sash\n|-supereffective|p1a: Dragapult|1\n|-enditem|p1a: Dragapult|Focus Sash\n|-damage|p1a: Dragapult|1/100\n|move|p1a: Dragapult|Hex|p2a: Ceruledge\n|-supereffective|p2a: Ceruledge|1\n|-damage|p2a: Ceruledge|0 fnt\n|faint|p2a: Ceruledge\n|\n|upkeep\n|\n|t:|1776143460\n|switch|p2a: Basculegion|Basculegion, L50, M|100/100\n|turn|6\n|\n|t:|1776143474\n|move|p1a: Dragapult|Thunder Wave|p2a: Basculegion\n|-status|p2a: Basculegion|par\n|cant|p2a: Basculegion|par\n|\n|upkeep\n|turn|7\n|\n|t:|1776143481\n|move|p1a: Dragapult|Hex|p2a: Basculegion\n|-supereffective|p2a: Basculegion|1\n|-damage|p2a: Basculegion|0 fnt\n|faint|p2a: Basculegion\n|\n|win|mathismathin\n|raw|mathismathin's rating: 1213 &rarr; <strong>1228</strong><br />(+15 for winning)\n|raw|tpgustpgus's rating: 1062 &rarr; <strong>1051</strong><br />(-11 for losing)\n",
  "uploadtime": 1776143483,
  "views": 2,
  "formatid": "gen9championsbssregma",
  "rating": 1051,
  "private": 0,
  "password": null
}