{
  "id": "gen9championsbssregma-2585469583",
  "format": "[Gen 9 Champions] BSS Reg M-A",
  "players": [
    "i am the tryer 2",
    "BBBkty"
  ],
  "log": "|j|\u2606i am the tryer 2\n|j|\u2606BBBkty\n|t:|1776349387\n|gametype|singles\n|player|p1|i am the tryer 2|2|1170\n|player|p2|BBBkty|265|1181\n|gen|9\n|tier|[Gen 9 Champions] BSS Reg M-A\n|rated|\n|rule|Species Clause: Limit one of each Pok\u00e9mon\n|rule|Item Clause: Limit 1 of each item\n|clearpoke\n|poke|p1|Espathra, L50, F|\n|poke|p1|Clefable, L50, M|\n|poke|p1|Glimmora, L50, M|\n|poke|p1|Corviknight, L50, M|\n|poke|p1|Garchomp, L50, M|\n|poke|p1|Blastoise, L50, F|\n|poke|p2|Dragapult, L50, M|\n|poke|p2|Alakazam, L50, F|\n|poke|p2|Azumarill, L50, F|\n|poke|p2|Clefable, L50, F|\n|poke|p2|Espathra, L50, M|\n|poke|p2|Glimmora, L50, F|\n|teampreview|3\n|inactive|Battle timer is ON: inactive players will automatically lose when time's up. (requested by BBBkty)\n|inactive|i am the tryer 2 has 60 seconds left.\n|\n|t:|1776349441\n|teamsize|p1|3\n|teamsize|p2|3\n|start\n|switch|p1a: Glimmora|Glimmora, L50, M|100/100\n|switch|p2a: Glimmora|Glimmora, L50, F|100/100\n|turn|1\n|\n|t:|1776349461\n|move|p1a: Glimmora|Earth Power|p2a: Glimmora\n|-supereffective|p2a: Glimmora|2\n|-enditem|p2a: Glimmora|Focus Sash\n|-damage|p2a: Glimmora|1/100\n|move|p2a: Glimmora|Earth Power|p1a: Glimmora\n|-supereffective|p1a: Glimmora|2\n|-enditem|p1a: Glimmora|Focus Sash\n|-damage|p1a: Glimmora|1/100\n|\n|upkeep\n|turn|2\n|\n|t:|1776349465\n|move|p1a: Glimmora|Mortal Spin|p2a: Glimmora\n|-resisted|p2a: Glimmora|2\n|-damage|p2a: Glimmora|0 fnt\n|-activate|p2a: Glimmora|ability: Toxic Debris\n|-sidestart|p1: i am the tryer 2|move: Toxic Spikes\n|-sideend|p1: i am the tryer 2|Toxic Spikes|[from] move: Mortal Spin|[of] p1a: Glimmora\n|faint|p2a: Glimmora\n|\n|upkeep\n|\n|t:|1776349477\n|switch|p2a: Espathra|Espathra, L50, M, shiny|100/100\n|turn|3\n|\n|t:|1776349491\n|move|p1a: Glimmora|Stealth Rock|p2a: Espathra\n|-sidestart|p2: BBBkty|move: Stealth Rock\n|move|p2a: Espathra|Calm Mind|p2a: Espathra\n|-boost|p2a: Espathra|spa|1\n|-boost|p2a: Espathra|spd|1\n|\n|-ability|p2a: Espathra|Speed Boost|boost\n|-boost|p2a: Espathra|spe|1\n|upkeep\n|turn|4\n|\n|t:|1776349498\n|switch|p1a: Blastoise|Blastoise, L50, F|100/100\n|move|p2a: Espathra|Lumina Crash|p1a: Blastoise\n|-damage|p1a: Blastoise|52/100\n|-unboost|p1a: Blastoise|spd|2\n|\n|-ability|p2a: Espathra|Speed Boost|boost\n|-boost|p2a: Espathra|spe|1\n|upkeep\n|turn|5\n|\n|t:|1776349503\n|detailschange|p1a: Blastoise|Blastoise-Mega, L50, F\n|-mega|p1a: Blastoise|Blastoise|Blastoisinite\n|move|p2a: Espathra|Lumina Crash|p1a: Blastoise\n|-damage|p1a: Blastoise|0 fnt\n|faint|p1a: Blastoise\n|\n|-ability|p2a: Espathra|Speed Boost|boost\n|-boost|p2a: Espathra|spe|1\n|upkeep\n|-message|i am the tryer 2 forfeited.\n|\n|win|BBBkty\n|raw|i am the tryer 2's rating: 1170 &rarr; <strong>1146</strong><br />(-24 for losing)\n|raw|BBBkty's rating: 1181 &rarr; <strong>1205</strong><br />(+24 for winning)\n|l|\u2606i am the tryer 2\n|player|p1|\n",
  "uploadtime": 1776349508,
  "views": 5,
  "formatid": "gen9championsbssregma",
  "rating": 1146,
  "private": 0,
  "password": null
}