{
  "id": "gen9championsbssregma-2582597940",
  "format": "[Gen 9 Champions] BSS Reg M-A",
  "players": [
    "hoshigumo1101",
    "gamakura"
  ],
  "log": "|j|\u2606hoshigumo1101\n|j|\u2606gamakura\n|t:|1776101730\n|gametype|singles\n|player|p1|hoshigumo1101|acetrainerf|1133\n|player|p2|gamakura|169|1113\n|gen|9\n|tier|[Gen 9 Champions] BSS Reg M-A\n|rated|\n|rule|Species Clause: Limit one of each Pok\u00e9mon\n|rule|Item Clause: Limit 1 of each item\n|clearpoke\n|poke|p1|Gengar, L50, M|\n|poke|p1|Garchomp, L50, F|\n|poke|p1|Chesnaught, L50, M|\n|poke|p1|Rotom-Wash, L50|\n|poke|p1|Tyranitar, L50, M|\n|poke|p1|Volcarona, L50, M|\n|poke|p2|Scovillain, L50, F|\n|poke|p2|Basculegion, L50, M|\n|poke|p2|Kingambit, L50, F|\n|poke|p2|Kommo-o, L50, F|\n|poke|p2|Froslass, L50, F|\n|poke|p2|Garchomp, L50, F|\n|teampreview|3\n|\n|t:|1776101787\n|teamsize|p1|3\n|teamsize|p2|3\n|start\n|switch|p1a: Garchomp|Garchomp, L50, F|100/100\n|switch|p2a: Froslass|Froslass, L50, F|100/100\n|turn|1\n|\n|t:|1776101794\n|detailschange|p2a: Froslass|Froslass-Mega, L50, F\n|-mega|p2a: Froslass|Froslass|Froslassite\n|-weather|Snowscape|[from] ability: Snow Warning|[of] p2a: Froslass\n|move|p2a: Froslass|Blizzard|p1a: Garchomp\n|-supereffective|p1a: Garchomp|2\n|-enditem|p1a: Garchomp|Focus Sash\n|-damage|p1a: Garchomp|1/100\n|move|p1a: Garchomp|Rock Tomb|p2a: Froslass\n|-supereffective|p2a: Froslass|1\n|-damage|p2a: Froslass|57/100\n|-unboost|p2a: Froslass|spe|1\n|\n|-weather|Snowscape|[upkeep]\n|upkeep\n|turn|2\n|\n|t:|1776101808\n|switch|p2a: Basculegion|Basculegion, L50, M|100/100\n|move|p1a: Garchomp|Earthquake|p2a: Basculegion\n|-damage|p2a: Basculegion|38/100\n|\n|-weather|Snowscape|[upkeep]\n|upkeep\n|turn|3\n|\n|t:|1776101815\n|switch|p1a: Chesnaught|Chesnaught, L50, M|100/100\n|move|p2a: Basculegion|Flip Turn|p1a: Chesnaught\n|-resisted|p1a: Chesnaught|1\n|-damage|p1a: Chesnaught|88/100\n|\n|t:|1776101822\n|switch|p2a: Froslass|Froslass-Mega, L50, F|57/100|[from] Flip Turn\n|\n|-weather|Snowscape|[upkeep]\n|upkeep\n|turn|4\n|\n|t:|1776101828\n|switch|p1a: Garchomp|Garchomp, L50, F|1/100\n|move|p2a: Froslass|Blizzard|p1a: Garchomp\n|-supereffective|p1a: Garchomp|2\n|-damage|p1a: Garchomp|0 fnt\n|faint|p1a: Garchomp\n|\n|-weather|Snowscape|[upkeep]\n|upkeep\n|\n|t:|1776101831\n|switch|p1a: Gengar|Gengar, L50, M|100/100\n|turn|5\n|\n|t:|1776101839\n|detailschange|p1a: Gengar|Gengar-Mega, L50, M\n|-mega|p1a: Gengar|Gengar|Gengarite\n|move|p1a: Gengar|Shadow Ball|p2a: Froslass\n|-supereffective|p2a: Froslass|1\n|-damage|p2a: Froslass|0 fnt\n|faint|p2a: Froslass\n|\n|-weather|none\n|upkeep\n|\n|t:|1776101847\n|switch|p2a: Basculegion|Basculegion, L50, M|38/100\n|turn|6\n|\n|t:|1776101850\n|move|p2a: Basculegion|Last Respects|p1a: Gengar\n|-supereffective|p1a: Gengar|1\n|-damage|p1a: Gengar|0 fnt\n|faint|p1a: Gengar\n|\n|upkeep\n|\n|t:|1776101851\n|switch|p1a: Chesnaught|Chesnaught, L50, M|88/100\n|turn|7\n|\n|t:|1776101856\n|move|p2a: Basculegion|Last Respects|p1a: Chesnaught\n|-damage|p1a: Chesnaught|52/100\n|move|p1a: Chesnaught|Iron Defense|p1a: Chesnaught\n|-boost|p1a: Chesnaught|def|2\n|\n|upkeep\n|turn|8\n|\n|t:|1776101863\n|move|p2a: Basculegion|Last Respects|p1a: Chesnaught\n|-damage|p1a: Chesnaught|31/100\n|move|p1a: Chesnaught|Synthesis|p1a: Chesnaught\n|-heal|p1a: Chesnaught|81/100\n|\n|upkeep\n|turn|9\n|\n|t:|1776101869\n|switch|p2a: Kommo-o|Kommo-o, L50, F|100/100\n|move|p1a: Chesnaught|Knock Off|p2a: Kommo-o\n|-resisted|p2a: Kommo-o|1\n|-damage|p2a: Kommo-o|91/100\n|-enditem|p2a: Kommo-o|Leftovers|[from] move: Knock Off|[of] p1a: Chesnaught\n|\n|upkeep\n|turn|10\n|\n|t:|1776101877\n|move|p2a: Kommo-o|Clangorous Soul|p2a: Kommo-o\n|-boost|p2a: Kommo-o|atk|1\n|-boost|p2a: Kommo-o|def|1\n|-boost|p2a: Kommo-o|spa|1\n|-boost|p2a: Kommo-o|spd|1\n|-boost|p2a: Kommo-o|spe|1\n|-damage|p2a: Kommo-o|58/100\n|move|p1a: Chesnaught|Iron Defense|p1a: Chesnaught\n|-boost|p1a: Chesnaught|def|2\n|\n|upkeep\n|turn|11\n|\n|t:|1776101887\n|move|p2a: Kommo-o|Drain Punch|p1a: Chesnaught\n|-damage|p1a: Chesnaught|69/100\n|-heal|p2a: Kommo-o|64/100|[from] drain|[of] p1a: Chesnaught\n|move|p1a: Chesnaught|Synthesis|p1a: Chesnaught\n|-heal|p1a: Chesnaught|100/100\n|\n|upkeep\n|turn|12\n|\n|t:|1776101892\n|move|p2a: Kommo-o|Drain Punch|p1a: Chesnaught\n|-damage|p1a: Chesnaught|90/100\n|-heal|p2a: Kommo-o|71/100|[from] drain|[of] p1a: Chesnaught\n|move|p1a: Chesnaught|Body Press|p2a: Kommo-o\n|-damage|p2a: Kommo-o|4/100\n|\n|upkeep\n|turn|13\n|\n|t:|1776101896\n|move|p2a: Kommo-o|Drain Punch|p1a: Chesnaught\n|-damage|p1a: Chesnaught|76/100\n|-heal|p2a: Kommo-o|11/100|[from] drain|[of] p1a: Chesnaught\n|move|p1a: Chesnaught|Body Press|p2a: Kommo-o\n|-damage|p2a: Kommo-o|0 fnt\n|faint|p2a: Kommo-o\n|\n|upkeep\n|\n|t:|1776101899\n|switch|p2a: Basculegion|Basculegion, L50, M|38/100\n|turn|14\n|\n|t:|1776101902\n|move|p2a: Basculegion|Last Respects|p1a: Chesnaught\n|-damage|p1a: Chesnaught|58/100\n|move|p1a: Chesnaught|Knock Off|p2a: Basculegion\n|-supereffective|p2a: Basculegion|1\n|-damage|p2a: Basculegion|0 fnt\n|-enditem|p2a: Basculegion|Choice Scarf|[from] move: Knock Off|[of] p1a: Chesnaught\n|faint|p2a: Basculegion\n|\n|win|hoshigumo1101\n|raw|hoshigumo1101's rating: 1133 &rarr; <strong>1157</strong><br />(+24 for winning)\n|raw|gamakura's rating: 1113 &rarr; <strong>1089</strong><br />(-24 for losing)\n",
  "uploadtime": 1776101906,
  "views": 3,
  "formatid": "gen9championsbssregma",
  "rating": 1089,
  "private": 0,
  "password": null
}