{
  "id": "gen9championsbssregma-2582579194",
  "format": "[Gen 9 Champions] BSS Reg M-A",
  "players": [
    "TipDik",
    "Ndjdbhe"
  ],
  "log": "|j|\u2606TipDik\n|j|\u2606Ndjdbhe\n|t:|1776100573\n|gametype|singles\n|player|p1|TipDik|emmet|1043\n|player|p2|Ndjdbhe|cyclist-gen4|1000\n|gen|9\n|tier|[Gen 9 Champions] BSS Reg M-A\n|rated|\n|rule|Species Clause: Limit one of each Pok\u00e9mon\n|rule|Item Clause: Limit 1 of each item\n|clearpoke\n|poke|p1|Clefable, L50, M|\n|poke|p1|Gyarados, L50, F|\n|poke|p1|Espathra, L50, M|\n|poke|p1|Incineroar, L50, M|\n|poke|p1|Gliscor, L50, M|\n|poke|p1|Dragapult, L50, M|\n|poke|p2|Aegislash, L50, M|\n|poke|p2|Sableye, L50, F|\n|poke|p2|Golurk, L50|\n|poke|p2|Dragapult, L50, M|\n|poke|p2|Mimikyu, L50, F|\n|poke|p2|Zoroark-Hisui, L50, F|\n|teampreview|3\n|inactive|Battle timer is ON: inactive players will automatically lose when time's up. (requested by Ndjdbhe)\n|inactive|TipDik has 60 seconds left.\n|\n|t:|1776100656\n|teamsize|p1|3\n|teamsize|p2|3\n|start\n|switch|p1a: Incineroar|Incineroar, L50, M|100/100\n|switch|p2a: Sableye|Sableye, L50, F, shiny|100/100\n|-ability|p1a: Incineroar|Intimidate|boost\n|-unboost|p2a: Sableye|atk|1\n|turn|1\n|\n|t:|1776100669\n|detailschange|p2a: Sableye|Sableye-Mega, L50, F, shiny\n|-mega|p2a: Sableye|Sableye|Sablenite\n|move|p1a: Incineroar|Bulk Up|p1a: Incineroar\n|-boost|p1a: Incineroar|atk|1\n|-boost|p1a: Incineroar|def|1\n|move|p2a: Sableye|Calm Mind|p2a: Sableye\n|-boost|p2a: Sableye|spa|1\n|-boost|p2a: Sableye|spd|1\n|\n|upkeep\n|turn|2\n|\n|t:|1776100680\n|move|p1a: Incineroar|Bulk Up|p1a: Incineroar\n|-boost|p1a: Incineroar|atk|1\n|-boost|p1a: Incineroar|def|1\n|move|p2a: Sableye|Calm Mind|p2a: Sableye\n|-boost|p2a: Sableye|spa|1\n|-boost|p2a: Sableye|spd|1\n|\n|upkeep\n|turn|3\n|\n|t:|1776100685\n|move|p1a: Incineroar|Flame Charge|p2a: Sableye\n|-damage|p2a: Sableye|70/100\n|-boost|p1a: Incineroar|spe|1\n|move|p2a: Sableye|Dark Pulse|p1a: Incineroar\n|-resisted|p1a: Incineroar|1\n|-damage|p1a: Incineroar|83/100\n|\n|upkeep\n|turn|4\n|\n|t:|1776100693\n|move|p1a: Incineroar|Power Trip|p2a: Sableye\n|-damage|p2a: Sableye|7/100\n|move|p2a: Sableye|Dark Pulse|p1a: Incineroar\n|-resisted|p1a: Incineroar|1\n|-damage|p1a: Incineroar|66/100\n|\n|upkeep\n|turn|5\n|\n|t:|1776100700\n|move|p1a: Incineroar|Flame Charge|p2a: Sableye\n|-damage|p2a: Sableye|0 fnt\n|-boost|p1a: Incineroar|spe|1\n|faint|p2a: Sableye\n|\n|upkeep\n|\n|t:|1776100702\n|switch|p2a: Aegislash|Aegislash, L50, M, shiny|100/100\n|turn|6\n|\n|t:|1776100710\n|move|p2a: Aegislash|King's Shield|p2a: Aegislash\n|-singleturn|p2a: Aegislash|Protect\n|move|p1a: Incineroar|Power Trip|p2a: Aegislash\n|-activate|p2a: Aegislash|move: Protect\n|-unboost|p1a: Incineroar|atk|1\n|\n|upkeep\n|turn|7\n|\n|t:|1776100712\n|move|p1a: Incineroar|Power Trip|p2a: Aegislash\n|-supereffective|p2a: Aegislash|1\n|-damage|p2a: Aegislash|0 fnt\n|faint|p2a: Aegislash\n|\n|upkeep\n|\n|t:|1776100715\n|switch|p2a: Zoroark|Zoroark-Hisui, L50, F, shiny|100/100\n|turn|8\n|\n|t:|1776100717\n|move|p2a: Zoroark|Hyper Voice|p1a: Incineroar\n|-damage|p1a: Incineroar|36/100\n|-enditem|p1a: Incineroar|Sitrus Berry|[eat]\n|-heal|p1a: Incineroar|61/100|[from] item: Sitrus Berry\n|move|p1a: Incineroar|Power Trip|p2a: Zoroark\n|-supereffective|p2a: Zoroark|1\n|-enditem|p2a: Zoroark|Focus Sash\n|-damage|p2a: Zoroark|1/100\n|\n|upkeep\n|turn|9\n|\n|t:|1776100721\n|move|p2a: Zoroark|Hyper Voice|p1a: Incineroar\n|-damage|p1a: Incineroar|30/100\n|move|p1a: Incineroar|Flame Charge|p2a: Zoroark\n|-damage|p2a: Zoroark|0 fnt\n|-boost|p1a: Incineroar|spe|1\n|faint|p2a: Zoroark\n|\n|win|TipDik\n|raw|TipDik's rating: 1043 &rarr; <strong>1072</strong><br />(+29 for winning)\n|raw|Ndjdbhe's rating: 1000 &rarr; <strong>1000</strong><br />(+0 for losing)\n|l|\u2606Ndjdbhe\n|player|p2|\n",
  "uploadtime": 1776100731,
  "views": 3,
  "formatid": "gen9championsbssregma",
  "rating": 1000,
  "private": 0,
  "password": null
}