{
  "id": "gen9championsbssregma-2585592334",
  "format": "[Gen 9 Champions] BSS Reg M-A",
  "players": [
    "RobotBest",
    "Keyan_Sans"
  ],
  "log": "|j|\u2606RobotBest\n|j|\u2606Keyan_Sans\n|t:|1776357598\n|gametype|singles\n|player|p1|RobotBest|akari|1092\n|player|p2|Keyan_Sans|hugh|1152\n|gen|9\n|tier|[Gen 9 Champions] BSS Reg M-A\n|rated|\n|rule|Species Clause: Limit one of each Pok\u00e9mon\n|rule|Item Clause: Limit 1 of each item\n|clearpoke\n|poke|p1|Mimikyu, L50, M|\n|poke|p1|Banette, L50, M|\n|poke|p1|Kingambit, L50, M|\n|poke|p1|Meganium, L50, F|\n|poke|p1|Lucario, L50, F|\n|poke|p1|Primarina, L50, F|\n|poke|p2|Aegislash, L50, M|\n|poke|p2|Primarina, L50, M|\n|poke|p2|Glimmora, L50, F|\n|poke|p2|Meowscarada, L50, M|\n|poke|p2|Dragonite, L50, F|\n|poke|p2|Lopunny, L50, M|\n|teampreview|3\n|inactive|Battle timer is ON: inactive players will automatically lose when time's up. (requested by Keyan_Sans)\n|inactive|Keyan_Sans has 60 seconds left.\n|inactive|Keyan_Sans has 30 seconds left.\n|inactive|Keyan_Sans has 20 seconds left.\n|inactive|Keyan_Sans has 15 seconds left.\n|inactive|Keyan_Sans has 10 seconds left.\n|\n|t:|1776357701\n|teamsize|p1|3\n|teamsize|p2|3\n|start\n|switch|p1a: Lucario|Lucario, L50, F|100/100\n|switch|p2a: Lopunny|Lopunny, L50, M|100/100\n|turn|1\n|\n|t:|1776357723\n|detailschange|p2a: Lopunny|Lopunny-Mega, L50, M\n|-mega|p2a: Lopunny|Lopunny|Lopunnite\n|move|p2a: Lopunny|Close Combat|p1a: Lucario\n|-supereffective|p1a: Lucario|1\n|-damage|p1a: Lucario|0 fnt\n|-unboost|p2a: Lopunny|def|1\n|-unboost|p2a: Lopunny|spd|1\n|faint|p1a: Lucario\n|\n|upkeep\n|\n|t:|1776357732\n|switch|p1a: Banette|Banette, L50, M|100/100\n|-item|p2a: Lopunny|Lopunnite|[from] ability: Frisk|[of] p1a: Banette\n|turn|2\n|\n|t:|1776357738\n|switch|p2a: Meowscarada|Meowscarada, L50, M|100/100\n|detailschange|p1a: Banette|Banette-Mega, L50, M\n|-mega|p1a: Banette|Banette|Banettite\n|move|p1a: Banette|Encore|p2a: Meowscarada\n|-hint|Since gen 7, Dark is immune to Prankster moves.\n|-immune|p2a: Meowscarada\n|\n|upkeep\n|turn|3\n|\n|t:|1776357745\n|move|p1a: Banette|Destiny Bond|p1a: Banette\n|-singlemove|p1a: Banette|Destiny Bond\n|move|p2a: Meowscarada|U-turn|p1a: Banette\n|-start|p2a: Meowscarada|typechange|Bug|[from] ability: Protean\n|-resisted|p1a: Banette|1\n|-damage|p1a: Banette|79/100\n|\n|t:|1776357750\n|switch|p2a: Dragonite|Dragonite, L50, F|100/100|[from] U-turn\n|\n|upkeep\n|turn|4\n|\n|t:|1776357759\n|move|p2a: Dragonite|Earthquake|p1a: Banette\n|-damage|p1a: Banette|32/100\n|move|p1a: Banette|Poltergeist|p2a: Dragonite\n|-activate|p2a: Dragonite|move: Poltergeist|Lum Berry\n|-damage|p2a: Dragonite|61/100\n|\n|upkeep\n|turn|5\n|\n|t:|1776357771\n|move|p1a: Banette|Destiny Bond|p1a: Banette\n|-singlemove|p1a: Banette|Destiny Bond\n|move|p2a: Dragonite|Earthquake|p1a: Banette\n|-damage|p1a: Banette|0 fnt\n|faint|p1a: Banette\n|-activate|p1a: Banette|move: Destiny Bond\n|faint|p2a: Dragonite\n|\n|upkeep\n|\n|t:|1776357782\n|switch|p2a: Lopunny|Lopunny-Mega, L50, M|100/100\n|switch|p1a: Kingambit|Kingambit, L50, M|100/100\n|-activate|p1a: Kingambit|ability: Supreme Overlord\n|-start|p1a: Kingambit|fallen2|[silent]\n|turn|6\n|\n|t:|1776357790\n|move|p2a: Lopunny|Fake Out|p1a: Kingambit\n|-resisted|p1a: Kingambit|1\n|-damage|p1a: Kingambit|93/100\n|cant|p1a: Kingambit|flinch\n|\n|upkeep\n|turn|7\n|c|\u2606Keyan_Sans|Gg\n|\n|t:|1776357795\n|move|p1a: Kingambit|Sucker Punch|p2a: Lopunny\n|-resisted|p2a: Lopunny|1\n|-damage|p2a: Lopunny|64/100\n|move|p2a: Lopunny|Close Combat|p1a: Kingambit\n|-supereffective|p1a: Kingambit|2\n|-damage|p1a: Kingambit|0 fnt\n|-unboost|p2a: Lopunny|def|1\n|-unboost|p2a: Lopunny|spd|1\n|faint|p1a: Kingambit\n|-end|p1a: Kingambit|fallen2|[silent]\n|\n|win|Keyan_Sans\n|raw|RobotBest's rating: 1092 &rarr; <strong>1074</strong><br />(-18 for losing)\n|raw|Keyan_Sans's rating: 1176 &rarr; <strong>1195</strong><br />(+19 for winning)\n",
  "uploadtime": 1776357798,
  "views": 4,
  "formatid": "gen9championsbssregma",
  "rating": 1074,
  "private": 0,
  "password": null
}