{
  "id": "gen9championsbssregma-2586188728",
  "format": "[Gen 9 Champions] BSS Reg M-A",
  "players": [
    "joguri",
    "funmitan"
  ],
  "log": "|j|\u2606joguri\n|j|\u2606funmitan\n|t:|1776410204\n|gametype|singles\n|player|p1|joguri|dawn|1279\n|player|p2|funmitan|170|1251\n|gen|9\n|tier|[Gen 9 Champions] BSS Reg M-A\n|rated|\n|rule|Species Clause: Limit one of each Pok\u00e9mon\n|rule|Item Clause: Limit 1 of each item\n|clearpoke\n|poke|p1|Clefable, L50, F|\n|poke|p1|Espathra, L50, F|\n|poke|p1|Charizard, L50, M|\n|poke|p1|Hippowdon, L50, F|\n|poke|p1|Rotom-Wash, L50|\n|poke|p1|Garchomp, L50, F|\n|poke|p2|Ninetales-Alola, L50, M|\n|poke|p2|Kleavor, L50, F|\n|poke|p2|Banette, L50, M|\n|poke|p2|Kommo-o, L50, M|\n|poke|p2|Blastoise, L50, F|\n|poke|p2|Hydreigon, L50, M|\n|teampreview|3\n|j| p74\n|\n|t:|1776410243\n|teamsize|p1|3\n|teamsize|p2|3\n|start\n|switch|p1a: Hippowdon|Hippowdon, L50, F|100/100\n|switch|p2a: Banette|Banette, L50, M|100/100\n|-weather|Sandstorm|[from] ability: Sand Stream|[of] p1a: Hippowdon\n|turn|1\n|inactive|Battle timer is ON: inactive players will automatically lose when time's up. (requested by joguri)\n|\n|t:|1776410250\n|detailschange|p2a: Banette|Banette-Mega, L50, M\n|-mega|p2a: Banette|Banette|Banettite\n|move|p2a: Banette|Poltergeist|p1a: Hippowdon\n|-activate|p1a: Hippowdon|move: Poltergeist|Sitrus Berry\n|-damage|p1a: Hippowdon|57/100\n|move|p1a: Hippowdon|Stealth Rock|p2a: Banette\n|-sidestart|p2: funmitan|move: Stealth Rock\n|\n|-weather|Sandstorm|[upkeep]\n|-damage|p2a: Banette|95/100|[from] Sandstorm\n|upkeep\n|turn|2\n|\n|t:|1776410260\n|move|p2a: Banette|Poltergeist|p1a: Hippowdon\n|-activate|p1a: Hippowdon|move: Poltergeist|Sitrus Berry\n|-crit|p1a: Hippowdon\n|-damage|p1a: Hippowdon|0 fnt\n|faint|p1a: Hippowdon\n|\n|-weather|Sandstorm|[upkeep]\n|-damage|p2a: Banette|89/100|[from] Sandstorm\n|upkeep\n|\n|t:|1776410270\n|switch|p1a: Espathra|Espathra, L50, F|100/100\n|turn|3\n|\n|t:|1776410277\n|move|p1a: Espathra|Calm Mind|p1a: Espathra\n|-boost|p1a: Espathra|spa|1\n|-boost|p1a: Espathra|spd|1\n|move|p2a: Banette|Poltergeist|p1a: Espathra\n|-activate|p1a: Espathra|move: Poltergeist|Leftovers\n|-supereffective|p1a: Espathra|1\n|-damage|p1a: Espathra|0 fnt\n|faint|p1a: Espathra\n|\n|-weather|Sandstorm|[upkeep]\n|-damage|p2a: Banette|83/100|[from] Sandstorm\n|upkeep\n|\n|t:|1776410287\n|switch|p1a: Clefable|Clefable, L50, F|100/100\n|turn|4\n|\n|t:|1776410301\n|detailschange|p1a: Clefable|Clefable-Mega, L50, F\n|-mega|p1a: Clefable|Clefable|Clefablite\n|move|p2a: Banette|Gunk Shot|p1a: Clefable\n|-supereffective|p1a: Clefable|1\n|-damage|p1a: Clefable|32/100\n|move|p1a: Clefable|Cosmic Power|p1a: Clefable\n|-boost|p1a: Clefable|def|1\n|-boost|p1a: Clefable|spd|1\n|\n|-weather|Sandstorm|[upkeep]\n|-damage|p2a: Banette|77/100|[from] Sandstorm\n|-damage|p1a: Clefable|26/100|[from] Sandstorm\n|upkeep\n|turn|5\n|\n|t:|1776410313\n|move|p2a: Banette|Gunk Shot|p1a: Clefable\n|-supereffective|p1a: Clefable|1\n|-damage|p1a: Clefable|0 fnt\n|faint|p1a: Clefable\n|\n|win|funmitan\n|raw|joguri's rating: 1279 &rarr; <strong>1252</strong><br />(-27 for losing)\n|raw|funmitan's rating: 1251 &rarr; <strong>1278</strong><br />(+27 for winning)\n|l|\u2606joguri\n|player|p1|\n",
  "uploadtime": 1776410404,
  "views": 5,
  "formatid": "gen9championsbssregma",
  "rating": 1252,
  "private": 0,
  "password": null
}