{
  "id": "gen9championsbssregma-2588046742",
  "format": "[Gen 9 Champions] BSS Reg M-A",
  "players": [
    "Mr_Ghost_102",
    "Aphynobiprime"
  ],
  "log": "|j|\u2606Mr_Ghost_102\n|j|\u2606Aphynobiprime\n|t:|1776597663\n|gametype|singles\n|player|p1|Mr_Ghost_102|gladion|\n|player|p2|Aphynobiprime|cress|\n|gen|9\n|tier|[Gen 9 Champions] BSS Reg M-A\n|rule|Species Clause: Limit one of each Pok\u00e9mon\n|rule|Item Clause: Limit 1 of each item\n|clearpoke\n|poke|p1|Excadrill, L50, M|\n|poke|p1|Dragonite, L50, F, shiny|\n|poke|p1|Dragapult, L50, M|\n|poke|p1|Espathra, L50, F|\n|poke|p1|Golurk, L50, shiny|\n|poke|p1|Dedenne, L50, M|\n|poke|p2|Greninja, L50, F|\n|poke|p2|Dragapult, L50, M|\n|poke|p2|Azumarill, L50, M|\n|poke|p2|Archaludon, L50, F|\n|poke|p2|Kingambit, L50, F|\n|poke|p2|Charizard, L50, M|\n|teampreview|3\n|inactive|Battle timer is ON: inactive players will automatically lose when time's up. (requested by Mr_Ghost_102)\n|c|\u2606Aphynobiprime|zehahaha\n|c|\u2606Mr_Ghost_102|mdr\n|c|\u2606Aphynobiprime|me suis inspir\u00e9 de mes team 7G\n|c|\u2606Aphynobiprime|OU\n|inactive|Aphynobiprime has 60 seconds left.\n|\n|t:|1776597713\n|teamsize|p1|3\n|teamsize|p2|3\n|start\n|switch|p1a: Dedenne|Dedenne, L50, M|100/100\n|switch|p2a: Dragapult|Dragapult, L50, M|100/100\n|turn|1\n|c|\u2606Mr_Ghost_102|si j avvais finit ma dernier team sa aurai beau\n|\n|t:|1776597719\n|move|p2a: Dragapult|Dragon Dance|p2a: Dragapult\n|-boost|p2a: Dragapult|atk|1\n|-boost|p2a: Dragapult|spe|1\n|move|p1a: Dedenne|Nuzzle|p2a: Dragapult\n|-resisted|p2a: Dragapult|1\n|-damage|p2a: Dragapult|96/100\n|-status|p2a: Dragapult|par\n|\n|upkeep\n|turn|2\n|\n|t:|1776597722\n|move|p2a: Dragapult|Dragon Dance|p2a: Dragapult\n|-boost|p2a: Dragapult|atk|1\n|-boost|p2a: Dragapult|spe|1\n|move|p1a: Dedenne|Dazzling Gleam|p2a: Dragapult\n|-supereffective|p2a: Dragapult|1\n|-damage|p2a: Dragapult|21/100 par\n|\n|upkeep\n|turn|3\n|\n|t:|1776597729\n|move|p2a: Dragapult|Flamethrower|p1a: Dedenne\n|-damage|p1a: Dedenne|67/100\n|move|p1a: Dedenne|Dazzling Gleam|p2a: Dragapult\n|-supereffective|p2a: Dragapult|1\n|-damage|p2a: Dragapult|0 fnt\n|faint|p2a: Dragapult\n|\n|upkeep\n|\n|t:|1776597733\n|switch|p2a: Azumarill|Azumarill, L50, M|100/100\n|turn|4\n|c|\u2606Mr_Ghost_102|oublie jamais\n|c|\u2606Mr_Ghost_102|DEDENNE\n|c|\u2606Mr_Ghost_102|NEVER\n|c|\u2606Mr_Ghost_102|DIE\n|c|\u2606Aphynobiprime|tkt\n|\n|t:|1776597740\n|move|p1a: Dedenne|Nuzzle|p2a: Azumarill\n|-supereffective|p2a: Azumarill|1\n|-damage|p2a: Azumarill|84/100\n|-status|p2a: Azumarill|par\n|move|p2a: Azumarill|Belly Drum|p2a: Azumarill\n|-damage|p2a: Azumarill|34/100 par\n|-setboost|p2a: Azumarill|atk|6|[from] move: Belly Drum\n|-enditem|p2a: Azumarill|Sitrus Berry|[eat]\n|-heal|p2a: Azumarill|59/100 par|[from] item: Sitrus Berry\n|\n|upkeep\n|turn|5\n|\n|t:|1776597744\n|move|p2a: Azumarill|Aqua Jet|p1a: Dedenne\n|-damage|p1a: Dedenne|0 fnt\n|faint|p1a: Dedenne\n|\n|upkeep\n|\n|t:|1776597747\n|switch|p1a: Espathra|Espathra, L50, F|100/100\n|turn|6\n|\n|t:|1776597754\n|move|p1a: Espathra|Protect|p1a: Espathra\n|-singleturn|p1a: Espathra|Protect\n|move|p2a: Azumarill|Liquidation|p1a: Espathra\n|-activate|p1a: Espathra|move: Protect\n|\n|-ability|p1a: Espathra|Speed Boost|boost\n|-boost|p1a: Espathra|spe|1\n|upkeep\n|turn|7\n|\n|t:|1776597760\n|move|p1a: Espathra|Baton Pass|p1a: Espathra\n|\n|t:|1776597761\n|switch|p1a: Dragonite|Dragonite, L50, F, shiny|100/100|[from] Baton Pass\n|move|p2a: Azumarill|Liquidation|p1a: Dragonite\n|-resisted|p1a: Dragonite|1\n|-damage|p1a: Dragonite|46/100\n|\n|upkeep\n|turn|8\n|c|\u2606Mr_Ghost_102|si je resiste t mort\n|\n|t:|1776597769\n|detailschange|p1a: Dragonite|Dragonite-Mega, L50, F, shiny\n|-mega|p1a: Dragonite|Dragonite|Dragoninite\n|move|p1a: Dragonite|Thunderbolt|p2a: Azumarill\n|-supereffective|p2a: Azumarill|1\n|-damage|p2a: Azumarill|0 fnt\n|faint|p2a: Azumarill\n|\n|upkeep\n|c|\u2606Mr_Ghost_102|tu le sais\n|\n|t:|1776597774\n|switch|p2a: Greninja|Greninja, L50, F|100/100\n|turn|9\n|c|\u2606Mr_Ghost_102|MDR\n|c|\u2606Mr_Ghost_102|vzy mega\n|\n|t:|1776597785\n|detailschange|p2a: Greninja|Greninja-Mega, L50, F\n|-mega|p2a: Greninja|Greninja|Greninjite\n|move|p1a: Dragonite|Thunderbolt|p2a: Greninja\n|-supereffective|p2a: Greninja|1\n|-damage|p2a: Greninja|0 fnt\n|faint|p2a: Greninja\n|\n|win|Mr_Ghost_102\n|c|\u2606Aphynobiprime|dmg\n|l|\u2606Aphynobiprime\n|player|p2|\n|c|\u2606Mr_Ghost_102|ta compris\n|l|\u2606Mr_Ghost_102\n|player|p1|\n|j|\u2606Mr_Ghost_102\n|player|p1|Mr_Ghost_102|gladion|\n",
  "uploadtime": 1776597805,
  "views": 12,
  "formatid": "gen9championsbssregma",
  "rating": null,
  "private": 0,
  "password": null
}