{
  "id": "gen9championsbssregma-2585297125",
  "format": "[Gen 9 Champions] BSS Reg M-A",
  "players": [
    "fletchyfletchy",
    "Hipopoto"
  ],
  "log": "|j|\u2606fletchyfletchy\n|j|\u2606Hipopoto\n|t:|1776335073\n|gametype|singles\n|player|p1|fletchyfletchy|liko|1125\n|player|p2|Hipopoto|harlequin|1249\n|gen|9\n|tier|[Gen 9 Champions] BSS Reg M-A\n|rated|\n|rule|Species Clause: Limit one of each Pok\u00e9mon\n|rule|Item Clause: Limit 1 of each item\n|clearpoke\n|poke|p1|Lopunny, L50, M|\n|poke|p1|Rotom-Wash, L50|\n|poke|p1|Meowscarada, L50, F|\n|poke|p1|Aegislash, L50, M|\n|poke|p1|Ninetales-Alola, L50, M|\n|poke|p1|Gengar, L50, F|\n|poke|p2|Starmie, L50|\n|poke|p2|Charizard, L50, M|\n|poke|p2|Meowscarada, L50, F|\n|poke|p2|Rotom-Wash, L50|\n|poke|p2|Archaludon, L50, M|\n|poke|p2|Hippowdon, L50, F|\n|teampreview|3\n|inactive|Battle timer is ON: inactive players will automatically lose when time's up. (requested by Hipopoto)\n|\n|t:|1776335101\n|teamsize|p1|3\n|teamsize|p2|3\n|start\n|switch|p1a: Meowscarada|Meowscarada, L50, F|100/100\n|switch|p2a: Charizard|Charizard, L50, M, shiny|100/100\n|turn|1\n|\n|t:|1776335108\n|detailschange|p2a: Charizard|Charizard-Mega-Y, L50, M, shiny\n|-mega|p2a: Charizard|Charizard|Charizardite Y\n|-weather|SunnyDay|[from] ability: Drought|[of] p2a: Charizard\n|move|p1a: Meowscarada|U-turn|p2a: Charizard\n|-start|p1a: Meowscarada|typechange|Bug|[from] ability: Protean\n|-resisted|p2a: Charizard|2\n|-crit|p2a: Charizard\n|-damage|p2a: Charizard|83/100\n|\n|t:|1776335115\n|switch|p1a: Ninetales|Ninetales-Alola, L50, M|100/100|[from] U-turn\n|-weather|Snowscape|[from] ability: Snow Warning|[of] p1a: Ninetales\n|move|p2a: Charizard|Flame Charge|p1a: Ninetales\n|-supereffective|p1a: Ninetales|1\n|-damage|p1a: Ninetales|64/100\n|-boost|p2a: Charizard|spe|1\n|\n|-weather|Snowscape|[upkeep]\n|-heal|p1a: Ninetales|70/100|[from] item: Leftovers\n|upkeep\n|turn|2\n|\n|t:|1776335126\n|switch|p2a: Hippowdon|Hippowdon, L50, F, shiny|100/100\n|-weather|Sandstorm|[from] ability: Sand Stream|[of] p2a: Hippowdon\n|move|p1a: Ninetales|Aurora Veil||[still]\n|-fail|p1a: Ninetales\n|\n|-weather|Sandstorm|[upkeep]\n|-damage|p1a: Ninetales|64/100|[from] Sandstorm\n|-heal|p1a: Ninetales|70/100|[from] item: Leftovers\n|upkeep\n|turn|3\n|\n|t:|1776335132\n|switch|p1a: Meowscarada|Meowscarada, L50, F|100/100\n|switch|p2a: Charizard|Charizard-Mega-Y, L50, M, shiny|83/100\n|-weather|SunnyDay|[from] ability: Drought|[of] p2a: Charizard\n|\n|-weather|SunnyDay|[upkeep]\n|upkeep\n|turn|4\n|\n|t:|1776335138\n|move|p1a: Meowscarada|U-turn|p2a: Charizard\n|-start|p1a: Meowscarada|typechange|Bug|[from] ability: Protean\n|-resisted|p2a: Charizard|2\n|-damage|p2a: Charizard|70/100\n|\n|t:|1776335142\n|switch|p1a: Ninetales|Ninetales-Alola, L50, M|70/100|[from] U-turn\n|-weather|Snowscape|[from] ability: Snow Warning|[of] p1a: Ninetales\n|move|p2a: Charizard|Flame Charge|p1a: Ninetales\n|-supereffective|p1a: Ninetales|1\n|-damage|p1a: Ninetales|33/100\n|-boost|p2a: Charizard|spe|1\n|\n|-weather|Snowscape|[upkeep]\n|-heal|p1a: Ninetales|39/100|[from] item: Leftovers\n|upkeep\n|turn|5\n|\n|t:|1776335149\n|move|p2a: Charizard|Flame Charge|p1a: Ninetales\n|-supereffective|p1a: Ninetales|1\n|-damage|p1a: Ninetales|7/100\n|-boost|p2a: Charizard|spe|1\n|move|p1a: Ninetales|Blizzard|p2a: Charizard\n|-damage|p2a: Charizard|29/100\n|\n|-weather|Snowscape|[upkeep]\n|-heal|p1a: Ninetales|13/100|[from] item: Leftovers\n|upkeep\n|turn|6\n|\n|t:|1776335159\n|move|p2a: Charizard|Flame Charge|p1a: Ninetales\n|-supereffective|p1a: Ninetales|1\n|-damage|p1a: Ninetales|0 fnt\n|-boost|p2a: Charizard|spe|1\n|faint|p1a: Ninetales\n|\n|-weather|Snowscape|[upkeep]\n|upkeep\n|\n|t:|1776335161\n|switch|p1a: Meowscarada|Meowscarada, L50, F|100/100\n|turn|7\n|\n|t:|1776335169\n|move|p2a: Charizard|Weather Ball|p1a: Meowscarada\n|-supereffective|p1a: Meowscarada|1\n|-enditem|p1a: Meowscarada|Focus Sash\n|-damage|p1a: Meowscarada|1/100\n|move|p1a: Meowscarada|Knock Off|p2a: Charizard\n|-start|p1a: Meowscarada|typechange|Dark|[from] ability: Protean\n|-damage|p2a: Charizard|0 fnt\n|faint|p2a: Charizard\n|\n|-weather|Snowscape|[upkeep]\n|upkeep\n|\n|t:|1776335178\n|switch|p2a: Meowscarada|Meowscarada, L50, F, shiny|100/100\n|turn|8\n|\n|t:|1776335181\n|move|p1a: Meowscarada|U-turn|p2a: Meowscarada\n|-supereffective|p2a: Meowscarada|2\n|-enditem|p2a: Meowscarada|Focus Sash\n|-damage|p2a: Meowscarada|1/100\n|\n|t:|1776335185\n|switch|p1a: Gengar|Gengar, L50, F|100/100|[from] U-turn\n|move|p2a: Meowscarada|U-turn|p1a: Gengar\n|-start|p2a: Meowscarada|typechange|Bug|[from] ability: Protean\n|-resisted|p1a: Gengar|2\n|-damage|p1a: Gengar|84/100\n|\n|t:|1776335192\n|switch|p2a: Hippowdon|Hippowdon, L50, F, shiny|100/100|[from] U-turn\n|-weather|Sandstorm|[from] ability: Sand Stream|[of] p2a: Hippowdon\n|\n|-weather|Sandstorm|[upkeep]\n|-damage|p1a: Gengar|78/100|[from] Sandstorm\n|upkeep\n|turn|9\n|\n|t:|1776335197\n|detailschange|p1a: Gengar|Gengar-Mega, L50, F\n|-mega|p1a: Gengar|Gengar|Gengarite\n|move|p1a: Gengar|Substitute|p1a: Gengar\n|-start|p1a: Gengar|Substitute\n|-damage|p1a: Gengar|53/100\n|move|p2a: Hippowdon|Earthquake|p1a: Gengar\n|-supereffective|p1a: Gengar|1\n|-end|p1a: Gengar|Substitute\n|\n|-weather|Sandstorm|[upkeep]\n|-damage|p1a: Gengar|47/100|[from] Sandstorm\n|upkeep\n|turn|10\n|c|\u2606Hipopoto|GG?\n|\n|t:|1776335210\n|move|p1a: Gengar|Shadow Ball|p2a: Hippowdon\n|-damage|p2a: Hippowdon|53/100\n|move|p2a: Hippowdon|Earthquake|p1a: Gengar\n|-supereffective|p1a: Gengar|1\n|-damage|p1a: Gengar|0 fnt\n|faint|p1a: Gengar\n|\n|-weather|Sandstorm|[upkeep]\n|upkeep\n|c|\u2606fletchyfletchy|yup\n|\n|t:|1776335215\n|switch|p1a: Meowscarada|Meowscarada, L50, F|1/100\n|turn|11\n|\n|t:|1776335220\n|move|p1a: Meowscarada|Flower Trick|p2a: Hippowdon\n|-start|p1a: Meowscarada|typechange|Grass|[from] ability: Protean\n|-supereffective|p2a: Hippowdon|1\n|-crit|p2a: Hippowdon\n|-damage|p2a: Hippowdon|1/100\n|-enditem|p2a: Hippowdon|Sitrus Berry|[eat]\n|-heal|p2a: Hippowdon|26/100|[from] item: Sitrus Berry\n|move|p2a: Hippowdon|Earthquake|p1a: Meowscarada\n|-resisted|p1a: Meowscarada|1\n|-damage|p1a: Meowscarada|0 fnt\n|faint|p1a: Meowscarada\n|\n|win|Hipopoto\n|raw|fletchyfletchy's rating: 1125 &rarr; <strong>1109</strong><br />(-16 for losing)\n|raw|Hipopoto's rating: 1249 &rarr; <strong>1265</strong><br />(+16 for winning)\n",
  "uploadtime": 1776335220,
  "views": 5,
  "formatid": "gen9championsbssregma",
  "rating": 1109,
  "private": 0,
  "password": null
}