{
  "id": "gen9championsbssregma-2584873307",
  "format": "[Gen 9 Champions] BSS Reg M-A",
  "players": [
    "Clown IRL",
    "Ineedaonetype"
  ],
  "log": "|j|\u2606Clown IRL\n|j|\u2606Ineedaonetype\n|t:|1776290460\n|gametype|singles\n|player|p1|Clown IRL|harlequin|1287\n|player|p2|Ineedaonetype|101|1353\n|gen|9\n|tier|[Gen 9 Champions] BSS Reg M-A\n|rated|\n|rule|Species Clause: Limit one of each Pok\u00e9mon\n|rule|Item Clause: Limit 1 of each item\n|clearpoke\n|poke|p1|Starmie, L50|\n|poke|p1|Pelipper, L50, F|\n|poke|p1|Chesnaught, L50, F|\n|poke|p1|Kleavor, L50, M|\n|poke|p1|Hydreigon, L50, M|\n|poke|p1|Toxapex, L50, M|\n|poke|p2|Venusaur, L50, F|\n|poke|p2|Hydreigon, L50, F|\n|poke|p2|Corviknight, L50, F|\n|poke|p2|Meowscarada, L50, F|\n|poke|p2|Snorlax, L50, F|\n|poke|p2|Azumarill, L50, F|\n|teampreview|3\n|inactive|Battle timer is ON: inactive players will automatically lose when time's up. (requested by Clown IRL)\n|j| p74\n|\n|t:|1776290535\n|teamsize|p1|3\n|teamsize|p2|3\n|start\n|switch|p1a: Kleavor|Kleavor, L50, M|100/100\n|switch|p2a: Meowscarada|Meowscarada, L50, F|100/100\n|turn|1\n|\n|t:|1776290546\n|move|p2a: Meowscarada|Flower Trick|p1a: Kleavor\n|-start|p2a: Meowscarada|typechange|Grass|[from] ability: Protean\n|-crit|p1a: Kleavor\n|-damage|p1a: Kleavor|46/100\n|move|p1a: Kleavor|X-Scissor|p2a: Meowscarada\n|-supereffective|p2a: Meowscarada|1\n|-enditem|p2a: Meowscarada|Focus Sash\n|-damage|p2a: Meowscarada|1/100\n|\n|upkeep\n|turn|2\n|\n|t:|1776290554\n|move|p2a: Meowscarada|Flower Trick|p1a: Kleavor\n|-crit|p1a: Kleavor\n|-damage|p1a: Kleavor|0 fnt\n|faint|p1a: Kleavor\n|\n|upkeep\n|\n|t:|1776290560\n|switch|p1a: Minos Prime|Starmie, L50|100/100\n|turn|3\n|\n|t:|1776290564\n|detailschange|p1a: Minos Prime|Starmie-Mega, L50\n|-mega|p1a: Minos Prime|Starmie|Starminite\n|move|p2a: Meowscarada|Sucker Punch|p1a: Minos Prime\n|-supereffective|p1a: Minos Prime|1\n|-damage|p1a: Minos Prime|44/100\n|move|p1a: Minos Prime|Aqua Jet|p2a: Meowscarada\n|-resisted|p2a: Meowscarada|1\n|-damage|p2a: Meowscarada|0 fnt\n|faint|p2a: Meowscarada\n|\n|upkeep\n|\n|t:|1776290572\n|switch|p2a: Hydreigon|Hydreigon, L50, F|100/100\n|turn|4\n|\n|t:|1776290578\n|switch|p1a: Pelipper|Pelipper, L50, F|100/100\n|-weather|RainDance|[from] ability: Drizzle|[of] p1a: Pelipper\n|move|p2a: Hydreigon|Dark Pulse|p1a: Pelipper\n|-damage|p1a: Pelipper|41/100\n|-enditem|p1a: Pelipper|Sitrus Berry|[eat]\n|-heal|p1a: Pelipper|65/100|[from] item: Sitrus Berry\n|\n|-weather|RainDance|[upkeep]\n|upkeep\n|turn|5\n|\n|t:|1776290582\n|move|p2a: Hydreigon|Dark Pulse|p1a: Pelipper\n|-damage|p1a: Pelipper|3/100\n|move|p1a: Pelipper|Ice Beam|p2a: Hydreigon\n|-supereffective|p2a: Hydreigon|1\n|-damage|p2a: Hydreigon|43/100\n|\n|-weather|RainDance|[upkeep]\n|upkeep\n|turn|6\n|\n|t:|1776290585\n|move|p2a: Hydreigon|Dark Pulse|p1a: Pelipper\n|-damage|p1a: Pelipper|0 fnt\n|faint|p1a: Pelipper\n|\n|-weather|RainDance|[upkeep]\n|upkeep\n|\n|t:|1776290586\n|switch|p1a: Minos Prime|Starmie-Mega, L50|44/100\n|turn|7\n|\n|t:|1776290589\n|move|p1a: Minos Prime|Aqua Jet|p2a: Hydreigon\n|-resisted|p2a: Hydreigon|1\n|-damage|p2a: Hydreigon|9/100\n|move|p2a: Hydreigon|Dark Pulse|p1a: Minos Prime\n|-supereffective|p1a: Minos Prime|1\n|-damage|p1a: Minos Prime|0 fnt\n|faint|p1a: Minos Prime\n|\n|win|Ineedaonetype\n|raw|Clown IRL's rating: 1287 &rarr; <strong>1267</strong><br />(-20 for losing)\n|raw|Ineedaonetype's rating: 1353 &rarr; <strong>1369</strong><br />(+16 for winning)\n|c|\u2606Clown IRL|gg\n|l|\u2606Clown IRL\n|player|p1|\n|l|\u2606Ineedaonetype\n|player|p2|\n",
  "uploadtime": 1776290660,
  "views": 8,
  "formatid": "gen9championsbssregma",
  "rating": 1267,
  "private": 0,
  "password": null
}