{
  "id": "gen9championsbssregma-2586174886",
  "format": "[Gen 9 Champions] BSS Reg M-A",
  "players": [
    "CoreWolfren",
    "Venti0406"
  ],
  "log": "|j|\u2606CoreWolfren\n|j|\u2606Venti0406\n|t:|1776408523\n|gametype|singles\n|player|p1|CoreWolfren|pokemaniac|1000\n|player|p2|Venti0406|n|1026\n|gen|9\n|tier|[Gen 9 Champions] BSS Reg M-A\n|rated|\n|rule|Species Clause: Limit one of each Pok\u00e9mon\n|rule|Item Clause: Limit 1 of each item\n|clearpoke\n|poke|p1|Froslass, L50, F|\n|poke|p1|Garchomp, L50, M|\n|poke|p1|Rotom-Frost, L50|\n|poke|p1|Empoleon, L50, M|\n|poke|p1|Incineroar, L50, M|\n|poke|p1|Kingambit, L50, M|\n|poke|p2|Lopunny, L50, M|\n|poke|p2|Corviknight, L50, M|\n|poke|p2|Milotic, L50, F|\n|poke|p2|Gengar, L50, F|\n|poke|p2|Aegislash, L50, M|\n|poke|p2|Rotom-Wash, L50|\n|teampreview|3\n|inactive|Battle timer is ON: inactive players will automatically lose when time's up. (requested by Venti0406)\n|inactive|CoreWolfren has 60 seconds left.\n|\n|t:|1776408554\n|teamsize|p1|3\n|teamsize|p2|3\n|start\n|switch|p1a: Incineroar|Incineroar, L50, M|100/100\n|switch|p2a: Lopunny|Lopunny, L50, M|100/100\n|-ability|p1a: Incineroar|Intimidate|boost\n|-unboost|p2a: Lopunny|atk|1\n|turn|1\n|\n|t:|1776408562\n|detailschange|p2a: Lopunny|Lopunny-Mega, L50, M\n|-mega|p2a: Lopunny|Lopunny|Lopunnite\n|move|p2a: Lopunny|Fake Out|p1a: Incineroar\n|-damage|p1a: Incineroar|87/100\n|cant|p1a: Incineroar|flinch\n|\n|upkeep\n|turn|2\n|\n|t:|1776408568\n|move|p2a: Lopunny|U-turn|p1a: Incineroar\n|-damage|p1a: Incineroar|70/100\n|\n|t:|1776408571\n|switch|p2a: Milotic|Milotic, L50, F|100/100|[from] U-turn\n|move|p1a: Incineroar|Parting Shot|p2a: Milotic\n|-unboost|p2a: Milotic|atk|1\n|-unboost|p2a: Milotic|spa|1\n|\n|t:|1776408580\n|switch|p1a: Froslass|Froslass, L50, F|100/100|[from] Parting Shot\n|\n|upkeep\n|turn|3\n|\n|t:|1776408586\n|detailschange|p1a: Froslass|Froslass-Mega, L50, F\n|-mega|p1a: Froslass|Froslass|Froslassite\n|-weather|Snowscape|[from] ability: Snow Warning|[of] p1a: Froslass\n|move|p1a: Froslass|Aurora Veil|p1a: Froslass\n|-sidestart|p1: CoreWolfren|move: Aurora Veil\n|move|p2a: Milotic|Flip Turn|p1a: Froslass\n|-damage|p1a: Froslass|96/100\n|\n|t:|1776408594\n|switch|p2a: Lopunny|Lopunny-Mega, L50, M|100/100|[from] Flip Turn\n|\n|-weather|Snowscape|[upkeep]\n|upkeep\n|turn|4\n|\n|t:|1776408599\n|move|p2a: Lopunny|Fake Out|p1a: Froslass\n|-damage|p1a: Froslass|85/100\n|cant|p1a: Froslass|flinch\n|\n|-weather|Snowscape|[upkeep]\n|upkeep\n|turn|5\n|\n|t:|1776408605\n|move|p2a: Lopunny|U-turn|p1a: Froslass\n|-resisted|p1a: Froslass|1\n|-damage|p1a: Froslass|79/100\n|\n|t:|1776408608\n|switch|p2a: Milotic|Milotic, L50, F|100/100|[from] U-turn\n|move|p1a: Froslass|Blizzard|p2a: Milotic\n|-resisted|p2a: Milotic|1\n|-damage|p2a: Milotic|83/100\n|\n|-weather|Snowscape|[upkeep]\n|-heal|p2a: Milotic|89/100|[from] item: Leftovers\n|upkeep\n|turn|6\n|\n|t:|1776408618\n|move|p1a: Froslass|Blizzard|p2a: Milotic\n|-resisted|p2a: Milotic|1\n|-damage|p2a: Milotic|70/100\n|move|p2a: Milotic|Flip Turn|p1a: Froslass\n|-damage|p1a: Froslass|72/100\n|\n|t:|1776408625\n|switch|p2a: Lopunny|Lopunny-Mega, L50, M|100/100|[from] Flip Turn\n|\n|-weather|Snowscape|[upkeep]\n|upkeep\n|turn|7\n|\n|t:|1776408638\n|move|p1a: Froslass|Protect|p1a: Froslass\n|-singleturn|p1a: Froslass|Protect\n|move|p2a: Lopunny|Fake Out|p1a: Froslass\n|-activate|p1a: Froslass|move: Protect\n|\n|-weather|none\n|-sideend|p1: CoreWolfren|move: Aurora Veil\n|upkeep\n|turn|8\n|\n|t:|1776408649\n|move|p2a: Lopunny|U-turn|p1a: Froslass\n|-resisted|p1a: Froslass|1\n|-damage|p1a: Froslass|51/100\n|l|\u2606Venti0406\n|inactive|Venti0406 disconnected and has a minute to reconnect!\n|player|p2|\n|inactive|Venti0406 has 30 seconds left.\n|j|\u2606Venti0406\n|inactive|Venti0406 reconnected and has 25 seconds left.\n|player|p2|Venti0406|n|\n|inactive|Venti0406 has 20 seconds left.\n|inactive|Venti0406 has 15 seconds left.\n|\n|t:|1776408690\n|switch|p2a: Milotic|Milotic, L50, F|70/100|[from] U-turn\n|move|p1a: Froslass|Shadow Ball|p2a: Milotic\n|-damage|p2a: Milotic|45/100\n|-unboost|p2a: Milotic|spd|1\n|\n|-heal|p2a: Milotic|50/100|[from] item: Leftovers\n|upkeep\n|turn|9\n|\n|t:|1776408700\n|move|p1a: Froslass|Aurora Veil||[still]\n|-fail|p1a: Froslass\n|move|p2a: Milotic|Flip Turn|p1a: Froslass\n|-crit|p1a: Froslass\n|-damage|p1a: Froslass|16/100\n|\n|t:|1776408705\n|switch|p2a: Lopunny|Lopunny-Mega, L50, M|100/100|[from] Flip Turn\n|\n|upkeep\n|turn|10\n|\n|t:|1776408710\n|switch|p1a: Garchomp|Garchomp, L50, M|100/100\n|move|p2a: Lopunny|Fake Out|p1a: Garchomp\n|-damage|p1a: Garchomp|79/100\n|-damage|p2a: Lopunny|89/100|[from] ability: Rough Skin|[of] p1a: Garchomp\n|\n|upkeep\n|turn|11\n|\n|t:|1776408723\n|move|p2a: Lopunny|U-turn|p1a: Garchomp\n|-damage|p1a: Garchomp|54/100\n|-damage|p2a: Lopunny|77/100|[from] ability: Rough Skin|[of] p1a: Garchomp\n|l|\u2606Venti0406\n|inactive|Venti0406 disconnected and has a minute to reconnect!\n|player|p2|\n|inactive|Venti0406 has 30 seconds left.\n|j|\u2606Venti0406\n|inactive|Venti0406 reconnected and has 30 seconds left.\n|player|p2|Venti0406|n|\n|\n|t:|1776408758\n|switch|p2a: Corviknight|Corviknight, L50, M|100/100|[from] U-turn\n|move|p1a: Garchomp|Earthquake|p2a: Corviknight\n|-immune|p2a: Corviknight\n|\n|upkeep\n|turn|12\n|\n|t:|1776408767\n|switch|p1a: Incineroar|Incineroar, L50, M|70/100\n|-ability|p1a: Incineroar|Intimidate|boost\n|-ability|p2a: Corviknight|Mirror Armor\n|-unboost|p1a: Incineroar|atk|1\n|move|p2a: Corviknight|U-turn|p1a: Incineroar\n|-damage|p1a: Incineroar|57/100\n|\n|t:|1776408775\n|switch|p2a: Lopunny|Lopunny-Mega, L50, M|77/100|[from] U-turn\n|\n|upkeep\n|turn|13\n|\n|t:|1776408787\n|switch|p1a: Garchomp|Garchomp, L50, M|54/100\n|move|p2a: Lopunny|Fake Out|p1a: Garchomp\n|-damage|p1a: Garchomp|30/100\n|-damage|p2a: Lopunny|65/100|[from] ability: Rough Skin|[of] p1a: Garchomp\n|\n|upkeep\n|turn|14\n|\n|t:|1776408796\n|move|p2a: Lopunny|U-turn|p1a: Garchomp\n|-damage|p1a: Garchomp|5/100\n|-damage|p2a: Lopunny|53/100|[from] ability: Rough Skin|[of] p1a: Garchomp\n|\n|t:|1776408800\n|switch|p2a: Corviknight|Corviknight, L50, M|100/100|[from] U-turn\n|move|p1a: Garchomp|Rock Slide|p2a: Corviknight|[miss]\n|-miss|p1a: Garchomp|p2a: Corviknight\n|\n|upkeep\n|turn|15\n|\n|t:|1776408808\n|move|p1a: Garchomp|Protect|p1a: Garchomp\n|-singleturn|p1a: Garchomp|Protect\n|move|p2a: Corviknight|U-turn|p1a: Garchomp\n|-activate|p1a: Garchomp|move: Protect\n|\n|upkeep\n|turn|16\n|\n|t:|1776408814\n|move|p1a: Garchomp|Rock Slide|p2a: Corviknight\n|-damage|p2a: Corviknight|83/100\n|cant|p2a: Corviknight|flinch\n|\n|upkeep\n|turn|17\n|\n|t:|1776408819\n|move|p1a: Garchomp|Protect|p1a: Garchomp\n|-singleturn|p1a: Garchomp|Protect\n|move|p2a: Corviknight|U-turn|p1a: Garchomp\n|-activate|p1a: Garchomp|move: Protect\n|\n|upkeep\n|turn|18\n|\n|t:|1776408825\n|move|p1a: Garchomp|Rock Slide|p2a: Corviknight\n|-damage|p2a: Corviknight|66/100\n|move|p2a: Corviknight|U-turn|p1a: Garchomp\n|-damage|p1a: Garchomp|0 fnt\n|-damage|p2a: Corviknight|54/100|[from] ability: Rough Skin|[of] p1a: Garchomp\n|faint|p1a: Garchomp\n|\n|t:|1776408831\n|switch|p2a: Lopunny|Lopunny-Mega, L50, M|53/100|[from] U-turn\n|\n|upkeep\n|\n|t:|1776408836\n|switch|p1a: Incineroar|Incineroar, L50, M|57/100\n|-ability|p1a: Incineroar|Intimidate|boost\n|-fail|p2a: Lopunny|unboost|Attack|[from] ability: Scrappy|[of] p2a: Lopunny\n|turn|19\n|\n|t:|1776408843\n|move|p2a: Lopunny|Fake Out|p1a: Incineroar\n|-damage|p1a: Incineroar|37/100\n|cant|p1a: Incineroar|flinch\n|\n|upkeep\n|turn|20\n|\n|t:|1776408847\n|move|p2a: Lopunny|U-turn|p1a: Incineroar\n|-damage|p1a: Incineroar|12/100\n|\n|t:|1776408850\n|switch|p2a: Milotic|Milotic, L50, F|50/100|[from] U-turn\n|move|p1a: Incineroar|Darkest Lariat|p2a: Milotic\n|-damage|p2a: Milotic|8/100\n|\n|-heal|p2a: Milotic|14/100|[from] item: Leftovers\n|upkeep\n|turn|21\n|\n|t:|1776408859\n|move|p2a: Milotic|Flip Turn|p1a: Incineroar\n|-supereffective|p1a: Incineroar|1\n|-damage|p1a: Incineroar|0 fnt\n|faint|p1a: Incineroar\n|\n|t:|1776408863\n|switch|p2a: Lopunny|Lopunny-Mega, L50, M|53/100|[from] Flip Turn\n|\n|upkeep\n|\n|t:|1776408865\n|switch|p1a: Froslass|Froslass-Mega, L50, F|16/100\n|-weather|Snowscape|[from] ability: Snow Warning|[of] p1a: Froslass\n|turn|22\n|\n|t:|1776408869\n|move|p1a: Froslass|Protect|p1a: Froslass\n|-singleturn|p1a: Froslass|Protect\n|move|p2a: Lopunny|Fake Out|p1a: Froslass\n|-activate|p1a: Froslass|move: Protect\n|\n|-weather|Snowscape|[upkeep]\n|upkeep\n|turn|23\n|\n|t:|1776408888\n|move|p2a: Lopunny|U-turn|p1a: Froslass\n|-resisted|p1a: Froslass|1\n|-damage|p1a: Froslass|3/100\n|\n|t:|1776408892\n|switch|p2a: Milotic|Milotic, L50, F|14/100|[from] U-turn\n|move|p1a: Froslass|Blizzard|p2a: Milotic\n|-resisted|p2a: Milotic|1\n|-damage|p2a: Milotic|0 fnt\n|faint|p2a: Milotic\n|\n|-weather|Snowscape|[upkeep]\n|upkeep\n|\n|t:|1776408904\n|switch|p2a: Lopunny|Lopunny-Mega, L50, M|53/100\n|turn|24\n|\n|t:|1776408908\n|move|p1a: Froslass|Protect|p1a: Froslass\n|-singleturn|p1a: Froslass|Protect\n|move|p2a: Lopunny|Fake Out|p1a: Froslass\n|-activate|p1a: Froslass|move: Protect\n|\n|-weather|Snowscape|[upkeep]\n|upkeep\n|turn|25\n|\n|t:|1776408915\n|move|p2a: Lopunny|U-turn|p1a: Froslass\n|-resisted|p1a: Froslass|1\n|-damage|p1a: Froslass|0 fnt\n|faint|p1a: Froslass\n|\n|win|Venti0406\n|raw|CoreWolfren's rating: 1000 &rarr; <strong>1000</strong><br />(+0 for losing)\n|raw|Venti0406's rating: 1026 &rarr; <strong>1059</strong><br />(+33 for winning)\n|l|\u2606CoreWolfren\n|player|p1|\n",
  "uploadtime": 1776408919,
  "views": 20,
  "formatid": "gen9championsbssregma",
  "rating": 1000,
  "private": 0,
  "password": null
}