{
  "id": "gen9championsbssregma-2585448613",
  "format": "[Gen 9 Champions] BSS Reg M-A",
  "players": [
    "Keyan_Sans",
    "Wy14"
  ],
  "log": "|j|\u2606Keyan_Sans\n|j|\u2606Wy14\n|t:|1776348005\n|gametype|singles\n|player|p1|Keyan_Sans|hugh|1182\n|player|p2|Wy14|alder|1078\n|gen|9\n|tier|[Gen 9 Champions] BSS Reg M-A\n|rated|\n|rule|Species Clause: Limit one of each Pok\u00e9mon\n|rule|Item Clause: Limit 1 of each item\n|clearpoke\n|poke|p1|Aegislash, L50, M|\n|poke|p1|Primarina, L50, F|\n|poke|p1|Glimmora, L50, M|\n|poke|p1|Meowscarada, L50, F|\n|poke|p1|Dragonite, L50, M|\n|poke|p1|Lopunny, L50, M|\n|poke|p2|Decidueye, L50, M|\n|poke|p2|Milotic, L50, F|\n|poke|p2|Hatterene, L50, F|\n|poke|p2|Gengar, L50, M|\n|poke|p2|Garchomp, L50, M|\n|poke|p2|Arcanine-Hisui, L50, M|\n|teampreview|3\n|inactive|Battle timer is ON: inactive players will automatically lose when time's up. (requested by Keyan_Sans)\n|inactive|Keyan_Sans has 60 seconds left.\n|inactive|Keyan_Sans has 30 seconds left.\n|inactive|Keyan_Sans has 20 seconds left.\n|inactive|Keyan_Sans has 15 seconds left.\n|inactive|Keyan_Sans has 10 seconds left.\n|inactive|Keyan_Sans has 5 seconds left.\n|\n|t:|1776348099\n|teamsize|p1|3\n|teamsize|p2|3\n|start\n|switch|p1a: Meowscarada|Meowscarada, L50, F|100/100\n|switch|p2a: Decidueye|Decidueye, L50, M, shiny|100/100\n|turn|1\n|\n|t:|1776348108\n|switch|p2a: Arcanine|Arcanine-Hisui, L50, M, shiny|100/100\n|move|p1a: Meowscarada|U-turn|p2a: Arcanine\n|-start|p1a: Meowscarada|typechange|Bug|[from] ability: Protean\n|-resisted|p2a: Arcanine|1\n|-damage|p2a: Arcanine|81/100\n|\n|t:|1776348115\n|switch|p1a: Lopunny|Lopunny, L50, M|100/100|[from] U-turn\n|\n|upkeep\n|turn|2\n|\n|t:|1776348120\n|detailschange|p1a: Lopunny|Lopunny-Mega, L50, M\n|-mega|p1a: Lopunny|Lopunny|Lopunnite\n|move|p2a: Arcanine|Flare Blitz|p1a: Lopunny\n|-damage|p1a: Lopunny|18/100\n|move|p1a: Lopunny|U-turn|p2a: Arcanine\n|-resisted|p2a: Arcanine|1\n|-damage|p2a: Arcanine|66/100\n|\n|t:|1776348124\n|switch|p1a: Primarina|Primarina, L50, F|100/100|[from] U-turn\n|\n|upkeep\n|turn|3\n|\n|t:|1776348133\n|switch|p2a: Decidueye|Decidueye, L50, M, shiny|100/100\n|move|p1a: Primarina|Calm Mind|p1a: Primarina\n|-boost|p1a: Primarina|spa|1\n|-boost|p1a: Primarina|spd|1\n|\n|upkeep\n|turn|4\n|\n|t:|1776348138\n|move|p2a: Decidueye|Spirit Shackle|p1a: Primarina\n|-damage|p1a: Primarina|58/100\n|-activate|p1a: Primarina|trapped\n|move|p1a: Primarina|Draining Kiss|p2a: Decidueye\n|-damage|p2a: Decidueye|64/100\n|-heal|p1a: Primarina|81/100|[from] drain|[of] p2a: Decidueye\n|\n|-heal|p1a: Primarina|87/100|[from] item: Leftovers\n|upkeep\n|turn|5\n|\n|t:|1776348147\n|move|p2a: Decidueye|Swords Dance|p2a: Decidueye\n|-boost|p2a: Decidueye|atk|2\n|move|p1a: Primarina|Draining Kiss|p2a: Decidueye\n|-damage|p2a: Decidueye|26/100\n|-heal|p1a: Primarina|100/100|[from] drain|[of] p2a: Decidueye\n|\n|upkeep\n|turn|6\n|\n|t:|1776348159\n|move|p2a: Decidueye|Trailblaze|p1a: Primarina\n|-supereffective|p1a: Primarina|1\n|-damage|p1a: Primarina|29/100\n|-boost|p2a: Decidueye|spe|1\n|move|p1a: Primarina|Draining Kiss|p2a: Decidueye\n|-damage|p2a: Decidueye|0 fnt\n|-heal|p1a: Primarina|45/100|[from] drain|[of] p2a: Decidueye\n|faint|p2a: Decidueye\n|\n|-heal|p1a: Primarina|51/100|[from] item: Leftovers\n|upkeep\n|\n|t:|1776348165\n|switch|p2a: Arcanine|Arcanine-Hisui, L50, M, shiny|66/100\n|turn|7\n|\n|t:|1776348169\n|move|p2a: Arcanine|Wild Charge|p1a: Primarina\n|-supereffective|p1a: Primarina|1\n|-damage|p1a: Primarina|5/100\n|move|p1a: Primarina|Sparkling Aria|p2a: Arcanine\n|-supereffective|p2a: Arcanine|2\n|-damage|p2a: Arcanine|0 fnt\n|faint|p2a: Arcanine\n|\n|-heal|p1a: Primarina|11/100|[from] item: Leftovers\n|upkeep\n|\n|t:|1776348174\n|switch|p2a: Gengar|Gengar, L50, M, shiny|100/100\n|turn|8\n|\n|t:|1776348178\n|detailschange|p2a: Gengar|Gengar-Mega, L50, M, shiny\n|-mega|p2a: Gengar|Gengar|Gengarite\n|move|p2a: Gengar|Sludge Wave|p1a: Primarina\n|-supereffective|p1a: Primarina|1\n|-damage|p1a: Primarina|0 fnt\n|faint|p1a: Primarina\n|\n|upkeep\n|\n|t:|1776348181\n|switch|p1a: Meowscarada|Meowscarada, L50, F|100/100\n|turn|9\n|\n|t:|1776348185\n|move|p1a: Meowscarada|Knock Off|p2a: Gengar\n|-start|p1a: Meowscarada|typechange|Dark|[from] ability: Protean\n|-supereffective|p2a: Gengar|1\n|-damage|p2a: Gengar|0 fnt\n|faint|p2a: Gengar\n|\n|win|Keyan_Sans\n|raw|Keyan_Sans's rating: 1208 &rarr; <strong>1224</strong><br />(+16 for winning)\n|raw|Wy14's rating: 1078 &rarr; <strong>1064</strong><br />(-14 for losing)\n|l|\u2606Wy14\n|player|p2|\n",
  "uploadtime": 1776348187,
  "views": 9,
  "formatid": "gen9championsbssregma",
  "rating": 1064,
  "private": 0,
  "password": null
}