{
  "id": "gen9championsbssregma-2582397686",
  "format": "[Gen 9 Champions] BSS Reg M-A",
  "players": [
    "The Shadow Gym",
    "BBWSlayer"
  ],
  "log": "|j|\u2606The Shadow Gym\n|j|\u2606BBWSlayer\n|t:|1776089012\n|gametype|singles\n|player|p1|The Shadow Gym|lance|1022\n|player|p2|BBWSlayer|baker|1085\n|gen|9\n|tier|[Gen 9 Champions] BSS Reg M-A\n|rated|\n|rule|Species Clause: Limit one of each Pok\u00e9mon\n|rule|Item Clause: Limit 1 of each item\n|clearpoke\n|poke|p1|Noivern, L50, M|\n|poke|p1|Gengar, L50, M|\n|poke|p1|Araquanid, L50, M|\n|poke|p1|Orthworm, L50, F|\n|poke|p1|Toucannon, L50, F|\n|poke|p1|Floette-Eternal, L50, F|\n|poke|p2|Garchomp, L50, M|\n|poke|p2|Aerodactyl, L50, F|\n|poke|p2|Slowking-Galar, L50, F|\n|poke|p2|Lucario, L50, F|\n|poke|p2|Whimsicott, L50, F|\n|poke|p2|Rotom-Wash, L50|\n|teampreview|3\n|\n|t:|1776089039\n|teamsize|p1|3\n|teamsize|p2|3\n|start\n|switch|p1a: Noivern|Noivern, L50, M|100/100\n|switch|p2a: Aerodactyl|Aerodactyl, L50, F|100/100\n|-item|p2a: Aerodactyl|Aerodactylite|[from] ability: Frisk|[of] p1a: Noivern\n|turn|1\n|\n|t:|1776089049\n|detailschange|p2a: Aerodactyl|Aerodactyl-Mega, L50, F\n|-mega|p2a: Aerodactyl|Aerodactyl|Aerodactylite\n|move|p2a: Aerodactyl|Stone Edge|p1a: Noivern\n|-supereffective|p1a: Noivern|1\n|-enditem|p1a: Noivern|Focus Sash\n|-damage|p1a: Noivern|1/100\n|move|p1a: Noivern|Draco Meteor|p2a: Aerodactyl\n|-damage|p2a: Aerodactyl|32/100\n|-unboost|p1a: Noivern|spa|2\n|\n|upkeep\n|turn|2\n|\n|t:|1776089061\n|move|p2a: Aerodactyl|Dual Wingbeat|p1a: Noivern\n|-damage|p1a: Noivern|0 fnt\n|faint|p1a: Noivern\n|-hitcount|p1: Noivern|1\n|\n|upkeep\n|\n|t:|1776089063\n|switch|p1a: Floette|Floette-Eternal, L50, F|100/100\n|turn|3\n|\n|t:|1776089067\n|switch|p2a: Slowking|Slowking-Galar, L50, F|100/100\n|move|p1a: Floette|Moonblast|p2a: Slowking\n|-resisted|p2a: Slowking|1\n|-damage|p2a: Slowking|82/100\n|\n|upkeep\n|turn|4\n|\n|t:|1776089073\n|switch|p1a: Toucannon|Toucannon, L50, F|100/100\n|move|p2a: Slowking|Nasty Plot|p2a: Slowking\n|-boost|p2a: Slowking|spa|2\n|\n|upkeep\n|turn|5\n|\n|t:|1776089081\n|move|p1a: Toucannon|Encore|p2a: Slowking\n|-start|p2a: Slowking|Encore\n|move|p2a: Slowking|Nasty Plot|p2a: Slowking\n|-boost|p2a: Slowking|spa|2\n|\n|upkeep\n|turn|6\n|\n|t:|1776089091\n|switch|p2a: Aerodactyl|Aerodactyl-Mega, L50, F|32/100\n|move|p1a: Toucannon|Bullet Seed|p2a: Aerodactyl\n|-damage|p2a: Aerodactyl|22/100\n|-damage|p2a: Aerodactyl|13/100\n|-damage|p2a: Aerodactyl|3/100\n|-damage|p2a: Aerodactyl|0 fnt\n|faint|p2a: Aerodactyl\n|-hitcount|p2: Aerodactyl|4\n|\n|upkeep\n|\n|t:|1776089100\n|switch|p2a: Garchomp|Garchomp, L50, M|100/100\n|turn|7\n|\n|t:|1776089105\n|-singleturn|p1a: Toucannon|move: Beak Blast\n|move|p2a: Garchomp|Rock Slide|p1a: Toucannon\n|-supereffective|p1a: Toucannon|1\n|-damage|p1a: Toucannon|57/100\n|cant|p1a: Toucannon|flinch\n|\n|upkeep\n|turn|8\n|\n|t:|1776089113\n|move|p2a: Garchomp|Rock Slide|p1a: Toucannon\n|-supereffective|p1a: Toucannon|1\n|-damage|p1a: Toucannon|13/100\n|move|p1a: Toucannon|Roost|p1a: Toucannon\n|-heal|p1a: Toucannon|63/100\n|-singleturn|p1a: Toucannon|move: Roost\n|\n|upkeep\n|turn|9\n|\n|t:|1776089120\n|switch|p1a: Floette|Floette-Eternal, L50, F|100/100\n|move|p2a: Garchomp|Rock Slide|p1a: Floette\n|-damage|p1a: Floette|57/100\n|\n|upkeep\n|turn|10\n|\n|t:|1776089129\n|switch|p2a: Slowking|Slowking-Galar, L50, F|100/100\n|switch|p1a: Toucannon|Toucannon, L50, F|63/100\n|\n|upkeep\n|turn|11\n|\n|t:|1776089135\n|-singleturn|p1a: Toucannon|move: Beak Blast\n|move|p2a: Slowking|Ice Beam|p1a: Toucannon\n|-supereffective|p1a: Toucannon|1\n|-damage|p1a: Toucannon|0 fnt\n|faint|p1a: Toucannon\n|\n|upkeep\n|\n|t:|1776089137\n|switch|p1a: Floette|Floette-Eternal, L50, F|57/100\n|turn|12\n|\n|t:|1776089143\n|move|p1a: Floette|Psychic|p2a: Slowking\n|-damage|p2a: Slowking|78/100\n|move|p2a: Slowking|Nasty Plot|p2a: Slowking\n|-boost|p2a: Slowking|spa|2\n|\n|upkeep\n|turn|13\n|\n|t:|1776089148\n|move|p1a: Floette|Psychic|p2a: Slowking\n|-damage|p2a: Slowking|56/100\n|move|p2a: Slowking|Sludge Bomb|p1a: Floette\n|-supereffective|p1a: Floette|1\n|-damage|p1a: Floette|0 fnt\n|faint|p1a: Floette\n|\n|win|BBWSlayer\n|raw|The Shadow Gym's rating: 1022 &rarr; <strong>1011</strong><br />(-11 for losing)\n|raw|BBWSlayer's rating: 1085 &rarr; <strong>1107</strong><br />(+22 for winning)\n|l|\u2606The Shadow Gym\n|player|p1|\n",
  "uploadtime": 1776089159,
  "views": 19,
  "formatid": "gen9championsbssregma",
  "rating": 1011,
  "private": 0,
  "password": null
}