{
  "id": "gen9championsbssregma-2588842702",
  "format": "[Gen 9 Champions] BSS Reg M-A",
  "players": [
    "YajuSenpaiEX",
    "Bbbkty"
  ],
  "log": "|j|\u2606YajuSenpaiEX\n|j|\u2606Bbbkty\n|t:|1776677540\n|gametype|singles\n|player|p1|YajuSenpaiEX|170|1114\n|player|p2|Bbbkty|1|1078\n|gen|9\n|tier|[Gen 9 Champions] BSS Reg M-A\n|rated|\n|rule|Species Clause: Limit one of each Pok\u00e9mon\n|rule|Item Clause: Limit 1 of each item\n|clearpoke\n|poke|p1|Garchomp, L50, F|\n|poke|p1|Gyarados, L50, F|\n|poke|p1|Krookodile, L50, F|\n|poke|p1|Goodra-Hisui, L50, F|\n|poke|p1|Quaquaval, L50, F|\n|poke|p1|Charizard, L50, F|\n|poke|p2|Clefable, L50, F|\n|poke|p2|Charizard, L50, F|\n|poke|p2|Mimikyu, L50, F|\n|poke|p2|Kingambit, L50, F|\n|poke|p2|Espathra, L50, F|\n|poke|p2|Glimmora, L50, M|\n|teampreview|3\n|inactive|Battle timer is ON: inactive players will automatically lose when time's up. (requested by YajuSenpaiEX)\n|inactive|YajuSenpaiEX has 60 seconds left.\n|\n|t:|1776677597\n|teamsize|p1|3\n|teamsize|p2|3\n|start\n|switch|p1a: Krookodile|Krookodile, L50, F|100/100\n|switch|p2a: Charizard|Charizard, L50, F|100/100\n|-ability|p1a: Krookodile|Intimidate|boost\n|-unboost|p2a: Charizard|atk|1\n|turn|1\n|\n|t:|1776677608\n|switch|p1a: Garchomp|Garchomp, L50, F|100/100\n|move|p2a: Charizard|Solar Beam||[still]\n|-prepare|p2a: Charizard|Solar Beam\n|\n|upkeep\n|turn|2\n|\n|t:|1776677627\n|move|p1a: Garchomp|Rock Slide|p2a: Charizard|[miss]\n|-miss|p1a: Garchomp|p2a: Charizard\n|move|p2a: Charizard|Solar Beam|p1a: Garchomp|[from] lockedmove\n|-damage|p1a: Garchomp|59/100\n|\n|upkeep\n|turn|3\n|\n|t:|1776677637\n|move|p1a: Garchomp|Rock Slide|p2a: Charizard\n|-supereffective|p2a: Charizard|2\n|-damage|p2a: Charizard|0 fnt\n|faint|p2a: Charizard\n|\n|upkeep\n|\n|t:|1776677641\n|switch|p2a: Espathra|Espathra, L50, F|100/100\n|turn|4\n|\n|t:|1776677644\n|switch|p1a: Krookodile|Krookodile, L50, F|100/100\n|-ability|p1a: Krookodile|Intimidate|boost\n|-unboost|p2a: Espathra|atk|1\n|move|p2a: Espathra|Protect||[still]\n|-fail|p2a: Espathra\n|\n|-ability|p2a: Espathra|Speed Boost|boost\n|-boost|p2a: Espathra|spe|1\n|upkeep\n|turn|5\n|inactive|Bbbkty has 30 seconds left.\n|\n|t:|1776677676\n|move|p2a: Espathra|Baton Pass|p2a: Espathra\n|\n|t:|1776677677\n|switch|p2a: Clefable|Clefable, L50, F|100/100|[from] Baton Pass\n|move|p1a: Krookodile|Knock Off|p2a: Clefable\n|-resisted|p2a: Clefable|1\n|-damage|p2a: Clefable|88/100\n|\n|upkeep\n|turn|6\n|\n|t:|1776677700\n|switch|p1a: Garchomp|Garchomp, L50, F|59/100\n|detailschange|p2a: Clefable|Clefable-Mega, L50, F\n|-mega|p2a: Clefable|Clefable|Clefablite\n|move|p2a: Clefable|Cosmic Power|p2a: Clefable\n|-boost|p2a: Clefable|def|1\n|-boost|p2a: Clefable|spd|1\n|\n|upkeep\n|turn|7\n|\n|t:|1776677708\n|move|p1a: Garchomp|Poison Jab|p2a: Clefable\n|-supereffective|p2a: Clefable|1\n|-damage|p2a: Clefable|64/100\n|move|p2a: Clefable|Moonblast|p1a: Garchomp\n|-supereffective|p1a: Garchomp|1\n|-damage|p1a: Garchomp|0 fnt\n|faint|p1a: Garchomp\n|\n|upkeep\n|\n|t:|1776677712\n|switch|p1a: Gyarados|Gyarados, L50, F|100/100\n|-ability|p1a: Gyarados|Intimidate|boost\n|-unboost|p2a: Clefable|atk|1\n|turn|8\n|\n|t:|1776677732\n|detailschange|p1a: Gyarados|Gyarados-Mega, L50, F\n|-mega|p1a: Gyarados|Gyarados|Gyaradosite\n|-ability|p1a: Gyarados|Mold Breaker\n|move|p1a: Gyarados|Iron Head|p2a: Clefable\n|-supereffective|p2a: Clefable|1\n|-damage|p2a: Clefable|35/100\n|move|p2a: Clefable|Cosmic Power|p2a: Clefable\n|-boost|p2a: Clefable|def|1\n|-boost|p2a: Clefable|spd|1\n|\n|upkeep\n|turn|9\n|\n|t:|1776677738\n|move|p1a: Gyarados|Iron Head|p2a: Clefable\n|-supereffective|p2a: Clefable|1\n|-damage|p2a: Clefable|12/100\n|cant|p2a: Clefable|flinch\n|\n|upkeep\n|turn|10\n|\n|t:|1776677742\n|move|p1a: Gyarados|Iron Head|p2a: Clefable\n|-supereffective|p2a: Clefable|1\n|-damage|p2a: Clefable|0 fnt\n|faint|p2a: Clefable\n|\n|upkeep\n|\n|t:|1776677744\n|switch|p2a: Espathra|Espathra, L50, F|100/100\n|turn|11\n|-message|Bbbkty forfeited.\n|\n|win|YajuSenpaiEX\n|raw|YajuSenpaiEX's rating: 1114 &rarr; <strong>1136</strong><br />(+22 for winning)\n|raw|Bbbkty's rating: 1078 &rarr; <strong>1059</strong><br />(-19 for losing)\n",
  "uploadtime": 1776677749,
  "views": 0,
  "formatid": "gen9championsbssregma",
  "rating": 1059,
  "private": 0,
  "password": null
}