{
  "id": "gen9championsbssregma-2585088522",
  "format": "[Gen 9 Champions] BSS Reg M-A",
  "players": [
    "TrainerXay",
    "ack3112"
  ],
  "log": "|j|\u2606TrainerXay\n|j|\u2606ack3112\n|t:|1776310517\n|gametype|singles\n|player|p1|TrainerXay|hilbert-wonderlauncher|1141\n|player|p2|ack3112|hilbert-wonderlauncher|1119\n|gen|9\n|tier|[Gen 9 Champions] BSS Reg M-A\n|rated|\n|rule|Species Clause: Limit one of each Pok\u00e9mon\n|rule|Item Clause: Limit 1 of each item\n|clearpoke\n|poke|p1|Lopunny, L50, F|\n|poke|p1|Sableye, L50, M|\n|poke|p1|Meowscarada, L50, F|\n|poke|p1|Slowking-Galar, L50, F|\n|poke|p1|Volcarona, L50, F|\n|poke|p1|Aegislash, L50, M|\n|poke|p2|Dragonite, L50, F|\n|poke|p2|Gardevoir, L50, F|\n|poke|p2|Kingambit, L50, F|\n|poke|p2|Primarina, L50, M|\n|poke|p2|Garchomp, L50, F|\n|poke|p2|Corviknight, L50, F|\n|teampreview|3\n|inactive|Battle timer is ON: inactive players will automatically lose when time's up. (requested by TrainerXay)\n|inactive|TrainerXay has 60 seconds left.\n|inactive|ack3112 has 60 seconds left.\n|inactive|TrainerXay has 30 seconds left.\n|\n|t:|1776310584\n|teamsize|p1|3\n|teamsize|p2|3\n|start\n|switch|p1a: Lopunny|Lopunny, L50, F|100/100\n|switch|p2a: Primarina|Primarina, L50, M|100/100\n|turn|1\n|\n|t:|1776310597\n|switch|p2a: Corviknight|Corviknight, L50, F|100/100\n|detailschange|p1a: Lopunny|Lopunny-Mega, L50, F\n|-mega|p1a: Lopunny|Lopunny|Lopunnite\n|move|p1a: Lopunny|Fake Out|p2a: Corviknight\n|-resisted|p2a: Corviknight|1\n|-damage|p2a: Corviknight|94/100\n|\n|-heal|p2a: Corviknight|99/100|[from] item: Leftovers\n|upkeep\n|turn|2\n|inactive|ack3112 has 30 seconds left.\n|\n|t:|1776310624\n|switch|p2a: Primarina|Primarina, L50, M|100/100\n|move|p1a: Lopunny|U-turn|p2a: Primarina\n|-resisted|p2a: Primarina|1\n|-damage|p2a: Primarina|87/100\n|\n|t:|1776310630\n|switch|p1a: Aegislash|Aegislash, L50, M|100/100|[from] U-turn\n|\n|upkeep\n|turn|3\n|\n|t:|1776310643\n|move|p2a: Primarina|Sparkling Aria|p1a: Aegislash\n|-damage|p1a: Aegislash|61/100\n|-formechange|p1a: Aegislash|Aegislash-Blade|\n|move|p1a: Aegislash|Iron Head|p2a: Primarina\n|-damage|p2a: Primarina|31/100\n|-enditem|p2a: Primarina|Sitrus Berry|[eat]\n|-heal|p2a: Primarina|56/100|[from] item: Sitrus Berry\n|\n|-heal|p1a: Aegislash|67/100|[from] item: Leftovers\n|upkeep\n|turn|4\n|\n|t:|1776310659\n|switch|p2a: Garchomp|Garchomp, L50, F|100/100\n|-formechange|p1a: Aegislash|Aegislash|\n|move|p1a: Aegislash|King's Shield||[still]\n|-fail|p1a: Aegislash\n|\n|-heal|p1a: Aegislash|73/100|[from] item: Leftovers\n|upkeep\n|turn|5\n|\n|t:|1776310676\n|move|p1a: Aegislash|King's Shield|p1a: Aegislash\n|-singleturn|p1a: Aegislash|Protect\n|move|p2a: Garchomp|Earthquake|p1a: Aegislash\n|-activate|p1a: Aegislash|move: Protect\n|\n|-heal|p1a: Aegislash|79/100|[from] item: Leftovers\n|upkeep\n|turn|6\n|\n|t:|1776310684\n|switch|p1a: Slowking|Slowking-Galar, L50, F|100/100\n|move|p2a: Garchomp|Earthquake|p1a: Slowking\n|-supereffective|p1a: Slowking|1\n|-damage|p1a: Slowking|28/100\n|\n|upkeep\n|turn|7\n|\n|t:|1776310694\n|move|p2a: Garchomp|Earthquake|p1a: Slowking\n|-supereffective|p1a: Slowking|1\n|-damage|p1a: Slowking|0 fnt\n|faint|p1a: Slowking\n|\n|upkeep\n|\n|t:|1776310697\n|switch|p1a: Lopunny|Lopunny-Mega, L50, F|100/100\n|turn|8\n|\n|t:|1776310701\n|switch|p2a: Corviknight|Corviknight, L50, F|99/100\n|move|p1a: Lopunny|Triple Axel|p2a: Corviknight\n|-damage|p2a: Corviknight|95/100\n|-damage|p2a: Corviknight|85/100\n|-damage|p2a: Corviknight|71/100\n|-hitcount|p2a: Corviknight|3\n|\n|-heal|p2a: Corviknight|77/100|[from] item: Leftovers\n|upkeep\n|turn|9\n|\n|t:|1776310712\n|move|p1a: Lopunny|U-turn|p2a: Corviknight\n|-resisted|p2a: Corviknight|2\n|-damage|p2a: Corviknight|73/100\n|\n|t:|1776310714\n|switch|p1a: Aegislash|Aegislash, L50, M|79/100|[from] U-turn\n|move|p2a: Corviknight|Roost|p2a: Corviknight\n|-heal|p2a: Corviknight|100/100\n|-singleturn|p2a: Corviknight|move: Roost\n|\n|-heal|p1a: Aegislash|85/100|[from] item: Leftovers\n|upkeep\n|turn|10\n|\n|t:|1776310729\n|switch|p2a: Primarina|Primarina, L50, M|56/100\n|-formechange|p1a: Aegislash|Aegislash-Blade|\n|move|p1a: Aegislash|Sacred Sword|p2a: Primarina\n|-resisted|p2a: Primarina|1\n|-damage|p2a: Primarina|36/100\n|\n|-heal|p1a: Aegislash|91/100|[from] item: Leftovers\n|upkeep\n|turn|11\n|\n|t:|1776310740\n|switch|p1a: Lopunny|Lopunny-Mega, L50, F|100/100\n|move|p2a: Primarina|Calm Mind|p2a: Primarina\n|-boost|p2a: Primarina|spa|1\n|-boost|p2a: Primarina|spd|1\n|\n|upkeep\n|turn|12\n|\n|t:|1776310751\n|move|p1a: Lopunny|Fake Out|p2a: Primarina\n|-damage|p2a: Primarina|10/100\n|cant|p2a: Primarina|flinch\n|\n|upkeep\n|turn|13\n|\n|t:|1776310761\n|switch|p2a: Corviknight|Corviknight, L50, F|100/100\n|move|p1a: Lopunny|Triple Axel|p2a: Corviknight\n|-damage|p2a: Corviknight|96/100\n|-damage|p2a: Corviknight|87/100\n|-damage|p2a: Corviknight|74/100\n|-hitcount|p2a: Corviknight|3\n|\n|-heal|p2a: Corviknight|80/100|[from] item: Leftovers\n|upkeep\n|turn|14\n|\n|t:|1776310773\n|move|p1a: Lopunny|U-turn|p2a: Corviknight\n|-resisted|p2a: Corviknight|2\n|-damage|p2a: Corviknight|76/100\n|\n|t:|1776310775\n|switch|p1a: Aegislash|Aegislash, L50, M|91/100|[from] U-turn\n|move|p2a: Corviknight|Iron Head|p1a: Aegislash\n|-resisted|p1a: Aegislash|1\n|-damage|p1a: Aegislash|81/100\n|\n|-heal|p2a: Corviknight|82/100|[from] item: Leftovers\n|-heal|p1a: Aegislash|87/100|[from] item: Leftovers\n|upkeep\n|turn|15\n|\n|t:|1776310781\n|switch|p2a: Primarina|Primarina, L50, M|10/100\n|-formechange|p1a: Aegislash|Aegislash-Blade|\n|move|p1a: Aegislash|Sacred Sword|p2a: Primarina\n|-resisted|p2a: Primarina|1\n|-damage|p2a: Primarina|0 fnt\n|faint|p2a: Primarina\n|\n|-heal|p1a: Aegislash|93/100|[from] item: Leftovers\n|upkeep\n|\n|t:|1776310785\n|switch|p2a: Garchomp|Garchomp, L50, F|100/100\n|turn|16\n|\n|t:|1776310802\n|-formechange|p1a: Aegislash|Aegislash|\n|move|p1a: Aegislash|King's Shield|p1a: Aegislash\n|-singleturn|p1a: Aegislash|Protect\n|move|p2a: Garchomp|Stealth Rock|p1a: Aegislash\n|-sidestart|p1: TrainerXay|move: Stealth Rock\n|\n|-heal|p1a: Aegislash|99/100|[from] item: Leftovers\n|upkeep\n|turn|17\n|\n|t:|1776310811\n|switch|p1a: Lopunny|Lopunny-Mega, L50, F|100/100\n|-damage|p1a: Lopunny|95/100|[from] Stealth Rock\n|move|p2a: Garchomp|Earthquake|p1a: Lopunny\n|-damage|p1a: Lopunny|30/100\n|\n|upkeep\n|turn|18\n|\n|t:|1776310819\n|switch|p2a: Corviknight|Corviknight, L50, F|82/100\n|move|p1a: Lopunny|Triple Axel|p2a: Corviknight\n|-damage|p2a: Corviknight|77/100\n|-damage|p2a: Corviknight|68/100\n|-damage|p2a: Corviknight|55/100\n|-hitcount|p2a: Corviknight|3\n|\n|-heal|p2a: Corviknight|60/100|[from] item: Leftovers\n|upkeep\n|turn|19\n|\n|t:|1776310830\n|switch|p2a: Garchomp|Garchomp, L50, F|100/100\n|move|p1a: Lopunny|Close Combat|p2a: Garchomp\n|-damage|p2a: Garchomp|36/100\n|-unboost|p1a: Lopunny|def|1\n|-unboost|p1a: Lopunny|spd|1\n|-damage|p1a: Lopunny|18/100|[from] ability: Rough Skin|[of] p2a: Garchomp\n|\n|upkeep\n|turn|20\n|\n|t:|1776310836\n|switch|p2a: Corviknight|Corviknight, L50, F|60/100\n|move|p1a: Lopunny|Triple Axel|p2a: Corviknight\n|-damage|p2a: Corviknight|56/100\n|-damage|p2a: Corviknight|47/100\n|-damage|p2a: Corviknight|34/100\n|-hitcount|p2a: Corviknight|3\n|\n|-heal|p2a: Corviknight|40/100|[from] item: Leftovers\n|upkeep\n|turn|21\n|\n|t:|1776310846\n|move|p1a: Lopunny|U-turn|p2a: Corviknight\n|-resisted|p2a: Corviknight|2\n|-damage|p2a: Corviknight|36/100\n|\n|t:|1776310848\n|switch|p1a: Aegislash|Aegislash, L50, M|99/100|[from] U-turn\n|-damage|p1a: Aegislash|93/100|[from] Stealth Rock\n|move|p2a: Corviknight|Roost|p2a: Corviknight\n|-heal|p2a: Corviknight|86/100\n|-singleturn|p2a: Corviknight|move: Roost\n|\n|-heal|p2a: Corviknight|92/100|[from] item: Leftovers\n|-heal|p1a: Aegislash|99/100|[from] item: Leftovers\n|upkeep\n|turn|22\n|\n|t:|1776310864\n|move|p2a: Corviknight|Iron Defense|p2a: Corviknight\n|-boost|p2a: Corviknight|def|2\n|-formechange|p1a: Aegislash|Aegislash-Blade|\n|move|p1a: Aegislash|Sacred Sword|p2a: Corviknight\n|-damage|p2a: Corviknight|69/100\n|\n|-heal|p2a: Corviknight|75/100|[from] item: Leftovers\n|-heal|p1a: Aegislash|100/100|[from] item: Leftovers\n|upkeep\n|turn|23\n|\n|t:|1776310872\n|move|p2a: Corviknight|Iron Defense|p2a: Corviknight\n|-boost|p2a: Corviknight|def|2\n|move|p1a: Aegislash|Sacred Sword|p2a: Corviknight\n|-damage|p2a: Corviknight|53/100\n|\n|-heal|p2a: Corviknight|59/100|[from] item: Leftovers\n|upkeep\n|turn|24\n|\n|t:|1776310878\n|move|p2a: Corviknight|Roost|p2a: Corviknight\n|-heal|p2a: Corviknight|100/100\n|-singleturn|p2a: Corviknight|move: Roost\n|move|p1a: Aegislash|Sacred Sword|p2a: Corviknight\n|-supereffective|p2a: Corviknight|1\n|-damage|p2a: Corviknight|59/100\n|\n|-heal|p2a: Corviknight|64/100|[from] item: Leftovers\n|upkeep\n|turn|25\n|\n|t:|1776310893\n|switch|p1a: Lopunny|Lopunny-Mega, L50, F|18/100\n|-damage|p1a: Lopunny|12/100|[from] Stealth Rock\n|move|p2a: Corviknight|Iron Defense|p2a: Corviknight\n|-boost|p2a: Corviknight|def|2\n|\n|-heal|p2a: Corviknight|70/100|[from] item: Leftovers\n|upkeep\n|turn|26\n|\n|t:|1776310903\n|move|p1a: Lopunny|Fake Out|p2a: Corviknight\n|-resisted|p2a: Corviknight|1\n|-damage|p2a: Corviknight|69/100\n|cant|p2a: Corviknight|flinch\n|\n|-heal|p2a: Corviknight|75/100|[from] item: Leftovers\n|upkeep\n|turn|27\n|\n|t:|1776310906\n|switch|p1a: Aegislash|Aegislash, L50, M|100/100\n|-damage|p1a: Aegislash|95/100|[from] Stealth Rock\n|move|p2a: Corviknight|Roost|p2a: Corviknight\n|-heal|p2a: Corviknight|100/100\n|-singleturn|p2a: Corviknight|move: Roost\n|\n|-heal|p1a: Aegislash|100/100|[from] item: Leftovers\n|upkeep\n|turn|28\n|\n|t:|1776310916\n|-formechange|p1a: Aegislash|Aegislash-Blade|\n|move|p1a: Aegislash|Shadow Sneak|p2a: Corviknight\n|-damage|p2a: Corviknight|96/100\n|move|p2a: Corviknight|Roost|p2a: Corviknight\n|-heal|p2a: Corviknight|100/100\n|-singleturn|p2a: Corviknight|move: Roost\n|\n|upkeep\n|turn|29\n|\n|t:|1776310926\n|move|p2a: Corviknight|Iron Defense|p2a: Corviknight\n|-boost|p2a: Corviknight|def|0\n|move|p1a: Aegislash|Sacred Sword|p2a: Corviknight\n|-damage|p2a: Corviknight|78/100\n|\n|-heal|p2a: Corviknight|83/100|[from] item: Leftovers\n|upkeep\n|turn|30\n|\n|t:|1776310938\n|move|p2a: Corviknight|Iron Head|p1a: Aegislash\n|-resisted|p1a: Aegislash|1\n|-damage|p1a: Aegislash|80/100\n|move|p1a: Aegislash|Iron Head|p2a: Corviknight\n|-resisted|p2a: Corviknight|1\n|-damage|p2a: Corviknight|80/100\n|\n|-heal|p2a: Corviknight|85/100|[from] item: Leftovers\n|-heal|p1a: Aegislash|86/100|[from] item: Leftovers\n|upkeep\n|turn|31\n|\n|t:|1776310950\n|move|p2a: Corviknight|Roost|p2a: Corviknight\n|-heal|p2a: Corviknight|100/100\n|-singleturn|p2a: Corviknight|move: Roost\n|move|p1a: Aegislash|Iron Head|p2a: Corviknight\n|-resisted|p2a: Corviknight|1\n|-damage|p2a: Corviknight|97/100\n|\n|-heal|p2a: Corviknight|100/100|[from] item: Leftovers\n|-heal|p1a: Aegislash|92/100|[from] item: Leftovers\n|upkeep\n|turn|32\n|\n|t:|1776310961\n|move|p2a: Corviknight|Iron Head|p1a: Aegislash\n|-resisted|p1a: Aegislash|1\n|-damage|p1a: Aegislash|69/100\n|move|p1a: Aegislash|Sacred Sword|p2a: Corviknight\n|-damage|p2a: Corviknight|79/100\n|\n|-heal|p2a: Corviknight|84/100|[from] item: Leftovers\n|-heal|p1a: Aegislash|75/100|[from] item: Leftovers\n|upkeep\n|turn|33\n|\n|t:|1776310970\n|move|p2a: Corviknight|Iron Head|p1a: Aegislash\n|-resisted|p1a: Aegislash|1\n|-damage|p1a: Aegislash|52/100\n|move|p1a: Aegislash|Sacred Sword|p2a: Corviknight\n|-damage|p2a: Corviknight|60/100\n|\n|-heal|p2a: Corviknight|66/100|[from] item: Leftovers\n|-heal|p1a: Aegislash|58/100|[from] item: Leftovers\n|upkeep\n|turn|34\n|\n|t:|1776310980\n|-formechange|p1a: Aegislash|Aegislash|\n|move|p1a: Aegislash|King's Shield|p1a: Aegislash\n|-singleturn|p1a: Aegislash|Protect\n|move|p2a: Corviknight|Iron Head|p1a: Aegislash\n|-activate|p1a: Aegislash|move: Protect\n|-ability|p2a: Corviknight|Mirror Armor\n|-unboost|p1a: Aegislash|atk|1\n|\n|-heal|p2a: Corviknight|72/100|[from] item: Leftovers\n|-heal|p1a: Aegislash|64/100|[from] item: Leftovers\n|upkeep\n|turn|35\n|\n|t:|1776310997\n|move|p2a: Corviknight|Iron Head|p1a: Aegislash\n|-resisted|p1a: Aegislash|1\n|-damage|p1a: Aegislash|54/100\n|cant|p1a: Aegislash|flinch\n|\n|-heal|p2a: Corviknight|78/100|[from] item: Leftovers\n|-heal|p1a: Aegislash|60/100|[from] item: Leftovers\n|upkeep\n|turn|36\n|\n|t:|1776311007\n|move|p2a: Corviknight|Iron Head|p1a: Aegislash\n|-resisted|p1a: Aegislash|1\n|-damage|p1a: Aegislash|51/100\n|-formechange|p1a: Aegislash|Aegislash-Blade|\n|move|p1a: Aegislash|Iron Head|p2a: Corviknight\n|-resisted|p2a: Corviknight|1\n|-damage|p2a: Corviknight|76/100\n|\n|-heal|p2a: Corviknight|81/100|[from] item: Leftovers\n|-heal|p1a: Aegislash|57/100|[from] item: Leftovers\n|upkeep\n|turn|37\n|\n|t:|1776311021\n|-formechange|p1a: Aegislash|Aegislash|\n|move|p1a: Aegislash|King's Shield|p1a: Aegislash\n|-singleturn|p1a: Aegislash|Protect\n|move|p2a: Corviknight|Iron Head|p1a: Aegislash\n|-activate|p1a: Aegislash|move: Protect\n|-ability|p2a: Corviknight|Mirror Armor\n|-unboost|p1a: Aegislash|atk|1\n|\n|-heal|p2a: Corviknight|87/100|[from] item: Leftovers\n|-heal|p1a: Aegislash|63/100|[from] item: Leftovers\n|upkeep\n|turn|38\n|\n|t:|1776311040\n|move|p2a: Corviknight|Iron Head|p1a: Aegislash\n|-resisted|p1a: Aegislash|1\n|-damage|p1a: Aegislash|54/100\n|-formechange|p1a: Aegislash|Aegislash-Blade|\n|move|p1a: Aegislash|Iron Head|p2a: Corviknight\n|-resisted|p2a: Corviknight|1\n|-damage|p2a: Corviknight|85/100\n|\n|-heal|p2a: Corviknight|91/100|[from] item: Leftovers\n|-heal|p1a: Aegislash|60/100|[from] item: Leftovers\n|upkeep\n|turn|39\n|inactive|TrainerXay has 30 seconds left.\n|\n|t:|1776311072\n|switch|p2a: Garchomp|Garchomp, L50, F|36/100\n|move|p1a: Aegislash|Iron Head|p2a: Garchomp\n|-damage|p2a: Garchomp|13/100\n|-damage|p1a: Aegislash|48/100|[from] ability: Rough Skin|[of] p2a: Garchomp\n|\n|-heal|p1a: Aegislash|54/100|[from] item: Leftovers\n|upkeep\n|turn|40\n|\n|t:|1776311080\n|move|p1a: Aegislash|Shadow Sneak|p2a: Garchomp\n|-damage|p2a: Garchomp|0 fnt\n|-damage|p1a: Aegislash|42/100|[from] ability: Rough Skin|[of] p2a: Garchomp\n|faint|p2a: Garchomp\n|\n|-heal|p1a: Aegislash|48/100|[from] item: Leftovers\n|upkeep\n|\n|t:|1776311082\n|switch|p2a: Corviknight|Corviknight, L50, F|91/100\n|turn|41\n|\n|t:|1776311093\n|-formechange|p1a: Aegislash|Aegislash|\n|move|p1a: Aegislash|King's Shield|p1a: Aegislash\n|-singleturn|p1a: Aegislash|Protect\n|move|p2a: Corviknight|Iron Defense|p2a: Corviknight\n|-boost|p2a: Corviknight|def|2\n|\n|-heal|p2a: Corviknight|97/100|[from] item: Leftovers\n|-heal|p1a: Aegislash|54/100|[from] item: Leftovers\n|upkeep\n|turn|42\n|\n|t:|1776311100\n|switch|p1a: Lopunny|Lopunny-Mega, L50, F|12/100\n|-damage|p1a: Lopunny|6/100|[from] Stealth Rock\n|move|p2a: Corviknight|Iron Defense|p2a: Corviknight\n|-boost|p2a: Corviknight|def|2\n|\n|-heal|p2a: Corviknight|100/100|[from] item: Leftovers\n|upkeep\n|turn|43\n|\n|t:|1776311110\n|move|p1a: Lopunny|Fake Out|p2a: Corviknight\n|-resisted|p2a: Corviknight|1\n|-damage|p2a: Corviknight|98/100\n|cant|p2a: Corviknight|flinch\n|\n|-heal|p2a: Corviknight|100/100|[from] item: Leftovers\n|upkeep\n|turn|44\n|\n|t:|1776311119\n|move|p1a: Lopunny|Close Combat|p2a: Corviknight\n|-damage|p2a: Corviknight|87/100\n|-unboost|p1a: Lopunny|def|1\n|-unboost|p1a: Lopunny|spd|1\n|move|p2a: Corviknight|Body Press|p1a: Lopunny\n|-supereffective|p1a: Lopunny|1\n|-damage|p1a: Lopunny|0 fnt\n|faint|p1a: Lopunny\n|\n|-heal|p2a: Corviknight|93/100|[from] item: Leftovers\n|upkeep\n|\n|t:|1776311126\n|switch|p1a: Aegislash|Aegislash, L50, M|54/100\n|-damage|p1a: Aegislash|48/100|[from] Stealth Rock\n|turn|45\n|\n|t:|1776311135\n|move|p2a: Corviknight|Iron Head|p1a: Aegislash\n|-resisted|p1a: Aegislash|1\n|-damage|p1a: Aegislash|39/100\n|-formechange|p1a: Aegislash|Aegislash-Blade|\n|move|p1a: Aegislash|Sacred Sword|p2a: Corviknight\n|-damage|p2a: Corviknight|70/100\n|\n|-heal|p2a: Corviknight|76/100|[from] item: Leftovers\n|-heal|p1a: Aegislash|45/100|[from] item: Leftovers\n|upkeep\n|turn|46\n|inactive|TrainerXay has 30 seconds left.\n|inactive|TrainerXay has 20 seconds left.\n|\n|t:|1776311162\n|-formechange|p1a: Aegislash|Aegislash|\n|move|p1a: Aegislash|King's Shield|p1a: Aegislash\n|-singleturn|p1a: Aegislash|Protect\n|move|p2a: Corviknight|Iron Head|p1a: Aegislash\n|-activate|p1a: Aegislash|move: Protect\n|-ability|p2a: Corviknight|Mirror Armor\n|-unboost|p1a: Aegislash|atk|1\n|\n|-heal|p2a: Corviknight|81/100|[from] item: Leftovers\n|-heal|p1a: Aegislash|51/100|[from] item: Leftovers\n|upkeep\n|turn|47\n|inactive|TrainerXay has 20 seconds left this turn.\n|inactive|TrainerXay has 15 seconds left.\n|inactive|TrainerXay has 10 seconds left.\n|\n|t:|1776311176\n|move|p2a: Corviknight|Iron Head|p1a: Aegislash\n|-resisted|p1a: Aegislash|1\n|-damage|p1a: Aegislash|41/100\n|-formechange|p1a: Aegislash|Aegislash-Blade|\n|move|p1a: Aegislash|Sacred Sword|p2a: Corviknight\n|-damage|p2a: Corviknight|67/100\n|\n|-heal|p2a: Corviknight|73/100|[from] item: Leftovers\n|-heal|p1a: Aegislash|47/100|[from] item: Leftovers\n|upkeep\n|turn|48\n|inactive|TrainerXay has 10 seconds left this turn.\n|\n|t:|1776311181\n|-formechange|p1a: Aegislash|Aegislash|\n|move|p1a: Aegislash|King's Shield|p1a: Aegislash\n|-singleturn|p1a: Aegislash|Protect\n|move|p2a: Corviknight|Body Press|p1a: Aegislash\n|-activate|p1a: Aegislash|move: Protect\n|-ability|p2a: Corviknight|Mirror Armor\n|-unboost|p1a: Aegislash|atk|1\n|\n|-heal|p2a: Corviknight|79/100|[from] item: Leftovers\n|-heal|p1a: Aegislash|53/100|[from] item: Leftovers\n|upkeep\n|turn|49\n|inactive|TrainerXay has 10 seconds left this turn.\n|\n|t:|1776311184\n|move|p2a: Corviknight|Iron Head|p1a: Aegislash\n|-resisted|p1a: Aegislash|1\n|-damage|p1a: Aegislash|44/100\n|-formechange|p1a: Aegislash|Aegislash-Blade|\n|move|p1a: Aegislash|Sacred Sword|p2a: Corviknight\n|-damage|p2a: Corviknight|67/100\n|\n|-heal|p2a: Corviknight|73/100|[from] item: Leftovers\n|-heal|p1a: Aegislash|50/100|[from] item: Leftovers\n|upkeep\n|turn|50\n|inactive|TrainerXay has 10 seconds left this turn.\n|\n|t:|1776311190\n|move|p2a: Corviknight|Roost|p2a: Corviknight\n|-heal|p2a: Corviknight|100/100\n|-singleturn|p2a: Corviknight|move: Roost\n|move|p1a: Aegislash|Iron Head|p2a: Corviknight\n|-resisted|p2a: Corviknight|1\n|-damage|p2a: Corviknight|98/100\n|\n|-heal|p2a: Corviknight|100/100|[from] item: Leftovers\n|-heal|p1a: Aegislash|56/100|[from] item: Leftovers\n|upkeep\n|turn|51\n|inactive|TrainerXay has 10 seconds left this turn.\n|\n|t:|1776311197\n|move|p2a: Corviknight|Iron Head|p1a: Aegislash\n|-resisted|p1a: Aegislash|1\n|-damage|p1a: Aegislash|35/100\n|move|p1a: Aegislash|Sacred Sword|p2a: Corviknight\n|-damage|p2a: Corviknight|90/100\n|\n|-heal|p2a: Corviknight|96/100|[from] item: Leftovers\n|-heal|p1a: Aegislash|41/100|[from] item: Leftovers\n|upkeep\n|turn|52\n|inactive|TrainerXay has 10 seconds left this turn.\n|\n|t:|1776311200\n|move|p2a: Corviknight|Iron Head|p1a: Aegislash\n|-resisted|p1a: Aegislash|1\n|-damage|p1a: Aegislash|19/100\n|move|p1a: Aegislash|Sacred Sword|p2a: Corviknight\n|-damage|p2a: Corviknight|85/100\n|\n|-heal|p2a: Corviknight|91/100|[from] item: Leftovers\n|-heal|p1a: Aegislash|25/100|[from] item: Leftovers\n|upkeep\n|turn|53\n|inactive|TrainerXay has 10 seconds left this turn.\n|\n|t:|1776311204\n|move|p2a: Corviknight|Iron Head|p1a: Aegislash\n|-resisted|p1a: Aegislash|1\n|-damage|p1a: Aegislash|2/100\n|cant|p1a: Aegislash|flinch\n|\n|-heal|p2a: Corviknight|97/100|[from] item: Leftovers\n|-heal|p1a: Aegislash|8/100|[from] item: Leftovers\n|upkeep\n|turn|54\n|inactive|TrainerXay has 10 seconds left this turn.\n|\n|t:|1776311213\n|move|p1a: Aegislash|Shadow Sneak|p2a: Corviknight\n|-damage|p2a: Corviknight|94/100\n|move|p2a: Corviknight|Iron Defense|p2a: Corviknight\n|-boost|p2a: Corviknight|def|2\n|\n|-heal|p2a: Corviknight|99/100|[from] item: Leftovers\n|-heal|p1a: Aegislash|14/100|[from] item: Leftovers\n|upkeep\n|turn|55\n|inactive|TrainerXay has 10 seconds left this turn.\n|\n|t:|1776311218\n|move|p1a: Aegislash|Shadow Sneak|p2a: Corviknight\n|-damage|p2a: Corviknight|98/100\n|move|p2a: Corviknight|Iron Defense|p2a: Corviknight\n|-boost|p2a: Corviknight|def|0\n|\n|-heal|p2a: Corviknight|100/100|[from] item: Leftovers\n|-heal|p1a: Aegislash|20/100|[from] item: Leftovers\n|upkeep\n|turn|56\n|inactive|TrainerXay has 10 seconds left this turn.\n|\n|t:|1776311220\n|move|p1a: Aegislash|Shadow Sneak|p2a: Corviknight\n|-damage|p2a: Corviknight|98/100\n|move|p2a: Corviknight|Iron Defense|p2a: Corviknight\n|-boost|p2a: Corviknight|def|0\n|\n|-heal|p2a: Corviknight|100/100|[from] item: Leftovers\n|-heal|p1a: Aegislash|26/100|[from] item: Leftovers\n|upkeep\n|turn|57\n|inactive|TrainerXay has 10 seconds left this turn.\n|\n|t:|1776311223\n|move|p1a: Aegislash|Shadow Sneak|p2a: Corviknight\n|-damage|p2a: Corviknight|99/100\n|move|p2a: Corviknight|Iron Defense|p2a: Corviknight\n|-boost|p2a: Corviknight|def|0\n|\n|-heal|p2a: Corviknight|100/100|[from] item: Leftovers\n|-heal|p1a: Aegislash|32/100|[from] item: Leftovers\n|upkeep\n|turn|58\n|inactive|TrainerXay has 10 seconds left this turn.\n|\n|t:|1776311224\n|move|p1a: Aegislash|Shadow Sneak|p2a: Corviknight\n|-damage|p2a: Corviknight|99/100\n|move|p2a: Corviknight|Iron Defense|p2a: Corviknight\n|-boost|p2a: Corviknight|def|0\n|\n|-heal|p2a: Corviknight|100/100|[from] item: Leftovers\n|-heal|p1a: Aegislash|38/100|[from] item: Leftovers\n|upkeep\n|turn|59\n|inactive|TrainerXay has 10 seconds left this turn.\n|\n|t:|1776311226\n|move|p1a: Aegislash|Shadow Sneak|p2a: Corviknight\n|-crit|p2a: Corviknight\n|-damage|p2a: Corviknight|77/100\n|move|p2a: Corviknight|Iron Defense|p2a: Corviknight\n|-boost|p2a: Corviknight|def|0\n|\n|-heal|p2a: Corviknight|83/100|[from] item: Leftovers\n|-heal|p1a: Aegislash|44/100|[from] item: Leftovers\n|upkeep\n|turn|60\n|inactive|TrainerXay has 10 seconds left this turn.\n|\n|t:|1776311227\n|move|p1a: Aegislash|Shadow Sneak|p2a: Corviknight\n|-damage|p2a: Corviknight|81/100\n|move|p2a: Corviknight|Iron Defense|p2a: Corviknight\n|-boost|p2a: Corviknight|def|0\n|\n|-heal|p2a: Corviknight|87/100|[from] item: Leftovers\n|-heal|p1a: Aegislash|50/100|[from] item: Leftovers\n|upkeep\n|turn|61\n|inactive|TrainerXay has 10 seconds left this turn.\n|\n|t:|1776311228\n|move|p1a: Aegislash|Shadow Sneak|p2a: Corviknight\n|-damage|p2a: Corviknight|85/100\n|move|p2a: Corviknight|Iron Defense|p2a: Corviknight\n|-boost|p2a: Corviknight|def|0\n|\n|-heal|p2a: Corviknight|91/100|[from] item: Leftovers\n|-heal|p1a: Aegislash|56/100|[from] item: Leftovers\n|upkeep\n|turn|62\n|inactive|TrainerXay has 10 seconds left this turn.\n|\n|t:|1776311229\n|move|p1a: Aegislash|Shadow Sneak|p2a: Corviknight\n|-damage|p2a: Corviknight|89/100\n|move|p2a: Corviknight|Iron Defense|p2a: Corviknight\n|-boost|p2a: Corviknight|def|0\n|\n|-heal|p2a: Corviknight|95/100|[from] item: Leftovers\n|-heal|p1a: Aegislash|62/100|[from] item: Leftovers\n|upkeep\n|turn|63\n|inactive|TrainerXay has 10 seconds left this turn.\n|\n|t:|1776311230\n|move|p1a: Aegislash|Shadow Sneak|p2a: Corviknight\n|-damage|p2a: Corviknight|93/100\n|move|p2a: Corviknight|Iron Defense|p2a: Corviknight\n|-boost|p2a: Corviknight|def|0\n|\n|-heal|p2a: Corviknight|99/100|[from] item: Leftovers\n|-heal|p1a: Aegislash|68/100|[from] item: Leftovers\n|upkeep\n|turn|64\n|inactive|TrainerXay has 10 seconds left this turn.\n|\n|t:|1776311232\n|move|p1a: Aegislash|Shadow Sneak|p2a: Corviknight\n|-damage|p2a: Corviknight|97/100\n|move|p2a: Corviknight|Body Press|p1a: Aegislash\n|-immune|p1a: Aegislash\n|\n|-heal|p2a: Corviknight|100/100|[from] item: Leftovers\n|-heal|p1a: Aegislash|74/100|[from] item: Leftovers\n|upkeep\n|turn|65\n|inactive|TrainerXay has 10 seconds left this turn.\n|\n|t:|1776311233\n|move|p1a: Aegislash|Shadow Sneak|p2a: Corviknight\n|-crit|p2a: Corviknight\n|-damage|p2a: Corviknight|77/100\n|move|p2a: Corviknight|Body Press|p1a: Aegislash\n|-immune|p1a: Aegislash\n|\n|-heal|p2a: Corviknight|83/100|[from] item: Leftovers\n|-heal|p1a: Aegislash|80/100|[from] item: Leftovers\n|upkeep\n|turn|66\n|inactive|TrainerXay has 10 seconds left this turn.\n|\n|t:|1776311234\n|move|p1a: Aegislash|Shadow Sneak|p2a: Corviknight\n|-damage|p2a: Corviknight|81/100\n|move|p2a: Corviknight|Body Press|p1a: Aegislash\n|-immune|p1a: Aegislash\n|\n|-heal|p2a: Corviknight|87/100|[from] item: Leftovers\n|-heal|p1a: Aegislash|86/100|[from] item: Leftovers\n|upkeep\n|turn|67\n|inactive|TrainerXay has 10 seconds left this turn.\n|\n|t:|1776311235\n|move|p1a: Aegislash|Shadow Sneak|p2a: Corviknight\n|-damage|p2a: Corviknight|85/100\n|move|p2a: Corviknight|Body Press|p1a: Aegislash\n|-immune|p1a: Aegislash\n|\n|-heal|p2a: Corviknight|91/100|[from] item: Leftovers\n|-heal|p1a: Aegislash|92/100|[from] item: Leftovers\n|upkeep\n|turn|68\n|inactive|TrainerXay has 10 seconds left this turn.\n|\n|t:|1776311239\n|move|p1a: Aegislash|Shadow Sneak|p2a: Corviknight\n|-damage|p2a: Corviknight|89/100\n|move|p2a: Corviknight|Body Press|p1a: Aegislash\n|-immune|p1a: Aegislash\n|\n|-heal|p2a: Corviknight|95/100|[from] item: Leftovers\n|-heal|p1a: Aegislash|98/100|[from] item: Leftovers\n|upkeep\n|turn|69\n|inactive|TrainerXay has 10 seconds left this turn.\n|\n|t:|1776311241\n|move|p1a: Aegislash|Shadow Sneak|p2a: Corviknight\n|-damage|p2a: Corviknight|93/100\n|move|p2a: Corviknight|Body Press|p1a: Aegislash\n|-immune|p1a: Aegislash\n|\n|-heal|p2a: Corviknight|99/100|[from] item: Leftovers\n|-heal|p1a: Aegislash|100/100|[from] item: Leftovers\n|upkeep\n|turn|70\n|inactive|TrainerXay has 10 seconds left this turn.\n|\n|t:|1776311245\n|move|p1a: Aegislash|Shadow Sneak|p2a: Corviknight\n|-damage|p2a: Corviknight|97/100\n|move|p2a: Corviknight|Body Press|p1a: Aegislash\n|-immune|p1a: Aegislash\n|\n|-heal|p2a: Corviknight|100/100|[from] item: Leftovers\n|upkeep\n|turn|71\n|inactive|TrainerXay has 10 seconds left this turn.\n|\n|t:|1776311246\n|move|p1a: Aegislash|Shadow Sneak|p2a: Corviknight\n|-damage|p2a: Corviknight|99/100\n|move|p2a: Corviknight|Body Press|p1a: Aegislash\n|-immune|p1a: Aegislash\n|\n|-heal|p2a: Corviknight|100/100|[from] item: Leftovers\n|upkeep\n|turn|72\n|inactive|TrainerXay has 10 seconds left this turn.\n|\n|t:|1776311248\n|move|p2a: Corviknight|Body Press|p1a: Aegislash\n|-immune|p1a: Aegislash\n|move|p1a: Aegislash|Iron Head|p2a: Corviknight\n|-resisted|p2a: Corviknight|1\n|-damage|p2a: Corviknight|99/100\n|\n|-heal|p2a: Corviknight|100/100|[from] item: Leftovers\n|upkeep\n|turn|73\n|inactive|TrainerXay has 10 seconds left this turn.\n|\n|t:|1776311249\n|move|p2a: Corviknight|Body Press|p1a: Aegislash\n|-immune|p1a: Aegislash\n|move|p1a: Aegislash|Iron Head|p2a: Corviknight\n|-resisted|p2a: Corviknight|1\n|-damage|p2a: Corviknight|99/100\n|\n|-heal|p2a: Corviknight|100/100|[from] item: Leftovers\n|upkeep\n|turn|74\n|inactive|TrainerXay has 10 seconds left this turn.\n|\n|t:|1776311250\n|move|p2a: Corviknight|Roost||[still]\n|-fail|p2a: Corviknight|heal\n|move|p1a: Aegislash|Iron Head|p2a: Corviknight\n|-resisted|p2a: Corviknight|1\n|-damage|p2a: Corviknight|99/100\n|\n|-heal|p2a: Corviknight|100/100|[from] item: Leftovers\n|upkeep\n|turn|75\n|inactive|TrainerXay has 10 seconds left this turn.\n|\n|t:|1776311251\n|-activate|p2a: Corviknight|move: Struggle\n|move|p2a: Corviknight|Struggle|p1a: Aegislash\n|-damage|p1a: Aegislash|81/100\n|-damage|p2a: Corviknight|76/100|[from] recoil\n|move|p1a: Aegislash|Iron Head|p2a: Corviknight\n|-resisted|p2a: Corviknight|1\n|-damage|p2a: Corviknight|74/100\n|\n|-heal|p2a: Corviknight|80/100|[from] item: Leftovers\n|-heal|p1a: Aegislash|87/100|[from] item: Leftovers\n|upkeep\n|turn|76\n|inactive|TrainerXay has 10 seconds left this turn.\n|\n|t:|1776311255\n|-activate|p2a: Corviknight|move: Struggle\n|move|p2a: Corviknight|Struggle|p1a: Aegislash\n|-damage|p1a: Aegislash|69/100\n|-damage|p2a: Corviknight|55/100|[from] recoil\n|move|p1a: Aegislash|Iron Head|p2a: Corviknight\n|-resisted|p2a: Corviknight|1\n|-damage|p2a: Corviknight|53/100\n|\n|-heal|p2a: Corviknight|59/100|[from] item: Leftovers\n|-heal|p1a: Aegislash|75/100|[from] item: Leftovers\n|upkeep\n|turn|77\n|inactive|TrainerXay has 10 seconds left this turn.\n|\n|t:|1776311258\n|-activate|p2a: Corviknight|move: Struggle\n|move|p2a: Corviknight|Struggle|p1a: Aegislash\n|-damage|p1a: Aegislash|54/100\n|-damage|p2a: Corviknight|34/100|[from] recoil\n|move|p1a: Aegislash|Iron Head|p2a: Corviknight\n|-resisted|p2a: Corviknight|1\n|-damage|p2a: Corviknight|32/100\n|\n|-heal|p2a: Corviknight|38/100|[from] item: Leftovers\n|-heal|p1a: Aegislash|60/100|[from] item: Leftovers\n|upkeep\n|turn|78\n|inactive|TrainerXay has 10 seconds left this turn.\n|\n|t:|1776311261\n|-activate|p2a: Corviknight|move: Struggle\n|move|p2a: Corviknight|Struggle|p1a: Aegislash\n|-damage|p1a: Aegislash|41/100\n|-damage|p2a: Corviknight|13/100|[from] recoil\n|move|p1a: Aegislash|Iron Head|p2a: Corviknight\n|-resisted|p2a: Corviknight|1\n|-damage|p2a: Corviknight|11/100\n|\n|-heal|p2a: Corviknight|17/100|[from] item: Leftovers\n|-heal|p1a: Aegislash|47/100|[from] item: Leftovers\n|upkeep\n|turn|79\n|inactive|TrainerXay has 10 seconds left this turn.\n|c|\u2606TrainerXay|Gg\n|inactive|TrainerXay has 5 seconds left.\n|\n|t:|1776311268\n|-activate|p2a: Corviknight|move: Struggle\n|move|p2a: Corviknight|Struggle|p1a: Aegislash\n|-damage|p1a: Aegislash|27/100\n|-damage|p2a: Corviknight|0 fnt|[from] recoil\n|faint|p2a: Corviknight\n|\n|win|TrainerXay\n|raw|TrainerXay's rating: 1141 &rarr; <strong>1164</strong><br />(+23 for winning)\n|raw|ack3112's rating: 1119 &rarr; <strong>1096</strong><br />(-23 for losing)\n|l|\u2606ack3112\n|player|p2|\n",
  "uploadtime": 1776311315,
  "views": 4,
  "formatid": "gen9championsbssregma",
  "rating": 1096,
  "private": 0,
  "password": null
}