{
  "id": "gen9championsbssregma-2588837783",
  "format": "[Gen 9 Champions] BSS Reg M-A",
  "players": [
    "cork0909",
    "Bbbkty"
  ],
  "log": "|j|\u2606cork0909\n|j|\u2606Bbbkty\n|t:|1776676968\n|gametype|singles\n|player|p1|cork0909|102|1083\n|player|p2|Bbbkty|1|1075\n|gen|9\n|tier|[Gen 9 Champions] BSS Reg M-A\n|rated|\n|rule|Species Clause: Limit one of each Pok\u00e9mon\n|rule|Item Clause: Limit 1 of each item\n|clearpoke\n|poke|p1|Crabominable, L50, M, shiny|\n|poke|p1|Sneasler, L50, F|\n|poke|p1|Stunfisk, L50, M|\n|poke|p1|Gardevoir, L50, M, shiny|\n|poke|p1|Rotom-Wash, L50|\n|poke|p1|Snorlax, L50, F, shiny|\n|poke|p2|Clefable, L50, F|\n|poke|p2|Charizard, L50, M|\n|poke|p2|Mimikyu, L50, M|\n|poke|p2|Kingambit, L50, M|\n|poke|p2|Espathra, L50, F|\n|poke|p2|Glimmora, L50, M|\n|teampreview|3\n|inactive|Battle timer is ON: inactive players will automatically lose when time's up. (requested by Bbbkty)\n|\n|t:|1776676988\n|teamsize|p1|3\n|teamsize|p2|3\n|start\n|switch|p1a: Stunfisk|Stunfisk, L50, M|100/100\n|switch|p2a: Glimmora|Glimmora, L50, M|100/100\n|turn|1\n|\n|t:|1776676997\n|move|p2a: Glimmora|Stealth Rock|p1a: Stunfisk\n|-sidestart|p1: cork0909|move: Stealth Rock\n|move|p1a: Stunfisk|Stealth Rock|p2a: Glimmora\n|-sidestart|p2: Bbbkty|move: Stealth Rock\n|\n|upkeep\n|turn|2\n|\n|t:|1776677004\n|move|p2a: Glimmora|Earth Power|p1a: Stunfisk\n|-supereffective|p1a: Stunfisk|1\n|-damage|p1a: Stunfisk|52/100\n|move|p1a: Stunfisk|Yawn|p2a: Glimmora\n|-start|p2a: Glimmora|move: Yawn|[of] p1a: Stunfisk\n|\n|-heal|p1a: Stunfisk|58/100|[from] item: Leftovers\n|upkeep\n|turn|3\n|\n|t:|1776677017\n|switch|p2a: Clefable|Clefable, L50, F|100/100\n|move|p1a: Stunfisk|Pain Split|p2a: Clefable\n|-sethp|p2a: Clefable|77/100|[from] move: Pain Split|[silent]\n|-sethp|p1a: Stunfisk|83/100|[from] move: Pain Split\n|\n|-heal|p1a: Stunfisk|89/100|[from] item: Leftovers\n|upkeep\n|turn|4\n|\n|t:|1776677027\n|detailschange|p2a: Clefable|Clefable-Mega, L50, F\n|-mega|p2a: Clefable|Clefable|Clefablite\n|move|p2a: Clefable|Cosmic Power|p2a: Clefable\n|-boost|p2a: Clefable|def|1\n|-boost|p2a: Clefable|spd|1\n|move|p1a: Stunfisk|Muddy Water|p2a: Clefable\n|-damage|p2a: Clefable|67/100\n|\n|-heal|p1a: Stunfisk|95/100|[from] item: Leftovers\n|upkeep\n|turn|5\n|\n|t:|1776677038\n|move|p2a: Clefable|Cosmic Power|p2a: Clefable\n|-boost|p2a: Clefable|def|1\n|-boost|p2a: Clefable|spd|1\n|move|p1a: Stunfisk|Muddy Water|p2a: Clefable|[miss]\n|-miss|p1a: Stunfisk|p2a: Clefable\n|\n|-heal|p1a: Stunfisk|100/100|[from] item: Leftovers\n|upkeep\n|turn|6\n|\n|t:|1776677046\n|move|p2a: Clefable|Cosmic Power|p2a: Clefable\n|-boost|p2a: Clefable|def|1\n|-boost|p2a: Clefable|spd|1\n|move|p1a: Stunfisk|Muddy Water|p2a: Clefable\n|-damage|p2a: Clefable|61/100\n|\n|upkeep\n|turn|7\n|\n|t:|1776677053\n|move|p2a: Clefable|Cosmic Power|p2a: Clefable\n|-boost|p2a: Clefable|def|1\n|-boost|p2a: Clefable|spd|1\n|move|p1a: Stunfisk|Muddy Water|p2a: Clefable\n|-damage|p2a: Clefable|55/100\n|-unboost|p2a: Clefable|accuracy|1\n|\n|upkeep\n|turn|8\n|\n|t:|1776677068\n|move|p2a: Clefable|Cosmic Power|p2a: Clefable\n|-boost|p2a: Clefable|def|1\n|-boost|p2a: Clefable|spd|1\n|move|p1a: Stunfisk|Muddy Water|p2a: Clefable\n|-damage|p2a: Clefable|51/100\n|\n|upkeep\n|turn|9\n|\n|t:|1776677075\n|move|p2a: Clefable|Moonlight|p2a: Clefable\n|-heal|p2a: Clefable|100/100\n|move|p1a: Stunfisk|Muddy Water|p2a: Clefable\n|-damage|p2a: Clefable|96/100\n|\n|upkeep\n|turn|10\n|\n|t:|1776677088\n|move|p2a: Clefable|Stored Power|p1a: Stunfisk\n|-damage|p1a: Stunfisk|48/100\n|move|p1a: Stunfisk|Muddy Water|p2a: Clefable\n|-damage|p2a: Clefable|92/100\n|\n|-heal|p1a: Stunfisk|54/100|[from] item: Leftovers\n|upkeep\n|turn|11\n|\n|t:|1776677097\n|move|p2a: Clefable|Stored Power|p1a: Stunfisk\n|-damage|p1a: Stunfisk|1/100\n|move|p1a: Stunfisk|Pain Split|p2a: Clefable\n|-sethp|p2a: Clefable|46/100|[from] move: Pain Split|[silent]\n|-sethp|p1a: Stunfisk|50/100|[from] move: Pain Split\n|\n|-heal|p1a: Stunfisk|56/100|[from] item: Leftovers\n|upkeep\n|turn|12\n|\n|t:|1776677114\n|move|p2a: Clefable|Stored Power|p1a: Stunfisk|[miss]\n|-miss|p2a: Clefable|p1a: Stunfisk\n|move|p1a: Stunfisk|Pain Split|p2a: Clefable\n|-sethp|p2a: Clefable|49/100|[from] move: Pain Split|[silent]\n|-sethp|p1a: Stunfisk|53/100|[from] move: Pain Split\n|\n|-heal|p1a: Stunfisk|59/100|[from] item: Leftovers\n|upkeep\n|turn|13\n|\n|t:|1776677132\n|move|p2a: Clefable|Cosmic Power|p2a: Clefable\n|-boost|p2a: Clefable|def|1\n|-boost|p2a: Clefable|spd|1\n|move|p1a: Stunfisk|Muddy Water|p2a: Clefable\n|-damage|p2a: Clefable|44/100\n|\n|-heal|p1a: Stunfisk|64/100|[from] item: Leftovers\n|upkeep\n|turn|14\n|\n|t:|1776677146\n|move|p2a: Clefable|Stored Power|p1a: Stunfisk\n|-damage|p1a: Stunfisk|8/100\n|move|p1a: Stunfisk|Muddy Water|p2a: Clefable\n|-damage|p2a: Clefable|40/100\n|\n|-heal|p1a: Stunfisk|14/100|[from] item: Leftovers\n|upkeep\n|turn|15\n|\n|t:|1776677155\n|move|p2a: Clefable|Stored Power|p1a: Stunfisk\n|-damage|p1a: Stunfisk|0 fnt\n|faint|p1a: Stunfisk\n|\n|upkeep\n|\n|t:|1776677159\n|switch|p1a: Gardevoir|Gardevoir, L50, M, shiny|100/100\n|-damage|p1a: Gardevoir|88/100|[from] Stealth Rock\n|-ability|p1a: Gardevoir|Magic Bounce|Trace|[from] ability: Trace|[of] p2a: Clefable\n|turn|16\n|\n|t:|1776677170\n|detailschange|p1a: Gardevoir|Gardevoir-Mega, L50, M, shiny\n|-mega|p1a: Gardevoir|Gardevoir|Gardevoirite\n|move|p1a: Gardevoir|Calm Mind|p1a: Gardevoir\n|-boost|p1a: Gardevoir|spa|1\n|-boost|p1a: Gardevoir|spd|1\n|move|p2a: Clefable|Moonlight|p2a: Clefable\n|-heal|p2a: Clefable|90/100\n|\n|upkeep\n|turn|17\n|\n|t:|1776677186\n|move|p1a: Gardevoir|Calm Mind|p1a: Gardevoir\n|-boost|p1a: Gardevoir|spa|1\n|-boost|p1a: Gardevoir|spd|1\n|move|p2a: Clefable|Moonblast|p1a: Gardevoir\n|-damage|p1a: Gardevoir|69/100\n|\n|upkeep\n|turn|18\n|\n|t:|1776677193\n|move|p1a: Gardevoir|Calm Mind|p1a: Gardevoir\n|-boost|p1a: Gardevoir|spa|1\n|-boost|p1a: Gardevoir|spd|1\n|move|p2a: Clefable|Moonblast|p1a: Gardevoir\n|-damage|p1a: Gardevoir|55/100\n|-unboost|p1a: Gardevoir|spa|1\n|\n|upkeep\n|turn|19\n|\n|t:|1776677208\n|move|p1a: Gardevoir|Hyper Voice|p2a: Clefable\n|-damage|p2a: Clefable|65/100\n|move|p2a: Clefable|Moonblast|p1a: Gardevoir\n|-damage|p1a: Gardevoir|38/100\n|\n|upkeep\n|turn|20\n|-message|cork0909 forfeited.\n|\n|win|Bbbkty\n|raw|cork0909's rating: 1083 &rarr; <strong>1060</strong><br />(-23 for losing)\n|raw|Bbbkty's rating: 1075 &rarr; <strong>1104</strong><br />(+29 for winning)\n|l|\u2606cork0909\n|player|p1|\n",
  "uploadtime": 1776677217,
  "views": 0,
  "formatid": "gen9championsbssregma",
  "rating": 1060,
  "private": 0,
  "password": null
}