{
  "id": "gen9championsbssregma-2587987859",
  "format": "[Gen 9 Champions] BSS Reg M-A",
  "players": [
    "mauuushold",
    "joguri"
  ],
  "log": "|j|\u2606mauuushold\n|j|\u2606joguri\n|t:|1776589230\n|gametype|singles\n|player|p1|mauuushold|backersf|1129\n|player|p2|joguri|dawn|1099\n|gen|9\n|tier|[Gen 9 Champions] BSS Reg M-A\n|rated|\n|rule|Species Clause: Limit one of each Pok\u00e9mon\n|rule|Item Clause: Limit 1 of each item\n|clearpoke\n|poke|p1|Altaria, L50, M|\n|poke|p1|Medicham, L50, M|\n|poke|p1|Incineroar, L50, M|\n|poke|p1|Snorlax, L50, F|\n|poke|p1|Archaludon, L50, F|\n|poke|p1|Weavile, L50, M|\n|poke|p2|Clefable, L50, F|\n|poke|p2|Espathra, L50, F|\n|poke|p2|Charizard, L50, M|\n|poke|p2|Hippowdon, L50, M|\n|poke|p2|Rotom-Wash, L50, shiny|\n|poke|p2|Garchomp, L50, M|\n|teampreview|3\n|inactive|Battle timer is ON: inactive players will automatically lose when time's up. (requested by mauuushold)\n|\n|t:|1776589259\n|teamsize|p1|3\n|teamsize|p2|3\n|start\n|switch|p1a: Incineroar|Incineroar, L50, M|100/100\n|switch|p2a: Hippowdon|Hippowdon, L50, M|100/100\n|-ability|p1a: Incineroar|Intimidate|boost\n|-unboost|p2a: Hippowdon|atk|1\n|-weather|Sandstorm|[from] ability: Sand Stream|[of] p2a: Hippowdon\n|turn|1\n|\n|t:|1776589269\n|move|p1a: Incineroar|Bulk Up|p1a: Incineroar\n|-boost|p1a: Incineroar|atk|1\n|-boost|p1a: Incineroar|def|1\n|move|p2a: Hippowdon|Stealth Rock|p1a: Incineroar\n|-sidestart|p1: mauuushold|move: Stealth Rock\n|\n|-weather|Sandstorm|[upkeep]\n|-damage|p1a: Incineroar|95/100|[from] Sandstorm\n|upkeep\n|turn|2\n|\n|t:|1776589280\n|move|p1a: Incineroar|Taunt|p2a: Hippowdon\n|-start|p2a: Hippowdon|move: Taunt\n|cant|p2a: Hippowdon|move: Taunt|Roar\n|\n|-weather|Sandstorm|[upkeep]\n|-damage|p1a: Incineroar|89/100|[from] Sandstorm\n|upkeep\n|turn|3\n|\n|t:|1776589287\n|move|p1a: Incineroar|Bulk Up|p1a: Incineroar\n|-boost|p1a: Incineroar|atk|1\n|-boost|p1a: Incineroar|def|1\n|move|p2a: Hippowdon|Earthquake|p1a: Incineroar\n|-supereffective|p1a: Incineroar|1\n|-damage|p1a: Incineroar|67/100\n|\n|-weather|Sandstorm|[upkeep]\n|-damage|p1a: Incineroar|61/100|[from] Sandstorm\n|upkeep\n|turn|4\n|\n|t:|1776589305\n|switch|p2a: Espathra|Espathra, L50, F|100/100\n|move|p1a: Incineroar|Bulk Up|p1a: Incineroar\n|-boost|p1a: Incineroar|atk|1\n|-boost|p1a: Incineroar|def|1\n|\n|-weather|Sandstorm|[upkeep]\n|-damage|p2a: Espathra|95/100|[from] Sandstorm\n|-damage|p1a: Incineroar|55/100|[from] Sandstorm\n|-heal|p2a: Espathra|100/100|[from] item: Leftovers\n|upkeep\n|turn|5\n|\n|t:|1776589319\n|move|p2a: Espathra|Calm Mind|p2a: Espathra\n|-boost|p2a: Espathra|spa|1\n|-boost|p2a: Espathra|spd|1\n|move|p1a: Incineroar|Darkest Lariat|p2a: Espathra\n|-supereffective|p2a: Espathra|1\n|-damage|p2a: Espathra|0 fnt\n|faint|p2a: Espathra\n|\n|-weather|none\n|upkeep\n|\n|t:|1776589334\n|switch|p2a: Hippowdon|Hippowdon, L50, M|100/100\n|-weather|Sandstorm|[from] ability: Sand Stream|[of] p2a: Hippowdon\n|turn|6\n|\n|t:|1776589338\n|move|p1a: Incineroar|Taunt|p2a: Hippowdon\n|-start|p2a: Hippowdon|move: Taunt\n|cant|p2a: Hippowdon|move: Taunt|Roar\n|\n|-weather|Sandstorm|[upkeep]\n|-damage|p1a: Incineroar|49/100|[from] Sandstorm\n|-enditem|p1a: Incineroar|Sitrus Berry|[eat]\n|-heal|p1a: Incineroar|74/100|[from] item: Sitrus Berry\n|upkeep\n|turn|7\n|\n|t:|1776589346\n|switch|p2a: Clefable|Clefable, L50, F|100/100\n|move|p1a: Incineroar|Baton Pass|p1a: Incineroar\n|\n|t:|1776589353\n|switch|p1a: Altaria|Altaria, L50, M|100/100|[from] Baton Pass\n|-damage|p1a: Altaria|76/100|[from] Stealth Rock\n|\n|-weather|Sandstorm|[upkeep]\n|-damage|p1a: Altaria|70/100|[from] Sandstorm\n|-damage|p2a: Clefable|95/100|[from] Sandstorm\n|upkeep\n|turn|8\n|\n|t:|1776589361\n|detailschange|p1a: Altaria|Altaria-Mega, L50, M\n|-mega|p1a: Altaria|Altaria|Altarianite\n|move|p1a: Altaria|Body Slam|p2a: Clefable\n|-damage|p2a: Clefable|58/100\n|move|p2a: Clefable|Cosmic Power|p2a: Clefable\n|-boost|p2a: Clefable|def|1\n|-boost|p2a: Clefable|spd|1\n|\n|-weather|Sandstorm|[upkeep]\n|-damage|p1a: Altaria|64/100|[from] Sandstorm\n|-damage|p2a: Clefable|52/100|[from] Sandstorm\n|upkeep\n|turn|9\n|\n|t:|1776589374\n|move|p1a: Altaria|Body Slam|p2a: Clefable\n|-damage|p2a: Clefable|32/100\n|-status|p2a: Clefable|par\n|move|p2a: Clefable|Cosmic Power|p2a: Clefable\n|-boost|p2a: Clefable|def|1\n|-boost|p2a: Clefable|spd|1\n|\n|-weather|Sandstorm|[upkeep]\n|-damage|p1a: Altaria|58/100|[from] Sandstorm\n|-damage|p2a: Clefable|26/100 par|[from] Sandstorm\n|upkeep\n|turn|10\n|\n|t:|1776589383\n|move|p1a: Altaria|Body Slam|p2a: Clefable\n|-damage|p2a: Clefable|9/100 par\n|move|p2a: Clefable|Moonlight|p2a: Clefable\n|-heal|p2a: Clefable|34/100 par\n|\n|-weather|none\n|upkeep\n|turn|11\n|\n|t:|1776589390\n|move|p1a: Altaria|Body Slam|p2a: Clefable\n|-damage|p2a: Clefable|17/100 par\n|move|p2a: Clefable|Moonlight|p2a: Clefable\n|-heal|p2a: Clefable|67/100 par\n|\n|upkeep\n|turn|12\n|\n|t:|1776589396\n|move|p1a: Altaria|Body Slam|p2a: Clefable\n|-damage|p2a: Clefable|51/100 par\n|move|p2a: Clefable|Cosmic Power|p2a: Clefable\n|-boost|p2a: Clefable|def|1\n|-boost|p2a: Clefable|spd|1\n|\n|upkeep\n|turn|13\n|\n|t:|1776589402\n|move|p1a: Altaria|Roost|p1a: Altaria\n|-heal|p1a: Altaria|100/100\n|-singleturn|p1a: Altaria|move: Roost\n|move|p2a: Clefable|Cosmic Power|p2a: Clefable\n|-boost|p2a: Clefable|def|1\n|-boost|p2a: Clefable|spd|1\n|\n|upkeep\n|turn|14\n|\n|t:|1776589407\n|move|p1a: Altaria|Body Slam|p2a: Clefable\n|-damage|p2a: Clefable|40/100 par\n|move|p2a: Clefable|Cosmic Power|p2a: Clefable\n|-boost|p2a: Clefable|def|1\n|-boost|p2a: Clefable|spd|1\n|\n|upkeep\n|turn|15\n|\n|t:|1776589413\n|move|p1a: Altaria|Body Slam|p2a: Clefable\n|-damage|p2a: Clefable|30/100 par\n|move|p2a: Clefable|Cosmic Power|p2a: Clefable\n|-boost|p2a: Clefable|def|1\n|-boost|p2a: Clefable|spd|1\n|\n|upkeep\n|turn|16\n|\n|t:|1776589419\n|move|p1a: Altaria|Body Slam|p2a: Clefable\n|-damage|p2a: Clefable|22/100 par\n|move|p2a: Clefable|Moonlight|p2a: Clefable\n|-heal|p2a: Clefable|72/100 par\n|\n|upkeep\n|turn|17\n|\n|t:|1776589428\n|move|p1a: Altaria|Body Slam|p2a: Clefable\n|-damage|p2a: Clefable|64/100 par\n|move|p2a: Clefable|Moonlight|p2a: Clefable\n|-heal|p2a: Clefable|100/100 par\n|\n|upkeep\n|turn|18\n|\n|t:|1776589435\n|move|p1a: Altaria|Body Slam|p2a: Clefable\n|-damage|p2a: Clefable|92/100 par\n|move|p2a: Clefable|Stored Power|p1a: Altaria\n|-damage|p1a: Altaria|53/100\n|\n|upkeep\n|turn|19\n|\n|t:|1776589443\n|move|p1a: Altaria|Body Slam|p2a: Clefable\n|-damage|p2a: Clefable|83/100 par\n|cant|p2a: Clefable|par\n|\n|upkeep\n|turn|20\n|\n|t:|1776589448\n|move|p1a: Altaria|Body Slam|p2a: Clefable\n|-damage|p2a: Clefable|73/100 par\n|move|p2a: Clefable|Stored Power|p1a: Altaria\n|-damage|p1a: Altaria|0 fnt\n|faint|p1a: Altaria\n|\n|upkeep\n|\n|t:|1776589455\n|switch|p1a: Incineroar|Incineroar, L50, M|74/100\n|-damage|p1a: Incineroar|49/100|[from] Stealth Rock\n|-ability|p1a: Incineroar|Intimidate|boost\n|-unboost|p2a: Clefable|atk|1\n|turn|21\n|\n|t:|1776589467\n|move|p1a: Incineroar|Taunt|p2a: Clefable\n|-start|p2a: Clefable|move: Taunt\n|move|p2a: Clefable|Flamethrower|p1a: Incineroar\n|-resisted|p1a: Incineroar|1\n|-damage|p1a: Incineroar|42/100\n|\n|upkeep\n|turn|22\n|\n|t:|1776589476\n|move|p1a: Incineroar|Bulk Up|p1a: Incineroar\n|-boost|p1a: Incineroar|atk|1\n|-boost|p1a: Incineroar|def|1\n|move|p2a: Clefable|Flamethrower|p1a: Incineroar\n|-resisted|p1a: Incineroar|1\n|-damage|p1a: Incineroar|35/100\n|\n|upkeep\n|turn|23\n|\n|t:|1776589485\n|move|p1a: Incineroar|Bulk Up|p1a: Incineroar\n|-boost|p1a: Incineroar|atk|1\n|-boost|p1a: Incineroar|def|1\n|move|p2a: Clefable|Flamethrower|p1a: Incineroar\n|-resisted|p1a: Incineroar|1\n|-damage|p1a: Incineroar|28/100\n|\n|-end|p2a: Clefable|move: Taunt\n|upkeep\n|turn|24\n|\n|t:|1776589493\n|move|p1a: Incineroar|Taunt|p2a: Clefable\n|-start|p2a: Clefable|move: Taunt\n|cant|p2a: Clefable|par\n|\n|upkeep\n|turn|25\n|\n|t:|1776589498\n|move|p1a: Incineroar|Darkest Lariat|p2a: Clefable\n|-resisted|p2a: Clefable|1\n|-damage|p2a: Clefable|61/100 par\n|move|p2a: Clefable|Flamethrower|p1a: Incineroar\n|-resisted|p1a: Incineroar|1\n|-damage|p1a: Incineroar|21/100\n|\n|upkeep\n|turn|26\n|\n|t:|1776589504\n|move|p1a: Incineroar|Darkest Lariat|p2a: Clefable\n|-resisted|p2a: Clefable|1\n|-damage|p2a: Clefable|49/100 par\n|move|p2a: Clefable|Flamethrower|p1a: Incineroar\n|-resisted|p1a: Incineroar|1\n|-damage|p1a: Incineroar|13/100\n|\n|-end|p2a: Clefable|move: Taunt\n|upkeep\n|turn|27\n|\n|t:|1776589512\n|move|p1a: Incineroar|Taunt|p2a: Clefable\n|-start|p2a: Clefable|move: Taunt\n|move|p2a: Clefable|Flamethrower|p1a: Incineroar\n|-resisted|p1a: Incineroar|1\n|-damage|p1a: Incineroar|7/100\n|\n|upkeep\n|turn|28\n|\n|t:|1776589518\n|move|p1a: Incineroar|Darkest Lariat|p2a: Clefable\n|-resisted|p2a: Clefable|1\n|-damage|p2a: Clefable|36/100 par\n|cant|p2a: Clefable|par\n|\n|upkeep\n|turn|29\n|\n|t:|1776589523\n|move|p1a: Incineroar|Darkest Lariat|p2a: Clefable\n|-resisted|p2a: Clefable|1\n|-damage|p2a: Clefable|23/100 par\n|cant|p2a: Clefable|par\n|\n|-end|p2a: Clefable|move: Taunt\n|upkeep\n|turn|30\n|\n|t:|1776589529\n|move|p1a: Incineroar|Taunt|p2a: Clefable\n|-start|p2a: Clefable|move: Taunt\n|move|p2a: Clefable|Flamethrower|p1a: Incineroar\n|-resisted|p1a: Incineroar|1\n|-damage|p1a: Incineroar|0 fnt\n|faint|p1a: Incineroar\n|\n|upkeep\n|\n|t:|1776589534\n|switch|p1a: Weavile|Weavile, L50, M|100/100\n|-damage|p1a: Weavile|76/100|[from] Stealth Rock\n|turn|31\n|\n|t:|1776589540\n|move|p1a: Weavile|Triple Axel|p2a: Clefable\n|-damage|p2a: Clefable|21/100 par\n|-damage|p2a: Clefable|16/100 par\n|-damage|p2a: Clefable|10/100 par\n|-hitcount|p2a: Clefable|3\n|cant|p2a: Clefable|par\n|\n|upkeep\n|turn|32\n|\n|t:|1776589552\n|move|p1a: Weavile|Triple Axel|p2a: Clefable\n|-damage|p2a: Clefable|8/100 par\n|-damage|p2a: Clefable|3/100 par\n|-hitcount|p2a: Clefable|2\n|move|p2a: Clefable|Flamethrower|p1a: Weavile\n|-supereffective|p1a: Weavile|1\n|-damage|p1a: Weavile|16/100\n|-status|p1a: Weavile|brn\n|\n|-damage|p1a: Weavile|10/100 brn|[from] brn\n|-end|p2a: Clefable|move: Taunt\n|upkeep\n|turn|33\n|-message|mauuushold forfeited.\n|\n|win|joguri\n|raw|mauuushold's rating: 1129 &rarr; <strong>1102</strong><br />(-27 for losing)\n|raw|joguri's rating: 1099 &rarr; <strong>1126</strong><br />(+27 for winning)\n|l|\u2606mauuushold\n|player|p1|\n",
  "uploadtime": 1776589572,
  "views": 3,
  "formatid": "gen9championsbssregma",
  "rating": 1102,
  "private": 0,
  "password": null
}