{
  "id": "gen9championsbssregma-2589551585",
  "format": "[Gen 9 Champions] BSS Reg M-A",
  "players": [
    "mega.CHIVA",
    "skibiri sigma"
  ],
  "log": "|j|\u2606mega.CHIVA\n|j|\u2606skibiri sigma\n|t:|1776733386\n|gametype|singles\n|player|p1|mega.CHIVA|unknown|1107\n|player|p2|skibiri sigma|hiker-gen4|1049\n|gen|9\n|tier|[Gen 9 Champions] BSS Reg M-A\n|rated|\n|rule|Species Clause: Limit one of each Pok\u00e9mon\n|rule|Item Clause: Limit 1 of each item\n|clearpoke\n|poke|p1|Basculegion, L50, M|\n|poke|p1|Garchomp, L50, M|\n|poke|p1|Hawlucha, L50, M|\n|poke|p1|Sylveon, L50, F|\n|poke|p1|Greninja, L50, M|\n|poke|p1|Blastoise, L50, M|\n|poke|p2|Charizard, L50, M|\n|poke|p2|Venusaur, L50, M|\n|poke|p2|Tyranitar, L50, M|\n|poke|p2|Sinistcha-Masterpiece, L50|\n|poke|p2|Incineroar, L50, F|\n|poke|p2|Glimmora, L50, M|\n|teampreview|3\n|\n|t:|1776733404\n|teamsize|p1|3\n|teamsize|p2|3\n|start\n|switch|p1a: Sylveon|Sylveon, L50, F|100/100\n|switch|p2a: Charizard|Charizard, L50, M|100/100\n|turn|1\n|\n|t:|1776733411\n|move|p2a: Charizard|Protect|p2a: Charizard\n|-singleturn|p2a: Charizard|Protect\n|move|p1a: Sylveon|Psychic|p2a: Charizard\n|-activate|p2a: Charizard|move: Protect\n|\n|upkeep\n|turn|2\n|\n|t:|1776733417\n|switch|p2a: Incineroar|Incineroar, L50, F|100/100\n|-ability|p2a: Incineroar|Intimidate|boost\n|-unboost|p1a: Sylveon|atk|1\n|move|p1a: Sylveon|Psychic|p2a: Incineroar\n|-immune|p2a: Incineroar\n|\n|upkeep\n|turn|3\n|\n|t:|1776733424\n|move|p2a: Incineroar|Fake Out|p1a: Sylveon\n|-damage|p1a: Sylveon|86/100\n|cant|p1a: Sylveon|flinch\n|\n|upkeep\n|turn|4\n|\n|t:|1776733430\n|move|p2a: Incineroar|Protect|p2a: Incineroar\n|-singleturn|p2a: Incineroar|Protect\n|move|p1a: Sylveon|Hyper Voice|p2a: Incineroar\n|-activate|p2a: Incineroar|move: Protect\n|\n|upkeep\n|turn|5\n|\n|t:|1776733443\n|switch|p2a: Venusaur|Venusaur, L50, M|100/100\n|switch|p1a: Basculegion|Basculegion, L50, M|100/100\n|\n|upkeep\n|turn|6\n|\n|t:|1776733456\n|switch|p1a: Sylveon|Sylveon, L50, F|86/100\n|move|p2a: Venusaur|Sleep Powder|p1a: Sylveon\n|-status|p1a: Sylveon|slp|[from] move: Sleep Powder\n|\n|upkeep\n|turn|7\n|\n|t:|1776733464\n|move|p2a: Venusaur|Sludge Bomb|p1a: Sylveon\n|-supereffective|p1a: Sylveon|1\n|-damage|p1a: Sylveon|37/100 slp\n|cant|p1a: Sylveon|slp\n|\n|upkeep\n|turn|8\n|\n|t:|1776733472\n|move|p2a: Venusaur|Sludge Bomb|p1a: Sylveon\n|-supereffective|p1a: Sylveon|1\n|-damage|p1a: Sylveon|0 fnt\n|faint|p1a: Sylveon\n|\n|upkeep\n|\n|t:|1776733477\n|switch|p1a: Hawlucha|Hawlucha, L50, M|100/100\n|turn|9\n|\n|t:|1776733490\n|switch|p2a: Charizard|Charizard, L50, M|100/100\n|detailschange|p1a: Hawlucha|Hawlucha-Mega, L50, M\n|-mega|p1a: Hawlucha|Hawlucha|Hawluchanite\n|move|p1a: Hawlucha|Dual Wingbeat|p2a: Charizard\n|-damage|p2a: Charizard|73/100\n|-damage|p2a: Charizard|47/100\n|-hitcount|p2a: Charizard|2\n|\n|upkeep\n|turn|10\n|\n|t:|1776733498\n|detailschange|p2a: Charizard|Charizard-Mega-Y, L50, M\n|-mega|p2a: Charizard|Charizard|Charizardite Y\n|-weather|SunnyDay|[from] ability: Drought|[of] p2a: Charizard\n|move|p2a: Charizard|Protect|p2a: Charizard\n|-singleturn|p2a: Charizard|Protect\n|move|p1a: Hawlucha|Stone Edge|p2a: Charizard\n|-activate|p2a: Charizard|move: Protect\n|\n|-weather|SunnyDay|[upkeep]\n|upkeep\n|turn|11\n|\n|t:|1776733519\n|move|p1a: Hawlucha|Dual Wingbeat|p2a: Charizard\n|-damage|p2a: Charizard|22/100\n|-damage|p2a: Charizard|0 fnt\n|faint|p2a: Charizard\n|-hitcount|p2: Charizard|2\n|\n|-weather|SunnyDay|[upkeep]\n|upkeep\n|\n|t:|1776733525\n|switch|p2a: Venusaur|Venusaur, L50, M|100/100\n|turn|12\n|\n|t:|1776733529\n|move|p2a: Venusaur|Sleep Powder|p1a: Hawlucha\n|-status|p1a: Hawlucha|slp|[from] move: Sleep Powder\n|cant|p1a: Hawlucha|slp\n|\n|-weather|SunnyDay|[upkeep]\n|upkeep\n|turn|13\n|\n|t:|1776733534\n|move|p2a: Venusaur|Weather Ball|p1a: Hawlucha\n|-damage|p1a: Hawlucha|61/100 slp\n|cant|p1a: Hawlucha|slp\n|\n|-weather|SunnyDay|[upkeep]\n|upkeep\n|turn|14\n|\n|t:|1776733545\n|move|p2a: Venusaur|Sludge Bomb|p1a: Hawlucha\n|-damage|p1a: Hawlucha|22/100 slp\n|-curestatus|p1a: Hawlucha|slp|[msg]\n|move|p1a: Hawlucha|Dual Wingbeat|p2a: Venusaur\n|-supereffective|p2a: Venusaur|1\n|-damage|p2a: Venusaur|46/100\n|-supereffective|p2a: Venusaur|1\n|-damage|p2a: Venusaur|0 fnt\n|faint|p2a: Venusaur\n|-hitcount|p2: Venusaur|2\n|\n|-weather|none\n|upkeep\n|\n|t:|1776733548\n|switch|p2a: Incineroar|Incineroar, L50, F|100/100\n|-ability|p2a: Incineroar|Intimidate|boost\n|-unboost|p1a: Hawlucha|atk|1\n|turn|15\n|\n|t:|1776733564\n|move|p2a: Incineroar|Fake Out|p1a: Hawlucha\n|-damage|p1a: Hawlucha|10/100\n|cant|p1a: Hawlucha|flinch\n|\n|upkeep\n|turn|16\n|\n|t:|1776733569\n|move|p1a: Hawlucha|Cross Chop|p2a: Incineroar\n|-supereffective|p2a: Incineroar|1\n|-damage|p2a: Incineroar|34/100\n|-enditem|p2a: Incineroar|Sitrus Berry|[eat]\n|-heal|p2a: Incineroar|59/100|[from] item: Sitrus Berry\n|move|p2a: Incineroar|Low Kick|p1a: Hawlucha\n|-resisted|p1a: Hawlucha|1\n|-damage|p1a: Hawlucha|0 fnt\n|faint|p1a: Hawlucha\n|\n|upkeep\n|-message|skibiri sigma forfeited.\n|\n|win|mega.CHIVA\n|raw|mega.CHIVA's rating: 1107 &rarr; <strong>1128</strong><br />(+21 for winning)\n|raw|skibiri sigma's rating: 1049 &rarr; <strong>1035</strong><br />(-14 for losing)\n|l|\u2606skibiri sigma\n|player|p2|\n",
  "uploadtime": 1776733581,
  "views": 0,
  "formatid": "gen9championsbssregma",
  "rating": 1035,
  "private": 0,
  "password": null
}