{
  "id": "gen9championsbssregma-2580683873",
  "format": "[Gen 9 Champions] BSS Reg M-A",
  "players": [
    "4victor1",
    "Meteorplayz_"
  ],
  "log": "|j|\u26064victor1\n|j|\u2606Meteorplayz_\n|t:|1775924032\n|gametype|singles\n|player|p1|4victor1|birdkeeper-gen1rb|1053\n|player|p2|Meteorplayz_|winona-gen6|1000\n|gen|9\n|tier|[Gen 9 Champions] BSS Reg M-A\n|rated|\n|rule|Species Clause: Limit one of each Pok\u00e9mon\n|rule|Item Clause: Limit 1 of each item\n|clearpoke\n|poke|p1|Hawlucha, L50, F|\n|poke|p1|Espathra, L50, F|\n|poke|p1|Araquanid, L50, M|\n|poke|p1|Hatterene, L50, F|\n|poke|p1|Scizor, L50, F|\n|poke|p1|Hydreigon, L50, M|\n|poke|p2|Meowscarada, L50, M|\n|poke|p2|Milotic, L50, F|\n|poke|p2|Aegislash, L50, M|\n|poke|p2|Dragonite, L50, F|\n|poke|p2|Slowking-Galar, L50, F|\n|poke|p2|Lopunny, L50, F|\n|teampreview|3\n|inactive|Battle timer is ON: inactive players will automatically lose when time's up. (requested by 4victor1)\n|inactive|4victor1 has 60 seconds left.\n|inactive|Meteorplayz_ has 60 seconds left.\n|\n|t:|1775924074\n|teamsize|p1|3\n|teamsize|p2|3\n|start\n|switch|p1a: Araquanid|Araquanid, L50, M|100/100\n|switch|p2a: Lopunny|Lopunny, L50, F|100/100\n|turn|1\n|\n|t:|1775924078\n|detailschange|p2a: Lopunny|Lopunny-Mega, L50, F\n|-mega|p2a: Lopunny|Lopunny|Lopunnite\n|move|p2a: Lopunny|Fake Out|p1a: Araquanid\n|-damage|p1a: Araquanid|81/100\n|cant|p1a: Araquanid|flinch\n|\n|upkeep\n|turn|2\n|\n|t:|1775924085\n|move|p2a: Lopunny|U-turn|p1a: Araquanid\n|-damage|p1a: Araquanid|60/100\n|\n|t:|1775924088\n|switch|p2a: Slowking|Slowking-Galar, L50, F|100/100|[from] U-turn\n|move|p1a: Araquanid|Sticky Web|p2a: Slowking\n|-sidestart|p2: Meteorplayz_|move: Sticky Web\n|\n|upkeep\n|turn|3\n|\n|t:|1775924096\n|move|p2a: Slowking|Future Sight|p1a: Araquanid\n|-start|p2a: Slowking|move: Future Sight\n|move|p1a: Araquanid|Mirror Coat||[still]\n|-fail|p1a: Araquanid\n|\n|upkeep\n|turn|4\n|\n|t:|1775924101\n|move|p1a: Araquanid|Liquidation|p2a: Slowking\n|-damage|p2a: Slowking|54/100\n|move|p2a: Slowking|Toxic|p1a: Araquanid\n|-status|p1a: Araquanid|tox\n|\n|-damage|p1a: Araquanid|54/100 tox|[from] psn\n|upkeep\n|turn|5\n|\n|t:|1775924109\n|move|p1a: Araquanid|Leech Life|p2a: Slowking\n|-damage|p2a: Slowking|33/100\n|-heal|p1a: Araquanid|67/100 tox|[from] drain|[of] p2a: Slowking\n|-prepare|p2a: Slowking|Chilly Reception|[premajor]\n|move|p2a: Slowking|Chilly Reception|p2a: Slowking\n|-weather|Snowscape\n|\n|t:|1775924117\n|switch|p2a: Lopunny|Lopunny-Mega, L50, F|100/100|[from] Chilly Reception\n|-activate|p2a: Lopunny|move: Sticky Web\n|-unboost|p2a: Lopunny|spe|1\n|\n|-weather|Snowscape|[upkeep]\n|-end|p1a: Araquanid|move: Future Sight\n|-crit|p1a: Araquanid\n|-damage|p1a: Araquanid|20/100 tox\n|-enditem|p1a: Araquanid|Sitrus Berry|[eat]\n|-heal|p1a: Araquanid|45/100 tox|[from] item: Sitrus Berry\n|-damage|p1a: Araquanid|34/100 tox|[from] psn\n|upkeep\n|turn|6\n|l|\u26064victor1\n|inactive|4victor1 disconnected and has a minute to reconnect!\n|player|p1|\n|j|\u26064victor1\n|inactive|4victor1 reconnected and has 40 seconds left.\n|player|p1|4victor1|birdkeeper-gen1rb|\n|\n|t:|1775924137\n|move|p2a: Lopunny|Fake Out|p1a: Araquanid\n|-damage|p1a: Araquanid|14/100 tox\n|cant|p1a: Araquanid|flinch\n|\n|-weather|Snowscape|[upkeep]\n|-damage|p1a: Araquanid|0 fnt|[from] psn\n|faint|p1a: Araquanid\n|upkeep\n|\n|t:|1775924143\n|switch|p1a: Espathra|Espathra, L50, F|100/100\n|turn|7\n|\n|t:|1775924152\n|move|p1a: Espathra|Protect|p1a: Espathra\n|-singleturn|p1a: Espathra|Protect\n|move|p2a: Lopunny|U-turn|p1a: Espathra\n|-activate|p1a: Espathra|move: Protect\n|\n|-weather|Snowscape|[upkeep]\n|-ability|p1a: Espathra|Speed Boost|boost\n|-boost|p1a: Espathra|spe|1\n|upkeep\n|turn|8\n|\n|t:|1775924164\n|switch|p2a: Meowscarada|Meowscarada, L50, M|100/100\n|-activate|p2a: Meowscarada|move: Sticky Web\n|-unboost|p2a: Meowscarada|spe|1\n|move|p1a: Espathra|Dazzling Gleam|p2a: Meowscarada\n|-supereffective|p2a: Meowscarada|1\n|-damage|p2a: Meowscarada|21/100\n|\n|-weather|Snowscape|[upkeep]\n|-ability|p1a: Espathra|Speed Boost|boost\n|-boost|p1a: Espathra|spe|1\n|upkeep\n|turn|9\n|\n|t:|1775924174\n|move|p1a: Espathra|Dazzling Gleam|p2a: Meowscarada\n|-supereffective|p2a: Meowscarada|1\n|-damage|p2a: Meowscarada|0 fnt\n|faint|p2a: Meowscarada\n|\n|-weather|none\n|-ability|p1a: Espathra|Speed Boost|boost\n|-boost|p1a: Espathra|spe|1\n|upkeep\n|\n|t:|1775924176\n|switch|p2a: Lopunny|Lopunny-Mega, L50, F|100/100\n|-activate|p2a: Lopunny|move: Sticky Web\n|-unboost|p2a: Lopunny|spe|1\n|turn|10\n|\n|t:|1775924179\n|move|p2a: Lopunny|Fake Out|p1a: Espathra\n|-damage|p1a: Espathra|69/100\n|cant|p1a: Espathra|flinch\n|\n|-ability|p1a: Espathra|Speed Boost|boost\n|-boost|p1a: Espathra|spe|1\n|upkeep\n|turn|11\n|\n|t:|1775924183\n|move|p1a: Espathra|Stored Power|p2a: Lopunny\n|-supereffective|p2a: Lopunny|1\n|-damage|p2a: Lopunny|0 fnt\n|faint|p2a: Lopunny\n|\n|-ability|p1a: Espathra|Speed Boost|boost\n|-boost|p1a: Espathra|spe|1\n|upkeep\n|\n|t:|1775924186\n|switch|p2a: Slowking|Slowking-Galar, L50, F|66/100\n|-activate|p2a: Slowking|move: Sticky Web\n|-unboost|p2a: Slowking|spe|1\n|turn|12\n|\n|t:|1775924191\n|move|p1a: Espathra|Stored Power|p2a: Slowking\n|-damage|p2a: Slowking|26/100\n|move|p2a: Slowking|Sludge Wave|p1a: Espathra\n|-damage|p1a: Espathra|19/100\n|\n|-ability|p1a: Espathra|Speed Boost|boost\n|-boost|p1a: Espathra|spe|1\n|upkeep\n|turn|13\n|\n|t:|1775924198\n|move|p1a: Espathra|Stored Power|p2a: Slowking\n|-damage|p2a: Slowking|0 fnt\n|faint|p2a: Slowking\n|\n|win|4victor1\n|raw|4victor1's rating: 1053 &rarr; <strong>1080</strong><br />(+27 for winning)\n|raw|Meteorplayz_'s rating: 1000 &rarr; <strong>1000</strong><br />(+0 for losing)\n",
  "uploadtime": 1775924198,
  "views": 15,
  "formatid": "gen9championsbssregma",
  "rating": 1000,
  "private": 0,
  "password": null
}