{
  "id": "gen9championsbssregma-2589504995",
  "format": "[Gen 9 Champions] BSS Reg M-A",
  "players": [
    "jeseth",
    "Werradr"
  ],
  "log": "|j|\u2606jeseth\n|j|\u2606Werradr\n|t:|1776729040\n|gametype|singles\n|player|p1|jeseth|102|1000\n|player|p2|Werradr|265|1000\n|gen|9\n|tier|[Gen 9 Champions] BSS Reg M-A\n|rated|\n|rule|Species Clause: Limit one of each Pok\u00e9mon\n|rule|Item Clause: Limit 1 of each item\n|clearpoke\n|poke|p1|Simipour, L50, F|\n|poke|p1|Meganium, L50, M|\n|poke|p1|Toxapex, L50, F|\n|poke|p1|Simisage, L50, M|\n|poke|p1|Audino, L50, F|\n|poke|p1|Glimmora, L50, M|\n|poke|p2|Slowking, L50, F|\n|poke|p2|Starmie, L50|\n|poke|p2|Pelipper, L50, F|\n|poke|p2|Manectric, L50, F|\n|poke|p2|Runerigus, L50, M, shiny|\n|poke|p2|Azumarill, L50, M|\n|teampreview|3\n|inactive|Battle timer is ON: inactive players will automatically lose when time's up. (requested by Werradr)\n|\n|t:|1776729056\n|teamsize|p1|3\n|teamsize|p2|3\n|start\n|switch|p1a: Glimmora|Glimmora, L50, M|100/100\n|switch|p2a: Pelipper|Pelipper, L50, F|100/100\n|-weather|RainDance|[from] ability: Drizzle|[of] p2a: Pelipper\n|turn|1\n|\n|t:|1776729064\n|move|p1a: Glimmora|Mortal Spin|p2a: Pelipper\n|-damage|p2a: Pelipper|93/100\n|-status|p2a: Pelipper|psn\n|move|p2a: Pelipper|Weather Ball|p1a: Glimmora\n|-supereffective|p1a: Glimmora|1\n|-damage|p1a: Glimmora|0 fnt\n|faint|p1a: Glimmora\n|\n|-weather|RainDance|[upkeep]\n|-damage|p2a: Pelipper|81/100 psn|[from] psn\n|upkeep\n|\n|t:|1776729075\n|switch|p1a: Simipour|Simipour, L50, F|100/100\n|turn|2\n|\n|t:|1776729093\n|move|p1a: Simipour|Nasty Plot|p1a: Simipour\n|-boost|p1a: Simipour|spa|2\n|move|p2a: Pelipper|U-turn|p1a: Simipour\n|-crit|p1a: Simipour\n|-damage|p1a: Simipour|72/100\n|\n|t:|1776729099\n|switch|p2a: Manectric|Manectric, L50, F|100/100|[from] U-turn\n|\n|-weather|RainDance|[upkeep]\n|upkeep\n|turn|3\n|\n|t:|1776729114\n|move|p1a: Simipour|Scald|p2a: Manectric\n|-damage|p2a: Manectric|0 fnt\n|faint|p2a: Manectric\n|\n|-weather|RainDance|[upkeep]\n|upkeep\n|\n|t:|1776729120\n|switch|p2a: Azumarill|Azumarill, L50, M|100/100\n|turn|4\n|\n|t:|1776729125\n|move|p1a: Simipour|Scald|p2a: Azumarill\n|-resisted|p2a: Azumarill|1\n|-damage|p2a: Azumarill|47/100\n|-enditem|p2a: Azumarill|Sitrus Berry|[eat]\n|-heal|p2a: Azumarill|72/100|[from] item: Sitrus Berry\n|move|p2a: Azumarill|Belly Drum|p2a: Azumarill\n|-damage|p2a: Azumarill|22/100\n|-setboost|p2a: Azumarill|atk|6|[from] move: Belly Drum\n|\n|-weather|RainDance|[upkeep]\n|upkeep\n|turn|5\n|\n|t:|1776729142\n|move|p2a: Azumarill|Aqua Jet|p1a: Simipour\n|-resisted|p1a: Simipour|1\n|-damage|p1a: Simipour|24/100\n|move|p1a: Simipour|Scald|p2a: Azumarill\n|-resisted|p2a: Azumarill|1\n|-damage|p2a: Azumarill|0 fnt\n|faint|p2a: Azumarill\n|\n|-weather|none\n|upkeep\n|-message|Werradr forfeited.\n|\n|win|jeseth\n|raw|jeseth's rating: 1000 &rarr; <strong>1040</strong><br />(+40 for winning)\n|raw|Werradr's rating: 1000 &rarr; <strong>1000</strong><br />(+0 for losing)\n|l|\u2606Werradr\n|player|p2|\n",
  "uploadtime": 1776729162,
  "views": 2,
  "formatid": "gen9championsbssregma",
  "rating": 1000,
  "private": 0,
  "password": null
}