{
  "id": "gen9championsbssregma-2584428040",
  "format": "[Gen 9 Champions] BSS Reg M-A",
  "players": [
    "Mikeflem12326171",
    "masakikare"
  ],
  "log": "|j|\u2606Mikeflem12326171\n|j|\u2606masakikare\n|t:|1776260167\n|gametype|singles\n|player|p1|Mikeflem12326171|colress|1134\n|player|p2|masakikare|pokekid|1049\n|gen|9\n|tier|[Gen 9 Champions] BSS Reg M-A\n|rated|\n|rule|Species Clause: Limit one of each Pok\u00e9mon\n|rule|Item Clause: Limit 1 of each item\n|clearpoke\n|poke|p1|Pelipper, L50, F|\n|poke|p1|Greninja-*, L50, M|\n|poke|p1|Basculegion, L50, M|\n|poke|p1|Rotom-Wash, L50|\n|poke|p1|Clefable, L50, F|\n|poke|p1|Sneasler, L50, M|\n|poke|p2|Kangaskhan, L50, F|\n|poke|p2|Hippowdon, L50, F|\n|poke|p2|Aegislash, L50, M|\n|poke|p2|Gengar, L50, M|\n|poke|p2|Hydreigon, L50, M|\n|poke|p2|Glimmora, L50, M|\n|teampreview|3\n|inactive|Battle timer is ON: inactive players will automatically lose when time's up. (requested by masakikare)\n|\n|t:|1776260203\n|teamsize|p1|3\n|teamsize|p2|3\n|start\n|switch|p1a: Pelipper|Pelipper, L50, F|100/100\n|switch|p2a: Kangaskhan|Kangaskhan, L50, F|100/100\n|-weather|RainDance|[from] ability: Drizzle|[of] p1a: Pelipper\n|turn|1\n|\n|t:|1776260210\n|move|p2a: Kangaskhan|Fake Out|p1a: Pelipper\n|-damage|p1a: Pelipper|74/100\n|cant|p1a: Pelipper|flinch\n|\n|-weather|RainDance|[upkeep]\n|upkeep\n|turn|2\n|inactive|masakikare has 30 seconds left.\n|inactive|masakikare has 20 seconds left.\n|inactive|masakikare has 15 seconds left.\n|\n|t:|1776260255\n|detailschange|p2a: Kangaskhan|Kangaskhan-Mega, L50, F\n|-mega|p2a: Kangaskhan|Kangaskhan|Kangaskhanite\n|move|p2a: Kangaskhan|Ice Punch|p1a: Pelipper\n|-damage|p1a: Pelipper|40/100\n|-damage|p1a: Pelipper|30/100\n|-hitcount|p1a: Pelipper|2\n|move|p1a: Pelipper|Surf|p2a: Kangaskhan\n|-damage|p2a: Kangaskhan|51/100\n|\n|-weather|RainDance|[upkeep]\n|upkeep\n|turn|3\n|\n|t:|1776260266\n|move|p2a: Kangaskhan|Ice Punch|p1a: Pelipper\n|-damage|p1a: Pelipper|0 fnt\n|faint|p1a: Pelipper\n|-hitcount|p1: Pelipper|1\n|\n|-weather|RainDance|[upkeep]\n|upkeep\n|\n|t:|1776260269\n|switch|p1a: Greninja|Greninja, L50, M|100/100\n|turn|4\n|\n|t:|1776260274\n|switch|p2a: Aegislash|Aegislash, L50, M|100/100\n|detailschange|p1a: Greninja|Greninja-Mega, L50, M\n|-mega|p1a: Greninja|Greninja|Greninjite\n|move|p1a: Greninja|Water Shuriken|p2a: Aegislash\n|-start|p1a: Greninja|typechange|Water|[from] ability: Protean\n|-damage|p2a: Aegislash|91/100\n|-crit|p2a: Aegislash\n|-damage|p2a: Aegislash|76/100\n|-damage|p2a: Aegislash|65/100\n|-damage|p2a: Aegislash|54/100\n|-damage|p2a: Aegislash|45/100\n|-hitcount|p2a: Aegislash|5\n|\n|-weather|RainDance|[upkeep]\n|-heal|p2a: Aegislash|51/100|[from] item: Leftovers\n|upkeep\n|turn|5\n|inactive|masakikare has 30 seconds left.\n|inactive|masakikare has 20 seconds left.\n|inactive|masakikare has 15 seconds left.\n|inactive|masakikare has 10 seconds left.\n|inactive|masakikare has 5 seconds left.\n|\n|t:|1776260325\n|move|p1a: Greninja|Dark Pulse|p2a: Aegislash\n|-supereffective|p2a: Aegislash|1\n|-damage|p2a: Aegislash|8/100\n|cant|p2a: Aegislash|flinch\n|\n|-weather|none\n|-heal|p2a: Aegislash|14/100|[from] item: Leftovers\n|upkeep\n|turn|6\n|\n|t:|1776260340\n|move|p2a: Aegislash|King's Shield|p2a: Aegislash\n|-singleturn|p2a: Aegislash|Protect\n|move|p1a: Greninja|Water Shuriken|p2a: Aegislash\n|-activate|p2a: Aegislash|move: Protect\n|\n|-heal|p2a: Aegislash|20/100|[from] item: Leftovers\n|upkeep\n|turn|7\n|\n|t:|1776260348\n|move|p1a: Greninja|Water Shuriken|p2a: Aegislash\n|-damage|p2a: Aegislash|12/100\n|-damage|p2a: Aegislash|5/100\n|-hitcount|p2a: Aegislash|2\n|-formechange|p2a: Aegislash|Aegislash-Blade|\n|move|p2a: Aegislash|Shadow Sneak|p1a: Greninja\n|-damage|p1a: Greninja|70/100\n|\n|-heal|p2a: Aegislash|11/100|[from] item: Leftovers\n|upkeep\n|turn|8\n|\n|t:|1776260357\n|-formechange|p2a: Aegislash|Aegislash|\n|move|p2a: Aegislash|King's Shield|p2a: Aegislash\n|-singleturn|p2a: Aegislash|Protect\n|move|p1a: Greninja|Water Shuriken|p2a: Aegislash\n|-activate|p2a: Aegislash|move: Protect\n|\n|-heal|p2a: Aegislash|17/100|[from] item: Leftovers\n|upkeep\n|turn|9\n|\n|t:|1776260364\n|move|p1a: Greninja|Water Shuriken|p2a: Aegislash\n|-damage|p2a: Aegislash|9/100\n|-damage|p2a: Aegislash|3/100\n|-damage|p2a: Aegislash|0 fnt\n|faint|p2a: Aegislash\n|-hitcount|p2: Aegislash|3\n|\n|upkeep\n|\n|t:|1776260371\n|switch|p2a: Kangaskhan|Kangaskhan-Mega, L50, F|51/100\n|turn|10\n|\n|t:|1776260378\n|move|p2a: Kangaskhan|Fake Out|p1a: Greninja\n|-damage|p1a: Greninja|33/100\n|-damage|p1a: Greninja|25/100\n|-hitcount|p1a: Greninja|2\n|cant|p1a: Greninja|flinch\n|\n|upkeep\n|turn|11\n|\n|t:|1776260389\n|move|p1a: Greninja|Water Shuriken|p2a: Kangaskhan\n|-damage|p2a: Kangaskhan|43/100\n|-crit|p2a: Kangaskhan\n|-damage|p2a: Kangaskhan|31/100\n|-damage|p2a: Kangaskhan|24/100\n|-damage|p2a: Kangaskhan|15/100\n|-damage|p2a: Kangaskhan|7/100\n|-hitcount|p2a: Kangaskhan|5\n|move|p2a: Kangaskhan|Sucker Punch||[still]\n|-fail|p2a: Kangaskhan\n|\n|upkeep\n|turn|12\n|\n|t:|1776260404\n|switch|p2a: Hippowdon|Hippowdon, L50, F|100/100\n|-weather|Sandstorm|[from] ability: Sand Stream|[of] p2a: Hippowdon\n|move|p1a: Greninja|Water Shuriken|p2a: Hippowdon\n|-supereffective|p2a: Hippowdon|1\n|-damage|p2a: Hippowdon|86/100\n|-supereffective|p2a: Hippowdon|1\n|-damage|p2a: Hippowdon|69/100\n|-supereffective|p2a: Hippowdon|1\n|-damage|p2a: Hippowdon|54/100\n|-supereffective|p2a: Hippowdon|1\n|-damage|p2a: Hippowdon|37/100\n|-enditem|p2a: Hippowdon|Sitrus Berry|[eat]\n|-heal|p2a: Hippowdon|62/100|[from] item: Sitrus Berry\n|-supereffective|p2a: Hippowdon|1\n|-damage|p2a: Hippowdon|47/100\n|-hitcount|p2a: Hippowdon|5\n|\n|-weather|Sandstorm|[upkeep]\n|-damage|p1a: Greninja|19/100|[from] Sandstorm\n|upkeep\n|turn|13\n|\n|t:|1776260409\n|move|p1a: Greninja|Water Shuriken|p2a: Hippowdon\n|-supereffective|p2a: Hippowdon|1\n|-damage|p2a: Hippowdon|30/100\n|-supereffective|p2a: Hippowdon|1\n|-damage|p2a: Hippowdon|15/100\n|-supereffective|p2a: Hippowdon|1\n|-damage|p2a: Hippowdon|0 fnt\n|faint|p2a: Hippowdon\n|-hitcount|p2: Hippowdon|3\n|\n|-weather|Sandstorm|[upkeep]\n|-damage|p1a: Greninja|13/100|[from] Sandstorm\n|upkeep\n|\n|t:|1776260412\n|switch|p2a: Kangaskhan|Kangaskhan-Mega, L50, F|7/100\n|turn|14\n|\n|t:|1776260415\n|move|p2a: Kangaskhan|Fake Out|p1a: Greninja\n|-damage|p1a: Greninja|0 fnt\n|faint|p1a: Greninja\n|-hitcount|p1: Greninja|1\n|\n|-weather|Sandstorm|[upkeep]\n|-damage|p2a: Kangaskhan|1/100|[from] Sandstorm\n|upkeep\n|\n|t:|1776260419\n|switch|p1a: Sneasler|Sneasler, L50, M|100/100\n|turn|15\n|\n|t:|1776260423\n|move|p1a: Sneasler|Fake Out|p2a: Kangaskhan\n|-damage|p2a: Kangaskhan|0 fnt\n|faint|p2a: Kangaskhan\n|\n|win|Mikeflem12326171\n|raw|Mikeflem12326171's rating: 1134 &rarr; <strong>1153</strong><br />(+19 for winning)\n|raw|masakikare's rating: 1049 &rarr; <strong>1036</strong><br />(-13 for losing)\n|l|\u2606masakikare\n|player|p2|\n",
  "uploadtime": 1776260430,
  "views": 4,
  "formatid": "gen9championsbssregma",
  "rating": 1036,
  "private": 0,
  "password": null
}