{
  "id": "gen9championsbssregma-2584847760",
  "format": "[Gen 9 Champions] BSS Reg M-A",
  "players": [
    "Mobileishard",
    "Ineedaonetype"
  ],
  "log": "|j|\u2606Mobileishard\n|j|\u2606Ineedaonetype\n|t:|1776288346\n|gametype|singles\n|player|p1|Mobileishard|1|1366\n|player|p2|Ineedaonetype|101|1328\n|gen|9\n|tier|[Gen 9 Champions] BSS Reg M-A\n|rated|\n|rule|Species Clause: Limit one of each Pok\u00e9mon\n|rule|Item Clause: Limit 1 of each item\n|clearpoke\n|poke|p1|Azumarill, L50, F|\n|poke|p1|Blastoise, L50, M|\n|poke|p1|Ditto, L50|\n|poke|p1|Reuniclus, L50, F|\n|poke|p1|Dragapult, L50, M|\n|poke|p1|Kleavor, L50, M|\n|poke|p2|Samurott-Hisui, L50, M|\n|poke|p2|Archaludon, L50, M|\n|poke|p2|Basculegion, L50, M|\n|poke|p2|Charizard, L50, F|\n|poke|p2|Rotom-Wash, L50|\n|poke|p2|Azumarill, L50, M|\n|teampreview|3\n|j| p74\n|inactive|Battle timer is ON: inactive players will automatically lose when time's up. (requested by Mobileishard)\n|\n|t:|1776288365\n|teamsize|p1|3\n|teamsize|p2|3\n|start\n|switch|p1a: Kleavor|Kleavor, L50, M|100/100\n|switch|p2a: Samurott|Samurott-Hisui, L50, M|100/100\n|turn|1\n|\n|t:|1776288371\n|move|p2a: Samurott|Ceaseless Edge|p1a: Kleavor\n|-damage|p1a: Kleavor|47/100\n|-sidestart|p1: Mobileishard|Spikes\n|move|p1a: Kleavor|Stone Axe|p2a: Samurott\n|-damage|p2a: Samurott|24/100\n|-sidestart|p2: Ineedaonetype|move: Stealth Rock\n|\n|upkeep\n|turn|2\n|\n|t:|1776288375\n|switch|p1a: Ditto|Ditto, L50|100/100\n|-damage|p1a: Ditto|88/100|[from] Spikes\n|-transform|p1a: Ditto|p2a: Samurott|[from] ability: Imposter\n|move|p2a: Samurott|Sucker Punch||[still]\n|-fail|p2a: Samurott\n|\n|upkeep\n|turn|3\n|\n|t:|1776288381\n|switch|p2a: Azumarill|Azumarill, L50, M|100/100\n|-damage|p2a: Azumarill|88/100|[from] Stealth Rock\n|move|p1a: Ditto|Ceaseless Edge|p2a: Azumarill\n|-resisted|p2a: Azumarill|1\n|-damage|p2a: Azumarill|65/100\n|-sidestart|p2: Ineedaonetype|Spikes\n|\n|upkeep\n|turn|4\n|\n|t:|1776288399\n|move|p1a: Ditto|Ceaseless Edge|p2a: Azumarill\n|-resisted|p2a: Azumarill|1\n|-damage|p2a: Azumarill|41/100\n|-sidestart|p2: Ineedaonetype|Spikes\n|-enditem|p2a: Azumarill|Sitrus Berry|[eat]\n|-heal|p2a: Azumarill|66/100|[from] item: Sitrus Berry\n|move|p2a: Azumarill|Play Rough|p1a: Ditto\n|-supereffective|p1a: Ditto|1\n|-damage|p1a: Ditto|0 fnt\n|faint|p1a: Ditto\n|\n|upkeep\n|\n|t:|1776288407\n|switch|p1a: Blastoise|Blastoise, L50, M|100/100\n|-damage|p1a: Blastoise|88/100|[from] Spikes\n|turn|5\n|\n|t:|1776288413\n|detailschange|p1a: Blastoise|Blastoise-Mega, L50, M\n|-mega|p1a: Blastoise|Blastoise|Blastoisinite\n|move|p1a: Blastoise|Water Pulse|p2a: Azumarill\n|-resisted|p2a: Azumarill|1\n|-damage|p2a: Azumarill|36/100\n|move|p2a: Azumarill|Play Rough|p1a: Blastoise\n|-damage|p1a: Blastoise|34/100\n|\n|upkeep\n|turn|6\n|\n|t:|1776288420\n|move|p1a: Blastoise|Water Pulse|p2a: Azumarill\n|-resisted|p2a: Azumarill|1\n|-damage|p2a: Azumarill|11/100\n|move|p2a: Azumarill|Play Rough|p1a: Blastoise\n|-damage|p1a: Blastoise|0 fnt\n|faint|p1a: Blastoise\n|\n|upkeep\n|-message|Mobileishard forfeited.\n|\n|win|Ineedaonetype\n|raw|Mobileishard's rating: 1366 &rarr; <strong>1344</strong><br />(-22 for losing)\n|raw|Ineedaonetype's rating: 1328 &rarr; <strong>1350</strong><br />(+22 for winning)\n|l|\u2606Mobileishard\n|player|p1|\n",
  "uploadtime": 1776288619,
  "views": 3,
  "formatid": "gen9championsbssregma",
  "rating": 1344,
  "private": 0,
  "password": null
}