{
  "id": "gen9championsbssregma-2584876048",
  "format": "[Gen 9 Champions] BSS Reg M-A",
  "players": [
    "onetr1k",
    "Venti0406"
  ],
  "log": "|j|\u2606onetr1k\n|j|\u2606Venti0406\n|t:|1776290697\n|gametype|singles\n|player|p1|onetr1k|1|1040\n|player|p2|Venti0406|n|1011\n|gen|9\n|tier|[Gen 9 Champions] BSS Reg M-A\n|rated|\n|rule|Species Clause: Limit one of each Pok\u00e9mon\n|rule|Item Clause: Limit 1 of each item\n|clearpoke\n|poke|p1|Samurott-Hisui, L50, M|\n|poke|p1|Archaludon, L50, M|\n|poke|p1|Goodra-Hisui, L50, F|\n|poke|p1|Skeledirge, L50, F|\n|poke|p1|Umbreon, L50, M|\n|poke|p1|Rampardos, L50, F|\n|poke|p2|Blastoise, L50, M|\n|poke|p2|Clefable, L50, F|\n|poke|p2|Espathra, L50, F|\n|poke|p2|Lopunny, L50, M|\n|poke|p2|Umbreon, L50, M|\n|poke|p2|Ninetales-Alola, L50, F|\n|teampreview|3\n|inactive|Battle timer is ON: inactive players will automatically lose when time's up. (requested by Venti0406)\n|inactive|Venti0406 has 60 seconds left.\n|\n|t:|1776290733\n|teamsize|p1|3\n|teamsize|p2|3\n|start\n|switch|p1a: Goodra|Goodra-Hisui, L50, F|100/100\n|switch|p2a: Clefable|Clefable, L50, F|100/100\n|turn|1\n|inactive|onetr1k has 30 seconds left.\n|inactive|onetr1k has 20 seconds left.\n|inactive|onetr1k has 15 seconds left.\n|inactive|onetr1k has 10 seconds left.\n|inactive|onetr1k has 5 seconds left.\n|\n|t:|1776290788\n|move|p1a: Goodra|Draco Meteor|p2a: Clefable\n|-immune|p2a: Clefable\n|move|p2a: Clefable|Cosmic Power|p2a: Clefable\n|-boost|p2a: Clefable|def|1\n|-boost|p2a: Clefable|spd|1\n|\n|upkeep\n|turn|2\n|\n|t:|1776290809\n|move|p1a: Goodra|Steel Beam|p2a: Clefable\n|-supereffective|p2a: Clefable|1\n|-damage|p2a: Clefable|38/100\n|-damage|p1a: Goodra|50/100|[from] steelbeam\n|-enditem|p1a: Goodra|Sitrus Berry|[eat]\n|-heal|p1a: Goodra|75/100|[from] item: Sitrus Berry\n|-enditem|p2a: Clefable|Sitrus Berry|[eat]\n|-heal|p2a: Clefable|63/100|[from] item: Sitrus Berry\n|move|p2a: Clefable|Cosmic Power|p2a: Clefable\n|-boost|p2a: Clefable|def|1\n|-boost|p2a: Clefable|spd|1\n|\n|upkeep\n|turn|3\n|\n|t:|1776290826\n|move|p1a: Goodra|Steel Beam|p2a: Clefable\n|-supereffective|p2a: Clefable|1\n|-damage|p2a: Clefable|15/100\n|-damage|p1a: Goodra|25/100|[from] steelbeam\n|move|p2a: Clefable|Baton Pass|p2a: Clefable\n|\n|t:|1776290831\n|switch|p2a: Blastoise|Blastoise, L50, M|100/100|[from] Baton Pass\n|\n|upkeep\n|turn|4\n|\n|t:|1776290838\n|detailschange|p2a: Blastoise|Blastoise-Mega, L50, M\n|-mega|p2a: Blastoise|Blastoise|Blastoisinite\n|move|p2a: Blastoise|Shell Smash|p2a: Blastoise\n|-unboost|p2a: Blastoise|def|1\n|-unboost|p2a: Blastoise|spd|1\n|-boost|p2a: Blastoise|atk|2\n|-boost|p2a: Blastoise|spa|2\n|-boost|p2a: Blastoise|spe|2\n|move|p1a: Goodra|Draco Meteor|p2a: Blastoise\n|-damage|p2a: Blastoise|65/100\n|-unboost|p1a: Goodra|spa|2\n|\n|upkeep\n|turn|5\n|\n|t:|1776290855\n|switch|p1a: Rampardos|Rampardos, L50, F|100/100\n|-ability|p1a: Rampardos|Mold Breaker\n|move|p2a: Blastoise|Dark Pulse|p1a: Rampardos\n|-damage|p1a: Rampardos|0 fnt\n|faint|p1a: Rampardos\n|\n|upkeep\n|\n|t:|1776290862\n|switch|p1a: Archaludon|Archaludon, L50, M|100/100\n|turn|6\n|\n|t:|1776290870\n|move|p2a: Blastoise|Dark Pulse|p1a: Archaludon\n|-ability|p1a: Archaludon|Sturdy\n|-damage|p1a: Archaludon|1/100\n|move|p1a: Archaludon|Thunderbolt|p2a: Blastoise\n|-supereffective|p2a: Blastoise|1\n|-damage|p2a: Blastoise|25/100\n|\n|upkeep\n|turn|7\n|\n|t:|1776290878\n|move|p2a: Blastoise|Dark Pulse|p1a: Archaludon\n|-damage|p1a: Archaludon|0 fnt\n|faint|p1a: Archaludon\n|\n|upkeep\n|\n|t:|1776290881\n|switch|p1a: Goodra|Goodra-Hisui, L50, F|25/100\n|turn|8\n|\n|t:|1776290884\n|move|p2a: Blastoise|Dark Pulse|p1a: Goodra\n|-damage|p1a: Goodra|0 fnt\n|faint|p1a: Goodra\n|\n|win|Venti0406\n|raw|onetr1k's rating: 1040 &rarr; <strong>1023</strong><br />(-17 for losing)\n|raw|Venti0406's rating: 1011 &rarr; <strong>1053</strong><br />(+42 for winning)\n|l|\u2606onetr1k\n|player|p1|\n",
  "uploadtime": 1776290891,
  "views": 19,
  "formatid": "gen9championsbssregma",
  "rating": 1023,
  "private": 0,
  "password": null
}