{
  "id": "gen9championsbssregma-2583097967",
  "format": "[Gen 9 Champions] BSS Reg M-A",
  "players": [
    "Allbiz",
    "karbain"
  ],
  "log": "|j|\u2606Allbiz\n|j|\u2606karbain\n|t:|1776141728\n|gametype|singles\n|player|p1|Allbiz|blue|1245\n|player|p2|karbain|2|1409\n|gen|9\n|tier|[Gen 9 Champions] BSS Reg M-A\n|rated|\n|rule|Species Clause: Limit one of each Pok\u00e9mon\n|rule|Item Clause: Limit 1 of each item\n|clearpoke\n|poke|p1|Garchomp, L50, M|\n|poke|p1|Floette-Eternal, L50, F|\n|poke|p1|Polteageist, L50|\n|poke|p1|Clefable, L50, M|\n|poke|p1|Archaludon, L50, M|\n|poke|p1|Delphox, L50, M|\n|poke|p2|Charizard, L50, M|\n|poke|p2|Greninja-*, L50, M|\n|poke|p2|Hatterene, L50, F|\n|poke|p2|Gyarados, L50, F|\n|poke|p2|Kingambit, L50, F|\n|poke|p2|Mimikyu, L50, M|\n|teampreview|3\n|\n|t:|1776141770\n|teamsize|p1|3\n|teamsize|p2|3\n|start\n|switch|p1a: Polteageist|Polteageist, L50|100/100\n|switch|p2a: Greninja|Greninja, L50, M|100/100\n|turn|1\n|j| p74\n|inactive|Battle timer is ON: inactive players will automatically lose when time's up. (requested by karbain)\n|\n|t:|1776141785\n|switch|p1a: Archaludon|Archaludon, L50, M, shiny|100/100\n|move|p2a: Greninja|Dark Pulse|p1a: Archaludon\n|-damage|p1a: Archaludon|67/100\n|-ability|p1a: Archaludon|Stamina|boost\n|-boost|p1a: Archaludon|def|1\n|\n|upkeep\n|turn|2\n|\n|t:|1776141794\n|move|p2a: Greninja|Dark Pulse|p1a: Archaludon\n|-damage|p1a: Archaludon|37/100\n|-ability|p1a: Archaludon|Stamina|boost\n|-boost|p1a: Archaludon|def|1\n|-enditem|p1a: Archaludon|Sitrus Berry|[eat]\n|-heal|p1a: Archaludon|62/100|[from] item: Sitrus Berry\n|move|p1a: Archaludon|Thunder Wave|p2a: Greninja\n|-status|p2a: Greninja|par\n|\n|upkeep\n|turn|3\n|\n|t:|1776141805\n|move|p1a: Archaludon|Stealth Rock|p2a: Greninja\n|-sidestart|p2: karbain|move: Stealth Rock\n|cant|p2a: Greninja|par\n|\n|upkeep\n|turn|4\n|\n|t:|1776141812\n|move|p2a: Greninja|Dark Pulse|p1a: Archaludon\n|-damage|p1a: Archaludon|32/100\n|-ability|p1a: Archaludon|Stamina|boost\n|-boost|p1a: Archaludon|def|1\n|move|p1a: Archaludon|Dragon Tail|p2a: Greninja|[miss]\n|-miss|p1a: Archaludon|p2a: Greninja\n|\n|upkeep\n|turn|5\n|\n|t:|1776141820\n|move|p1a: Archaludon|Flash Cannon|p2a: Greninja\n|-resisted|p2a: Greninja|1\n|-damage|p2a: Greninja|74/100 par\n|move|p2a: Greninja|Dark Pulse|p1a: Archaludon\n|-damage|p1a: Archaludon|2/100\n|-ability|p1a: Archaludon|Stamina|boost\n|-boost|p1a: Archaludon|def|1\n|\n|upkeep\n|turn|6\n|\n|t:|1776141828\n|move|p2a: Greninja|Water Shuriken|p1a: Archaludon\n|-resisted|p1a: Archaludon|1\n|-damage|p1a: Archaludon|0 fnt\n|faint|p1a: Archaludon\n|-hitcount|p1: Archaludon|1\n|\n|upkeep\n|\n|t:|1776141837\n|switch|p1a: Polteageist|Polteageist, L50|100/100\n|turn|7\n|\n|t:|1776141861\n|move|p1a: Polteageist|Shell Smash|p1a: Polteageist\n|-unboost|p1a: Polteageist|def|1\n|-unboost|p1a: Polteageist|spd|1\n|-boost|p1a: Polteageist|atk|2\n|-boost|p1a: Polteageist|spa|2\n|-boost|p1a: Polteageist|spe|2\n|move|p2a: Greninja|Dark Pulse|p1a: Polteageist\n|-supereffective|p1a: Polteageist|1\n|-enditem|p1a: Polteageist|Focus Sash\n|-damage|p1a: Polteageist|1/100\n|\n|upkeep\n|turn|8\n|\n|t:|1776141872\n|cant|p2a: Greninja|par\n|move|p1a: Polteageist|Shadow Ball|p2a: Greninja\n|-resisted|p2a: Greninja|1\n|-damage|p2a: Greninja|6/100 par\n|\n|upkeep\n|turn|9\n|\n|t:|1776141883\n|move|p2a: Greninja|Water Shuriken|p1a: Polteageist\n|-damage|p1a: Polteageist|0 fnt\n|faint|p1a: Polteageist\n|-hitcount|p1: Polteageist|1\n|\n|upkeep\n|\n|t:|1776141888\n|switch|p1a: Delphox|Delphox, L50, M|100/100\n|turn|10\n|\n|t:|1776141895\n|detailschange|p1a: Delphox|Delphox-Mega, L50, M\n|-mega|p1a: Delphox|Delphox|Delphoxite\n|move|p1a: Delphox|Flamethrower|p2a: Greninja\n|-resisted|p2a: Greninja|1\n|-damage|p2a: Greninja|0 fnt\n|faint|p2a: Greninja\n|\n|upkeep\n|\n|t:|1776141900\n|switch|p2a: Mimikyu|Mimikyu, L50, M|100/100\n|-damage|p2a: Mimikyu|89/100|[from] Stealth Rock\n|turn|11\n|\n|t:|1776141909\n|move|p1a: Delphox|Flamethrower|p2a: Mimikyu\n|-activate|p2a: Mimikyu|ability: Disguise\n|-damage|p2a: Mimikyu|89/100\n|detailschange|p2a: Mimikyu|Mimikyu-Busted, L50, M\n|-damage|p2a: Mimikyu|77/100|[from] pokemon: Mimikyu-Busted\n|move|p2a: Mimikyu|Shadow Claw|p1a: Delphox\n|-supereffective|p1a: Delphox|1\n|-damage|p1a: Delphox|12/100\n|\n|upkeep\n|turn|12\n|\n|t:|1776141919\n|move|p2a: Mimikyu|Shadow Sneak|p1a: Delphox\n|-supereffective|p1a: Delphox|1\n|-damage|p1a: Delphox|0 fnt\n|faint|p1a: Delphox\n|\n|win|karbain\n|raw|Allbiz's rating: 1245 &rarr; <strong>1231</strong><br />(-14 for losing)\n|raw|karbain's rating: 1409 &rarr; <strong>1420</strong><br />(+11 for winning)\n|l|\u2606Allbiz\n|player|p1|\n|l|\u2606karbain\n|player|p2|\n",
  "uploadtime": 1776141997,
  "views": 3,
  "formatid": "gen9championsbssregma",
  "rating": 1231,
  "private": 0,
  "password": null
}