{
  "id": "gen9championsbssregma-2582831599",
  "format": "[Gen 9 Champions] BSS Reg M-A",
  "players": [
    "phifth",
    "marvelousmonish"
  ],
  "log": "|j|\u2606phifth\n|j|\u2606marvelousmonish\n|t:|1776117481\n|gametype|singles\n|player|p1|phifth|rosa|1082\n|player|p2|marvelousmonish|benga|1000\n|gen|9\n|tier|[Gen 9 Champions] BSS Reg M-A\n|rated|\n|rule|Species Clause: Limit one of each Pok\u00e9mon\n|rule|Item Clause: Limit 1 of each item\n|clearpoke\n|poke|p1|Gliscor, L50, F|\n|poke|p1|Tyranitar, L50, M|\n|poke|p1|Meganium, L50, M|\n|poke|p1|Archaludon, L50, M|\n|poke|p1|Excadrill, L50, F|\n|poke|p1|Glimmora, L50, M|\n|poke|p2|Archaludon, L50, F|\n|poke|p2|Pelipper, L50, F|\n|poke|p2|Floette-Eternal, L50, F|\n|poke|p2|Sinistcha, L50|\n|poke|p2|Meganium, L50, M|\n|poke|p2|Incineroar, L50, M|\n|teampreview|3\n|inactive|Battle timer is ON: inactive players will automatically lose when time's up. (requested by marvelousmonish)\n|inactive|marvelousmonish has 60 seconds left.\n|\n|t:|1776117546\n|teamsize|p1|3\n|teamsize|p2|3\n|start\n|switch|p1a: Tyranitar|Tyranitar, L50, M|100/100\n|switch|p2a: Pelipper|Pelipper, L50, F|100/100\n|-weather|RainDance|[from] ability: Drizzle|[of] p2a: Pelipper\n|-weather|Sandstorm|[from] ability: Sand Stream|[of] p1a: Tyranitar\n|turn|1\n|\n|t:|1776117561\n|move|p2a: Pelipper|U-turn|p1a: Tyranitar\n|-supereffective|p1a: Tyranitar|1\n|-damage|p1a: Tyranitar|86/100\n|\n|t:|1776117564\n|switch|p2a: Meganium|Meganium, L50, M|100/100|[from] U-turn\n|move|p1a: Tyranitar|Rock Slide|p2a: Meganium|[miss]\n|-miss|p1a: Tyranitar|p2a: Meganium\n|\n|-weather|Sandstorm|[upkeep]\n|-damage|p2a: Meganium|94/100|[from] Sandstorm\n|upkeep\n|turn|2\n|inactive|phifth has 30 seconds left.\n|\n|t:|1776117597\n|switch|p1a: Eclipse|Gliscor, L50, F, shiny|100/100\n|detailschange|p2a: Meganium|Meganium-Mega, L50, M\n|-mega|p2a: Meganium|Meganium|Meganiumite\n|move|p2a: Meganium|Solar Beam||[still]\n|-prepare|p2a: Meganium|Solar Beam\n|-activate|p2a: Meganium|ability: Mega Sol\n|-anim|p2a: Meganium|Solar Beam|p1a: Eclipse|[miss]\n|-miss|p2a: Meganium|p1a: Eclipse\n|\n|-weather|Sandstorm|[upkeep]\n|-damage|p2a: Meganium|88/100|[from] Sandstorm\n|upkeep\n|turn|3\n|inactive|marvelousmonish has 30 seconds left.\n|inactive|marvelousmonish has 20 seconds left.\n|inactive|marvelousmonish has 15 seconds left.\n|\n|t:|1776117639\n|move|p2a: Meganium|Protect|p2a: Meganium\n|-singleturn|p2a: Meganium|Protect\n|move|p1a: Eclipse|Stealth Rock|p2a: Meganium\n|-sidestart|p2: marvelousmonish|move: Stealth Rock\n|\n|-weather|Sandstorm|[upkeep]\n|-damage|p2a: Meganium|82/100|[from] Sandstorm\n|upkeep\n|turn|4\n|inactive|phifth has 30 seconds left.\n|\n|t:|1776117665\n|move|p1a: Eclipse|U-turn|p2a: Meganium\n|-damage|p2a: Meganium|67/100\n|\n|t:|1776117667\n|switch|p1a: Glimmora|Glimmora, L50, M|100/100|[from] U-turn\n|move|p2a: Meganium|Solar Beam||[still]\n|-prepare|p2a: Meganium|Solar Beam\n|-activate|p2a: Meganium|ability: Mega Sol\n|-anim|p2a: Meganium|Solar Beam|p1a: Glimmora\n|-damage|p1a: Glimmora|23/100\n|\n|-weather|Sandstorm|[upkeep]\n|-damage|p2a: Meganium|61/100|[from] Sandstorm\n|upkeep\n|turn|5\n|\n|t:|1776117682\n|switch|p2a: Pelipper|Pelipper, L50, F|100/100\n|-damage|p2a: Pelipper|76/100|[from] Stealth Rock\n|-weather|RainDance|[from] ability: Drizzle|[of] p2a: Pelipper\n|detailschange|p1a: Glimmora|Glimmora-Mega, L50, M\n|-mega|p1a: Glimmora|Glimmora|Glimmoranite\n|move|p1a: Glimmora|Sludge Wave|p2a: Pelipper\n|-damage|p2a: Pelipper|0 fnt\n|faint|p2a: Pelipper\n|\n|-weather|RainDance|[upkeep]\n|upkeep\n|\n|t:|1776117692\n|switch|p2a: Incineroar|Incineroar, L50, M|100/100\n|-damage|p2a: Incineroar|75/100|[from] Stealth Rock\n|-ability|p2a: Incineroar|Intimidate|boost\n|-unboost|p1a: Glimmora|atk|1\n|turn|6\n|\n|t:|1776117714\n|move|p1a: Glimmora|Power Gem|p2a: Incineroar\n|-supereffective|p2a: Incineroar|1\n|-damage|p2a: Incineroar|0 fnt\n|faint|p2a: Incineroar\n|\n|-weather|RainDance|[upkeep]\n|upkeep\n|-message|marvelousmonish forfeited.\n|\n|win|phifth\n|raw|phifth's rating: 1082 &rarr; <strong>1103</strong><br />(+21 for winning)\n|raw|marvelousmonish's rating: 1000 &rarr; <strong>1000</strong><br />(+0 for losing)\n|l|\u2606marvelousmonish\n|player|p2|\n|c|\u2606phifth|gg\n",
  "uploadtime": 1776117736,
  "views": 14,
  "formatid": "gen9championsbssregma",
  "rating": 1000,
  "private": 0,
  "password": null
}