{
  "id": "gen9championsbssregma-2583335720",
  "format": "[Gen 9 Champions] BSS Reg M-A",
  "players": [
    "weirdapricot",
    "lublh"
  ],
  "log": "|j|\u2606weirdapricot\n|j|\u2606lublh\n|t:|1776167983\n|gametype|singles\n|player|p1|weirdapricot|backpacker|1194\n|player|p2|lublh|170|1386\n|gen|9\n|tier|[Gen 9 Champions] BSS Reg M-A\n|rated|\n|rule|Species Clause: Limit one of each Pok\u00e9mon\n|rule|Item Clause: Limit 1 of each item\n|clearpoke\n|poke|p1|Absol, L50, F|\n|poke|p1|Clefable, L50, M|\n|poke|p1|Glimmora, L50, F|\n|poke|p1|Mamoswine, L50, M|\n|poke|p1|Serperior, L50, F|\n|poke|p1|Machamp, L50, M|\n|poke|p2|Meganium, L50, M|\n|poke|p2|Dragonite, L50, F|\n|poke|p2|Lopunny, L50, M|\n|poke|p2|Kleavor, L50, M|\n|poke|p2|Aegislash, L50, M|\n|poke|p2|Garchomp, L50, F|\n|teampreview|3\n|\n|t:|1776168010\n|teamsize|p1|3\n|teamsize|p2|3\n|start\n|switch|p1a: Mamoswine|Mamoswine, L50, M|100/100\n|switch|p2a: Kleavor|Kleavor, L50, M|100/100\n|turn|1\n|\n|t:|1776168015\n|move|p2a: Kleavor|Stone Axe|p1a: Mamoswine\n|-damage|p1a: Mamoswine|39/100\n|-sidestart|p1: weirdapricot|move: Stealth Rock\n|move|p1a: Mamoswine|Icicle Crash|p2a: Kleavor\n|-damage|p2a: Kleavor|30/100\n|\n|upkeep\n|turn|2\n|\n|t:|1776168023\n|move|p1a: Mamoswine|Ice Shard|p2a: Kleavor\n|-damage|p2a: Kleavor|0 fnt\n|faint|p2a: Kleavor\n|\n|upkeep\n|\n|t:|1776168030\n|switch|p2a: Aegislash|Aegislash, L50, M|100/100\n|turn|3\n|\n|t:|1776168037\n|move|p2a: Aegislash|King's Shield|p2a: Aegislash\n|-singleturn|p2a: Aegislash|Protect\n|move|p1a: Mamoswine|Earthquake|p2a: Aegislash\n|-activate|p2a: Aegislash|move: Protect\n|\n|upkeep\n|turn|4\n|\n|t:|1776168048\n|switch|p2a: Meganium|Meganium, L50, M|100/100\n|move|p1a: Mamoswine|Earthquake|p2a: Meganium\n|-resisted|p2a: Meganium|1\n|-damage|p2a: Meganium|67/100\n|\n|upkeep\n|turn|5\n|\n|t:|1776168058\n|detailschange|p2a: Meganium|Meganium-Mega, L50, M\n|-mega|p2a: Meganium|Meganium|Meganiumite\n|move|p1a: Mamoswine|Ice Shard|p2a: Meganium\n|-supereffective|p2a: Meganium|1\n|-damage|p2a: Meganium|15/100\n|move|p2a: Meganium|Weather Ball|p1a: Mamoswine\n|-supereffective|p1a: Mamoswine|1\n|-damage|p1a: Mamoswine|0 fnt\n|faint|p1a: Mamoswine\n|\n|upkeep\n|\n|t:|1776168063\n|switch|p1a: Glimmora|Glimmora, L50, F|100/100\n|-damage|p1a: Glimmora|88/100|[from] Stealth Rock\n|turn|6\n|\n|t:|1776168071\n|switch|p2a: Aegislash|Aegislash, L50, M|100/100\n|move|p1a: Glimmora|Power Gem|p2a: Aegislash\n|-resisted|p2a: Aegislash|1\n|-damage|p2a: Aegislash|82/100\n|\n|-heal|p2a: Aegislash|88/100|[from] item: Leftovers\n|upkeep\n|turn|7\n|\n|t:|1776168083\n|switch|p1a: Clefable|Clefable, L50, M|100/100\n|-damage|p1a: Clefable|88/100|[from] Stealth Rock\n|-formechange|p2a: Aegislash|Aegislash-Blade|\n|move|p2a: Aegislash|Iron Head|p1a: Clefable\n|-supereffective|p1a: Clefable|1\n|-damage|p1a: Clefable|29/100\n|\n|-heal|p1a: Clefable|35/100|[from] item: Leftovers\n|-heal|p2a: Aegislash|93/100|[from] item: Leftovers\n|upkeep\n|turn|8\n|\n|t:|1776168092\n|move|p1a: Clefable|Moonlight|p1a: Clefable\n|-heal|p1a: Clefable|85/100\n|move|p2a: Aegislash|Iron Head|p1a: Clefable\n|-supereffective|p1a: Clefable|1\n|-damage|p1a: Clefable|27/100\n|\n|-heal|p1a: Clefable|33/100|[from] item: Leftovers\n|-heal|p2a: Aegislash|99/100|[from] item: Leftovers\n|upkeep\n|turn|9\n|j| p74\n|\n|t:|1776168100\n|move|p1a: Clefable|Flamethrower|p2a: Aegislash\n|-supereffective|p2a: Aegislash|1\n|-damage|p2a: Aegislash|13/100\n|move|p2a: Aegislash|Iron Head|p1a: Clefable\n|-supereffective|p1a: Clefable|1\n|-damage|p1a: Clefable|0 fnt\n|faint|p1a: Clefable\n|\n|-heal|p2a: Aegislash|19/100|[from] item: Leftovers\n|upkeep\n|\n|t:|1776168104\n|switch|p1a: Glimmora|Glimmora, L50, F|88/100\n|-damage|p1a: Glimmora|75/100|[from] Stealth Rock\n|turn|10\n|\n|t:|1776168111\n|-formechange|p2a: Aegislash|Aegislash|\n|move|p2a: Aegislash|King's Shield|p2a: Aegislash\n|-singleturn|p2a: Aegislash|Protect\n|move|p1a: Glimmora|Power Gem|p2a: Aegislash\n|-activate|p2a: Aegislash|move: Protect\n|\n|-heal|p2a: Aegislash|25/100|[from] item: Leftovers\n|upkeep\n|turn|11\n|\n|t:|1776168133\n|switch|p2a: Meganium|Meganium-Mega, L50, M|15/100\n|move|p1a: Glimmora|Power Gem|p2a: Meganium\n|-damage|p2a: Meganium|0 fnt\n|faint|p2a: Meganium\n|\n|upkeep\n|\n|t:|1776168138\n|switch|p2a: Aegislash|Aegislash, L50, M|25/100\n|turn|12\n|\n|t:|1776168141\n|move|p2a: Aegislash|King's Shield|p2a: Aegislash\n|-singleturn|p2a: Aegislash|Protect\n|move|p1a: Glimmora|Power Gem|p2a: Aegislash\n|-activate|p2a: Aegislash|move: Protect\n|\n|-heal|p2a: Aegislash|31/100|[from] item: Leftovers\n|upkeep\n|turn|13\n|\n|t:|1776168148\n|move|p1a: Glimmora|Power Gem|p2a: Aegislash\n|-resisted|p2a: Aegislash|1\n|-damage|p2a: Aegislash|13/100\n|-formechange|p2a: Aegislash|Aegislash-Blade|\n|move|p2a: Aegislash|Iron Head|p1a: Glimmora\n|-supereffective|p1a: Glimmora|1\n|-damage|p1a: Glimmora|0 fnt\n|-activate|p1a: Glimmora|ability: Toxic Debris\n|-sidestart|p2: lublh|move: Toxic Spikes\n|faint|p1a: Glimmora\n|\n|win|lublh\n|raw|weirdapricot's rating: 1194 &rarr; <strong>1182</strong><br />(-12 for losing)\n|raw|lublh's rating: 1386 &rarr; <strong>1396</strong><br />(+10 for winning)\n|l|\u2606weirdapricot\n|player|p1|\n|l|\u2606lublh\n|player|p2|\n",
  "uploadtime": 1776168270,
  "views": 3,
  "formatid": "gen9championsbssregma",
  "rating": 1182,
  "private": 0,
  "password": null
}