{
  "id": "gen9championsbssregma-2587448117",
  "format": "[Gen 9 Champions] BSS Reg M-A",
  "players": [
    "Kurpylicious",
    "chumrat0"
  ],
  "log": "|j|\u2606Kurpylicious\n|j|\u2606chumrat0\n|t:|1776532653\n|gametype|singles\n|player|p1|Kurpylicious|steven|1100\n|player|p2|chumrat0|juggler|1048\n|gen|9\n|tier|[Gen 9 Champions] BSS Reg M-A\n|rated|\n|rule|Species Clause: Limit one of each Pok\u00e9mon\n|rule|Item Clause: Limit 1 of each item\n|clearpoke\n|poke|p1|Garchomp, L50, M|\n|poke|p1|Chandelure, L50, M|\n|poke|p1|Scizor, L50, F|\n|poke|p1|Delphox, L50, M|\n|poke|p1|Weavile, L50, M|\n|poke|p1|Primarina, L50, F|\n|poke|p2|Scizor, L50, M|\n|poke|p2|Ampharos, L50, F|\n|poke|p2|Chandelure, L50, F|\n|poke|p2|Weavile, L50, F|\n|poke|p2|Gallade, L50, M|\n|poke|p2|Garchomp, L50, M|\n|teampreview|3\n|inactive|Battle timer is ON: inactive players will automatically lose when time's up. (requested by Kurpylicious)\n|\n|t:|1776532675\n|teamsize|p1|3\n|teamsize|p2|3\n|start\n|switch|p1a: Weavile|Weavile, L50, M|100/100\n|switch|p2a: Weavile|Weavile, L50, F|100/100\n|-ability|p1a: Weavile|Pressure\n|turn|1\n|\n|t:|1776532688\n|switch|p1a: Scizor|Scizor, L50, F|100/100\n|move|p2a: Weavile|Knock Off|p1a: Scizor\n|-damage|p1a: Scizor|67/100\n|-enditem|p1a: Scizor|Metal Coat|[from] move: Knock Off|[of] p2a: Weavile\n|\n|upkeep\n|turn|2\n|\n|t:|1776532698\n|move|p2a: Weavile|Taunt|p1a: Scizor\n|-start|p1a: Scizor|move: Taunt\n|cant|p1a: Scizor|move: Taunt|Roost\n|\n|upkeep\n|turn|3\n|\n|t:|1776532704\n|move|p1a: Scizor|Bullet Punch|p2a: Weavile\n|-supereffective|p2a: Weavile|1\n|-damage|p2a: Weavile|5/100\n|move|p2a: Weavile|Knock Off|p1a: Scizor\n|-damage|p1a: Scizor|43/100\n|\n|upkeep\n|turn|4\n|\n|t:|1776532712\n|switch|p2a: Scizor|Scizor, L50, M|100/100\n|move|p1a: Scizor|Bullet Punch|p2a: Scizor\n|-resisted|p2a: Scizor|1\n|-damage|p2a: Scizor|87/100\n|\n|-end|p1a: Scizor|move: Taunt\n|upkeep\n|turn|5\n|\n|t:|1776532721\n|detailschange|p2a: Scizor|Scizor-Mega, L50, M\n|-mega|p2a: Scizor|Scizor|Scizorite\n|move|p2a: Scizor|Swords Dance|p2a: Scizor\n|-boost|p2a: Scizor|atk|2\n|move|p1a: Scizor|Swords Dance|p1a: Scizor\n|-boost|p1a: Scizor|atk|2\n|\n|upkeep\n|turn|6\n|\n|t:|1776532733\n|move|p2a: Scizor|Knock Off|p1a: Scizor\n|-damage|p1a: Scizor|3/100\n|move|p1a: Scizor|Knock Off|p2a: Scizor\n|-damage|p2a: Scizor|62/100\n|\n|upkeep\n|turn|7\n|\n|t:|1776532739\n|switch|p1a: Delphox|Delphox, L50, M|100/100\n|move|p2a: Scizor|Bullet Punch|p1a: Delphox\n|-resisted|p1a: Delphox|1\n|-damage|p1a: Delphox|40/100\n|\n|upkeep\n|turn|8\n|\n|t:|1776532747\n|detailschange|p1a: Delphox|Delphox-Mega, L50, M\n|-mega|p1a: Delphox|Delphox|Delphoxite\n|move|p2a: Scizor|Bullet Punch|p1a: Delphox\n|-resisted|p1a: Delphox|1\n|-damage|p1a: Delphox|0 fnt\n|faint|p1a: Delphox\n|\n|upkeep\n|\n|t:|1776532750\n|switch|p1a: Scizor|Scizor, L50, F|3/100\n|turn|9\n|\n|t:|1776532756\n|move|p2a: Scizor|Bullet Punch|p1a: Scizor\n|-resisted|p1a: Scizor|1\n|-damage|p1a: Scizor|0 fnt\n|faint|p1a: Scizor\n|\n|upkeep\n|\n|t:|1776532758\n|switch|p1a: Weavile|Weavile, L50, M|100/100\n|-ability|p1a: Weavile|Pressure\n|turn|10\n|\n|t:|1776532764\n|move|p2a: Scizor|Bullet Punch|p1a: Weavile\n|-supereffective|p1a: Weavile|1\n|-enditem|p1a: Weavile|Focus Sash\n|-damage|p1a: Weavile|1/100\n|move|p1a: Weavile|Triple Axel|p2a: Scizor\n|-resisted|p2a: Scizor|1\n|-damage|p2a: Scizor|58/100\n|-resisted|p2a: Scizor|1\n|-damage|p2a: Scizor|50/100\n|-resisted|p2a: Scizor|1\n|-damage|p2a: Scizor|39/100\n|-hitcount|p2a: Scizor|3\n|\n|upkeep\n|turn|11\n|-message|Kurpylicious forfeited.\n|\n|win|chumrat0\n|raw|Kurpylicious's rating: 1100 &rarr; <strong>1071</strong><br />(-29 for losing)\n|raw|chumrat0's rating: 1048 &rarr; <strong>1086</strong><br />(+38 for winning)\n|l|\u2606Kurpylicious\n|player|p1|\n",
  "uploadtime": 1776532781,
  "views": 3,
  "formatid": "gen9championsbssregma",
  "rating": 1071,
  "private": 0,
  "password": null
}