{
  "id": "gen9championsbssregma-2583105992",
  "format": "[Gen 9 Champions] BSS Reg M-A",
  "players": [
    "mathismathin",
    "Monica Blanche"
  ],
  "log": "|j|\u2606mathismathin\n|j|\u2606Monica Blanche\n|t:|1776142669\n|gametype|singles\n|player|p1|mathismathin|bugsy-masters|1134\n|player|p2|Monica Blanche|lady|1159\n|gen|9\n|tier|[Gen 9 Champions] BSS Reg M-A\n|rated|\n|rule|Species Clause: Limit one of each Pok\u00e9mon\n|rule|Item Clause: Limit 1 of each item\n|clearpoke\n|poke|p1|Aegislash, L50, F|\n|poke|p1|Meganium, L50, F|\n|poke|p1|Sneasler, L50, M|\n|poke|p1|Dragapult, L50, M|\n|poke|p1|Lycanroc-Dusk, L50, M|\n|poke|p1|Tyranitar, L50, M|\n|poke|p2|Skarmory, L50, M|\n|poke|p2|Flareon, L50, M|\n|poke|p2|Mamoswine, L50, F|\n|poke|p2|Heliolisk, L50, F|\n|poke|p2|Palafin, L50, M|\n|poke|p2|Slowking-Galar, L50, M|\n|teampreview|3\n|\n|t:|1776142714\n|teamsize|p1|3\n|teamsize|p2|3\n|start\n|switch|p1a: Dragapult|Dragapult, L50, M|100/100\n|switch|p2a: Skarmory|Skarmory, L50, M|100/100\n|turn|1\n|\n|t:|1776142723\n|move|p1a: Dragapult|Will-O-Wisp|p2a: Skarmory|[miss]\n|-miss|p1a: Dragapult|p2a: Skarmory\n|move|p2a: Skarmory|Swords Dance|p2a: Skarmory\n|-boost|p2a: Skarmory|atk|2\n|\n|upkeep\n|turn|2\n|\n|t:|1776142726\n|switch|p2a: Flareon|Flareon, L50, M|100/100\n|move|p1a: Dragapult|Will-O-Wisp|p2a: Flareon\n|-start|p2a: Flareon|ability: Flash Fire\n|\n|upkeep\n|turn|3\n|\n|t:|1776142729\n|move|p1a: Dragapult|Thunder Wave|p2a: Flareon\n|-status|p2a: Flareon|par\n|cant|p2a: Flareon|par\n|\n|upkeep\n|turn|4\n|\n|t:|1776142731\n|move|p1a: Dragapult|Hex|p2a: Flareon\n|-damage|p2a: Flareon|43/100 par\n|move|p2a: Flareon|Flare Blitz|p1a: Dragapult\n|-resisted|p1a: Dragapult|1\n|-damage|p1a: Dragapult|20/100\n|-damage|p2a: Flareon|17/100 par|[from] Recoil\n|\n|upkeep\n|turn|5\n|\n|t:|1776142735\n|move|p1a: Dragapult|Hex|p2a: Flareon\n|-damage|p2a: Flareon|0 fnt\n|faint|p2a: Flareon\n|\n|upkeep\n|\n|t:|1776142737\n|switch|p2a: Slowking|Slowking-Galar, L50, M|100/100\n|turn|6\n|\n|t:|1776142758\n|move|p1a: Dragapult|Thunder Wave|p2a: Slowking\n|-status|p2a: Slowking|par\n|move|p2a: Slowking|Sludge Bomb|p1a: Dragapult\n|-resisted|p1a: Dragapult|1\n|-damage|p1a: Dragapult|0 fnt\n|faint|p1a: Dragapult\n|\n|upkeep\n|\n|t:|1776142761\n|switch|p1a: Lycanroc|Lycanroc-Dusk, L50, M|100/100\n|turn|7\n|\n|t:|1776142763\n|move|p1a: Lycanroc|Swords Dance|p1a: Lycanroc\n|-boost|p1a: Lycanroc|atk|2\n|move|p2a: Slowking|Future Sight|p1a: Lycanroc\n|-start|p2a: Slowking|move: Future Sight\n|\n|upkeep\n|turn|8\n|\n|t:|1776142768\n|switch|p2a: Skarmory|Skarmory, L50, M|100/100\n|move|p1a: Lycanroc|Stone Edge|p2a: Skarmory|[miss]\n|-miss|p1a: Lycanroc|p2a: Skarmory\n|\n|upkeep\n|turn|9\n|\n|t:|1776142773\n|move|p1a: Lycanroc|Stone Edge|p2a: Skarmory\n|-damage|p2a: Skarmory|0 fnt\n|faint|p2a: Skarmory\n|\n|-end|p1a: Lycanroc|move: Future Sight\n|-damage|p1a: Lycanroc|0 fnt\n|faint|p1a: Lycanroc\n|upkeep\n|\n|t:|1776142778\n|switch|p1a: Meganium|Meganium, L50, F|100/100\n|switch|p2a: Slowking|Slowking-Galar, L50, M|100/100 par\n|turn|10\n|\n|t:|1776142780\n|move|p1a: Meganium|Earth Power|p2a: Slowking\n|-supereffective|p2a: Slowking|1\n|-damage|p2a: Slowking|55/100 par\n|move|p2a: Slowking|Sludge Bomb|p1a: Meganium\n|-supereffective|p1a: Meganium|1\n|-damage|p1a: Meganium|17/100\n|-status|p1a: Meganium|psn\n|\n|-damage|p1a: Meganium|5/100 psn|[from] psn\n|upkeep\n|turn|11\n|\n|t:|1776142783\n|detailschange|p1a: Meganium|Meganium-Mega, L50, F\n|-mega|p1a: Meganium|Meganium|Meganiumite\n|move|p1a: Meganium|Earth Power|p2a: Slowking\n|-supereffective|p2a: Slowking|1\n|-crit|p2a: Slowking\n|-damage|p2a: Slowking|0 fnt\n|faint|p2a: Slowking\n|\n|win|mathismathin\n|raw|mathismathin's rating: 1103 &rarr; <strong>1132</strong><br />(+29 for winning)\n|raw|Monica Blanche's rating: 1159 &rarr; <strong>1130</strong><br />(-29 for losing)\n",
  "uploadtime": 1776142786,
  "views": 2,
  "formatid": "gen9championsbssregma",
  "rating": 1130,
  "private": 0,
  "password": null
}