{
  "id": "gen9championsbssregma-2588653453",
  "format": "[Gen 9 Champions] BSS Reg M-A",
  "players": [
    "sca1031",
    "dddddddddddddsd"
  ],
  "log": "|j|\u2606sca1031\n|j|\u2606dddddddddddddsd\n|t:|1776654141\n|gametype|singles\n|player|p1|sca1031|170|1185\n|player|p2|dddddddddddddsd|170|1074\n|gen|9\n|tier|[Gen 9 Champions] BSS Reg M-A\n|rated|\n|rule|Species Clause: Limit one of each Pok\u00e9mon\n|rule|Item Clause: Limit 1 of each item\n|clearpoke\n|poke|p1|Gyarados, L50, F|\n|poke|p1|Hippowdon, L50, F|\n|poke|p1|Clefable, L50, M|\n|poke|p1|Aegislash, L50, M|\n|poke|p1|Archaludon, L50, M|\n|poke|p1|Kingambit, L50, F|\n|poke|p2|Charizard, L50, F|\n|poke|p2|Primarina, L50, M|\n|poke|p2|Tyranitar, L50, M|\n|poke|p2|Emolga, L50, M|\n|poke|p2|Basculegion, L50, M|\n|poke|p2|Corviknight, L50, F|\n|teampreview|3\n|inactive|Battle timer is ON: inactive players will automatically lose when time's up. (requested by sca1031)\n|\n|t:|1776654195\n|teamsize|p1|3\n|teamsize|p2|3\n|start\n|switch|p1a: Clefable|Clefable, L50, M|100/100\n|switch|p2a: Charizard|Charizard, L50, F|100/100\n|turn|1\n|\n|t:|1776654205\n|detailschange|p2a: Charizard|Charizard-Mega-X, L50, F\n|-mega|p2a: Charizard|Charizard|Charizardite X\n|detailschange|p1a: Clefable|Clefable-Mega, L50, M\n|-mega|p1a: Clefable|Clefable|Clefablite\n|move|p2a: Charizard|Flare Blitz|p1a: Clefable\n|-damage|p1a: Clefable|54/100\n|-damage|p2a: Charizard|84/100|[from] Recoil\n|move|p1a: Clefable|Calm Mind|p1a: Clefable\n|-boost|p1a: Clefable|spa|1\n|-boost|p1a: Clefable|spd|1\n|\n|upkeep\n|turn|2\n|\n|t:|1776654217\n|move|p2a: Charizard|Rock Tomb|p1a: Clefable\n|-supereffective|p1a: Clefable|1\n|-damage|p1a: Clefable|30/100\n|-unboost|p1a: Clefable|spe|1\n|move|p1a: Clefable|Baton Pass|p1a: Clefable\n|\n|t:|1776654225\n|switch|p1a: Archaludon|Archaludon, L50, M|100/100|[from] Baton Pass\n|\n|upkeep\n|turn|3\n|\n|t:|1776654235\n|move|p2a: Charizard|Will-O-Wisp|p1a: Archaludon\n|-status|p1a: Archaludon|brn\n|move|p1a: Archaludon|Draco Meteor|p2a: Charizard\n|-supereffective|p2a: Charizard|1\n|-damage|p2a: Charizard|0 fnt\n|-unboost|p1a: Archaludon|spa|2\n|faint|p2a: Charizard\n|\n|-damage|p1a: Archaludon|94/100 brn|[from] brn\n|upkeep\n|\n|t:|1776654240\n|switch|p2a: Primarina|Primarina, L50, M|100/100\n|turn|4\n|\n|t:|1776654248\n|move|p2a: Primarina|Calm Mind|p2a: Primarina\n|-boost|p2a: Primarina|spa|1\n|-boost|p2a: Primarina|spd|1\n|move|p1a: Archaludon|Thunderbolt|p2a: Primarina\n|-supereffective|p2a: Primarina|1\n|-damage|p2a: Primarina|79/100\n|\n|-heal|p2a: Primarina|85/100|[from] item: Leftovers\n|-heal|p1a: Archaludon|100/100 brn|[from] item: Leftovers\n|-damage|p1a: Archaludon|94/100 brn|[from] brn\n|upkeep\n|turn|5\n|\n|t:|1776654260\n|switch|p1a: Kingambit|Kingambit, L50, F|100/100\n|move|p2a: Primarina|Misty Terrain|p2a: Primarina\n|-fieldstart|move: Misty Terrain\n|\n|-heal|p2a: Primarina|91/100|[from] item: Leftovers\n|upkeep\n|turn|6\n|\n|t:|1776654272\n|move|p2a: Primarina|Moonblast|p1a: Kingambit\n|-damage|p1a: Kingambit|31/100\n|move|p1a: Kingambit|Iron Head|p2a: Primarina\n|-damage|p2a: Primarina|35/100\n|\n|-heal|p2a: Primarina|41/100|[from] item: Leftovers\n|upkeep\n|turn|7\n|\n|t:|1776654283\n|move|p1a: Kingambit|Sucker Punch|p2a: Primarina\n|-resisted|p2a: Primarina|1\n|-damage|p2a: Primarina|17/100\n|move|p2a: Primarina|Moonblast|p1a: Kingambit\n|-damage|p1a: Kingambit|0 fnt\n|faint|p1a: Kingambit\n|-end|p1a: Kingambit|fallenundefined|[silent]\n|\n|-heal|p2a: Primarina|22/100|[from] item: Leftovers\n|upkeep\n|-message|sca1031 forfeited.\n|\n|win|dddddddddddddsd\n|raw|sca1031's rating: 1185 &rarr; <strong>1152</strong><br />(-33 for losing)\n|raw|dddddddddddddsd's rating: 1074 &rarr; <strong>1112</strong><br />(+38 for winning)\n|l|\u2606sca1031\n|player|p1|\n",
  "uploadtime": 1776654295,
  "views": 0,
  "formatid": "gen9championsbssregma",
  "rating": 1112,
  "private": 0,
  "password": null
}