{
  "id": "gen9championsbssregma-2584841990",
  "format": "[Gen 9 Champions] BSS Reg M-A",
  "players": [
    "drafeon",
    "Mobileishard"
  ],
  "log": "|j|\u2606drafeon\n|j|\u2606Mobileishard\n|t:|1776287882\n|gametype|singles\n|player|p1|drafeon|elesa|1312\n|player|p2|Mobileishard|1|1352\n|gen|9\n|tier|[Gen 9 Champions] BSS Reg M-A\n|rated|\n|rule|Species Clause: Limit one of each Pok\u00e9mon\n|rule|Item Clause: Limit 1 of each item\n|clearpoke\n|poke|p1|Beedrill, L50, F|\n|poke|p1|Kingambit, L50, F|\n|poke|p1|Conkeldurr, L50, M|\n|poke|p1|Chandelure, L50, M|\n|poke|p1|Meowstic-F, L50, F|\n|poke|p1|Vanilluxe, L50, M|\n|poke|p2|Azumarill, L50, M|\n|poke|p2|Blastoise, L50, F|\n|poke|p2|Ditto, L50|\n|poke|p2|Reuniclus, L50, F|\n|poke|p2|Dragapult, L50, F|\n|poke|p2|Kleavor, L50, M|\n|teampreview|3\n|inactive|Battle timer is ON: inactive players will automatically lose when time's up. (requested by drafeon)\n|l|\u2606drafeon\n|inactive|drafeon disconnected and has a minute to reconnect!\n|player|p1|\n|j| huhyuhyuhyuh\n|j|\u2606drafeon\n|inactive|drafeon reconnected and has 80 seconds left.\n|player|p1|drafeon|elesa|\n|inactive|drafeon has 60 seconds left.\n|inactive|Mobileishard has 60 seconds left.\n|j| p74\n|\n|t:|1776287937\n|teamsize|p1|3\n|teamsize|p2|3\n|start\n|switch|p1a: Beedrill|Beedrill, L50, F|100/100\n|switch|p2a: Kleavor|Kleavor, L50, M|100/100\n|turn|1\n|\n|t:|1776287940\n|detailschange|p1a: Beedrill|Beedrill-Mega, L50, F\n|-mega|p1a: Beedrill|Beedrill|Beedrillite\n|move|p1a: Beedrill|U-turn|p2a: Kleavor\n|-damage|p2a: Kleavor|33/100\n|\n|t:|1776287942\n|switch|p1a: Conkeldurr|Conkeldurr, L50, M|100/100|[from] U-turn\n|move|p2a: Kleavor|Stone Axe|p1a: Conkeldurr\n|-resisted|p1a: Conkeldurr|1\n|-damage|p1a: Conkeldurr|76/100\n|-sidestart|p1: drafeon|move: Stealth Rock\n|\n|upkeep\n|turn|2\n|\n|t:|1776287949\n|move|p1a: Conkeldurr|Mach Punch|p2a: Kleavor\n|-damage|p2a: Kleavor|0 fnt\n|faint|p2a: Kleavor\n|\n|upkeep\n|\n|t:|1776287952\n|switch|p2a: Blastoise|Blastoise, L50, F|100/100\n|turn|3\n|\n|t:|1776287955\n|detailschange|p2a: Blastoise|Blastoise-Mega, L50, F\n|-mega|p2a: Blastoise|Blastoise|Blastoisinite\n|-singleturn|p1a: Conkeldurr|move: Focus Punch\n|move|p2a: Blastoise|Water Pulse|p1a: Conkeldurr\n|-damage|p1a: Conkeldurr|13/100\n|cant|p1a: Conkeldurr|Focus Punch|Focus Punch\n|\n|upkeep\n|turn|4\n|\n|t:|1776287962\n|move|p2a: Blastoise|Water Pulse|p1a: Conkeldurr\n|-damage|p1a: Conkeldurr|0 fnt\n|faint|p1a: Conkeldurr\n|\n|upkeep\n|\n|t:|1776287963\n|switch|p1a: Beedrill|Beedrill-Mega, L50, F|100/100\n|-damage|p1a: Beedrill|75/100|[from] Stealth Rock\n|turn|5\n|\n|t:|1776287968\n|move|p1a: Beedrill|U-turn|p2a: Blastoise\n|-damage|p2a: Blastoise|49/100\n|\n|t:|1776287969\n|switch|p1a: Chandelure|Chandelure, L50, M|100/100|[from] U-turn\n|-damage|p1a: Chandelure|76/100|[from] Stealth Rock\n|move|p2a: Blastoise|Water Pulse|p1a: Chandelure\n|-supereffective|p1a: Chandelure|1\n|-damage|p1a: Chandelure|0 fnt\n|faint|p1a: Chandelure\n|\n|upkeep\n|\n|t:|1776287970\n|switch|p1a: Beedrill|Beedrill-Mega, L50, F|75/100\n|-damage|p1a: Beedrill|50/100|[from] Stealth Rock\n|turn|6\n|\n|t:|1776287976\n|move|p1a: Beedrill|Poison Jab|p2a: Blastoise\n|-damage|p2a: Blastoise|0 fnt\n|faint|p2a: Blastoise\n|\n|upkeep\n|\n|t:|1776287979\n|switch|p2a: Ditto|Ditto, L50|100/100\n|-transform|p2a: Ditto|p1a: Beedrill|[from] ability: Imposter\n|turn|7\n|\n|t:|1776287985\n|move|p2a: Ditto|Drill Run|p1a: Beedrill\n|-damage|p1a: Beedrill|0 fnt\n|faint|p1a: Beedrill\n|\n|win|Mobileishard\n|raw|drafeon's rating: 1312 &rarr; <strong>1294</strong><br />(-18 for losing)\n|raw|Mobileishard's rating: 1352 &rarr; <strong>1370</strong><br />(+18 for winning)\n|l|\u2606drafeon\n|player|p1|\n|c|\u2606Mobileishard|Gg\n|l|\u2606Mobileishard\n|player|p2|\n",
  "uploadtime": 1776288180,
  "views": 6,
  "formatid": "gen9championsbssregma",
  "rating": 1294,
  "private": 0,
  "password": null
}