{
  "id": "gen9championsbssregma-2586915066",
  "format": "[Gen 9 Champions] BSS Reg M-A",
  "players": [
    "pirouo",
    "blip exists"
  ],
  "log": "|j|\u2606pirouo\n|j|\u2606blip exists\n|t:|1776471387\n|gametype|singles\n|player|p1|pirouo|169|1238\n|player|p2|blip exists|colress|1294\n|gen|9\n|tier|[Gen 9 Champions] BSS Reg M-A\n|rated|\n|rule|Species Clause: Limit one of each Pok\u00e9mon\n|rule|Item Clause: Limit 1 of each item\n|clearpoke\n|poke|p1|Clefable, L50, M|\n|poke|p1|Polteageist, L50|\n|poke|p1|Toxapex, L50, M|\n|poke|p1|Skeledirge, L50, F|\n|poke|p1|Hydrapple, L50, M|\n|poke|p1|Rotom-Wash, L50|\n|poke|p2|Espathra, L50, F|\n|poke|p2|Clefable, L50, F|\n|poke|p2|Vaporeon, L50, F|\n|poke|p2|Skeledirge, L50, F|\n|poke|p2|Dragonite, L50, M|\n|poke|p2|Lucario, L50, F|\n|teampreview|3\n|\n|t:|1776471405\n|teamsize|p1|3\n|teamsize|p2|3\n|start\n|switch|p1a: Polteageist|Polteageist, L50, shiny|100/100\n|switch|p2a: Espathra|Espathra, L50, F|100/100\n|turn|1\n|inactive|Battle timer is ON: inactive players will automatically lose when time's up. (requested by blip exists)\n|\n|t:|1776471413\n|move|p2a: Espathra|Calm Mind|p2a: Espathra\n|-boost|p2a: Espathra|spa|1\n|-boost|p2a: Espathra|spd|1\n|move|p1a: Polteageist|Shell Smash|p1a: Polteageist\n|-unboost|p1a: Polteageist|def|1\n|-unboost|p1a: Polteageist|spd|1\n|-boost|p1a: Polteageist|atk|2\n|-boost|p1a: Polteageist|spa|2\n|-boost|p1a: Polteageist|spe|2\n|-enditem|p1a: Polteageist|White Herb\n|-clearnegativeboost|p1a: Polteageist|[silent]\n|\n|-ability|p2a: Espathra|Speed Boost|boost\n|-boost|p2a: Espathra|spe|1\n|upkeep\n|turn|2\n|\n|t:|1776471435\n|move|p2a: Espathra|Protect|p2a: Espathra\n|-singleturn|p2a: Espathra|Protect\n|move|p1a: Polteageist|Baton Pass|p1a: Polteageist\n|\n|t:|1776471439\n|switch|p1a: Clefable|Clefable, L50, M, shiny|100/100|[from] Baton Pass\n|\n|-ability|p2a: Espathra|Speed Boost|boost\n|-boost|p2a: Espathra|spe|1\n|upkeep\n|turn|3\n|\n|t:|1776471445\n|move|p2a: Espathra|Calm Mind|p2a: Espathra\n|-boost|p2a: Espathra|spa|1\n|-boost|p2a: Espathra|spd|1\n|move|p1a: Clefable|Cosmic Power|p1a: Clefable\n|-boost|p1a: Clefable|def|1\n|-boost|p1a: Clefable|spd|1\n|\n|-ability|p2a: Espathra|Speed Boost|boost\n|-boost|p2a: Espathra|spe|1\n|upkeep\n|turn|4\n|\n|t:|1776471454\n|move|p2a: Espathra|Baton Pass|p2a: Espathra\n|\n|t:|1776471456\n|switch|p2a: Skeledirge|Skeledirge, L50, F|100/100|[from] Baton Pass\n|move|p1a: Clefable|Cosmic Power|p1a: Clefable\n|-boost|p1a: Clefable|def|1\n|-boost|p1a: Clefable|spd|1\n|\n|upkeep\n|turn|5\n|\n|t:|1776471469\n|move|p2a: Skeledirge|Will-O-Wisp|p1a: Clefable\n|-status|p1a: Clefable|brn\n|move|p1a: Clefable|Cosmic Power|p1a: Clefable\n|-boost|p1a: Clefable|def|1\n|-boost|p1a: Clefable|spd|1\n|\n|-damage|p1a: Clefable|95/100 brn|[from] brn\n|upkeep\n|turn|6\n|\n|t:|1776471486\n|move|p2a: Skeledirge|Torch Song|p1a: Clefable\n|-damage|p1a: Clefable|75/100 brn\n|-boost|p2a: Skeledirge|spa|1\n|move|p1a: Clefable|Cosmic Power|p1a: Clefable\n|-boost|p1a: Clefable|def|1\n|-boost|p1a: Clefable|spd|1\n|\n|-damage|p1a: Clefable|69/100 brn|[from] brn\n|upkeep\n|turn|7\n|\n|t:|1776471494\n|move|p2a: Skeledirge|Torch Song|p1a: Clefable\n|-damage|p1a: Clefable|49/100 brn\n|-boost|p2a: Skeledirge|spa|1\n|move|p1a: Clefable|Cosmic Power|p1a: Clefable\n|-boost|p1a: Clefable|def|1\n|-boost|p1a: Clefable|spd|1\n|\n|-damage|p1a: Clefable|43/100 brn|[from] brn\n|upkeep\n|turn|8\n|\n|t:|1776471500\n|move|p2a: Skeledirge|Torch Song|p1a: Clefable\n|-damage|p1a: Clefable|23/100 brn\n|-boost|p2a: Skeledirge|spa|1\n|move|p1a: Clefable|Moonlight|p1a: Clefable\n|-heal|p1a: Clefable|73/100 brn\n|\n|-damage|p1a: Clefable|67/100 brn|[from] brn\n|upkeep\n|turn|9\n|\n|t:|1776471511\n|move|p2a: Skeledirge|Torch Song|p1a: Clefable\n|-damage|p1a: Clefable|46/100 brn\n|-boost|p2a: Skeledirge|spa|1\n|move|p1a: Clefable|Cosmic Power|p1a: Clefable\n|-boost|p1a: Clefable|def|1\n|-boost|p1a: Clefable|spd|1\n|\n|-damage|p1a: Clefable|40/100 brn|[from] brn\n|upkeep\n|turn|10\n|\n|t:|1776471515\n|move|p2a: Skeledirge|Shadow Ball|p1a: Clefable\n|-damage|p1a: Clefable|20/100 brn\n|-unboost|p1a: Clefable|spd|1\n|move|p1a: Clefable|Moonlight|p1a: Clefable\n|-heal|p1a: Clefable|70/100 brn\n|\n|-damage|p1a: Clefable|64/100 brn|[from] brn\n|upkeep\n|turn|11\n|\n|t:|1776471518\n|move|p2a: Skeledirge|Shadow Ball|p1a: Clefable\n|-damage|p1a: Clefable|42/100 brn\n|move|p1a: Clefable|Moonlight|p1a: Clefable\n|-heal|p1a: Clefable|92/100 brn\n|\n|-damage|p1a: Clefable|86/100 brn|[from] brn\n|upkeep\n|turn|12\n|\n|t:|1776471523\n|move|p2a: Skeledirge|Shadow Ball|p1a: Clefable\n|-damage|p1a: Clefable|67/100 brn\n|move|p1a: Clefable|Stored Power|p2a: Skeledirge\n|-damage|p2a: Skeledirge|43/100\n|\n|-damage|p1a: Clefable|61/100 brn|[from] brn\n|upkeep\n|turn|13\n|\n|t:|1776471529\n|move|p2a: Skeledirge|Slack Off|p2a: Skeledirge\n|-heal|p2a: Skeledirge|93/100\n|move|p1a: Clefable|Moonlight|p1a: Clefable\n|-heal|p1a: Clefable|100/100 brn\n|\n|-damage|p1a: Clefable|95/100 brn|[from] brn\n|upkeep\n|turn|14\n|-activate|p2a: Skeledirge|item: Quick Claw\n|\n|t:|1776471531\n|move|p2a: Skeledirge|Shadow Ball|p1a: Clefable\n|-damage|p1a: Clefable|72/100 brn\n|-unboost|p1a: Clefable|spd|1\n|move|p1a: Clefable|Stored Power|p2a: Skeledirge\n|-damage|p2a: Skeledirge|38/100\n|\n|-damage|p1a: Clefable|66/100 brn|[from] brn\n|upkeep\n|turn|15\n|-activate|p2a: Skeledirge|item: Quick Claw\n|\n|t:|1776471539\n|move|p2a: Skeledirge|Slack Off|p2a: Skeledirge\n|-heal|p2a: Skeledirge|89/100\n|move|p1a: Clefable|Stored Power|p2a: Skeledirge\n|-damage|p2a: Skeledirge|34/100\n|\n|-damage|p1a: Clefable|60/100 brn|[from] brn\n|upkeep\n|turn|16\n|-activate|p2a: Skeledirge|item: Quick Claw\n|\n|t:|1776471545\n|move|p2a: Skeledirge|Slack Off|p2a: Skeledirge\n|-heal|p2a: Skeledirge|84/100\n|move|p1a: Clefable|Stored Power|p2a: Skeledirge\n|-damage|p2a: Skeledirge|32/100\n|\n|-damage|p1a: Clefable|54/100 brn|[from] brn\n|upkeep\n|turn|17\n|\n|t:|1776471552\n|move|p2a: Skeledirge|Slack Off|p2a: Skeledirge\n|-heal|p2a: Skeledirge|82/100\n|move|p1a: Clefable|Moonlight|p1a: Clefable\n|-heal|p1a: Clefable|100/100 brn\n|\n|-damage|p1a: Clefable|95/100 brn|[from] brn\n|upkeep\n|turn|18\n|\n|t:|1776471556\n|move|p2a: Skeledirge|Shadow Ball|p1a: Clefable\n|-damage|p1a: Clefable|74/100 brn\n|move|p1a: Clefable|Cosmic Power|p1a: Clefable\n|-boost|p1a: Clefable|def|0\n|-boost|p1a: Clefable|spd|1\n|\n|-damage|p1a: Clefable|68/100 brn|[from] brn\n|upkeep\n|turn|19\n|\n|t:|1776471565\n|move|p2a: Skeledirge|Shadow Ball|p1a: Clefable\n|-damage|p1a: Clefable|49/100 brn\n|move|p1a: Clefable|Cosmic Power|p1a: Clefable\n|-boost|p1a: Clefable|def|0\n|-boost|p1a: Clefable|spd|1\n|\n|-damage|p1a: Clefable|43/100 brn|[from] brn\n|upkeep\n|turn|20\n|-activate|p2a: Skeledirge|item: Quick Claw\n|\n|t:|1776471568\n|move|p2a: Skeledirge|Shadow Ball|p1a: Clefable\n|-damage|p1a: Clefable|22/100 brn\n|move|p1a: Clefable|Moonlight|p1a: Clefable\n|-heal|p1a: Clefable|72/100 brn\n|\n|-damage|p1a: Clefable|66/100 brn|[from] brn\n|upkeep\n|turn|21\n|\n|t:|1776471571\n|move|p2a: Skeledirge|Shadow Ball|p1a: Clefable\n|-damage|p1a: Clefable|45/100 brn\n|move|p1a: Clefable|Moonlight|p1a: Clefable\n|-heal|p1a: Clefable|95/100 brn\n|\n|-damage|p1a: Clefable|89/100 brn|[from] brn\n|upkeep\n|turn|22\n|\n|t:|1776471575\n|move|p2a: Skeledirge|Shadow Ball|p1a: Clefable\n|-damage|p1a: Clefable|68/100 brn\n|move|p1a: Clefable|Stored Power|p2a: Skeledirge\n|-damage|p2a: Skeledirge|20/100\n|\n|-damage|p1a: Clefable|62/100 brn|[from] brn\n|upkeep\n|turn|23\n|-activate|p2a: Skeledirge|item: Quick Claw\n|\n|t:|1776471578\n|move|p2a: Skeledirge|Slack Off|p2a: Skeledirge\n|-heal|p2a: Skeledirge|70/100\n|move|p1a: Clefable|Stored Power|p2a: Skeledirge\n|-damage|p2a: Skeledirge|12/100\n|\n|-damage|p1a: Clefable|56/100 brn|[from] brn\n|upkeep\n|turn|24\n|-activate|p2a: Skeledirge|item: Quick Claw\n|\n|t:|1776471588\n|move|p2a: Skeledirge|Slack Off|p2a: Skeledirge\n|-heal|p2a: Skeledirge|62/100\n|move|p1a: Clefable|Moonlight|p1a: Clefable\n|-heal|p1a: Clefable|100/100 brn\n|\n|-damage|p1a: Clefable|95/100 brn|[from] brn\n|upkeep\n|turn|25\n|\n|t:|1776471592\n|move|p2a: Skeledirge|Slack Off|p2a: Skeledirge\n|-heal|p2a: Skeledirge|100/100\n|move|p1a: Clefable|Stored Power|p2a: Skeledirge\n|-damage|p2a: Skeledirge|42/100\n|\n|-damage|p1a: Clefable|89/100 brn|[from] brn\n|upkeep\n|turn|26\n|\n|t:|1776471600\n|move|p2a: Skeledirge|Slack Off|p2a: Skeledirge\n|-heal|p2a: Skeledirge|92/100\n|move|p1a: Clefable|Stored Power|p2a: Skeledirge\n|-damage|p2a: Skeledirge|27/100\n|\n|-damage|p1a: Clefable|83/100 brn|[from] brn\n|upkeep\n|turn|27\n|\n|t:|1776471602\n|move|p2a: Skeledirge|Shadow Ball|p1a: Clefable\n|-damage|p1a: Clefable|61/100 brn\n|move|p1a: Clefable|Stored Power|p2a: Skeledirge\n|-damage|p2a: Skeledirge|0 fnt\n|faint|p2a: Skeledirge\n|\n|-damage|p1a: Clefable|55/100 brn|[from] brn\n|upkeep\n|\n|t:|1776471607\n|switch|p2a: Espathra|Espathra, L50, F|100/100\n|turn|28\n|\n|t:|1776471617\n|move|p2a: Espathra|Protect|p2a: Espathra\n|-singleturn|p2a: Espathra|Protect\n|move|p1a: Clefable|Draining Kiss|p2a: Espathra\n|-activate|p2a: Espathra|move: Protect\n|\n|-damage|p1a: Clefable|50/100 brn|[from] brn\n|-ability|p2a: Espathra|Speed Boost|boost\n|-boost|p2a: Espathra|spe|1\n|upkeep\n|turn|29\n|\n|t:|1776471624\n|switch|p2a: Clefable|Clefable, L50, F|100/100\n|move|p1a: Clefable|Draining Kiss|p2a: Clefable\n|-damage|p2a: Clefable|84/100\n|-heal|p1a: Clefable|62/100 brn|[from] drain|[of] p2a: Clefable\n|\n|-damage|p1a: Clefable|56/100 brn|[from] brn\n|upkeep\n|turn|30\n|\n|t:|1776471632\n|move|p1a: Clefable|Stored Power|p2a: Clefable\n|-damage|p2a: Clefable|9/100\n|move|p2a: Clefable|Moonlight|p2a: Clefable\n|-heal|p2a: Clefable|59/100\n|\n|-damage|p1a: Clefable|50/100 brn|[from] brn\n|upkeep\n|turn|31\n|\n|t:|1776471639\n|move|p1a: Clefable|Stored Power|p2a: Clefable\n|-damage|p2a: Clefable|0 fnt\n|faint|p2a: Clefable\n|\n|-damage|p1a: Clefable|44/100 brn|[from] brn\n|upkeep\n|\n|t:|1776471641\n|switch|p2a: Espathra|Espathra, L50, F|100/100\n|turn|32\n|\n|t:|1776471647\n|detailschange|p1a: Clefable|Clefable-Mega, L50, M, shiny\n|-mega|p1a: Clefable|Clefable|Clefablite\n|move|p1a: Clefable|Draining Kiss|p2a: Espathra\n|-crit|p2a: Espathra\n|-damage|p2a: Espathra|17/100\n|-heal|p1a: Clefable|100/100 brn|[from] drain|[of] p2a: Espathra\n|move|p2a: Espathra|Calm Mind|p2a: Espathra\n|-boost|p2a: Espathra|spa|1\n|-boost|p2a: Espathra|spd|1\n|\n|-heal|p2a: Espathra|23/100|[from] item: Leftovers\n|-damage|p1a: Clefable|95/100 brn|[from] brn\n|-ability|p2a: Espathra|Speed Boost|boost\n|-boost|p2a: Espathra|spe|1\n|upkeep\n|turn|33\n|j| p74\n|\n|t:|1776471652\n|move|p2a: Espathra|Protect|p2a: Espathra\n|-singleturn|p2a: Espathra|Protect\n|move|p1a: Clefable|Draining Kiss|p2a: Espathra\n|-activate|p2a: Espathra|move: Protect\n|\n|-heal|p2a: Espathra|29/100|[from] item: Leftovers\n|-damage|p1a: Clefable|89/100 brn|[from] brn\n|-ability|p2a: Espathra|Speed Boost|boost\n|-boost|p2a: Espathra|spe|1\n|upkeep\n|turn|34\n|\n|t:|1776471655\n|move|p2a: Espathra|Stored Power|p1a: Clefable\n|-damage|p1a: Clefable|81/100 brn\n|move|p1a: Clefable|Draining Kiss|p2a: Espathra\n|-damage|p2a: Espathra|0 fnt\n|-heal|p1a: Clefable|100/100 brn|[from] drain|[of] p2a: Espathra\n|faint|p2a: Espathra\n|\n|win|pirouo\n|raw|pirouo's rating: 1238 &rarr; <strong>1267</strong><br />(+29 for winning)\n|raw|blip exists's rating: 1294 &rarr; <strong>1265</strong><br />(-29 for losing)\n|l|\u2606blip exists\n|player|p2|\n|l|\u2606pirouo\n|player|p1|\n|j| xuxu lele\n",
  "uploadtime": 1776472338,
  "views": 3,
  "formatid": "gen9championsbssregma",
  "rating": 1265,
  "private": 0,
  "password": null
}