{
  "id": "gen9championsbssregma-2584322444",
  "format": "[Gen 9 Champions] BSS Reg M-A",
  "players": [
    "tukitiko",
    "wounddia"
  ],
  "log": "|j|\u2606tukitiko\n|j|\u2606wounddia\n|t:|1776251123\n|gametype|singles\n|player|p1|tukitiko|aquasuit|1347\n|player|p2|wounddia|elesa|1455\n|gen|9\n|tier|[Gen 9 Champions] BSS Reg M-A\n|rated|\n|rule|Species Clause: Limit one of each Pok\u00e9mon\n|rule|Item Clause: Limit 1 of each item\n|clearpoke\n|poke|p1|Lucario, L50, M|\n|poke|p1|Skeledirge, L50, M|\n|poke|p1|Zoroark, L50, M|\n|poke|p1|Decidueye-Hisui, L50, M|\n|poke|p1|Feraligatr, L50, M|\n|poke|p1|Diggersby, L50, M|\n|poke|p2|Charizard, L50, F|\n|poke|p2|Garchomp, L50, F|\n|poke|p2|Glimmora, L50, M|\n|poke|p2|Corviknight, L50, M|\n|poke|p2|Sneasler, L50, M|\n|poke|p2|Meowscarada, L50, F|\n|teampreview|3\n|inactive|Battle timer is ON: inactive players will automatically lose when time's up. (requested by wounddia)\n|\n|t:|1776251166\n|teamsize|p1|3\n|teamsize|p2|3\n|start\n|switch|p1a: Wolframio|Lucario, L50, M|100/100\n|switch|p2a: Sneasler|Sneasler, L50, M|100/100\n|turn|1\n|\n|t:|1776251171\n|switch|p1a: Skere|Skeledirge, L50, M|100/100\n|move|p2a: Sneasler|Close Combat|p1a: Skere\n|-immune|p1a: Skere\n|\n|upkeep\n|turn|2\n|\n|t:|1776251179\n|switch|p2a: Glimmora|Glimmora, L50, M|100/100\n|move|p1a: Skere|Torch Song|p2a: Glimmora\n|-resisted|p2a: Glimmora|1\n|-damage|p2a: Glimmora|80/100\n|-boost|p1a: Skere|spa|1\n|\n|upkeep\n|turn|3\n|\n|t:|1776251186\n|switch|p1a: Wolframio|Lucario, L50, M|100/100\n|detailschange|p2a: Glimmora|Glimmora-Mega, L50, M\n|-mega|p2a: Glimmora|Glimmora|Glimmoranite\n|move|p2a: Glimmora|Earth Power|p1a: Wolframio\n|-supereffective|p1a: Wolframio|1\n|-damage|p1a: Wolframio|0 fnt\n|faint|p1a: Wolframio\n|\n|upkeep\n|\n|t:|1776251191\n|switch|p1a: Skere|Skeledirge, L50, M|100/100\n|turn|4\n|\n|t:|1776251194\n|move|p1a: Skere|Nasty Plot|p1a: Skere\n|-boost|p1a: Skere|spa|2\n|move|p2a: Glimmora|Power Gem|p1a: Skere\n|-enditem|p1a: Skere|Focus Sash\n|-damage|p1a: Skere|1/100\n|replace|p1a: Zruo|Zoroark, L50, M\n|-end|p1a: Zruo|Illusion\n|\n|upkeep\n|turn|5\n|\n|t:|1776251199\n|switch|p2a: Sneasler|Sneasler, L50, M|100/100\n|move|p1a: Zruo|Night Daze|p2a: Sneasler\n|-resisted|p2a: Sneasler|1\n|-damage|p2a: Sneasler|44/100\n|-unboost|p2a: Sneasler|accuracy|1\n|-enditem|p2a: Sneasler|White Herb\n|-clearnegativeboost|p2a: Sneasler|[silent]\n|\n|upkeep\n|turn|6\n|j| p74\n|\n|t:|1776251208\n|move|p2a: Sneasler|Dire Claw|p1a: Zruo\n|-damage|p1a: Zruo|0 fnt\n|faint|p1a: Zruo\n|\n|upkeep\n|\n|t:|1776251210\n|switch|p1a: Skere|Skeledirge, L50, M|100/100\n|turn|7\n|\n|t:|1776251221\n|move|p2a: Sneasler|Taunt|p1a: Skere\n|-start|p1a: Skere|move: Taunt\n|move|p1a: Skere|Hex|p2a: Sneasler\n|-damage|p2a: Sneasler|13/100\n|\n|upkeep\n|turn|8\n|inactive|tukitiko has 30 seconds left.\n|inactive|tukitiko has 20 seconds left.\n|inactive|tukitiko has 15 seconds left.\n|inactive|tukitiko has 10 seconds left.\n|inactive|tukitiko has 5 seconds left.\n|\n|t:|1776251276\n|move|p2a: Sneasler|Lash Out|p1a: Skere\n|-supereffective|p1a: Skere|1\n|-damage|p1a: Skere|55/100\n|move|p1a: Skere|Torch Song|p2a: Sneasler\n|-damage|p2a: Sneasler|0 fnt\n|-boost|p1a: Skere|spa|1\n|faint|p2a: Sneasler\n|\n|-heal|p1a: Skere|61/100|[from] item: Leftovers\n|upkeep\n|\n|t:|1776251280\n|switch|p2a: Glimmora|Glimmora-Mega, L50, M|80/100\n|turn|9\n|inactive|tukitiko has 30 seconds left.\n|inactive|tukitiko has 20 seconds left.\n|inactive|tukitiko has 15 seconds left.\n|inactive|tukitiko has 10 seconds left.\n|inactive|tukitiko has 5 seconds left.\n|\n|t:|1776251335\n|move|p2a: Glimmora|Power Gem|p1a: Skere\n|-supereffective|p1a: Skere|1\n|-damage|p1a: Skere|0 fnt\n|faint|p1a: Skere\n|\n|win|wounddia\n|raw|tukitiko's rating: 1347 &rarr; <strong>1333</strong><br />(-14 for losing)\n|raw|wounddia's rating: 1455 &rarr; <strong>1469</strong><br />(+14 for winning)\n|l|\u2606tukitiko\n|player|p1|\n",
  "uploadtime": 1776251373,
  "views": 4,
  "formatid": "gen9championsbssregma",
  "rating": 1333,
  "private": 0,
  "password": null
}