{
  "id": "gen9championsbssregma-2587132488",
  "format": "[Gen 9 Champions] BSS Reg M-A",
  "players": [
    "cork0909",
    "joguri"
  ],
  "log": "|j|\u2606cork0909\n|j|\u2606joguri\n|t:|1776498077\n|gametype|singles\n|player|p1|cork0909|2|1094\n|player|p2|joguri|dawn|1039\n|gen|9\n|tier|[Gen 9 Champions] BSS Reg M-A\n|rated|\n|rule|Species Clause: Limit one of each Pok\u00e9mon\n|rule|Item Clause: Limit 1 of each item\n|clearpoke\n|poke|p1|Lucario, L50, M|\n|poke|p1|Starmie, L50|\n|poke|p1|Snorlax, L50, F|\n|poke|p1|Rotom-Wash, L50|\n|poke|p1|Sneasler, L50, F|\n|poke|p1|Skeledirge, L50, F|\n|poke|p2|Clefable, L50, F|\n|poke|p2|Garchomp, L50, M|\n|poke|p2|Glimmora, L50, M|\n|poke|p2|Lopunny, L50, M|\n|poke|p2|Primarina, L50, M|\n|poke|p2|Corviknight, L50, F|\n|teampreview|3\n|inactive|Battle timer is ON: inactive players will automatically lose when time's up. (requested by joguri)\n|\n|t:|1776498107\n|teamsize|p1|3\n|teamsize|p2|3\n|start\n|switch|p1a: Lucario|Lucario, L50, M|100/100\n|switch|p2a: Lopunny|Lopunny, L50, M|100/100\n|turn|1\n|\n|t:|1776498117\n|switch|p1a: Rotom|Rotom-Wash, L50|100/100\n|move|p2a: Lopunny|Cotton Guard|p2a: Lopunny\n|-boost|p2a: Lopunny|def|3\n|\n|upkeep\n|turn|2\n|\n|t:|1776498124\n|move|p1a: Rotom|Hydro Pump|p2a: Lopunny\n|-crit|p2a: Lopunny\n|-damage|p2a: Lopunny|19/100\n|move|p2a: Lopunny|Agility|p2a: Lopunny\n|-boost|p2a: Lopunny|spe|2\n|\n|upkeep\n|turn|3\n|\n|t:|1776498132\n|move|p2a: Lopunny|Baton Pass|p2a: Lopunny\n|\n|t:|1776498134\n|switch|p2a: Clefable|Clefable, L50, F|100/100|[from] Baton Pass\n|move|p1a: Rotom|Hydro Pump|p2a: Clefable\n|-damage|p2a: Clefable|50/100\n|\n|upkeep\n|turn|4\n|\n|t:|1776498148\n|detailschange|p2a: Clefable|Clefable-Mega, L50, F\n|-mega|p2a: Clefable|Clefable|Clefablite\n|move|p1a: Rotom|Hydro Pump|p2a: Clefable\n|-damage|p2a: Clefable|6/100\n|move|p2a: Clefable|Calm Mind|p2a: Clefable\n|-boost|p2a: Clefable|spa|1\n|-boost|p2a: Clefable|spd|1\n|\n|upkeep\n|turn|5\n|\n|t:|1776498157\n|move|p1a: Rotom|Hydro Pump|p2a: Clefable|[miss]\n|-miss|p1a: Rotom|p2a: Clefable\n|move|p2a: Clefable|Moonlight|p2a: Clefable\n|-heal|p2a: Clefable|56/100\n|\n|upkeep\n|turn|6\n|\n|t:|1776498164\n|move|p1a: Rotom|Hydro Pump|p2a: Clefable\n|-damage|p2a: Clefable|24/100\n|move|p2a: Clefable|Moonlight|p2a: Clefable\n|-heal|p2a: Clefable|74/100\n|\n|upkeep\n|turn|7\n|\n|t:|1776498172\n|switch|p1a: Lucario|Lucario, L50, M|100/100\n|move|p2a: Clefable|Moonlight|p2a: Clefable\n|-heal|p2a: Clefable|100/100\n|\n|upkeep\n|turn|8\n|\n|t:|1776498189\n|switch|p1a: Skeledirge|Skeledirge, L50, F|100/100\n|move|p2a: Clefable|Stored Power|p1a: Skeledirge\n|-crit|p1a: Skeledirge\n|-damage|p1a: Skeledirge|42/100\n|\n|-heal|p1a: Skeledirge|48/100|[from] item: Leftovers\n|upkeep\n|turn|9\n|\n|t:|1776498199\n|move|p2a: Clefable|Stored Power|p1a: Skeledirge\n|-damage|p1a: Skeledirge|4/100\n|move|p1a: Skeledirge|Yawn|p2a: Clefable\n|move|p2a: Clefable|Yawn|p1a: Skeledirge|[from] ability: Magic Bounce\n|-start|p1a: Skeledirge|move: Yawn|[of] p2a: Clefable\n|\n|-heal|p1a: Skeledirge|10/100|[from] item: Leftovers\n|upkeep\n|turn|10\n|\n|t:|1776498211\n|move|p2a: Clefable|Calm Mind|p2a: Clefable\n|-boost|p2a: Clefable|spa|1\n|-boost|p2a: Clefable|spd|1\n|move|p1a: Skeledirge|Torch Song|p2a: Clefable\n|-damage|p2a: Clefable|71/100\n|-boost|p1a: Skeledirge|spa|1\n|\n|-heal|p1a: Skeledirge|16/100|[from] item: Leftovers\n|-end|p1a: Skeledirge|move: Yawn|[silent]\n|-status|p1a: Skeledirge|slp\n|upkeep\n|turn|11\n|\n|t:|1776498222\n|move|p2a: Clefable|Calm Mind|p2a: Clefable\n|-boost|p2a: Clefable|spa|1\n|-boost|p2a: Clefable|spd|1\n|cant|p1a: Skeledirge|slp\n|\n|-heal|p1a: Skeledirge|22/100 slp|[from] item: Leftovers\n|upkeep\n|turn|12\n|-message|cork0909 forfeited.\n|\n|win|joguri\n|raw|cork0909's rating: 1094 &rarr; <strong>1066</strong><br />(-28 for losing)\n|raw|joguri's rating: 1039 &rarr; <strong>1079</strong><br />(+40 for winning)\n|l|\u2606cork0909\n|player|p1|\n",
  "uploadtime": 1776498229,
  "views": 2,
  "formatid": "gen9championsbssregma",
  "rating": 1066,
  "private": 0,
  "password": null
}