{
  "id": "gen9championsbssregma-2583550566",
  "format": "[Gen 9 Champions] BSS Reg M-A",
  "players": [
    "MiraidonGaming",
    "redsoxalex3459"
  ],
  "log": "|j|\u2606MiraidonGaming\n|j|\u2606redsoxalex3459\n|t:|1776182737\n|gametype|singles\n|player|p1|MiraidonGaming|lucas|1253\n|player|p2|redsoxalex3459|hilbert|1236\n|gen|9\n|tier|[Gen 9 Champions] BSS Reg M-A\n|rated|\n|rule|Species Clause: Limit one of each Pok\u00e9mon\n|rule|Item Clause: Limit 1 of each item\n|clearpoke\n|poke|p1|Ninetales-Alola, L50, F|\n|poke|p1|Charizard, L50, M|\n|poke|p1|Scizor, L50, M|\n|poke|p1|Sinistcha, L50|\n|poke|p1|Rotom-Wash, L50|\n|poke|p1|Salazzle, L50, F|\n|poke|p2|Lucario, L50, F|\n|poke|p2|Sylveon, L50, M|\n|poke|p2|Garchomp, L50, F|\n|poke|p2|Araquanid, L50, M|\n|poke|p2|Meowscarada, L50, F|\n|poke|p2|Delphox, L50, M|\n|teampreview|3\n|\n|t:|1776182758\n|teamsize|p1|3\n|teamsize|p2|3\n|start\n|switch|p1a: Put a brick in|Rotom-Wash, L50|100/100\n|switch|p2a: Garchomp|Garchomp, L50, F|100/100\n|turn|1\n|\n|t:|1776182771\n|switch|p2a: Sylveon|Sylveon, L50, M|100/100\n|move|p1a: Put a brick in|Hydro Pump|p2a: Sylveon\n|-damage|p2a: Sylveon|63/100\n|\n|-heal|p2a: Sylveon|70/100|[from] item: Leftovers\n|upkeep\n|turn|2\n|\n|t:|1776182776\n|move|p1a: Put a brick in|Hydro Pump|p2a: Sylveon\n|-damage|p2a: Sylveon|36/100\n|move|p2a: Sylveon|Wish|p2a: Sylveon\n|\n|-heal|p2a: Sylveon|42/100|[from] item: Leftovers\n|upkeep\n|turn|3\n|\n|t:|1776182780\n|move|p1a: Put a brick in|Hydro Pump|p2a: Sylveon|[miss]\n|-miss|p1a: Put a brick in|p2a: Sylveon\n|move|p2a: Sylveon|Hyper Voice|p1a: Put a brick in\n|-damage|p1a: Put a brick in|37/100\n|\n|-heal|p2a: Sylveon|91/100|[from] move: Wish|[wisher] Sylveon\n|-heal|p2a: Sylveon|97/100|[from] item: Leftovers\n|upkeep\n|turn|4\n|\n|t:|1776182783\n|move|p1a: Put a brick in|Hydro Pump|p2a: Sylveon\n|-damage|p2a: Sylveon|59/100\n|move|p2a: Sylveon|Wish|p2a: Sylveon\n|\n|-heal|p2a: Sylveon|65/100|[from] item: Leftovers\n|upkeep\n|turn|5\n|\n|t:|1776182788\n|switch|p1a: Bruce|Charizard, L50, M|100/100\n|move|p2a: Sylveon|Hyper Voice|p1a: Bruce\n|-resisted|p1a: Bruce|1\n|-damage|p1a: Bruce|80/100\n|\n|-heal|p2a: Sylveon|100/100|[from] move: Wish|[wisher] Sylveon\n|upkeep\n|turn|6\n|\n|t:|1776182793\n|move|p1a: Bruce|Dragon Dance|p1a: Bruce\n|-boost|p1a: Bruce|atk|1\n|-boost|p1a: Bruce|spe|1\n|move|p2a: Sylveon|Mystical Fire|p1a: Bruce\n|-resisted|p1a: Bruce|1\n|-damage|p1a: Bruce|70/100\n|-unboost|p1a: Bruce|spa|1\n|\n|upkeep\n|turn|7\n|\n|t:|1776182803\n|move|p1a: Bruce|Dragon Dance|p1a: Bruce\n|-boost|p1a: Bruce|atk|1\n|-boost|p1a: Bruce|spe|1\n|move|p2a: Sylveon|Hyper Voice|p1a: Bruce\n|-resisted|p1a: Bruce|1\n|-damage|p1a: Bruce|49/100\n|\n|upkeep\n|turn|8\n|\n|t:|1776182808\n|move|p1a: Bruce|Roost|p1a: Bruce\n|-heal|p1a: Bruce|99/100\n|-singleturn|p1a: Bruce|move: Roost\n|move|p2a: Sylveon|Hyper Voice|p1a: Bruce\n|-resisted|p1a: Bruce|1\n|-damage|p1a: Bruce|78/100\n|\n|upkeep\n|turn|9\n|\n|t:|1776182810\n|move|p1a: Bruce|Dragon Dance|p1a: Bruce\n|-boost|p1a: Bruce|atk|1\n|-boost|p1a: Bruce|spe|1\n|move|p2a: Sylveon|Hyper Voice|p1a: Bruce\n|-resisted|p1a: Bruce|1\n|-damage|p1a: Bruce|54/100\n|\n|upkeep\n|turn|10\n|\n|t:|1776182813\n|switch|p2a: Garchomp|Garchomp, L50, F|100/100\n|move|p1a: Bruce|Dragon Dance|p1a: Bruce\n|-boost|p1a: Bruce|atk|1\n|-boost|p1a: Bruce|spe|1\n|\n|upkeep\n|turn|11\n|\n|t:|1776182829\n|move|p1a: Bruce|Breaking Swipe|p2a: Garchomp\n|-supereffective|p2a: Garchomp|1\n|-damage|p2a: Garchomp|31/100\n|-unboost|p2a: Garchomp|atk|1\n|-damage|p1a: Bruce|42/100|[from] ability: Rough Skin|[of] p2a: Garchomp\n|move|p2a: Garchomp|Earthquake|p1a: Bruce\n|-immune|p1a: Bruce\n|\n|upkeep\n|turn|12\n|\n|t:|1776182838\n|move|p1a: Bruce|Breaking Swipe|p2a: Garchomp\n|-supereffective|p2a: Garchomp|1\n|-damage|p2a: Garchomp|0 fnt\n|-damage|p1a: Bruce|29/100|[from] ability: Rough Skin|[of] p2a: Garchomp\n|faint|p2a: Garchomp\n|\n|upkeep\n|\n|t:|1776182849\n|switch|p2a: Lucario|Lucario, L50, F|100/100\n|turn|13\n|\n|t:|1776182885\n|detailschange|p2a: Lucario|Lucario-Mega, L50, F\n|-mega|p2a: Lucario|Lucario|Lucarionite\n|move|p2a: Lucario|Bullet Punch|p1a: Bruce\n|-resisted|p1a: Bruce|1\n|-damage|p1a: Bruce|10/100\n|move|p1a: Bruce|Roost|p1a: Bruce\n|-heal|p1a: Bruce|60/100\n|-singleturn|p1a: Bruce|move: Roost\n|\n|upkeep\n|turn|14\n|\n|t:|1776182899\n|detailschange|p1a: Bruce|Charizard-Mega-X, L50, M\n|-mega|p1a: Bruce|Charizard|Charizardite X\n|move|p1a: Bruce|Flare Blitz|p2a: Lucario\n|-supereffective|p2a: Lucario|1\n|-damage|p2a: Lucario|0 fnt\n|faint|p2a: Lucario\n|-damage|p1a: Bruce|34/100|[from] Recoil\n|\n|upkeep\n|-message|redsoxalex3459 forfeited.\n|\n|win|MiraidonGaming\n|raw|MiraidonGaming's rating: 1253 &rarr; <strong>1277</strong><br />(+24 for winning)\n|raw|redsoxalex3459's rating: 1236 &rarr; <strong>1212</strong><br />(-24 for losing)\n|l|\u2606redsoxalex3459\n|player|p2|\n",
  "uploadtime": 1776182908,
  "views": 7,
  "formatid": "gen9championsbssregma",
  "rating": 1212,
  "private": 0,
  "password": null
}