{
  "id": "gen9championsbssregma-2581486810",
  "format": "[Gen 9 Champions] BSS Reg M-A",
  "players": [
    "Shaking Chicken",
    "harap"
  ],
  "log": "|j|\u2606Shaking Chicken\n|j|\u2606harap\n|t:|1776004975\n|gametype|singles\n|player|p1|Shaking Chicken|elio|1334\n|player|p2|harap|1|1388\n|gen|9\n|tier|[Gen 9 Champions] BSS Reg M-A\n|rated|\n|rule|Species Clause: Limit one of each Pok\u00e9mon\n|rule|Item Clause: Limit 1 of each item\n|clearpoke\n|poke|p1|Corviknight, L50, M|\n|poke|p1|Weavile, L50, F|\n|poke|p1|Meganium, L50, F|\n|poke|p1|Garchomp, L50, M|\n|poke|p1|Bellibolt, L50, M|\n|poke|p1|Basculegion, L50, M|\n|poke|p2|Tyranitar, L50, M|\n|poke|p2|Skarmory, L50, M|\n|poke|p2|Meganium, L50, M|\n|poke|p2|Feraligatr, L50, M|\n|poke|p2|Slowking-Galar, L50, M|\n|poke|p2|Forretress, L50, M|\n|teampreview|3\n|inactive|Battle timer is ON: inactive players will automatically lose when time's up. (requested by Shaking Chicken)\n|inactive|Shaking Chicken has 60 seconds left.\n|inactive|harap has 60 seconds left.\n|inactive|Shaking Chicken has 30 seconds left.\n|inactive|Shaking Chicken has 20 seconds left.\n|inactive|Shaking Chicken has 15 seconds left.\n|inactive|Shaking Chicken has 10 seconds left.\n|\n|t:|1776005063\n|teamsize|p1|3\n|teamsize|p2|3\n|start\n|switch|p1a: Weavile|Weavile, L50, F|100/100\n|switch|p2a: Feraligatr|Feraligatr, L50, M|100/100\n|-ability|p1a: Weavile|Pressure\n|turn|1\n|\n|t:|1776005077\n|switch|p1a: Bellibolt|Bellibolt, L50, M|100/100\n|move|p2a: Feraligatr|Flip Turn|p1a: Bellibolt\n|-damage|p1a: Bellibolt|78/100\n|-start|p1a: Bellibolt|Charge|Flip Turn|[from] ability: Electromorphosis\n|\n|t:|1776005084\n|switch|p2a: Meganium|Meganium, L50, M|100/100|[from] Flip Turn\n|\n|upkeep\n|turn|2\n|\n|t:|1776005092\n|detailschange|p2a: Meganium|Meganium-Mega, L50, M\n|-mega|p2a: Meganium|Meganium|Meganiumite\n|move|p2a: Meganium|Solar Beam||[still]\n|-prepare|p2a: Meganium|Solar Beam\n|-activate|p2a: Meganium|ability: Mega Sol\n|-anim|p2a: Meganium|Solar Beam|p1a: Bellibolt\n|-damage|p1a: Bellibolt|31/100\n|-start|p1a: Bellibolt|Charge|Solar Beam|[from] ability: Electromorphosis\n|-enditem|p1a: Bellibolt|Sitrus Berry|[eat]\n|-heal|p1a: Bellibolt|56/100|[from] item: Sitrus Berry\n|move|p1a: Bellibolt|Toxic|p2a: Meganium\n|-status|p2a: Meganium|tox\n|\n|-damage|p2a: Meganium|95/100 tox|[from] psn\n|upkeep\n|turn|3\n|\n|t:|1776005110\n|move|p2a: Meganium|Solar Beam||[still]\n|-prepare|p2a: Meganium|Solar Beam\n|-activate|p2a: Meganium|ability: Mega Sol\n|-anim|p2a: Meganium|Solar Beam|p1a: Bellibolt\n|-damage|p1a: Bellibolt|7/100\n|-start|p1a: Bellibolt|Charge|Solar Beam|[from] ability: Electromorphosis\n|move|p1a: Bellibolt|Slack Off|p1a: Bellibolt\n|-heal|p1a: Bellibolt|57/100\n|\n|-damage|p2a: Meganium|83/100 tox|[from] psn\n|upkeep\n|turn|4\n|\n|t:|1776005131\n|switch|p2a: Feraligatr|Feraligatr, L50, M|100/100\n|move|p1a: Bellibolt|Slack Off|p1a: Bellibolt\n|-heal|p1a: Bellibolt|100/100\n|\n|upkeep\n|turn|5\n|\n|t:|1776005143\n|move|p2a: Feraligatr|Liquidation|p1a: Bellibolt\n|-damage|p1a: Bellibolt|56/100\n|-start|p1a: Bellibolt|Charge|Liquidation|[from] ability: Electromorphosis\n|move|p1a: Bellibolt|Parabolic Charge|p2a: Feraligatr\n|-supereffective|p2a: Feraligatr|1\n|-damage|p2a: Feraligatr|0 fnt\n|-heal|p1a: Bellibolt|94/100|[from] drain|[of] p2a: Feraligatr\n|faint|p2a: Feraligatr\n|-end|p1a: Bellibolt|Charge|[silent]\n|\n|upkeep\n|\n|t:|1776005155\n|switch|p2a: Skarmory|Skarmory, L50, M|100/100\n|turn|6\n|\n|t:|1776005164\n|move|p2a: Skarmory|Swords Dance|p2a: Skarmory\n|-boost|p2a: Skarmory|atk|2\n|move|p1a: Bellibolt|Charge Beam|p2a: Skarmory\n|-supereffective|p2a: Skarmory|1\n|-damage|p2a: Skarmory|47/100\n|-boost|p1a: Bellibolt|spa|1\n|\n|upkeep\n|turn|7\n|\n|t:|1776005172\n|move|p2a: Skarmory|Drill Run|p1a: Bellibolt|[miss]\n|-miss|p2a: Skarmory|p1a: Bellibolt\n|move|p1a: Bellibolt|Parabolic Charge|p2a: Skarmory\n|-supereffective|p2a: Skarmory|1\n|-damage|p2a: Skarmory|0 fnt\n|-heal|p1a: Bellibolt|100/100|[from] drain|[of] p2a: Skarmory\n|faint|p2a: Skarmory\n|\n|upkeep\n|-message|harap forfeited.\n|\n|win|Shaking Chicken\n|raw|Shaking Chicken's rating: 1334 &rarr; <strong>1357</strong><br />(+23 for winning)\n|raw|harap's rating: 1388 &rarr; <strong>1365</strong><br />(-23 for losing)\n|l|\u2606harap\n|player|p2|\n",
  "uploadtime": 1776005180,
  "views": 55,
  "formatid": "gen9championsbssregma",
  "rating": 1357,
  "private": 0,
  "password": null
}