{
  "id": "gen9championsbssregma-2583100845",
  "format": "[Gen 9 Champions] BSS Reg M-A",
  "players": [
    "mathismathin",
    "lczsbl"
  ],
  "log": "|j|\u2606mathismathin\n|j|\u203dlczsbl\n|t:|1776142064\n|gametype|singles\n|player|p1|mathismathin|bugsy-masters|1108\n|player|p2|lczsbl|roxanne|1142\n|gen|9\n|tier|[Gen 9 Champions] BSS Reg M-A\n|rated|\n|rule|Species Clause: Limit one of each Pok\u00e9mon\n|rule|Item Clause: Limit 1 of each item\n|clearpoke\n|poke|p1|Aegislash, L50, F|\n|poke|p1|Meganium, L50, M|\n|poke|p1|Sneasler, L50, F|\n|poke|p1|Dragapult, L50, F|\n|poke|p1|Lycanroc-Dusk, L50, F|\n|poke|p1|Tyranitar, L50, M|\n|poke|p2|Archaludon, L50, F|\n|poke|p2|Espathra, L50, F|\n|poke|p2|Glimmora, L50, F|\n|poke|p2|Corviknight, L50, F|\n|poke|p2|Skeledirge, L50, F|\n|poke|p2|Clefable, L50, F|\n|teampreview|3\n|\n|t:|1776142123\n|teamsize|p1|3\n|teamsize|p2|3\n|start\n|switch|p1a: Aegislash|Aegislash, L50, F|100/100\n|switch|p2a: Espathra|Espathra, L50, F|100/100\n|turn|1\n|\n|t:|1776142135\n|move|p2a: Espathra|Calm Mind|p2a: Espathra\n|-boost|p2a: Espathra|spa|1\n|-boost|p2a: Espathra|spd|1\n|move|p1a: Aegislash|Swords Dance|p1a: Aegislash\n|-boost|p1a: Aegislash|atk|2\n|\n|-ability|p2a: Espathra|Speed Boost|boost\n|-boost|p2a: Espathra|spe|1\n|upkeep\n|turn|2\n|\n|t:|1776142142\n|move|p2a: Espathra|Baton Pass|p2a: Espathra\n|\n|t:|1776142144\n|switch|p2a: Clefable|Clefable, L50, F|100/100|[from] Baton Pass\n|move|p1a: Aegislash|Swords Dance|p1a: Aegislash\n|-boost|p1a: Aegislash|atk|2\n|\n|upkeep\n|turn|3\n|\n|t:|1776142150\n|move|p2a: Clefable|Cosmic Power|p2a: Clefable\n|-boost|p2a: Clefable|def|1\n|-boost|p2a: Clefable|spd|1\n|-formechange|p1a: Aegislash|Aegislash-Blade|\n|move|p1a: Aegislash|Poltergeist|p2a: Clefable\n|-activate|p2a: Clefable|move: Poltergeist|Clefablite\n|-damage|p2a: Clefable|54/100\n|\n|upkeep\n|turn|4\n|\n|t:|1776142165\n|move|p2a: Clefable|Moonlight|p2a: Clefable\n|-heal|p2a: Clefable|100/100\n|move|p1a: Aegislash|Poltergeist|p2a: Clefable\n|-activate|p2a: Clefable|move: Poltergeist|Clefablite\n|-damage|p2a: Clefable|57/100\n|\n|upkeep\n|turn|5\n|\n|t:|1776142172\n|switch|p1a: Dragapult|Dragapult, L50, F|100/100\n|move|p2a: Clefable|Draining Kiss|p1a: Dragapult\n|-supereffective|p1a: Dragapult|1\n|-damage|p1a: Dragapult|31/100\n|-heal|p2a: Clefable|99/100|[from] drain|[of] p1a: Dragapult\n|\n|upkeep\n|turn|6\n|\n|t:|1776142187\n|move|p1a: Dragapult|Thunder Wave|p2a: Clefable\n|-status|p2a: Clefable|par\n|move|p2a: Clefable|Cosmic Power|p2a: Clefable\n|-boost|p2a: Clefable|def|1\n|-boost|p2a: Clefable|spd|1\n|\n|upkeep\n|turn|7\n|\n|t:|1776142200\n|move|p1a: Dragapult|Hex|p2a: Clefable\n|-damage|p2a: Clefable|79/100 par\n|move|p2a: Clefable|Cosmic Power|p2a: Clefable\n|-boost|p2a: Clefable|def|1\n|-boost|p2a: Clefable|spd|1\n|\n|upkeep\n|turn|8\n|\n|t:|1776142207\n|move|p1a: Dragapult|Hex|p2a: Clefable\n|-damage|p2a: Clefable|60/100 par\n|move|p2a: Clefable|Cosmic Power|p2a: Clefable\n|-boost|p2a: Clefable|def|1\n|-boost|p2a: Clefable|spd|1\n|\n|upkeep\n|turn|9\n|\n|t:|1776142214\n|move|p1a: Dragapult|Hex|p2a: Clefable\n|-damage|p2a: Clefable|43/100 par\n|move|p2a: Clefable|Draining Kiss|p1a: Dragapult\n|-supereffective|p1a: Dragapult|1\n|-crit|p1a: Dragapult\n|-damage|p1a: Dragapult|0 fnt\n|-heal|p2a: Clefable|61/100 par|[from] drain|[of] p1a: Dragapult\n|faint|p1a: Dragapult\n|\n|upkeep\n|\n|t:|1776142218\n|switch|p1a: Lycanroc|Lycanroc-Dusk, L50, F|100/100\n|turn|10\n|\n|t:|1776142234\n|move|p1a: Lycanroc|Stone Edge|p2a: Clefable\n|-damage|p2a: Clefable|44/100 par\n|move|p2a: Clefable|Draining Kiss|p1a: Lycanroc\n|-crit|p1a: Lycanroc\n|-damage|p1a: Lycanroc|40/100\n|-heal|p2a: Clefable|77/100 par|[from] drain|[of] p1a: Lycanroc\n|\n|upkeep\n|turn|11\n|\n|t:|1776142253\n|move|p1a: Lycanroc|Stone Edge|p2a: Clefable\n|-damage|p2a: Clefable|59/100 par\n|move|p2a: Clefable|Draining Kiss|p1a: Lycanroc\n|-damage|p1a: Lycanroc|0 fnt\n|-heal|p2a: Clefable|81/100 par|[from] drain|[of] p1a: Lycanroc\n|faint|p1a: Lycanroc\n|\n|upkeep\n|\n|t:|1776142255\n|switch|p1a: Aegislash|Aegislash, L50, F|100/100\n|turn|12\n|\n|t:|1776142265\n|move|p1a: Aegislash|Swords Dance|p1a: Aegislash\n|-boost|p1a: Aegislash|atk|2\n|move|p2a: Clefable|Stored Power|p1a: Aegislash\n|-resisted|p1a: Aegislash|1\n|-damage|p1a: Aegislash|69/100\n|\n|upkeep\n|turn|13\n|\n|t:|1776142280\n|-formechange|p1a: Aegislash|Aegislash-Blade|\n|move|p1a: Aegislash|Poltergeist|p2a: Clefable\n|-activate|p2a: Clefable|move: Poltergeist|Clefablite\n|-damage|p2a: Clefable|58/100 par\n|move|p2a: Clefable|Stored Power|p1a: Aegislash\n|-resisted|p1a: Aegislash|1\n|-damage|p1a: Aegislash|0 fnt\n|faint|p1a: Aegislash\n|\n|win|lczsbl\n|raw|mathismathin's rating: 1089 &rarr; <strong>1069</strong><br />(-20 for losing)\n|raw|lczsbl's rating: 1142 &rarr; <strong>1163</strong><br />(+21 for winning)\n|l|\u203dlczsbl\n|player|p2|\n",
  "uploadtime": 1776142591,
  "views": 6,
  "formatid": "gen9championsbssregma",
  "rating": 1069,
  "private": 0,
  "password": null
}