{
  "id": "gen9championsbssregma-2584880687",
  "format": "[Gen 9 Champions] BSS Reg M-A",
  "players": [
    "alswnsjsid",
    "AC180"
  ],
  "log": "|j|\u2606alswnsjsid\n|j|\u2606AC180\n|t:|1776291097\n|gametype|singles\n|player|p1|alswnsjsid|caitlin|1169\n|player|p2|AC180|169|1203\n|gen|9\n|tier|[Gen 9 Champions] BSS Reg M-A\n|rated|\n|rule|Species Clause: Limit one of each Pok\u00e9mon\n|rule|Item Clause: Limit 1 of each item\n|clearpoke\n|poke|p1|Kangaskhan, L50, F|\n|poke|p1|Hippowdon, L50, M|\n|poke|p1|Primarina, L50, F|\n|poke|p1|Archaludon, L50, M|\n|poke|p1|Volcarona, L50, F|\n|poke|p1|Basculegion, L50, M|\n|poke|p2|Garchomp, L50, F|\n|poke|p2|Umbreon, L50, F|\n|poke|p2|Gengar, L50, F|\n|poke|p2|Archaludon, L50, F|\n|poke|p2|Primarina, L50, F|\n|poke|p2|Scizor, L50, F|\n|teampreview|3\n|j| p74\n|inactive|Battle timer is ON: inactive players will automatically lose when time's up. (requested by AC180)\n|\n|t:|1776291119\n|teamsize|p1|3\n|teamsize|p2|3\n|start\n|switch|p1a: Kangaskhan|Kangaskhan, L50, F, shiny|100/100\n|switch|p2a: Archaludon|Archaludon, L50, F|100/100\n|turn|1\n|\n|t:|1776291128\n|move|p1a: Kangaskhan|Fake Out|p2a: Archaludon\n|-resisted|p2a: Archaludon|1\n|-damage|p2a: Archaludon|94/100\n|-ability|p2a: Archaludon|Stamina|boost\n|-boost|p2a: Archaludon|def|1\n|cant|p2a: Archaludon|flinch\n|\n|upkeep\n|turn|2\n|\n|t:|1776291139\n|switch|p1a: Volcarona|Volcarona, L50, F, shiny|100/100\n|move|p2a: Archaludon|Stealth Rock|p1a: Volcarona\n|-sidestart|p1: alswnsjsid|move: Stealth Rock\n|\n|upkeep\n|turn|3\n|\n|t:|1776291149\n|move|p1a: Volcarona|Substitute|p1a: Volcarona\n|-start|p1a: Volcarona|Substitute\n|-damage|p1a: Volcarona|76/100\n|move|p2a: Archaludon|Dragon Tail|p1a: Volcarona\n|-activate|p1a: Volcarona|move: Substitute|[damage]\n|\n|upkeep\n|turn|4\n|\n|t:|1776291156\n|move|p1a: Volcarona|Quiver Dance|p1a: Volcarona\n|-boost|p1a: Volcarona|spa|1\n|-boost|p1a: Volcarona|spd|1\n|-boost|p1a: Volcarona|spe|1\n|move|p2a: Archaludon|Dragon Tail|p1a: Volcarona\n|-end|p1a: Volcarona|Substitute\n|\n|upkeep\n|turn|5\n|\n|t:|1776291174\n|move|p1a: Volcarona|Fiery Dance|p2a: Archaludon\n|-damage|p2a: Archaludon|11/100\n|-boost|p1a: Volcarona|spa|1\n|-ability|p2a: Archaludon|Stamina|boost\n|-boost|p2a: Archaludon|def|1\n|-enditem|p2a: Archaludon|Sitrus Berry|[eat]\n|-heal|p2a: Archaludon|36/100|[from] item: Sitrus Berry\n|move|p2a: Archaludon|Draco Meteor|p1a: Volcarona\n|-damage|p1a: Volcarona|38/100\n|-unboost|p2a: Archaludon|spa|2\n|\n|upkeep\n|turn|6\n|\n|t:|1776291190\n|move|p1a: Volcarona|Fiery Dance|p2a: Archaludon\n|-damage|p2a: Archaludon|0 fnt\n|faint|p2a: Archaludon\n|\n|upkeep\n|\n|t:|1776291194\n|switch|p2a: Gengar|Gengar, L50, F|100/100\n|turn|7\n|\n|t:|1776291206\n|detailschange|p2a: Gengar|Gengar-Mega, L50, F\n|-mega|p2a: Gengar|Gengar|Gengarite\n|move|p1a: Volcarona|Fiery Dance|p2a: Gengar\n|-damage|p2a: Gengar|0 fnt\n|faint|p2a: Gengar\n|\n|upkeep\n|-message|AC180 forfeited.\n|\n|win|alswnsjsid\n|raw|alswnsjsid's rating: 1169 &rarr; <strong>1196</strong><br />(+27 for winning)\n|raw|AC180's rating: 1203 &rarr; <strong>1176</strong><br />(-27 for losing)\n|l|\u2606AC180\n|player|p2|\n|l|\u2606alswnsjsid\n|player|p1|\n",
  "uploadtime": 1776291329,
  "views": 5,
  "formatid": "gen9championsbssregma",
  "rating": 1176,
  "private": 0,
  "password": null
}