{
  "id": "gen9championsbssregma-2588118575",
  "format": "[Gen 9 Champions] BSS Reg M-A",
  "players": [
    "yukd-\u30eb\u30a2\u30c9",
    "shine_otaku"
  ],
  "log": "|j|\u2606yukd-\u30eb\u30a2\u30c9\n|j|\u2606shine_otaku\n|t:|1776606275\n|gametype|singles\n|player|p1|yukd-\u30eb\u30a2\u30c9|lyra|1220\n|player|p2|shine_otaku|266|1049\n|gen|9\n|tier|[Gen 9 Champions] BSS Reg M-A\n|rated|\n|rule|Species Clause: Limit one of each Pok\u00e9mon\n|rule|Item Clause: Limit 1 of each item\n|clearpoke\n|poke|p1|Lopunny, L50, F|\n|poke|p1|Skeledirge, L50, F|\n|poke|p1|Floette-Eternal, L50, F|\n|poke|p1|Glimmora, L50, M|\n|poke|p1|Milotic, L50, F|\n|poke|p1|Kingambit, L50, F|\n|poke|p2|Golurk, L50, shiny|\n|poke|p2|Araquanid, L50, M, shiny|\n|poke|p2|Tyranitar, L50, M, shiny|\n|poke|p2|Garchomp, L50, M|\n|poke|p2|Gengar, L50, M, shiny|\n|poke|p2|Corviknight, L50, M, shiny|\n|teampreview|3\n|\n|t:|1776606320\n|teamsize|p1|3\n|teamsize|p2|3\n|start\n|switch|p1a: Skeledirge|Skeledirge, L50, F|100/100\n|switch|p2a: Golurk|Golurk, L50, shiny|100/100\n|turn|1\n|\n|t:|1776606331\n|switch|p2a: Araquanid|Araquanid, L50, M, shiny|100/100\n|move|p1a: Skeledirge|Will-O-Wisp|p2a: Araquanid\n|-immune|p2a: Araquanid|[from] ability: Water Bubble\n|\n|upkeep\n|turn|2\n|\n|t:|1776606343\n|move|p1a: Skeledirge|Yawn|p2a: Araquanid\n|-start|p2a: Araquanid|move: Yawn|[of] p1a: Skeledirge\n|move|p2a: Araquanid|Sticky Web|p1a: Skeledirge\n|-sidestart|p1: yukd-\u30eb\u30a2\u30c9|move: Sticky Web\n|\n|upkeep\n|turn|3\n|\n|t:|1776606352\n|move|p1a: Skeledirge|Will-O-Wisp|p2a: Araquanid|[miss]\n|-miss|p1a: Skeledirge|p2a: Araquanid\n|move|p2a: Araquanid|Surf|p1a: Skeledirge\n|-supereffective|p1a: Skeledirge|1\n|-damage|p1a: Skeledirge|20/100\n|\n|-heal|p1a: Skeledirge|26/100|[from] item: Leftovers\n|-end|p2a: Araquanid|move: Yawn|[silent]\n|-status|p2a: Araquanid|slp\n|upkeep\n|turn|4\n|\n|t:|1776606363\n|move|p1a: Skeledirge|Slack Off|p1a: Skeledirge\n|-heal|p1a: Skeledirge|76/100\n|cant|p2a: Araquanid|slp\n|\n|-heal|p1a: Skeledirge|82/100|[from] item: Leftovers\n|upkeep\n|turn|5\n|\n|t:|1776606371\n|move|p1a: Skeledirge|Torch Song|p2a: Araquanid\n|-damage|p2a: Araquanid|90/100 slp\n|-boost|p1a: Skeledirge|spa|1\n|cant|p2a: Araquanid|slp\n|\n|-heal|p1a: Skeledirge|89/100|[from] item: Leftovers\n|upkeep\n|turn|6\n|\n|t:|1776606383\n|move|p1a: Skeledirge|Torch Song|p2a: Araquanid\n|-damage|p2a: Araquanid|71/100 slp\n|-boost|p1a: Skeledirge|spa|1\n|-curestatus|p2a: Araquanid|slp|[msg]\n|move|p2a: Araquanid|Surf|p1a: Skeledirge\n|-supereffective|p1a: Skeledirge|1\n|-damage|p1a: Skeledirge|12/100\n|\n|-heal|p1a: Skeledirge|18/100|[from] item: Leftovers\n|upkeep\n|turn|7\n|\n|t:|1776606397\n|move|p1a: Skeledirge|Yawn|p2a: Araquanid\n|-start|p2a: Araquanid|move: Yawn|[of] p1a: Skeledirge\n|move|p2a: Araquanid|Surf|p1a: Skeledirge\n|-supereffective|p1a: Skeledirge|1\n|-crit|p1a: Skeledirge\n|-damage|p1a: Skeledirge|0 fnt\n|faint|p1a: Skeledirge\n|\n|upkeep\n|\n|t:|1776606406\n|switch|p1a: Lopunny|Lopunny, L50, F|100/100\n|-activate|p1a: Lopunny|move: Sticky Web\n|-unboost|p1a: Lopunny|spe|1\n|turn|8\n|\n|t:|1776606432\n|switch|p2a: Tyranitar|Tyranitar, L50, M, shiny|100/100\n|-weather|Sandstorm|[from] ability: Sand Stream|[of] p2a: Tyranitar\n|detailschange|p1a: Lopunny|Lopunny-Mega, L50, F\n|-mega|p1a: Lopunny|Lopunny|Lopunnite\n|move|p1a: Lopunny|Swords Dance|p1a: Lopunny\n|-boost|p1a: Lopunny|atk|2\n|\n|-weather|Sandstorm|[upkeep]\n|-damage|p1a: Lopunny|95/100|[from] Sandstorm\n|upkeep\n|turn|9\n|\n|t:|1776606445\n|move|p1a: Lopunny|Drain Punch|p2a: Tyranitar\n|-supereffective|p2a: Tyranitar|2\n|-damage|p2a: Tyranitar|0 fnt\n|-heal|p1a: Lopunny|100/100|[from] drain|[of] p2a: Tyranitar\n|faint|p2a: Tyranitar\n|\n|-weather|Sandstorm|[upkeep]\n|-damage|p1a: Lopunny|95/100|[from] Sandstorm\n|upkeep\n|\n|t:|1776606470\n|switch|p2a: Golurk|Golurk, L50, shiny|100/100\n|turn|10\n|\n|t:|1776606477\n|detailschange|p2a: Golurk|Golurk-Mega, L50, shiny\n|-mega|p2a: Golurk|Golurk|Golurkite\n|move|p2a: Golurk|Drain Punch|p1a: Lopunny\n|-supereffective|p1a: Lopunny|1\n|-damage|p1a: Lopunny|50/100\n|move|p1a: Lopunny|Cotton Guard|p1a: Lopunny\n|-boost|p1a: Lopunny|def|3\n|\n|-weather|Sandstorm|[upkeep]\n|-damage|p1a: Lopunny|45/100|[from] Sandstorm\n|upkeep\n|turn|11\n|\n|t:|1776606498\n|move|p2a: Golurk|Drain Punch|p1a: Lopunny\n|-supereffective|p1a: Lopunny|1\n|-damage|p1a: Lopunny|25/100\n|move|p1a: Lopunny|Drain Punch|p2a: Golurk\n|-damage|p2a: Golurk|29/100\n|-heal|p1a: Lopunny|61/100|[from] drain|[of] p2a: Golurk\n|\n|-weather|Sandstorm|[upkeep]\n|-damage|p1a: Lopunny|55/100|[from] Sandstorm\n|upkeep\n|turn|12\n|\n|t:|1776606510\n|switch|p2a: Araquanid|Araquanid, L50, M, shiny|71/100\n|move|p1a: Lopunny|Drain Punch|p2a: Araquanid\n|-resisted|p2a: Araquanid|1\n|-damage|p2a: Araquanid|31/100\n|-heal|p1a: Lopunny|75/100|[from] drain|[of] p2a: Araquanid\n|-enditem|p2a: Araquanid|Sitrus Berry|[eat]\n|-heal|p2a: Araquanid|56/100|[from] item: Sitrus Berry\n|\n|-weather|none\n|upkeep\n|turn|13\n|\n|t:|1776606523\n|move|p1a: Lopunny|Drain Punch|p2a: Araquanid\n|-resisted|p2a: Araquanid|1\n|-damage|p2a: Araquanid|20/100\n|-heal|p1a: Lopunny|94/100|[from] drain|[of] p2a: Araquanid\n|move|p2a: Araquanid|Surf|p1a: Lopunny\n|-damage|p1a: Lopunny|36/100\n|\n|upkeep\n|turn|14\n|\n|t:|1776606532\n|move|p1a: Lopunny|Drain Punch|p2a: Araquanid\n|-resisted|p2a: Araquanid|1\n|-damage|p2a: Araquanid|0 fnt\n|-heal|p1a: Lopunny|46/100|[from] drain|[of] p2a: Araquanid\n|faint|p2a: Araquanid\n|\n|upkeep\n|\n|t:|1776606538\n|switch|p2a: Golurk|Golurk-Mega, L50, shiny|29/100\n|turn|15\n|\n|t:|1776606547\n|move|p2a: Golurk|Earthquake|p1a: Lopunny\n|-damage|p1a: Lopunny|25/100\n|move|p1a: Lopunny|Drain Punch|p2a: Golurk\n|-damage|p2a: Golurk|0 fnt\n|-heal|p1a: Lopunny|39/100|[from] drain|[of] p2a: Golurk\n|faint|p2a: Golurk\n|\n|win|yukd-\u30eb\u30a2\u30c9\n|raw|yukd-\u30eb\u30a2\u30c9's rating: 1220 &rarr; <strong>1234</strong><br />(+14 for winning)\n|raw|shine_otaku's rating: 1049 &rarr; <strong>1040</strong><br />(-9 for losing)\n",
  "uploadtime": 1776606557,
  "views": 1,
  "formatid": "gen9championsbssregma",
  "rating": 1040,
  "private": 0,
  "password": null
}