{
  "id": "gen9championsbssregma-2583378207",
  "format": "[Gen 9 Champions] BSS Reg M-A",
  "players": [
    "lawofdeath",
    "THUNDERBOY4272"
  ],
  "log": "|j|\u2606lawofdeath\n|j|\u2606THUNDERBOY4272\n|t:|1776171442\n|gametype|singles\n|player|p1|lawofdeath|101|1040\n|player|p2|THUNDERBOY4272|265|1034\n|gen|9\n|tier|[Gen 9 Champions] BSS Reg M-A\n|rated|\n|rule|Species Clause: Limit one of each Pok\u00e9mon\n|rule|Item Clause: Limit 1 of each item\n|clearpoke\n|poke|p1|Corviknight, L50, M|\n|poke|p1|Rotom-Wash, L50|\n|poke|p1|Ceruledge, L50, F|\n|poke|p1|Tyranitar, L50, M|\n|poke|p1|Garchomp, L50, M|\n|poke|p1|Charizard, L50, F|\n|poke|p2|Armarouge, L50, F|\n|poke|p2|Sneasler, L50, F|\n|poke|p2|Archaludon, L50, M|\n|poke|p2|Primarina, L50, M|\n|poke|p2|Dragonite, L50, F|\n|poke|p2|Snorlax, L50, F|\n|teampreview|3\n|inactive|Battle timer is ON: inactive players will automatically lose when time's up. (requested by THUNDERBOY4272)\n|\n|t:|1776171464\n|teamsize|p1|3\n|teamsize|p2|3\n|start\n|switch|p1a: Corviknight|Corviknight, L50, M|100/100\n|switch|p2a: Armarouge|Armarouge, L50, F, shiny|100/100\n|-ability|p1a: Corviknight|Pressure\n|turn|1\n|\n|t:|1776171473\n|switch|p1a: Tyranitar|Tyranitar, L50, M|100/100\n|-weather|Sandstorm|[from] ability: Sand Stream|[of] p1a: Tyranitar\n|move|p2a: Armarouge|Burn Up|p1a: Tyranitar\n|-resisted|p1a: Tyranitar|1\n|-damage|p1a: Tyranitar|78/100\n|-start|p2a: Armarouge|typechange|???/Psychic|[from] move: Burn Up\n|\n|-weather|Sandstorm|[upkeep]\n|-damage|p2a: Armarouge|94/100|[from] Sandstorm\n|upkeep\n|turn|2\n|\n|t:|1776171485\n|switch|p1a: Corviknight|Corviknight, L50, M|100/100\n|-ability|p1a: Corviknight|Pressure\n|move|p2a: Armarouge|Aura Sphere|p1a: Corviknight\n|-crit|p1a: Corviknight\n|-damage|p1a: Corviknight|60/100\n|\n|-weather|Sandstorm|[upkeep]\n|-damage|p2a: Armarouge|88/100|[from] Sandstorm\n|-heal|p1a: Corviknight|66/100|[from] item: Leftovers\n|upkeep\n|turn|3\n|-activate|p2a: Armarouge|item: Quick Claw\n|\n|t:|1776171499\n|move|p2a: Armarouge|Psychic|p1a: Corviknight\n|-resisted|p1a: Corviknight|1\n|-damage|p1a: Corviknight|41/100\n|move|p1a: Corviknight|Roost|p1a: Corviknight\n|-heal|p1a: Corviknight|91/100\n|-singleturn|p1a: Corviknight|move: Roost\n|\n|-weather|Sandstorm|[upkeep]\n|-damage|p2a: Armarouge|82/100|[from] Sandstorm\n|-heal|p1a: Corviknight|97/100|[from] item: Leftovers\n|upkeep\n|turn|4\n|\n|t:|1776171509\n|move|p2a: Armarouge|Psychic|p1a: Corviknight\n|-resisted|p1a: Corviknight|1\n|-damage|p1a: Corviknight|72/100\n|move|p1a: Corviknight|U-turn|p2a: Armarouge\n|-supereffective|p2a: Armarouge|1\n|-damage|p2a: Armarouge|49/100\n|-ability|p2a: Armarouge|Weak Armor|boost\n|-unboost|p2a: Armarouge|def|1\n|-boost|p2a: Armarouge|spe|2\n|\n|t:|1776171523\n|switch|p1a: Tyranitar|Tyranitar, L50, M|78/100|[from] U-turn\n|\n|-weather|Sandstorm|[upkeep]\n|-damage|p2a: Armarouge|42/100|[from] Sandstorm\n|upkeep\n|turn|5\n|\n|t:|1776171533\n|switch|p1a: Corviknight|Corviknight, L50, M|72/100\n|-ability|p1a: Corviknight|Pressure\n|move|p2a: Armarouge|Aura Sphere|p1a: Corviknight\n|-damage|p1a: Corviknight|44/100\n|\n|-weather|none\n|-heal|p1a: Corviknight|50/100|[from] item: Leftovers\n|upkeep\n|turn|6\n|\n|t:|1776171545\n|switch|p2a: Sneasler|Sneasler, L50, F, shiny|100/100\n|move|p1a: Corviknight|Roost|p1a: Corviknight\n|-heal|p1a: Corviknight|99/100\n|-singleturn|p1a: Corviknight|move: Roost\n|\n|-heal|p1a: Corviknight|100/100|[from] item: Leftovers\n|upkeep\n|turn|7\n|\n|t:|1776171557\n|move|p2a: Sneasler|Close Combat|p1a: Corviknight\n|-damage|p1a: Corviknight|62/100\n|-unboost|p2a: Sneasler|def|1\n|-unboost|p2a: Sneasler|spd|1\n|move|p1a: Corviknight|U-turn|p2a: Sneasler\n|-resisted|p2a: Sneasler|2\n|-damage|p2a: Sneasler|92/100\n|\n|t:|1776171563\n|switch|p1a: Garchomp|Garchomp, L50, M|100/100|[from] U-turn\n|\n|upkeep\n|turn|8\n|-message|THUNDERBOY4272 forfeited.\n|\n|win|lawofdeath\n|raw|lawofdeath's rating: 1040 &rarr; <strong>1073</strong><br />(+33 for winning)\n|raw|THUNDERBOY4272's rating: 1034 &rarr; <strong>1019</strong><br />(-15 for losing)\n|l|\u2606lawofdeath\n|player|p1|\n|l|\u2606THUNDERBOY4272\n|player|p2|\n|j|\u2606lawofdeath\n|player|p1|lawofdeath|101|\n",
  "uploadtime": 1776171582,
  "views": 11,
  "formatid": "gen9championsbssregma",
  "rating": 1019,
  "private": 0,
  "password": null
}