{
  "id": "gen9championsbssregma-2588085617",
  "format": "[Gen 9 Champions] BSS Reg M-A",
  "players": [
    "Haze-01",
    "qweralt"
  ],
  "log": "|j|\u2606Haze-01\n|j|\u2606qweralt\n|t:|1776602599\n|gametype|singles\n|player|p1|Haze-01|unknownf|1054\n|player|p2|qweralt|boarder|1121\n|gen|9\n|tier|[Gen 9 Champions] BSS Reg M-A\n|rated|\n|rule|Species Clause: Limit one of each Pok\u00e9mon\n|rule|Item Clause: Limit 1 of each item\n|clearpoke\n|poke|p1|Corviknight, L50, M|\n|poke|p1|Meowscarada, L50, F|\n|poke|p1|Aggron, L50, F|\n|poke|p1|Kingambit, L50, M|\n|poke|p1|Zoroark-Hisui, L50, M|\n|poke|p1|Sneasler, L50, F|\n|poke|p2|Delphox, L50, M|\n|poke|p2|Hatterene, L50, F|\n|poke|p2|Weavile, L50, F|\n|poke|p2|Volcarona, L50, M|\n|poke|p2|Garchomp, L50, M|\n|poke|p2|Rotom-Wash, L50|\n|teampreview|3\n|\n|t:|1776602655\n|teamsize|p1|3\n|teamsize|p2|3\n|start\n|switch|p1a: Sneasler|Sneasler, L50, F|100/100\n|switch|p2a: Delphox|Delphox, L50, M|100/100\n|turn|1\n|inactive|Battle timer is ON: inactive players will automatically lose when time's up. (requested by Haze-01)\n|\n|t:|1776602661\n|detailschange|p2a: Delphox|Delphox-Mega, L50, M\n|-mega|p2a: Delphox|Delphox|Delphoxite\n|move|p1a: Sneasler|Fake Out|p2a: Delphox\n|-damage|p2a: Delphox|78/100\n|cant|p2a: Delphox|flinch\n|\n|upkeep\n|turn|2\n|\n|t:|1776602670\n|move|p2a: Delphox|Psychic|p1a: Sneasler\n|-supereffective|p1a: Sneasler|2\n|-damage|p1a: Sneasler|0 fnt\n|faint|p1a: Sneasler\n|\n|upkeep\n|\n|t:|1776602676\n|switch|p1a: Meowscarada|Meowscarada, L50, F|100/100\n|turn|3\n|\n|t:|1776602682\n|move|p1a: Meowscarada|Knock Off|p2a: Delphox\n|-start|p1a: Meowscarada|typechange|Dark|[from] ability: Protean\n|-supereffective|p2a: Delphox|1\n|-damage|p2a: Delphox|0 fnt\n|faint|p2a: Delphox\n|\n|upkeep\n|\n|t:|1776602693\n|switch|p2a: Hatterene|Hatterene, L50, F|100/100\n|turn|4\n|\n|t:|1776602697\n|move|p1a: Meowscarada|Knock Off|p2a: Hatterene\n|-damage|p2a: Hatterene|58/100\n|-enditem|p2a: Hatterene|Leftovers|[from] move: Knock Off|[of] p1a: Meowscarada\n|move|p2a: Hatterene|Draining Kiss|p1a: Meowscarada\n|-supereffective|p1a: Meowscarada|1\n|-damage|p1a: Meowscarada|21/100\n|-heal|p2a: Hatterene|100/100|[from] drain|[of] p1a: Meowscarada\n|\n|upkeep\n|turn|5\n|\n|t:|1776602708\n|move|p1a: Meowscarada|Knock Off|p2a: Hatterene\n|-damage|p2a: Hatterene|73/100\n|move|p2a: Hatterene|Mystical Fire|p1a: Meowscarada\n|-damage|p1a: Meowscarada|0 fnt\n|faint|p1a: Meowscarada\n|\n|upkeep\n|\n|t:|1776602716\n|switch|p1a: Aggron|Aggron, L50, F|100/100\n|turn|6\n|\n|t:|1776602726\n|detailschange|p1a: Aggron|Aggron-Mega, L50, F\n|-mega|p1a: Aggron|Aggron|Aggronite\n|move|p1a: Aggron|Heavy Slam|p2a: Hatterene\n|-supereffective|p2a: Hatterene|1\n|-damage|p2a: Hatterene|0 fnt\n|faint|p2a: Hatterene\n|\n|upkeep\n|\n|t:|1776602730\n|switch|p2a: Rotom|Rotom-Wash, L50|100/100\n|turn|7\n|\n|t:|1776602736\n|move|p2a: Rotom|Will-O-Wisp|p1a: Aggron\n|-status|p1a: Aggron|brn\n|move|p1a: Aggron|Body Press|p2a: Rotom\n|-damage|p2a: Rotom|83/100\n|\n|-damage|p1a: Aggron|94/100 brn|[from] brn\n|upkeep\n|turn|8\n|\n|t:|1776602744\n|move|p2a: Rotom|Volt Switch|p1a: Aggron\n|-damage|p1a: Aggron|56/100 brn\n|move|p1a: Aggron|Earthquake|p2a: Rotom\n|-immune|p2a: Rotom|[from] ability: Levitate\n|\n|-damage|p1a: Aggron|49/100 brn|[from] brn\n|upkeep\n|turn|9\n|-message|Haze-01 forfeited.\n|\n|win|qweralt\n|raw|Haze-01's rating: 1054 &rarr; <strong>1039</strong><br />(-15 for losing)\n|raw|qweralt's rating: 1121 &rarr; <strong>1141</strong><br />(+20 for winning)\n|l|\u2606Haze-01\n|player|p1|\n",
  "uploadtime": 1776602753,
  "views": 1,
  "formatid": "gen9championsbssregma",
  "rating": 1039,
  "private": 0,
  "password": null
}