{
  "id": "gen9championsbssregma-2588329713",
  "format": "[Gen 9 Champions] BSS Reg M-A",
  "players": [
    "isaacmora22",
    "Whittysplash"
  ],
  "log": "|j|\u2606isaacmora22\n|j|\u2606Whittysplash\n|t:|1776624602\n|gametype|singles\n|player|p1|isaacmora22|hilbert|1032\n|player|p2|Whittysplash|102|1028\n|gen|9\n|tier|[Gen 9 Champions] BSS Reg M-A\n|rated|\n|rule|Species Clause: Limit one of each Pok\u00e9mon\n|rule|Item Clause: Limit 1 of each item\n|clearpoke\n|poke|p1|Flareon, L50, M|\n|poke|p1|Dragonite, L50, M|\n|poke|p1|Luxray, L50, M|\n|poke|p1|Clawitzer, L50, M|\n|poke|p1|Sableye, L50, M|\n|poke|p1|Archaludon, L50, F|\n|poke|p2|Delphox, L50, M|\n|poke|p2|Starmie, L50|\n|poke|p2|Meowscarada, L50, F|\n|poke|p2|Garchomp, L50, F|\n|poke|p2|Archaludon, L50, F|\n|poke|p2|Skarmory, L50, F|\n|teampreview|3\n|\n|t:|1776624646\n|teamsize|p1|3\n|teamsize|p2|3\n|start\n|switch|p1a: Camden|Flareon, L50, M|100/100\n|switch|p2a: Archaludon|Archaludon, L50, F|100/100\n|turn|1\n|\n|t:|1776624656\n|switch|p2a: Garchomp|Garchomp, L50, F|100/100\n|move|p1a: Camden|Scorching Sands|p2a: Garchomp\n|-damage|p2a: Garchomp|80/100\n|\n|upkeep\n|turn|2\n|\n|t:|1776624664\n|switch|p1a: Migo|Dragonite, L50, M|100/100\n|move|p2a: Garchomp|Earthquake|p1a: Migo\n|-immune|p1a: Migo\n|\n|upkeep\n|turn|3\n|\n|t:|1776624672\n|detailschange|p1a: Migo|Dragonite-Mega, L50, M\n|-mega|p1a: Migo|Dragonite|Dragoninite\n|move|p2a: Garchomp|Outrage|p1a: Migo\n|-supereffective|p1a: Migo|1\n|-damage|p1a: Migo|43/100\n|move|p1a: Migo|Ice Beam|p2a: Garchomp\n|-supereffective|p2a: Garchomp|2\n|-damage|p2a: Garchomp|0 fnt\n|faint|p2a: Garchomp\n|\n|upkeep\n|\n|t:|1776624681\n|switch|p2a: Archaludon|Archaludon, L50, F|100/100\n|turn|4\n|\n|t:|1776624691\n|move|p1a: Migo|Draco Meteor|p2a: Archaludon\n|-damage|p2a: Archaludon|20/100\n|-unboost|p1a: Migo|spa|2\n|move|p2a: Archaludon|Mirror Coat|p1a: Migo\n|-damage|p1a: Migo|0 fnt\n|faint|p1a: Migo\n|\n|-heal|p2a: Archaludon|26/100|[from] item: Leftovers\n|upkeep\n|\n|t:|1776624702\n|switch|p1a: Camden|Flareon, L50, M|100/100\n|turn|5\n|\n|t:|1776624707\n|move|p1a: Camden|Scorching Sands|p2a: Archaludon\n|-supereffective|p2a: Archaludon|1\n|-damage|p2a: Archaludon|0 fnt\n|faint|p2a: Archaludon\n|\n|upkeep\n|\n|t:|1776624710\n|switch|p2a: Delphox|Delphox, L50, M|100/100\n|turn|6\n|\n|t:|1776624716\n|detailschange|p2a: Delphox|Delphox-Mega, L50, M\n|-mega|p2a: Delphox|Delphox|Delphoxite\n|move|p2a: Delphox|Nasty Plot|p2a: Delphox\n|-boost|p2a: Delphox|spa|2\n|move|p1a: Camden|Scorching Sands|p2a: Delphox\n|-immune|p2a: Delphox|[from] ability: Levitate\n|\n|upkeep\n|turn|7\n|\n|t:|1776624725\n|move|p1a: Camden|Quick Attack|p2a: Delphox\n|-damage|p2a: Delphox|84/100\n|move|p2a: Delphox|Psychic|p1a: Camden\n|-damage|p1a: Camden|0 fnt\n|faint|p1a: Camden\n|\n|upkeep\n|\n|t:|1776624733\n|switch|p1a: Jester|Sableye, L50, M|100/100\n|turn|8\n|\n|t:|1776624737\n|move|p1a: Jester|Sucker Punch|p2a: Delphox\n|-supereffective|p2a: Delphox|1\n|-damage|p2a: Delphox|10/100\n|move|p2a: Delphox|Fire Blast|p1a: Jester|[miss]\n|-miss|p2a: Delphox|p1a: Jester\n|\n|upkeep\n|turn|9\n|\n|t:|1776624744\n|move|p2a: Delphox|Fire Blast|p1a: Jester|[miss]\n|-miss|p2a: Delphox|p1a: Jester\n|move|p1a: Jester|Shadow Claw|p2a: Delphox\n|-supereffective|p2a: Delphox|1\n|-damage|p2a: Delphox|0 fnt\n|faint|p2a: Delphox\n|\n|win|isaacmora22\n|raw|isaacmora22's rating: 1032 &rarr; <strong>1067</strong><br />(+35 for winning)\n|raw|Whittysplash's rating: 1028 &rarr; <strong>1014</strong><br />(-14 for losing)\n|l|\u2606Whittysplash\n|player|p2|\n",
  "uploadtime": 1776624756,
  "views": 5,
  "formatid": "gen9championsbssregma",
  "rating": 1014,
  "private": 0,
  "password": null
}