{
  "id": "gen9championsbssregma-2584254189",
  "format": "[Gen 9 Champions] BSS Reg M-A",
  "players": [
    "fletchyfletchy",
    "rrrrrrrrrrrre"
  ],
  "log": "|j|\u2606fletchyfletchy\n|j|\u2606rrrrrrrrrrrre\n|t:|1776243663\n|gametype|singles\n|player|p1|fletchyfletchy|liko|1163\n|player|p2|rrrrrrrrrrrre|hilbert|1253\n|gen|9\n|tier|[Gen 9 Champions] BSS Reg M-A\n|rated|\n|rule|Species Clause: Limit one of each Pok\u00e9mon\n|rule|Item Clause: Limit 1 of each item\n|clearpoke\n|poke|p1|Lopunny, L50, M|\n|poke|p1|Basculegion, L50, M|\n|poke|p1|Meowscarada, L50, F|\n|poke|p1|Aegislash, L50, M|\n|poke|p1|Charizard, L50, M|\n|poke|p1|Ninetales-Alola, L50, F|\n|poke|p2|Garchomp, L50, M|\n|poke|p2|Delphox, L50, M|\n|poke|p2|Corviknight, L50, M|\n|poke|p2|Gyarados, L50, M|\n|poke|p2|Greninja-*, L50, F|\n|poke|p2|Jolteon, L50, M|\n|teampreview|3\n|inactive|Battle timer is ON: inactive players will automatically lose when time's up. (requested by rrrrrrrrrrrre)\n|inactive|fletchyfletchy has 60 seconds left.\n|inactive|rrrrrrrrrrrre has 60 seconds left.\n|inactive|rrrrrrrrrrrre has 30 seconds left.\n|inactive|rrrrrrrrrrrre has 20 seconds left.\n|\n|t:|1776243738\n|teamsize|p1|3\n|teamsize|p2|3\n|start\n|switch|p1a: Ninetales|Ninetales-Alola, L50, F|100/100\n|switch|p2a: Greninja|Greninja, L50, F|100/100\n|-weather|Snowscape|[from] ability: Snow Warning|[of] p1a: Ninetales\n|turn|1\n|\n|t:|1776243755\n|move|p2a: Greninja|Sludge Wave|p1a: Ninetales\n|-start|p2a: Greninja|typechange|Poison|[from] ability: Protean\n|-supereffective|p1a: Ninetales|1\n|-damage|p1a: Ninetales|0 fnt\n|faint|p1a: Ninetales\n|\n|-weather|Snowscape|[upkeep]\n|upkeep\n|\n|t:|1776243772\n|switch|p1a: Charizard|Charizard, L50, M|100/100\n|turn|2\n|\n|t:|1776243793\n|detailschange|p1a: Charizard|Charizard-Mega-Y, L50, M\n|-mega|p1a: Charizard|Charizard|Charizardite Y\n|-weather|SunnyDay|[from] ability: Drought|[of] p1a: Charizard\n|move|p2a: Greninja|Sludge Wave|p1a: Charizard\n|-damage|p1a: Charizard|55/100\n|-status|p1a: Charizard|psn\n|move|p1a: Charizard|Flamethrower|p2a: Greninja\n|-damage|p2a: Greninja|0 fnt\n|faint|p2a: Greninja\n|\n|-weather|SunnyDay|[upkeep]\n|-damage|p1a: Charizard|43/100 psn|[from] psn\n|upkeep\n|\n|t:|1776243804\n|switch|p2a: Gyarados|Gyarados, L50, M|100/100\n|-ability|p2a: Gyarados|Intimidate|boost\n|-unboost|p1a: Charizard|atk|1\n|turn|3\n|\n|t:|1776243821\n|move|p1a: Charizard|Solar Beam||[still]\n|-prepare|p1a: Charizard|Solar Beam\n|-anim|p1a: Charizard|Solar Beam|p2a: Gyarados\n|-damage|p2a: Gyarados|52/100\n|move|p2a: Gyarados|Dragon Dance|p2a: Gyarados\n|-boost|p2a: Gyarados|atk|1\n|-boost|p2a: Gyarados|spe|1\n|\n|-weather|SunnyDay|[upkeep]\n|-damage|p1a: Charizard|31/100 psn|[from] psn\n|upkeep\n|turn|4\n|\n|t:|1776243828\n|move|p2a: Gyarados|Crunch|p1a: Charizard\n|-damage|p1a: Charizard|0 fnt\n|faint|p1a: Charizard\n|\n|-weather|SunnyDay|[upkeep]\n|upkeep\n|\n|t:|1776243831\n|switch|p1a: Meowscarada|Meowscarada, L50, F|100/100\n|turn|5\n|\n|t:|1776243841\n|move|p2a: Gyarados|Crunch|p1a: Meowscarada\n|-resisted|p1a: Meowscarada|1\n|-damage|p1a: Meowscarada|71/100\n|move|p1a: Meowscarada|Flower Trick|p2a: Gyarados\n|-start|p1a: Meowscarada|typechange|Grass|[from] ability: Protean\n|-crit|p2a: Gyarados\n|-damage|p2a: Gyarados|0 fnt\n|faint|p2a: Gyarados\n|\n|-weather|SunnyDay|[upkeep]\n|upkeep\n|\n|t:|1776243847\n|switch|p2a: Corviknight|Corviknight, L50, M|100/100\n|turn|6\n|\n|t:|1776243859\n|move|p1a: Meowscarada|Knock Off|p2a: Corviknight\n|-damage|p2a: Corviknight|80/100\n|-enditem|p2a: Corviknight|Leftovers|[from] move: Knock Off|[of] p1a: Meowscarada\n|move|p2a: Corviknight|Brave Bird|p1a: Meowscarada\n|-supereffective|p1a: Meowscarada|1\n|-damage|p1a: Meowscarada|0 fnt\n|faint|p1a: Meowscarada\n|-damage|p2a: Corviknight|62/100|[from] Recoil\n|\n|win|rrrrrrrrrrrre\n|raw|fletchyfletchy's rating: 1163 &rarr; <strong>1144</strong><br />(-19 for losing)\n|raw|rrrrrrrrrrrre's rating: 1253 &rarr; <strong>1272</strong><br />(+19 for winning)\n|l|\u2606rrrrrrrrrrrre\n|player|p2|\n|l|\u2606fletchyfletchy\n|player|p1|\n|j|\u2606fletchyfletchy\n|player|p1|fletchyfletchy|liko|\n",
  "uploadtime": 1776243860,
  "views": 8,
  "formatid": "gen9championsbssregma",
  "rating": 1144,
  "private": 0,
  "password": null
}