{
  "id": "gen9championsbssregma-2585459622",
  "format": "[Gen 9 Champions] BSS Reg M-A",
  "players": [
    "sakkamadique",
    "BBBkty"
  ],
  "log": "|j|\u2606sakkamadique\n|j|\u2606BBBkty\n|t:|1776348731\n|gametype|singles\n|player|p1|sakkamadique|101|1156\n|player|p2|BBBkty|265|1160\n|gen|9\n|tier|[Gen 9 Champions] BSS Reg M-A\n|rated|\n|rule|Species Clause: Limit one of each Pok\u00e9mon\n|rule|Item Clause: Limit 1 of each item\n|clearpoke\n|poke|p1|Glimmora, L50, F|\n|poke|p1|Excadrill, L50, F|\n|poke|p1|Incineroar, L50, M|\n|poke|p1|Sableye, L50, F|\n|poke|p1|Rotom-Wash, L50|\n|poke|p1|Meowscarada, L50, F|\n|poke|p2|Dragapult, L50, F|\n|poke|p2|Alakazam, L50, M|\n|poke|p2|Azumarill, L50, M|\n|poke|p2|Clefable, L50, F|\n|poke|p2|Espathra, L50, M|\n|poke|p2|Glimmora, L50, M|\n|teampreview|3\n|inactive|Battle timer is ON: inactive players will automatically lose when time's up. (requested by sakkamadique)\n|\n|t:|1776348785\n|teamsize|p1|3\n|teamsize|p2|3\n|start\n|switch|p1a: Rotom|Rotom-Wash, L50|100/100\n|switch|p2a: Glimmora|Glimmora, L50, M|100/100\n|turn|1\n|\n|t:|1776348806\n|move|p1a: Rotom|Hydro Pump|p2a: Glimmora\n|-supereffective|p2a: Glimmora|1\n|-damage|p2a: Glimmora|9/100\n|move|p2a: Glimmora|Stealth Rock|p1a: Rotom\n|-sidestart|p1: sakkamadique|move: Stealth Rock\n|\n|upkeep\n|turn|2\n|\n|t:|1776348817\n|move|p2a: Glimmora|Mortal Spin|p1a: Rotom\n|-damage|p1a: Rotom|93/100\n|-status|p1a: Rotom|psn\n|move|p1a: Rotom|Discharge|p2a: Glimmora\n|-damage|p2a: Glimmora|0 fnt\n|faint|p2a: Glimmora\n|\n|-heal|p1a: Rotom|99/100 psn|[from] item: Leftovers\n|-damage|p1a: Rotom|86/100 psn|[from] psn\n|upkeep\n|\n|t:|1776348823\n|switch|p2a: Espathra|Espathra, L50, M, shiny|100/100\n|turn|3\n|\n|t:|1776348831\n|move|p2a: Espathra|Protect|p2a: Espathra\n|-singleturn|p2a: Espathra|Protect\n|move|p1a: Rotom|Discharge|p2a: Espathra\n|-activate|p2a: Espathra|move: Protect\n|\n|-heal|p1a: Rotom|92/100 psn|[from] item: Leftovers\n|-damage|p1a: Rotom|80/100 psn|[from] psn\n|-ability|p2a: Espathra|Speed Boost|boost\n|-boost|p2a: Espathra|spe|1\n|upkeep\n|turn|4\n|\n|t:|1776348843\n|move|p2a: Espathra|Calm Mind|p2a: Espathra\n|-boost|p2a: Espathra|spa|1\n|-boost|p2a: Espathra|spd|1\n|move|p1a: Rotom|Volt Switch|p2a: Espathra\n|-damage|p2a: Espathra|81/100\n|\n|t:|1776348853\n|switch|p1a: Meowscarada|Meowscarada, L50, F|100/100|[from] Volt Switch\n|-damage|p1a: Meowscarada|88/100|[from] Stealth Rock\n|\n|-ability|p2a: Espathra|Speed Boost|boost\n|-boost|p2a: Espathra|spe|1\n|upkeep\n|turn|5\n|\n|t:|1776348861\n|move|p2a: Espathra|Protect|p2a: Espathra\n|-singleturn|p2a: Espathra|Protect\n|move|p1a: Meowscarada|Knock Off|p2a: Espathra\n|-start|p1a: Meowscarada|typechange|Dark|[from] ability: Protean\n|-activate|p2a: Espathra|move: Protect\n|\n|-ability|p2a: Espathra|Speed Boost|boost\n|-boost|p2a: Espathra|spe|1\n|upkeep\n|turn|6\n|\n|t:|1776348871\n|move|p2a: Espathra|Baton Pass|p2a: Espathra\n|\n|t:|1776348873\n|switch|p2a: Clefable|Clefable, L50, F, shiny|100/100|[from] Baton Pass\n|move|p1a: Meowscarada|Knock Off|p2a: Clefable\n|-resisted|p2a: Clefable|1\n|-damage|p2a: Clefable|84/100\n|\n|upkeep\n|turn|7\n|\n|t:|1776348887\n|switch|p1a: Sableye|Sableye, L50, F|100/100\n|-damage|p1a: Sableye|88/100|[from] Stealth Rock\n|detailschange|p2a: Clefable|Clefable-Mega, L50, F, shiny\n|-mega|p2a: Clefable|Clefable|Clefablite\n|move|p2a: Clefable|Cosmic Power|p2a: Clefable\n|-boost|p2a: Clefable|def|1\n|-boost|p2a: Clefable|spd|1\n|\n|upkeep\n|turn|8\n|\n|t:|1776348903\n|move|p1a: Sableye|Encore|p2a: Clefable\n|move|p2a: Clefable|Encore||[from] ability: Magic Bounce|[still]\n|-fail|p2a: Clefable\n|move|p2a: Clefable|Moonblast|p1a: Sableye\n|-supereffective|p1a: Sableye|1\n|-damage|p1a: Sableye|0 fnt\n|faint|p1a: Sableye\n|\n|upkeep\n|\n|t:|1776348911\n|switch|p1a: Meowscarada|Meowscarada, L50, F|88/100\n|-damage|p1a: Meowscarada|76/100|[from] Stealth Rock\n|turn|9\n|\n|t:|1776348917\n|move|p1a: Meowscarada|Triple Axel|p2a: Clefable|[miss]\n|-start|p1a: Meowscarada|typechange|Ice|[from] ability: Protean\n|-miss|p1a: Meowscarada|p2a: Clefable\n|move|p2a: Clefable|Moonblast|p1a: Meowscarada\n|-damage|p1a: Meowscarada|0 fnt\n|faint|p1a: Meowscarada\n|\n|upkeep\n|l|\u2606sakkamadique\n|inactive|sakkamadique disconnected and has a minute to reconnect!\n|player|p1|\n|inactive|sakkamadique has 30 seconds left.\n|inactive|sakkamadique has 20 seconds left.\n|inactive|sakkamadique has 15 seconds left.\n|inactive|sakkamadique has 10 seconds left.\n|inactive|sakkamadique has 5 seconds left.\n|-message|sakkamadique lost due to inactivity.\n|\n|win|BBBkty\n|raw|sakkamadique's rating: 1156 &rarr; <strong>1131</strong><br />(-25 for losing)\n|raw|BBBkty's rating: 1160 &rarr; <strong>1185</strong><br />(+25 for winning)\n",
  "uploadtime": 1776348976,
  "views": 8,
  "formatid": "gen9championsbssregma",
  "rating": 1131,
  "private": 0,
  "password": null
}