{
  "id": "gen9championsbssregma-2583942864",
  "format": "[Gen 9 Champions] BSS Reg M-A",
  "players": [
    "ONWAY",
    "Sn0rlax Main"
  ],
  "log": "|j|\u2606ONWAY\n|j|\u2606Sn0rlax Main\n|t:|1776210390\n|gametype|singles\n|player|p1|ONWAY|bruno|1040\n|player|p2|Sn0rlax Main|170|1000\n|gen|9\n|tier|[Gen 9 Champions] BSS Reg M-A\n|rated|\n|rule|Species Clause: Limit one of each Pok\u00e9mon\n|rule|Item Clause: Limit 1 of each item\n|clearpoke\n|poke|p1|Tyranitar, L50, F|\n|poke|p1|Forretress, L50, M|\n|poke|p1|Volcarona, L50, F|\n|poke|p1|Rotom-Wash, L50|\n|poke|p1|Kommo-o, L50, F|\n|poke|p1|Gengar, L50, M|\n|poke|p2|Skarmory, L50, M|\n|poke|p2|Greninja-*, L50, F|\n|poke|p2|Clefable, L50, M|\n|poke|p2|Garchomp, L50, M|\n|poke|p2|Glimmora, L50, F|\n|poke|p2|Meowscarada, L50, M|\n|teampreview|3\n|inactive|Battle timer is ON: inactive players will automatically lose when time's up. (requested by Sn0rlax Main)\n|\n|t:|1776210438\n|teamsize|p1|3\n|teamsize|p2|3\n|start\n|switch|p1a: Rotom|Rotom-Wash, L50|100/100\n|switch|p2a: Skarmory|Skarmory, L50, M, shiny|100/100\n|turn|1\n|\n|t:|1776210447\n|switch|p2a: Garchomp|Garchomp, L50, M|100/100\n|move|p1a: Rotom|Will-O-Wisp|p2a: Garchomp\n|-status|p2a: Garchomp|brn\n|\n|-damage|p2a: Garchomp|94/100 brn|[from] brn\n|upkeep\n|turn|2\n|\n|t:|1776210455\n|move|p2a: Garchomp|Swords Dance|p2a: Garchomp\n|-boost|p2a: Garchomp|atk|2\n|move|p1a: Rotom|Hydro Pump|p2a: Garchomp\n|-crit|p2a: Garchomp\n|-damage|p2a: Garchomp|27/100 brn\n|\n|-damage|p2a: Garchomp|21/100 brn|[from] brn\n|upkeep\n|turn|3\n|\n|t:|1776210464\n|move|p2a: Garchomp|Scale Shot|p1a: Rotom\n|-damage|p1a: Rotom|86/100\n|-damage|p1a: Rotom|72/100\n|-damage|p1a: Rotom|57/100\n|-hitcount|p1a: Rotom|3\n|-unboost|p2a: Garchomp|def|1\n|-boost|p2a: Garchomp|spe|1\n|move|p1a: Rotom|Hydro Pump|p2a: Garchomp\n|-damage|p2a: Garchomp|0 fnt\n|faint|p2a: Garchomp\n|\n|upkeep\n|\n|t:|1776210475\n|switch|p2a: Clefable|Clefable, L50, M|100/100\n|turn|4\n|\n|t:|1776210483\n|move|p1a: Rotom|Volt Switch|p2a: Clefable\n|-damage|p2a: Clefable|73/100\n|\n|t:|1776210486\n|switch|p1a: Forretress|Forretress, L50, M|100/100|[from] Volt Switch\n|move|p2a: Clefable|Calm Mind|p2a: Clefable\n|-boost|p2a: Clefable|spa|1\n|-boost|p2a: Clefable|spd|1\n|\n|-heal|p2a: Clefable|79/100|[from] item: Leftovers\n|upkeep\n|turn|5\n|\n|t:|1776210496\n|move|p2a: Clefable|Flamethrower|p1a: Forretress\n|-supereffective|p1a: Forretress|2\n|-ability|p1a: Forretress|Sturdy\n|-damage|p1a: Forretress|1/100\n|move|p1a: Forretress|Iron Head|p2a: Clefable\n|-supereffective|p2a: Clefable|1\n|-damage|p2a: Clefable|40/100\n|\n|-heal|p2a: Clefable|46/100|[from] item: Leftovers\n|-heal|p1a: Forretress|7/100|[from] item: Leftovers\n|upkeep\n|turn|6\n|\n|t:|1776210507\n|move|p2a: Clefable|Moonlight|p2a: Clefable\n|-heal|p2a: Clefable|96/100\n|move|p1a: Forretress|Iron Head|p2a: Clefable\n|-supereffective|p2a: Clefable|1\n|-damage|p2a: Clefable|57/100\n|\n|-heal|p2a: Clefable|63/100|[from] item: Leftovers\n|-heal|p1a: Forretress|13/100|[from] item: Leftovers\n|upkeep\n|turn|7\n|\n|t:|1776210515\n|move|p2a: Clefable|Flamethrower|p1a: Forretress\n|-supereffective|p1a: Forretress|2\n|-damage|p1a: Forretress|0 fnt\n|faint|p1a: Forretress\n|\n|-heal|p2a: Clefable|69/100|[from] item: Leftovers\n|upkeep\n|\n|t:|1776210521\n|switch|p1a: Rotom|Rotom-Wash, L50|57/100\n|turn|8\n|\n|t:|1776210536\n|move|p1a: Rotom|Will-O-Wisp|p2a: Clefable\n|-status|p2a: Clefable|brn\n|move|p2a: Clefable|Moonlight|p2a: Clefable\n|-heal|p2a: Clefable|100/100 brn\n|\n|-damage|p2a: Clefable|95/100 brn|[from] brn\n|upkeep\n|turn|9\n|\n|t:|1776210538\n|move|p1a: Rotom|Hex|p2a: Clefable\n|-damage|p2a: Clefable|73/100 brn\n|move|p2a: Clefable|Calm Mind|p2a: Clefable\n|-boost|p2a: Clefable|spa|1\n|-boost|p2a: Clefable|spd|1\n|\n|-heal|p2a: Clefable|79/100 brn|[from] item: Leftovers\n|-damage|p2a: Clefable|73/100 brn|[from] brn\n|upkeep\n|turn|10\n|\n|t:|1776210544\n|move|p1a: Rotom|Hex|p2a: Clefable\n|-damage|p2a: Clefable|57/100 brn\n|move|p2a: Clefable|Moonlight|p2a: Clefable\n|-heal|p2a: Clefable|100/100 brn\n|\n|-damage|p2a: Clefable|95/100 brn|[from] brn\n|upkeep\n|turn|11\n|\n|t:|1776210547\n|move|p1a: Rotom|Hydro Pump|p2a: Clefable|[miss]\n|-miss|p1a: Rotom|p2a: Clefable\n|move|p2a: Clefable|Moonblast|p1a: Rotom\n|-damage|p1a: Rotom|0 fnt\n|faint|p1a: Rotom\n|\n|-heal|p2a: Clefable|100/100 brn|[from] item: Leftovers\n|-damage|p2a: Clefable|95/100 brn|[from] brn\n|upkeep\n|\n|t:|1776210550\n|switch|p1a: Kommo-o|Kommo-o, L50, F|100/100\n|turn|12\n|\n|t:|1776210563\n|move|p1a: Kommo-o|Ice Punch|p2a: Clefable\n|-damage|p2a: Clefable|77/100 brn\n|move|p2a: Clefable|Moonblast|p1a: Kommo-o\n|-supereffective|p1a: Kommo-o|2\n|-damage|p1a: Kommo-o|0 fnt\n|faint|p1a: Kommo-o\n|\n|win|Sn0rlax Main\n|raw|ONWAY's rating: 1040 &rarr; <strong>1022</strong><br />(-18 for losing)\n|raw|Sn0rlax Main's rating: 1000 &rarr; <strong>1045</strong><br />(+45 for winning)\n|l|\u2606ONWAY\n|player|p1|\n",
  "uploadtime": 1776210567,
  "views": 19,
  "formatid": "gen9championsbssregma",
  "rating": 1022,
  "private": 0,
  "password": null
}