{
  "id": "gen9championsbssregma-2586700127",
  "format": "[Gen 9 Champions] BSS Reg M-A",
  "players": [
    "Lord Queefus",
    "ninano200"
  ],
  "log": "|j|\u2606Lord Queefus\n|j|\u2606ninano200\n|t:|1776453186\n|gametype|singles\n|player|p1|Lord Queefus|swimmer-gen4dp|1195\n|player|p2|ninano200|266|1259\n|gen|9\n|tier|[Gen 9 Champions] BSS Reg M-A\n|rated|\n|rule|Species Clause: Limit one of each Pok\u00e9mon\n|rule|Item Clause: Limit 1 of each item\n|clearpoke\n|poke|p1|Clefable, L50, M|\n|poke|p1|Dragapult, L50, F|\n|poke|p1|Starmie, L50|\n|poke|p1|Ditto, L50|\n|poke|p1|Mamoswine, L50, M|\n|poke|p1|Kingambit, L50, F|\n|poke|p2|Starmie, L50|\n|poke|p2|Corviknight, L50, M|\n|poke|p2|Mimikyu, L50, M|\n|poke|p2|Rotom-Wash, L50|\n|poke|p2|Aegislash, L50, M|\n|poke|p2|Charizard, L50, F|\n|teampreview|3\n|inactive|Battle timer is ON: inactive players will automatically lose when time's up. (requested by ninano200)\n|\n|t:|1776453218\n|teamsize|p1|3\n|teamsize|p2|3\n|start\n|switch|p1a: Dragapult|Dragapult, L50, F|100/100\n|switch|p2a: Starmie|Starmie, L50|100/100\n|turn|1\n|\n|t:|1776453230\n|detailschange|p2a: Starmie|Starmie-Mega, L50\n|-mega|p2a: Starmie|Starmie|Starminite\n|move|p1a: Dragapult|Will-O-Wisp|p2a: Starmie\n|-status|p2a: Starmie|brn\n|move|p2a: Starmie|Ice Spinner|p1a: Dragapult\n|-supereffective|p1a: Dragapult|1\n|-damage|p1a: Dragapult|20/100\n|\n|-damage|p2a: Starmie|95/100 brn|[from] brn\n|upkeep\n|turn|2\n|\n|t:|1776453240\n|move|p2a: Starmie|Aqua Jet|p1a: Dragapult\n|-resisted|p1a: Dragapult|1\n|-damage|p1a: Dragapult|5/100\n|move|p1a: Dragapult|Hex|p2a: Starmie\n|-supereffective|p2a: Starmie|1\n|-damage|p2a: Starmie|0 fnt\n|faint|p2a: Starmie\n|\n|upkeep\n|\n|t:|1776453243\n|switch|p2a: Mimikyu|Mimikyu, L50, M|100/100\n|turn|3\n|inactive|Lord Queefus has 30 seconds left.\n|\n|t:|1776453275\n|move|p1a: Dragapult|U-turn|p2a: Mimikyu\n|-activate|p2a: Mimikyu|ability: Disguise\n|-damage|p2a: Mimikyu|100/100\n|detailschange|p2a: Mimikyu|Mimikyu-Busted, L50, M\n|-damage|p2a: Mimikyu|88/100|[from] pokemon: Mimikyu-Busted\n|\n|t:|1776453282\n|switch|p1a: Ditto|Ditto, L50, shiny|100/100|[from] U-turn\n|-transform|p1a: Ditto|p2a: Mimikyu|[from] ability: Imposter\n|move|p2a: Mimikyu|Swords Dance|p2a: Mimikyu\n|-boost|p2a: Mimikyu|atk|2\n|\n|upkeep\n|turn|4\n|\n|t:|1776453293\n|move|p1a: Ditto|Shadow Sneak|p2a: Mimikyu\n|-supereffective|p2a: Mimikyu|1\n|-damage|p2a: Mimikyu|40/100\n|move|p2a: Mimikyu|Shadow Sneak|p1a: Ditto\n|-supereffective|p1a: Ditto|1\n|-damage|p1a: Ditto|0 fnt\n|faint|p1a: Ditto\n|\n|upkeep\n|\n|t:|1776453302\n|switch|p1a: Starmie|Starmie, L50|100/100\n|turn|5\n|\n|t:|1776453309\n|detailschange|p1a: Starmie|Starmie-Mega, L50\n|-mega|p1a: Starmie|Starmie|Starminite\n|move|p1a: Starmie|Aqua Jet|p2a: Mimikyu\n|-damage|p2a: Mimikyu|0 fnt\n|faint|p2a: Mimikyu\n|\n|upkeep\n|\n|t:|1776453311\n|switch|p2a: Corviknight|Corviknight, L50, M|100/100\n|-ability|p2a: Corviknight|Pressure\n|turn|6\n|\n|t:|1776453320\n|move|p1a: Starmie|Bulk Up|p1a: Starmie\n|-boost|p1a: Starmie|atk|1\n|-boost|p1a: Starmie|def|1\n|move|p2a: Corviknight|U-turn|p1a: Starmie\n|-supereffective|p1a: Starmie|1\n|-damage|p1a: Starmie|74/100\n|\n|upkeep\n|turn|7\n|\n|t:|1776453328\n|move|p1a: Starmie|Liquidation|p2a: Corviknight\n|-damage|p2a: Corviknight|38/100\n|-unboost|p2a: Corviknight|def|1\n|move|p2a: Corviknight|Iron Defense|p2a: Corviknight\n|-boost|p2a: Corviknight|def|2\n|\n|-heal|p2a: Corviknight|43/100|[from] item: Leftovers\n|upkeep\n|turn|8\n|\n|t:|1776453342\n|move|p1a: Starmie|Liquidation|p2a: Corviknight\n|-damage|p2a: Corviknight|0 fnt\n|faint|p2a: Corviknight\n|\n|win|Lord Queefus\n|raw|Lord Queefus's rating: 1195 &rarr; <strong>1225</strong><br />(+30 for winning)\n|raw|ninano200's rating: 1259 &rarr; <strong>1229</strong><br />(-30 for losing)\n|l|\u2606ninano200\n|player|p2|\n",
  "uploadtime": 1776453348,
  "views": 6,
  "formatid": "gen9championsbssregma",
  "rating": 1225,
  "private": 0,
  "password": null
}