{
  "id": "gen9championsbssregma-2580973638",
  "format": "[Gen 9 Champions] BSS Reg M-A",
  "players": [
    "EstemanACG1",
    "haya7taka"
  ],
  "log": "|j|\u2606EstemanACG1\n|j|\u2606haya7taka\n|t:|1775948053\n|gametype|singles\n|player|p1|EstemanACG1|riley|1161\n|player|p2|haya7taka|101|1054\n|gen|9\n|tier|[Gen 9 Champions] BSS Reg M-A\n|rated|\n|rule|Species Clause: Limit one of each Pok\u00e9mon\n|rule|Item Clause: Limit 1 of each item\n|clearpoke\n|poke|p1|Kommo-o, L50, M|\n|poke|p1|Sneasler, L50, M|\n|poke|p1|Volcarona, L50, M|\n|poke|p1|Gengar, L50, M|\n|poke|p1|Palafin, L50, F|\n|poke|p1|Morpeko, L50, M|\n|poke|p2|Forretress, L50, F|\n|poke|p2|Azumarill, L50, F|\n|poke|p2|Alakazam, L50, F|\n|poke|p2|Glimmora, L50, M|\n|poke|p2|Incineroar, L50, M|\n|poke|p2|Garchomp, L50, M|\n|teampreview|3\n|inactive|Battle timer is ON: inactive players will automatically lose when time's up. (requested by haya7taka)\n|inactive|haya7taka has 60 seconds left.\n|\n|t:|1775948088\n|teamsize|p1|3\n|teamsize|p2|3\n|start\n|switch|p1a: Morpeko|Morpeko, L50, M|100/100\n|switch|p2a: Glimmora|Glimmora, L50, M|100/100\n|turn|1\n|\n|t:|1775948101\n|move|p1a: Morpeko|Aura Wheel|p2a: Glimmora\n|-damage|p2a: Glimmora|36/100\n|-boost|p1a: Morpeko|spe|1\n|-activate|p2a: Glimmora|ability: Toxic Debris\n|-sidestart|p1: EstemanACG1|move: Toxic Spikes\n|move|p2a: Glimmora|Mud Shot|p1a: Morpeko\n|-supereffective|p1a: Morpeko|1\n|-damage|p1a: Morpeko|25/100\n|-unboost|p1a: Morpeko|spe|1\n|\n|-formechange|p1a: Morpeko|Morpeko-Hangry|\n|upkeep\n|turn|2\n|\n|t:|1775948115\n|move|p1a: Morpeko|Aura Wheel|p2a: Glimmora\n|-damage|p2a: Glimmora|0 fnt\n|-boost|p1a: Morpeko|spe|1\n|-activate|p2a: Glimmora|ability: Toxic Debris\n|-sidestart|p1: EstemanACG1|move: Toxic Spikes\n|faint|p2a: Glimmora\n|\n|-formechange|p1a: Morpeko|Morpeko|\n|upkeep\n|\n|t:|1775948124\n|switch|p2a: Alakazam|Alakazam, L50, F|100/100\n|turn|3\n|\n|t:|1775948144\n|detailschange|p2a: Alakazam|Alakazam-Mega, L50, F\n|-mega|p2a: Alakazam|Alakazam|Alakazite\n|move|p1a: Morpeko|Aura Wheel|p2a: Alakazam\n|-damage|p2a: Alakazam|25/100\n|-boost|p1a: Morpeko|spe|1\n|move|p2a: Alakazam|Disable|p1a: Morpeko\n|-start|p1a: Morpeko|Disable|Aura Wheel\n|\n|-formechange|p1a: Morpeko|Morpeko-Hangry|\n|upkeep\n|turn|4\n|\n|t:|1775948161\n|switch|p1a: Sneasler|Sneasler, L50, M|100/100\n|-ability|p2a: Alakazam|Unburden|Trace|[from] ability: Trace|[of] p1a: Sneasler\n|-sideend|p1: EstemanACG1|move: Toxic Spikes|[of] p1a: Sneasler\n|move|p2a: Alakazam|Encore||[still]\n|-fail|p2a: Alakazam\n|\n|upkeep\n|turn|5\n|\n|t:|1775948178\n|move|p2a: Alakazam|Protect|p2a: Alakazam\n|-singleturn|p2a: Alakazam|Protect\n|move|p1a: Sneasler|Shadow Claw|p2a: Alakazam\n|-activate|p2a: Alakazam|move: Protect\n|\n|upkeep\n|turn|6\n|\n|t:|1775948187\n|move|p2a: Alakazam|Psychic|p1a: Sneasler\n|-supereffective|p1a: Sneasler|2\n|-damage|p1a: Sneasler|0 fnt\n|faint|p1a: Sneasler\n|\n|upkeep\n|\n|t:|1775948193\n|switch|p1a: Morpeko|Morpeko, L50, M|25/100\n|turn|7\n|\n|t:|1775948198\n|move|p2a: Alakazam|Protect|p2a: Alakazam\n|-singleturn|p2a: Alakazam|Protect\n|move|p1a: Morpeko|Knock Off|p2a: Alakazam\n|-activate|p2a: Alakazam|move: Protect\n|\n|-formechange|p1a: Morpeko|Morpeko-Hangry|\n|upkeep\n|turn|8\n|\n|t:|1775948217\n|move|p1a: Morpeko|Knock Off|p2a: Alakazam\n|-supereffective|p2a: Alakazam|1\n|-damage|p2a: Alakazam|0 fnt\n|faint|p2a: Alakazam\n|\n|-formechange|p1a: Morpeko|Morpeko|\n|upkeep\n|\n|t:|1775948223\n|switch|p2a: Azumarill|Azumarill, L50, F|100/100\n|turn|9\n|inactive|EstemanACG1 has 30 seconds left.\n|\n|t:|1775948250\n|move|p1a: Morpeko|Knock Off|p2a: Azumarill\n|-resisted|p2a: Azumarill|1\n|-damage|p2a: Azumarill|75/100\n|-enditem|p2a: Azumarill|Sitrus Berry|[from] move: Knock Off|[of] p1a: Morpeko\n|move|p2a: Azumarill|Belly Drum|p2a: Azumarill\n|-damage|p2a: Azumarill|25/100\n|-setboost|p2a: Azumarill|atk|6|[from] move: Belly Drum\n|\n|-formechange|p1a: Morpeko|Morpeko-Hangry|\n|upkeep\n|turn|10\n|\n|t:|1775948260\n|move|p2a: Azumarill|Aqua Jet|p1a: Morpeko\n|-damage|p1a: Morpeko|0 fnt\n|faint|p1a: Morpeko\n|\n|upkeep\n|\n|t:|1775948262\n|switch|p1a: Kommo-o|Kommo-o, L50, M|100/100\n|turn|11\n|\n|t:|1775948269\n|move|p1a: Kommo-o|Flash Cannon|p2a: Azumarill\n|-damage|p2a: Azumarill|0 fnt\n|faint|p2a: Azumarill\n|\n|win|EstemanACG1\n|raw|EstemanACG1's rating: 1142 &rarr; <strong>1161</strong><br />(+19 for winning)\n|raw|haya7taka's rating: 1054 &rarr; <strong>1040</strong><br />(-14 for losing)\n|l|\u2606haya7taka\n|player|p2|\n",
  "uploadtime": 1775948344,
  "views": 21,
  "formatid": "gen9championsbssregma",
  "rating": 1040,
  "private": 0,
  "password": null
}