{
  "id": "gen9championsbssregma-2586902954",
  "format": "[Gen 9 Champions] BSS Reg M-A",
  "players": [
    "ToiletClogger456",
    "saitoimmortal"
  ],
  "log": "|j|\u2606ToiletClogger456\n|j|\u2606saitoimmortal\n|t:|1776470208\n|gametype|singles\n|player|p1|ToiletClogger456|barry|1302\n|player|p2|saitoimmortal|acetrainer-gen4dp|1261\n|gen|9\n|tier|[Gen 9 Champions] BSS Reg M-A\n|rated|\n|rule|Species Clause: Limit one of each Pok\u00e9mon\n|rule|Item Clause: Limit 1 of each item\n|clearpoke\n|poke|p1|Vaporeon, L50, M|\n|poke|p1|Jolteon, L50, F|\n|poke|p1|Flareon, L50, M|\n|poke|p1|Espeon, L50, M|\n|poke|p1|Umbreon, L50, M|\n|poke|p1|Sylveon, L50, M|\n|poke|p2|Garchomp, L50, M|\n|poke|p2|Scizor, L50, F|\n|poke|p2|Dragonite, L50, M|\n|poke|p2|Aegislash, L50, M|\n|poke|p2|Primarina, L50, F|\n|poke|p2|Empoleon, L50, M|\n|teampreview|3\n|inactive|Battle timer is ON: inactive players will automatically lose when time's up. (requested by saitoimmortal)\n|j| ayooo20\n|inactive|saitoimmortal has 60 seconds left.\n|\n|t:|1776470257\n|teamsize|p1|3\n|teamsize|p2|3\n|start\n|switch|p1a: Vaporeon|Vaporeon, L50, M|100/100\n|switch|p2a: Empoleon|Empoleon, L50, M, shiny|100/100\n|turn|1\n|\n|t:|1776470263\n|move|p1a: Vaporeon|Substitute|p1a: Vaporeon\n|-start|p1a: Vaporeon|Substitute\n|-damage|p1a: Vaporeon|75/100\n|move|p2a: Empoleon|Stealth Rock|p1a: Vaporeon\n|-sidestart|p1: ToiletClogger456|move: Stealth Rock\n|\n|upkeep\n|turn|2\n|\n|t:|1776470271\n|move|p1a: Vaporeon|Scald|p2a: Empoleon\n|-resisted|p2a: Empoleon|1\n|-damage|p2a: Empoleon|81/100\n|move|p2a: Empoleon|Surf|p1a: Vaporeon\n|-heal|p1a: Vaporeon|100/100|[from] ability: Water Absorb|[of] p2a: Empoleon\n|\n|upkeep\n|turn|3\n|\n|t:|1776470278\n|move|p1a: Vaporeon|Scald|p2a: Empoleon\n|-resisted|p2a: Empoleon|1\n|-damage|p2a: Empoleon|64/100\n|move|p2a: Empoleon|Flash Cannon|p1a: Vaporeon\n|-resisted|p1a: Vaporeon|1\n|-activate|p1a: Vaporeon|move: Substitute|[damage]\n|\n|upkeep\n|turn|4\n|\n|t:|1776470286\n|move|p1a: Vaporeon|Scald|p2a: Empoleon\n|-resisted|p2a: Empoleon|1\n|-damage|p2a: Empoleon|46/100\n|move|p2a: Empoleon|Flash Cannon|p1a: Vaporeon\n|-resisted|p1a: Vaporeon|1\n|-end|p1a: Vaporeon|Substitute\n|\n|upkeep\n|turn|5\n|\n|t:|1776470297\n|switch|p2a: Scizor|Scizor, L50, F, shiny|100/100\n|move|p1a: Vaporeon|Substitute|p1a: Vaporeon\n|-start|p1a: Vaporeon|Substitute\n|-damage|p1a: Vaporeon|75/100\n|\n|upkeep\n|turn|6\n|\n|t:|1776470299\n|detailschange|p2a: Scizor|Scizor-Mega, L50, F, shiny\n|-mega|p2a: Scizor|Scizor|Scizorite\n|move|p1a: Vaporeon|Scald|p2a: Scizor\n|-damage|p2a: Scizor|64/100\n|-status|p2a: Scizor|brn\n|move|p2a: Scizor|Swords Dance|p2a: Scizor\n|-boost|p2a: Scizor|atk|2\n|\n|-damage|p2a: Scizor|58/100 brn|[from] brn\n|upkeep\n|turn|7\n|\n|t:|1776470305\n|move|p1a: Vaporeon|Scald|p2a: Scizor\n|-damage|p2a: Scizor|19/100 brn\n|move|p2a: Scizor|Swords Dance|p2a: Scizor\n|-boost|p2a: Scizor|atk|2\n|\n|-damage|p2a: Scizor|12/100 brn|[from] brn\n|upkeep\n|turn|8\n|\n|t:|1776470308\n|move|p2a: Scizor|Bullet Punch|p1a: Vaporeon\n|-resisted|p1a: Vaporeon|1\n|-activate|p1a: Vaporeon|move: Substitute|[damage]\n|move|p1a: Vaporeon|Scald|p2a: Scizor\n|-damage|p2a: Scizor|0 fnt\n|faint|p2a: Scizor\n|\n|upkeep\n|\n|t:|1776470311\n|switch|p2a: Aegislash|Aegislash, L50, M, shiny|100/100\n|turn|9\n|\n|t:|1776470318\n|-formechange|p2a: Aegislash|Aegislash-Blade|\n|move|p2a: Aegislash|Poltergeist|p1a: Vaporeon\n|-activate|p1a: Vaporeon|move: Poltergeist|Sitrus Berry\n|-end|p1a: Vaporeon|Substitute\n|move|p1a: Vaporeon|Yawn|p2a: Aegislash\n|-start|p2a: Aegislash|move: Yawn|[of] p1a: Vaporeon\n|\n|upkeep\n|turn|10\n|\n|t:|1776470326\n|switch|p2a: Empoleon|Empoleon, L50, M, shiny|46/100\n|move|p1a: Vaporeon|Scald|p2a: Empoleon\n|-resisted|p2a: Empoleon|1\n|-damage|p2a: Empoleon|27/100\n|\n|upkeep\n|turn|11\n|\n|t:|1776470328\n|move|p1a: Vaporeon|Substitute|p1a: Vaporeon\n|-start|p1a: Vaporeon|Substitute\n|-damage|p1a: Vaporeon|50/100\n|-enditem|p1a: Vaporeon|Sitrus Berry|[eat]\n|-heal|p1a: Vaporeon|75/100|[from] item: Sitrus Berry\n|move|p2a: Empoleon|Flash Cannon|p1a: Vaporeon\n|-resisted|p1a: Vaporeon|1\n|-activate|p1a: Vaporeon|move: Substitute|[damage]\n|\n|upkeep\n|turn|12\n|\n|t:|1776470332\n|move|p1a: Vaporeon|Scald|p2a: Empoleon\n|-resisted|p2a: Empoleon|1\n|-damage|p2a: Empoleon|7/100\n|move|p2a: Empoleon|Flash Cannon|p1a: Vaporeon\n|-resisted|p1a: Vaporeon|1\n|-end|p1a: Vaporeon|Substitute\n|\n|upkeep\n|turn|13\n|\n|t:|1776470336\n|move|p1a: Vaporeon|Substitute|p1a: Vaporeon\n|-start|p1a: Vaporeon|Substitute\n|-damage|p1a: Vaporeon|50/100\n|move|p2a: Empoleon|Flash Cannon|p1a: Vaporeon\n|-resisted|p1a: Vaporeon|1\n|-activate|p1a: Vaporeon|move: Substitute|[damage]\n|\n|upkeep\n|turn|14\n|\n|t:|1776470338\n|move|p1a: Vaporeon|Scald|p2a: Empoleon\n|-resisted|p2a: Empoleon|1\n|-damage|p2a: Empoleon|0 fnt\n|faint|p2a: Empoleon\n|\n|upkeep\n|\n|t:|1776470339\n|switch|p2a: Aegislash|Aegislash, L50, M, shiny|100/100\n|turn|15\n|\n|t:|1776470343\n|-formechange|p2a: Aegislash|Aegislash-Blade|\n|move|p2a: Aegislash|Sacred Sword|p1a: Vaporeon\n|-end|p1a: Vaporeon|Substitute\n|move|p1a: Vaporeon|Yawn|p2a: Aegislash\n|-start|p2a: Aegislash|move: Yawn|[of] p1a: Vaporeon\n|\n|upkeep\n|turn|16\n|\n|t:|1776470347\n|move|p2a: Aegislash|Poltergeist||[still]\n|-fail|p2a: Aegislash\n|move|p1a: Vaporeon|Scald|p2a: Aegislash\n|-damage|p2a: Aegislash|13/100\n|\n|-end|p2a: Aegislash|move: Yawn|[silent]\n|-status|p2a: Aegislash|slp\n|upkeep\n|turn|17\n|-message|saitoimmortal forfeited.\n|\n|win|ToiletClogger456\n|raw|ToiletClogger456's rating: 1302 &rarr; <strong>1320</strong><br />(+18 for winning)\n|raw|saitoimmortal's rating: 1261 &rarr; <strong>1239</strong><br />(-22 for losing)\n|l|\u2606saitoimmortal\n|player|p2|\n|l| ayooo20\n",
  "uploadtime": 1776470360,
  "views": 12,
  "formatid": "gen9championsbssregma",
  "rating": 1239,
  "private": 0,
  "password": null
}