{
  "id": "gen9championsbssregma-2587975956",
  "format": "[Gen 9 Champions] BSS Reg M-A",
  "players": [
    "wanipoke",
    "asasdfaf"
  ],
  "log": "|j|\u2606wanipoke\n|j|\u2606asasdfaf\n|t:|1776587466\n|gametype|singles\n|player|p1|wanipoke|cheren|1317\n|player|p2|asasdfaf|265|1293\n|gen|9\n|tier|[Gen 9 Champions] BSS Reg M-A\n|rated|\n|rule|Species Clause: Limit one of each Pok\u00e9mon\n|rule|Item Clause: Limit 1 of each item\n|clearpoke\n|poke|p1|Krookodile, L50, F, shiny|\n|poke|p1|Banette, L50, F|\n|poke|p1|Primarina, L50, F|\n|poke|p1|Archaludon, L50, M|\n|poke|p1|Arcanine, L50, F|\n|poke|p1|Forretress, L50, F|\n|poke|p2|Feraligatr, L50, M|\n|poke|p2|Aegislash, L50, F|\n|poke|p2|Garchomp, L50, M|\n|poke|p2|Rotom-Heat, L50|\n|poke|p2|Venusaur, L50, F|\n|poke|p2|Clefable, L50, M|\n|teampreview|3\n|\n|t:|1776587512\n|teamsize|p1|3\n|teamsize|p2|3\n|start\n|switch|p1a: Krookodile|Krookodile, L50, F, shiny|100/100\n|switch|p2a: Clefable|Clefable, L50, M|100/100\n|-ability|p1a: Krookodile|Intimidate|boost\n|-unboost|p2a: Clefable|atk|1\n|turn|1\n|inactive|Battle timer is ON: inactive players will automatically lose when time's up. (requested by asasdfaf)\n|\n|t:|1776587531\n|move|p1a: Krookodile|Rock Tomb|p2a: Clefable\n|-damage|p2a: Clefable|86/100\n|-unboost|p2a: Clefable|spe|1\n|move|p2a: Clefable|Moonblast|p1a: Krookodile\n|-supereffective|p1a: Krookodile|1\n|-damage|p1a: Krookodile|22/100\n|\n|upkeep\n|turn|2\n|\n|t:|1776587541\n|move|p1a: Krookodile|Endeavor|p2a: Clefable\n|-damage|p2a: Clefable|21/100\n|-enditem|p2a: Clefable|Sitrus Berry|[eat]\n|-heal|p2a: Clefable|46/100|[from] item: Sitrus Berry\n|move|p2a: Clefable|Moonblast|p1a: Krookodile\n|-supereffective|p1a: Krookodile|1\n|-crit|p1a: Krookodile\n|-damage|p1a: Krookodile|0 fnt\n|faint|p1a: Krookodile\n|\n|upkeep\n|\n|t:|1776587551\n|switch|p1a: Banette|Banette, L50, F|100/100\n|turn|3\n|\n|t:|1776587560\n|detailschange|p1a: Banette|Banette-Mega, L50, F\n|-mega|p1a: Banette|Banette|Banettite\n|move|p1a: Banette|Shadow Sneak|p2a: Clefable\n|-damage|p2a: Clefable|23/100\n|move|p2a: Clefable|Thunder Wave|p1a: Banette\n|-status|p1a: Banette|par\n|\n|upkeep\n|turn|4\n|\n|t:|1776587568\n|cant|p1a: Banette|par\n|move|p2a: Clefable|Moonblast|p1a: Banette\n|-damage|p1a: Banette|57/100 par\n|\n|upkeep\n|turn|5\n|\n|t:|1776587578\n|switch|p2a: Rotom|Rotom-Heat, L50|100/100\n|move|p1a: Banette|Shadow Sneak|p2a: Rotom\n|-damage|p2a: Rotom|67/100\n|\n|upkeep\n|turn|6\n|\n|t:|1776587589\n|move|p2a: Rotom|Discharge|p1a: Banette\n|-damage|p1a: Banette|8/100 par\n|move|p1a: Banette|Poltergeist|p2a: Rotom\n|-activate|p2a: Rotom|move: Poltergeist|Choice Scarf\n|-damage|p2a: Rotom|0 fnt\n|faint|p2a: Rotom\n|\n|upkeep\n|\n|t:|1776587593\n|switch|p2a: Clefable|Clefable, L50, M|23/100\n|turn|7\n|\n|t:|1776587601\n|move|p1a: Banette|Shadow Sneak|p2a: Clefable\n|-damage|p2a: Clefable|0 fnt\n|faint|p2a: Clefable\n|\n|upkeep\n|-message|asasdfaf forfeited.\n|\n|win|wanipoke\n|raw|wanipoke's rating: 1317 &rarr; <strong>1336</strong><br />(+19 for winning)\n|raw|asasdfaf's rating: 1293 &rarr; <strong>1270</strong><br />(-23 for losing)\n|l|\u2606asasdfaf\n|player|p2|\n|l|\u2606wanipoke\n|player|p1|\n",
  "uploadtime": 1776587608,
  "views": 3,
  "formatid": "gen9championsbssregma",
  "rating": 1270,
  "private": 0,
  "password": null
}