{
  "id": "gen9championsbssregma-2587020831",
  "format": "[Gen 9 Champions] BSS Reg M-A",
  "players": [
    "DreyanM",
    "exomech"
  ],
  "log": "|j|\u2606DreyanM\n|j|\u2606exomech\n|t:|1776482023\n|gametype|singles\n|player|p1|DreyanM|emmet|1027\n|player|p2|exomech|acetrainer-gen4dp|1101\n|gen|9\n|tier|[Gen 9 Champions] BSS Reg M-A\n|rated|\n|rule|Species Clause: Limit one of each Pok\u00e9mon\n|rule|Item Clause: Limit 1 of each item\n|clearpoke\n|poke|p1|Victreebel, L50, M|\n|poke|p1|Primarina, L50, F|\n|poke|p1|Garchomp, L50, M|\n|poke|p1|Aegislash, L50, F|\n|poke|p1|Clefable, L50, F|\n|poke|p1|Glimmora, L50, F|\n|poke|p2|Victreebel, L50, F|\n|poke|p2|Primarina, L50, F|\n|poke|p2|Garchomp, L50, M|\n|poke|p2|Aegislash, L50, F|\n|poke|p2|Clefable, L50, M|\n|poke|p2|Glimmora, L50, F|\n|teampreview|3\n|inactive|Battle timer is ON: inactive players will automatically lose when time's up. (requested by DreyanM)\n|c|\u2606exomech|Yo\n|c|\u2606DreyanM|we watch the same shit\n|c|\u2606exomech|Yup\n|\n|t:|1776482049\n|teamsize|p1|3\n|teamsize|p2|3\n|start\n|switch|p1a: Primarina|Primarina, L50, F|100/100\n|switch|p2a: Primarina|Primarina, L50, F|100/100\n|turn|1\n|c|\u2606exomech|Oh no\n|\n|t:|1776482074\n|move|p1a: Primarina|Moonblast|p2a: Primarina\n|-damage|p2a: Primarina|62/100\n|move|p2a: Primarina|Moonblast|p1a: Primarina\n|-damage|p1a: Primarina|63/100\n|\n|-heal|p1a: Primarina|69/100|[from] item: Leftovers\n|-heal|p2a: Primarina|68/100|[from] item: Leftovers\n|upkeep\n|turn|2\n|\n|t:|1776482084\n|move|p1a: Primarina|Moonblast|p2a: Primarina\n|-damage|p2a: Primarina|28/100\n|move|p2a: Primarina|Moonblast|p1a: Primarina\n|-damage|p1a: Primarina|27/100\n|\n|-heal|p2a: Primarina|34/100|[from] item: Leftovers\n|-heal|p1a: Primarina|33/100|[from] item: Leftovers\n|upkeep\n|turn|3\n|\n|t:|1776482093\n|move|p1a: Primarina|Moonblast|p2a: Primarina\n|-damage|p2a: Primarina|0 fnt\n|faint|p2a: Primarina\n|\n|-heal|p1a: Primarina|39/100|[from] item: Leftovers\n|upkeep\n|\n|t:|1776482096\n|switch|p2a: Aegislash|Aegislash, L50, F|100/100\n|turn|4\n|\n|t:|1776482107\n|-formechange|p2a: Aegislash|Aegislash-Blade|\n|move|p2a: Aegislash|Poltergeist|p1a: Primarina\n|-activate|p1a: Primarina|move: Poltergeist|Leftovers\n|-damage|p1a: Primarina|0 fnt\n|faint|p1a: Primarina\n|\n|upkeep\n|\n|t:|1776482110\n|switch|p1a: Aegislash|Aegislash, L50, F|100/100\n|turn|5\n|\n|t:|1776482122\n|-formechange|p1a: Aegislash|Aegislash-Blade|\n|move|p1a: Aegislash|Poltergeist|p2a: Aegislash\n|-activate|p2a: Aegislash|move: Poltergeist|Focus Sash\n|-supereffective|p2a: Aegislash|1\n|-enditem|p2a: Aegislash|Focus Sash\n|-damage|p2a: Aegislash|1/100\n|move|p2a: Aegislash|Poltergeist|p1a: Aegislash\n|-activate|p1a: Aegislash|move: Poltergeist|Focus Sash\n|-supereffective|p1a: Aegislash|1\n|-enditem|p1a: Aegislash|Focus Sash\n|-damage|p1a: Aegislash|1/100\n|\n|upkeep\n|turn|6\n|c|\u2606exomech|Winning the speed ties consistently\n|\n|t:|1776482140\n|move|p2a: Aegislash|Shadow Sneak|p1a: Aegislash\n|-supereffective|p1a: Aegislash|1\n|-damage|p1a: Aegislash|0 fnt\n|faint|p1a: Aegislash\n|\n|upkeep\n|\n|t:|1776482144\n|switch|p1a: Glimmora|Glimmora, L50, F, shiny|100/100\n|turn|7\n|c|\u2606exomech|We brought the same team\n|c|\u2606DreyanM|lol\n|\n|t:|1776482159\n|detailschange|p1a: Glimmora|Glimmora-Mega, L50, F, shiny\n|-mega|p1a: Glimmora|Glimmora|Glimmoranite\n|move|p2a: Aegislash|Shadow Sneak|p1a: Glimmora\n|-damage|p1a: Glimmora|72/100\n|move|p1a: Glimmora|Earth Power|p2a: Aegislash\n|-supereffective|p2a: Aegislash|1\n|-damage|p2a: Aegislash|0 fnt\n|faint|p2a: Aegislash\n|\n|upkeep\n|\n|t:|1776482165\n|switch|p2a: Glimmora|Glimmora, L50, F|100/100\n|turn|8\n|c|\u2606DreyanM|this is a speed tie too then\n|inactive|exomech has 30 seconds left.\n|inactive|exomech has 20 seconds left.\n|c|\u2606exomech|Game of all time played with a single brain cell.\n|inactive|exomech has 15 seconds left.\n|\n|t:|1776482206\n|detailschange|p2a: Glimmora|Glimmora-Mega, L50, F\n|-mega|p2a: Glimmora|Glimmora|Glimmoranite\n|move|p2a: Glimmora|Earth Power|p1a: Glimmora\n|-supereffective|p1a: Glimmora|2\n|-damage|p1a: Glimmora|0 fnt\n|faint|p1a: Glimmora\n|\n|win|exomech\n|raw|DreyanM's rating: 1027 &rarr; <strong>1016</strong><br />(-11 for losing)\n|raw|exomech's rating: 1101 &rarr; <strong>1121</strong><br />(+20 for winning)\n|c|\u2606DreyanM|nice\n|c|\u2606DreyanM|gg\n|c|\u2606exomech|Gg\n|l|\u2606DreyanM\n|player|p1|\n|c|\u2606exomech|Have a good one\n",
  "uploadtime": 1776482226,
  "views": 14,
  "formatid": "gen9championsbssregma",
  "rating": 1016,
  "private": 0,
  "password": null
}