{
  "id": "gen9championsbssregma-2587741694",
  "format": "[Gen 9 Champions] BSS Reg M-A",
  "players": [
    "Lesbian Mario",
    "pubaladdering"
  ],
  "log": "|j|\u2606Lesbian Mario\n|j|\u2606pubaladdering\n|t:|1776559375\n|gametype|singles\n|player|p1|Lesbian Mario|hugh|1000\n|player|p2|pubaladdering|iono|1074\n|gen|9\n|tier|[Gen 9 Champions] BSS Reg M-A\n|rated|\n|rule|Species Clause: Limit one of each Pok\u00e9mon\n|rule|Item Clause: Limit 1 of each item\n|clearpoke\n|poke|p1|Gengar, L50, M|\n|poke|p1|Slowking, L50, M|\n|poke|p1|Primarina, L50, M|\n|poke|p1|Dragapult, L50, F|\n|poke|p1|Aegislash, L50, M|\n|poke|p1|Toucannon, L50, M|\n|poke|p2|Kleavor, L50, F|\n|poke|p2|Greninja, L50, F|\n|poke|p2|Delphox, L50, M|\n|poke|p2|Polteageist, L50|\n|poke|p2|Aegislash, L50, F|\n|poke|p2|Gyarados, L50, M|\n|teampreview|3\n|inactive|Battle timer is ON: inactive players will automatically lose when time's up. (requested by pubaladdering)\n|inactive|pubaladdering has 60 seconds left.\n|\n|t:|1776559425\n|teamsize|p1|3\n|teamsize|p2|3\n|start\n|switch|p1a: Aegislash|Aegislash, L50, M|100/100\n|switch|p2a: Kleavor|Kleavor, L50, F|100/100\n|turn|1\n|\n|t:|1776559429\n|move|p1a: Aegislash|King's Shield|p1a: Aegislash\n|-singleturn|p1a: Aegislash|Protect\n|move|p2a: Kleavor|U-turn|p1a: Aegislash\n|-activate|p1a: Aegislash|move: Protect\n|-unboost|p2a: Kleavor|atk|1\n|\n|upkeep\n|turn|2\n|\n|t:|1776559437\n|move|p2a: Kleavor|U-turn|p1a: Aegislash\n|-resisted|p1a: Aegislash|2\n|-damage|p1a: Aegislash|96/100\n|\n|t:|1776559444\n|switch|p2a: Aegislash|Aegislash, L50, F|100/100|[from] U-turn\n|-formechange|p1a: Aegislash|Aegislash-Blade|\n|move|p1a: Aegislash|Iron Head|p2a: Aegislash\n|-resisted|p2a: Aegislash|1\n|-damage|p2a: Aegislash|80/100\n|\n|-heal|p2a: Aegislash|86/100|[from] item: Leftovers\n|upkeep\n|turn|3\n|\n|t:|1776559455\n|-formechange|p1a: Aegislash|Aegislash|\n|move|p1a: Aegislash|King's Shield|p1a: Aegislash\n|-singleturn|p1a: Aegislash|Protect\n|move|p2a: Aegislash|Swords Dance|p2a: Aegislash\n|-boost|p2a: Aegislash|atk|2\n|\n|-heal|p2a: Aegislash|92/100|[from] item: Leftovers\n|upkeep\n|turn|4\n|\n|t:|1776559468\n|move|p1a: Aegislash|King's Shield||[still]\n|-fail|p1a: Aegislash\n|move|p2a: Aegislash|Swords Dance|p2a: Aegislash\n|-boost|p2a: Aegislash|atk|2\n|\n|-heal|p2a: Aegislash|98/100|[from] item: Leftovers\n|upkeep\n|turn|5\n|\n|t:|1776559478\n|move|p2a: Aegislash|King's Shield|p2a: Aegislash\n|-singleturn|p2a: Aegislash|Protect\n|-formechange|p1a: Aegislash|Aegislash-Blade|\n|move|p1a: Aegislash|Shadow Sneak|p2a: Aegislash\n|-activate|p2a: Aegislash|move: Protect\n|-unboost|p1a: Aegislash|atk|1\n|\n|-heal|p2a: Aegislash|100/100|[from] item: Leftovers\n|upkeep\n|turn|6\n|\n|t:|1776559490\n|-formechange|p2a: Aegislash|Aegislash-Blade|\n|move|p2a: Aegislash|Shadow Sneak|p1a: Aegislash\n|-supereffective|p1a: Aegislash|1\n|-damage|p1a: Aegislash|0 fnt\n|faint|p1a: Aegislash\n|\n|upkeep\n|\n|t:|1776559493\n|switch|p1a: Toucannon|Toucannon, L50, M|100/100\n|turn|7\n|\n|t:|1776559508\n|move|p1a: Toucannon|Tailwind|p1a: Toucannon\n|-sidestart|p1: Lesbian Mario|move: Tailwind\n|move|p2a: Aegislash|Iron Head|p1a: Toucannon\n|-damage|p1a: Toucannon|0 fnt\n|faint|p1a: Toucannon\n|\n|upkeep\n|\n|t:|1776559513\n|switch|p1a: Gengar|Gengar, L50, M|100/100\n|turn|8\n|\n|t:|1776559517\n|detailschange|p1a: Gengar|Gengar-Mega, L50, M\n|-mega|p1a: Gengar|Gengar|Gengarite\n|move|p2a: Aegislash|Shadow Sneak|p1a: Gengar\n|-supereffective|p1a: Gengar|1\n|-damage|p1a: Gengar|0 fnt\n|faint|p1a: Gengar\n|\n|win|pubaladdering\n|raw|Lesbian Mario's rating: 1000 &rarr; <strong>1000</strong><br />(+0 for losing)\n|raw|pubaladdering's rating: 1074 &rarr; <strong>1097</strong><br />(+23 for winning)\n|l|\u2606Lesbian Mario\n|player|p1|\n",
  "uploadtime": 1776559523,
  "views": 2,
  "formatid": "gen9championsbssregma",
  "rating": 1000,
  "private": 0,
  "password": null
}