{
  "id": "gen9championsbssregma-2587187105",
  "format": "[Gen 9 Champions] BSS Reg M-A",
  "players": [
    "wounddia",
    "Knocksun"
  ],
  "log": "|j|\u2606wounddia\n|j|\u2606Knocksun\n|t:|1776506124\n|gametype|singles\n|player|p1|wounddia|elesa|1252\n|player|p2|Knocksun|169|1346\n|gen|9\n|tier|[Gen 9 Champions] BSS Reg M-A\n|rated|\n|rule|Species Clause: Limit one of each Pok\u00e9mon\n|rule|Item Clause: Limit 1 of each item\n|clearpoke\n|poke|p1|Garchomp, L50, F|\n|poke|p1|Glimmora, L50, F|\n|poke|p1|Corviknight, L50, F|\n|poke|p1|Quaquaval, L50, M|\n|poke|p1|Volcarona, L50, M|\n|poke|p1|Kangaskhan, L50, F|\n|poke|p2|Greninja, L50, M, shiny|\n|poke|p2|Garchomp, L50, M, shiny|\n|poke|p2|Corviknight, L50, M, shiny|\n|poke|p2|Primarina, L50, F|\n|poke|p2|Rotom-Wash, L50, shiny|\n|poke|p2|Dragonite, L50, F|\n|teampreview|3\n|inactive|Battle timer is ON: inactive players will automatically lose when time's up. (requested by Knocksun)\n|\n|t:|1776506182\n|teamsize|p1|3\n|teamsize|p2|3\n|start\n|switch|p1a: Quaquaval|Quaquaval, L50, M|100/100\n|switch|p2a: Primarina|Primarina, L50, F|100/100\n|turn|1\n|\n|t:|1776506205\n|switch|p1a: Corviknight|Corviknight, L50, F|100/100\n|move|p2a: Primarina|Moonblast|p1a: Corviknight\n|-resisted|p1a: Corviknight|1\n|-damage|p1a: Corviknight|82/100\n|\n|-heal|p1a: Corviknight|88/100|[from] item: Leftovers\n|upkeep\n|turn|2\n|\n|t:|1776506219\n|move|p2a: Primarina|Sparkling Aria|p1a: Corviknight\n|-damage|p1a: Corviknight|50/100\n|move|p1a: Corviknight|U-turn|p2a: Primarina\n|-resisted|p2a: Primarina|1\n|-damage|p2a: Primarina|91/100\n|\n|t:|1776506221\n|switch|p1a: Kangaskhan|Kangaskhan, L50, F|100/100|[from] U-turn\n|\n|upkeep\n|turn|3\n|\n|t:|1776506229\n|detailschange|p1a: Kangaskhan|Kangaskhan-Mega, L50, F\n|-mega|p1a: Kangaskhan|Kangaskhan|Kangaskhanite\n|move|p1a: Kangaskhan|Double-Edge|p2a: Primarina\n|-damage|p2a: Primarina|14/100\n|-enditem|p2a: Primarina|Sitrus Berry|[eat]\n|-heal|p2a: Primarina|38/100|[from] item: Sitrus Berry\n|-damage|p2a: Primarina|19/100\n|-hitcount|p2a: Primarina|2\n|-damage|p1a: Kangaskhan|68/100|[from] Recoil\n|move|p2a: Primarina|Moonblast|p1a: Kangaskhan\n|-damage|p1a: Kangaskhan|27/100\n|\n|upkeep\n|turn|4\n|j| p74\n|\n|t:|1776506240\n|move|p1a: Kangaskhan|Earthquake|p2a: Primarina\n|-damage|p2a: Primarina|0 fnt\n|faint|p2a: Primarina\n|-hitcount|p2: Primarina|1\n|\n|upkeep\n|\n|t:|1776506245\n|switch|p2a: Rotom|Rotom-Wash, L50, shiny|100/100\n|turn|5\n|\n|t:|1776506256\n|move|p2a: Rotom|Volt Switch|p1a: Kangaskhan\n|-damage|p1a: Kangaskhan|0 fnt\n|faint|p1a: Kangaskhan\n|\n|t:|1776506259\n|switch|p2a: Dragonite|Dragonite, L50, F|100/100|[from] Volt Switch\n|\n|upkeep\n|\n|t:|1776506279\n|switch|p1a: Quaquaval|Quaquaval, L50, M|100/100\n|turn|6\n|\n|t:|1776506285\n|detailschange|p2a: Dragonite|Dragonite-Mega, L50, F\n|-mega|p2a: Dragonite|Dragonite|Dragoninite\n|move|p1a: Quaquaval|Triple Axel|p2a: Dragonite\n|-supereffective|p2a: Dragonite|2\n|-damage|p2a: Dragonite|89/100\n|-supereffective|p2a: Dragonite|2\n|-damage|p2a: Dragonite|43/100\n|-supereffective|p2a: Dragonite|2\n|-damage|p2a: Dragonite|0 fnt\n|faint|p2a: Dragonite\n|-ability|p1a: Quaquaval|Moxie|boost\n|-boost|p1a: Quaquaval|atk|1\n|-hitcount|p2: Dragonite|3\n|\n|upkeep\n|\n|t:|1776506290\n|switch|p2a: Rotom|Rotom-Wash, L50, shiny|100/100\n|turn|7\n|\n|t:|1776506297\n|move|p2a: Rotom|Thunderbolt|p1a: Quaquaval\n|-supereffective|p1a: Quaquaval|1\n|-damage|p1a: Quaquaval|0 fnt\n|faint|p1a: Quaquaval\n|\n|upkeep\n|\n|t:|1776506299\n|switch|p1a: Corviknight|Corviknight, L50, F|50/100\n|turn|8\n|\n|t:|1776506301\n|move|p2a: Rotom|Thunderbolt|p1a: Corviknight\n|-supereffective|p1a: Corviknight|1\n|-damage|p1a: Corviknight|0 fnt\n|faint|p1a: Corviknight\n|\n|win|Knocksun\n|raw|wounddia's rating: 1252 &rarr; <strong>1234</strong><br />(-18 for losing)\n|raw|Knocksun's rating: 1346 &rarr; <strong>1361</strong><br />(+15 for winning)\n|l|\u2606wounddia\n|player|p1|\n|l|\u2606Knocksun\n|player|p2|\n",
  "uploadtime": 1776506351,
  "views": 2,
  "formatid": "gen9championsbssregma",
  "rating": 1234,
  "private": 0,
  "password": null
}