{
  "id": "gen9championsbssregma-2588573182",
  "format": "[Gen 9 Champions] BSS Reg M-A",
  "players": [
    "Gshs5",
    "dinooo778"
  ],
  "log": "|j|\u2606Gshs5\n|j|\u2606dinooo778\n|t:|1776646283\n|gametype|singles\n|player|p1|Gshs5|170|1160\n|player|p2|dinooo778|266|1081\n|gen|9\n|tier|[Gen 9 Champions] BSS Reg M-A\n|rated|\n|rule|Species Clause: Limit one of each Pok\u00e9mon\n|rule|Item Clause: Limit 1 of each item\n|clearpoke\n|poke|p1|Garchomp, L50, M|\n|poke|p1|Gyarados, L50, F|\n|poke|p1|Absol, L50, F|\n|poke|p1|Aegislash, L50, F|\n|poke|p1|Pinsir, L50, M|\n|poke|p1|Serperior, L50, F|\n|poke|p2|Politoed, L50, F|\n|poke|p2|Archaludon, L50, M|\n|poke|p2|Sneasler, L50, F|\n|poke|p2|Ditto, L50|\n|poke|p2|Charizard, L50, M|\n|poke|p2|Venusaur, L50, M|\n|teampreview|3\n|\n|t:|1776646323\n|teamsize|p1|3\n|teamsize|p2|3\n|start\n|switch|p1a: Garchomp|Garchomp, L50, M|100/100\n|switch|p2a: Charizard|Charizard, L50, M|100/100\n|turn|1\n|inactive|Battle timer is ON: inactive players will automatically lose when time's up. (requested by Gshs5)\n|\n|t:|1776646332\n|detailschange|p2a: Charizard|Charizard-Mega-Y, L50, M\n|-mega|p2a: Charizard|Charizard|Charizardite Y\n|-weather|SunnyDay|[from] ability: Drought|[of] p2a: Charizard\n|move|p1a: Garchomp|Scale Shot|p2a: Charizard\n|-damage|p2a: Charizard|80/100\n|-damage|p2a: Charizard|62/100\n|-damage|p2a: Charizard|44/100\n|-crit|p2a: Charizard\n|-damage|p2a: Charizard|14/100\n|-damage|p2a: Charizard|0 fnt\n|faint|p2a: Charizard\n|-hitcount|p2: Charizard|5\n|-unboost|p1a: Garchomp|def|1\n|-boost|p1a: Garchomp|spe|1\n|\n|-weather|SunnyDay|[upkeep]\n|upkeep\n|\n|t:|1776646346\n|switch|p2a: Ditto|Ditto, L50|100/100\n|-transform|p2a: Ditto|p1a: Garchomp|[from] ability: Imposter\n|turn|2\n|\n|t:|1776646352\n|switch|p1a: Gyarados|Gyarados, L50, F|100/100\n|-ability|p1a: Gyarados|Intimidate|boost\n|-unboost|p2a: Ditto|atk|1\n|move|p2a: Ditto|Scale Shot|p1a: Gyarados\n|-damage|p1a: Gyarados|93/100\n|-damage|p1a: Gyarados|86/100\n|-damage|p1a: Gyarados|77/100\n|-hitcount|p1a: Gyarados|3\n|-unboost|p2a: Ditto|def|1\n|-boost|p2a: Ditto|spe|1\n|\n|-weather|SunnyDay|[upkeep]\n|upkeep\n|turn|3\n|\n|t:|1776646364\n|switch|p2a: Venusaur|Venusaur, L50, M|100/100\n|move|p1a: Gyarados|Dragon Tail|p2a: Venusaur\n|-damage|p2a: Venusaur|76/100\n|drag|p2a: Ditto|Ditto, L50|100/100\n|-transform|p2a: Ditto|p1a: Gyarados|[from] ability: Imposter\n|-ability|p2a: Ditto|Intimidate|boost\n|-unboost|p1a: Gyarados|atk|1\n|\n|-weather|SunnyDay|[upkeep]\n|upkeep\n|turn|4\n|\n|t:|1776646377\n|switch|p1a: Garchomp|Garchomp, L50, M|100/100\n|move|p2a: Ditto|Dragon Tail|p1a: Garchomp\n|-supereffective|p1a: Garchomp|1\n|-damage|p1a: Garchomp|62/100\n|-damage|p2a: Ditto|88/100|[from] ability: Rough Skin|[of] p1a: Garchomp\n|drag|p1a: Pinsir|Pinsir, L50, M|100/100\n|\n|-weather|SunnyDay|[upkeep]\n|upkeep\n|turn|5\n|\n|t:|1776646394\n|switch|p2a: Venusaur|Venusaur, L50, M|76/100\n|detailschange|p1a: Pinsir|Pinsir-Mega, L50, M\n|-mega|p1a: Pinsir|Pinsir|Pinsirite\n|move|p1a: Pinsir|Thrash|p2a: Venusaur\n|-supereffective|p2a: Venusaur|1\n|-damage|p2a: Venusaur|0 fnt\n|faint|p2a: Venusaur\n|\n|-weather|none\n|upkeep\n|\n|t:|1776646402\n|switch|p2a: Ditto|Ditto, L50|88/100\n|-transform|p2a: Ditto|p1a: Pinsir|[from] ability: Imposter\n|turn|6\n|\n|t:|1776646409\n|move|p2a: Ditto|Body Slam|p1a: Pinsir\n|-supereffective|p1a: Pinsir|1\n|-crit|p1a: Pinsir\n|-damage|p1a: Pinsir|0 fnt\n|faint|p1a: Pinsir\n|\n|upkeep\n|\n|t:|1776646412\n|switch|p1a: Gyarados|Gyarados, L50, F|77/100\n|-ability|p1a: Gyarados|Intimidate|boost\n|-unboost|p2a: Ditto|atk|1\n|turn|7\n|\n|t:|1776646416\n|move|p2a: Ditto|Body Slam|p1a: Gyarados\n|-crit|p1a: Gyarados\n|-damage|p1a: Gyarados|4/100\n|-status|p1a: Gyarados|par\n|-enditem|p1a: Gyarados|Sitrus Berry|[eat]\n|-heal|p1a: Gyarados|28/100 par|[from] item: Sitrus Berry\n|move|p1a: Gyarados|Thunder Wave|p2a: Ditto\n|-status|p2a: Ditto|par\n|\n|upkeep\n|turn|8\n|\n|t:|1776646425\n|move|p2a: Ditto|Body Slam|p1a: Gyarados\n|-damage|p1a: Gyarados|0 fnt\n|faint|p1a: Gyarados\n|\n|upkeep\n|\n|t:|1776646427\n|switch|p1a: Garchomp|Garchomp, L50, M|62/100\n|turn|9\n|\n|t:|1776646431\n|move|p1a: Garchomp|Fire Fang|p2a: Ditto\n|-supereffective|p2a: Ditto|1\n|-crit|p2a: Ditto\n|-damage|p2a: Ditto|4/100 par\n|move|p2a: Ditto|Body Slam|p1a: Garchomp\n|-damage|p1a: Garchomp|19/100\n|-damage|p2a: Ditto|0 fnt|[from] ability: Rough Skin|[of] p1a: Garchomp\n|faint|p2a: Ditto\n|\n|win|Gshs5\n|raw|Gshs5's rating: 1160 &rarr; <strong>1179</strong><br />(+19 for winning)\n|raw|dinooo778's rating: 1081 &rarr; <strong>1064</strong><br />(-17 for losing)\n",
  "uploadtime": 1776646434,
  "views": 1,
  "formatid": "gen9championsbssregma",
  "rating": 1064,
  "private": 0,
  "password": null
}