{
  "id": "gen9championsbssregma-2583933080",
  "format": "[Gen 9 Champions] BSS Reg M-A",
  "players": [
    "Luke_K7",
    "Penty"
  ],
  "log": "|j|\u2606Luke_K7\n|j|\u2606Penty\n|t:|1776209523\n|gametype|singles\n|player|p1|Luke_K7|cynthia-gen4|1079\n|player|p2|Penty|170|1051\n|gen|9\n|tier|[Gen 9 Champions] BSS Reg M-A\n|rated|\n|rule|Species Clause: Limit one of each Pok\u00e9mon\n|rule|Item Clause: Limit 1 of each item\n|clearpoke\n|poke|p1|Whimsicott, L50, F|\n|poke|p1|Tyranitar, L50, M|\n|poke|p1|Arcanine, L50, M|\n|poke|p1|Drampa, L50, F|\n|poke|p1|Aggron, L50, M|\n|poke|p1|Sylveon, L50, F|\n|poke|p2|Sneasler, L50, F|\n|poke|p2|Garchomp, L50, F|\n|poke|p2|Tyranitar, L50, M|\n|poke|p2|Aerodactyl, L50, F|\n|poke|p2|Empoleon, L50, M|\n|poke|p2|Corviknight, L50, M|\n|teampreview|3\n|\n|t:|1776209578\n|teamsize|p1|3\n|teamsize|p2|3\n|start\n|switch|p1a: Whimsicott|Whimsicott, L50, F|100/100\n|switch|p2a: Garchomp|Garchomp, L50, F|100/100\n|turn|1\n|\n|t:|1776209589\n|move|p1a: Whimsicott|Taunt|p2a: Garchomp\n|-start|p2a: Garchomp|move: Taunt\n|cant|p2a: Garchomp|move: Taunt|Stealth Rock\n|\n|upkeep\n|turn|2\n|\n|t:|1776209611\n|move|p2a: Garchomp|Iron Head|p1a: Whimsicott\n|-supereffective|p1a: Whimsicott|1\n|-damage|p1a: Whimsicott|42/100\n|move|p1a: Whimsicott|U-turn|p2a: Garchomp\n|-damage|p2a: Garchomp|87/100\n|-damage|p1a: Whimsicott|30/100|[from] ability: Rough Skin|[of] p2a: Garchomp\n|\n|t:|1776209619\n|switch|p1a: Aggron|Aggron, L50, M|100/100|[from] U-turn\n|\n|upkeep\n|turn|3\n|\n|t:|1776209631\n|move|p2a: Garchomp|Earthquake|p1a: Aggron\n|-supereffective|p1a: Aggron|2\n|-ability|p1a: Aggron|Sturdy\n|-damage|p1a: Aggron|1/100\n|move|p1a: Aggron|Stealth Rock|p2a: Garchomp\n|-sidestart|p2: Penty|move: Stealth Rock\n|\n|-end|p2a: Garchomp|move: Taunt\n|upkeep\n|turn|4\n|\n|t:|1776209647\n|move|p2a: Garchomp|Earthquake|p1a: Aggron\n|-supereffective|p1a: Aggron|2\n|-damage|p1a: Aggron|0 fnt\n|faint|p1a: Aggron\n|\n|upkeep\n|\n|t:|1776209650\n|switch|p1a: Whimsicott|Whimsicott, L50, F|30/100\n|turn|5\n|\n|t:|1776209654\n|move|p1a: Whimsicott|Taunt|p2a: Garchomp\n|-start|p2a: Garchomp|move: Taunt\n|move|p2a: Garchomp|Iron Head|p1a: Whimsicott\n|-supereffective|p1a: Whimsicott|1\n|-damage|p1a: Whimsicott|0 fnt\n|faint|p1a: Whimsicott\n|\n|upkeep\n|\n|t:|1776209658\n|switch|p1a: Tyranitar|Tyranitar, L50, M|100/100\n|-weather|Sandstorm|[from] ability: Sand Stream|[of] p1a: Tyranitar\n|turn|6\n|\n|t:|1776209673\n|detailschange|p1a: Tyranitar|Tyranitar-Mega, L50, M\n|-mega|p1a: Tyranitar|Tyranitar|Tyranitarite\n|move|p2a: Garchomp|Earthquake|p1a: Tyranitar\n|-supereffective|p1a: Tyranitar|1\n|-damage|p1a: Tyranitar|18/100\n|move|p1a: Tyranitar|Dragon Dance|p1a: Tyranitar\n|-boost|p1a: Tyranitar|atk|1\n|-boost|p1a: Tyranitar|spe|1\n|\n|-weather|Sandstorm|[upkeep]\n|upkeep\n|turn|7\n|\n|t:|1776209686\n|move|p1a: Tyranitar|Ice Punch|p2a: Garchomp\n|-supereffective|p2a: Garchomp|2\n|-enditem|p2a: Garchomp|Yache Berry|[eat]\n|-enditem|p2a: Garchomp|Yache Berry|[weaken]\n|-damage|p2a: Garchomp|0 fnt\n|-damage|p1a: Tyranitar|6/100|[from] ability: Rough Skin|[of] p2a: Garchomp\n|faint|p2a: Garchomp\n|\n|-weather|Sandstorm|[upkeep]\n|upkeep\n|\n|t:|1776209694\n|switch|p2a: Aerodactyl|Aerodactyl, L50, F|100/100\n|-damage|p2a: Aerodactyl|76/100|[from] Stealth Rock\n|turn|8\n|\n|t:|1776209702\n|detailschange|p2a: Aerodactyl|Aerodactyl-Mega, L50, F\n|-mega|p2a: Aerodactyl|Aerodactyl|Aerodactylite\n|move|p2a: Aerodactyl|Earthquake|p1a: Tyranitar\n|-supereffective|p1a: Tyranitar|1\n|-damage|p1a: Tyranitar|0 fnt\n|faint|p1a: Tyranitar\n|\n|win|Penty\n|raw|Luke_K7's rating: 1079 &rarr; <strong>1055</strong><br />(-24 for losing)\n|raw|Penty's rating: 1051 &rarr; <strong>1086</strong><br />(+35 for winning)\n",
  "uploadtime": 1776209719,
  "views": 5,
  "formatid": "gen9championsbssregma",
  "rating": 1055,
  "private": 0,
  "password": null
}