{
  "id": "gen9championsbssregma-2583212288",
  "format": "[Gen 9 Champions] BSS Reg M-A",
  "players": [
    "lovrillo",
    "I0I7peng"
  ],
  "log": "|j|\u2606lovrillo\n|j|\u2606I0I7peng\n|t:|1776155344\n|gametype|singles\n|player|p1|lovrillo|265|1340\n|player|p2|I0I7peng|may-masters4|1344\n|gen|9\n|tier|[Gen 9 Champions] BSS Reg M-A\n|rated|\n|rule|Species Clause: Limit one of each Pok\u00e9mon\n|rule|Item Clause: Limit 1 of each item\n|clearpoke\n|poke|p1|Umbreon, L50, F|\n|poke|p1|Glimmora, L50, F|\n|poke|p1|Primarina, L50, F|\n|poke|p1|Delphox, L50, M|\n|poke|p1|Ampharos, L50, F|\n|poke|p1|Toxapex, L50, F|\n|poke|p2|Starmie, L50|\n|poke|p2|Aegislash, L50, F|\n|poke|p2|Hydreigon, L50, F|\n|poke|p2|Hippowdon, L50, F|\n|poke|p2|Rotom-Wash, L50|\n|poke|p2|Floette-Eternal, L50, F|\n|teampreview|3\n|inactive|Battle timer is ON: inactive players will automatically lose when time's up. (requested by I0I7peng)\n|inactive|lovrillo has 60 seconds left.\n|\n|t:|1776155382\n|teamsize|p1|3\n|teamsize|p2|3\n|start\n|switch|p1a: Glimmora|Glimmora, L50, F, shiny|100/100\n|switch|p2a: Starmie|Starmie, L50|100/100\n|turn|1\n|\n|t:|1776155387\n|detailschange|p2a: Starmie|Starmie-Mega, L50\n|-mega|p2a: Starmie|Starmie|Starminite\n|move|p2a: Starmie|Flip Turn|p1a: Glimmora\n|-supereffective|p1a: Glimmora|1\n|-enditem|p1a: Glimmora|Focus Sash\n|-damage|p1a: Glimmora|1/100\n|-activate|p1a: Glimmora|ability: Toxic Debris\n|-sidestart|p2: I0I7peng|move: Toxic Spikes\n|\n|t:|1776155396\n|switch|p2a: Aegislash|Aegislash, L50, F|100/100|[from] Flip Turn\n|move|p1a: Glimmora|Stealth Rock|p2a: Aegislash\n|-sidestart|p2: I0I7peng|move: Stealth Rock\n|\n|upkeep\n|turn|2\n|\n|t:|1776155401\n|-formechange|p2a: Aegislash|Aegislash-Blade|\n|move|p2a: Aegislash|Shadow Sneak|p1a: Glimmora\n|-damage|p1a: Glimmora|0 fnt\n|-activate|p1a: Glimmora|ability: Toxic Debris\n|-sidestart|p2: I0I7peng|move: Toxic Spikes\n|faint|p1a: Glimmora\n|\n|upkeep\n|\n|t:|1776155404\n|switch|p1a: Umbreon|Umbreon, L50, F, shiny|100/100\n|turn|3\n|\n|t:|1776155416\n|move|p2a: Aegislash|Close Combat|p1a: Umbreon\n|-supereffective|p1a: Umbreon|1\n|-damage|p1a: Umbreon|44/100\n|-unboost|p2a: Aegislash|def|1\n|-unboost|p2a: Aegislash|spd|1\n|move|p1a: Umbreon|Foul Play|p2a: Aegislash\n|-supereffective|p2a: Aegislash|1\n|-damage|p2a: Aegislash|0 fnt\n|faint|p2a: Aegislash\n|\n|-heal|p1a: Umbreon|50/100|[from] item: Leftovers\n|upkeep\n|\n|t:|1776155424\n|switch|p2a: Starmie|Starmie-Mega, L50|100/100\n|-status|p2a: Starmie|tox\n|-damage|p2a: Starmie|88/100 tox|[from] Stealth Rock\n|turn|4\n|\n|t:|1776155427\n|move|p1a: Umbreon|Protect|p1a: Umbreon\n|-singleturn|p1a: Umbreon|Protect\n|move|p2a: Starmie|Liquidation|p1a: Umbreon\n|-activate|p1a: Umbreon|move: Protect\n|\n|-heal|p1a: Umbreon|56/100|[from] item: Leftovers\n|-damage|p2a: Starmie|82/100 tox|[from] psn\n|upkeep\n|turn|5\n|\n|t:|1776155432\n|move|p2a: Starmie|Flip Turn|p1a: Umbreon\n|-damage|p1a: Umbreon|27/100\n|\n|t:|1776155434\n|switch|p2a: Rotom|Rotom-Wash, L50|100/100|[from] Flip Turn\n|-damage|p2a: Rotom|88/100|[from] Stealth Rock\n|move|p1a: Umbreon|Wish|p1a: Umbreon\n|\n|-heal|p2a: Rotom|94/100|[from] item: Leftovers\n|-heal|p1a: Umbreon|33/100|[from] item: Leftovers\n|upkeep\n|turn|6\n|\n|t:|1776155440\n|move|p1a: Umbreon|Protect|p1a: Umbreon\n|-singleturn|p1a: Umbreon|Protect\n|move|p2a: Rotom|Will-O-Wisp|p1a: Umbreon\n|-activate|p1a: Umbreon|move: Protect\n|\n|-heal|p1a: Umbreon|83/100|[from] move: Wish|[wisher] Umbreon\n|-heal|p2a: Rotom|99/100|[from] item: Leftovers\n|-heal|p1a: Umbreon|89/100|[from] item: Leftovers\n|upkeep\n|turn|7\n|\n|t:|1776155450\n|move|p2a: Rotom|Will-O-Wisp|p1a: Umbreon\n|-status|p1a: Umbreon|brn\n|-activate|p1a: Umbreon|ability: Synchronize\n|-status|p2a: Rotom|brn\n|move|p1a: Umbreon|Yawn||[still]\n|-fail|p1a: Umbreon\n|\n|-heal|p2a: Rotom|100/100 brn|[from] item: Leftovers\n|-heal|p1a: Umbreon|95/100 brn|[from] item: Leftovers\n|-damage|p2a: Rotom|95/100 brn|[from] brn\n|-damage|p1a: Umbreon|89/100 brn|[from] brn\n|upkeep\n|turn|8\n|\n|t:|1776155463\n|move|p2a: Rotom|Thunderbolt|p1a: Umbreon\n|-damage|p1a: Umbreon|67/100 brn\n|move|p1a: Umbreon|Wish|p1a: Umbreon\n|\n|-heal|p2a: Rotom|100/100 brn|[from] item: Leftovers\n|-heal|p1a: Umbreon|73/100 brn|[from] item: Leftovers\n|-damage|p2a: Rotom|95/100 brn|[from] brn\n|-damage|p1a: Umbreon|67/100 brn|[from] brn\n|upkeep\n|turn|9\n|\n|t:|1776155468\n|move|p2a: Rotom|Thunderbolt|p1a: Umbreon\n|-crit|p1a: Umbreon\n|-damage|p1a: Umbreon|32/100 brn\n|move|p1a: Umbreon|Foul Play|p2a: Rotom\n|-damage|p2a: Rotom|85/100 brn\n|\n|-heal|p1a: Umbreon|82/100 brn|[from] move: Wish|[wisher] Umbreon\n|-heal|p2a: Rotom|91/100 brn|[from] item: Leftovers\n|-heal|p1a: Umbreon|88/100 brn|[from] item: Leftovers\n|-damage|p2a: Rotom|85/100 brn|[from] brn\n|-damage|p1a: Umbreon|82/100 brn|[from] brn\n|upkeep\n|turn|10\n|j| WHERE'S D RUM\n|\n|t:|1776155480\n|move|p2a: Rotom|Thunderbolt|p1a: Umbreon\n|-damage|p1a: Umbreon|60/100 brn\n|move|p1a: Umbreon|Wish|p1a: Umbreon\n|\n|-heal|p2a: Rotom|91/100 brn|[from] item: Leftovers\n|-heal|p1a: Umbreon|66/100 brn|[from] item: Leftovers\n|-damage|p2a: Rotom|85/100 brn|[from] brn\n|-damage|p1a: Umbreon|60/100 brn|[from] brn\n|upkeep\n|turn|11\n|l| WHERE'S D RUM\n|\n|t:|1776155491\n|move|p2a: Rotom|Thunderbolt|p1a: Umbreon\n|-damage|p1a: Umbreon|38/100 brn\n|move|p1a: Umbreon|Foul Play|p2a: Rotom\n|-damage|p2a: Rotom|76/100 brn\n|\n|-heal|p1a: Umbreon|88/100 brn|[from] move: Wish|[wisher] Umbreon\n|-heal|p2a: Rotom|81/100 brn|[from] item: Leftovers\n|-heal|p1a: Umbreon|94/100 brn|[from] item: Leftovers\n|-damage|p2a: Rotom|76/100 brn|[from] brn\n|-damage|p1a: Umbreon|88/100 brn|[from] brn\n|upkeep\n|turn|12\n|\n|t:|1776155495\n|move|p2a: Rotom|Thunderbolt|p1a: Umbreon\n|-damage|p1a: Umbreon|62/100 brn\n|move|p1a: Umbreon|Yawn||[still]\n|-fail|p1a: Umbreon\n|\n|-heal|p2a: Rotom|81/100 brn|[from] item: Leftovers\n|-heal|p1a: Umbreon|68/100 brn|[from] item: Leftovers\n|-damage|p2a: Rotom|76/100 brn|[from] brn\n|-damage|p1a: Umbreon|62/100 brn|[from] brn\n|upkeep\n|turn|13\n|\n|t:|1776155498\n|move|p2a: Rotom|Thunderbolt|p1a: Umbreon\n|-damage|p1a: Umbreon|38/100 brn\n|move|p1a: Umbreon|Wish|p1a: Umbreon\n|\n|-heal|p2a: Rotom|81/100 brn|[from] item: Leftovers\n|-heal|p1a: Umbreon|44/100 brn|[from] item: Leftovers\n|-damage|p2a: Rotom|76/100 brn|[from] brn\n|-damage|p1a: Umbreon|38/100 brn|[from] brn\n|upkeep\n|turn|14\n|\n|t:|1776155503\n|move|p1a: Umbreon|Protect|p1a: Umbreon\n|-singleturn|p1a: Umbreon|Protect\n|move|p2a: Rotom|Thunderbolt|p1a: Umbreon\n|-activate|p1a: Umbreon|move: Protect\n|\n|-heal|p1a: Umbreon|88/100 brn|[from] move: Wish|[wisher] Umbreon\n|-heal|p2a: Rotom|81/100 brn|[from] item: Leftovers\n|-heal|p1a: Umbreon|94/100 brn|[from] item: Leftovers\n|-damage|p2a: Rotom|76/100 brn|[from] brn\n|-damage|p1a: Umbreon|88/100 brn|[from] brn\n|upkeep\n|turn|15\n|\n|t:|1776155506\n|move|p2a: Rotom|Thunderbolt|p1a: Umbreon\n|-damage|p1a: Umbreon|66/100 brn\n|move|p1a: Umbreon|Foul Play|p2a: Rotom\n|-damage|p2a: Rotom|67/100 brn\n|\n|-heal|p2a: Rotom|72/100 brn|[from] item: Leftovers\n|-heal|p1a: Umbreon|72/100 brn|[from] item: Leftovers\n|-damage|p2a: Rotom|67/100 brn|[from] brn\n|-damage|p1a: Umbreon|66/100 brn|[from] brn\n|upkeep\n|turn|16\n|\n|t:|1776155508\n|move|p2a: Rotom|Thunderbolt|p1a: Umbreon\n|-damage|p1a: Umbreon|43/100 brn\n|move|p1a: Umbreon|Wish|p1a: Umbreon\n|\n|-heal|p2a: Rotom|72/100 brn|[from] item: Leftovers\n|-heal|p1a: Umbreon|49/100 brn|[from] item: Leftovers\n|-damage|p2a: Rotom|67/100 brn|[from] brn\n|-damage|p1a: Umbreon|43/100 brn|[from] brn\n|upkeep\n|turn|17\n|\n|t:|1776155518\n|move|p1a: Umbreon|Protect|p1a: Umbreon\n|-singleturn|p1a: Umbreon|Protect\n|move|p2a: Rotom|Thunderbolt|p1a: Umbreon\n|-activate|p1a: Umbreon|move: Protect\n|\n|-heal|p1a: Umbreon|93/100 brn|[from] move: Wish|[wisher] Umbreon\n|-heal|p2a: Rotom|72/100 brn|[from] item: Leftovers\n|-heal|p1a: Umbreon|99/100 brn|[from] item: Leftovers\n|-damage|p2a: Rotom|67/100 brn|[from] brn\n|-damage|p1a: Umbreon|93/100 brn|[from] brn\n|upkeep\n|turn|18\n|\n|t:|1776155529\n|move|p2a: Rotom|Thunderbolt|p1a: Umbreon\n|-damage|p1a: Umbreon|69/100 brn\n|move|p1a: Umbreon|Foul Play|p2a: Rotom\n|-damage|p2a: Rotom|58/100 brn\n|\n|-heal|p2a: Rotom|64/100 brn|[from] item: Leftovers\n|-heal|p1a: Umbreon|75/100 brn|[from] item: Leftovers\n|-damage|p2a: Rotom|58/100 brn|[from] brn\n|-damage|p1a: Umbreon|69/100 brn|[from] brn\n|upkeep\n|turn|19\n|\n|t:|1776155554\n|move|p2a: Rotom|Hydro Pump|p1a: Umbreon\n|-damage|p1a: Umbreon|40/100 brn\n|move|p1a: Umbreon|Wish|p1a: Umbreon\n|\n|-heal|p2a: Rotom|64/100 brn|[from] item: Leftovers\n|-heal|p1a: Umbreon|46/100 brn|[from] item: Leftovers\n|-damage|p2a: Rotom|58/100 brn|[from] brn\n|-damage|p1a: Umbreon|40/100 brn|[from] brn\n|upkeep\n|turn|20\n|\n|t:|1776155559\n|move|p1a: Umbreon|Protect|p1a: Umbreon\n|-singleturn|p1a: Umbreon|Protect\n|move|p2a: Rotom|Hydro Pump|p1a: Umbreon\n|-activate|p1a: Umbreon|move: Protect\n|\n|-heal|p1a: Umbreon|90/100 brn|[from] move: Wish|[wisher] Umbreon\n|-heal|p2a: Rotom|64/100 brn|[from] item: Leftovers\n|-heal|p1a: Umbreon|96/100 brn|[from] item: Leftovers\n|-damage|p2a: Rotom|58/100 brn|[from] brn\n|-damage|p1a: Umbreon|90/100 brn|[from] brn\n|upkeep\n|turn|21\n|\n|t:|1776155561\n|move|p2a: Rotom|Hydro Pump|p1a: Umbreon\n|-damage|p1a: Umbreon|59/100 brn\n|move|p1a: Umbreon|Wish|p1a: Umbreon\n|\n|-heal|p2a: Rotom|64/100 brn|[from] item: Leftovers\n|-heal|p1a: Umbreon|65/100 brn|[from] item: Leftovers\n|-damage|p2a: Rotom|58/100 brn|[from] brn\n|-damage|p1a: Umbreon|59/100 brn|[from] brn\n|upkeep\n|turn|22\n|\n|t:|1776155577\n|move|p2a: Rotom|Thunderbolt|p1a: Umbreon\n|-damage|p1a: Umbreon|37/100 brn\n|move|p1a: Umbreon|Wish||[still]\n|-fail|p1a: Umbreon\n|\n|-heal|p1a: Umbreon|87/100 brn|[from] move: Wish|[wisher] Umbreon\n|-heal|p2a: Rotom|64/100 brn|[from] item: Leftovers\n|-heal|p1a: Umbreon|93/100 brn|[from] item: Leftovers\n|-damage|p2a: Rotom|58/100 brn|[from] brn\n|-damage|p1a: Umbreon|87/100 brn|[from] brn\n|upkeep\n|turn|23\n|\n|t:|1776155586\n|move|p2a: Rotom|Thunderbolt|p1a: Umbreon\n|-damage|p1a: Umbreon|63/100 brn\n|move|p1a: Umbreon|Foul Play|p2a: Rotom\n|-damage|p2a: Rotom|50/100 brn\n|\n|-heal|p2a: Rotom|55/100 brn|[from] item: Leftovers\n|-heal|p1a: Umbreon|69/100 brn|[from] item: Leftovers\n|-damage|p2a: Rotom|50/100 brn|[from] brn\n|-damage|p1a: Umbreon|63/100 brn|[from] brn\n|upkeep\n|turn|24\n|j| p74\n|\n|t:|1776155603\n|move|p1a: Umbreon|Protect|p1a: Umbreon\n|-singleturn|p1a: Umbreon|Protect\n|move|p2a: Rotom|Thunderbolt|p1a: Umbreon\n|-activate|p1a: Umbreon|move: Protect\n|\n|-heal|p2a: Rotom|55/100 brn|[from] item: Leftovers\n|-heal|p1a: Umbreon|69/100 brn|[from] item: Leftovers\n|-damage|p2a: Rotom|50/100 brn|[from] brn\n|-damage|p1a: Umbreon|63/100 brn|[from] brn\n|upkeep\n|turn|25\n|\n|t:|1776155607\n|move|p2a: Rotom|Thunderbolt|p1a: Umbreon\n|-damage|p1a: Umbreon|39/100 brn\n|move|p1a: Umbreon|Wish|p1a: Umbreon\n|\n|-heal|p2a: Rotom|55/100 brn|[from] item: Leftovers\n|-heal|p1a: Umbreon|45/100 brn|[from] item: Leftovers\n|-damage|p2a: Rotom|50/100 brn|[from] brn\n|-damage|p1a: Umbreon|39/100 brn|[from] brn\n|upkeep\n|turn|26\n|\n|t:|1776155611\n|move|p2a: Rotom|Thunderbolt|p1a: Umbreon\n|-damage|p1a: Umbreon|16/100 brn\n|move|p1a: Umbreon|Foul Play|p2a: Rotom\n|-damage|p2a: Rotom|41/100 brn\n|\n|-heal|p1a: Umbreon|66/100 brn|[from] move: Wish|[wisher] Umbreon\n|-heal|p2a: Rotom|46/100 brn|[from] item: Leftovers\n|-heal|p1a: Umbreon|72/100 brn|[from] item: Leftovers\n|-damage|p2a: Rotom|41/100 brn|[from] brn\n|-damage|p1a: Umbreon|66/100 brn|[from] brn\n|upkeep\n|turn|27\n|\n|t:|1776155615\n|move|p2a: Rotom|Volt Switch|p1a: Umbreon\n|-damage|p1a: Umbreon|47/100 brn\n|\n|t:|1776155618\n|switch|p2a: Starmie|Starmie-Mega, L50|82/100 tox|[from] Volt Switch\n|-damage|p2a: Starmie|70/100 tox|[from] Stealth Rock\n|move|p1a: Umbreon|Wish|p1a: Umbreon\n|\n|-heal|p1a: Umbreon|53/100 brn|[from] item: Leftovers\n|-damage|p2a: Starmie|64/100 tox|[from] psn\n|-damage|p1a: Umbreon|47/100 brn|[from] brn\n|upkeep\n|turn|28\n|\n|t:|1776155621\n|move|p1a: Umbreon|Protect|p1a: Umbreon\n|-singleturn|p1a: Umbreon|Protect\n|move|p2a: Starmie|Flip Turn|p1a: Umbreon\n|-activate|p1a: Umbreon|move: Protect\n|\n|-heal|p1a: Umbreon|97/100 brn|[from] move: Wish|[wisher] Umbreon\n|-heal|p1a: Umbreon|100/100 brn|[from] item: Leftovers\n|-damage|p2a: Starmie|52/100 tox|[from] psn\n|-damage|p1a: Umbreon|95/100 brn|[from] brn\n|upkeep\n|turn|29\n|\n|t:|1776155629\n|move|p2a: Starmie|Flip Turn|p1a: Umbreon\n|-damage|p1a: Umbreon|66/100 brn\n|\n|t:|1776155632\n|switch|p2a: Rotom|Rotom-Wash, L50|41/100 brn|[from] Flip Turn\n|-damage|p2a: Rotom|29/100 brn|[from] Stealth Rock\n|move|p1a: Umbreon|Foul Play|p2a: Rotom\n|-damage|p2a: Rotom|21/100 brn\n|\n|-heal|p2a: Rotom|27/100 brn|[from] item: Leftovers\n|-heal|p1a: Umbreon|72/100 brn|[from] item: Leftovers\n|-damage|p2a: Rotom|21/100 brn|[from] brn\n|-damage|p1a: Umbreon|66/100 brn|[from] brn\n|upkeep\n|turn|30\n|\n|t:|1776155643\n|move|p2a: Rotom|Hydro Pump|p1a: Umbreon\n|-damage|p1a: Umbreon|39/100 brn\n|move|p1a: Umbreon|Wish|p1a: Umbreon\n|\n|-heal|p2a: Rotom|27/100 brn|[from] item: Leftovers\n|-heal|p1a: Umbreon|45/100 brn|[from] item: Leftovers\n|-damage|p2a: Rotom|21/100 brn|[from] brn\n|-damage|p1a: Umbreon|39/100 brn|[from] brn\n|upkeep\n|turn|31\n|\n|t:|1776155647\n|move|p2a: Rotom|Hydro Pump|p1a: Umbreon\n|-damage|p1a: Umbreon|10/100 brn\n|move|p1a: Umbreon|Foul Play|p2a: Rotom\n|-damage|p2a: Rotom|12/100 brn\n|\n|-heal|p1a: Umbreon|60/100 brn|[from] move: Wish|[wisher] Umbreon\n|-heal|p2a: Rotom|18/100 brn|[from] item: Leftovers\n|-heal|p1a: Umbreon|66/100 brn|[from] item: Leftovers\n|-damage|p2a: Rotom|12/100 brn|[from] brn\n|-damage|p1a: Umbreon|60/100 brn|[from] brn\n|upkeep\n|turn|32\n|\n|t:|1776155658\n|move|p2a: Rotom|Hydro Pump|p1a: Umbreon\n|-damage|p1a: Umbreon|34/100 brn\n|move|p1a: Umbreon|Wish|p1a: Umbreon\n|\n|-heal|p2a: Rotom|18/100 brn|[from] item: Leftovers\n|-heal|p1a: Umbreon|40/100 brn|[from] item: Leftovers\n|-damage|p2a: Rotom|12/100 brn|[from] brn\n|-damage|p1a: Umbreon|34/100 brn|[from] brn\n|upkeep\n|turn|33\n|inactive|lovrillo has 30 seconds left.\n|\n|t:|1776155684\n|move|p1a: Umbreon|Protect|p1a: Umbreon\n|-singleturn|p1a: Umbreon|Protect\n|move|p2a: Rotom|Hydro Pump|p1a: Umbreon\n|-activate|p1a: Umbreon|move: Protect\n|\n|-heal|p1a: Umbreon|84/100 brn|[from] move: Wish|[wisher] Umbreon\n|-heal|p2a: Rotom|18/100 brn|[from] item: Leftovers\n|-heal|p1a: Umbreon|90/100 brn|[from] item: Leftovers\n|-damage|p2a: Rotom|12/100 brn|[from] brn\n|-damage|p1a: Umbreon|84/100 brn|[from] brn\n|upkeep\n|turn|34\n|\n|t:|1776155697\n|switch|p1a: Delphox|Delphox, L50, M, shiny|100/100\n|move|p2a: Rotom|Hydro Pump|p1a: Delphox|[miss]\n|-miss|p2a: Rotom|p1a: Delphox\n|\n|-heal|p2a: Rotom|18/100 brn|[from] item: Leftovers\n|-damage|p2a: Rotom|12/100 brn|[from] brn\n|upkeep\n|turn|35\n|\n|t:|1776155704\n|detailschange|p1a: Delphox|Delphox-Mega, L50, M, shiny\n|-mega|p1a: Delphox|Delphox|Delphoxite\n|move|p1a: Delphox|Psychic|p2a: Rotom\n|-damage|p2a: Rotom|0 fnt\n|faint|p2a: Rotom\n|\n|upkeep\n|\n|t:|1776155706\n|switch|p2a: Starmie|Starmie-Mega, L50|52/100 tox\n|-damage|p2a: Starmie|40/100 tox|[from] Stealth Rock\n|turn|36\n|\n|t:|1776155708\n|move|p2a: Starmie|Aqua Jet|p1a: Delphox\n|-supereffective|p1a: Delphox|1\n|-damage|p1a: Delphox|0 fnt\n|faint|p1a: Delphox\n|\n|-damage|p2a: Starmie|34/100 tox|[from] psn\n|upkeep\n|\n|t:|1776155710\n|switch|p1a: Umbreon|Umbreon, L50, F, shiny|84/100 brn\n|turn|37\n|\n|t:|1776155712\n|move|p2a: Starmie|Liquidation|p1a: Umbreon\n|-damage|p1a: Umbreon|43/100 brn\n|move|p1a: Umbreon|Foul Play|p2a: Starmie\n|-supereffective|p2a: Starmie|1\n|-damage|p2a: Starmie|0 fnt\n|faint|p2a: Starmie\n|\n|win|lovrillo\n|raw|lovrillo's rating: 1340 &rarr; <strong>1360</strong><br />(+20 for winning)\n|raw|I0I7peng's rating: 1344 &rarr; <strong>1324</strong><br />(-20 for losing)\n|l|\u2606I0I7peng\n|player|p2|\n",
  "uploadtime": 1776155728,
  "views": 8,
  "formatid": "gen9championsbssregma",
  "rating": 1324,
  "private": 0,
  "password": null
}