{
  "id": "gen9championsbssregma-2588424446",
  "format": "[Gen 9 Champions] BSS Reg M-A",
  "players": [
    "Odulacid",
    "orenge01"
  ],
  "log": "|j|\u2606Odulacid\n|j|\u2606orenge01\n|t:|1776632361\n|gametype|singles\n|player|p1|Odulacid|roxie|1000\n|player|p2|orenge01|266|1065\n|gen|9\n|tier|[Gen 9 Champions] BSS Reg M-A\n|rated|\n|rule|Species Clause: Limit one of each Pok\u00e9mon\n|rule|Item Clause: Limit 1 of each item\n|clearpoke\n|poke|p1|Charizard, L50, M, shiny|\n|poke|p1|Scizor, L50, F|\n|poke|p1|Garchomp, L50, M|\n|poke|p1|Venusaur, L50, F|\n|poke|p1|Corviknight, L50, F|\n|poke|p1|Dragonite, L50, M|\n|poke|p2|Tyranitar, L50, F|\n|poke|p2|Garchomp, L50, M|\n|poke|p2|Scizor, L50, M|\n|poke|p2|Charizard, L50, M|\n|poke|p2|Whimsicott, L50, M|\n|poke|p2|Glaceon, L50, F|\n|teampreview|3\n|inactive|Battle timer is ON: inactive players will automatically lose when time's up. (requested by orenge01)\n|\n|t:|1776632399\n|teamsize|p1|3\n|teamsize|p2|3\n|start\n|switch|p1a: Garchomp|Garchomp, L50, M|100/100\n|switch|p2a: Glaceon|Glaceon, L50, F|100/100\n|turn|1\n|\n|t:|1776632408\n|move|p1a: Garchomp|Stealth Rock|p2a: Glaceon\n|-sidestart|p2: orenge01|move: Stealth Rock\n|move|p2a: Glaceon|Freeze-Dry|p1a: Garchomp\n|-supereffective|p1a: Garchomp|2\n|-enditem|p1a: Garchomp|Focus Sash\n|-damage|p1a: Garchomp|1/100\n|\n|upkeep\n|turn|2\n|\n|t:|1776632426\n|move|p1a: Garchomp|Earthquake|p2a: Glaceon\n|-damage|p2a: Glaceon|40/100\n|move|p2a: Glaceon|Freeze-Dry|p1a: Garchomp\n|-supereffective|p1a: Garchomp|2\n|-damage|p1a: Garchomp|0 fnt\n|faint|p1a: Garchomp\n|\n|upkeep\n|\n|t:|1776632437\n|switch|p1a: Charizard|Charizard, L50, M, shiny|100/100\n|turn|3\n|\n|t:|1776632449\n|switch|p2a: Garchomp|Garchomp, L50, M|100/100\n|-damage|p2a: Garchomp|94/100|[from] Stealth Rock\n|detailschange|p1a: Charizard|Charizard-Mega-Y, L50, M, shiny\n|-mega|p1a: Charizard|Charizard|Charizardite Y\n|-weather|SunnyDay|[from] ability: Drought|[of] p1a: Charizard\n|move|p1a: Charizard|Fire Blast|p2a: Garchomp\n|-resisted|p2a: Garchomp|1\n|-damage|p2a: Garchomp|39/100\n|\n|-weather|SunnyDay|[upkeep]\n|upkeep\n|turn|4\n|\n|t:|1776632471\n|move|p2a: Garchomp|Rock Slide|p1a: Charizard\n|-supereffective|p1a: Charizard|2\n|-damage|p1a: Charizard|0 fnt\n|faint|p1a: Charizard\n|\n|-weather|SunnyDay|[upkeep]\n|upkeep\n|\n|t:|1776632479\n|switch|p1a: Venusaur|Venusaur, L50, F|100/100\n|turn|5\n|\n|t:|1776632491\n|switch|p2a: Glaceon|Glaceon, L50, F|40/100\n|-damage|p2a: Glaceon|15/100|[from] Stealth Rock\n|move|p1a: Venusaur|Solar Beam||[still]\n|-prepare|p1a: Venusaur|Solar Beam\n|-anim|p1a: Venusaur|Solar Beam|p2a: Glaceon\n|-damage|p2a: Glaceon|0 fnt\n|faint|p2a: Glaceon\n|\n|-weather|SunnyDay|[upkeep]\n|upkeep\n|\n|t:|1776632507\n|switch|p2a: Scizor|Scizor, L50, M|100/100\n|-damage|p2a: Scizor|88/100|[from] Stealth Rock\n|turn|6\n|\n|t:|1776632515\n|switch|p2a: Garchomp|Garchomp, L50, M|39/100\n|-damage|p2a: Garchomp|33/100|[from] Stealth Rock\n|move|p1a: Venusaur|Weather Ball|p2a: Garchomp\n|-resisted|p2a: Garchomp|1\n|-damage|p2a: Garchomp|8/100\n|\n|-weather|SunnyDay|[upkeep]\n|upkeep\n|turn|7\n|\n|t:|1776632527\n|move|p2a: Garchomp|Outrage|p1a: Venusaur\n|-damage|p1a: Venusaur|17/100\n|-enditem|p1a: Venusaur|Sitrus Berry|[eat]\n|-heal|p1a: Venusaur|42/100|[from] item: Sitrus Berry\n|move|p1a: Venusaur|Weather Ball|p2a: Garchomp\n|-resisted|p2a: Garchomp|1\n|-damage|p2a: Garchomp|0 fnt\n|faint|p2a: Garchomp\n|\n|-weather|none\n|upkeep\n|\n|t:|1776632539\n|switch|p2a: Scizor|Scizor, L50, M|88/100\n|-damage|p2a: Scizor|76/100|[from] Stealth Rock\n|turn|8\n|\n|t:|1776632545\n|detailschange|p2a: Scizor|Scizor-Mega, L50, M\n|-mega|p2a: Scizor|Scizor|Scizorite\n|move|p1a: Venusaur|Weather Ball|p2a: Scizor\n|-resisted|p2a: Scizor|1\n|-damage|p2a: Scizor|68/100\n|move|p2a: Scizor|Swords Dance|p2a: Scizor\n|-boost|p2a: Scizor|atk|2\n|\n|upkeep\n|turn|9\n|\n|t:|1776632556\n|move|p2a: Scizor|Bullet Punch|p1a: Venusaur\n|-damage|p1a: Venusaur|0 fnt\n|faint|p1a: Venusaur\n|\n|win|orenge01\n|raw|Odulacid's rating: 1000 &rarr; <strong>1000</strong><br />(+0 for losing)\n|raw|orenge01's rating: 1065 &rarr; <strong>1090</strong><br />(+25 for winning)\n|l|\u2606orenge01\n|player|p2|\n",
  "uploadtime": 1776632572,
  "views": 12,
  "formatid": "gen9championsbssregma",
  "rating": 1000,
  "private": 0,
  "password": null
}