{
  "id": "gen9championsbssregma-2583158208",
  "format": "[Gen 9 Champions] BSS Reg M-A",
  "players": [
    "kyotoyoko",
    "GodWaka"
  ],
  "log": "|j|\u2606kyotoyoko\n|j|\u2606GodWaka\n|t:|1776149096\n|gametype|singles\n|player|p1|kyotoyoko|caitlin|1156\n|player|p2|GodWaka|266|1145\n|gen|9\n|tier|[Gen 9 Champions] BSS Reg M-A\n|rated|\n|rule|Species Clause: Limit one of each Pok\u00e9mon\n|rule|Item Clause: Limit 1 of each item\n|clearpoke\n|poke|p1|Pelipper, L50, F|\n|poke|p1|Basculegion, L50, M|\n|poke|p1|Archaludon, L50, F|\n|poke|p1|Garchomp, L50, F|\n|poke|p1|Meganium, L50, F|\n|poke|p1|Gengar, L50, F|\n|poke|p2|Abomasnow, L50, F|\n|poke|p2|Basculegion-F, L50, F|\n|poke|p2|Tyranitar, L50, M|\n|poke|p2|Armarouge, L50, M|\n|poke|p2|Tinkaton, L50, F|\n|poke|p2|Goodra-Hisui, L50, M|\n|teampreview|3\n|inactive|Battle timer is ON: inactive players will automatically lose when time's up. (requested by GodWaka)\n|inactive|GodWaka has 60 seconds left.\n|\n|t:|1776149147\n|teamsize|p1|3\n|teamsize|p2|3\n|start\n|switch|p1a: Meganium|Meganium, L50, F, shiny|100/100\n|switch|p2a: Abomasnow|Abomasnow, L50, F, shiny|100/100\n|-weather|Snowscape|[from] ability: Snow Warning|[of] p2a: Abomasnow\n|turn|1\n|\n|t:|1776149158\n|switch|p2a: Armarouge|Armarouge, L50, M, shiny|100/100\n|detailschange|p1a: Meganium|Meganium-Mega, L50, F, shiny\n|-mega|p1a: Meganium|Meganium|Meganiumite\n|move|p1a: Meganium|Weather Ball|p2a: Armarouge\n|-start|p2a: Armarouge|ability: Flash Fire\n|\n|-weather|Snowscape|[upkeep]\n|upkeep\n|turn|2\n|\n|t:|1776149175\n|switch|p1a: Pelipper|Pelipper, L50, F, shiny|100/100\n|-weather|RainDance|[from] ability: Drizzle|[of] p1a: Pelipper\n|move|p2a: Armarouge|Dragon Pulse|p1a: Pelipper\n|-damage|p1a: Pelipper|58/100\n|\n|-weather|RainDance|[upkeep]\n|upkeep\n|turn|3\n|\n|t:|1776149185\n|-end|p2a: Armarouge|ability: Flash Fire|[silent]\n|switch|p2a: Goodra|Goodra-Hisui, L50, M|100/100\n|move|p1a: Pelipper|Hurricane|p2a: Goodra\n|-resisted|p2a: Goodra|1\n|-damage|p2a: Goodra|83/100\n|\n|-weather|RainDance|[upkeep]\n|upkeep\n|turn|4\n|\n|t:|1776149195\n|move|p2a: Goodra|Flash Cannon|p1a: Pelipper\n|-resisted|p1a: Pelipper|1\n|-damage|p1a: Pelipper|28/100\n|move|p1a: Pelipper|U-turn|p2a: Goodra\n|-resisted|p2a: Goodra|1\n|-damage|p2a: Goodra|79/100\n|\n|t:|1776149203\n|switch|p1a: Basculegion|Basculegion, L50, M|100/100|[from] U-turn\n|\n|-weather|RainDance|[upkeep]\n|upkeep\n|turn|5\n|\n|t:|1776149208\n|switch|p2a: Abomasnow|Abomasnow, L50, F, shiny|100/100\n|-weather|Snowscape|[from] ability: Snow Warning|[of] p2a: Abomasnow\n|move|p1a: Basculegion|Wave Crash|p2a: Abomasnow\n|-resisted|p2a: Abomasnow|1\n|-damage|p2a: Abomasnow|74/100\n|-damage|p1a: Basculegion|93/100|[from] Recoil\n|\n|-weather|Snowscape|[upkeep]\n|upkeep\n|turn|6\n|j| p74\n|\n|t:|1776149224\n|detailschange|p2a: Abomasnow|Abomasnow-Mega, L50, F, shiny\n|-mega|p2a: Abomasnow|Abomasnow|Abomasite\n|move|p1a: Basculegion|Flip Turn|p2a: Abomasnow\n|-resisted|p2a: Abomasnow|1\n|-damage|p2a: Abomasnow|65/100\n|\n|t:|1776149229\n|switch|p1a: Pelipper|Pelipper, L50, F, shiny|28/100|[from] Flip Turn\n|-weather|RainDance|[from] ability: Drizzle|[of] p1a: Pelipper\n|move|p2a: Abomasnow|Blizzard|p1a: Pelipper|[miss]\n|-miss|p2a: Abomasnow|p1a: Pelipper\n|\n|-weather|RainDance|[upkeep]\n|upkeep\n|turn|7\n|\n|t:|1776149242\n|switch|p2a: Goodra|Goodra-Hisui, L50, M|79/100\n|move|p1a: Pelipper|U-turn|p2a: Goodra\n|-resisted|p2a: Goodra|1\n|-damage|p2a: Goodra|75/100\n|\n|t:|1776149247\n|switch|p1a: Basculegion|Basculegion, L50, M|93/100|[from] U-turn\n|\n|-weather|RainDance|[upkeep]\n|upkeep\n|turn|8\n|\n|t:|1776149258\n|switch|p2a: Abomasnow|Abomasnow-Mega, L50, F, shiny|65/100\n|-weather|Snowscape|[from] ability: Snow Warning|[of] p2a: Abomasnow\n|move|p1a: Basculegion|Wave Crash|p2a: Abomasnow\n|-resisted|p2a: Abomasnow|1\n|-damage|p2a: Abomasnow|43/100\n|-damage|p1a: Basculegion|87/100|[from] Recoil\n|\n|-weather|Snowscape|[upkeep]\n|upkeep\n|turn|9\n|\n|t:|1776149267\n|move|p1a: Basculegion|Flip Turn|p2a: Abomasnow\n|-resisted|p2a: Abomasnow|1\n|-damage|p2a: Abomasnow|33/100\n|\n|t:|1776149270\n|switch|p1a: Pelipper|Pelipper, L50, F, shiny|28/100|[from] Flip Turn\n|-weather|RainDance|[from] ability: Drizzle|[of] p1a: Pelipper\n|move|p2a: Abomasnow|Leaf Storm|p1a: Pelipper\n|-damage|p1a: Pelipper|0 fnt\n|-unboost|p2a: Abomasnow|spa|2\n|faint|p1a: Pelipper\n|\n|-weather|RainDance|[upkeep]\n|upkeep\n|inactive|kyotoyoko has 30 seconds left.\n|inactive|kyotoyoko has 20 seconds left.\n|\n|t:|1776149307\n|switch|p1a: Basculegion|Basculegion, L50, M|87/100\n|turn|10\n|\n|t:|1776149332\n|move|p1a: Basculegion|Last Respects|p2a: Abomasnow\n|-damage|p2a: Abomasnow|0 fnt\n|faint|p2a: Abomasnow\n|\n|-weather|RainDance|[upkeep]\n|upkeep\n|\n|t:|1776149335\n|switch|p2a: Goodra|Goodra-Hisui, L50, M|75/100\n|turn|11\n|\n|t:|1776149340\n|move|p1a: Basculegion|Last Respects|p2a: Goodra\n|-damage|p2a: Goodra|23/100\n|move|p2a: Goodra|Thunder|p1a: Basculegion\n|-supereffective|p1a: Basculegion|1\n|-damage|p1a: Basculegion|1/100\n|-status|p1a: Basculegion|par\n|\n|-weather|RainDance|[upkeep]\n|upkeep\n|turn|12\n|j| jillio\n|inactive|GodWaka has 30 seconds left.\n|\n|t:|1776149367\n|move|p1a: Basculegion|Last Respects|p2a: Goodra\n|-damage|p2a: Goodra|0 fnt\n|faint|p2a: Goodra\n|\n|-weather|RainDance|[upkeep]\n|upkeep\n|\n|t:|1776149371\n|switch|p2a: Armarouge|Armarouge, L50, M, shiny|100/100\n|turn|13\n|\n|t:|1776149375\n|move|p1a: Basculegion|Aqua Jet|p2a: Armarouge\n|-supereffective|p2a: Armarouge|1\n|-damage|p2a: Armarouge|31/100\n|move|p2a: Armarouge|Energy Ball|p1a: Basculegion\n|-supereffective|p1a: Basculegion|1\n|-damage|p1a: Basculegion|0 fnt\n|faint|p1a: Basculegion\n|\n|-weather|none\n|upkeep\n|-message|GodWaka forfeited.\n|\n|win|kyotoyoko\n|raw|kyotoyoko's rating: 1156 &rarr; <strong>1180</strong><br />(+24 for winning)\n|raw|GodWaka's rating: 1145 &rarr; <strong>1121</strong><br />(-24 for losing)\n|l|\u2606GodWaka\n|player|p2|\n|l|\u2606kyotoyoko\n|player|p1|\n|l| jillio\n",
  "uploadtime": 1776149417,
  "views": 3,
  "formatid": "gen9championsbssregma",
  "rating": 1121,
  "private": 0,
  "password": null
}