{
  "id": "gen9championsbssregma-2585030815",
  "format": "[Gen 9 Champions] BSS Reg M-A",
  "players": [
    "numera_love",
    "potaajyu_jv"
  ],
  "log": "|j|\u2606numera_love\n|j|\u2606potaajyu_jv\n|t:|1776304961\n|gametype|singles\n|player|p1|numera_love|102|1104\n|player|p2|potaajyu_jv|cheryl|1079\n|gen|9\n|tier|[Gen 9 Champions] BSS Reg M-A\n|rated|\n|rule|Species Clause: Limit one of each Pok\u00e9mon\n|rule|Item Clause: Limit 1 of each item\n|clearpoke\n|poke|p1|Charizard, L50, M|\n|poke|p1|Corviknight, L50, F|\n|poke|p1|Garchomp, L50, F|\n|poke|p1|Mimikyu, L50, F|\n|poke|p1|Rotom-Wash, L50|\n|poke|p1|Scizor, L50, M|\n|poke|p2|Kangaskhan, L50, F|\n|poke|p2|Aegislash, L50, F|\n|poke|p2|Hippowdon, L50, M|\n|poke|p2|Gengar, L50, M|\n|poke|p2|Hydreigon, L50, M|\n|poke|p2|Glimmora, L50, M|\n|teampreview|3\n|\n|t:|1776305025\n|teamsize|p1|3\n|teamsize|p2|3\n|start\n|switch|p1a: Rotom|Rotom-Wash, L50|100/100\n|switch|p2a: \u30ac\u30eb\u30fc\u30e9|Kangaskhan, L50, F|100/100\n|turn|1\n|\n|t:|1776305044\n|detailschange|p2a: \u30ac\u30eb\u30fc\u30e9|Kangaskhan-Mega, L50, F\n|-mega|p2a: \u30ac\u30eb\u30fc\u30e9|Kangaskhan|Kangaskhanite\n|move|p2a: \u30ac\u30eb\u30fc\u30e9|Fake Out|p1a: Rotom\n|-crit|p1a: Rotom\n|-damage|p1a: Rotom|61/100\n|-damage|p1a: Rotom|55/100\n|-hitcount|p1a: Rotom|2\n|cant|p1a: Rotom|flinch\n|\n|upkeep\n|turn|2\n|\n|t:|1776305062\n|move|p2a: \u30ac\u30eb\u30fc\u30e9|Sucker Punch|p1a: Rotom\n|-damage|p1a: Rotom|26/100\n|-damage|p1a: Rotom|20/100\n|-hitcount|p1a: Rotom|2\n|move|p1a: Rotom|Volt Switch|p2a: \u30ac\u30eb\u30fc\u30e9\n|-damage|p2a: \u30ac\u30eb\u30fc\u30e9|72/100\n|\n|t:|1776305069\n|switch|p1a: Mimikyu|Mimikyu, L50, F|100/100|[from] Volt Switch\n|\n|upkeep\n|turn|3\n|\n|t:|1776305092\n|move|p1a: Mimikyu|Play Rough|p2a: \u30ac\u30eb\u30fc\u30e9\n|-damage|p2a: \u30ac\u30eb\u30fc\u30e9|41/100\n|move|p2a: \u30ac\u30eb\u30fc\u30e9|Ice Punch|p1a: Mimikyu\n|-activate|p1a: Mimikyu|ability: Disguise\n|-damage|p1a: Mimikyu|100/100\n|detailschange|p1a: Mimikyu|Mimikyu-Busted, L50, F\n|-damage|p1a: Mimikyu|88/100|[from] pokemon: Mimikyu-Busted\n|-damage|p1a: Mimikyu|77/100\n|-hitcount|p1a: Mimikyu|2\n|\n|upkeep\n|turn|4\n|\n|t:|1776305113\n|switch|p2a: \u30ae\u30eb\u30ac\u30eb\u30c9|Aegislash, L50, F|100/100\n|move|p1a: Mimikyu|Play Rough|p2a: \u30ae\u30eb\u30ac\u30eb\u30c9\n|-resisted|p2a: \u30ae\u30eb\u30ac\u30eb\u30c9|1\n|-damage|p2a: \u30ae\u30eb\u30ac\u30eb\u30c9|87/100\n|\n|-heal|p2a: \u30ae\u30eb\u30ac\u30eb\u30c9|93/100|[from] item: Leftovers\n|upkeep\n|turn|5\n|\n|t:|1776305125\n|move|p2a: \u30ae\u30eb\u30ac\u30eb\u30c9|King's Shield|p2a: \u30ae\u30eb\u30ac\u30eb\u30c9\n|-singleturn|p2a: \u30ae\u30eb\u30ac\u30eb\u30c9|Protect\n|move|p1a: Mimikyu|Shadow Claw|p2a: \u30ae\u30eb\u30ac\u30eb\u30c9\n|-activate|p2a: \u30ae\u30eb\u30ac\u30eb\u30c9|move: Protect\n|-unboost|p1a: Mimikyu|atk|1\n|\n|-heal|p2a: \u30ae\u30eb\u30ac\u30eb\u30c9|99/100|[from] item: Leftovers\n|upkeep\n|turn|6\n|\n|t:|1776305136\n|switch|p1a: Rotom|Rotom-Wash, L50|20/100\n|-formechange|p2a: \u30ae\u30eb\u30ac\u30eb\u30c9|Aegislash-Blade|\n|move|p2a: \u30ae\u30eb\u30ac\u30eb\u30c9|Shadow Ball|p1a: Rotom\n|-damage|p1a: Rotom|0 fnt\n|faint|p1a: Rotom\n|\n|-heal|p2a: \u30ae\u30eb\u30ac\u30eb\u30c9|100/100|[from] item: Leftovers\n|upkeep\n|\n|t:|1776305146\n|switch|p1a: Scizor|Scizor, L50, M|100/100\n|turn|7\n|\n|t:|1776305152\n|detailschange|p1a: Scizor|Scizor-Mega, L50, M\n|-mega|p1a: Scizor|Scizor|Scizorite\n|move|p1a: Scizor|Swords Dance|p1a: Scizor\n|-boost|p1a: Scizor|atk|2\n|move|p2a: \u30ae\u30eb\u30ac\u30eb\u30c9|Shadow Ball|p1a: Scizor\n|-damage|p1a: Scizor|38/100\n|\n|upkeep\n|turn|8\n|\n|t:|1776305166\n|move|p1a: Scizor|Roost|p1a: Scizor\n|-heal|p1a: Scizor|89/100\n|-singleturn|p1a: Scizor|move: Roost\n|move|p2a: \u30ae\u30eb\u30ac\u30eb\u30c9|Shadow Ball|p1a: Scizor\n|-damage|p1a: Scizor|25/100\n|\n|upkeep\n|turn|9\n|\n|t:|1776305175\n|-formechange|p2a: \u30ae\u30eb\u30ac\u30eb\u30c9|Aegislash|\n|move|p2a: \u30ae\u30eb\u30ac\u30eb\u30c9|King's Shield|p2a: \u30ae\u30eb\u30ac\u30eb\u30c9\n|-singleturn|p2a: \u30ae\u30eb\u30ac\u30eb\u30c9|Protect\n|move|p1a: Scizor|Bullet Punch|p2a: \u30ae\u30eb\u30ac\u30eb\u30c9\n|-activate|p2a: \u30ae\u30eb\u30ac\u30eb\u30c9|move: Protect\n|-unboost|p1a: Scizor|atk|1\n|\n|upkeep\n|turn|10\n|\n|t:|1776305185\n|move|p1a: Scizor|Bullet Punch|p2a: \u30ae\u30eb\u30ac\u30eb\u30c9\n|-resisted|p2a: \u30ae\u30eb\u30ac\u30eb\u30c9|1\n|-crit|p2a: \u30ae\u30eb\u30ac\u30eb\u30c9\n|-damage|p2a: \u30ae\u30eb\u30ac\u30eb\u30c9|63/100\n|-formechange|p2a: \u30ae\u30eb\u30ac\u30eb\u30c9|Aegislash-Blade|\n|move|p2a: \u30ae\u30eb\u30ac\u30eb\u30c9|Shadow Ball|p1a: Scizor\n|-damage|p1a: Scizor|0 fnt\n|faint|p1a: Scizor\n|\n|-heal|p2a: \u30ae\u30eb\u30ac\u30eb\u30c9|69/100|[from] item: Leftovers\n|upkeep\n|\n|t:|1776305193\n|switch|p1a: Mimikyu|Mimikyu-Busted, L50, F|77/100\n|turn|11\n|\n|t:|1776305200\n|switch|p2a: \u30ac\u30eb\u30fc\u30e9|Kangaskhan-Mega, L50, F|41/100\n|move|p1a: Mimikyu|Swords Dance|p1a: Mimikyu\n|-boost|p1a: Mimikyu|atk|2\n|\n|upkeep\n|turn|12\n|\n|t:|1776305221\n|move|p1a: Mimikyu|Play Rough|p2a: \u30ac\u30eb\u30fc\u30e9\n|-damage|p2a: \u30ac\u30eb\u30fc\u30e9|0 fnt\n|faint|p2a: \u30ac\u30eb\u30fc\u30e9\n|\n|upkeep\n|\n|t:|1776305226\n|switch|p2a: \u30ab\u30d0\u30eb\u30c9\u30f3|Hippowdon, L50, M|100/100\n|-weather|Sandstorm|[from] ability: Sand Stream|[of] p2a: \u30ab\u30d0\u30eb\u30c9\u30f3\n|turn|13\n|\n|t:|1776305234\n|move|p1a: Mimikyu|Play Rough|p2a: \u30ab\u30d0\u30eb\u30c9\u30f3\n|-damage|p2a: \u30ab\u30d0\u30eb\u30c9\u30f3|59/100\n|move|p2a: \u30ab\u30d0\u30eb\u30c9\u30f3|Yawn|p1a: Mimikyu\n|-start|p1a: Mimikyu|move: Yawn|[of] p2a: \u30ab\u30d0\u30eb\u30c9\u30f3\n|\n|-weather|Sandstorm|[upkeep]\n|-damage|p1a: Mimikyu|71/100|[from] Sandstorm\n|upkeep\n|turn|14\n|\n|t:|1776305244\n|move|p1a: Mimikyu|Swords Dance|p1a: Mimikyu\n|-boost|p1a: Mimikyu|atk|2\n|move|p2a: \u30ab\u30d0\u30eb\u30c9\u30f3|Earthquake|p1a: Mimikyu\n|-damage|p1a: Mimikyu|13/100\n|\n|-weather|Sandstorm|[upkeep]\n|-damage|p1a: Mimikyu|7/100|[from] Sandstorm\n|-end|p1a: Mimikyu|move: Yawn|[silent]\n|-status|p1a: Mimikyu|slp\n|upkeep\n|turn|15\n|\n|t:|1776305255\n|cant|p1a: Mimikyu|slp\n|move|p2a: \u30ab\u30d0\u30eb\u30c9\u30f3|Earthquake|p1a: Mimikyu\n|-damage|p1a: Mimikyu|0 fnt\n|faint|p1a: Mimikyu\n|\n|win|potaajyu_jv\n|raw|numera_love's rating: 1104 &rarr; <strong>1077</strong><br />(-27 for losing)\n|raw|potaajyu_jv's rating: 1079 &rarr; <strong>1109</strong><br />(+30 for winning)\n",
  "uploadtime": 1776305262,
  "views": 11,
  "formatid": "gen9championsbssregma",
  "rating": 1077,
  "private": 0,
  "password": null
}