{
  "id": "gen9championsbssregma-2588502131",
  "format": "[Gen 9 Champions] BSS Reg M-A",
  "players": [
    "Acrodude",
    "hijanu"
  ],
  "log": "|j|\u2606Acrodude\n|j|\u2606hijanu\n|t:|1776639355\n|gametype|singles\n|player|p1|Acrodude|266|1150\n|player|p2|hijanu|hilbert|1105\n|gen|9\n|tier|[Gen 9 Champions] BSS Reg M-A\n|rated|\n|rule|Species Clause: Limit one of each Pok\u00e9mon\n|rule|Item Clause: Limit 1 of each item\n|clearpoke\n|poke|p1|Weavile, L50, F|\n|poke|p1|Rotom-Wash, L50|\n|poke|p1|Corviknight, L50, F|\n|poke|p1|Camerupt, L50, F|\n|poke|p1|Clefable, L50, F|\n|poke|p1|Blastoise, L50, F|\n|poke|p2|Furfrou, L50, F, shiny|\n|poke|p2|Ceruledge, L50, F, shiny|\n|poke|p2|Rotom-Wash, L50, shiny|\n|poke|p2|Torterra, L50, F, shiny|\n|poke|p2|Aggron, L50, F, shiny|\n|poke|p2|Dedenne, L50, M|\n|teampreview|3\n|\n|t:|1776639401\n|teamsize|p1|3\n|teamsize|p2|3\n|start\n|switch|p1a: Weavile|Weavile, L50, F|100/100\n|switch|p2a: Aggron|Aggron, L50, F, shiny|100/100\n|-ability|p1a: Weavile|Pressure\n|turn|1\n|\n|t:|1776639409\n|detailschange|p2a: Aggron|Aggron-Mega, L50, F, shiny\n|-mega|p2a: Aggron|Aggron|Aggronite\n|move|p1a: Weavile|Low Kick|p2a: Aggron\n|-supereffective|p2a: Aggron|1\n|-damage|p2a: Aggron|71/100\n|move|p2a: Aggron|Stealth Rock|p1a: Weavile\n|-sidestart|p1: Acrodude|move: Stealth Rock\n|\n|upkeep\n|turn|2\n|inactive|Battle timer is ON: inactive players will automatically lose when time's up. (requested by Acrodude)\n|\n|t:|1776639433\n|switch|p1a: Camerupt|Camerupt, L50, F|100/100\n|-damage|p1a: Camerupt|88/100|[from] Stealth Rock\n|move|p2a: Aggron|Heavy Slam|p1a: Camerupt\n|-resisted|p1a: Camerupt|1\n|-damage|p1a: Camerupt|76/100\n|\n|upkeep\n|turn|3\n|\n|t:|1776639445\n|detailschange|p1a: Camerupt|Camerupt-Mega, L50, F\n|-mega|p1a: Camerupt|Camerupt|Cameruptite\n|move|p2a: Aggron|Earthquake|p1a: Camerupt\n|-supereffective|p1a: Camerupt|1\n|-damage|p1a: Camerupt|11/100\n|move|p1a: Camerupt|Earth Power|p2a: Aggron\n|-supereffective|p2a: Aggron|1\n|-damage|p2a: Aggron|0 fnt\n|faint|p2a: Aggron\n|\n|upkeep\n|\n|t:|1776639459\n|switch|p2a: Rotom|Rotom-Wash, L50, shiny|100/100\n|turn|4\n|\n|t:|1776639479\n|move|p2a: Rotom|Hydro Pump|p1a: Camerupt\n|-supereffective|p1a: Camerupt|2\n|-damage|p1a: Camerupt|0 fnt\n|faint|p1a: Camerupt\n|\n|upkeep\n|\n|t:|1776639498\n|switch|p1a: Weavile|Weavile, L50, F|100/100\n|-damage|p1a: Weavile|76/100|[from] Stealth Rock\n|-ability|p1a: Weavile|Pressure\n|turn|5\n|l|\u2606Acrodude\n|inactive|Acrodude disconnected and has a minute to reconnect!\n|player|p1|\n|j|\u2606Acrodude\n|inactive|Acrodude reconnected and has 45 seconds left.\n|player|p1|Acrodude|266|\n|\n|t:|1776639513\n|move|p1a: Weavile|Knock Off|p2a: Rotom\n|-damage|p2a: Rotom|36/100\n|-enditem|p2a: Rotom|Sitrus Berry|[from] move: Knock Off|[of] p1a: Weavile\n|move|p2a: Rotom|Will-O-Wisp|p1a: Weavile\n|-status|p1a: Weavile|brn\n|\n|-damage|p1a: Weavile|69/100 brn|[from] brn\n|upkeep\n|turn|6\n|\n|t:|1776639525\n|move|p1a: Weavile|Knock Off|p2a: Rotom\n|-damage|p2a: Rotom|15/100\n|move|p2a: Rotom|Hydro Pump|p1a: Weavile\n|-damage|p1a: Weavile|0 fnt\n|faint|p1a: Weavile\n|\n|upkeep\n|\n|t:|1776639530\n|switch|p1a: Blastoise|Blastoise, L50, F|100/100\n|-damage|p1a: Blastoise|88/100|[from] Stealth Rock\n|turn|7\n|\n|t:|1776639537\n|move|p1a: Blastoise|Aura Sphere|p2a: Rotom\n|-damage|p2a: Rotom|0 fnt\n|faint|p2a: Rotom\n|\n|upkeep\n|\n|t:|1776639542\n|switch|p2a: Torterra|Torterra, L50, F, shiny|100/100\n|turn|8\n|\n|t:|1776639555\n|move|p1a: Blastoise|Shell Smash|p1a: Blastoise\n|-unboost|p1a: Blastoise|def|1\n|-unboost|p1a: Blastoise|spd|1\n|-boost|p1a: Blastoise|atk|2\n|-boost|p1a: Blastoise|spa|2\n|-boost|p1a: Blastoise|spe|2\n|-enditem|p1a: Blastoise|White Herb\n|-clearnegativeboost|p1a: Blastoise|[silent]\n|move|p2a: Torterra|Shell Smash|p2a: Torterra\n|-unboost|p2a: Torterra|def|1\n|-unboost|p2a: Torterra|spd|1\n|-boost|p2a: Torterra|atk|2\n|-boost|p2a: Torterra|spa|2\n|-boost|p2a: Torterra|spe|2\n|-enditem|p2a: Torterra|White Herb\n|-clearnegativeboost|p2a: Torterra|[silent]\n|\n|upkeep\n|turn|9\n|inactive|Acrodude has 30 seconds left.\n|inactive|Acrodude has 20 seconds left.\n|\n|t:|1776639592\n|move|p1a: Blastoise|Hydro Pump|p2a: Torterra\n|-damage|p2a: Torterra|29/100\n|move|p2a: Torterra|Wood Hammer|p1a: Blastoise\n|-supereffective|p1a: Blastoise|1\n|-damage|p1a: Blastoise|0 fnt\n|faint|p1a: Blastoise\n|-damage|p2a: Torterra|0 fnt|[from] Recoil\n|faint|p2a: Torterra\n|\n|win|hijanu\n|raw|Acrodude's rating: 1150 &rarr; <strong>1122</strong><br />(-28 for losing)\n|raw|hijanu's rating: 1105 &rarr; <strong>1133</strong><br />(+28 for winning)\n",
  "uploadtime": 1776639604,
  "views": 1,
  "formatid": "gen9championsbssregma",
  "rating": 1122,
  "private": 0,
  "password": null
}