{
  "id": "gen9championsbssregma-2586994695",
  "format": "[Gen 9 Champions] BSS Reg M-A",
  "players": [
    "ArkanisPK",
    "karbain"
  ],
  "log": "|j|\u2606ArkanisPK\n|j|\u2606karbain\n|t:|1776479299\n|gametype|singles\n|player|p1|ArkanisPK|madame-gen4dp|1348\n|player|p2|karbain|265|1380\n|gen|9\n|tier|[Gen 9 Champions] BSS Reg M-A\n|rated|\n|rule|Species Clause: Limit one of each Pok\u00e9mon\n|rule|Item Clause: Limit 1 of each item\n|clearpoke\n|poke|p1|Basculegion, L50, M|\n|poke|p1|Hatterene, L50, F|\n|poke|p1|Goodra-Hisui, L50, F|\n|poke|p1|Dragonite, L50, F|\n|poke|p1|Charizard, L50, F|\n|poke|p1|Lopunny, L50, F|\n|poke|p2|Gengar, L50, M|\n|poke|p2|Mimikyu, L50, M|\n|poke|p2|Lopunny, L50, F|\n|poke|p2|Arcanine-Hisui, L50, F|\n|poke|p2|Sinistcha, L50|\n|poke|p2|Mamoswine, L50, M|\n|teampreview|3\n|inactive|Battle timer is ON: inactive players will automatically lose when time's up. (requested by ArkanisPK)\n|inactive|karbain has 60 seconds left.\n|\n|t:|1776479383\n|teamsize|p1|3\n|teamsize|p2|3\n|start\n|switch|p1a: Lopunny|Lopunny, L50, F|100/100\n|switch|p2a: Lopunny|Lopunny, L50, F|100/100\n|turn|1\n|\n|t:|1776479399\n|detailschange|p1a: Lopunny|Lopunny-Mega, L50, F\n|-mega|p1a: Lopunny|Lopunny|Lopunnite\n|detailschange|p2a: Lopunny|Lopunny-Mega, L50, F\n|-mega|p2a: Lopunny|Lopunny|Lopunnite\n|move|p1a: Lopunny|Fake Out|p2a: Lopunny\n|-damage|p2a: Lopunny|70/100\n|cant|p2a: Lopunny|flinch\n|\n|upkeep\n|turn|2\n|\n|t:|1776479407\n|move|p2a: Lopunny|Close Combat|p1a: Lopunny\n|-supereffective|p1a: Lopunny|1\n|-damage|p1a: Lopunny|0 fnt\n|-unboost|p2a: Lopunny|def|1\n|-unboost|p2a: Lopunny|spd|1\n|faint|p1a: Lopunny\n|\n|upkeep\n|\n|t:|1776479410\n|switch|p1a: Basculegion|Basculegion, L50, M|100/100\n|turn|3\n|\n|t:|1776479417\n|move|p2a: Lopunny|Mach Punch|p1a: Basculegion\n|-damage|p1a: Basculegion|73/100\n|move|p1a: Basculegion|Flip Turn|p2a: Lopunny\n|-damage|p2a: Lopunny|0 fnt\n|faint|p2a: Lopunny\n|\n|t:|1776479422\n|switch|p1a: Goodra|Goodra-Hisui, L50, F|100/100|[from] Flip Turn\n|\n|upkeep\n|\n|t:|1776479431\n|switch|p2a: Mimikyu|Mimikyu, L50, M|100/100\n|turn|4\n|\n|t:|1776479436\n|move|p2a: Mimikyu|Swords Dance|p2a: Mimikyu\n|-boost|p2a: Mimikyu|atk|2\n|move|p1a: Goodra|Flash Cannon|p2a: Mimikyu\n|-activate|p2a: Mimikyu|ability: Disguise\n|-damage|p2a: Mimikyu|100/100\n|detailschange|p2a: Mimikyu|Mimikyu-Busted, L50, M\n|-damage|p2a: Mimikyu|89/100|[from] pokemon: Mimikyu-Busted\n|\n|upkeep\n|turn|5\n|j| p74\n|\n|t:|1776479444\n|move|p2a: Mimikyu|Play Rough|p1a: Goodra\n|-damage|p1a: Goodra|23/100\n|-unboost|p1a: Goodra|atk|1\n|-ability|p1a: Goodra|Gooey\n|-unboost|p2a: Mimikyu|spe|1\n|-enditem|p1a: Goodra|Sitrus Berry|[eat]\n|-heal|p1a: Goodra|48/100|[from] item: Sitrus Berry\n|move|p1a: Goodra|Flash Cannon|p2a: Mimikyu\n|-supereffective|p2a: Mimikyu|1\n|-crit|p2a: Mimikyu\n|-damage|p2a: Mimikyu|0 fnt\n|faint|p2a: Mimikyu\n|\n|upkeep\n|\n|t:|1776479456\n|switch|p2a: Arcanine|Arcanine-Hisui, L50, F|100/100\n|-ability|p2a: Arcanine|Intimidate|boost\n|-unboost|p1a: Goodra|atk|1\n|turn|6\n|\n|t:|1776479460\n|move|p2a: Arcanine|Flare Blitz|p1a: Goodra\n|-damage|p1a: Goodra|0 fnt\n|-ability|p1a: Goodra|Gooey\n|-unboost|p2a: Arcanine|spe|1\n|faint|p1a: Goodra\n|-damage|p2a: Arcanine|86/100|[from] Recoil\n|\n|upkeep\n|\n|t:|1776479463\n|switch|p1a: Basculegion|Basculegion, L50, M|73/100\n|turn|7\n|\n|t:|1776479469\n|move|p1a: Basculegion|Wave Crash|p2a: Arcanine\n|-supereffective|p2a: Arcanine|2\n|-damage|p2a: Arcanine|0 fnt\n|faint|p2a: Arcanine\n|-damage|p1a: Basculegion|44/100|[from] Recoil\n|\n|win|ArkanisPK\n|raw|ArkanisPK's rating: 1348 &rarr; <strong>1370</strong><br />(+22 for winning)\n|raw|karbain's rating: 1380 &rarr; <strong>1358</strong><br />(-22 for losing)\n|l|\u2606karbain\n|player|p2|\n|l|\u2606ArkanisPK\n|player|p1|\n",
  "uploadtime": 1776479535,
  "views": 5,
  "formatid": "gen9championsbssregma",
  "rating": 1358,
  "private": 0,
  "password": null
}