{
  "id": "gen9championsbssregma-2582126446",
  "format": "[Gen 9 Champions] BSS Reg M-A",
  "players": [
    "ssslizard",
    "Henzrey Nugget"
  ],
  "log": "|j|\u2606ssslizard\n|j|\u2606Henzrey Nugget\n|t:|1776061362\n|gametype|singles\n|player|p1|ssslizard|266|1186\n|player|p2|Henzrey Nugget|266|1162\n|gen|9\n|tier|[Gen 9 Champions] BSS Reg M-A\n|rated|\n|rule|Species Clause: Limit one of each Pok\u00e9mon\n|rule|Item Clause: Limit 1 of each item\n|clearpoke\n|poke|p1|Lopunny, L50, M|\n|poke|p1|Rotom-Heat, L50|\n|poke|p1|Toxapex, L50, F|\n|poke|p1|Meowscarada, L50, M|\n|poke|p1|Kingambit, L50, M|\n|poke|p1|Hippowdon, L50, M|\n|poke|p2|Pelipper, L50, F|\n|poke|p2|Volcarona, L50, F|\n|poke|p2|Aegislash, L50, M|\n|poke|p2|Meowscarada, L50, F|\n|poke|p2|Aerodactyl, L50, F|\n|poke|p2|Ampharos, L50, F|\n|teampreview|3\n|\n|t:|1776061397\n|teamsize|p1|3\n|teamsize|p2|3\n|start\n|switch|p1a: Hippowdon|Hippowdon, L50, M|100/100\n|switch|p2a: Aerodactyl|Aerodactyl, L50, F|100/100\n|-ability|p2a: Aerodactyl|Pressure\n|-weather|Sandstorm|[from] ability: Sand Stream|[of] p1a: Hippowdon\n|turn|1\n|\n|t:|1776061404\n|move|p2a: Aerodactyl|Taunt|p1a: Hippowdon\n|-start|p1a: Hippowdon|move: Taunt\n|cant|p1a: Hippowdon|move: Taunt|Stealth Rock\n|\n|-weather|Sandstorm|[upkeep]\n|upkeep\n|turn|2\n|inactive|Battle timer is ON: inactive players will automatically lose when time's up. (requested by Henzrey Nugget)\n|\n|t:|1776061438\n|switch|p2a: Pelipper|Pelipper, L50, F|100/100\n|-weather|RainDance|[from] ability: Drizzle|[of] p2a: Pelipper\n|switch|p1a: Toxapex|Toxapex, L50, F|100/100\n|\n|-weather|RainDance|[upkeep]\n|upkeep\n|turn|3\n|\n|t:|1776061443\n|switch|p1a: Hippowdon|Hippowdon, L50, M|100/100\n|-weather|Sandstorm|[from] ability: Sand Stream|[of] p1a: Hippowdon\n|move|p2a: Pelipper|Hurricane|p1a: Hippowdon\n|-damage|p1a: Hippowdon|61/100\n|-start|p1a: Hippowdon|confusion\n|\n|-weather|Sandstorm|[upkeep]\n|-damage|p2a: Pelipper|95/100|[from] Sandstorm\n|-heal|p2a: Pelipper|100/100|[from] item: Leftovers\n|upkeep\n|turn|4\n|\n|t:|1776061450\n|move|p2a: Pelipper|U-turn|p1a: Hippowdon\n|-damage|p1a: Hippowdon|56/100\n|\n|t:|1776061452\n|switch|p2a: Aerodactyl|Aerodactyl, L50, F|100/100|[from] U-turn\n|-ability|p2a: Aerodactyl|Pressure\n|-activate|p1a: Hippowdon|confusion\n|move|p1a: Hippowdon|Stealth Rock|p2a: Aerodactyl\n|-sidestart|p2: Henzrey Nugget|move: Stealth Rock\n|\n|-weather|Sandstorm|[upkeep]\n|upkeep\n|turn|5\n|\n|t:|1776061464\n|move|p2a: Aerodactyl|Ice Fang|p1a: Hippowdon\n|-supereffective|p1a: Hippowdon|1\n|-damage|p1a: Hippowdon|34/100\n|-activate|p1a: Hippowdon|confusion\n|-damage|p1a: Hippowdon|28/100|[from] confusion\n|\n|-weather|Sandstorm|[upkeep]\n|upkeep\n|turn|6\n|\n|t:|1776061469\n|switch|p2a: Pelipper|Pelipper, L50, F|100/100\n|-damage|p2a: Pelipper|76/100|[from] Stealth Rock\n|-weather|RainDance|[from] ability: Drizzle|[of] p2a: Pelipper\n|-end|p1a: Hippowdon|confusion\n|move|p1a: Hippowdon|Slack Off|p1a: Hippowdon\n|-heal|p1a: Hippowdon|79/100\n|\n|-weather|RainDance|[upkeep]\n|-heal|p2a: Pelipper|82/100|[from] item: Leftovers\n|upkeep\n|turn|7\n|\n|t:|1776061480\n|switch|p1a: Toxapex|Toxapex, L50, F|100/100\n|move|p2a: Pelipper|Weather Ball|p1a: Toxapex\n|-resisted|p1a: Toxapex|1\n|-damage|p1a: Toxapex|85/100\n|\n|-weather|RainDance|[upkeep]\n|-heal|p2a: Pelipper|88/100|[from] item: Leftovers\n|-heal|p1a: Toxapex|90/100|[from] item: Leftovers\n|upkeep\n|turn|8\n|inactive|ssslizard has 30 seconds left.\n|inactive|ssslizard has 20 seconds left.\n|\n|t:|1776061518\n|move|p2a: Pelipper|U-turn|p1a: Toxapex\n|-resisted|p1a: Toxapex|1\n|-damage|p1a: Toxapex|86/100\n|\n|t:|1776061520\n|switch|p2a: Ampharos|Ampharos, L50, F|100/100|[from] U-turn\n|-damage|p2a: Ampharos|88/100|[from] Stealth Rock\n|move|p1a: Toxapex|Toxic|p2a: Ampharos\n|-status|p2a: Ampharos|tox\n|\n|-weather|RainDance|[upkeep]\n|-heal|p1a: Toxapex|92/100|[from] item: Leftovers\n|-damage|p2a: Ampharos|82/100 tox|[from] psn\n|upkeep\n|turn|9\n|\n|t:|1776061528\n|switch|p1a: Hippowdon|Hippowdon, L50, M|79/100\n|-weather|Sandstorm|[from] ability: Sand Stream|[of] p1a: Hippowdon\n|detailschange|p2a: Ampharos|Ampharos-Mega, L50, F\n|-mega|p2a: Ampharos|Ampharos|Ampharosite\n|-ability|p2a: Ampharos|Mold Breaker\n|move|p2a: Ampharos|Dragon Pulse|p1a: Hippowdon\n|-damage|p1a: Hippowdon|13/100\n|\n|-weather|Sandstorm|[upkeep]\n|-damage|p2a: Ampharos|76/100 tox|[from] Sandstorm\n|-damage|p2a: Ampharos|64/100 tox|[from] psn\n|upkeep\n|turn|10\n|\n|t:|1776061543\n|switch|p2a: Pelipper|Pelipper, L50, F|88/100\n|-damage|p2a: Pelipper|63/100|[from] Stealth Rock\n|-weather|RainDance|[from] ability: Drizzle|[of] p2a: Pelipper\n|move|p1a: Hippowdon|Earthquake|p2a: Pelipper\n|-immune|p2a: Pelipper\n|\n|-weather|RainDance|[upkeep]\n|-heal|p2a: Pelipper|69/100|[from] item: Leftovers\n|upkeep\n|turn|11\n|\n|t:|1776061550\n|switch|p1a: Toxapex|Toxapex, L50, F|100/100\n|move|p2a: Pelipper|Hurricane|p1a: Toxapex\n|-damage|p1a: Toxapex|76/100\n|\n|-weather|RainDance|[upkeep]\n|-heal|p2a: Pelipper|75/100|[from] item: Leftovers\n|-heal|p1a: Toxapex|81/100|[from] item: Leftovers\n|upkeep\n|turn|12\n|\n|t:|1776061560\n|switch|p1a: Lopunny|Lopunny, L50, M|100/100\n|move|p2a: Pelipper|Tailwind|p2a: Pelipper\n|-sidestart|p2: Henzrey Nugget|move: Tailwind\n|\n|-weather|RainDance|[upkeep]\n|-heal|p2a: Pelipper|81/100|[from] item: Leftovers\n|upkeep\n|turn|13\n|\n|t:|1776061564\n|detailschange|p1a: Lopunny|Lopunny-Mega, L50, M\n|-mega|p1a: Lopunny|Lopunny|Lopunnite\n|move|p1a: Lopunny|Fake Out|p2a: Pelipper\n|-damage|p2a: Pelipper|65/100\n|cant|p2a: Pelipper|flinch\n|\n|-weather|RainDance|[upkeep]\n|-heal|p2a: Pelipper|71/100|[from] item: Leftovers\n|upkeep\n|turn|14\n|\n|t:|1776061569\n|switch|p1a: Toxapex|Toxapex, L50, F|100/100\n|move|p2a: Pelipper|Hurricane|p1a: Toxapex\n|-damage|p1a: Toxapex|79/100\n|\n|-weather|none\n|-heal|p2a: Pelipper|77/100|[from] item: Leftovers\n|-heal|p1a: Toxapex|85/100|[from] item: Leftovers\n|upkeep\n|turn|15\n|j| p74\n|\n|t:|1776061577\n|move|p2a: Pelipper|U-turn|p1a: Toxapex\n|-resisted|p1a: Toxapex|1\n|-damage|p1a: Toxapex|81/100\n|\n|t:|1776061579\n|switch|p2a: Ampharos|Ampharos-Mega, L50, F|64/100 tox|[from] U-turn\n|-damage|p2a: Ampharos|52/100 tox|[from] Stealth Rock\n|-ability|p2a: Ampharos|Mold Breaker\n|move|p1a: Toxapex|Toxic|p2a: Ampharos\n|-fail|p2a: Ampharos|tox\n|\n|-heal|p1a: Toxapex|87/100|[from] item: Leftovers\n|-damage|p2a: Ampharos|46/100 tox|[from] psn\n|-sideend|p2: Henzrey Nugget|move: Tailwind\n|upkeep\n|turn|16\n|\n|t:|1776061587\n|switch|p1a: Hippowdon|Hippowdon, L50, M|13/100\n|-weather|Sandstorm|[from] ability: Sand Stream|[of] p1a: Hippowdon\n|move|p2a: Ampharos|Volt Switch|p1a: Hippowdon\n|-immune|p1a: Hippowdon\n|\n|-weather|Sandstorm|[upkeep]\n|-damage|p2a: Ampharos|40/100 tox|[from] Sandstorm\n|-damage|p2a: Ampharos|27/100 tox|[from] psn\n|upkeep\n|turn|17\n|\n|t:|1776061592\n|move|p1a: Hippowdon|Slack Off|p1a: Hippowdon\n|-heal|p1a: Hippowdon|63/100\n|move|p2a: Ampharos|Dragon Pulse|p1a: Hippowdon\n|-damage|p1a: Hippowdon|5/100\n|\n|-weather|Sandstorm|[upkeep]\n|-damage|p2a: Ampharos|21/100 tox|[from] Sandstorm\n|-damage|p2a: Ampharos|3/100 tox|[from] psn\n|upkeep\n|turn|18\n|\n|t:|1776061602\n|move|p1a: Hippowdon|Earthquake|p2a: Ampharos\n|-supereffective|p2a: Ampharos|1\n|-damage|p2a: Ampharos|0 fnt\n|faint|p2a: Ampharos\n|\n|-weather|Sandstorm|[upkeep]\n|upkeep\n|\n|t:|1776061615\n|switch|p2a: Pelipper|Pelipper, L50, F|77/100\n|-damage|p2a: Pelipper|53/100|[from] Stealth Rock\n|-weather|RainDance|[from] ability: Drizzle|[of] p2a: Pelipper\n|turn|19\n|\n|t:|1776061625\n|move|p2a: Pelipper|U-turn|p1a: Hippowdon\n|-damage|p1a: Hippowdon|0 fnt\n|faint|p1a: Hippowdon\n|\n|t:|1776061627\n|switch|p2a: Aerodactyl|Aerodactyl, L50, F|100/100|[from] U-turn\n|-damage|p2a: Aerodactyl|76/100|[from] Stealth Rock\n|-ability|p2a: Aerodactyl|Pressure\n|\n|-weather|RainDance|[upkeep]\n|upkeep\n|\n|t:|1776061629\n|switch|p1a: Lopunny|Lopunny-Mega, L50, M|100/100\n|turn|20\n|\n|t:|1776061632\n|move|p1a: Lopunny|Fake Out|p2a: Aerodactyl\n|-resisted|p2a: Aerodactyl|1\n|-damage|p2a: Aerodactyl|57/100\n|cant|p2a: Aerodactyl|flinch\n|\n|-weather|RainDance|[upkeep]\n|upkeep\n|turn|21\n|\n|t:|1776061637\n|move|p1a: Lopunny|Close Combat|p2a: Aerodactyl\n|-damage|p2a: Aerodactyl|0 fnt\n|-unboost|p1a: Lopunny|def|1\n|-unboost|p1a: Lopunny|spd|1\n|faint|p2a: Aerodactyl\n|\n|-weather|RainDance|[upkeep]\n|upkeep\n|-message|Henzrey Nugget forfeited.\n|\n|win|ssslizard\n|raw|ssslizard's rating: 1186 &rarr; <strong>1209</strong><br />(+23 for winning)\n|raw|Henzrey Nugget's rating: 1162 &rarr; <strong>1139</strong><br />(-23 for losing)\n|l|\u2606Henzrey Nugget\n|player|p2|\n|l|\u2606ssslizard\n|player|p1|\n",
  "uploadtime": 1776061771,
  "views": 4,
  "formatid": "gen9championsbssregma",
  "rating": 1139,
  "private": 0,
  "password": null
}