{
  "id": "gen9championsbssregma-2588547594",
  "format": "[Gen 9 Champions] BSS Reg M-A",
  "players": [
    "driflount drifloon",
    "Slezak15"
  ],
  "log": "|j|\u2606driflount drifloon\n|j|\u2606Slezak15\n|t:|1776643775\n|gametype|singles\n|player|p1|driflount drifloon|brock|1140\n|player|p2|Slezak15|lucas|1130\n|gen|9\n|tier|[Gen 9 Champions] BSS Reg M-A\n|rated|\n|rule|Species Clause: Limit one of each Pok\u00e9mon\n|rule|Item Clause: Limit 1 of each item\n|clearpoke\n|poke|p1|Espathra, L50, F|\n|poke|p1|Lopunny, L50, F|\n|poke|p1|Slowbro, L50, M|\n|poke|p1|Clefable, L50, M|\n|poke|p1|Corviknight, L50, M|\n|poke|p1|Incineroar, L50, F|\n|poke|p2|Skarmory, L50, M|\n|poke|p2|Charizard, L50, F|\n|poke|p2|Basculegion, L50, M|\n|poke|p2|Hatterene, L50, F|\n|poke|p2|Golurk, L50|\n|poke|p2|Kingambit, L50, F|\n|teampreview|3\n|inactive|Battle timer is ON: inactive players will automatically lose when time's up. (requested by driflount drifloon)\n|inactive|driflount drifloon has 60 seconds left.\n|\n|t:|1776643834\n|teamsize|p1|3\n|teamsize|p2|3\n|start\n|switch|p1a: Espathra|Espathra, L50, F|100/100\n|switch|p2a: Skarmory|Skarmory, L50, M|100/100\n|turn|1\n|\n|t:|1776643852\n|move|p1a: Espathra|Lumina Crash|p2a: Skarmory\n|-resisted|p2a: Skarmory|1\n|-damage|p2a: Skarmory|88/100\n|-unboost|p2a: Skarmory|spd|2\n|move|p2a: Skarmory|Stealth Rock|p1a: Espathra\n|-sidestart|p1: driflount drifloon|move: Stealth Rock\n|\n|-ability|p1a: Espathra|Speed Boost|boost\n|-boost|p1a: Espathra|spe|1\n|upkeep\n|turn|2\n|\n|t:|1776643867\n|move|p1a: Espathra|Lumina Crash|p2a: Skarmory\n|-resisted|p2a: Skarmory|1\n|-damage|p2a: Skarmory|63/100\n|-unboost|p2a: Skarmory|spd|2\n|move|p2a: Skarmory|Whirlwind|p1a: Espathra\n|drag|p1a: SEXY CAN I|Lopunny, L50, F|100/100\n|-damage|p1a: SEXY CAN I|88/100|[from] Stealth Rock\n|\n|upkeep\n|turn|3\n|inactive|driflount drifloon has 30 seconds left.\n|inactive|driflount drifloon has 20 seconds left.\n|\n|t:|1776643903\n|move|p1a: SEXY CAN I|Swords Dance|p1a: SEXY CAN I\n|-boost|p1a: SEXY CAN I|atk|2\n|move|p2a: Skarmory|Whirlwind|p1a: SEXY CAN I\n|drag|p1a: Clefable|Clefable, L50, M|100/100\n|\n|upkeep\n|turn|4\n|\n|t:|1776643921\n|detailschange|p1a: Clefable|Clefable-Mega, L50, M\n|-mega|p1a: Clefable|Clefable|Clefablite\n|move|p1a: Clefable|Calm Mind|p1a: Clefable\n|-boost|p1a: Clefable|spa|1\n|-boost|p1a: Clefable|spd|1\n|move|p2a: Skarmory|Whirlwind|p1a: Clefable\n|move|p1a: Clefable|Whirlwind|p2a: Skarmory|[from] ability: Magic Bounce\n|drag|p2a: Basculegion|Basculegion, L50, M|100/100\n|\n|upkeep\n|turn|5\n|\n|t:|1776643934\n|switch|p2a: Skarmory|Skarmory, L50, M|63/100\n|move|p1a: Clefable|Draining Kiss|p2a: Skarmory\n|-resisted|p2a: Skarmory|1\n|-damage|p2a: Skarmory|45/100\n|\n|upkeep\n|turn|6\n|\n|t:|1776643942\n|move|p1a: Clefable|Calm Mind|p1a: Clefable\n|-boost|p1a: Clefable|spa|1\n|-boost|p1a: Clefable|spd|1\n|move|p2a: Skarmory|Brave Bird|p1a: Clefable\n|-damage|p1a: Clefable|74/100\n|-damage|p2a: Skarmory|35/100|[from] Recoil\n|\n|upkeep\n|turn|7\n|\n|t:|1776643957\n|move|p1a: Clefable|Draining Kiss|p2a: Skarmory\n|-resisted|p2a: Skarmory|1\n|-damage|p2a: Skarmory|13/100\n|-heal|p1a: Clefable|88/100|[from] drain|[of] p2a: Skarmory\n|move|p2a: Skarmory|Brave Bird|p1a: Clefable\n|-damage|p1a: Clefable|65/100\n|-damage|p2a: Skarmory|5/100|[from] Recoil\n|\n|upkeep\n|turn|8\n|inactive|driflount drifloon has 30 seconds left.\n|\n|t:|1776643989\n|move|p1a: Clefable|Draining Kiss|p2a: Skarmory\n|-resisted|p2a: Skarmory|1\n|-damage|p2a: Skarmory|0 fnt\n|-heal|p1a: Clefable|67/100|[from] drain|[of] p2a: Skarmory\n|faint|p2a: Skarmory\n|\n|upkeep\n|\n|t:|1776644011\n|switch|p2a: Basculegion|Basculegion, L50, M|100/100\n|turn|9\n|\n|t:|1776644018\n|move|p2a: Basculegion|Last Respects|p1a: Clefable\n|-damage|p1a: Clefable|15/100\n|move|p1a: Clefable|Draining Kiss|p2a: Basculegion\n|-damage|p2a: Basculegion|47/100\n|-heal|p1a: Clefable|54/100|[from] drain|[of] p2a: Basculegion\n|\n|upkeep\n|turn|10\n|inactive|driflount drifloon has 30 seconds left.\n|\n|t:|1776644043\n|switch|p2a: Charizard|Charizard, L50, F|100/100\n|move|p1a: Clefable|Draining Kiss|p2a: Charizard\n|-resisted|p2a: Charizard|1\n|-damage|p2a: Charizard|74/100\n|-heal|p1a: Clefable|70/100|[from] drain|[of] p2a: Charizard\n|\n|upkeep\n|turn|11\n|inactive|driflount drifloon has 30 seconds left.\n|\n|t:|1776644068\n|move|p2a: Charizard|Dragon Dance|p2a: Charizard\n|-boost|p2a: Charizard|atk|1\n|-boost|p2a: Charizard|spe|1\n|move|p1a: Clefable|Draining Kiss|p2a: Charizard\n|-resisted|p2a: Charizard|1\n|-damage|p2a: Charizard|46/100\n|-heal|p1a: Clefable|87/100|[from] drain|[of] p2a: Charizard\n|\n|upkeep\n|turn|12\n|\n|t:|1776644077\n|detailschange|p2a: Charizard|Charizard-Mega-X, L50, F\n|-mega|p2a: Charizard|Charizard|Charizardite X\n|move|p2a: Charizard|Flare Blitz|p1a: Clefable\n|-damage|p1a: Clefable|2/100\n|-damage|p2a: Charizard|12/100|[from] Recoil\n|move|p1a: Clefable|Draining Kiss|p2a: Charizard\n|-damage|p2a: Charizard|0 fnt\n|-heal|p1a: Clefable|9/100|[from] drain|[of] p2a: Charizard\n|faint|p2a: Charizard\n|\n|upkeep\n|\n|t:|1776644086\n|switch|p2a: Basculegion|Basculegion, L50, M|47/100\n|turn|13\n|\n|t:|1776644093\n|move|p2a: Basculegion|Last Respects|p1a: Clefable\n|-damage|p1a: Clefable|0 fnt\n|faint|p1a: Clefable\n|\n|upkeep\n|\n|t:|1776644101\n|switch|p1a: SEXY CAN I|Lopunny, L50, F|88/100\n|-damage|p1a: SEXY CAN I|76/100|[from] Stealth Rock\n|turn|14\n|\n|t:|1776644105\n|move|p2a: Basculegion|Last Respects|p1a: SEXY CAN I\n|-immune|p1a: SEXY CAN I\n|move|p1a: SEXY CAN I|Encore|p2a: Basculegion\n|-start|p2a: Basculegion|Encore\n|\n|upkeep\n|turn|15\n|\n|t:|1776644118\n|move|p2a: Basculegion|Last Respects|p1a: SEXY CAN I\n|-immune|p1a: SEXY CAN I\n|move|p1a: SEXY CAN I|Swords Dance|p1a: SEXY CAN I\n|-boost|p1a: SEXY CAN I|atk|2\n|\n|upkeep\n|turn|16\n|c|\u2606Slezak15|lol\n|\n|t:|1776644127\n|move|p2a: Basculegion|Last Respects|p1a: SEXY CAN I\n|-immune|p1a: SEXY CAN I\n|move|p1a: SEXY CAN I|Swords Dance|p1a: SEXY CAN I\n|-boost|p1a: SEXY CAN I|atk|2\n|\n|upkeep\n|turn|17\n|c|\u2606driflount drifloon|lol\n|-message|Slezak15 forfeited.\n|\n|win|driflount drifloon\n|raw|driflount drifloon's rating: 1140 &rarr; <strong>1164</strong><br />(+24 for winning)\n|raw|Slezak15's rating: 1130 &rarr; <strong>1106</strong><br />(-24 for losing)\n|l|\u2606Slezak15\n|player|p2|\n",
  "uploadtime": 1776644136,
  "views": 1,
  "formatid": "gen9championsbssregma",
  "rating": 1106,
  "private": 0,
  "password": null
}