{
  "id": "gen9championsbssregma-2584244904",
  "format": "[Gen 9 Champions] BSS Reg M-A",
  "players": [
    "fletchyfletchy",
    "Actualtoppa"
  ],
  "log": "|j|\u2606fletchyfletchy\n|j|\u2606Actualtoppa\n|t:|1776242605\n|gametype|singles\n|player|p1|fletchyfletchy|liko|1070\n|player|p2|Actualtoppa|1|1178\n|gen|9\n|tier|[Gen 9 Champions] BSS Reg M-A\n|rated|\n|rule|Species Clause: Limit one of each Pok\u00e9mon\n|rule|Item Clause: Limit 1 of each item\n|clearpoke\n|poke|p1|Lopunny, L50, F|\n|poke|p1|Basculegion, L50, M|\n|poke|p1|Meowscarada, L50, F|\n|poke|p1|Aegislash, L50, F|\n|poke|p1|Charizard, L50, M|\n|poke|p1|Ninetales-Alola, L50, F|\n|poke|p2|Charizard, L50, M|\n|poke|p2|Feraligatr, L50, F|\n|poke|p2|Espathra, L50, M|\n|poke|p2|Kingambit, L50, M|\n|poke|p2|Garganacl, L50, F|\n|poke|p2|Gardevoir, L50, M|\n|teampreview|3\n|\n|t:|1776242632\n|teamsize|p1|3\n|teamsize|p2|3\n|start\n|switch|p1a: Lopunny|Lopunny, L50, F|100/100\n|switch|p2a: Charizard|Charizard, L50, M|100/100\n|turn|1\n|\n|t:|1776242640\n|switch|p2a: Gardevoir|Gardevoir, L50, M|100/100\n|detailschange|p1a: Lopunny|Lopunny-Mega, L50, F\n|-mega|p1a: Lopunny|Lopunny|Lopunnite\n|move|p1a: Lopunny|Fake Out|p2a: Gardevoir\n|-damage|p2a: Gardevoir|61/100\n|\n|upkeep\n|turn|2\n|inactive|Battle timer is ON: inactive players will automatically lose when time's up. (requested by Actualtoppa)\n|\n|t:|1776242656\n|switch|p1a: Ninetales|Ninetales-Alola, L50, F|100/100\n|-weather|Snowscape|[from] ability: Snow Warning|[of] p1a: Ninetales\n|move|p2a: Gardevoir|Moonblast|p1a: Ninetales\n|-damage|p1a: Ninetales|40/100\n|-enditem|p1a: Ninetales|Sitrus Berry|[eat]\n|-heal|p1a: Ninetales|64/100|[from] item: Sitrus Berry\n|\n|-weather|Snowscape|[upkeep]\n|upkeep\n|turn|3\n|\n|t:|1776242665\n|move|p2a: Gardevoir|Moonblast|p1a: Ninetales\n|-damage|p1a: Ninetales|4/100\n|move|p1a: Ninetales|Aurora Veil|p1a: Ninetales\n|-sidestart|p1: fletchyfletchy|move: Aurora Veil\n|\n|-weather|Snowscape|[upkeep]\n|upkeep\n|turn|4\n|\n|t:|1776242669\n|move|p2a: Gardevoir|Moonblast|p1a: Ninetales\n|-damage|p1a: Ninetales|0 fnt\n|faint|p1a: Ninetales\n|\n|-weather|Snowscape|[upkeep]\n|upkeep\n|\n|t:|1776242673\n|switch|p1a: Lopunny|Lopunny-Mega, L50, F|100/100\n|turn|5\n|\n|t:|1776242678\n|move|p1a: Lopunny|Fake Out|p2a: Gardevoir\n|-damage|p2a: Gardevoir|24/100\n|cant|p2a: Gardevoir|flinch\n|\n|-weather|Snowscape|[upkeep]\n|upkeep\n|turn|6\n|\n|t:|1776242684\n|move|p2a: Gardevoir|Moonblast|p1a: Lopunny\n|-supereffective|p1a: Lopunny|1\n|-damage|p1a: Lopunny|41/100\n|move|p1a: Lopunny|Triple Axel|p2a: Gardevoir\n|-damage|p2a: Gardevoir|12/100\n|-damage|p2a: Gardevoir|0 fnt\n|faint|p2a: Gardevoir\n|-hitcount|p2: Gardevoir|2\n|\n|-weather|none\n|upkeep\n|\n|t:|1776242691\n|switch|p2a: Charizard|Charizard, L50, M|100/100\n|turn|7\n|\n|t:|1776242706\n|detailschange|p2a: Charizard|Charizard-Mega-Y, L50, M\n|-mega|p2a: Charizard|Charizard|Charizardite Y\n|-weather|SunnyDay|[from] ability: Drought|[of] p2a: Charizard\n|move|p1a: Lopunny|Triple Axel|p2a: Charizard\n|-damage|p2a: Charizard|89/100\n|-damage|p2a: Charizard|69/100\n|-hitcount|p2a: Charizard|2\n|move|p2a: Charizard|Solar Beam||[still]\n|-prepare|p2a: Charizard|Solar Beam\n|-anim|p2a: Charizard|Solar Beam|p1a: Lopunny\n|-damage|p1a: Lopunny|3/100\n|\n|-weather|SunnyDay|[upkeep]\n|-sideend|p1: fletchyfletchy|move: Aurora Veil\n|upkeep\n|turn|8\n|\n|t:|1776242724\n|switch|p2a: Feraligatr|Feraligatr, L50, F|100/100\n|move|p1a: Lopunny|Triple Axel|p2a: Feraligatr\n|-resisted|p2a: Feraligatr|1\n|-damage|p2a: Feraligatr|97/100\n|-resisted|p2a: Feraligatr|1\n|-damage|p2a: Feraligatr|91/100\n|-resisted|p2a: Feraligatr|1\n|-damage|p2a: Feraligatr|81/100\n|-hitcount|p2a: Feraligatr|3\n|\n|-weather|SunnyDay|[upkeep]\n|upkeep\n|turn|9\n|\n|t:|1776242734\n|move|p2a: Feraligatr|Aqua Jet|p1a: Lopunny\n|-damage|p1a: Lopunny|0 fnt\n|faint|p1a: Lopunny\n|\n|-weather|SunnyDay|[upkeep]\n|upkeep\n|\n|t:|1776242737\n|switch|p1a: Basculegion|Basculegion, L50, M|100/100\n|turn|10\n|\n|t:|1776242753\n|move|p1a: Basculegion|Last Respects|p2a: Feraligatr\n|-damage|p2a: Feraligatr|0 fnt\n|faint|p2a: Feraligatr\n|\n|-weather|SunnyDay|[upkeep]\n|upkeep\n|\n|t:|1776242756\n|switch|p2a: Charizard|Charizard-Mega-Y, L50, M|69/100\n|turn|11\n|\n|t:|1776242763\n|move|p1a: Basculegion|Last Respects|p2a: Charizard\n|-damage|p2a: Charizard|0 fnt\n|faint|p2a: Charizard\n|\n|win|fletchyfletchy\n|raw|fletchyfletchy's rating: 1070 &rarr; <strong>1108</strong><br />(+38 for winning)\n|raw|Actualtoppa's rating: 1178 &rarr; <strong>1145</strong><br />(-33 for losing)\n",
  "uploadtime": 1776242764,
  "views": 3,
  "formatid": "gen9championsbssregma",
  "rating": 1108,
  "private": 0,
  "password": null
}