{
  "id": "gen9championsbssregma-2581932498",
  "format": "[Gen 9 Champions] BSS Reg M-A",
  "players": [
    "kaiwatersleeping",
    "AndreHero007"
  ],
  "log": "|j|\u2606kaiwatersleeping\n|j|\u2606AndreHero007\n|t:|1776040939\n|gametype|singles\n|player|p1|kaiwatersleeping|pokemonrangerf-gen4|1028\n|player|p2|AndreHero007|scientist|1054\n|gen|9\n|tier|[Gen 9 Champions] BSS Reg M-A\n|rated|\n|rule|Species Clause: Limit one of each Pok\u00e9mon\n|rule|Item Clause: Limit 1 of each item\n|clearpoke\n|poke|p1|Gengar, L50, M|\n|poke|p1|Incineroar, L50, M|\n|poke|p1|Arcanine-Hisui, L50, F|\n|poke|p1|Hawlucha, L50, M|\n|poke|p1|Starmie, L50|\n|poke|p1|Excadrill, L50, M|\n|poke|p2|Charizard, L50, M|\n|poke|p2|Lopunny, L50, F|\n|poke|p2|Raichu, L50, F|\n|poke|p2|Blastoise, L50, F|\n|poke|p2|Aggron, L50, F|\n|poke|p2|Goodra, L50, M|\n|teampreview|3\n|inactive|Battle timer is ON: inactive players will automatically lose when time's up. (requested by kaiwatersleeping)\n|inactive|AndreHero007 has 60 seconds left.\n|\n|t:|1776040977\n|teamsize|p1|3\n|teamsize|p2|3\n|start\n|switch|p1a: Hawlucha|Hawlucha, L50, M|100/100\n|switch|p2a: Feraligator|Blastoise, L50, F|100/100\n|-ability|p1a: Hawlucha|Mold Breaker\n|turn|1\n|\n|t:|1776040992\n|switch|p1a: Starmie|Starmie, L50|100/100\n|move|p2a: Feraligator|Shell Smash|p2a: Feraligator\n|-unboost|p2a: Feraligator|def|1\n|-unboost|p2a: Feraligator|spd|1\n|-boost|p2a: Feraligator|atk|2\n|-boost|p2a: Feraligator|spa|2\n|-boost|p2a: Feraligator|spe|2\n|-enditem|p2a: Feraligator|White Herb\n|-clearnegativeboost|p2a: Feraligator|[silent]\n|\n|upkeep\n|turn|2\n|\n|t:|1776041008\n|move|p2a: Feraligator|Shell Smash|p2a: Feraligator\n|-unboost|p2a: Feraligator|def|1\n|-unboost|p2a: Feraligator|spd|1\n|-boost|p2a: Feraligator|atk|2\n|-boost|p2a: Feraligator|spa|2\n|-boost|p2a: Feraligator|spe|2\n|move|p1a: Starmie|Minimize|p1a: Starmie\n|-boost|p1a: Starmie|evasion|2\n|\n|upkeep\n|turn|3\n|inactive|AndreHero007 has 30 seconds left.\n|\n|t:|1776041034\n|move|p2a: Feraligator|Surf|p1a: Starmie|[miss]\n|-miss|p2a: Feraligator|p1a: Starmie\n|move|p1a: Starmie|Minimize|p1a: Starmie\n|-boost|p1a: Starmie|evasion|2\n|\n|upkeep\n|turn|4\n|\n|t:|1776041037\n|move|p2a: Feraligator|Surf|p1a: Starmie|[miss]\n|-miss|p2a: Feraligator|p1a: Starmie\n|move|p1a: Starmie|Substitute|p1a: Starmie\n|-start|p1a: Starmie|Substitute\n|-damage|p1a: Starmie|76/100\n|\n|upkeep\n|turn|5\n|\n|t:|1776041043\n|move|p2a: Feraligator|Surf|p1a: Starmie\n|-resisted|p1a: Starmie|1\n|-end|p1a: Starmie|Substitute\n|move|p1a: Starmie|Minimize|p1a: Starmie\n|-boost|p1a: Starmie|evasion|2\n|\n|upkeep\n|turn|6\n|c|\u2606AndreHero007|No evasion moves ban?\n|\n|t:|1776041061\n|move|p2a: Feraligator|Surf|p1a: Starmie|[miss]\n|-miss|p2a: Feraligator|p1a: Starmie\n|move|p1a: Starmie|Substitute|p1a: Starmie\n|-start|p1a: Starmie|Substitute\n|-damage|p1a: Starmie|51/100\n|\n|upkeep\n|turn|7\n|\n|t:|1776041067\n|move|p2a: Feraligator|Surf|p1a: Starmie\n|-resisted|p1a: Starmie|1\n|-end|p1a: Starmie|Substitute\n|move|p1a: Starmie|Recover|p1a: Starmie\n|-heal|p1a: Starmie|100/100\n|\n|upkeep\n|turn|8\n|\n|t:|1776041073\n|move|p2a: Feraligator|Shell Smash|p2a: Feraligator\n|-unboost|p2a: Feraligator|def|1\n|-unboost|p2a: Feraligator|spd|1\n|-boost|p2a: Feraligator|atk|2\n|-boost|p2a: Feraligator|spa|2\n|-boost|p2a: Feraligator|spe|2\n|move|p1a: Starmie|Substitute|p1a: Starmie\n|-start|p1a: Starmie|Substitute\n|-damage|p1a: Starmie|76/100\n|\n|upkeep\n|turn|9\n|\n|t:|1776041081\n|move|p2a: Feraligator|Surf|p1a: Starmie|[miss]\n|-miss|p2a: Feraligator|p1a: Starmie\n|move|p1a: Starmie|Meteor Beam||[still]\n|-prepare|p1a: Starmie|Meteor Beam\n|-boost|p1a: Starmie|spa|1\n|\n|upkeep\n|turn|10\n|c|\u2606kaiwatersleeping|yes\n|\n|t:|1776041088\n|move|p2a: Feraligator|Surf|p1a: Starmie|[miss]\n|-miss|p2a: Feraligator|p1a: Starmie\n|move|p1a: Starmie|Meteor Beam|p2a: Feraligator|[from] lockedmove|[miss]\n|-miss|p1a: Starmie|p2a: Feraligator\n|\n|upkeep\n|turn|11\n|c|\u2606AndreHero007|My clefable will back\n|\n|t:|1776041106\n|move|p2a: Feraligator|Surf|p1a: Starmie|[miss]\n|-miss|p2a: Feraligator|p1a: Starmie\n|move|p1a: Starmie|Meteor Beam||[still]\n|-prepare|p1a: Starmie|Meteor Beam\n|-boost|p1a: Starmie|spa|1\n|\n|upkeep\n|turn|12\n|\n|t:|1776041112\n|move|p2a: Feraligator|Surf|p1a: Starmie\n|-resisted|p1a: Starmie|1\n|-end|p1a: Starmie|Substitute\n|move|p1a: Starmie|Meteor Beam|p2a: Feraligator|[from] lockedmove\n|-damage|p2a: Feraligator|27/100\n|\n|upkeep\n|turn|13\n|\n|t:|1776041120\n|move|p2a: Feraligator|Surf|p1a: Starmie|[miss]\n|-miss|p2a: Feraligator|p1a: Starmie\n|move|p1a: Starmie|Substitute|p1a: Starmie\n|-start|p1a: Starmie|Substitute\n|-damage|p1a: Starmie|51/100\n|\n|upkeep\n|turn|14\n|\n|t:|1776041125\n|move|p2a: Feraligator|Surf|p1a: Starmie|[miss]\n|-miss|p2a: Feraligator|p1a: Starmie\n|move|p1a: Starmie|Recover|p1a: Starmie\n|-heal|p1a: Starmie|100/100\n|\n|upkeep\n|turn|15\n|\n|t:|1776041134\n|move|p2a: Feraligator|Surf|p1a: Starmie|[miss]\n|-miss|p2a: Feraligator|p1a: Starmie\n|move|p1a: Starmie|Meteor Beam||[still]\n|-prepare|p1a: Starmie|Meteor Beam\n|-boost|p1a: Starmie|spa|1\n|\n|upkeep\n|turn|16\n|\n|t:|1776041140\n|move|p2a: Feraligator|Surf|p1a: Starmie\n|-resisted|p1a: Starmie|1\n|-end|p1a: Starmie|Substitute\n|move|p1a: Starmie|Meteor Beam|p2a: Feraligator|[from] lockedmove\n|-damage|p2a: Feraligator|0 fnt\n|faint|p2a: Feraligator\n|\n|upkeep\n|\n|t:|1776041147\n|switch|p2a: Raichu|Raichu, L50, F|100/100\n|turn|17\n|\n|t:|1776041151\n|move|p1a: Starmie|Substitute|p1a: Starmie\n|-start|p1a: Starmie|Substitute\n|-damage|p1a: Starmie|76/100\n|move|p2a: Raichu|Thunderbolt|p1a: Starmie|[miss]\n|-miss|p2a: Raichu|p1a: Starmie\n|\n|upkeep\n|turn|18\n|\n|t:|1776041158\n|move|p1a: Starmie|Meteor Beam||[still]\n|-prepare|p1a: Starmie|Meteor Beam\n|-boost|p1a: Starmie|spa|1\n|move|p2a: Raichu|Thunderbolt|p1a: Starmie\n|-supereffective|p1a: Starmie|1\n|-end|p1a: Starmie|Substitute\n|\n|upkeep\n|turn|19\n|\n|t:|1776041163\n|move|p1a: Starmie|Meteor Beam|p2a: Raichu|[from] lockedmove\n|-damage|p2a: Raichu|0 fnt\n|faint|p2a: Raichu\n|\n|upkeep\n|\n|t:|1776041166\n|switch|p2a: Goodra|Goodra, L50, M, shiny|100/100\n|turn|20\n|\n|t:|1776041169\n|move|p1a: Starmie|Substitute|p1a: Starmie\n|-start|p1a: Starmie|Substitute\n|-damage|p1a: Starmie|51/100\n|move|p2a: Goodra|Draco Meteor|p1a: Starmie\n|-end|p1a: Starmie|Substitute\n|-unboost|p2a: Goodra|spa|2\n|\n|upkeep\n|turn|21\n|-message|AndreHero007 forfeited.\n|\n|win|kaiwatersleeping\n|raw|kaiwatersleeping's rating: 1028 &rarr; <strong>1066</strong><br />(+38 for winning)\n|raw|AndreHero007's rating: 1054 &rarr; <strong>1035</strong><br />(-19 for losing)\n|l|\u2606AndreHero007\n|player|p2|\n",
  "uploadtime": 1776041310,
  "views": 4,
  "formatid": "gen9championsbssregma",
  "rating": 1035,
  "private": 0,
  "password": null
}