{
  "id": "gen9championsbssregma-2587433371",
  "format": "[Gen 9 Champions] BSS Reg M-A",
  "players": [
    "lonejibanyan",
    "Brymont"
  ],
  "log": "|j|\u2606lonejibanyan\n|j|\u2606Brymont\n|t:|1776531411\n|gametype|singles\n|player|p1|lonejibanyan|wallace|1058\n|player|p2|Brymont|steven|1158\n|gen|9\n|tier|[Gen 9 Champions] BSS Reg M-A\n|rated|\n|rule|Species Clause: Limit one of each Pok\u00e9mon\n|rule|Item Clause: Limit 1 of each item\n|clearpoke\n|poke|p1|Tyranitar, L50, M|\n|poke|p1|Garchomp, L50, M|\n|poke|p1|Aegislash, L50, F|\n|poke|p1|Excadrill, L50, F|\n|poke|p1|Clefable, L50, M|\n|poke|p1|Rotom-Wash, L50|\n|poke|p2|Chimecho, L50, M|\n|poke|p2|Ninetales-Alola, L50, F|\n|poke|p2|Bellibolt, L50, F|\n|poke|p2|Sneasler, L50, F|\n|poke|p2|Samurott-Hisui, L50, M|\n|poke|p2|Lopunny, L50, M|\n|teampreview|3\n|inactive|Battle timer is ON: inactive players will automatically lose when time's up. (requested by Brymont)\n|inactive|lonejibanyan has 60 seconds left.\n|inactive|lonejibanyan has 30 seconds left.\n|\n|t:|1776531479\n|teamsize|p1|3\n|teamsize|p2|3\n|start\n|switch|p1a: Garchomp|Garchomp, L50, M|100/100\n|switch|p2a: Samurott|Samurott-Hisui, L50, M|100/100\n|turn|1\n|\n|t:|1776531491\n|move|p1a: Garchomp|Outrage|p2a: Samurott\n|-damage|p2a: Samurott|38/100\n|move|p2a: Samurott|Ceaseless Edge|p1a: Garchomp\n|-damage|p1a: Garchomp|53/100\n|-sidestart|p1: lonejibanyan|Spikes\n|\n|upkeep\n|turn|2\n|\n|t:|1776531500\n|move|p2a: Samurott|Sucker Punch|p1a: Garchomp\n|-damage|p1a: Garchomp|17/100\n|move|p1a: Garchomp|Outrage|p2a: Samurott|[from] lockedmove\n|-damage|p2a: Samurott|0 fnt\n|faint|p2a: Samurott\n|-start|p1a: Garchomp|confusion|[fatigue]\n|\n|upkeep\n|\n|t:|1776531503\n|switch|p2a: Chimecho|Chimecho, L50, M|100/100\n|turn|3\n|\n|t:|1776531514\n|detailschange|p2a: Chimecho|Chimecho-Mega, L50, M\n|-mega|p2a: Chimecho|Chimecho|Chimechite\n|-activate|p1a: Garchomp|confusion\n|move|p1a: Garchomp|Outrage|p2a: Chimecho\n|-resisted|p2a: Chimecho|1\n|-damage|p2a: Chimecho|80/100\n|move|p2a: Chimecho|Calm Mind|p2a: Chimecho\n|-boost|p2a: Chimecho|spa|1\n|-boost|p2a: Chimecho|spd|1\n|\n|upkeep\n|turn|4\n|\n|t:|1776531525\n|-end|p1a: Garchomp|confusion\n|move|p1a: Garchomp|Outrage|p2a: Chimecho|[from] lockedmove\n|-resisted|p2a: Chimecho|1\n|-damage|p2a: Chimecho|60/100\n|move|p2a: Chimecho|Calm Mind|p2a: Chimecho\n|-boost|p2a: Chimecho|spa|1\n|-boost|p2a: Chimecho|spd|1\n|\n|upkeep\n|turn|5\n|\n|t:|1776531536\n|move|p1a: Garchomp|Outrage|p2a: Chimecho|[from] lockedmove\n|-resisted|p2a: Chimecho|1\n|-damage|p2a: Chimecho|40/100\n|-start|p1a: Garchomp|confusion|[fatigue]\n|move|p2a: Chimecho|Calm Mind|p2a: Chimecho\n|-boost|p2a: Chimecho|spa|1\n|-boost|p2a: Chimecho|spd|1\n|\n|upkeep\n|turn|6\n|\n|t:|1776531544\n|-activate|p1a: Garchomp|confusion\n|move|p1a: Garchomp|Outrage|p2a: Chimecho\n|-resisted|p2a: Chimecho|1\n|-damage|p2a: Chimecho|19/100\n|move|p2a: Chimecho|Recover|p2a: Chimecho\n|-heal|p2a: Chimecho|69/100\n|\n|upkeep\n|turn|7\n|\n|t:|1776531552\n|-activate|p1a: Garchomp|confusion\n|-damage|p1a: Garchomp|4/100|[from] confusion\n|move|p2a: Chimecho|Recover|p2a: Chimecho\n|-heal|p2a: Chimecho|100/100\n|\n|upkeep\n|turn|8\n|\n|t:|1776531558\n|-activate|p1a: Garchomp|confusion\n|move|p1a: Garchomp|Outrage|p2a: Chimecho\n|-resisted|p2a: Chimecho|1\n|-damage|p2a: Chimecho|79/100\n|move|p2a: Chimecho|Calm Mind|p2a: Chimecho\n|-boost|p2a: Chimecho|spa|1\n|-boost|p2a: Chimecho|spd|1\n|\n|upkeep\n|turn|9\n|\n|t:|1776531569\n|-activate|p1a: Garchomp|confusion\n|move|p1a: Garchomp|Outrage|p2a: Chimecho|[from] lockedmove\n|-resisted|p2a: Chimecho|1\n|-damage|p2a: Chimecho|58/100\n|move|p2a: Chimecho|Calm Mind|p2a: Chimecho\n|-boost|p2a: Chimecho|spa|1\n|-boost|p2a: Chimecho|spd|1\n|\n|upkeep\n|turn|10\n|\n|t:|1776531577\n|-end|p1a: Garchomp|confusion\n|move|p1a: Garchomp|Outrage|p2a: Chimecho|[from] lockedmove\n|-resisted|p2a: Chimecho|1\n|-damage|p2a: Chimecho|36/100\n|-start|p1a: Garchomp|confusion|[fatigue]\n|move|p2a: Chimecho|Recover|p2a: Chimecho\n|-heal|p2a: Chimecho|86/100\n|\n|upkeep\n|turn|11\n|\n|t:|1776531588\n|-activate|p1a: Garchomp|confusion\n|move|p1a: Garchomp|Outrage|p2a: Chimecho\n|-resisted|p2a: Chimecho|1\n|-damage|p2a: Chimecho|65/100\n|move|p2a: Chimecho|Stored Power|p1a: Garchomp\n|-damage|p1a: Garchomp|0 fnt\n|faint|p1a: Garchomp\n|\n|upkeep\n|\n|t:|1776531603\n|switch|p1a: Rotom|Rotom-Wash, L50|100/100\n|turn|12\n|inactive|lonejibanyan has 30 seconds left.\n|\n|t:|1776531631\n|move|p1a: Rotom|Hydro Pump|p2a: Chimecho\n|-damage|p2a: Chimecho|53/100\n|move|p2a: Chimecho|Draining Kiss|p1a: Rotom\n|-damage|p1a: Rotom|40/100\n|-heal|p2a: Chimecho|87/100|[from] drain|[of] p1a: Rotom\n|-enditem|p1a: Rotom|Sitrus Berry|[eat]\n|-heal|p1a: Rotom|65/100|[from] item: Sitrus Berry\n|\n|upkeep\n|turn|13\n|\n|t:|1776531642\n|move|p1a: Rotom|Hydro Pump|p2a: Chimecho\n|-crit|p2a: Chimecho\n|-damage|p2a: Chimecho|23/100\n|move|p2a: Chimecho|Calm Mind|p2a: Chimecho\n|-boost|p2a: Chimecho|spa|1\n|-boost|p2a: Chimecho|spd|1\n|\n|upkeep\n|turn|14\n|\n|t:|1776531655\n|move|p1a: Rotom|Hydro Pump|p2a: Chimecho\n|-crit|p2a: Chimecho\n|-damage|p2a: Chimecho|0 fnt\n|faint|p2a: Chimecho\n|\n|upkeep\n|\n|t:|1776531659\n|switch|p2a: Bellibolt|Bellibolt, L50, F|100/100\n|turn|15\n|\n|t:|1776531670\n|move|p1a: Rotom|Will-O-Wisp|p2a: Bellibolt\n|-status|p2a: Bellibolt|brn\n|move|p2a: Bellibolt|Discharge|p1a: Rotom\n|-damage|p1a: Rotom|30/100\n|\n|-damage|p2a: Bellibolt|94/100 brn|[from] brn\n|upkeep\n|turn|16\n|\n|t:|1776531691\n|move|p1a: Rotom|Pain Split|p2a: Bellibolt\n|-sethp|p2a: Bellibolt|57/100 brn|[from] move: Pain Split|[silent]\n|-sethp|p1a: Rotom|88/100|[from] move: Pain Split\n|move|p2a: Bellibolt|Discharge|p1a: Rotom\n|-damage|p1a: Rotom|55/100\n|\n|-heal|p2a: Bellibolt|63/100 brn|[from] item: Leftovers\n|-damage|p2a: Bellibolt|57/100 brn|[from] brn\n|upkeep\n|turn|17\n|\n|t:|1776531707\n|move|p1a: Rotom|Will-O-Wisp|p2a: Bellibolt\n|-fail|p2a: Bellibolt|brn\n|move|p2a: Bellibolt|Slack Off|p2a: Bellibolt\n|-heal|p2a: Bellibolt|100/100 brn\n|\n|-damage|p2a: Bellibolt|94/100 brn|[from] brn\n|upkeep\n|turn|18\n|\n|t:|1776531716\n|move|p1a: Rotom|Pain Split|p2a: Bellibolt\n|-sethp|p2a: Bellibolt|65/100 brn|[from] move: Pain Split|[silent]\n|-sethp|p1a: Rotom|99/100|[from] move: Pain Split\n|move|p2a: Bellibolt|Discharge|p1a: Rotom\n|-damage|p1a: Rotom|68/100\n|\n|-heal|p2a: Bellibolt|71/100 brn|[from] item: Leftovers\n|-damage|p2a: Bellibolt|65/100 brn|[from] brn\n|upkeep\n|turn|19\n|\n|t:|1776531731\n|move|p1a: Rotom|Will-O-Wisp|p2a: Bellibolt|[miss]\n|-miss|p1a: Rotom|p2a: Bellibolt\n|move|p2a: Bellibolt|Discharge|p1a: Rotom\n|-damage|p1a: Rotom|31/100\n|\n|-heal|p2a: Bellibolt|71/100 brn|[from] item: Leftovers\n|-damage|p2a: Bellibolt|65/100 brn|[from] brn\n|upkeep\n|turn|20\n|\n|t:|1776531742\n|move|p1a: Rotom|Pain Split|p2a: Bellibolt\n|-sethp|p2a: Bellibolt|43/100 brn|[from] move: Pain Split|[silent]\n|-sethp|p1a: Rotom|65/100|[from] move: Pain Split\n|move|p2a: Bellibolt|Discharge|p1a: Rotom\n|-damage|p1a: Rotom|31/100\n|\n|-heal|p2a: Bellibolt|49/100 brn|[from] item: Leftovers\n|-damage|p2a: Bellibolt|43/100 brn|[from] brn\n|upkeep\n|turn|21\n|\n|t:|1776531763\n|move|p1a: Rotom|Pain Split|p2a: Bellibolt\n|-sethp|p2a: Bellibolt|32/100 brn|[from] move: Pain Split|[silent]\n|-sethp|p1a: Rotom|48/100|[from] move: Pain Split\n|move|p2a: Bellibolt|Discharge|p1a: Rotom\n|-damage|p1a: Rotom|15/100\n|\n|-heal|p2a: Bellibolt|38/100 brn|[from] item: Leftovers\n|-damage|p2a: Bellibolt|32/100 brn|[from] brn\n|upkeep\n|turn|22\n|\n|t:|1776531780\n|move|p1a: Rotom|Pain Split|p2a: Bellibolt\n|-sethp|p2a: Bellibolt|21/100 brn|[from] move: Pain Split|[silent]\n|-sethp|p1a: Rotom|32/100|[from] move: Pain Split\n|move|p2a: Bellibolt|Discharge|p1a: Rotom\n|-damage|p1a: Rotom|0 fnt\n|faint|p1a: Rotom\n|\n|-heal|p2a: Bellibolt|27/100 brn|[from] item: Leftovers\n|-damage|p2a: Bellibolt|21/100 brn|[from] brn\n|upkeep\n|\n|t:|1776531792\n|switch|p1a: Clefable|Clefable, L50, M|100/100\n|turn|23\n|\n|t:|1776531798\n|detailschange|p1a: Clefable|Clefable-Mega, L50, M\n|-mega|p1a: Clefable|Clefable|Clefablite\n|move|p1a: Clefable|Cosmic Power|p1a: Clefable\n|-boost|p1a: Clefable|def|1\n|-boost|p1a: Clefable|spd|1\n|move|p2a: Bellibolt|Slack Off|p2a: Bellibolt\n|-heal|p2a: Bellibolt|71/100 brn\n|\n|-heal|p2a: Bellibolt|77/100 brn|[from] item: Leftovers\n|-damage|p2a: Bellibolt|71/100 brn|[from] brn\n|upkeep\n|turn|24\n|\n|t:|1776531811\n|move|p1a: Clefable|Cosmic Power|p1a: Clefable\n|-boost|p1a: Clefable|def|1\n|-boost|p1a: Clefable|spd|1\n|move|p2a: Bellibolt|Thunder Wave|p1a: Clefable\n|move|p1a: Clefable|Thunder Wave||[from] ability: Magic Bounce|[still]\n|-fail|p1a: Clefable\n|\n|-heal|p2a: Bellibolt|77/100 brn|[from] item: Leftovers\n|-damage|p2a: Bellibolt|71/100 brn|[from] brn\n|upkeep\n|turn|25\n|\n|t:|1776531823\n|move|p1a: Clefable|Cosmic Power|p1a: Clefable\n|-boost|p1a: Clefable|def|1\n|-boost|p1a: Clefable|spd|1\n|move|p2a: Bellibolt|Discharge|p1a: Clefable\n|-supereffective|p1a: Clefable|1\n|-damage|p1a: Clefable|82/100\n|-status|p1a: Clefable|par\n|\n|-heal|p2a: Bellibolt|77/100 brn|[from] item: Leftovers\n|-damage|p2a: Bellibolt|71/100 brn|[from] brn\n|upkeep\n|turn|26\n|\n|t:|1776531836\n|move|p2a: Bellibolt|Discharge|p1a: Clefable\n|-supereffective|p1a: Clefable|1\n|-damage|p1a: Clefable|61/100 par\n|move|p1a: Clefable|Moonlight|p1a: Clefable\n|-heal|p1a: Clefable|100/100 par\n|\n|-heal|p2a: Bellibolt|77/100 brn|[from] item: Leftovers\n|-damage|p2a: Bellibolt|71/100 brn|[from] brn\n|upkeep\n|turn|27\n|\n|t:|1776531846\n|move|p2a: Bellibolt|Discharge|p1a: Clefable\n|-supereffective|p1a: Clefable|1\n|-damage|p1a: Clefable|82/100 par\n|move|p1a: Clefable|Cosmic Power|p1a: Clefable\n|-boost|p1a: Clefable|def|1\n|-boost|p1a: Clefable|spd|1\n|\n|-heal|p2a: Bellibolt|77/100 brn|[from] item: Leftovers\n|-damage|p2a: Bellibolt|71/100 brn|[from] brn\n|upkeep\n|turn|28\n|\n|t:|1776531861\n|move|p2a: Bellibolt|Slack Off|p2a: Bellibolt\n|-heal|p2a: Bellibolt|100/100 brn\n|move|p1a: Clefable|Moonblast|p2a: Bellibolt\n|-crit|p2a: Bellibolt\n|-damage|p2a: Bellibolt|25/100 brn\n|-start|p2a: Bellibolt|Charge|Moonblast|[from] ability: Electromorphosis\n|\n|-heal|p2a: Bellibolt|31/100 brn|[from] item: Leftovers\n|-damage|p2a: Bellibolt|25/100 brn|[from] brn\n|upkeep\n|turn|29\n|\n|t:|1776531872\n|move|p2a: Bellibolt|Slack Off|p2a: Bellibolt\n|-heal|p2a: Bellibolt|75/100 brn\n|move|p1a: Clefable|Moonblast|p2a: Bellibolt\n|-crit|p2a: Bellibolt\n|-damage|p2a: Bellibolt|4/100 brn\n|-start|p2a: Bellibolt|Charge|Moonblast|[from] ability: Electromorphosis\n|\n|-heal|p2a: Bellibolt|10/100 brn|[from] item: Leftovers\n|-damage|p2a: Bellibolt|4/100 brn|[from] brn\n|upkeep\n|turn|30\n|c|\u2606Brymont|?????????\n|\n|t:|1776531883\n|move|p2a: Bellibolt|Slack Off|p2a: Bellibolt\n|-heal|p2a: Bellibolt|54/100 brn\n|move|p1a: Clefable|Moonblast|p2a: Bellibolt\n|-crit|p2a: Bellibolt\n|-damage|p2a: Bellibolt|0 fnt\n|faint|p2a: Bellibolt\n|\n|win|lonejibanyan\n|raw|lonejibanyan's rating: 1058 &rarr; <strong>1098</strong><br />(+40 for winning)\n|raw|Brymont's rating: 1158 &rarr; <strong>1126</strong><br />(-32 for losing)\n",
  "uploadtime": 1776531905,
  "views": 9,
  "formatid": "gen9championsbssregma",
  "rating": 1098,
  "private": 0,
  "password": null
}