{
  "id": "gen9championsbssregma-2585219586",
  "format": "[Gen 9 Champions] BSS Reg M-A",
  "players": [
    "Venti0406",
    "WrRude09"
  ],
  "log": "|j|\u2606Venti0406\n|j|\u2606WrRude09\n|t:|1776326456\n|gametype|singles\n|player|p1|Venti0406|n|1042\n|player|p2|WrRude09|hilbert-wonderlauncher|1072\n|gen|9\n|tier|[Gen 9 Champions] BSS Reg M-A\n|rated|\n|rule|Species Clause: Limit one of each Pok\u00e9mon\n|rule|Item Clause: Limit 1 of each item\n|clearpoke\n|poke|p1|Blastoise, L50, M|\n|poke|p1|Clefable, L50, F|\n|poke|p1|Espathra, L50, M|\n|poke|p1|Lopunny, L50, M|\n|poke|p1|Umbreon, L50, M|\n|poke|p1|Ninetales-Alola, L50, F|\n|poke|p2|Quaquaval, L50, M|\n|poke|p2|Flareon, L50, F|\n|poke|p2|Drampa, L50, F|\n|poke|p2|Starmie, L50|\n|poke|p2|Politoed, L50, F|\n|poke|p2|Aegislash, L50, F|\n|teampreview|3\n|inactive|Battle timer is ON: inactive players will automatically lose when time's up. (requested by Venti0406)\n|\n|t:|1776326480\n|teamsize|p1|3\n|teamsize|p2|3\n|start\n|switch|p1a: Clefable|Clefable, L50, F|100/100\n|switch|p2a: Aegislash|Aegislash, L50, F, shiny|100/100\n|turn|1\n|\n|t:|1776326490\n|move|p1a: Clefable|Cosmic Power|p1a: Clefable\n|-boost|p1a: Clefable|def|1\n|-boost|p1a: Clefable|spd|1\n|-formechange|p2a: Aegislash|Aegislash-Blade|\n|move|p2a: Aegislash|Poltergeist|p1a: Clefable\n|-activate|p1a: Clefable|move: Poltergeist|Sitrus Berry\n|-damage|p1a: Clefable|66/100\n|\n|upkeep\n|turn|2\n|\n|t:|1776326504\n|switch|p2a: Drampa|Drampa, L50, F, shiny|100/100\n|-ability|p2a: Drampa|Cloud Nine\n|move|p1a: Clefable|Cosmic Power|p1a: Clefable\n|-boost|p1a: Clefable|def|1\n|-boost|p1a: Clefable|spd|1\n|\n|upkeep\n|turn|3\n|\n|t:|1776326516\n|detailschange|p2a: Drampa|Drampa-Mega, L50, F, shiny\n|-mega|p2a: Drampa|Drampa|Drampanite\n|move|p1a: Clefable|Moonlight|p1a: Clefable\n|-heal|p1a: Clefable|100/100\n|move|p2a: Drampa|Ice Beam|p1a: Clefable\n|-damage|p1a: Clefable|81/100\n|\n|upkeep\n|turn|4\n|\n|t:|1776326525\n|move|p1a: Clefable|Cosmic Power|p1a: Clefable\n|-boost|p1a: Clefable|def|1\n|-boost|p1a: Clefable|spd|1\n|move|p2a: Drampa|Tri Attack|p1a: Clefable\n|-damage|p1a: Clefable|62/100\n|\n|upkeep\n|turn|5\n|\n|t:|1776326533\n|move|p1a: Clefable|Cosmic Power|p1a: Clefable\n|-boost|p1a: Clefable|def|1\n|-boost|p1a: Clefable|spd|1\n|move|p2a: Drampa|Tri Attack|p1a: Clefable\n|-damage|p1a: Clefable|47/100\n|-enditem|p1a: Clefable|Sitrus Berry|[eat]\n|-heal|p1a: Clefable|72/100|[from] item: Sitrus Berry\n|\n|upkeep\n|turn|6\n|\n|t:|1776326542\n|move|p1a: Clefable|Cosmic Power|p1a: Clefable\n|-boost|p1a: Clefable|def|1\n|-boost|p1a: Clefable|spd|1\n|move|p2a: Drampa|Tri Attack|p1a: Clefable\n|-damage|p1a: Clefable|57/100\n|\n|upkeep\n|turn|7\n|\n|t:|1776326549\n|move|p1a: Clefable|Cosmic Power|p1a: Clefable\n|-boost|p1a: Clefable|def|1\n|-boost|p1a: Clefable|spd|1\n|move|p2a: Drampa|Tri Attack|p1a: Clefable\n|-damage|p1a: Clefable|45/100\n|-status|p1a: Clefable|brn\n|\n|-damage|p1a: Clefable|39/100 brn|[from] brn\n|upkeep\n|turn|8\n|\n|t:|1776326562\n|switch|p2a: Aegislash|Aegislash, L50, F, shiny|100/100\n|move|p1a: Clefable|Moonlight|p1a: Clefable\n|-heal|p1a: Clefable|89/100 brn\n|\n|-damage|p1a: Clefable|83/100 brn|[from] brn\n|upkeep\n|turn|9\n|\n|t:|1776326572\n|-formechange|p2a: Aegislash|Aegislash-Blade|\n|move|p2a: Aegislash|Sacred Sword|p1a: Clefable\n|-resisted|p1a: Clefable|1\n|-damage|p1a: Clefable|69/100 brn\n|move|p1a: Clefable|Baton Pass|p1a: Clefable\n|\n|t:|1776326579\n|switch|p1a: Blastoise|Blastoise, L50, M|100/100|[from] Baton Pass\n|\n|upkeep\n|turn|10\n|\n|t:|1776326585\n|detailschange|p1a: Blastoise|Blastoise-Mega, L50, M\n|-mega|p1a: Blastoise|Blastoise|Blastoisinite\n|-formechange|p2a: Aegislash|Aegislash|\n|move|p2a: Aegislash|King's Shield|p2a: Aegislash\n|-singleturn|p2a: Aegislash|Protect\n|move|p1a: Blastoise|Shell Smash|p1a: Blastoise\n|-unboost|p1a: Blastoise|def|1\n|-unboost|p1a: Blastoise|spd|1\n|-boost|p1a: Blastoise|atk|2\n|-boost|p1a: Blastoise|spa|2\n|-boost|p1a: Blastoise|spe|2\n|\n|upkeep\n|turn|11\n|\n|t:|1776326602\n|move|p1a: Blastoise|Dark Pulse|p2a: Aegislash\n|-supereffective|p2a: Aegislash|1\n|-damage|p2a: Aegislash|0 fnt\n|faint|p2a: Aegislash\n|\n|upkeep\n|\n|t:|1776326609\n|switch|p2a: Quaquaval|Quaquaval, L50, M|100/100\n|turn|12\n|\n|t:|1776326624\n|move|p1a: Blastoise|Shell Smash|p1a: Blastoise\n|-unboost|p1a: Blastoise|def|1\n|-unboost|p1a: Blastoise|spd|1\n|-boost|p1a: Blastoise|atk|2\n|-boost|p1a: Blastoise|spa|2\n|-boost|p1a: Blastoise|spe|2\n|move|p2a: Quaquaval|Close Combat|p1a: Blastoise\n|-damage|p1a: Blastoise|77/100\n|-unboost|p2a: Quaquaval|def|1\n|-unboost|p2a: Quaquaval|spd|1\n|\n|upkeep\n|turn|13\n|-message|WrRude09 forfeited.\n|\n|win|Venti0406\n|raw|Venti0406's rating: 1042 &rarr; <strong>1079</strong><br />(+37 for winning)\n|raw|WrRude09's rating: 1072 &rarr; <strong>1049</strong><br />(-23 for losing)\n|l|\u2606WrRude09\n|player|p2|\n",
  "uploadtime": 1776326638,
  "views": 15,
  "formatid": "gen9championsbssregma",
  "rating": 1049,
  "private": 0,
  "password": null
}