{
  "id": "gen9championsbssregma-2582106706",
  "format": "[Gen 9 Champions] BSS Reg M-A",
  "players": [
    "chessboxer316",
    "Pomme de mer"
  ],
  "log": "|j|\u2606chessboxer316\n|j|\u2606Pomme de mer\n|t:|1776058708\n|gametype|singles\n|player|p1|chessboxer316|169|1409\n|player|p2|Pomme de mer|n|1311\n|gen|9\n|tier|[Gen 9 Champions] BSS Reg M-A\n|rated|\n|rule|Species Clause: Limit one of each Pok\u00e9mon\n|rule|Item Clause: Limit 1 of each item\n|clearpoke\n|poke|p1|Aegislash, L50, M|\n|poke|p1|Primarina, L50, F|\n|poke|p1|Garchomp, L50, F|\n|poke|p1|Pangoro, L50, M|\n|poke|p1|Abomasnow, L50, F|\n|poke|p1|Starmie, L50|\n|poke|p2|Meganium, L50, M|\n|poke|p2|Scizor, L50, M|\n|poke|p2|Basculegion, L50, M|\n|poke|p2|Tyranitar, L50, F|\n|poke|p2|Volcarona, L50, M|\n|poke|p2|Sneasler, L50, F|\n|teampreview|3\n|inactive|Battle timer is ON: inactive players will automatically lose when time's up. (requested by Pomme de mer)\n|inactive|chessboxer316 also wants the timer to be on.\n|inactive|chessboxer316 has 60 seconds left.\n|inactive|Pomme de mer has 60 seconds left.\n|\n|t:|1776058760\n|teamsize|p1|3\n|teamsize|p2|3\n|start\n|switch|p1a: Abomasnow|Abomasnow, L50, F|100/100\n|switch|p2a: Meganium|Meganium, L50, M|100/100\n|-weather|Snowscape|[from] ability: Snow Warning|[of] p1a: Abomasnow\n|turn|1\n|\n|t:|1776058782\n|switch|p1a: Aegislash|Aegislash, L50, M|100/100\n|detailschange|p2a: Meganium|Meganium-Mega, L50, M\n|-mega|p2a: Meganium|Meganium|Meganiumite\n|move|p2a: Meganium|Weather Ball|p1a: Aegislash\n|-supereffective|p1a: Aegislash|1\n|-damage|p1a: Aegislash|5/100\n|\n|-weather|Snowscape|[upkeep]\n|-heal|p1a: Aegislash|11/100|[from] item: Leftovers\n|upkeep\n|turn|2\n|j| p74\n|\n|t:|1776058794\n|-formechange|p1a: Aegislash|Aegislash-Blade|\n|move|p1a: Aegislash|Shadow Sneak|p2a: Meganium\n|-crit|p2a: Meganium\n|-damage|p2a: Meganium|64/100\n|move|p2a: Meganium|Weather Ball|p1a: Aegislash\n|-supereffective|p1a: Aegislash|1\n|-damage|p1a: Aegislash|0 fnt\n|faint|p1a: Aegislash\n|\n|-weather|Snowscape|[upkeep]\n|upkeep\n|\n|t:|1776058805\n|switch|p1a: Pangoro|Pangoro, L50, M|100/100\n|turn|3\n|\n|t:|1776058810\n|move|p2a: Meganium|Dazzling Gleam|p1a: Pangoro\n|-supereffective|p1a: Pangoro|2\n|-enditem|p1a: Pangoro|Focus Sash\n|-damage|p1a: Pangoro|1/100\n|move|p1a: Pangoro|Swords Dance|p1a: Pangoro\n|-boost|p1a: Pangoro|atk|2\n|\n|-weather|Snowscape|[upkeep]\n|upkeep\n|turn|4\n|j| bromerta\n|\n|t:|1776058819\n|move|p1a: Pangoro|Bullet Punch|p2a: Meganium\n|-supereffective|p2a: Meganium|1\n|-damage|p2a: Meganium|0 fnt\n|faint|p2a: Meganium\n|\n|-weather|Snowscape|[upkeep]\n|upkeep\n|\n|t:|1776058823\n|switch|p2a: Volcarona|Volcarona, L50, M|100/100\n|turn|5\n|\n|t:|1776058829\n|move|p2a: Volcarona|Bug Buzz|p1a: Pangoro\n|-damage|p1a: Pangoro|0 fnt\n|faint|p1a: Pangoro\n|\n|-weather|none\n|upkeep\n|\n|t:|1776058836\n|switch|p1a: Abomasnow|Abomasnow, L50, F|100/100\n|-weather|Snowscape|[from] ability: Snow Warning|[of] p1a: Abomasnow\n|turn|6\n|\n|t:|1776058841\n|detailschange|p1a: Abomasnow|Abomasnow-Mega, L50, F\n|-mega|p1a: Abomasnow|Abomasnow|Abomasite\n|move|p2a: Volcarona|Flamethrower|p1a: Abomasnow\n|-supereffective|p1a: Abomasnow|2\n|-damage|p1a: Abomasnow|0 fnt\n|faint|p1a: Abomasnow\n|\n|win|Pomme de mer\n|raw|chessboxer316's rating: 1409 &rarr; <strong>1384</strong><br />(-25 for losing)\n|raw|Pomme de mer's rating: 1311 &rarr; <strong>1336</strong><br />(+25 for winning)\n|l|\u2606chessboxer316\n|player|p1|\n|l| bromerta\n",
  "uploadtime": 1776058897,
  "views": 10,
  "formatid": "gen9championsbssregma",
  "rating": 1336,
  "private": 0,
  "password": null
}