{
  "id": "gen9championsbssregma-2586501604",
  "format": "[Gen 9 Champions] BSS Reg M-A",
  "players": [
    "ninano200",
    "suijimrh"
  ],
  "log": "|j|\u2606ninano200\n|j|\u2606suijimrh\n|t:|1776439048\n|gametype|singles\n|player|p1|ninano200|266|1129\n|player|p2|suijimrh|cynthia-gen4|1182\n|gen|9\n|tier|[Gen 9 Champions] BSS Reg M-A\n|rated|\n|rule|Species Clause: Limit one of each Pok\u00e9mon\n|rule|Item Clause: Limit 1 of each item\n|clearpoke\n|poke|p1|Starmie, L50|\n|poke|p1|Corviknight, L50, F|\n|poke|p1|Mimikyu, L50, M|\n|poke|p1|Rotom-Wash, L50|\n|poke|p1|Garchomp, L50, F|\n|poke|p1|Lucario, L50, M|\n|poke|p2|Primarina, L50, F|\n|poke|p2|Basculegion, L50, M|\n|poke|p2|Victreebel, L50, F|\n|poke|p2|Lopunny, L50, M|\n|poke|p2|Skeledirge, L50, F|\n|poke|p2|Drampa, L50, F|\n|teampreview|3\n|inactive|Battle timer is ON: inactive players will automatically lose when time's up. (requested by ninano200)\n|inactive|suijimrh has 60 seconds left.\n|\n|t:|1776439096\n|teamsize|p1|3\n|teamsize|p2|3\n|start\n|switch|p1a: Starmie|Starmie, L50|100/100\n|switch|p2a: Lopunny|Lopunny, L50, M, shiny|100/100\n|turn|1\n|\n|t:|1776439114\n|detailschange|p2a: Lopunny|Lopunny-Mega, L50, M, shiny\n|-mega|p2a: Lopunny|Lopunny|Lopunnite\n|detailschange|p1a: Starmie|Starmie-Mega, L50\n|-mega|p1a: Starmie|Starmie|Starminite\n|move|p2a: Lopunny|Fake Out|p1a: Starmie\n|-damage|p1a: Starmie|76/100\n|cant|p1a: Starmie|flinch\n|\n|upkeep\n|turn|2\n|\n|t:|1776439131\n|move|p2a: Lopunny|Giga Impact|p1a: Starmie\n|-damage|p1a: Starmie|0 fnt\n|-mustrecharge|p2a: Lopunny\n|faint|p1a: Starmie\n|\n|upkeep\n|\n|t:|1776439138\n|switch|p1a: Garchomp|Garchomp, L50, F|100/100\n|turn|3\n|\n|t:|1776439148\n|cant|p2a: Lopunny|recharge\n|move|p1a: Garchomp|Stealth Rock|p2a: Lopunny\n|-sidestart|p2: suijimrh|move: Stealth Rock\n|\n|upkeep\n|turn|4\n|\n|t:|1776439152\n|move|p2a: Lopunny|U-turn|p1a: Garchomp\n|-damage|p1a: Garchomp|75/100\n|-damage|p2a: Lopunny|89/100|[from] ability: Rough Skin|[of] p1a: Garchomp\n|c|\u2606ninano200|suuuuuper lucky\n|\n|t:|1776439163\n|switch|p2a: Skeledirge|Skeledirge, L50, F|100/100|[from] U-turn\n|-damage|p2a: Skeledirge|76/100|[from] Stealth Rock\n|move|p1a: Garchomp|Rock Tomb|p2a: Skeledirge|[miss]\n|-miss|p1a: Garchomp|p2a: Skeledirge\n|\n|upkeep\n|turn|5\n|c|\u2606ninano200|fuck\n|inactive|suijimrh has 30 seconds left.\n|\n|t:|1776439196\n|move|p1a: Garchomp|Earthquake|p2a: Skeledirge\n|-supereffective|p2a: Skeledirge|1\n|-damage|p2a: Skeledirge|0 fnt\n|faint|p2a: Skeledirge\n|\n|upkeep\n|\n|t:|1776439201\n|switch|p2a: Lopunny|Lopunny-Mega, L50, M, shiny|89/100\n|-damage|p2a: Lopunny|83/100|[from] Stealth Rock\n|turn|6\n|\n|t:|1776439205\n|move|p2a: Lopunny|Fake Out|p1a: Garchomp\n|-damage|p1a: Garchomp|53/100\n|-damage|p2a: Lopunny|71/100|[from] ability: Rough Skin|[of] p1a: Garchomp\n|cant|p1a: Garchomp|flinch\n|\n|upkeep\n|turn|7\n|\n|t:|1776439208\n|move|p2a: Lopunny|Close Combat|p1a: Garchomp\n|-damage|p1a: Garchomp|0 fnt\n|-unboost|p2a: Lopunny|def|1\n|-unboost|p2a: Lopunny|spd|1\n|-damage|p2a: Lopunny|59/100|[from] ability: Rough Skin|[of] p1a: Garchomp\n|faint|p1a: Garchomp\n|\n|upkeep\n|\n|t:|1776439211\n|switch|p1a: Mimikyu|Mimikyu, L50, M|100/100\n|turn|8\n|\n|t:|1776439227\n|move|p2a: Lopunny|U-turn|p1a: Mimikyu\n|-activate|p1a: Mimikyu|ability: Disguise\n|-damage|p1a: Mimikyu|100/100\n|detailschange|p1a: Mimikyu|Mimikyu-Busted, L50, M\n|-damage|p1a: Mimikyu|88/100|[from] pokemon: Mimikyu-Busted\n|\n|t:|1776439231\n|switch|p2a: Basculegion|Basculegion, L50, M|100/100|[from] U-turn\n|-damage|p2a: Basculegion|88/100|[from] Stealth Rock\n|move|p1a: Mimikyu|Swords Dance|p1a: Mimikyu\n|-boost|p1a: Mimikyu|atk|2\n|\n|upkeep\n|turn|9\n|\n|t:|1776439236\n|move|p1a: Mimikyu|Shadow Sneak|p2a: Basculegion\n|-supereffective|p2a: Basculegion|1\n|-damage|p2a: Basculegion|0 fnt\n|faint|p2a: Basculegion\n|\n|upkeep\n|\n|t:|1776439238\n|switch|p2a: Lopunny|Lopunny-Mega, L50, M, shiny|59/100\n|-damage|p2a: Lopunny|53/100|[from] Stealth Rock\n|turn|10\n|\n|t:|1776439242\n|move|p2a: Lopunny|Fake Out|p1a: Mimikyu\n|-damage|p1a: Mimikyu|60/100\n|cant|p1a: Mimikyu|flinch\n|\n|upkeep\n|turn|11\n|c|\u2606ninano200|fucking stupid n0000b\n|-message|ninano200 forfeited.\n|\n|win|suijimrh\n",
  "uploadtime": 1776439254,
  "views": 5,
  "formatid": "gen9championsbssregma",
  "rating": null,
  "private": 0,
  "password": null
}