{
  "id": "gen9championsbssregma-2582660040",
  "format": "[Gen 9 Champions] BSS Reg M-A",
  "players": [
    "vernost72",
    "leader-starmie"
  ],
  "log": "|j|\u2606vernost72\n|j|\u2606leader-starmie\n|t:|1776105569\n|gametype|singles\n|player|p1|vernost72|hoopster|1121\n|player|p2|leader-starmie|lida|1000\n|gen|9\n|tier|[Gen 9 Champions] BSS Reg M-A\n|rated|\n|rule|Species Clause: Limit one of each Pok\u00e9mon\n|rule|Item Clause: Limit 1 of each item\n|clearpoke\n|poke|p1|Delphox, L50, F|\n|poke|p1|Glimmora, L50, M|\n|poke|p1|Kangaskhan, L50, F|\n|poke|p1|Meowscarada, L50, M|\n|poke|p1|Polteageist-Antique, L50|\n|poke|p1|Gyarados, L50, M|\n|poke|p2|Floette-Eternal, L50, F|\n|poke|p2|Politoed, L50, F|\n|poke|p2|Incineroar, L50, F|\n|poke|p2|Archaludon, L50, M|\n|poke|p2|Kingambit, L50, F|\n|poke|p2|Dragonite, L50, M|\n|teampreview|3\n|inactive|Battle timer is ON: inactive players will automatically lose when time's up. (requested by vernost72)\n|inactive|vernost72 has 60 seconds left.\n|inactive|vernost72 has 30 seconds left.\n|\n|t:|1776105636\n|teamsize|p1|3\n|teamsize|p2|3\n|start\n|switch|p1a: Meowscarada|Meowscarada, L50, M|100/100\n|switch|p2a: Politoed|Politoed, L50, F|100/100\n|-weather|RainDance|[from] ability: Drizzle|[of] p2a: Politoed\n|turn|1\n|\n|t:|1776105650\n|move|p2a: Politoed|Protect|p2a: Politoed\n|-singleturn|p2a: Politoed|Protect\n|move|p1a: Meowscarada|Flower Trick|p2a: Politoed\n|-start|p1a: Meowscarada|typechange|Grass|[from] ability: Protean\n|-activate|p2a: Politoed|move: Protect\n|\n|-weather|RainDance|[upkeep]\n|upkeep\n|turn|2\n|\n|t:|1776105659\n|switch|p2a: Archaludon|Archaludon, L50, M|100/100\n|move|p1a: Meowscarada|Knock Off|p2a: Archaludon\n|-damage|p2a: Archaludon|76/100\n|-enditem|p2a: Archaludon|Choice Scarf|[from] move: Knock Off|[of] p1a: Meowscarada\n|\n|-weather|RainDance|[upkeep]\n|upkeep\n|turn|3\n|\n|t:|1776105673\n|move|p1a: Meowscarada|U-turn|p2a: Archaludon\n|-resisted|p2a: Archaludon|1\n|-damage|p2a: Archaludon|67/100\n|\n|t:|1776105675\n|switch|p1a: Delphox|Delphox, L50, F|100/100|[from] U-turn\n|move|p2a: Archaludon|Electro Shot||[still]\n|-prepare|p2a: Archaludon|Electro Shot\n|-boost|p2a: Archaludon|spa|1\n|-anim|p2a: Archaludon|Electro Shot|p1a: Delphox\n|-damage|p1a: Delphox|20/100\n|\n|-weather|RainDance|[upkeep]\n|upkeep\n|turn|4\n|\n|t:|1776105685\n|detailschange|p1a: Delphox|Delphox-Mega, L50, F\n|-mega|p1a: Delphox|Delphox|Delphoxite\n|move|p1a: Delphox|Scorching Sands|p2a: Archaludon\n|-supereffective|p2a: Archaludon|1\n|-damage|p2a: Archaludon|0 fnt\n|faint|p2a: Archaludon\n|\n|-weather|RainDance|[upkeep]\n|upkeep\n|\n|t:|1776105691\n|switch|p2a: Politoed|Politoed, L50, F|100/100\n|turn|5\n|\n|t:|1776105695\n|switch|p1a: Meowscarada|Meowscarada, L50, M|100/100\n|move|p2a: Politoed|Icy Wind|p1a: Meowscarada\n|-supereffective|p1a: Meowscarada|1\n|-damage|p1a: Meowscarada|53/100\n|-unboost|p1a: Meowscarada|spe|1\n|\n|-weather|none\n|upkeep\n|turn|6\n|\n|t:|1776105705\n|move|p1a: Meowscarada|Flower Trick|p2a: Politoed\n|-start|p1a: Meowscarada|typechange|Grass|[from] ability: Protean\n|-supereffective|p2a: Politoed|1\n|-crit|p2a: Politoed\n|-damage|p2a: Politoed|0 fnt\n|faint|p2a: Politoed\n|\n|upkeep\n|\n|t:|1776105712\n|switch|p2a: Floette|Floette-Eternal, L50, F|100/100\n|turn|7\n|\n|t:|1776105719\n|switch|p1a: Delphox|Delphox-Mega, L50, F|20/100\n|detailschange|p2a: Floette|Floette-Mega, L50, F\n|-mega|p2a: Floette|Floette|Floettite\n|-ability|p2a: Floette|Fairy Aura\n|move|p2a: Floette|Moonblast|p1a: Delphox\n|-resisted|p1a: Delphox|1\n|-damage|p1a: Delphox|0 fnt\n|faint|p1a: Delphox\n|\n|upkeep\n|\n|t:|1776105720\n|switch|p1a: Meowscarada|Meowscarada, L50, M|53/100\n|turn|8\n|\n|t:|1776105729\n|move|p1a: Meowscarada|Flower Trick|p2a: Floette\n|-start|p1a: Meowscarada|typechange|Grass|[from] ability: Protean\n|-crit|p2a: Floette\n|-damage|p2a: Floette|38/100\n|move|p2a: Floette|Moonblast|p1a: Meowscarada\n|-damage|p1a: Meowscarada|0 fnt\n|faint|p1a: Meowscarada\n|\n|upkeep\n|\n|t:|1776105740\n|switch|p1a: Polteageist|Polteageist-Antique, L50|100/100\n|turn|9\n|\n|t:|1776105743\n|move|p2a: Floette|Light of Ruin|p1a: Polteageist\n|-crit|p1a: Polteageist\n|-damage|p1a: Polteageist|0 fnt\n|faint|p1a: Polteageist\n|-damage|p2a: Floette|0 fnt|[from] Recoil\n|faint|p2a: Floette\n|\n|win|leader-starmie\n|raw|vernost72's rating: 1121 &rarr; <strong>1088</strong><br />(-33 for losing)\n|raw|leader-starmie's rating: 1000 &rarr; <strong>1053</strong><br />(+53 for winning)\n|l|\u2606vernost72\n|player|p1|\n|l|\u2606leader-starmie\n|player|p2|\n|j|\u2606leader-starmie\n|player|p2|leader-starmie|lida|\n",
  "uploadtime": 1776105759,
  "views": 8,
  "formatid": "gen9championsbssregma",
  "rating": 1053,
  "private": 0,
  "password": null
}