{
  "id": "gen9championsbssregma-2580824704",
  "format": "[Gen 9 Champions] BSS Reg M-A",
  "players": [
    "deepseazapdos",
    "BBWSlayer"
  ],
  "log": "|j|\u2606deepseazapdos\n|j|\u2606BBWSlayer\n|t:|1775935491\n|gametype|singles\n|player|p1|deepseazapdos|nate|1037\n|player|p2|BBWSlayer|2|1014\n|gen|9\n|tier|[Gen 9 Champions] BSS Reg M-A\n|rated|\n|rule|Species Clause: Limit one of each Pok\u00e9mon\n|rule|Item Clause: Limit 1 of each item\n|clearpoke\n|poke|p1|Meowscarada, L50, M|\n|poke|p1|Gengar, L50, F|\n|poke|p1|Ditto, L50|\n|poke|p1|Lopunny, L50, F|\n|poke|p1|Primarina, L50, F|\n|poke|p1|Glimmora, L50, M|\n|poke|p2|Aerodactyl, L50, F|\n|poke|p2|Venusaur, L50, M|\n|poke|p2|Garchomp, L50, F|\n|poke|p2|Aegislash, L50, M|\n|poke|p2|Armarouge, L50, F|\n|poke|p2|Quaquaval, L50, M|\n|teampreview|3\n|inactive|Battle timer is ON: inactive players will automatically lose when time's up. (requested by BBWSlayer)\n|inactive|deepseazapdos has 60 seconds left.\n|\n|t:|1775935531\n|teamsize|p1|3\n|teamsize|p2|3\n|start\n|switch|p1a: Meowscarada|Meowscarada, L50, M|100/100\n|switch|p2a: Garchomp|Garchomp, L50, F|100/100\n|turn|1\n|\n|t:|1775935549\n|move|p2a: Garchomp|Rock Slide|p1a: Meowscarada|[miss]\n|-miss|p2a: Garchomp|p1a: Meowscarada\n|move|p1a: Meowscarada|Knock Off|p2a: Garchomp\n|-start|p1a: Meowscarada|typechange|Dark|[from] ability: Protean\n|-crit|p2a: Garchomp\n|-damage|p2a: Garchomp|25/100\n|-damage|p1a: Meowscarada|88/100|[from] ability: Rough Skin|[of] p2a: Garchomp\n|-enditem|p2a: Garchomp|Choice Scarf|[from] move: Knock Off|[of] p1a: Meowscarada\n|\n|upkeep\n|turn|2\n|\n|t:|1775935561\n|move|p1a: Meowscarada|Flower Trick|p2a: Garchomp\n|-crit|p2a: Garchomp\n|-damage|p2a: Garchomp|0 fnt\n|faint|p2a: Garchomp\n|\n|upkeep\n|\n|t:|1775935568\n|switch|p2a: Aegislash|Aegislash, L50, M|100/100\n|turn|3\n|\n|t:|1775935580\n|move|p1a: Meowscarada|Flower Trick|p2a: Aegislash\n|-resisted|p2a: Aegislash|1\n|-crit|p2a: Aegislash\n|-damage|p2a: Aegislash|86/100\n|-formechange|p2a: Aegislash|Aegislash-Blade|\n|move|p2a: Aegislash|Shadow Ball|p1a: Meowscarada\n|-resisted|p1a: Meowscarada|1\n|-damage|p1a: Meowscarada|59/100\n|\n|-heal|p2a: Aegislash|92/100|[from] item: Leftovers\n|upkeep\n|turn|4\n|\n|t:|1775935597\n|switch|p2a: Venusaur|Venusaur, L50, M|100/100\n|move|p1a: Meowscarada|Flower Trick|p2a: Venusaur\n|-resisted|p2a: Venusaur|2\n|-crit|p2a: Venusaur\n|-damage|p2a: Venusaur|93/100\n|\n|upkeep\n|turn|5\n|\n|t:|1775935606\n|detailschange|p2a: Venusaur|Venusaur-Mega, L50, M\n|-mega|p2a: Venusaur|Venusaur|Venusaurite\n|move|p1a: Meowscarada|U-turn|p2a: Venusaur\n|-damage|p2a: Venusaur|78/100\n|\n|t:|1775935614\n|switch|p1a: Gengar|Gengar, L50, F|100/100|[from] U-turn\n|move|p2a: Venusaur|Sludge Bomb|p1a: Gengar\n|-resisted|p1a: Gengar|2\n|-damage|p1a: Gengar|86/100\n|-start|p2a: Venusaur|Disable|Sludge Bomb|[from] ability: Cursed Body|[of] p1a: Gengar\n|\n|upkeep\n|turn|6\n|\n|t:|1775935623\n|detailschange|p1a: Gengar|Gengar-Mega, L50, F\n|-mega|p1a: Gengar|Gengar|Gengarite\n|move|p1a: Gengar|Substitute|p1a: Gengar\n|-start|p1a: Gengar|Substitute\n|-damage|p1a: Gengar|61/100\n|move|p2a: Venusaur|Leech Seed|p1a: Gengar|[miss]\n|-miss|p2a: Venusaur|p1a: Gengar\n|\n|upkeep\n|turn|7\n|-message|BBWSlayer forfeited.\n|\n|win|deepseazapdos\n|raw|deepseazapdos's rating: 1037 &rarr; <strong>1069</strong><br />(+32 for winning)\n|raw|BBWSlayer's rating: 1014 &rarr; <strong>1003</strong><br />(-11 for losing)\n|l|\u2606BBWSlayer\n|player|p2|\n",
  "uploadtime": 1775935638,
  "views": 18,
  "formatid": "gen9championsbssregma",
  "rating": 1003,
  "private": 0,
  "password": null
}