{
  "id": "gen9championsbssregma-2583114374",
  "format": "[Gen 9 Champions] BSS Reg M-A",
  "players": [
    "imagine dreepy",
    "mathismathin"
  ],
  "log": "|j|\u2606imagine dreepy\n|j|\u2606mathismathin\n|t:|1776143673\n|gametype|singles\n|player|p1|imagine dreepy|unknown|1307\n|player|p2|mathismathin|bugsy-masters|1316\n|gen|9\n|tier|[Gen 9 Champions] BSS Reg M-A\n|rated|\n|rule|Species Clause: Limit one of each Pok\u00e9mon\n|rule|Item Clause: Limit 1 of each item\n|clearpoke\n|poke|p1|Glimmora, L50, F|\n|poke|p1|Gengar, L50, F|\n|poke|p1|Lopunny, L50, F|\n|poke|p1|Garchomp, L50, M|\n|poke|p1|Corviknight, L50, F|\n|poke|p1|Rotom-Wash, L50|\n|poke|p2|Aegislash, L50, F|\n|poke|p2|Meganium, L50, M|\n|poke|p2|Sneasler, L50, F|\n|poke|p2|Dragapult, L50, M|\n|poke|p2|Lycanroc-Dusk, L50, F|\n|poke|p2|Tyranitar, L50, F|\n|teampreview|3\n|j| p74\n|j| CrunchGang\n|\n|t:|1776143747\n|teamsize|p1|3\n|teamsize|p2|3\n|start\n|switch|p1a: Garchomp|Garchomp, L50, M|100/100\n|switch|p2a: Dragapult|Dragapult, L50, M|100/100\n|turn|1\n|\n|t:|1776143754\n|move|p1a: Garchomp|Outrage|p2a: Dragapult\n|-supereffective|p2a: Dragapult|1\n|-enditem|p2a: Dragapult|Focus Sash\n|-damage|p2a: Dragapult|1/100\n|move|p2a: Dragapult|Will-O-Wisp|p1a: Garchomp\n|-status|p1a: Garchomp|brn\n|\n|-damage|p1a: Garchomp|94/100 brn|[from] brn\n|upkeep\n|turn|2\n|\n|t:|1776143759\n|switch|p2a: Meganium|Meganium, L50, M|100/100\n|move|p1a: Garchomp|Outrage|p2a: Meganium|[from] lockedmove\n|-damage|p2a: Meganium|70/100\n|-start|p1a: Garchomp|confusion|[fatigue]\n|\n|-damage|p1a: Garchomp|88/100 brn|[from] brn\n|upkeep\n|turn|3\n|\n|t:|1776143763\n|switch|p1a: Corviknight|Corviknight, L50, F|100/100\n|-ability|p1a: Corviknight|Pressure\n|detailschange|p2a: Meganium|Meganium-Mega, L50, M\n|-mega|p2a: Meganium|Meganium|Meganiumite\n|move|p2a: Meganium|Weather Ball|p1a: Corviknight\n|-supereffective|p1a: Corviknight|1\n|-damage|p1a: Corviknight|0 fnt\n|faint|p1a: Corviknight\n|\n|upkeep\n|\n|t:|1776143768\n|switch|p1a: Gengar|Gengar, L50, F|100/100\n|turn|4\n|\n|t:|1776143774\n|switch|p2a: Aegislash|Aegislash, L50, F|100/100\n|detailschange|p1a: Gengar|Gengar-Mega, L50, F\n|-mega|p1a: Gengar|Gengar|Gengarite\n|move|p1a: Gengar|Substitute|p1a: Gengar\n|-start|p1a: Gengar|Substitute\n|-damage|p1a: Gengar|76/100\n|\n|upkeep\n|turn|5\n|\n|t:|1776143779\n|move|p1a: Gengar|Will-O-Wisp|p2a: Aegislash\n|-status|p2a: Aegislash|brn\n|-formechange|p2a: Aegislash|Aegislash-Blade|\n|move|p2a: Aegislash|Poltergeist|p1a: Gengar\n|-activate|p1a: Gengar|move: Poltergeist|Gengarite\n|-supereffective|p1a: Gengar|1\n|-end|p1a: Gengar|Substitute\n|\n|-damage|p2a: Aegislash|94/100 brn|[from] brn\n|upkeep\n|turn|6\n|\n|t:|1776143784\n|move|p2a: Aegislash|Shadow Sneak|p1a: Gengar\n|-supereffective|p1a: Gengar|1\n|-damage|p1a: Gengar|32/100\n|move|p1a: Gengar|Hex|p2a: Aegislash\n|-supereffective|p2a: Aegislash|1\n|-damage|p2a: Aegislash|0 fnt\n|faint|p2a: Aegislash\n|\n|upkeep\n|\n|t:|1776143786\n|switch|p2a: Dragapult|Dragapult, L50, M|1/100\n|turn|7\n|\n|t:|1776143788\n|switch|p1a: Garchomp|Garchomp, L50, M|88/100 brn\n|move|p2a: Dragapult|Draco Meteor|p1a: Garchomp\n|-supereffective|p1a: Garchomp|1\n|-damage|p1a: Garchomp|0 fnt\n|-unboost|p2a: Dragapult|spa|2\n|faint|p1a: Garchomp\n|\n|upkeep\n|\n|t:|1776143791\n|switch|p1a: Gengar|Gengar-Mega, L50, F|32/100\n|turn|8\n|\n|t:|1776143797\n|move|p2a: Dragapult|Hex|p1a: Gengar\n|-supereffective|p1a: Gengar|1\n|-damage|p1a: Gengar|0 fnt\n|faint|p1a: Gengar\n|\n|win|mathismathin\n|raw|imagine dreepy's rating: 1307 &rarr; <strong>1286</strong><br />(-21 for losing)\n|raw|mathismathin's rating: 1297 &rarr; <strong>1323</strong><br />(+26 for winning)\n|l|\u2606mathismathin\n|player|p2|\n|l| p74\n",
  "uploadtime": 1776143799,
  "views": 13,
  "formatid": "gen9championsbssregma",
  "rating": 1286,
  "private": 0,
  "password": null
}