{
  "id": "gen9championsbssregma-2588641899",
  "format": "[Gen 9 Champions] BSS Reg M-A",
  "players": [
    "Lumatyx",
    "mega.CHIVA"
  ],
  "log": "|j|\u2606Lumatyx\n|j|\u2606mega.CHIVA\n|t:|1776652970\n|gametype|singles\n|player|p1|Lumatyx|265|1000\n|player|p2|mega.CHIVA|unknown|1093\n|gen|9\n|tier|[Gen 9 Champions] BSS Reg M-A\n|rated|\n|rule|Species Clause: Limit one of each Pok\u00e9mon\n|rule|Item Clause: Limit 1 of each item\n|clearpoke\n|poke|p1|Garchomp, L50, M|\n|poke|p1|Dragonite, L50, F|\n|poke|p1|Garganacl, L50, M|\n|poke|p1|Gardevoir, L50, M|\n|poke|p1|Primarina, L50, F|\n|poke|p1|Scizor, L50, M|\n|poke|p2|Corviknight, L50, M|\n|poke|p2|Garchomp, L50, M|\n|poke|p2|Hawlucha, L50, M|\n|poke|p2|Sylveon, L50, F|\n|poke|p2|Greninja, L50, M|\n|poke|p2|Blastoise, L50, M|\n|teampreview|3\n|inactive|Battle timer is ON: inactive players will automatically lose when time's up. (requested by Lumatyx)\n|inactive|Lumatyx has 60 seconds left.\n|\n|t:|1776653017\n|teamsize|p1|3\n|teamsize|p2|3\n|start\n|switch|p1a: Garganacl|Garganacl, L50, M|100/100\n|switch|p2a: Sylveon|Sylveon, L50, F|100/100\n|turn|1\n|\n|t:|1776653028\n|move|p2a: Sylveon|Hyper Voice|p1a: Garganacl\n|-damage|p1a: Garganacl|50/100\n|move|p1a: Garganacl|Salt Cure|p2a: Sylveon\n|-damage|p2a: Sylveon|84/100\n|-start|p2a: Sylveon|Salt Cure\n|\n|-heal|p1a: Garganacl|56/100|[from] item: Leftovers\n|-damage|p2a: Sylveon|78/100|[from] Salt Cure\n|upkeep\n|turn|2\n|\n|t:|1776653037\n|move|p2a: Sylveon|Hyper Voice|p1a: Garganacl\n|-damage|p1a: Garganacl|7/100\n|move|p1a: Garganacl|Recover|p1a: Garganacl\n|-heal|p1a: Garganacl|57/100\n|\n|-heal|p1a: Garganacl|63/100|[from] item: Leftovers\n|-damage|p2a: Sylveon|72/100|[from] Salt Cure\n|upkeep\n|turn|3\n|\n|t:|1776653046\n|switch|p2a: Greninja|Greninja, L50, M|100/100\n|move|p1a: Garganacl|Recover|p1a: Garganacl\n|-heal|p1a: Garganacl|100/100\n|\n|upkeep\n|turn|4\n|\n|t:|1776653054\n|switch|p1a: Primarina|Primarina, L50, F|100/100\n|move|p2a: Greninja|Surf|p1a: Primarina\n|-start|p2a: Greninja|typechange|Water|[from] ability: Protean\n|-resisted|p1a: Primarina|1\n|-damage|p1a: Primarina|81/100\n|\n|upkeep\n|turn|5\n|\n|t:|1776653061\n|move|p2a: Greninja|Sludge Wave|p1a: Primarina\n|-supereffective|p1a: Primarina|1\n|-damage|p1a: Primarina|28/100\n|-enditem|p1a: Primarina|Sitrus Berry|[eat]\n|-heal|p1a: Primarina|53/100|[from] item: Sitrus Berry\n|move|p1a: Primarina|Flip Turn|p2a: Greninja\n|-resisted|p2a: Greninja|1\n|-damage|p2a: Greninja|87/100\n|\n|t:|1776653067\n|switch|p1a: Scizor|Scizor, L50, M|100/100|[from] Flip Turn\n|\n|upkeep\n|turn|6\n|\n|t:|1776653073\n|detailschange|p1a: Scizor|Scizor-Mega, L50, M\n|-mega|p1a: Scizor|Scizor|Scizorite\n|move|p2a: Greninja|Surf|p1a: Scizor\n|-damage|p1a: Scizor|50/100\n|move|p1a: Scizor|U-turn|p2a: Greninja\n|-damage|p2a: Greninja|13/100\n|\n|t:|1776653076\n|switch|p1a: Primarina|Primarina, L50, F|53/100|[from] U-turn\n|\n|upkeep\n|turn|7\n|\n|t:|1776653081\n|move|p2a: Greninja|Sludge Wave|p1a: Primarina\n|-supereffective|p1a: Primarina|1\n|-damage|p1a: Primarina|0 fnt\n|faint|p1a: Primarina\n|\n|upkeep\n|\n|t:|1776653085\n|switch|p1a: Scizor|Scizor-Mega, L50, M|50/100\n|turn|8\n|\n|t:|1776653089\n|move|p1a: Scizor|Bullet Punch|p2a: Greninja\n|-resisted|p2a: Greninja|1\n|-damage|p2a: Greninja|0 fnt\n|faint|p2a: Greninja\n|\n|upkeep\n|\n|t:|1776653094\n|switch|p2a: Sylveon|Sylveon, L50, F|72/100\n|turn|9\n|\n|t:|1776653098\n|move|p1a: Scizor|Bullet Punch|p2a: Sylveon\n|-supereffective|p2a: Sylveon|1\n|-damage|p2a: Sylveon|0 fnt\n|faint|p2a: Sylveon\n|\n|upkeep\n|\n|t:|1776653102\n|switch|p2a: Hawlucha|Hawlucha, L50, M|100/100\n|turn|10\n|\n|t:|1776653112\n|detailschange|p2a: Hawlucha|Hawlucha-Mega, L50, M\n|-mega|p2a: Hawlucha|Hawlucha|Hawluchanite\n|move|p2a: Hawlucha|Cross Chop|p1a: Scizor\n|-damage|p1a: Scizor|7/100\n|move|p1a: Scizor|Swords Dance|p1a: Scizor\n|-boost|p1a: Scizor|atk|2\n|\n|upkeep\n|turn|11\n|\n|t:|1776653121\n|move|p1a: Scizor|Bullet Punch|p2a: Hawlucha\n|-damage|p2a: Hawlucha|11/100\n|move|p2a: Hawlucha|Dual Wingbeat|p1a: Scizor\n|-damage|p1a: Scizor|0 fnt\n|faint|p1a: Scizor\n|-hitcount|p1: Scizor|1\n|\n|upkeep\n|\n|t:|1776653123\n|switch|p1a: Garganacl|Garganacl, L50, M|100/100\n|turn|12\n|\n|t:|1776653132\n|move|p2a: Hawlucha|Cross Chop|p1a: Garganacl\n|-supereffective|p1a: Garganacl|1\n|-crit|p1a: Garganacl\n|-damage|p1a: Garganacl|0 fnt\n|faint|p1a: Garganacl\n|\n|win|mega.CHIVA\n|raw|Lumatyx's rating: 1000 &rarr; <strong>1000</strong><br />(+0 for losing)\n|raw|mega.CHIVA's rating: 1093 &rarr; <strong>1112</strong><br />(+19 for winning)\n|l|\u2606Lumatyx\n|player|p1|\n",
  "uploadtime": 1776653137,
  "views": 2,
  "formatid": "gen9championsbssregma",
  "rating": 1000,
  "private": 0,
  "password": null
}