{
  "id": "gen9championsbssregma-2582149627",
  "format": "[Gen 9 Champions] BSS Reg M-A",
  "players": [
    "Prograstination",
    "Henzrey Nugget"
  ],
  "log": "|j|\u2606Prograstination\n|j|\u2606Henzrey Nugget\n|t:|1776064386\n|gametype|singles\n|player|p1|Prograstination|265|1266\n|player|p2|Henzrey Nugget|266|1285\n|gen|9\n|tier|[Gen 9 Champions] BSS Reg M-A\n|rated|\n|rule|Species Clause: Limit one of each Pok\u00e9mon\n|rule|Item Clause: Limit 1 of each item\n|clearpoke\n|poke|p1|Blastoise, L50, F|\n|poke|p1|Garchomp, L50, M|\n|poke|p1|Skeledirge, L50, F|\n|poke|p1|Glimmora, L50, F|\n|poke|p1|Meowscarada, L50, M|\n|poke|p1|Primarina, L50, M|\n|poke|p2|Pelipper, L50, F|\n|poke|p2|Aegislash, L50, M|\n|poke|p2|Meowscarada, L50, F|\n|poke|p2|Aerodactyl, L50, F|\n|poke|p2|Ampharos, L50, F|\n|poke|p2|Mudsdale, L50, F|\n|teampreview|3\n|inactive|Battle timer is ON: inactive players will automatically lose when time's up. (requested by Prograstination)\n|inactive|Henzrey Nugget has 60 seconds left.\n|\n|t:|1776064423\n|teamsize|p1|3\n|teamsize|p2|3\n|start\n|switch|p1a: Garchomp|Garchomp, L50, M|100/100\n|switch|p2a: Mudsdale|Mudsdale, L50, F|100/100\n|turn|1\n|\n|t:|1776064431\n|move|p1a: Garchomp|Stealth Rock|p2a: Mudsdale\n|-sidestart|p2: Henzrey Nugget|move: Stealth Rock\n|move|p2a: Mudsdale|Stealth Rock|p1a: Garchomp\n|-sidestart|p1: Prograstination|move: Stealth Rock\n|\n|upkeep\n|turn|2\n|\n|t:|1776064433\n|move|p1a: Garchomp|Spikes|p2a: Mudsdale\n|-sidestart|p2: Henzrey Nugget|Spikes\n|move|p2a: Mudsdale|Earthquake|p1a: Garchomp\n|-damage|p1a: Garchomp|67/100\n|\n|upkeep\n|turn|3\n|j| p74\n|\n|t:|1776064435\n|move|p2a: Mudsdale|Earthquake|p1a: Garchomp\n|-damage|p1a: Garchomp|33/100\n|-enditem|p1a: Garchomp|Sitrus Berry|[eat]\n|-heal|p1a: Garchomp|58/100|[from] item: Sitrus Berry\n|move|p1a: Garchomp|Dragon Tail|p2a: Mudsdale\n|-damage|p2a: Mudsdale|84/100\n|-ability|p2a: Mudsdale|Stamina|boost\n|-boost|p2a: Mudsdale|def|1\n|drag|p2a: Aerodactyl|Aerodactyl, L50, F|100/100\n|-damage|p2a: Aerodactyl|76/100|[from] Stealth Rock\n|-ability|p2a: Aerodactyl|Pressure\n|\n|upkeep\n|turn|4\n|\n|t:|1776064446\n|detailschange|p2a: Aerodactyl|Aerodactyl-Mega, L50, F\n|-mega|p2a: Aerodactyl|Aerodactyl|Aerodactylite\n|move|p2a: Aerodactyl|Ice Fang|p1a: Garchomp\n|-supereffective|p1a: Garchomp|2\n|-damage|p1a: Garchomp|0 fnt\n|-damage|p2a: Aerodactyl|64/100|[from] ability: Rough Skin|[of] p1a: Garchomp\n|faint|p1a: Garchomp\n|\n|upkeep\n|\n|t:|1776064455\n|switch|p1a: Meowscarada|Meowscarada, L50, M|100/100\n|-damage|p1a: Meowscarada|88/100|[from] Stealth Rock\n|turn|5\n|\n|t:|1776064463\n|move|p1a: Meowscarada|Triple Axel|p2a: Aerodactyl\n|-start|p1a: Meowscarada|typechange|Ice|[from] ability: Protean\n|-supereffective|p2a: Aerodactyl|1\n|-damage|p2a: Aerodactyl|39/100\n|-supereffective|p2a: Aerodactyl|1\n|-damage|p2a: Aerodactyl|0 fnt\n|faint|p2a: Aerodactyl\n|-hitcount|p2: Aerodactyl|2\n|\n|upkeep\n|\n|t:|1776064467\n|switch|p2a: Mudsdale|Mudsdale, L50, F|84/100\n|-damage|p2a: Mudsdale|78/100|[from] Stealth Rock\n|-damage|p2a: Mudsdale|66/100|[from] Spikes\n|turn|6\n|\n|t:|1776064472\n|move|p1a: Meowscarada|Triple Axel|p2a: Mudsdale|[miss]\n|-miss|p1a: Meowscarada|p2a: Mudsdale\n|move|p2a: Mudsdale|Body Press|p1a: Meowscarada\n|-supereffective|p1a: Meowscarada|1\n|-damage|p1a: Meowscarada|8/100\n|\n|-heal|p2a: Mudsdale|72/100|[from] item: Leftovers\n|upkeep\n|turn|7\n|\n|t:|1776064477\n|move|p1a: Meowscarada|Triple Axel|p2a: Mudsdale\n|-supereffective|p2a: Mudsdale|1\n|-damage|p2a: Mudsdale|59/100\n|-ability|p2a: Mudsdale|Stamina|boost\n|-boost|p2a: Mudsdale|def|1\n|-supereffective|p2a: Mudsdale|1\n|-damage|p2a: Mudsdale|44/100\n|-ability|p2a: Mudsdale|Stamina|boost\n|-boost|p2a: Mudsdale|def|1\n|-supereffective|p2a: Mudsdale|1\n|-damage|p2a: Mudsdale|24/100\n|-ability|p2a: Mudsdale|Stamina|boost\n|-boost|p2a: Mudsdale|def|1\n|-hitcount|p2a: Mudsdale|3\n|move|p2a: Mudsdale|Earthquake|p1a: Meowscarada\n|-damage|p1a: Meowscarada|0 fnt\n|faint|p1a: Meowscarada\n|\n|-heal|p2a: Mudsdale|29/100|[from] item: Leftovers\n|upkeep\n|\n|t:|1776064482\n|switch|p1a: Blastoise|Blastoise, L50, F|100/100\n|-damage|p1a: Blastoise|89/100|[from] Stealth Rock\n|turn|8\n|\n|t:|1776064486\n|detailschange|p1a: Blastoise|Blastoise-Mega, L50, F\n|-mega|p1a: Blastoise|Blastoise|Blastoisinite\n|move|p1a: Blastoise|Water Pulse|p2a: Mudsdale\n|-supereffective|p2a: Mudsdale|1\n|-damage|p2a: Mudsdale|0 fnt\n|faint|p2a: Mudsdale\n|\n|upkeep\n|\n|t:|1776064489\n|switch|p2a: Meowscarada|Meowscarada, L50, F, shiny|100/100\n|-damage|p2a: Meowscarada|89/100|[from] Stealth Rock\n|-damage|p2a: Meowscarada|77/100|[from] Spikes\n|turn|9\n|\n|t:|1776064493\n|move|p2a: Meowscarada|Flower Trick|p1a: Blastoise\n|-start|p2a: Meowscarada|typechange|Grass|[from] ability: Protean\n|-supereffective|p1a: Blastoise|1\n|-crit|p1a: Blastoise\n|-damage|p1a: Blastoise|0 fnt\n|faint|p1a: Blastoise\n|\n|win|Henzrey Nugget\n|raw|Prograstination's rating: 1266 &rarr; <strong>1242</strong><br />(-24 for losing)\n|raw|Henzrey Nugget's rating: 1285 &rarr; <strong>1309</strong><br />(+24 for winning)\n|l|\u2606Henzrey Nugget\n|player|p2|\n|l|\u2606Prograstination\n|player|p1|\n",
  "uploadtime": 1776064745,
  "views": 5,
  "formatid": "gen9championsbssregma",
  "rating": 1242,
  "private": 0,
  "password": null
}