{
  "id": "gen9championsbssregma-2581461112",
  "format": "[Gen 9 Champions] BSS Reg M-A",
  "players": [
    "z-pokemaster2000",
    "MiraidonGaming"
  ],
  "log": "|j|\u2606z-pokemaster2000\n|j|\u2606MiraidonGaming\n|t:|1776002645\n|gametype|singles\n|player|p1|z-pokemaster2000|170|\n|player|p2|MiraidonGaming|lucas|\n|gen|9\n|tier|[Gen 9 Champions] BSS Reg M-A\n|rule|Species Clause: Limit one of each Pok\u00e9mon\n|rule|Item Clause: Limit 1 of each item\n|clearpoke\n|poke|p1|Charizard, L50, F|\n|poke|p1|Scizor, L50, M|\n|poke|p1|Conkeldurr, L50, M|\n|poke|p1|Clefable, L50, F|\n|poke|p1|Basculegion, L50, M|\n|poke|p1|Bellibolt, L50, M|\n|poke|p2|Ninetales-Alola, L50, F|\n|poke|p2|Charizard, L50, M|\n|poke|p2|Scizor, L50, M|\n|poke|p2|Sinistcha, L50|\n|poke|p2|Rotom-Wash, L50|\n|poke|p2|Salazzle, L50, F|\n|teampreview|3\n|\n|t:|1776002670\n|teamsize|p1|3\n|teamsize|p2|3\n|start\n|switch|p1a: Bellibolt|Bellibolt, L50, M, shiny|100/100\n|switch|p2a: Vanity?|Ninetales-Alola, L50, F|100/100\n|-weather|Snowscape|[from] ability: Snow Warning|[of] p2a: Vanity?\n|turn|1\n|\n|t:|1776002697\n|move|p2a: Vanity?|Nasty Plot|p2a: Vanity?\n|-boost|p2a: Vanity?|spa|2\n|move|p1a: Bellibolt|Soak|p2a: Vanity?\n|-start|p2a: Vanity?|typechange|Water\n|\n|-weather|Snowscape|[upkeep]\n|upkeep\n|turn|2\n|\n|t:|1776002704\n|move|p2a: Vanity?|Freeze-Dry|p1a: Bellibolt\n|-damage|p1a: Bellibolt|65/100\n|-start|p1a: Bellibolt|Charge|Freeze-Dry|[from] ability: Electromorphosis\n|move|p1a: Bellibolt|Parabolic Charge|p2a: Vanity?\n|-supereffective|p2a: Vanity?|1\n|-enditem|p2a: Vanity?|Focus Sash\n|-damage|p2a: Vanity?|1/100\n|-heal|p1a: Bellibolt|100/100|[from] drain|[of] p2a: Vanity?\n|-end|p1a: Bellibolt|Charge|[silent]\n|\n|-weather|Snowscape|[upkeep]\n|upkeep\n|turn|3\n|c|\u2606MiraidonGaming|I should probably have Blizzard\n|c|\u2606z-pokemaster2000|Wouldn't have killed but yeh\n|c|\u2606MiraidonGaming|Figured hitting Water was valuable though\n|\n|t:|1776002727\n|move|p1a: Bellibolt|Sucker Punch||[still]\n|-fail|p1a: Bellibolt\n|move|p2a: Vanity?|Aurora Veil|p2a: Vanity?\n|-sidestart|p2: MiraidonGaming|move: Aurora Veil\n|\n|-weather|Snowscape|[upkeep]\n|upkeep\n|turn|4\n|\n|t:|1776002752\n|move|p1a: Bellibolt|Sucker Punch|p2a: Vanity?\n|-damage|p2a: Vanity?|0 fnt\n|faint|p2a: Vanity?\n|\n|-weather|Snowscape|[upkeep]\n|upkeep\n|\n|t:|1776002759\n|switch|p2a: Bruce|Charizard, L50, M|100/100\n|turn|5\n|\n|t:|1776002765\n|move|p2a: Bruce|Dragon Dance|p2a: Bruce\n|-boost|p2a: Bruce|atk|1\n|-boost|p2a: Bruce|spe|1\n|move|p1a: Bellibolt|Soak|p2a: Bruce\n|-start|p2a: Bruce|typechange|Water\n|\n|-weather|none\n|upkeep\n|turn|6\n|\n|t:|1776002773\n|detailschange|p2a: Bruce|Charizard-Mega-X, L50, M\n|-mega|p2a: Bruce|Charizard|Charizardite X\n|move|p2a: Bruce|Dragon Dance|p2a: Bruce\n|-boost|p2a: Bruce|atk|1\n|-boost|p2a: Bruce|spe|1\n|move|p1a: Bellibolt|Acid Spray|p2a: Bruce\n|-damage|p2a: Bruce|94/100\n|-unboost|p2a: Bruce|spd|2\n|\n|upkeep\n|turn|7\n|c|\u2606z-pokemaster2000|Now it's me losing to an order of operations flub\n|\n|t:|1776002801\n|move|p2a: Bruce|Flare Blitz|p1a: Bellibolt\n|-damage|p1a: Bellibolt|0 fnt\n|faint|p1a: Bellibolt\n|-damage|p2a: Bruce|60/100|[from] Recoil\n|\n|-sideend|p2: MiraidonGaming|move: Aurora Veil\n|upkeep\n|\n|t:|1776002813\n|switch|p1a: Black Flame|Charizard, L50, F, shiny|100/100\n|turn|8\n|\n|t:|1776002818\n|move|p2a: Bruce|Breaking Swipe|p1a: Black Flame\n|-damage|p1a: Black Flame|33/100\n|-unboost|p1a: Black Flame|atk|1\n|move|p1a: Black Flame|Breaking Swipe|p2a: Bruce\n|-supereffective|p2a: Bruce|1\n|-damage|p2a: Bruce|46/100\n|-unboost|p2a: Bruce|atk|1\n|\n|upkeep\n|turn|9\n|\n|t:|1776002826\n|move|p2a: Bruce|Breaking Swipe|p1a: Black Flame\n|-damage|p1a: Black Flame|0 fnt\n|faint|p1a: Black Flame\n|\n|upkeep\n|\n|t:|1776002828\n|switch|p1a: Basculegion|Basculegion, L50, M|100/100\n|turn|10\n|\n|t:|1776002833\n|move|p2a: Bruce|Breaking Swipe|p1a: Basculegion\n|-damage|p1a: Basculegion|36/100\n|-unboost|p1a: Basculegion|atk|1\n|move|p1a: Basculegion|Last Respects|p2a: Bruce\n|-damage|p2a: Bruce|0 fnt\n|faint|p2a: Bruce\n|\n|upkeep\n|\n|t:|1776002836\n|switch|p2a: Put a brick in|Rotom-Wash, L50|100/100\n|turn|11\n|c|\u2606MiraidonGaming|Ggwp\n|c|\u2606z-pokemaster2000|Yep gg\n|\n|t:|1776002844\n|move|p2a: Put a brick in|Discharge|p1a: Basculegion\n|-supereffective|p1a: Basculegion|1\n|-damage|p1a: Basculegion|0 fnt\n|faint|p1a: Basculegion\n|\n|win|MiraidonGaming\n|l|\u2606z-pokemaster2000\n|player|p1|\n",
  "uploadtime": 1776003168,
  "views": 17,
  "formatid": "gen9championsbssregma",
  "rating": null,
  "private": 0,
  "password": null
}