{
  "id": "gen9championsbssregma-2582946582",
  "format": "[Gen 9 Champions] BSS Reg M-A",
  "players": [
    "bsantoso",
    "mthunderson"
  ],
  "log": "|j|\u2606bsantoso\n|j|\u2606mthunderson\n|t:|1776127428\n|gametype|singles\n|player|p1|bsantoso|miku-fairy|1155\n|player|p2|mthunderson|170|1143\n|gen|9\n|tier|[Gen 9 Champions] BSS Reg M-A\n|rated|\n|rule|Species Clause: Limit one of each Pok\u00e9mon\n|rule|Item Clause: Limit 1 of each item\n|clearpoke\n|poke|p1|Sneasler, L50, F|\n|poke|p1|Charizard, L50, M|\n|poke|p1|Meowscarada, L50, F|\n|poke|p1|Lopunny, L50, F|\n|poke|p1|Primarina, L50, F|\n|poke|p1|Garchomp, L50, F|\n|poke|p2|Garchomp, L50, M|\n|poke|p2|Floette-Eternal, L50, F|\n|poke|p2|Charizard, L50, M|\n|poke|p2|Primarina, L50, F|\n|poke|p2|Archaludon, L50, M|\n|poke|p2|Gengar, L50, F|\n|teampreview|3\n|\n|t:|1776127442\n|teamsize|p1|3\n|teamsize|p2|3\n|start\n|switch|p1a: Garchomp|Garchomp, L50, F|100/100\n|switch|p2a: Archaludon|Archaludon, L50, M|100/100\n|turn|1\n|\n|t:|1776127448\n|move|p1a: Garchomp|Earthquake|p2a: Archaludon\n|-supereffective|p2a: Archaludon|1\n|-enditem|p2a: Archaludon|Shuca Berry|[eat]\n|-enditem|p2a: Archaludon|Shuca Berry|[weaken]\n|-damage|p2a: Archaludon|70/100\n|-ability|p2a: Archaludon|Stamina|boost\n|-boost|p2a: Archaludon|def|1\n|move|p2a: Archaludon|Draco Meteor|p1a: Garchomp\n|-supereffective|p1a: Garchomp|1\n|-damage|p1a: Garchomp|0 fnt\n|-unboost|p2a: Archaludon|spa|2\n|faint|p1a: Garchomp\n|\n|upkeep\n|\n|t:|1776127454\n|switch|p1a: Sneasler|Sneasler, L50, F|100/100\n|turn|2\n|\n|t:|1776127463\n|move|p1a: Sneasler|Close Combat|p2a: Archaludon\n|-supereffective|p2a: Archaludon|1\n|-damage|p2a: Archaludon|20/100\n|-unboost|p1a: Sneasler|def|1\n|-unboost|p1a: Sneasler|spd|1\n|-ability|p2a: Archaludon|Stamina|boost\n|-boost|p2a: Archaludon|def|1\n|-enditem|p1a: Sneasler|White Herb\n|-clearnegativeboost|p1a: Sneasler|[silent]\n|move|p2a: Archaludon|Dragon Tail|p1a: Sneasler\n|-damage|p1a: Sneasler|68/100\n|drag|p1a: Lopunny|Lopunny, L50, F|100/100\n|\n|upkeep\n|turn|3\n|\n|t:|1776127475\n|switch|p2a: Gengar|Gengar, L50, F|100/100\n|detailschange|p1a: Lopunny|Lopunny-Mega, L50, F\n|-mega|p1a: Lopunny|Lopunny|Lopunnite\n|move|p1a: Lopunny|Close Combat|p2a: Gengar\n|-resisted|p2a: Gengar|1\n|-damage|p2a: Gengar|35/100\n|-unboost|p1a: Lopunny|def|1\n|-unboost|p1a: Lopunny|spd|1\n|\n|upkeep\n|turn|4\n|\n|t:|1776127485\n|move|p1a: Lopunny|Close Combat|p2a: Gengar\n|-resisted|p2a: Gengar|1\n|-damage|p2a: Gengar|0 fnt\n|-unboost|p1a: Lopunny|def|1\n|-unboost|p1a: Lopunny|spd|1\n|faint|p2a: Gengar\n|\n|upkeep\n|\n|t:|1776127488\n|switch|p2a: Archaludon|Archaludon, L50, M|20/100\n|turn|5\n|\n|t:|1776127491\n|move|p1a: Lopunny|Close Combat|p2a: Archaludon\n|-supereffective|p2a: Archaludon|1\n|-damage|p2a: Archaludon|0 fnt\n|-unboost|p1a: Lopunny|def|1\n|-unboost|p1a: Lopunny|spd|1\n|faint|p2a: Archaludon\n|\n|upkeep\n|\n|t:|1776127493\n|switch|p2a: Floette|Floette-Eternal, L50, F|100/100\n|turn|6\n|j| p74\n|\n|t:|1776127500\n|detailschange|p2a: Floette|Floette-Mega, L50, F\n|-mega|p2a: Floette|Floette|Floettite\n|-ability|p2a: Floette|Fairy Aura\n|move|p1a: Lopunny|Mega Kick|p2a: Floette\n|-damage|p2a: Floette|31/100\n|move|p2a: Floette|Draining Kiss|p1a: Lopunny\n|-supereffective|p1a: Lopunny|1\n|-damage|p1a: Lopunny|0 fnt\n|-heal|p2a: Floette|90/100|[from] drain|[of] p1a: Lopunny\n|faint|p1a: Lopunny\n|\n|upkeep\n|\n|t:|1776127505\n|switch|p1a: Sneasler|Sneasler, L50, F|68/100\n|turn|7\n|\n|t:|1776127511\n|move|p1a: Sneasler|Dire Claw|p2a: Floette\n|-supereffective|p2a: Floette|1\n|-damage|p2a: Floette|0 fnt\n|faint|p2a: Floette\n|\n|win|bsantoso\n|raw|bsantoso's rating: 1155 &rarr; <strong>1179</strong><br />(+24 for winning)\n|raw|mthunderson's rating: 1143 &rarr; <strong>1119</strong><br />(-24 for losing)\n|l|\u2606mthunderson\n|player|p2|\n|l|\u2606bsantoso\n|player|p1|\n",
  "uploadtime": 1776127605,
  "views": 2,
  "formatid": "gen9championsbssregma",
  "rating": 1119,
  "private": 0,
  "password": null
}