{
  "id": "gen9championsbssregma-2584152156",
  "format": "[Gen 9 Champions] BSS Reg M-A",
  "players": [
    "isaacmora22",
    "badaaabum"
  ],
  "log": "|j|\u2606isaacmora22\n|j|\u2606badaaabum\n|t:|1776231327\n|gametype|singles\n|player|p1|isaacmora22|hilbert|1029\n|player|p2|badaaabum|rocketgrunt|1127\n|gen|9\n|tier|[Gen 9 Champions] BSS Reg M-A\n|rated|\n|rule|Species Clause: Limit one of each Pok\u00e9mon\n|rule|Item Clause: Limit 1 of each item\n|clearpoke\n|poke|p1|Flareon, L50, M|\n|poke|p1|Dragonite, L50, M|\n|poke|p1|Luxray, L50, M|\n|poke|p1|Clawitzer, L50, M|\n|poke|p1|Sableye, L50, M|\n|poke|p1|Archaludon, L50, F|\n|poke|p2|Hydreigon, L50, M|\n|poke|p2|Aggron, L50, M|\n|poke|p2|Hatterene, L50, F|\n|poke|p2|Aegislash, L50, M|\n|poke|p2|Zoroark-Hisui, L50, M|\n|poke|p2|Gardevoir, L50, F|\n|teampreview|3\n|j| redtheconduit\n|inactive|Battle timer is ON: inactive players will automatically lose when time's up. (requested by badaaabum)\n|l| redtheconduit\n|\n|t:|1776231345\n|teamsize|p1|3\n|teamsize|p2|3\n|start\n|switch|p1a: Camden|Flareon, L50, M|100/100\n|switch|p2a: Aggron|Aggron, L50, M, shiny|100/100\n|turn|1\n|\n|t:|1776231352\n|move|p2a: Aggron|Bitter Malice|p1a: Camden\n|-damage|p1a: Camden|59/100\n|-unboost|p1a: Camden|atk|1\n|move|p1a: Camden|Superpower|p2a: Aggron\n|-immune|p2a: Aggron\n|\n|-heal|p1a: Camden|64/100|[from] item: Leftovers\n|upkeep\n|turn|2\n|\n|t:|1776231367\n|switch|p1a: Migo|Dragonite, L50, M|100/100\n|move|p2a: Aggron|Hyper Voice|p1a: Migo\n|-damage|p1a: Migo|78/100\n|\n|upkeep\n|turn|3\n|\n|t:|1776231383\n|detailschange|p1a: Migo|Dragonite-Mega, L50, M\n|-mega|p1a: Migo|Dragonite|Dragoninite\n|move|p2a: Aggron|Taunt|p1a: Migo\n|-start|p1a: Migo|move: Taunt\n|move|p1a: Migo|Ice Beam|p2a: Aggron\n|-damage|p2a: Aggron|29/100\n|replace|p2a: Zoroark|Zoroark-Hisui, L50, M, shiny\n|-end|p2a: Zoroark|Illusion\n|\n|upkeep\n|turn|4\n|\n|t:|1776231395\n|move|p2a: Zoroark|Hyper Voice|p1a: Migo\n|-damage|p1a: Migo|38/100\n|move|p1a: Migo|Ice Beam|p2a: Zoroark\n|-damage|p2a: Zoroark|0 fnt\n|faint|p2a: Zoroark\n|\n|upkeep\n|\n|t:|1776231403\n|switch|p2a: Hatterene|Hatterene, L50, F, shiny|100/100\n|turn|5\n|\n|t:|1776231407\n|move|p1a: Migo|Air Slash|p2a: Hatterene\n|-damage|p2a: Hatterene|53/100\n|move|p2a: Hatterene|Trick Room|p2a: Hatterene\n|-fieldstart|move: Trick Room|[of] p2a: Hatterene\n|\n|-end|p1a: Migo|move: Taunt\n|upkeep\n|turn|6\n|\n|t:|1776231419\n|move|p2a: Hatterene|Mystical Fire|p1a: Migo\n|-resisted|p1a: Migo|1\n|-damage|p1a: Migo|25/100\n|-unboost|p1a: Migo|spa|1\n|move|p1a: Migo|Air Slash|p2a: Hatterene\n|-damage|p2a: Hatterene|22/100\n|-enditem|p2a: Hatterene|Sitrus Berry|[eat]\n|-heal|p2a: Hatterene|47/100|[from] item: Sitrus Berry\n|\n|upkeep\n|turn|7\n|\n|t:|1776231430\n|move|p2a: Hatterene|Psychic Terrain|p2a: Hatterene\n|-fieldstart|move: Psychic Terrain\n|move|p1a: Migo|Ice Beam|p2a: Hatterene\n|-damage|p2a: Hatterene|24/100\n|-status|p2a: Hatterene|frz\n|\n|upkeep\n|turn|8\n|\n|t:|1776231437\n|cant|p2a: Hatterene|frz\n|move|p1a: Migo|Air Slash|p2a: Hatterene\n|-damage|p2a: Hatterene|0 fnt\n|faint|p2a: Hatterene\n|\n|upkeep\n|\n|t:|1776231444\n|switch|p2a: Aggron|Aggron, L50, M, shiny|100/100\n|turn|9\n|\n|t:|1776231456\n|detailschange|p2a: Aggron|Aggron-Mega, L50, M, shiny\n|-mega|p2a: Aggron|Aggron|Aggronite\n|move|p2a: Aggron|Thunder Punch|p1a: Migo\n|-damage|p1a: Migo|0 fnt\n|faint|p1a: Migo\n|\n|-fieldend|move: Trick Room\n|upkeep\n|\n|t:|1776231466\n|switch|p1a: Camden|Flareon, L50, M|64/100\n|turn|10\n|\n|t:|1776231471\n|move|p1a: Camden|Flare Blitz|p2a: Aggron\n|-supereffective|p2a: Aggron|1\n|-damage|p2a: Aggron|51/100\n|-damage|p1a: Camden|50/100|[from] Recoil\n|move|p2a: Aggron|Iron Defense|p2a: Aggron\n|-boost|p2a: Aggron|def|2\n|\n|-heal|p1a: Camden|56/100|[from] item: Leftovers\n|upkeep\n|turn|11\n|\n|t:|1776231481\n|move|p1a: Camden|Flamethrower|p2a: Aggron\n|-supereffective|p2a: Aggron|1\n|-damage|p2a: Aggron|4/100\n|move|p2a: Aggron|Body Press|p1a: Camden\n|-damage|p1a: Camden|0 fnt\n|faint|p1a: Camden\n|\n|-fieldend|move: Psychic Terrain\n|upkeep\n|\n|t:|1776231490\n|switch|p1a: Rex|Luxray, L50, M|100/100\n|-ability|p1a: Rex|Intimidate|boost\n|-unboost|p2a: Aggron|atk|1\n|turn|12\n|\n|t:|1776231498\n|move|p1a: Rex|Ice Fang|p2a: Aggron\n|-resisted|p2a: Aggron|1\n|-damage|p2a: Aggron|0 fnt\n|faint|p2a: Aggron\n|\n|win|isaacmora22\n|raw|isaacmora22's rating: 1029 &rarr; <strong>1074</strong><br />(+45 for winning)\n|raw|badaaabum's rating: 1127 &rarr; <strong>1095</strong><br />(-32 for losing)\n|l|\u2606badaaabum\n|player|p2|\n",
  "uploadtime": 1776231505,
  "views": 1,
  "formatid": "gen9championsbssregma",
  "rating": 1074,
  "private": 0,
  "password": null
}