{
  "id": "gen9championsbssregma-2585531608",
  "format": "[Gen 9 Champions] BSS Reg M-A",
  "players": [
    "nemiee",
    "Aguwar"
  ],
  "log": "|j|\u2606nemiee\n|j|\u2606Aguwar\n|t:|1776353736\n|gametype|singles\n|player|p1|nemiee|265|1079\n|player|p2|Aguwar|chili|1230\n|gen|9\n|tier|[Gen 9 Champions] BSS Reg M-A\n|rated|\n|rule|Species Clause: Limit one of each Pok\u00e9mon\n|rule|Item Clause: Limit 1 of each item\n|clearpoke\n|poke|p1|Floette-Eternal, L50, F|\n|poke|p1|Orthworm, L50, F|\n|poke|p1|Conkeldurr, L50, F|\n|poke|p1|Slowking-Galar, L50, F|\n|poke|p1|Basculegion, L50, M|\n|poke|p1|Garchomp, L50, F|\n|poke|p2|Charizard, L50, M|\n|poke|p2|Meowscarada, L50, M|\n|poke|p2|Archaludon, L50, F|\n|poke|p2|Corviknight, L50, M|\n|poke|p2|Dragapult, L50, M|\n|poke|p2|Rotom-Wash, L50|\n|teampreview|3\n|inactive|Battle timer is ON: inactive players will automatically lose when time's up. (requested by Aguwar)\n|inactive|nemiee has 60 seconds left.\n|inactive|Aguwar has 60 seconds left.\n|inactive|nemiee has 30 seconds left.\n|inactive|Aguwar has 30 seconds left.\n|inactive|nemiee has 20 seconds left.\n|inactive|nemiee has 15 seconds left.\n|\n|t:|1776353815\n|teamsize|p1|3\n|teamsize|p2|3\n|start\n|switch|p1a: Basculegion|Basculegion, L50, M|100/100\n|switch|p2a: Charizard|Charizard, L50, M|100/100\n|turn|1\n|\n|t:|1776353821\n|detailschange|p2a: Charizard|Charizard-Mega-Y, L50, M\n|-mega|p2a: Charizard|Charizard|Charizardite Y\n|-weather|SunnyDay|[from] ability: Drought|[of] p2a: Charizard\n|move|p1a: Basculegion|Flip Turn|p2a: Charizard\n|-supereffective|p2a: Charizard|1\n|-damage|p2a: Charizard|30/100\n|\n|t:|1776353846\n|switch|p1a: Slowking|Slowking-Galar, L50, F|100/100|[from] Flip Turn\n|move|p2a: Charizard|Solar Beam||[still]\n|-prepare|p2a: Charizard|Solar Beam\n|-anim|p2a: Charizard|Solar Beam|p1a: Slowking\n|-resisted|p1a: Slowking|1\n|-damage|p1a: Slowking|83/100\n|\n|-weather|SunnyDay|[upkeep]\n|upkeep\n|turn|2\n|\n|t:|1776353851\n|move|p2a: Charizard|Weather Ball|p1a: Slowking\n|-damage|p1a: Slowking|17/100\n|-enditem|p1a: Slowking|Sitrus Berry|[eat]\n|-heal|p1a: Slowking|42/100|[from] item: Sitrus Berry\n|-prepare|p1a: Slowking|Chilly Reception|[premajor]\n|move|p1a: Slowking|Chilly Reception|p1a: Slowking\n|-weather|Snowscape\n|\n|t:|1776353858\n|switch|p1a: Basculegion|Basculegion, L50, M|100/100|[from] Chilly Reception\n|\n|-weather|Snowscape|[upkeep]\n|upkeep\n|turn|3\n|\n|t:|1776353871\n|move|p1a: Basculegion|Flip Turn|p2a: Charizard\n|-supereffective|p2a: Charizard|1\n|-damage|p2a: Charizard|0 fnt\n|faint|p2a: Charizard\n|\n|t:|1776353873\n|switch|p1a: Floette|Floette-Eternal, L50, F|100/100|[from] Flip Turn\n|\n|-weather|Snowscape|[upkeep]\n|upkeep\n|\n|t:|1776353876\n|switch|p2a: Corviknight|Corviknight, L50, M|100/100\n|turn|4\n|\n|t:|1776353891\n|switch|p1a: Basculegion|Basculegion, L50, M|100/100\n|move|p2a: Corviknight|Brave Bird|p1a: Basculegion\n|-damage|p1a: Basculegion|54/100\n|-damage|p2a: Corviknight|86/100|[from] Recoil\n|\n|-weather|Snowscape|[upkeep]\n|upkeep\n|turn|5\n|\n|t:|1776353901\n|move|p1a: Basculegion|Flip Turn|p2a: Corviknight\n|-damage|p2a: Corviknight|51/100\n|\n|t:|1776353904\n|switch|p1a: Slowking|Slowking-Galar, L50, F|75/100|[from] Flip Turn\n|move|p2a: Corviknight|Iron Defense|p2a: Corviknight\n|-boost|p2a: Corviknight|def|2\n|\n|-weather|Snowscape|[upkeep]\n|upkeep\n|turn|6\n|\n|t:|1776353910\n|move|p2a: Corviknight|Roost|p2a: Corviknight\n|-heal|p2a: Corviknight|100/100\n|-singleturn|p2a: Corviknight|move: Roost\n|move|p1a: Slowking|Fire Blast|p2a: Corviknight\n|-supereffective|p2a: Corviknight|1\n|-damage|p2a: Corviknight|62/100\n|\n|-weather|none\n|upkeep\n|turn|7\n|\n|t:|1776353920\n|move|p2a: Corviknight|Roost|p2a: Corviknight\n|-heal|p2a: Corviknight|100/100\n|-singleturn|p2a: Corviknight|move: Roost\n|move|p1a: Slowking|Fire Blast|p2a: Corviknight|[miss]\n|-miss|p1a: Slowking|p2a: Corviknight\n|\n|upkeep\n|turn|8\n|\n|t:|1776353930\n|move|p2a: Corviknight|Brave Bird|p1a: Slowking\n|-damage|p1a: Slowking|38/100\n|-damage|p2a: Corviknight|90/100|[from] Recoil\n|move|p1a: Slowking|Fire Blast|p2a: Corviknight|[miss]\n|-miss|p1a: Slowking|p2a: Corviknight\n|\n|upkeep\n|turn|9\n|\n|t:|1776353939\n|switch|p1a: Basculegion|Basculegion, L50, M|54/100\n|move|p2a: Corviknight|Brave Bird|p1a: Basculegion\n|-damage|p1a: Basculegion|3/100\n|-damage|p2a: Corviknight|74/100|[from] Recoil\n|\n|upkeep\n|turn|10\n|\n|t:|1776353950\n|move|p1a: Basculegion|Flip Turn|p2a: Corviknight\n|-damage|p2a: Corviknight|56/100\n|\n|t:|1776353953\n|switch|p1a: Floette|Floette-Eternal, L50, F|100/100|[from] Flip Turn\n|move|p2a: Corviknight|Roost|p2a: Corviknight\n|-heal|p2a: Corviknight|100/100\n|-singleturn|p2a: Corviknight|move: Roost\n|\n|upkeep\n|turn|11\n|\n|t:|1776353956\n|move|p1a: Floette|Calm Mind|p1a: Floette\n|-boost|p1a: Floette|spa|1\n|-boost|p1a: Floette|spd|1\n|move|p2a: Corviknight|Brave Bird|p1a: Floette\n|-damage|p1a: Floette|66/100\n|-damage|p2a: Corviknight|90/100|[from] Recoil\n|\n|upkeep\n|turn|12\n|\n|t:|1776353960\n|move|p1a: Floette|Calm Mind|p1a: Floette\n|-boost|p1a: Floette|spa|1\n|-boost|p1a: Floette|spd|1\n|move|p2a: Corviknight|Brave Bird|p1a: Floette\n|-crit|p1a: Floette\n|-damage|p1a: Floette|19/100\n|-damage|p2a: Corviknight|77/100|[from] Recoil\n|\n|upkeep\n|turn|13\n|\n|t:|1776353962\n|move|p1a: Floette|Draining Kiss|p2a: Corviknight\n|-resisted|p2a: Corviknight|1\n|-crit|p2a: Corviknight\n|-damage|p2a: Corviknight|56/100\n|-heal|p1a: Floette|36/100|[from] drain|[of] p2a: Corviknight\n|move|p2a: Corviknight|Brave Bird|p1a: Floette\n|-damage|p1a: Floette|1/100\n|-damage|p2a: Corviknight|45/100|[from] Recoil\n|\n|upkeep\n|turn|14\n|\n|t:|1776353972\n|detailschange|p1a: Floette|Floette-Mega, L50, F\n|-mega|p1a: Floette|Floette|Floettite\n|-ability|p1a: Floette|Fairy Aura\n|move|p1a: Floette|Draining Kiss|p2a: Corviknight\n|-resisted|p2a: Corviknight|1\n|-damage|p2a: Corviknight|23/100\n|-heal|p1a: Floette|20/100|[from] drain|[of] p2a: Corviknight\n|move|p2a: Corviknight|Roost|p2a: Corviknight\n|-heal|p2a: Corviknight|74/100\n|-singleturn|p2a: Corviknight|move: Roost\n|\n|upkeep\n|turn|15\n|\n|t:|1776353982\n|move|p1a: Floette|Draining Kiss|p2a: Corviknight\n|-resisted|p2a: Corviknight|1\n|-damage|p2a: Corviknight|50/100\n|-heal|p1a: Floette|40/100|[from] drain|[of] p2a: Corviknight\n|move|p2a: Corviknight|Brave Bird|p1a: Floette\n|-damage|p1a: Floette|11/100\n|-damage|p2a: Corviknight|42/100|[from] Recoil\n|\n|upkeep\n|turn|16\n|\n|t:|1776353988\n|move|p1a: Floette|Energy Ball|p2a: Corviknight\n|-resisted|p2a: Corviknight|2\n|-crit|p2a: Corviknight\n|-damage|p2a: Corviknight|26/100\n|move|p2a: Corviknight|Roost|p2a: Corviknight\n|-heal|p2a: Corviknight|76/100\n|-singleturn|p2a: Corviknight|move: Roost\n|\n|upkeep\n|turn|17\n|\n|t:|1776353992\n|move|p1a: Floette|Draining Kiss|p2a: Corviknight\n|-resisted|p2a: Corviknight|1\n|-damage|p2a: Corviknight|54/100\n|-heal|p1a: Floette|30/100|[from] drain|[of] p2a: Corviknight\n|move|p2a: Corviknight|Brave Bird|p1a: Floette\n|-damage|p1a: Floette|1/100\n|-damage|p2a: Corviknight|46/100|[from] Recoil\n|\n|upkeep\n|turn|18\n|\n|t:|1776353996\n|move|p1a: Floette|Draining Kiss|p2a: Corviknight\n|-resisted|p2a: Corviknight|1\n|-damage|p2a: Corviknight|21/100\n|-heal|p1a: Floette|22/100|[from] drain|[of] p2a: Corviknight\n|move|p2a: Corviknight|Roost|p2a: Corviknight\n|-heal|p2a: Corviknight|71/100\n|-singleturn|p2a: Corviknight|move: Roost\n|\n|upkeep\n|turn|19\n|\n|t:|1776354003\n|move|p1a: Floette|Draining Kiss|p2a: Corviknight|[miss]\n|-miss|p1a: Floette|p2a: Corviknight\n|move|p2a: Corviknight|Brave Bird|p1a: Floette\n|-damage|p1a: Floette|0 fnt\n|faint|p1a: Floette\n|-damage|p2a: Corviknight|65/100|[from] Recoil\n|\n|upkeep\n|\n|t:|1776354006\n|switch|p1a: Slowking|Slowking-Galar, L50, F|71/100\n|turn|20\n|\n|t:|1776354015\n|move|p2a: Corviknight|Brave Bird|p1a: Slowking\n|-damage|p1a: Slowking|36/100\n|-damage|p2a: Corviknight|55/100|[from] Recoil\n|move|p1a: Slowking|Fire Blast|p2a: Corviknight|[miss]\n|-miss|p1a: Slowking|p2a: Corviknight\n|\n|upkeep\n|turn|21\n|\n|t:|1776354026\n|move|p2a: Corviknight|Brave Bird|p1a: Slowking\n|-damage|p1a: Slowking|2/100\n|-damage|p2a: Corviknight|46/100|[from] Recoil\n|move|p1a: Slowking|Fire Blast|p2a: Corviknight\n|-supereffective|p2a: Corviknight|1\n|-damage|p2a: Corviknight|11/100\n|\n|upkeep\n|turn|22\n|\n|t:|1776354036\n|switch|p1a: Basculegion|Basculegion, L50, M|3/100\n|move|p2a: Corviknight|Roost|p2a: Corviknight\n|-heal|p2a: Corviknight|61/100\n|-singleturn|p2a: Corviknight|move: Roost\n|\n|upkeep\n|turn|23\n|\n|t:|1776354045\n|move|p1a: Basculegion|Wave Crash|p2a: Corviknight\n|-damage|p2a: Corviknight|26/100\n|-damage|p1a: Basculegion|0 fnt|[from] Recoil\n|faint|p1a: Basculegion\n|move|p2a: Corviknight|Brave Bird|p1: Basculegion|[notarget]\n|-fail|p2a: Corviknight\n|\n|upkeep\n|\n|t:|1776354047\n|switch|p1a: Slowking|Slowking-Galar, L50, F|35/100\n|turn|24\n|\n|t:|1776354050\n|move|p2a: Corviknight|Roost|p2a: Corviknight\n|-heal|p2a: Corviknight|76/100\n|-singleturn|p2a: Corviknight|move: Roost\n|move|p1a: Slowking|Fire Blast|p2a: Corviknight\n|-supereffective|p2a: Corviknight|1\n|-damage|p2a: Corviknight|38/100\n|\n|upkeep\n|turn|25\n|\n|t:|1776354053\n|move|p2a: Corviknight|Brave Bird|p1a: Slowking\n|-damage|p1a: Slowking|2/100\n|-damage|p2a: Corviknight|29/100|[from] Recoil\n|move|p1a: Slowking|Fire Blast|p2a: Corviknight\n|-supereffective|p2a: Corviknight|1\n|-damage|p2a: Corviknight|0 fnt\n|faint|p2a: Corviknight\n|\n|upkeep\n|\n|t:|1776354056\n|switch|p2a: F16|Dragapult, L50, M|100/100\n|turn|26\n|\n|t:|1776354059\n|move|p2a: F16|Dragon Darts|p1a: Slowking\n|-damage|p1a: Slowking|0 fnt\n|faint|p1a: Slowking\n|\n|win|Aguwar\n|raw|nemiee's rating: 1079 &rarr; <strong>1066</strong><br />(-13 for losing)\n|raw|Aguwar's rating: 1230 &rarr; <strong>1245</strong><br />(+15 for winning)\n|c|\u2606Aguwar|gg\n|l|\u2606nemiee\n|player|p1|\n",
  "uploadtime": 1776354152,
  "views": 7,
  "formatid": "gen9championsbssregma",
  "rating": 1066,
  "private": 0,
  "password": null
}