{
  "id": "gen9championsbssregma-2586943257",
  "format": "[Gen 9 Champions] BSS Reg M-A",
  "players": [
    "zozotown",
    "bzukanarf"
  ],
  "log": "|j|\u203dzozotown\n|j|\u2606bzukanarf\n|t:|1776474139\n|gametype|singles\n|player|p1|zozotown|265|1305\n|player|p2|bzukanarf|doubleteam|1313\n|gen|9\n|tier|[Gen 9 Champions] BSS Reg M-A\n|rated|\n|rule|Species Clause: Limit one of each Pok\u00e9mon\n|rule|Item Clause: Limit 1 of each item\n|clearpoke\n|poke|p1|Glimmora, L50, M|\n|poke|p1|Kingambit, L50, F|\n|poke|p1|Froslass, L50, F|\n|poke|p1|Azumarill, L50, M|\n|poke|p1|Dragonite, L50, F|\n|poke|p1|Delphox, L50, F|\n|poke|p2|Victreebel, L50, F|\n|poke|p2|Primarina, L50, M|\n|poke|p2|Garchomp, L50, M|\n|poke|p2|Aegislash, L50, F|\n|poke|p2|Clefable, L50, F|\n|poke|p2|Glimmora, L50, M|\n|teampreview|3\n|inactive|Battle timer is ON: inactive players will automatically lose when time's up. (requested by zozotown)\n|\n|t:|1776474172\n|teamsize|p1|3\n|teamsize|p2|3\n|start\n|switch|p1a: Glimmora|Glimmora, L50, M|100/100\n|switch|p2a: Big Vic|Victreebel, L50, F|100/100\n|turn|1\n|\n|t:|1776474182\n|detailschange|p2a: Big Vic|Victreebel-Mega, L50, F\n|-mega|p2a: Big Vic|Victreebel|Victreebelite\n|move|p1a: Glimmora|Stealth Rock|p2a: Big Vic\n|-sidestart|p2: bzukanarf|move: Stealth Rock\n|move|p2a: Big Vic|Power Whip|p1a: Glimmora\n|-damage|p1a: Glimmora|19/100\n|-activate|p1a: Glimmora|ability: Toxic Debris\n|-sidestart|p2: bzukanarf|move: Toxic Spikes\n|\n|upkeep\n|turn|2\n|\n|t:|1776474194\n|switch|p1a: Froslass|Froslass, L50, F|100/100\n|move|p2a: Big Vic|Sucker Punch||[still]\n|-fail|p2a: Big Vic\n|\n|upkeep\n|turn|3\n|\n|t:|1776474200\n|detailschange|p1a: Froslass|Froslass-Mega, L50, F\n|-mega|p1a: Froslass|Froslass|Froslassite\n|-weather|Snowscape|[from] ability: Snow Warning|[of] p1a: Froslass\n|move|p1a: Froslass|Will-O-Wisp|p2a: Big Vic\n|-status|p2a: Big Vic|brn\n|move|p2a: Big Vic|Swords Dance|p2a: Big Vic\n|-boost|p2a: Big Vic|atk|2\n|\n|-weather|Snowscape|[upkeep]\n|-damage|p2a: Big Vic|95/100 brn|[from] brn\n|upkeep\n|turn|4\n|\n|t:|1776474213\n|move|p2a: Big Vic|Sucker Punch|p1a: Froslass\n|-supereffective|p1a: Froslass|1\n|-damage|p1a: Froslass|53/100\n|move|p1a: Froslass|Hex|p2a: Big Vic\n|-damage|p2a: Big Vic|34/100 brn\n|\n|-weather|Snowscape|[upkeep]\n|-damage|p2a: Big Vic|28/100 brn|[from] brn\n|upkeep\n|turn|5\n|\n|t:|1776474232\n|move|p1a: Froslass|Destiny Bond|p1a: Froslass\n|-singlemove|p1a: Froslass|Destiny Bond\n|move|p2a: Big Vic|Strength Sap|p1a: Froslass\n|-unboost|p1a: Froslass|atk|1\n|-heal|p2a: Big Vic|76/100 brn\n|\n|-weather|Snowscape|[upkeep]\n|-damage|p2a: Big Vic|70/100 brn|[from] brn\n|upkeep\n|turn|6\n|\n|t:|1776474242\n|move|p1a: Froslass|Hex|p2a: Big Vic\n|-damage|p2a: Big Vic|12/100 brn\n|move|p2a: Big Vic|Power Whip|p1a: Froslass\n|-damage|p1a: Froslass|0 fnt\n|faint|p1a: Froslass\n|\n|-weather|Snowscape|[upkeep]\n|-damage|p2a: Big Vic|6/100 brn|[from] brn\n|upkeep\n|\n|t:|1776474256\n|switch|p1a: Glimmora|Glimmora, L50, M|19/100\n|turn|7\n|\n|t:|1776474261\n|move|p1a: Glimmora|Power Gem|p2a: Big Vic\n|-crit|p2a: Big Vic\n|-damage|p2a: Big Vic|0 fnt\n|-damage|p1a: Glimmora|12/100|[from] ability: Innards Out|[of] p2a: Big Vic\n|faint|p2a: Big Vic\n|\n|-weather|none\n|upkeep\n|\n|t:|1776474272\n|switch|p2a: Aegislash|Aegislash, L50, F|100/100\n|-damage|p2a: Aegislash|95/100|[from] Stealth Rock\n|turn|8\n|\n|t:|1776474278\n|-formechange|p2a: Aegislash|Aegislash-Blade|\n|move|p2a: Aegislash|Shadow Sneak|p1a: Glimmora\n|-damage|p1a: Glimmora|0 fnt\n|-activate|p1a: Glimmora|ability: Toxic Debris\n|-sidestart|p2: bzukanarf|move: Toxic Spikes\n|faint|p1a: Glimmora\n|\n|upkeep\n|\n|t:|1776474281\n|switch|p1a: Azumarill|Azumarill, L50, M|100/100\n|turn|9\n|\n|t:|1776474287\n|move|p2a: Aegislash|Poltergeist|p1a: Azumarill\n|-activate|p1a: Azumarill|move: Poltergeist|Sitrus Berry\n|-damage|p1a: Azumarill|27/100\n|-enditem|p1a: Azumarill|Sitrus Berry|[eat]\n|-heal|p1a: Azumarill|52/100|[from] item: Sitrus Berry\n|move|p1a: Azumarill|Belly Drum|p1a: Azumarill\n|-damage|p1a: Azumarill|2/100\n|-setboost|p1a: Azumarill|atk|6|[from] move: Belly Drum\n|\n|upkeep\n|turn|10\n|\n|t:|1776474294\n|move|p2a: Aegislash|Shadow Sneak|p1a: Azumarill\n|-damage|p1a: Azumarill|0 fnt\n|faint|p1a: Azumarill\n|\n|win|bzukanarf\n|raw|zozotown's rating: 1305 &rarr; <strong>1285</strong><br />(-20 for losing)\n|raw|bzukanarf's rating: 1313 &rarr; <strong>1333</strong><br />(+20 for winning)\n|l|\u203dzozotown\n|player|p1|\n",
  "uploadtime": 1776474304,
  "views": 34,
  "formatid": "gen9championsbssregma",
  "rating": 1285,
  "private": 0,
  "password": null
}