{
  "id": "gen9championsbssregma-2588055296",
  "format": "[Gen 9 Champions] BSS Reg M-A",
  "players": [
    "hackercat01",
    "qweralt"
  ],
  "log": "|j|\u2606hackercat01\n|j|\u2606qweralt\n|t:|1776598805\n|gametype|singles\n|player|p1|hackercat01|veteran|1102\n|player|p2|qweralt|boarder|1094\n|gen|9\n|tier|[Gen 9 Champions] BSS Reg M-A\n|rated|\n|rule|Species Clause: Limit one of each Pok\u00e9mon\n|rule|Item Clause: Limit 1 of each item\n|clearpoke\n|poke|p1|Gengar, L50, F|\n|poke|p1|Primarina, L50, M|\n|poke|p1|Hydreigon, L50, F|\n|poke|p1|Infernape, L50, F|\n|poke|p1|Venusaur, L50, M, shiny|\n|poke|p1|Scizor, L50, M|\n|poke|p2|Gengar, L50, M|\n|poke|p2|Vivillon, L50, M|\n|poke|p2|Hatterene, L50, F|\n|poke|p2|Weavile, L50, M|\n|poke|p2|Aerodactyl, L50, F|\n|poke|p2|Volcarona, L50, F|\n|teampreview|3\n|inactive|Battle timer is ON: inactive players will automatically lose when time's up. (requested by hackercat01)\n|inactive|qweralt has 60 seconds left.\n|\n|t:|1776598838\n|teamsize|p1|3\n|teamsize|p2|3\n|start\n|switch|p1a: Gengar|Gengar, L50, F|100/100\n|switch|p2a: Weavile|Weavile, L50, M|100/100\n|-ability|p2a: Weavile|Pressure\n|turn|1\n|\n|t:|1776598852\n|move|p2a: Weavile|Knock Off|p1a: Gengar\n|-supereffective|p1a: Gengar|1\n|-enditem|p1a: Gengar|Focus Sash\n|-damage|p1a: Gengar|1/100\n|move|p1a: Gengar|Icy Wind|p2a: Weavile\n|-resisted|p2a: Weavile|1\n|-damage|p2a: Weavile|87/100\n|-unboost|p2a: Weavile|spe|1\n|\n|upkeep\n|turn|2\n|\n|t:|1776598863\n|move|p2a: Weavile|Ice Shard|p1a: Gengar\n|-damage|p1a: Gengar|0 fnt\n|-start|p2a: Weavile|Disable|Ice Shard|[from] ability: Cursed Body|[of] p1a: Gengar\n|faint|p1a: Gengar\n|\n|upkeep\n|\n|t:|1776598866\n|switch|p1a: Scizor|Scizor, L50, M|100/100\n|turn|3\n|\n|t:|1776598876\n|detailschange|p1a: Scizor|Scizor-Mega, L50, M\n|-mega|p1a: Scizor|Scizor|Scizorite\n|move|p2a: Weavile|Knock Off|p1a: Scizor\n|-damage|p1a: Scizor|76/100\n|move|p1a: Scizor|Swords Dance|p1a: Scizor\n|-boost|p1a: Scizor|atk|2\n|\n|upkeep\n|turn|4\n|\n|t:|1776598889\n|switch|p2a: Gengar|Gengar, L50, M|100/100\n|move|p1a: Scizor|Bullet Punch|p2a: Gengar\n|-damage|p2a: Gengar|0 fnt\n|faint|p2a: Gengar\n|\n|upkeep\n|\n|t:|1776598894\n|switch|p2a: Volcarona|Volcarona, L50, F|100/100\n|turn|5\n|\n|t:|1776598901\n|move|p2a: Volcarona|Flamethrower|p1a: Scizor\n|-supereffective|p1a: Scizor|2\n|-damage|p1a: Scizor|0 fnt\n|faint|p1a: Scizor\n|\n|upkeep\n|\n|t:|1776598907\n|switch|p1a: Infernape|Infernape, L50, F|100/100\n|turn|6\n|\n|t:|1776598918\n|move|p1a: Infernape|Earthquake|p2a: Volcarona\n|-damage|p2a: Volcarona|51/100\n|move|p2a: Volcarona|Quiver Dance|p2a: Volcarona\n|-boost|p2a: Volcarona|spa|1\n|-boost|p2a: Volcarona|spd|1\n|-boost|p2a: Volcarona|spe|1\n|\n|upkeep\n|turn|7\n|\n|t:|1776598926\n|move|p1a: Infernape|Earthquake|p2a: Volcarona\n|-damage|p2a: Volcarona|9/100\n|move|p2a: Volcarona|Psychic|p1a: Infernape\n|-supereffective|p1a: Infernape|1\n|-crit|p1a: Infernape\n|-damage|p1a: Infernape|0 fnt\n|faint|p1a: Infernape\n|\n|win|qweralt\n|raw|hackercat01's rating: 1102 &rarr; <strong>1076</strong><br />(-26 for losing)\n|raw|qweralt's rating: 1094 &rarr; <strong>1120</strong><br />(+26 for winning)\n|l|\u2606hackercat01\n|player|p1|\n",
  "uploadtime": 1776598930,
  "views": 1,
  "formatid": "gen9championsbssregma",
  "rating": 1076,
  "private": 0,
  "password": null
}