{
  "id": "gen9championsbssregma-2588834128",
  "format": "[Gen 9 Champions] BSS Reg M-A",
  "players": [
    "M-Theorist",
    "Bbbkty"
  ],
  "log": "|j|\u2606M-Theorist\n|j|\u2606Bbbkty\n|t:|1776676533\n|gametype|singles\n|player|p1|M-Theorist|scientist-gen4dp|1090\n|player|p2|Bbbkty|1|1096\n|gen|9\n|tier|[Gen 9 Champions] BSS Reg M-A\n|rated|\n|rule|Species Clause: Limit one of each Pok\u00e9mon\n|rule|Item Clause: Limit 1 of each item\n|clearpoke\n|poke|p1|Mimikyu, L50, M|\n|poke|p1|Altaria, L50, F|\n|poke|p1|Orthworm, L50, F|\n|poke|p1|Volcarona, L50, F|\n|poke|p1|Palafin, L50, F|\n|poke|p1|Jolteon, L50, F|\n|poke|p2|Clefable, L50, M|\n|poke|p2|Charizard, L50, M|\n|poke|p2|Mimikyu, L50, F|\n|poke|p2|Kingambit, L50, F|\n|poke|p2|Espathra, L50, F|\n|poke|p2|Glimmora, L50, F|\n|teampreview|3\n|inactive|Battle timer is ON: inactive players will automatically lose when time's up. (requested by Bbbkty)\n|\n|t:|1776676541\n|teamsize|p1|3\n|teamsize|p2|3\n|start\n|switch|p1a: Orthworm|Orthworm, L50, F|100/100\n|switch|p2a: Glimmora|Glimmora, L50, F|100/100\n|turn|1\n|\n|t:|1776676565\n|move|p2a: Glimmora|Stealth Rock|p1a: Orthworm\n|-sidestart|p1: M-Theorist|move: Stealth Rock\n|move|p1a: Orthworm|Earthquake|p2a: Glimmora\n|-supereffective|p2a: Glimmora|2\n|-damage|p2a: Glimmora|4/100\n|-activate|p2a: Glimmora|ability: Toxic Debris\n|-sidestart|p1: M-Theorist|move: Toxic Spikes\n|\n|upkeep\n|turn|2\n|\n|t:|1776676572\n|move|p2a: Glimmora|Power Gem|p1a: Orthworm\n|-resisted|p1a: Orthworm|1\n|-damage|p1a: Orthworm|68/100\n|move|p1a: Orthworm|Shed Tail|p1a: Orthworm\n|-start|p1a: Orthworm|Substitute|[from] move: Shed Tail\n|-damage|p1a: Orthworm|18/100\n|-enditem|p1a: Orthworm|Sitrus Berry|[eat]\n|-heal|p1a: Orthworm|43/100|[from] item: Sitrus Berry\n|\n|t:|1776676582\n|switch|p1a: Mimikyu|Mimikyu, L50, M|100/100|[from] Shed Tail\n|-damage|p1a: Mimikyu|88/100|[from] Stealth Rock\n|-status|p1a: Mimikyu|psn\n|\n|-damage|p1a: Mimikyu|76/100 psn|[from] psn\n|upkeep\n|turn|3\n|\n|t:|1776676597\n|move|p2a: Glimmora|Power Gem|p1a: Mimikyu\n|-end|p1a: Mimikyu|Substitute\n|move|p1a: Mimikyu|Swords Dance|p1a: Mimikyu\n|-boost|p1a: Mimikyu|atk|2\n|\n|-damage|p1a: Mimikyu|64/100 psn|[from] psn\n|upkeep\n|turn|4\n|\n|t:|1776676601\n|move|p1a: Mimikyu|Shadow Sneak|p2a: Glimmora\n|-damage|p2a: Glimmora|0 fnt\n|-activate|p2a: Glimmora|ability: Toxic Debris\n|-sidestart|p1: M-Theorist|move: Toxic Spikes\n|faint|p2a: Glimmora\n|\n|-damage|p1a: Mimikyu|52/100 psn|[from] psn\n|upkeep\n|\n|t:|1776676606\n|switch|p2a: Espathra|Espathra, L50, F|100/100\n|turn|5\n|\n|t:|1776676609\n|move|p2a: Espathra|Protect|p2a: Espathra\n|-singleturn|p2a: Espathra|Protect\n|move|p1a: Mimikyu|Play Rough|p2a: Espathra\n|-activate|p2a: Espathra|move: Protect\n|\n|-damage|p1a: Mimikyu|40/100 psn|[from] psn\n|-ability|p2a: Espathra|Speed Boost|boost\n|-boost|p2a: Espathra|spe|1\n|upkeep\n|turn|6\n|inactive|Bbbkty has 30 seconds left.\n|\n|t:|1776676639\n|move|p1a: Mimikyu|Shadow Sneak|p2a: Espathra\n|-supereffective|p2a: Espathra|1\n|-damage|p2a: Espathra|7/100\n|-enditem|p2a: Espathra|Sitrus Berry|[eat]\n|-heal|p2a: Espathra|32/100|[from] item: Sitrus Berry\n|move|p2a: Espathra|Baton Pass|p2a: Espathra\n|inactive|Bbbkty has 30 seconds left.\n|\n|t:|1776676671\n|switch|p2a: Clefable|Clefable, L50, M|100/100|[from] Baton Pass\n|\n|-damage|p1a: Mimikyu|28/100 psn|[from] psn\n|upkeep\n|turn|7\n|\n|t:|1776676682\n|detailschange|p2a: Clefable|Clefable-Mega, L50, M\n|-mega|p2a: Clefable|Clefable|Clefablite\n|move|p1a: Mimikyu|Play Rough|p2a: Clefable\n|-damage|p2a: Clefable|45/100\n|move|p2a: Clefable|Cosmic Power|p2a: Clefable\n|-boost|p2a: Clefable|def|1\n|-boost|p2a: Clefable|spd|1\n|\n|-damage|p1a: Mimikyu|16/100 psn|[from] psn\n|upkeep\n|turn|8\n|\n|t:|1776676689\n|move|p1a: Mimikyu|Shadow Claw|p2a: Clefable\n|-crit|p2a: Clefable\n|-damage|p2a: Clefable|0 fnt\n|faint|p2a: Clefable\n|\n|-damage|p1a: Mimikyu|4/100 psn|[from] psn\n|upkeep\n|\n|t:|1776676703\n|switch|p2a: Espathra|Espathra, L50, F|32/100\n|turn|9\n|\n|t:|1776676707\n|move|p2a: Espathra|Protect|p2a: Espathra\n|-singleturn|p2a: Espathra|Protect\n|move|p1a: Mimikyu|Shadow Claw|p2a: Espathra\n|-activate|p2a: Espathra|move: Protect\n|\n|-damage|p1a: Mimikyu|0 fnt|[from] psn\n|faint|p1a: Mimikyu\n|-ability|p2a: Espathra|Speed Boost|boost\n|-boost|p2a: Espathra|spe|1\n|upkeep\n|\n|t:|1776676710\n|switch|p1a: Orthworm|Orthworm, L50, F|43/100\n|-damage|p1a: Orthworm|37/100|[from] Stealth Rock\n|turn|10\n|\n|t:|1776676719\n|move|p2a: Espathra|Lumina Crash|p1a: Orthworm\n|-resisted|p1a: Orthworm|1\n|-damage|p1a: Orthworm|12/100\n|-unboost|p1a: Orthworm|spd|2\n|move|p1a: Orthworm|Iron Head|p2a: Espathra\n|-damage|p2a: Espathra|2/100\n|\n|-ability|p2a: Espathra|Speed Boost|boost\n|-boost|p2a: Espathra|spe|1\n|upkeep\n|turn|11\n|\n|t:|1776676724\n|move|p2a: Espathra|Protect|p2a: Espathra\n|-singleturn|p2a: Espathra|Protect\n|move|p1a: Orthworm|Iron Head|p2a: Espathra\n|-activate|p2a: Espathra|move: Protect\n|\n|-ability|p2a: Espathra|Speed Boost|boost\n|-boost|p2a: Espathra|spe|1\n|upkeep\n|turn|12\n|\n|t:|1776676730\n|move|p2a: Espathra|Lumina Crash|p1a: Orthworm\n|-resisted|p1a: Orthworm|1\n|-damage|p1a: Orthworm|0 fnt\n|faint|p1a: Orthworm\n|\n|-ability|p2a: Espathra|Speed Boost|boost\n|-boost|p2a: Espathra|spe|1\n|upkeep\n|\n|t:|1776676732\n|switch|p1a: Volcarona|Volcarona, L50, F|100/100\n|-damage|p1a: Volcarona|50/100|[from] Stealth Rock\n|-status|p1a: Volcarona|tox\n|turn|13\n|\n|t:|1776676741\n|move|p2a: Espathra|Lumina Crash|p1a: Volcarona\n|-damage|p1a: Volcarona|20/100 tox\n|-unboost|p1a: Volcarona|spd|2\n|move|p1a: Volcarona|Morning Sun|p1a: Volcarona\n|-heal|p1a: Volcarona|70/100 tox\n|\n|-heal|p1a: Volcarona|76/100 tox|[from] item: Leftovers\n|-damage|p1a: Volcarona|70/100 tox|[from] psn\n|-ability|p2a: Espathra|Speed Boost|boost\n|-boost|p2a: Espathra|spe|1\n|upkeep\n|turn|14\n|\n|t:|1776676750\n|move|p2a: Espathra|Lumina Crash|p1a: Volcarona\n|-damage|p1a: Volcarona|7/100 tox\n|-unboost|p1a: Volcarona|spd|2\n|move|p1a: Volcarona|Bug Buzz|p2a: Espathra\n|-supereffective|p2a: Espathra|1\n|-damage|p2a: Espathra|0 fnt\n|faint|p2a: Espathra\n|\n|win|M-Theorist\n|raw|M-Theorist's rating: 1090 &rarr; <strong>1117</strong><br />(+27 for winning)\n|raw|Bbbkty's rating: 1096 &rarr; <strong>1071</strong><br />(-25 for losing)\n",
  "uploadtime": 1776676754,
  "views": 1,
  "formatid": "gen9championsbssregma",
  "rating": 1071,
  "private": 0,
  "password": null
}