{
  "id": "gen9championsbssregma-2582995054",
  "format": "[Gen 9 Champions] BSS Reg M-A",
  "players": [
    "txqz6p",
    "perdicionn"
  ],
  "log": "|j|\u2606txqz6p\n|j|\u2606perdicionn\n|t:|1776131714\n|gametype|singles\n|player|p1|txqz6p|265|1268\n|player|p2|perdicionn|crasherwake|1258\n|gen|9\n|tier|[Gen 9 Champions] BSS Reg M-A\n|rated|\n|rule|Species Clause: Limit one of each Pok\u00e9mon\n|rule|Item Clause: Limit 1 of each item\n|clearpoke\n|poke|p1|Greninja-*, L50, M|\n|poke|p1|Basculegion, L50, M|\n|poke|p1|Dragonite, L50, F|\n|poke|p1|Charizard, L50, F|\n|poke|p1|Archaludon, L50, M|\n|poke|p1|Scizor, L50, M|\n|poke|p2|Aegislash, L50, M|\n|poke|p2|Kingambit, L50, M|\n|poke|p2|Volcarona, L50, F|\n|poke|p2|Gyarados, L50, F|\n|poke|p2|Starmie, L50|\n|poke|p2|Manectric, L50, M|\n|teampreview|3\n|c|\u2606perdicionn|bro\n|c|\u2606perdicionn|you know my matchup\n|c|\u2606perdicionn|im cooked\n|c|\u2606txqz6p|haha\n|\n|t:|1776131751\n|teamsize|p1|3\n|teamsize|p2|3\n|start\n|switch|p1a: Archaludon|Archaludon, L50, M|100/100\n|switch|p2a: Volcarona|Volcarona, L50, F|100/100\n|turn|1\n|\n|t:|1776131761\n|move|p2a: Volcarona|Quiver Dance|p2a: Volcarona\n|-boost|p2a: Volcarona|spa|1\n|-boost|p2a: Volcarona|spd|1\n|-boost|p2a: Volcarona|spe|1\n|move|p1a: Archaludon|Stealth Rock|p2a: Volcarona\n|-sidestart|p2: perdicionn|move: Stealth Rock\n|\n|upkeep\n|turn|2\n|-activate|p1a: Archaludon|item: Quick Claw\n|\n|t:|1776131769\n|move|p2a: Volcarona|Fiery Dance|p1a: Archaludon\n|-damage|p1a: Archaludon|11/100\n|-boost|p2a: Volcarona|spa|1\n|move|p1a: Archaludon|Mirror Coat|p2a: Volcarona\n|-damage|p2a: Volcarona|0 fnt\n|faint|p2a: Volcarona\n|\n|upkeep\n|j| p74\n|\n|t:|1776131774\n|switch|p2a: Starmie|Starmie, L50|100/100\n|-damage|p2a: Starmie|89/100|[from] Stealth Rock\n|turn|3\n|\n|t:|1776131784\n|detailschange|p2a: Starmie|Starmie-Mega, L50\n|-mega|p2a: Starmie|Starmie|Starminite\n|move|p2a: Starmie|Ice Spinner|p1a: Archaludon\n|-damage|p1a: Archaludon|0 fnt\n|faint|p1a: Archaludon\n|\n|upkeep\n|\n|t:|1776131791\n|switch|p1a: Scizor|Scizor, L50, M|100/100\n|turn|4\n|\n|t:|1776131795\n|detailschange|p1a: Scizor|Scizor-Mega, L50, M\n|-mega|p1a: Scizor|Scizor|Scizorite\n|move|p2a: Starmie|Liquidation|p1a: Scizor\n|-damage|p1a: Scizor|45/100\n|move|p1a: Scizor|Knock Off|p2a: Starmie\n|-supereffective|p2a: Starmie|1\n|-damage|p2a: Starmie|13/100\n|\n|upkeep\n|turn|5\n|\n|t:|1776131803\n|move|p1a: Scizor|Bullet Punch|p2a: Starmie\n|-resisted|p2a: Starmie|1\n|-damage|p2a: Starmie|0 fnt\n|faint|p2a: Starmie\n|\n|upkeep\n|\n|t:|1776131804\n|switch|p2a: Kingambit|Kingambit, L50, M|100/100\n|-damage|p2a: Kingambit|95/100|[from] Stealth Rock\n|-activate|p2a: Kingambit|ability: Supreme Overlord\n|-start|p2a: Kingambit|fallen2|[silent]\n|turn|6\n|\n|t:|1776131811\n|move|p1a: Scizor|Bullet Punch|p2a: Kingambit\n|-resisted|p2a: Kingambit|1\n|-damage|p2a: Kingambit|82/100\n|move|p2a: Kingambit|Kowtow Cleave|p1a: Scizor\n|-damage|p1a: Scizor|2/100\n|\n|upkeep\n|turn|7\n|\n|t:|1776131818\n|move|p1a: Scizor|Close Combat|p2a: Kingambit\n|-supereffective|p2a: Kingambit|2\n|-damage|p2a: Kingambit|0 fnt\n|-unboost|p1a: Scizor|def|1\n|-unboost|p1a: Scizor|spd|1\n|faint|p2a: Kingambit\n|-end|p2a: Kingambit|fallen2|[silent]\n|\n|win|txqz6p\n|raw|txqz6p's rating: 1268 &rarr; <strong>1292</strong><br />(+24 for winning)\n|raw|perdicionn's rating: 1258 &rarr; <strong>1234</strong><br />(-24 for losing)\n|l|\u2606perdicionn\n|player|p2|\n|l|\u2606txqz6p\n|player|p1|\n",
  "uploadtime": 1776131892,
  "views": 3,
  "formatid": "gen9championsbssregma",
  "rating": 1234,
  "private": 0,
  "password": null
}