{
  "id": "gen9championsbssregma-2588775710",
  "format": "[Gen 9 Champions] BSS Reg M-A",
  "players": [
    "axl04",
    "HappyBoyMan52"
  ],
  "log": "|j|\u2606axl04\n|j|\u2606HappyBoyMan52\n|t:|1776669257\n|gametype|singles\n|player|p1|axl04|pokekid|1000\n|player|p2|HappyBoyMan52|caitlin|1071\n|gen|9\n|tier|[Gen 9 Champions] BSS Reg M-A\n|rated|\n|rule|Species Clause: Limit one of each Pok\u00e9mon\n|rule|Item Clause: Limit 1 of each item\n|clearpoke\n|poke|p1|Pikachu, L50, F|\n|poke|p1|Infernape, L50, F|\n|poke|p1|Greninja, L50, F|\n|poke|p1|Lycanroc-Dusk, L50, F|\n|poke|p1|Incineroar, L50, F|\n|poke|p1|Lucario, L50, M|\n|poke|p2|Greninja, L50, F, shiny|\n|poke|p2|Charizard, L50, M, shiny|\n|poke|p2|Corviknight, L50, M, shiny|\n|poke|p2|Mimikyu, L50, F, shiny|\n|poke|p2|Hippowdon, L50, M, shiny|\n|poke|p2|Lucario, L50, F, shiny|\n|teampreview|3\n|\n|t:|1776669280\n|teamsize|p1|3\n|teamsize|p2|3\n|start\n|switch|p1a: Pikachu|Pikachu, L50, F|100/100\n|switch|p2a: Greninja|Greninja, L50, F, shiny|100/100\n|turn|1\n|\n|t:|1776669287\n|move|p1a: Pikachu|Fake Out|p2a: Greninja\n|-damage|p2a: Greninja|83/100\n|cant|p2a: Greninja|flinch\n|\n|upkeep\n|turn|2\n|\n|t:|1776669298\n|move|p2a: Greninja|Surf|p1a: Pikachu\n|-damage|p1a: Pikachu|0 fnt\n|faint|p1a: Pikachu\n|\n|upkeep\n|\n|t:|1776669311\n|switch|p1a: Lycanroc|Lycanroc-Dusk, L50, F|100/100\n|turn|3\n|inactive|Battle timer is ON: inactive players will automatically lose when time's up. (requested by HappyBoyMan52)\n|\n|t:|1776669354\n|move|p2a: Greninja|Water Shuriken|p1a: Lycanroc\n|-supereffective|p1a: Lycanroc|1\n|-damage|p1a: Lycanroc|75/100\n|-supereffective|p1a: Lycanroc|1\n|-crit|p1a: Lycanroc\n|-damage|p1a: Lycanroc|38/100\n|-hitcount|p1a: Lycanroc|2\n|move|p1a: Lycanroc|Close Combat|p2a: Greninja\n|-supereffective|p2a: Greninja|1\n|-damage|p2a: Greninja|0 fnt\n|-unboost|p1a: Lycanroc|def|1\n|-unboost|p1a: Lycanroc|spd|1\n|faint|p2a: Greninja\n|\n|upkeep\n|\n|t:|1776669369\n|switch|p2a: Mimikyu|Mimikyu, L50, F, shiny|100/100\n|turn|4\n|\n|t:|1776669373\n|switch|p1a: Greninja|Greninja, L50, F|100/100\n|move|p2a: Mimikyu|Swords Dance|p2a: Mimikyu\n|-boost|p2a: Mimikyu|atk|2\n|\n|upkeep\n|turn|5\n|\n|t:|1776669385\n|detailschange|p1a: Greninja|Greninja-Mega, L50, F\n|-mega|p1a: Greninja|Greninja|Greninjite\n|move|p1a: Greninja|Sludge Wave|p2a: Mimikyu\n|-start|p1a: Greninja|typechange|Poison|[from] ability: Protean\n|-activate|p2a: Mimikyu|ability: Disguise\n|-damage|p2a: Mimikyu|100/100\n|detailschange|p2a: Mimikyu|Mimikyu-Busted, L50, F, shiny\n|-damage|p2a: Mimikyu|89/100|[from] pokemon: Mimikyu-Busted\n|move|p2a: Mimikyu|Play Rough|p1a: Greninja|[miss]\n|-miss|p2a: Mimikyu|p1a: Greninja\n|\n|upkeep\n|turn|6\n|\n|t:|1776669401\n|move|p2a: Mimikyu|Shadow Sneak|p1a: Greninja\n|-damage|p1a: Greninja|43/100\n|move|p1a: Greninja|Sludge Wave|p2a: Mimikyu\n|-damage|p2a: Mimikyu|28/100\n|\n|upkeep\n|turn|7\n|\n|t:|1776669412\n|move|p1a: Greninja|Water Shuriken|p2a: Mimikyu\n|-damage|p2a: Mimikyu|21/100\n|-damage|p2a: Mimikyu|15/100\n|-hitcount|p2a: Mimikyu|2\n|move|p2a: Mimikyu|Shadow Sneak|p1a: Greninja\n|-damage|p1a: Greninja|0 fnt\n|faint|p1a: Greninja\n|\n|upkeep\n|-message|axl04 forfeited.\n|\n|win|HappyBoyMan52\n|raw|axl04's rating: 1000 &rarr; <strong>1000</strong><br />(+0 for losing)\n|raw|HappyBoyMan52's rating: 1071 &rarr; <strong>1094</strong><br />(+23 for winning)\n|l|\u2606axl04\n|player|p1|\n",
  "uploadtime": 1776669422,
  "views": 2,
  "formatid": "gen9championsbssregma",
  "rating": 1000,
  "private": 0,
  "password": null
}