{
  "id": "gen9championsbssregma-2581423373",
  "format": "[Gen 9 Champions] BSS Reg M-A",
  "players": [
    "MiraidonGaming",
    "skylsh6080"
  ],
  "log": "|j|\u2606MiraidonGaming\n|j|\u2606skylsh6080\n|t:|1775998920\n|gametype|singles\n|player|p1|MiraidonGaming|lucas|1000\n|player|p2|skylsh6080|lucas|1025\n|gen|9\n|tier|[Gen 9 Champions] BSS Reg M-A\n|rated|\n|rule|Species Clause: Limit one of each Pok\u00e9mon\n|rule|Item Clause: Limit 1 of each item\n|clearpoke\n|poke|p1|Ninetales-Alola, L50, F|\n|poke|p1|Charizard, L50, M|\n|poke|p1|Scizor, L50, M|\n|poke|p1|Sinistcha, L50|\n|poke|p1|Rotom-Wash, L50|\n|poke|p1|Salazzle, L50, F|\n|poke|p2|Aegislash, L50, M|\n|poke|p2|Starmie, L50|\n|poke|p2|Primarina, L50, M|\n|poke|p2|Gengar, L50, F|\n|poke|p2|Rotom-Heat, L50|\n|poke|p2|Garchomp, L50, M|\n|teampreview|3\n|\n|t:|1775998929\n|teamsize|p1|3\n|teamsize|p2|3\n|start\n|switch|p1a: Vanity?|Ninetales-Alola, L50, F|100/100\n|switch|p2a: Rotom|Rotom-Heat, L50|100/100\n|-weather|Snowscape|[from] ability: Snow Warning|[of] p1a: Vanity?\n|turn|1\n|\n|t:|1775998939\n|move|p2a: Rotom|Trick|p1a: Vanity?\n|-activate|p2a: Rotom|move: Trick|[of] p1a: Vanity?\n|-item|p1a: Vanity?|Choice Scarf|[from] move: Trick\n|-item|p2a: Rotom|Focus Sash|[from] move: Trick\n|move|p1a: Vanity?|Aurora Veil|p1a: Vanity?\n|-sidestart|p1: MiraidonGaming|move: Aurora Veil\n|\n|-weather|Snowscape|[upkeep]\n|upkeep\n|turn|2\n|\n|t:|1775998949\n|switch|p1a: Tea-hee|Sinistcha, L50|100/100\n|move|p2a: Rotom|Volt Switch|p1a: Tea-hee\n|-resisted|p1a: Tea-hee|1\n|-damage|p1a: Tea-hee|92/100\n|\n|t:|1775998960\n|switch|p2a: Starmie|Starmie, L50|100/100|[from] Volt Switch\n|\n|-weather|Snowscape|[upkeep]\n|upkeep\n|turn|3\n|inactive|Battle timer is ON: inactive players will automatically lose when time's up. (requested by skylsh6080)\n|\n|t:|1775998981\n|switch|p2a: Rotom|Rotom-Heat, L50|100/100\n|move|p1a: Tea-hee|Strength Sap|p2a: Rotom\n|-unboost|p2a: Rotom|atk|1\n|-heal|p1a: Tea-hee|100/100\n|\n|-weather|Snowscape|[upkeep]\n|upkeep\n|turn|4\n|\n|t:|1775998990\n|move|p2a: Rotom|Overheat|p1a: Tea-hee\n|-supereffective|p1a: Tea-hee|1\n|-damage|p1a: Tea-hee|65/100\n|-unboost|p2a: Rotom|spa|2\n|move|p1a: Tea-hee|Calm Mind|p1a: Tea-hee\n|-boost|p1a: Tea-hee|spa|1\n|-boost|p1a: Tea-hee|spd|1\n|\n|-weather|Snowscape|[upkeep]\n|upkeep\n|turn|5\n|\n|t:|1775998999\n|move|p2a: Rotom|Will-O-Wisp|p1a: Tea-hee|[miss]\n|-miss|p2a: Rotom|p1a: Tea-hee\n|move|p1a: Tea-hee|Strength Sap|p2a: Rotom\n|-unboost|p2a: Rotom|atk|1\n|-heal|p1a: Tea-hee|93/100\n|\n|-weather|none\n|-sideend|p1: MiraidonGaming|move: Aurora Veil\n|upkeep\n|turn|6\n|\n|t:|1775999007\n|move|p2a: Rotom|Will-O-Wisp|p1a: Tea-hee\n|-status|p1a: Tea-hee|brn\n|move|p1a: Tea-hee|Calm Mind|p1a: Tea-hee\n|-boost|p1a: Tea-hee|spa|1\n|-boost|p1a: Tea-hee|spd|1\n|\n|-damage|p1a: Tea-hee|90/100 brn|[from] brn\n|upkeep\n|turn|7\n|\n|t:|1775999018\n|move|p2a: Rotom|Trick|p1a: Tea-hee\n|-activate|p2a: Rotom|move: Trick|[of] p1a: Tea-hee\n|-item|p1a: Tea-hee|Focus Sash|[from] move: Trick\n|-item|p2a: Rotom|Sitrus Berry|[from] move: Trick\n|move|p1a: Tea-hee|Strength Sap|p2a: Rotom\n|-unboost|p2a: Rotom|atk|1\n|-heal|p1a: Tea-hee|100/100 brn\n|\n|-damage|p1a: Tea-hee|98/100 brn|[from] brn\n|upkeep\n|turn|8\n|\n|t:|1775999030\n|move|p2a: Rotom|Overheat|p1a: Tea-hee\n|-supereffective|p1a: Tea-hee|1\n|-damage|p1a: Tea-hee|80/100 brn\n|-unboost|p2a: Rotom|spa|2\n|move|p1a: Tea-hee|Calm Mind|p1a: Tea-hee\n|-boost|p1a: Tea-hee|spa|1\n|-boost|p1a: Tea-hee|spd|1\n|\n|-damage|p1a: Tea-hee|77/100 brn|[from] brn\n|upkeep\n|turn|9\n|\n|t:|1775999041\n|move|p2a: Rotom|Overheat|p1a: Tea-hee\n|-supereffective|p1a: Tea-hee|1\n|-damage|p1a: Tea-hee|67/100 brn\n|-unboost|p2a: Rotom|spa|2\n|move|p1a: Tea-hee|Strength Sap|p2a: Rotom\n|-unboost|p2a: Rotom|atk|1\n|-heal|p1a: Tea-hee|84/100 brn\n|\n|-damage|p1a: Tea-hee|81/100 brn|[from] brn\n|upkeep\n|turn|10\n|\n|t:|1775999051\n|move|p2a: Rotom|Overheat|p1a: Tea-hee\n|-supereffective|p1a: Tea-hee|1\n|-damage|p1a: Tea-hee|73/100 brn\n|move|p1a: Tea-hee|Calm Mind|p1a: Tea-hee\n|-boost|p1a: Tea-hee|spa|1\n|-boost|p1a: Tea-hee|spd|1\n|\n|-damage|p1a: Tea-hee|70/100 brn|[from] brn\n|upkeep\n|turn|11\n|\n|t:|1775999059\n|move|p2a: Rotom|Overheat|p1a: Tea-hee\n|-supereffective|p1a: Tea-hee|1\n|-damage|p1a: Tea-hee|63/100 brn\n|move|p1a: Tea-hee|Calm Mind|p1a: Tea-hee\n|-boost|p1a: Tea-hee|spa|1\n|-boost|p1a: Tea-hee|spd|1\n|\n|-damage|p1a: Tea-hee|61/100 brn|[from] brn\n|upkeep\n|turn|12\n|\n|t:|1775999066\n|move|p2a: Rotom|Overheat|p1a: Tea-hee\n|-supereffective|p1a: Tea-hee|1\n|-damage|p1a: Tea-hee|56/100 brn\n|move|p1a: Tea-hee|Strength Sap|p2a: Rotom\n|-unboost|p2a: Rotom|atk|1\n|-heal|p1a: Tea-hee|70/100 brn\n|\n|-damage|p1a: Tea-hee|67/100 brn|[from] brn\n|upkeep\n|turn|13\n|\n|t:|1775999075\n|move|p2a: Rotom|Overheat|p1a: Tea-hee\n|-supereffective|p1a: Tea-hee|1\n|-damage|p1a: Tea-hee|63/100 brn\n|move|p1a: Tea-hee|Calm Mind|p1a: Tea-hee\n|-boost|p1a: Tea-hee|spa|1\n|-boost|p1a: Tea-hee|spd|1\n|\n|-damage|p1a: Tea-hee|60/100 brn|[from] brn\n|upkeep\n|turn|14\n|\n|t:|1775999083\n|move|p2a: Rotom|Overheat|p1a: Tea-hee|[miss]\n|-miss|p2a: Rotom|p1a: Tea-hee\n|move|p1a: Tea-hee|Matcha Gotcha|p2a: Rotom\n|-resisted|p2a: Rotom|1\n|-damage|p2a: Rotom|26/100\n|-heal|p1a: Tea-hee|93/100 brn|[from] drain|[of] p2a: Rotom\n|-enditem|p2a: Rotom|Sitrus Berry|[eat]\n|-heal|p2a: Rotom|51/100|[from] item: Sitrus Berry\n|\n|-damage|p1a: Tea-hee|90/100 brn|[from] brn\n|upkeep\n|turn|15\n|\n|t:|1775999098\n|move|p2a: Rotom|Volt Switch|p1a: Tea-hee\n|-resisted|p1a: Tea-hee|1\n|-damage|p1a: Tea-hee|89/100 brn\n|\n|t:|1775999104\n|switch|p2a: Primarina|Primarina, L50, M|100/100|[from] Volt Switch\n|move|p1a: Tea-hee|Matcha Gotcha|p2a: Primarina\n|-supereffective|p2a: Primarina|1\n|-damage|p2a: Primarina|0 fnt\n|-heal|p1a: Tea-hee|100/100 brn|[from] drain|[of] p2a: Primarina\n|faint|p2a: Primarina\n|\n|-damage|p1a: Tea-hee|98/100 brn|[from] brn\n|upkeep\n|\n|t:|1775999114\n|switch|p2a: Rotom|Rotom-Heat, L50|51/100\n|turn|16\n|\n|t:|1775999120\n|move|p2a: Rotom|Will-O-Wisp|p1a: Tea-hee\n|-fail|p1a: Tea-hee|brn\n|move|p1a: Tea-hee|Matcha Gotcha|p2a: Rotom\n|-resisted|p2a: Rotom|1\n|-damage|p2a: Rotom|0 fnt\n|-heal|p1a: Tea-hee|100/100 brn|[from] drain|[of] p2a: Rotom\n|faint|p2a: Rotom\n|\n|-damage|p1a: Tea-hee|98/100 brn|[from] brn\n|upkeep\n|\n|t:|1775999130\n|switch|p2a: Starmie|Starmie, L50|100/100\n|turn|17\n|\n|t:|1775999136\n|detailschange|p2a: Starmie|Starmie-Mega, L50\n|-mega|p2a: Starmie|Starmie|Starminite\n|move|p2a: Starmie|Ice Spinner|p1a: Tea-hee\n|-supereffective|p1a: Tea-hee|1\n|-damage|p1a: Tea-hee|28/100 brn\n|move|p1a: Tea-hee|Matcha Gotcha|p2a: Starmie|[miss]\n|-miss|p1a: Tea-hee|p2a: Starmie\n|\n|-damage|p1a: Tea-hee|25/100 brn|[from] brn\n|upkeep\n|turn|18\n|\n|t:|1775999145\n|move|p2a: Starmie|Ice Spinner|p1a: Tea-hee\n|-supereffective|p1a: Tea-hee|1\n|-damage|p1a: Tea-hee|0 fnt\n|faint|p1a: Tea-hee\n|\n|upkeep\n|\n|t:|1775999149\n|switch|p1a: Vanity?|Ninetales-Alola, L50, F|100/100\n|-weather|Snowscape|[from] ability: Snow Warning|[of] p1a: Vanity?\n|turn|19\n|\n|t:|1775999154\n|move|p1a: Vanity?|Freeze-Dry|p2a: Starmie\n|-supereffective|p2a: Starmie|1\n|-damage|p2a: Starmie|35/100\n|move|p2a: Starmie|Liquidation|p1a: Vanity?\n|-damage|p1a: Vanity?|30/100\n|\n|-weather|Snowscape|[upkeep]\n|upkeep\n|turn|20\n|\n|t:|1775999161\n|move|p2a: Starmie|Aqua Jet|p1a: Vanity?\n|-damage|p1a: Vanity?|0 fnt\n|faint|p1a: Vanity?\n|\n|-weather|Snowscape|[upkeep]\n|upkeep\n|\n|t:|1775999165\n|switch|p1a: Bruce|Charizard, L50, M|100/100\n|turn|21\n|\n|t:|1775999174\n|detailschange|p1a: Bruce|Charizard-Mega-X, L50, M\n|-mega|p1a: Bruce|Charizard|Charizardite X\n|move|p2a: Starmie|Liquidation|p1a: Bruce\n|-damage|p1a: Bruce|35/100\n|move|p1a: Bruce|Dragon Dance|p1a: Bruce\n|-boost|p1a: Bruce|atk|1\n|-boost|p1a: Bruce|spe|1\n|\n|-weather|Snowscape|[upkeep]\n|upkeep\n|turn|22\n|inactive|MiraidonGaming has 30 seconds left.\n|\n|t:|1775999201\n|move|p2a: Starmie|Aqua Jet|p1a: Bruce\n|-damage|p1a: Bruce|4/100\n|move|p1a: Bruce|Breaking Swipe|p2a: Starmie\n|-damage|p2a: Starmie|0 fnt\n|faint|p2a: Starmie\n|\n|win|MiraidonGaming\n|raw|MiraidonGaming's rating: 1000 &rarr; <strong>1043</strong><br />(+43 for winning)\n|raw|skylsh6080's rating: 1025 &rarr; <strong>1010</strong><br />(-15 for losing)\n",
  "uploadtime": 1775999205,
  "views": 13,
  "formatid": "gen9championsbssregma",
  "rating": 1010,
  "private": 0,
  "password": null
}