{
  "id": "gen9championsbssregma-2583108524",
  "format": "[Gen 9 Champions] BSS Reg M-A",
  "players": [
    "BJZJS",
    "coffeineadd1ct"
  ],
  "log": "|j|\u2606BJZJS\n|j|\u2606coffeineadd1ct\n|t:|1776142973\n|gametype|singles\n|player|p1|BJZJS|2|1415\n|player|p2|coffeineadd1ct|2|1341\n|gen|9\n|tier|[Gen 9 Champions] BSS Reg M-A\n|rated|\n|rule|Species Clause: Limit one of each Pok\u00e9mon\n|rule|Item Clause: Limit 1 of each item\n|clearpoke\n|poke|p1|Meganium, L50, F|\n|poke|p1|Sneasler, L50, M|\n|poke|p1|Gyarados, L50, F|\n|poke|p1|Archaludon, L50, F|\n|poke|p1|Rotom-Heat, L50|\n|poke|p1|Mimikyu, L50, M|\n|poke|p2|Kangaskhan, L50, F|\n|poke|p2|Aegislash, L50, M|\n|poke|p2|Garchomp, L50, M|\n|poke|p2|Primarina, L50, F|\n|poke|p2|Kingambit, L50, M|\n|poke|p2|Delphox, L50, F|\n|teampreview|3\n|inactive|Battle timer is ON: inactive players will automatically lose when time's up. (requested by coffeineadd1ct)\n|inactive|BJZJS has 60 seconds left.\n|inactive|coffeineadd1ct has 60 seconds left.\n|\n|t:|1776143027\n|teamsize|p1|3\n|teamsize|p2|3\n|start\n|switch|p1a: Gyarados|Gyarados, L50, F|100/100\n|switch|p2a: Garchomp|Garchomp, L50, M|100/100\n|-ability|p1a: Gyarados|Intimidate|boost\n|-unboost|p2a: Garchomp|atk|1\n|turn|1\n|\n|t:|1776143050\n|detailschange|p1a: Gyarados|Gyarados-Mega, L50, F\n|-mega|p1a: Gyarados|Gyarados|Gyaradosite\n|-ability|p1a: Gyarados|Mold Breaker\n|move|p2a: Garchomp|Stealth Rock|p1a: Gyarados\n|-sidestart|p1: BJZJS|move: Stealth Rock\n|move|p1a: Gyarados|Dragon Dance|p1a: Gyarados\n|-boost|p1a: Gyarados|atk|1\n|-boost|p1a: Gyarados|spe|1\n|\n|upkeep\n|turn|2\n|\n|t:|1776143059\n|move|p1a: Gyarados|Waterfall|p2a: Garchomp\n|-damage|p2a: Garchomp|32/100\n|-damage|p1a: Gyarados|88/100|[from] ability: Rough Skin|[of] p2a: Garchomp\n|move|p2a: Garchomp|Rock Tomb|p1a: Gyarados\n|-damage|p1a: Gyarados|75/100\n|-unboost|p1a: Gyarados|spe|1\n|\n|upkeep\n|turn|3\n|\n|t:|1776143074\n|move|p2a: Garchomp|Scale Shot|p1a: Gyarados\n|-damage|p1a: Gyarados|67/100\n|-damage|p1a: Gyarados|58/100\n|-damage|p1a: Gyarados|49/100\n|-hitcount|p1a: Gyarados|3\n|-unboost|p2a: Garchomp|def|1\n|-boost|p2a: Garchomp|spe|1\n|move|p1a: Gyarados|Dragon Dance|p1a: Gyarados\n|-boost|p1a: Gyarados|atk|1\n|-boost|p1a: Gyarados|spe|1\n|\n|upkeep\n|turn|4\n|j| p74\n|\n|t:|1776143095\n|move|p2a: Garchomp|Rock Tomb|p1a: Gyarados\n|-damage|p1a: Gyarados|35/100\n|-unboost|p1a: Gyarados|spe|1\n|move|p1a: Gyarados|Earthquake|p2a: Garchomp\n|-damage|p2a: Garchomp|0 fnt\n|faint|p2a: Garchomp\n|\n|upkeep\n|\n|t:|1776143103\n|switch|p2a: Kangaskhan|Kangaskhan, L50, F|100/100\n|turn|5\n|\n|t:|1776143112\n|switch|p1a: Archaludon|Archaludon, L50, F|100/100\n|-damage|p1a: Archaludon|94/100|[from] Stealth Rock\n|detailschange|p2a: Kangaskhan|Kangaskhan-Mega, L50, F\n|-mega|p2a: Kangaskhan|Kangaskhan|Kangaskhanite\n|move|p2a: Kangaskhan|Earthquake|p1a: Archaludon\n|-supereffective|p1a: Archaludon|1\n|-damage|p1a: Archaludon|39/100\n|-supereffective|p1a: Archaludon|1\n|-damage|p1a: Archaludon|26/100\n|-hitcount|p1a: Archaludon|2\n|\n|upkeep\n|turn|6\n|\n|t:|1776143123\n|move|p2a: Kangaskhan|Earthquake|p1a: Archaludon\n|-supereffective|p1a: Archaludon|1\n|-damage|p1a: Archaludon|0 fnt\n|faint|p1a: Archaludon\n|-hitcount|p1: Archaludon|1\n|\n|upkeep\n|\n|t:|1776143124\n|switch|p1a: Sneasler|Sneasler, L50, M|100/100\n|-damage|p1a: Sneasler|95/100|[from] Stealth Rock\n|turn|7\n|\n|t:|1776143130\n|switch|p2a: Aegislash|Aegislash, L50, M, shiny|100/100\n|move|p1a: Sneasler|Close Combat|p2a: Aegislash\n|-immune|p2a: Aegislash\n|\n|upkeep\n|turn|8\n|\n|t:|1776143139\n|move|p1a: Sneasler|Fling|p2a: Aegislash\n|-supereffective|p2a: Aegislash|1\n|-damage|p2a: Aegislash|79/100\n|-status|p2a: Aegislash|par\n|-enditem|p1a: Sneasler|Light Ball|[from] move: Fling\n|-formechange|p2a: Aegislash|Aegislash-Blade|\n|move|p2a: Aegislash|Shadow Ball|p1a: Sneasler\n|-damage|p1a: Sneasler|30/100\n|\n|-heal|p2a: Aegislash|86/100 par|[from] item: Leftovers\n|upkeep\n|turn|9\n|\n|t:|1776143153\n|-formechange|p2a: Aegislash|Aegislash|\n|move|p2a: Aegislash|King's Shield|p2a: Aegislash\n|-singleturn|p2a: Aegislash|Protect\n|move|p1a: Sneasler|Taunt|p2a: Aegislash\n|-start|p2a: Aegislash|move: Taunt\n|\n|-heal|p2a: Aegislash|92/100 par|[from] item: Leftovers\n|upkeep\n|turn|10\n|\n|t:|1776143170\n|move|p1a: Sneasler|Dire Claw|p2a: Aegislash\n|-immune|p2a: Aegislash\n|-formechange|p2a: Aegislash|Aegislash-Blade|\n|move|p2a: Aegislash|Close Combat|p1a: Sneasler\n|-resisted|p1a: Sneasler|1\n|-damage|p1a: Sneasler|0 fnt\n|-unboost|p2a: Aegislash|def|1\n|-unboost|p2a: Aegislash|spd|1\n|faint|p1a: Sneasler\n|\n|-heal|p2a: Aegislash|98/100 par|[from] item: Leftovers\n|upkeep\n|\n|t:|1776143172\n|switch|p1a: Gyarados|Gyarados-Mega, L50, F|35/100\n|-damage|p1a: Gyarados|23/100|[from] Stealth Rock\n|-ability|p1a: Gyarados|Mold Breaker\n|turn|11\n|\n|t:|1776143184\n|move|p1a: Gyarados|Dragon Dance|p1a: Gyarados\n|-boost|p1a: Gyarados|atk|1\n|-boost|p1a: Gyarados|spe|1\n|move|p2a: Aegislash|Close Combat|p1a: Gyarados\n|-supereffective|p1a: Gyarados|1\n|-damage|p1a: Gyarados|0 fnt\n|-unboost|p2a: Aegislash|def|1\n|-unboost|p2a: Aegislash|spd|1\n|faint|p1a: Gyarados\n|\n|win|coffeineadd1ct\n|raw|BJZJS's rating: 1415 &rarr; <strong>1391</strong><br />(-24 for losing)\n|raw|coffeineadd1ct's rating: 1341 &rarr; <strong>1365</strong><br />(+24 for winning)\n|l|\u2606BJZJS\n|player|p1|\n|l|\u2606coffeineadd1ct\n|player|p2|\n",
  "uploadtime": 1776143250,
  "views": 5,
  "formatid": "gen9championsbssregma",
  "rating": 1365,
  "private": 0,
  "password": null
}