{
  "id": "gen9championsbssregma-2581148896",
  "format": "[Gen 9 Champions] BSS Reg M-A",
  "players": [
    "CloudWatcherTian",
    "snuffie"
  ],
  "log": "|j|\u2606CloudWatcherTian\n|j|\u2606snuffie\n|t:|1775964593\n|gametype|singles\n|player|p1|CloudWatcherTian|birdkeeper|1086\n|player|p2|snuffie|169|1000\n|gen|9\n|tier|[Gen 9 Champions] BSS Reg M-A\n|rated|\n|rule|Species Clause: Limit one of each Pok\u00e9mon\n|rule|Item Clause: Limit 1 of each item\n|clearpoke\n|poke|p1|Sneasler, L50, F|\n|poke|p1|Gyarados, L50, M|\n|poke|p1|Incineroar, L50, F|\n|poke|p1|Gliscor, L50, M|\n|poke|p1|Bellibolt, L50, F|\n|poke|p1|Mamoswine, L50, M|\n|poke|p2|Golurk, L50|\n|poke|p2|Farigiraf, L50, M|\n|poke|p2|Incineroar, L50, F|\n|poke|p2|Torkoal, L50, M|\n|poke|p2|Sneasler, L50, M|\n|poke|p2|Venusaur, L50, F|\n|teampreview|3\n|c|\u2606CloudWatcherTian|Welcome, glhf!\n|c|\u2606snuffie|Thanks, you too\n|\n|t:|1775964637\n|teamsize|p1|3\n|teamsize|p2|3\n|start\n|switch|p1a: Igarashi|Gyarados, L50, M, shiny|100/100\n|switch|p2a: Golurk|Golurk, L50|100/100\n|-ability|p1a: Igarashi|Intimidate|boost\n|-unboost|p2a: Golurk|atk|1\n|turn|1\n|\n|t:|1775964645\n|switch|p2a: Torkoal|Torkoal, L50, M|100/100\n|-weather|SunnyDay|[from] ability: Drought|[of] p2a: Torkoal\n|detailschange|p1a: Igarashi|Gyarados-Mega, L50, M, shiny\n|-mega|p1a: Igarashi|Gyarados|Gyaradosite\n|-ability|p1a: Igarashi|Mold Breaker\n|move|p1a: Igarashi|Scale Shot|p2a: Torkoal\n|-damage|p2a: Torkoal|92/100\n|-damage|p2a: Torkoal|84/100\n|-damage|p2a: Torkoal|75/100\n|-hitcount|p2a: Torkoal|3\n|-unboost|p1a: Igarashi|def|1\n|-boost|p1a: Igarashi|spe|1\n|\n|-weather|SunnyDay|[upkeep]\n|upkeep\n|turn|2\n|\n|t:|1775964661\n|move|p1a: Igarashi|Earthquake|p2a: Torkoal\n|-supereffective|p2a: Torkoal|1\n|-damage|p2a: Torkoal|14/100\n|move|p2a: Torkoal|Heat Wave|p1a: Igarashi\n|-resisted|p1a: Igarashi|1\n|-damage|p1a: Igarashi|80/100\n|-status|p1a: Igarashi|brn\n|\n|-weather|SunnyDay|[upkeep]\n|-damage|p1a: Igarashi|74/100 brn|[from] brn\n|upkeep\n|turn|3\n|\n|t:|1775964671\n|switch|p2a: Venusaur|Venusaur, L50, F|100/100\n|move|p1a: Igarashi|Earthquake|p2a: Venusaur\n|-damage|p2a: Venusaur|75/100\n|\n|-weather|SunnyDay|[upkeep]\n|-damage|p1a: Igarashi|68/100 brn|[from] brn\n|upkeep\n|turn|4\n|\n|t:|1775964680\n|move|p2a: Venusaur|Sludge Bomb|p1a: Igarashi\n|-damage|p1a: Igarashi|37/100 brn\n|move|p1a: Igarashi|Crunch|p2a: Venusaur\n|-crit|p2a: Venusaur\n|-damage|p2a: Venusaur|28/100\n|\n|-weather|SunnyDay|[upkeep]\n|-damage|p1a: Igarashi|31/100 brn|[from] brn\n|upkeep\n|turn|5\n|\n|t:|1775964698\n|move|p2a: Venusaur|Sludge Bomb|p1a: Igarashi\n|-damage|p1a: Igarashi|0 fnt\n|faint|p1a: Igarashi\n|\n|-weather|none\n|upkeep\n|\n|t:|1775964712\n|switch|p1a: Kazuya|Incineroar, L50, F, shiny|100/100\n|-ability|p1a: Kazuya|Intimidate|boost\n|-unboost|p2a: Venusaur|atk|1\n|turn|6\n|\n|t:|1775964718\n|switch|p2a: Torkoal|Torkoal, L50, M|14/100\n|-weather|SunnyDay|[from] ability: Drought|[of] p2a: Torkoal\n|move|p1a: Kazuya|Darkest Lariat|p2a: Torkoal\n|-damage|p2a: Torkoal|0 fnt\n|faint|p2a: Torkoal\n|\n|-weather|SunnyDay|[upkeep]\n|upkeep\n|\n|t:|1775964726\n|switch|p2a: Golurk|Golurk, L50|100/100\n|turn|7\n|c|\u2606CloudWatcherTian|Hmm...\n|\n|t:|1775964771\n|detailschange|p2a: Golurk|Golurk-Mega, L50\n|-mega|p2a: Golurk|Golurk|Golurkite\n|move|p1a: Kazuya|Darkest Lariat|p2a: Golurk\n|-supereffective|p2a: Golurk|1\n|-damage|p2a: Golurk|22/100\n|move|p2a: Golurk|Headlong Rush|p1a: Kazuya\n|-supereffective|p1a: Kazuya|1\n|-damage|p1a: Kazuya|0 fnt\n|-unboost|p2a: Golurk|def|1\n|-unboost|p2a: Golurk|spd|1\n|faint|p1a: Kazuya\n|\n|-weather|SunnyDay|[upkeep]\n|upkeep\n|\n|t:|1775964781\n|switch|p1a: Sasha|Sneasler, L50, F, shiny|100/100\n|turn|8\n|\n|t:|1775964786\n|move|p2a: Golurk|Protect|p2a: Golurk\n|-singleturn|p2a: Golurk|Protect\n|move|p1a: Sasha|Dire Claw|p2a: Golurk\n|-activate|p2a: Golurk|move: Protect\n|\n|-weather|SunnyDay|[upkeep]\n|upkeep\n|turn|9\n|\n|t:|1775964796\n|move|p1a: Sasha|Dire Claw|p2a: Golurk\n|-resisted|p2a: Golurk|2\n|-damage|p2a: Golurk|5/100\n|move|p2a: Golurk|Headlong Rush|p1a: Sasha\n|-supereffective|p1a: Sasha|1\n|-enditem|p1a: Sasha|Focus Sash\n|-damage|p1a: Sasha|1/100\n|-unboost|p2a: Golurk|def|1\n|-unboost|p2a: Golurk|spd|1\n|\n|-weather|SunnyDay|[upkeep]\n|upkeep\n|turn|10\n|\n|t:|1775964808\n|move|p1a: Sasha|Dire Claw|p2a: Golurk\n|-resisted|p2a: Golurk|2\n|-damage|p2a: Golurk|0 fnt\n|faint|p2a: Golurk\n|\n|-weather|none\n|upkeep\n|\n|t:|1775964813\n|switch|p2a: Venusaur|Venusaur, L50, F|28/100\n|turn|11\n|\n|t:|1775964819\n|move|p1a: Sasha|Dire Claw|p2a: Venusaur\n|-damage|p2a: Venusaur|0 fnt\n|faint|p2a: Venusaur\n|\n|win|CloudWatcherTian\n|raw|CloudWatcherTian's rating: 1086 &rarr; <strong>1107</strong><br />(+21 for winning)\n|raw|snuffie's rating: 1000 &rarr; <strong>1000</strong><br />(+0 for losing)\n|c|\u2606snuffie|gg\n|c|\u2606CloudWatcherTian|GG!\n|l|\u2606snuffie\n|player|p2|\n|c|\u2606CloudWatcherTian|Very close match!\n",
  "uploadtime": 1775964834,
  "views": 12,
  "formatid": "gen9championsbssregma",
  "rating": 1000,
  "private": 0,
  "password": null
}