{
  "id": "gen9championsbssregma-2588027141",
  "format": "[Gen 9 Champions] BSS Reg M-A",
  "players": [
    "WormStepper",
    "adfsdfsdfsdaf"
  ],
  "log": "|j|\u2606WormStepper\n|j|\u2606adfsdfsdfsdaf\n|t:|1776594903\n|gametype|singles\n|player|p1|WormStepper|steven-masters4|1047\n|player|p2|adfsdfsdfsdaf|2|1040\n|gen|9\n|tier|[Gen 9 Champions] BSS Reg M-A\n|rated|\n|rule|Species Clause: Limit one of each Pok\u00e9mon\n|rule|Item Clause: Limit 1 of each item\n|clearpoke\n|poke|p1|Zoroark-Hisui, L50, F|\n|poke|p1|Slowking-Galar, L50, M|\n|poke|p1|Meowscarada, L50, F|\n|poke|p1|Tyranitar, L50, M|\n|poke|p1|Kommo-o, L50, M|\n|poke|p1|Hawlucha, L50, F|\n|poke|p2|Feraligatr, L50, M|\n|poke|p2|Aegislash, L50, F|\n|poke|p2|Garchomp, L50, F|\n|poke|p2|Rotom-Heat, L50|\n|poke|p2|Venusaur, L50, M|\n|poke|p2|Clefable, L50, M|\n|teampreview|3\n|inactive|Battle timer is ON: inactive players will automatically lose when time's up. (requested by WormStepper)\n|inactive|WormStepper has 60 seconds left.\n|\n|t:|1776594944\n|teamsize|p1|3\n|teamsize|p2|3\n|start\n|switch|p1a: Hawlucha|Hawlucha, L50, F|100/100\n|switch|p2a: Feraligatr|Feraligatr, L50, M|100/100\n|turn|1\n|\n|t:|1776594953\n|detailschange|p2a: Feraligatr|Feraligatr-Mega, L50, M\n|-mega|p2a: Feraligatr|Feraligatr|Feraligite\n|move|p1a: Hawlucha|Bitter Malice|p2a: Feraligatr\n|-damage|p2a: Feraligatr|59/100\n|-unboost|p2a: Feraligatr|atk|1\n|move|p2a: Feraligatr|Dragon Dance|p2a: Feraligatr\n|-boost|p2a: Feraligatr|atk|1\n|-boost|p2a: Feraligatr|spe|1\n|\n|upkeep\n|turn|2\n|\n|t:|1776594975\n|move|p1a: Hawlucha|Bitter Malice|p2a: Feraligatr\n|-damage|p2a: Feraligatr|23/100\n|-unboost|p2a: Feraligatr|atk|1\n|move|p2a: Feraligatr|Dragon Dance|p2a: Feraligatr\n|-boost|p2a: Feraligatr|atk|1\n|-boost|p2a: Feraligatr|spe|1\n|\n|upkeep\n|turn|3\n|\n|t:|1776594979\n|move|p2a: Feraligatr|Thrash|p1a: Hawlucha\n|-enditem|p1a: Hawlucha|Focus Sash\n|-damage|p1a: Hawlucha|1/100\n|replace|p1a: Zoroark|Zoroark-Hisui, L50, F\n|-end|p1a: Zoroark|Illusion\n|move|p1a: Zoroark|Bitter Malice|p2a: Feraligatr\n|-damage|p2a: Feraligatr|0 fnt\n|faint|p2a: Feraligatr\n|\n|upkeep\n|\n|t:|1776594986\n|switch|p2a: Clefable|Clefable, L50, M|100/100\n|turn|4\n|\n|t:|1776594989\n|move|p1a: Zoroark|Taunt|p2a: Clefable\n|-start|p2a: Clefable|move: Taunt\n|move|p2a: Clefable|Moonblast|p1a: Zoroark\n|-damage|p1a: Zoroark|0 fnt\n|faint|p1a: Zoroark\n|\n|upkeep\n|\n|t:|1776594992\n|switch|p1a: Meowscarada|Meowscarada, L50, F|100/100\n|turn|5\n|\n|t:|1776595002\n|move|p1a: Meowscarada|Flower Trick|p2a: Clefable\n|-start|p1a: Meowscarada|typechange|Grass|[from] ability: Protean\n|-crit|p2a: Clefable\n|-damage|p2a: Clefable|50/100\n|-enditem|p2a: Clefable|Sitrus Berry|[eat]\n|-heal|p2a: Clefable|74/100|[from] item: Sitrus Berry\n|move|p2a: Clefable|Moonblast|p1a: Meowscarada\n|-damage|p1a: Meowscarada|41/100\n|\n|upkeep\n|turn|6\n|\n|t:|1776595008\n|move|p1a: Meowscarada|Flower Trick|p2a: Clefable\n|-crit|p2a: Clefable\n|-damage|p2a: Clefable|24/100\n|move|p2a: Clefable|Moonblast|p1a: Meowscarada\n|-damage|p1a: Meowscarada|0 fnt\n|faint|p1a: Meowscarada\n|\n|-end|p2a: Clefable|move: Taunt\n|upkeep\n|\n|t:|1776595010\n|switch|p1a: Hawlucha|Hawlucha, L50, F|100/100\n|turn|7\n|\n|t:|1776595014\n|detailschange|p1a: Hawlucha|Hawlucha-Mega, L50, F\n|-mega|p1a: Hawlucha|Hawlucha|Hawluchanite\n|move|p1a: Hawlucha|Dual Wingbeat|p2a: Clefable\n|-damage|p2a: Clefable|4/100\n|-damage|p2a: Clefable|0 fnt\n|faint|p2a: Clefable\n|-hitcount|p2: Clefable|2\n|\n|upkeep\n|\n|t:|1776595018\n|switch|p2a: Aegislash|Aegislash, L50, F|100/100\n|turn|8\n|\n|t:|1776595022\n|move|p1a: Hawlucha|Dual Wingbeat|p2a: Aegislash\n|-resisted|p2a: Aegislash|1\n|-damage|p2a: Aegislash|92/100\n|-resisted|p2a: Aegislash|1\n|-damage|p2a: Aegislash|83/100\n|-hitcount|p2a: Aegislash|2\n|-formechange|p2a: Aegislash|Aegislash-Blade|\n|move|p2a: Aegislash|Shadow Ball|p1a: Hawlucha\n|-damage|p1a: Hawlucha|42/100\n|\n|-heal|p2a: Aegislash|89/100|[from] item: Leftovers\n|upkeep\n|turn|9\n|\n|t:|1776595028\n|move|p1a: Hawlucha|Swords Dance|p1a: Hawlucha\n|-boost|p1a: Hawlucha|atk|2\n|move|p2a: Aegislash|Shadow Ball|p1a: Hawlucha\n|-damage|p1a: Hawlucha|0 fnt\n|faint|p1a: Hawlucha\n|\n|win|adfsdfsdfsdaf\n|raw|WormStepper's rating: 1047 &rarr; <strong>1030</strong><br />(-17 for losing)\n|raw|adfsdfsdfsdaf's rating: 1040 &rarr; <strong>1075</strong><br />(+35 for winning)\n|l|\u2606WormStepper\n|player|p1|\n",
  "uploadtime": 1776595030,
  "views": 1,
  "formatid": "gen9championsbssregma",
  "rating": 1030,
  "private": 0,
  "password": null
}