{
  "id": "gen9championsbssregma-2588140596",
  "format": "[Gen 9 Champions] BSS Reg M-A",
  "players": [
    "hwido",
    "joguri"
  ],
  "log": "|j|\u2606hwido\n|j|\u2606joguri\n|t:|1776608438\n|gametype|singles\n|player|p1|hwido|101|1040\n|player|p2|joguri|dawn|1133\n|gen|9\n|tier|[Gen 9 Champions] BSS Reg M-A\n|rated|\n|rule|Species Clause: Limit one of each Pok\u00e9mon\n|rule|Item Clause: Limit 1 of each item\n|clearpoke\n|poke|p1|Delphox, L50, F, shiny|\n|poke|p1|Corviknight, L50, F, shiny|\n|poke|p1|Lopunny, L50, F, shiny|\n|poke|p1|Garchomp, L50, F, shiny|\n|poke|p1|Primarina, L50, F, shiny|\n|poke|p1|Mimikyu, L50, F, shiny|\n|poke|p2|Clefable, L50, F|\n|poke|p2|Espathra, L50, M|\n|poke|p2|Charizard, L50, F|\n|poke|p2|Hippowdon, L50, F|\n|poke|p2|Rotom-Wash, L50, shiny|\n|poke|p2|Garchomp, L50, F|\n|teampreview|3\n|inactive|Battle timer is ON: inactive players will automatically lose when time's up. (requested by joguri)\n|inactive|hwido has 60 seconds left.\n|\n|t:|1776608537\n|teamsize|p1|3\n|teamsize|p2|3\n|start\n|switch|p1a: Lopunny|Lopunny, L50, F, shiny|100/100\n|switch|p2a: Hamadon|Hippowdon, L50, F|100/100\n|-weather|Sandstorm|[from] ability: Sand Stream|[of] p2a: Hamadon\n|turn|1\n|\n|t:|1776608553\n|detailschange|p1a: Lopunny|Lopunny-Mega, L50, F, shiny\n|-mega|p1a: Lopunny|Lopunny|Lopunnite\n|move|p1a: Lopunny|U-turn|p2a: Hamadon\n|-damage|p2a: Hamadon|83/100\n|\n|t:|1776608560\n|switch|p1a: Primarina|Primarina, L50, F, shiny|100/100|[from] U-turn\n|move|p2a: Hamadon|Stealth Rock|p1a: Primarina\n|-sidestart|p1: hwido|move: Stealth Rock\n|\n|-weather|Sandstorm|[upkeep]\n|-damage|p1a: Primarina|95/100|[from] Sandstorm\n|upkeep\n|turn|2\n|\n|t:|1776608578\n|move|p1a: Primarina|Sparkling Aria|p2a: Hamadon\n|-supereffective|p2a: Hamadon|1\n|-damage|p2a: Hamadon|0 fnt\n|faint|p2a: Hamadon\n|\n|-weather|Sandstorm|[upkeep]\n|-damage|p1a: Primarina|89/100|[from] Sandstorm\n|upkeep\n|\n|t:|1776608586\n|switch|p2a: Espathra|Espathra, L50, M|100/100\n|turn|3\n|\n|t:|1776608598\n|move|p2a: Espathra|Calm Mind|p2a: Espathra\n|-boost|p2a: Espathra|spa|1\n|-boost|p2a: Espathra|spd|1\n|move|p1a: Primarina|Sparkling Aria|p2a: Espathra\n|-damage|p2a: Espathra|55/100\n|\n|-weather|Sandstorm|[upkeep]\n|-damage|p2a: Espathra|50/100|[from] Sandstorm\n|-damage|p1a: Primarina|83/100|[from] Sandstorm\n|-heal|p2a: Espathra|55/100|[from] item: Leftovers\n|-ability|p2a: Espathra|Speed Boost|boost\n|-boost|p2a: Espathra|spe|1\n|upkeep\n|turn|4\n|\n|t:|1776608615\n|move|p2a: Espathra|Calm Mind|p2a: Espathra\n|-boost|p2a: Espathra|spa|1\n|-boost|p2a: Espathra|spd|1\n|move|p1a: Primarina|Encore|p2a: Espathra\n|-start|p2a: Espathra|Encore\n|\n|-weather|Sandstorm|[upkeep]\n|-damage|p2a: Espathra|50/100|[from] Sandstorm\n|-damage|p1a: Primarina|77/100|[from] Sandstorm\n|-heal|p2a: Espathra|55/100|[from] item: Leftovers\n|-ability|p2a: Espathra|Speed Boost|boost\n|-boost|p2a: Espathra|spe|1\n|upkeep\n|turn|5\n|inactive|hwido has 30 seconds left.\n|inactive|hwido has 20 seconds left.\n|\n|t:|1776608651\n|move|p2a: Espathra|Calm Mind|p2a: Espathra\n|-boost|p2a: Espathra|spa|1\n|-boost|p2a: Espathra|spd|1\n|move|p1a: Primarina|Flip Turn|p2a: Espathra\n|-damage|p2a: Espathra|43/100\n|\n|t:|1776608657\n|switch|p1a: Lopunny|Lopunny-Mega, L50, F, shiny|100/100|[from] Flip Turn\n|-damage|p1a: Lopunny|95/100|[from] Stealth Rock\n|\n|-weather|none\n|-heal|p2a: Espathra|49/100|[from] item: Leftovers\n|-ability|p2a: Espathra|Speed Boost|boost\n|-boost|p2a: Espathra|spe|1\n|upkeep\n|turn|6\n|\n|t:|1776608670\n|switch|p2a: Clefable|Clefable, L50, F|100/100\n|move|p1a: Lopunny|Fake Out|p2a: Clefable\n|-damage|p2a: Clefable|84/100\n|\n|upkeep\n|turn|7\n|\n|t:|1776608687\n|move|p1a: Lopunny|U-turn|p2a: Clefable\n|-resisted|p2a: Clefable|1\n|-damage|p2a: Clefable|73/100\n|\n|t:|1776608693\n|switch|p1a: Primarina|Primarina, L50, F, shiny|77/100|[from] U-turn\n|-damage|p1a: Primarina|65/100|[from] Stealth Rock\n|move|p2a: Clefable|Cosmic Power|p2a: Clefable\n|-boost|p2a: Clefable|def|1\n|-boost|p2a: Clefable|spd|1\n|\n|upkeep\n|turn|8\n|\n|t:|1776608704\n|move|p1a: Primarina|Encore|p2a: Clefable\n|-start|p2a: Clefable|Encore\n|move|p2a: Clefable|Cosmic Power|p2a: Clefable\n|-boost|p2a: Clefable|def|1\n|-boost|p2a: Clefable|spd|1\n|\n|upkeep\n|turn|9\n|\n|t:|1776608710\n|move|p1a: Primarina|Flip Turn|p2a: Clefable\n|-damage|p2a: Clefable|67/100\n|\n|t:|1776608713\n|switch|p1a: Garchomp|Garchomp, L50, F, shiny|100/100|[from] Flip Turn\n|-damage|p1a: Garchomp|94/100|[from] Stealth Rock\n|move|p2a: Clefable|Cosmic Power|p2a: Clefable\n|-boost|p2a: Clefable|def|1\n|-boost|p2a: Clefable|spd|1\n|\n|upkeep\n|turn|10\n|\n|t:|1776608730\n|move|p1a: Garchomp|Poison Jab|p2a: Clefable\n|-supereffective|p2a: Clefable|1\n|-damage|p2a: Clefable|50/100\n|move|p2a: Clefable|Cosmic Power|p2a: Clefable\n|-boost|p2a: Clefable|def|1\n|-boost|p2a: Clefable|spd|1\n|\n|-end|p2a: Clefable|Encore\n|upkeep\n|turn|11\n|\n|t:|1776608745\n|switch|p1a: Primarina|Primarina, L50, F, shiny|65/100\n|-damage|p1a: Primarina|52/100|[from] Stealth Rock\n|move|p2a: Clefable|Moonlight|p2a: Clefable\n|-heal|p2a: Clefable|99/100\n|\n|upkeep\n|turn|12\n|\n|t:|1776608760\n|detailschange|p2a: Clefable|Clefable-Mega, L50, F\n|-mega|p2a: Clefable|Clefable|Clefablite\n|move|p2a: Clefable|Cosmic Power|p2a: Clefable\n|-boost|p2a: Clefable|def|1\n|-boost|p2a: Clefable|spd|1\n|move|p1a: Primarina|Sparkling Aria|p2a: Clefable\n|-damage|p2a: Clefable|88/100\n|\n|upkeep\n|turn|13\n|\n|t:|1776608771\n|move|p2a: Clefable|Stored Power|p1a: Primarina\n|-damage|p1a: Primarina|0 fnt\n|faint|p1a: Primarina\n|\n|upkeep\n|\n|t:|1776608783\n|switch|p1a: Lopunny|Lopunny-Mega, L50, F, shiny|95/100\n|-damage|p1a: Lopunny|89/100|[from] Stealth Rock\n|turn|14\n|\n|t:|1776608790\n|move|p1a: Lopunny|Fake Out|p2a: Clefable\n|-damage|p2a: Clefable|83/100\n|cant|p2a: Clefable|flinch\n|\n|upkeep\n|turn|15\n|\n|t:|1776608802\n|move|p1a: Lopunny|Close Combat|p2a: Clefable\n|-resisted|p2a: Clefable|2\n|-damage|p2a: Clefable|80/100\n|-unboost|p1a: Lopunny|def|1\n|-unboost|p1a: Lopunny|spd|1\n|move|p2a: Clefable|Stored Power|p1a: Lopunny\n|-supereffective|p1a: Lopunny|1\n|-damage|p1a: Lopunny|0 fnt\n|faint|p1a: Lopunny\n|\n|upkeep\n|\n|t:|1776608812\n|switch|p1a: Garchomp|Garchomp, L50, F, shiny|94/100\n|-damage|p1a: Garchomp|88/100|[from] Stealth Rock\n|turn|16\n|\n|t:|1776608817\n|move|p1a: Garchomp|Poison Jab|p2a: Clefable\n|-supereffective|p2a: Clefable|1\n|-crit|p2a: Clefable\n|-damage|p2a: Clefable|26/100\n|move|p2a: Clefable|Stored Power|p1a: Garchomp\n|-damage|p1a: Garchomp|17/100\n|\n|upkeep\n|turn|17\n|\n|t:|1776608834\n|move|p1a: Garchomp|Poison Jab|p2a: Clefable\n|-supereffective|p2a: Clefable|1\n|-damage|p2a: Clefable|15/100\n|-status|p2a: Clefable|psn\n|move|p2a: Clefable|Stored Power|p1a: Garchomp\n|-damage|p1a: Garchomp|0 fnt\n|faint|p1a: Garchomp\n|\n|win|joguri\n|raw|hwido's rating: 1040 &rarr; <strong>1028</strong><br />(-12 for losing)\n|raw|joguri's rating: 1133 &rarr; <strong>1151</strong><br />(+18 for winning)\n",
  "uploadtime": 1776608842,
  "views": 1,
  "formatid": "gen9championsbssregma",
  "rating": 1028,
  "private": 0,
  "password": null
}