{
  "id": "gen9championsbssregma-2580473457",
  "format": "[Gen 9 Champions] BSS Reg M-A",
  "players": [
    "horyzon434",
    "Inciniroarrr"
  ],
  "log": "|j|\u2606horyzon434\n|j|\u2606Inciniroarrr\n|t:|1775901807\n|gametype|singles\n|player|p1|horyzon434|2|1044\n|player|p2|Inciniroarrr|170|1154\n|gen|9\n|tier|[Gen 9 Champions] BSS Reg M-A\n|rated|\n|rule|Species Clause: Limit one of each Pok\u00e9mon\n|rule|Item Clause: Limit 1 of each item\n|clearpoke\n|poke|p1|Excadrill, L50, F|\n|poke|p1|Clefable, L50, M|\n|poke|p1|Glimmora, L50, F|\n|poke|p1|Tyranitar, L50, F|\n|poke|p1|Ceruledge, L50, M|\n|poke|p1|Araquanid, L50, F|\n|poke|p2|Venusaur, L50, M|\n|poke|p2|Snorlax, L50, M|\n|poke|p2|Slowbro, L50, F|\n|poke|p2|Garchomp, L50, M|\n|poke|p2|Kingambit, L50, M|\n|poke|p2|Dragapult, L50, F|\n|teampreview|3\n|inactive|Battle timer is ON: inactive players will automatically lose when time's up. (requested by horyzon434)\n|inactive|horyzon434 has 60 seconds left.\n|inactive|Inciniroarrr has 60 seconds left.\n|\n|t:|1775901849\n|teamsize|p1|3\n|teamsize|p2|3\n|start\n|switch|p1a: Clefable|Clefable, L50, M, shiny|100/100\n|switch|p2a: Venusaur|Venusaur, L50, M|100/100\n|turn|1\n|\n|t:|1775901856\n|detailschange|p2a: Venusaur|Venusaur-Mega, L50, M\n|-mega|p2a: Venusaur|Venusaur|Venusaurite\n|detailschange|p1a: Clefable|Clefable-Mega, L50, M, shiny\n|-mega|p1a: Clefable|Clefable|Clefablite\n|move|p2a: Venusaur|Sludge Bomb|p1a: Clefable\n|-supereffective|p1a: Clefable|1\n|-damage|p1a: Clefable|30/100\n|move|p1a: Clefable|Calm Mind|p1a: Clefable\n|-boost|p1a: Clefable|spa|1\n|-boost|p1a: Clefable|spd|1\n|\n|upkeep\n|turn|2\n|\n|t:|1775901870\n|switch|p1a: Tyranitar|Tyranitar, L50, F|100/100\n|-weather|Sandstorm|[from] ability: Sand Stream|[of] p1a: Tyranitar\n|move|p2a: Venusaur|Sludge Bomb|p1a: Tyranitar\n|-resisted|p1a: Tyranitar|1\n|-damage|p1a: Tyranitar|87/100\n|\n|-weather|Sandstorm|[upkeep]\n|-damage|p2a: Venusaur|95/100|[from] Sandstorm\n|upkeep\n|turn|3\n|\n|t:|1775901886\n|move|p1a: Tyranitar|Ice Punch|p2a: Venusaur\n|-supereffective|p2a: Venusaur|1\n|-damage|p2a: Venusaur|74/100\n|move|p2a: Venusaur|Leech Seed|p1a: Tyranitar\n|-start|p1a: Tyranitar|move: Leech Seed\n|\n|-weather|Sandstorm|[upkeep]\n|-damage|p2a: Venusaur|68/100|[from] Sandstorm\n|-damage|p1a: Tyranitar|75/100|[from] Leech Seed|[of] p2a: Venusaur\n|-heal|p2a: Venusaur|80/100|[silent]\n|upkeep\n|turn|4\n|\n|t:|1775901895\n|switch|p1a: Ceruledge|Ceruledge, L50, M|100/100\n|move|p2a: Venusaur|Earth Power|p1a: Ceruledge\n|-supereffective|p1a: Ceruledge|1\n|-damage|p1a: Ceruledge|40/100\n|\n|-weather|Sandstorm|[upkeep]\n|-damage|p1a: Ceruledge|34/100|[from] Sandstorm\n|-damage|p2a: Venusaur|74/100|[from] Sandstorm\n|upkeep\n|turn|5\n|\n|t:|1775901906\n|move|p1a: Ceruledge|Bitter Blade|p2a: Venusaur\n|-supereffective|p2a: Venusaur|1\n|-damage|p2a: Venusaur|41/100\n|-heal|p1a: Ceruledge|54/100|[from] drain|[of] p2a: Venusaur\n|move|p2a: Venusaur|Earth Power|p1a: Ceruledge\n|-supereffective|p1a: Ceruledge|1\n|-damage|p1a: Ceruledge|0 fnt\n|faint|p1a: Ceruledge\n|\n|-weather|Sandstorm|[upkeep]\n|-damage|p2a: Venusaur|35/100|[from] Sandstorm\n|upkeep\n|\n|t:|1775901917\n|switch|p1a: Tyranitar|Tyranitar, L50, F|75/100\n|turn|6\n|\n|t:|1775901922\n|move|p1a: Tyranitar|Ice Punch|p2a: Venusaur\n|-supereffective|p2a: Venusaur|1\n|-damage|p2a: Venusaur|14/100\n|move|p2a: Venusaur|Synthesis|p2a: Venusaur\n|-heal|p2a: Venusaur|40/100\n|\n|-weather|none\n|upkeep\n|turn|7\n|\n|t:|1775901928\n|move|p1a: Tyranitar|Ice Punch|p2a: Venusaur\n|-supereffective|p2a: Venusaur|1\n|-damage|p2a: Venusaur|19/100\n|move|p2a: Venusaur|Synthesis|p2a: Venusaur\n|-heal|p2a: Venusaur|69/100\n|\n|upkeep\n|turn|8\n|\n|t:|1775901935\n|move|p1a: Tyranitar|Ice Punch|p2a: Venusaur\n|-supereffective|p2a: Venusaur|1\n|-damage|p2a: Venusaur|49/100\n|move|p2a: Venusaur|Leech Seed|p1a: Tyranitar\n|-start|p1a: Tyranitar|move: Leech Seed\n|\n|-damage|p1a: Tyranitar|63/100|[from] Leech Seed|[of] p2a: Venusaur\n|-heal|p2a: Venusaur|60/100|[silent]\n|upkeep\n|turn|9\n|\n|t:|1775901944\n|move|p1a: Tyranitar|Ice Punch|p2a: Venusaur\n|-supereffective|p2a: Venusaur|1\n|-damage|p2a: Venusaur|38/100\n|move|p2a: Venusaur|Synthesis|p2a: Venusaur\n|-heal|p2a: Venusaur|88/100\n|\n|-damage|p1a: Tyranitar|51/100|[from] Leech Seed|[of] p2a: Venusaur\n|-heal|p2a: Venusaur|99/100|[silent]\n|upkeep\n|turn|10\n|-message|horyzon434 forfeited.\n|\n|win|Inciniroarrr\n|raw|horyzon434's rating: 1044 &rarr; <strong>1032</strong><br />(-12 for losing)\n|raw|Inciniroarrr's rating: 1154 &rarr; <strong>1171</strong><br />(+17 for winning)\n|l|\u2606horyzon434\n|player|p1|\n",
  "uploadtime": 1775901954,
  "views": 29,
  "formatid": "gen9championsbssregma",
  "rating": 1032,
  "private": 0,
  "password": null
}