{
  "id": "gen9championsbssregma-2587908168",
  "format": "[Gen 9 Champions] BSS Reg M-A",
  "players": [
    "anov",
    "SazanJon_635"
  ],
  "log": "|j|\u2606anov\n|j|\u2606SazanJon_635\n|t:|1776577517\n|gametype|singles\n|player|p1|anov|rosa|1140\n|player|p2|SazanJon_635|ghetsis|1036\n|gen|9\n|tier|[Gen 9 Champions] BSS Reg M-A\n|rated|\n|rule|Species Clause: Limit one of each Pok\u00e9mon\n|rule|Item Clause: Limit 1 of each item\n|clearpoke\n|poke|p1|Charizard, L50, M|\n|poke|p1|Floette-Eternal, L50, F|\n|poke|p1|Araquanid, L50, M|\n|poke|p1|Toxapex, L50, F|\n|poke|p1|Hippowdon, L50, M|\n|poke|p1|Kingambit, L50, M|\n|poke|p2|Meganium, L50, F|\n|poke|p2|Slowking-Galar, L50, M|\n|poke|p2|Pelipper, L50, F|\n|poke|p2|Rotom-Wash, L50|\n|poke|p2|Basculegion-F, L50, F|\n|poke|p2|Skeledirge, L50, M|\n|teampreview|3\n|\n|t:|1776577539\n|teamsize|p1|3\n|teamsize|p2|3\n|start\n|switch|p1a: Araquanid|Araquanid, L50, M|100/100\n|switch|p2a: King Julien|Slowking-Galar, L50, M|100/100\n|turn|1\n|\n|t:|1776577548\n|move|p1a: Araquanid|Sticky Web|p2a: King Julien\n|-sidestart|p2: SazanJon_635|move: Sticky Web\n|move|p2a: King Julien|Acid Spray|p1a: Araquanid\n|-damage|p1a: Araquanid|90/100\n|-unboost|p1a: Araquanid|spd|2\n|\n|upkeep\n|turn|2\n|\n|t:|1776577557\n|move|p1a: Araquanid|Bug Bite|p2a: King Julien\n|-damage|p2a: King Julien|84/100\n|-enditem|p2a: King Julien|Sitrus Berry|[from] stealeat|[move] Bug Bite|[of] p1a: Araquanid\n|-heal|p1a: Araquanid|100/100|[from] item: Sitrus Berry\n|move|p2a: King Julien|Sludge Bomb|p1a: Araquanid\n|-damage|p1a: Araquanid|59/100\n|-status|p1a: Araquanid|psn\n|\n|-damage|p1a: Araquanid|47/100 psn|[from] psn\n|upkeep\n|turn|3\n|\n|t:|1776577570\n|move|p1a: Araquanid|Endeavor|p2a: King Julien\n|-damage|p2a: King Julien|41/100\n|move|p2a: King Julien|Acid Spray|p1a: Araquanid\n|-damage|p1a: Araquanid|26/100 psn\n|-unboost|p1a: Araquanid|spd|2\n|\n|-damage|p1a: Araquanid|14/100 psn|[from] psn\n|upkeep\n|turn|4\n|\n|t:|1776577580\n|switch|p2a: Rinse Cycle|Rotom-Wash, L50|100/100\n|move|p1a: Araquanid|Endeavor|p2a: Rinse Cycle\n|-damage|p2a: Rinse Cycle|15/100\n|\n|-damage|p1a: Araquanid|2/100 psn|[from] psn\n|upkeep\n|turn|5\n|\n|t:|1776577590\n|move|p2a: Rinse Cycle|Volt Switch|p1a: Araquanid\n|-supereffective|p1a: Araquanid|1\n|-damage|p1a: Araquanid|0 fnt\n|faint|p1a: Araquanid\n|\n|t:|1776577595\n|switch|p2a: King Julien|Slowking-Galar, L50, M|74/100|[from] Volt Switch\n|-activate|p2a: King Julien|move: Sticky Web\n|-unboost|p2a: King Julien|spe|1\n|\n|upkeep\n|\n|t:|1776577601\n|switch|p1a: Charizard|Charizard, L50, M|100/100\n|turn|6\n|\n|t:|1776577608\n|detailschange|p1a: Charizard|Charizard-Mega-X, L50, M\n|-mega|p1a: Charizard|Charizard|Charizardite X\n|move|p1a: Charizard|Dragon Dance|p1a: Charizard\n|-boost|p1a: Charizard|atk|1\n|-boost|p1a: Charizard|spe|1\n|move|p2a: King Julien|Acid Spray|p1a: Charizard\n|-damage|p1a: Charizard|80/100\n|-unboost|p1a: Charizard|spd|2\n|\n|upkeep\n|turn|7\n|\n|t:|1776577618\n|move|p1a: Charizard|Earthquake|p2a: King Julien\n|-supereffective|p2a: King Julien|1\n|-damage|p2a: King Julien|0 fnt\n|faint|p2a: King Julien\n|\n|upkeep\n|\n|t:|1776577623\n|switch|p2a: Sakura Petals|Meganium, L50, F|100/100\n|-activate|p2a: Sakura Petals|move: Sticky Web\n|-unboost|p2a: Sakura Petals|spe|1\n|turn|8\n|\n|t:|1776577630\n|detailschange|p2a: Sakura Petals|Meganium-Mega, L50, F\n|-mega|p2a: Sakura Petals|Meganium|Meganiumite\n|move|p1a: Charizard|Flare Blitz|p2a: Sakura Petals\n|-supereffective|p2a: Sakura Petals|1\n|-damage|p2a: Sakura Petals|0 fnt\n|faint|p2a: Sakura Petals\n|-damage|p1a: Charizard|47/100|[from] Recoil\n|\n|upkeep\n|\n|t:|1776577638\n|switch|p2a: Rinse Cycle|Rotom-Wash, L50|15/100\n|turn|9\n|\n|t:|1776577642\n|move|p1a: Charizard|Dragon Claw|p2a: Rinse Cycle\n|-damage|p2a: Rinse Cycle|0 fnt\n|faint|p2a: Rinse Cycle\n|\n|win|anov\n|raw|anov's rating: 1140 &rarr; <strong>1158</strong><br />(+18 for winning)\n|raw|SazanJon_635's rating: 1036 &rarr; <strong>1025</strong><br />(-11 for losing)\n|l|\u2606SazanJon_635\n|player|p2|\n",
  "uploadtime": 1776577651,
  "views": 8,
  "formatid": "gen9championsbssregma",
  "rating": 1025,
  "private": 0,
  "password": null
}