{
  "id": "gen9championsbssregma-2587188666",
  "format": "[Gen 9 Champions] BSS Reg M-A",
  "players": [
    "pgupp",
    "Aver9"
  ],
  "log": "|j|\u2606pgupp\n|j|\u2606Aver9\n|t:|1776506352\n|gametype|singles\n|player|p1|pgupp|2|1364\n|player|p2|Aver9|2|1353\n|gen|9\n|tier|[Gen 9 Champions] BSS Reg M-A\n|rated|\n|rule|Species Clause: Limit one of each Pok\u00e9mon\n|rule|Item Clause: Limit 1 of each item\n|clearpoke\n|poke|p1|Basculegion, L50, M|\n|poke|p1|Kangaskhan, L50, F|\n|poke|p1|Mimikyu, L50, F|\n|poke|p1|Meowscarada, L50, M|\n|poke|p1|Primarina, L50, F|\n|poke|p1|Garchomp, L50, F|\n|poke|p2|Pelipper, L50, M|\n|poke|p2|Dragonite, L50, F|\n|poke|p2|Basculegion, L50, M|\n|poke|p2|Glimmora, L50, M|\n|poke|p2|Aegislash, L50, F|\n|poke|p2|Meganium, L50, F|\n|teampreview|3\n|j| p74\n|\n|t:|1776506393\n|teamsize|p1|3\n|teamsize|p2|3\n|start\n|switch|p1a: Meowscarada|Meowscarada, L50, M|100/100\n|switch|p2a: Glimmora|Glimmora, L50, M|100/100\n|turn|1\n|\n|t:|1776506415\n|switch|p1a: Kangaskhan|Kangaskhan, L50, F|100/100\n|move|p2a: Glimmora|Mud Shot|p1a: Kangaskhan\n|-damage|p1a: Kangaskhan|79/100\n|-unboost|p1a: Kangaskhan|spe|1\n|\n|upkeep\n|turn|2\n|\n|t:|1776506422\n|detailschange|p1a: Kangaskhan|Kangaskhan-Mega, L50, F\n|-mega|p1a: Kangaskhan|Kangaskhan|Kangaskhanite\n|move|p2a: Glimmora|Stealth Rock|p1a: Kangaskhan\n|-sidestart|p1: pgupp|move: Stealth Rock\n|move|p1a: Kangaskhan|Earthquake|p2a: Glimmora\n|-supereffective|p2a: Glimmora|2\n|-enditem|p2a: Glimmora|Focus Sash\n|-damage|p2a: Glimmora|1/100\n|-activate|p2a: Glimmora|ability: Toxic Debris\n|-sidestart|p1: pgupp|move: Toxic Spikes\n|-supereffective|p2a: Glimmora|2\n|-damage|p2a: Glimmora|0 fnt\n|-activate|p2a: Glimmora|ability: Toxic Debris\n|-sidestart|p1: pgupp|move: Toxic Spikes\n|faint|p2a: Glimmora\n|-hitcount|p2: Glimmora|2\n|\n|upkeep\n|\n|t:|1776506432\n|switch|p2a: Meganium|Meganium, L50, F|100/100\n|turn|3\n|\n|t:|1776506442\n|detailschange|p2a: Meganium|Meganium-Mega, L50, F\n|-mega|p2a: Meganium|Meganium|Meganiumite\n|move|p2a: Meganium|Weather Ball|p1a: Kangaskhan\n|-damage|p1a: Kangaskhan|21/100\n|move|p1a: Kangaskhan|Double-Edge|p2a: Meganium\n|-damage|p2a: Meganium|45/100\n|-damage|p2a: Meganium|33/100\n|-hitcount|p2a: Meganium|2\n|-damage|p1a: Kangaskhan|0 fnt|[from] Recoil\n|faint|p1a: Kangaskhan\n|\n|upkeep\n|\n|t:|1776506452\n|switch|p1a: Meowscarada|Meowscarada, L50, M|100/100\n|-damage|p1a: Meowscarada|88/100|[from] Stealth Rock\n|-status|p1a: Meowscarada|tox\n|-enditem|p1a: Meowscarada|Lum Berry|[eat]\n|-curestatus|p1a: Meowscarada|tox|[msg]\n|turn|4\n|\n|t:|1776506459\n|switch|p2a: Basculegion|Basculegion, L50, M|100/100\n|move|p1a: Meowscarada|Triple Axel|p2a: Basculegion\n|-start|p1a: Meowscarada|typechange|Ice|[from] ability: Protean\n|-resisted|p2a: Basculegion|1\n|-damage|p2a: Basculegion|94/100\n|-resisted|p2a: Basculegion|1\n|-damage|p2a: Basculegion|80/100\n|-resisted|p2a: Basculegion|1\n|-damage|p2a: Basculegion|61/100\n|-hitcount|p2a: Basculegion|3\n|\n|upkeep\n|turn|5\n|\n|t:|1776506469\n|move|p1a: Meowscarada|Sucker Punch|p2a: Basculegion\n|-supereffective|p2a: Basculegion|1\n|-damage|p2a: Basculegion|5/100\n|move|p2a: Basculegion|Last Respects|p1a: Meowscarada\n|-damage|p1a: Meowscarada|0 fnt\n|faint|p1a: Meowscarada\n|\n|upkeep\n|\n|t:|1776506475\n|switch|p1a: Mimikyu|Mimikyu, L50, F|100/100\n|-damage|p1a: Mimikyu|88/100|[from] Stealth Rock\n|-status|p1a: Mimikyu|tox\n|turn|6\n|\n|t:|1776506478\n|move|p1a: Mimikyu|Shadow Sneak|p2a: Basculegion\n|-supereffective|p2a: Basculegion|1\n|-damage|p2a: Basculegion|0 fnt\n|faint|p2a: Basculegion\n|\n|-damage|p1a: Mimikyu|82/100 tox|[from] psn\n|upkeep\n|\n|t:|1776506480\n|switch|p2a: Meganium|Meganium-Mega, L50, F|33/100\n|turn|7\n|\n|t:|1776506487\n|move|p1a: Mimikyu|Shadow Claw|p2a: Meganium\n|-damage|p2a: Meganium|0 fnt\n|faint|p2a: Meganium\n|\n|win|pgupp\n|raw|pgupp's rating: 1364 &rarr; <strong>1383</strong><br />(+19 for winning)\n|raw|Aver9's rating: 1353 &rarr; <strong>1334</strong><br />(-19 for losing)\n|l|\u2606pgupp\n|player|p1|\n|l|\u2606Aver9\n|player|p2|\n",
  "uploadtime": 1776506536,
  "views": 2,
  "formatid": "gen9championsbssregma",
  "rating": 1334,
  "private": 0,
  "password": null
}