{
  "id": "gen9championsbssregma-2585435644",
  "format": "[Gen 9 Champions] BSS Reg M-A",
  "players": [
    "BBBkty",
    "sunyichen"
  ],
  "log": "|j|\u2606BBBkty\n|j|\u2606sunyichen\n|t:|1776347128\n|gametype|singles\n|player|p1|BBBkty|265|1181\n|player|p2|sunyichen|caitlin|1085\n|gen|9\n|tier|[Gen 9 Champions] BSS Reg M-A\n|rated|\n|rule|Species Clause: Limit one of each Pok\u00e9mon\n|rule|Item Clause: Limit 1 of each item\n|clearpoke\n|poke|p1|Dragapult, L50, F|\n|poke|p1|Alakazam, L50, F|\n|poke|p1|Azumarill, L50, M|\n|poke|p1|Clefable, L50, F|\n|poke|p1|Espathra, L50, F|\n|poke|p1|Glimmora, L50, M|\n|poke|p2|Ditto, L50|\n|poke|p2|Garchomp, L50, M|\n|poke|p2|Kingambit, L50, M|\n|poke|p2|Charizard, L50, F|\n|poke|p2|Greninja-*, L50, M|\n|poke|p2|Meowscarada, L50, F|\n|teampreview|3\n|inactive|Battle timer is ON: inactive players will automatically lose when time's up. (requested by BBBkty)\n|\n|t:|1776347146\n|teamsize|p1|3\n|teamsize|p2|3\n|start\n|switch|p1a: Glimmora|Glimmora, L50, M|100/100\n|switch|p2a: Garchomp|Garchomp, L50, M|100/100\n|turn|1\n|\n|t:|1776347159\n|move|p2a: Garchomp|Stealth Rock|p1a: Glimmora\n|-sidestart|p1: BBBkty|move: Stealth Rock\n|move|p1a: Glimmora|Stealth Rock|p2a: Garchomp\n|-sidestart|p2: sunyichen|move: Stealth Rock\n|\n|upkeep\n|turn|2\n|inactive|BBBkty has 30 seconds left.\n|inactive|BBBkty has 20 seconds left.\n|\n|t:|1776347198\n|move|p2a: Garchomp|Earthquake|p1a: Glimmora\n|-supereffective|p1a: Glimmora|2\n|-crit|p1a: Glimmora\n|-enditem|p1a: Glimmora|Focus Sash\n|-damage|p1a: Glimmora|1/100\n|-activate|p1a: Glimmora|ability: Toxic Debris\n|-sidestart|p2: sunyichen|move: Toxic Spikes\n|move|p1a: Glimmora|Mortal Spin|p2a: Garchomp\n|-resisted|p2a: Garchomp|1\n|-damage|p2a: Garchomp|98/100\n|-status|p2a: Garchomp|psn\n|-damage|p1a: Glimmora|0 fnt|[from] ability: Rough Skin|[of] p2a: Garchomp\n|-sideend|p1: BBBkty|Stealth Rock|[from] move: Mortal Spin|[of] p1a: Glimmora\n|faint|p1a: Glimmora\n|\n|-damage|p2a: Garchomp|86/100 psn|[from] psn\n|upkeep\n|\n|t:|1776347213\n|switch|p1a: Espathra|Espathra, L50, F, shiny|100/100\n|turn|3\n|\n|t:|1776347217\n|move|p1a: Espathra|Calm Mind|p1a: Espathra\n|-boost|p1a: Espathra|spa|1\n|-boost|p1a: Espathra|spd|1\n|move|p2a: Garchomp|Stealth Rock|p1a: Espathra\n|-sidestart|p1: BBBkty|move: Stealth Rock\n|\n|-damage|p2a: Garchomp|74/100 psn|[from] psn\n|-ability|p1a: Espathra|Speed Boost|boost\n|-boost|p1a: Espathra|spe|1\n|upkeep\n|turn|4\n|\n|t:|1776347233\n|move|p1a: Espathra|Protect|p1a: Espathra\n|-singleturn|p1a: Espathra|Protect\n|move|p2a: Garchomp|Dragon Tail|p1a: Espathra\n|-activate|p1a: Espathra|move: Protect\n|\n|-damage|p2a: Garchomp|62/100 psn|[from] psn\n|-ability|p1a: Espathra|Speed Boost|boost\n|-boost|p1a: Espathra|spe|1\n|upkeep\n|turn|5\n|\n|t:|1776347242\n|move|p1a: Espathra|Baton Pass|p1a: Espathra\n|\n|t:|1776347245\n|switch|p1a: Clefable|Clefable, L50, F, shiny|100/100|[from] Baton Pass\n|-damage|p1a: Clefable|88/100|[from] Stealth Rock\n|move|p2a: Garchomp|Spikes|p1a: Clefable\n|-sidestart|p1: BBBkty|Spikes\n|\n|-damage|p2a: Garchomp|50/100 psn|[from] psn\n|upkeep\n|turn|6\n|\n|t:|1776347260\n|detailschange|p1a: Clefable|Clefable-Mega, L50, F, shiny\n|-mega|p1a: Clefable|Clefable|Clefablite\n|move|p1a: Clefable|Cosmic Power|p1a: Clefable\n|-boost|p1a: Clefable|def|1\n|-boost|p1a: Clefable|spd|1\n|move|p2a: Garchomp|Earthquake|p1a: Clefable\n|-immune|p1a: Clefable\n|\n|-damage|p2a: Garchomp|38/100 psn|[from] psn\n|upkeep\n|turn|7\n|\n|t:|1776347270\n|switch|p2a: Kingambit|Kingambit, L50, M|100/100\n|-damage|p2a: Kingambit|95/100|[from] Stealth Rock\n|move|p1a: Clefable|Cosmic Power|p1a: Clefable\n|-boost|p1a: Clefable|def|1\n|-boost|p1a: Clefable|spd|1\n|\n|upkeep\n|turn|8\n|\n|t:|1776347281\n|move|p1a: Clefable|Cosmic Power|p1a: Clefable\n|-boost|p1a: Clefable|def|1\n|-boost|p1a: Clefable|spd|1\n|move|p2a: Kingambit|Iron Head|p1a: Clefable\n|-supereffective|p1a: Clefable|1\n|-damage|p1a: Clefable|57/100\n|\n|upkeep\n|turn|9\n|\n|t:|1776347291\n|move|p1a: Clefable|Moonlight|p1a: Clefable\n|-heal|p1a: Clefable|100/100\n|move|p2a: Kingambit|Iron Head|p1a: Clefable\n|-supereffective|p1a: Clefable|1\n|-damage|p1a: Clefable|66/100\n|\n|upkeep\n|turn|10\n|\n|t:|1776347297\n|move|p1a: Clefable|Cosmic Power|p1a: Clefable\n|-boost|p1a: Clefable|def|1\n|-boost|p1a: Clefable|spd|1\n|move|p2a: Kingambit|Swords Dance|p2a: Kingambit\n|-boost|p2a: Kingambit|atk|2\n|\n|upkeep\n|turn|11\n|\n|t:|1776347307\n|move|p1a: Clefable|Moonblast|p2a: Kingambit\n|-damage|p2a: Kingambit|34/100\n|move|p2a: Kingambit|Iron Head|p1a: Clefable\n|-supereffective|p1a: Clefable|1\n|-crit|p1a: Clefable\n|-damage|p1a: Clefable|0 fnt\n|faint|p1a: Clefable\n|\n|upkeep\n|-message|BBBkty forfeited.\n|\n|win|sunyichen\n|raw|BBBkty's rating: 1181 &rarr; <strong>1149</strong><br />(-32 for losing)\n|raw|sunyichen's rating: 1085 &rarr; <strong>1120</strong><br />(+35 for winning)\n|l|\u2606BBBkty\n|player|p1|\n",
  "uploadtime": 1776347318,
  "views": 5,
  "formatid": "gen9championsbssregma",
  "rating": 1120,
  "private": 0,
  "password": null
}