{
  "id": "gen9championsbssregma-2588834458",
  "format": "[Gen 9 Champions] BSS Reg M-A",
  "players": [
    "mirrza",
    "haya7taka"
  ],
  "log": "|j|\u2606mirrza\n|j|\u2606haya7taka\n|t:|1776676570\n|gametype|singles\n|player|p1|mirrza|saturn|1115\n|player|p2|haya7taka|265|1130\n|gen|9\n|tier|[Gen 9 Champions] BSS Reg M-A\n|rated|\n|rule|Species Clause: Limit one of each Pok\u00e9mon\n|rule|Item Clause: Limit 1 of each item\n|clearpoke\n|poke|p1|Maushold-Four, L50|\n|poke|p1|Quaquaval, L50, M|\n|poke|p1|Glimmora, L50, F|\n|poke|p1|Meowscarada, L50, M|\n|poke|p1|Dragonite, L50, M|\n|poke|p1|Incineroar, L50, M|\n|poke|p2|Gyarados, L50, M|\n|poke|p2|Greninja, L50, F|\n|poke|p2|Mimikyu, L50, F|\n|poke|p2|Tinkaton, L50, F|\n|poke|p2|Lucario, L50, M|\n|poke|p2|Volcarona, L50, F|\n|teampreview|3\n|inactive|Battle timer is ON: inactive players will automatically lose when time's up. (requested by mirrza)\n|inactive|mirrza has 60 seconds left.\n|inactive|haya7taka has 60 seconds left.\n|\n|t:|1776676609\n|teamsize|p1|3\n|teamsize|p2|3\n|start\n|switch|p1a: Incineroar|Incineroar, L50, M|100/100\n|switch|p2a: Tinkaton|Tinkaton, L50, F|100/100\n|-ability|p2a: Tinkaton|Mold Breaker\n|-ability|p1a: Incineroar|Intimidate|boost\n|-unboost|p2a: Tinkaton|atk|1\n|turn|1\n|\n|t:|1776676629\n|switch|p1a: Maushold|Maushold-Four, L50|100/100\n|move|p2a: Tinkaton|Stealth Rock|p1a: Maushold\n|-sidestart|p1: mirrza|move: Stealth Rock\n|\n|upkeep\n|turn|2\n|\n|t:|1776676635\n|move|p1a: Maushold|Encore|p2a: Tinkaton\n|-start|p2a: Tinkaton|Encore\n|move|p2a: Tinkaton|Stealth Rock||[still]\n|-fail|p2a: Tinkaton\n|\n|upkeep\n|turn|3\n|\n|t:|1776676642\n|switch|p2a: Mimikyu|Mimikyu, L50, F|100/100\n|move|p1a: Maushold|Tidy Up|p1a: Maushold\n|-sideend|p1: mirrza|Stealth Rock\n|-activate|p1a: Maushold|move: Tidy Up\n|-boost|p1a: Maushold|atk|1\n|-boost|p1a: Maushold|spe|1\n|\n|upkeep\n|turn|4\n|\n|t:|1776676651\n|move|p1a: Maushold|Bite|p2a: Mimikyu\n|-activate|p2a: Mimikyu|ability: Disguise\n|-damage|p2a: Mimikyu|100/100\n|detailschange|p2a: Mimikyu|Mimikyu-Busted, L50, F\n|-damage|p2a: Mimikyu|88/100|[from] pokemon: Mimikyu-Busted\n|move|p2a: Mimikyu|Play Rough|p1a: Maushold\n|-damage|p1a: Maushold|32/100\n|\n|upkeep\n|turn|5\n|\n|t:|1776676661\n|move|p1a: Maushold|Bite|p2a: Mimikyu\n|-damage|p2a: Mimikyu|37/100\n|cant|p2a: Mimikyu|flinch\n|\n|upkeep\n|turn|6\n|\n|t:|1776676669\n|switch|p2a: Tinkaton|Tinkaton, L50, F|100/100\n|-ability|p2a: Tinkaton|Mold Breaker\n|move|p1a: Maushold|Bite|p2a: Tinkaton\n|-resisted|p2a: Tinkaton|1\n|-damage|p2a: Tinkaton|83/100\n|\n|upkeep\n|turn|7\n|\n|t:|1776676678\n|move|p1a: Maushold|Population Bomb|p2a: Tinkaton\n|-resisted|p2a: Tinkaton|1\n|-damage|p2a: Tinkaton|73/100\n|-hitcount|p2a: Tinkaton|1\n|move|p2a: Tinkaton|Gigaton Hammer|p1a: Maushold\n|-damage|p1a: Maushold|0 fnt\n|faint|p1a: Maushold\n|\n|upkeep\n|\n|t:|1776676686\n|switch|p1a: Quaquaval|Quaquaval, L50, M|100/100\n|turn|8\n|\n|t:|1776676691\n|move|p2a: Tinkaton|Rock Tomb|p1a: Quaquaval\n|-resisted|p1a: Quaquaval|1\n|-damage|p1a: Quaquaval|92/100\n|-unboost|p1a: Quaquaval|spe|1\n|move|p1a: Quaquaval|Aqua Step|p2a: Tinkaton\n|-damage|p2a: Tinkaton|9/100\n|-boost|p1a: Quaquaval|spe|1\n|\n|upkeep\n|turn|9\n|\n|t:|1776676704\n|move|p2a: Tinkaton|Encore|p1a: Quaquaval\n|-start|p1a: Quaquaval|Encore\n|move|p1a: Quaquaval|Aqua Step|p2a: Tinkaton\n|-damage|p2a: Tinkaton|0 fnt\n|-boost|p1a: Quaquaval|spe|1\n|faint|p2a: Tinkaton\n|-ability|p1a: Quaquaval|Moxie|boost\n|-boost|p1a: Quaquaval|atk|1\n|\n|upkeep\n|\n|t:|1776676713\n|switch|p2a: Gyarados|Gyarados, L50, M|100/100\n|-ability|p2a: Gyarados|Intimidate|boost\n|-unboost|p1a: Quaquaval|atk|1\n|turn|10\n|\n|t:|1776676722\n|move|p1a: Quaquaval|Aqua Step|p2a: Gyarados\n|-resisted|p2a: Gyarados|1\n|-damage|p2a: Gyarados|67/100\n|-boost|p1a: Quaquaval|spe|1\n|move|p2a: Gyarados|Earthquake|p1a: Quaquaval\n|-damage|p1a: Quaquaval|45/100\n|\n|upkeep\n|turn|11\n|\n|t:|1776676745\n|detailschange|p2a: Gyarados|Gyarados-Mega, L50, M\n|-mega|p2a: Gyarados|Gyarados|Gyaradosite\n|-ability|p2a: Gyarados|Mold Breaker\n|move|p1a: Quaquaval|Aqua Step|p2a: Gyarados\n|-resisted|p2a: Gyarados|1\n|-damage|p2a: Gyarados|44/100\n|-boost|p1a: Quaquaval|spe|1\n|move|p2a: Gyarados|Earthquake|p1a: Quaquaval\n|-damage|p1a: Quaquaval|0 fnt\n|faint|p1a: Quaquaval\n|\n|upkeep\n|\n|t:|1776676755\n|switch|p1a: Incineroar|Incineroar, L50, M|100/100\n|-ability|p1a: Incineroar|Intimidate|boost\n|-unboost|p2a: Gyarados|atk|1\n|turn|12\n|\n|t:|1776676760\n|move|p2a: Gyarados|Earthquake|p1a: Incineroar\n|-supereffective|p1a: Incineroar|1\n|-damage|p1a: Incineroar|45/100\n|-enditem|p1a: Incineroar|Sitrus Berry|[eat]\n|-heal|p1a: Incineroar|70/100|[from] item: Sitrus Berry\n|move|p1a: Incineroar|Close Combat|p2a: Gyarados\n|-supereffective|p2a: Gyarados|1\n|-damage|p2a: Gyarados|0 fnt\n|-unboost|p1a: Incineroar|def|1\n|-unboost|p1a: Incineroar|spd|1\n|faint|p2a: Gyarados\n|\n|upkeep\n|\n|t:|1776676772\n|switch|p2a: Mimikyu|Mimikyu-Busted, L50, F|37/100\n|turn|13\n|\n|t:|1776676776\n|move|p2a: Mimikyu|Play Rough|p1a: Incineroar\n|-damage|p1a: Incineroar|15/100\n|move|p1a: Incineroar|Flare Blitz|p2a: Mimikyu\n|-damage|p2a: Mimikyu|0 fnt\n|faint|p2a: Mimikyu\n|-damage|p1a: Incineroar|7/100|[from] Recoil\n|\n|win|mirrza\n|raw|mirrza's rating: 1115 &rarr; <strong>1141</strong><br />(+26 for winning)\n|raw|haya7taka's rating: 1130 &rarr; <strong>1104</strong><br />(-26 for losing)\n|l|\u2606haya7taka\n|player|p2|\n",
  "uploadtime": 1776676787,
  "views": 2,
  "formatid": "gen9championsbssregma",
  "rating": 1104,
  "private": 0,
  "password": null
}