{
  "id": "gen9championsbssregma-2584062378",
  "format": "[Gen 9 Champions] BSS Reg M-A",
  "players": [
    "rbm5942",
    "Blastfury0614"
  ],
  "log": "|j|\u2606rbm5942\n|j|\u2606Blastfury0614\n|t:|1776221358\n|gametype|singles\n|player|p1|rbm5942|1|1256\n|player|p2|Blastfury0614|red-masters3|1226\n|gen|9\n|tier|[Gen 9 Champions] BSS Reg M-A\n|rated|\n|rule|Species Clause: Limit one of each Pok\u00e9mon\n|rule|Item Clause: Limit 1 of each item\n|clearpoke\n|poke|p1|Sneasler, L50, M|\n|poke|p1|Gengar, L50, M|\n|poke|p1|Corviknight, L50, F|\n|poke|p1|Primarina, L50, M|\n|poke|p1|Hippowdon, L50, F|\n|poke|p1|Hydreigon, L50, F|\n|poke|p2|Pelipper, L50, M|\n|poke|p2|Meganium, L50, F|\n|poke|p2|Greninja-*, L50, F|\n|poke|p2|Basculegion, L50, M|\n|poke|p2|Archaludon, L50, F|\n|poke|p2|Sneasler, L50, M|\n|teampreview|3\n|inactive|Battle timer is ON: inactive players will automatically lose when time's up. (requested by Blastfury0614)\n|\n|t:|1776221388\n|teamsize|p1|3\n|teamsize|p2|3\n|start\n|switch|p1a: Hydreigon|Hydreigon, L50, F|100/100\n|switch|p2a: Meganium|Meganium, L50, F|100/100\n|turn|1\n|\n|t:|1776221405\n|detailschange|p2a: Meganium|Meganium-Mega, L50, F\n|-mega|p2a: Meganium|Meganium|Meganiumite\n|move|p1a: Hydreigon|U-turn|p2a: Meganium\n|-damage|p2a: Meganium|87/100\n|j| p74\n|inactive|rbm5942 has 30 seconds left.\n|\n|t:|1776221430\n|switch|p1a: Corviknight|Corviknight, L50, F|100/100|[from] U-turn\n|-ability|p1a: Corviknight|Pressure\n|move|p2a: Meganium|Weather Ball|p1a: Corviknight\n|-supereffective|p1a: Corviknight|1\n|-damage|p1a: Corviknight|13/100\n|\n|-heal|p1a: Corviknight|19/100|[from] item: Leftovers\n|upkeep\n|turn|2\n|inactive|Blastfury0614 has 30 seconds left.\n|inactive|Blastfury0614 has 20 seconds left.\n|inactive|Blastfury0614 has 15 seconds left.\n|inactive|Blastfury0614 has 10 seconds left.\n|\n|t:|1776221479\n|move|p2a: Meganium|Weather Ball|p1a: Corviknight\n|-supereffective|p1a: Corviknight|1\n|-damage|p1a: Corviknight|0 fnt\n|faint|p1a: Corviknight\n|\n|upkeep\n|\n|t:|1776221481\n|switch|p1a: Sneasler|Sneasler, L50, M|100/100\n|turn|3\n|\n|t:|1776221485\n|switch|p2a: Pelipper|Pelipper, L50, M|100/100\n|-weather|RainDance|[from] ability: Drizzle|[of] p2a: Pelipper\n|move|p1a: Sneasler|Dire Claw|p2a: Pelipper\n|-damage|p2a: Pelipper|44/100\n|\n|-weather|RainDance|[upkeep]\n|upkeep\n|turn|4\n|\n|t:|1776221491\n|move|p2a: Pelipper|Hurricane|p1a: Sneasler\n|-supereffective|p1a: Sneasler|1\n|-enditem|p1a: Sneasler|Focus Sash\n|-damage|p1a: Sneasler|1/100\n|move|p1a: Sneasler|Dire Claw|p2a: Pelipper\n|-damage|p2a: Pelipper|0 fnt\n|faint|p2a: Pelipper\n|\n|-weather|RainDance|[upkeep]\n|upkeep\n|\n|t:|1776221497\n|switch|p2a: Basculegion|Basculegion, L50, M|100/100\n|turn|5\n|\n|t:|1776221502\n|move|p2a: Basculegion|Aqua Jet|p1a: Sneasler\n|-damage|p1a: Sneasler|0 fnt\n|faint|p1a: Sneasler\n|\n|-weather|RainDance|[upkeep]\n|upkeep\n|\n|t:|1776221505\n|switch|p1a: Hydreigon|Hydreigon, L50, F|100/100\n|turn|6\n|\n|t:|1776221514\n|move|p2a: Basculegion|Wave Crash|p1a: Hydreigon\n|-resisted|p1a: Hydreigon|1\n|-damage|p1a: Hydreigon|40/100\n|-damage|p2a: Basculegion|83/100|[from] Recoil\n|move|p1a: Hydreigon|Flash Cannon|p2a: Basculegion\n|-resisted|p2a: Basculegion|1\n|-damage|p2a: Basculegion|68/100\n|\n|-weather|RainDance|[upkeep]\n|upkeep\n|turn|7\n|-message|rbm5942 forfeited.\n|\n|win|Blastfury0614\n|raw|rbm5942's rating: 1256 &rarr; <strong>1229</strong><br />(-27 for losing)\n|raw|Blastfury0614's rating: 1226 &rarr; <strong>1253</strong><br />(+27 for winning)\n|l|\u2606rbm5942\n|player|p1|\n|l|\u2606Blastfury0614\n|player|p2|\n",
  "uploadtime": 1776221700,
  "views": 1,
  "formatid": "gen9championsbssregma",
  "rating": 1229,
  "private": 0,
  "password": null
}