{
  "id": "gen9championsbssregma-2587992160",
  "format": "[Gen 9 Champions] BSS Reg M-A",
  "players": [
    "peko877",
    "Fulgurotek"
  ],
  "log": "|j|\u2606peko877\n|j|\u2606Fulgurotek\n|t:|1776589871\n|gametype|singles\n|player|p1|peko877|iono|1380\n|player|p2|Fulgurotek|1|1360\n|gen|9\n|tier|[Gen 9 Champions] BSS Reg M-A\n|rated|\n|rule|Species Clause: Limit one of each Pok\u00e9mon\n|rule|Item Clause: Limit 1 of each item\n|clearpoke\n|poke|p1|Greninja, L50, M, shiny|\n|poke|p1|Corviknight, L50, M, shiny|\n|poke|p1|Garchomp, L50, M, shiny|\n|poke|p1|Zoroark-Hisui, L50, M, shiny|\n|poke|p1|Venusaur, L50, M, shiny|\n|poke|p1|Bellibolt, L50, M, shiny|\n|poke|p2|Banette, L50, F|\n|poke|p2|Gyarados, L50, M|\n|poke|p2|Glimmora, L50, F|\n|poke|p2|Hatterene, L50, F|\n|poke|p2|Zoroark-Hisui, L50, F|\n|poke|p2|Garchomp, L50, M|\n|teampreview|3\n|inactive|Battle timer is ON: inactive players will automatically lose when time's up. (requested by peko877)\n|inactive|Fulgurotek has 60 seconds left.\n|\n|t:|1776589912\n|teamsize|p1|3\n|teamsize|p2|3\n|start\n|switch|p1a: Venusaur|Venusaur, L50, M, shiny|100/100\n|switch|p2a: Glimmora|Glimmora, L50, F|100/100\n|turn|1\n|\n|t:|1776589919\n|detailschange|p1a: Venusaur|Venusaur-Mega, L50, M, shiny\n|-mega|p1a: Venusaur|Venusaur|Venusaurite\n|move|p2a: Glimmora|Sludge Wave|p1a: Venusaur\n|-damage|p1a: Venusaur|68/100\n|move|p1a: Venusaur|Earth Power|p2a: Glimmora\n|-supereffective|p2a: Glimmora|2\n|-enditem|p2a: Glimmora|Focus Sash\n|-damage|p2a: Glimmora|1/100\n|\n|upkeep\n|turn|2\n|\n|t:|1776589925\n|move|p2a: Glimmora|Sludge Wave|p1a: Venusaur\n|-damage|p1a: Venusaur|34/100\n|move|p1a: Venusaur|Giga Drain|p2a: Glimmora\n|-damage|p2a: Glimmora|0 fnt\n|-heal|p1a: Venusaur|35/100|[from] drain|[of] p2a: Glimmora\n|faint|p2a: Glimmora\n|\n|upkeep\n|\n|t:|1776589930\n|switch|p2a: Gyarados|Gyarados, L50, M|100/100\n|-ability|p2a: Gyarados|Intimidate|boost\n|-unboost|p1a: Venusaur|atk|1\n|turn|3\n|\n|t:|1776589946\n|detailschange|p2a: Gyarados|Gyarados-Mega, L50, M\n|-mega|p2a: Gyarados|Gyarados|Gyaradosite\n|-ability|p2a: Gyarados|Mold Breaker\n|move|p2a: Gyarados|Ice Fang|p1a: Venusaur\n|-supereffective|p1a: Venusaur|1\n|-damage|p1a: Venusaur|0 fnt\n|faint|p1a: Venusaur\n|\n|upkeep\n|\n|t:|1776589952\n|switch|p1a: Bellibolt|Bellibolt, L50, M, shiny|100/100\n|turn|4\n|\n|t:|1776589959\n|move|p2a: Gyarados|Earthquake|p1a: Bellibolt\n|-supereffective|p1a: Bellibolt|1\n|-damage|p1a: Bellibolt|31/100\n|-start|p1a: Bellibolt|Charge|Earthquake|[from] ability: Electromorphosis\n|-enditem|p1a: Bellibolt|Sitrus Berry|[eat]\n|-heal|p1a: Bellibolt|56/100|[from] item: Sitrus Berry\n|move|p1a: Bellibolt|Parabolic Charge|p2a: Gyarados\n|-supereffective|p2a: Gyarados|1\n|-damage|p2a: Gyarados|20/100\n|-heal|p1a: Bellibolt|92/100|[from] drain|[of] p2a: Gyarados\n|-end|p1a: Bellibolt|Charge|[silent]\n|\n|upkeep\n|turn|5\n|\n|t:|1776589963\n|move|p2a: Gyarados|Earthquake|p1a: Bellibolt\n|-supereffective|p1a: Bellibolt|1\n|-damage|p1a: Bellibolt|33/100\n|-start|p1a: Bellibolt|Charge|Earthquake|[from] ability: Electromorphosis\n|move|p1a: Bellibolt|Parabolic Charge|p2a: Gyarados\n|-supereffective|p2a: Gyarados|1\n|-damage|p2a: Gyarados|0 fnt\n|-heal|p1a: Bellibolt|42/100|[from] drain|[of] p2a: Gyarados\n|faint|p2a: Gyarados\n|-end|p1a: Bellibolt|Charge|[silent]\n|\n|upkeep\n|\n|t:|1776589966\n|switch|p2a: Zoroark|Zoroark-Hisui, L50, F|100/100\n|turn|6\n|\n|t:|1776589970\n|move|p1a: Bellibolt|Sucker Punch|p2a: Zoroark\n|-supereffective|p2a: Zoroark|1\n|-damage|p2a: Zoroark|53/100\n|move|p2a: Zoroark|Hyper Voice|p1a: Bellibolt\n|-damage|p1a: Bellibolt|9/100\n|-start|p1a: Bellibolt|Charge|Hyper Voice|[from] ability: Electromorphosis\n|\n|upkeep\n|turn|7\n|\n|t:|1776589976\n|move|p1a: Bellibolt|Sucker Punch||[still]\n|-fail|p1a: Bellibolt\n|move|p2a: Zoroark|Nasty Plot|p2a: Zoroark\n|-boost|p2a: Zoroark|spa|2\n|\n|upkeep\n|turn|8\n|\n|t:|1776589982\n|move|p1a: Bellibolt|Sucker Punch|p2a: Zoroark\n|-supereffective|p2a: Zoroark|1\n|-damage|p2a: Zoroark|5/100\n|move|p2a: Zoroark|Hyper Voice|p1a: Bellibolt\n|-damage|p1a: Bellibolt|0 fnt\n|faint|p1a: Bellibolt\n|\n|upkeep\n|\n|t:|1776589983\n|switch|p1a: Zoroark|Zoroark-Hisui, L50, M, shiny|100/100\n|turn|9\n|\n|t:|1776589988\n|move|p1a: Zoroark|Flamethrower|p2a: Zoroark\n|-damage|p2a: Zoroark|0 fnt\n|faint|p2a: Zoroark\n|\n|win|peko877\n|raw|peko877's rating: 1380 &rarr; <strong>1399</strong><br />(+19 for winning)\n|raw|Fulgurotek's rating: 1360 &rarr; <strong>1341</strong><br />(-19 for losing)\n|l|\u2606Fulgurotek\n|player|p2|\n|l|\u2606peko877\n|player|p1|\n",
  "uploadtime": 1776590008,
  "views": 5,
  "formatid": "gen9championsbssregma",
  "rating": 1341,
  "private": 0,
  "password": null
}