{
  "id": "gen9championsbssregma-2587975111",
  "format": "[Gen 9 Champions] BSS Reg M-A",
  "players": [
    "asasdfaf",
    "peko877"
  ],
  "log": "|j|\u2606asasdfaf\n|j|\u2606peko877\n|t:|1776587338\n|gametype|singles\n|player|p1|asasdfaf|265|1260\n|player|p2|peko877|iono|1374\n|gen|9\n|tier|[Gen 9 Champions] BSS Reg M-A\n|rated|\n|rule|Species Clause: Limit one of each Pok\u00e9mon\n|rule|Item Clause: Limit 1 of each item\n|clearpoke\n|poke|p1|Feraligatr, L50, F|\n|poke|p1|Aegislash, L50, F|\n|poke|p1|Garchomp, L50, F|\n|poke|p1|Rotom-Heat, L50|\n|poke|p1|Venusaur, L50, F|\n|poke|p1|Clefable, L50, M|\n|poke|p2|Greninja, L50, M, shiny|\n|poke|p2|Corviknight, L50, M, shiny|\n|poke|p2|Garchomp, L50, M, shiny|\n|poke|p2|Floette-Eternal, L50, F|\n|poke|p2|Venusaur, L50, M, shiny|\n|poke|p2|Bellibolt, L50, M, shiny|\n|teampreview|3\n|inactive|Battle timer is ON: inactive players will automatically lose when time's up. (requested by peko877)\n|j| p74\n|\n|t:|1776587368\n|teamsize|p1|3\n|teamsize|p2|3\n|start\n|switch|p1a: Garchomp|Garchomp, L50, F|100/100\n|switch|p2a: Garchomp|Garchomp, L50, M, shiny|100/100\n|turn|1\n|\n|t:|1776587372\n|move|p2a: Garchomp|Rock Tomb|p1a: Garchomp\n|-resisted|p1a: Garchomp|1\n|-damage|p1a: Garchomp|90/100\n|-unboost|p1a: Garchomp|spe|1\n|move|p1a: Garchomp|Scale Shot|p2a: Garchomp\n|-supereffective|p2a: Garchomp|1\n|-damage|p2a: Garchomp|73/100\n|-supereffective|p2a: Garchomp|1\n|-damage|p2a: Garchomp|48/100\n|-supereffective|p2a: Garchomp|1\n|-damage|p2a: Garchomp|18/100\n|-hitcount|p2a: Garchomp|3\n|-unboost|p1a: Garchomp|def|1\n|-boost|p1a: Garchomp|spe|1\n|\n|upkeep\n|turn|2\n|\n|t:|1776587378\n|move|p1a: Garchomp|Scale Shot|p2a: Garchomp\n|-supereffective|p2a: Garchomp|1\n|-damage|p2a: Garchomp|0 fnt\n|faint|p2a: Garchomp\n|-hitcount|p2: Garchomp|1\n|-unboost|p1a: Garchomp|def|1\n|-boost|p1a: Garchomp|spe|1\n|\n|upkeep\n|\n|t:|1776587382\n|switch|p2a: Venusaur|Venusaur, L50, M, shiny|100/100\n|turn|3\n|\n|t:|1776587390\n|detailschange|p2a: Venusaur|Venusaur-Mega, L50, M, shiny\n|-mega|p2a: Venusaur|Venusaur|Venusaurite\n|move|p1a: Garchomp|Earthquake|p2a: Venusaur\n|-damage|p2a: Venusaur|62/100\n|move|p2a: Venusaur|Sleep Powder|p1a: Garchomp|[miss]\n|-miss|p2a: Venusaur|p1a: Garchomp\n|\n|upkeep\n|turn|4\n|\n|t:|1776587395\n|switch|p1a: Venusaur|Venusaur, L50, F|100/100\n|move|p2a: Venusaur|Sleep Powder|p1a: Venusaur\n|-immune|p1a: Venusaur\n|\n|upkeep\n|turn|5\n|\n|t:|1776587400\n|detailschange|p1a: Venusaur|Venusaur-Mega, L50, F\n|-mega|p1a: Venusaur|Venusaur|Venusaurite\n|move|p1a: Venusaur|Sludge Wave|p2a: Venusaur\n|-damage|p2a: Venusaur|37/100\n|move|p2a: Venusaur|Sludge Bomb|p1a: Venusaur\n|-damage|p1a: Venusaur|78/100\n|\n|upkeep\n|turn|6\n|\n|t:|1776587405\n|move|p1a: Venusaur|Sludge Wave|p2a: Venusaur\n|-damage|p2a: Venusaur|12/100\n|move|p2a: Venusaur|Sludge Bomb|p1a: Venusaur\n|-damage|p1a: Venusaur|53/100\n|\n|upkeep\n|turn|7\n|\n|t:|1776587409\n|move|p1a: Venusaur|Sludge Wave|p2a: Venusaur\n|-damage|p2a: Venusaur|0 fnt\n|faint|p2a: Venusaur\n|\n|upkeep\n|\n|t:|1776587411\n|switch|p2a: Greninja|Greninja, L50, M, shiny|100/100\n|turn|8\n|\n|t:|1776587413\n|move|p2a: Greninja|Ice Beam|p1a: Venusaur\n|-start|p2a: Greninja|typechange|Ice|[from] ability: Protean\n|-supereffective|p1a: Venusaur|1\n|-damage|p1a: Venusaur|27/100\n|move|p1a: Venusaur|Synthesis|p1a: Venusaur\n|-heal|p1a: Venusaur|77/100\n|\n|upkeep\n|turn|9\n|\n|t:|1776587420\n|move|p2a: Greninja|Ice Beam|p1a: Venusaur\n|-supereffective|p1a: Venusaur|1\n|-damage|p1a: Venusaur|50/100\n|move|p1a: Venusaur|Giga Drain|p2a: Greninja\n|-damage|p2a: Greninja|54/100\n|-heal|p1a: Venusaur|69/100|[from] drain|[of] p2a: Greninja\n|\n|upkeep\n|turn|10\n|\n|t:|1776587422\n|move|p2a: Greninja|Ice Beam|p1a: Venusaur\n|-supereffective|p1a: Venusaur|1\n|-damage|p1a: Venusaur|42/100\n|move|p1a: Venusaur|Sludge Wave|p2a: Greninja\n|-damage|p2a: Greninja|0 fnt\n|faint|p2a: Greninja\n|\n|win|asasdfaf\n|raw|asasdfaf's rating: 1260 &rarr; <strong>1293</strong><br />(+33 for winning)\n|raw|peko877's rating: 1374 &rarr; <strong>1348</strong><br />(-26 for losing)\n|l|\u2606peko877\n|player|p2|\n|n|\u2606asasdfaf|asasdfaf\n|l|\u2606asasdfaf\n|player|p1|\n",
  "uploadtime": 1776587424,
  "views": 5,
  "formatid": "gen9championsbssregma",
  "rating": 1293,
  "private": 0,
  "password": null
}