{
  "id": "gen9championsbssregma-2584302954",
  "format": "[Gen 9 Champions] BSS Reg M-A",
  "players": [
    "388737dgtgt",
    "karbain"
  ],
  "log": "|j|\u2606388737dgtgt\n|j|\u2606karbain\n|t:|1776249069\n|gametype|singles\n|player|p1|388737dgtgt|266|1295\n|player|p2|karbain|2|1446\n|gen|9\n|tier|[Gen 9 Champions] BSS Reg M-A\n|rated|\n|rule|Species Clause: Limit one of each Pok\u00e9mon\n|rule|Item Clause: Limit 1 of each item\n|clearpoke\n|poke|p1|Kingambit, L50, F|\n|poke|p1|Aerodactyl, L50, M|\n|poke|p1|Trevenant, L50, F|\n|poke|p1|Delphox, L50, F|\n|poke|p1|Garchomp, L50, F|\n|poke|p1|Mamoswine, L50, M|\n|poke|p2|Charizard, L50, M|\n|poke|p2|Greninja-*, L50, M|\n|poke|p2|Gengar, L50, F|\n|poke|p2|Mimikyu, L50, M|\n|poke|p2|Meowscarada, L50, F|\n|poke|p2|Empoleon, L50, M|\n|teampreview|3\n|inactive|Battle timer is ON: inactive players will automatically lose when time's up. (requested by 388737dgtgt)\n|\n|t:|1776249098\n|teamsize|p1|3\n|teamsize|p2|3\n|start\n|switch|p1a: Mamoswine|Mamoswine, L50, M|100/100\n|switch|p2a: Greninja|Greninja, L50, M|100/100\n|turn|1\n|\n|t:|1776249105\n|move|p2a: Greninja|Surf|p1a: Mamoswine\n|-supereffective|p1a: Mamoswine|1\n|-enditem|p1a: Mamoswine|Focus Sash\n|-damage|p1a: Mamoswine|1/100\n|move|p1a: Mamoswine|Earthquake|p2a: Greninja\n|-damage|p2a: Greninja|8/100\n|\n|upkeep\n|turn|2\n|\n|t:|1776249115\n|move|p1a: Mamoswine|Protect|p1a: Mamoswine\n|-singleturn|p1a: Mamoswine|Protect\n|move|p2a: Greninja|Water Shuriken|p1a: Mamoswine\n|-activate|p1a: Mamoswine|move: Protect\n|\n|upkeep\n|turn|3\n|\n|t:|1776249121\n|move|p2a: Greninja|Water Shuriken|p1a: Mamoswine\n|-supereffective|p1a: Mamoswine|1\n|-damage|p1a: Mamoswine|0 fnt\n|faint|p1a: Mamoswine\n|-hitcount|p1: Mamoswine|1\n|\n|upkeep\n|\n|t:|1776249123\n|switch|p1a: Delphox|Delphox, L50, F|100/100\n|turn|4\n|\n|t:|1776249130\n|detailschange|p1a: Delphox|Delphox-Mega, L50, F\n|-mega|p1a: Delphox|Delphox|Delphoxite\n|move|p2a: Greninja|Water Shuriken|p1a: Delphox\n|-supereffective|p1a: Delphox|1\n|-damage|p1a: Delphox|77/100\n|-supereffective|p1a: Delphox|1\n|-damage|p1a: Delphox|55/100\n|-supereffective|p1a: Delphox|1\n|-damage|p1a: Delphox|34/100\n|-hitcount|p1a: Delphox|3\n|move|p1a: Delphox|Flamethrower|p2a: Greninja\n|-resisted|p2a: Greninja|1\n|-damage|p2a: Greninja|0 fnt\n|faint|p2a: Greninja\n|\n|upkeep\n|j| p74\n|\n|t:|1776249141\n|switch|p2a: Mimikyu|Mimikyu, L50, M|100/100\n|turn|5\n|\n|t:|1776249156\n|switch|p1a: Kingambit|Kingambit, L50, F|100/100\n|-activate|p1a: Kingambit|ability: Supreme Overlord\n|-start|p1a: Kingambit|fallen1|[silent]\n|move|p2a: Mimikyu|Swords Dance|p2a: Mimikyu\n|-boost|p2a: Mimikyu|atk|2\n|\n|upkeep\n|turn|6\n|\n|t:|1776249163\n|move|p2a: Mimikyu|Play Rough|p1a: Kingambit\n|-damage|p1a: Kingambit|46/100\n|move|p1a: Kingambit|Iron Head|p2a: Mimikyu\n|-activate|p2a: Mimikyu|ability: Disguise\n|-damage|p2a: Mimikyu|100/100\n|detailschange|p2a: Mimikyu|Mimikyu-Busted, L50, M\n|-damage|p2a: Mimikyu|89/100|[from] pokemon: Mimikyu-Busted\n|\n|upkeep\n|turn|7\n|\n|t:|1776249172\n|move|p1a: Kingambit|Sucker Punch|p2a: Mimikyu\n|-damage|p2a: Mimikyu|40/100\n|move|p2a: Mimikyu|Play Rough|p1a: Kingambit\n|-damage|p1a: Kingambit|0 fnt\n|faint|p1a: Kingambit\n|-end|p1a: Kingambit|fallen1|[silent]\n|\n|upkeep\n|-message|388737dgtgt forfeited.\n|\n|win|karbain\n|raw|388737dgtgt's rating: 1295 &rarr; <strong>1280</strong><br />(-15 for losing)\n|raw|karbain's rating: 1446 &rarr; <strong>1458</strong><br />(+12 for winning)\n|l|\u2606388737dgtgt\n|player|p1|\n|l|\u2606karbain\n|player|p2|\n",
  "uploadtime": 1776249407,
  "views": 4,
  "formatid": "gen9championsbssregma",
  "rating": 1280,
  "private": 0,
  "password": null
}