{
  "id": "gen9championsbssregma-2588655217",
  "format": "[Gen 9 Champions] BSS Reg M-A",
  "players": [
    "reflet114",
    "mega.CHIVA"
  ],
  "log": "|j|\u2606reflet114\n|j|\u2606mega.CHIVA\n|t:|1776654326\n|gametype|singles\n|player|p1|reflet114|170|1102\n|player|p2|mega.CHIVA|unknown|1000\n|gen|9\n|tier|[Gen 9 Champions] BSS Reg M-A\n|rated|\n|rule|Species Clause: Limit one of each Pok\u00e9mon\n|rule|Item Clause: Limit 1 of each item\n|clearpoke\n|poke|p1|Garchomp, L50, F|\n|poke|p1|Froslass, L50, F|\n|poke|p1|Charizard, L50, M|\n|poke|p1|Excadrill, L50, M|\n|poke|p1|Volcarona, L50, M|\n|poke|p1|Whimsicott, L50, M|\n|poke|p2|Corviknight, L50, M|\n|poke|p2|Garchomp, L50, M|\n|poke|p2|Hawlucha, L50, M|\n|poke|p2|Sylveon, L50, F|\n|poke|p2|Greninja, L50, M|\n|poke|p2|Blastoise, L50, M|\n|teampreview|3\n|\n|t:|1776654363\n|teamsize|p1|3\n|teamsize|p2|3\n|start\n|switch|p1a: Garchomp|Garchomp, L50, F|100/100\n|switch|p2a: Sylveon|Sylveon, L50, F|100/100\n|turn|1\n|\n|t:|1776654373\n|switch|p1a: Whimsicott|Whimsicott, L50, M|100/100\n|move|p2a: Sylveon|Hyper Voice|p1a: Whimsicott\n|-damage|p1a: Whimsicott|23/100\n|\n|-heal|p1a: Whimsicott|29/100|[from] item: Leftovers\n|upkeep\n|turn|2\n|\n|t:|1776654397\n|switch|p1a: Froslass|Froslass, L50, F|100/100\n|move|p2a: Sylveon|Mystical Fire|p1a: Froslass\n|-supereffective|p1a: Froslass|1\n|-damage|p1a: Froslass|11/100\n|-unboost|p1a: Froslass|spa|1\n|\n|upkeep\n|turn|3\n|\n|t:|1776654405\n|detailschange|p1a: Froslass|Froslass-Mega, L50, F\n|-mega|p1a: Froslass|Froslass|Froslassite\n|-weather|Snowscape|[from] ability: Snow Warning|[of] p1a: Froslass\n|move|p1a: Froslass|Destiny Bond|p1a: Froslass\n|-singlemove|p1a: Froslass|Destiny Bond\n|move|p2a: Sylveon|Hyper Voice|p1a: Froslass\n|-damage|p1a: Froslass|0 fnt\n|faint|p1a: Froslass\n|-activate|p1a: Froslass|move: Destiny Bond\n|faint|p2a: Sylveon\n|\n|-weather|Snowscape|[upkeep]\n|upkeep\n|\n|t:|1776654417\n|switch|p1a: Garchomp|Garchomp, L50, F|100/100\n|switch|p2a: Greninja|Greninja, L50, M|100/100\n|turn|4\n|\n|t:|1776654425\n|move|p2a: Greninja|Ice Beam|p1a: Garchomp\n|-start|p2a: Greninja|typechange|Ice|[from] ability: Protean\n|-supereffective|p1a: Garchomp|2\n|-damage|p1a: Garchomp|0 fnt\n|faint|p1a: Garchomp\n|\n|-weather|Snowscape|[upkeep]\n|upkeep\n|\n|t:|1776654430\n|switch|p1a: Whimsicott|Whimsicott, L50, M|29/100\n|turn|5\n|\n|t:|1776654434\n|switch|p2a: Hawlucha|Hawlucha, L50, M|100/100\n|move|p1a: Whimsicott|Moonblast|p2a: Hawlucha\n|-supereffective|p2a: Hawlucha|1\n|-damage|p2a: Hawlucha|6/100\n|\n|-weather|Snowscape|[upkeep]\n|-heal|p1a: Whimsicott|35/100|[from] item: Leftovers\n|upkeep\n|turn|6\n|\n|t:|1776654444\n|move|p1a: Whimsicott|Substitute|p1a: Whimsicott\n|-start|p1a: Whimsicott|Substitute\n|-damage|p1a: Whimsicott|11/100\n|move|p2a: Hawlucha|Dual Wingbeat|p1a: Whimsicott\n|-supereffective|p1a: Whimsicott|1\n|-end|p1a: Whimsicott|Substitute\n|-supereffective|p1a: Whimsicott|1\n|-damage|p1a: Whimsicott|0 fnt\n|faint|p1a: Whimsicott\n|-hitcount|p1: Whimsicott|2\n|\n|win|mega.CHIVA\n|raw|reflet114's rating: 1102 &rarr; <strong>1070</strong><br />(-32 for losing)\n|raw|mega.CHIVA's rating: 1000 &rarr; <strong>1051</strong><br />(+51 for winning)\n|l|\u2606reflet114\n|player|p1|\n",
  "uploadtime": 1776654454,
  "views": 3,
  "formatid": "gen9championsbssregma",
  "rating": 1051,
  "private": 0,
  "password": null
}