{
  "id": "gen9championsbssregma-2587989411",
  "format": "[Gen 9 Champions] BSS Reg M-A",
  "players": [
    "peko877",
    "BJZJS"
  ],
  "log": "|j|\u2606peko877\n|j|\u2606BJZJS\n|t:|1776589467\n|gametype|singles\n|player|p1|peko877|iono|1384\n|player|p2|BJZJS|266|1317\n|gen|9\n|tier|[Gen 9 Champions] BSS Reg M-A\n|rated|\n|rule|Species Clause: Limit one of each Pok\u00e9mon\n|rule|Item Clause: Limit 1 of each item\n|clearpoke\n|poke|p1|Greninja, L50, M, shiny|\n|poke|p1|Corviknight, L50, M, shiny|\n|poke|p1|Garchomp, L50, M, shiny|\n|poke|p1|Zoroark-Hisui, L50, M, shiny|\n|poke|p1|Venusaur, L50, M, shiny|\n|poke|p1|Bellibolt, L50, M, shiny|\n|poke|p2|Zoroark-Hisui, L50, F|\n|poke|p2|Scizor, L50, F|\n|poke|p2|Glimmora, L50, F|\n|poke|p2|Primarina, L50, M|\n|poke|p2|Gyarados, L50, M|\n|poke|p2|Volcarona, L50, M|\n|teampreview|3\n|inactive|Battle timer is ON: inactive players will automatically lose when time's up. (requested by peko877)\n|inactive|BJZJS has 60 seconds left.\n|\n|t:|1776589507\n|teamsize|p1|3\n|teamsize|p2|3\n|start\n|switch|p1a: Garchomp|Garchomp, L50, M, shiny|100/100\n|switch|p2a: Primarina|Primarina, L50, M|100/100\n|turn|1\n|\n|t:|1776589512\n|switch|p1a: Venusaur|Venusaur, L50, M, shiny|100/100\n|move|p2a: Primarina|Moonblast|p1a: Venusaur\n|-resisted|p1a: Venusaur|1\n|-damage|p1a: Venusaur|83/100\n|\n|upkeep\n|turn|2\n|\n|t:|1776589517\n|switch|p2a: Volcarona|Volcarona, L50, M|100/100\n|detailschange|p1a: Venusaur|Venusaur-Mega, L50, M, shiny\n|-mega|p1a: Venusaur|Venusaur|Venusaurite\n|move|p1a: Venusaur|Sleep Powder|p2a: Volcarona\n|-status|p2a: Volcarona|slp|[from] move: Sleep Powder\n|\n|upkeep\n|turn|3\n|\n|t:|1776589523\n|switch|p1a: Garchomp|Garchomp, L50, M, shiny|100/100\n|cant|p2a: Volcarona|slp\n|\n|upkeep\n|turn|4\n|\n|t:|1776589529\n|move|p1a: Garchomp|Stealth Rock|p2a: Volcarona\n|-sidestart|p2: BJZJS|move: Stealth Rock\n|cant|p2a: Volcarona|slp\n|\n|upkeep\n|turn|5\n|\n|t:|1776589532\n|move|p1a: Garchomp|Rock Tomb|p2a: Volcarona\n|-supereffective|p2a: Volcarona|2\n|-damage|p2a: Volcarona|10/100 slp\n|-unboost|p2a: Volcarona|spe|1\n|-enditem|p2a: Volcarona|Sitrus Berry|[eat]\n|-heal|p2a: Volcarona|35/100 slp|[from] item: Sitrus Berry\n|-curestatus|p2a: Volcarona|slp|[msg]\n|move|p2a: Volcarona|Quiver Dance|p2a: Volcarona\n|-boost|p2a: Volcarona|spa|1\n|-boost|p2a: Volcarona|spd|1\n|-boost|p2a: Volcarona|spe|1\n|\n|upkeep\n|turn|6\n|\n|t:|1776589538\n|move|p1a: Garchomp|Earthquake|p2a: Volcarona\n|-damage|p2a: Volcarona|0 fnt\n|faint|p2a: Volcarona\n|\n|upkeep\n|\n|t:|1776589540\n|switch|p2a: Scizor|Scizor, L50, F|100/100\n|-damage|p2a: Scizor|88/100|[from] Stealth Rock\n|turn|7\n|\n|t:|1776589546\n|switch|p1a: Bellibolt|Bellibolt, L50, M, shiny|100/100\n|detailschange|p2a: Scizor|Scizor-Mega, L50, F\n|-mega|p2a: Scizor|Scizor|Scizorite\n|move|p2a: Scizor|Swords Dance|p2a: Scizor\n|-boost|p2a: Scizor|atk|2\n|\n|upkeep\n|turn|8\n|\n|t:|1776589551\n|move|p2a: Scizor|Swords Dance|p2a: Scizor\n|-boost|p2a: Scizor|atk|2\n|move|p1a: Bellibolt|Parabolic Charge|p2a: Scizor\n|-damage|p2a: Scizor|66/100\n|\n|upkeep\n|turn|9\n|\n|t:|1776589560\n|move|p2a: Scizor|Swords Dance|p2a: Scizor\n|-boost|p2a: Scizor|atk|2\n|move|p1a: Bellibolt|Soak|p2a: Scizor\n|-start|p2a: Scizor|typechange|Water\n|\n|upkeep\n|turn|10\n|\n|t:|1776589566\n|move|p2a: Scizor|Close Combat|p1a: Bellibolt\n|-damage|p1a: Bellibolt|0 fnt\n|-unboost|p2a: Scizor|def|1\n|-unboost|p2a: Scizor|spd|1\n|faint|p1a: Bellibolt\n|\n|upkeep\n|\n|t:|1776589569\n|switch|p1a: Venusaur|Venusaur-Mega, L50, M, shiny|83/100\n|turn|11\n|\n|t:|1776589571\n|move|p2a: Scizor|Bullet Punch|p1a: Venusaur\n|-damage|p1a: Venusaur|11/100\n|move|p1a: Venusaur|Giga Drain|p2a: Scizor\n|-supereffective|p2a: Scizor|1\n|-damage|p2a: Scizor|0 fnt\n|-heal|p1a: Venusaur|42/100|[from] drain|[of] p2a: Scizor\n|faint|p2a: Scizor\n|\n|upkeep\n|\n|t:|1776589576\n|switch|p2a: Primarina|Primarina, L50, M|100/100\n|-damage|p2a: Primarina|88/100|[from] Stealth Rock\n|turn|12\n|\n|t:|1776589578\n|move|p1a: Venusaur|Giga Drain|p2a: Primarina\n|-supereffective|p2a: Primarina|1\n|-damage|p2a: Primarina|39/100\n|-heal|p1a: Venusaur|66/100|[from] drain|[of] p2a: Primarina\n|move|p2a: Primarina|Moonblast|p1a: Venusaur\n|-resisted|p1a: Venusaur|1\n|-damage|p1a: Venusaur|51/100\n|\n|upkeep\n|turn|13\n|-message|BJZJS forfeited.\n|\n|win|peko877\n|raw|peko877's rating: 1384 &rarr; <strong>1400</strong><br />(+16 for winning)\n|raw|BJZJS's rating: 1317 &rarr; <strong>1301</strong><br />(-16 for losing)\n|l|\u2606BJZJS\n|player|p2|\n|l|\u2606peko877\n|player|p1|\n",
  "uploadtime": 1776589599,
  "views": 3,
  "formatid": "gen9championsbssregma",
  "rating": 1301,
  "private": 0,
  "password": null
}