{
  "id": "gen9championsbssregma-2580836505",
  "format": "[Gen 9 Champions] BSS Reg M-A",
  "players": [
    "MaxiLaFiera",
    "Yani Aprieto"
  ],
  "log": "|j|\u2606MaxiLaFiera\n|j|\u2606Yani Aprieto\n|t:|1775936465\n|gametype|singles\n|player|p1|MaxiLaFiera|2|1040\n|player|p2|Yani Aprieto|caitlin|1040\n|gen|9\n|tier|[Gen 9 Champions] BSS Reg M-A\n|rated|\n|rule|Species Clause: Limit one of each Pok\u00e9mon\n|rule|Item Clause: Limit 1 of each item\n|clearpoke\n|poke|p1|Basculegion, L50, M|\n|poke|p1|Crabominable, L50, F|\n|poke|p1|Farigiraf, L50, M|\n|poke|p1|Mimikyu, L50, F|\n|poke|p1|Rotom-Wash, L50|\n|poke|p1|Pelipper, L50, F|\n|poke|p2|Beedrill, L50, F|\n|poke|p2|Gengar, L50, F|\n|poke|p2|Slowking-Galar, L50, F|\n|poke|p2|Toxapex, L50, F|\n|poke|p2|Salazzle, L50, F|\n|poke|p2|Sneasler, L50, F|\n|teampreview|3\n|\n|t:|1775936528\n|teamsize|p1|3\n|teamsize|p2|3\n|start\n|switch|p1a: Farigiraf|Farigiraf, L50, M|100/100\n|switch|p2a: Beedrill|Beedrill, L50, F, shiny|100/100\n|turn|1\n|\n|t:|1775936543\n|detailschange|p2a: Beedrill|Beedrill-Mega, L50, F, shiny\n|-mega|p2a: Beedrill|Beedrill|Beedrillite\n|move|p2a: Beedrill|U-turn|p1a: Farigiraf\n|-supereffective|p1a: Farigiraf|1\n|-enditem|p1a: Farigiraf|Focus Sash\n|-damage|p1a: Farigiraf|1/100\n|\n|t:|1775936549\n|switch|p2a: Toxapex|Toxapex, L50, F, shiny|100/100|[from] U-turn\n|move|p1a: Farigiraf|Trick Room|p1a: Farigiraf\n|-fieldstart|move: Trick Room|[of] p1a: Farigiraf\n|\n|upkeep\n|turn|2\n|\n|t:|1775936567\n|move|p2a: Toxapex|Toxic Spikes|p1a: Farigiraf\n|-sidestart|p1: MaxiLaFiera|move: Toxic Spikes\n|move|p1a: Farigiraf|Twin Beam|p2a: Toxapex\n|-supereffective|p2a: Toxapex|1\n|-crit|p2a: Toxapex\n|-damage|p2a: Toxapex|55/100\n|-supereffective|p2a: Toxapex|1\n|-damage|p2a: Toxapex|24/100\n|-hitcount|p2a: Toxapex|2\n|\n|upkeep\n|turn|3\n|\n|t:|1775936578\n|move|p2a: Toxapex|Baneful Bunker|p2a: Toxapex\n|-singleturn|p2a: Toxapex|move: Protect\n|move|p1a: Farigiraf|Twin Beam|p2a: Toxapex\n|-activate|p2a: Toxapex|move: Protect\n|\n|upkeep\n|turn|4\n|\n|t:|1775936587\n|move|p2a: Toxapex|Liquidation|p1a: Farigiraf\n|-crit|p1a: Farigiraf\n|-damage|p1a: Farigiraf|0 fnt\n|faint|p1a: Farigiraf\n|\n|upkeep\n|\n|t:|1775936599\n|switch|p1a: Rotom|Rotom-Wash, L50|100/100\n|turn|5\n|\n|t:|1775936611\n|move|p2a: Toxapex|Baneful Bunker|p2a: Toxapex\n|-singleturn|p2a: Toxapex|move: Protect\n|move|p1a: Rotom|Volt Switch|p2a: Toxapex\n|-activate|p2a: Toxapex|move: Protect\n|\n|-fieldend|move: Trick Room\n|upkeep\n|turn|6\n|\n|t:|1775936625\n|move|p1a: Rotom|Volt Switch|p2a: Toxapex\n|-supereffective|p2a: Toxapex|1\n|-crit|p2a: Toxapex\n|-damage|p2a: Toxapex|0 fnt\n|faint|p2a: Toxapex\n|\n|t:|1775936629\n|switch|p1a: Mimikyu|Mimikyu, L50, F|100/100|[from] Volt Switch\n|-status|p1a: Mimikyu|psn\n|-enditem|p1a: Mimikyu|Lum Berry|[eat]\n|-curestatus|p1a: Mimikyu|psn|[msg]\n|\n|upkeep\n|\n|t:|1775936643\n|switch|p2a: Sneasler|Sneasler, L50, F, shiny|100/100\n|turn|7\n|inactive|Battle timer is ON: inactive players will automatically lose when time's up. (requested by MaxiLaFiera)\n|\n|t:|1775936655\n|move|p2a: Sneasler|Dire Claw|p1a: Mimikyu\n|-activate|p1a: Mimikyu|ability: Disguise\n|-damage|p1a: Mimikyu|100/100\n|-status|p1a: Mimikyu|slp\n|detailschange|p1a: Mimikyu|Mimikyu-Busted, L50, F\n|-damage|p1a: Mimikyu|88/100 slp|[from] pokemon: Mimikyu-Busted\n|cant|p1a: Mimikyu|slp\n|\n|upkeep\n|turn|8\n|inactive|MaxiLaFiera has 30 seconds left.\n|inactive|MaxiLaFiera has 20 seconds left.\n|\n|t:|1775936692\n|move|p2a: Sneasler|Dire Claw|p1a: Mimikyu\n|-damage|p1a: Mimikyu|38/100 slp\n|cant|p1a: Mimikyu|slp\n|\n|upkeep\n|turn|9\n|\n|t:|1775936700\n|move|p2a: Sneasler|Dire Claw|p1a: Mimikyu\n|-damage|p1a: Mimikyu|0 fnt\n|faint|p1a: Mimikyu\n|\n|upkeep\n|\n|t:|1775936704\n|switch|p1a: Rotom|Rotom-Wash, L50|100/100\n|turn|10\n|inactive|Yani Aprieto has 30 seconds left.\n|\n|t:|1775936736\n|move|p2a: Sneasler|Close Combat|p1a: Rotom\n|-damage|p1a: Rotom|35/100\n|-unboost|p2a: Sneasler|def|1\n|-unboost|p2a: Sneasler|spd|1\n|-enditem|p2a: Sneasler|White Herb\n|-clearnegativeboost|p2a: Sneasler|[silent]\n|move|p1a: Rotom|Will-O-Wisp|p2a: Sneasler\n|-status|p2a: Sneasler|brn\n|\n|-heal|p1a: Rotom|41/100|[from] item: Leftovers\n|-damage|p2a: Sneasler|95/100 brn|[from] brn\n|upkeep\n|turn|11\n|\n|t:|1775936750\n|move|p1a: Rotom|Protect|p1a: Rotom\n|-singleturn|p1a: Rotom|Protect\n|move|p2a: Sneasler|Swords Dance|p2a: Sneasler\n|-boost|p2a: Sneasler|atk|2\n|\n|-heal|p1a: Rotom|46/100|[from] item: Leftovers\n|-damage|p2a: Sneasler|89/100 brn|[from] brn\n|upkeep\n|turn|12\n|\n|t:|1775936761\n|move|p2a: Sneasler|Dire Claw|p1a: Rotom\n|-damage|p1a: Rotom|8/100\n|-status|p1a: Rotom|slp\n|cant|p1a: Rotom|slp\n|\n|-heal|p1a: Rotom|13/100 slp|[from] item: Leftovers\n|-damage|p2a: Sneasler|83/100 brn|[from] brn\n|upkeep\n|turn|13\n|\n|t:|1775936771\n|cant|p1a: Rotom|slp\n|move|p2a: Sneasler|Dire Claw|p1a: Rotom\n|-damage|p1a: Rotom|0 fnt\n|faint|p1a: Rotom\n|\n|win|Yani Aprieto\n|raw|MaxiLaFiera's rating: 1040 &rarr; <strong>1024</strong><br />(-16 for losing)\n|raw|Yani Aprieto's rating: 1040 &rarr; <strong>1074</strong><br />(+34 for winning)\n|l|\u2606MaxiLaFiera\n|player|p1|\n",
  "uploadtime": 1775936778,
  "views": 37,
  "formatid": "gen9championsbssregma",
  "rating": 1024,
  "private": 0,
  "password": null
}