{
  "id": "gen9championsbssregma-2581242065",
  "format": "[Gen 9 Champions] BSS Reg M-A",
  "players": [
    "vemnos",
    "ray_game0"
  ],
  "log": "|j|\u2606vemnos\n|j|\u2606ray_game0\n|t:|1775975195\n|gametype|singles\n|player|p1|vemnos|169|1100\n|player|p2|ray_game0|hiker-gen4|1045\n|gen|9\n|tier|[Gen 9 Champions] BSS Reg M-A\n|rated|\n|rule|Species Clause: Limit one of each Pok\u00e9mon\n|rule|Item Clause: Limit 1 of each item\n|clearpoke\n|poke|p1|Delphox, L50, F|\n|poke|p1|Lopunny, L50, F|\n|poke|p1|Corviknight, L50, M|\n|poke|p1|Garchomp, L50, M|\n|poke|p1|Primarina, L50, F|\n|poke|p1|Rotom-Heat, L50|\n|poke|p2|Clefable, L50, M|\n|poke|p2|Garchomp, L50, M|\n|poke|p2|Hippowdon, L50, M|\n|teampreview|3\n|inactive|Battle timer is ON: inactive players will automatically lose when time's up. (requested by vemnos)\n|inactive|vemnos has 60 seconds left.\n|\n|t:|1775975249\n|teamsize|p1|3\n|teamsize|p2|3\n|start\n|switch|p1a: Primarina|Primarina, L50, F|100/100\n|switch|p2a: Hippowdon|Hippowdon, L50, M|100/100\n|-weather|Sandstorm|[from] ability: Sand Stream|[of] p2a: Hippowdon\n|turn|1\n|\n|t:|1775975259\n|move|p1a: Primarina|Sparkling Aria|p2a: Hippowdon\n|-supereffective|p2a: Hippowdon|1\n|-damage|p2a: Hippowdon|0 fnt\n|faint|p2a: Hippowdon\n|\n|-weather|Sandstorm|[upkeep]\n|-damage|p1a: Primarina|95/100|[from] Sandstorm\n|upkeep\n|\n|t:|1775975270\n|switch|p2a: Clefable|Clefable, L50, M|100/100\n|turn|2\n|\n|t:|1775975274\n|move|p2a: Clefable|Cosmic Power|p2a: Clefable\n|-boost|p2a: Clefable|def|1\n|-boost|p2a: Clefable|spd|1\n|move|p1a: Primarina|Moonblast|p2a: Clefable\n|-damage|p2a: Clefable|73/100\n|\n|-weather|Sandstorm|[upkeep]\n|-damage|p2a: Clefable|67/100|[from] Sandstorm\n|-damage|p1a: Primarina|89/100|[from] Sandstorm\n|-heal|p2a: Clefable|73/100|[from] item: Leftovers\n|upkeep\n|turn|3\n|\n|t:|1775975287\n|move|p2a: Clefable|Cosmic Power|p2a: Clefable\n|-boost|p2a: Clefable|def|1\n|-boost|p2a: Clefable|spd|1\n|move|p1a: Primarina|Flip Turn|p2a: Clefable\n|-damage|p2a: Clefable|66/100\n|\n|t:|1775975292\n|switch|p1a: Delphox|Delphox, L50, F|100/100|[from] Flip Turn\n|\n|-weather|Sandstorm|[upkeep]\n|-damage|p1a: Delphox|95/100|[from] Sandstorm\n|-damage|p2a: Clefable|59/100|[from] Sandstorm\n|-heal|p2a: Clefable|66/100|[from] item: Leftovers\n|upkeep\n|turn|4\n|\n|t:|1775975306\n|detailschange|p1a: Delphox|Delphox-Mega, L50, F\n|-mega|p1a: Delphox|Delphox|Delphoxite\n|move|p1a: Delphox|Psyshock|p2a: Clefable\n|-damage|p2a: Clefable|42/100\n|move|p2a: Clefable|Cosmic Power|p2a: Clefable\n|-boost|p2a: Clefable|def|1\n|-boost|p2a: Clefable|spd|1\n|\n|-weather|Sandstorm|[upkeep]\n|-damage|p1a: Delphox|89/100|[from] Sandstorm\n|-damage|p2a: Clefable|36/100|[from] Sandstorm\n|-heal|p2a: Clefable|42/100|[from] item: Leftovers\n|upkeep\n|turn|5\n|inactive|ray_game0 has 30 seconds left.\n|\n|t:|1775975335\n|move|p1a: Delphox|Psyshock|p2a: Clefable\n|-damage|p2a: Clefable|24/100\n|move|p2a: Clefable|Cosmic Power|p2a: Clefable\n|-boost|p2a: Clefable|def|1\n|-boost|p2a: Clefable|spd|1\n|\n|-weather|none\n|-heal|p2a: Clefable|31/100|[from] item: Leftovers\n|upkeep\n|turn|6\n|\n|t:|1775975343\n|move|p1a: Delphox|Psyshock|p2a: Clefable\n|-damage|p2a: Clefable|16/100\n|move|p2a: Clefable|Moonlight|p2a: Clefable\n|-heal|p2a: Clefable|66/100\n|\n|-heal|p2a: Clefable|72/100|[from] item: Leftovers\n|upkeep\n|turn|7\n|\n|t:|1775975354\n|move|p1a: Delphox|Flamethrower|p2a: Clefable\n|-damage|p2a: Clefable|55/100\n|move|p2a: Clefable|Cosmic Power|p2a: Clefable\n|-boost|p2a: Clefable|def|1\n|-boost|p2a: Clefable|spd|1\n|\n|-heal|p2a: Clefable|61/100|[from] item: Leftovers\n|upkeep\n|turn|8\n|\n|t:|1775975368\n|move|p1a: Delphox|Psyshock|p2a: Clefable\n|-crit|p2a: Clefable\n|-damage|p2a: Clefable|0 fnt\n|faint|p2a: Clefable\n|\n|upkeep\n|\n|t:|1775975372\n|switch|p2a: Garchomp|Garchomp, L50, M|100/100\n|turn|9\n|\n|t:|1775975375\n|move|p1a: Delphox|Dazzling Gleam|p2a: Garchomp\n|-supereffective|p2a: Garchomp|1\n|-damage|p2a: Garchomp|25/100\n|move|p2a: Garchomp|Earthquake|p1a: Delphox\n|-immune|p1a: Delphox|[from] ability: Levitate\n|\n|upkeep\n|turn|10\n|-message|ray_game0 forfeited.\n|\n|win|vemnos\n",
  "uploadtime": 1775975198,
  "views": 7,
  "formatid": "gen9championsbssregma",
  "rating": null,
  "private": 0,
  "password": null
}