{
  "id": "gen9championsbssregma-2585390764",
  "format": "[Gen 9 Champions] BSS Reg M-A",
  "players": [
    "s3l3n008",
    "Etharius"
  ],
  "log": "|j|\u2606s3l3n008\n|j|\u2606Etharius\n|t:|1776343771\n|gametype|singles\n|player|p1|s3l3n008|2|1240\n|player|p2|Etharius|266|1147\n|gen|9\n|tier|[Gen 9 Champions] BSS Reg M-A\n|rated|\n|rule|Species Clause: Limit one of each Pok\u00e9mon\n|rule|Item Clause: Limit 1 of each item\n|clearpoke\n|poke|p1|Delphox, L50, M|\n|poke|p1|Dragonite, L50, F|\n|poke|p1|Rotom-Wash, L50|\n|poke|p1|Basculegion, L50, M|\n|poke|p1|Glimmora, L50, M|\n|poke|p1|Kingambit, L50, F|\n|poke|p2|Chandelure, L50, M|\n|poke|p2|Aerodactyl, L50, M|\n|poke|p2|Alakazam, L50, M|\n|poke|p2|Meowscarada, L50, F|\n|poke|p2|Garchomp, L50, M|\n|poke|p2|Blastoise, L50, M|\n|teampreview|3\n|inactive|Battle timer is ON: inactive players will automatically lose when time's up. (requested by s3l3n008)\n|\n|t:|1776343819\n|teamsize|p1|3\n|teamsize|p2|3\n|start\n|switch|p1a: Rotom|Rotom-Wash, L50, shiny|100/100\n|switch|p2a: Aerodactyl|Aerodactyl, L50, M, shiny|100/100\n|-ability|p2a: Aerodactyl|Unnerve\n|turn|1\n|inactive|s3l3n008 has 30 seconds left.\n|\n|t:|1776343850\n|move|p2a: Aerodactyl|Tailwind|p2a: Aerodactyl\n|-sidestart|p2: Etharius|move: Tailwind\n|move|p1a: Rotom|Will-O-Wisp|p2a: Aerodactyl\n|-status|p2a: Aerodactyl|brn\n|\n|-damage|p2a: Aerodactyl|95/100 brn|[from] brn\n|upkeep\n|turn|2\n|\n|t:|1776343864\n|move|p2a: Aerodactyl|Stealth Rock|p1a: Rotom\n|-sidestart|p1: s3l3n008|move: Stealth Rock\n|move|p1a: Rotom|Light Screen|p1a: Rotom\n|-sidestart|p1: s3l3n008|move: Light Screen\n|\n|-damage|p2a: Aerodactyl|89/100 brn|[from] brn\n|upkeep\n|turn|3\n|\n|t:|1776343871\n|move|p2a: Aerodactyl|Rock Slide|p1a: Rotom\n|-damage|p1a: Rotom|86/100\n|cant|p1a: Rotom|flinch\n|\n|-damage|p2a: Aerodactyl|83/100 brn|[from] brn\n|upkeep\n|turn|4\n|\n|t:|1776343882\n|move|p2a: Aerodactyl|Rock Slide|p1a: Rotom\n|-damage|p1a: Rotom|73/100\n|move|p1a: Rotom|Volt Switch|p2a: Aerodactyl\n|-supereffective|p2a: Aerodactyl|1\n|-damage|p2a: Aerodactyl|7/100 brn\n|\n|t:|1776343889\n|switch|p1a: Delphox|Delphox, L50, M|100/100|[from] Volt Switch\n|-damage|p1a: Delphox|75/100|[from] Stealth Rock\n|\n|-damage|p2a: Aerodactyl|1/100 brn|[from] brn\n|-sideend|p2: Etharius|move: Tailwind\n|upkeep\n|turn|5\n|\n|t:|1776343903\n|detailschange|p1a: Delphox|Delphox-Mega, L50, M\n|-mega|p1a: Delphox|Delphox|Delphoxite\n|move|p1a: Delphox|Psychic|p2a: Aerodactyl\n|-damage|p2a: Aerodactyl|0 fnt\n|faint|p2a: Aerodactyl\n|\n|upkeep\n|\n|t:|1776343915\n|switch|p2a: Blastoise|Blastoise, L50, M, shiny|100/100\n|turn|6\n|\n|t:|1776343935\n|switch|p1a: Rotom|Rotom-Wash, L50, shiny|73/100\n|-damage|p1a: Rotom|61/100|[from] Stealth Rock\n|move|p2a: Blastoise|Fake Out|p1a: Rotom\n|-damage|p1a: Rotom|54/100\n|\n|-sideend|p1: s3l3n008|move: Light Screen\n|upkeep\n|turn|7\n|\n|t:|1776343955\n|switch|p2a: Garchomp|Garchomp, L50, M, shiny|100/100\n|move|p1a: Rotom|Light Screen|p1a: Rotom\n|-sidestart|p1: s3l3n008|move: Light Screen\n|\n|upkeep\n|turn|8\n|\n|t:|1776343962\n|move|p2a: Garchomp|Dragon Claw|p1a: Rotom\n|-damage|p1a: Rotom|21/100\n|-enditem|p1a: Rotom|Sitrus Berry|[eat]\n|-heal|p1a: Rotom|46/100|[from] item: Sitrus Berry\n|move|p1a: Rotom|Will-O-Wisp|p2a: Garchomp\n|-status|p2a: Garchomp|brn\n|\n|-damage|p2a: Garchomp|95/100 brn|[from] brn\n|upkeep\n|turn|9\n|\n|t:|1776343976\n|switch|p1a: Delphox|Delphox-Mega, L50, M|75/100\n|-damage|p1a: Delphox|50/100|[from] Stealth Rock\n|move|p2a: Garchomp|Dragon Claw|p1a: Delphox\n|-damage|p1a: Delphox|21/100\n|\n|-damage|p2a: Garchomp|89/100 brn|[from] brn\n|upkeep\n|turn|10\n|\n|t:|1776343993\n|move|p1a: Delphox|Psychic|p2a: Garchomp\n|-damage|p2a: Garchomp|31/100 brn\n|move|p2a: Garchomp|Dragon Claw|p1a: Delphox\n|-damage|p1a: Delphox|0 fnt\n|faint|p1a: Delphox\n|\n|-damage|p2a: Garchomp|25/100 brn|[from] brn\n|upkeep\n|\n|t:|1776344001\n|switch|p1a: Kingambit|Kingambit, L50, F|100/100\n|-damage|p1a: Kingambit|95/100|[from] Stealth Rock\n|-activate|p1a: Kingambit|ability: Supreme Overlord\n|-start|p1a: Kingambit|fallen1|[silent]\n|turn|11\n|\n|t:|1776344015\n|move|p2a: Garchomp|Protect|p2a: Garchomp\n|-singleturn|p2a: Garchomp|Protect\n|move|p1a: Kingambit|Sucker Punch||[still]\n|-fail|p1a: Kingambit\n|\n|-damage|p2a: Garchomp|19/100 brn|[from] brn\n|-sideend|p1: s3l3n008|move: Light Screen\n|upkeep\n|turn|12\n|\n|t:|1776344025\n|switch|p2a: Blastoise|Blastoise, L50, M, shiny|100/100\n|move|p1a: Kingambit|Sucker Punch||[still]\n|-fail|p1a: Kingambit\n|\n|upkeep\n|turn|13\n|\n|t:|1776344033\n|detailschange|p2a: Blastoise|Blastoise-Mega, L50, M, shiny\n|-mega|p2a: Blastoise|Blastoise|Blastoisinite\n|move|p2a: Blastoise|Fake Out|p1a: Kingambit\n|-resisted|p1a: Kingambit|1\n|-damage|p1a: Kingambit|91/100\n|cant|p1a: Kingambit|flinch\n|\n|upkeep\n|turn|14\n|\n|t:|1776344042\n|move|p2a: Blastoise|Hydro Pump|p1a: Kingambit\n|-damage|p1a: Kingambit|32/100\n|move|p1a: Kingambit|Swords Dance|p1a: Kingambit\n|-boost|p1a: Kingambit|atk|2\n|\n|upkeep\n|turn|15\n|\n|t:|1776344050\n|move|p1a: Kingambit|Sucker Punch|p2a: Blastoise\n|-damage|p2a: Blastoise|23/100\n|move|p2a: Blastoise|Hydro Pump|p1a: Kingambit|[miss]\n|-miss|p2a: Blastoise|p1a: Kingambit\n|\n|upkeep\n|turn|16\n|\n|t:|1776344061\n|switch|p2a: Garchomp|Garchomp, L50, M, shiny|19/100 brn\n|move|p1a: Kingambit|Sucker Punch||[still]\n|-fail|p1a: Kingambit\n|\n|-damage|p2a: Garchomp|13/100 brn|[from] brn\n|upkeep\n|turn|17\n|\n|t:|1776344071\n|switch|p2a: Blastoise|Blastoise-Mega, L50, M, shiny|23/100\n|move|p1a: Kingambit|Kowtow Cleave|p2a: Blastoise\n|-damage|p2a: Blastoise|0 fnt\n|faint|p2a: Blastoise\n|\n|upkeep\n|-message|Etharius forfeited.\n|\n|win|s3l3n008\n|raw|s3l3n008's rating: 1240 &rarr; <strong>1258</strong><br />(+18 for winning)\n|raw|Etharius's rating: 1147 &rarr; <strong>1129</strong><br />(-18 for losing)\n|l|\u2606Etharius\n|player|p2|\n|l|\u2606s3l3n008\n|player|p1|\n",
  "uploadtime": 1776344086,
  "views": 21,
  "formatid": "gen9championsbssregma",
  "rating": 1129,
  "private": 0,
  "password": null
}