{
  "id": "gen9championsbssregma-2588568336",
  "format": "[Gen 9 Champions] BSS Reg M-A",
  "players": [
    "qweralt",
    "2ole"
  ],
  "log": "|j|\u2606qweralt\n|j|\u26062ole\n|t:|1776645809\n|gametype|singles\n|player|p1|qweralt|boarder|1138\n|player|p2|2ole|rocketexecutive-gen2|1119\n|gen|9\n|tier|[Gen 9 Champions] BSS Reg M-A\n|rated|\n|rule|Species Clause: Limit one of each Pok\u00e9mon\n|rule|Item Clause: Limit 1 of each item\n|clearpoke\n|poke|p1|Delphox, L50, M|\n|poke|p1|Hatterene, L50, F|\n|poke|p1|Weavile, L50, M|\n|poke|p1|Archaludon, L50, M|\n|poke|p1|Rotom-Wash, L50|\n|poke|p1|Ditto, L50, shiny|\n|poke|p2|Salazzle, L50, F|\n|poke|p2|Garchomp, L50, F|\n|poke|p2|Gyarados, L50, F, shiny|\n|poke|p2|Scizor, L50, M, shiny|\n|poke|p2|Meowscarada, L50, M|\n|poke|p2|Gengar, L50, M|\n|teampreview|3\n|\n|t:|1776645864\n|teamsize|p1|3\n|teamsize|p2|3\n|start\n|switch|p1a: Delphox|Delphox, L50, M|100/100\n|switch|p2a: Salazzle|Salazzle, L50, F|100/100\n|turn|1\n|\n|t:|1776645877\n|detailschange|p1a: Delphox|Delphox-Mega, L50, M\n|-mega|p1a: Delphox|Delphox|Delphoxite\n|move|p1a: Delphox|Psychic|p2a: Salazzle|[miss]\n|-miss|p1a: Delphox|p2a: Salazzle\n|move|p2a: Salazzle|Substitute|p2a: Salazzle\n|-start|p2a: Salazzle|Substitute\n|-damage|p2a: Salazzle|76/100\n|\n|upkeep\n|turn|2\n|\n|t:|1776645887\n|move|p1a: Delphox|Encore|p2a: Salazzle\n|-start|p2a: Salazzle|Encore\n|move|p2a: Salazzle|Substitute|p2a: Salazzle\n|-fail|p2a: Salazzle|move: Substitute\n|\n|upkeep\n|turn|3\n|\n|t:|1776645896\n|switch|p2a: Meowscarada|Meowscarada, L50, M|100/100\n|move|p1a: Delphox|Psychic|p2a: Meowscarada\n|-immune|p2a: Meowscarada\n|\n|upkeep\n|turn|4\n|\n|t:|1776645902\n|move|p2a: Meowscarada|Knock Off|p1a: Delphox\n|-supereffective|p1a: Delphox|1\n|-crit|p1a: Delphox\n|-damage|p1a: Delphox|0 fnt\n|faint|p1a: Delphox\n|\n|upkeep\n|\n|t:|1776645905\n|switch|p1a: Weavile|Weavile, L50, M|100/100\n|-ability|p1a: Weavile|Pressure\n|turn|5\n|\n|t:|1776645911\n|switch|p2a: Scizor|Scizor, L50, M, shiny|100/100\n|move|p1a: Weavile|Triple Axel|p2a: Scizor\n|-resisted|p2a: Scizor|1\n|-damage|p2a: Scizor|94/100\n|-resisted|p2a: Scizor|1\n|-damage|p2a: Scizor|81/100\n|-resisted|p2a: Scizor|1\n|-damage|p2a: Scizor|63/100\n|-hitcount|p2a: Scizor|3\n|\n|upkeep\n|turn|6\n|\n|t:|1776645930\n|switch|p1a: Rotom-Miss|Rotom-Wash, L50|100/100\n|detailschange|p2a: Scizor|Scizor-Mega, L50, M, shiny\n|-mega|p2a: Scizor|Scizor|Scizorite\n|move|p2a: Scizor|Bullet Punch|p1a: Rotom-Miss\n|-resisted|p1a: Rotom-Miss|2\n|-damage|p1a: Rotom-Miss|92/100\n|\n|upkeep\n|turn|7\n|\n|t:|1776645938\n|move|p1a: Rotom-Miss|Volt Switch|p2a: Scizor\n|-damage|p2a: Scizor|38/100\n|\n|t:|1776645940\n|switch|p1a: Weavile|Weavile, L50, M|100/100|[from] Volt Switch\n|-ability|p1a: Weavile|Pressure\n|move|p2a: Scizor|Roost|p2a: Scizor\n|-heal|p2a: Scizor|88/100\n|-singleturn|p2a: Scizor|move: Roost\n|\n|upkeep\n|turn|8\n|\n|t:|1776645949\n|switch|p1a: Rotom-Miss|Rotom-Wash, L50|92/100\n|move|p2a: Scizor|Bullet Punch|p1a: Rotom-Miss|[miss]\n|-miss|p2a: Scizor|p1a: Rotom-Miss\n|\n|upkeep\n|turn|9\n|\n|t:|1776645956\n|move|p1a: Rotom-Miss|Will-O-Wisp|p2a: Scizor\n|-status|p2a: Scizor|brn\n|move|p2a: Scizor|Swords Dance|p2a: Scizor\n|-boost|p2a: Scizor|atk|2\n|\n|-damage|p2a: Scizor|82/100 brn|[from] brn\n|upkeep\n|turn|10\n|\n|t:|1776645963\n|move|p1a: Rotom-Miss|Hydro Pump|p2a: Scizor\n|-damage|p2a: Scizor|43/100 brn\n|move|p2a: Scizor|Swords Dance|p2a: Scizor\n|-boost|p2a: Scizor|atk|2\n|\n|-damage|p2a: Scizor|37/100 brn|[from] brn\n|upkeep\n|turn|11\n|\n|t:|1776645974\n|move|p1a: Rotom-Miss|Hydro Pump|p2a: Scizor\n|-damage|p2a: Scizor|0 fnt\n|faint|p2a: Scizor\n|\n|upkeep\n|\n|t:|1776645978\n|switch|p2a: Meowscarada|Meowscarada, L50, M|100/100\n|turn|12\n|\n|t:|1776645984\n|move|p2a: Meowscarada|Flower Trick|p1a: Rotom-Miss\n|-supereffective|p1a: Rotom-Miss|1\n|-crit|p1a: Rotom-Miss\n|-damage|p1a: Rotom-Miss|12/100\n|move|p1a: Rotom-Miss|Will-O-Wisp|p2a: Meowscarada\n|-status|p2a: Meowscarada|brn\n|\n|-damage|p2a: Meowscarada|95/100 brn|[from] brn\n|upkeep\n|turn|13\n|\n|t:|1776645993\n|move|p2a: Meowscarada|Flower Trick|p1a: Rotom-Miss\n|-supereffective|p1a: Rotom-Miss|1\n|-crit|p1a: Rotom-Miss\n|-damage|p1a: Rotom-Miss|0 fnt\n|faint|p1a: Rotom-Miss\n|\n|-damage|p2a: Meowscarada|89/100 brn|[from] brn\n|upkeep\n|\n|t:|1776645995\n|switch|p1a: Weavile|Weavile, L50, M|100/100\n|-ability|p1a: Weavile|Pressure\n|turn|14\n|\n|t:|1776646010\n|move|p2a: Meowscarada|Flower Trick|p1a: Weavile\n|-crit|p1a: Weavile\n|-damage|p1a: Weavile|56/100\n|move|p1a: Weavile|Swords Dance|p1a: Weavile\n|-boost|p1a: Weavile|atk|2\n|\n|-damage|p2a: Meowscarada|83/100 brn|[from] brn\n|upkeep\n|turn|15\n|\n|t:|1776646018\n|move|p2a: Meowscarada|Flower Trick|p1a: Weavile\n|-crit|p1a: Weavile\n|-damage|p1a: Weavile|12/100\n|move|p1a: Weavile|Low Kick|p2a: Meowscarada\n|-supereffective|p2a: Meowscarada|1\n|-damage|p2a: Meowscarada|0 fnt\n|faint|p2a: Meowscarada\n|\n|upkeep\n|\n|t:|1776646025\n|switch|p2a: Salazzle|Salazzle, L50, F|76/100\n|turn|16\n|\n|t:|1776646029\n|move|p2a: Salazzle|Protect|p2a: Salazzle\n|-singleturn|p2a: Salazzle|Protect\n|move|p1a: Weavile|Knock Off|p2a: Salazzle\n|-activate|p2a: Salazzle|move: Protect\n|\n|upkeep\n|turn|17\n|\n|t:|1776646034\n|move|p1a: Weavile|Knock Off|p2a: Salazzle\n|-damage|p2a: Salazzle|0 fnt\n|-enditem|p2a: Salazzle|Bright Powder|[from] move: Knock Off|[of] p1a: Weavile\n|faint|p2a: Salazzle\n|\n|win|qweralt\n|raw|qweralt's rating: 1138 &rarr; <strong>1162</strong><br />(+24 for winning)\n|raw|2ole's rating: 1119 &rarr; <strong>1095</strong><br />(-24 for losing)\n",
  "uploadtime": 1776646037,
  "views": 1,
  "formatid": "gen9championsbssregma",
  "rating": 1095,
  "private": 0,
  "password": null
}