{
  "id": "gen9championsbssregma-2584108642",
  "format": "[Gen 9 Champions] BSS Reg M-A",
  "players": [
    "DustFox22",
    "MiraidonGaming"
  ],
  "log": "|j|\u2606DustFox22\n|j|\u2606MiraidonGaming\n|t:|1776226046\n|gametype|singles\n|player|p1|DustFox22|169|1216\n|player|p2|MiraidonGaming|lucas|1399\n|gen|9\n|tier|[Gen 9 Champions] BSS Reg M-A\n|rated|\n|rule|Species Clause: Limit one of each Pok\u00e9mon\n|rule|Item Clause: Limit 1 of each item\n|clearpoke\n|poke|p1|Arcanine, L50, F|\n|poke|p1|Dragonite, L50, M|\n|poke|p1|Sylveon, L50, M|\n|poke|p1|Rotom-Wash, L50|\n|poke|p1|Corviknight, L50, F|\n|poke|p1|Excadrill, L50, F|\n|poke|p2|Ninetales-Alola, L50, F|\n|poke|p2|Charizard, L50, M|\n|poke|p2|Scizor, L50, M|\n|poke|p2|Sinistcha, L50|\n|poke|p2|Rotom-Wash, L50|\n|poke|p2|Salazzle, L50, F|\n|teampreview|3\n|j| p74\n|inactive|Battle timer is ON: inactive players will automatically lose when time's up. (requested by DustFox22)\n|\n|t:|1776226086\n|teamsize|p1|3\n|teamsize|p2|3\n|start\n|switch|p1a: Dewalt|Excadrill, L50, F, shiny|100/100\n|switch|p2a: Bruce|Charizard, L50, M|100/100\n|-ability|p1a: Dewalt|Mold Breaker\n|turn|1\n|\n|t:|1776226095\n|move|p1a: Dewalt|Stealth Rock|p2a: Bruce\n|-sidestart|p2: MiraidonGaming|move: Stealth Rock\n|move|p2a: Bruce|Dragon Dance|p2a: Bruce\n|-boost|p2a: Bruce|atk|1\n|-boost|p2a: Bruce|spe|1\n|\n|upkeep\n|turn|2\n|\n|t:|1776226119\n|move|p2a: Bruce|Breaking Swipe|p1a: Dewalt\n|-resisted|p1a: Dewalt|1\n|-damage|p1a: Dewalt|87/100\n|-unboost|p1a: Dewalt|atk|1\n|move|p1a: Dewalt|Iron Head|p2a: Bruce\n|-resisted|p2a: Bruce|1\n|-damage|p2a: Bruce|84/100\n|\n|upkeep\n|turn|3\n|\n|t:|1776226135\n|switch|p1a: Ari|Arcanine, L50, F|100/100\n|-ability|p1a: Ari|Intimidate|boost\n|-unboost|p2a: Bruce|atk|1\n|move|p2a: Bruce|Dragon Dance|p2a: Bruce\n|-boost|p2a: Bruce|atk|1\n|-boost|p2a: Bruce|spe|1\n|\n|upkeep\n|turn|4\n|\n|t:|1776226145\n|detailschange|p2a: Bruce|Charizard-Mega-X, L50, M\n|-mega|p2a: Bruce|Charizard|Charizardite X\n|move|p2a: Bruce|Breaking Swipe|p1a: Ari\n|-damage|p1a: Ari|39/100\n|-unboost|p1a: Ari|atk|1\n|-enditem|p1a: Ari|Sitrus Berry|[eat]\n|-heal|p1a: Ari|63/100|[from] item: Sitrus Berry\n|move|p1a: Ari|Wild Charge|p2a: Bruce\n|-resisted|p2a: Bruce|1\n|-damage|p2a: Bruce|75/100\n|-damage|p1a: Ari|61/100|[from] Recoil\n|\n|upkeep\n|turn|5\n|\n|t:|1776226158\n|move|p2a: Bruce|Dragon Dance|p2a: Bruce\n|-boost|p2a: Bruce|atk|1\n|-boost|p2a: Bruce|spe|1\n|move|p1a: Ari|Close Combat|p2a: Bruce\n|-damage|p2a: Bruce|53/100\n|-unboost|p1a: Ari|def|1\n|-unboost|p1a: Ari|spd|1\n|\n|upkeep\n|turn|6\n|\n|t:|1776226167\n|move|p1a: Ari|Extreme Speed|p2a: Bruce\n|-damage|p2a: Bruce|39/100\n|move|p2a: Bruce|Roost|p2a: Bruce\n|-heal|p2a: Bruce|89/100\n|-singleturn|p2a: Bruce|move: Roost\n|\n|upkeep\n|turn|7\n|\n|t:|1776226178\n|switch|p1a: Dewalt|Excadrill, L50, F, shiny|87/100\n|-ability|p1a: Dewalt|Mold Breaker\n|move|p2a: Bruce|Dragon Dance|p2a: Bruce\n|-boost|p2a: Bruce|atk|1\n|-boost|p2a: Bruce|spe|1\n|\n|upkeep\n|turn|8\n|\n|t:|1776226187\n|move|p2a: Bruce|Flare Blitz|p1a: Dewalt\n|-supereffective|p1a: Dewalt|1\n|-crit|p1a: Dewalt\n|-damage|p1a: Dewalt|0 fnt\n|faint|p1a: Dewalt\n|-damage|p2a: Bruce|60/100|[from] Recoil\n|\n|upkeep\n|\n|t:|1776226193\n|switch|p1a: Puff|Dragonite, L50, M|100/100\n|turn|9\n|\n|t:|1776226198\n|detailschange|p1a: Puff|Dragonite-Mega, L50, M\n|-mega|p1a: Puff|Dragonite|Dragoninite\n|move|p2a: Bruce|Breaking Swipe|p1a: Puff\n|-supereffective|p1a: Puff|1\n|-damage|p1a: Puff|35/100\n|-unboost|p1a: Puff|atk|1\n|move|p1a: Puff|Draco Meteor|p2a: Bruce\n|-supereffective|p2a: Bruce|1\n|-damage|p2a: Bruce|0 fnt\n|-unboost|p1a: Puff|spa|2\n|faint|p2a: Bruce\n|\n|upkeep\n|\n|t:|1776226209\n|switch|p2a: Put a brick in|Rotom-Wash, L50|100/100\n|-damage|p2a: Put a brick in|88/100|[from] Stealth Rock\n|turn|10\n|\n|t:|1776226215\n|move|p2a: Put a brick in|Discharge|p1a: Puff\n|-damage|p1a: Puff|6/100\n|move|p1a: Puff|Thunderbolt|p2a: Put a brick in\n|-damage|p2a: Put a brick in|63/100\n|\n|upkeep\n|turn|11\n|\n|t:|1776226221\n|switch|p1a: Ari|Arcanine, L50, F|61/100\n|-ability|p1a: Ari|Intimidate|boost\n|-unboost|p2a: Put a brick in|atk|1\n|move|p2a: Put a brick in|Discharge|p1a: Ari\n|-damage|p1a: Ari|10/100\n|\n|upkeep\n|turn|12\n|c|\u2606DustFox22|funny name\n|\n|t:|1776226228\n|move|p2a: Put a brick in|Discharge|p1a: Ari\n|-damage|p1a: Ari|0 fnt\n|faint|p1a: Ari\n|\n|upkeep\n|\n|t:|1776226232\n|switch|p1a: Puff|Dragonite-Mega, L50, M|6/100\n|turn|13\n|\n|t:|1776226235\n|move|p2a: Put a brick in|Discharge|p1a: Puff\n|-damage|p1a: Puff|0 fnt\n|faint|p1a: Puff\n|\n|win|MiraidonGaming\n|raw|DustFox22's rating: 1216 &rarr; <strong>1203</strong><br />(-13 for losing)\n|raw|MiraidonGaming's rating: 1399 &rarr; <strong>1409</strong><br />(+10 for winning)\n|l|\u2606DustFox22\n|player|p1|\n|l|\u2606MiraidonGaming\n|player|p2|\n",
  "uploadtime": 1776226286,
  "views": 5,
  "formatid": "gen9championsbssregma",
  "rating": 1203,
  "private": 0,
  "password": null
}