{
  "id": "gen9championsbssregma-2583765608",
  "format": "[Gen 9 Champions] BSS Reg M-A",
  "players": [
    "SecretAdept",
    "Mistah Boombastic"
  ],
  "log": "|j|\u2606SecretAdept\n|j|\u2606Mistah Boombastic\n|t:|1776196213\n|gametype|singles\n|player|p1|SecretAdept|blue-masters2|1000\n|player|p2|Mistah Boombastic|102|1000\n|gen|9\n|tier|[Gen 9 Champions] BSS Reg M-A\n|rated|\n|rule|Species Clause: Limit one of each Pok\u00e9mon\n|rule|Item Clause: Limit 1 of each item\n|clearpoke\n|poke|p1|Steelix, L50, M|\n|poke|p1|Aegislash, L50, F|\n|poke|p1|Tyranitar, L50, F|\n|poke|p1|Scizor, L50, M|\n|poke|p1|Archaludon, L50, M|\n|poke|p1|Klefki, L50, F|\n|poke|p2|Chesnaught, L50, M|\n|poke|p2|Clefable, L50, F|\n|poke|p2|Hawlucha, L50, M|\n|poke|p2|Ditto, L50|\n|poke|p2|Scovillain, L50, F|\n|poke|p2|Slurpuff, L50, F|\n|teampreview|3\n|\n|t:|1776196264\n|teamsize|p1|3\n|teamsize|p2|3\n|start\n|switch|p1a: Aegislash|Aegislash, L50, F|100/100\n|switch|p2a: Clefable|Clefable, L50, F|100/100\n|turn|1\n|inactive|Battle timer is ON: inactive players will automatically lose when time's up. (requested by Mistah Boombastic)\n|inactive|SecretAdept also wants the timer to be on.\n|\n|t:|1776196273\n|move|p2a: Clefable|Cosmic Power|p2a: Clefable\n|-boost|p2a: Clefable|def|1\n|-boost|p2a: Clefable|spd|1\n|move|p1a: Aegislash|Swords Dance|p1a: Aegislash\n|-boost|p1a: Aegislash|atk|2\n|\n|upkeep\n|turn|2\n|\n|t:|1776196279\n|move|p2a: Clefable|Cosmic Power|p2a: Clefable\n|-boost|p2a: Clefable|def|1\n|-boost|p2a: Clefable|spd|1\n|-formechange|p1a: Aegislash|Aegislash-Blade|\n|move|p1a: Aegislash|Gyro Ball|p2a: Clefable\n|-supereffective|p2a: Clefable|1\n|-damage|p2a: Clefable|74/100\n|\n|-heal|p2a: Clefable|80/100|[from] item: Leftovers\n|upkeep\n|turn|3\n|\n|t:|1776196286\n|move|p2a: Clefable|Flamethrower|p1a: Aegislash\n|-supereffective|p1a: Aegislash|1\n|-damage|p1a: Aegislash|29/100\n|move|p1a: Aegislash|Swords Dance|p1a: Aegislash\n|-boost|p1a: Aegislash|atk|2\n|\n|-heal|p2a: Clefable|86/100|[from] item: Leftovers\n|-heal|p1a: Aegislash|35/100|[from] item: Leftovers\n|upkeep\n|turn|4\n|\n|t:|1776196294\n|-formechange|p1a: Aegislash|Aegislash|\n|move|p1a: Aegislash|King's Shield|p1a: Aegislash\n|-singleturn|p1a: Aegislash|Protect\n|move|p2a: Clefable|Flamethrower|p1a: Aegislash\n|-activate|p1a: Aegislash|move: Protect\n|\n|-heal|p2a: Clefable|92/100|[from] item: Leftovers\n|-heal|p1a: Aegislash|41/100|[from] item: Leftovers\n|upkeep\n|turn|5\n|\n|t:|1776196304\n|move|p2a: Clefable|Flamethrower|p1a: Aegislash\n|-supereffective|p1a: Aegislash|1\n|-damage|p1a: Aegislash|11/100\n|-formechange|p1a: Aegislash|Aegislash-Blade|\n|move|p1a: Aegislash|Gyro Ball|p2a: Clefable\n|-supereffective|p2a: Clefable|1\n|-damage|p2a: Clefable|49/100\n|\n|-heal|p2a: Clefable|55/100|[from] item: Leftovers\n|-heal|p1a: Aegislash|17/100|[from] item: Leftovers\n|upkeep\n|turn|6\n|\n|t:|1776196313\n|-formechange|p1a: Aegislash|Aegislash|\n|move|p1a: Aegislash|King's Shield|p1a: Aegislash\n|-singleturn|p1a: Aegislash|Protect\n|move|p2a: Clefable|Baton Pass|p2a: Clefable\n|\n|t:|1776196316\n|switch|p2a: Scovillain|Scovillain, L50, F|100/100|[from] Baton Pass\n|\n|-heal|p1a: Aegislash|23/100|[from] item: Leftovers\n|-ability|p2a: Scovillain|Moody|boost\n|-boost|p2a: Scovillain|spa|2\n|-unboost|p2a: Scovillain|spe|1\n|upkeep\n|turn|7\n|\n|t:|1776196327\n|move|p2a: Scovillain|Protect|p2a: Scovillain\n|-singleturn|p2a: Scovillain|Protect\n|-formechange|p1a: Aegislash|Aegislash-Blade|\n|move|p1a: Aegislash|Shadow Sneak|p2a: Scovillain\n|-activate|p2a: Scovillain|move: Protect\n|\n|-heal|p1a: Aegislash|29/100|[from] item: Leftovers\n|-ability|p2a: Scovillain|Moody|boost\n|-boost|p2a: Scovillain|spe|2\n|-unboost|p2a: Scovillain|def|1\n|upkeep\n|turn|8\n|\n|t:|1776196336\n|-formechange|p1a: Aegislash|Aegislash|\n|move|p1a: Aegislash|King's Shield|p1a: Aegislash\n|-singleturn|p1a: Aegislash|Protect\n|move|p2a: Scovillain|Flamethrower|p1a: Aegislash\n|-activate|p1a: Aegislash|move: Protect\n|\n|-heal|p1a: Aegislash|35/100|[from] item: Leftovers\n|-ability|p2a: Scovillain|Moody|boost\n|-boost|p2a: Scovillain|spe|2\n|-unboost|p2a: Scovillain|spd|1\n|upkeep\n|turn|9\n|\n|t:|1776196346\n|detailschange|p2a: Scovillain|Scovillain-Mega, L50, F\n|-mega|p2a: Scovillain|Scovillain|Scovillainite\n|-formechange|p1a: Aegislash|Aegislash-Blade|\n|move|p1a: Aegislash|Shadow Sneak|p2a: Scovillain\n|-damage|p2a: Scovillain|43/100\n|-status|p1a: Aegislash|brn|[from] ability: Spicy Spray|[of] p2a: Scovillain\n|move|p2a: Scovillain|Flamethrower|p1a: Aegislash\n|-supereffective|p1a: Aegislash|1\n|-damage|p1a: Aegislash|0 fnt\n|faint|p1a: Aegislash\n|\n|upkeep\n|\n|t:|1776196362\n|switch|p1a: Scizor|Scizor, L50, M|100/100\n|turn|10\n|\n|t:|1776196368\n|move|p2a: Scovillain|Flamethrower|p1a: Scizor\n|-supereffective|p1a: Scizor|2\n|-enditem|p1a: Scizor|Focus Sash\n|-damage|p1a: Scizor|1/100\n|move|p1a: Scizor|Bug Bite|p2a: Scovillain\n|-damage|p2a: Scovillain|1/100\n|-status|p1a: Scizor|brn|[from] ability: Spicy Spray|[of] p2a: Scovillain\n|\n|-damage|p1a: Scizor|0 fnt|[from] brn\n|faint|p1a: Scizor\n|upkeep\n|-message|SecretAdept forfeited.\n|\n|win|Mistah Boombastic\n|raw|SecretAdept's rating: 1000 &rarr; <strong>1000</strong><br />(+0 for losing)\n|raw|Mistah Boombastic's rating: 1000 &rarr; <strong>1040</strong><br />(+40 for winning)\n|l|\u2606SecretAdept\n|player|p1|\n",
  "uploadtime": 1776196380,
  "views": 2,
  "formatid": "gen9championsbssregma",
  "rating": 1000,
  "private": 0,
  "password": null
}