{
  "id": "gen9championsbssregma-2586546323",
  "format": "[Gen 9 Champions] BSS Reg M-A",
  "players": [
    "CrunchGang",
    "juste a normal guy"
  ],
  "log": "|j|\u2606CrunchGang\n|j|\u2606juste a normal guy\n|t:|1776442108\n|gametype|singles\n|player|p1|CrunchGang|policeman-gen4|1237\n|player|p2|juste a normal guy|unknown|1318\n|gen|9\n|tier|[Gen 9 Champions] BSS Reg M-A\n|rated|\n|rule|Species Clause: Limit one of each Pok\u00e9mon\n|rule|Item Clause: Limit 1 of each item\n|clearpoke\n|poke|p1|Banette, L50, F|\n|poke|p1|Araquanid, L50, F|\n|poke|p1|Kingambit, L50, F|\n|poke|p1|Kangaskhan, L50, F|\n|poke|p1|Rotom-Heat, L50|\n|poke|p1|Decidueye-Hisui, L50, M|\n|poke|p2|Charizard, L50, M|\n|poke|p2|Basculegion, L50, M|\n|poke|p2|Scizor, L50, M|\n|poke|p2|Venusaur, L50, F|\n|poke|p2|Garchomp, L50, F|\n|poke|p2|Sneasler, L50, M|\n|teampreview|3\n|inactive|Battle timer is ON: inactive players will automatically lose when time's up. (requested by juste a normal guy)\n|inactive|CrunchGang has 60 seconds left.\n|\n|t:|1776442145\n|teamsize|p1|3\n|teamsize|p2|3\n|start\n|switch|p1a: Kangaskhan|Kangaskhan, L50, F|100/100\n|switch|p2a: Garchomp|Garchomp, L50, F|100/100\n|turn|1\n|\n|t:|1776442154\n|move|p1a: Kangaskhan|Fake Out|p2a: Garchomp\n|-damage|p2a: Garchomp|78/100\n|cant|p2a: Garchomp|flinch\n|\n|upkeep\n|turn|2\n|\n|t:|1776442159\n|move|p2a: Garchomp|Rock Tomb|p1a: Kangaskhan\n|-damage|p1a: Kangaskhan|76/100\n|-unboost|p1a: Kangaskhan|spe|1\n|move|p1a: Kangaskhan|Last Resort|p2a: Garchomp\n|-damage|p2a: Garchomp|0 fnt\n|faint|p2a: Garchomp\n|\n|upkeep\n|\n|t:|1776442166\n|switch|p2a: Charizard|Charizard, L50, M|100/100\n|turn|3\n|\n|t:|1776442171\n|detailschange|p2a: Charizard|Charizard-Mega-Y, L50, M\n|-mega|p2a: Charizard|Charizard|Charizardite Y\n|-weather|SunnyDay|[from] ability: Drought|[of] p2a: Charizard\n|move|p2a: Charizard|Weather Ball|p1a: Kangaskhan\n|-damage|p1a: Kangaskhan|0 fnt\n|faint|p1a: Kangaskhan\n|\n|-weather|SunnyDay|[upkeep]\n|upkeep\n|\n|t:|1776442177\n|switch|p1a: Rotom|Rotom-Heat, L50|100/100\n|turn|4\n|\n|t:|1776442188\n|switch|p2a: Venusaur|Venusaur, L50, F|100/100\n|move|p1a: Rotom|Thunderbolt|p2a: Venusaur\n|-resisted|p2a: Venusaur|1\n|-crit|p2a: Venusaur\n|-damage|p2a: Venusaur|64/100\n|\n|-weather|SunnyDay|[upkeep]\n|upkeep\n|turn|5\n|\n|t:|1776442197\n|switch|p1a: Banette|Banette, L50, F|100/100\n|-item|p2a: Venusaur|Sitrus Berry|[from] ability: Frisk|[of] p1a: Banette\n|move|p2a: Venusaur|Sludge Wave|p1a: Banette\n|-resisted|p1a: Banette|1\n|-damage|p1a: Banette|70/100\n|\n|-weather|SunnyDay|[upkeep]\n|upkeep\n|turn|6\n|\n|t:|1776442210\n|detailschange|p1a: Banette|Banette-Mega, L50, F\n|-mega|p1a: Banette|Banette|Banettite\n|move|p1a: Banette|Encore|p2a: Venusaur\n|-start|p2a: Venusaur|Encore\n|move|p2a: Venusaur|Sludge Wave|p1a: Banette\n|-resisted|p1a: Banette|1\n|-damage|p1a: Banette|44/100\n|\n|-weather|SunnyDay|[upkeep]\n|upkeep\n|turn|7\n|\n|t:|1776442222\n|move|p1a: Banette|Swords Dance|p1a: Banette\n|-boost|p1a: Banette|atk|2\n|move|p2a: Venusaur|Sludge Wave|p1a: Banette\n|-resisted|p1a: Banette|1\n|-damage|p1a: Banette|17/100\n|-status|p1a: Banette|psn\n|\n|-weather|none\n|-damage|p1a: Banette|5/100 psn|[from] psn\n|upkeep\n|turn|8\n|\n|t:|1776442231\n|switch|p2a: Charizard|Charizard-Mega-Y, L50, M|100/100\n|-weather|SunnyDay|[from] ability: Drought|[of] p2a: Charizard\n|move|p1a: Banette|Shadow Sneak|p2a: Charizard\n|-crit|p2a: Charizard\n|-damage|p2a: Charizard|0 fnt\n|faint|p2a: Charizard\n|\n|-weather|SunnyDay|[upkeep]\n|-damage|p1a: Banette|0 fnt|[from] psn\n|faint|p1a: Banette\n|upkeep\n|\n|t:|1776442237\n|switch|p2a: Venusaur|Venusaur, L50, F|64/100\n|switch|p1a: Rotom|Rotom-Heat, L50|100/100\n|turn|9\n|\n|t:|1776442240\n|move|p1a: Rotom|Overheat|p2a: Venusaur\n|-supereffective|p2a: Venusaur|1\n|-damage|p2a: Venusaur|0 fnt\n|-unboost|p1a: Rotom|spa|2\n|faint|p2a: Venusaur\n|\n|win|CrunchGang\n|raw|CrunchGang's rating: 1237 &rarr; <strong>1268</strong><br />(+31 for winning)\n|raw|juste a normal guy's rating: 1318 &rarr; <strong>1293</strong><br />(-25 for losing)\n|l|\u2606juste a normal guy\n|player|p2|\n",
  "uploadtime": 1776442258,
  "views": 5,
  "formatid": "gen9championsbssregma",
  "rating": 1268,
  "private": 0,
  "password": null
}