{
  "id": "gen9championsbssregma-2585495502",
  "format": "[Gen 9 Champions] BSS Reg M-A",
  "players": [
    "BBBKTY",
    "aota12345"
  ],
  "log": "|j|\u2606BBBKTY\n|j|\u2606aota12345\n|t:|1776351401\n|gametype|singles\n|player|p1|BBBKTY|265|1184\n|player|p2|aota12345|lucas|1089\n|gen|9\n|tier|[Gen 9 Champions] BSS Reg M-A\n|rated|\n|rule|Species Clause: Limit one of each Pok\u00e9mon\n|rule|Item Clause: Limit 1 of each item\n|clearpoke\n|poke|p1|Dragapult, L50, M|\n|poke|p1|Alakazam, L50, M|\n|poke|p1|Azumarill, L50, M|\n|poke|p1|Clefable, L50, F|\n|poke|p1|Espathra, L50, F|\n|poke|p1|Glimmora, L50, M|\n|poke|p2|Whimsicott, L50, F|\n|poke|p2|Rotom-Wash, L50|\n|poke|p2|Umbreon, L50, M|\n|poke|p2|Kommo-o, L50, M|\n|poke|p2|Gengar, L50, F|\n|poke|p2|Scizor, L50, M|\n|teampreview|3\n|inactive|Battle timer is ON: inactive players will automatically lose when time's up. (requested by BBBKTY)\n|\n|t:|1776351434\n|teamsize|p1|3\n|teamsize|p2|3\n|start\n|switch|p1a: Glimmora|Glimmora, L50, M|100/100\n|switch|p2a: Rotom|Rotom-Wash, L50|100/100\n|turn|1\n|\n|t:|1776351442\n|move|p2a: Rotom|Trick|p1a: Glimmora\n|-activate|p2a: Rotom|move: Trick|[of] p1a: Glimmora\n|-item|p1a: Glimmora|Choice Scarf|[from] move: Trick\n|-item|p2a: Rotom|Focus Sash|[from] move: Trick\n|move|p1a: Glimmora|Stealth Rock|p2a: Rotom\n|-sidestart|p2: aota12345|move: Stealth Rock\n|\n|upkeep\n|turn|2\n|\n|t:|1776351454\n|switch|p1a: Espathra|Espathra, L50, F, shiny|100/100\n|move|p2a: Rotom|Will-O-Wisp|p1a: Espathra\n|-status|p1a: Espathra|brn\n|\n|-damage|p1a: Espathra|94/100 brn|[from] brn\n|upkeep\n|turn|3\n|\n|t:|1776351465\n|move|p1a: Espathra|Protect|p1a: Espathra\n|-singleturn|p1a: Espathra|Protect\n|move|p2a: Rotom|Hex|p1a: Espathra\n|-activate|p1a: Espathra|move: Protect\n|\n|-damage|p1a: Espathra|88/100 brn|[from] brn\n|-ability|p1a: Espathra|Speed Boost|boost\n|-boost|p1a: Espathra|spe|1\n|upkeep\n|turn|4\n|\n|t:|1776351478\n|move|p1a: Espathra|Baton Pass|p1a: Espathra\n|\n|t:|1776351480\n|switch|p1a: Clefable|Clefable, L50, F, shiny|100/100|[from] Baton Pass\n|move|p2a: Rotom|Hex|p1a: Clefable\n|-damage|p1a: Clefable|84/100\n|\n|upkeep\n|turn|5\n|\n|t:|1776351498\n|detailschange|p1a: Clefable|Clefable-Mega, L50, F, shiny\n|-mega|p1a: Clefable|Clefable|Clefablite\n|move|p1a: Clefable|Cosmic Power|p1a: Clefable\n|-boost|p1a: Clefable|def|1\n|-boost|p1a: Clefable|spd|1\n|move|p2a: Rotom|Will-O-Wisp|p1a: Clefable\n|move|p1a: Clefable|Will-O-Wisp|p2a: Rotom|[from] ability: Magic Bounce\n|-status|p2a: Rotom|brn\n|\n|-damage|p2a: Rotom|95/100 brn|[from] brn\n|upkeep\n|turn|6\n|\n|t:|1776351517\n|move|p1a: Clefable|Cosmic Power|p1a: Clefable\n|-boost|p1a: Clefable|def|1\n|-boost|p1a: Clefable|spd|1\n|move|p2a: Rotom|Thunderbolt|p1a: Clefable\n|-supereffective|p1a: Clefable|1\n|-damage|p1a: Clefable|52/100\n|-status|p1a: Clefable|par\n|\n|-damage|p2a: Rotom|89/100 brn|[from] brn\n|upkeep\n|turn|7\n|\n|t:|1776351528\n|move|p2a: Rotom|Thunderbolt|p1a: Clefable\n|-supereffective|p1a: Clefable|1\n|-damage|p1a: Clefable|24/100 par\n|move|p1a: Clefable|Moonlight|p1a: Clefable\n|-heal|p1a: Clefable|74/100 par\n|\n|-damage|p2a: Rotom|83/100 brn|[from] brn\n|upkeep\n|turn|8\n|\n|t:|1776351537\n|move|p2a: Rotom|Hex|p1a: Clefable\n|-damage|p1a: Clefable|60/100 par\n|move|p1a: Clefable|Moonlight|p1a: Clefable\n|-heal|p1a: Clefable|100/100 par\n|\n|-damage|p2a: Rotom|77/100 brn|[from] brn\n|upkeep\n|turn|9\n|\n|t:|1776351548\n|move|p2a: Rotom|Thunderbolt|p1a: Clefable\n|-supereffective|p1a: Clefable|1\n|-damage|p1a: Clefable|69/100 par\n|move|p1a: Clefable|Cosmic Power|p1a: Clefable\n|-boost|p1a: Clefable|def|1\n|-boost|p1a: Clefable|spd|1\n|\n|-damage|p2a: Rotom|71/100 brn|[from] brn\n|upkeep\n|turn|10\n|\n|t:|1776351558\n|move|p2a: Rotom|Thunderbolt|p1a: Clefable\n|-supereffective|p1a: Clefable|1\n|-damage|p1a: Clefable|47/100 par\n|cant|p1a: Clefable|par\n|\n|-damage|p2a: Rotom|65/100 brn|[from] brn\n|upkeep\n|turn|11\n|l|\u2606BBBKTY\n|inactive|BBBKTY disconnected and has a minute to reconnect!\n|player|p1|\n|inactive|BBBKTY has 30 seconds left.\n|inactive|aota12345 has 30 seconds left.\n|j|\u2606BBBKTY\n|inactive|BBBKTY reconnected and has 25 seconds left.\n|player|p1|BBBKTY|265|\n|\n|t:|1776351590\n|move|p2a: Rotom|Thunderbolt|p1a: Clefable\n|-supereffective|p1a: Clefable|1\n|-damage|p1a: Clefable|23/100 par\n|move|p1a: Clefable|Moonlight|p1a: Clefable\n|-heal|p1a: Clefable|73/100 par\n|\n|-damage|p2a: Rotom|59/100 brn|[from] brn\n|upkeep\n|turn|12\n|\n|t:|1776351602\n|move|p2a: Rotom|Thunderbolt|p1a: Clefable\n|-supereffective|p1a: Clefable|1\n|-damage|p1a: Clefable|50/100 par\n|move|p1a: Clefable|Cosmic Power|p1a: Clefable\n|-boost|p1a: Clefable|def|1\n|-boost|p1a: Clefable|spd|1\n|\n|-damage|p2a: Rotom|53/100 brn|[from] brn\n|upkeep\n|turn|13\n|\n|t:|1776351623\n|move|p2a: Rotom|Thunderbolt|p1a: Clefable\n|-supereffective|p1a: Clefable|1\n|-damage|p1a: Clefable|32/100 par\n|cant|p1a: Clefable|par\n|\n|-damage|p2a: Rotom|47/100 brn|[from] brn\n|upkeep\n|turn|14\n|\n|t:|1776351633\n|move|p2a: Rotom|Thunderbolt|p1a: Clefable\n|-supereffective|p1a: Clefable|1\n|-damage|p1a: Clefable|13/100 par\n|move|p1a: Clefable|Moonlight|p1a: Clefable\n|-heal|p1a: Clefable|63/100 par\n|\n|-damage|p2a: Rotom|41/100 brn|[from] brn\n|upkeep\n|turn|15\n|\n|t:|1776351645\n|move|p2a: Rotom|Thunderbolt|p1a: Clefable\n|-supereffective|p1a: Clefable|1\n|-damage|p1a: Clefable|45/100 par\n|move|p1a: Clefable|Cosmic Power|p1a: Clefable\n|-boost|p1a: Clefable|def|1\n|-boost|p1a: Clefable|spd|1\n|\n|-damage|p2a: Rotom|35/100 brn|[from] brn\n|upkeep\n|turn|16\n|\n|t:|1776351655\n|move|p2a: Rotom|Thunderbolt|p1a: Clefable\n|-supereffective|p1a: Clefable|1\n|-damage|p1a: Clefable|30/100 par\n|move|p1a: Clefable|Moonlight|p1a: Clefable\n|-heal|p1a: Clefable|80/100 par\n|\n|-damage|p2a: Rotom|29/100 brn|[from] brn\n|upkeep\n|turn|17\n|\n|t:|1776351664\n|move|p2a: Rotom|Thunderbolt|p1a: Clefable\n|-supereffective|p1a: Clefable|1\n|-damage|p1a: Clefable|62/100 par\n|move|p1a: Clefable|Cosmic Power|p1a: Clefable\n|-boost|p1a: Clefable|def|1\n|-boost|p1a: Clefable|spd|1\n|\n|-damage|p2a: Rotom|23/100 brn|[from] brn\n|upkeep\n|turn|18\n|\n|t:|1776351674\n|move|p2a: Rotom|Thunderbolt|p1a: Clefable\n|-supereffective|p1a: Clefable|1\n|-damage|p1a: Clefable|45/100 par\n|cant|p1a: Clefable|par\n|\n|-damage|p2a: Rotom|17/100 brn|[from] brn\n|upkeep\n|turn|19\n|l|\u2606BBBKTY\n|inactive|BBBKTY disconnected and has a minute to reconnect!\n|player|p1|\n|inactive|BBBKTY has 30 seconds left.\n|inactive|aota12345 has 30 seconds left.\n|j|\u2606BBBKTY\n|inactive|BBBKTY reconnected and has 25 seconds left.\n|player|p1|BBBKTY|265|\n|inactive|BBBKTY has 20 seconds left.\n|inactive|aota12345 has 20 seconds left.\n|inactive|aota12345 has 15 seconds left.\n|inactive|aota12345 has 10 seconds left.\n|inactive|aota12345 has 5 seconds left.\n|\n|t:|1776351729\n|move|p2a: Rotom|Trick||[still]\n|-fail|p2a: Rotom\n|cant|p1a: Clefable|par\n|\n|-damage|p2a: Rotom|11/100 brn|[from] brn\n|upkeep\n|turn|20\n|inactive|aota12345 has 30 seconds left.\n|\n|t:|1776351762\n|move|p2a: Rotom|Thunderbolt|p1a: Clefable\n|-supereffective|p1a: Clefable|1\n|-damage|p1a: Clefable|31/100 par\n|move|p1a: Clefable|Moonlight|p1a: Clefable\n|-heal|p1a: Clefable|81/100 par\n|\n|-damage|p2a: Rotom|5/100 brn|[from] brn\n|upkeep\n|turn|21\n|\n|t:|1776351778\n|move|p2a: Rotom|Thunderbolt|p1a: Clefable\n|-supereffective|p1a: Clefable|1\n|-damage|p1a: Clefable|67/100 par\n|move|p1a: Clefable|Stored Power|p2a: Rotom\n|-damage|p2a: Rotom|0 fnt\n|faint|p2a: Rotom\n|\n|upkeep\n|\n|t:|1776351792\n|switch|p2a: Scizor|Scizor, L50, M|100/100\n|-damage|p2a: Scizor|88/100|[from] Stealth Rock\n|turn|22\n|\n|t:|1776351801\n|detailschange|p2a: Scizor|Scizor-Mega, L50, M\n|-mega|p2a: Scizor|Scizor|Scizorite\n|move|p2a: Scizor|Bullet Punch|p1a: Clefable\n|-supereffective|p1a: Clefable|1\n|-damage|p1a: Clefable|49/100 par\n|move|p1a: Clefable|Stored Power|p2a: Scizor\n|-resisted|p2a: Scizor|1\n|-damage|p2a: Scizor|44/100\n|\n|upkeep\n|turn|23\n|inactive|aota12345 has 30 seconds left.\n|\n|t:|1776351826\n|move|p2a: Scizor|Roost|p2a: Scizor\n|-heal|p2a: Scizor|95/100\n|-singleturn|p2a: Scizor|move: Roost\n|cant|p1a: Clefable|par\n|\n|upkeep\n|turn|24\n|\n|t:|1776351834\n|move|p2a: Scizor|Bullet Punch|p1a: Clefable\n|-supereffective|p1a: Clefable|1\n|-damage|p1a: Clefable|32/100 par\n|move|p1a: Clefable|Moonlight|p1a: Clefable\n|-heal|p1a: Clefable|82/100 par\n|\n|upkeep\n|turn|25\n|\n|t:|1776351850\n|move|p2a: Scizor|Bullet Punch|p1a: Clefable\n|-supereffective|p1a: Clefable|1\n|-damage|p1a: Clefable|67/100 par\n|move|p1a: Clefable|Stored Power|p2a: Scizor\n|-resisted|p2a: Scizor|1\n|-crit|p2a: Scizor\n|-damage|p2a: Scizor|36/100\n|\n|upkeep\n|turn|26\n|\n|t:|1776351858\n|move|p2a: Scizor|Roost|p2a: Scizor\n|-heal|p2a: Scizor|87/100\n|-singleturn|p2a: Scizor|move: Roost\n|move|p1a: Clefable|Stored Power|p2a: Scizor\n|-resisted|p2a: Scizor|1\n|-damage|p2a: Scizor|43/100\n|\n|upkeep\n|turn|27\n|\n|t:|1776351867\n|move|p2a: Scizor|Roost|p2a: Scizor\n|-heal|p2a: Scizor|94/100\n|-singleturn|p2a: Scizor|move: Roost\n|move|p1a: Clefable|Stored Power|p2a: Scizor\n|-resisted|p2a: Scizor|1\n|-damage|p2a: Scizor|55/100\n|\n|upkeep\n|turn|28\n|\n|t:|1776351886\n|move|p2a: Scizor|Roost|p2a: Scizor\n|-heal|p2a: Scizor|100/100\n|-singleturn|p2a: Scizor|move: Roost\n|move|p1a: Clefable|Stored Power|p2a: Scizor\n|-resisted|p2a: Scizor|1\n|-damage|p2a: Scizor|59/100\n|\n|upkeep\n|turn|29\n|\n|t:|1776351903\n|move|p2a: Scizor|Swords Dance|p2a: Scizor\n|-boost|p2a: Scizor|atk|2\n|move|p1a: Clefable|Stored Power|p2a: Scizor\n|-resisted|p2a: Scizor|1\n|-crit|p2a: Scizor\n|-damage|p2a: Scizor|1/100\n|\n|upkeep\n|turn|30\n|inactive|BBBKTY has 30 seconds left.\n|\n|t:|1776351928\n|move|p2a: Scizor|Bullet Punch|p1a: Clefable\n|-supereffective|p1a: Clefable|1\n|-damage|p1a: Clefable|32/100 par\n|move|p1a: Clefable|Stored Power|p2a: Scizor\n|-resisted|p2a: Scizor|1\n|-damage|p2a: Scizor|0 fnt\n|faint|p2a: Scizor\n|\n|upkeep\n|inactive|aota12345 has 30 seconds left.\n|\n|t:|1776351937\n|switch|p2a: Gengar|Gengar, L50, F|100/100\n|-damage|p2a: Gengar|88/100|[from] Stealth Rock\n|turn|31\n|inactive|aota12345 has 30 seconds left this turn.\n|\n|t:|1776351946\n|move|p2a: Gengar|Sludge Wave|p1a: Clefable\n|-supereffective|p1a: Clefable|1\n|-damage|p1a: Clefable|10/100 par\n|cant|p1a: Clefable|par\n|\n|upkeep\n|turn|32\n|inactive|aota12345 has 25 seconds left this turn.\n|inactive|aota12345 has 20 seconds left.\n|\n|t:|1776351954\n|move|p2a: Gengar|Sludge Wave|p1a: Clefable\n|-supereffective|p1a: Clefable|1\n|-damage|p1a: Clefable|0 fnt\n|faint|p1a: Clefable\n|\n|upkeep\n|\n|t:|1776351958\n|switch|p1a: Espathra|Espathra, L50, F, shiny|88/100 brn\n|turn|33\n|inactive|aota12345 has 20 seconds left this turn.\n|inactive|aota12345 has 15 seconds left.\n|inactive|aota12345 has 10 seconds left.\n|inactive|aota12345 has 5 seconds left.\n|\n|t:|1776351974\n|move|p2a: Gengar|Shadow Ball|p1a: Espathra\n|-supereffective|p1a: Espathra|1\n|-damage|p1a: Espathra|3/100 brn\n|-enditem|p1a: Espathra|Sitrus Berry|[eat]\n|-heal|p1a: Espathra|27/100 brn|[from] item: Sitrus Berry\n|move|p1a: Espathra|Lumina Crash|p2a: Gengar\n|-supereffective|p2a: Gengar|1\n|-damage|p2a: Gengar|0 fnt\n|faint|p2a: Gengar\n|\n|win|BBBKTY\n|raw|BBBKTY's rating: 1184 &rarr; <strong>1202</strong><br />(+18 for winning)\n|raw|aota12345's rating: 1089 &rarr; <strong>1072</strong><br />(-17 for losing)\n",
  "uploadtime": 1776351980,
  "views": 6,
  "formatid": "gen9championsbssregma",
  "rating": 1072,
  "private": 0,
  "password": null
}