{
  "id": "gen9championsbssregma-2587946844",
  "format": "[Gen 9 Champions] BSS Reg M-A",
  "players": [
    "yoursodapop",
    "yukd-\u30eb\u30a2\u30c9"
  ],
  "log": "|j|\u2606yoursodapop\n|j|\u2606yukd-\u30eb\u30a2\u30c9\n|t:|1776583086\n|gametype|singles\n|player|p1|yoursodapop|dawn|1187\n|player|p2|yukd-\u30eb\u30a2\u30c9|lyra|1163\n|gen|9\n|tier|[Gen 9 Champions] BSS Reg M-A\n|rated|\n|rule|Species Clause: Limit one of each Pok\u00e9mon\n|rule|Item Clause: Limit 1 of each item\n|clearpoke\n|poke|p1|Delphox, L50, M|\n|poke|p1|Primarina, L50, F|\n|poke|p1|Rotom-Wash, L50|\n|poke|p1|Kleavor, L50, F|\n|poke|p1|Garchomp, L50, M|\n|poke|p1|Kingambit, L50, F|\n|poke|p2|Lopunny, L50, F|\n|poke|p2|Skeledirge, L50, M|\n|poke|p2|Floette-Eternal, L50, F|\n|poke|p2|Glimmora, L50, M|\n|poke|p2|Milotic, L50, F|\n|poke|p2|Kingambit, L50, M|\n|teampreview|3\n|inactive|Battle timer is ON: inactive players will automatically lose when time's up. (requested by yoursodapop)\n|\n|t:|1776583116\n|teamsize|p1|3\n|teamsize|p2|3\n|start\n|switch|p1a: \ud55c\uce74\ub9ac\uc544\uc2a4|Garchomp, L50, M|100/100\n|switch|p2a: Glimmora|Glimmora, L50, M|100/100\n|turn|1\n|\n|t:|1776583123\n|move|p1a: \ud55c\uce74\ub9ac\uc544\uc2a4|Earthquake|p2a: Glimmora\n|-supereffective|p2a: Glimmora|2\n|-enditem|p2a: Glimmora|Focus Sash\n|-damage|p2a: Glimmora|1/100\n|-activate|p2a: Glimmora|ability: Toxic Debris\n|-sidestart|p1: yoursodapop|move: Toxic Spikes\n|move|p2a: Glimmora|Stealth Rock|p1a: \ud55c\uce74\ub9ac\uc544\uc2a4\n|-sidestart|p1: yoursodapop|move: Stealth Rock\n|\n|upkeep\n|turn|2\n|\n|t:|1776583135\n|move|p1a: \ud55c\uce74\ub9ac\uc544\uc2a4|Rock Tomb|p2a: Glimmora\n|-crit|p2a: Glimmora\n|-damage|p2a: Glimmora|0 fnt\n|-activate|p2a: Glimmora|ability: Toxic Debris\n|-sidestart|p1: yoursodapop|move: Toxic Spikes\n|faint|p2a: Glimmora\n|\n|upkeep\n|\n|t:|1776583142\n|switch|p2a: Lopunny|Lopunny, L50, F|100/100\n|turn|3\n|\n|t:|1776583150\n|detailschange|p2a: Lopunny|Lopunny-Mega, L50, F\n|-mega|p2a: Lopunny|Lopunny|Lopunnite\n|move|p1a: \ud55c\uce74\ub9ac\uc544\uc2a4|Outrage|p2a: Lopunny\n|-damage|p2a: Lopunny|55/100\n|move|p2a: Lopunny|Cotton Guard|p2a: Lopunny\n|-boost|p2a: Lopunny|def|3\n|\n|upkeep\n|turn|4\n|\n|t:|1776583162\n|move|p1a: \ud55c\uce74\ub9ac\uc544\uc2a4|Outrage|p2a: Lopunny|[from] lockedmove\n|-damage|p2a: Lopunny|36/100\n|move|p2a: Lopunny|Swords Dance|p2a: Lopunny\n|-boost|p2a: Lopunny|atk|2\n|\n|upkeep\n|turn|5\n|\n|t:|1776583169\n|move|p1a: \ud55c\uce74\ub9ac\uc544\uc2a4|Outrage|p2a: Lopunny|[from] lockedmove\n|-damage|p2a: Lopunny|17/100\n|-start|p1a: \ud55c\uce74\ub9ac\uc544\uc2a4|confusion|[fatigue]\n|move|p2a: Lopunny|Drain Punch|p1a: \ud55c\uce74\ub9ac\uc544\uc2a4\n|-damage|p1a: \ud55c\uce74\ub9ac\uc544\uc2a4|37/100\n|-heal|p2a: Lopunny|51/100|[from] drain|[of] p1a: \ud55c\uce74\ub9ac\uc544\uc2a4\n|-damage|p2a: Lopunny|39/100|[from] ability: Rough Skin|[of] p1a: \ud55c\uce74\ub9ac\uc544\uc2a4\n|\n|upkeep\n|turn|6\n|\n|t:|1776583180\n|-activate|p1a: \ud55c\uce74\ub9ac\uc544\uc2a4|confusion\n|move|p1a: \ud55c\uce74\ub9ac\uc544\uc2a4|Rock Tomb|p2a: Lopunny\n|-resisted|p2a: Lopunny|1\n|-damage|p2a: Lopunny|35/100\n|-unboost|p2a: Lopunny|spe|1\n|move|p2a: Lopunny|Drain Punch|p1a: \ud55c\uce74\ub9ac\uc544\uc2a4\n|-damage|p1a: \ud55c\uce74\ub9ac\uc544\uc2a4|0 fnt\n|-heal|p2a: Lopunny|55/100|[from] drain|[of] p1a: \ud55c\uce74\ub9ac\uc544\uc2a4\n|-damage|p2a: Lopunny|43/100|[from] ability: Rough Skin|[of] p1a: \ud55c\uce74\ub9ac\uc544\uc2a4\n|faint|p1a: \ud55c\uce74\ub9ac\uc544\uc2a4\n|\n|upkeep\n|\n|t:|1776583188\n|switch|p1a: \ub204\ub9ac\ub808\ub290|Primarina, L50, F|100/100\n|-status|p1a: \ub204\ub9ac\ub808\ub290|tox\n|-damage|p1a: \ub204\ub9ac\ub808\ub290|88/100 tox|[from] Stealth Rock\n|turn|7\n|\n|t:|1776583205\n|switch|p2a: Milotic|Milotic, L50, F|100/100\n|move|p1a: \ub204\ub9ac\ub808\ub290|Moonblast|p2a: Milotic\n|-crit|p2a: Milotic\n|-damage|p2a: Milotic|56/100\n|\n|-heal|p1a: \ub204\ub9ac\ub808\ub290|94/100 tox|[from] item: Leftovers\n|-damage|p1a: \ub204\ub9ac\ub808\ub290|88/100 tox|[from] psn\n|upkeep\n|turn|8\n|\n|t:|1776583215\n|move|p2a: Milotic|Recover|p2a: Milotic\n|-heal|p2a: Milotic|100/100\n|move|p1a: \ub204\ub9ac\ub808\ub290|Moonblast|p2a: Milotic\n|-damage|p2a: Milotic|75/100\n|\n|-heal|p1a: \ub204\ub9ac\ub808\ub290|94/100 tox|[from] item: Leftovers\n|-damage|p1a: \ub204\ub9ac\ub808\ub290|82/100 tox|[from] psn\n|upkeep\n|turn|9\n|\n|t:|1776583227\n|move|p2a: Milotic|Scald|p1a: \ub204\ub9ac\ub808\ub290\n|-resisted|p1a: \ub204\ub9ac\ub808\ub290|1\n|-damage|p1a: \ub204\ub9ac\ub808\ub290|70/100 tox\n|move|p1a: \ub204\ub9ac\ub808\ub290|Moonblast|p2a: Milotic\n|-damage|p2a: Milotic|49/100\n|\n|-heal|p1a: \ub204\ub9ac\ub808\ub290|76/100 tox|[from] item: Leftovers\n|-damage|p1a: \ub204\ub9ac\ub808\ub290|58/100 tox|[from] psn\n|upkeep\n|turn|10\n|\n|t:|1776583237\n|move|p2a: Milotic|Recover|p2a: Milotic\n|-heal|p2a: Milotic|99/100\n|move|p1a: \ub204\ub9ac\ub808\ub290|Encore|p2a: Milotic\n|-start|p2a: Milotic|Encore\n|\n|-heal|p1a: \ub204\ub9ac\ub808\ub290|64/100 tox|[from] item: Leftovers\n|-damage|p1a: \ub204\ub9ac\ub808\ub290|41/100 tox|[from] psn\n|upkeep\n|turn|11\n|\n|t:|1776583247\n|move|p2a: Milotic|Recover|p2a: Milotic\n|-heal|p2a: Milotic|100/100\n|move|p1a: \ub204\ub9ac\ub808\ub290|Moonblast|p2a: Milotic\n|-damage|p2a: Milotic|72/100\n|\n|-heal|p1a: \ub204\ub9ac\ub808\ub290|46/100 tox|[from] item: Leftovers\n|-damage|p1a: \ub204\ub9ac\ub808\ub290|17/100 tox|[from] psn\n|upkeep\n|turn|12\n|\n|t:|1776583257\n|move|p2a: Milotic|Recover|p2a: Milotic\n|-heal|p2a: Milotic|100/100\n|move|p1a: \ub204\ub9ac\ub808\ub290|Moonblast|p2a: Milotic|[miss]\n|-miss|p1a: \ub204\ub9ac\ub808\ub290|p2a: Milotic\n|\n|-heal|p1a: \ub204\ub9ac\ub808\ub290|23/100 tox|[from] item: Leftovers\n|-damage|p1a: \ub204\ub9ac\ub808\ub290|0 fnt|[from] psn\n|faint|p1a: \ub204\ub9ac\ub808\ub290\n|upkeep\n|\n|t:|1776583267\n|switch|p1a: \uc0ac\ub9c8\uc790\ub974|Kleavor, L50, F|100/100\n|-status|p1a: \uc0ac\ub9c8\uc790\ub974|tox\n|-damage|p1a: \uc0ac\ub9c8\uc790\ub974|76/100 tox|[from] Stealth Rock\n|turn|13\n|\n|t:|1776583275\n|move|p1a: \uc0ac\ub9c8\uc790\ub974|X-Scissor|p2a: Milotic\n|-damage|p2a: Milotic|29/100\n|move|p2a: Milotic|Recover|p2a: Milotic\n|-heal|p2a: Milotic|79/100\n|\n|-damage|p1a: \uc0ac\ub9c8\uc790\ub974|70/100 tox|[from] psn\n|-end|p2a: Milotic|Encore\n|upkeep\n|turn|14\n|\n|t:|1776583286\n|move|p1a: \uc0ac\ub9c8\uc790\ub974|X-Scissor|p2a: Milotic\n|-damage|p2a: Milotic|0 fnt\n|faint|p2a: Milotic\n|\n|-damage|p1a: \uc0ac\ub9c8\uc790\ub974|58/100 tox|[from] psn\n|upkeep\n|\n|t:|1776583295\n|switch|p2a: Lopunny|Lopunny-Mega, L50, F|43/100\n|turn|15\n|\n|t:|1776583301\n|move|p1a: \uc0ac\ub9c8\uc790\ub974|X-Scissor|p2a: Lopunny\n|-resisted|p2a: Lopunny|1\n|-crit|p2a: Lopunny\n|-damage|p2a: Lopunny|5/100\n|move|p2a: Lopunny|Drain Punch|p1a: \uc0ac\ub9c8\uc790\ub974\n|-damage|p1a: \uc0ac\ub9c8\uc790\ub974|15/100 tox\n|-heal|p2a: Lopunny|24/100|[from] drain|[of] p1a: \uc0ac\ub9c8\uc790\ub974\n|\n|-damage|p1a: \uc0ac\ub9c8\uc790\ub974|0 fnt|[from] psn\n|faint|p1a: \uc0ac\ub9c8\uc790\ub974\n|\n|win|yukd-\u30eb\u30a2\u30c9\n|raw|yoursodapop's rating: 1187 &rarr; <strong>1160</strong><br />(-27 for losing)\n|raw|yukd-\u30eb\u30a2\u30c9's rating: 1163 &rarr; <strong>1190</strong><br />(+27 for winning)\n|l|\u2606yoursodapop\n|player|p1|\n",
  "uploadtime": 1776583324,
  "views": 1,
  "formatid": "gen9championsbssregma",
  "rating": 1160,
  "private": 0,
  "password": null
}