{
  "id": "gen9championsbssregma-2589423496",
  "format": "[Gen 9 Champions] BSS Reg M-A",
  "players": [
    "alessan94",
    "seiyokumazinX"
  ],
  "log": "|j|\u2606alessan94\n|j|\u2606seiyokumazinX\n|t:|1776721731\n|gametype|singles\n|player|p1|alessan94|266|1390\n|player|p2|seiyokumazinX|pokemaniac|1470\n|gen|9\n|tier|[Gen 9 Champions] BSS Reg M-A\n|rated|\n|rule|Species Clause: Limit one of each Pok\u00e9mon\n|rule|Item Clause: Limit 1 of each item\n|clearpoke\n|poke|p1|Lucario, L50, M|\n|poke|p1|Starmie, L50|\n|poke|p1|Mimikyu, L50, M|\n|poke|p1|Archaludon, L50, F|\n|poke|p1|Garchomp, L50, F|\n|poke|p1|Pelipper, L50, M|\n|poke|p2|Tyranitar, L50, M|\n|poke|p2|Ditto, L50|\n|poke|p2|Scovillain, L50, M, shiny|\n|poke|p2|Corviknight, L50, F|\n|poke|p2|Bellibolt, L50, F|\n|poke|p2|Palafin, L50, M, shiny|\n|teampreview|3\n|\n|t:|1776721789\n|teamsize|p1|3\n|teamsize|p2|3\n|start\n|switch|p1a: Pelipper|Pelipper, L50, M|100/100\n|switch|p2a: Scovillain|Scovillain, L50, M, shiny|100/100\n|-weather|RainDance|[from] ability: Drizzle|[of] p1a: Pelipper\n|turn|1\n|inactive|Battle timer is ON: inactive players will automatically lose when time's up. (requested by alessan94)\n|\n|t:|1776721798\n|switch|p2a: Tyranitar|Tyranitar, L50, M|100/100\n|-weather|Sandstorm|[from] ability: Sand Stream|[of] p2a: Tyranitar\n|move|p1a: Pelipper|Hurricane|p2a: Tyranitar\n|-resisted|p2a: Tyranitar|1\n|-damage|p2a: Tyranitar|91/100\n|-start|p2a: Tyranitar|confusion\n|\n|-weather|Sandstorm|[upkeep]\n|-damage|p1a: Pelipper|95/100|[from] Sandstorm\n|-heal|p2a: Tyranitar|97/100|[from] item: Leftovers\n|upkeep\n|turn|2\n|\n|t:|1776721815\n|move|p1a: Pelipper|U-turn|p2a: Tyranitar\n|-supereffective|p2a: Tyranitar|1\n|-damage|p2a: Tyranitar|84/100\n|\n|t:|1776721820\n|switch|p1a: Lucario|Lucario, L50, M|100/100|[from] U-turn\n|-activate|p2a: Tyranitar|confusion\n|move|p2a: Tyranitar|Superpower|p1a: Lucario\n|-supereffective|p1a: Lucario|1\n|-damage|p1a: Lucario|0 fnt\n|-unboost|p2a: Tyranitar|atk|1\n|-unboost|p2a: Tyranitar|def|1\n|faint|p1a: Lucario\n|\n|-weather|Sandstorm|[upkeep]\n|-heal|p2a: Tyranitar|89/100|[from] item: Leftovers\n|upkeep\n|\n|t:|1776721837\n|switch|p1a: Archaludon|Archaludon, L50, F|100/100\n|turn|3\n|\n|t:|1776721860\n|switch|p1a: Pelipper|Pelipper, L50, M|95/100\n|-weather|RainDance|[from] ability: Drizzle|[of] p1a: Pelipper\n|switch|p2a: Scovillain|Scovillain, L50, M, shiny|100/100\n|\n|-weather|RainDance|[upkeep]\n|-ability|p2a: Scovillain|Moody|boost\n|-boost|p2a: Scovillain|atk|2\n|-unboost|p2a: Scovillain|spa|1\n|upkeep\n|turn|4\n|\n|t:|1776721874\n|switch|p2a: Tyranitar|Tyranitar, L50, M|89/100\n|-weather|Sandstorm|[from] ability: Sand Stream|[of] p2a: Tyranitar\n|move|p1a: Pelipper|U-turn|p2a: Tyranitar\n|-supereffective|p2a: Tyranitar|1\n|-damage|p2a: Tyranitar|75/100\n|\n|t:|1776721880\n|switch|p1a: Archaludon|Archaludon, L50, F|100/100|[from] U-turn\n|\n|-weather|Sandstorm|[upkeep]\n|-heal|p2a: Tyranitar|81/100|[from] item: Leftovers\n|upkeep\n|turn|5\n|\n|t:|1776721892\n|switch|p1a: Pelipper|Pelipper, L50, M|95/100\n|-weather|RainDance|[from] ability: Drizzle|[of] p1a: Pelipper\n|move|p2a: Tyranitar|Superpower|p1a: Pelipper\n|-resisted|p1a: Pelipper|1\n|-damage|p1a: Pelipper|71/100\n|-unboost|p2a: Tyranitar|atk|1\n|-unboost|p2a: Tyranitar|def|1\n|\n|-weather|RainDance|[upkeep]\n|-heal|p2a: Tyranitar|86/100|[from] item: Leftovers\n|upkeep\n|turn|6\n|\n|t:|1776721904\n|switch|p1a: Archaludon|Archaludon, L50, F|100/100\n|switch|p2a: Scovillain|Scovillain, L50, M, shiny|100/100\n|\n|-weather|RainDance|[upkeep]\n|-ability|p2a: Scovillain|Moody|boost\n|-boost|p2a: Scovillain|atk|2\n|-unboost|p2a: Scovillain|spd|1\n|upkeep\n|turn|7\n|\n|t:|1776721914\n|switch|p2a: Tyranitar|Tyranitar, L50, M|86/100\n|-weather|Sandstorm|[from] ability: Sand Stream|[of] p2a: Tyranitar\n|move|p1a: Archaludon|Electro Shot||[still]\n|-prepare|p1a: Archaludon|Electro Shot\n|-boost|p1a: Archaludon|spa|1\n|\n|-weather|Sandstorm|[upkeep]\n|-heal|p2a: Tyranitar|92/100|[from] item: Leftovers\n|upkeep\n|turn|8\n|\n|t:|1776721925\n|move|p1a: Archaludon|Electro Shot|p2a: Tyranitar|[from] lockedmove\n|-damage|p2a: Tyranitar|71/100\n|move|p2a: Tyranitar|Superpower|p1a: Archaludon\n|-supereffective|p1a: Archaludon|1\n|-damage|p1a: Archaludon|52/100\n|-unboost|p2a: Tyranitar|atk|1\n|-unboost|p2a: Tyranitar|def|1\n|-ability|p1a: Archaludon|Stamina|boost\n|-boost|p1a: Archaludon|def|1\n|\n|-weather|Sandstorm|[upkeep]\n|-heal|p1a: Archaludon|58/100|[from] item: Leftovers\n|-heal|p2a: Tyranitar|76/100|[from] item: Leftovers\n|upkeep\n|turn|9\n|\n|t:|1776721946\n|switch|p2a: Corviknight|Corviknight, L50, F|100/100\n|-ability|p2a: Corviknight|Pressure\n|move|p1a: Archaludon|Aura Sphere|p2a: Corviknight\n|-damage|p2a: Corviknight|76/100\n|\n|-weather|Sandstorm|[upkeep]\n|-heal|p1a: Archaludon|64/100|[from] item: Leftovers\n|upkeep\n|turn|10\n|\n|t:|1776721959\n|move|p1a: Archaludon|Electro Shot||[still]\n|-prepare|p1a: Archaludon|Electro Shot\n|-boost|p1a: Archaludon|spa|1\n|move|p2a: Corviknight|Iron Defense|p2a: Corviknight\n|-boost|p2a: Corviknight|def|2\n|\n|-weather|Sandstorm|[upkeep]\n|-heal|p1a: Archaludon|70/100|[from] item: Leftovers\n|upkeep\n|turn|11\n|\n|t:|1776721971\n|move|p1a: Archaludon|Electro Shot|p2a: Corviknight|[from] lockedmove\n|-supereffective|p2a: Corviknight|1\n|-damage|p2a: Corviknight|0 fnt\n|faint|p2a: Corviknight\n|\n|-weather|none\n|-heal|p1a: Archaludon|76/100|[from] item: Leftovers\n|upkeep\n|\n|t:|1776721981\n|switch|p2a: Scovillain|Scovillain, L50, M, shiny|100/100\n|turn|12\n|l|\u2606seiyokumazinX\n|inactive|seiyokumazinX disconnected and has a minute to reconnect!\n|player|p2|\n|inactive|seiyokumazinX has 30 seconds left.\n|j|\u2606seiyokumazinX\n|inactive|seiyokumazinX reconnected and has 30 seconds left.\n|player|p2|seiyokumazinX|pokemaniac|\n|\n|t:|1776722012\n|detailschange|p2a: Scovillain|Scovillain-Mega, L50, M, shiny\n|-mega|p2a: Scovillain|Scovillain|Scovillainite\n|move|p1a: Archaludon|Dragon Pulse|p2a: Scovillain\n|-damage|p2a: Scovillain|14/100\n|-status|p1a: Archaludon|brn|[from] ability: Spicy Spray|[of] p2a: Scovillain\n|move|p2a: Scovillain|Leech Seed|p1a: Archaludon\n|-start|p1a: Archaludon|move: Leech Seed\n|\n|-heal|p1a: Archaludon|82/100 brn|[from] item: Leftovers\n|-damage|p1a: Archaludon|70/100 brn|[from] Leech Seed|[of] p2a: Scovillain\n|-heal|p2a: Scovillain|28/100|[silent]\n|-damage|p1a: Archaludon|64/100 brn|[from] brn\n|upkeep\n|turn|13\n|\n|t:|1776722029\n|move|p2a: Scovillain|Endure|p2a: Scovillain\n|-singleturn|p2a: Scovillain|move: Endure\n|move|p1a: Archaludon|Dragon Pulse|p2a: Scovillain\n|-activate|p2a: Scovillain|move: Endure\n|-damage|p2a: Scovillain|1/100\n|\n|-heal|p1a: Archaludon|70/100 brn|[from] item: Leftovers\n|-damage|p1a: Archaludon|58/100 brn|[from] Leech Seed|[of] p2a: Scovillain\n|-heal|p2a: Scovillain|15/100|[silent]\n|-damage|p1a: Archaludon|52/100 brn|[from] brn\n|upkeep\n|turn|14\n|j| marceluiz\n|inactive|alessan94 has 30 seconds left.\n|\n|t:|1776722058\n|switch|p2a: Tyranitar|Tyranitar, L50, M|76/100\n|-weather|Sandstorm|[from] ability: Sand Stream|[of] p2a: Tyranitar\n|move|p1a: Archaludon|Dragon Pulse|p2a: Tyranitar\n|-damage|p2a: Tyranitar|47/100\n|\n|-weather|Sandstorm|[upkeep]\n|-heal|p1a: Archaludon|58/100 brn|[from] item: Leftovers\n|-heal|p2a: Tyranitar|53/100|[from] item: Leftovers\n|-damage|p1a: Archaludon|46/100 brn|[from] Leech Seed|[of] p2a: Tyranitar\n|-heal|p2a: Tyranitar|64/100|[silent]\n|-damage|p1a: Archaludon|40/100 brn|[from] brn\n|upkeep\n|turn|15\n|j| bauses\n|\n|t:|1776722074\n|move|p1a: Archaludon|Aura Sphere|p2a: Tyranitar\n|-supereffective|p2a: Tyranitar|2\n|-damage|p2a: Tyranitar|0 fnt\n|faint|p2a: Tyranitar\n|\n|-weather|Sandstorm|[upkeep]\n|-heal|p1a: Archaludon|46/100 brn|[from] item: Leftovers\n|-damage|p1a: Archaludon|40/100 brn|[from] brn\n|upkeep\n|-message|seiyokumazinX forfeited.\n|\n|win|alessan94\n|raw|alessan94's rating: 1390 &rarr; <strong>1415</strong><br />(+25 for winning)\n|raw|seiyokumazinX's rating: 1470 &rarr; <strong>1445</strong><br />(-25 for losing)\n|l|\u2606seiyokumazinX\n|player|p2|\n|l| marceluiz\n|l|\u2606alessan94\n|player|p1|\n",
  "uploadtime": 1776722117,
  "views": 3,
  "formatid": "gen9championsbssregma",
  "rating": 1415,
  "private": 0,
  "password": null
}