{
  "id": "gen9championsbssregma-2583999282",
  "format": "[Gen 9 Champions] BSS Reg M-A",
  "players": [
    "thesantty",
    "Nasheville"
  ],
  "log": "|j|\u2606thesantty\n|j|\u2606Nasheville\n|html|<table width=\"100%\"><tr><td align=\"left\">thesantty</td><td align=\"right\">Nasheville</tr><tr><td align=\"left\"><i class=\"fa fa-circle\"></i> <i class=\"fa fa-circle-o\"></i> </td><td align=\"right\"><i class=\"fa fa-circle-o\"></i> <i class=\"fa fa-circle\"></i> </tr></table>\n|uhtml|bestof|<h2><strong>Game 3</strong> of <a href=\"/game-bestof3-gen9championsbssregma-2583993759\">a best-of-3</a></h2>\n|t:|1776215488\n|gametype|singles\n|player|p1|thesantty|169|\n|player|p2|Nasheville|swimmer-gen4dp|\n|gen|9\n|tier|[Gen 9 Champions] BSS Reg M-A\n|rule|Species Clause: Limit one of each Pok\u00e9mon\n|rule|Item Clause: Limit 1 of each item\n|raw|<div class=\"infobox\"><details class=\"readmore\" open><summary><strong>1 custom rule:</strong></summary> Best of = 3</details></div>\n|clearpoke\n|poke|p1|Araquanid, L50, M|\n|poke|p1|Meowscarada, L50, F|\n|poke|p1|Ceruledge, L50, M|\n|poke|p1|Starmie, L50|\n|poke|p1|Toxapex, L50, M|\n|poke|p1|Lopunny, L50, M|\n|poke|p2|Kingambit, L50, M|\n|poke|p2|Garchomp, L50, F|\n|poke|p2|Floette-Eternal, L50, F|\n|poke|p2|Araquanid, L50, M|\n|poke|p2|Ceruledge, L50, F|\n|poke|p2|Starmie, L50|\n|teampreview|3\n|\n|t:|1776215526\n|teamsize|p1|3\n|teamsize|p2|3\n|start\n|switch|p1a: Araquanid|Araquanid, L50, M|100/100\n|switch|p2a: Araquanid|Araquanid, L50, M|100/100\n|turn|1\n|inactive|Battle timer is ON: inactive players will automatically lose when time's up. (requested by thesantty)\n|\n|t:|1776215540\n|switch|p2a: Kingambit|Kingambit, L50, M|100/100\n|move|p1a: Araquanid|Sticky Web|p2a: Kingambit\n|-sidestart|p2: Nasheville|move: Sticky Web\n|\n|upkeep\n|turn|2\n|\n|t:|1776215548\n|move|p2a: Kingambit|Swords Dance|p2a: Kingambit\n|-boost|p2a: Kingambit|atk|2\n|move|p1a: Araquanid|Surf|p2a: Kingambit\n|-damage|p2a: Kingambit|43/100\n|\n|upkeep\n|turn|3\n|\n|t:|1776215557\n|move|p2a: Kingambit|Iron Head|p1a: Araquanid\n|-resisted|p1a: Araquanid|1\n|-damage|p1a: Araquanid|50/100\n|-enditem|p1a: Araquanid|Sitrus Berry|[eat]\n|-heal|p1a: Araquanid|75/100|[from] item: Sitrus Berry\n|move|p1a: Araquanid|Surf|p2a: Kingambit\n|-damage|p2a: Kingambit|0 fnt\n|faint|p2a: Kingambit\n|-end|p2a: Kingambit|fallenundefined|[silent]\n|\n|upkeep\n|\n|t:|1776215567\n|switch|p2a: Ceruledge|Ceruledge, L50, F|100/100\n|-activate|p2a: Ceruledge|move: Sticky Web\n|-unboost|p2a: Ceruledge|spe|1\n|turn|4\n|\n|t:|1776215575\n|move|p2a: Ceruledge|Poltergeist||[still]\n|-fail|p2a: Ceruledge\n|move|p1a: Araquanid|Surf|p2a: Ceruledge\n|-supereffective|p2a: Ceruledge|1\n|-enditem|p2a: Ceruledge|Focus Sash\n|-damage|p2a: Ceruledge|1/100\n|\n|upkeep\n|turn|5\n|c|\u2606Nasheville|Ggwp\n|inactive|Nasheville has 30 seconds left.\n|\n|t:|1776215601\n|move|p2a: Ceruledge|Shadow Sneak|p1a: Araquanid\n|-damage|p1a: Araquanid|54/100\n|move|p1a: Araquanid|Surf|p2a: Ceruledge\n|-supereffective|p2a: Ceruledge|1\n|-damage|p2a: Ceruledge|0 fnt\n|faint|p2a: Ceruledge\n|\n|upkeep\n|c|\u2606thesantty|gg\n|\n|t:|1776215609\n|switch|p2a: Araquanid|Araquanid, L50, M|100/100\n|-activate|p2a: Araquanid|move: Sticky Web\n|-unboost|p2a: Araquanid|spe|1\n|-enditem|p2a: Araquanid|White Herb\n|-clearnegativeboost|p2a: Araquanid|[silent]\n|turn|6\n|\n|t:|1776215620\n|move|p2a: Araquanid|Liquidation|p1a: Araquanid\n|-resisted|p1a: Araquanid|1\n|-damage|p1a: Araquanid|28/100\n|move|p1a: Araquanid|Endeavor|p2a: Araquanid\n|-damage|p2a: Araquanid|27/100\n|\n|upkeep\n|turn|7\n|\n|t:|1776215630\n|switch|p1a: Ceruledge|Ceruledge, L50, M|100/100\n|move|p2a: Araquanid|Liquidation|p1a: Ceruledge\n|-supereffective|p1a: Ceruledge|1\n|-enditem|p1a: Ceruledge|Focus Sash\n|-damage|p1a: Ceruledge|1/100\n|-ability|p1a: Ceruledge|Weak Armor|boost\n|-unboost|p1a: Ceruledge|def|1\n|-boost|p1a: Ceruledge|spe|2\n|\n|upkeep\n|turn|8\n|\n|t:|1776215643\n|move|p1a: Ceruledge|Bitter Blade|p2a: Araquanid\n|-damage|p2a: Araquanid|6/100\n|-heal|p1a: Ceruledge|14/100|[from] drain|[of] p2a: Araquanid\n|move|p2a: Araquanid|Liquidation|p1a: Ceruledge\n|-supereffective|p1a: Ceruledge|1\n|-damage|p1a: Ceruledge|0 fnt\n|faint|p1a: Ceruledge\n|\n|upkeep\n|\n|t:|1776215645\n|switch|p1a: Lopunny|Lopunny, L50, M|100/100\n|turn|9\n|\n|t:|1776215655\n|detailschange|p1a: Lopunny|Lopunny-Mega, L50, M\n|-mega|p1a: Lopunny|Lopunny|Lopunnite\n|move|p1a: Lopunny|Fake Out|p2a: Araquanid\n|-damage|p2a: Araquanid|0 fnt\n|faint|p2a: Araquanid\n|\n|win|thesantty\n",
  "uploadtime": 1776215709,
  "views": 22,
  "formatid": "gen9championsbssregma",
  "rating": null,
  "private": 0,
  "password": null
}