{
  "id": "gen9championsbssregma-2581861193",
  "format": "[Gen 9 Champions] BSS Reg M-A",
  "players": [
    "outofcure",
    "MondeInferieur"
  ],
  "log": "|j|\u2606outofcure\n|j|\u2606MondeInferieur\n|t:|1776034529\n|gametype|singles\n|player|p1|outofcure|bruno-gen3|1122\n|player|p2|MondeInferieur|169|1050\n|gen|9\n|tier|[Gen 9 Champions] BSS Reg M-A\n|rated|\n|rule|Species Clause: Limit one of each Pok\u00e9mon\n|rule|Item Clause: Limit 1 of each item\n|clearpoke\n|poke|p1|Arcanine-Hisui, L50, M|\n|poke|p1|Chesnaught, L50, M|\n|poke|p1|Tyranitar, L50, F|\n|poke|p1|Rotom-Wash, L50|\n|poke|p1|Armarouge, L50, F|\n|poke|p1|Glimmora, L50, F|\n|poke|p2|Meganium, L50, F|\n|poke|p2|Aegislash, L50, M|\n|poke|p2|Dragonite, L50, M|\n|poke|p2|Kleavor, L50, F|\n|poke|p2|Lopunny, L50, F|\n|poke|p2|Garchomp, L50, M|\n|teampreview|3\n|\n|t:|1776034553\n|teamsize|p1|3\n|teamsize|p2|3\n|start\n|switch|p1a: Glimmora|Glimmora, L50, F|100/100\n|switch|p2a: Kleavor|Kleavor, L50, F|100/100\n|turn|1\n|inactive|Battle timer is ON: inactive players will automatically lose when time's up. (requested by MondeInferieur)\n|inactiveoff|Battle timer is now OFF.\n|\n|t:|1776034569\n|move|p1a: Glimmora|Power Gem|p2a: Kleavor\n|-supereffective|p2a: Kleavor|1\n|-enditem|p2a: Kleavor|Focus Sash\n|-damage|p2a: Kleavor|1/100\n|move|p2a: Kleavor|Stone Axe|p1a: Glimmora\n|-damage|p1a: Glimmora|33/100\n|-activate|p1a: Glimmora|ability: Toxic Debris\n|-sidestart|p2: MondeInferieur|move: Toxic Spikes\n|-sidestart|p1: outofcure|move: Stealth Rock\n|\n|upkeep\n|turn|2\n|\n|t:|1776034582\n|move|p2a: Kleavor|Quick Attack|p1a: Glimmora\n|-resisted|p1a: Glimmora|1\n|-damage|p1a: Glimmora|25/100\n|-activate|p1a: Glimmora|ability: Toxic Debris\n|-sidestart|p2: MondeInferieur|move: Toxic Spikes\n|move|p1a: Glimmora|Mortal Spin|p2a: Kleavor\n|-resisted|p2a: Kleavor|1\n|-damage|p2a: Kleavor|0 fnt\n|-sideend|p1: outofcure|Stealth Rock|[from] move: Mortal Spin|[of] p1a: Glimmora\n|faint|p2a: Kleavor\n|\n|upkeep\n|\n|t:|1776034594\n|switch|p2a: Dragonite|Dragonite, L50, M|100/100\n|turn|3\n|\n|t:|1776034599\n|move|p1a: Glimmora|Mortal Spin|p2a: Dragonite\n|-damage|p2a: Dragonite|97/100\n|-status|p2a: Dragonite|psn\n|move|p2a: Dragonite|Dragon Dance|p2a: Dragonite\n|-boost|p2a: Dragonite|atk|1\n|-boost|p2a: Dragonite|spe|1\n|\n|-damage|p2a: Dragonite|85/100 psn|[from] psn\n|upkeep\n|turn|4\n|\n|t:|1776034612\n|move|p1a: Glimmora|Power Gem|p2a: Dragonite\n|-supereffective|p2a: Dragonite|1\n|-damage|p2a: Dragonite|1/100 psn\n|move|p2a: Dragonite|Earthquake|p1a: Glimmora\n|-supereffective|p1a: Glimmora|2\n|-damage|p1a: Glimmora|0 fnt\n|faint|p1a: Glimmora\n|\n|-damage|p2a: Dragonite|0 fnt|[from] psn\n|faint|p2a: Dragonite\n|upkeep\n|\n|t:|1776034623\n|switch|p1a: Rotom|Rotom-Wash, L50|100/100\n|switch|p2a: Meganium|Meganium, L50, F|100/100\n|-status|p2a: Meganium|tox\n|turn|5\n|\n|t:|1776034635\n|detailschange|p2a: Meganium|Meganium-Mega, L50, F\n|-mega|p2a: Meganium|Meganium|Meganiumite\n|move|p1a: Rotom|Hex|p2a: Meganium\n|-damage|p2a: Meganium|69/100 tox\n|move|p2a: Meganium|Solar Beam||[still]\n|-prepare|p2a: Meganium|Solar Beam\n|-activate|p2a: Meganium|ability: Mega Sol\n|-anim|p2a: Meganium|Solar Beam|p1a: Rotom\n|-supereffective|p1a: Rotom|1\n|-damage|p1a: Rotom|0 fnt\n|faint|p1a: Rotom\n|\n|-damage|p2a: Meganium|63/100 tox|[from] psn\n|upkeep\n|\n|t:|1776034639\n|switch|p1a: Chesnaught|Chesnaught, L50, M|100/100\n|turn|6\n|\n|t:|1776034655\n|detailschange|p1a: Chesnaught|Chesnaught-Mega, L50, M\n|-mega|p1a: Chesnaught|Chesnaught|Chesnaughtite\n|move|p1a: Chesnaught|Spiky Shield|p1a: Chesnaught\n|-singleturn|p1a: Chesnaught|move: Protect\n|move|p2a: Meganium|Synthesis|p2a: Meganium\n|-heal|p2a: Meganium|100/100 tox\n|\n|-damage|p2a: Meganium|89/100 tox|[from] psn\n|upkeep\n|turn|7\n|\n|t:|1776034671\n|move|p2a: Meganium|Weather Ball|p1a: Chesnaught\n|-immune|p1a: Chesnaught|[from] ability: Bulletproof\n|move|p1a: Chesnaught|Body Press|p2a: Meganium\n|-resisted|p2a: Meganium|1\n|-damage|p2a: Meganium|68/100 tox\n|\n|-damage|p2a: Meganium|50/100 tox|[from] psn\n|upkeep\n|turn|8\n|\n|t:|1776034681\n|move|p2a: Meganium|Synthesis|p2a: Meganium\n|-heal|p2a: Meganium|100/100 tox\n|move|p1a: Chesnaught|Body Press|p2a: Meganium\n|-resisted|p2a: Meganium|1\n|-damage|p2a: Meganium|81/100 tox\n|\n|-damage|p2a: Meganium|58/100 tox|[from] psn\n|upkeep\n|turn|9\n|\n|t:|1776034690\n|move|p2a: Meganium|Dazzling Gleam|p1a: Chesnaught\n|-supereffective|p1a: Chesnaught|1\n|-damage|p1a: Chesnaught|44/100\n|move|p1a: Chesnaught|Body Press|p2a: Meganium\n|-resisted|p2a: Meganium|1\n|-damage|p2a: Meganium|37/100 tox\n|\n|-damage|p2a: Meganium|7/100 tox|[from] psn\n|upkeep\n|turn|10\n|\n|t:|1776034700\n|move|p2a: Meganium|Synthesis|p2a: Meganium\n|-heal|p2a: Meganium|74/100 tox\n|move|p1a: Chesnaught|Body Press|p2a: Meganium\n|-resisted|p2a: Meganium|1\n|-damage|p2a: Meganium|52/100 tox\n|\n|-damage|p2a: Meganium|17/100 tox|[from] psn\n|upkeep\n|turn|11\n|\n|t:|1776034710\n|move|p1a: Chesnaught|Spiky Shield|p1a: Chesnaught\n|-singleturn|p1a: Chesnaught|move: Protect\n|move|p2a: Meganium|Dazzling Gleam|p1a: Chesnaught\n|-activate|p1a: Chesnaught|move: Protect\n|\n|-damage|p2a: Meganium|0 fnt|[from] psn\n|faint|p2a: Meganium\n|\n|win|outofcure\n|raw|outofcure's rating: 1122 &rarr; <strong>1142</strong><br />(+20 for winning)\n|raw|MondeInferieur's rating: 1050 &rarr; <strong>1036</strong><br />(-14 for losing)\n|l|\u2606MondeInferieur\n|player|p2|\n",
  "uploadtime": 1776034720,
  "views": 11,
  "formatid": "gen9championsbssregma",
  "rating": 1036,
  "private": 0,
  "password": null
}