{
  "id": "gen9championsbssregma-2585995615",
  "format": "[Gen 9 Champions] BSS Reg M-A",
  "players": [
    "fletchyfletchy",
    "bwcjaa"
  ],
  "log": "|j|\u2606fletchyfletchy\n|j|\u2606bwcjaa\n|t:|1776388595\n|gametype|singles\n|player|p1|fletchyfletchy|liko|1127\n|player|p2|bwcjaa|102|1213\n|gen|9\n|tier|[Gen 9 Champions] BSS Reg M-A\n|rated|\n|rule|Species Clause: Limit one of each Pok\u00e9mon\n|rule|Item Clause: Limit 1 of each item\n|clearpoke\n|poke|p1|Lopunny, L50, M|\n|poke|p1|Basculegion, L50, M|\n|poke|p1|Meowscarada, L50, M|\n|poke|p1|Aegislash, L50, F|\n|poke|p1|Charizard, L50, F|\n|poke|p1|Rotom-Wash, L50|\n|poke|p2|Archaludon, L50, F|\n|poke|p2|Hippowdon, L50, M|\n|poke|p2|Glimmora, L50, M|\n|poke|p2|Ceruledge, L50, F|\n|poke|p2|Skarmory, L50, F|\n|poke|p2|Basculegion, L50, M|\n|teampreview|3\n|\n|t:|1776388627\n|teamsize|p1|3\n|teamsize|p2|3\n|start\n|switch|p1a: Basculegion|Basculegion, L50, M|100/100\n|switch|p2a: Skarmory|Skarmory, L50, F|100/100\n|turn|1\n|\n|t:|1776388635\n|detailschange|p2a: Skarmory|Skarmory-Mega, L50, F\n|-mega|p2a: Skarmory|Skarmory|Skarmorite\n|move|p1a: Basculegion|Flip Turn|p2a: Skarmory\n|-damage|p2a: Skarmory|61/100\n|\n|t:|1776388639\n|switch|p1a: Rotom|Rotom-Wash, L50|100/100|[from] Flip Turn\n|move|p2a: Skarmory|Stealth Rock|p1a: Rotom\n|-sidestart|p1: fletchyfletchy|move: Stealth Rock\n|\n|upkeep\n|turn|2\n|\n|t:|1776388645\n|switch|p2a: Archaludon|Archaludon, L50, F|100/100\n|move|p1a: Rotom|Volt Switch|p2a: Archaludon\n|-resisted|p2a: Archaludon|1\n|-damage|p2a: Archaludon|85/100\n|-ability|p2a: Archaludon|Stamina|boost\n|-boost|p2a: Archaludon|def|1\n|\n|t:|1776388648\n|switch|p1a: Charizard|Charizard, L50, F|100/100|[from] Volt Switch\n|-damage|p1a: Charizard|51/100|[from] Stealth Rock\n|\n|-heal|p2a: Archaludon|91/100|[from] item: Leftovers\n|upkeep\n|turn|3\n|\n|t:|1776388653\n|detailschange|p1a: Charizard|Charizard-Mega-Y, L50, F\n|-mega|p1a: Charizard|Charizard|Charizardite Y\n|-weather|SunnyDay|[from] ability: Drought|[of] p1a: Charizard\n|move|p1a: Charizard|Overheat|p2a: Archaludon\n|-damage|p2a: Archaludon|0 fnt\n|-unboost|p1a: Charizard|spa|2\n|faint|p2a: Archaludon\n|\n|-weather|SunnyDay|[upkeep]\n|upkeep\n|\n|t:|1776388657\n|switch|p2a: Ceruledge|Ceruledge, L50, F|100/100\n|turn|4\n|\n|t:|1776388661\n|move|p1a: Charizard|Air Slash|p2a: Ceruledge\n|-damage|p2a: Ceruledge|73/100\n|cant|p2a: Ceruledge|flinch\n|\n|-weather|SunnyDay|[upkeep]\n|upkeep\n|turn|5\n|\n|t:|1776388672\n|move|p1a: Charizard|Dragon Pulse|p2a: Ceruledge\n|-damage|p2a: Ceruledge|54/100\n|move|p2a: Ceruledge|Swords Dance|p2a: Ceruledge\n|-boost|p2a: Ceruledge|atk|2\n|\n|-weather|SunnyDay|[upkeep]\n|upkeep\n|turn|6\n|\n|t:|1776388677\n|move|p2a: Ceruledge|Shadow Sneak|p1a: Charizard\n|-damage|p1a: Charizard|0 fnt\n|faint|p1a: Charizard\n|\n|-weather|SunnyDay|[upkeep]\n|upkeep\n|\n|t:|1776388680\n|switch|p1a: Rotom|Rotom-Wash, L50|100/100\n|-damage|p1a: Rotom|88/100|[from] Stealth Rock\n|turn|7\n|\n|t:|1776388684\n|move|p2a: Ceruledge|Poltergeist|p1a: Rotom\n|-activate|p1a: Rotom|move: Poltergeist|Sitrus Berry\n|-crit|p1a: Rotom\n|-damage|p1a: Rotom|0 fnt\n|faint|p1a: Rotom\n|\n|-weather|none\n|upkeep\n|\n|t:|1776388690\n|switch|p1a: Basculegion|Basculegion, L50, M|100/100\n|-damage|p1a: Basculegion|88/100|[from] Stealth Rock\n|turn|8\n|\n|t:|1776388701\n|move|p2a: Ceruledge|Shadow Sneak|p1a: Basculegion\n|-supereffective|p1a: Basculegion|1\n|-damage|p1a: Basculegion|0 fnt\n|faint|p1a: Basculegion\n|\n|win|bwcjaa\n|raw|fletchyfletchy's rating: 1127 &rarr; <strong>1108</strong><br />(-19 for losing)\n|raw|bwcjaa's rating: 1213 &rarr; <strong>1232</strong><br />(+19 for winning)\n",
  "uploadtime": 1776388702,
  "views": 4,
  "formatid": "gen9championsbssregma",
  "rating": 1108,
  "private": 0,
  "password": null
}