{
  "id": "gen9championsbssregma-2588863279",
  "format": "[Gen 9 Champions] BSS Reg M-A",
  "players": [
    "HitTheZen",
    "cheap109"
  ],
  "log": "|j|\u2606HitTheZen\n|j|\u2606cheap109\n|t:|1776679914\n|gametype|singles\n|player|p1|HitTheZen|265|1383\n|player|p2|cheap109|101|1351\n|gen|9\n|tier|[Gen 9 Champions] BSS Reg M-A\n|rated|\n|rule|Species Clause: Limit one of each Pok\u00e9mon\n|rule|Item Clause: Limit 1 of each item\n|clearpoke\n|poke|p1|Toxapex, L50, M|\n|poke|p1|Basculegion, L50, M|\n|poke|p1|Floette-Eternal, L50, F|\n|poke|p1|Corviknight, L50, M|\n|poke|p1|Diggersby, L50, F|\n|poke|p1|Dragonite, L50, M|\n|poke|p2|Kangaskhan, L50, F|\n|poke|p2|Dragonite, L50, M|\n|poke|p2|Hippowdon, L50, F|\n|poke|p2|Kingambit, L50, F|\n|poke|p2|Greninja, L50, F|\n|poke|p2|Volcarona, L50, F|\n|teampreview|3\n|inactive|Battle timer is ON: inactive players will automatically lose when time's up. (requested by HitTheZen)\n|inactive|cheap109 has 60 seconds left.\n|\n|t:|1776680010\n|teamsize|p1|3\n|teamsize|p2|3\n|start\n|switch|p1a: Basculegion|Basculegion, L50, M|100/100\n|switch|p2a: Volcarona|Volcarona, L50, F|100/100\n|turn|1\n|\n|t:|1776680030\n|switch|p2a: Kangaskhan|Kangaskhan, L50, F|100/100\n|move|p1a: Basculegion|Flip Turn|p2a: Kangaskhan\n|-damage|p2a: Kangaskhan|55/100\n|\n|t:|1776680033\n|switch|p1a: Toxapex|Toxapex, L50, M|100/100|[from] Flip Turn\n|\n|upkeep\n|turn|2\n|\n|t:|1776680039\n|switch|p2a: Kingambit|Kingambit, L50, F|100/100\n|move|p1a: Toxapex|Toxic|p2a: Kingambit\n|-immune|p2a: Kingambit\n|\n|upkeep\n|turn|3\n|\n|t:|1776680049\n|move|p2a: Kingambit|Kowtow Cleave|p1a: Toxapex\n|-damage|p1a: Toxapex|68/100\n|move|p1a: Toxapex|Infestation|p2a: Kingambit\n|-damage|p2a: Kingambit|97/100\n|-activate|p2a: Kingambit|move: Infestation|[of] p1a: Toxapex\n|\n|-heal|p1a: Toxapex|74/100|[from] item: Leftovers\n|-damage|p2a: Kingambit|85/100|[from] move: Infestation|[partiallytrapped]\n|upkeep\n|turn|4\n|\n|t:|1776680066\n|move|p2a: Kingambit|Swords Dance|p2a: Kingambit\n|-boost|p2a: Kingambit|atk|2\n|move|p1a: Toxapex|Haze|p1a: Toxapex\n|-clearallboost\n|\n|-heal|p1a: Toxapex|79/100|[from] item: Leftovers\n|-damage|p2a: Kingambit|72/100|[from] move: Infestation|[partiallytrapped]\n|upkeep\n|turn|5\n|\n|t:|1776680075\n|move|p2a: Kingambit|Kowtow Cleave|p1a: Toxapex\n|-damage|p1a: Toxapex|48/100\n|move|p1a: Toxapex|Recover|p1a: Toxapex\n|-heal|p1a: Toxapex|99/100\n|\n|-heal|p1a: Toxapex|100/100|[from] item: Leftovers\n|-damage|p2a: Kingambit|60/100|[from] move: Infestation|[partiallytrapped]\n|upkeep\n|turn|6\n|\n|t:|1776680084\n|move|p2a: Kingambit|Kowtow Cleave|p1a: Toxapex\n|-damage|p1a: Toxapex|65/100\n|move|p1a: Toxapex|Haze|p1a: Toxapex\n|-clearallboost\n|\n|-heal|p1a: Toxapex|71/100|[from] item: Leftovers\n|-damage|p2a: Kingambit|47/100|[from] move: Infestation|[partiallytrapped]\n|upkeep\n|turn|7\n|\n|t:|1776680088\n|move|p2a: Kingambit|Swords Dance|p2a: Kingambit\n|-boost|p2a: Kingambit|atk|2\n|move|p1a: Toxapex|Recover|p1a: Toxapex\n|-heal|p1a: Toxapex|100/100\n|\n|-end|p2a: Kingambit|Infestation|[partiallytrapped]\n|upkeep\n|turn|8\n|\n|t:|1776680091\n|move|p2a: Kingambit|Kowtow Cleave|p1a: Toxapex\n|-damage|p1a: Toxapex|37/100\n|move|p1a: Toxapex|Haze|p1a: Toxapex\n|-clearallboost\n|\n|-heal|p1a: Toxapex|43/100|[from] item: Leftovers\n|upkeep\n|turn|9\n|\n|t:|1776680099\n|move|p2a: Kingambit|Swords Dance|p2a: Kingambit\n|-boost|p2a: Kingambit|atk|2\n|move|p1a: Toxapex|Recover|p1a: Toxapex\n|-heal|p1a: Toxapex|93/100\n|\n|-heal|p1a: Toxapex|99/100|[from] item: Leftovers\n|upkeep\n|turn|10\n|\n|t:|1776680103\n|move|p2a: Kingambit|Kowtow Cleave|p1a: Toxapex\n|-damage|p1a: Toxapex|27/100\n|move|p1a: Toxapex|Haze|p1a: Toxapex\n|-clearallboost\n|\n|-heal|p1a: Toxapex|33/100|[from] item: Leftovers\n|upkeep\n|turn|11\n|\n|t:|1776680112\n|move|p2a: Kingambit|Swords Dance|p2a: Kingambit\n|-boost|p2a: Kingambit|atk|2\n|move|p1a: Toxapex|Haze|p1a: Toxapex\n|-clearallboost\n|\n|-heal|p1a: Toxapex|39/100|[from] item: Leftovers\n|upkeep\n|turn|12\n|\n|t:|1776680118\n|move|p2a: Kingambit|Swords Dance|p2a: Kingambit\n|-boost|p2a: Kingambit|atk|2\n|move|p1a: Toxapex|Recover|p1a: Toxapex\n|-heal|p1a: Toxapex|89/100\n|\n|-heal|p1a: Toxapex|95/100|[from] item: Leftovers\n|upkeep\n|turn|13\n|\n|t:|1776680121\n|move|p2a: Kingambit|Kowtow Cleave|p1a: Toxapex\n|-damage|p1a: Toxapex|29/100\n|move|p1a: Toxapex|Haze|p1a: Toxapex\n|-clearallboost\n|\n|-heal|p1a: Toxapex|35/100|[from] item: Leftovers\n|upkeep\n|turn|14\n|\n|t:|1776680127\n|move|p2a: Kingambit|Kowtow Cleave|p1a: Toxapex\n|-damage|p1a: Toxapex|4/100\n|move|p1a: Toxapex|Recover|p1a: Toxapex\n|-heal|p1a: Toxapex|54/100\n|\n|-heal|p1a: Toxapex|60/100|[from] item: Leftovers\n|upkeep\n|turn|15\n|\n|t:|1776680147\n|-end|p2a: Kingambit|fallenundefined|[silent]\n|switch|p2a: Volcarona|Volcarona, L50, F|100/100\n|move|p1a: Toxapex|Recover|p1a: Toxapex\n|-heal|p1a: Toxapex|100/100\n|\n|upkeep\n|turn|16\n|j| POSDE\n|\n|t:|1776680157\n|move|p2a: Volcarona|Quiver Dance|p2a: Volcarona\n|-boost|p2a: Volcarona|spa|1\n|-boost|p2a: Volcarona|spd|1\n|-boost|p2a: Volcarona|spe|1\n|move|p1a: Toxapex|Toxic|p2a: Volcarona\n|-status|p2a: Volcarona|tox\n|-enditem|p2a: Volcarona|Lum Berry|[eat]\n|-curestatus|p2a: Volcarona|tox|[msg]\n|\n|upkeep\n|turn|17\n|\n|t:|1776680163\n|move|p2a: Volcarona|Fiery Dance|p1a: Toxapex\n|-resisted|p1a: Toxapex|1\n|-damage|p1a: Toxapex|76/100\n|-boost|p2a: Volcarona|spa|1\n|move|p1a: Toxapex|Haze|p1a: Toxapex\n|-clearallboost\n|\n|-heal|p1a: Toxapex|81/100|[from] item: Leftovers\n|upkeep\n|turn|18\n|\n|t:|1776680171\n|switch|p2a: Kangaskhan|Kangaskhan, L50, F|55/100\n|move|p1a: Toxapex|Toxic|p2a: Kangaskhan\n|-status|p2a: Kangaskhan|tox\n|\n|-heal|p1a: Toxapex|87/100|[from] item: Leftovers\n|-damage|p2a: Kangaskhan|49/100 tox|[from] psn\n|upkeep\n|turn|19\n|l| POSDE\n|\n|t:|1776680179\n|move|p2a: Kangaskhan|Double-Edge|p1a: Toxapex\n|-damage|p1a: Toxapex|56/100\n|-damage|p2a: Kangaskhan|40/100 tox|[from] Recoil\n|move|p1a: Toxapex|Recover|p1a: Toxapex\n|-heal|p1a: Toxapex|100/100\n|\n|-damage|p2a: Kangaskhan|28/100 tox|[from] psn\n|upkeep\n|turn|20\n|\n|t:|1776680189\n|detailschange|p2a: Kangaskhan|Kangaskhan-Mega, L50, F\n|-mega|p2a: Kangaskhan|Kangaskhan|Kangaskhanite\n|move|p2a: Kangaskhan|Double-Edge|p1a: Toxapex\n|-damage|p1a: Toxapex|62/100\n|-damage|p1a: Toxapex|53/100\n|-hitcount|p1a: Toxapex|2\n|-damage|p2a: Kangaskhan|14/100 tox|[from] Recoil\n|move|p1a: Toxapex|Infestation|p2a: Kangaskhan\n|-damage|p2a: Kangaskhan|12/100 tox\n|-activate|p2a: Kangaskhan|move: Infestation|[of] p1a: Toxapex\n|\n|-heal|p1a: Toxapex|58/100|[from] item: Leftovers\n|-damage|p2a: Kangaskhan|0 fnt|[from] psn\n|faint|p2a: Kangaskhan\n|upkeep\n|\n|t:|1776680192\n|switch|p2a: Kingambit|Kingambit, L50, F|47/100\n|-activate|p2a: Kingambit|ability: Supreme Overlord\n|-start|p2a: Kingambit|fallen1|[silent]\n|turn|21\n|\n|t:|1776680211\n|move|p2a: Kingambit|Swords Dance|p2a: Kingambit\n|-boost|p2a: Kingambit|atk|2\n|move|p1a: Toxapex|Infestation|p2a: Kingambit\n|-damage|p2a: Kingambit|44/100\n|-activate|p2a: Kingambit|move: Infestation|[of] p1a: Toxapex\n|\n|-heal|p1a: Toxapex|64/100|[from] item: Leftovers\n|-damage|p2a: Kingambit|32/100|[from] move: Infestation|[partiallytrapped]\n|upkeep\n|turn|22\n|\n|t:|1776680225\n|switch|p1a: Dragonite|Dragonite, L50, M|100/100\n|move|p2a: Kingambit|Kowtow Cleave|p1a: Dragonite\n|-damage|p1a: Dragonite|37/100\n|\n|-end|p2a: Kingambit|Infestation|[partiallytrapped]|[silent]\n|upkeep\n|turn|23\n|\n|t:|1776680247\n|detailschange|p1a: Dragonite|Dragonite-Mega, L50, M\n|-mega|p1a: Dragonite|Dragonite|Dragoninite\n|move|p1a: Dragonite|Aqua Jet|p2a: Kingambit\n|-damage|p2a: Kingambit|22/100\n|move|p2a: Kingambit|Sucker Punch||[still]\n|-fail|p2a: Kingambit\n|\n|upkeep\n|turn|24\n|inactive|HitTheZen has 30 seconds left.\n|\n|t:|1776680275\n|switch|p1a: Toxapex|Toxapex, L50, M|97/100\n|move|p2a: Kingambit|Sucker Punch||[still]\n|-fail|p2a: Kingambit\n|\n|-heal|p1a: Toxapex|100/100|[from] item: Leftovers\n|upkeep\n|turn|25\n|\n|t:|1776680281\n|move|p2a: Kingambit|Kowtow Cleave|p1a: Toxapex\n|-damage|p1a: Toxapex|28/100\n|move|p1a: Toxapex|Haze|p1a: Toxapex\n|-clearallboost\n|\n|-heal|p1a: Toxapex|34/100|[from] item: Leftovers\n|upkeep\n|turn|26\n|\n|t:|1776680289\n|move|p2a: Kingambit|Kowtow Cleave|p1a: Toxapex\n|-damage|p1a: Toxapex|0 fnt\n|faint|p1a: Toxapex\n|\n|upkeep\n|\n|t:|1776680294\n|switch|p1a: Dragonite|Dragonite-Mega, L50, M|37/100\n|turn|27\n|\n|t:|1776680303\n|-end|p2a: Kingambit|fallen1|[silent]\n|switch|p2a: Volcarona|Volcarona, L50, F|100/100\n|move|p1a: Dragonite|Aqua Jet|p2a: Volcarona\n|-supereffective|p2a: Volcarona|1\n|-damage|p2a: Volcarona|66/100\n|-status|p1a: Dragonite|brn|[from] ability: Flame Body|[of] p2a: Volcarona\n|\n|-damage|p1a: Dragonite|31/100 brn|[from] brn\n|upkeep\n|turn|28\n|-message|HitTheZen forfeited.\n|\n|win|cheap109\n|raw|HitTheZen's rating: 1383 &rarr; <strong>1361</strong><br />(-22 for losing)\n|raw|cheap109's rating: 1351 &rarr; <strong>1373</strong><br />(+22 for winning)\n|l|\u2606HitTheZen\n|player|p1|\n",
  "uploadtime": 1776680316,
  "views": 10,
  "formatid": "gen9championsbssregma",
  "rating": 1361,
  "private": 0,
  "password": null
}