{
  "id": "gen9championsbssregma-2583057474",
  "format": "[Gen 9 Champions] BSS Reg M-A",
  "players": [
    "GodWaka",
    "lstdddsb"
  ],
  "log": "|j|\u203dGodWaka\n|j|\u2606lstdddsb\n|t:|1776137411\n|gametype|singles\n|player|p1|GodWaka|266|1247\n|player|p2|lstdddsb|riley|1190\n|gen|9\n|tier|[Gen 9 Champions] BSS Reg M-A\n|rated|\n|rule|Species Clause: Limit one of each Pok\u00e9mon\n|rule|Item Clause: Limit 1 of each item\n|clearpoke\n|poke|p1|Abomasnow, L50, M|\n|poke|p1|Basculegion-F, L50, F|\n|poke|p1|Tyranitar, L50, F|\n|poke|p1|Armarouge, L50, M|\n|poke|p1|Tinkaton, L50, F|\n|poke|p1|Goodra-Hisui, L50, F|\n|poke|p2|Gallade, L50, M|\n|poke|p2|Hydreigon, L50, F|\n|poke|p2|Mimikyu, L50, F|\n|poke|p2|Clefable, L50, M|\n|poke|p2|Volcarona, L50, M|\n|poke|p2|Venusaur, L50, F|\n|teampreview|3\n|inactive|Battle timer is ON: inactive players will automatically lose when time's up. (requested by lstdddsb)\n|inactive|GodWaka has 60 seconds left.\n|j| p74\n|j| gawayneou\n|inactive|GodWaka has 30 seconds left.\n|inactive|GodWaka has 20 seconds left.\n|\n|t:|1776137486\n|teamsize|p1|3\n|teamsize|p2|3\n|start\n|switch|p1a: Abomasnow|Abomasnow, L50, M, shiny|100/100\n|switch|p2a: Gallade|Gallade, L50, M|100/100\n|-weather|Snowscape|[from] ability: Snow Warning|[of] p1a: Abomasnow\n|turn|1\n|\n|t:|1776137494\n|switch|p1a: Armarouge|Armarouge, L50, M, shiny|100/100\n|move|p2a: Gallade|Sacred Sword|p1a: Armarouge\n|-resisted|p1a: Armarouge|1\n|-damage|p1a: Armarouge|66/100\n|\n|-weather|Snowscape|[upkeep]\n|upkeep\n|turn|2\n|\n|t:|1776137515\n|switch|p2a: Hydreigon|Hydreigon, L50, F|100/100\n|move|p1a: Armarouge|Dragon Pulse|p2a: Hydreigon\n|-supereffective|p2a: Hydreigon|1\n|-damage|p2a: Hydreigon|37/100\n|\n|-weather|Snowscape|[upkeep]\n|upkeep\n|turn|3\n|\n|t:|1776137530\n|switch|p1a: Tinkaton|Tinkaton, L50, F|100/100\n|-ability|p1a: Tinkaton|Mold Breaker\n|move|p2a: Hydreigon|Dark Pulse|p1a: Tinkaton\n|-resisted|p1a: Tinkaton|1\n|-damage|p1a: Tinkaton|81/100\n|\n|-weather|Snowscape|[upkeep]\n|upkeep\n|turn|4\n|\n|t:|1776137542\n|switch|p2a: Volcarona|Volcarona, L50, M|100/100\n|move|p1a: Tinkaton|Gigaton Hammer|p2a: Volcarona\n|-resisted|p2a: Volcarona|1\n|-damage|p2a: Volcarona|65/100\n|\n|-weather|Snowscape|[upkeep]\n|-heal|p2a: Volcarona|71/100|[from] item: Leftovers\n|upkeep\n|turn|5\n|\n|t:|1776137552\n|switch|p1a: Armarouge|Armarouge, L50, M, shiny|66/100\n|move|p2a: Volcarona|Quiver Dance|p2a: Volcarona\n|-boost|p2a: Volcarona|spa|1\n|-boost|p2a: Volcarona|spd|1\n|-boost|p2a: Volcarona|spe|1\n|\n|-weather|none\n|-heal|p2a: Volcarona|78/100|[from] item: Leftovers\n|upkeep\n|turn|6\n|\n|t:|1776137562\n|move|p2a: Volcarona|Fiery Dance|p1a: Armarouge\n|-start|p1a: Armarouge|ability: Flash Fire\n|move|p1a: Armarouge|Psyshock|p2a: Volcarona\n|-damage|p2a: Volcarona|40/100\n|\n|-heal|p2a: Volcarona|46/100|[from] item: Leftovers\n|upkeep\n|turn|7\n|\n|t:|1776137571\n|move|p2a: Volcarona|Morning Sun|p2a: Volcarona\n|-heal|p2a: Volcarona|96/100\n|move|p1a: Armarouge|Psyshock|p2a: Volcarona\n|-damage|p2a: Volcarona|58/100\n|\n|-heal|p2a: Volcarona|65/100|[from] item: Leftovers\n|upkeep\n|turn|8\n|\n|t:|1776137580\n|move|p2a: Volcarona|Morning Sun|p2a: Volcarona\n|-heal|p2a: Volcarona|100/100\n|move|p1a: Armarouge|Psyshock|p2a: Volcarona\n|-damage|p2a: Volcarona|58/100\n|\n|-heal|p2a: Volcarona|64/100|[from] item: Leftovers\n|upkeep\n|turn|9\n|\n|t:|1776137589\n|switch|p2a: Hydreigon|Hydreigon, L50, F|37/100\n|move|p1a: Armarouge|Psyshock|p2a: Hydreigon\n|-immune|p2a: Hydreigon\n|\n|upkeep\n|turn|10\n|\n|t:|1776137600\n|-end|p1a: Armarouge|ability: Flash Fire|[silent]\n|switch|p1a: Tinkaton|Tinkaton, L50, F|81/100\n|-ability|p1a: Tinkaton|Mold Breaker\n|move|p2a: Hydreigon|U-turn|p1a: Tinkaton\n|-resisted|p1a: Tinkaton|2\n|-damage|p1a: Tinkaton|76/100\n|\n|t:|1776137607\n|switch|p2a: Gallade|Gallade, L50, M|100/100|[from] U-turn\n|\n|upkeep\n|turn|11\n|inactive|GodWaka has 30 seconds left.\n|\n|t:|1776137633\n|move|p2a: Gallade|Sacred Sword|p1a: Tinkaton\n|-damage|p1a: Tinkaton|0 fnt\n|faint|p1a: Tinkaton\n|\n|upkeep\n|\n|t:|1776137637\n|switch|p1a: Abomasnow|Abomasnow, L50, M, shiny|100/100\n|-weather|Snowscape|[from] ability: Snow Warning|[of] p1a: Abomasnow\n|turn|12\n|\n|t:|1776137643\n|detailschange|p1a: Abomasnow|Abomasnow-Mega, L50, M, shiny\n|-mega|p1a: Abomasnow|Abomasnow|Abomasite\n|move|p2a: Gallade|Sacred Sword|p1a: Abomasnow\n|-supereffective|p1a: Abomasnow|1\n|-damage|p1a: Abomasnow|12/100\n|move|p1a: Abomasnow|Blizzard|p2a: Gallade\n|-damage|p2a: Gallade|25/100\n|\n|-weather|Snowscape|[upkeep]\n|upkeep\n|turn|13\n|-message|GodWaka forfeited.\n|\n|win|lstdddsb\n|raw|GodWaka's rating: 1247 &rarr; <strong>1218</strong><br />(-29 for losing)\n|raw|lstdddsb's rating: 1190 &rarr; <strong>1219</strong><br />(+29 for winning)\n|l|\u203dGodWaka\n|player|p1|\n|l|\u2606lstdddsb\n|player|p2|\n|l| gawayneou\n",
  "uploadtime": 1776137973,
  "views": 2,
  "formatid": "gen9championsbssregma",
  "rating": 1218,
  "private": 0,
  "password": null
}