{
  "id": "gen9championsbssregma-2585193344",
  "format": "[Gen 9 Champions] BSS Reg M-A",
  "players": [
    "Josep71",
    "Danny3over"
  ],
  "log": "|j|\u2606Josep71\n|j|\u2606Danny3over\n|t:|1776323354\n|gametype|singles\n|player|p1|Josep71|red|1121\n|player|p2|Danny3over|twins-gen4dp|1182\n|gen|9\n|tier|[Gen 9 Champions] BSS Reg M-A\n|rated|\n|rule|Species Clause: Limit one of each Pok\u00e9mon\n|rule|Item Clause: Limit 1 of each item\n|clearpoke\n|poke|p1|Charizard, L50, M|\n|poke|p1|Excadrill, L50, M|\n|poke|p1|Gyarados, L50, F|\n|poke|p1|Garchomp, L50, F|\n|poke|p1|Rotom-Wash, L50|\n|poke|p1|Altaria, L50, M|\n|poke|p2|Starmie, L50|\n|poke|p2|Hydreigon, L50, M|\n|poke|p2|Corviknight, L50, M|\n|poke|p2|Kingambit, L50, M|\n|poke|p2|Hippowdon, L50, F|\n|poke|p2|Sneasler, L50, M|\n|teampreview|3\n|inactive|Battle timer is ON: inactive players will automatically lose when time's up. (requested by Danny3over)\n|j| The Educated Fool\n|inactive|Danny3over has 30 seconds left.\n|\n|t:|1776323437\n|teamsize|p1|3\n|teamsize|p2|3\n|start\n|switch|p1a: Excadrill|Excadrill, L50, M, shiny|100/100\n|switch|p2a: Starmie|Starmie, L50|100/100\n|-ability|p1a: Excadrill|Mold Breaker\n|turn|1\n|inactive|Josep71 has 30 seconds left.\n|inactive|Josep71 has 20 seconds left.\n|\n|t:|1776323473\n|detailschange|p2a: Starmie|Starmie-Mega, L50\n|-mega|p2a: Starmie|Starmie|Starminite\n|move|p2a: Starmie|Flip Turn|p1a: Excadrill\n|-supereffective|p1a: Excadrill|1\n|-enditem|p1a: Excadrill|Focus Sash\n|-damage|p1a: Excadrill|1/100\n|\n|t:|1776323488\n|switch|p2a: Hydreigon|Hydreigon, L50, M|100/100|[from] Flip Turn\n|move|p1a: Excadrill|Rapid Spin|p2a: Hydreigon\n|-damage|p2a: Hydreigon|78/100\n|-boost|p1a: Excadrill|spe|1\n|\n|upkeep\n|turn|2\n|\n|t:|1776323506\n|move|p2a: Hydreigon|U-turn|p1a: Excadrill\n|-resisted|p1a: Excadrill|1\n|-damage|p1a: Excadrill|0 fnt\n|faint|p1a: Excadrill\n|\n|t:|1776323510\n|switch|p2a: Starmie|Starmie-Mega, L50|100/100|[from] U-turn\n|\n|upkeep\n|\n|t:|1776323520\n|switch|p1a: Rotom|Rotom-Wash, L50, shiny|100/100\n|turn|3\n|\n|t:|1776323539\n|switch|p2a: Hydreigon|Hydreigon, L50, M|78/100\n|move|p1a: Rotom|Will-O-Wisp|p2a: Hydreigon\n|-status|p2a: Hydreigon|brn\n|\n|-damage|p2a: Hydreigon|72/100 brn|[from] brn\n|upkeep\n|turn|4\n|\n|t:|1776323550\n|switch|p1a: Charizard|Charizard, L50, M, shiny|100/100\n|move|p2a: Hydreigon|Dark Pulse|p1a: Charizard\n|-damage|p1a: Charizard|44/100\n|\n|-damage|p2a: Hydreigon|66/100 brn|[from] brn\n|upkeep\n|turn|5\n|\n|t:|1776323565\n|detailschange|p1a: Charizard|Charizard-Mega-Y, L50, M, shiny\n|-mega|p1a: Charizard|Charizard|Charizardite Y\n|-weather|SunnyDay|[from] ability: Drought|[of] p1a: Charizard\n|move|p2a: Hydreigon|Dark Pulse|p1a: Charizard\n|-damage|p1a: Charizard|4/100\n|move|p1a: Charizard|Roost|p1a: Charizard\n|-heal|p1a: Charizard|55/100\n|-singleturn|p1a: Charizard|move: Roost\n|\n|-weather|SunnyDay|[upkeep]\n|-damage|p2a: Hydreigon|60/100 brn|[from] brn\n|upkeep\n|turn|6\n|\n|t:|1776323575\n|switch|p2a: Starmie|Starmie-Mega, L50|100/100\n|move|p1a: Charizard|Roost|p1a: Charizard\n|-heal|p1a: Charizard|100/100\n|-singleturn|p1a: Charizard|move: Roost\n|\n|-weather|SunnyDay|[upkeep]\n|upkeep\n|turn|7\n|\n|t:|1776323585\n|switch|p1a: Rotom|Rotom-Wash, L50, shiny|100/100\n|move|p2a: Starmie|Liquidation|p1a: Rotom\n|-resisted|p1a: Rotom|1\n|-damage|p1a: Rotom|75/100\n|\n|-weather|SunnyDay|[upkeep]\n|upkeep\n|turn|8\n|\n|t:|1776323593\n|switch|p2a: Hippowdon|Hippowdon, L50, F|100/100\n|-weather|Sandstorm|[from] ability: Sand Stream|[of] p2a: Hippowdon\n|move|p1a: Rotom|Thunderbolt|p2a: Hippowdon\n|-immune|p2a: Hippowdon\n|\n|-weather|Sandstorm|[upkeep]\n|-damage|p1a: Rotom|70/100|[from] Sandstorm\n|upkeep\n|turn|9\n|\n|t:|1776323600\n|switch|p1a: Charizard|Charizard-Mega-Y, L50, M, shiny|100/100\n|-weather|SunnyDay|[from] ability: Drought|[of] p1a: Charizard\n|move|p2a: Hippowdon|Stealth Rock|p1a: Charizard\n|-sidestart|p1: Josep71|move: Stealth Rock\n|\n|-weather|SunnyDay|[upkeep]\n|upkeep\n|turn|10\n|\n|t:|1776323611\n|move|p1a: Charizard|Solar Beam||[still]\n|-prepare|p1a: Charizard|Solar Beam\n|-anim|p1a: Charizard|Solar Beam|p2a: Hippowdon\n|-supereffective|p2a: Hippowdon|1\n|-damage|p2a: Hippowdon|11/100\n|-enditem|p2a: Hippowdon|Sitrus Berry|[eat]\n|-heal|p2a: Hippowdon|36/100|[from] item: Sitrus Berry\n|move|p2a: Hippowdon|Yawn|p1a: Charizard\n|-start|p1a: Charizard|move: Yawn|[of] p2a: Hippowdon\n|\n|-weather|SunnyDay|[upkeep]\n|upkeep\n|turn|11\n|\n|t:|1776323623\n|switch|p1a: Rotom|Rotom-Wash, L50, shiny|70/100\n|-damage|p1a: Rotom|58/100|[from] Stealth Rock\n|switch|p2a: Hydreigon|Hydreigon, L50, M|60/100 brn\n|\n|-weather|SunnyDay|[upkeep]\n|-damage|p2a: Hydreigon|54/100 brn|[from] brn\n|upkeep\n|turn|12\n|\n|t:|1776323642\n|move|p2a: Hydreigon|Dark Pulse|p1a: Rotom\n|-damage|p1a: Rotom|5/100\n|cant|p1a: Rotom|flinch\n|\n|-weather|SunnyDay|[upkeep]\n|-damage|p2a: Hydreigon|48/100 brn|[from] brn\n|upkeep\n|turn|13\n|\n|t:|1776323649\n|move|p2a: Hydreigon|Dark Pulse|p1a: Rotom\n|-damage|p1a: Rotom|0 fnt\n|faint|p1a: Rotom\n|\n|-weather|none\n|-damage|p2a: Hydreigon|43/100 brn|[from] brn\n|upkeep\n|\n|t:|1776323651\n|switch|p1a: Charizard|Charizard-Mega-Y, L50, M, shiny|100/100\n|-damage|p1a: Charizard|51/100|[from] Stealth Rock\n|-weather|SunnyDay|[from] ability: Drought|[of] p1a: Charizard\n|turn|14\n|\n|t:|1776323659\n|switch|p2a: Hippowdon|Hippowdon, L50, F|36/100\n|-weather|Sandstorm|[from] ability: Sand Stream|[of] p2a: Hippowdon\n|move|p1a: Charizard|Roost|p1a: Charizard\n|-heal|p1a: Charizard|100/100\n|-singleturn|p1a: Charizard|move: Roost\n|\n|-weather|Sandstorm|[upkeep]\n|-damage|p1a: Charizard|95/100|[from] Sandstorm\n|upkeep\n|turn|15\n|\n|t:|1776323680\n|move|p1a: Charizard|Air Slash|p2a: Hippowdon\n|-damage|p2a: Hippowdon|0 fnt\n|faint|p2a: Hippowdon\n|\n|-weather|Sandstorm|[upkeep]\n|-damage|p1a: Charizard|89/100|[from] Sandstorm\n|upkeep\n|\n|t:|1776323683\n|switch|p2a: Starmie|Starmie-Mega, L50|100/100\n|turn|16\n|\n|t:|1776323689\n|move|p2a: Starmie|Liquidation|p1a: Charizard\n|-supereffective|p1a: Charizard|1\n|-damage|p1a: Charizard|0 fnt\n|faint|p1a: Charizard\n|\n|win|Danny3over\n|raw|Josep71's rating: 1121 &rarr; <strong>1100</strong><br />(-21 for losing)\n|raw|Danny3over's rating: 1182 &rarr; <strong>1203</strong><br />(+21 for winning)\n|l|\u2606Danny3over\n|player|p2|\n|j| yoko1212\n|l|\u2606Josep71\n|player|p1|\n",
  "uploadtime": 1776324908,
  "views": 4,
  "formatid": "gen9championsbssregma",
  "rating": 1100,
  "private": 0,
  "password": null
}