{
  "id": "gen9championsbssregma-2585202420",
  "format": "[Gen 9 Champions] BSS Reg M-A",
  "players": [
    "nanigaski",
    "bryannoah2309"
  ],
  "log": "|j|\u2606nanigaski\n|j|\u2606bryannoah2309\n|t:|1776324441\n|gametype|singles\n|player|p1|nanigaski|twins-gen4dp|1137\n|player|p2|bryannoah2309|silver|1200\n|gen|9\n|tier|[Gen 9 Champions] BSS Reg M-A\n|rated|\n|rule|Species Clause: Limit one of each Pok\u00e9mon\n|rule|Item Clause: Limit 1 of each item\n|clearpoke\n|poke|p1|Kangaskhan, L50, F|\n|poke|p1|Corviknight, L50, F|\n|poke|p1|Garchomp, L50, F|\n|poke|p1|Rotom-Wash, L50|\n|poke|p1|Gengar, L50, F|\n|poke|p1|Umbreon, L50, F|\n|poke|p2|Greninja-*, L50, M|\n|poke|p2|Gengar, L50, M|\n|poke|p2|Garchomp, L50, M|\n|poke|p2|Dragonite, L50, M|\n|poke|p2|Hatterene, L50, F|\n|poke|p2|Scizor, L50, M|\n|teampreview|3\n|inactive|Battle timer is ON: inactive players will automatically lose when time's up. (requested by bryannoah2309)\n|\n|t:|1776324485\n|teamsize|p1|3\n|teamsize|p2|3\n|start\n|switch|p1a: Garchomp|Garchomp, L50, F, shiny|100/100\n|switch|p2a: Scizor|Scizor, L50, M|100/100\n|turn|1\n|\n|t:|1776324496\n|switch|p2a: Hatterene|Hatterene, L50, F|100/100\n|move|p1a: Garchomp|Stealth Rock|p2a: Hatterene\n|move|p2a: Hatterene|Stealth Rock|p1a: Garchomp|[from] ability: Magic Bounce\n|-sidestart|p1: nanigaski|move: Stealth Rock\n|\n|upkeep\n|turn|2\n|\n|t:|1776324506\n|switch|p1a: Umbreon|Umbreon, L50, F, shiny|100/100\n|-damage|p1a: Umbreon|88/100|[from] Stealth Rock\n|move|p2a: Hatterene|Draining Kiss|p1a: Umbreon\n|-supereffective|p1a: Umbreon|1\n|-damage|p1a: Umbreon|58/100\n|\n|-heal|p1a: Umbreon|64/100|[from] item: Leftovers\n|upkeep\n|turn|3\n|\n|t:|1776324518\n|move|p1a: Umbreon|Yawn|p2a: Hatterene\n|move|p2a: Hatterene|Yawn|p1a: Umbreon|[from] ability: Magic Bounce\n|-start|p1a: Umbreon|move: Yawn|[of] p2a: Hatterene\n|move|p2a: Hatterene|Nuzzle|p1a: Umbreon\n|-damage|p1a: Umbreon|62/100\n|-status|p1a: Umbreon|par\n|\n|-heal|p1a: Umbreon|68/100 par|[from] item: Leftovers\n|upkeep\n|turn|4\n|\n|t:|1776324531\n|switch|p1a: Gengar|Gengar, L50, F, shiny|100/100\n|-damage|p1a: Gengar|88/100|[from] Stealth Rock\n|move|p2a: Hatterene|Calm Mind|p2a: Hatterene\n|-boost|p2a: Hatterene|spa|1\n|-boost|p2a: Hatterene|spd|1\n|\n|upkeep\n|turn|5\n|\n|t:|1776324544\n|switch|p2a: Scizor|Scizor, L50, M|100/100\n|detailschange|p1a: Gengar|Gengar-Mega, L50, F, shiny\n|-mega|p1a: Gengar|Gengar|Gengarite\n|move|p1a: Gengar|Sludge Bomb|p2a: Scizor\n|-immune|p2a: Scizor\n|\n|upkeep\n|turn|6\n|\n|t:|1776324561\n|switch|p1a: Umbreon|Umbreon, L50, F, shiny|68/100 par\n|-damage|p1a: Umbreon|55/100 par|[from] Stealth Rock\n|move|p2a: Scizor|Swords Dance|p2a: Scizor\n|-boost|p2a: Scizor|atk|2\n|\n|-heal|p1a: Umbreon|61/100 par|[from] item: Leftovers\n|upkeep\n|turn|7\n|\n|t:|1776324573\n|move|p2a: Scizor|Close Combat|p1a: Umbreon\n|-supereffective|p1a: Umbreon|1\n|-damage|p1a: Umbreon|0 fnt\n|-unboost|p2a: Scizor|def|1\n|-unboost|p2a: Scizor|spd|1\n|faint|p1a: Umbreon\n|\n|upkeep\n|\n|t:|1776324581\n|switch|p1a: Garchomp|Garchomp, L50, F, shiny|100/100\n|-damage|p1a: Garchomp|95/100|[from] Stealth Rock\n|turn|8\n|\n|t:|1776324586\n|move|p2a: Scizor|Bullet Punch|p1a: Garchomp\n|-damage|p1a: Garchomp|21/100\n|-damage|p2a: Scizor|88/100|[from] ability: Rough Skin|[of] p1a: Garchomp\n|move|p1a: Garchomp|Earthquake|p2a: Scizor\n|-damage|p2a: Scizor|5/100\n|-enditem|p2a: Scizor|Sitrus Berry|[eat]\n|-heal|p2a: Scizor|30/100|[from] item: Sitrus Berry\n|\n|upkeep\n|turn|9\n|\n|t:|1776324599\n|move|p2a: Scizor|Bullet Punch|p1a: Garchomp\n|-damage|p1a: Garchomp|0 fnt\n|-damage|p2a: Scizor|18/100|[from] ability: Rough Skin|[of] p1a: Garchomp\n|faint|p1a: Garchomp\n|\n|upkeep\n|-message|nanigaski forfeited.\n|\n|win|bryannoah2309\n|raw|nanigaski's rating: 1137 &rarr; <strong>1116</strong><br />(-21 for losing)\n|raw|bryannoah2309's rating: 1200 &rarr; <strong>1221</strong><br />(+21 for winning)\n|l|\u2606nanigaski\n|player|p1|\n",
  "uploadtime": 1776324614,
  "views": 15,
  "formatid": "gen9championsbssregma",
  "rating": 1116,
  "private": 0,
  "password": null
}