{
  "id": "gen9championsbssregma-2585128940",
  "format": "[Gen 9 Champions] BSS Reg M-A",
  "players": [
    "misakamikoto 9982",
    "yoyotaka"
  ],
  "log": "|j|\u2606misakamikoto 9982\n|j|\u203dyoyotaka\n|t:|1776315198\n|gametype|singles\n|player|p1|misakamikoto 9982|dawn|1327\n|player|p2|yoyotaka|265|1383\n|gen|9\n|tier|[Gen 9 Champions] BSS Reg M-A\n|rated|\n|rule|Species Clause: Limit one of each Pok\u00e9mon\n|rule|Item Clause: Limit 1 of each item\n|clearpoke\n|poke|p1|Pelipper, L50, F|\n|poke|p1|Garchomp, L50, F|\n|poke|p1|Basculegion, L50, M|\n|poke|p1|Meganium, L50, F|\n|poke|p1|Sneasler, L50, F|\n|poke|p1|Skeledirge, L50, M|\n|poke|p2|Dragonite, L50, M|\n|poke|p2|Hippowdon, L50, F|\n|poke|p2|Primarina, L50, F|\n|poke|p2|Kangaskhan, L50, F|\n|poke|p2|Meowscarada, L50, M|\n|poke|p2|Aegislash, L50, M|\n|teampreview|3\n|inactive|Battle timer is ON: inactive players will automatically lose when time's up. (requested by misakamikoto 9982)\n|inactive|yoyotaka has 60 seconds left.\n|j| p74\n|\n|t:|1776315244\n|teamsize|p1|3\n|teamsize|p2|3\n|start\n|switch|p1a: Garchomp|Garchomp, L50, F|100/100\n|switch|p2a: Dragonite|Dragonite, L50, M|100/100\n|turn|1\n|\n|t:|1776315253\n|detailschange|p2a: Dragonite|Dragonite-Mega, L50, M\n|-mega|p2a: Dragonite|Dragonite|Dragoninite\n|move|p1a: Garchomp|Dragon Claw|p2a: Dragonite\n|-supereffective|p2a: Dragonite|1\n|-damage|p2a: Dragonite|68/100\n|move|p2a: Dragonite|Draco Meteor|p1a: Garchomp\n|-supereffective|p1a: Garchomp|1\n|-enditem|p1a: Garchomp|Focus Sash\n|-damage|p1a: Garchomp|1/100\n|-unboost|p2a: Dragonite|spa|2\n|\n|upkeep\n|turn|2\n|j| emertest\n|\n|t:|1776315271\n|move|p2a: Dragonite|Extreme Speed|p1a: Garchomp\n|-damage|p1a: Garchomp|0 fnt\n|-damage|p2a: Dragonite|55/100|[from] ability: Rough Skin|[of] p1a: Garchomp\n|faint|p1a: Garchomp\n|\n|upkeep\n|\n|t:|1776315291\n|switch|p1a: Meganium|Meganium, L50, F, shiny|100/100\n|turn|3\n|inactive|yoyotaka has 30 seconds left.\n|\n|t:|1776315324\n|switch|p2a: Hippowdon|Hippowdon, L50, F|100/100\n|-weather|Sandstorm|[from] ability: Sand Stream|[of] p2a: Hippowdon\n|detailschange|p1a: Meganium|Meganium-Mega, L50, F, shiny\n|-mega|p1a: Meganium|Meganium|Meganiumite\n|move|p1a: Meganium|Dazzling Gleam|p2a: Hippowdon\n|-damage|p2a: Hippowdon|60/100\n|\n|-weather|Sandstorm|[upkeep]\n|-damage|p1a: Meganium|95/100|[from] Sandstorm\n|-heal|p2a: Hippowdon|66/100|[from] item: Leftovers\n|upkeep\n|turn|4\n|\n|t:|1776315338\n|move|p1a: Meganium|Solar Beam||[still]\n|-prepare|p1a: Meganium|Solar Beam\n|-activate|p1a: Meganium|ability: Mega Sol\n|-anim|p1a: Meganium|Solar Beam|p2a: Hippowdon\n|-supereffective|p2a: Hippowdon|1\n|-damage|p2a: Hippowdon|0 fnt\n|faint|p2a: Hippowdon\n|\n|-weather|Sandstorm|[upkeep]\n|-damage|p1a: Meganium|89/100|[from] Sandstorm\n|upkeep\n|\n|t:|1776315348\n|switch|p2a: Dragonite|Dragonite-Mega, L50, M|55/100\n|turn|5\n|\n|t:|1776315351\n|move|p1a: Meganium|Dazzling Gleam|p2a: Dragonite\n|-supereffective|p2a: Dragonite|1\n|-damage|p2a: Dragonite|0 fnt\n|faint|p2a: Dragonite\n|\n|-weather|Sandstorm|[upkeep]\n|-damage|p1a: Meganium|83/100|[from] Sandstorm\n|upkeep\n|-message|yoyotaka forfeited.\n|\n|win|misakamikoto 9982\n|raw|misakamikoto 9982's rating: 1327 &rarr; <strong>1350</strong><br />(+23 for winning)\n|raw|yoyotaka's rating: 1383 &rarr; <strong>1360</strong><br />(-23 for losing)\n|l|\u203dyoyotaka\n|player|p2|\n|l|\u2606misakamikoto 9982\n|player|p1|\n|l| emertest\n",
  "uploadtime": 1776315548,
  "views": 7,
  "formatid": "gen9championsbssregma",
  "rating": 1350,
  "private": 0,
  "password": null
}