{
  "id": "gen9championsbssregma-2581169567",
  "format": "[Gen 9 Champions] BSS Reg M-A",
  "players": [
    "CloudWatcherTian",
    "11oyd"
  ],
  "log": "|j|\u2606CloudWatcherTian\n|j|\u260611oyd\n|t:|1775966680\n|gametype|singles\n|player|p1|CloudWatcherTian|birdkeeper|1176\n|player|p2|11oyd|unknown|1248\n|gen|9\n|tier|[Gen 9 Champions] BSS Reg M-A\n|rated|\n|rule|Species Clause: Limit one of each Pok\u00e9mon\n|rule|Item Clause: Limit 1 of each item\n|clearpoke\n|poke|p1|Sneasler, L50, F|\n|poke|p1|Gyarados, L50, M|\n|poke|p1|Incineroar, L50, F|\n|poke|p1|Gliscor, L50, M|\n|poke|p1|Bellibolt, L50, F|\n|poke|p1|Mamoswine, L50, M|\n|poke|p2|Gengar, L50, M|\n|poke|p2|Lopunny, L50, M|\n|poke|p2|Glimmora, L50, F|\n|poke|p2|Hippowdon, L50, M|\n|poke|p2|Rotom-Wash, L50|\n|poke|p2|Dragonite, L50, F|\n|teampreview|3\n|c|\u2606CloudWatcherTian|Welcome, glhf!\n|c|\u260611oyd|ty\n|c|\u260611oyd|glhf\n|j| bromerta\n|\n|t:|1775966727\n|teamsize|p1|3\n|teamsize|p2|3\n|start\n|switch|p1a: Igarashi|Gyarados, L50, M, shiny|100/100\n|switch|p2a: Lopunny|Lopunny, L50, M|100/100\n|-ability|p1a: Igarashi|Intimidate|boost\n|-unboost|p2a: Lopunny|atk|1\n|turn|1\n|c|\u2606CloudWatcherTian|o/\n|inactive|Battle timer is ON: inactive players will automatically lose when time's up. (requested by 11oyd)\n|\n|t:|1775966743\n|detailschange|p2a: Lopunny|Lopunny-Mega, L50, M\n|-mega|p2a: Lopunny|Lopunny|Lopunnite\n|move|p2a: Lopunny|Fake Out|p1a: Igarashi\n|-damage|p1a: Igarashi|80/100\n|cant|p1a: Igarashi|flinch\n|\n|upkeep\n|turn|2\n|\n|t:|1775966758\n|move|p2a: Lopunny|U-turn|p1a: Igarashi\n|-resisted|p1a: Igarashi|1\n|-damage|p1a: Igarashi|70/100\n|\n|t:|1775966760\n|switch|p2a: Glimmora|Glimmora, L50, F|100/100|[from] U-turn\n|move|p1a: Igarashi|Scale Shot|p2a: Glimmora\n|-damage|p2a: Glimmora|89/100\n|-activate|p2a: Glimmora|ability: Toxic Debris\n|-sidestart|p1: CloudWatcherTian|move: Toxic Spikes\n|-damage|p2a: Glimmora|78/100\n|-activate|p2a: Glimmora|ability: Toxic Debris\n|-sidestart|p1: CloudWatcherTian|move: Toxic Spikes\n|-damage|p2a: Glimmora|67/100\n|-damage|p2a: Glimmora|55/100\n|-damage|p2a: Glimmora|45/100\n|-hitcount|p2a: Glimmora|5\n|-unboost|p1a: Igarashi|def|1\n|-boost|p1a: Igarashi|spe|1\n|\n|upkeep\n|turn|3\n|\n|t:|1775966779\n|move|p1a: Igarashi|Earthquake|p2a: Glimmora\n|-supereffective|p2a: Glimmora|2\n|-damage|p2a: Glimmora|0 fnt\n|faint|p2a: Glimmora\n|\n|upkeep\n|\n|t:|1775966788\n|switch|p2a: Rotom|Rotom-Wash, L50|100/100\n|turn|4\n|\n|t:|1775966798\n|detailschange|p1a: Igarashi|Gyarados-Mega, L50, M, shiny\n|-mega|p1a: Igarashi|Gyarados|Gyaradosite\n|-ability|p1a: Igarashi|Mold Breaker\n|move|p1a: Igarashi|Earthquake|p2a: Rotom\n|-supereffective|p2a: Rotom|1\n|-damage|p2a: Rotom|19/100\n|move|p2a: Rotom|Volt Switch|p1a: Igarashi\n|-supereffective|p1a: Igarashi|1\n|-damage|p1a: Igarashi|27/100\n|l| bromerta\n|\n|t:|1775966805\n|switch|p2a: Lopunny|Lopunny-Mega, L50, M|100/100|[from] Volt Switch\n|\n|upkeep\n|turn|5\n|j| bromerta\n|\n|t:|1775966821\n|move|p2a: Lopunny|Fake Out|p1a: Igarashi\n|-damage|p1a: Igarashi|0 fnt\n|faint|p1a: Igarashi\n|\n|upkeep\n|\n|t:|1775966825\n|switch|p1a: Sasha|Sneasler, L50, F, shiny|100/100\n|-sideend|p1: CloudWatcherTian|move: Toxic Spikes|[of] p1a: Sasha\n|turn|6\n|\n|t:|1775966832\n|switch|p2a: Rotom|Rotom-Wash, L50|19/100\n|move|p1a: Sasha|Fake Out|p2a: Rotom\n|-damage|p2a: Rotom|4/100\n|\n|-heal|p2a: Rotom|9/100|[from] item: Leftovers\n|upkeep\n|turn|7\n|\n|t:|1775966840\n|move|p1a: Sasha|Dire Claw|p2a: Rotom\n|-damage|p2a: Rotom|0 fnt\n|faint|p2a: Rotom\n|\n|upkeep\n|\n|t:|1775966843\n|switch|p2a: Lopunny|Lopunny-Mega, L50, M|100/100\n|turn|8\n|c|\u2606CloudWatcherTian|GGs!\n|\n|t:|1775966853\n|move|p2a: Lopunny|Fake Out|p1a: Sasha\n|-damage|p1a: Sasha|61/100\n|cant|p1a: Sasha|flinch\n|\n|upkeep\n|turn|9\n|\n|t:|1775966859\n|move|p2a: Lopunny|Triple Axel|p1a: Sasha\n|-damage|p1a: Sasha|48/100\n|-damage|p1a: Sasha|24/100\n|-damage|p1a: Sasha|0 fnt\n|faint|p1a: Sasha\n|-hitcount|p1: Sasha|3\n|\n|upkeep\n|c|\u2606CloudWatcherTian|Oof the rng there XD\n|\n|t:|1775966870\n|switch|p1a: Dracule|Gliscor, L50, M, shiny|100/100\n|turn|10\n|c|\u260611oyd|...\n|\n|t:|1775966879\n|move|p2a: Lopunny|Triple Axel|p1a: Dracule\n|-supereffective|p1a: Dracule|2\n|-crit|p1a: Dracule\n|-damage|p1a: Dracule|65/100\n|-supereffective|p1a: Dracule|2\n|-damage|p1a: Dracule|19/100\n|-supereffective|p1a: Dracule|2\n|-damage|p1a: Dracule|0 fnt\n|faint|p1a: Dracule\n|-hitcount|p1: Dracule|3\n|\n|win|11oyd\n|raw|CloudWatcherTian's rating: 1176 &rarr; <strong>1156</strong><br />(-20 for losing)\n|raw|11oyd's rating: 1248 &rarr; <strong>1268</strong><br />(+20 for winning)\n|c|\u260611oyd|GGs!\n|c|\u2606CloudWatcherTian|ggwp!\n|l|\u260611oyd\n|player|p2|\n|l| bromerta\n|c|\u2606CloudWatcherTian|I had Upper Hand on Sneasler\n|c|\u2606CloudWatcherTian|Figured it would outspeed the M Lopunny but I was wrong\n",
  "uploadtime": 1775966918,
  "views": 10,
  "formatid": "gen9championsbssregma",
  "rating": 1156,
  "private": 0,
  "password": null
}