{
  "id": "gen9championsbssregma-2583769654",
  "format": "[Gen 9 Champions] BSS Reg M-A",
  "players": [
    "Kurpylicious",
    "Mistah Boombastic"
  ],
  "log": "|j|\u2606Kurpylicious\n|j|\u2606Mistah Boombastic\n|t:|1776196489\n|gametype|singles\n|player|p1|Kurpylicious|2|1033\n|player|p2|Mistah Boombastic|102|1022\n|gen|9\n|tier|[Gen 9 Champions] BSS Reg M-A\n|rated|\n|rule|Species Clause: Limit one of each Pok\u00e9mon\n|rule|Item Clause: Limit 1 of each item\n|clearpoke\n|poke|p1|Meowscarada, L50, M|\n|poke|p1|Charizard, L50, F|\n|poke|p1|Floette-Eternal, L50, F|\n|poke|p1|Azumarill, L50, M|\n|poke|p1|Garchomp, L50, F|\n|poke|p1|Weavile, L50, M|\n|poke|p2|Chesnaught, L50, M|\n|poke|p2|Clefable, L50, M|\n|poke|p2|Hawlucha, L50, M|\n|poke|p2|Ditto, L50|\n|poke|p2|Scovillain, L50, F|\n|poke|p2|Slurpuff, L50, M|\n|teampreview|3\n|\n|t:|1776196515\n|teamsize|p1|3\n|teamsize|p2|3\n|start\n|switch|p1a: Meowscarada|Meowscarada, L50, M|100/100\n|switch|p2a: Slurpuff|Slurpuff, L50, M|100/100\n|turn|1\n|\n|t:|1776196522\n|move|p1a: Meowscarada|Flower Trick|p2a: Slurpuff\n|-start|p1a: Meowscarada|typechange|Grass|[from] ability: Protean\n|-crit|p2a: Slurpuff\n|-damage|p2a: Slurpuff|39/100\n|move|p2a: Slurpuff|Sticky Web|p1a: Meowscarada\n|-sidestart|p1: Kurpylicious|move: Sticky Web\n|\n|upkeep\n|turn|2\n|\n|t:|1776196529\n|move|p1a: Meowscarada|Flower Trick|p2a: Slurpuff\n|-crit|p2a: Slurpuff\n|-damage|p2a: Slurpuff|0 fnt\n|faint|p2a: Slurpuff\n|\n|upkeep\n|\n|t:|1776196531\n|switch|p2a: Scovillain|Scovillain, L50, F|100/100\n|turn|3\n|\n|t:|1776196537\n|switch|p1a: Garchomp|Garchomp, L50, F|100/100\n|-activate|p1a: Garchomp|move: Sticky Web\n|-unboost|p1a: Garchomp|spe|1\n|move|p2a: Scovillain|Substitute|p2a: Scovillain\n|-start|p2a: Scovillain|Substitute\n|-damage|p2a: Scovillain|75/100\n|\n|-ability|p2a: Scovillain|Moody|boost\n|-boost|p2a: Scovillain|atk|2\n|-unboost|p2a: Scovillain|def|1\n|upkeep\n|turn|4\n|\n|t:|1776196543\n|move|p2a: Scovillain|Giga Drain|p1a: Garchomp\n|-damage|p1a: Garchomp|74/100\n|-heal|p2a: Scovillain|92/100|[from] drain|[of] p1a: Garchomp\n|move|p1a: Garchomp|Earthquake|p2a: Scovillain\n|-end|p2a: Scovillain|Substitute\n|\n|-ability|p2a: Scovillain|Moody|boost\n|-boost|p2a: Scovillain|spa|2\n|-unboost|p2a: Scovillain|def|1\n|upkeep\n|turn|5\n|\n|t:|1776196550\n|move|p2a: Scovillain|Protect|p2a: Scovillain\n|-singleturn|p2a: Scovillain|Protect\n|move|p1a: Garchomp|Earthquake|p2a: Scovillain\n|-activate|p2a: Scovillain|move: Protect\n|\n|-ability|p2a: Scovillain|Moody|boost\n|-boost|p2a: Scovillain|spa|2\n|-unboost|p2a: Scovillain|spd|1\n|upkeep\n|turn|6\n|\n|t:|1776196558\n|detailschange|p2a: Scovillain|Scovillain-Mega, L50, F\n|-mega|p2a: Scovillain|Scovillain|Scovillainite\n|move|p2a: Scovillain|Giga Drain|p1a: Garchomp\n|-damage|p1a: Garchomp|0 fnt\n|-heal|p2a: Scovillain|100/100|[from] drain|[of] p1a: Garchomp\n|faint|p1a: Garchomp\n|\n|upkeep\n|\n|t:|1776196576\n|switch|p1a: Meowscarada|Meowscarada, L50, M|100/100\n|-activate|p1a: Meowscarada|move: Sticky Web\n|-unboost|p1a: Meowscarada|spe|1\n|turn|7\n|\n|t:|1776196581\n|move|p1a: Meowscarada|Triple Axel|p2a: Scovillain\n|-start|p1a: Meowscarada|typechange|Ice|[from] ability: Protean\n|-damage|p2a: Scovillain|76/100\n|-status|p1a: Meowscarada|brn|[from] ability: Spicy Spray|[of] p2a: Scovillain\n|-damage|p2a: Scovillain|55/100\n|-damage|p2a: Scovillain|23/100\n|-hitcount|p2a: Scovillain|3\n|move|p2a: Scovillain|Flamethrower|p1a: Meowscarada\n|-supereffective|p1a: Meowscarada|1\n|-damage|p1a: Meowscarada|0 fnt\n|faint|p1a: Meowscarada\n|\n|upkeep\n|\n|t:|1776196591\n|switch|p1a: Weavile|Weavile, L50, M|100/100\n|-activate|p1a: Weavile|move: Sticky Web\n|-unboost|p1a: Weavile|spe|1\n|turn|8\n|\n|t:|1776196595\n|move|p1a: Weavile|Ice Shard|p2a: Scovillain\n|-damage|p2a: Scovillain|0 fnt\n|-status|p1a: Weavile|brn|[from] ability: Spicy Spray|[of] p2a: Scovillain\n|-enditem|p1a: Weavile|Lum Berry|[eat]\n|-curestatus|p1a: Weavile|brn|[msg]\n|faint|p2a: Scovillain\n|\n|upkeep\n|\n|t:|1776196597\n|switch|p2a: Clefable|Clefable, L50, M|100/100\n|turn|9\n|\n|t:|1776196600\n|move|p1a: Weavile|Triple Axel|p2a: Clefable\n|-damage|p2a: Clefable|92/100\n|-damage|p2a: Clefable|75/100\n|-damage|p2a: Clefable|53/100\n|-hitcount|p2a: Clefable|3\n|move|p2a: Clefable|Moonblast|p1a: Weavile\n|-supereffective|p1a: Weavile|1\n|-damage|p1a: Weavile|15/100\n|\n|-heal|p2a: Clefable|59/100|[from] item: Leftovers\n|upkeep\n|turn|10\n|\n|t:|1776196607\n|move|p1a: Weavile|Triple Axel|p2a: Clefable|[miss]\n|-miss|p1a: Weavile|p2a: Clefable\n|move|p2a: Clefable|Moonblast|p1a: Weavile\n|-supereffective|p1a: Weavile|1\n|-damage|p1a: Weavile|0 fnt\n|faint|p1a: Weavile\n|\n|win|Mistah Boombastic\n|raw|Kurpylicious's rating: 1033 &rarr; <strong>1018</strong><br />(-15 for losing)\n|raw|Mistah Boombastic's rating: 1022 &rarr; <strong>1060</strong><br />(+38 for winning)\n|l|\u2606Kurpylicious\n|player|p1|\n",
  "uploadtime": 1776196612,
  "views": 2,
  "formatid": "gen9championsbssregma",
  "rating": 1018,
  "private": 0,
  "password": null
}