{
  "id": "gen9championsbssregma-2587069379",
  "format": "[Gen 9 Champions] BSS Reg M-A",
  "players": [
    "kyotoyoko",
    "MiraidonGaming"
  ],
  "log": "|j|\u2606kyotoyoko\n|j|\u2606MiraidonGaming\n|t:|1776489259\n|gametype|singles\n|player|p1|kyotoyoko|caitlin|1324\n|player|p2|MiraidonGaming|lucas|1323\n|gen|9\n|tier|[Gen 9 Champions] BSS Reg M-A\n|rated|\n|rule|Species Clause: Limit one of each Pok\u00e9mon\n|rule|Item Clause: Limit 1 of each item\n|clearpoke\n|poke|p1|Hippowdon, L50, F|\n|poke|p1|Charizard, L50, F|\n|poke|p1|Lucario, L50, F|\n|poke|p1|Corviknight, L50, F|\n|poke|p1|Greninja, L50, F, shiny|\n|poke|p1|Mimikyu, L50, F, shiny|\n|poke|p2|Ninetales-Alola, L50, F|\n|poke|p2|Charizard, L50, M|\n|poke|p2|Scizor, L50, M|\n|poke|p2|Sinistcha, L50|\n|poke|p2|Rotom-Wash, L50|\n|poke|p2|Salazzle, L50, F|\n|teampreview|3\n|\n|t:|1776489290\n|teamsize|p1|3\n|teamsize|p2|3\n|start\n|switch|p1a: Greninja|Greninja, L50, F, shiny|100/100\n|switch|p2a: Put a brick in|Rotom-Wash, L50|100/100\n|turn|1\n|\n|t:|1776489331\n|move|p2a: Put a brick in|Discharge|p1a: Greninja\n|-supereffective|p1a: Greninja|1\n|-enditem|p1a: Greninja|Focus Sash\n|-damage|p1a: Greninja|1/100\n|move|p1a: Greninja|Dark Pulse|p2a: Put a brick in\n|-damage|p2a: Put a brick in|49/100\n|\n|upkeep\n|turn|2\n|\n|t:|1776489340\n|move|p1a: Greninja|Water Shuriken|p2a: Put a brick in\n|-resisted|p2a: Put a brick in|1\n|-damage|p2a: Put a brick in|42/100\n|-resisted|p2a: Put a brick in|1\n|-damage|p2a: Put a brick in|35/100\n|-resisted|p2a: Put a brick in|1\n|-crit|p2a: Put a brick in\n|-damage|p2a: Put a brick in|25/100\n|-resisted|p2a: Put a brick in|1\n|-damage|p2a: Put a brick in|18/100\n|-hitcount|p2a: Put a brick in|4\n|move|p2a: Put a brick in|Discharge|p1a: Greninja\n|-supereffective|p1a: Greninja|1\n|-damage|p1a: Greninja|0 fnt\n|faint|p1a: Greninja\n|\n|upkeep\n|j| huhyuhyuhyuh\n|\n|t:|1776489349\n|switch|p1a: Charizard|Charizard, L50, F|100/100\n|turn|3\n|\n|t:|1776489356\n|detailschange|p1a: Charizard|Charizard-Mega-X, L50, F\n|-mega|p1a: Charizard|Charizard|Charizardite X\n|move|p2a: Put a brick in|Discharge|p1a: Charizard\n|-resisted|p1a: Charizard|1\n|-damage|p1a: Charizard|80/100\n|-status|p1a: Charizard|par\n|move|p1a: Charizard|Dragon Dance|p1a: Charizard\n|-boost|p1a: Charizard|atk|1\n|-boost|p1a: Charizard|spe|1\n|\n|upkeep\n|turn|4\n|\n|t:|1776489369\n|switch|p2a: Bruce|Charizard, L50, M|100/100\n|move|p1a: Charizard|Dragon Dance|p1a: Charizard\n|-boost|p1a: Charizard|atk|1\n|-boost|p1a: Charizard|spe|1\n|\n|upkeep\n|turn|5\n|\n|t:|1776489374\n|move|p2a: Bruce|Breaking Swipe|p1a: Charizard\n|-supereffective|p1a: Charizard|1\n|-damage|p1a: Charizard|57/100 par\n|-unboost|p1a: Charizard|atk|1\n|move|p1a: Charizard|Dragon Claw|p2a: Bruce\n|-damage|p2a: Bruce|5/100\n|\n|upkeep\n|turn|6\n|\n|t:|1776489383\n|move|p2a: Bruce|Breaking Swipe|p1a: Charizard\n|-supereffective|p1a: Charizard|1\n|-damage|p1a: Charizard|33/100 par\n|-unboost|p1a: Charizard|atk|1\n|move|p1a: Charizard|Dragon Claw|p2a: Bruce\n|-damage|p2a: Bruce|0 fnt\n|faint|p2a: Bruce\n|\n|upkeep\n|\n|t:|1776489393\n|switch|p2a: Tea-hee|Sinistcha, L50|100/100\n|turn|7\n|inactive|Battle timer is ON: inactive players will automatically lose when time's up. (requested by kyotoyoko)\n|\n|t:|1776489396\n|move|p1a: Charizard|Flare Blitz|p2a: Tea-hee\n|-supereffective|p2a: Tea-hee|1\n|-damage|p2a: Tea-hee|39/100\n|-enditem|p2a: Tea-hee|Sitrus Berry|[eat]\n|-heal|p2a: Tea-hee|63/100|[from] item: Sitrus Berry\n|-damage|p1a: Charizard|12/100 par|[from] Recoil\n|move|p2a: Tea-hee|Calm Mind|p2a: Tea-hee\n|-boost|p2a: Tea-hee|spa|1\n|-boost|p2a: Tea-hee|spd|1\n|\n|upkeep\n|turn|8\n|\n|t:|1776489404\n|move|p1a: Charizard|Flare Blitz|p2a: Tea-hee\n|-supereffective|p2a: Tea-hee|1\n|-damage|p2a: Tea-hee|0 fnt\n|faint|p2a: Tea-hee\n|-damage|p1a: Charizard|0 fnt|[from] Recoil\n|faint|p1a: Charizard\n|\n|upkeep\n|j| p74\n|\n|t:|1776489407\n|switch|p1a: Mimikyu|Mimikyu, L50, F, shiny|100/100\n|switch|p2a: Put a brick in|Rotom-Wash, L50|18/100\n|turn|9\n|\n|t:|1776489408\n|move|p1a: Mimikyu|Shadow Sneak|p2a: Put a brick in\n|-damage|p2a: Put a brick in|0 fnt\n|faint|p2a: Put a brick in\n|\n|win|kyotoyoko\n|raw|kyotoyoko's rating: 1324 &rarr; <strong>1344</strong><br />(+20 for winning)\n|raw|MiraidonGaming's rating: 1323 &rarr; <strong>1303</strong><br />(-20 for losing)\n|l|\u2606MiraidonGaming\n|player|p2|\n|l|\u2606kyotoyoko\n|player|p1|\n",
  "uploadtime": 1776489457,
  "views": 4,
  "formatid": "gen9championsbssregma",
  "rating": 1303,
  "private": 0,
  "password": null
}