{
  "id": "gen9championsbssregma-2587704267",
  "format": "[Gen 9 Champions] BSS Reg M-A",
  "players": [
    "harap",
    "zozotown"
  ],
  "log": "|j|\u2606harap\n|j|\u203dzozotown\n|t:|1776555623\n|gametype|singles\n|player|p1|harap|101|1381\n|player|p2|zozotown|102|1426\n|gen|9\n|tier|[Gen 9 Champions] BSS Reg M-A\n|rated|\n|rule|Species Clause: Limit one of each Pok\u00e9mon\n|rule|Item Clause: Limit 1 of each item\n|clearpoke\n|poke|p1|Ampharos, L50, F|\n|poke|p1|Scizor, L50, M|\n|poke|p1|Skarmory, L50, M|\n|poke|p1|Feraligatr, L50, M|\n|poke|p1|Slowking-Galar, L50, F|\n|poke|p1|Umbreon, L50, M|\n|poke|p2|Glimmora, L50, F|\n|poke|p2|Clefable, L50, F|\n|poke|p2|Kingambit, L50, M|\n|poke|p2|Lucario, L50, F|\n|poke|p2|Hippowdon, L50, F|\n|poke|p2|Scovillain, L50, F|\n|teampreview|3\n|inactive|Battle timer is ON: inactive players will automatically lose when time's up. (requested by zozotown)\n|\n|t:|1776555647\n|teamsize|p1|3\n|teamsize|p2|3\n|start\n|switch|p1a: Slowking|Slowking-Galar, L50, F|100/100\n|switch|p2a: Glimmora|Glimmora, L50, F|100/100\n|turn|1\n|inactive|zozotown has 30 seconds left.\n|inactive|zozotown has 20 seconds left.\n|inactive|zozotown has 15 seconds left.\n|inactive|zozotown has 10 seconds left.\n|\n|t:|1776555696\n|move|p2a: Glimmora|Stealth Rock|p1a: Slowking\n|-sidestart|p1: harap|move: Stealth Rock\n|move|p1a: Slowking|Psychic Noise|p2a: Glimmora\n|-supereffective|p2a: Glimmora|1\n|-enditem|p2a: Glimmora|Focus Sash\n|-damage|p2a: Glimmora|1/100\n|-start|p2a: Glimmora|move: Heal Block\n|\n|upkeep\n|turn|2\n|\n|t:|1776555706\n|move|p2a: Glimmora|Mud Shot|p1a: Slowking\n|-supereffective|p1a: Slowking|1\n|-damage|p1a: Slowking|71/100\n|-unboost|p1a: Slowking|spe|1\n|move|p1a: Slowking|Psychic Noise|p2a: Glimmora\n|-supereffective|p2a: Glimmora|1\n|-damage|p2a: Glimmora|0 fnt\n|faint|p2a: Glimmora\n|\n|upkeep\n|\n|t:|1776555719\n|switch|p2a: Kingambit|Kingambit, L50, M|100/100\n|-activate|p2a: Kingambit|ability: Supreme Overlord\n|-start|p2a: Kingambit|fallen1|[silent]\n|turn|3\n|j| p74\n|\n|t:|1776555729\n|move|p2a: Kingambit|Swords Dance|p2a: Kingambit\n|-boost|p2a: Kingambit|atk|2\n|move|p1a: Slowking|Fire Blast|p2a: Kingambit\n|-supereffective|p2a: Kingambit|1\n|-damage|p2a: Kingambit|8/100\n|\n|upkeep\n|turn|4\n|j| 3hearts\n|\n|t:|1776555747\n|move|p2a: Kingambit|Kowtow Cleave|p1a: Slowking\n|-supereffective|p1a: Slowking|1\n|-damage|p1a: Slowking|0 fnt\n|faint|p1a: Slowking\n|\n|upkeep\n|j| huhyuhyuhyuh\n|\n|t:|1776555751\n|switch|p1a: Scizor|Scizor, L50, M|100/100\n|-damage|p1a: Scizor|88/100|[from] Stealth Rock\n|turn|5\n|\n|t:|1776555757\n|move|p2a: Kingambit|Sucker Punch|p1a: Scizor\n|-damage|p1a: Scizor|8/100\n|move|p1a: Scizor|Bullet Punch|p2a: Kingambit\n|-resisted|p2a: Kingambit|1\n|-damage|p2a: Kingambit|0 fnt\n|faint|p2a: Kingambit\n|-end|p2a: Kingambit|fallen1|[silent]\n|\n|upkeep\n|\n|t:|1776555761\n|switch|p2a: Clefable|Clefable, L50, F|100/100\n|turn|6\n|\n|t:|1776555774\n|detailschange|p2a: Clefable|Clefable-Mega, L50, F\n|-mega|p2a: Clefable|Clefable|Clefablite\n|detailschange|p1a: Scizor|Scizor-Mega, L50, M\n|-mega|p1a: Scizor|Scizor|Scizorite\n|move|p2a: Clefable|Flamethrower|p1a: Scizor\n|-supereffective|p1a: Scizor|2\n|-damage|p1a: Scizor|0 fnt\n|faint|p1a: Scizor\n|\n|upkeep\n|\n|t:|1776555781\n|switch|p1a: Umbreon|Umbreon, L50, M|100/100\n|-damage|p1a: Umbreon|88/100|[from] Stealth Rock\n|turn|7\n|\n|t:|1776555787\n|move|p2a: Clefable|Calm Mind|p2a: Clefable\n|-boost|p2a: Clefable|spa|1\n|-boost|p2a: Clefable|spd|1\n|move|p1a: Umbreon|Toxic|p2a: Clefable\n|move|p2a: Clefable|Toxic|p1a: Umbreon|[from] ability: Magic Bounce|[miss]\n|-miss|p2a: Clefable|p1a: Umbreon\n|\n|-heal|p1a: Umbreon|94/100|[from] item: Leftovers\n|upkeep\n|turn|8\n|-message|harap forfeited.\n|\n|win|zozotown\n|raw|harap's rating: 1381 &rarr; <strong>1364</strong><br />(-17 for losing)\n|raw|zozotown's rating: 1426 &rarr; <strong>1443</strong><br />(+17 for winning)\n|l|\u2606harap\n|player|p1|\n|l|\u203dzozotown\n|player|p2|\n",
  "uploadtime": 1776555828,
  "views": 4,
  "formatid": "gen9championsbssregma",
  "rating": 1364,
  "private": 0,
  "password": null
}