{
  "id": "gen9championsbssregma-2585595881",
  "format": "[Gen 9 Champions] BSS Reg M-A",
  "players": [
    "BBBKTY",
    "M Y Raymachine"
  ],
  "log": "|j|\u2606BBBKTY\n|j|\u2606M Y Raymachine\n|t:|1776357819\n|gametype|singles\n|player|p1|BBBKTY|265|1159\n|player|p2|M Y Raymachine|gentleman-gen4|1275\n|gen|9\n|tier|[Gen 9 Champions] BSS Reg M-A\n|rated|\n|rule|Species Clause: Limit one of each Pok\u00e9mon\n|rule|Item Clause: Limit 1 of each item\n|clearpoke\n|poke|p1|Dragapult, L50, F|\n|poke|p1|Alakazam, L50, F|\n|poke|p1|Azumarill, L50, F|\n|poke|p1|Clefable, L50, F|\n|poke|p1|Espathra, L50, M|\n|poke|p1|Glimmora, L50, F|\n|poke|p2|Charizard, L50, M|\n|poke|p2|Empoleon, L50, M|\n|poke|p2|Garchomp, L50, M|\n|poke|p2|Hippowdon, L50, M|\n|poke|p2|Floette-Eternal, L50, F|\n|poke|p2|Meowscarada, L50, M|\n|teampreview|3\n|inactive|Battle timer is ON: inactive players will automatically lose when time's up. (requested by BBBKTY)\n|\n|t:|1776357851\n|teamsize|p1|3\n|teamsize|p2|3\n|start\n|switch|p1a: Glimmora|Glimmora, L50, F|100/100\n|switch|p2a: \ubb34\uc1e0\ube59\ud050\ubcf4|Empoleon, L50, M|100/100\n|turn|1\n|l|\u2606BBBKTY\n|inactive|BBBKTY disconnected and has a minute to reconnect!\n|player|p1|\n|j|\u2606BBBKTY\n|inactive|BBBKTY reconnected and has 40 seconds left.\n|player|p1|BBBKTY|265|\n|inactive|BBBKTY has 30 seconds left.\n|inactive|BBBKTY has 20 seconds left.\n|\n|t:|1776357886\n|move|p1a: Glimmora|Power Gem|p2a: \ubb34\uc1e0\ube59\ud050\ubcf4\n|-resisted|p2a: \ubb34\uc1e0\ube59\ud050\ubcf4|1\n|-damage|p2a: \ubb34\uc1e0\ube59\ud050\ubcf4|89/100\n|move|p2a: \ubb34\uc1e0\ube59\ud050\ubcf4|Surf|p1a: Glimmora\n|-supereffective|p1a: Glimmora|1\n|-damage|p1a: Glimmora|37/100\n|\n|-heal|p2a: \ubb34\uc1e0\ube59\ud050\ubcf4|95/100|[from] item: Leftovers\n|upkeep\n|turn|2\n|\n|t:|1776357891\n|move|p1a: Glimmora|Stealth Rock|p2a: \ubb34\uc1e0\ube59\ud050\ubcf4\n|-sidestart|p2: M Y Raymachine|move: Stealth Rock\n|move|p2a: \ubb34\uc1e0\ube59\ud050\ubcf4|Surf|p1a: Glimmora\n|-supereffective|p1a: Glimmora|1\n|-damage|p1a: Glimmora|0 fnt\n|faint|p1a: Glimmora\n|\n|-heal|p2a: \ubb34\uc1e0\ube59\ud050\ubcf4|100/100|[from] item: Leftovers\n|upkeep\n|\n|t:|1776357900\n|switch|p1a: Espathra|Espathra, L50, M, shiny|100/100\n|turn|3\n|\n|t:|1776357905\n|move|p1a: Espathra|Protect|p1a: Espathra\n|-singleturn|p1a: Espathra|Protect\n|move|p2a: \ubb34\uc1e0\ube59\ud050\ubcf4|Stealth Rock|p1a: Espathra\n|-sidestart|p1: BBBKTY|move: Stealth Rock\n|\n|-ability|p1a: Espathra|Speed Boost|boost\n|-boost|p1a: Espathra|spe|1\n|upkeep\n|turn|4\n|\n|t:|1776357916\n|move|p1a: Espathra|Calm Mind|p1a: Espathra\n|-boost|p1a: Espathra|spa|1\n|-boost|p1a: Espathra|spd|1\n|move|p2a: \ubb34\uc1e0\ube59\ud050\ubcf4|Surf|p1a: Espathra\n|-damage|p1a: Espathra|75/100\n|\n|-ability|p1a: Espathra|Speed Boost|boost\n|-boost|p1a: Espathra|spe|1\n|upkeep\n|turn|5\n|\n|t:|1776357921\n|move|p1a: Espathra|Calm Mind|p1a: Espathra\n|-boost|p1a: Espathra|spa|1\n|-boost|p1a: Espathra|spd|1\n|move|p2a: \ubb34\uc1e0\ube59\ud050\ubcf4|Roar|p1a: Espathra\n|drag|p1a: Clefable|Clefable, L50, F, shiny|100/100\n|-damage|p1a: Clefable|88/100|[from] Stealth Rock\n|\n|upkeep\n|turn|6\n|\n|t:|1776357928\n|detailschange|p1a: Clefable|Clefable-Mega, L50, F, shiny\n|-mega|p1a: Clefable|Clefable|Clefablite\n|move|p1a: Clefable|Cosmic Power|p1a: Clefable\n|-boost|p1a: Clefable|def|1\n|-boost|p1a: Clefable|spd|1\n|move|p2a: \ubb34\uc1e0\ube59\ud050\ubcf4|Surf|p1a: Clefable\n|-damage|p1a: Clefable|70/100\n|\n|upkeep\n|turn|7\n|\n|t:|1776357947\n|move|p1a: Clefable|Cosmic Power|p1a: Clefable\n|-boost|p1a: Clefable|def|1\n|-boost|p1a: Clefable|spd|1\n|move|p2a: \ubb34\uc1e0\ube59\ud050\ubcf4|Roar|p1a: Clefable\n|move|p1a: Clefable|Roar|p2a: \ubb34\uc1e0\ube59\ud050\ubcf4|[from] ability: Magic Bounce\n|drag|p2a: \ud788\uc2a4\uc774 \uc0e4\ud06c\ub2c8\uc544|Garchomp, L50, M|100/100\n|-damage|p2a: \ud788\uc2a4\uc774 \uc0e4\ud06c\ub2c8\uc544|95/100|[from] Stealth Rock\n|\n|upkeep\n|turn|8\n|\n|t:|1776357956\n|move|p2a: \ud788\uc2a4\uc774 \uc0e4\ud06c\ub2c8\uc544|Fire Fang|p1a: Clefable\n|-damage|p1a: Clefable|63/100\n|move|p1a: Clefable|Moonblast|p2a: \ud788\uc2a4\uc774 \uc0e4\ud06c\ub2c8\uc544\n|-supereffective|p2a: \ud788\uc2a4\uc774 \uc0e4\ud06c\ub2c8\uc544|1\n|-damage|p2a: \ud788\uc2a4\uc774 \uc0e4\ud06c\ub2c8\uc544|3/100\n|-unboost|p2a: \ud788\uc2a4\uc774 \uc0e4\ud06c\ub2c8\uc544|spa|1\n|\n|upkeep\n|turn|9\n|\n|t:|1776357965\n|move|p2a: \ud788\uc2a4\uc774 \uc0e4\ud06c\ub2c8\uc544|Fire Fang|p1a: Clefable\n|-damage|p1a: Clefable|55/100\n|move|p1a: Clefable|Cosmic Power|p1a: Clefable\n|-boost|p1a: Clefable|def|1\n|-boost|p1a: Clefable|spd|1\n|\n|upkeep\n|turn|10\n|\n|t:|1776357969\n|move|p2a: \ud788\uc2a4\uc774 \uc0e4\ud06c\ub2c8\uc544|Fire Fang|p1a: Clefable\n|-damage|p1a: Clefable|49/100\n|move|p1a: Clefable|Moonblast|p2a: \ud788\uc2a4\uc774 \uc0e4\ud06c\ub2c8\uc544\n|-supereffective|p2a: \ud788\uc2a4\uc774 \uc0e4\ud06c\ub2c8\uc544|1\n|-damage|p2a: \ud788\uc2a4\uc774 \uc0e4\ud06c\ub2c8\uc544|0 fnt\n|faint|p2a: \ud788\uc2a4\uc774 \uc0e4\ud06c\ub2c8\uc544\n|\n|upkeep\n|\n|t:|1776357972\n|switch|p2a: \ub77c\ud50c\ub808\uc2dc\uc544 \ubd89\uc740 \ub2ec|Floette-Eternal, L50, F|100/100\n|-damage|p2a: \ub77c\ud50c\ub808\uc2dc\uc544 \ubd89\uc740 \ub2ec|88/100|[from] Stealth Rock\n|turn|11\n|inactive|BBBKTY has 30 seconds left.\n|\n|t:|1776358001\n|detailschange|p2a: \ub77c\ud50c\ub808\uc2dc\uc544 \ubd89\uc740 \ub2ec|Floette-Mega, L50, F\n|-mega|p2a: \ub77c\ud50c\ub808\uc2dc\uc544 \ubd89\uc740 \ub2ec|Floette|Floettite\n|-ability|p2a: \ub77c\ud50c\ub808\uc2dc\uc544 \ubd89\uc740 \ub2ec|Fairy Aura\n|move|p2a: \ub77c\ud50c\ub808\uc2dc\uc544 \ubd89\uc740 \ub2ec|Light of Ruin|p1a: Clefable\n|-damage|p1a: Clefable|13/100\n|-damage|p2a: \ub77c\ud50c\ub808\uc2dc\uc544 \ubd89\uc740 \ub2ec|66/100|[from] Recoil\n|move|p1a: Clefable|Stored Power|p2a: \ub77c\ud50c\ub808\uc2dc\uc544 \ubd89\uc740 \ub2ec\n|-damage|p2a: \ub77c\ud50c\ub808\uc2dc\uc544 \ubd89\uc740 \ub2ec|33/100\n|\n|upkeep\n|turn|12\n|\n|t:|1776358012\n|move|p2a: \ub77c\ud50c\ub808\uc2dc\uc544 \ubd89\uc740 \ub2ec|Moonblast|p1a: Clefable\n|-damage|p1a: Clefable|0 fnt\n|faint|p1a: Clefable\n|\n|upkeep\n|\n|t:|1776358015\n|switch|p1a: Espathra|Espathra, L50, M, shiny|75/100\n|-damage|p1a: Espathra|63/100|[from] Stealth Rock\n|turn|13\n|\n|t:|1776358018\n|move|p1a: Espathra|Protect|p1a: Espathra\n|-singleturn|p1a: Espathra|Protect\n|move|p2a: \ub77c\ud50c\ub808\uc2dc\uc544 \ubd89\uc740 \ub2ec|Light of Ruin|p1a: Espathra\n|-activate|p1a: Espathra|move: Protect\n|\n|-ability|p1a: Espathra|Speed Boost|boost\n|-boost|p1a: Espathra|spe|1\n|upkeep\n|turn|14\n|\n|t:|1776358023\n|move|p1a: Espathra|Lumina Crash|p2a: \ub77c\ud50c\ub808\uc2dc\uc544 \ubd89\uc740 \ub2ec\n|-damage|p2a: \ub77c\ud50c\ub808\uc2dc\uc544 \ubd89\uc740 \ub2ec|13/100\n|-unboost|p2a: \ub77c\ud50c\ub808\uc2dc\uc544 \ubd89\uc740 \ub2ec|spd|2\n|move|p2a: \ub77c\ud50c\ub808\uc2dc\uc544 \ubd89\uc740 \ub2ec|Light of Ruin|p1a: Espathra\n|-damage|p1a: Espathra|0 fnt\n|faint|p1a: Espathra\n|-damage|p2a: \ub77c\ud50c\ub808\uc2dc\uc544 \ubd89\uc740 \ub2ec|0 fnt|[from] Recoil\n|faint|p2a: \ub77c\ud50c\ub808\uc2dc\uc544 \ubd89\uc740 \ub2ec\n|\n|win|M Y Raymachine\n|raw|BBBKTY's rating: 1159 &rarr; <strong>1142</strong><br />(-17 for losing)\n|raw|M Y Raymachine's rating: 1275 &rarr; <strong>1292</strong><br />(+17 for winning)\n|l|\u2606M Y Raymachine\n|player|p2|\n",
  "uploadtime": 1776358026,
  "views": 10,
  "formatid": "gen9championsbssregma",
  "rating": 1142,
  "private": 0,
  "password": null
}