{
  "id": "gen9championsbssregma-2588088561",
  "format": "[Gen 9 Champions] BSS Reg M-A",
  "players": [
    "qweralt",
    "SGA4OKC"
  ],
  "log": "|j|\u2606qweralt\n|j|\u2606SGA4OKC\n|t:|1776602941\n|gametype|singles\n|player|p1|qweralt|boarder|1161\n|player|p2|SGA4OKC|pokefan-gen4|1220\n|gen|9\n|tier|[Gen 9 Champions] BSS Reg M-A\n|rated|\n|rule|Species Clause: Limit one of each Pok\u00e9mon\n|rule|Item Clause: Limit 1 of each item\n|clearpoke\n|poke|p1|Delphox, L50, F|\n|poke|p1|Hatterene, L50, F|\n|poke|p1|Weavile, L50, M|\n|poke|p1|Volcarona, L50, M|\n|poke|p1|Garchomp, L50, F|\n|poke|p1|Rotom-Wash, L50|\n|poke|p2|Tyranitar, L50, F|\n|poke|p2|Chandelure, L50, F|\n|poke|p2|Garchomp, L50, M|\n|poke|p2|Primarina, L50, M|\n|poke|p2|Aerodactyl, L50, F|\n|poke|p2|Chesnaught, L50, M|\n|teampreview|3\n|inactive|Battle timer is ON: inactive players will automatically lose when time's up. (requested by SGA4OKC)\n|\n|t:|1776602984\n|teamsize|p1|3\n|teamsize|p2|3\n|start\n|switch|p1a: Rotom|Rotom-Wash, L50|100/100\n|switch|p2a: Tyranitar|Tyranitar, L50, F|100/100\n|-weather|Sandstorm|[from] ability: Sand Stream|[of] p2a: Tyranitar\n|turn|1\n|\n|t:|1776603002\n|switch|p2a: Chandelure|Chandelure, L50, F|100/100\n|move|p1a: Rotom|Hydro Pump|p2a: Chandelure|[miss]\n|-miss|p1a: Rotom|p2a: Chandelure\n|\n|-weather|Sandstorm|[upkeep]\n|-damage|p2a: Chandelure|95/100|[from] Sandstorm\n|-damage|p1a: Rotom|95/100|[from] Sandstorm\n|upkeep\n|turn|2\n|\n|t:|1776603009\n|move|p2a: Chandelure|Energy Ball|p1a: Rotom\n|-supereffective|p1a: Rotom|1\n|-damage|p1a: Rotom|22/100\n|move|p1a: Rotom|Hydro Pump|p2a: Chandelure|[miss]\n|-miss|p1a: Rotom|p2a: Chandelure\n|\n|-weather|Sandstorm|[upkeep]\n|-damage|p2a: Chandelure|89/100|[from] Sandstorm\n|-damage|p1a: Rotom|16/100|[from] Sandstorm\n|upkeep\n|turn|3\n|\n|t:|1776603014\n|move|p2a: Chandelure|Energy Ball|p1a: Rotom\n|-supereffective|p1a: Rotom|1\n|-damage|p1a: Rotom|0 fnt\n|faint|p1a: Rotom\n|\n|-weather|Sandstorm|[upkeep]\n|-damage|p2a: Chandelure|83/100|[from] Sandstorm\n|upkeep\n|c|\u2606SGA4OKC|mb\n|\n|t:|1776603024\n|switch|p1a: Weavile|Weavile, L50, M|100/100\n|-ability|p1a: Weavile|Pressure\n|turn|4\n|\n|t:|1776603030\n|switch|p2a: Tyranitar|Tyranitar, L50, F|100/100\n|move|p1a: Weavile|Knock Off|p2a: Tyranitar\n|-resisted|p2a: Tyranitar|1\n|-damage|p2a: Tyranitar|82/100\n|-enditem|p2a: Tyranitar|Sitrus Berry|[from] move: Knock Off|[of] p1a: Weavile\n|\n|-weather|Sandstorm|[upkeep]\n|-damage|p1a: Weavile|94/100|[from] Sandstorm\n|upkeep\n|turn|5\n|\n|t:|1776603041\n|move|p1a: Weavile|Low Kick|p2a: Tyranitar\n|-supereffective|p2a: Tyranitar|2\n|-damage|p2a: Tyranitar|0 fnt\n|faint|p2a: Tyranitar\n|\n|-weather|none\n|upkeep\n|\n|t:|1776603049\n|switch|p2a: Chandelure|Chandelure, L50, F|83/100\n|turn|6\n|\n|t:|1776603065\n|switch|p1a: Hatterene|Hatterene, L50, F|100/100\n|move|p2a: Chandelure|Flamethrower|p1a: Hatterene\n|-damage|p1a: Hatterene|40/100\n|\n|-heal|p1a: Hatterene|46/100|[from] item: Leftovers\n|upkeep\n|turn|7\n|\n|t:|1776603070\n|move|p2a: Chandelure|Flamethrower|p1a: Hatterene\n|-damage|p1a: Hatterene|0 fnt\n|faint|p1a: Hatterene\n|\n|upkeep\n|\n|t:|1776603072\n|switch|p1a: Weavile|Weavile, L50, M|94/100\n|-ability|p1a: Weavile|Pressure\n|turn|8\n|\n|t:|1776603076\n|move|p2a: Chandelure|Flamethrower|p1a: Weavile\n|-supereffective|p1a: Weavile|1\n|-damage|p1a: Weavile|0 fnt\n|faint|p1a: Weavile\n|\n|win|SGA4OKC\n|raw|qweralt's rating: 1161 &rarr; <strong>1140</strong><br />(-21 for losing)\n|raw|SGA4OKC's rating: 1220 &rarr; <strong>1241</strong><br />(+21 for winning)\n",
  "uploadtime": 1776603079,
  "views": 2,
  "formatid": "gen9championsbssregma",
  "rating": 1140,
  "private": 0,
  "password": null
}