{
  "id": "gen9championsbssregma-2588018417",
  "format": "[Gen 9 Champions] BSS Reg M-A",
  "players": [
    "PlatinumPassport",
    "TheLancargod"
  ],
  "log": "|j|\u2606PlatinumPassport\n|j|\u2606TheLancargod\n|t:|1776593656\n|gametype|singles\n|player|p1|PlatinumPassport|169|1413\n|player|p2|TheLancargod|101|1389\n|gen|9\n|tier|[Gen 9 Champions] BSS Reg M-A\n|rated|\n|rule|Species Clause: Limit one of each Pok\u00e9mon\n|rule|Item Clause: Limit 1 of each item\n|clearpoke\n|poke|p1|Tyranitar, L50, M, shiny|\n|poke|p1|Chesnaught, L50, F, shiny|\n|poke|p1|Dragonite, L50, F, shiny|\n|poke|p1|Aegislash, L50, F, shiny|\n|poke|p1|Greninja, L50, M, shiny|\n|poke|p1|Meowscarada, L50, M, shiny|\n|poke|p2|Hatterene, L50, F, shiny|\n|poke|p2|Basculegion, L50, M|\n|poke|p2|Dragonite, L50, M|\n|poke|p2|Scizor, L50, F|\n|poke|p2|Primarina, L50, M|\n|poke|p2|Garchomp, L50, M|\n|teampreview|3\n|inactive|Battle timer is ON: inactive players will automatically lose when time's up. (requested by PlatinumPassport)\n|inactive|TheLancargod has 60 seconds left.\n|\n|t:|1776593736\n|teamsize|p1|3\n|teamsize|p2|3\n|start\n|switch|p1a: Greninja|Greninja, L50, M, shiny|100/100\n|switch|p2a: Hatterene|Hatterene, L50, F, shiny|100/100\n|turn|1\n|\n|t:|1776593751\n|move|p1a: Greninja|Sludge Wave|p2a: Hatterene\n|-start|p1a: Greninja|typechange|Poison|[from] ability: Protean\n|-supereffective|p2a: Hatterene|1\n|-damage|p2a: Hatterene|24/100\n|move|p2a: Hatterene|Psychic Noise|p1a: Greninja\n|-supereffective|p1a: Greninja|1\n|-enditem|p1a: Greninja|Focus Sash\n|-damage|p1a: Greninja|1/100\n|-start|p1a: Greninja|move: Heal Block\n|\n|-heal|p2a: Hatterene|30/100|[from] item: Leftovers\n|upkeep\n|turn|2\n|\n|t:|1776593769\n|switch|p2a: Basculegion|Basculegion, L50, M|100/100\n|move|p1a: Greninja|Sludge Wave|p2a: Basculegion\n|-resisted|p2a: Basculegion|1\n|-damage|p2a: Basculegion|83/100\n|\n|-end|p1a: Greninja|move: Heal Block\n|upkeep\n|turn|3\n|\n|t:|1776593778\n|switch|p1a: Aegislash|Aegislash, L50, F, shiny|100/100\n|move|p2a: Basculegion|Flip Turn|p1a: Aegislash\n|-damage|p1a: Aegislash|71/100\n|\n|t:|1776593782\n|switch|p2a: Scizor|Scizor, L50, F|100/100|[from] Flip Turn\n|\n|-heal|p1a: Aegislash|77/100|[from] item: Leftovers\n|upkeep\n|turn|4\n|\n|t:|1776593791\n|switch|p1a: Dragonite|Dragonite, L50, F, shiny|100/100\n|detailschange|p2a: Scizor|Scizor-Mega, L50, F\n|-mega|p2a: Scizor|Scizor|Scizorite\n|move|p2a: Scizor|Knock Off|p1a: Dragonite\n|-damage|p1a: Dragonite|85/100\n|\n|upkeep\n|turn|5\n|j| p74\n|\n|t:|1776593803\n|switch|p2a: Hatterene|Hatterene, L50, F, shiny|30/100\n|detailschange|p1a: Dragonite|Dragonite-Mega, L50, F, shiny\n|-mega|p1a: Dragonite|Dragonite|Dragoninite\n|move|p1a: Dragonite|Roost|p1a: Dragonite\n|-heal|p1a: Dragonite|100/100\n|-singleturn|p1a: Dragonite|move: Roost\n|\n|-heal|p2a: Hatterene|36/100|[from] item: Leftovers\n|upkeep\n|turn|6\n|\n|t:|1776593813\n|move|p1a: Dragonite|Thunderbolt|p2a: Hatterene\n|-damage|p2a: Hatterene|0 fnt\n|faint|p2a: Hatterene\n|\n|upkeep\n|\n|t:|1776593816\n|switch|p2a: Basculegion|Basculegion, L50, M|83/100\n|turn|7\n|\n|t:|1776593823\n|switch|p1a: Greninja|Greninja, L50, M, shiny|1/100\n|move|p2a: Basculegion|Last Respects|p1a: Greninja\n|-resisted|p1a: Greninja|1\n|-damage|p1a: Greninja|0 fnt\n|faint|p1a: Greninja\n|\n|upkeep\n|\n|t:|1776593826\n|switch|p1a: Dragonite|Dragonite-Mega, L50, F, shiny|100/100\n|turn|8\n|\n|t:|1776593829\n|move|p2a: Basculegion|Last Respects|p1a: Dragonite\n|-damage|p1a: Dragonite|76/100\n|move|p1a: Dragonite|Thunderbolt|p2a: Basculegion\n|-supereffective|p2a: Basculegion|1\n|-damage|p2a: Basculegion|0 fnt\n|faint|p2a: Basculegion\n|\n|upkeep\n|\n|t:|1776593835\n|switch|p2a: Scizor|Scizor-Mega, L50, F|100/100\n|turn|9\n|\n|t:|1776593840\n|move|p1a: Dragonite|Roost|p1a: Dragonite\n|-heal|p1a: Dragonite|100/100\n|-singleturn|p1a: Dragonite|move: Roost\n|move|p2a: Scizor|Swords Dance|p2a: Scizor\n|-boost|p2a: Scizor|atk|2\n|\n|upkeep\n|turn|10\n|\n|t:|1776593845\n|move|p2a: Scizor|Bullet Punch|p1a: Dragonite\n|-damage|p1a: Dragonite|67/100\n|move|p1a: Dragonite|Flamethrower|p2a: Scizor\n|-supereffective|p2a: Scizor|2\n|-damage|p2a: Scizor|0 fnt\n|faint|p2a: Scizor\n|\n|win|PlatinumPassport\n|raw|PlatinumPassport's rating: 1413 &rarr; <strong>1432</strong><br />(+19 for winning)\n|raw|TheLancargod's rating: 1389 &rarr; <strong>1370</strong><br />(-19 for losing)\n|l|\u2606TheLancargod\n|player|p2|\n",
  "uploadtime": 1776593977,
  "views": 3,
  "formatid": "gen9championsbssregma",
  "rating": 1370,
  "private": 0,
  "password": null
}