{
  "id": "gen9championsbssregma-2580433365",
  "format": "[Gen 9 Champions] BSS Reg M-A",
  "players": [
    "Delibird Heart",
    "AngerBartoli"
  ],
  "log": "|j|\u2606Delibird Heart\n|j|\u2606AngerBartoli\n|t:|1775895831\n|gametype|singles\n|player|p1|Delibird Heart|#omclihearttakers|1078\n|player|p2|AngerBartoli|102|1027\n|gen|9\n|tier|[Gen 9 Champions] BSS Reg M-A\n|rated|\n|rule|Species Clause: Limit one of each Pok\u00e9mon\n|rule|Item Clause: Limit 1 of each item\n|clearpoke\n|poke|p1|Hatterene, L50, F|\n|poke|p1|Crabominable, L50, F|\n|poke|p1|Camerupt, L50, F|\n|poke|p1|Slowbro-Galar, L50, M|\n|poke|p1|Hydreigon, L50, M|\n|poke|p1|Aggron, L50, M|\n|poke|p2|Starmie, L50|\n|poke|p2|Hydreigon, L50, F|\n|poke|p2|Scizor, L50, F|\n|poke|p2|Aegislash, L50, F|\n|poke|p2|Pelipper, L50, F|\n|poke|p2|Beartic, L50, M|\n|teampreview|3\n|inactive|Battle timer is ON: inactive players will automatically lose when time's up. (requested by Delibird Heart)\n|inactive|Delibird Heart has 60 seconds left.\n|inactive|AngerBartoli has 60 seconds left.\n|\n|t:|1775895881\n|teamsize|p1|3\n|teamsize|p2|3\n|start\n|switch|p1a: Slowbro|Slowbro-Galar, L50, M|100/100\n|switch|p2a: Aegislash|Aegislash, L50, F|100/100\n|turn|1\n|\n|t:|1775895886\n|move|p2a: Aegislash|Swords Dance|p2a: Aegislash\n|-boost|p2a: Aegislash|atk|2\n|move|p1a: Slowbro|Flamethrower|p2a: Aegislash\n|-supereffective|p2a: Aegislash|1\n|-damage|p2a: Aegislash|50/100\n|\n|upkeep\n|turn|2\n|-activate|p1a: Slowbro|ability: Quick Draw\n|\n|t:|1775895907\n|move|p1a: Slowbro|Flamethrower|p2a: Aegislash\n|-supereffective|p2a: Aegislash|1\n|-damage|p2a: Aegislash|0 fnt\n|faint|p2a: Aegislash\n|\n|upkeep\n|\n|t:|1775895916\n|switch|p2a: Starmie|Starmie, L50|100/100\n|turn|3\n|\n|t:|1775895930\n|detailschange|p2a: Starmie|Starmie-Mega, L50\n|-mega|p2a: Starmie|Starmie|Starminite\n|move|p2a: Starmie|Zen Headbutt|p1a: Slowbro\n|-damage|p1a: Slowbro|42/100\n|move|p1a: Slowbro|Psyshock|p2a: Starmie\n|-resisted|p2a: Starmie|1\n|-damage|p2a: Starmie|72/100\n|\n|upkeep\n|turn|4\n|-activate|p1a: Slowbro|ability: Quick Draw\n|\n|t:|1775895940\n|move|p1a: Slowbro|Psyshock|p2a: Starmie\n|-resisted|p2a: Starmie|1\n|-damage|p2a: Starmie|43/100\n|move|p2a: Starmie|Flip Turn|p1a: Slowbro\n|-crit|p1a: Slowbro\n|-damage|p1a: Slowbro|0 fnt\n|faint|p1a: Slowbro\n|\n|t:|1775895944\n|switch|p2a: Pelipper|Pelipper, L50, F|100/100|[from] Flip Turn\n|-weather|RainDance|[from] ability: Drizzle|[of] p2a: Pelipper\n|\n|-weather|RainDance|[upkeep]\n|upkeep\n|\n|t:|1775895947\n|switch|p1a: Hatterene|Hatterene, L50, F|100/100\n|turn|5\n|\n|t:|1775895952\n|move|p2a: Pelipper|Weather Ball|p1a: Hatterene\n|-damage|p1a: Hatterene|33/100\n|move|p1a: Hatterene|Trick Room|p1a: Hatterene\n|-fieldstart|move: Trick Room|[of] p1a: Hatterene\n|\n|-weather|RainDance|[upkeep]\n|upkeep\n|turn|6\n|\n|t:|1775895957\n|move|p1a: Hatterene|Misty Explosion|p2a: Pelipper\n|-damage|p2a: Pelipper|14/100\n|faint|p1a: Hatterene\n|move|p2a: Pelipper|Weather Ball|p1: Hatterene|[notarget]\n|-fail|p2a: Pelipper\n|\n|-weather|RainDance|[upkeep]\n|upkeep\n|\n|t:|1775895960\n|switch|p1a: Crabominable|Crabominable, L50, F|100/100\n|turn|7\n|\n|t:|1775895963\n|detailschange|p1a: Crabominable|Crabominable-Mega, L50, F\n|-mega|p1a: Crabominable|Crabominable|Crabominite\n|move|p1a: Crabominable|Thunder Punch|p2a: Pelipper\n|-supereffective|p2a: Pelipper|2\n|-enditem|p2a: Pelipper|Wacan Berry|[eat]\n|-enditem|p2a: Pelipper|Wacan Berry|[weaken]\n|-damage|p2a: Pelipper|0 fnt\n|faint|p2a: Pelipper\n|\n|-weather|RainDance|[upkeep]\n|upkeep\n|\n|t:|1775895965\n|switch|p2a: Starmie|Starmie-Mega, L50|43/100\n|turn|8\n|\n|t:|1775895968\n|move|p1a: Crabominable|Thunder Punch|p2a: Starmie\n|-supereffective|p2a: Starmie|1\n|-damage|p2a: Starmie|0 fnt\n|faint|p2a: Starmie\n|\n|win|Delibird Heart\n|raw|Delibird Heart's rating: 1078 &rarr; <strong>1102</strong><br />(+24 for winning)\n|raw|AngerBartoli's rating: 1027 &rarr; <strong>1015</strong><br />(-12 for losing)\n",
  "uploadtime": 1775895971,
  "views": 32,
  "formatid": "gen9championsbssregma",
  "rating": 1015,
  "private": 0,
  "password": null
}