{
  "id": "gen9championsbssregma-2584105837",
  "format": "[Gen 9 Champions] BSS Reg M-A",
  "players": [
    "kyotoyoko",
    "MiraidonGaming"
  ],
  "log": "|j|\u2606kyotoyoko\n|j|\u2606MiraidonGaming\n|t:|1776225736\n|gametype|singles\n|player|p1|kyotoyoko|caitlin|1322\n|player|p2|MiraidonGaming|lucas|1382\n|gen|9\n|tier|[Gen 9 Champions] BSS Reg M-A\n|rated|\n|rule|Species Clause: Limit one of each Pok\u00e9mon\n|rule|Item Clause: Limit 1 of each item\n|clearpoke\n|poke|p1|Tyranitar, L50, F|\n|poke|p1|Garchomp, L50, F|\n|poke|p1|Aegislash, L50, M|\n|poke|p1|Meganium, L50, F|\n|poke|p1|Rotom-Heat, L50|\n|poke|p1|Mimikyu, L50, F|\n|poke|p2|Ninetales-Alola, L50, F|\n|poke|p2|Charizard, L50, M|\n|poke|p2|Scizor, L50, M|\n|poke|p2|Sinistcha, L50|\n|poke|p2|Rotom-Wash, L50|\n|poke|p2|Salazzle, L50, F|\n|teampreview|3\n|inactive|Battle timer is ON: inactive players will automatically lose when time's up. (requested by kyotoyoko)\n|j| p74\n|\n|t:|1776225763\n|teamsize|p1|3\n|teamsize|p2|3\n|start\n|switch|p1a: Tyranitar|Tyranitar, L50, F|100/100\n|switch|p2a: Bruce|Charizard, L50, M|100/100\n|-weather|Sandstorm|[from] ability: Sand Stream|[of] p1a: Tyranitar\n|turn|1\n|\n|t:|1776225779\n|detailschange|p2a: Bruce|Charizard-Mega-X, L50, M\n|-mega|p2a: Bruce|Charizard|Charizardite X\n|move|p2a: Bruce|Breaking Swipe|p1a: Tyranitar\n|-damage|p1a: Tyranitar|70/100\n|-unboost|p1a: Tyranitar|atk|1\n|move|p1a: Tyranitar|Power Gem|p2a: Bruce\n|-supereffective|p2a: Bruce|1\n|-damage|p2a: Bruce|32/100\n|\n|-weather|Sandstorm|[upkeep]\n|-damage|p2a: Bruce|26/100|[from] Sandstorm\n|upkeep\n|turn|2\n|\n|t:|1776225791\n|switch|p2a: Put a brick in|Rotom-Wash, L50|100/100\n|move|p1a: Tyranitar|Stealth Rock|p2a: Put a brick in\n|-sidestart|p2: MiraidonGaming|move: Stealth Rock\n|\n|-weather|Sandstorm|[upkeep]\n|-damage|p2a: Put a brick in|94/100|[from] Sandstorm\n|upkeep\n|turn|3\n|\n|t:|1776225799\n|move|p2a: Put a brick in|Discharge|p1a: Tyranitar\n|-damage|p1a: Tyranitar|47/100\n|move|p1a: Tyranitar|Power Gem|p2a: Put a brick in\n|-damage|p2a: Put a brick in|49/100\n|\n|-weather|Sandstorm|[upkeep]\n|-damage|p2a: Put a brick in|43/100|[from] Sandstorm\n|upkeep\n|turn|4\n|\n|t:|1776225804\n|move|p2a: Put a brick in|Discharge|p1a: Tyranitar\n|-damage|p1a: Tyranitar|21/100\n|-status|p1a: Tyranitar|par\n|move|p1a: Tyranitar|Power Gem|p2a: Put a brick in\n|-damage|p2a: Put a brick in|0 fnt\n|faint|p2a: Put a brick in\n|\n|-weather|Sandstorm|[upkeep]\n|upkeep\n|\n|t:|1776225808\n|switch|p2a: Vanity?|Ninetales-Alola, L50, F|100/100\n|-damage|p2a: Vanity?|75/100|[from] Stealth Rock\n|-weather|Snowscape|[from] ability: Snow Warning|[of] p2a: Vanity?\n|turn|5\n|\n|t:|1776225815\n|move|p2a: Vanity?|Aurora Veil|p2a: Vanity?\n|-sidestart|p2: MiraidonGaming|move: Aurora Veil\n|move|p1a: Tyranitar|Power Gem|p2a: Vanity?\n|-supereffective|p2a: Vanity?|1\n|-damage|p2a: Vanity?|31/100\n|\n|-weather|Snowscape|[upkeep]\n|upkeep\n|turn|6\n|\n|t:|1776225819\n|move|p2a: Vanity?|Moonblast|p1a: Tyranitar\n|-supereffective|p1a: Tyranitar|1\n|-damage|p1a: Tyranitar|0 fnt\n|faint|p1a: Tyranitar\n|\n|-weather|Snowscape|[upkeep]\n|upkeep\n|\n|t:|1776225826\n|switch|p1a: Rotom|Rotom-Heat, L50|100/100\n|turn|7\n|\n|t:|1776225833\n|move|p2a: Vanity?|Freeze-Dry|p1a: Rotom\n|-resisted|p1a: Rotom|1\n|-damage|p1a: Rotom|90/100\n|move|p1a: Rotom|Thunderbolt|p2a: Vanity?\n|-damage|p2a: Vanity?|11/100\n|-status|p2a: Vanity?|par\n|\n|-weather|Snowscape|[upkeep]\n|upkeep\n|turn|8\n|\n|t:|1776225838\n|move|p1a: Rotom|Thunderbolt|p2a: Vanity?\n|-damage|p2a: Vanity?|0 fnt\n|faint|p2a: Vanity?\n|\n|-weather|Snowscape|[upkeep]\n|upkeep\n|\n|t:|1776225840\n|switch|p2a: Bruce|Charizard-Mega-X, L50, M|26/100\n|-damage|p2a: Bruce|1/100|[from] Stealth Rock\n|turn|9\n|\n|t:|1776225842\n|move|p2a: Bruce|Roost|p2a: Bruce\n|-heal|p2a: Bruce|51/100\n|-singleturn|p2a: Bruce|move: Roost\n|move|p1a: Rotom|Thunderbolt|p2a: Bruce\n|-resisted|p2a: Bruce|1\n|-damage|p2a: Bruce|43/100\n|\n|-weather|none\n|-sideend|p2: MiraidonGaming|move: Aurora Veil\n|upkeep\n|turn|10\n|\n|t:|1776225848\n|switch|p1a: Garchomp|Garchomp, L50, F|100/100\n|move|p2a: Bruce|Dragon Dance|p2a: Bruce\n|-boost|p2a: Bruce|atk|1\n|-boost|p2a: Bruce|spe|1\n|\n|upkeep\n|turn|11\n|\n|t:|1776225858\n|move|p2a: Bruce|Breaking Swipe|p1a: Garchomp\n|-supereffective|p1a: Garchomp|1\n|-damage|p1a: Garchomp|0 fnt\n|-damage|p2a: Bruce|30/100|[from] ability: Rough Skin|[of] p1a: Garchomp\n|faint|p1a: Garchomp\n|\n|upkeep\n|-message|kyotoyoko forfeited.\n|\n|win|MiraidonGaming\n|raw|kyotoyoko's rating: 1322 &rarr; <strong>1305</strong><br />(-17 for losing)\n|raw|MiraidonGaming's rating: 1382 &rarr; <strong>1399</strong><br />(+17 for winning)\n|l|\u2606kyotoyoko\n|player|p1|\n",
  "uploadtime": 1776225871,
  "views": 12,
  "formatid": "gen9championsbssregma",
  "rating": 1305,
  "private": 0,
  "password": null
}