{
  "id": "gen9championsbssregma-2583188754",
  "format": "[Gen 9 Champions] BSS Reg M-A",
  "players": [
    "demiru_09",
    "coffeineadd1ct"
  ],
  "log": "|j|\u2606demiru_09\n|j|\u2606coffeineadd1ct\n|t:|1776152678\n|gametype|singles\n|player|p1|demiru_09|265|1378\n|player|p2|coffeineadd1ct|2|1366\n|gen|9\n|tier|[Gen 9 Champions] BSS Reg M-A\n|rated|\n|rule|Species Clause: Limit one of each Pok\u00e9mon\n|rule|Item Clause: Limit 1 of each item\n|clearpoke\n|poke|p1|Garchomp, L50, M|\n|poke|p1|Umbreon, L50, F|\n|poke|p1|Scizor, L50, F|\n|poke|p1|Primarina, L50, F|\n|poke|p1|Venusaur, L50, M|\n|poke|p1|Armarouge, L50, M|\n|poke|p2|Kangaskhan, L50, F|\n|poke|p2|Aegislash, L50, M|\n|poke|p2|Garchomp, L50, M|\n|poke|p2|Primarina, L50, F|\n|poke|p2|Kingambit, L50, M|\n|poke|p2|Delphox, L50, F|\n|teampreview|3\n|inactive|Battle timer is ON: inactive players will automatically lose when time's up. (requested by coffeineadd1ct)\n|j| bridalthunder\n|inactive|demiru_09 has 60 seconds left.\n|inactive|coffeineadd1ct has 60 seconds left.\n|\n|t:|1776152739\n|teamsize|p1|3\n|teamsize|p2|3\n|start\n|switch|p1a: Venusaur|Venusaur, L50, M|100/100\n|switch|p2a: Kangaskhan|Kangaskhan, L50, F|100/100\n|turn|1\n|\n|t:|1776152748\n|switch|p1a: Garchomp|Garchomp, L50, M|100/100\n|detailschange|p2a: Kangaskhan|Kangaskhan-Mega, L50, F\n|-mega|p2a: Kangaskhan|Kangaskhan|Kangaskhanite\n|move|p2a: Kangaskhan|Double-Edge|p1a: Garchomp\n|-damage|p1a: Garchomp|39/100\n|-damage|p2a: Kangaskhan|88/100|[from] ability: Rough Skin|[of] p1a: Garchomp\n|-enditem|p1a: Garchomp|Sitrus Berry|[eat]\n|-heal|p1a: Garchomp|64/100|[from] item: Sitrus Berry\n|-damage|p1a: Garchomp|49/100\n|-damage|p2a: Kangaskhan|76/100|[from] ability: Rough Skin|[of] p1a: Garchomp\n|-hitcount|p1a: Garchomp|2\n|-damage|p2a: Kangaskhan|46/100|[from] Recoil\n|\n|upkeep\n|turn|2\n|\n|t:|1776152766\n|move|p1a: Garchomp|Stealth Rock|p2a: Kangaskhan\n|-sidestart|p2: coffeineadd1ct|move: Stealth Rock\n|move|p2a: Kangaskhan|Ice Punch|p1a: Garchomp\n|-supereffective|p1a: Garchomp|2\n|-damage|p1a: Garchomp|0 fnt\n|-damage|p2a: Kangaskhan|34/100|[from] ability: Rough Skin|[of] p1a: Garchomp\n|faint|p1a: Garchomp\n|-hitcount|p1: Garchomp|1\n|\n|upkeep\n|\n|t:|1776152775\n|switch|p1a: Umbreon|Umbreon, L50, F|100/100\n|turn|3\n|\n|t:|1776152780\n|move|p2a: Kangaskhan|Double-Edge|p1a: Umbreon\n|-damage|p1a: Umbreon|55/100\n|-crit|p1a: Umbreon\n|-damage|p1a: Umbreon|40/100\n|-hitcount|p1a: Umbreon|2\n|-damage|p2a: Kangaskhan|12/100|[from] Recoil\n|move|p1a: Umbreon|Yawn|p2a: Kangaskhan\n|-start|p2a: Kangaskhan|move: Yawn|[of] p1a: Umbreon\n|\n|-heal|p1a: Umbreon|46/100|[from] item: Leftovers\n|upkeep\n|turn|4\n|j| p74\n|\n|t:|1776152794\n|switch|p2a: Primarina|Primarina, L50, F|100/100\n|-damage|p2a: Primarina|88/100|[from] Stealth Rock\n|move|p1a: Umbreon|Protect||[still]\n|-fail|p1a: Umbreon\n|\n|-heal|p1a: Umbreon|52/100|[from] item: Leftovers\n|upkeep\n|turn|5\n|\n|t:|1776152806\n|switch|p1a: Venusaur|Venusaur, L50, M|100/100\n|move|p2a: Primarina|Moonblast|p1a: Venusaur\n|-resisted|p1a: Venusaur|1\n|-damage|p1a: Venusaur|79/100\n|\n|upkeep\n|turn|6\n|\n|t:|1776152816\n|switch|p2a: Kangaskhan|Kangaskhan-Mega, L50, F|12/100\n|-damage|p2a: Kangaskhan|0 fnt|[from] Stealth Rock\n|faint|p2a: Kangaskhan\n|detailschange|p1a: Venusaur|Venusaur-Mega, L50, M\n|-mega|p1a: Venusaur|Venusaur|Venusaurite\n|move|p1a: Venusaur|Leech Seed|p2: Kangaskhan|[notarget]\n|-fail|p1a: Venusaur\n|\n|upkeep\n|\n|t:|1776152824\n|switch|p2a: Kingambit|Kingambit, L50, M|100/100\n|-damage|p2a: Kingambit|95/100|[from] Stealth Rock\n|-activate|p2a: Kingambit|ability: Supreme Overlord\n|-start|p2a: Kingambit|fallen1|[silent]\n|turn|7\n|\n|t:|1776152830\n|move|p1a: Venusaur|Leech Seed|p2a: Kingambit\n|-start|p2a: Kingambit|move: Leech Seed\n|move|p2a: Kingambit|Swords Dance|p2a: Kingambit\n|-boost|p2a: Kingambit|atk|2\n|\n|-damage|p2a: Kingambit|83/100|[from] Leech Seed|[of] p1a: Venusaur\n|-heal|p1a: Venusaur|91/100|[silent]\n|upkeep\n|turn|8\n|\n|t:|1776152839\n|move|p1a: Venusaur|Giga Drain|p2a: Kingambit\n|-resisted|p2a: Kingambit|1\n|-damage|p2a: Kingambit|65/100\n|-heal|p1a: Venusaur|99/100|[from] drain|[of] p2a: Kingambit\n|move|p2a: Kingambit|Iron Head|p1a: Venusaur\n|-damage|p1a: Venusaur|19/100\n|\n|-damage|p2a: Kingambit|53/100|[from] Leech Seed|[of] p1a: Venusaur\n|-heal|p1a: Venusaur|32/100|[silent]\n|upkeep\n|turn|9\n|-message|demiru_09 forfeited.\n|\n|win|coffeineadd1ct\n|raw|demiru_09's rating: 1378 &rarr; <strong>1357</strong><br />(-21 for losing)\n|raw|coffeineadd1ct's rating: 1366 &rarr; <strong>1387</strong><br />(+21 for winning)\n|l|\u2606demiru_09\n|player|p1|\n|l|\u2606coffeineadd1ct\n|player|p2|\n",
  "uploadtime": 1776152858,
  "views": 18,
  "formatid": "gen9championsbssregma",
  "rating": 1357,
  "private": 0,
  "password": null
}