{
  "id": "gen9championsbssregma-2588042587",
  "format": "[Gen 9 Champions] BSS Reg M-A",
  "players": [
    "adfsdfsdfsdaf",
    "senlim"
  ],
  "log": "|j|\u2606adfsdfsdfsdaf\n|j|\u2606senlim\n|t:|1776597088\n|gametype|singles\n|player|p1|adfsdfsdfsdaf|2|1109\n|player|p2|senlim|lucas|1102\n|gen|9\n|tier|[Gen 9 Champions] BSS Reg M-A\n|rated|\n|rule|Species Clause: Limit one of each Pok\u00e9mon\n|rule|Item Clause: Limit 1 of each item\n|clearpoke\n|poke|p1|Feraligatr, L50, F|\n|poke|p1|Aegislash, L50, F|\n|poke|p1|Rotom-Heat, L50|\n|poke|p1|Venusaur, L50, M|\n|poke|p1|Clefable, L50, M|\n|poke|p1|Hippowdon, L50, F|\n|poke|p2|Victreebel, L50, F|\n|poke|p2|Primarina, L50, F|\n|poke|p2|Garchomp, L50, M|\n|poke|p2|Aegislash, L50, M|\n|poke|p2|Clefable, L50, F|\n|poke|p2|Glimmora, L50, F|\n|teampreview|3\n|inactive|Battle timer is ON: inactive players will automatically lose when time's up. (requested by adfsdfsdfsdaf)\n|inactive|senlim has 60 seconds left.\n|\n|t:|1776597141\n|teamsize|p1|3\n|teamsize|p2|3\n|start\n|switch|p1a: Aegislash|Aegislash, L50, F|100/100\n|switch|p2a: Garchomp|Garchomp, L50, M|100/100\n|turn|1\n|\n|t:|1776597147\n|switch|p1a: Hippowdon|Hippowdon, L50, F|100/100\n|-weather|Sandstorm|[from] ability: Sand Stream|[of] p1a: Hippowdon\n|move|p2a: Garchomp|Stealth Rock|p1a: Hippowdon\n|-sidestart|p1: adfsdfsdfsdaf|move: Stealth Rock\n|\n|-weather|Sandstorm|[upkeep]\n|upkeep\n|turn|2\n|\n|t:|1776597157\n|move|p1a: Hippowdon|Stealth Rock|p2a: Garchomp\n|-sidestart|p2: senlim|move: Stealth Rock\n|move|p2a: Garchomp|Dragon Tail|p1a: Hippowdon\n|-damage|p1a: Hippowdon|83/100\n|drag|p1a: Aegislash|Aegislash, L50, F|100/100\n|-damage|p1a: Aegislash|95/100|[from] Stealth Rock\n|\n|-weather|Sandstorm|[upkeep]\n|-heal|p1a: Aegislash|100/100|[from] item: Leftovers\n|upkeep\n|turn|3\n|\n|t:|1776597165\n|move|p2a: Garchomp|Earthquake|p1a: Aegislash\n|-supereffective|p1a: Aegislash|1\n|-damage|p1a: Aegislash|35/100\n|-formechange|p1a: Aegislash|Aegislash-Blade|\n|move|p1a: Aegislash|Shadow Ball|p2a: Garchomp\n|-damage|p2a: Garchomp|54/100\n|\n|-weather|Sandstorm|[upkeep]\n|-heal|p1a: Aegislash|41/100|[from] item: Leftovers\n|upkeep\n|turn|4\n|\n|t:|1776597174\n|-formechange|p1a: Aegislash|Aegislash|\n|move|p1a: Aegislash|King's Shield|p1a: Aegislash\n|-singleturn|p1a: Aegislash|Protect\n|move|p2a: Garchomp|Earthquake|p1a: Aegislash\n|-activate|p1a: Aegislash|move: Protect\n|\n|-weather|Sandstorm|[upkeep]\n|-heal|p1a: Aegislash|47/100|[from] item: Leftovers\n|upkeep\n|turn|5\n|\n|t:|1776597180\n|switch|p1a: Hippowdon|Hippowdon, L50, F|83/100\n|-damage|p1a: Hippowdon|77/100|[from] Stealth Rock\n|move|p2a: Garchomp|Earthquake|p1a: Hippowdon|[miss]\n|-miss|p2a: Garchomp|p1a: Hippowdon\n|\n|-weather|none\n|upkeep\n|turn|6\n|\n|t:|1776597187\n|switch|p2a: rubs my big belly|Victreebel, L50, F|100/100\n|-damage|p2a: rubs my big belly|88/100|[from] Stealth Rock\n|move|p1a: Hippowdon|Yawn|p2a: rubs my big belly\n|-start|p2a: rubs my big belly|move: Yawn|[of] p1a: Hippowdon\n|\n|upkeep\n|turn|7\n|\n|t:|1776597202\n|detailschange|p2a: rubs my big belly|Victreebel-Mega, L50, F\n|-mega|p2a: rubs my big belly|Victreebel|Victreebelite\n|move|p2a: rubs my big belly|Strength Sap|p1a: Hippowdon\n|-unboost|p1a: Hippowdon|atk|1\n|-heal|p2a: rubs my big belly|100/100\n|move|p1a: Hippowdon|Yawn||[still]\n|-fail|p1a: Hippowdon\n|\n|-end|p2a: rubs my big belly|move: Yawn|[silent]\n|-status|p2a: rubs my big belly|slp\n|upkeep\n|turn|8\n|\n|t:|1776597215\n|switch|p1a: Aegislash|Aegislash, L50, F|47/100\n|-damage|p1a: Aegislash|41/100|[from] Stealth Rock\n|cant|p2a: rubs my big belly|slp\n|\n|-heal|p1a: Aegislash|47/100|[from] item: Leftovers\n|upkeep\n|turn|9\n|\n|t:|1776597223\n|switch|p2a: Garchomp|Garchomp, L50, M|54/100\n|-damage|p2a: Garchomp|48/100|[from] Stealth Rock\n|-enditem|p2a: Garchomp|Sitrus Berry|[eat]\n|-heal|p2a: Garchomp|73/100|[from] item: Sitrus Berry\n|-formechange|p1a: Aegislash|Aegislash-Blade|\n|move|p1a: Aegislash|Shadow Ball|p2a: Garchomp\n|-damage|p2a: Garchomp|24/100\n|\n|-heal|p1a: Aegislash|53/100|[from] item: Leftovers\n|upkeep\n|turn|10\n|\n|t:|1776597227\n|-formechange|p1a: Aegislash|Aegislash|\n|move|p1a: Aegislash|King's Shield|p1a: Aegislash\n|-singleturn|p1a: Aegislash|Protect\n|move|p2a: Garchomp|Earthquake|p1a: Aegislash\n|-activate|p1a: Aegislash|move: Protect\n|\n|-heal|p1a: Aegislash|59/100|[from] item: Leftovers\n|upkeep\n|turn|11\n|\n|t:|1776597231\n|move|p2a: Garchomp|Earthquake|p1a: Aegislash\n|-supereffective|p1a: Aegislash|1\n|-damage|p1a: Aegislash|0 fnt\n|faint|p1a: Aegislash\n|\n|upkeep\n|\n|t:|1776597235\n|switch|p1a: Hippowdon|Hippowdon, L50, F|77/100\n|-damage|p1a: Hippowdon|71/100|[from] Stealth Rock\n|-weather|Sandstorm|[from] ability: Sand Stream|[of] p1a: Hippowdon\n|turn|12\n|\n|t:|1776597238\n|move|p2a: Garchomp|Earthquake|p1a: Hippowdon|[miss]\n|-miss|p2a: Garchomp|p1a: Hippowdon\n|move|p1a: Hippowdon|Earthquake|p2a: Garchomp\n|-crit|p2a: Garchomp\n|-damage|p2a: Garchomp|0 fnt\n|faint|p2a: Garchomp\n|\n|-weather|Sandstorm|[upkeep]\n|upkeep\n|c|\u2606senlim|fucking bright powder\n|\n|t:|1776597249\n|switch|p2a: rubs my big belly|Victreebel-Mega, L50, F|100/100 slp\n|-damage|p2a: rubs my big belly|88/100 slp|[from] Stealth Rock\n|turn|13\n|\n|t:|1776597256\n|-curestatus|p2a: rubs my big belly|slp|[msg]\n|move|p2a: rubs my big belly|Strength Sap|p1a: Hippowdon\n|-unboost|p1a: Hippowdon|atk|1\n|-heal|p2a: rubs my big belly|100/100\n|move|p1a: Hippowdon|Earthquake|p2a: rubs my big belly\n|-damage|p2a: rubs my big belly|73/100\n|\n|-weather|Sandstorm|[upkeep]\n|-damage|p2a: rubs my big belly|67/100|[from] Sandstorm\n|upkeep\n|turn|14\n|\n|t:|1776597266\n|move|p2a: rubs my big belly|Strength Sap|p1a: Hippowdon\n|-unboost|p1a: Hippowdon|atk|1\n|-heal|p2a: rubs my big belly|100/100\n|move|p1a: Hippowdon|Yawn|p2a: rubs my big belly\n|-start|p2a: rubs my big belly|move: Yawn|[of] p1a: Hippowdon\n|\n|-weather|Sandstorm|[upkeep]\n|-damage|p2a: rubs my big belly|95/100|[from] Sandstorm\n|upkeep\n|turn|15\n|\n|t:|1776597271\n|move|p2a: rubs my big belly|Swords Dance|p2a: rubs my big belly\n|-boost|p2a: rubs my big belly|atk|2\n|move|p1a: Hippowdon|Yawn||[still]\n|-fail|p1a: Hippowdon\n|\n|-weather|Sandstorm|[upkeep]\n|-damage|p2a: rubs my big belly|89/100|[from] Sandstorm\n|-end|p2a: rubs my big belly|move: Yawn|[silent]\n|-status|p2a: rubs my big belly|slp\n|upkeep\n|turn|16\n|\n|t:|1776597277\n|switch|p1a: Venusaur|Venusaur, L50, M|100/100\n|-damage|p1a: Venusaur|88/100|[from] Stealth Rock\n|cant|p2a: rubs my big belly|slp\n|\n|-weather|none\n|upkeep\n|turn|17\n|\n|t:|1776597283\n|detailschange|p1a: Venusaur|Venusaur-Mega, L50, M\n|-mega|p1a: Venusaur|Venusaur|Venusaurite\n|cant|p2a: rubs my big belly|slp\n|move|p1a: Venusaur|Sludge Wave|p2a: rubs my big belly\n|-damage|p2a: rubs my big belly|43/100 slp\n|\n|upkeep\n|turn|18\n|inactive|senlim has 30 seconds left.\n|\n|t:|1776597314\n|-curestatus|p2a: rubs my big belly|slp|[msg]\n|move|p2a: rubs my big belly|Sucker Punch|p1a: Venusaur\n|-damage|p1a: Venusaur|51/100\n|move|p1a: Venusaur|Sludge Wave|p2a: rubs my big belly\n|-damage|p2a: rubs my big belly|1/100\n|\n|upkeep\n|turn|19\n|c|\u2606senlim|lucky bastard\n|\n|t:|1776597331\n|move|p2a: rubs my big belly|Sucker Punch||[still]\n|-fail|p2a: rubs my big belly\n|move|p1a: Venusaur|Synthesis|p1a: Venusaur\n|-heal|p1a: Venusaur|100/100\n|\n|upkeep\n|turn|20\n|\n|t:|1776597335\n|move|p1a: Venusaur|Giga Drain|p2a: rubs my big belly\n|-resisted|p2a: rubs my big belly|2\n|-damage|p2a: rubs my big belly|0 fnt\n|-damage|p1a: Venusaur|99/100|[from] ability: Innards Out|[of] p2a: rubs my big belly\n|faint|p2a: rubs my big belly\n|\n|upkeep\n|\n|t:|1776597339\n|switch|p2a: Aegislash|Aegislash, L50, M|100/100\n|-damage|p2a: Aegislash|95/100|[from] Stealth Rock\n|turn|21\n|\n|t:|1776597342\n|move|p2a: Aegislash|Swords Dance|p2a: Aegislash\n|-boost|p2a: Aegislash|atk|2\n|move|p1a: Venusaur|Earth Power|p2a: Aegislash\n|-supereffective|p2a: Aegislash|1\n|-damage|p2a: Aegislash|48/100\n|\n|upkeep\n|turn|22\n|\n|t:|1776597345\n|-formechange|p2a: Aegislash|Aegislash-Blade|\n|move|p2a: Aegislash|Poltergeist|p1a: Venusaur\n|-activate|p1a: Venusaur|move: Poltergeist|Venusaurite\n|-damage|p1a: Venusaur|0 fnt\n|faint|p1a: Venusaur\n|\n|upkeep\n|\n|t:|1776597351\n|switch|p1a: Hippowdon|Hippowdon, L50, F|71/100\n|-damage|p1a: Hippowdon|65/100|[from] Stealth Rock\n|-weather|Sandstorm|[from] ability: Sand Stream|[of] p1a: Hippowdon\n|turn|23\n|\n|t:|1776597356\n|move|p2a: Aegislash|Poltergeist|p1a: Hippowdon|[miss]\n|-miss|p2a: Aegislash|p1a: Hippowdon\n|move|p1a: Hippowdon|Slack Off|p1a: Hippowdon\n|-heal|p1a: Hippowdon|100/100\n|\n|-weather|Sandstorm|[upkeep]\n|upkeep\n|turn|24\n|\n|t:|1776597361\n|move|p2a: Aegislash|Poltergeist|p1a: Hippowdon\n|-activate|p1a: Hippowdon|move: Poltergeist|Bright Powder\n|-damage|p1a: Hippowdon|4/100\n|move|p1a: Hippowdon|Earthquake|p2a: Aegislash\n|-supereffective|p2a: Aegislash|1\n|-damage|p2a: Aegislash|0 fnt\n|faint|p2a: Aegislash\n|\n|win|adfsdfsdfsdaf\n|raw|adfsdfsdfsdaf's rating: 1109 &rarr; <strong>1133</strong><br />(+24 for winning)\n|raw|senlim's rating: 1102 &rarr; <strong>1078</strong><br />(-24 for losing)\n",
  "uploadtime": 1776597364,
  "views": 1,
  "formatid": "gen9championsbssregma",
  "rating": 1078,
  "private": 0,
  "password": null
}