{
  "id": "gen9championsbssregma-2587990196",
  "format": "[Gen 9 Champions] BSS Reg M-A",
  "players": [
    "joguri",
    "qazplm1001"
  ],
  "log": "|j|\u2606joguri\n|j|\u2606qazplm1001\n|t:|1776589581\n|gametype|singles\n|player|p1|joguri|dawn|1126\n|player|p2|qazplm1001|red|1049\n|gen|9\n|tier|[Gen 9 Champions] BSS Reg M-A\n|rated|\n|rule|Species Clause: Limit one of each Pok\u00e9mon\n|rule|Item Clause: Limit 1 of each item\n|clearpoke\n|poke|p1|Clefable, L50, M|\n|poke|p1|Espathra, L50, M|\n|poke|p1|Charizard, L50, M|\n|poke|p1|Hippowdon, L50, F|\n|poke|p1|Rotom-Wash, L50, shiny|\n|poke|p1|Garchomp, L50, F|\n|poke|p2|Sneasler, L50, M, shiny|\n|poke|p2|Polteageist, L50, shiny|\n|poke|p2|Archaludon, L50, M, shiny|\n|poke|p2|Armarouge, L50, M, shiny|\n|poke|p2|Gyarados, L50, M|\n|poke|p2|Meowscarada, L50, M, shiny|\n|teampreview|3\n|inactive|Battle timer is ON: inactive players will automatically lose when time's up. (requested by qazplm1001)\n|inactive|qazplm1001 has 60 seconds left.\n|\n|t:|1776589637\n|teamsize|p1|3\n|teamsize|p2|3\n|start\n|switch|p1a: Hippowdon|Hippowdon, L50, F|100/100\n|switch|p2a: Gyarados|Gyarados, L50, M|100/100\n|-ability|p2a: Gyarados|Intimidate|boost\n|-unboost|p1a: Hippowdon|atk|1\n|-weather|Sandstorm|[from] ability: Sand Stream|[of] p1a: Hippowdon\n|turn|1\n|\n|t:|1776589645\n|detailschange|p2a: Gyarados|Gyarados-Mega, L50, M\n|-mega|p2a: Gyarados|Gyarados|Gyaradosite\n|-ability|p2a: Gyarados|Mold Breaker\n|move|p2a: Gyarados|Waterfall|p1a: Hippowdon\n|-supereffective|p1a: Hippowdon|1\n|-damage|p1a: Hippowdon|41/100\n|-enditem|p1a: Hippowdon|Sitrus Berry|[eat]\n|-heal|p1a: Hippowdon|66/100|[from] item: Sitrus Berry\n|move|p1a: Hippowdon|Yawn|p2a: Gyarados\n|-start|p2a: Gyarados|move: Yawn|[of] p1a: Hippowdon\n|\n|-weather|Sandstorm|[upkeep]\n|-damage|p2a: Gyarados|95/100|[from] Sandstorm\n|upkeep\n|turn|2\n|\n|t:|1776589659\n|switch|p2a: Meowscarada|Meowscarada, L50, M, shiny|100/100\n|move|p1a: Hippowdon|Stealth Rock|p2a: Meowscarada\n|-sidestart|p2: qazplm1001|move: Stealth Rock\n|\n|-weather|Sandstorm|[upkeep]\n|-damage|p2a: Meowscarada|95/100|[from] Sandstorm\n|upkeep\n|turn|3\n|\n|t:|1776589669\n|move|p2a: Meowscarada|Flower Trick|p1a: Hippowdon\n|-start|p2a: Meowscarada|typechange|Grass|[from] ability: Protean\n|-supereffective|p1a: Hippowdon|1\n|-crit|p1a: Hippowdon\n|-damage|p1a: Hippowdon|6/100\n|move|p1a: Hippowdon|Yawn|p2a: Meowscarada\n|-start|p2a: Meowscarada|move: Yawn|[of] p1a: Hippowdon\n|\n|-weather|Sandstorm|[upkeep]\n|-damage|p2a: Meowscarada|89/100|[from] Sandstorm\n|upkeep\n|turn|4\n|\n|t:|1776589683\n|switch|p2a: Gyarados|Gyarados-Mega, L50, M|95/100\n|-damage|p2a: Gyarados|82/100|[from] Stealth Rock\n|-ability|p2a: Gyarados|Mold Breaker\n|move|p1a: Hippowdon|Yawn|p2a: Gyarados\n|-start|p2a: Gyarados|move: Yawn|[of] p1a: Hippowdon\n|\n|-weather|Sandstorm|[upkeep]\n|-damage|p2a: Gyarados|76/100|[from] Sandstorm\n|upkeep\n|turn|5\n|\n|t:|1776589693\n|switch|p2a: Meowscarada|Meowscarada, L50, M, shiny|89/100\n|-damage|p2a: Meowscarada|77/100|[from] Stealth Rock\n|move|p1a: Hippowdon|Yawn|p2a: Meowscarada\n|-start|p2a: Meowscarada|move: Yawn|[of] p1a: Hippowdon\n|\n|-weather|none\n|upkeep\n|turn|6\n|\n|t:|1776589700\n|move|p2a: Meowscarada|U-turn|p1a: Hippowdon\n|-start|p2a: Meowscarada|typechange|Bug|[from] ability: Protean\n|-crit|p1a: Hippowdon\n|-damage|p1a: Hippowdon|0 fnt\n|faint|p1a: Hippowdon\n|\n|t:|1776589704\n|switch|p2a: Polteageist|Polteageist, L50, shiny|100/100|[from] U-turn\n|-damage|p2a: Polteageist|89/100|[from] Stealth Rock\n|\n|upkeep\n|\n|t:|1776589725\n|switch|p1a: Clefable|Clefable, L50, M|100/100\n|turn|7\n|\n|t:|1776589730\n|move|p2a: Polteageist|Shell Smash|p2a: Polteageist\n|-unboost|p2a: Polteageist|def|1\n|-unboost|p2a: Polteageist|spd|1\n|-boost|p2a: Polteageist|atk|2\n|-boost|p2a: Polteageist|spa|2\n|-boost|p2a: Polteageist|spe|2\n|-enditem|p2a: Polteageist|White Herb\n|-clearnegativeboost|p2a: Polteageist|[silent]\n|move|p1a: Clefable|Cosmic Power|p1a: Clefable\n|-boost|p1a: Clefable|def|1\n|-boost|p1a: Clefable|spd|1\n|\n|upkeep\n|turn|8\n|\n|t:|1776589741\n|move|p2a: Polteageist|Baton Pass|p2a: Polteageist\n|\n|t:|1776589743\n|switch|p2a: Gyarados|Gyarados-Mega, L50, M|76/100|[from] Baton Pass\n|-damage|p2a: Gyarados|64/100|[from] Stealth Rock\n|-ability|p2a: Gyarados|Mold Breaker\n|move|p1a: Clefable|Cosmic Power|p1a: Clefable\n|-boost|p1a: Clefable|def|1\n|-boost|p1a: Clefable|spd|1\n|\n|upkeep\n|turn|9\n|\n|t:|1776589755\n|move|p2a: Gyarados|Waterfall|p1a: Clefable\n|-damage|p1a: Clefable|63/100\n|move|p1a: Clefable|Flamethrower|p2a: Gyarados\n|-resisted|p2a: Gyarados|1\n|-damage|p2a: Gyarados|56/100\n|-status|p2a: Gyarados|brn\n|\n|-damage|p2a: Gyarados|50/100 brn|[from] brn\n|upkeep\n|turn|10\n|\n|t:|1776589764\n|move|p2a: Gyarados|Waterfall|p1a: Clefable\n|-damage|p1a: Clefable|46/100\n|move|p1a: Clefable|Cosmic Power|p1a: Clefable\n|-boost|p1a: Clefable|def|1\n|-boost|p1a: Clefable|spd|1\n|\n|-damage|p2a: Gyarados|44/100 brn|[from] brn\n|upkeep\n|turn|11\n|\n|t:|1776589773\n|move|p2a: Gyarados|Waterfall|p1a: Clefable\n|-damage|p1a: Clefable|31/100\n|move|p1a: Clefable|Cosmic Power|p1a: Clefable\n|-boost|p1a: Clefable|def|1\n|-boost|p1a: Clefable|spd|1\n|\n|-damage|p2a: Gyarados|38/100 brn|[from] brn\n|upkeep\n|turn|12\n|\n|t:|1776589780\n|move|p2a: Gyarados|Waterfall|p1a: Clefable\n|-damage|p1a: Clefable|17/100\n|move|p1a: Clefable|Moonlight|p1a: Clefable\n|-heal|p1a: Clefable|67/100\n|\n|-damage|p2a: Gyarados|32/100 brn|[from] brn\n|upkeep\n|turn|13\n|\n|t:|1776589789\n|move|p2a: Gyarados|Waterfall|p1a: Clefable\n|-damage|p1a: Clefable|55/100\n|move|p1a: Clefable|Cosmic Power|p1a: Clefable\n|-boost|p1a: Clefable|def|1\n|-boost|p1a: Clefable|spd|1\n|\n|-damage|p2a: Gyarados|26/100 brn|[from] brn\n|upkeep\n|turn|14\n|\n|t:|1776589797\n|move|p2a: Gyarados|Waterfall|p1a: Clefable\n|-damage|p1a: Clefable|45/100\n|move|p1a: Clefable|Moonlight|p1a: Clefable\n|-heal|p1a: Clefable|95/100\n|\n|-damage|p2a: Gyarados|20/100 brn|[from] brn\n|upkeep\n|turn|15\n|\n|t:|1776589804\n|move|p2a: Gyarados|Waterfall|p1a: Clefable\n|-damage|p1a: Clefable|84/100\n|move|p1a: Clefable|Cosmic Power|p1a: Clefable\n|-boost|p1a: Clefable|def|1\n|-boost|p1a: Clefable|spd|1\n|\n|-damage|p2a: Gyarados|14/100 brn|[from] brn\n|upkeep\n|turn|16\n|-message|qazplm1001 forfeited.\n|\n|win|joguri\n|raw|joguri's rating: 1126 &rarr; <strong>1146</strong><br />(+20 for winning)\n|raw|qazplm1001's rating: 1049 &rarr; <strong>1035</strong><br />(-14 for losing)\n|l|\u2606qazplm1001\n|player|p2|\n",
  "uploadtime": 1776589812,
  "views": 6,
  "formatid": "gen9championsbssregma",
  "rating": 1035,
  "private": 0,
  "password": null
}