{
  "id": "gen9championsbssregma-2581352555",
  "format": "[Gen 9 Champions] BSS Reg M-A",
  "players": [
    "pacmaster000",
    "Sanji73"
  ],
  "log": "|j|\u2606pacmaster000\n|j|\u2606Sanji73\n|t:|1775990560\n|gametype|singles\n|player|p1|pacmaster000|scientist-gen4dp|1144\n|player|p2|Sanji73|1|1000\n|gen|9\n|tier|[Gen 9 Champions] BSS Reg M-A\n|rated|\n|rule|Species Clause: Limit one of each Pok\u00e9mon\n|rule|Item Clause: Limit 1 of each item\n|clearpoke\n|poke|p1|Sinistcha, L50|\n|poke|p1|Froslass, L50, F|\n|poke|p1|Rotom-Wash, L50|\n|poke|p1|Garchomp, L50, M|\n|poke|p1|Kingambit, L50, M|\n|poke|p1|Mimikyu, L50, M|\n|poke|p2|Dragonite, L50, F|\n|poke|p2|Charizard, L50, M|\n|poke|p2|Arcanine-Hisui, L50, M|\n|poke|p2|Greninja-*, L50, M|\n|poke|p2|Politoed, L50, M|\n|poke|p2|Venusaur, L50, F|\n|teampreview|3\n|inactive|Battle timer is ON: inactive players will automatically lose when time's up. (requested by Sanji73)\n|\n|t:|1775990585\n|teamsize|p1|3\n|teamsize|p2|3\n|start\n|switch|p1a: Rotom|Rotom-Wash, L50|100/100\n|switch|p2a: Charizard|Charizard, L50, M, shiny|100/100\n|turn|1\n|\n|t:|1775990592\n|detailschange|p2a: Charizard|Charizard-Mega-Y, L50, M, shiny\n|-mega|p2a: Charizard|Charizard|Charizardite Y\n|-weather|SunnyDay|[from] ability: Drought|[of] p2a: Charizard\n|move|p2a: Charizard|Solar Beam||[still]\n|-prepare|p2a: Charizard|Solar Beam\n|-anim|p2a: Charizard|Solar Beam|p1a: Rotom\n|-supereffective|p1a: Rotom|1\n|-damage|p1a: Rotom|14/100\n|move|p1a: Rotom|Volt Switch|p2a: Charizard\n|-supereffective|p2a: Charizard|1\n|-damage|p2a: Charizard|46/100\n|\n|t:|1775990597\n|switch|p1a: Garchomp|Garchomp, L50, M|100/100|[from] Volt Switch\n|\n|-weather|SunnyDay|[upkeep]\n|upkeep\n|turn|2\n|\n|t:|1775990619\n|switch|p2a: Venusaur|Venusaur, L50, F|100/100\n|move|p1a: Garchomp|Rock Slide|p2a: Venusaur\n|-damage|p2a: Venusaur|62/100\n|\n|-weather|SunnyDay|[upkeep]\n|-heal|p2a: Venusaur|68/100|[from] item: Leftovers\n|upkeep\n|turn|3\n|\n|t:|1775990633\n|switch|p1a: Rotom|Rotom-Wash, L50|14/100\n|move|p2a: Venusaur|Growth|p2a: Venusaur\n|-boost|p2a: Venusaur|atk|2\n|-boost|p2a: Venusaur|spa|2\n|\n|-weather|SunnyDay|[upkeep]\n|-heal|p2a: Venusaur|73/100|[from] item: Leftovers\n|-heal|p1a: Rotom|20/100|[from] item: Leftovers\n|upkeep\n|turn|4\n|\n|t:|1775990643\n|move|p2a: Venusaur|Giga Drain|p1a: Rotom\n|-supereffective|p1a: Rotom|1\n|-damage|p1a: Rotom|0 fnt\n|-heal|p2a: Venusaur|83/100|[from] drain|[of] p1a: Rotom\n|faint|p1a: Rotom\n|\n|-weather|SunnyDay|[upkeep]\n|-heal|p2a: Venusaur|89/100|[from] item: Leftovers\n|upkeep\n|\n|t:|1775990648\n|switch|p1a: Mimikyu|Mimikyu, L50, M|100/100\n|turn|5\n|\n|t:|1775990656\n|move|p2a: Venusaur|Sludge Bomb|p1a: Mimikyu\n|-activate|p1a: Mimikyu|ability: Disguise\n|-damage|p1a: Mimikyu|100/100\n|detailschange|p1a: Mimikyu|Mimikyu-Busted, L50, M\n|-damage|p1a: Mimikyu|88/100|[from] pokemon: Mimikyu-Busted\n|move|p1a: Mimikyu|Swords Dance|p1a: Mimikyu\n|-boost|p1a: Mimikyu|atk|2\n|\n|-weather|none\n|-heal|p2a: Venusaur|95/100|[from] item: Leftovers\n|upkeep\n|turn|6\n|\n|t:|1775990666\n|move|p1a: Mimikyu|Shadow Claw|p2a: Venusaur\n|-damage|p2a: Venusaur|0 fnt\n|faint|p2a: Venusaur\n|\n|upkeep\n|\n|t:|1775990673\n|switch|p2a: Charizard|Charizard-Mega-Y, L50, M, shiny|46/100\n|-weather|SunnyDay|[from] ability: Drought|[of] p2a: Charizard\n|turn|7\n|\n|t:|1775990678\n|move|p1a: Mimikyu|Shadow Sneak|p2a: Charizard\n|-damage|p2a: Charizard|0 fnt\n|faint|p2a: Charizard\n|\n|-weather|SunnyDay|[upkeep]\n|upkeep\n|\n|t:|1775990682\n|switch|p2a: Arcanine|Arcanine-Hisui, L50, M|100/100\n|-ability|p2a: Arcanine|Intimidate|boost\n|-unboost|p1a: Mimikyu|atk|1\n|turn|8\n|\n|t:|1775990691\n|move|p1a: Mimikyu|Shadow Sneak|p2a: Arcanine\n|-damage|p2a: Arcanine|61/100\n|move|p2a: Arcanine|Raging Fury|p1a: Mimikyu\n|-damage|p1a: Mimikyu|0 fnt\n|faint|p1a: Mimikyu\n|\n|-weather|SunnyDay|[upkeep]\n|upkeep\n|\n|t:|1775990694\n|switch|p1a: Garchomp|Garchomp, L50, M|100/100\n|turn|9\n|\n|t:|1775990699\n|move|p1a: Garchomp|Earthquake|p2a: Arcanine\n|-supereffective|p2a: Arcanine|2\n|-damage|p2a: Arcanine|0 fnt\n|faint|p2a: Arcanine\n|\n|win|pacmaster000\n|raw|pacmaster000's rating: 1144 &rarr; <strong>1159</strong><br />(+15 for winning)\n|raw|Sanji73's rating: 1000 &rarr; <strong>1000</strong><br />(+0 for losing)\n",
  "uploadtime": 1775990704,
  "views": 15,
  "formatid": "gen9championsbssregma",
  "rating": 1000,
  "private": 0,
  "password": null
}