{
  "id": "gen9championsbssregma-2583006900",
  "format": "[Gen 9 Champions] BSS Reg M-A",
  "players": [
    "8no8",
    "karbain"
  ],
  "log": "|j|\u26068no8\n|j|\u2606karbain\n|t:|1776132771\n|gametype|singles\n|player|p1|8no8|1|1320\n|player|p2|karbain|2|1290\n|gen|9\n|tier|[Gen 9 Champions] BSS Reg M-A\n|rated|\n|rule|Species Clause: Limit one of each Pok\u00e9mon\n|rule|Item Clause: Limit 1 of each item\n|clearpoke\n|poke|p1|Espeon, L50, F|\n|poke|p1|Clefable, L50, M|\n|poke|p1|Espathra, L50, M|\n|poke|p2|Charizard, L50, M|\n|poke|p2|Greninja-*, L50, M|\n|poke|p2|Hatterene, L50, F|\n|poke|p2|Gyarados, L50, F|\n|poke|p2|Kingambit, L50, M|\n|poke|p2|Mimikyu, L50, M|\n|teampreview|3\n|j| bromerta\n|l| bromerta\n|j| bromerta\n|\n|t:|1776132802\n|teamsize|p1|3\n|teamsize|p2|3\n|start\n|switch|p1a: Espathra|Espathra, L50, M|100/100\n|switch|p2a: Greninja|Greninja, L50, M|100/100\n|turn|1\n|j| p74\n|\n|t:|1776132810\n|move|p1a: Espathra|Protect|p1a: Espathra\n|-singleturn|p1a: Espathra|Protect\n|move|p2a: Greninja|Dark Pulse|p1a: Espathra\n|-activate|p1a: Espathra|move: Protect\n|\n|-ability|p1a: Espathra|Speed Boost|boost\n|-boost|p1a: Espathra|spe|1\n|upkeep\n|turn|2\n|\n|t:|1776132818\n|move|p1a: Espathra|Light Screen|p1a: Espathra\n|-sidestart|p1: 8no8|move: Light Screen\n|move|p2a: Greninja|Dark Pulse|p1a: Espathra\n|-supereffective|p1a: Espathra|1\n|-damage|p1a: Espathra|55/100\n|\n|-ability|p1a: Espathra|Speed Boost|boost\n|-boost|p1a: Espathra|spe|1\n|upkeep\n|turn|3\n|\n|t:|1776132828\n|move|p1a: Espathra|Baton Pass|p1a: Espathra\n|\n|t:|1776132830\n|switch|p1a: Clefable|Clefable, L50, M|100/100|[from] Baton Pass\n|move|p2a: Greninja|Dark Pulse|p1a: Clefable\n|-resisted|p1a: Clefable|1\n|-damage|p1a: Clefable|92/100\n|\n|upkeep\n|turn|4\n|\n|t:|1776132867\n|switch|p2a: Mimikyu|Mimikyu, L50, M|100/100\n|move|p1a: Clefable|Cosmic Power|p1a: Clefable\n|-boost|p1a: Clefable|def|1\n|-boost|p1a: Clefable|spd|1\n|\n|upkeep\n|turn|5\n|\n|t:|1776132874\n|move|p1a: Clefable|Moonblast|p2a: Mimikyu\n|-activate|p2a: Mimikyu|ability: Disguise\n|-damage|p2a: Mimikyu|100/100\n|-unboost|p2a: Mimikyu|spa|1\n|detailschange|p2a: Mimikyu|Mimikyu-Busted, L50, M\n|-damage|p2a: Mimikyu|89/100|[from] pokemon: Mimikyu-Busted\n|move|p2a: Mimikyu|Swords Dance|p2a: Mimikyu\n|-boost|p2a: Mimikyu|atk|2\n|\n|upkeep\n|turn|6\n|\n|t:|1776132894\n|detailschange|p1a: Clefable|Clefable-Mega, L50, M\n|-mega|p1a: Clefable|Clefable|Clefablite\n|move|p1a: Clefable|Cosmic Power|p1a: Clefable\n|-boost|p1a: Clefable|def|1\n|-boost|p1a: Clefable|spd|1\n|move|p2a: Mimikyu|Play Rough|p1a: Clefable\n|-damage|p1a: Clefable|56/100\n|\n|-sideend|p1: 8no8|move: Light Screen\n|upkeep\n|turn|7\n|\n|t:|1776132905\n|move|p1a: Clefable|Cosmic Power|p1a: Clefable\n|-boost|p1a: Clefable|def|1\n|-boost|p1a: Clefable|spd|1\n|move|p2a: Mimikyu|Play Rough|p1a: Clefable\n|-damage|p1a: Clefable|26/100\n|\n|upkeep\n|turn|8\n|\n|t:|1776132921\n|move|p2a: Mimikyu|Shadow Sneak|p1a: Clefable\n|-damage|p1a: Clefable|13/100\n|move|p1a: Clefable|Stored Power|p2a: Mimikyu\n|-damage|p2a: Mimikyu|24/100\n|\n|upkeep\n|turn|9\n|\n|t:|1776132927\n|move|p2a: Mimikyu|Shadow Sneak|p1a: Clefable\n|-damage|p1a: Clefable|0 fnt\n|faint|p1a: Clefable\n|\n|upkeep\n|-message|8no8 forfeited.\n|\n|win|karbain\n|raw|8no8's rating: 1320 &rarr; <strong>1298</strong><br />(-22 for losing)\n|raw|karbain's rating: 1290 &rarr; <strong>1317</strong><br />(+27 for winning)\n|l|\u26068no8\n|player|p1|\n|l|\u2606karbain\n|player|p2|\n|l| bromerta\n",
  "uploadtime": 1776134609,
  "views": 10,
  "formatid": "gen9championsbssregma",
  "rating": 1298,
  "private": 0,
  "password": null
}