{
  "id": "gen9championsbssregma-2587486921",
  "format": "[Gen 9 Champions] BSS Reg M-A",
  "players": [
    "joguri",
    "Camnar"
  ],
  "log": "|j|\u2606joguri\n|j|\u2606Camnar\n|t:|1776535946\n|gametype|singles\n|player|p1|joguri|dawn|1256\n|player|p2|Camnar|266|1153\n|gen|9\n|tier|[Gen 9 Champions] BSS Reg M-A\n|rated|\n|rule|Species Clause: Limit one of each Pok\u00e9mon\n|rule|Item Clause: Limit 1 of each item\n|clearpoke\n|poke|p1|Clefable, L50, F|\n|poke|p1|Espathra, L50, M|\n|poke|p1|Charizard, L50, F|\n|poke|p1|Hippowdon, L50, F|\n|poke|p1|Rotom-Wash, L50, shiny|\n|poke|p1|Garchomp, L50, F|\n|poke|p2|Chesnaught, L50, M, shiny|\n|poke|p2|Aegislash, L50, M, shiny|\n|poke|p2|Empoleon, L50, M|\n|poke|p2|Arcanine-Hisui, L50, F, shiny|\n|poke|p2|Ninetales-Alola, L50, M|\n|poke|p2|Garchomp, L50, F|\n|teampreview|3\n|inactive|Battle timer is ON: inactive players will automatically lose when time's up. (requested by joguri)\n|\n|t:|1776535968\n|teamsize|p1|3\n|teamsize|p2|3\n|start\n|switch|p1a: Hippowdon|Hippowdon, L50, F|100/100\n|switch|p2a: Aegislash|Aegislash, L50, M, shiny|100/100\n|-weather|Sandstorm|[from] ability: Sand Stream|[of] p1a: Hippowdon\n|turn|1\n|\n|t:|1776535981\n|-formechange|p2a: Aegislash|Aegislash-Blade|\n|move|p2a: Aegislash|Shadow Ball|p1a: Hippowdon\n|-damage|p1a: Hippowdon|52/100\n|move|p1a: Hippowdon|Yawn|p2a: Aegislash\n|-start|p2a: Aegislash|move: Yawn|[of] p1a: Hippowdon\n|\n|-weather|Sandstorm|[upkeep]\n|upkeep\n|turn|2\n|\n|t:|1776535988\n|switch|p2a: Chesnaught|Chesnaught, L50, M, shiny|100/100\n|move|p1a: Hippowdon|Stealth Rock|p2a: Chesnaught\n|-sidestart|p2: Camnar|move: Stealth Rock\n|\n|-weather|Sandstorm|[upkeep]\n|-damage|p2a: Chesnaught|94/100|[from] Sandstorm\n|upkeep\n|turn|3\n|\n|t:|1776535997\n|detailschange|p2a: Chesnaught|Chesnaught-Mega, L50, M, shiny\n|-mega|p2a: Chesnaught|Chesnaught|Chesnaughtite\n|move|p1a: Hippowdon|Yawn|p2a: Chesnaught\n|-start|p2a: Chesnaught|move: Yawn|[of] p1a: Hippowdon\n|move|p2a: Chesnaught|Leech Seed|p1a: Hippowdon\n|-start|p1a: Hippowdon|move: Leech Seed\n|\n|-weather|Sandstorm|[upkeep]\n|-damage|p2a: Chesnaught|88/100|[from] Sandstorm\n|-damage|p1a: Hippowdon|40/100|[from] Leech Seed|[of] p2a: Chesnaught\n|-heal|p2a: Chesnaught|100/100|[silent]\n|upkeep\n|-enditem|p1a: Hippowdon|Sitrus Berry|[eat]\n|-heal|p1a: Hippowdon|64/100|[from] item: Sitrus Berry\n|turn|4\n|\n|t:|1776536010\n|move|p1a: Hippowdon|Yawn||[still]\n|-fail|p1a: Hippowdon\n|move|p2a: Chesnaught|Iron Defense|p2a: Chesnaught\n|-boost|p2a: Chesnaught|def|2\n|\n|-weather|Sandstorm|[upkeep]\n|-damage|p2a: Chesnaught|94/100|[from] Sandstorm\n|-damage|p1a: Hippowdon|52/100|[from] Leech Seed|[of] p2a: Chesnaught\n|-heal|p2a: Chesnaught|100/100|[silent]\n|-end|p2a: Chesnaught|move: Yawn|[silent]\n|-status|p2a: Chesnaught|slp\n|upkeep\n|turn|5\n|\n|t:|1776536021\n|cant|p2a: Chesnaught|slp\n|move|p1a: Hippowdon|Roar|p2a: Chesnaught\n|drag|p2a: Arcanine|Arcanine-Hisui, L50, F, shiny|100/100\n|-damage|p2a: Arcanine|76/100|[from] Stealth Rock\n|\n|-weather|none\n|-damage|p1a: Hippowdon|40/100|[from] Leech Seed|[of] p2a: Arcanine\n|-heal|p2a: Arcanine|90/100|[silent]\n|upkeep\n|turn|6\n|\n|t:|1776536030\n|move|p2a: Arcanine|Protect|p2a: Arcanine\n|-singleturn|p2a: Arcanine|Protect\n|move|p1a: Hippowdon|Yawn|p2a: Arcanine\n|-activate|p2a: Arcanine|move: Protect\n|\n|-damage|p1a: Hippowdon|28/100|[from] Leech Seed|[of] p2a: Arcanine\n|-heal|p2a: Arcanine|100/100|[silent]\n|upkeep\n|turn|7\n|\n|t:|1776536039\n|move|p2a: Arcanine|Flare Blitz|p1a: Hippowdon\n|-damage|p1a: Hippowdon|0 fnt\n|faint|p1a: Hippowdon\n|-damage|p2a: Arcanine|90/100|[from] Recoil\n|\n|upkeep\n|\n|t:|1776536045\n|switch|p1a: Espathra|Espathra, L50, M|100/100\n|turn|8\n|\n|t:|1776536052\n|move|p2a: Arcanine|Flare Blitz|p1a: Espathra\n|-damage|p1a: Espathra|35/100\n|-damage|p2a: Arcanine|66/100|[from] Recoil\n|move|p1a: Espathra|Calm Mind|p1a: Espathra\n|-boost|p1a: Espathra|spa|1\n|-boost|p1a: Espathra|spd|1\n|\n|-heal|p1a: Espathra|41/100|[from] item: Leftovers\n|-ability|p1a: Espathra|Speed Boost|boost\n|-boost|p1a: Espathra|spe|1\n|upkeep\n|turn|9\n|\n|t:|1776536063\n|move|p1a: Espathra|Protect|p1a: Espathra\n|-singleturn|p1a: Espathra|Protect\n|move|p2a: Arcanine|Extreme Speed|p1a: Espathra\n|-activate|p1a: Espathra|move: Protect\n|\n|-heal|p1a: Espathra|47/100|[from] item: Leftovers\n|-ability|p1a: Espathra|Speed Boost|boost\n|-boost|p1a: Espathra|spe|1\n|upkeep\n|turn|10\n|\n|t:|1776536078\n|move|p2a: Arcanine|Extreme Speed|p1a: Espathra\n|-damage|p1a: Espathra|26/100\n|move|p1a: Espathra|Baton Pass|p1a: Espathra\n|\n|t:|1776536083\n|switch|p1a: Clefable|Clefable, L50, F|100/100|[from] Baton Pass\n|\n|upkeep\n|turn|11\n|\n|t:|1776536092\n|move|p1a: Clefable|Cosmic Power|p1a: Clefable\n|-boost|p1a: Clefable|def|1\n|-boost|p1a: Clefable|spd|1\n|move|p2a: Arcanine|Flare Blitz|p1a: Clefable\n|-damage|p1a: Clefable|63/100\n|-damage|p2a: Arcanine|52/100|[from] Recoil\n|\n|upkeep\n|turn|12\n|\n|t:|1776536100\n|move|p1a: Clefable|Cosmic Power|p1a: Clefable\n|-boost|p1a: Clefable|def|1\n|-boost|p1a: Clefable|spd|1\n|move|p2a: Arcanine|Stone Edge|p1a: Clefable\n|-damage|p1a: Clefable|44/100\n|\n|upkeep\n|turn|13\n|\n|t:|1776536108\n|move|p1a: Clefable|Cosmic Power|p1a: Clefable\n|-boost|p1a: Clefable|def|1\n|-boost|p1a: Clefable|spd|1\n|move|p2a: Arcanine|Stone Edge|p1a: Clefable\n|-damage|p1a: Clefable|28/100\n|\n|upkeep\n|turn|14\n|\n|t:|1776536114\n|move|p1a: Clefable|Moonlight|p1a: Clefable\n|-heal|p1a: Clefable|78/100\n|move|p2a: Arcanine|Stone Edge|p1a: Clefable\n|-damage|p1a: Clefable|62/100\n|\n|upkeep\n|turn|15\n|\n|t:|1776536120\n|move|p1a: Clefable|Cosmic Power|p1a: Clefable\n|-boost|p1a: Clefable|def|1\n|-boost|p1a: Clefable|spd|1\n|move|p2a: Arcanine|Stone Edge|p1a: Clefable\n|-damage|p1a: Clefable|50/100\n|\n|upkeep\n|turn|16\n|j| gennobi\n|\n|t:|1776536126\n|move|p1a: Clefable|Cosmic Power|p1a: Clefable\n|-boost|p1a: Clefable|def|1\n|-boost|p1a: Clefable|spd|1\n|move|p2a: Arcanine|Stone Edge|p1a: Clefable\n|-damage|p1a: Clefable|39/100\n|\n|upkeep\n|turn|17\n|\n|t:|1776536133\n|move|p1a: Clefable|Moonlight|p1a: Clefable\n|-heal|p1a: Clefable|89/100\n|move|p2a: Arcanine|Stone Edge|p1a: Clefable|[miss]\n|-miss|p2a: Arcanine|p1a: Clefable\n|\n|upkeep\n|turn|18\n|\n|t:|1776536142\n|move|p1a: Clefable|Cosmic Power|p1a: Clefable\n|-boost|p1a: Clefable|def|1\n|-boost|p1a: Clefable|spd|0\n|move|p2a: Arcanine|Stone Edge|p1a: Clefable|[miss]\n|-miss|p2a: Arcanine|p1a: Clefable\n|\n|upkeep\n|turn|19\n|\n|t:|1776536149\n|move|p1a: Clefable|Stored Power|p2a: Arcanine\n|-damage|p2a: Arcanine|0 fnt\n|faint|p2a: Arcanine\n|\n|upkeep\n|\n|t:|1776536156\n|switch|p2a: Aegislash|Aegislash, L50, M, shiny|100/100\n|-damage|p2a: Aegislash|95/100|[from] Stealth Rock\n|turn|20\n|-message|Camnar forfeited.\n|\n|win|joguri\n|raw|joguri's rating: 1256 &rarr; <strong>1274</strong><br />(+18 for winning)\n|raw|Camnar's rating: 1153 &rarr; <strong>1135</strong><br />(-18 for losing)\n|l|\u2606Camnar\n|player|p2|\n",
  "uploadtime": 1776536162,
  "views": 2,
  "formatid": "gen9championsbssregma",
  "rating": 1135,
  "private": 0,
  "password": null
}