{
  "id": "gen9championsbssregma-2588977372",
  "format": "[Gen 9 Champions] BSS Reg M-A",
  "players": [
    "joguri",
    "wanii"
  ],
  "log": "|j|\u2606joguri\n|j|\u2606wanii\n|t:|1776691060\n|gametype|singles\n|player|p1|joguri|dawn|1099\n|player|p2|wanii|n|1158\n|gen|9\n|tier|[Gen 9 Champions] BSS Reg M-A\n|rated|\n|rule|Species Clause: Limit one of each Pok\u00e9mon\n|rule|Item Clause: Limit 1 of each item\n|clearpoke\n|poke|p1|Lopunny, L50, M|\n|poke|p1|Garchomp, L50, F|\n|poke|p1|Glimmora, L50, F|\n|poke|p1|Primarina, L50, M|\n|poke|p1|Corviknight, L50, F|\n|poke|p1|Clefable, L50, F|\n|poke|p2|Greninja, L50, M, shiny|\n|poke|p2|Garchomp, L50, M|\n|poke|p2|Rotom-Wash, L50|\n|poke|p2|Corviknight, L50, M|\n|poke|p2|Excadrill, L50, F|\n|poke|p2|Tyranitar, L50, M, shiny|\n|teampreview|3\n|inactive|Battle timer is ON: inactive players will automatically lose when time's up. (requested by joguri)\n|\n|t:|1776691134\n|teamsize|p1|3\n|teamsize|p2|3\n|start\n|switch|p1a: Lopunny|Lopunny, L50, M|100/100\n|switch|p2a: Rotom|Rotom-Wash, L50|100/100\n|turn|1\n|\n|t:|1776691154\n|move|p2a: Rotom|Discharge|p1a: Lopunny\n|-damage|p1a: Lopunny|60/100\n|move|p1a: Lopunny|Cosmic Power|p1a: Lopunny\n|-boost|p1a: Lopunny|def|1\n|-boost|p1a: Lopunny|spd|1\n|\n|upkeep\n|turn|2\n|\n|t:|1776691177\n|switch|p2a: Excadrill|Excadrill, L50, F|100/100\n|move|p1a: Lopunny|Baton Pass|p1a: Lopunny\n|\n|t:|1776691181\n|switch|p1a: Corviknight|Corviknight, L50, F|100/100|[from] Baton Pass\n|\n|upkeep\n|turn|3\n|\n|t:|1776691196\n|switch|p2a: Rotom|Rotom-Wash, L50|100/100\n|move|p1a: Corviknight|Iron Defense|p1a: Corviknight\n|-boost|p1a: Corviknight|def|2\n|\n|upkeep\n|turn|4\n|\n|t:|1776691206\n|move|p2a: Rotom|Trick|p1a: Corviknight\n|-activate|p2a: Rotom|move: Trick|[of] p1a: Corviknight\n|-item|p1a: Corviknight|Choice Scarf|[from] move: Trick\n|-item|p2a: Rotom|Leftovers|[from] move: Trick\n|move|p1a: Corviknight|Body Press|p2a: Rotom\n|-damage|p2a: Rotom|15/100\n|\n|-heal|p2a: Rotom|21/100|[from] item: Leftovers\n|upkeep\n|turn|5\n|\n|t:|1776691214\n|move|p2a: Rotom|Discharge|p1a: Corviknight\n|-supereffective|p1a: Corviknight|1\n|-damage|p1a: Corviknight|51/100\n|move|p1a: Corviknight|Body Press|p2a: Rotom\n|-damage|p2a: Rotom|0 fnt\n|faint|p2a: Rotom\n|\n|upkeep\n|\n|t:|1776691223\n|switch|p2a: Greninja|Greninja, L50, M, shiny|100/100\n|turn|6\n|\n|t:|1776691231\n|detailschange|p2a: Greninja|Greninja-Mega, L50, M, shiny\n|-mega|p2a: Greninja|Greninja|Greninjite\n|move|p2a: Greninja|Surf|p1a: Corviknight\n|-start|p2a: Greninja|typechange|Water|[from] ability: Protean\n|-damage|p1a: Corviknight|19/100\n|move|p1a: Corviknight|Body Press|p2a: Greninja\n|-damage|p2a: Greninja|5/100\n|\n|upkeep\n|turn|7\n|\n|t:|1776691241\n|move|p2a: Greninja|Surf|p1a: Corviknight\n|-damage|p1a: Corviknight|0 fnt\n|faint|p1a: Corviknight\n|\n|upkeep\n|\n|t:|1776691249\n|switch|p1a: Lopunny|Lopunny, L50, M|60/100\n|turn|8\n|\n|t:|1776691256\n|switch|p2a: Excadrill|Excadrill, L50, F|100/100\n|move|p1a: Lopunny|Cosmic Power|p1a: Lopunny\n|-boost|p1a: Lopunny|def|1\n|-boost|p1a: Lopunny|spd|1\n|\n|upkeep\n|turn|9\n|\n|t:|1776691270\n|move|p1a: Lopunny|Cotton Guard|p1a: Lopunny\n|-boost|p1a: Lopunny|def|3\n|move|p2a: Excadrill|Swords Dance|p2a: Excadrill\n|-boost|p2a: Excadrill|atk|2\n|\n|upkeep\n|turn|10\n|\n|t:|1776691279\n|move|p1a: Lopunny|Cotton Guard|p1a: Lopunny\n|-boost|p1a: Lopunny|def|2\n|move|p2a: Excadrill|Earthquake|p1a: Lopunny\n|-damage|p1a: Lopunny|30/100\n|\n|upkeep\n|turn|11\n|\n|t:|1776691290\n|move|p1a: Lopunny|Baton Pass|p1a: Lopunny\n|\n|t:|1776691292\n|switch|p1a: Clefable|Clefable, L50, F|100/100|[from] Baton Pass\n|move|p2a: Excadrill|Poison Jab|p1a: Clefable\n|-supereffective|p1a: Clefable|1\n|-damage|p1a: Clefable|88/100\n|\n|upkeep\n|turn|12\n|\n|t:|1776691299\n|move|p2a: Excadrill|Iron Head|p1a: Clefable\n|-supereffective|p1a: Clefable|1\n|-damage|p1a: Clefable|69/100\n|move|p1a: Clefable|Calm Mind|p1a: Clefable\n|-boost|p1a: Clefable|spa|1\n|-boost|p1a: Clefable|spd|1\n|\n|upkeep\n|turn|13\n|\n|t:|1776691307\n|move|p2a: Excadrill|Iron Head|p1a: Clefable\n|-supereffective|p1a: Clefable|1\n|-damage|p1a: Clefable|51/100\n|cant|p1a: Clefable|flinch\n|\n|upkeep\n|turn|14\n|\n|t:|1776691312\n|move|p2a: Excadrill|Iron Head|p1a: Clefable\n|-supereffective|p1a: Clefable|1\n|-damage|p1a: Clefable|32/100\n|move|p1a: Clefable|Moonlight|p1a: Clefable\n|-heal|p1a: Clefable|82/100\n|\n|upkeep\n|turn|15\n|\n|t:|1776691319\n|move|p2a: Excadrill|Iron Head|p1a: Clefable\n|-supereffective|p1a: Clefable|1\n|-damage|p1a: Clefable|64/100\n|move|p1a: Clefable|Calm Mind|p1a: Clefable\n|-boost|p1a: Clefable|spa|1\n|-boost|p1a: Clefable|spd|1\n|\n|upkeep\n|turn|16\n|\n|t:|1776691327\n|move|p2a: Excadrill|Iron Head|p1a: Clefable\n|-supereffective|p1a: Clefable|1\n|-damage|p1a: Clefable|46/100\n|move|p1a: Clefable|Calm Mind|p1a: Clefable\n|-boost|p1a: Clefable|spa|1\n|-boost|p1a: Clefable|spd|1\n|\n|upkeep\n|turn|17\n|\n|t:|1776691334\n|move|p2a: Excadrill|Swords Dance|p2a: Excadrill\n|-boost|p2a: Excadrill|atk|2\n|move|p1a: Clefable|Moonlight|p1a: Clefable\n|-heal|p1a: Clefable|96/100\n|\n|upkeep\n|turn|18\n|\n|t:|1776691339\n|move|p2a: Excadrill|Iron Head|p1a: Clefable\n|-supereffective|p1a: Clefable|1\n|-damage|p1a: Clefable|77/100\n|move|p1a: Clefable|Calm Mind|p1a: Clefable\n|-boost|p1a: Clefable|spa|1\n|-boost|p1a: Clefable|spd|1\n|\n|upkeep\n|turn|19\n|\n|t:|1776691345\n|move|p2a: Excadrill|Iron Head|p1a: Clefable\n|-supereffective|p1a: Clefable|1\n|-damage|p1a: Clefable|58/100\n|move|p1a: Clefable|Calm Mind|p1a: Clefable\n|-boost|p1a: Clefable|spa|1\n|-boost|p1a: Clefable|spd|1\n|\n|upkeep\n|turn|20\n|\n|t:|1776691354\n|move|p2a: Excadrill|Iron Head|p1a: Clefable\n|-supereffective|p1a: Clefable|1\n|-damage|p1a: Clefable|42/100\n|move|p1a: Clefable|Calm Mind|p1a: Clefable\n|-boost|p1a: Clefable|spa|1\n|-boost|p1a: Clefable|spd|0\n|\n|upkeep\n|turn|21\n|\n|t:|1776691360\n|move|p2a: Excadrill|Iron Head|p1a: Clefable\n|-supereffective|p1a: Clefable|1\n|-damage|p1a: Clefable|23/100\n|move|p1a: Clefable|Moonlight|p1a: Clefable\n|-heal|p1a: Clefable|73/100\n|\n|upkeep\n|turn|22\n|\n|t:|1776691366\n|move|p2a: Excadrill|Iron Head|p1a: Clefable\n|-supereffective|p1a: Clefable|1\n|-damage|p1a: Clefable|55/100\n|cant|p1a: Clefable|flinch\n|\n|upkeep\n|turn|23\n|\n|t:|1776691371\n|move|p2a: Excadrill|Iron Head|p1a: Clefable\n|-supereffective|p1a: Clefable|1\n|-damage|p1a: Clefable|38/100\n|move|p1a: Clefable|Moonlight|p1a: Clefable\n|-heal|p1a: Clefable|88/100\n|\n|upkeep\n|turn|24\n|\n|t:|1776691378\n|move|p2a: Excadrill|Iron Head|p1a: Clefable\n|-supereffective|p1a: Clefable|1\n|-damage|p1a: Clefable|67/100\n|move|p1a: Clefable|Stored Power|p2a: Excadrill\n|-resisted|p2a: Excadrill|1\n|-enditem|p2a: Excadrill|Focus Sash\n|-damage|p2a: Excadrill|1/100\n|\n|upkeep\n|turn|25\n|\n|t:|1776691385\n|move|p2a: Excadrill|Iron Head|p1a: Clefable\n|-supereffective|p1a: Clefable|1\n|-damage|p1a: Clefable|48/100\n|move|p1a: Clefable|Moonlight|p1a: Clefable\n|-heal|p1a: Clefable|98/100\n|\n|upkeep\n|turn|26\n|\n|t:|1776691392\n|move|p2a: Excadrill|Iron Head|p1a: Clefable\n|-supereffective|p1a: Clefable|1\n|-damage|p1a: Clefable|80/100\n|move|p1a: Clefable|Stored Power|p2a: Excadrill\n|-resisted|p2a: Excadrill|1\n|-damage|p2a: Excadrill|0 fnt\n|faint|p2a: Excadrill\n|\n|upkeep\n|\n|t:|1776691395\n|switch|p2a: Greninja|Greninja-Mega, L50, M, shiny|5/100\n|turn|27\n|\n|t:|1776691402\n|move|p2a: Greninja|Ice Beam|p1a: Clefable\n|-start|p2a: Greninja|typechange|Ice|[from] ability: Protean\n|-damage|p1a: Clefable|68/100\n|move|p1a: Clefable|Moonblast|p2a: Greninja\n|-damage|p2a: Greninja|0 fnt\n|faint|p2a: Greninja\n|\n|win|joguri\n|raw|joguri's rating: 1099 &rarr; <strong>1128</strong><br />(+29 for winning)\n|raw|wanii's rating: 1158 &rarr; <strong>1129</strong><br />(-29 for losing)\n|l|\u2606wanii\n|player|p2|\n",
  "uploadtime": 1776691414,
  "views": 0,
  "formatid": "gen9championsbssregma",
  "rating": 1128,
  "private": 0,
  "password": null
}