{
  "id": "gen9championsbssregma-2581144000",
  "format": "[Gen 9 Champions] BSS Reg M-A",
  "players": [
    "mvadtjmkmt",
    "CloudWatcherTian"
  ],
  "log": "|j|\u2606mvadtjmkmt\n|j|\u2606CloudWatcherTian\n|t:|1775964120\n|gametype|singles\n|player|p1|mvadtjmkmt|2|1000\n|player|p2|CloudWatcherTian|birdkeeper|1099\n|gen|9\n|tier|[Gen 9 Champions] BSS Reg M-A\n|rated|\n|rule|Species Clause: Limit one of each Pok\u00e9mon\n|rule|Item Clause: Limit 1 of each item\n|clearpoke\n|poke|p1|Gengar, L50, M|\n|poke|p1|Snorlax, L50, F|\n|poke|p1|Greninja-*, L50, M|\n|poke|p1|Corviknight, L50, F|\n|poke|p1|Ditto, L50|\n|poke|p1|Victreebel, L50, F|\n|poke|p2|Sneasler, L50, F|\n|poke|p2|Gyarados, L50, M|\n|poke|p2|Incineroar, L50, F|\n|poke|p2|Gliscor, L50, M|\n|poke|p2|Bellibolt, L50, F|\n|poke|p2|Mamoswine, L50, M|\n|teampreview|3\n|c|\u2606CloudWatcherTian|Welcome, glhf!\n|\n|t:|1775964177\n|teamsize|p1|3\n|teamsize|p2|3\n|start\n|switch|p1a: Greninja|Greninja, L50, M, shiny|100/100\n|switch|p2a: Gene|Bellibolt, L50, F, shiny|100/100\n|turn|1\n|\n|t:|1775964197\n|switch|p1a: Ditto|Ditto, L50|100/100\n|-transform|p1a: Ditto|p2a: Gene|[from] ability: Imposter\n|move|p2a: Gene|Volt Switch|p1a: Ditto\n|-resisted|p1a: Ditto|1\n|-damage|p1a: Ditto|75/100\n|-start|p1a: Ditto|Charge|Volt Switch|[from] ability: Electromorphosis\n|\n|t:|1775964207\n|switch|p2a: Ssaha|Sneasler, L50, F, shiny|100/100|[from] Volt Switch\n|\n|upkeep\n|turn|2\n|\n|t:|1775964217\n|move|p2a: Ssaha|Fake Out|p1a: Ditto\n|-damage|p1a: Ditto|58/100\n|-start|p1a: Ditto|Charge|Fake Out|[from] ability: Electromorphosis\n|cant|p1a: Ditto|flinch\n|-end|p1a: Ditto|Charge|[silent]\n|\n|upkeep\n|turn|3\n|\n|t:|1775964224\n|move|p2a: Ssaha|Close Combat|p1a: Ditto\n|-damage|p1a: Ditto|0 fnt\n|-unboost|p2a: Ssaha|def|1\n|-unboost|p2a: Ssaha|spd|1\n|faint|p1a: Ditto\n|\n|upkeep\n|\n|t:|1775964226\n|switch|p1a: Greninja|Greninja, L50, M, shiny|100/100\n|turn|4\n|\n|t:|1775964234\n|move|p2a: Ssaha|Close Combat|p1a: Greninja\n|-supereffective|p1a: Greninja|1\n|-enditem|p1a: Greninja|Focus Sash\n|-damage|p1a: Greninja|1/100\n|-unboost|p2a: Ssaha|def|1\n|-unboost|p2a: Ssaha|spd|1\n|move|p1a: Greninja|Surf|p2a: Ssaha\n|-enditem|p2a: Ssaha|Focus Sash\n|-damage|p2a: Ssaha|1/100\n|\n|upkeep\n|turn|5\n|\n|t:|1775964245\n|move|p2a: Ssaha|Upper Hand||[still]\n|-fail|p2a: Ssaha\n|move|p1a: Greninja|Surf|p2a: Ssaha\n|-damage|p2a: Ssaha|0 fnt\n|faint|p2a: Ssaha\n|\n|upkeep\n|c|\u2606CloudWatcherTian|dang overpredicted\n|\n|t:|1775964254\n|switch|p2a: Gene|Bellibolt, L50, F, shiny|100/100\n|turn|6\n|\n|t:|1775964260\n|move|p1a: Greninja|Flip Turn|p2a: Gene\n|-damage|p2a: Gene|74/100\n|-start|p2a: Gene|Charge|Flip Turn|[from] ability: Electromorphosis\n|\n|t:|1775964263\n|switch|p1a: Snorlax|Snorlax, L50, F, shiny|100/100|[from] Flip Turn\n|move|p2a: Gene|Volt Switch|p1a: Snorlax\n|-damage|p1a: Snorlax|56/100\n|-end|p2a: Gene|Charge|[silent]\n|\n|t:|1775964269\n|switch|p2a: Kazuya|Incineroar, L50, F, shiny|100/100|[from] Volt Switch\n|-ability|p2a: Kazuya|Intimidate|boost\n|-unboost|p1a: Snorlax|atk|1\n|\n|-heal|p1a: Snorlax|63/100|[from] item: Leftovers\n|upkeep\n|turn|7\n|\n|t:|1775964278\n|move|p1a: Snorlax|Protect|p1a: Snorlax\n|-singleturn|p1a: Snorlax|Protect\n|move|p2a: Kazuya|Drain Punch|p1a: Snorlax\n|-activate|p1a: Snorlax|move: Protect\n|\n|-heal|p1a: Snorlax|69/100|[from] item: Leftovers\n|upkeep\n|turn|8\n|\n|t:|1775964286\n|move|p2a: Kazuya|Drain Punch|p1a: Snorlax\n|-supereffective|p1a: Snorlax|1\n|-damage|p1a: Snorlax|39/100\n|move|p1a: Snorlax|Yawn|p2a: Kazuya\n|-start|p2a: Kazuya|move: Yawn|[of] p1a: Snorlax\n|\n|-heal|p1a: Snorlax|46/100|[from] item: Leftovers\n|upkeep\n|turn|9\n|\n|t:|1775964299\n|switch|p2a: Gene|Bellibolt, L50, F, shiny|74/100\n|switch|p1a: Greninja|Greninja, L50, M, shiny|1/100\n|\n|upkeep\n|turn|10\n|j| timebroken\n|l| timebroken\n|\n|t:|1775964308\n|move|p1a: Greninja|Surf|p2a: Gene\n|-damage|p2a: Gene|4/100\n|-start|p2a: Gene|Charge|Surf|[from] ability: Electromorphosis\n|move|p2a: Gene|Volt Switch|p1a: Greninja\n|-supereffective|p1a: Greninja|1\n|-damage|p1a: Greninja|0 fnt\n|faint|p1a: Greninja\n|-end|p2a: Gene|Charge|[silent]\n|-message|mvadtjmkmt forfeited.\n|\n|win|CloudWatcherTian\n|raw|mvadtjmkmt's rating: 1000 &rarr; <strong>1000</strong><br />(+0 for losing)\n|raw|CloudWatcherTian's rating: 1099 &rarr; <strong>1117</strong><br />(+18 for winning)\n|l|\u2606mvadtjmkmt\n|player|p1|\n|c|\u2606CloudWatcherTian|Bellibolt moment\n",
  "uploadtime": 1775964320,
  "views": 11,
  "formatid": "gen9championsbssregma",
  "rating": 1000,
  "private": 0,
  "password": null
}