{
  "id": "gen9championsbssregma-2585566247",
  "format": "[Gen 9 Champions] BSS Reg M-A",
  "players": [
    "Beneneilius",
    "BBBKTY"
  ],
  "log": "|j|\u2606Beneneilius\n|j|\u2606BBBKTY\n|t:|1776355941\n|gametype|singles\n|player|p1|Beneneilius|burglar|1058\n|player|p2|BBBKTY|265|1114\n|gen|9\n|tier|[Gen 9 Champions] BSS Reg M-A\n|rated|\n|rule|Species Clause: Limit one of each Pok\u00e9mon\n|rule|Item Clause: Limit 1 of each item\n|clearpoke\n|poke|p1|Greninja-*, L50, F|\n|poke|p1|Gallade, L50, M|\n|poke|p1|Lycanroc-Dusk, L50, M|\n|poke|p1|Aegislash, L50, M|\n|poke|p1|Castform, L50, M|\n|poke|p1|Slowbro-Galar, L50, F|\n|poke|p2|Dragapult, L50, F|\n|poke|p2|Alakazam, L50, F|\n|poke|p2|Azumarill, L50, F|\n|poke|p2|Clefable, L50, M|\n|poke|p2|Espathra, L50, F|\n|poke|p2|Glimmora, L50, F|\n|teampreview|3\n|inactive|Battle timer is ON: inactive players will automatically lose when time's up. (requested by BBBKTY)\n|\n|t:|1776355963\n|teamsize|p1|3\n|teamsize|p2|3\n|start\n|switch|p1a: Greninja|Greninja, L50, F, shiny|100/100\n|switch|p2a: Glimmora|Glimmora, L50, F|100/100\n|turn|1\n|\n|t:|1776355969\n|move|p1a: Greninja|Hydro Pump|p2a: Glimmora\n|-start|p1a: Greninja|typechange|Water|[from] ability: Protean\n|-supereffective|p2a: Glimmora|1\n|-damage|p2a: Glimmora|17/100\n|move|p2a: Glimmora|Stealth Rock|p1a: Greninja\n|-sidestart|p1: Beneneilius|move: Stealth Rock\n|\n|upkeep\n|turn|2\n|\n|t:|1776355978\n|move|p1a: Greninja|Dark Pulse|p2a: Glimmora\n|-damage|p2a: Glimmora|0 fnt\n|faint|p2a: Glimmora\n|\n|upkeep\n|\n|t:|1776355982\n|switch|p2a: Espathra|Espathra, L50, F, shiny|100/100\n|turn|3\n|\n|t:|1776355987\n|detailschange|p1a: Greninja|Greninja-Mega, L50, F, shiny\n|-mega|p1a: Greninja|Greninja|Greninjite\n|move|p2a: Espathra|Protect|p2a: Espathra\n|-singleturn|p2a: Espathra|Protect\n|move|p1a: Greninja|Dark Pulse|p2a: Espathra\n|-start|p1a: Greninja|typechange|Dark|[from] ability: Protean\n|-activate|p2a: Espathra|move: Protect\n|\n|-ability|p2a: Espathra|Speed Boost|boost\n|-boost|p2a: Espathra|spe|1\n|upkeep\n|turn|4\n|\n|t:|1776355997\n|move|p1a: Greninja|Dark Pulse|p2a: Espathra\n|-supereffective|p2a: Espathra|1\n|-damage|p2a: Espathra|8/100\n|-enditem|p2a: Espathra|Sitrus Berry|[eat]\n|-heal|p2a: Espathra|33/100|[from] item: Sitrus Berry\n|move|p2a: Espathra|Baton Pass|p2a: Espathra\n|\n|t:|1776356004\n|switch|p2a: Clefable|Clefable, L50, M, shiny|100/100|[from] Baton Pass\n|\n|upkeep\n|turn|5\n|\n|t:|1776356013\n|switch|p1a: Aegislash|Aegislash, L50, M, shiny|100/100\n|-damage|p1a: Aegislash|95/100|[from] Stealth Rock\n|detailschange|p2a: Clefable|Clefable-Mega, L50, M, shiny\n|-mega|p2a: Clefable|Clefable|Clefablite\n|move|p2a: Clefable|Cosmic Power|p2a: Clefable\n|-boost|p2a: Clefable|def|1\n|-boost|p2a: Clefable|spd|1\n|\n|-heal|p1a: Aegislash|100/100|[from] item: Leftovers\n|upkeep\n|turn|6\n|\n|t:|1776356028\n|move|p2a: Clefable|Cosmic Power|p2a: Clefable\n|-boost|p2a: Clefable|def|1\n|-boost|p2a: Clefable|spd|1\n|-formechange|p1a: Aegislash|Aegislash-Blade|\n|move|p1a: Aegislash|Flash Cannon|p2a: Clefable\n|-supereffective|p2a: Clefable|1\n|-damage|p2a: Clefable|68/100\n|\n|upkeep\n|turn|7\n|\n|t:|1776356037\n|move|p2a: Clefable|Cosmic Power|p2a: Clefable\n|-boost|p2a: Clefable|def|1\n|-boost|p2a: Clefable|spd|1\n|move|p1a: Aegislash|Flash Cannon|p2a: Clefable\n|-supereffective|p2a: Clefable|1\n|-damage|p2a: Clefable|41/100\n|\n|upkeep\n|turn|8\n|\n|t:|1776356045\n|move|p2a: Clefable|Cosmic Power|p2a: Clefable\n|-boost|p2a: Clefable|def|1\n|-boost|p2a: Clefable|spd|1\n|move|p1a: Aegislash|Flash Cannon|p2a: Clefable\n|-supereffective|p2a: Clefable|1\n|-damage|p2a: Clefable|17/100\n|\n|upkeep\n|turn|9\n|\n|t:|1776356052\n|move|p2a: Clefable|Moonlight|p2a: Clefable\n|-heal|p2a: Clefable|67/100\n|move|p1a: Aegislash|Flash Cannon|p2a: Clefable\n|-supereffective|p2a: Clefable|1\n|-damage|p2a: Clefable|47/100\n|\n|upkeep\n|turn|10\n|\n|t:|1776356057\n|move|p2a: Clefable|Cosmic Power|p2a: Clefable\n|-boost|p2a: Clefable|def|1\n|-boost|p2a: Clefable|spd|1\n|move|p1a: Aegislash|Flash Cannon|p2a: Clefable\n|-supereffective|p2a: Clefable|1\n|-damage|p2a: Clefable|26/100\n|\n|upkeep\n|turn|11\n|\n|t:|1776356064\n|move|p2a: Clefable|Moonlight|p2a: Clefable\n|-heal|p2a: Clefable|76/100\n|move|p1a: Aegislash|Flash Cannon|p2a: Clefable\n|-supereffective|p2a: Clefable|1\n|-damage|p2a: Clefable|58/100\n|\n|upkeep\n|turn|12\n|\n|t:|1776356078\n|move|p2a: Clefable|Moonlight|p2a: Clefable\n|-heal|p2a: Clefable|100/100\n|move|p1a: Aegislash|Flash Cannon|p2a: Clefable\n|-supereffective|p2a: Clefable|1\n|-damage|p2a: Clefable|82/100\n|\n|upkeep\n|turn|13\n|\n|t:|1776356082\n|move|p2a: Clefable|Stored Power|p1a: Aegislash\n|-resisted|p1a: Aegislash|1\n|-damage|p1a: Aegislash|50/100\n|move|p1a: Aegislash|Flash Cannon|p2a: Clefable\n|-supereffective|p2a: Clefable|1\n|-damage|p2a: Clefable|63/100\n|\n|-heal|p1a: Aegislash|56/100|[from] item: Leftovers\n|upkeep\n|turn|14\n|\n|t:|1776356088\n|-formechange|p1a: Aegislash|Aegislash|\n|move|p1a: Aegislash|King's Shield|p1a: Aegislash\n|-singleturn|p1a: Aegislash|Protect\n|move|p2a: Clefable|Cosmic Power|p2a: Clefable\n|-boost|p2a: Clefable|def|1\n|-boost|p2a: Clefable|spd|1\n|\n|-heal|p1a: Aegislash|62/100|[from] item: Leftovers\n|upkeep\n|turn|15\n|\n|t:|1776356095\n|move|p2a: Clefable|Stored Power|p1a: Aegislash\n|-resisted|p1a: Aegislash|1\n|-damage|p1a: Aegislash|31/100\n|-formechange|p1a: Aegislash|Aegislash-Blade|\n|move|p1a: Aegislash|Flash Cannon|p2a: Clefable\n|-supereffective|p2a: Clefable|1\n|-damage|p2a: Clefable|47/100\n|\n|-heal|p1a: Aegislash|37/100|[from] item: Leftovers\n|upkeep\n|turn|16\n|\n|t:|1776356103\n|-formechange|p1a: Aegislash|Aegislash|\n|move|p1a: Aegislash|King's Shield|p1a: Aegislash\n|-singleturn|p1a: Aegislash|Protect\n|move|p2a: Clefable|Stored Power|p1a: Aegislash\n|-activate|p1a: Aegislash|move: Protect\n|\n|-heal|p1a: Aegislash|43/100|[from] item: Leftovers\n|upkeep\n|turn|17\n|\n|t:|1776356117\n|move|p2a: Clefable|Moonlight|p2a: Clefable\n|-heal|p2a: Clefable|97/100\n|-formechange|p1a: Aegislash|Aegislash-Blade|\n|move|p1a: Aegislash|Flash Cannon|p2a: Clefable\n|-supereffective|p2a: Clefable|1\n|-damage|p2a: Clefable|79/100\n|\n|-heal|p1a: Aegislash|49/100|[from] item: Leftovers\n|upkeep\n|turn|18\n|\n|t:|1776356124\n|-formechange|p1a: Aegislash|Aegislash|\n|move|p1a: Aegislash|King's Shield|p1a: Aegislash\n|-singleturn|p1a: Aegislash|Protect\n|move|p2a: Clefable|Stored Power|p1a: Aegislash\n|-activate|p1a: Aegislash|move: Protect\n|\n|-heal|p1a: Aegislash|55/100|[from] item: Leftovers\n|upkeep\n|turn|19\n|\n|t:|1776356131\n|move|p2a: Clefable|Stored Power|p1a: Aegislash\n|-resisted|p1a: Aegislash|1\n|-damage|p1a: Aegislash|21/100\n|-formechange|p1a: Aegislash|Aegislash-Blade|\n|move|p1a: Aegislash|Flash Cannon|p2a: Clefable\n|-supereffective|p2a: Clefable|1\n|-damage|p2a: Clefable|61/100\n|\n|-heal|p1a: Aegislash|27/100|[from] item: Leftovers\n|upkeep\n|turn|20\n|\n|t:|1776356140\n|move|p2a: Clefable|Moonlight|p2a: Clefable\n|-heal|p2a: Clefable|100/100\n|move|p1a: Aegislash|Flash Cannon|p2a: Clefable\n|-supereffective|p2a: Clefable|1\n|-damage|p2a: Clefable|82/100\n|\n|-heal|p1a: Aegislash|33/100|[from] item: Leftovers\n|upkeep\n|turn|21\n|\n|t:|1776356147\n|move|p2a: Clefable|Stored Power|p1a: Aegislash\n|-resisted|p1a: Aegislash|1\n|-damage|p1a: Aegislash|0 fnt\n|faint|p1a: Aegislash\n|\n|upkeep\n|\n|t:|1776356151\n|switch|p1a: SlowVon|Slowbro-Galar, L50, F|100/100\n|-damage|p1a: SlowVon|88/100|[from] Stealth Rock\n|turn|22\n|\n|t:|1776356156\n|move|p2a: Clefable|Stored Power|p1a: SlowVon\n|-damage|p1a: SlowVon|0 fnt\n|faint|p1a: SlowVon\n|\n|upkeep\n|-message|Beneneilius forfeited.\n|\n|win|BBBKTY\n|raw|Beneneilius's rating: 1058 &rarr; <strong>1042</strong><br />(-16 for losing)\n|raw|BBBKTY's rating: 1114 &rarr; <strong>1135</strong><br />(+21 for winning)\n|l|\u2606Beneneilius\n|player|p1|\n",
  "uploadtime": 1776356163,
  "views": 11,
  "formatid": "gen9championsbssregma",
  "rating": 1042,
  "private": 0,
  "password": null
}