{
  "id": "gen9championsbssregma-2583022044",
  "format": "[Gen 9 Champions] BSS Reg M-A",
  "players": [
    "lawofdeath",
    "darkcapo666"
  ],
  "log": "|j|\u2606lawofdeath\n|j|\u2606darkcapo666\n|t:|1776134130\n|gametype|singles\n|player|p1|lawofdeath|102|1026\n|player|p2|darkcapo666|1|1129\n|gen|9\n|tier|[Gen 9 Champions] BSS Reg M-A\n|rated|\n|rule|Species Clause: Limit one of each Pok\u00e9mon\n|rule|Item Clause: Limit 1 of each item\n|clearpoke\n|poke|p1|Corviknight, L50, F|\n|poke|p1|Rotom-Wash, L50|\n|poke|p1|Ceruledge, L50, M|\n|poke|p1|Tyranitar, L50, F|\n|poke|p1|Garchomp, L50, M|\n|poke|p1|Mimikyu, L50, F|\n|poke|p2|Slowking-Galar, L50, M|\n|poke|p2|Pinsir, L50, F|\n|poke|p2|Garchomp, L50, M|\n|poke|p2|Rotom-Wash, L50|\n|poke|p2|Hydreigon, L50, F|\n|poke|p2|Quaquaval, L50, M|\n|teampreview|3\n|\n|t:|1776134172\n|teamsize|p1|3\n|teamsize|p2|3\n|start\n|switch|p1a: Garchomp|Garchomp, L50, M|100/100\n|switch|p2a: Garchomp|Garchomp, L50, M|100/100\n|turn|1\n|c|\u2606lawofdeath|brains thought alike\n|\n|t:|1776134185\n|switch|p1a: Corviknight|Corviknight, L50, F|100/100\n|-ability|p1a: Corviknight|Pressure\n|move|p2a: Garchomp|Scale Shot|p1a: Corviknight\n|-resisted|p1a: Corviknight|1\n|-damage|p1a: Corviknight|96/100\n|-resisted|p1a: Corviknight|1\n|-damage|p1a: Corviknight|92/100\n|-resisted|p1a: Corviknight|1\n|-damage|p1a: Corviknight|88/100\n|-resisted|p1a: Corviknight|1\n|-damage|p1a: Corviknight|84/100\n|-resisted|p1a: Corviknight|1\n|-damage|p1a: Corviknight|80/100\n|-hitcount|p1a: Corviknight|5\n|-unboost|p2a: Garchomp|def|1\n|-boost|p2a: Garchomp|spe|1\n|\n|-heal|p1a: Corviknight|86/100|[from] item: Leftovers\n|upkeep\n|turn|2\n|\n|t:|1776134204\n|switch|p2a: Slowking|Slowking-Galar, L50, M|100/100\n|move|p1a: Corviknight|U-turn|p2a: Slowking\n|-damage|p2a: Slowking|85/100\n|\n|t:|1776134226\n|switch|p1a: Garchomp|Garchomp, L50, M|100/100|[from] U-turn\n|\n|-heal|p2a: Slowking|91/100|[from] item: Leftovers\n|upkeep\n|turn|3\n|\n|t:|1776134235\n|switch|p2a: Rotom|Rotom-Wash, L50|100/100\n|move|p1a: Garchomp|Earthquake|p2a: Rotom\n|-immune|p2a: Rotom|[from] ability: Levitate\n|\n|upkeep\n|turn|4\n|\n|t:|1776134245\n|move|p1a: Garchomp|Swords Dance|p1a: Garchomp\n|-boost|p1a: Garchomp|atk|2\n|move|p2a: Rotom|Will-O-Wisp|p1a: Garchomp\n|-status|p1a: Garchomp|brn\n|\n|-damage|p1a: Garchomp|95/100 brn|[from] brn\n|upkeep\n|turn|5\n|\n|t:|1776134254\n|move|p1a: Garchomp|Swords Dance|p1a: Garchomp\n|-boost|p1a: Garchomp|atk|2\n|move|p2a: Rotom|Hydro Pump|p1a: Garchomp\n|-crit|p1a: Garchomp\n|-damage|p1a: Garchomp|28/100 brn\n|-enditem|p1a: Garchomp|Sitrus Berry|[eat]\n|-heal|p1a: Garchomp|52/100 brn|[from] item: Sitrus Berry\n|\n|-damage|p1a: Garchomp|46/100 brn|[from] brn\n|upkeep\n|turn|6\n|\n|t:|1776134266\n|move|p1a: Garchomp|Outrage|p2a: Rotom\n|-damage|p2a: Rotom|32/100\n|-enditem|p2a: Rotom|Sitrus Berry|[eat]\n|-heal|p2a: Rotom|57/100|[from] item: Sitrus Berry\n|move|p2a: Rotom|Hydro Pump|p1a: Garchomp\n|-damage|p1a: Garchomp|4/100 brn\n|\n|-damage|p1a: Garchomp|0 fnt|[from] brn\n|faint|p1a: Garchomp\n|upkeep\n|c|\u2606lawofdeath|crit hurt\n|\n|t:|1776134279\n|switch|p1a: Mimikyu|Mimikyu, L50, F|100/100\n|turn|7\n|\n|t:|1776134303\n|move|p1a: Mimikyu|Wood Hammer|p2a: Rotom\n|-supereffective|p2a: Rotom|1\n|-damage|p2a: Rotom|0 fnt\n|faint|p2a: Rotom\n|-damage|p1a: Mimikyu|79/100|[from] Recoil\n|\n|upkeep\n|\n|t:|1776134312\n|switch|p2a: Garchomp|Garchomp, L50, M|100/100\n|turn|8\n|\n|t:|1776134320\n|move|p2a: Garchomp|Earthquake|p1a: Mimikyu\n|-activate|p1a: Mimikyu|ability: Disguise\n|-damage|p1a: Mimikyu|79/100\n|detailschange|p1a: Mimikyu|Mimikyu-Busted, L50, F\n|-damage|p1a: Mimikyu|66/100|[from] pokemon: Mimikyu-Busted\n|move|p1a: Mimikyu|Play Rough|p2a: Garchomp\n|-supereffective|p2a: Garchomp|1\n|-damage|p2a: Garchomp|25/100\n|-damage|p1a: Mimikyu|54/100|[from] ability: Rough Skin|[of] p2a: Garchomp\n|\n|upkeep\n|turn|9\n|\n|t:|1776134332\n|move|p1a: Mimikyu|Shadow Sneak|p2a: Garchomp\n|-damage|p2a: Garchomp|7/100\n|-damage|p1a: Mimikyu|42/100|[from] ability: Rough Skin|[of] p2a: Garchomp\n|move|p2a: Garchomp|Earthquake|p1a: Mimikyu\n|-damage|p1a: Mimikyu|0 fnt\n|faint|p1a: Mimikyu\n|\n|upkeep\n|\n|t:|1776134338\n|switch|p1a: Corviknight|Corviknight, L50, F|86/100\n|-ability|p1a: Corviknight|Pressure\n|turn|10\n|\n|t:|1776134345\n|move|p2a: Garchomp|Fire Blast|p1a: Corviknight\n|-supereffective|p1a: Corviknight|1\n|-damage|p1a: Corviknight|41/100\n|-status|p1a: Corviknight|brn\n|move|p1a: Corviknight|Brave Bird|p2a: Garchomp\n|-damage|p2a: Garchomp|0 fnt\n|-damage|p1a: Corviknight|29/100 brn|[from] ability: Rough Skin|[of] p2a: Garchomp\n|faint|p2a: Garchomp\n|-damage|p1a: Corviknight|27/100 brn|[from] Recoil\n|\n|-heal|p1a: Corviknight|33/100 brn|[from] item: Leftovers\n|-damage|p1a: Corviknight|27/100 brn|[from] brn\n|upkeep\n|c|\u2606lawofdeath|gee games hate me\n|\n|t:|1776134360\n|switch|p2a: Slowking|Slowking-Galar, L50, M|100/100\n|turn|11\n|\n|t:|1776134363\n|move|p1a: Corviknight|Roost|p1a: Corviknight\n|-heal|p1a: Corviknight|77/100 brn\n|-singleturn|p1a: Corviknight|move: Roost\n|move|p2a: Slowking|Flamethrower|p1a: Corviknight\n|-supereffective|p1a: Corviknight|1\n|-damage|p1a: Corviknight|15/100 brn\n|\n|-heal|p1a: Corviknight|20/100 brn|[from] item: Leftovers\n|-damage|p1a: Corviknight|15/100 brn|[from] brn\n|upkeep\n|turn|12\n|\n|t:|1776134374\n|move|p1a: Corviknight|Roost|p1a: Corviknight\n|-heal|p1a: Corviknight|65/100 brn\n|-singleturn|p1a: Corviknight|move: Roost\n|move|p2a: Slowking|Flamethrower|p1a: Corviknight\n|-supereffective|p1a: Corviknight|1\n|-damage|p1a: Corviknight|0 fnt\n|faint|p1a: Corviknight\n|\n|win|darkcapo666\n|raw|lawofdeath's rating: 1026 &rarr; <strong>1016</strong><br />(-10 for losing)\n|raw|darkcapo666's rating: 1129 &rarr; <strong>1147</strong><br />(+18 for winning)\n",
  "uploadtime": 1776134381,
  "views": 5,
  "formatid": "gen9championsbssregma",
  "rating": 1016,
  "private": 0,
  "password": null
}