{
  "id": "gen9championsbssregma-2583102538",
  "format": "[Gen 9 Champions] BSS Reg M-A",
  "players": [
    "Allbiz",
    "BJZJS"
  ],
  "log": "|j|\u2606Allbiz\n|j|\u2606BJZJS\n|t:|1776142260\n|gametype|singles\n|player|p1|Allbiz|blue|1284\n|player|p2|BJZJS|2|1402\n|gen|9\n|tier|[Gen 9 Champions] BSS Reg M-A\n|rated|\n|rule|Species Clause: Limit one of each Pok\u00e9mon\n|rule|Item Clause: Limit 1 of each item\n|clearpoke\n|poke|p1|Garchomp, L50, M|\n|poke|p1|Floette-Eternal, L50, F|\n|poke|p1|Polteageist, L50|\n|poke|p1|Clefable, L50, M|\n|poke|p1|Archaludon, L50, M|\n|poke|p1|Delphox, L50, F|\n|poke|p2|Floette-Eternal, L50, F|\n|poke|p2|Sneasler, L50, M|\n|poke|p2|Gyarados, L50, F|\n|poke|p2|Archaludon, L50, F|\n|poke|p2|Rotom-Heat, L50|\n|poke|p2|Mimikyu, L50, F|\n|teampreview|3\n|inactive|Battle timer is ON: inactive players will automatically lose when time's up. (requested by BJZJS)\n|\n|t:|1776142333\n|teamsize|p1|3\n|teamsize|p2|3\n|start\n|switch|p1a: Archaludon|Archaludon, L50, M, shiny|100/100\n|switch|p2a: Sneasler|Sneasler, L50, M|100/100\n|turn|1\n|j| p74\n|\n|t:|1776142342\n|move|p2a: Sneasler|Taunt|p1a: Archaludon\n|-start|p1a: Archaludon|move: Taunt\n|cant|p1a: Archaludon|move: Taunt|Thunder Wave\n|\n|upkeep\n|turn|2\n|\n|t:|1776142349\n|move|p2a: Sneasler|Fling|p1a: Archaludon\n|-damage|p1a: Archaludon|92/100\n|-status|p1a: Archaludon|par\n|-ability|p1a: Archaludon|Stamina|boost\n|-boost|p1a: Archaludon|def|1\n|-enditem|p2a: Sneasler|Light Ball|[from] move: Fling\n|move|p1a: Archaludon|Dragon Tail|p2a: Sneasler\n|-damage|p2a: Sneasler|67/100\n|drag|p2a: Archaludon|Archaludon, L50, F|100/100\n|\n|upkeep\n|turn|3\n|\n|t:|1776142362\n|move|p2a: Archaludon|Draco Meteor|p1a: Archaludon\n|-damage|p1a: Archaludon|20/100 par\n|-unboost|p2a: Archaludon|spa|2\n|-ability|p1a: Archaludon|Stamina|boost\n|-boost|p1a: Archaludon|def|1\n|-enditem|p1a: Archaludon|Sitrus Berry|[eat]\n|-heal|p1a: Archaludon|45/100 par|[from] item: Sitrus Berry\n|move|p1a: Archaludon|Dragon Tail|p2a: Archaludon|[miss]\n|-miss|p1a: Archaludon|p2a: Archaludon\n|\n|-end|p1a: Archaludon|move: Taunt\n|upkeep\n|turn|4\n|\n|t:|1776142392\n|switch|p2a: Sneasler|Sneasler, L50, M|67/100\n|cant|p1a: Archaludon|par\n|\n|upkeep\n|turn|5\n|\n|t:|1776142401\n|move|p2a: Sneasler|Taunt|p1a: Archaludon\n|-start|p1a: Archaludon|move: Taunt\n|move|p1a: Archaludon|Flash Cannon|p2a: Sneasler\n|-damage|p2a: Sneasler|24/100\n|\n|upkeep\n|turn|6\n|\n|t:|1776142408\n|move|p2a: Sneasler|Close Combat|p1a: Archaludon\n|-supereffective|p1a: Archaludon|1\n|-damage|p1a: Archaludon|0 fnt\n|-unboost|p2a: Sneasler|def|1\n|-unboost|p2a: Sneasler|spd|1\n|faint|p1a: Archaludon\n|\n|upkeep\n|\n|t:|1776142417\n|switch|p1a: Polteageist|Polteageist, L50|100/100\n|turn|7\n|\n|t:|1776142422\n|move|p2a: Sneasler|Taunt|p1a: Polteageist\n|-start|p1a: Polteageist|move: Taunt\n|cant|p1a: Polteageist|move: Taunt|Shell Smash\n|\n|upkeep\n|turn|8\n|\n|t:|1776142432\n|move|p2a: Sneasler|Dire Claw|p1a: Polteageist\n|-resisted|p1a: Polteageist|1\n|-damage|p1a: Polteageist|60/100\n|-ability|p1a: Polteageist|Weak Armor|boost\n|-unboost|p1a: Polteageist|def|1\n|-boost|p1a: Polteageist|spe|2\n|move|p1a: Polteageist|Shadow Ball|p2a: Sneasler\n|-damage|p2a: Sneasler|0 fnt\n|faint|p2a: Sneasler\n|\n|upkeep\n|\n|t:|1776142436\n|switch|p2a: Floette|Floette-Eternal, L50, F|100/100\n|turn|9\n|\n|t:|1776142447\n|switch|p1a: Delphox|Delphox, L50, F|100/100\n|detailschange|p2a: Floette|Floette-Mega, L50, F\n|-mega|p2a: Floette|Floette|Floettite\n|-ability|p2a: Floette|Fairy Aura\n|move|p2a: Floette|Light of Ruin|p1a: Delphox\n|-resisted|p1a: Delphox|1\n|-damage|p1a: Delphox|35/100\n|-damage|p2a: Floette|72/100|[from] Recoil\n|\n|upkeep\n|turn|10\n|\n|t:|1776142462\n|switch|p1a: Polteageist|Polteageist, L50|60/100\n|move|p2a: Floette|Synthesis|p2a: Floette\n|-heal|p2a: Floette|100/100\n|\n|upkeep\n|turn|11\n|\n|t:|1776142474\n|move|p2a: Floette|Light of Ruin|p1a: Polteageist\n|-damage|p1a: Polteageist|0 fnt\n|faint|p1a: Polteageist\n|-damage|p2a: Floette|77/100|[from] Recoil\n|\n|upkeep\n|\n|t:|1776142479\n|switch|p1a: Delphox|Delphox, L50, F|35/100\n|turn|12\n|\n|t:|1776142487\n|detailschange|p1a: Delphox|Delphox-Mega, L50, F\n|-mega|p1a: Delphox|Delphox|Delphoxite\n|move|p1a: Delphox|Encore|p2a: Floette\n|-start|p2a: Floette|Encore\n|move|p2a: Floette|Light of Ruin|p1a: Delphox\n|-resisted|p1a: Delphox|1\n|-damage|p1a: Delphox|0 fnt\n|faint|p1a: Delphox\n|-damage|p2a: Floette|62/100|[from] Recoil\n|\n|win|BJZJS\n|raw|Allbiz's rating: 1284 &rarr; <strong>1267</strong><br />(-17 for losing)\n|raw|BJZJS's rating: 1402 &rarr; <strong>1415</strong><br />(+13 for winning)\n|l|\u2606Allbiz\n|player|p1|\n|l|\u2606BJZJS\n|player|p2|\n",
  "uploadtime": 1776142899,
  "views": 2,
  "formatid": "gen9championsbssregma",
  "rating": 1267,
  "private": 0,
  "password": null
}