{
  "id": "gen9championsbssregma-2582127915",
  "format": "[Gen 9 Champions] BSS Reg M-A",
  "players": [
    "Lqndon612",
    "tklll"
  ],
  "log": "|j|\u2606Lqndon612\n|j|\u2606tklll\n|t:|1776061561\n|gametype|singles\n|player|p1|Lqndon612|266|1154\n|player|p2|tklll|dragontamer|1125\n|gen|9\n|tier|[Gen 9 Champions] BSS Reg M-A\n|rated|\n|rule|Species Clause: Limit one of each Pok\u00e9mon\n|rule|Item Clause: Limit 1 of each item\n|clearpoke\n|poke|p1|Corviknight, L50, M|\n|poke|p1|Glalie, L50, M|\n|poke|p1|Lucario, L50, M|\n|poke|p1|Gengar, L50, F|\n|poke|p1|Snorlax, L50, F|\n|poke|p1|Hydrapple, L50, M|\n|poke|p2|Scizor, L50, F|\n|poke|p2|Meganium, L50, F|\n|poke|p2|Pelipper, L50, M|\n|poke|p2|Tyranitar, L50, F|\n|poke|p2|Archaludon, L50, M|\n|poke|p2|Espathra, L50, F|\n|teampreview|3\n|j| p74\n|inactive|Battle timer is ON: inactive players will automatically lose when time's up. (requested by Lqndon612)\n|inactive|tklll has 60 seconds left.\n|\n|t:|1776061635\n|teamsize|p1|3\n|teamsize|p2|3\n|start\n|switch|p1a: Snorlax|Snorlax, L50, F|100/100\n|switch|p2a: Scizor|Scizor, L50, F|100/100\n|turn|1\n|\n|t:|1776061655\n|detailschange|p2a: Scizor|Scizor-Mega, L50, F\n|-mega|p2a: Scizor|Scizor|Scizorite\n|move|p2a: Scizor|Knock Off|p1a: Snorlax\n|-damage|p1a: Snorlax|70/100\n|-enditem|p1a: Snorlax|Chesto Berry|[from] move: Knock Off|[of] p2a: Scizor\n|move|p1a: Snorlax|Yawn|p2a: Scizor\n|-start|p2a: Scizor|move: Yawn|[of] p1a: Snorlax\n|\n|upkeep\n|turn|2\n|\n|t:|1776061663\n|switch|p2a: Pelipper|Pelipper, L50, M|100/100\n|-weather|RainDance|[from] ability: Drizzle|[of] p2a: Pelipper\n|move|p1a: Snorlax|Fissure|p2a: Pelipper\n|-immune|p2a: Pelipper\n|\n|-weather|RainDance|[upkeep]\n|upkeep\n|turn|3\n|\n|t:|1776061676\n|move|p2a: Pelipper|Tailwind|p2a: Pelipper\n|-sidestart|p2: tklll|move: Tailwind\n|move|p1a: Snorlax|Yawn|p2a: Pelipper\n|-start|p2a: Pelipper|move: Yawn|[of] p1a: Snorlax\n|\n|-weather|RainDance|[upkeep]\n|upkeep\n|turn|4\n|\n|t:|1776061681\n|move|p2a: Pelipper|U-turn|p1a: Snorlax\n|-damage|p1a: Snorlax|63/100\n|\n|t:|1776061684\n|switch|p2a: Archaludon|Archaludon, L50, M|100/100|[from] U-turn\n|move|p1a: Snorlax|Rest|p1a: Snorlax\n|-status|p1a: Snorlax|slp|[from] move: Rest\n|-heal|p1a: Snorlax|100/100 slp|[silent]\n|\n|-weather|RainDance|[upkeep]\n|upkeep\n|turn|5\n|\n|t:|1776061692\n|switch|p1a: Gengar|Gengar, L50, F|100/100\n|move|p2a: Archaludon|Electro Shot||[still]\n|-prepare|p2a: Archaludon|Electro Shot\n|-boost|p2a: Archaludon|spa|1\n|-anim|p2a: Archaludon|Electro Shot|p1a: Gengar\n|-damage|p1a: Gengar|0 fnt\n|faint|p1a: Gengar\n|\n|-weather|RainDance|[upkeep]\n|upkeep\n|\n|t:|1776061697\n|switch|p1a: Snorlax|Snorlax, L50, F|100/100 slp\n|turn|6\n|\n|t:|1776061703\n|move|p2a: Archaludon|Electro Shot||[still]\n|-prepare|p2a: Archaludon|Electro Shot\n|-boost|p2a: Archaludon|spa|1\n|-anim|p2a: Archaludon|Electro Shot|p1a: Snorlax\n|-damage|p1a: Snorlax|45/100 slp\n|cant|p1a: Snorlax|slp\n|\n|-weather|none\n|-sideend|p2: tklll|move: Tailwind\n|upkeep\n|turn|7\n|\n|t:|1776061712\n|switch|p1a: Corviknight|Corviknight, L50, M|100/100\n|-ability|p1a: Corviknight|Pressure\n|move|p2a: Archaludon|Aura Sphere|p1a: Corviknight\n|-damage|p1a: Corviknight|52/100\n|\n|-heal|p1a: Corviknight|58/100|[from] item: Leftovers\n|upkeep\n|turn|8\n|\n|t:|1776061721\n|move|p2a: Archaludon|Electro Shot||[still]\n|-prepare|p2a: Archaludon|Electro Shot\n|-boost|p2a: Archaludon|spa|1\n|move|p1a: Corviknight|Roost|p1a: Corviknight\n|-heal|p1a: Corviknight|100/100\n|-singleturn|p1a: Corviknight|move: Roost\n|\n|upkeep\n|turn|9\n|\n|t:|1776061729\n|move|p1a: Corviknight|Protect|p1a: Corviknight\n|-singleturn|p1a: Corviknight|Protect\n|move|p2a: Archaludon|Electro Shot|p1a: Corviknight|[from] lockedmove\n|-activate|p1a: Corviknight|move: Protect\n|\n|upkeep\n|turn|10\n|\n|t:|1776061738\n|move|p2a: Archaludon|Electro Shot||[still]\n|-prepare|p2a: Archaludon|Electro Shot\n|-boost|p2a: Archaludon|spa|1\n|move|p1a: Corviknight|Substitute|p1a: Corviknight\n|-start|p1a: Corviknight|Substitute\n|-damage|p1a: Corviknight|76/100\n|\n|-heal|p1a: Corviknight|82/100|[from] item: Leftovers\n|upkeep\n|turn|11\n|\n|t:|1776061746\n|move|p1a: Corviknight|Protect|p1a: Corviknight\n|-singleturn|p1a: Corviknight|Protect\n|move|p2a: Archaludon|Electro Shot|p1a: Corviknight|[from] lockedmove\n|-activate|p1a: Corviknight|move: Protect\n|\n|-heal|p1a: Corviknight|87/100|[from] item: Leftovers\n|upkeep\n|turn|12\n|\n|t:|1776061756\n|move|p2a: Archaludon|Flash Cannon|p1a: Corviknight\n|-resisted|p1a: Corviknight|1\n|-end|p1a: Corviknight|Substitute\n|move|p1a: Corviknight|Fly||[still]\n|-prepare|p1a: Corviknight|Fly\n|\n|-heal|p1a: Corviknight|93/100|[from] item: Leftovers\n|upkeep\n|turn|13\n|\n|t:|1776061773\n|move|p2a: Archaludon|Electro Shot||[still]\n|-prepare|p2a: Archaludon|Electro Shot\n|-boost|p2a: Archaludon|spa|1\n|move|p1a: Corviknight|Fly|p2a: Archaludon|[from] lockedmove\n|-resisted|p2a: Archaludon|1\n|-damage|p2a: Archaludon|90/100\n|-ability|p2a: Archaludon|Stamina|boost\n|-boost|p2a: Archaludon|def|1\n|\n|-heal|p2a: Archaludon|95/100|[from] item: Leftovers\n|-heal|p1a: Corviknight|99/100|[from] item: Leftovers\n|upkeep\n|turn|14\n|\n|t:|1776061783\n|move|p1a: Corviknight|Protect|p1a: Corviknight\n|-singleturn|p1a: Corviknight|Protect\n|move|p2a: Archaludon|Electro Shot|p1a: Corviknight|[from] lockedmove\n|-activate|p1a: Corviknight|move: Protect\n|\n|-heal|p2a: Archaludon|100/100|[from] item: Leftovers\n|-heal|p1a: Corviknight|100/100|[from] item: Leftovers\n|upkeep\n|turn|15\n|\n|t:|1776061792\n|move|p2a: Archaludon|Aura Sphere|p1a: Corviknight\n|-damage|p1a: Corviknight|20/100\n|move|p1a: Corviknight|Substitute|p1a: Corviknight\n|-fail|p1a: Corviknight|move: Substitute|[weak]\n|\n|-heal|p1a: Corviknight|26/100|[from] item: Leftovers\n|upkeep\n|turn|16\n|-message|Lqndon612 forfeited.\n|\n|win|tklll\n|raw|Lqndon612's rating: 1154 &rarr; <strong>1127</strong><br />(-27 for losing)\n|raw|tklll's rating: 1125 &rarr; <strong>1152</strong><br />(+27 for winning)\n|l|\u2606Lqndon612\n|player|p1|\n|l|\u2606tklll\n|player|p2|\n",
  "uploadtime": 1776061883,
  "views": 3,
  "formatid": "gen9championsbssregma",
  "rating": 1127,
  "private": 0,
  "password": null
}