{
  "id": "gen9championsbssregma-2580682847",
  "format": "[Gen 9 Champions] BSS Reg M-A",
  "players": [
    "Ssul",
    "rhoa776"
  ],
  "log": "|j|\u2606Ssul\n|j|\u2606rhoa776\n|t:|1775923950\n|gametype|singles\n|player|p1|Ssul|102|1171\n|player|p2|rhoa776|265|1079\n|gen|9\n|tier|[Gen 9 Champions] BSS Reg M-A\n|rated|\n|rule|Species Clause: Limit one of each Pok\u00e9mon\n|rule|Item Clause: Limit 1 of each item\n|clearpoke\n|poke|p1|Corviknight, L50, F|\n|poke|p1|Garchomp, L50, F|\n|poke|p1|Hydreigon, L50, F|\n|poke|p1|Lopunny, L50, M|\n|poke|p1|Delphox, L50, F|\n|poke|p1|Mimikyu, L50, F|\n|poke|p2|Lopunny, L50, F|\n|poke|p2|Milotic, L50, M|\n|poke|p2|Hydreigon, L50, F|\n|poke|p2|Ceruledge, L50, F|\n|poke|p2|Sinistcha, L50|\n|poke|p2|Scizor, L50, M|\n|teampreview|3\n|inactive|Battle timer is ON: inactive players will automatically lose when time's up. (requested by Ssul)\n|inactive|Ssul has 60 seconds left.\n|inactive|rhoa776 has 60 seconds left.\n|\n|t:|1775923991\n|teamsize|p1|3\n|teamsize|p2|3\n|start\n|switch|p1a: Lopunny|Lopunny, L50, M|100/100\n|switch|p2a: Milotic|Milotic, L50, M|100/100\n|turn|1\n|\n|t:|1775923999\n|detailschange|p1a: Lopunny|Lopunny-Mega, L50, M\n|-mega|p1a: Lopunny|Lopunny|Lopunnite\n|move|p1a: Lopunny|Fake Out|p2a: Milotic\n|-damage|p2a: Milotic|84/100\n|cant|p2a: Milotic|flinch\n|\n|upkeep\n|turn|2\n|\n|t:|1775924005\n|move|p1a: Lopunny|U-turn|p2a: Milotic\n|-damage|p2a: Milotic|65/100\n|\n|t:|1775924009\n|switch|p1a: Hydreigon|Hydreigon, L50, F|100/100|[from] U-turn\n|move|p2a: Milotic|Flip Turn|p1a: Hydreigon\n|-resisted|p1a: Hydreigon|1\n|-damage|p1a: Hydreigon|93/100\n|\n|t:|1775924021\n|switch|p2a: Hydreigon|Hydreigon, L50, F|100/100|[from] Flip Turn\n|\n|upkeep\n|turn|3\n|\n|t:|1775924028\n|switch|p1a: Corviknight|Corviknight, L50, F|100/100\n|-ability|p1a: Corviknight|Pressure\n|move|p2a: Hydreigon|Draco Meteor|p1a: Corviknight\n|-resisted|p1a: Corviknight|1\n|-damage|p1a: Corviknight|70/100\n|-unboost|p2a: Hydreigon|spa|2\n|\n|-heal|p1a: Corviknight|76/100|[from] item: Leftovers\n|upkeep\n|turn|4\n|\n|t:|1775924036\n|switch|p2a: Ceruledge|Ceruledge, L50, F|100/100\n|switch|p1a: Lopunny|Lopunny-Mega, L50, M|100/100\n|\n|upkeep\n|turn|5\n|\n|t:|1775924049\n|switch|p2a: Milotic|Milotic, L50, M|65/100\n|move|p1a: Lopunny|Fake Out|p2a: Milotic\n|-damage|p2a: Milotic|49/100\n|-enditem|p2a: Milotic|Sitrus Berry|[eat]\n|-heal|p2a: Milotic|73/100|[from] item: Sitrus Berry\n|\n|upkeep\n|turn|6\n|\n|t:|1775924065\n|move|p1a: Lopunny|U-turn|p2a: Milotic\n|-damage|p2a: Milotic|55/100\n|\n|t:|1775924067\n|switch|p1a: Hydreigon|Hydreigon, L50, F|93/100|[from] U-turn\n|move|p2a: Milotic|Scald|p1a: Hydreigon\n|-resisted|p1a: Hydreigon|1\n|-crit|p1a: Hydreigon\n|-damage|p1a: Hydreigon|70/100\n|\n|upkeep\n|turn|7\n|\n|t:|1775924081\n|move|p1a: Hydreigon|Draco Meteor|p2a: Milotic\n|-damage|p2a: Milotic|5/100\n|-unboost|p1a: Hydreigon|spa|2\n|move|p2a: Milotic|Ice Beam|p1a: Hydreigon\n|-supereffective|p1a: Hydreigon|1\n|-crit|p1a: Hydreigon\n|-damage|p1a: Hydreigon|0 fnt\n|faint|p1a: Hydreigon\n|\n|upkeep\n|\n|t:|1775924089\n|switch|p1a: Lopunny|Lopunny-Mega, L50, M|100/100\n|turn|8\n|\n|t:|1775924104\n|move|p1a: Lopunny|Fake Out|p2a: Milotic\n|-damage|p2a: Milotic|0 fnt\n|faint|p2a: Milotic\n|\n|upkeep\n|\n|t:|1775924107\n|switch|p2a: Ceruledge|Ceruledge, L50, F|100/100\n|turn|9\n|\n|t:|1775924115\n|move|p1a: Lopunny|U-turn|p2a: Ceruledge\n|-resisted|p2a: Ceruledge|2\n|-crit|p2a: Ceruledge\n|-damage|p2a: Ceruledge|88/100\n|-ability|p2a: Ceruledge|Weak Armor|boost\n|-unboost|p2a: Ceruledge|def|1\n|-boost|p2a: Ceruledge|spe|2\n|\n|t:|1775924121\n|switch|p1a: Corviknight|Corviknight, L50, F|76/100|[from] U-turn\n|-ability|p1a: Corviknight|Pressure\n|move|p2a: Ceruledge|Swords Dance|p2a: Ceruledge\n|-boost|p2a: Ceruledge|atk|2\n|\n|-heal|p1a: Corviknight|81/100|[from] item: Leftovers\n|upkeep\n|turn|10\n|\n|t:|1775924143\n|move|p2a: Ceruledge|Bitter Blade|p1a: Corviknight\n|-supereffective|p1a: Corviknight|1\n|-damage|p1a: Corviknight|0 fnt\n|-heal|p2a: Ceruledge|100/100|[from] drain|[of] p1a: Corviknight\n|faint|p1a: Corviknight\n|\n|upkeep\n|\n|t:|1775924146\n|switch|p1a: Lopunny|Lopunny-Mega, L50, M|100/100\n|turn|11\n|\n|t:|1775924149\n|move|p1a: Lopunny|Fake Out|p2a: Ceruledge\n|-damage|p2a: Ceruledge|56/100\n|-ability|p2a: Ceruledge|Weak Armor|boost\n|-unboost|p2a: Ceruledge|def|1\n|-boost|p2a: Ceruledge|spe|2\n|cant|p2a: Ceruledge|flinch\n|\n|upkeep\n|turn|12\n|\n|t:|1775924153\n|move|p2a: Ceruledge|Bitter Blade|p1a: Lopunny\n|-damage|p1a: Lopunny|0 fnt\n|-heal|p2a: Ceruledge|100/100|[from] drain|[of] p1a: Lopunny\n|faint|p1a: Lopunny\n|\n|win|rhoa776\n|raw|Ssul's rating: 1171 &rarr; <strong>1140</strong><br />(-31 for losing)\n|raw|rhoa776's rating: 1079 &rarr; <strong>1114</strong><br />(+35 for winning)\n|l|\u2606Ssul\n|player|p1|\n",
  "uploadtime": 1775924162,
  "views": 17,
  "formatid": "gen9championsbssregma",
  "rating": 1114,
  "private": 0,
  "password": null
}