{
  "id": "gen9championsbssregma-2586023202",
  "format": "[Gen 9 Champions] BSS Reg M-A",
  "players": [
    "Danny3over",
    "yoyotaka"
  ],
  "log": "|j|\u2606Danny3over\n|j|\u2606yoyotaka\n|t:|1776391213\n|gametype|singles\n|player|p1|Danny3over|twins-gen4dp|1388\n|player|p2|yoyotaka|265|1383\n|gen|9\n|tier|[Gen 9 Champions] BSS Reg M-A\n|rated|\n|rule|Species Clause: Limit one of each Pok\u00e9mon\n|rule|Item Clause: Limit 1 of each item\n|clearpoke\n|poke|p1|Starmie, L50|\n|poke|p1|Hydreigon, L50, M|\n|poke|p1|Corviknight, L50, F|\n|poke|p1|Kingambit, L50, M|\n|poke|p1|Hippowdon, L50, F|\n|poke|p1|Sneasler, L50, F|\n|poke|p2|Floette-Eternal, L50, F|\n|poke|p2|Excadrill, L50, F|\n|poke|p2|Espathra, L50, M|\n|poke|p2|Basculegion, L50, M|\n|poke|p2|Dragonite, L50, F|\n|poke|p2|Hydreigon, L50, F|\n|teampreview|3\n|\n|t:|1776391260\n|teamsize|p1|3\n|teamsize|p2|3\n|start\n|switch|p1a: Starmie|Starmie, L50|100/100\n|switch|p2a: Hydreigon|Hydreigon, L50, F|100/100\n|turn|1\n|\n|t:|1776391270\n|switch|p1a: Hydreigon|Hydreigon, L50, M|100/100\n|move|p2a: Hydreigon|Dark Pulse|p1a: Hydreigon\n|-resisted|p1a: Hydreigon|1\n|-damage|p1a: Hydreigon|77/100\n|\n|upkeep\n|turn|2\n|\n|t:|1776391277\n|move|p1a: Hydreigon|U-turn|p2a: Hydreigon\n|-supereffective|p2a: Hydreigon|1\n|-damage|p2a: Hydreigon|67/100\n|\n|t:|1776391281\n|switch|p1a: Corviknight|Corviknight, L50, F|100/100|[from] U-turn\n|-ability|p1a: Corviknight|Pressure\n|move|p2a: Hydreigon|Dark Pulse|p1a: Corviknight\n|-damage|p1a: Corviknight|66/100\n|\n|-heal|p1a: Corviknight|72/100|[from] item: Leftovers\n|upkeep\n|turn|3\n|\n|t:|1776391293\n|move|p2a: Hydreigon|Dark Pulse|p1a: Corviknight\n|-damage|p1a: Corviknight|40/100\n|move|p1a: Corviknight|U-turn|p2a: Hydreigon\n|-supereffective|p2a: Hydreigon|1\n|-damage|p2a: Hydreigon|32/100\n|\n|t:|1776391299\n|switch|p1a: Hydreigon|Hydreigon, L50, M|77/100|[from] U-turn\n|\n|upkeep\n|turn|4\n|\n|t:|1776391306\n|move|p1a: Hydreigon|U-turn|p2a: Hydreigon\n|-supereffective|p2a: Hydreigon|1\n|-crit|p2a: Hydreigon\n|-damage|p2a: Hydreigon|0 fnt\n|faint|p2a: Hydreigon\n|\n|t:|1776391309\n|switch|p1a: Starmie|Starmie, L50|100/100|[from] U-turn\n|\n|upkeep\n|\n|t:|1776391315\n|switch|p2a: Espathra|Espathra, L50, M|100/100\n|turn|5\n|\n|t:|1776391319\n|detailschange|p1a: Starmie|Starmie-Mega, L50\n|-mega|p1a: Starmie|Starmie|Starminite\n|move|p2a: Espathra|Protect|p2a: Espathra\n|-singleturn|p2a: Espathra|Protect\n|move|p1a: Starmie|Liquidation|p2a: Espathra\n|-activate|p2a: Espathra|move: Protect\n|\n|-ability|p2a: Espathra|Speed Boost|boost\n|-boost|p2a: Espathra|spe|1\n|upkeep\n|turn|6\n|\n|t:|1776391329\n|move|p2a: Espathra|Calm Mind|p2a: Espathra\n|-boost|p2a: Espathra|spa|1\n|-boost|p2a: Espathra|spd|1\n|move|p1a: Starmie|Liquidation|p2a: Espathra\n|-damage|p2a: Espathra|24/100\n|-enditem|p2a: Espathra|Sitrus Berry|[eat]\n|-heal|p2a: Espathra|49/100|[from] item: Sitrus Berry\n|\n|-ability|p2a: Espathra|Speed Boost|boost\n|-boost|p2a: Espathra|spe|1\n|upkeep\n|turn|7\n|\n|t:|1776391344\n|move|p2a: Espathra|Baton Pass|p2a: Espathra\n|\n|t:|1776391345\n|switch|p2a: Floette|Floette-Eternal, L50, F|100/100|[from] Baton Pass\n|move|p1a: Starmie|Liquidation|p2a: Floette\n|-damage|p2a: Floette|24/100\n|\n|upkeep\n|turn|8\n|\n|t:|1776391354\n|detailschange|p2a: Floette|Floette-Mega, L50, F\n|-mega|p2a: Floette|Floette|Floettite\n|-ability|p2a: Floette|Fairy Aura\n|move|p1a: Starmie|Aqua Jet|p2a: Floette\n|-damage|p2a: Floette|0 fnt\n|faint|p2a: Floette\n|\n|upkeep\n|-message|yoyotaka forfeited.\n|\n|win|Danny3over\n|raw|Danny3over's rating: 1388 &rarr; <strong>1408</strong><br />(+20 for winning)\n|raw|yoyotaka's rating: 1383 &rarr; <strong>1363</strong><br />(-20 for losing)\n|l|\u2606yoyotaka\n|player|p2|\n|l|\u2606Danny3over\n|player|p1|\n",
  "uploadtime": 1776391407,
  "views": 9,
  "formatid": "gen9championsbssregma",
  "rating": 1363,
  "private": 0,
  "password": null
}