{
  "id": "gen9championsbssregma-2583165317",
  "format": "[Gen 9 Champions] BSS Reg M-A",
  "players": [
    "Mr.Ohkido",
    "kerom.pk"
  ],
  "log": "|j|\u203dMr.Ohkido\n|j|\u203dkerom.pk\n|t:|1776149962\n|gametype|singles\n|player|p1|Mr.Ohkido|2|1312\n|player|p2|kerom.pk|170|1288\n|gen|9\n|tier|[Gen 9 Champions] BSS Reg M-A\n|rated|\n|rule|Species Clause: Limit one of each Pok\u00e9mon\n|rule|Item Clause: Limit 1 of each item\n|clearpoke\n|poke|p1|Corviknight, L50, F|\n|poke|p1|Bellibolt, L50, F|\n|poke|p1|Garchomp, L50, F|\n|poke|p1|Slowbro, L50, M|\n|poke|p1|Gengar, L50, F|\n|poke|p1|Meowscarada, L50, F|\n|poke|p2|Garchomp, L50, F|\n|poke|p2|Gengar, L50, F|\n|poke|p2|Umbreon, L50, M|\n|poke|p2|Clefable, L50, F|\n|poke|p2|Venusaur, L50, F|\n|poke|p2|Arcanine, L50, M|\n|teampreview|3\n|inactive|Battle timer is ON: inactive players will automatically lose when time's up. (requested by kerom.pk)\n|inactive|Mr.Ohkido has 60 seconds left.\n|\n|t:|1776150017\n|teamsize|p1|3\n|teamsize|p2|3\n|start\n|switch|p1a: Corviknight|Corviknight, L50, F|100/100\n|switch|p2a: Venusaur|Venusaur, L50, F|100/100\n|-ability|p1a: Corviknight|Pressure\n|turn|1\n|\n|t:|1776150028\n|detailschange|p2a: Venusaur|Venusaur-Mega, L50, F\n|-mega|p2a: Venusaur|Venusaur|Venusaurite\n|move|p2a: Venusaur|Energy Ball|p1a: Corviknight\n|-resisted|p1a: Corviknight|2\n|-damage|p1a: Corviknight|92/100\n|move|p1a: Corviknight|U-turn|p2a: Venusaur\n|-damage|p2a: Venusaur|89/100\n|\n|t:|1776150035\n|switch|p1a: Gengar|Gengar, L50, F|100/100|[from] U-turn\n|\n|upkeep\n|turn|2\n|\n|t:|1776150041\n|detailschange|p1a: Gengar|Gengar-Mega, L50, F\n|-mega|p1a: Gengar|Gengar|Gengarite\n|move|p1a: Gengar|Perish Song|p1a: Gengar\n|-start|p1a: Gengar|perish3|[silent]\n|-start|p2a: Venusaur|perish3|[silent]\n|-fieldactivate|move: Perish Song\n|move|p2a: Venusaur|Earth Power|p1a: Gengar\n|-supereffective|p1a: Gengar|1\n|-damage|p1a: Gengar|47/100\n|\n|-start|p1a: Gengar|perish3\n|-start|p2a: Venusaur|perish3\n|upkeep\n|turn|3\n|\n|t:|1776150054\n|move|p1a: Gengar|Protect|p1a: Gengar\n|-singleturn|p1a: Gengar|Protect\n|move|p2a: Venusaur|Energy Ball|p1a: Gengar\n|-activate|p1a: Gengar|move: Protect\n|\n|-start|p1a: Gengar|perish2\n|-start|p2a: Venusaur|perish2\n|upkeep\n|turn|4\n|\n|t:|1776150069\n|switch|p1a: Corviknight|Corviknight, L50, F|92/100\n|-ability|p1a: Corviknight|Pressure\n|move|p2a: Venusaur|Earth Power|p1a: Corviknight\n|-immune|p1a: Corviknight\n|\n|-heal|p1a: Corviknight|98/100|[from] item: Leftovers\n|-start|p2a: Venusaur|perish1\n|upkeep\n|turn|5\n|\n|t:|1776150081\n|switch|p2a: Umbreon|Umbreon, L50, M|100/100\n|move|p1a: Corviknight|Iron Defense|p1a: Corviknight\n|-boost|p1a: Corviknight|def|2\n|\n|-heal|p1a: Corviknight|100/100|[from] item: Leftovers\n|upkeep\n|turn|6\n|\n|t:|1776150089\n|move|p1a: Corviknight|Body Press|p2a: Umbreon\n|-supereffective|p2a: Umbreon|1\n|-damage|p2a: Umbreon|41/100\n|move|p2a: Umbreon|Yawn|p1a: Corviknight\n|-start|p1a: Corviknight|move: Yawn|[of] p2a: Umbreon\n|\n|-heal|p2a: Umbreon|47/100|[from] item: Leftovers\n|upkeep\n|turn|7\n|\n|t:|1776150101\n|move|p1a: Corviknight|Iron Defense|p1a: Corviknight\n|-boost|p1a: Corviknight|def|2\n|move|p2a: Umbreon|Wish|p2a: Umbreon\n|\n|-heal|p2a: Umbreon|53/100|[from] item: Leftovers\n|-end|p1a: Corviknight|move: Yawn|[silent]\n|-status|p1a: Corviknight|slp\n|upkeep\n|turn|8\n|\n|t:|1776150109\n|move|p2a: Umbreon|Protect|p2a: Umbreon\n|-singleturn|p2a: Umbreon|Protect\n|cant|p1a: Corviknight|slp\n|\n|-heal|p2a: Umbreon|100/100|[from] move: Wish|[wisher] Umbreon\n|upkeep\n|turn|9\n|\n|t:|1776150117\n|-curestatus|p1a: Corviknight|slp|[msg]\n|move|p1a: Corviknight|Iron Defense|p1a: Corviknight\n|-boost|p1a: Corviknight|def|2\n|move|p2a: Umbreon|Yawn|p1a: Corviknight\n|-start|p1a: Corviknight|move: Yawn|[of] p2a: Umbreon\n|\n|upkeep\n|turn|10\n|\n|t:|1776150125\n|switch|p2a: Venusaur|Venusaur-Mega, L50, F|89/100\n|move|p1a: Corviknight|Body Press|p2a: Venusaur\n|-resisted|p2a: Venusaur|1\n|-damage|p2a: Venusaur|46/100\n|\n|-end|p1a: Corviknight|move: Yawn|[silent]\n|-status|p1a: Corviknight|slp\n|upkeep\n|turn|11\n|\n|t:|1776150134\n|move|p2a: Venusaur|Energy Ball|p1a: Corviknight\n|-resisted|p1a: Corviknight|2\n|-damage|p1a: Corviknight|92/100 slp\n|cant|p1a: Corviknight|slp\n|\n|-heal|p1a: Corviknight|98/100 slp|[from] item: Leftovers\n|upkeep\n|turn|12\n|\n|t:|1776150142\n|move|p2a: Venusaur|Synthesis|p2a: Venusaur\n|-heal|p2a: Venusaur|96/100\n|cant|p1a: Corviknight|slp\n|\n|-heal|p1a: Corviknight|100/100 slp|[from] item: Leftovers\n|upkeep\n|turn|13\n|\n|t:|1776150150\n|move|p2a: Venusaur|Energy Ball|p1a: Corviknight\n|-resisted|p1a: Corviknight|2\n|-damage|p1a: Corviknight|92/100 slp\n|-curestatus|p1a: Corviknight|slp|[msg]\n|move|p1a: Corviknight|Body Press|p2a: Venusaur\n|-resisted|p2a: Venusaur|1\n|-damage|p2a: Venusaur|54/100\n|\n|-heal|p1a: Corviknight|98/100|[from] item: Leftovers\n|upkeep\n|turn|14\n|\n|t:|1776150162\n|move|p2a: Venusaur|Synthesis|p2a: Venusaur\n|-heal|p2a: Venusaur|100/100\n|move|p1a: Corviknight|Body Press|p2a: Venusaur\n|-resisted|p2a: Venusaur|1\n|-damage|p2a: Venusaur|62/100\n|\n|-heal|p1a: Corviknight|100/100|[from] item: Leftovers\n|upkeep\n|turn|15\n|\n|t:|1776150171\n|move|p2a: Venusaur|Energy Ball|p1a: Corviknight\n|-resisted|p1a: Corviknight|2\n|-damage|p1a: Corviknight|92/100\n|move|p1a: Corviknight|Body Press|p2a: Venusaur\n|-resisted|p2a: Venusaur|1\n|-damage|p2a: Venusaur|23/100\n|\n|-heal|p1a: Corviknight|98/100|[from] item: Leftovers\n|upkeep\n|turn|16\n|\n|t:|1776150188\n|move|p2a: Venusaur|Synthesis|p2a: Venusaur\n|-heal|p2a: Venusaur|73/100\n|move|p1a: Corviknight|Body Press|p2a: Venusaur\n|-resisted|p2a: Venusaur|1\n|-damage|p2a: Venusaur|32/100\n|\n|-heal|p1a: Corviknight|100/100|[from] item: Leftovers\n|upkeep\n|turn|17\n|\n|t:|1776150198\n|move|p2a: Venusaur|Synthesis|p2a: Venusaur\n|-heal|p2a: Venusaur|82/100\n|move|p1a: Corviknight|Body Press|p2a: Venusaur\n|-resisted|p2a: Venusaur|1\n|-damage|p2a: Venusaur|43/100\n|\n|upkeep\n|turn|18\n|\n|t:|1776150205\n|move|p2a: Venusaur|Synthesis|p2a: Venusaur\n|-heal|p2a: Venusaur|93/100\n|move|p1a: Corviknight|Body Press|p2a: Venusaur\n|-resisted|p2a: Venusaur|1\n|-damage|p2a: Venusaur|56/100\n|\n|upkeep\n|turn|19\n|\n|t:|1776150212\n|move|p2a: Venusaur|Sludge Bomb|p1a: Corviknight\n|-immune|p1a: Corviknight\n|move|p1a: Corviknight|Body Press|p2a: Venusaur\n|-resisted|p2a: Venusaur|1\n|-damage|p2a: Venusaur|14/100\n|\n|upkeep\n|turn|20\n|\n|t:|1776150222\n|move|p2a: Venusaur|Synthesis|p2a: Venusaur\n|-heal|p2a: Venusaur|64/100\n|move|p1a: Corviknight|Body Press|p2a: Venusaur\n|-resisted|p2a: Venusaur|1\n|-damage|p2a: Venusaur|22/100\n|\n|upkeep\n|turn|21\n|j| p74\n|\n|t:|1776150229\n|move|p2a: Venusaur|Synthesis|p2a: Venusaur\n|-heal|p2a: Venusaur|72/100\n|move|p1a: Corviknight|Body Press|p2a: Venusaur\n|-resisted|p2a: Venusaur|1\n|-damage|p2a: Venusaur|29/100\n|\n|upkeep\n|turn|22\n|\n|t:|1776150236\n|move|p2a: Venusaur|Synthesis|p2a: Venusaur\n|-heal|p2a: Venusaur|79/100\n|move|p1a: Corviknight|U-turn|p2a: Venusaur\n|-damage|p2a: Venusaur|67/100\n|\n|t:|1776150241\n|switch|p1a: Bellibolt|Bellibolt, L50, F|100/100|[from] U-turn\n|\n|upkeep\n|turn|23\n|\n|t:|1776150251\n|move|p2a: Venusaur|Earth Power|p1a: Bellibolt\n|-supereffective|p1a: Bellibolt|1\n|-damage|p1a: Bellibolt|69/100\n|-start|p1a: Bellibolt|Charge|Earth Power|[from] ability: Electromorphosis\n|move|p1a: Bellibolt|Parabolic Charge|p2a: Venusaur\n|-resisted|p2a: Venusaur|1\n|-damage|p2a: Venusaur|48/100\n|-heal|p1a: Bellibolt|77/100|[from] drain|[of] p2a: Venusaur\n|-end|p1a: Bellibolt|Charge|[silent]\n|\n|upkeep\n|turn|24\n|j| ayame_pk\n|\n|t:|1776150262\n|switch|p2a: Umbreon|Umbreon, L50, M|100/100\n|move|p1a: Bellibolt|Parabolic Charge|p2a: Umbreon\n|-crit|p2a: Umbreon\n|-damage|p2a: Umbreon|73/100\n|-heal|p1a: Bellibolt|90/100|[from] drain|[of] p2a: Umbreon\n|\n|-heal|p2a: Umbreon|79/100|[from] item: Leftovers\n|upkeep\n|turn|25\n|\n|t:|1776150283\n|move|p2a: Umbreon|Wish|p2a: Umbreon\n|move|p1a: Bellibolt|Toxic|p2a: Umbreon\n|-status|p2a: Umbreon|tox\n|\n|-heal|p2a: Umbreon|85/100 tox|[from] item: Leftovers\n|-damage|p2a: Umbreon|79/100 tox|[from] psn\n|upkeep\n|turn|26\n|\n|t:|1776150292\n|switch|p2a: Venusaur|Venusaur-Mega, L50, F|48/100\n|move|p1a: Bellibolt|Volt Switch|p2a: Venusaur\n|-resisted|p2a: Venusaur|1\n|-damage|p2a: Venusaur|38/100\n|\n|t:|1776150297\n|switch|p1a: Corviknight|Corviknight, L50, F|100/100|[from] Volt Switch\n|-ability|p1a: Corviknight|Pressure\n|\n|-heal|p2a: Venusaur|92/100|[from] move: Wish|[wisher] Umbreon\n|upkeep\n|turn|27\n|\n|t:|1776150305\n|switch|p2a: Umbreon|Umbreon, L50, M|79/100 tox\n|move|p1a: Corviknight|U-turn|p2a: Umbreon\n|-supereffective|p2a: Umbreon|1\n|-damage|p2a: Umbreon|62/100 tox\n|\n|t:|1776150310\n|switch|p1a: Bellibolt|Bellibolt, L50, F|90/100|[from] U-turn\n|\n|-heal|p2a: Umbreon|68/100 tox|[from] item: Leftovers\n|-damage|p2a: Umbreon|62/100 tox|[from] psn\n|upkeep\n|turn|28\n|\n|t:|1776150319\n|move|p2a: Umbreon|Wish|p2a: Umbreon\n|move|p1a: Bellibolt|Parabolic Charge|p2a: Umbreon\n|-damage|p2a: Umbreon|43/100 tox\n|-heal|p1a: Bellibolt|99/100|[from] drain|[of] p2a: Umbreon\n|\n|-heal|p2a: Umbreon|49/100 tox|[from] item: Leftovers\n|-damage|p2a: Umbreon|37/100 tox|[from] psn\n|upkeep\n|turn|29\n|\n|t:|1776150329\n|move|p2a: Umbreon|Protect|p2a: Umbreon\n|-singleturn|p2a: Umbreon|Protect\n|move|p1a: Bellibolt|Volt Switch|p2a: Umbreon\n|-activate|p2a: Umbreon|move: Protect\n|\n|-heal|p2a: Umbreon|87/100 tox|[from] move: Wish|[wisher] Umbreon\n|-heal|p2a: Umbreon|93/100 tox|[from] item: Leftovers\n|-damage|p2a: Umbreon|75/100 tox|[from] psn\n|upkeep\n|turn|30\n|\n|t:|1776150347\n|move|p2a: Umbreon|Wish|p2a: Umbreon\n|move|p1a: Bellibolt|Volt Switch|p2a: Umbreon\n|-damage|p2a: Umbreon|54/100 tox\n|\n|t:|1776150351\n|switch|p1a: Corviknight|Corviknight, L50, F|100/100|[from] Volt Switch\n|-ability|p1a: Corviknight|Pressure\n|\n|-heal|p2a: Umbreon|60/100 tox|[from] item: Leftovers\n|-damage|p2a: Umbreon|37/100 tox|[from] psn\n|upkeep\n|turn|31\n|\n|t:|1776150360\n|move|p2a: Umbreon|Protect|p2a: Umbreon\n|-singleturn|p2a: Umbreon|Protect\n|move|p1a: Corviknight|U-turn|p2a: Umbreon\n|-activate|p2a: Umbreon|move: Protect\n|\n|-heal|p2a: Umbreon|87/100 tox|[from] move: Wish|[wisher] Umbreon\n|-heal|p2a: Umbreon|93/100 tox|[from] item: Leftovers\n|-damage|p2a: Umbreon|63/100 tox|[from] psn\n|upkeep\n|turn|32\n|\n|t:|1776150371\n|switch|p2a: Venusaur|Venusaur-Mega, L50, F|92/100\n|move|p1a: Corviknight|U-turn|p2a: Venusaur\n|-damage|p2a: Venusaur|81/100\n|\n|t:|1776150376\n|switch|p1a: Bellibolt|Bellibolt, L50, F|99/100|[from] U-turn\n|\n|upkeep\n|turn|33\n|\n|t:|1776150381\n|move|p2a: Venusaur|Sludge Bomb|p1a: Bellibolt\n|-damage|p1a: Bellibolt|73/100\n|-start|p1a: Bellibolt|Charge|Sludge Bomb|[from] ability: Electromorphosis\n|move|p1a: Bellibolt|Parabolic Charge|p2a: Venusaur\n|-resisted|p2a: Venusaur|1\n|-damage|p2a: Venusaur|63/100\n|-heal|p1a: Bellibolt|81/100|[from] drain|[of] p2a: Venusaur\n|-end|p1a: Bellibolt|Charge|[silent]\n|\n|upkeep\n|turn|34\n|\n|t:|1776150391\n|move|p2a: Venusaur|Sludge Bomb|p1a: Bellibolt\n|-damage|p1a: Bellibolt|56/100\n|-status|p1a: Bellibolt|psn\n|-start|p1a: Bellibolt|Charge|Sludge Bomb|[from] ability: Electromorphosis\n|move|p1a: Bellibolt|Parabolic Charge|p2a: Venusaur\n|-resisted|p2a: Venusaur|1\n|-damage|p2a: Venusaur|45/100\n|-heal|p1a: Bellibolt|63/100 psn|[from] drain|[of] p2a: Venusaur\n|-end|p1a: Bellibolt|Charge|[silent]\n|\n|-damage|p1a: Bellibolt|51/100 psn|[from] psn\n|upkeep\n|turn|35\n|\n|t:|1776150404\n|switch|p2a: Garchomp|Garchomp, L50, F|100/100\n|move|p1a: Bellibolt|Volt Switch|p2a: Garchomp\n|-immune|p2a: Garchomp\n|\n|-damage|p1a: Bellibolt|38/100 psn|[from] psn\n|upkeep\n|turn|36\n|\n|t:|1776150415\n|switch|p1a: Corviknight|Corviknight, L50, F|100/100\n|-ability|p1a: Corviknight|Pressure\n|move|p2a: Garchomp|Earthquake|p1a: Corviknight\n|-immune|p1a: Corviknight\n|\n|upkeep\n|turn|37\n|-message|Mr.Ohkido forfeited.\n|\n|win|kerom.pk\n|raw|Mr.Ohkido's rating: 1312 &rarr; <strong>1291</strong><br />(-21 for losing)\n|raw|kerom.pk's rating: 1288 &rarr; <strong>1315</strong><br />(+27 for winning)\n|l|\u203dMr.Ohkido\n|player|p1|\n|l|\u203dkerom.pk\n|player|p2|\n|l| ayame_pk\n",
  "uploadtime": 1776150476,
  "views": 4,
  "formatid": "gen9championsbssregma",
  "rating": 1291,
  "private": 0,
  "password": null
}