{
  "id": "gen9championsbssregma-2583109666",
  "format": "[Gen 9 Champions] BSS Reg M-A",
  "players": [
    "mathismathin",
    "zaliyeyuan"
  ],
  "log": "|j|\u2606mathismathin\n|j|\u2606zaliyeyuan\n|t:|1776143107\n|gametype|singles\n|player|p1|mathismathin|bugsy-masters|1126\n|player|p2|zaliyeyuan|artist-gen4|1323\n|gen|9\n|tier|[Gen 9 Champions] BSS Reg M-A\n|rated|\n|rule|Species Clause: Limit one of each Pok\u00e9mon\n|rule|Item Clause: Limit 1 of each item\n|clearpoke\n|poke|p1|Aegislash, L50, M|\n|poke|p1|Meganium, L50, F|\n|poke|p1|Sneasler, L50, F|\n|poke|p1|Dragapult, L50, M|\n|poke|p1|Lycanroc-Dusk, L50, M|\n|poke|p1|Tyranitar, L50, F|\n|poke|p2|Starmie, L50|\n|poke|p2|Hydreigon, L50, M|\n|poke|p2|Hippowdon, L50, F|\n|poke|p2|Rotom-Wash, L50|\n|poke|p2|Aegislash, L50, M|\n|poke|p2|Floette-Eternal, L50, F|\n|teampreview|3\n|\n|t:|1776143195\n|teamsize|p1|3\n|teamsize|p2|3\n|start\n|switch|p1a: Sneasler|Sneasler, L50, F|100/100\n|switch|p2a: Hippowdon|Hippowdon, L50, F|100/100\n|-weather|Sandstorm|[from] ability: Sand Stream|[of] p2a: Hippowdon\n|turn|1\n|\n|t:|1776143206\n|move|p1a: Sneasler|U-turn|p2a: Hippowdon\n|-damage|p2a: Hippowdon|84/100\n|-status|p2a: Hippowdon|psn|[from] ability: Poison Touch|[of] p1a: Sneasler\n|\n|t:|1776143210\n|switch|p1a: Tyranitar|Tyranitar, L50, F|100/100|[from] U-turn\n|move|p2a: Hippowdon|Earthquake|p1a: Tyranitar\n|-supereffective|p1a: Tyranitar|1\n|-enditem|p1a: Tyranitar|Shuca Berry|[eat]\n|-enditem|p1a: Tyranitar|Shuca Berry|[weaken]\n|-damage|p1a: Tyranitar|75/100\n|\n|-weather|Sandstorm|[upkeep]\n|-damage|p2a: Hippowdon|72/100 psn|[from] psn\n|upkeep\n|turn|2\n|\n|t:|1776143224\n|move|p1a: Tyranitar|Stealth Rock|p2a: Hippowdon\n|-sidestart|p2: zaliyeyuan|move: Stealth Rock\n|move|p2a: Hippowdon|Earthquake|p1a: Tyranitar\n|-supereffective|p1a: Tyranitar|1\n|-damage|p1a: Tyranitar|26/100\n|\n|-weather|Sandstorm|[upkeep]\n|-damage|p2a: Hippowdon|60/100 psn|[from] psn\n|upkeep\n|turn|3\n|\n|t:|1776143237\n|move|p1a: Tyranitar|Knock Off|p2a: Hippowdon\n|-damage|p2a: Hippowdon|33/100 psn\n|-enditem|p2a: Hippowdon|Sitrus Berry|[from] move: Knock Off|[of] p1a: Tyranitar\n|move|p2a: Hippowdon|Stealth Rock|p1a: Tyranitar\n|-sidestart|p1: mathismathin|move: Stealth Rock\n|\n|-weather|Sandstorm|[upkeep]\n|-damage|p2a: Hippowdon|20/100 psn|[from] psn\n|upkeep\n|turn|4\n|\n|t:|1776143251\n|move|p1a: Tyranitar|Foul Play|p2a: Hippowdon\n|-damage|p2a: Hippowdon|0 fnt\n|faint|p2a: Hippowdon\n|\n|-weather|Sandstorm|[upkeep]\n|upkeep\n|\n|t:|1776143262\n|switch|p2a: Starmie|Starmie, L50, shiny|100/100\n|-damage|p2a: Starmie|88/100|[from] Stealth Rock\n|turn|5\n|\n|t:|1776143271\n|detailschange|p2a: Starmie|Starmie-Mega, L50, shiny\n|-mega|p2a: Starmie|Starmie|Starminite\n|move|p2a: Starmie|Liquidation|p1a: Tyranitar\n|-supereffective|p1a: Tyranitar|1\n|-damage|p1a: Tyranitar|0 fnt\n|faint|p1a: Tyranitar\n|\n|-weather|none\n|upkeep\n|\n|t:|1776143274\n|switch|p1a: Aegislash|Aegislash, L50, M|100/100\n|-damage|p1a: Aegislash|94/100|[from] Stealth Rock\n|turn|6\n|\n|t:|1776143295\n|move|p2a: Starmie|Flip Turn|p1a: Aegislash\n|-damage|p1a: Aegislash|50/100\n|\n|t:|1776143298\n|switch|p2a: Aegislash|Aegislash, L50, M|100/100|[from] Flip Turn\n|-damage|p2a: Aegislash|95/100|[from] Stealth Rock\n|-formechange|p1a: Aegislash|Aegislash-Blade|\n|move|p1a: Aegislash|Poltergeist|p2a: Aegislash\n|-activate|p2a: Aegislash|move: Poltergeist|Spell Tag\n|-supereffective|p2a: Aegislash|1\n|-damage|p2a: Aegislash|0 fnt\n|faint|p2a: Aegislash\n|\n|upkeep\n|\n|t:|1776143309\n|switch|p2a: Starmie|Starmie-Mega, L50, shiny|88/100\n|-damage|p2a: Starmie|76/100|[from] Stealth Rock\n|turn|7\n|\n|t:|1776143327\n|move|p1a: Aegislash|Shadow Sneak|p2a: Starmie\n|-supereffective|p2a: Starmie|1\n|-damage|p2a: Starmie|1/100\n|move|p2a: Starmie|Liquidation|p1a: Aegislash\n|-damage|p1a: Aegislash|0 fnt\n|faint|p1a: Aegislash\n|\n|upkeep\n|\n|t:|1776143332\n|switch|p1a: Sneasler|Sneasler, L50, F|100/100\n|-damage|p1a: Sneasler|95/100|[from] Stealth Rock\n|turn|8\n|\n|t:|1776143338\n|move|p1a: Sneasler|Dire Claw|p2a: Starmie\n|-damage|p2a: Starmie|0 fnt\n|faint|p2a: Starmie\n|\n|win|mathismathin\n|raw|mathismathin's rating: 1178 &rarr; <strong>1213</strong><br />(+35 for winning)\n|raw|zaliyeyuan's rating: 1323 &rarr; <strong>1295</strong><br />(-28 for losing)\n|l|\u2606zaliyeyuan\n|player|p2|\n",
  "uploadtime": 1776143408,
  "views": 2,
  "formatid": "gen9championsbssregma",
  "rating": 1213,
  "private": 0,
  "password": null
}