{
  "id": "gen9championsbssregma-2587991816",
  "format": "[Gen 9 Champions] BSS Reg M-A",
  "players": [
    "joguri",
    "xjdkfkkfkf"
  ],
  "log": "|j|\u2606joguri\n|j|\u2606xjdkfkkfkf\n|t:|1776589818\n|gametype|singles\n|player|p1|joguri|dawn|1146\n|player|p2|xjdkfkkfkf|artist-gen4|1197\n|gen|9\n|tier|[Gen 9 Champions] BSS Reg M-A\n|rated|\n|rule|Species Clause: Limit one of each Pok\u00e9mon\n|rule|Item Clause: Limit 1 of each item\n|clearpoke\n|poke|p1|Clefable, L50, F|\n|poke|p1|Espathra, L50, M|\n|poke|p1|Charizard, L50, F|\n|poke|p1|Hippowdon, L50, M|\n|poke|p1|Rotom-Wash, L50, shiny|\n|poke|p1|Garchomp, L50, M|\n|poke|p2|Whimsicott, L50, M|\n|poke|p2|Dragapult, L50, M|\n|poke|p2|Pelipper, L50, F|\n|poke|p2|Basculegion, L50, M|\n|poke|p2|Salazzle, L50, F|\n|poke|p2|Tauros-Paldea-Blaze, L50, M|\n|teampreview|3\n|inactive|Battle timer is ON: inactive players will automatically lose when time's up. (requested by joguri)\n|\n|t:|1776589846\n|teamsize|p1|3\n|teamsize|p2|3\n|start\n|switch|p1a: Hippowdon|Hippowdon, L50, M|100/100\n|switch|p2a: Salazzle|Salazzle, L50, F|100/100\n|-weather|Sandstorm|[from] ability: Sand Stream|[of] p1a: Hippowdon\n|turn|1\n|\n|t:|1776589862\n|switch|p2a: Pelipper|Pelipper, L50, F|100/100\n|-weather|RainDance|[from] ability: Drizzle|[of] p2a: Pelipper\n|move|p1a: Hippowdon|Stealth Rock|p2a: Pelipper\n|-sidestart|p2: xjdkfkkfkf|move: Stealth Rock\n|\n|-weather|RainDance|[upkeep]\n|upkeep\n|turn|2\n|\n|t:|1776589870\n|move|p2a: Pelipper|Surf|p1a: Hippowdon\n|-supereffective|p1a: Hippowdon|1\n|-damage|p1a: Hippowdon|0 fnt\n|faint|p1a: Hippowdon\n|\n|-weather|RainDance|[upkeep]\n|upkeep\n|\n|t:|1776589877\n|switch|p1a: Espathra|Espathra, L50, M|100/100\n|turn|3\n|\n|t:|1776589884\n|move|p1a: Espathra|Calm Mind|p1a: Espathra\n|-boost|p1a: Espathra|spa|1\n|-boost|p1a: Espathra|spd|1\n|move|p2a: Pelipper|Surf|p1a: Espathra\n|-damage|p1a: Espathra|47/100\n|\n|-weather|RainDance|[upkeep]\n|-heal|p1a: Espathra|53/100|[from] item: Leftovers\n|-ability|p1a: Espathra|Speed Boost|boost\n|-boost|p1a: Espathra|spe|1\n|upkeep\n|turn|4\n|\n|t:|1776589907\n|move|p1a: Espathra|Protect|p1a: Espathra\n|-singleturn|p1a: Espathra|Protect\n|move|p2a: Pelipper|Surf|p1a: Espathra\n|-activate|p1a: Espathra|move: Protect\n|\n|-weather|RainDance|[upkeep]\n|-heal|p1a: Espathra|59/100|[from] item: Leftovers\n|-ability|p1a: Espathra|Speed Boost|boost\n|-boost|p1a: Espathra|spe|1\n|upkeep\n|turn|5\n|\n|t:|1776589916\n|move|p1a: Espathra|Calm Mind|p1a: Espathra\n|-boost|p1a: Espathra|spa|1\n|-boost|p1a: Espathra|spd|1\n|move|p2a: Pelipper|Surf|p1a: Espathra\n|-damage|p1a: Espathra|20/100\n|\n|-weather|none\n|-heal|p1a: Espathra|26/100|[from] item: Leftovers\n|-ability|p1a: Espathra|Speed Boost|boost\n|-boost|p1a: Espathra|spe|1\n|upkeep\n|turn|6\n|\n|t:|1776589927\n|move|p1a: Espathra|Protect|p1a: Espathra\n|-singleturn|p1a: Espathra|Protect\n|move|p2a: Pelipper|Ice Beam|p1a: Espathra\n|-activate|p1a: Espathra|move: Protect\n|\n|-heal|p1a: Espathra|32/100|[from] item: Leftovers\n|-ability|p1a: Espathra|Speed Boost|boost\n|-boost|p1a: Espathra|spe|1\n|upkeep\n|turn|7\n|\n|t:|1776589942\n|move|p1a: Espathra|Baton Pass|p1a: Espathra\n|\n|t:|1776589943\n|switch|p1a: Clefable|Clefable, L50, F|100/100|[from] Baton Pass\n|move|p2a: Pelipper|Ice Beam|p1a: Clefable\n|-damage|p1a: Clefable|86/100\n|\n|upkeep\n|turn|8\n|\n|t:|1776589950\n|move|p1a: Clefable|Cosmic Power|p1a: Clefable\n|-boost|p1a: Clefable|def|1\n|-boost|p1a: Clefable|spd|1\n|move|p2a: Pelipper|Ice Beam|p1a: Clefable\n|-damage|p1a: Clefable|76/100\n|\n|upkeep\n|turn|9\n|\n|t:|1776589957\n|move|p1a: Clefable|Cosmic Power|p1a: Clefable\n|-boost|p1a: Clefable|def|1\n|-boost|p1a: Clefable|spd|1\n|move|p2a: Pelipper|Ice Beam|p1a: Clefable\n|-damage|p1a: Clefable|66/100\n|-status|p1a: Clefable|frz\n|\n|upkeep\n|turn|10\n|\n|t:|1776589966\n|switch|p2a: Dragapult|Dragapult, L50, M|100/100\n|-damage|p2a: Dragapult|88/100|[from] Stealth Rock\n|cant|p1a: Clefable|frz\n|\n|-heal|p2a: Dragapult|94/100|[from] item: Leftovers\n|upkeep\n|turn|11\n|\n|t:|1776589975\n|-curestatus|p1a: Clefable|frz|[msg]\n|move|p1a: Clefable|Cosmic Power|p1a: Clefable\n|-boost|p1a: Clefable|def|1\n|-boost|p1a: Clefable|spd|1\n|move|p2a: Dragapult|Substitute|p2a: Dragapult\n|-start|p2a: Dragapult|Substitute\n|-damage|p2a: Dragapult|69/100\n|\n|-heal|p2a: Dragapult|76/100|[from] item: Leftovers\n|upkeep\n|turn|12\n|\n|t:|1776589987\n|move|p1a: Clefable|Stored Power|p2a: Dragapult\n|-end|p2a: Dragapult|Substitute\n|move|p2a: Dragapult|Dragon Dance|p2a: Dragapult\n|-boost|p2a: Dragapult|atk|1\n|-boost|p2a: Dragapult|spe|1\n|\n|-heal|p2a: Dragapult|82/100|[from] item: Leftovers\n|upkeep\n|turn|13\n|\n|t:|1776589998\n|move|p2a: Dragapult|Phantom Force||[still]\n|-prepare|p2a: Dragapult|Phantom Force\n|move|p1a: Clefable|Stored Power|p2a: Dragapult|[miss]\n|-miss|p1a: Clefable|p2a: Dragapult\n|\n|-heal|p2a: Dragapult|88/100|[from] item: Leftovers\n|upkeep\n|turn|14\n|\n|t:|1776590005\n|move|p2a: Dragapult|Phantom Force|p1a: Clefable|[from] lockedmove\n|-damage|p1a: Clefable|53/100\n|move|p1a: Clefable|Stored Power|p2a: Dragapult\n|-damage|p2a: Dragapult|0 fnt\n|faint|p2a: Dragapult\n|\n|upkeep\n|\n|t:|1776590018\n|switch|p2a: Salazzle|Salazzle, L50, F|100/100\n|-damage|p2a: Salazzle|75/100|[from] Stealth Rock\n|turn|15\n|\n|t:|1776590026\n|detailschange|p1a: Clefable|Clefable-Mega, L50, F\n|-mega|p1a: Clefable|Clefable|Clefablite\n|move|p1a: Clefable|Moonlight|p1a: Clefable\n|-heal|p1a: Clefable|100/100\n|move|p2a: Salazzle|Toxic|p1a: Clefable\n|move|p1a: Clefable|Toxic|p2a: Salazzle|[from] ability: Magic Bounce|[miss]\n|-miss|p1a: Clefable|p2a: Salazzle\n|\n|upkeep\n|turn|16\n|\n|t:|1776590036\n|move|p1a: Clefable|Stored Power|p2a: Salazzle\n|-supereffective|p2a: Salazzle|1\n|-damage|p2a: Salazzle|0 fnt\n|faint|p2a: Salazzle\n|\n|upkeep\n|-message|xjdkfkkfkf forfeited.\n|\n|win|joguri\n|raw|joguri's rating: 1146 &rarr; <strong>1175</strong><br />(+29 for winning)\n|raw|xjdkfkkfkf's rating: 1197 &rarr; <strong>1168</strong><br />(-29 for losing)\n|l|\u2606xjdkfkkfkf\n|player|p2|\n",
  "uploadtime": 1776590042,
  "views": 5,
  "formatid": "gen9championsbssregma",
  "rating": 1168,
  "private": 0,
  "password": null
}