{
  "id": "gen9championsbssregma-2584975735",
  "format": "[Gen 9 Champions] BSS Reg M-A",
  "players": [
    "BandedRae",
    "deokso king"
  ],
  "log": "|j|\u2606BandedRae\n|j|\u2606deokso king\n|t:|1776299804\n|gametype|singles\n|player|p1|BandedRae|1|1225\n|player|p2|deokso king|bellelba|1393\n|gen|9\n|tier|[Gen 9 Champions] BSS Reg M-A\n|rated|\n|rule|Species Clause: Limit one of each Pok\u00e9mon\n|rule|Item Clause: Limit 1 of each item\n|clearpoke\n|poke|p1|Alakazam, L50, M|\n|poke|p1|Starmie, L50|\n|poke|p1|Garchomp, L50, M|\n|poke|p1|Ceruledge, L50, F|\n|poke|p1|Meowscarada, L50, M|\n|poke|p1|Clefable, L50, M|\n|poke|p2|Rotom-Heat, L50|\n|poke|p2|Garchomp, L50, M|\n|poke|p2|Hydreigon, L50, F|\n|poke|p2|Scizor, L50, M|\n|poke|p2|Lopunny, L50, M|\n|poke|p2|Aegislash, L50, M|\n|teampreview|3\n|inactive|Battle timer is ON: inactive players will automatically lose when time's up. (requested by BandedRae)\n|j| p74\n|inactive|BandedRae has 60 seconds left.\n|\n|t:|1776299836\n|teamsize|p1|3\n|teamsize|p2|3\n|start\n|switch|p1a: Meowscarada|Meowscarada, L50, M|100/100\n|switch|p2a: Lopunny|Lopunny, L50, M|100/100\n|turn|1\n|inactive|BandedRae has 30 seconds left.\n|\n|t:|1776299867\n|switch|p1a: Ceruledge|Ceruledge, L50, F|100/100\n|detailschange|p2a: Lopunny|Lopunny-Mega, L50, M\n|-mega|p2a: Lopunny|Lopunny|Lopunnite\n|move|p2a: Lopunny|Fake Out|p1a: Ceruledge\n|-damage|p1a: Ceruledge|68/100\n|-ability|p1a: Ceruledge|Weak Armor|boost\n|-unboost|p1a: Ceruledge|def|1\n|-boost|p1a: Ceruledge|spe|2\n|\n|upkeep\n|turn|2\n|\n|t:|1776299878\n|move|p1a: Ceruledge|Bitter Blade|p2a: Lopunny\n|-damage|p2a: Lopunny|39/100\n|-heal|p1a: Ceruledge|98/100|[from] drain|[of] p2a: Lopunny\n|move|p2a: Lopunny|Close Combat|p1a: Ceruledge\n|-damage|p1a: Ceruledge|0 fnt\n|-unboost|p2a: Lopunny|def|1\n|-unboost|p2a: Lopunny|spd|1\n|faint|p1a: Ceruledge\n|\n|upkeep\n|\n|t:|1776299887\n|switch|p1a: Meowscarada|Meowscarada, L50, M|100/100\n|turn|3\n|\n|t:|1776299903\n|switch|p2a: Aegislash|Aegislash, L50, M|100/100\n|move|p1a: Meowscarada|Knock Off|p2a: Aegislash\n|-start|p1a: Meowscarada|typechange|Dark|[from] ability: Protean\n|-supereffective|p2a: Aegislash|1\n|-damage|p2a: Aegislash|20/100\n|-enditem|p2a: Aegislash|Sitrus Berry|[from] move: Knock Off|[of] p1a: Meowscarada\n|\n|upkeep\n|turn|4\n|\n|t:|1776299912\n|-formechange|p2a: Aegislash|Aegislash-Blade|\n|move|p2a: Aegislash|Shadow Sneak|p1a: Meowscarada\n|-resisted|p1a: Meowscarada|1\n|-damage|p1a: Meowscarada|80/100\n|move|p1a: Meowscarada|Knock Off|p2a: Aegislash\n|-supereffective|p2a: Aegislash|1\n|-damage|p2a: Aegislash|0 fnt\n|faint|p2a: Aegislash\n|\n|upkeep\n|\n|t:|1776299930\n|switch|p2a: Lopunny|Lopunny-Mega, L50, M|39/100\n|turn|5\n|\n|t:|1776299934\n|move|p2a: Lopunny|Fake Out|p1a: Meowscarada\n|-damage|p1a: Meowscarada|46/100\n|cant|p1a: Meowscarada|flinch\n|\n|upkeep\n|turn|6\n|\n|t:|1776299938\n|move|p1a: Meowscarada|Knock Off|p2a: Lopunny\n|-resisted|p2a: Lopunny|1\n|-damage|p2a: Lopunny|20/100\n|move|p2a: Lopunny|U-turn|p1a: Meowscarada\n|-supereffective|p1a: Meowscarada|1\n|-damage|p1a: Meowscarada|0 fnt\n|faint|p1a: Meowscarada\n|\n|t:|1776299942\n|switch|p2a: Hydreigon|Hydreigon, L50, F|100/100|[from] U-turn\n|\n|upkeep\n|\n|t:|1776299948\n|switch|p1a: Alakazam|Alakazam, L50, M|100/100\n|turn|7\n|\n|t:|1776299954\n|detailschange|p1a: Alakazam|Alakazam-Mega, L50, M\n|-mega|p1a: Alakazam|Alakazam|Alakazite\n|-ability|p1a: Alakazam|Levitate|Trace|[from] ability: Trace|[of] p2a: Hydreigon\n|move|p2a: Hydreigon|Dark Pulse|p1a: Alakazam\n|-supereffective|p1a: Alakazam|1\n|-damage|p1a: Alakazam|0 fnt\n|faint|p1a: Alakazam\n|\n|win|deokso king\n|raw|BandedRae's rating: 1225 &rarr; <strong>1211</strong><br />(-14 for losing)\n|raw|deokso king's rating: 1393 &rarr; <strong>1404</strong><br />(+11 for winning)\n|l|\u2606deokso king\n|player|p2|\n|l|\u2606BandedRae\n|player|p1|\n",
  "uploadtime": 1776299975,
  "views": 7,
  "formatid": "gen9championsbssregma",
  "rating": 1211,
  "private": 0,
  "password": null
}