{
  "id": "gen9championsbssregma-2581350353",
  "format": "[Gen 9 Champions] BSS Reg M-A",
  "players": [
    "bbbjjs123",
    "pacmaster000"
  ],
  "log": "|j|\u2606bbbjjs123\n|j|\u2606pacmaster000\n|t:|1775990269\n|gametype|singles\n|player|p1|bbbjjs123|bugcatcher-gen4dp|1045\n|player|p2|pacmaster000|scientist-gen4dp|1145\n|gen|9\n|tier|[Gen 9 Champions] BSS Reg M-A\n|rated|\n|rule|Species Clause: Limit one of each Pok\u00e9mon\n|rule|Item Clause: Limit 1 of each item\n|clearpoke\n|poke|p1|Corviknight, L50, M|\n|poke|p1|Primarina, L50, F|\n|poke|p1|Mimikyu, L50, F|\n|poke|p1|Charizard, L50, M|\n|poke|p1|Beedrill, L50, M|\n|poke|p1|Lycanroc-Dusk, L50, M|\n|poke|p2|Sinistcha, L50|\n|poke|p2|Froslass, L50, F|\n|poke|p2|Rotom-Wash, L50|\n|poke|p2|Garchomp, L50, M|\n|poke|p2|Kingambit, L50, M|\n|poke|p2|Mimikyu, L50, M|\n|teampreview|3\n|\n|t:|1775990288\n|teamsize|p1|3\n|teamsize|p2|3\n|start\n|switch|p1a: Lycanroc|Lycanroc-Dusk, L50, M|100/100\n|switch|p2a: Rotom|Rotom-Wash, L50|100/100\n|turn|1\n|\n|t:|1775990297\n|move|p1a: Lycanroc|Stealth Rock|p2a: Rotom\n|-sidestart|p2: pacmaster000|move: Stealth Rock\n|move|p2a: Rotom|Will-O-Wisp|p1a: Lycanroc\n|-status|p1a: Lycanroc|brn\n|\n|-damage|p1a: Lycanroc|95/100 brn|[from] brn\n|upkeep\n|turn|2\n|\n|t:|1775990307\n|move|p1a: Lycanroc|Accelerock|p2a: Rotom\n|-damage|p2a: Rotom|89/100\n|move|p2a: Rotom|Hydro Pump|p1a: Lycanroc\n|-supereffective|p1a: Lycanroc|1\n|-damage|p1a: Lycanroc|0 fnt\n|faint|p1a: Lycanroc\n|\n|-heal|p2a: Rotom|95/100|[from] item: Leftovers\n|upkeep\n|\n|t:|1775990317\n|switch|p1a: Mimikyu|Mimikyu, L50, F|100/100\n|turn|3\n|\n|t:|1775990324\n|move|p1a: Mimikyu|Curse|p2a: Rotom\n|-start|p2a: Rotom|Curse|[of] p1a: Mimikyu\n|-damage|p1a: Mimikyu|50/100\n|move|p2a: Rotom|Will-O-Wisp|p1a: Mimikyu\n|-status|p1a: Mimikyu|brn\n|-enditem|p1a: Mimikyu|Lum Berry|[eat]\n|-curestatus|p1a: Mimikyu|brn|[msg]\n|\n|-heal|p2a: Rotom|100/100|[from] item: Leftovers\n|-damage|p2a: Rotom|76/100|[from] Curse\n|upkeep\n|turn|4\n|\n|t:|1775990339\n|move|p1a: Mimikyu|Play Rough|p2a: Rotom\n|-damage|p2a: Rotom|41/100\n|move|p2a: Rotom|Will-O-Wisp|p1a: Mimikyu\n|-status|p1a: Mimikyu|brn\n|\n|-heal|p2a: Rotom|47/100|[from] item: Leftovers\n|-damage|p1a: Mimikyu|44/100 brn|[from] brn\n|-damage|p2a: Rotom|22/100|[from] Curse\n|upkeep\n|turn|5\n|\n|t:|1775990352\n|switch|p1a: Beedrill|Beedrill, L50, M|100/100\n|switch|p2a: Kingambit|Kingambit, L50, M|100/100\n|-damage|p2a: Kingambit|95/100|[from] Stealth Rock\n|\n|upkeep\n|turn|6\n|\n|t:|1775990366\n|detailschange|p1a: Beedrill|Beedrill-Mega, L50, M\n|-mega|p1a: Beedrill|Beedrill|Beedrillite\n|move|p1a: Beedrill|Drill Run|p2a: Kingambit\n|-supereffective|p2a: Kingambit|1\n|-damage|p2a: Kingambit|50/100\n|move|p2a: Kingambit|Iron Head|p1a: Beedrill\n|-damage|p1a: Beedrill|0 fnt\n|faint|p1a: Beedrill\n|\n|upkeep\n|-message|bbbjjs123 forfeited.\n|\n|win|pacmaster000\n|raw|bbbjjs123's rating: 1045 &rarr; <strong>1033</strong><br />(-12 for losing)\n|raw|pacmaster000's rating: 1145 &rarr; <strong>1163</strong><br />(+18 for winning)\n|l|\u2606bbbjjs123\n|player|p1|\n",
  "uploadtime": 1775990380,
  "views": 11,
  "formatid": "gen9championsbssregma",
  "rating": 1033,
  "private": 0,
  "password": null
}