{
  "id": "gen9championsbssregma-2588534134",
  "format": "[Gen 9 Champions] BSS Reg M-A",
  "players": [
    "CarbonLifeform456",
    "maxou1239"
  ],
  "log": "|j|\u2606CarbonLifeform456\n|j|\u2606maxou1239\n|inactive|Battle timer is ON: inactive players will automatically lose when time's up.\n|t:|1776642465\n|gametype|singles\n|player|p1|CarbonLifeform456|1|\n|player|p2|maxou1239|unknown|\n|gen|9\n|tier|[Gen 9 Champions] BSS Reg M-A\n|rated|Tournament battle\n|rule|Species Clause: Limit one of each Pok\u00e9mon\n|rule|Item Clause: Limit 1 of each item\n|clearpoke\n|poke|p1|Venusaur, L50, F|\n|poke|p1|Rotom-Wash, L50|\n|poke|p1|Corviknight, L50, F|\n|poke|p1|Meowscarada, L50, F|\n|poke|p1|Snorlax, L50, F|\n|poke|p1|Delphox, L50, F|\n|poke|p2|Charizard, L50, M|\n|poke|p2|Garchomp, L50, M|\n|poke|p2|Floette-Eternal, L50, F|\n|poke|p2|Hatterene, L50, F|\n|poke|p2|Kingambit, L50, M|\n|poke|p2|Basculegion, L50, M|\n|teampreview|3\n|inactive|CarbonLifeform456 also wants the timer to be on.\n|j| land12345vgc\n|inactive|CarbonLifeform456 has 60 seconds left.\n|inactive|maxou1239 has 60 seconds left.\n|j| gennobi\n|\n|t:|1776642522\n|teamsize|p1|3\n|teamsize|p2|3\n|start\n|switch|p1a: Rotom|Rotom-Wash, L50|100/100\n|switch|p2a: Garchomp|Garchomp, L50, M|100/100\n|turn|1\n|l| land12345vgc\n|\n|t:|1776642533\n|move|p1a: Rotom|Trick|p2a: Garchomp\n|-activate|p1a: Rotom|move: Trick|[of] p2a: Garchomp\n|-item|p2a: Garchomp|Choice Scarf|[from] move: Trick\n|-item|p1a: Rotom|Focus Sash|[from] move: Trick\n|move|p2a: Garchomp|Stealth Rock|p1a: Rotom\n|-sidestart|p1: CarbonLifeform456|move: Stealth Rock\n|\n|upkeep\n|turn|2\n|\n|t:|1776642543\n|switch|p2a: Kingambit|Kingambit, L50, M|100/100\n|move|p1a: Rotom|Hydro Pump|p2a: Kingambit\n|-damage|p2a: Kingambit|51/100\n|\n|upkeep\n|turn|3\n|\n|t:|1776642554\n|-end|p2a: Kingambit|fallenundefined|[silent]\n|switch|p2a: Garchomp|Garchomp, L50, M|100/100\n|move|p1a: Rotom|Thunderbolt|p2a: Garchomp\n|-immune|p2a: Garchomp\n|\n|upkeep\n|turn|4\n|\n|t:|1776642568\n|move|p2a: Garchomp|Outrage|p1a: Rotom\n|-damage|p1a: Rotom|11/100\n|move|p1a: Rotom|Hydro Pump|p2a: Garchomp\n|-damage|p2a: Garchomp|50/100\n|\n|upkeep\n|turn|5\n|\n|t:|1776642588\n|switch|p1a: Corviknight|Corviknight, L50, F|100/100\n|-damage|p1a: Corviknight|88/100|[from] Stealth Rock\n|-ability|p1a: Corviknight|Pressure\n|move|p2a: Garchomp|Outrage|p1a: Corviknight|[from] lockedmove\n|-resisted|p1a: Corviknight|1\n|-damage|p1a: Corviknight|68/100\n|\n|upkeep\n|turn|6\n|\n|t:|1776642596\n|move|p2a: Garchomp|Outrage|p1a: Corviknight|[from] lockedmove\n|-resisted|p1a: Corviknight|1\n|-damage|p1a: Corviknight|47/100\n|-enditem|p1a: Corviknight|Sitrus Berry|[eat]\n|-heal|p1a: Corviknight|72/100|[from] item: Sitrus Berry\n|-start|p2a: Garchomp|confusion|[fatigue]\n|move|p1a: Corviknight|Iron Defense|p1a: Corviknight\n|-boost|p1a: Corviknight|def|2\n|\n|upkeep\n|turn|7\n|\n|t:|1776642606\n|switch|p2a: Charizard|Charizard, L50, M|100/100\n|move|p1a: Corviknight|Body Press|p2a: Charizard\n|-resisted|p2a: Charizard|1\n|-damage|p2a: Charizard|69/100\n|\n|upkeep\n|turn|8\n|\n|t:|1776642615\n|switch|p1a: Rotom|Rotom-Wash, L50|11/100\n|-damage|p1a: Rotom|0 fnt|[from] Stealth Rock\n|faint|p1a: Rotom\n|detailschange|p2a: Charizard|Charizard-Mega-Y, L50, M\n|-mega|p2a: Charizard|Charizard|Charizardite Y\n|-weather|SunnyDay|[from] ability: Drought|[of] p2a: Charizard\n|move|p2a: Charizard|Flame Charge|p1: Rotom|[notarget]\n|-fail|p2a: Charizard\n|\n|-weather|SunnyDay|[upkeep]\n|upkeep\n|\n|t:|1776642617\n|switch|p1a: Venusaur|Venusaur, L50, F|100/100\n|-damage|p1a: Venusaur|88/100|[from] Stealth Rock\n|turn|9\n|\n|t:|1776642625\n|detailschange|p1a: Venusaur|Venusaur-Mega, L50, F\n|-mega|p1a: Venusaur|Venusaur|Venusaurite\n|move|p2a: Charizard|Flame Charge|p1a: Venusaur\n|-supereffective|p1a: Venusaur|1\n|-damage|p1a: Venusaur|69/100\n|-boost|p2a: Charizard|spe|1\n|move|p1a: Venusaur|Sludge Wave|p2a: Charizard\n|-damage|p2a: Charizard|31/100\n|\n|-weather|SunnyDay|[upkeep]\n|upkeep\n|turn|10\n|\n|t:|1776642634\n|move|p2a: Charizard|Air Slash|p1a: Venusaur\n|-supereffective|p1a: Venusaur|1\n|-damage|p1a: Venusaur|0 fnt\n|faint|p1a: Venusaur\n|\n|-weather|SunnyDay|[upkeep]\n|upkeep\n|\n|t:|1776642636\n|switch|p1a: Corviknight|Corviknight, L50, F|72/100\n|-damage|p1a: Corviknight|60/100|[from] Stealth Rock\n|-ability|p1a: Corviknight|Pressure\n|turn|11\n|-message|CarbonLifeform456 forfeited.\n|\n|win|maxou1239\n|n|\u2606CarbonLifeform456|carbonlifeform456\n|n|\u2606maxou1239|maxou1239\n|n| gennobi|gennobi\n",
  "uploadtime": 1776642638,
  "views": 3,
  "formatid": "gen9championsbssregma",
  "rating": null,
  "private": 0,
  "password": null
}